|join|Tom Bus
|join|Rob
|player|p1|Tom Bus|142
|player|p2|Rob|146
|gametype|singles
|gen|6
|tier|OU
|clearpoke
|poke|p1|Slowbro, M
|poke|p1|Latios, M
|poke|p1|Landorus-Therian, M
|poke|p1|Ferrothorn, F
|poke|p1|Alakazam, F
|poke|p1|Bisharp, M
|poke|p2|Tyranitar, M
|poke|p2|Garchomp, F
|poke|p2|Keldeo
|poke|p2|Latios, M
|poke|p2|Azumarill, M
|poke|p2|Metagross
|rule|Swagger Clause: Swagger is banned
|rule|Baton Pass Clause: Limit one PokÃ©mon knowing Baton Pass
|rule|Sleep Clause Mod: Limit one foe put to sleep
|rule|Species Clause: Limit one of each PokÃ©mon
|rule|OHKO Clause: OHKO moves are banned
|rule|Moody Clause: Moody is banned
|rule|Evasion Moves Clause: Evasion moves are banned
|rule|Endless Battle Clause: Forcing endless battles is banned
|rule|HP Percentage Mod: HP is shown in percentages
|teampreview
|join|Mack bus
|c|âRob|hf
|c|âTom Bus|you too
|
|start
|switch|p1a: Landorut|Landorus-Therian, M|319\/319
|switch|p2a: Tyranitar|Tyranitar, M|342\/342
|-ability|p1a: Landorut|Intimidate|[of] p2a: Tyranitar
|-unboost|p2a: Tyranitar|atk|1
|-weather|Sandstorm
|turn|1
|
|move|p1a: Landorut|Earthquake|p2a: Tyranitar
|-supereffective|p2a: Tyranitar
|-enditem|p2a: Tyranitar|Focus Sash
|-damage|p2a: Tyranitar|1\/342
|move|p2a: Tyranitar|Ice Beam|p1a: Landorut
|-crit|p1a: Landorut
|-supereffective|p1a: Landorut
|-damage|p1a: Landorut|0 fnt
|faint|p1a: Landorut
|
|-weather|Sandstorm|[upkeep]
|
|switch|p1a: Facial HAURGH|Alakazam, F|251\/251
|turn|2
|
|detailschange|p1a: Facial HAURGH|Alakazam-Mega, F
|-mega|p1a: Facial HAURGH|Alakazam|Alakazite
|-ability|p1a: Facial HAURGH|Sand Stream|[from] ability: Trace|[of] p2a: Tyranitar
|move|p1a: Facial HAURGH|Shadow Ball|p2a: Tyranitar
|-resisted|p2a: Tyranitar
|-damage|p2a: Tyranitar|0 fnt
|faint|p2a: Tyranitar
|
|-weather|Sandstorm|[upkeep]
|-damage|p1a: Facial HAURGH|236\/251|[from] sandstorm
|
|switch|p2a: Azumarill|Azumarill, M|364\/364
|turn|3
|
|switch|p1a: Bruddah|Slowbro, M|394\/394
|move|p2a: Azumarill|Belly Drum|p2a: Azumarill
|-damage|p2a: Azumarill|182\/364
|-setboost|p2a: Azumarill|atk|6|[from] move: Belly Drum
|-enditem|p2a: Azumarill|Sitrus Berry|[eat]
|-heal|p2a: Azumarill|273\/364|[from] item: Sitrus Berry
|
|-weather|Sandstorm|[upkeep]
|-damage|p2a: Azumarill|251\/364|[from] sandstorm
|-damage|p1a: Bruddah|370\/394|[from] sandstorm
|-heal|p1a: Bruddah|394\/394|[from] item: Leftovers
|turn|4
|
|switch|p1a: Pad Priks|Ferrothorn, F|352\/352
|move|p2a: Azumarill|Knock Off|p1a: Pad Priks
|-damage|p1a: Pad Priks|0 fnt
|-damage|p2a: Azumarill|206\/364|[from] ability: Iron Barbs|[of] p1a: Pad Priks
|-enditem|p1a: Pad Priks|Leftovers|[from] move: Knock Off|[of] p2a: Azumarill
|faint|p1a: Pad Priks
|
|-weather|Sandstorm|[upkeep]
|-damage|p2a: Azumarill|184\/364|[from] sandstorm
|
|switch|p1a: Latam|Latios, M|301\/301
|turn|5
|
|move|p2a: Azumarill|Aqua Jet|p1a: Latam
|-resisted|p1a: Latam
|-damage|p1a: Latam|109\/301
|move|p1a: Latam|Psyshock|p2a: Azumarill
|-damage|p2a: Azumarill|0 fnt
|-damage|p1a: Latam|79\/301|[from] item: Life Orb
|faint|p2a: Azumarill
|
|-weather|none
|
|switch|p2a: Metagross|Metagross|305\/305
|turn|6
|
|switch|p1a: Bruddah|Slowbro, M|394\/394
|detailschange|p2a: Metagross|Metagross-Mega
|-mega|p2a: Metagross|Metagross|Metagrossite
|move|p2a: Metagross|Meteor Mash|p1a: Bruddah
|-resisted|p1a: Bruddah
|-damage|p1a: Bruddah|315\/394
|
|-heal|p1a: Bruddah|339\/394|[from] item: Leftovers
|turn|7
|
|switch|p2a: Latios|Latios, M|301\/301
|move|p1a: Bruddah|Thunder Wave|p2a: Latios
|-status|p2a: Latios|par
|
|-heal|p1a: Bruddah|363\/394|[from] item: Leftovers
|turn|8
|
|switch|p1a: The halves|Bisharp, M|271\/271
|move|p2a: Latios|Earthquake|p1a: The halves
|-supereffective|p1a: The halves
|-damage|p1a: The halves|79\/271
|-damage|p2a: Latios|271\/301 par|[from] item: Life Orb
|
|turn|9
|
|move|p1a: The halves|Knock Off|p2a: Latios
|-crit|p2a: Latios
|-supereffective|p2a: Latios
|-damage|p2a: Latios|0 fnt
|-enditem|p2a: Latios|Life Orb|[from] move: Knock Off|[of] p1a: The halves
|-damage|p1a: The halves|52\/271|[from] item: Life Orb
|faint|p2a: Latios
|
|
|switch|p2a: Keldeo|Keldeo|323\/323
|turn|10
|
|move|p2a: Keldeo|Hydro Pump|p1a: The halves|[miss]
|-miss|p2a: Keldeo|p1a: The halves
|move|p1a: The halves|Knock Off|p2a: Keldeo
|-resisted|p2a: Keldeo
|-damage|p2a: Keldeo|181\/323
|-boost|p2a: Keldeo|atk|1|[from] ability: Justified
|-enditem|p2a: Keldeo|Choice Scarf|[from] move: Knock Off|[of] p1a: The halves
|-damage|p1a: The halves|25\/271|[from] item: Life Orb
|
|turn|11
|c|âRob|fck
|c|âRob|i canceld
|c|âRob|lmao
|c|âRob|wtf
|c|âTom Bus|sorry
|c|âTom Bus|PS is kind of laggy :[
|c|âRob|damn
|
|switch|p1a: Bruddah|Slowbro, M|394\/394
|move|p2a: Keldeo|Secret Sword|p1a: Bruddah
|-resisted|p1a: Bruddah
|-damage|p1a: Bruddah|343\/394
|
|-heal|p1a: Bruddah|367\/394|[from] item: Leftovers
|turn|12
|c|âRob|fck
|c|âRob|that was it
|c|âTom Bus|?
|
|move|p2a: Keldeo|Scald|p1a: Bruddah
|-resisted|p1a: Bruddah
|-damage|p1a: Bruddah|280\/394
|move|p1a: Bruddah|Scald|p2a: Keldeo
|-resisted|p2a: Keldeo
|-damage|p2a: Keldeo|128\/323
|
|-heal|p1a: Bruddah|304\/394|[from] item: Leftovers
|turn|13
|c|âRob|i cant win now
|
|move|p2a: Keldeo|Scald|p1a: Bruddah
|-resisted|p1a: Bruddah
|-damage|p1a: Bruddah|217\/394
|-status|p1a: Bruddah|brn
|move|p1a: Bruddah|Thunder Wave|p2a: Keldeo
|-status|p2a: Keldeo|par
|
|-heal|p1a: Bruddah|241\/394 brn|[from] item: Leftovers
|-damage|p1a: Bruddah|192\/394 brn|[from] brn
|turn|14
|
|move|p1a: Bruddah|Slack Off|p1a: Bruddah
|-heal|p1a: Bruddah|389\/394 brn
|cant|p2a: Keldeo|par
|
|-heal|p1a: Bruddah|394\/394 brn|[from] item: Leftovers
|-damage|p1a: Bruddah|345\/394 brn|[from] brn
|turn|15
|
|move|p1a: Bruddah|Scald|p2a: Keldeo
|-resisted|p2a: Keldeo
|-damage|p2a: Keldeo|79\/323 par
|move|p2a: Keldeo|Scald|p1a: Bruddah
|-resisted|p1a: Bruddah
|-damage|p1a: Bruddah|254\/394 brn
|
|-heal|p1a: Bruddah|278\/394 brn|[from] item: Leftovers
|-damage|p1a: Bruddah|229\/394 brn|[from] brn
|turn|16
|
|move|p1a: Bruddah|Scald|p2a: Keldeo
|-resisted|p2a: Keldeo
|-damage|p2a: Keldeo|31\/323 par
|move|p2a: Keldeo|Hydro Pump|p1a: Bruddah|[miss]
|-miss|p2a: Keldeo|p1a: Bruddah
|
|-heal|p1a: Bruddah|253\/394 brn|[from] item: Leftovers
|-damage|p1a: Bruddah|204\/394 brn|[from] brn
|turn|17
|
|move|p1a: Bruddah|Slack Off|p1a: Bruddah
|-heal|p1a: Bruddah|394\/394 brn
|move|p2a: Keldeo|Hydro Pump|p1a: Bruddah
|-resisted|p1a: Bruddah
|-damage|p1a: Bruddah|284\/394 brn
|
|-heal|p1a: Bruddah|308\/394 brn|[from] item: Leftovers
|-damage|p1a: Bruddah|259\/394 brn|[from] brn
|turn|18
|
|move|p1a: Bruddah|Slack Off|p1a: Bruddah
|-heal|p1a: Bruddah|394\/394 brn
|move|p2a: Keldeo|Hydro Pump|p1a: Bruddah|[miss]
|-miss|p2a: Keldeo|p1a: Bruddah
|
|-damage|p1a: Bruddah|345\/394 brn|[from] brn
|turn|19
|join|Jefo
|
|move|p1a: Bruddah|Scald|p2a: Keldeo
|-resisted|p2a: Keldeo
|-damage|p2a: Keldeo|0 fnt
|faint|p2a: Keldeo
|
|-heal|p1a: Bruddah|369\/394 brn|[from] item: Leftovers
|-damage|p1a: Bruddah|320\/394 brn|[from] brn
|
|switch|p2a: Garchomp|Garchomp, F|357\/357
|turn|20
|
|move|p2a: Garchomp|Swords Dance|p2a: Garchomp
|-boost|p2a: Garchomp|atk|2
|move|p1a: Bruddah|Scald|p2a: Garchomp
|-damage|p2a: Garchomp|248\/357
|
|-heal|p1a: Bruddah|344\/394 brn|[from] item: Leftovers
|-damage|p1a: Bruddah|295\/394 brn|[from] brn
|turn|21
|
|switch|p1a: The halves|Bisharp, M|25\/271
|move|p2a: Garchomp|Earthquake|p1a: The halves
|-supereffective|p1a: The halves
|-damage|p1a: The halves|0 fnt
|faint|p1a: The halves
|
|
|switch|p1a: Latam|Latios, M|79\/301
|turn|22
|
|move|p1a: Latam|Hidden Power|p2a: Garchomp
|-resisted|p2a: Garchomp
|-damage|p2a: Garchomp|193\/357
|-damage|p1a: Latam|49\/301|[from] item: Life Orb
|move|p2a: Garchomp|Outrage|p1a: Latam
|-supereffective|p1a: Latam
|-damage|p1a: Latam|0 fnt
|faint|p1a: Latam
|
|
|switch|p1a: Facial HAURGH|Alakazam-Mega, F|236\/251
|-ability|p1a: Facial HAURGH|Rough Skin|[from] ability: Trace|[of] p2a: Garchomp
|turn|23
|c|âRob|min
|c|âRob|roll pls
|c|âTom Bus|it still KOs
|
|move|p1a: Facial HAURGH|Psychic|p2a: Garchomp
|-damage|p2a: Garchomp|0 fnt
|faint|p2a: Garchomp
|
|c|âRob|o
|
|switch|p2a: Metagross|Metagross-Mega|305\/305
|turn|24
|
|move|p1a: Facial HAURGH|Shadow Ball|p2a: Metagross
|-supereffective|p2a: Metagross
|-damage|p2a: Metagross|83\/305
|move|p2a: Metagross|Meteor Mash|p1a: Facial HAURGH
|-crit|p1a: Facial HAURGH
|-damage|p1a: Facial HAURGH|0 fnt
|-damage|p2a: Metagross|45\/305|[from] ability: Rough Skin|[of] p1a: Facial HAURGH
|faint|p1a: Facial HAURGH
|
|c|âTom Bus|ah, nice rough skin
|
|switch|p1a: Bruddah|Slowbro, M|394\/394 brn
|turn|25
|
|move|p2a: Metagross|Zen Headbutt|p1a: Bruddah
|-resisted|p1a: Bruddah
|-damage|p1a: Bruddah|321\/394 brn
|move|p1a: Bruddah|Scald|p2a: Metagross
|-crit|p2a: Metagross
|-damage|p2a: Metagross|0 fnt
|faint|p2a: Metagross
|
|win|Tom Bus
|c|âRob|gg
|c|âTom Bus|gg
|c|âTom Bus|sorry for hax
|leave|Mack bus
|c|âRob|its ok