|join|Tom Bus
|join|obii
|player|p1|Tom Bus|142
|player|p2|obii|80
|gametype|singles
|gen|6
|tier|OU (suspect test)
|rated
|clearpoke
|poke|p1|Scizor, F
|poke|p1|Charizard, M
|poke|p1|Rotom-Wash
|poke|p1|Tyranitar, F
|poke|p1|Zapdos
|poke|p1|Landorus, M
|poke|p2|Infernape, F
|poke|p2|Keldeo
|poke|p2|Metagross
|poke|p2|Bisharp, F
|poke|p2|Thundurus, M
|poke|p2|Dragonite, M
|rule|Swagger Clause: Swagger is banned
|rule|Baton Pass Clause: Limit one PokÃ©mon knowing Baton Pass
|rule|Sleep Clause Mod: Limit one foe put to sleep
|rule|Species Clause: Limit one of each PokÃ©mon
|rule|OHKO Clause: OHKO moves are banned
|rule|Moody Clause: Moody is banned
|rule|Evasion Moves Clause: Evasion moves are banned
|rule|Endless Battle Clause: Forcing endless battles is banned
|rule|HP Percentage Mod: HP is shown in percentages
|teampreview
|join|bic wahn
|
|start
|switch|p1a: Peanuts|Rotom-Wash|304\/304
|switch|p2a: Infernape|Infernape, F|293\/293
|turn|1
|
|move|p2a: Infernape|Stealth Rock|p1a: Peanuts
|-sidestart|p1: Tom Bus|move: Stealth Rock
|move|p1a: Peanuts|Volt Switch|p2a: Infernape
|-damage|p2a: Infernape|167\/293
|
|switch|p1a: Can't stop the bus|Landorus, M|319\/319
|-damage|p1a: Can't stop the bus|280\/319|[from] Stealth Rock
|
|turn|2
|
|move|p1a: Can't stop the bus|Stone Edge|p2a: Infernape|[miss]
|-miss|p1a: Can't stop the bus|p2a: Infernape
|move|p2a: Infernape|Fire Blast|p1a: Can't stop the bus
|-damage|p1a: Can't stop the bus|96\/319
|-status|p1a: Can't stop the bus|brn
|
|-damage|p1a: Can't stop the bus|57\/319 brn|[from] brn
|turn|3
|c|âobii|sorry
|join|pistolero
|c|âTom Bus|:[
|
|switch|p1a: Peanuts|Rotom-Wash|304\/304
|-damage|p1a: Peanuts|266\/304|[from] Stealth Rock
|switch|p2a: Metagross|Metagross|301\/301
|
|-heal|p1a: Peanuts|285\/304|[from] item: Leftovers
|turn|4
|
|switch|p2a: Infernape|Infernape, F|167\/293
|move|p1a: Peanuts|Will-O-Wisp|p2a: Infernape
|-fail|p2a: Infernape
|
|-heal|p1a: Peanuts|304\/304|[from] item: Leftovers
|turn|5
|
|move|p2a: Infernape|Close Combat|p1a: Peanuts
|-damage|p1a: Peanuts|177\/304
|-unboost|p2a: Infernape|def|1
|-unboost|p2a: Infernape|spd|1
|move|p1a: Peanuts|Hydro Pump|p2a: Infernape
|-supereffective|p2a: Infernape
|-damage|p2a: Infernape|0 fnt
|faint|p2a: Infernape
|
|-heal|p1a: Peanuts|196\/304|[from] item: Leftovers
|join|Paul Walkers Ghost
|
|switch|p2a: Bisharp|Bisharp, F|271\/271
|turn|6
|c|âobii|misclick
|
|move|p2a: Bisharp|Knock Off|p1a: Peanuts
|-damage|p1a: Peanuts|40\/304
|-enditem|p1a: Peanuts|Leftovers|[from] move: Knock Off|[of] p2a: Bisharp
|-damage|p2a: Bisharp|244\/271|[from] item: Life Orb
|move|p1a: Peanuts|Will-O-Wisp|p2a: Bisharp
|-status|p2a: Bisharp|brn
|
|-damage|p2a: Bisharp|211\/271 brn|[from] brn
|turn|7
|c| Paul Walkers Ghost|I spy a homo
|c| Paul Walkers Ghost|\/me locates Pistolera
|
|move|p2a: Bisharp|Knock Off|p1a: Peanuts
|-damage|p1a: Peanuts|0 fnt
|-damage|p2a: Bisharp|184\/271 brn|[from] item: Life Orb
|faint|p1a: Peanuts
|
|-damage|p2a: Bisharp|151\/271 brn|[from] brn
|
|switch|p1a: Ten Feet bus|Zapdos|384\/384
|-damage|p1a: Ten Feet bus|288\/384|[from] Stealth Rock
|-ability|p1a: Ten Feet bus|Pressure
|turn|8
|
|move|p2a: Bisharp|Sucker Punch|p1a: Ten Feet bus
|-fail|p1a: Ten Feet bus
|move|p1a: Ten Feet bus|Defog|p2a: Bisharp
|-unboost|p2a: Bisharp|evasion|1
|-boost|p2a: Bisharp|atk|2|[from] ability: Defiant
|-sideend|p1: Tom Bus|Stealth Rock|[from] move: Defog|[of] p1a: Ten Feet bus
|
|-heal|p1a: Ten Feet bus|312\/384|[from] item: Leftovers
|-damage|p2a: Bisharp|118\/271 brn|[from] brn
|turn|9
|
|move|p2a: Bisharp|Sucker Punch|p1a: Ten Feet bus
|-damage|p1a: Ten Feet bus|121\/384
|-damage|p2a: Bisharp|91\/271 brn|[from] item: Life Orb
|move|p1a: Ten Feet bus|Heat Wave|p2a: Bisharp
|-supereffective|p2a: Bisharp
|-damage|p2a: Bisharp|0 fnt
|faint|p2a: Bisharp
|
|-heal|p1a: Ten Feet bus|145\/384|[from] item: Leftovers
|c| Paul Walkers Ghost|Pistolera is sooo gay that he has the easter treasure hunt take place in his anus each year
|
|switch|p2a: Thundurus|Thundurus, M|299\/299
|turn|10
|
|switch|p1a: Can't stop the bus|Landorus, M|57\/319 brn
|move|p2a: Thundurus|Thunderbolt|p1a: Can't stop the bus
|-immune|p1a: Can't stop the bus|[msg]
|
|-damage|p1a: Can't stop the bus|18\/319 brn|[from] brn
|turn|11
|leave|Paul Walkers Ghost
|
|switch|p2a: Keldeo|Keldeo|323\/323
|move|p1a: Can't stop the bus|Knock Off|p2a: Keldeo
|-resisted|p2a: Keldeo
|-damage|p2a: Keldeo|291\/323
|-boost|p2a: Keldeo|atk|1|[from] ability: Justified
|-enditem|p2a: Keldeo|Choice Specs|[from] move: Knock Off|[of] p1a: Can't stop the bus
|
|-damage|p1a: Can't stop the bus|0 fnt|[from] brn
|faint|p1a: Can't stop the bus
|
|switch|p1a: Ten Feet bus|Zapdos|145\/384
|-ability|p1a: Ten Feet bus|Pressure
|turn|12
|
|move|p2a: Keldeo|Icy Wind|p1a: Ten Feet bus
|-supereffective|p1a: Ten Feet bus
|-damage|p1a: Ten Feet bus|27\/384
|-unboost|p1a: Ten Feet bus|spe|1
|move|p1a: Ten Feet bus|Roost|p1a: Ten Feet bus
|-heal|p1a: Ten Feet bus|219\/384
|
|-heal|p1a: Ten Feet bus|243\/384|[from] item: Leftovers
|turn|13
|c|âTom Bus|yuuuuuuuuuuUUUUUM
|
|move|p2a: Keldeo|Hydro Pump|p1a: Ten Feet bus
|-damage|p1a: Ten Feet bus|87\/384
|move|p1a: Ten Feet bus|Roost|p1a: Ten Feet bus
|-heal|p1a: Ten Feet bus|279\/384
|
|-heal|p1a: Ten Feet bus|303\/384|[from] item: Leftovers
|turn|14
|
|switch|p2a: Dragonite|Dragonite, M|323\/323
|move|p1a: Ten Feet bus|Roost|p1a: Ten Feet bus
|-heal|p1a: Ten Feet bus|384\/384
|
|turn|15
|c| pistolero|tom do you have quicktime running
|
|move|p2a: Dragonite|Outrage|p1a: Ten Feet bus
|-damage|p1a: Ten Feet bus|0 fnt
|faint|p1a: Ten Feet bus
|
|c| pistolero|right now?
|c|âTom Bus|I don't
|c| pistolero|:[
|c|âTom Bus|?
|
|switch|p1a: No bus|Tyranitar, F|404\/404
|-weather|Sandstorm
|turn|16
|c| pistolero|:]
|
|move|p2a: Dragonite|Outrage|p1a: No bus
|-damage|p1a: No bus|64\/404
|move|p1a: No bus|Thunder Wave|p2a: Dragonite
|-status|p2a: Dragonite|par
|
|-weather|Sandstorm|[upkeep]
|-damage|p2a: Dragonite|303\/323 par|[from] sandstorm
|-heal|p1a: No bus|89\/404|[from] item: Leftovers
|turn|17
|
|move|p1a: No bus|Ice Beam|p2a: Dragonite
|-supereffective|p2a: Dragonite
|-damage|p2a: Dragonite|43\/323 par
|move|p2a: Dragonite|Outrage|p1a: No bus
|-damage|p1a: No bus|0 fnt
|faint|p1a: No bus
|
|-end|p2a: Dragonite|rampage
|-start|p2a: Dragonite|confusion
|-weather|Sandstorm|[upkeep]
|-damage|p2a: Dragonite|23\/323 par|[from] sandstorm
|
|switch|p1a: Rock the bus|Charizard, M|297\/297
|turn|18
|
|detailschange|p1a: Rock the bus|Charizard-Mega-Y, M
|-mega|p1a: Rock the bus|Charizard|Charizardite Y
|-weather|SunnyDay
|move|p1a: Rock the bus|Fire Blast|p2a: Dragonite
|-resisted|p2a: Dragonite
|-damage|p2a: Dragonite|0 fnt
|faint|p2a: Dragonite
|
|-weather|SunnyDay|[upkeep]
|c| pistolero|25%
|c| pistolero|aw
|c|âTom Bus|,
|c| pistolero|not a real man
|
|switch|p2a: Thundurus|Thundurus, M|299\/299
|turn|19
|
|move|p2a: Thundurus|Thunderbolt|p1a: Rock the bus
|-supereffective|p1a: Rock the bus
|-damage|p1a: Rock the bus|0 fnt
|-damage|p2a: Thundurus|270\/299|[from] item: Life Orb
|faint|p1a: Rock the bus
|
|-weather|SunnyDay|[upkeep]
|-message|Tom Bus forfeited.
|
|switch|p1a: Turn up the bus|Scizor, F|301\/301
|turn|20
|leave|Tom Bus
|c|âobii|gg
|
|win|obii
|raw|Ladder updating...
|player|p1
|raw|Tom Bus's rating: 1417 &rarr; <strong>1392<\/strong><br \/>(-25 for losing)
|raw|obii's rating: 1316 &rarr; <strong>1342<\/strong><br \/>(+26 for winning)