|join|Tom Bus
|join|updated kiddo
|player|p1|Tom Bus|142
|player|p2|updated kiddo|#cpgtan
|gametype|singles
|gen|6
|tier|OU (suspect test)
|rated
|clearpoke
|poke|p1|Alakazam, M
|poke|p1|Landorus-Therian, M
|poke|p1|Slowbro, F
|poke|p1|Ferrothorn, M
|poke|p1|Latios, M
|poke|p1|Bisharp, M
|poke|p2|Bisharp, M
|poke|p2|Azelf
|poke|p2|Raikou
|poke|p2|Metagross
|poke|p2|Landorus-Therian, M
|poke|p2|Keldeo
|rule|Swagger Clause: Swagger is banned
|rule|Baton Pass Clause: Limit one PokÃ©mon knowing Baton Pass
|rule|Sleep Clause Mod: Limit one foe put to sleep
|rule|Species Clause: Limit one of each PokÃ©mon
|rule|OHKO Clause: OHKO moves are banned
|rule|Moody Clause: Moody is banned
|rule|Evasion Moves Clause: Evasion moves are banned
|rule|Endless Battle Clause: Forcing endless battles is banned
|rule|HP Percentage Mod: HP is shown in percentages
|teampreview
|join|I'm Rick Astley
|c|âupdated kiddo|:]
|join|Reud
|join|MushMonkey
|c|âTom Bus|:]
|c|âupdated kiddo|Like your vidyas Tom
|c| MushMonkey|tom bus
|
|start
|switch|p1a: Facial HAURGH|Alakazam, M|251\/251
|switch|p2a: Azelf|Azelf|291\/291
|turn|1
|c| Reud|what's a tom bus
|join|Jefo
|
|detailschange|p1a: Facial HAURGH|Alakazam-Mega, M
|-mega|p1a: Facial HAURGH|Alakazam|Alakazite
|-ability|p1a: Facial HAURGH|Levitate|[from] ability: Trace|[of] p2a: Azelf
|move|p1a: Facial HAURGH|Shadow Ball|p2a: Azelf
|-supereffective|p2a: Azelf
|-enditem|p2a: Azelf|Focus Sash
|-damage|p2a: Azelf|1\/291
|-unboost|p2a: Azelf|spd|1
|move|p2a: Azelf|Stealth Rock|p1a: Facial HAURGH
|-sidestart|p1: Tom Bus|move: Stealth Rock
|
|turn|2
|c| Jefo|timid
|c| Jefo|:0
|
|move|p1a: Facial HAURGH|Shadow Ball|p2a: Azelf
|-supereffective|p2a: Azelf
|-damage|p2a: Azelf|0 fnt
|faint|p2a: Azelf
|
|
|switch|p2a: Landorus-Therian|Landorus-Therian, M|335\/335
|-ability|p2a: Landorus-Therian|Intimidate|[of] p1a: Facial HAURGH
|-unboost|p1a: Facial HAURGH|atk|1
|turn|3
|
|switch|p1a: Pad Priks|Ferrothorn, M|352\/352
|-damage|p1a: Pad Priks|330\/352|[from] Stealth Rock
|move|p2a: Landorus-Therian|U-turn|p1a: Pad Priks
|-damage|p1a: Pad Priks|268\/352
|-damage|p2a: Landorus-Therian|294\/335|[from] ability: Iron Barbs|[of] p1a: Pad Priks
|
|switch|p2a: Keldeo|Keldeo|323\/323
|
|turn|4
|
|switch|p2a: Bisharp|Bisharp, M|271\/271
|switch|p1a: Latam|Latios, M|301\/301
|-damage|p1a: Latam|264\/301|[from] Stealth Rock
|
|turn|5
|join|dominions
|
|move|p1a: Latam|Hidden Power|p2a: Bisharp
|-supereffective|p2a: Bisharp
|-damage|p2a: Bisharp|8\/271
|-damage|p1a: Latam|234\/301|[from] item: Life Orb
|move|p2a: Bisharp|Knock Off|p1a: Latam
|-supereffective|p1a: Latam
|-damage|p1a: Latam|0 fnt
|-enditem|p1a: Latam|Life Orb|[from] move: Knock Off|[of] p2a: Bisharp
|-damage|p2a: Bisharp|0 fnt|[from] item: Life Orb
|faint|p1a: Latam
|faint|p2a: Bisharp
|
|leave|dominions
|c| Reud|oh man
|
|switch|p2a: Raikou|Raikou|321\/321
|switch|p1a: Pad Priks|Ferrothorn, M|268\/352
|-ability|p2a: Raikou|Pressure
|-damage|p1a: Pad Priks|246\/352|[from] Stealth Rock
|turn|6
|
|move|p2a: Raikou|Volt Switch|p1a: Pad Priks
|-resisted|p1a: Pad Priks
|-damage|p1a: Pad Priks|205\/352
|
|switch|p2a: Keldeo|Keldeo|323\/323
|move|p1a: Pad Priks|Leech Seed|p2a: Keldeo
|-start|p2a: Keldeo|move: Leech Seed
|
|-damage|p2a: Keldeo|283\/323|[from] Leech Seed|[of] p1a: Pad Priks
|-heal|p1a: Pad Priks|245\/352|[silent]
|turn|7
|
|switch|p2a: Raikou|Raikou|321\/321
|-ability|p2a: Raikou|Pressure
|switch|p1a: Bruddah|Slowbro, F|394\/394
|-damage|p1a: Bruddah|345\/394|[from] Stealth Rock
|
|-heal|p1a: Bruddah|369\/394|[from] item: Leftovers
|turn|8
|join|dominions
|
|switch|p1a: Landorut|Landorus-Therian, M|319\/319
|-damage|p1a: Landorut|280\/319|[from] Stealth Rock
|-ability|p1a: Landorut|Intimidate|[of] p2a: Raikou
|-unboost|p2a: Raikou|atk|1
|move|p2a: Raikou|Volt Switch|p1a: Landorut
|-immune|p1a: Landorut|[msg]
|
|turn|9
|
|move|p2a: Raikou|Hidden Power|p1a: Landorut
|-supereffective|p1a: Landorut
|-damage|p1a: Landorut|0 fnt
|faint|p1a: Landorut
|
|
|switch|p1a: Pad Priks|Ferrothorn, M|245\/352
|-damage|p1a: Pad Priks|223\/352|[from] Stealth Rock
|turn|10
|
|move|p2a: Raikou|Volt Switch|p1a: Pad Priks
|-resisted|p1a: Pad Priks
|-damage|p1a: Pad Priks|181\/352
|
|switch|p2a: Landorus-Therian|Landorus-Therian, M|294\/335
|-ability|p2a: Landorus-Therian|Intimidate|[of] p1a: Pad Priks
|-unboost|p1a: Pad Priks|atk|1
|move|p1a: Pad Priks|Power Whip|p2a: Landorus-Therian
|-damage|p2a: Landorus-Therian|203\/335
|
|turn|11
|
|move|p2a: Landorus-Therian|Earthquake|p1a: Pad Priks
|-damage|p1a: Pad Priks|37\/352
|move|p1a: Pad Priks|Leech Seed|p2a: Landorus-Therian
|-start|p2a: Landorus-Therian|move: Leech Seed
|
|-damage|p2a: Landorus-Therian|162\/335|[from] Leech Seed|[of] p1a: Pad Priks
|-heal|p1a: Pad Priks|78\/352|[silent]
|turn|12
|
|switch|p2a: Raikou|Raikou|321\/321
|-ability|p2a: Raikou|Pressure
|move|p1a: Pad Priks|Stealth Rock|p2a: Raikou
|-sidestart|p2: updated kiddo|move: Stealth Rock
|
|turn|13
|
|move|p2a: Raikou|Thunderbolt|p1a: Pad Priks
|-resisted|p1a: Pad Priks
|-damage|p1a: Pad Priks|26\/352
|move|p1a: Pad Priks|Leech Seed|p2a: Raikou
|-start|p2a: Raikou|move: Leech Seed
|
|-damage|p2a: Raikou|281\/321|[from] Leech Seed|[of] p1a: Pad Priks
|-heal|p1a: Pad Priks|66\/352|[silent]
|turn|14
|c|âupdated kiddo|ok cancel button
|c|âupdated kiddo|work
|
|switch|p1a: The halves|Bisharp, M|271\/271
|-damage|p1a: The halves|255\/271|[from] Stealth Rock
|move|p2a: Raikou|Volt Switch|p1a: The halves
|-damage|p1a: The halves|114\/271
|
|switch|p2a: Keldeo|Keldeo|283\/323
|-damage|p2a: Keldeo|263\/323|[from] Stealth Rock
|
|turn|15
|
|switch|p1a: Bruddah|Slowbro, F|394\/394
|-damage|p1a: Bruddah|345\/394|[from] Stealth Rock
|move|p2a: Keldeo|Scald|p1a: Bruddah
|-resisted|p1a: Bruddah
|-damage|p1a: Bruddah|221\/394
|
|-heal|p1a: Bruddah|245\/394|[from] item: Leftovers
|turn|16
|
|switch|p2a: Raikou|Raikou|281\/321
|-damage|p2a: Raikou|241\/321|[from] Stealth Rock
|-ability|p2a: Raikou|Pressure
|move|p1a: Bruddah|Scald|p2a: Raikou
|-damage|p2a: Raikou|181\/321
|-status|p2a: Raikou|brn
|
|-heal|p1a: Bruddah|269\/394|[from] item: Leftovers
|-damage|p2a: Raikou|141\/321 brn|[from] brn
|turn|17
|
|switch|p1a: Pad Priks|Ferrothorn, M|66\/352
|-damage|p1a: Pad Priks|44\/352|[from] Stealth Rock
|move|p2a: Raikou|Volt Switch|p1a: Pad Priks
|-resisted|p1a: Pad Priks
|-damage|p1a: Pad Priks|5\/352
|
|switch|p2a: Metagross|Metagross|301\/301
|-damage|p2a: Metagross|283\/301|[from] Stealth Rock
|
|turn|18
|
|switch|p1a: Bruddah|Slowbro, F|394\/394
|-damage|p1a: Bruddah|345\/394|[from] Stealth Rock
|detailschange|p2a: Metagross|Metagross-Mega
|-mega|p2a: Metagross|Metagross|Metagrossite
|move|p2a: Metagross|Ice Punch|p1a: Bruddah
|-resisted|p1a: Bruddah
|-damage|p1a: Bruddah|303\/394
|
|-heal|p1a: Bruddah|327\/394|[from] item: Leftovers
|turn|19
|
|switch|p2a: Raikou|Raikou|141\/321 brn
|-damage|p2a: Raikou|101\/321 brn|[from] Stealth Rock
|-ability|p2a: Raikou|Pressure
|move|p1a: Bruddah|Fire Blast|p2a: Raikou
|-damage|p2a: Raikou|43\/321 brn
|
|-heal|p1a: Bruddah|351\/394|[from] item: Leftovers
|-damage|p2a: Raikou|3\/321 brn|[from] brn
|turn|20
|
|switch|p1a: Pad Priks|Ferrothorn, M|5\/352
|-damage|p1a: Pad Priks|0 fnt|[from] Stealth Rock
|faint|p1a: Pad Priks
|move|p2a: Raikou|Thunderbolt|p1: Pad Priks|[notarget]
|-notarget
|
|-damage|p2a: Raikou|0 fnt|[from] brn
|faint|p2a: Raikou
|
|switch|p2a: Keldeo|Keldeo|263\/323
|switch|p1a: The halves|Bisharp, M|114\/271
|-damage|p2a: Keldeo|243\/323|[from] Stealth Rock
|-damage|p1a: The halves|98\/271|[from] Stealth Rock
|turn|21
|
|move|p1a: The halves|Sucker Punch|p2a: Keldeo
|-resisted|p2a: Keldeo
|-damage|p2a: Keldeo|136\/323
|-boost|p2a: Keldeo|atk|1|[from] ability: Justified
|-damage|p1a: The halves|71\/271|[from] item: Life Orb
|move|p2a: Keldeo|Hidden Power|p1a: The halves
|-damage|p1a: The halves|0 fnt
|faint|p1a: The halves
|
|
|switch|p1a: Facial HAURGH|Alakazam-Mega, M|251\/251
|-damage|p1a: Facial HAURGH|220\/251|[from] Stealth Rock
|-ability|p1a: Facial HAURGH|Justified|[from] ability: Trace|[of] p2a: Keldeo
|turn|22
|
|switch|p2a: Metagross|Metagross-Mega|283\/301
|-damage|p2a: Metagross|265\/301|[from] Stealth Rock
|move|p1a: Facial HAURGH|Psychic|p2a: Metagross
|-resisted|p2a: Metagross
|-damage|p2a: Metagross|215\/301
|
|turn|23
|join|etaoi
|
|switch|p1a: Bruddah|Slowbro, F|394\/394
|-damage|p1a: Bruddah|345\/394|[from] Stealth Rock
|move|p2a: Metagross|Meteor Mash|p1a: Bruddah
|-resisted|p1a: Bruddah
|-damage|p1a: Bruddah|270\/394
|-boost|p2a: Metagross|atk|1
|
|-heal|p1a: Bruddah|294\/394|[from] item: Leftovers
|turn|24
|
|move|p2a: Metagross|Earthquake|p1a: Bruddah
|-damage|p1a: Bruddah|175\/394
|move|p1a: Bruddah|Thunder Wave|p2a: Metagross
|-status|p2a: Metagross|par
|
|-heal|p1a: Bruddah|199\/394|[from] item: Leftovers
|turn|25
|leave|etaoi
|
|switch|p2a: Keldeo|Keldeo|136\/323
|-damage|p2a: Keldeo|116\/323|[from] Stealth Rock
|move|p1a: Bruddah|Slack Off|p1a: Bruddah
|-heal|p1a: Bruddah|394\/394
|
|turn|26
|
|move|p2a: Keldeo|Hidden Power|p1a: Bruddah
|-supereffective|p1a: Bruddah
|-damage|p1a: Bruddah|156\/394
|move|p1a: Bruddah|Slack Off|p1a: Bruddah
|-heal|p1a: Bruddah|353\/394
|
|-heal|p1a: Bruddah|377\/394|[from] item: Leftovers
|turn|27
|c| Reud|damn...
|join|Breeloom
|
|switch|p1a: Facial HAURGH|Alakazam-Mega, M|220\/251
|-damage|p1a: Facial HAURGH|189\/251|[from] Stealth Rock
|-ability|p1a: Facial HAURGH|Justified|[from] ability: Trace|[of] p2a: Keldeo
|move|p2a: Keldeo|Hidden Power|p1a: Facial HAURGH
|-damage|p1a: Facial HAURGH|73\/251
|
|turn|28
|
|switch|p2a: Metagross|Metagross-Mega|215\/301 par
|-damage|p2a: Metagross|197\/301 par|[from] Stealth Rock
|move|p1a: Facial HAURGH|Shadow Ball|p2a: Metagross
|-supereffective|p2a: Metagross
|-damage|p2a: Metagross|0 fnt
|faint|p2a: Metagross
|
|
|switch|p2a: Landorus-Therian|Landorus-Therian, M|162\/335
|-damage|p2a: Landorus-Therian|121\/335|[from] Stealth Rock
|-ability|p2a: Landorus-Therian|Intimidate|[of] p1a: Facial HAURGH
|-unboost|p1a: Facial HAURGH|atk|1
|turn|29
|
|switch|p1a: Bruddah|Slowbro, F|394\/394
|-damage|p1a: Bruddah|345\/394|[from] Stealth Rock
|move|p2a: Landorus-Therian|U-turn|p1a: Bruddah
|-supereffective|p1a: Bruddah
|-damage|p1a: Bruddah|219\/394
|
|switch|p2a: Keldeo|Keldeo|116\/323
|-damage|p2a: Keldeo|96\/323|[from] Stealth Rock
|
|-heal|p1a: Bruddah|243\/394|[from] item: Leftovers
|turn|30
|
|move|p2a: Keldeo|Hidden Power|p1a: Bruddah
|-supereffective|p1a: Bruddah
|-damage|p1a: Bruddah|0 fnt
|faint|p1a: Bruddah
|
|
|switch|p1a: Facial HAURGH|Alakazam-Mega, M|73\/251
|-damage|p1a: Facial HAURGH|42\/251|[from] Stealth Rock
|-ability|p1a: Facial HAURGH|Justified|[from] ability: Trace|[of] p2a: Keldeo
|turn|31
|
|move|p1a: Facial HAURGH|Psychic|p2a: Keldeo
|-supereffective|p2a: Keldeo
|-damage|p2a: Keldeo|0 fnt
|faint|p2a: Keldeo
|
|
|switch|p2a: Landorus-Therian|Landorus-Therian, M|121\/335
|-damage|p2a: Landorus-Therian|80\/335|[from] Stealth Rock
|-ability|p2a: Landorus-Therian|Intimidate|[of] p1a: Facial HAURGH
|-unboost|p1a: Facial HAURGH|atk|1
|turn|32
|c| Breeloom|tombus you slipped on a bananana peel :\/
|c|âTom Bus|gg
|
|move|p2a: Landorus-Therian|U-turn|p1a: Facial HAURGH
|-supereffective|p1a: Facial HAURGH
|-damage|p1a: Facial HAURGH|0 fnt
|faint|p1a: Facial HAURGH
|
|win|updated kiddo
|raw|Ladder updating...
|c|âTom Bus|I did :[
|raw|Tom Bus's rating: 1555 &rarr; <strong>1528<\/strong><br \/>(-27 for losing)
|raw|updated kiddo's rating: 1419 &rarr; <strong>1446<\/strong><br \/>(+27 for winning)
|c|âupdated kiddo|gg :[
|c|âTom Bus|Played like an idiot
|leave|Tom Bus
|player|p1
|leave|Breeloom
|leave|updated kiddo
|leave|I'm Rick Astley
|player|p2
|join|Breeloom
|leave|dominions
|join|dominions
|leave|Breeloom
|join|updated kiddo
|leave|dominions