|J|Tom Bus
|J|Sebixxl
|player|p1|Tom Bus|142
|player|p2|Sebixxl|273
|gametype|singles
|gen|6
|tier|OU
|clearpoke
|poke|p1|Landorus, M
|poke|p1|Charizard, M
|poke|p1|Keldeo
|poke|p1|Tyranitar, F
|poke|p1|Gothitelle, M
|poke|p1|Clefable, M
|poke|p2|Landorus-Therian, M
|poke|p2|Manectric, F
|poke|p2|Scizor, F
|poke|p2|Azumarill, M
|poke|p2|Hawlucha, M
|poke|p2|Hydreigon, M
|rule|Swagger Clause: Swagger is banned
|rule|Baton Pass Clause: Limit one PokÃ©mon knowing Baton Pass
|rule|Sleep Clause Mod: Limit one foe put to sleep
|rule|Species Clause: Limit one of each PokÃ©mon
|rule|OHKO Clause: OHKO moves are banned
|rule|Moody Clause: Moody is banned
|rule|Evasion Moves Clause: Evasion moves are banned
|rule|Endless Battle Clause: Forcing endless battles is banned
|rule|HP Percentage Mod: HP is shown in percentages
|teampreview
|J|Bic Wahn
|c|âSebixxl|gl
|J|Spitzkopf Larry
|c|âTom Bus|you too
|
|start
|switch|p1a: Prima donna|Keldeo|323\/323
|switch|p2a: Manectric|Manectric, F|281\/281
|turn|1
|
|switch|p2a: Azumarill|Azumarill, M|397\/397
|move|p1a: Prima donna|Hydro Pump|p2a: Azumarill
|-resisted|p2a: Azumarill
|-damage|p2a: Azumarill|277\/397
|
|turn|2
|J|Stathakis
|J|CreutzbergJacob
|J|kevin loves jen
|J|ium =
|
|switch|p1a: Trapdinmydressyn|Gothitelle, M|344\/344
|move|p2a: Azumarill|Knock Off|p1a: Trapdinmydressyn
|-supereffective|p1a: Trapdinmydressyn
|-damage|p1a: Trapdinmydressyn|56\/344
|-enditem|p1a: Trapdinmydressyn|Choice Scarf|[from] move: Knock Off|[of] p2a: Azumarill
|
|turn|3
|
|move|p2a: Azumarill|Aqua Jet|p1a: Trapdinmydressyn
|-damage|p1a: Trapdinmydressyn|0 fnt
|faint|p1a: Trapdinmydressyn
|
|
|switch|p1a: Landorust|Landorus, M|319\/319
|turn|4
|
|switch|p2a: Hydreigon|Hydreigon, M|339\/339
|move|p1a: Landorust|Sludge Wave|p2a: Hydreigon
|-damage|p2a: Hydreigon|148\/339
|
|turn|5
|
|switch|p1a: Clefablus|Clefable, M|394\/394
|move|p2a: Hydreigon|U-turn|p1a: Clefablus
|-resisted|p1a: Clefablus
|-damage|p1a: Clefablus|368\/394
|
|switch|p2a: Landorus-Therian|Landorus-Therian, M|369\/369
|-ability|p2a: Landorus-Therian|Intimidate|[of] p1a: Clefablus
|-unboost|p1a: Clefablus|atk|1
|
|-heal|p1a: Clefablus|392\/394|[from] item: Leftovers
|turn|6
|
|move|p2a: Landorus-Therian|Stealth Rock|p1a: Clefablus
|-sidestart|p1: Tom Bus|move: Stealth Rock
|move|p1a: Clefablus|Stealth Rock|p2a: Landorus-Therian
|-sidestart|p2: Sebixxl|move: Stealth Rock
|
|-heal|p1a: Clefablus|394\/394|[from] item: Leftovers
|turn|7
|
|move|p2a: Landorus-Therian|Rock Tomb|p1a: Clefablus
|-damage|p1a: Clefablus|316\/394
|-unboost|p1a: Clefablus|spe|1
|move|p1a: Clefablus|Thunder Wave|p2a: Landorus-Therian
|-immune|p2a: Landorus-Therian|[msg]
|
|-heal|p1a: Clefablus|340\/394|[from] item: Leftovers
|turn|8
|
|move|p2a: Landorus-Therian|Earthquake|p1a: Clefablus
|-damage|p1a: Clefablus|132\/394
|move|p1a: Clefablus|Moonblast|p2a: Landorus-Therian
|-damage|p2a: Landorus-Therian|245\/369
|
|-heal|p2a: Landorus-Therian|268\/369|[from] item: Leftovers
|-heal|p1a: Clefablus|156\/394|[from] item: Leftovers
|turn|9
|
|move|p2a: Landorus-Therian|Earthquake|p1a: Clefablus
|-crit|p1a: Clefablus
|-damage|p1a: Clefablus|0 fnt
|faint|p1a: Clefablus
|
|-heal|p2a: Landorus-Therian|291\/369|[from] item: Leftovers
|
|switch|p1a: Prima donna|Keldeo|323\/323
|-damage|p1a: Prima donna|303\/323|[from] Stealth Rock
|turn|10
|
|move|p1a: Prima donna|Scald|p2a: Landorus-Therian
|-supereffective|p2a: Landorus-Therian
|-damage|p2a: Landorus-Therian|0 fnt
|faint|p2a: Landorus-Therian
|
|
|switch|p2a: Azumarill|Azumarill, M|277\/397
|-damage|p2a: Azumarill|228\/397|[from] Stealth Rock
|turn|11
|
|switch|p1a: Chek|Tyranitar, F|342\/342
|-damage|p1a: Chek|300\/342|[from] Stealth Rock
|-weather|Sandstorm
|move|p2a: Azumarill|Play Rough|p1a: Chek
|-supereffective|p1a: Chek
|-damage|p1a: Chek|0 fnt
|faint|p1a: Chek
|
|-weather|Sandstorm|[upkeep]
|-damage|p2a: Azumarill|204\/397|[from] sandstorm
|
|switch|p1a: Landorust|Landorus, M|319\/319
|-damage|p1a: Landorust|280\/319|[from] Stealth Rock
|turn|12
|J|Weshin
|
|switch|p2a: Hawlucha|Hawlucha, M|344\/344
|-damage|p2a: Hawlucha|301\/344|[from] Stealth Rock
|move|p1a: Landorust|Sludge Wave|p2a: Hawlucha
|-damage|p2a: Hawlucha|38\/344
|-enditem|p2a: Hawlucha|Sitrus Berry|[eat]
|-heal|p2a: Hawlucha|124\/344|[from] item: Sitrus Berry
|
|-weather|Sandstorm|[upkeep]
|-damage|p2a: Hawlucha|103\/344|[from] sandstorm
|turn|13
|
|move|p2a: Hawlucha|Acrobatics|p1a: Landorust
|-damage|p1a: Landorust|82\/319
|move|p1a: Landorust|Psychic|p2a: Hawlucha
|-supereffective|p2a: Hawlucha
|-damage|p2a: Hawlucha|0 fnt
|faint|p2a: Hawlucha
|
|-weather|Sandstorm|[upkeep]
|
|switch|p2a: Manectric|Manectric, F|281\/281
|-damage|p2a: Manectric|246\/281|[from] Stealth Rock
|turn|14
|
|detailschange|p2a: Manectric|Manectric-Mega, F
|-mega|p2a: Manectric|Manectric|Manectite
|-ability|p2a: Manectric|Intimidate|[of] p1a: Landorust
|-unboost|p1a: Landorust|atk|1
|move|p2a: Manectric|Hidden Power|p1a: Landorust
|-supereffective|p1a: Landorust
|-damage|p1a: Landorust|0 fnt
|faint|p1a: Landorust
|
|-weather|Sandstorm|[upkeep]
|-damage|p2a: Manectric|229\/281|[from] sandstorm
|
|switch|p1a: Yum|Charizard, M|315\/315
|-damage|p1a: Yum|158\/315|[from] Stealth Rock
|turn|15
|
|detailschange|p1a: Yum|Charizard-Mega-X, M
|-mega|p1a: Yum|Charizard|Charizardite X
|move|p2a: Manectric|Volt Switch|p1a: Yum
|-crit|p1a: Yum
|-resisted|p1a: Yum
|-damage|p1a: Yum|46\/315
|c|âSebixxl|sorry
|
|switch|p2a: Hydreigon|Hydreigon, M|148\/339
|-damage|p2a: Hydreigon|106\/339|[from] Stealth Rock
|move|p1a: Yum|Roost|p1a: Yum
|-heal|p1a: Yum|204\/315
|
|-weather|none
|turn|16
|J|EmCDG
|
|move|p2a: Hydreigon|Draco Meteor|p1a: Yum
|-supereffective|p1a: Yum
|-damage|p1a: Yum|0 fnt
|-unboost|p2a: Hydreigon|spa|2
|faint|p1a: Yum
|
|
|switch|p1a: Prima donna|Keldeo|303\/323
|-damage|p1a: Prima donna|283\/323|[from] Stealth Rock
|turn|17
|c|âTom Bus|gg
|c|âSebixxl|gg
|
|switch|p2a: Scizor|Scizor, F|305\/305
|-damage|p2a: Scizor|267\/305|[from] Stealth Rock
|move|p1a: Prima donna|Hydro Pump|p2a: Scizor
|-damage|p2a: Scizor|0 fnt
|faint|p2a: Scizor
|
|
|switch|p2a: Manectric|Manectric-Mega, F|229\/281
|-damage|p2a: Manectric|194\/281|[from] Stealth Rock
|-ability|p2a: Manectric|Intimidate|[of] p1a: Prima donna
|-unboost|p1a: Prima donna|atk|1
|turn|18
|
|move|p2a: Manectric|Thunderbolt|p1a: Prima donna
|-supereffective|p1a: Prima donna
|-damage|p1a: Prima donna|0 fnt
|faint|p1a: Prima donna
|
|win|Sebixxl
|L|kevin loves jen
|L|Stathakis
|c|âTom Bus|good luck for the rest :]
|L|CreutzbergJacob
|c|âSebixxl|and sorry for those timezone messures
|c|âSebixxl|thank you!
|c|âTom Bus|Haha, it's ok. We got it done in the end