|join|Tom Bus
|join|mack bus
|player|p1|Tom Bus|142
|player|p2|mack bus|145
|gametype|singles
|gen|6
|tier|Random Battle
|rule|Sleep Clause Mod: Limit one foe put to sleep
|rule|HP Percentage Mod: HP is shown in percentages
|
|start
|switch|p1a: Huntail|Huntail, L88, F|240\/240
|switch|p2a: Hoopa|Hoopa, L74|240\/240
|turn|1
Tom Bus made this room private.
|c|âmack bus|ah, sick one
|c|âTom Bus|can you use the other form?
|
|move|p1a: Huntail|Sucker Punch|p2a: Hoopa
|-supereffective|p2a: Hoopa
|-enditem|p2a: Hoopa|Focus Sash
|-damage|p2a: Hoopa|1\/240
|move|p2a: Hoopa|Energy Ball|p1a: Huntail
|-supereffective|p1a: Huntail
|-damage|p1a: Huntail|82\/240
|-item|p2a: Hoopa|White Herb|[from] ability: Magician|[of] p1a: Huntail
|
|turn|2
|c|âTom Bus|shit
|c|âTom Bus|:o
|
|move|p1a: Huntail|Sucker Punch|p2a: Hoopa
|-fail|p2a: Hoopa
|move|p2a: Hoopa|Thunder Wave|p1a: Huntail
|-status|p1a: Huntail|par
|
|turn|3
|c|âTom Bus|full para imo
|
|switch|p2a: Diancie|Diancie, L78|206\/206
|move|p1a: Huntail|Sucker Punch|p2a: Diancie
|-fail|p2a: Diancie
|
|turn|4
|c|âmack bus|no risks imo
|c|âTom Bus|no risks?
|
|detailschange|p2a: Diancie|Diancie-Mega, L78
|message|Diancie has Mega Evolved into Mega Diancie!
|move|p2a: Diancie|Moonblast|p1a: Huntail
|-damage|p1a: Huntail|0 fnt
|faint|p1a: Huntail
|
|c|âTom Bus|smh
|
|switch|p1a: Simisage|Simisage, L88, F|275\/275
|turn|5
|
|switch|p2a: Rotom|Rotom, L86|226\/226
|move|p1a: Simisage|Nasty Plot|p1a: Simisage
|-boost|p1a: Simisage|spa|2
|
|turn|6
|
|move|p1a: Simisage|Giga Drain|p2a: Rotom
|-damage|p2a: Rotom|33\/226
|move|p2a: Rotom|Shadow Ball|p1a: Simisage
|-damage|p1a: Simisage|172\/275
|
|-heal|p1a: Simisage|189\/275|[from] item: Leftovers
|-heal|p2a: Rotom|47\/226|[from] item: Leftovers
|turn|7
|c|âTom Bus|weak!
|
|move|p1a: Simisage|Giga Drain|p2a: Rotom
|-damage|p2a: Rotom|0 fnt
|-heal|p1a: Simisage|213\/275|[from] drain|[of] p2a: Rotom
|faint|p2a: Rotom
|
|-heal|p1a: Simisage|230\/275|[from] item: Leftovers
|
|switch|p2a: Hitmonlee|Hitmonlee, L82, M|216\/216
|turn|8
|c|âTom Bus|is it over?
|c|âmack bus|i have normal gem
|c|âTom Bus|fus
|c|âTom Bus|pls rapid spin
|c|âmack bus|except i dont have fake out
|c|âTom Bus|no fake out
|c|âTom Bus|ahhh :]
|
|move|p1a: Simisage|Giga Drain|p2a: Hitmonlee
|-damage|p2a: Hitmonlee|75\/216
|-heal|p1a: Simisage|275\/275|[from] drain|[of] p2a: Hitmonlee
|move|p2a: Hitmonlee|Rapid Spin|p1a: Simisage
|-enditem|p2a: Hitmonlee|Normal Gem|[from] gem|[move] Rapid Spin
|-damage|p1a: Simisage|249\/275
|
|-heal|p1a: Simisage|266\/275|[from] item: Leftovers
|turn|9
|c|âmack bus|:[
|c|âTom Bus|Ok
|c|âTom Bus|HJK is going to do about 10x that much
|c|âTom Bus|I can take it :]
|
|move|p2a: Hitmonlee|High Jump Kick|p1a: Simisage
|-damage|p1a: Simisage|68\/275
|move|p1a: Simisage|Giga Drain|p2a: Hitmonlee
|-damage|p2a: Hitmonlee|0 fnt
|-heal|p1a: Simisage|106\/275|[from] drain|[of] p2a: Hitmonlee
|faint|p2a: Hitmonlee
|
|-heal|p1a: Simisage|123\/275|[from] item: Leftovers
|c|âTom Bus|yum
|
|switch|p2a: Meowstic-F|Meowstic-F, L88, F|274\/274
|turn|10
|
|move|p2a: Meowstic-F|Psyshock|p1a: Simisage
|-damage|p1a: Simisage|0 fnt
|faint|p1a: Simisage
|
|c|âTom Bus|:[
|
|switch|p1a: Medicham|Medicham, L74, M|227\/227
|turn|11
|c|âTom Bus|why did I go to this?
|c|âmack bus|to get ohko'd
|
|move|p2a: Meowstic-F|Psyshock|p1a: Medicham
|-immune|p1a: Medicham|[msg]
|move|p1a: Medicham|Dark Pulse|p2a: Meowstic-F
|-supereffective|p2a: Meowstic-F
|-damage|p2a: Meowstic-F|40\/274
|-damage|p1a: Medicham|205\/227|[from] item: Life Orb
|
|turn|12
|c|âTom Bus|:]
|c|âmack bus|youre a shitbus
|c|âTom Bus|you are specs, right?
|
|switch|p2a: Diancie|Diancie-Mega, L78|206\/206
|move|p1a: Medicham|Focus Blast|p2a: Diancie
|-damage|p2a: Diancie|98\/206
|-damage|p1a: Medicham|183\/227|[from] item: Life Orb
|
|turn|13
|c|âTom Bus|get
|c|âTom Bus|predicted
|c|âmack bus|si
|c|âTom Bus|hahahahaha
|c|âTom Bus|sorry, there is an hilarious set
|
|switch|p1a: Breloom|Breloom, L74, M|211\/211
|move|p2a: Diancie|Moonblast|p1a: Breloom
|-supereffective|p1a: Breloom
|-damage|p1a: Breloom|0 fnt
|faint|p1a: Breloom
|
|c|âTom Bus|it his poison heal
|c|âTom Bus|with rock tomb and bullet seed
|c|âTom Bus|has*
|c|âmack bus|hahahaha
|
|switch|p1a: Xerneas|Xerneas, L66|276\/276
|-ability|p1a: Xerneas|Fairy Aura
|turn|14
|c|âTom Bus|:]
|c|âTom Bus|:]??
|c|âmack bus|um
|c|âTom Bus|Don't worry
|c|âTom Bus|It's scarfed
|c|âTom Bus|not even a threat
|
|move|p2a: Diancie|Moonblast|p1a: Xerneas
|-damage|p1a: Xerneas|68\/276
|move|p1a: Xerneas|Geomancy|p1a: Xerneas|[still]
|-prepare|p1a: Xerneas|Geomancy|p1a: Xerneas
|-enditem|p1a: Xerneas|Power Herb
|-anim|p1a: Xerneas|Geomancy|p1a: Xerneas
|-boost|p1a: Xerneas|spa|2
|-boost|p1a: Xerneas|spd|2
|-boost|p1a: Xerneas|spe|2
|
|turn|15
|c|âTom Bus|oh
|
|switch|p2a: Hoopa|Hoopa, L74|1\/240
|move|p1a: Xerneas|Moonblast|p2a: Hoopa
|-damage|p2a: Hoopa|0 fnt
|faint|p2a: Hoopa
|
|
|switch|p2a: Zangoose|Zangoose, L86, M|266\/266
|turn|16
|c|âTom Bus|take the hit
|c|âTom Bus|xern
|c|âTom Bus|:]
|c|âmack bus|gg
|c|âmack bus|i lack quick attack
|
|move|p1a: Xerneas|Moonblast|p2a: Zangoose
|-damage|p2a: Zangoose|8\/266
|-unboost|p2a: Zangoose|spa|1
|move|p2a: Zangoose|Facade|p1a: Xerneas
|-damage|p1a: Xerneas|0 fnt
|faint|p1a: Xerneas
|
|-status|p2a: Zangoose|tox|[from] item: Toxic Orb
|c|âTom Bus|nice
|c|âmack bus|oh
|c|âmack bus|cool
|
|switch|p1a: Medicham|Medicham, L74, M|211\/211
|turn|17
|
|switch|p2a: Meowstic-F|Meowstic-F, L88, F|40\/274
|detailschange|p1a: Medicham|Medicham-Mega, L74, M
|message|Medicham has Mega Evolved into Mega Medicham!
|move|p1a: Medicham|Bullet Punch|p2a: Meowstic-F
|-crit|p2a: Meowstic-F
|-damage|p2a: Meowstic-F|0 fnt
|faint|p2a: Meowstic-F
|
|c|âTom Bus|why
|c|âTom Bus|eh, whatever
|c|âTom Bus|The sweep is here
|c|âTom Bus|:]
|c|âmack bus|good gus
|
|switch|p2a: Diancie|Diancie-Mega, L78|98\/206
|turn|18
|c|âTom Bus|gus bus
|
|move|p1a: Medicham|Bullet Punch|p2a: Diancie
|-supereffective|p2a: Diancie
|-damage|p2a: Diancie|0 fnt
|faint|p2a: Diancie
|
|leave|mack bus
|player|p2
|join|mack bus
|player|p2|mack bus|145
|c|âTom Bus|\/\/forfeit
|c|âTom Bus|imo
|c|âmack bus|yeah i couldnt rejoin lol
|-message|mack bus forfeited.
|
|win|Tom Bus