|join|Tom Bus
|join|mack bus
|player|p1|Tom Bus|142
|player|p2|mack bus|145
|gametype|singles
|gen|6
|tier|Random Battle
|rule|Sleep Clause Mod: Limit one foe put to sleep
|rule|HP Percentage Mod: HP is shown in percentages
|
|start
|switch|p1a: Klefki|Klefki, L78, M|217\/217
|switch|p2a: Mewtwo|Mewtwo, L70|264\/264
|-ability|p2a: Mewtwo|Pressure
|turn|1
Tom Bus made this room private.
|c|âmack bus|ah, sick set
|c|âTom Bus|me too
|
|detailschange|p2a: Mewtwo|Mewtwo-Mega-X, L70
|message|Mewtwo has Mega Evolved into Mega Mewtwo!
|move|p1a: Klefki|Spikes|p2a: Mewtwo
|-sidestart|p2: mack bus|Spikes
|move|p2a: Mewtwo|Iron Tail|p1a: Klefki|[miss]
|-miss|p2a: Mewtwo|p1a: Klefki
|
|turn|2
|c|âTom Bus|you did not stay in
|c|âTom Bus|to get t waved
|
|move|p2a: Mewtwo|Iron Tail|p1a: Klefki
|-damage|p1a: Klefki|120\/217
|move|p1a: Klefki|Dazzling Gleam|p2a: Mewtwo
|-crit|p2a: Mewtwo
|-supereffective|p2a: Mewtwo
|-damage|p2a: Mewtwo|70\/264
|
|turn|3
|c|âTom Bus|:]
|
|move|p1a: Klefki|Spikes|p2a: Mewtwo
|-sidestart|p2: mack bus|Spikes
|move|p2a: Mewtwo|Iron Tail|p1a: Klefki
|-damage|p1a: Klefki|32\/217
|
|turn|4
|
|move|p1a: Klefki|Spikes|p2a: Mewtwo
|-sidestart|p2: mack bus|Spikes
|move|p2a: Mewtwo|Thunder Punch|p1a: Klefki
|-damage|p1a: Klefki|0 fnt
|faint|p1a: Klefki
|
|c|âTom Bus|hahaha
|c|âTom Bus|I have spikes on another mon
|
|switch|p1a: Delphox|Delphox, L82, F|257\/257
|turn|5
|
|move|p2a: Mewtwo|Recover|p2a: Mewtwo
|-heal|p2a: Mewtwo|202\/264
|move|p1a: Delphox|Shadow Ball|p2a: Mewtwo
|-supereffective|p2a: Mewtwo
|-damage|p2a: Mewtwo|43\/264
|-damage|p1a: Delphox|232\/257|[from] item: Life Orb
|
|turn|6
|c|âTom Bus|why are you faster?
|c|âTom Bus|:[
|
|move|p2a: Mewtwo|Thunder Punch|p1a: Delphox
|-damage|p1a: Delphox|160\/257
|move|p1a: Delphox|Shadow Ball|p2a: Mewtwo
|-crit|p2a: Mewtwo
|-supereffective|p2a: Mewtwo
|-damage|p2a: Mewtwo|0 fnt
|-damage|p1a: Delphox|135\/257|[from] item: Life Orb
|faint|p2a: Mewtwo
|
|
|switch|p2a: Ambipom|Ambipom, L82, F|257\/257
|-damage|p2a: Ambipom|193\/257|[from] Spikes
|turn|7
|
|switch|p1a: Omastar|Omastar, L82, M|249\/249
|-item|p1a: Omastar|Air Balloon
|move|p2a: Ambipom|Return|p1a: Omastar
|-resisted|p1a: Omastar
|-damage|p1a: Omastar|193\/249
|-enditem|p1a: Omastar|Air Balloon
|
|turn|8
|c|âTom Bus|watch this play
|c|âTom Bus|oh
|c|âTom Bus|nice boost...
|c|âTom Bus|I have the wrong ability
|
|switch|p2a: Swampert|Swampert, L78, F|284\/284
|-damage|p2a: Swampert|213\/284|[from] Spikes
|move|p1a: Omastar|Hydro Pump|p2a: Swampert
|-damage|p2a: Swampert|78\/284
|
|-heal|p2a: Swampert|95\/284|[from] item: Leftovers
|turn|9
|c|âTom Bus|yum
|c|âmack bus|yuuum
|
|move|p2a: Swampert|Stealth Rock|p1a: Omastar
|-sidestart|p1: Tom Bus|move: Stealth Rock
|move|p1a: Omastar|Hydro Pump|p2a: Swampert
|-damage|p2a: Swampert|0 fnt
|faint|p2a: Swampert
|
|
|switch|p2a: Conkeldurr|Conkeldurr, L74, M|277\/277
|-damage|p2a: Conkeldurr|208\/277|[from] Spikes
|turn|10
|c|âTom Bus|those spikes are coming through
|c|âmack bus|yeah
|c|âTom Bus|on the likes of this mang
|
|switch|p1a: Beedrill|Beedrill, L78, F|229\/229
|-damage|p1a: Beedrill|172\/229|[from] Stealth Rock
|move|p2a: Conkeldurr|Drain Punch|p1a: Beedrill
|-resisted|p1a: Beedrill
|-damage|p1a: Beedrill|125\/229
|-heal|p2a: Conkeldurr|232\/277|[from] drain|[of] p1a: Beedrill
|-damage|p2a: Conkeldurr|205\/277|[from] item: Life Orb
|
|turn|11
|c|âTom Bus|pls
|c|âTom Bus|Ah
|c|âTom Bus|he actually took it
|
|detailschange|p1a: Beedrill|Beedrill-Mega, L78, F
|message|Beedrill has Mega Evolved into Mega Beedrill!
|move|p1a: Beedrill|Poison Jab|p2a: Conkeldurr
|-damage|p2a: Conkeldurr|47\/277
|-status|p2a: Conkeldurr|psn
|move|p2a: Conkeldurr|Ice Punch|p1a: Beedrill
|-damage|p1a: Beedrill|0 fnt
|faint|p1a: Beedrill
|
|-damage|p2a: Conkeldurr|13\/277 psn|[from] psn
|c|âTom Bus|shit
|c|âmack bus|im sheer fuss
|c|âTom Bus|yes
|c|âTom Bus|yum
|
|switch|p1a: Delphox|Delphox, L82, F|135\/257
|-damage|p1a: Delphox|71\/257|[from] Stealth Rock
|turn|12
|
|move|p1a: Delphox|Psyshock|p2a: Conkeldurr
|-supereffective|p2a: Conkeldurr
|-damage|p2a: Conkeldurr|0 fnt
|-damage|p1a: Delphox|46\/257|[from] item: Life Orb
|faint|p2a: Conkeldurr
|
|
|switch|p2a: Ambipom|Ambipom, L82, F|193\/257
|-damage|p2a: Ambipom|129\/257|[from] Spikes
|turn|13
|
|move|p2a: Ambipom|Return|p1a: Delphox
|-damage|p1a: Delphox|0 fnt
|faint|p1a: Delphox
|
|c|âTom Bus|where is my spinner?
|
|switch|p1a: Watchog|Watchog, L88, M|249\/249
|-damage|p1a: Watchog|218\/249|[from] Stealth Rock
|turn|14
|
|move|p2a: Ambipom|Return|p1a: Watchog
|-damage|p1a: Watchog|31\/249
|move|p1a: Watchog|Return|p2a: Ambipom
|-damage|p2a: Ambipom|0 fnt
|faint|p2a: Ambipom
|
|-heal|p1a: Watchog|46\/249|[from] item: Leftovers
|
|switch|p2a: Lunatone|Lunatone, L88|266\/266
|turn|15
|c|âTom Bus|pls
|
|move|p1a: Watchog|Hypnosis|p2a: Lunatone|[miss]
|-miss|p1a: Watchog|p2a: Lunatone
|move|p2a: Lunatone|Calm Mind|p2a: Lunatone
|-boost|p2a: Lunatone|spa|1
|-boost|p2a: Lunatone|spd|1
|
|-heal|p1a: Watchog|61\/249|[from] item: Leftovers
|turn|16
|c|âTom Bus|:[
|c|âTom Bus|:]
|c|âmack bus|youre missing again
|
|move|p1a: Watchog|Hypnosis|p2a: Lunatone
|-status|p2a: Lunatone|slp
|cant|p2a: Lunatone|slp
|
|-heal|p1a: Watchog|76\/249|[from] item: Leftovers
|turn|17
|c|âTom Bus|yes
|c|âTom Bus|Ah
|c|âmack bus|fustard
|
|move|p1a: Watchog|Substitute|p1a: Watchog
|-start|p1a: Watchog|Substitute
|-damage|p1a: Watchog|14\/249
|cant|p2a: Lunatone|slp
|
|-heal|p1a: Watchog|29\/249|[from] item: Leftovers
|turn|18
|
|move|p1a: Watchog|Super Fang|p2a: Lunatone
|-damage|p2a: Lunatone|133\/266 slp
|-curestatus|p2a: Lunatone|slp
|move|p2a: Lunatone|Hidden Power|p1a: Watchog
|-end|p1a: Watchog|Substitute
|
|-heal|p1a: Watchog|44\/249|[from] item: Leftovers
|-heal|p2a: Lunatone|149\/266|[from] item: Leftovers
|turn|19
|c|âTom Bus|yum\/404
|
|move|p1a: Watchog|Hypnosis|p2a: Lunatone
|-status|p2a: Lunatone|slp
|cant|p2a: Lunatone|slp
|
|-heal|p1a: Watchog|59\/249|[from] item: Leftovers
|-heal|p2a: Lunatone|165\/266 slp|[from] item: Leftovers
|turn|20
|c|âTom Bus|>:]
|
|move|p1a: Watchog|Super Fang|p2a: Lunatone
|-damage|p2a: Lunatone|83\/266 slp
|cant|p2a: Lunatone|slp
|
|-heal|p1a: Watchog|74\/249|[from] item: Leftovers
|-heal|p2a: Lunatone|99\/266 slp|[from] item: Leftovers
|turn|21
|
|move|p1a: Watchog|Substitute|p1a: Watchog
|-start|p1a: Watchog|Substitute
|-damage|p1a: Watchog|12\/249
|-curestatus|p2a: Lunatone|slp
|move|p2a: Lunatone|Hidden Power|p1a: Watchog
|-end|p1a: Watchog|Substitute
|
|-heal|p1a: Watchog|27\/249|[from] item: Leftovers
|-heal|p2a: Lunatone|115\/266|[from] item: Leftovers
|turn|22
|c|âTom Bus|:[
|c|âmack bus|time to miss again
|
|move|p1a: Watchog|Hypnosis|p2a: Lunatone|[miss]
|-miss|p1a: Watchog|p2a: Lunatone
|move|p2a: Lunatone|Hidden Power|p1a: Watchog
|-damage|p1a: Watchog|0 fnt
|faint|p1a: Watchog
|
|-heal|p2a: Lunatone|131\/266|[from] item: Leftovers
|c|âTom Bus|ARGH
|c|âTom Bus|it's time
|
|switch|p1a: Shuckle|Shuckle, L80, F|163\/163
|-damage|p1a: Shuckle|123\/163|[from] Stealth Rock
|turn|23
|
|move|p2a: Lunatone|Hidden Power|p1a: Shuckle
|-supereffective|p1a: Shuckle
|-damage|p1a: Shuckle|21\/163
|move|p1a: Shuckle|Infestation|p2a: Lunatone
|-supereffective|p2a: Lunatone
|-damage|p2a: Lunatone|123\/266
|-activate|p2a: Lunatone|move: Infestation|[of] p1a: Shuckle
|
|-heal|p2a: Lunatone|139\/266|[from] item: Leftovers
|-heal|p1a: Shuckle|31\/163|[from] item: Leftovers
|-damage|p2a: Lunatone|106\/266|[from] move: Infestation|[partiallytrapped]
|turn|24
|c|âTom Bus|shit
|c|âTom Bus|bus
|
|move|p2a: Lunatone|Hidden Power|p1a: Shuckle
|-supereffective|p1a: Shuckle
|-damage|p1a: Shuckle|0 fnt
|faint|p1a: Shuckle
|
|-heal|p2a: Lunatone|122\/266|[from] item: Leftovers
|-end|p2a: Lunatone|Infestation|[partiallytrapped]
|
|switch|p1a: Omastar|Omastar, L82, M|193\/249
|-damage|p1a: Omastar|162\/249|[from] Stealth Rock
|turn|25
|
|move|p2a: Lunatone|Hidden Power|p1a: Omastar
|-damage|p1a: Omastar|26\/249
|move|p1a: Omastar|Hydro Pump|p2a: Lunatone|[miss]
|-miss|p1a: Omastar|p2a: Lunatone
|
|-heal|p2a: Lunatone|138\/266|[from] item: Leftovers
|turn|26
|c|âTom Bus|moonsack
|c|âmack bus|yuuuuum
|
|move|p2a: Lunatone|Hidden Power|p1a: Omastar
|-damage|p1a: Omastar|0 fnt
|faint|p1a: Omastar
|
|win|mack bus