|join|40 the kid1
|join|Azure Strik3r
|player|p1|40 the kid1|169
|player|p2|Azure Strik3r|1
|gametype|singles
|gen|6
|tier|OU
|rated
|clearpoke
|poke|p1|Diancie
|poke|p1|Azumarill, M
|poke|p1|Talonflame, M
|poke|p1|Ferrothorn, M
|poke|p1|Mew
|poke|p1|Latias, F
|poke|p2|Ferrothorn, F
|poke|p2|Tyranitar, M
|poke|p2|Landorus, M
|poke|p2|Excadrill, M
|poke|p2|Azumarill, F
|poke|p2|Lopunny, F
|rule|Swagger Clause: Swagger is banned
|rule|Baton Pass Clause: Limit one PokÃ©mon knowing Baton Pass
|rule|Sleep Clause Mod: Limit one foe put to sleep
|rule|Species Clause: Limit one of each PokÃ©mon
|rule|OHKO Clause: OHKO moves are banned
|rule|Moody Clause: Moody is banned
|rule|Evasion Moves Clause: Evasion moves are banned
|rule|Endless Battle Clause: Forcing endless battles is banned
|rule|HP Percentage Mod: HP is shown in percentages
|teampreview
|join|hand relief
|
|start
|switch|p1a: Diancie|Diancie|241\/241
|switch|p2a: Tyranitar|Tyranitar, M|403\/403
|-weather|Sandstorm
|turn|1
|
|detailschange|p1a: Diancie|Diancie-Mega
|-mega|p1a: Diancie|Diancie|Diancite
|move|p1a: Diancie|Protect|p1a: Diancie
|-singleturn|p1a: Diancie|Protect
|move|p2a: Tyranitar|Stealth Rock|p1a: Diancie
|move|p1a: Diancie|Stealth Rock|p2a: Tyranitar|[from]Magic Bounce
|-sidestart|p2: Azure Strik3r|move: Stealth Rock
|
|-weather|Sandstorm|[upkeep]
|turn|2
|
|switch|p2a: Ferrothorn|Ferrothorn, F|352\/352
|-damage|p2a: Ferrothorn|330\/352|[from] Stealth Rock
|move|p1a: Diancie|Moonblast|p2a: Ferrothorn
|-resisted|p2a: Ferrothorn
|-damage|p2a: Ferrothorn|255\/352
|
|-weather|Sandstorm|[upkeep]
|-heal|p2a: Ferrothorn|277\/352|[from] item: Leftovers
|turn|3
|
|switch|p1a: Mew|Mew|404\/404
|move|p2a: Ferrothorn|Gyro Ball|p1a: Mew
|-damage|p1a: Mew|233\/404
|
|-weather|Sandstorm|[upkeep]
|-damage|p1a: Mew|208\/404|[from] sandstorm
|-heal|p1a: Mew|233\/404|[from] item: Leftovers
|-heal|p2a: Ferrothorn|299\/352|[from] item: Leftovers
|turn|4
|join|Prankster
|
|move|p1a: Mew|Will-O-Wisp|p2a: Ferrothorn
|-status|p2a: Ferrothorn|brn
|move|p2a: Ferrothorn|Leech Seed|p1a: Mew|[miss]
|-miss|p2a: Ferrothorn|p1a: Mew
|
|-weather|Sandstorm|[upkeep]
|-damage|p1a: Mew|208\/404|[from] sandstorm
|-heal|p1a: Mew|233\/404|[from] item: Leftovers
|-heal|p2a: Ferrothorn|321\/352 brn|[from] item: Leftovers
|-damage|p2a: Ferrothorn|277\/352 brn|[from] brn
|turn|5
|
|switch|p2a: Landorus|Landorus, M|319\/319
|-damage|p2a: Landorus|280\/319|[from] Stealth Rock
|move|p1a: Mew|Taunt|p2a: Landorus
|-start|p2a: Landorus|move: Taunt
|
|-weather|Sandstorm|[upkeep]
|-damage|p1a: Mew|208\/404|[from] sandstorm
|-heal|p1a: Mew|233\/404|[from] item: Leftovers
|turn|6
|
|switch|p1a: Latias|Latias, F|299\/299
|move|p2a: Landorus|Knock Off|p1a: Latias
|-supereffective|p1a: Latias
|-damage|p1a: Latias|49\/299
|-enditem|p1a: Latias|Life Orb|[from] move: Knock Off|[of] p2a: Landorus
|-damage|p2a: Landorus|249\/319|[from] item: Life Orb
|
|-weather|Sandstorm|[upkeep]
|-damage|p1a: Latias|31\/299|[from] sandstorm
|turn|7
|
|switch|p2a: Tyranitar|Tyranitar, M|403\/403
|-damage|p2a: Tyranitar|353\/403|[from] Stealth Rock
|move|p1a: Latias|Roost|p1a: Latias
|-heal|p1a: Latias|181\/299
|
|-weather|Sandstorm|[upkeep]
|-damage|p1a: Latias|163\/299|[from] sandstorm
|turn|8
|
|move|p2a: Tyranitar|Pursuit|p1a: Latias|[from]Pursuit
|-supereffective|p1a: Latias
|-damage|p1a: Latias|0 fnt
|faint|p1a: Latias
|
|-weather|none
|
|switch|p1a: Diancie|Diancie-Mega|241\/241
|turn|9
|
|switch|p2a: Ferrothorn|Ferrothorn, F|277\/352 brn
|-damage|p2a: Ferrothorn|255\/352 brn|[from] Stealth Rock
|move|p1a: Diancie|Earth Power|p2a: Ferrothorn
|-damage|p2a: Ferrothorn|162\/352 brn
|
|-heal|p2a: Ferrothorn|184\/352 brn|[from] item: Leftovers
|-damage|p2a: Ferrothorn|140\/352 brn|[from] brn
|turn|10
|
|move|p1a: Diancie|Protect|p1a: Diancie
|-singleturn|p1a: Diancie|Protect
|move|p2a: Ferrothorn|Gyro Ball|p1a: Diancie
|-activate|p1a: Diancie|Protect
|
|-heal|p2a: Ferrothorn|162\/352 brn|[from] item: Leftovers
|-damage|p2a: Ferrothorn|118\/352 brn|[from] brn
|turn|11
|
|switch|p1a: Ferrothorn|Ferrothorn, M|352\/352
|move|p2a: Ferrothorn|Spikes|p1a: Ferrothorn
|-sidestart|p1: 40 the kid1|Spikes
|
|-heal|p2a: Ferrothorn|140\/352 brn|[from] item: Leftovers
|-damage|p2a: Ferrothorn|96\/352 brn|[from] brn
|turn|12
|
|switch|p1a: Mew|Mew|233\/404
|-damage|p1a: Mew|183\/404|[from] Spikes
|move|p2a: Ferrothorn|Spikes|p1a: Mew
|-sidestart|p1: 40 the kid1|Spikes
|
|-heal|p1a: Mew|208\/404|[from] item: Leftovers
|-heal|p2a: Ferrothorn|118\/352 brn|[from] item: Leftovers
|-damage|p2a: Ferrothorn|74\/352 brn|[from] brn
|turn|13
|
|move|p1a: Mew|Taunt|p2a: Ferrothorn
|-start|p2a: Ferrothorn|move: Taunt
|cant|p2a: Ferrothorn|move: Taunt|Leech Seed
|
|-heal|p1a: Mew|233\/404|[from] item: Leftovers
|-heal|p2a: Ferrothorn|96\/352 brn|[from] item: Leftovers
|-damage|p2a: Ferrothorn|52\/352 brn|[from] brn
|turn|14
|
|move|p1a: Mew|Roost|p1a: Mew
|-heal|p1a: Mew|404\/404
|move|p2a: Ferrothorn|Gyro Ball|p1a: Mew
|-damage|p1a: Mew|322\/404
|
|-heal|p1a: Mew|347\/404|[from] item: Leftovers
|-heal|p2a: Ferrothorn|74\/352 brn|[from] item: Leftovers
|-damage|p2a: Ferrothorn|30\/352 brn|[from] brn
|turn|15
|
|move|p1a: Mew|Knock Off|p2a: Ferrothorn
|-damage|p2a: Ferrothorn|0 fnt
|-damage|p1a: Mew|297\/404|[from] ability: Iron Barbs|[of] p2a: Ferrothorn
|-enditem|p2a: Ferrothorn|Leftovers|[from] move: Knock Off|[of] p1a: Mew
|faint|p2a: Ferrothorn
|
|-heal|p1a: Mew|322\/404|[from] item: Leftovers
|
|switch|p2a: Tyranitar|Tyranitar, M|353\/403
|-damage|p2a: Tyranitar|303\/403|[from] Stealth Rock
|-weather|Sandstorm
|turn|16
|
|move|p1a: Mew|Taunt|p2a: Tyranitar
|-start|p2a: Tyranitar|move: Taunt
|move|p2a: Tyranitar|Pursuit|p1a: Mew
|-supereffective|p1a: Mew
|-damage|p1a: Mew|200\/404
|
|-weather|Sandstorm|[upkeep]
|-damage|p1a: Mew|175\/404|[from] sandstorm
|-heal|p1a: Mew|200\/404|[from] item: Leftovers
|turn|17
|
|switch|p2a: Landorus|Landorus, M|249\/319
|-damage|p2a: Landorus|210\/319|[from] Stealth Rock
|move|p1a: Mew|Will-O-Wisp|p2a: Landorus
|-status|p2a: Landorus|brn
|
|-weather|Sandstorm|[upkeep]
|-damage|p1a: Mew|175\/404|[from] sandstorm
|-heal|p1a: Mew|200\/404|[from] item: Leftovers
|-damage|p2a: Landorus|171\/319 brn|[from] brn
|turn|18
|
|move|p2a: Landorus|Earth Power|p1a: Mew
|-damage|p1a: Mew|5\/404
|move|p1a: Mew|Roost|p1a: Mew
|-heal|p1a: Mew|207\/404
|
|-weather|Sandstorm|[upkeep]
|-damage|p1a: Mew|182\/404|[from] sandstorm
|-heal|p1a: Mew|207\/404|[from] item: Leftovers
|-damage|p2a: Landorus|132\/319 brn|[from] brn
|turn|19
|
|move|p2a: Landorus|Knock Off|p1a: Mew
|-supereffective|p1a: Mew
|-damage|p1a: Mew|77\/404
|-enditem|p1a: Mew|Leftovers|[from] move: Knock Off|[of] p2a: Landorus
|-damage|p2a: Landorus|101\/319 brn|[from] item: Life Orb
|move|p1a: Mew|Roost|p1a: Mew
|-heal|p1a: Mew|279\/404
|
|-weather|Sandstorm|[upkeep]
|-damage|p1a: Mew|254\/404|[from] sandstorm
|-damage|p2a: Landorus|62\/319 brn|[from] brn
|turn|20
|
|move|p2a: Landorus|Earth Power|p1a: Mew
|-damage|p1a: Mew|58\/404
|move|p1a: Mew|Roost|p1a: Mew
|-heal|p1a: Mew|260\/404
|
|-weather|Sandstorm|[upkeep]
|-damage|p1a: Mew|235\/404|[from] sandstorm
|-damage|p2a: Landorus|23\/319 brn|[from] brn
|turn|21
|
|move|p2a: Landorus|Earth Power|p1a: Mew
|-damage|p1a: Mew|21\/404
|move|p1a: Mew|Roost|p1a: Mew
|-heal|p1a: Mew|223\/404
|
|-weather|Sandstorm|[upkeep]
|-damage|p1a: Mew|198\/404|[from] sandstorm
|-damage|p2a: Landorus|0 fnt|[from] brn
|faint|p2a: Landorus
|
|switch|p2a: Lopunny|Lopunny, F|272\/272
|-damage|p2a: Lopunny|238\/272|[from] Stealth Rock
|turn|22
|
|detailschange|p2a: Lopunny|Lopunny-Mega, F
|-mega|p2a: Lopunny|Lopunny|Lopunnite
|move|p2a: Lopunny|Fake Out|p1a: Mew
|-damage|p1a: Mew|129\/404
|cant|p1a: Mew|flinch
|
|-weather|Sandstorm|[upkeep]
|-damage|p2a: Lopunny|221\/272|[from] sandstorm
|-damage|p1a: Mew|104\/404|[from] sandstorm
|turn|23
|join|Outrageous Fortune
|
|move|p2a: Lopunny|Return|p1a: Mew
|-damage|p1a: Mew|0 fnt
|faint|p1a: Mew
|
|-weather|none
|
|switch|p1a: Talonflame|Talonflame, M|297\/297
|turn|24
|
|switch|p2a: Tyranitar|Tyranitar, M|303\/403
|-damage|p2a: Tyranitar|253\/403|[from] Stealth Rock
|-weather|Sandstorm
|move|p1a: Talonflame|U-turn|p2a: Tyranitar
|-supereffective|p2a: Tyranitar
|-damage|p2a: Tyranitar|119\/403
|
|switch|p1a: Diancie|Diancie-Mega|241\/241
|-damage|p1a: Diancie|201\/241|[from] Spikes
|
|-weather|Sandstorm|[upkeep]
|turn|25
|
|switch|p2a: Azumarill|Azumarill, F|401\/401
|-damage|p2a: Azumarill|351\/401|[from] Stealth Rock
|move|p1a: Diancie|Earth Power|p2a: Azumarill
|-damage|p2a: Azumarill|246\/401
|-unboost|p2a: Azumarill|spd|1
|
|-weather|Sandstorm|[upkeep]
|-damage|p2a: Azumarill|221\/401|[from] sandstorm
|turn|26
|
|move|p2a: Azumarill|Aqua Jet|p1a: Diancie
|-supereffective|p1a: Diancie
|-damage|p1a: Diancie|37\/241
|move|p1a: Diancie|Moonblast|p2a: Azumarill
|-damage|p2a: Azumarill|1\/401
|
|-weather|Sandstorm|[upkeep]
|-damage|p2a: Azumarill|0 fnt|[from] sandstorm
|faint|p2a: Azumarill
|
|switch|p2a: Lopunny|Lopunny-Mega, F|221\/272
|-damage|p2a: Lopunny|204\/272|[from] Stealth Rock
|turn|27
|
|move|p1a: Diancie|Protect|p1a: Diancie
|-singleturn|p1a: Diancie|Protect
|move|p2a: Lopunny|Return|p1a: Diancie
|-activate|p1a: Diancie|Protect
|
|-weather|Sandstorm|[upkeep]
|-damage|p2a: Lopunny|187\/272|[from] sandstorm
|turn|28
|
|move|p2a: Lopunny|Return|p1a: Diancie
|-resisted|p1a: Diancie
|-damage|p1a: Diancie|0 fnt
|faint|p1a: Diancie
|
|-weather|Sandstorm|[upkeep]
|-damage|p2a: Lopunny|170\/272|[from] sandstorm
|
|switch|p1a: Talonflame|Talonflame, M|297\/297
|turn|29
|
|move|p1a: Talonflame|Brave Bird|p2a: Lopunny
|-supereffective|p2a: Lopunny
|-damage|p2a: Lopunny|0 fnt
|-damage|p1a: Talonflame|241\/297|[from] recoil|[of] p2a: Lopunny
|faint|p2a: Lopunny
|
|-weather|Sandstorm|[upkeep]
|-damage|p1a: Talonflame|223\/297|[from] sandstorm
|
|switch|p2a: Excadrill|Excadrill, M|361\/361
|-damage|p2a: Excadrill|350\/361|[from] Stealth Rock
|turn|30
|
|move|p1a: Talonflame|Brave Bird|p2a: Excadrill
|-resisted|p2a: Excadrill
|-damage|p2a: Excadrill|217\/361
|-damage|p1a: Talonflame|179\/297|[from] recoil|[of] p2a: Excadrill
|move|p2a: Excadrill|Swords Dance|p2a: Excadrill
|-boost|p2a: Excadrill|atk|2
|
|-weather|Sandstorm|[upkeep]
|-damage|p1a: Talonflame|161\/297|[from] sandstorm
|turn|31
|
|move|p1a: Talonflame|Brave Bird|p2a: Excadrill
|-resisted|p2a: Excadrill
|-damage|p2a: Excadrill|75\/361
|-damage|p1a: Talonflame|114\/297|[from] recoil|[of] p2a: Excadrill
|move|p2a: Excadrill|Rock Slide|p1a: Talonflame
|-supereffective|p1a: Talonflame
|-damage|p1a: Talonflame|0 fnt
|-damage|p2a: Excadrill|39\/361|[from] item: Life Orb
|faint|p1a: Talonflame
|
|-weather|none
|
|switch|p1a: Azumarill|Azumarill, M|386\/386
|-damage|p1a: Azumarill|322\/386|[from] Spikes
|turn|32
|
|move|p1a: Azumarill|Aqua Jet|p2a: Excadrill
|-supereffective|p2a: Excadrill
|-damage|p2a: Excadrill|0 fnt
|faint|p2a: Excadrill
|
|
|switch|p2a: Tyranitar|Tyranitar, M|119\/403
|-damage|p2a: Tyranitar|69\/403|[from] Stealth Rock
|-weather|Sandstorm
|turn|33
|
|move|p1a: Azumarill|Aqua Jet|p2a: Tyranitar
|-supereffective|p2a: Tyranitar
|-damage|p2a: Tyranitar|0 fnt
|faint|p2a: Tyranitar
|
|win|40 the kid1
|raw|Ladder updating...
|raw|40 the kid1's rating: 1597 &rarr; <strong>1612<\/strong><br \/>(+15 for winning)
|raw|Azure Strik3r's rating: 1507 &rarr; <strong>1492<\/strong><br \/>(-15 for losing)