|join|back in my life
|join|40 the kid1
|player|p1|back in my life|137
|player|p2|40 the kid1|169
|gametype|singles
|gen|6
|tier|OU
|rated
|clearpoke
|poke|p1|Garchomp, F
|poke|p1|Breloom, M
|poke|p1|Landorus, M
|poke|p1|Gardevoir, F
|poke|p1|Bisharp, F
|poke|p1|Latias, F
|poke|p2|Diancie
|poke|p2|Azumarill, M
|poke|p2|Talonflame, M
|poke|p2|Ferrothorn, M
|poke|p2|Mew
|poke|p2|Latias, F
|rule|Swagger Clause: Swagger is banned
|rule|Baton Pass Clause: Limit one PokÃ©mon knowing Baton Pass
|rule|Sleep Clause Mod: Limit one foe put to sleep
|rule|Species Clause: Limit one of each PokÃ©mon
|rule|OHKO Clause: OHKO moves are banned
|rule|Moody Clause: Moody is banned
|rule|Evasion Moves Clause: Evasion moves are banned
|rule|Endless Battle Clause: Forcing endless battles is banned
|rule|HP Percentage Mod: HP is shown in percentages
|teampreview
|
|start
|switch|p1a: Garchomp|Garchomp, F|357\/357
|switch|p2a: Diancie|Diancie|241\/241
|turn|1
|
|detailschange|p2a: Diancie|Diancie-Mega
|-mega|p2a: Diancie|Diancie|Diancite
|move|p2a: Diancie|Protect|p2a: Diancie
|-singleturn|p2a: Diancie|Protect
|move|p1a: Garchomp|Earthquake|p2a: Diancie
|-activate|p2a: Diancie|Protect
|
|turn|2
|
|move|p2a: Diancie|Moonblast|p1a: Garchomp
|-supereffective|p1a: Garchomp
|-enditem|p1a: Garchomp|Focus Sash
|-damage|p1a: Garchomp|1\/357
|move|p1a: Garchomp|Stealth Rock|p2a: Diancie
|move|p2a: Diancie|Stealth Rock|p1a: Garchomp|[from]Magic Bounce
|-sidestart|p1: back in my life|move: Stealth Rock
|
|turn|3
|
|move|p2a: Diancie|Moonblast|p1a: Garchomp
|-supereffective|p1a: Garchomp
|-damage|p1a: Garchomp|0 fnt
|faint|p1a: Garchomp
|
|
|switch|p1a: Landorus|Landorus, M|319\/319
|-damage|p1a: Landorus|280\/319|[from] Stealth Rock
|turn|4
|
|switch|p2a: Latias|Latias, F|301\/301
|move|p1a: Landorus|Earth Power|p2a: Latias
|-immune|p2a: Latias|[msg]
|
|turn|5
|
|switch|p1a: Bisharp|Bisharp, F|271\/271
|-damage|p1a: Bisharp|255\/271|[from] Stealth Rock
|move|p2a: Latias|Draco Meteor|p1a: Bisharp
|-resisted|p1a: Bisharp
|-damage|p1a: Bisharp|78\/271
|-unboost|p2a: Latias|spa|2
|-damage|p2a: Latias|271\/301|[from] item: Life Orb
|
|turn|6
|
|move|p2a: Latias|Draco Meteor|p1a: Bisharp
|-resisted|p1a: Bisharp
|-damage|p1a: Bisharp|0 fnt
|-unboost|p2a: Latias|spa|2
|-damage|p2a: Latias|241\/301|[from] item: Life Orb
|faint|p1a: Bisharp
|
|-message|back in my life forfeited.
|
|win|40 the kid1
|raw|Ladder updating...
|raw|back in my life's rating: 1753 &rarr; <strong>1731<\/strong><br \/>(-22 for losing)
|raw|40 the kid1's rating: 1723 &rarr; <strong>1745<\/strong><br \/>(+22 for winning)
|leave|back in my life
|player|p1