|join|40 the kid1
|join|naneek
|player|p1|40 the kid1|169
|player|p2|naneek|46
|gametype|singles
|gen|6
|tier|OU
|rated
|clearpoke
|poke|p1|Diancie
|poke|p1|Azumarill, F
|poke|p1|Talonflame, F
|poke|p1|Ferrothorn, M
|poke|p1|Mew
|poke|p1|Latias, F
|poke|p2|Manectric, M
|poke|p2|Scizor, F
|poke|p2|Landorus-Therian, M
|poke|p2|Latias, F
|poke|p2|Keldeo
|poke|p2|Bisharp, M
|rule|Swagger Clause: Swagger is banned
|rule|Baton Pass Clause: Limit one PokÃ©mon knowing Baton Pass
|rule|Sleep Clause Mod: Limit one foe put to sleep
|rule|Species Clause: Limit one of each PokÃ©mon
|rule|OHKO Clause: OHKO moves are banned
|rule|Moody Clause: Moody is banned
|rule|Evasion Moves Clause: Evasion moves are banned
|rule|Endless Battle Clause: Forcing endless battles is banned
|rule|HP Percentage Mod: HP is shown in percentages
|teampreview
|join|Outrageous Fortune
|join|Updated Kanto
|join|kektus
|
|start
|switch|p1a: Diancie|Diancie|241\/241
|switch|p2a: Manectric|Manectric, M|281\/281
|turn|1
|c| kektus|EL COMP!
|
|detailschange|p2a: Manectric|Manectric-Mega, M
|-mega|p2a: Manectric|Manectric|Manectite
|-ability|p2a: Manectric|Intimidate|[of] p1a: Diancie
|-fail|p1a: Diancie|unboost|[from] ability: Clear Body|[of] p1a: Diancie
|detailschange|p1a: Diancie|Diancie-Mega
|-mega|p1a: Diancie|Diancie|Diancite
|move|p1a: Diancie|Protect|p1a: Diancie
|-singleturn|p1a: Diancie|Protect
|move|p2a: Manectric|Volt Switch|p1a: Diancie
|-activate|p1a: Diancie|Protect
|
|turn|2
|
|move|p2a: Manectric|Volt Switch|p1a: Diancie
|-damage|p1a: Diancie|130\/241
|
|switch|p2a: Latias|Latias, F|321\/321
|move|p1a: Diancie|Moonblast|p2a: Latias
|-supereffective|p2a: Latias
|-damage|p2a: Latias|27\/321
|-unboost|p2a: Latias|spa|1
|
|turn|3
|
|move|p2a: Latias|Psyshock|p1a: Diancie
|-damage|p1a: Diancie|31\/241
|-damage|p2a: Latias|0 fnt|[from] item: Life Orb
|faint|p2a: Latias
|move|p1a: Diancie|Moonblast|p2: Latias|[notarget]
|-notarget
|
|c|â40 the kid1|hm.
|join|Yiffeon
|join|hand relief
|
|switch|p2a: Manectric|Manectric-Mega, M|281\/281
|-ability|p2a: Manectric|Intimidate|[of] p1a: Diancie
|-unboost|p1a: Diancie|atk|1
|turn|4
|c| hand relief|c0mp
|
|switch|p1a: Mew|Mew|404\/404
|move|p2a: Manectric|Thunderbolt|p1a: Mew
|-damage|p1a: Mew|277\/404
|
|-heal|p1a: Mew|302\/404|[from] item: Leftovers
|turn|5
|c| hand relief|im pretty sure u canned this kid last nite
|c| hand relief|like 14 hours ago
|c|â40 the kid1|el hax
|c| Updated Kanto|14 hours ago was morning
|c| Updated Kanto|xD
|
|move|p2a: Manectric|Volt Switch|p1a: Mew
|-crit|p1a: Mew
|-damage|p1a: Mew|149\/404
|c| hand relief|shut up amerifag
|c|â40 the kid1|ok
|
|switch|p2a: Keldeo|Keldeo|323\/323
|move|p1a: Mew|Will-O-Wisp|p2a: Keldeo
|-status|p2a: Keldeo|brn
|
|-heal|p1a: Mew|174\/404|[from] item: Leftovers
|-damage|p2a: Keldeo|283\/323 brn|[from] brn
|turn|6
|c| Outrageous Fortune|kanto el kid
|c| Updated Kanto|w-wow
|c| Updated Kanto|so violent
|c| Updated Kanto|:(
|c|â40 the kid1|kanto the kid!
|c| hand relief|HIGH IMPACT SEXUAL VIOLENCE
|
|switch|p1a: Latias|Latias, F|301\/301
|move|p2a: Keldeo|Calm Mind|p2a: Keldeo
|-boost|p2a: Keldeo|spa|1
|-boost|p2a: Keldeo|spd|1
|
|-heal|p2a: Keldeo|303\/323 brn|[from] item: Leftovers
|-damage|p2a: Keldeo|263\/323 brn|[from] brn
|turn|7
|c| hand relief|KANTO= VICTIM
|c| hand relief|\/me violence kanto
|
|switch|p2a: Bisharp|Bisharp, M|271\/271
|move|p1a: Latias|Draco Meteor|p2a: Bisharp
|-resisted|p2a: Bisharp
|-damage|p2a: Bisharp|83\/271
|-unboost|p1a: Latias|spa|2
|-damage|p1a: Latias|271\/301|[from] item: Life Orb
|
|turn|8
|join|Biz
|join|Apathos
|
|move|p2a: Bisharp|Sucker Punch|p1a: Latias
|-fail|p1a: Latias
|move|p1a: Latias|Healing Wish|p1a: Latias
|faint|p1a: Latias
|
|c| Outrageous Fortune|m
|c| Outrageous Fortune|f
|c| Outrageous Fortune|w
|c| Outrageous Fortune|!
|c| Outrageous Fortune|>.>
|
|switch|p1a: Diancie|Diancie-Mega|31\/241
|-heal|p1a: Diancie|241\/241|[from] move: Healing Wish
|turn|9
|
|move|p1a: Diancie|Moonblast|p2a: Bisharp
|-damage|p2a: Bisharp|0 fnt
|faint|p2a: Bisharp
|
|
|switch|p2a: Scizor|Scizor, F|281\/281
|turn|10
|
|move|p1a: Diancie|Protect|p1a: Diancie
|-singleturn|p1a: Diancie|Protect
|move|p2a: Scizor|Swords Dance|p2a: Scizor
|-boost|p2a: Scizor|atk|2
|
|turn|11
|c| Apathos|Nice nice now our dead
|c| Apathos|*your
|
|switch|p1a: Talonflame|Talonflame, F|297\/297
|move|p2a: Scizor|Bullet Punch|p1a: Talonflame
|-resisted|p1a: Talonflame
|-damage|p1a: Talonflame|92\/297
|-damage|p2a: Scizor|253\/281|[from] item: Life Orb
|
|turn|12
|c| Updated Kanto|c0mp = noob
|c| hand relief|el choke faec
|
|move|p1a: Talonflame|Brave Bird|p2a: Scizor
|-crit|p2a: Scizor
|-damage|p2a: Scizor|0 fnt
|-damage|p1a: Talonflame|9\/297|[from] recoil|[of] p2a: Scizor
|faint|p2a: Scizor
|
|c| Apathos|WE DID IT REDDIT
|c| hand relief|chokey the kid
|
|switch|p2a: Manectric|Manectric-Mega, M|281\/281
|-ability|p2a: Manectric|Intimidate|[of] p1a: Talonflame
|-unboost|p1a: Talonflame|atk|1
|turn|13
|
|move|p1a: Talonflame|Brave Bird|p2a: Manectric
|-resisted|p2a: Manectric
|-damage|p2a: Manectric|212\/281
|-damage|p1a: Talonflame|0 fnt|[from] recoil|[of] p2a: Manectric
|faint|p1a: Talonflame
|move|p2a: Manectric|Volt Switch|p1: Talonflame|[notarget]
|-notarget
|
|
|switch|p1a: Mew|Mew|174\/404
|turn|14
|
|move|p2a: Manectric|Volt Switch|p1a: Mew
|-damage|p1a: Mew|63\/404
|
|switch|p2a: Keldeo|Keldeo|263\/323 brn
|move|p1a: Mew|Roost|p1a: Mew
|-heal|p1a: Mew|265\/404
|
|-heal|p2a: Keldeo|283\/323 brn|[from] item: Leftovers
|-heal|p1a: Mew|290\/404|[from] item: Leftovers
|-damage|p2a: Keldeo|243\/323 brn|[from] brn
|turn|15
|
|switch|p1a: Azumarill|Azumarill, F|386\/386
|move|p2a: Keldeo|Calm Mind|p2a: Keldeo
|-boost|p2a: Keldeo|spa|1
|-boost|p2a: Keldeo|spd|1
|
|-heal|p2a: Keldeo|263\/323 brn|[from] item: Leftovers
|-damage|p2a: Keldeo|223\/323 brn|[from] brn
|turn|16
|
|move|p2a: Keldeo|Scald|p1a: Azumarill
|-resisted|p1a: Azumarill
|-damage|p1a: Azumarill|267\/386
|move|p1a: Azumarill|Belly Drum|p1a: Azumarill
|-damage|p1a: Azumarill|74\/386
|-setboost|p1a: Azumarill|atk|6|[from] move: Belly Drum
|-enditem|p1a: Azumarill|Sitrus Berry|[eat]
|-heal|p1a: Azumarill|170\/386|[from] item: Sitrus Berry
|
|-heal|p2a: Keldeo|243\/323 brn|[from] item: Leftovers
|-damage|p2a: Keldeo|203\/323 brn|[from] brn
|turn|17
|c| kektus|el kid
|join|Henry
|c| Biz|guaranteed kills
|
|move|p1a: Azumarill|Aqua Jet|p2a: Keldeo
|-resisted|p2a: Keldeo
|-damage|p2a: Keldeo|9\/323 brn
|move|p2a: Keldeo|Scald|p1a: Azumarill
|-resisted|p1a: Azumarill
|-damage|p1a: Azumarill|44\/386
|-status|p1a: Azumarill|brn
|
|-heal|p2a: Keldeo|29\/323 brn|[from] item: Leftovers
|-damage|p2a: Keldeo|0 fnt|[from] brn
|-damage|p1a: Azumarill|0 fnt|[from] brn
|faint|p2a: Keldeo
|faint|p1a: Azumarill
|c| hand relief|boosty the kid back in action
|c|â40 the kid1|haxy the kid
|c| hand relief|kek i love "the kid" memes
|join|craing
|
|switch|p1a: Mew|Mew|290\/404
|switch|p2a: Landorus-Therian|Landorus-Therian, M|381\/381
|-ability|p2a: Landorus-Therian|Intimidate|[of] p1a: Mew
|-unboost|p1a: Mew|atk|1
|turn|18
|c| hand relief|pivoty the kid
|
|move|p1a: Mew|Will-O-Wisp|p2a: Landorus-Therian
|-status|p2a: Landorus-Therian|brn
|move|p2a: Landorus-Therian|U-turn|p1a: Mew
|-supereffective|p1a: Mew
|-damage|p1a: Mew|218\/404
|c|â40 the kid1|kek
|-message|naneek forfeited.
|leave|naneek
|c|â40 the kid1|i liked that one
|leave|Henry
|c|â40 the kid1|>>>>>>>
|
|switch|p2a: Manectric|Manectric-Mega, M|212\/281
|-ability|p2a: Manectric|Intimidate|[of] p1a: Mew
|-unboost|p1a: Mew|atk|1
|
|-heal|p1a: Mew|243\/404|[from] item: Leftovers
|turn|19
|c| hand relief|el voltturn core
|
|win|40 the kid1
|raw|Ladder updating...
|player|p2
|c| hand relief|only mons left
|leave|Outrageous Fortune
|raw|40 the kid1's rating: 1751 &rarr; <strong>1769<\/strong><br \/>(+18 for winning)
|raw|naneek's rating: 1713 &rarr; <strong>1695<\/strong><br \/>(-18 for losing)