|join|Bic Wahn
|join|god dayum
|player|p1|Bic Wahn|145
|player|p2|god dayum|68
|gametype|singles
|gen|6
|tier|OU
|rated
|clearpoke
|poke|p1|Skarmory, M
|poke|p1|Azumarill, F
|poke|p1|Bisharp, M
|poke|p1|Garchomp, F
|poke|p1|Metagross
|poke|p1|Greninja, M
|poke|p2|Breloom, M
|poke|p2|Landorus-Therian, M
|poke|p2|Metagross, shiny
|poke|p2|Gothitelle, F
|poke|p2|Rotom-Wash
|poke|p2|Greninja, M, shiny
|rule|Swagger Clause: Swagger is banned
|rule|Baton Pass Clause: Limit one PokÃ©mon knowing Baton Pass
|rule|Sleep Clause Mod: Limit one foe put to sleep
|rule|Species Clause: Limit one of each PokÃ©mon
|rule|OHKO Clause: OHKO moves are banned
|rule|Moody Clause: Moody is banned
|rule|Evasion Moves Clause: Evasion moves are banned
|rule|Endless Battle Clause: Forcing endless battles is banned
|rule|HP Percentage Mod: HP is shown in percentages
|teampreview
|c|âgod dayum|hf
|
|start
|switch|p1a: Skarmory|Skarmory, M|271\/271
|switch|p2a: Gothitelle|Gothitelle, F|282\/282
|turn|1
|c|âBic Wahn|you too :]
|
|move|p1a: Skarmory|Spikes|p2a: Gothitelle
|-sidestart|p2: god dayum|Spikes
|move|p2a: Gothitelle|Trick|p1a: Skarmory
|-activate|p2a: Gothitelle|move: Trick|[of] p1a: Skarmory
|-item|p1a: Skarmory|Choice Specs|[from] move: Trick
|-item|p2a: Gothitelle|Mental Herb|[from] move: Trick
|
|turn|2
|
|move|p1a: Skarmory|Stealth Rock|p2a: Gothitelle
|-sidestart|p2: god dayum|move: Stealth Rock
|move|p2a: Gothitelle|Hidden Power|p1a: Skarmory
|-supereffective|p1a: Skarmory
|-damage|p1a: Skarmory|89\/271
|
|turn|3
|
|move|p1a: Skarmory|Stealth Rock|p2a: Gothitelle
|-fail|p2a: Gothitelle
|move|p2a: Gothitelle|Hidden Power|p1a: Skarmory
|-supereffective|p1a: Skarmory
|-damage|p1a: Skarmory|0 fnt
|faint|p1a: Skarmory
|
|
|switch|p1a: Bisharp|Bisharp, M|271\/271
|turn|4
|
|move|p1a: Bisharp|Knock Off|p2a: Gothitelle
|-supereffective|p2a: Gothitelle
|-damage|p2a: Gothitelle|0 fnt
|-enditem|p2a: Gothitelle|Mental Herb|[from] move: Knock Off|[of] p1a: Bisharp
|-damage|p1a: Bisharp|244\/271|[from] item: Life Orb
|faint|p2a: Gothitelle
|
|
|switch|p2a: Landorus-Therian|Landorus-Therian, M|382\/382
|-damage|p2a: Landorus-Therian|335\/382|[from] Stealth Rock
|-ability|p2a: Landorus-Therian|Intimidate|[of] p1a: Bisharp
|-unboost|p1a: Bisharp|atk|1
|-boost|p1a: Bisharp|atk|2|[from] ability: Defiant
|turn|5
|c|âgod dayum|OH SHIT
|c|âgod dayum|WHOOPSIE
|
|move|p1a: Bisharp|Sucker Punch|p2a: Landorus-Therian
|-damage|p2a: Landorus-Therian|117\/382
|-damage|p1a: Bisharp|217\/271|[from] item: Life Orb
|move|p2a: Landorus-Therian|Earthquake|p1a: Bisharp
|-supereffective|p1a: Bisharp
|-damage|p1a: Bisharp|0 fnt
|faint|p1a: Bisharp
|
|-heal|p2a: Landorus-Therian|140\/382|[from] item: Leftovers
|
|switch|p1a: Metagross|Metagross|302\/302
|turn|6
|
|detailschange|p1a: Metagross|Metagross-Mega
|message|Metagross has Mega Evolved into Mega Metagross!
|move|p1a: Metagross|Meteor Mash|p2a: Landorus-Therian
|-damage|p2a: Landorus-Therian|0 fnt
|faint|p2a: Landorus-Therian
|
|
|switch|p2a: Rotom-Wash|Rotom-Wash|304\/304
|-damage|p2a: Rotom-Wash|266\/304|[from] Stealth Rock
|turn|7
|
|switch|p1a: Greninja|Greninja, M|285\/285
|move|p2a: Rotom-Wash|Will-O-Wisp|p1a: Greninja
|-status|p1a: Greninja|brn
|
|-heal|p2a: Rotom-Wash|285\/304|[from] item: Leftovers
|-damage|p1a: Greninja|250\/285 brn|[from] brn
|turn|8
|
|move|p1a: Greninja|Dark Pulse|p2a: Rotom-Wash
|-start|p1a: Greninja|typechange|Dark|[from] Protean
|-damage|p2a: Rotom-Wash|180\/304
|-damage|p1a: Greninja|222\/285 brn|[from] item: Life Orb
|move|p2a: Rotom-Wash|Volt Switch|p1a: Greninja
|-damage|p1a: Greninja|104\/285 brn
|
|switch|p2a: Metagross|Metagross, shiny|302\/302
|-damage|p2a: Metagross|284\/302|[from] Stealth Rock
|-damage|p2a: Metagross|247\/302|[from] Spikes
|
|-damage|p1a: Greninja|69\/285 brn|[from] brn
|turn|9
|
|detailschange|p2a: Metagross|Metagross-Mega, shiny
|message|Metagross has Mega Evolved into Mega Metagross!
|move|p2a: Metagross|Bullet Punch|p1a: Greninja
|-damage|p1a: Greninja|0 fnt
|faint|p1a: Greninja
|
|
|switch|p1a: Garchomp|Garchomp, F|357\/357
|turn|10
|
|switch|p2a: Rotom-Wash|Rotom-Wash|180\/304
|-damage|p2a: Rotom-Wash|142\/304|[from] Stealth Rock
|move|p1a: Garchomp|Dragon Claw|p2a: Rotom-Wash
|-damage|p2a: Rotom-Wash|4\/304
|
|-heal|p2a: Rotom-Wash|23\/304|[from] item: Leftovers
|turn|11
|
|move|p1a: Garchomp|Dragon Claw|p2a: Rotom-Wash
|-damage|p2a: Rotom-Wash|0 fnt
|faint|p2a: Rotom-Wash
|
|
|switch|p2a: Metagross|Metagross-Mega, shiny|247\/302
|-damage|p2a: Metagross|210\/302|[from] Spikes
|-damage|p2a: Metagross|192\/302|[from] Stealth Rock
|turn|12
|
|switch|p1a: Metagross|Metagross-Mega|302\/302
|move|p2a: Metagross|Power-Up Punch|p1a: Metagross
|-damage|p1a: Metagross|253\/302
|-boost|p2a: Metagross|atk|1
|
|turn|13
|
|move|p2a: Metagross|Earthquake|p1a: Metagross
|-supereffective|p1a: Metagross
|-damage|p1a: Metagross|0 fnt
|faint|p1a: Metagross
|
|
|switch|p1a: Garchomp|Garchomp, F|357\/357
|turn|14
|
|move|p2a: Metagross|Bullet Punch|p1a: Garchomp
|-damage|p1a: Garchomp|204\/357
|-damage|p2a: Metagross|155\/302|[from] ability: Rough Skin|[of] p1a: Garchomp
|move|p1a: Garchomp|Earthquake|p2a: Metagross
|-supereffective|p2a: Metagross
|-damage|p2a: Metagross|0 fnt
|faint|p2a: Metagross
|
|
|switch|p2a: Breloom|Breloom, M|262\/262
|-damage|p2a: Breloom|246\/262|[from] Stealth Rock
|-damage|p2a: Breloom|214\/262|[from] Spikes
|turn|15
|
|switch|p1a: Azumarill|Azumarill, F|384\/384
|move|p2a: Breloom|Spore|p1a: Azumarill
|-status|p1a: Azumarill|slp
|
|-status|p2a: Breloom|tox|[from] item: Toxic Orb
|turn|16
|
|switch|p1a: Garchomp|Garchomp, F|204\/357
|move|p2a: Breloom|Substitute|p2a: Breloom
|-start|p2a: Breloom|Substitute
|-damage|p2a: Breloom|149\/262 tox
|
|-heal|p2a: Breloom|181\/262 tox|[from] ability: Poison Heal
|turn|17
|
|-singleturn|p2a: Breloom|move: Focus Punch
|move|p1a: Garchomp|Dragon Claw|p2a: Breloom
|-end|p2a: Breloom|Substitute
|move|p2a: Breloom|Focus Punch|p1a: Garchomp
|-damage|p1a: Garchomp|0 fnt
|-damage|p2a: Breloom|149\/262 tox|[from] ability: Rough Skin|[of] p1a: Garchomp
|faint|p1a: Garchomp
|
|-heal|p2a: Breloom|181\/262 tox|[from] ability: Poison Heal
|
|switch|p1a: Azumarill|Azumarill, F|384\/384 slp
|turn|18
|
|move|p2a: Breloom|Seed Bomb|p1a: Azumarill
|-supereffective|p1a: Azumarill
|-damage|p1a: Azumarill|34\/384 slp
|-enditem|p1a: Azumarill|Sitrus Berry|[eat]
|-heal|p1a: Azumarill|130\/384 slp|[from] item: Sitrus Berry
|cant|p1a: Azumarill|slp
|
|-heal|p2a: Breloom|213\/262 tox|[from] ability: Poison Heal
|turn|19
|c|âgod dayum|gg wp
|
|-curestatus|p1a: Azumarill|slp
|move|p1a: Azumarill|Aqua Jet|p2a: Breloom
|-resisted|p2a: Breloom
|-damage|p2a: Breloom|158\/262 tox
|move|p2a: Breloom|Seed Bomb|p1a: Azumarill
|-supereffective|p1a: Azumarill
|-damage|p1a: Azumarill|0 fnt
|faint|p1a: Azumarill
|
|win|god dayum
|raw|Ladder updating...
|raw|Bic Wahn's rating: 1340 &rarr; <strong>1318<\/strong><br \/>(-22 for losing)
|raw|god dayum's rating: 1314 &rarr; <strong>1335<\/strong><br \/>(+21 for winning)
|c|âBic Wahn|gg
|leave|Bic Wahn
|player|p1