|join|Luisinho fuleiro
|join|Bic Wahn
|player|p1|Luisinho fuleiro|256
|player|p2|Bic Wahn|145
|gametype|singles
|gen|6
|tier|OU (suspect test)
|rated
|clearpoke
|poke|p1|Landorus-Therian, M
|poke|p1|Quagsire, F
|poke|p1|Zapdos
|poke|p1|Heatran, M
|poke|p1|Mew
|poke|p1|Venusaur, F
|poke|p2|Keldeo
|poke|p2|Bisharp, F
|poke|p2|Lopunny, M
|poke|p2|Talonflame, M
|poke|p2|Latias, F
|poke|p2|Clefable, M
|rule|Swagger Clause: Swagger is banned
|rule|Baton Pass Clause: Limit one PokÃ©mon knowing Baton Pass
|rule|Sleep Clause Mod: Limit one foe put to sleep
|rule|Species Clause: Limit one of each PokÃ©mon
|rule|OHKO Clause: OHKO moves are banned
|rule|Moody Clause: Moody is banned
|rule|Evasion Moves Clause: Evasion moves are banned
|rule|Endless Battle Clause: Forcing endless battles is banned
|rule|HP Percentage Mod: HP is shown in percentages
|teampreview
|join|Tom Bus
|c| Tom Bus|this team is weird
|
|start
|switch|p1a: Landorus-Therian|Landorus-Therian, M|319\/319
|switch|p2a: Keldeo|Keldeo|323\/323
|-ability|p1a: Landorus-Therian|Intimidate|[of] p2a: Keldeo
|-unboost|p2a: Keldeo|atk|1
|turn|1
|c| Tom Bus|26-6. Not bad :]
|
|switch|p1a: Mew|Mew|404\/404
|move|p2a: Keldeo|Scald|p1a: Mew
|-damage|p1a: Mew|259\/404
|
|-heal|p1a: Mew|284\/404|[from] item: Leftovers
|turn|2
|
|switch|p2a: Talonflame|Talonflame, M|297\/297
|switch|p1a: Zapdos|Zapdos|384\/384
|-ability|p1a: Zapdos|Pressure
|
|turn|3
|
|switch|p2a: Latias|Latias, F|319\/319
|move|p1a: Zapdos|Thunderbolt|p2a: Latias
|-resisted|p2a: Latias
|-damage|p2a: Latias|250\/319
|
|turn|4
|
|switch|p1a: Heatran|Heatran, M|386\/386
|move|p2a: Latias|Draco Meteor|p1a: Heatran|[miss]
|-miss|p2a: Latias|p1a: Heatran
|
|turn|5
|
|switch|p2a: Keldeo|Keldeo|323\/323
|switch|p1a: Mew|Mew|284\/404
|
|-heal|p1a: Mew|309\/404|[from] item: Leftovers
|turn|6
|
|switch|p2a: Lopunny|Lopunny, M|271\/271
|move|p1a: Mew|Soft-Boiled|p1a: Mew
|-heal|p1a: Mew|404\/404
|
|turn|7
|c| Tom Bus|:]
|
|detailschange|p2a: Lopunny|Lopunny-Mega, M
|-mega|p2a: Lopunny|Lopunny|Lopunnite
|move|p2a: Lopunny|Substitute|p2a: Lopunny
|-start|p2a: Lopunny|Substitute
|-damage|p2a: Lopunny|204\/271
|move|p1a: Mew|Knock Off|p2a: Lopunny
|-resisted|p2a: Lopunny
|-activate|p2a: Lopunny|Substitute|[damage]
|
|turn|8
|c| Tom Bus|:]
|c|âBic Wahn|fucking finally
|c| Tom Bus|wait
|c| Tom Bus|why did you knock off?
|c|âBic Wahn|still not doing any work
|c|âLuisinho fuleiro|'-'
|
|move|p2a: Lopunny|Return|p1a: Mew
|-damage|p1a: Mew|221\/404
|move|p1a: Mew|Taunt|p2a: Lopunny
|-start|p2a: Lopunny|move: Taunt
|
|-heal|p1a: Mew|246\/404|[from] item: Leftovers
|turn|9
|c| Tom Bus|easy
|
|move|p2a: Lopunny|Return|p1a: Mew
|-damage|p1a: Mew|56\/404
|move|p1a: Mew|Soft-Boiled|p1a: Mew
|-heal|p1a: Mew|258\/404
|
|-heal|p1a: Mew|283\/404|[from] item: Leftovers
|turn|10
|c| Tom Bus|just crit this one
|c|âBic Wahn|nice crisp
|c| Tom Bus|or this one
|c| Tom Bus|come on, lopunny
|c| Tom Bus|It's not nicknamed!
|c|âLuisinho fuleiro|substitute,return,higy jump kick e fake out
|
|move|p2a: Lopunny|Return|p1a: Mew
|-damage|p1a: Mew|111\/404
|move|p1a: Mew|Soft-Boiled|p1a: Mew
|-heal|p1a: Mew|313\/404
|
|-heal|p1a: Mew|338\/404|[from] item: Leftovers
|turn|11
|c|âBic Wahn|yes.
|
|move|p2a: Lopunny|Return|p1a: Mew
|-damage|p1a: Mew|161\/404
|move|p1a: Mew|Soft-Boiled|p1a: Mew
|-heal|p1a: Mew|363\/404
|
|-heal|p1a: Mew|388\/404|[from] item: Leftovers
|-end|p2a: Lopunny|move: Taunt
|turn|12
|c| Tom Bus|sub toxic imo
|c|âLuisinho fuleiro|good
|
|move|p2a: Lopunny|Baton Pass|p2a: Lopunny
|
|switch|p2a: pls|Bisharp, F|271\/271
|move|p1a: Mew|Knock Off|p2a: pls
|-resisted|p2a: pls
|-activate|p2a: pls|Substitute|[damage]
|
|-heal|p1a: Mew|404\/404|[from] item: Leftovers
|turn|13
|c| Tom Bus|oh my lord
|c| Tom Bus|this game is over
|c|âBic Wahn|qgt
|
|switch|p1a: Quagsire|Quagsire, F|394\/394
|move|p2a: pls|Knock Off|p1a: Quagsire
|-damage|p1a: Quagsire|226\/394
|-enditem|p1a: Quagsire|Leftovers|[from] move: Knock Off|[of] p2a: pls
|-damage|p2a: pls|244\/271|[from] item: Life Orb
|
|turn|14
|c| Tom Bus|it's fine
|
|switch|p2a: Keldeo|Keldeo|323\/323
|move|p1a: Quagsire|Recover|p1a: Quagsire
|-heal|p1a: Quagsire|394\/394
|
|turn|15
|c|âLuisinho fuleiro|xD
|c| Tom Bus|just flinch him down
|c| Tom Bus|aw
|
|switch|p1a: Mew|Mew|404\/404
|move|p2a: Keldeo|Scald|p1a: Mew
|-damage|p1a: Mew|250\/404
|
|-heal|p1a: Mew|275\/404|[from] item: Leftovers
|turn|16
|
|switch|p1a: Venusaur|Venusaur, F|363\/363
|move|p2a: Keldeo|Scald|p1a: Venusaur
|-resisted|p1a: Venusaur
|-damage|p1a: Venusaur|252\/363
|
|turn|17
|c|âBic Wahn|sick burns
|
|switch|p2a: Latias|Latias, F|250\/319
|detailschange|p1a: Venusaur|Venusaur-Mega, F
|-mega|p1a: Venusaur|Venusaur|Venusaurite
|move|p1a: Venusaur|Sludge Bomb|p2a: Latias
|-crit|p2a: Latias
|-damage|p2a: Latias|94\/319
|
|turn|18
|c| Tom Bus|ok, you need to start hydroing so he realises how great mew is as a counter to keldeo
|
|switch|p1a: Heatran|Heatran, M|386\/386
|move|p2a: Latias|Roost|p2a: Latias
|-heal|p2a: Latias|254\/319
|
|turn|19
|
|switch|p2a: Keldeo|Keldeo|323\/323
|move|p1a: Heatran|Lava Plume|p2a: Keldeo
|-resisted|p2a: Keldeo
|-damage|p2a: Keldeo|256\/323
|
|turn|20
|
|move|p1a: Heatran|Protect|p1a: Heatran
|-singleturn|p1a: Heatran|Protect
|move|p2a: Keldeo|Scald|p1a: Heatran
|-activate|p1a: Heatran|Protect
|
|turn|21
|
|switch|p1a: Zapdos|Zapdos|384\/384
|-ability|p1a: Zapdos|Pressure
|move|p2a: Keldeo|Scald|p1a: Zapdos
|-damage|p1a: Zapdos|150\/384
|
|-heal|p1a: Zapdos|174\/384|[from] item: Leftovers
|turn|22
|c| Tom Bus|,,,,,,,,,,,,,,
|c|âLuisinho fuleiro|miss click
|
|switch|p1a: Venusaur|Venusaur-Mega, F|252\/363
|move|p2a: Keldeo|Scald|p1a: Venusaur
|-resisted|p1a: Venusaur
|-damage|p1a: Venusaur|162\/363
|
|turn|23
|c| Tom Bus|oh
|c|âLuisinho fuleiro|'-'
|c| Tom Bus|CURNS.
|c| Tom Bus|Where are they?
|join|SlurpuffIzFood
|c|âLuisinho fuleiro|Brasil
|c| Tom Bus|True
|c| Tom Bus|along with all of the paralysis
|
|switch|p2a: Latias|Latias, F|254\/319
|move|p1a: Venusaur|Synthesis|p1a: Venusaur
|-heal|p1a: Venusaur|343\/363
|
|turn|24
|
|switch|p2a: Keldeo|Keldeo|256\/323
|switch|p1a: Heatran|Heatran, M|386\/386
|
|turn|25
|
|move|p1a: Heatran|Protect|p1a: Heatran
|-singleturn|p1a: Heatran|Protect
|move|p2a: Keldeo|Scald|p1a: Heatran
|-activate|p1a: Heatran|Protect
|
|turn|26
|join|Lord Amir
|
|switch|p1a: Venusaur|Venusaur-Mega, F|343\/363
|move|p2a: Keldeo|Scald|p1a: Venusaur
|-resisted|p1a: Venusaur
|-damage|p1a: Venusaur|249\/363
|
|turn|27
|c| Tom Bus|one day
|c| Tom Bus|I dream that venusaur will get burnt
|c|âBic Wahn|any day soon imo
|
|switch|p2a: Latias|Latias, F|254\/319
|move|p1a: Venusaur|Leech Seed|p2a: Latias
|-start|p2a: Latias|move: Leech Seed
|
|-damage|p2a: Latias|215\/319|[from] Leech Seed|[of] p1a: Venusaur
|-heal|p1a: Venusaur|288\/363|[silent]
|turn|28
|
|switch|p1a: Heatran|Heatran, M|386\/386
|move|p2a: Latias|Psyshock|p1a: Heatran
|-resisted|p1a: Heatran
|-damage|p1a: Heatran|316\/386
|-damage|p2a: Latias|184\/319|[from] item: Life Orb
|
|-heal|p1a: Heatran|340\/386|[from] item: Leftovers
|-damage|p2a: Latias|145\/319|[from] Leech Seed|[of] p1a: Heatran
|-heal|p1a: Heatran|379\/386|[silent]
|turn|29
|
|switch|p2a: Keldeo|Keldeo|256\/323
|move|p1a: Heatran|Stealth Rock|p2a: Keldeo
|-sidestart|p2: Bic Wahn|move: Stealth Rock
|
|-heal|p1a: Heatran|386\/386|[from] item: Leftovers
|turn|30
|
|move|p1a: Heatran|Protect|p1a: Heatran
|-singleturn|p1a: Heatran|Protect
|move|p2a: Keldeo|Scald|p1a: Heatran
|-activate|p1a: Heatran|Protect
|
|turn|31
|
|switch|p1a: Venusaur|Venusaur-Mega, F|288\/363
|move|p2a: Keldeo|Scald|p1a: Venusaur
|-resisted|p1a: Venusaur
|-damage|p1a: Venusaur|200\/363
|
|turn|32
|c|âBic Wahn|yuuuum
|
|move|p2a: Keldeo|Scald|p1a: Venusaur
|-resisted|p1a: Venusaur
|-damage|p1a: Venusaur|113\/363
|move|p1a: Venusaur|Synthesis|p1a: Venusaur
|-heal|p1a: Venusaur|294\/363
|
|turn|33
|c| Lord Amir|lol
|c| Tom Bus|how many is that?
|c| Lord Amir|still no burn
|c| Tom Bus|7?
|
|switch|p2a: pls|Bisharp, F|244\/271
|-damage|p2a: pls|228\/271|[from] Stealth Rock
|move|p1a: Venusaur|Giga Drain|p2a: pls
|-resisted|p2a: pls
|-damage|p2a: pls|164\/271
|-heal|p1a: Venusaur|326\/363|[from] drain|[of] p2a: pls
|
|turn|34
|
|switch|p1a: Quagsire|Quagsire, F|394\/394
|move|p2a: pls|Swords Dance|p2a: pls
|-boost|p2a: pls|atk|2
|
|turn|35
|
|switch|p2a: Latias|Latias, F|145\/319
|-damage|p2a: Latias|106\/319|[from] Stealth Rock
|move|p1a: Quagsire|Scald|p2a: Latias
|-resisted|p2a: Latias
|-damage|p2a: Latias|79\/319
|
|turn|36
|
|move|p2a: Latias|Roost|p2a: Latias
|-heal|p2a: Latias|239\/319
|move|p1a: Quagsire|Toxic|p2a: Latias
|-status|p2a: Latias|tox
|
|-damage|p2a: Latias|220\/319 tox|[from] psn
|turn|37
|c| Tom Bus|stays in
|
|switch|p1a: Heatran|Heatran, M|386\/386
|move|p2a: Latias|Defog|p1a: Heatran
|-unboost|p1a: Heatran|evasion|1
|-sideend|p2: Bic Wahn|Stealth Rock|[from] move: Defog|[of] p2a: Latias
|
|-damage|p2a: Latias|182\/319 tox|[from] psn
|turn|38
|
|switch|p2a: Keldeo|Keldeo|256\/323
|move|p1a: Heatran|Lava Plume|p2a: Keldeo
|-resisted|p2a: Keldeo
|-damage|p2a: Keldeo|193\/323
|
|turn|39
|
|move|p1a: Heatran|Protect|p1a: Heatran
|-singleturn|p1a: Heatran|Protect
|move|p2a: Keldeo|Scald|p1a: Heatran
|-activate|p1a: Heatran|Protect
|
|turn|40
|c| Tom Bus|I got four subs in the last hour :\/
|
|switch|p1a: Venusaur|Venusaur-Mega, F|326\/363
|move|p2a: Keldeo|Scald|p1a: Venusaur
|-resisted|p1a: Venusaur
|-damage|p1a: Venusaur|230\/363
|-status|p1a: Venusaur|brn
|
|-damage|p1a: Venusaur|185\/363 brn|[from] brn
|turn|41
|c| Lord Amir|ahh
|c| Tom Bus|!
|c| Lord Amir|finally
|c|âLuisinho fuleiro|'-'
|c|âBic Wahn|better
|c|âBic Wahn|than christmas
|
|switch|p2a: Latias|Latias, F|182\/319 tox
|switch|p1a: Mew|Mew|275\/404
|
|-heal|p1a: Mew|300\/404|[from] item: Leftovers
|-damage|p2a: Latias|163\/319 tox|[from] psn
|turn|42
|
|move|p2a: Latias|Draco Meteor|p1a: Mew
|-damage|p1a: Mew|132\/404
|-unboost|p2a: Latias|spa|2
|-damage|p2a: Latias|132\/319 tox|[from] item: Life Orb
|move|p1a: Mew|Heal Bell|p1a: Mew
|-cureteam|p1a: Mew|[from] move: HealBell
|
|-heal|p1a: Mew|157\/404|[from] item: Leftovers
|-damage|p2a: Latias|94\/319 tox|[from] psn
|turn|43
|
|switch|p2a: Lopunny|Lopunny-Mega, M|204\/271
|move|p1a: Mew|Knock Off|p2a: Lopunny
|-resisted|p2a: Lopunny
|-damage|p2a: Lopunny|178\/271
|
|-heal|p1a: Mew|182\/404|[from] item: Leftovers
|turn|44
|c| Tom Bus|oh my lord
|c| Tom Bus|please just kill somehow
|c| Tom Bus|actually, it should
|
|move|p2a: Lopunny|Return|p1a: Mew
|-damage|p1a: Mew|4\/404
|move|p1a: Mew|Soft-Boiled|p1a: Mew
|-heal|p1a: Mew|206\/404
|
|-heal|p1a: Mew|231\/404|[from] item: Leftovers
|turn|45
|c| Tom Bus|smh
|c|âBic Wahn|whyd you lie to me?
|c| Tom Bus|It did 47 before!
|c|âBic Wahn|:[
|
|move|p2a: Lopunny|Return|p1a: Mew
|-damage|p1a: Mew|35\/404
|move|p1a: Mew|Soft-Boiled|p1a: Mew
|-heal|p1a: Mew|237\/404
|
|-heal|p1a: Mew|262\/404|[from] item: Leftovers
|turn|46
|c| Tom Bus|43-48 apparently
|
|move|p2a: Lopunny|Substitute|p2a: Lopunny
|-start|p2a: Lopunny|Substitute
|-damage|p2a: Lopunny|111\/271
|move|p1a: Mew|Soft-Boiled|p1a: Mew
|-heal|p1a: Mew|404\/404
|
|turn|47
|c| Tom Bus|No will-o, at least
|
|move|p2a: Lopunny|Return|p1a: Mew
|-damage|p1a: Mew|227\/404
|move|p1a: Mew|Knock Off|p2a: Lopunny
|-resisted|p2a: Lopunny
|-activate|p2a: Lopunny|Substitute|[damage]
|
|-heal|p1a: Mew|252\/404|[from] item: Leftovers
|turn|48
|
|move|p2a: Lopunny|Return|p1a: Mew
|-damage|p1a: Mew|69\/404
|move|p1a: Mew|Soft-Boiled|p1a: Mew
|-heal|p1a: Mew|271\/404
|
|-heal|p1a: Mew|296\/404|[from] item: Leftovers
|turn|49
|c| Tom Bus|can I see a crispy?
|
|move|p2a: Lopunny|Return|p1a: Mew
|-damage|p1a: Mew|92\/404
|move|p1a: Mew|Soft-Boiled|p1a: Mew
|-heal|p1a: Mew|294\/404
|
|-heal|p1a: Mew|319\/404|[from] item: Leftovers
|turn|50
|c|âBic Wahn|51
|c|âBic Wahn|yum
|
|move|p2a: Lopunny|Return|p1a: Mew
|-damage|p1a: Mew|132\/404
|move|p1a: Mew|Soft-Boiled|p1a: Mew
|-heal|p1a: Mew|334\/404
|
|-heal|p1a: Mew|359\/404|[from] item: Leftovers
|turn|51
|
|move|p2a: Lopunny|Return|p1a: Mew
|-damage|p1a: Mew|182\/404
|move|p1a: Mew|Soft-Boiled|p1a: Mew
|-heal|p1a: Mew|384\/404
|
|-heal|p1a: Mew|404\/404|[from] item: Leftovers
|turn|52
|c| Tom Bus|Ok, so you've just been getting min for like 50 turns
|c| Tom Bus|sounds about right
|
|move|p2a: Lopunny|Return|p1a: Mew
|-damage|p1a: Mew|223\/404
|move|p1a: Mew|Knock Off|p2a: Lopunny
|-resisted|p2a: Lopunny
|-activate|p2a: Lopunny|Substitute|[damage]
|
|-heal|p1a: Mew|248\/404|[from] item: Leftovers
|turn|53
|
|move|p2a: Lopunny|Return|p1a: Mew
|-damage|p1a: Mew|49\/404
|move|p1a: Mew|Soft-Boiled|p1a: Mew
|-heal|p1a: Mew|251\/404
|
|-heal|p1a: Mew|276\/404|[from] item: Leftovers
|turn|54
|c| Tom Bus|lopunny
|
|move|p2a: Lopunny|Return|p1a: Mew
|-damage|p1a: Mew|93\/404
|move|p1a: Mew|Soft-Boiled|p1a: Mew
|-heal|p1a: Mew|295\/404
|
|-heal|p1a: Mew|320\/404|[from] item: Leftovers
|turn|55
|c| Tom Bus|drive the crus
|c|âBic Wahn|no need
|
|switch|p1a: Heatran|Heatran, M|386\/386
|move|p2a: Lopunny|Return|p1a: Heatran
|-crit|p1a: Heatran
|-resisted|p1a: Heatran
|-damage|p1a: Heatran|263\/386
|
|-heal|p1a: Heatran|287\/386|[from] item: Leftovers
|turn|56
|c|âBic Wahn|hes gonna run out soon enough
|c|âBic Wahn|LOL
|
|move|p1a: Heatran|Protect|p1a: Heatran
|-singleturn|p1a: Heatran|Protect
|move|p2a: Lopunny|Baton Pass|p2a: Lopunny
|
|switch|p2a: Keldeo|Keldeo|193\/323
|
|-heal|p1a: Heatran|311\/386|[from] item: Leftovers
|turn|57
|c| Tom Bus|here we go
|c|âLuisinho fuleiro|a.a
|c| Tom Bus|time to be real
|c| Tom Bus|ah
|c| Tom Bus|hydro sweeps
|
|switch|p1a: Mew|Mew|320\/404
|move|p2a: Keldeo|Hydro Pump|p1a: Mew
|-damage|p1a: Mew|116\/404
|
|-heal|p1a: Mew|141\/404|[from] item: Leftovers
|turn|58
|c| Tom Bus|heatran is probably out of fucking protects
|c|âBic Wahn|as long as i fucking hit them
|
|move|p2a: Keldeo|Hydro Pump|p1a: Mew
|-damage|p1a: Mew|0 fnt
|faint|p1a: Mew
|
|c| Tom Bus|yo uwill
|c| Tom Bus|ah
|
|switch|p1a: Venusaur|Venusaur-Mega, F|185\/363
|turn|59
|c| Tom Bus|salvation
|c|âBic Wahn|venu isnt dying
|c| Tom Bus|it is to a crit
|c| Tom Bus|you're getting it now
|c|âBic Wahn|hahhahaa
|
|move|p2a: Keldeo|Hydro Pump|p1a: Venusaur|[miss]
|-miss|p2a: Keldeo|p1a: Venusaur
|move|p1a: Venusaur|Synthesis|p1a: Venusaur
|-heal|p1a: Venusaur|363\/363
|
|turn|60
|c| Tom Bus|not a problem
|
|move|p2a: Keldeo|Hydro Pump|p1a: Venusaur
|-resisted|p1a: Venusaur
|-damage|p1a: Venusaur|231\/363
|move|p1a: Venusaur|Giga Drain|p2a: Keldeo
|-supereffective|p2a: Keldeo
|-end|p2a: Keldeo|Substitute
|-heal|p1a: Venusaur|240\/363|[from] drain|[of] p2a: Keldeo
|
|turn|61
|c|âLuisinho fuleiro|XD
|c| Tom Bus|ecks dee
|leave|Lord Amir
|c| Tom Bus|amir has seen enough
|
|switch|p2a: pls|Bisharp, F|164\/271
|move|p1a: Venusaur|Sludge Bomb|p2a: pls
|-immune|p2a: pls|[msg]
|
|turn|62
|c|âLuisinho fuleiro|latias
|
|switch|p1a: Quagsire|Quagsire, F|394\/394
|move|p2a: pls|Knock Off|p1a: Quagsire
|-damage|p1a: Quagsire|268\/394
|-damage|p2a: pls|137\/271|[from] item: Life Orb
|
|turn|63
|
|switch|p2a: Latias|Latias, F|94\/319 tox
|move|p1a: Quagsire|Recover|p1a: Quagsire
|-heal|p1a: Quagsire|394\/394
|
|-damage|p2a: Latias|75\/319 tox|[from] psn
|turn|64
|
|switch|p1a: Landorus-Therian|Landorus-Therian, M|319\/319
|-ability|p1a: Landorus-Therian|Intimidate|[of] p2a: Latias
|-unboost|p2a: Latias|atk|1
|move|p2a: Latias|Roost|p2a: Latias
|-heal|p2a: Latias|235\/319 tox
|
|-damage|p2a: Latias|197\/319 tox|[from] psn
|turn|65
|c| Tom Bus|the counter is here
|c| Tom Bus|oh
|c| Tom Bus|no draco :{
|
|switch|p2a: Keldeo|Keldeo|193\/323
|move|p1a: Landorus-Therian|Knock Off|p2a: Keldeo
|-resisted|p2a: Keldeo
|-damage|p2a: Keldeo|119\/323
|-boost|p2a: Keldeo|atk|1|[from] ability: Justified
|-enditem|p2a: Keldeo|Choice Specs|[from] move: Knock Off|[of] p1a: Landorus-Therian
|
|turn|66
|c| Tom Bus|jk, draco would have been dumb
|c|âLuisinho fuleiro|a.a
|
|switch|p1a: Zapdos|Zapdos|174\/384
|-ability|p1a: Zapdos|Pressure
|move|p2a: Keldeo|Scald|p1a: Zapdos
|-damage|p1a: Zapdos|26\/384
|
|-heal|p1a: Zapdos|50\/384|[from] item: Leftovers
|turn|67
|c| Tom Bus|can we just get the burn first time pls
|c| Tom Bus|that'll do
|c| Tom Bus|the crumble bus is driving all over this stall team
|
|move|p2a: Keldeo|Scald|p1a: Zapdos
|-damage|p1a: Zapdos|0 fnt
|faint|p1a: Zapdos
|
|
|switch|p1a: Landorus-Therian|Landorus-Therian, M|319\/319
|-ability|p1a: Landorus-Therian|Intimidate|[of] p2a: Keldeo
|-unboost|p2a: Keldeo|atk|1
|turn|68
|
|switch|p2a: Clefable|Clefable, M|394\/394
|move|p1a: Landorus-Therian|U-turn|p2a: Clefable
|-resisted|p2a: Clefable
|-damage|p2a: Clefable|350\/394
|
|switch|p1a: Venusaur|Venusaur-Mega, F|240\/363
|
|-heal|p2a: Clefable|374\/394|[from] item: Leftovers
|turn|69
|
|move|p1a: Venusaur|Giga Drain|p2a: Clefable
|-damage|p2a: Clefable|274\/394
|-heal|p1a: Venusaur|290\/363|[from] drain|[of] p2a: Clefable
|move|p2a: Clefable|Stealth Rock|p1a: Venusaur
|-sidestart|p1: Luisinho fuleiro|move: Stealth Rock
|
|-heal|p2a: Clefable|298\/394|[from] item: Leftovers
|turn|70
|c| Tom Bus|:]
|c|âLuisinho fuleiro|'-'
|
|switch|p2a: pls|Bisharp, F|137\/271
|move|p1a: Venusaur|Giga Drain|p2a: pls
|-resisted|p2a: pls
|-damage|p2a: pls|67\/271
|-heal|p1a: Venusaur|325\/363|[from] drain|[of] p2a: pls
|
|turn|71
|c| Tom Bus|defensive venu is arse
|c|âLuisinho fuleiro|cancel a.a
|
|move|p2a: pls|Iron Head|p1a: Venusaur
|-damage|p1a: Venusaur|203\/363
|-damage|p2a: pls|40\/271|[from] item: Life Orb
|cant|p1a: Venusaur|flinch
|
|turn|72
|c| Tom Bus|one more imo
|c|âLuisinho fuleiro|hahahahaha
|
|switch|p1a: Quagsire|Quagsire, F|394\/394
|-damage|p1a: Quagsire|370\/394|[from] Stealth Rock
|move|p2a: pls|Swords Dance|p2a: pls
|-boost|p2a: pls|atk|2
|
|turn|73
|c| Tom Bus|this man is going insane
|
|switch|p2a: Latias|Latias, F|197\/319 tox
|move|p1a: Quagsire|Scald|p2a: Latias
|-resisted|p2a: Latias
|-damage|p2a: Latias|170\/319 tox
|
|-damage|p2a: Latias|151\/319 tox|[from] psn
|turn|74
|
|move|p2a: Latias|Draco Meteor|p1a: Quagsire
|-damage|p1a: Quagsire|0 fnt
|-unboost|p2a: Latias|spa|2
|-damage|p2a: Latias|120\/319 tox|[from] item: Life Orb
|faint|p1a: Quagsire
|
|-damage|p2a: Latias|82\/319 tox|[from] psn
|c| Tom Bus|the misplays are here
|c|âLuisinho fuleiro|'-'
|c|âLuisinho fuleiro|gg
|c| Tom Bus|is that 72\/184 or 252\/252?
|
|switch|p1a: Landorus-Therian|Landorus-Therian, M|319\/319
|-damage|p1a: Landorus-Therian|280\/319|[from] Stealth Rock
|-ability|p1a: Landorus-Therian|Intimidate|[of] p2a: Latias
|-unboost|p2a: Latias|atk|1
|turn|75
|c|âBic Wahn|72 bus
|c| Tom Bus|nice high roll
|c| Tom Bus|yum
|
|switch|p2a: Clefable|Clefable, M|298\/394
|move|p1a: Landorus-Therian|Earthquake|p2a: Clefable
|-damage|p2a: Clefable|91\/394
|
|-heal|p2a: Clefable|115\/394|[from] item: Leftovers
|turn|76
|c|âBic Wahn|fair imo
|c|âBic Wahn|these plays
|c|âBic Wahn|are too much for me
|c| Tom Bus|I'm inclined to agree
|
|switch|p1a: Heatran|Heatran, M|311\/386
|-damage|p1a: Heatran|263\/386|[from] Stealth Rock
|switch|p2a: Latias|Latias, F|82\/319 tox
|
|-heal|p1a: Heatran|287\/386|[from] item: Leftovers
|-damage|p2a: Latias|63\/319 tox|[from] psn
|turn|77
|
|move|p2a: Latias|Roost|p2a: Latias
|-heal|p2a: Latias|223\/319 tox
|move|p1a: Heatran|Stealth Rock|p2a: Latias
|-sidestart|p2: Bic Wahn|move: Stealth Rock
|
|-heal|p1a: Heatran|311\/386|[from] item: Leftovers
|-damage|p2a: Latias|185\/319 tox|[from] psn
|turn|78
|c| Tom Bus|venuson is getting 2 hitted by hydro imo
|
|switch|p2a: Clefable|Clefable, M|115\/394
|move|p1a: Heatran|Lava Plume|p2a: Clefable
|-damage|p2a: Clefable|7\/394
|
|-heal|p1a: Heatran|335\/386|[from] item: Leftovers
|-heal|p2a: Clefable|31\/394|[from] item: Leftovers
|turn|79
|c| Tom Bus|pls
|
|move|p1a: Heatran|Lava Plume|p2a: Clefable
|-damage|p2a: Clefable|0 fnt
|faint|p2a: Clefable
|
|-heal|p1a: Heatran|359\/386|[from] item: Leftovers
|
|switch|p2a: Keldeo|Keldeo|119\/323
|-damage|p2a: Keldeo|99\/323|[from] Stealth Rock
|turn|80
|c| Tom Bus|keldeo can't even kill this :[
|
|move|p1a: Heatran|Protect|p1a: Heatran
|-singleturn|p1a: Heatran|Protect
|move|p2a: Keldeo|Hydro Pump|p1a: Heatran
|-activate|p1a: Heatran|Protect
|
|-heal|p1a: Heatran|383\/386|[from] item: Leftovers
|turn|81
|c| Tom Bus|it's
|c| Tom Bus|not choiced
|
|switch|p1a: Venusaur|Venusaur-Mega, F|203\/363
|-damage|p1a: Venusaur|158\/363|[from] Stealth Rock
|move|p2a: Keldeo|Hydro Pump|p1a: Venusaur
|-resisted|p1a: Venusaur
|-damage|p1a: Venusaur|74\/363
|
|turn|82
|c|âBic Wahn|needs to stall it out
|c| Tom Bus|pls
|c|âBic Wahn|keldeo pls
|c| Tom Bus|show me death
|c|âLuisinho fuleiro|miss
|
|move|p2a: Keldeo|Hydro Pump|p1a: Venusaur|[miss]
|-miss|p2a: Keldeo|p1a: Venusaur
|move|p1a: Venusaur|Synthesis|p1a: Venusaur
|-heal|p1a: Venusaur|255\/363
|
|turn|83
|c|âLuisinho fuleiro|miss
|c|âLuisinho fuleiro|miss
|c| Tom Bus|,,,,,
|c|âBic Wahn|fuck me
|c|âBic Wahn|so much bullshit
|c|âBic Wahn|in this one game
|c|âLuisinho fuleiro|yes
|c| Tom Bus|it's ridiculous
|
|switch|p2a: Latias|Latias, F|185\/319 tox
|-damage|p2a: Latias|146\/319 tox|[from] Stealth Rock
|move|p1a: Venusaur|Giga Drain|p2a: Latias
|-resisted|p2a: Latias
|-damage|p2a: Latias|105\/319 tox
|-heal|p1a: Venusaur|276\/363|[from] drain|[of] p2a: Latias
|
|-damage|p2a: Latias|86\/319 tox|[from] psn
|turn|84
|
|switch|p1a: Heatran|Heatran, M|383\/386
|-damage|p1a: Heatran|335\/386|[from] Stealth Rock
|move|p2a: Latias|Roost|p2a: Latias
|-heal|p2a: Latias|246\/319 tox
|
|-heal|p1a: Heatran|359\/386|[from] item: Leftovers
|-damage|p2a: Latias|208\/319 tox|[from] psn
|turn|85
|c| Tom Bus|this toxic'd lati has had some impressive longevity
|
|move|p2a: Latias|Defog|p1a: Heatran
|-unboost|p1a: Heatran|evasion|1
|-sideend|p1: Luisinho fuleiro|Stealth Rock|[from] move: Defog|[of] p1a: Heatran
|-sideend|p2: Bic Wahn|Stealth Rock|[from] move: Defog|[of] p2a: Latias
|move|p1a: Heatran|Lava Plume|p2a: Latias
|-resisted|p2a: Latias
|-damage|p2a: Latias|159\/319 tox
|
|-heal|p1a: Heatran|383\/386|[from] item: Leftovers
|-damage|p2a: Latias|102\/319 tox|[from] psn
|turn|86
|
|switch|p2a: Talonflame|Talonflame, M|297\/297
|move|p1a: Heatran|Lava Plume|p2a: Talonflame
|-resisted|p2a: Talonflame
|-damage|p2a: Talonflame|219\/297
|
|-heal|p1a: Heatran|386\/386|[from] item: Leftovers
|turn|87
|c| Tom Bus|ah
|
|move|p2a: Talonflame|Swords Dance|p2a: Talonflame
|-boost|p2a: Talonflame|atk|2
|move|p1a: Heatran|Stealth Rock|p2a: Talonflame
|-sidestart|p2: Bic Wahn|move: Stealth Rock
|
|turn|88
|c| Tom Bus|the sweep is here
|
|move|p2a: Talonflame|Brave Bird|p1a: Heatran
|-resisted|p1a: Heatran
|-damage|p1a: Heatran|214\/386
|-damage|p2a: Talonflame|162\/297|[from] recoil|[of] p1a: Heatran
|move|p1a: Heatran|Roar|p2a: Talonflame
|drag|p2a: Latias|Latias, F|102\/319 tox
|-damage|p2a: Latias|63\/319 tox|[from] Stealth Rock
|
|-heal|p1a: Heatran|238\/386|[from] item: Leftovers
|-damage|p2a: Latias|44\/319 tox|[from] psn
|turn|89
|c| Tom Bus|shit bus
|c| Tom Bus|how can you have roar and protect?
|c|âLuisinho fuleiro|ss
|
|move|p2a: Latias|Roost|p2a: Latias
|-heal|p2a: Latias|204\/319 tox
|move|p1a: Heatran|Lava Plume|p2a: Latias
|-resisted|p2a: Latias
|-damage|p2a: Latias|155\/319 tox
|
|-heal|p1a: Heatran|262\/386|[from] item: Leftovers
|-damage|p2a: Latias|117\/319 tox|[from] psn
|turn|90
|c| Tom Bus|your explanation is insufficient
|
|move|p2a: Latias|Defog|p1a: Heatran
|-unboost|p1a: Heatran|evasion|1
|-sideend|p2: Bic Wahn|Stealth Rock|[from] move: Defog|[of] p2a: Latias
|move|p1a: Heatran|Roar|p2a: Latias
|drag|p2a: Lopunny|Lopunny-Mega, M|111\/271
|
|-heal|p1a: Heatran|286\/386|[from] item: Leftovers
|turn|91
|c|âLuisinho fuleiro|a.a
|c|âBic Wahn|here we go
|
|move|p2a: Lopunny|Baton Pass|p2a: Lopunny
|
|switch|p2a: Talonflame|Talonflame, M|162\/297
|move|p1a: Heatran|Lava Plume|p2a: Talonflame
|-resisted|p2a: Talonflame
|-damage|p2a: Talonflame|89\/297
|
|-heal|p1a: Heatran|310\/386|[from] item: Leftovers
|turn|92
|
|move|p2a: Talonflame|Roost|p2a: Talonflame
|-heal|p2a: Talonflame|238\/297
|move|p1a: Heatran|Stealth Rock|p2a: Talonflame
|-sidestart|p2: Bic Wahn|move: Stealth Rock
|
|-heal|p1a: Heatran|334\/386|[from] item: Leftovers
|turn|93
|
|move|p2a: Talonflame|Brave Bird|p1a: Heatran
|-resisted|p1a: Heatran
|-damage|p1a: Heatran|243\/386
|-damage|p2a: Talonflame|208\/297|[from] recoil|[of] p1a: Heatran
|move|p1a: Heatran|Roar|p2a: Talonflame
|drag|p2a: pls|Bisharp, F|40\/271
|-damage|p2a: pls|24\/271|[from] Stealth Rock
|
|-heal|p1a: Heatran|267\/386|[from] item: Leftovers
|turn|94
|c| Tom Bus|taunt SD would have been so delicious
|c| Tom Bus|ah
|c| Tom Bus|pls
|c| Tom Bus|reveal chesto rest
|
|move|p2a: pls|Knock Off|p1a: Heatran
|-damage|p1a: Heatran|47\/386
|-enditem|p1a: Heatran|Leftovers|[from] move: Knock Off|[of] p2a: pls
|-damage|p2a: pls|0 fnt|[from] item: Life Orb
|faint|p2a: pls
|move|p1a: Heatran|Lava Plume|p2: pls|[notarget]
|-notarget
|
|c| Tom Bus|ahhhh
|c| Tom Bus|the misplays have been made
|
|switch|p2a: Lopunny|Lopunny-Mega, M|111\/271
|-damage|p2a: Lopunny|95\/271|[from] Stealth Rock
|turn|95
|c| Tom Bus|the bus has been driven
|
|move|p2a: Lopunny|Return|p1a: Heatran
|-crit|p1a: Heatran
|-resisted|p1a: Heatran
|-damage|p1a: Heatran|0 fnt
|faint|p1a: Heatran
|
|
|switch|p1a: Landorus-Therian|Landorus-Therian, M|280\/319
|-ability|p1a: Landorus-Therian|Intimidate|[of] p2a: Lopunny
|-unboost|p2a: Lopunny|atk|1
|turn|96
|
|move|p1a: Landorus-Therian|Stone Edge|p2a: Lopunny
|-resisted|p2a: Lopunny
|-damage|p2a: Lopunny|22\/271
|move|p2a: Lopunny|Return|p1a: Landorus-Therian
|-damage|p1a: Landorus-Therian|136\/319
|
|turn|97
|c|âBic Wahn|miss imo
|
|move|p1a: Landorus-Therian|Stone Edge|p2a: Lopunny|[miss]
|-miss|p1a: Landorus-Therian|p2a: Lopunny
|move|p2a: Lopunny|Return|p1a: Landorus-Therian
|-damage|p1a: Landorus-Therian|7\/319
|
|turn|98
|c|âLuisinho fuleiro|nnnnnnn
|c|âLuisinho fuleiro|n
|c| Tom Bus|y
|c|âBic Wahn|sick roll
|c|âLuisinho fuleiro|nnnooooooooooooo
|c| Tom Bus|stop
|
|move|p1a: Landorus-Therian|Stone Edge|p2a: Lopunny
|-resisted|p2a: Lopunny
|-damage|p2a: Lopunny|0 fnt
|faint|p2a: Lopunny
|
|c|âLuisinho fuleiro|a.a
|c| Tom Bus|>:[
|
|switch|p2a: Talonflame|Talonflame, M|208\/297
|-damage|p2a: Talonflame|60\/297|[from] Stealth Rock
|turn|99
|c| Tom Bus|if you crit keldeo
|c| Tom Bus|I am going to be sad
|c|âBic Wahn|heres a 5050
|c| Tom Bus|this isn't a 50\/50
|c|âLuisinho fuleiro|gg
|c| Tom Bus|there is one good play
|c| Tom Bus|and one retarded play
|c|âBic Wahn|:]
|c| Tom Bus|best play
|c|âBic Wahn|gonna be retarded
|c|âBic Wahn|imo
|c| Tom Bus|doubling to lati
|
|switch|p1a: Venusaur|Venusaur-Mega, F|276\/363
|move|p2a: Talonflame|Brave Bird|p1a: Venusaur
|-supereffective|p1a: Venusaur
|-damage|p1a: Venusaur|30\/363
|-damage|p2a: Talonflame|0 fnt|[from] recoil|[of] p1a: Venusaur
|faint|p2a: Talonflame
|
|c| Tom Bus|fucking hell
|
|switch|p2a: Latias|Latias, F|117\/319 tox
|-damage|p2a: Latias|78\/319 tox|[from] Stealth Rock
|turn|100
|c| Tom Bus|that's some bulk bus
|
|move|p2a: Latias|Psyshock|p1a: Venusaur
|-supereffective|p1a: Venusaur
|-damage|p1a: Venusaur|0 fnt
|-damage|p2a: Latias|47\/319 tox|[from] item: Life Orb
|faint|p1a: Venusaur
|
|-damage|p2a: Latias|28\/319 tox|[from] psn
|c| Tom Bus|go to lando
|c| Tom Bus|damn it
|c|âLuisinho fuleiro|a.a 9
|
|switch|p1a: Landorus-Therian|Landorus-Therian, M|7\/319
|-ability|p1a: Landorus-Therian|Intimidate|[of] p2a: Latias
|-unboost|p2a: Latias|atk|1
|turn|101
|c| Tom Bus|miss
|c| Tom Bus|plis
|c|âLuisinho fuleiro|no
|
|move|p1a: Landorus-Therian|Stone Edge|p2a: Latias|[miss]
|-miss|p1a: Landorus-Therian|p2a: Latias
|move|p2a: Latias|Psyshock|p1a: Landorus-Therian
|-damage|p1a: Landorus-Therian|0 fnt
|-damage|p2a: Latias|0 fnt|[from] item: Life Orb
|faint|p1a: Landorus-Therian
|faint|p2a: Latias
|
|win|Bic Wahn
|raw|Ladder updating...
|c| Tom Bus|y
|raw|Luisinho fuleiro's rating: 1444 &rarr; <strong>1426<\/strong><br \/>(-18 for losing)
|raw|Bic Wahn's rating: 1477 &rarr; <strong>1495<\/strong><br \/>(+18 for winning)
|c|âBic Wahn|:]
|c| Tom Bus|good
|c|âBic Wahn|gg
|c|âLuisinho fuleiro|nononononononono
|c|âBic Wahn|keldeo lives edge anyway
|c| Tom Bus|worst game I've ever seen
|c|âLuisinho fuleiro|a.a
|c|âLuisinho fuleiro|misss
|leave|Tom Bus
|leave|Bic Wahn
|player|p2
|c|âLuisinho fuleiro|a.aaaaaaaaaaaaaaaaaaaaaa
|c|âLuisinho fuleiro|aaaaaaaaaaaaaaaaaaaaaaaaa
|c|âLuisinho fuleiro|aaaaaaaaaaaaaaaa
|c|âLuisinho fuleiro|miss
|c|âLuisinho fuleiro|miss
|leave|Luisinho fuleiro
|player|p1