|join|Bic Wahn
|join|WECAMEASROMANS
|player|p1|Bic Wahn|145
|player|p2|WECAMEASROMANS|266
|gametype|singles
|gen|6
|tier|OU (suspect test)
|rated
|clearpoke
|poke|p1|Lopunny, F
|poke|p1|Talonflame, M
|poke|p1|Azumarill, M
|poke|p1|Hawlucha, M
|poke|p1|Garchomp, M
|poke|p1|Starmie
|poke|p2|Tyranitar, M
|poke|p2|Landorus, M
|poke|p2|Ferrothorn, F
|poke|p2|Klefki, F
|poke|p2|Dragonite, F
|poke|p2|Metagross
|rule|Swagger Clause: Swagger is banned
|rule|Baton Pass Clause: Limit one PokÃ©mon knowing Baton Pass
|rule|Sleep Clause Mod: Limit one foe put to sleep
|rule|Species Clause: Limit one of each PokÃ©mon
|rule|OHKO Clause: OHKO moves are banned
|rule|Moody Clause: Moody is banned
|rule|Evasion Moves Clause: Evasion moves are banned
|rule|Endless Battle Clause: Forcing endless battles is banned
|rule|HP Percentage Mod: HP is shown in percentages
|teampreview
|join|FlamingVictini PB
|join|daftmau5
|join|Alkov
|
|start
|switch|p1a: Garchomp|Garchomp, M|357\/357
|switch|p2a: Ferrothorn|Ferrothorn, F|352\/352
|turn|1
|join|Ox the Box
|
|move|p1a: Garchomp|Fire Blast|p2a: Ferrothorn
|-supereffective|p2a: Ferrothorn
|-damage|p2a: Ferrothorn|140\/352
|move|p2a: Ferrothorn|Stealth Rock|p1a: Garchomp
|-sidestart|p1: Bic Wahn|move: Stealth Rock
|
|-heal|p2a: Ferrothorn|162\/352|[from] item: Leftovers
|turn|2
|join|Prankster
|
|switch|p2a: Dragonite|Dragonite, F|385\/385
|move|p1a: Garchomp|Stealth Rock|p2a: Dragonite
|-sidestart|p2: WECAMEASROMANS|move: Stealth Rock
|
|turn|3
|join|Alldaalts
|join|I ABR I
|
|switch|p1a: Azumarill|Azumarill, M|384\/384
|-damage|p1a: Azumarill|336\/384|[from] Stealth Rock
|move|p2a: Dragonite|Dragon Claw|p1a: Azumarill
|-immune|p1a: Azumarill|[msg]
|
|turn|4
|leave|I ABR I
|
|move|p2a: Dragonite|Earthquake|p1a: Azumarill
|-damage|p1a: Azumarill|206\/384
|move|p1a: Azumarill|Knock Off|p2a: Dragonite
|-damage|p2a: Dragonite|312\/385
|-enditem|p2a: Dragonite|Leftovers|[from] move: Knock Off|[of] p1a: Azumarill
|
|turn|5
|
|switch|p2a: Metagross|Metagross|301\/301
|-damage|p2a: Metagross|283\/301|[from] Stealth Rock
|move|p1a: Azumarill|Play Rough|p2a: Metagross
|-resisted|p2a: Metagross
|-damage|p2a: Metagross|205\/301
|
|turn|6
|join|shartruce2
|join|Grenizmo
|join|Ke1deo
|
|switch|p1a: Garchomp|Garchomp, M|357\/357
|-damage|p1a: Garchomp|335\/357|[from] Stealth Rock
|detailschange|p2a: Metagross|Metagross-Mega
|-mega|p2a: Metagross|Metagross|Metagrossite
|move|p2a: Metagross|Meteor Mash|p1a: Garchomp
|-damage|p1a: Garchomp|91\/357
|-damage|p2a: Metagross|168\/301|[from] ability: Rough Skin|[of] p1a: Garchomp
|
|turn|7
|c| Grenizmo|hey
|c| Grenizmo|ik this guy
|c|âBic Wahn|you should
|c|âBic Wahn|hes pretty popular
|c| Grenizmo|i saw your youtube
|
|move|p2a: Metagross|Meteor Mash|p1a: Garchomp
|-damage|p1a: Garchomp|0 fnt
|-damage|p2a: Metagross|131\/301|[from] ability: Rough Skin|[of] p1a: Garchomp
|faint|p1a: Garchomp
|
|c| Ke1deo|wcar has a youtube?
|c| Grenizmo|oh wecameasromans?
|c| Ke1deo|O.O
|c| Grenizmo|he's fucking trash
|c| Grenizmo|i meant mack bus
|c| daftmau5|why did you mash .-.
|c| Ke1deo|oh
|
|switch|p1a: Starmie|Starmie|261\/261
|-damage|p1a: Starmie|229\/261|[from] Stealth Rock
|turn|8
|c| daftmau5|oh wait nvm
|
|switch|p2a: Ferrothorn|Ferrothorn, F|162\/352
|-damage|p2a: Ferrothorn|140\/352|[from] Stealth Rock
|move|p1a: Starmie|Hydro Pump|p2a: Ferrothorn
|-resisted|p2a: Ferrothorn
|-damage|p2a: Ferrothorn|58\/352
|-damage|p1a: Starmie|203\/261|[from] item: Life Orb
|
|-heal|p2a: Ferrothorn|80\/352|[from] item: Leftovers
|turn|9
|c| Grenizmo|oooh yeah
|c| Grenizmo|gotta love anal
|
|switch|p2a: Tyranitar|Tyranitar, M|341\/341
|-damage|p2a: Tyranitar|299\/341|[from] Stealth Rock
|-weather|Sandstorm
|move|p1a: Starmie|Hydro Pump|p2a: Tyranitar
|-supereffective|p2a: Tyranitar
|-damage|p2a: Tyranitar|26\/341
|-damage|p1a: Starmie|177\/261|[from] item: Life Orb
|
|-weather|Sandstorm|[upkeep]
|-damage|p1a: Starmie|161\/261|[from] sandstorm
|turn|10
|
|move|p2a: Tyranitar|Pursuit|p1a: Starmie
|-supereffective|p1a: Starmie
|-damage|p1a: Starmie|0 fnt
|faint|p1a: Starmie
|
|-weather|Sandstorm|[upkeep]
|c| Grenizmo|is that lo starmie
|
|switch|p1a: Lopunny|Lopunny, F|271\/271
|-damage|p1a: Lopunny|238\/271|[from] Stealth Rock
|turn|11
|c| Grenizmo|without anal
|
|detailschange|p1a: Lopunny|Lopunny-Mega, F
|-mega|p1a: Lopunny|Lopunny|Lopunnite
|move|p2a: Tyranitar|Pursuit|p1a: Lopunny
|-resisted|p1a: Lopunny
|-damage|p1a: Lopunny|201\/271
|move|p1a: Lopunny|Substitute|p1a: Lopunny
|-start|p1a: Lopunny|Substitute
|-damage|p1a: Lopunny|134\/271
|
|-weather|Sandstorm|[upkeep]
|-damage|p1a: Lopunny|118\/271|[from] sandstorm
|turn|12
|c|âBic Wahn|yep
|
|move|p1a: Lopunny|Power-Up Punch|p2a: Tyranitar
|-supereffective|p2a: Tyranitar
|-damage|p2a: Tyranitar|0 fnt
|-boost|p1a: Lopunny|atk|1
|faint|p2a: Tyranitar
|
|-weather|Sandstorm|[upkeep]
|-damage|p1a: Lopunny|102\/271|[from] sandstorm
|
|switch|p2a: Dragonite|Dragonite, F|312\/385
|-damage|p2a: Dragonite|216\/385|[from] Stealth Rock
|turn|13
|
|move|p2a: Dragonite|Extreme Speed|p1a: Lopunny
|-end|p1a: Lopunny|Substitute
|move|p1a: Lopunny|Frustration|p2a: Dragonite
|-damage|p2a: Dragonite|0 fnt
|faint|p2a: Dragonite
|
|-weather|none
|join|Bakun
|
|switch|p2a: Klefki|Klefki, F|318\/318
|-damage|p2a: Klefki|299\/318|[from] Stealth Rock
|turn|14
|
|move|p2a: Klefki|Thunder Wave|p1a: Lopunny
|-status|p1a: Lopunny|par
|move|p1a: Lopunny|High Jump Kick|p2a: Klefki
|-damage|p2a: Klefki|14\/318
|
|-heal|p2a: Klefki|33\/318|[from] item: Leftovers
|turn|15
|
|move|p2a: Klefki|Dazzling Gleam|p1a: Lopunny
|-supereffective|p1a: Lopunny
|-damage|p1a: Lopunny|0 fnt
|faint|p1a: Lopunny
|
|-heal|p2a: Klefki|52\/318|[from] item: Leftovers
|
|switch|p1a: Azumarill|Azumarill, M|206\/384
|-damage|p1a: Azumarill|158\/384|[from] Stealth Rock
|turn|16
|
|switch|p2a: Ferrothorn|Ferrothorn, F|80\/352
|-damage|p2a: Ferrothorn|58\/352|[from] Stealth Rock
|move|p1a: Azumarill|Waterfall|p2a: Ferrothorn
|-resisted|p2a: Ferrothorn
|-damage|p2a: Ferrothorn|5\/352
|-damage|p1a: Azumarill|110\/384|[from] ability: Iron Barbs|[of] p2a: Ferrothorn
|
|-heal|p2a: Ferrothorn|27\/352|[from] item: Leftovers
|turn|17
|
|move|p1a: Azumarill|Waterfall|p2a: Ferrothorn
|-resisted|p2a: Ferrothorn
|-damage|p2a: Ferrothorn|0 fnt
|-damage|p1a: Azumarill|62\/384|[from] ability: Iron Barbs|[of] p2a: Ferrothorn
|faint|p2a: Ferrothorn
|
|
|switch|p2a: Metagross|Metagross-Mega|131\/301
|-damage|p2a: Metagross|113\/301|[from] Stealth Rock
|turn|18
|leave|Bakun
|
|move|p1a: Azumarill|Aqua Jet|p2a: Metagross
|-damage|p2a: Metagross|50\/301
|move|p2a: Metagross|Grass Knot|p1a: Azumarill
|-supereffective|p1a: Azumarill
|-damage|p1a: Azumarill|0 fnt
|faint|p1a: Azumarill
|
|join|LT3A Dragonuser
|
|switch|p1a: Talonflame|Talonflame, M|297\/297
|-damage|p1a: Talonflame|149\/297|[from] Stealth Rock
|turn|19
|join|PuddlesA1
|
|move|p1a: Talonflame|Brave Bird|p2a: Metagross
|-resisted|p2a: Metagross
|-damage|p2a: Metagross|0 fnt
|-damage|p1a: Talonflame|132\/297|[from] recoil|[of] p2a: Metagross
|faint|p2a: Metagross
|
|
|switch|p2a: Landorus|Landorus, M|319\/319
|-damage|p2a: Landorus|280\/319|[from] Stealth Rock
|turn|20
|
|move|p1a: Talonflame|Brave Bird|p2a: Landorus
|-damage|p2a: Landorus|33\/319
|-damage|p1a: Talonflame|50\/297|[from] recoil|[of] p2a: Landorus
|move|p2a: Landorus|Psychic|p1a: Talonflame
|-crit|p1a: Talonflame
|-damage|p1a: Talonflame|0 fnt
|faint|p1a: Talonflame
|
|
|switch|p1a: Hawlucha|Hawlucha, M|304\/304
|-damage|p1a: Hawlucha|266\/304|[from] Stealth Rock
|turn|21
|join|Super Survivor
|join|Based Godfish
|
|move|p1a: Hawlucha|Acrobatics|p2a: Landorus
|-damage|p2a: Landorus|0 fnt
|faint|p2a: Landorus
|
|
|switch|p2a: Klefki|Klefki, F|52\/318
|-damage|p2a: Klefki|33\/318|[from] Stealth Rock
|turn|22
|
|move|p2a: Klefki|Thunder Wave|p1a: Hawlucha
|-status|p1a: Hawlucha|par
|move|p1a: Hawlucha|High Jump Kick|p2a: Klefki
|-damage|p2a: Klefki|0 fnt
|faint|p2a: Klefki
|
|win|Bic Wahn
|raw|Ladder updating...
|raw|Bic Wahn's rating: 1560 &rarr; <strong>1574<\/strong><br \/>(+14 for winning)
|raw|WECAMEASROMANS's rating: 1454 &rarr; <strong>1440<\/strong><br \/>(-14 for losing)
|leave|WECAMEASROMANS
|leave|LT3A Dragonuser
|player|p2
|c|âBic Wahn|gg