|join|TDOG34
|join|John399
|player|p1|TDOG34|1
|player|p2|John399|160
|gametype|singles
|gen|6
|tier|OU
|rated
|clearpoke
|poke|p1|Sylveon, F
|poke|p1|Victini
|poke|p1|Landorus-Therian, M
|poke|p1|Greninja, F
|poke|p1|Ferrothorn, M
|poke|p1|Scizor, F
|poke|p2|Landorus-Therian, M
|poke|p2|Cresselia, F
|poke|p2|Magnezone
|poke|p2|Pinsir, M
|poke|p2|Torterra, F
|poke|p2|Weavile, M
|rule|Swagger Clause: Swagger is banned
|rule|Baton Pass Clause: Limit one PokÃ©mon knowing Baton Pass
|rule|Sleep Clause Mod: Limit one foe put to sleep
|rule|Species Clause: Limit one of each PokÃ©mon
|rule|OHKO Clause: OHKO moves are banned
|rule|Moody Clause: Moody is banned
|rule|Evasion Moves Clause: Evasion moves are banned
|rule|Endless Battle Clause: Forcing endless battles is banned
|rule|HP Percentage Mod: HP is shown in percentages
|teampreview
|
|start
|switch|p1a: Scizor|Scizor, F|344\/344
|switch|p2a: Landorus-Therian|Landorus-Therian, M|319\/319
|-ability|p2a: Landorus-Therian|Intimidate|[of] p1a: Scizor
|-unboost|p1a: Scizor|atk|1
|turn|1
|
|detailschange|p1a: Scizor|Scizor-Mega, F
|message|Scizor has Mega Evolved into Mega Scizor!
|move|p2a: Landorus-Therian|U-turn|p1a: Scizor
|-crit|p1a: Scizor
|-resisted|p1a: Scizor
|-damage|p1a: Scizor|292\/344
|
|switch|p2a: Magnezone|Magnezone|282\/282
|move|p1a: Scizor|Knock Off|p2a: Magnezone
|-damage|p2a: Magnezone|196\/282
|-enditem|p2a: Magnezone|Choice Specs|[from] move: Knock Off|[of] p1a: Scizor
|
|turn|2
|
|move|p2a: Magnezone|Hidden Power|p1a: Scizor
|-supereffective|p1a: Scizor
|-damage|p1a: Scizor|0 fnt
|faint|p1a: Scizor
|
|
|switch|p1a: Landorus-Therian|Landorus-Therian, M|319\/319
|-ability|p1a: Landorus-Therian|Intimidate|[of] p2a: Magnezone
|-unboost|p2a: Magnezone|atk|1
|turn|3
|
|switch|p2a: Torterra|Torterra, F|331\/331
|move|p1a: Landorus-Therian|Knock Off|p2a: Torterra
|-crit|p2a: Torterra
|-damage|p2a: Torterra|159\/331
|-enditem|p2a: Torterra|Weakness Policy|[from] move: Knock Off|[of] p1a: Landorus-Therian
|
|turn|4
|
|move|p1a: Landorus-Therian|U-turn|p2a: Torterra
|-supereffective|p2a: Torterra
|-damage|p2a: Torterra|7\/331
|
|switch|p1a: Ferrothorn|Ferrothorn, M|352\/352
|move|p2a: Torterra|Rock Tomb|p1a: Ferrothorn
|-resisted|p1a: Ferrothorn
|-damage|p1a: Ferrothorn|334\/352
|-unboost|p1a: Ferrothorn|spe|1
|
|turn|5
|
|switch|p1a: Landorus-Therian|Landorus-Therian, M|319\/319
|-ability|p1a: Landorus-Therian|Intimidate|[of] p2a: Torterra
|-unboost|p2a: Torterra|atk|1
|move|p2a: Torterra|Earthquake|p1a: Landorus-Therian
|-immune|p1a: Landorus-Therian|[msg]
|
|turn|6
|
|move|p1a: Landorus-Therian|U-turn|p2a: Torterra
|-supereffective|p2a: Torterra
|-damage|p2a: Torterra|0 fnt
|faint|p2a: Torterra
|
|switch|p1a: Greninja|Greninja, F|285\/285
|
|
|switch|p2a: Landorus-Therian|Landorus-Therian, M|319\/319
|-ability|p2a: Landorus-Therian|Intimidate|[of] p1a: Greninja
|-unboost|p1a: Greninja|atk|1
|turn|7
|
|switch|p1a: Landorus-Therian|Landorus-Therian, M|319\/319
|-ability|p1a: Landorus-Therian|Intimidate|[of] p2a: Landorus-Therian
|-unboost|p2a: Landorus-Therian|atk|1
|move|p2a: Landorus-Therian|U-turn|p1a: Landorus-Therian
|-resisted|p1a: Landorus-Therian
|-damage|p1a: Landorus-Therian|281\/319
|
|switch|p2a: Weavile|Weavile, M|282\/282
|
|turn|8
|
|switch|p1a: Ferrothorn|Ferrothorn, M|334\/352
|move|p2a: Weavile|Ice Shard|p1a: Ferrothorn
|-damage|p1a: Ferrothorn|291\/352
|
|turn|9
|
|switch|p2a: Magnezone|Magnezone|196\/282
|move|p1a: Ferrothorn|Stealth Rock|p2a: Magnezone
|-sidestart|p2: John399|move: Stealth Rock
|
|turn|10
|
|move|p2a: Magnezone|Hidden Power|p1a: Ferrothorn
|-supereffective|p1a: Ferrothorn
|-damage|p1a: Ferrothorn|23\/352
|move|p1a: Ferrothorn|Leech Seed|p2a: Magnezone
|-start|p2a: Magnezone|move: Leech Seed
|
|-damage|p2a: Magnezone|161\/282|[from] Leech Seed|[of] p1a: Ferrothorn
|-heal|p1a: Ferrothorn|58\/352|[silent]
|turn|11
|
|move|p2a: Magnezone|Hidden Power|p1a: Ferrothorn
|-supereffective|p1a: Ferrothorn
|-damage|p1a: Ferrothorn|0 fnt
|faint|p1a: Ferrothorn
|
|
|switch|p1a: Greninja|Greninja, F|285\/285
|turn|12
|
|move|p1a: Greninja|Scald|p2a: Magnezone
|-start|p1a: Greninja|typechange|Water|[from] Protean
|-damage|p2a: Magnezone|20\/282
|move|p2a: Magnezone|Thunderbolt|p1a: Greninja
|-supereffective|p1a: Greninja
|-damage|p1a: Greninja|0 fnt
|faint|p1a: Greninja
|
|
|switch|p1a: Landorus-Therian|Landorus-Therian, M|281\/319
|-ability|p1a: Landorus-Therian|Intimidate|[of] p2a: Magnezone
|-unboost|p2a: Magnezone|atk|1
|turn|13
|
|move|p1a: Landorus-Therian|U-turn|p2a: Magnezone
|-resisted|p2a: Magnezone
|-damage|p2a: Magnezone|0 fnt
|faint|p2a: Magnezone
|
|switch|p1a: Sylveon|Sylveon, F|394\/394
|
|
|switch|p2a: Landorus-Therian|Landorus-Therian, M|319\/319
|-damage|p2a: Landorus-Therian|280\/319|[from] Stealth Rock
|-ability|p2a: Landorus-Therian|Intimidate|[of] p1a: Sylveon
|-unboost|p1a: Sylveon|atk|1
|turn|14
|
|move|p2a: Landorus-Therian|Explosion|p1a: Sylveon
|-damage|p1a: Sylveon|0 fnt
|faint|p2a: Landorus-Therian
|faint|p1a: Sylveon
|
|
|switch|p1a: Victini|Victini|342\/342
|switch|p2a: Cresselia|Cresselia, F|382\/382
|-damage|p2a: Cresselia|335\/382|[from] Stealth Rock
|turn|15
|
|move|p1a: Victini|U-turn|p2a: Cresselia
|-supereffective|p2a: Cresselia
|-damage|p2a: Cresselia|235\/382
|
|switch|p1a: Landorus-Therian|Landorus-Therian, M|281\/319
|-ability|p1a: Landorus-Therian|Intimidate|[of] p2a: Cresselia
|-unboost|p2a: Cresselia|atk|1
|move|p2a: Cresselia|Thunder Wave|p1a: Landorus-Therian
|-immune|p1a: Landorus-Therian|[msg]
|
|turn|16
|
|move|p1a: Landorus-Therian|Knock Off|p2a: Cresselia
|-supereffective|p2a: Cresselia
|-damage|p2a: Cresselia|51\/382
|-enditem|p2a: Cresselia|Light Clay|[from] move: Knock Off|[of] p1a: Landorus-Therian
|move|p2a: Cresselia|Reflect|p2a: Cresselia
|-sidestart|p2: John399|Reflect
|
|turn|17
|
|move|p1a: Landorus-Therian|U-turn|p2a: Cresselia
|-supereffective|p2a: Cresselia
|-damage|p2a: Cresselia|0 fnt
|faint|p2a: Cresselia
|
|switch|p1a: Victini|Victini|342\/342
|
|
|switch|p2a: Weavile|Weavile, M|282\/282
|-damage|p2a: Weavile|212\/282|[from] Stealth Rock
|turn|18
|
|move|p2a: Weavile|Endure|p2a: Weavile
|-singleturn|p2a: Weavile|move: Endure
|move|p1a: Victini|V-create|p2a: Weavile
|-supereffective|p2a: Weavile
|-damage|p2a: Weavile|1\/282
|-enditem|p2a: Weavile|Weakness Policy
|-boost|p2a: Weavile|atk|2|[from] item: Weakness Policy
|-boost|p2a: Weavile|spa|2|[from] item: Weakness Policy
|-unboost|p1a: Victini|def|1
|-unboost|p1a: Victini|spd|1
|-unboost|p1a: Victini|spe|1
|
|turn|19
|
|switch|p1a: Landorus-Therian|Landorus-Therian, M|281\/319
|-ability|p1a: Landorus-Therian|Intimidate|[of] p2a: Weavile
|-unboost|p2a: Weavile|atk|1
|move|p2a: Weavile|Knock Off|p1a: Landorus-Therian
|-damage|p1a: Landorus-Therian|0 fnt
|-enditem|p1a: Landorus-Therian|Assault Vest|[from] move: Knock Off|[of] p2a: Weavile
|faint|p1a: Landorus-Therian
|
|
|switch|p1a: Victini|Victini|342\/342
|turn|20
|
|move|p2a: Weavile|Knock Off|p1a: Victini
|-supereffective|p1a: Victini
|-damage|p1a: Victini|0 fnt
|-enditem|p1a: Victini|Assault Vest|[from] move: Knock Off|[of] p2a: Weavile
|faint|p1a: Victini
|
|win|John399
|raw|Ladder updating...
|raw|TDOG34's rating: 1443 &rarr; <strong>1418<\/strong><br \/>(-25 for losing)
|raw|John399's rating: 1364 &rarr; <strong>1388<\/strong><br \/>(+24 for winning)
|leave|TDOG34
|player|p1