|join|TDOG34
|join|mamabears
|player|p1|TDOG34|220
|player|p2|mamabears|184
|gametype|singles
|gen|6
|tier|OU
|rated
|clearpoke
|poke|p1|Charizard, F
|poke|p1|Lanturn, F, shiny
|poke|p1|Landorus-Therian, M
|poke|p1|Clefable, M
|poke|p1|Sableye, M
|poke|p1|Bisharp, M
|poke|p2|Heatran, F
|poke|p2|Tyranitar, M
|poke|p2|Excadrill, F
|poke|p2|Scizor, F
|poke|p2|Gengar, F
|poke|p2|Slowbro, M
|rule|Swagger Clause: Swagger is banned
|rule|Baton Pass Clause: Limit one PokÃ©mon knowing Baton Pass
|rule|Sleep Clause Mod: Limit one foe put to sleep
|rule|Species Clause: Limit one of each PokÃ©mon
|rule|OHKO Clause: OHKO moves are banned
|rule|Moody Clause: Moody is banned
|rule|Evasion Moves Clause: Evasion moves are banned
|rule|Endless Battle Clause: Forcing endless battles is banned
|rule|HP Percentage Mod: HP is shown in percentages
|teampreview
|
|start
|switch|p1a: Landorus-Therian|Landorus-Therian, M|337\/337
|switch|p2a: Heatran|Heatran, F|385\/385
|-ability|p1a: Landorus-Therian|Intimidate|[of] p2a: Heatran
|-unboost|p2a: Heatran|atk|1
|turn|1
|
|switch|p2a: Slowbro|Slowbro, M|394\/394
|move|p1a: Landorus-Therian|Earthquake|p2a: Slowbro
|-damage|p2a: Slowbro|195\/394
|
|-heal|p2a: Slowbro|219\/394|[from] item: Leftovers
|turn|2
|
|move|p1a: Landorus-Therian|U-turn|p2a: Slowbro
|-supereffective|p2a: Slowbro
|-damage|p2a: Slowbro|45\/394
|
|switch|p1a: Sableye|Sableye, M|303\/303
|move|p2a: Slowbro|Slack Off|p2a: Slowbro
|-heal|p2a: Slowbro|242\/394
|
|-heal|p2a: Slowbro|266\/394|[from] item: Leftovers
|turn|3
|
|move|p1a: Sableye|Snarl|p2a: Slowbro
|-supereffective|p2a: Slowbro
|-damage|p2a: Slowbro|180\/394
|-unboost|p2a: Slowbro|spa|1
|move|p2a: Slowbro|Scald|p1a: Sableye
|-damage|p1a: Sableye|245\/303
|
|-heal|p1a: Sableye|263\/303|[from] item: Leftovers
|-heal|p2a: Slowbro|204\/394|[from] item: Leftovers
|turn|4
|
|switch|p1a: Purple Rain|Lanturn, F, shiny|454\/454
|move|p2a: Slowbro|Thunder Wave|p1a: Purple Rain
|-immune|p1a: Purple Rain|[msg]
|
|-heal|p2a: Slowbro|228\/394|[from] item: Leftovers
|turn|5
|
|move|p1a: Purple Rain|Scald|p2a: Slowbro
|-resisted|p2a: Slowbro
|-damage|p2a: Slowbro|198\/394
|move|p2a: Slowbro|Slack Off|p2a: Slowbro
|-heal|p2a: Slowbro|394\/394
|
|turn|6
|
|move|p1a: Purple Rain|Toxic|p2a: Slowbro
|-status|p2a: Slowbro|tox
|move|p2a: Slowbro|Scald|p1a: Purple Rain
|-resisted|p1a: Purple Rain
|-damage|p1a: Purple Rain|413\/454
|
|-heal|p1a: Purple Rain|441\/454|[from] item: Leftovers
|-damage|p2a: Slowbro|370\/394 tox|[from] psn
|turn|7
|
|switch|p2a: Heatran|Heatran, F|385\/385
|move|p1a: Purple Rain|Volt Switch|p2a: Heatran
|-crit|p2a: Heatran
|-damage|p2a: Heatran|316\/385
|
|switch|p1a: Landorus-Therian|Landorus-Therian, M|337\/337
|-ability|p1a: Landorus-Therian|Intimidate|[of] p2a: Heatran
|-unboost|p2a: Heatran|atk|1
|
|-heal|p2a: Heatran|340\/385|[from] item: Leftovers
|turn|8
|
|move|p1a: Landorus-Therian|Earthquake|p2a: Heatran
|-supereffective|p2a: Heatran
|-damage|p2a: Heatran|0 fnt
|faint|p2a: Heatran
|
|
|switch|p2a: Scizor|Scizor, F|343\/343
|turn|9
|
|move|p1a: Landorus-Therian|Stealth Rock|p2a: Scizor
|-sidestart|p2: mamabears|move: Stealth Rock
|move|p2a: Scizor|Knock Off|p1a: Landorus-Therian
|-damage|p1a: Landorus-Therian|187\/337
|-enditem|p1a: Landorus-Therian|Leftovers|[from] move: Knock Off|[of] p2a: Scizor
|
|turn|10
|
|detailschange|p2a: Scizor|Scizor-Mega, F
|-mega|p2a: Scizor|Scizor|Scizorite
|move|p2a: Scizor|Bullet Punch|p1a: Landorus-Therian
|-damage|p1a: Landorus-Therian|42\/337
|move|p1a: Landorus-Therian|Earthquake|p2a: Scizor
|-damage|p2a: Scizor|192\/343
|
|turn|11
|
|switch|p1a: Charizard|Charizard, F|357\/357
|move|p2a: Scizor|Bullet Punch|p1a: Charizard
|-resisted|p1a: Charizard
|-damage|p1a: Charizard|277\/357
|
|turn|12
|
|switch|p2a: Slowbro|Slowbro, M|394\/394 tox
|-damage|p2a: Slowbro|345\/394 tox|[from] Stealth Rock
|detailschange|p1a: Charizard|Charizard-Mega-Y, F
|-mega|p1a: Charizard|Charizard|Charizardite Y
|-weather|SunnyDay
|move|p1a: Charizard|Roost|p1a: Charizard
|-heal|p1a: Charizard|357\/357
|
|-weather|SunnyDay|[upkeep]
|-heal|p2a: Slowbro|369\/394 tox|[from] item: Leftovers
|-damage|p2a: Slowbro|345\/394 tox|[from] psn
|turn|13
|
|switch|p1a: Purple Rain|Lanturn, F, shiny|441\/454
|move|p2a: Slowbro|Scald|p1a: Purple Rain
|-resisted|p1a: Purple Rain
|-damage|p1a: Purple Rain|413\/454
|-status|p1a: Purple Rain|brn
|
|-weather|SunnyDay|[upkeep]
|-heal|p1a: Purple Rain|441\/454 brn|[from] item: Leftovers
|-heal|p2a: Slowbro|369\/394 tox|[from] item: Leftovers
|-damage|p1a: Purple Rain|385\/454 brn|[from] brn
|-damage|p2a: Slowbro|321\/394 tox|[from] psn
|turn|14
|
|switch|p2a: Tyranitar|Tyranitar, M|403\/403
|-damage|p2a: Tyranitar|353\/403|[from] Stealth Rock
|-weather|Sandstorm
|move|p1a: Purple Rain|Volt Switch|p2a: Tyranitar
|-damage|p2a: Tyranitar|313\/403
|
|switch|p1a: Sableye|Sableye, M|263\/303
|
|-weather|Sandstorm|[upkeep]
|-damage|p1a: Sableye|245\/303|[from] sandstorm
|-heal|p1a: Sableye|263\/303|[from] item: Leftovers
|turn|15
|
|move|p1a: Sableye|Will-O-Wisp|p2a: Tyranitar
|-status|p2a: Tyranitar|brn
|move|p2a: Tyranitar|Stealth Rock|p1a: Sableye
|-sidestart|p1: TDOG34|move: Stealth Rock
|
|-weather|Sandstorm|[upkeep]
|-damage|p1a: Sableye|245\/303|[from] sandstorm
|-heal|p1a: Sableye|263\/303|[from] item: Leftovers
|-damage|p2a: Tyranitar|263\/403 brn|[from] brn
|turn|16
|
|switch|p2a: Slowbro|Slowbro, M|394\/394 tox
|-damage|p2a: Slowbro|345\/394 tox|[from] Stealth Rock
|switch|p1a: Clefable|Clefable, M|393\/393
|
|-weather|Sandstorm|[upkeep]
|-damage|p2a: Slowbro|321\/394 tox|[from] sandstorm
|-heal|p2a: Slowbro|345\/394 tox|[from] item: Leftovers
|-damage|p2a: Slowbro|321\/394 tox|[from] psn
|turn|17
|
|switch|p1a: Purple Rain|Lanturn, F, shiny|385\/454 brn
|-damage|p1a: Purple Rain|329\/454 brn|[from] Stealth Rock
|switch|p2a: Scizor|Scizor-Mega, F|192\/343
|-damage|p2a: Scizor|150\/343|[from] Stealth Rock
|
|-weather|Sandstorm|[upkeep]
|-damage|p1a: Purple Rain|301\/454 brn|[from] sandstorm
|-heal|p1a: Purple Rain|329\/454 brn|[from] item: Leftovers
|-damage|p1a: Purple Rain|273\/454 brn|[from] brn
|turn|18
|
|move|p2a: Scizor|Roost|p2a: Scizor
|-heal|p2a: Scizor|322\/343
|move|p1a: Purple Rain|Hidden Power|p2a: Scizor
|-supereffective|p2a: Scizor
|-damage|p2a: Scizor|170\/343
|
|-weather|Sandstorm|[upkeep]
|-damage|p1a: Purple Rain|245\/454 brn|[from] sandstorm
|-heal|p1a: Purple Rain|273\/454 brn|[from] item: Leftovers
|-damage|p1a: Purple Rain|217\/454 brn|[from] brn
|turn|19
|
|move|p2a: Scizor|Knock Off|p1a: Purple Rain
|-damage|p1a: Purple Rain|86\/454 brn
|-enditem|p1a: Purple Rain|Leftovers|[from] move: Knock Off|[of] p2a: Scizor
|move|p1a: Purple Rain|Scald|p2a: Scizor
|-damage|p2a: Scizor|94\/343
|-status|p2a: Scizor|brn
|
|-weather|Sandstorm|[upkeep]
|-damage|p1a: Purple Rain|58\/454 brn|[from] sandstorm
|-damage|p2a: Scizor|52\/343 brn|[from] brn
|-damage|p1a: Purple Rain|2\/454 brn|[from] brn
|turn|20
|
|switch|p1a: Bisharp|Bisharp, M|300\/300
|-damage|p1a: Bisharp|282\/300|[from] Stealth Rock
|move|p2a: Scizor|Roost|p2a: Scizor
|-heal|p2a: Scizor|224\/343 brn
|
|-weather|Sandstorm|[upkeep]
|-damage|p2a: Scizor|182\/343 brn|[from] brn
|turn|21
|
|move|p2a: Scizor|Bullet Punch|p1a: Bisharp
|-resisted|p1a: Bisharp
|-damage|p1a: Bisharp|252\/300
|move|p1a: Bisharp|Night Slash|p2a: Scizor
|-crit|p2a: Scizor
|-damage|p2a: Scizor|31\/343 brn
|
|-weather|none
|-damage|p2a: Scizor|0 fnt|[from] brn
|faint|p2a: Scizor
|
|switch|p2a: Gengar|Gengar, F|261\/261
|-damage|p2a: Gengar|229\/261|[from] Stealth Rock
|turn|22
|
|switch|p2a: Slowbro|Slowbro, M|394\/394 tox
|-damage|p2a: Slowbro|345\/394 tox|[from] Stealth Rock
|move|p1a: Bisharp|Sucker Punch|p2a: Slowbro
|-fail|p2a: Slowbro
|
|-heal|p2a: Slowbro|369\/394 tox|[from] item: Leftovers
|-damage|p2a: Slowbro|345\/394 tox|[from] psn
|turn|23
|
|move|p1a: Bisharp|Night Slash|p2a: Slowbro
|-crit|p2a: Slowbro
|-supereffective|p2a: Slowbro
|-damage|p2a: Slowbro|0 fnt
|faint|p2a: Slowbro
|
|
|switch|p2a: Tyranitar|Tyranitar, M|263\/403 brn
|-damage|p2a: Tyranitar|213\/403 brn|[from] Stealth Rock
|-weather|Sandstorm
|turn|24
|
|move|p1a: Bisharp|Iron Head|p2a: Tyranitar
|-supereffective|p2a: Tyranitar
|-damage|p2a: Tyranitar|0 fnt
|faint|p2a: Tyranitar
|
|-weather|Sandstorm|[upkeep]
|
|switch|p2a: Excadrill|Excadrill, F|361\/361
|-damage|p2a: Excadrill|350\/361|[from] Stealth Rock
|-item|p2a: Excadrill|Air Balloon
|turn|25
|
|move|p1a: Bisharp|Sucker Punch|p2a: Excadrill
|-damage|p2a: Excadrill|128\/361
|-enditem|p2a: Excadrill|Air Balloon
|move|p2a: Excadrill|Earthquake|p1a: Bisharp
|-crit|p1a: Bisharp
|-supereffective|p1a: Bisharp
|-damage|p1a: Bisharp|0 fnt
|faint|p1a: Bisharp
|
|-weather|Sandstorm|[upkeep]
|
|switch|p1a: Landorus-Therian|Landorus-Therian, M|42\/337
|-damage|p1a: Landorus-Therian|0 fnt|[from] Stealth Rock
|faint|p1a: Landorus-Therian
|
|switch|p1a: Sableye|Sableye, M|263\/303
|-damage|p1a: Sableye|226\/303|[from] Stealth Rock
|turn|26
|
|switch|p2a: Gengar|Gengar, F|229\/261
|-damage|p2a: Gengar|197\/261|[from] Stealth Rock
|move|p1a: Sableye|Will-O-Wisp|p2a: Gengar
|-status|p2a: Gengar|brn
|
|-weather|Sandstorm|[upkeep]
|-damage|p2a: Gengar|181\/261 brn|[from] sandstorm
|-damage|p1a: Sableye|208\/303|[from] sandstorm
|-heal|p1a: Sableye|226\/303|[from] item: Leftovers
|-damage|p2a: Gengar|149\/261 brn|[from] brn
|turn|27
|
|move|p2a: Gengar|Shadow Ball|p1a: Sableye
|-crit|p1a: Sableye
|-damage|p1a: Sableye|0 fnt
|-damage|p2a: Gengar|123\/261 brn|[from] item: Life Orb
|faint|p1a: Sableye
|
|-weather|Sandstorm|[upkeep]
|-damage|p2a: Gengar|107\/261 brn|[from] sandstorm
|-damage|p2a: Gengar|75\/261 brn|[from] brn
|
|switch|p1a: Purple Rain|Lanturn, F, shiny|2\/454 brn
|-damage|p1a: Purple Rain|0 fnt|[from] Stealth Rock
|faint|p1a: Purple Rain
|
|switch|p1a: Charizard|Charizard-Mega-Y, F|357\/357
|-damage|p1a: Charizard|179\/357|[from] Stealth Rock
|-weather|SunnyDay
|turn|28
|
|move|p2a: Gengar|Thunderbolt|p1a: Charizard
|-supereffective|p1a: Charizard
|-damage|p1a: Charizard|0 fnt
|-damage|p2a: Gengar|49\/261 brn|[from] item: Life Orb
|faint|p1a: Charizard
|
|-weather|SunnyDay|[upkeep]
|-damage|p2a: Gengar|17\/261 brn|[from] brn
|
|switch|p1a: Clefable|Clefable, M|393\/393
|turn|29
|
|move|p2a: Gengar|Sludge Wave|p1a: Clefable
|-supereffective|p1a: Clefable
|-damage|p1a: Clefable|0 fnt
|-damage|p2a: Gengar|0 fnt|[from] item: Life Orb
|faint|p1a: Clefable
|faint|p2a: Gengar
|
|win|mamabears
|raw|Ladder updating...
|raw|TDOG34's rating: 1331 &rarr; <strong>1311<\/strong><br \/>(-20 for losing)
|raw|mamabears's rating: 1327 &rarr; <strong>1348<\/strong><br \/>(+21 for winning)
|c|âmamabears|gg sry about hax
|c|âTDOG34|meh
|c|âTDOG34|gg