|join|y\/n Sage DH
|join|broke_and_famous
|player|p1|y\/n Sage DH|108
|player|p2|broke_and_famous|288
|gametype|singles
|gen|6
|tier|UU
|rated
|rule|Sleep Clause Mod: Limit one foe put to sleep
|rule|Species Clause: Limit one of each PokÃ©mon
|rule|OHKO Clause: OHKO moves are banned
|rule|Moody Clause: Moody is banned
|rule|Evasion Moves Clause: Evasion moves are banned
|rule|Endless Battle Clause: Forcing endless battles is banned
|rule|HP Percentage Mod: HP is reported as percentages
|clearpoke
|poke|p1|Meloetta
|poke|p1|Rhyperior, M
|poke|p1|Alomomola, M
|poke|p1|Virizion
|poke|p1|Crobat, M
|poke|p1|Umbreon, F
|poke|p2|Mienshao, F
|poke|p2|Raikou, shiny
|poke|p2|Roserade, F
|poke|p2|Forretress, F
|poke|p2|Jellicent, F
|poke|p2|Aerodactyl, M
|rule|Swagger Clause: Swagger is banned
|rule|Baton Pass Clause: Limit one PokÃ©mon knowing Baton Pass
|teampreview
|chat|y\/n Sage DH|gl hf
|chat|broke_and_famous|gl hf
|
|start
|switch|p1a: Roadblock|Rhyperior, M|434\/434
|switch|p2a: Roserade|Roserade, F|261\/261
|turn|1
|chat|broke_and_famous|first time i see a rhyperior in a long time
|
|switch|p1a: Brobat|Crobat, M|343\/343
|move|p2a: Roserade|Extrasensory|p1a: Brobat
|-supereffective|p1a: Brobat
|-damage|p1a: Brobat|83\/343
|
|turn|2
|chat|y\/n Sage DH|yeah its pretty solid
|chat|broke_and_famous|scary you mean
|
|switch|p2a: Aerodactyl|Aerodactyl, M|301\/301
|-ability|p2a: Aerodactyl|Pressure
|move|p1a: Brobat|Brave Bird|p2a: Aerodactyl
|-resisted|p2a: Aerodactyl
|-damage|p2a: Aerodactyl|182\/301
|-damage|p1a: Brobat|44\/343|[from] recoil|[of] p2a: Aerodactyl
|
|turn|3
|chat|y\/n Sage DH|mm
|
|switch|p1a: Roadblock|Rhyperior, M|434\/434
|detailschange|p2a: Aerodactyl|Aerodactyl-Mega, M
|message|Aerodactyl has Mega Evolved into Mega Aerodactyl!
|move|p2a: Aerodactyl|Taunt|p1a: Roadblock
|-start|p1a: Roadblock|move: Taunt
|
|turn|4
|chat|y\/n Sage DH|its for my dark horse team
|
|move|p2a: Aerodactyl|Iron Head|p1a: Roadblock
|-supereffective|p1a: Roadblock
|-damage|p1a: Roadblock|274\/434
|cant|p1a: Roadblock|flinch
|
|-heal|p1a: Roadblock|301\/434|[from] item: Leftovers
|turn|5
|chat|y\/n Sage DH|ah
|chat|broke_and_famous|i got no idea what dark horse is or means
|
|move|p2a: Aerodactyl|Iron Head|p1a: Roadblock
|-supereffective|p1a: Roadblock
|-damage|p1a: Roadblock|156\/434
|move|p1a: Roadblock|Rock Blast|p2a: Aerodactyl
|-supereffective|p2a: Aerodactyl
|-damage|p2a: Aerodactyl|80\/301
|-supereffective|p2a: Aerodactyl
|-damage|p2a: Aerodactyl|0 fnt
|-hitcount|p2a: Aerodactyl|2
|faint|p2a: Aerodactyl
|
|-heal|p1a: Roadblock|183\/434|[from] item: Leftovers
|
|switch|p2a: Roserade|Roserade, F|261\/261
|turn|6
|chat|y\/n Sage DH|basically i use a bunch of mons with under 4% usage in UU
|chat|y\/n Sage DH|IE rhy meloetta aloma virizion
|chat|y\/n Sage DH|and try to aldder high with the team
|
|switch|p1a: Polaris|Umbreon, F|394\/394
|move|p2a: Roserade|Dazzling Gleam|p1a: Polaris
|-crit|p1a: Polaris
|-supereffective|p1a: Polaris
|-damage|p1a: Polaris|220\/394
|
|-heal|p1a: Polaris|244\/394|[from] item: Leftovers
|turn|7
|chat|broke_and_famous|oh. wait umbreon is under the 4% usage?
|chat|y\/n Sage DH|no
|chat|y\/n Sage DH|you only need 2 pokes with under 4% suage
|chat|y\/n Sage DH|but i took 4 for the challenge
|
|move|p2a: Roserade|Dazzling Gleam|p1a: Polaris
|-supereffective|p1a: Polaris
|-damage|p1a: Polaris|118\/394
|move|p1a: Polaris|Moonlight|p1a: Polaris
|-heal|p1a: Polaris|315\/394
|
|-heal|p1a: Polaris|339\/394|[from] item: Leftovers
|turn|8
|chat|y\/n Sage DH|and your whole team has to be under 35% usage
|
|move|p2a: Roserade|Energy Ball|p1a: Polaris
|-damage|p1a: Polaris|240\/394
|move|p1a: Polaris|Foul Play|p2a: Roserade
|-damage|p2a: Roserade|176\/261
|
|-heal|p2a: Roserade|192\/261|[from] item: Black Sludge
|-heal|p1a: Polaris|264\/394|[from] item: Leftovers
|turn|9
|chat|broke_and_famous|i hope not. might consider doing it maybe in another tier though.
|chat|y\/n Sage DH|http:\/\/www.smogon.com\/forums\/threads\/the-uu-dark-horse-project.3507497\/
|chat|broke_and_famous|i love this team way to much to just let go of it
|chat|y\/n Sage DH|thats a link to the thread
|chat|broke_and_famous|thank you for the link. i will look into it.
|chat|y\/n Sage DH|cool
|
|move|p2a: Roserade|Dazzling Gleam|p1a: Polaris
|-supereffective|p1a: Polaris
|-damage|p1a: Polaris|136\/394
|move|p1a: Polaris|Foul Play|p2a: Roserade
|-damage|p2a: Roserade|95\/261
|
|-heal|p2a: Roserade|111\/261|[from] item: Black Sludge
|-heal|p1a: Polaris|160\/394|[from] item: Leftovers
|turn|10
|
|switch|p2a: Forretress|Forretress, F|354\/354
|move|p1a: Polaris|Moonlight|p1a: Polaris
|-heal|p1a: Polaris|357\/394
|
|-heal|p1a: Polaris|381\/394|[from] item: Leftovers
|turn|11
|
|switch|p1a: Taylor Swift|Meloetta|404\/404
|move|p2a: Forretress|Stealth Rock|p1a: Taylor Swift
|-sidestart|p1: y\/n Sage DH|move: Stealth Rock
|
|turn|12
|
|move|p1a: Taylor Swift|Thunderbolt|p2a: Forretress
|-damage|p2a: Forretress|169\/354
|move|p2a: Forretress|Volt Switch|p1a: Taylor Swift
|-damage|p1a: Taylor Swift|383\/404
|
|switch|p2a: Mienshao|Mienshao, F|271\/271
|
|turn|13
|
|switch|p1a: Big Luvdisc|Alomomola, M|534\/534
|-damage|p1a: Big Luvdisc|468\/534|[from] Stealth Rock
|move|p2a: Mienshao|U-turn|p1a: Big Luvdisc
|-damage|p1a: Big Luvdisc|401\/534
|-damage|p2a: Mienshao|226\/271|[from] item: Rocky Helmet|[of] p1a: Big Luvdisc
|
|switch|p2a: Roserade|Roserade, F|111\/261
|
|-heal|p2a: Roserade|127\/261|[from] item: Black Sludge
|turn|14
|
|switch|p1a: Taylor Swift|Meloetta|383\/404
|-damage|p1a: Taylor Swift|333\/404|[from] Stealth Rock
|move|p2a: Roserade|Energy Ball|p1a: Taylor Swift
|-damage|p1a: Taylor Swift|246\/404
|
|-heal|p2a: Roserade|143\/261|[from] item: Black Sludge
|turn|15
|
|switch|p2a: Jellicent|Jellicent, F|404\/404
|move|p1a: Taylor Swift|Psychic|p2a: Jellicent
|-damage|p2a: Jellicent|287\/404
|
|-heal|p2a: Jellicent|312\/404|[from] item: Leftovers
|turn|16
|
|move|p1a: Taylor Swift|Thunderbolt|p2a: Jellicent
|-supereffective|p2a: Jellicent
|-damage|p2a: Jellicent|146\/404
|move|p2a: Jellicent|Will-O-Wisp|p1a: Taylor Swift
|-status|p1a: Taylor Swift|brn
|
|-heal|p2a: Jellicent|171\/404|[from] item: Leftovers
|-damage|p1a: Taylor Swift|196\/404 brn|[from] brn
|turn|17
|
|move|p1a: Taylor Swift|Thunderbolt|p2a: Jellicent
|-supereffective|p2a: Jellicent
|-damage|p2a: Jellicent|17\/404
|-status|p2a: Jellicent|par
|cant|p2a: Jellicent|par
|
|-heal|p2a: Jellicent|42\/404 par|[from] item: Leftovers
|-damage|p1a: Taylor Swift|146\/404 brn|[from] brn
|turn|18
|chat|y\/n Sage DH|sry
|
|move|p1a: Taylor Swift|Psychic|p2a: Jellicent
|-damage|p2a: Jellicent|0 fnt
|faint|p2a: Jellicent
|
|-damage|p1a: Taylor Swift|96\/404 brn|[from] brn
|
|switch|p2a: Mienshao|Mienshao, F|271\/271
|turn|19
|chat|broke_and_famous|it is part of the game. you cannot get mad. unless it was the last turn in a match and it was life or death situation
|
|switch|p1a: Big Luvdisc|Alomomola, M|534\/534
|-damage|p1a: Big Luvdisc|468\/534|[from] Stealth Rock
|move|p2a: Mienshao|U-turn|p1a: Big Luvdisc
|-damage|p1a: Big Luvdisc|405\/534
|-damage|p2a: Mienshao|226\/271|[from] item: Rocky Helmet|[of] p1a: Big Luvdisc
|chat|y\/n Sage DH|thats a pretty good opinion on hax
|
|switch|p2a: Roserade|Roserade, F|143\/261
|
|-heal|p2a: Roserade|159\/261|[from] item: Black Sludge
|turn|20
|chat|broke_and_famous|the other option is get mad on a game directed at kids for something implemented in the game to make things interesting.
|
|switch|p1a: Polaris|Umbreon, F|381\/394
|-damage|p1a: Polaris|332\/394|[from] Stealth Rock
|move|p2a: Roserade|Energy Ball|p1a: Polaris
|-crit|p1a: Polaris
|-damage|p1a: Polaris|172\/394
|
|-heal|p2a: Roserade|175\/261|[from] item: Black Sludge
|-heal|p1a: Polaris|196\/394|[from] item: Leftovers
|turn|21
|
|move|p2a: Roserade|Dazzling Gleam|p1a: Polaris
|-supereffective|p1a: Polaris
|-damage|p1a: Polaris|80\/394
|move|p1a: Polaris|Moonlight|p1a: Polaris
|-heal|p1a: Polaris|277\/394
|
|-heal|p2a: Roserade|191\/261|[from] item: Black Sludge
|-heal|p1a: Polaris|301\/394|[from] item: Leftovers
|turn|22
|chat|y\/n Sage DH|tru
|
|move|p2a: Roserade|Dazzling Gleam|p1a: Polaris
|-crit|p1a: Polaris
|-supereffective|p1a: Polaris
|-damage|p1a: Polaris|125\/394
|move|p1a: Polaris|Foul Play|p2a: Roserade
|-damage|p2a: Roserade|107\/261
|
|-heal|p2a: Roserade|123\/261|[from] item: Black Sludge
|-heal|p1a: Polaris|149\/394|[from] item: Leftovers
|turn|23
|
|move|p2a: Roserade|Extrasensory|p1a: Polaris
|-immune|p1a: Polaris|[msg]
|move|p1a: Polaris|Moonlight|p1a: Polaris
|-heal|p1a: Polaris|346\/394
|
|-heal|p2a: Roserade|139\/261|[from] item: Black Sludge
|-heal|p1a: Polaris|370\/394|[from] item: Leftovers
|turn|24
|
|move|p2a: Roserade|Dazzling Gleam|p1a: Polaris
|-supereffective|p1a: Polaris
|-damage|p1a: Polaris|254\/394
|move|p1a: Polaris|Foul Play|p2a: Roserade
|-damage|p2a: Roserade|45\/261
|
|-heal|p2a: Roserade|61\/261|[from] item: Black Sludge
|-heal|p1a: Polaris|278\/394|[from] item: Leftovers
|turn|25
|
|switch|p2a: Forretress|Forretress, F|169\/354
|move|p1a: Polaris|Moonlight|p1a: Polaris
|-heal|p1a: Polaris|394\/394
|
|-heal|p2a: Forretress|191\/354|[from] item: Leftovers
|turn|26
|
|switch|p1a: Roadblock|Rhyperior, M|183\/434
|-damage|p1a: Roadblock|156\/434|[from] Stealth Rock
|move|p2a: Forretress|Spikes|p1a: Roadblock
|-sidestart|p1: y\/n Sage DH|Spikes
|
|-heal|p2a: Forretress|213\/354|[from] item: Leftovers
|-heal|p1a: Roadblock|183\/434|[from] item: Leftovers
|turn|27
|
|move|p1a: Roadblock|Stealth Rock|p2a: Forretress
|-sidestart|p2: broke_and_famous|move: Stealth Rock
|move|p2a: Forretress|Spikes|p1a: Roadblock
|-sidestart|p1: y\/n Sage DH|Spikes
|
|-heal|p2a: Forretress|235\/354|[from] item: Leftovers
|-heal|p1a: Roadblock|210\/434|[from] item: Leftovers
|turn|28
|
|move|p2a: Forretress|Spikes|p1a: Roadblock
|-sidestart|p1: y\/n Sage DH|Spikes
|move|p1a: Roadblock|Earthquake|p2a: Forretress
|-damage|p2a: Forretress|141\/354
|
|-heal|p2a: Forretress|163\/354|[from] item: Leftovers
|-heal|p1a: Roadblock|237\/434|[from] item: Leftovers
|turn|29
|
|move|p2a: Forretress|Rapid Spin|p1a: Roadblock
|-resisted|p1a: Roadblock
|-damage|p1a: Roadblock|233\/434
|-sideend|p2: broke_and_famous|Stealth Rock|[from] move: Rapid Spin|[of] p2a: Forretress
|move|p1a: Roadblock|Earthquake|p2a: Forretress
|-damage|p2a: Forretress|67\/354
|
|-heal|p2a: Forretress|89\/354|[from] item: Leftovers
|-heal|p1a: Roadblock|260\/434|[from] item: Leftovers
|turn|30
|
|move|p1a: Roadblock|Stealth Rock|p2a: Forretress
|-sidestart|p2: broke_and_famous|move: Stealth Rock
|move|p2a: Forretress|Rapid Spin|p1a: Roadblock
|-resisted|p1a: Roadblock
|-damage|p1a: Roadblock|255\/434
|-sideend|p2: broke_and_famous|Stealth Rock|[from] move: Rapid Spin|[of] p2a: Forretress
|
|-heal|p1a: Roadblock|282\/434|[from] item: Leftovers
|-heal|p2a: Forretress|111\/354|[from] item: Leftovers
|turn|31
|chat|broke_and_famous|are we having a speed tie?
|
|move|p2a: Forretress|Rapid Spin|p1a: Roadblock
|-resisted|p1a: Roadblock
|-damage|p1a: Roadblock|278\/434
|move|p1a: Roadblock|Earthquake|p2a: Forretress
|-damage|p2a: Forretress|14\/354
|
|-heal|p2a: Forretress|36\/354|[from] item: Leftovers
|-heal|p1a: Roadblock|305\/434|[from] item: Leftovers
|turn|32
|chat|y\/n Sage DH|yeah
|c|ây\/n Sage DH|!data rhyperior
|c|~|\/data-pokemon Rhyperior

|c|ây\/n Sage DH|!data forretress
|c|~|\/data-pokemon Forretress

|
|move|p2a: Forretress|Rapid Spin|p1a: Roadblock
|-resisted|p1a: Roadblock
|-damage|p1a: Roadblock|300\/434
|move|p1a: Roadblock|Stealth Rock|p2a: Forretress
|-sidestart|p2: broke_and_famous|move: Stealth Rock
|
|-heal|p1a: Roadblock|327\/434|[from] item: Leftovers
|-heal|p2a: Forretress|58\/354|[from] item: Leftovers
|turn|33
|chat|broke_and_famous|wow
|chat|y\/n Sage DH|speed tie plz
|
|move|p2a: Forretress|Rapid Spin|p1a: Roadblock
|-resisted|p1a: Roadblock
|-damage|p1a: Roadblock|323\/434
|-sideend|p2: broke_and_famous|Stealth Rock|[from] move: Rapid Spin|[of] p2a: Forretress
|move|p1a: Roadblock|Earthquake|p2a: Forretress
|-damage|p2a: Forretress|0 fnt
|faint|p2a: Forretress
|
|-heal|p1a: Roadblock|350\/434|[from] item: Leftovers
|chat|y\/n Sage DH|thats kinda cool
|chat|y\/n Sage DH|aww
|
|switch|p2a: Roserade|Roserade, F|61\/261
|turn|34
|
|switch|p1a: Verizon|Virizion|324\/324
|-damage|p1a: Verizon|304\/324|[from] Stealth Rock
|-damage|p1a: Verizon|223\/324|[from] Spikes
|move|p2a: Roserade|Energy Ball|p1a: Verizon
|-resisted|p1a: Verizon
|-damage|p1a: Verizon|149\/324
|
|-heal|p2a: Roserade|77\/261|[from] item: Black Sludge
|turn|35
|
|move|p1a: Verizon|Close Combat|p2a: Roserade
|-resisted|p2a: Roserade
|-damage|p2a: Roserade|0 fnt
|-unboost|p1a: Verizon|def|1
|-unboost|p1a: Verizon|spd|1
|-damage|p1a: Verizon|117\/324|[from] item: Life Orb
|faint|p2a: Roserade
|
|
|switch|p2a: Mienshao|Mienshao, F|271\/271
|turn|36
|
|move|p2a: Mienshao|U-turn|p1a: Verizon
|-damage|p1a: Verizon|0 fnt
|faint|p1a: Verizon
|
|switch|p2a: Raikou|Raikou, shiny|321\/321
|-ability|p2a: Raikou|Pressure
|
|
|switch|p1a: Roadblock|Rhyperior, M|350\/434
|-damage|p1a: Roadblock|323\/434|[from] Stealth Rock
|-damage|p1a: Roadblock|215\/434|[from] Spikes
|turn|37
|
|move|p2a: Raikou|Shadow Ball|p1a: Roadblock
|-damage|p1a: Roadblock|53\/434
|move|p1a: Roadblock|Earthquake|p2a: Raikou
|-supereffective|p2a: Raikou
|-damage|p2a: Raikou|0 fnt
|faint|p2a: Raikou
|
|-heal|p1a: Roadblock|80\/434|[from] item: Leftovers
|chat|y\/n Sage DH|gg
|
|switch|p2a: Mienshao|Mienshao, F|271\/271
|turn|38
|chat|broke_and_famous|gg
|chat|y\/n Sage DH|actually shao coulc clean
|
|move|p2a: Mienshao|High Jump Kick|p1a: Roadblock
|-supereffective|p1a: Roadblock
|-damage|p1a: Roadblock|0 fnt
|faint|p1a: Roadblock
|
|
|switch|p1a: Big Luvdisc|Alomomola, M|534\/534
|-damage|p1a: Big Luvdisc|401\/534|[from] Spikes
|-damage|p1a: Big Luvdisc|335\/534|[from] Stealth Rock
|turn|39
|chat|y\/n Sage DH|no wait
|chat|broke_and_famous|the only time i wish i was banded
|
|move|p1a: Big Luvdisc|Protect|p1a: Big Luvdisc
|-singleturn|p1a: Big Luvdisc|Protect
|move|p2a: Mienshao|High Jump Kick|p1a: Big Luvdisc
|-activate|p1a: Big Luvdisc|Protect
|-damage|p2a: Mienshao|136\/271|[from] highjumpkick
|
|turn|40
|chat|y\/n Sage DH|i have healing wish
|chat|y\/n Sage DH|i woulda healed my crobat if u were banded
|
|move|p2a: Mienshao|High Jump Kick|p1a: Big Luvdisc
|-damage|p1a: Big Luvdisc|139\/534
|-damage|p2a: Mienshao|91\/271|[from] item: Rocky Helmet|[of] p1a: Big Luvdisc
|move|p1a: Big Luvdisc|Toxic|p2a: Mienshao
|-status|p2a: Mienshao|tox
|
|-damage|p2a: Mienshao|75\/271 tox|[from] psn
|turn|41
|chat|y\/n Sage DH|gg tho
|
|move|p1a: Big Luvdisc|Protect|p1a: Big Luvdisc
|-singleturn|p1a: Big Luvdisc|Protect
|move|p2a: Mienshao|High Jump Kick|p1a: Big Luvdisc
|-activate|p1a: Big Luvdisc|Protect
|-damage|p2a: Mienshao|0 fnt|[from] highjumpkick
|faint|p2a: Mienshao
|
|win|y\/n Sage DH
|raw|Ladder updating...
|raw|y&#x2f;n Sage DH's rating: 1522 &rarr; <strong>1536<\/strong><br \/>(+14 for winning)
|raw|broke_and_famous's rating: 1413 &rarr; <strong>1399<\/strong><br \/>(-14 for losing)
|chat|y\/n Sage DH|my team was very worn down
|chat|broke_and_famous|now it is gg
|chat|broke_and_famous|well i will look into the darkhorse thing. thank you for it
|chat|y\/n Sage DH|np