|join|ChyllyWylly
|join|broke_and_famous
|player|p1|ChyllyWylly|279
|player|p2|broke_and_famous|288
|gametype|singles
|gen|6
|tier|UU
|rated
|clearpoke
|poke|p1|Rotom-Mow
|poke|p1|Aerodactyl, M
|poke|p1|Cloyster, F
|poke|p1|Forretress, F
|poke|p1|Kyurem
|poke|p1|Krookodile, F
|poke|p2|Mienshao, F
|poke|p2|Raikou, shiny
|poke|p2|Roserade, F
|poke|p2|Forretress, M
|poke|p2|Jellicent, M
|poke|p2|Aerodactyl, F
|rule|Sleep Clause Mod: Limit one foe put to sleep
|rule|Species Clause: Limit one of each Pokemon
|rule|OHKO Clause: OHKO moves are banned
|rule|Moody Clause: Moody is banned
|rule|Evasion Moves Clause: Evasion moves are banned
|rule|Endless Battle Clause: Forcing endless battles is banned.
|rule|HP Percentage Mod: HP is reported as percentages
|teampreview
|
|start
|switch|p1a: Rotom-Mow|Rotom-Mow|304\/304
|switch|p2a: Mienshao|Mienshao, F|271\/271
|turn|1
|
|move|p2a: Mienshao|U-turn|p1a: Rotom-Mow
|-supereffective|p1a: Rotom-Mow
|-damage|p1a: Rotom-Mow|176\/304
|
|switch|p2a: Jellicent|Jellicent, M|404\/404
|move|p1a: Rotom-Mow|Thunderbolt|p2a: Jellicent
|-supereffective|p2a: Jellicent
|-damage|p2a: Jellicent|236\/404
|
|-heal|p1a: Rotom-Mow|195\/304|[from] item: Leftovers
|-heal|p2a: Jellicent|261\/404|[from] item: Leftovers
|turn|2
|
|move|p1a: Rotom-Mow|Thunderbolt|p2a: Jellicent
|-supereffective|p2a: Jellicent
|-damage|p2a: Jellicent|97\/404
|move|p2a: Jellicent|Recover|p2a: Jellicent
|-heal|p2a: Jellicent|299\/404
|
|-heal|p1a: Rotom-Mow|214\/304|[from] item: Leftovers
|-heal|p2a: Jellicent|324\/404|[from] item: Leftovers
|turn|3
|
|move|p1a: Rotom-Mow|Thunderbolt|p2a: Jellicent
|-supereffective|p2a: Jellicent
|-damage|p2a: Jellicent|162\/404
|move|p2a: Jellicent|Will-O-Wisp|p1a: Rotom-Mow
|-status|p1a: Rotom-Mow|brn
|
|-heal|p1a: Rotom-Mow|233\/304 brn|[from] item: Leftovers
|-heal|p2a: Jellicent|187\/404|[from] item: Leftovers
|-damage|p1a: Rotom-Mow|195\/304 brn|[from] brn
|turn|4
|
|move|p1a: Rotom-Mow|Thunderbolt|p2a: Jellicent
|-supereffective|p2a: Jellicent
|-damage|p2a: Jellicent|47\/404
|move|p2a: Jellicent|Recover|p2a: Jellicent
|-heal|p2a: Jellicent|249\/404
|
|-heal|p1a: Rotom-Mow|214\/304 brn|[from] item: Leftovers
|-heal|p2a: Jellicent|274\/404|[from] item: Leftovers
|-damage|p1a: Rotom-Mow|176\/304 brn|[from] brn
|turn|5
|
|move|p1a: Rotom-Mow|Thunderbolt|p2a: Jellicent
|-crit|p2a: Jellicent
|-supereffective|p2a: Jellicent
|-damage|p2a: Jellicent|56\/404
|move|p2a: Jellicent|Recover|p2a: Jellicent
|-heal|p2a: Jellicent|258\/404
|
|-heal|p1a: Rotom-Mow|195\/304 brn|[from] item: Leftovers
|-heal|p2a: Jellicent|283\/404|[from] item: Leftovers
|-damage|p1a: Rotom-Mow|157\/304 brn|[from] brn
|turn|6
|
|switch|p1a: Forretress|Forretress, F|354\/354
|move|p2a: Jellicent|Recover|p2a: Jellicent
|-heal|p2a: Jellicent|404\/404
|
|turn|7
|
|move|p2a: Jellicent|Scald|p1a: Forretress
|-damage|p1a: Forretress|239\/354
|-status|p1a: Forretress|brn
|move|p1a: Forretress|Stealth Rock|p2a: Jellicent
|-sidestart|p2: broke_and_famous|move: Stealth Rock
|
|-heal|p1a: Forretress|261\/354 brn|[from] item: Leftovers
|-damage|p1a: Forretress|217\/354 brn|[from] brn
|turn|8
|
|switch|p2a: Roserade|Roserade, F|261\/261
|-damage|p2a: Roserade|229\/261|[from] Stealth Rock
|move|p1a: Forretress|Volt Switch|p2a: Roserade
|-resisted|p2a: Roserade
|-damage|p2a: Roserade|211\/261
|
|switch|p1a: Kyurem|Kyurem|454\/454
|-ability|p1a: Kyurem|Pressure
|
|-heal|p2a: Roserade|227\/261|[from] item: Black Sludge
|turn|9
|
|move|p2a: Roserade|Dazzling Gleam|p1a: Kyurem
|-supereffective|p1a: Kyurem
|-damage|p1a: Kyurem|242\/454
|move|p1a: Kyurem|Ice Beam|p2a: Roserade
|-supereffective|p2a: Roserade
|-damage|p2a: Roserade|0 fnt
|-damage|p1a: Kyurem|197\/454|[from] item: Life Orb
|faint|p2a: Roserade
|
|
|switch|p2a: Aerodactyl|Aerodactyl, F|301\/301
|-damage|p2a: Aerodactyl|226\/301|[from] Stealth Rock
|-ability|p2a: Aerodactyl|Pressure
|turn|10
|
|switch|p1a: Rotom-Mow|Rotom-Mow|157\/304 brn
|-formechange|p2a: Aerodactyl|Aerodactyl-Mega
|message|Aerodactyl has Mega Evolved into Mega Aerodactyl!
|move|p2a: Aerodactyl|Iron Head|p1a: Rotom-Mow
|-resisted|p1a: Rotom-Mow
|-damage|p1a: Rotom-Mow|108\/304 brn
|
|-heal|p1a: Rotom-Mow|127\/304 brn|[from] item: Leftovers
|-damage|p1a: Rotom-Mow|89\/304 brn|[from] brn
|turn|11
|
|move|p2a: Aerodactyl|Crunch|p1a: Rotom-Mow
|-crit|p1a: Rotom-Mow
|-damage|p1a: Rotom-Mow|0 fnt
|faint|p1a: Rotom-Mow
|
|
|switch|p1a: Cloyster|Cloyster, F|242\/242
|turn|12
|
|move|p2a: Aerodactyl|Taunt|p1a: Cloyster
|-start|p1a: Cloyster|move: Taunt
|cant|p1a: Cloyster|move: Taunt|Shell Smash
|
|turn|13
|
|move|p2a: Aerodactyl|Iron Head|p1a: Cloyster
|-damage|p1a: Cloyster|169\/242
|move|p1a: Cloyster|Icicle Spear|p2a: Aerodactyl
|-supereffective|p2a: Aerodactyl
|-damage|p2a: Aerodactyl|140\/301
|-supereffective|p2a: Aerodactyl
|-damage|p2a: Aerodactyl|54\/301
|-supereffective|p2a: Aerodactyl
|-damage|p2a: Aerodactyl|0 fnt
|-hitcount|p2a: Aerodactyl|3
|faint|p2a: Aerodactyl
|
|
|switch|p2a: Raikou|Raikou, shiny|321\/321
|-damage|p2a: Raikou|281\/321|[from] Stealth Rock
|-ability|p2a: Raikou|Pressure
|turn|14
|
|switch|p1a: Krookodile|Krookodile, F|331\/331
|move|p2a: Raikou|Volt Switch|p1a: Krookodile
|-immune|p1a: Krookodile|[msg]
|
|turn|15
|
|switch|p2a: Forretress|Forretress, M|354\/354
|-damage|p2a: Forretress|310\/354|[from] Stealth Rock
|move|p1a: Krookodile|Knock Off|p2a: Forretress
|-damage|p2a: Forretress|184\/354
|-enditem|p2a: Forretress|Leftovers|[from] move: Knock Off|[of] p1a: Krookodile
|-damage|p1a: Krookodile|298\/331|[from] item: Life Orb
|
|turn|16
|
|move|p1a: Krookodile|Earthquake|p2a: Forretress
|-damage|p2a: Forretress|63\/354
|-damage|p1a: Krookodile|265\/331|[from] item: Life Orb
|move|p2a: Forretress|Stealth Rock|p1a: Krookodile
|-sidestart|p1: ChyllyWylly|move: Stealth Rock
|
|turn|17
|
|move|p1a: Krookodile|Earthquake|p2a: Forretress
|-crit|p2a: Forretress
|-damage|p2a: Forretress|0 fnt
|-damage|p1a: Krookodile|232\/331|[from] item: Life Orb
|faint|p2a: Forretress
|-boost|p1a: Krookodile|atk|1|[from] ability: Moxie
|
|
|switch|p2a: Mienshao|Mienshao, F|271\/271
|-damage|p2a: Mienshao|255\/271|[from] Stealth Rock
|turn|18
|
|move|p2a: Mienshao|High Jump Kick|p1a: Krookodile
|-supereffective|p1a: Krookodile
|-damage|p1a: Krookodile|0 fnt
|faint|p1a: Krookodile
|
|
|switch|p1a: Aerodactyl|Aerodactyl, M|302\/302
|-damage|p1a: Aerodactyl|227\/302|[from] Stealth Rock
|-ability|p1a: Aerodactyl|Pressure
|turn|19
|
|-formechange|p1a: Aerodactyl|Aerodactyl-Mega
|message|Aerodactyl has Mega Evolved into Mega Aerodactyl!
|move|p2a: Mienshao|High Jump Kick|p1a: Aerodactyl
|-damage|p1a: Aerodactyl|0 fnt
|faint|p1a: Aerodactyl
|
|
|switch|p1a: Cloyster|Cloyster, F|169\/242
|-damage|p1a: Cloyster|109\/242|[from] Stealth Rock
|turn|20
|chat|ChyllyWylly|That move may sweep my whole team from here, heh
|
|move|p2a: Mienshao|High Jump Kick|p1a: Cloyster|[miss]
|-miss|p2a: Mienshao|p1a: Cloyster
|-damage|p2a: Mienshao|120\/271|[from] highjumpkick
|move|p1a: Cloyster|Shell Smash|p1a: Cloyster
|-boost|p1a: Cloyster|atk|2
|-boost|p1a: Cloyster|spa|2
|-boost|p1a: Cloyster|spe|2
|-unboost|p1a: Cloyster|def|1
|-unboost|p1a: Cloyster|spd|1
|
|turn|21
|
|move|p1a: Cloyster|Icicle Spear|p2a: Mienshao
|-damage|p2a: Mienshao|11\/271
|-damage|p2a: Mienshao|0 fnt
|-hitcount|p2a: Mienshao|2
|faint|p2a: Mienshao
|
|
|switch|p2a: Jellicent|Jellicent, M|404\/404
|-damage|p2a: Jellicent|354\/404|[from] Stealth Rock
|turn|22
|
|move|p1a: Cloyster|Rock Blast|p2a: Jellicent
|-damage|p2a: Jellicent|294\/404
|-damage|p2a: Jellicent|224\/404
|-damage|p2a: Jellicent|164\/404
|-crit|p2a: Jellicent
|-damage|p2a: Jellicent|59\/404
|-crit|p2a: Jellicent
|-damage|p2a: Jellicent|0 fnt
|-hitcount|p2a: Jellicent|5
|faint|p2a: Jellicent
|
|
|switch|p2a: Raikou|Raikou, shiny|281\/321
|-damage|p2a: Raikou|241\/321|[from] Stealth Rock
|-ability|p2a: Raikou|Pressure
|turn|23
|chat|ChyllyWylly|...Unless luck
|
|move|p1a: Cloyster|Icicle Spear|p2a: Raikou
|-damage|p2a: Raikou|144\/321
|-damage|p2a: Raikou|48\/321
|-damage|p2a: Raikou|0 fnt
|-hitcount|p2a: Raikou|3
|faint|p2a: Raikou
|
|win|ChyllyWylly
|raw|Ladder updating...
|raw|ChyllyWylly's rating: 1224 &rarr; <strong>1244<\/strong><br \/>(+20 for winning)
|raw|broke_and_famous's rating: 1156 &rarr; <strong>1136<\/strong><br \/>(-20 for losing)
|leave|broke_and_famous
|player|p2