|join|call girl
|join|broke_and_famous
|player|p1|call girl|213
|player|p2|broke_and_famous|288
|gametype|singles
|gen|6
|tier|UU
|rated
|rule|Sleep Clause Mod: Limit one foe put to sleep
|rule|Species Clause: Limit one of each PokÃ©mon
|rule|OHKO Clause: OHKO moves are banned
|rule|Moody Clause: Moody is banned
|rule|Evasion Moves Clause: Evasion moves are banned
|rule|Endless Battle Clause: Forcing endless battles is banned
|rule|HP Percentage Mod: HP is shown in percentages
|clearpoke
|poke|p1|Rampardos, M
|poke|p1|Galvantula, M
|poke|p1|Sableye, M
|poke|p1|Mew
|poke|p1|Heracross, F
|poke|p1|Blastoise, M
|poke|p2|Mienshao, F
|poke|p2|Raikou, shiny
|poke|p2|Roserade, M
|poke|p2|Forretress, M
|poke|p2|Jellicent, M
|poke|p2|Aerodactyl, F
|rule|Swagger Clause: Swagger is banned
|rule|Baton Pass Clause: Limit one PokÃ©mon knowing Baton Pass
|teampreview
|
|start
|switch|p1a: Galvantula|Galvantula, M|281\/281
|switch|p2a: Aerodactyl|Aerodactyl, F|301\/301
|-ability|p2a: Aerodactyl|Pressure
|turn|1
|
|detailschange|p2a: Aerodactyl|Aerodactyl-Mega, F
|message|Aerodactyl has Mega Evolved into Mega Aerodactyl!
|move|p2a: Aerodactyl|Taunt|p1a: Galvantula
|-start|p1a: Galvantula|move: Taunt
|move|p1a: Galvantula|Thunder|p2a: Aerodactyl
|-supereffective|p2a: Aerodactyl
|-damage|p2a: Aerodactyl|0 fnt
|faint|p2a: Aerodactyl
|
|
|switch|p2a: Roserade|Roserade, M|261\/261
|turn|2
|
|switch|p1a: Mew|Mew|341\/341
|move|p2a: Roserade|Hidden Power|p1a: Mew
|-damage|p1a: Mew|236\/341
|
|turn|3
|
|move|p1a: Mew|Stealth Rock|p2a: Roserade
|-sidestart|p2: broke_and_famous|move: Stealth Rock
|move|p2a: Roserade|Energy Ball|p1a: Mew
|-damage|p1a: Mew|55\/341
|
|turn|4
|
|switch|p2a: Forretress|Forretress, M|354\/354
|-damage|p2a: Forretress|310\/354|[from] Stealth Rock
|move|p1a: Mew|Psychic|p2a: Forretress
|-resisted|p2a: Forretress
|-damage|p2a: Forretress|179\/354
|-damage|p1a: Mew|21\/341|[from] item: Life Orb
|
|-heal|p2a: Forretress|201\/354|[from] item: Leftovers
|turn|5
|
|move|p1a: Mew|Aura Sphere|p2a: Forretress
|-damage|p2a: Forretress|40\/354
|-damage|p1a: Mew|0 fnt|[from] item: Life Orb
|faint|p1a: Mew
|move|p2a: Forretress|Stealth Rock|p1: Mew
|-sidestart|p1: call girl|move: Stealth Rock
|
|-heal|p2a: Forretress|62\/354|[from] item: Leftovers
|
|switch|p1a: Heracross|Heracross, F|301\/301
|-damage|p1a: Heracross|264\/301|[from] Stealth Rock
|turn|6
|
|move|p1a: Heracross|Knock Off|p2a: Forretress
|-damage|p2a: Forretress|0 fnt
|-enditem|p2a: Forretress|Leftovers|[from] move: Knock Off|[of] p1a: Heracross
|faint|p2a: Forretress
|
|
|switch|p2a: Mienshao|Mienshao, F|271\/271
|-damage|p2a: Mienshao|255\/271|[from] Stealth Rock
|turn|7
|
|switch|p1a: Sableye|Sableye, M|303\/303
|-damage|p1a: Sableye|266\/303|[from] Stealth Rock
|move|p2a: Mienshao|Aerial Ace|p1a: Sableye
|-damage|p1a: Sableye|179\/303
|
|-heal|p1a: Sableye|197\/303|[from] item: Leftovers
|turn|8
|
|switch|p2a: Roserade|Roserade, M|261\/261
|-damage|p2a: Roserade|229\/261|[from] Stealth Rock
|move|p1a: Sableye|Knock Off|p2a: Roserade
|-damage|p2a: Roserade|108\/261
|-enditem|p2a: Roserade|Black Sludge|[from] move: Knock Off|[of] p1a: Sableye
|
|-heal|p1a: Sableye|215\/303|[from] item: Leftovers
|turn|9
|
|switch|p1a: Galvantula|Galvantula, M|281\/281
|-damage|p1a: Galvantula|211\/281|[from] Stealth Rock
|move|p2a: Roserade|Dazzling Gleam|p1a: Galvantula
|-damage|p1a: Galvantula|59\/281
|
|turn|10
|
|move|p1a: Galvantula|Sticky Web|p2a: Roserade
|-sidestart|p2: broke_and_famous|move: Sticky Web
|move|p2a: Roserade|Dazzling Gleam|p1a: Galvantula
|-damage|p1a: Galvantula|0 fnt
|faint|p1a: Galvantula
|
|
|switch|p1a: Sableye|Sableye, M|215\/303
|-damage|p1a: Sableye|178\/303|[from] Stealth Rock
|turn|11
|
|move|p1a: Sableye|Will-O-Wisp|p2a: Roserade
|-status|p2a: Roserade|brn
|move|p2a: Roserade|Dazzling Gleam|p1a: Sableye
|-supereffective|p1a: Sableye
|-damage|p1a: Sableye|0 fnt
|faint|p1a: Sableye
|
|-damage|p2a: Roserade|76\/261 brn|[from] brn
|
|switch|p1a: Heracross|Heracross, F|264\/301
|-damage|p1a: Heracross|227\/301|[from] Stealth Rock
|turn|12
|
|move|p1a: Heracross|Close Combat|p2a: Roserade
|-resisted|p2a: Roserade
|-damage|p2a: Roserade|0 fnt
|-unboost|p1a: Heracross|def|1
|-unboost|p1a: Heracross|spd|1
|faint|p2a: Roserade
|
|
|switch|p2a: Jellicent|Jellicent, M|404\/404
|-activate|p2a: Jellicent|move: Sticky Web
|-unboost|p2a: Jellicent|spe|1
|-damage|p2a: Jellicent|354\/404|[from] Stealth Rock
|turn|13
|
|switch|p1a: Blastoise|Blastoise, M|311\/311
|-damage|p1a: Blastoise|273\/311|[from] Stealth Rock
|move|p2a: Jellicent|Shadow Ball|p1a: Blastoise
|-crit|p1a: Blastoise
|-damage|p1a: Blastoise|161\/311
|
|-heal|p2a: Jellicent|379\/404|[from] item: Leftovers
|turn|14
|
|detailschange|p1a: Blastoise|Blastoise-Mega, M
|message|Blastoise has Mega Evolved into Mega Blastoise!
|move|p1a: Blastoise|Dark Pulse|p2a: Jellicent
|-supereffective|p2a: Jellicent
|-damage|p2a: Jellicent|161\/404
|move|p2a: Jellicent|Will-O-Wisp|p1a: Blastoise
|-status|p1a: Blastoise|brn
|
|-heal|p2a: Jellicent|186\/404|[from] item: Leftovers
|-damage|p1a: Blastoise|123\/311 brn|[from] brn
|turn|15
|
|move|p1a: Blastoise|Dark Pulse|p2a: Jellicent
|-supereffective|p2a: Jellicent
|-damage|p2a: Jellicent|0 fnt
|faint|p2a: Jellicent
|
|-damage|p1a: Blastoise|85\/311 brn|[from] brn
|
|switch|p2a: Raikou|Raikou, shiny|321\/321
|-activate|p2a: Raikou|move: Sticky Web
|-unboost|p2a: Raikou|spe|1
|-damage|p2a: Raikou|281\/321|[from] Stealth Rock
|-ability|p2a: Raikou|Pressure
|turn|16
|
|move|p1a: Blastoise|Water Pulse|p2a: Raikou
|-damage|p2a: Raikou|95\/321
|move|p2a: Raikou|Volt Switch|p1a: Blastoise
|-crit|p1a: Blastoise
|-supereffective|p1a: Blastoise
|-damage|p1a: Blastoise|0 fnt
|faint|p1a: Blastoise
|
|switch|p2a: Mienshao|Mienshao, F|271\/271
|-damage|p2a: Mienshao|255\/271|[from] Stealth Rock
|-activate|p2a: Mienshao|move: Sticky Web
|-unboost|p2a: Mienshao|spe|1
|
|
|switch|p1a: Heracross|Heracross, F|227\/301
|-damage|p1a: Heracross|190\/301|[from] Stealth Rock
|turn|17
|
|switch|p1a: Rampardos|Rampardos, M|339\/339
|-damage|p1a: Rampardos|297\/339|[from] Stealth Rock
|-ability|p1a: Rampardos|Mold Breaker
|move|p2a: Mienshao|Aerial Ace|p1a: Rampardos
|-resisted|p1a: Rampardos
|-damage|p1a: Rampardos|248\/339
|
|turn|18
|
|switch|p2a: Raikou|Raikou, shiny|95\/321
|-activate|p2a: Raikou|move: Sticky Web
|-unboost|p2a: Raikou|spe|1
|-damage|p2a: Raikou|55\/321|[from] Stealth Rock
|-ability|p2a: Raikou|Pressure
|move|p1a: Rampardos|Earthquake|p2a: Raikou
|-supereffective|p2a: Raikou
|-damage|p2a: Raikou|0 fnt
|faint|p2a: Raikou
|
|
|switch|p2a: Mienshao|Mienshao, F|271\/271
|-activate|p2a: Mienshao|move: Sticky Web
|-unboost|p2a: Mienshao|spe|1
|-damage|p2a: Mienshao|255\/271|[from] Stealth Rock
|turn|19
|
|move|p2a: Mienshao|Stone Edge|p1a: Rampardos|[miss]
|-miss|p2a: Mienshao|p1a: Rampardos
|move|p1a: Rampardos|Earthquake|p2a: Mienshao
|-damage|p2a: Mienshao|0 fnt
|faint|p2a: Mienshao
|
|win|call girl
|raw|Ladder updating...
|raw|call girl's rating: 1434 &rarr; <strong>1456<\/strong><br \/>(+22 for winning)
|raw|broke_and_famous's rating: 1465 &rarr; <strong>1443<\/strong><br \/>(-22 for losing)
|leave|broke_and_famous
|player|p2