|join|Stoner Edge
|join|broke_and_famous
|player|p1|Stoner Edge|168
|player|p2|broke_and_famous|288
|gametype|singles
|gen|6
|tier|UU
|rated
|rule|Sleep Clause Mod: Limit one foe put to sleep
|rule|Species Clause: Limit one of each PokÃ©mon
|rule|OHKO Clause: OHKO moves are banned
|rule|Moody Clause: Moody is banned
|rule|Evasion Moves Clause: Evasion moves are banned
|rule|Endless Battle Clause: Forcing endless battles is banned
|rule|HP Percentage Mod: HP is shown in percentages
|clearpoke
|poke|p1|Mienshao, F
|poke|p1|Nidoqueen, F
|poke|p1|Shaymin
|poke|p1|Rotom-Heat
|poke|p1|Azelf
|poke|p1|Blastoise, M
|poke|p2|Mienshao, M
|poke|p2|Raikou, shiny
|poke|p2|Roserade, F
|poke|p2|Forretress, M
|poke|p2|Jellicent, F
|poke|p2|Aerodactyl, F
|rule|Swagger Clause: Swagger is banned
|rule|Baton Pass Clause: Limit one PokÃ©mon knowing Baton Pass
|teampreview
|
|start
|switch|p1a: Mienshao|Mienshao, F|271\/271
|switch|p2a: Aerodactyl|Aerodactyl, F|301\/301
|-ability|p2a: Aerodactyl|Pressure
|turn|1
|
|switch|p2a: Forretress|Forretress, M|354\/354
|move|p1a: Mienshao|U-turn|p2a: Forretress
|-resisted|p2a: Forretress
|-damage|p2a: Forretress|330\/354
|
|switch|p1a: Rotom-Heat|Rotom-Heat|303\/303
|
|-heal|p2a: Forretress|352\/354|[from] item: Leftovers
|turn|2
|
|switch|p2a: Jellicent|Jellicent, F|404\/404
|move|p1a: Rotom-Heat|Overheat|p2a: Jellicent
|-resisted|p2a: Jellicent
|-damage|p2a: Jellicent|344\/404
|-unboost|p1a: Rotom-Heat|spa|2
|
|-heal|p2a: Jellicent|369\/404|[from] item: Leftovers
|turn|3
|
|switch|p1a: Blastoise|Blastoise, M|362\/362
|move|p2a: Jellicent|Will-O-Wisp|p1a: Blastoise
|-status|p1a: Blastoise|brn
|
|-heal|p2a: Jellicent|394\/404|[from] item: Leftovers
|-damage|p1a: Blastoise|317\/362 brn|[from] brn
|turn|4
|
|detailschange|p1a: Blastoise|Blastoise-Mega, M
|message|Blastoise has Mega Evolved into Mega Blastoise!
|move|p1a: Blastoise|Dark Pulse|p2a: Jellicent
|-supereffective|p2a: Jellicent
|-damage|p2a: Jellicent|158\/404
|move|p2a: Jellicent|Shadow Ball|p1a: Blastoise
|-damage|p1a: Blastoise|248\/362 brn
|
|-heal|p2a: Jellicent|183\/404|[from] item: Leftovers
|-damage|p1a: Blastoise|203\/362 brn|[from] brn
|turn|5
|
|switch|p2a: Mienshao|Mienshao, M|271\/271
|move|p1a: Blastoise|Ice Beam|p2a: Mienshao
|-damage|p2a: Mienshao|86\/271
|
|-damage|p1a: Blastoise|158\/362 brn|[from] brn
|turn|6
|
|switch|p1a: Nidoqueen|Nidoqueen, F|360\/360
|move|p2a: Mienshao|U-turn|p1a: Nidoqueen
|-resisted|p1a: Nidoqueen
|-damage|p1a: Nidoqueen|311\/360
|
|switch|p2a: Aerodactyl|Aerodactyl, F|301\/301
|-ability|p2a: Aerodactyl|Pressure
|
|turn|7
|
|detailschange|p2a: Aerodactyl|Aerodactyl-Mega, F
|message|Aerodactyl has Mega Evolved into Mega Aerodactyl!
|move|p2a: Aerodactyl|Taunt|p1a: Nidoqueen
|-start|p1a: Nidoqueen|move: Taunt
|cant|p1a: Nidoqueen|move: Taunt|Stealth Rock
|
|turn|8
|
|move|p2a: Aerodactyl|Iron Head|p1a: Nidoqueen
|-damage|p1a: Nidoqueen|169\/360
|move|p1a: Nidoqueen|Thunderbolt|p2a: Aerodactyl
|-supereffective|p2a: Aerodactyl
|-damage|p2a: Aerodactyl|33\/301
|
|turn|9
|
|switch|p1a: Rotom-Heat|Rotom-Heat|303\/303
|move|p2a: Aerodactyl|Iron Head|p1a: Rotom-Heat
|-resisted|p1a: Rotom-Heat
|-damage|p1a: Rotom-Heat|275\/303
|
|-heal|p1a: Rotom-Heat|293\/303|[from] item: Leftovers
|turn|10
|
|move|p2a: Aerodactyl|Rock Slide|p1a: Rotom-Heat
|-supereffective|p1a: Rotom-Heat
|-damage|p1a: Rotom-Heat|51\/303
|move|p1a: Rotom-Heat|Volt Switch|p2a: Aerodactyl
|-supereffective|p2a: Aerodactyl
|-damage|p2a: Aerodactyl|0 fnt
|faint|p2a: Aerodactyl
|
|switch|p1a: Mienshao|Mienshao, F|271\/271
|
|
|switch|p2a: Roserade|Roserade, F|261\/261
|turn|11
|
|move|p1a: Mienshao|U-turn|p2a: Roserade
|-damage|p2a: Roserade|145\/261
|
|switch|p1a: Rotom-Heat|Rotom-Heat|51\/303
|move|p2a: Roserade|Extrasensory|p1a: Rotom-Heat
|-damage|p1a: Rotom-Heat|0 fnt
|faint|p1a: Rotom-Heat
|
|-heal|p2a: Roserade|161\/261|[from] item: Black Sludge
|
|switch|p1a: Azelf|Azelf|291\/291
|turn|12
|
|switch|p2a: Forretress|Forretress, M|352\/354
|move|p1a: Azelf|Zen Headbutt|p2a: Forretress
|-resisted|p2a: Forretress
|-damage|p2a: Forretress|295\/354
|
|-heal|p2a: Forretress|317\/354|[from] item: Leftovers
|turn|13
|
|switch|p1a: Blastoise|Blastoise-Mega, M|158\/362 brn
|move|p2a: Forretress|Stealth Rock|p1a: Blastoise
|-sidestart|p1: Stoner Edge|move: Stealth Rock
|
|-heal|p2a: Forretress|339\/354|[from] item: Leftovers
|-damage|p1a: Blastoise|113\/362 brn|[from] brn
|turn|14
|
|switch|p2a: Jellicent|Jellicent, F|183\/404
|move|p1a: Blastoise|Dark Pulse|p2a: Jellicent
|-supereffective|p2a: Jellicent
|-damage|p2a: Jellicent|0 fnt
|faint|p2a: Jellicent
|
|-damage|p1a: Blastoise|68\/362 brn|[from] brn
|
|switch|p2a: Raikou|Raikou, shiny|321\/321
|-ability|p2a: Raikou|Pressure
|turn|15
|
|move|p2a: Raikou|Shadow Ball|p1a: Blastoise
|-damage|p1a: Blastoise|0 fnt
|faint|p1a: Blastoise
|
|
|switch|p1a: Azelf|Azelf|291\/291
|-damage|p1a: Azelf|255\/291|[from] Stealth Rock
|turn|16
|
|move|p2a: Raikou|Shadow Ball|p1a: Azelf
|-supereffective|p1a: Azelf
|-damage|p1a: Azelf|0 fnt
|faint|p1a: Azelf
|
|
|switch|p1a: Nidoqueen|Nidoqueen, F|169\/360
|-damage|p1a: Nidoqueen|147\/360|[from] Stealth Rock
|turn|17
|
|move|p2a: Raikou|Shadow Ball|p1a: Nidoqueen
|-damage|p1a: Nidoqueen|0 fnt
|faint|p1a: Nidoqueen
|
|
|switch|p1a: Mienshao|Mienshao, F|271\/271
|-damage|p1a: Mienshao|255\/271|[from] Stealth Rock
|turn|18
|
|switch|p2a: Forretress|Forretress, M|339\/354
|move|p1a: Mienshao|High Jump Kick|p2a: Forretress
|-damage|p2a: Forretress|182\/354
|
|-heal|p2a: Forretress|204\/354|[from] item: Leftovers
|turn|19
|
|move|p1a: Mienshao|High Jump Kick|p2a: Forretress
|-damage|p2a: Forretress|38\/354
|move|p2a: Forretress|Spikes|p1a: Mienshao
|-sidestart|p1: Stoner Edge|Spikes
|
|-heal|p2a: Forretress|60\/354|[from] item: Leftovers
|turn|20
|
|move|p1a: Mienshao|High Jump Kick|p2a: Forretress
|-damage|p2a: Forretress|0 fnt
|faint|p2a: Forretress
|
|
|switch|p2a: Roserade|Roserade, F|161\/261
|turn|21
|
|move|p1a: Mienshao|High Jump Kick|p2a: Roserade
|-resisted|p2a: Roserade
|-damage|p2a: Roserade|0 fnt
|faint|p2a: Roserade
|
|
|switch|p2a: Mienshao|Mienshao, M|176\/271
|turn|22
|
|move|p1a: Mienshao|High Jump Kick|p2a: Mienshao
|-crit|p2a: Mienshao
|-damage|p2a: Mienshao|0 fnt
|faint|p2a: Mienshao
|
|
|switch|p2a: Raikou|Raikou, shiny|321\/321
|-ability|p2a: Raikou|Pressure
|turn|23
|
|move|p1a: Mienshao|High Jump Kick|p2a: Raikou
|-damage|p2a: Raikou|0 fnt
|faint|p2a: Raikou
|
|win|Stoner Edge
|raw|Ladder updating...
|raw|Stoner Edge's rating: 1397 &rarr; <strong>1415<\/strong><br \/>(+18 for winning)
|raw|broke_and_famous's rating: 1362 &rarr; <strong>1344<\/strong><br \/>(-18 for losing)
|c|âStoner Edge|gg
|leave|broke_and_famous
|player|p2