|join|broke_and_famous
|join|420moriyasu
|player|p1|broke_and_famous|288
|player|p2|420moriyasu|121
|gametype|singles
|gen|6
|tier|UU
|rated
|rule|Sleep Clause Mod: Limit one foe put to sleep
|rule|Species Clause: Limit one of each PokÃ©mon
|rule|OHKO Clause: OHKO moves are banned
|rule|Moody Clause: Moody is banned
|rule|Evasion Moves Clause: Evasion moves are banned
|rule|Endless Battle Clause: Forcing endless battles is banned
|rule|HP Percentage Mod: HP is reported as percentages
|clearpoke
|poke|p1|Mienshao, M
|poke|p1|Raikou, shiny
|poke|p1|Roserade, F
|poke|p1|Forretress, M
|poke|p1|Jellicent, F
|poke|p1|Aerodactyl, F
|poke|p2|Vivillon, M
|poke|p2|Arcanine, F
|poke|p2|Sableye, M
|poke|p2|Haxorus, F
|poke|p2|Aggron, F
|poke|p2|Clawitzer, F
|rule|Swagger Clause: Swagger is banned
|rule|Baton Pass Clause: Limit one PokÃ©mon knowing Baton Pass
|teampreview
|
|start
|switch|p1a: Aerodactyl|Aerodactyl, F|301\/301
|switch|p2a: Vivillon|Vivillon, M|302\/302
|-ability|p1a: Aerodactyl|Pressure
|turn|1
|
|switch|p2a: Sableye|Sableye, M|304\/304
|detailschange|p1a: Aerodactyl|Aerodactyl-Mega, F
|message|Aerodactyl has Mega Evolved into Mega Aerodactyl!
|move|p1a: Aerodactyl|Taunt|p2a: Sableye
|-start|p2a: Sableye|move: Taunt
|
|turn|2
|
|move|p1a: Aerodactyl|Iron Head|p2a: Sableye
|-damage|p2a: Sableye|134\/304
|move|p2a: Sableye|Knock Off|p1a: Aerodactyl
|-damage|p1a: Aerodactyl|235\/301
|
|-heal|p2a: Sableye|153\/304|[from] item: Leftovers
|turn|3
|
|switch|p2a: Aggron|Aggron, F|344\/344
|move|p1a: Aerodactyl|Rock Slide|p2a: Aggron
|-resisted|p2a: Aggron
|-damage|p2a: Aggron|302\/344
|
|turn|4
|
|switch|p1a: Forretress|Forretress, M|354\/354
|detailschange|p2a: Aggron|Aggron-Mega, F
|message|Aggron has Mega Evolved into Mega Aggron!
|move|p2a: Aggron|Stealth Rock|p1a: Forretress
|-sidestart|p1: broke_and_famous|move: Stealth Rock
|
|turn|5
|
|switch|p2a: Arcanine|Arcanine, F|322\/322
|-ability|p2a: Arcanine|Intimidate|[of] p1a: Forretress
|-unboost|p1a: Forretress|atk|1
|move|p1a: Forretress|Volt Switch|p2a: Arcanine
|-damage|p2a: Arcanine|275\/322
|
|switch|p1a: Aerodactyl|Aerodactyl-Mega, F|235\/301
|-damage|p1a: Aerodactyl|160\/301|[from] Stealth Rock
|
|turn|6
|
|move|p1a: Aerodactyl|Rock Slide|p2a: Arcanine
|-supereffective|p2a: Arcanine
|-damage|p2a: Arcanine|0 fnt
|faint|p2a: Arcanine
|
|
|switch|p2a: Aggron|Aggron-Mega, F|302\/344
|turn|7
|
|move|p1a: Aerodactyl|Taunt|p2a: Aggron
|-start|p2a: Aggron|move: Taunt
|move|p2a: Aggron|Avalanche|p1a: Aerodactyl
|-supereffective|p1a: Aerodactyl
|-damage|p1a: Aerodactyl|0 fnt
|faint|p1a: Aerodactyl
|
|
|switch|p1a: Raikou|Raikou, shiny|321\/321
|-damage|p1a: Raikou|281\/321|[from] Stealth Rock
|-ability|p1a: Raikou|Pressure
|turn|8
|
|move|p1a: Raikou|Volt Switch|p2a: Aggron
|-damage|p2a: Aggron|101\/344
|
|switch|p1a: Forretress|Forretress, M|354\/354
|-damage|p1a: Forretress|310\/354|[from] Stealth Rock
|move|p2a: Aggron|Avalanche|p1a: Forretress
|-resisted|p1a: Forretress
|-damage|p1a: Forretress|288\/354
|
|-heal|p1a: Forretress|310\/354|[from] item: Leftovers
|turn|9
|
|move|p1a: Forretress|Volt Switch|p2a: Aggron
|-damage|p2a: Aggron|54\/344
|
|switch|p1a: Jellicent|Jellicent, F|404\/404
|-damage|p1a: Jellicent|354\/404|[from] Stealth Rock
|move|p2a: Aggron|Dragon Tail|p1a: Jellicent|[miss]
|-miss|p2a: Aggron|p1a: Jellicent
|
|-heal|p1a: Jellicent|379\/404|[from] item: Leftovers
|-end|p2a: Aggron|move: Taunt
|turn|10
|
|move|p1a: Jellicent|Scald|p2a: Aggron
|-damage|p2a: Aggron|0 fnt
|faint|p2a: Aggron
|
|-heal|p1a: Jellicent|404\/404|[from] item: Leftovers
|
|switch|p2a: Sableye|Sableye, M|153\/304
|turn|11
|
|move|p2a: Sableye|Taunt|p1a: Jellicent
|-start|p1a: Jellicent|move: Taunt
|cant|p1a: Jellicent|move: Taunt|Recover
|
|-heal|p2a: Sableye|172\/304|[from] item: Leftovers
|turn|12
|
|switch|p1a: Roserade|Roserade, F|261\/261
|-damage|p1a: Roserade|229\/261|[from] Stealth Rock
|move|p2a: Sableye|Will-O-Wisp|p1a: Roserade
|-status|p1a: Roserade|brn
|
|-heal|p1a: Roserade|245\/261 brn|[from] item: Black Sludge
|-heal|p2a: Sableye|191\/304|[from] item: Leftovers
|-damage|p1a: Roserade|213\/261 brn|[from] brn
|turn|13
|
|move|p1a: Roserade|Dazzling Gleam|p2a: Sableye
|-supereffective|p2a: Sableye
|-damage|p2a: Sableye|0 fnt
|faint|p2a: Sableye
|
|-heal|p1a: Roserade|229\/261 brn|[from] item: Black Sludge
|-damage|p1a: Roserade|197\/261 brn|[from] brn
|
|switch|p2a: Vivillon|Vivillon, M|302\/302
|turn|14
|
|move|p1a: Roserade|Hidden Power|p2a: Vivillon
|-crit|p2a: Vivillon
|-supereffective|p2a: Vivillon
|-enditem|p2a: Vivillon|Focus Sash
|-damage|p2a: Vivillon|1\/302
|move|p2a: Vivillon|Quiver Dance|p2a: Vivillon
|-boost|p2a: Vivillon|spa|1
|-boost|p2a: Vivillon|spd|1
|-boost|p2a: Vivillon|spe|1
|
|-heal|p1a: Roserade|213\/261 brn|[from] item: Black Sludge
|-damage|p1a: Roserade|181\/261 brn|[from] brn
|turn|15
|
|move|p2a: Vivillon|Hurricane|p1a: Roserade
|-supereffective|p1a: Roserade
|-damage|p1a: Roserade|0 fnt
|faint|p1a: Roserade
|
|
|switch|p1a: Mienshao|Mienshao, M|271\/271
|-damage|p1a: Mienshao|255\/271|[from] Stealth Rock
|turn|16
|
|move|p1a: Mienshao|U-turn|p2a: Vivillon
|-resisted|p2a: Vivillon
|-damage|p2a: Vivillon|0 fnt
|faint|p2a: Vivillon
|
|switch|p1a: Raikou|Raikou, shiny|281\/321
|-damage|p1a: Raikou|241\/321|[from] Stealth Rock
|-ability|p1a: Raikou|Pressure
|
|
|switch|p2a: Haxorus|Haxorus, F|302\/302
|-ability|p2a: Haxorus|Mold Breaker
|turn|17
|
|move|p1a: Raikou|Shadow Ball|p2a: Haxorus
|-damage|p2a: Haxorus|130\/302
|move|p2a: Haxorus|Dragon Dance|p2a: Haxorus
|-boost|p2a: Haxorus|atk|1
|-boost|p2a: Haxorus|spe|1
|
|turn|18
|
|switch|p1a: Forretress|Forretress, M|310\/354
|-damage|p1a: Forretress|266\/354|[from] Stealth Rock
|move|p2a: Haxorus|Dragon Claw|p1a: Forretress
|-resisted|p1a: Forretress
|-damage|p1a: Forretress|196\/354
|
|-heal|p1a: Forretress|218\/354|[from] item: Leftovers
|turn|19
|
|move|p2a: Haxorus|Dragon Dance|p2a: Haxorus
|-boost|p2a: Haxorus|atk|1
|-boost|p2a: Haxorus|spe|1
|move|p1a: Forretress|Rapid Spin|p2a: Haxorus
|-damage|p2a: Haxorus|117\/302
|-sideend|p1: broke_and_famous|Stealth Rock|[from] move: Rapid Spin|[of] p1a: Forretress
|
|-heal|p1a: Forretress|240\/354|[from] item: Leftovers
|turn|20
|
|move|p2a: Haxorus|Dragon Dance|p2a: Haxorus
|-boost|p2a: Haxorus|atk|1
|-boost|p2a: Haxorus|spe|1
|move|p1a: Forretress|Volt Switch|p2a: Haxorus
|-resisted|p2a: Haxorus
|-damage|p2a: Haxorus|91\/302
|
|switch|p1a: Jellicent|Jellicent, F|404\/404
|
|turn|21
|
|move|p2a: Haxorus|Dragon Claw|p1a: Jellicent
|-damage|p1a: Jellicent|0 fnt
|faint|p1a: Jellicent
|
|
|switch|p1a: Mienshao|Mienshao, M|271\/271
|turn|22
|
|move|p2a: Haxorus|Aerial Ace|p1a: Mienshao
|-supereffective|p1a: Mienshao
|-damage|p1a: Mienshao|0 fnt
|faint|p1a: Mienshao
|
|
|switch|p1a: Raikou|Raikou, shiny|241\/321
|-ability|p1a: Raikou|Pressure
|turn|23
|
|move|p2a: Haxorus|Dragon Claw|p1a: Raikou
|-crit|p1a: Raikou
|-damage|p1a: Raikou|0 fnt
|faint|p1a: Raikou
|
|-message|broke_and_famous forfeited.
|
|win|420moriyasu
|raw|Ladder updating...
|leave|broke_and_famous
|player|p1
|raw|broke_and_famous's rating: 1492 &rarr; <strong>1464<\/strong><br \/>(-28 for losing)
|raw|420moriyasu's rating: 1328 &rarr; <strong>1357<\/strong><br \/>(+29 for winning)