|join|broke_and_famous
|join|Luna Testing
|player|p1|broke_and_famous|288
|player|p2|Luna Testing|280
|gametype|singles
|gen|6
|tier|UU
|rated
|rule|Sleep Clause Mod: Limit one foe put to sleep
|rule|Species Clause: Limit one of each PokÃ©mon
|rule|OHKO Clause: OHKO moves are banned
|rule|Moody Clause: Moody is banned
|rule|Evasion Moves Clause: Evasion moves are banned
|rule|Endless Battle Clause: Forcing endless battles is banned
|rule|HP Percentage Mod: HP is shown in percentages
|clearpoke
|poke|p1|Mienshao, M
|poke|p1|Raikou, shiny
|poke|p1|Roserade, F
|poke|p1|Forretress, F
|poke|p1|Jellicent, M
|poke|p1|Aerodactyl, F
|poke|p2|Fletchinder, F
|poke|p2|Chandelure, F
|poke|p2|Slowbro, M
|poke|p2|Blissey, F, shiny
|poke|p2|Forretress, F, shiny
|poke|p2|Mienshao, F
|rule|Swagger Clause: Swagger is banned
|rule|Baton Pass Clause: Limit one PokÃ©mon knowing Baton Pass
|teampreview
|
|start
|switch|p1a: Aerodactyl|Aerodactyl, F|301\/301
|switch|p2a: Mienshao|Mienshao, F|281\/281
|-ability|p1a: Aerodactyl|Pressure
|turn|1
|
|detailschange|p1a: Aerodactyl|Aerodactyl-Mega, F
|message|Aerodactyl has Mega Evolved into Mega Aerodactyl!
|move|p2a: Mienshao|High Jump Kick|p1a: Aerodactyl
|-damage|p1a: Aerodactyl|0 fnt
|faint|p1a: Aerodactyl
|
|
|switch|p1a: Forretress|Forretress, F|354\/354
|turn|2
|
|switch|p2a: â(â¿o-o)â|Chandelure, F|324\/324
|move|p1a: Forretress|Volt Switch|p2a: â(â¿o-o)â
|-damage|p2a: â(â¿o-o)â|287\/324
|
|switch|p1a: Raikou|Raikou, shiny|321\/321
|-ability|p1a: Raikou|Pressure
|
|-heal|p2a: â(â¿o-o)â|307\/324|[from] item: Leftovers
|turn|3
|
|switch|p2a: > not luna|Blissey, F, shiny|652\/652
|move|p1a: Raikou|Volt Switch|p2a: > not luna
|-damage|p2a: > not luna|532\/652
|
|switch|p1a: Forretress|Forretress, F|354\/354
|
|-heal|p2a: > not luna|572\/652|[from] item: Leftovers
|turn|4
|chat|Luna Testing|:I
|
|switch|p2a: â(â¿o-o)â|Chandelure, F|307\/324
|move|p1a: Forretress|Stealth Rock|p2a: â(â¿o-o)â
|-sidestart|p2: Luna Testing|move: Stealth Rock
|
|-heal|p2a: â(â¿o-o)â|324\/324|[from] item: Leftovers
|turn|5
|
|switch|p1a: Jellicent|Jellicent, M|404\/404
|move|p2a: â(â¿o-o)â|Substitute|p2a: â(â¿o-o)â
|-start|p2a: â(â¿o-o)â|Substitute
|-damage|p2a: â(â¿o-o)â|243\/324
|
|-heal|p2a: â(â¿o-o)â|263\/324|[from] item: Leftovers
|turn|6
|
|move|p2a: â(â¿o-o)â|Calm Mind|p2a: â(â¿o-o)â
|-boost|p2a: â(â¿o-o)â|spa|1
|-boost|p2a: â(â¿o-o)â|spd|1
|move|p1a: Jellicent|Scald|p2a: â(â¿o-o)â
|-supereffective|p2a: â(â¿o-o)â
|-end|p2a: â(â¿o-o)â|Substitute
|
|-heal|p2a: â(â¿o-o)â|283\/324|[from] item: Leftovers
|turn|7
|
|move|p2a: â(â¿o-o)â|Shadow Ball|p1a: Jellicent
|-supereffective|p1a: Jellicent
|-damage|p1a: Jellicent|146\/404
|move|p1a: Jellicent|Scald|p2a: â(â¿o-o)â
|-supereffective|p2a: â(â¿o-o)â
|-damage|p2a: â(â¿o-o)â|155\/324
|
|-heal|p2a: â(â¿o-o)â|175\/324|[from] item: Leftovers
|-heal|p1a: Jellicent|171\/404|[from] item: Leftovers
|turn|8
|
|move|p2a: â(â¿o-o)â|Shadow Ball|p1a: Jellicent
|-supereffective|p1a: Jellicent
|-damage|p1a: Jellicent|0 fnt
|faint|p1a: Jellicent
|
|-heal|p2a: â(â¿o-o)â|195\/324|[from] item: Leftovers
|
|switch|p1a: Raikou|Raikou, shiny|321\/321
|-ability|p1a: Raikou|Pressure
|turn|9
|
|move|p1a: Raikou|Thunderbolt|p2a: â(â¿o-o)â
|-damage|p2a: â(â¿o-o)â|20\/324
|-status|p2a: â(â¿o-o)â|par
|cant|p2a: â(â¿o-o)â|par
|
|-heal|p2a: â(â¿o-o)â|40\/324 par|[from] item: Leftovers
|turn|10
|chat|Luna Testing|wow
|chat|Luna Testing|luck you
|
|move|p1a: Raikou|Thunderbolt|p2a: â(â¿o-o)â
|-damage|p2a: â(â¿o-o)â|0 fnt
|faint|p2a: â(â¿o-o)â
|
|
|switch|p2a: > not luna|Blissey, F, shiny|572\/652
|-damage|p2a: > not luna|491\/652|[from] Stealth Rock
|turn|11
|
|switch|p1a: Forretress|Forretress, F|354\/354
|move|p2a: > not luna|Wish|p2a: > not luna
|
|-heal|p2a: > not luna|531\/652|[from] item: Leftovers
|turn|12
|
|switch|p2a: <(*>.<)>|Forretress, F, shiny|354\/354
|-damage|p2a: <(*>.<)>|310\/354|[from] Stealth Rock
|move|p1a: Forretress|Spikes|p2a: <(*>.<)>
|-sidestart|p2: Luna Testing|Spikes
|
|-heal|p2a: <(*>.<)>|354\/354|[from] move: Wish|[wisher] > not luna
|turn|13
|
|move|p1a: Forretress|Volt Switch|p2a: <(*>.<)>
|-damage|p2a: <(*>.<)>|298\/354
|
|switch|p1a: Roserade|Roserade, F|261\/261
|move|p2a: <(*>.<)>|Rapid Spin|p1a: Roserade
|-damage|p1a: Roserade|241\/261
|-sideend|p2: Luna Testing|Spikes|[from] move: Rapid Spin|[of] p2a: <(*>.<)>
|-sideend|p2: Luna Testing|Stealth Rock|[from] move: Rapid Spin|[of] p2a: <(*>.<)>
|
|-heal|p1a: Roserade|257\/261|[from] item: Black Sludge
|-heal|p2a: <(*>.<)>|320\/354|[from] item: Leftovers
|turn|14
|
|switch|p2a: luv mi emma ;-;|Fletchinder, F|328\/328
|move|p1a: Roserade|Hidden Power|p2a: luv mi emma ;-;
|-resisted|p2a: luv mi emma ;-;
|-damage|p2a: luv mi emma ;-;|233\/328
|
|-heal|p1a: Roserade|261\/261|[from] item: Black Sludge
|turn|15
|
|switch|p1a: Forretress|Forretress, F|354\/354
|move|p2a: luv mi emma ;-;|Will-O-Wisp|p1a: Forretress
|-status|p1a: Forretress|brn
|
|-damage|p1a: Forretress|310\/354 brn|[from] brn
|turn|16
|
|move|p2a: luv mi emma ;-;|Swords Dance|p2a: luv mi emma ;-;
|-boost|p2a: luv mi emma ;-;|atk|2
|move|p1a: Forretress|Stealth Rock|p2a: luv mi emma ;-;
|-sidestart|p2: Luna Testing|move: Stealth Rock
|
|-heal|p1a: Forretress|332\/354 brn|[from] item: Leftovers
|-damage|p1a: Forretress|288\/354 brn|[from] brn
|turn|17
|
|move|p2a: luv mi emma ;-;|Swords Dance|p2a: luv mi emma ;-;
|-boost|p2a: luv mi emma ;-;|atk|2
|move|p1a: Forretress|Volt Switch|p2a: luv mi emma ;-;
|-supereffective|p2a: luv mi emma ;-;
|-damage|p2a: luv mi emma ;-;|103\/328
|
|switch|p1a: Raikou|Raikou, shiny|321\/321
|-ability|p1a: Raikou|Pressure
|
|turn|18
|
|move|p2a: luv mi emma ;-;|Acrobatics|p1a: Raikou
|-resisted|p1a: Raikou
|-damage|p1a: Raikou|74\/321
|move|p1a: Raikou|Volt Switch|p2a: luv mi emma ;-;
|-supereffective|p2a: luv mi emma ;-;
|-damage|p2a: luv mi emma ;-;|0 fnt
|faint|p2a: luv mi emma ;-;
|
|switch|p1a: Roserade|Roserade, F|261\/261
|
|
|switch|p2a: Mienshao|Mienshao, F|281\/281
|-damage|p2a: Mienshao|264\/281|[from] Stealth Rock
|turn|19
|
|move|p2a: Mienshao|U-turn|p1a: Roserade
|-damage|p1a: Roserade|139\/261
|
|switch|p2a: > not luna|Blissey, F, shiny|531\/652
|-damage|p2a: > not luna|450\/652|[from] Stealth Rock
|move|p1a: Roserade|Extrasensory|p2a: > not luna
|-damage|p2a: > not luna|386\/652
|
|-heal|p1a: Roserade|155\/261|[from] item: Black Sludge
|-heal|p2a: > not luna|426\/652|[from] item: Leftovers
|turn|20
|
|switch|p1a: Mienshao|Mienshao, M|271\/271
|move|p2a: > not luna|Wish|p2a: > not luna
|
|-heal|p2a: > not luna|466\/652|[from] item: Leftovers
|turn|21
|
|move|p2a: > not luna|Protect|p2a: > not luna
|-singleturn|p2a: > not luna|Protect
|move|p1a: Mienshao|U-turn|p2a: > not luna
|-activate|p2a: > not luna|Protect
|
|-heal|p2a: > not luna|652\/652|[from] move: Wish|[wisher] > not luna
|turn|22
|
|move|p1a: Mienshao|U-turn|p2a: > not luna
|-damage|p2a: > not luna|495\/652
|
|switch|p1a: Roserade|Roserade, F|155\/261
|move|p2a: > not luna|Seismic Toss|p1a: Roserade
|-damage|p1a: Roserade|55\/261
|
|-heal|p1a: Roserade|71\/261|[from] item: Black Sludge
|-heal|p2a: > not luna|535\/652|[from] item: Leftovers
|turn|23
|
|move|p1a: Roserade|Energy Ball|p2a: > not luna
|-damage|p2a: > not luna|421\/652
|move|p2a: > not luna|Seismic Toss|p1a: Roserade
|-damage|p1a: Roserade|0 fnt
|faint|p1a: Roserade
|
|-heal|p2a: > not luna|461\/652|[from] item: Leftovers
|
|switch|p1a: Mienshao|Mienshao, M|271\/271
|turn|24
|join|Emma Bae â¥
|
|move|p2a: > not luna|Protect|p2a: > not luna
|-singleturn|p2a: > not luna|Protect
|move|p1a: Mienshao|High Jump Kick|p2a: > not luna
|-activate|p2a: > not luna|Protect
|-damage|p1a: Mienshao|136\/271|[from] highjumpkick
|
|-heal|p2a: > not luna|501\/652|[from] item: Leftovers
|turn|25
|
|switch|p1a: Raikou|Raikou, shiny|74\/321
|-ability|p1a: Raikou|Pressure
|switch|p2a: Paul|Slowbro, M|394\/394
|-damage|p2a: Paul|345\/394|[from] Stealth Rock
|
|-heal|p2a: Paul|369\/394|[from] item: Leftovers
|turn|26
|
|switch|p2a: > not luna|Blissey, F, shiny|501\/652
|-damage|p2a: > not luna|420\/652|[from] Stealth Rock
|move|p1a: Raikou|Volt Switch|p2a: > not luna
|-damage|p2a: > not luna|312\/652
|
|switch|p1a: Mienshao|Mienshao, M|226\/271
|
|-heal|p2a: > not luna|352\/652|[from] item: Leftovers
|turn|27
|
|move|p2a: > not luna|Protect|p2a: > not luna
|-singleturn|p2a: > not luna|Protect
|move|p1a: Mienshao|High Jump Kick|p2a: > not luna
|-activate|p2a: > not luna|Protect
|-damage|p1a: Mienshao|91\/271|[from] highjumpkick
|
|-heal|p2a: > not luna|392\/652|[from] item: Leftovers
|turn|28
|chat|Emma Bae â¥|Wow...
|
|switch|p2a: Paul|Slowbro, M|394\/394
|-damage|p2a: Paul|345\/394|[from] Stealth Rock
|move|p1a: Mienshao|High Jump Kick|p2a: Paul
|-resisted|p2a: Paul
|-damage|p2a: Paul|273\/394
|
|-heal|p2a: Paul|297\/394|[from] item: Leftovers
|turn|29
|chat|Emma Bae â¥|you fell for the same thing
|chat|Luna Testing|:I
|
|switch|p1a: Forretress|Forretress, F|288\/354 brn
|move|p2a: Paul|Psyshock|p1a: Forretress
|-resisted|p1a: Forretress
|-damage|p1a: Forretress|261\/354 brn
|
|-heal|p1a: Forretress|283\/354 brn|[from] item: Leftovers
|-heal|p2a: Paul|321\/394|[from] item: Leftovers
|-damage|p1a: Forretress|239\/354 brn|[from] brn
|turn|30
|
|switch|p2a: > not luna|Blissey, F, shiny|392\/652
|-damage|p2a: > not luna|311\/652|[from] Stealth Rock
|move|p1a: Forretress|Volt Switch|p2a: > not luna
|-damage|p2a: > not luna|287\/652
|
|switch|p1a: Mienshao|Mienshao, M|181\/271
|
|-heal|p2a: > not luna|327\/652|[from] item: Leftovers
|turn|31
|chat|Luna Testing|yup
|
|move|p2a: > not luna|Protect|p2a: > not luna
|-singleturn|p2a: > not luna|Protect
|move|p1a: Mienshao|High Jump Kick|p2a: > not luna
|-activate|p2a: > not luna|Protect
|-damage|p1a: Mienshao|46\/271|[from] highjumpkick
|
|-heal|p2a: > not luna|367\/652|[from] item: Leftovers
|turn|32
|chat|Emma Bae â¥|no way
|chat|Luna Testing|xD
|
|switch|p1a: Raikou|Raikou, shiny|74\/321
|-ability|p1a: Raikou|Pressure
|switch|p2a: Paul|Slowbro, M|394\/394
|-damage|p2a: Paul|345\/394|[from] Stealth Rock
|
|-heal|p2a: Paul|369\/394|[from] item: Leftovers
|turn|33
|chat|Emma Bae â¥|*facepalm*
|chat|Emma Bae â¥|also regenerator 
|
|switch|p2a: <(*>.<)>|Forretress, F, shiny|320\/354
|-damage|p2a: <(*>.<)>|276\/354|[from] Stealth Rock
|move|p1a: Raikou|Volt Switch|p2a: <(*>.<)>
|-damage|p2a: <(*>.<)>|2\/354
|chat|Luna Testing|xD
|
|switch|p1a: Mienshao|Mienshao, M|136\/271
|
|-heal|p2a: <(*>.<)>|24\/354|[from] item: Leftovers
|turn|34
|chat|Emma Bae â¥|forry the tank
|chat|Luna Testing|forry shrugging it off
|
|move|p1a: Mienshao|U-turn|p2a: <(*>.<)>
|-resisted|p2a: <(*>.<)>
|-damage|p2a: <(*>.<)>|0 fnt
|faint|p2a: <(*>.<)>
|
|switch|p1a: Forretress|Forretress, F|239\/354 brn
|
|-heal|p1a: Forretress|261\/354 brn|[from] item: Leftovers
|-damage|p1a: Forretress|217\/354 brn|[from] brn
|chat|Emma Bae â¥|to be fair it did 77% xD
|
|switch|p2a: > not luna|Blissey, F, shiny|367\/652
|-damage|p2a: > not luna|286\/652|[from] Stealth Rock
|turn|35
|chat|Luna Testing|xD
|
|move|p2a: > not luna|Wish|p2a: > not luna
|move|p1a: Forretress|Spikes|p2a: > not luna
|-sidestart|p2: Luna Testing|Spikes
|
|-heal|p2a: > not luna|326\/652|[from] item: Leftovers
|-heal|p1a: Forretress|239\/354 brn|[from] item: Leftovers
|-damage|p1a: Forretress|195\/354 brn|[from] brn
|turn|36
|
|move|p2a: > not luna|Seismic Toss|p1a: Forretress
|-damage|p1a: Forretress|95\/354 brn
|move|p1a: Forretress|Spikes|p2a: > not luna
|-sidestart|p2: Luna Testing|Spikes
|
|-heal|p2a: > not luna|652\/652|[from] move: Wish|[wisher] > not luna
|-heal|p1a: Forretress|117\/354 brn|[from] item: Leftovers
|-damage|p1a: Forretress|73\/354 brn|[from] brn
|turn|37
|
|move|p2a: > not luna|Seismic Toss|p1a: Forretress
|-damage|p1a: Forretress|0 fnt
|faint|p1a: Forretress
|
|
|switch|p1a: Mienshao|Mienshao, M|226\/271
|turn|38
|
|move|p2a: > not luna|Protect|p2a: > not luna
|-singleturn|p2a: > not luna|Protect
|move|p1a: Mienshao|High Jump Kick|p2a: > not luna
|-activate|p2a: > not luna|Protect
|-damage|p1a: Mienshao|91\/271|[from] highjumpkick
|
|turn|39
|
|switch|p1a: Raikou|Raikou, shiny|74\/321
|-ability|p1a: Raikou|Pressure
|move|p2a: > not luna|Seismic Toss|p1a: Raikou
|-damage|p1a: Raikou|0 fnt
|faint|p1a: Raikou
|
|-message|broke_and_famous forfeited.
|
|win|Luna Testing
|raw|Ladder updating...
|chat|Luna Testing|lel over xD
|leave|broke_and_famous
|player|p1
|raw|broke_and_famous's rating: 1337 &rarr; <strong>1317<\/strong><br \/>(-20 for losing)
|raw|Luna Testing's rating: 1337 &rarr; <strong>1357<\/strong><br \/>(+20 for winning)
|leave|Emma Bae â¥
|player|p2|Guest 98815|280
|leave|Guest 98815
|join|kskwodkw
|player|p2
|join|Luna Bae â¥
|join|Emma Bae â¥
|leave|Emma Bae â¥