|join|broke_and_famous
|join|pelucas
|player|p1|broke_and_famous|288
|player|p2|pelucas|266
|gametype|singles
|gen|6
|tier|UU
|rated
|rule|Sleep Clause Mod: Limit one foe put to sleep
|rule|Species Clause: Limit one of each PokÃ©mon
|rule|OHKO Clause: OHKO moves are banned
|rule|Moody Clause: Moody is banned
|rule|Evasion Moves Clause: Evasion moves are banned
|rule|Endless Battle Clause: Forcing endless battles is banned
|rule|HP Percentage Mod: HP is shown in percentages
|clearpoke
|poke|p1|Mienshao, M
|poke|p1|Raikou, shiny
|poke|p1|Roserade, M
|poke|p1|Forretress, F
|poke|p1|Jellicent, M
|poke|p1|Aerodactyl, F
|poke|p2|Pachirisu, F
|poke|p2|Infernape, F
|poke|p2|Shaymin
|poke|p2|Haxorus, M
|poke|p2|Donphan, M
|poke|p2|Mienshao, F
|rule|Swagger Clause: Swagger is banned
|rule|Baton Pass Clause: Limit one PokÃ©mon knowing Baton Pass
|teampreview
|
|start
|switch|p1a: Aerodactyl|Aerodactyl, F|301\/301
|switch|p2a: Pachirisu|Pachirisu, F|324\/324
|-ability|p1a: Aerodactyl|Pressure
|turn|1
|
|detailschange|p1a: Aerodactyl|Aerodactyl-Mega, F
|message|Aerodactyl has Mega Evolved into Mega Aerodactyl!
|move|p1a: Aerodactyl|Taunt|p2a: Pachirisu
|-start|p2a: Pachirisu|move: Taunt
|move|p2a: Pachirisu|Nuzzle|p1a: Aerodactyl
|-supereffective|p1a: Aerodactyl
|-damage|p1a: Aerodactyl|269\/301
|-status|p1a: Aerodactyl|par
|
|turn|2
|
|switch|p2a: Donphan|Donphan, M|384\/384
|move|p1a: Aerodactyl|Rock Slide|p2a: Donphan
|-resisted|p2a: Donphan
|-damage|p2a: Donphan|337\/384
|
|-heal|p2a: Donphan|361\/384|[from] item: Leftovers
|turn|3
|
|move|p2a: Donphan|Stealth Rock|p1a: Aerodactyl
|-sidestart|p1: broke_and_famous|move: Stealth Rock
|move|p1a: Aerodactyl|Taunt|p2a: Donphan
|-start|p2a: Donphan|move: Taunt
|
|-heal|p2a: Donphan|384\/384|[from] item: Leftovers
|turn|4
|
|move|p2a: Donphan|Rock Slide|p1a: Aerodactyl
|-supereffective|p1a: Aerodactyl
|-damage|p1a: Aerodactyl|121\/301 par
|cant|p1a: Aerodactyl|flinch
|
|turn|5
|
|move|p2a: Donphan|Rock Slide|p1a: Aerodactyl
|-supereffective|p1a: Aerodactyl
|-damage|p1a: Aerodactyl|0 fnt
|faint|p1a: Aerodactyl
|
|
|switch|p1a: Roserade|Roserade, M|261\/261
|-damage|p1a: Roserade|229\/261|[from] Stealth Rock
|turn|6
|
|move|p1a: Roserade|Hidden Power|p2a: Donphan
|-damage|p2a: Donphan|205\/384
|move|p2a: Donphan|Earthquake|p1a: Roserade
|-damage|p1a: Roserade|48\/261
|
|-heal|p1a: Roserade|64\/261|[from] item: Black Sludge
|-heal|p2a: Donphan|229\/384|[from] item: Leftovers
|-end|p2a: Donphan|move: Taunt
|turn|7
|
|switch|p1a: Forretress|Forretress, F|354\/354
|-damage|p1a: Forretress|310\/354|[from] Stealth Rock
|switch|p2a: Infernape|Infernape, F|293\/293
|
|-heal|p1a: Forretress|332\/354|[from] item: Leftovers
|turn|8
|
|move|p2a: Infernape|U-turn|p1a: Forretress
|-resisted|p1a: Forretress
|-damage|p1a: Forretress|301\/354
|
|switch|p2a: Pachirisu|Pachirisu, F|324\/324
|move|p1a: Forretress|Stealth Rock|p2a: Pachirisu
|-sidestart|p2: pelucas|move: Stealth Rock
|
|-heal|p1a: Forretress|323\/354|[from] item: Leftovers
|turn|9
|
|move|p2a: Pachirisu|Nuzzle|p1a: Forretress
|-damage|p1a: Forretress|314\/354
|-status|p1a: Forretress|par
|move|p1a: Forretress|Rapid Spin|p2a: Pachirisu
|-damage|p2a: Pachirisu|314\/324
|-sideend|p1: broke_and_famous|Stealth Rock|[from] move: Rapid Spin|[of] p1a: Forretress
|
|-heal|p1a: Forretress|336\/354 par|[from] item: Leftovers
|turn|10
|
|move|p2a: Pachirisu|Super Fang|p1a: Forretress
|-damage|p1a: Forretress|168\/354 par
|move|p1a: Forretress|Spikes|p2a: Pachirisu
|-sidestart|p2: pelucas|Spikes
|
|-heal|p1a: Forretress|190\/354 par|[from] item: Leftovers
|turn|11
|
|move|p2a: Pachirisu|Volt Switch|p1a: Forretress
|-damage|p1a: Forretress|132\/354 par
|
|switch|p2a: Shaymin|Shaymin|349\/349
|-damage|p2a: Shaymin|306\/349|[from] Spikes
|-damage|p2a: Shaymin|263\/349|[from] Stealth Rock
|move|p1a: Forretress|Spikes|p2a: Shaymin
|-sidestart|p2: pelucas|Spikes
|
|-heal|p2a: Shaymin|284\/349|[from] item: Leftovers
|-heal|p1a: Forretress|154\/354 par|[from] item: Leftovers
|turn|12
|
|move|p2a: Shaymin|Substitute|p2a: Shaymin
|-start|p2a: Shaymin|Substitute
|-damage|p2a: Shaymin|197\/349
|move|p1a: Forretress|Volt Switch|p2a: Shaymin
|-resisted|p2a: Shaymin
|-activate|p2a: Shaymin|Substitute|[damage]
|
|switch|p1a: Mienshao|Mienshao, M|271\/271
|
|-heal|p2a: Shaymin|218\/349|[from] item: Leftovers
|turn|13
|
|move|p1a: Mienshao|U-turn|p2a: Shaymin
|-supereffective|p2a: Shaymin
|-end|p2a: Shaymin|Substitute
|
|switch|p1a: Forretress|Forretress, F|154\/354 par
|move|p2a: Shaymin|Air Slash|p1a: Forretress
|-damage|p1a: Forretress|53\/354 par
|
|-heal|p2a: Shaymin|239\/349|[from] item: Leftovers
|-heal|p1a: Forretress|75\/354 par|[from] item: Leftovers
|turn|14
|
|move|p2a: Shaymin|Substitute|p2a: Shaymin
|-start|p2a: Shaymin|Substitute
|-damage|p2a: Shaymin|152\/349
|cant|p1a: Forretress|par
|
|-heal|p2a: Shaymin|173\/349|[from] item: Leftovers
|-heal|p1a: Forretress|97\/354 par|[from] item: Leftovers
|turn|15
|
|move|p2a: Shaymin|Leech Seed|p1a: Forretress
|-start|p1a: Forretress|move: Leech Seed
|move|p1a: Forretress|Volt Switch|p2a: Shaymin
|-resisted|p2a: Shaymin
|-activate|p2a: Shaymin|Substitute|[damage]
|
|switch|p1a: Mienshao|Mienshao, M|271\/271
|
|-heal|p2a: Shaymin|194\/349|[from] item: Leftovers
|turn|16
|
|move|p1a: Mienshao|U-turn|p2a: Shaymin
|-supereffective|p2a: Shaymin
|-end|p2a: Shaymin|Substitute
|
|switch|p1a: Roserade|Roserade, M|64\/261
|move|p2a: Shaymin|Seed Flare|p1a: Roserade|[miss]
|-miss|p2a: Shaymin|p1a: Roserade
|
|-heal|p2a: Shaymin|215\/349|[from] item: Leftovers
|-heal|p1a: Roserade|80\/261|[from] item: Black Sludge
|turn|17
|
|move|p2a: Shaymin|Air Slash|p1a: Roserade
|-supereffective|p1a: Roserade
|-damage|p1a: Roserade|0 fnt
|faint|p1a: Roserade
|
|-heal|p2a: Shaymin|236\/349|[from] item: Leftovers
|
|switch|p1a: Mienshao|Mienshao, M|271\/271
|turn|18
|
|switch|p2a: Pachirisu|Pachirisu, F|314\/324
|-damage|p2a: Pachirisu|274\/324|[from] Stealth Rock
|-damage|p2a: Pachirisu|220\/324|[from] Spikes
|move|p1a: Mienshao|U-turn|p2a: Pachirisu
|-damage|p2a: Pachirisu|152\/324
|
|switch|p1a: Raikou|Raikou, shiny|321\/321
|-enditem|p2a: Pachirisu|Sitrus Berry|[eat]
|-heal|p2a: Pachirisu|233\/324|[from] item: Sitrus Berry
|-ability|p1a: Raikou|Pressure
|
|turn|19
|
|move|p1a: Raikou|Extrasensory|p2a: Pachirisu
|-damage|p2a: Pachirisu|85\/324
|move|p2a: Pachirisu|Super Fang|p1a: Raikou
|-damage|p1a: Raikou|161\/321
|
|turn|20
|
|move|p1a: Raikou|Extrasensory|p2a: Pachirisu
|-damage|p2a: Pachirisu|0 fnt
|faint|p2a: Pachirisu
|
|
|switch|p2a: Mienshao|Mienshao, F|271\/271
|-damage|p2a: Mienshao|255\/271|[from] Stealth Rock
|-damage|p2a: Mienshao|210\/271|[from] Spikes
|turn|21
|
|switch|p1a: Forretress|Forretress, F|97\/354 par
|move|p2a: Mienshao|Knock Off|p1a: Forretress
|-damage|p1a: Forretress|34\/354 par
|-enditem|p1a: Forretress|Leftovers|[from] move: Knock Off|[of] p2a: Mienshao
|
|turn|22
|
|move|p2a: Mienshao|Knock Off|p1a: Forretress
|-damage|p1a: Forretress|0 fnt
|faint|p1a: Forretress
|
|
|switch|p1a: Mienshao|Mienshao, M|271\/271
|turn|23
|
|move|p1a: Mienshao|U-turn|p2a: Mienshao
|-resisted|p2a: Mienshao
|-damage|p2a: Mienshao|153\/271
|
|switch|p1a: Jellicent|Jellicent, M|404\/404
|move|p2a: Mienshao|Knock Off|p1a: Jellicent
|-supereffective|p1a: Jellicent
|-damage|p1a: Jellicent|88\/404
|-enditem|p1a: Jellicent|Leftovers|[from] move: Knock Off|[of] p2a: Mienshao
|
|turn|24
|
|move|p2a: Mienshao|Knock Off|p1a: Jellicent
|-supereffective|p1a: Jellicent
|-damage|p1a: Jellicent|0 fnt
|faint|p1a: Jellicent
|
|chat|pelucas|what are you doing
|
|switch|p1a: Mienshao|Mienshao, M|271\/271
|turn|25
|
|switch|p2a: Donphan|Donphan, M|229\/384
|-damage|p2a: Donphan|165\/384|[from] Spikes
|-damage|p2a: Donphan|141\/384|[from] Stealth Rock
|move|p1a: Mienshao|Aerial Ace|p2a: Donphan
|-damage|p2a: Donphan|98\/384
|
|-heal|p2a: Donphan|122\/384|[from] item: Leftovers
|turn|26
|
|move|p1a: Mienshao|Aerial Ace|p2a: Donphan
|-damage|p2a: Donphan|76\/384
|move|p2a: Donphan|Earthquake|p1a: Mienshao
|-damage|p1a: Mienshao|46\/271
|
|-heal|p2a: Donphan|100\/384|[from] item: Leftovers
|turn|27
|
|move|p1a: Mienshao|Aerial Ace|p2a: Donphan
|-damage|p2a: Donphan|54\/384
|move|p2a: Donphan|Earthquake|p1a: Mienshao
|-damage|p1a: Mienshao|0 fnt
|faint|p1a: Mienshao
|
|-heal|p2a: Donphan|78\/384|[from] item: Leftovers
|
|switch|p1a: Raikou|Raikou, shiny|161\/321
|-ability|p1a: Raikou|Pressure
|turn|28
|
|move|p1a: Raikou|Extrasensory|p2a: Donphan
|-damage|p2a: Donphan|0 fnt
|faint|p2a: Donphan
|
|
|switch|p2a: Haxorus|Haxorus, M|324\/324
|-damage|p2a: Haxorus|284\/324|[from] Stealth Rock
|-damage|p2a: Haxorus|230\/324|[from] Spikes
|-ability|p2a: Haxorus|Mold Breaker
|turn|29
|
|move|p1a: Raikou|Extrasensory|p2a: Haxorus
|-damage|p2a: Haxorus|44\/324
|move|p2a: Haxorus|Earthquake|p1a: Raikou
|-supereffective|p1a: Raikou
|-damage|p1a: Raikou|0 fnt
|faint|p1a: Raikou
|
|win|pelucas
|raw|Ladder updating...
|raw|broke_and_famous's rating: 1388 &rarr; <strong>1375<\/strong><br \/>(-13 for losing)
|raw|pelucas's rating: 1520 &rarr; <strong>1533<\/strong><br \/>(+13 for winning)
|leave|broke_and_famous
|player|p1