|join|Lt6b -lucario-
|join|toiletpkay
|player|p1|Lt6b -lucario-|1
|player|p2|toiletpkay|293
|gametype|singles
|gen|6
|tier|OU
|rated
|clearpoke
|poke|p1|Venusaur, F
|poke|p1|Landorus, M
|poke|p1|Thundurus, M
|poke|p1|Tyranitar, M
|poke|p1|Excadrill, M
|poke|p1|Keldeo
|poke|p2|Azumarill, F
|poke|p2|Victini
|poke|p2|Manectric, M
|poke|p2|Scizor, F
|poke|p2|Landorus-Therian, M
|poke|p2|Keldeo
|rule|Swagger Clause: Swagger is banned
|rule|Baton Pass Clause: Limit one PokÃ©mon knowing Baton Pass
|rule|Sleep Clause Mod: Limit one foe put to sleep
|rule|Species Clause: Limit one of each PokÃ©mon
|rule|OHKO Clause: OHKO moves are banned
|rule|Moody Clause: Moody is banned
|rule|Evasion Moves Clause: Evasion moves are banned
|rule|Endless Battle Clause: Forcing endless battles is banned
|rule|HP Percentage Mod: HP is shown in percentages
|teampreview
|
|start
|switch|p1a: Landorus|Landorus, M|320\/320
|switch|p2a: Landorus-Therian|Landorus-Therian, M|350\/350
|-ability|p2a: Landorus-Therian|Intimidate|[of] p1a: Landorus
|-unboost|p1a: Landorus|atk|1
|turn|1
|
|move|p1a: Landorus|Stealth Rock|p2a: Landorus-Therian
|-sidestart|p2: toiletpkay|move: Stealth Rock
|move|p2a: Landorus-Therian|U-turn|p1a: Landorus
|-resisted|p1a: Landorus
|-damage|p1a: Landorus|267\/320
|
|switch|p2a: Keldeo|Keldeo|323\/323
|-damage|p2a: Keldeo|303\/323|[from] Stealth Rock
|
|turn|2
|
|move|p2a: Keldeo|Scald|p1a: Landorus
|-supereffective|p1a: Landorus
|-damage|p1a: Landorus|0 fnt
|faint|p1a: Landorus
|
|
|switch|p1a: Venusaur|Venusaur, F|348\/348
|turn|3
|
|switch|p2a: Victini|Victini|341\/341
|-damage|p2a: Victini|256\/341|[from] Stealth Rock
|detailschange|p1a: Venusaur|Venusaur-Mega, F
|message|Venusaur has Mega Evolved into Mega Venusaur!
|move|p1a: Venusaur|Sludge Bomb|p2a: Victini
|-damage|p2a: Victini|79\/341
|
|turn|4
|
|switch|p1a: Tyranitar|Tyranitar, M|395\/395
|-weather|Sandstorm
|move|p2a: Victini|Bolt Strike|p1a: Tyranitar
|-damage|p1a: Tyranitar|263\/395
|
|-weather|Sandstorm|[upkeep]
|-damage|p2a: Victini|58\/341|[from] sandstorm
|turn|5
|
|move|p2a: Victini|V-create|p1a: Tyranitar
|-resisted|p1a: Tyranitar
|-damage|p1a: Tyranitar|95\/395
|-unboost|p2a: Victini|def|1
|-unboost|p2a: Victini|spd|1
|-unboost|p2a: Victini|spe|1
|move|p1a: Tyranitar|Pursuit|p2a: Victini
|-supereffective|p2a: Victini
|-damage|p2a: Victini|0 fnt
|faint|p2a: Victini
|
|-weather|Sandstorm|[upkeep]
|
|switch|p2a: Landorus-Therian|Landorus-Therian, M|350\/350
|-damage|p2a: Landorus-Therian|307\/350|[from] Stealth Rock
|-ability|p2a: Landorus-Therian|Intimidate|[of] p1a: Tyranitar
|-unboost|p1a: Tyranitar|atk|1
|turn|6
|
|switch|p1a: Thundurus|Thundurus, M|300\/300
|move|p2a: Landorus-Therian|U-turn|p1a: Thundurus
|-resisted|p1a: Thundurus
|-damage|p1a: Thundurus|237\/300
|
|switch|p2a: Manectric|Manectric, M|281\/281
|-damage|p2a: Manectric|246\/281|[from] Stealth Rock
|
|-weather|Sandstorm|[upkeep]
|-damage|p1a: Thundurus|219\/300|[from] sandstorm
|-damage|p2a: Manectric|229\/281|[from] sandstorm
|turn|7
|
|detailschange|p2a: Manectric|Manectric-Mega, M
|message|Manectric has Mega Evolved into Mega Manectric!
|-ability|p2a: Manectric|Intimidate|[of] p1a: Thundurus
|-unboost|p1a: Thundurus|atk|1
|move|p1a: Thundurus|Focus Blast|p2a: Manectric|[miss]
|-miss|p1a: Thundurus|p2a: Manectric
|move|p2a: Manectric|Flamethrower|p1a: Thundurus
|-damage|p1a: Thundurus|87\/300
|
|-weather|Sandstorm|[upkeep]
|-damage|p2a: Manectric|212\/281|[from] sandstorm
|-damage|p1a: Thundurus|69\/300|[from] sandstorm
|turn|8
|c|âLt6b -lucario-|of course
|
|switch|p1a: Venusaur|Venusaur-Mega, F|348\/348
|move|p2a: Manectric|Volt Switch|p1a: Venusaur
|-resisted|p1a: Venusaur
|-damage|p1a: Venusaur|291\/348
|c|âtoiletpkay|what
|
|switch|p2a: Scizor|Scizor, F|281\/281
|-damage|p2a: Scizor|246\/281|[from] Stealth Rock
|
|-weather|Sandstorm|[upkeep]
|-damage|p1a: Venusaur|270\/348|[from] sandstorm
|turn|9
|
|move|p1a: Venusaur|Hidden Power|p2a: Scizor
|-supereffective|p2a: Scizor
|-damage|p2a: Scizor|58\/281
|move|p2a: Scizor|Aerial Ace|p1a: Venusaur
|-supereffective|p1a: Venusaur
|-damage|p1a: Venusaur|86\/348
|
|-weather|Sandstorm|[upkeep]
|-damage|p1a: Venusaur|65\/348|[from] sandstorm
|turn|10
|
|switch|p1a: Keldeo|Keldeo|323\/323
|move|p2a: Scizor|Aerial Ace|p1a: Keldeo
|-supereffective|p1a: Keldeo
|-damage|p1a: Keldeo|59\/323
|
|-weather|Sandstorm|[upkeep]
|-damage|p1a: Keldeo|39\/323|[from] sandstorm
|turn|11
|
|move|p2a: Scizor|Bullet Punch|p1a: Keldeo
|-resisted|p1a: Keldeo
|-damage|p1a: Keldeo|0 fnt
|faint|p1a: Keldeo
|
|-weather|none
|
|switch|p1a: Thundurus|Thundurus, M|69\/300
|turn|12
|
|move|p2a: Scizor|Bullet Punch|p1a: Thundurus
|-resisted|p1a: Thundurus
|-damage|p1a: Thundurus|0 fnt
|faint|p1a: Thundurus
|
|c|âLt6b -lucario-|can you forfeit? ;o
|
|switch|p1a: Excadrill|Excadrill, M|361\/361
|turn|13
|
|move|p2a: Scizor|Bullet Punch|p1a: Excadrill
|-resisted|p1a: Excadrill
|-damage|p1a: Excadrill|280\/361
|move|p1a: Excadrill|Iron Head|p2a: Scizor
|-resisted|p2a: Scizor
|-damage|p2a: Scizor|0 fnt
|-damage|p1a: Excadrill|244\/361|[from] item: Life Orb
|faint|p2a: Scizor
|
|
|switch|p2a: Landorus-Therian|Landorus-Therian, M|307\/350
|-damage|p2a: Landorus-Therian|264\/350|[from] Stealth Rock
|-ability|p2a: Landorus-Therian|Intimidate|[of] p1a: Excadrill
|-unboost|p1a: Excadrill|atk|1
|turn|14
|
|switch|p1a: Tyranitar|Tyranitar, M|95\/395
|-weather|Sandstorm
|move|p2a: Landorus-Therian|Earthquake|p1a: Tyranitar
|-crit|p1a: Tyranitar
|-supereffective|p1a: Tyranitar
|-damage|p1a: Tyranitar|0 fnt
|faint|p1a: Tyranitar
|
|-weather|Sandstorm|[upkeep]
|-heal|p2a: Landorus-Therian|285\/350|[from] item: Leftovers
|
|switch|p1a: Excadrill|Excadrill, M|244\/361
|turn|15
|
|switch|p2a: Azumarill|Azumarill, F|342\/342
|-damage|p2a: Azumarill|300\/342|[from] Stealth Rock
|move|p1a: Excadrill|Iron Head|p2a: Azumarill
|-damage|p2a: Azumarill|76\/342
|-damage|p1a: Excadrill|208\/361|[from] item: Life Orb
|-enditem|p2a: Azumarill|Sitrus Berry|[eat]
|-heal|p2a: Azumarill|161\/342|[from] item: Sitrus Berry
|
|-weather|Sandstorm|[upkeep]
|-damage|p2a: Azumarill|140\/342|[from] sandstorm
|turn|16
|
|switch|p2a: Manectric|Manectric-Mega, M|212\/281
|-damage|p2a: Manectric|177\/281|[from] Stealth Rock
|-ability|p2a: Manectric|Intimidate|[of] p1a: Excadrill
|-unboost|p1a: Excadrill|atk|1
|move|p1a: Excadrill|Iron Head|p2a: Manectric
|-resisted|p2a: Manectric
|-damage|p2a: Manectric|95\/281
|-damage|p1a: Excadrill|172\/361|[from] item: Life Orb
|
|-weather|Sandstorm|[upkeep]
|-damage|p2a: Manectric|78\/281|[from] sandstorm
|turn|17
|
|switch|p2a: Azumarill|Azumarill, F|140\/342
|-damage|p2a: Azumarill|98\/342|[from] Stealth Rock
|move|p1a: Excadrill|Iron Head|p2a: Azumarill
|-damage|p2a: Azumarill|0 fnt
|-damage|p1a: Excadrill|136\/361|[from] item: Life Orb
|faint|p2a: Azumarill
|
|-weather|Sandstorm|[upkeep]
|
|switch|p2a: Landorus-Therian|Landorus-Therian, M|285\/350
|-damage|p2a: Landorus-Therian|242\/350|[from] Stealth Rock
|-ability|p2a: Landorus-Therian|Intimidate|[of] p1a: Excadrill
|-unboost|p1a: Excadrill|atk|1
|turn|18
|
|switch|p1a: Venusaur|Venusaur-Mega, F|65\/348
|move|p2a: Landorus-Therian|Earthquake|p1a: Venusaur
|-damage|p1a: Venusaur|0 fnt
|faint|p1a: Venusaur
|
|-weather|Sandstorm|[upkeep]
|-heal|p2a: Landorus-Therian|263\/350|[from] item: Leftovers
|
|switch|p1a: Excadrill|Excadrill, M|136\/361
|turn|19
|
|switch|p2a: Manectric|Manectric-Mega, M|78\/281
|-damage|p2a: Manectric|43\/281|[from] Stealth Rock
|-ability|p2a: Manectric|Intimidate|[of] p1a: Excadrill
|-unboost|p1a: Excadrill|atk|1
|move|p1a: Excadrill|Iron Head|p2a: Manectric
|-resisted|p2a: Manectric
|-damage|p2a: Manectric|0 fnt
|-damage|p1a: Excadrill|100\/361|[from] item: Life Orb
|faint|p2a: Manectric
|
|-weather|Sandstorm|[upkeep]
|
|switch|p2a: Landorus-Therian|Landorus-Therian, M|263\/350
|-damage|p2a: Landorus-Therian|220\/350|[from] Stealth Rock
|-ability|p2a: Landorus-Therian|Intimidate|[of] p1a: Excadrill
|-unboost|p1a: Excadrill|atk|1
|turn|20
|
|move|p1a: Excadrill|Iron Head|p2a: Landorus-Therian
|-damage|p2a: Landorus-Therian|121\/350
|-damage|p1a: Excadrill|64\/361|[from] item: Life Orb
|cant|p2a: Landorus-Therian|flinch
|
|-weather|Sandstorm|[upkeep]
|-heal|p2a: Landorus-Therian|142\/350|[from] item: Leftovers
|turn|21
|
|move|p1a: Excadrill|Iron Head|p2a: Landorus-Therian
|-damage|p2a: Landorus-Therian|41\/350
|-damage|p1a: Excadrill|28\/361|[from] item: Life Orb
|move|p2a: Landorus-Therian|Earthquake|p1a: Excadrill
|-supereffective|p1a: Excadrill
|-damage|p1a: Excadrill|0 fnt
|faint|p1a: Excadrill
|
|win|toiletpkay
|raw|Ladder updating...
|raw|Lt6b -lucario-'s rating: 1813 &rarr; <strong>1797<\/strong><br \/>(-16 for losing)
|raw|toiletpkay's rating: 1898 &rarr; <strong>1913<\/strong><br \/>(+15 for winning)
|leave|Lt6b -lucario-
|player|p1