|join|Mr. Squigglez
|join|toiletpkay
|player|p1|Mr. Squigglez|275
|player|p2|toiletpkay|293
|gametype|singles
|gen|6
|tier|OU
|rated
|clearpoke
|poke|p1|Greninja, M
|poke|p1|Blastoise, F
|poke|p1|Terrakion
|poke|p1|Thundurus, M
|poke|p1|Bisharp, F
|poke|p1|Dragonite, F
|poke|p2|Azumarill, F
|poke|p2|Victini
|poke|p2|Manectric, F
|poke|p2|Scizor, M
|poke|p2|Landorus-Therian, M
|poke|p2|Keldeo
|rule|Swagger Clause: Swagger is banned
|rule|Baton Pass Clause: Limit one PokÃ©mon knowing Baton Pass
|rule|Sleep Clause Mod: Limit one foe put to sleep
|rule|Species Clause: Limit one of each PokÃ©mon
|rule|OHKO Clause: OHKO moves are banned
|rule|Moody Clause: Moody is banned
|rule|Evasion Moves Clause: Evasion moves are banned
|rule|Endless Battle Clause: Forcing endless battles is banned
|rule|HP Percentage Mod: HP is shown in percentages
|teampreview
|c|âtoiletpkay|gl sir
|c|âMr. Squigglez|u2
|
|start
|switch|p1a: Terrakion|Terrakion|323\/323
|switch|p2a: Keldeo|Keldeo|323\/323
|turn|1
|
|move|p2a: Keldeo|Scald|p1a: Terrakion
|-supereffective|p1a: Terrakion
|-enditem|p1a: Terrakion|Focus Sash
|-damage|p1a: Terrakion|1\/323
|-status|p1a: Terrakion|brn
|move|p1a: Terrakion|Stealth Rock|p2a: Keldeo
|-sidestart|p2: toiletpkay|move: Stealth Rock
|
|-damage|p1a: Terrakion|0 fnt|[from] brn
|faint|p1a: Terrakion
|
|switch|p1a: Greninja|Greninja, M|286\/286
|turn|2
|
|switch|p2a: Scizor|Scizor, M|281\/281
|-damage|p2a: Scizor|246\/281|[from] Stealth Rock
|move|p1a: Greninja|Extrasensory|p2a: Scizor
|-start|p1a: Greninja|typechange|Psychic|[from] Protean
|-resisted|p2a: Scizor
|-damage|p2a: Scizor|201\/281
|-damage|p1a: Greninja|258\/286|[from] item: Life Orb
|
|turn|3
|
|move|p1a: Greninja|Hydro Pump|p2a: Scizor|[miss]
|-start|p1a: Greninja|typechange|Water|[from] Protean
|-miss|p1a: Greninja|p2a: Scizor
|move|p2a: Scizor|Pursuit|p1a: Greninja
|-damage|p1a: Greninja|152\/286
|
|turn|4
|c|âMr. Squigglez|lulz
|
|move|p1a: Greninja|Hydro Pump|p2a: Scizor
|-damage|p2a: Scizor|76\/281
|-damage|p1a: Greninja|124\/286|[from] item: Life Orb
|move|p2a: Scizor|U-turn|p1a: Greninja
|-damage|p1a: Greninja|0 fnt
|faint|p1a: Greninja
|c|âMr. Squigglez|should be dead =\/
|
|switch|p2a: Keldeo|Keldeo|323\/323
|-damage|p2a: Keldeo|303\/323|[from] Stealth Rock
|
|
|switch|p1a: Thundurus|Thundurus, M|299\/299
|turn|5
|c|âtoiletpkay|yeh it kinda matterd
|
|switch|p2a: Scizor|Scizor, M|76\/281
|-damage|p2a: Scizor|41\/281|[from] Stealth Rock
|move|p1a: Thundurus|Thunderbolt|p2a: Scizor
|-damage|p2a: Scizor|0 fnt
|-damage|p1a: Thundurus|270\/299|[from] item: Life Orb
|faint|p2a: Scizor
|
|
|switch|p2a: Manectric|Manectric, F|281\/281
|-damage|p2a: Manectric|246\/281|[from] Stealth Rock
|turn|6
|c|âMr. Squigglez|yeah, but such is my luck on here, so tis all good mate
|c|âMr. Squigglez|lol
|
|detailschange|p2a: Manectric|Manectric-Mega, F
|message|Manectric has Mega Evolved into Mega Manectric!
|-ability|p2a: Manectric|Intimidate|[of] p1a: Thundurus
|-unboost|p1a: Thundurus|atk|1
|move|p1a: Thundurus|Hidden Power|p2a: Manectric
|-damage|p2a: Manectric|141\/281
|-damage|p1a: Thundurus|241\/299|[from] item: Life Orb
|move|p2a: Manectric|Thunderbolt|p1a: Thundurus
|-damage|p1a: Thundurus|21\/299
|
|turn|7
|
|move|p1a: Thundurus|Taunt|p2a: Manectric
|-start|p2a: Manectric|move: Taunt
|move|p2a: Manectric|Flamethrower|p1a: Thundurus
|-damage|p1a: Thundurus|0 fnt
|faint|p1a: Thundurus
|
|
|switch|p1a: Dragonite|Dragonite, F|324\/324
|turn|8
|
|switch|p2a: Landorus-Therian|Landorus-Therian, M|350\/350
|-damage|p2a: Landorus-Therian|307\/350|[from] Stealth Rock
|-ability|p2a: Landorus-Therian|Intimidate|[of] p1a: Dragonite
|-unboost|p1a: Dragonite|atk|1
|move|p1a: Dragonite|Dragon Dance|p1a: Dragonite
|-boost|p1a: Dragonite|atk|1
|-boost|p1a: Dragonite|spe|1
|
|-heal|p2a: Landorus-Therian|328\/350|[from] item: Leftovers
|turn|9
|
|move|p1a: Dragonite|Outrage|p2a: Landorus-Therian
|-damage|p2a: Landorus-Therian|75\/350
|move|p2a: Landorus-Therian|U-turn|p1a: Dragonite
|-resisted|p1a: Dragonite
|-damage|p1a: Dragonite|297\/324
|
|switch|p2a: Azumarill|Azumarill, F|342\/342
|-damage|p2a: Azumarill|300\/342|[from] Stealth Rock
|
|turn|10
|c|âMr. Squigglez|I clocked cancel too wtf?
|
|move|p1a: Dragonite|Outrage|p2a: Azumarill
|-immune|p2a: Azumarill|[msg]
|move|p2a: Azumarill|Play Rough|p1a: Dragonite
|-supereffective|p1a: Dragonite
|-damage|p1a: Dragonite|0 fnt
|faint|p1a: Dragonite
|
|c|âMr. Squigglez|thats gay, I clicked cancel...
|c|âtoiletpkay|lol i didnt even want to battle
|c|âMr. Squigglez|knew u was gonna do that
|c|âtoiletpkay|i pressed cancel
|c|âtoiletpkay|even if u did d dance
|c|âMr. Squigglez|this game is fcing bs
|
|switch|p1a: Blastoise|Blastoise, F|362\/362
|turn|11
|c|âtoiletpkay|i was gona double intimidate
|
|switch|p2a: Landorus-Therian|Landorus-Therian, M|75\/350
|-damage|p2a: Landorus-Therian|32\/350|[from] Stealth Rock
|-ability|p2a: Landorus-Therian|Intimidate|[of] p1a: Blastoise
|-unboost|p1a: Blastoise|atk|1
|detailschange|p1a: Blastoise|Blastoise-Mega, F
|message|Blastoise has Mega Evolved into Mega Blastoise!
|move|p1a: Blastoise|Water Pulse|p2a: Landorus-Therian
|-supereffective|p2a: Landorus-Therian
|-damage|p2a: Landorus-Therian|0 fnt
|faint|p2a: Landorus-Therian
|
|
|switch|p2a: Manectric|Manectric-Mega, F|141\/281
|-damage|p2a: Manectric|106\/281|[from] Stealth Rock
|-ability|p2a: Manectric|Intimidate|[of] p1a: Blastoise
|-unboost|p1a: Blastoise|atk|1
|turn|12
|c|âMr. Squigglez|meh, this game hates me atm
|
|move|p2a: Manectric|Volt Switch|p1a: Blastoise
|-supereffective|p1a: Blastoise
|-damage|p1a: Blastoise|114\/362
|c|âMr. Squigglez|getting haxed, counters, n shit all day....
|
|switch|p2a: Victini|Victini|341\/341
|-damage|p2a: Victini|256\/341|[from] Stealth Rock
|move|p1a: Blastoise|Aura Sphere|p2a: Victini
|-resisted|p2a: Victini
|-damage|p2a: Victini|176\/341
|
|turn|13
|
|move|p2a: Victini|Bolt Strike|p1a: Blastoise
|-supereffective|p1a: Blastoise
|-damage|p1a: Blastoise|0 fnt
|faint|p1a: Blastoise
|
|
|switch|p1a: Bisharp|Bisharp, F|271\/271
|turn|14
|
|move|p2a: Victini|V-create|p1a: Bisharp
|-supereffective|p1a: Bisharp
|-damage|p1a: Bisharp|0 fnt
|-unboost|p2a: Victini|def|1
|-unboost|p2a: Victini|spd|1
|-unboost|p2a: Victini|spe|1
|faint|p1a: Bisharp
|
|win|toiletpkay
|raw|Ladder updating...
|raw|Mr. Squigglez's rating: 1748 &rarr; <strong>1731<\/strong><br \/>(-17 for losing)
|raw|toiletpkay's rating: 1801 &rarr; <strong>1818<\/strong><br \/>(+17 for winning)
|c|âtoiletpkay|gg
|leave|Mr. Squigglez
|player|p1