|join|toiletpkay
|join|iFenrear
|player|p1|toiletpkay|293
|player|p2|iFenrear|156
|gametype|singles
|gen|6
|tier|OU
|clearpoke
|poke|p1|Entei, shiny
|poke|p1|Galvantula, M
|poke|p1|Starmie
|poke|p1|Aerodactyl, F
|poke|p1|Kingdra, M
|poke|p1|Cloyster, F
|poke|p2|Amoonguss, M
|poke|p2|Hitmontop, M
|poke|p2|Moltres
|poke|p2|Meloetta
|poke|p2|Feraligatr, M
|poke|p2|Rhyperior, M
|rule|Swagger Clause: Swagger is banned
|rule|Baton Pass Clause: Limit one PokÃ©mon knowing Baton Pass
|rule|Sleep Clause Mod: Limit one foe put to sleep
|rule|Species Clause: Limit one of each PokÃ©mon
|rule|OHKO Clause: OHKO moves are banned
|rule|Moody Clause: Moody is banned
|rule|Evasion Moves Clause: Evasion moves are banned
|rule|Endless Battle Clause: Forcing endless battles is banned
|rule|HP Percentage Mod: HP is shown in percentages
|teampreview
|c|âiFenrear|if you win, save it
|
|start
|switch|p1a: Entei|Entei, shiny|371\/371
|switch|p2a: Felix|Hitmontop, M|304\/304
|-ability|p1a: Entei|Pressure
|-ability|p2a: Felix|Intimidate|[of] p1a: Entei
|-unboost|p1a: Entei|atk|1
|turn|1
|
|switch|p2a: Phoenix|Moltres|321\/321
|-ability|p2a: Phoenix|Pressure
|move|p1a: Entei|Sacred Fire|p2a: Phoenix
|-resisted|p2a: Phoenix
|-damage|p2a: Phoenix|262\/321
|
|turn|2
|
|move|p2a: Phoenix|Air Slash|p1a: Entei
|-damage|p1a: Entei|159\/371
|-damage|p2a: Phoenix|230\/321|[from] item: Life Orb
|move|p1a: Entei|Stone Edge|p2a: Phoenix|[miss]
|-miss|p1a: Entei|p2a: Phoenix
|
|turn|3
|c|âtoiletpkay|this is like when scizor froze
|c|âiFenrear|ikr
|
|switch|p1a: Kingdra|Kingdra, M|291\/291
|move|p2a: Phoenix|Fire Blast|p1a: Kingdra
|-resisted|p1a: Kingdra
|-damage|p1a: Kingdra|223\/291
|-damage|p2a: Phoenix|198\/321|[from] item: Life Orb
|
|turn|4
|
|switch|p2a: Felix|Hitmontop, M|304\/304
|-ability|p2a: Felix|Intimidate|[of] p1a: Kingdra
|-unboost|p1a: Kingdra|atk|1
|move|p1a: Kingdra|Focus Energy|p1a: Kingdra
|-start|p1a: Kingdra|move: Focus Energy
|
|turn|5
|
|move|p1a: Kingdra|Scald|p2a: Felix
|-crit|p2a: Felix
|-damage|p2a: Felix|118\/304
|move|p2a: Felix|Close Combat|p1a: Kingdra
|-damage|p1a: Kingdra|28\/291
|-unboost|p2a: Felix|def|1
|-unboost|p2a: Felix|spd|1
|
|turn|6
|
|move|p2a: Felix|Mach Punch|p1a: Kingdra
|-damage|p1a: Kingdra|0 fnt
|faint|p1a: Kingdra
|
|
|switch|p1a: Aerodactyl|Aerodactyl, F|302\/302
|-ability|p1a: Aerodactyl|Unnerve|p2: iFenrear
|turn|7
|
|detailschange|p1a: Aerodactyl|Aerodactyl-Mega, F
|message|Aerodactyl has Mega Evolved into Mega Aerodactyl!
|move|p1a: Aerodactyl|Stealth Rock|p2a: Felix
|-sidestart|p2: iFenrear|move: Stealth Rock
|move|p2a: Felix|Stone Edge|p1a: Aerodactyl
|-supereffective|p1a: Aerodactyl
|-damage|p1a: Aerodactyl|40\/302
|
|turn|8
|
|switch|p1a: Starmie|Starmie|261\/261
|move|p2a: Felix|Mach Punch|p1a: Starmie
|-resisted|p1a: Starmie
|-damage|p1a: Starmie|227\/261
|
|turn|9
|
|move|p1a: Starmie|Psyshock|p2a: Felix
|-supereffective|p2a: Felix
|-damage|p2a: Felix|0 fnt
|-damage|p1a: Starmie|201\/261|[from] item: Life Orb
|faint|p2a: Felix
|
|
|switch|p2a: Jaws|Feraligatr, M|312\/312
|-damage|p2a: Jaws|273\/312|[from] Stealth Rock
|turn|10
|
|move|p1a: Starmie|Thunderbolt|p2a: Jaws
|-supereffective|p2a: Jaws
|-damage|p2a: Jaws|0 fnt
|-damage|p1a: Starmie|175\/261|[from] item: Life Orb
|faint|p2a: Jaws
|
|
|switch|p2a: Zelda|Meloetta|404\/404
|-damage|p2a: Zelda|354\/404|[from] Stealth Rock
|turn|11
|
|switch|p1a: Galvantula|Galvantula, M|281\/281
|move|p2a: Zelda|Calm Mind|p2a: Zelda
|-boost|p2a: Zelda|spa|1
|-boost|p2a: Zelda|spd|1
|
|-heal|p2a: Zelda|379\/404|[from] item: Leftovers
|turn|12
|
|move|p1a: Galvantula|Bug Buzz|p2a: Zelda
|-supereffective|p2a: Zelda
|-damage|p2a: Zelda|241\/404
|move|p2a: Zelda|Psyshock|p1a: Galvantula
|-damage|p1a: Galvantula|38\/281
|
|-heal|p2a: Zelda|266\/404|[from] item: Leftovers
|turn|13
|
|move|p1a: Galvantula|Bug Buzz|p2a: Zelda
|-supereffective|p2a: Zelda
|-damage|p2a: Zelda|122\/404
|move|p2a: Zelda|Psyshock|p1a: Galvantula
|-crit|p1a: Galvantula
|-damage|p1a: Galvantula|0 fnt
|faint|p1a: Galvantula
|
|-heal|p2a: Zelda|147\/404|[from] item: Leftovers
|
|switch|p1a: Aerodactyl|Aerodactyl-Mega, F|40\/302
|turn|14
|
|move|p1a: Aerodactyl|Crunch|p2a: Zelda
|-supereffective|p2a: Zelda
|-damage|p2a: Zelda|0 fnt
|faint|p2a: Zelda
|
|
|switch|p2a: Mortar|Rhyperior, M|403\/403
|-damage|p2a: Mortar|378\/403|[from] Stealth Rock
|turn|15
|
|move|p1a: Aerodactyl|Aerial Ace|p2a: Mortar
|-resisted|p2a: Mortar
|-damage|p2a: Mortar|333\/403
|move|p2a: Mortar|Stealth Rock|p1a: Aerodactyl
|-sidestart|p1: toiletpkay|move: Stealth Rock
|
|-heal|p2a: Mortar|358\/403|[from] item: Leftovers
|turn|16
|
|move|p1a: Aerodactyl|Crunch|p2a: Mortar
|-damage|p2a: Mortar|270\/403
|move|p2a: Mortar|Rock Blast|p1a: Aerodactyl
|-supereffective|p1a: Aerodactyl
|-damage|p1a: Aerodactyl|0 fnt
|-hitcount|p1a: Aerodactyl|1
|faint|p1a: Aerodactyl
|
|-heal|p2a: Mortar|295\/403|[from] item: Leftovers
|
|switch|p1a: Cloyster|Cloyster, F|242\/242
|-damage|p1a: Cloyster|182\/242|[from] Stealth Rock
|turn|17
|
|move|p1a: Cloyster|Icicle Spear|p2a: Mortar
|-supereffective|p2a: Mortar
|-damage|p2a: Mortar|258\/403
|-supereffective|p2a: Mortar
|-damage|p2a: Mortar|222\/403
|-supereffective|p2a: Mortar
|-damage|p2a: Mortar|186\/403
|-supereffective|p2a: Mortar
|-damage|p2a: Mortar|153\/403
|-supereffective|p2a: Mortar
|-damage|p2a: Mortar|116\/403
|-hitcount|p2a: Mortar|5
|move|p2a: Mortar|Rock Blast|p1a: Cloyster
|-supereffective|p1a: Cloyster
|-damage|p1a: Cloyster|132\/242
|-supereffective|p1a: Cloyster
|-damage|p1a: Cloyster|82\/242
|-supereffective|p1a: Cloyster
|-damage|p1a: Cloyster|32\/242
|-supereffective|p1a: Cloyster
|-damage|p1a: Cloyster|0 fnt
|-hitcount|p1a: Cloyster|4
|faint|p1a: Cloyster
|
|-heal|p2a: Mortar|141\/403|[from] item: Leftovers
|
|switch|p1a: Starmie|Starmie|175\/261
|-damage|p1a: Starmie|143\/261|[from] Stealth Rock
|turn|18
|
|move|p1a: Starmie|Scald|p2a: Mortar
|-supereffective|p2a: Mortar
|-damage|p2a: Mortar|0 fnt
|-damage|p1a: Starmie|117\/261|[from] item: Life Orb
|faint|p2a: Mortar
|
|
|switch|p2a: Musshuru-mu|Amoonguss, M|432\/432
|-damage|p2a: Musshuru-mu|378\/432|[from] Stealth Rock
|turn|19
|
|move|p1a: Starmie|Psyshock|p2a: Musshuru-mu
|-supereffective|p2a: Musshuru-mu
|-damage|p2a: Musshuru-mu|27\/432
|-damage|p1a: Starmie|91\/261|[from] item: Life Orb
|move|p2a: Musshuru-mu|Giga Drain|p1a: Starmie
|-supereffective|p1a: Starmie
|-damage|p1a: Starmie|0 fnt
|-heal|p2a: Musshuru-mu|73\/432|[from] drain|[of] p1a: Starmie
|faint|p1a: Starmie
|
|-heal|p2a: Musshuru-mu|100\/432|[from] item: Leftovers
|
|switch|p1a: Entei|Entei, shiny|159\/371
|-damage|p1a: Entei|67\/371|[from] Stealth Rock
|-ability|p1a: Entei|Pressure
|turn|20
|
|move|p1a: Entei|Sacred Fire|p2a: Musshuru-mu
|-supereffective|p2a: Musshuru-mu
|-damage|p2a: Musshuru-mu|0 fnt
|faint|p2a: Musshuru-mu
|
|
|switch|p2a: Phoenix|Moltres|198\/321
|-damage|p2a: Phoenix|38\/321|[from] Stealth Rock
|-ability|p2a: Phoenix|Pressure
|turn|21
|c|âiFenrear|gg
|
|move|p1a: Entei|Extreme Speed|p2a: Phoenix
|-damage|p2a: Phoenix|0 fnt
|faint|p2a: Phoenix
|
|win|toiletpkay
|c|âtoiletpkay|gg
|leave|iFenrear
|player|p2