|join|toiletpkay
|join|Lizardons
|player|p1|toiletpkay|293
|player|p2|Lizardons|157
|gametype|singles
|gen|6
|tier|OU
|rated
|clearpoke
|poke|p1|Azumarill, F
|poke|p1|Victini
|poke|p1|Manectric, F
|poke|p1|Scizor, M
|poke|p1|Landorus-Therian, M
|poke|p1|Keldeo
|poke|p2|Charizard, F
|poke|p2|Blissey, F
|poke|p2|Gliscor, M
|poke|p2|Slowbro, M
|poke|p2|Zapdos
|poke|p2|Bronzong
|rule|Swagger Clause: Swagger is banned
|rule|Baton Pass Clause: Limit one PokÃ©mon knowing Baton Pass
|rule|Sleep Clause Mod: Limit one foe put to sleep
|rule|Species Clause: Limit one of each PokÃ©mon
|rule|OHKO Clause: OHKO moves are banned
|rule|Moody Clause: Moody is banned
|rule|Evasion Moves Clause: Evasion moves are banned
|rule|Endless Battle Clause: Forcing endless battles is banned
|rule|HP Percentage Mod: HP is shown in percentages
|teampreview
|
|start
|switch|p1a: Landorus-Therian|Landorus-Therian, M|350\/350
|switch|p2a: Lizardon|Charizard, F|297\/297
|-ability|p1a: Landorus-Therian|Intimidate|[of] p2a: Lizardon
|-unboost|p2a: Lizardon|atk|1
|turn|1
|
|switch|p1a: Victini|Victini|341\/341
|detailschange|p2a: Lizardon|Charizard-Mega-Y, F
|message|Charizard has Mega Evolved into Mega Charizard!
|-weather|SunnyDay
|move|p2a: Lizardon|Fire Blast|p1a: Victini
|-resisted|p1a: Victini
|-damage|p1a: Victini|154\/341
|
|-weather|SunnyDay|[upkeep]
|turn|2
|
|switch|p2a: BatMan|Gliscor, M|352\/352
|move|p1a: Victini|Bolt Strike|p2a: BatMan
|-immune|p2a: BatMan|[msg]
|
|-weather|SunnyDay|[upkeep]
|-status|p2a: BatMan|tox|[from] item: Toxic Orb
|turn|3
|
|move|p1a: Victini|V-create|p2a: BatMan
|-damage|p2a: BatMan|15\/352 tox
|-unboost|p1a: Victini|def|1
|-unboost|p1a: Victini|spd|1
|-unboost|p1a: Victini|spe|1
|move|p2a: BatMan|Knock Off|p1a: Victini
|-supereffective|p1a: Victini
|-damage|p1a: Victini|0 fnt
|-enditem|p1a: Victini|Charcoal|[from] move: Knock Off|[of] p2a: BatMan
|faint|p1a: Victini
|
|-weather|SunnyDay|[upkeep]
|-heal|p2a: BatMan|59\/352 tox|[from] ability: Poison Heal
|
|switch|p1a: Keldeo|Keldeo|323\/323
|turn|4
|
|move|p2a: BatMan|Protect|p2a: BatMan
|-singleturn|p2a: BatMan|Protect
|move|p1a: Keldeo|Substitute|p1a: Keldeo
|-start|p1a: Keldeo|Substitute
|-damage|p1a: Keldeo|243\/323
|
|-weather|SunnyDay|[upkeep]
|-heal|p2a: BatMan|103\/352 tox|[from] ability: Poison Heal
|turn|5
|
|switch|p2a: Wayno|Slowbro, M|394\/394
|move|p1a: Keldeo|Scald|p2a: Wayno
|-resisted|p2a: Wayno
|-damage|p2a: Wayno|343\/394
|
|-weather|none
|-heal|p2a: Wayno|367\/394|[from] item: Leftovers
|turn|6
|
|move|p1a: Keldeo|Scald|p2a: Wayno
|-resisted|p2a: Wayno
|-damage|p2a: Wayno|274\/394
|move|p2a: Wayno|Psyshock|p1a: Keldeo
|-supereffective|p1a: Keldeo
|-end|p1a: Keldeo|Substitute
|
|-heal|p2a: Wayno|298\/394|[from] item: Leftovers
|turn|7
|
|move|p1a: Keldeo|Substitute|p1a: Keldeo
|-start|p1a: Keldeo|Substitute
|-damage|p1a: Keldeo|163\/323
|move|p2a: Wayno|Scald|p1a: Keldeo
|-resisted|p1a: Keldeo
|-activate|p1a: Keldeo|Substitute|[damage]
|
|-heal|p2a: Wayno|322\/394|[from] item: Leftovers
|turn|8
|
|move|p1a: Keldeo|Scald|p2a: Wayno
|-resisted|p2a: Wayno
|-damage|p2a: Wayno|213\/394
|-status|p2a: Wayno|brn
|move|p2a: Wayno|Psyshock|p1a: Keldeo
|-supereffective|p1a: Keldeo
|-end|p1a: Keldeo|Substitute
|
|-heal|p2a: Wayno|237\/394 brn|[from] item: Leftovers
|-damage|p2a: Wayno|188\/394 brn|[from] brn
|turn|9
|
|move|p1a: Keldeo|Substitute|p1a: Keldeo
|-start|p1a: Keldeo|Substitute
|-damage|p1a: Keldeo|83\/323
|move|p2a: Wayno|Slack Off|p2a: Wayno
|-heal|p2a: Wayno|385\/394 brn
|
|-heal|p2a: Wayno|394\/394 brn|[from] item: Leftovers
|-damage|p2a: Wayno|345\/394 brn|[from] brn
|turn|10
|
|move|p1a: Keldeo|Endeavor|p2a: Wayno
|-damage|p2a: Wayno|83\/394 brn
|move|p2a: Wayno|Psyshock|p1a: Keldeo
|-supereffective|p1a: Keldeo
|-end|p1a: Keldeo|Substitute
|
|-heal|p2a: Wayno|107\/394 brn|[from] item: Leftovers
|-damage|p2a: Wayno|58\/394 brn|[from] brn
|turn|11
|
|move|p1a: Keldeo|Scald|p2a: Wayno
|-resisted|p2a: Wayno
|-damage|p2a: Wayno|0 fnt
|faint|p2a: Wayno
|
|
|switch|p2a: Lizardon|Charizard-Mega-Y, F|297\/297
|-weather|SunnyDay
|turn|12
|
|switch|p1a: Scizor|Scizor, M|281\/281
|move|p2a: Lizardon|Solar Beam|p1a: Scizor|[still]
|-prepare|p2a: Lizardon|Solar Beam|p1a: Scizor
|-anim|p2a: Lizardon|Solar Beam|p1a: Scizor
|-resisted|p1a: Scizor
|-damage|p1a: Scizor|255\/281
|
|-weather|SunnyDay|[upkeep]
|turn|13
|
|move|p1a: Scizor|Bullet Punch|p2a: Lizardon
|-resisted|p2a: Lizardon
|-damage|p2a: Lizardon|219\/297
|move|p2a: Lizardon|Fire Blast|p1a: Scizor
|-supereffective|p1a: Scizor
|-damage|p1a: Scizor|0 fnt
|faint|p1a: Scizor
|
|-weather|SunnyDay|[upkeep]
|
|switch|p1a: Manectric|Manectric, F|281\/281
|turn|14
|
|switch|p2a: BatMan|Gliscor, M|103\/352 tox
|detailschange|p1a: Manectric|Manectric-Mega, F
|message|Manectric has Mega Evolved into Mega Manectric!
|-ability|p1a: Manectric|Intimidate|[of] p2a: BatMan
|-unboost|p2a: BatMan|atk|1
|move|p1a: Manectric|Thunderbolt|p2a: BatMan
|-immune|p2a: BatMan|[msg]
|
|-weather|SunnyDay|[upkeep]
|-heal|p2a: BatMan|147\/352 tox|[from] ability: Poison Heal
|turn|15
|
|switch|p2a: FatTony|Blissey, F|714\/714
|move|p1a: Manectric|Hidden Power|p2a: FatTony
|-damage|p2a: FatTony|656\/714
|
|-weather|SunnyDay|[upkeep]
|-heal|p2a: FatTony|700\/714|[from] item: Leftovers
|turn|16
|
|move|p1a: Manectric|Volt Switch|p2a: FatTony
|-damage|p2a: FatTony|598\/714
|
|switch|p1a: Landorus-Therian|Landorus-Therian, M|350\/350
|-ability|p1a: Landorus-Therian|Intimidate|[of] p2a: FatTony
|-unboost|p2a: FatTony|atk|1
|move|p2a: FatTony|Seismic Toss|p1a: Landorus-Therian
|-damage|p1a: Landorus-Therian|250\/350
|
|-weather|none
|-heal|p1a: Landorus-Therian|271\/350|[from] item: Leftovers
|-heal|p2a: FatTony|642\/714|[from] item: Leftovers
|turn|17
|
|switch|p2a: TacoBell|Bronzong|338\/338
|move|p1a: Landorus-Therian|Stealth Rock|p2a: TacoBell
|-sidestart|p2: Lizardons|move: Stealth Rock
|
|-heal|p1a: Landorus-Therian|292\/350|[from] item: Leftovers
|turn|18
|
|move|p1a: Landorus-Therian|Knock Off|p2a: TacoBell
|-supereffective|p2a: TacoBell
|-damage|p2a: TacoBell|106\/338
|-enditem|p2a: TacoBell|Leftovers|[from] move: Knock Off|[of] p1a: Landorus-Therian
|move|p2a: TacoBell|Stealth Rock|p1a: Landorus-Therian
|-sidestart|p1: toiletpkay|move: Stealth Rock
|
|-heal|p1a: Landorus-Therian|313\/350|[from] item: Leftovers
|turn|19
|
|move|p1a: Landorus-Therian|U-turn|p2a: TacoBell
|-damage|p2a: TacoBell|23\/338
|
|switch|p1a: Azumarill|Azumarill, F|342\/342
|-damage|p1a: Azumarill|300\/342|[from] Stealth Rock
|move|p2a: TacoBell|Toxic|p1a: Azumarill
|-status|p1a: Azumarill|tox
|
|-damage|p1a: Azumarill|279\/342 tox|[from] psn
|turn|20
|
|move|p1a: Azumarill|Belly Drum|p1a: Azumarill
|-damage|p1a: Azumarill|108\/342 tox
|-setboost|p1a: Azumarill|atk|6|[from] move: Belly Drum
|-enditem|p1a: Azumarill|Sitrus Berry|[eat]
|-heal|p1a: Azumarill|193\/342 tox|[from] item: Sitrus Berry
|move|p2a: TacoBell|Heavy Slam|p1a: Azumarill
|-damage|p1a: Azumarill|42\/342 tox
|
|-damage|p1a: Azumarill|0 fnt|[from] psn
|faint|p1a: Azumarill
|
|switch|p1a: Keldeo|Keldeo|83\/323
|-damage|p1a: Keldeo|63\/323|[from] Stealth Rock
|turn|21
|
|move|p1a: Keldeo|Scald|p2a: TacoBell
|-damage|p2a: TacoBell|0 fnt
|faint|p2a: TacoBell
|
|
|switch|p2a: Zues|Zapdos|381\/381
|-damage|p2a: Zues|286\/381|[from] Stealth Rock
|-ability|p2a: Zues|Pressure
|turn|22
|
|switch|p1a: Landorus-Therian|Landorus-Therian, M|313\/350
|-damage|p1a: Landorus-Therian|270\/350|[from] Stealth Rock
|-ability|p1a: Landorus-Therian|Intimidate|[of] p2a: Zues
|-unboost|p2a: Zues|atk|1
|move|p2a: Zues|Thunderbolt|p1a: Landorus-Therian
|-immune|p1a: Landorus-Therian|[msg]
|
|-heal|p1a: Landorus-Therian|291\/350|[from] item: Leftovers
|-heal|p2a: Zues|309\/381|[from] item: Leftovers
|turn|23
|
|switch|p2a: BatMan|Gliscor, M|147\/352 tox
|-damage|p2a: BatMan|103\/352 tox|[from] Stealth Rock
|move|p1a: Landorus-Therian|Knock Off|p2a: BatMan
|-crit|p2a: BatMan
|-damage|p2a: BatMan|0 fnt
|-enditem|p2a: BatMan|Toxic Orb|[from] move: Knock Off|[of] p1a: Landorus-Therian
|faint|p2a: BatMan
|
|-heal|p1a: Landorus-Therian|312\/350|[from] item: Leftovers
|
|switch|p2a: Lizardon|Charizard-Mega-Y, F|219\/297
|-damage|p2a: Lizardon|71\/297|[from] Stealth Rock
|-weather|SunnyDay
|turn|24
|
|switch|p1a: Manectric|Manectric-Mega, F|281\/281
|-damage|p1a: Manectric|246\/281|[from] Stealth Rock
|-ability|p1a: Manectric|Intimidate|[of] p2a: Lizardon
|-unboost|p2a: Lizardon|atk|1
|move|p2a: Lizardon|Fire Blast|p1a: Manectric
|-damage|p1a: Manectric|0 fnt
|faint|p1a: Manectric
|
|-weather|SunnyDay|[upkeep]
|
|switch|p1a: Keldeo|Keldeo|63\/323
|-damage|p1a: Keldeo|43\/323|[from] Stealth Rock
|turn|25
|
|move|p1a: Keldeo|Scald|p2a: Lizardon
|-supereffective|p2a: Lizardon
|-damage|p2a: Lizardon|0 fnt
|faint|p2a: Lizardon
|
|-weather|SunnyDay|[upkeep]
|
|switch|p2a: Zues|Zapdos|309\/381
|-damage|p2a: Zues|214\/381|[from] Stealth Rock
|-ability|p2a: Zues|Pressure
|turn|26
|
|move|p1a: Keldeo|Endeavor|p2a: Zues
|-damage|p2a: Zues|43\/381
|move|p2a: Zues|Heat Wave|p1a: Keldeo
|-miss|p2a: Zues|p1a: Keldeo
|
|-weather|SunnyDay|[upkeep]
|-heal|p2a: Zues|66\/381|[from] item: Leftovers
|turn|27
|c|âLizardons|gg 
|
|move|p1a: Keldeo|Scald|p2a: Zues
|-damage|p2a: Zues|0 fnt
|faint|p2a: Zues
|
|-weather|SunnyDay|[upkeep]
|
|switch|p2a: FatTony|Blissey, F|642\/714
|-damage|p2a: FatTony|553\/714|[from] Stealth Rock
|turn|28
|c|âtoiletpkay|gg
|c|âLizardons|heat wave sucks
|
|move|p1a: Keldeo|Endeavor|p2a: FatTony
|-damage|p2a: FatTony|43\/714
|move|p2a: FatTony|Seismic Toss|p1a: Keldeo
|-damage|p1a: Keldeo|0 fnt
|faint|p1a: Keldeo
|
|-weather|none
|-heal|p2a: FatTony|87\/714|[from] item: Leftovers
|
|switch|p1a: Landorus-Therian|Landorus-Therian, M|312\/350
|-damage|p1a: Landorus-Therian|269\/350|[from] Stealth Rock
|-ability|p1a: Landorus-Therian|Intimidate|[of] p2a: FatTony
|-unboost|p2a: FatTony|atk|1
|turn|29
|
|move|p1a: Landorus-Therian|Earthquake|p2a: FatTony
|-damage|p2a: FatTony|0 fnt
|faint|p2a: FatTony
|
|win|toiletpkay
|raw|Ladder updating...
|c|âLizardons|need hp fire
|raw|toiletpkay's rating: 1795 &rarr; <strong>1814<\/strong><br \/>(+19 for winning)
|raw|Lizardons's rating: 1787 &rarr; <strong>1767<\/strong><br \/>(-20 for losing)
|leave|Lizardons
|player|p2