|join|TimeTravel_2
|join|toiletpkay
|player|p1|TimeTravel_2|169
|player|p2|toiletpkay|293
|gametype|singles
|gen|6
|tier|OU
|rated
|clearpoke
|poke|p1|Tyranitar, F
|poke|p1|Excadrill, F
|poke|p1|Greninja, M
|poke|p1|Pinsir, M
|poke|p1|Talonflame, M
|poke|p1|Dragonite, F
|poke|p2|Azumarill, F
|poke|p2|Victini
|poke|p2|Manectric, M
|poke|p2|Scizor, M
|poke|p2|Landorus-Therian, M
|poke|p2|Keldeo
|rule|Swagger Clause: Swagger is banned
|rule|Baton Pass Clause: Limit one PokÃ©mon knowing Baton Pass
|rule|Sleep Clause Mod: Limit one foe put to sleep
|rule|Species Clause: Limit one of each PokÃ©mon
|rule|OHKO Clause: OHKO moves are banned
|rule|Moody Clause: Moody is banned
|rule|Evasion Moves Clause: Evasion moves are banned
|rule|Endless Battle Clause: Forcing endless battles is banned
|rule|HP Percentage Mod: HP is shown in percentages
|teampreview
|c|âtoiletpkay|OHHH HIIII
|c|âtoiletpkay|gpna have fun destroying u
|
|start
|switch|p1a: Tyranitar|Tyranitar, F|341\/341
|switch|p2a: Keldeo|Keldeo|323\/323
|-weather|Sandstorm
|turn|1
|
|switch|p1a: Dragonite|Dragonite, F|323\/323
|move|p2a: Keldeo|Secret Sword|p1a: Dragonite
|-resisted|p1a: Dragonite
|-damage|p1a: Dragonite|281\/323
|
|-weather|Sandstorm|[upkeep]
|-damage|p2a: Keldeo|303\/323|[from] sandstorm
|-damage|p1a: Dragonite|261\/323|[from] sandstorm
|turn|2
|
|switch|p2a: Landorus-Therian|Landorus-Therian, M|350\/350
|-ability|p2a: Landorus-Therian|Intimidate|[of] p1a: Dragonite
|-unboost|p1a: Dragonite|atk|1
|move|p1a: Dragonite|Extreme Speed|p2a: Landorus-Therian
|-damage|p2a: Landorus-Therian|227\/350
|
|-weather|Sandstorm|[upkeep]
|-damage|p1a: Dragonite|241\/323|[from] sandstorm
|-heal|p2a: Landorus-Therian|248\/350|[from] item: Leftovers
|turn|3
|
|move|p1a: Dragonite|Extreme Speed|p2a: Landorus-Therian
|-damage|p2a: Landorus-Therian|125\/350
|move|p2a: Landorus-Therian|Stealth Rock|p1a: Dragonite
|-sidestart|p1: TimeTravel_2|move: Stealth Rock
|
|-weather|Sandstorm|[upkeep]
|-damage|p1a: Dragonite|221\/323|[from] sandstorm
|-heal|p2a: Landorus-Therian|146\/350|[from] item: Leftovers
|turn|4
|
|switch|p2a: Scizor|Scizor, M|281\/281
|move|p1a: Dragonite|Extreme Speed|p2a: Scizor
|-resisted|p2a: Scizor
|-damage|p2a: Scizor|228\/281
|
|-weather|Sandstorm|[upkeep]
|-damage|p1a: Dragonite|201\/323|[from] sandstorm
|turn|5
|
|switch|p1a: Excadrill|Excadrill, F|371\/371
|-damage|p1a: Excadrill|360\/371|[from] Stealth Rock
|move|p2a: Scizor|U-turn|p1a: Excadrill
|-resisted|p1a: Excadrill
|-damage|p1a: Excadrill|261\/371
|c|âtoiletpkay|u dont know how to play
|
|switch|p2a: Azumarill|Azumarill, F|342\/342
|
|-weather|none
|turn|6
|
|switch|p1a: Dragonite|Dragonite, F|201\/323
|-damage|p1a: Dragonite|121\/323|[from] Stealth Rock
|move|p2a: Azumarill|Aqua Jet|p1a: Dragonite
|-resisted|p1a: Dragonite
|-damage|p1a: Dragonite|76\/323
|
|turn|7
|
|switch|p2a: Landorus-Therian|Landorus-Therian, M|146\/350
|-ability|p2a: Landorus-Therian|Intimidate|[of] p1a: Dragonite
|-unboost|p1a: Dragonite|atk|1
|move|p1a: Dragonite|Extreme Speed|p2a: Landorus-Therian
|-damage|p2a: Landorus-Therian|27\/350
|
|-heal|p2a: Landorus-Therian|48\/350|[from] item: Leftovers
|turn|8
|
|switch|p2a: Scizor|Scizor, M|228\/281
|move|p1a: Dragonite|Extreme Speed|p2a: Scizor
|-resisted|p2a: Scizor
|-damage|p2a: Scizor|175\/281
|
|turn|9
|
|switch|p1a: Tyranitar|Tyranitar, F|341\/341
|-damage|p1a: Tyranitar|299\/341|[from] Stealth Rock
|-weather|Sandstorm
|move|p2a: Scizor|U-turn|p1a: Tyranitar
|-supereffective|p1a: Tyranitar
|-damage|p1a: Tyranitar|51\/341
|
|switch|p2a: Landorus-Therian|Landorus-Therian, M|48\/350
|-ability|p2a: Landorus-Therian|Intimidate|[of] p1a: Tyranitar
|-unboost|p1a: Tyranitar|atk|1
|
|-weather|Sandstorm|[upkeep]
|-heal|p2a: Landorus-Therian|69\/350|[from] item: Leftovers
|turn|10
|
|move|p2a: Landorus-Therian|Knock Off|p1a: Tyranitar
|-resisted|p1a: Tyranitar
|-damage|p1a: Tyranitar|0 fnt
|-enditem|p1a: Tyranitar|Focus Sash|[from] move: Knock Off|[of] p2a: Landorus-Therian
|faint|p1a: Tyranitar
|
|-weather|Sandstorm|[upkeep]
|-heal|p2a: Landorus-Therian|90\/350|[from] item: Leftovers
|
|switch|p1a: Excadrill|Excadrill, F|261\/371
|-damage|p1a: Excadrill|250\/371|[from] Stealth Rock
|turn|11
|
|move|p1a: Excadrill|Rapid Spin|p2a: Landorus-Therian
|-damage|p2a: Landorus-Therian|48\/350
|-sideend|p1: TimeTravel_2|Stealth Rock|[from] move: Rapid Spin|[of] p1a: Excadrill
|-damage|p1a: Excadrill|213\/371|[from] item: Life Orb
|move|p2a: Landorus-Therian|Earthquake|p1a: Excadrill
|-supereffective|p1a: Excadrill
|-damage|p1a: Excadrill|0 fnt
|faint|p1a: Excadrill
|
|-weather|Sandstorm|[upkeep]
|-heal|p2a: Landorus-Therian|69\/350|[from] item: Leftovers
|
|switch|p1a: Greninja|Greninja, M|286\/286
|turn|12
|
|move|p1a: Greninja|Hydro Pump|p2a: Landorus-Therian
|-start|p1a: Greninja|typechange|Water|[from] Protean
|-supereffective|p2a: Landorus-Therian
|-damage|p2a: Landorus-Therian|0 fnt
|-damage|p1a: Greninja|258\/286|[from] item: Life Orb
|faint|p2a: Landorus-Therian
|
|-weather|Sandstorm|[upkeep]
|-damage|p1a: Greninja|241\/286|[from] sandstorm
|
|switch|p2a: Scizor|Scizor, M|175\/281
|turn|13
|
|move|p1a: Greninja|Hydro Pump|p2a: Scizor
|-damage|p2a: Scizor|46\/281
|-damage|p1a: Greninja|213\/286|[from] item: Life Orb
|move|p2a: Scizor|U-turn|p1a: Greninja
|-damage|p1a: Greninja|26\/286
|
|switch|p2a: Azumarill|Azumarill, F|342\/342
|
|-weather|none
|turn|14
|
|switch|p1a: Dragonite|Dragonite, F|76\/323
|move|p2a: Azumarill|Aqua Jet|p1a: Dragonite
|-resisted|p1a: Dragonite
|-damage|p1a: Dragonite|31\/323
|
|turn|15
|
|move|p1a: Dragonite|Extreme Speed|p2a: Azumarill
|-damage|p2a: Azumarill|148\/342
|-enditem|p2a: Azumarill|Sitrus Berry|[eat]
|-heal|p2a: Azumarill|233\/342|[from] item: Sitrus Berry
|move|p2a: Azumarill|Aqua Jet|p1a: Dragonite
|-resisted|p1a: Dragonite
|-damage|p1a: Dragonite|0 fnt
|faint|p1a: Dragonite
|
|
|switch|p1a: Pinsir|Pinsir, M|271\/271
|turn|16
|
|detailschange|p1a: Pinsir|Pinsir-Mega, M
|message|Pinsir has Mega Evolved into Mega Pinsir!
|move|p1a: Pinsir|Swords Dance|p1a: Pinsir
|-boost|p1a: Pinsir|atk|2
|move|p2a: Azumarill|Play Rough|p1a: Pinsir
|-damage|p1a: Pinsir|91\/271
|
|turn|17
|c|âtoiletpkay|worst player i ever faced
|
|switch|p2a: Scizor|Scizor, M|46\/281
|move|p1a: Pinsir|Quick Attack|p2a: Scizor
|-crit|p2a: Scizor
|-damage|p2a: Scizor|0 fnt
|faint|p2a: Scizor
|
|
|switch|p2a: Manectric|Manectric, M|281\/281
|turn|18
|
|detailschange|p2a: Manectric|Manectric-Mega, M
|message|Manectric has Mega Evolved into Mega Manectric!
|-ability|p2a: Manectric|Intimidate|[of] p1a: Pinsir
|-unboost|p1a: Pinsir|atk|1
|move|p1a: Pinsir|Quick Attack|p2a: Manectric
|-resisted|p2a: Manectric
|-damage|p2a: Manectric|182\/281
|move|p2a: Manectric|Thunderbolt|p1a: Pinsir
|-supereffective|p1a: Pinsir
|-damage|p1a: Pinsir|0 fnt
|faint|p1a: Pinsir
|
|
|switch|p1a: Talonflame|Talonflame, M|309\/309
|turn|19
|
|switch|p2a: Azumarill|Azumarill, F|233\/342
|move|p1a: Talonflame|Brave Bird|p2a: Azumarill
|-damage|p2a: Azumarill|0 fnt
|-damage|p1a: Talonflame|232\/309|[from] recoil|[of] p2a: Azumarill
|faint|p2a: Azumarill
|
|
|switch|p2a: Manectric|Manectric-Mega, M|182\/281
|-ability|p2a: Manectric|Intimidate|[of] p1a: Talonflame
|-unboost|p1a: Talonflame|atk|1
|turn|20
|
|switch|p1a: Greninja|Greninja, M|26\/286
|move|p2a: Manectric|Volt Switch|p1a: Greninja
|-supereffective|p1a: Greninja
|-damage|p1a: Greninja|0 fnt
|faint|p1a: Greninja
|
|switch|p2a: Victini|Victini|341\/341
|
|
|switch|p1a: Talonflame|Talonflame, M|232\/309
|turn|21
|
|move|p1a: Talonflame|Brave Bird|p2a: Victini
|-damage|p2a: Victini|52\/341
|-damage|p1a: Talonflame|137\/309|[from] recoil|[of] p2a: Victini
|move|p2a: Victini|Bolt Strike|p1a: Talonflame
|-supereffective|p1a: Talonflame
|-damage|p1a: Talonflame|0 fnt
|faint|p1a: Talonflame
|
|win|toiletpkay
|raw|Ladder updating...
|raw|TimeTravel_2's rating: 1876 &rarr; <strong>1851<\/strong><br \/>(-25 for losing)
|raw|toiletpkay's rating: 1787 &rarr; <strong>1812<\/strong><br \/>(+25 for winning)
|leave|TimeTravel_2
|player|p1