|join|toiletpkay
|join|New Light
|player|p1|toiletpkay|293
|player|p2|New Light|156
|gametype|singles
|gen|6
|tier|OU
|rated
|clearpoke
|poke|p1|Azumarill, F
|poke|p1|Victini
|poke|p1|Manectric, M
|poke|p1|Scizor, F
|poke|p1|Landorus-Therian, M
|poke|p1|Keldeo
|poke|p2|Keldeo
|poke|p2|Metagross
|poke|p2|Landorus-Therian, M
|poke|p2|Gengar, F
|poke|p2|Breloom, M
|poke|p2|Sylveon, M
|rule|Swagger Clause: Swagger is banned
|rule|Baton Pass Clause: Limit one PokÃ©mon knowing Baton Pass
|rule|Sleep Clause Mod: Limit one foe put to sleep
|rule|Species Clause: Limit one of each PokÃ©mon
|rule|OHKO Clause: OHKO moves are banned
|rule|Moody Clause: Moody is banned
|rule|Evasion Moves Clause: Evasion moves are banned
|rule|Endless Battle Clause: Forcing endless battles is banned
|rule|HP Percentage Mod: HP is shown in percentages
|teampreview
|c|âtoiletpkay|hmmm
|c|âtoiletpkay|i faced u
|
|start
|switch|p1a: Victini|Victini|341\/341
|switch|p2a: Keldeo|Keldeo|323\/323
|turn|1
|
|switch|p1a: Keldeo|Keldeo|323\/323
|move|p2a: Keldeo|Scald|p1a: Keldeo
|-resisted|p1a: Keldeo
|-damage|p1a: Keldeo|199\/323
|
|turn|2
|
|move|p1a: Keldeo|Scald|p2a: Keldeo
|-resisted|p2a: Keldeo
|-damage|p2a: Keldeo|233\/323
|move|p2a: Keldeo|Scald|p1a: Keldeo
|-resisted|p1a: Keldeo
|-damage|p1a: Keldeo|79\/323
|
|turn|3
|
|move|p2a: Keldeo|Scald|p1a: Keldeo
|-resisted|p1a: Keldeo
|-damage|p1a: Keldeo|0 fnt
|faint|p1a: Keldeo
|
|
|switch|p1a: Scizor|Scizor, F|281\/281
|turn|4
|
|move|p2a: Keldeo|Scald|p1a: Scizor
|-damage|p1a: Scizor|157\/281
|move|p1a: Scizor|Aerial Ace|p2a: Keldeo
|-supereffective|p2a: Keldeo
|-damage|p2a: Keldeo|0 fnt
|faint|p2a: Keldeo
|
|
|switch|p2a: Metagross|Metagross|301\/301
|turn|5
|
|detailschange|p2a: Metagross|Metagross-Mega
|-mega|p2a: Metagross|Metagross|Metagrossite
|move|p2a: Metagross|Meteor Mash|p1a: Scizor|[miss]
|-miss|p2a: Metagross|p1a: Scizor
|move|p1a: Scizor|U-turn|p2a: Metagross
|-damage|p2a: Metagross|207\/301
|
|switch|p1a: Landorus-Therian|Landorus-Therian, M|350\/350
|-ability|p1a: Landorus-Therian|Intimidate|[of] p2a: Metagross
|-unboost|p2a: Metagross|atk|1
|
|turn|6
|
|switch|p2a: Landorus-Therian|Landorus-Therian, M|381\/381
|-ability|p2a: Landorus-Therian|Intimidate|[of] p1a: Landorus-Therian
|-unboost|p1a: Landorus-Therian|atk|1
|move|p1a: Landorus-Therian|Stealth Rock|p2a: Landorus-Therian
|-sidestart|p2: New Light|move: Stealth Rock
|
|turn|7
|
|move|p1a: Landorus-Therian|Knock Off|p2a: Landorus-Therian
|-damage|p2a: Landorus-Therian|304\/381
|-enditem|p2a: Landorus-Therian|Leftovers|[from] move: Knock Off|[of] p1a: Landorus-Therian
|move|p2a: Landorus-Therian|Stealth Rock|p1a: Landorus-Therian
|-sidestart|p1: toiletpkay|move: Stealth Rock
|
|turn|8
|
|move|p1a: Landorus-Therian|Knock Off|p2a: Landorus-Therian
|-damage|p2a: Landorus-Therian|256\/381
|move|p2a: Landorus-Therian|Knock Off|p1a: Landorus-Therian
|-damage|p1a: Landorus-Therian|228\/350
|-enditem|p1a: Landorus-Therian|Leftovers|[from] move: Knock Off|[of] p2a: Landorus-Therian
|
|turn|9
|
|move|p1a: Landorus-Therian|Knock Off|p2a: Landorus-Therian
|-damage|p2a: Landorus-Therian|208\/381
|move|p2a: Landorus-Therian|U-turn|p1a: Landorus-Therian
|-resisted|p1a: Landorus-Therian
|-damage|p1a: Landorus-Therian|190\/350
|
|switch|p2a: Metagross|Metagross-Mega|207\/301
|-damage|p2a: Metagross|189\/301|[from] Stealth Rock
|
|turn|10
|
|switch|p1a: Scizor|Scizor, F|157\/281
|-damage|p1a: Scizor|122\/281|[from] Stealth Rock
|move|p2a: Metagross|Meteor Mash|p1a: Scizor
|-resisted|p1a: Scizor
|-damage|p1a: Scizor|14\/281
|
|turn|11
|
|move|p1a: Scizor|Bullet Punch|p2a: Metagross
|-resisted|p2a: Metagross
|-damage|p2a: Metagross|144\/301
|move|p2a: Metagross|Meteor Mash|p1a: Scizor|[miss]
|-miss|p2a: Metagross|p1a: Scizor
|
|turn|12
|c|âtoiletpkay|lawl
|
|move|p1a: Scizor|Bullet Punch|p2a: Metagross
|-resisted|p2a: Metagross
|-damage|p2a: Metagross|105\/301
|move|p2a: Metagross|Meteor Mash|p1a: Scizor
|-resisted|p1a: Scizor
|-damage|p1a: Scizor|0 fnt
|faint|p1a: Scizor
|
|
|switch|p1a: Manectric|Manectric, M|281\/281
|-damage|p1a: Manectric|246\/281|[from] Stealth Rock
|turn|13
|
|detailschange|p1a: Manectric|Manectric-Mega, M
|-mega|p1a: Manectric|Manectric|Manectite
|-ability|p1a: Manectric|Intimidate|[of] p2a: Metagross
|-unboost|p2a: Metagross|atk|1
|move|p2a: Metagross|Earthquake|p1a: Manectric
|-supereffective|p1a: Manectric
|-damage|p1a: Manectric|46\/281
|move|p1a: Manectric|Flamethrower|p2a: Metagross
|-supereffective|p2a: Metagross
|-damage|p2a: Metagross|0 fnt
|faint|p2a: Metagross
|
|
|switch|p2a: Breloom|Breloom, M|261\/261
|-damage|p2a: Breloom|245\/261|[from] Stealth Rock
|turn|14
|
|switch|p1a: Victini|Victini|341\/341
|-damage|p1a: Victini|256\/341|[from] Stealth Rock
|move|p2a: Breloom|Mach Punch|p1a: Victini
|-resisted|p1a: Victini
|-damage|p1a: Victini|198\/341
|
|turn|15
|
|switch|p2a: Landorus-Therian|Landorus-Therian, M|208\/381
|-damage|p2a: Landorus-Therian|161\/381|[from] Stealth Rock
|-ability|p2a: Landorus-Therian|Intimidate|[of] p1a: Victini
|-unboost|p1a: Victini|atk|1
|move|p1a: Victini|Blue Flare|p2a: Landorus-Therian|[miss]
|-miss|p1a: Victini|p2a: Landorus-Therian
|
|turn|16
|
|move|p1a: Victini|Blue Flare|p2a: Landorus-Therian
|-crit|p2a: Landorus-Therian
|-damage|p2a: Landorus-Therian|0 fnt
|faint|p2a: Landorus-Therian
|
|
|switch|p2a: Sylveon|Sylveon, M|393\/393
|-damage|p2a: Sylveon|344\/393|[from] Stealth Rock
|turn|17
|
|move|p1a: Victini|V-create|p2a: Sylveon
|-damage|p2a: Sylveon|28\/393
|-unboost|p1a: Victini|def|1
|-unboost|p1a: Victini|spd|1
|-unboost|p1a: Victini|spe|1
|move|p2a: Sylveon|Hyper Voice|p1a: Victini
|-resisted|p1a: Victini
|-damage|p1a: Victini|93\/341
|
|-heal|p2a: Sylveon|52\/393|[from] item: Leftovers
|turn|18
|
|move|p1a: Victini|Bolt Strike|p2a: Sylveon
|-damage|p2a: Sylveon|0 fnt
|faint|p2a: Sylveon
|
|
|switch|p2a: Breloom|Breloom, M|245\/261
|-damage|p2a: Breloom|229\/261|[from] Stealth Rock
|turn|19
|
|switch|p1a: Manectric|Manectric-Mega, M|46\/281
|-damage|p1a: Manectric|11\/281|[from] Stealth Rock
|-ability|p1a: Manectric|Intimidate|[of] p2a: Breloom
|-unboost|p2a: Breloom|atk|1
|move|p2a: Breloom|Rock Tomb|p1a: Manectric
|-damage|p1a: Manectric|0 fnt
|faint|p1a: Manectric
|
|
|switch|p1a: Landorus-Therian|Landorus-Therian, M|190\/350
|-damage|p1a: Landorus-Therian|147\/350|[from] Stealth Rock
|-ability|p1a: Landorus-Therian|Intimidate|[of] p2a: Breloom
|-unboost|p2a: Breloom|atk|1
|turn|20
|
|move|p2a: Breloom|Swords Dance|p2a: Breloom
|-boost|p2a: Breloom|atk|2
|move|p1a: Landorus-Therian|Knock Off|p2a: Breloom
|-resisted|p2a: Breloom
|-damage|p2a: Breloom|146\/261
|-enditem|p2a: Breloom|Focus Sash|[from] move: Knock Off|[of] p1a: Landorus-Therian
|
|turn|21
|
|switch|p1a: Victini|Victini|93\/341
|-damage|p1a: Victini|8\/341|[from] Stealth Rock
|move|p2a: Breloom|Bullet Seed|p1a: Victini
|-resisted|p1a: Victini
|-damage|p1a: Victini|0 fnt
|-hitcount|p1a: Victini|1
|faint|p1a: Victini
|
|
|switch|p1a: Landorus-Therian|Landorus-Therian, M|147\/350
|-damage|p1a: Landorus-Therian|104\/350|[from] Stealth Rock
|-ability|p1a: Landorus-Therian|Intimidate|[of] p2a: Breloom
|-unboost|p2a: Breloom|atk|1
|turn|22
|
|move|p2a: Breloom|Swords Dance|p2a: Breloom
|-boost|p2a: Breloom|atk|2
|move|p1a: Landorus-Therian|Earthquake|p2a: Breloom
|-resisted|p2a: Breloom
|-damage|p2a: Breloom|22\/261
|
|turn|23
|
|move|p2a: Breloom|Bullet Seed|p1a: Landorus-Therian
|-damage|p1a: Landorus-Therian|1\/350
|-damage|p1a: Landorus-Therian|0 fnt
|-hitcount|p1a: Landorus-Therian|2
|faint|p1a: Landorus-Therian
|
|
|switch|p1a: Azumarill|Azumarill, F|342\/342
|-damage|p1a: Azumarill|300\/342|[from] Stealth Rock
|turn|24
|
|move|p2a: Breloom|Mach Punch|p1a: Azumarill
|-resisted|p1a: Azumarill
|-damage|p1a: Azumarill|208\/342
|move|p1a: Azumarill|Belly Drum|p1a: Azumarill
|-damage|p1a: Azumarill|37\/342
|-setboost|p1a: Azumarill|atk|6|[from] move: Belly Drum
|-enditem|p1a: Azumarill|Sitrus Berry|[eat]
|-heal|p1a: Azumarill|122\/342|[from] item: Sitrus Berry
|
|turn|25
|c|âtoiletpkay|go for mach punch
|c|âtoiletpkay|yes
|
|move|p2a: Breloom|Mach Punch|p1a: Azumarill
|-resisted|p1a: Azumarill
|-damage|p1a: Azumarill|28\/342
|move|p1a: Azumarill|Aqua Jet|p2a: Breloom
|-resisted|p2a: Breloom
|-damage|p2a: Breloom|0 fnt
|faint|p2a: Breloom
|
|
|switch|p2a: Gengar|Gengar, F|261\/261
|-damage|p2a: Gengar|229\/261|[from] Stealth Rock
|turn|26
|c|âtoiletpkay|gg
|
|move|p1a: Azumarill|Aqua Jet|p2a: Gengar
|-damage|p2a: Gengar|0 fnt
|faint|p2a: Gengar
|
|win|toiletpkay
|raw|Ladder updating...
|raw|toiletpkay's rating: 1685 &rarr; <strong>1700<\/strong><br \/>(+15 for winning)
|raw|New Light's rating: 1602 &rarr; <strong>1587<\/strong><br \/>(-15 for losing)
|leave|New Light