|join|N199ERDESTROYER
|join|Superpanda91
|player|p1|N199ERDESTROYER|253
|player|p2|Superpanda91|164
|gametype|singles
|gen|6
|tier|OU
|rated
|clearpoke
|poke|p1|Tyranitar, M
|poke|p1|Excadrill, F
|poke|p1|Lopunny, F
|poke|p1|Celebi
|poke|p1|Keldeo
|poke|p1|Talonflame, F
|poke|p2|Slowbro, M
|poke|p2|Breloom, M
|poke|p2|Heatran, F
|poke|p2|Bisharp, M
|poke|p2|Latios, M
|poke|p2|Magnezone
|rule|Swagger Clause: Swagger is banned
|rule|Baton Pass Clause: Limit one PokÃ©mon knowing Baton Pass
|rule|Sleep Clause Mod: Limit one foe put to sleep
|rule|Species Clause: Limit one of each PokÃ©mon
|rule|OHKO Clause: OHKO moves are banned
|rule|Moody Clause: Moody is banned
|rule|Evasion Moves Clause: Evasion moves are banned
|rule|Endless Battle Clause: Forcing endless battles is banned
|rule|HP Percentage Mod: HP is shown in percentages
|teampreview
|
|start
|switch|p1a: Lopunny|Lopunny, F|271\/271
|switch|p2a: Breloom|Breloom, M|261\/261
|turn|1
|
|switch|p2a: Slowbro|Slowbro, M|393\/393
|detailschange|p1a: Lopunny|Lopunny-Mega, F
|-mega|p1a: Lopunny|Lopunny|Lopunnite
|move|p1a: Lopunny|Fake Out|p2a: Slowbro
|-damage|p2a: Slowbro|341\/393
|
|turn|2
|
|switch|p1a: Celebi|Celebi|403\/403
|detailschange|p2a: Slowbro|Slowbro-Mega, M
|-mega|p2a: Slowbro|Slowbro|Slowbronite
|move|p2a: Slowbro|Scald|p1a: Celebi
|-resisted|p1a: Celebi
|-damage|p1a: Celebi|349\/403
|-status|p1a: Celebi|brn
|
|-heal|p1a: Celebi|374\/403 brn|[from] item: Leftovers
|-damage|p1a: Celebi|324\/403 brn|[from] brn
|turn|3
|
|switch|p2a: Heatran|Heatran, F|385\/385
|move|p1a: Celebi|Earth Power|p2a: Heatran
|-supereffective|p2a: Heatran
|-damage|p2a: Heatran|193\/385
|
|-heal|p1a: Celebi|349\/403 brn|[from] item: Leftovers
|-heal|p2a: Heatran|217\/385|[from] item: Leftovers
|-damage|p1a: Celebi|299\/403 brn|[from] brn
|turn|4
|
|switch|p1a: Tyranitar|Tyranitar, M|399\/399
|-weather|Sandstorm
|move|p2a: Heatran|Stealth Rock|p1a: Tyranitar
|-sidestart|p1: N199ERDESTROYER|move: Stealth Rock
|
|-weather|Sandstorm|[upkeep]
|-heal|p2a: Heatran|241\/385|[from] item: Leftovers
|turn|5
|
|switch|p2a: Slowbro|Slowbro-Mega, M|341\/393
|move|p1a: Tyranitar|Stealth Rock|p2a: Slowbro
|-sidestart|p2: Superpanda91|move: Stealth Rock
|
|-weather|Sandstorm|[upkeep]
|-damage|p2a: Slowbro|317\/393|[from] sandstorm
|turn|6
|
|switch|p1a: Celebi|Celebi|299\/403
|-damage|p1a: Celebi|249\/403|[from] Stealth Rock
|move|p2a: Slowbro|Slack Off|p2a: Slowbro
|-heal|p2a: Slowbro|393\/393
|
|-weather|Sandstorm|[upkeep]
|-damage|p1a: Celebi|224\/403|[from] sandstorm
|-damage|p2a: Slowbro|369\/393|[from] sandstorm
|-heal|p1a: Celebi|249\/403|[from] item: Leftovers
|turn|7
|
|switch|p1a: Excadrill|Excadrill, F|362\/362
|-damage|p1a: Excadrill|351\/362|[from] Stealth Rock
|switch|p2a: Latios|Latios, M|301\/301
|-damage|p2a: Latios|264\/301|[from] Stealth Rock
|
|-weather|Sandstorm|[upkeep]
|-damage|p2a: Latios|246\/301|[from] sandstorm
|turn|8
|
|switch|p2a: Magnezone|Magnezone|281\/281
|-damage|p2a: Magnezone|264\/281|[from] Stealth Rock
|move|p1a: Excadrill|Rapid Spin|p2a: Magnezone
|-resisted|p2a: Magnezone
|-damage|p2a: Magnezone|248\/281
|-sideend|p1: N199ERDESTROYER|Stealth Rock|[from] move: Rapid Spin|[of] p1a: Excadrill
|-damage|p1a: Excadrill|315\/362|[from] item: Life Orb
|
|-weather|Sandstorm|[upkeep]
|turn|9
|
|move|p1a: Excadrill|Earthquake|p2a: Magnezone
|-supereffective|p2a: Magnezone
|-damage|p2a: Magnezone|0 fnt
|-damage|p1a: Excadrill|279\/362|[from] item: Life Orb
|faint|p2a: Magnezone
|
|-weather|Sandstorm|[upkeep]
|c|âN199ERDESTROYER|wut
|
|switch|p2a: Slowbro|Slowbro-Mega, M|369\/393
|-damage|p2a: Slowbro|320\/393|[from] Stealth Rock
|turn|10
|
|switch|p1a: Celebi|Celebi|249\/403
|move|p2a: Slowbro|Scald|p1a: Celebi
|-resisted|p1a: Celebi
|-damage|p1a: Celebi|186\/403
|
|-weather|Sandstorm|[upkeep]
|-damage|p1a: Celebi|161\/403|[from] sandstorm
|-damage|p2a: Slowbro|296\/393|[from] sandstorm
|-heal|p1a: Celebi|186\/403|[from] item: Leftovers
|turn|11
|
|switch|p2a: Heatran|Heatran, F|241\/385
|-damage|p2a: Heatran|193\/385|[from] Stealth Rock
|move|p1a: Celebi|Recover|p1a: Celebi
|-heal|p1a: Celebi|388\/403
|
|-weather|none
|-heal|p1a: Celebi|403\/403|[from] item: Leftovers
|-heal|p2a: Heatran|217\/385|[from] item: Leftovers
|turn|12
|
|move|p1a: Celebi|Earth Power|p2a: Heatran
|-crit|p2a: Heatran
|-supereffective|p2a: Heatran
|-damage|p2a: Heatran|0 fnt
|faint|p2a: Heatran
|
|c|âN199ERDESTROYER|sucks
|c|âSuperpanda91|yea
|
|switch|p2a: Latios|Latios, M|246\/301
|-damage|p2a: Latios|209\/301|[from] Stealth Rock
|turn|13
|
|switch|p1a: Tyranitar|Tyranitar, M|399\/399
|-weather|Sandstorm
|move|p2a: Latios|Draco Meteor|p1a: Tyranitar
|-damage|p1a: Tyranitar|212\/399
|-unboost|p2a: Latios|spa|2
|-damage|p2a: Latios|179\/301|[from] item: Life Orb
|
|-weather|Sandstorm|[upkeep]
|-damage|p2a: Latios|161\/301|[from] sandstorm
|turn|14
|
|move|p1a: Tyranitar|Pursuit|p2a: Latios|[from]Pursuit
|-supereffective|p2a: Latios
|-damage|p2a: Latios|0 fnt
|faint|p2a: Latios
|
|-weather|Sandstorm|[upkeep]
|
|switch|p2a: Slowbro|Slowbro-Mega, M|296\/393
|-damage|p2a: Slowbro|247\/393|[from] Stealth Rock
|turn|15
|
|switch|p1a: Celebi|Celebi|403\/403
|move|p2a: Slowbro|Slack Off|p2a: Slowbro
|-heal|p2a: Slowbro|393\/393
|
|-weather|Sandstorm|[upkeep]
|-damage|p1a: Celebi|378\/403|[from] sandstorm
|-damage|p2a: Slowbro|369\/393|[from] sandstorm
|-heal|p1a: Celebi|403\/403|[from] item: Leftovers
|turn|16
|
|move|p1a: Celebi|Nasty Plot|p1a: Celebi
|-boost|p1a: Celebi|spa|2
|move|p2a: Slowbro|Scald|p1a: Celebi
|-resisted|p1a: Celebi
|-damage|p1a: Celebi|345\/403
|
|-weather|Sandstorm|[upkeep]
|-damage|p1a: Celebi|320\/403|[from] sandstorm
|-damage|p2a: Slowbro|345\/393|[from] sandstorm
|-heal|p1a: Celebi|345\/403|[from] item: Leftovers
|turn|17
|
|switch|p2a: Bisharp|Bisharp, M|271\/271
|-damage|p2a: Bisharp|255\/271|[from] Stealth Rock
|move|p1a: Celebi|Giga Drain|p2a: Bisharp
|-resisted|p2a: Bisharp
|-damage|p2a: Bisharp|132\/271
|-heal|p1a: Celebi|403\/403|[from] drain|[of] p2a: Bisharp
|
|-weather|Sandstorm|[upkeep]
|-damage|p1a: Celebi|378\/403|[from] sandstorm
|-heal|p1a: Celebi|403\/403|[from] item: Leftovers
|turn|18
|
|move|p1a: Celebi|Earth Power|p2a: Bisharp
|-supereffective|p2a: Bisharp
|-damage|p2a: Bisharp|0 fnt
|faint|p2a: Bisharp
|
|-weather|Sandstorm|[upkeep]
|-damage|p1a: Celebi|378\/403|[from] sandstorm
|-heal|p1a: Celebi|403\/403|[from] item: Leftovers
|-message|Superpanda91 forfeited.
|leave|Superpanda91
|
|win|N199ERDESTROYER
|raw|Ladder updating...
|player|p2