|join|RocketKing
|join|N199ERDESTROYER
|player|p1|RocketKing|101
|player|p2|N199ERDESTROYER|253
|gametype|singles
|gen|6
|tier|OU
|rated
|clearpoke
|poke|p1|Azumarill, M
|poke|p1|Talonflame, M
|poke|p1|Rotom-Wash
|poke|p1|Excadrill, M
|poke|p1|Houndoom, M
|poke|p1|Serperior, M
|poke|p2|Clefable, F
|poke|p2|Keldeo
|poke|p2|Mew
|poke|p2|Landorus-Therian, M
|poke|p2|Venusaur, F
|poke|p2|Rotom-Heat
|rule|Swagger Clause: Swagger is banned
|rule|Baton Pass Clause: Limit one PokÃ©mon knowing Baton Pass
|rule|Sleep Clause Mod: Limit one foe put to sleep
|rule|Species Clause: Limit one of each PokÃ©mon
|rule|OHKO Clause: OHKO moves are banned
|rule|Moody Clause: Moody is banned
|rule|Evasion Moves Clause: Evasion moves are banned
|rule|Endless Battle Clause: Forcing endless battles is banned
|rule|HP Percentage Mod: HP is shown in percentages
|teampreview
|
|start
|switch|p1a: Rotom-Wash|Rotom-Wash|304\/304
|switch|p2a: Landorus-Therian|Landorus-Therian, M|381\/381
|-ability|p2a: Landorus-Therian|Intimidate|[of] p1a: Rotom-Wash
|-unboost|p1a: Rotom-Wash|atk|1
|turn|1
|
|switch|p2a: Venusaur|Venusaur, F|363\/363
|move|p1a: Rotom-Wash|Hydro Pump|p2a: Venusaur
|-resisted|p2a: Venusaur
|-damage|p2a: Venusaur|296\/363
|
|turn|2
|
|detailschange|p2a: Venusaur|Venusaur-Mega, F
|-mega|p2a: Venusaur|Venusaur|Venusaurite
|move|p1a: Rotom-Wash|Volt Switch|p2a: Venusaur
|-resisted|p2a: Venusaur
|-damage|p2a: Venusaur|258\/363
|
|switch|p1a: Houndoom|Houndoom, M|291\/291
|move|p2a: Venusaur|Knock Off|p1a: Houndoom
|-resisted|p1a: Houndoom
|-damage|p1a: Houndoom|250\/291
|
|turn|3
|
|switch|p2a: Keldeo|Keldeo|321\/321
|detailschange|p1a: Houndoom|Houndoom-Mega, M
|-mega|p1a: Houndoom|Houndoom|Houndoominite
|move|p1a: Houndoom|Fire Blast|p2a: Keldeo
|-resisted|p2a: Keldeo
|-damage|p2a: Keldeo|201\/321
|
|-heal|p2a: Keldeo|221\/321|[from] item: Leftovers
|turn|4
|
|move|p1a: Houndoom|Sludge Bomb|p2a: Keldeo
|-damage|p2a: Keldeo|108\/321
|-status|p2a: Keldeo|psn
|move|p2a: Keldeo|Scald|p1a: Houndoom
|-supereffective|p1a: Houndoom
|-damage|p1a: Houndoom|0 fnt
|faint|p1a: Houndoom
|
|-heal|p2a: Keldeo|128\/321 psn|[from] item: Leftovers
|-damage|p2a: Keldeo|88\/321 psn|[from] psn
|
|switch|p1a: Rotom-Wash|Rotom-Wash|304\/304
|turn|5
|
|switch|p2a: Venusaur|Venusaur-Mega, F|258\/363
|move|p1a: Rotom-Wash|Volt Switch|p2a: Venusaur
|-resisted|p2a: Venusaur
|-damage|p2a: Venusaur|216\/363
|
|switch|p1a: Talonflame|Talonflame, M|297\/297
|
|turn|6
|
|switch|p2a: Landorus-Therian|Landorus-Therian, M|381\/381
|-ability|p2a: Landorus-Therian|Intimidate|[of] p1a: Talonflame
|-unboost|p1a: Talonflame|atk|1
|move|p1a: Talonflame|Brave Bird|p2a: Landorus-Therian
|-damage|p2a: Landorus-Therian|252\/381
|-damage|p1a: Talonflame|254\/297|[from] recoil|[of] p2a: Landorus-Therian
|
|-heal|p2a: Landorus-Therian|275\/381|[from] item: Leftovers
|turn|7
|
|move|p1a: Talonflame|Brave Bird|p2a: Landorus-Therian
|-damage|p2a: Landorus-Therian|149\/381
|-damage|p1a: Talonflame|212\/297|[from] recoil|[of] p2a: Landorus-Therian
|move|p2a: Landorus-Therian|Stealth Rock|p1a: Talonflame
|-sidestart|p1: RocketKing|move: Stealth Rock
|
|-heal|p2a: Landorus-Therian|172\/381|[from] item: Leftovers
|turn|8
|
|switch|p1a: Rotom-Wash|Rotom-Wash|304\/304
|-damage|p1a: Rotom-Wash|266\/304|[from] Stealth Rock
|switch|p2a: Rotom-Heat|Rotom-Heat|303\/303
|
|-heal|p1a: Rotom-Wash|285\/304|[from] item: Leftovers
|turn|9
|
|switch|p2a: Venusaur|Venusaur-Mega, F|216\/363
|move|p1a: Rotom-Wash|Hydro Pump|p2a: Venusaur
|-resisted|p2a: Venusaur
|-damage|p2a: Venusaur|159\/363
|
|-heal|p1a: Rotom-Wash|304\/304|[from] item: Leftovers
|turn|10
|
|move|p1a: Rotom-Wash|Volt Switch|p2a: Venusaur
|-resisted|p2a: Venusaur
|-damage|p2a: Venusaur|122\/363
|
|switch|p1a: Serperior|Serperior, M|292\/292
|-damage|p1a: Serperior|256\/292|[from] Stealth Rock
|move|p2a: Venusaur|Synthesis|p2a: Venusaur
|-heal|p2a: Venusaur|303\/363
|
|turn|11
|
|switch|p1a: Excadrill|Excadrill, M|361\/361
|-damage|p1a: Excadrill|350\/361|[from] Stealth Rock
|-ability|p1a: Excadrill|Mold Breaker
|move|p2a: Venusaur|Knock Off|p1a: Excadrill
|-damage|p1a: Excadrill|226\/361
|-enditem|p1a: Excadrill|Choice Scarf|[from] move: Knock Off|[of] p2a: Venusaur
|
|turn|12
|
|move|p1a: Excadrill|Earthquake|p2a: Venusaur
|-damage|p2a: Venusaur|162\/363
|move|p2a: Venusaur|Giga Drain|p1a: Excadrill
|-damage|p1a: Excadrill|81\/361
|-heal|p2a: Venusaur|235\/363|[from] drain|[of] p1a: Excadrill
|
|turn|13
|
|switch|p2a: Landorus-Therian|Landorus-Therian, M|172\/381
|-ability|p2a: Landorus-Therian|Intimidate|[of] p1a: Excadrill
|-unboost|p1a: Excadrill|atk|1
|move|p1a: Excadrill|Rapid Spin|p2a: Landorus-Therian
|-damage|p2a: Landorus-Therian|158\/381
|-sideend|p1: RocketKing|Stealth Rock|[from] move: Rapid Spin|[of] p1a: Excadrill
|
|-heal|p2a: Landorus-Therian|181\/381|[from] item: Leftovers
|turn|14
|
|move|p1a: Excadrill|Iron Head|p2a: Landorus-Therian
|-damage|p2a: Landorus-Therian|111\/381
|move|p2a: Landorus-Therian|Stealth Rock|p1a: Excadrill
|-sidestart|p1: RocketKing|move: Stealth Rock
|
|-heal|p2a: Landorus-Therian|134\/381|[from] item: Leftovers
|turn|15
|
|move|p1a: Excadrill|Rapid Spin|p2a: Landorus-Therian
|-damage|p2a: Landorus-Therian|122\/381
|-sideend|p1: RocketKing|Stealth Rock|[from] move: Rapid Spin|[of] p1a: Excadrill
|move|p2a: Landorus-Therian|Earthquake|p1a: Excadrill
|-supereffective|p1a: Excadrill
|-damage|p1a: Excadrill|0 fnt
|faint|p1a: Excadrill
|
|-heal|p2a: Landorus-Therian|145\/381|[from] item: Leftovers
|
|switch|p1a: Azumarill|Azumarill, M|364\/364
|turn|16
|
|switch|p2a: Venusaur|Venusaur-Mega, F|235\/363
|move|p1a: Azumarill|Aqua Jet|p2a: Venusaur
|-resisted|p2a: Venusaur
|-damage|p2a: Venusaur|200\/363
|
|turn|17
|
|switch|p1a: Serperior|Serperior, M|256\/292
|move|p2a: Venusaur|Synthesis|p2a: Venusaur
|-heal|p2a: Venusaur|363\/363
|
|turn|18
|
|move|p1a: Serperior|Leaf Storm|p2a: Venusaur
|-resisted|p2a: Venusaur
|-damage|p2a: Venusaur|328\/363
|-boost|p1a: Serperior|spa|2
|-damage|p1a: Serperior|227\/292|[from] item: Life Orb
|move|p2a: Venusaur|Sludge Bomb|p1a: Serperior
|-supereffective|p1a: Serperior
|-damage|p1a: Serperior|0 fnt
|faint|p1a: Serperior
|
|
|switch|p1a: Talonflame|Talonflame, M|212\/297
|turn|19
|
|switch|p2a: Rotom-Heat|Rotom-Heat|303\/303
|move|p1a: Talonflame|Brave Bird|p2a: Rotom-Heat
|-resisted|p2a: Rotom-Heat
|-damage|p2a: Rotom-Heat|199\/303
|-damage|p1a: Talonflame|178\/297|[from] recoil|[of] p2a: Rotom-Heat
|
|-heal|p2a: Rotom-Heat|217\/303|[from] item: Leftovers
|turn|20
|
|switch|p1a: Rotom-Wash|Rotom-Wash|304\/304
|move|p2a: Rotom-Heat|Volt Switch|p1a: Rotom-Wash
|-damage|p1a: Rotom-Wash|229\/304
|
|switch|p2a: Venusaur|Venusaur-Mega, F|328\/363
|
|-heal|p1a: Rotom-Wash|248\/304|[from] item: Leftovers
|turn|21
|
|move|p1a: Rotom-Wash|Will-O-Wisp|p2a: Venusaur
|-status|p2a: Venusaur|brn
|move|p2a: Venusaur|Knock Off|p1a: Rotom-Wash
|-damage|p1a: Rotom-Wash|210\/304
|-enditem|p1a: Rotom-Wash|Leftovers|[from] move: Knock Off|[of] p2a: Venusaur
|
|-damage|p2a: Venusaur|283\/363 brn|[from] brn
|turn|22
|
|move|p1a: Rotom-Wash|Volt Switch|p2a: Venusaur
|-crit|p2a: Venusaur
|-resisted|p2a: Venusaur
|-damage|p2a: Venusaur|226\/363 brn
|
|switch|p1a: Talonflame|Talonflame, M|178\/297
|move|p2a: Venusaur|Knock Off|p1a: Talonflame
|-damage|p1a: Talonflame|124\/297
|-enditem|p1a: Talonflame|Choice Band|[from] move: Knock Off|[of] p2a: Venusaur
|
|-damage|p2a: Venusaur|181\/363 brn|[from] brn
|turn|23
|
|switch|p2a: Rotom-Heat|Rotom-Heat|217\/303
|move|p1a: Talonflame|Brave Bird|p2a: Rotom-Heat
|-resisted|p2a: Rotom-Heat
|-damage|p2a: Rotom-Heat|151\/303
|-damage|p1a: Talonflame|102\/297|[from] recoil|[of] p2a: Rotom-Heat
|
|-heal|p2a: Rotom-Heat|169\/303|[from] item: Leftovers
|turn|24
|
|move|p1a: Talonflame|U-turn|p2a: Rotom-Heat
|-resisted|p2a: Rotom-Heat
|-damage|p2a: Rotom-Heat|143\/303
|
|switch|p1a: Rotom-Wash|Rotom-Wash|210\/304
|move|p2a: Rotom-Heat|Volt Switch|p1a: Rotom-Wash
|-damage|p1a: Rotom-Wash|126\/304
|
|switch|p2a: Clefable|Clefable, F|394\/394
|
|turn|25
|
|move|p1a: Rotom-Wash|Volt Switch|p2a: Clefable
|-damage|p2a: Clefable|255\/394
|
|switch|p1a: Talonflame|Talonflame, M|102\/297
|move|p2a: Clefable|Calm Mind|p2a: Clefable
|-boost|p2a: Clefable|spa|1
|-boost|p2a: Clefable|spd|1
|
|-heal|p2a: Clefable|279\/394|[from] item: Leftovers
|turn|26
|
|move|p1a: Talonflame|Brave Bird|p2a: Clefable
|-damage|p2a: Clefable|138\/394
|-damage|p1a: Talonflame|55\/297|[from] recoil|[of] p2a: Clefable
|move|p2a: Clefable|Soft-Boiled|p2a: Clefable
|-heal|p2a: Clefable|335\/394
|
|-heal|p2a: Clefable|359\/394|[from] item: Leftovers
|turn|27
|
|move|p1a: Talonflame|Flare Blitz|p2a: Clefable
|-damage|p2a: Clefable|196\/394
|-damage|p1a: Talonflame|1\/297|[from] recoil|[of] p2a: Clefable
|move|p2a: Clefable|Calm Mind|p2a: Clefable
|-boost|p2a: Clefable|spa|1
|-boost|p2a: Clefable|spd|1
|
|-heal|p2a: Clefable|220\/394|[from] item: Leftovers
|turn|28
|
|move|p1a: Talonflame|Flare Blitz|p2a: Clefable
|-damage|p2a: Clefable|75\/394
|-damage|p1a: Talonflame|0 fnt|[from] recoil|[of] p2a: Clefable
|faint|p1a: Talonflame
|move|p2a: Clefable|Soft-Boiled|p2a: Clefable
|-heal|p2a: Clefable|272\/394
|
|-heal|p2a: Clefable|296\/394|[from] item: Leftovers
|
|switch|p1a: Rotom-Wash|Rotom-Wash|126\/304
|turn|29
|
|move|p1a: Rotom-Wash|Thunderbolt|p2a: Clefable
|-damage|p2a: Clefable|217\/394
|move|p2a: Clefable|Moonblast|p1a: Rotom-Wash
|-damage|p1a: Rotom-Wash|0 fnt
|faint|p1a: Rotom-Wash
|
|-heal|p2a: Clefable|241\/394|[from] item: Leftovers
|
|switch|p1a: Azumarill|Azumarill, M|364\/364
|turn|30
|
|move|p1a: Azumarill|Belly Drum|p1a: Azumarill
|-damage|p1a: Azumarill|182\/364
|-setboost|p1a: Azumarill|atk|6|[from] move: Belly Drum
|-enditem|p1a: Azumarill|Sitrus Berry|[eat]
|-heal|p1a: Azumarill|273\/364|[from] item: Sitrus Berry
|move|p2a: Clefable|Moonblast|p1a: Azumarill
|-damage|p1a: Azumarill|26\/364
|
|-heal|p2a: Clefable|265\/394|[from] item: Leftovers
|turn|31
|
|move|p1a: Azumarill|Play Rough|p2a: Clefable
|-damage|p2a: Clefable|0 fnt
|faint|p2a: Clefable
|
|
|switch|p2a: Landorus-Therian|Landorus-Therian, M|145\/381
|-ability|p2a: Landorus-Therian|Intimidate|[of] p1a: Azumarill
|-unboost|p1a: Azumarill|atk|1
|turn|32
|
|switch|p2a: Keldeo|Keldeo|88\/321 psn
|move|p1a: Azumarill|Play Rough|p2a: Keldeo
|-supereffective|p2a: Keldeo
|-damage|p2a: Keldeo|0 fnt
|faint|p2a: Keldeo
|
|
|switch|p2a: Landorus-Therian|Landorus-Therian, M|145\/381
|-ability|p2a: Landorus-Therian|Intimidate|[of] p1a: Azumarill
|-unboost|p1a: Azumarill|atk|1
|turn|33
|
|move|p1a: Azumarill|Aqua Jet|p2a: Landorus-Therian
|-supereffective|p2a: Landorus-Therian
|-damage|p2a: Landorus-Therian|0 fnt
|faint|p2a: Landorus-Therian
|
|
|switch|p2a: Mew|Mew|401\/401
|turn|34
|
|move|p2a: Mew|Knock Off|p1a: Azumarill
|-resisted|p1a: Azumarill
|-damage|p1a: Azumarill|0 fnt
|faint|p1a: Azumarill
|
|win|N199ERDESTROYER
|raw|Ladder updating...
|raw|RocketKing's rating: 1505 &rarr; <strong>1482<\/strong><br \/>(-23 for losing)
|raw|N199ERDESTROYER's rating: 1459 &rarr; <strong>1482<\/strong><br \/>(+23 for winning)
|c|âRocketKing|gg
|c|âN199ERDESTROYER|gg, u made a good comback
|c|âRocketKing|thank you