|join|N199ERDESTROYER
|join|h. zimmer
|player|p1|N199ERDESTROYER|253
|player|p2|h. zimmer|265
|gametype|singles
|gen|6
|tier|OU
|rated
|clearpoke
|poke|p1|Serperior, F
|poke|p1|Gyarados, M
|poke|p1|Talonflame, F
|poke|p1|Bisharp, F
|poke|p1|Aerodactyl, M
|poke|p1|Latias, F
|poke|p2|Breloom, F
|poke|p2|Talonflame, F
|poke|p2|Metagross
|poke|p2|Latios, M
|poke|p2|Manaphy
|poke|p2|Mamoswine, M
|rule|Swagger Clause: Swagger is banned
|rule|Baton Pass Clause: Limit one PokÃ©mon knowing Baton Pass
|rule|Sleep Clause Mod: Limit one foe put to sleep
|rule|Species Clause: Limit one of each PokÃ©mon
|rule|OHKO Clause: OHKO moves are banned
|rule|Moody Clause: Moody is banned
|rule|Evasion Moves Clause: Evasion moves are banned
|rule|Endless Battle Clause: Forcing endless battles is banned
|rule|HP Percentage Mod: HP is shown in percentages
|teampreview
|
|start
|switch|p1a: ActuallyArcheops|Aerodactyl, M|301\/301
|switch|p2a: Metagross|Metagross|301\/301
|-ability|p1a: ActuallyArcheops|Pressure
|turn|1
|
|detailschange|p2a: Metagross|Metagross-Mega
|-mega|p2a: Metagross|Metagross|Metagrossite
|move|p1a: ActuallyArcheops|Stealth Rock|p2a: Metagross
|-sidestart|p2: h. zimmer|move: Stealth Rock
|move|p2a: Metagross|Meteor Mash|p1a: ActuallyArcheops
|-supereffective|p1a: ActuallyArcheops
|-enditem|p1a: ActuallyArcheops|Focus Sash
|-damage|p1a: ActuallyArcheops|1\/301
|
|turn|2
|
|move|p2a: Metagross|Bullet Punch|p1a: ActuallyArcheops
|-supereffective|p1a: ActuallyArcheops
|-damage|p1a: ActuallyArcheops|0 fnt
|faint|p1a: ActuallyArcheops
|
|
|switch|p1a: Gyaratwo|Gyarados, M|331\/331
|-ability|p1a: Gyaratwo|Intimidate|[of] p2a: Metagross
|-unboost|p2a: Metagross|atk|1
|turn|3
|
|switch|p2a: Latios|Latios, M|301\/301
|-damage|p2a: Latios|264\/301|[from] Stealth Rock
|detailschange|p1a: Gyaratwo|Gyarados-Mega, M
|-mega|p1a: Gyaratwo|Gyarados|Gyaradosite
|-ability|p1a: Gyaratwo|Mold Breaker
|move|p1a: Gyaratwo|Crunch|p2a: Latios
|-supereffective|p2a: Latios
|-damage|p2a: Latios|0 fnt
|faint|p2a: Latios
|
|
|switch|p2a: Breloom|Breloom, F|261\/261
|-damage|p2a: Breloom|245\/261|[from] Stealth Rock
|turn|4
|
|switch|p1a: Darude-Leafstorm|Serperior, F|291\/291
|move|p2a: Breloom|Rock Tomb|p1a: Darude-Leafstorm
|-damage|p1a: Darude-Leafstorm|183\/291
|-boost|p1a: Darude-Leafstorm|spe|1
|
|turn|5
|
|move|p2a: Breloom|Mach Punch|p1a: Darude-Leafstorm
|-damage|p1a: Darude-Leafstorm|60\/291
|move|p1a: Darude-Leafstorm|Leaf Storm|p2a: Breloom
|-resisted|p2a: Breloom
|-damage|p2a: Breloom|115\/261
|-boost|p1a: Darude-Leafstorm|spa|2
|
|turn|6
|
|switch|p1a: SecretCharizard|Talonflame, F|320\/320
|move|p2a: Breloom|Mach Punch|p1a: SecretCharizard
|-resisted|p1a: SecretCharizard
|-damage|p1a: SecretCharizard|247\/320
|
|-heal|p1a: SecretCharizard|267\/320|[from] item: Leftovers
|turn|7
|
|move|p1a: SecretCharizard|Brave Bird|p2a: Breloom
|-supereffective|p2a: Breloom
|-damage|p2a: Breloom|0 fnt
|-damage|p1a: SecretCharizard|229\/320|[from] recoil|[of] p2a: Breloom
|faint|p2a: Breloom
|
|-heal|p1a: SecretCharizard|249\/320|[from] item: Leftovers
|
|switch|p2a: Manaphy|Manaphy|341\/341
|-damage|p2a: Manaphy|299\/341|[from] Stealth Rock
|turn|8
|
|move|p1a: SecretCharizard|Swords Dance|p1a: SecretCharizard
|-boost|p1a: SecretCharizard|atk|2
|move|p2a: Manaphy|Scald|p1a: SecretCharizard
|-supereffective|p1a: SecretCharizard
|-damage|p1a: SecretCharizard|0 fnt
|faint|p1a: SecretCharizard
|
|-heal|p2a: Manaphy|320\/341|[from] item: Leftovers
|
|switch|p1a: Darude-Leafstorm|Serperior, F|60\/291
|turn|9
|
|switch|p2a: Metagross|Metagross-Mega|301\/301
|-damage|p2a: Metagross|283\/301|[from] Stealth Rock
|move|p1a: Darude-Leafstorm|Leaf Storm|p2a: Metagross
|-resisted|p2a: Metagross
|-damage|p2a: Metagross|205\/301
|-boost|p1a: Darude-Leafstorm|spa|2
|
|turn|10
|
|switch|p1a: GenderBenderLatios|Latias, F|301\/301
|move|p2a: Metagross|Earthquake|p1a: GenderBenderLatios
|-immune|p1a: GenderBenderLatios|[msg]
|
|turn|11
|
|move|p1a: GenderBenderLatios|Earthquake|p2a: Metagross
|-supereffective|p2a: Metagross
|-damage|p2a: Metagross|78\/301
|-damage|p1a: GenderBenderLatios|271\/301|[from] item: Life Orb
|move|p2a: Metagross|Meteor Mash|p1a: GenderBenderLatios
|-damage|p1a: GenderBenderLatios|0 fnt
|faint|p1a: GenderBenderLatios
|
|
|switch|p1a: I'm using sucker p|Bisharp, F|272\/272
|turn|12
|
|move|p2a: Metagross|Earthquake|p1a: I'm using sucker p
|-supereffective|p1a: I'm using sucker p
|-damage|p1a: I'm using sucker p|34\/272
|move|p1a: I'm using sucker p|Knock Off|p2a: Metagross
|-crit|p2a: Metagross
|-supereffective|p2a: Metagross
|-damage|p2a: Metagross|0 fnt
|faint|p2a: Metagross
|
|
|switch|p2a: Mamoswine|Mamoswine, M|361\/361
|-damage|p2a: Mamoswine|316\/361|[from] Stealth Rock
|turn|13
|
|move|p1a: I'm using sucker p|Sucker Punch|p2a: Mamoswine
|-crit|p2a: Mamoswine
|-damage|p2a: Mamoswine|0 fnt
|faint|p2a: Mamoswine
|
|c|âh. zimmer|>_<
|
|switch|p2a: Manaphy|Manaphy|320\/341
|-damage|p2a: Manaphy|278\/341|[from] Stealth Rock
|turn|14
|
|move|p1a: I'm using sucker p|Sucker Punch|p2a: Manaphy
|-damage|p2a: Manaphy|98\/341
|move|p2a: Manaphy|Scald|p1a: I'm using sucker p
|-damage|p1a: I'm using sucker p|0 fnt
|faint|p1a: I'm using sucker p
|
|-heal|p2a: Manaphy|119\/341|[from] item: Leftovers
|
|switch|p1a: Darude-Leafstorm|Serperior, F|60\/291
|turn|15
|
|switch|p2a: Talonflame|Talonflame, F|317\/317
|-damage|p2a: Talonflame|159\/317|[from] Stealth Rock
|move|p1a: Darude-Leafstorm|Leaf Storm|p2a: Talonflame
|-resisted|p2a: Talonflame
|-damage|p2a: Talonflame|107\/317
|-boost|p1a: Darude-Leafstorm|spa|2
|
|turn|16
|
|move|p2a: Talonflame|Brave Bird|p1a: Darude-Leafstorm
|-crit|p1a: Darude-Leafstorm
|-supereffective|p1a: Darude-Leafstorm
|-damage|p1a: Darude-Leafstorm|0 fnt
|-damage|p2a: Talonflame|87\/317|[from] recoil|[of] p1a: Darude-Leafstorm
|faint|p1a: Darude-Leafstorm
|
|
|switch|p1a: Gyaratwo|Gyarados-Mega, M|331\/331
|-ability|p1a: Gyaratwo|Mold Breaker
|turn|17
|
|move|p2a: Talonflame|Brave Bird|p1a: Gyaratwo
|-damage|p1a: Gyaratwo|147\/331
|-damage|p2a: Talonflame|26\/317|[from] recoil|[of] p1a: Gyaratwo
|move|p1a: Gyaratwo|Dragon Dance|p1a: Gyaratwo
|-boost|p1a: Gyaratwo|atk|1
|-boost|p1a: Gyaratwo|spe|1
|
|turn|18
|
|move|p2a: Talonflame|Brave Bird|p1a: Gyaratwo
|-damage|p1a: Gyaratwo|0 fnt
|-damage|p2a: Talonflame|0 fnt|[from] recoil|[of] p1a: Gyaratwo
|faint|p1a: Gyaratwo
|faint|p2a: Talonflame
|
|win|h. zimmer
|raw|Ladder updating...
|raw|N199ERDESTROYER's rating: 1424 &rarr; <strong>1406<\/strong><br \/>(-18 for losing)
|raw|h. zimmer's rating: 1457 &rarr; <strong>1475<\/strong><br \/>(+18 for winning)
|c|âh. zimmer|gg