|join|MaatMattos
|join|N199ERDESTROYER
|player|p1|MaatMattos|238
|player|p2|N199ERDESTROYER|253
|gametype|singles
|gen|6
|tier|OU
|rated
|clearpoke
|poke|p1|Manaphy
|poke|p1|Cresselia, F
|poke|p1|Landorus-Therian, M
|poke|p1|Ferrothorn, F
|poke|p1|Slowbro, M
|poke|p1|Jirachi
|poke|p2|Metagross
|poke|p2|Keldeo
|poke|p2|Garchomp, F
|poke|p2|Raikou
|poke|p2|Gengar, F
|poke|p2|Bisharp, M
|rule|Swagger Clause: Swagger is banned
|rule|Baton Pass Clause: Limit one PokÃ©mon knowing Baton Pass
|rule|Sleep Clause Mod: Limit one foe put to sleep
|rule|Species Clause: Limit one of each PokÃ©mon
|rule|OHKO Clause: OHKO moves are banned
|rule|Moody Clause: Moody is banned
|rule|Evasion Moves Clause: Evasion moves are banned
|rule|Endless Battle Clause: Forcing endless battles is banned
|rule|HP Percentage Mod: HP is shown in percentages
|teampreview
|
|start
|switch|p1a: Landorus-Therian|Landorus-Therian, M|381\/381
|switch|p2a: Garchomp|Garchomp, F|357\/357
|-ability|p1a: Landorus-Therian|Intimidate|[of] p2a: Garchomp
|-unboost|p2a: Garchomp|atk|1
|turn|1
|
|move|p2a: Garchomp|Stealth Rock|p1a: Landorus-Therian
|-sidestart|p1: MaatMattos|move: Stealth Rock
|move|p1a: Landorus-Therian|Stealth Rock|p2a: Garchomp
|-sidestart|p2: N199ERDESTROYER|move: Stealth Rock
|
|turn|2
|
|move|p2a: Garchomp|Swords Dance|p2a: Garchomp
|-boost|p2a: Garchomp|atk|2
|move|p1a: Landorus-Therian|Earthquake|p2a: Garchomp
|-damage|p2a: Garchomp|176\/357
|
|turn|3
|
|move|p2a: Garchomp|Dragon Claw|p1a: Landorus-Therian
|-damage|p1a: Landorus-Therian|201\/381
|-damage|p2a: Garchomp|117\/357|[from] item: Rocky Helmet|[of] p1a: Landorus-Therian
|move|p1a: Landorus-Therian|Earthquake|p2a: Garchomp
|-damage|p2a: Garchomp|0 fnt
|faint|p2a: Garchomp
|
|
|switch|p2a: Gengar|Gengar, F|259\/259
|-damage|p2a: Gengar|227\/259|[from] Stealth Rock
|turn|4
|
|switch|p1a: Ferrothorn|Ferrothorn, F|351\/351
|-damage|p1a: Ferrothorn|330\/351|[from] Stealth Rock
|move|p2a: Gengar|Shadow Ball|p1a: Ferrothorn
|-damage|p1a: Ferrothorn|213\/351
|-damage|p2a: Gengar|202\/259|[from] item: Life Orb
|
|-heal|p1a: Ferrothorn|234\/351|[from] item: Leftovers
|turn|5
|
|move|p2a: Gengar|Focus Blast|p1a: Ferrothorn
|-supereffective|p1a: Ferrothorn
|-damage|p1a: Ferrothorn|0 fnt
|-damage|p2a: Gengar|177\/259|[from] item: Life Orb
|faint|p1a: Ferrothorn
|
|
|switch|p1a: Cresselia|Cresselia, F|443\/443
|-damage|p1a: Cresselia|388\/443|[from] Stealth Rock
|turn|6
|
|switch|p2a: Bisharp|Bisharp, M|271\/271
|-damage|p2a: Bisharp|255\/271|[from] Stealth Rock
|move|p1a: Cresselia|Thunder Wave|p2a: Bisharp
|-status|p2a: Bisharp|par
|
|turn|7
|
|move|p1a: Cresselia|Reflect|p1a: Cresselia
|-sidestart|p1: MaatMattos|Reflect
|move|p2a: Bisharp|Swords Dance|p2a: Bisharp
|-boost|p2a: Bisharp|atk|2
|
|turn|8
|
|switch|p1a: Landorus-Therian|Landorus-Therian, M|201\/381
|-damage|p1a: Landorus-Therian|154\/381|[from] Stealth Rock
|-ability|p1a: Landorus-Therian|Intimidate|[of] p2a: Bisharp
|-unboost|p2a: Bisharp|atk|1
|-boost|p2a: Bisharp|atk|2|[from] ability: Defiant
|move|p2a: Bisharp|Knock Off|p1a: Landorus-Therian
|-damage|p1a: Landorus-Therian|0 fnt
|-damage|p2a: Bisharp|210\/271 par|[from] item: Rocky Helmet|[of] p1a: Landorus-Therian
|-enditem|p1a: Landorus-Therian|Rocky Helmet|[from] move: Knock Off|[of] p2a: Bisharp
|faint|p1a: Landorus-Therian
|
|
|switch|p1a: Manaphy|Manaphy|373\/373
|-damage|p1a: Manaphy|327\/373|[from] Stealth Rock
|turn|9
|
|move|p1a: Manaphy|Scald|p2a: Bisharp
|-damage|p2a: Bisharp|36\/271 par
|move|p2a: Bisharp|Knock Off|p1a: Manaphy
|-damage|p1a: Manaphy|60\/373
|-enditem|p1a: Manaphy|Leftovers|[from] move: Knock Off|[of] p2a: Bisharp
|
|turn|10
|
|move|p2a: Bisharp|Sucker Punch|p1a: Manaphy
|-fail|p1a: Manaphy
|move|p1a: Manaphy|Tail Glow|p1a: Manaphy
|-boost|p1a: Manaphy|spa|3
|
|turn|11
|
|cant|p2a: Bisharp|par
|move|p1a: Manaphy|Scald|p2a: Bisharp
|-damage|p2a: Bisharp|0 fnt
|faint|p2a: Bisharp
|
|c|âN199ERDESTROYER|nooooooo
|
|switch|p2a: Raikou|Raikou|321\/321
|-damage|p2a: Raikou|281\/321|[from] Stealth Rock
|-ability|p2a: Raikou|Pressure
|turn|12
|
|move|p2a: Raikou|Volt Switch|p1a: Manaphy
|-supereffective|p1a: Manaphy
|-damage|p1a: Manaphy|0 fnt
|faint|p1a: Manaphy
|
|switch|p2a: Keldeo|Keldeo|323\/323
|-damage|p2a: Keldeo|303\/323|[from] Stealth Rock
|
|
|switch|p1a: Slowbro|Slowbro, M|393\/393
|-damage|p1a: Slowbro|344\/393|[from] Stealth Rock
|turn|13
|
|detailschange|p1a: Slowbro|Slowbro-Mega, M
|-mega|p1a: Slowbro|Slowbro|Slowbronite
|move|p2a: Keldeo|Hidden Power|p1a: Slowbro
|-supereffective|p1a: Slowbro
|-damage|p1a: Slowbro|184\/393
|move|p1a: Slowbro|Calm Mind|p1a: Slowbro
|-boost|p1a: Slowbro|spa|1
|-boost|p1a: Slowbro|spd|1
|
|turn|14
|
|switch|p2a: Raikou|Raikou|281\/321
|-damage|p2a: Raikou|241\/321|[from] Stealth Rock
|-ability|p2a: Raikou|Pressure
|move|p1a: Slowbro|Rest|p1a: Slowbro
|-status|p1a: Slowbro|slp
|-heal|p1a: Slowbro|393\/393 slp|[silent]
|-status|p1a: Slowbro|slp|[from] move: Rest
|
|-sideend|p1: MaatMattos|Reflect
|turn|15
|
|move|p2a: Raikou|Thunderbolt|p1a: Slowbro
|-supereffective|p1a: Slowbro
|-damage|p1a: Slowbro|139\/393 slp
|cant|p1a: Slowbro|slp
|move|p1a: Slowbro|Sleep Talk|p1a: Slowbro
|move|p1a: Slowbro|Calm Mind|p1a: Slowbro|[from]Sleep Talk
|-boost|p1a: Slowbro|spa|1
|-boost|p1a: Slowbro|spd|1
|
|turn|16
|
|move|p2a: Raikou|Thunderbolt|p1a: Slowbro
|-supereffective|p1a: Slowbro
|-damage|p1a: Slowbro|0 fnt
|faint|p1a: Slowbro
|
|c|âN199ERDESTROYER|investing in special bulk?
|c|âMaatMattos|nah
|
|switch|p1a: Cresselia|Cresselia, F|388\/443
|-damage|p1a: Cresselia|333\/443|[from] Stealth Rock
|turn|17
|
|move|p2a: Raikou|Shadow Ball|p1a: Cresselia
|-supereffective|p1a: Cresselia
|-damage|p1a: Cresselia|229\/443
|move|p1a: Cresselia|Thunder Wave|p2a: Raikou
|-fail|p2a: Raikou
|
|turn|18
|c|âMaatMattos|o
|
|move|p2a: Raikou|Shadow Ball|p1a: Cresselia
|-supereffective|p1a: Cresselia
|-damage|p1a: Cresselia|119\/443
|-unboost|p1a: Cresselia|spd|1
|move|p1a: Cresselia|Light Screen|p1a: Cresselia
|-sidestart|p1: MaatMattos|move: Light Screen
|
|turn|19
|
|move|p2a: Raikou|Shadow Ball|p1a: Cresselia
|-supereffective|p1a: Cresselia
|-damage|p1a: Cresselia|35\/443
|move|p1a: Cresselia|Reflect|p1a: Cresselia
|-sidestart|p1: MaatMattos|Reflect
|
|turn|20
|
|move|p2a: Raikou|Hidden Power|p1a: Cresselia
|-damage|p1a: Cresselia|5\/443
|move|p1a: Cresselia|Lunar Dance|p1a: Cresselia
|faint|p1a: Cresselia
|
|
|switch|p1a: Jirachi|Jirachi|397\/397
|-heal|p1a: Jirachi|397\/397|[from] move: Lunar Dance
|-damage|p1a: Jirachi|373\/397|[from] Stealth Rock
|turn|21
|
|move|p2a: Raikou|Shadow Ball|p1a: Jirachi
|-supereffective|p1a: Jirachi
|-damage|p1a: Jirachi|290\/397
|-unboost|p1a: Jirachi|spd|1
|move|p1a: Jirachi|Power-Up Punch|p2a: Raikou
|-damage|p2a: Raikou|182\/321
|-boost|p1a: Jirachi|atk|1
|
|-heal|p1a: Jirachi|314\/397|[from] item: Leftovers
|turn|22
|
|move|p2a: Raikou|Shadow Ball|p1a: Jirachi
|-supereffective|p1a: Jirachi
|-damage|p1a: Jirachi|192\/397
|-unboost|p1a: Jirachi|spd|1
|move|p1a: Jirachi|Power-Up Punch|p2a: Raikou
|-damage|p2a: Raikou|101\/321
|-boost|p1a: Jirachi|atk|1
|
|-heal|p1a: Jirachi|216\/397|[from] item: Leftovers
|turn|23
|
|move|p2a: Raikou|Shadow Ball|p1a: Jirachi
|-supereffective|p1a: Jirachi
|-damage|p1a: Jirachi|33\/397
|move|p1a: Jirachi|Power-Up Punch|p2a: Raikou
|-damage|p2a: Raikou|0 fnt
|-boost|p1a: Jirachi|atk|1
|faint|p2a: Raikou
|
|-heal|p1a: Jirachi|57\/397|[from] item: Leftovers
|
|switch|p2a: Metagross|Metagross|301\/301
|-damage|p2a: Metagross|283\/301|[from] Stealth Rock
|turn|24
|
|detailschange|p2a: Metagross|Metagross-Mega
|-mega|p2a: Metagross|Metagross|Metagrossite
|move|p2a: Metagross|Meteor Mash|p1a: Jirachi
|-resisted|p1a: Jirachi
|-damage|p1a: Jirachi|2\/397
|move|p1a: Jirachi|Body Slam|p2a: Metagross
|-resisted|p2a: Metagross
|-damage|p2a: Metagross|206\/301
|
|-heal|p1a: Jirachi|26\/397|[from] item: Leftovers
|turn|25
|
|move|p2a: Metagross|Bullet Punch|p1a: Jirachi
|-resisted|p1a: Jirachi
|-damage|p1a: Jirachi|0 fnt
|faint|p1a: Jirachi
|
|win|N199ERDESTROYER
|raw|Ladder updating...
|c|âN199ERDESTROYER|gg
|raw|MaatMattos's rating: 1676 &rarr; <strong>1649<\/strong><br \/>(-27 for losing)
|raw|N199ERDESTROYER's rating: 1562 &rarr; <strong>1588<\/strong><br \/>(+26 for winning)
|c|âMaatMattos|ye
|leave|MaatMattos
|player|p1