|join|kianann
|join|N199ERDESTROYER
|player|p1|kianann|101
|player|p2|N199ERDESTROYER|253
|gametype|singles
|gen|6
|tier|OU
|rated
|clearpoke
|poke|p1|Politoed, M
|poke|p1|Swampert, M
|poke|p1|Kingdra, F
|poke|p1|Klefki, M
|poke|p1|Thundurus, M
|poke|p1|Breloom, F
|poke|p2|Azelf
|poke|p2|Scizor, M
|poke|p2|Diggersby, F, shiny
|poke|p2|Raikou, shiny
|poke|p2|Greninja, M
|poke|p2|Latios, M, shiny
|rule|Swagger Clause: Swagger is banned
|rule|Baton Pass Clause: Limit one PokÃ©mon knowing Baton Pass
|rule|Sleep Clause Mod: Limit one foe put to sleep
|rule|Species Clause: Limit one of each PokÃ©mon
|rule|OHKO Clause: OHKO moves are banned
|rule|Moody Clause: Moody is banned
|rule|Evasion Moves Clause: Evasion moves are banned
|rule|Endless Battle Clause: Forcing endless battles is banned
|rule|HP Percentage Mod: HP is shown in percentages
|teampreview
|
|start
|switch|p1a: Politoed|Politoed, M|383\/383
|switch|p2a: Azelf|Azelf|291\/291
|-weather|RainDance
|turn|1
|
|move|p2a: Azelf|Stealth Rock|p1a: Politoed
|-sidestart|p1: kianann|move: Stealth Rock
|move|p1a: Politoed|Encore|p2a: Azelf
|-start|p2a: Azelf|Encore
|
|-weather|RainDance|[upkeep]
|turn|2
|
|switch|p2a: Raikou|Raikou, shiny|329\/329
|-ability|p2a: Raikou|Pressure
|move|p1a: Politoed|Ice Beam|p2a: Raikou
|-damage|p2a: Raikou|261\/329
|
|-weather|RainDance|[upkeep]
|turn|3
|
|switch|p2a: Azelf|Azelf|291\/291
|switch|p1a: Swampert|Swampert, M|341\/341
|-damage|p1a: Swampert|320\/341|[from] Stealth Rock
|
|-weather|RainDance|[upkeep]
|turn|4
|
|switch|p1a: Klefki|Klefki, M|317\/317
|-damage|p1a: Klefki|298\/317|[from] Stealth Rock
|move|p2a: Azelf|Explosion|p1a: Klefki
|-resisted|p1a: Klefki
|-damage|p1a: Klefki|206\/317
|faint|p2a: Azelf
|
|-weather|RainDance|[upkeep]
|
|switch|p2a: hoes on mah bed|Diggersby, F, shiny|311\/311
|turn|5
|
|switch|p1a: Breloom|Breloom, F|264\/264
|-damage|p1a: Breloom|248\/264|[from] Stealth Rock
|move|p2a: hoes on mah bed|Earthquake|p1a: Breloom
|-resisted|p1a: Breloom
|-damage|p1a: Breloom|56\/264
|-damage|p2a: hoes on mah bed|280\/311|[from] item: Life Orb
|
|-weather|RainDance|[upkeep]
|-status|p1a: Breloom|tox|[from] item: Toxic Orb
|turn|6
|
|move|p2a: hoes on mah bed|Quick Attack|p1a: Breloom
|-damage|p1a: Breloom|0 fnt
|-damage|p2a: hoes on mah bed|249\/311|[from] item: Life Orb
|faint|p1a: Breloom
|
|-weather|RainDance|[upkeep]
|
|switch|p1a: Kingdra|Kingdra, F|291\/291
|-damage|p1a: Kingdra|255\/291|[from] Stealth Rock
|turn|7
|-message|N199ERDESTROYER forfeited.
|leave|N199ERDESTROYER
|
|win|kianann
|raw|Ladder updating...
|player|p2
|raw|kianann's rating: 1372 &rarr; <strong>1388<\/strong><br \/>(+16 for winning)
|raw|N199ERDESTROYER's rating: 1303 &rarr; <strong>1287<\/strong><br \/>(-16 for losing)