|join|Sucker Lunch
|join|N199ERDESTROYER
|player|p1|Sucker Lunch|241
|player|p2|N199ERDESTROYER|253
|gametype|singles
|gen|6
|tier|OU
|rated
|clearpoke
|poke|p1|Latios, M
|poke|p1|Rotom-Wash
|poke|p1|Pinsir, M, shiny
|poke|p1|Tentacruel, M
|poke|p1|Landorus-Therian, M
|poke|p1|Heatran, M
|poke|p2|Metagross
|poke|p2|Volcarona, M
|poke|p2|Garchomp, F
|poke|p2|Starmie
|poke|p2|Bisharp, F
|poke|p2|Talonflame, F
|rule|Swagger Clause: Swagger is banned
|rule|Baton Pass Clause: Limit one PokÃ©mon knowing Baton Pass
|rule|Sleep Clause Mod: Limit one foe put to sleep
|rule|Species Clause: Limit one of each PokÃ©mon
|rule|OHKO Clause: OHKO moves are banned
|rule|Moody Clause: Moody is banned
|rule|Evasion Moves Clause: Evasion moves are banned
|rule|Endless Battle Clause: Forcing endless battles is banned
|rule|HP Percentage Mod: HP is shown in percentages
|teampreview
|join|WhyPokemonWhy
|join|808 & Heartbreak
|join|restplayerno2
|join|Temperarious
|join|tsjrykrs
|join|Shots Are Fired
|join|dankbois
|join|manga team
|join|MewtheEnigma
|c| Shots Are Fired|bruh
|join|cosine180
|
|start
|switch|p1a: Heatran|Heatran, M|323\/323
|switch|p2a: Bisharp|Bisharp, F|271\/271
|-item|p1a: Heatran|Air Balloon
|turn|1
|leave|Shots Are Fired
|join|wrath556
|leave|cosine180
|
|move|p1a: Heatran|Fire Blast|p2a: Bisharp
|-supereffective|p2a: Bisharp
|-enditem|p2a: Bisharp|Focus Sash
|-damage|p2a: Bisharp|1\/271
|-status|p2a: Bisharp|brn
|move|p2a: Bisharp|Swords Dance|p2a: Bisharp
|-boost|p2a: Bisharp|atk|2
|
|-damage|p2a: Bisharp|0 fnt|[from] brn
|faint|p2a: Bisharp
|c| 808 & Heartbreak|nb
|c| manga team|ohhh
|join|Nenamon
|c| wrath556|poorly trained bisharp tbh
|c| tsjrykrs|didn't matter
|c| tsjrykrs|knew his spread
|c|âSucker Lunch|XD
|leave|808 & Heartbreak
|leave|restplayerno2
|leave|Nenamon
|
|switch|p2a: Starmie|Starmie|261\/261
|turn|2
|leave|MewtheEnigma
|
|switch|p1a: Latios|Latios, M|301\/301
|move|p2a: Starmie|Scald|p1a: Latios
|-resisted|p1a: Latios
|-damage|p1a: Latios|231\/301
|-damage|p2a: Starmie|235\/261|[from] item: Life Orb
|
|turn|3
|
|switch|p2a: Metagross|Metagross|301\/301
|move|p1a: Latios|Draco Meteor|p2a: Metagross
|-resisted|p2a: Metagross
|-damage|p2a: Metagross|145\/301
|-unboost|p1a: Latios|spa|2
|-damage|p1a: Latios|201\/301|[from] item: Life Orb
|
|turn|4
|
|detailschange|p2a: Metagross|Metagross-Mega
|-mega|p2a: Metagross|Metagross|Metagrossite
|move|p1a: Latios|Draco Meteor|p2a: Metagross
|-resisted|p2a: Metagross
|-damage|p2a: Metagross|74\/301
|-unboost|p1a: Latios|spa|2
|-damage|p1a: Latios|171\/301|[from] item: Life Orb
|move|p2a: Metagross|Zen Headbutt|p1a: Latios
|-resisted|p1a: Latios
|-damage|p1a: Latios|57\/301
|
|turn|5
|
|move|p1a: Latios|Draco Meteor|p2a: Metagross
|-resisted|p2a: Metagross
|-damage|p2a: Metagross|30\/301
|-unboost|p1a: Latios|spa|2
|-damage|p1a: Latios|27\/301|[from] item: Life Orb
|move|p2a: Metagross|Ice Punch|p1a: Latios
|-supereffective|p1a: Latios
|-damage|p1a: Latios|0 fnt
|faint|p1a: Latios
|
|
|switch|p1a: Sweeperella|Pinsir, M, shiny|271\/271
|turn|6
|c| WhyPokemonWhy|why would you send in meta to take all the damage
|c| wrath556|imho go ice punch, just so that pinsir cant SD
|
|detailschange|p1a: Sweeperella|Pinsir-Mega, M, shiny
|-mega|p1a: Sweeperella|Pinsir|Pinsirite
|move|p1a: Sweeperella|Quick Attack|p2a: Metagross
|-resisted|p2a: Metagross
|-damage|p2a: Metagross|0 fnt
|faint|p2a: Metagross
|
|c| WhyPokemonWhy|Funny name Sucker Lunch
|c|âSucker Lunch|It's the classic lol
|
|switch|p2a: Talonflame|Talonflame, F|297\/297
|turn|7
|
|switch|p2a: Garchomp|Garchomp, F|357\/357
|switch|p1a: Rotom-Wash|Rotom-Wash|304\/304
|
|turn|8
|
|move|p2a: Garchomp|Stealth Rock|p1a: Rotom-Wash
|-sidestart|p1: Sucker Lunch|move: Stealth Rock
|move|p1a: Rotom-Wash|Hydro Pump|p2a: Garchomp
|-damage|p2a: Garchomp|212\/357
|
|turn|9
|
|move|p2a: Garchomp|Swords Dance|p2a: Garchomp
|-boost|p2a: Garchomp|atk|2
|move|p1a: Rotom-Wash|Hydro Pump|p2a: Garchomp
|-damage|p2a: Garchomp|61\/357
|
|turn|10
|
|move|p2a: Garchomp|Dragon Claw|p1a: Rotom-Wash
|-damage|p1a: Rotom-Wash|93\/304
|move|p1a: Rotom-Wash|Will-O-Wisp|p2a: Garchomp
|-status|p2a: Garchomp|brn
|-enditem|p2a: Garchomp|Lum Berry|[eat]
|-curestatus|p2a: Garchomp|brn
|
|-heal|p1a: Rotom-Wash|112\/304|[from] item: Leftovers
|turn|11
|
|switch|p1a: Heatran|Heatran, M|323\/323
|-damage|p1a: Heatran|283\/323|[from] Stealth Rock
|-item|p1a: Heatran|Air Balloon
|move|p2a: Garchomp|Dragon Claw|p1a: Heatran
|-resisted|p1a: Heatran
|-damage|p1a: Heatran|146\/323
|-enditem|p1a: Heatran|Air Balloon
|
|turn|12
|join|ArtfulMachination
|leave|ArtfulMachination
|
|switch|p1a: Landorus-Therian|Landorus-Therian, M|319\/319
|-damage|p1a: Landorus-Therian|280\/319|[from] Stealth Rock
|-ability|p1a: Landorus-Therian|Intimidate|[of] p2a: Garchomp
|-unboost|p2a: Garchomp|atk|1
|move|p2a: Garchomp|Dragon Claw|p1a: Landorus-Therian
|-damage|p1a: Landorus-Therian|39\/319
|
|turn|13
|
|move|p1a: Landorus-Therian|U-turn|p2a: Garchomp
|-damage|p2a: Garchomp|0 fnt
|-damage|p1a: Landorus-Therian|0 fnt|[from] ability: Rough Skin|[of] p2a: Garchomp
|faint|p1a: Landorus-Therian
|faint|p2a: Garchomp
|
|
|switch|p2a: Starmie|Starmie|235\/261
|switch|p1a: Tentacruel|Tentacruel, M|357\/357
|-damage|p1a: Tentacruel|313\/357|[from] Stealth Rock
|turn|14
|
|move|p2a: Starmie|Psyshock|p1a: Tentacruel
|-supereffective|p1a: Tentacruel
|-damage|p1a: Tentacruel|6\/357
|-damage|p2a: Starmie|209\/261|[from] item: Life Orb
|move|p1a: Tentacruel|Rapid Spin|p2a: Starmie
|-damage|p2a: Starmie|197\/261
|-sideend|p1: Sucker Lunch|Stealth Rock|[from] move: Rapid Spin|[of] p1a: Tentacruel
|
|-heal|p1a: Tentacruel|28\/357|[from] item: Black Sludge
|turn|15
|
|move|p2a: Starmie|Psyshock|p1a: Tentacruel
|-supereffective|p1a: Tentacruel
|-damage|p1a: Tentacruel|0 fnt
|-damage|p2a: Starmie|171\/261|[from] item: Life Orb
|faint|p1a: Tentacruel
|
|
|switch|p1a: Sweeperella|Pinsir-Mega, M, shiny|271\/271
|turn|16
|
|move|p1a: Sweeperella|Quick Attack|p2a: Starmie
|-damage|p2a: Starmie|54\/261
|move|p2a: Starmie|Ice Beam|p1a: Sweeperella
|-supereffective|p1a: Sweeperella
|-damage|p1a: Sweeperella|8\/271
|-damage|p2a: Starmie|28\/261|[from] item: Life Orb
|
|turn|17
|
|switch|p2a: Talonflame|Talonflame, F|297\/297
|move|p1a: Sweeperella|Quick Attack|p2a: Talonflame
|-damage|p2a: Talonflame|168\/297
|
|turn|18
|
|switch|p1a: Heatran|Heatran, M|146\/323
|move|p2a: Talonflame|Brave Bird|p1a: Heatran
|-resisted|p1a: Heatran
|-damage|p1a: Heatran|52\/323
|-damage|p2a: Talonflame|137\/297|[from] recoil|[of] p1a: Heatran
|
|turn|19
|
|move|p2a: Talonflame|Brave Bird|p1a: Heatran
|-resisted|p1a: Heatran
|-damage|p1a: Heatran|0 fnt
|-damage|p2a: Talonflame|120\/297|[from] recoil|[of] p1a: Heatran
|faint|p1a: Heatran
|
|
|switch|p1a: Rotom-Wash|Rotom-Wash|112\/304
|turn|20
|
|switch|p2a: Volcarona|Volcarona, M|329\/329
|move|p1a: Rotom-Wash|Hydro Pump|p2a: Volcarona
|-supereffective|p2a: Volcarona
|-damage|p2a: Volcarona|53\/329
|
|-heal|p1a: Rotom-Wash|131\/304|[from] item: Leftovers
|turn|21
|c| WhyPokemonWhy|come on Sucker Lunch you can do it
|c|âSucker Lunch|nah my Vswitch fuked up
|
|switch|p1a: Sweeperella|Pinsir-Mega, M, shiny|8\/271
|move|p2a: Volcarona|Giga Drain|p1a: Sweeperella
|-resisted|p1a: Sweeperella
|-damage|p1a: Sweeperella|0 fnt
|-heal|p2a: Volcarona|57\/329|[from] drain|[of] p1a: Sweeperella
|faint|p1a: Sweeperella
|
|c|âN199ERDESTROYER|i almost forfeited this game
|
|switch|p1a: Rotom-Wash|Rotom-Wash|131\/304
|turn|22
|leave|tsjrykrs
|c|âN199ERDESTROYER|funny how things happen
|c|âSucker Lunch|I knew he'd switch to volc but that damn cancel button
|c|âSucker Lunch|Yeah lol
|leave|dankbois
|c| wrath556|sucker
|c| wrath556|its not a cancel button
|
|move|p2a: Volcarona|Giga Drain|p1a: Rotom-Wash
|-supereffective|p1a: Rotom-Wash
|-damage|p1a: Rotom-Wash|0 fnt
|-heal|p2a: Volcarona|123\/329|[from] drain|[of] p1a: Rotom-Wash
|faint|p1a: Rotom-Wash
|
|win|N199ERDESTROYER
|raw|Ladder updating...
|raw|Sucker Lunch's rating: 1559 &rarr; <strong>1540<\/strong><br \/>(-19 for losing)
|raw|N199ERDESTROYER's rating: 1575 &rarr; <strong>1594<\/strong><br \/>(+19 for winning)
|c|âN199ERDESTROYER|gg
|c| wrath556|it's a confirm button you've been using it wrong
|c|âSucker Lunch|GGs
|c|âSucker Lunch|XD