|join|miasmata
|join|N199ERDESTROYER
|player|p1|miasmata|169
|player|p2|N199ERDESTROYER|253
|gametype|singles
|gen|6
|tier|OU
|rated
|clearpoke
|poke|p1|Cloyster, F
|poke|p1|Landorus-Therian, M
|poke|p1|Latios, M
|poke|p1|Azumarill, F
|poke|p1|Scizor, M
|poke|p1|Tyranitar, M
|poke|p2|Metagross
|poke|p2|Keldeo-Resolute
|poke|p2|Dragonite, M
|poke|p2|Infernape, M
|poke|p2|Thundurus, M
|poke|p2|Bisharp, M
|rule|Swagger Clause: Swagger is banned
|rule|Baton Pass Clause: Limit one PokÃ©mon knowing Baton Pass
|rule|Sleep Clause Mod: Limit one foe put to sleep
|rule|Species Clause: Limit one of each PokÃ©mon
|rule|OHKO Clause: OHKO moves are banned
|rule|Moody Clause: Moody is banned
|rule|Evasion Moves Clause: Evasion moves are banned
|rule|Endless Battle Clause: Forcing endless battles is banned
|rule|HP Percentage Mod: HP is shown in percentages
|teampreview
|
|start
|switch|p1a: Landorus-Therian|Landorus-Therian, M|319\/319
|switch|p2a: Infernape|Infernape, M|293\/293
|-ability|p1a: Landorus-Therian|Intimidate|[of] p2a: Infernape
|-unboost|p2a: Infernape|atk|1
|turn|1
|
|move|p2a: Infernape|Stealth Rock|p1a: Landorus-Therian
|-sidestart|p1: miasmata|move: Stealth Rock
|move|p1a: Landorus-Therian|Stealth Rock|p2a: Infernape
|-sidestart|p2: N199ERDESTROYER|move: Stealth Rock
|
|turn|2
|
|move|p2a: Infernape|Fire Blast|p1a: Landorus-Therian
|-damage|p1a: Landorus-Therian|108\/319
|move|p1a: Landorus-Therian|Earthquake|p2a: Infernape
|-supereffective|p2a: Infernape
|-enditem|p2a: Infernape|Focus Sash
|-damage|p2a: Infernape|1\/293
|
|turn|3
|
|move|p2a: Infernape|Endeavor|p1a: Landorus-Therian
|-damage|p1a: Landorus-Therian|1\/319
|move|p1a: Landorus-Therian|Knock Off|p2a: Infernape
|-resisted|p2a: Infernape
|-damage|p2a: Infernape|0 fnt
|faint|p2a: Infernape
|
|
|switch|p2a: Metagross|Metagross|302\/302
|-damage|p2a: Metagross|284\/302|[from] Stealth Rock
|turn|4
|
|detailschange|p2a: Metagross|Metagross-Mega
|-mega|p2a: Metagross|Metagross|Metagrossite
|move|p2a: Metagross|Bullet Punch|p1a: Landorus-Therian
|-damage|p1a: Landorus-Therian|0 fnt
|faint|p1a: Landorus-Therian
|
|
|switch|p1a: Scizor|Scizor, M|281\/281
|-damage|p1a: Scizor|246\/281|[from] Stealth Rock
|turn|5
|
|switch|p2a: Keldeo-Resolute|Keldeo-Resolute|323\/323
|-damage|p2a: Keldeo-Resolute|303\/323|[from] Stealth Rock
|move|p1a: Scizor|Bug Bite|p2a: Keldeo-Resolute
|-resisted|p2a: Keldeo-Resolute
|-damage|p2a: Keldeo-Resolute|183\/323
|-damage|p1a: Scizor|218\/281|[from] item: Life Orb
|
|turn|6
|
|move|p2a: Keldeo-Resolute|Scald|p1a: Scizor
|-damage|p1a: Scizor|0 fnt
|faint|p1a: Scizor
|
|
|switch|p1a: Latios|Latios, M|364\/364
|-damage|p1a: Latios|319\/364|[from] Stealth Rock
|turn|7
|
|switch|p2a: Bisharp|Bisharp, M|272\/272
|-damage|p2a: Bisharp|255\/272|[from] Stealth Rock
|move|p1a: Latios|Reflect|p1a: Latios
|-sidestart|p1: miasmata|Reflect
|
|turn|8
|
|switch|p1a: Tyranitar|Tyranitar, M|341\/341
|-damage|p1a: Tyranitar|299\/341|[from] Stealth Rock
|-weather|Sandstorm
|move|p2a: Bisharp|Swords Dance|p2a: Bisharp
|-boost|p2a: Bisharp|atk|2
|
|-weather|Sandstorm|[upkeep]
|turn|9
|
|detailschange|p1a: Tyranitar|Tyranitar-Mega, M
|-mega|p1a: Tyranitar|Tyranitar|Tyranitarite
|move|p2a: Bisharp|Iron Head|p1a: Tyranitar
|-supereffective|p1a: Tyranitar
|-damage|p1a: Tyranitar|44\/341
|-damage|p2a: Bisharp|228\/272|[from] item: Life Orb
|move|p1a: Tyranitar|Earthquake|p2a: Bisharp
|-supereffective|p2a: Bisharp
|-damage|p2a: Bisharp|0 fnt
|faint|p2a: Bisharp
|
|-weather|Sandstorm|[upkeep]
|
|switch|p2a: Keldeo-Resolute|Keldeo-Resolute|183\/323
|-damage|p2a: Keldeo-Resolute|163\/323|[from] Stealth Rock
|turn|10
|
|move|p2a: Keldeo-Resolute|Scald|p1a: Tyranitar
|-supereffective|p1a: Tyranitar
|-damage|p1a: Tyranitar|0 fnt
|faint|p1a: Tyranitar
|
|-weather|Sandstorm|[upkeep]
|-damage|p2a: Keldeo-Resolute|143\/323|[from] sandstorm
|
|switch|p1a: Latios|Latios, M|319\/364
|-damage|p1a: Latios|274\/364|[from] Stealth Rock
|turn|11
|
|move|p1a: Latios|Safeguard|p1a: Latios
|-sidestart|p1: miasmata|Safeguard
|move|p2a: Keldeo-Resolute|Scald|p1a: Latios
|-crit|p1a: Latios
|-resisted|p1a: Latios
|-damage|p1a: Latios|120\/364
|
|-weather|Sandstorm|[upkeep]
|-damage|p1a: Latios|98\/364|[from] sandstorm
|-damage|p2a: Keldeo-Resolute|123\/323|[from] sandstorm
|turn|12
|
|move|p1a: Latios|Memento|p2a: Keldeo-Resolute
|-unboost|p2a: Keldeo-Resolute|atk|2
|-unboost|p2a: Keldeo-Resolute|spa|2
|faint|p1a: Latios
|move|p2a: Keldeo-Resolute|Scald|p1: Latios|[notarget]
|-notarget
|
|-weather|none
|
|switch|p1a: Cloyster|Cloyster, F|247\/247
|-damage|p1a: Cloyster|186\/247|[from] Stealth Rock
|turn|13
|
|move|p2a: Keldeo-Resolute|Scald|p1a: Cloyster
|-resisted|p1a: Cloyster
|-damage|p1a: Cloyster|93\/247
|move|p1a: Cloyster|Shell Smash|p1a: Cloyster
|-boost|p1a: Cloyster|atk|2
|-boost|p1a: Cloyster|spa|2
|-boost|p1a: Cloyster|spe|2
|-unboost|p1a: Cloyster|def|1
|-unboost|p1a: Cloyster|spd|1
|
|turn|14
|
|move|p1a: Cloyster|Icicle Spear|p2a: Keldeo-Resolute
|-resisted|p2a: Keldeo-Resolute
|-damage|p2a: Keldeo-Resolute|81\/323
|-resisted|p2a: Keldeo-Resolute
|-damage|p2a: Keldeo-Resolute|40\/323
|-resisted|p2a: Keldeo-Resolute
|-damage|p2a: Keldeo-Resolute|0 fnt
|-hitcount|p2a: Keldeo-Resolute|3
|faint|p2a: Keldeo-Resolute
|
|-sideend|p1: miasmata|Reflect
|
|switch|p2a: Metagross|Metagross-Mega|284\/302
|-damage|p2a: Metagross|266\/302|[from] Stealth Rock
|turn|15
|
|move|p2a: Metagross|Bullet Punch|p1a: Cloyster
|-damage|p1a: Cloyster|9\/247
|move|p1a: Cloyster|Icicle Spear|p2a: Metagross
|-resisted|p2a: Metagross
|-damage|p2a: Metagross|237\/302
|-resisted|p2a: Metagross
|-damage|p2a: Metagross|207\/302
|-resisted|p2a: Metagross
|-damage|p2a: Metagross|180\/302
|-resisted|p2a: Metagross
|-damage|p2a: Metagross|152\/302
|-resisted|p2a: Metagross
|-damage|p2a: Metagross|125\/302
|-hitcount|p2a: Metagross|5
|
|-sideend|p1: miasmata|Safeguard
|turn|16
|c|âN199ERDESTROYER|i got tons of priority
|
|move|p1a: Cloyster|Ice Shard|p2a: Metagross
|-resisted|p2a: Metagross
|-damage|p2a: Metagross|77\/302
|cant|p2a: Metagross|flinch
|
|turn|17
|c|âN199ERDESTROYER|i got shrekt
|
|move|p1a: Cloyster|Ice Shard|p2a: Metagross
|-resisted|p2a: Metagross
|-damage|p2a: Metagross|33\/302
|move|p2a: Metagross|Bullet Punch|p1a: Cloyster
|-damage|p1a: Cloyster|0 fnt
|faint|p1a: Cloyster
|
|
|switch|p1a: Azumarill|Azumarill, F|364\/364
|-damage|p1a: Azumarill|319\/364|[from] Stealth Rock
|turn|18
|
|move|p1a: Azumarill|Aqua Jet|p2a: Metagross
|-damage|p2a: Metagross|0 fnt
|faint|p2a: Metagross
|
|
|switch|p2a: Thundurus|Thundurus, M|299\/299
|-damage|p2a: Thundurus|225\/299|[from] Stealth Rock
|turn|19
|
|move|p1a: Azumarill|Aqua Jet|p2a: Thundurus
|-damage|p2a: Thundurus|99\/299
|move|p2a: Thundurus|Thunderbolt|p1a: Azumarill
|-supereffective|p1a: Azumarill
|-damage|p1a: Azumarill|0 fnt
|-damage|p2a: Thundurus|70\/299|[from] item: Life Orb
|faint|p1a: Azumarill
|
|win|N199ERDESTROYER
|raw|Ladder updating...
|raw|miasmata's rating: 1793 &rarr; <strong>1762<\/strong><br \/>(-31 for losing)
|raw|N199ERDESTROYER's rating: 1588 &rarr; <strong>1619<\/strong><br \/>(+31 for winning)
|leave|miasmata
|player|p1
|c|âN199ERDESTROYER|shrekt