|join|TwinBlade
|join|N199ERDESTROYER
|player|p1|TwinBlade|33
|player|p2|N199ERDESTROYER|253
|gametype|singles
|gen|6
|tier|OU
|rated
|clearpoke
|poke|p1|Sylveon, F
|poke|p1|Talonflame, M
|poke|p1|Rotom-Wash
|poke|p1|Scizor, F
|poke|p1|Breloom, M
|poke|p1|Dugtrio, F
|poke|p2|Lopunny, M
|poke|p2|Ferrothorn, F
|poke|p2|Landorus-Therian, M
|poke|p2|Slowbro, M
|poke|p2|Heatran, M
|poke|p2|Latias, F
|rule|Swagger Clause: Swagger is banned
|rule|Baton Pass Clause: Limit one PokÃ©mon knowing Baton Pass
|rule|Sleep Clause Mod: Limit one foe put to sleep
|rule|Species Clause: Limit one of each PokÃ©mon
|rule|OHKO Clause: OHKO moves are banned
|rule|Moody Clause: Moody is banned
|rule|Evasion Moves Clause: Evasion moves are banned
|rule|Endless Battle Clause: Forcing endless battles is banned
|rule|HP Percentage Mod: HP is shown in percentages
|teampreview
|
|start
|switch|p1a: Flux|Rotom-Wash|304\/304
|switch|p2a: Landorus-Therian|Landorus-Therian, M|381\/381
|-ability|p2a: Landorus-Therian|Intimidate|[of] p1a: Flux
|-unboost|p1a: Flux|atk|1
|turn|1
|
|switch|p2a: Ferrothorn|Ferrothorn, F|352\/352
|move|p1a: Flux|Will-O-Wisp|p2a: Ferrothorn
|-status|p2a: Ferrothorn|brn
|
|-damage|p2a: Ferrothorn|308\/352 brn|[from] brn
|turn|2
|
|switch|p1a: Red Baron|Scizor, F|343\/343
|move|p2a: Ferrothorn|Spikes|p1a: Red Baron
|-sidestart|p1: TwinBlade|Spikes
|
|-heal|p2a: Ferrothorn|330\/352 brn|[from] item: Leftovers
|-damage|p2a: Ferrothorn|286\/352 brn|[from] brn
|turn|3
|
|switch|p2a: Landorus-Therian|Landorus-Therian, M|381\/381
|-ability|p2a: Landorus-Therian|Intimidate|[of] p1a: Red Baron
|-unboost|p1a: Red Baron|atk|1
|detailschange|p1a: Red Baron|Scizor-Mega, F
|-mega|p1a: Red Baron|Scizor|Scizorite
|move|p1a: Red Baron|Defog|p2a: Landorus-Therian
|-unboost|p2a: Landorus-Therian|evasion|1
|-sideend|p1: TwinBlade|Spikes|[from] move: Defog|[of] p1a: Red Baron
|
|turn|4
|
|move|p2a: Landorus-Therian|Stealth Rock|p1a: Red Baron
|-sidestart|p1: TwinBlade|move: Stealth Rock
|move|p1a: Red Baron|U-turn|p2a: Landorus-Therian
|-resisted|p2a: Landorus-Therian
|-damage|p2a: Landorus-Therian|345\/381
|
|switch|p1a: Free1Up|Breloom, M|324\/324
|-damage|p1a: Free1Up|304\/324|[from] Stealth Rock
|
|-heal|p2a: Landorus-Therian|368\/381|[from] item: Leftovers
|-status|p1a: Free1Up|tox|[from] item: Toxic Orb
|turn|5
|
|switch|p2a: Latias|Latias, F|319\/319
|move|p1a: Free1Up|Leech Seed|p2a: Latias
|-start|p2a: Latias|move: Leech Seed
|
|-damage|p2a: Latias|280\/319|[from] Leech Seed|[of] p1a: Free1Up
|-heal|p1a: Free1Up|324\/324 tox|[silent]
|turn|6
|
|switch|p2a: Heatran|Heatran, M|324\/324
|switch|p1a: Red Baron|Scizor-Mega, F|343\/343
|-damage|p1a: Red Baron|301\/343|[from] Stealth Rock
|
|turn|7
|
|switch|p1a: Flux|Rotom-Wash|304\/304
|-damage|p1a: Flux|266\/304|[from] Stealth Rock
|move|p2a: Heatran|Lava Plume|p1a: Flux
|-resisted|p1a: Flux
|-damage|p1a: Flux|194\/304
|
|turn|8
|
|switch|p2a: Latias|Latias, F|280\/319
|move|p1a: Flux|Volt Switch|p2a: Latias
|-resisted|p2a: Latias
|-damage|p2a: Latias|245\/319
|
|switch|p1a: Noodles|Sylveon, F|392\/392
|-damage|p1a: Noodles|343\/392|[from] Stealth Rock
|
|turn|9
|
|switch|p2a: Heatran|Heatran, M|324\/324
|move|p1a: Noodles|Baton Pass|p1a: Noodles
|
|switch|p1a: Its No Use|Dugtrio, F|212\/212
|-damage|p1a: Its No Use|199\/212|[from] Stealth Rock
|
|turn|10
|
|move|p2a: Heatran|Overheat|p1a: Its No Use
|-damage|p1a: Its No Use|0 fnt
|-unboost|p2a: Heatran|spa|2
|faint|p1a: Its No Use
|
|-message|TwinBlade forfeited.
|leave|TwinBlade
|c|âN199ERDESTROYER|SURPRISE SURPRISE
|
|win|N199ERDESTROYER
|raw|Ladder updating...
|player|p1
|raw|TwinBlade's rating: 1392 &rarr; <strong>1375<\/strong><br \/>(-17 for losing)
|raw|N199ERDESTROYER's rating: 1450 &rarr; <strong>1467<\/strong><br \/>(+17 for winning)