|join|471kingofgames
|join|N199ERDESTROYER
|player|p1|471kingofgames|70
|player|p2|N199ERDESTROYER|253
|gametype|singles
|gen|6
|tier|OU
|rated
|clearpoke
|poke|p1|Charizard, M, shiny
|poke|p1|Bisharp, M, shiny
|poke|p1|Latios, M, shiny
|poke|p1|Garchomp, M, shiny
|poke|p1|Keldeo-Resolute, shiny
|poke|p1|Thundurus, M, shiny
|poke|p2|Diggersby, M
|poke|p2|Raikou
|poke|p2|Azelf
|poke|p2|Bisharp, F
|poke|p2|Slowbro, F
|poke|p2|Landorus, M
|rule|Swagger Clause: Swagger is banned
|rule|Baton Pass Clause: Limit one PokÃ©mon knowing Baton Pass
|rule|Sleep Clause Mod: Limit one foe put to sleep
|rule|Species Clause: Limit one of each PokÃ©mon
|rule|OHKO Clause: OHKO moves are banned
|rule|Moody Clause: Moody is banned
|rule|Evasion Moves Clause: Evasion moves are banned
|rule|Endless Battle Clause: Forcing endless battles is banned
|rule|HP Percentage Mod: HP is shown in percentages
|teampreview
|
|start
|switch|p1a: Charizard|Charizard, M, shiny|351\/351
|switch|p2a: Azelf|Azelf|291\/291
|turn|1
|
|detailschange|p1a: Charizard|Charizard-Mega-X, M, shiny
|-mega|p1a: Charizard|Charizard|Charizardite X
|move|p2a: Azelf|Stealth Rock|p1a: Charizard
|-sidestart|p1: 471kingofgames|move: Stealth Rock
|move|p1a: Charizard|Dragon Dance|p1a: Charizard
|-boost|p1a: Charizard|atk|1
|-boost|p1a: Charizard|spe|1
|
|turn|2
|
|move|p1a: Charizard|Dragon Claw|p2a: Azelf
|-enditem|p2a: Azelf|Focus Sash
|-damage|p2a: Azelf|1\/291
|move|p2a: Azelf|Explosion|p1a: Charizard
|-damage|p1a: Charizard|88\/351
|faint|p2a: Azelf
|
|
|switch|p2a: Diggersby|Diggersby, M|311\/311
|turn|3
|
|move|p2a: Diggersby|Quick Attack|p1a: Charizard
|-damage|p1a: Charizard|0 fnt
|-damage|p2a: Diggersby|280\/311|[from] item: Life Orb
|faint|p1a: Charizard
|
|
|switch|p1a: Keldeo-Resolute|Keldeo-Resolute, shiny|323\/323
|-damage|p1a: Keldeo-Resolute|303\/323|[from] Stealth Rock
|turn|4
|
|switch|p2a: Slowbro|Slowbro, F|394\/394
|move|p1a: Keldeo-Resolute|Icy Wind|p2a: Slowbro
|-resisted|p2a: Slowbro
|-damage|p2a: Slowbro|339\/394
|-unboost|p2a: Slowbro|spe|1
|
|turn|5
|
|switch|p1a: Bisharp|Bisharp, M, shiny|272\/272
|-damage|p1a: Bisharp|255\/272|[from] Stealth Rock
|switch|p2a: Raikou|Raikou|321\/321
|-ability|p2a: Raikou|Pressure
|
|turn|6
|
|move|p2a: Raikou|Thunderbolt|p1a: Bisharp
|-damage|p1a: Bisharp|68\/272
|move|p1a: Bisharp|Knock Off|p2a: Raikou
|-damage|p2a: Raikou|84\/321
|-enditem|p2a: Raikou|Leftovers|[from] move: Knock Off|[of] p1a: Bisharp
|
|turn|7
|
|switch|p2a: Bisharp|Bisharp, F|272\/272
|move|p1a: Bisharp|Sucker Punch|p2a: Bisharp
|-fail|p2a: Bisharp
|
|turn|8
|
|switch|p1a: Keldeo-Resolute|Keldeo-Resolute, shiny|303\/323
|-damage|p1a: Keldeo-Resolute|283\/323|[from] Stealth Rock
|move|p2a: Bisharp|Knock Off|p1a: Keldeo-Resolute
|-resisted|p1a: Keldeo-Resolute
|-damage|p1a: Keldeo-Resolute|165\/323
|-boost|p1a: Keldeo-Resolute|atk|1|[from] ability: Justified
|-enditem|p1a: Keldeo-Resolute|Choice Specs|[from] move: Knock Off|[of] p2a: Bisharp
|
|turn|9
|
|switch|p2a: Slowbro|Slowbro, F|394\/394
|move|p1a: Keldeo-Resolute|Secret Sword|p2a: Slowbro
|-resisted|p2a: Slowbro
|-damage|p2a: Slowbro|331\/394
|
|turn|10
|
|move|p1a: Keldeo-Resolute|Hidden Power|p2a: Slowbro
|-supereffective|p2a: Slowbro
|-damage|p2a: Slowbro|153\/394
|move|p2a: Slowbro|Scald|p1a: Keldeo-Resolute
|-resisted|p1a: Keldeo-Resolute
|-damage|p1a: Keldeo-Resolute|93\/323
|
|turn|11
|
|switch|p2a: Diggersby|Diggersby, M|280\/311
|move|p1a: Keldeo-Resolute|Scald|p2a: Diggersby
|-supereffective|p2a: Diggersby
|-damage|p2a: Diggersby|0 fnt
|faint|p2a: Diggersby
|
|
|switch|p2a: Raikou|Raikou|84\/321
|-ability|p2a: Raikou|Pressure
|turn|12
|
|switch|p1a: Latios|Latios, M, shiny|302\/302
|-damage|p1a: Latios|265\/302|[from] Stealth Rock
|move|p2a: Raikou|Shadow Ball|p1a: Latios
|-supereffective|p1a: Latios
|-damage|p1a: Latios|111\/302
|
|turn|13
|
|switch|p2a: Bisharp|Bisharp, F|272\/272
|move|p1a: Latios|Draco Meteor|p2a: Bisharp
|-resisted|p2a: Bisharp
|-damage|p2a: Bisharp|115\/272
|-unboost|p1a: Latios|spa|2
|
|turn|14
|
|move|p1a: Latios|Draco Meteor|p2a: Bisharp
|-resisted|p2a: Bisharp
|-damage|p2a: Bisharp|34\/272
|-unboost|p1a: Latios|spa|2
|move|p2a: Bisharp|Pursuit|p1a: Latios
|-supereffective|p1a: Latios
|-damage|p1a: Latios|0 fnt
|faint|p1a: Latios
|
|
|switch|p1a: Garchomp|Garchomp, M, shiny|357\/357
|-damage|p1a: Garchomp|335\/357|[from] Stealth Rock
|turn|15
|
|move|p2a: Bisharp|Sucker Punch|p1a: Garchomp
|-damage|p1a: Garchomp|158\/357
|-damage|p2a: Bisharp|0 fnt|[from] ability: Rough Skin|[of] p1a: Garchomp
|faint|p2a: Bisharp
|move|p1a: Garchomp|Dragon Claw|p2: Bisharp|[notarget]
|-notarget
|
|c|â471kingofgames|im watching raw
|c|â471kingofgames|now foucus
|
|switch|p2a: Slowbro|Slowbro, F|284\/394
|turn|16
|
|detailschange|p2a: Slowbro|Slowbro-Mega, F
|-mega|p2a: Slowbro|Slowbro|Slowbronite
|move|p1a: Garchomp|Earthquake|p2a: Slowbro
|-damage|p2a: Slowbro|175\/394
|move|p2a: Slowbro|Scald|p1a: Garchomp
|-damage|p1a: Garchomp|0 fnt
|faint|p1a: Garchomp
|
|
|switch|p1a: Keldeo-Resolute|Keldeo-Resolute, shiny|93\/323
|-damage|p1a: Keldeo-Resolute|73\/323|[from] Stealth Rock
|turn|17
|
|move|p1a: Keldeo-Resolute|Hidden Power|p2a: Slowbro
|-supereffective|p2a: Slowbro
|-damage|p2a: Slowbro|1\/394
|move|p2a: Slowbro|Scald|p1a: Keldeo-Resolute
|-resisted|p1a: Keldeo-Resolute
|-damage|p1a: Keldeo-Resolute|0 fnt
|faint|p1a: Keldeo-Resolute
|
|c|âN199ERDESTROYER|1
|c|âN199ERDESTROYER|h
|c|âN199ERDESTROYER|p
|
|switch|p1a: Bisharp|Bisharp, M, shiny|68\/272
|-damage|p1a: Bisharp|51\/272|[from] Stealth Rock
|turn|18
|
|move|p1a: Bisharp|Knock Off|p2a: Slowbro
|-supereffective|p2a: Slowbro
|-damage|p2a: Slowbro|0 fnt
|faint|p2a: Slowbro
|
|
|switch|p2a: Landorus|Landorus, M|319\/319
|turn|19
|
|switch|p1a: Thundurus|Thundurus, M, shiny|299\/299
|-damage|p1a: Thundurus|225\/299|[from] Stealth Rock
|move|p2a: Landorus|Rock Polish|p2a: Landorus
|-boost|p2a: Landorus|spe|2
|
|turn|20
|
|move|p2a: Landorus|Hidden Power|p1a: Thundurus
|-supereffective|p1a: Thundurus
|-damage|p1a: Thundurus|0 fnt
|-damage|p2a: Landorus|288\/319|[from] item: Life Orb
|faint|p1a: Thundurus
|
|
|switch|p1a: Bisharp|Bisharp, M, shiny|51\/272
|-damage|p1a: Bisharp|34\/272|[from] Stealth Rock
|turn|21
|
|move|p1a: Bisharp|Sucker Punch|p2a: Landorus
|-damage|p2a: Landorus|119\/319
|move|p2a: Landorus|Earth Power|p1a: Bisharp
|-supereffective|p1a: Bisharp
|-damage|p1a: Bisharp|0 fnt
|faint|p1a: Bisharp
|
|win|N199ERDESTROYER
|raw|Ladder updating...
|c|â471kingofgames|gg
|raw|471kingofgames's rating: 1450 &rarr; <strong>1434<\/strong><br \/>(-16 for losing)
|raw|N199ERDESTROYER's rating: 1524 &rarr; <strong>1539<\/strong><br \/>(+15 for winning)
|c|â471kingofgames|gg?
|c|â471kingofgames|\/\/
|c|â471kingofgames|hello
|c|â471kingofgames|wow not sportamanship
|leave|471kingofgames
|player|p1