|join|N199ERDESTROYER
|join|Richizen
|player|p1|N199ERDESTROYER|253
|player|p2|Richizen|102
|gametype|singles
|gen|6
|tier|OU
|rated
|clearpoke
|poke|p1|Sceptile, M, shiny
|poke|p1|Landorus-Therian, M, shiny
|poke|p1|Suicune, shiny
|poke|p1|Bisharp, M, shiny
|poke|p1|Latios, M, shiny
|poke|p1|Clefable, M, shiny
|poke|p2|Blastoise, M
|poke|p2|Latias, F
|poke|p2|Bisharp, M
|poke|p2|Landorus-Therian, M
|poke|p2|Ferrothorn, M
|poke|p2|Garchomp, F
|rule|Swagger Clause: Swagger is banned
|rule|Baton Pass Clause: Limit one PokÃ©mon knowing Baton Pass
|rule|Sleep Clause Mod: Limit one foe put to sleep
|rule|Species Clause: Limit one of each PokÃ©mon
|rule|OHKO Clause: OHKO moves are banned
|rule|Moody Clause: Moody is banned
|rule|Evasion Moves Clause: Evasion moves are banned
|rule|Endless Battle Clause: Forcing endless battles is banned
|rule|HP Percentage Mod: HP is shown in percentages
|teampreview
|
|start
|switch|p1a: Sceptile|Sceptile, M, shiny|281\/281
|switch|p2a: Ferrothorn|Ferrothorn, M|352\/352
|turn|1
|
|detailschange|p1a: Sceptile|Sceptile-Mega, M, shiny
|-mega|p1a: Sceptile|Sceptile|Sceptilite
|move|p1a: Sceptile|Hidden Power|p2a: Ferrothorn
|-supereffective|p2a: Ferrothorn
|-damage|p2a: Ferrothorn|84\/352
|move|p2a: Ferrothorn|Gyro Ball|p1a: Sceptile
|-damage|p1a: Sceptile|71\/281
|
|-heal|p2a: Ferrothorn|106\/352|[from] item: Leftovers
|turn|2
|
|switch|p2a: Garchomp|Garchomp, F|358\/358
|move|p1a: Sceptile|Hidden Power|p2a: Garchomp
|-resisted|p2a: Garchomp
|-damage|p2a: Garchomp|313\/358
|
|turn|3
|
|switch|p1a: Landorus-Therian|Landorus-Therian, M, shiny|382\/382
|-ability|p1a: Landorus-Therian|Intimidate|[of] p2a: Garchomp
|-unboost|p2a: Garchomp|atk|1
|move|p2a: Garchomp|Dragon Claw|p1a: Landorus-Therian
|-damage|p1a: Landorus-Therian|312\/382
|
|-heal|p1a: Landorus-Therian|335\/382|[from] item: Leftovers
|turn|4
|
|switch|p2a: Landorus-Therian|Landorus-Therian, M|382\/382
|-ability|p2a: Landorus-Therian|Intimidate|[of] p1a: Landorus-Therian
|-unboost|p1a: Landorus-Therian|atk|1
|move|p1a: Landorus-Therian|U-turn|p2a: Landorus-Therian
|-resisted|p2a: Landorus-Therian
|-damage|p2a: Landorus-Therian|359\/382
|
|switch|p1a: Suicune|Suicune, shiny|404\/404
|-ability|p1a: Suicune|Pressure
|
|-heal|p2a: Landorus-Therian|382\/382|[from] item: Leftovers
|turn|5
|
|move|p2a: Landorus-Therian|U-turn|p1a: Suicune
|-crit|p1a: Suicune
|-damage|p1a: Suicune|332\/404
|
|switch|p2a: Ferrothorn|Ferrothorn, M|106\/352
|move|p1a: Suicune|Scald|p2a: Ferrothorn
|-resisted|p2a: Ferrothorn
|-damage|p2a: Ferrothorn|73\/352
|
|-heal|p1a: Suicune|357\/404|[from] item: Leftovers
|-heal|p2a: Ferrothorn|95\/352|[from] item: Leftovers
|turn|6
|
|move|p1a: Suicune|Scald|p2a: Ferrothorn
|-resisted|p2a: Ferrothorn
|-damage|p2a: Ferrothorn|64\/352
|move|p2a: Ferrothorn|Leech Seed|p1a: Suicune
|-start|p1a: Suicune|move: Leech Seed
|
|-heal|p1a: Suicune|382\/404|[from] item: Leftovers
|-heal|p2a: Ferrothorn|86\/352|[from] item: Leftovers
|-damage|p1a: Suicune|332\/404|[from] Leech Seed|[of] p2a: Ferrothorn
|-heal|p2a: Ferrothorn|136\/352|[silent]
|turn|7
|
|switch|p1a: Bisharp|Bisharp, M, shiny|271\/271
|move|p2a: Ferrothorn|Power Whip|p1a: Bisharp
|-resisted|p1a: Bisharp
|-damage|p1a: Bisharp|203\/271
|
|-heal|p2a: Ferrothorn|158\/352|[from] item: Leftovers
|turn|8
|
|move|p1a: Bisharp|Knock Off|p2a: Ferrothorn
|-crit|p2a: Ferrothorn
|-damage|p2a: Ferrothorn|0 fnt
|-damage|p1a: Bisharp|170\/271|[from] ability: Iron Barbs|[of] p2a: Ferrothorn
|-enditem|p2a: Ferrothorn|Leftovers|[from] move: Knock Off|[of] p1a: Bisharp
|-damage|p1a: Bisharp|143\/271|[from] item: Life Orb
|faint|p2a: Ferrothorn
|
|
|switch|p2a: Blastoise|Blastoise, M|300\/300
|turn|9
|
|switch|p1a: Clefable|Clefable, M, shiny|394\/394
|detailschange|p2a: Blastoise|Blastoise-Mega, M
|-mega|p2a: Blastoise|Blastoise|Blastoisinite
|move|p2a: Blastoise|Water Pulse|p1a: Clefable
|-damage|p1a: Clefable|229\/394
|-start|p1a: Clefable|confusion
|
|-heal|p1a: Clefable|253\/394|[from] item: Leftovers
|turn|10
|
|switch|p2a: Landorus-Therian|Landorus-Therian, M|382\/382
|-ability|p2a: Landorus-Therian|Intimidate|[of] p1a: Clefable
|-unboost|p1a: Clefable|atk|1
|switch|p1a: Suicune|Suicune, shiny|332\/404
|-ability|p1a: Suicune|Pressure
|
|-heal|p1a: Suicune|357\/404|[from] item: Leftovers
|turn|11
|
|move|p2a: Landorus-Therian|Stealth Rock|p1a: Suicune
|-sidestart|p1: N199ERDESTROYER|move: Stealth Rock
|move|p1a: Suicune|Scald|p2a: Landorus-Therian
|-supereffective|p2a: Landorus-Therian
|-damage|p2a: Landorus-Therian|166\/382
|
|-heal|p2a: Landorus-Therian|189\/382|[from] item: Leftovers
|-heal|p1a: Suicune|382\/404|[from] item: Leftovers
|turn|12
|
|move|p2a: Landorus-Therian|U-turn|p1a: Suicune
|-damage|p1a: Suicune|331\/404
|
|switch|p2a: Blastoise|Blastoise-Mega, M|300\/300
|move|p1a: Suicune|Scald|p2a: Blastoise
|-crit|p2a: Blastoise
|-resisted|p2a: Blastoise
|-damage|p2a: Blastoise|245\/300
|
|-heal|p1a: Suicune|356\/404|[from] item: Leftovers
|turn|13
|
|move|p2a: Blastoise|Aura Sphere|p1a: Suicune
|-damage|p1a: Suicune|205\/404
|move|p1a: Suicune|Calm Mind|p1a: Suicune
|-boost|p1a: Suicune|spa|1
|-boost|p1a: Suicune|spd|1
|
|-heal|p1a: Suicune|230\/404|[from] item: Leftovers
|turn|14
|
|move|p2a: Blastoise|Dark Pulse|p1a: Suicune
|-damage|p1a: Suicune|134\/404
|move|p1a: Suicune|Rest|p1a: Suicune
|-status|p1a: Suicune|slp
|-heal|p1a: Suicune|404\/404 slp|[silent]
|-status|p1a: Suicune|slp|[from] move: Rest
|
|turn|15
|
|switch|p2a: Bisharp|Bisharp, M|272\/272
|cant|p1a: Suicune|slp
|move|p1a: Suicune|Sleep Talk|p1a: Suicune
|move|p1a: Suicune|Rest|p1a: Suicune|[from]Sleep Talk
|-fail|p1a: Suicune
|
|turn|16
|
|move|p2a: Bisharp|Swords Dance|p2a: Bisharp
|-boost|p2a: Bisharp|atk|2
|cant|p1a: Suicune|slp
|move|p1a: Suicune|Sleep Talk|p1a: Suicune
|move|p1a: Suicune|Rest|p1a: Suicune|[from]Sleep Talk
|-fail|p1a: Suicune
|
|turn|17
|
|move|p2a: Bisharp|Knock Off|p1a: Suicune
|-damage|p1a: Suicune|103\/404 slp
|-enditem|p1a: Suicune|Leftovers|[from] move: Knock Off|[of] p2a: Bisharp
|-curestatus|p1a: Suicune|slp
|move|p1a: Suicune|Scald|p2a: Bisharp
|-damage|p2a: Bisharp|92\/272
|
|turn|18
|
|move|p2a: Bisharp|Knock Off|p1a: Suicune
|-damage|p1a: Suicune|0 fnt
|faint|p1a: Suicune
|
|
|switch|p1a: Bisharp|Bisharp, M, shiny|143\/271
|-damage|p1a: Bisharp|127\/271|[from] Stealth Rock
|turn|19
|
|move|p2a: Bisharp|Sucker Punch|p1a: Bisharp
|-resisted|p1a: Bisharp
|-damage|p1a: Bisharp|0 fnt
|faint|p1a: Bisharp
|
|-message|N199ERDESTROYER forfeited.
|
|win|Richizen
|raw|Ladder updating...
|leave|N199ERDESTROYER
|player|p1
|raw|N199ERDESTROYER's rating: 1389 &rarr; <strong>1370<\/strong><br \/>(-19 for losing)
|raw|Richizen's rating: 1399 &rarr; <strong>1419<\/strong><br \/>(+20 for winning)