|join|kjlikoiu
|join|N199ERDESTROYER
|player|p1|kjlikoiu|121
|player|p2|N199ERDESTROYER|214
|gametype|singles
|gen|6
|tier|OU
|rated
|clearpoke
|poke|p1|Gourgeist-*, F, shiny
|poke|p1|Victini, shiny
|poke|p1|Slowbro, F, shiny
|poke|p1|Charizard, M, shiny
|poke|p1|Meloetta
|poke|p1|Thundurus-Therian, M
|poke|p2|Pinsir, F
|poke|p2|Hippowdon, F
|poke|p2|Latios, M
|poke|p2|Manaphy
|poke|p2|Aegislash, F
|poke|p2|Thundurus, M
|rule|Sleep Clause Mod: Limit one foe put to sleep
|rule|Species Clause: Limit one of each Pokemon
|rule|OHKO Clause: OHKO moves are banned
|rule|Moody Clause: Moody is banned
|rule|Evasion Moves Clause: Evasion moves are banned
|rule|Endless Battle Clause: Forcing endless battles is banned.
|rule|HP Percentage Mod: HP is reported as percentages
|teampreview
|
|start
|switch|p1a: STRENGTF|Gourgeist-Super, F, shiny|373\/373
|switch|p2a: Thundurus|Thundurus, M|299\/299
|-item|p2a: Thundurus|Leftovers|[from] ability: Frisk|[of] p1a: STRENGTF|[identify]
|turn|1
|
|move|p1a: STRENGTF|Protect|p1a: STRENGTF
|-singleturn|p1a: STRENGTF|Protect
|move|p2a: Thundurus|Nasty Plot|p2a: Thundurus
|-boost|p2a: Thundurus|spa|2
|
|turn|2
|
|move|p2a: Thundurus|Hidden Power|p1a: STRENGTF
|-supereffective|p1a: STRENGTF
|-damage|p1a: STRENGTF|15\/373
|move|p1a: STRENGTF|Leech Seed|p2a: Thundurus
|-start|p2a: Thundurus|move: Leech Seed
|
|-heal|p1a: STRENGTF|38\/373|[from] item: Leftovers
|-damage|p2a: Thundurus|262\/299|[from] Leech Seed|[of] p1a: STRENGTF
|-heal|p1a: STRENGTF|75\/373|[silent]
|turn|3
|
|move|p2a: Thundurus|Nasty Plot|p2a: Thundurus
|-boost|p2a: Thundurus|spa|2
|move|p1a: STRENGTF|Will-O-Wisp|p2a: Thundurus
|-status|p2a: Thundurus|brn
|
|-heal|p2a: Thundurus|280\/299 brn|[from] item: Leftovers
|-heal|p1a: STRENGTF|98\/373|[from] item: Leftovers
|-damage|p2a: Thundurus|243\/299 brn|[from] Leech Seed|[of] p1a: STRENGTF
|-heal|p1a: STRENGTF|135\/373|[silent]
|-damage|p2a: Thundurus|206\/299 brn|[from] brn
|turn|4
|
|move|p1a: STRENGTF|Protect|p1a: STRENGTF
|-singleturn|p1a: STRENGTF|Protect
|move|p2a: Thundurus|Nasty Plot|p2a: Thundurus
|-boost|p2a: Thundurus|spa|2
|
|-heal|p2a: Thundurus|224\/299 brn|[from] item: Leftovers
|-heal|p1a: STRENGTF|158\/373|[from] item: Leftovers
|-damage|p2a: Thundurus|187\/299 brn|[from] Leech Seed|[of] p1a: STRENGTF
|-heal|p1a: STRENGTF|195\/373|[silent]
|-damage|p2a: Thundurus|150\/299 brn|[from] brn
|turn|5
|
|switch|p1a: Meloetta|Meloetta|351\/351
|move|p2a: Thundurus|Thunderbolt|p1a: Meloetta
|-damage|p1a: Meloetta|0 fnt
|faint|p1a: Meloetta
|
|-heal|p2a: Thundurus|168\/299 brn|[from] item: Leftovers
|-damage|p2a: Thundurus|131\/299 brn|[from] brn
|chat|N199ERDESTROYER|das right
|
|switch|p1a: Thundurus-Therian|Thundurus-Therian, M|300\/300
|turn|6
|chat|kjlikoiu|lol
|chat|kjlikoiu|had the wrong investments
|chat|kjlikoiu|thout special d
|chat|kjlikoiu|when reg d
|chat|kjlikoiu|X_X
|
|move|p1a: Thundurus-Therian|Volt Switch|p2a: Thundurus
|-damage|p2a: Thundurus|0 fnt
|faint|p2a: Thundurus
|
|switch|p1a: Victini|Victini, shiny|341\/341
|
|
|switch|p2a: Hippowdon|Hippowdon, F|420\/420
|-weather|Sandstorm
|turn|7
|
|move|p1a: Victini|U-turn|p2a: Hippowdon
|-damage|p2a: Hippowdon|366\/420
|
|switch|p1a: Slowbro|Slowbro, F, shiny|394\/394
|move|p2a: Hippowdon|Stealth Rock|p1a: Slowbro
|-sidestart|p1: kjlikoiu|move: Stealth Rock
|
|-weather|Sandstorm|[upkeep]
|-damage|p1a: Slowbro|370\/394|[from] sandstorm
|-heal|p2a: Hippowdon|392\/420|[from] item: Leftovers
|-heal|p1a: Slowbro|394\/394|[from] item: Leftovers
|turn|8
|
|switch|p2a: Aegislash|Aegislash, F|324\/324
|move|p1a: Slowbro|Scald|p2a: Aegislash
|-damage|p2a: Aegislash|261\/324
|
|-weather|Sandstorm|[upkeep]
|-damage|p1a: Slowbro|370\/394|[from] sandstorm
|-heal|p2a: Aegislash|281\/324|[from] item: Leftovers
|-heal|p1a: Slowbro|394\/394|[from] item: Leftovers
|turn|9
|
|-formechange|p2a: Aegislash|Aegislash-Blade
|move|p2a: Aegislash|Shadow Ball|p1a: Slowbro
|-supereffective|p1a: Slowbro
|-damage|p1a: Slowbro|0 fnt
|faint|p1a: Slowbro
|
|-weather|Sandstorm|[upkeep]
|-heal|p2a: Aegislash|301\/324|[from] item: Leftovers
|
|switch|p1a: Charizard|Charizard, M, shiny|298\/298
|-damage|p1a: Charizard|149\/298|[from] Stealth Rock
|turn|10
|
|-formechange|p1a: Charizard|Charizard-Mega-Y
|message|Charizard has Mega Evolved into Mega Charizard!
|-weather|SunnyDay
|move|p1a: Charizard|Roost|p1a: Charizard
|-heal|p1a: Charizard|298\/298
|move|p2a: Aegislash|Shadow Ball|p1a: Charizard
|-damage|p1a: Charizard|150\/298
|
|-weather|SunnyDay|[upkeep]
|-heal|p2a: Aegislash|321\/324|[from] item: Leftovers
|turn|11
|
|switch|p2a: Hippowdon|Hippowdon, F|392\/420
|-weather|Sandstorm
|move|p1a: Charizard|Fire Blast|p2a: Hippowdon
|-damage|p2a: Hippowdon|68\/420
|
|-weather|Sandstorm|[upkeep]
|-damage|p1a: Charizard|132\/298|[from] sandstorm
|-heal|p2a: Hippowdon|94\/420|[from] item: Leftovers
|turn|12
|
|move|p1a: Charizard|Fire Blast|p2a: Hippowdon
|-damage|p2a: Hippowdon|0 fnt
|faint|p2a: Hippowdon
|
|-weather|Sandstorm|[upkeep]
|-damage|p1a: Charizard|114\/298|[from] sandstorm
|
|switch|p2a: Manaphy|Manaphy|341\/341
|turn|13
|
|move|p1a: Charizard|Air Slash|p2a: Manaphy
|-damage|p2a: Manaphy|196\/341
|move|p2a: Manaphy|Scald|p1a: Charizard
|-supereffective|p1a: Charizard
|-damage|p1a: Charizard|0 fnt
|faint|p1a: Charizard
|
|-weather|Sandstorm|[upkeep]
|-damage|p2a: Manaphy|175\/341|[from] sandstorm
|-heal|p2a: Manaphy|196\/341|[from] item: Leftovers
|
|switch|p1a: Victini|Victini, shiny|341\/341
|-damage|p1a: Victini|256\/341|[from] Stealth Rock
|turn|14
|
|move|p1a: Victini|Bolt Strike|p2a: Manaphy
|-supereffective|p2a: Manaphy
|-damage|p2a: Manaphy|0 fnt
|faint|p2a: Manaphy
|
|-weather|Sandstorm|[upkeep]
|-damage|p1a: Victini|235\/341|[from] sandstorm
|
|switch|p2a: Aegislash|Aegislash, F|321\/324
|turn|15
|
|switch|p1a: Thundurus-Therian|Thundurus-Therian, M|300\/300
|-damage|p1a: Thundurus-Therian|225\/300|[from] Stealth Rock
|-formechange|p2a: Aegislash|Aegislash-Blade
|move|p2a: Aegislash|Shadow Ball|p1a: Thundurus-Therian
|-damage|p1a: Thundurus-Therian|18\/300
|
|-weather|none
|-heal|p2a: Aegislash|324\/324|[from] item: Leftovers
|turn|16
|
|move|p2a: Aegislash|Shadow Sneak|p1a: Thundurus-Therian
|-damage|p1a: Thundurus-Therian|0 fnt
|faint|p1a: Thundurus-Therian
|
|
|switch|p1a: STRENGTF|Gourgeist-Super, F, shiny|195\/373
|-damage|p1a: STRENGTF|149\/373|[from] Stealth Rock
|-item|p2a: Aegislash|Leftovers|[from] ability: Frisk|[of] p1a: STRENGTF|[identify]
|turn|17
|
|move|p1a: STRENGTF|Substitute|p1a: STRENGTF
|-start|p1a: STRENGTF|Substitute
|-damage|p1a: STRENGTF|56\/373
|move|p2a: Aegislash|Shadow Ball|p1a: STRENGTF
|-supereffective|p1a: STRENGTF
|-end|p1a: STRENGTF|Substitute
|
|-heal|p1a: STRENGTF|79\/373|[from] item: Leftovers
|turn|18
|
|move|p2a: Aegislash|Shadow Sneak|p1a: STRENGTF
|-supereffective|p1a: STRENGTF
|-damage|p1a: STRENGTF|0 fnt
|faint|p1a: STRENGTF
|
|
|switch|p1a: Victini|Victini, shiny|235\/341
|-damage|p1a: Victini|150\/341|[from] Stealth Rock
|turn|19
|
|-formechange|p2a: Aegislash|Aegislash
|move|p2a: Aegislash|King's Shield|p2a: Aegislash
|-singleturn|p2a: Aegislash|Protect
|move|p1a: Victini|V-create|p2a: Aegislash
|-activate|p2a: Aegislash|Protect
|-unboost|p1a: Victini|atk|2
|
|turn|20
|-message|kjlikoiu forfeited.
|
|win|N199ERDESTROYER
|raw|Ladder updating...
|leave|kjlikoiu
|player|p1