|join|WECAMEASROMANS
|join|Big Brandon Carter
|player|p1|WECAMEASROMANS|169
|player|p2|Big Brandon Carter|101
|gametype|singles
|gen|6
|tier|OU
|rated
|clearpoke
|poke|p1|Excadrill, F
|poke|p1|Ferrothorn, M
|poke|p1|Hippowdon, M
|poke|p1|Garchomp, M
|poke|p1|Rotom-Wash
|poke|p1|Landorus-Therian, M
|poke|p2|Charizard, F
|poke|p2|Latios, M
|poke|p2|Bisharp, F
|poke|p2|Thundurus, M
|poke|p2|Keldeo
|poke|p2|Hippowdon, F
|rule|Swagger Clause: Swagger is banned
|rule|Baton Pass Clause: Limit one PokÃ©mon knowing Baton Pass
|rule|Sleep Clause Mod: Limit one foe put to sleep
|rule|Species Clause: Limit one of each PokÃ©mon
|rule|OHKO Clause: OHKO moves are banned
|rule|Moody Clause: Moody is banned
|rule|Evasion Moves Clause: Evasion moves are banned
|rule|Endless Battle Clause: Forcing endless battles is banned
|rule|HP Percentage Mod: HP is shown in percentages
|teampreview
|
|start
|switch|p1a: Garchomp|Garchomp, M|357\/357
|switch|p2a: Charizard|Charizard, F|298\/298
|turn|1
|
|detailschange|p1a: Garchomp|Garchomp-Mega, M
|-mega|p1a: Garchomp|Garchomp|Garchompite
|detailschange|p2a: Charizard|Charizard-Mega-Y, F
|-mega|p2a: Charizard|Charizard|Charizardite Y
|-weather|SunnyDay
|move|p1a: Garchomp|Stone Edge|p2a: Charizard
|-supereffective|p2a: Charizard
|-damage|p2a: Charizard|0 fnt
|faint|p2a: Charizard
|
|-weather|SunnyDay|[upkeep]
|
|switch|p2a: Thundurus|Thundurus, M|300\/300
|turn|2
|
|switch|p1a: Ferrothorn|Ferrothorn, M|352\/352
|move|p2a: Thundurus|Focus Blast|p1a: Ferrothorn|[miss]
|-miss|p2a: Thundurus|p1a: Ferrothorn
|
|-weather|SunnyDay|[upkeep]
|turn|3
|
|move|p2a: Thundurus|Focus Blast|p1a: Ferrothorn
|-supereffective|p1a: Ferrothorn
|-damage|p1a: Ferrothorn|100\/352
|-damage|p2a: Thundurus|270\/300|[from] item: Life Orb
|move|p1a: Ferrothorn|Leech Seed|p2a: Thundurus
|-start|p2a: Thundurus|move: Leech Seed
|
|-weather|SunnyDay|[upkeep]
|-heal|p1a: Ferrothorn|122\/352|[from] item: Leftovers
|-damage|p2a: Thundurus|233\/300|[from] Leech Seed|[of] p1a: Ferrothorn
|-heal|p1a: Ferrothorn|159\/352|[silent]
|turn|4
|
|switch|p2a: Keldeo|Keldeo|323\/323
|switch|p1a: Excadrill|Excadrill, F|361\/361
|
|-weather|SunnyDay|[upkeep]
|turn|5
|
|switch|p1a: Rotom-Wash|Rotom-Wash|304\/304
|move|p2a: Keldeo|Hydro Pump|p1a: Rotom-Wash|[miss]
|-miss|p2a: Keldeo|p1a: Rotom-Wash
|
|-weather|none
|turn|6
|
|switch|p2a: Hippowdon|Hippowdon, F|420\/420
|-weather|Sandstorm
|move|p1a: Rotom-Wash|Will-O-Wisp|p2a: Hippowdon
|-status|p2a: Hippowdon|brn
|
|-weather|Sandstorm|[upkeep]
|-damage|p1a: Rotom-Wash|285\/304|[from] sandstorm
|-heal|p1a: Rotom-Wash|304\/304|[from] item: Leftovers
|-damage|p2a: Hippowdon|368\/420 brn|[from] brn
|turn|7
|
|switch|p2a: Latios|Latios, M|301\/301
|move|p1a: Rotom-Wash|Hydro Pump|p2a: Latios
|-resisted|p2a: Latios
|-damage|p2a: Latios|235\/301
|
|-weather|Sandstorm|[upkeep]
|-damage|p2a: Latios|217\/301|[from] sandstorm
|-damage|p1a: Rotom-Wash|285\/304|[from] sandstorm
|-heal|p1a: Rotom-Wash|304\/304|[from] item: Leftovers
|turn|8
|
|switch|p1a: Ferrothorn|Ferrothorn, M|159\/352
|move|p2a: Latios|Hidden Power|p1a: Ferrothorn
|-supereffective|p1a: Ferrothorn
|-damage|p1a: Ferrothorn|0 fnt
|-damage|p2a: Latios|187\/301|[from] item: Life Orb
|faint|p1a: Ferrothorn
|
|-weather|Sandstorm|[upkeep]
|-damage|p2a: Latios|169\/301|[from] sandstorm
|
|switch|p1a: Excadrill|Excadrill, F|361\/361
|turn|9
|
|switch|p2a: Hippowdon|Hippowdon, F|368\/420 brn
|move|p1a: Excadrill|Iron Head|p2a: Hippowdon
|-damage|p2a: Hippowdon|228\/420 brn
|-damage|p1a: Excadrill|325\/361|[from] item: Life Orb
|
|-weather|Sandstorm|[upkeep]
|-heal|p2a: Hippowdon|254\/420 brn|[from] item: Leftovers
|-damage|p2a: Hippowdon|202\/420 brn|[from] brn
|turn|10
|
|move|p1a: Excadrill|Earthquake|p2a: Hippowdon
|-damage|p2a: Hippowdon|11\/420 brn
|-damage|p1a: Excadrill|289\/361|[from] item: Life Orb
|move|p2a: Hippowdon|Slack Off|p2a: Hippowdon
|-heal|p2a: Hippowdon|221\/420 brn
|
|-weather|none
|-heal|p2a: Hippowdon|247\/420 brn|[from] item: Leftovers
|-damage|p2a: Hippowdon|195\/420 brn|[from] brn
|turn|11
|
|move|p1a: Excadrill|Earthquake|p2a: Hippowdon
|-damage|p2a: Hippowdon|4\/420 brn
|-damage|p1a: Excadrill|253\/361|[from] item: Life Orb
|move|p2a: Hippowdon|Stealth Rock|p1a: Excadrill
|-sidestart|p1: WECAMEASROMANS|move: Stealth Rock
|
|-heal|p2a: Hippowdon|30\/420 brn|[from] item: Leftovers
|-damage|p2a: Hippowdon|0 fnt|[from] brn
|faint|p2a: Hippowdon
|
|switch|p2a: Keldeo|Keldeo|323\/323
|turn|12
|
|switch|p1a: Rotom-Wash|Rotom-Wash|304\/304
|-damage|p1a: Rotom-Wash|266\/304|[from] Stealth Rock
|move|p2a: Keldeo|Secret Sword|p1a: Rotom-Wash
|-damage|p1a: Rotom-Wash|116\/304
|
|-heal|p1a: Rotom-Wash|135\/304|[from] item: Leftovers
|turn|13
|join|Nightsblade
|
|switch|p2a: Thundurus|Thundurus, M|233\/300
|switch|p1a: Landorus-Therian|Landorus-Therian, M|325\/325
|-damage|p1a: Landorus-Therian|285\/325|[from] Stealth Rock
|-ability|p1a: Landorus-Therian|Intimidate|[of] p2a: Thundurus
|-unboost|p2a: Thundurus|atk|1
|
|-heal|p1a: Landorus-Therian|305\/325|[from] item: Leftovers
|turn|14
|
|switch|p1a: Hippowdon|Hippowdon, M|416\/416
|-damage|p1a: Hippowdon|390\/416|[from] Stealth Rock
|-weather|Sandstorm
|move|p2a: Thundurus|Hidden Power|p1a: Hippowdon
|-supereffective|p1a: Hippowdon
|-damage|p1a: Hippowdon|174\/416
|-damage|p2a: Thundurus|203\/300|[from] item: Life Orb
|
|-weather|Sandstorm|[upkeep]
|-damage|p2a: Thundurus|185\/300|[from] sandstorm
|turn|15
|
|switch|p1a: Rotom-Wash|Rotom-Wash|135\/304
|-damage|p1a: Rotom-Wash|97\/304|[from] Stealth Rock
|move|p2a: Thundurus|Hidden Power|p1a: Rotom-Wash
|-resisted|p1a: Rotom-Wash
|-damage|p1a: Rotom-Wash|50\/304
|-damage|p2a: Thundurus|155\/300|[from] item: Life Orb
|
|-weather|Sandstorm|[upkeep]
|-damage|p2a: Thundurus|137\/300|[from] sandstorm
|-damage|p1a: Rotom-Wash|31\/304|[from] sandstorm
|-heal|p1a: Rotom-Wash|50\/304|[from] item: Leftovers
|turn|16
|c|âBig Brandon Carter|dont miss
|
|move|p2a: Thundurus|Thunderbolt|p1a: Rotom-Wash
|-damage|p1a: Rotom-Wash|0 fnt
|-damage|p2a: Thundurus|107\/300|[from] item: Life Orb
|faint|p1a: Rotom-Wash
|
|-weather|Sandstorm|[upkeep]
|-damage|p2a: Thundurus|89\/300|[from] sandstorm
|
|switch|p1a: Excadrill|Excadrill, F|253\/361
|-damage|p1a: Excadrill|242\/361|[from] Stealth Rock
|turn|17
|
|move|p1a: Excadrill|Iron Head|p2a: Thundurus
|-resisted|p2a: Thundurus
|-damage|p2a: Thundurus|0 fnt
|-damage|p1a: Excadrill|206\/361|[from] item: Life Orb
|faint|p2a: Thundurus
|
|-weather|Sandstorm|[upkeep]
|
|switch|p2a: Bisharp|Bisharp, F|271\/271
|turn|18
|
|switch|p1a: Hippowdon|Hippowdon, M|174\/416
|-damage|p1a: Hippowdon|148\/416|[from] Stealth Rock
|move|p2a: Bisharp|Knock Off|p1a: Hippowdon
|-damage|p1a: Hippowdon|36\/416
|-enditem|p1a: Hippowdon|Smooth Rock|[from] move: Knock Off|[of] p2a: Bisharp
|
|-weather|Sandstorm|[upkeep]
|turn|19
|
|move|p2a: Bisharp|Knock Off|p1a: Hippowdon
|-damage|p1a: Hippowdon|0 fnt
|faint|p1a: Hippowdon
|
|-weather|Sandstorm|[upkeep]
|
|switch|p1a: Garchomp|Garchomp-Mega, M|357\/357
|-damage|p1a: Garchomp|335\/357|[from] Stealth Rock
|turn|20
|
|move|p2a: Bisharp|Knock Off|p1a: Garchomp
|-crit|p1a: Garchomp
|-damage|p1a: Garchomp|175\/357
|move|p1a: Garchomp|Earthquake|p2a: Bisharp
|-supereffective|p2a: Bisharp
|-damage|p2a: Bisharp|0 fnt
|faint|p2a: Bisharp
|
|-weather|Sandstorm|[upkeep]
|
|switch|p2a: Latios|Latios, M|169\/301
|turn|21
|
|move|p2a: Latios|Draco Meteor|p1a: Garchomp
|-supereffective|p1a: Garchomp
|-damage|p1a: Garchomp|0 fnt
|-unboost|p2a: Latios|spa|2
|-damage|p2a: Latios|139\/301|[from] item: Life Orb
|faint|p1a: Garchomp
|
|-weather|none
|
|switch|p1a: Landorus-Therian|Landorus-Therian, M|305\/325
|-damage|p1a: Landorus-Therian|265\/325|[from] Stealth Rock
|-ability|p1a: Landorus-Therian|Intimidate|[of] p2a: Latios
|-unboost|p2a: Latios|atk|1
|turn|22
|c|âBig Brandon Carter|gg bud
|c|âBig Brandon Carter|glad its still proven whos better
|
|move|p2a: Latios|Draco Meteor|p1a: Landorus-Therian
|-damage|p1a: Landorus-Therian|69\/325
|-unboost|p2a: Latios|spa|2
|-damage|p2a: Latios|109\/301|[from] item: Life Orb
|move|p1a: Landorus-Therian|Rock Polish|p1a: Landorus-Therian
|-boost|p1a: Landorus-Therian|spe|2
|
|-heal|p1a: Landorus-Therian|89\/325|[from] item: Leftovers
|turn|23
|c|âBig Brandon Carter|o
|c|âBig Brandon Carter|inb4 i get crit
|
|move|p1a: Landorus-Therian|Swords Dance|p1a: Landorus-Therian
|-boost|p1a: Landorus-Therian|atk|2
|move|p2a: Latios|Draco Meteor|p1a: Landorus-Therian
|-crit|p1a: Landorus-Therian
|-damage|p1a: Landorus-Therian|0 fnt
|-unboost|p2a: Latios|spa|2
|-damage|p2a: Latios|79\/301|[from] item: Life Orb
|faint|p1a: Landorus-Therian
|
|
|switch|p1a: Excadrill|Excadrill, F|206\/361
|-damage|p1a: Excadrill|195\/361|[from] Stealth Rock
|turn|24
|
|move|p2a: Latios|Hidden Power|p1a: Excadrill
|-supereffective|p1a: Excadrill
|-damage|p1a: Excadrill|130\/361
|-damage|p2a: Latios|49\/301|[from] item: Life Orb
|move|p1a: Excadrill|Iron Head|p2a: Latios
|-damage|p2a: Latios|0 fnt
|-damage|p1a: Excadrill|94\/361|[from] item: Life Orb
|faint|p2a: Latios
|
|
|switch|p2a: Keldeo|Keldeo|323\/323
|turn|25
|
|move|p2a: Keldeo|Scald|p1a: Excadrill
|-supereffective|p1a: Excadrill
|-damage|p1a: Excadrill|0 fnt
|faint|p1a: Excadrill
|
|win|Big Brandon Carter
|raw|Ladder updating...
|c|âWECAMEASROMANS|gg
|raw|WECAMEASROMANS's rating: 1792 &rarr; <strong>1768<\/strong><br \/>(-24 for losing)
|raw|Big Brandon Carter's rating: 1724 &rarr; <strong>1748<\/strong><br \/>(+24 for winning)
|leave|WECAMEASROMANS
|player|p1