|join|Big Brandon Carter
|join|A Sprite fan
|player|p1|Big Brandon Carter|76
|player|p2|A Sprite fan|124
|gametype|singles
|gen|6
|tier|OU
|rated
|clearpoke
|poke|p1|Seismitoad, M
|poke|p1|Starmie
|poke|p1|Charizard, F
|poke|p1|Jirachi
|poke|p1|Skarmory, F
|poke|p1|Tyranitar, M
|poke|p2|Azelf
|poke|p2|Gallade, M
|poke|p2|Bisharp, F
|poke|p2|Manaphy
|poke|p2|Landorus-Therian, M
|poke|p2|Thundurus, M
|rule|Swagger Clause: Swagger is banned
|rule|Baton Pass Clause: Limit one PokÃ©mon knowing Baton Pass
|rule|Sleep Clause Mod: Limit one foe put to sleep
|rule|Species Clause: Limit one of each PokÃ©mon
|rule|OHKO Clause: OHKO moves are banned
|rule|Moody Clause: Moody is banned
|rule|Evasion Moves Clause: Evasion moves are banned
|rule|Endless Battle Clause: Forcing endless battles is banned
|rule|HP Percentage Mod: HP is shown in percentages
|teampreview
|
|start
|switch|p1a: Tyranitar|Tyranitar, M|341\/341
|switch|p2a: Azelf|Azelf|291\/291
|-weather|Sandstorm
|turn|1
|
|move|p1a: Tyranitar|Crunch|p2a: Azelf
|-supereffective|p2a: Azelf
|-enditem|p2a: Azelf|Focus Sash
|-damage|p2a: Azelf|1\/291
|move|p2a: Azelf|Stealth Rock|p1a: Tyranitar
|-sidestart|p1: Big Brandon Carter|move: Stealth Rock
|
|-weather|Sandstorm|[upkeep]
|-damage|p2a: Azelf|0 fnt|[from] sandstorm
|faint|p2a: Azelf
|
|switch|p2a: MUFASA DIES|Landorus-Therian, M|319\/319
|-ability|p2a: MUFASA DIES|Intimidate|[of] p1a: Tyranitar
|-unboost|p1a: Tyranitar|atk|1
|turn|2
|
|switch|p1a: Skarmory|Skarmory, F|334\/334
|-damage|p1a: Skarmory|293\/334|[from] Stealth Rock
|move|p2a: MUFASA DIES|U-turn|p1a: Skarmory
|-resisted|p1a: Skarmory
|-damage|p1a: Skarmory|280\/334
|-damage|p2a: MUFASA DIES|266\/319|[from] item: Rocky Helmet|[of] p1a: Skarmory
|
|switch|p2a: Manaphy|Manaphy|369\/369
|
|-weather|Sandstorm|[upkeep]
|-damage|p2a: Manaphy|346\/369|[from] sandstorm
|-heal|p2a: Manaphy|369\/369|[from] item: Leftovers
|turn|3
|
|move|p2a: Manaphy|Tail Glow|p2a: Manaphy
|-boost|p2a: Manaphy|spa|3
|move|p1a: Skarmory|Spikes|p2a: Manaphy
|-sidestart|p2: A Sprite fan|Spikes
|
|-weather|Sandstorm|[upkeep]
|-damage|p2a: Manaphy|346\/369|[from] sandstorm
|-heal|p2a: Manaphy|369\/369|[from] item: Leftovers
|turn|4
|
|switch|p1a: Seismitoad|Seismitoad, M|401\/401
|-damage|p1a: Seismitoad|376\/401|[from] Stealth Rock
|move|p2a: Manaphy|Ice Beam|p1a: Seismitoad
|-damage|p1a: Seismitoad|85\/401
|
|-weather|Sandstorm|[upkeep]
|-damage|p2a: Manaphy|346\/369|[from] sandstorm
|-heal|p2a: Manaphy|369\/369|[from] item: Leftovers
|-heal|p1a: Seismitoad|110\/401|[from] item: Leftovers
|turn|5
|
|move|p2a: Manaphy|Ice Beam|p1a: Seismitoad
|-damage|p1a: Seismitoad|0 fnt
|faint|p1a: Seismitoad
|
|-weather|none
|
|switch|p1a: Jirachi|Jirachi|404\/404
|-damage|p1a: Jirachi|379\/404|[from] Stealth Rock
|turn|6
|
|move|p2a: Manaphy|Rain Dance|p2a: Manaphy
|-weather|RainDance
|move|p1a: Jirachi|Body Slam|p2a: Manaphy
|-damage|p2a: Manaphy|299\/369
|-status|p2a: Manaphy|par
|
|-weather|RainDance|[upkeep]
|-heal|p1a: Jirachi|404\/404|[from] item: Leftovers
|-curestatus|p2a: Manaphy|par
|-heal|p2a: Manaphy|322\/369|[from] item: Leftovers
|turn|7
|
|move|p2a: Manaphy|Scald|p1a: Jirachi
|-damage|p1a: Jirachi|65\/404
|move|p1a: Jirachi|Body Slam|p2a: Manaphy
|-damage|p2a: Manaphy|260\/369
|
|-weather|RainDance|[upkeep]
|-heal|p2a: Manaphy|283\/369|[from] item: Leftovers
|-heal|p1a: Jirachi|90\/404|[from] item: Leftovers
|turn|8
|
|move|p2a: Manaphy|Scald|p1a: Jirachi
|-crit|p1a: Jirachi
|-damage|p1a: Jirachi|0 fnt
|faint|p1a: Jirachi
|
|-weather|RainDance|[upkeep]
|-heal|p2a: Manaphy|306\/369|[from] item: Leftovers
|
|switch|p1a: Starmie|Starmie|261\/261
|-damage|p1a: Starmie|229\/261|[from] Stealth Rock
|turn|9
|
|move|p1a: Starmie|Rapid Spin|p2a: Manaphy
|-damage|p2a: Manaphy|292\/369
|-sideend|p1: Big Brandon Carter|Stealth Rock|[from] move: Rapid Spin|[of] p1a: Starmie
|-damage|p1a: Starmie|203\/261|[from] item: Life Orb
|move|p2a: Manaphy|Scald|p1a: Starmie
|-resisted|p1a: Starmie
|-damage|p1a: Starmie|0 fnt
|faint|p1a: Starmie
|
|-weather|RainDance|[upkeep]
|-heal|p2a: Manaphy|315\/369|[from] item: Leftovers
|
|switch|p1a: Charizard|Charizard, F|298\/298
|turn|10
|
|detailschange|p1a: Charizard|Charizard-Mega-Y, F
|-mega|p1a: Charizard|Charizard|Charizardite Y
|-weather|SunnyDay
|move|p1a: Charizard|Solar Beam|p2a: Manaphy|[still]
|-prepare|p1a: Charizard|Solar Beam|p2a: Manaphy
|-anim|p1a: Charizard|Solar Beam|p2a: Manaphy
|-supereffective|p2a: Manaphy
|-damage|p2a: Manaphy|0 fnt
|faint|p2a: Manaphy
|
|-weather|SunnyDay|[upkeep]
|
|switch|p2a: Raijin|Thundurus, M|299\/299
|turn|11
|
|switch|p1a: Tyranitar|Tyranitar, M|341\/341
|-weather|Sandstorm
|move|p2a: Raijin|Thunder Wave|p1a: Tyranitar
|-status|p1a: Tyranitar|par
|
|-weather|Sandstorm|[upkeep]
|-damage|p2a: Raijin|281\/299|[from] sandstorm
|turn|12
|
|move|p2a: Raijin|Focus Blast|p1a: Tyranitar
|-supereffective|p1a: Tyranitar
|-damage|p1a: Tyranitar|0 fnt
|-damage|p2a: Raijin|252\/299|[from] item: Life Orb
|faint|p1a: Tyranitar
|
|-weather|Sandstorm|[upkeep]
|-damage|p2a: Raijin|234\/299|[from] sandstorm
|c|âA Sprite fan|gg
|
|switch|p1a: Charizard|Charizard-Mega-Y, F|298\/298
|-weather|SunnyDay
|turn|13
|c|âBig Brandon Carter|u dont ohko me with tbolt
|c|âBig Brandon Carter|but ok
|c|âBig Brandon Carter|unless ur modest and get a high roll.
|
|move|p2a: Raijin|Thunderbolt|p1a: Charizard
|-supereffective|p1a: Charizard
|-damage|p1a: Charizard|0 fnt
|-damage|p2a: Raijin|205\/299|[from] item: Life Orb
|faint|p1a: Charizard
|
|-weather|SunnyDay|[upkeep]
|-message|Big Brandon Carter forfeited.
|leave|Big Brandon Carter
|
|win|A Sprite fan
|raw|Ladder updating...
|player|p1
|raw|Big Brandon Carter's rating: 1650 &rarr; <strong>1630<\/strong><br \/>(-20 for losing)
|raw|A Sprite fan's rating: 1652 &rarr; <strong>1672<\/strong><br \/>(+20 for winning)