|join|finally
|join|Big Brandon Carter
|player|p1|finally|223
|player|p2|Big Brandon Carter|265
|gametype|doubles
|gen|6
|tier|Smogon Doubles
|rated
|clearpoke
|poke|p1|Diancie
|poke|p1|Kyurem-Black
|poke|p1|Blaziken, F
|poke|p1|Landorus-Therian, M
|poke|p1|Rotom-Wash
|poke|p1|Ferrothorn, F
|poke|p2|Hydreigon, F
|poke|p2|Kangaskhan, F, shiny
|poke|p2|Zapdos
|poke|p2|Breloom, M, shiny
|poke|p2|Suicune, shiny
|poke|p2|Metagross
|rule|Species Clause: Limit one of each PokÃ©mon
|rule|OHKO Clause: OHKO moves are banned
|rule|Moody Clause: Moody is banned
|rule|Evasion Abilities Clause: Evasion abilities are banned
|rule|Evasion Moves Clause: Evasion moves are banned
|rule|Endless Battle Clause: Forcing endless battles is banned
|rule|HP Percentage Mod: HP is shown in percentages
|teampreview
|
|start
|switch|p1a: Blaziken|Blaziken, F|301\/301
|switch|p1b: CatDog|Landorus-Therian, M|319\/319
|switch|p2a: Zapdos|Zapdos|384\/384
|switch|p2b: Breloom|Breloom, M, shiny|261\/261
|-ability|p1b: CatDog|Intimidate|[of] p2a: Zapdos
|-unboost|p2a: Zapdos|atk|1
|-ability|p1b: CatDog|Intimidate|[of] p2b: Breloom
|-unboost|p2b: Breloom|atk|1
|-ability|p2a: Zapdos|Pressure
|turn|1
|
|move|p1b: CatDog|Rock Slide|p2b: Breloom
|-miss|p1b: CatDog|p2a: Zapdos
|-miss|p1b: CatDog|p2b: Breloom
|move|p2a: Zapdos|Tailwind|p2a: Zapdos
|-sidestart|p2: Big Brandon Carter|move: Tailwind
|move|p1a: Blaziken|Overheat|p2b: Breloom
|-supereffective|p2b: Breloom
|-enditem|p2b: Breloom|Focus Sash
|-damage|p2b: Breloom|1\/261
|-unboost|p1a: Blaziken|spa|2
|-damage|p1a: Blaziken|271\/301|[from] item: Life Orb
|move|p2b: Breloom|Spore|p1b: CatDog
|-status|p1b: CatDog|slp
|
|-boost|p1a: Blaziken|spe|1|[from] ability: Speed Boost
|turn|2
|
|switch|p1b: Princess BoTTT|Diancie|241\/241
|move|p1a: Blaziken|Protect|p1a: Blaziken
|-singleturn|p1a: Blaziken|Protect
|move|p2b: Breloom|Mach Punch|p1a: Blaziken
|-activate|p1a: Blaziken|Protect
|move|p2a: Zapdos|Thunderbolt|p1a: Blaziken
|-activate|p1a: Blaziken|Protect
|
|-boost|p1a: Blaziken|spe|1|[from] ability: Speed Boost
|turn|3
|
|detailschange|p1b: Princess BoTTT|Diancie-Mega
|-mega|p1b: Princess BoTTT|Diancie|Diancite
|move|p1b: Princess BoTTT|Protect|p1b: Princess BoTTT
|-singleturn|p1b: Princess BoTTT|Protect
|move|p2b: Breloom|Mach Punch|p1a: Blaziken
|-damage|p1a: Blaziken|172\/301
|move|p2a: Zapdos|Thunderbolt|p1a: Blaziken
|-damage|p1a: Blaziken|0 fnt
|faint|p1a: Blaziken
|
|
|switch|p1a: CatDog|Landorus-Therian, M|319\/319 slp
|-ability|p1a: CatDog|Intimidate|[of] p2a: Zapdos
|-unboost|p2a: Zapdos|atk|1
|-ability|p1a: CatDog|Intimidate|[of] p2b: Breloom
|-unboost|p2b: Breloom|atk|1
|turn|4
|
|switch|p1a: Rotom-Wash|Rotom-Wash|304\/304
|move|p2a: Zapdos|Thunderbolt|p1b: Princess BoTTT
|-damage|p1b: Princess BoTTT|88\/241
|move|p2b: Breloom|Bullet Seed|p1b: Princess BoTTT
|-supereffective|p1b: Princess BoTTT
|-damage|p1b: Princess BoTTT|20\/241
|-supereffective|p1b: Princess BoTTT
|-damage|p1b: Princess BoTTT|0 fnt
|-hitcount|p1b: Princess BoTTT|2
|faint|p1b: Princess BoTTT
|
|-sideend|p2: Big Brandon Carter|move: Tailwind
|
|switch|p1b: Cerberus|Kyurem-Black|448\/448
|-ability|p1b: Cerberus|Teravolt
|turn|5
|
|move|p2a: Zapdos|Tailwind|p2a: Zapdos
|-sidestart|p2: Big Brandon Carter|move: Tailwind
|move|p1b: Cerberus|Substitute|p1b: Cerberus
|-start|p1b: Cerberus|Substitute
|-damage|p1b: Cerberus|336\/448
|move|p2b: Breloom|Spore|p1a: Rotom-Wash
|-status|p1a: Rotom-Wash|slp
|cant|p1a: Rotom-Wash|slp
|
|-heal|p1b: Cerberus|364\/448|[from] item: Leftovers
|turn|6
|
|switch|p2a: Metagross|Metagross|351\/351
|move|p1b: Cerberus|Protect|p1b: Cerberus
|-singleturn|p1b: Cerberus|Protect
|move|p2b: Breloom|Bullet Seed|p1a: Rotom-Wash
|-supereffective|p1a: Rotom-Wash
|-damage|p1a: Rotom-Wash|238\/304 slp
|-supereffective|p1a: Rotom-Wash
|-damage|p1a: Rotom-Wash|170\/304 slp
|-supereffective|p1a: Rotom-Wash
|-damage|p1a: Rotom-Wash|104\/304 slp
|-enditem|p1a: Rotom-Wash|Sitrus Berry|[eat]
|-heal|p1a: Rotom-Wash|180\/304 slp|[from] item: Sitrus Berry
|-supereffective|p1a: Rotom-Wash
|-damage|p1a: Rotom-Wash|118\/304 slp
|-supereffective|p1a: Rotom-Wash
|-damage|p1a: Rotom-Wash|58\/304 slp
|-hitcount|p1a: Rotom-Wash|5
|cant|p1a: Rotom-Wash|slp
|
|-heal|p1b: Cerberus|392\/448|[from] item: Leftovers
|turn|7
|
|switch|p1a: Ferrothorn|Ferrothorn, F|352\/352
|move|p2b: Breloom|Mach Punch|p1b: Cerberus
|-supereffective|p1b: Cerberus
|-end|p1b: Cerberus|Substitute
|move|p2a: Metagross|Meteor Mash|p1b: Cerberus
|-supereffective|p1b: Cerberus
|-damage|p1b: Cerberus|20\/448
|move|p1b: Cerberus|Earth Power|p2a: Metagross
|-crit|p2a: Metagross
|-supereffective|p2a: Metagross
|-damage|p2a: Metagross|0 fnt
|faint|p2a: Metagross
|
|-heal|p1b: Cerberus|48\/448|[from] item: Leftovers
|c|âBig Brandon Carter|dam
|
|switch|p2a: Hydreigon|Hydreigon, F|325\/325
|turn|8
|
|switch|p1a: Rotom-Wash|Rotom-Wash|58\/304 slp
|move|p1b: Cerberus|Protect|p1b: Cerberus
|-singleturn|p1b: Cerberus|Protect
|move|p2b: Breloom|Mach Punch|p1b: Cerberus
|-activate|p1b: Cerberus|Protect
|move|p2a: Hydreigon|Fire Blast|p1a: Rotom-Wash
|-resisted|p1a: Rotom-Wash
|-damage|p1a: Rotom-Wash|0 fnt
|faint|p1a: Rotom-Wash
|
|-heal|p1b: Cerberus|76\/448|[from] item: Leftovers
|-sideend|p2: Big Brandon Carter|move: Tailwind
|
|switch|p1a: CatDog|Landorus-Therian, M|319\/319 slp
|-ability|p1a: CatDog|Intimidate|[of] p2a: Hydreigon
|-unboost|p2a: Hydreigon|atk|1
|-ability|p1a: CatDog|Intimidate|[of] p2b: Breloom
|-unboost|p2b: Breloom|atk|1
|turn|9
|
|switch|p1b: Ferrothorn|Ferrothorn, F|352\/352
|move|p2b: Breloom|Mach Punch|p1b: Ferrothorn
|-supereffective|p1b: Ferrothorn
|-damage|p1b: Ferrothorn|280\/352
|-damage|p2b: Breloom|0 fnt|[from] ability: Iron Barbs|[of] p1b: Ferrothorn
|faint|p2b: Breloom
|cant|p1a: CatDog|slp
|move|p2a: Hydreigon|Dark Pulse|p1b: Ferrothorn
|-damage|p1b: Ferrothorn|153\/352
|
|
|switch|p2b: Suicune|Suicune, shiny|400\/400
|-ability|p2b: Suicune|Pressure
|turn|10
|
|move|p2a: Hydreigon|Protect|p2a: Hydreigon
|-singleturn|p2a: Hydreigon|Protect
|cant|p1a: CatDog|slp
|move|p2b: Suicune|Ice Beam|p1a: CatDog
|-supereffective|p1a: CatDog
|-damage|p1a: CatDog|0 fnt
|faint|p1a: CatDog
|move|p1b: Ferrothorn|Power Whip|p2b: Suicune|[miss]
|-miss|p1b: Ferrothorn|p2b: Suicune
|
|
|switch|p1a: Cerberus|Kyurem-Black|76\/448
|-ability|p1a: Cerberus|Teravolt
|turn|11
|
|move|p1a: Cerberus|Protect|p1a: Cerberus
|-singleturn|p1a: Cerberus|Protect
|move|p2a: Hydreigon|Dark Pulse|p1a: Cerberus
|-activate|p1a: Cerberus|Protect
|move|p2b: Suicune|Scald|p1b: Ferrothorn
|-resisted|p1b: Ferrothorn
|-damage|p1b: Ferrothorn|105\/352
|move|p1b: Ferrothorn|Thunder Wave|p2a: Hydreigon
|-status|p2a: Hydreigon|par
|
|-heal|p1a: Cerberus|104\/448|[from] item: Leftovers
|turn|12
|
|move|p1a: Cerberus|Earth Power|p2b: Suicune
|-damage|p2b: Suicune|310\/400
|move|p2b: Suicune|Ice Beam|p1a: Cerberus
|-damage|p1a: Cerberus|15\/448
|move|p2a: Hydreigon|Fire Blast|p1b: Ferrothorn
|-supereffective|p1b: Ferrothorn
|-damage|p1b: Ferrothorn|0 fnt
|faint|p1b: Ferrothorn
|
|-heal|p1a: Cerberus|43\/448|[from] item: Leftovers
|turn|13
|
|switch|p2a: Kangaskhan|Kangaskhan, F, shiny|352\/352
|move|p1a: Cerberus|Ice Beam|p2a: Kangaskhan
|-damage|p2a: Kangaskhan|153\/352
|move|p2b: Suicune|Ice Beam|p1a: Cerberus
|-damage|p1a: Cerberus|0 fnt
|faint|p1a: Cerberus
|
|win|Big Brandon Carter
|raw|Ladder updating...
|raw|finally's rating: 1529 &rarr; <strong>1503<\/strong><br \/>(-26 for losing)
|raw|Big Brandon Carter's rating: 1421 &rarr; <strong>1447<\/strong><br \/>(+26 for winning)
|leave|finally
|player|p1