|join|Big Brandon Carter
|join|Rookome
|player|p1|Big Brandon Carter|224
|player|p2|Rookome|29
|gametype|doubles
|gen|6
|tier|Smogon Doubles
|rated
|clearpoke
|poke|p1|Hydreigon, F
|poke|p1|Kangaskhan, F, shiny
|poke|p1|Zapdos
|poke|p1|Breloom, M, shiny
|poke|p1|Suicune, shiny
|poke|p1|Metagross
|poke|p2|Serperior, M, shiny
|poke|p2|Gardevoir, F
|poke|p2|Talonflame, M, shiny
|poke|p2|Crawdaunt, M
|poke|p2|Whimsicott, M
|poke|p2|Landorus, M
|rule|Species Clause: Limit one of each PokÃ©mon
|rule|OHKO Clause: OHKO moves are banned
|rule|Moody Clause: Moody is banned
|rule|Evasion Abilities Clause: Evasion abilities are banned
|rule|Evasion Moves Clause: Evasion moves are banned
|rule|Endless Battle Clause: Forcing endless battles is banned
|rule|HP Percentage Mod: HP is shown in percentages
|teampreview
|
|start
|switch|p1a: Kangaskhan|Kangaskhan, F, shiny|352\/352
|switch|p1b: Zapdos|Zapdos|384\/384
|switch|p2a: Hurbis|Serperior, M, shiny|292\/292
|switch|p2b: Handy Harold|Whimsicott, M|323\/323
|-ability|p1b: Zapdos|Pressure
|turn|1
|
|detailschange|p1a: Kangaskhan|Kangaskhan-Mega, F, shiny
|-mega|p1a: Kangaskhan|Kangaskhan|Kangaskhanite
|move|p1a: Kangaskhan|Fake Out|p2b: Handy Harold
|-damage|p2b: Handy Harold|230\/323
|-damage|p2b: Handy Harold|184\/323
|-hitcount|p2b: Handy Harold|2
|cant|p2b: Handy Harold|flinch
|move|p2a: Hurbis|Leaf Storm|p1a: Kangaskhan
|-damage|p1a: Kangaskhan|199\/352
|-boost|p2a: Hurbis|spa|2
|move|p1b: Zapdos|Tailwind|p1b: Zapdos
|-sidestart|p1: Big Brandon Carter|move: Tailwind
|
|turn|2
|
|move|p2a: Hurbis|Protect|p2a: Hurbis
|-singleturn|p2a: Hurbis|Protect
|move|p1a: Kangaskhan|Sucker Punch|p2a: Hurbis
|-fail|p2a: Hurbis
|move|p2b: Handy Harold|Tailwind|p2b: Handy Harold
|-sidestart|p2: Rookome|move: Tailwind
|move|p1b: Zapdos|Hidden Power|p2a: Hurbis
|-activate|p2a: Hurbis|Protect
|
|turn|3
|
|move|p2b: Handy Harold|Helping Hand|p2a: Hurbis
|-singleturn|p2a: Hurbis|Helping Hand|[of] p2b: Handy Harold
|move|p1a: Kangaskhan|Sucker Punch|p2a: Hurbis
|-crit|p2a: Hurbis
|-damage|p2a: Hurbis|138\/292
|-damage|p2a: Hurbis|80\/292
|-hitcount|p2a: Hurbis|2
|move|p2a: Hurbis|Leaf Storm|p1a: Kangaskhan
|-damage|p1a: Kangaskhan|0 fnt
|-boost|p2a: Hurbis|spa|2
|faint|p1a: Kangaskhan
|move|p1b: Zapdos|Hidden Power|p2a: Hurbis
|-supereffective|p2a: Hurbis
|-damage|p2a: Hurbis|0 fnt
|faint|p2a: Hurbis
|
|
|switch|p1a: Breloom|Breloom, M, shiny|261\/261
|switch|p2a: BIG MEATY CLAWS|Crawdaunt, M|268\/268
|turn|4
|
|move|p2b: Handy Harold|Helping Hand|p2a: BIG MEATY CLAWS
|-singleturn|p2a: BIG MEATY CLAWS|Helping Hand|[of] p2b: Handy Harold
|move|p1b: Zapdos|Hidden Power|p2b: Handy Harold
|-supereffective|p2b: Handy Harold
|-damage|p2b: Handy Harold|8\/323
|-enditem|p2b: Handy Harold|Sitrus Berry|[eat]
|-heal|p2b: Handy Harold|88\/323|[from] item: Sitrus Berry
|move|p1a: Breloom|Bullet Seed|p2a: BIG MEATY CLAWS
|-supereffective|p2a: BIG MEATY CLAWS
|-damage|p2a: BIG MEATY CLAWS|86\/268
|-supereffective|p2a: BIG MEATY CLAWS
|-damage|p2a: BIG MEATY CLAWS|0 fnt
|-hitcount|p2a: BIG MEATY CLAWS|2
|faint|p2a: BIG MEATY CLAWS
|
|-sideend|p1: Big Brandon Carter|move: Tailwind
|
|switch|p2a: Brave Bird|Talonflame, M, shiny|298\/298
|turn|5
|
|move|p2b: Handy Harold|Taunt|p1b: Zapdos
|-start|p1b: Zapdos|move: Taunt
|move|p2a: Brave Bird|Flare Blitz|p1a: Breloom
|-crit|p1a: Breloom
|-supereffective|p1a: Breloom
|-enditem|p1a: Breloom|Focus Sash
|-damage|p1a: Breloom|1\/261
|-damage|p2a: Brave Bird|212\/298|[from] recoil|[of] p1a: Breloom
|move|p1b: Zapdos|Thunderbolt|p2a: Brave Bird
|-supereffective|p2a: Brave Bird
|-damage|p2a: Brave Bird|0 fnt
|faint|p2a: Brave Bird
|move|p1a: Breloom|Bullet Seed|p2b: Handy Harold
|-crit|p2b: Handy Harold
|-resisted|p2b: Handy Harold
|-damage|p2b: Handy Harold|22\/323
|-resisted|p2b: Handy Harold
|-damage|p2b: Handy Harold|0 fnt
|-hitcount|p2b: Handy Harold|2
|faint|p2b: Handy Harold
|
|-sideend|p2: Rookome|move: Tailwind
|c|âBig Brandon Carter|hold on it won't take long
|
|switch|p2a: Ebowlea|Landorus, M|320\/320
|switch|p2b: Ilias|Gardevoir, F|277\/277
|-ability|p2b: Ilias|Pressure|[from] ability: Trace|[of] p1b: Zapdos
|-ability|p2b: Ilias|Pressure
|turn|6
|c|âRookome|arrogant little prick.
|
|detailschange|p2b: Ilias|Gardevoir-Mega, F
|-mega|p2b: Ilias|Gardevoir|Gardevoirite
|move|p1a: Breloom|Mach Punch|p2b: Ilias
|-resisted|p2b: Ilias
|-damage|p2b: Ilias|235\/277
|move|p2a: Ebowlea|Psychic|p1b: Zapdos
|-damage|p1b: Zapdos|184\/384
|-enditem|p1b: Zapdos|Sitrus Berry|[eat]
|-heal|p1b: Zapdos|280\/384|[from] item: Sitrus Berry
|move|p2b: Ilias|Hyper Voice|p1b: Zapdos
|-supereffective|p1a: Breloom
|-damage|p1a: Breloom|0 fnt
|-crit|p1b: Zapdos
|-damage|p1b: Zapdos|0 fnt
|faint|p1a: Breloom
|faint|p1b: Zapdos
|
|c|âBig Brandon Carter|those are song lyrics.
|c|âBig Brandon Carter|pretty sure u win with that crit though :]
|
|switch|p1a: Hydreigon|Hydreigon, F|325\/325
|switch|p1b: Suicune|Suicune, shiny|400\/400
|-ability|p1b: Suicune|Pressure
|turn|7
|
|move|p1a: Hydreigon|Protect|p1a: Hydreigon
|-singleturn|p1a: Hydreigon|Protect
|move|p2b: Ilias|Hyper Voice|p1b: Suicune
|-activate|p1a: Hydreigon|Protect
|-damage|p1b: Suicune|241\/400
|move|p2a: Ebowlea|Earth Power|p1b: Suicune
|-damage|p1b: Suicune|21\/400
|move|p1b: Suicune|Tailwind|p1b: Suicune
|-sidestart|p1: Big Brandon Carter|move: Tailwind
|
|turn|8
|c|âRookome|na, you have metagtoss
|
|move|p1a: Hydreigon|Dark Pulse|p2b: Ilias
|-damage|p2b: Ilias|135\/277
|move|p1b: Suicune|Scald|p2b: Ilias
|-damage|p2b: Ilias|57\/277
|-status|p2b: Ilias|brn
|move|p2b: Ilias|Hyper Voice|p1b: Suicune
|-supereffective|p1a: Hydreigon
|-damage|p1a: Hydreigon|0 fnt
|-damage|p1b: Suicune|0 fnt
|faint|p1a: Hydreigon
|faint|p1b: Suicune
|move|p2a: Ebowlea|Sludge Bomb|p1: Suicune|[notarget]
|-notarget
|
|-damage|p2b: Ilias|23\/277 brn|[from] brn
|c|âRookome|._>
|c|âBig Brandon Carter|oh that
|c|âBig Brandon Carter|did a lot
|c|âBig Brandon Carter|did not do a lot*
|
|switch|p1b: Metagross|Metagross|351\/351
|turn|9
|c|âRookome|Mah bae holding on 4 me
|
|move|p1b: Metagross|Protect|p1b: Metagross
|-singleturn|p1b: Metagross|Protect
|move|p2a: Ebowlea|Protect|p2a: Ebowlea
|-singleturn|p2a: Ebowlea|Protect
|move|p2b: Ilias|Shadow Ball|p1b: Metagross
|-activate|p1b: Metagross|Protect
|
|-damage|p2b: Ilias|0 fnt|[from] brn
|faint|p2b: Ilias
|turn|10
|
|move|p1b: Metagross|Zen Headbutt|p2a: Ebowlea
|-crit|p2a: Ebowlea
|-damage|p2a: Ebowlea|73\/320
|move|p2a: Ebowlea|Earth Power|p1b: Metagross
|-supereffective|p1b: Metagross
|-damage|p1b: Metagross|0 fnt
|faint|p1b: Metagross
|
|win|Rookome
|raw|Ladder updating...
|raw|Big Brandon Carter's rating: 1530 &rarr; <strong>1506<\/strong><br \/>(-24 for losing)
|raw|Rookome's rating: 1446 &rarr; <strong>1471<\/strong><br \/>(+25 for winning)
|c|âRookome|gg
|c|âBig Brandon Carter|gg
|c|âBig Brandon Carter|lol