|join|PandemoniumHeart
|join|WeThrewOutHisName
|player|p1|PandemoniumHeart|102
|player|p2|WeThrewOutHisName|170
|gametype|singles
|gen|6
|tier|OU
|rated
|clearpoke
|poke|p1|Abomasnow, M
|poke|p1|Reuniclus, F
|poke|p1|Porygon2
|poke|p1|Cofagrigus, F
|poke|p1|Conkeldurr, F
|poke|p1|Azumarill, F
|poke|p2|Slowbro, M
|poke|p2|Landorus-Therian, M
|poke|p2|Conkeldurr, F
|poke|p2|Latios, M
|poke|p2|Sylveon, F
|poke|p2|Greninja, F
|rule|Swagger Clause: Swagger is banned
|rule|Baton Pass Clause: Limit one PokÃ©mon knowing Baton Pass
|rule|Sleep Clause Mod: Limit one foe put to sleep
|rule|Species Clause: Limit one of each PokÃ©mon
|rule|OHKO Clause: OHKO moves are banned
|rule|Moody Clause: Moody is banned
|rule|Evasion Moves Clause: Evasion moves are banned
|rule|Endless Battle Clause: Forcing endless battles is banned
|rule|HP Percentage Mod: HP is shown in percentages
|teampreview
|
|start
|switch|p1a: Tetris|Porygon2|374\/374
|switch|p2a: Conkeldurr|Conkeldurr, F|414\/414
|-ability|p1a: Tetris|Guts|[from] ability: Trace|[of] p2a: Conkeldurr
|turn|1
|
|switch|p1a: Energizer|Azumarill, F|404\/404
|move|p2a: Conkeldurr|Knock Off|p1a: Energizer
|-resisted|p1a: Energizer
|-damage|p1a: Energizer|322\/404
|-enditem|p1a: Energizer|Sitrus Berry|[from] move: Knock Off|[of] p2a: Conkeldurr
|
|turn|2
|
|switch|p2a: Slowbro|Slowbro, M|394\/394
|move|p1a: Energizer|Play Rough|p2a: Slowbro
|-damage|p2a: Slowbro|253\/394
|
|turn|3
|
|switch|p1a: Perfect Cell|Reuniclus, F|424\/424
|detailschange|p2a: Slowbro|Slowbro-Mega, M
|message|Slowbro has Mega Evolved into Mega Slowbro!
|move|p2a: Slowbro|Slack Off|p2a: Slowbro
|-heal|p2a: Slowbro|394\/394
|
|turn|4
|
|move|p2a: Slowbro|Calm Mind|p2a: Slowbro
|-boost|p2a: Slowbro|spa|1
|-boost|p2a: Slowbro|spd|1
|move|p1a: Perfect Cell|Trick Room|p1a: Perfect Cell
|-fieldstart|move: Trick Room|[of] p1a: Perfect Cell
|
|turn|5
|
|move|p1a: Perfect Cell|Shadow Ball|p2a: Slowbro
|-supereffective|p2a: Slowbro
|-damage|p2a: Slowbro|191\/394
|move|p2a: Slowbro|Calm Mind|p2a: Slowbro
|-boost|p2a: Slowbro|spa|1
|-boost|p2a: Slowbro|spd|1
|
|turn|6
|
|move|p1a: Perfect Cell|Shadow Ball|p2a: Slowbro
|-supereffective|p2a: Slowbro
|-damage|p2a: Slowbro|27\/394
|move|p2a: Slowbro|Slack Off|p2a: Slowbro
|-heal|p2a: Slowbro|224\/394
|
|turn|7
|
|switch|p1a: Conkeldurr|Conkeldurr, F|414\/414
|move|p2a: Slowbro|Slack Off|p2a: Slowbro
|-heal|p2a: Slowbro|394\/394
|
|turn|8
|
|move|p2a: Slowbro|Psyshock|p1a: Conkeldurr
|-supereffective|p1a: Conkeldurr
|-damage|p1a: Conkeldurr|0 fnt
|faint|p1a: Conkeldurr
|
|-fieldend|move: Trick Room
|
|switch|p1a: Abomasnow|Abomasnow, M|322\/322
|-weather|Hail
|turn|9
|
|detailschange|p1a: Abomasnow|Abomasnow-Mega, M
|message|Abomasnow has Mega Evolved into Mega Abomasnow!
|move|p1a: Abomasnow|Giga Drain|p2a: Slowbro
|-supereffective|p2a: Slowbro
|-damage|p2a: Slowbro|214\/394
|move|p2a: Slowbro|Psyshock|p1a: Abomasnow
|-damage|p1a: Abomasnow|97\/322
|
|-weather|Hail|[upkeep]
|-damage|p2a: Slowbro|190\/394|[from] hail
|turn|10
|
|move|p2a: Slowbro|Psyshock|p1a: Abomasnow
|-damage|p1a: Abomasnow|0 fnt
|faint|p1a: Abomasnow
|
|-weather|Hail|[upkeep]
|-damage|p2a: Slowbro|166\/394|[from] hail
|
|switch|p1a: Energizer|Azumarill, F|322\/404
|turn|11
|
|move|p1a: Energizer|Play Rough|p2a: Slowbro
|-damage|p2a: Slowbro|72\/394
|-unboost|p2a: Slowbro|atk|1
|move|p2a: Slowbro|Slack Off|p2a: Slowbro
|-heal|p2a: Slowbro|269\/394
|
|-weather|Hail|[upkeep]
|-damage|p1a: Energizer|297\/404|[from] hail
|-damage|p2a: Slowbro|245\/394|[from] hail
|turn|12
|
|switch|p1a: Perfect Cell|Reuniclus, F|424\/424
|move|p2a: Slowbro|Psyshock|p1a: Perfect Cell
|-resisted|p1a: Perfect Cell
|-damage|p1a: Perfect Cell|266\/424
|
|-weather|Hail|[upkeep]
|-damage|p2a: Slowbro|221\/394|[from] hail
|turn|13
|
|move|p2a: Slowbro|Scald|p1a: Perfect Cell
|-damage|p1a: Perfect Cell|5\/424
|-status|p1a: Perfect Cell|brn
|move|p1a: Perfect Cell|Shadow Ball|p2a: Slowbro
|-supereffective|p2a: Slowbro
|-damage|p2a: Slowbro|55\/394
|
|-weather|none
|turn|14
|
|move|p2a: Slowbro|Slack Off|p2a: Slowbro
|-heal|p2a: Slowbro|252\/394
|move|p1a: Perfect Cell|Shadow Ball|p2a: Slowbro
|-supereffective|p2a: Slowbro
|-damage|p2a: Slowbro|101\/394
|-unboost|p2a: Slowbro|spd|1
|
|turn|15
|
|move|p2a: Slowbro|Scald|p1a: Perfect Cell
|-damage|p1a: Perfect Cell|0 fnt
|faint|p1a: Perfect Cell
|
|
|switch|p1a: Cofagrigus|Cofagrigus, F|300\/300
|turn|16
|
|move|p2a: Slowbro|Slack Off|p2a: Slowbro
|-heal|p2a: Slowbro|298\/394
|move|p1a: Cofagrigus|Shadow Ball|p2a: Slowbro
|-supereffective|p2a: Slowbro
|-damage|p2a: Slowbro|86\/394
|
|turn|17
|
|move|p2a: Slowbro|Scald|p1a: Cofagrigus
|-damage|p1a: Cofagrigus|89\/300
|move|p1a: Cofagrigus|Shadow Ball|p2a: Slowbro
|-supereffective|p2a: Slowbro
|-damage|p2a: Slowbro|0 fnt
|faint|p2a: Slowbro
|
|-heal|p1a: Cofagrigus|107\/300|[from] item: Leftovers
|
|switch|p2a: Conkeldurr|Conkeldurr, F|414\/414
|turn|18
|
|switch|p1a: Energizer|Azumarill, F|297\/404
|move|p2a: Conkeldurr|Knock Off|p1a: Energizer
|-resisted|p1a: Energizer
|-damage|p1a: Energizer|245\/404
|
|turn|19
|
|switch|p2a: Landorus-Therian|Landorus-Therian, M|320\/320
|-ability|p2a: Landorus-Therian|Intimidate|[of] p1a: Energizer
|-unboost|p1a: Energizer|atk|1
|move|p1a: Energizer|Waterfall|p2a: Landorus-Therian
|-supereffective|p2a: Landorus-Therian
|-damage|p2a: Landorus-Therian|54\/320
|
|turn|20
|
|move|p1a: Energizer|Aqua Jet|p2a: Landorus-Therian
|-supereffective|p2a: Landorus-Therian
|-damage|p2a: Landorus-Therian|0 fnt
|faint|p2a: Landorus-Therian
|
|
|switch|p2a: Greninja|Greninja, F|285\/285
|turn|21
|
|move|p2a: Greninja|Hidden Power|p1a: Energizer
|-start|p2a: Greninja|typechange|Grass|[from] Protean
|-supereffective|p1a: Energizer
|-damage|p1a: Energizer|0 fnt
|-damage|p2a: Greninja|257\/285|[from] item: Life Orb
|faint|p1a: Energizer
|
|
|switch|p1a: Tetris|Porygon2|374\/374
|-ability|p1a: Tetris|Protean|[from] ability: Trace|[of] p2a: Greninja
|turn|22
|
|move|p2a: Greninja|Hydro Pump|p1a: Tetris
|-start|p2a: Greninja|typechange|Water|[from] Protean
|-damage|p1a: Tetris|222\/374
|-damage|p2a: Greninja|229\/285|[from] item: Life Orb
|move|p1a: Tetris|Trick Room|p1a: Tetris
|-start|p1a: Tetris|typechange|Psychic|[from] Protean
|-fieldstart|move: Trick Room|[of] p1a: Tetris
|
|turn|23
|
|switch|p2a: Sylveon|Sylveon, F|394\/394
|move|p1a: Tetris|Thunderbolt|p2a: Sylveon
|-start|p1a: Tetris|typechange|Electric|[from] Protean
|-damage|p2a: Sylveon|294\/394
|
|-heal|p2a: Sylveon|318\/394|[from] item: Leftovers
|turn|24
|
|move|p1a: Tetris|Recover|p1a: Tetris
|-start|p1a: Tetris|typechange|Normal|[from] Protean
|-heal|p1a: Tetris|374\/374
|move|p2a: Sylveon|Toxic|p1a: Tetris
|-status|p1a: Tetris|tox
|
|-heal|p2a: Sylveon|342\/394|[from] item: Leftovers
|-damage|p1a: Tetris|351\/374 tox|[from] psn
|turn|25
|
|switch|p1a: Cofagrigus|Cofagrigus, F|107\/300
|move|p2a: Sylveon|Hyper Voice|p1a: Cofagrigus
|-damage|p1a: Cofagrigus|0 fnt
|faint|p1a: Cofagrigus
|
|-heal|p2a: Sylveon|366\/394|[from] item: Leftovers
|-message|PandemoniumHeart forfeited.
|
|win|WeThrewOutHisName
|raw|Ladder updating...
|leave|PandemoniumHeart
|player|p1
|raw|PandemoniumHeart's rating: 1109 &rarr; <strong>1084<\/strong><br \/>(-25 for losing)
|raw|WeThrewOutHisName's rating: 1108 &rarr; <strong>1133<\/strong><br \/>(+25 for winning)