|join|Raiter25
|join|PandemoniumHeart
|player|p1|Raiter25|209
|player|p2|PandemoniumHeart|266
|gametype|singles
|gen|6
|tier|OU
|rated
|clearpoke
|poke|p1|Beedrill, M
|poke|p1|Rotom-Wash
|poke|p1|Greninja, M
|poke|p1|Magnezone
|poke|p1|Latias, F
|poke|p1|Mamoswine, M
|poke|p2|Abomasnow, M
|poke|p2|Reuniclus, F
|poke|p2|Porygon2
|poke|p2|Cofagrigus, M
|poke|p2|Conkeldurr, F
|poke|p2|Azumarill, M
|rule|Swagger Clause: Swagger is banned
|rule|Baton Pass Clause: Limit one PokÃ©mon knowing Baton Pass
|rule|Sleep Clause Mod: Limit one foe put to sleep
|rule|Species Clause: Limit one of each PokÃ©mon
|rule|OHKO Clause: OHKO moves are banned
|rule|Moody Clause: Moody is banned
|rule|Evasion Moves Clause: Evasion moves are banned
|rule|Endless Battle Clause: Forcing endless battles is banned
|rule|HP Percentage Mod: HP is shown in percentages
|teampreview
|
|start
|switch|p1a: Mamoswine|Mamoswine, M|361\/361
|switch|p2a: Perfect Cell|Reuniclus, F|409\/409
|turn|1
|
|move|p1a: Mamoswine|Stealth Rock|p2a: Perfect Cell
|-sidestart|p2: PandemoniumHeart|move: Stealth Rock
|move|p2a: Perfect Cell|Trick Room|p2a: Perfect Cell
|-fieldstart|move: Trick Room|[of] p2a: Perfect Cell
|
|turn|2
|
|move|p1a: Mamoswine|Ice Shard|p2a: Perfect Cell
|-crit|p2a: Perfect Cell
|-damage|p2a: Perfect Cell|283\/409
|move|p2a: Perfect Cell|Psychic|p1a: Mamoswine
|-damage|p1a: Mamoswine|40\/361
|-unboost|p1a: Mamoswine|spd|1
|
|turn|3
|
|move|p1a: Mamoswine|Ice Shard|p2a: Perfect Cell
|-damage|p2a: Perfect Cell|193\/409
|move|p2a: Perfect Cell|Shadow Ball|p1a: Mamoswine
|-damage|p1a: Mamoswine|0 fnt
|faint|p1a: Mamoswine
|
|
|switch|p1a: Rotom-Wash|Rotom-Wash|303\/303
|turn|4
|
|move|p2a: Perfect Cell|Psychic|p1a: Rotom-Wash
|-damage|p1a: Rotom-Wash|135\/303
|move|p1a: Rotom-Wash|Will-O-Wisp|p2a: Perfect Cell
|-status|p2a: Perfect Cell|brn
|
|-heal|p1a: Rotom-Wash|153\/303|[from] item: Leftovers
|turn|5
|
|switch|p1a: Greninja|Greninja, M|285\/285
|move|p2a: Perfect Cell|Psychic|p1a: Greninja
|-immune|p1a: Greninja|[msg]
|
|-fieldend|move: Trick Room
|turn|6
|
|move|p1a: Greninja|Dark Pulse|p2a: Perfect Cell
|-start|p1a: Greninja|typechange|Dark|[from] Protean
|-supereffective|p2a: Perfect Cell
|-damage|p2a: Perfect Cell|0 fnt
|-damage|p1a: Greninja|257\/285|[from] item: Life Orb
|faint|p2a: Perfect Cell
|
|
|switch|p2a: Tetris|Porygon2|374\/374
|-damage|p2a: Tetris|328\/374|[from] Stealth Rock
|-ability|p2a: Tetris|Protean|[from] ability: Trace|[of] p1a: Greninja
|turn|7
|
|move|p1a: Greninja|Gunk Shot|p2a: Tetris
|-start|p1a: Greninja|typechange|Poison|[from] Protean
|-damage|p2a: Tetris|190\/374
|-damage|p1a: Greninja|229\/285|[from] item: Life Orb
|move|p2a: Tetris|Trick Room|p2a: Tetris
|-start|p2a: Tetris|typechange|Psychic|[from] Protean
|-fieldstart|move: Trick Room|[of] p2a: Tetris
|
|turn|8
|
|move|p2a: Tetris|Recover|p2a: Tetris
|-start|p2a: Tetris|typechange|Normal|[from] Protean
|-heal|p2a: Tetris|374\/374
|move|p1a: Greninja|Gunk Shot|p2a: Tetris
|-damage|p2a: Tetris|240\/374
|-damage|p1a: Greninja|201\/285|[from] item: Life Orb
|
|turn|9
|
|switch|p1a: Rotom-Wash|Rotom-Wash|153\/303
|move|p2a: Tetris|Thunderbolt|p1a: Rotom-Wash
|-start|p2a: Tetris|typechange|Electric|[from] Protean
|-damage|p1a: Rotom-Wash|18\/303
|
|-heal|p1a: Rotom-Wash|36\/303|[from] item: Leftovers
|turn|10
|
|move|p2a: Tetris|Thunderbolt|p1a: Rotom-Wash
|-damage|p1a: Rotom-Wash|0 fnt
|faint|p1a: Rotom-Wash
|
|
|switch|p1a: Beedrill|Beedrill, M|271\/271
|turn|11
|
|detailschange|p1a: Beedrill|Beedrill-Mega, M
|message|Beedrill has Mega Evolved into Mega Beedrill!
|move|p1a: Beedrill|Protect|p1a: Beedrill
|-singleturn|p1a: Beedrill|Protect
|move|p2a: Tetris|Thunderbolt|p1a: Beedrill
|-activate|p1a: Beedrill|Protect
|
|-fieldend|move: Trick Room
|turn|12
|
|move|p1a: Beedrill|Drill Run|p2a: Tetris
|-supereffective|p2a: Tetris
|-damage|p2a: Tetris|76\/374
|move|p2a: Tetris|Trick Room|p2a: Tetris
|-start|p2a: Tetris|typechange|Psychic|[from] Protean
|-fieldstart|move: Trick Room|[of] p2a: Tetris
|
|turn|13
|
|move|p2a: Tetris|Recover|p2a: Tetris
|-start|p2a: Tetris|typechange|Normal|[from] Protean
|-heal|p2a: Tetris|263\/374
|move|p1a: Beedrill|Poison Jab|p2a: Tetris
|-damage|p2a: Tetris|117\/374
|
|turn|14
|
|move|p2a: Tetris|Recover|p2a: Tetris
|-heal|p2a: Tetris|304\/374
|move|p1a: Beedrill|Poison Jab|p2a: Tetris
|-damage|p2a: Tetris|154\/374
|-status|p2a: Tetris|psn
|
|-damage|p2a: Tetris|108\/374 psn|[from] psn
|turn|15
|
|move|p2a: Tetris|Thunderbolt|p1a: Beedrill
|-start|p2a: Tetris|typechange|Electric|[from] Protean
|-damage|p1a: Beedrill|79\/271
|move|p1a: Beedrill|Poison Jab|p2a: Tetris
|-damage|p2a: Tetris|0 fnt
|faint|p2a: Tetris
|
|
|switch|p2a: Cofagrigus|Cofagrigus, M|300\/300
|-damage|p2a: Cofagrigus|263\/300|[from] Stealth Rock
|turn|16
|
|move|p1a: Beedrill|Protect|p1a: Beedrill
|-singleturn|p1a: Beedrill|Protect
|move|p2a: Cofagrigus|Shadow Ball|p1a: Beedrill
|-activate|p1a: Beedrill|Protect
|
|-heal|p2a: Cofagrigus|281\/300|[from] item: Leftovers
|-fieldend|move: Trick Room
|turn|17
|
|move|p1a: Beedrill|U-turn|p2a: Cofagrigus
|-crit|p2a: Cofagrigus
|-resisted|p2a: Cofagrigus
|-damage|p2a: Cofagrigus|189\/300
|-endability|p1a: Beedrill|adaptability|[from] Mummy
|-ability|p1a: Beedrill|Mummy|[from] Mummy
|
|switch|p1a: Greninja|Greninja, M|201\/285
|move|p2a: Cofagrigus|Trick Room|p2a: Cofagrigus
|-fieldstart|move: Trick Room|[of] p2a: Cofagrigus
|
|-heal|p2a: Cofagrigus|207\/300|[from] item: Leftovers
|turn|18
|
|move|p2a: Cofagrigus|Shadow Ball|p1a: Greninja
|-resisted|p1a: Greninja
|-damage|p1a: Greninja|109\/285
|move|p1a: Greninja|Dark Pulse|p2a: Cofagrigus
|-start|p1a: Greninja|typechange|Dark|[from] Protean
|-supereffective|p2a: Cofagrigus
|-damage|p2a: Cofagrigus|0 fnt
|-damage|p1a: Greninja|81\/285|[from] item: Life Orb
|faint|p2a: Cofagrigus
|
|
|switch|p2a: Energizer|Azumarill, M|404\/404
|-damage|p2a: Energizer|354\/404|[from] Stealth Rock
|turn|19
|
|switch|p1a: Magnezone|Magnezone|281\/281
|move|p2a: Energizer|Waterfall|p1a: Magnezone
|-damage|p1a: Magnezone|124\/281
|
|turn|20
|
|move|p2a: Energizer|Waterfall|p1a: Magnezone
|-damage|p1a: Magnezone|0 fnt
|faint|p1a: Magnezone
|
|
|switch|p1a: Beedrill|Beedrill-Mega, M|79\/271
|turn|21
|
|move|p1a: Beedrill|Protect|p1a: Beedrill
|-singleturn|p1a: Beedrill|Protect
|move|p2a: Energizer|Waterfall|p1a: Beedrill
|-activate|p1a: Beedrill|Protect
|
|-fieldend|move: Trick Room
|turn|22
|
|move|p2a: Energizer|Aqua Jet|p1a: Beedrill
|-damage|p1a: Beedrill|0 fnt
|faint|p1a: Beedrill
|
|
|switch|p1a: Greninja|Greninja, M|81\/285
|turn|23
|
|move|p2a: Energizer|Aqua Jet|p1a: Greninja
|-resisted|p1a: Greninja
|-damage|p1a: Greninja|21\/285
|move|p1a: Greninja|Gunk Shot|p2a: Energizer
|-start|p1a: Greninja|typechange|Poison|[from] Protean
|-supereffective|p2a: Energizer
|-damage|p2a: Energizer|0 fnt
|-damage|p1a: Greninja|0 fnt|[from] item: Life Orb
|faint|p2a: Energizer
|faint|p1a: Greninja
|
|
|switch|p1a: Latias|Latias, F|319\/319
|switch|p2a: Abomasnow|Abomasnow, M|322\/322
|-damage|p2a: Abomasnow|242\/322|[from] Stealth Rock
|-weather|Hail
|turn|24
|
|detailschange|p2a: Abomasnow|Abomasnow-Mega, M
|message|Abomasnow has Mega Evolved into Mega Abomasnow!
|move|p1a: Latias|Hidden Power|p2a: Abomasnow
|-supereffective|p2a: Abomasnow
|-damage|p2a: Abomasnow|0 fnt
|-damage|p1a: Latias|288\/319|[from] item: Life Orb
|faint|p2a: Abomasnow
|
|-weather|Hail|[upkeep]
|-damage|p1a: Latias|269\/319|[from] hail
|
|switch|p2a: Conkeldurr|Conkeldurr, F|414\/414
|-damage|p2a: Conkeldurr|389\/414|[from] Stealth Rock
|turn|25
|
|move|p1a: Latias|Hidden Power|p2a: Conkeldurr
|-damage|p2a: Conkeldurr|318\/414
|-damage|p1a: Latias|238\/319|[from] item: Life Orb
|move|p2a: Conkeldurr|Knock Off|p1a: Latias
|-supereffective|p1a: Latias
|-damage|p1a: Latias|0 fnt
|-enditem|p1a: Latias|Life Orb|[from] move: Knock Off|[of] p2a: Conkeldurr
|faint|p1a: Latias
|
|win|PandemoniumHeart
|raw|Ladder updating...
|raw|Raiter25's rating: 1243 &rarr; <strong>1216<\/strong><br \/>(-27 for losing)
|raw|PandemoniumHeart's rating: 1219 &rarr; <strong>1246<\/strong><br \/>(+27 for winning)
|leave|PandemoniumHeart
|player|p2