|join|A7test
|join|PandemoniumHeart
|player|p1|A7test|257
|player|p2|PandemoniumHeart|52
|gametype|singles
|gen|6
|tier|OU
|rated
|clearpoke
|poke|p1|Keldeo-Resolute
|poke|p1|Smeargle, M
|poke|p1|Sceptile, M
|poke|p1|Bisharp, M
|poke|p1|Rotom-Wash
|poke|p1|Talonflame, F, shiny
|poke|p2|Dragonite, M
|poke|p2|Excadrill, M
|poke|p2|Gardevoir, F
|poke|p2|Rotom-Wash
|poke|p2|Hippowdon, M
|poke|p2|Ferrothorn, M
|rule|Swagger Clause: Swagger is banned
|rule|Baton Pass Clause: Limit one PokÃ©mon knowing Baton Pass
|rule|Sleep Clause Mod: Limit one foe put to sleep
|rule|Species Clause: Limit one of each PokÃ©mon
|rule|OHKO Clause: OHKO moves are banned
|rule|Moody Clause: Moody is banned
|rule|Evasion Moves Clause: Evasion moves are banned
|rule|Endless Battle Clause: Forcing endless battles is banned
|rule|HP Percentage Mod: HP is shown in percentages
|teampreview
|
|start
|switch|p1a: Creatividad|Smeargle, M|314\/314
|switch|p2a: Hippowdon|Hippowdon, M|420\/420
|-weather|Sandstorm
|turn|1
|
|switch|p2a: Ferrothorn|Ferrothorn, M|352\/352
|move|p1a: Creatividad|Shell Smash|p1a: Creatividad
|-boost|p1a: Creatividad|atk|2
|-boost|p1a: Creatividad|spa|2
|-boost|p1a: Creatividad|spe|2
|-unboost|p1a: Creatividad|def|1
|-unboost|p1a: Creatividad|spd|1
|
|-weather|Sandstorm|[upkeep]
|-damage|p1a: Creatividad|295\/314|[from] sandstorm
|turn|2
|c|âA7test|:)
|c|âA7test|i like spore
|
|move|p1a: Creatividad|Dark Void|p2a: Ferrothorn
|-status|p2a: Ferrothorn|slp
|cant|p2a: Ferrothorn|slp
|
|-weather|Sandstorm|[upkeep]
|-damage|p1a: Creatividad|276\/314|[from] sandstorm
|turn|3
|c|âA7test|but i prefer dark void
|c|âA7test|muahahahahahahahahahaha
|
|switch|p2a: Excadrill|Excadrill, M|362\/362
|move|p1a: Creatividad|Baton Pass|p1a: Creatividad
|
|switch|p1a: Sabiduria|Keldeo-Resolute|323\/323
|
|-weather|Sandstorm|[upkeep]
|-damage|p1a: Sabiduria|303\/323|[from] sandstorm
|turn|4
|
|move|p1a: Sabiduria|Surf|p2a: Excadrill
|-crit|p2a: Excadrill
|-supereffective|p2a: Excadrill
|-damage|p2a: Excadrill|0 fnt
|-damage|p1a: Sabiduria|271\/323|[from] item: Life Orb
|faint|p2a: Excadrill
|
|-weather|Sandstorm|[upkeep]
|-damage|p1a: Sabiduria|251\/323|[from] sandstorm
|
|switch|p2a: Rotom-Wash|Rotom-Wash|303\/303
|turn|5
|
|move|p1a: Sabiduria|Secret Sword|p2a: Rotom-Wash
|-damage|p2a: Rotom-Wash|29\/303
|-damage|p1a: Sabiduria|219\/323|[from] item: Life Orb
|move|p2a: Rotom-Wash|Volt Switch|p1a: Sabiduria
|-supereffective|p1a: Sabiduria
|-damage|p1a: Sabiduria|0 fnt
|faint|p1a: Sabiduria
|
|switch|p2a: Dragonite|Dragonite, M|347\/347
|
|-weather|Sandstorm|[upkeep]
|-damage|p2a: Dragonite|326\/347|[from] sandstorm
|-heal|p2a: Dragonite|347\/347|[from] item: Leftovers
|
|switch|p1a: Ignorancia|Rotom-Wash|304\/304
|turn|6
|
|switch|p2a: Ferrothorn|Ferrothorn, M|352\/352 slp
|move|p1a: Ignorancia|Will-O-Wisp|p2a: Ferrothorn
|-fail|p2a: Ferrothorn
|
|-weather|Sandstorm|[upkeep]
|-damage|p1a: Ignorancia|285\/304|[from] sandstorm
|-heal|p1a: Ignorancia|304\/304|[from] item: Leftovers
|turn|7
|
|move|p1a: Ignorancia|Volt Switch|p2a: Ferrothorn
|-resisted|p2a: Ferrothorn
|-damage|p2a: Ferrothorn|319\/352 slp
|-enditem|p2a: Ferrothorn|Eject Button
|
|switch|p2a: Gardevoir|Gardevoir, F|277\/277
|
|-weather|Sandstorm|[upkeep]
|-damage|p2a: Gardevoir|260\/277|[from] sandstorm
|-damage|p1a: Ignorancia|285\/304|[from] sandstorm
|-heal|p1a: Ignorancia|304\/304|[from] item: Leftovers
|turn|8
|
|detailschange|p2a: Gardevoir|Gardevoir-Mega, F
|-mega|p2a: Gardevoir|Gardevoir|Gardevoirite
|move|p2a: Gardevoir|Hyper Voice|p1a: Ignorancia
|-damage|p1a: Ignorancia|118\/304
|move|p1a: Ignorancia|Volt Switch|p2a: Gardevoir
|-damage|p2a: Gardevoir|193\/277
|
|switch|p1a: Estrategia|Bisharp, M|272\/272
|
|-weather|none
|turn|9
|
|move|p2a: Gardevoir|Focus Blast|p1a: Estrategia
|-supereffective|p1a: Estrategia
|-damage|p1a: Estrategia|0 fnt
|faint|p1a: Estrategia
|
|
|switch|p1a: Picardia|Talonflame, F, shiny|298\/298
|turn|10
|
|switch|p1a: Soberbia|Sceptile, M|282\/282
|switch|p2a: Rotom-Wash|Rotom-Wash|29\/303
|
|-heal|p2a: Rotom-Wash|47\/303|[from] item: Leftovers
|turn|11
|
|detailschange|p1a: Soberbia|Sceptile-Mega, M
|-mega|p1a: Soberbia|Sceptile|Sceptilite
|move|p1a: Soberbia|Substitute|p1a: Soberbia
|-start|p1a: Soberbia|Substitute
|-damage|p1a: Soberbia|212\/282
|move|p2a: Rotom-Wash|Pain Split|p1a: Soberbia
|
|-heal|p2a: Rotom-Wash|65\/303|[from] item: Leftovers
|turn|12
|
|move|p1a: Soberbia|Energy Ball|p2a: Rotom-Wash
|-supereffective|p2a: Rotom-Wash
|-damage|p2a: Rotom-Wash|0 fnt
|faint|p2a: Rotom-Wash
|
|
|switch|p2a: Hippowdon|Hippowdon, M|420\/420
|-weather|Sandstorm
|turn|13
|
|move|p1a: Soberbia|Energy Ball|p2a: Hippowdon
|-supereffective|p2a: Hippowdon
|-damage|p2a: Hippowdon|0 fnt
|faint|p2a: Hippowdon
|
|-weather|Sandstorm|[upkeep]
|-damage|p1a: Soberbia|195\/282|[from] sandstorm
|
|switch|p2a: Dragonite|Dragonite, M|347\/347
|turn|14
|
|move|p1a: Soberbia|Dragon Pulse|p2a: Dragonite
|-supereffective|p2a: Dragonite
|-damage|p2a: Dragonite|191\/347
|move|p2a: Dragonite|Ice Beam|p1a: Soberbia
|-crit|p1a: Soberbia
|-supereffective|p1a: Soberbia
|-end|p1a: Soberbia|Substitute
|
|-weather|Sandstorm|[upkeep]
|-damage|p1a: Soberbia|178\/282|[from] sandstorm
|-damage|p2a: Dragonite|170\/347|[from] sandstorm
|-heal|p2a: Dragonite|191\/347|[from] item: Leftovers
|turn|15
|
|move|p1a: Soberbia|Dragon Pulse|p2a: Dragonite
|-supereffective|p2a: Dragonite
|-damage|p2a: Dragonite|0 fnt
|faint|p2a: Dragonite
|
|-weather|Sandstorm|[upkeep]
|-damage|p1a: Soberbia|161\/282|[from] sandstorm
|
|switch|p2a: Gardevoir|Gardevoir-Mega, F|193\/277
|turn|16
|
|move|p1a: Soberbia|Energy Ball|p2a: Gardevoir
|-damage|p2a: Gardevoir|37\/277
|move|p2a: Gardevoir|Hyper Voice|p1a: Soberbia
|-supereffective|p1a: Soberbia
|-damage|p1a: Soberbia|0 fnt
|faint|p1a: Soberbia
|
|-weather|Sandstorm|[upkeep]
|-damage|p2a: Gardevoir|20\/277|[from] sandstorm
|c|âA7test|gg
|
|switch|p1a: Picardia|Talonflame, F, shiny|298\/298
|turn|17
|
|switch|p2a: Ferrothorn|Ferrothorn, M|319\/352 slp
|move|p1a: Picardia|Flare Blitz|p2a: Ferrothorn
|-supereffective|p2a: Ferrothorn
|-damage|p2a: Ferrothorn|0 fnt
|-damage|p1a: Picardia|261\/298|[from] ability: Iron Barbs|[of] p2a: Ferrothorn
|-damage|p1a: Picardia|156\/298|[from] recoil|[of] p2a: Ferrothorn
|faint|p2a: Ferrothorn
|
|-weather|Sandstorm|[upkeep]
|-damage|p1a: Picardia|138\/298|[from] sandstorm
|-message|PandemoniumHeart forfeited.
|leave|PandemoniumHeart
|
|win|A7test
|raw|Ladder updating...
|player|p2
|raw|A7test's rating: 1360 &rarr; <strong>1381<\/strong><br \/>(+21 for winning)
|raw|PandemoniumHeart's rating: 1380 &rarr; <strong>1359<\/strong><br \/>(-21 for losing)