|join|NejinoKami
|join|PandemoniumHeart
|player|p1|NejinoKami|52
|player|p2|PandemoniumHeart|52
|gametype|singles
|gen|6
|tier|OU
|rated
|clearpoke
|poke|p1|Beedrill, M
|poke|p1|Heatran, M
|poke|p1|Rotom-Wash
|poke|p1|Landorus-Therian, M
|poke|p1|Terrakion
|poke|p1|Latios, M
|poke|p2|Dragonite, F
|poke|p2|Excadrill, F
|poke|p2|Diancie
|poke|p2|Slowbro, M
|poke|p2|Tyranitar, F
|poke|p2|Ferrothorn, M
|rule|Swagger Clause: Swagger is banned
|rule|Baton Pass Clause: Limit one PokÃ©mon knowing Baton Pass
|rule|Sleep Clause Mod: Limit one foe put to sleep
|rule|Species Clause: Limit one of each PokÃ©mon
|rule|OHKO Clause: OHKO moves are banned
|rule|Moody Clause: Moody is banned
|rule|Evasion Moves Clause: Evasion moves are banned
|rule|Endless Battle Clause: Forcing endless battles is banned
|rule|HP Percentage Mod: HP is shown in percentages
|teampreview
|
|start
|switch|p1a: Heatran|Heatran, M|385\/385
|switch|p2a: Dragonite|Dragonite, F|347\/347
|turn|1
|
|switch|p2a: Slowbro|Slowbro, M|389\/389
|move|p1a: Heatran|Toxic|p2a: Slowbro
|-status|p2a: Slowbro|tox
|
|-damage|p2a: Slowbro|365\/389 tox|[from] psn
|turn|2
|
|move|p1a: Heatran|Stealth Rock|p2a: Slowbro
|-sidestart|p2: PandemoniumHeart|move: Stealth Rock
|move|p2a: Slowbro|Scald|p1a: Heatran
|-supereffective|p1a: Heatran
|-damage|p1a: Heatran|241\/385
|
|-heal|p1a: Heatran|265\/385|[from] item: Leftovers
|-heal|p2a: Slowbro|389\/389 tox|[from] item: Leftovers
|-damage|p2a: Slowbro|341\/389 tox|[from] psn
|turn|3
|
|move|p1a: Heatran|Protect|p1a: Heatran
|-singleturn|p1a: Heatran|Protect
|move|p2a: Slowbro|Scald|p1a: Heatran
|-activate|p1a: Heatran|Protect
|
|-heal|p1a: Heatran|289\/385|[from] item: Leftovers
|-heal|p2a: Slowbro|365\/389 tox|[from] item: Leftovers
|-damage|p2a: Slowbro|293\/389 tox|[from] psn
|turn|4
|
|switch|p1a: Rotom-Wash|Rotom-Wash|303\/303
|move|p2a: Slowbro|Scald|p1a: Rotom-Wash
|-resisted|p1a: Rotom-Wash
|-damage|p1a: Rotom-Wash|260\/303
|-status|p1a: Rotom-Wash|brn
|
|-heal|p1a: Rotom-Wash|278\/303 brn|[from] item: Leftovers
|-heal|p2a: Slowbro|317\/389 tox|[from] item: Leftovers
|-damage|p1a: Rotom-Wash|241\/303 brn|[from] brn
|-damage|p2a: Slowbro|221\/389 tox|[from] psn
|turn|5
|
|switch|p2a: Ferrothorn|Ferrothorn, M|352\/352
|-damage|p2a: Ferrothorn|330\/352|[from] Stealth Rock
|move|p1a: Rotom-Wash|Will-O-Wisp|p2a: Ferrothorn
|-status|p2a: Ferrothorn|brn
|
|-heal|p1a: Rotom-Wash|259\/303 brn|[from] item: Leftovers
|-heal|p2a: Ferrothorn|352\/352 brn|[from] item: Leftovers
|-damage|p1a: Rotom-Wash|222\/303 brn|[from] brn
|-damage|p2a: Ferrothorn|308\/352 brn|[from] brn
|turn|6
|
|move|p1a: Rotom-Wash|Volt Switch|p2a: Ferrothorn
|-resisted|p2a: Ferrothorn
|-damage|p2a: Ferrothorn|275\/352 brn
|
|switch|p1a: Latios|Latios, M|301\/301
|move|p2a: Ferrothorn|Stealth Rock|p1a: Latios
|-sidestart|p1: NejinoKami|move: Stealth Rock
|
|-heal|p2a: Ferrothorn|297\/352 brn|[from] item: Leftovers
|-damage|p2a: Ferrothorn|253\/352 brn|[from] brn
|turn|7
|
|switch|p1a: Landorus-Therian|Landorus-Therian, M|319\/319
|-damage|p1a: Landorus-Therian|280\/319|[from] Stealth Rock
|-ability|p1a: Landorus-Therian|Intimidate|[of] p2a: Ferrothorn
|-unboost|p2a: Ferrothorn|atk|1
|switch|p2a: Tyranitar|Tyranitar, F|345\/345
|-damage|p2a: Tyranitar|302\/345|[from] Stealth Rock
|-weather|Sandstorm
|
|-weather|Sandstorm|[upkeep]
|turn|8
|
|switch|p2a: Dragonite|Dragonite, F|347\/347
|-damage|p2a: Dragonite|261\/347|[from] Stealth Rock
|move|p1a: Landorus-Therian|Stone Edge|p2a: Dragonite
|-supereffective|p2a: Dragonite
|-damage|p2a: Dragonite|0 fnt
|faint|p2a: Dragonite
|
|-weather|Sandstorm|[upkeep]
|
|switch|p2a: Slowbro|Slowbro, M|350\/389 tox
|-damage|p2a: Slowbro|302\/389 tox|[from] Stealth Rock
|turn|9
|
|switch|p1a: Rotom-Wash|Rotom-Wash|222\/303 brn
|-damage|p1a: Rotom-Wash|185\/303 brn|[from] Stealth Rock
|move|p2a: Slowbro|Scald|p1a: Rotom-Wash
|-resisted|p1a: Rotom-Wash
|-damage|p1a: Rotom-Wash|142\/303 brn
|
|-weather|Sandstorm|[upkeep]
|-damage|p1a: Rotom-Wash|124\/303 brn|[from] sandstorm
|-damage|p2a: Slowbro|278\/389 tox|[from] sandstorm
|-heal|p1a: Rotom-Wash|142\/303 brn|[from] item: Leftovers
|-heal|p2a: Slowbro|302\/389 tox|[from] item: Leftovers
|-damage|p1a: Rotom-Wash|105\/303 brn|[from] brn
|-damage|p2a: Slowbro|278\/389 tox|[from] psn
|turn|10
|
|move|p1a: Rotom-Wash|Pain Split|p2a: Slowbro
|-sethp|p2a: Slowbro|191\/389 tox|p1a: Rotom-Wash|191\/303 brn|[from] move: Pain Split
|move|p2a: Slowbro|Slack Off|p2a: Slowbro
|-heal|p2a: Slowbro|386\/389 tox
|
|-weather|Sandstorm|[upkeep]
|-damage|p1a: Rotom-Wash|173\/303 brn|[from] sandstorm
|-damage|p2a: Slowbro|362\/389 tox|[from] sandstorm
|-heal|p1a: Rotom-Wash|191\/303 brn|[from] item: Leftovers
|-heal|p2a: Slowbro|386\/389 tox|[from] item: Leftovers
|-damage|p1a: Rotom-Wash|154\/303 brn|[from] brn
|-damage|p2a: Slowbro|338\/389 tox|[from] psn
|turn|11
|
|move|p1a: Rotom-Wash|Volt Switch|p2a: Slowbro
|-supereffective|p2a: Slowbro
|-damage|p2a: Slowbro|134\/389 tox
|
|switch|p1a: Latios|Latios, M|301\/301
|-damage|p1a: Latios|264\/301|[from] Stealth Rock
|move|p2a: Slowbro|Slack Off|p2a: Slowbro
|-heal|p2a: Slowbro|329\/389 tox
|
|-weather|Sandstorm|[upkeep]
|-damage|p1a: Latios|246\/301|[from] sandstorm
|-damage|p2a: Slowbro|305\/389 tox|[from] sandstorm
|-heal|p2a: Slowbro|329\/389 tox|[from] item: Leftovers
|-damage|p2a: Slowbro|257\/389 tox|[from] psn
|turn|12
|
|switch|p1a: Landorus-Therian|Landorus-Therian, M|280\/319
|-damage|p1a: Landorus-Therian|241\/319|[from] Stealth Rock
|-ability|p1a: Landorus-Therian|Intimidate|[of] p2a: Slowbro
|-unboost|p2a: Slowbro|atk|1
|switch|p2a: Ferrothorn|Ferrothorn, M|253\/352 brn
|-damage|p2a: Ferrothorn|231\/352 brn|[from] Stealth Rock
|
|-weather|Sandstorm|[upkeep]
|-heal|p2a: Ferrothorn|253\/352 brn|[from] item: Leftovers
|-damage|p2a: Ferrothorn|209\/352 brn|[from] brn
|turn|13
|
|move|p1a: Landorus-Therian|Superpower|p2a: Ferrothorn
|-crit|p2a: Ferrothorn
|-supereffective|p2a: Ferrothorn
|-damage|p2a: Ferrothorn|0 fnt
|-damage|p1a: Landorus-Therian|202\/319|[from] ability: Iron Barbs|[of] p2a: Ferrothorn
|-unboost|p1a: Landorus-Therian|atk|1
|-unboost|p1a: Landorus-Therian|def|1
|faint|p2a: Ferrothorn
|
|-weather|Sandstorm|[upkeep]
|
|switch|p2a: Excadrill|Excadrill, F|362\/362
|-damage|p2a: Excadrill|351\/362|[from] Stealth Rock
|turn|14
|
|switch|p1a: Rotom-Wash|Rotom-Wash|154\/303 brn
|-damage|p1a: Rotom-Wash|117\/303 brn|[from] Stealth Rock
|move|p2a: Excadrill|Iron Head|p1a: Rotom-Wash
|-crit|p1a: Rotom-Wash
|-resisted|p1a: Rotom-Wash
|-damage|p1a: Rotom-Wash|66\/303 brn
|-damage|p2a: Excadrill|315\/362|[from] item: Life Orb
|
|-weather|none
|-heal|p1a: Rotom-Wash|84\/303 brn|[from] item: Leftovers
|-damage|p1a: Rotom-Wash|47\/303 brn|[from] brn
|turn|15
|
|move|p2a: Excadrill|Rock Slide|p1a: Rotom-Wash
|-damage|p1a: Rotom-Wash|0 fnt
|-damage|p2a: Excadrill|279\/362|[from] item: Life Orb
|faint|p1a: Rotom-Wash
|
|
|switch|p1a: Terrakion|Terrakion|323\/323
|-damage|p1a: Terrakion|303\/323|[from] Stealth Rock
|turn|16
|
|switch|p2a: Slowbro|Slowbro, M|386\/389 tox
|-damage|p2a: Slowbro|338\/389 tox|[from] Stealth Rock
|move|p1a: Terrakion|X-Scissor|p2a: Slowbro
|-supereffective|p2a: Slowbro
|-damage|p2a: Slowbro|130\/389 tox
|
|-heal|p2a: Slowbro|154\/389 tox|[from] item: Leftovers
|-damage|p2a: Slowbro|130\/389 tox|[from] psn
|turn|17
|
|switch|p2a: Tyranitar|Tyranitar, F|302\/345
|-damage|p2a: Tyranitar|259\/345|[from] Stealth Rock
|-weather|Sandstorm
|move|p1a: Terrakion|X-Scissor|p2a: Tyranitar
|-supereffective|p2a: Tyranitar
|-damage|p2a: Tyranitar|0 fnt
|faint|p2a: Tyranitar
|
|-weather|Sandstorm|[upkeep]
|
|switch|p2a: Excadrill|Excadrill, F|279\/362
|-damage|p2a: Excadrill|268\/362|[from] Stealth Rock
|turn|18
|
|switch|p1a: Landorus-Therian|Landorus-Therian, M|202\/319
|-damage|p1a: Landorus-Therian|163\/319|[from] Stealth Rock
|-ability|p1a: Landorus-Therian|Intimidate|[of] p2a: Excadrill
|-unboost|p2a: Excadrill|atk|1
|move|p2a: Excadrill|Iron Head|p1a: Landorus-Therian
|-damage|p1a: Landorus-Therian|17\/319
|-damage|p2a: Excadrill|232\/362|[from] item: Life Orb
|
|-weather|Sandstorm|[upkeep]
|turn|19
|
|move|p2a: Excadrill|Rock Slide|p1a: Landorus-Therian
|-damage|p1a: Landorus-Therian|0 fnt
|-damage|p2a: Excadrill|196\/362|[from] item: Life Orb
|faint|p1a: Landorus-Therian
|
|-weather|Sandstorm|[upkeep]
|
|switch|p1a: Latios|Latios, M|246\/301
|-damage|p1a: Latios|209\/301|[from] Stealth Rock
|turn|20
|
|move|p2a: Excadrill|Iron Head|p1a: Latios
|-damage|p1a: Latios|37\/301
|-damage|p2a: Excadrill|160\/362|[from] item: Life Orb
|cant|p1a: Latios|flinch
|
|-weather|Sandstorm|[upkeep]
|-damage|p1a: Latios|19\/301|[from] sandstorm
|turn|21
|c|âNejinoKami|thats bullshit
|
|move|p2a: Excadrill|Iron Head|p1a: Latios
|-damage|p1a: Latios|0 fnt
|-damage|p2a: Excadrill|124\/362|[from] item: Life Orb
|faint|p1a: Latios
|
|-weather|Sandstorm|[upkeep]
|
|switch|p1a: Heatran|Heatran, M|289\/385
|-damage|p1a: Heatran|241\/385|[from] Stealth Rock
|turn|22
|
|move|p1a: Heatran|Protect|p1a: Heatran
|-singleturn|p1a: Heatran|Protect
|move|p2a: Excadrill|Earthquake|p1a: Heatran
|-activate|p1a: Heatran|Protect
|
|-weather|Sandstorm|[upkeep]
|-heal|p1a: Heatran|265\/385|[from] item: Leftovers
|turn|23
|
|move|p1a: Heatran|Protect|p1a: Heatran
|-singleturn|p1a: Heatran|Protect
|move|p2a: Excadrill|Earthquake|p1a: Heatran
|-activate|p1a: Heatran|Protect
|
|-weather|Sandstorm|[upkeep]
|-heal|p1a: Heatran|289\/385|[from] item: Leftovers
|turn|24
|
|move|p2a: Excadrill|Earthquake|p1a: Heatran
|-supereffective|p1a: Heatran
|-damage|p1a: Heatran|0 fnt
|-damage|p2a: Excadrill|88\/362|[from] item: Life Orb
|faint|p1a: Heatran
|
|-weather|none
|
|switch|p1a: Beedrill|Beedrill, M|271\/271
|-damage|p1a: Beedrill|204\/271|[from] Stealth Rock
|turn|25
|
|detailschange|p1a: Beedrill|Beedrill-Mega, M
|-mega|p1a: Beedrill|Beedrill|Beedrillite
|move|p1a: Beedrill|Protect|p1a: Beedrill
|-singleturn|p1a: Beedrill|Protect
|move|p2a: Excadrill|Earthquake|p1a: Beedrill
|-activate|p1a: Beedrill|Protect
|
|turn|26
|
|move|p1a: Beedrill|Drill Run|p2a: Excadrill
|-supereffective|p2a: Excadrill
|-damage|p2a: Excadrill|0 fnt
|faint|p2a: Excadrill
|
|
|switch|p2a: Slowbro|Slowbro, M|259\/389 tox
|-damage|p2a: Slowbro|211\/389 tox|[from] Stealth Rock
|turn|27
|
|move|p1a: Beedrill|U-turn|p2a: Slowbro
|-supereffective|p2a: Slowbro
|-damage|p2a: Slowbro|0 fnt
|faint|p2a: Slowbro
|
|switch|p1a: Terrakion|Terrakion|303\/323
|-damage|p1a: Terrakion|283\/323|[from] Stealth Rock
|
|
|switch|p2a: Diancie|Diancie|284\/284
|-damage|p2a: Diancie|249\/284|[from] Stealth Rock
|turn|28
|
|detailschange|p2a: Diancie|Diancie-Mega
|-mega|p2a: Diancie|Diancie|Diancite
|move|p1a: Terrakion|Earthquake|p2a: Diancie
|-supereffective|p2a: Diancie
|-damage|p2a: Diancie|0 fnt
|faint|p2a: Diancie
|
|win|NejinoKami
|raw|Ladder updating...
|raw|NejinoKami's rating: 1519 &rarr; <strong>1537<\/strong><br \/>(+18 for winning)
|raw|PandemoniumHeart's rating: 1474 &rarr; <strong>1457<\/strong><br \/>(-17 for losing)
|leave|PandemoniumHeart
|player|p2
|join|PandemoniumHeart
|leave|PandemoniumHeart