|join|PandemoniumHeart
|join|stfo test
|player|p1|PandemoniumHeart|52
|player|p2|stfo test|290
|gametype|singles
|gen|6
|tier|OU
|rated
|clearpoke
|poke|p1|Dragonite, F
|poke|p1|Excadrill, M
|poke|p1|Diancie
|poke|p1|Slowbro, M
|poke|p1|Tyranitar, F
|poke|p1|Ferrothorn, F
|poke|p2|Azumarill, M
|poke|p2|Metagross
|poke|p2|Scolipede, F
|poke|p2|Heatran, F
|poke|p2|Latias, F
|poke|p2|Landorus, M
|rule|Swagger Clause: Swagger is banned
|rule|Baton Pass Clause: Limit one PokÃ©mon knowing Baton Pass
|rule|Sleep Clause Mod: Limit one foe put to sleep
|rule|Species Clause: Limit one of each PokÃ©mon
|rule|OHKO Clause: OHKO moves are banned
|rule|Moody Clause: Moody is banned
|rule|Evasion Moves Clause: Evasion moves are banned
|rule|Endless Battle Clause: Forcing endless battles is banned
|rule|HP Percentage Mod: HP is shown in percentages
|teampreview
|join|Oscardraw
|
|start
|switch|p1a: Dragonite|Dragonite, F|347\/347
|switch|p2a: Metagross|Metagross|301\/301
|turn|1
|
|detailschange|p2a: Metagross|Metagross-Mega
|-mega|p2a: Metagross|Metagross|Metagrossite
|move|p2a: Metagross|Meteor Mash|p1a: Dragonite
|-damage|p1a: Dragonite|228\/347
|-boost|p2a: Metagross|atk|1
|move|p1a: Dragonite|Fire Blast|p2a: Metagross
|-supereffective|p2a: Metagross
|-damage|p2a: Metagross|107\/301
|
|-heal|p1a: Dragonite|249\/347|[from] item: Leftovers
|turn|2
|
|switch|p1a: Ferrothorn|Ferrothorn, F|352\/352
|move|p2a: Metagross|Meteor Mash|p1a: Ferrothorn
|-resisted|p1a: Ferrothorn
|-damage|p1a: Ferrothorn|235\/352
|-damage|p2a: Metagross|70\/301|[from] ability: Iron Barbs|[of] p1a: Ferrothorn
|
|-heal|p1a: Ferrothorn|257\/352|[from] item: Leftovers
|turn|3
|join|Owcar
|
|switch|p2a: Scolipede|Scolipede, F|323\/323
|move|p1a: Ferrothorn|Leech Seed|p2a: Scolipede
|-start|p2a: Scolipede|move: Leech Seed
|
|-heal|p1a: Ferrothorn|279\/352|[from] item: Leftovers
|-damage|p2a: Scolipede|283\/323|[from] Leech Seed|[of] p1a: Ferrothorn
|-heal|p1a: Ferrothorn|319\/352|[silent]
|turn|4
|
|switch|p2a: Heatran|Heatran, F|369\/369
|switch|p1a: Diancie|Diancie|284\/284
|
|turn|5
|
|switch|p2a: Scolipede|Scolipede, F|283\/323
|switch|p1a: Tyranitar|Tyranitar, F|345\/345
|-weather|Sandstorm
|
|-weather|Sandstorm|[upkeep]
|-damage|p2a: Scolipede|263\/323|[from] sandstorm
|-heal|p2a: Scolipede|283\/323|[from] item: Black Sludge
|turn|6
|
|move|p2a: Scolipede|Substitute|p2a: Scolipede
|-start|p2a: Scolipede|Substitute
|-damage|p2a: Scolipede|203\/323
|move|p1a: Tyranitar|Stone Edge|p2a: Scolipede|[miss]
|-miss|p1a: Tyranitar|p2a: Scolipede
|
|-weather|Sandstorm|[upkeep]
|-damage|p2a: Scolipede|183\/323|[from] sandstorm
|-heal|p2a: Scolipede|203\/323|[from] item: Black Sludge
|-boost|p2a: Scolipede|spe|1|[from] ability: Speed Boost
|turn|7
|
|move|p2a: Scolipede|Baton Pass|p2a: Scolipede
|
|switch|p2a: Landorus|Landorus, M|320\/320
|move|p1a: Tyranitar|Crunch|p2a: Landorus
|-end|p2a: Landorus|Substitute
|
|-weather|Sandstorm|[upkeep]
|turn|8
|
|switch|p1a: Slowbro|Slowbro, M|389\/389
|move|p2a: Landorus|Earth Power|p1a: Slowbro
|-damage|p1a: Slowbro|93\/389
|
|-weather|Sandstorm|[upkeep]
|-damage|p1a: Slowbro|69\/389|[from] sandstorm
|-heal|p1a: Slowbro|93\/389|[from] item: Leftovers
|turn|9
|
|switch|p1a: Dragonite|Dragonite, F|249\/347
|move|p2a: Landorus|Earth Power|p1a: Dragonite
|-immune|p1a: Dragonite|[msg]
|
|-weather|Sandstorm|[upkeep]
|-damage|p1a: Dragonite|228\/347|[from] sandstorm
|-heal|p1a: Dragonite|249\/347|[from] item: Leftovers
|turn|10
|
|move|p2a: Landorus|Hidden Power|p1a: Dragonite
|-supereffective|p1a: Dragonite
|-damage|p1a: Dragonite|0 fnt
|-damage|p2a: Landorus|288\/320|[from] item: Life Orb
|faint|p1a: Dragonite
|
|-weather|Sandstorm|[upkeep]
|
|switch|p1a: Excadrill|Excadrill, M|362\/362
|turn|11
|
|move|p1a: Excadrill|Iron Head|p2a: Landorus
|-damage|p2a: Landorus|68\/320
|-damage|p1a: Excadrill|326\/362|[from] item: Life Orb
|move|p2a: Landorus|Earth Power|p1a: Excadrill
|-supereffective|p1a: Excadrill
|-damage|p1a: Excadrill|0 fnt
|faint|p1a: Excadrill
|
|-weather|Sandstorm|[upkeep]
|
|switch|p1a: Ferrothorn|Ferrothorn, F|319\/352
|turn|12
|
|move|p2a: Landorus|Earth Power|p1a: Ferrothorn
|-damage|p1a: Ferrothorn|119\/352
|move|p1a: Ferrothorn|Leech Seed|p2a: Landorus
|-start|p2a: Landorus|move: Leech Seed
|
|-weather|none
|-heal|p1a: Ferrothorn|141\/352|[from] item: Leftovers
|-damage|p2a: Landorus|28\/320|[from] Leech Seed|[of] p1a: Ferrothorn
|-heal|p1a: Ferrothorn|181\/352|[silent]
|turn|13
|
|switch|p2a: Latias|Latias, F|364\/364
|move|p1a: Ferrothorn|Protect|p1a: Ferrothorn
|-fail|p1a: Ferrothorn
|
|-heal|p1a: Ferrothorn|203\/352|[from] item: Leftovers
|turn|14
|
|switch|p1a: Tyranitar|Tyranitar, F|345\/345
|-weather|Sandstorm
|move|p2a: Latias|Reflect|p2a: Latias
|-sidestart|p2: stfo test|Reflect
|
|-weather|Sandstorm|[upkeep]
|-damage|p2a: Latias|342\/364|[from] sandstorm
|turn|15
|
|move|p2a: Latias|Light Screen|p2a: Latias
|-sidestart|p2: stfo test|move: Light Screen
|move|p1a: Tyranitar|Pursuit|p2a: Latias
|-supereffective|p2a: Latias
|-damage|p2a: Latias|258\/364
|
|-weather|Sandstorm|[upkeep]
|-damage|p2a: Latias|236\/364|[from] sandstorm
|turn|16
|
|move|p2a: Latias|Healing Wish|p2a: Latias
|faint|p2a: Latias
|move|p1a: Tyranitar|Earthquake|p2: Latias|[notarget]
|-notarget
|
|-weather|Sandstorm|[upkeep]
|
|switch|p2a: Landorus|Landorus, M|28\/320
|-heal|p2a: Landorus|320\/320|[from] move: Healing Wish
|turn|17
|
|move|p2a: Landorus|Earth Power|p1a: Tyranitar
|-supereffective|p1a: Tyranitar
|-damage|p1a: Tyranitar|72\/345
|move|p1a: Tyranitar|Stone Edge|p2a: Landorus
|-damage|p2a: Landorus|206\/320
|
|-weather|Sandstorm|[upkeep]
|turn|18
|c|âstfo test|gg
|
|switch|p1a: Ferrothorn|Ferrothorn, F|203\/352
|move|p2a: Landorus|Earth Power|p1a: Ferrothorn
|-damage|p1a: Ferrothorn|0 fnt
|faint|p1a: Ferrothorn
|
|-weather|Sandstorm|[upkeep]
|
|switch|p1a: Diancie|Diancie|284\/284
|turn|19
|
|detailschange|p1a: Diancie|Diancie-Mega
|-mega|p1a: Diancie|Diancie|Diancite
|move|p2a: Landorus|Earth Power|p1a: Diancie
|-supereffective|p1a: Diancie
|-damage|p1a: Diancie|0 fnt
|faint|p1a: Diancie
|
|-weather|Sandstorm|[upkeep]
|-message|PandemoniumHeart forfeited.
|leave|PandemoniumHeart
|
|win|stfo test
|raw|Ladder updating...
|player|p1
|raw|PandemoniumHeart's rating: 1424 &rarr; <strong>1401<\/strong><br \/>(-23 for losing)
|raw|stfo test's rating: 1376 &rarr; <strong>1399<\/strong><br \/>(+23 for winning)