|join|PandemoniumHeart
|join|ArcaZane
|player|p1|PandemoniumHeart|1
|player|p2|ArcaZane|124
|gametype|singles
|gen|6
|tier|OU
|rated
|clearpoke
|poke|p1|Ampharos, M
|poke|p1|Reuniclus, M
|poke|p1|Porygon2
|poke|p1|Scizor, F
|poke|p1|Honchkrow, F
|poke|p1|Azumarill, F
|poke|p2|Porygon2
|poke|p2|Infernape, F
|poke|p2|Greninja, F
|poke|p2|Rotom-Heat
|poke|p2|Hydreigon, F
|poke|p2|Togekiss, F
|rule|Sleep Clause Mod: Limit one foe put to sleep
|rule|Species Clause: Limit one of each Pokemon
|rule|OHKO Clause: OHKO moves are banned
|rule|Moody Clause: Moody is banned
|rule|Evasion Moves Clause: Evasion moves are banned
|rule|Endless Battle Clause: Forcing endless battles is banned.
|rule|HP Percentage Mod: HP is reported as percentages
|teampreview
|callback|decision
|
|start
|switch|p1a: Porygon2|Porygon2|374\/374
|switch|p2a: Hydreigon|Hydreigon, F|326\/326
|-ability|p1a: Porygon2|Levitate|[from] ability: Trace|[of] p2a: Hydreigon
|turn|1
|callback|decision
|
|move|p2a: Hydreigon|Dragon Pulse|p1a: Porygon2
|-damage|p1a: Porygon2|263\/374
|move|p1a: Porygon2|Trick Room|p1a: Porygon2
|-fieldstart|move: Trick Room|[of] p1a: Porygon2
|
|turn|2
|callback|decision
|
|move|p1a: Porygon2|Ice Beam|p2a: Hydreigon
|-supereffective|p2a: Hydreigon
|-damage|p2a: Hydreigon|86\/326
|move|p2a: Hydreigon|U-turn|p1a: Porygon2
|-crit|p1a: Porygon2
|-damage|p1a: Porygon2|206\/374
|callback|decision
|
|switch|p2a: Porygon2|Porygon2|338\/338
|-ability|p2a: Porygon2|Levitate|[from] ability: Trace|[of] p1a: Porygon2
|
|turn|3
|callback|decision
|
|switch|p1a: Reuniclus|Reuniclus, M|409\/409
|move|p2a: Porygon2|Tri Attack|p1a: Reuniclus
|-damage|p1a: Reuniclus|285\/409
|-status|p1a: Reuniclus|brn
|
|turn|4
|callback|decision
|chat|ArcaZane|two brothers unite, who will win noone knows
|chat|ArcaZane|o.o
|chat|ArcaZane|that was lucky
|
|move|p1a: Reuniclus|Focus Blast|p2a: Porygon2|[miss]
|-miss|p1a: Reuniclus|p2a: Porygon2
|move|p2a: Porygon2|Tri Attack|p1a: Reuniclus
|-damage|p1a: Reuniclus|156\/409 brn
|
|turn|5
|callback|decision
|chat|PandemoniumHeart|that more do
|
|move|p1a: Reuniclus|Focus Blast|p2a: Porygon2|[miss]
|-miss|p1a: Reuniclus|p2a: Porygon2
|move|p2a: Porygon2|Ice Beam|p1a: Reuniclus
|-damage|p1a: Reuniclus|61\/409 brn
|
|-fieldend|move: Trick Room
|turn|6
|callback|decision
|chat|PandemoniumHeart|...
|chat|ArcaZane|focus blast = focus miss
|
|move|p2a: Porygon2|Ice Beam|p1a: Reuniclus
|-damage|p1a: Reuniclus|0 fnt
|faint|p1a: Reuniclus
|
|callback|decision
|
|switch|p1a: Porygon2|Porygon2|206\/374
|-ability|p1a: Porygon2|Levitate|[from] ability: Trace|[of] p2a: Porygon2
|turn|7
|callback|decision
|
|move|p2a: Porygon2|Tri Attack|p1a: Porygon2
|-damage|p1a: Porygon2|130\/374
|move|p1a: Porygon2|Trick Room|p1a: Porygon2
|-fieldstart|move: Trick Room|[of] p1a: Porygon2
|
|turn|8
|callback|decision
|
|switch|p1a: Honchkrow|Honchkrow, F|404\/404
|move|p2a: Porygon2|Tri Attack|p1a: Honchkrow
|-damage|p1a: Honchkrow|232\/404
|-status|p1a: Honchkrow|frz
|
|turn|9
|callback|decision
|-message|PandemoniumHeart forfeited.
|
|win|ArcaZane
|raw|Ladder updating...
|chat|ArcaZane|haha xD
|leave|PandemoniumHeart
|player|p1
|raw|PandemoniumHeart's rating: 1648 &rarr; <strong>1641<\/strong><br \/>(-7 for losing)
|raw|ArcaZane's rating: 1300 &rarr; <strong>1515<\/strong><br \/>(+215 for winning)