|join|PandemoniumHeart
|join|iDisorient
|player|p1|PandemoniumHeart|266
|player|p2|iDisorient|155
|gametype|singles
|tier|OU (beta)
|rated
|clearpoke
|poke|p1|Kingdra, M
|poke|p1|Toxicroak, F
|poke|p1|Ferrothorn, F
|poke|p1|Politoed, M
|poke|p1|Vaporeon, F
|poke|p1|Dragonite, M
|poke|p2|Politoed, M
|poke|p2|Kingdra, F
|poke|p2|Venusaur, M
|poke|p2|Talonflame, M
|poke|p2|Rotom-Wash
|poke|p2|Forretress, M
|rule|Sleep Clause Mod: Limit one foe put to sleep
|rule|Species Clause: Limit one of each Pokemon
|rule|OHKO Clause: OHKO moves are banned
|rule|Moody Clause: Moody is banned
|rule|Evasion Moves Clause: Evasion moves are banned
|rule|HP Percentage Mod: HP is reported as percentages
|teampreview
|callback|decision
|chat|PandemoniumHeart|lol
|chat|iDisorient|.
|chat|iDisorient|Awkward
|chat|PandemoniumHeart|indeed
|
|start
|switch|p1a: Ferrothorn|Ferrothorn, F|352\/352
|switch|p2a: Rotom-Wash|Rotom-Wash|304\/304
|turn|1
|callback|decision
|
|move|p2a: Rotom-Wash|Will-O-Wisp|p1a: Ferrothorn
|-status|p1a: Ferrothorn|brn
|move|p1a: Ferrothorn|Stealth Rock|p2a: Rotom-Wash
|-sidestart|p2: iDisorient|move: Stealth Rock
|
|-damage|p1a: Ferrothorn|308\/352 brn|[from] brn
|turn|2
|callback|decision
|
|move|p2a: Rotom-Wash|Volt Switch|p1a: Ferrothorn
|-resisted|p1a: Ferrothorn
|-damage|p1a: Ferrothorn|275\/352 brn
|callback|decision
|
|switch|p2a: Forretress|Forretress, M|354\/354
|-damage|p2a: Forretress|310\/354|[from] Stealth Rock
|move|p1a: Ferrothorn|Thunder Wave|p2a: Forretress
|-status|p2a: Forretress|par
|
|-heal|p2a: Forretress|332\/354 par|[from] item: Leftovers
|-damage|p1a: Ferrothorn|231\/352 brn|[from] brn
|turn|3
|callback|decision
|
|switch|p1a: Politoed|Politoed, M|384\/384
|-weather|RainDance
|move|p2a: Forretress|Stealth Rock|p1a: Politoed
|-sidestart|p1: PandemoniumHeart|move: Stealth Rock
|
|-weather|RainDance|[upkeep]
|-heal|p2a: Forretress|354\/354 par|[from] item: Leftovers
|turn|4
|callback|decision
|
|switch|p1a: Toxicroak|Toxicroak, F|368\/368
|-damage|p1a: Toxicroak|345\/368|[from] Stealth Rock
|switch|p2a: Venusaur|Venusaur, M|364\/364
|-damage|p2a: Venusaur|319\/364|[from] Stealth Rock
|
|-weather|RainDance|[upkeep]
|-heal|p1a: Toxicroak|368\/368|[from] ability: Dry Skin
|turn|5
|callback|decision
|
|-formechange|p2a: Venusaur|Venusaur-Mega
|message|Venusaur has Mega Evolved into Mega Venusaur!
|move|p1a: Toxicroak|Substitute|p1a: Toxicroak
|-start|p1a: Toxicroak|Substitute
|-damage|p1a: Toxicroak|276\/368
|move|p2a: Venusaur|Leech Seed|p1a: Toxicroak
|
|-weather|RainDance|[upkeep]
|-heal|p1a: Toxicroak|322\/368|[from] ability: Dry Skin
|-heal|p1a: Toxicroak|345\/368|[from] item: Black Sludge
|turn|6
|callback|decision
|chat|iDisorient|Wishing I had EQ right now
|chat|PandemoniumHeart|I was worried about that possibility
|
|switch|p2a: Rotom-Wash|Rotom-Wash|304\/304
|-damage|p2a: Rotom-Wash|266\/304|[from] Stealth Rock
|move|p1a: Toxicroak|Drain Punch|p2a: Rotom-Wash
|-damage|p2a: Rotom-Wash|188\/304
|-heal|p1a: Toxicroak|368\/368|[from] drain|[of] p2a: Rotom-Wash
|
|-weather|RainDance|[upkeep]
|turn|7
|callback|decision
|
|move|p1a: Toxicroak|Bulk Up|p1a: Toxicroak
|-boost|p1a: Toxicroak|atk|1
|-boost|p1a: Toxicroak|def|1
|move|p2a: Rotom-Wash|Volt Switch|p1a: Toxicroak
|-end|p1a: Toxicroak|Substitute
|callback|decision
|
|switch|p2a: Kingdra|Kingdra, F|292\/292
|-damage|p2a: Kingdra|256\/292|[from] Stealth Rock
|
|-weather|RainDance|[upkeep]
|turn|8
|callback|decision
|
|switch|p1a: Ferrothorn|Ferrothorn, F|231\/352 brn
|-damage|p1a: Ferrothorn|209\/352 brn|[from] Stealth Rock
|move|p2a: Kingdra|Draco Meteor|p1a: Ferrothorn
|-resisted|p1a: Ferrothorn
|-damage|p1a: Ferrothorn|108\/352 brn
|-unboost|p2a: Kingdra|spa|2
|-damage|p2a: Kingdra|227\/292|[from] item: Life Orb
|
|-weather|RainDance|[upkeep]
|-damage|p1a: Ferrothorn|64\/352 brn|[from] brn
|turn|9
|callback|decision
|
|switch|p2a: Forretress|Forretress, M|354\/354 par
|-damage|p2a: Forretress|310\/354 par|[from] Stealth Rock
|switch|p1a: Kingdra|Kingdra, M|291\/291
|-damage|p1a: Kingdra|255\/291|[from] Stealth Rock
|
|-weather|RainDance|[upkeep]
|-heal|p2a: Forretress|332\/354 par|[from] item: Leftovers
|turn|10
|callback|decision
|chat|iDisorient|Stahp
|
|switch|p2a: Politoed|Politoed, M|384\/384
|-damage|p2a: Politoed|336\/384|[from] Stealth Rock
|move|p1a: Kingdra|Hydro Pump|p2a: Politoed
|-resisted|p2a: Politoed
|-damage|p2a: Politoed|239\/384
|-damage|p1a: Kingdra|226\/291|[from] item: Life Orb
|
|-weather|none
|turn|11
|callback|decision
|
|move|p1a: Kingdra|Draco Meteor|p2a: Politoed
|-crit|p2a: Politoed
|-damage|p2a: Politoed|1\/384
|-unboost|p1a: Kingdra|spa|2
|-damage|p1a: Kingdra|197\/291|[from] item: Life Orb
|move|p2a: Politoed|Toxic|p1a: Kingdra
|-status|p1a: Kingdra|tox
|
|-damage|p1a: Kingdra|179\/291 tox|[from] psn
|turn|12
|callback|decision
|
|move|p1a: Kingdra|Flash Cannon|p2a: Politoed
|-resisted|p2a: Politoed
|-damage|p2a: Politoed|0 fnt
|-damage|p1a: Kingdra|150\/291 tox|[from] item: Life Orb
|faint|p2a: Politoed
|
|-damage|p1a: Kingdra|114\/291 tox|[from] psn
|callback|decision
|
|switch|p2a: Forretress|Forretress, M|332\/354 par
|-damage|p2a: Forretress|288\/354 par|[from] Stealth Rock
|turn|13
|callback|decision
|
|move|p1a: Kingdra|Hydro Pump|p2a: Forretress
|-damage|p2a: Forretress|159\/354 par
|-damage|p1a: Kingdra|85\/291 tox|[from] item: Life Orb
|move|p2a: Forretress|Rapid Spin|p1a: Kingdra
|-damage|p1a: Kingdra|70\/291 tox
|-sideend|p2: iDisorient|Stealth Rock|[from] move: Rapid Spin|[of] p2a: Forretress
|
|-heal|p2a: Forretress|181\/354 par|[from] item: Leftovers
|-damage|p1a: Kingdra|16\/291 tox|[from] psn
|turn|14
|callback|decision
|
|switch|p1a: Politoed|Politoed, M|384\/384
|-damage|p1a: Politoed|336\/384|[from] Stealth Rock
|-weather|RainDance
|switch|p2a: Venusaur|Venusaur, M|319\/364
|-formechange|p2a: Venusaur|Venusaur-Mega
|
|-weather|RainDance|[upkeep]
|turn|15
|callback|decision
|
|switch|p1a: Dragonite|Dragonite, M|323\/323
|-damage|p1a: Dragonite|243\/323|[from] Stealth Rock
|move|p2a: Venusaur|Leech Seed|p1a: Dragonite
|-start|p1a: Dragonite|move: Leech Seed
|
|-weather|RainDance|[upkeep]
|-damage|p1a: Dragonite|203\/323|[from] Leech Seed|[of] p2a: Venusaur
|-heal|p2a: Venusaur|359\/364|[silent]
|turn|16
|callback|decision
|
|move|p1a: Dragonite|Hurricane|p2a: Venusaur
|-supereffective|p2a: Venusaur
|-damage|p2a: Venusaur|44\/364
|-damage|p1a: Dragonite|171\/323|[from] item: Life Orb
|move|p2a: Venusaur|Sleep Powder|p1a: Dragonite|[miss]
|-miss|p2a: Venusaur|p1a: Dragonite
|
|-weather|RainDance|[upkeep]
|-damage|p1a: Dragonite|131\/323|[from] Leech Seed|[of] p2a: Venusaur
|-heal|p2a: Venusaur|84\/364|[silent]
|turn|17
|callback|decision
|
|switch|p1a: Vaporeon|Vaporeon, F|463\/463
|-damage|p1a: Vaporeon|406\/463|[from] Stealth Rock
|switch|p2a: Forretress|Forretress, M|181\/354 par
|
|-weather|RainDance|[upkeep]
|-heal|p1a: Vaporeon|434\/463|[from] item: Leftovers
|-heal|p2a: Forretress|203\/354 par|[from] item: Leftovers
|turn|18
|callback|decision
|
|move|p1a: Vaporeon|Scald|p2a: Forretress
|-damage|p2a: Forretress|0 fnt
|faint|p2a: Forretress
|
|-weather|RainDance|[upkeep]
|-heal|p1a: Vaporeon|462\/463|[from] item: Leftovers
|callback|decision
|
|switch|p2a: Venusaur|Venusaur, M|84\/364
|-formechange|p2a: Venusaur|Venusaur-Mega
|turn|19
|callback|decision
|
|move|p2a: Venusaur|Giga Drain|p1a: Vaporeon
|-supereffective|p1a: Vaporeon
|-damage|p1a: Vaporeon|258\/463
|-heal|p2a: Venusaur|186\/364|[from] drain|[of] p1a: Vaporeon
|move|p1a: Vaporeon|Scald|p2a: Venusaur
|-resisted|p2a: Venusaur
|-damage|p2a: Venusaur|139\/364
|-status|p2a: Venusaur|brn
|
|-weather|RainDance|[upkeep]
|-heal|p1a: Vaporeon|286\/463|[from] item: Leftovers
|-damage|p2a: Venusaur|94\/364 brn|[from] brn
|turn|20
|callback|decision
|
|switch|p1a: Ferrothorn|Ferrothorn, F|64\/352 brn
|-damage|p1a: Ferrothorn|42\/352 brn|[from] Stealth Rock
|move|p2a: Venusaur|Leech Seed|p1a: Ferrothorn
|-immune|p1a: Ferrothorn|[msg]
|
|-weather|RainDance|[upkeep]
|-damage|p2a: Venusaur|49\/364 brn|[from] brn
|-damage|p1a: Ferrothorn|0 fnt|[from] brn
|faint|p1a: Ferrothorn
|callback|decision
|
|switch|p1a: Toxicroak|Toxicroak, F|368\/368
|-damage|p1a: Toxicroak|345\/368|[from] Stealth Rock
|turn|21
|callback|decision
|
|move|p1a: Toxicroak|Substitute|p1a: Toxicroak
|-start|p1a: Toxicroak|Substitute
|-damage|p1a: Toxicroak|253\/368
|move|p2a: Venusaur|Sludge Bomb|p1a: Toxicroak
|-resisted|p1a: Toxicroak
|-end|p1a: Toxicroak|Substitute
|
|-weather|none
|-heal|p1a: Toxicroak|276\/368|[from] item: Black Sludge
|-damage|p2a: Venusaur|4\/364 brn|[from] brn
|turn|22
|callback|decision
|
|switch|p1a: Kingdra|Kingdra, M|16\/291 tox
|-damage|p1a: Kingdra|0 fnt|[from] Stealth Rock
|faint|p1a: Kingdra
|move|p2a: Venusaur|Sludge Bomb|p1: Kingdra|[notarget]
|-notarget
|
|-damage|p2a: Venusaur|0 fnt|[from] brn
|faint|p2a: Venusaur
|callback|decision
|
|switch|p1a: Dragonite|Dragonite, M|131\/323
|-damage|p1a: Dragonite|51\/323|[from] Stealth Rock
|switch|p2a: Rotom-Wash|Rotom-Wash|188\/304
|turn|23
|callback|decision
|
|move|p1a: Dragonite|Roost|p1a: Dragonite
|-heal|p1a: Dragonite|213\/323
|move|p2a: Rotom-Wash|Rest|p2a: Rotom-Wash
|-status|p2a: Rotom-Wash|slp
|-heal|p2a: Rotom-Wash|304\/304 slp|[silent]
|-status|p2a: Rotom-Wash|slp|[from] move: Rest
|-enditem|p2a: Rotom-Wash|Chesto Berry|[eat]
|-curestatus|p2a: Rotom-Wash|slp
|
|turn|24
|callback|decision
|
|move|p1a: Dragonite|Roost|p1a: Dragonite
|-heal|p1a: Dragonite|323\/323
|move|p2a: Rotom-Wash|Volt Switch|p1a: Dragonite
|-resisted|p1a: Dragonite
|-damage|p1a: Dragonite|303\/323
|callback|decision
|
|switch|p2a: Talonflame|Talonflame, M|345\/345
|
|turn|25
|callback|decision
|
|move|p2a: Talonflame|Brave Bird|p1a: Dragonite
|-damage|p1a: Dragonite|20\/323
|-damage|p2a: Talonflame|252\/345|[from] recoil|[of] p1a: Dragonite
|move|p1a: Dragonite|Aqua Tail|p2a: Talonflame
|-supereffective|p2a: Talonflame
|-damage|p2a: Talonflame|0 fnt
|-damage|p1a: Dragonite|0 fnt|[from] item: Life Orb
|faint|p2a: Talonflame
|faint|p1a: Dragonite
|
|callback|decision
|chat|iDisorient|I really shouldn't have risked this and just sent Talon out first
|chat|iDisorient|Was reluctant to do that since you could have sent in PToed
|chat|iDisorient|Or Vappy..
|chat|PandemoniumHeart|Honestly leading off with Rotom was fine
|
|switch|p1a: Toxicroak|Toxicroak, F|276\/368
|-damage|p1a: Toxicroak|253\/368|[from] Stealth Rock
|switch|p2a: Rotom-Wash|Rotom-Wash|304\/304
|turn|26
|callback|decision
|
|move|p1a: Toxicroak|Substitute|p1a: Toxicroak
|-start|p1a: Toxicroak|Substitute
|-damage|p1a: Toxicroak|161\/368
|move|p2a: Rotom-Wash|Volt Switch|p1a: Toxicroak
|-end|p1a: Toxicroak|Substitute
|callback|decision
|
|switch|p2a: Kingdra|Kingdra, F|227\/292
|
|-heal|p1a: Toxicroak|184\/368|[from] item: Black Sludge
|turn|27
|callback|decision
|
|move|p2a: Kingdra|Dragon Pulse|p1a: Toxicroak
|-damage|p1a: Toxicroak|0 fnt
|-damage|p2a: Kingdra|198\/292|[from] item: Life Orb
|faint|p1a: Toxicroak
|
|callback|decision
|
|switch|p1a: Politoed|Politoed, M|336\/384
|-damage|p1a: Politoed|288\/384|[from] Stealth Rock
|-weather|RainDance
|turn|28
|callback|decision
|
|switch|p2a: Rotom-Wash|Rotom-Wash|304\/304
|move|p1a: Politoed|Ice Beam|p2a: Rotom-Wash
|-resisted|p2a: Rotom-Wash
|-damage|p2a: Rotom-Wash|262\/304
|
|-weather|RainDance|[upkeep]
|turn|29
|callback|decision
|
|move|p2a: Rotom-Wash|Volt Switch|p1a: Politoed
|-supereffective|p1a: Politoed
|-damage|p1a: Politoed|126\/384
|callback|decision
|
|switch|p2a: Kingdra|Kingdra, F|198\/292
|move|p1a: Politoed|Psychic|p2a: Kingdra
|-damage|p2a: Kingdra|83\/292
|-unboost|p2a: Kingdra|spd|1
|
|-weather|RainDance|[upkeep]
|turn|30
|callback|decision
|
|move|p2a: Kingdra|Hydro Pump|p1a: Politoed|[miss]
|-miss|p2a: Kingdra|p1a: Politoed
|move|p1a: Politoed|Psychic|p2a: Kingdra
|-damage|p2a: Kingdra|0 fnt
|faint|p2a: Kingdra
|
|-weather|RainDance|[upkeep]
|callback|decision
|chat|PandemoniumHeart|damn
|
|switch|p2a: Rotom-Wash|Rotom-Wash|262\/304
|turn|31
|callback|decision
|chat|PandemoniumHeart|that sucks
|chat|iDisorient|GG
|
|move|p2a: Rotom-Wash|Volt Switch|p1a: Politoed
|-supereffective|p1a: Politoed
|-damage|p1a: Politoed|0 fnt
|faint|p1a: Politoed
|
|-weather|RainDance|[upkeep]
|callback|decision
|
|switch|p1a: Vaporeon|Vaporeon, F|286\/463
|-damage|p1a: Vaporeon|229\/463|[from] Stealth Rock
|turn|32
|callback|decision
|
|move|p2a: Rotom-Wash|Volt Switch|p1a: Vaporeon
|-supereffective|p1a: Vaporeon
|-damage|p1a: Vaporeon|53\/463
|move|p1a: Vaporeon|Rest|p1a: Vaporeon
|-status|p1a: Vaporeon|slp
|-heal|p1a: Vaporeon|463\/463 slp|[silent]
|-status|p1a: Vaporeon|slp|[from] move: Rest
|
|-weather|RainDance|[upkeep]
|-curestatus|p1a: Vaporeon|slp
|turn|33
|callback|decision
|chat|iDisorient|I even scrolled up to see how much DMG it would do based on how much your Kingdra did to mine earlier
|
|move|p2a: Rotom-Wash|Volt Switch|p1a: Vaporeon
|-supereffective|p1a: Vaporeon
|-damage|p1a: Vaporeon|295\/463
|move|p1a: Vaporeon|Scald|p2a: Rotom-Wash
|-resisted|p2a: Rotom-Wash
|-damage|p2a: Rotom-Wash|187\/304
|
|-weather|RainDance|[upkeep]
|-heal|p1a: Vaporeon|323\/463|[from] item: Leftovers
|turn|34
|callback|decision
|
|move|p2a: Rotom-Wash|Volt Switch|p1a: Vaporeon
|-supereffective|p1a: Vaporeon
|-damage|p1a: Vaporeon|141\/463
|move|p1a: Vaporeon|Rest|p1a: Vaporeon
|-status|p1a: Vaporeon|slp
|-heal|p1a: Vaporeon|463\/463 slp|[silent]
|-status|p1a: Vaporeon|slp|[from] move: Rest
|
|-weather|RainDance|[upkeep]
|-curestatus|p1a: Vaporeon|slp
|turn|35
|callback|decision
|
|move|p2a: Rotom-Wash|Volt Switch|p1a: Vaporeon
|-supereffective|p1a: Vaporeon
|-damage|p1a: Vaporeon|269\/463
|move|p1a: Vaporeon|Scald|p2a: Rotom-Wash
|-resisted|p2a: Rotom-Wash
|-damage|p2a: Rotom-Wash|110\/304
|
|-weather|none
|-heal|p1a: Vaporeon|297\/463|[from] item: Leftovers
|turn|36
|callback|decision
|chat|PandemoniumHeart|the timing is bad
|chat|iDisorient|^
|
|move|p2a: Rotom-Wash|Volt Switch|p1a: Vaporeon
|-supereffective|p1a: Vaporeon
|-damage|p1a: Vaporeon|115\/463
|move|p1a: Vaporeon|Scald|p2a: Rotom-Wash
|-resisted|p2a: Rotom-Wash
|-damage|p2a: Rotom-Wash|64\/304
|-status|p2a: Rotom-Wash|brn
|
|-heal|p1a: Vaporeon|143\/463|[from] item: Leftovers
|-damage|p2a: Rotom-Wash|26\/304 brn|[from] brn
|turn|37
|callback|decision
|chat|PandemoniumHeart|GG! ha
|chat|iDisorient|I'm not losing this to Protect
|chat|PandemoniumHeart|its not a protect :P
|chat|iDisorient|I have Rest remember? :P
|chat|PandemoniumHeart|it's a draw
|
|move|p2a: Rotom-Wash|Rest|p2a: Rotom-Wash
|-status|p2a: Rotom-Wash|slp
|-heal|p2a: Rotom-Wash|304\/304 slp|[silent]
|-status|p2a: Rotom-Wash|slp|[from] move: Rest
|move|p1a: Vaporeon|Rain Dance|p1a: Vaporeon
|-weather|RainDance
|
|-weather|RainDance|[upkeep]
|-heal|p1a: Vaporeon|171\/463|[from] item: Leftovers
|turn|38
|callback|decision
|chat|iDisorient|NOOOOOOOOOOO
|chat|iDisorient|I hate you
|chat|PandemoniumHeart|lol
|
|cant|p2a: Rotom-Wash|slp
|move|p1a: Vaporeon|Rest|p1a: Vaporeon
|-status|p1a: Vaporeon|slp
|-heal|p1a: Vaporeon|463\/463 slp|[silent]
|-status|p1a: Vaporeon|slp|[from] move: Rest
|
|-weather|RainDance|[upkeep]
|-curestatus|p1a: Vaporeon|slp
|turn|39
|callback|decision
|
|cant|p2a: Rotom-Wash|slp
|move|p1a: Vaporeon|Scald|p2a: Rotom-Wash
|-resisted|p2a: Rotom-Wash
|-damage|p2a: Rotom-Wash|231\/304 slp
|
|-weather|RainDance|[upkeep]
|turn|40
|callback|decision
|
|-curestatus|p2a: Rotom-Wash|slp
|move|p2a: Rotom-Wash|Volt Switch|p1a: Vaporeon
|-supereffective|p1a: Vaporeon
|-damage|p1a: Vaporeon|289\/463
|move|p1a: Vaporeon|Scald|p2a: Rotom-Wash
|-resisted|p2a: Rotom-Wash
|-damage|p2a: Rotom-Wash|161\/304
|-status|p2a: Rotom-Wash|brn
|
|-weather|RainDance|[upkeep]
|-heal|p1a: Vaporeon|317\/463|[from] item: Leftovers
|-damage|p2a: Rotom-Wash|123\/304 brn|[from] brn
|turn|41
|callback|decision
|
|move|p2a: Rotom-Wash|Rest|p2a: Rotom-Wash
|-status|p2a: Rotom-Wash|slp
|-heal|p2a: Rotom-Wash|304\/304 slp|[silent]
|-status|p2a: Rotom-Wash|slp|[from] move: Rest
|move|p1a: Vaporeon|Rest|p1a: Vaporeon
|-status|p1a: Vaporeon|slp
|-heal|p1a: Vaporeon|463\/463 slp|[silent]
|-status|p1a: Vaporeon|slp|[from] move: Rest
|
|-weather|none
|turn|42
|callback|decision
|chat|PandemoniumHeart|well
|chat|PandemoniumHeart|this is weird
|
|cant|p2a: Rotom-Wash|slp
|cant|p1a: Vaporeon|slp
|
|turn|43
|callback|decision
|
|cant|p2a: Rotom-Wash|slp
|cant|p1a: Vaporeon|slp
|
|turn|44
|callback|decision
|
|-curestatus|p2a: Rotom-Wash|slp
|move|p2a: Rotom-Wash|Volt Switch|p1a: Vaporeon
|-supereffective|p1a: Vaporeon
|-damage|p1a: Vaporeon|289\/463 slp
|-curestatus|p1a: Vaporeon|slp
|move|p1a: Vaporeon|Rain Dance|p1a: Vaporeon
|-weather|RainDance
|
|-weather|RainDance|[upkeep]
|-heal|p1a: Vaporeon|317\/463|[from] item: Leftovers
|turn|45
|callback|decision
|
|move|p2a: Rotom-Wash|Hydro Pump|p1a: Vaporeon
|-resisted|p1a: Vaporeon
|-damage|p1a: Vaporeon|215\/463
|move|p1a: Vaporeon|Rest|p1a: Vaporeon
|-status|p1a: Vaporeon|slp
|-heal|p1a: Vaporeon|463\/463 slp|[silent]
|-status|p1a: Vaporeon|slp|[from] move: Rest
|
|-weather|RainDance|[upkeep]
|-curestatus|p1a: Vaporeon|slp
|turn|46
|callback|decision
|
|move|p2a: Rotom-Wash|Will-O-Wisp|p1a: Vaporeon
|-status|p1a: Vaporeon|brn
|move|p1a: Vaporeon|Scald|p2a: Rotom-Wash
|-resisted|p2a: Rotom-Wash
|-damage|p2a: Rotom-Wash|227\/304
|
|-weather|RainDance|[upkeep]
|-curestatus|p1a: Vaporeon|brn
|turn|47
|callback|decision
|
|move|p2a: Rotom-Wash|Volt Switch|p1a: Vaporeon
|-supereffective|p1a: Vaporeon
|-damage|p1a: Vaporeon|275\/463
|move|p1a: Vaporeon|Scald|p2a: Rotom-Wash
|-resisted|p2a: Rotom-Wash
|-damage|p2a: Rotom-Wash|159\/304
|
|-weather|RainDance|[upkeep]
|-heal|p1a: Vaporeon|303\/463|[from] item: Leftovers
|turn|48
|callback|decision
|
|move|p2a: Rotom-Wash|Volt Switch|p1a: Vaporeon
|-supereffective|p1a: Vaporeon
|-damage|p1a: Vaporeon|117\/463
|move|p1a: Vaporeon|Rest|p1a: Vaporeon
|-status|p1a: Vaporeon|slp
|-heal|p1a: Vaporeon|463\/463 slp|[silent]
|-status|p1a: Vaporeon|slp|[from] move: Rest
|
|-weather|none
|turn|49
|callback|decision
|
|move|p2a: Rotom-Wash|Volt Switch|p1a: Vaporeon
|-supereffective|p1a: Vaporeon
|-damage|p1a: Vaporeon|271\/463 slp
|cant|p1a: Vaporeon|slp
|
|-heal|p1a: Vaporeon|299\/463 slp|[from] item: Leftovers
|turn|50
|callback|decision
|
|move|p2a: Rotom-Wash|Volt Switch|p1a: Vaporeon
|-supereffective|p1a: Vaporeon
|-damage|p1a: Vaporeon|131\/463 slp
|cant|p1a: Vaporeon|slp
|
|-heal|p1a: Vaporeon|159\/463 slp|[from] item: Leftovers
|turn|51
|callback|decision
|chat|PandemoniumHeart|gg
|chat|iDisorient|gg
|
|move|p2a: Rotom-Wash|Volt Switch|p1a: Vaporeon
|-supereffective|p1a: Vaporeon
|-damage|p1a: Vaporeon|0 fnt
|faint|p1a: Vaporeon
|
|win|iDisorient
|raw|Ladder updating...
|raw|PandemoniumHeart's rating: 1739 &rarr; <strong>1736<\/strong><br \/>(-3 for losing)
|raw|iDisorient's rating: 1254 &rarr; <strong>1563<\/strong><br \/>(+309 for winning)
|leave|PandemoniumHeart