|join|Captain Fuccboi420
|join|Tommy Shay
|player|p1|Captain Fuccboi420|2
|player|p2|Tommy Shay|125
|gametype|singles
|gen|6
|tier|UU
|rated
|rule|Sleep Clause Mod: Limit one foe put to sleep
|rule|Species Clause: Limit one of each PokÃ©mon
|rule|OHKO Clause: OHKO moves are banned
|rule|Moody Clause: Moody is banned
|rule|Evasion Moves Clause: Evasion moves are banned
|rule|Endless Battle Clause: Forcing endless battles is banned
|rule|HP Percentage Mod: HP is shown in percentages
|clearpoke
|poke|p1|Swampert, F
|poke|p1|Celebi
|poke|p1|Entei, shiny
|poke|p1|Forretress, M
|poke|p1|Mienshao, M
|poke|p1|Hydreigon, F
|poke|p2|Mienshao, M
|poke|p2|Absol, F
|poke|p2|Lucario, F
|poke|p2|Shaymin
|poke|p2|Swampert, M
|poke|p2|Crobat, M
|rule|Swagger Clause: Swagger is banned
|rule|Baton Pass Clause: Limit one PokÃ©mon knowing Baton Pass
|teampreview
|
|start
|switch|p1a: Swampert|Swampert, F|404\/404
|switch|p2a: Shaymin|Shaymin|341\/341
|turn|1
|join|bipitibop
|c| bipitibop|who's winnig?
|
|switch|p1a: Celebi|Celebi|404\/404
|move|p2a: Shaymin|Seed Flare|p1a: Celebi
|-resisted|p1a: Celebi
|-damage|p1a: Celebi|315\/404
|-unboost|p1a: Celebi|spd|2
|
|-heal|p1a: Celebi|340\/404|[from] item: Leftovers
|turn|2
|
|switch|p2a: Crobat|Crobat, M|373\/373
|move|p1a: Celebi|U-turn|p2a: Crobat
|-resisted|p2a: Crobat
|-damage|p2a: Crobat|357\/373
|
|switch|p1a: Entei|Entei, shiny|372\/372
|-ability|p1a: Entei|Pressure
|
|-heal|p2a: Crobat|373\/373|[from] item: Black Sludge
|turn|3
|
|switch|p2a: Swampert|Swampert, M|403\/403
|move|p1a: Entei|Sacred Fire|p2a: Swampert
|-resisted|p2a: Swampert
|-damage|p2a: Swampert|308\/403
|-status|p2a: Swampert|brn
|
|-heal|p2a: Swampert|333\/403 brn|[from] item: Leftovers
|-damage|p2a: Swampert|283\/403 brn|[from] brn
|turn|4
|
|switch|p1a: Forretress|Forretress, M|354\/354
|move|p2a: Swampert|Stealth Rock|p1a: Forretress
|-sidestart|p1: Captain Fuccboi420|move: Stealth Rock
|
|-heal|p2a: Swampert|308\/403 brn|[from] item: Leftovers
|-damage|p2a: Swampert|258\/403 brn|[from] brn
|turn|5
|
|move|p2a: Swampert|Scald|p1a: Forretress
|-damage|p1a: Forretress|237\/354
|-status|p1a: Forretress|brn
|move|p1a: Forretress|Spikes|p2a: Swampert
|-sidestart|p2: Tommy Shay|Spikes
|
|-heal|p2a: Swampert|283\/403 brn|[from] item: Leftovers
|-heal|p1a: Forretress|259\/354 brn|[from] item: Leftovers
|-damage|p2a: Swampert|233\/403 brn|[from] brn
|-damage|p1a: Forretress|215\/354 brn|[from] brn
|turn|6
|
|switch|p2a: Crobat|Crobat, M|373\/373
|move|p1a: Forretress|Rapid Spin|p2a: Crobat
|-damage|p2a: Crobat|364\/373
|-sideend|p1: Captain Fuccboi420|Stealth Rock|[from] move: Rapid Spin|[of] p1a: Forretress
|
|-heal|p2a: Crobat|373\/373|[from] item: Black Sludge
|-heal|p1a: Forretress|237\/354 brn|[from] item: Leftovers
|-damage|p1a: Forretress|193\/354 brn|[from] brn
|turn|7
|
|move|p2a: Crobat|Defog|p1a: Forretress
|-unboost|p1a: Forretress|evasion|1
|-sideend|p2: Tommy Shay|Spikes|[from] move: Defog|[of] p2a: Crobat
|move|p1a: Forretress|Volt Switch|p2a: Crobat
|-supereffective|p2a: Crobat
|-damage|p2a: Crobat|289\/373
|c|âTommy Shay|my connection has been kind of crap today, by the way
|
|switch|p1a: Entei|Entei, shiny|372\/372
|-ability|p1a: Entei|Pressure
|
|-heal|p2a: Crobat|312\/373|[from] item: Black Sludge
|turn|8
|c|âTommy Shay|if I seem to disappear, I swear I'm not trying to stall intentionally
|
|switch|p2a: Swampert|Swampert, M|233\/403 brn
|move|p1a: Entei|Sacred Fire|p2a: Swampert
|-resisted|p2a: Swampert
|-damage|p2a: Swampert|137\/403 brn
|
|-heal|p2a: Swampert|162\/403 brn|[from] item: Leftovers
|-damage|p2a: Swampert|112\/403 brn|[from] brn
|turn|9
|
|switch|p1a: Forretress|Forretress, M|193\/354 brn
|move|p2a: Swampert|Stealth Rock|p1a: Forretress
|-sidestart|p1: Captain Fuccboi420|move: Stealth Rock
|
|-heal|p2a: Swampert|137\/403 brn|[from] item: Leftovers
|-heal|p1a: Forretress|215\/354 brn|[from] item: Leftovers
|-damage|p2a: Swampert|87\/403 brn|[from] brn
|-damage|p1a: Forretress|171\/354 brn|[from] brn
|turn|10
|
|switch|p2a: Lucario|Lucario, F|281\/281
|move|p1a: Forretress|Rapid Spin|p2a: Lucario
|-resisted|p2a: Lucario
|-damage|p2a: Lucario|276\/281
|-sideend|p1: Captain Fuccboi420|Stealth Rock|[from] move: Rapid Spin|[of] p1a: Forretress
|
|-heal|p1a: Forretress|193\/354 brn|[from] item: Leftovers
|-damage|p1a: Forretress|149\/354 brn|[from] brn
|turn|11
|
|move|p2a: Lucario|Close Combat|p1a: Forretress
|-damage|p1a: Forretress|0 fnt
|-unboost|p2a: Lucario|def|1
|-unboost|p2a: Lucario|spd|1
|-damage|p2a: Lucario|248\/281|[from] item: Life Orb
|faint|p1a: Forretress
|
|
|switch|p1a: Swampert|Swampert, F|404\/404
|turn|12
|
|switch|p2a: Shaymin|Shaymin|341\/341
|move|p1a: Swampert|Stealth Rock|p2a: Shaymin
|-sidestart|p2: Tommy Shay|move: Stealth Rock
|
|turn|13
|
|switch|p2a: Crobat|Crobat, M|312\/373
|-damage|p2a: Crobat|219\/373|[from] Stealth Rock
|switch|p1a: Hydreigon|Hydreigon, F|325\/325
|
|-heal|p2a: Crobat|242\/373|[from] item: Black Sludge
|turn|14
|
|switch|p2a: Swampert|Swampert, M|87\/403 brn
|-damage|p2a: Swampert|62\/403 brn|[from] Stealth Rock
|move|p1a: Hydreigon|Draco Meteor|p2a: Swampert|[miss]
|-miss|p1a: Hydreigon|p2a: Swampert
|
|-heal|p2a: Swampert|87\/403 brn|[from] item: Leftovers
|-damage|p2a: Swampert|37\/403 brn|[from] brn
|turn|15
|
|move|p1a: Hydreigon|Draco Meteor|p2a: Swampert
|-damage|p2a: Swampert|0 fnt
|-unboost|p1a: Hydreigon|spa|2
|faint|p2a: Swampert
|
|
|switch|p2a: Mienshao|Mienshao, M|271\/271
|-damage|p2a: Mienshao|255\/271|[from] Stealth Rock
|turn|16
|
|switch|p1a: Entei|Entei, shiny|372\/372
|-ability|p1a: Entei|Pressure
|move|p2a: Mienshao|U-turn|p1a: Entei
|-resisted|p1a: Entei
|-damage|p1a: Entei|308\/372
|
|switch|p2a: Crobat|Crobat, M|242\/373
|-damage|p2a: Crobat|149\/373|[from] Stealth Rock
|
|-heal|p2a: Crobat|172\/373|[from] item: Black Sludge
|turn|17
|
|move|p2a: Crobat|Roost|p2a: Crobat
|-heal|p2a: Crobat|359\/373
|move|p1a: Entei|Sacred Fire|p2a: Crobat
|-damage|p2a: Crobat|59\/373
|
|-heal|p2a: Crobat|82\/373|[from] item: Black Sludge
|turn|18
|
|move|p2a: Crobat|Brave Bird|p1a: Entei
|-damage|p1a: Entei|145\/372
|-damage|p2a: Crobat|28\/373|[from] recoil|[of] p1a: Entei
|move|p1a: Entei|Sacred Fire|p2a: Crobat
|-damage|p2a: Crobat|0 fnt
|faint|p2a: Crobat
|
|
|switch|p2a: Mienshao|Mienshao, M|255\/271
|-damage|p2a: Mienshao|239\/271|[from] Stealth Rock
|turn|19
|
|switch|p1a: Celebi|Celebi|340\/404
|move|p2a: Mienshao|High Jump Kick|p1a: Celebi
|-resisted|p1a: Celebi
|-damage|p1a: Celebi|129\/404
|
|-heal|p1a: Celebi|154\/404|[from] item: Leftovers
|turn|20
|
|move|p2a: Mienshao|High Jump Kick|p1a: Celebi
|-resisted|p1a: Celebi
|-damage|p1a: Celebi|0 fnt
|faint|p1a: Celebi
|
|
|switch|p1a: Hydreigon|Hydreigon, F|325\/325
|turn|21
|
|move|p1a: Hydreigon|Fire Blast|p2a: Mienshao
|-damage|p2a: Mienshao|64\/271
|move|p2a: Mienshao|High Jump Kick|p1a: Hydreigon
|-supereffective|p1a: Hydreigon
|-damage|p1a: Hydreigon|0 fnt
|faint|p1a: Hydreigon
|
|
|switch|p1a: Mienshao|Mienshao, M|271\/271
|turn|22
|
|move|p1a: Mienshao|Fake Out|p2a: Mienshao
|-damage|p2a: Mienshao|0 fnt
|-damage|p1a: Mienshao|244\/271|[from] item: Life Orb
|faint|p2a: Mienshao
|
|
|switch|p2a: Shaymin|Shaymin|341\/341
|-damage|p2a: Shaymin|299\/341|[from] Stealth Rock
|turn|23
|
|move|p1a: Mienshao|U-turn|p2a: Shaymin
|-supereffective|p2a: Shaymin
|-damage|p2a: Shaymin|107\/341
|-damage|p1a: Mienshao|217\/271|[from] item: Life Orb
|
|switch|p1a: Entei|Entei, shiny|145\/372
|-ability|p1a: Entei|Pressure
|move|p2a: Shaymin|Seed Flare|p1a: Entei
|-resisted|p1a: Entei
|-damage|p1a: Entei|0 fnt
|faint|p1a: Entei
|
|
|switch|p1a: Mienshao|Mienshao, M|271\/271
|turn|24
|
|move|p1a: Mienshao|High Jump Kick|p2a: Shaymin
|-damage|p2a: Shaymin|0 fnt
|-damage|p1a: Mienshao|244\/271|[from] item: Life Orb
|faint|p2a: Shaymin
|
|
|switch|p2a: Absol|Absol, F|271\/271
|-damage|p2a: Absol|238\/271|[from] Stealth Rock
|turn|25
|
|switch|p1a: Swampert|Swampert, F|404\/404
|detailschange|p2a: Absol|Absol-Mega, F
|-mega|p2a: Absol|Absol|Absolite
|move|p2a: Absol|Play Rough|p1a: Swampert
|-damage|p1a: Swampert|278\/404
|
|-heal|p1a: Swampert|303\/404|[from] item: Leftovers
|turn|26
|
|move|p2a: Absol|Knock Off|p1a: Swampert
|-damage|p1a: Swampert|96\/404
|-enditem|p1a: Swampert|Leftovers|[from] move: Knock Off|[of] p2a: Absol
|move|p1a: Swampert|Earthquake|p2a: Absol
|-damage|p2a: Absol|54\/271
|
|turn|27
|
|move|p2a: Absol|Play Rough|p1a: Swampert
|-damage|p1a: Swampert|0 fnt
|faint|p1a: Swampert
|
|
|switch|p1a: Mienshao|Mienshao, M|271\/271
|turn|28
|
|switch|p2a: Lucario|Lucario, F|248\/281
|-damage|p2a: Lucario|240\/281|[from] Stealth Rock
|move|p1a: Mienshao|Fake Out|p2a: Lucario
|-resisted|p2a: Lucario
|-damage|p2a: Lucario|201\/281
|-damage|p1a: Mienshao|244\/271|[from] item: Life Orb
|
|turn|29
|
|move|p2a: Lucario|Extreme Speed|p1a: Mienshao
|-damage|p1a: Mienshao|67\/271
|-damage|p2a: Lucario|173\/281|[from] item: Life Orb
|move|p1a: Mienshao|High Jump Kick|p2a: Lucario
|-supereffective|p2a: Lucario
|-damage|p2a: Lucario|0 fnt
|-damage|p1a: Mienshao|40\/271|[from] item: Life Orb
|faint|p2a: Lucario
|
|
|switch|p2a: Absol|Absol-Mega, F|54\/271
|-damage|p2a: Absol|21\/271|[from] Stealth Rock
|turn|30
|
|move|p2a: Absol|Knock Off|p1a: Mienshao
|-resisted|p1a: Mienshao
|-damage|p1a: Mienshao|0 fnt
|-enditem|p1a: Mienshao|Life Orb|[from] move: Knock Off|[of] p2a: Absol
|faint|p1a: Mienshao
|
|win|Tommy Shay
|raw|Ladder updating...
|raw|Captain Fuccboi420's rating: 1741 &rarr; <strong>1708<\/strong><br \/>(-33 for losing)
|raw|Tommy Shay's rating: 1459 &rarr; <strong>1492<\/strong><br \/>(+33 for winning)
|c|âTommy Shay|gg
|leave|Captain Fuccboi420
|player|p1