|join|captain fuccboi420
|join|Kinkiest Achieve
|player|p1|captain fuccboi420|102
|player|p2|Kinkiest Achieve|22
|gametype|singles
|gen|6
|tier|UU
|rated
|rule|Sleep Clause Mod: Limit one foe put to sleep
|rule|Species Clause: Limit one of each PokÃ©mon
|rule|OHKO Clause: OHKO moves are banned
|rule|Moody Clause: Moody is banned
|rule|Evasion Moves Clause: Evasion moves are banned
|rule|Endless Battle Clause: Forcing endless battles is banned
|rule|HP Percentage Mod: HP is shown in percentages
|clearpoke
|poke|p1|Swampert, F
|poke|p1|Celebi
|poke|p1|Entei, shiny
|poke|p1|Forretress, F
|poke|p1|Mienshao, F
|poke|p1|Hydreigon, F
|poke|p2|Machamp, F
|poke|p2|Azelf
|poke|p2|Umbreon, M
|poke|p2|Blastoise, M
|poke|p2|Darmanitan, F
|poke|p2|Zygarde
|rule|Swagger Clause: Swagger is banned
|rule|Baton Pass Clause: Limit one PokÃ©mon knowing Baton Pass
|teampreview
|
|start
|switch|p1a: Swampert|Swampert, F|404\/404
|switch|p2a: Blastoise|Blastoise, M|345\/345
|turn|1
|
|detailschange|p2a: Blastoise|Blastoise-Mega, M
|message|Blastoise has Mega Evolved into Mega Blastoise!
|move|p2a: Blastoise|Scald|p1a: Swampert
|-damage|p1a: Swampert|283\/404
|move|p1a: Swampert|Stealth Rock|p2a: Blastoise
|-sidestart|p2: Kinkiest Achieve|move: Stealth Rock
|
|-heal|p1a: Swampert|308\/404|[from] item: Leftovers
|turn|2
|
|switch|p1a: Celebi|Celebi|404\/404
|move|p2a: Blastoise|Rapid Spin|p1a: Celebi
|-damage|p1a: Celebi|389\/404
|-sideend|p2: Kinkiest Achieve|Stealth Rock|[from] move: Rapid Spin|[of] p2a: Blastoise
|
|-heal|p1a: Celebi|404\/404|[from] item: Leftovers
|turn|3
|
|move|p1a: Celebi|Nasty Plot|p1a: Celebi
|-boost|p1a: Celebi|spa|2
|move|p2a: Blastoise|Dark Pulse|p1a: Celebi
|-supereffective|p1a: Celebi
|-damage|p1a: Celebi|156\/404
|
|-heal|p1a: Celebi|181\/404|[from] item: Leftovers
|turn|4
|
|switch|p2a: Azelf|Azelf|291\/291
|move|p1a: Celebi|Giga Drain|p2a: Azelf
|-damage|p2a: Azelf|75\/291
|-heal|p1a: Celebi|289\/404|[from] drain|[of] p2a: Azelf
|
|-heal|p1a: Celebi|314\/404|[from] item: Leftovers
|turn|5
|
|move|p2a: Azelf|Stealth Rock|p1a: Celebi
|-sidestart|p1: captain fuccboi420|move: Stealth Rock
|move|p1a: Celebi|U-turn|p2a: Azelf
|-supereffective|p2a: Azelf
|-damage|p2a: Azelf|0 fnt
|faint|p2a: Azelf
|
|switch|p1a: Hydreigon|Hydreigon, F|325\/325
|-damage|p1a: Hydreigon|285\/325|[from] Stealth Rock
|
|
|switch|p2a: Umbreon|Umbreon, M|394\/394
|turn|6
|
|move|p1a: Hydreigon|U-turn|p2a: Umbreon
|-supereffective|p2a: Umbreon
|-damage|p2a: Umbreon|298\/394
|
|switch|p1a: Forretress|Forretress, F|354\/354
|-damage|p1a: Forretress|310\/354|[from] Stealth Rock
|move|p2a: Umbreon|Baton Pass|p2a: Umbreon
|
|switch|p2a: Darmanitan|Darmanitan, F|351\/351
|
|-heal|p1a: Forretress|332\/354|[from] item: Leftovers
|turn|7
|c|âcaptain fuccboi420|legit
|
|switch|p1a: Swampert|Swampert, F|308\/404
|-damage|p1a: Swampert|283\/404|[from] Stealth Rock
|move|p2a: Darmanitan|Flare Blitz|p1a: Swampert
|-resisted|p1a: Swampert
|-damage|p1a: Swampert|133\/404
|-damage|p2a: Darmanitan|301\/351|[from] recoil|[of] p1a: Swampert
|
|-heal|p1a: Swampert|158\/404|[from] item: Leftovers
|turn|8
|
|switch|p2a: Blastoise|Blastoise-Mega, M|345\/345
|move|p1a: Swampert|Stealth Rock|p2a: Blastoise
|-sidestart|p2: Kinkiest Achieve|move: Stealth Rock
|
|-heal|p1a: Swampert|183\/404|[from] item: Leftovers
|turn|9
|
|switch|p1a: Celebi|Celebi|314\/404
|-damage|p1a: Celebi|264\/404|[from] Stealth Rock
|move|p2a: Blastoise|Rapid Spin|p1a: Celebi
|-damage|p1a: Celebi|249\/404
|-sideend|p2: Kinkiest Achieve|Stealth Rock|[from] move: Rapid Spin|[of] p2a: Blastoise
|
|-heal|p1a: Celebi|274\/404|[from] item: Leftovers
|turn|10
|
|switch|p2a: Darmanitan|Darmanitan, F|301\/351
|move|p1a: Celebi|Nasty Plot|p1a: Celebi
|-boost|p1a: Celebi|spa|2
|
|-heal|p1a: Celebi|299\/404|[from] item: Leftovers
|turn|11
|
|switch|p1a: Hydreigon|Hydreigon, F|285\/325
|-damage|p1a: Hydreigon|245\/325|[from] Stealth Rock
|move|p2a: Darmanitan|U-turn|p1a: Hydreigon
|-supereffective|p1a: Hydreigon
|-damage|p1a: Hydreigon|25\/325
|
|switch|p2a: Machamp|Machamp, F|321\/321
|
|turn|12
|
|switch|p1a: Forretress|Forretress, F|332\/354
|-damage|p1a: Forretress|288\/354|[from] Stealth Rock
|move|p2a: Machamp|Bullet Punch|p1a: Forretress
|-resisted|p1a: Forretress
|-damage|p1a: Forretress|264\/354
|
|-heal|p1a: Forretress|286\/354|[from] item: Leftovers
|turn|13
|
|switch|p2a: Darmanitan|Darmanitan, F|301\/351
|move|p1a: Forretress|Rapid Spin|p2a: Darmanitan
|-damage|p2a: Darmanitan|279\/351
|-sideend|p1: captain fuccboi420|Stealth Rock|[from] move: Rapid Spin|[of] p1a: Forretress
|
|-heal|p1a: Forretress|308\/354|[from] item: Leftovers
|turn|14
|
|switch|p1a: Swampert|Swampert, F|183\/404
|move|p2a: Darmanitan|Flare Blitz|p1a: Swampert
|-resisted|p1a: Swampert
|-damage|p1a: Swampert|33\/404
|-damage|p2a: Darmanitan|229\/351|[from] recoil|[of] p1a: Swampert
|
|-heal|p1a: Swampert|58\/404|[from] item: Leftovers
|turn|15
|
|switch|p1a: Entei|Entei, shiny|372\/372
|-ability|p1a: Entei|Pressure
|move|p2a: Darmanitan|Flare Blitz|p1a: Entei
|-resisted|p1a: Entei
|-damage|p1a: Entei|204\/372
|-damage|p2a: Darmanitan|174\/351|[from] recoil|[of] p1a: Entei
|
|turn|16
|
|switch|p2a: Blastoise|Blastoise-Mega, M|345\/345
|move|p1a: Entei|Sacred Fire|p2a: Blastoise
|-resisted|p2a: Blastoise
|-damage|p2a: Blastoise|235\/345
|-status|p2a: Blastoise|brn
|
|-damage|p2a: Blastoise|192\/345 brn|[from] brn
|turn|17
|
|switch|p1a: Celebi|Celebi|299\/404
|move|p2a: Blastoise|Dark Pulse|p1a: Celebi
|-supereffective|p1a: Celebi
|-damage|p1a: Celebi|51\/404
|
|-heal|p1a: Celebi|76\/404|[from] item: Leftovers
|-damage|p2a: Blastoise|149\/345 brn|[from] brn
|turn|18
|
|move|p1a: Celebi|U-turn|p2a: Blastoise
|-damage|p2a: Blastoise|98\/345 brn
|
|switch|p1a: Swampert|Swampert, F|58\/404
|move|p2a: Blastoise|Dark Pulse|p1a: Swampert
|-damage|p1a: Swampert|0 fnt
|faint|p1a: Swampert
|
|-damage|p2a: Blastoise|55\/345 brn|[from] brn
|
|switch|p1a: Mienshao|Mienshao, F|271\/271
|turn|19
|
|move|p1a: Mienshao|U-turn|p2a: Blastoise
|-damage|p2a: Blastoise|0 fnt
|-damage|p1a: Mienshao|244\/271|[from] item: Life Orb
|faint|p2a: Blastoise
|
|switch|p1a: Entei|Entei, shiny|204\/372
|-ability|p1a: Entei|Pressure
|
|
|switch|p2a: Umbreon|Umbreon, M|298\/394
|turn|20
|
|move|p2a: Umbreon|Protect|p2a: Umbreon
|-singleturn|p2a: Umbreon|Protect
|move|p1a: Entei|Sacred Fire|p2a: Umbreon
|-activate|p2a: Umbreon|Protect
|
|-heal|p2a: Umbreon|322\/394|[from] item: Leftovers
|turn|21
|
|move|p1a: Entei|Sacred Fire|p2a: Umbreon
|-damage|p2a: Umbreon|112\/394
|move|p2a: Umbreon|Wish|p2a: Umbreon
|
|-heal|p2a: Umbreon|136\/394|[from] item: Leftovers
|turn|22
|
|switch|p1a: Mienshao|Mienshao, F|271\/271
|move|p2a: Umbreon|Protect|p2a: Umbreon
|-fail|p2a: Umbreon
|
|-heal|p2a: Umbreon|333\/394|[from] move: Wish|[wisher] Umbreon
|-heal|p2a: Umbreon|357\/394|[from] item: Leftovers
|turn|23
|
|move|p1a: Mienshao|Knock Off|p2a: Umbreon
|-resisted|p2a: Umbreon
|-damage|p2a: Umbreon|301\/394
|-enditem|p2a: Umbreon|Leftovers|[from] move: Knock Off|[of] p1a: Mienshao
|-damage|p1a: Mienshao|244\/271|[from] item: Life Orb
|move|p2a: Umbreon|Foul Play|p1a: Mienshao
|-resisted|p1a: Mienshao
|-damage|p1a: Mienshao|114\/271
|
|turn|24
|
|move|p1a: Mienshao|U-turn|p2a: Umbreon
|-supereffective|p2a: Umbreon
|-damage|p2a: Umbreon|124\/394
|-damage|p1a: Mienshao|87\/271|[from] item: Life Orb
|
|switch|p1a: Forretress|Forretress, F|308\/354
|move|p2a: Umbreon|Foul Play|p1a: Forretress
|-damage|p1a: Forretress|244\/354
|
|-heal|p1a: Forretress|266\/354|[from] item: Leftovers
|turn|25
|
|move|p2a: Umbreon|Baton Pass|p2a: Umbreon
|
|switch|p2a: Zygarde|Zygarde|417\/417
|-ability|p2a: Zygarde|Aura Break
|move|p1a: Forretress|Volt Switch|p2a: Zygarde
|-immune|p2a: Zygarde|[msg]
|
|-heal|p1a: Forretress|288\/354|[from] item: Leftovers
|turn|26
|
|move|p2a: Zygarde|Substitute|p2a: Zygarde
|-start|p2a: Zygarde|Substitute
|-damage|p2a: Zygarde|313\/417
|move|p1a: Forretress|Spikes|p2a: Zygarde
|-sidestart|p2: Kinkiest Achieve|Spikes
|
|-heal|p2a: Zygarde|339\/417|[from] item: Leftovers
|-heal|p1a: Forretress|310\/354|[from] item: Leftovers
|turn|27
|
|move|p2a: Zygarde|Coil|p2a: Zygarde
|-boost|p2a: Zygarde|atk|1
|-boost|p2a: Zygarde|def|1
|-boost|p2a: Zygarde|accuracy|1
|move|p1a: Forretress|Gyro Ball|p2a: Zygarde
|-activate|p2a: Zygarde|Substitute|[damage]
|
|-heal|p2a: Zygarde|365\/417|[from] item: Leftovers
|-heal|p1a: Forretress|332\/354|[from] item: Leftovers
|turn|28
|
|switch|p1a: Celebi|Celebi|76\/404
|move|p2a: Zygarde|Coil|p2a: Zygarde
|-boost|p2a: Zygarde|atk|1
|-boost|p2a: Zygarde|def|1
|-boost|p2a: Zygarde|accuracy|1
|
|-heal|p1a: Celebi|101\/404|[from] item: Leftovers
|-heal|p2a: Zygarde|391\/417|[from] item: Leftovers
|turn|29
|
|move|p1a: Celebi|Psychic|p2a: Zygarde
|-end|p2a: Zygarde|Substitute
|move|p2a: Zygarde|Dragon Tail|p1a: Celebi
|-damage|p1a: Celebi|0 fnt
|faint|p1a: Celebi
|
|-heal|p2a: Zygarde|417\/417|[from] item: Leftovers
|
|switch|p1a: Hydreigon|Hydreigon, F|25\/325
|turn|30
|
|switch|p2a: Umbreon|Umbreon, M|124\/394
|-damage|p2a: Umbreon|75\/394|[from] Spikes
|move|p1a: Hydreigon|Draco Meteor|p2a: Umbreon
|-damage|p2a: Umbreon|0 fnt
|-unboost|p1a: Hydreigon|spa|2
|faint|p2a: Umbreon
|
|
|switch|p2a: Machamp|Machamp, F|321\/321
|-damage|p2a: Machamp|281\/321|[from] Spikes
|turn|31
|
|switch|p1a: Forretress|Forretress, F|332\/354
|move|p2a: Machamp|Dynamic Punch|p1a: Forretress
|-damage|p1a: Forretress|170\/354
|-start|p1a: Forretress|confusion
|
|-heal|p1a: Forretress|192\/354|[from] item: Leftovers
|turn|32
|
|move|p2a: Machamp|Dynamic Punch|p1a: Forretress
|-damage|p1a: Forretress|15\/354
|-activate|p1a: Forretress|confusion
|-damage|p1a: Forretress|0 fnt|[from] confusion
|faint|p1a: Forretress
|
|
|switch|p1a: Mienshao|Mienshao, F|177\/271
|turn|33
|
|move|p1a: Mienshao|Fake Out|p2a: Machamp
|-damage|p2a: Machamp|204\/321
|-damage|p1a: Mienshao|150\/271|[from] item: Life Orb
|cant|p2a: Machamp|flinch
|
|turn|34
|
|move|p1a: Mienshao|High Jump Kick|p2a: Machamp
|-damage|p2a: Machamp|0 fnt
|-damage|p1a: Mienshao|123\/271|[from] item: Life Orb
|faint|p2a: Machamp
|
|
|switch|p2a: Darmanitan|Darmanitan, F|174\/351
|-damage|p2a: Darmanitan|131\/351|[from] Spikes
|turn|35
|
|switch|p1a: Entei|Entei, shiny|204\/372
|-ability|p1a: Entei|Pressure
|move|p2a: Darmanitan|Rock Slide|p1a: Entei
|-supereffective|p1a: Entei
|-damage|p1a: Entei|0 fnt
|faint|p1a: Entei
|
|
|switch|p1a: Mienshao|Mienshao, F|213\/271
|turn|36
|
|switch|p2a: Zygarde|Zygarde|417\/417
|-damage|p2a: Zygarde|365\/417|[from] Spikes
|-ability|p2a: Zygarde|Aura Break
|move|p1a: Mienshao|High Jump Kick|p2a: Zygarde
|-damage|p2a: Zygarde|153\/417
|-damage|p1a: Mienshao|186\/271|[from] item: Life Orb
|
|-heal|p2a: Zygarde|179\/417|[from] item: Leftovers
|turn|37
|
|move|p1a: Mienshao|High Jump Kick|p2a: Zygarde
|-damage|p2a: Zygarde|0 fnt
|-damage|p1a: Mienshao|159\/271|[from] item: Life Orb
|faint|p2a: Zygarde
|
|
|switch|p2a: Darmanitan|Darmanitan, F|131\/351
|-damage|p2a: Darmanitan|88\/351|[from] Spikes
|turn|38
|c|âcaptain fuccboi420|gg
|c|âKinkiest Achieve|gg
|
|move|p2a: Darmanitan|Flare Blitz|p1a: Mienshao
|-damage|p1a: Mienshao|0 fnt
|-damage|p2a: Darmanitan|36\/351|[from] recoil|[of] p1a: Mienshao
|faint|p1a: Mienshao
|
|
|switch|p1a: Hydreigon|Hydreigon, F|25\/325
|turn|39
|
|move|p1a: Hydreigon|Dark Pulse|p2a: Darmanitan
|-damage|p2a: Darmanitan|0 fnt
|faint|p2a: Darmanitan
|
|win|captain fuccboi420
|raw|Ladder updating...
|raw|captain fuccboi420's rating: 1521 &rarr; <strong>1533<\/strong><br \/>(+12 for winning)
|raw|Kinkiest Achieve's rating: 1390 &rarr; <strong>1377<\/strong><br \/>(-13 for losing)
|leave|Kinkiest Achieve
|player|p2