|join|captain fuccboi420
|join|purrl
|player|p1|captain fuccboi420|1
|player|p2|purrl|8
|gametype|singles
|gen|6
|tier|UU
|rated
|rule|Sleep Clause Mod: Limit one foe put to sleep
|rule|Species Clause: Limit one of each PokÃ©mon
|rule|OHKO Clause: OHKO moves are banned
|rule|Moody Clause: Moody is banned
|rule|Evasion Moves Clause: Evasion moves are banned
|rule|Endless Battle Clause: Forcing endless battles is banned
|rule|HP Percentage Mod: HP is shown in percentages
|clearpoke
|poke|p1|Swampert, M
|poke|p1|Celebi
|poke|p1|Entei, shiny
|poke|p1|Forretress, F
|poke|p1|Mienshao, M
|poke|p1|Hydreigon, F
|poke|p2|Sharpedo, M
|poke|p2|Entei, shiny
|poke|p2|Jirachi
|poke|p2|Crobat, F, shiny
|poke|p2|Swampert, M
|poke|p2|Toxicroak, M
|rule|Swagger Clause: Swagger is banned
|rule|Baton Pass Clause: Limit one PokÃ©mon knowing Baton Pass
|teampreview
|
|start
|switch|p1a: Swampert|Swampert, M|404\/404
|switch|p2a: Crobat|Crobat, F, shiny|373\/373
|turn|1
|
|move|p2a: Crobat|Toxic|p1a: Swampert
|-status|p1a: Swampert|tox
|move|p1a: Swampert|Scald|p2a: Crobat
|-damage|p2a: Crobat|271\/373
|-status|p2a: Crobat|brn
|
|-heal|p2a: Crobat|294\/373 brn|[from] item: Black Sludge
|-damage|p2a: Crobat|248\/373 brn|[from] brn
|-damage|p1a: Swampert|379\/404 tox|[from] psn
|turn|2
|
|move|p2a: Crobat|Roost|p2a: Crobat
|-heal|p2a: Crobat|373\/373 brn
|move|p1a: Swampert|Stealth Rock|p2a: Crobat
|-sidestart|p2: purrl|move: Stealth Rock
|
|-heal|p1a: Swampert|404\/404 tox|[from] item: Leftovers
|-damage|p2a: Crobat|327\/373 brn|[from] brn
|-damage|p1a: Swampert|354\/404 tox|[from] psn
|turn|3
|
|switch|p1a: Entei|Entei, shiny|372\/372
|-ability|p1a: Entei|Pressure
|move|p2a: Crobat|Defog|p1a: Entei
|-unboost|p1a: Entei|evasion|1
|-sideend|p2: purrl|Stealth Rock|[from] move: Defog|[of] p2a: Crobat
|
|-heal|p2a: Crobat|350\/373 brn|[from] item: Black Sludge
|-damage|p2a: Crobat|304\/373 brn|[from] brn
|turn|4
|
|move|p2a: Crobat|Toxic|p1a: Entei
|-status|p1a: Entei|tox
|move|p1a: Entei|Sacred Fire|p2a: Crobat
|-damage|p2a: Crobat|0 fnt
|faint|p2a: Crobat
|
|-damage|p1a: Entei|349\/372 tox|[from] psn
|
|switch|p2a: Swampert|Swampert, M|401\/401
|turn|5
|
|switch|p1a: Swampert|Swampert, M|354\/404 tox
|move|p2a: Swampert|Stealth Rock|p1a: Swampert
|-sidestart|p1: captain fuccboi420|move: Stealth Rock
|
|-heal|p1a: Swampert|379\/404 tox|[from] item: Leftovers
|-damage|p1a: Swampert|354\/404 tox|[from] psn
|turn|6
|
|move|p1a: Swampert|Stealth Rock|p2a: Swampert
|-sidestart|p2: purrl|move: Stealth Rock
|move|p2a: Swampert|Earthquake|p1a: Swampert
|-crit|p1a: Swampert
|-damage|p1a: Swampert|144\/404 tox
|
|-heal|p1a: Swampert|169\/404 tox|[from] item: Leftovers
|-damage|p1a: Swampert|119\/404 tox|[from] psn
|turn|7
|
|switch|p1a: Celebi|Celebi|404\/404
|-damage|p1a: Celebi|354\/404|[from] Stealth Rock
|move|p2a: Swampert|Roar|p1a: Celebi
|drag|p1a: Swampert|Swampert, M|119\/404 tox
|-damage|p1a: Swampert|94\/404 tox|[from] Stealth Rock
|
|-heal|p1a: Swampert|119\/404 tox|[from] item: Leftovers
|-damage|p1a: Swampert|94\/404 tox|[from] psn
|turn|8
|
|switch|p1a: Celebi|Celebi|354\/404
|-damage|p1a: Celebi|304\/404|[from] Stealth Rock
|move|p2a: Swampert|Scald|p1a: Celebi
|-resisted|p1a: Celebi
|-damage|p1a: Celebi|271\/404
|-status|p1a: Celebi|brn
|
|-heal|p1a: Celebi|296\/404 brn|[from] item: Leftovers
|-damage|p1a: Celebi|246\/404 brn|[from] brn
|turn|9
|
|switch|p2a: Jirachi|Jirachi|341\/341
|-damage|p2a: Jirachi|320\/341|[from] Stealth Rock
|move|p1a: Celebi|U-turn|p2a: Jirachi
|-damage|p2a: Jirachi|292\/341
|
|switch|p1a: Forretress|Forretress, F|354\/354
|-damage|p1a: Forretress|310\/354|[from] Stealth Rock
|
|-heal|p1a: Forretress|332\/354|[from] item: Leftovers
|turn|10
|
|move|p2a: Jirachi|U-turn|p1a: Forretress
|-resisted|p1a: Forretress
|-damage|p1a: Forretress|311\/354
|
|switch|p2a: Swampert|Swampert, M|401\/401
|-damage|p2a: Swampert|376\/401|[from] Stealth Rock
|move|p1a: Forretress|Spikes|p2a: Swampert
|-sidestart|p2: purrl|Spikes
|
|-heal|p2a: Swampert|401\/401|[from] item: Leftovers
|-heal|p1a: Forretress|333\/354|[from] item: Leftovers
|turn|11
|
|move|p2a: Swampert|Scald|p1a: Forretress
|-damage|p1a: Forretress|200\/354
|move|p1a: Forretress|Spikes|p2a: Swampert
|-sidestart|p2: purrl|Spikes
|
|-heal|p1a: Forretress|222\/354|[from] item: Leftovers
|turn|12
|
|switch|p1a: Celebi|Celebi|246\/404
|-damage|p1a: Celebi|196\/404|[from] Stealth Rock
|move|p2a: Swampert|Scald|p1a: Celebi
|-resisted|p1a: Celebi
|-damage|p1a: Celebi|168\/404
|
|-heal|p1a: Celebi|193\/404|[from] item: Leftovers
|turn|13
|
|switch|p2a: Jirachi|Jirachi|292\/341
|-damage|p2a: Jirachi|271\/341|[from] Stealth Rock
|-damage|p2a: Jirachi|215\/341|[from] Spikes
|move|p1a: Celebi|U-turn|p2a: Jirachi
|-crit|p2a: Jirachi
|-damage|p2a: Jirachi|132\/341
|
|switch|p1a: Forretress|Forretress, F|222\/354
|-damage|p1a: Forretress|178\/354|[from] Stealth Rock
|
|-heal|p1a: Forretress|200\/354|[from] item: Leftovers
|turn|14
|
|move|p2a: Jirachi|U-turn|p1a: Forretress
|-resisted|p1a: Forretress
|-damage|p1a: Forretress|179\/354
|
|switch|p2a: Swampert|Swampert, M|401\/401
|-damage|p2a: Swampert|335\/401|[from] Spikes
|-damage|p2a: Swampert|310\/401|[from] Stealth Rock
|move|p1a: Forretress|Spikes|p2a: Swampert
|-sidestart|p2: purrl|Spikes
|
|-heal|p2a: Swampert|335\/401|[from] item: Leftovers
|-heal|p1a: Forretress|201\/354|[from] item: Leftovers
|turn|15
|
|move|p1a: Forretress|Rapid Spin|p2a: Swampert
|-damage|p2a: Swampert|324\/401
|-sideend|p1: captain fuccboi420|Stealth Rock|[from] move: Rapid Spin|[of] p1a: Forretress
|move|p2a: Swampert|Roar|p1a: Forretress
|drag|p1a: Entei|Entei, shiny|349\/372 tox
|-ability|p1a: Entei|Pressure
|
|-heal|p2a: Swampert|349\/401|[from] item: Leftovers
|-damage|p1a: Entei|326\/372 tox|[from] psn
|turn|16
|
|switch|p1a: Celebi|Celebi|193\/404
|move|p2a: Swampert|Stealth Rock|p1a: Celebi
|-sidestart|p1: captain fuccboi420|move: Stealth Rock
|
|-heal|p1a: Celebi|218\/404|[from] item: Leftovers
|-heal|p2a: Swampert|374\/401|[from] item: Leftovers
|turn|17
|
|move|p1a: Celebi|Giga Drain|p2a: Swampert
|-supereffective|p2a: Swampert
|-damage|p2a: Swampert|0 fnt
|-heal|p1a: Celebi|404\/404|[from] drain|[of] p2a: Swampert
|faint|p2a: Swampert
|
|
|switch|p2a: Entei|Entei, shiny|371\/371
|-damage|p2a: Entei|279\/371|[from] Spikes
|-damage|p2a: Entei|187\/371|[from] Stealth Rock
|-ability|p2a: Entei|Pressure
|turn|18
|
|switch|p1a: Swampert|Swampert, M|94\/404 tox
|-damage|p1a: Swampert|69\/404 tox|[from] Stealth Rock
|move|p2a: Entei|Sacred Fire|p1a: Swampert
|-resisted|p1a: Swampert
|-damage|p1a: Swampert|0 fnt
|faint|p1a: Swampert
|
|
|switch|p1a: Hydreigon|Hydreigon, F|325\/325
|-damage|p1a: Hydreigon|285\/325|[from] Stealth Rock
|turn|19
|
|switch|p2a: Jirachi|Jirachi|132\/341
|-damage|p2a: Jirachi|111\/341|[from] Stealth Rock
|-damage|p2a: Jirachi|26\/341|[from] Spikes
|move|p1a: Hydreigon|Dark Pulse|p2a: Jirachi
|-supereffective|p2a: Jirachi
|-damage|p2a: Jirachi|0 fnt
|faint|p2a: Jirachi
|
|
|switch|p2a: Entei|Entei, shiny|187\/371
|-damage|p2a: Entei|95\/371|[from] Spikes
|-damage|p2a: Entei|3\/371|[from] Stealth Rock
|-ability|p2a: Entei|Pressure
|turn|20
|
|move|p2a: Entei|Extreme Speed|p1a: Hydreigon
|-damage|p1a: Hydreigon|98\/325
|move|p1a: Hydreigon|Dark Pulse|p2a: Entei
|-crit|p2a: Entei
|-damage|p2a: Entei|0 fnt
|faint|p2a: Entei
|
|
|switch|p2a: Sharpedo|Sharpedo, M|281\/281
|-damage|p2a: Sharpedo|246\/281|[from] Stealth Rock
|-damage|p2a: Sharpedo|176\/281|[from] Spikes
|turn|21
|
|move|p2a: Sharpedo|Protect|p2a: Sharpedo
|-singleturn|p2a: Sharpedo|Protect
|move|p1a: Hydreigon|Dark Pulse|p2a: Sharpedo
|-activate|p2a: Sharpedo|Protect
|
|-boost|p2a: Sharpedo|spe|1|[from] ability: Speed Boost
|turn|22
|
|move|p1a: Hydreigon|Dark Pulse|p2a: Sharpedo
|-resisted|p2a: Sharpedo
|-damage|p2a: Sharpedo|33\/281
|move|p2a: Sharpedo|Ice Fang|p1a: Hydreigon
|-supereffective|p1a: Hydreigon
|-damage|p1a: Hydreigon|0 fnt
|faint|p1a: Hydreigon
|
|-boost|p2a: Sharpedo|spe|1|[from] ability: Speed Boost
|
|switch|p1a: Entei|Entei, shiny|326\/372 tox
|-damage|p1a: Entei|233\/372 tox|[from] Stealth Rock
|-ability|p1a: Entei|Pressure
|turn|23
|
|detailschange|p2a: Sharpedo|Sharpedo-Mega, M
|message|Sharpedo has Mega Evolved into Mega Sharpedo!
|move|p2a: Sharpedo|Protect|p2a: Sharpedo
|-singleturn|p2a: Sharpedo|Protect
|move|p1a: Entei|Extreme Speed|p2a: Sharpedo
|-activate|p2a: Sharpedo|Protect
|
|-damage|p1a: Entei|210\/372 tox|[from] psn
|turn|24
|c|âcaptain fuccboi420|gg
|
|move|p2a: Sharpedo|Protect|p2a: Sharpedo
|-fail|p2a: Sharpedo
|move|p1a: Entei|Extreme Speed|p2a: Sharpedo
|-damage|p2a: Sharpedo|0 fnt
|faint|p2a: Sharpedo
|
|-damage|p1a: Entei|164\/372 tox|[from] psn
|
|switch|p2a: Toxicroak|Toxicroak, M|307\/307
|-damage|p2a: Toxicroak|288\/307|[from] Stealth Rock
|-damage|p2a: Toxicroak|212\/307|[from] Spikes
|turn|25
|
|move|p1a: Entei|Extreme Speed|p2a: Toxicroak
|-damage|p2a: Toxicroak|11\/307
|move|p2a: Toxicroak|Drain Punch|p1a: Entei
|-damage|p1a: Entei|0 fnt
|-heal|p2a: Toxicroak|93\/307|[from] drain|[of] p1a: Entei
|-damage|p2a: Toxicroak|63\/307|[from] item: Life Orb
|faint|p1a: Entei
|
|
|switch|p1a: Mienshao|Mienshao, M|271\/271
|-damage|p1a: Mienshao|255\/271|[from] Stealth Rock
|turn|26
|
|move|p1a: Mienshao|Fake Out|p2a: Toxicroak
|-damage|p2a: Toxicroak|0 fnt
|-damage|p1a: Mienshao|228\/271|[from] item: Life Orb
|faint|p2a: Toxicroak
|
|win|captain fuccboi420
|raw|Ladder updating...
|raw|Ladder (probably) updated, but score could not be retrieved (timeout).
|raw|Ladder (probably) updated, but score could not be retrieved (Error: socket hang up).
|c|âpurrl|,
|leave|purrl
|player|p2