|join|captain fuccboi420
|join|Dean Sword
|player|p1|captain fuccboi420|101
|player|p2|Dean Sword|2
|gametype|singles
|gen|6
|tier|UU
|rated
|rule|Sleep Clause Mod: Limit one foe put to sleep
|rule|Species Clause: Limit one of each PokÃ©mon
|rule|OHKO Clause: OHKO moves are banned
|rule|Moody Clause: Moody is banned
|rule|Evasion Moves Clause: Evasion moves are banned
|rule|Endless Battle Clause: Forcing endless battles is banned
|rule|HP Percentage Mod: HP is shown in percentages
|clearpoke
|poke|p1|Swampert, M
|poke|p1|Celebi
|poke|p1|Entei, shiny
|poke|p1|Forretress, F
|poke|p1|Mienshao, M
|poke|p1|Hydreigon, M
|poke|p2|Toxicroak, M
|poke|p2|Diancie
|poke|p2|Forretress, M
|poke|p2|Swampert, F
|poke|p2|Moltres
|poke|p2|Trevenant, F
|rule|Swagger Clause: Swagger is banned
|rule|Baton Pass Clause: Limit one PokÃ©mon knowing Baton Pass
|teampreview
|
|start
|switch|p1a: Swampert|Swampert, M|404\/404
|switch|p2a: Betty|Diancie|304\/304
|turn|1
|
|switch|p2a: Feed on Shit|Trevenant, F|363\/363
|move|p1a: Swampert|Stealth Rock|p2a: Feed on Shit
|-sidestart|p2: Dean Sword|move: Stealth Rock
|
|turn|2
|
|switch|p1a: Celebi|Celebi|404\/404
|move|p2a: Feed on Shit|Will-O-Wisp|p1a: Celebi
|-status|p1a: Celebi|brn
|
|-damage|p1a: Celebi|354\/404 brn|[from] brn
|turn|3
|
|switch|p2a: Thomas|Forretress, M|354\/354
|-damage|p2a: Thomas|310\/354|[from] Stealth Rock
|move|p1a: Celebi|U-turn|p2a: Thomas
|-resisted|p2a: Thomas
|-damage|p2a: Thomas|300\/354
|
|switch|p1a: Entei|Entei, shiny|372\/372
|-ability|p1a: Entei|Pressure
|
|-heal|p2a: Thomas|322\/354|[from] item: Leftovers
|turn|4
|
|switch|p2a: Betty|Diancie|304\/304
|-damage|p2a: Betty|266\/304|[from] Stealth Rock
|move|p1a: Entei|Sacred Fire|p2a: Betty
|-resisted|p2a: Betty
|-damage|p2a: Betty|194\/304
|-status|p2a: Betty|brn
|
|-heal|p2a: Betty|213\/304 brn|[from] item: Leftovers
|-damage|p2a: Betty|175\/304 brn|[from] brn
|turn|5
|
|switch|p1a: Forretress|Forretress, F|354\/354
|move|p2a: Betty|Stealth Rock|p1a: Forretress
|-sidestart|p1: captain fuccboi420|move: Stealth Rock
|
|-heal|p2a: Betty|194\/304 brn|[from] item: Leftovers
|-damage|p2a: Betty|156\/304 brn|[from] brn
|turn|6
|
|switch|p2a: Frank|Swampert, F|361\/361
|-damage|p2a: Frank|339\/361|[from] Stealth Rock
|move|p1a: Forretress|Spikes|p2a: Frank
|-sidestart|p2: Dean Sword|Spikes
|
|turn|7
|
|detailschange|p2a: Frank|Swampert-Mega, F
|message|Swampert has Mega Evolved into Mega Swampert!
|move|p2a: Frank|Rain Dance|p2a: Frank
|-weather|RainDance
|move|p1a: Forretress|Spikes|p2a: Frank
|-sidestart|p2: Dean Sword|Spikes
|
|-weather|RainDance|[upkeep]
|turn|8
|
|move|p2a: Frank|Waterfall|p1a: Forretress
|-damage|p1a: Forretress|207\/354
|move|p1a: Forretress|Gyro Ball|p2a: Frank
|-resisted|p2a: Frank
|-damage|p2a: Frank|261\/361
|
|-weather|RainDance|[upkeep]
|-heal|p1a: Forretress|229\/354|[from] item: Leftovers
|turn|9
|
|move|p2a: Frank|Waterfall|p1a: Forretress
|-damage|p1a: Forretress|75\/354
|cant|p1a: Forretress|flinch
|
|-weather|RainDance|[upkeep]
|-heal|p1a: Forretress|97\/354|[from] item: Leftovers
|turn|10
|
|move|p2a: Frank|Waterfall|p1a: Forretress
|-damage|p1a: Forretress|0 fnt
|faint|p1a: Forretress
|
|-weather|RainDance|[upkeep]
|
|switch|p1a: Celebi|Celebi|354\/404
|-damage|p1a: Celebi|304\/404|[from] Stealth Rock
|turn|11
|
|switch|p2a: Thomas|Forretress, M|322\/354
|-damage|p2a: Thomas|263\/354|[from] Spikes
|-damage|p2a: Thomas|219\/354|[from] Stealth Rock
|move|p1a: Celebi|Giga Drain|p2a: Thomas
|-resisted|p2a: Thomas
|-damage|p2a: Thomas|186\/354
|-heal|p1a: Celebi|321\/404|[from] drain|[of] p2a: Thomas
|
|-weather|none
|-heal|p1a: Celebi|346\/404|[from] item: Leftovers
|-heal|p2a: Thomas|208\/354|[from] item: Leftovers
|turn|12
|
|move|p1a: Celebi|Nasty Plot|p1a: Celebi
|-boost|p1a: Celebi|spa|2
|move|p2a: Thomas|Rapid Spin|p1a: Celebi
|-damage|p1a: Celebi|321\/404
|-sideend|p2: Dean Sword|Spikes|[from] move: Rapid Spin|[of] p2a: Thomas
|-sideend|p2: Dean Sword|Stealth Rock|[from] move: Rapid Spin|[of] p2a: Thomas
|
|-heal|p1a: Celebi|346\/404|[from] item: Leftovers
|-heal|p2a: Thomas|230\/354|[from] item: Leftovers
|turn|13
|
|move|p1a: Celebi|Psychic|p2a: Thomas
|-resisted|p2a: Thomas
|-damage|p2a: Thomas|59\/354
|move|p2a: Thomas|Heavy Slam|p1a: Celebi
|-damage|p1a: Celebi|138\/404
|
|-heal|p1a: Celebi|163\/404|[from] item: Leftovers
|-heal|p2a: Thomas|81\/354|[from] item: Leftovers
|turn|14
|
|move|p1a: Celebi|Psychic|p2a: Thomas
|-resisted|p2a: Thomas
|-damage|p2a: Thomas|0 fnt
|faint|p2a: Thomas
|
|-heal|p1a: Celebi|188\/404|[from] item: Leftovers
|
|switch|p2a: Larry|Moltres|321\/321
|-ability|p2a: Larry|Pressure
|turn|15
|
|switch|p1a: Swampert|Swampert, M|404\/404
|-damage|p1a: Swampert|379\/404|[from] Stealth Rock
|move|p2a: Larry|U-turn|p1a: Swampert
|-damage|p1a: Swampert|320\/404
|
|switch|p2a: Feed on Shit|Trevenant, F|363\/363
|
|-heal|p1a: Swampert|345\/404|[from] item: Leftovers
|turn|16
|
|move|p2a: Feed on Shit|Horn Leech|p1a: Swampert
|-supereffective|p1a: Swampert
|-damage|p1a: Swampert|0 fnt
|faint|p1a: Swampert
|
|
|switch|p1a: Mienshao|Mienshao, M|271\/271
|-damage|p1a: Mienshao|255\/271|[from] Stealth Rock
|turn|17
|
|move|p1a: Mienshao|Knock Off|p2a: Feed on Shit
|-supereffective|p2a: Feed on Shit
|-damage|p2a: Feed on Shit|0 fnt
|-enditem|p2a: Feed on Shit|Sitrus Berry|[from] move: Knock Off|[of] p1a: Mienshao
|-damage|p1a: Mienshao|228\/271|[from] item: Life Orb
|faint|p2a: Feed on Shit
|
|
|switch|p2a: Betty|Diancie|156\/304 brn
|turn|18
|
|move|p1a: Mienshao|U-turn|p2a: Betty
|-resisted|p2a: Betty
|-damage|p2a: Betty|125\/304 brn
|-damage|p1a: Mienshao|201\/271|[from] item: Life Orb
|
|switch|p1a: Celebi|Celebi|188\/404
|-damage|p1a: Celebi|138\/404|[from] Stealth Rock
|move|p2a: Betty|Moonblast|p1a: Celebi
|-damage|p1a: Celebi|62\/404
|
|-heal|p1a: Celebi|87\/404|[from] item: Leftovers
|-heal|p2a: Betty|144\/304 brn|[from] item: Leftovers
|-damage|p2a: Betty|106\/304 brn|[from] brn
|turn|19
|
|switch|p2a: Larry|Moltres|321\/321
|-ability|p2a: Larry|Pressure
|move|p1a: Celebi|Psychic|p2a: Larry
|-crit|p2a: Larry
|-damage|p2a: Larry|123\/321
|
|-heal|p1a: Celebi|112\/404|[from] item: Leftovers
|turn|20
|
|switch|p1a: Hydreigon|Hydreigon, M|325\/325
|-damage|p1a: Hydreigon|285\/325|[from] Stealth Rock
|move|p2a: Larry|U-turn|p1a: Hydreigon
|-crit|p1a: Hydreigon
|-supereffective|p1a: Hydreigon
|-damage|p1a: Hydreigon|113\/325
|
|switch|p2a: Choop|Toxicroak, M|307\/307
|
|turn|21
|
|move|p1a: Hydreigon|Draco Meteor|p2a: Choop
|-damage|p2a: Choop|139\/307
|-unboost|p1a: Hydreigon|spa|2
|move|p2a: Choop|Drain Punch|p1a: Hydreigon
|-supereffective|p1a: Hydreigon
|-damage|p1a: Hydreigon|0 fnt
|-heal|p2a: Choop|196\/307|[from] drain|[of] p1a: Hydreigon
|faint|p1a: Hydreigon
|
|
|switch|p1a: Entei|Entei, shiny|372\/372
|-damage|p1a: Entei|279\/372|[from] Stealth Rock
|-ability|p1a: Entei|Pressure
|turn|22
|
|switch|p2a: Larry|Moltres|123\/321
|-ability|p2a: Larry|Pressure
|move|p1a: Entei|Sacred Fire|p2a: Larry
|-resisted|p2a: Larry
|-damage|p2a: Larry|0 fnt
|faint|p2a: Larry
|
|c|âcaptain fuccboi420|max hp max spD
|c|âcaptain fuccboi420|v interesting
|
|switch|p2a: Frank|Swampert-Mega, F|261\/361
|turn|23
|
|move|p1a: Entei|Sacred Fire|p2a: Frank
|-resisted|p2a: Frank
|-damage|p2a: Frank|133\/361
|move|p2a: Frank|Rain Dance|p2a: Frank
|-weather|RainDance
|
|-weather|RainDance|[upkeep]
|turn|24
|
|switch|p1a: Celebi|Celebi|112\/404
|-damage|p1a: Celebi|62\/404|[from] Stealth Rock
|move|p2a: Frank|Waterfall|p1a: Celebi
|-resisted|p1a: Celebi
|-damage|p1a: Celebi|0 fnt
|faint|p1a: Celebi
|
|-weather|RainDance|[upkeep]
|
|switch|p1a: Mienshao|Mienshao, M|271\/271
|-damage|p1a: Mienshao|255\/271|[from] Stealth Rock
|turn|25
|
|move|p1a: Mienshao|Fake Out|p2a: Frank
|-damage|p2a: Frank|81\/361
|-damage|p1a: Mienshao|228\/271|[from] item: Life Orb
|cant|p2a: Frank|flinch
|
|-weather|RainDance|[upkeep]
|turn|26
|
|move|p2a: Frank|Waterfall|p1a: Mienshao
|-damage|p1a: Mienshao|0 fnt
|faint|p1a: Mienshao
|
|-weather|RainDance|[upkeep]
|
|switch|p1a: Entei|Entei, shiny|279\/372
|-damage|p1a: Entei|186\/372|[from] Stealth Rock
|-ability|p1a: Entei|Pressure
|turn|27
|
|move|p1a: Entei|Extreme Speed|p2a: Frank
|-damage|p2a: Frank|0 fnt
|faint|p2a: Frank
|
|-weather|none
|
|switch|p2a: Betty|Diancie|106\/304 brn
|turn|28
|
|move|p1a: Entei|Extreme Speed|p2a: Betty
|-resisted|p2a: Betty
|-damage|p2a: Betty|68\/304 brn
|move|p2a: Betty|Diamond Storm|p1a: Entei
|-supereffective|p1a: Entei
|-damage|p1a: Entei|46\/372
|-boost|p2a: Betty|def|1
|
|-heal|p2a: Betty|87\/304 brn|[from] item: Leftovers
|-damage|p2a: Betty|49\/304 brn|[from] brn
|turn|29
|
|move|p1a: Entei|Extreme Speed|p2a: Betty
|-resisted|p2a: Betty
|-damage|p2a: Betty|22\/304 brn
|move|p2a: Betty|Moonblast|p1a: Entei
|-resisted|p1a: Entei
|-damage|p1a: Entei|0 fnt
|faint|p1a: Entei
|
|win|Dean Sword
|raw|Ladder updating...
|c|âDean Sword|gg
|raw|Ladder (probably) updated, but score could not be retrieved (timeout).
|leave|captain fuccboi420
|raw|Ladder (probably) updated, but score could not be retrieved (Error: socket hang up).
|player|p1