|join|captain fuccboi420
|join|quotenschwarzer
|player|p1|captain fuccboi420|265
|player|p2|quotenschwarzer|1
|gametype|singles
|gen|6
|tier|UU
|rated
|rule|Sleep Clause Mod: Limit one foe put to sleep
|rule|Species Clause: Limit one of each PokÃ©mon
|rule|OHKO Clause: OHKO moves are banned
|rule|Moody Clause: Moody is banned
|rule|Evasion Moves Clause: Evasion moves are banned
|rule|Endless Battle Clause: Forcing endless battles is banned
|rule|HP Percentage Mod: HP is shown in percentages
|clearpoke
|poke|p1|Swampert, F
|poke|p1|Celebi
|poke|p1|Entei, shiny
|poke|p1|Forretress, F
|poke|p1|Mienshao, M
|poke|p1|Hydreigon, F
|poke|p2|Swampert, F
|poke|p2|Chesnaught, F
|poke|p2|Empoleon, F
|poke|p2|Chandelure, F
|poke|p2|Hydreigon, M
|poke|p2|Espeon, F
|rule|Swagger Clause: Swagger is banned
|rule|Baton Pass Clause: Limit one PokÃ©mon knowing Baton Pass
|teampreview
|
|start
|switch|p1a: Swampert|Swampert, F|404\/404
|switch|p2a: Chesnaught|Chesnaught, F|379\/379
|turn|1
|
|switch|p1a: Forretress|Forretress, F|354\/354
|move|p2a: Chesnaught|Seed Bomb|p1a: Forretress
|-resisted|p1a: Forretress
|-damage|p1a: Forretress|340\/354
|
|-heal|p1a: Forretress|354\/354|[from] item: Leftovers
|turn|2
|
|move|p2a: Chesnaught|Leech Seed|p1a: Forretress
|-start|p1a: Forretress|move: Leech Seed
|move|p1a: Forretress|Spikes|p2a: Chesnaught
|-sidestart|p2: quotenschwarzer|Spikes
|
|-damage|p1a: Forretress|310\/354|[from] Leech Seed|[of] p2a: Chesnaught
|turn|3
|
|switch|p2a: Espeon|Espeon, F|272\/272
|-damage|p2a: Espeon|238\/272|[from] Spikes
|move|p1a: Forretress|Volt Switch|p2a: Espeon
|-damage|p2a: Espeon|213\/272
|
|switch|p1a: Hydreigon|Hydreigon, F|325\/325
|
|turn|4
|
|switch|p2a: Empoleon|Empoleon, F|371\/371
|-damage|p2a: Empoleon|325\/371|[from] Spikes
|move|p1a: Hydreigon|U-turn|p2a: Empoleon
|-resisted|p2a: Empoleon
|-damage|p2a: Empoleon|294\/371
|
|switch|p1a: Mienshao|Mienshao, M|271\/271
|
|-heal|p2a: Empoleon|317\/371|[from] item: Leftovers
|turn|5
|
|switch|p2a: Chesnaught|Chesnaught, F|379\/379
|-damage|p2a: Chesnaught|332\/379|[from] Spikes
|move|p1a: Mienshao|High Jump Kick|p2a: Chesnaught
|-damage|p2a: Chesnaught|141\/379
|-damage|p1a: Mienshao|244\/271|[from] item: Life Orb
|
|-heal|p2a: Chesnaught|164\/379|[from] item: Leftovers
|turn|6
|
|switch|p2a: Chandelure|Chandelure, F|289\/289
|-damage|p2a: Chandelure|253\/289|[from] Spikes
|move|p1a: Mienshao|U-turn|p2a: Chandelure
|-resisted|p2a: Chandelure
|-damage|p2a: Chandelure|226\/289
|-damage|p1a: Mienshao|217\/271|[from] item: Life Orb
|
|switch|p1a: Hydreigon|Hydreigon, F|325\/325
|
|-heal|p2a: Chandelure|244\/289|[from] item: Leftovers
|turn|7
|
|move|p1a: Hydreigon|U-turn|p2a: Chandelure
|-resisted|p2a: Chandelure
|-damage|p2a: Chandelure|228\/289
|
|switch|p1a: Swampert|Swampert, F|404\/404
|move|p2a: Chandelure|Flamethrower|p1a: Swampert
|-resisted|p1a: Swampert
|-damage|p1a: Swampert|347\/404
|-status|p1a: Swampert|brn
|
|-heal|p2a: Chandelure|246\/289|[from] item: Leftovers
|-heal|p1a: Swampert|372\/404 brn|[from] item: Leftovers
|-damage|p1a: Swampert|322\/404 brn|[from] brn
|turn|8
|
|switch|p2a: Espeon|Espeon, F|213\/272
|-damage|p2a: Espeon|179\/272|[from] Spikes
|switch|p1a: Hydreigon|Hydreigon, F|325\/325
|
|turn|9
|
|switch|p2a: Empoleon|Empoleon, F|317\/371
|-damage|p2a: Empoleon|271\/371|[from] Spikes
|move|p1a: Hydreigon|U-turn|p2a: Empoleon
|-resisted|p2a: Empoleon
|-damage|p2a: Empoleon|238\/371
|
|switch|p1a: Mienshao|Mienshao, M|271\/271
|
|-heal|p2a: Empoleon|261\/371|[from] item: Leftovers
|turn|10
|
|move|p1a: Mienshao|High Jump Kick|p2a: Empoleon
|-supereffective|p2a: Empoleon
|-damage|p2a: Empoleon|0 fnt
|-damage|p1a: Mienshao|244\/271|[from] item: Life Orb
|faint|p2a: Empoleon
|
|
|switch|p2a: Hydreigon|Hydreigon, M|325\/325
|turn|11
|
|switch|p1a: Celebi|Celebi|404\/404
|move|p2a: Hydreigon|Draco Meteor|p1a: Celebi
|-damage|p1a: Celebi|253\/404
|-unboost|p2a: Hydreigon|spa|2
|
|-heal|p1a: Celebi|278\/404|[from] item: Leftovers
|turn|12
|
|switch|p2a: Espeon|Espeon, F|179\/272
|-damage|p2a: Espeon|145\/272|[from] Spikes
|move|p1a: Celebi|U-turn|p2a: Espeon
|-supereffective|p2a: Espeon
|-damage|p2a: Espeon|0 fnt
|faint|p2a: Espeon
|
|switch|p1a: Hydreigon|Hydreigon, F|325\/325
|
|
|switch|p2a: Hydreigon|Hydreigon, M|325\/325
|turn|13
|
|switch|p1a: Forretress|Forretress, F|310\/354
|move|p2a: Hydreigon|Draco Meteor|p1a: Forretress
|-resisted|p1a: Forretress
|-damage|p1a: Forretress|139\/354
|-unboost|p2a: Hydreigon|spa|2
|
|-heal|p1a: Forretress|161\/354|[from] item: Leftovers
|turn|14
|
|switch|p2a: Chandelure|Chandelure, F|246\/289
|-damage|p2a: Chandelure|210\/289|[from] Spikes
|switch|p1a: Hydreigon|Hydreigon, F|325\/325
|
|-heal|p2a: Chandelure|228\/289|[from] item: Leftovers
|turn|15
|
|switch|p2a: Chesnaught|Chesnaught, F|164\/379
|-damage|p2a: Chesnaught|117\/379|[from] Spikes
|move|p1a: Hydreigon|Draco Meteor|p2a: Chesnaught
|-damage|p2a: Chesnaught|0 fnt
|-unboost|p1a: Hydreigon|spa|2
|faint|p2a: Chesnaught
|
|
|switch|p2a: Hydreigon|Hydreigon, M|325\/325
|turn|16
|
|switch|p1a: Entei|Entei, shiny|372\/372
|-ability|p1a: Entei|Pressure
|move|p2a: Hydreigon|U-turn|p1a: Entei
|-resisted|p1a: Entei
|-damage|p1a: Entei|336\/372
|
|switch|p2a: Swampert|Swampert, F|341\/341
|-damage|p2a: Swampert|299\/341|[from] Spikes
|
|turn|17
|
|detailschange|p2a: Swampert|Swampert-Mega, F
|message|Swampert has Mega Evolved into Mega Swampert!
|move|p1a: Entei|Toxic|p2a: Swampert|[miss]
|-miss|p1a: Entei|p2a: Swampert
|move|p2a: Swampert|Earthquake|p1a: Entei
|-supereffective|p1a: Entei
|-damage|p1a: Entei|0 fnt
|faint|p1a: Entei
|
|
|switch|p1a: Celebi|Celebi|278\/404
|turn|18
|c|âcaptain fuccboi420|lol
|
|move|p2a: Swampert|Ice Punch|p1a: Celebi
|-supereffective|p1a: Celebi
|-damage|p1a: Celebi|52\/404
|move|p1a: Celebi|Giga Drain|p2a: Swampert
|-supereffective|p2a: Swampert
|-damage|p2a: Swampert|0 fnt
|-heal|p1a: Celebi|202\/404|[from] drain|[of] p2a: Swampert
|faint|p2a: Swampert
|
|-heal|p1a: Celebi|227\/404|[from] item: Leftovers
|
|switch|p2a: Hydreigon|Hydreigon, M|325\/325
|turn|19
|
|move|p2a: Hydreigon|Dark Pulse|p1a: Celebi
|-supereffective|p1a: Celebi
|-damage|p1a: Celebi|35\/404
|cant|p1a: Celebi|flinch
|
|-heal|p1a: Celebi|60\/404|[from] item: Leftovers
|turn|20
|c|âquotenschwarzer|sry
|
|move|p2a: Hydreigon|Dark Pulse|p1a: Celebi
|-supereffective|p1a: Celebi
|-damage|p1a: Celebi|0 fnt
|faint|p1a: Celebi
|
|c|âcaptain fuccboi420|its okay i still win
|
|switch|p1a: Mienshao|Mienshao, M|271\/271
|turn|21
|c|âquotenschwarzer|yeah i played terrible
|
|move|p2a: Hydreigon|Dark Pulse|p1a: Mienshao
|-resisted|p1a: Mienshao
|-damage|p1a: Mienshao|158\/271
|move|p1a: Mienshao|Knock Off|p2a: Hydreigon
|-resisted|p2a: Hydreigon
|-damage|p2a: Hydreigon|248\/325
|-enditem|p2a: Hydreigon|Choice Scarf|[from] move: Knock Off|[of] p1a: Mienshao
|-damage|p1a: Mienshao|131\/271|[from] item: Life Orb
|
|turn|22
|
|switch|p2a: Chandelure|Chandelure, F|228\/289
|-damage|p2a: Chandelure|192\/289|[from] Spikes
|move|p1a: Mienshao|U-turn|p2a: Chandelure
|-resisted|p2a: Chandelure
|-damage|p2a: Chandelure|165\/289
|-damage|p1a: Mienshao|104\/271|[from] item: Life Orb
|
|switch|p1a: Hydreigon|Hydreigon, F|325\/325
|
|-heal|p2a: Chandelure|183\/289|[from] item: Leftovers
|turn|23
|c|âcaptain fuccboi420|you didn't really make any bad plays
|c|âcaptain fuccboi420|i just had switch advantage
|
|move|p1a: Hydreigon|Dark Pulse|p2a: Chandelure
|-supereffective|p2a: Chandelure
|-damage|p2a: Chandelure|0 fnt
|faint|p2a: Chandelure
|
|
|switch|p2a: Hydreigon|Hydreigon, M|248\/325
|turn|24
|
|switch|p1a: Forretress|Forretress, F|161\/354
|move|p2a: Hydreigon|U-turn|p1a: Forretress
|-resisted|p1a: Forretress
|-damage|p1a: Forretress|146\/354
|
|-heal|p1a: Forretress|168\/354|[from] item: Leftovers
|turn|25
|c|âquotenschwarzer|gg
|c|âcaptain fuccboi420|gg
|
|move|p2a: Hydreigon|Fire Blast|p1a: Forretress
|-supereffective|p1a: Forretress
|-damage|p1a: Forretress|0 fnt
|faint|p1a: Forretress
|
|
|switch|p1a: Mienshao|Mienshao, M|194\/271
|turn|26
|
|move|p1a: Mienshao|U-turn|p2a: Hydreigon
|-supereffective|p2a: Hydreigon
|-damage|p2a: Hydreigon|19\/325
|-damage|p1a: Mienshao|167\/271|[from] item: Life Orb
|
|switch|p1a: Hydreigon|Hydreigon, F|325\/325
|move|p2a: Hydreigon|Fire Blast|p1a: Hydreigon
|-resisted|p1a: Hydreigon
|-damage|p1a: Hydreigon|259\/325
|
|turn|27
|
|move|p1a: Hydreigon|U-turn|p2a: Hydreigon
|-supereffective|p2a: Hydreigon
|-damage|p2a: Hydreigon|0 fnt
|faint|p2a: Hydreigon
|
|win|captain fuccboi420
|raw|Ladder updating...