|join|Elihu
|join|Zebban
|player|p1|Elihu|256
|player|p2|Zebban|101
|gametype|singles
|gen|6
|tier|OU
|rated
|clearpoke
|poke|p1|Kyurem-Black
|poke|p1|Excadrill, M
|poke|p1|Ferrothorn, M
|poke|p1|Manectric, M
|poke|p1|Gyarados, M
|poke|p1|Slowbro, M
|poke|p2|Manectric, M, shiny
|poke|p2|Scizor, M
|poke|p2|Haxorus, M, shiny
|poke|p2|Greninja, M, shiny
|poke|p2|Landorus-Therian, M
|poke|p2|Heatran, M
|rule|Swagger Clause: Swagger is banned
|rule|Baton Pass Clause: Limit one PokÃ©mon knowing Baton Pass
|rule|Sleep Clause Mod: Limit one foe put to sleep
|rule|Species Clause: Limit one of each PokÃ©mon
|rule|OHKO Clause: OHKO moves are banned
|rule|Moody Clause: Moody is banned
|rule|Evasion Moves Clause: Evasion moves are banned
|rule|Endless Battle Clause: Forcing endless battles is banned
|rule|HP Percentage Mod: HP is shown in percentages
|teampreview
|
|start
|switch|p1a: Manectric|Manectric, M|281\/281
|switch|p2a: Landorus-Therian|Landorus-Therian, M|382\/382
|-ability|p2a: Landorus-Therian|Intimidate|[of] p1a: Manectric
|-unboost|p1a: Manectric|atk|1
|turn|1
|
|switch|p1a: Slowbro|Slowbro, M|394\/394
|switch|p2a: Heatran|Heatran, M|376\/376
|
|turn|2
|
|move|p2a: Heatran|Toxic|p1a: Slowbro
|-status|p1a: Slowbro|tox
|move|p1a: Slowbro|Scald|p2a: Heatran
|-supereffective|p2a: Heatran
|-damage|p2a: Heatran|242\/376
|
|-heal|p2a: Heatran|265\/376|[from] item: Leftovers
|-damage|p1a: Slowbro|370\/394 tox|[from] psn
|turn|3
|
|switch|p2a: Scizor|Scizor, M|282\/282
|move|p1a: Slowbro|Scald|p2a: Scizor
|-damage|p2a: Scizor|170\/282
|
|-heal|p1a: Slowbro|394\/394 tox|[from] item: Leftovers
|-damage|p1a: Slowbro|346\/394 tox|[from] psn
|turn|4
|
|switch|p1a: Ferrothorn|Ferrothorn, M|352\/352
|move|p2a: Scizor|Knock Off|p1a: Ferrothorn
|-damage|p1a: Ferrothorn|218\/352
|-damage|p2a: Scizor|135\/282|[from] ability: Iron Barbs|[of] p1a: Ferrothorn
|-enditem|p1a: Ferrothorn|Leftovers|[from] move: Knock Off|[of] p2a: Scizor
|-damage|p2a: Scizor|107\/282|[from] item: Life Orb
|
|turn|5
|
|switch|p2a: Heatran|Heatran, M|265\/376
|move|p1a: Ferrothorn|Stealth Rock|p2a: Heatran
|-sidestart|p2: Zebban|move: Stealth Rock
|
|-heal|p2a: Heatran|288\/376|[from] item: Leftovers
|turn|6
|
|switch|p1a: Excadrill|Excadrill, M|362\/362
|-ability|p1a: Excadrill|Mold Breaker
|-item|p1a: Excadrill|Air Balloon
|move|p2a: Heatran|Lava Plume|p1a: Excadrill
|-supereffective|p1a: Excadrill
|-damage|p1a: Excadrill|2\/362
|-enditem|p1a: Excadrill|Air Balloon
|-status|p1a: Excadrill|brn
|
|-heal|p2a: Heatran|311\/376|[from] item: Leftovers
|-damage|p1a: Excadrill|0 fnt|[from] brn
|faint|p1a: Excadrill
|
|switch|p1a: Gyarados|Gyarados, M|353\/353
|-ability|p1a: Gyarados|Intimidate|[of] p2a: Heatran
|-unboost|p2a: Heatran|atk|1
|turn|7
|
|move|p1a: Gyarados|Substitute|p1a: Gyarados
|-start|p1a: Gyarados|Substitute
|-damage|p1a: Gyarados|265\/353
|move|p2a: Heatran|Toxic|p1a: Gyarados
|
|-heal|p1a: Gyarados|287\/353|[from] item: Leftovers
|-heal|p2a: Heatran|334\/376|[from] item: Leftovers
|turn|8
|
|move|p1a: Gyarados|Dragon Dance|p1a: Gyarados
|-boost|p1a: Gyarados|atk|1
|-boost|p1a: Gyarados|spe|1
|move|p2a: Heatran|Lava Plume|p1a: Gyarados
|-resisted|p1a: Gyarados
|-activate|p1a: Gyarados|Substitute|[damage]
|
|-heal|p1a: Gyarados|309\/353|[from] item: Leftovers
|-heal|p2a: Heatran|357\/376|[from] item: Leftovers
|turn|9
|
|move|p1a: Gyarados|Dragon Dance|p1a: Gyarados
|-boost|p1a: Gyarados|atk|1
|-boost|p1a: Gyarados|spe|1
|move|p2a: Heatran|Lava Plume|p1a: Gyarados
|-resisted|p1a: Gyarados
|-end|p1a: Gyarados|Substitute
|
|-heal|p1a: Gyarados|331\/353|[from] item: Leftovers
|-heal|p2a: Heatran|376\/376|[from] item: Leftovers
|turn|10
|
|move|p1a: Gyarados|Substitute|p1a: Gyarados
|-start|p1a: Gyarados|Substitute
|-damage|p1a: Gyarados|243\/353
|move|p2a: Heatran|Lava Plume|p1a: Gyarados
|-resisted|p1a: Gyarados
|-activate|p1a: Gyarados|Substitute|[damage]
|
|-heal|p1a: Gyarados|265\/353|[from] item: Leftovers
|turn|11
|
|move|p1a: Gyarados|Dragon Dance|p1a: Gyarados
|-boost|p1a: Gyarados|atk|1
|-boost|p1a: Gyarados|spe|1
|move|p2a: Heatran|Lava Plume|p1a: Gyarados
|-resisted|p1a: Gyarados
|-end|p1a: Gyarados|Substitute
|
|-heal|p1a: Gyarados|287\/353|[from] item: Leftovers
|turn|12
|
|switch|p2a: Landorus-Therian|Landorus-Therian, M|382\/382
|-damage|p2a: Landorus-Therian|335\/382|[from] Stealth Rock
|-ability|p2a: Landorus-Therian|Intimidate|[of] p1a: Gyarados
|-unboost|p1a: Gyarados|atk|1
|move|p1a: Gyarados|Substitute|p1a: Gyarados
|-start|p1a: Gyarados|Substitute
|-damage|p1a: Gyarados|199\/353
|
|-heal|p1a: Gyarados|221\/353|[from] item: Leftovers
|-heal|p2a: Landorus-Therian|358\/382|[from] item: Leftovers
|turn|13
|
|move|p1a: Gyarados|Waterfall|p2a: Landorus-Therian
|-supereffective|p2a: Landorus-Therian
|-damage|p2a: Landorus-Therian|0 fnt
|faint|p2a: Landorus-Therian
|
|-heal|p1a: Gyarados|243\/353|[from] item: Leftovers
|
|switch|p2a: Scizor|Scizor, M|107\/282
|-damage|p2a: Scizor|72\/282|[from] Stealth Rock
|turn|14
|
|move|p2a: Scizor|Bullet Punch|p1a: Gyarados
|-resisted|p1a: Gyarados
|-end|p1a: Gyarados|Substitute
|-damage|p2a: Scizor|44\/282|[from] item: Life Orb
|move|p1a: Gyarados|Waterfall|p2a: Scizor
|-damage|p2a: Scizor|0 fnt
|faint|p2a: Scizor
|
|-heal|p1a: Gyarados|265\/353|[from] item: Leftovers
|
|switch|p2a: Manectric|Manectric, M, shiny|281\/281
|-damage|p2a: Manectric|246\/281|[from] Stealth Rock
|turn|15
|
|detailschange|p2a: Manectric|Manectric-Mega, M, shiny
|message|Manectric has Mega Evolved into Mega Manectric!
|-ability|p2a: Manectric|Intimidate|[of] p1a: Gyarados
|-unboost|p1a: Gyarados|atk|1
|move|p1a: Gyarados|Earthquake|p2a: Manectric
|-supereffective|p2a: Manectric
|-damage|p2a: Manectric|0 fnt
|faint|p2a: Manectric
|
|-heal|p1a: Gyarados|287\/353|[from] item: Leftovers
|
|switch|p2a: Haxorus|Haxorus, M, shiny|294\/294
|-damage|p2a: Haxorus|258\/294|[from] Stealth Rock
|-ability|p2a: Haxorus|Mold Breaker
|turn|16
|
|move|p1a: Gyarados|Earthquake|p2a: Haxorus
|-damage|p2a: Haxorus|48\/294
|move|p2a: Haxorus|Dragon Claw|p1a: Gyarados
|-damage|p1a: Gyarados|70\/353
|
|-heal|p1a: Gyarados|92\/353|[from] item: Leftovers
|turn|17
|
|move|p1a: Gyarados|Earthquake|p2a: Haxorus
|-damage|p2a: Haxorus|0 fnt
|faint|p2a: Haxorus
|
|-heal|p1a: Gyarados|114\/353|[from] item: Leftovers
|
|switch|p2a: Greninja|Greninja, M, shiny|286\/286
|-damage|p2a: Greninja|251\/286|[from] Stealth Rock
|turn|18
|
|move|p1a: Gyarados|Earthquake|p2a: Greninja
|-damage|p2a: Greninja|6\/286
|move|p2a: Greninja|Surf|p1a: Gyarados
|-start|p2a: Greninja|typechange|Water|[from] Protean
|-resisted|p1a: Gyarados
|-damage|p1a: Gyarados|27\/353
|-damage|p2a: Greninja|0 fnt|[from] item: Life Orb
|faint|p2a: Greninja
|
|-heal|p1a: Gyarados|49\/353|[from] item: Leftovers
|-message|Zebban forfeited.
|
|win|Elihu
|raw|Ladder updating...
|leave|Zebban
|player|p2
|raw|Elihu's rating: 1489 &rarr; <strong>1516<\/strong><br \/>(+27 for winning)
|raw|Zebban's rating: 1615 &rarr; <strong>1589<\/strong><br \/>(-26 for losing)