|join|Zebban
|join|sid_100
|player|p1|Zebban|101
|player|p2|sid_100|164
|gametype|singles
|gen|6
|tier|OU
|rated
|clearpoke
|poke|p1|Sceptile, M
|poke|p1|Greninja, M, shiny
|poke|p1|Landorus-Therian, M
|poke|p1|Scizor, M
|poke|p1|Slowbro, M
|poke|p1|Heatran, M
|poke|p2|Sableye, M
|poke|p2|Tentacruel, F
|poke|p2|Chansey, F
|poke|p2|Greninja, F
|poke|p2|Landorus-Therian, M
|poke|p2|Skarmory, M
|rule|Swagger Clause: Swagger is banned
|rule|Baton Pass Clause: Limit one PokÃ©mon knowing Baton Pass
|rule|Sleep Clause Mod: Limit one foe put to sleep
|rule|Species Clause: Limit one of each PokÃ©mon
|rule|OHKO Clause: OHKO moves are banned
|rule|Moody Clause: Moody is banned
|rule|Evasion Moves Clause: Evasion moves are banned
|rule|Endless Battle Clause: Forcing endless battles is banned
|rule|HP Percentage Mod: HP is shown in percentages
|teampreview
|
|start
|switch|p1a: Landorus-Therian|Landorus-Therian, M|320\/320
|switch|p2a: Skarmory|Skarmory, M|334\/334
|-ability|p1a: Landorus-Therian|Intimidate|[of] p2a: Skarmory
|-unboost|p2a: Skarmory|atk|1
|turn|1
|
|move|p1a: Landorus-Therian|Knock Off|p2a: Skarmory
|-damage|p2a: Skarmory|265\/334
|-damage|p1a: Landorus-Therian|267\/320|[from] item: Rocky Helmet|[of] p2a: Skarmory
|-enditem|p2a: Skarmory|Rocky Helmet|[from] move: Knock Off|[of] p1a: Landorus-Therian
|move|p2a: Skarmory|Spikes|p1a: Landorus-Therian
|-sidestart|p1: Zebban|Spikes
|
|turn|2
|
|switch|p1a: Heatran|Heatran, M|386\/386
|-damage|p1a: Heatran|338\/386|[from] Spikes
|move|p2a: Skarmory|Spikes|p1a: Heatran
|-sidestart|p1: Zebban|Spikes
|
|-heal|p1a: Heatran|362\/386|[from] item: Leftovers
|turn|3
|
|switch|p2a: Chansey|Chansey, F|642\/642
|move|p1a: Heatran|Lava Plume|p2a: Chansey
|-damage|p2a: Chansey|582\/642
|
|-heal|p1a: Heatran|386\/386|[from] item: Leftovers
|turn|4
|
|move|p1a: Heatran|Stealth Rock|p2a: Chansey
|-sidestart|p2: sid_100|move: Stealth Rock
|move|p2a: Chansey|Seismic Toss|p1a: Heatran
|-damage|p1a: Heatran|286\/386
|
|-heal|p1a: Heatran|310\/386|[from] item: Leftovers
|turn|5
|
|move|p1a: Heatran|Toxic|p2a: Chansey
|-status|p2a: Chansey|tox
|move|p2a: Chansey|Seismic Toss|p1a: Heatran
|-damage|p1a: Heatran|210\/386
|
|-heal|p1a: Heatran|234\/386|[from] item: Leftovers
|-damage|p2a: Chansey|542\/642 tox|[from] psn
|turn|6
|
|move|p1a: Heatran|Protect|p1a: Heatran
|-singleturn|p1a: Heatran|Protect
|move|p2a: Chansey|Wish|p2a: Chansey
|
|-heal|p1a: Heatran|258\/386|[from] item: Leftovers
|-damage|p2a: Chansey|462\/642 tox|[from] psn
|turn|7
|
|move|p1a: Heatran|Lava Plume|p2a: Chansey
|-damage|p2a: Chansey|398\/642 tox
|move|p2a: Chansey|Seismic Toss|p1a: Heatran
|-damage|p1a: Heatran|158\/386
|
|-heal|p2a: Chansey|642\/642 tox|[from] move: Wish|[wisher] Chansey
|-heal|p1a: Heatran|182\/386|[from] item: Leftovers
|-damage|p2a: Chansey|522\/642 tox|[from] psn
|turn|8
|
|move|p1a: Heatran|Lava Plume|p2a: Chansey
|-damage|p2a: Chansey|459\/642 tox
|move|p2a: Chansey|Seismic Toss|p1a: Heatran
|-damage|p1a: Heatran|82\/386
|
|-heal|p1a: Heatran|106\/386|[from] item: Leftovers
|-damage|p2a: Chansey|299\/642 tox|[from] psn
|turn|9
|
|switch|p2a: Tentacruel|Tentacruel, F|364\/364
|-damage|p2a: Tentacruel|319\/364|[from] Stealth Rock
|move|p1a: Heatran|Lava Plume|p2a: Tentacruel
|-resisted|p2a: Tentacruel
|-damage|p2a: Tentacruel|283\/364
|-status|p2a: Tentacruel|brn
|
|-heal|p2a: Tentacruel|305\/364 brn|[from] item: Black Sludge
|-heal|p1a: Heatran|130\/386|[from] item: Leftovers
|-damage|p2a: Tentacruel|260\/364 brn|[from] brn
|turn|10
|
|switch|p1a: Slowbro|Slowbro, M|394\/394
|-damage|p1a: Slowbro|329\/394|[from] Spikes
|move|p2a: Tentacruel|Knock Off|p1a: Slowbro
|-supereffective|p1a: Slowbro
|-damage|p1a: Slowbro|291\/394
|-enditem|p1a: Slowbro|Leftovers|[from] move: Knock Off|[of] p2a: Tentacruel
|
|-heal|p2a: Tentacruel|282\/364 brn|[from] item: Black Sludge
|-damage|p2a: Tentacruel|237\/364 brn|[from] brn
|turn|11
|
|switch|p2a: Chansey|Chansey, F|299\/642
|-damage|p2a: Chansey|219\/642|[from] Stealth Rock
|move|p1a: Slowbro|Thunder Wave|p2a: Chansey
|-status|p2a: Chansey|par
|
|turn|12
|
|move|p1a: Slowbro|Psyshock|p2a: Chansey
|-damage|p2a: Chansey|104\/642 par
|move|p2a: Chansey|Soft-Boiled|p2a: Chansey
|-heal|p2a: Chansey|425\/642 par
|
|turn|13
|
|move|p1a: Slowbro|Scald|p2a: Chansey
|-damage|p2a: Chansey|377\/642 par
|move|p2a: Chansey|Wish|p2a: Chansey
|
|turn|14
|
|switch|p1a: Scizor|Scizor, M|343\/343
|-damage|p1a: Scizor|286\/343|[from] Spikes
|cant|p2a: Chansey|par
|
|-heal|p2a: Chansey|642\/642 par|[from] move: Wish|[wisher] Chansey
|turn|15
|
|switch|p2a: Landorus-Therian|Landorus-Therian, M|382\/382
|-damage|p2a: Landorus-Therian|335\/382|[from] Stealth Rock
|-ability|p2a: Landorus-Therian|Intimidate|[of] p1a: Scizor
|-unboost|p1a: Scizor|atk|1
|move|p1a: Scizor|U-turn|p2a: Landorus-Therian
|-resisted|p2a: Landorus-Therian
|-damage|p2a: Landorus-Therian|284\/382
|
|switch|p1a: Landorus-Therian|Landorus-Therian, M|267\/320
|-ability|p1a: Landorus-Therian|Intimidate|[of] p2a: Landorus-Therian
|-unboost|p2a: Landorus-Therian|atk|1
|
|-heal|p2a: Landorus-Therian|307\/382|[from] item: Leftovers
|turn|16
|
|move|p1a: Landorus-Therian|Knock Off|p2a: Landorus-Therian
|-damage|p2a: Landorus-Therian|204\/382
|-enditem|p2a: Landorus-Therian|Leftovers|[from] move: Knock Off|[of] p1a: Landorus-Therian
|move|p2a: Landorus-Therian|Stealth Rock|p1a: Landorus-Therian
|-sidestart|p1: Zebban|move: Stealth Rock
|
|turn|17
|
|switch|p1a: Sceptile|Sceptile, M|282\/282
|-damage|p1a: Sceptile|235\/282|[from] Spikes
|-damage|p1a: Sceptile|200\/282|[from] Stealth Rock
|move|p2a: Landorus-Therian|U-turn|p1a: Sceptile
|-supereffective|p1a: Sceptile
|-damage|p1a: Sceptile|50\/282
|
|switch|p2a: Greninja|Greninja, F|285\/285
|-damage|p2a: Greninja|250\/285|[from] Stealth Rock
|
|turn|18
|
|detailschange|p1a: Sceptile|Sceptile-Mega, M
|message|Sceptile has Mega Evolved into Mega Sceptile!
|move|p2a: Greninja|Hydro Pump|p1a: Sceptile
|-start|p2a: Greninja|typechange|Water|[from] Protean
|-resisted|p1a: Sceptile
|-damage|p1a: Sceptile|0 fnt
|-damage|p2a: Greninja|222\/285|[from] item: Life Orb
|faint|p1a: Sceptile
|
|-message|Zebban forfeited.
|
|win|sid_100
|raw|Ladder updating...
|leave|Zebban
|player|p1
|raw|Zebban's rating: 1341 &rarr; <strong>1325<\/strong><br \/>(-16 for losing)
|raw|sid_100's rating: 1412 &rarr; <strong>1428<\/strong><br \/>(+16 for winning)