|join|jomeno
|join|Zebban
|player|p1|jomeno|288
|player|p2|Zebban|101
|gametype|singles
|gen|6
|tier|OU
|rated
|clearpoke
|poke|p1|Aerodactyl, F, shiny
|poke|p1|Breloom, F, shiny
|poke|p1|Rotom-Wash, shiny
|poke|p1|Latias, F, shiny
|poke|p1|Landorus-Therian, M, shiny
|poke|p1|Tyranitar, M, shiny
|poke|p2|Charizard, M
|poke|p2|Greninja, M
|poke|p2|Chesnaught, M
|poke|p2|Bisharp, M
|poke|p2|Donphan, M
|poke|p2|Rotom-Wash
|rule|Swagger Clause: Swagger is banned
|rule|Baton Pass Clause: Limit one PokÃ©mon knowing Baton Pass
|rule|Sleep Clause Mod: Limit one foe put to sleep
|rule|Species Clause: Limit one of each PokÃ©mon
|rule|OHKO Clause: OHKO moves are banned
|rule|Moody Clause: Moody is banned
|rule|Evasion Moves Clause: Evasion moves are banned
|rule|Endless Battle Clause: Forcing endless battles is banned
|rule|HP Percentage Mod: HP is shown in percentages
|teampreview
|
|start
|switch|p1a: The Terminator|Rotom-Wash, shiny|304\/304
|switch|p2a: Donphan|Donphan, M|384\/384
|turn|1
|
|move|p1a: The Terminator|Will-O-Wisp|p2a: Donphan
|-status|p2a: Donphan|brn
|move|p2a: Donphan|Stealth Rock|p1a: The Terminator
|-sidestart|p1: jomeno|move: Stealth Rock
|
|-damage|p2a: Donphan|336\/384 brn|[from] brn
|turn|2
|
|switch|p2a: Rotom-Wash|Rotom-Wash|241\/241
|move|p1a: The Terminator|Hydro Pump|p2a: Rotom-Wash
|-resisted|p2a: Rotom-Wash
|-damage|p2a: Rotom-Wash|190\/241
|
|turn|3
|
|move|p2a: Rotom-Wash|Volt Switch|p1a: The Terminator
|-damage|p1a: The Terminator|226\/304
|
|switch|p2a: Donphan|Donphan, M|336\/384 brn
|move|p1a: The Terminator|Will-O-Wisp|p2a: Donphan
|-fail|p2a: Donphan|brn
|
|-heal|p1a: The Terminator|245\/304|[from] item: Leftovers
|-heal|p2a: Donphan|360\/384 brn|[from] item: Leftovers
|-damage|p2a: Donphan|312\/384 brn|[from] brn
|turn|4
|
|switch|p2a: Rotom-Wash|Rotom-Wash|190\/241
|move|p1a: The Terminator|Volt Switch|p2a: Rotom-Wash
|-damage|p2a: Rotom-Wash|124\/241
|
|switch|p1a: Red Ranger|Latias, F, shiny|301\/301
|-damage|p1a: Red Ranger|264\/301|[from] Stealth Rock
|
|turn|5
|
|switch|p1a: Simba|Landorus-Therian, M, shiny|325\/325
|-damage|p1a: Simba|285\/325|[from] Stealth Rock
|-ability|p1a: Simba|Intimidate|[of] p2a: Rotom-Wash
|-unboost|p2a: Rotom-Wash|atk|1
|switch|p2a: Donphan|Donphan, M|312\/384 brn
|
|-heal|p2a: Donphan|336\/384 brn|[from] item: Leftovers
|-damage|p2a: Donphan|288\/384 brn|[from] brn
|turn|6
|
|move|p2a: Donphan|Ice Shard|p1a: Simba
|-supereffective|p1a: Simba
|-damage|p1a: Simba|177\/325
|move|p1a: Simba|U-turn|p2a: Donphan
|-damage|p2a: Donphan|210\/384 brn
|
|switch|p1a: Godzilla's Brother|Tyranitar, M, shiny|341\/341
|-damage|p1a: Godzilla's Brother|299\/341|[from] Stealth Rock
|-weather|Sandstorm
|
|-weather|Sandstorm|[upkeep]
|-heal|p2a: Donphan|234\/384 brn|[from] item: Leftovers
|-damage|p2a: Donphan|186\/384 brn|[from] brn
|turn|7
|
|move|p1a: Godzilla's Brother|Stealth Rock|p2a: Donphan
|-sidestart|p2: Zebban|move: Stealth Rock
|move|p2a: Donphan|Earthquake|p1a: Godzilla's Brother
|-supereffective|p1a: Godzilla's Brother
|-damage|p1a: Godzilla's Brother|131\/341
|
|-weather|Sandstorm|[upkeep]
|-heal|p2a: Donphan|210\/384 brn|[from] item: Leftovers
|-damage|p2a: Donphan|162\/384 brn|[from] brn
|turn|8
|
|move|p1a: Godzilla's Brother|Ice Beam|p2a: Donphan
|-supereffective|p2a: Donphan
|-damage|p2a: Donphan|0 fnt
|faint|p2a: Donphan
|
|-weather|Sandstorm|[upkeep]
|
|switch|p2a: Rotom-Wash|Rotom-Wash|124\/241
|-damage|p2a: Rotom-Wash|94\/241|[from] Stealth Rock
|turn|9
|
|move|p2a: Rotom-Wash|Rest|p2a: Rotom-Wash
|-status|p2a: Rotom-Wash|slp
|-heal|p2a: Rotom-Wash|241\/241 slp|[silent]
|-status|p2a: Rotom-Wash|slp|[from] move: Rest
|-enditem|p2a: Rotom-Wash|Chesto Berry|[eat]
|-curestatus|p2a: Rotom-Wash|slp
|move|p1a: Godzilla's Brother|Stone Edge|p2a: Rotom-Wash
|-damage|p2a: Rotom-Wash|70\/241
|
|-weather|Sandstorm|[upkeep]
|-damage|p2a: Rotom-Wash|55\/241|[from] sandstorm
|turn|10
|
|move|p2a: Rotom-Wash|Hydro Pump|p1a: Godzilla's Brother
|-supereffective|p1a: Godzilla's Brother
|-damage|p1a: Godzilla's Brother|0 fnt
|faint|p1a: Godzilla's Brother
|
|-weather|none
|
|switch|p1a: The Terminator|Rotom-Wash, shiny|245\/304
|-damage|p1a: The Terminator|207\/304|[from] Stealth Rock
|turn|11
|
|move|p2a: Rotom-Wash|Volt Switch|p1a: The Terminator
|-damage|p1a: The Terminator|129\/304
|
|switch|p2a: Chesnaught|Chesnaught, M|379\/379
|-damage|p2a: Chesnaught|356\/379|[from] Stealth Rock
|move|p1a: The Terminator|Volt Switch|p2a: Chesnaught
|-resisted|p2a: Chesnaught
|-damage|p2a: Chesnaught|303\/379
|
|switch|p1a: Pterodactyl|Aerodactyl, F, shiny|301\/301
|-damage|p1a: Pterodactyl|226\/301|[from] Stealth Rock
|
|-heal|p2a: Chesnaught|326\/379|[from] item: Leftovers
|turn|12
|
|detailschange|p1a: Pterodactyl|Aerodactyl-Mega, F, shiny
|message|Aerodactyl has Mega Evolved into Mega Aerodactyl!
|move|p1a: Pterodactyl|Aerial Ace|p2a: Chesnaught
|-supereffective|p2a: Chesnaught
|-damage|p2a: Chesnaught|0 fnt
|faint|p2a: Chesnaught
|
|
|switch|p2a: Greninja|Greninja, M|286\/286
|-damage|p2a: Greninja|251\/286|[from] Stealth Rock
|turn|13
|
|move|p1a: Pterodactyl|Stone Edge|p2a: Greninja
|-crit|p2a: Greninja
|-damage|p2a: Greninja|0 fnt
|faint|p2a: Greninja
|
|
|switch|p2a: Bisharp|Bisharp, M|321\/321
|-damage|p2a: Bisharp|301\/321|[from] Stealth Rock
|turn|14
|
|switch|p1a: The Terminator|Rotom-Wash, shiny|129\/304
|-damage|p1a: The Terminator|91\/304|[from] Stealth Rock
|move|p2a: Bisharp|Swords Dance|p2a: Bisharp
|-boost|p2a: Bisharp|atk|2
|
|-heal|p1a: The Terminator|110\/304|[from] item: Leftovers
|-heal|p2a: Bisharp|321\/321|[from] item: Leftovers
|turn|15
|c|âZebban|max speed on that aero?
|c|âjomeno|nope
|
|move|p1a: The Terminator|Will-O-Wisp|p2a: Bisharp
|-status|p2a: Bisharp|brn
|move|p2a: Bisharp|Knock Off|p1a: The Terminator
|-damage|p1a: The Terminator|0 fnt
|-enditem|p1a: The Terminator|Leftovers|[from] move: Knock Off|[of] p2a: Bisharp
|faint|p1a: The Terminator
|
|-damage|p2a: Bisharp|281\/321 brn|[from] brn
|c|âZebban|wow
|c|âZebban|whats its speed stat?
|c|âjomeno|base 150
|
|switch|p1a: Mah Mush Room|Breloom, F, shiny|261\/261
|-damage|p1a: Mah Mush Room|245\/261|[from] Stealth Rock
|turn|16
|c|âZebban|no, but how high is its speed?
|c|âjomeno|399
|
|move|p1a: Mah Mush Room|Spore|p2a: Bisharp
|-fail|p2a: Bisharp
|move|p2a: Bisharp|Iron Head|p1a: Mah Mush Room
|-damage|p1a: Mah Mush Room|64\/261
|
|-heal|p2a: Bisharp|301\/321 brn|[from] item: Leftovers
|-damage|p2a: Bisharp|261\/321 brn|[from] brn
|turn|17
|
|move|p1a: Mah Mush Room|Mach Punch|p2a: Bisharp
|-supereffective|p2a: Bisharp
|-damage|p2a: Bisharp|0 fnt
|faint|p2a: Bisharp
|
|
|switch|p2a: Charizard|Charizard, M|298\/298
|-damage|p2a: Charizard|149\/298|[from] Stealth Rock
|turn|18
|c|âZebban|ok
|c|âZebban|faster than my timid max speed greninja
|
|detailschange|p2a: Charizard|Charizard-Mega-X, M
|message|Charizard has Mega Evolved into Mega Charizard!
|move|p1a: Mah Mush Room|Mach Punch|p2a: Charizard
|-damage|p2a: Charizard|55\/298
|move|p2a: Charizard|Dragon Claw|p1a: Mah Mush Room
|-damage|p1a: Mah Mush Room|0 fnt
|faint|p1a: Mah Mush Room
|
|
|switch|p1a: Pterodactyl|Aerodactyl-Mega, F, shiny|226\/301
|-damage|p1a: Pterodactyl|151\/301|[from] Stealth Rock
|turn|19
|c|âjomeno|yep
|
|move|p1a: Pterodactyl|Aerial Ace|p2a: Charizard
|-damage|p2a: Charizard|0 fnt
|faint|p2a: Charizard
|
|
|switch|p2a: Rotom-Wash|Rotom-Wash|55\/241
|-damage|p2a: Rotom-Wash|25\/241|[from] Stealth Rock
|turn|20
|c|âZebban|that just messed me up
|c|âjomeno|haha
|c|âZebban|hoped that i would outspeed it
|c|âjomeno|yeah
|
|move|p1a: Pterodactyl|Aerial Ace|p2a: Rotom-Wash
|-resisted|p2a: Rotom-Wash
|-damage|p2a: Rotom-Wash|0 fnt
|faint|p2a: Rotom-Wash
|
|win|jomeno
|raw|Ladder updating...
|raw|jomeno's rating: 1512 &rarr; <strong>1532<\/strong><br \/>(+20 for winning)
|raw|Zebban's rating: 1517 &rarr; <strong>1497<\/strong><br \/>(-20 for losing)
|c|âjomeno|ah, fair enough
|c|âjomeno|it looks deceptive
|c|âZebban|ice beam, killed everyhing