|join|Zebban
|join|NoRecuerdoMiNick
|player|p1|Zebban|101
|player|p2|NoRecuerdoMiNick|209
|gametype|singles
|gen|6
|tier|OU
|rated
|clearpoke
|poke|p1|Talonflame, M
|poke|p1|Keldeo-Resolute
|poke|p1|Ferrothorn, F
|poke|p1|Heatran, F
|poke|p1|Diancie
|poke|p1|Landorus-Therian, M
|poke|p2|Landorus, M
|poke|p2|Conkeldurr, M
|poke|p2|Clefable, M
|poke|p2|Mandibuzz, F
|poke|p2|Metagross, shiny
|poke|p2|Gengar, M
|rule|Swagger Clause: Swagger is banned
|rule|Baton Pass Clause: Limit one PokÃ©mon knowing Baton Pass
|rule|Sleep Clause Mod: Limit one foe put to sleep
|rule|Species Clause: Limit one of each PokÃ©mon
|rule|OHKO Clause: OHKO moves are banned
|rule|Moody Clause: Moody is banned
|rule|Evasion Moves Clause: Evasion moves are banned
|rule|Endless Battle Clause: Forcing endless battles is banned
|rule|HP Percentage Mod: HP is shown in percentages
|teampreview
|
|start
|switch|p1a: Landorus-Therian|Landorus-Therian, M|319\/319
|switch|p2a: Mandibuzz|Mandibuzz, F|411\/411
|-ability|p1a: Landorus-Therian|Intimidate|[of] p2a: Mandibuzz
|-unboost|p2a: Mandibuzz|atk|1
|turn|1
|
|move|p1a: Landorus-Therian|Knock Off|p2a: Mandibuzz
|-resisted|p2a: Mandibuzz
|-damage|p2a: Mandibuzz|367\/411
|-enditem|p2a: Mandibuzz|Leftovers|[from] move: Knock Off|[of] p1a: Landorus-Therian
|move|p2a: Mandibuzz|Foul Play|p1a: Landorus-Therian
|-damage|p1a: Landorus-Therian|117\/319
|
|turn|2
|
|switch|p1a: Heatran|Heatran, F|385\/385
|move|p2a: Mandibuzz|Foul Play|p1a: Heatran
|-damage|p1a: Heatran|300\/385
|
|-heal|p1a: Heatran|324\/385|[from] item: Leftovers
|turn|3
|
|switch|p2a: Conkeldurr|Conkeldurr, M|401\/401
|switch|p1a: Talonflame|Talonflame, M|326\/326
|
|turn|4
|
|move|p1a: Talonflame|Brave Bird|p2a: Conkeldurr
|-supereffective|p2a: Conkeldurr
|-damage|p2a: Conkeldurr|63\/401
|-damage|p1a: Talonflame|214\/326|[from] recoil|[of] p2a: Conkeldurr
|move|p2a: Conkeldurr|Knock Off|p1a: Talonflame
|-damage|p1a: Talonflame|24\/326
|-enditem|p1a: Talonflame|Sharp Beak|[from] move: Knock Off|[of] p2a: Conkeldurr
|
|turn|5
|
|move|p1a: Talonflame|Brave Bird|p2a: Conkeldurr
|-supereffective|p2a: Conkeldurr
|-damage|p2a: Conkeldurr|0 fnt
|-damage|p1a: Talonflame|3\/326|[from] recoil|[of] p2a: Conkeldurr
|faint|p2a: Conkeldurr
|
|
|switch|p2a: Metagross|Metagross, shiny|363\/363
|turn|6
|
|switch|p1a: Ferrothorn|Ferrothorn, F|352\/352
|move|p2a: Metagross|Bullet Punch|p1a: Ferrothorn
|-resisted|p1a: Ferrothorn
|-damage|p1a: Ferrothorn|324\/352
|-damage|p2a: Metagross|318\/363|[from] ability: Iron Barbs|[of] p1a: Ferrothorn
|
|-heal|p1a: Ferrothorn|346\/352|[from] item: Leftovers
|turn|7
|
|switch|p2a: Clefable|Clefable, M|393\/393
|move|p1a: Ferrothorn|Leech Seed|p2a: Clefable
|-start|p2a: Clefable|move: Leech Seed
|
|-heal|p1a: Ferrothorn|352\/352|[from] item: Leftovers
|turn|8
|
|move|p2a: Clefable|Stealth Rock|p1a: Ferrothorn
|-sidestart|p1: Zebban|move: Stealth Rock
|move|p1a: Ferrothorn|Gyro Ball|p2a: Clefable
|-supereffective|p2a: Clefable
|-damage|p2a: Clefable|163\/393
|
|-heal|p2a: Clefable|187\/393|[from] item: Leftovers
|turn|9
|
|switch|p1a: Diancie|Diancie|241\/241
|-damage|p1a: Diancie|211\/241|[from] Stealth Rock
|move|p2a: Clefable|Flamethrower|p1a: Diancie
|-resisted|p1a: Diancie
|-damage|p1a: Diancie|184\/241
|-status|p1a: Diancie|brn
|
|-heal|p2a: Clefable|211\/393|[from] item: Leftovers
|-damage|p1a: Diancie|154\/241 brn|[from] brn
|turn|10
|
|detailschange|p1a: Diancie|Diancie-Mega
|-mega|p1a: Diancie|Diancie|Diancite
|move|p1a: Diancie|Earth Power|p2a: Clefable
|-damage|p2a: Clefable|89\/393
|move|p2a: Clefable|Soft-Boiled|p2a: Clefable
|-heal|p2a: Clefable|286\/393
|
|-heal|p2a: Clefable|310\/393|[from] item: Leftovers
|-damage|p1a: Diancie|124\/241 brn|[from] brn
|turn|11
|
|move|p1a: Diancie|Moonblast|p2a: Clefable
|-damage|p2a: Clefable|115\/393
|move|p2a: Clefable|Soft-Boiled|p2a: Clefable
|-heal|p2a: Clefable|312\/393
|
|-heal|p2a: Clefable|336\/393|[from] item: Leftovers
|-damage|p1a: Diancie|94\/241 brn|[from] brn
|turn|12
|
|switch|p1a: Heatran|Heatran, F|324\/385
|-damage|p1a: Heatran|276\/385|[from] Stealth Rock
|move|p2a: Clefable|Moonblast|p1a: Heatran
|-resisted|p1a: Heatran
|-damage|p1a: Heatran|257\/385
|
|-heal|p1a: Heatran|281\/385|[from] item: Leftovers
|-heal|p2a: Clefable|360\/393|[from] item: Leftovers
|turn|13
|
|switch|p2a: Landorus|Landorus, M|358\/358
|move|p1a: Heatran|Stealth Rock|p2a: Landorus
|-sidestart|p2: NoRecuerdoMiNick|move: Stealth Rock
|
|-heal|p1a: Heatran|305\/385|[from] item: Leftovers
|turn|14
|
|switch|p1a: Landorus-Therian|Landorus-Therian, M|117\/319
|-damage|p1a: Landorus-Therian|78\/319|[from] Stealth Rock
|-ability|p1a: Landorus-Therian|Intimidate|[of] p2a: Landorus
|-unboost|p2a: Landorus|atk|1
|move|p2a: Landorus|Calm Mind|p2a: Landorus
|-boost|p2a: Landorus|spa|1
|-boost|p2a: Landorus|spd|1
|
|turn|15
|
|move|p1a: Landorus-Therian|Knock Off|p2a: Landorus
|-damage|p2a: Landorus|233\/358
|-enditem|p2a: Landorus|Life Orb|[from] move: Knock Off|[of] p1a: Landorus-Therian
|move|p2a: Landorus|Psychic|p1a: Landorus-Therian
|-damage|p1a: Landorus-Therian|0 fnt
|faint|p1a: Landorus-Therian
|
|
|switch|p1a: Keldeo-Resolute|Keldeo-Resolute|323\/323
|-damage|p1a: Keldeo-Resolute|303\/323|[from] Stealth Rock
|turn|16
|
|move|p1a: Keldeo-Resolute|Scald|p2a: Landorus
|-supereffective|p2a: Landorus
|-damage|p2a: Landorus|0 fnt
|faint|p2a: Landorus
|
|-heal|p1a: Keldeo-Resolute|323\/323|[from] item: Leftovers
|
|switch|p2a: Gengar|Gengar, M|261\/261
|-damage|p2a: Gengar|229\/261|[from] Stealth Rock
|turn|17
|
|switch|p1a: Heatran|Heatran, F|305\/385
|-damage|p1a: Heatran|257\/385|[from] Stealth Rock
|move|p2a: Gengar|Shadow Ball|p1a: Heatran
|-damage|p1a: Heatran|152\/385
|
|-heal|p2a: Gengar|245\/261|[from] item: Black Sludge
|-heal|p1a: Heatran|176\/385|[from] item: Leftovers
|turn|18
|
|move|p2a: Gengar|Shadow Ball|p1a: Heatran
|-damage|p1a: Heatran|79\/385
|move|p1a: Heatran|Lava Plume|p2a: Gengar
|-damage|p2a: Gengar|94\/261
|
|-heal|p2a: Gengar|110\/261|[from] item: Black Sludge
|-heal|p1a: Heatran|103\/385|[from] item: Leftovers
|turn|19
|
|move|p2a: Gengar|Shadow Ball|p1a: Heatran
|-damage|p1a: Heatran|0 fnt
|faint|p1a: Heatran
|
|-heal|p2a: Gengar|126\/261|[from] item: Black Sludge
|
|switch|p1a: Ferrothorn|Ferrothorn, F|352\/352
|-damage|p1a: Ferrothorn|330\/352|[from] Stealth Rock
|turn|20
|
|move|p2a: Gengar|Will-O-Wisp|p1a: Ferrothorn
|-status|p1a: Ferrothorn|brn
|move|p1a: Ferrothorn|Gyro Ball|p2a: Gengar
|-damage|p2a: Gengar|0 fnt
|faint|p2a: Gengar
|
|-heal|p1a: Ferrothorn|352\/352 brn|[from] item: Leftovers
|-damage|p1a: Ferrothorn|308\/352 brn|[from] brn
|
|switch|p2a: Clefable|Clefable, M|360\/393
|turn|21
|
|move|p2a: Clefable|Flamethrower|p1a: Ferrothorn
|-supereffective|p1a: Ferrothorn
|-damage|p1a: Ferrothorn|104\/352 brn
|move|p1a: Ferrothorn|Gyro Ball|p2a: Clefable
|-supereffective|p2a: Clefable
|-damage|p2a: Clefable|246\/393
|
|-heal|p2a: Clefable|270\/393|[from] item: Leftovers
|-heal|p1a: Ferrothorn|126\/352 brn|[from] item: Leftovers
|-damage|p1a: Ferrothorn|82\/352 brn|[from] brn
|turn|22
|
|move|p2a: Clefable|Flamethrower|p1a: Ferrothorn
|-supereffective|p1a: Ferrothorn
|-damage|p1a: Ferrothorn|0 fnt
|faint|p1a: Ferrothorn
|
|-heal|p2a: Clefable|294\/393|[from] item: Leftovers
|
|switch|p1a: Keldeo-Resolute|Keldeo-Resolute|323\/323
|-damage|p1a: Keldeo-Resolute|303\/323|[from] Stealth Rock
|turn|23
|
|move|p1a: Keldeo-Resolute|Calm Mind|p1a: Keldeo-Resolute
|-boost|p1a: Keldeo-Resolute|spa|1
|-boost|p1a: Keldeo-Resolute|spd|1
|move|p2a: Clefable|Moonblast|p1a: Keldeo-Resolute
|-supereffective|p1a: Keldeo-Resolute
|-damage|p1a: Keldeo-Resolute|157\/323
|
|-heal|p1a: Keldeo-Resolute|177\/323|[from] item: Leftovers
|-heal|p2a: Clefable|318\/393|[from] item: Leftovers
|turn|24
|
|move|p1a: Keldeo-Resolute|Calm Mind|p1a: Keldeo-Resolute
|-boost|p1a: Keldeo-Resolute|spa|1
|-boost|p1a: Keldeo-Resolute|spd|1
|move|p2a: Clefable|Moonblast|p1a: Keldeo-Resolute
|-supereffective|p1a: Keldeo-Resolute
|-damage|p1a: Keldeo-Resolute|67\/323
|-unboost|p1a: Keldeo-Resolute|spa|1
|
|-heal|p1a: Keldeo-Resolute|87\/323|[from] item: Leftovers
|-heal|p2a: Clefable|342\/393|[from] item: Leftovers
|turn|25
|
|move|p1a: Keldeo-Resolute|Scald|p2a: Clefable
|-damage|p2a: Clefable|144\/393
|move|p2a: Clefable|Moonblast|p1a: Keldeo-Resolute
|-supereffective|p1a: Keldeo-Resolute
|-damage|p1a: Keldeo-Resolute|0 fnt
|faint|p1a: Keldeo-Resolute
|
|-heal|p2a: Clefable|168\/393|[from] item: Leftovers
|-message|Zebban forfeited.
|leave|Zebban
|
|win|NoRecuerdoMiNick
|raw|Ladder updating...
|player|p1
|raw|Zebban's rating: 1490 &rarr; <strong>1470<\/strong><br \/>(-20 for losing)
|raw|NoRecuerdoMiNick's rating: 1485 &rarr; <strong>1506<\/strong><br \/>(+21 for winning)