|join|Bob the Wut
|join|serretje
|player|p1|Bob the Wut|23
|player|p2|serretje|266
|gametype|singles
|gen|6
|tier|UU
|rated
|rule|Sleep Clause Mod: Limit one foe put to sleep
|rule|Species Clause: Limit one of each PokÃ©mon
|rule|OHKO Clause: OHKO moves are banned
|rule|Moody Clause: Moody is banned
|rule|Evasion Moves Clause: Evasion moves are banned
|rule|Endless Battle Clause: Forcing endless battles is banned
|rule|HP Percentage Mod: HP is shown in percentages
|clearpoke
|poke|p1|Medicham, M
|poke|p1|Escavalier, M
|poke|p1|Vaporeon, M
|poke|p1|Krookodile, M
|poke|p1|Forretress, M
|poke|p1|Blissey, F
|poke|p2|Hippowdon, M
|poke|p2|Medicham, F
|poke|p2|Stoutland, M
|poke|p2|Empoleon, M
|poke|p2|Roserade, M
|poke|p2|Lucario, M
|rule|Swagger Clause: Swagger is banned
|rule|Baton Pass Clause: Limit one PokÃ©mon knowing Baton Pass
|teampreview
|
|start
|switch|p1a: allahu akbar|Forretress, M|354\/354
|switch|p2a: Hippowdon|Hippowdon, M|420\/420
|-weather|Sandstorm
|turn|1
|
|move|p2a: Hippowdon|Stealth Rock|p1a: allahu akbar
|-sidestart|p1: Bob the Wut|move: Stealth Rock
|move|p1a: allahu akbar|Toxic|p2a: Hippowdon
|-status|p2a: Hippowdon|tox
|
|-weather|Sandstorm|[upkeep]
|-damage|p2a: Hippowdon|394\/420 tox|[from] psn
|turn|2
|
|switch|p2a: Lucario|Lucario, M|281\/281
|move|p1a: allahu akbar|Spikes|p2a: Lucario
|-sidestart|p2: serretje|Spikes
|
|-weather|Sandstorm|[upkeep]
|turn|3
|
|move|p2a: Lucario|Close Combat|p1a: allahu akbar
|-damage|p1a: allahu akbar|212\/354
|-unboost|p2a: Lucario|def|1
|-unboost|p2a: Lucario|spd|1
|-damage|p2a: Lucario|253\/281|[from] item: Life Orb
|move|p1a: allahu akbar|Volt Switch|p2a: Lucario
|-damage|p2a: Lucario|182\/281
|
|switch|p1a: andy dufresne|Krookodile, M|331\/331
|-damage|p1a: andy dufresne|311\/331|[from] Stealth Rock
|-ability|p1a: andy dufresne|Intimidate|[of] p2a: Lucario
|-unboost|p2a: Lucario|atk|1
|
|-weather|Sandstorm|[upkeep]
|turn|4
|
|switch|p2a: Hippowdon|Hippowdon, M|394\/420 tox
|-damage|p2a: Hippowdon|342\/420 tox|[from] Spikes
|move|p1a: andy dufresne|Earthquake|p2a: Hippowdon
|-damage|p2a: Hippowdon|231\/420 tox
|
|-weather|Sandstorm|[upkeep]
|-damage|p2a: Hippowdon|205\/420 tox|[from] psn
|turn|5
|
|move|p1a: andy dufresne|Stealth Rock|p2a: Hippowdon
|-sidestart|p2: serretje|move: Stealth Rock
|move|p2a: Hippowdon|Earthquake|p1a: andy dufresne
|-damage|p1a: andy dufresne|145\/331
|
|-weather|Sandstorm|[upkeep]
|-damage|p2a: Hippowdon|153\/420 tox|[from] psn
|turn|6
|join|Dad's Dad
|leave|Dad's Dad
|join|Dad's Dad
|leave|Dad's Dad
|
|switch|p1a: ur mum|Blissey, F|714\/714
|-damage|p1a: ur mum|625\/714|[from] Stealth Rock
|move|p2a: Hippowdon|Slack Off|p2a: Hippowdon
|-heal|p2a: Hippowdon|363\/420 tox
|
|-weather|Sandstorm|[upkeep]
|-damage|p1a: ur mum|581\/714|[from] sandstorm
|-heal|p1a: ur mum|625\/714|[from] item: Leftovers
|-damage|p2a: Hippowdon|285\/420 tox|[from] psn
|turn|7
|join|poonHunter (DD)
|
|switch|p2a: Medicham|Medicham, F|265\/265
|-damage|p2a: Medicham|249\/265|[from] Stealth Rock
|-damage|p2a: Medicham|216\/265|[from] Spikes
|move|p1a: ur mum|Wish|p1a: ur mum
|
|-weather|Sandstorm|[upkeep]
|-damage|p2a: Medicham|200\/265|[from] sandstorm
|-damage|p1a: ur mum|581\/714|[from] sandstorm
|-heal|p1a: ur mum|625\/714|[from] item: Leftovers
|turn|8
|
|switch|p1a: cat mermaid|Vaporeon, M|464\/464
|-damage|p1a: cat mermaid|406\/464|[from] Stealth Rock
|detailschange|p2a: Medicham|Medicham-Mega, F
|-mega|p2a: Medicham|Medicham|Medichamite
|move|p2a: Medicham|High Jump Kick|p1a: cat mermaid
|-crit|p1a: cat mermaid
|-damage|p1a: cat mermaid|0 fnt
|faint|p1a: cat mermaid
|
|-weather|none
|c|âBob the Wut|sick
|c|âBob the Wut|crit
|
|switch|p1a: reveal foresight|Medicham, M|261\/261
|-damage|p1a: reveal foresight|245\/261|[from] Stealth Rock
|turn|9
|
|switch|p2a: Hippowdon|Hippowdon, M|285\/420 tox
|-damage|p2a: Hippowdon|259\/420 tox|[from] Stealth Rock
|-damage|p2a: Hippowdon|207\/420 tox|[from] Spikes
|-weather|Sandstorm
|detailschange|p1a: reveal foresight|Medicham-Mega, M
|-mega|p1a: reveal foresight|Medicham|Medichamite
|move|p1a: reveal foresight|Fake Out|p2a: Hippowdon
|-damage|p2a: Hippowdon|155\/420 tox
|
|-weather|Sandstorm|[upkeep]
|-damage|p1a: reveal foresight|229\/261|[from] sandstorm
|-damage|p2a: Hippowdon|129\/420 tox|[from] psn
|turn|10
|
|move|p1a: reveal foresight|Zen Headbutt|p2a: Hippowdon
|-damage|p2a: Hippowdon|0 fnt
|faint|p2a: Hippowdon
|
|-weather|Sandstorm|[upkeep]
|-damage|p1a: reveal foresight|213\/261|[from] sandstorm
|
|switch|p2a: Stoutland|Stoutland, M|311\/311
|-damage|p2a: Stoutland|273\/311|[from] Stealth Rock
|-damage|p2a: Stoutland|235\/311|[from] Spikes
|turn|11
|
|switch|p1a: allahu akbar|Forretress, M|212\/354
|-damage|p1a: allahu akbar|168\/354|[from] Stealth Rock
|move|p2a: Stoutland|Frustration|p1a: allahu akbar
|-resisted|p1a: allahu akbar
|-damage|p1a: allahu akbar|92\/354
|
|-weather|Sandstorm|[upkeep]
|-heal|p1a: allahu akbar|114\/354|[from] item: Leftovers
|turn|12
|
|move|p2a: Stoutland|Frustration|p1a: allahu akbar
|-resisted|p1a: allahu akbar
|-damage|p1a: allahu akbar|42\/354
|move|p1a: allahu akbar|Rapid Spin|p2a: Stoutland
|-damage|p2a: Stoutland|218\/311
|-sideend|p1: Bob the Wut|Stealth Rock|[from] move: Rapid Spin|[of] p1a: allahu akbar
|
|-weather|Sandstorm|[upkeep]
|-heal|p1a: allahu akbar|64\/354|[from] item: Leftovers
|turn|13
|
|move|p2a: Stoutland|Frustration|p1a: allahu akbar
|-resisted|p1a: allahu akbar
|-damage|p1a: allahu akbar|0 fnt
|faint|p1a: allahu akbar
|
|-weather|Sandstorm|[upkeep]
|
|switch|p1a: midget knight|Escavalier, M|312\/312
|turn|14
|
|move|p2a: Stoutland|Frustration|p1a: midget knight
|-resisted|p1a: midget knight
|-damage|p1a: midget knight|192\/312
|move|p1a: midget knight|Knock Off|p2a: Stoutland
|-damage|p2a: Stoutland|0 fnt
|-enditem|p2a: Stoutland|Choice Band|[from] move: Knock Off|[of] p1a: midget knight
|faint|p2a: Stoutland
|
|-weather|Sandstorm|[upkeep]
|
|switch|p2a: Medicham|Medicham-Mega, F|200\/265
|-damage|p2a: Medicham|167\/265|[from] Spikes
|-damage|p2a: Medicham|151\/265|[from] Stealth Rock
|turn|15
|leave|poonHunter (DD)
|
|move|p2a: Medicham|Fake Out|p1a: midget knight
|-resisted|p1a: midget knight
|-damage|p1a: midget knight|151\/312
|cant|p1a: midget knight|flinch
|
|-weather|Sandstorm|[upkeep]
|-damage|p2a: Medicham|135\/265|[from] sandstorm
|turn|16
|
|move|p2a: Medicham|High Jump Kick|p1a: midget knight
|-damage|p1a: midget knight|0 fnt
|faint|p1a: midget knight
|
|-weather|none
|
|switch|p1a: reveal foresight|Medicham-Mega, M|213\/261
|turn|17
|
|switch|p2a: Roserade|Roserade, M|324\/324
|-damage|p2a: Roserade|284\/324|[from] Stealth Rock
|-damage|p2a: Roserade|244\/324|[from] Spikes
|move|p1a: reveal foresight|Fake Out|p2a: Roserade
|-damage|p2a: Roserade|133\/324
|
|-heal|p2a: Roserade|153\/324|[from] item: Black Sludge
|turn|18
|
|move|p1a: reveal foresight|Zen Headbutt|p2a: Roserade
|-supereffective|p2a: Roserade
|-damage|p2a: Roserade|0 fnt
|faint|p2a: Roserade
|
|
|switch|p2a: Medicham|Medicham-Mega, F|135\/265
|-damage|p2a: Medicham|102\/265|[from] Spikes
|-damage|p2a: Medicham|86\/265|[from] Stealth Rock
|turn|19
|
|switch|p1a: ur mum|Blissey, F|625\/714
|move|p2a: Medicham|Fake Out|p1a: ur mum
|-damage|p1a: ur mum|485\/714
|
|-heal|p1a: ur mum|529\/714|[from] item: Leftovers
|turn|20
|
|move|p2a: Medicham|Zen Headbutt|p1a: ur mum
|-crit|p1a: ur mum
|-damage|p1a: ur mum|0 fnt
|faint|p1a: ur mum
|
|c|âBob the Wut|sick
|c|âBob the Wut|crit
|
|switch|p1a: reveal foresight|Medicham-Mega, M|213\/261
|turn|21
|
|switch|p2a: Empoleon|Empoleon, M|371\/371
|-damage|p2a: Empoleon|325\/371|[from] Spikes
|-damage|p2a: Empoleon|302\/371|[from] Stealth Rock
|move|p1a: reveal foresight|High Jump Kick|p2a: Empoleon
|-supereffective|p2a: Empoleon
|-damage|p2a: Empoleon|0 fnt
|faint|p2a: Empoleon
|
|
|switch|p2a: Medicham|Medicham-Mega, F|86\/265
|-damage|p2a: Medicham|70\/265|[from] Stealth Rock
|-damage|p2a: Medicham|37\/265|[from] Spikes
|turn|22
|
|move|p2a: Medicham|Fake Out|p1a: reveal foresight
|-damage|p1a: reveal foresight|123\/261
|cant|p1a: reveal foresight|flinch
|
|turn|23
|
|move|p1a: reveal foresight|Bullet Punch|p2a: Medicham
|-damage|p2a: Medicham|0 fnt
|faint|p2a: Medicham
|
|
|switch|p2a: Lucario|Lucario, M|182\/281
|-damage|p2a: Lucario|147\/281|[from] Spikes
|-damage|p2a: Lucario|139\/281|[from] Stealth Rock
|turn|24
|
|move|p2a: Lucario|Extreme Speed|p1a: reveal foresight
|-damage|p1a: reveal foresight|0 fnt
|-damage|p2a: Lucario|111\/281|[from] item: Life Orb
|faint|p1a: reveal foresight
|
|
|switch|p1a: andy dufresne|Krookodile, M|145\/331
|-ability|p1a: andy dufresne|Intimidate|[of] p2a: Lucario
|-unboost|p2a: Lucario|atk|1
|turn|25
|c|âBob the Wut|-1 252+ Atk Life Orb Lucario Extreme Speed vs. 0 HP \/ 4 Def Krookodile: 88-105 (26.5 - 31.7%) -- guaranteed 4HKO
|c|âBob the Wut|inb4 crit
|c|âserretje|hahah where do you guys calculate these things
|
|move|p2a: Lucario|Extreme Speed|p1a: andy dufresne
|-damage|p1a: andy dufresne|48\/331
|-damage|p2a: Lucario|83\/281|[from] item: Life Orb
|move|p1a: andy dufresne|Earthquake|p2a: Lucario
|-supereffective|p2a: Lucario
|-damage|p2a: Lucario|0 fnt
|faint|p2a: Lucario
|
|win|Bob the Wut
|raw|Ladder updating...
|raw|Bob the Wut's rating: 1699 &rarr; <strong>1707<\/strong><br \/>(+8 for winning)
|raw|serretje's rating: 1442 &rarr; <strong>1435<\/strong><br \/>(-7 for losing)
|leave|Bob the Wut
|player|p1
|join|Bob the Wut