|join|Sacri'
|join|mcdowell1041
|player|p1|Sacri'|265
|player|p2|mcdowell1041|169
|gametype|singles
|gen|6
|tier|UU
|rated
|rule|Sleep Clause Mod: Limit one foe put to sleep
|rule|Species Clause: Limit one of each PokÃ©mon
|rule|OHKO Clause: OHKO moves are banned
|rule|Moody Clause: Moody is banned
|rule|Evasion Moves Clause: Evasion moves are banned
|rule|Endless Battle Clause: Forcing endless battles is banned
|rule|HP Percentage Mod: HP is shown in percentages
|clearpoke
|poke|p1|Absol, M
|poke|p1|Nidoqueen, F
|poke|p1|Suicune
|poke|p1|Roserade, F
|poke|p1|Mienshao, F
|poke|p1|Jirachi
|poke|p2|Alomomola, M
|poke|p2|Medicham, M
|poke|p2|Snorlax, M
|poke|p2|Krookodile, M
|poke|p2|Whimsicott, M
|poke|p2|Crobat, F
|rule|Swagger Clause: Swagger is banned
|rule|Baton Pass Clause: Limit one PokÃ©mon knowing Baton Pass
|teampreview
|
|start
|switch|p1a: Jirachi|Jirachi|341\/341
|switch|p2a: Krookodile|Krookodile, M|331\/331
|-ability|p2a: Krookodile|Intimidate|[of] p1a: Jirachi
|-unboost|p1a: Jirachi|atk|1
|turn|1
|join|goldenpanic
|
|move|p1a: Jirachi|Iron Head|p2a: Krookodile
|-damage|p2a: Krookodile|231\/331
|cant|p2a: Krookodile|flinch
|
|turn|2
|
|move|p1a: Jirachi|Iron Head|p2a: Krookodile
|-crit|p2a: Krookodile
|-damage|p2a: Krookodile|14\/331
|move|p2a: Krookodile|Pursuit|p1a: Jirachi
|-supereffective|p1a: Jirachi
|-damage|p1a: Jirachi|177\/341
|-damage|p2a: Krookodile|0 fnt|[from] item: Life Orb
|faint|p2a: Krookodile
|
|-heal|p1a: Jirachi|198\/341|[from] item: Leftovers
|
|switch|p2a: Medicham|Medicham, M|261\/261
|turn|3
|
|detailschange|p2a: Medicham|Medicham-Mega, M
|-mega|p2a: Medicham|Medicham|Medichamite
|move|p2a: Medicham|Fake Out|p1a: Jirachi
|-resisted|p1a: Jirachi
|-damage|p1a: Jirachi|162\/341
|cant|p1a: Jirachi|flinch
|
|-heal|p1a: Jirachi|183\/341|[from] item: Leftovers
|turn|4
|
|move|p2a: Medicham|High Jump Kick|p1a: Jirachi
|-damage|p1a: Jirachi|0 fnt
|faint|p1a: Jirachi
|
|
|switch|p1a: Suicune|Suicune|404\/404
|-ability|p1a: Suicune|Pressure
|turn|5
|
|move|p2a: Medicham|High Jump Kick|p1a: Suicune
|-damage|p1a: Suicune|137\/404
|move|p1a: Suicune|Scald|p2a: Medicham
|-damage|p2a: Medicham|162\/261
|
|-heal|p1a: Suicune|162\/404|[from] item: Leftovers
|turn|6
|
|move|p2a: Medicham|High Jump Kick|p1a: Suicune
|-damage|p1a: Suicune|0 fnt
|faint|p1a: Suicune
|
|
|switch|p1a: Absol|Absol, M|271\/271
|turn|7
|
|switch|p2a: Alomomola|Alomomola, M|519\/519
|detailschange|p1a: Absol|Absol-Mega, M
|-mega|p1a: Absol|Absol|Absolite
|move|p1a: Absol|Sucker Punch|p2a: Alomomola
|-fail|p2a: Alomomola
|
|turn|8
|
|switch|p1a: Roserade|Roserade, F|262\/262
|switch|p2a: Crobat|Crobat, F|369\/369
|
|turn|9
|
|switch|p1a: Nidoqueen|Nidoqueen, F|384\/384
|move|p2a: Crobat|U-turn|p1a: Nidoqueen
|-resisted|p1a: Nidoqueen
|-damage|p1a: Nidoqueen|354\/384
|
|switch|p2a: Medicham|Medicham-Mega, M|162\/261
|
|turn|10
|
|move|p2a: Medicham|Fake Out|p1a: Nidoqueen
|-damage|p1a: Nidoqueen|267\/384
|cant|p1a: Nidoqueen|flinch
|
|turn|11
|
|switch|p1a: Absol|Absol-Mega, M|271\/271
|move|p2a: Medicham|Zen Headbutt|p1a: Absol
|-immune|p1a: Absol|[msg]
|
|turn|12
|
|switch|p2a: Whimsicott|Whimsicott, M|305\/305
|move|p1a: Absol|Knock Off|p2a: Whimsicott
|-resisted|p2a: Whimsicott
|-damage|p2a: Whimsicott|227\/305
|-enditem|p2a: Whimsicott|Leftovers|[from] move: Knock Off|[of] p1a: Absol
|
|turn|13
|
|switch|p1a: Roserade|Roserade, F|262\/262
|move|p2a: Whimsicott|U-turn|p1a: Roserade
|-damage|p1a: Roserade|207\/262
|
|switch|p2a: Crobat|Crobat, F|369\/369
|
|turn|14
|
|switch|p1a: Nidoqueen|Nidoqueen, F|267\/384
|move|p2a: Crobat|U-turn|p1a: Nidoqueen
|-resisted|p1a: Nidoqueen
|-damage|p1a: Nidoqueen|238\/384
|
|switch|p2a: Medicham|Medicham-Mega, M|162\/261
|
|turn|15
|
|move|p2a: Medicham|Fake Out|p1a: Nidoqueen
|-damage|p1a: Nidoqueen|148\/384
|cant|p1a: Nidoqueen|flinch
|
|turn|16
|
|move|p2a: Medicham|Zen Headbutt|p1a: Nidoqueen|[miss]
|-miss|p2a: Medicham|p1a: Nidoqueen
|move|p1a: Nidoqueen|Sludge Wave|p2a: Medicham
|-damage|p2a: Medicham|0 fnt
|faint|p2a: Medicham
|
|
|switch|p2a: Snorlax|Snorlax, M|497\/497
|turn|17
|
|switch|p1a: Roserade|Roserade, F|207\/262
|move|p2a: Snorlax|Curse|p2a: Snorlax
|-boost|p2a: Snorlax|atk|1
|-boost|p2a: Snorlax|def|1
|-unboost|p2a: Snorlax|spe|1
|
|turn|18
|
|move|p1a: Roserade|Sleep Powder|p2a: Snorlax
|-status|p2a: Snorlax|slp
|cant|p2a: Snorlax|slp
|move|p2a: Snorlax|Sleep Talk|p2a: Snorlax
|move|p2a: Snorlax|Curse|p2a: Snorlax|[from]Sleep Talk
|-boost|p2a: Snorlax|atk|1
|-boost|p2a: Snorlax|def|1
|-unboost|p2a: Snorlax|spe|1
|
|turn|19
|
|switch|p1a: Mienshao|Mienshao, F|271\/271
|cant|p2a: Snorlax|slp
|move|p2a: Snorlax|Sleep Talk|p2a: Snorlax
|move|p2a: Snorlax|Rest|p2a: Snorlax|[from]Sleep Talk
|-fail|p2a: Snorlax
|
|turn|20
|
|move|p1a: Mienshao|High Jump Kick|p2a: Snorlax
|-supereffective|p2a: Snorlax
|-damage|p2a: Snorlax|213\/497 slp
|cant|p2a: Snorlax|slp
|
|-heal|p2a: Snorlax|244\/497 slp|[from] item: Leftovers
|turn|21
|
|switch|p2a: Alomomola|Alomomola, M|519\/519
|move|p1a: Mienshao|High Jump Kick|p2a: Alomomola
|-damage|p2a: Alomomola|288\/519
|-damage|p1a: Mienshao|226\/271|[from] item: Rocky Helmet|[of] p2a: Alomomola
|
|turn|22
|
|switch|p1a: Roserade|Roserade, F|207\/262
|move|p2a: Alomomola|Wish|p2a: Alomomola
|
|turn|23
|
|switch|p2a: Snorlax|Snorlax, M|244\/497 slp
|move|p1a: Roserade|Spikes|p2a: Snorlax
|-sidestart|p2: mcdowell1041|Spikes
|
|-heal|p2a: Snorlax|497\/497 slp|[from] move: Wish|[wisher] Alomomola
|turn|24
|
|switch|p1a: Mienshao|Mienshao, F|226\/271
|-curestatus|p2a: Snorlax|slp
|move|p2a: Snorlax|Frustration|p1a: Mienshao
|-damage|p1a: Mienshao|40\/271
|
|turn|25
|
|switch|p1a: Roserade|Roserade, F|207\/262
|switch|p2a: Alomomola|Alomomola, M|461\/519
|-damage|p2a: Alomomola|397\/519|[from] Spikes
|
|turn|26
|
|switch|p2a: Crobat|Crobat, F|369\/369
|move|p1a: Roserade|Sleep Powder|p2a: Crobat
|-status|p2a: Crobat|slp
|
|turn|27
|
|switch|p1a: Absol|Absol-Mega, M|271\/271
|cant|p2a: Crobat|slp
|
|turn|28
|
|switch|p2a: Whimsicott|Whimsicott, M|227\/305
|-damage|p2a: Whimsicott|189\/305|[from] Spikes
|move|p1a: Absol|Swords Dance|p1a: Absol
|-boost|p1a: Absol|atk|2
|
|turn|29
|
|move|p2a: Whimsicott|Encore|p1a: Absol
|move|p1a: Absol|Encore|p2a: Whimsicott|[from]Magic Bounce
|-fail|p2a: Whimsicott
|move|p1a: Absol|Play Rough|p2a: Whimsicott
|-damage|p2a: Whimsicott|0 fnt
|faint|p2a: Whimsicott
|
|
|switch|p2a: Alomomola|Alomomola, M|519\/519
|-damage|p2a: Alomomola|455\/519|[from] Spikes
|turn|30
|
|move|p1a: Absol|Knock Off|p2a: Alomomola
|-damage|p2a: Alomomola|115\/519
|-damage|p1a: Absol|226\/271|[from] item: Rocky Helmet|[of] p2a: Alomomola
|-enditem|p2a: Alomomola|Rocky Helmet|[from] move: Knock Off|[of] p1a: Absol
|move|p2a: Alomomola|Scald|p1a: Absol
|-damage|p1a: Absol|159\/271
|-status|p1a: Absol|brn
|
|-damage|p1a: Absol|126\/271 brn|[from] brn
|turn|31
|
|switch|p2a: Crobat|Crobat, F|369\/369 slp
|move|p1a: Absol|Swords Dance|p1a: Absol
|-boost|p1a: Absol|atk|2
|
|-damage|p1a: Absol|93\/271 brn|[from] brn
|turn|32
|
|cant|p2a: Crobat|slp
|move|p1a: Absol|Knock Off|p2a: Crobat
|-damage|p2a: Crobat|0 fnt
|-enditem|p2a: Crobat|Black Sludge|[from] move: Knock Off|[of] p1a: Absol
|faint|p2a: Crobat
|
|-damage|p1a: Absol|60\/271 brn|[from] brn
|
|switch|p2a: Alomomola|Alomomola, M|288\/519
|-damage|p2a: Alomomola|224\/519|[from] Spikes
|turn|33
|
|move|p2a: Alomomola|Protect|p2a: Alomomola
|-singleturn|p2a: Alomomola|Protect
|move|p1a: Absol|Knock Off|p2a: Alomomola
|-activate|p2a: Alomomola|Protect
|
|-damage|p1a: Absol|27\/271 brn|[from] brn
|turn|34
|
|move|p1a: Absol|Knock Off|p2a: Alomomola
|-damage|p2a: Alomomola|56\/519
|move|p2a: Alomomola|Wish|p2a: Alomomola
|
|-damage|p1a: Absol|0 fnt|[from] brn
|faint|p1a: Absol
|
|switch|p1a: Roserade|Roserade, F|207\/262
|turn|35
|
|move|p2a: Alomomola|Protect|p2a: Alomomola
|-singleturn|p2a: Alomomola|Protect
|move|p1a: Roserade|Sleep Powder|p2a: Alomomola
|-activate|p2a: Alomomola|Protect
|
|-heal|p2a: Alomomola|315\/519|[from] move: Wish|[wisher] Alomomola
|turn|36
|
|switch|p1a: Mienshao|Mienshao, F|40\/271
|switch|p2a: Snorlax|Snorlax, M|497\/497
|-damage|p2a: Snorlax|435\/497|[from] Spikes
|
|-heal|p2a: Snorlax|466\/497|[from] item: Leftovers
|turn|37
|
|switch|p1a: Roserade|Roserade, F|207\/262
|switch|p2a: Alomomola|Alomomola, M|488\/519
|-damage|p2a: Alomomola|424\/519|[from] Spikes
|
|turn|38
|
|move|p2a: Alomomola|Protect|p2a: Alomomola
|-singleturn|p2a: Alomomola|Protect
|move|p1a: Roserade|Spikes|p2a: Alomomola
|-sidestart|p2: mcdowell1041|Spikes
|
|turn|39
|
|move|p1a: Roserade|Giga Drain|p2a: Alomomola
|-crit|p2a: Alomomola
|-supereffective|p2a: Alomomola
|-damage|p2a: Alomomola|0 fnt
|-heal|p1a: Roserade|262\/262|[from] drain|[of] p2a: Alomomola
|faint|p2a: Alomomola
|
|
|switch|p2a: Snorlax|Snorlax, M|466\/497
|-damage|p2a: Snorlax|384\/497|[from] Spikes
|turn|40
|
|move|p1a: Roserade|Sludge Bomb|p2a: Snorlax
|-crit|p2a: Snorlax
|-damage|p2a: Snorlax|224\/497
|move|p2a: Snorlax|Sleep Talk|p2a: Snorlax
|-fail|p2a: Snorlax
|
|-heal|p2a: Snorlax|255\/497|[from] item: Leftovers
|turn|41
|
|move|p1a: Roserade|Sleep Powder|p2a: Snorlax
|-status|p2a: Snorlax|slp
|cant|p2a: Snorlax|slp
|
|-heal|p2a: Snorlax|286\/497 slp|[from] item: Leftovers
|turn|42
|
|move|p1a: Roserade|Sludge Bomb|p2a: Snorlax
|-damage|p2a: Snorlax|177\/497 slp
|cant|p2a: Snorlax|slp
|move|p2a: Snorlax|Sleep Talk|p2a: Snorlax
|move|p2a: Snorlax|Curse|p2a: Snorlax|[from]Sleep Talk
|-boost|p2a: Snorlax|atk|1
|-boost|p2a: Snorlax|def|1
|-unboost|p2a: Snorlax|spe|1
|
|-heal|p2a: Snorlax|208\/497 slp|[from] item: Leftovers
|turn|43
|
|move|p1a: Roserade|Sludge Bomb|p2a: Snorlax
|-damage|p2a: Snorlax|94\/497 slp
|cant|p2a: Snorlax|slp
|
|-heal|p2a: Snorlax|125\/497 slp|[from] item: Leftovers
|turn|44
|
|switch|p1a: Mienshao|Mienshao, F|40\/271
|-curestatus|p2a: Snorlax|slp
|move|p2a: Snorlax|Rest|p2a: Snorlax
|-status|p2a: Snorlax|slp
|-heal|p2a: Snorlax|497\/497 slp|[silent]
|-status|p2a: Snorlax|slp|[from] move: Rest
|
|turn|45
|
|move|p1a: Mienshao|High Jump Kick|p2a: Snorlax
|-supereffective|p2a: Snorlax
|-damage|p2a: Snorlax|63\/497 slp
|cant|p2a: Snorlax|slp
|move|p2a: Snorlax|Sleep Talk|p2a: Snorlax
|move|p2a: Snorlax|Frustration|p1a: Mienshao|[from]Sleep Talk
|-damage|p1a: Mienshao|0 fnt
|faint|p1a: Mienshao
|
|-heal|p2a: Snorlax|94\/497 slp|[from] item: Leftovers
|
|switch|p1a: Nidoqueen|Nidoqueen, F|148\/384
|turn|46
|c|âSacri'|gg
|
|move|p1a: Nidoqueen|Sludge Wave|p2a: Snorlax
|-damage|p2a: Snorlax|0 fnt
|faint|p2a: Snorlax
|
|win|Sacri'
|raw|Ladder updating...
|raw|Sacri&apos;'s rating: 1583 &rarr; <strong>1596<\/strong><br \/>(+13 for winning)
|raw|mcdowell1041's rating: 1468 &rarr; <strong>1454<\/strong><br \/>(-14 for losing)
|c|âmcdowell1041|gg
|leave|mcdowell1041
|player|p2