|join|mcdowell1041
|join|sdghf
|player|p1|mcdowell1041|2
|player|p2|sdghf|154
|gametype|singles
|gen|6
|tier|UU
|rated
|rule|Sleep Clause Mod: Limit one foe put to sleep
|rule|Species Clause: Limit one of each PokÃ©mon
|rule|OHKO Clause: OHKO moves are banned
|rule|Moody Clause: Moody is banned
|rule|Evasion Moves Clause: Evasion moves are banned
|rule|Endless Battle Clause: Forcing endless battles is banned
|rule|HP Percentage Mod: HP is shown in percentages
|clearpoke
|poke|p1|Nidoqueen, F
|poke|p1|Chandelure, M
|poke|p1|Honchkrow, F
|poke|p1|Slurpuff, M
|poke|p1|Haxorus, F
|poke|p1|Medicham, F
|poke|p2|Houndoom, M
|poke|p2|Toxicroak, M
|poke|p2|Gligar, F
|poke|p2|Celebi
|poke|p2|Snorlax, M
|poke|p2|Raikou
|rule|Swagger Clause: Swagger is banned
|rule|Baton Pass Clause: Limit one PokÃ©mon knowing Baton Pass
|teampreview
|c|âmcdowell1041|gl hf
|c|âsdghf|you too
|join|0rbital
|
|start
|switch|p1a: Medicham|Medicham, F|261\/261
|switch|p2a: Gligar|Gligar, F|333\/333
|turn|1
|
|detailschange|p1a: Medicham|Medicham-Mega, F
|-mega|p1a: Medicham|Medicham|Medichamite
|move|p1a: Medicham|Fake Out|p2a: Gligar
|-damage|p2a: Gligar|285\/333
|cant|p2a: Gligar|flinch
|
|turn|2
|
|move|p1a: Medicham|Psycho Cut|p2a: Gligar
|-damage|p2a: Gligar|143\/333
|move|p2a: Gligar|Stealth Rock|p1a: Medicham
|-sidestart|p1: mcdowell1041|move: Stealth Rock
|
|turn|3
|
|switch|p2a: Celebi|Celebi|396\/396
|move|p1a: Medicham|High Jump Kick|p2a: Celebi
|-resisted|p2a: Celebi
|-damage|p2a: Celebi|263\/396
|
|turn|4
|
|switch|p1a: Chandelure|Chandelure, M|289\/289
|-damage|p1a: Chandelure|217\/289|[from] Stealth Rock
|move|p2a: Celebi|Baton Pass|p2a: Celebi
|
|switch|p2a: Houndoom|Houndoom, M|291\/291
|
|-heal|p1a: Chandelure|235\/289|[from] item: Leftovers
|turn|5
|
|detailschange|p2a: Houndoom|Houndoom-Mega, M
|-mega|p2a: Houndoom|Houndoom|Houndoominite
|move|p2a: Houndoom|Dark Pulse|p1a: Chandelure
|-supereffective|p1a: Chandelure
|-damage|p1a: Chandelure|0 fnt
|faint|p1a: Chandelure
|
|
|switch|p1a: Medicham|Medicham-Mega, F|261\/261
|-damage|p1a: Medicham|245\/261|[from] Stealth Rock
|turn|6
|
|switch|p2a: Gligar|Gligar, F|143\/333
|move|p1a: Medicham|High Jump Kick|p2a: Gligar
|-crit|p2a: Gligar
|-resisted|p2a: Gligar
|-damage|p2a: Gligar|0 fnt
|faint|p2a: Gligar
|
|
|switch|p2a: Celebi|Celebi|263\/396
|turn|7
|
|move|p1a: Medicham|Psycho Cut|p2a: Celebi
|-resisted|p2a: Celebi
|-damage|p2a: Celebi|182\/396
|move|p2a: Celebi|Giga Drain|p1a: Medicham
|-damage|p1a: Medicham|152\/261
|-heal|p2a: Celebi|229\/396|[from] drain|[of] p1a: Medicham
|
|turn|8
|
|move|p1a: Medicham|High Jump Kick|p2a: Celebi
|-resisted|p2a: Celebi
|-damage|p2a: Celebi|87\/396
|move|p2a: Celebi|Baton Pass|p2a: Celebi
|
|switch|p2a: Houndoom|Houndoom-Mega, M|291\/291
|
|turn|9
|
|move|p2a: Houndoom|Fire Blast|p1a: Medicham
|-damage|p1a: Medicham|0 fnt
|faint|p1a: Medicham
|
|
|switch|p1a: Haxorus|Haxorus, F|301\/301
|-damage|p1a: Haxorus|264\/301|[from] Stealth Rock
|-ability|p1a: Haxorus|Mold Breaker
|turn|10
|
|move|p2a: Houndoom|Dark Pulse|p1a: Haxorus
|-damage|p1a: Haxorus|68\/301
|move|p1a: Haxorus|Dragon Dance|p1a: Haxorus
|-boost|p1a: Haxorus|atk|1
|-boost|p1a: Haxorus|spe|1
|
|turn|11
|
|switch|p2a: Celebi|Celebi|87\/396
|move|p1a: Haxorus|Outrage|p2a: Celebi
|-damage|p2a: Celebi|0 fnt
|faint|p2a: Celebi
|
|
|switch|p2a: Toxicroak|Toxicroak, M|307\/307
|turn|12
|
|move|p2a: Toxicroak|Sucker Punch|p1a: Haxorus
|-damage|p1a: Haxorus|0 fnt
|-damage|p2a: Toxicroak|277\/307|[from] item: Life Orb
|faint|p1a: Haxorus
|
|
|switch|p1a: Honchkrow|Honchkrow, F|343\/343
|-damage|p1a: Honchkrow|258\/343|[from] Stealth Rock
|turn|13
|
|move|p2a: Toxicroak|Drain Punch|p1a: Honchkrow
|-damage|p1a: Honchkrow|0 fnt
|-heal|p2a: Toxicroak|307\/307|[from] drain|[of] p1a: Honchkrow
|-damage|p2a: Toxicroak|277\/307|[from] item: Life Orb
|faint|p1a: Honchkrow
|
|-message|mcdowell1041 forfeited.
|leave|mcdowell1041
|
|win|sdghf
|raw|Ladder updating...
|player|p1
|raw|mcdowell1041's rating: 1496 &rarr; <strong>1463<\/strong><br \/>(-33 for losing)
|raw|sdghf's rating: 1243 &rarr; <strong>1284<\/strong><br \/>(+41 for winning)