|join|Sacripan
|join|mcdowell1041
|player|p1|Sacripan|265
|player|p2|mcdowell1041|2
|gametype|singles
|gen|6
|tier|UU
|rated
|rule|Sleep Clause Mod: Limit one foe put to sleep
|rule|Species Clause: Limit one of each PokÃ©mon
|rule|OHKO Clause: OHKO moves are banned
|rule|Moody Clause: Moody is banned
|rule|Evasion Moves Clause: Evasion moves are banned
|rule|Endless Battle Clause: Forcing endless battles is banned
|rule|HP Percentage Mod: HP is shown in percentages
|clearpoke
|poke|p1|Entei, shiny
|poke|p1|Blastoise, F
|poke|p1|Celebi
|poke|p1|Raikou
|poke|p1|Lucario, F
|poke|p1|Hydreigon, M
|poke|p2|Diancie
|poke|p2|Escavalier, M
|poke|p2|Snorlax, F
|poke|p2|Moltres
|poke|p2|Alomomola, M
|poke|p2|Amoonguss, F
|rule|Swagger Clause: Swagger is banned
|rule|Baton Pass Clause: Limit one PokÃ©mon knowing Baton Pass
|teampreview
|c|âmcdowell1041|gl hf
|c|âSacripan|hf
|join|goldenpanic
|
|start
|switch|p1a: Raikou|Raikou|321\/321
|switch|p2a: Diancie|Diancie|241\/241
|-ability|p1a: Raikou|Pressure
|turn|1
|
|move|p1a: Raikou|Thunderbolt|p2a: Diancie
|-damage|p2a: Diancie|91\/241
|move|p2a: Diancie|Moonblast|p1a: Raikou
|-damage|p1a: Raikou|180\/321
|
|turn|2
|
|switch|p1a: Lucario|Lucario, F|281\/281
|switch|p2a: Amoonguss|Amoonguss, F|417\/417
|
|turn|3
|
|switch|p1a: Celebi|Celebi|342\/342
|move|p2a: Amoonguss|Spore|p1a: Celebi
|-fail|p1a: Celebi
|
|turn|4
|
|switch|p2a: Moltres|Moltres|383\/383
|-ability|p2a: Moltres|Pressure
|move|p1a: Celebi|Stealth Rock|p2a: Moltres
|-sidestart|p2: mcdowell1041|move: Stealth Rock
|
|turn|5
|
|switch|p1a: Blastoise|Blastoise, F|361\/361
|move|p2a: Moltres|Defog|p1a: Blastoise
|-unboost|p1a: Blastoise|evasion|1
|-sideend|p2: mcdowell1041|Stealth Rock|[from] move: Defog|[of] p2a: Moltres
|
|turn|6
|
|switch|p2a: Alomomola|Alomomola, M|519\/519
|detailschange|p1a: Blastoise|Blastoise-Mega, F
|-mega|p1a: Blastoise|Blastoise|Blastoisinite
|move|p1a: Blastoise|Ice Beam|p2a: Alomomola
|-resisted|p2a: Alomomola
|-damage|p2a: Alomomola|416\/519
|
|turn|7
|
|move|p1a: Blastoise|Dark Pulse|p2a: Alomomola
|-damage|p2a: Alomomola|142\/519
|move|p2a: Alomomola|Toxic|p1a: Blastoise
|-status|p1a: Blastoise|tox
|
|-damage|p1a: Blastoise|339\/361 tox|[from] psn
|turn|8
|
|switch|p1a: Lucario|Lucario, F|281\/281
|switch|p2a: Snorlax|Snorlax, F|497\/497
|
|turn|9
|
|switch|p1a: Entei|Entei, shiny|371\/371
|-ability|p1a: Entei|Pressure
|switch|p2a: Amoonguss|Amoonguss, F|417\/417
|
|turn|10
|
|switch|p2a: Alomomola|Alomomola, M|315\/519
|move|p1a: Entei|Sacred Fire|p2a: Alomomola
|-resisted|p2a: Alomomola
|-damage|p2a: Alomomola|207\/519
|
|turn|11
|
|switch|p1a: Celebi|Celebi|342\/342
|move|p2a: Alomomola|Wish|p2a: Alomomola
|
|turn|12
|
|switch|p2a: Escavalier|Escavalier, M|343\/343
|move|p1a: Celebi|Seed Bomb|p2a: Escavalier
|-resisted|p2a: Escavalier
|-damage|p2a: Escavalier|309\/343
|-damage|p1a: Celebi|308\/342|[from] item: Life Orb
|
|-heal|p2a: Escavalier|343\/343|[from] move: Wish|[wisher] Alomomola
|turn|13
|
|move|p1a: Celebi|U-turn|p2a: Escavalier
|-resisted|p2a: Escavalier
|-damage|p2a: Escavalier|298\/343
|-damage|p1a: Celebi|274\/342|[from] item: Life Orb
|
|switch|p1a: Entei|Entei, shiny|371\/371
|-ability|p1a: Entei|Pressure
|move|p2a: Escavalier|Drill Run|p1a: Entei
|-supereffective|p1a: Entei
|-damage|p1a: Entei|103\/371
|
|-heal|p2a: Escavalier|319\/343|[from] item: Leftovers
|turn|14
|
|switch|p2a: Snorlax|Snorlax, F|497\/497
|move|p1a: Entei|Sacred Fire|p2a: Snorlax
|-damage|p2a: Snorlax|359\/497
|
|-heal|p2a: Snorlax|390\/497|[from] item: Leftovers
|turn|15
|
|switch|p1a: Lucario|Lucario, F|281\/281
|move|p2a: Snorlax|Frustration|p1a: Lucario
|-resisted|p1a: Lucario
|-damage|p1a: Lucario|197\/281
|
|-heal|p2a: Snorlax|421\/497|[from] item: Leftovers
|turn|16
|
|switch|p1a: Entei|Entei, shiny|103\/371
|-ability|p1a: Entei|Pressure
|switch|p2a: Amoonguss|Amoonguss, F|417\/417
|
|turn|17
|
|switch|p2a: Alomomola|Alomomola, M|380\/519
|move|p1a: Entei|Sacred Fire|p2a: Alomomola
|-resisted|p2a: Alomomola
|-damage|p2a: Alomomola|264\/519
|
|turn|18
|
|switch|p1a: Blastoise|Blastoise-Mega, F|339\/361 tox
|move|p2a: Alomomola|Wish|p2a: Alomomola
|
|-damage|p1a: Blastoise|317\/361 tox|[from] psn
|turn|19
|
|switch|p1a: Raikou|Raikou|180\/321
|-ability|p1a: Raikou|Pressure
|switch|p2a: Snorlax|Snorlax, F|421\/497
|
|-heal|p2a: Snorlax|497\/497|[from] move: Wish|[wisher] Alomomola
|turn|20
|
|move|p1a: Raikou|Volt Switch|p2a: Snorlax
|-damage|p2a: Snorlax|367\/497
|
|switch|p1a: Lucario|Lucario, F|197\/281
|move|p2a: Snorlax|Frustration|p1a: Lucario
|-resisted|p1a: Lucario
|-damage|p1a: Lucario|111\/281
|
|-heal|p2a: Snorlax|398\/497|[from] item: Leftovers
|turn|21
|-message|Sacripan forfeited.
|leave|Sacripan
|
|win|mcdowell1041
|raw|Ladder updating...
|player|p1
|raw|Sacripan's rating: 1545 &rarr; <strong>1519<\/strong><br \/>(-26 for losing)
|raw|mcdowell1041's rating: 1450 &rarr; <strong>1475<\/strong><br \/>(+25 for winning)