|join|dynamic test
|join|Marco Esquandolas
|player|p1|dynamic test|265
|player|p2|Marco Esquandolas|242
|gametype|singles
|gen|6
|tier|UU
|rated
|rule|Sleep Clause Mod: Limit one foe put to sleep
|rule|Species Clause: Limit one of each PokÃ©mon
|rule|OHKO Clause: OHKO moves are banned
|rule|Moody Clause: Moody is banned
|rule|Evasion Moves Clause: Evasion moves are banned
|rule|Endless Battle Clause: Forcing endless battles is banned
|rule|HP Percentage Mod: HP is shown in percentages
|clearpoke
|poke|p1|Vaporeon, F
|poke|p1|Celebi
|poke|p1|Ampharos, F
|poke|p1|Gligar, F
|poke|p1|Granbull, M
|poke|p1|Infernape, M
|poke|p2|Virizion
|poke|p2|Nidoqueen, F
|poke|p2|Blastoise, F
|poke|p2|Jirachi, shiny
|poke|p2|Zygarde
|poke|p2|Hydreigon, M
|rule|Swagger Clause: Swagger is banned
|rule|Baton Pass Clause: Limit one PokÃ©mon knowing Baton Pass
|teampreview
|c|âdynamic test|glhf
|
|start
|switch|p1a: Vaporeon|Vaporeon, F|464\/464
|switch|p2a: Nidoqueen|Nidoqueen, F|346\/346
|turn|1
|
|switch|p2a: Virizion|Virizion|324\/324
|move|p1a: Vaporeon|Scald|p2a: Virizion
|-resisted|p2a: Virizion
|-damage|p2a: Virizion|284\/324
|
|turn|2
|
|switch|p2a: Nidoqueen|Nidoqueen, F|346\/346
|move|p1a: Vaporeon|Baton Pass|p1a: Vaporeon
|
|switch|p1a: Gligar|Gligar, F|334\/334
|
|turn|3
|
|switch|p1a: Vaporeon|Vaporeon, F|464\/464
|move|p2a: Nidoqueen|Stealth Rock|p1a: Vaporeon
|-sidestart|p1: dynamic test|move: Stealth Rock
|
|turn|4
|
|switch|p2a: Virizion|Virizion|284\/324
|move|p1a: Vaporeon|Scald|p2a: Virizion
|-resisted|p2a: Virizion
|-damage|p2a: Virizion|243\/324
|
|turn|5
|
|switch|p1a: Celebi|Celebi|341\/341
|-damage|p1a: Celebi|299\/341|[from] Stealth Rock
|move|p2a: Virizion|Leaf Blade|p1a: Celebi
|-resisted|p1a: Celebi
|-damage|p1a: Celebi|237\/341
|
|-heal|p1a: Celebi|258\/341|[from] item: Leftovers
|turn|6
|
|switch|p2a: Hydreigon|Hydreigon, M|325\/325
|switch|p1a: Gligar|Gligar, F|334\/334
|-damage|p1a: Gligar|293\/334|[from] Stealth Rock
|
|turn|7
|
|move|p2a: Hydreigon|U-turn|p1a: Gligar
|-resisted|p1a: Gligar
|-damage|p1a: Gligar|276\/334
|
|switch|p2a: Nidoqueen|Nidoqueen, F|346\/346
|move|p1a: Gligar|Defog|p2a: Nidoqueen
|-unboost|p2a: Nidoqueen|evasion|1
|-sideend|p1: dynamic test|Stealth Rock|[from] move: Defog|[of] p1a: Gligar
|
|turn|8
|
|switch|p1a: Vaporeon|Vaporeon, F|464\/464
|move|p2a: Nidoqueen|Stealth Rock|p1a: Vaporeon
|-sidestart|p1: dynamic test|move: Stealth Rock
|
|turn|9
|
|switch|p2a: Virizion|Virizion|243\/324
|move|p1a: Vaporeon|Baton Pass|p1a: Vaporeon
|
|switch|p1a: Gligar|Gligar, F|276\/334
|-damage|p1a: Gligar|235\/334|[from] Stealth Rock
|
|turn|10
|
|switch|p2a: Nidoqueen|Nidoqueen, F|346\/346
|move|p1a: Gligar|Defog|p2a: Nidoqueen
|-unboost|p2a: Nidoqueen|evasion|1
|-sideend|p1: dynamic test|Stealth Rock|[from] move: Defog|[of] p1a: Gligar
|
|turn|11
|
|move|p2a: Nidoqueen|Stealth Rock|p1a: Gligar
|-sidestart|p1: dynamic test|move: Stealth Rock
|move|p1a: Gligar|Earthquake|p2a: Nidoqueen
|-supereffective|p2a: Nidoqueen
|-damage|p2a: Nidoqueen|140\/346
|
|turn|12
|
|switch|p1a: Vaporeon|Vaporeon, F|464\/464
|-damage|p1a: Vaporeon|406\/464|[from] Stealth Rock
|move|p2a: Nidoqueen|Sludge Wave|p1a: Vaporeon
|-damage|p1a: Vaporeon|245\/464
|
|-heal|p1a: Vaporeon|274\/464|[from] item: Leftovers
|turn|13
|
|switch|p2a: Virizion|Virizion|243\/324
|move|p1a: Vaporeon|Wish|p1a: Vaporeon
|
|-heal|p1a: Vaporeon|303\/464|[from] item: Leftovers
|turn|14
|
|switch|p2a: Blastoise|Blastoise, F|324\/324
|switch|p1a: Gligar|Gligar, F|235\/334
|-damage|p1a: Gligar|194\/334|[from] Stealth Rock
|
|-heal|p1a: Gligar|334\/334|[from] move: Wish|[wisher] Vaporeon
|turn|15
|
|detailschange|p2a: Blastoise|Blastoise-Mega, F
|message|Blastoise has Mega Evolved into Mega Blastoise!
|move|p2a: Blastoise|Dark Pulse|p1a: Gligar
|-damage|p1a: Gligar|227\/334
|move|p1a: Gligar|U-turn|p2a: Blastoise
|-damage|p2a: Blastoise|285\/324
|
|switch|p1a: Vaporeon|Vaporeon, F|303\/464
|-damage|p1a: Vaporeon|245\/464|[from] Stealth Rock
|
|-heal|p1a: Vaporeon|274\/464|[from] item: Leftovers
|turn|16
|
|switch|p2a: Virizion|Virizion|243\/324
|move|p1a: Vaporeon|Wish|p1a: Vaporeon
|
|-heal|p1a: Vaporeon|303\/464|[from] item: Leftovers
|turn|17
|
|switch|p1a: Gligar|Gligar, F|227\/334
|-damage|p1a: Gligar|186\/334|[from] Stealth Rock
|move|p2a: Virizion|Swords Dance|p2a: Virizion
|-boost|p2a: Virizion|atk|2
|
|-heal|p1a: Gligar|334\/334|[from] move: Wish|[wisher] Vaporeon
|turn|18
|
|move|p2a: Virizion|Leaf Blade|p1a: Gligar
|-damage|p1a: Gligar|166\/334
|move|p1a: Gligar|Defog|p2a: Virizion
|-unboost|p2a: Virizion|evasion|1
|-sideend|p1: dynamic test|Stealth Rock|[from] move: Defog|[of] p1a: Gligar
|
|turn|19
|
|switch|p1a: Granbull|Granbull, M|384\/384
|-ability|p1a: Granbull|Intimidate|[of] p2a: Virizion
|-unboost|p2a: Virizion|atk|1
|move|p2a: Virizion|Leaf Blade|p1a: Granbull
|-damage|p1a: Granbull|228\/384
|
|-heal|p1a: Granbull|252\/384|[from] item: Leftovers
|turn|20
|
|switch|p2a: Nidoqueen|Nidoqueen, F|140\/346
|switch|p1a: Infernape|Infernape, M|293\/293
|
|turn|21
|
|switch|p2a: Zygarde|Zygarde|367\/367
|-ability|p2a: Zygarde|Aura Break
|move|p1a: Infernape|Fire Punch|p2a: Zygarde
|-resisted|p2a: Zygarde
|-damage|p2a: Zygarde|285\/367
|-damage|p1a: Infernape|264\/293|[from] item: Life Orb
|
|turn|22
|
|switch|p1a: Granbull|Granbull, M|252\/384
|-ability|p1a: Granbull|Intimidate|[of] p2a: Zygarde
|-unboost|p2a: Zygarde|atk|1
|move|p2a: Zygarde|Dragon Dance|p2a: Zygarde
|-boost|p2a: Zygarde|atk|1
|-boost|p2a: Zygarde|spe|1
|
|-heal|p1a: Granbull|276\/384|[from] item: Leftovers
|turn|23
|
|move|p2a: Zygarde|Earthquake|p1a: Granbull
|-damage|p1a: Granbull|89\/384
|-damage|p2a: Zygarde|249\/367|[from] item: Life Orb
|move|p1a: Granbull|Play Rough|p2a: Zygarde
|-supereffective|p2a: Zygarde
|-damage|p2a: Zygarde|45\/367
|
|-heal|p1a: Granbull|113\/384|[from] item: Leftovers
|turn|24
|
|switch|p1a: Gligar|Gligar, F|166\/334
|move|p2a: Zygarde|Extreme Speed|p1a: Gligar
|-damage|p1a: Gligar|97\/334
|-damage|p2a: Zygarde|9\/367|[from] item: Life Orb
|
|turn|25
|
|switch|p1a: Granbull|Granbull, M|113\/384
|-ability|p1a: Granbull|Intimidate|[of] p2a: Zygarde
|-unboost|p2a: Zygarde|atk|1
|move|p2a: Zygarde|Outrage|p1a: Granbull
|-immune|p1a: Granbull|[msg]
|
|-heal|p1a: Granbull|137\/384|[from] item: Leftovers
|turn|26
|
|move|p2a: Zygarde|Earthquake|p1a: Granbull
|-damage|p1a: Granbull|15\/384
|-damage|p2a: Zygarde|0 fnt|[from] item: Life Orb
|faint|p2a: Zygarde
|move|p1a: Granbull|Rest|p1a: Granbull
|-status|p1a: Granbull|slp
|-heal|p1a: Granbull|384\/384 slp|[silent]
|-status|p1a: Granbull|slp|[from] move: Rest
|
|
|switch|p2a: Nidoqueen|Nidoqueen, F|140\/346
|turn|27
|
|switch|p1a: Vaporeon|Vaporeon, F|303\/464
|move|p2a: Nidoqueen|Stealth Rock|p1a: Vaporeon
|-sidestart|p1: dynamic test|move: Stealth Rock
|
|-heal|p1a: Vaporeon|332\/464|[from] item: Leftovers
|turn|28
|
|switch|p2a: Virizion|Virizion|243\/324
|move|p1a: Vaporeon|Wish|p1a: Vaporeon
|
|-heal|p1a: Vaporeon|361\/464|[from] item: Leftovers
|turn|29
|
|switch|p1a: Celebi|Celebi|258\/341
|-damage|p1a: Celebi|216\/341|[from] Stealth Rock
|move|p2a: Virizion|Leaf Blade|p1a: Celebi
|-resisted|p1a: Celebi
|-damage|p1a: Celebi|158\/341
|
|-heal|p1a: Celebi|341\/341|[from] move: Wish|[wisher] Vaporeon
|turn|30
|
|switch|p2a: Jirachi|Jirachi, shiny|341\/341
|switch|p1a: Vaporeon|Vaporeon, F|361\/464
|-damage|p1a: Vaporeon|303\/464|[from] Stealth Rock
|
|-heal|p1a: Vaporeon|332\/464|[from] item: Leftovers
|turn|31
|
|move|p2a: Jirachi|Calm Mind|p2a: Jirachi
|-boost|p2a: Jirachi|spa|1
|-boost|p2a: Jirachi|spd|1
|move|p1a: Vaporeon|Wish|p1a: Vaporeon
|
|-heal|p1a: Vaporeon|361\/464|[from] item: Leftovers
|turn|32
|
|switch|p1a: Celebi|Celebi|341\/341
|-damage|p1a: Celebi|299\/341|[from] Stealth Rock
|move|p2a: Jirachi|Calm Mind|p2a: Jirachi
|-boost|p2a: Jirachi|spa|1
|-boost|p2a: Jirachi|spd|1
|
|-heal|p1a: Celebi|341\/341|[from] move: Wish|[wisher] Vaporeon
|turn|33
|
|move|p1a: Celebi|Nasty Plot|p1a: Celebi
|-boost|p1a: Celebi|spa|2
|move|p2a: Jirachi|Shadow Ball|p1a: Celebi
|-supereffective|p1a: Celebi
|-damage|p1a: Celebi|7\/341
|
|-heal|p1a: Celebi|28\/341|[from] item: Leftovers
|turn|34
|
|move|p2a: Jirachi|Shadow Ball|p1a: Celebi
|-crit|p1a: Celebi
|-supereffective|p1a: Celebi
|-damage|p1a: Celebi|0 fnt
|faint|p1a: Celebi
|
|
|switch|p1a: Infernape|Infernape, M|264\/293
|-damage|p1a: Infernape|228\/293|[from] Stealth Rock
|turn|35
|
|switch|p2a: Hydreigon|Hydreigon, M|325\/325
|move|p1a: Infernape|Close Combat|p2a: Hydreigon
|-supereffective|p2a: Hydreigon
|-damage|p2a: Hydreigon|0 fnt
|-unboost|p1a: Infernape|def|1
|-unboost|p1a: Infernape|spd|1
|-damage|p1a: Infernape|199\/293|[from] item: Life Orb
|faint|p2a: Hydreigon
|
|
|switch|p2a: Blastoise|Blastoise-Mega, F|285\/324
|turn|36
|
|switch|p1a: Vaporeon|Vaporeon, F|361\/464
|-damage|p1a: Vaporeon|303\/464|[from] Stealth Rock
|move|p2a: Blastoise|Dark Pulse|p1a: Vaporeon
|-damage|p1a: Vaporeon|186\/464
|
|-heal|p1a: Vaporeon|215\/464|[from] item: Leftovers
|turn|37
|
|switch|p2a: Virizion|Virizion|243\/324
|move|p1a: Vaporeon|Wish|p1a: Vaporeon
|
|-heal|p1a: Vaporeon|244\/464|[from] item: Leftovers
|turn|38
|
|move|p2a: Virizion|Leaf Blade|p1a: Vaporeon
|-supereffective|p1a: Vaporeon
|-damage|p1a: Vaporeon|0 fnt
|faint|p1a: Vaporeon
|
|
|switch|p1a: Infernape|Infernape, M|199\/293
|-damage|p1a: Infernape|163\/293|[from] Stealth Rock
|turn|39
|join|Dudeman130498
|
|move|p1a: Infernape|Swords Dance|p1a: Infernape
|-boost|p1a: Infernape|atk|2
|move|p2a: Virizion|Close Combat|p1a: Infernape
|-damage|p1a: Infernape|0 fnt
|-unboost|p2a: Virizion|def|1
|-unboost|p2a: Virizion|spd|1
|faint|p1a: Infernape
|
|c|âdynamic test|w\/e
|-message|dynamic test forfeited.
|
|win|Marco Esquandolas
|raw|Ladder updating...
|raw|dynamic test's rating: 1618 &rarr; <strong>1595<\/strong><br \/>(-23 for losing)
|raw|Marco Esquandolas's rating: 1569 &rarr; <strong>1592<\/strong><br \/>(+23 for winning)
|leave|dynamic test
|player|p1
|join|Bud Hertz