|join|meowchievement
|join|Marco Esquandolas
|player|p1|meowchievement|160
|player|p2|Marco Esquandolas|242
|gametype|singles
|gen|6
|tier|UU
|rated
|rule|Sleep Clause Mod: Limit one foe put to sleep
|rule|Species Clause: Limit one of each PokÃ©mon
|rule|OHKO Clause: OHKO moves are banned
|rule|Moody Clause: Moody is banned
|rule|Evasion Moves Clause: Evasion moves are banned
|rule|Endless Battle Clause: Forcing endless battles is banned
|rule|HP Percentage Mod: HP is shown in percentages
|clearpoke
|poke|p1|Froslass, F
|poke|p1|Lucario, F
|poke|p1|Aerodactyl, F
|poke|p1|Celebi
|poke|p1|Sableye, M
|poke|p1|Swampert, M
|poke|p2|Virizion
|poke|p2|Nidoqueen, F
|poke|p2|Aerodactyl, M
|poke|p2|Lucario, F
|poke|p2|Chandelure, M
|poke|p2|Hydreigon, M
|rule|Swagger Clause: Swagger is banned
|rule|Baton Pass Clause: Limit one PokÃ©mon knowing Baton Pass
|teampreview
|c|âmeowchievement|hi FAT HIKER
|
|start
|switch|p1a: Froslass|Froslass, F|344\/344
|switch|p2a: Hydreigon|Hydreigon, M|325\/325
|turn|1
|
|move|p2a: Hydreigon|Dark Pulse|p1a: Froslass
|-supereffective|p1a: Froslass
|-enditem|p1a: Froslass|Focus Sash
|-damage|p1a: Froslass|1\/344
|move|p1a: Froslass|Icy Wind|p2a: Hydreigon
|-supereffective|p2a: Hydreigon
|-damage|p2a: Hydreigon|217\/325
|-unboost|p2a: Hydreigon|spe|1
|
|turn|2
|
|switch|p2a: Lucario|Lucario, F|281\/281
|move|p1a: Froslass|Spikes|p2a: Lucario
|-sidestart|p2: Marco Esquandolas|Spikes
|
|turn|3
|
|switch|p1a: Swampert|Swampert, M|404\/404
|move|p2a: Lucario|Swords Dance|p2a: Lucario
|-boost|p2a: Lucario|atk|2
|
|turn|4
|
|move|p2a: Lucario|Close Combat|p1a: Swampert
|-damage|p1a: Swampert|17\/404
|-unboost|p2a: Lucario|def|1
|-unboost|p2a: Lucario|spd|1
|-damage|p2a: Lucario|253\/281|[from] item: Life Orb
|move|p1a: Swampert|Earthquake|p2a: Lucario
|-supereffective|p2a: Lucario
|-damage|p2a: Lucario|0 fnt
|faint|p2a: Lucario
|
|-heal|p1a: Swampert|42\/404|[from] item: Leftovers
|c|âmeowchievement|yay min dmg
|
|switch|p2a: Aerodactyl|Aerodactyl, M|321\/321
|turn|5
|
|detailschange|p2a: Aerodactyl|Aerodactyl-Mega, M
|message|Aerodactyl has Mega Evolved into Mega Aerodactyl!
|move|p2a: Aerodactyl|Aqua Tail|p1a: Swampert
|-damage|p1a: Swampert|0 fnt
|faint|p1a: Swampert
|
|
|switch|p1a: Sableye|Sableye, M|304\/304
|turn|6
|
|switch|p2a: Chandelure|Chandelure, M|289\/289
|-damage|p2a: Chandelure|253\/289|[from] Spikes
|move|p1a: Sableye|Will-O-Wisp|p2a: Chandelure
|-start|p2a: Chandelure|ability: Flash Fire
|
|-heal|p2a: Chandelure|271\/289|[from] item: Leftovers
|turn|7
|
|move|p1a: Sableye|Taunt|p2a: Chandelure
|-start|p2a: Chandelure|move: Taunt
|move|p2a: Chandelure|Shadow Ball|p1a: Sableye
|-damage|p1a: Sableye|174\/304
|-unboost|p1a: Sableye|spd|1
|
|-heal|p2a: Chandelure|289\/289|[from] item: Leftovers
|-heal|p1a: Sableye|193\/304|[from] item: Leftovers
|turn|8
|
|switch|p1a: Froslass|Froslass, F|1\/344
|move|p2a: Chandelure|Shadow Ball|p1a: Froslass
|-supereffective|p1a: Froslass
|-damage|p1a: Froslass|0 fnt
|faint|p1a: Froslass
|
|
|switch|p1a: Aerodactyl|Aerodactyl, F|301\/301
|turn|9
|
|switch|p2a: Virizion|Virizion|324\/324
|-damage|p2a: Virizion|284\/324|[from] Spikes
|detailschange|p1a: Aerodactyl|Aerodactyl-Mega, F
|message|Aerodactyl has Mega Evolved into Mega Aerodactyl!
|move|p1a: Aerodactyl|Stone Edge|p2a: Virizion|[miss]
|-miss|p1a: Aerodactyl|p2a: Virizion
|
|turn|10
|
|switch|p1a: Celebi|Celebi|399\/399
|move|p2a: Virizion|Swords Dance|p2a: Virizion
|-boost|p2a: Virizion|atk|2
|
|turn|11
|
|move|p2a: Virizion|Stone Edge|p1a: Celebi|[miss]
|-miss|p2a: Virizion|p1a: Celebi
|move|p1a: Celebi|Psychic|p2a: Virizion
|-supereffective|p2a: Virizion
|-damage|p2a: Virizion|0 fnt
|-damage|p1a: Celebi|360\/399|[from] item: Life Orb
|faint|p2a: Virizion
|
|
|switch|p2a: Hydreigon|Hydreigon, M|217\/325
|turn|12
|
|switch|p1a: Sableye|Sableye, M|193\/304
|move|p2a: Hydreigon|U-turn|p1a: Sableye
|-damage|p1a: Sableye|119\/304
|
|switch|p2a: Nidoqueen|Nidoqueen, F|366\/366
|-damage|p2a: Nidoqueen|321\/366|[from] Spikes
|
|-heal|p1a: Sableye|138\/304|[from] item: Leftovers
|turn|13
|
|move|p1a: Sableye|Taunt|p2a: Nidoqueen
|-start|p2a: Nidoqueen|move: Taunt
|cant|p2a: Nidoqueen|move: Taunt|Stealth Rock
|
|-heal|p1a: Sableye|157\/304|[from] item: Leftovers
|turn|14
|
|move|p1a: Sableye|Will-O-Wisp|p2a: Nidoqueen
|-status|p2a: Nidoqueen|brn
|move|p2a: Nidoqueen|Earth Power|p1a: Sableye
|-damage|p1a: Sableye|0 fnt
|faint|p1a: Sableye
|
|-damage|p2a: Nidoqueen|276\/366 brn|[from] brn
|
|switch|p1a: Celebi|Celebi|360\/399
|turn|15
|
|switch|p2a: Hydreigon|Hydreigon, M|217\/325
|move|p1a: Celebi|Psychic|p2a: Hydreigon
|-immune|p2a: Hydreigon|[msg]
|
|turn|16
|
|move|p2a: Hydreigon|U-turn|p1a: Celebi
|-supereffective|p1a: Celebi
|-damage|p1a: Celebi|148\/399
|
|switch|p2a: Nidoqueen|Nidoqueen, F|276\/366 brn
|-damage|p2a: Nidoqueen|231\/366 brn|[from] Spikes
|move|p1a: Celebi|Recover|p1a: Celebi
|-heal|p1a: Celebi|348\/399
|
|-damage|p2a: Nidoqueen|186\/366 brn|[from] brn
|turn|17
|
|switch|p2a: Hydreigon|Hydreigon, M|217\/325
|move|p1a: Celebi|Psychic|p2a: Hydreigon
|-immune|p2a: Hydreigon|[msg]
|
|turn|18
|
|move|p2a: Hydreigon|U-turn|p1a: Celebi
|-supereffective|p1a: Celebi
|-damage|p1a: Celebi|112\/399
|
|switch|p2a: Aerodactyl|Aerodactyl-Mega, M|321\/321
|move|p1a: Celebi|Recover|p1a: Celebi
|-heal|p1a: Celebi|312\/399
|
|turn|19
|
|move|p2a: Aerodactyl|Stone Edge|p1a: Celebi
|-damage|p1a: Celebi|105\/399
|move|p1a: Celebi|Leaf Storm|p2a: Aerodactyl
|-damage|p2a: Aerodactyl|17\/321
|-unboost|p1a: Celebi|spa|2
|-damage|p1a: Celebi|66\/399|[from] item: Life Orb
|
|turn|20
|join|joltage
|
|move|p2a: Aerodactyl|Pursuit|p1a: Celebi|[from]Pursuit
|-supereffective|p1a: Celebi
|-damage|p1a: Celebi|0 fnt
|faint|p1a: Celebi
|
|
|switch|p1a: Lucario|Lucario, F|281\/281
|turn|21
|
|switch|p2a: Chandelure|Chandelure, M|289\/289
|-damage|p2a: Chandelure|253\/289|[from] Spikes
|move|p1a: Lucario|Swords Dance|p1a: Lucario
|-boost|p1a: Lucario|atk|2
|
|-heal|p2a: Chandelure|271\/289|[from] item: Leftovers
|turn|22
|
|switch|p1a: Aerodactyl|Aerodactyl-Mega, F|301\/301
|move|p2a: Chandelure|Substitute|p2a: Chandelure
|-start|p2a: Chandelure|Substitute
|-damage|p2a: Chandelure|199\/289
|
|-heal|p2a: Chandelure|217\/289|[from] item: Leftovers
|turn|23
|
|move|p1a: Aerodactyl|Earthquake|p2a: Chandelure
|-supereffective|p2a: Chandelure
|-end|p2a: Chandelure|Substitute
|move|p2a: Chandelure|Shadow Ball|p1a: Aerodactyl
|-damage|p1a: Aerodactyl|147\/301
|
|-heal|p2a: Chandelure|235\/289|[from] item: Leftovers
|turn|24
|
|switch|p2a: Nidoqueen|Nidoqueen, F|186\/366 brn
|-damage|p2a: Nidoqueen|141\/366 brn|[from] Spikes
|move|p1a: Aerodactyl|Stone Edge|p2a: Nidoqueen
|-resisted|p2a: Nidoqueen
|-damage|p2a: Nidoqueen|40\/366 brn
|
|-damage|p2a: Nidoqueen|0 fnt|[from] brn
|faint|p2a: Nidoqueen
|
|switch|p2a: Hydreigon|Hydreigon, M|217\/325
|turn|25
|
|switch|p1a: Lucario|Lucario, F|281\/281
|move|p2a: Hydreigon|Draco Meteor|p1a: Lucario|[miss]
|-miss|p2a: Hydreigon|p1a: Lucario
|
|turn|26
|
|switch|p2a: Aerodactyl|Aerodactyl-Mega, M|17\/321
|switch|p1a: Aerodactyl|Aerodactyl-Mega, F|147\/301
|
|turn|27
|
|move|p1a: Aerodactyl|Pursuit|p2a: Aerodactyl
|-damage|p2a: Aerodactyl|0 fnt
|faint|p2a: Aerodactyl
|
|
|switch|p2a: Hydreigon|Hydreigon, M|217\/325
|turn|28
|
|switch|p1a: Lucario|Lucario, F|281\/281
|move|p2a: Hydreigon|Draco Meteor|p1a: Lucario
|-resisted|p1a: Lucario
|-damage|p1a: Lucario|142\/281
|-unboost|p2a: Hydreigon|spa|2
|
|turn|29
|
|switch|p1a: Aerodactyl|Aerodactyl-Mega, F|147\/301
|move|p2a: Hydreigon|Draco Meteor|p1a: Aerodactyl
|-damage|p1a: Aerodactyl|36\/301
|-unboost|p2a: Hydreigon|spa|2
|
|turn|30
|
|switch|p1a: Lucario|Lucario, F|142\/281
|move|p2a: Hydreigon|Draco Meteor|p1a: Lucario
|-resisted|p1a: Lucario
|-damage|p1a: Lucario|94\/281
|-unboost|p2a: Hydreigon|spa|2
|
|turn|31
|
|switch|p2a: Chandelure|Chandelure, M|235\/289
|-damage|p2a: Chandelure|199\/289|[from] Spikes
|move|p1a: Lucario|Close Combat|p2a: Chandelure
|-immune|p2a: Chandelure|[msg]
|
|-heal|p2a: Chandelure|217\/289|[from] item: Leftovers
|turn|32
|c|âmeowchievement|gg
|
|move|p1a: Lucario|Bullet Punch|p2a: Chandelure
|-resisted|p2a: Chandelure
|-damage|p2a: Chandelure|166\/289
|-damage|p1a: Lucario|66\/281|[from] item: Life Orb
|move|p2a: Chandelure|Shadow Ball|p1a: Lucario
|-damage|p1a: Lucario|0 fnt
|faint|p1a: Lucario
|
|-heal|p2a: Chandelure|184\/289|[from] item: Leftovers
|
|switch|p1a: Aerodactyl|Aerodactyl-Mega, F|36\/301
|turn|33
|
|move|p1a: Aerodactyl|Stone Edge|p2a: Chandelure
|-supereffective|p2a: Chandelure
|-damage|p2a: Chandelure|0 fnt
|faint|p2a: Chandelure
|
|
|switch|p2a: Hydreigon|Hydreigon, M|217\/325
|turn|34
|
|move|p2a: Hydreigon|Dark Pulse|p1a: Aerodactyl
|-damage|p1a: Aerodactyl|0 fnt
|faint|p1a: Aerodactyl
|
|win|Marco Esquandolas
|raw|Ladder updating...
|raw|meowchievement's rating: 1474 &rarr; <strong>1459<\/strong><br \/>(-15 for losing)
|raw|Marco Esquandolas's rating: 1567 &rarr; <strong>1581<\/strong><br \/>(+14 for winning)
|leave|meowchievement
|player|p1