|join|radianthero156
|join|Marco Esquandolas
|player|p1|radianthero156|215
|player|p2|Marco Esquandolas|242
|gametype|singles
|gen|6
|tier|UU
|rated
|rule|Sleep Clause Mod: Limit one foe put to sleep
|rule|Species Clause: Limit one of each PokÃ©mon
|rule|OHKO Clause: OHKO moves are banned
|rule|Moody Clause: Moody is banned
|rule|Evasion Moves Clause: Evasion moves are banned
|rule|Endless Battle Clause: Forcing endless battles is banned
|rule|HP Percentage Mod: HP is shown in percentages
|clearpoke
|poke|p1|Empoleon, M
|poke|p1|Lopunny, F
|poke|p1|Crobat, M
|poke|p1|Celebi
|poke|p1|Haxorus, M
|poke|p1|Chandelure, F, shiny
|poke|p2|Gallade, M
|poke|p2|Jirachi
|poke|p2|Zygarde
|poke|p2|Nidoqueen, F
|poke|p2|Hydreigon, M
|poke|p2|Whimsicott, F
|rule|Swagger Clause: Swagger is banned
|rule|Baton Pass Clause: Limit one PokÃ©mon knowing Baton Pass
|teampreview
|
|start
|switch|p1a: Crobat|Crobat, M|311\/311
|switch|p2a: Nidoqueen|Nidoqueen, F|366\/366
|turn|1
|
|move|p1a: Crobat|U-turn|p2a: Nidoqueen
|-resisted|p2a: Nidoqueen
|-damage|p2a: Nidoqueen|314\/366
|
|switch|p1a: Chandelure|Chandelure, F, shiny|261\/261
|move|p2a: Nidoqueen|Stealth Rock|p1a: Chandelure
|-sidestart|p1: radianthero156|move: Stealth Rock
|
|turn|2
|
|switch|p2a: Hydreigon|Hydreigon, M|325\/325
|move|p1a: Chandelure|Overheat|p2a: Hydreigon
|-resisted|p2a: Hydreigon
|-damage|p2a: Hydreigon|87\/325
|-unboost|p1a: Chandelure|spa|2
|
|turn|3
|
|switch|p1a: Empoleon|Empoleon, M|370\/370
|-damage|p1a: Empoleon|347\/370|[from] Stealth Rock
|move|p2a: Hydreigon|Superpower|p1a: Empoleon
|-supereffective|p1a: Empoleon
|-damage|p1a: Empoleon|84\/370
|-unboost|p2a: Hydreigon|atk|1
|-unboost|p2a: Hydreigon|def|1
|-damage|p2a: Hydreigon|55\/325|[from] item: Life Orb
|
|-heal|p1a: Empoleon|107\/370|[from] item: Leftovers
|turn|4
|
|switch|p1a: Lopunny|Lopunny, F|272\/272
|-damage|p1a: Lopunny|238\/272|[from] Stealth Rock
|move|p2a: Hydreigon|Superpower|p1a: Lopunny
|-supereffective|p1a: Lopunny
|-damage|p1a: Lopunny|35\/272
|-unboost|p2a: Hydreigon|atk|1
|-unboost|p2a: Hydreigon|def|1
|-damage|p2a: Hydreigon|23\/325|[from] item: Life Orb
|
|turn|5
|
|detailschange|p1a: Lopunny|Lopunny-Mega, F
|message|Lopunny has Mega Evolved into Mega Lopunny!
|move|p1a: Lopunny|Drain Punch|p2a: Hydreigon
|-supereffective|p2a: Hydreigon
|-damage|p2a: Hydreigon|0 fnt
|-heal|p1a: Lopunny|47\/272|[from] drain|[of] p2a: Hydreigon
|faint|p2a: Hydreigon
|
|
|switch|p2a: Zygarde|Zygarde|358\/358
|-ability|p2a: Zygarde|Aura Break
|turn|6
|
|switch|p1a: Celebi|Celebi|404\/404
|-damage|p1a: Celebi|354\/404|[from] Stealth Rock
|move|p2a: Zygarde|Extreme Speed|p1a: Celebi
|-damage|p1a: Celebi|287\/404
|
|-heal|p1a: Celebi|312\/404|[from] item: Leftovers
|turn|7
|
|switch|p2a: Jirachi|Jirachi|341\/341
|move|p1a: Celebi|Swords Dance|p1a: Celebi
|-boost|p1a: Celebi|atk|2
|
|-heal|p1a: Celebi|337\/404|[from] item: Leftovers
|turn|8
|
|move|p2a: Jirachi|U-turn|p1a: Celebi
|-supereffective|p1a: Celebi
|-damage|p1a: Celebi|141\/404
|
|switch|p2a: Whimsicott|Whimsicott, F|261\/261
|move|p1a: Celebi|Baton Pass|p1a: Celebi
|
|switch|p1a: Lopunny|Lopunny-Mega, F|47\/272
|-damage|p1a: Lopunny|30\/272|[from] Stealth Rock
|
|turn|9
|
|switch|p2a: Nidoqueen|Nidoqueen, F|314\/366
|move|p1a: Lopunny|Fake Out|p2a: Nidoqueen
|-damage|p2a: Nidoqueen|151\/366
|
|turn|10
|
|move|p1a: Lopunny|Return|p2a: Nidoqueen
|-damage|p2a: Nidoqueen|0 fnt
|faint|p2a: Nidoqueen
|
|
|switch|p2a: Zygarde|Zygarde|358\/358
|-ability|p2a: Zygarde|Aura Break
|turn|11
|
|switch|p1a: Chandelure|Chandelure, F, shiny|261\/261
|-damage|p1a: Chandelure|196\/261|[from] Stealth Rock
|move|p2a: Zygarde|Extreme Speed|p1a: Chandelure
|-immune|p1a: Chandelure|[msg]
|
|turn|12
|
|move|p2a: Zygarde|Earthquake|p1a: Chandelure
|-supereffective|p1a: Chandelure
|-damage|p1a: Chandelure|0 fnt
|faint|p1a: Chandelure
|
|
|switch|p1a: Haxorus|Haxorus, M|293\/293
|-damage|p1a: Haxorus|257\/293|[from] Stealth Rock
|-ability|p1a: Haxorus|Mold Breaker
|turn|13
|
|move|p1a: Haxorus|Dragon Claw|p2a: Zygarde
|-supereffective|p2a: Zygarde
|-damage|p2a: Zygarde|70\/358
|move|p2a: Zygarde|Outrage|p1a: Haxorus
|-supereffective|p1a: Haxorus
|-damage|p1a: Haxorus|0 fnt
|faint|p1a: Haxorus
|
|
|switch|p1a: Lopunny|Lopunny-Mega, F|30\/272
|-damage|p1a: Lopunny|13\/272|[from] Stealth Rock
|turn|14
|
|move|p1a: Lopunny|Drain Punch|p2a: Zygarde
|-damage|p2a: Zygarde|0 fnt
|-heal|p1a: Lopunny|48\/272|[from] drain|[of] p2a: Zygarde
|faint|p2a: Zygarde
|
|
|switch|p2a: Jirachi|Jirachi|341\/341
|turn|15
|
|switch|p1a: Celebi|Celebi|141\/404
|-damage|p1a: Celebi|91\/404|[from] Stealth Rock
|move|p2a: Jirachi|Iron Head|p1a: Celebi
|-damage|p1a: Celebi|1\/404
|
|-heal|p1a: Celebi|26\/404|[from] item: Leftovers
|turn|16
|
|move|p2a: Jirachi|Iron Head|p1a: Celebi
|-damage|p1a: Celebi|0 fnt
|faint|p1a: Celebi
|
|
|switch|p1a: Empoleon|Empoleon, M|107\/370
|-damage|p1a: Empoleon|84\/370|[from] Stealth Rock
|turn|17
|
|switch|p2a: Whimsicott|Whimsicott, F|261\/261
|move|p1a: Empoleon|Defog|p2a: Whimsicott
|-unboost|p2a: Whimsicott|evasion|1
|-sideend|p1: radianthero156|Stealth Rock|[from] move: Defog|[of] p1a: Empoleon
|
|-heal|p1a: Empoleon|107\/370|[from] item: Leftovers
|turn|18
|
|switch|p1a: Lopunny|Lopunny-Mega, F|48\/272
|move|p2a: Whimsicott|Giga Drain|p1a: Lopunny
|-damage|p1a: Lopunny|0 fnt
|-damage|p2a: Whimsicott|235\/261|[from] item: Life Orb
|faint|p1a: Lopunny
|
|
|switch|p1a: Crobat|Crobat, M|311\/311
|turn|19
|
|move|p2a: Whimsicott|Tailwind|p2a: Whimsicott
|-sidestart|p2: Marco Esquandolas|move: Tailwind
|move|p1a: Crobat|Brave Bird|p2a: Whimsicott
|-supereffective|p2a: Whimsicott
|-damage|p2a: Whimsicott|0 fnt
|-damage|p1a: Crobat|233\/311|[from] recoil|[of] p2a: Whimsicott
|faint|p2a: Whimsicott
|
|
|switch|p2a: Gallade|Gallade, M|277\/277
|turn|20
|
|switch|p1a: Empoleon|Empoleon, M|107\/370
|detailschange|p2a: Gallade|Gallade-Mega, M
|message|Gallade has Mega Evolved into Mega Gallade!
|move|p2a: Gallade|Zen Headbutt|p1a: Empoleon
|-resisted|p1a: Empoleon
|-damage|p1a: Empoleon|18\/370
|
|-heal|p1a: Empoleon|41\/370|[from] item: Leftovers
|turn|21
|
|move|p2a: Gallade|Knock Off|p1a: Empoleon
|-damage|p1a: Empoleon|0 fnt
|-enditem|p1a: Empoleon|Leftovers|[from] move: Knock Off|[of] p2a: Gallade
|faint|p1a: Empoleon
|
|
|switch|p1a: Crobat|Crobat, M|233\/311
|turn|22
|
|move|p2a: Gallade|Zen Headbutt|p1a: Crobat|[miss]
|-miss|p2a: Gallade|p1a: Crobat
|move|p1a: Crobat|Brave Bird|p2a: Gallade
|-crit|p2a: Gallade
|-supereffective|p2a: Gallade
|-damage|p2a: Gallade|0 fnt
|-damage|p1a: Crobat|142\/311|[from] recoil|[of] p2a: Gallade
|faint|p2a: Gallade
|
|-sideend|p2: Marco Esquandolas|move: Tailwind
|
|switch|p2a: Jirachi|Jirachi|341\/341
|turn|23
|
|move|p2a: Jirachi|Iron Head|p1a: Crobat
|-damage|p1a: Crobat|0 fnt
|faint|p1a: Crobat
|
|win|Marco Esquandolas
|raw|Ladder updating...
|leave|radianthero156
|player|p1
|raw|radianthero156's rating: 1581 &rarr; <strong>1551<\/strong><br \/>(-30 for losing)
|raw|Marco Esquandolas's rating: 1404 &rarr; <strong>1434<\/strong><br \/>(+30 for winning)