|join|dodmen
|join|Marco Esquandolas
|player|p1|dodmen|171
|player|p2|Marco Esquandolas|242
|gametype|singles
|gen|6
|tier|UU
|rated
|rule|Sleep Clause Mod: Limit one foe put to sleep
|rule|Species Clause: Limit one of each PokÃ©mon
|rule|OHKO Clause: OHKO moves are banned
|rule|Moody Clause: Moody is banned
|rule|Evasion Moves Clause: Evasion moves are banned
|rule|Endless Battle Clause: Forcing endless battles is banned
|rule|HP Percentage Mod: HP is shown in percentages
|clearpoke
|poke|p1|Mienshao, F
|poke|p1|Krookodile, F
|poke|p1|Suicune
|poke|p1|Aggron, F
|poke|p1|Chandelure, M
|poke|p1|Whimsicott, M
|poke|p2|Virizion
|poke|p2|Hydreigon, M
|poke|p2|Nidoqueen, F
|poke|p2|Lucario, M
|poke|p2|Aerodactyl, M
|poke|p2|Chandelure, M
|rule|Swagger Clause: Swagger is banned
|rule|Baton Pass Clause: Limit one PokÃ©mon knowing Baton Pass
|teampreview
|
|start
|switch|p1a: Krookodile|Krookodile, F|331\/331
|switch|p2a: Nidoqueen|Nidoqueen, F|366\/366
|-ability|p1a: Krookodile|Intimidate|[of] p2a: Nidoqueen
|-unboost|p2a: Nidoqueen|atk|1
|turn|1
|
|switch|p2a: Aerodactyl|Aerodactyl, M|321\/321
|move|p1a: Krookodile|Knock Off|p2a: Aerodactyl
|-damage|p2a: Aerodactyl|137\/321
|
|turn|2
|
|switch|p1a: Suicune|Suicune|367\/367
|-ability|p1a: Suicune|Pressure
|detailschange|p2a: Aerodactyl|Aerodactyl-Mega, M
|message|Aerodactyl has Mega Evolved into Mega Aerodactyl!
|move|p2a: Aerodactyl|Stone Edge|p1a: Suicune|[miss]
|-miss|p2a: Aerodactyl|p1a: Suicune
|
|turn|3
|
|switch|p2a: Virizion|Virizion|324\/324
|move|p1a: Suicune|Scald|p2a: Virizion
|-resisted|p2a: Virizion
|-damage|p2a: Virizion|272\/324
|
|turn|4
|
|switch|p2a: Nidoqueen|Nidoqueen, F|366\/366
|switch|p1a: Whimsicott|Whimsicott, M|261\/261
|
|turn|5
|
|move|p1a: Whimsicott|Giga Drain|p2a: Nidoqueen
|-damage|p2a: Nidoqueen|264\/366
|move|p2a: Nidoqueen|Stealth Rock|p1a: Whimsicott
|-sidestart|p1: dodmen|move: Stealth Rock
|
|turn|6
|
|switch|p2a: Hydreigon|Hydreigon, M|325\/325
|move|p1a: Whimsicott|Encore|p2a: Hydreigon
|-fail|p2a: Hydreigon
|
|turn|7
|
|switch|p1a: Suicune|Suicune|367\/367
|-damage|p1a: Suicune|322\/367|[from] Stealth Rock
|-ability|p1a: Suicune|Pressure
|move|p2a: Hydreigon|U-turn|p1a: Suicune
|-damage|p1a: Suicune|273\/367
|
|switch|p2a: Virizion|Virizion|272\/324
|
|-heal|p1a: Suicune|295\/367|[from] item: Leftovers
|turn|8
|
|switch|p1a: Whimsicott|Whimsicott, M|261\/261
|-damage|p1a: Whimsicott|229\/261|[from] Stealth Rock
|move|p2a: Virizion|Leaf Blade|p1a: Whimsicott
|-crit|p1a: Whimsicott
|-resisted|p1a: Whimsicott
|-damage|p1a: Whimsicott|118\/261
|
|-heal|p1a: Whimsicott|134\/261|[from] item: Leftovers
|turn|9
|
|switch|p2a: Chandelure|Chandelure, M|289\/289
|move|p1a: Whimsicott|U-turn|p2a: Chandelure
|-resisted|p2a: Chandelure
|-damage|p2a: Chandelure|280\/289
|
|switch|p1a: Krookodile|Krookodile, F|331\/331
|-damage|p1a: Krookodile|311\/331|[from] Stealth Rock
|-ability|p1a: Krookodile|Intimidate|[of] p2a: Chandelure
|-unboost|p2a: Chandelure|atk|1
|
|-heal|p2a: Chandelure|289\/289|[from] item: Leftovers
|turn|10
|
|move|p1a: Krookodile|Knock Off|p2a: Chandelure
|-crit|p2a: Chandelure
|-supereffective|p2a: Chandelure
|-damage|p2a: Chandelure|0 fnt
|-enditem|p2a: Chandelure|Leftovers|[from] move: Knock Off|[of] p1a: Krookodile
|faint|p2a: Chandelure
|
|join|DankMemeTyler
|
|switch|p2a: Virizion|Virizion|272\/324
|turn|11
|join|ANGER MANAGEMENT
|
|switch|p1a: Chandelure|Chandelure, M|261\/261
|-damage|p1a: Chandelure|196\/261|[from] Stealth Rock
|move|p2a: Virizion|Stone Edge|p1a: Chandelure
|-crit|p1a: Chandelure
|-supereffective|p1a: Chandelure
|-damage|p1a: Chandelure|0 fnt
|faint|p1a: Chandelure
|
|
|switch|p1a: Mienshao|Mienshao, F|271\/271
|-damage|p1a: Mienshao|255\/271|[from] Stealth Rock
|turn|12
|
|switch|p2a: Aerodactyl|Aerodactyl-Mega, M|137\/321
|move|p1a: Mienshao|High Jump Kick|p2a: Aerodactyl
|-damage|p2a: Aerodactyl|0 fnt
|faint|p2a: Aerodactyl
|
|
|switch|p2a: Nidoqueen|Nidoqueen, F|264\/366
|turn|13
|
|switch|p1a: Suicune|Suicune|295\/367
|-damage|p1a: Suicune|250\/367|[from] Stealth Rock
|-ability|p1a: Suicune|Pressure
|move|p2a: Nidoqueen|Earth Power|p1a: Suicune
|-damage|p1a: Suicune|69\/367
|
|-heal|p1a: Suicune|91\/367|[from] item: Leftovers
|turn|14
|
|switch|p2a: Virizion|Virizion|272\/324
|move|p1a: Suicune|Scald|p2a: Virizion
|-resisted|p2a: Virizion
|-damage|p2a: Virizion|221\/324
|
|-heal|p1a: Suicune|113\/367|[from] item: Leftovers
|turn|15
|
|switch|p1a: Whimsicott|Whimsicott, M|134\/261
|-damage|p1a: Whimsicott|102\/261|[from] Stealth Rock
|move|p2a: Virizion|Leaf Blade|p1a: Whimsicott
|-resisted|p1a: Whimsicott
|-damage|p1a: Whimsicott|31\/261
|
|-heal|p1a: Whimsicott|47\/261|[from] item: Leftovers
|turn|16
|
|switch|p2a: Nidoqueen|Nidoqueen, F|264\/366
|move|p1a: Whimsicott|U-turn|p2a: Nidoqueen
|-resisted|p2a: Nidoqueen
|-damage|p2a: Nidoqueen|245\/366
|
|switch|p1a: Suicune|Suicune|113\/367
|-damage|p1a: Suicune|68\/367|[from] Stealth Rock
|-ability|p1a: Suicune|Pressure
|
|-heal|p1a: Suicune|90\/367|[from] item: Leftovers
|turn|17
|
|switch|p2a: Virizion|Virizion|221\/324
|move|p1a: Suicune|Ice Beam|p2a: Virizion
|-supereffective|p2a: Virizion
|-damage|p2a: Virizion|77\/324
|
|-heal|p1a: Suicune|112\/367|[from] item: Leftovers
|turn|18
|
|switch|p1a: Aggron|Aggron, F|344\/344
|-damage|p1a: Aggron|323\/344|[from] Stealth Rock
|move|p2a: Virizion|Close Combat|p1a: Aggron
|-supereffective|p1a: Aggron
|-damage|p1a: Aggron|0 fnt
|-unboost|p2a: Virizion|def|1
|-unboost|p2a: Virizion|spd|1
|faint|p1a: Aggron
|
|
|switch|p1a: Mienshao|Mienshao, F|255\/271
|-damage|p1a: Mienshao|239\/271|[from] Stealth Rock
|turn|19
|c| DankMemeTyler|bop
|
|move|p1a: Mienshao|High Jump Kick|p2a: Virizion
|-damage|p2a: Virizion|0 fnt
|faint|p2a: Virizion
|
|
|switch|p2a: Nidoqueen|Nidoqueen, F|245\/366
|turn|20
|
|switch|p1a: Whimsicott|Whimsicott, M|47\/261
|-damage|p1a: Whimsicott|15\/261|[from] Stealth Rock
|switch|p2a: Hydreigon|Hydreigon, M|325\/325
|
|-heal|p1a: Whimsicott|31\/261|[from] item: Leftovers
|turn|21
|
|move|p2a: Hydreigon|U-turn|p1a: Whimsicott
|-damage|p1a: Whimsicott|0 fnt
|faint|p1a: Whimsicott
|join|machmush47
|
|switch|p2a: Lucario|Lucario, M|281\/281
|
|
|switch|p1a: Mienshao|Mienshao, F|239\/271
|-damage|p1a: Mienshao|223\/271|[from] Stealth Rock
|turn|22
|
|move|p2a: Lucario|Bullet Punch|p1a: Mienshao
|-damage|p1a: Mienshao|77\/271
|-damage|p2a: Lucario|253\/281|[from] item: Life Orb
|move|p1a: Mienshao|High Jump Kick|p2a: Lucario
|-supereffective|p2a: Lucario
|-damage|p2a: Lucario|0 fnt
|faint|p2a: Lucario
|
|
|switch|p2a: Nidoqueen|Nidoqueen, F|245\/366
|turn|23
|
|switch|p1a: Krookodile|Krookodile, F|311\/331
|-damage|p1a: Krookodile|291\/331|[from] Stealth Rock
|-ability|p1a: Krookodile|Intimidate|[of] p2a: Nidoqueen
|-unboost|p2a: Nidoqueen|atk|1
|move|p2a: Nidoqueen|Earth Power|p1a: Krookodile
|-damage|p1a: Krookodile|18\/331
|
|turn|24
|
|switch|p2a: Hydreigon|Hydreigon, M|325\/325
|move|p1a: Krookodile|Knock Off|p2a: Hydreigon
|-resisted|p2a: Hydreigon
|-damage|p2a: Hydreigon|202\/325
|-enditem|p2a: Hydreigon|Choice Scarf|[from] move: Knock Off|[of] p1a: Krookodile
|
|turn|25
|
|move|p2a: Hydreigon|Dark Pulse|p1a: Krookodile
|-resisted|p1a: Krookodile
|-damage|p1a: Krookodile|0 fnt
|faint|p1a: Krookodile
|
|
|switch|p1a: Mienshao|Mienshao, F|77\/271
|-damage|p1a: Mienshao|61\/271|[from] Stealth Rock
|turn|26
|c| DankMemeTyler|miss
|c| DankMemeTyler|miss
|c| DankMemeTyler|miss
|
|move|p1a: Mienshao|High Jump Kick|p2a: Hydreigon
|-supereffective|p2a: Hydreigon
|-damage|p2a: Hydreigon|0 fnt
|faint|p2a: Hydreigon
|
|c|âMarco Esquandolas|queen tanks if min specatt
|
|switch|p2a: Nidoqueen|Nidoqueen, F|245\/366
|turn|27
|
|move|p1a: Mienshao|High Jump Kick|p2a: Nidoqueen
|-resisted|p2a: Nidoqueen
|-damage|p2a: Nidoqueen|86\/366
|move|p2a: Nidoqueen|Earth Power|p1a: Mienshao
|-damage|p1a: Mienshao|0 fnt
|faint|p1a: Mienshao
|
|
|switch|p1a: Suicune|Suicune|112\/367
|-damage|p1a: Suicune|67\/367|[from] Stealth Rock
|-ability|p1a: Suicune|Pressure
|turn|28
|c|âMarco Esquandolas|max speed doddy?
|
|move|p1a: Suicune|Scald|p2a: Nidoqueen
|-supereffective|p2a: Nidoqueen
|-damage|p2a: Nidoqueen|0 fnt
|faint|p2a: Nidoqueen
|
|win|dodmen
|raw|Ladder updating...
|raw|dodmen's rating: 1734 &rarr; <strong>1744<\/strong><br \/>(+10 for winning)
|raw|Marco Esquandolas's rating: 1552 &rarr; <strong>1542<\/strong><br \/>(-10 for losing)
|c|âdodmen|o who is this
|c|âdodmen|not max speed but lots of speed
|c| DankMemeTyler|its marco
|leave|DankMemeTyler
|leave|machmush47
|c|âdodmen|great game