|join|Marzipan123
|join|Focus Sash Florges
|player|p1|Marzipan123|70
|player|p2|Focus Sash Florges|114
|gametype|singles
|gen|6
|tier|UU
|rated
|rule|Sleep Clause Mod: Limit one foe put to sleep
|rule|Species Clause: Limit one of each PokÃ©mon
|rule|OHKO Clause: OHKO moves are banned
|rule|Moody Clause: Moody is banned
|rule|Evasion Moves Clause: Evasion moves are banned
|rule|Endless Battle Clause: Forcing endless battles is banned
|rule|HP Percentage Mod: HP is shown in percentages
|clearpoke
|poke|p1|Beedrill, F
|poke|p1|Arcanine, M
|poke|p1|Honchkrow, F
|poke|p1|Azelf
|poke|p1|Jirachi
|poke|p1|Goodra, F
|poke|p2|Lucario, M
|poke|p2|Jirachi
|poke|p2|Galvantula, M
|poke|p2|Chandelure, F
|poke|p2|Hydreigon, F
|poke|p2|Swampert, M
|rule|Swagger Clause: Swagger is banned
|rule|Baton Pass Clause: Limit one PokÃ©mon knowing Baton Pass
|teampreview
|
|start
|switch|p1a: Azelf|Azelf|291\/291
|switch|p2a: Galvantula|Galvantula, M|281\/281
|turn|1
|c|âMarzipan123|focus sash florges too op
|c|âFocus Sash Florges|i actually ran into 1 on low ladder
|
|switch|p1a: Goodra|Goodra, F|383\/383
|move|p2a: Galvantula|Bug Buzz|p1a: Goodra
|-damage|p1a: Goodra|326\/383
|
|turn|2
|c|âFocus Sash Florges|it was the inspiration
|c|âMarzipan123|you sir are an inspiration
|
|move|p2a: Galvantula|Sticky Web|p1a: Goodra
|-sidestart|p1: Marzipan123|move: Sticky Web
|move|p1a: Goodra|Dragon Pulse|p2a: Galvantula
|-damage|p2a: Galvantula|49\/281
|
|turn|3
|
|move|p2a: Galvantula|Bug Buzz|p1a: Goodra
|-damage|p1a: Goodra|227\/383
|move|p1a: Goodra|Dragon Pulse|p2a: Galvantula
|-damage|p2a: Galvantula|0 fnt
|faint|p2a: Galvantula
|
|c|âFocus Sash Florges|o:
|c|âMarzipan123|what? D:
|
|switch|p2a: Lucario|Lucario, M|281\/281
|turn|4
|c|âFocus Sash Florges|idk
|
|move|p2a: Lucario|Close Combat|p1a: Goodra
|-damage|p1a: Goodra|0 fnt
|-unboost|p2a: Lucario|def|1
|-unboost|p2a: Lucario|spd|1
|-damage|p2a: Lucario|253\/281|[from] item: Life Orb
|faint|p1a: Goodra
|
|
|switch|p1a: Honchkrow|Honchkrow, F|341\/341
|turn|5
|
|move|p2a: Lucario|Close Combat|p1a: Honchkrow
|-damage|p1a: Honchkrow|0 fnt
|-unboost|p2a: Lucario|def|1
|-unboost|p2a: Lucario|spd|1
|-damage|p2a: Lucario|225\/281|[from] item: Life Orb
|faint|p1a: Honchkrow
|
|
|switch|p1a: Arcanine|Arcanine, M|384\/384
|-activate|p1a: Arcanine|move: Sticky Web
|-unboost|p1a: Arcanine|spe|1
|-ability|p1a: Arcanine|Intimidate|[of] p2a: Lucario
|-unboost|p2a: Lucario|atk|1
|turn|6
|
|switch|p2a: Chandelure|Chandelure, F|262\/262
|move|p1a: Arcanine|Extreme Speed|p2a: Chandelure
|-immune|p2a: Chandelure|[msg]
|
|turn|7
|
|move|p2a: Chandelure|Shadow Ball|p1a: Arcanine
|-damage|p1a: Arcanine|119\/384
|-unboost|p1a: Arcanine|spd|1
|-damage|p2a: Chandelure|236\/262|[from] item: Life Orb
|move|p1a: Arcanine|Wild Charge|p2a: Chandelure
|-damage|p2a: Chandelure|116\/262
|-damage|p1a: Arcanine|89\/384|[from] recoil|[of] p2a: Chandelure
|
|-heal|p1a: Arcanine|113\/384|[from] item: Leftovers
|turn|8
|
|move|p2a: Chandelure|Shadow Ball|p1a: Arcanine
|-damage|p1a: Arcanine|0 fnt
|-damage|p2a: Chandelure|90\/262|[from] item: Life Orb
|faint|p1a: Arcanine
|
|
|switch|p1a: Beedrill|Beedrill, F|271\/271
|-activate|p1a: Beedrill|move: Sticky Web
|-unboost|p1a: Beedrill|spe|1
|turn|9
|
|detailschange|p1a: Beedrill|Beedrill-Mega, F
|-mega|p1a: Beedrill|Beedrill|Beedrillite
|move|p1a: Beedrill|Protect|p1a: Beedrill
|-singleturn|p1a: Beedrill|Protect
|move|p2a: Chandelure|Flamethrower|p1a: Beedrill
|-activate|p1a: Beedrill|Protect
|
|turn|10
|
|move|p1a: Beedrill|Knock Off|p2a: Chandelure
|-supereffective|p2a: Chandelure
|-damage|p2a: Chandelure|0 fnt
|-enditem|p2a: Chandelure|Life Orb|[from] move: Knock Off|[of] p1a: Beedrill
|faint|p2a: Chandelure
|
|
|switch|p2a: Swampert|Swampert, M|341\/341
|turn|11
|c|âFocus Sash Florges|THIS ISN'T EVEN MY FINAL FORM
|c|âMarzipan123|NO PLS
|
|detailschange|p2a: Swampert|Swampert-Mega, M
|-mega|p2a: Swampert|Swampert|Swampertite
|move|p1a: Beedrill|U-turn|p2a: Swampert
|-crit|p2a: Swampert
|-damage|p2a: Swampert|81\/341
|
|switch|p1a: Azelf|Azelf|291\/291
|move|p2a: Swampert|Rain Dance|p2a: Swampert
|-weather|RainDance
|
|-weather|RainDance|[upkeep]
|turn|12
|
|move|p2a: Swampert|Waterfall|p1a: Azelf
|-crit|p1a: Azelf
|-damage|p1a: Azelf|0 fnt
|faint|p1a: Azelf
|
|-weather|RainDance|[upkeep]
|
|switch|p1a: Beedrill|Beedrill-Mega, F|271\/271
|-activate|p1a: Beedrill|move: Sticky Web
|-unboost|p1a: Beedrill|spe|1
|turn|13
|
|move|p1a: Beedrill|Protect|p1a: Beedrill
|-singleturn|p1a: Beedrill|Protect
|move|p2a: Swampert|Waterfall|p1a: Beedrill
|-activate|p1a: Beedrill|Protect
|
|-weather|RainDance|[upkeep]
|turn|14
|
|move|p2a: Swampert|Earthquake|p1a: Beedrill
|-damage|p1a: Beedrill|0 fnt
|faint|p1a: Beedrill
|
|-weather|RainDance|[upkeep]
|
|switch|p1a: Jirachi|Jirachi|341\/341
|-activate|p1a: Jirachi|move: Sticky Web
|-unboost|p1a: Jirachi|spe|1
|turn|15
|c|âFocus Sash Florges|gg
|c|âMarzipan123|gg
|
|move|p2a: Swampert|Earthquake|p1a: Jirachi
|-supereffective|p1a: Jirachi
|-damage|p1a: Jirachi|0 fnt
|faint|p1a: Jirachi
|
|win|Focus Sash Florges
|raw|Ladder updating...
|raw|Marzipan123's rating: 1251 &rarr; <strong>1232<\/strong><br \/>(-19 for losing)
|raw|Focus Sash Florges's rating: 1331 &rarr; <strong>1347<\/strong><br \/>(+16 for winning)
|leave|Marzipan123
|player|p1