|join|Focus Sash Florges
|join|IOR
|player|p1|Focus Sash Florges|114
|player|p2|IOR|2
|gametype|singles
|gen|6
|tier|UU
|rated
|rule|Sleep Clause Mod: Limit one foe put to sleep
|rule|Species Clause: Limit one of each PokÃ©mon
|rule|OHKO Clause: OHKO moves are banned
|rule|Moody Clause: Moody is banned
|rule|Evasion Moves Clause: Evasion moves are banned
|rule|Endless Battle Clause: Forcing endless battles is banned
|rule|HP Percentage Mod: HP is shown in percentages
|clearpoke
|poke|p1|Lucario, F
|poke|p1|Jirachi
|poke|p1|Galvantula, F
|poke|p1|Chandelure, F
|poke|p1|Hydreigon, F
|poke|p1|Swampert, F
|poke|p2|Slowking, M
|poke|p2|Alomomola, F
|poke|p2|Reuniclus, M
|poke|p2|Hippowdon, F
|poke|p2|Escavalier, M
|poke|p2|Hydreigon, F
|rule|Swagger Clause: Swagger is banned
|rule|Baton Pass Clause: Limit one PokÃ©mon knowing Baton Pass
|teampreview
|
|start
|switch|p1a: Chandelure|Chandelure, F|262\/262
|switch|p2a: Hippowdon|Hippowdon, F|420\/420
|-weather|Sandstorm
|turn|1
|
|move|p1a: Chandelure|Energy Ball|p2a: Hippowdon
|-supereffective|p2a: Hippowdon
|-damage|p2a: Hippowdon|0 fnt
|-damage|p1a: Chandelure|236\/262|[from] item: Life Orb
|faint|p2a: Hippowdon
|
|-weather|Sandstorm|[upkeep]
|-damage|p1a: Chandelure|220\/262|[from] sandstorm
|
|switch|p2a: Slowking|Slowking, M|394\/394
|turn|2
|
|move|p1a: Chandelure|Shadow Ball|p2a: Slowking
|-crit|p2a: Slowking
|-supereffective|p2a: Slowking
|-damage|p2a: Slowking|82\/394
|-damage|p1a: Chandelure|194\/262|[from] item: Life Orb
|move|p2a: Slowking|Scald|p1a: Chandelure
|-supereffective|p1a: Chandelure
|-damage|p1a: Chandelure|0 fnt
|faint|p1a: Chandelure
|
|-weather|Sandstorm|[upkeep]
|-damage|p2a: Slowking|58\/394|[from] sandstorm
|
|switch|p1a: Lucario|Lucario, F|281\/281
|turn|3
|
|switch|p2a: Reuniclus|Reuniclus, M|424\/424
|move|p1a: Lucario|Swords Dance|p1a: Lucario
|-boost|p1a: Lucario|atk|2
|
|-weather|Sandstorm|[upkeep]
|-damage|p2a: Reuniclus|398\/424|[from] sandstorm
|turn|4
|
|move|p1a: Lucario|Iron Tail|p2a: Reuniclus|[miss]
|-miss|p1a: Lucario|p2a: Reuniclus
|move|p2a: Reuniclus|Future Sight|p1a: Lucario
|-start|p2a: Reuniclus|move: Future Sight
|
|-weather|Sandstorm|[upkeep]
|-damage|p2a: Reuniclus|372\/424|[from] sandstorm
|turn|5
|
|switch|p2a: Alomomola|Alomomola, F|534\/534
|move|p1a: Lucario|Iron Tail|p2a: Alomomola
|-resisted|p2a: Alomomola
|-damage|p2a: Alomomola|346\/534
|-damage|p1a: Lucario|253\/281|[from] item: Life Orb
|
|-weather|none
|-heal|p2a: Alomomola|379\/534|[from] item: Leftovers
|turn|6
|
|move|p2a: Alomomola|Protect|p2a: Alomomola
|-singleturn|p2a: Alomomola|Protect
|move|p1a: Lucario|Close Combat|p2a: Alomomola
|-activate|p2a: Alomomola|Protect
|
|-end|p1a: Lucario|move: Future Sight
|-damage|p1a: Lucario|0 fnt
|-heal|p2a: Alomomola|412\/534|[from] item: Leftovers
|faint|p1a: Lucario
|
|switch|p1a: Hydreigon|Hydreigon, F|326\/326
|turn|7
|
|switch|p2a: Slowking|Slowking, M|189\/394
|move|p1a: Hydreigon|Dark Pulse|p2a: Slowking
|-supereffective|p2a: Slowking
|-damage|p2a: Slowking|0 fnt
|faint|p2a: Slowking
|
|
|switch|p2a: Escavalier|Escavalier, M|343\/343
|turn|8
|
|switch|p1a: Swampert|Swampert, F|341\/341
|move|p2a: Escavalier|Megahorn|p1a: Swampert
|-damage|p1a: Swampert|77\/341
|
|turn|9
|
|detailschange|p1a: Swampert|Swampert-Mega, F
|-mega|p1a: Swampert|Swampert|Swampertite
|move|p1a: Swampert|Earthquake|p2a: Escavalier
|-damage|p2a: Escavalier|157\/343
|move|p2a: Escavalier|Iron Head|p1a: Swampert
|-resisted|p1a: Swampert
|-damage|p1a: Swampert|2\/341
|
|turn|10
|
|switch|p2a: Hydreigon|Hydreigon, F|325\/325
|move|p1a: Swampert|Earthquake|p2a: Hydreigon
|-immune|p2a: Hydreigon|[msg]
|
|turn|11
|
|move|p2a: Hydreigon|U-turn|p1a: Swampert
|-damage|p1a: Swampert|0 fnt
|faint|p1a: Swampert
|
|switch|p2a: Escavalier|Escavalier, M|157\/343
|
|
|switch|p1a: Hydreigon|Hydreigon, F|326\/326
|turn|12
|
|switch|p2a: Alomomola|Alomomola, F|534\/534
|move|p1a: Hydreigon|Dark Pulse|p2a: Alomomola
|-damage|p2a: Alomomola|138\/534
|
|-heal|p2a: Alomomola|171\/534|[from] item: Leftovers
|turn|13
|
|switch|p2a: Hydreigon|Hydreigon, F|325\/325
|move|p1a: Hydreigon|Dark Pulse|p2a: Hydreigon
|-resisted|p2a: Hydreigon
|-damage|p2a: Hydreigon|204\/325
|
|turn|14
|
|switch|p1a: Jirachi|Jirachi|342\/342
|move|p2a: Hydreigon|Draco Meteor|p1a: Jirachi
|-resisted|p1a: Jirachi
|-damage|p1a: Jirachi|228\/342
|-unboost|p2a: Hydreigon|spa|2
|
|turn|15
|
|switch|p2a: Reuniclus|Reuniclus, M|424\/424
|move|p1a: Jirachi|U-turn|p2a: Reuniclus
|-supereffective|p2a: Reuniclus
|-damage|p2a: Reuniclus|250\/424
|
|switch|p1a: Hydreigon|Hydreigon, F|326\/326
|
|turn|16
|
|switch|p2a: Alomomola|Alomomola, F|349\/534
|move|p1a: Hydreigon|Dragon Pulse|p2a: Alomomola
|-crit|p2a: Alomomola
|-damage|p2a: Alomomola|0 fnt
|faint|p2a: Alomomola
|
|
|switch|p2a: Escavalier|Escavalier, M|157\/343
|turn|17
|
|switch|p1a: Galvantula|Galvantula, F|281\/281
|move|p2a: Escavalier|Megahorn|p1a: Galvantula
|-enditem|p1a: Galvantula|Focus Sash
|-damage|p1a: Galvantula|1\/281
|
|turn|18
|
|move|p1a: Galvantula|Bug Buzz|p2a: Escavalier
|-resisted|p2a: Escavalier
|-damage|p2a: Escavalier|99\/343
|move|p2a: Escavalier|Knock Off|p1a: Galvantula
|-damage|p1a: Galvantula|0 fnt
|faint|p1a: Galvantula
|
|
|switch|p1a: Jirachi|Jirachi|228\/342
|turn|19
|
|move|p1a: Jirachi|Iron Head|p2a: Escavalier
|-resisted|p2a: Escavalier
|-damage|p2a: Escavalier|39\/343
|move|p2a: Escavalier|Knock Off|p1a: Jirachi
|-supereffective|p1a: Jirachi
|-damage|p1a: Jirachi|0 fnt
|-enditem|p1a: Jirachi|Choice Scarf|[from] move: Knock Off|[of] p2a: Escavalier
|faint|p1a: Jirachi
|
|
|switch|p1a: Hydreigon|Hydreigon, F|326\/326
|turn|20
|
|move|p1a: Hydreigon|Dark Pulse|p2a: Escavalier
|-damage|p2a: Escavalier|0 fnt
|faint|p2a: Escavalier
|
|
|switch|p2a: Hydreigon|Hydreigon, F|204\/325
|turn|21
|
|move|p2a: Hydreigon|Draco Meteor|p1a: Hydreigon
|-supereffective|p1a: Hydreigon
|-damage|p1a: Hydreigon|0 fnt
|-unboost|p2a: Hydreigon|spa|2
|faint|p1a: Hydreigon
|
|win|IOR
|raw|Ladder updating...
|raw|Focus Sash Florges's rating: 1045 &rarr; <strong>1028<\/strong><br \/>(-17 for losing)
|raw|IOR's rating: 1034 &rarr; <strong>1070<\/strong><br \/>(+36 for winning)
|leave|Focus Sash Florges
|player|p1