|join|G0tagofast
|join|Guesst_50790
|player|p1|G0tagofast|265
|player|p2|Guesst_50790|294
|gametype|singles
|gen|6
|tier|OU
|rated
|clearpoke
|poke|p1|Gallade, M
|poke|p1|Bisharp, F
|poke|p1|Clefable, F
|poke|p1|Gengar, F
|poke|p1|Rotom-Wash
|poke|p1|Landorus-Therian, M
|poke|p2|Tyranitar, M
|poke|p2|Excadrill, M, shiny
|poke|p2|Infernape, M
|poke|p2|Bisharp, M
|poke|p2|Altaria, F
|poke|p2|Keldeo
|rule|Swagger Clause: Swagger is banned
|rule|Baton Pass Clause: Limit one PokÃ©mon knowing Baton Pass
|rule|Sleep Clause Mod: Limit one foe put to sleep
|rule|Species Clause: Limit one of each PokÃ©mon
|rule|OHKO Clause: OHKO moves are banned
|rule|Moody Clause: Moody is banned
|rule|Evasion Moves Clause: Evasion moves are banned
|rule|Endless Battle Clause: Forcing endless battles is banned
|rule|HP Percentage Mod: HP is shown in percentages
|teampreview
|
|start
|switch|p1a: red sky|Bisharp, F|271\/271
|switch|p2a: Infernape|Infernape, M|293\/293
|turn|1
|
|switch|p1a: light speed|Gengar, F|259\/259
|move|p2a: Infernape|Close Combat|p1a: light speed
|-immune|p1a: light speed|[msg]
|
|turn|2
|
|switch|p1a: numbers|Rotom-Wash|303\/303
|move|p2a: Infernape|Stealth Rock|p1a: numbers
|-sidestart|p1: G0tagofast|move: Stealth Rock
|
|turn|3
|
|move|p2a: Infernape|Close Combat|p1a: numbers
|-damage|p1a: numbers|170\/303
|-unboost|p2a: Infernape|def|1
|-unboost|p2a: Infernape|spd|1
|move|p1a: numbers|Hydro Pump|p2a: Infernape
|-supereffective|p2a: Infernape
|-enditem|p2a: Infernape|Focus Sash
|-damage|p2a: Infernape|1\/293
|
|-heal|p1a: numbers|188\/303|[from] item: Leftovers
|turn|4
|
|move|p2a: Infernape|Fire Blast|p1a: numbers|[miss]
|-miss|p2a: Infernape|p1a: numbers
|move|p1a: numbers|Volt Switch|p2a: Infernape
|-damage|p2a: Infernape|0 fnt
|faint|p2a: Infernape
|
|switch|p1a: red sky|Bisharp, F|271\/271
|-damage|p1a: red sky|255\/271|[from] Stealth Rock
|
|
|switch|p2a: Keldeo|Keldeo|323\/323
|turn|5
|
|switch|p1a: connected|Clefable, F|394\/394
|move|p2a: Keldeo|Substitute|p2a: Keldeo
|-start|p2a: Keldeo|Substitute
|-damage|p2a: Keldeo|243\/323
|
|-heal|p2a: Keldeo|263\/323|[from] item: Leftovers
|turn|6
|
|move|p2a: Keldeo|Scald|p1a: connected
|-damage|p1a: connected|273\/394
|move|p1a: connected|Moonblast|p2a: Keldeo
|-supereffective|p2a: Keldeo
|-end|p2a: Keldeo|Substitute
|
|-heal|p2a: Keldeo|283\/323|[from] item: Leftovers
|-heal|p1a: connected|297\/394|[from] item: Leftovers
|turn|7
|
|move|p2a: Keldeo|Calm Mind|p2a: Keldeo
|-boost|p2a: Keldeo|spa|1
|-boost|p2a: Keldeo|spd|1
|move|p1a: connected|Moonblast|p2a: Keldeo
|-supereffective|p2a: Keldeo
|-damage|p2a: Keldeo|125\/323
|-unboost|p2a: Keldeo|spa|1
|
|-heal|p2a: Keldeo|145\/323|[from] item: Leftovers
|-heal|p1a: connected|321\/394|[from] item: Leftovers
|turn|8
|
|move|p2a: Keldeo|Scald|p1a: connected
|-damage|p1a: connected|203\/394
|-status|p1a: connected|brn
|move|p1a: connected|Moonblast|p2a: Keldeo
|-crit|p2a: Keldeo
|-supereffective|p2a: Keldeo
|-damage|p2a: Keldeo|0 fnt
|faint|p2a: Keldeo
|
|-heal|p1a: connected|227\/394 brn|[from] item: Leftovers
|
|switch|p2a: Bisharp|Bisharp, M|272\/272
|turn|9
|
|switch|p1a: red sky|Bisharp, F|255\/271
|-damage|p1a: red sky|239\/271|[from] Stealth Rock
|move|p2a: Bisharp|Swords Dance|p2a: Bisharp
|-boost|p2a: Bisharp|atk|2
|
|turn|10
|
|move|p2a: Bisharp|Knock Off|p1a: red sky
|-resisted|p1a: red sky
|-damage|p1a: red sky|32\/271
|-enditem|p1a: red sky|Lum Berry|[from] move: Knock Off|[of] p2a: Bisharp
|-damage|p2a: Bisharp|245\/272|[from] item: Life Orb
|move|p1a: red sky|Knock Off|p2a: Bisharp
|-resisted|p2a: Bisharp
|-damage|p2a: Bisharp|153\/272
|-enditem|p2a: Bisharp|Life Orb|[from] move: Knock Off|[of] p1a: red sky
|
|turn|11
|
|move|p2a: Bisharp|Swords Dance|p2a: Bisharp
|-boost|p2a: Bisharp|atk|2
|move|p1a: red sky|Swords Dance|p1a: red sky
|-boost|p1a: red sky|atk|2
|
|turn|12
|
|move|p1a: red sky|Sucker Punch|p2a: Bisharp
|-fail|p2a: Bisharp
|move|p2a: Bisharp|Swords Dance|p2a: Bisharp
|-boost|p2a: Bisharp|atk|2
|
|turn|13
|
|move|p2a: Bisharp|Sucker Punch|p1a: red sky
|-resisted|p1a: red sky
|-damage|p1a: red sky|0 fnt
|faint|p1a: red sky
|
|
|switch|p1a: light speed|Gengar, F|259\/259
|-damage|p1a: light speed|227\/259|[from] Stealth Rock
|turn|14
|
|move|p1a: light speed|Focus Blast|p2a: Bisharp|[miss]
|-miss|p1a: light speed|p2a: Bisharp
|move|p2a: Bisharp|Knock Off|p1a: light speed
|-supereffective|p1a: light speed
|-damage|p1a: light speed|0 fnt
|-enditem|p1a: light speed|Life Orb|[from] move: Knock Off|[of] p2a: Bisharp
|faint|p1a: light speed
|
|-message|G0tagofast forfeited.
|
|win|Guesst_50790
|raw|Ladder updating...
|leave|G0tagofast
|player|p1