|join|snorlaxtitties
|join|G0tagofast
|player|p1|snorlaxtitties|99
|player|p2|G0tagofast|265
|gametype|singles
|gen|6
|tier|OU
|rated
|clearpoke
|poke|p1|Ferrothorn, M
|poke|p1|Sharpedo, F
|poke|p1|Latias, F, shiny
|poke|p1|Conkeldurr, M
|poke|p1|Excadrill, M, shiny
|poke|p1|Thundurus, M, shiny
|poke|p2|Gallade, M
|poke|p2|Bisharp, F
|poke|p2|Clefable, F
|poke|p2|Gengar, F
|poke|p2|Rotom-Wash
|poke|p2|Landorus-Therian, M
|rule|Swagger Clause: Swagger is banned
|rule|Baton Pass Clause: Limit one PokÃ©mon knowing Baton Pass
|rule|Sleep Clause Mod: Limit one foe put to sleep
|rule|Species Clause: Limit one of each PokÃ©mon
|rule|OHKO Clause: OHKO moves are banned
|rule|Moody Clause: Moody is banned
|rule|Evasion Moves Clause: Evasion moves are banned
|rule|Endless Battle Clause: Forcing endless battles is banned
|rule|HP Percentage Mod: HP is shown in percentages
|teampreview
|
|start
|switch|p1a: Ferrothorn|Ferrothorn, M|352\/352
|switch|p2a: connected|Clefable, F|394\/394
|turn|1
|
|move|p2a: connected|Fire Blast|p1a: Ferrothorn
|-supereffective|p1a: Ferrothorn
|-damage|p1a: Ferrothorn|60\/352
|move|p1a: Ferrothorn|Leech Seed|p2a: connected
|-start|p2a: connected|move: Leech Seed
|
|turn|2
|
|move|p2a: connected|Stealth Rock|p1a: Ferrothorn
|-sidestart|p1: snorlaxtitties|move: Stealth Rock
|move|p1a: Ferrothorn|Gyro Ball|p2a: connected
|-supereffective|p2a: connected
|-damage|p2a: connected|176\/394
|
|-heal|p2a: connected|200\/394|[from] item: Leftovers
|turn|3
|
|move|p2a: connected|Fire Blast|p1a: Ferrothorn|[miss]
|-miss|p2a: connected|p1a: Ferrothorn
|move|p1a: Ferrothorn|Stealth Rock|p2a: connected
|-sidestart|p2: G0tagofast|move: Stealth Rock
|
|-heal|p2a: connected|224\/394|[from] item: Leftovers
|turn|4
|
|move|p2a: connected|Fire Blast|p1a: Ferrothorn
|-supereffective|p1a: Ferrothorn
|-damage|p1a: Ferrothorn|0 fnt
|faint|p1a: Ferrothorn
|
|-heal|p2a: connected|248\/394|[from] item: Leftovers
|
|switch|p1a: Excadrill|Excadrill, M, shiny|424\/424
|-damage|p1a: Excadrill|411\/424|[from] Stealth Rock
|-ability|p1a: Excadrill|Mold Breaker
|-item|p1a: Excadrill|Air Balloon
|turn|5
|
|move|p1a: Excadrill|Iron Head|p2a: connected
|-supereffective|p2a: connected
|-damage|p2a: connected|0 fnt
|faint|p2a: connected
|
|
|switch|p2a: light speed|Gengar, F|259\/259
|-damage|p2a: light speed|227\/259|[from] Stealth Rock
|turn|6
|
|move|p2a: light speed|Focus Blast|p1a: Excadrill
|-supereffective|p1a: Excadrill
|-damage|p1a: Excadrill|0 fnt
|-enditem|p1a: Excadrill|Air Balloon
|-damage|p2a: light speed|202\/259|[from] item: Life Orb
|faint|p1a: Excadrill
|
|
|switch|p1a: Conkeldurr|Conkeldurr, M|414\/414
|-damage|p1a: Conkeldurr|389\/414|[from] Stealth Rock
|turn|7
|
|move|p2a: light speed|Shadow Ball|p1a: Conkeldurr
|-damage|p1a: Conkeldurr|214\/414
|-unboost|p1a: Conkeldurr|spd|1
|-damage|p2a: light speed|177\/259|[from] item: Life Orb
|move|p1a: Conkeldurr|Knock Off|p2a: light speed
|-supereffective|p2a: light speed
|-damage|p2a: light speed|0 fnt
|-enditem|p2a: light speed|Life Orb|[from] move: Knock Off|[of] p1a: Conkeldurr
|faint|p2a: light speed
|
|
|switch|p2a: heroes|Gallade, M|277\/277
|-damage|p2a: heroes|260\/277|[from] Stealth Rock
|turn|8
|
|detailschange|p2a: heroes|Gallade-Mega, M
|message|Gallade has Mega Evolved into Mega Gallade!
|move|p2a: heroes|Zen Headbutt|p1a: Conkeldurr
|-supereffective|p1a: Conkeldurr
|-damage|p1a: Conkeldurr|0 fnt
|faint|p1a: Conkeldurr
|
|
|switch|p1a: Latias|Latias, F, shiny|302\/302
|-damage|p1a: Latias|265\/302|[from] Stealth Rock
|turn|9
|
|switch|p2a: red sky|Bisharp, F|271\/271
|-damage|p2a: red sky|255\/271|[from] Stealth Rock
|move|p1a: Latias|Draco Meteor|p2a: red sky
|-resisted|p2a: red sky
|-damage|p2a: red sky|83\/271
|-unboost|p1a: Latias|spa|2
|-damage|p1a: Latias|235\/302|[from] item: Life Orb
|
|turn|10
|
|move|p2a: red sky|Sucker Punch|p1a: Latias
|-supereffective|p1a: Latias
|-damage|p1a: Latias|0 fnt
|faint|p1a: Latias
|
|
|switch|p1a: Thundurus|Thundurus, M, shiny|300\/300
|-damage|p1a: Thundurus|225\/300|[from] Stealth Rock
|turn|11
|
|move|p1a: Thundurus|Nasty Plot|p1a: Thundurus
|-boost|p1a: Thundurus|spa|2
|move|p2a: red sky|Knock Off|p1a: Thundurus
|-damage|p1a: Thundurus|0 fnt
|-enditem|p1a: Thundurus|Leftovers|[from] move: Knock Off|[of] p2a: red sky
|faint|p1a: Thundurus
|
|
|switch|p1a: Sharpedo|Sharpedo, F|281\/281
|-damage|p1a: Sharpedo|246\/281|[from] Stealth Rock
|turn|12
|
|move|p1a: Sharpedo|Protect|p1a: Sharpedo
|-singleturn|p1a: Sharpedo|Protect
|move|p2a: red sky|Swords Dance|p2a: red sky
|-boost|p2a: red sky|atk|2
|
|-boost|p1a: Sharpedo|spe|1|[from] ability: Speed Boost
|turn|13
|
|move|p2a: red sky|Sucker Punch|p1a: Sharpedo
|-resisted|p1a: Sharpedo
|-damage|p1a: Sharpedo|0 fnt
|faint|p1a: Sharpedo
|
|win|G0tagofast
|raw|Ladder updating...
|raw|snorlaxtitties's rating: 1105 &rarr; <strong>1077<\/strong><br \/>(-28 for losing)
|raw|G0tagofast's rating: 1074 &rarr; <strong>1106<\/strong><br \/>(+32 for winning)
|leave|snorlaxtitties
|player|p1