|join|G0tagofast
|join|NagariNewMeta
|player|p1|G0tagofast|101
|player|p2|NagariNewMeta|192
|gametype|singles
|gen|6
|tier|OU
|rated
|clearpoke
|poke|p1|Diancie
|poke|p1|Volcarona, F
|poke|p1|Serperior, M
|poke|p1|Bisharp, M
|poke|p1|Skarmory, M
|poke|p1|Gengar, M
|poke|p2|Serperior, M, shiny
|poke|p2|Rhyperior, M, shiny
|poke|p2|Keldeo-Resolute
|poke|p2|Charizard, M
|poke|p2|Togekiss, M
|poke|p2|Jirachi
|rule|Swagger Clause: Swagger is banned
|rule|Baton Pass Clause: Limit one PokÃ©mon knowing Baton Pass
|rule|Sleep Clause Mod: Limit one foe put to sleep
|rule|Species Clause: Limit one of each PokÃ©mon
|rule|OHKO Clause: OHKO moves are banned
|rule|Moody Clause: Moody is banned
|rule|Evasion Moves Clause: Evasion moves are banned
|rule|Endless Battle Clause: Forcing endless battles is banned
|rule|HP Percentage Mod: HP is shown in percentages
|teampreview
|
|start
|switch|p1a: Skarmory|Skarmory, M|271\/271
|switch|p2a: Rachi|Jirachi|404\/404
|turn|1
|
|move|p1a: Skarmory|Taunt|p2a: Rachi
|-start|p2a: Rachi|move: Taunt
|cant|p2a: Rachi|move: Taunt|Stealth Rock
|
|turn|2
|
|switch|p2a: Zard X|Charizard, M|315\/315
|move|p1a: Skarmory|Stealth Rock|p2a: Zard X
|-sidestart|p2: NagariNewMeta|move: Stealth Rock
|
|turn|3
|c|âG0tagofast|Hi again
|
|detailschange|p2a: Zard X|Charizard-Mega-X, M
|-mega|p2a: Zard X|Charizard|Charizardite X
|move|p2a: Zard X|Flare Blitz|p1a: Skarmory
|-supereffective|p1a: Skarmory
|-activate|p1a: Skarmory|Sturdy
|-damage|p1a: Skarmory|1\/271
|-status|p1a: Skarmory|brn
|-damage|p2a: Zard X|226\/315|[from] recoil|[of] p1a: Skarmory
|-enditem|p1a: Skarmory|Salac Berry|[eat]
|-boost|p1a: Skarmory|spe|1|[from] item: Salac Berry
|move|p1a: Skarmory|Spikes|p2a: Zard X
|-sidestart|p2: NagariNewMeta|Spikes
|
|-damage|p1a: Skarmory|0 fnt|[from] brn
|faint|p1a: Skarmory
|
|switch|p1a: Gengar|Gengar, M|261\/261
|turn|4
|c|âNagariNewMeta|hey
|c|âG0tagofast|yes?
|
|switch|p2a: Keldi|Keldeo-Resolute|323\/323
|-damage|p2a: Keldi|283\/323|[from] Spikes
|-damage|p2a: Keldi|263\/323|[from] Stealth Rock
|move|p1a: Gengar|Shadow Ball|p2a: Keldi
|-damage|p2a: Keldi|116\/323
|
|turn|5
|
|move|p1a: Gengar|Shadow Ball|p2a: Keldi
|-damage|p2a: Keldi|0 fnt
|faint|p2a: Keldi
|
|
|switch|p2a: Togekiss|Togekiss, M|374\/374
|-damage|p2a: Togekiss|281\/374|[from] Stealth Rock
|turn|6
|
|switch|p1a: Bisharp|Bisharp, M|289\/289
|move|p2a: Togekiss|Defog|p1a: Bisharp
|-unboost|p1a: Bisharp|evasion|1
|-boost|p1a: Bisharp|atk|2|[from] ability: Defiant
|-sideend|p2: NagariNewMeta|Spikes|[from] move: Defog|[of] p2a: Togekiss
|-sideend|p2: NagariNewMeta|Stealth Rock|[from] move: Defog|[of] p2a: Togekiss
|
|-heal|p2a: Togekiss|304\/374|[from] item: Leftovers
|turn|7
|
|move|p2a: Togekiss|Thunder Wave|p1a: Bisharp
|-status|p1a: Bisharp|par
|cant|p1a: Bisharp|par
|
|-heal|p2a: Togekiss|327\/374|[from] item: Leftovers
|turn|8
|
|move|p2a: Togekiss|Air Slash|p1a: Bisharp
|-resisted|p1a: Bisharp
|-damage|p1a: Bisharp|220\/289 par
|move|p1a: Bisharp|Iron Head|p2a: Togekiss
|-supereffective|p2a: Togekiss
|-damage|p2a: Togekiss|0 fnt
|-damage|p1a: Bisharp|192\/289 par|[from] item: Life Orb
|faint|p2a: Togekiss
|
|
|switch|p2a: Superior Rhyp|Rhyperior, M, shiny|434\/434
|turn|9
|c|âG0tagofast|rock polish rhyperior?
|
|move|p2a: Superior Rhyp|Earthquake|p1a: Bisharp
|-supereffective|p1a: Bisharp
|-damage|p1a: Bisharp|0 fnt
|faint|p1a: Bisharp
|
|c|âNagariNewMeta|who knows?
|
|switch|p1a: Serperior|Serperior, M|291\/291
|turn|10
|c|âNagariNewMeta|how do you remember that?
|c|âG0tagofast|I suppose
|
|switch|p2a: Rachi|Jirachi|404\/404
|move|p1a: Serperior|Leaf Storm|p2a: Rachi|[miss]
|-miss|p1a: Serperior|p2a: Rachi
|
|turn|11
|
|move|p1a: Serperior|Knock Off|p2a: Rachi
|-supereffective|p2a: Rachi
|-damage|p2a: Rachi|296\/404
|-enditem|p2a: Rachi|Leftovers|[from] move: Knock Off|[of] p1a: Serperior
|move|p2a: Rachi|Toxic|p1a: Serperior
|-status|p1a: Serperior|tox
|
|-damage|p1a: Serperior|273\/291 tox|[from] psn
|turn|12
|
|switch|p1a: Volcarona|Volcarona, F|329\/329
|move|p2a: Rachi|Stealth Rock|p1a: Volcarona
|-sidestart|p1: G0tagofast|move: Stealth Rock
|
|turn|13
|
|switch|p2a: Zard X|Charizard-Mega-X, M|226\/315
|move|p1a: Volcarona|Quiver Dance|p1a: Volcarona
|-boost|p1a: Volcarona|spa|1
|-boost|p1a: Volcarona|spd|1
|-boost|p1a: Volcarona|spe|1
|
|turn|14
|c|âG0tagofast|yeah
|c|âNagariNewMeta|dont hp ground
|c|âNagariNewMeta|plz
|
|move|p1a: Volcarona|Hidden Power|p2a: Zard X
|-supereffective|p2a: Zard X
|-damage|p2a: Zard X|0 fnt
|-damage|p1a: Volcarona|297\/329|[from] item: Life Orb
|faint|p2a: Zard X
|
|-message|NagariNewMeta forfeited.
|c|âG0tagofast|sorry ;(
|c|âNagariNewMeta|lol
|
|win|G0tagofast
|raw|Ladder updating...
|raw|G0tagofast's rating: 1692 &rarr; <strong>1707<\/strong><br \/>(+15 for winning)
|raw|NagariNewMeta's rating: 1594 &rarr; <strong>1580<\/strong><br \/>(-14 for losing)
|leave|NagariNewMeta