|join|G0tagofast
|join|StevenMilfhunter
|player|p1|G0tagofast|169
|player|p2|StevenMilfhunter|170
|gametype|singles
|gen|6
|tier|OU
|rated
|clearpoke
|poke|p1|Diancie
|poke|p1|Volcarona, F
|poke|p1|Latios, M
|poke|p1|Bisharp, M
|poke|p1|Skarmory, M
|poke|p1|Gengar, F
|poke|p2|Excadrill, M
|poke|p2|Talonflame, M
|poke|p2|Manaphy
|poke|p2|Clefable, M
|poke|p2|Sableye, F
|poke|p2|Gliscor, F
|rule|Swagger Clause: Swagger is banned
|rule|Baton Pass Clause: Limit one PokÃ©mon knowing Baton Pass
|rule|Sleep Clause Mod: Limit one foe put to sleep
|rule|Species Clause: Limit one of each PokÃ©mon
|rule|OHKO Clause: OHKO moves are banned
|rule|Moody Clause: Moody is banned
|rule|Evasion Moves Clause: Evasion moves are banned
|rule|Endless Battle Clause: Forcing endless battles is banned
|rule|HP Percentage Mod: HP is shown in percentages
|teampreview
|
|start
|switch|p1a: Volcarona|Volcarona, F|329\/329
|switch|p2a: Excadrill|Excadrill, M|423\/423
|-ability|p2a: Excadrill|Mold Breaker
|turn|1
|
|switch|p2a: Talonflame|Talonflame, M|345\/345
|move|p1a: Volcarona|Fire Blast|p2a: Talonflame
|-resisted|p2a: Talonflame
|-damage|p2a: Talonflame|184\/345
|-damage|p1a: Volcarona|297\/329|[from] item: Life Orb
|
|-heal|p2a: Talonflame|205\/345|[from] item: Leftovers
|turn|2
|
|switch|p1a: Diancie|Diancie|241\/241
|move|p2a: Talonflame|Brave Bird|p1a: Diancie
|-resisted|p1a: Diancie
|-damage|p1a: Diancie|175\/241
|-damage|p2a: Talonflame|183\/345|[from] recoil|[of] p1a: Diancie
|
|-heal|p2a: Talonflame|204\/345|[from] item: Leftovers
|turn|3
|
|switch|p2a: Excadrill|Excadrill, M|423\/423
|-ability|p2a: Excadrill|Mold Breaker
|detailschange|p1a: Diancie|Diancie-Mega
|-mega|p1a: Diancie|Diancie|Diancite
|move|p1a: Diancie|Hidden Power|p2a: Excadrill
|-supereffective|p2a: Excadrill
|-damage|p2a: Excadrill|261\/423
|
|-heal|p2a: Excadrill|287\/423|[from] item: Leftovers
|turn|4
|
|switch|p1a: Skarmory|Skarmory, M|271\/271
|switch|p2a: Sableye|Sableye, F|303\/303
|
|turn|5
|
|switch|p1a: Diancie|Diancie-Mega|175\/241
|detailschange|p2a: Sableye|Sableye-Mega, F
|-mega|p2a: Sableye|Sableye|Sablenite
|move|p2a: Sableye|Knock Off|p1a: Diancie
|-resisted|p1a: Diancie
|-damage|p1a: Diancie|142\/241
|
|turn|6
|
|switch|p2a: Manaphy|Manaphy|403\/403
|move|p1a: Diancie|Moonblast|p2a: Manaphy
|-damage|p2a: Manaphy|238\/403
|
|-heal|p2a: Manaphy|263\/403|[from] item: Leftovers
|turn|7
|
|switch|p1a: Latios|Latios, M|301\/301
|move|p2a: Manaphy|Scald|p1a: Latios
|-resisted|p1a: Latios
|-damage|p1a: Latios|253\/301
|
|-heal|p2a: Manaphy|288\/403|[from] item: Leftovers
|turn|8
|
|switch|p2a: Clefable|Clefable, M|393\/393
|move|p1a: Latios|Draco Meteor|p2a: Clefable
|-immune|p2a: Clefable|[msg]
|
|turn|9
|
|switch|p1a: Gengar|Gengar, F|261\/261
|move|p2a: Clefable|Moonblast|p1a: Gengar
|-resisted|p1a: Gengar
|-damage|p1a: Gengar|192\/261
|
|turn|10
|
|move|p1a: Gengar|Sludge Wave|p2a: Clefable
|-supereffective|p2a: Clefable
|-damage|p2a: Clefable|127\/393
|move|p2a: Clefable|Moonblast|p1a: Gengar
|-resisted|p1a: Gengar
|-damage|p1a: Gengar|121\/261
|
|-heal|p2a: Clefable|151\/393|[from] item: Leftovers
|turn|11
|
|move|p1a: Gengar|Sludge Wave|p2a: Clefable
|-supereffective|p2a: Clefable
|-damage|p2a: Clefable|0 fnt
|faint|p2a: Clefable
|
|
|switch|p2a: Talonflame|Talonflame, M|204\/345
|turn|12
|
|move|p2a: Talonflame|Brave Bird|p1a: Gengar
|-damage|p1a: Gengar|0 fnt
|-damage|p2a: Talonflame|164\/345|[from] recoil|[of] p1a: Gengar
|faint|p1a: Gengar
|
|-heal|p2a: Talonflame|185\/345|[from] item: Leftovers
|
|switch|p1a: Diancie|Diancie-Mega|142\/241
|turn|13
|
|switch|p2a: Excadrill|Excadrill, M|287\/423
|-ability|p2a: Excadrill|Mold Breaker
|move|p1a: Diancie|Diamond Storm|p2a: Excadrill
|-crit|p2a: Excadrill
|-resisted|p2a: Excadrill
|-damage|p2a: Excadrill|181\/423
|-boost|p1a: Diancie|def|1
|
|-heal|p2a: Excadrill|207\/423|[from] item: Leftovers
|turn|14
|
|move|p1a: Diancie|Hidden Power|p2a: Excadrill
|-supereffective|p2a: Excadrill
|-damage|p2a: Excadrill|37\/423
|move|p2a: Excadrill|Iron Head|p1a: Diancie
|-supereffective|p1a: Diancie
|-damage|p1a: Diancie|0 fnt
|faint|p1a: Diancie
|
|-heal|p2a: Excadrill|63\/423|[from] item: Leftovers
|
|switch|p1a: Latios|Latios, M|253\/301
|turn|15
|
|move|p1a: Latios|Earthquake|p2a: Excadrill
|-supereffective|p2a: Excadrill
|-damage|p2a: Excadrill|0 fnt
|-damage|p1a: Latios|223\/301|[from] item: Life Orb
|faint|p2a: Excadrill
|
|
|switch|p2a: Sableye|Sableye-Mega, F|303\/303
|turn|16
|
|move|p1a: Latios|Draco Meteor|p2a: Sableye
|-damage|p2a: Sableye|18\/303
|-unboost|p1a: Latios|spa|2
|-damage|p1a: Latios|193\/301|[from] item: Life Orb
|move|p2a: Sableye|Recover|p2a: Sableye
|-heal|p2a: Sableye|170\/303
|
|turn|17
|
|switch|p1a: Volcarona|Volcarona, F|297\/329
|switch|p2a: Manaphy|Manaphy|288\/403
|
|-heal|p2a: Manaphy|313\/403|[from] item: Leftovers
|turn|18
|
|move|p1a: Volcarona|Giga Drain|p2a: Manaphy
|-supereffective|p2a: Manaphy
|-damage|p2a: Manaphy|144\/403
|-heal|p1a: Volcarona|329\/329|[from] drain|[of] p2a: Manaphy
|-damage|p1a: Volcarona|297\/329|[from] item: Life Orb
|move|p2a: Manaphy|U-turn|p1a: Volcarona
|-resisted|p1a: Volcarona
|-damage|p1a: Volcarona|261\/329
|
|switch|p2a: Talonflame|Talonflame, M|185\/345
|
|-heal|p2a: Talonflame|206\/345|[from] item: Leftovers
|turn|19
|
|switch|p1a: Skarmory|Skarmory, M|271\/271
|move|p2a: Talonflame|Brave Bird|p1a: Skarmory
|-crit|p1a: Skarmory
|-resisted|p1a: Skarmory
|-damage|p1a: Skarmory|181\/271
|-damage|p2a: Talonflame|176\/345|[from] recoil|[of] p1a: Skarmory
|
|-heal|p2a: Talonflame|197\/345|[from] item: Leftovers
|turn|20
|
|move|p2a: Talonflame|Will-O-Wisp|p1a: Skarmory
|-status|p1a: Skarmory|brn
|move|p1a: Skarmory|Taunt|p2a: Talonflame
|-start|p2a: Talonflame|move: Taunt
|
|-heal|p2a: Talonflame|218\/345|[from] item: Leftovers
|-damage|p1a: Skarmory|148\/271 brn|[from] brn
|turn|21
|
|switch|p2a: Sableye|Sableye-Mega, F|170\/303
|switch|p1a: Bisharp|Bisharp, M|289\/289
|
|turn|22
|
|move|p1a: Bisharp|Iron Head|p2a: Sableye
|-damage|p2a: Sableye|40\/303
|-damage|p1a: Bisharp|261\/289|[from] item: Life Orb
|move|p2a: Sableye|Recover|p2a: Sableye
|-heal|p2a: Sableye|192\/303
|
|turn|23
|
|switch|p1a: Volcarona|Volcarona, F|261\/329
|move|p2a: Sableye|Will-O-Wisp|p1a: Volcarona
|-fail|p1a: Volcarona
|
|turn|24
|
|switch|p2a: Manaphy|Manaphy|144\/403
|move|p1a: Volcarona|Fire Blast|p2a: Manaphy
|-resisted|p2a: Manaphy
|-damage|p2a: Manaphy|58\/403
|-damage|p1a: Volcarona|229\/329|[from] item: Life Orb
|
|-heal|p2a: Manaphy|83\/403|[from] item: Leftovers
|turn|25
|
|switch|p2a: Talonflame|Talonflame, M|218\/345
|move|p1a: Volcarona|Giga Drain|p2a: Talonflame
|-resisted|p2a: Talonflame
|-damage|p2a: Talonflame|182\/345
|-heal|p1a: Volcarona|247\/329|[from] drain|[of] p2a: Talonflame
|-damage|p1a: Volcarona|215\/329|[from] item: Life Orb
|
|-heal|p2a: Talonflame|203\/345|[from] item: Leftovers
|turn|26
|
|switch|p1a: Skarmory|Skarmory, M|148\/271 brn
|move|p2a: Talonflame|Brave Bird|p1a: Skarmory
|-resisted|p1a: Skarmory
|-damage|p1a: Skarmory|88\/271 brn
|-damage|p2a: Talonflame|183\/345|[from] recoil|[of] p1a: Skarmory
|
|-heal|p2a: Talonflame|204\/345|[from] item: Leftovers
|-damage|p1a: Skarmory|55\/271 brn|[from] brn
|-enditem|p1a: Skarmory|Salac Berry|[eat]
|-boost|p1a: Skarmory|spe|1|[from] item: Salac Berry
|turn|27
|
|switch|p2a: Sableye|Sableye-Mega, F|192\/303
|move|p1a: Skarmory|Brave Bird|p2a: Sableye
|-damage|p2a: Sableye|143\/303
|-damage|p1a: Skarmory|39\/271 brn|[from] recoil|[of] p2a: Sableye
|
|-damage|p1a: Skarmory|6\/271 brn|[from] brn
|turn|28
|
|switch|p1a: Volcarona|Volcarona, F|215\/329
|move|p2a: Sableye|Recover|p2a: Sableye
|-heal|p2a: Sableye|295\/303
|
|turn|29
|
|switch|p2a: Manaphy|Manaphy|83\/403
|move|p1a: Volcarona|Giga Drain|p2a: Manaphy
|-supereffective|p2a: Manaphy
|-damage|p2a: Manaphy|0 fnt
|-heal|p1a: Volcarona|257\/329|[from] drain|[of] p2a: Manaphy
|-damage|p1a: Volcarona|225\/329|[from] item: Life Orb
|faint|p2a: Manaphy
|
|
|switch|p2a: Talonflame|Talonflame, M|204\/345
|turn|30
|
|move|p2a: Talonflame|Roost|p2a: Talonflame
|-heal|p2a: Talonflame|345\/345
|move|p1a: Volcarona|Hidden Power|p2a: Talonflame
|-supereffective|p2a: Talonflame
|-damage|p2a: Talonflame|85\/345
|-damage|p1a: Volcarona|193\/329|[from] item: Life Orb
|
|-heal|p2a: Talonflame|106\/345|[from] item: Leftovers
|turn|31
|
|switch|p1a: Skarmory|Skarmory, M|6\/271 brn
|move|p2a: Talonflame|Brave Bird|p1a: Skarmory
|-resisted|p1a: Skarmory
|-damage|p1a: Skarmory|0 fnt
|-damage|p2a: Talonflame|104\/345|[from] recoil|[of] p1a: Skarmory
|faint|p1a: Skarmory
|
|-heal|p2a: Talonflame|125\/345|[from] item: Leftovers
|
|switch|p1a: Bisharp|Bisharp, M|261\/289
|turn|32
|
|move|p1a: Bisharp|Pursuit|p2a: Talonflame|[from]Pursuit
|-damage|p2a: Talonflame|0 fnt
|-damage|p1a: Bisharp|233\/289|[from] item: Life Orb
|faint|p2a: Talonflame
|
|
|switch|p2a: Gliscor|Gliscor, F|353\/353
|turn|33
|c|âG0tagofast|finally that shit is dead
|
|move|p2a: Gliscor|Stealth Rock|p1a: Bisharp
|-sidestart|p1: G0tagofast|move: Stealth Rock
|move|p1a: Bisharp|Knock Off|p2a: Gliscor
|-damage|p2a: Gliscor|197\/353
|-enditem|p2a: Gliscor|Toxic Orb|[from] move: Knock Off|[of] p1a: Bisharp
|-damage|p1a: Bisharp|205\/289|[from] item: Life Orb
|
|turn|34
|
|switch|p1a: Latios|Latios, M|193\/301
|-damage|p1a: Latios|156\/301|[from] Stealth Rock
|move|p2a: Gliscor|Earthquake|p1a: Latios
|-immune|p1a: Latios|[msg]
|
|turn|35
|
|move|p1a: Latios|Draco Meteor|p2a: Gliscor
|-damage|p2a: Gliscor|0 fnt
|-unboost|p1a: Latios|spa|2
|-damage|p1a: Latios|126\/301|[from] item: Life Orb
|faint|p2a: Gliscor
|
|
|switch|p2a: Sableye|Sableye-Mega, F|295\/303
|turn|36
|
|switch|p1a: Bisharp|Bisharp, M|205\/289
|-damage|p1a: Bisharp|187\/289|[from] Stealth Rock
|move|p2a: Sableye|Knock Off|p1a: Bisharp
|-resisted|p1a: Bisharp
|-damage|p1a: Bisharp|136\/289
|-enditem|p1a: Bisharp|Life Orb|[from] move: Knock Off|[of] p2a: Sableye
|
|turn|37
|
|move|p1a: Bisharp|Iron Head|p2a: Sableye
|-damage|p2a: Sableye|199\/303
|move|p2a: Sableye|Will-O-Wisp|p1a: Bisharp
|-status|p1a: Bisharp|brn
|
|-damage|p1a: Bisharp|100\/289 brn|[from] brn
|turn|38
|
|move|p1a: Bisharp|Iron Head|p2a: Sableye
|-damage|p2a: Sableye|151\/303
|cant|p2a: Sableye|flinch
|
|-damage|p1a: Bisharp|64\/289 brn|[from] brn
|turn|39
|
|move|p1a: Bisharp|Iron Head|p2a: Sableye
|-damage|p2a: Sableye|106\/303
|cant|p2a: Sableye|flinch
|
|-damage|p1a: Bisharp|28\/289 brn|[from] brn
|turn|40
|
|move|p1a: Bisharp|Iron Head|p2a: Sableye
|-damage|p2a: Sableye|58\/303
|cant|p2a: Sableye|flinch
|
|-damage|p1a: Bisharp|0 fnt|[from] brn
|faint|p1a: Bisharp
|c|âStevenMilfhunter|lol new jirachi
|
|switch|p1a: Volcarona|Volcarona, F|193\/329
|-damage|p1a: Volcarona|29\/329|[from] Stealth Rock
|turn|41
|c|âG0tagofast|yeah lol
|
|move|p1a: Volcarona|Giga Drain|p2a: Sableye
|-damage|p2a: Sableye|0 fnt
|-heal|p1a: Volcarona|58\/329|[from] drain|[of] p2a: Sableye
|-damage|p1a: Volcarona|26\/329|[from] item: Life Orb
|faint|p2a: Sableye
|
|win|G0tagofast
|raw|Ladder updating...
|raw|G0tagofast's rating: 1664 &rarr; <strong>1679<\/strong><br \/>(+15 for winning)
|raw|StevenMilfhunter's rating: 1565 &rarr; <strong>1551<\/strong><br \/>(-14 for losing)
|c|âG0tagofast|gg
|c|âStevenMilfhunter|gg