|join|TheKingHax
|join|G0tagofast
|player|p1|TheKingHax|170
|player|p2|G0tagofast|1
|gametype|singles
|gen|6
|tier|OU
|rated
|clearpoke
|poke|p1|Sableye, F
|poke|p1|Jirachi
|poke|p1|Latios, M
|poke|p1|Heatran, M, shiny
|poke|p1|Landorus-Therian, M
|poke|p1|Rotom-Wash
|poke|p2|Serperior, F
|poke|p2|Gyarados, M
|poke|p2|Zygarde
|poke|p2|Latias, F
|poke|p2|Heatran, F
|poke|p2|Rotom-Wash
|rule|Swagger Clause: Swagger is banned
|rule|Baton Pass Clause: Limit one PokÃ©mon knowing Baton Pass
|rule|Sleep Clause Mod: Limit one foe put to sleep
|rule|Species Clause: Limit one of each PokÃ©mon
|rule|OHKO Clause: OHKO moves are banned
|rule|Moody Clause: Moody is banned
|rule|Evasion Moves Clause: Evasion moves are banned
|rule|Endless Battle Clause: Forcing endless battles is banned
|rule|HP Percentage Mod: HP is shown in percentages
|teampreview
|
|start
|switch|p1a: Death The Kid|Sableye, F|301\/301
|switch|p2a: Rotom-Wash|Rotom-Wash|304\/304
|turn|1
|
|detailschange|p1a: Death The Kid|Sableye-Mega, F
|-mega|p1a: Death The Kid|Sableye|Sablenite
|move|p2a: Rotom-Wash|Volt Switch|p1a: Death The Kid
|-damage|p1a: Death The Kid|225\/301
|
|switch|p2a: Heatran|Heatran, F|323\/323
|-item|p2a: Heatran|Air Balloon
|move|p1a: Death The Kid|Calm Mind|p1a: Death The Kid
|-boost|p1a: Death The Kid|spa|1
|-boost|p1a: Death The Kid|spd|1
|
|turn|2
|
|move|p2a: Heatran|Magma Storm|p1a: Death The Kid
|-damage|p1a: Death The Kid|122\/301
|-activate|p1a: Death The Kid|move: Magma Storm|[of] p2a: Heatran
|move|p1a: Death The Kid|Calm Mind|p1a: Death The Kid
|-boost|p1a: Death The Kid|spa|1
|-boost|p1a: Death The Kid|spd|1
|
|-damage|p1a: Death The Kid|85\/301|[from] move: Magma Storm|[partiallytrapped]
|turn|3
|
|move|p2a: Heatran|Magma Storm|p1a: Death The Kid|[miss]
|-miss|p2a: Heatran|p1a: Death The Kid
|move|p1a: Death The Kid|Recover|p1a: Death The Kid
|-heal|p1a: Death The Kid|236\/301
|
|-damage|p1a: Death The Kid|199\/301|[from] move: Magma Storm|[partiallytrapped]
|turn|4
|
|move|p2a: Heatran|Magma Storm|p1a: Death The Kid
|-damage|p1a: Death The Kid|121\/301
|move|p1a: Death The Kid|Calm Mind|p1a: Death The Kid
|-boost|p1a: Death The Kid|spa|1
|-boost|p1a: Death The Kid|spd|1
|
|-damage|p1a: Death The Kid|84\/301|[from] move: Magma Storm|[partiallytrapped]
|turn|5
|
|switch|p2a: Gyarados|Gyarados, M|331\/331
|-ability|p2a: Gyarados|Intimidate|[of] p1a: Death The Kid
|-unboost|p1a: Death The Kid|atk|1
|move|p1a: Death The Kid|Recover|p1a: Death The Kid
|-heal|p1a: Death The Kid|235\/301
|
|-end|p1a: Death The Kid|Magma Storm|[partiallytrapped]
|turn|6
|
|detailschange|p2a: Gyarados|Gyarados-Mega, M
|-mega|p2a: Gyarados|Gyarados|Gyaradosite
|-ability|p2a: Gyarados|Mold Breaker
|move|p2a: Gyarados|Taunt|p1a: Death The Kid
|-start|p1a: Death The Kid|move: Taunt
|move|p1a: Death The Kid|Dark Pulse|p2a: Gyarados
|-resisted|p2a: Gyarados
|-damage|p2a: Gyarados|256\/331
|
|turn|7
|
|move|p2a: Gyarados|Dragon Dance|p2a: Gyarados
|-boost|p2a: Gyarados|atk|1
|-boost|p2a: Gyarados|spe|1
|move|p1a: Death The Kid|Dark Pulse|p2a: Gyarados
|-resisted|p2a: Gyarados
|-damage|p2a: Gyarados|169\/331
|
|turn|8
|
|move|p2a: Gyarados|Dragon Dance|p2a: Gyarados
|-boost|p2a: Gyarados|atk|1
|-boost|p2a: Gyarados|spe|1
|move|p1a: Death The Kid|Dark Pulse|p2a: Gyarados
|-resisted|p2a: Gyarados
|-damage|p2a: Gyarados|88\/331
|
|-end|p1a: Death The Kid|move: Taunt
|turn|9
|
|move|p2a: Gyarados|Waterfall|p1a: Death The Kid
|-damage|p1a: Death The Kid|24\/301
|move|p1a: Death The Kid|Dark Pulse|p2a: Gyarados
|-resisted|p2a: Gyarados
|-damage|p2a: Gyarados|4\/331
|
|turn|10
|
|move|p2a: Gyarados|Waterfall|p1a: Death The Kid
|-damage|p1a: Death The Kid|0 fnt
|faint|p1a: Death The Kid
|
|
|switch|p1a: 7.8 out of 10|Rotom-Wash|304\/304
|turn|11
|
|switch|p2a: Latias|Latias, F|301\/301
|move|p1a: 7.8 out of 10|Volt Switch|p2a: Latias
|-resisted|p2a: Latias
|-damage|p2a: Latias|264\/301
|
|switch|p1a: Based God|Landorus-Therian, M|319\/319
|-ability|p1a: Based God|Intimidate|[of] p2a: Latias
|-unboost|p2a: Latias|atk|1
|
|turn|12
|c|âTheKingHax|lol u noob
|
|switch|p2a: Rotom-Wash|Rotom-Wash|304\/304
|move|p1a: Based God|Knock Off|p2a: Rotom-Wash
|-damage|p2a: Rotom-Wash|218\/304
|-enditem|p2a: Rotom-Wash|Leftovers|[from] move: Knock Off|[of] p1a: Based God
|
|turn|13
|c|âG0tagofast|Lol faka im better than u
|
|switch|p1a: 7.8 out of 10|Rotom-Wash|304\/304
|move|p2a: Rotom-Wash|Volt Switch|p1a: 7.8 out of 10
|-damage|p1a: 7.8 out of 10|216\/304
|
|switch|p2a: Serperior|Serperior, F|291\/291
|
|-heal|p1a: 7.8 out of 10|235\/304|[from] item: Leftovers
|turn|14
|c|âTheKingHax|nah ya just facknin sanic
|
|switch|p2a: Latias|Latias, F|264\/301
|move|p1a: 7.8 out of 10|Will-O-Wisp|p2a: Latias
|-status|p2a: Latias|brn
|
|-heal|p1a: 7.8 out of 10|254\/304|[from] item: Leftovers
|-damage|p2a: Latias|227\/301 brn|[from] brn
|turn|15
|
|switch|p1a: Ranger|Heatran, M, shiny|386\/386
|move|p2a: Latias|Draco Meteor|p1a: Ranger
|-resisted|p1a: Ranger
|-damage|p1a: Ranger|296\/386
|-unboost|p2a: Latias|spa|2
|-damage|p2a: Latias|197\/301 brn|[from] item: Life Orb
|
|-heal|p1a: Ranger|320\/386|[from] item: Leftovers
|-damage|p2a: Latias|160\/301 brn|[from] brn
|turn|16
|c|âG0tagofast|nah idiot im better than u im gonna rape ur team and ur morhter
|c|âTheKingHax|lal
|
|move|p2a: Latias|Earthquake|p1a: Ranger
|-supereffective|p1a: Ranger
|-damage|p1a: Ranger|164\/386
|-damage|p2a: Latias|130\/301 brn|[from] item: Life Orb
|move|p1a: Ranger|Stealth Rock|p2a: Latias
|-sidestart|p2: G0tagofast|move: Stealth Rock
|
|-heal|p1a: Ranger|188\/386|[from] item: Leftovers
|-damage|p2a: Latias|93\/301 brn|[from] brn
|turn|17
|c|âTheKingHax|go play sanic you faggit
|c|âTheKingHax|wow legit shit eartquake on a latias
|
|move|p2a: Latias|Healing Wish|p2a: Latias
|faint|p2a: Latias
|move|p1a: Ranger|Lava Plume|p2: Latias|[notarget]
|-notarget
|
|-heal|p1a: Ranger|212\/386|[from] item: Leftovers
|c|âG0tagofast|Im going to playy with ur mada pussy
|c|âTheKingHax|wazaaaaaaaaaaaaaaaaaap
|
|switch|p2a: Gyarados|Gyarados-Mega, M|4\/331
|-heal|p2a: Gyarados|331\/331|[from] move: Healing Wish
|-damage|p2a: Gyarados|290\/331|[from] Stealth Rock
|-ability|p2a: Gyarados|Mold Breaker
|turn|18
|
|move|p2a: Gyarados|Waterfall|p1a: Ranger
|-supereffective|p1a: Ranger
|-damage|p1a: Ranger|0 fnt
|faint|p1a: Ranger
|
|c|âG0tagofast|lol idiot
|
|switch|p1a: Based God|Landorus-Therian, M|319\/319
|-ability|p1a: Based God|Intimidate|[of] p2a: Gyarados
|-unboost|p2a: Gyarados|atk|1
|turn|19
|
|switch|p2a: Rotom-Wash|Rotom-Wash|218\/304
|-damage|p2a: Rotom-Wash|180\/304|[from] Stealth Rock
|move|p1a: Based God|U-turn|p2a: Rotom-Wash
|-damage|p2a: Rotom-Wash|119\/304
|
|switch|p1a: Mystogan|Latios, M|301\/301
|
|turn|20
|
|move|p1a: Mystogan|Draco Meteor|p2a: Rotom-Wash
|-damage|p2a: Rotom-Wash|0 fnt
|-unboost|p1a: Mystogan|spa|2
|-damage|p1a: Mystogan|271\/301|[from] item: Life Orb
|faint|p2a: Rotom-Wash
|
|c|âTheKingHax|waaaazaaaaaaauuuuaaaaauuuaaap
|c|âG0tagofast|lol i dont care now i  can set up u stupid noob
|c|âTheKingHax|wazzaaaaaaaaap
|
|switch|p2a: Serperior|Serperior, F|291\/291
|-damage|p2a: Serperior|255\/291|[from] Stealth Rock
|turn|21
|
|switch|p1a: Humunculi|Jirachi|404\/404
|move|p2a: Serperior|Leaf Storm|p1a: Humunculi
|-resisted|p1a: Humunculi
|-damage|p1a: Humunculi|305\/404
|-boost|p2a: Serperior|spa|2
|-damage|p2a: Serperior|226\/291|[from] item: Life Orb
|
|-heal|p1a: Humunculi|330\/404|[from] item: Leftovers
|turn|22
|
|move|p2a: Serperior|Hidden Power|p1a: Humunculi
|-supereffective|p1a: Humunculi
|-damage|p1a: Humunculi|65\/404
|-damage|p2a: Serperior|197\/291|[from] item: Life Orb
|move|p1a: Humunculi|Fire Punch|p2a: Serperior
|-supereffective|p2a: Serperior
|-damage|p2a: Serperior|43\/291
|
|-heal|p1a: Humunculi|90\/404|[from] item: Leftovers
|turn|23
|
|move|p2a: Serperior|Hidden Power|p1a: Humunculi
|-supereffective|p1a: Humunculi
|-damage|p1a: Humunculi|0 fnt
|-damage|p2a: Serperior|14\/291|[from] item: Life Orb
|faint|p1a: Humunculi
|
|
|switch|p1a: Based God|Landorus-Therian, M|319\/319
|-ability|p1a: Based God|Intimidate|[of] p2a: Serperior
|-boost|p2a: Serperior|atk|1
|turn|24
|
|move|p1a: Based God|U-turn|p2a: Serperior
|-supereffective|p2a: Serperior
|-damage|p2a: Serperior|0 fnt
|faint|p2a: Serperior
|
|switch|p1a: Mystogan|Latios, M|271\/301
|
|
|switch|p2a: Heatran|Heatran, F|323\/323
|-damage|p2a: Heatran|283\/323|[from] Stealth Rock
|-item|p2a: Heatran|Air Balloon
|turn|25
|
|move|p1a: Mystogan|Psyshock|p2a: Heatran
|-crit|p2a: Heatran
|-resisted|p2a: Heatran
|-damage|p2a: Heatran|153\/323
|-enditem|p2a: Heatran|Air Balloon
|-damage|p1a: Mystogan|241\/301|[from] item: Life Orb
|move|p2a: Heatran|Stealth Rock|p1a: Mystogan
|-sidestart|p1: TheKingHax|move: Stealth Rock
|
|turn|26
|
|move|p1a: Mystogan|Psyshock|p2a: Heatran
|-resisted|p2a: Heatran
|-damage|p2a: Heatran|59\/323
|-damage|p1a: Mystogan|211\/301|[from] item: Life Orb
|move|p2a: Heatran|Magma Storm|p1a: Mystogan
|-resisted|p1a: Mystogan
|-damage|p1a: Mystogan|124\/301
|-activate|p1a: Mystogan|move: Magma Storm|[of] p2a: Heatran
|
|-damage|p1a: Mystogan|87\/301|[from] move: Magma Storm|[partiallytrapped]
|turn|27
|
|move|p1a: Mystogan|Psyshock|p2a: Heatran
|-crit|p2a: Heatran
|-resisted|p2a: Heatran
|-damage|p2a: Heatran|0 fnt
|-damage|p1a: Mystogan|57\/301|[from] item: Life Orb
|faint|p2a: Heatran
|
|-end|p1a: Mystogan|Magma Storm|[partiallytrapped]
|
|switch|p2a: Zygarde|Zygarde|417\/417
|-damage|p2a: Zygarde|391\/417|[from] Stealth Rock
|-ability|p2a: Zygarde|Aura Break
|turn|28
|
|move|p2a: Zygarde|Extreme Speed|p1a: Mystogan
|-damage|p1a: Mystogan|0 fnt
|faint|p1a: Mystogan
|
|-heal|p2a: Zygarde|417\/417|[from] item: Leftovers
|c|âG0tagofast|u noob getrekt
|
|switch|p1a: 7.8 out of 10|Rotom-Wash|254\/304
|-damage|p1a: 7.8 out of 10|216\/304|[from] Stealth Rock
|turn|29
|
|move|p2a: Zygarde|Substitute|p2a: Zygarde
|-start|p2a: Zygarde|Substitute
|-damage|p2a: Zygarde|313\/417
|move|p1a: 7.8 out of 10|Will-O-Wisp|p2a: Zygarde|[miss]
|-miss|p1a: 7.8 out of 10|p2a: Zygarde
|
|-heal|p2a: Zygarde|339\/417|[from] item: Leftovers
|-heal|p1a: 7.8 out of 10|235\/304|[from] item: Leftovers
|turn|30
|c|âTheKingHax|u get rekt u fukin zygarde fanboy lover pizza shit
|
|move|p2a: Zygarde|Coil|p2a: Zygarde
|-boost|p2a: Zygarde|atk|1
|-boost|p2a: Zygarde|def|1
|-boost|p2a: Zygarde|accuracy|1
|move|p1a: 7.8 out of 10|Hydro Pump|p2a: Zygarde
|-end|p2a: Zygarde|Substitute
|
|-heal|p2a: Zygarde|365\/417|[from] item: Leftovers
|-heal|p1a: 7.8 out of 10|254\/304|[from] item: Leftovers
|turn|31
|c|âTheKingHax|go take it on the ass from ur zygarde u faggit
|c|âG0tagofast|hahahaha u are angry
|
|move|p2a: Zygarde|Substitute|p2a: Zygarde
|-start|p2a: Zygarde|Substitute
|-damage|p2a: Zygarde|261\/417
|move|p1a: 7.8 out of 10|Hydro Pump|p2a: Zygarde
|-end|p2a: Zygarde|Substitute
|
|-heal|p2a: Zygarde|287\/417|[from] item: Leftovers
|-heal|p1a: 7.8 out of 10|273\/304|[from] item: Leftovers
|turn|32
|
|move|p2a: Zygarde|Substitute|p2a: Zygarde
|-start|p2a: Zygarde|Substitute
|-damage|p2a: Zygarde|183\/417
|move|p1a: 7.8 out of 10|Hydro Pump|p2a: Zygarde
|-end|p2a: Zygarde|Substitute
|
|-heal|p2a: Zygarde|209\/417|[from] item: Leftovers
|-heal|p1a: 7.8 out of 10|292\/304|[from] item: Leftovers
|turn|33
|
|move|p1a: 7.8 out of 10|Hydro Pump|p2a: Zygarde
|-damage|p2a: Zygarde|35\/417
|move|p2a: Zygarde|Dragon Tail|p1a: 7.8 out of 10
|-damage|p1a: 7.8 out of 10|168\/304
|drag|p1a: Based God|Landorus-Therian, M|319\/319
|-damage|p1a: Based God|280\/319|[from] Stealth Rock
|-ability|p1a: Based God|Intimidate|[of] p2a: Zygarde
|-unboost|p2a: Zygarde|atk|1
|
|-heal|p2a: Zygarde|61\/417|[from] item: Leftovers
|turn|34
|
|move|p2a: Zygarde|Extreme Speed|p1a: Based God
|-damage|p1a: Based God|182\/319
|move|p1a: Based God|Earthquake|p2a: Zygarde
|-damage|p2a: Zygarde|0 fnt
|faint|p2a: Zygarde
|
|
|switch|p2a: Gyarados|Gyarados-Mega, M|290\/331
|-damage|p2a: Gyarados|249\/331|[from] Stealth Rock
|-ability|p2a: Gyarados|Mold Breaker
|turn|35
|c|âTheKingHax|gg ya fuckan noob poopyhead fanboy
|
|move|p1a: Based God|Earthquake|p2a: Gyarados
|-damage|p2a: Gyarados|54\/331
|move|p2a: Gyarados|Waterfall|p1a: Based God
|-supereffective|p1a: Based God
|-damage|p1a: Based God|0 fnt
|faint|p1a: Based God
|
|
|switch|p1a: 7.8 out of 10|Rotom-Wash|168\/304
|-damage|p1a: 7.8 out of 10|130\/304|[from] Stealth Rock
|turn|36
|c|âG0tagofast|U noob get rekt
|
|move|p2a: Gyarados|Crunch|p1a: 7.8 out of 10
|-damage|p1a: 7.8 out of 10|0 fnt
|faint|p1a: 7.8 out of 10
|
|win|G0tagofast
|raw|Ladder updating...
|c|âG0tagofast|hahahhaa stupid
|raw|TheKingHax's rating: 1454 &rarr; <strong>1431<\/strong><br \/>(-23 for losing)
|raw|G0tagofast's rating: 1400 &rarr; <strong>1423<\/strong><br \/>(+23 for winning)
|c|âG0tagofast|Ur idiot
|c|âG0tagofast|Idiot
|c|âG0tagofast|idiot
|c|âG0tagofast|idiot
|c|âG0tagofast|get rekt noob XD
|c|âG0tagofast|hahahah yu suck shit
|leave|TheKingHax
|player|p1