|join|The Force Of Aries
|join|G0tagofast
|player|p1|The Force Of Aries|1
|player|p2|G0tagofast|265
|gametype|singles
|gen|6
|tier|OU
|rated
|clearpoke
|poke|p1|Altaria, F
|poke|p1|Donphan, F
|poke|p1|Latios, M
|poke|p1|Roserade, F
|poke|p1|Scizor, F
|poke|p1|Slowbro, M
|poke|p2|Dragonite, F
|poke|p2|Sceptile, M
|poke|p2|Regirock
|poke|p2|Scizor, M
|poke|p2|Darmanitan, F
|poke|p2|Crobat, F
|rule|Swagger Clause: Swagger is banned
|rule|Baton Pass Clause: Limit one PokÃ©mon knowing Baton Pass
|rule|Sleep Clause Mod: Limit one foe put to sleep
|rule|Species Clause: Limit one of each PokÃ©mon
|rule|OHKO Clause: OHKO moves are banned
|rule|Moody Clause: Moody is banned
|rule|Evasion Moves Clause: Evasion moves are banned
|rule|Endless Battle Clause: Forcing endless battles is banned
|rule|HP Percentage Mod: HP is shown in percentages
|teampreview
|
|start
|switch|p1a: Donphan|Donphan, F|369\/369
|switch|p2a: Darmanitan|Darmanitan, F|351\/351
|turn|1
|
|move|p2a: Darmanitan|U-turn|p1a: Donphan
|-damage|p1a: Donphan|314\/369
|
|switch|p2a: Sceptile|Sceptile, M|281\/281
|move|p1a: Donphan|Stealth Rock|p2a: Sceptile
|-sidestart|p2: G0tagofast|move: Stealth Rock
|
|-heal|p1a: Donphan|337\/369|[from] item: Leftovers
|turn|2
|
|switch|p1a: Scizor|Scizor, F|281\/281
|detailschange|p2a: Sceptile|Sceptile-Mega, M
|-mega|p2a: Sceptile|Sceptile|Sceptilite
|move|p2a: Sceptile|Substitute|p2a: Sceptile
|-start|p2a: Sceptile|Substitute
|-damage|p2a: Sceptile|211\/281
|
|turn|3
|
|move|p2a: Sceptile|Focus Blast|p1a: Scizor
|-damage|p1a: Scizor|75\/281
|move|p1a: Scizor|U-turn|p2a: Sceptile
|-supereffective|p2a: Sceptile
|-end|p2a: Sceptile|Substitute
|
|switch|p1a: Altaria|Altaria, F|292\/292
|
|turn|4
|
|switch|p2a: Crobat|Crobat, F|359\/359
|-damage|p2a: Crobat|270\/359|[from] Stealth Rock
|detailschange|p1a: Altaria|Altaria-Mega, F
|-mega|p1a: Altaria|Altaria|Altarianite
|move|p1a: Altaria|Frustration|p2a: Crobat
|-resisted|p2a: Crobat
|-damage|p2a: Crobat|134\/359
|
|-heal|p2a: Crobat|156\/359|[from] item: Black Sludge
|turn|5
|
|move|p2a: Crobat|Defog|p1a: Altaria
|-unboost|p1a: Altaria|evasion|1
|-sideend|p2: G0tagofast|Stealth Rock|[from] move: Defog|[of] p2a: Crobat
|move|p1a: Altaria|Dragon Dance|p1a: Altaria
|-boost|p1a: Altaria|atk|1
|-boost|p1a: Altaria|spe|1
|
|-heal|p2a: Crobat|178\/359|[from] item: Black Sludge
|turn|6
|
|move|p2a: Crobat|Taunt|p1a: Altaria
|-start|p1a: Altaria|move: Taunt
|move|p1a: Altaria|Frustration|p2a: Crobat
|-resisted|p2a: Crobat
|-damage|p2a: Crobat|0 fnt
|faint|p2a: Crobat
|
|
|switch|p2a: Scizor|Scizor, M|287\/287
|turn|7
|
|switch|p1a: Donphan|Donphan, F|337\/369
|move|p2a: Scizor|U-turn|p1a: Donphan
|-damage|p1a: Donphan|237\/369
|
|switch|p2a: Dragonite|Dragonite, F|323\/323
|
|-heal|p1a: Donphan|260\/369|[from] item: Leftovers
|turn|8
|
|move|p2a: Dragonite|Iron Tail|p1a: Donphan
|-damage|p1a: Donphan|114\/369
|move|p1a: Donphan|Stealth Rock|p2a: Dragonite
|-sidestart|p2: G0tagofast|move: Stealth Rock
|
|-heal|p1a: Donphan|137\/369|[from] item: Leftovers
|turn|9
|
|switch|p1a: Slowbro|Slowbro, M|379\/379
|move|p2a: Dragonite|Iron Tail|p1a: Slowbro|[miss]
|-miss|p2a: Dragonite|p1a: Slowbro
|
|turn|10
|
|switch|p2a: Sceptile|Sceptile-Mega, M|211\/281
|-damage|p2a: Sceptile|176\/281|[from] Stealth Rock
|move|p1a: Slowbro|Scald|p2a: Sceptile
|-resisted|p2a: Sceptile
|-damage|p2a: Sceptile|149\/281
|
|turn|11
|
|switch|p2a: Regirock|Regirock|363\/363
|-damage|p2a: Regirock|318\/363|[from] Stealth Rock
|switch|p1a: Altaria|Altaria-Mega, F|292\/292
|
|turn|12
|
|move|p1a: Altaria|Dragon Dance|p1a: Altaria
|-boost|p1a: Altaria|atk|1
|-boost|p1a: Altaria|spe|1
|move|p2a: Regirock|Thunder Wave|p1a: Altaria
|-status|p1a: Altaria|par
|
|turn|13
|
|move|p2a: Regirock|Stealth Rock|p1a: Altaria
|-sidestart|p1: The Force Of Aries|move: Stealth Rock
|move|p1a: Altaria|Earthquake|p2a: Regirock
|-supereffective|p2a: Regirock
|-damage|p2a: Regirock|144\/363
|
|turn|14
|
|switch|p1a: Roserade|Roserade, F|324\/324
|-damage|p1a: Roserade|284\/324|[from] Stealth Rock
|move|p2a: Regirock|Stone Edge|p1a: Roserade
|-damage|p1a: Roserade|62\/324
|
|-heal|p1a: Roserade|82\/324|[from] item: Black Sludge
|turn|15
|
|switch|p2a: Scizor|Scizor, M|287\/287
|-damage|p2a: Scizor|252\/287|[from] Stealth Rock
|move|p1a: Roserade|Giga Drain|p2a: Scizor
|-resisted|p2a: Scizor
|-damage|p2a: Scizor|219\/287
|-heal|p1a: Roserade|99\/324|[from] drain|[of] p2a: Scizor
|
|-heal|p2a: Scizor|236\/287|[from] item: Leftovers
|-heal|p1a: Roserade|119\/324|[from] item: Black Sludge
|turn|16
|
|switch|p1a: Donphan|Donphan, F|137\/369
|-damage|p1a: Donphan|114\/369|[from] Stealth Rock
|move|p2a: Scizor|Bullet Punch|p1a: Donphan
|-damage|p1a: Donphan|33\/369
|
|-heal|p2a: Scizor|253\/287|[from] item: Leftovers
|-heal|p1a: Donphan|56\/369|[from] item: Leftovers
|turn|17
|
|move|p2a: Scizor|U-turn|p1a: Donphan
|-damage|p1a: Donphan|0 fnt
|faint|p1a: Donphan
|
|switch|p2a: Sceptile|Sceptile-Mega, M|149\/281
|-damage|p2a: Sceptile|114\/281|[from] Stealth Rock
|
|
|switch|p1a: Altaria|Altaria-Mega, F|292\/292 par
|-damage|p1a: Altaria|256\/292 par|[from] Stealth Rock
|turn|18
|
|switch|p2a: Regirock|Regirock|144\/363
|-damage|p2a: Regirock|99\/363|[from] Stealth Rock
|cant|p1a: Altaria|par
|
|turn|19
|
|switch|p1a: Slowbro|Slowbro, M|379\/379
|-damage|p1a: Slowbro|332\/379|[from] Stealth Rock
|move|p2a: Regirock|Stone Edge|p1a: Slowbro
|-damage|p1a: Slowbro|218\/379
|
|-heal|p1a: Slowbro|241\/379|[from] item: Leftovers
|turn|20
|
|move|p2a: Regirock|Thunder Wave|p1a: Slowbro
|-status|p1a: Slowbro|par
|move|p1a: Slowbro|Fire Blast|p2a: Regirock|[miss]
|-miss|p1a: Slowbro|p2a: Regirock
|
|-heal|p1a: Slowbro|264\/379 par|[from] item: Leftovers
|turn|21
|
|switch|p2a: Sceptile|Sceptile-Mega, M|114\/281
|-damage|p2a: Sceptile|79\/281|[from] Stealth Rock
|move|p1a: Slowbro|Scald|p2a: Sceptile
|-crit|p2a: Sceptile
|-resisted|p2a: Sceptile
|-damage|p2a: Sceptile|38\/281
|
|-heal|p1a: Slowbro|287\/379 par|[from] item: Leftovers
|turn|22
|
|switch|p1a: Scizor|Scizor, F|75\/281
|-damage|p1a: Scizor|40\/281|[from] Stealth Rock
|move|p2a: Sceptile|Giga Drain|p1a: Scizor
|-resisted|p1a: Scizor
|-damage|p1a: Scizor|0 fnt
|-heal|p2a: Sceptile|58\/281|[from] drain|[of] p1a: Scizor
|faint|p1a: Scizor
|
|
|switch|p1a: Latios|Latios, M|301\/301
|-damage|p1a: Latios|264\/301|[from] Stealth Rock
|turn|23
|
|move|p2a: Sceptile|Dragon Pulse|p1a: Latios
|-supereffective|p1a: Latios
|-damage|p1a: Latios|0 fnt
|faint|p1a: Latios
|
|
|switch|p1a: Roserade|Roserade, F|119\/324
|-damage|p1a: Roserade|79\/324|[from] Stealth Rock
|turn|24
|
|move|p2a: Sceptile|Dragon Pulse|p1a: Roserade
|-damage|p1a: Roserade|0 fnt
|faint|p1a: Roserade
|
|
|switch|p1a: Altaria|Altaria-Mega, F|256\/292 par
|-damage|p1a: Altaria|220\/292 par|[from] Stealth Rock
|turn|25
|
|switch|p2a: Regirock|Regirock|99\/363
|-damage|p2a: Regirock|54\/363|[from] Stealth Rock
|move|p1a: Altaria|Frustration|p2a: Regirock
|-damage|p2a: Regirock|0 fnt
|-damage|p1a: Altaria|172\/292 par|[from] item: Rocky Helmet|[of] p2a: Regirock
|faint|p2a: Regirock
|
|
|switch|p2a: Scizor|Scizor, M|253\/287
|-damage|p2a: Scizor|218\/287|[from] Stealth Rock
|turn|26
|
|switch|p1a: Slowbro|Slowbro, M|379\/379 par
|-damage|p1a: Slowbro|332\/379 par|[from] Stealth Rock
|move|p2a: Scizor|Bullet Punch|p1a: Slowbro
|-resisted|p1a: Slowbro
|-damage|p1a: Slowbro|290\/379 par
|
|-heal|p2a: Scizor|235\/287|[from] item: Leftovers
|-heal|p1a: Slowbro|313\/379 par|[from] item: Leftovers
|turn|27
|
|move|p2a: Scizor|U-turn|p1a: Slowbro
|-supereffective|p1a: Slowbro
|-damage|p1a: Slowbro|137\/379 par
|
|switch|p2a: Dragonite|Dragonite, F|323\/323
|-damage|p2a: Dragonite|243\/323|[from] Stealth Rock
|move|p1a: Slowbro|Fire Blast|p2a: Dragonite
|-resisted|p2a: Dragonite
|-damage|p2a: Dragonite|196\/323
|-status|p2a: Dragonite|brn
|
|-heal|p1a: Slowbro|160\/379 par|[from] item: Leftovers
|-damage|p2a: Dragonite|156\/323 brn|[from] brn
|turn|28
|
|move|p2a: Dragonite|Outrage|p1a: Slowbro
|-damage|p1a: Slowbro|28\/379 par
|move|p1a: Slowbro|Slack Off|p1a: Slowbro
|-heal|p1a: Slowbro|218\/379 par
|
|-heal|p1a: Slowbro|241\/379 par|[from] item: Leftovers
|-damage|p2a: Dragonite|116\/323 brn|[from] brn
|turn|29
|
|switch|p1a: Altaria|Altaria-Mega, F|172\/292 par
|-damage|p1a: Altaria|136\/292 par|[from] Stealth Rock
|move|p2a: Dragonite|Outrage|p1a: Altaria
|-immune|p1a: Altaria|[msg]
|
|-end|p2a: Dragonite|rampage
|-start|p2a: Dragonite|confusion
|-damage|p2a: Dragonite|76\/323 brn|[from] brn
|turn|30
|
|switch|p2a: Darmanitan|Darmanitan, F|351\/351
|-damage|p2a: Darmanitan|264\/351|[from] Stealth Rock
|move|p1a: Altaria|Frustration|p2a: Darmanitan
|-resisted|p2a: Darmanitan
|-damage|p2a: Darmanitan|83\/351
|
|turn|31
|
|move|p2a: Darmanitan|Stone Edge|p1a: Altaria
|-damage|p1a: Altaria|12\/292 par
|move|p1a: Altaria|Earthquake|p2a: Darmanitan
|-supereffective|p2a: Darmanitan
|-damage|p2a: Darmanitan|0 fnt
|faint|p2a: Darmanitan
|
|
|switch|p2a: Sceptile|Sceptile-Mega, M|58\/281
|-damage|p2a: Sceptile|23\/281|[from] Stealth Rock
|turn|32
|
|move|p2a: Sceptile|Giga Drain|p1a: Altaria
|-resisted|p1a: Altaria
|-damage|p1a: Altaria|0 fnt
|-heal|p2a: Sceptile|29\/281|[from] drain|[of] p1a: Altaria
|faint|p1a: Altaria
|
|
|switch|p1a: Slowbro|Slowbro, M|367\/379 par
|-damage|p1a: Slowbro|320\/379 par|[from] Stealth Rock
|turn|33
|
|move|p2a: Sceptile|Giga Drain|p1a: Slowbro
|-supereffective|p1a: Slowbro
|-damage|p1a: Slowbro|0 fnt
|-heal|p2a: Sceptile|189\/281|[from] drain|[of] p1a: Slowbro
|faint|p1a: Slowbro
|
|win|G0tagofast
|raw|Ladder updating...
|c|âG0tagofast|gg
|leave|The Force Of Aries
|raw|The Force Of Aries's rating: 1491 &rarr; <strong>1470<\/strong><br \/>(-21 for losing)
|raw|G0tagofast's rating: 1464 &rarr; <strong>1486<\/strong><br \/>(+22 for winning)
|player|p1