|join|perezfkr
|join|G0tagofast
|player|p1|perezfkr|2
|player|p2|G0tagofast|265
|gametype|singles
|gen|6
|tier|OU
|rated
|clearpoke
|poke|p1|Azumarill, F
|poke|p1|Metagross
|poke|p1|Scolipede, F
|poke|p1|Heatran, F
|poke|p1|Latias, F
|poke|p1|Landorus, M
|poke|p2|Gallade, M
|poke|p2|Manaphy
|poke|p2|Serperior, M
|poke|p2|Thundurus, M
|poke|p2|Klefki, F
|poke|p2|Talonflame, F
|rule|Swagger Clause: Swagger is banned
|rule|Baton Pass Clause: Limit one PokÃ©mon knowing Baton Pass
|rule|Sleep Clause Mod: Limit one foe put to sleep
|rule|Species Clause: Limit one of each PokÃ©mon
|rule|OHKO Clause: OHKO moves are banned
|rule|Moody Clause: Moody is banned
|rule|Evasion Moves Clause: Evasion moves are banned
|rule|Endless Battle Clause: Forcing endless battles is banned
|rule|HP Percentage Mod: HP is shown in percentages
|teampreview
|
|start
|switch|p1a: Scolipede|Scolipede, F|323\/323
|switch|p2a: Serperior|Serperior, M|291\/291
|turn|1
|
|move|p2a: Serperior|Glare|p1a: Scolipede
|-status|p1a: Scolipede|par
|move|p1a: Scolipede|Substitute|p1a: Scolipede
|-start|p1a: Scolipede|Substitute
|-damage|p1a: Scolipede|243\/323 par
|
|-heal|p1a: Scolipede|263\/323 par|[from] item: Black Sludge
|-boost|p1a: Scolipede|spe|1|[from] ability: Speed Boost
|turn|2
|
|move|p2a: Serperior|Leaf Storm|p1a: Scolipede
|-resisted|p1a: Scolipede
|-activate|p1a: Scolipede|Substitute|[damage]
|-boost|p2a: Serperior|spa|2
|move|p1a: Scolipede|Swords Dance|p1a: Scolipede
|-boost|p1a: Scolipede|atk|2
|
|-heal|p1a: Scolipede|283\/323 par|[from] item: Black Sludge
|-boost|p1a: Scolipede|spe|1|[from] ability: Speed Boost
|turn|3
|
|move|p2a: Serperior|Hidden Power|p1a: Scolipede
|-supereffective|p1a: Scolipede
|-end|p1a: Scolipede|Substitute
|move|p1a: Scolipede|Baton Pass|p1a: Scolipede
|
|switch|p1a: Metagross|Metagross|301\/301
|
|turn|4
|
|switch|p2a: Klefki|Klefki, F|317\/317
|detailschange|p1a: Metagross|Metagross-Mega
|-mega|p1a: Metagross|Metagross|Metagrossite
|move|p1a: Metagross|Ice Punch|p2a: Klefki
|-crit|p2a: Klefki
|-resisted|p2a: Klefki
|-damage|p2a: Klefki|145\/317
|
|-heal|p2a: Klefki|164\/317|[from] item: Leftovers
|turn|5
|
|switch|p1a: Landorus|Landorus, M|320\/320
|move|p2a: Klefki|Thunder Wave|p1a: Landorus
|-immune|p1a: Landorus|[msg]
|
|-heal|p2a: Klefki|183\/317|[from] item: Leftovers
|turn|6
|
|move|p2a: Klefki|Magnet Rise|p2a: Klefki
|-start|p2a: Klefki|Magnet Rise
|move|p1a: Landorus|Earth Power|p2a: Klefki
|-immune|p2a: Klefki|[msg]
|
|-heal|p2a: Klefki|202\/317|[from] item: Leftovers
|turn|7
|
|move|p2a: Klefki|Spikes|p1a: Landorus
|-sidestart|p1: perezfkr|Spikes
|move|p1a: Landorus|Focus Blast|p2a: Klefki
|-damage|p2a: Klefki|0 fnt
|faint|p2a: Klefki
|
|
|switch|p2a: Thundurus|Thundurus, M|299\/299
|turn|8
|
|switch|p1a: Heatran|Heatran, F|369\/369
|-damage|p1a: Heatran|323\/369|[from] Spikes
|move|p2a: Thundurus|Hidden Power|p1a: Heatran
|-resisted|p1a: Heatran
|-damage|p1a: Heatran|306\/369
|-damage|p2a: Thundurus|270\/299|[from] item: Life Orb
|
|-heal|p1a: Heatran|329\/369|[from] item: Leftovers
|turn|9
|
|switch|p2a: Talonflame|Talonflame, F|319\/319
|move|p1a: Heatran|Lava Plume|p2a: Talonflame
|-resisted|p2a: Talonflame
|-damage|p2a: Talonflame|230\/319
|
|-heal|p1a: Heatran|352\/369|[from] item: Leftovers
|turn|10
|
|move|p2a: Talonflame|Taunt|p1a: Heatran
|-start|p1a: Heatran|move: Taunt
|cant|p1a: Heatran|move: Taunt|Stealth Rock
|
|-heal|p1a: Heatran|369\/369|[from] item: Leftovers
|turn|11
|
|move|p2a: Talonflame|Swords Dance|p2a: Talonflame
|-boost|p2a: Talonflame|atk|2
|move|p1a: Heatran|Lava Plume|p2a: Talonflame
|-resisted|p2a: Talonflame
|-damage|p2a: Talonflame|149\/319
|
|turn|12
|
|move|p2a: Talonflame|Roost|p2a: Talonflame
|-heal|p2a: Talonflame|309\/319
|move|p1a: Heatran|Earth Power|p2a: Talonflame
|-supereffective|p2a: Talonflame
|-damage|p2a: Talonflame|39\/319
|-unboost|p2a: Talonflame|spd|1
|
|-end|p1a: Heatran|move: Taunt
|turn|13
|
|move|p2a: Talonflame|Brave Bird|p1a: Heatran
|-resisted|p1a: Heatran
|-damage|p1a: Heatran|182\/369
|-damage|p2a: Talonflame|0 fnt|[from] recoil|[of] p1a: Heatran
|faint|p2a: Talonflame
|move|p1a: Heatran|Lava Plume|p2: Talonflame|[notarget]
|-notarget
|
|-heal|p1a: Heatran|205\/369|[from] item: Leftovers
|
|switch|p2a: Gallade|Gallade, M|277\/277
|turn|14
|
|detailschange|p2a: Gallade|Gallade-Mega, M
|-mega|p2a: Gallade|Gallade|Galladite
|move|p2a: Gallade|Swords Dance|p2a: Gallade
|-boost|p2a: Gallade|atk|2
|move|p1a: Heatran|Lava Plume|p2a: Gallade
|-damage|p2a: Gallade|166\/277
|-status|p2a: Gallade|brn
|
|-heal|p1a: Heatran|228\/369|[from] item: Leftovers
|-damage|p2a: Gallade|132\/277 brn|[from] brn
|turn|15
|
|move|p1a: Heatran|Protect|p1a: Heatran
|-singleturn|p1a: Heatran|Protect
|move|p2a: Gallade|Close Combat|p1a: Heatran
|-activate|p1a: Heatran|Protect
|
|-heal|p1a: Heatran|251\/369|[from] item: Leftovers
|-damage|p2a: Gallade|98\/277 brn|[from] brn
|turn|16
|
|switch|p1a: Azumarill|Azumarill, F|403\/403
|-damage|p1a: Azumarill|353\/403|[from] Spikes
|move|p2a: Gallade|Close Combat|p1a: Azumarill
|-resisted|p1a: Azumarill
|-damage|p1a: Azumarill|204\/403
|-unboost|p2a: Gallade|def|1
|-unboost|p2a: Gallade|spd|1
|
|-damage|p2a: Gallade|64\/277 brn|[from] brn
|turn|17
|
|switch|p2a: Serperior|Serperior, M|291\/291
|move|p1a: Azumarill|Aqua Jet|p2a: Serperior
|-resisted|p2a: Serperior
|-damage|p2a: Serperior|252\/291
|
|-heal|p2a: Serperior|270\/291|[from] item: Leftovers
|turn|18
|
|switch|p1a: Heatran|Heatran, F|251\/369
|-damage|p1a: Heatran|205\/369|[from] Spikes
|move|p2a: Serperior|Glare|p1a: Heatran
|-status|p1a: Heatran|par
|
|-heal|p2a: Serperior|288\/291|[from] item: Leftovers
|-heal|p1a: Heatran|228\/369 par|[from] item: Leftovers
|turn|19
|
|switch|p2a: Manaphy|Manaphy|363\/363
|cant|p1a: Heatran|par
|
|-heal|p1a: Heatran|251\/369 par|[from] item: Leftovers
|turn|20
|
|move|p2a: Manaphy|Tail Glow|p2a: Manaphy
|-boost|p2a: Manaphy|spa|3
|cant|p1a: Heatran|par
|
|-heal|p1a: Heatran|274\/369 par|[from] item: Leftovers
|turn|21
|
|move|p2a: Manaphy|Scald|p1a: Heatran
|-supereffective|p1a: Heatran
|-damage|p1a: Heatran|0 fnt
|faint|p1a: Heatran
|
|
|switch|p1a: Landorus|Landorus, M|320\/320
|turn|22
|
|move|p1a: Landorus|Earth Power|p2a: Manaphy
|-damage|p2a: Manaphy|67\/363
|move|p2a: Manaphy|Scald|p1a: Landorus
|-supereffective|p1a: Landorus
|-damage|p1a: Landorus|0 fnt
|faint|p1a: Landorus
|
|-heal|p2a: Manaphy|89\/363|[from] item: Leftovers
|
|switch|p1a: Metagross|Metagross-Mega|301\/301
|-damage|p1a: Metagross|264\/301|[from] Spikes
|turn|23
|
|move|p1a: Metagross|Zen Headbutt|p2a: Manaphy
|-damage|p2a: Manaphy|0 fnt
|faint|p2a: Manaphy
|
|
|switch|p2a: Thundurus|Thundurus, M|270\/299
|turn|24
|
|move|p2a: Thundurus|Thunderbolt|p1a: Metagross
|-damage|p1a: Metagross|92\/301
|-damage|p2a: Thundurus|241\/299|[from] item: Life Orb
|move|p1a: Metagross|Ice Punch|p2a: Thundurus
|-supereffective|p2a: Thundurus
|-damage|p2a: Thundurus|0 fnt
|faint|p2a: Thundurus
|
|
|switch|p2a: Gallade|Gallade-Mega, M|64\/277 brn
|turn|25
|
|switch|p1a: Latias|Latias, F|364\/364
|move|p2a: Gallade|Close Combat|p1a: Latias
|-resisted|p1a: Latias
|-damage|p1a: Latias|289\/364
|-unboost|p2a: Gallade|def|1
|-unboost|p2a: Gallade|spd|1
|
|-damage|p2a: Gallade|30\/277 brn|[from] brn
|turn|26
|
|move|p2a: Gallade|Knock Off|p1a: Latias
|-supereffective|p1a: Latias
|-damage|p1a: Latias|127\/364
|-enditem|p1a: Latias|Light Clay|[from] move: Knock Off|[of] p2a: Gallade
|move|p1a: Latias|Light Screen|p1a: Latias
|-sidestart|p1: perezfkr|move: Light Screen
|
|-damage|p2a: Gallade|0 fnt|[from] brn
|faint|p2a: Gallade
|
|switch|p2a: Serperior|Serperior, M|288\/291
|turn|27
|
|move|p2a: Serperior|Leaf Storm|p1a: Latias|[miss]
|-miss|p2a: Serperior|p1a: Latias
|move|p1a: Latias|Healing Wish|p1a: Latias
|faint|p1a: Latias
|
|-heal|p2a: Serperior|291\/291|[from] item: Leftovers
|c|âG0tagofast|fuck this
|c|âperezfkr|lol doesnt metter
|
|switch|p1a: Metagross|Metagross-Mega|92\/301
|-heal|p1a: Metagross|301\/301|[from] move: Healing Wish
|-damage|p1a: Metagross|264\/301|[from] Spikes
|turn|28
|
|move|p2a: Serperior|Glare|p1a: Metagross
|-status|p1a: Metagross|par
|move|p1a: Metagross|Ice Punch|p2a: Serperior
|-supereffective|p2a: Serperior
|-damage|p2a: Serperior|11\/291
|
|-heal|p2a: Serperior|29\/291|[from] item: Leftovers
|turn|29
|
|move|p2a: Serperior|Leaf Storm|p1a: Metagross
|-resisted|p1a: Metagross
|-damage|p1a: Metagross|229\/301 par
|-boost|p2a: Serperior|spa|2
|move|p1a: Metagross|Ice Punch|p2a: Serperior
|-supereffective|p2a: Serperior
|-damage|p2a: Serperior|0 fnt
|faint|p2a: Serperior
|
|win|perezfkr
|raw|Ladder updating...
|raw|perezfkr's rating: 1477 &rarr; <strong>1496<\/strong><br \/>(+19 for winning)
|raw|G0tagofast's rating: 1461 &rarr; <strong>1442<\/strong><br \/>(-19 for losing)
|c|âperezfkr|see
|c|âperezfkr|?
|c|âG0tagofast|g
|c|âG0tagofast|that miss could have been a win
|c|âperezfkr|nop it doestn
|c|âG0tagofast|yeah it could
|c|âG0tagofast|2 hidden power fire at +2 be bye metagross
|c|âperezfkr|max hp light screen latias could resist leaf storm
|c|âG0tagofast|i dont talk about that
|c|âG0tagofast|i talk about metagross
|c|âperezfkr|check teh damage calc
|c|âG0tagofast|The healing wish was ovbious so i leaf stormed to get at +2
|c|âperezfkr|maybe 2hko but 1 nop
|c|âG0tagofast|2ko
|c|âG0tagofast|serperior could tank one ice punch
|c|âperezfkr|and there comes aqua jet from azumarril
|c|âperezfkr|10% doesnt resist
|c|âG0tagofast|it does but left overs recovery
|c|âperezfkr|thats hp serperios has in the last turn
|c|âperezfkr|10%
|c|âG0tagofast|2 hidden power fires it could do a lot
|c|âG0tagofast|I just needed to stall the screens well gg
|leave|G0tagofast
|player|p2