|join|G0tagofast
|join|Divine Rose
|player|p1|G0tagofast|169
|player|p2|Divine Rose|33
|gametype|singles
|gen|6
|tier|OU
|rated
|clearpoke
|poke|p1|Gardevoir, F, shiny
|poke|p1|Bisharp, F
|poke|p1|Keldeo
|poke|p1|Landorus-Therian, M
|poke|p1|Gyarados, F
|poke|p1|Garchomp, F
|poke|p2|Tangrowth, M
|poke|p2|Azumarill, M
|poke|p2|Rotom-Wash
|poke|p2|Heatran, F
|poke|p2|Gallade, M
|poke|p2|Garchomp, M
|rule|Swagger Clause: Swagger is banned
|rule|Baton Pass Clause: Limit one PokÃ©mon knowing Baton Pass
|rule|Sleep Clause Mod: Limit one foe put to sleep
|rule|Species Clause: Limit one of each PokÃ©mon
|rule|OHKO Clause: OHKO moves are banned
|rule|Moody Clause: Moody is banned
|rule|Evasion Moves Clause: Evasion moves are banned
|rule|Endless Battle Clause: Forcing endless battles is banned
|rule|HP Percentage Mod: HP is shown in percentages
|teampreview
|
|start
|switch|p1a: paper faces|Gardevoir, F, shiny|277\/277
|switch|p2a: Tangrowth|Tangrowth, M|403\/403
|-ability|p1a: paper faces|Regenerator|[from] ability: Trace|[of] p2a: Tangrowth
|turn|1
|
|switch|p2a: Heatran|Heatran, F|385\/385
|detailschange|p1a: paper faces|Gardevoir-Mega, F, shiny
|-mega|p1a: paper faces|Gardevoir|Gardevoirite
|move|p1a: paper faces|Taunt|p2a: Heatran
|-start|p2a: Heatran|move: Taunt
|
|turn|2
|
|move|p1a: paper faces|Focus Blast|p2a: Heatran
|-supereffective|p2a: Heatran
|-damage|p2a: Heatran|159\/385
|move|p2a: Heatran|Lava Plume|p1a: paper faces
|-damage|p1a: paper faces|190\/277
|
|-heal|p2a: Heatran|183\/385|[from] item: Leftovers
|turn|3
|
|switch|p2a: Tangrowth|Tangrowth, M|403\/403
|move|p1a: paper faces|Focus Blast|p2a: Tangrowth
|-damage|p2a: Tangrowth|273\/403
|
|turn|4
|
|switch|p2a: Heatran|Heatran, F|183\/385
|move|p1a: paper faces|Hyper Voice|p2a: Heatran
|-resisted|p2a: Heatran
|-damage|p2a: Heatran|138\/385
|
|-heal|p2a: Heatran|162\/385|[from] item: Leftovers
|turn|5
|
|move|p2a: Heatran|Protect|p2a: Heatran
|-singleturn|p2a: Heatran|Protect
|move|p1a: paper faces|Focus Blast|p2a: Heatran
|-activate|p2a: Heatran|Protect
|
|-heal|p2a: Heatran|186\/385|[from] item: Leftovers
|turn|6
|
|move|p1a: paper faces|Focus Blast|p2a: Heatran|[miss]
|-miss|p1a: paper faces|p2a: Heatran
|move|p2a: Heatran|Stealth Rock|p1a: paper faces
|-sidestart|p1: G0tagofast|move: Stealth Rock
|
|-heal|p2a: Heatran|210\/385|[from] item: Leftovers
|turn|7
|
|switch|p1a: 1978|Keldeo|323\/323
|-damage|p1a: 1978|303\/323|[from] Stealth Rock
|move|p2a: Heatran|Protect|p2a: Heatran
|-fail|p2a: Heatran
|
|-heal|p1a: 1978|323\/323|[from] item: Leftovers
|-heal|p2a: Heatran|234\/385|[from] item: Leftovers
|turn|8
|
|switch|p2a: Tangrowth|Tangrowth, M|403\/403
|move|p1a: 1978|Scald|p2a: Tangrowth
|-resisted|p2a: Tangrowth
|-damage|p2a: Tangrowth|350\/403
|
|turn|9
|
|switch|p1a: paper faces|Gardevoir-Mega, F, shiny|190\/277
|-damage|p1a: paper faces|156\/277|[from] Stealth Rock
|move|p2a: Tangrowth|Giga Drain|p1a: paper faces
|-damage|p1a: paper faces|86\/277
|-heal|p2a: Tangrowth|385\/403|[from] drain|[of] p1a: paper faces
|
|turn|10
|
|move|p1a: paper faces|Hyper Voice|p2a: Tangrowth
|-damage|p2a: Tangrowth|220\/403
|move|p2a: Tangrowth|Giga Drain|p1a: paper faces
|-damage|p1a: paper faces|10\/277
|-heal|p2a: Tangrowth|258\/403|[from] drain|[of] p1a: paper faces
|
|turn|11
|
|move|p1a: paper faces|Psyshock|p2a: Tangrowth
|-damage|p2a: Tangrowth|126\/403
|move|p2a: Tangrowth|Giga Drain|p1a: paper faces
|-damage|p1a: paper faces|0 fnt
|-heal|p2a: Tangrowth|131\/403|[from] drain|[of] p1a: paper faces
|faint|p1a: paper faces
|
|
|switch|p1a: collapse|Bisharp, F|271\/271
|-damage|p1a: collapse|255\/271|[from] Stealth Rock
|turn|12
|
|move|p1a: collapse|Pursuit|p2a: Tangrowth|[from]Pursuit
|-damage|p2a: Tangrowth|4\/403
|switch|p2a: Rotom-Wash|Rotom-Wash|303\/303
|
|turn|13
|
|move|p1a: collapse|Knock Off|p2a: Rotom-Wash
|-damage|p2a: Rotom-Wash|167\/303
|-enditem|p2a: Rotom-Wash|Leftovers|[from] move: Knock Off|[of] p1a: collapse
|move|p2a: Rotom-Wash|Will-O-Wisp|p1a: collapse
|-status|p1a: collapse|brn
|-enditem|p1a: collapse|Lum Berry|[eat]
|-curestatus|p1a: collapse|brn
|
|turn|14
|
|switch|p1a: burner|Landorus-Therian, M|367\/367
|-damage|p1a: burner|322\/367|[from] Stealth Rock
|-ability|p1a: burner|Intimidate|[of] p2a: Rotom-Wash
|-unboost|p2a: Rotom-Wash|atk|1
|move|p2a: Rotom-Wash|Will-O-Wisp|p1a: burner
|-status|p1a: burner|brn
|
|-heal|p1a: burner|344\/367 brn|[from] item: Leftovers
|-damage|p1a: burner|299\/367 brn|[from] brn
|turn|15
|
|move|p1a: burner|Stealth Rock|p2a: Rotom-Wash
|-sidestart|p2: Divine Rose|move: Stealth Rock
|move|p2a: Rotom-Wash|Pain Split|p1a: burner
|-sethp|p1a: burner|233\/367 brn|p2a: Rotom-Wash|233\/303|[from] move: Pain Split
|
|-heal|p1a: burner|255\/367 brn|[from] item: Leftovers
|-damage|p1a: burner|210\/367 brn|[from] brn
|turn|16
|
|move|p1a: burner|Stone Edge|p2a: Rotom-Wash
|-damage|p2a: Rotom-Wash|197\/303
|move|p2a: Rotom-Wash|Hydro Pump|p1a: burner|[miss]
|-miss|p2a: Rotom-Wash|p1a: burner
|
|-heal|p1a: burner|232\/367 brn|[from] item: Leftovers
|-damage|p1a: burner|187\/367 brn|[from] brn
|turn|17
|
|move|p1a: burner|U-turn|p2a: Rotom-Wash
|-damage|p2a: Rotom-Wash|172\/303
|
|switch|p1a: collapse|Bisharp, F|255\/271
|-damage|p1a: collapse|239\/271|[from] Stealth Rock
|move|p2a: Rotom-Wash|Hydro Pump|p1a: collapse
|-damage|p1a: collapse|61\/271
|
|turn|18
|
|move|p1a: collapse|Knock Off|p2a: Rotom-Wash
|-damage|p2a: Rotom-Wash|84\/303
|move|p2a: Rotom-Wash|Volt Switch|p1a: collapse
|-damage|p1a: collapse|0 fnt
|faint|p1a: collapse
|
|switch|p2a: Garchomp|Garchomp, M|357\/357
|-damage|p2a: Garchomp|335\/357|[from] Stealth Rock
|
|
|switch|p1a: burner|Landorus-Therian, M|187\/367 brn
|-damage|p1a: burner|142\/367 brn|[from] Stealth Rock
|-ability|p1a: burner|Intimidate|[of] p2a: Garchomp
|-unboost|p2a: Garchomp|atk|1
|turn|19
|
|move|p2a: Garchomp|Swords Dance|p2a: Garchomp
|-boost|p2a: Garchomp|atk|2
|move|p1a: burner|U-turn|p2a: Garchomp
|-damage|p2a: Garchomp|298\/357
|-damage|p1a: burner|97\/367 brn|[from] ability: Rough Skin|[of] p2a: Garchomp
|
|switch|p1a: move and focus|Garchomp, F|358\/358
|-damage|p1a: move and focus|336\/358|[from] Stealth Rock
|
|turn|20
|
|move|p1a: move and focus|Dual Chop|p2a: Garchomp
|-supereffective|p2a: Garchomp
|-damage|p2a: Garchomp|152\/357
|-damage|p1a: move and focus|292\/358|[from] ability: Rough Skin|[of] p2a: Garchomp
|-supereffective|p2a: Garchomp
|-damage|p2a: Garchomp|8\/357
|-damage|p1a: move and focus|248\/358|[from] ability: Rough Skin|[of] p2a: Garchomp
|-hitcount|p2a: Garchomp|2
|move|p2a: Garchomp|Outrage|p1a: move and focus
|-supereffective|p1a: move and focus
|-damage|p1a: move and focus|0 fnt
|-damage|p2a: Garchomp|0 fnt|[from] ability: Rough Skin|[of] p1a: move and focus
|faint|p2a: Garchomp
|faint|p1a: move and focus
|
|c|âG0tagofast|lol
|
|switch|p1a: burner|Landorus-Therian, M|97\/367 brn
|switch|p2a: Rotom-Wash|Rotom-Wash|84\/303
|-damage|p1a: burner|52\/367 brn|[from] Stealth Rock
|-ability|p1a: burner|Intimidate|[of] p2a: Rotom-Wash
|-unboost|p2a: Rotom-Wash|atk|1
|-damage|p2a: Rotom-Wash|47\/303|[from] Stealth Rock
|turn|21
|
|move|p1a: burner|Stone Edge|p2a: Rotom-Wash
|-damage|p2a: Rotom-Wash|9\/303
|move|p2a: Rotom-Wash|Hydro Pump|p1a: burner
|-supereffective|p1a: burner
|-damage|p1a: burner|0 fnt
|faint|p1a: burner
|
|
|switch|p1a: 1978|Keldeo|323\/323
|-damage|p1a: 1978|303\/323|[from] Stealth Rock
|turn|22
|
|move|p1a: 1978|Secret Sword|p2a: Rotom-Wash
|-crit|p2a: Rotom-Wash
|-damage|p2a: Rotom-Wash|0 fnt
|faint|p2a: Rotom-Wash
|
|-heal|p1a: 1978|323\/323|[from] item: Leftovers
|
|switch|p2a: Gallade|Gallade, M|277\/277
|-damage|p2a: Gallade|260\/277|[from] Stealth Rock
|turn|23
|
|detailschange|p2a: Gallade|Gallade-Mega, M
|-mega|p2a: Gallade|Gallade|Galladite
|move|p1a: 1978|Scald|p2a: Gallade
|-damage|p2a: Gallade|128\/277
|-status|p2a: Gallade|brn
|move|p2a: Gallade|Zen Headbutt|p1a: 1978
|-supereffective|p1a: 1978
|-damage|p1a: 1978|125\/323
|
|-heal|p1a: 1978|145\/323|[from] item: Leftovers
|-damage|p2a: Gallade|94\/277 brn|[from] brn
|turn|24
|
|move|p2a: Gallade|Zen Headbutt|p1a: 1978|[miss]
|-miss|p2a: Gallade|p1a: 1978
|move|p1a: 1978|Scald|p2a: Gallade
|-damage|p2a: Gallade|0 fnt
|faint|p2a: Gallade
|
|-heal|p1a: 1978|165\/323|[from] item: Leftovers
|c|âG0tagofast|sorry 4 this hax
|
|switch|p2a: Tangrowth|Tangrowth, M|138\/403
|-damage|p2a: Tangrowth|88\/403|[from] Stealth Rock
|turn|25
|
|switch|p2a: Heatran|Heatran, F|234\/385
|-damage|p2a: Heatran|186\/385|[from] Stealth Rock
|move|p1a: 1978|Secret Sword|p2a: Heatran
|-supereffective|p2a: Heatran
|-damage|p2a: Heatran|0 fnt
|faint|p2a: Heatran
|
|-heal|p1a: 1978|185\/323|[from] item: Leftovers
|
|switch|p2a: Azumarill|Azumarill, M|385\/385
|-damage|p2a: Azumarill|337\/385|[from] Stealth Rock
|turn|26
|
|move|p1a: 1978|Scald|p2a: Azumarill
|-resisted|p2a: Azumarill
|-damage|p2a: Azumarill|251\/385
|move|p2a: Azumarill|Play Rough|p1a: 1978|[miss]
|-miss|p2a: Azumarill|p1a: 1978
|
|-heal|p1a: 1978|205\/323|[from] item: Leftovers
|turn|27
|c|âDivine Rose|LOL
|
|move|p1a: 1978|Scald|p2a: Azumarill
|-resisted|p2a: Azumarill
|-damage|p2a: Azumarill|160\/385
|-enditem|p2a: Azumarill|Sitrus Berry|[eat]
|-heal|p2a: Azumarill|256\/385|[from] item: Sitrus Berry
|move|p2a: Azumarill|Play Rough|p1a: 1978
|-supereffective|p1a: 1978
|-damage|p1a: 1978|0 fnt
|faint|p1a: 1978
|
|
|switch|p1a: always|Gyarados, F|353\/353
|-damage|p1a: always|265\/353|[from] Stealth Rock
|-ability|p1a: always|Intimidate|[of] p2a: Azumarill
|-unboost|p2a: Azumarill|atk|1
|turn|28
|
|move|p1a: always|Dragon Dance|p1a: always
|-boost|p1a: always|atk|1
|-boost|p1a: always|spe|1
|move|p2a: Azumarill|Knock Off|p1a: always
|-damage|p1a: always|151\/353
|-enditem|p1a: always|Leftovers|[from] move: Knock Off|[of] p2a: Azumarill
|
|turn|29
|
|move|p1a: always|Bounce|p2a: Azumarill|[still]
|-prepare|p1a: always|Bounce|p2a: Azumarill
|move|p2a: Azumarill|Play Rough|p1a: always|[miss]
|-miss|p2a: Azumarill|p1a: always
|
|turn|30
|
|move|p1a: always|Bounce|p2a: Azumarill
|-damage|p2a: Azumarill|0 fnt
|faint|p2a: Azumarill
|
|-message|Divine Rose forfeited.
|leave|Divine Rose
|c|âG0tagofast|I felt it misses
|
|win|G0tagofast
|raw|Ladder updating...
|player|p2
|raw|G0tagofast's rating: 1744 &rarr; <strong>1755<\/strong><br \/>(+11 for winning)
|raw|Divine Rose's rating: 1572 &rarr; <strong>1561<\/strong><br \/>(-11 for losing)