|join|G0tagofast
|join|A Sprite fan
|player|p1|G0tagofast|101
|player|p2|A Sprite fan|124
|gametype|singles
|gen|6
|tier|OU
|rated
|clearpoke
|poke|p1|Diancie
|poke|p1|Volcarona, M
|poke|p1|Serperior, M
|poke|p1|Bisharp, M
|poke|p1|Skarmory, M
|poke|p1|Gengar, F
|poke|p2|Azelf
|poke|p2|Gallade, M
|poke|p2|Bisharp, M
|poke|p2|Manaphy
|poke|p2|Landorus-Therian, M
|poke|p2|Thundurus, M
|rule|Swagger Clause: Swagger is banned
|rule|Baton Pass Clause: Limit one PokÃ©mon knowing Baton Pass
|rule|Sleep Clause Mod: Limit one foe put to sleep
|rule|Species Clause: Limit one of each PokÃ©mon
|rule|OHKO Clause: OHKO moves are banned
|rule|Moody Clause: Moody is banned
|rule|Evasion Moves Clause: Evasion moves are banned
|rule|Endless Battle Clause: Forcing endless battles is banned
|rule|HP Percentage Mod: HP is shown in percentages
|teampreview
|
|start
|switch|p1a: Diancie|Diancie|257\/257
|switch|p2a: Manaphy|Manaphy|369\/369
|turn|1
|
|switch|p1a: Serperior|Serperior, M|291\/291
|move|p2a: Manaphy|Ice Beam|p1a: Serperior
|-supereffective|p1a: Serperior
|-damage|p1a: Serperior|149\/291
|
|turn|2
|
|switch|p2a: 2HKOed by Latios|Bisharp, M|279\/279
|move|p1a: Serperior|Leaf Storm|p2a: 2HKOed by Latios
|-crit|p2a: 2HKOed by Latios
|-resisted|p2a: 2HKOed by Latios
|-damage|p2a: 2HKOed by Latios|175\/279
|-boost|p1a: Serperior|spa|2
|
|turn|3
|
|move|p1a: Serperior|Hidden Power|p2a: 2HKOed by Latios
|-supereffective|p2a: 2HKOed by Latios
|-damage|p2a: 2HKOed by Latios|17\/279
|move|p2a: 2HKOed by Latios|Pursuit|p1a: Serperior
|-damage|p1a: Serperior|71\/291
|
|turn|4
|
|switch|p1a: Skarmory|Skarmory, M|271\/271
|move|p2a: 2HKOed by Latios|Sucker Punch|p1a: Skarmory
|-fail|p1a: Skarmory
|
|turn|5
|
|switch|p2a: Raijin|Thundurus, M|299\/299
|move|p1a: Skarmory|Stealth Rock|p2a: Raijin
|-sidestart|p2: A Sprite fan|move: Stealth Rock
|
|turn|6
|
|move|p2a: Raijin|Thunderbolt|p1a: Skarmory
|-supereffective|p1a: Skarmory
|-activate|p1a: Skarmory|Sturdy
|-damage|p1a: Skarmory|1\/271
|-damage|p2a: Raijin|270\/299|[from] item: Life Orb
|-enditem|p1a: Skarmory|Salac Berry|[eat]
|-boost|p1a: Skarmory|spe|1|[from] item: Salac Berry
|move|p1a: Skarmory|Spikes|p2a: Raijin
|-sidestart|p2: A Sprite fan|Spikes
|
|turn|7
|
|move|p1a: Skarmory|Spikes|p2a: Raijin
|-sidestart|p2: A Sprite fan|Spikes
|move|p2a: Raijin|Thunderbolt|p1a: Skarmory
|-supereffective|p1a: Skarmory
|-damage|p1a: Skarmory|0 fnt
|-damage|p2a: Raijin|241\/299|[from] item: Life Orb
|faint|p1a: Skarmory
|
|
|switch|p1a: Diancie|Diancie|257\/257
|turn|8
|
|move|p2a: Raijin|Focus Blast|p1a: Diancie|[miss]
|-miss|p2a: Raijin|p1a: Diancie
|move|p1a: Diancie|Rock Polish|p1a: Diancie
|-boost|p1a: Diancie|spe|2
|
|turn|9
|
|switch|p2a: 2HKOed by Latios|Bisharp, M|17\/279
|-damage|p2a: 2HKOed by Latios|0 fnt|[from] Stealth Rock
|faint|p2a: 2HKOed by Latios
|detailschange|p1a: Diancie|Diancie-Mega
|-mega|p1a: Diancie|Diancie|Diancite
|move|p1a: Diancie|Diamond Storm|p2: 2HKOed by Latios|[notarget]
|-notarget
|
|
|switch|p2a: Manaphy|Manaphy|369\/369
|-damage|p2a: Manaphy|308\/369|[from] Spikes
|-damage|p2a: Manaphy|262\/369|[from] Stealth Rock
|turn|10
|
|move|p1a: Diancie|Moonblast|p2a: Manaphy
|-damage|p2a: Manaphy|58\/369
|move|p2a: Manaphy|Scald|p1a: Diancie
|-supereffective|p1a: Diancie
|-damage|p1a: Diancie|0 fnt
|faint|p1a: Diancie
|
|-heal|p2a: Manaphy|81\/369|[from] item: Leftovers
|
|switch|p1a: Serperior|Serperior, M|71\/291
|turn|11
|
|move|p1a: Serperior|Leaf Storm|p2a: Manaphy
|-supereffective|p2a: Manaphy
|-damage|p2a: Manaphy|0 fnt
|-boost|p1a: Serperior|spa|2
|faint|p2a: Manaphy
|
|
|switch|p2a: MUFASA DIES|Landorus-Therian, M|319\/319
|-damage|p2a: MUFASA DIES|280\/319|[from] Stealth Rock
|-ability|p2a: MUFASA DIES|Intimidate|[of] p1a: Serperior
|-boost|p1a: Serperior|atk|1
|turn|12
|
|switch|p1a: Gengar|Gengar, F|261\/261
|move|p2a: MUFASA DIES|U-turn|p1a: Gengar
|-resisted|p1a: Gengar
|-damage|p1a: Gengar|229\/261
|
|switch|p2a: Raijin|Thundurus, M|241\/299
|-damage|p2a: Raijin|167\/299|[from] Stealth Rock
|
|turn|13
|
|move|p1a: Gengar|Shadow Ball|p2a: Raijin
|-damage|p2a: Raijin|0 fnt
|faint|p2a: Raijin
|
|-message|A Sprite fan forfeited.
|leave|A Sprite fan
|
|win|G0tagofast
|raw|Ladder updating...
|player|p2