|join|G0tagofast
|join|Rawrfool
|player|p1|G0tagofast|102
|player|p2|Rawrfool|102
|gametype|singles
|gen|6
|tier|OU
|rated
|clearpoke
|poke|p1|Diancie
|poke|p1|Volcarona, M
|poke|p1|Keldeo-Resolute
|poke|p1|Bisharp, F
|poke|p1|Skarmory, F
|poke|p1|Gengar, M
|poke|p2|Dragonite, F
|poke|p2|Heatran, F
|poke|p2|Rotom-Wash
|poke|p2|Mandibuzz, F
|poke|p2|Starmie
|poke|p2|Diancie
|rule|Swagger Clause: Swagger is banned
|rule|Baton Pass Clause: Limit one PokÃ©mon knowing Baton Pass
|rule|Sleep Clause Mod: Limit one foe put to sleep
|rule|Species Clause: Limit one of each PokÃ©mon
|rule|OHKO Clause: OHKO moves are banned
|rule|Moody Clause: Moody is banned
|rule|Evasion Moves Clause: Evasion moves are banned
|rule|Endless Battle Clause: Forcing endless battles is banned
|rule|HP Percentage Mod: HP is shown in percentages
|teampreview
|
|start
|switch|p1a: Skarmory|Skarmory, F|271\/271
|switch|p2a: Rotom-Wash|Rotom-Wash|242\/242
|turn|1
|
|move|p2a: Rotom-Wash|Volt Switch|p1a: Skarmory
|-supereffective|p1a: Skarmory
|-activate|p1a: Skarmory|Sturdy
|-damage|p1a: Skarmory|1\/271
|
|switch|p2a: Heatran|Heatran, F|386\/386
|-enditem|p1a: Skarmory|Salac Berry|[eat]
|-boost|p1a: Skarmory|spe|1|[from] item: Salac Berry
|move|p1a: Skarmory|Stealth Rock|p2a: Heatran
|-sidestart|p2: Rawrfool|move: Stealth Rock
|
|turn|2
|
|move|p1a: Skarmory|Taunt|p2a: Heatran
|-start|p2a: Heatran|move: Taunt
|cant|p2a: Heatran|move: Taunt|Stealth Rock
|
|turn|3
|
|move|p1a: Skarmory|Spikes|p2a: Heatran
|-sidestart|p2: Rawrfool|Spikes
|move|p2a: Heatran|Flash Cannon|p1a: Skarmory
|-resisted|p1a: Skarmory
|-damage|p1a: Skarmory|0 fnt
|faint|p1a: Skarmory
|
|
|switch|p1a: Volcarona|Volcarona, M|329\/329
|turn|4
|
|move|p1a: Volcarona|Quiver Dance|p1a: Volcarona
|-boost|p1a: Volcarona|spa|1
|-boost|p1a: Volcarona|spd|1
|-boost|p1a: Volcarona|spe|1
|move|p2a: Heatran|Lava Plume|p1a: Volcarona
|-damage|p1a: Volcarona|238\/329
|
|-end|p2a: Heatran|move: Taunt
|turn|5
|
|move|p1a: Volcarona|Hidden Power|p2a: Heatran
|-supereffective|p2a: Heatran
|-damage|p2a: Heatran|0 fnt
|-damage|p1a: Volcarona|206\/329|[from] item: Life Orb
|faint|p2a: Heatran
|
|
|switch|p2a: Rotom-Wash|Rotom-Wash|242\/242
|-damage|p2a: Rotom-Wash|212\/242|[from] Stealth Rock
|turn|6
|
|move|p1a: Volcarona|Giga Drain|p2a: Rotom-Wash
|-supereffective|p2a: Rotom-Wash
|-damage|p2a: Rotom-Wash|0 fnt
|-heal|p1a: Volcarona|312\/329|[from] drain|[of] p2a: Rotom-Wash
|-damage|p1a: Volcarona|280\/329|[from] item: Life Orb
|faint|p2a: Rotom-Wash
|
|c|âG0tagofast|I just love his power fuck talonflame
|
|switch|p2a: Dragonite|Dragonite, F|385\/385
|-damage|p2a: Dragonite|289\/385|[from] Stealth Rock
|turn|7
|
|move|p1a: Volcarona|Fire Blast|p2a: Dragonite
|-resisted|p2a: Dragonite
|-damage|p2a: Dragonite|91\/385
|-damage|p1a: Volcarona|248\/329|[from] item: Life Orb
|move|p2a: Dragonite|Outrage|p1a: Volcarona
|-damage|p1a: Volcarona|0 fnt
|faint|p1a: Volcarona
|
|c|âRawrfool|yeah! holy shit dude hidden power ground on him is awesome
|
|switch|p1a: Diancie|Diancie|257\/257
|turn|8
|c|âRawrfool|I normally run the usual set but definitely trying that
|c|âG0tagofast|Yeah fuck heatran fuck the world
|
|detailschange|p1a: Diancie|Diancie-Mega
|-mega|p1a: Diancie|Diancie|Diancite
|move|p2a: Dragonite|Outrage|p1a: Diancie
|-immune|p1a: Diancie|[msg]
|move|p1a: Diancie|Rock Polish|p1a: Diancie
|-boost|p1a: Diancie|spe|2
|
|turn|9
|c|âG0tagofast|And he works with diancie
|c|âRawrfool|yeah you caught me out so good :)
|
|move|p1a: Diancie|Moonblast|p2a: Dragonite
|-supereffective|p2a: Dragonite
|-damage|p2a: Dragonite|0 fnt
|faint|p2a: Dragonite
|
|c|âG0tagofast|thank u .D
|
|switch|p2a: Diancie|Diancie|241\/241
|-damage|p2a: Diancie|211\/241|[from] Spikes
|-damage|p2a: Diancie|181\/241|[from] Stealth Rock
|turn|10
|c|âG0tagofast|This is the first battle that team worked like i wanted XD i meanputting some hazards then force the next priority or dragon that trys to kill volcarona out and then let diancie sweep
|c|âRawrfool|ahhh nice
|c|âG0tagofast|Normally skarmory puts the hazard and bisharp makes all  work xD
|
|detailschange|p2a: Diancie|Diancie-Mega
|-mega|p2a: Diancie|Diancie|Diancite
|move|p1a: Diancie|Moonblast|p2a: Diancie
|-damage|p2a: Diancie|0 fnt
|faint|p2a: Diancie
|
|c|âRawrfool|well gg
|
|switch|p2a: Starmie|Starmie|261\/261
|-damage|p2a: Starmie|229\/261|[from] Spikes
|-damage|p2a: Starmie|197\/261|[from] Stealth Rock
|turn|11
|-message|Rawrfool forfeited.
|leave|Rawrfool
|c|âG0tagofast|gg
|
|win|G0tagofast
|raw|Ladder updating...
|player|p2
|raw|G0tagofast's rating: 1548 &rarr; <strong>1566<\/strong><br \/>(+18 for winning)
|raw|Rawrfool's rating: 1528 &rarr; <strong>1509<\/strong><br \/>(-19 for losing)