|join|G0tagofast
|join|Risky Chance
|join|Face-ur-doom
|join|Bad Players
|join|BigBoyCupcakes
|player|p1|G0tagofast|101
|player|p2|Risky Chance|169
|gametype|singles
|gen|6
|tier|OU
|clearpoke
|poke|p1|Diancie
|poke|p1|Volcarona, M
|poke|p1|Serperior, F
|poke|p1|Bisharp, M
|poke|p1|Skarmory, F
|poke|p1|Gengar, F
|poke|p2|Alomomola, M
|poke|p2|Excadrill, M
|poke|p2|Latias, F
|poke|p2|Ferrothorn, F
|poke|p2|Conkeldurr, F
|poke|p2|Tornadus-Therian, M
|rule|Swagger Clause: Swagger is banned
|rule|Baton Pass Clause: Limit one PokÃ©mon knowing Baton Pass
|rule|Sleep Clause Mod: Limit one foe put to sleep
|rule|Species Clause: Limit one of each PokÃ©mon
|rule|OHKO Clause: OHKO moves are banned
|rule|Moody Clause: Moody is banned
|rule|Evasion Moves Clause: Evasion moves are banned
|rule|Endless Battle Clause: Forcing endless battles is banned
|rule|HP Percentage Mod: HP is shown in percentages
|teampreview
|join|ninjatears4u
|join|PincherD
|join|The Ess of Johan
|join|Kay6la
|join|VanilliteCone
|join|king of spycrabs
|join|Gnaro
|
|start
|switch|p1a: Skarmory|Skarmory, F|271\/271
|switch|p2a: Excadrill|Excadrill, M|393\/393
|-ability|p2a: Excadrill|Mold Breaker
|turn|1
|join|GET FUCKIN REKT
|
|switch|p2a: Ferrothorn|Ferrothorn, F|352\/352
|move|p1a: Skarmory|Stealth Rock|p2a: Ferrothorn
|-sidestart|p2: Risky Chance|move: Stealth Rock
|
|turn|2
|join|34234a
|
|move|p1a: Skarmory|Taunt|p2a: Ferrothorn
|-start|p2a: Ferrothorn|move: Taunt
|cant|p2a: Ferrothorn|move: Taunt|Leech Seed
|
|turn|3
|
|switch|p2a: Tornadus-Therian|Tornadus-Therian, M|327\/327
|-damage|p2a: Tornadus-Therian|246\/327|[from] Stealth Rock
|move|p1a: Skarmory|Spikes|p2a: Tornadus-Therian
|-sidestart|p2: Risky Chance|Spikes
|
|turn|4
|
|move|p2a: Tornadus-Therian|Heat Wave|p1a: Skarmory
|-supereffective|p1a: Skarmory
|-damage|p1a: Skarmory|33\/271
|-enditem|p1a: Skarmory|Salac Berry|[eat]
|-boost|p1a: Skarmory|spe|1|[from] item: Salac Berry
|move|p1a: Skarmory|Spikes|p2a: Tornadus-Therian
|-sidestart|p2: Risky Chance|Spikes
|
|turn|5
|join|H3LLA-HOOD
|join|The winna
|
|move|p1a: Skarmory|Brave Bird|p2a: Tornadus-Therian
|-crit|p2a: Tornadus-Therian
|-damage|p2a: Tornadus-Therian|0 fnt
|-damage|p1a: Skarmory|0 fnt|[from] recoil|[of] p2a: Tornadus-Therian
|faint|p2a: Tornadus-Therian
|faint|p1a: Skarmory
|
|c| VanilliteCone|skarm putting in work
|c| GET FUCKIN REKT|suicide skarm
|c| GET FUCKIN REKT|new meta
|join|Zezima
|c|âG0tagofast|yeah
|join|Cloud27
|c| The winna|lol what u gonna do risky
|join|You Know Gasai
|c|âRisky Chance|I lost at team preview
|join|Tythaeus
|join|Son of Zeusss
|c|âG0tagofast|nah
|c|âRisky Chance|Especially after Tornadus-T died
|c| Zezima|lel
|join|Sarah Phoenix
|join|Hell's Guide
|c| GET FUCKIN REKT|volcarona just reks
|c|âRisky Chance|I lost my answer to Serperior
|c|âG0tagofast|mm serperior is kinda weak
|join|Subtonix
|
|switch|p1a: Gengar|Gengar, F|261\/261
|switch|p2a: Excadrill|Excadrill, M|393\/393
|-damage|p2a: Excadrill|328\/393|[from] Spikes
|-damage|p2a: Excadrill|316\/393|[from] Stealth Rock
|-ability|p2a: Excadrill|Mold Breaker
|turn|6
|join|kankuro1954
|
|switch|p2a: Alomomola|Alomomola, M|513\/513
|-damage|p2a: Alomomola|449\/513|[from] Stealth Rock
|-damage|p2a: Alomomola|364\/513|[from] Spikes
|move|p1a: Gengar|Shadow Ball|p2a: Alomomola
|-damage|p2a: Alomomola|213\/513
|
|-heal|p2a: Alomomola|245\/513|[from] item: Leftovers
|turn|7
|c| PincherD|Risky still has a chance...
|c| You Know Gasai|be scarf precipe blades crit everyting
|c| Son of Zeusss|lol
|join|req'd by crobro
|c| PincherD|Depends on one Poke's set
|
|move|p2a: Alomomola|Protect|p2a: Alomomola
|-singleturn|p2a: Alomomola|Protect
|move|p1a: Gengar|Shadow Ball|p2a: Alomomola
|-activate|p2a: Alomomola|Protect
|
|-heal|p2a: Alomomola|277\/513|[from] item: Leftovers
|turn|8
|c|âG0tagofast|lol
|
|move|p1a: Gengar|Shadow Ball|p2a: Alomomola
|-damage|p2a: Alomomola|117\/513
|move|p2a: Alomomola|Wish|p2a: Alomomola
|
|-heal|p2a: Alomomola|149\/513|[from] item: Leftovers
|turn|9
|c|âRisky Chance|Nah
|c| Son of Zeusss|does exca got precipe blades?
|c|âRisky Chance|You switch in Bisharp
|c|âRisky Chance|Get the +2
|
|move|p2a: Alomomola|Protect|p2a: Alomomola
|-singleturn|p2a: Alomomola|Protect
|move|p1a: Gengar|Shadow Ball|p2a: Alomomola
|-activate|p2a: Alomomola|Protect
|
|-heal|p2a: Alomomola|405\/513|[from] move: Wish|[wisher] Alomomola
|-heal|p2a: Alomomola|437\/513|[from] item: Leftovers
|turn|10
|c| GET FUCKIN REKT|go into serperior and set up
|c| GET FUCKIN REKT|wtf
|c|âRisky Chance|Yeah
|c|âRisky Chance|Bisharp is the better choice though
|leave|The winna
|c|âG0tagofast|I just didnt want to give him a fee switch
|
|switch|p1a: Serperior|Serperior, F|291\/291
|move|p2a: Alomomola|Knock Off|p1a: Serperior
|-damage|p1a: Serperior|230\/291
|-enditem|p1a: Serperior|Assault Vest|[from] move: Knock Off|[of] p2a: Alomomola
|
|-heal|p2a: Alomomola|469\/513|[from] item: Leftovers
|turn|11
|c| VanilliteCone|mirror coat imo
|c| You Know Gasai|da fuq
|
|move|p1a: Serperior|Leaf Storm|p2a: Alomomola
|-supereffective|p2a: Alomomola
|-damage|p2a: Alomomola|115\/513
|-boost|p1a: Serperior|spa|2
|move|p2a: Alomomola|Toxic|p1a: Serperior
|-status|p1a: Serperior|tox
|
|-heal|p2a: Alomomola|147\/513|[from] item: Leftovers
|-damage|p1a: Serperior|212\/291 tox|[from] psn
|turn|12
|c| You Know Gasai|lolololol
|join|UrsaReign
|
|move|p2a: Alomomola|Protect|p2a: Alomomola
|-singleturn|p2a: Alomomola|Protect
|move|p1a: Serperior|Leaf Storm|p2a: Alomomola
|-activate|p2a: Alomomola|Protect
|
|-heal|p2a: Alomomola|179\/513|[from] item: Leftovers
|-damage|p1a: Serperior|176\/291 tox|[from] psn
|turn|13
|c| You Know Gasai|protect
|c| You Know Gasai|stall this bich out jaja
|
|switch|p2a: Ferrothorn|Ferrothorn, F|352\/352
|-damage|p2a: Ferrothorn|330\/352|[from] Stealth Rock
|-damage|p2a: Ferrothorn|272\/352|[from] Spikes
|move|p1a: Serperior|Dragon Pulse|p2a: Ferrothorn
|-resisted|p2a: Ferrothorn
|-damage|p2a: Ferrothorn|209\/352
|
|-damage|p1a: Serperior|122\/291 tox|[from] psn
|turn|14
|c| GET FUCKIN REKT|there goes one win condition
|leave|Hell's Guide
|join|Gros orteil
|c| UrsaReign|gg drain
|c|âRisky Chance|Lol, I see why you think Serperior's bad
|
|move|p1a: Serperior|Hidden Power|p2a: Ferrothorn
|-supereffective|p2a: Ferrothorn
|-damage|p2a: Ferrothorn|0 fnt
|faint|p2a: Ferrothorn
|
|-damage|p1a: Serperior|50\/291 tox|[from] psn
|c|âG0tagofast|Nah i want diancie to be my win condition
|
|switch|p2a: Alomomola|Alomomola, M|350\/513
|-damage|p2a: Alomomola|286\/513|[from] Stealth Rock
|-damage|p2a: Alomomola|201\/513|[from] Spikes
|turn|15
|c|âRisky Chance|All of them work hahaha
|
|move|p1a: Serperior|Leaf Storm|p2a: Alomomola
|-supereffective|p2a: Alomomola
|-damage|p2a: Alomomola|0 fnt
|-boost|p1a: Serperior|spa|2
|faint|p2a: Alomomola
|
|-damage|p1a: Serperior|0 fnt|[from] psn
|faint|p1a: Serperior
|c| PincherD|Ah
|c| You Know Gasai|?
|c| H3LLA-HOOD|idiot
|c| PincherD|Risky, I would've done the same thing
|c| PincherD|Wish Predicting a switch
|leave|kankuro1954
|c|âG0tagofast|Yeah i cannot affor to give him free switches
|
|switch|p1a: Gengar|Gengar, F|261\/261
|switch|p2a: Latias|Latias, F|318\/318
|-damage|p2a: Latias|279\/318|[from] Stealth Rock
|turn|16
|c| H3LLA-HOOD|protect why risk that he was obvi goin for a move
|c|âRisky Chance|I'm bad?
|c| king of spycrabs|if thats scarf exca it sweeps
|c|âG0tagofast|nah
|
|detailschange|p2a: Latias|Latias-Mega, F
|-mega|p2a: Latias|Latias|Latiasite
|move|p1a: Gengar|Shadow Ball|p2a: Latias
|-supereffective|p2a: Latias
|-damage|p2a: Latias|75\/318
|-unboost|p2a: Latias|spd|1
|move|p2a: Latias|Psychic|p1a: Gengar
|-supereffective|p1a: Gengar
|-damage|p1a: Gengar|0 fnt
|faint|p1a: Gengar
|
|c|âRisky Chance|It isn't.  I should try scarf tho'
|c| king of spycrabs|volc lives\/
|c| king of spycrabs|?
|c| GET FUCKIN REKT|sucker kills
|c| GET FUCKIN REKT|exca
|
|switch|p1a: Diancie|Diancie|241\/241
|turn|17
|c| king of spycrabs|really? wow
|c|âG0tagofast|lets end the match
|
|detailschange|p1a: Diancie|Diancie-Mega
|-mega|p1a: Diancie|Diancie|Diancite
|move|p2a: Latias|Psychic|p1a: Diancie
|-damage|p1a: Diancie|97\/241
|move|p1a: Diancie|Moonblast|p2a: Latias
|-crit|p2a: Latias
|-supereffective|p2a: Latias
|-damage|p2a: Latias|0 fnt
|faint|p2a: Latias
|
|
|switch|p2a: Excadrill|Excadrill, M|316\/393
|-damage|p2a: Excadrill|251\/393|[from] Spikes
|-damage|p2a: Excadrill|239\/393|[from] Stealth Rock
|-ability|p2a: Excadrill|Mold Breaker
|turn|18
|c| You Know Gasai|crit mattered
|c|âRisky Chance|Sorry, lag
|
|move|p1a: Diancie|Protect|p1a: Diancie
|-singleturn|p1a: Diancie|Protect
|move|p2a: Excadrill|Iron Head|p1a: Diancie
|-activate|p1a: Diancie|Protect
|
|-heal|p2a: Excadrill|263\/393|[from] item: Leftovers
|turn|19
|
|move|p1a: Diancie|Earth Power|p2a: Excadrill
|-supereffective|p2a: Excadrill
|-damage|p2a: Excadrill|0 fnt
|faint|p2a: Excadrill
|
|leave|Son of Zeusss
|
|switch|p2a: Conkeldurr|Conkeldurr, F|412\/412
|-damage|p2a: Conkeldurr|344\/412|[from] Spikes
|-damage|p2a: Conkeldurr|319\/412|[from] Stealth Rock
|turn|20
|c|âG0tagofast|gg
|c| The Ess of Johan|crit matters
|join|Croven
|c|âRisky Chance|gg
|join|Cnorth26
|
|move|p1a: Diancie|Moonblast|p2a: Conkeldurr
|-crit|p2a: Conkeldurr
|-supereffective|p2a: Conkeldurr
|-damage|p2a: Conkeldurr|0 fnt
|faint|p2a: Conkeldurr
|
|win|G0tagofast
|leave|Cloud27
|leave|Croven