|join|G0tagofast
|join|Evil King Arthur
|player|p1|G0tagofast|102
|player|p2|Evil King Arthur|102
|gametype|singles
|gen|6
|tier|OU
|rated
|clearpoke
|poke|p1|Diancie
|poke|p1|Volcarona, M
|poke|p1|Keldeo-Resolute
|poke|p1|Bisharp, M
|poke|p1|Skarmory, F
|poke|p1|Gengar, F
|poke|p2|Diancie
|poke|p2|Heatran, F
|poke|p2|Rotom-Wash
|poke|p2|Chesnaught, M
|poke|p2|Latias, F
|poke|p2|Excadrill, M
|rule|Swagger Clause: Swagger is banned
|rule|Baton Pass Clause: Limit one PokÃ©mon knowing Baton Pass
|rule|Sleep Clause Mod: Limit one foe put to sleep
|rule|Species Clause: Limit one of each PokÃ©mon
|rule|OHKO Clause: OHKO moves are banned
|rule|Moody Clause: Moody is banned
|rule|Evasion Moves Clause: Evasion moves are banned
|rule|Endless Battle Clause: Forcing endless battles is banned
|rule|HP Percentage Mod: HP is shown in percentages
|teampreview
|c|âEvil King Arthur|gl hf
|c|âG0tagofast|gl hf
|
|start
|switch|p1a: Keldeo-Resolute|Keldeo-Resolute|323\/323
|switch|p2a: Rotom-Wash|Rotom-Wash|293\/293
|turn|1
|
|move|p1a: Keldeo-Resolute|Secret Sword|p2a: Rotom-Wash
|-damage|p2a: Rotom-Wash|148\/293
|move|p2a: Rotom-Wash|Volt Switch|p1a: Keldeo-Resolute
|-supereffective|p1a: Keldeo-Resolute
|-damage|p1a: Keldeo-Resolute|129\/323
|
|switch|p2a: Latias|Latias, F|301\/301
|
|turn|2
|
|switch|p1a: Diancie|Diancie|257\/257
|move|p2a: Latias|Draco Meteor|p1a: Diancie
|-immune|p1a: Diancie|[msg]
|
|turn|3
|
|switch|p2a: Excadrill|Excadrill, M|361\/361
|-ability|p2a: Excadrill|Mold Breaker
|detailschange|p1a: Diancie|Diancie-Mega
|-mega|p1a: Diancie|Diancie|Diancite
|move|p1a: Diancie|Hidden Power|p2a: Excadrill
|-crit|p2a: Excadrill
|-supereffective|p2a: Excadrill
|-damage|p2a: Excadrill|0 fnt
|faint|p2a: Excadrill
|
|
|switch|p2a: Rotom-Wash|Rotom-Wash|148\/293
|turn|4
|
|move|p1a: Diancie|Moonblast|p2a: Rotom-Wash
|-damage|p2a: Rotom-Wash|0 fnt
|faint|p2a: Rotom-Wash
|
|
|switch|p2a: Latias|Latias, F|301\/301
|turn|5
|
|move|p2a: Latias|Psyshock|p1a: Diancie
|-damage|p1a: Diancie|111\/257
|-damage|p2a: Latias|271\/301|[from] item: Life Orb
|move|p1a: Diancie|Moonblast|p2a: Latias
|-supereffective|p2a: Latias
|-damage|p2a: Latias|0 fnt
|faint|p2a: Latias
|
|
|switch|p2a: Diancie|Diancie|259\/259
|turn|6
|
|move|p1a: Diancie|Moonblast|p2a: Diancie
|-damage|p2a: Diancie|96\/259
|move|p2a: Diancie|Rock Polish|p2a: Diancie
|-boost|p2a: Diancie|spe|2
|
|turn|7
|
|switch|p1a: Skarmory|Skarmory, F|271\/271
|detailschange|p2a: Diancie|Diancie-Mega
|-mega|p2a: Diancie|Diancie|Diancite
|move|p2a: Diancie|Moonblast|p1a: Skarmory
|-resisted|p1a: Skarmory
|-damage|p1a: Skarmory|127\/271
|
|turn|8
|
|move|p2a: Diancie|Moonblast|p1a: Skarmory
|-resisted|p1a: Skarmory
|-damage|p1a: Skarmory|0 fnt
|faint|p1a: Skarmory
|
|
|switch|p1a: Bisharp|Bisharp, M|289\/289
|turn|9
|
|move|p1a: Bisharp|Sucker Punch|p2a: Diancie
|-crit|p2a: Diancie
|-resisted|p2a: Diancie
|-damage|p2a: Diancie|0 fnt
|-damage|p1a: Bisharp|261\/289|[from] item: Life Orb
|faint|p2a: Diancie
|
|c|âG0tagofast|sorry 4 that
|
|switch|p2a: Chesnaught|Chesnaught, M|320\/320
|turn|10
|c|âEvil King Arthur|its fine
|
|switch|p1a: Keldeo-Resolute|Keldeo-Resolute|129\/323
|move|p2a: Chesnaught|Substitute|p2a: Chesnaught
|-start|p2a: Chesnaught|Substitute
|-damage|p2a: Chesnaught|240\/320
|
|turn|11
|
|move|p1a: Keldeo-Resolute|Icy Wind|p2a: Chesnaught
|-supereffective|p2a: Chesnaught
|-end|p2a: Chesnaught|Substitute
|move|p2a: Chesnaught|Belly Drum|p2a: Chesnaught
|-damage|p2a: Chesnaught|80\/320
|-setboost|p2a: Chesnaught|atk|6|[from] move: Belly Drum
|-enditem|p2a: Chesnaught|Salac Berry|[eat]
|-boost|p2a: Chesnaught|spe|1|[from] item: Salac Berry
|
|turn|12
|
|move|p2a: Chesnaught|Drain Punch|p1a: Keldeo-Resolute
|-damage|p1a: Keldeo-Resolute|0 fnt
|-heal|p2a: Chesnaught|145\/320|[from] drain|[of] p1a: Keldeo-Resolute
|faint|p1a: Keldeo-Resolute
|
|
|switch|p1a: Gengar|Gengar, F|261\/261
|turn|13
|
|move|p1a: Gengar|Sludge Wave|p2a: Chesnaught
|-supereffective|p2a: Chesnaught
|-damage|p2a: Chesnaught|0 fnt
|faint|p2a: Chesnaught
|
|c|âEvil King Arthur|is that scarf
|
|switch|p2a: Heatran|Heatran, F|385\/385
|turn|14
|c|âEvil King Arthur|what
|c|âG0tagofast|yes
|c|âG0tagofast|FUck scarf keldeo gengar is cooler
|
|switch|p1a: Diancie|Diancie-Mega|111\/257
|move|p2a: Heatran|Stealth Rock|p1a: Diancie
|move|p1a: Diancie|Stealth Rock|p2a: Heatran|[from]Magic Bounce
|-sidestart|p2: Evil King Arthur|move: Stealth Rock
|
|turn|15
|c|âEvil King Arthur|welp i lost
|c|âEvil King Arthur|gg
|c|âG0tagofast|lol
|c|âEvil King Arthur|predicting my rocks
|c|âG0tagofast|What i love about hidden power fire and diancie is that heatran is never coming xD
|
|move|p1a: Diancie|Diamond Storm|p2a: Heatran
|-damage|p2a: Heatran|204\/385
|-boost|p1a: Diancie|def|1
|move|p2a: Heatran|Lava Plume|p1a: Diancie
|-resisted|p1a: Diancie
|-damage|p1a: Diancie|49\/257
|
|-heal|p2a: Heatran|228\/385|[from] item: Leftovers
|turn|16
|c|âEvil King Arthur|what set are you using
|c|âG0tagofast|Rock polish
|c|âEvil King Arthur|hp fire moonblast diamond storm rock polish
|c|âG0tagofast|That
|
|move|p1a: Diancie|Diamond Storm|p2a: Heatran
|-damage|p2a: Heatran|48\/385
|-boost|p1a: Diancie|def|1
|move|p2a: Heatran|Lava Plume|p1a: Diancie
|-resisted|p1a: Diancie
|-damage|p1a: Diancie|0 fnt
|faint|p1a: Diancie
|
|-heal|p2a: Heatran|72\/385|[from] item: Leftovers
|c|âEvil King Arthur|usually hp fire replaces diamond storm
|c|âEvil King Arthur|not earthpower
|c|âG0tagofast|I run hidden power ground in volcarona to beat him
|c|âEvil King Arthur|ahh
|c|âEvil King Arthur|gg
|c|âG0tagofast|Diamons storm is so important
|c|âG0tagofast|gg
|c|âEvil King Arthur|chesnaught almost did what he was made far
|c|âEvil King Arthur|for
|c|âEvil King Arthur|but alas
|c|âG0tagofast|yeah lol
|
|switch|p1a: Gengar|Gengar, F|261\/261
|turn|17
|c|âEvil King Arthur|might as well get these
|
|move|p1a: Gengar|Shadow Ball|p2a: Heatran
|-damage|p2a: Heatran|0 fnt
|faint|p2a: Heatran
|
|win|G0tagofast
|raw|Ladder updating...
|raw|G0tagofast's rating: 1531 &rarr; <strong>1548<\/strong><br \/>(+17 for winning)
|raw|Evil King Arthur's rating: 1472 &rarr; <strong>1455<\/strong><br \/>(-17 for losing)
|c|âEvil King Arthur|no my rocks
|c|âG0tagofast|gg
|c|âEvil King Arthur|gg