|join|yuna28
|join|G0tagofast
|player|p1|yuna28|192
|player|p2|G0tagofast|102
|gametype|singles
|gen|6
|tier|OU
|rated
|clearpoke
|poke|p1|Charizard, F
|poke|p1|Weavile, M, shiny
|poke|p1|Reuniclus, F
|poke|p1|Sylveon, F
|poke|p1|Gyarados, M, shiny
|poke|p1|Mew
|poke|p2|Diancie
|poke|p2|Volcarona, M
|poke|p2|Keldeo-Resolute
|poke|p2|Bisharp, M
|poke|p2|Skarmory, M
|poke|p2|Gengar, M
|rule|Swagger Clause: Swagger is banned
|rule|Baton Pass Clause: Limit one PokÃ©mon knowing Baton Pass
|rule|Sleep Clause Mod: Limit one foe put to sleep
|rule|Species Clause: Limit one of each PokÃ©mon
|rule|OHKO Clause: OHKO moves are banned
|rule|Moody Clause: Moody is banned
|rule|Evasion Moves Clause: Evasion moves are banned
|rule|Endless Battle Clause: Forcing endless battles is banned
|rule|HP Percentage Mod: HP is shown in percentages
|teampreview
|
|start
|switch|p1a: Mew|Mew|404\/404
|switch|p2a: Skarmory|Skarmory, M|271\/271
|turn|1
|
|move|p2a: Skarmory|Taunt|p1a: Mew
|-start|p1a: Mew|move: Taunt
|cant|p1a: Mew|move: Taunt|Thunder Wave
|
|turn|2
|
|switch|p1a: Charizard|Charizard, F|297\/297
|move|p2a: Skarmory|Stealth Rock|p1a: Charizard
|-sidestart|p1: yuna28|move: Stealth Rock
|
|turn|3
|
|detailschange|p1a: Charizard|Charizard-Mega-Y, F
|-mega|p1a: Charizard|Charizard|Charizardite Y
|-weather|SunnyDay
|move|p1a: Charizard|Flamethrower|p2a: Skarmory
|-supereffective|p2a: Skarmory
|-activate|p2a: Skarmory|Sturdy
|-damage|p2a: Skarmory|1\/271
|-enditem|p2a: Skarmory|Salac Berry|[eat]
|-boost|p2a: Skarmory|spe|1|[from] item: Salac Berry
|move|p2a: Skarmory|Spikes|p1a: Charizard
|-sidestart|p1: yuna28|Spikes
|
|-weather|SunnyDay|[upkeep]
|turn|4
|
|move|p2a: Skarmory|Brave Bird|p1a: Charizard
|-damage|p1a: Charizard|93\/297
|-damage|p2a: Skarmory|0 fnt|[from] recoil|[of] p1a: Charizard
|faint|p2a: Skarmory
|move|p1a: Charizard|Flamethrower|p2: Skarmory|[notarget]
|-notarget
|
|-weather|SunnyDay|[upkeep]
|
|switch|p2a: Gengar|Gengar, M|261\/261
|turn|5
|
|switch|p1a: Reuniclus|Reuniclus, F|424\/424
|move|p2a: Gengar|Sludge Wave|p1a: Reuniclus
|-damage|p1a: Reuniclus|213\/424
|
|-weather|SunnyDay|[upkeep]
|-heal|p1a: Reuniclus|239\/424|[from] item: Leftovers
|turn|6
|
|switch|p2a: Bisharp|Bisharp, M|289\/289
|move|p1a: Reuniclus|Psyshock|p2a: Bisharp
|-immune|p2a: Bisharp|[msg]
|
|-weather|SunnyDay|[upkeep]
|-heal|p1a: Reuniclus|265\/424|[from] item: Leftovers
|turn|7
|
|move|p2a: Bisharp|Knock Off|p1a: Reuniclus
|-supereffective|p1a: Reuniclus
|-damage|p1a: Reuniclus|0 fnt
|-enditem|p1a: Reuniclus|Leftovers|[from] move: Knock Off|[of] p2a: Bisharp
|-damage|p2a: Bisharp|261\/289|[from] item: Life Orb
|faint|p1a: Reuniclus
|
|-weather|none
|
|switch|p1a: Mew|Mew|404\/404
|-damage|p1a: Mew|354\/404|[from] Stealth Rock
|-damage|p1a: Mew|304\/404|[from] Spikes
|turn|8
|
|move|p1a: Mew|Drain Punch|p2a: Bisharp
|-supereffective|p2a: Bisharp
|-damage|p2a: Bisharp|17\/289
|-heal|p1a: Mew|404\/404|[from] drain|[of] p2a: Bisharp
|move|p2a: Bisharp|Knock Off|p1a: Mew
|-supereffective|p1a: Mew
|-damage|p1a: Mew|82\/404
|-enditem|p1a: Mew|Leftovers|[from] move: Knock Off|[of] p2a: Bisharp
|-damage|p2a: Bisharp|0 fnt|[from] item: Life Orb
|faint|p2a: Bisharp
|
|
|switch|p2a: Gengar|Gengar, M|261\/261
|turn|9
|
|move|p2a: Gengar|Sludge Wave|p1a: Mew
|-damage|p1a: Mew|0 fnt
|faint|p1a: Mew
|
|
|switch|p1a: Gyarados|Gyarados, M, shiny|332\/332
|-damage|p1a: Gyarados|249\/332|[from] Stealth Rock
|turn|10
|
|move|p2a: Gengar|Sludge Wave|p1a: Gyarados
|-damage|p1a: Gyarados|83\/332
|move|p1a: Gyarados|Dragon Dance|p1a: Gyarados
|-boost|p1a: Gyarados|atk|1
|-boost|p1a: Gyarados|spe|1
|
|-heal|p1a: Gyarados|103\/332|[from] item: Leftovers
|turn|11
|c|âG0tagofast|gg
|
|move|p2a: Gengar|Sludge Wave|p1a: Gyarados
|-damage|p1a: Gyarados|0 fnt
|faint|p1a: Gyarados
|
|
|switch|p1a: Weavile|Weavile, M, shiny|282\/282
|-damage|p1a: Weavile|212\/282|[from] Stealth Rock
|-damage|p1a: Weavile|177\/282|[from] Spikes
|-ability|p1a: Weavile|Pressure
|turn|12
|
|move|p2a: Gengar|Sludge Wave|p1a: Weavile
|-damage|p1a: Weavile|0 fnt
|faint|p1a: Weavile
|
|-message|yuna28 forfeited.
|
|win|G0tagofast
|raw|Ladder updating...
|raw|yuna28's rating: 1659 &rarr; <strong>1636<\/strong><br \/>(-23 for losing)
|raw|G0tagofast's rating: 1598 &rarr; <strong>1622<\/strong><br \/>(+24 for winning)