|join|G0tagofast
|join|Gyarados-Mega
|player|p1|G0tagofast|169
|player|p2|Gyarados-Mega|151
|gametype|singles
|gen|6
|tier|OU
|rated
|clearpoke
|poke|p1|Metagross
|poke|p1|Dragalge, M
|poke|p1|Bisharp, M
|poke|p1|Heatran, M
|poke|p1|Latios, M
|poke|p1|Azumarill, M
|poke|p2|Landorus-Therian, M
|poke|p2|Charizard, M
|poke|p2|Zapdos
|poke|p2|Meloetta
|poke|p2|Breloom, M
|poke|p2|Magnezone
|rule|Swagger Clause: Swagger is banned
|rule|Baton Pass Clause: Limit one PokÃ©mon knowing Baton Pass
|rule|Sleep Clause Mod: Limit one foe put to sleep
|rule|Species Clause: Limit one of each PokÃ©mon
|rule|OHKO Clause: OHKO moves are banned
|rule|Moody Clause: Moody is banned
|rule|Evasion Moves Clause: Evasion moves are banned
|rule|Endless Battle Clause: Forcing endless battles is banned
|rule|HP Percentage Mod: HP is shown in percentages
|teampreview
|c|âG0tagofast|Hi again
|c|âGyarados-Mega|hi
|
|start
|switch|p1a: Heatran|Heatran, M|323\/323
|switch|p2a: Enten|Landorus-Therian, M|382\/382
|-ability|p2a: Enten|Intimidate|[of] p1a: Heatran
|-unboost|p1a: Heatran|atk|1
|turn|1
|c|âGyarados-Mega|sry
|c|âG0tagofast|ok
|
|move|p1a: Heatran|Stealth Rock|p2a: Enten
|-sidestart|p2: Gyarados-Mega|move: Stealth Rock
|move|p2a: Enten|Stealth Rock|p1a: Heatran
|-sidestart|p1: G0tagofast|move: Stealth Rock
|
|turn|2
|
|move|p1a: Heatran|Magma Storm|p2a: Enten|[miss]
|-miss|p1a: Heatran|p2a: Enten
|move|p2a: Enten|Earthquake|p1a: Heatran
|-supereffective|p1a: Heatran
|-damage|p1a: Heatran|0 fnt
|faint|p1a: Heatran
|
|c|âGyarados-Mega|Sorry
|
|switch|p1a: Azumarill|Azumarill, M|359\/359
|-damage|p1a: Azumarill|315\/359|[from] Stealth Rock
|turn|3
|c|âG0tagofast|yeah np
|c|âGyarados-Mega|landot is powerful
|
|move|p2a: Enten|Earthquake|p1a: Azumarill
|-crit|p1a: Azumarill
|-damage|p1a: Azumarill|29\/359
|move|p1a: Azumarill|Waterfall|p2a: Enten
|-supereffective|p2a: Enten
|-damage|p2a: Enten|0 fnt
|faint|p2a: Enten
|
|c|âGyarados-Mega|:O
|c|âG0tagofast|that was crit...
|
|switch|p2a: Detective|Breloom, M|324\/324
|-damage|p2a: Detective|304\/324|[from] Stealth Rock
|turn|4
|
|switch|p1a: Dragalge|Dragalge, M|319\/319
|-damage|p1a: Dragalge|280\/319|[from] Stealth Rock
|move|p2a: Detective|Seed Bomb|p1a: Dragalge
|-resisted|p1a: Dragalge
|-damage|p1a: Dragalge|250\/319
|
|-status|p2a: Detective|tox|[from] item: Toxic Orb
|turn|5
|
|switch|p2a: Terminal|Magnezone|344\/344
|-damage|p2a: Terminal|323\/344|[from] Stealth Rock
|switch|p1a: Azumarill|Azumarill, M|29\/359
|-damage|p1a: Azumarill|0 fnt|[from] Stealth Rock
|faint|p1a: Azumarill
|
|
|switch|p1a: Latios|Latios, M|299\/299
|-damage|p1a: Latios|262\/299|[from] Stealth Rock
|turn|6
|
|move|p1a: Latios|Calm Mind|p1a: Latios
|-boost|p1a: Latios|spa|1
|-boost|p1a: Latios|spd|1
|move|p2a: Terminal|Flash Cannon|p1a: Latios
|-damage|p1a: Latios|114\/299
|
|turn|7
|
|move|p1a: Latios|Roost|p1a: Latios
|-heal|p1a: Latios|264\/299
|move|p2a: Terminal|Flash Cannon|p1a: Latios
|-damage|p1a: Latios|113\/299
|
|turn|8
|
|move|p1a: Latios|Roost|p1a: Latios
|-heal|p1a: Latios|263\/299
|move|p2a: Terminal|Flash Cannon|p1a: Latios
|-damage|p1a: Latios|125\/299
|
|turn|9
|
|move|p1a: Latios|Calm Mind|p1a: Latios
|-boost|p1a: Latios|spa|1
|-boost|p1a: Latios|spd|1
|move|p2a: Terminal|Flash Cannon|p1a: Latios
|-damage|p1a: Latios|17\/299
|
|turn|10
|
|switch|p2a: Zelda|Meloetta|404\/404
|-damage|p2a: Zelda|354\/404|[from] Stealth Rock
|move|p1a: Latios|Roost|p1a: Latios
|-heal|p1a: Latios|167\/299
|
|turn|11
|
|move|p1a: Latios|Psyshock|p2a: Zelda
|-crit|p2a: Zelda
|-resisted|p2a: Zelda
|-damage|p2a: Zelda|24\/404
|-damage|p1a: Latios|138\/299|[from] item: Life Orb
|move|p2a: Zelda|Dazzling Gleam|p1a: Latios
|-supereffective|p1a: Latios
|-damage|p1a: Latios|50\/299
|
|turn|12
|
|move|p1a: Latios|Roost|p1a: Latios
|-heal|p1a: Latios|200\/299
|move|p2a: Zelda|Psyshock|p1a: Latios
|-resisted|p1a: Latios
|-damage|p1a: Latios|113\/299
|
|turn|13
|
|move|p1a: Latios|Roost|p1a: Latios
|-heal|p1a: Latios|263\/299
|move|p2a: Zelda|Dazzling Gleam|p1a: Latios
|-supereffective|p1a: Latios
|-damage|p1a: Latios|159\/299
|
|turn|14
|
|move|p1a: Latios|Roost|p1a: Latios
|-heal|p1a: Latios|299\/299
|move|p2a: Zelda|Dazzling Gleam|p1a: Latios
|-supereffective|p1a: Latios
|-damage|p1a: Latios|209\/299
|
|turn|15
|
|move|p1a: Latios|Psyshock|p2a: Zelda
|-resisted|p2a: Zelda
|-damage|p2a: Zelda|0 fnt
|-damage|p1a: Latios|180\/299|[from] item: Life Orb
|faint|p2a: Zelda
|
|
|switch|p2a: Terminal|Magnezone|323\/344
|-damage|p2a: Terminal|302\/344|[from] Stealth Rock
|turn|16
|
|move|p1a: Latios|Draco Meteor|p2a: Terminal
|-resisted|p2a: Terminal
|-damage|p2a: Terminal|0 fnt
|-unboost|p1a: Latios|spa|2
|-damage|p1a: Latios|151\/299|[from] item: Life Orb
|faint|p2a: Terminal
|
|-message|Gyarados-Mega forfeited.
|leave|Gyarados-Mega
|
|win|G0tagofast
|raw|Ladder updating...
|player|p2
|raw|G0tagofast's rating: 1633 &rarr; <strong>1657<\/strong><br \/>(+24 for winning)
|raw|Gyarados-Mega's rating: 1708 &rarr; <strong>1684<\/strong><br \/>(-24 for losing)