|join|G0tagofast
|join|chicken chow mein
|player|p1|G0tagofast|101
|player|p2|chicken chow mein|115
|gametype|singles
|gen|6
|tier|OU
|rated
|clearpoke
|poke|p1|Diancie
|poke|p1|Volcarona, M
|poke|p1|Keldeo-Resolute
|poke|p1|Bisharp, M
|poke|p1|Skarmory, M
|poke|p1|Gengar, M
|poke|p2|Charizard, M
|poke|p2|Latias, F
|poke|p2|Hippowdon, F
|poke|p2|Excadrill, M
|poke|p2|Chansey, F
|poke|p2|Scizor, M
|rule|Swagger Clause: Swagger is banned
|rule|Baton Pass Clause: Limit one PokÃ©mon knowing Baton Pass
|rule|Sleep Clause Mod: Limit one foe put to sleep
|rule|Species Clause: Limit one of each PokÃ©mon
|rule|OHKO Clause: OHKO moves are banned
|rule|Moody Clause: Moody is banned
|rule|Evasion Moves Clause: Evasion moves are banned
|rule|Endless Battle Clause: Forcing endless battles is banned
|rule|HP Percentage Mod: HP is shown in percentages
|teampreview
|
|start
|switch|p1a: Skarmory|Skarmory, M|271\/271
|switch|p2a: waifu|Charizard, M|297\/297
|turn|1
|
|detailschange|p2a: waifu|Charizard-Mega-Y, M
|-mega|p2a: waifu|Charizard|Charizardite Y
|-weather|SunnyDay
|move|p2a: waifu|Fire Blast|p1a: Skarmory
|-supereffective|p1a: Skarmory
|-activate|p1a: Skarmory|Sturdy
|-damage|p1a: Skarmory|1\/271
|-enditem|p1a: Skarmory|Salac Berry|[eat]
|-boost|p1a: Skarmory|spe|1|[from] item: Salac Berry
|move|p1a: Skarmory|Stealth Rock|p2a: waifu
|-sidestart|p2: chicken chow mein|move: Stealth Rock
|
|-weather|SunnyDay|[upkeep]
|turn|2
|
|move|p1a: Skarmory|Spikes|p2a: waifu
|-sidestart|p2: chicken chow mein|Spikes
|move|p2a: waifu|Solar Beam|p1a: Skarmory|[still]
|-prepare|p2a: waifu|Solar Beam|p1a: Skarmory
|-anim|p2a: waifu|Solar Beam|p1a: Skarmory
|-resisted|p1a: Skarmory
|-damage|p1a: Skarmory|0 fnt
|faint|p1a: Skarmory
|
|-weather|SunnyDay|[upkeep]
|
|switch|p1a: Gengar|Gengar, M|261\/261
|turn|3
|
|move|p1a: Gengar|Shadow Ball|p2a: waifu
|-damage|p2a: waifu|150\/297
|-unboost|p2a: waifu|spd|1
|move|p2a: waifu|Fire Blast|p1a: Gengar
|-damage|p1a: Gengar|0 fnt
|faint|p1a: Gengar
|
|-weather|SunnyDay|[upkeep]
|
|switch|p1a: Keldeo-Resolute|Keldeo-Resolute|323\/323
|turn|4
|
|switch|p2a: moe af|Latias, F|320\/320
|-damage|p2a: moe af|280\/320|[from] Stealth Rock
|move|p1a: Keldeo-Resolute|Scald|p2a: moe af
|-resisted|p2a: moe af
|-damage|p2a: moe af|235\/320
|-status|p2a: moe af|brn
|
|-weather|SunnyDay|[upkeep]
|-heal|p2a: moe af|255\/320 brn|[from] item: Leftovers
|-damage|p2a: moe af|215\/320 brn|[from] brn
|turn|5
|
|switch|p1a: Bisharp|Bisharp, M|289\/289
|switch|p2a: i eat ass|Excadrill, M|362\/362
|-damage|p2a: i eat ass|317\/362|[from] Spikes
|-damage|p2a: i eat ass|306\/362|[from] Stealth Rock
|
|-weather|none
|turn|6
|
|move|p1a: Bisharp|Sucker Punch|p2a: i eat ass
|-damage|p2a: i eat ass|14\/362
|-damage|p1a: Bisharp|261\/289|[from] item: Life Orb
|move|p2a: i eat ass|Rapid Spin|p1a: Bisharp
|-resisted|p1a: Bisharp
|-damage|p1a: Bisharp|247\/289
|-sideend|p2: chicken chow mein|Spikes|[from] move: Rapid Spin|[of] p2a: i eat ass
|-sideend|p2: chicken chow mein|Stealth Rock|[from] move: Rapid Spin|[of] p2a: i eat ass
|
|turn|7
|
|move|p1a: Bisharp|Pursuit|p2a: i eat ass|[from]Pursuit
|-damage|p2a: i eat ass|0 fnt
|-damage|p1a: Bisharp|219\/289|[from] item: Life Orb
|faint|p2a: i eat ass
|
|
|switch|p2a: sandbox|Hippowdon, F|420\/420
|-weather|Sandstorm
|turn|8
|
|switch|p1a: Volcarona|Volcarona, M|329\/329
|move|p2a: sandbox|Toxic|p1a: Volcarona
|-status|p1a: Volcarona|tox
|
|-weather|Sandstorm|[upkeep]
|-damage|p1a: Volcarona|309\/329 tox|[from] sandstorm
|-damage|p1a: Volcarona|289\/329 tox|[from] psn
|turn|9
|
|switch|p2a: i am senpai|Chansey, F|704\/704
|move|p1a: Volcarona|Giga Drain|p2a: i am senpai
|-damage|p2a: i am senpai|621\/704
|-heal|p1a: Volcarona|329\/329 tox|[from] drain|[of] p2a: i am senpai
|-damage|p1a: Volcarona|297\/329 tox|[from] item: Life Orb
|
|-weather|Sandstorm|[upkeep]
|-damage|p1a: Volcarona|277\/329 tox|[from] sandstorm
|-damage|p2a: i am senpai|577\/704|[from] sandstorm
|-damage|p1a: Volcarona|237\/329 tox|[from] psn
|turn|10
|
|switch|p1a: Keldeo-Resolute|Keldeo-Resolute|323\/323
|move|p2a: i am senpai|Wish|p2a: i am senpai
|
|-weather|Sandstorm|[upkeep]
|-damage|p1a: Keldeo-Resolute|303\/323|[from] sandstorm
|-damage|p2a: i am senpai|533\/704|[from] sandstorm
|turn|11
|
|move|p2a: i am senpai|Protect|p2a: i am senpai
|-singleturn|p2a: i am senpai|Protect
|move|p1a: Keldeo-Resolute|Secret Sword|p2a: i am senpai
|-activate|p2a: i am senpai|Protect
|
|-weather|Sandstorm|[upkeep]
|-damage|p1a: Keldeo-Resolute|283\/323|[from] sandstorm
|-damage|p2a: i am senpai|489\/704|[from] sandstorm
|-heal|p2a: i am senpai|704\/704|[from] move: Wish|[wisher] i am senpai
|turn|12
|
|switch|p1a: Bisharp|Bisharp, M|219\/289
|switch|p2a: sandbox|Hippowdon, F|420\/420
|
|-weather|none
|turn|13
|
|move|p1a: Bisharp|Knock Off|p2a: sandbox
|-damage|p2a: sandbox|290\/420
|-enditem|p2a: sandbox|Leftovers|[from] move: Knock Off|[of] p1a: Bisharp
|-damage|p1a: Bisharp|191\/289|[from] item: Life Orb
|move|p2a: sandbox|Earthquake|p1a: Bisharp
|-supereffective|p1a: Bisharp
|-damage|p1a: Bisharp|0 fnt
|faint|p1a: Bisharp
|
|
|switch|p1a: Keldeo-Resolute|Keldeo-Resolute|283\/323
|turn|14
|
|switch|p2a: moe af|Latias, F|215\/320 brn
|move|p1a: Keldeo-Resolute|Scald|p2a: moe af
|-resisted|p2a: moe af
|-damage|p2a: moe af|137\/320 brn
|
|-heal|p2a: moe af|157\/320 brn|[from] item: Leftovers
|-damage|p2a: moe af|117\/320 brn|[from] brn
|turn|15
|
|switch|p1a: Diancie|Diancie|257\/257
|move|p2a: moe af|Recover|p2a: moe af
|-heal|p2a: moe af|277\/320 brn
|
|-heal|p2a: moe af|297\/320 brn|[from] item: Leftovers
|-damage|p2a: moe af|257\/320 brn|[from] brn
|turn|16
|
|switch|p2a: tinker bell|Scizor, M|300\/300
|detailschange|p1a: Diancie|Diancie-Mega
|-mega|p1a: Diancie|Diancie|Diancite
|move|p1a: Diancie|Hidden Power|p2a: tinker bell
|-crit|p2a: tinker bell
|-supereffective|p2a: tinker bell
|-damage|p2a: tinker bell|0 fnt
|faint|p2a: tinker bell
|
|
|switch|p2a: sandbox|Hippowdon, F|290\/420
|-weather|Sandstorm
|turn|17
|
|switch|p1a: Volcarona|Volcarona, M|237\/329 tox
|move|p2a: sandbox|Earthquake|p1a: Volcarona
|-damage|p1a: Volcarona|48\/329 tox
|
|-weather|Sandstorm|[upkeep]
|-damage|p1a: Volcarona|28\/329 tox|[from] sandstorm
|-damage|p1a: Volcarona|8\/329 tox|[from] psn
|turn|18
|
|switch|p2a: i am senpai|Chansey, F|704\/704
|move|p1a: Volcarona|Fire Blast|p2a: i am senpai
|-damage|p2a: i am senpai|529\/704
|-damage|p1a: Volcarona|0 fnt|[from] item: Life Orb
|faint|p1a: Volcarona
|
|-weather|Sandstorm|[upkeep]
|-damage|p2a: i am senpai|485\/704|[from] sandstorm
|
|switch|p1a: Keldeo-Resolute|Keldeo-Resolute|283\/323
|turn|19
|
|switch|p2a: moe af|Latias, F|257\/320 brn
|move|p1a: Keldeo-Resolute|Secret Sword|p2a: moe af
|-resisted|p2a: moe af
|-damage|p2a: moe af|137\/320 brn
|
|-weather|Sandstorm|[upkeep]
|-damage|p1a: Keldeo-Resolute|263\/323|[from] sandstorm
|-damage|p2a: moe af|117\/320 brn|[from] sandstorm
|-heal|p2a: moe af|137\/320 brn|[from] item: Leftovers
|-damage|p2a: moe af|97\/320 brn|[from] brn
|turn|20
|
|switch|p1a: Diancie|Diancie-Mega|257\/257
|switch|p2a: sandbox|Hippowdon, F|290\/420
|
|-weather|Sandstorm|[upkeep]
|turn|21
|
|move|p1a: Diancie|Moonblast|p2a: sandbox
|-damage|p2a: sandbox|4\/420
|-unboost|p2a: sandbox|spa|1
|move|p2a: sandbox|Earthquake|p1a: Diancie
|-supereffective|p1a: Diancie
|-damage|p1a: Diancie|11\/257
|
|-weather|none
|turn|22
|
|move|p1a: Diancie|Diamond Storm|p2a: sandbox
|-resisted|p2a: sandbox
|-damage|p2a: sandbox|0 fnt
|-boost|p1a: Diancie|def|1
|faint|p2a: sandbox
|
|
|switch|p2a: waifu|Charizard-Mega-Y, M|150\/297
|-weather|SunnyDay
|turn|23
|
|move|p1a: Diancie|Diamond Storm|p2a: waifu
|-supereffective|p2a: waifu
|-damage|p2a: waifu|0 fnt
|faint|p2a: waifu
|
|-weather|SunnyDay|[upkeep]
|
|switch|p2a: moe af|Latias, F|97\/320 brn
|turn|24
|
|move|p2a: moe af|Psyshock|p1a: Diancie
|-damage|p1a: Diancie|0 fnt
|faint|p1a: Diancie
|
|-weather|SunnyDay|[upkeep]
|-heal|p2a: moe af|117\/320 brn|[from] item: Leftovers
|-damage|p2a: moe af|77\/320 brn|[from] brn
|
|switch|p1a: Keldeo-Resolute|Keldeo-Resolute|263\/323
|turn|25
|
|move|p1a: Keldeo-Resolute|Secret Sword|p2a: moe af
|-resisted|p2a: moe af
|-damage|p2a: moe af|0 fnt
|faint|p2a: moe af
|
|-weather|SunnyDay|[upkeep]
|c|âG0tagofast|gg
|c|âchicken chow mein|damn i blew it
|c|âchicken chow mein|gg
|
|switch|p2a: i am senpai|Chansey, F|485\/704
|turn|26
|c|âG0tagofast|great battle this was so exciting
|
|move|p1a: Keldeo-Resolute|Secret Sword|p2a: i am senpai
|-supereffective|p2a: i am senpai
|-damage|p2a: i am senpai|0 fnt
|faint|p2a: i am senpai
|
|win|G0tagofast
|raw|Ladder updating...
|raw|G0tagofast's rating: 1487 &rarr; <strong>1509<\/strong><br \/>(+22 for winning)
|raw|chicken chow mein's rating: 1521 &rarr; <strong>1499<\/strong><br \/>(-22 for losing)