|join|G0tagofast
|join|Horsea Whisperer
|c|âHorsea Whisperer|hf
|player|p1|G0tagofast|101
|player|p2|Horsea Whisperer|2
|gametype|singles
|gen|6
|tier|OU
|rated
|clearpoke
|poke|p1|Diancie
|poke|p1|Volcarona, F
|poke|p1|Serperior, F
|poke|p1|Bisharp, M
|poke|p1|Skarmory, F
|poke|p1|Gengar, M
|poke|p2|Sceptile, F
|poke|p2|Landorus-Therian, M
|poke|p2|Azumarill, M
|poke|p2|Rotom-Wash
|poke|p2|Klefki, F
|poke|p2|Heatran, M
|rule|Swagger Clause: Swagger is banned
|rule|Baton Pass Clause: Limit one PokÃ©mon knowing Baton Pass
|rule|Sleep Clause Mod: Limit one foe put to sleep
|rule|Species Clause: Limit one of each PokÃ©mon
|rule|OHKO Clause: OHKO moves are banned
|rule|Moody Clause: Moody is banned
|rule|Evasion Moves Clause: Evasion moves are banned
|rule|Endless Battle Clause: Forcing endless battles is banned
|rule|HP Percentage Mod: HP is shown in percentages
|teampreview
|c|âG0tagofast|gl hf
|
|start
|switch|p1a: Skarmory|Skarmory, F|271\/271
|switch|p2a: Azumarill|Azumarill, M|363\/363
|turn|1
|
|switch|p2a: Heatran|Heatran, M|385\/385
|move|p1a: Skarmory|Stealth Rock|p2a: Heatran
|-sidestart|p2: Horsea Whisperer|move: Stealth Rock
|
|turn|2
|
|move|p1a: Skarmory|Taunt|p2a: Heatran
|-start|p2a: Heatran|move: Taunt
|cant|p2a: Heatran|move: Taunt|Stealth Rock
|
|turn|3
|
|switch|p2a: Rotom-Wash|Rotom-Wash|303\/303
|-damage|p2a: Rotom-Wash|266\/303|[from] Stealth Rock
|move|p1a: Skarmory|Spikes|p2a: Rotom-Wash
|-sidestart|p2: Horsea Whisperer|Spikes
|
|-heal|p2a: Rotom-Wash|284\/303|[from] item: Leftovers
|turn|4
|
|move|p1a: Skarmory|Spikes|p2a: Rotom-Wash
|-sidestart|p2: Horsea Whisperer|Spikes
|move|p2a: Rotom-Wash|Volt Switch|p1a: Skarmory
|-supereffective|p1a: Skarmory
|-damage|p1a: Skarmory|29\/271
|
|switch|p2a: Sceptile|Sceptile, F|281\/281
|-enditem|p1a: Skarmory|Salac Berry|[eat]
|-boost|p1a: Skarmory|spe|1|[from] item: Salac Berry
|-damage|p2a: Sceptile|246\/281|[from] Stealth Rock
|-damage|p2a: Sceptile|200\/281|[from] Spikes
|
|turn|5
|
|detailschange|p2a: Sceptile|Sceptile-Mega, F
|-mega|p2a: Sceptile|Sceptile|Sceptilite
|move|p1a: Skarmory|Brave Bird|p2a: Sceptile
|-supereffective|p2a: Sceptile
|-damage|p2a: Sceptile|0 fnt
|-damage|p1a: Skarmory|0 fnt|[from] recoil|[of] p2a: Sceptile
|faint|p2a: Sceptile
|faint|p1a: Skarmory
|
|
|switch|p1a: Volcarona|Volcarona, F|329\/329
|switch|p2a: Landorus-Therian|Landorus-Therian, M|319\/319
|-damage|p2a: Landorus-Therian|280\/319|[from] Stealth Rock
|-ability|p2a: Landorus-Therian|Intimidate|[of] p1a: Volcarona
|-unboost|p1a: Volcarona|atk|1
|turn|6
|
|switch|p1a: Gengar|Gengar, M|261\/261
|move|p2a: Landorus-Therian|Knock Off|p1a: Gengar
|-supereffective|p1a: Gengar
|-damage|p1a: Gengar|0 fnt
|-enditem|p1a: Gengar|Choice Scarf|[from] move: Knock Off|[of] p2a: Landorus-Therian
|faint|p1a: Gengar
|
|
|switch|p1a: Diancie|Diancie|257\/257
|turn|7
|
|switch|p2a: Rotom-Wash|Rotom-Wash|284\/303
|-damage|p2a: Rotom-Wash|247\/303|[from] Stealth Rock
|move|p1a: Diancie|Rock Polish|p1a: Diancie
|-boost|p1a: Diancie|spe|2
|
|-heal|p2a: Rotom-Wash|265\/303|[from] item: Leftovers
|turn|8
|
|detailschange|p1a: Diancie|Diancie-Mega
|-mega|p1a: Diancie|Diancie|Diancite
|move|p1a: Diancie|Moonblast|p2a: Rotom-Wash
|-damage|p2a: Rotom-Wash|70\/303
|move|p2a: Rotom-Wash|Hydro Pump|p1a: Diancie
|-supereffective|p1a: Diancie
|-damage|p1a: Diancie|0 fnt
|faint|p1a: Diancie
|
|-heal|p2a: Rotom-Wash|88\/303|[from] item: Leftovers
|
|switch|p1a: Volcarona|Volcarona, F|329\/329
|turn|9
|
|move|p1a: Volcarona|Quiver Dance|p1a: Volcarona
|-boost|p1a: Volcarona|spa|1
|-boost|p1a: Volcarona|spd|1
|-boost|p1a: Volcarona|spe|1
|move|p2a: Rotom-Wash|Hydro Pump|p1a: Volcarona
|-supereffective|p1a: Volcarona
|-damage|p1a: Volcarona|147\/329
|
|-heal|p2a: Rotom-Wash|106\/303|[from] item: Leftovers
|turn|10
|
|move|p1a: Volcarona|Giga Drain|p2a: Rotom-Wash
|-supereffective|p2a: Rotom-Wash
|-damage|p2a: Rotom-Wash|0 fnt
|-heal|p1a: Volcarona|200\/329|[from] drain|[of] p2a: Rotom-Wash
|-damage|p1a: Volcarona|168\/329|[from] item: Life Orb
|faint|p2a: Rotom-Wash
|
|
|switch|p2a: Azumarill|Azumarill, M|363\/363
|-damage|p2a: Azumarill|303\/363|[from] Spikes
|-damage|p2a: Azumarill|258\/363|[from] Stealth Rock
|turn|11
|
|switch|p1a: Serperior|Serperior, F|291\/291
|move|p2a: Azumarill|Aqua Jet|p1a: Serperior
|-resisted|p1a: Serperior
|-damage|p1a: Serperior|221\/291
|
|turn|12
|
|switch|p1a: Volcarona|Volcarona, F|168\/329
|switch|p2a: Heatran|Heatran, M|385\/385
|-damage|p2a: Heatran|337\/385|[from] Stealth Rock
|-damage|p2a: Heatran|273\/385|[from] Spikes
|
|-heal|p2a: Heatran|297\/385|[from] item: Leftovers
|turn|13
|
|move|p1a: Volcarona|Hidden Power|p2a: Heatran
|-supereffective|p2a: Heatran
|-damage|p2a: Heatran|16\/385
|-damage|p1a: Volcarona|136\/329|[from] item: Life Orb
|move|p2a: Heatran|Stealth Rock|p1a: Volcarona
|-sidestart|p1: G0tagofast|move: Stealth Rock
|
|-heal|p2a: Heatran|40\/385|[from] item: Leftovers
|turn|14
|
|move|p1a: Volcarona|Hidden Power|p2a: Heatran
|-supereffective|p2a: Heatran
|-damage|p2a: Heatran|0 fnt
|-damage|p1a: Volcarona|104\/329|[from] item: Life Orb
|faint|p2a: Heatran
|
|
|switch|p2a: Landorus-Therian|Landorus-Therian, M|280\/319
|-damage|p2a: Landorus-Therian|241\/319|[from] Stealth Rock
|-ability|p2a: Landorus-Therian|Intimidate|[of] p1a: Volcarona
|-unboost|p1a: Volcarona|atk|1
|turn|15
|
|move|p2a: Landorus-Therian|Earthquake|p1a: Volcarona
|-damage|p1a: Volcarona|0 fnt
|faint|p1a: Volcarona
|
|
|switch|p1a: Serperior|Serperior, F|221\/291
|-damage|p1a: Serperior|185\/291|[from] Stealth Rock
|turn|16
|
|switch|p2a: Klefki|Klefki, F|317\/317
|-damage|p2a: Klefki|265\/317|[from] Spikes
|-damage|p2a: Klefki|246\/317|[from] Stealth Rock
|move|p1a: Serperior|Leaf Storm|p2a: Klefki
|-resisted|p2a: Klefki
|-damage|p2a: Klefki|180\/317
|-boost|p1a: Serperior|spa|2
|
|-heal|p2a: Klefki|199\/317|[from] item: Leftovers
|turn|17
|
|move|p2a: Klefki|Thunder Wave|p1a: Serperior
|-status|p1a: Serperior|par
|move|p1a: Serperior|Hidden Power|p2a: Klefki
|-crit|p2a: Klefki
|-supereffective|p2a: Klefki
|-damage|p2a: Klefki|0 fnt
|faint|p2a: Klefki
|
|
|switch|p2a: Landorus-Therian|Landorus-Therian, M|241\/319
|-damage|p2a: Landorus-Therian|202\/319|[from] Stealth Rock
|-ability|p2a: Landorus-Therian|Intimidate|[of] p1a: Serperior
|-boost|p1a: Serperior|atk|1
|turn|18
|c|âG0tagofast|gg
|
|move|p2a: Landorus-Therian|Stone Edge|p1a: Serperior|[miss]
|-miss|p2a: Landorus-Therian|p1a: Serperior
|cant|p1a: Serperior|par
|
|turn|19
|
|move|p2a: Landorus-Therian|Stone Edge|p1a: Serperior
|-damage|p1a: Serperior|58\/291 par
|move|p1a: Serperior|Leaf Storm|p2a: Landorus-Therian
|-damage|p2a: Landorus-Therian|0 fnt
|-boost|p1a: Serperior|spa|2
|faint|p2a: Landorus-Therian
|
|
|switch|p2a: Azumarill|Azumarill, M|258\/363
|-damage|p2a: Azumarill|198\/363|[from] Spikes
|-damage|p2a: Azumarill|153\/363|[from] Stealth Rock
|turn|20
|
|move|p2a: Azumarill|Waterfall|p1a: Serperior
|-resisted|p1a: Serperior
|-damage|p1a: Serperior|0 fnt
|faint|p1a: Serperior
|
|
|switch|p1a: Bisharp|Bisharp, M|289\/289
|-damage|p1a: Bisharp|271\/289|[from] Stealth Rock
|turn|21
|
|move|p1a: Bisharp|Iron Head|p2a: Azumarill
|-damage|p2a: Azumarill|0 fnt
|-damage|p1a: Bisharp|243\/289|[from] item: Life Orb
|faint|p2a: Azumarill
|
|win|G0tagofast
|raw|Ladder updating...
|raw|G0tagofast's rating: 1707 &rarr; <strong>1722<\/strong><br \/>(+15 for winning)
|raw|Horsea Whisperer's rating: 1617 &rarr; <strong>1602<\/strong><br \/>(-15 for losing)
|c|âHorsea Whisperer|gg
|leave|Horsea Whisperer