|join|Mister Chair
|join|Mounts
|player|p1|Mister Chair|266
|player|p2|Mounts|101
|gametype|singles
|gen|6
|tier|OU
|rated
|clearpoke
|poke|p1|Sceptile, F
|poke|p1|Heatran, F
|poke|p1|Jirachi
|poke|p1|Rotom-Wash
|poke|p1|Conkeldurr, F
|poke|p1|Garchomp, M
|poke|p2|Absol, F
|poke|p2|Magnezone
|poke|p2|Dragonite, M
|poke|p2|Poliwrath, M
|poke|p2|Victini
|poke|p2|Landorus-Therian, M
|rule|Swagger Clause: Swagger is banned
|rule|Baton Pass Clause: Limit one PokÃ©mon knowing Baton Pass
|rule|Sleep Clause Mod: Limit one foe put to sleep
|rule|Species Clause: Limit one of each PokÃ©mon
|rule|OHKO Clause: OHKO moves are banned
|rule|Moody Clause: Moody is banned
|rule|Evasion Moves Clause: Evasion moves are banned
|rule|Endless Battle Clause: Forcing endless battles is banned
|rule|HP Percentage Mod: HP is shown in percentages
|teampreview
|
|start
|switch|p1a: Rotom-Wash|Rotom-Wash|304\/304
|switch|p2a: Landorus-Therian|Landorus-Therian, M|382\/382
|-ability|p2a: Landorus-Therian|Intimidate|[of] p1a: Rotom-Wash
|-unboost|p1a: Rotom-Wash|atk|1
|turn|1
|
|move|p2a: Landorus-Therian|Toxic|p1a: Rotom-Wash
|-status|p1a: Rotom-Wash|tox
|move|p1a: Rotom-Wash|Will-O-Wisp|p2a: Landorus-Therian
|-status|p2a: Landorus-Therian|brn
|
|-damage|p2a: Landorus-Therian|335\/382 brn|[from] brn
|-damage|p1a: Rotom-Wash|285\/304 tox|[from] psn
|turn|2
|
|move|p2a: Landorus-Therian|Stealth Rock|p1a: Rotom-Wash
|-sidestart|p1: Mister Chair|move: Stealth Rock
|move|p1a: Rotom-Wash|Hydro Pump|p2a: Landorus-Therian
|-crit|p2a: Landorus-Therian
|-supereffective|p2a: Landorus-Therian
|-damage|p2a: Landorus-Therian|0 fnt
|faint|p2a: Landorus-Therian
|
|-heal|p1a: Rotom-Wash|304\/304 tox|[from] item: Leftovers
|-damage|p1a: Rotom-Wash|266\/304 tox|[from] psn
|
|switch|p2a: Dragonite|Dragonite, M|323\/323
|turn|3
|
|move|p2a: Dragonite|Dragon Dance|p2a: Dragonite
|-boost|p2a: Dragonite|atk|1
|-boost|p2a: Dragonite|spe|1
|move|p1a: Rotom-Wash|Will-O-Wisp|p2a: Dragonite|[miss]
|-miss|p1a: Rotom-Wash|p2a: Dragonite
|
|-heal|p1a: Rotom-Wash|285\/304 tox|[from] item: Leftovers
|-damage|p1a: Rotom-Wash|228\/304 tox|[from] psn
|turn|4
|
|move|p2a: Dragonite|Dragon Dance|p2a: Dragonite
|-boost|p2a: Dragonite|atk|1
|-boost|p2a: Dragonite|spe|1
|move|p1a: Rotom-Wash|Will-O-Wisp|p2a: Dragonite
|-status|p2a: Dragonite|brn
|-enditem|p2a: Dragonite|Lum Berry|[eat]
|-curestatus|p2a: Dragonite|brn
|
|-heal|p1a: Rotom-Wash|247\/304 tox|[from] item: Leftovers
|-damage|p1a: Rotom-Wash|171\/304 tox|[from] psn
|turn|5
|
|move|p2a: Dragonite|Extreme Speed|p1a: Rotom-Wash
|-damage|p1a: Rotom-Wash|32\/304 tox
|move|p1a: Rotom-Wash|Will-O-Wisp|p2a: Dragonite
|-status|p2a: Dragonite|brn
|
|-heal|p1a: Rotom-Wash|51\/304 tox|[from] item: Leftovers
|-damage|p2a: Dragonite|283\/323 brn|[from] brn
|-damage|p1a: Rotom-Wash|0 fnt|[from] psn
|faint|p1a: Rotom-Wash
|
|switch|p1a: Conkeldurr|Conkeldurr, F|352\/352
|-damage|p1a: Conkeldurr|330\/352|[from] Stealth Rock
|turn|6
|
|move|p2a: Dragonite|Outrage|p1a: Conkeldurr
|-damage|p1a: Conkeldurr|62\/352
|move|p1a: Conkeldurr|Ice Punch|p2a: Dragonite
|-supereffective|p2a: Dragonite
|-damage|p2a: Dragonite|0 fnt
|faint|p2a: Dragonite
|
|
|switch|p2a: Absol|Absol, F|271\/271
|turn|7
|
|detailschange|p2a: Absol|Absol-Mega, F
|message|Absol has Mega Evolved into Mega Absol!
|move|p2a: Absol|Sucker Punch|p1a: Conkeldurr
|-resisted|p1a: Conkeldurr
|-damage|p1a: Conkeldurr|0 fnt
|faint|p1a: Conkeldurr
|
|
|switch|p1a: Heatran|Heatran, F|323\/323
|-damage|p1a: Heatran|283\/323|[from] Stealth Rock
|turn|8
|
|switch|p2a: Poliwrath|Poliwrath, M|383\/383
|move|p1a: Heatran|Overheat|p2a: Poliwrath
|-resisted|p2a: Poliwrath
|-damage|p2a: Poliwrath|251\/383
|-unboost|p1a: Heatran|spa|2
|
|turn|9
|
|switch|p1a: Jirachi|Jirachi|397\/397
|-damage|p1a: Jirachi|373\/397|[from] Stealth Rock
|move|p2a: Poliwrath|Circle Throw|p1a: Jirachi
|-damage|p1a: Jirachi|274\/397
|drag|p1a: Heatran|Heatran, F|283\/323
|-damage|p1a: Heatran|243\/323|[from] Stealth Rock
|
|turn|10
|
|switch|p1a: Garchomp|Garchomp, M|357\/357
|-damage|p1a: Garchomp|335\/357|[from] Stealth Rock
|move|p2a: Poliwrath|Circle Throw|p1a: Garchomp
|-damage|p1a: Garchomp|238\/357
|-damage|p2a: Poliwrath|204\/383|[from] ability: Rough Skin|[of] p1a: Garchomp
|drag|p1a: Jirachi|Jirachi|274\/397
|-damage|p1a: Jirachi|250\/397|[from] Stealth Rock
|
|-heal|p1a: Jirachi|274\/397|[from] item: Leftovers
|turn|11
|
|switch|p2a: Magnezone|Magnezone|281\/281
|move|p1a: Jirachi|Stealth Rock|p2a: Magnezone
|-sidestart|p2: Mounts|move: Stealth Rock
|
|-heal|p1a: Jirachi|298\/397|[from] item: Leftovers
|turn|12
|
|move|p2a: Magnezone|Thunderbolt|p1a: Jirachi
|-damage|p1a: Jirachi|172\/397
|move|p1a: Jirachi|Iron Head|p2a: Magnezone
|-resisted|p2a: Magnezone
|-damage|p2a: Magnezone|262\/281
|
|-heal|p1a: Jirachi|196\/397|[from] item: Leftovers
|turn|13
|
|move|p2a: Magnezone|Thunderbolt|p1a: Jirachi
|-damage|p1a: Jirachi|79\/397
|move|p1a: Jirachi|U-turn|p2a: Magnezone
|-resisted|p2a: Magnezone
|-damage|p2a: Magnezone|238\/281
|
|switch|p1a: Sceptile|Sceptile, F|281\/281
|-damage|p1a: Sceptile|246\/281|[from] Stealth Rock
|
|turn|14
|
|switch|p2a: Poliwrath|Poliwrath, M|204\/383
|-damage|p2a: Poliwrath|181\/383|[from] Stealth Rock
|detailschange|p1a: Sceptile|Sceptile-Mega, F
|message|Sceptile has Mega Evolved into Mega Sceptile!
|move|p1a: Sceptile|Substitute|p1a: Sceptile
|-start|p1a: Sceptile|Substitute
|-damage|p1a: Sceptile|176\/281
|
|turn|15
|
|switch|p2a: Magnezone|Magnezone|238\/281
|-damage|p2a: Magnezone|221\/281|[from] Stealth Rock
|move|p1a: Sceptile|Giga Drain|p2a: Magnezone
|-resisted|p2a: Magnezone
|-damage|p2a: Magnezone|140\/281
|-heal|p1a: Sceptile|217\/281|[from] drain|[of] p2a: Magnezone
|
|turn|16
|
|move|p1a: Sceptile|Focus Blast|p2a: Magnezone
|-supereffective|p2a: Magnezone
|-damage|p2a: Magnezone|0 fnt
|faint|p2a: Magnezone
|
|
|switch|p2a: Victini|Victini|341\/341
|-damage|p2a: Victini|256\/341|[from] Stealth Rock
|turn|17
|
|move|p1a: Sceptile|Dragon Pulse|p2a: Victini
|-damage|p2a: Victini|82\/341
|move|p2a: Victini|U-turn|p1a: Sceptile
|-supereffective|p1a: Sceptile
|-end|p1a: Sceptile|Substitute
|
|switch|p2a: Absol|Absol-Mega, F|271\/271
|-damage|p2a: Absol|238\/271|[from] Stealth Rock
|
|turn|18
|
|switch|p1a: Jirachi|Jirachi|79\/397
|-damage|p1a: Jirachi|55\/397|[from] Stealth Rock
|move|p2a: Absol|Play Rough|p1a: Jirachi
|-resisted|p1a: Jirachi
|-damage|p1a: Jirachi|0 fnt
|faint|p1a: Jirachi
|
|
|switch|p1a: Heatran|Heatran, F|243\/323
|-damage|p1a: Heatran|203\/323|[from] Stealth Rock
|turn|19
|
|switch|p2a: Victini|Victini|82\/341
|-damage|p2a: Victini|0 fnt|[from] Stealth Rock
|faint|p2a: Victini
|move|p1a: Heatran|Overheat|p2: Victini|[notarget]
|-notarget
|
|
|switch|p2a: Poliwrath|Poliwrath, M|181\/383
|-damage|p2a: Poliwrath|158\/383|[from] Stealth Rock
|turn|20
|
|switch|p1a: Garchomp|Garchomp, M|238\/357
|-damage|p1a: Garchomp|216\/357|[from] Stealth Rock
|move|p2a: Poliwrath|Rest|p2a: Poliwrath
|-status|p2a: Poliwrath|slp
|-heal|p2a: Poliwrath|383\/383 slp|[silent]
|-status|p2a: Poliwrath|slp|[from] move: Rest
|-enditem|p2a: Poliwrath|Chesto Berry|[eat]
|-curestatus|p2a: Poliwrath|slp
|
|turn|21
|
|move|p1a: Garchomp|Outrage|p2a: Poliwrath
|-damage|p2a: Poliwrath|158\/383
|move|p2a: Poliwrath|Ice Punch|p1a: Garchomp
|-supereffective|p1a: Garchomp
|-damage|p1a: Garchomp|0 fnt
|-damage|p2a: Poliwrath|111\/383|[from] ability: Rough Skin|[of] p1a: Garchomp
|faint|p1a: Garchomp
|
|
|switch|p1a: Sceptile|Sceptile-Mega, F|217\/281
|-damage|p1a: Sceptile|182\/281|[from] Stealth Rock
|turn|22
|
|move|p1a: Sceptile|Giga Drain|p2a: Poliwrath
|-supereffective|p2a: Poliwrath
|-damage|p2a: Poliwrath|0 fnt
|-heal|p1a: Sceptile|238\/281|[from] drain|[of] p2a: Poliwrath
|faint|p2a: Poliwrath
|
|
|switch|p2a: Absol|Absol-Mega, F|238\/271
|-damage|p2a: Absol|205\/271|[from] Stealth Rock
|turn|23
|
|move|p2a: Absol|Sucker Punch|p1a: Sceptile
|-damage|p1a: Sceptile|28\/281
|move|p1a: Sceptile|Dragon Pulse|p2a: Absol
|-damage|p2a: Absol|0 fnt
|faint|p2a: Absol
|
|win|Mister Chair
|raw|Ladder updating...
|raw|Mister Chair's rating: 1222 &rarr; <strong>1255<\/strong><br \/>(+33 for winning)
|raw|Mounts's rating: 1337 &rarr; <strong>1311<\/strong><br \/>(-26 for losing)
|c|âMounts|gg