|join|Under the dog
|join|Mounts
|player|p1|Under the dog|106
|player|p2|Mounts|101
|gametype|singles
|gen|6
|tier|OU
|clearpoke
|poke|p1|Lopunny, F, shiny
|poke|p1|Magnezone, shiny
|poke|p1|Bisharp, F, shiny
|poke|p1|Latios, M
|poke|p1|Landorus-Therian, M
|poke|p1|Azumarill, F
|poke|p2|Absol, M
|poke|p2|Magnezone
|poke|p2|Dragonite, F
|poke|p2|Poliwrath, M
|poke|p2|Victini
|poke|p2|Landorus-Therian, M
|rule|Swagger Clause: Swagger is banned
|rule|Baton Pass Clause: Limit one PokÃ©mon knowing Baton Pass
|rule|Sleep Clause Mod: Limit one foe put to sleep
|rule|Species Clause: Limit one of each PokÃ©mon
|rule|OHKO Clause: OHKO moves are banned
|rule|Moody Clause: Moody is banned
|rule|Evasion Moves Clause: Evasion moves are banned
|rule|Endless Battle Clause: Forcing endless battles is banned
|rule|HP Percentage Mod: HP is shown in percentages
|teampreview
|join|Miley Saurius test
|join|Mr.Jack Ã Lantern
|join|sond bwoilance
|c| Miley Saurius test|#WereAllUnderTheDog
|
|start
|switch|p1a: Vexic|Azumarill, F|401\/401
|switch|p2a: Landorus-Therian|Landorus-Therian, M|382\/382
|-ability|p2a: Landorus-Therian|Intimidate|[of] p1a: Vexic
|-unboost|p1a: Vexic|atk|1
|turn|1
|
|switch|p1a: Ranguren|Landorus-Therian, M|382\/382
|-ability|p1a: Ranguren|Intimidate|[of] p2a: Landorus-Therian
|-unboost|p2a: Landorus-Therian|atk|1
|move|p2a: Landorus-Therian|Stealth Rock|p1a: Ranguren
|-sidestart|p1: Under the dog|move: Stealth Rock
|
|turn|2
|
|move|p1a: Ranguren|Stealth Rock|p2a: Landorus-Therian
|-sidestart|p2: Mounts|move: Stealth Rock
|move|p2a: Landorus-Therian|Toxic|p1a: Ranguren
|-status|p1a: Ranguren|tox
|
|-damage|p1a: Ranguren|359\/382 tox|[from] psn
|turn|3
|
|move|p1a: Ranguren|Knock Off|p2a: Landorus-Therian
|-damage|p2a: Landorus-Therian|306\/382
|-enditem|p2a: Landorus-Therian|Leftovers|[from] move: Knock Off|[of] p1a: Ranguren
|move|p2a: Landorus-Therian|U-turn|p1a: Ranguren
|-crit|p1a: Ranguren
|-resisted|p1a: Ranguren
|-damage|p1a: Ranguren|314\/382 tox
|
|switch|p2a: Poliwrath|Poliwrath, M|383\/383
|-damage|p2a: Poliwrath|360\/383|[from] Stealth Rock
|
|-heal|p1a: Ranguren|337\/382 tox|[from] item: Leftovers
|-damage|p1a: Ranguren|291\/382 tox|[from] psn
|turn|4
|
|move|p1a: Ranguren|Earthquake|p2a: Poliwrath
|-damage|p2a: Poliwrath|203\/383
|move|p2a: Poliwrath|Circle Throw|p1a: Ranguren
|-resisted|p1a: Ranguren
|-damage|p1a: Ranguren|257\/382 tox
|drag|p1a: Medea|Magnezone, shiny|282\/282
|-damage|p1a: Medea|265\/282|[from] Stealth Rock
|
|turn|5
|
|move|p1a: Medea|Volt Switch|p2a: Poliwrath
|-supereffective|p2a: Poliwrath
|-damage|p2a: Poliwrath|0 fnt
|faint|p2a: Poliwrath
|
|switch|p1a: Rin|Lopunny, F, shiny|272\/272
|-damage|p1a: Rin|238\/272|[from] Stealth Rock
|
|
|switch|p2a: Landorus-Therian|Landorus-Therian, M|306\/382
|-damage|p2a: Landorus-Therian|259\/382|[from] Stealth Rock
|-ability|p2a: Landorus-Therian|Intimidate|[of] p1a: Rin
|-unboost|p1a: Rin|atk|1
|turn|6
|
|detailschange|p1a: Rin|Lopunny-Mega, F, shiny
|message|Lopunny has Mega Evolved into Mega Lopunny!
|move|p1a: Rin|Fake Out|p2a: Landorus-Therian
|-damage|p2a: Landorus-Therian|222\/382
|cant|p2a: Landorus-Therian|flinch
|
|turn|7
|
|switch|p1a: Vexic|Azumarill, F|401\/401
|-damage|p1a: Vexic|351\/401|[from] Stealth Rock
|move|p2a: Landorus-Therian|Earthquake|p1a: Vexic
|-damage|p1a: Vexic|152\/401
|
|turn|8
|join|AR GL SJ
|
|move|p2a: Landorus-Therian|Earthquake|p1a: Vexic
|-damage|p1a: Vexic|0 fnt
|faint|p1a: Vexic
|
|join|Baumz
|
|switch|p1a: Rin|Lopunny-Mega, F, shiny|238\/272
|-damage|p1a: Rin|221\/272|[from] Stealth Rock
|turn|9
|
|switch|p2a: Magnezone|Magnezone|281\/281
|-damage|p2a: Magnezone|264\/281|[from] Stealth Rock
|move|p1a: Rin|Ice Punch|p2a: Magnezone
|-resisted|p2a: Magnezone
|-damage|p2a: Magnezone|225\/281
|
|turn|10
|
|switch|p2a: Landorus-Therian|Landorus-Therian, M|222\/382
|-damage|p2a: Landorus-Therian|175\/382|[from] Stealth Rock
|-ability|p2a: Landorus-Therian|Intimidate|[of] p1a: Rin
|-unboost|p1a: Rin|atk|1
|move|p1a: Rin|Ice Punch|p2a: Landorus-Therian
|-supereffective|p2a: Landorus-Therian
|-damage|p2a: Landorus-Therian|0 fnt
|faint|p2a: Landorus-Therian
|
|
|switch|p2a: Victini|Victini|341\/341
|-damage|p2a: Victini|256\/341|[from] Stealth Rock
|turn|11
|
|switch|p1a: Ranguren|Landorus-Therian, M|257\/382 tox
|-damage|p1a: Ranguren|210\/382 tox|[from] Stealth Rock
|-ability|p1a: Ranguren|Intimidate|[of] p2a: Victini
|-unboost|p2a: Victini|atk|1
|move|p2a: Victini|V-create|p1a: Ranguren
|-damage|p1a: Ranguren|0 fnt
|-unboost|p2a: Victini|def|1
|-unboost|p2a: Victini|spd|1
|-unboost|p2a: Victini|spe|1
|faint|p1a: Ranguren
|
|
|switch|p1a: Sapphire|Latios, M|301\/301
|-damage|p1a: Sapphire|264\/301|[from] Stealth Rock
|turn|12
|
|move|p1a: Sapphire|Draco Meteor|p2a: Victini
|-damage|p2a: Victini|0 fnt
|-unboost|p1a: Sapphire|spa|2
|-damage|p1a: Sapphire|234\/301|[from] item: Life Orb
|faint|p2a: Victini
|
|
|switch|p2a: Absol|Absol, M|271\/271
|-damage|p2a: Absol|238\/271|[from] Stealth Rock
|turn|13
|
|detailschange|p2a: Absol|Absol-Mega, M
|message|Absol has Mega Evolved into Mega Absol!
|move|p1a: Sapphire|Draco Meteor|p2a: Absol
|-damage|p2a: Absol|0 fnt
|-unboost|p1a: Sapphire|spa|2
|-damage|p1a: Sapphire|204\/301|[from] item: Life Orb
|faint|p2a: Absol
|
|
|switch|p2a: Dragonite|Dragonite, F|323\/323
|-damage|p2a: Dragonite|243\/323|[from] Stealth Rock
|turn|14
|
|switch|p1a: Medea|Magnezone, shiny|265\/282
|-damage|p1a: Medea|248\/282|[from] Stealth Rock
|move|p2a: Dragonite|Dragon Dance|p2a: Dragonite
|-boost|p2a: Dragonite|atk|1
|-boost|p2a: Dragonite|spe|1
|
|turn|15
|
|move|p2a: Dragonite|Earthquake|p1a: Medea
|-supereffective|p1a: Medea
|-damage|p1a: Medea|0 fnt
|faint|p1a: Medea
|
|
|switch|p1a: Rin|Lopunny-Mega, F, shiny|221\/272
|-damage|p1a: Rin|204\/272|[from] Stealth Rock
|turn|16
|
|move|p1a: Rin|Ice Punch|p2a: Dragonite
|-supereffective|p2a: Dragonite
|-damage|p2a: Dragonite|0 fnt
|faint|p2a: Dragonite
|
|
|switch|p2a: Magnezone|Magnezone|225\/281
|-damage|p2a: Magnezone|208\/281|[from] Stealth Rock
|turn|17
|
|move|p1a: Rin|High Jump Kick|p2a: Magnezone
|-supereffective|p2a: Magnezone
|-damage|p2a: Magnezone|0 fnt
|faint|p2a: Magnezone
|
|win|Under the dog
|c| sond bwoilance|gg both
|c|âUnder the dog|gg
|leave|Mr.Jack Ã Lantern
|c|âMounts|gg