|join|Mounts
|join|Feyitomi
|player|p1|Mounts|101
|player|p2|Feyitomi|101
|gametype|singles
|gen|6
|tier|OU
|rated
|clearpoke
|poke|p1|Charizard, M
|poke|p1|Azumarill, M
|poke|p1|Greninja, F
|poke|p1|Landorus-Therian, M
|poke|p1|Terrakion
|poke|p1|Snorlax, F
|poke|p2|Metagross
|poke|p2|Thundurus, M
|poke|p2|Garchomp, F
|poke|p2|Heatran, F
|poke|p2|Azumarill, F
|poke|p2|Latios, M
|rule|Swagger Clause: Swagger is banned
|rule|Baton Pass Clause: Limit one PokÃ©mon knowing Baton Pass
|rule|Sleep Clause Mod: Limit one foe put to sleep
|rule|Species Clause: Limit one of each PokÃ©mon
|rule|OHKO Clause: OHKO moves are banned
|rule|Moody Clause: Moody is banned
|rule|Evasion Moves Clause: Evasion moves are banned
|rule|Endless Battle Clause: Forcing endless battles is banned
|rule|HP Percentage Mod: HP is shown in percentages
|teampreview
|
|start
|switch|p1a: Greninja|Greninja, F|286\/286
|switch|p2a: Metagross|Metagross|302\/302
|turn|1
|
|switch|p2a: Garchomp|Garchomp, F|358\/358
|move|p1a: Greninja|Dark Pulse|p2a: Garchomp
|-start|p1a: Greninja|typechange|Dark|[from] Protean
|-crit|p2a: Garchomp
|-damage|p2a: Garchomp|97\/358
|-damage|p1a: Greninja|258\/286|[from] item: Life Orb
|
|turn|2
|
|switch|p1a: Landorus-Therian|Landorus-Therian, M|382\/382
|-ability|p1a: Landorus-Therian|Intimidate|[of] p2a: Garchomp
|-unboost|p2a: Garchomp|atk|1
|move|p2a: Garchomp|Dragon Claw|p1a: Landorus-Therian
|-damage|p1a: Landorus-Therian|309\/382
|
|-heal|p1a: Landorus-Therian|332\/382|[from] item: Leftovers
|turn|3
|
|switch|p2a: Heatran|Heatran, F|323\/323
|-item|p2a: Heatran|Air Balloon
|move|p1a: Landorus-Therian|Stealth Rock|p2a: Heatran
|-sidestart|p2: Feyitomi|move: Stealth Rock
|
|-heal|p1a: Landorus-Therian|355\/382|[from] item: Leftovers
|turn|4
|
|move|p2a: Heatran|Stealth Rock|p1a: Landorus-Therian
|-sidestart|p1: Mounts|move: Stealth Rock
|move|p1a: Landorus-Therian|U-turn|p2a: Heatran
|-resisted|p2a: Heatran
|-damage|p2a: Heatran|306\/323
|-enditem|p2a: Heatran|Air Balloon
|
|switch|p1a: Terrakion|Terrakion|323\/323
|-damage|p1a: Terrakion|303\/323|[from] Stealth Rock
|
|turn|5
|
|move|p1a: Terrakion|Close Combat|p2a: Heatran
|-supereffective|p2a: Heatran
|-damage|p2a: Heatran|0 fnt
|-unboost|p1a: Terrakion|def|1
|-unboost|p1a: Terrakion|spd|1
|-damage|p1a: Terrakion|271\/323|[from] item: Life Orb
|faint|p2a: Heatran
|
|
|switch|p2a: Latios|Latios, M|301\/301
|-damage|p2a: Latios|264\/301|[from] Stealth Rock
|turn|6
|
|switch|p1a: Snorlax|Snorlax, F|524\/524
|-damage|p1a: Snorlax|459\/524|[from] Stealth Rock
|move|p2a: Latios|Psyshock|p1a: Snorlax
|-damage|p1a: Snorlax|186\/524
|-damage|p2a: Latios|234\/301|[from] item: Life Orb
|
|turn|7
|
|move|p2a: Latios|Draco Meteor|p1a: Snorlax
|-damage|p1a: Snorlax|17\/524
|-unboost|p2a: Latios|spa|2
|-damage|p2a: Latios|204\/301|[from] item: Life Orb
|move|p1a: Snorlax|Self-Destruct|p2a: Latios
|-damage|p2a: Latios|0 fnt
|faint|p1a: Snorlax
|faint|p2a: Latios
|
|
|switch|p2a: Garchomp|Garchomp, F|97\/358
|switch|p1a: Greninja|Greninja, F|258\/286
|-damage|p2a: Garchomp|75\/358|[from] Stealth Rock
|-damage|p1a: Greninja|223\/286|[from] Stealth Rock
|turn|8
|
|switch|p1a: Landorus-Therian|Landorus-Therian, M|355\/382
|-damage|p1a: Landorus-Therian|308\/382|[from] Stealth Rock
|-ability|p1a: Landorus-Therian|Intimidate|[of] p2a: Garchomp
|-unboost|p2a: Garchomp|atk|1
|move|p2a: Garchomp|Outrage|p1a: Landorus-Therian
|-damage|p1a: Landorus-Therian|194\/382
|
|-heal|p1a: Landorus-Therian|217\/382|[from] item: Leftovers
|turn|9
|
|switch|p1a: Azumarill|Azumarill, M|384\/384
|-damage|p1a: Azumarill|336\/384|[from] Stealth Rock
|move|p2a: Garchomp|Outrage|p1a: Azumarill
|-immune|p1a: Azumarill|[msg]
|
|-end|p2a: Garchomp|rampage
|-start|p2a: Garchomp|confusion
|turn|10
|
|-activate|p2a: Garchomp|confusion
|-damage|p2a: Garchomp|39\/358|[from] confusion
|move|p1a: Azumarill|Belly Drum|p1a: Azumarill
|-damage|p1a: Azumarill|144\/384
|-setboost|p1a: Azumarill|atk|6|[from] move: Belly Drum
|-enditem|p1a: Azumarill|Sitrus Berry|[eat]
|-heal|p1a: Azumarill|240\/384|[from] item: Sitrus Berry
|
|turn|11
|
|-activate|p2a: Garchomp|confusion
|-damage|p2a: Garchomp|5\/358|[from] confusion
|move|p1a: Azumarill|Play Rough|p2a: Garchomp
|-supereffective|p2a: Garchomp
|-damage|p2a: Garchomp|0 fnt
|-damage|p1a: Azumarill|192\/384|[from] ability: Rough Skin|[of] p2a: Garchomp
|faint|p2a: Garchomp
|
|
|switch|p2a: Metagross|Metagross|302\/302
|-damage|p2a: Metagross|284\/302|[from] Stealth Rock
|turn|12
|
|detailschange|p2a: Metagross|Metagross-Mega
|message|Metagross has Mega Evolved into Mega Metagross!
|move|p1a: Azumarill|Aqua Jet|p2a: Metagross
|-damage|p2a: Metagross|55\/302
|move|p2a: Metagross|Meteor Mash|p1a: Azumarill
|-damage|p1a: Azumarill|0 fnt
|faint|p1a: Azumarill
|
|
|switch|p1a: Greninja|Greninja, F|223\/286
|-damage|p1a: Greninja|188\/286|[from] Stealth Rock
|turn|13
|
|switch|p2a: Azumarill|Azumarill, F|374\/374
|-damage|p2a: Azumarill|328\/374|[from] Stealth Rock
|move|p1a: Greninja|Dark Pulse|p2a: Azumarill
|-start|p1a: Greninja|typechange|Dark|[from] Protean
|-resisted|p2a: Azumarill
|-damage|p2a: Azumarill|234\/374
|-damage|p1a: Greninja|160\/286|[from] item: Life Orb
|
|turn|14
|
|move|p2a: Azumarill|Aqua Jet|p1a: Greninja
|-damage|p1a: Greninja|45\/286
|move|p1a: Greninja|Hidden Power|p2a: Azumarill
|-start|p1a: Greninja|typechange|Grass|[from] Protean
|-supereffective|p2a: Azumarill
|-damage|p2a: Azumarill|0 fnt
|-damage|p1a: Greninja|17\/286|[from] item: Life Orb
|faint|p2a: Azumarill
|
|
|switch|p2a: Metagross|Metagross-Mega|55\/302
|-damage|p2a: Metagross|37\/302|[from] Stealth Rock
|turn|15
|
|switch|p1a: Landorus-Therian|Landorus-Therian, M|217\/382
|-damage|p1a: Landorus-Therian|170\/382|[from] Stealth Rock
|-ability|p1a: Landorus-Therian|Intimidate|[of] p2a: Metagross
|-unboost|p2a: Metagross|atk|1
|move|p2a: Metagross|Hone Claws|p2a: Metagross
|-boost|p2a: Metagross|atk|1
|-boost|p2a: Metagross|accuracy|1
|
|-heal|p1a: Landorus-Therian|193\/382|[from] item: Leftovers
|turn|16
|
|move|p2a: Metagross|Meteor Mash|p1a: Landorus-Therian
|-damage|p1a: Landorus-Therian|27\/382
|move|p1a: Landorus-Therian|Earthquake|p2a: Metagross
|-supereffective|p2a: Metagross
|-damage|p2a: Metagross|0 fnt
|faint|p2a: Metagross
|
|-heal|p1a: Landorus-Therian|50\/382|[from] item: Leftovers
|c|âFeyitomi|hahaha
|c|âFeyitomi|lol
|c|âFeyitomi|nice bluff huh
|
|switch|p2a: Thundurus|Thundurus, M|299\/299
|-damage|p2a: Thundurus|225\/299|[from] Stealth Rock
|turn|17
|
|move|p2a: Thundurus|Hidden Power|p1a: Landorus-Therian
|-supereffective|p1a: Landorus-Therian
|-damage|p1a: Landorus-Therian|0 fnt
|-damage|p2a: Thundurus|196\/299|[from] item: Life Orb
|faint|p1a: Landorus-Therian
|
|
|switch|p1a: Terrakion|Terrakion|271\/323
|-damage|p1a: Terrakion|251\/323|[from] Stealth Rock
|turn|18
|
|move|p2a: Thundurus|Grass Knot|p1a: Terrakion
|-supereffective|p1a: Terrakion
|-damage|p1a: Terrakion|0 fnt
|-damage|p2a: Thundurus|167\/299|[from] item: Life Orb
|faint|p1a: Terrakion
|
|
|switch|p1a: Greninja|Greninja, F|17\/286
|-damage|p1a: Greninja|0 fnt|[from] Stealth Rock
|faint|p1a: Greninja
|
|switch|p1a: Charizard|Charizard, M|298\/298
|-damage|p1a: Charizard|149\/298|[from] Stealth Rock
|turn|19
|
|detailschange|p1a: Charizard|Charizard-Mega-X, M
|message|Charizard has Mega Evolved into Mega Charizard!
|move|p2a: Thundurus|Thunderbolt|p1a: Charizard
|-resisted|p1a: Charizard
|-damage|p1a: Charizard|32\/298
|-damage|p2a: Thundurus|138\/299|[from] item: Life Orb
|move|p1a: Charizard|Dragon Claw|p2a: Thundurus
|-damage|p2a: Thundurus|0 fnt
|faint|p2a: Thundurus
|
|win|Mounts
|raw|Ladder updating...
|raw|Mounts's rating: 1728 &rarr; <strong>1745<\/strong><br \/>(+17 for winning)
|raw|Feyitomi's rating: 1665 &rarr; <strong>1649<\/strong><br \/>(-16 for losing)
|c|âFeyitomi|gg
|c|âMounts|gg
|leave|Feyitomi
|player|p2