|join|Mounts
|join|pepsi
|player|p1|Mounts|101
|player|p2|pepsi|266
|gametype|singles
|gen|6
|tier|OU
|rated
|clearpoke
|poke|p1|Charizard, F
|poke|p1|Azumarill, F
|poke|p1|Greninja, M
|poke|p1|Landorus-Therian, M
|poke|p1|Terrakion
|poke|p1|Snorlax, F
|poke|p2|Altaria, F
|poke|p2|Diggersby, F
|poke|p2|Clefable, M
|poke|p2|Keldeo
|poke|p2|Latios, M
|poke|p2|Skarmory, F
|rule|Swagger Clause: Swagger is banned
|rule|Baton Pass Clause: Limit one PokÃ©mon knowing Baton Pass
|rule|Sleep Clause Mod: Limit one foe put to sleep
|rule|Species Clause: Limit one of each PokÃ©mon
|rule|OHKO Clause: OHKO moves are banned
|rule|Moody Clause: Moody is banned
|rule|Evasion Moves Clause: Evasion moves are banned
|rule|Endless Battle Clause: Forcing endless battles is banned
|rule|HP Percentage Mod: HP is shown in percentages
|teampreview
|
|start
|switch|p1a: Landorus-Therian|Landorus-Therian, M|382\/382
|switch|p2a: Latios|Latios, M|302\/302
|-ability|p1a: Landorus-Therian|Intimidate|[of] p2a: Latios
|-unboost|p2a: Latios|atk|1
|turn|1
|
|switch|p2a: Skarmory|Skarmory, F|334\/334
|move|p1a: Landorus-Therian|Stealth Rock|p2a: Skarmory
|-sidestart|p2: pepsi|move: Stealth Rock
|
|turn|2
|
|switch|p1a: Charizard|Charizard, F|298\/298
|move|p2a: Skarmory|Stealth Rock|p1a: Charizard
|-sidestart|p1: Mounts|move: Stealth Rock
|
|turn|3
|
|switch|p2a: Latios|Latios, M|302\/302
|-damage|p2a: Latios|265\/302|[from] Stealth Rock
|detailschange|p1a: Charizard|Charizard-Mega-X, F
|message|Charizard has Mega Evolved into Mega Charizard!
|move|p1a: Charizard|Flare Blitz|p2a: Latios
|-resisted|p2a: Latios
|-damage|p2a: Latios|84\/302
|-damage|p1a: Charizard|238\/298|[from] recoil|[of] p2a: Latios
|
|turn|4
|
|switch|p1a: Snorlax|Snorlax, F|524\/524
|-damage|p1a: Snorlax|459\/524|[from] Stealth Rock
|move|p2a: Latios|Psyshock|p1a: Snorlax
|-damage|p1a: Snorlax|212\/524
|-damage|p2a: Latios|54\/302|[from] item: Life Orb
|
|turn|5
|
|switch|p1a: Greninja|Greninja, M|286\/286
|-damage|p1a: Greninja|251\/286|[from] Stealth Rock
|move|p2a: Latios|Draco Meteor|p1a: Greninja
|-crit|p1a: Greninja
|-damage|p1a: Greninja|0 fnt
|-unboost|p2a: Latios|spa|2
|-damage|p2a: Latios|24\/302|[from] item: Life Orb
|faint|p1a: Greninja
|
|
|switch|p1a: Azumarill|Azumarill, F|384\/384
|-damage|p1a: Azumarill|336\/384|[from] Stealth Rock
|turn|6
|
|move|p2a: Latios|Defog|p1a: Azumarill
|-unboost|p1a: Azumarill|evasion|1
|-sideend|p1: Mounts|Stealth Rock|[from] move: Defog|[of] p1a: Azumarill
|-sideend|p2: pepsi|Stealth Rock|[from] move: Defog|[of] p2a: Latios
|move|p1a: Azumarill|Belly Drum|p1a: Azumarill
|-damage|p1a: Azumarill|144\/384
|-setboost|p1a: Azumarill|atk|6|[from] move: Belly Drum
|-enditem|p1a: Azumarill|Sitrus Berry|[eat]
|-heal|p1a: Azumarill|240\/384|[from] item: Sitrus Berry
|
|turn|7
|
|move|p1a: Azumarill|Aqua Jet|p2a: Latios
|-resisted|p2a: Latios
|-damage|p2a: Latios|0 fnt
|faint|p2a: Latios
|
|
|switch|p2a: Skarmory|Skarmory, F|334\/334
|turn|8
|
|move|p1a: Azumarill|Superpower|p2a: Skarmory
|-activate|p2a: Skarmory|Sturdy
|-damage|p2a: Skarmory|1\/334
|-damage|p1a: Azumarill|176\/384|[from] item: Rocky Helmet|[of] p2a: Skarmory
|-unboost|p1a: Azumarill|atk|1
|-unboost|p1a: Azumarill|def|1
|move|p2a: Skarmory|Whirlwind|p1a: Azumarill
|drag|p1a: Terrakion|Terrakion|323\/323
|
|turn|9
|
|move|p1a: Terrakion|Close Combat|p2a: Skarmory
|-damage|p2a: Skarmory|0 fnt
|-damage|p1a: Terrakion|270\/323|[from] item: Rocky Helmet|[of] p2a: Skarmory
|-unboost|p1a: Terrakion|def|1
|-unboost|p1a: Terrakion|spd|1
|-damage|p1a: Terrakion|238\/323|[from] item: Life Orb
|faint|p2a: Skarmory
|
|
|switch|p2a: Diggersby|Diggersby, F|315\/315
|turn|10
|
|move|p1a: Terrakion|Close Combat|p2a: Diggersby
|-supereffective|p2a: Diggersby
|-enditem|p2a: Diggersby|Focus Sash
|-damage|p2a: Diggersby|1\/315
|-unboost|p1a: Terrakion|def|1
|-unboost|p1a: Terrakion|spd|1
|-damage|p1a: Terrakion|206\/323|[from] item: Life Orb
|move|p2a: Diggersby|Return|p1a: Terrakion
|-resisted|p1a: Terrakion
|-damage|p1a: Terrakion|0 fnt
|faint|p1a: Terrakion
|
|
|switch|p1a: Landorus-Therian|Landorus-Therian, M|382\/382
|-ability|p1a: Landorus-Therian|Intimidate|[of] p2a: Diggersby
|-unboost|p2a: Diggersby|atk|1
|turn|11
|
|move|p2a: Diggersby|Swords Dance|p2a: Diggersby
|-boost|p2a: Diggersby|atk|2
|move|p1a: Landorus-Therian|Stealth Rock|p2a: Diggersby
|-sidestart|p2: pepsi|move: Stealth Rock
|
|turn|12
|
|move|p2a: Diggersby|Return|p1a: Landorus-Therian
|-damage|p1a: Landorus-Therian|129\/382
|move|p1a: Landorus-Therian|U-turn|p2a: Diggersby
|-damage|p2a: Diggersby|0 fnt
|faint|p2a: Diggersby
|
|switch|p1a: Snorlax|Snorlax, F|212\/524
|
|
|switch|p2a: Keldeo|Keldeo|323\/323
|-damage|p2a: Keldeo|303\/323|[from] Stealth Rock
|turn|13
|
|switch|p1a: Landorus-Therian|Landorus-Therian, M|129\/382
|-ability|p1a: Landorus-Therian|Intimidate|[of] p2a: Keldeo
|-unboost|p2a: Keldeo|atk|1
|move|p2a: Keldeo|Secret Sword|p1a: Landorus-Therian
|-resisted|p1a: Landorus-Therian
|-damage|p1a: Landorus-Therian|60\/382
|
|-heal|p1a: Landorus-Therian|83\/382|[from] item: Leftovers
|turn|14
|
|switch|p2a: Clefable|Clefable, M|394\/394
|move|p1a: Landorus-Therian|Toxic|p2a: Clefable
|-status|p2a: Clefable|tox
|
|-heal|p1a: Landorus-Therian|106\/382|[from] item: Leftovers
|turn|15
|
|move|p1a: Landorus-Therian|Earthquake|p2a: Clefable
|-damage|p2a: Clefable|235\/394 tox
|move|p2a: Clefable|Moonblast|p1a: Landorus-Therian
|-damage|p1a: Landorus-Therian|0 fnt
|faint|p1a: Landorus-Therian
|
|-heal|p2a: Clefable|259\/394 tox|[from] item: Leftovers
|
|switch|p1a: Charizard|Charizard-Mega-X, F|238\/298
|turn|16
|
|move|p1a: Charizard|Dragon Dance|p1a: Charizard
|-boost|p1a: Charizard|atk|1
|-boost|p1a: Charizard|spe|1
|move|p2a: Clefable|Moonblast|p1a: Charizard
|-damage|p1a: Charizard|126\/298
|
|-heal|p2a: Clefable|283\/394 tox|[from] item: Leftovers
|turn|17
|
|move|p1a: Charizard|Roost|p1a: Charizard
|-heal|p1a: Charizard|275\/298
|move|p2a: Clefable|Calm Mind|p2a: Clefable
|-boost|p2a: Clefable|spa|1
|-boost|p2a: Clefable|spd|1
|
|-heal|p2a: Clefable|307\/394 tox|[from] item: Leftovers
|turn|18
|
|move|p1a: Charizard|Flare Blitz|p2a: Clefable
|-damage|p2a: Clefable|0 fnt
|-damage|p1a: Charizard|174\/298|[from] recoil|[of] p2a: Clefable
|faint|p2a: Clefable
|
|
|switch|p2a: Altaria|Altaria, F|354\/354
|-damage|p2a: Altaria|266\/354|[from] Stealth Rock
|turn|19
|
|detailschange|p2a: Altaria|Altaria-Mega, F
|message|Altaria has Mega Evolved into Mega Altaria!
|move|p1a: Charizard|Flare Blitz|p2a: Altaria
|-resisted|p2a: Altaria
|-damage|p2a: Altaria|40\/354
|-damage|p1a: Charizard|99\/298|[from] recoil|[of] p2a: Altaria
|move|p2a: Altaria|Return|p1a: Charizard
|-damage|p1a: Charizard|0 fnt
|faint|p1a: Charizard
|
|
|switch|p1a: Azumarill|Azumarill, F|176\/384
|turn|20
|
|move|p1a: Azumarill|Aqua Jet|p2a: Altaria
|-crit|p2a: Altaria
|-resisted|p2a: Altaria
|-damage|p2a: Altaria|0 fnt
|faint|p2a: Altaria
|
|
|switch|p2a: Keldeo|Keldeo|303\/323
|-damage|p2a: Keldeo|283\/323|[from] Stealth Rock
|turn|21
|
|move|p2a: Keldeo|Hydro Pump|p1a: Azumarill|[miss]
|-miss|p2a: Keldeo|p1a: Azumarill
|move|p1a: Azumarill|Play Rough|p2a: Keldeo
|-supereffective|p2a: Keldeo
|-damage|p2a: Keldeo|0 fnt
|faint|p2a: Keldeo
|
|win|Mounts
|raw|Ladder updating...
|leave|pepsi
|player|p2
|raw|Mounts's rating: 1555 &rarr; <strong>1578<\/strong><br \/>(+23 for winning)
|raw|pepsi's rating: 1608 &rarr; <strong>1585<\/strong><br \/>(-23 for losing)