|join|Mounts
|join|A2tehBR
|player|p1|Mounts|101
|player|p2|A2tehBR|291
|gametype|singles
|gen|6
|tier|OU
|rated
|clearpoke
|poke|p1|Sceptile, M
|poke|p1|Greninja, M
|poke|p1|Terrakion
|poke|p1|Landorus-Therian, M
|poke|p1|Bisharp, M
|poke|p1|Rotom-Wash
|poke|p2|Sableye, M
|poke|p2|Clefable, M
|poke|p2|Bronzong
|poke|p2|Quagsire, M
|poke|p2|Chansey, F
|poke|p2|Amoonguss, M
|rule|Swagger Clause: Swagger is banned
|rule|Baton Pass Clause: Limit one PokÃ©mon knowing Baton Pass
|rule|Sleep Clause Mod: Limit one foe put to sleep
|rule|Species Clause: Limit one of each PokÃ©mon
|rule|OHKO Clause: OHKO moves are banned
|rule|Moody Clause: Moody is banned
|rule|Evasion Moves Clause: Evasion moves are banned
|rule|Endless Battle Clause: Forcing endless battles is banned
|rule|HP Percentage Mod: HP is shown in percentages
|teampreview
|join|Doomed hi
|
|start
|switch|p1a: Sceptile|Sceptile, M|281\/281
|switch|p2a: Sableye|Sableye, M|303\/303
|turn|1
|
|detailschange|p1a: Sceptile|Sceptile-Mega, M
|message|Sceptile has Mega Evolved into Mega Sceptile!
|detailschange|p2a: Sableye|Sableye-Mega, M
|message|Sableye has Mega Evolved into Mega Sableye!
|move|p2a: Sableye|Will-O-Wisp|p1a: Sceptile
|-status|p1a: Sceptile|brn
|move|p1a: Sceptile|Giga Drain|p2a: Sableye
|-damage|p2a: Sableye|207\/303
|
|-damage|p1a: Sceptile|246\/281 brn|[from] brn
|turn|2
|
|move|p1a: Sceptile|Giga Drain|p2a: Sableye
|-damage|p2a: Sableye|102\/303
|-heal|p1a: Sceptile|281\/281 brn|[from] drain|[of] p2a: Sableye
|move|p2a: Sableye|Recover|p2a: Sableye
|-heal|p2a: Sableye|254\/303
|
|-damage|p1a: Sceptile|246\/281 brn|[from] brn
|turn|3
|c| Doomed hi|reveal hp fairy
|
|switch|p1a: Terrakion|Terrakion|323\/323
|move|p2a: Sableye|Recover|p2a: Sableye
|-heal|p2a: Sableye|303\/303
|
|turn|4
|
|move|p1a: Terrakion|Substitute|p1a: Terrakion
|-start|p1a: Terrakion|Substitute
|-damage|p1a: Terrakion|243\/323
|move|p2a: Sableye|Will-O-Wisp|p1a: Terrakion
|
|turn|5
|join|wecameinagiraffe
|
|switch|p2a: Quagsire|Quagsire, M|393\/393
|move|p1a: Terrakion|Swords Dance|p1a: Terrakion
|-boost|p1a: Terrakion|atk|2
|
|turn|6
|c| Doomed hi|played
|
|move|p1a: Terrakion|Close Combat|p2a: Quagsire
|-crit|p2a: Quagsire
|-damage|p2a: Quagsire|60\/393
|-unboost|p1a: Terrakion|def|1
|-unboost|p1a: Terrakion|spd|1
|-damage|p1a: Terrakion|211\/323|[from] item: Life Orb
|move|p2a: Quagsire|Scald|p1a: Terrakion
|-supereffective|p1a: Terrakion
|-end|p1a: Terrakion|Substitute
|
|-heal|p2a: Quagsire|84\/393|[from] item: Leftovers
|turn|7
|c| Doomed hi|ohhh
|c| Doomed hi|ohhhhhhhhhhh
|c|âA2tehBR|hahahaha
|c|âA2tehBR|sub LO
|c| wecameinagiraffe|it was a 2hko regardless
|
|move|p1a: Terrakion|Stone Edge|p2a: Quagsire|[miss]
|-miss|p1a: Terrakion|p2a: Quagsire
|move|p2a: Quagsire|Scald|p1a: Terrakion
|-supereffective|p1a: Terrakion
|-damage|p1a: Terrakion|65\/323
|-status|p1a: Terrakion|brn
|
|-heal|p2a: Quagsire|108\/393|[from] item: Leftovers
|-damage|p1a: Terrakion|25\/323 brn|[from] brn
|turn|8
|c| Doomed hi|lol
|c| wecameinagiraffe|sub LO is fine tbh
|c| Doomed hi|hahahahahahhahaha
|c| wecameinagiraffe|wtf was that play
|c| wecameinagiraffe|lmao
|c|âA2tehBR|dude why on earth
|c|âA2tehBR|would i switch
|
|switch|p2a: Clefable|Clefable, M|393\/393
|move|p1a: Terrakion|Close Combat|p2a: Clefable
|-resisted|p2a: Clefable
|-damage|p2a: Clefable|319\/393
|-unboost|p1a: Terrakion|def|1
|-unboost|p1a: Terrakion|spd|1
|-damage|p1a: Terrakion|0 fnt|[from] item: Life Orb
|faint|p1a: Terrakion
|
|-heal|p2a: Clefable|343\/393|[from] item: Leftovers
|
|switch|p1a: Bisharp|Bisharp, M|272\/272
|turn|9
|
|switch|p2a: Quagsire|Quagsire, M|108\/393
|move|p1a: Bisharp|Swords Dance|p1a: Bisharp
|-boost|p1a: Bisharp|atk|2
|
|-heal|p2a: Quagsire|132\/393|[from] item: Leftovers
|turn|10
|
|move|p1a: Bisharp|Knock Off|p2a: Quagsire
|-damage|p2a: Quagsire|0 fnt
|-enditem|p2a: Quagsire|Leftovers|[from] move: Knock Off|[of] p1a: Bisharp
|-damage|p1a: Bisharp|245\/272|[from] item: Life Orb
|faint|p2a: Quagsire
|
|
|switch|p2a: Amoonguss|Amoonguss, M|431\/431
|turn|11
|
|move|p1a: Bisharp|Knock Off|p2a: Amoonguss
|-damage|p2a: Amoonguss|0 fnt
|-enditem|p2a: Amoonguss|Black Sludge|[from] move: Knock Off|[of] p1a: Bisharp
|-damage|p1a: Bisharp|218\/272|[from] item: Life Orb
|faint|p2a: Amoonguss
|
|c|âA2tehBR|wait rly
|
|switch|p2a: Clefable|Clefable, M|343\/393
|turn|12
|
|move|p1a: Bisharp|Iron Head|p2a: Clefable
|-supereffective|p2a: Clefable
|-damage|p2a: Clefable|0 fnt
|-damage|p1a: Bisharp|191\/272|[from] item: Life Orb
|faint|p2a: Clefable
|
|-message|A2tehBR forfeited.
|
|win|Mounts
|raw|Ladder updating...
|leave|A2tehBR
|player|p2
|c|âMounts|kek