|join|Mounts
|join|Appreciation
|player|p1|Mounts|101
|player|p2|Appreciation|68
|gametype|singles
|gen|6
|tier|OU
|rated
|clearpoke
|poke|p1|Landorus-Therian, M
|poke|p1|Bisharp, M
|poke|p1|Rotom-Wash
|poke|p1|Azelf
|poke|p1|Keldeo
|poke|p1|Gardevoir, M
|poke|p2|Scizor, F
|poke|p2|Crawdaunt, M
|poke|p2|Thundurus, M
|poke|p2|Diggersby, M
|poke|p2|Garchomp, M
|poke|p2|Latios, M
|rule|Swagger Clause: Swagger is banned
|rule|Baton Pass Clause: Limit one PokÃ©mon knowing Baton Pass
|rule|Sleep Clause Mod: Limit one foe put to sleep
|rule|Species Clause: Limit one of each PokÃ©mon
|rule|OHKO Clause: OHKO moves are banned
|rule|Moody Clause: Moody is banned
|rule|Evasion Moves Clause: Evasion moves are banned
|rule|Endless Battle Clause: Forcing endless battles is banned
|rule|HP Percentage Mod: HP is shown in percentages
|teampreview
|c|âAppreciation|hi big fan
|
|start
|switch|p1a: Landorus-Therian|Landorus-Therian, M|382\/382
|switch|p2a: Garchomp|Garchomp, M|357\/357
|-ability|p1a: Landorus-Therian|Intimidate|[of] p2a: Garchomp
|-unboost|p2a: Garchomp|atk|1
|turn|1
|
|move|p2a: Garchomp|Stealth Rock|p1a: Landorus-Therian
|-sidestart|p1: Mounts|move: Stealth Rock
|move|p1a: Landorus-Therian|Earthquake|p2a: Garchomp
|-damage|p2a: Garchomp|191\/357
|
|turn|2
|
|move|p2a: Garchomp|Swords Dance|p2a: Garchomp
|-boost|p2a: Garchomp|atk|2
|move|p1a: Landorus-Therian|Stealth Rock|p2a: Garchomp
|-sidestart|p2: Appreciation|move: Stealth Rock
|
|turn|3
|
|switch|p1a: Gardevoir|Gardevoir, M|283\/283
|-damage|p1a: Gardevoir|248\/283|[from] Stealth Rock
|-ability|p1a: Gardevoir|Rough Skin|[from] ability: Trace|[of] p2a: Garchomp
|move|p2a: Garchomp|Dragon Claw|p1a: Gardevoir
|-immune|p1a: Gardevoir|[msg]
|
|turn|4
|c|âAppreciation|dclaWWW
|c|âAppreciation|oh not bad man...
|c|âAppreciation|not bad
|
|switch|p1a: Landorus-Therian|Landorus-Therian, M|382\/382
|-damage|p1a: Landorus-Therian|335\/382|[from] Stealth Rock
|-ability|p1a: Landorus-Therian|Intimidate|[of] p2a: Garchomp
|-unboost|p2a: Garchomp|atk|1
|move|p2a: Garchomp|Dragon Claw|p1a: Landorus-Therian
|-crit|p1a: Landorus-Therian
|-damage|p1a: Landorus-Therian|179\/382
|
|-heal|p1a: Landorus-Therian|202\/382|[from] item: Leftovers
|turn|5
|
|move|p2a: Garchomp|Dragon Claw|p1a: Landorus-Therian
|-damage|p1a: Landorus-Therian|84\/382
|move|p1a: Landorus-Therian|Earthquake|p2a: Garchomp
|-damage|p2a: Garchomp|25\/357
|
|-heal|p1a: Landorus-Therian|107\/382|[from] item: Leftovers
|turn|6
|
|move|p2a: Garchomp|Dragon Claw|p1a: Landorus-Therian
|-damage|p1a: Landorus-Therian|4\/382
|move|p1a: Landorus-Therian|Earthquake|p2a: Garchomp
|-damage|p2a: Garchomp|0 fnt
|faint|p2a: Garchomp
|
|-heal|p1a: Landorus-Therian|27\/382|[from] item: Leftovers
|c|âAppreciation|>>>>>><
|c|âAppreciation|that was gay xDxD
|
|switch|p2a: Thundurus|Thundurus, M|299\/299
|-damage|p2a: Thundurus|225\/299|[from] Stealth Rock
|turn|7
|c|âAppreciation|hp ice
|c|âAppreciation|inc
|
|move|p2a: Thundurus|Hidden Power|p1a: Landorus-Therian
|-supereffective|p1a: Landorus-Therian
|-damage|p1a: Landorus-Therian|0 fnt
|-damage|p2a: Thundurus|196\/299|[from] item: Life Orb
|faint|p1a: Landorus-Therian
|
|c|âAppreciation|BAAAAAM
|
|switch|p1a: Azelf|Azelf|291\/291
|-damage|p1a: Azelf|255\/291|[from] Stealth Rock
|turn|8
|
|move|p1a: Azelf|Psychic|p2a: Thundurus
|-damage|p2a: Thundurus|0 fnt
|-damage|p1a: Azelf|226\/291|[from] item: Life Orb
|faint|p2a: Thundurus
|
|c|âAppreciation|oh nose
|c|âAppreciation|SHIET
|
|switch|p2a: Diggersby|Diggersby, M|311\/311
|-damage|p2a: Diggersby|292\/311|[from] Stealth Rock
|turn|9
|
|move|p1a: Azelf|Psychic|p2a: Diggersby
|-damage|p2a: Diggersby|39\/311
|-damage|p1a: Azelf|197\/291|[from] item: Life Orb
|move|p2a: Diggersby|Return|p1a: Azelf
|-damage|p1a: Azelf|0 fnt
|-damage|p2a: Diggersby|8\/311|[from] item: Life Orb
|faint|p1a: Azelf
|
|c|âAppreciation|that did
|c|âAppreciation|a lot...
|c|âAppreciation|azelf is pro
|
|switch|p1a: Bisharp|Bisharp, M|271\/271
|-damage|p1a: Bisharp|255\/271|[from] Stealth Rock
|turn|10
|
|move|p1a: Bisharp|Sucker Punch|p2a: Diggersby
|-damage|p2a: Diggersby|0 fnt
|-damage|p1a: Bisharp|228\/271|[from] item: Life Orb
|faint|p2a: Diggersby
|
|c|âAppreciation|damn the plays
|
|switch|p2a: Scizor|Scizor, F|282\/282
|-damage|p2a: Scizor|247\/282|[from] Stealth Rock
|turn|11
|
|switch|p1a: Rotom-Wash|Rotom-Wash|304\/304
|-damage|p1a: Rotom-Wash|266\/304|[from] Stealth Rock
|detailschange|p2a: Scizor|Scizor-Mega, F
|-mega|p2a: Scizor|Scizor|Scizorite
|move|p2a: Scizor|Bug Bite|p1a: Rotom-Wash
|-damage|p1a: Rotom-Wash|128\/304
|
|-heal|p1a: Rotom-Wash|147\/304|[from] item: Leftovers
|turn|12
|c|âAppreciation|the
|c|âAppreciation|washing
|c|âAppreciation|mashine
|c|âAppreciation|breh
|
|move|p2a: Scizor|Swords Dance|p2a: Scizor
|-boost|p2a: Scizor|atk|2
|move|p1a: Rotom-Wash|Pain Split|p2a: Scizor
|-sethp|p2a: Scizor|197\/282|p1a: Rotom-Wash|197\/304|[from] move: Pain Split
|
|-heal|p1a: Rotom-Wash|216\/304|[from] item: Leftovers
|turn|13
|c|âAppreciation|nice
|c|âAppreciation|PLA
|
|switch|p1a: Gardevoir|Gardevoir, M|248\/283
|-damage|p1a: Gardevoir|213\/283|[from] Stealth Rock
|-ability|p1a: Gardevoir|Technician|[from] ability: Trace|[of] p2a: Scizor
|move|p2a: Scizor|Bug Bite|p1a: Gardevoir
|-damage|p1a: Gardevoir|0 fnt
|faint|p1a: Gardevoir
|
|c|âAppreciation|ima bite u
|c|âAppreciation|real quick
|
|switch|p1a: Keldeo|Keldeo|323\/323
|-damage|p1a: Keldeo|303\/323|[from] Stealth Rock
|turn|14
|c|âAppreciation|YUMMY
|c|âAppreciation|what happens right now
|c|âAppreciation|lemme think ok?
|
|move|p2a: Scizor|Bullet Punch|p1a: Keldeo
|-crit|p1a: Keldeo
|-resisted|p1a: Keldeo
|-damage|p1a: Keldeo|86\/323
|move|p1a: Keldeo|Hydro Pump|p2a: Scizor
|-damage|p2a: Scizor|0 fnt
|faint|p2a: Scizor
|
|c|âAppreciation|not
|c|âAppreciation|even bad
|c|âAppreciation|ye this is gg
|c|âAppreciation|rip
|
|switch|p2a: Latios|Latios, M|301\/301
|-damage|p2a: Latios|264\/301|[from] Stealth Rock
|turn|15
|
|move|p2a: Latios|Memento|p1a: Keldeo
|-unboost|p1a: Keldeo|atk|2
|-unboost|p1a: Keldeo|spa|2
|faint|p2a: Latios
|move|p1a: Keldeo|Hydro Pump|p2: Latios|[notarget]
|-notarget
|
|
|switch|p2a: Crawdaunt|Crawdaunt, M|268\/268
|-damage|p2a: Crawdaunt|235\/268|[from] Stealth Rock
|turn|16
|c|âAppreciation|lel
|c|âAppreciation|miss nerd
|
|switch|p1a: Rotom-Wash|Rotom-Wash|216\/304
|-damage|p1a: Rotom-Wash|178\/304|[from] Stealth Rock
|move|p2a: Crawdaunt|Swords Dance|p2a: Crawdaunt
|-boost|p2a: Crawdaunt|atk|2
|
|-heal|p1a: Rotom-Wash|197\/304|[from] item: Leftovers
|turn|17
|c|âAppreciation|MISS THE PUMP
|c|âAppreciation|actually
|c|âAppreciation|rotom outspeeds
|c|âAppreciation|NOOO
|c|âAppreciation|gg
|c|âAppreciation|lel
|
|move|p1a: Rotom-Wash|Will-O-Wisp|p2a: Crawdaunt
|-status|p2a: Crawdaunt|brn
|move|p2a: Crawdaunt|Knock Off|p1a: Rotom-Wash
|-damage|p1a: Rotom-Wash|0 fnt
|-enditem|p1a: Rotom-Wash|Leftovers|[from] move: Knock Off|[of] p2a: Crawdaunt
|-damage|p2a: Crawdaunt|209\/268 brn|[from] item: Life Orb
|faint|p1a: Rotom-Wash
|
|-damage|p2a: Crawdaunt|176\/268 brn|[from] brn
|c|âAppreciation|gotta know how to use this crawshit
|c|âAppreciation|imo
|
|switch|p1a: Keldeo|Keldeo|86\/323
|-damage|p1a: Keldeo|66\/323|[from] Stealth Rock
|turn|18
|
|move|p2a: Crawdaunt|Aqua Jet|p1a: Keldeo
|-resisted|p1a: Keldeo
|-damage|p1a: Keldeo|1\/323
|-damage|p2a: Crawdaunt|150\/268 brn|[from] item: Life Orb
|move|p1a: Keldeo|Scald|p2a: Crawdaunt
|-resisted|p2a: Crawdaunt
|-damage|p2a: Crawdaunt|0 fnt
|faint|p2a: Crawdaunt
|
|win|Mounts
|raw|Ladder updating...
|raw|Mounts's rating: 1708 &rarr; <strong>1731<\/strong><br \/>(+23 for winning)
|raw|Appreciation's rating: 1749 &rarr; <strong>1727<\/strong><br \/>(-22 for losing)
|c|âAppreciation|lol
|c|âAppreciation|low roll
|c|âAppreciation|might hav mattered
|c|âAppreciation|what ever
|c|âAppreciation|lucky
|leave|Appreciation
|player|p2