|join|Mounts
|join|angel0mike
|player|p1|Mounts|101
|player|p2|angel0mike|144
|gametype|singles
|gen|6
|tier|OU
|rated
|clearpoke
|poke|p1|Landorus-Therian, M
|poke|p1|Bisharp, M
|poke|p1|Rotom-Wash
|poke|p1|Azelf
|poke|p1|Keldeo
|poke|p1|Gardevoir, M
|poke|p2|Slowbro, F
|poke|p2|Clefable, M
|poke|p2|Keldeo-Resolute
|poke|p2|Jirachi
|poke|p2|Landorus-Therian, M
|poke|p2|Tyranitar, F
|rule|Swagger Clause: Swagger is banned
|rule|Baton Pass Clause: Limit one PokÃ©mon knowing Baton Pass
|rule|Sleep Clause Mod: Limit one foe put to sleep
|rule|Species Clause: Limit one of each PokÃ©mon
|rule|OHKO Clause: OHKO moves are banned
|rule|Moody Clause: Moody is banned
|rule|Evasion Moves Clause: Evasion moves are banned
|rule|Endless Battle Clause: Forcing endless battles is banned
|rule|HP Percentage Mod: HP is shown in percentages
|teampreview
|
|start
|switch|p1a: Landorus-Therian|Landorus-Therian, M|382\/382
|switch|p2a: Jirachi|Jirachi|403\/403
|-ability|p1a: Landorus-Therian|Intimidate|[of] p2a: Jirachi
|-unboost|p2a: Jirachi|atk|1
|turn|1
|
|move|p2a: Jirachi|Stealth Rock|p1a: Landorus-Therian
|-sidestart|p1: Mounts|move: Stealth Rock
|move|p1a: Landorus-Therian|Stealth Rock|p2a: Jirachi
|-sidestart|p2: angel0mike|move: Stealth Rock
|
|turn|2
|
|move|p2a: Jirachi|U-turn|p1a: Landorus-Therian
|-resisted|p1a: Landorus-Therian
|-damage|p1a: Landorus-Therian|369\/382
|
|switch|p2a: Landorus-Therian|Landorus-Therian, M|319\/319
|-damage|p2a: Landorus-Therian|280\/319|[from] Stealth Rock
|-ability|p2a: Landorus-Therian|Intimidate|[of] p1a: Landorus-Therian
|-unboost|p1a: Landorus-Therian|atk|1
|move|p1a: Landorus-Therian|Earthquake|p2a: Landorus-Therian
|-immune|p2a: Landorus-Therian|[msg]
|
|-heal|p1a: Landorus-Therian|382\/382|[from] item: Leftovers
|turn|3
|
|move|p2a: Landorus-Therian|U-turn|p1a: Landorus-Therian
|-resisted|p1a: Landorus-Therian
|-damage|p1a: Landorus-Therian|347\/382
|
|switch|p2a: Clefable|Clefable, M|393\/393
|-damage|p2a: Clefable|344\/393|[from] Stealth Rock
|move|p1a: Landorus-Therian|U-turn|p2a: Clefable
|-resisted|p2a: Clefable
|-damage|p2a: Clefable|308\/393
|
|switch|p1a: Bisharp|Bisharp, M|271\/271
|-damage|p1a: Bisharp|255\/271|[from] Stealth Rock
|
|-heal|p2a: Clefable|332\/393|[from] item: Leftovers
|turn|4
|
|switch|p2a: Keldeo-Resolute|Keldeo-Resolute|323\/323
|-damage|p2a: Keldeo-Resolute|303\/323|[from] Stealth Rock
|move|p1a: Bisharp|Iron Head|p2a: Keldeo-Resolute
|-resisted|p2a: Keldeo-Resolute
|-damage|p2a: Keldeo-Resolute|213\/323
|-damage|p1a: Bisharp|228\/271|[from] item: Life Orb
|
|-heal|p2a: Keldeo-Resolute|233\/323|[from] item: Leftovers
|turn|5
|
|switch|p1a: Rotom-Wash|Rotom-Wash|304\/304
|-damage|p1a: Rotom-Wash|266\/304|[from] Stealth Rock
|move|p2a: Keldeo-Resolute|Scald|p1a: Rotom-Wash
|-resisted|p1a: Rotom-Wash
|-damage|p1a: Rotom-Wash|203\/304
|
|-heal|p2a: Keldeo-Resolute|253\/323|[from] item: Leftovers
|-heal|p1a: Rotom-Wash|222\/304|[from] item: Leftovers
|turn|6
|
|switch|p2a: Landorus-Therian|Landorus-Therian, M|280\/319
|-damage|p2a: Landorus-Therian|241\/319|[from] Stealth Rock
|-ability|p2a: Landorus-Therian|Intimidate|[of] p1a: Rotom-Wash
|-unboost|p1a: Rotom-Wash|atk|1
|move|p1a: Rotom-Wash|Will-O-Wisp|p2a: Landorus-Therian
|-status|p2a: Landorus-Therian|brn
|
|-heal|p1a: Rotom-Wash|241\/304|[from] item: Leftovers
|-damage|p2a: Landorus-Therian|202\/319 brn|[from] brn
|turn|7
|
|move|p2a: Landorus-Therian|Knock Off|p1a: Rotom-Wash
|-damage|p1a: Rotom-Wash|195\/304
|-enditem|p1a: Rotom-Wash|Leftovers|[from] move: Knock Off|[of] p2a: Landorus-Therian
|move|p1a: Rotom-Wash|Volt Switch|p2a: Landorus-Therian
|-immune|p2a: Landorus-Therian|[msg]
|
|-damage|p2a: Landorus-Therian|163\/319 brn|[from] brn
|turn|8
|
|move|p2a: Landorus-Therian|Knock Off|p1a: Rotom-Wash
|-damage|p1a: Rotom-Wash|165\/304
|move|p1a: Rotom-Wash|Hydro Pump|p2a: Landorus-Therian
|-supereffective|p2a: Landorus-Therian
|-damage|p2a: Landorus-Therian|0 fnt
|faint|p2a: Landorus-Therian
|
|
|switch|p2a: Clefable|Clefable, M|332\/393
|-damage|p2a: Clefable|283\/393|[from] Stealth Rock
|turn|9
|
|move|p1a: Rotom-Wash|Volt Switch|p2a: Clefable
|-damage|p2a: Clefable|196\/393
|
|switch|p1a: Landorus-Therian|Landorus-Therian, M|347\/382
|-damage|p1a: Landorus-Therian|300\/382|[from] Stealth Rock
|-ability|p1a: Landorus-Therian|Intimidate|[of] p2a: Clefable
|-unboost|p2a: Clefable|atk|1
|move|p2a: Clefable|Moonblast|p1a: Landorus-Therian
|-damage|p1a: Landorus-Therian|179\/382
|
|-heal|p1a: Landorus-Therian|202\/382|[from] item: Leftovers
|-heal|p2a: Clefable|220\/393|[from] item: Leftovers
|turn|10
|
|move|p1a: Landorus-Therian|Toxic|p2a: Clefable
|-status|p2a: Clefable|tox
|move|p2a: Clefable|Wish|p2a: Clefable
|
|-heal|p1a: Landorus-Therian|225\/382|[from] item: Leftovers
|-heal|p2a: Clefable|244\/393 tox|[from] item: Leftovers
|-damage|p2a: Clefable|220\/393 tox|[from] psn
|turn|11
|
|switch|p2a: Slowbro|Slowbro, F|393\/393
|-damage|p2a: Slowbro|344\/393|[from] Stealth Rock
|move|p1a: Landorus-Therian|Earthquake|p2a: Slowbro
|-damage|p2a: Slowbro|229\/393
|
|-heal|p2a: Slowbro|393\/393|[from] move: Wish|[wisher] Clefable
|-heal|p1a: Landorus-Therian|248\/382|[from] item: Leftovers
|turn|12
|
|detailschange|p2a: Slowbro|Slowbro-Mega, F
|-mega|p2a: Slowbro|Slowbro|Slowbronite
|move|p1a: Landorus-Therian|U-turn|p2a: Slowbro
|-supereffective|p2a: Slowbro
|-damage|p2a: Slowbro|317\/393
|
|switch|p1a: Gardevoir|Gardevoir, M|283\/283
|-damage|p1a: Gardevoir|248\/283|[from] Stealth Rock
|-ability|p1a: Gardevoir|Shell Armor|[from] ability: Trace|[of] p2a: Slowbro
|move|p2a: Slowbro|Calm Mind|p2a: Slowbro
|-boost|p2a: Slowbro|spa|1
|-boost|p2a: Slowbro|spd|1
|
|turn|13
|
|move|p1a: Gardevoir|Calm Mind|p1a: Gardevoir
|-boost|p1a: Gardevoir|spa|1
|-boost|p1a: Gardevoir|spd|1
|move|p2a: Slowbro|Slack Off|p2a: Slowbro
|-heal|p2a: Slowbro|393\/393
|
|turn|14
|
|detailschange|p1a: Gardevoir|Gardevoir-Mega, M
|-mega|p1a: Gardevoir|Gardevoir|Gardevoirite
|move|p1a: Gardevoir|Hyper Voice|p2a: Slowbro
|-damage|p2a: Slowbro|57\/393
|move|p2a: Slowbro|Calm Mind|p2a: Slowbro
|-boost|p2a: Slowbro|spa|1
|-boost|p2a: Slowbro|spd|1
|
|turn|15
|c|âangel0mike|fucking awful match up :(
|
|switch|p2a: Jirachi|Jirachi|403\/403
|-damage|p2a: Jirachi|378\/403|[from] Stealth Rock
|move|p1a: Gardevoir|Calm Mind|p1a: Gardevoir
|-boost|p1a: Gardevoir|spa|1
|-boost|p1a: Gardevoir|spd|1
|
|-heal|p2a: Jirachi|403\/403|[from] item: Leftovers
|turn|16
|
|switch|p1a: Landorus-Therian|Landorus-Therian, M|248\/382
|-damage|p1a: Landorus-Therian|201\/382|[from] Stealth Rock
|-ability|p1a: Landorus-Therian|Intimidate|[of] p2a: Jirachi
|-unboost|p2a: Jirachi|atk|1
|move|p2a: Jirachi|Iron Head|p1a: Landorus-Therian
|-damage|p1a: Landorus-Therian|150\/382
|
|-heal|p1a: Landorus-Therian|173\/382|[from] item: Leftovers
|turn|17
|
|move|p2a: Jirachi|Iron Head|p1a: Landorus-Therian
|-damage|p1a: Landorus-Therian|127\/382
|move|p1a: Landorus-Therian|Earthquake|p2a: Jirachi
|-supereffective|p2a: Jirachi
|-damage|p2a: Jirachi|97\/403
|
|-heal|p2a: Jirachi|122\/403|[from] item: Leftovers
|-heal|p1a: Landorus-Therian|150\/382|[from] item: Leftovers
|turn|18
|
|move|p2a: Jirachi|Iron Head|p1a: Landorus-Therian
|-damage|p1a: Landorus-Therian|99\/382
|cant|p1a: Landorus-Therian|flinch
|
|-heal|p2a: Jirachi|147\/403|[from] item: Leftovers
|-heal|p1a: Landorus-Therian|122\/382|[from] item: Leftovers
|turn|19
|
|move|p2a: Jirachi|Iron Head|p1a: Landorus-Therian
|-damage|p1a: Landorus-Therian|68\/382
|cant|p1a: Landorus-Therian|flinch
|
|-heal|p2a: Jirachi|172\/403|[from] item: Leftovers
|-heal|p1a: Landorus-Therian|91\/382|[from] item: Leftovers
|turn|20
|
|switch|p1a: Keldeo|Keldeo|323\/323
|-damage|p1a: Keldeo|303\/323|[from] Stealth Rock
|move|p2a: Jirachi|Iron Head|p1a: Keldeo
|-resisted|p1a: Keldeo
|-damage|p1a: Keldeo|272\/323
|
|-heal|p2a: Jirachi|197\/403|[from] item: Leftovers
|turn|21
|
|switch|p2a: Slowbro|Slowbro-Mega, F|57\/393
|-damage|p2a: Slowbro|8\/393|[from] Stealth Rock
|move|p1a: Keldeo|Hydro Pump|p2a: Slowbro
|-resisted|p2a: Slowbro
|-damage|p2a: Slowbro|0 fnt
|faint|p2a: Slowbro
|
|
|switch|p2a: Keldeo-Resolute|Keldeo-Resolute|253\/323
|-damage|p2a: Keldeo-Resolute|233\/323|[from] Stealth Rock
|turn|22
angel0mike made this room hidden.
|
|move|p1a: Keldeo|Hydro Pump|p2a: Keldeo-Resolute
|-resisted|p2a: Keldeo-Resolute
|-damage|p2a: Keldeo-Resolute|87\/323
|move|p2a: Keldeo-Resolute|Substitute|p2a: Keldeo-Resolute
|-start|p2a: Keldeo-Resolute|Substitute
|-damage|p2a: Keldeo-Resolute|7\/323
|
|-heal|p2a: Keldeo-Resolute|27\/323|[from] item: Leftovers
|turn|23
|
|switch|p1a: Gardevoir|Gardevoir-Mega, M|248\/283
|-damage|p1a: Gardevoir|213\/283|[from] Stealth Rock
|move|p2a: Keldeo-Resolute|Secret Sword|p1a: Gardevoir
|-resisted|p1a: Gardevoir
|-damage|p1a: Gardevoir|158\/283
|
|-heal|p2a: Keldeo-Resolute|47\/323|[from] item: Leftovers
|turn|24
|c|âangel0mike|and now cancel strikes back
|c|âangel0mike|gg
|
|move|p2a: Keldeo-Resolute|Scald|p1a: Gardevoir
|-damage|p1a: Gardevoir|53\/283
|move|p1a: Gardevoir|Hyper Voice|p2a: Keldeo-Resolute
|-supereffective|p2a: Keldeo-Resolute
|-damage|p2a: Keldeo-Resolute|0 fnt
|faint|p2a: Keldeo-Resolute
|
|
|switch|p2a: Tyranitar|Tyranitar, F|341\/341
|-damage|p2a: Tyranitar|299\/341|[from] Stealth Rock
|-weather|Sandstorm
|turn|25
|
|move|p2a: Tyranitar|Pursuit|p1a: Gardevoir
|-damage|p1a: Gardevoir|0 fnt
|faint|p1a: Gardevoir
|
|-weather|Sandstorm|[upkeep]
|
|switch|p1a: Keldeo|Keldeo|272\/323
|-damage|p1a: Keldeo|252\/323|[from] Stealth Rock
|turn|26
|
|switch|p2a: Clefable|Clefable, M|220\/393 tox
|-damage|p2a: Clefable|171\/393 tox|[from] Stealth Rock
|move|p1a: Keldeo|Scald|p2a: Clefable
|-damage|p2a: Clefable|0 fnt
|faint|p2a: Clefable
|
|-weather|Sandstorm|[upkeep]
|-damage|p1a: Keldeo|232\/323|[from] sandstorm
|
|switch|p2a: Tyranitar|Tyranitar, F|299\/341
|-damage|p2a: Tyranitar|257\/341|[from] Stealth Rock
|turn|27
|
|move|p2a: Tyranitar|Earthquake|p1a: Keldeo
|-damage|p1a: Keldeo|93\/323
|move|p1a: Keldeo|Scald|p2a: Tyranitar
|-supereffective|p2a: Tyranitar
|-damage|p2a: Tyranitar|0 fnt
|faint|p2a: Tyranitar
|
|-weather|Sandstorm|[upkeep]
|-damage|p1a: Keldeo|73\/323|[from] sandstorm
|-message|angel0mike forfeited.
|leave|angel0mike
|
|win|Mounts
|raw|Ladder updating...
|player|p2
|raw|Mounts's rating: 1765 &rarr; <strong>1777<\/strong><br \/>(+12 for winning)
|raw|angel0mike's rating: 1623 &rarr; <strong>1610<\/strong><br \/>(-13 for losing)