|join|back in my life
|join|Mounts
|player|p1|back in my life|137
|player|p2|Mounts|101
|gametype|singles
|gen|6
|tier|OU
|rated
|clearpoke
|poke|p1|Garchomp, F
|poke|p1|Bisharp, F
|poke|p1|Raikou
|poke|p1|Metagross
|poke|p1|Keldeo
|poke|p1|Landorus-Therian, M
|poke|p2|Sceptile, M
|poke|p2|Greninja, M
|poke|p2|Terrakion
|poke|p2|Landorus-Therian, M
|poke|p2|Bisharp, F
|poke|p2|Rotom-Wash
|rule|Swagger Clause: Swagger is banned
|rule|Baton Pass Clause: Limit one PokÃ©mon knowing Baton Pass
|rule|Sleep Clause Mod: Limit one foe put to sleep
|rule|Species Clause: Limit one of each PokÃ©mon
|rule|OHKO Clause: OHKO moves are banned
|rule|Moody Clause: Moody is banned
|rule|Evasion Moves Clause: Evasion moves are banned
|rule|Endless Battle Clause: Forcing endless battles is banned
|rule|HP Percentage Mod: HP is shown in percentages
|teampreview
|
|start
|switch|p1a: Garchomp|Garchomp, F|357\/357
|switch|p2a: P. Sherman|Landorus-Therian, M|382\/382
|-ability|p2a: P. Sherman|Intimidate|[of] p1a: Garchomp
|-unboost|p1a: Garchomp|atk|1
|turn|1
|
|move|p1a: Garchomp|Stealth Rock|p2a: P. Sherman
|-sidestart|p2: Mounts|move: Stealth Rock
|move|p2a: P. Sherman|Stealth Rock|p1a: Garchomp
|-sidestart|p1: back in my life|move: Stealth Rock
|
|turn|2
|
|move|p1a: Garchomp|Fire Blast|p2a: P. Sherman
|-damage|p2a: P. Sherman|295\/382
|move|p2a: P. Sherman|Earthquake|p1a: Garchomp
|-crit|p1a: Garchomp
|-damage|p1a: Garchomp|120\/357
|
|-heal|p2a: P. Sherman|318\/382|[from] item: Leftovers
|turn|3
|
|move|p1a: Garchomp|Outrage|p2a: P. Sherman
|-damage|p2a: P. Sherman|213\/382
|move|p2a: P. Sherman|Earthquake|p1a: Garchomp
|-damage|p1a: Garchomp|0 fnt
|faint|p1a: Garchomp
|
|-heal|p2a: P. Sherman|236\/382|[from] item: Leftovers
|
|switch|p1a: Keldeo|Keldeo|323\/323
|-damage|p1a: Keldeo|303\/323|[from] Stealth Rock
|turn|4
|
|switch|p2a: Gatorade|Rotom-Wash|304\/304
|-damage|p2a: Gatorade|266\/304|[from] Stealth Rock
|move|p1a: Keldeo|Secret Sword|p2a: Gatorade
|-damage|p2a: Gatorade|110\/304
|
|-heal|p2a: Gatorade|129\/304|[from] item: Leftovers
|turn|5
|
|switch|p2a: P. Sherman|Landorus-Therian, M|236\/382
|-damage|p2a: P. Sherman|189\/382|[from] Stealth Rock
|-ability|p2a: P. Sherman|Intimidate|[of] p1a: Keldeo
|-unboost|p1a: Keldeo|atk|1
|move|p1a: Keldeo|Secret Sword|p2a: P. Sherman
|-resisted|p2a: P. Sherman
|-damage|p2a: P. Sherman|102\/382
|
|-heal|p2a: P. Sherman|125\/382|[from] item: Leftovers
|turn|6
|
|switch|p1a: Landorus-Therian|Landorus-Therian, M|319\/319
|-damage|p1a: Landorus-Therian|280\/319|[from] Stealth Rock
|-ability|p1a: Landorus-Therian|Intimidate|[of] p2a: P. Sherman
|-unboost|p2a: P. Sherman|atk|1
|move|p2a: P. Sherman|Earthquake|p1a: Landorus-Therian
|-immune|p1a: Landorus-Therian|[msg]
|
|-heal|p2a: P. Sherman|148\/382|[from] item: Leftovers
|turn|7
|
|move|p1a: Landorus-Therian|Knock Off|p2a: P. Sherman
|-damage|p2a: P. Sherman|57\/382
|-enditem|p2a: P. Sherman|Leftovers|[from] move: Knock Off|[of] p1a: Landorus-Therian
|move|p2a: P. Sherman|U-turn|p1a: Landorus-Therian
|-resisted|p1a: Landorus-Therian
|-damage|p1a: Landorus-Therian|251\/319
|
|switch|p2a: ovoxo|Greninja, M|285\/285
|-damage|p2a: ovoxo|250\/285|[from] Stealth Rock
|
|turn|8
|
|switch|p1a: Bisharp|Bisharp, F|271\/271
|-damage|p1a: Bisharp|255\/271|[from] Stealth Rock
|move|p2a: ovoxo|Low Kick|p1a: Bisharp
|-start|p2a: ovoxo|typechange|Fighting|[from] Protean
|-supereffective|p1a: Bisharp
|-damage|p1a: Bisharp|0 fnt
|-damage|p2a: ovoxo|222\/285|[from] item: Life Orb
|faint|p1a: Bisharp
|
|
|switch|p1a: Raikou|Raikou|321\/321
|-damage|p1a: Raikou|281\/321|[from] Stealth Rock
|-ability|p1a: Raikou|Pressure
|turn|9
|
|switch|p2a: P. Sherman|Landorus-Therian, M|57\/382
|-damage|p2a: P. Sherman|10\/382|[from] Stealth Rock
|-ability|p2a: P. Sherman|Intimidate|[of] p1a: Raikou
|-unboost|p1a: Raikou|atk|1
|move|p1a: Raikou|Thunderbolt|p2a: P. Sherman
|-immune|p2a: P. Sherman|[msg]
|
|turn|10
|
|move|p1a: Raikou|Shadow Ball|p2a: P. Sherman
|-damage|p2a: P. Sherman|0 fnt
|faint|p2a: P. Sherman
|
|
|switch|p2a: E. Dantes|Terrakion|323\/323
|-damage|p2a: E. Dantes|303\/323|[from] Stealth Rock
|turn|11
|
|switch|p1a: Landorus-Therian|Landorus-Therian, M|251\/319
|-damage|p1a: Landorus-Therian|212\/319|[from] Stealth Rock
|-ability|p1a: Landorus-Therian|Intimidate|[of] p2a: E. Dantes
|-unboost|p2a: E. Dantes|atk|1
|move|p2a: E. Dantes|Close Combat|p1a: Landorus-Therian
|-resisted|p1a: Landorus-Therian
|-damage|p1a: Landorus-Therian|108\/319
|-unboost|p2a: E. Dantes|def|1
|-unboost|p2a: E. Dantes|spd|1
|-damage|p2a: E. Dantes|271\/323|[from] item: Life Orb
|
|turn|12
|
|switch|p2a: Gatorade|Rotom-Wash|129\/304
|-damage|p2a: Gatorade|91\/304|[from] Stealth Rock
|move|p1a: Landorus-Therian|U-turn|p2a: Gatorade
|-damage|p2a: Gatorade|31\/304
|
|switch|p1a: Metagross|Metagross|301\/301
|-damage|p1a: Metagross|283\/301|[from] Stealth Rock
|
|-heal|p2a: Gatorade|50\/304|[from] item: Leftovers
|turn|13
|
|detailschange|p1a: Metagross|Metagross-Mega
|-mega|p1a: Metagross|Metagross|Metagrossite
|move|p1a: Metagross|Zen Headbutt|p2a: Gatorade
|-damage|p2a: Gatorade|0 fnt
|faint|p2a: Gatorade
|
|
|switch|p2a: ovoxo|Greninja, M|222\/285
|-damage|p2a: ovoxo|187\/285|[from] Stealth Rock
|turn|14
|
|move|p2a: ovoxo|Dark Pulse|p1a: Metagross
|-start|p2a: ovoxo|typechange|Dark|[from] Protean
|-supereffective|p1a: Metagross
|-damage|p1a: Metagross|23\/301
|-damage|p2a: ovoxo|159\/285|[from] item: Life Orb
|cant|p1a: Metagross|flinch
|
|turn|15
|
|move|p2a: ovoxo|Dark Pulse|p1a: Metagross
|-supereffective|p1a: Metagross
|-damage|p1a: Metagross|0 fnt
|-damage|p2a: ovoxo|131\/285|[from] item: Life Orb
|faint|p1a: Metagross
|
|
|switch|p1a: Landorus-Therian|Landorus-Therian, M|108\/319
|-damage|p1a: Landorus-Therian|69\/319|[from] Stealth Rock
|-ability|p1a: Landorus-Therian|Intimidate|[of] p2a: ovoxo
|-unboost|p2a: ovoxo|atk|1
|turn|16
|
|move|p1a: Landorus-Therian|U-turn|p2a: ovoxo
|-crit|p2a: ovoxo
|-supereffective|p2a: ovoxo
|-damage|p2a: ovoxo|0 fnt
|faint|p2a: ovoxo
|
|switch|p1a: Raikou|Raikou|281\/321
|-damage|p1a: Raikou|241\/321|[from] Stealth Rock
|-ability|p1a: Raikou|Pressure
|
|
|switch|p2a: E. Dantes|Terrakion|271\/323
|-damage|p2a: E. Dantes|251\/323|[from] Stealth Rock
|turn|17
|
|move|p1a: Raikou|Thunderbolt|p2a: E. Dantes
|-damage|p2a: E. Dantes|80\/323
|move|p2a: E. Dantes|Close Combat|p1a: Raikou
|-damage|p1a: Raikou|0 fnt
|-unboost|p2a: E. Dantes|def|1
|-unboost|p2a: E. Dantes|spd|1
|-damage|p2a: E. Dantes|48\/323|[from] item: Life Orb
|faint|p1a: Raikou
|
|
|switch|p1a: Keldeo|Keldeo|303\/323
|-damage|p1a: Keldeo|283\/323|[from] Stealth Rock
|turn|18
|c|âback in my life|gg
|-message|back in my life forfeited.
|
|win|Mounts
|raw|Ladder updating...
|raw|back in my life's rating: 1765 &rarr; <strong>1744<\/strong><br \/>(-21 for losing)
|raw|Mounts's rating: 1742 &rarr; <strong>1763<\/strong><br \/>(+21 for winning)