|join|lil manaphy
|join|Mounts
|player|p1|lil manaphy|272
|player|p2|Mounts|101
|gametype|singles
|gen|6
|tier|OU
|rated
|clearpoke
|poke|p1|Lopunny, F
|poke|p1|Manaphy
|poke|p1|Scizor, M
|poke|p1|Celebi
|poke|p1|Heatran, M
|poke|p1|Mandibuzz, F
|poke|p2|Gallade, M
|poke|p2|Bisharp, M
|poke|p2|Landorus-Therian, M
|poke|p2|Rotom-Wash
|poke|p2|Azelf
|poke|p2|Garchomp, F
|rule|Swagger Clause: Swagger is banned
|rule|Baton Pass Clause: Limit one PokÃ©mon knowing Baton Pass
|rule|Sleep Clause Mod: Limit one foe put to sleep
|rule|Species Clause: Limit one of each PokÃ©mon
|rule|OHKO Clause: OHKO moves are banned
|rule|Moody Clause: Moody is banned
|rule|Evasion Moves Clause: Evasion moves are banned
|rule|Endless Battle Clause: Forcing endless battles is banned
|rule|HP Percentage Mod: HP is shown in percentages
|teampreview
|
|start
|switch|p1a: Couture|Lopunny, F|271\/271
|switch|p2a: Landorus-Therian|Landorus-Therian, M|382\/382
|-ability|p2a: Landorus-Therian|Intimidate|[of] p1a: Couture
|-unboost|p1a: Couture|atk|1
|turn|1
|
|detailschange|p1a: Couture|Lopunny-Mega, F
|-mega|p1a: Couture|Lopunny|Lopunnite
|move|p1a: Couture|Fake Out|p2a: Landorus-Therian
|-damage|p2a: Landorus-Therian|343\/382
|cant|p2a: Landorus-Therian|flinch
|
|-heal|p2a: Landorus-Therian|366\/382|[from] item: Leftovers
|turn|2
|
|switch|p1a: im walling everyth|Mandibuzz, F|423\/423
|switch|p2a: Rotom-Wash|Rotom-Wash|304\/304
|
|turn|3
|
|switch|p1a: just my onion|Celebi|404\/404
|move|p2a: Rotom-Wash|Will-O-Wisp|p1a: just my onion
|-status|p1a: just my onion|brn
|
|-damage|p1a: just my onion|354\/404 brn|[from] brn
|turn|4
|
|switch|p2a: Landorus-Therian|Landorus-Therian, M|366\/382
|-ability|p2a: Landorus-Therian|Intimidate|[of] p1a: just my onion
|-unboost|p1a: just my onion|atk|1
|move|p1a: just my onion|Giga Drain|p2a: Landorus-Therian
|-damage|p2a: Landorus-Therian|254\/382
|-heal|p1a: just my onion|404\/404 brn|[from] drain|[of] p2a: Landorus-Therian
|
|-heal|p2a: Landorus-Therian|277\/382|[from] item: Leftovers
|-damage|p1a: just my onion|354\/404 brn|[from] brn
|turn|5
|
|switch|p1a: im walling everyth|Mandibuzz, F|423\/423
|move|p2a: Landorus-Therian|Stealth Rock|p1a: im walling everyth
|-sidestart|p1: lil manaphy|move: Stealth Rock
|
|-heal|p2a: Landorus-Therian|300\/382|[from] item: Leftovers
|turn|6
|
|move|p2a: Landorus-Therian|Toxic|p1a: im walling everyth
|-status|p1a: im walling everyth|tox
|move|p1a: im walling everyth|Defog|p2a: Landorus-Therian
|-unboost|p2a: Landorus-Therian|evasion|1
|-sideend|p1: lil manaphy|Stealth Rock|[from] move: Defog|[of] p1a: im walling everyth
|
|-heal|p2a: Landorus-Therian|323\/382|[from] item: Leftovers
|-damage|p1a: im walling everyth|397\/423 tox|[from] psn
|turn|7
|
|move|p2a: Landorus-Therian|Stealth Rock|p1a: im walling everyth
|-sidestart|p1: lil manaphy|move: Stealth Rock
|move|p1a: im walling everyth|Foul Play|p2a: Landorus-Therian
|-damage|p2a: Landorus-Therian|193\/382
|
|-heal|p2a: Landorus-Therian|216\/382|[from] item: Leftovers
|-damage|p1a: im walling everyth|345\/423 tox|[from] psn
|turn|8
|
|move|p2a: Landorus-Therian|U-turn|p1a: im walling everyth
|-damage|p1a: im walling everyth|291\/423 tox
|-damage|p2a: Landorus-Therian|153\/382|[from] item: Rocky Helmet|[of] p1a: im walling everyth
|
|switch|p2a: Rotom-Wash|Rotom-Wash|304\/304
|move|p1a: im walling everyth|Defog|p2a: Rotom-Wash
|-unboost|p2a: Rotom-Wash|evasion|1
|-sideend|p1: lil manaphy|Stealth Rock|[from] move: Defog|[of] p1a: im walling everyth
|
|-damage|p1a: im walling everyth|213\/423 tox|[from] psn
|turn|9
|
|switch|p1a: just my onion|Celebi|354\/404
|move|p2a: Rotom-Wash|Volt Switch|p1a: just my onion
|-crit|p1a: just my onion
|-resisted|p1a: just my onion
|-damage|p1a: just my onion|303\/404
|
|switch|p2a: Landorus-Therian|Landorus-Therian, M|153\/382
|-ability|p2a: Landorus-Therian|Intimidate|[of] p1a: just my onion
|-unboost|p1a: just my onion|atk|1
|
|-heal|p1a: just my onion|328\/404|[from] item: Leftovers
|-heal|p2a: Landorus-Therian|176\/382|[from] item: Leftovers
|turn|10
|
|switch|p1a: still bigger than|Manaphy|341\/341
|move|p2a: Landorus-Therian|Stealth Rock|p1a: still bigger than
|-sidestart|p1: lil manaphy|move: Stealth Rock
|
|-heal|p2a: Landorus-Therian|199\/382|[from] item: Leftovers
|turn|11
|
|move|p1a: still bigger than|Scald|p2a: Landorus-Therian
|-crit|p2a: Landorus-Therian
|-supereffective|p2a: Landorus-Therian
|-damage|p2a: Landorus-Therian|0 fnt
|faint|p2a: Landorus-Therian
|
|
|switch|p2a: Gallade|Gallade, M|278\/278
|turn|12
|
|detailschange|p2a: Gallade|Gallade-Mega, M
|-mega|p2a: Gallade|Gallade|Galladite
|move|p1a: still bigger than|Scald|p2a: Gallade
|-damage|p2a: Gallade|169\/278
|move|p2a: Gallade|Swords Dance|p2a: Gallade
|-boost|p2a: Gallade|atk|2
|
|turn|13
|
|move|p2a: Gallade|Close Combat|p1a: still bigger than
|-damage|p1a: still bigger than|0 fnt
|-unboost|p2a: Gallade|def|1
|-unboost|p2a: Gallade|spd|1
|faint|p1a: still bigger than
|
|
|switch|p1a: Couture|Lopunny-Mega, F|271\/271
|-damage|p1a: Couture|255\/271|[from] Stealth Rock
|turn|14
|
|move|p1a: Couture|Return|p2a: Gallade
|-damage|p2a: Gallade|0 fnt
|faint|p2a: Gallade
|
|
|switch|p2a: Rotom-Wash|Rotom-Wash|304\/304
|turn|15
|
|switch|p1a: just my onion|Celebi|328\/404
|-damage|p1a: just my onion|278\/404|[from] Stealth Rock
|move|p2a: Rotom-Wash|Volt Switch|p1a: just my onion
|-crit|p1a: just my onion
|-resisted|p1a: just my onion
|-damage|p1a: just my onion|230\/404
|
|switch|p2a: Bisharp|Bisharp, M|271\/271
|
|-heal|p1a: just my onion|255\/404|[from] item: Leftovers
|turn|16
|
|switch|p1a: Couture|Lopunny-Mega, F|255\/271
|-damage|p1a: Couture|239\/271|[from] Stealth Rock
|move|p2a: Bisharp|Knock Off|p1a: Couture
|-resisted|p1a: Couture
|-damage|p1a: Couture|153\/271
|-damage|p2a: Bisharp|244\/271|[from] item: Life Orb
|
|turn|17
|
|switch|p2a: Azelf|Azelf|291\/291
|move|p1a: Couture|Power-Up Punch|p2a: Azelf
|-resisted|p2a: Azelf
|-damage|p2a: Azelf|243\/291
|-boost|p1a: Couture|atk|1
|
|turn|18
|
|move|p1a: Couture|Return|p2a: Azelf
|-damage|p2a: Azelf|0 fnt
|faint|p2a: Azelf
|
|
|switch|p2a: Garchomp|Garchomp, F|357\/357
|turn|19
|
|move|p2a: Garchomp|Dragon Claw|p1a: Couture
|-damage|p1a: Couture|8\/271
|move|p1a: Couture|Return|p2a: Garchomp
|-damage|p2a: Garchomp|39\/357
|-damage|p1a: Couture|0 fnt|[from] ability: Rough Skin|[of] p2a: Garchomp
|faint|p1a: Couture
|
|
|switch|p1a: business|Scizor, M|343\/343
|-damage|p1a: business|301\/343|[from] Stealth Rock
|turn|20
|
|switch|p2a: Rotom-Wash|Rotom-Wash|304\/304
|move|p1a: business|Bullet Punch|p2a: Rotom-Wash
|-resisted|p2a: Rotom-Wash
|-damage|p2a: Rotom-Wash|275\/304
|
|-heal|p2a: Rotom-Wash|294\/304|[from] item: Leftovers
|turn|21
|
|switch|p1a: bean curd puff|Heatran, M|386\/386
|-damage|p1a: bean curd puff|338\/386|[from] Stealth Rock
|move|p2a: Rotom-Wash|Volt Switch|p1a: bean curd puff
|-damage|p1a: bean curd puff|274\/386
|
|switch|p2a: Garchomp|Garchomp, F|39\/357
|
|-heal|p1a: bean curd puff|298\/386|[from] item: Leftovers
|turn|22
|
|switch|p2a: Rotom-Wash|Rotom-Wash|294\/304
|switch|p1a: business|Scizor, M|301\/343
|-damage|p1a: business|259\/343|[from] Stealth Rock
|
|-heal|p2a: Rotom-Wash|304\/304|[from] item: Leftovers
|turn|23
|
|move|p2a: Rotom-Wash|Volt Switch|p1a: business
|-damage|p1a: business|163\/343
|
|switch|p2a: Garchomp|Garchomp, F|39\/357
|move|p1a: business|U-turn|p2a: Garchomp
|-damage|p2a: Garchomp|0 fnt
|-damage|p1a: business|121\/343|[from] ability: Rough Skin|[of] p2a: Garchomp
|faint|p2a: Garchomp
|
|switch|p1a: bean curd puff|Heatran, M|298\/386
|-damage|p1a: bean curd puff|250\/386|[from] Stealth Rock
|
|-heal|p1a: bean curd puff|274\/386|[from] item: Leftovers
|
|switch|p2a: Rotom-Wash|Rotom-Wash|304\/304
|turn|24
|
|switch|p1a: just my onion|Celebi|255\/404
|-damage|p1a: just my onion|205\/404|[from] Stealth Rock
|move|p2a: Rotom-Wash|Volt Switch|p1a: just my onion
|-resisted|p1a: just my onion
|-damage|p1a: just my onion|173\/404
|
|switch|p2a: Bisharp|Bisharp, M|244\/271
|
|-heal|p1a: just my onion|198\/404|[from] item: Leftovers
|turn|25
|
|switch|p1a: im walling everyth|Mandibuzz, F|213\/423 tox
|-damage|p1a: im walling everyth|108\/423 tox|[from] Stealth Rock
|move|p2a: Bisharp|Swords Dance|p2a: Bisharp
|-boost|p2a: Bisharp|atk|2
|
|-damage|p1a: im walling everyth|82\/423 tox|[from] psn
|turn|26
|
|move|p2a: Bisharp|Iron Head|p1a: im walling everyth
|-damage|p1a: im walling everyth|0 fnt
|-damage|p2a: Bisharp|199\/271|[from] item: Rocky Helmet|[of] p1a: im walling everyth
|-damage|p2a: Bisharp|172\/271|[from] item: Life Orb
|faint|p1a: im walling everyth
|
|
|switch|p1a: business|Scizor, M|121\/343
|-damage|p1a: business|79\/343|[from] Stealth Rock
|turn|27
|
|move|p2a: Bisharp|Sucker Punch|p1a: business
|-damage|p1a: business|0 fnt
|-damage|p2a: Bisharp|145\/271|[from] item: Life Orb
|faint|p1a: business
|
|
|switch|p1a: bean curd puff|Heatran, M|274\/386
|-damage|p1a: bean curd puff|226\/386|[from] Stealth Rock
|turn|28
|
|move|p2a: Bisharp|Sucker Punch|p1a: bean curd puff
|-damage|p1a: bean curd puff|0 fnt
|-damage|p2a: Bisharp|118\/271|[from] item: Life Orb
|faint|p1a: bean curd puff
|
|-message|lil manaphy forfeited.
|leave|lil manaphy
|
|win|Mounts
|raw|Ladder updating...
|player|p1
|raw|lil manaphy's rating: 1728 &rarr; <strong>1705<\/strong><br \/>(-23 for losing)
|raw|Mounts's rating: 1668 &rarr; <strong>1691<\/strong><br \/>(+23 for winning)