|join|Mounts
|join|ThE0testing
|player|p1|Mounts|101
|player|p2|ThE0testing|266
|gametype|singles
|gen|6
|tier|OU
|rated
|clearpoke
|poke|p1|Gallade, M
|poke|p1|Sylveon, F
|poke|p1|Bisharp, F
|poke|p1|Landorus-Therian, M
|poke|p1|Rotom-Wash
|poke|p1|Latios, M
|poke|p2|Volcarona, M
|poke|p2|Metagross
|poke|p2|Zapdos
|poke|p2|Landorus-Therian, M
|poke|p2|Keldeo
|poke|p2|Bisharp, F
|rule|Swagger Clause: Swagger is banned
|rule|Baton Pass Clause: Limit one PokÃ©mon knowing Baton Pass
|rule|Sleep Clause Mod: Limit one foe put to sleep
|rule|Species Clause: Limit one of each PokÃ©mon
|rule|OHKO Clause: OHKO moves are banned
|rule|Moody Clause: Moody is banned
|rule|Evasion Moves Clause: Evasion moves are banned
|rule|Endless Battle Clause: Forcing endless battles is banned
|rule|HP Percentage Mod: HP is shown in percentages
|teampreview
|
|start
|switch|p1a: Rotom-Wash|Rotom-Wash|304\/304
|switch|p2a: Volcarona|Volcarona, M|329\/329
|turn|1
|
|move|p2a: Volcarona|Quiver Dance|p2a: Volcarona
|-boost|p2a: Volcarona|spa|1
|-boost|p2a: Volcarona|spd|1
|-boost|p2a: Volcarona|spe|1
|move|p1a: Rotom-Wash|Hydro Pump|p2a: Volcarona|[miss]
|-miss|p1a: Rotom-Wash|p2a: Volcarona
|
|turn|2
|
|move|p2a: Volcarona|Quiver Dance|p2a: Volcarona
|-boost|p2a: Volcarona|spa|1
|-boost|p2a: Volcarona|spd|1
|-boost|p2a: Volcarona|spe|1
|move|p1a: Rotom-Wash|Hydro Pump|p2a: Volcarona
|-crit|p2a: Volcarona
|-supereffective|p2a: Volcarona
|-enditem|p2a: Volcarona|Passho Berry|[eat]
|-damage|p2a: Volcarona|130\/329
|
|turn|3
|
|switch|p1a: Latios|Latios, M|301\/301
|move|p2a: Volcarona|Giga Drain|p1a: Latios
|-resisted|p1a: Latios
|-damage|p1a: Latios|218\/301
|-heal|p2a: Volcarona|172\/329|[from] drain|[of] p1a: Latios
|
|turn|4
|
|switch|p2a: Metagross|Metagross|301\/301
|move|p1a: Latios|Psyshock|p2a: Metagross
|-resisted|p2a: Metagross
|-damage|p2a: Metagross|262\/301
|-damage|p1a: Latios|188\/301|[from] item: Life Orb
|
|turn|5
|
|detailschange|p2a: Metagross|Metagross-Mega
|-mega|p2a: Metagross|Metagross|Metagrossite
|move|p1a: Latios|Surf|p2a: Metagross
|-damage|p2a: Metagross|126\/301
|-damage|p1a: Latios|158\/301|[from] item: Life Orb
|move|p2a: Metagross|Pursuit|p1a: Latios
|-supereffective|p1a: Latios
|-damage|p1a: Latios|0 fnt
|faint|p1a: Latios
|
|
|switch|p1a: Landorus-Therian|Landorus-Therian, M|382\/382
|-ability|p1a: Landorus-Therian|Intimidate|[of] p2a: Metagross
|-unboost|p2a: Metagross|atk|1
|turn|6
|
|switch|p2a: Landorus-Therian|Landorus-Therian, M|379\/379
|-ability|p2a: Landorus-Therian|Intimidate|[of] p1a: Landorus-Therian
|-unboost|p1a: Landorus-Therian|atk|1
|move|p1a: Landorus-Therian|Stealth Rock|p2a: Landorus-Therian
|-sidestart|p2: ThE0testing|move: Stealth Rock
|
|turn|7
|
|move|p2a: Landorus-Therian|Stealth Rock|p1a: Landorus-Therian
|-sidestart|p1: Mounts|move: Stealth Rock
|move|p1a: Landorus-Therian|U-turn|p2a: Landorus-Therian
|-resisted|p2a: Landorus-Therian
|-damage|p2a: Landorus-Therian|359\/379
|
|switch|p1a: Gallade|Gallade, M|278\/278
|-damage|p1a: Gallade|261\/278|[from] Stealth Rock
|
|-heal|p2a: Landorus-Therian|379\/379|[from] item: Leftovers
|turn|8
|
|detailschange|p1a: Gallade|Gallade-Mega, M
|-mega|p1a: Gallade|Gallade|Galladite
|move|p1a: Gallade|Ice Punch|p2a: Landorus-Therian
|-supereffective|p2a: Landorus-Therian
|-damage|p2a: Landorus-Therian|19\/379
|move|p2a: Landorus-Therian|Earthquake|p1a: Gallade
|-damage|p1a: Gallade|104\/278
|
|-heal|p2a: Landorus-Therian|42\/379|[from] item: Leftovers
|turn|9
|
|move|p1a: Gallade|Knock Off|p2a: Landorus-Therian
|-damage|p2a: Landorus-Therian|0 fnt
|-enditem|p2a: Landorus-Therian|Leftovers|[from] move: Knock Off|[of] p1a: Gallade
|faint|p2a: Landorus-Therian
|
|
|switch|p2a: Bisharp|Bisharp, F|271\/271
|-damage|p2a: Bisharp|255\/271|[from] Stealth Rock
|turn|10
|
|switch|p1a: Rotom-Wash|Rotom-Wash|304\/304
|-damage|p1a: Rotom-Wash|266\/304|[from] Stealth Rock
|move|p2a: Bisharp|Knock Off|p1a: Rotom-Wash
|-damage|p1a: Rotom-Wash|112\/304
|-enditem|p1a: Rotom-Wash|Leftovers|[from] move: Knock Off|[of] p2a: Bisharp
|
|turn|11
|
|move|p2a: Bisharp|Taunt|p1a: Rotom-Wash
|-start|p1a: Rotom-Wash|move: Taunt
|move|p1a: Rotom-Wash|Hydro Pump|p2a: Bisharp|[miss]
|-miss|p1a: Rotom-Wash|p2a: Bisharp
|
|turn|12
|
|move|p2a: Bisharp|Sucker Punch|p1a: Rotom-Wash
|-damage|p1a: Rotom-Wash|0 fnt
|faint|p1a: Rotom-Wash
|
|
|switch|p1a: Landorus-Therian|Landorus-Therian, M|382\/382
|-damage|p1a: Landorus-Therian|335\/382|[from] Stealth Rock
|-ability|p1a: Landorus-Therian|Intimidate|[of] p2a: Bisharp
|-unboost|p2a: Bisharp|atk|1
|-boost|p2a: Bisharp|atk|2|[from] ability: Defiant
|turn|13
|
|switch|p2a: Zapdos|Zapdos|384\/384
|-damage|p2a: Zapdos|288\/384|[from] Stealth Rock
|-ability|p2a: Zapdos|Pressure
|move|p1a: Landorus-Therian|U-turn|p2a: Zapdos
|-resisted|p2a: Zapdos
|-damage|p2a: Zapdos|255\/384
|
|switch|p1a: Sylveon|Sylveon, F|394\/394
|-damage|p1a: Sylveon|345\/394|[from] Stealth Rock
|
|-heal|p2a: Zapdos|279\/384|[from] item: Leftovers
|-heal|p1a: Sylveon|369\/394|[from] item: Leftovers
|turn|14
|
|switch|p2a: Volcarona|Volcarona, M|172\/329
|-damage|p2a: Volcarona|8\/329|[from] Stealth Rock
|move|p1a: Sylveon|Wish|p1a: Sylveon
|
|-heal|p1a: Sylveon|393\/394|[from] item: Leftovers
|turn|15
|c|âThE0testing|i love the cancel button
|
|move|p2a: Volcarona|Fire Blast|p1a: Sylveon|[miss]
|-miss|p2a: Volcarona|p1a: Sylveon
|move|p1a: Sylveon|Hyper Voice|p2a: Volcarona
|-resisted|p2a: Volcarona
|-damage|p2a: Volcarona|0 fnt
|faint|p2a: Volcarona
|
|-heal|p1a: Sylveon|394\/394|[from] move: Wish|[wisher] Sylveon
|
|switch|p2a: Metagross|Metagross-Mega|126\/301
|-damage|p2a: Metagross|108\/301|[from] Stealth Rock
|turn|16
|
|move|p2a: Metagross|Ice Punch|p1a: Sylveon
|-damage|p1a: Sylveon|212\/394
|move|p1a: Sylveon|Wish|p1a: Sylveon
|
|-heal|p1a: Sylveon|236\/394|[from] item: Leftovers
|turn|17
|
|switch|p1a: Landorus-Therian|Landorus-Therian, M|335\/382
|-damage|p1a: Landorus-Therian|288\/382|[from] Stealth Rock
|-ability|p1a: Landorus-Therian|Intimidate|[of] p2a: Metagross
|-unboost|p2a: Metagross|atk|1
|move|p2a: Metagross|Ice Punch|p1a: Landorus-Therian
|-supereffective|p1a: Landorus-Therian
|-damage|p1a: Landorus-Therian|12\/382
|
|-heal|p1a: Landorus-Therian|209\/382|[from] move: Wish|[wisher] Sylveon
|-heal|p1a: Landorus-Therian|232\/382|[from] item: Leftovers
|turn|18
|
|move|p2a: Metagross|Ice Punch|p1a: Landorus-Therian
|-supereffective|p1a: Landorus-Therian
|-damage|p1a: Landorus-Therian|0 fnt
|faint|p1a: Landorus-Therian
|
|
|switch|p1a: Bisharp|Bisharp, F|271\/271
|-damage|p1a: Bisharp|255\/271|[from] Stealth Rock
|turn|19
|
|switch|p2a: Keldeo|Keldeo|323\/323
|-damage|p2a: Keldeo|303\/323|[from] Stealth Rock
|move|p1a: Bisharp|Swords Dance|p1a: Bisharp
|-boost|p1a: Bisharp|atk|2
|
|turn|20
|
|move|p1a: Bisharp|Sucker Punch|p2a: Keldeo
|-resisted|p2a: Keldeo
|-damage|p2a: Keldeo|78\/323
|-boost|p2a: Keldeo|atk|1|[from] ability: Justified
|-damage|p1a: Bisharp|228\/271|[from] item: Life Orb
|move|p2a: Keldeo|Secret Sword|p1a: Bisharp
|-crit|p1a: Bisharp
|-supereffective|p1a: Bisharp
|-damage|p1a: Bisharp|0 fnt
|faint|p1a: Bisharp
|
|
|switch|p1a: Sylveon|Sylveon, F|236\/394
|-damage|p1a: Sylveon|187\/394|[from] Stealth Rock
|turn|21
|
|switch|p2a: Metagross|Metagross-Mega|108\/301
|-damage|p2a: Metagross|90\/301|[from] Stealth Rock
|move|p1a: Sylveon|Wish|p1a: Sylveon
|
|-heal|p1a: Sylveon|211\/394|[from] item: Leftovers
|turn|22
|
|switch|p1a: Gallade|Gallade-Mega, M|104\/278
|-damage|p1a: Gallade|87\/278|[from] Stealth Rock
|move|p2a: Metagross|Meteor Mash|p1a: Gallade
|-damage|p1a: Gallade|0 fnt
|faint|p1a: Gallade
|
|
|switch|p1a: Sylveon|Sylveon, F|211\/394
|-damage|p1a: Sylveon|162\/394|[from] Stealth Rock
|turn|23
|
|move|p2a: Metagross|Meteor Mash|p1a: Sylveon
|-supereffective|p1a: Sylveon
|-damage|p1a: Sylveon|0 fnt
|faint|p1a: Sylveon
|
|win|ThE0testing
|raw|Ladder updating...
|c|âThE0testing|gg
|raw|Mounts's rating: 1803 &rarr; <strong>1772<\/strong><br \/>(-31 for losing)
|raw|ThE0testing's rating: 1587 &rarr; <strong>1618<\/strong><br \/>(+31 for winning)
|leave|ThE0testing
|player|p2
|c|âMounts|GG
|leave|Mounts
|player|p1
|join|ThE0testing