|join|Mounts
|join|Vinc2612
|player|p1|Mounts|101
|player|p2|Vinc2612|33
|gametype|singles
|gen|6
|tier|OU (suspect test)
|rated
|clearpoke
|poke|p1|Sceptile, M
|poke|p1|Azelf
|poke|p1|Terrakion
|poke|p1|Landorus-Therian, M
|poke|p1|Bisharp, F
|poke|p1|Rotom-Wash
|poke|p2|Beedrill, M
|poke|p2|Rotom-Wash
|poke|p2|Skarmory, M
|poke|p2|Dragonite, F
|poke|p2|Landorus-Therian, M
|poke|p2|Ditto
|rule|Swagger Clause: Swagger is banned
|rule|Baton Pass Clause: Limit one PokÃ©mon knowing Baton Pass
|rule|Sleep Clause Mod: Limit one foe put to sleep
|rule|Species Clause: Limit one of each PokÃ©mon
|rule|OHKO Clause: OHKO moves are banned
|rule|Moody Clause: Moody is banned
|rule|Evasion Moves Clause: Evasion moves are banned
|rule|Endless Battle Clause: Forcing endless battles is banned
|rule|HP Percentage Mod: HP is shown in percentages
|teampreview
|
|start
|switch|p1a: P. Sherman|Landorus-Therian, M|382\/382
|switch|p2a: Rotom-Wash|Rotom-Wash|304\/304
|-ability|p1a: P. Sherman|Intimidate|[of] p2a: Rotom-Wash
|-unboost|p2a: Rotom-Wash|atk|1
|turn|1
|
|move|p1a: P. Sherman|Stealth Rock|p2a: Rotom-Wash
|-sidestart|p2: Vinc2612|move: Stealth Rock
|move|p2a: Rotom-Wash|Will-O-Wisp|p1a: P. Sherman
|-status|p1a: P. Sherman|brn
|
|-damage|p1a: P. Sherman|335\/382 brn|[from] brn
|turn|2
|
|move|p1a: P. Sherman|Toxic|p2a: Rotom-Wash
|-status|p2a: Rotom-Wash|tox
|move|p2a: Rotom-Wash|Will-O-Wisp|p1a: P. Sherman
|-fail|p1a: P. Sherman|brn
|
|-heal|p1a: P. Sherman|358\/382 brn|[from] item: Leftovers
|-damage|p1a: P. Sherman|311\/382 brn|[from] brn
|-damage|p2a: Rotom-Wash|285\/304 tox|[from] psn
|turn|3
|
|move|p1a: P. Sherman|U-turn|p2a: Rotom-Wash
|-damage|p2a: Rotom-Wash|245\/304 tox
|
|switch|p1a: Gatorade|Rotom-Wash|304\/304
|move|p2a: Rotom-Wash|Volt Switch|p1a: Gatorade
|-damage|p1a: Gatorade|228\/304
|
|switch|p2a: Landorus-Therian|Landorus-Therian, M|382\/382
|-damage|p2a: Landorus-Therian|335\/382|[from] Stealth Rock
|-ability|p2a: Landorus-Therian|Intimidate|[of] p1a: Gatorade
|-unboost|p1a: Gatorade|atk|1
|
|-heal|p1a: Gatorade|247\/304|[from] item: Leftovers
|-heal|p2a: Landorus-Therian|358\/382|[from] item: Leftovers
|turn|4
|
|move|p1a: Gatorade|Hydro Pump|p2a: Landorus-Therian
|-supereffective|p2a: Landorus-Therian
|-damage|p2a: Landorus-Therian|56\/382
|move|p2a: Landorus-Therian|U-turn|p1a: Gatorade
|-damage|p1a: Gatorade|181\/304
|
|switch|p2a: Rotom-Wash|Rotom-Wash|245\/304 tox
|-damage|p2a: Rotom-Wash|207\/304 tox|[from] Stealth Rock
|
|-heal|p1a: Gatorade|200\/304|[from] item: Leftovers
|-heal|p2a: Rotom-Wash|226\/304 tox|[from] item: Leftovers
|-damage|p2a: Rotom-Wash|207\/304 tox|[from] psn
|turn|5
|
|move|p1a: Gatorade|Volt Switch|p2a: Rotom-Wash
|-damage|p2a: Rotom-Wash|141\/304 tox
|
|switch|p1a: P. Sherman|Landorus-Therian, M|311\/382 brn
|-ability|p1a: P. Sherman|Intimidate|[of] p2a: Rotom-Wash
|-unboost|p2a: Rotom-Wash|atk|1
|move|p2a: Rotom-Wash|Volt Switch|p1a: P. Sherman
|-immune|p1a: P. Sherman|[msg]
|
|-heal|p1a: P. Sherman|334\/382 brn|[from] item: Leftovers
|-heal|p2a: Rotom-Wash|160\/304 tox|[from] item: Leftovers
|-damage|p1a: P. Sherman|287\/382 brn|[from] brn
|-damage|p2a: Rotom-Wash|122\/304 tox|[from] psn
|turn|6
|
|switch|p1a: Gatorade|Rotom-Wash|200\/304
|move|p2a: Rotom-Wash|Pain Split|p1a: Gatorade
|-sethp|p1a: Gatorade|161\/304|p2a: Rotom-Wash|161\/304 tox|[from] move: Pain Split
|
|-heal|p1a: Gatorade|180\/304|[from] item: Leftovers
|-heal|p2a: Rotom-Wash|180\/304 tox|[from] item: Leftovers
|-damage|p2a: Rotom-Wash|123\/304 tox|[from] psn
|turn|7
|
|move|p1a: Gatorade|Volt Switch|p2a: Rotom-Wash
|-damage|p2a: Rotom-Wash|63\/304 tox
|
|switch|p1a: P. Sherman|Landorus-Therian, M|287\/382 brn
|-ability|p1a: P. Sherman|Intimidate|[of] p2a: Rotom-Wash
|-unboost|p2a: Rotom-Wash|atk|1
|move|p2a: Rotom-Wash|Volt Switch|p1a: P. Sherman
|-immune|p1a: P. Sherman|[msg]
|
|-heal|p1a: P. Sherman|310\/382 brn|[from] item: Leftovers
|-heal|p2a: Rotom-Wash|82\/304 tox|[from] item: Leftovers
|-damage|p1a: P. Sherman|263\/382 brn|[from] brn
|-damage|p2a: Rotom-Wash|6\/304 tox|[from] psn
|turn|8
|join|DragoniT
|leave|DragoniT
|
|move|p1a: P. Sherman|U-turn|p2a: Rotom-Wash
|-damage|p2a: Rotom-Wash|0 fnt
|faint|p2a: Rotom-Wash
|
|switch|p1a: Gatorade|Rotom-Wash|180\/304
|
|-heal|p1a: Gatorade|199\/304|[from] item: Leftovers
|
|switch|p2a: Beedrill|Beedrill, M|271\/271
|-damage|p2a: Beedrill|204\/271|[from] Stealth Rock
|turn|9
|
|detailschange|p2a: Beedrill|Beedrill-Mega, M
|-mega|p2a: Beedrill|Beedrill|Beedrillite
|move|p2a: Beedrill|U-turn|p1a: Gatorade
|-damage|p1a: Gatorade|55\/304
|
|switch|p2a: Landorus-Therian|Landorus-Therian, M|56\/382
|-damage|p2a: Landorus-Therian|9\/382|[from] Stealth Rock
|-ability|p2a: Landorus-Therian|Intimidate|[of] p1a: Gatorade
|-unboost|p1a: Gatorade|atk|1
|move|p1a: Gatorade|Will-O-Wisp|p2a: Landorus-Therian
|-status|p2a: Landorus-Therian|brn
|
|-heal|p1a: Gatorade|74\/304|[from] item: Leftovers
|-heal|p2a: Landorus-Therian|32\/382 brn|[from] item: Leftovers
|-damage|p2a: Landorus-Therian|0 fnt|[from] brn
|faint|p2a: Landorus-Therian
|
|switch|p2a: Beedrill|Beedrill-Mega, M|204\/271
|-damage|p2a: Beedrill|137\/271|[from] Stealth Rock
|turn|10
|
|switch|p1a: P. Sherman|Landorus-Therian, M|263\/382 brn
|-ability|p1a: P. Sherman|Intimidate|[of] p2a: Beedrill
|-unboost|p2a: Beedrill|atk|1
|move|p2a: Beedrill|Knock Off|p1a: P. Sherman
|-damage|p1a: P. Sherman|189\/382 brn
|-enditem|p1a: P. Sherman|Leftovers|[from] move: Knock Off|[of] p2a: Beedrill
|
|-damage|p1a: P. Sherman|142\/382 brn|[from] brn
|turn|11
|
|move|p2a: Beedrill|Protect|p2a: Beedrill
|-singleturn|p2a: Beedrill|Protect
|move|p1a: P. Sherman|U-turn|p2a: Beedrill
|-activate|p2a: Beedrill|Protect
|
|-damage|p1a: P. Sherman|95\/382 brn|[from] brn
|turn|12
|
|switch|p2a: Skarmory|Skarmory, M|334\/334
|-damage|p2a: Skarmory|293\/334|[from] Stealth Rock
|move|p1a: P. Sherman|U-turn|p2a: Skarmory
|-resisted|p2a: Skarmory
|-damage|p2a: Skarmory|288\/334
|-damage|p1a: P. Sherman|32\/382 brn|[from] item: Rocky Helmet|[of] p2a: Skarmory
|
|switch|p1a: Gatorade|Rotom-Wash|74\/304
|
|-heal|p1a: Gatorade|93\/304|[from] item: Leftovers
|turn|13
|
|move|p1a: Gatorade|Volt Switch|p2a: Skarmory
|-supereffective|p2a: Skarmory
|-damage|p2a: Skarmory|46\/334
|
|switch|p1a: Azelf|Azelf|291\/291
|move|p2a: Skarmory|Defog|p1a: Azelf
|-unboost|p1a: Azelf|evasion|1
|-sideend|p2: Vinc2612|Stealth Rock|[from] move: Defog|[of] p2a: Skarmory
|
|turn|14
|join|ZoroDark
|
|move|p1a: Azelf|Thunderbolt|p2a: Skarmory
|-supereffective|p2a: Skarmory
|-damage|p2a: Skarmory|0 fnt
|-damage|p1a: Azelf|262\/291|[from] item: Life Orb
|faint|p2a: Skarmory
|
|
|switch|p2a: Beedrill|Beedrill-Mega, M|137\/271
|turn|15
|
|switch|p1a: P. Sherman|Landorus-Therian, M|32\/382 brn
|-ability|p1a: P. Sherman|Intimidate|[of] p2a: Beedrill
|-unboost|p2a: Beedrill|atk|1
|move|p2a: Beedrill|Knock Off|p1a: P. Sherman
|-damage|p1a: P. Sherman|0 fnt
|faint|p1a: P. Sherman
|
|join|Souppy
|
|switch|p1a: E. Dantes|Terrakion|323\/323
|turn|16
|
|move|p2a: Beedrill|U-turn|p1a: E. Dantes
|-resisted|p1a: E. Dantes
|-damage|p1a: E. Dantes|253\/323
|
|switch|p2a: Ditto|Ditto|300\/300
|-transform|p2a: Ditto|p1a: E. Dantes
|move|p1a: E. Dantes|Substitute|p1a: E. Dantes
|-start|p1a: E. Dantes|Substitute
|-damage|p1a: E. Dantes|173\/323
|
|turn|17
|
|move|p2a: Ditto|Close Combat|p1a: E. Dantes
|-supereffective|p1a: E. Dantes
|-end|p1a: E. Dantes|Substitute
|-unboost|p2a: Ditto|def|1
|-unboost|p2a: Ditto|spd|1
|move|p1a: E. Dantes|Close Combat|p2a: Ditto
|-supereffective|p2a: Ditto
|-damage|p2a: Ditto|0 fnt
|-unboost|p1a: E. Dantes|def|1
|-unboost|p1a: E. Dantes|spd|1
|-damage|p1a: E. Dantes|141\/323|[from] item: Life Orb
|faint|p2a: Ditto
|
|
|switch|p2a: Beedrill|Beedrill-Mega, M|137\/271
|turn|18
|
|move|p2a: Beedrill|Poison Jab|p1a: E. Dantes
|-resisted|p1a: E. Dantes
|-damage|p1a: E. Dantes|0 fnt
|faint|p1a: E. Dantes
|
|
|switch|p1a: 200 kids outside|Bisharp, F|272\/272
|turn|19
|
|switch|p2a: Dragonite|Dragonite, F|323\/323
|move|p1a: 200 kids outside|Iron Head|p2a: Dragonite
|-damage|p2a: Dragonite|215\/323
|-damage|p1a: 200 kids outside|245\/272|[from] item: Life Orb
|
|turn|20
|
|move|p2a: Dragonite|Fire Punch|p1a: 200 kids outside
|-supereffective|p1a: 200 kids outside
|-damage|p1a: 200 kids outside|0 fnt
|faint|p1a: 200 kids outside
|
|
|switch|p1a: Susceptile|Sceptile, M|281\/281
|turn|21
|
|detailschange|p1a: Susceptile|Sceptile-Mega, M
|-mega|p1a: Susceptile|Sceptile|Sceptilite
|move|p1a: Susceptile|Dragon Pulse|p2a: Dragonite
|-supereffective|p2a: Dragonite
|-damage|p2a: Dragonite|0 fnt
|faint|p2a: Dragonite
|
|
|switch|p2a: Beedrill|Beedrill-Mega, M|137\/271
|turn|22
|
|move|p1a: Susceptile|Dragon Pulse|p2a: Beedrill
|-damage|p2a: Beedrill|0 fnt
|faint|p2a: Beedrill
|
|win|Mounts
|raw|Ladder updating...
|raw|Mounts's rating: 1416 &rarr; <strong>1432<\/strong><br \/>(+16 for winning)
|raw|Vinc2612's rating: 1350 &rarr; <strong>1334<\/strong><br \/>(-16 for losing)
|leave|Vinc2612
|player|p2