|join|Coldest Hands
|join|Mounts
|player|p1|Coldest Hands|143
|player|p2|Mounts|101
|gametype|singles
|gen|6
|tier|OU (suspect test)
|rated
|clearpoke
|poke|p1|Garchomp, M
|poke|p1|Diancie
|poke|p1|Bisharp, M
|poke|p1|Ferrothorn, F
|poke|p1|Rotom-Wash
|poke|p1|Latios, M
|poke|p2|Sceptile, M
|poke|p2|Azelf
|poke|p2|Terrakion
|poke|p2|Landorus-Therian, M
|poke|p2|Bisharp, F
|poke|p2|Rotom-Wash
|rule|Swagger Clause: Swagger is banned
|rule|Baton Pass Clause: Limit one PokÃ©mon knowing Baton Pass
|rule|Sleep Clause Mod: Limit one foe put to sleep
|rule|Species Clause: Limit one of each PokÃ©mon
|rule|OHKO Clause: OHKO moves are banned
|rule|Moody Clause: Moody is banned
|rule|Evasion Moves Clause: Evasion moves are banned
|rule|Endless Battle Clause: Forcing endless battles is banned
|rule|HP Percentage Mod: HP is shown in percentages
|teampreview
|
|start
|switch|p1a: Diancie|Diancie|241\/241
|switch|p2a: P. Sherman|Landorus-Therian, M|382\/382
|-ability|p2a: P. Sherman|Intimidate|[of] p1a: Diancie
|-fail|p1a: Diancie|unboost|[from] ability: Clear Body|[of] p1a: Diancie
|turn|1
|
|switch|p1a: Rotom-Wash|Rotom-Wash|304\/304
|move|p2a: P. Sherman|Earthquake|p1a: Rotom-Wash
|-immune|p1a: Rotom-Wash|[msg]
|
|turn|2
|
|switch|p2a: Susceptile|Sceptile, M|281\/281
|move|p1a: Rotom-Wash|Will-O-Wisp|p2a: Susceptile
|-status|p2a: Susceptile|brn
|
|-damage|p2a: Susceptile|246\/281 brn|[from] brn
|turn|3
|
|switch|p1a: Ferrothorn|Ferrothorn, F|351\/351
|detailschange|p2a: Susceptile|Sceptile-Mega, M
|-mega|p2a: Susceptile|Sceptile|Sceptilite
|move|p2a: Susceptile|Giga Drain|p1a: Ferrothorn
|-resisted|p1a: Ferrothorn
|-damage|p1a: Ferrothorn|320\/351
|-heal|p2a: Susceptile|262\/281 brn|[from] drain|[of] p1a: Ferrothorn
|
|-heal|p1a: Ferrothorn|341\/351|[from] item: Leftovers
|-damage|p2a: Susceptile|227\/281 brn|[from] brn
|turn|4
|
|move|p1a: Ferrothorn|Protect|p1a: Ferrothorn
|-singleturn|p1a: Ferrothorn|Protect
|move|p2a: Susceptile|Hidden Power|p1a: Ferrothorn
|-activate|p1a: Ferrothorn|Protect
|
|-heal|p1a: Ferrothorn|351\/351|[from] item: Leftovers
|-damage|p2a: Susceptile|192\/281 brn|[from] brn
|turn|5
|
|switch|p2a: P. Sherman|Landorus-Therian, M|382\/382
|-ability|p2a: P. Sherman|Intimidate|[of] p1a: Ferrothorn
|-unboost|p1a: Ferrothorn|atk|1
|switch|p1a: Bisharp|Bisharp, M|271\/271
|
|turn|6
|
|move|p1a: Bisharp|Pursuit|p2a: P. Sherman
|-damage|p2a: P. Sherman|321\/382
|move|p2a: P. Sherman|Stealth Rock|p1a: Bisharp
|-sidestart|p1: Coldest Hands|move: Stealth Rock
|
|-heal|p2a: P. Sherman|344\/382|[from] item: Leftovers
|turn|7
|
|switch|p1a: Ferrothorn|Ferrothorn, F|351\/351
|-damage|p1a: Ferrothorn|330\/351|[from] Stealth Rock
|move|p2a: P. Sherman|U-turn|p1a: Ferrothorn
|-damage|p1a: Ferrothorn|283\/351
|-damage|p2a: P. Sherman|297\/382|[from] ability: Iron Barbs|[of] p1a: Ferrothorn
|
|switch|p2a: Azelf|Azelf|291\/291
|
|-heal|p1a: Ferrothorn|304\/351|[from] item: Leftovers
|turn|8
|
|switch|p1a: Latios|Latios, M|301\/301
|-damage|p1a: Latios|264\/301|[from] Stealth Rock
|move|p2a: Azelf|Fire Blast|p1a: Latios
|-resisted|p1a: Latios
|-damage|p1a: Latios|189\/301
|-damage|p2a: Azelf|262\/291|[from] item: Life Orb
|
|turn|9
|
|move|p2a: Azelf|Thunderbolt|p1a: Latios
|-resisted|p1a: Latios
|-damage|p1a: Latios|127\/301
|-damage|p2a: Azelf|233\/291|[from] item: Life Orb
|move|p1a: Latios|Defog|p2a: Azelf
|-unboost|p2a: Azelf|evasion|1
|-sideend|p1: Coldest Hands|Stealth Rock|[from] move: Defog|[of] p1a: Latios
|
|turn|10
|
|move|p2a: Azelf|Hidden Power|p1a: Latios
|-supereffective|p1a: Latios
|-damage|p1a: Latios|0 fnt
|-damage|p2a: Azelf|204\/291|[from] item: Life Orb
|faint|p1a: Latios
|
|
|switch|p1a: Bisharp|Bisharp, M|271\/271
|turn|11
|
|switch|p2a: Gatorade|Rotom-Wash|304\/304
|move|p1a: Bisharp|Sucker Punch|p2a: Gatorade
|-fail|p2a: Gatorade
|
|turn|12
|
|move|p1a: Bisharp|Knock Off|p2a: Gatorade
|-damage|p2a: Gatorade|159\/304
|-enditem|p2a: Gatorade|Leftovers|[from] move: Knock Off|[of] p1a: Bisharp
|move|p2a: Gatorade|Volt Switch|p1a: Bisharp
|-damage|p1a: Bisharp|160\/271
|
|switch|p2a: E. Dantes|Terrakion|323\/323
|
|turn|13
|
|move|p2a: E. Dantes|Close Combat|p1a: Bisharp
|-supereffective|p1a: Bisharp
|-damage|p1a: Bisharp|0 fnt
|-unboost|p2a: E. Dantes|def|1
|-unboost|p2a: E. Dantes|spd|1
|-damage|p2a: E. Dantes|291\/323|[from] item: Life Orb
|faint|p1a: Bisharp
|
|
|switch|p1a: Garchomp|Garchomp, M|357\/357
|turn|14
|
|switch|p2a: P. Sherman|Landorus-Therian, M|297\/382
|-ability|p2a: P. Sherman|Intimidate|[of] p1a: Garchomp
|-unboost|p1a: Garchomp|atk|1
|move|p1a: Garchomp|Stealth Rock|p2a: P. Sherman
|-sidestart|p2: Mounts|move: Stealth Rock
|
|-heal|p2a: P. Sherman|320\/382|[from] item: Leftovers
|turn|15
|
|switch|p1a: Ferrothorn|Ferrothorn, F|304\/351
|move|p2a: P. Sherman|Stealth Rock|p1a: Ferrothorn
|-sidestart|p1: Coldest Hands|move: Stealth Rock
|
|-heal|p2a: P. Sherman|343\/382|[from] item: Leftovers
|-heal|p1a: Ferrothorn|325\/351|[from] item: Leftovers
|turn|16
|
|move|p2a: P. Sherman|Earthquake|p1a: Ferrothorn
|-damage|p1a: Ferrothorn|234\/351
|move|p1a: Ferrothorn|Gyro Ball|p2a: P. Sherman
|-damage|p2a: P. Sherman|217\/382
|
|-heal|p2a: P. Sherman|240\/382|[from] item: Leftovers
|-heal|p1a: Ferrothorn|255\/351|[from] item: Leftovers
|turn|17
|
|move|p2a: P. Sherman|Earthquake|p1a: Ferrothorn
|-damage|p1a: Ferrothorn|165\/351
|move|p1a: Ferrothorn|Leech Seed|p2a: P. Sherman
|-start|p2a: P. Sherman|move: Leech Seed
|
|-heal|p2a: P. Sherman|263\/382|[from] item: Leftovers
|-heal|p1a: Ferrothorn|186\/351|[from] item: Leftovers
|-damage|p2a: P. Sherman|216\/382|[from] Leech Seed|[of] p1a: Ferrothorn
|-heal|p1a: Ferrothorn|233\/351|[silent]
|turn|18
|
|move|p2a: P. Sherman|Earthquake|p1a: Ferrothorn
|-damage|p1a: Ferrothorn|134\/351
|move|p1a: Ferrothorn|Spikes|p2a: P. Sherman
|-sidestart|p2: Mounts|Spikes
|
|-heal|p2a: P. Sherman|239\/382|[from] item: Leftovers
|-heal|p1a: Ferrothorn|155\/351|[from] item: Leftovers
|-damage|p2a: P. Sherman|192\/382|[from] Leech Seed|[of] p1a: Ferrothorn
|-heal|p1a: Ferrothorn|202\/351|[silent]
|turn|19
|
|switch|p2a: Azelf|Azelf|204\/291
|-damage|p2a: Azelf|168\/291|[from] Stealth Rock
|move|p1a: Ferrothorn|Leech Seed|p2a: Azelf
|-start|p2a: Azelf|move: Leech Seed
|
|-heal|p1a: Ferrothorn|223\/351|[from] item: Leftovers
|-damage|p2a: Azelf|132\/291|[from] Leech Seed|[of] p1a: Ferrothorn
|-heal|p1a: Ferrothorn|259\/351|[silent]
|turn|20
|
|switch|p2a: E. Dantes|Terrakion|291\/323
|-damage|p2a: E. Dantes|271\/323|[from] Stealth Rock
|-damage|p2a: E. Dantes|231\/323|[from] Spikes
|move|p1a: Ferrothorn|Spikes|p2a: E. Dantes
|-sidestart|p2: Mounts|Spikes
|
|-heal|p1a: Ferrothorn|280\/351|[from] item: Leftovers
|turn|21
|
|move|p1a: Ferrothorn|Protect|p1a: Ferrothorn
|-singleturn|p1a: Ferrothorn|Protect
|move|p2a: E. Dantes|Close Combat|p1a: Ferrothorn
|-activate|p1a: Ferrothorn|Protect
|
|-heal|p1a: Ferrothorn|301\/351|[from] item: Leftovers
|turn|22
|
|switch|p1a: Garchomp|Garchomp, M|357\/357
|-damage|p1a: Garchomp|335\/357|[from] Stealth Rock
|move|p2a: E. Dantes|Close Combat|p1a: Garchomp
|-damage|p1a: Garchomp|70\/357
|-damage|p2a: E. Dantes|191\/323|[from] ability: Rough Skin|[of] p1a: Garchomp
|-unboost|p2a: E. Dantes|def|1
|-unboost|p2a: E. Dantes|spd|1
|-damage|p2a: E. Dantes|159\/323|[from] item: Life Orb
|
|turn|23
|
|move|p2a: E. Dantes|Close Combat|p1a: Garchomp
|-damage|p1a: Garchomp|0 fnt
|-damage|p2a: E. Dantes|119\/323|[from] ability: Rough Skin|[of] p1a: Garchomp
|-unboost|p2a: E. Dantes|def|1
|-unboost|p2a: E. Dantes|spd|1
|-damage|p2a: E. Dantes|87\/323|[from] item: Life Orb
|faint|p1a: Garchomp
|
|
|switch|p1a: Rotom-Wash|Rotom-Wash|304\/304
|-damage|p1a: Rotom-Wash|266\/304|[from] Stealth Rock
|turn|24
|
|move|p2a: E. Dantes|Close Combat|p1a: Rotom-Wash
|-damage|p1a: Rotom-Wash|87\/304
|-unboost|p2a: E. Dantes|def|1
|-unboost|p2a: E. Dantes|spd|1
|-damage|p2a: E. Dantes|55\/323|[from] item: Life Orb
|move|p1a: Rotom-Wash|Hydro Pump|p2a: E. Dantes
|-supereffective|p2a: E. Dantes
|-damage|p2a: E. Dantes|0 fnt
|faint|p2a: E. Dantes
|
|-heal|p1a: Rotom-Wash|106\/304|[from] item: Leftovers
|
|switch|p2a: Azelf|Azelf|132\/291
|-damage|p2a: Azelf|96\/291|[from] Stealth Rock
|turn|25
|
|move|p2a: Azelf|Psychic|p1a: Rotom-Wash
|-damage|p1a: Rotom-Wash|0 fnt
|-damage|p2a: Azelf|67\/291|[from] item: Life Orb
|faint|p1a: Rotom-Wash
|
|
|switch|p1a: Diancie|Diancie|241\/241
|-damage|p1a: Diancie|211\/241|[from] Stealth Rock
|turn|26
|
|move|p2a: Azelf|Psychic|p1a: Diancie
|-damage|p1a: Diancie|65\/241
|-damage|p2a: Azelf|38\/291|[from] item: Life Orb
|move|p1a: Diancie|Rock Polish|p1a: Diancie
|-boost|p1a: Diancie|spe|2
|
|turn|27
|
|detailschange|p1a: Diancie|Diancie-Mega
|-mega|p1a: Diancie|Diancie|Diancite
|move|p1a: Diancie|Diamond Storm|p2a: Azelf
|-damage|p2a: Azelf|0 fnt
|-boost|p1a: Diancie|def|1
|faint|p2a: Azelf
|
|
|switch|p2a: 200 kids outside|Bisharp, F|272\/272
|-damage|p2a: 200 kids outside|255\/272|[from] Stealth Rock
|-damage|p2a: 200 kids outside|210\/272|[from] Spikes
|turn|28
|
|move|p2a: 200 kids outside|Sucker Punch|p1a: Diancie
|-resisted|p1a: Diancie
|-damage|p1a: Diancie|10\/241
|-damage|p2a: 200 kids outside|183\/272|[from] item: Life Orb
|move|p1a: Diancie|Earth Power|p2a: 200 kids outside
|-supereffective|p2a: 200 kids outside
|-damage|p2a: 200 kids outside|0 fnt
|faint|p2a: 200 kids outside
|
|
|switch|p2a: Gatorade|Rotom-Wash|159\/304
|-damage|p2a: Gatorade|121\/304|[from] Stealth Rock
|turn|29
|
|move|p1a: Diancie|Moonblast|p2a: Gatorade
|-damage|p2a: Gatorade|0 fnt
|faint|p2a: Gatorade
|
|
|switch|p2a: P. Sherman|Landorus-Therian, M|192\/382
|-damage|p2a: P. Sherman|145\/382|[from] Stealth Rock
|-ability|p2a: P. Sherman|Intimidate|[of] p1a: Diancie
|-unboost|p1a: Diancie|atk|1
|turn|30
|
|move|p1a: Diancie|Moonblast|p2a: P. Sherman
|-damage|p2a: P. Sherman|0 fnt
|faint|p2a: P. Sherman
|
|
|switch|p2a: Susceptile|Sceptile-Mega, M|192\/281 brn
|-damage|p2a: Susceptile|146\/281 brn|[from] Spikes
|-damage|p2a: Susceptile|111\/281 brn|[from] Stealth Rock
|turn|31
|
|move|p1a: Diancie|Moonblast|p2a: Susceptile
|-supereffective|p2a: Susceptile
|-damage|p2a: Susceptile|0 fnt
|faint|p2a: Susceptile
|
|win|Coldest Hands
|raw|Ladder updating...
|c|âColdest Hands|gg
|leave|Mounts
|raw|Coldest Hands's rating: 1402 &rarr; <strong>1424<\/strong><br \/>(+22 for winning)
|raw|Mounts's rating: 1431 &rarr; <strong>1410<\/strong><br \/>(-21 for losing)