|join|Mounts
|join|The Shepheard
|player|p1|Mounts|101
|player|p2|The Shepheard|2
|gametype|singles
|gen|6
|tier|OU (suspect test)
|rated
|clearpoke
|poke|p1|Sceptile, M
|poke|p1|Starmie
|poke|p1|Terrakion
|poke|p1|Landorus-Therian, M
|poke|p1|Bisharp, M
|poke|p1|Rotom-Wash
|poke|p2|Gliscor, M
|poke|p2|Clefable, M
|poke|p2|Chansey, F
|poke|p2|Slowbro, F
|poke|p2|Skarmory, F
|poke|p2|Chesnaught, M
|rule|Swagger Clause: Swagger is banned
|rule|Baton Pass Clause: Limit one PokÃ©mon knowing Baton Pass
|rule|Sleep Clause Mod: Limit one foe put to sleep
|rule|Species Clause: Limit one of each PokÃ©mon
|rule|OHKO Clause: OHKO moves are banned
|rule|Moody Clause: Moody is banned
|rule|Evasion Moves Clause: Evasion moves are banned
|rule|Endless Battle Clause: Forcing endless battles is banned
|rule|HP Percentage Mod: HP is shown in percentages
|teampreview
|
|start
|switch|p1a: Gatorade|Rotom-Wash|304\/304
|switch|p2a: Slowbro|Slowbro, F|393\/393
|turn|1
|
|switch|p2a: Chansey|Chansey, F|703\/703
|move|p1a: Gatorade|Will-O-Wisp|p2a: Chansey
|-status|p2a: Chansey|brn
|
|-damage|p2a: Chansey|616\/703 brn|[from] brn
|turn|2
|
|move|p1a: Gatorade|Pain Split|p2a: Chansey
|-sethp|p2a: Chansey|460\/703 brn|p1a: Gatorade|304\/304|[from] move: Pain Split
|move|p2a: Chansey|Stealth Rock|p1a: Gatorade
|-sidestart|p1: Mounts|move: Stealth Rock
|
|-damage|p2a: Chansey|373\/703 brn|[from] brn
|turn|3
|
|move|p1a: Gatorade|Volt Switch|p2a: Chansey
|-damage|p2a: Chansey|322\/703 brn
|
|switch|p1a: P. Sherman|Landorus-Therian, M|382\/382
|-damage|p1a: P. Sherman|335\/382|[from] Stealth Rock
|-ability|p1a: P. Sherman|Intimidate|[of] p2a: Chansey
|-unboost|p2a: Chansey|atk|1
|move|p2a: Chansey|Soft-Boiled|p2a: Chansey
|-heal|p2a: Chansey|674\/703 brn
|
|-heal|p1a: P. Sherman|358\/382|[from] item: Leftovers
|-damage|p2a: Chansey|587\/703 brn|[from] brn
|turn|4
|
|switch|p2a: Slowbro|Slowbro, F|393\/393
|move|p1a: P. Sherman|Stealth Rock|p2a: Slowbro
|-sidestart|p2: The Shepheard|move: Stealth Rock
|
|-heal|p1a: P. Sherman|381\/382|[from] item: Leftovers
|turn|5
|
|move|p1a: P. Sherman|Toxic|p2a: Slowbro
|-status|p2a: Slowbro|tox
|move|p2a: Slowbro|Scald|p1a: P. Sherman
|-supereffective|p1a: P. Sherman
|-damage|p1a: P. Sherman|151\/382
|-status|p1a: P. Sherman|brn
|
|-heal|p1a: P. Sherman|174\/382 brn|[from] item: Leftovers
|-damage|p1a: P. Sherman|127\/382 brn|[from] brn
|-damage|p2a: Slowbro|369\/393 tox|[from] psn
|turn|6
|
|move|p1a: P. Sherman|U-turn|p2a: Slowbro
|-supereffective|p2a: Slowbro
|-damage|p2a: Slowbro|317\/393 tox
|
|switch|p1a: Gatorade|Rotom-Wash|304\/304
|-damage|p1a: Gatorade|266\/304|[from] Stealth Rock
|move|p2a: Slowbro|Scald|p1a: Gatorade
|-resisted|p1a: Gatorade
|-damage|p1a: Gatorade|221\/304
|
|-heal|p1a: Gatorade|240\/304|[from] item: Leftovers
|-damage|p2a: Slowbro|269\/393 tox|[from] psn
|turn|7
|
|switch|p2a: Gliscor|Gliscor, M|353\/353
|-damage|p2a: Gliscor|309\/353|[from] Stealth Rock
|move|p1a: Gatorade|Volt Switch|p2a: Gliscor
|-immune|p2a: Gliscor|[msg]
|
|-heal|p1a: Gatorade|259\/304|[from] item: Leftovers
|-status|p2a: Gliscor|tox|[from] item: Toxic Orb
|turn|8
|
|switch|p2a: Chansey|Chansey, F|587\/703
|-damage|p2a: Chansey|500\/703|[from] Stealth Rock
|move|p1a: Gatorade|Volt Switch|p2a: Chansey
|-crit|p2a: Chansey
|-damage|p2a: Chansey|415\/703
|c|âThe Shepheard|Oooooo
|
|switch|p1a: E. Dantes|Terrakion|323\/323
|-damage|p1a: E. Dantes|303\/323|[from] Stealth Rock
|
|turn|9
|c|âThe Shepheard|u got me
|
|switch|p2a: Chesnaught|Chesnaught, M|379\/379
|-damage|p2a: Chesnaught|356\/379|[from] Stealth Rock
|move|p1a: E. Dantes|Swords Dance|p1a: E. Dantes
|-boost|p1a: E. Dantes|atk|2
|
|-heal|p2a: Chesnaught|379\/379|[from] item: Leftovers
|turn|10
|
|switch|p1a: Gatorade|Rotom-Wash|259\/304
|-damage|p1a: Gatorade|221\/304|[from] Stealth Rock
|move|p2a: Chesnaught|Drain Punch|p1a: Gatorade
|-damage|p1a: Gatorade|152\/304
|
|-heal|p1a: Gatorade|171\/304|[from] item: Leftovers
|turn|11
|
|switch|p2a: Chansey|Chansey, F|415\/703
|-damage|p2a: Chansey|328\/703|[from] Stealth Rock
|move|p1a: Gatorade|Pain Split|p2a: Chansey
|-sethp|p2a: Chansey|249\/703|p1a: Gatorade|249\/304|[from] move: Pain Split
|
|-heal|p1a: Gatorade|268\/304|[from] item: Leftovers
|turn|12
|
|move|p1a: Gatorade|Volt Switch|p2a: Chansey
|-damage|p2a: Chansey|192\/703
|
|switch|p1a: E. Dantes|Terrakion|303\/323
|-damage|p1a: E. Dantes|283\/323|[from] Stealth Rock
|move|p2a: Chansey|Soft-Boiled|p2a: Chansey
|-heal|p2a: Chansey|544\/703
|
|turn|13
|
|switch|p2a: Chesnaught|Chesnaught, M|379\/379
|-damage|p2a: Chesnaught|356\/379|[from] Stealth Rock
|move|p1a: E. Dantes|Close Combat|p2a: Chesnaught
|-damage|p2a: Chesnaught|191\/379
|-unboost|p1a: E. Dantes|def|1
|-unboost|p1a: E. Dantes|spd|1
|-damage|p1a: E. Dantes|251\/323|[from] item: Life Orb
|
|-heal|p2a: Chesnaught|214\/379|[from] item: Leftovers
|turn|14
|
|switch|p1a: Susceptile|Sceptile, M|281\/281
|-damage|p1a: Susceptile|246\/281|[from] Stealth Rock
|move|p2a: Chesnaught|Leech Seed|p1a: Susceptile|[miss]
|-miss|p2a: Chesnaught|p1a: Susceptile
|
|-heal|p2a: Chesnaught|237\/379|[from] item: Leftovers
|turn|15
|
|switch|p2a: Chansey|Chansey, F|544\/703
|-damage|p2a: Chansey|457\/703|[from] Stealth Rock
|detailschange|p1a: Susceptile|Sceptile-Mega, M
|-mega|p1a: Susceptile|Sceptile|Sceptilite
|move|p1a: Susceptile|Dragon Pulse|p2a: Chansey
|-damage|p2a: Chansey|349\/703
|
|turn|16
|
|switch|p1a: 200 kids outside|Bisharp, M|272\/272
|-damage|p1a: 200 kids outside|255\/272|[from] Stealth Rock
|move|p2a: Chansey|Soft-Boiled|p2a: Chansey
|-heal|p2a: Chansey|701\/703
|
|turn|17
|
|switch|p2a: Chesnaught|Chesnaught, M|237\/379
|-damage|p2a: Chesnaught|214\/379|[from] Stealth Rock
|move|p1a: 200 kids outside|Swords Dance|p1a: 200 kids outside
|-boost|p1a: 200 kids outside|atk|2
|
|-heal|p2a: Chesnaught|237\/379|[from] item: Leftovers
|turn|18
|
|move|p1a: 200 kids outside|Iron Head|p2a: Chesnaught
|-damage|p2a: Chesnaught|0 fnt
|-damage|p1a: 200 kids outside|228\/272|[from] item: Life Orb
|faint|p2a: Chesnaught
|
|
|switch|p2a: Slowbro|Slowbro, F|393\/393 tox
|-damage|p2a: Slowbro|344\/393 tox|[from] Stealth Rock
|turn|19
|
|switch|p2a: Gliscor|Gliscor, M|309\/353 tox
|-damage|p2a: Gliscor|265\/353 tox|[from] Stealth Rock
|move|p1a: 200 kids outside|Knock Off|p2a: Gliscor
|-damage|p2a: Gliscor|0 fnt
|-enditem|p2a: Gliscor|Toxic Orb|[from] move: Knock Off|[of] p1a: 200 kids outside
|-damage|p1a: 200 kids outside|201\/272|[from] item: Life Orb
|faint|p2a: Gliscor
|
|
|switch|p2a: Skarmory|Skarmory, F|333\/333
|-damage|p2a: Skarmory|292\/333|[from] Stealth Rock
|turn|20
|
|move|p1a: 200 kids outside|Knock Off|p2a: Skarmory
|-damage|p2a: Skarmory|39\/333
|-enditem|p2a: Skarmory|Shed Shell|[from] move: Knock Off|[of] p1a: 200 kids outside
|-damage|p1a: 200 kids outside|174\/272|[from] item: Life Orb
|move|p2a: Skarmory|Whirlwind|p1a: 200 kids outside
|drag|p1a: P. Sherman|Landorus-Therian, M|127\/382 brn
|-damage|p1a: P. Sherman|80\/382 brn|[from] Stealth Rock
|-ability|p1a: P. Sherman|Intimidate|[of] p2a: Skarmory
|-unboost|p2a: Skarmory|atk|1
|
|-heal|p1a: P. Sherman|103\/382 brn|[from] item: Leftovers
|-damage|p1a: P. Sherman|56\/382 brn|[from] brn
|turn|21
|
|move|p1a: P. Sherman|U-turn|p2a: Skarmory
|-resisted|p2a: Skarmory
|-damage|p2a: Skarmory|34\/333
|
|switch|p1a: Gatorade|Rotom-Wash|268\/304
|-damage|p1a: Gatorade|230\/304|[from] Stealth Rock
|move|p2a: Skarmory|Roost|p2a: Skarmory
|-heal|p2a: Skarmory|201\/333
|
|-heal|p1a: Gatorade|249\/304|[from] item: Leftovers
|turn|22
|
|switch|p2a: Chansey|Chansey, F|701\/703
|-damage|p2a: Chansey|614\/703|[from] Stealth Rock
|move|p1a: Gatorade|Volt Switch|p2a: Chansey
|-damage|p2a: Chansey|560\/703
|
|switch|p1a: E. Dantes|Terrakion|251\/323
|-damage|p1a: E. Dantes|231\/323|[from] Stealth Rock
|
|turn|23
|
|switch|p2a: Clefable|Clefable, M|393\/393
|-damage|p2a: Clefable|344\/393|[from] Stealth Rock
|move|p1a: E. Dantes|Stone Edge|p2a: Clefable
|-damage|p2a: Clefable|153\/393
|-damage|p1a: E. Dantes|199\/323|[from] item: Life Orb
|
|-heal|p2a: Clefable|177\/393|[from] item: Leftovers
|turn|24
|
|move|p2a: Clefable|Protect|p2a: Clefable
|-singleturn|p2a: Clefable|Protect
|move|p1a: E. Dantes|Stone Edge|p2a: Clefable
|-activate|p2a: Clefable|Protect
|
|-heal|p2a: Clefable|201\/393|[from] item: Leftovers
|turn|25
|
|move|p1a: E. Dantes|Stone Edge|p2a: Clefable
|-damage|p2a: Clefable|10\/393
|-damage|p1a: E. Dantes|167\/323|[from] item: Life Orb
|move|p2a: Clefable|Heal Bell|p2a: Clefable
|-cureteam|p2a: Clefable|[from] move: HealBell
|
|-heal|p2a: Clefable|34\/393|[from] item: Leftovers
|turn|26
|
|move|p1a: E. Dantes|Close Combat|p2a: Clefable
|-resisted|p2a: Clefable
|-damage|p2a: Clefable|0 fnt
|-unboost|p1a: E. Dantes|def|1
|-unboost|p1a: E. Dantes|spd|1
|-damage|p1a: E. Dantes|135\/323|[from] item: Life Orb
|faint|p2a: Clefable
|
|
|switch|p2a: Slowbro|Slowbro, F|393\/393
|-damage|p2a: Slowbro|344\/393|[from] Stealth Rock
|turn|27
|
|detailschange|p2a: Slowbro|Slowbro-Mega, F
|-mega|p2a: Slowbro|Slowbro|Slowbronite
|move|p1a: E. Dantes|Swords Dance|p1a: E. Dantes
|-boost|p1a: E. Dantes|atk|2
|move|p2a: Slowbro|Calm Mind|p2a: Slowbro
|-boost|p2a: Slowbro|spa|1
|-boost|p2a: Slowbro|spd|1
|
|turn|28
|
|move|p1a: E. Dantes|Stone Edge|p2a: Slowbro
|-damage|p2a: Slowbro|140\/393
|-damage|p1a: E. Dantes|103\/323|[from] item: Life Orb
|move|p2a: Slowbro|Scald|p1a: E. Dantes
|-supereffective|p1a: E. Dantes
|-damage|p1a: E. Dantes|0 fnt
|faint|p1a: E. Dantes
|
|c|âThe Shepheard|Bruh
|c|âThe Shepheard|wat if u missed
|c|âThe Shepheard|risky
|
|switch|p1a: 200 kids outside|Bisharp, M|174\/272
|-damage|p1a: 200 kids outside|157\/272|[from] Stealth Rock
|turn|29
|
|move|p1a: 200 kids outside|Knock Off|p2a: Slowbro
|-supereffective|p2a: Slowbro
|-damage|p2a: Slowbro|0 fnt
|-damage|p1a: 200 kids outside|130\/272|[from] item: Life Orb
|faint|p2a: Slowbro
|
|c|âThe Shepheard|Are u adamant
|c|âMounts|Yeah
|
|switch|p2a: Chansey|Chansey, F|560\/703
|-damage|p2a: Chansey|473\/703|[from] Stealth Rock
|turn|30
|c|âThe Shepheard|Ok
|c|âThe Shepheard|just making sure that wasn't a role
|c|âThe Shepheard|:)
|c|âThe Shepheard|lol
|
|move|p1a: 200 kids outside|Swords Dance|p1a: 200 kids outside
|-boost|p1a: 200 kids outside|atk|2
|move|p2a: Chansey|Seismic Toss|p1a: 200 kids outside
|-damage|p1a: 200 kids outside|30\/272
|
|turn|31
|
|switch|p2a: Skarmory|Skarmory, F|201\/333
|-damage|p2a: Skarmory|160\/333|[from] Stealth Rock
|move|p1a: 200 kids outside|Knock Off|p2a: Skarmory
|-damage|p2a: Skarmory|0 fnt
|-damage|p1a: 200 kids outside|3\/272|[from] item: Life Orb
|faint|p2a: Skarmory
|
|c|âMounts|gg :)
|
|switch|p2a: Chansey|Chansey, F|473\/703
|-damage|p2a: Chansey|386\/703|[from] Stealth Rock
|turn|32
|c|âThe Shepheard|Gg
|
|move|p1a: 200 kids outside|Knock Off|p2a: Chansey
|-damage|p2a: Chansey|0 fnt
|-enditem|p2a: Chansey|Eviolite|[from] move: Knock Off|[of] p1a: 200 kids outside
|-damage|p1a: 200 kids outside|0 fnt|[from] item: Life Orb
|faint|p2a: Chansey
|faint|p1a: 200 kids outside
|
|win|Mounts
|raw|Ladder updating...
|raw|Mounts's rating: 1210 &rarr; <strong>1233<\/strong><br \/>(+23 for winning)
|raw|The Shepheard's rating: 1185 &rarr; <strong>1161<\/strong><br \/>(-24 for losing)
|leave|The Shepheard
|player|p2