|join|Mounts
|join|cross xxxXxxx
|player|p1|Mounts|101
|player|p2|cross xxxXxxx|266
|gametype|singles
|gen|6
|tier|OU (suspect test)
|rated
|clearpoke
|poke|p1|Sceptile, M
|poke|p1|Azelf
|poke|p1|Terrakion
|poke|p1|Landorus-Therian, M
|poke|p1|Bisharp, M
|poke|p1|Rotom-Wash
|poke|p2|Sceptile, F
|poke|p2|Rotom-Wash
|poke|p2|Talonflame, M
|poke|p2|Clefable, M
|poke|p2|Excadrill, F
|poke|p2|Blissey, F
|rule|Swagger Clause: Swagger is banned
|rule|Baton Pass Clause: Limit one PokÃ©mon knowing Baton Pass
|rule|Sleep Clause Mod: Limit one foe put to sleep
|rule|Species Clause: Limit one of each PokÃ©mon
|rule|OHKO Clause: OHKO moves are banned
|rule|Moody Clause: Moody is banned
|rule|Evasion Moves Clause: Evasion moves are banned
|rule|Endless Battle Clause: Forcing endless battles is banned
|rule|HP Percentage Mod: HP is shown in percentages
|teampreview
|
|start
|switch|p1a: P. Sherman|Landorus-Therian, M|382\/382
|switch|p2a: Sceptile|Sceptile, F|281\/281
|-ability|p1a: P. Sherman|Intimidate|[of] p2a: Sceptile
|-unboost|p2a: Sceptile|atk|1
|turn|1
|
|detailschange|p2a: Sceptile|Sceptile-Mega, F
|-mega|p2a: Sceptile|Sceptile|Sceptilite
|move|p2a: Sceptile|Substitute|p2a: Sceptile
|-start|p2a: Sceptile|Substitute
|-damage|p2a: Sceptile|211\/281
|move|p1a: P. Sherman|Stealth Rock|p2a: Sceptile
|-sidestart|p2: cross xxxXxxx|move: Stealth Rock
|
|turn|2
|
|move|p2a: Sceptile|Giga Drain|p1a: P. Sherman
|-damage|p1a: P. Sherman|213\/382
|-heal|p2a: Sceptile|281\/281|[from] drain|[of] p1a: P. Sherman
|move|p1a: P. Sherman|U-turn|p2a: Sceptile
|-crit|p2a: Sceptile
|-supereffective|p2a: Sceptile
|-end|p2a: Sceptile|Substitute
|
|switch|p1a: Azelf|Azelf|291\/291
|
|turn|3
|
|switch|p2a: Blissey|Blissey, F|714\/714
|-damage|p2a: Blissey|625\/714|[from] Stealth Rock
|move|p1a: Azelf|Psychic|p2a: Blissey
|-crit|p2a: Blissey
|-damage|p2a: Blissey|383\/714
|-damage|p1a: Azelf|262\/291|[from] item: Life Orb
|
|-heal|p2a: Blissey|427\/714|[from] item: Leftovers
|turn|4
|
|switch|p1a: P. Sherman|Landorus-Therian, M|213\/382
|-ability|p1a: P. Sherman|Intimidate|[of] p2a: Blissey
|-unboost|p2a: Blissey|atk|1
|move|p2a: Blissey|Wish|p2a: Blissey
|
|-heal|p1a: P. Sherman|236\/382|[from] item: Leftovers
|-heal|p2a: Blissey|471\/714|[from] item: Leftovers
|turn|5
|
|move|p2a: Blissey|Protect|p2a: Blissey
|-singleturn|p2a: Blissey|Protect
|move|p1a: P. Sherman|U-turn|p2a: Blissey
|-activate|p2a: Blissey|Protect
|
|-heal|p2a: Blissey|714\/714|[from] move: Wish|[wisher] Blissey
|-heal|p1a: P. Sherman|259\/382|[from] item: Leftovers
|turn|6
|
|switch|p2a: Rotom-Wash|Rotom-Wash|303\/303
|-damage|p2a: Rotom-Wash|266\/303|[from] Stealth Rock
|move|p1a: P. Sherman|Earthquake|p2a: Rotom-Wash
|-immune|p2a: Rotom-Wash|[msg]
|
|-heal|p2a: Rotom-Wash|284\/303|[from] item: Leftovers
|-heal|p1a: P. Sherman|282\/382|[from] item: Leftovers
|turn|7
|
|move|p2a: Rotom-Wash|Will-O-Wisp|p1a: P. Sherman
|-status|p1a: P. Sherman|brn
|move|p1a: P. Sherman|Toxic|p2a: Rotom-Wash
|-status|p2a: Rotom-Wash|tox
|
|-heal|p2a: Rotom-Wash|302\/303 tox|[from] item: Leftovers
|-heal|p1a: P. Sherman|305\/382 brn|[from] item: Leftovers
|-damage|p2a: Rotom-Wash|284\/303 tox|[from] psn
|-damage|p1a: P. Sherman|258\/382 brn|[from] brn
|turn|8
|
|switch|p1a: Susceptile|Sceptile, M|281\/281
|move|p2a: Rotom-Wash|Hydro Pump|p1a: Susceptile
|-resisted|p1a: Susceptile
|-damage|p1a: Susceptile|203\/281
|
|-heal|p2a: Rotom-Wash|302\/303 tox|[from] item: Leftovers
|-damage|p2a: Rotom-Wash|266\/303 tox|[from] psn
|turn|9
|
|switch|p2a: Blissey|Blissey, F|714\/714
|-damage|p2a: Blissey|625\/714|[from] Stealth Rock
|detailschange|p1a: Susceptile|Sceptile-Mega, M
|-mega|p1a: Susceptile|Sceptile|Sceptilite
|move|p1a: Susceptile|Giga Drain|p2a: Blissey
|-damage|p2a: Blissey|511\/714
|-heal|p1a: Susceptile|260\/281|[from] drain|[of] p2a: Blissey
|
|-heal|p2a: Blissey|555\/714|[from] item: Leftovers
|turn|10
|
|switch|p1a: E. Dantes|Terrakion|323\/323
|move|p2a: Blissey|Wish|p2a: Blissey
|
|-heal|p2a: Blissey|599\/714|[from] item: Leftovers
|turn|11
|
|switch|p2a: Rotom-Wash|Rotom-Wash|266\/303 tox
|-damage|p2a: Rotom-Wash|229\/303 tox|[from] Stealth Rock
|move|p1a: E. Dantes|Substitute|p1a: E. Dantes
|-start|p1a: E. Dantes|Substitute
|-damage|p1a: E. Dantes|243\/323
|
|-heal|p2a: Rotom-Wash|303\/303 tox|[from] move: Wish|[wisher] Blissey
|-damage|p2a: Rotom-Wash|285\/303 tox|[from] psn
|turn|12
|
|move|p1a: E. Dantes|Close Combat|p2a: Rotom-Wash
|-damage|p2a: Rotom-Wash|102\/303 tox
|-unboost|p1a: E. Dantes|def|1
|-unboost|p1a: E. Dantes|spd|1
|-damage|p1a: E. Dantes|211\/323|[from] item: Life Orb
|move|p2a: Rotom-Wash|Hydro Pump|p1a: E. Dantes
|-supereffective|p1a: E. Dantes
|-end|p1a: E. Dantes|Substitute
|
|-heal|p2a: Rotom-Wash|120\/303 tox|[from] item: Leftovers
|-damage|p2a: Rotom-Wash|84\/303 tox|[from] psn
|turn|13
|
|switch|p2a: Clefable|Clefable, M|394\/394
|move|p1a: E. Dantes|Stone Edge|p2a: Clefable
|-damage|p2a: Clefable|160\/394
|-damage|p1a: E. Dantes|179\/323|[from] item: Life Orb
|
|-heal|p2a: Clefable|184\/394|[from] item: Leftovers
|turn|14
|
|move|p1a: E. Dantes|Stone Edge|p2a: Clefable
|-damage|p2a: Clefable|0 fnt
|-damage|p1a: E. Dantes|147\/323|[from] item: Life Orb
|faint|p2a: Clefable
|
|
|switch|p2a: Sceptile|Sceptile-Mega, F|281\/281
|-damage|p2a: Sceptile|246\/281|[from] Stealth Rock
|turn|15
|
|switch|p1a: 200 kids outside|Bisharp, M|272\/272
|move|p2a: Sceptile|Substitute|p2a: Sceptile
|-start|p2a: Sceptile|Substitute
|-damage|p2a: Sceptile|176\/281
|
|turn|16
|
|move|p2a: Sceptile|Focus Blast|p1a: 200 kids outside|[miss]
|-miss|p2a: Sceptile|p1a: 200 kids outside
|move|p1a: 200 kids outside|Iron Head|p2a: Sceptile
|-end|p2a: Sceptile|Substitute
|-damage|p1a: 200 kids outside|245\/272|[from] item: Life Orb
|
|turn|17
|
|move|p1a: 200 kids outside|Sucker Punch|p2a: Sceptile
|-fail|p2a: Sceptile
|move|p2a: Sceptile|Substitute|p2a: Sceptile
|-start|p2a: Sceptile|Substitute
|-damage|p2a: Sceptile|106\/281
|
|turn|18
|
|move|p1a: 200 kids outside|Sucker Punch|p2a: Sceptile
|-end|p2a: Sceptile|Substitute
|-damage|p1a: 200 kids outside|218\/272|[from] item: Life Orb
|move|p2a: Sceptile|Focus Blast|p1a: 200 kids outside
|-supereffective|p1a: 200 kids outside
|-damage|p1a: 200 kids outside|0 fnt
|faint|p1a: 200 kids outside
|
|
|switch|p1a: Azelf|Azelf|262\/291
|turn|19
|
|switch|p2a: Blissey|Blissey, F|599\/714
|-damage|p2a: Blissey|510\/714|[from] Stealth Rock
|switch|p1a: E. Dantes|Terrakion|147\/323
|
|-heal|p2a: Blissey|554\/714|[from] item: Leftovers
|turn|20
|
|move|p2a: Blissey|Protect|p2a: Blissey
|-singleturn|p2a: Blissey|Protect
|move|p1a: E. Dantes|Close Combat|p2a: Blissey
|-activate|p2a: Blissey|Protect
|
|-heal|p2a: Blissey|598\/714|[from] item: Leftovers
|turn|21
|
|switch|p2a: Rotom-Wash|Rotom-Wash|84\/303 tox
|-damage|p2a: Rotom-Wash|47\/303 tox|[from] Stealth Rock
|move|p1a: E. Dantes|Close Combat|p2a: Rotom-Wash
|-damage|p2a: Rotom-Wash|0 fnt
|-unboost|p1a: E. Dantes|def|1
|-unboost|p1a: E. Dantes|spd|1
|-damage|p1a: E. Dantes|115\/323|[from] item: Life Orb
|faint|p2a: Rotom-Wash
|
|
|switch|p2a: Excadrill|Excadrill, F|361\/361
|-damage|p2a: Excadrill|350\/361|[from] Stealth Rock
|-ability|p2a: Excadrill|Mold Breaker
|turn|22
|
|switch|p1a: P. Sherman|Landorus-Therian, M|258\/382 brn
|-ability|p1a: P. Sherman|Intimidate|[of] p2a: Excadrill
|-unboost|p2a: Excadrill|atk|1
|move|p2a: Excadrill|Rapid Spin|p1a: P. Sherman
|-crit|p1a: P. Sherman
|-damage|p1a: P. Sherman|225\/382 brn
|-sideend|p2: cross xxxXxxx|Stealth Rock|[from] move: Rapid Spin|[of] p2a: Excadrill
|
|-heal|p1a: P. Sherman|248\/382 brn|[from] item: Leftovers
|-damage|p1a: P. Sherman|201\/382 brn|[from] brn
|turn|23
|
|switch|p2a: Talonflame|Talonflame, M|298\/298
|move|p1a: P. Sherman|Stealth Rock|p2a: Talonflame
|-sidestart|p2: cross xxxXxxx|move: Stealth Rock
|
|-heal|p1a: P. Sherman|224\/382 brn|[from] item: Leftovers
|-damage|p1a: P. Sherman|177\/382 brn|[from] brn
|turn|24
|
|switch|p1a: Gatorade|Rotom-Wash|304\/304
|move|p2a: Talonflame|Brave Bird|p1a: Gatorade
|-crit|p1a: Gatorade
|-resisted|p1a: Gatorade
|-damage|p1a: Gatorade|193\/304
|-damage|p2a: Talonflame|261\/298|[from] recoil|[of] p1a: Gatorade
|
|-heal|p1a: Gatorade|212\/304|[from] item: Leftovers
|turn|25
|
|move|p2a: Talonflame|U-turn|p1a: Gatorade
|-damage|p1a: Gatorade|161\/304
|
|switch|p2a: Blissey|Blissey, F|598\/714
|-damage|p2a: Blissey|509\/714|[from] Stealth Rock
|move|p1a: Gatorade|Will-O-Wisp|p2a: Blissey
|-status|p2a: Blissey|brn
|
|-heal|p1a: Gatorade|180\/304|[from] item: Leftovers
|-heal|p2a: Blissey|553\/714 brn|[from] item: Leftovers
|-damage|p2a: Blissey|464\/714 brn|[from] brn
|turn|26
|
|move|p1a: Gatorade|Volt Switch|p2a: Blissey
|-damage|p2a: Blissey|397\/714 brn
|
|switch|p1a: E. Dantes|Terrakion|115\/323
|move|p2a: Blissey|Heal Bell|p2a: Blissey
|-cureteam|p2a: Blissey|[from] move: HealBell
|
|-heal|p2a: Blissey|441\/714|[from] item: Leftovers
|turn|27
|
|move|p1a: E. Dantes|Close Combat|p2a: Blissey
|-supereffective|p2a: Blissey
|-damage|p2a: Blissey|0 fnt
|-unboost|p1a: E. Dantes|def|1
|-unboost|p1a: E. Dantes|spd|1
|-damage|p1a: E. Dantes|83\/323|[from] item: Life Orb
|faint|p2a: Blissey
|
|
|switch|p2a: Talonflame|Talonflame, M|261\/298
|-damage|p2a: Talonflame|112\/298|[from] Stealth Rock
|turn|28
|
|switch|p1a: Gatorade|Rotom-Wash|180\/304
|move|p2a: Talonflame|Roost|p2a: Talonflame
|-heal|p2a: Talonflame|261\/298
|
|-heal|p1a: Gatorade|199\/304|[from] item: Leftovers
|turn|29
|
|move|p2a: Talonflame|Brave Bird|p1a: Gatorade
|-resisted|p1a: Gatorade
|-damage|p1a: Gatorade|128\/304
|-damage|p2a: Talonflame|238\/298|[from] recoil|[of] p1a: Gatorade
|move|p1a: Gatorade|Will-O-Wisp|p2a: Talonflame
|-fail|p2a: Talonflame
|
|-heal|p1a: Gatorade|147\/304|[from] item: Leftovers
|turn|30
|
|move|p2a: Talonflame|U-turn|p1a: Gatorade
|-damage|p1a: Gatorade|103\/304
|
|switch|p2a: Sceptile|Sceptile-Mega, F|106\/281
|-damage|p2a: Sceptile|71\/281|[from] Stealth Rock
|move|p1a: Gatorade|Will-O-Wisp|p2a: Sceptile
|-status|p2a: Sceptile|brn
|
|-heal|p1a: Gatorade|122\/304|[from] item: Leftovers
|-damage|p2a: Sceptile|36\/281 brn|[from] brn
|turn|31
|
|switch|p1a: Susceptile|Sceptile-Mega, M|260\/281
|move|p2a: Sceptile|Giga Drain|p1a: Susceptile
|-resisted|p1a: Susceptile
|-damage|p1a: Susceptile|222\/281
|-heal|p2a: Sceptile|55\/281 brn|[from] drain|[of] p1a: Susceptile
|
|-damage|p2a: Sceptile|20\/281 brn|[from] brn
|turn|32
|
|switch|p1a: Azelf|Azelf|262\/291
|move|p2a: Sceptile|Dragon Pulse|p1a: Azelf
|-damage|p1a: Azelf|60\/291
|
|-damage|p2a: Sceptile|0 fnt|[from] brn
|faint|p2a: Sceptile
|
|switch|p2a: Talonflame|Talonflame, M|238\/298
|-damage|p2a: Talonflame|89\/298|[from] Stealth Rock
|turn|33
|
|move|p2a: Talonflame|Brave Bird|p1a: Azelf
|-damage|p1a: Azelf|0 fnt
|-damage|p2a: Talonflame|69\/298|[from] recoil|[of] p1a: Azelf
|faint|p1a: Azelf
|
|
|switch|p1a: Gatorade|Rotom-Wash|122\/304
|turn|34
|
|move|p2a: Talonflame|Brave Bird|p1a: Gatorade
|-resisted|p1a: Gatorade
|-damage|p1a: Gatorade|54\/304
|-damage|p2a: Talonflame|47\/298|[from] recoil|[of] p1a: Gatorade
|move|p1a: Gatorade|Hydro Pump|p2a: Talonflame|[miss]
|-miss|p1a: Gatorade|p2a: Talonflame
|
|-heal|p1a: Gatorade|73\/304|[from] item: Leftovers
|turn|35
|
|move|p2a: Talonflame|Brave Bird|p1a: Gatorade
|-resisted|p1a: Gatorade
|-damage|p1a: Gatorade|0 fnt
|-damage|p2a: Talonflame|23\/298|[from] recoil|[of] p1a: Gatorade
|faint|p1a: Gatorade
|
|
|switch|p1a: Susceptile|Sceptile-Mega, M|222\/281
|turn|36
|
|move|p2a: Talonflame|Brave Bird|p1a: Susceptile
|-supereffective|p1a: Susceptile
|-damage|p1a: Susceptile|0 fnt
|-damage|p2a: Talonflame|0 fnt|[from] recoil|[of] p1a: Susceptile
|faint|p1a: Susceptile
|faint|p2a: Talonflame
|
|
|switch|p2a: Excadrill|Excadrill, F|350\/361
|switch|p1a: P. Sherman|Landorus-Therian, M|177\/382 brn
|-damage|p2a: Excadrill|339\/361|[from] Stealth Rock
|-ability|p2a: Excadrill|Mold Breaker
|-ability|p1a: P. Sherman|Intimidate|[of] p2a: Excadrill
|-unboost|p2a: Excadrill|atk|1
|turn|37
|
|switch|p1a: E. Dantes|Terrakion|83\/323
|move|p2a: Excadrill|Iron Head|p1a: E. Dantes
|-supereffective|p1a: E. Dantes
|-damage|p1a: E. Dantes|0 fnt
|faint|p1a: E. Dantes
|
|
|switch|p1a: P. Sherman|Landorus-Therian, M|177\/382 brn
|-ability|p1a: P. Sherman|Intimidate|[of] p2a: Excadrill
|-unboost|p2a: Excadrill|atk|1
|turn|38
|
|move|p2a: Excadrill|Iron Head|p1a: P. Sherman
|-damage|p1a: P. Sherman|117\/382 brn
|move|p1a: P. Sherman|Earthquake|p2a: Excadrill
|-supereffective|p2a: Excadrill
|-damage|p2a: Excadrill|73\/361
|
|-heal|p1a: P. Sherman|140\/382 brn|[from] item: Leftovers
|-damage|p1a: P. Sherman|93\/382 brn|[from] brn
|turn|39
|
|move|p2a: Excadrill|Iron Head|p1a: P. Sherman
|-damage|p1a: P. Sherman|39\/382 brn
|move|p1a: P. Sherman|Earthquake|p2a: Excadrill
|-supereffective|p2a: Excadrill
|-damage|p2a: Excadrill|0 fnt
|faint|p2a: Excadrill
|
|win|Mounts
|raw|Ladder updating...
|raw|Mounts's rating: 1352 &rarr; <strong>1368<\/strong><br \/>(+16 for winning)
|raw|cross xxxXxxx's rating: 1289 &rarr; <strong>1268<\/strong><br \/>(-21 for losing)