|join|beancount
|join|tomibello
|player|p1|beancount|2
|player|p2|tomibello|201
|gametype|singles
|gen|6
|tier|OU
|rated
|clearpoke
|poke|p1|Clefable, F
|poke|p1|Gengar, F
|poke|p1|Azumarill, F
|poke|p1|Rotom-Wash
|poke|p1|Scizor, F
|poke|p1|Kyurem-Black
|poke|p2|Infernape, F
|poke|p2|Azumarill, F
|poke|p2|Metagross
|poke|p2|Landorus, M
|poke|p2|Thundurus, M
|poke|p2|Lucario, F
|rule|Swagger Clause: Swagger is banned
|rule|Baton Pass Clause: Limit one PokÃ©mon knowing Baton Pass
|rule|Sleep Clause Mod: Limit one foe put to sleep
|rule|Species Clause: Limit one of each PokÃ©mon
|rule|OHKO Clause: OHKO moves are banned
|rule|Moody Clause: Moody is banned
|rule|Evasion Moves Clause: Evasion moves are banned
|rule|Endless Battle Clause: Forcing endless battles is banned
|rule|HP Percentage Mod: HP is shown in percentages
|teampreview
|
|start
|switch|p1a: Azumarill|Azumarill, F|403\/403
|switch|p2a: Infernape|Infernape, F|294\/294
|turn|1
|c|âbeancount|gg
|c|âbeancount|lol
|
|move|p2a: Infernape|Stealth Rock|p1a: Azumarill
|-sidestart|p1: beancount|move: Stealth Rock
|move|p1a: Azumarill|Waterfall|p2a: Infernape
|-supereffective|p2a: Infernape
|-enditem|p2a: Infernape|Focus Sash
|-damage|p2a: Infernape|1\/294
|
|turn|2
|
|move|p1a: Azumarill|Aqua Jet|p2a: Infernape
|-supereffective|p2a: Infernape
|-damage|p2a: Infernape|0 fnt
|faint|p2a: Infernape
|
|
|switch|p2a: Thundurus|Thundurus, M|299\/299
|turn|3
|c|âbeancount|endeaver lol
|
|move|p2a: Thundurus|Thunderbolt|p1a: Azumarill
|-supereffective|p1a: Azumarill
|-damage|p1a: Azumarill|96\/403
|-damage|p2a: Thundurus|270\/299|[from] item: Life Orb
|move|p1a: Azumarill|Waterfall|p2a: Thundurus
|-damage|p2a: Thundurus|27\/299
|
|turn|4
|
|move|p1a: Azumarill|Aqua Jet|p2a: Thundurus
|-damage|p2a: Thundurus|0 fnt
|faint|p2a: Thundurus
|
|
|switch|p2a: Metagross|Metagross|302\/302
|turn|5
|c|âbeancount|poweer
|
|detailschange|p2a: Metagross|Metagross-Mega
|-mega|p2a: Metagross|Metagross|Metagrossite
|move|p1a: Azumarill|Aqua Jet|p2a: Metagross
|-damage|p2a: Metagross|239\/302
|move|p2a: Metagross|Meteor Mash|p1a: Azumarill|[miss]
|-miss|p2a: Metagross|p1a: Azumarill
|
|turn|6
|
|move|p2a: Metagross|Bullet Punch|p1a: Azumarill
|-damage|p1a: Azumarill|0 fnt
|faint|p1a: Azumarill
|
|
|switch|p1a: Scizor|Scizor, F|343\/343
|-damage|p1a: Scizor|301\/343|[from] Stealth Rock
|turn|7
|
|detailschange|p1a: Scizor|Scizor-Mega, F
|-mega|p1a: Scizor|Scizor|Scizorite
|move|p2a: Metagross|Hammer Arm|p1a: Scizor|[miss]
|-miss|p2a: Metagross|p1a: Scizor
|move|p1a: Scizor|Swords Dance|p1a: Scizor
|-boost|p1a: Scizor|atk|2
|
|turn|8
|
|move|p2a: Metagross|Hammer Arm|p1a: Scizor
|-damage|p1a: Scizor|183\/343
|-unboost|p2a: Metagross|spe|1
|move|p1a: Scizor|Roost|p1a: Scizor
|-heal|p1a: Scizor|343\/343
|
|turn|9
|c|âbeancount|imo
|
|move|p2a: Metagross|Hammer Arm|p1a: Scizor|[miss]
|-miss|p2a: Metagross|p1a: Scizor
|move|p1a: Scizor|Swords Dance|p1a: Scizor
|-boost|p1a: Scizor|atk|2
|
|turn|10
|
|move|p2a: Metagross|Hammer Arm|p1a: Scizor
|-damage|p1a: Scizor|223\/343
|-unboost|p2a: Metagross|spe|1
|move|p1a: Scizor|Swords Dance|p1a: Scizor
|-boost|p1a: Scizor|atk|2
|
|turn|11
|
|move|p1a: Scizor|Roost|p1a: Scizor
|-heal|p1a: Scizor|343\/343
|move|p2a: Metagross|Hammer Arm|p1a: Scizor
|-damage|p1a: Scizor|213\/343
|-unboost|p2a: Metagross|spe|1
|
|turn|12
|
|move|p1a: Scizor|Roost|p1a: Scizor
|-heal|p1a: Scizor|343\/343
|move|p2a: Metagross|Hammer Arm|p1a: Scizor
|-damage|p1a: Scizor|221\/343
|-unboost|p2a: Metagross|spe|1
|
|turn|13
|
|move|p1a: Scizor|Roost|p1a: Scizor
|-heal|p1a: Scizor|343\/343
|move|p2a: Metagross|Meteor Mash|p1a: Scizor
|-resisted|p1a: Scizor
|-damage|p1a: Scizor|259\/343
|
|turn|14
|
|move|p1a: Scizor|Superpower|p2a: Metagross
|-damage|p2a: Metagross|0 fnt
|-unboost|p1a: Scizor|atk|1
|-unboost|p1a: Scizor|def|1
|faint|p2a: Metagross
|
|
|switch|p2a: Lucario|Lucario, F|281\/281
|turn|15
|
|move|p1a: Scizor|Bullet Punch|p2a: Lucario
|-resisted|p2a: Lucario
|-damage|p2a: Lucario|0 fnt
|faint|p2a: Lucario
|
|c|âbeancount|gg
|-message|tomibello forfeited.
|
|win|beancount
|raw|Ladder updating...
|leave|tomibello
|player|p2
|raw|beancount's rating: 1413 &rarr; <strong>1431<\/strong><br \/>(+18 for winning)
|raw|tomibello's rating: 1375 &rarr; <strong>1357<\/strong><br \/>(-18 for losing)