|join|beancount
|join|BAIK
|player|p1|beancount|2
|player|p2|BAIK|218
|gametype|singles
|gen|6
|tier|OU
|rated
|clearpoke
|poke|p1|Clefable, M
|poke|p1|Gengar, M
|poke|p1|Azumarill, F
|poke|p1|Rotom-Wash
|poke|p1|Scizor, F
|poke|p1|Kyurem-Black
|poke|p2|Slowbro, F
|poke|p2|Chansey, F
|poke|p2|Landorus-Therian, M, shiny
|poke|p2|Azumarill, M
|poke|p2|Latios, M, shiny
|poke|p2|Bisharp, F, shiny
|rule|Swagger Clause: Swagger is banned
|rule|Baton Pass Clause: Limit one PokÃ©mon knowing Baton Pass
|rule|Sleep Clause Mod: Limit one foe put to sleep
|rule|Species Clause: Limit one of each PokÃ©mon
|rule|OHKO Clause: OHKO moves are banned
|rule|Moody Clause: Moody is banned
|rule|Evasion Moves Clause: Evasion moves are banned
|rule|Endless Battle Clause: Forcing endless battles is banned
|rule|HP Percentage Mod: HP is shown in percentages
|teampreview
|
|start
|switch|p1a: Kyurem-Black|Kyurem-Black|391\/391
|switch|p2a: Latios|Latios, M, shiny|301\/301
|-ability|p1a: Kyurem-Black|Teravolt
|turn|1
|
|switch|p2a: Azumarill|Azumarill, M|404\/404
|switch|p1a: Clefable|Clefable, M|394\/394
|
|turn|2
|
|switch|p1a: Rotom-Wash|Rotom-Wash|304\/304
|move|p2a: Azumarill|Knock Off|p1a: Rotom-Wash
|-damage|p1a: Rotom-Wash|196\/304
|-enditem|p1a: Rotom-Wash|Leftovers|[from] move: Knock Off|[of] p2a: Azumarill
|
|turn|3
|
|switch|p2a: Chansey|Chansey, F|642\/642
|move|p1a: Rotom-Wash|Will-O-Wisp|p2a: Chansey
|-status|p2a: Chansey|brn
|
|-damage|p2a: Chansey|562\/642 brn|[from] brn
|turn|4
|
|move|p1a: Rotom-Wash|Pain Split|p2a: Chansey
|-sethp|p2a: Chansey|379\/642 brn|p1a: Rotom-Wash|304\/304|[from] move: Pain Split
|move|p2a: Chansey|Seismic Toss|p1a: Rotom-Wash
|-damage|p1a: Rotom-Wash|204\/304
|
|-damage|p2a: Chansey|299\/642 brn|[from] brn
|turn|5
|
|move|p1a: Rotom-Wash|Volt Switch|p2a: Chansey
|-damage|p2a: Chansey|253\/642 brn
|
|switch|p1a: Scizor|Scizor, F|343\/343
|move|p2a: Chansey|Soft-Boiled|p2a: Chansey
|-heal|p2a: Chansey|574\/642 brn
|
|-damage|p2a: Chansey|494\/642 brn|[from] brn
|turn|6
|
|switch|p2a: Landorus-Therian|Landorus-Therian, M, shiny|319\/319
|-ability|p2a: Landorus-Therian|Intimidate|[of] p1a: Scizor
|-unboost|p1a: Scizor|atk|1
|detailschange|p1a: Scizor|Scizor-Mega, F
|-mega|p1a: Scizor|Scizor|Scizorite
|move|p1a: Scizor|Swords Dance|p1a: Scizor
|-boost|p1a: Scizor|atk|2
|
|turn|7
|
|move|p1a: Scizor|Bullet Punch|p2a: Landorus-Therian
|-damage|p2a: Landorus-Therian|102\/319
|move|p2a: Landorus-Therian|Stealth Rock|p1a: Scizor
|-sidestart|p1: beancount|move: Stealth Rock
|
|turn|8
|
|switch|p2a: Slowbro|Slowbro, F|393\/393
|move|p1a: Scizor|Bullet Punch|p2a: Slowbro
|-resisted|p2a: Slowbro
|-damage|p2a: Slowbro|333\/393
|
|turn|9
|
|switch|p1a: Rotom-Wash|Rotom-Wash|204\/304
|-damage|p1a: Rotom-Wash|166\/304|[from] Stealth Rock
|detailschange|p2a: Slowbro|Slowbro-Mega, F
|-mega|p2a: Slowbro|Slowbro|Slowbronite
|move|p2a: Slowbro|Slack Off|p2a: Slowbro
|-heal|p2a: Slowbro|393\/393
|
|turn|10
|
|switch|p2a: Landorus-Therian|Landorus-Therian, M, shiny|102\/319
|-ability|p2a: Landorus-Therian|Intimidate|[of] p1a: Rotom-Wash
|-unboost|p1a: Rotom-Wash|atk|1
|move|p1a: Rotom-Wash|Pain Split|p2a: Landorus-Therian
|-sethp|p2a: Landorus-Therian|134\/319|p1a: Rotom-Wash|134\/304|[from] move: Pain Split
|
|turn|11
|
|switch|p1a: Azumarill|Azumarill, F|403\/403
|-damage|p1a: Azumarill|353\/403|[from] Stealth Rock
|move|p2a: Landorus-Therian|U-turn|p1a: Azumarill
|-resisted|p1a: Azumarill
|-damage|p1a: Azumarill|296\/403
|
|switch|p2a: Slowbro|Slowbro-Mega, F|393\/393
|
|turn|12
|
|switch|p1a: Gengar|Gengar, M|261\/261
|-damage|p1a: Gengar|229\/261|[from] Stealth Rock
|move|p2a: Slowbro|Calm Mind|p2a: Slowbro
|-boost|p2a: Slowbro|spa|1
|-boost|p2a: Slowbro|spd|1
|
|turn|13
|
|move|p1a: Gengar|Shadow Ball|p2a: Slowbro
|-supereffective|p2a: Slowbro
|-damage|p2a: Slowbro|78\/393
|-damage|p1a: Gengar|203\/261|[from] item: Life Orb
|move|p2a: Slowbro|Scald|p1a: Gengar
|-damage|p1a: Gengar|0 fnt
|faint|p1a: Gengar
|
|
|switch|p1a: Azumarill|Azumarill, F|296\/403
|-damage|p1a: Azumarill|246\/403|[from] Stealth Rock
|turn|14
|
|move|p1a: Azumarill|Knock Off|p2a: Slowbro
|-supereffective|p2a: Slowbro
|-damage|p2a: Slowbro|0 fnt
|faint|p2a: Slowbro
|
|
|switch|p2a: Bisharp|Bisharp, F, shiny|271\/271
|turn|15
|
|move|p2a: Bisharp|Iron Head|p1a: Azumarill
|-damage|p1a: Azumarill|11\/403
|-damage|p2a: Bisharp|244\/271|[from] item: Life Orb
|move|p1a: Azumarill|Play Rough|p2a: Bisharp
|-damage|p2a: Bisharp|61\/271
|
|turn|16
|
|move|p2a: Bisharp|Sucker Punch|p1a: Azumarill
|-crit|p1a: Azumarill
|-resisted|p1a: Azumarill
|-damage|p1a: Azumarill|0 fnt
|-damage|p2a: Bisharp|34\/271|[from] item: Life Orb
|faint|p1a: Azumarill
|
|
|switch|p1a: Scizor|Scizor-Mega, F|343\/343
|-damage|p1a: Scizor|301\/343|[from] Stealth Rock
|turn|17
|
|switch|p2a: Landorus-Therian|Landorus-Therian, M, shiny|134\/319
|-ability|p2a: Landorus-Therian|Intimidate|[of] p1a: Scizor
|-unboost|p1a: Scizor|atk|1
|move|p1a: Scizor|Swords Dance|p1a: Scizor
|-boost|p1a: Scizor|atk|2
|
|turn|18
|c|âbeancount|ground plate
|c|âbeancount|new meta
|c|âBAIK|you right
|
|move|p1a: Scizor|Bullet Punch|p2a: Landorus-Therian
|-damage|p2a: Landorus-Therian|0 fnt
|faint|p2a: Landorus-Therian
|
|
|switch|p2a: Latios|Latios, M, shiny|301\/301
|turn|19
|c|âBAIK|definitely a scarf
|c|âbeancount|joey is such a virus
|c|âbeancount|alrite
|
|switch|p1a: Clefable|Clefable, M|394\/394
|-damage|p1a: Clefable|345\/394|[from] Stealth Rock
|move|p2a: Latios|Hidden Power|p1a: Clefable
|-damage|p1a: Clefable|241\/394
|-damage|p2a: Latios|271\/301|[from] item: Life Orb
|
|-heal|p1a: Clefable|265\/394|[from] item: Leftovers
|turn|20
|c|âBAIK|like pokeaim?
|c|âbeancount|who else lol
|
|switch|p2a: Chansey|Chansey, F|494\/642
|move|p1a: Clefable|Wish|p1a: Clefable
|
|-heal|p1a: Clefable|289\/394|[from] item: Leftovers
|turn|21
|c|âBAIK|did he actually use earth plate lando?
|c|âbeancount|sure
|
|move|p1a: Clefable|Wish|p1a: Clefable
|-fail|p1a: Clefable
|move|p2a: Chansey|Seismic Toss|p1a: Clefable
|-damage|p1a: Clefable|189\/394
|
|-heal|p1a: Clefable|386\/394|[from] move: Wish|[wisher] Clefable
|-heal|p1a: Clefable|394\/394|[from] item: Leftovers
|turn|22
|c|âbeancount|check it out
|
|switch|p2a: Azumarill|Azumarill, M|404\/404
|move|p1a: Clefable|Moonblast|p2a: Azumarill
|-damage|p2a: Azumarill|317\/404
|-unboost|p2a: Azumarill|spa|1
|
|turn|23
|
|move|p1a: Clefable|Protect|p1a: Clefable
|-singleturn|p1a: Clefable|Protect
|move|p2a: Azumarill|Play Rough|p1a: Clefable
|-activate|p1a: Clefable|Protect
|
|turn|24
|
|move|p1a: Clefable|Wish|p1a: Clefable
|move|p2a: Azumarill|Waterfall|p1a: Clefable
|-damage|p1a: Clefable|220\/394
|
|-heal|p1a: Clefable|244\/394|[from] item: Leftovers
|turn|25
|
|move|p1a: Clefable|Moonblast|p2a: Azumarill
|-damage|p2a: Azumarill|226\/404
|move|p2a: Azumarill|Play Rough|p1a: Clefable
|-damage|p1a: Clefable|78\/394
|
|-heal|p1a: Clefable|275\/394|[from] move: Wish|[wisher] Clefable
|-heal|p1a: Clefable|299\/394|[from] item: Leftovers
|turn|26
|
|move|p1a: Clefable|Wish|p1a: Clefable
|move|p2a: Azumarill|Play Rough|p1a: Clefable
|-damage|p1a: Clefable|133\/394
|
|-heal|p1a: Clefable|157\/394|[from] item: Leftovers
|turn|27
|
|switch|p2a: Bisharp|Bisharp, F, shiny|34\/271
|move|p1a: Clefable|Protect|p1a: Clefable
|-fail|p1a: Clefable
|
|-heal|p1a: Clefable|354\/394|[from] move: Wish|[wisher] Clefable
|-heal|p1a: Clefable|378\/394|[from] item: Leftovers
|turn|28
|
|switch|p1a: Rotom-Wash|Rotom-Wash|134\/304
|-damage|p1a: Rotom-Wash|96\/304|[from] Stealth Rock
|move|p2a: Bisharp|Knock Off|p1a: Rotom-Wash
|-damage|p1a: Rotom-Wash|0 fnt
|-damage|p2a: Bisharp|7\/271|[from] item: Life Orb
|faint|p1a: Rotom-Wash
|
|
|switch|p1a: Scizor|Scizor-Mega, F|301\/343
|-damage|p1a: Scizor|259\/343|[from] Stealth Rock
|turn|29
|
|move|p2a: Bisharp|Sucker Punch|p1a: Scizor
|-fail|p1a: Scizor
|move|p1a: Scizor|Roost|p1a: Scizor
|-heal|p1a: Scizor|343\/343
|
|turn|30
|
|switch|p2a: Latios|Latios, M, shiny|271\/301
|move|p1a: Scizor|Swords Dance|p1a: Scizor
|-boost|p1a: Scizor|atk|2
|
|turn|31
|
|move|p1a: Scizor|Bullet Punch|p2a: Latios
|-damage|p2a: Latios|0 fnt
|faint|p2a: Latios
|
|c|âBAIK|gg
|c|âbeancount|gg
|-message|BAIK forfeited.
|leave|BAIK
|
|win|beancount
|raw|Ladder updating...
|player|p2
|raw|beancount's rating: 1382 &rarr; <strong>1397<\/strong><br \/>(+15 for winning)
|raw|BAIK's rating: 1303 &rarr; <strong>1288<\/strong><br \/>(-15 for losing)