|join|skank13
|join|beancount
|player|p1|skank13|102
|player|p2|beancount|2
|gametype|singles
|gen|6
|tier|OU
|rated
|clearpoke
|poke|p1|Bisharp, M
|poke|p1|Latias, F
|poke|p1|Politoed, F
|poke|p1|Swampert, F
|poke|p1|Kingdra, M
|poke|p1|Ferrothorn, M
|poke|p2|Clefable, M
|poke|p2|Gengar, M
|poke|p2|Azumarill, M
|poke|p2|Rotom-Wash
|poke|p2|Scizor, F
|poke|p2|Kyurem-Black
|rule|Swagger Clause: Swagger is banned
|rule|Baton Pass Clause: Limit one PokÃ©mon knowing Baton Pass
|rule|Sleep Clause Mod: Limit one foe put to sleep
|rule|Species Clause: Limit one of each PokÃ©mon
|rule|OHKO Clause: OHKO moves are banned
|rule|Moody Clause: Moody is banned
|rule|Evasion Moves Clause: Evasion moves are banned
|rule|Endless Battle Clause: Forcing endless battles is banned
|rule|HP Percentage Mod: HP is shown in percentages
|teampreview
|
|start
|switch|p1a: Ferrothorn|Ferrothorn, M|352\/352
|switch|p2a: Rotom-Wash|Rotom-Wash|304\/304
|turn|1
|
|move|p2a: Rotom-Wash|Will-O-Wisp|p1a: Ferrothorn
|-status|p1a: Ferrothorn|brn
|move|p1a: Ferrothorn|Stealth Rock|p2a: Rotom-Wash
|-sidestart|p2: beancount|move: Stealth Rock
|
|-damage|p1a: Ferrothorn|308\/352 brn|[from] brn
|turn|2
|
|switch|p1a: Swampert|Swampert, F|362\/362
|move|p2a: Rotom-Wash|Volt Switch|p1a: Swampert
|-immune|p1a: Swampert|[msg]
|
|turn|3
|
|switch|p1a: Ferrothorn|Ferrothorn, M|308\/352 brn
|move|p2a: Rotom-Wash|Will-O-Wisp|p1a: Ferrothorn
|-fail|p1a: Ferrothorn|brn
|
|-damage|p1a: Ferrothorn|264\/352 brn|[from] brn
|turn|4
|
|move|p2a: Rotom-Wash|Volt Switch|p1a: Ferrothorn
|-crit|p1a: Ferrothorn
|-resisted|p1a: Ferrothorn
|-damage|p1a: Ferrothorn|214\/352 brn
|
|switch|p2a: Scizor|Scizor, F|343\/343
|-damage|p2a: Scizor|301\/343|[from] Stealth Rock
|move|p1a: Ferrothorn|Leech Seed|p2a: Scizor
|-start|p2a: Scizor|move: Leech Seed
|
|-damage|p2a: Scizor|259\/343|[from] Leech Seed|[of] p1a: Ferrothorn
|-heal|p1a: Ferrothorn|256\/352 brn|[silent]
|-damage|p1a: Ferrothorn|212\/352 brn|[from] brn
|turn|5
|
|detailschange|p2a: Scizor|Scizor-Mega, F
|-mega|p2a: Scizor|Scizor|Scizorite
|move|p2a: Scizor|Swords Dance|p2a: Scizor
|-boost|p2a: Scizor|atk|2
|move|p1a: Ferrothorn|Power Whip|p2a: Scizor
|-resisted|p2a: Scizor
|-damage|p2a: Scizor|246\/343
|
|-damage|p2a: Scizor|204\/343|[from] Leech Seed|[of] p1a: Ferrothorn
|-heal|p1a: Ferrothorn|254\/352 brn|[silent]
|-damage|p1a: Ferrothorn|210\/352 brn|[from] brn
|turn|6
|
|move|p2a: Scizor|Swords Dance|p2a: Scizor
|-boost|p2a: Scizor|atk|2
|move|p1a: Ferrothorn|Gyro Ball|p2a: Scizor
|-resisted|p2a: Scizor
|-damage|p2a: Scizor|180\/343
|
|-damage|p2a: Scizor|138\/343|[from] Leech Seed|[of] p1a: Ferrothorn
|-heal|p1a: Ferrothorn|252\/352 brn|[silent]
|-damage|p1a: Ferrothorn|208\/352 brn|[from] brn
|turn|7
|
|switch|p1a: Kingdra|Kingdra, M|291\/291
|move|p2a: Scizor|Roost|p2a: Scizor
|-heal|p2a: Scizor|310\/343
|
|-damage|p2a: Scizor|268\/343|[from] Leech Seed|[of] p1a: Kingdra
|turn|8
|
|move|p1a: Kingdra|Draco Meteor|p2a: Scizor
|-resisted|p2a: Scizor
|-damage|p2a: Scizor|123\/343
|-unboost|p1a: Kingdra|spa|2
|move|p2a: Scizor|Superpower|p1a: Kingdra
|-crit|p1a: Kingdra
|-damage|p1a: Kingdra|0 fnt
|-unboost|p2a: Scizor|atk|1
|-unboost|p2a: Scizor|def|1
|faint|p1a: Kingdra
|
|
|switch|p1a: Politoed|Politoed, F|380\/380
|-weather|RainDance
|turn|9
|
|move|p2a: Scizor|Superpower|p1a: Politoed
|-damage|p1a: Politoed|0 fnt
|-unboost|p2a: Scizor|atk|1
|-unboost|p2a: Scizor|def|1
|faint|p1a: Politoed
|
|-weather|RainDance|[upkeep]
|
|switch|p1a: Swampert|Swampert, F|362\/362
|turn|10
|
|switch|p2a: Rotom-Wash|Rotom-Wash|304\/304
|-damage|p2a: Rotom-Wash|266\/304|[from] Stealth Rock
|detailschange|p1a: Swampert|Swampert-Mega, F
|-mega|p1a: Swampert|Swampert|Swampertite
|move|p1a: Swampert|Superpower|p2a: Rotom-Wash
|-damage|p2a: Rotom-Wash|173\/304
|-unboost|p1a: Swampert|atk|1
|-unboost|p1a: Swampert|def|1
|
|-weather|RainDance|[upkeep]
|-heal|p2a: Rotom-Wash|192\/304|[from] item: Leftovers
|turn|11
|
|switch|p1a: Ferrothorn|Ferrothorn, M|208\/352 brn
|move|p2a: Rotom-Wash|Will-O-Wisp|p1a: Ferrothorn
|-fail|p1a: Ferrothorn|brn
|
|-weather|RainDance|[upkeep]
|-heal|p2a: Rotom-Wash|211\/304|[from] item: Leftovers
|-damage|p1a: Ferrothorn|164\/352 brn|[from] brn
|turn|12
|
|switch|p1a: Latias|Latias, F|301\/301
|move|p2a: Rotom-Wash|Volt Switch|p1a: Latias
|-resisted|p1a: Latias
|-damage|p1a: Latias|268\/301
|
|switch|p2a: Clefable|Clefable, M|394\/394
|-damage|p2a: Clefable|345\/394|[from] Stealth Rock
|
|-weather|RainDance|[upkeep]
|-heal|p2a: Clefable|369\/394|[from] item: Leftovers
|turn|13
|
|switch|p1a: Bisharp|Bisharp, M|271\/271
|move|p2a: Clefable|Wish|p2a: Clefable
|
|-weather|RainDance|[upkeep]
|-heal|p2a: Clefable|393\/394|[from] item: Leftovers
|turn|14
|
|switch|p2a: Scizor|Scizor-Mega, F|123\/343
|-damage|p2a: Scizor|81\/343|[from] Stealth Rock
|move|p1a: Bisharp|Knock Off|p2a: Scizor
|-damage|p2a: Scizor|0 fnt
|faint|p2a: Scizor
|
|-weather|RainDance|[upkeep]
|
|switch|p2a: Gengar|Gengar, M|261\/261
|-damage|p2a: Gengar|229\/261|[from] Stealth Rock
|turn|15
|
|move|p1a: Bisharp|Sucker Punch|p2a: Gengar
|-fail|p2a: Gengar
|move|p2a: Gengar|Destiny Bond|p2a: Gengar
|-singlemove|p2a: Gengar|Destiny Bond
|
|-weather|RainDance|[upkeep]
|turn|16
|
|move|p1a: Bisharp|Sucker Punch|p2a: Gengar
|-fail|p2a: Gengar
|move|p2a: Gengar|Taunt|p1a: Bisharp
|-start|p1a: Bisharp|move: Taunt
|
|-weather|none
|turn|17
|
|move|p1a: Bisharp|Sucker Punch|p2a: Gengar
|-fail|p2a: Gengar
|move|p2a: Gengar|Destiny Bond|p2a: Gengar
|-singlemove|p2a: Gengar|Destiny Bond
|
|turn|18
|
|move|p1a: Bisharp|Sucker Punch|p2a: Gengar
|-supereffective|p2a: Gengar
|-damage|p2a: Gengar|0 fnt
|faint|p2a: Gengar
|-activate|p2a: Gengar|Destiny Bond
|faint|p1a: Bisharp
|
|
|switch|p1a: Swampert|Swampert-Mega, F|362\/362
|switch|p2a: Kyurem-Black|Kyurem-Black|391\/391
|-damage|p2a: Kyurem-Black|294\/391|[from] Stealth Rock
|-ability|p2a: Kyurem-Black|Teravolt
|turn|19
|
|move|p2a: Kyurem-Black|Substitute|p2a: Kyurem-Black
|-start|p2a: Kyurem-Black|Substitute
|-damage|p2a: Kyurem-Black|197\/391
|move|p1a: Swampert|Superpower|p2a: Kyurem-Black
|-supereffective|p2a: Kyurem-Black
|-end|p2a: Kyurem-Black|Substitute
|-unboost|p1a: Swampert|atk|1
|-unboost|p1a: Swampert|def|1
|
|-heal|p2a: Kyurem-Black|221\/391|[from] item: Leftovers
|turn|20
|
|move|p2a: Kyurem-Black|Substitute|p2a: Kyurem-Black
|-start|p2a: Kyurem-Black|Substitute
|-damage|p2a: Kyurem-Black|124\/391
|move|p1a: Swampert|Earthquake|p2a: Kyurem-Black
|-end|p2a: Kyurem-Black|Substitute
|
|-heal|p2a: Kyurem-Black|148\/391|[from] item: Leftovers
|turn|21
|
|move|p2a: Kyurem-Black|Roost|p2a: Kyurem-Black
|-heal|p2a: Kyurem-Black|344\/391
|move|p1a: Swampert|Earthquake|p2a: Kyurem-Black
|-damage|p2a: Kyurem-Black|226\/391
|
|-heal|p2a: Kyurem-Black|250\/391|[from] item: Leftovers
|turn|22
|
|move|p2a: Kyurem-Black|Roost|p2a: Kyurem-Black
|-heal|p2a: Kyurem-Black|391\/391
|move|p1a: Swampert|Superpower|p2a: Kyurem-Black
|-supereffective|p2a: Kyurem-Black
|-damage|p2a: Kyurem-Black|203\/391
|-unboost|p1a: Swampert|atk|1
|-unboost|p1a: Swampert|def|1
|
|-heal|p2a: Kyurem-Black|227\/391|[from] item: Leftovers
|turn|23
|
|switch|p1a: Ferrothorn|Ferrothorn, M|164\/352 brn
|move|p2a: Kyurem-Black|Substitute|p2a: Kyurem-Black
|-start|p2a: Kyurem-Black|Substitute
|-damage|p2a: Kyurem-Black|130\/391
|
|-heal|p2a: Kyurem-Black|154\/391|[from] item: Leftovers
|-damage|p1a: Ferrothorn|120\/352 brn|[from] brn
|turn|24
|
|move|p2a: Kyurem-Black|Ice Beam|p1a: Ferrothorn
|-damage|p1a: Ferrothorn|0 fnt
|faint|p1a: Ferrothorn
|
|-heal|p2a: Kyurem-Black|178\/391|[from] item: Leftovers
|
|switch|p1a: Swampert|Swampert-Mega, F|362\/362
|turn|25
|
|move|p2a: Kyurem-Black|Roost|p2a: Kyurem-Black
|-heal|p2a: Kyurem-Black|374\/391
|move|p1a: Swampert|Earthquake|p2a: Kyurem-Black
|-end|p2a: Kyurem-Black|Substitute
|
|-heal|p2a: Kyurem-Black|391\/391|[from] item: Leftovers
|turn|26
|
|move|p2a: Kyurem-Black|Substitute|p2a: Kyurem-Black
|-start|p2a: Kyurem-Black|Substitute
|-damage|p2a: Kyurem-Black|294\/391
|move|p1a: Swampert|Earthquake|p2a: Kyurem-Black
|-end|p2a: Kyurem-Black|Substitute
|
|-heal|p2a: Kyurem-Black|318\/391|[from] item: Leftovers
|turn|27
|
|move|p2a: Kyurem-Black|Substitute|p2a: Kyurem-Black
|-start|p2a: Kyurem-Black|Substitute
|-damage|p2a: Kyurem-Black|221\/391
|move|p1a: Swampert|Earthquake|p2a: Kyurem-Black
|-end|p2a: Kyurem-Black|Substitute
|
|-heal|p2a: Kyurem-Black|245\/391|[from] item: Leftovers
|turn|28
|
|move|p2a: Kyurem-Black|Roost|p2a: Kyurem-Black
|-heal|p2a: Kyurem-Black|391\/391
|move|p1a: Swampert|Earthquake|p2a: Kyurem-Black
|-damage|p2a: Kyurem-Black|214\/391
|
|-heal|p2a: Kyurem-Black|238\/391|[from] item: Leftovers
|turn|29
|
|move|p2a: Kyurem-Black|Substitute|p2a: Kyurem-Black
|-start|p2a: Kyurem-Black|Substitute
|-damage|p2a: Kyurem-Black|141\/391
|move|p1a: Swampert|Earthquake|p2a: Kyurem-Black
|-end|p2a: Kyurem-Black|Substitute
|
|-heal|p2a: Kyurem-Black|165\/391|[from] item: Leftovers
|turn|30
|
|move|p2a: Kyurem-Black|Roost|p2a: Kyurem-Black
|-heal|p2a: Kyurem-Black|361\/391
|move|p1a: Swampert|Earthquake|p2a: Kyurem-Black
|-damage|p2a: Kyurem-Black|174\/391
|
|-heal|p2a: Kyurem-Black|198\/391|[from] item: Leftovers
|turn|31
|
|move|p2a: Kyurem-Black|Roost|p2a: Kyurem-Black
|-heal|p2a: Kyurem-Black|391\/391
|move|p1a: Swampert|Earthquake|p2a: Kyurem-Black
|-damage|p2a: Kyurem-Black|214\/391
|
|-heal|p2a: Kyurem-Black|238\/391|[from] item: Leftovers
|turn|32
|
|move|p2a: Kyurem-Black|Roost|p2a: Kyurem-Black
|-heal|p2a: Kyurem-Black|391\/391
|move|p1a: Swampert|Earthquake|p2a: Kyurem-Black
|-damage|p2a: Kyurem-Black|228\/391
|
|-heal|p2a: Kyurem-Black|252\/391|[from] item: Leftovers
|turn|33
|
|move|p2a: Kyurem-Black|Substitute|p2a: Kyurem-Black
|-start|p2a: Kyurem-Black|Substitute
|-damage|p2a: Kyurem-Black|155\/391
|move|p1a: Swampert|Superpower|p2a: Kyurem-Black
|-supereffective|p2a: Kyurem-Black
|-end|p2a: Kyurem-Black|Substitute
|-unboost|p1a: Swampert|atk|1
|-unboost|p1a: Swampert|def|1
|
|-heal|p2a: Kyurem-Black|179\/391|[from] item: Leftovers
|turn|34
|
|switch|p1a: Latias|Latias, F|268\/301
|move|p2a: Kyurem-Black|Substitute|p2a: Kyurem-Black
|-start|p2a: Kyurem-Black|Substitute
|-damage|p2a: Kyurem-Black|82\/391
|
|-heal|p2a: Kyurem-Black|106\/391|[from] item: Leftovers
|turn|35
|
|move|p1a: Latias|Psyshock|p2a: Kyurem-Black
|-end|p2a: Kyurem-Black|Substitute
|-damage|p1a: Latias|238\/301|[from] item: Life Orb
|move|p2a: Kyurem-Black|Ice Beam|p1a: Latias
|-supereffective|p1a: Latias
|-damage|p1a: Latias|10\/301
|
|-heal|p2a: Kyurem-Black|130\/391|[from] item: Leftovers
|turn|36
|
|move|p1a: Latias|Draco Meteor|p2a: Kyurem-Black
|-supereffective|p2a: Kyurem-Black
|-damage|p2a: Kyurem-Black|0 fnt
|-unboost|p1a: Latias|spa|2
|-damage|p1a: Latias|0 fnt|[from] item: Life Orb
|faint|p2a: Kyurem-Black
|faint|p1a: Latias
|
|
|switch|p2a: Rotom-Wash|Rotom-Wash|211\/304
|switch|p1a: Swampert|Swampert-Mega, F|362\/362
|-damage|p2a: Rotom-Wash|173\/304|[from] Stealth Rock
|turn|37
|
|move|p2a: Rotom-Wash|Will-O-Wisp|p1a: Swampert
|-status|p1a: Swampert|brn
|move|p1a: Swampert|Ice Punch|p2a: Rotom-Wash
|-resisted|p2a: Rotom-Wash
|-damage|p2a: Rotom-Wash|158\/304
|
|-heal|p2a: Rotom-Wash|177\/304|[from] item: Leftovers
|-damage|p1a: Swampert|317\/362 brn|[from] brn
|turn|38
|
|move|p2a: Rotom-Wash|Pain Split|p1a: Swampert
|-sethp|p1a: Swampert|247\/362 brn|p2a: Rotom-Wash|247\/304|[from] move: Pain Split
|move|p1a: Swampert|Waterfall|p2a: Rotom-Wash
|-resisted|p2a: Rotom-Wash
|-damage|p2a: Rotom-Wash|223\/304
|
|-heal|p2a: Rotom-Wash|242\/304|[from] item: Leftovers
|-damage|p1a: Swampert|202\/362 brn|[from] brn
|turn|39
|-message|skank13 forfeited.
|
|win|beancount
|raw|Ladder updating...
|leave|skank13
|player|p1
|raw|Ladder (probably) updated, but score could not be retrieved (timeout).
|raw|Ladder (probably) updated, but score could not be retrieved (Error: socket hang up).