|join|Kbre
|join|Altestadores
|player|p1|Kbre|80
|player|p2|Altestadores|286
|gametype|singles
|gen|5
|tier|[Gen 5] OU
|rated
|rule|Evasion Abilities Clause: Evasion abilities are banned
|clearpoke
|poke|p1|Mamoswine, F
|poke|p1|Omastar, M
|poke|p1|Politoed, M, shiny
|poke|p1|Floatzel, M
|poke|p1|Vaporeon, F
|poke|p1|Lapras, F, shiny
|poke|p2|Tyranitar, M
|poke|p2|Gliscor, M
|poke|p2|Salamence, M
|poke|p2|Heatran, M
|poke|p2|Amoonguss, M
|poke|p2|Stoutland, M
|rule|Sleep Clause Mod: Limit one foe put to sleep
|rule|Species Clause: Limit one of each PokÃ©mon
|rule|OHKO Clause: OHKO moves are banned
|rule|Moody Clause: Moody is banned
|rule|Evasion Moves Clause: Evasion moves are banned
|rule|Endless Battle Clause: Forcing endless battles is banned
|rule|HP Percentage Mod: HP is shown in percentages
|teampreview
|
|start
|switch|p1a: Tourqe|Omastar, M|281\/281
|switch|p2a: Tyranitar|Tyranitar, M|379\/379
|-weather|Sandstorm|[from] ability: Sand Stream|[of] p2a: Tyranitar
|turn|1
|
|move|p1a: Tourqe|Spikes|p2a: Tyranitar
|-sidestart|p2: Altestadores|Spikes
|move|p2a: Tyranitar|Superpower|p1a: Tourqe
|-crit|p1a: Tourqe
|-supereffective|p1a: Tourqe
|-enditem|p1a: Tourqe|Focus Sash
|-damage|p1a: Tourqe|1\/281
|-boost|p1a: Tourqe|spe|1|[from] ability: Weak Armor
|-unboost|p1a: Tourqe|def|1|[from] ability: Weak Armor
|-unboost|p2a: Tyranitar|atk|1
|-unboost|p2a: Tyranitar|def|1
|
|-weather|Sandstorm|[upkeep]
|turn|2
|
|move|p1a: Tourqe|Spikes|p2a: Tyranitar
|-sidestart|p2: Altestadores|Spikes
|move|p2a: Tyranitar|Superpower|p1a: Tourqe
|-supereffective|p1a: Tourqe
|-damage|p1a: Tourqe|0 fnt
|-unboost|p2a: Tyranitar|atk|1
|-unboost|p2a: Tyranitar|def|1
|faint|p1a: Tourqe
|
|-weather|Sandstorm|[upkeep]
|
|switch|p1a: Mammie|Mamoswine, F|361\/361
|turn|3
|
|switch|p2a: Gliscor|Gliscor, M|352\/352
|move|p1a: Mammie|Stealth Rock|p2a: Gliscor
|-sidestart|p2: Altestadores|move: Stealth Rock
|
|-weather|Sandstorm|[upkeep]
|-status|p2a: Gliscor|tox|[from] item: Toxic Orb
|turn|4
|
|move|p1a: Mammie|Ice Shard|p2a: Gliscor
|-supereffective|p2a: Gliscor
|-damage|p2a: Gliscor|136\/352 tox
|move|p2a: Gliscor|Earthquake|p1a: Mammie
|-damage|p1a: Mammie|217\/361
|
|-weather|Sandstorm|[upkeep]
|-heal|p2a: Gliscor|180\/352 tox|[from] ability: Poison Heal
|turn|5
|
|move|p1a: Mammie|Ice Shard|p2a: Gliscor
|-supereffective|p2a: Gliscor
|-damage|p2a: Gliscor|0 fnt
|faint|p2a: Gliscor
|
|-weather|Sandstorm|[upkeep]
|
|switch|p2a: Stoutland|Stoutland, M|311\/311
|-damage|p2a: Stoutland|273\/311|[from] Stealth Rock
|-damage|p2a: Stoutland|222\/311|[from] Spikes
|turn|6
|
|move|p2a: Stoutland|Return|p1a: Mammie
|-damage|p1a: Mammie|0 fnt
|faint|p1a: Mammie
|
|-weather|Sandstorm|[upkeep]
|
|switch|p1a: Slippy|Politoed, M, shiny|384\/384
|-weather|RainDance|[from] ability: Drizzle|[of] p1a: Slippy
|turn|7
|
|switch|p2a: Amoonguss|Amoonguss, M|432\/432
|-damage|p2a: Amoonguss|360\/432|[from] Spikes
|-damage|p2a: Amoonguss|306\/432|[from] Stealth Rock
|move|p1a: Slippy|Protect|p1a: Slippy
|-fail|p1a: Slippy
|
|-weather|RainDance|[upkeep]
|-heal|p2a: Amoonguss|333\/432|[from] item: Black Sludge
|turn|8
|
|switch|p1a: Azure|Floatzel, M|371\/371
|move|p2a: Amoonguss|Giga Drain|p1a: Azure
|-supereffective|p1a: Azure
|-damage|p1a: Azure|75\/371
|-heal|p2a: Amoonguss|432\/432|[from] drain|[of] p1a: Azure
|
|-weather|RainDance|[upkeep]
|turn|9
|
|switch|p2a: Tyranitar|Tyranitar, M|379\/379
|-damage|p2a: Tyranitar|316\/379|[from] Spikes
|-damage|p2a: Tyranitar|269\/379|[from] Stealth Rock
|-weather|Sandstorm|[from] ability: Sand Stream|[of] p2a: Tyranitar
|move|p1a: Azure|Ice Punch|p2a: Tyranitar
|-damage|p2a: Tyranitar|161\/379
|-damage|p1a: Azure|38\/371|[from] item: Life Orb
|
|-weather|Sandstorm|[upkeep]
|-damage|p1a: Azure|15\/371|[from] sandstorm
|turn|10
|
|switch|p2a: Amoonguss|Amoonguss, M|432\/432
|-damage|p2a: Amoonguss|378\/432|[from] Stealth Rock
|-damage|p2a: Amoonguss|306\/432|[from] Spikes
|move|p1a: Azure|Brick Break|p2a: Amoonguss
|-resisted|p2a: Amoonguss
|-damage|p2a: Amoonguss|238\/432
|-damage|p1a: Azure|0 fnt|[from] item: Life Orb
|faint|p1a: Azure
|
|-weather|Sandstorm|[upkeep]
|-damage|p2a: Amoonguss|211\/432|[from] sandstorm
|-heal|p2a: Amoonguss|238\/432|[from] item: Black Sludge
|
|switch|p1a: Slippy|Politoed, M, shiny|384\/384
|-weather|RainDance|[from] ability: Drizzle|[of] p1a: Slippy
|turn|11
|
|switch|p1a: Fantasia|Lapras, F, shiny|464\/464
|move|p2a: Amoonguss|Giga Drain|p1a: Fantasia
|-supereffective|p1a: Fantasia
|-damage|p1a: Fantasia|348\/464
|-heal|p2a: Amoonguss|296\/432|[from] drain|[of] p1a: Fantasia
|
|-weather|RainDance|[upkeep]
|-heal|p2a: Amoonguss|323\/432|[from] item: Black Sludge
|turn|12
|
|move|p1a: Fantasia|Whirlpool|p2a: Amoonguss
|-resisted|p2a: Amoonguss
|-damage|p2a: Amoonguss|299\/432
|-activate|p2a: Amoonguss|move: Whirlpool|[of] p1a: Fantasia
|move|p2a: Amoonguss|Giga Drain|p1a: Fantasia
|-supereffective|p1a: Fantasia
|-damage|p1a: Fantasia|228\/464
|-heal|p2a: Amoonguss|359\/432|[from] drain|[of] p1a: Fantasia
|
|-weather|RainDance|[upkeep]
|-heal|p2a: Amoonguss|386\/432|[from] item: Black Sludge
|-damage|p2a: Amoonguss|359\/432|[from] move: Whirlpool|[partiallytrapped]
|turn|13
|
|move|p1a: Fantasia|Perish Song|p1a: Fantasia
|-fieldactivate|move: Perish Song
|move|p2a: Amoonguss|Giga Drain|p1a: Fantasia
|-supereffective|p1a: Fantasia
|-damage|p1a: Fantasia|108\/464
|-heal|p2a: Amoonguss|419\/432|[from] drain|[of] p1a: Fantasia
|
|-start|p1a: Fantasia|perish3
|-start|p2a: Amoonguss|perish3
|-weather|RainDance|[upkeep]
|-heal|p2a: Amoonguss|432\/432|[from] item: Black Sludge
|-damage|p2a: Amoonguss|405\/432|[from] move: Whirlpool|[partiallytrapped]
|turn|14
|
|move|p1a: Fantasia|Rest|p1a: Fantasia
|-status|p1a: Fantasia|slp
|-heal|p1a: Fantasia|464\/464 slp|[silent]
|-status|p1a: Fantasia|slp|[from] move: Rest
|move|p2a: Amoonguss|Giga Drain|p1a: Fantasia
|-supereffective|p1a: Fantasia
|-damage|p1a: Fantasia|344\/464 slp
|-heal|p2a: Amoonguss|432\/432|[from] drain|[of] p1a: Fantasia
|
|-start|p1a: Fantasia|perish2
|-start|p2a: Amoonguss|perish2
|-weather|RainDance|[upkeep]
|-curestatus|p1a: Fantasia|slp
|-damage|p2a: Amoonguss|405\/432|[from] move: Whirlpool|[partiallytrapped]
|turn|15
|
|move|p1a: Fantasia|Rest|p1a: Fantasia
|-status|p1a: Fantasia|slp
|-heal|p1a: Fantasia|464\/464 slp|[silent]
|-status|p1a: Fantasia|slp|[from] move: Rest
|move|p2a: Amoonguss|Giga Drain|p1a: Fantasia
|-supereffective|p1a: Fantasia
|-damage|p1a: Fantasia|344\/464 slp
|-heal|p2a: Amoonguss|432\/432|[from] drain|[of] p1a: Fantasia
|
|-start|p1a: Fantasia|perish1
|-start|p2a: Amoonguss|perish1
|-weather|RainDance|[upkeep]
|-curestatus|p1a: Fantasia|slp
|-damage|p2a: Amoonguss|405\/432|[from] move: Whirlpool|[partiallytrapped]
|turn|16
|
|switch|p1a: Aqua|Vaporeon, F|401\/401
|move|p2a: Amoonguss|Giga Drain|p1a: Aqua
|-supereffective|p1a: Aqua
|-damage|p1a: Aqua|231\/401
|-heal|p2a: Amoonguss|432\/432|[from] drain|[of] p1a: Aqua
|
|-start|p2a: Amoonguss|perish0
|-weather|RainDance|[upkeep]
|faint|p2a: Amoonguss
|
|switch|p2a: Tyranitar|Tyranitar, M|161\/379
|-damage|p2a: Tyranitar|114\/379|[from] Stealth Rock
|-damage|p2a: Tyranitar|51\/379|[from] Spikes
|-weather|Sandstorm|[from] ability: Sand Stream|[of] p2a: Tyranitar
|turn|17
|
|move|p2a: Tyranitar|Crunch|p1a: Aqua
|-damage|p1a: Aqua|0 fnt
|faint|p1a: Aqua
|
|-weather|Sandstorm|[upkeep]
|
|switch|p1a: Slippy|Politoed, M, shiny|384\/384
|-weather|RainDance|[from] ability: Drizzle|[of] p1a: Slippy
|turn|18
|
|move|p2a: Tyranitar|Crunch|p1a: Slippy
|-damage|p1a: Slippy|177\/384
|move|p1a: Slippy|Scald|p2a: Tyranitar
|-supereffective|p2a: Tyranitar
|-damage|p2a: Tyranitar|0 fnt
|faint|p2a: Tyranitar
|
|-weather|RainDance|[upkeep]
|-heal|p1a: Slippy|201\/384|[from] item: Leftovers
|
|switch|p2a: Salamence|Salamence, M|331\/331
|-damage|p2a: Salamence|249\/331|[from] Stealth Rock
|-ability|p2a: Salamence|Intimidate|[of] p1a: Slippy
|-unboost|p1a: Slippy|atk|1
|turn|19
|
|move|p1a: Slippy|Protect|p1a: Slippy
|-singleturn|p1a: Slippy|Protect
|move|p2a: Salamence|Outrage|p1a: Slippy
|-activate|p1a: Slippy|Protect
|
|-weather|RainDance|[upkeep]
|-heal|p1a: Slippy|225\/384|[from] item: Leftovers
|turn|20
|
|move|p2a: Salamence|Outrage|p1a: Slippy
|-damage|p1a: Slippy|7\/384
|-damage|p2a: Salamence|216\/331|[from] item: Life Orb
|move|p1a: Slippy|Toxic|p2a: Salamence
|-status|p2a: Salamence|tox
|
|-weather|RainDance|[upkeep]
|-heal|p1a: Slippy|31\/384|[from] item: Leftovers
|-damage|p2a: Salamence|196\/331 tox|[from] psn
|turn|21
|
|move|p1a: Slippy|Protect|p1a: Slippy
|-singleturn|p1a: Slippy|Protect
|move|p2a: Salamence|Outrage|p1a: Slippy
|-activate|p1a: Slippy|Protect
|
|-end|p2a: Salamence|rampage
|-start|p2a: Salamence|confusion
|-weather|RainDance|[upkeep]
|-heal|p1a: Slippy|55\/384|[from] item: Leftovers
|-damage|p2a: Salamence|156\/331 tox|[from] psn
|turn|22
|
|switch|p2a: Heatran|Heatran, M|385\/385
|-damage|p2a: Heatran|321\/385|[from] Spikes
|-damage|p2a: Heatran|273\/385|[from] Stealth Rock
|switch|p1a: Fantasia|Lapras, F, shiny|344\/464
|
|-weather|RainDance|[upkeep]
|-heal|p2a: Heatran|297\/385|[from] item: Leftovers
|turn|23
|
|move|p2a: Heatran|Stealth Rock|p1a: Fantasia
|-sidestart|p1: Kbre|move: Stealth Rock
|move|p1a: Fantasia|Whirlpool|p2a: Heatran
|-supereffective|p2a: Heatran
|-damage|p2a: Heatran|217\/385
|-activate|p2a: Heatran|move: Whirlpool|[of] p1a: Fantasia
|
|-weather|RainDance|[upkeep]
|-heal|p2a: Heatran|241\/385|[from] item: Leftovers
|-damage|p2a: Heatran|217\/385|[from] move: Whirlpool|[partiallytrapped]
|turn|24
|
|move|p2a: Heatran|Earth Power|p1a: Fantasia
|-damage|p1a: Fantasia|283\/464
|-unboost|p1a: Fantasia|spd|1
|move|p1a: Fantasia|Whirlpool|p2a: Heatran
|-supereffective|p2a: Heatran
|-damage|p2a: Heatran|143\/385
|
|-weather|RainDance|[upkeep]
|-heal|p2a: Heatran|167\/385|[from] item: Leftovers
|-damage|p2a: Heatran|143\/385|[from] move: Whirlpool|[partiallytrapped]
|turn|25
|
|move|p2a: Heatran|Earth Power|p1a: Fantasia
|-damage|p1a: Fantasia|177\/464
|move|p1a: Fantasia|Whirlpool|p2a: Heatran
|-supereffective|p2a: Heatran
|-damage|p2a: Heatran|63\/385
|
|-weather|RainDance|[upkeep]
|-heal|p2a: Heatran|87\/385|[from] item: Leftovers
|-damage|p2a: Heatran|63\/385|[from] move: Whirlpool|[partiallytrapped]
|turn|26
|
|move|p2a: Heatran|Earth Power|p1a: Fantasia
|-damage|p1a: Fantasia|72\/464
|move|p1a: Fantasia|Rest|p1a: Fantasia
|-status|p1a: Fantasia|slp
|-heal|p1a: Fantasia|464\/464 slp|[silent]
|-status|p1a: Fantasia|slp|[from] move: Rest
|
|-weather|RainDance|[upkeep]
|-heal|p2a: Heatran|87\/385|[from] item: Leftovers
|-curestatus|p1a: Fantasia|slp
|-damage|p2a: Heatran|63\/385|[from] move: Whirlpool|[partiallytrapped]
|turn|27
|
|move|p2a: Heatran|Earth Power|p1a: Fantasia
|-damage|p1a: Fantasia|358\/464
|-unboost|p1a: Fantasia|spd|1
|move|p1a: Fantasia|Whirlpool|p2a: Heatran
|-crit|p2a: Heatran
|-supereffective|p2a: Heatran
|-damage|p2a: Heatran|0 fnt
|faint|p2a: Heatran
|
|-weather|RainDance|[upkeep]
|
|switch|p2a: Stoutland|Stoutland, M|222\/311
|-damage|p2a: Stoutland|184\/311|[from] Stealth Rock
|-damage|p2a: Stoutland|133\/311|[from] Spikes
|turn|28
|
|move|p2a: Stoutland|Wild Charge|p1a: Fantasia
|-supereffective|p1a: Fantasia
|-damage|p1a: Fantasia|30\/464
|-damage|p2a: Stoutland|51\/311|[from] recoil|[of] p1a: Fantasia
|move|p1a: Fantasia|Whirlpool|p2a: Stoutland
|-damage|p2a: Stoutland|0 fnt
|faint|p2a: Stoutland
|
|-weather|RainDance|[upkeep]
|
|switch|p2a: Salamence|Salamence, M|156\/331 tox
|-damage|p2a: Salamence|74\/331 tox|[from] Stealth Rock
|-ability|p2a: Salamence|Intimidate|[of] p1a: Fantasia
|-unboost|p1a: Fantasia|atk|1
|turn|29
|
|move|p2a: Salamence|Earthquake|p1a: Fantasia
|-damage|p1a: Fantasia|0 fnt
|-damage|p2a: Salamence|41\/331 tox|[from] item: Life Orb
|faint|p1a: Fantasia
|
|-weather|RainDance|[upkeep]
|-damage|p2a: Salamence|21\/331 tox|[from] psn
|c|âKbre|gg
|
|switch|p1a: Slippy|Politoed, M, shiny|55\/384
|-damage|p1a: Slippy|7\/384|[from] Stealth Rock
|turn|30
|c|âAltestadores|not really
|c|âAltestadores|it was stupid as fuck man
|
|move|p1a: Slippy|Protect|p1a: Slippy
|-singleturn|p1a: Slippy|Protect
|move|p2a: Salamence|Earthquake|p1a: Slippy
|-activate|p1a: Slippy|Protect
|
|-weather|RainDance|[upkeep]
|-heal|p1a: Slippy|31\/384|[from] item: Leftovers
|-damage|p2a: Salamence|0 fnt|[from] psn
|faint|p2a: Salamence
|
|win|Kbre
|raw|Ladder updating...
|raw|Kbre's rating: 1000 &rarr; <strong>1054<\/strong><br \/>(+54 for winning)
|raw|Altestadores's rating: 1131 &rarr; <strong>1097<\/strong><br \/>(-34 for losing)
|c|âKbre|I thought stealth rock was gonna kill me
|c|âAltestadores|yeah
|c|âAltestadores|prolly cuz u terribad
|leave|Altestadores
|player|p2
|c|âKbre|this is an experrimental team