|join|Altestadores
|join|FNH
|player|p1|Altestadores|286
|player|p2|FNH|24
|gametype|singles
|gen|5
|tier|[Gen 5] OU
|rule|Evasion Abilities Clause: Evasion abilities are banned
|clearpoke
|poke|p1|Tyranitar, M
|poke|p1|Landorus-Therian, M
|poke|p1|Mew
|poke|p1|Ferrothorn, M
|poke|p1|Starmie
|poke|p1|Volcarona, M
|poke|p2|Breloom, M
|poke|p2|Keldeo
|poke|p2|Garchomp, F
|poke|p2|Jirachi
|poke|p2|Latios, M
|poke|p2|Weavile, M
|rule|Sleep Clause Mod: Limit one foe put to sleep
|rule|Species Clause: Limit one of each PokÃ©mon
|rule|OHKO Clause: OHKO moves are banned
|rule|Moody Clause: Moody is banned
|rule|Evasion Moves Clause: Evasion moves are banned
|rule|Endless Battle Clause: Forcing endless battles is banned
|rule|HP Percentage Mod: HP is shown in percentages
|teampreview
|c|âAltestadores|hf
|c|âFNH|you too
|
|start
|switch|p1a: Mew|Mew|397\/397
|switch|p2a: Garchomp|Garchomp, F|357\/357
|turn|1
|c|âFNH|and gl
|
|move|p2a: Garchomp|Earthquake|p1a: Mew
|-damage|p1a: Mew|210\/397
|-damage|p2a: Garchomp|322\/357|[from] item: Life Orb
|move|p1a: Mew|Will-O-Wisp|p2a: Garchomp
|-status|p2a: Garchomp|brn
|
|-heal|p1a: Mew|234\/397|[from] item: Leftovers
|-damage|p2a: Garchomp|278\/357 brn|[from] brn
|turn|2
|
|move|p2a: Garchomp|Earthquake|p1a: Mew
|-damage|p1a: Mew|143\/397
|-damage|p2a: Garchomp|243\/357 brn|[from] item: Life Orb
|move|p1a: Mew|Soft-Boiled|p1a: Mew
|-heal|p1a: Mew|342\/397
|
|-heal|p1a: Mew|366\/397|[from] item: Leftovers
|-damage|p2a: Garchomp|199\/357 brn|[from] brn
|turn|3
|
|switch|p2a: Keldeo|Keldeo|350\/350
|switch|p1a: Landorus-Therian|Landorus-Therian, M|325\/325
|-ability|p1a: Landorus-Therian|Intimidate|[of] p2a: Keldeo
|-unboost|p2a: Keldeo|atk|1
|
|turn|4
|
|switch|p1a: Ferrothorn|Ferrothorn, M|352\/352
|move|p2a: Keldeo|Calm Mind|p2a: Keldeo
|-boost|p2a: Keldeo|spa|1
|-boost|p2a: Keldeo|spd|1
|
|turn|5
|
|switch|p1a: Starmie|Starmie|320\/320
|move|p2a: Keldeo|Secret Sword|p1a: Starmie
|-resisted|p1a: Starmie
|-damage|p1a: Starmie|214\/320
|
|-heal|p1a: Starmie|234\/320|[from] item: Leftovers
|turn|6
|
|move|p1a: Starmie|Scald|p2a: Keldeo
|-resisted|p2a: Keldeo
|-damage|p2a: Keldeo|319\/350
|move|p2a: Keldeo|Secret Sword|p1a: Starmie
|-resisted|p1a: Starmie
|-damage|p1a: Starmie|129\/320
|
|-heal|p1a: Starmie|149\/320|[from] item: Leftovers
|-heal|p2a: Keldeo|340\/350|[from] item: Leftovers
|turn|7
|
|move|p1a: Starmie|Recover|p1a: Starmie
|-heal|p1a: Starmie|309\/320
|move|p2a: Keldeo|Secret Sword|p1a: Starmie
|-resisted|p1a: Starmie
|-damage|p1a: Starmie|205\/320
|
|-heal|p1a: Starmie|225\/320|[from] item: Leftovers
|-heal|p2a: Keldeo|350\/350|[from] item: Leftovers
|turn|8
|
|move|p1a: Starmie|Scald|p2a: Keldeo
|-resisted|p2a: Keldeo
|-damage|p2a: Keldeo|316\/350
|move|p2a: Keldeo|Substitute|p2a: Keldeo
|-start|p2a: Keldeo|Substitute
|-damage|p2a: Keldeo|229\/350
|
|-heal|p1a: Starmie|245\/320|[from] item: Leftovers
|-heal|p2a: Keldeo|250\/350|[from] item: Leftovers
|turn|9
|
|move|p1a: Starmie|Scald|p2a: Keldeo
|-resisted|p2a: Keldeo
|-activate|p2a: Keldeo|Substitute|[damage]
|move|p2a: Keldeo|Calm Mind|p2a: Keldeo
|-boost|p2a: Keldeo|spa|1
|-boost|p2a: Keldeo|spd|1
|
|-heal|p1a: Starmie|265\/320|[from] item: Leftovers
|-heal|p2a: Keldeo|271\/350|[from] item: Leftovers
|turn|10
|
|move|p1a: Starmie|Scald|p2a: Keldeo
|-resisted|p2a: Keldeo
|-activate|p2a: Keldeo|Substitute|[damage]
|move|p2a: Keldeo|Calm Mind|p2a: Keldeo
|-boost|p2a: Keldeo|spa|1
|-boost|p2a: Keldeo|spd|1
|
|-heal|p1a: Starmie|285\/320|[from] item: Leftovers
|-heal|p2a: Keldeo|292\/350|[from] item: Leftovers
|turn|11
|
|move|p1a: Starmie|Scald|p2a: Keldeo
|-resisted|p2a: Keldeo
|-activate|p2a: Keldeo|Substitute|[damage]
|move|p2a: Keldeo|Calm Mind|p2a: Keldeo
|-boost|p2a: Keldeo|spa|1
|-boost|p2a: Keldeo|spd|1
|
|-heal|p1a: Starmie|305\/320|[from] item: Leftovers
|-heal|p2a: Keldeo|313\/350|[from] item: Leftovers
|turn|12
|
|move|p1a: Starmie|Scald|p2a: Keldeo
|-resisted|p2a: Keldeo
|-end|p2a: Keldeo|Substitute
|move|p2a: Keldeo|Secret Sword|p1a: Starmie
|-resisted|p1a: Starmie
|-damage|p1a: Starmie|92\/320
|
|-heal|p1a: Starmie|112\/320|[from] item: Leftovers
|-heal|p2a: Keldeo|334\/350|[from] item: Leftovers
|turn|13
|
|move|p1a: Starmie|Scald|p2a: Keldeo
|-resisted|p2a: Keldeo
|-damage|p2a: Keldeo|315\/350
|move|p2a: Keldeo|Substitute|p2a: Keldeo
|-start|p2a: Keldeo|Substitute
|-damage|p2a: Keldeo|228\/350
|
|-heal|p1a: Starmie|132\/320|[from] item: Leftovers
|-heal|p2a: Keldeo|249\/350|[from] item: Leftovers
|turn|14
|c|âFNH|no burn
|c|âAltestadores|yh
|c|âFNH|yes
|
|move|p1a: Starmie|Scald|p2a: Keldeo
|-resisted|p2a: Keldeo
|-activate|p2a: Keldeo|Substitute|[damage]
|move|p2a: Keldeo|Secret Sword|p1a: Starmie
|-resisted|p1a: Starmie
|-damage|p1a: Starmie|0 fnt
|faint|p1a: Starmie
|
|-heal|p2a: Keldeo|270\/350|[from] item: Leftovers
|c|âAltestadores|i'm completely wreck by that
|
|switch|p1a: Landorus-Therian|Landorus-Therian, M|325\/325
|-activate|p2a: Keldeo|Substitute|ability: Intimidate|[of] p1a: Landorus-Therian
|turn|15
|
|move|p1a: Landorus-Therian|U-turn|p2a: Keldeo
|-resisted|p2a: Keldeo
|-activate|p2a: Keldeo|Substitute|[damage]
|
|switch|p1a: Tyranitar|Tyranitar, M|404\/404
|-weather|Sandstorm|[from] ability: Sand Stream|[of] p1a: Tyranitar
|move|p2a: Keldeo|Hydro Pump|p1a: Tyranitar
|-supereffective|p1a: Tyranitar
|-damage|p1a: Tyranitar|0 fnt
|faint|p1a: Tyranitar
|
|-weather|Sandstorm|[upkeep]
|-damage|p2a: Keldeo|249\/350|[from] sandstorm
|-heal|p2a: Keldeo|270\/350|[from] item: Leftovers
|
|switch|p1a: Landorus-Therian|Landorus-Therian, M|325\/325
|-activate|p2a: Keldeo|Substitute|ability: Intimidate|[of] p1a: Landorus-Therian
|turn|16
|c|âFNH|yeah
|c|âFNH|sand ruins recover
|
|move|p1a: Landorus-Therian|U-turn|p2a: Keldeo
|-resisted|p2a: Keldeo
|-end|p2a: Keldeo|Substitute
|
|switch|p1a: Ferrothorn|Ferrothorn, M|352\/352
|move|p2a: Keldeo|Hydro Pump|p1a: Ferrothorn
|-resisted|p1a: Ferrothorn
|-damage|p1a: Ferrothorn|139\/352
|
|-weather|Sandstorm|[upkeep]
|-damage|p2a: Keldeo|249\/350|[from] sandstorm
|-heal|p2a: Keldeo|270\/350|[from] item: Leftovers
|-heal|p1a: Ferrothorn|161\/352|[from] item: Leftovers
|turn|17
|
|move|p2a: Keldeo|Hydro Pump|p1a: Ferrothorn
|-resisted|p1a: Ferrothorn
|-damage|p1a: Ferrothorn|0 fnt
|faint|p1a: Ferrothorn
|
|-weather|Sandstorm|[upkeep]
|-damage|p2a: Keldeo|249\/350|[from] sandstorm
|-heal|p2a: Keldeo|270\/350|[from] item: Leftovers
|
|switch|p1a: Landorus-Therian|Landorus-Therian, M|325\/325
|-ability|p1a: Landorus-Therian|Intimidate|[of] p2a: Keldeo
|-unboost|p2a: Keldeo|atk|1
|turn|18
|
|move|p1a: Landorus-Therian|Earthquake|p2a: Keldeo
|-damage|p2a: Keldeo|44\/350
|move|p2a: Keldeo|Hydro Pump|p1a: Landorus-Therian
|-supereffective|p1a: Landorus-Therian
|-damage|p1a: Landorus-Therian|0 fnt
|faint|p1a: Landorus-Therian
|
|-weather|Sandstorm|[upkeep]
|-damage|p2a: Keldeo|23\/350|[from] sandstorm
|-heal|p2a: Keldeo|44\/350|[from] item: Leftovers
|
|switch|p1a: Volcarona|Volcarona, M|341\/341
|turn|19
|
|move|p2a: Keldeo|Hydro Pump|p1a: Volcarona|[miss]
|-miss|p2a: Keldeo|p1a: Volcarona
|move|p1a: Volcarona|Quiver Dance|p1a: Volcarona
|-boost|p1a: Volcarona|spa|1
|-boost|p1a: Volcarona|spd|1
|-boost|p1a: Volcarona|spe|1
|
|-weather|Sandstorm|[upkeep]
|-damage|p1a: Volcarona|320\/341|[from] sandstorm
|-damage|p2a: Keldeo|23\/350|[from] sandstorm
|-heal|p2a: Keldeo|44\/350|[from] item: Leftovers
|turn|20
|
|move|p1a: Volcarona|Giga Drain|p2a: Keldeo
|-supereffective|p2a: Keldeo
|-damage|p2a: Keldeo|0 fnt
|-heal|p1a: Volcarona|341\/341|[from] drain|[of] p2a: Keldeo
|faint|p2a: Keldeo
|
|-weather|Sandstorm|[upkeep]
|-damage|p1a: Volcarona|320\/341|[from] sandstorm
|
|switch|p2a: Latios|Latios, M|301\/301
|turn|21
|c|âFNH|i have a q
|c|âFNH|psychock? or draco
|c|âFNH|or surf
|c|âFNH|i need ot know from a learners stand point
|c|âAltestadores|depending on what i am doing, if i switch, you should use DM, if not, use psyshock
|c|âAltestadores|surf isnt a good move here
|c|âFNH|okay
|
|move|p2a: Latios|Draco Meteor|p1a: Volcarona
|-crit|p1a: Volcarona
|-damage|p1a: Volcarona|0 fnt
|-unboost|p2a: Latios|spa|2
|faint|p1a: Volcarona
|
|-weather|Sandstorm|[upkeep]
|-damage|p2a: Latios|283\/301|[from] sandstorm
|c|âFNH|and a crit
|
|switch|p1a: Mew|Mew|366\/397
|turn|22
|c|âFNH|would i have koed?
|
|move|p2a: Latios|Draco Meteor|p1a: Mew
|-damage|p1a: Mew|248\/397
|-unboost|p2a: Latios|spa|2
|move|p1a: Mew|Soft-Boiled|p1a: Mew
|-heal|p1a: Mew|397\/397
|
|-weather|Sandstorm|[upkeep]
|-damage|p2a: Latios|265\/301|[from] sandstorm
|-damage|p1a: Mew|373\/397|[from] sandstorm
|-heal|p1a: Mew|397\/397|[from] item: Leftovers
|turn|23
|c|âAltestadores|idk
|
|switch|p2a: Jirachi|Jirachi|383\/383
|move|p1a: Mew|Soft-Boiled|p1a: Mew
|-fail|p1a: Mew
|
|-weather|Sandstorm|[upkeep]
|-damage|p1a: Mew|373\/397|[from] sandstorm
|-heal|p1a: Mew|397\/397|[from] item: Leftovers
|turn|24
|
|move|p2a: Jirachi|Calm Mind|p2a: Jirachi
|-boost|p2a: Jirachi|spa|1
|-boost|p2a: Jirachi|spd|1
|move|p1a: Mew|Taunt|p2a: Jirachi
|-start|p2a: Jirachi|move: Taunt
|
|-weather|Sandstorm|[upkeep]
|-damage|p1a: Mew|373\/397|[from] sandstorm
|-heal|p1a: Mew|397\/397|[from] item: Leftovers
|turn|25
|c|âFNH|idk why he is in
|
|move|p2a: Jirachi|Thunderbolt|p1a: Mew
|-damage|p1a: Mew|267\/397
|-status|p1a: Mew|par
|-status|p2a: Jirachi|par
|move|p1a: Mew|Will-O-Wisp|p2a: Jirachi
|-fail|p2a: Jirachi
|
|-weather|Sandstorm|[upkeep]
|-damage|p1a: Mew|243\/397 par|[from] sandstorm
|-heal|p1a: Mew|267\/397 par|[from] item: Leftovers
|turn|26
|c|âFNH|:(
|
|move|p2a: Jirachi|Thunderbolt|p1a: Mew
|-damage|p1a: Mew|142\/397 par
|move|p1a: Mew|Soft-Boiled|p1a: Mew
|-heal|p1a: Mew|341\/397 par
|
|-weather|Sandstorm|[upkeep]
|-damage|p1a: Mew|317\/397 par|[from] sandstorm
|-heal|p1a: Mew|341\/397 par|[from] item: Leftovers
|turn|27
|c|âAltestadores|anyway i choked against keldeo, i should have set up sand way earlier
|
|cant|p2a: Jirachi|par
|move|p1a: Mew|Soft-Boiled|p1a: Mew
|-heal|p1a: Mew|397\/397 par
|
|-weather|Sandstorm|[upkeep]
|-damage|p1a: Mew|373\/397 par|[from] sandstorm
|-heal|p1a: Mew|397\/397 par|[from] item: Leftovers
|-end|p2a: Jirachi|move: Taunt
|turn|28
|c|âFNH|yeah it ruins recovery
|
|move|p2a: Jirachi|Calm Mind|p2a: Jirachi
|-boost|p2a: Jirachi|spa|1
|-boost|p2a: Jirachi|spd|1
|move|p1a: Mew|Ice Beam|p2a: Jirachi
|-resisted|p2a: Jirachi
|-damage|p2a: Jirachi|364\/383 par
|
|-weather|Sandstorm|[upkeep]
|-damage|p1a: Mew|373\/397 par|[from] sandstorm
|-heal|p2a: Jirachi|383\/383 par|[from] item: Leftovers
|-heal|p1a: Mew|397\/397 par|[from] item: Leftovers
|turn|29
|
|move|p2a: Jirachi|Calm Mind|p2a: Jirachi
|-boost|p2a: Jirachi|spa|1
|-boost|p2a: Jirachi|spd|1
|move|p1a: Mew|Ice Beam|p2a: Jirachi
|-resisted|p2a: Jirachi
|-damage|p2a: Jirachi|369\/383 par
|
|-weather|Sandstorm|[upkeep]
|-damage|p1a: Mew|373\/397 par|[from] sandstorm
|-heal|p2a: Jirachi|383\/383 par|[from] item: Leftovers
|-heal|p1a: Mew|397\/397 par|[from] item: Leftovers
|turn|30
|
|cant|p2a: Jirachi|par
|move|p1a: Mew|Ice Beam|p2a: Jirachi
|-crit|p2a: Jirachi
|-resisted|p2a: Jirachi
|-damage|p2a: Jirachi|302\/383 par
|
|-weather|Sandstorm|[upkeep]
|-damage|p1a: Mew|373\/397 par|[from] sandstorm
|-heal|p2a: Jirachi|325\/383 par|[from] item: Leftovers
|-heal|p1a: Mew|397\/397 par|[from] item: Leftovers
|turn|31
|
|move|p2a: Jirachi|Thunderbolt|p1a: Mew
|-damage|p1a: Mew|203\/397 par
|move|p1a: Mew|Ice Beam|p2a: Jirachi
|-resisted|p2a: Jirachi
|-damage|p2a: Jirachi|310\/383 par
|
|-weather|Sandstorm|[upkeep]
|-damage|p1a: Mew|179\/397 par|[from] sandstorm
|-heal|p2a: Jirachi|333\/383 par|[from] item: Leftovers
|-heal|p1a: Mew|203\/397 par|[from] item: Leftovers
|turn|32
|c|âFNH|i think this team potential
|
|move|p2a: Jirachi|Thunderbolt|p1a: Mew
|-damage|p1a: Mew|2\/397 par
|move|p1a: Mew|Ice Beam|p2a: Jirachi
|-resisted|p2a: Jirachi
|-damage|p2a: Jirachi|318\/383 par
|
|-weather|Sandstorm|[upkeep]
|-damage|p1a: Mew|0 fnt|[from] sandstorm
|-heal|p2a: Jirachi|341\/383 par|[from] item: Leftovers
|faint|p1a: Mew
|
|win|FNH
|c|âAltestadores|g_g
|c|âFNH|gg
|c|âFNH|thanks
|leave|Altestadores
|player|p1
|c|âFNH|can i save replay