|join|Altestadores
|join|eylee
|player|p1|Altestadores|286
|player|p2|eylee|264
|gametype|singles
|gen|6
|tier|OU
|rated
|clearpoke
|poke|p1|Garchomp, M
|poke|p1|Bisharp, M, shiny
|poke|p1|Azumarill, M
|poke|p1|Landorus, M
|poke|p1|Thundurus, M
|poke|p1|Blastoise, M
|poke|p2|Gothitelle, F
|poke|p2|Politoed, F
|poke|p2|Kabutops, M
|poke|p2|Swampert, F
|poke|p2|Tornadus-Therian, M
|poke|p2|Greninja, M
|rule|Swagger Clause: Swagger is banned
|rule|Baton Pass Clause: Limit one PokÃ©mon knowing Baton Pass
|rule|Sleep Clause Mod: Limit one foe put to sleep
|rule|Species Clause: Limit one of each PokÃ©mon
|rule|OHKO Clause: OHKO moves are banned
|rule|Moody Clause: Moody is banned
|rule|Evasion Moves Clause: Evasion moves are banned
|rule|Endless Battle Clause: Forcing endless battles is banned
|rule|HP Percentage Mod: HP is shown in percentages
|teampreview
|join|El-Soldier
|c| El-Soldier|oo
|c|âeylee|what
|
|start
|switch|p1a: Garchomp|Garchomp, M|361\/361
|switch|p2a: Politoed|Politoed, F|384\/384
|-weather|RainDance
|turn|1
|
|move|p1a: Garchomp|Stealth Rock|p2a: Politoed
|-sidestart|p2: eylee|move: Stealth Rock
|move|p2a: Politoed|Ice Beam|p1a: Garchomp
|-supereffective|p1a: Garchomp
|-enditem|p1a: Garchomp|Focus Sash
|-damage|p1a: Garchomp|1\/361
|
|-weather|RainDance|[upkeep]
|turn|2
|
|switch|p2a: Gothitelle|Gothitelle, F|344\/344
|-damage|p2a: Gothitelle|301\/344|[from] Stealth Rock
|move|p1a: Garchomp|Earthquake|p2a: Gothitelle
|-damage|p2a: Gothitelle|93\/344
|
|-weather|RainDance|[upkeep]
|turn|3
|join|Mollete
|
|move|p1a: Garchomp|Earthquake|p2a: Gothitelle
|-damage|p2a: Gothitelle|0 fnt
|faint|p2a: Gothitelle
|
|-weather|RainDance|[upkeep]
|c|âeylee|hurry loser...
|
|switch|p2a: Kabutops|Kabutops, M|262\/262
|-damage|p2a: Kabutops|230\/262|[from] Stealth Rock
|turn|4
|
|move|p2a: Kabutops|Rapid Spin|p1a: Garchomp
|-damage|p1a: Garchomp|0 fnt
|-damage|p2a: Kabutops|198\/262|[from] ability: Rough Skin|[of] p1a: Garchomp
|-sideend|p2: eylee|Stealth Rock|[from] move: Rapid Spin|[of] p2a: Kabutops
|-damage|p2a: Kabutops|172\/262|[from] item: Life Orb
|faint|p1a: Garchomp
|
|-weather|RainDance|[upkeep]
|
|switch|p1a: Azumarill|Azumarill, M|399\/399
|turn|5
|
|move|p1a: Azumarill|Aqua Jet|p2a: Kabutops
|-damage|p2a: Kabutops|52\/262
|move|p2a: Kabutops|Stone Edge|p1a: Azumarill
|-damage|p1a: Azumarill|164\/399
|-damage|p2a: Kabutops|26\/262|[from] item: Life Orb
|
|-weather|RainDance|[upkeep]
|turn|6
|
|move|p2a: Kabutops|Aqua Jet|p1a: Azumarill
|-crit|p1a: Azumarill
|-resisted|p1a: Azumarill
|-damage|p1a: Azumarill|42\/399
|-damage|p2a: Kabutops|0 fnt|[from] item: Life Orb
|faint|p2a: Kabutops
|move|p1a: Azumarill|Aqua Jet|p2: Kabutops|[notarget]
|-notarget
|
|-weather|RainDance|[upkeep]
|
|switch|p2a: Politoed|Politoed, F|384\/384
|turn|7
|
|switch|p1a: Blastoise|Blastoise, M|335\/335
|move|p2a: Politoed|Ice Beam|p1a: Blastoise
|-crit|p1a: Blastoise
|-resisted|p1a: Blastoise
|-damage|p1a: Blastoise|263\/335
|
|-weather|RainDance|[upkeep]
|turn|8
|join|Jared.O
|
|detailschange|p1a: Blastoise|Blastoise-Mega, M
|message|Blastoise has Mega Evolved into Mega Blastoise!
|move|p1a: Blastoise|Dark Pulse|p2a: Politoed
|-crit|p2a: Politoed
|-damage|p2a: Politoed|150\/384
|move|p2a: Politoed|Hydro Pump|p1a: Blastoise
|-resisted|p1a: Blastoise
|-damage|p1a: Blastoise|149\/335
|
|-weather|none
|turn|9
|
|switch|p2a: Greninja|Greninja, M|285\/285
|move|p1a: Blastoise|Dark Pulse|p2a: Greninja
|-resisted|p2a: Greninja
|-damage|p2a: Greninja|184\/285
|
|turn|10
|
|move|p2a: Greninja|Dark Pulse|p1a: Blastoise
|-start|p2a: Greninja|typechange|Dark|[from] Protean
|-damage|p1a: Blastoise|0 fnt
|faint|p1a: Blastoise
|
|
|switch|p1a: Azumarill|Azumarill, M|42\/399
|turn|11
|
|move|p1a: Azumarill|Aqua Jet|p2a: Greninja
|-crit|p2a: Greninja
|-damage|p2a: Greninja|0 fnt
|faint|p2a: Greninja
|
|
|switch|p2a: Swampert|Swampert, F|341\/341
|turn|12
|
|detailschange|p2a: Swampert|Swampert-Mega, F
|message|Swampert has Mega Evolved into Mega Swampert!
|move|p1a: Azumarill|Aqua Jet|p2a: Swampert
|-damage|p2a: Swampert|262\/341
|move|p2a: Swampert|Waterfall|p1a: Azumarill
|-resisted|p1a: Azumarill
|-damage|p1a: Azumarill|0 fnt
|faint|p1a: Azumarill
|
|
|switch|p1a: Landorus|Landorus, M|320\/320
|turn|13
|
|switch|p2a: Politoed|Politoed, F|150\/384
|-weather|RainDance
|move|p1a: Landorus|Psychic|p2a: Politoed
|-damage|p2a: Politoed|0 fnt
|faint|p2a: Politoed
|
|-weather|RainDance|[upkeep]
|
|switch|p2a: Swampert|Swampert-Mega, F|262\/341
|turn|14
|
|move|p2a: Swampert|Waterfall|p1a: Landorus
|-supereffective|p1a: Landorus
|-damage|p1a: Landorus|0 fnt
|faint|p1a: Landorus
|
|-weather|RainDance|[upkeep]
|
|switch|p1a: Bisharp|Bisharp, M, shiny|291\/291
|turn|15
|
|move|p1a: Bisharp|Sucker Punch|p2a: Swampert
|-damage|p2a: Swampert|126\/341
|move|p2a: Swampert|Earthquake|p1a: Bisharp
|-supereffective|p1a: Bisharp
|-damage|p1a: Bisharp|0 fnt
|faint|p1a: Bisharp
|
|-weather|RainDance|[upkeep]
|
|switch|p1a: Thundurus|Thundurus, M|299\/299
|turn|16
|c|âeylee|lsoer
|
|move|p2a: Swampert|Waterfall|p1a: Thundurus
|-damage|p1a: Thundurus|7\/299
|move|p1a: Thundurus|Focus Blast|p2a: Swampert|[miss]
|-miss|p1a: Thundurus|p2a: Swampert
|
|-weather|RainDance|[upkeep]
|turn|17
|c|âeylee|fag
|c|âAltestadores|well
|c|âAltestadores|i choked
|c|âAltestadores|lol
|leave|Mollete
|c|âeylee|okay
|c|âeylee|would you like some porn with that
|c|âeylee|i would recommend this deep throat gagging video
|c|âeylee|since you are obviously into choking
|c|âeylee|theres these two guys
|c|âeylee|do you want it
|c|âeylee|yes or no
|c|âeylee|okay lol like not talking is gonna make you win
|c|âeylee|garbage boi
|c|âeylee|gg loser
|
|move|p2a: Swampert|Waterfall|p1a: Thundurus
|-damage|p1a: Thundurus|0 fnt
|faint|p1a: Thundurus
|
|win|eylee
|raw|Ladder updating...
|raw|Altestadores's rating: 1524 &rarr; <strong>1502<\/strong><br \/>(-22 for losing)
|raw|eylee's rating: 1500 &rarr; <strong>1521<\/strong><br \/>(+21 for winning)
|c|âeylee|fag butt
|c|âeylee|run now
|c|âeylee|bitch cock sucker
|c|âeylee|raped in the anus and destoyed
|c|âAltestadores|you are annoying shitty asshole player talentless
|leave|Altestadores
|player|p1
|leave|El-Soldier