|join|Altestadores
|join|xtraDOLLARshine
|player|p1|Altestadores|286
|player|p2|xtraDOLLARshine|114
|gametype|singles
|gen|6
|tier|OU (suspect test)
|rated
|clearpoke
|poke|p1|Garchomp, M
|poke|p1|Bisharp, M, shiny
|poke|p1|Azumarill, M
|poke|p1|Landorus-Therian, M
|poke|p1|Raikou
|poke|p1|Pidgeot, M
|poke|p2|Landorus, M
|poke|p2|Scizor, F
|poke|p2|Kyurem-Black
|poke|p2|Victini
|poke|p2|Thundurus, M
|poke|p2|Latios, M
|rule|Swagger Clause: Swagger is banned
|rule|Baton Pass Clause: Limit one PokÃ©mon knowing Baton Pass
|rule|Sleep Clause Mod: Limit one foe put to sleep
|rule|Species Clause: Limit one of each PokÃ©mon
|rule|OHKO Clause: OHKO moves are banned
|rule|Moody Clause: Moody is banned
|rule|Evasion Moves Clause: Evasion moves are banned
|rule|Endless Battle Clause: Forcing endless battles is banned
|rule|HP Percentage Mod: HP is shown in percentages
|teampreview
|c|âxtraDOLLARshine|ranking
|c|âxtraDOLLARshine|oopz
|
|start
|switch|p1a: Garchomp|Garchomp, M|361\/361
|switch|p2a: Scizor|Scizor, F|343\/343
|turn|1
|
|detailschange|p2a: Scizor|Scizor-Mega, F
|-mega|p2a: Scizor|Scizor|Scizorite
|move|p1a: Garchomp|Stealth Rock|p2a: Scizor
|-sidestart|p2: xtraDOLLARshine|move: Stealth Rock
|move|p2a: Scizor|U-turn|p1a: Garchomp
|-damage|p1a: Garchomp|241\/361
|-damage|p2a: Scizor|301\/343|[from] ability: Rough Skin|[of] p1a: Garchomp
|
|switch|p2a: Latios|Latios, M|301\/301
|-damage|p2a: Latios|264\/301|[from] Stealth Rock
|
|turn|2
|
|switch|p1a: Azumarill|Azumarill, M|371\/371
|move|p2a: Latios|Dragon Pulse|p1a: Azumarill
|-immune|p1a: Azumarill|[msg]
|
|turn|3
|
|switch|p2a: Scizor|Scizor-Mega, F|301\/343
|-damage|p2a: Scizor|259\/343|[from] Stealth Rock
|move|p1a: Azumarill|Waterfall|p2a: Scizor
|-damage|p2a: Scizor|157\/343
|
|turn|4
|
|switch|p1a: Garchomp|Garchomp, M|241\/361
|move|p2a: Scizor|Roost|p2a: Scizor
|-heal|p2a: Scizor|329\/343
|
|turn|5
|
|move|p1a: Garchomp|Earthquake|p2a: Scizor
|-damage|p2a: Scizor|220\/343
|move|p2a: Scizor|Defog|p1a: Garchomp
|-unboost|p1a: Garchomp|evasion|1
|-sideend|p2: xtraDOLLARshine|Stealth Rock|[from] move: Defog|[of] p2a: Scizor
|
|turn|6
|
|move|p1a: Garchomp|Stealth Rock|p2a: Scizor
|-sidestart|p2: xtraDOLLARshine|move: Stealth Rock
|move|p2a: Scizor|Roost|p2a: Scizor
|-heal|p2a: Scizor|343\/343
|
|turn|7
|
|move|p2a: Scizor|Bullet Punch|p1a: Garchomp
|-damage|p1a: Garchomp|127\/361
|-damage|p2a: Scizor|301\/343|[from] ability: Rough Skin|[of] p1a: Garchomp
|move|p1a: Garchomp|Swords Dance|p1a: Garchomp
|-boost|p1a: Garchomp|atk|2
|
|turn|8
|
|switch|p2a: Latios|Latios, M|264\/301
|-damage|p2a: Latios|227\/301|[from] Stealth Rock
|move|p1a: Garchomp|Earthquake|p2a: Latios
|-immune|p2a: Latios|[msg]
|
|turn|9
|
|switch|p1a: Bisharp|Bisharp, M, shiny|291\/291
|move|p2a: Latios|Psyshock|p1a: Bisharp
|-immune|p1a: Bisharp|[msg]
|
|turn|10
|
|switch|p2a: Scizor|Scizor-Mega, F|301\/343
|-damage|p2a: Scizor|259\/343|[from] Stealth Rock
|move|p1a: Bisharp|Swords Dance|p1a: Bisharp
|-boost|p1a: Bisharp|atk|2
|
|turn|11
|
|move|p1a: Bisharp|Knock Off|p2a: Scizor
|-damage|p2a: Scizor|117\/343
|move|p2a: Scizor|U-turn|p1a: Bisharp
|-damage|p1a: Bisharp|162\/291
|c|âxtraDOLLARshine|ooh
|c|âxtraDOLLARshine|u know what
|c|âxtraDOLLARshine|i forgot a bisharp counter
|c|âxtraDOLLARshine|check
|c|âAltestadores|yh
|
|switch|p2a: Thundurus|Thundurus, M|299\/299
|-damage|p2a: Thundurus|225\/299|[from] Stealth Rock
|
|-heal|p2a: Thundurus|243\/299|[from] item: Leftovers
|turn|12
|
|move|p2a: Thundurus|Thunder Wave|p1a: Bisharp
|-status|p1a: Bisharp|par
|-enditem|p1a: Bisharp|Lum Berry|[eat]
|-curestatus|p1a: Bisharp|par
|move|p1a: Bisharp|Knock Off|p2a: Thundurus
|-damage|p2a: Thundurus|0 fnt
|-enditem|p2a: Thundurus|Leftovers|[from] move: Knock Off|[of] p1a: Bisharp
|faint|p2a: Thundurus
|
|c|âxtraDOLLARshine|rofl
|c|âxtraDOLLARshine|definately
|
|switch|p2a: Landorus|Landorus, M|319\/319
|-damage|p2a: Landorus|280\/319|[from] Stealth Rock
|turn|13
|
|move|p1a: Bisharp|Sucker Punch|p2a: Landorus
|-fail|p2a: Landorus
|move|p2a: Landorus|Stealth Rock|p1a: Bisharp
|-sidestart|p1: Altestadores|move: Stealth Rock
|
|turn|14
|
|move|p1a: Bisharp|Sucker Punch|p2a: Landorus
|-damage|p2a: Landorus|0 fnt
|faint|p2a: Landorus
|
|
|switch|p2a: Kyurem-Black|Kyurem-Black|391\/391
|-damage|p2a: Kyurem-Black|294\/391|[from] Stealth Rock
|-ability|p2a: Kyurem-Black|Teravolt
|turn|15
|
|move|p1a: Bisharp|Sucker Punch|p2a: Kyurem-Black
|-damage|p2a: Kyurem-Black|0 fnt
|faint|p2a: Kyurem-Black
|
|
|switch|p2a: Scizor|Scizor-Mega, F|117\/343
|-damage|p2a: Scizor|75\/343|[from] Stealth Rock
|turn|16
|
|move|p2a: Scizor|Bullet Punch|p1a: Bisharp
|-resisted|p1a: Bisharp
|-damage|p1a: Bisharp|113\/291
|move|p1a: Bisharp|Knock Off|p2a: Scizor
|-damage|p2a: Scizor|0 fnt
|faint|p2a: Scizor
|
|
|switch|p2a: Victini|Victini|341\/341
|-damage|p2a: Victini|256\/341|[from] Stealth Rock
|turn|17
|
|move|p1a: Bisharp|Sucker Punch|p2a: Victini
|-crit|p2a: Victini
|-supereffective|p2a: Victini
|-damage|p2a: Victini|0 fnt
|faint|p2a: Victini
|
|
|switch|p2a: Latios|Latios, M|227\/301
|-damage|p2a: Latios|190\/301|[from] Stealth Rock
|turn|18
|
|move|p1a: Bisharp|Sucker Punch|p2a: Latios
|-fail|p2a: Latios
|move|p2a: Latios|Roost|p2a: Latios
|-heal|p2a: Latios|301\/301
|
|turn|19
|
|move|p1a: Bisharp|Sucker Punch|p2a: Latios
|-supereffective|p2a: Latios
|-damage|p2a: Latios|0 fnt
|faint|p2a: Latios
|
|win|Altestadores
|raw|Ladder updating...
|raw|Altestadores's rating: 1348 &rarr; <strong>1364<\/strong><br \/>(+16 for winning)
|raw|xtraDOLLARshine's rating: 1282 &rarr; <strong>1261<\/strong><br \/>(-21 for losing)
|leave|xtraDOLLARshine
|player|p2