|inactive|Battle timer is ON: inactive players will automatically lose when time's up.
|J|namehtmas
|J|Altestadores
|player|p1|namehtmas|167
|player|p2|Altestadores|286
|gametype|singles
|gen|6
|tier|OU
|clearpoke
|poke|p1|Gengar, F
|poke|p1|Slowbro, F
|poke|p1|Lopunny, M
|poke|p1|Bisharp, F
|poke|p1|Landorus-Therian, M
|poke|p1|Ferrothorn, M
|poke|p2|Garchomp, M
|poke|p2|Bisharp, M, shiny
|poke|p2|Gengar, M
|poke|p2|Landorus-Therian, M
|poke|p2|Serperior, M
|poke|p2|Scizor, M
|rule|Swagger Clause: Swagger is banned
|rule|Baton Pass Clause: Limit one PokÃ©mon knowing Baton Pass
|rule|Sleep Clause Mod: Limit one foe put to sleep
|rule|Species Clause: Limit one of each PokÃ©mon
|rule|OHKO Clause: OHKO moves are banned
|rule|Moody Clause: Moody is banned
|rule|Evasion Moves Clause: Evasion moves are banned
|rule|Endless Battle Clause: Forcing endless battles is banned
|rule|HP Percentage Mod: HP is shown in percentages
|teampreview
|J|IUM ï½ï½ï½ï½ï½ ï½ï½ï½ï½ï½ï½ï½ï½
|J|Yogiras
|J|Moony
|J|Leftiez
|J|dingbat
|J|craing ;_;
|L|IUM ï½ï½ï½ï½ï½ ï½ï½ï½ï½ï½ï½ï½ï½
|J|Lockheeed
|J|Goddess Martel
|J|Fedayi
|J|Hot N Cold
|J|Extinct
|J|skysoki
|J|IIID
|J|RedMaxx
|J|Chirac
|J|Savage_hr
|J|Zenadark
|c|âAltestadores|hf
|J|MushMunkey
|J|majaspic22
|J|Vohlt
|J|Maverrr
|c|ânamehtmas|gl
|J|earth
|J|ExDoublanda
|J|Momoshiro
|
|start
|switch|p1a: Landorus-Therian|Landorus-Therian, M|382\/382
|switch|p2a: Garchomp|Garchomp, M|361\/361
|-ability|p1a: Landorus-Therian|Intimidate|[of] p2a: Garchomp
|-unboost|p2a: Garchomp|atk|1
|turn|1
|
|move|p2a: Garchomp|Stealth Rock|p1a: Landorus-Therian
|-sidestart|p1: namehtmas|move: Stealth Rock
|move|p1a: Landorus-Therian|Stealth Rock|p2a: Garchomp
|-sidestart|p2: Altestadores|move: Stealth Rock
|
|turn|2
|J|JeoffreyH
|
|move|p2a: Garchomp|Swords Dance|p2a: Garchomp
|-boost|p2a: Garchomp|atk|2
|move|p1a: Landorus-Therian|Earthquake|p2a: Garchomp
|-damage|p2a: Garchomp|189\/361
|
|turn|3
|
|move|p2a: Garchomp|Swords Dance|p2a: Garchomp
|-boost|p2a: Garchomp|atk|2
|move|p1a: Landorus-Therian|Earthquake|p2a: Garchomp
|-damage|p2a: Garchomp|23\/361
|
|turn|4
|J|Thepoke
|L|Thepoke
|
|switch|p1a: Ferrothorn|Ferrothorn, M|352\/352
|-damage|p1a: Ferrothorn|330\/352|[from] Stealth Rock
|move|p2a: Garchomp|Earthquake|p1a: Ferrothorn
|-damage|p1a: Ferrothorn|0 fnt
|faint|p1a: Ferrothorn
|
|
|switch|p1a: Gengar|Gengar, F|261\/261
|-damage|p1a: Gengar|229\/261|[from] Stealth Rock
|turn|5
|J|icechoppper
|L|icechoppper
|
|move|p1a: Gengar|Shadow Ball|p2a: Garchomp
|-crit|p2a: Garchomp
|-damage|p2a: Garchomp|0 fnt
|-damage|p1a: Gengar|203\/261|[from] item: Life Orb
|faint|p2a: Garchomp
|
|
|switch|p2a: Landorus-Therian|Landorus-Therian, M|325\/325
|-damage|p2a: Landorus-Therian|285\/325|[from] Stealth Rock
|-ability|p2a: Landorus-Therian|Intimidate|[of] p1a: Gengar
|-unboost|p1a: Gengar|atk|1
|turn|6
|c|+Chirac|crit
|c|+Chirac|haxx
|c|+Chirac|no gg
|c|âAltestadores|:\/
|
|switch|p1a: Landorus-Therian|Landorus-Therian, M|382\/382
|-damage|p1a: Landorus-Therian|335\/382|[from] Stealth Rock
|-ability|p1a: Landorus-Therian|Intimidate|[of] p2a: Landorus-Therian
|-unboost|p2a: Landorus-Therian|atk|1
|move|p2a: Landorus-Therian|Knock Off|p1a: Landorus-Therian
|-damage|p1a: Landorus-Therian|276\/382
|-damage|p2a: Landorus-Therian|231\/325|[from] item: Rocky Helmet|[of] p1a: Landorus-Therian
|-enditem|p1a: Landorus-Therian|Rocky Helmet|[from] move: Knock Off|[of] p2a: Landorus-Therian
|
|turn|7
|J|Giggling Grannie
|
|switch|p2a: Bisharp|Bisharp, M, shiny|291\/291
|-damage|p2a: Bisharp|273\/291|[from] Stealth Rock
|move|p1a: Landorus-Therian|U-turn|p2a: Bisharp
|-damage|p2a: Bisharp|200\/291
|
|switch|p1a: Lopunny|Lopunny, M|271\/271
|-damage|p1a: Lopunny|238\/271|[from] Stealth Rock
|
|turn|8
|
|switch|p2a: Landorus-Therian|Landorus-Therian, M|231\/325
|-damage|p2a: Landorus-Therian|191\/325|[from] Stealth Rock
|-ability|p2a: Landorus-Therian|Intimidate|[of] p1a: Lopunny
|-unboost|p1a: Lopunny|atk|1
|detailschange|p1a: Lopunny|Lopunny-Mega, M
|-mega|p1a: Lopunny|Lopunny|Lopunnite
|move|p1a: Lopunny|High Jump Kick|p2a: Landorus-Therian
|-resisted|p2a: Landorus-Therian
|-damage|p2a: Landorus-Therian|108\/325
|
|turn|9
|
|switch|p1a: Landorus-Therian|Landorus-Therian, M|276\/382
|-damage|p1a: Landorus-Therian|229\/382|[from] Stealth Rock
|-ability|p1a: Landorus-Therian|Intimidate|[of] p2a: Landorus-Therian
|-unboost|p2a: Landorus-Therian|atk|1
|move|p2a: Landorus-Therian|U-turn|p1a: Landorus-Therian
|-resisted|p1a: Landorus-Therian
|-damage|p1a: Landorus-Therian|207\/382
|
|switch|p2a: Serperior|Serperior, M|291\/291
|-damage|p2a: Serperior|255\/291|[from] Stealth Rock
|
|turn|10
|
|switch|p1a: Bisharp|Bisharp, F|271\/271
|-damage|p1a: Bisharp|255\/271|[from] Stealth Rock
|move|p2a: Serperior|Leaf Storm|p1a: Bisharp
|-resisted|p1a: Bisharp
|-damage|p1a: Bisharp|117\/271
|-boost|p2a: Serperior|spa|2
|
|turn|11
|
|move|p1a: Bisharp|Sucker Punch|p2a: Serperior
|-damage|p2a: Serperior|41\/291
|-damage|p1a: Bisharp|90\/271|[from] item: Life Orb
|move|p2a: Serperior|Hidden Power|p1a: Bisharp
|-supereffective|p1a: Bisharp
|-damage|p1a: Bisharp|0 fnt
|faint|p1a: Bisharp
|
|L|Savage_hr
|
|switch|p1a: Lopunny|Lopunny-Mega, M|238\/271
|-damage|p1a: Lopunny|222\/271|[from] Stealth Rock
|turn|12
|
|switch|p2a: Landorus-Therian|Landorus-Therian, M|108\/325
|-damage|p2a: Landorus-Therian|68\/325|[from] Stealth Rock
|-ability|p2a: Landorus-Therian|Intimidate|[of] p1a: Lopunny
|-unboost|p1a: Lopunny|atk|1
|move|p1a: Lopunny|Return|p2a: Landorus-Therian
|-damage|p2a: Landorus-Therian|0 fnt
|faint|p2a: Landorus-Therian
|
|
|switch|p2a: Scizor|Scizor, M|291\/291
|-damage|p2a: Scizor|255\/291|[from] Stealth Rock
|turn|13
|L|MushMunkey
|J|iMeridian
|
|switch|p1a: Landorus-Therian|Landorus-Therian, M|207\/382
|-damage|p1a: Landorus-Therian|160\/382|[from] Stealth Rock
|-ability|p1a: Landorus-Therian|Intimidate|[of] p2a: Scizor
|-unboost|p2a: Scizor|atk|1
|detailschange|p2a: Scizor|Scizor-Mega, M
|-mega|p2a: Scizor|Scizor|Scizorite
|move|p2a: Scizor|Swords Dance|p2a: Scizor
|-boost|p2a: Scizor|atk|2
|
|turn|14
|L|ExDoublanda
|
|move|p2a: Scizor|Swords Dance|p2a: Scizor
|-boost|p2a: Scizor|atk|2
|move|p1a: Landorus-Therian|Earthquake|p2a: Scizor
|-damage|p2a: Scizor|144\/291
|
|turn|15
|
|move|p2a: Scizor|Bullet Punch|p1a: Landorus-Therian
|-damage|p1a: Landorus-Therian|0 fnt
|faint|p1a: Landorus-Therian
|
|
|switch|p1a: Lopunny|Lopunny-Mega, M|222\/271
|-damage|p1a: Lopunny|206\/271|[from] Stealth Rock
|turn|16
|
|move|p1a: Lopunny|Fake Out|p2a: Scizor
|-resisted|p2a: Scizor
|-damage|p2a: Scizor|114\/291
|cant|p2a: Scizor|flinch
|
|turn|17
|
|switch|p1a: Slowbro|Slowbro, F|394\/394
|-damage|p1a: Slowbro|345\/394|[from] Stealth Rock
|move|p2a: Scizor|Bullet Punch|p1a: Slowbro
|-resisted|p1a: Slowbro
|-damage|p1a: Slowbro|232\/394
|
|-heal|p1a: Slowbro|256\/394|[from] item: Leftovers
|turn|18
|
|move|p2a: Scizor|Bug Bite|p1a: Slowbro
|-crit|p1a: Slowbro
|-supereffective|p1a: Slowbro
|-damage|p1a: Slowbro|0 fnt
|faint|p1a: Slowbro
|
|
|switch|p1a: Lopunny|Lopunny-Mega, M|206\/271
|-damage|p1a: Lopunny|190\/271|[from] Stealth Rock
|turn|19
|
|move|p1a: Lopunny|Fake Out|p2a: Scizor
|-resisted|p2a: Scizor
|-damage|p2a: Scizor|87\/291
|cant|p2a: Scizor|flinch
|
|turn|20
|
|move|p2a: Scizor|Bullet Punch|p1a: Lopunny
|-damage|p1a: Lopunny|0 fnt
|faint|p1a: Lopunny
|
|c|ânamehtmas|G_G
|
|switch|p1a: Gengar|Gengar, F|203\/261
|-damage|p1a: Gengar|171\/261|[from] Stealth Rock
|turn|21
|c|âAltestadores|gg
|J|le fauci
|
|move|p2a: Scizor|Bullet Punch|p1a: Gengar
|-damage|p1a: Gengar|0 fnt
|faint|p1a: Gengar
|
|win|Altestadores
|L|Chirac
|L|Altestadores
|player|p2
|L|le fauci
|L|RedMaxx
|L|JeoffreyH
|L|majaspic22