|join|morlok
|join|Tythaeus
|player|p1|morlok|164
|player|p2|Tythaeus|82
|gametype|singles
|gen|6
|tier|OU
|clearpoke
|poke|p1|Cresselia, F
|poke|p1|Breloom, M
|poke|p1|Volcarona, M
|poke|p1|Metagross
|poke|p1|Skarmory, M
|poke|p1|Keldeo
|poke|p2|Sableye, M
|poke|p2|Talonflame, M
|poke|p2|Excadrill, F
|poke|p2|Clefable, M
|poke|p2|Gastrodon, M
|poke|p2|Rotom-Wash
|rule|Swagger Clause: Swagger is banned
|rule|Baton Pass Clause: Limit one PokÃ©mon knowing Baton Pass
|rule|Sleep Clause Mod: Limit one foe put to sleep
|rule|Species Clause: Limit one of each PokÃ©mon
|rule|OHKO Clause: OHKO moves are banned
|rule|Moody Clause: Moody is banned
|rule|Evasion Moves Clause: Evasion moves are banned
|rule|Endless Battle Clause: Forcing endless battles is banned
|rule|HP Percentage Mod: HP is shown in percentages
|teampreview
|join|711e
|
|start
|switch|p1a: Cresselia|Cresselia, F|435\/435
|switch|p2a: Sableye|Sableye, M|303\/303
|turn|1
|join|Torin0
|leave|Torin0
|
|detailschange|p2a: Sableye|Sableye-Mega, M
|message|Sableye has Mega Evolved into Mega Sableye!
|move|p1a: Cresselia|Light Screen|p1a: Cresselia
|-sidestart|p1: morlok|move: Light Screen
|move|p2a: Sableye|Knock Off|p1a: Cresselia
|-supereffective|p1a: Cresselia
|-damage|p1a: Cresselia|285\/435
|-enditem|p1a: Cresselia|Light Clay|[from] move: Knock Off|[of] p2a: Sableye
|
|turn|2
|join|Zagmzp
|join|shanefree2010
|
|switch|p2a: Excadrill|Excadrill, F|424\/424
|-ability|p2a: Excadrill|Mold Breaker
|move|p1a: Cresselia|Reflect|p1a: Cresselia
|-sidestart|p1: morlok|Reflect
|
|turn|3
|c| Zagmzp|holy giant sableye batman
|join|Plain Spit
|join|Frickett
|leave|Plain Spit
|c| 711e|lol i thought i was high
|
|switch|p1a: Metagross|Metagross|301\/301
|move|p2a: Excadrill|Stealth Rock|p1a: Metagross
|-sidestart|p1: morlok|move: Stealth Rock
|
|turn|4
|
|switch|p2a: Rotom-Wash|Rotom-Wash|304\/304
|detailschange|p1a: Metagross|Metagross-Mega
|message|Metagross has Mega Evolved into Mega Metagross!
|move|p1a: Metagross|Earthquake|p2a: Rotom-Wash
|-immune|p2a: Rotom-Wash|[msg]
|
|turn|5
|
|move|p1a: Metagross|Zen Headbutt|p2a: Rotom-Wash
|-crit|p2a: Rotom-Wash
|-damage|p2a: Rotom-Wash|81\/304
|cant|p2a: Rotom-Wash|flinch
|
|-heal|p2a: Rotom-Wash|100\/304|[from] item: Leftovers
|turn|6
|
|switch|p2a: Sableye|Sableye-Mega, M|303\/303
|move|p1a: Metagross|Zen Headbutt|p2a: Sableye
|-immune|p2a: Sableye|[msg]
|
|-sideend|p1: morlok|Reflect
|turn|7
|
|switch|p1a: Cresselia|Cresselia, F|285\/435
|-damage|p1a: Cresselia|231\/435|[from] Stealth Rock
|move|p2a: Sableye|Foul Play|p1a: Cresselia
|-supereffective|p1a: Cresselia
|-damage|p1a: Cresselia|129\/435
|
|turn|8
|
|move|p1a: Cresselia|Moonlight|p1a: Cresselia
|-heal|p1a: Cresselia|346\/435
|move|p2a: Sableye|Foul Play|p1a: Cresselia
|-crit|p1a: Cresselia
|-supereffective|p1a: Cresselia
|-damage|p1a: Cresselia|194\/435
|
|-sideend|p1: morlok|move: Light Screen
|turn|9
|leave|Frickett
|
|switch|p2a: Gastrodon|Gastrodon, M|426\/426
|move|p1a: Cresselia|Moonlight|p1a: Cresselia
|-heal|p1a: Cresselia|411\/435
|
|turn|10
|
|move|p1a: Cresselia|Toxic|p2a: Gastrodon
|-status|p2a: Gastrodon|tox
|move|p2a: Gastrodon|Toxic|p1a: Cresselia
|-status|p1a: Cresselia|tox
|
|-damage|p1a: Cresselia|384\/435 tox|[from] psn
|-damage|p2a: Gastrodon|400\/426 tox|[from] psn
|turn|11
|join|Trout Sniffer
|
|switch|p2a: Clefable|Clefable, M|394\/394
|move|p1a: Cresselia|Light Screen|p1a: Cresselia
|-sidestart|p1: morlok|move: Light Screen
|
|-damage|p1a: Cresselia|330\/435 tox|[from] psn
|turn|12
|
|switch|p1a: Volcarona|Volcarona, M|374\/374
|-damage|p1a: Volcarona|187\/374|[from] Stealth Rock
|move|p2a: Clefable|Heal Bell|p2a: Clefable
|-cureteam|p2a: Clefable|[from] move: HealBell
|
|-heal|p1a: Volcarona|210\/374|[from] item: Leftovers
|turn|13
|
|switch|p2a: Talonflame|Talonflame, M|317\/317
|move|p1a: Volcarona|Quiver Dance|p1a: Volcarona
|-boost|p1a: Volcarona|spa|1
|-boost|p1a: Volcarona|spd|1
|-boost|p1a: Volcarona|spe|1
|
|-heal|p1a: Volcarona|233\/374|[from] item: Leftovers
|turn|14
|
|switch|p1a: Metagross|Metagross-Mega|301\/301
|-damage|p1a: Metagross|283\/301|[from] Stealth Rock
|move|p2a: Talonflame|Brave Bird|p1a: Metagross
|-resisted|p1a: Metagross
|-damage|p1a: Metagross|227\/301
|-damage|p2a: Talonflame|299\/317|[from] recoil|[of] p1a: Metagross
|
|-heal|p2a: Talonflame|317\/317|[from] item: Leftovers
|turn|15
|
|switch|p2a: Sableye|Sableye-Mega, M|303\/303
|move|p1a: Metagross|Zen Headbutt|p2a: Sableye
|-immune|p2a: Sableye|[msg]
|
|-sideend|p1: morlok|move: Light Screen
|turn|16
|
|switch|p1a: Keldeo|Keldeo|323\/323
|-damage|p1a: Keldeo|303\/323|[from] Stealth Rock
|move|p2a: Sableye|Foul Play|p1a: Keldeo
|-resisted|p1a: Keldeo
|-damage|p1a: Keldeo|263\/323
|-boost|p1a: Keldeo|atk|1|[from] ability: Justified
|
|-heal|p1a: Keldeo|283\/323|[from] item: Leftovers
|turn|17
|
|switch|p2a: Gastrodon|Gastrodon, M|400\/426
|move|p1a: Keldeo|Secret Sword|p2a: Gastrodon
|-damage|p2a: Gastrodon|271\/426
|
|-heal|p1a: Keldeo|303\/323|[from] item: Leftovers
|-heal|p2a: Gastrodon|297\/426|[from] item: Leftovers
|turn|18
|
|switch|p2a: Talonflame|Talonflame, M|317\/317
|move|p1a: Keldeo|Calm Mind|p1a: Keldeo
|-boost|p1a: Keldeo|spa|1
|-boost|p1a: Keldeo|spd|1
|
|-heal|p1a: Keldeo|323\/323|[from] item: Leftovers
|turn|19
|
|switch|p1a: Skarmory|Skarmory, M|334\/334
|-damage|p1a: Skarmory|293\/334|[from] Stealth Rock
|move|p2a: Talonflame|Brave Bird|p1a: Skarmory
|-resisted|p1a: Skarmory
|-damage|p1a: Skarmory|245\/334
|-damage|p2a: Talonflame|265\/317|[from] item: Rocky Helmet|[of] p1a: Skarmory
|-damage|p2a: Talonflame|249\/317|[from] recoil|[of] p1a: Skarmory
|
|-heal|p2a: Talonflame|268\/317|[from] item: Leftovers
|turn|20
|
|switch|p2a: Sableye|Sableye-Mega, M|303\/303
|move|p1a: Skarmory|Stealth Rock|p2a: Sableye
|move|p2a: Sableye|Stealth Rock|p1a: Skarmory|[from]Magic Bounce
|-fail|p1a: Skarmory
|
|turn|21
|
|move|p1a: Skarmory|Roost|p1a: Skarmory
|-heal|p1a: Skarmory|334\/334
|move|p2a: Sableye|Knock Off|p1a: Skarmory
|-damage|p1a: Skarmory|276\/334
|-damage|p2a: Sableye|253\/303|[from] item: Rocky Helmet|[of] p1a: Skarmory
|-enditem|p1a: Skarmory|Rocky Helmet|[from] move: Knock Off|[of] p2a: Sableye
|
|turn|22
|
|move|p2a: Sableye|Will-O-Wisp|p1a: Skarmory
|-status|p1a: Skarmory|brn
|move|p1a: Skarmory|Whirlwind|p2a: Sableye
|move|p2a: Sableye|Whirlwind|p1a: Skarmory|[from]Magic Bounce
|drag|p1a: Cresselia|Cresselia, F|330\/435 tox
|-damage|p1a: Cresselia|276\/435 tox|[from] Stealth Rock
|
|-damage|p1a: Cresselia|249\/435 tox|[from] psn
|turn|23
|leave|711e
|
|switch|p2a: Clefable|Clefable, M|394\/394
|move|p1a: Cresselia|Moonlight|p1a: Cresselia
|-heal|p1a: Cresselia|435\/435 tox
|
|-damage|p1a: Cresselia|381\/435 tox|[from] psn
|turn|24
|
|switch|p1a: Metagross|Metagross-Mega|227\/301
|-damage|p1a: Metagross|209\/301|[from] Stealth Rock
|move|p2a: Clefable|Wish|p2a: Clefable
|
|turn|25
|leave|Trout Sniffer
|
|switch|p2a: Rotom-Wash|Rotom-Wash|100\/304
|move|p1a: Metagross|Meteor Mash|p2a: Rotom-Wash
|-resisted|p2a: Rotom-Wash
|-damage|p2a: Rotom-Wash|57\/304
|-boost|p1a: Metagross|atk|1
|
|-heal|p2a: Rotom-Wash|254\/304|[from] move: Wish|[wisher] Clefable
|-heal|p2a: Rotom-Wash|273\/304|[from] item: Leftovers
|turn|26
|
|move|p1a: Metagross|Zen Headbutt|p2a: Rotom-Wash
|-damage|p2a: Rotom-Wash|57\/304
|move|p2a: Rotom-Wash|Thunder Wave|p1a: Metagross
|-status|p1a: Metagross|par
|
|-heal|p2a: Rotom-Wash|76\/304|[from] item: Leftovers
|turn|27
|
|move|p2a: Rotom-Wash|Volt Switch|p1a: Metagross
|-damage|p1a: Metagross|124\/301 par
|join|Frickett
|
|switch|p2a: Sableye|Sableye-Mega, M|253\/303
|move|p1a: Metagross|Zen Headbutt|p2a: Sableye
|-immune|p2a: Sableye|[msg]
|
|turn|28
|leave|Frickett
|
|switch|p1a: Breloom|Breloom, M|261\/261
|-damage|p1a: Breloom|245\/261|[from] Stealth Rock
|move|p2a: Sableye|Foul Play|p1a: Breloom
|-resisted|p1a: Breloom
|-damage|p1a: Breloom|134\/261
|
|turn|29
|
|move|p1a: Breloom|Spore|p2a: Sableye
|move|p2a: Sableye|Spore|p1a: Breloom|[from]Magic Bounce
|-fail|p1a: Breloom
|move|p2a: Sableye|Recover|p2a: Sableye
|-heal|p2a: Sableye|303\/303
|
|turn|30
|
|move|p1a: Breloom|Mach Punch|p2a: Sableye
|-immune|p2a: Sableye|[msg]
|move|p2a: Sableye|Foul Play|p1a: Breloom
|-resisted|p1a: Breloom
|-damage|p1a: Breloom|32\/261
|
|turn|31
|
|move|p1a: Breloom|Rock Tomb|p2a: Sableye
|-crit|p2a: Sableye
|-damage|p2a: Sableye|206\/303
|-unboost|p2a: Sableye|spe|1
|move|p2a: Sableye|Foul Play|p1a: Breloom
|-crit|p1a: Breloom
|-resisted|p1a: Breloom
|-damage|p1a: Breloom|0 fnt
|faint|p1a: Breloom
|
|leave|shanefree2010
|
|switch|p1a: Keldeo|Keldeo|323\/323
|-damage|p1a: Keldeo|303\/323|[from] Stealth Rock
|turn|32
|
|switch|p2a: Gastrodon|Gastrodon, M|297\/426
|move|p1a: Keldeo|Scald|p2a: Gastrodon
|-boost|p2a: Gastrodon|spa|1|[from] ability: Storm Drain
|
|-heal|p1a: Keldeo|323\/323|[from] item: Leftovers
|-heal|p2a: Gastrodon|323\/426|[from] item: Leftovers
|turn|33
|
|move|p1a: Keldeo|Calm Mind|p1a: Keldeo
|-boost|p1a: Keldeo|spa|1
|-boost|p1a: Keldeo|spd|1
|move|p2a: Gastrodon|Toxic|p1a: Keldeo
|-status|p1a: Keldeo|tox
|
|-heal|p2a: Gastrodon|349\/426|[from] item: Leftovers
|-damage|p1a: Keldeo|303\/323 tox|[from] psn
|turn|34
|
|move|p1a: Keldeo|Scald|p2a: Gastrodon
|-boost|p2a: Gastrodon|spa|1|[from] ability: Storm Drain
|move|p2a: Gastrodon|Earth Power|p1a: Keldeo
|-crit|p1a: Keldeo
|-damage|p1a: Keldeo|0 fnt
|faint|p1a: Keldeo
|
|-heal|p2a: Gastrodon|375\/426|[from] item: Leftovers
|
|switch|p1a: Volcarona|Volcarona, M|233\/374
|-damage|p1a: Volcarona|46\/374|[from] Stealth Rock
|turn|35
|
|switch|p2a: Talonflame|Talonflame, M|268\/317
|move|p1a: Volcarona|Giga Drain|p2a: Talonflame
|-resisted|p2a: Talonflame
|-damage|p2a: Talonflame|245\/317
|-heal|p1a: Volcarona|58\/374|[from] drain|[of] p2a: Talonflame
|
|-heal|p2a: Talonflame|264\/317|[from] item: Leftovers
|-heal|p1a: Volcarona|81\/374|[from] item: Leftovers
|turn|36
|
|move|p2a: Talonflame|Swords Dance|p2a: Talonflame
|-boost|p2a: Talonflame|atk|2
|move|p1a: Volcarona|Roost|p1a: Volcarona
|-heal|p1a: Volcarona|268\/374
|
|-heal|p2a: Talonflame|283\/317|[from] item: Leftovers
|-heal|p1a: Volcarona|291\/374|[from] item: Leftovers
|turn|37
|
|switch|p1a: Skarmory|Skarmory, M|276\/334 brn
|-damage|p1a: Skarmory|235\/334 brn|[from] Stealth Rock
|move|p2a: Talonflame|Flare Blitz|p1a: Skarmory
|-supereffective|p1a: Skarmory
|-damage|p1a: Skarmory|0 fnt
|-damage|p2a: Talonflame|205\/317|[from] recoil|[of] p1a: Skarmory
|faint|p1a: Skarmory
|
|-heal|p2a: Talonflame|224\/317|[from] item: Leftovers
|
|switch|p1a: Cresselia|Cresselia, F|381\/435 tox
|-damage|p1a: Cresselia|327\/435 tox|[from] Stealth Rock
|turn|38
|
|move|p2a: Talonflame|Flare Blitz|p1a: Cresselia
|-damage|p1a: Cresselia|99\/435 tox
|-damage|p2a: Talonflame|149\/317|[from] recoil|[of] p1a: Cresselia
|move|p1a: Cresselia|Moonlight|p1a: Cresselia
|-heal|p1a: Cresselia|316\/435 tox
|
|-heal|p2a: Talonflame|168\/317|[from] item: Leftovers
|-damage|p1a: Cresselia|289\/435 tox|[from] psn
|turn|39
|
|move|p2a: Talonflame|Roost|p2a: Talonflame
|-heal|p2a: Talonflame|317\/317
|move|p1a: Cresselia|Moonlight|p1a: Cresselia
|-heal|p1a: Cresselia|435\/435 tox
|
|-damage|p1a: Cresselia|381\/435 tox|[from] psn
|turn|40
|
|move|p2a: Talonflame|Swords Dance|p2a: Talonflame
|-boost|p2a: Talonflame|atk|2
|move|p1a: Cresselia|Toxic|p2a: Talonflame|[miss]
|-miss|p1a: Cresselia|p2a: Talonflame
|
|-damage|p1a: Cresselia|300\/435 tox|[from] psn
|turn|41
|
|move|p2a: Talonflame|Flare Blitz|p1a: Cresselia
|-damage|p1a: Cresselia|0 fnt
|-damage|p2a: Talonflame|218\/317|[from] recoil|[of] p1a: Cresselia
|faint|p1a: Cresselia
|
|-heal|p2a: Talonflame|237\/317|[from] item: Leftovers
|
|switch|p1a: Metagross|Metagross-Mega|124\/301 par
|-damage|p1a: Metagross|106\/301 par|[from] Stealth Rock
|turn|42
|
|move|p2a: Talonflame|Flare Blitz|p1a: Metagross
|-supereffective|p1a: Metagross
|-damage|p1a: Metagross|0 fnt
|-damage|p2a: Talonflame|202\/317|[from] recoil|[of] p1a: Metagross
|faint|p1a: Metagross
|
|-heal|p2a: Talonflame|221\/317|[from] item: Leftovers
|c|âTythaeus|gg
|c|âmorlok|gg
|
|switch|p1a: Volcarona|Volcarona, M|291\/374
|-damage|p1a: Volcarona|104\/374|[from] Stealth Rock
|turn|43
|c|âTythaeus|wp
|
|move|p2a: Talonflame|Brave Bird|p1a: Volcarona
|-supereffective|p1a: Volcarona
|-damage|p1a: Volcarona|0 fnt
|-damage|p2a: Talonflame|187\/317|[from] recoil|[of] p1a: Volcarona
|faint|p1a: Volcarona
|
|win|Tythaeus