|join|Iwant2bminedreigon
|join|Tythaeus
|player|p1|Iwant2bminedreigon|159
|player|p2|Tythaeus|170
|gametype|singles
|gen|6
|tier|OU
|rated
|clearpoke
|poke|p1|Talonflame, M
|poke|p1|Clefable, M
|poke|p1|Lopunny, M
|poke|p1|Excadrill, F
|poke|p1|Greninja, M
|poke|p1|Skarmory, M
|poke|p2|Sableye, F
|poke|p2|Talonflame, M
|poke|p2|Excadrill, M
|poke|p2|Clefable, M
|poke|p2|Gastrodon, F
|poke|p2|Rotom-Wash
|rule|Swagger Clause: Swagger is banned
|rule|Baton Pass Clause: Limit one PokÃ©mon knowing Baton Pass
|rule|Sleep Clause Mod: Limit one foe put to sleep
|rule|Species Clause: Limit one of each PokÃ©mon
|rule|OHKO Clause: OHKO moves are banned
|rule|Moody Clause: Moody is banned
|rule|Evasion Moves Clause: Evasion moves are banned
|rule|Endless Battle Clause: Forcing endless battles is banned
|rule|HP Percentage Mod: HP is shown in percentages
|teampreview
|
|start
|switch|p1a: Clefable|Clefable, M|394\/394
|switch|p2a: Sableye|Sableye, F|303\/303
|turn|1
|
|switch|p2a: Excadrill|Excadrill, M|424\/424
|-ability|p2a: Excadrill|Mold Breaker
|move|p1a: Clefable|Moonblast|p2a: Excadrill
|-resisted|p2a: Excadrill
|-damage|p2a: Excadrill|362\/424
|
|-heal|p2a: Excadrill|388\/424|[from] item: Leftovers
|turn|2
|
|switch|p1a: Skarmory|Skarmory, M|334\/334
|move|p2a: Excadrill|Stealth Rock|p1a: Skarmory
|-sidestart|p1: Iwant2bminedreigon|move: Stealth Rock
|
|-heal|p2a: Excadrill|414\/424|[from] item: Leftovers
|turn|3
|
|switch|p2a: Sableye|Sableye, F|303\/303
|move|p1a: Skarmory|Stealth Rock|p2a: Sableye
|-sidestart|p2: Tythaeus|move: Stealth Rock
|
|turn|4
|
|switch|p1a: Clefable|Clefable, M|394\/394
|detailschange|p2a: Sableye|Sableye-Mega, F
|message|Sableye has Mega Evolved into Mega Sableye!
|move|p2a: Sableye|Knock Off|p1a: Clefable
|-resisted|p1a: Clefable
|-damage|p1a: Clefable|346\/394
|-enditem|p1a: Clefable|Leftovers|[from] move: Knock Off|[of] p2a: Sableye
|
|turn|5
|
|switch|p1a: Lopunny|Lopunny, M|272\/272
|-damage|p1a: Lopunny|238\/272|[from] Stealth Rock
|switch|p2a: Excadrill|Excadrill, M|414\/424
|-damage|p2a: Excadrill|401\/424|[from] Stealth Rock
|-ability|p2a: Excadrill|Mold Breaker
|
|-heal|p2a: Excadrill|424\/424|[from] item: Leftovers
|turn|6
|
|switch|p2a: Clefable|Clefable, M|394\/394
|detailschange|p1a: Lopunny|Lopunny-Mega, M
|message|Lopunny has Mega Evolved into Mega Lopunny!
|move|p1a: Lopunny|Fake Out|p2a: Clefable
|-damage|p2a: Clefable|300\/394
|
|-heal|p2a: Clefable|324\/394|[from] item: Leftovers
|turn|7
|
|switch|p1a: Excadrill|Excadrill, F|362\/362
|-damage|p1a: Excadrill|351\/362|[from] Stealth Rock
|-ability|p1a: Excadrill|Mold Breaker
|switch|p2a: Rotom-Wash|Rotom-Wash|304\/304
|-damage|p2a: Rotom-Wash|266\/304|[from] Stealth Rock
|
|-heal|p2a: Rotom-Wash|285\/304|[from] item: Leftovers
|turn|8
|
|switch|p2a: Gastrodon|Gastrodon, F|426\/426
|-damage|p2a: Gastrodon|400\/426|[from] Stealth Rock
|move|p1a: Excadrill|Earthquake|p2a: Gastrodon
|-damage|p2a: Gastrodon|246\/426
|
|-heal|p2a: Gastrodon|272\/426|[from] item: Leftovers
|turn|9
|
|switch|p1a: Clefable|Clefable, M|346\/394
|move|p2a: Gastrodon|Recover|p2a: Gastrodon
|-heal|p2a: Gastrodon|426\/426
|
|turn|10
|
|switch|p2a: Excadrill|Excadrill, M|424\/424
|-damage|p2a: Excadrill|411\/424|[from] Stealth Rock
|-ability|p2a: Excadrill|Mold Breaker
|move|p1a: Clefable|Wish|p1a: Clefable
|
|-heal|p2a: Excadrill|424\/424|[from] item: Leftovers
|turn|11
|
|switch|p1a: Lopunny|Lopunny-Mega, M|238\/272
|-damage|p1a: Lopunny|221\/272|[from] Stealth Rock
|move|p2a: Excadrill|Rapid Spin|p1a: Lopunny
|-damage|p1a: Lopunny|192\/272
|-sideend|p2: Tythaeus|Stealth Rock|[from] move: Rapid Spin|[of] p2a: Excadrill
|
|-heal|p1a: Lopunny|272\/272|[from] move: Wish|[wisher] Clefable
|turn|12
|
|switch|p2a: Gastrodon|Gastrodon, F|426\/426
|move|p1a: Lopunny|Return|p2a: Gastrodon
|-damage|p2a: Gastrodon|249\/426
|
|-heal|p2a: Gastrodon|275\/426|[from] item: Leftovers
|turn|13
|
|move|p1a: Lopunny|Return|p2a: Gastrodon
|-crit|p2a: Gastrodon
|-damage|p2a: Gastrodon|16\/426
|move|p2a: Gastrodon|Recover|p2a: Gastrodon
|-heal|p2a: Gastrodon|229\/426
|
|-heal|p2a: Gastrodon|255\/426|[from] item: Leftovers
|turn|14
|
|move|p1a: Lopunny|High Jump Kick|p2a: Gastrodon
|-damage|p2a: Gastrodon|36\/426
|move|p2a: Gastrodon|Recover|p2a: Gastrodon
|-heal|p2a: Gastrodon|249\/426
|
|-heal|p2a: Gastrodon|275\/426|[from] item: Leftovers
|turn|15
|
|move|p1a: Lopunny|Return|p2a: Gastrodon
|-damage|p2a: Gastrodon|94\/426
|move|p2a: Gastrodon|Recover|p2a: Gastrodon
|-heal|p2a: Gastrodon|307\/426
|
|-heal|p2a: Gastrodon|333\/426|[from] item: Leftovers
|turn|16
|
|move|p1a: Lopunny|Return|p2a: Gastrodon
|-damage|p2a: Gastrodon|153\/426
|move|p2a: Gastrodon|Recover|p2a: Gastrodon
|-heal|p2a: Gastrodon|366\/426
|
|-heal|p2a: Gastrodon|392\/426|[from] item: Leftovers
|turn|17
|
|switch|p1a: Clefable|Clefable, M|346\/394
|move|p2a: Gastrodon|Recover|p2a: Gastrodon
|-heal|p2a: Gastrodon|426\/426
|
|turn|18
|
|switch|p2a: Talonflame|Talonflame, M|317\/317
|move|p1a: Clefable|Wish|p1a: Clefable
|
|turn|19
|
|switch|p1a: Skarmory|Skarmory, M|334\/334
|-damage|p1a: Skarmory|293\/334|[from] Stealth Rock
|move|p2a: Talonflame|Swords Dance|p2a: Talonflame
|-boost|p2a: Talonflame|atk|2
|
|-heal|p1a: Skarmory|334\/334|[from] move: Wish|[wisher] Clefable
|turn|20
|
|switch|p2a: Sableye|Sableye-Mega, F|303\/303
|move|p1a: Skarmory|Stealth Rock|p2a: Sableye
|move|p2a: Sableye|Stealth Rock|p1a: Skarmory|[from]Magic Bounce
|-fail|p1a: Skarmory
|
|turn|21
|
|switch|p1a: Clefable|Clefable, M|346\/394
|switch|p2a: Talonflame|Talonflame, M|317\/317
|
|turn|22
|
|move|p2a: Talonflame|Swords Dance|p2a: Talonflame
|-boost|p2a: Talonflame|atk|2
|move|p1a: Clefable|Wish|p1a: Clefable
|
|turn|23
|
|switch|p1a: Skarmory|Skarmory, M|334\/334
|-damage|p1a: Skarmory|293\/334|[from] Stealth Rock
|move|p2a: Talonflame|Flare Blitz|p1a: Skarmory
|-supereffective|p1a: Skarmory
|-damage|p1a: Skarmory|0 fnt
|-damage|p2a: Talonflame|220\/317|[from] recoil|[of] p1a: Skarmory
|faint|p1a: Skarmory
|
|-heal|p2a: Talonflame|239\/317|[from] item: Leftovers
|
|switch|p1a: Excadrill|Excadrill, F|351\/362
|-damage|p1a: Excadrill|340\/362|[from] Stealth Rock
|-ability|p1a: Excadrill|Mold Breaker
|turn|24
|
|switch|p2a: Gastrodon|Gastrodon, F|426\/426
|move|p1a: Excadrill|Rock Slide|p2a: Gastrodon
|-resisted|p2a: Gastrodon
|-damage|p2a: Gastrodon|386\/426
|
|-heal|p2a: Gastrodon|412\/426|[from] item: Leftovers
|turn|25
|
|switch|p1a: Clefable|Clefable, M|346\/394
|switch|p2a: Talonflame|Talonflame, M|239\/317
|
|-heal|p2a: Talonflame|258\/317|[from] item: Leftovers
|turn|26
|
|switch|p1a: Excadrill|Excadrill, F|340\/362
|-damage|p1a: Excadrill|329\/362|[from] Stealth Rock
|-ability|p1a: Excadrill|Mold Breaker
|move|p2a: Talonflame|Flare Blitz|p1a: Excadrill
|-crit|p1a: Excadrill
|-supereffective|p1a: Excadrill
|-damage|p1a: Excadrill|0 fnt
|-damage|p2a: Talonflame|149\/317|[from] recoil|[of] p1a: Excadrill
|faint|p1a: Excadrill
|
|-heal|p2a: Talonflame|168\/317|[from] item: Leftovers
|
|switch|p1a: Lopunny|Lopunny-Mega, M|272\/272
|-damage|p1a: Lopunny|255\/272|[from] Stealth Rock
|turn|27
|
|switch|p2a: Gastrodon|Gastrodon, F|412\/426
|move|p1a: Lopunny|Fake Out|p2a: Gastrodon
|-damage|p2a: Gastrodon|343\/426
|
|-heal|p2a: Gastrodon|369\/426|[from] item: Leftovers
|turn|28
|
|switch|p1a: Clefable|Clefable, M|346\/394
|move|p2a: Gastrodon|Scald|p1a: Clefable
|-crit|p1a: Clefable
|-damage|p1a: Clefable|214\/394
|
|-heal|p2a: Gastrodon|395\/426|[from] item: Leftovers
|turn|29
|c|âIwant2bminedreigon|gg
|-message|Iwant2bminedreigon forfeited.
|
|win|Tythaeus
|raw|Ladder updating...
|c|âTythaeus|gg
|raw|Iwant2bminedreigon's rating: 1576 &rarr; <strong>1550<\/strong><br \/>(-26 for losing)
|raw|Tythaeus's rating: 1484 &rarr; <strong>1509<\/strong><br \/>(+25 for winning)
|leave|Iwant2bminedreigon
|player|p1