|join|Randyll97
|join|Tythaeus
|player|p1|Randyll97|170
|player|p2|Tythaeus|40
|gametype|singles
|gen|6
|tier|OU
|rated
|clearpoke
|poke|p1|Tyranitar, M
|poke|p1|Garchomp, F
|poke|p1|Latios, M
|poke|p1|Gyarados, F
|poke|p1|Excadrill, F
|poke|p1|Heatran, F
|poke|p2|Sableye, M
|poke|p2|Talonflame, M
|poke|p2|Excadrill, F
|poke|p2|Clefable, M
|poke|p2|Gastrodon, F
|poke|p2|Rotom-Wash
|rule|Swagger Clause: Swagger is banned
|rule|Baton Pass Clause: Limit one PokÃ©mon knowing Baton Pass
|rule|Sleep Clause Mod: Limit one foe put to sleep
|rule|Species Clause: Limit one of each PokÃ©mon
|rule|OHKO Clause: OHKO moves are banned
|rule|Moody Clause: Moody is banned
|rule|Evasion Moves Clause: Evasion moves are banned
|rule|Endless Battle Clause: Forcing endless battles is banned
|rule|HP Percentage Mod: HP is shown in percentages
|teampreview
|
|start
|switch|p1a: Garchomp|Garchomp, F|357\/357
|switch|p2a: Sableye|Sableye, M|303\/303
|turn|1
|
|switch|p1a: Heatran|Heatran, F|385\/385
|detailschange|p2a: Sableye|Sableye-Mega, M
|message|Sableye has Mega Evolved into Mega Sableye!
|move|p2a: Sableye|Knock Off|p1a: Heatran
|-damage|p1a: Heatran|286\/385
|-enditem|p1a: Heatran|Leftovers|[from] move: Knock Off|[of] p2a: Sableye
|
|turn|2
|
|move|p1a: Heatran|Lava Plume|p2a: Sableye
|-damage|p2a: Sableye|200\/303
|move|p2a: Sableye|Knock Off|p1a: Heatran
|-damage|p1a: Heatran|217\/385
|
|turn|3
|
|switch|p2a: Gastrodon|Gastrodon, F|426\/426
|move|p1a: Heatran|Lava Plume|p2a: Gastrodon
|-resisted|p2a: Gastrodon
|-damage|p2a: Gastrodon|356\/426
|
|-heal|p2a: Gastrodon|382\/426|[from] item: Leftovers
|turn|4
|
|switch|p1a: Latios|Latios, M|301\/301
|switch|p2a: Rotom-Wash|Rotom-Wash|304\/304
|
|turn|5
|
|switch|p1a: Tyranitar|Tyranitar, M|403\/403
|-weather|Sandstorm
|switch|p2a: Clefable|Clefable, M|394\/394
|
|-weather|Sandstorm|[upkeep]
|turn|6
|
|switch|p2a: Sableye|Sableye-Mega, M|200\/303
|move|p1a: Tyranitar|Stealth Rock|p2a: Sableye
|move|p2a: Sableye|Stealth Rock|p1a: Tyranitar|[from]Magic Bounce
|-sidestart|p1: Randyll97|move: Stealth Rock
|
|-weather|Sandstorm|[upkeep]
|-damage|p2a: Sableye|182\/303|[from] sandstorm
|turn|7
|
|switch|p1a: Heatran|Heatran, F|217\/385
|-damage|p1a: Heatran|169\/385|[from] Stealth Rock
|move|p2a: Sableye|Recover|p2a: Sableye
|-heal|p2a: Sableye|303\/303
|
|-weather|Sandstorm|[upkeep]
|-damage|p2a: Sableye|285\/303|[from] sandstorm
|turn|8
|
|move|p1a: Heatran|Lava Plume|p2a: Sableye
|-damage|p2a: Sableye|174\/303
|move|p2a: Sableye|Knock Off|p1a: Heatran
|-damage|p1a: Heatran|106\/385
|
|-weather|Sandstorm|[upkeep]
|-damage|p2a: Sableye|156\/303|[from] sandstorm
|turn|9
|
|switch|p2a: Gastrodon|Gastrodon, F|382\/426
|move|p1a: Heatran|Toxic|p2a: Gastrodon
|-status|p2a: Gastrodon|tox
|
|-weather|none
|-heal|p2a: Gastrodon|408\/426 tox|[from] item: Leftovers
|-damage|p2a: Gastrodon|382\/426 tox|[from] psn
|turn|10
|
|switch|p1a: Excadrill|Excadrill, F|361\/361
|-damage|p1a: Excadrill|350\/361|[from] Stealth Rock
|-item|p1a: Excadrill|Air Balloon
|switch|p2a: Clefable|Clefable, M|394\/394
|
|turn|11
|
|switch|p2a: Gastrodon|Gastrodon, F|382\/426 tox
|move|p1a: Excadrill|Earthquake|p2a: Gastrodon
|-damage|p2a: Gastrodon|199\/426 tox
|
|-heal|p2a: Gastrodon|225\/426 tox|[from] item: Leftovers
|-damage|p2a: Gastrodon|199\/426 tox|[from] psn
|turn|12
|
|switch|p1a: Latios|Latios, M|301\/301
|-damage|p1a: Latios|264\/301|[from] Stealth Rock
|switch|p2a: Talonflame|Talonflame, M|317\/317
|
|turn|13
|
|switch|p1a: Tyranitar|Tyranitar, M|403\/403
|-damage|p1a: Tyranitar|353\/403|[from] Stealth Rock
|-weather|Sandstorm
|switch|p2a: Clefable|Clefable, M|394\/394
|
|-weather|Sandstorm|[upkeep]
|turn|14
|
|move|p1a: Tyranitar|Crunch|p2a: Clefable
|-resisted|p2a: Clefable
|-damage|p2a: Clefable|315\/394
|move|p2a: Clefable|Heal Bell|p2a: Clefable
|-cureteam|p2a: Clefable|[from] move: HealBell
|
|-weather|Sandstorm|[upkeep]
|-heal|p2a: Clefable|339\/394|[from] item: Leftovers
|turn|15
|
|switch|p1a: Gyarados|Gyarados, F|353\/353
|-damage|p1a: Gyarados|265\/353|[from] Stealth Rock
|-ability|p1a: Gyarados|Intimidate|[of] p2a: Clefable
|-unboost|p2a: Clefable|atk|1
|move|p2a: Clefable|Wish|p2a: Clefable
|
|-weather|Sandstorm|[upkeep]
|-damage|p1a: Gyarados|243\/353|[from] sandstorm
|-heal|p1a: Gyarados|265\/353|[from] item: Leftovers
|-heal|p2a: Clefable|363\/394|[from] item: Leftovers
|turn|16
|
|switch|p2a: Gastrodon|Gastrodon, F|199\/426
|move|p1a: Gyarados|Substitute|p1a: Gyarados
|-start|p1a: Gyarados|Substitute
|-damage|p1a: Gyarados|177\/353
|
|-weather|Sandstorm|[upkeep]
|-damage|p1a: Gyarados|155\/353|[from] sandstorm
|-heal|p2a: Gastrodon|396\/426|[from] move: Wish|[wisher] Clefable
|-heal|p1a: Gyarados|177\/353|[from] item: Leftovers
|-heal|p2a: Gastrodon|422\/426|[from] item: Leftovers
|turn|17
|
|switch|p2a: Rotom-Wash|Rotom-Wash|304\/304
|move|p1a: Gyarados|Dragon Dance|p1a: Gyarados
|-boost|p1a: Gyarados|atk|1
|-boost|p1a: Gyarados|spe|1
|
|-weather|none
|-heal|p1a: Gyarados|199\/353|[from] item: Leftovers
|turn|18
|
|move|p1a: Gyarados|Waterfall|p2a: Rotom-Wash
|-resisted|p2a: Rotom-Wash
|-damage|p2a: Rotom-Wash|222\/304
|move|p2a: Rotom-Wash|Volt Switch|p1a: Gyarados
|-supereffective|p1a: Gyarados
|-end|p1a: Gyarados|Substitute
|
|switch|p2a: Talonflame|Talonflame, M|317\/317
|
|-heal|p1a: Gyarados|221\/353|[from] item: Leftovers
|turn|19
|
|switch|p1a: Tyranitar|Tyranitar, M|353\/403
|-damage|p1a: Tyranitar|303\/403|[from] Stealth Rock
|-weather|Sandstorm
|switch|p2a: Gastrodon|Gastrodon, F|422\/426
|
|-weather|Sandstorm|[upkeep]
|-heal|p2a: Gastrodon|426\/426|[from] item: Leftovers
|turn|20
|
|switch|p1a: Latios|Latios, M|264\/301
|-damage|p1a: Latios|227\/301|[from] Stealth Rock
|move|p2a: Gastrodon|Scald|p1a: Latios
|-resisted|p1a: Latios
|-damage|p1a: Latios|184\/301
|
|-weather|Sandstorm|[upkeep]
|-damage|p1a: Latios|166\/301|[from] sandstorm
|turn|21
|
|move|p1a: Latios|Trick|p2a: Gastrodon
|-activate|p1a: Latios|move: Trick|[of] p2a: Gastrodon
|-item|p2a: Gastrodon|Choice Scarf|[from] move: Trick
|-item|p1a: Latios|Leftovers|[from] move: Trick
|move|p2a: Gastrodon|Recover|p2a: Gastrodon
|-fail|p2a: Gastrodon
|
|-weather|Sandstorm|[upkeep]
|-damage|p1a: Latios|148\/301|[from] sandstorm
|-heal|p1a: Latios|166\/301|[from] item: Leftovers
|turn|22
|
|switch|p1a: Excadrill|Excadrill, F|350\/361
|-damage|p1a: Excadrill|339\/361|[from] Stealth Rock
|-item|p1a: Excadrill|Air Balloon
|switch|p2a: Clefable|Clefable, M|363\/394
|
|-weather|Sandstorm|[upkeep]
|-heal|p2a: Clefable|387\/394|[from] item: Leftovers
|turn|23
|
|switch|p1a: Garchomp|Garchomp, F|357\/357
|-damage|p1a: Garchomp|335\/357|[from] Stealth Rock
|move|p2a: Clefable|Moonblast|p1a: Garchomp
|-supereffective|p1a: Garchomp
|-damage|p1a: Garchomp|59\/357
|-unboost|p1a: Garchomp|spa|1
|
|-weather|none
|-heal|p2a: Clefable|394\/394|[from] item: Leftovers
|turn|24
|c|âRandyll97|best predict all match
|c|âRandyll97|nice work
|
|switch|p1a: Heatran|Heatran, F|106\/385
|-damage|p1a: Heatran|58\/385|[from] Stealth Rock
|move|p2a: Clefable|Moonblast|p1a: Heatran
|-resisted|p1a: Heatran
|-damage|p1a: Heatran|40\/385
|
|turn|25
|c|âTythaeus|idk if that's a compliment or an insult
|c|âRandyll97|compliment...
|c|âRandyll97|how do you take that as an insult
|
|move|p1a: Heatran|Lava Plume|p2a: Clefable
|-damage|p2a: Clefable|307\/394
|move|p2a: Clefable|Moonblast|p1a: Heatran
|-resisted|p1a: Heatran
|-damage|p1a: Heatran|22\/385
|-unboost|p1a: Heatran|spa|1
|
|-heal|p2a: Clefable|331\/394|[from] item: Leftovers
|turn|26
|
|switch|p1a: Excadrill|Excadrill, F|339\/361
|-damage|p1a: Excadrill|328\/361|[from] Stealth Rock
|-item|p1a: Excadrill|Air Balloon
|move|p2a: Clefable|Wish|p2a: Clefable
|
|-heal|p2a: Clefable|355\/394|[from] item: Leftovers
|turn|27
|
|switch|p2a: Gastrodon|Gastrodon, F|426\/426
|move|p1a: Excadrill|Earthquake|p2a: Gastrodon
|-damage|p2a: Gastrodon|249\/426
|
|-heal|p2a: Gastrodon|426\/426|[from] move: Wish|[wisher] Clefable
|turn|28
|
|switch|p2a: Clefable|Clefable, M|355\/394
|move|p1a: Excadrill|Rapid Spin|p2a: Clefable
|-crit|p2a: Clefable
|-damage|p2a: Clefable|299\/394
|-sideend|p1: Randyll97|Stealth Rock|[from] move: Rapid Spin|[of] p1a: Excadrill
|
|-heal|p2a: Clefable|323\/394|[from] item: Leftovers
|turn|29
|
|switch|p2a: Talonflame|Talonflame, M|317\/317
|move|p1a: Excadrill|Iron Head|p2a: Talonflame
|-resisted|p2a: Talonflame
|-damage|p2a: Talonflame|215\/317
|
|-heal|p2a: Talonflame|234\/317|[from] item: Leftovers
|turn|30
|
|switch|p1a: Tyranitar|Tyranitar, M|303\/403
|-weather|Sandstorm
|move|p2a: Talonflame|Flare Blitz|p1a: Tyranitar
|-resisted|p1a: Tyranitar
|-damage|p1a: Tyranitar|246\/403
|-status|p1a: Tyranitar|brn
|-damage|p2a: Talonflame|215\/317|[from] recoil|[of] p1a: Tyranitar
|
|-weather|Sandstorm|[upkeep]
|-damage|p2a: Talonflame|196\/317|[from] sandstorm
|-heal|p2a: Talonflame|215\/317|[from] item: Leftovers
|-damage|p1a: Tyranitar|196\/403 brn|[from] brn
|turn|31
|
|switch|p2a: Sableye|Sableye-Mega, M|156\/303
|switch|p1a: Garchomp|Garchomp, F|59\/357
|
|-weather|Sandstorm|[upkeep]
|-damage|p2a: Sableye|138\/303|[from] sandstorm
|turn|32
|
|move|p1a: Garchomp|Earthquake|p2a: Sableye
|-damage|p2a: Sableye|45\/303
|move|p2a: Sableye|Recover|p2a: Sableye
|-heal|p2a: Sableye|197\/303
|
|-weather|Sandstorm|[upkeep]
|-damage|p2a: Sableye|179\/303|[from] sandstorm
|turn|33
|
|detailschange|p1a: Garchomp|Garchomp-Mega, F
|message|Garchomp has Mega Evolved into Mega Garchomp!
|move|p1a: Garchomp|Earthquake|p2a: Sableye
|-damage|p2a: Sableye|25\/303
|move|p2a: Sableye|Recover|p2a: Sableye
|-heal|p2a: Sableye|177\/303
|
|-weather|Sandstorm|[upkeep]
|-damage|p2a: Sableye|159\/303|[from] sandstorm
|turn|34
|
|switch|p2a: Rotom-Wash|Rotom-Wash|222\/304
|move|p1a: Garchomp|Draco Meteor|p2a: Rotom-Wash|[miss]
|-miss|p1a: Garchomp|p2a: Rotom-Wash
|
|-weather|none
|-heal|p2a: Rotom-Wash|241\/304|[from] item: Leftovers
|turn|35
|c|âRandyll97|:(
|
|move|p1a: Garchomp|Draco Meteor|p2a: Rotom-Wash
|-damage|p2a: Rotom-Wash|48\/304
|-unboost|p1a: Garchomp|spa|2
|move|p2a: Rotom-Wash|Thunder Wave|p1a: Garchomp
|-immune|p1a: Garchomp|[msg]
|
|-heal|p2a: Rotom-Wash|67\/304|[from] item: Leftovers
|turn|36
|
|switch|p2a: Gastrodon|Gastrodon, F|426\/426
|move|p1a: Garchomp|Stone Edge|p2a: Gastrodon|[miss]
|-miss|p1a: Garchomp|p2a: Gastrodon
|
|turn|37
|
|switch|p1a: Latios|Latios, M|166\/301
|move|p2a: Gastrodon|Scald|p1a: Latios
|-resisted|p1a: Latios
|-damage|p1a: Latios|128\/301
|
|-heal|p1a: Latios|146\/301|[from] item: Leftovers
|turn|38
|
|move|p1a: Latios|Tailwind|p1a: Latios
|-sidestart|p1: Randyll97|move: Tailwind
|move|p2a: Gastrodon|Scald|p1a: Latios
|-resisted|p1a: Latios
|-damage|p1a: Latios|107\/301
|
|-heal|p1a: Latios|125\/301|[from] item: Leftovers
|turn|39
|
|move|p1a: Latios|Psyshock|p2a: Gastrodon
|-damage|p2a: Gastrodon|303\/426
|move|p2a: Gastrodon|Scald|p1a: Latios
|-resisted|p1a: Latios
|-damage|p1a: Latios|87\/301
|
|-heal|p1a: Latios|105\/301|[from] item: Leftovers
|turn|40
|
|move|p1a: Latios|Draco Meteor|p2a: Gastrodon
|-damage|p2a: Gastrodon|21\/426
|-unboost|p1a: Latios|spa|2
|move|p2a: Gastrodon|Scald|p1a: Latios
|-resisted|p1a: Latios
|-damage|p1a: Latios|63\/301
|
|-heal|p1a: Latios|81\/301|[from] item: Leftovers
|turn|41
|
|move|p1a: Latios|Draco Meteor|p2a: Gastrodon
|-damage|p2a: Gastrodon|0 fnt
|-unboost|p1a: Latios|spa|2
|faint|p2a: Gastrodon
|
|-heal|p1a: Latios|99\/301|[from] item: Leftovers
|-sideend|p1: Randyll97|move: Tailwind
|
|switch|p2a: Talonflame|Talonflame, M|215\/317
|turn|42
|
|switch|p1a: Tyranitar|Tyranitar, M|196\/403 brn
|-weather|Sandstorm
|move|p2a: Talonflame|Brave Bird|p1a: Tyranitar
|-resisted|p1a: Tyranitar
|-damage|p1a: Tyranitar|145\/403 brn
|-damage|p2a: Talonflame|198\/317|[from] recoil|[of] p1a: Tyranitar
|
|-weather|Sandstorm|[upkeep]
|-damage|p2a: Talonflame|179\/317|[from] sandstorm
|-heal|p2a: Talonflame|198\/317|[from] item: Leftovers
|-damage|p1a: Tyranitar|95\/403 brn|[from] brn
|turn|43
|
|switch|p2a: Sableye|Sableye-Mega, M|159\/303
|switch|p1a: Excadrill|Excadrill, F|328\/361
|-item|p1a: Excadrill|Air Balloon
|
|-weather|Sandstorm|[upkeep]
|-damage|p2a: Sableye|141\/303|[from] sandstorm
|turn|44
|
|move|p1a: Excadrill|Earthquake|p2a: Sableye
|-damage|p2a: Sableye|20\/303
|move|p2a: Sableye|Foul Play|p1a: Excadrill
|-damage|p1a: Excadrill|43\/361
|-enditem|p1a: Excadrill|Air Balloon
|
|-weather|Sandstorm|[upkeep]
|-damage|p2a: Sableye|2\/303|[from] sandstorm
|turn|45
|
|move|p1a: Excadrill|Iron Head|p2a: Sableye
|-damage|p2a: Sableye|0 fnt
|faint|p2a: Sableye
|
|-weather|Sandstorm|[upkeep]
|
|switch|p2a: Talonflame|Talonflame, M|198\/317
|turn|46
|
|move|p2a: Talonflame|Brave Bird|p1a: Excadrill
|-resisted|p1a: Excadrill
|-damage|p1a: Excadrill|0 fnt
|-damage|p2a: Talonflame|184\/317|[from] recoil|[of] p1a: Excadrill
|faint|p1a: Excadrill
|
|-weather|none
|-heal|p2a: Talonflame|203\/317|[from] item: Leftovers
|
|switch|p1a: Gyarados|Gyarados, F|221\/353
|-ability|p1a: Gyarados|Intimidate|[of] p2a: Talonflame
|-unboost|p2a: Talonflame|atk|1
|turn|47
|
|switch|p2a: Rotom-Wash|Rotom-Wash|67\/304
|move|p1a: Gyarados|Dragon Dance|p1a: Gyarados
|-boost|p1a: Gyarados|atk|1
|-boost|p1a: Gyarados|spe|1
|
|-heal|p1a: Gyarados|243\/353|[from] item: Leftovers
|-heal|p2a: Rotom-Wash|86\/304|[from] item: Leftovers
|turn|48
|
|move|p1a: Gyarados|Substitute|p1a: Gyarados
|-start|p1a: Gyarados|Substitute
|-damage|p1a: Gyarados|155\/353
|move|p2a: Rotom-Wash|Volt Switch|p1a: Gyarados
|-supereffective|p1a: Gyarados
|-end|p1a: Gyarados|Substitute
|
|switch|p2a: Clefable|Clefable, M|323\/394
|
|-heal|p1a: Gyarados|177\/353|[from] item: Leftovers
|-heal|p2a: Clefable|347\/394|[from] item: Leftovers
|turn|49
|
|move|p1a: Gyarados|Substitute|p1a: Gyarados
|-start|p1a: Gyarados|Substitute
|-damage|p1a: Gyarados|89\/353
|move|p2a: Clefable|Moonblast|p1a: Gyarados
|-crit|p1a: Gyarados
|-end|p1a: Gyarados|Substitute
|
|-heal|p1a: Gyarados|111\/353|[from] item: Leftovers
|-heal|p2a: Clefable|371\/394|[from] item: Leftovers
|turn|50
|
|move|p1a: Gyarados|Substitute|p1a: Gyarados
|-start|p1a: Gyarados|Substitute
|-damage|p1a: Gyarados|23\/353
|move|p2a: Clefable|Moonblast|p1a: Gyarados
|-crit|p1a: Gyarados
|-end|p1a: Gyarados|Substitute
|
|-heal|p1a: Gyarados|45\/353|[from] item: Leftovers
|-heal|p2a: Clefable|394\/394|[from] item: Leftovers
|turn|51
|
|move|p1a: Gyarados|Waterfall|p2a: Clefable
|-damage|p2a: Clefable|91\/394
|move|p2a: Clefable|Moonblast|p1a: Gyarados
|-damage|p1a: Gyarados|0 fnt
|faint|p1a: Gyarados
|
|-heal|p2a: Clefable|115\/394|[from] item: Leftovers
|
|switch|p1a: Garchomp|Garchomp-Mega, F|59\/357
|turn|52
|
|move|p1a: Garchomp|Earthquake|p2a: Clefable
|-damage|p2a: Clefable|0 fnt
|faint|p2a: Clefable
|
|
|switch|p2a: Talonflame|Talonflame, M|203\/317
|turn|53
|
|switch|p1a: Tyranitar|Tyranitar, M|95\/403 brn
|-weather|Sandstorm
|move|p2a: Talonflame|Brave Bird|p1a: Tyranitar
|-resisted|p1a: Tyranitar
|-damage|p1a: Tyranitar|44\/403 brn
|-damage|p2a: Talonflame|186\/317|[from] recoil|[of] p1a: Tyranitar
|
|-weather|Sandstorm|[upkeep]
|-damage|p2a: Talonflame|167\/317|[from] sandstorm
|-heal|p2a: Talonflame|186\/317|[from] item: Leftovers
|-damage|p1a: Tyranitar|0 fnt|[from] brn
|faint|p1a: Tyranitar
|
|switch|p1a: Latios|Latios, M|99\/301
|turn|54
|
|move|p2a: Talonflame|Brave Bird|p1a: Latios
|-damage|p1a: Latios|0 fnt
|-damage|p2a: Talonflame|153\/317|[from] recoil|[of] p1a: Latios
|faint|p1a: Latios
|
|-weather|Sandstorm|[upkeep]
|-damage|p2a: Talonflame|134\/317|[from] sandstorm
|-heal|p2a: Talonflame|153\/317|[from] item: Leftovers
|
|switch|p1a: Heatran|Heatran, F|22\/385
|turn|55
|
|move|p1a: Heatran|Protect|p1a: Heatran
|-singleturn|p1a: Heatran|Protect
|move|p2a: Talonflame|Brave Bird|p1a: Heatran
|-activate|p1a: Heatran|Protect
|
|-weather|Sandstorm|[upkeep]
|-damage|p2a: Talonflame|134\/317|[from] sandstorm
|-heal|p2a: Talonflame|153\/317|[from] item: Leftovers
|turn|56
|
|move|p2a: Talonflame|Brave Bird|p1a: Heatran
|-resisted|p1a: Heatran
|-damage|p1a: Heatran|0 fnt
|-damage|p2a: Talonflame|146\/317|[from] recoil|[of] p1a: Heatran
|faint|p1a: Heatran
|
|-weather|Sandstorm|[upkeep]
|-damage|p2a: Talonflame|127\/317|[from] sandstorm
|-heal|p2a: Talonflame|146\/317|[from] item: Leftovers
|
|switch|p1a: Garchomp|Garchomp-Mega, F|59\/357
|turn|57
|
|move|p2a: Talonflame|Brave Bird|p1a: Garchomp
|-crit|p1a: Garchomp
|-damage|p1a: Garchomp|0 fnt
|-damage|p2a: Talonflame|127\/317|[from] recoil|[of] p1a: Garchomp
|faint|p1a: Garchomp
|
|win|Tythaeus
|raw|Ladder updating...
|raw|Randyll97's rating: 1364 &rarr; <strong>1348<\/strong><br \/>(-16 for losing)
|raw|Tythaeus's rating: 1444 &rarr; <strong>1460<\/strong><br \/>(+16 for winning)
|c|âRandyll97|gg well played
|c|âTythaeus|gg wp