|join|Tythaeus
|join|Mashalla
|player|p1|Tythaeus|40
|player|p2|Mashalla|32
|gametype|singles
|gen|6
|tier|OU
|rated
|clearpoke
|poke|p1|Sableye, F
|poke|p1|Talonflame, M
|poke|p1|Excadrill, M
|poke|p1|Clefable, F
|poke|p1|Gastrodon, M
|poke|p1|Rotom-Wash
|poke|p2|Lopunny, M
|poke|p2|Greninja, F, shiny
|poke|p2|Landorus-Therian, M
|poke|p2|Latios, M
|poke|p2|Heatran, F
|poke|p2|Clefable, F
|rule|Swagger Clause: Swagger is banned
|rule|Baton Pass Clause: Limit one PokÃ©mon knowing Baton Pass
|rule|Sleep Clause Mod: Limit one foe put to sleep
|rule|Species Clause: Limit one of each PokÃ©mon
|rule|OHKO Clause: OHKO moves are banned
|rule|Moody Clause: Moody is banned
|rule|Evasion Moves Clause: Evasion moves are banned
|rule|Endless Battle Clause: Forcing endless battles is banned
|rule|HP Percentage Mod: HP is shown in percentages
|teampreview
|
|start
|switch|p1a: Sableye|Sableye, F|303\/303
|switch|p2a: Landorus-Therian|Landorus-Therian, M|320\/320
|-ability|p2a: Landorus-Therian|Intimidate|[of] p1a: Sableye
|-unboost|p1a: Sableye|atk|1
|turn|1
|
|switch|p2a: Heatran|Heatran, F|326\/326
|-item|p2a: Heatran|Air Balloon
|detailschange|p1a: Sableye|Sableye-Mega, F
|message|Sableye has Mega Evolved into Mega Sableye!
|move|p1a: Sableye|Knock Off|p2a: Heatran
|-damage|p2a: Heatran|266\/326
|-enditem|p2a: Heatran|Air Balloon
|
|turn|2
|
|switch|p1a: Gastrodon|Gastrodon, M|426\/426
|move|p2a: Heatran|Lava Plume|p1a: Gastrodon
|-resisted|p1a: Gastrodon
|-damage|p1a: Gastrodon|337\/426
|
|-heal|p1a: Gastrodon|363\/426|[from] item: Leftovers
|turn|3
|
|switch|p2a: Clefable|Clefable, F|394\/394
|move|p1a: Gastrodon|Scald|p2a: Clefable
|-damage|p2a: Clefable|324\/394
|
|-heal|p2a: Clefable|348\/394|[from] item: Leftovers
|-heal|p1a: Gastrodon|389\/426|[from] item: Leftovers
|turn|4
|
|switch|p1a: Excadrill|Excadrill, M|362\/362
|-ability|p1a: Excadrill|Mold Breaker
|move|p2a: Clefable|Moonblast|p1a: Excadrill
|-resisted|p1a: Excadrill
|-damage|p1a: Excadrill|278\/362
|-unboost|p1a: Excadrill|spa|1
|
|-heal|p2a: Clefable|372\/394|[from] item: Leftovers
|turn|5
|
|switch|p2a: Landorus-Therian|Landorus-Therian, M|320\/320
|-ability|p2a: Landorus-Therian|Intimidate|[of] p1a: Excadrill
|-unboost|p1a: Excadrill|atk|1
|move|p1a: Excadrill|Stealth Rock|p2a: Landorus-Therian
|-sidestart|p2: Mashalla|move: Stealth Rock
|
|turn|6
|
|switch|p1a: Sableye|Sableye-Mega, F|303\/303
|move|p2a: Landorus-Therian|U-turn|p1a: Sableye
|-damage|p1a: Sableye|250\/303
|
|switch|p2a: Lopunny|Lopunny, M|271\/271
|-damage|p2a: Lopunny|238\/271|[from] Stealth Rock
|
|turn|7
|
|switch|p1a: Rotom-Wash|Rotom-Wash|304\/304
|detailschange|p2a: Lopunny|Lopunny-Mega, M
|message|Lopunny has Mega Evolved into Mega Lopunny!
|move|p2a: Lopunny|Fake Out|p1a: Rotom-Wash
|-damage|p1a: Rotom-Wash|253\/304
|
|-heal|p1a: Rotom-Wash|272\/304|[from] item: Leftovers
|turn|8
|
|switch|p2a: Latios|Latios, M|302\/302
|-damage|p2a: Latios|265\/302|[from] Stealth Rock
|move|p1a: Rotom-Wash|Thunder Wave|p2a: Latios
|-status|p2a: Latios|par
|
|-heal|p1a: Rotom-Wash|291\/304|[from] item: Leftovers
|turn|9
|
|move|p1a: Rotom-Wash|Volt Switch|p2a: Latios
|-resisted|p2a: Latios
|-damage|p2a: Latios|223\/302 par
|
|switch|p1a: Clefable|Clefable, F|394\/394
|move|p2a: Latios|Psyshock|p1a: Clefable
|-damage|p1a: Clefable|238\/394
|-damage|p2a: Latios|193\/302 par|[from] item: Life Orb
|
|-heal|p1a: Clefable|262\/394|[from] item: Leftovers
|turn|10
|
|switch|p1a: Rotom-Wash|Rotom-Wash|291\/304
|move|p2a: Latios|Defog|p1a: Rotom-Wash
|-unboost|p1a: Rotom-Wash|evasion|1
|-sideend|p2: Mashalla|Stealth Rock|[from] move: Defog|[of] p2a: Latios
|
|-heal|p1a: Rotom-Wash|304\/304|[from] item: Leftovers
|turn|11
|
|move|p1a: Rotom-Wash|Volt Switch|p2a: Latios
|-resisted|p2a: Latios
|-damage|p2a: Latios|156\/302 par
|
|switch|p1a: Sableye|Sableye-Mega, F|250\/303
|cant|p2a: Latios|par
|
|turn|12
|
|move|p2a: Latios|Draco Meteor|p1a: Sableye
|-damage|p1a: Sableye|0 fnt
|-unboost|p2a: Latios|spa|2
|-damage|p2a: Latios|126\/302 par|[from] item: Life Orb
|faint|p1a: Sableye
|
|
|switch|p1a: Excadrill|Excadrill, M|278\/362
|-ability|p1a: Excadrill|Mold Breaker
|turn|13
|
|switch|p2a: Landorus-Therian|Landorus-Therian, M|320\/320
|-ability|p2a: Landorus-Therian|Intimidate|[of] p1a: Excadrill
|-unboost|p1a: Excadrill|atk|1
|move|p1a: Excadrill|Iron Head|p2a: Landorus-Therian
|-damage|p2a: Landorus-Therian|176\/320
|-damage|p1a: Excadrill|242\/362|[from] item: Life Orb
|
|turn|14
|
|switch|p1a: Gastrodon|Gastrodon, M|389\/426
|move|p2a: Landorus-Therian|U-turn|p1a: Gastrodon
|-damage|p1a: Gastrodon|307\/426
|
|switch|p2a: Lopunny|Lopunny-Mega, M|238\/271
|
|-heal|p1a: Gastrodon|333\/426|[from] item: Leftovers
|turn|15
|
|move|p2a: Lopunny|Fake Out|p1a: Gastrodon
|-damage|p1a: Gastrodon|266\/426
|cant|p1a: Gastrodon|flinch
|
|-heal|p1a: Gastrodon|292\/426|[from] item: Leftovers
|turn|16
|
|switch|p2a: Clefable|Clefable, F|372\/394
|move|p1a: Gastrodon|Recover|p1a: Gastrodon
|-heal|p1a: Gastrodon|426\/426
|
|-heal|p2a: Clefable|394\/394|[from] item: Leftovers
|turn|17
|
|switch|p1a: Talonflame|Talonflame, M|317\/317
|move|p2a: Clefable|Heal Bell|p2a: Clefable
|-cureteam|p2a: Clefable|[from] move: HealBell
|
|turn|18
|
|switch|p2a: Heatran|Heatran, F|266\/326
|move|p1a: Talonflame|Swords Dance|p1a: Talonflame
|-boost|p1a: Talonflame|atk|2
|
|turn|19
|
|move|p1a: Talonflame|Brave Bird|p2a: Heatran
|-resisted|p2a: Heatran
|-damage|p2a: Heatran|111\/326
|-damage|p1a: Talonflame|266\/317|[from] recoil|[of] p2a: Heatran
|move|p2a: Heatran|Lava Plume|p1a: Talonflame
|-resisted|p1a: Talonflame
|-damage|p1a: Talonflame|165\/317
|
|-heal|p1a: Talonflame|184\/317|[from] item: Leftovers
|turn|20
|
|move|p1a: Talonflame|Brave Bird|p2a: Heatran
|-resisted|p2a: Heatran
|-damage|p2a: Heatran|0 fnt
|-damage|p1a: Talonflame|147\/317|[from] recoil|[of] p2a: Heatran
|faint|p2a: Heatran
|
|-heal|p1a: Talonflame|166\/317|[from] item: Leftovers
|
|switch|p2a: Lopunny|Lopunny-Mega, M|238\/271
|turn|21
|
|switch|p1a: Clefable|Clefable, F|262\/394
|move|p2a: Lopunny|Fake Out|p1a: Clefable
|-damage|p1a: Clefable|190\/394
|
|-heal|p1a: Clefable|214\/394|[from] item: Leftovers
|turn|22
|
|move|p2a: Lopunny|Return|p1a: Clefable
|-damage|p1a: Clefable|37\/394
|move|p1a: Clefable|Wish|p1a: Clefable
|
|-heal|p1a: Clefable|61\/394|[from] item: Leftovers
|turn|23
|
|switch|p2a: Greninja|Greninja, F, shiny|285\/285
|switch|p1a: Rotom-Wash|Rotom-Wash|304\/304
|
|turn|24
|
|move|p2a: Greninja|Dark Pulse|p1a: Rotom-Wash
|-start|p2a: Greninja|typechange|Dark|[from] Protean
|-damage|p1a: Rotom-Wash|156\/304
|-damage|p2a: Greninja|257\/285|[from] item: Life Orb
|move|p1a: Rotom-Wash|Thunder Wave|p2a: Greninja
|-status|p2a: Greninja|par
|
|-heal|p1a: Rotom-Wash|175\/304|[from] item: Leftovers
|turn|25
|
|move|p1a: Rotom-Wash|Volt Switch|p2a: Greninja
|-crit|p2a: Greninja
|-damage|p2a: Greninja|89\/285 par
|
|switch|p1a: Clefable|Clefable, F|61\/394
|move|p2a: Greninja|Dark Pulse|p1a: Clefable
|-resisted|p1a: Clefable
|-damage|p1a: Clefable|0 fnt
|-damage|p2a: Greninja|61\/285 par|[from] item: Life Orb
|faint|p1a: Clefable
|
|
|switch|p1a: Excadrill|Excadrill, M|242\/362
|-ability|p1a: Excadrill|Mold Breaker
|turn|26
|
|move|p1a: Excadrill|Iron Head|p2a: Greninja
|-damage|p2a: Greninja|0 fnt
|-damage|p1a: Excadrill|206\/362|[from] item: Life Orb
|faint|p2a: Greninja
|
|
|switch|p2a: Lopunny|Lopunny-Mega, M|238\/271
|turn|27
|
|switch|p1a: Gastrodon|Gastrodon, M|426\/426
|move|p2a: Lopunny|High Jump Kick|p1a: Gastrodon
|-damage|p1a: Gastrodon|219\/426
|
|-heal|p1a: Gastrodon|245\/426|[from] item: Leftovers
|turn|28
|
|switch|p2a: Landorus-Therian|Landorus-Therian, M|176\/320
|-ability|p2a: Landorus-Therian|Intimidate|[of] p1a: Gastrodon
|-unboost|p1a: Gastrodon|atk|1
|move|p1a: Gastrodon|Recover|p1a: Gastrodon
|-heal|p1a: Gastrodon|426\/426
|
|turn|29
|
|move|p2a: Landorus-Therian|Knock Off|p1a: Gastrodon
|-damage|p1a: Gastrodon|302\/426
|-enditem|p1a: Gastrodon|Leftovers|[from] move: Knock Off|[of] p2a: Landorus-Therian
|move|p1a: Gastrodon|Toxic|p2a: Landorus-Therian
|-status|p2a: Landorus-Therian|tox
|
|-damage|p2a: Landorus-Therian|156\/320 tox|[from] psn
|turn|30
|
|switch|p2a: Clefable|Clefable, F|394\/394
|move|p1a: Gastrodon|Recover|p1a: Gastrodon
|-heal|p1a: Gastrodon|426\/426
|
|turn|31
|
|switch|p1a: Talonflame|Talonflame, M|166\/317
|move|p2a: Clefable|Heal Bell|p2a: Clefable
|-cureteam|p2a: Clefable|[from] move: HealBell
|
|-heal|p1a: Talonflame|185\/317|[from] item: Leftovers
|turn|32
|
|move|p1a: Talonflame|Roost|p1a: Talonflame
|-heal|p1a: Talonflame|317\/317
|move|p2a: Clefable|Wish|p2a: Clefable
|
|turn|33
|
|switch|p2a: Landorus-Therian|Landorus-Therian, M|156\/320
|-ability|p2a: Landorus-Therian|Intimidate|[of] p1a: Talonflame
|-unboost|p1a: Talonflame|atk|1
|move|p1a: Talonflame|Brave Bird|p2a: Landorus-Therian
|-damage|p2a: Landorus-Therian|44\/320
|-damage|p1a: Talonflame|280\/317|[from] recoil|[of] p2a: Landorus-Therian
|
|-heal|p2a: Landorus-Therian|241\/320|[from] move: Wish|[wisher] Clefable
|-heal|p1a: Talonflame|299\/317|[from] item: Leftovers
|turn|34
|
|switch|p1a: Rotom-Wash|Rotom-Wash|175\/304
|move|p2a: Landorus-Therian|U-turn|p1a: Rotom-Wash
|-damage|p1a: Rotom-Wash|112\/304
|
|switch|p2a: Lopunny|Lopunny-Mega, M|238\/271
|
|-heal|p1a: Rotom-Wash|131\/304|[from] item: Leftovers
|turn|35
|
|switch|p2a: Latios|Latios, M|126\/302
|switch|p1a: Gastrodon|Gastrodon, M|426\/426
|
|turn|36
|
|move|p2a: Latios|Psyshock|p1a: Gastrodon
|-damage|p1a: Gastrodon|266\/426
|-damage|p2a: Latios|96\/302|[from] item: Life Orb
|move|p1a: Gastrodon|Toxic|p2a: Latios
|-status|p2a: Latios|tox
|
|-damage|p2a: Latios|78\/302 tox|[from] psn
|turn|37
|
|switch|p1a: Excadrill|Excadrill, M|206\/362
|-ability|p1a: Excadrill|Mold Breaker
|move|p2a: Latios|Draco Meteor|p1a: Excadrill|[miss]
|-miss|p2a: Latios|p1a: Excadrill
|
|-damage|p2a: Latios|42\/302 tox|[from] psn
|turn|38
|
|switch|p1a: Gastrodon|Gastrodon, M|266\/426
|move|p2a: Latios|Hidden Power|p1a: Gastrodon
|-resisted|p1a: Gastrodon
|-damage|p1a: Gastrodon|208\/426
|-damage|p2a: Latios|12\/302 tox|[from] item: Life Orb
|
|-damage|p2a: Latios|0 fnt|[from] psn
|faint|p2a: Latios
|
|switch|p2a: Lopunny|Lopunny-Mega, M|238\/271
|turn|39
|
|move|p2a: Lopunny|Fake Out|p1a: Gastrodon
|-damage|p1a: Gastrodon|145\/426
|cant|p1a: Gastrodon|flinch
|
|turn|40
|
|move|p2a: Lopunny|High Jump Kick|p1a: Gastrodon
|-crit|p1a: Gastrodon
|-damage|p1a: Gastrodon|0 fnt
|faint|p1a: Gastrodon
|
|
|switch|p1a: Talonflame|Talonflame, M|299\/317
|turn|41
|
|switch|p2a: Clefable|Clefable, F|394\/394
|switch|p1a: Rotom-Wash|Rotom-Wash|131\/304
|
|-heal|p1a: Rotom-Wash|150\/304|[from] item: Leftovers
|turn|42
|
|move|p1a: Rotom-Wash|Volt Switch|p2a: Clefable
|-damage|p2a: Clefable|328\/394
|
|switch|p1a: Talonflame|Talonflame, M|299\/317
|move|p2a: Clefable|Moonblast|p1a: Talonflame
|-resisted|p1a: Talonflame
|-damage|p1a: Talonflame|221\/317
|
|-heal|p1a: Talonflame|240\/317|[from] item: Leftovers
|-heal|p2a: Clefable|352\/394|[from] item: Leftovers
|turn|43
|
|switch|p2a: Landorus-Therian|Landorus-Therian, M|241\/320
|-ability|p2a: Landorus-Therian|Intimidate|[of] p1a: Talonflame
|-unboost|p1a: Talonflame|atk|1
|move|p1a: Talonflame|Swords Dance|p1a: Talonflame
|-boost|p1a: Talonflame|atk|2
|
|-heal|p1a: Talonflame|259\/317|[from] item: Leftovers
|turn|44
|
|move|p1a: Talonflame|Brave Bird|p2a: Landorus-Therian
|-damage|p2a: Landorus-Therian|7\/320
|-damage|p1a: Talonflame|182\/317|[from] recoil|[of] p2a: Landorus-Therian
|move|p2a: Landorus-Therian|Stone Edge|p1a: Talonflame
|-supereffective|p1a: Talonflame
|-damage|p1a: Talonflame|0 fnt
|faint|p1a: Talonflame
|
|
|switch|p1a: Excadrill|Excadrill, M|206\/362
|-ability|p1a: Excadrill|Mold Breaker
|turn|45
|
|move|p2a: Landorus-Therian|Stone Edge|p1a: Excadrill
|-resisted|p1a: Excadrill
|-damage|p1a: Excadrill|155\/362
|move|p1a: Excadrill|Iron Head|p2a: Landorus-Therian
|-damage|p2a: Landorus-Therian|0 fnt
|-damage|p1a: Excadrill|119\/362|[from] item: Life Orb
|faint|p2a: Landorus-Therian
|
|
|switch|p2a: Lopunny|Lopunny-Mega, M|238\/271
|turn|46
|
|switch|p1a: Rotom-Wash|Rotom-Wash|150\/304
|move|p2a: Lopunny|Fake Out|p1a: Rotom-Wash
|-damage|p1a: Rotom-Wash|95\/304
|
|-heal|p1a: Rotom-Wash|114\/304|[from] item: Leftovers
|turn|47
|
|move|p2a: Lopunny|High Jump Kick|p1a: Rotom-Wash
|-damage|p1a: Rotom-Wash|0 fnt
|faint|p1a: Rotom-Wash
|
|
|switch|p1a: Excadrill|Excadrill, M|119\/362
|-ability|p1a: Excadrill|Mold Breaker
|turn|48
|
|switch|p2a: Clefable|Clefable, F|352\/394
|move|p1a: Excadrill|Earthquake|p2a: Clefable
|-damage|p2a: Clefable|67\/394
|-damage|p1a: Excadrill|83\/362|[from] item: Life Orb
|
|-heal|p2a: Clefable|91\/394|[from] item: Leftovers
|turn|49
|
|move|p1a: Excadrill|Earthquake|p2a: Clefable
|-damage|p2a: Clefable|0 fnt
|-damage|p1a: Excadrill|47\/362|[from] item: Life Orb
|faint|p2a: Clefable
|
|c|âMashalla|gg
|-message|Tythaeus forfeited.
|
|win|Mashalla
|raw|Ladder updating...
|c|âMashalla|that was avery good one
|leave|Tythaeus
|player|p1
|raw|Tythaeus's rating: 1478 &rarr; <strong>1455<\/strong><br \/>(-23 for losing)
|raw|Mashalla's rating: 1421 &rarr; <strong>1444<\/strong><br \/>(+23 for winning)