|join|JOSHKOSH
|join|Tythaeus
|player|p1|JOSHKOSH|76
|player|p2|Tythaeus|96
|gametype|singles
|gen|6
|tier|OU
|rated
|clearpoke
|poke|p1|Charizard, F
|poke|p1|Bisharp, F
|poke|p1|Keldeo
|poke|p1|Latias, F
|poke|p1|Thundurus, M
|poke|p1|Ferrothorn, F
|poke|p2|Metagross
|poke|p2|Landorus-Therian, M
|poke|p2|Heatran, M
|poke|p2|Latios, M
|poke|p2|Chesnaught, F
|poke|p2|Keldeo
|rule|Swagger Clause: Swagger is banned
|rule|Baton Pass Clause: Limit one PokÃ©mon knowing Baton Pass
|rule|Sleep Clause Mod: Limit one foe put to sleep
|rule|Species Clause: Limit one of each PokÃ©mon
|rule|OHKO Clause: OHKO moves are banned
|rule|Moody Clause: Moody is banned
|rule|Evasion Moves Clause: Evasion moves are banned
|rule|Endless Battle Clause: Forcing endless battles is banned
|rule|HP Percentage Mod: HP is shown in percentages
|teampreview
|
|start
|switch|p1a: Thundurus|Thundurus, M|299\/299
|switch|p2a: Heatran|Heatran, M|323\/323
|turn|1
|
|switch|p2a: Chesnaught|Chesnaught, F|320\/320
|move|p1a: Thundurus|Taunt|p2a: Chesnaught
|-start|p2a: Chesnaught|move: Taunt
|
|turn|2
|
|switch|p2a: Heatran|Heatran, M|323\/323
|move|p1a: Thundurus|Thunder Wave|p2a: Heatran
|-status|p2a: Heatran|par
|
|turn|3
|
|move|p1a: Thundurus|Taunt|p2a: Heatran
|-start|p2a: Heatran|move: Taunt
|move|p2a: Heatran|Lava Plume|p1a: Thundurus
|-damage|p1a: Thundurus|142\/299
|
|turn|4
|
|switch|p2a: Latios|Latios, M|301\/301
|move|p1a: Thundurus|Focus Blast|p2a: Latios
|-resisted|p2a: Latios
|-damage|p2a: Latios|223\/301
|-damage|p1a: Thundurus|113\/299|[from] item: Life Orb
|
|turn|5
|
|switch|p2a: Landorus-Therian|Landorus-Therian, M|379\/379
|-ability|p2a: Landorus-Therian|Intimidate|[of] p1a: Thundurus
|-unboost|p1a: Thundurus|atk|1
|move|p1a: Thundurus|Thunder Wave|p2a: Landorus-Therian
|-immune|p2a: Landorus-Therian|[msg]
|
|turn|6
|
|switch|p1a: Ferrothorn|Ferrothorn, F|352\/352
|move|p2a: Landorus-Therian|Stealth Rock|p1a: Ferrothorn
|-sidestart|p1: JOSHKOSH|move: Stealth Rock
|
|turn|7
|
|switch|p2a: Chesnaught|Chesnaught, F|320\/320
|move|p1a: Ferrothorn|Leech Seed|p2a: Chesnaught
|-immune|p2a: Chesnaught|[msg]
|
|turn|8
|
|move|p1a: Ferrothorn|Protect|p1a: Ferrothorn
|-singleturn|p1a: Ferrothorn|Protect
|move|p2a: Chesnaught|Substitute|p2a: Chesnaught
|-start|p2a: Chesnaught|Substitute
|-damage|p2a: Chesnaught|240\/320
|
|turn|9
|
|move|p2a: Chesnaught|Belly Drum|p2a: Chesnaught
|-damage|p2a: Chesnaught|80\/320
|-setboost|p2a: Chesnaught|atk|6|[from] move: Belly Drum
|-enditem|p2a: Chesnaught|Salac Berry|[eat]
|-boost|p2a: Chesnaught|spe|1|[from] item: Salac Berry
|move|p1a: Ferrothorn|Gyro Ball|p2a: Chesnaught
|-immune|p2a: Chesnaught|[msg]|[from] Bulletproof
|
|turn|10
|
|move|p2a: Chesnaught|Drain Punch|p1a: Ferrothorn
|-supereffective|p1a: Ferrothorn
|-damage|p1a: Ferrothorn|0 fnt
|-heal|p2a: Chesnaught|256\/320|[from] drain|[of] p1a: Ferrothorn
|-damage|p2a: Chesnaught|216\/320|[from] ability: Iron Barbs|[of] p1a: Ferrothorn
|-damage|p2a: Chesnaught|163\/320|[from] item: Rocky Helmet|[of] p1a: Ferrothorn
|faint|p1a: Ferrothorn
|
|
|switch|p1a: Keldeo|Keldeo|323\/323
|-damage|p1a: Keldeo|303\/323|[from] Stealth Rock
|turn|11
|
|move|p1a: Keldeo|Icy Wind|p2a: Chesnaught
|-supereffective|p2a: Chesnaught
|-end|p2a: Chesnaught|Substitute
|move|p2a: Chesnaught|Drain Punch|p1a: Keldeo
|-damage|p1a: Keldeo|0 fnt
|-heal|p2a: Chesnaught|315\/320|[from] drain|[of] p1a: Keldeo
|faint|p1a: Keldeo
|
|
|switch|p1a: Thundurus|Thundurus, M|113\/299
|-damage|p1a: Thundurus|39\/299|[from] Stealth Rock
|turn|12
|
|move|p1a: Thundurus|Thunder Wave|p2a: Chesnaught
|-status|p2a: Chesnaught|par
|cant|p2a: Chesnaught|par
|
|turn|13
|
|move|p1a: Thundurus|Focus Blast|p2a: Chesnaught
|-immune|p2a: Chesnaught|[msg]|[from] Bulletproof
|cant|p2a: Chesnaught|par
|
|turn|14
|
|move|p1a: Thundurus|Taunt|p2a: Chesnaught
|-start|p2a: Chesnaught|move: Taunt
|cant|p2a: Chesnaught|move: Taunt|Substitute
|
|turn|15
|
|move|p1a: Thundurus|Volt Switch|p2a: Chesnaught
|-resisted|p2a: Chesnaught
|-damage|p2a: Chesnaught|223\/320 par
|-damage|p1a: Thundurus|10\/299|[from] item: Life Orb
|
|switch|p1a: Latias|Latias, F|301\/301
|-damage|p1a: Latias|264\/301|[from] Stealth Rock
|move|p2a: Chesnaught|Drain Punch|p1a: Latias
|-resisted|p1a: Latias
|-damage|p1a: Latias|15\/301
|-heal|p2a: Chesnaught|320\/320 par|[from] drain|[of] p1a: Latias
|
|turn|16
|
|switch|p2a: Metagross|Metagross|301\/301
|move|p1a: Latias|Defog|p2a: Metagross
|-fail|p2a: Metagross|unboost|[from] ability: Clear Body|[of] p2a: Metagross
|-sideend|p1: JOSHKOSH|Stealth Rock|[from] move: Defog|[of] p1a: Latias
|
|turn|17
|
|detailschange|p2a: Metagross|Metagross-Mega
|-mega|p2a: Metagross|Metagross|Metagrossite
|move|p2a: Metagross|Bullet Punch|p1a: Latias
|-crit|p1a: Latias
|-damage|p1a: Latias|0 fnt
|faint|p1a: Latias
|
|
|switch|p1a: Bisharp|Bisharp, F|327\/327
|turn|18
|
|move|p1a: Bisharp|Pursuit|p2a: Metagross|[from]Pursuit
|-supereffective|p2a: Metagross
|-damage|p2a: Metagross|97\/301
|switch|p2a: Keldeo|Keldeo|323\/323
|
|turn|19
|
|switch|p1a: Thundurus|Thundurus, M|10\/299
|move|p2a: Keldeo|Substitute|p2a: Keldeo
|-start|p2a: Keldeo|Substitute
|-damage|p2a: Keldeo|243\/323
|
|-heal|p2a: Keldeo|263\/323|[from] item: Leftovers
|turn|20
|
|move|p1a: Thundurus|Volt Switch|p2a: Keldeo
|-supereffective|p2a: Keldeo
|-end|p2a: Keldeo|Substitute
|-damage|p1a: Thundurus|0 fnt|[from] item: Life Orb
|faint|p1a: Thundurus
|move|p2a: Keldeo|Calm Mind|p2a: Keldeo
|-boost|p2a: Keldeo|spa|1
|-boost|p2a: Keldeo|spd|1
|
|-heal|p2a: Keldeo|283\/323|[from] item: Leftovers
|
|switch|p1a: Charizard|Charizard, F|297\/297
|turn|21
|
|detailschange|p1a: Charizard|Charizard-Mega-Y, F
|-mega|p1a: Charizard|Charizard|Charizardite Y
|-weather|SunnyDay
|move|p2a: Keldeo|Scald|p1a: Charizard
|-supereffective|p1a: Charizard
|-damage|p1a: Charizard|109\/297
|move|p1a: Charizard|Solar Beam|p2a: Keldeo|[still]
|-prepare|p1a: Charizard|Solar Beam|p2a: Keldeo
|-anim|p1a: Charizard|Solar Beam|p2a: Keldeo
|-supereffective|p2a: Keldeo
|-damage|p2a: Keldeo|45\/323
|
|-weather|SunnyDay|[upkeep]
|-heal|p2a: Keldeo|65\/323|[from] item: Leftovers
|turn|22
|
|move|p2a: Keldeo|Scald|p1a: Charizard
|-supereffective|p1a: Charizard
|-damage|p1a: Charizard|0 fnt
|faint|p1a: Charizard
|
|-weather|SunnyDay|[upkeep]
|-heal|p2a: Keldeo|85\/323|[from] item: Leftovers
|-message|JOSHKOSH forfeited.
|leave|JOSHKOSH
|
|win|Tythaeus
|raw|Ladder updating...
|player|p1
|raw|JOSHKOSH's rating: 1418 &rarr; <strong>1401<\/strong><br \/>(-17 for losing)
|raw|Tythaeus's rating: 1473 &rarr; <strong>1490<\/strong><br \/>(+17 for winning)