|join|Erick 17
|join|Tythaeus
|player|p1|Erick 17|102
|player|p2|Tythaeus|96
|gametype|singles
|gen|6
|tier|OU
|rated
|clearpoke
|poke|p1|Metagross
|poke|p1|Landorus-Therian, M
|poke|p1|Slowbro, M
|poke|p1|Clefable, M
|poke|p1|Latias, F
|poke|p1|Magnezone
|poke|p2|Serperior, M, shiny
|poke|p2|Dugtrio, F
|poke|p2|Slowbro, M
|poke|p2|Clefable, M
|poke|p2|Heatran, F
|poke|p2|Pidgeot, M, shiny
|rule|Swagger Clause: Swagger is banned
|rule|Baton Pass Clause: Limit one PokÃ©mon knowing Baton Pass
|rule|Sleep Clause Mod: Limit one foe put to sleep
|rule|Species Clause: Limit one of each PokÃ©mon
|rule|OHKO Clause: OHKO moves are banned
|rule|Moody Clause: Moody is banned
|rule|Evasion Moves Clause: Evasion moves are banned
|rule|Endless Battle Clause: Forcing endless battles is banned
|rule|HP Percentage Mod: HP is shown in percentages
|teampreview
|
|start
|switch|p1a: Magnezone|Magnezone|281\/281
|switch|p2a: Slowbro|Slowbro, M|394\/394
|turn|1
|
|switch|p2a: Heatran|Heatran, F|386\/386
|move|p1a: Magnezone|Volt Switch|p2a: Heatran
|-damage|p2a: Heatran|305\/386
|
|switch|p1a: Landorus-Therian|Landorus-Therian, M|382\/382
|-ability|p1a: Landorus-Therian|Intimidate|[of] p2a: Heatran
|-unboost|p2a: Heatran|atk|1
|
|-heal|p2a: Heatran|329\/386|[from] item: Leftovers
|turn|2
|
|switch|p2a: Slowbro|Slowbro, M|394\/394
|move|p1a: Landorus-Therian|Stealth Rock|p2a: Slowbro
|-sidestart|p2: Tythaeus|move: Stealth Rock
|
|turn|3
|
|move|p1a: Landorus-Therian|Knock Off|p2a: Slowbro
|-supereffective|p2a: Slowbro
|-damage|p2a: Slowbro|260\/394
|-enditem|p2a: Slowbro|Leftovers|[from] move: Knock Off|[of] p1a: Landorus-Therian
|move|p2a: Slowbro|Scald|p1a: Landorus-Therian
|-supereffective|p1a: Landorus-Therian
|-damage|p1a: Landorus-Therian|148\/382
|-status|p1a: Landorus-Therian|brn
|
|-heal|p1a: Landorus-Therian|171\/382 brn|[from] item: Leftovers
|-damage|p1a: Landorus-Therian|124\/382 brn|[from] brn
|turn|4
|
|move|p1a: Landorus-Therian|U-turn|p2a: Slowbro
|-crit|p2a: Slowbro
|-supereffective|p2a: Slowbro
|-damage|p2a: Slowbro|176\/394
|
|switch|p1a: Magnezone|Magnezone|281\/281
|move|p2a: Slowbro|Scald|p1a: Magnezone
|-damage|p1a: Magnezone|178\/281
|-status|p1a: Magnezone|brn
|
|-damage|p1a: Magnezone|143\/281 brn|[from] brn
|turn|5
|
|switch|p2a: Heatran|Heatran, F|329\/386
|-damage|p2a: Heatran|281\/386|[from] Stealth Rock
|move|p1a: Magnezone|Flash Cannon|p2a: Heatran
|-resisted|p2a: Heatran
|-damage|p2a: Heatran|256\/386
|
|-heal|p2a: Heatran|280\/386|[from] item: Leftovers
|-damage|p1a: Magnezone|108\/281 brn|[from] brn
|turn|6
|
|switch|p1a: Slowbro|Slowbro, M|394\/394
|move|p2a: Heatran|Stealth Rock|p1a: Slowbro
|-sidestart|p1: Erick 17|move: Stealth Rock
|
|-heal|p2a: Heatran|304\/386|[from] item: Leftovers
|turn|7
|
|switch|p2a: Serperior|Serperior, M, shiny|292\/292
|-damage|p2a: Serperior|256\/292|[from] Stealth Rock
|move|p1a: Slowbro|Thunder Wave|p2a: Serperior
|-status|p2a: Serperior|par
|
|turn|8
|
|switch|p1a: Landorus-Therian|Landorus-Therian, M|124\/382 brn
|-damage|p1a: Landorus-Therian|77\/382 brn|[from] Stealth Rock
|-ability|p1a: Landorus-Therian|Intimidate|[of] p2a: Serperior
|-boost|p2a: Serperior|atk|1
|switch|p2a: Slowbro|Slowbro, M|307\/394
|-damage|p2a: Slowbro|258\/394|[from] Stealth Rock
|
|-heal|p1a: Landorus-Therian|100\/382 brn|[from] item: Leftovers
|-damage|p1a: Landorus-Therian|53\/382 brn|[from] brn
|turn|9
|
|move|p1a: Landorus-Therian|Knock Off|p2a: Slowbro
|-supereffective|p2a: Slowbro
|-damage|p2a: Slowbro|204\/394
|move|p2a: Slowbro|Slack Off|p2a: Slowbro
|-heal|p2a: Slowbro|394\/394
|
|-heal|p1a: Landorus-Therian|76\/382 brn|[from] item: Leftovers
|-damage|p1a: Landorus-Therian|29\/382 brn|[from] brn
|turn|10
|
|move|p1a: Landorus-Therian|Knock Off|p2a: Slowbro
|-supereffective|p2a: Slowbro
|-damage|p2a: Slowbro|346\/394
|move|p2a: Slowbro|Scald|p1a: Landorus-Therian
|-crit|p1a: Landorus-Therian
|-supereffective|p1a: Landorus-Therian
|-damage|p1a: Landorus-Therian|0 fnt
|faint|p1a: Landorus-Therian
|
|
|switch|p1a: Clefable|Clefable, M|394\/394
|turn|11
|
|switch|p2a: Heatran|Heatran, F|304\/386
|-damage|p2a: Heatran|256\/386|[from] Stealth Rock
|move|p1a: Clefable|Calm Mind|p1a: Clefable
|-boost|p1a: Clefable|spa|1
|-boost|p1a: Clefable|spd|1
|
|-heal|p2a: Heatran|280\/386|[from] item: Leftovers
|turn|12
|
|move|p2a: Heatran|Flash Cannon|p1a: Clefable
|-supereffective|p1a: Clefable
|-damage|p1a: Clefable|220\/394
|move|p1a: Clefable|Calm Mind|p1a: Clefable
|-boost|p1a: Clefable|spa|1
|-boost|p1a: Clefable|spd|1
|
|-heal|p2a: Heatran|304\/386|[from] item: Leftovers
|-heal|p1a: Clefable|244\/394|[from] item: Leftovers
|turn|13
|
|move|p2a: Heatran|Flash Cannon|p1a: Clefable
|-supereffective|p1a: Clefable
|-damage|p1a: Clefable|124\/394
|move|p1a: Clefable|Soft-Boiled|p1a: Clefable
|-heal|p1a: Clefable|321\/394
|
|-heal|p2a: Heatran|328\/386|[from] item: Leftovers
|-heal|p1a: Clefable|345\/394|[from] item: Leftovers
|turn|14
|-message|Tythaeus forfeited.
|
|win|Erick 17
|raw|Ladder updating...
|leave|Tythaeus
|raw|Erick 17's rating: 1567 &rarr; <strong>1586<\/strong><br \/>(+19 for winning)
|raw|Tythaeus's rating: 1540 &rarr; <strong>1522<\/strong><br \/>(-18 for losing)
|player|p2