|join|Tythaeus
|join|4d0pt3d
|player|p1|Tythaeus|96
|player|p2|4d0pt3d|25
|gametype|singles
|gen|6
|tier|OU
|clearpoke
|poke|p1|Politoed, F
|poke|p1|Swampert, M
|poke|p1|Celebi
|poke|p1|Manaphy
|poke|p1|Klefki, M
|poke|p1|Magnezone, shiny
|poke|p2|Hawlucha, M
|poke|p2|Manaphy
|poke|p2|Landorus-Therian, M
|poke|p2|Latias, F
|poke|p2|Manectric, F
|poke|p2|Heatran, F
|rule|Swagger Clause: Swagger is banned
|rule|Baton Pass Clause: Limit one PokÃ©mon knowing Baton Pass
|rule|Sleep Clause Mod: Limit one foe put to sleep
|rule|Species Clause: Limit one of each PokÃ©mon
|rule|OHKO Clause: OHKO moves are banned
|rule|Moody Clause: Moody is banned
|rule|Evasion Moves Clause: Evasion moves are banned
|rule|Endless Battle Clause: Forcing endless battles is banned
|rule|HP Percentage Mod: HP is shown in percentages
|teampreview
|c|â4d0pt3d|gl hf
|c|âTythaeus|u2.
|join|LMay
|
|start
|switch|p1a: Beef|Swampert, M|366\/366
|switch|p2a: thundur pussi|Manectric, F|281\/281
|turn|1
|leave|LMay
|join|LMay
|leave|LMay
|
|switch|p2a: Latias|Latias, F|319\/319
|detailschange|p1a: Beef|Swampert-Mega, M
|-mega|p1a: Beef|Swampert|Swampertite
|move|p1a: Beef|Waterfall|p2a: Latias
|-resisted|p2a: Latias
|-damage|p2a: Latias|225\/319
|
|turn|2
|
|switch|p2a: c4td0g|Landorus-Therian, M|339\/339
|-ability|p2a: c4td0g|Intimidate|[of] p1a: Beef
|-unboost|p1a: Beef|atk|1
|switch|p1a: Klefki|Klefki, M|318\/318
|
|turn|3
|
|move|p1a: Klefki|Reflect|p1a: Klefki
|-sidestart|p1: Tythaeus|Reflect
|move|p2a: c4td0g|U-turn|p1a: Klefki
|-resisted|p1a: Klefki
|-damage|p1a: Klefki|309\/318
|
|switch|p2a: LiL FaGGaPHY|Manaphy|351\/351
|
|turn|4
|
|switch|p2a: thundur pussi|Manectric, F|281\/281
|switch|p1a: In The Zone|Magnezone, shiny|287\/287
|
|turn|5
|
|switch|p1a: Beef|Swampert-Mega, M|366\/366
|move|p2a: thundur pussi|Volt Switch|p1a: Beef
|-immune|p1a: Beef|[msg]
|
|turn|6
|
|switch|p2a: Latias|Latias, F|225\/319
|move|p1a: Beef|Ice Punch|p2a: Latias
|-crit|p2a: Latias
|-supereffective|p2a: Latias
|-damage|p2a: Latias|0 fnt
|faint|p2a: Latias
|
|
|switch|p2a: Hawlucha|Hawlucha, M|304\/304
|turn|7
|
|switch|p1a: Klefki|Klefki, M|309\/318
|move|p2a: Hawlucha|Substitute|p2a: Hawlucha
|-start|p2a: Hawlucha|Substitute
|-damage|p2a: Hawlucha|228\/304
|
|turn|8
|
|move|p2a: Hawlucha|High Jump Kick|p1a: Klefki
|-damage|p1a: Klefki|235\/318
|move|p1a: Klefki|Foul Play|p2a: Hawlucha
|-resisted|p2a: Hawlucha
|-activate|p2a: Hawlucha|Substitute|[damage]
|
|turn|9
|
|move|p2a: Hawlucha|Acrobatics|p1a: Klefki
|-resisted|p1a: Klefki
|-damage|p1a: Klefki|219\/318
|move|p1a: Klefki|Foul Play|p2a: Hawlucha
|-resisted|p2a: Hawlucha
|-end|p2a: Hawlucha|Substitute
|
|turn|10
|
|switch|p2a: Heatran|Heatran, F|327\/327
|-item|p2a: Heatran|Air Balloon
|switch|p1a: Doctor P|Politoed, F|384\/384
|-weather|RainDance
|
|-weather|RainDance|[upkeep]
|-sideend|p1: Tythaeus|Reflect
|turn|11
|
|switch|p1a: In The Zone|Magnezone, shiny|287\/287
|move|p2a: Heatran|Stealth Rock|p1a: In The Zone
|-sidestart|p1: Tythaeus|move: Stealth Rock
|
|-weather|RainDance|[upkeep]
|turn|12
|
|move|p1a: In The Zone|Volt Switch|p2a: Heatran
|-damage|p2a: Heatran|218\/327
|-enditem|p2a: Heatran|Air Balloon
|
|switch|p1a: Manaphy|Manaphy|378\/378
|-damage|p1a: Manaphy|331\/378|[from] Stealth Rock
|move|p2a: Heatran|Lava Plume|p1a: Manaphy
|-resisted|p1a: Manaphy
|-damage|p1a: Manaphy|297\/378
|
|-weather|RainDance|[upkeep]
|-heal|p1a: Manaphy|320\/378|[from] item: Leftovers
|turn|13
|
|switch|p2a: LiL FaGGaPHY|Manaphy|351\/351
|move|p1a: Manaphy|Scald|p2a: LiL FaGGaPHY
|-resisted|p2a: LiL FaGGaPHY
|-damage|p2a: LiL FaGGaPHY|260\/351
|
|-weather|RainDance|[upkeep]
|-heal|p2a: LiL FaGGaPHY|281\/351|[from] item: Leftovers
|-heal|p1a: Manaphy|343\/378|[from] item: Leftovers
|turn|14
|
|switch|p1a: Celebi|Celebi|404\/404
|-damage|p1a: Celebi|354\/404|[from] Stealth Rock
|move|p2a: LiL FaGGaPHY|Tail Glow|p2a: LiL FaGGaPHY
|-boost|p2a: LiL FaGGaPHY|spa|3
|
|-weather|RainDance|[upkeep]
|-heal|p2a: LiL FaGGaPHY|302\/351|[from] item: Leftovers
|-heal|p1a: Celebi|379\/404|[from] item: Leftovers
|turn|15
|
|move|p2a: LiL FaGGaPHY|Scald|p1a: Celebi
|-resisted|p1a: Celebi
|-damage|p1a: Celebi|189\/404
|move|p1a: Celebi|Stealth Rock|p2a: LiL FaGGaPHY
|-sidestart|p2: 4d0pt3d|move: Stealth Rock
|
|-weather|RainDance|[upkeep]
|-heal|p2a: LiL FaGGaPHY|323\/351|[from] item: Leftovers
|-heal|p1a: Celebi|214\/404|[from] item: Leftovers
|turn|16
|
|move|p2a: LiL FaGGaPHY|Scald|p1a: Celebi
|-resisted|p1a: Celebi
|-damage|p1a: Celebi|45\/404
|move|p1a: Celebi|Recover|p1a: Celebi
|-heal|p1a: Celebi|247\/404
|
|-weather|RainDance|[upkeep]
|-heal|p2a: LiL FaGGaPHY|344\/351|[from] item: Leftovers
|-heal|p1a: Celebi|272\/404|[from] item: Leftovers
|turn|17
|
|switch|p1a: Klefki|Klefki, M|219\/318
|-damage|p1a: Klefki|200\/318|[from] Stealth Rock
|move|p2a: LiL FaGGaPHY|Scald|p1a: Klefki
|-damage|p1a: Klefki|0 fnt
|faint|p1a: Klefki
|
|-weather|none
|-heal|p2a: LiL FaGGaPHY|351\/351|[from] item: Leftovers
|
|switch|p1a: In The Zone|Magnezone, shiny|287\/287
|-damage|p1a: In The Zone|270\/287|[from] Stealth Rock
|turn|18
|
|switch|p2a: thundur pussi|Manectric, F|281\/281
|-damage|p2a: thundur pussi|246\/281|[from] Stealth Rock
|move|p1a: In The Zone|Volt Switch|p2a: thundur pussi
|-boost|p2a: thundur pussi|spa|1|[from] ability: Lightning Rod
|
|turn|19
|
|switch|p1a: Beef|Swampert-Mega, M|366\/366
|-damage|p1a: Beef|344\/366|[from] Stealth Rock
|switch|p2a: c4td0g|Landorus-Therian, M|339\/339
|-damage|p2a: c4td0g|297\/339|[from] Stealth Rock
|-ability|p2a: c4td0g|Intimidate|[of] p1a: Beef
|-unboost|p1a: Beef|atk|1
|
|turn|20
|
|switch|p1a: Doctor P|Politoed, F|384\/384
|-damage|p1a: Doctor P|336\/384|[from] Stealth Rock
|-weather|RainDance
|move|p2a: c4td0g|U-turn|p1a: Doctor P
|-damage|p1a: Doctor P|219\/384
|
|switch|p2a: LiL FaGGaPHY|Manaphy|351\/351
|-damage|p2a: LiL FaGGaPHY|308\/351|[from] Stealth Rock
|
|-weather|RainDance|[upkeep]
|-heal|p2a: LiL FaGGaPHY|329\/351|[from] item: Leftovers
|turn|21
|
|switch|p2a: c4td0g|Landorus-Therian, M|297\/339
|-damage|p2a: c4td0g|255\/339|[from] Stealth Rock
|-ability|p2a: c4td0g|Intimidate|[of] p1a: Doctor P
|-unboost|p1a: Doctor P|atk|1
|move|p1a: Doctor P|Encore|p2a: c4td0g
|-fail|p2a: c4td0g
|
|-weather|RainDance|[upkeep]
|turn|22
|
|switch|p1a: Beef|Swampert-Mega, M|344\/366
|-damage|p1a: Beef|322\/366|[from] Stealth Rock
|move|p2a: c4td0g|U-turn|p1a: Beef
|-damage|p1a: Beef|232\/366
|
|switch|p2a: Heatran|Heatran, F|218\/327
|-damage|p2a: Heatran|178\/327|[from] Stealth Rock
|
|-weather|RainDance|[upkeep]
|turn|23
|
|move|p1a: Beef|Waterfall|p2a: Heatran
|-supereffective|p2a: Heatran
|-damage|p2a: Heatran|0 fnt
|faint|p2a: Heatran
|
|-weather|RainDance|[upkeep]
|
|switch|p2a: LiL FaGGaPHY|Manaphy|329\/351
|-damage|p2a: LiL FaGGaPHY|286\/351|[from] Stealth Rock
|turn|24
|
|switch|p1a: Celebi|Celebi|272\/404
|-damage|p1a: Celebi|222\/404|[from] Stealth Rock
|move|p2a: LiL FaGGaPHY|Energy Ball|p1a: Celebi
|-resisted|p1a: Celebi
|-damage|p1a: Celebi|184\/404
|
|-weather|RainDance|[upkeep]
|-heal|p2a: LiL FaGGaPHY|307\/351|[from] item: Leftovers
|-heal|p1a: Celebi|209\/404|[from] item: Leftovers
|turn|25
|
|move|p2a: LiL FaGGaPHY|Tail Glow|p2a: LiL FaGGaPHY
|-boost|p2a: LiL FaGGaPHY|spa|3
|move|p1a: Celebi|Psychic|p2a: LiL FaGGaPHY
|-damage|p2a: LiL FaGGaPHY|195\/351
|
|-weather|RainDance|[upkeep]
|-heal|p2a: LiL FaGGaPHY|216\/351|[from] item: Leftovers
|-heal|p1a: Celebi|234\/404|[from] item: Leftovers
|turn|26
|
|move|p2a: LiL FaGGaPHY|Tail Glow|p2a: LiL FaGGaPHY
|-boost|p2a: LiL FaGGaPHY|spa|3
|move|p1a: Celebi|Recover|p1a: Celebi
|-heal|p1a: Celebi|404\/404
|
|-weather|RainDance|[upkeep]
|-heal|p2a: LiL FaGGaPHY|237\/351|[from] item: Leftovers
|turn|27
|
|move|p2a: LiL FaGGaPHY|Scald|p1a: Celebi
|-resisted|p1a: Celebi
|-damage|p1a: Celebi|122\/404
|move|p1a: Celebi|Psychic|p2a: LiL FaGGaPHY
|-damage|p2a: LiL FaGGaPHY|122\/351
|
|-weather|none
|-heal|p2a: LiL FaGGaPHY|143\/351|[from] item: Leftovers
|-heal|p1a: Celebi|147\/404|[from] item: Leftovers
|turn|28
|
|move|p2a: LiL FaGGaPHY|Scald|p1a: Celebi
|-resisted|p1a: Celebi
|-damage|p1a: Celebi|0 fnt
|faint|p1a: Celebi
|
|-heal|p2a: LiL FaGGaPHY|164\/351|[from] item: Leftovers
|
|switch|p1a: In The Zone|Magnezone, shiny|270\/287
|-damage|p1a: In The Zone|253\/287|[from] Stealth Rock
|turn|29
|
|move|p1a: In The Zone|Thunderbolt|p2a: LiL FaGGaPHY
|-supereffective|p2a: LiL FaGGaPHY
|-damage|p2a: LiL FaGGaPHY|0 fnt
|faint|p2a: LiL FaGGaPHY
|
|
|switch|p2a: thundur pussi|Manectric, F|246\/281
|-damage|p2a: thundur pussi|211\/281|[from] Stealth Rock
|turn|30
|
|switch|p1a: Beef|Swampert-Mega, M|232\/366
|-damage|p1a: Beef|210\/366|[from] Stealth Rock
|switch|p2a: Hawlucha|Hawlucha, M|228\/304
|-damage|p2a: Hawlucha|190\/304|[from] Stealth Rock
|
|turn|31
|
|switch|p1a: Doctor P|Politoed, F|219\/384
|-damage|p1a: Doctor P|171\/384|[from] Stealth Rock
|-weather|RainDance
|move|p2a: Hawlucha|Substitute|p2a: Hawlucha
|-start|p2a: Hawlucha|Substitute
|-damage|p2a: Hawlucha|114\/304
|-enditem|p2a: Hawlucha|Sitrus Berry|[eat]
|-heal|p2a: Hawlucha|190\/304|[from] item: Sitrus Berry
|
|-weather|RainDance|[upkeep]
|turn|32
|
|move|p2a: Hawlucha|Swords Dance|p2a: Hawlucha
|-boost|p2a: Hawlucha|atk|2
|move|p1a: Doctor P|Scald|p2a: Hawlucha
|-end|p2a: Hawlucha|Substitute
|
|-weather|RainDance|[upkeep]
|turn|33
|
|move|p2a: Hawlucha|High Jump Kick|p1a: Doctor P
|-damage|p1a: Doctor P|0 fnt
|faint|p1a: Doctor P
|
|-weather|RainDance|[upkeep]
|
|switch|p1a: Manaphy|Manaphy|343\/378
|-damage|p1a: Manaphy|296\/378|[from] Stealth Rock
|turn|34
|
|move|p2a: Hawlucha|High Jump Kick|p1a: Manaphy
|-damage|p1a: Manaphy|0 fnt
|faint|p1a: Manaphy
|
|-weather|RainDance|[upkeep]
|-message|Tythaeus forfeited.
|leave|Tythaeus
|join|Tythaeus
|leave|Tythaeus
|
|win|4d0pt3d