|join|FPF
|join|Tythaeus
|player|p1|FPF|101
|player|p2|Tythaeus|96
|gametype|singles
|gen|6
|tier|OU
|rated
|clearpoke
|poke|p1|Conkeldurr, F
|poke|p1|Raikou
|poke|p1|Lopunny, M
|poke|p1|Rotom-Heat
|poke|p1|Gengar, M
|poke|p1|Empoleon, F
|poke|p2|Serperior, M, shiny
|poke|p2|Dugtrio, M
|poke|p2|Slowbro, F
|poke|p2|Clefable, F
|poke|p2|Heatran, F
|poke|p2|Pidgeot, M, shiny
|rule|Swagger Clause: Swagger is banned
|rule|Baton Pass Clause: Limit one PokÃ©mon knowing Baton Pass
|rule|Sleep Clause Mod: Limit one foe put to sleep
|rule|Species Clause: Limit one of each PokÃ©mon
|rule|OHKO Clause: OHKO moves are banned
|rule|Moody Clause: Moody is banned
|rule|Evasion Moves Clause: Evasion moves are banned
|rule|Endless Battle Clause: Forcing endless battles is banned
|rule|HP Percentage Mod: HP is shown in percentages
|teampreview
|
|start
|switch|p1a: Rotom-Heat|Rotom-Heat|304\/304
|switch|p2a: Slowbro|Slowbro, F|394\/394
|turn|1
|
|switch|p2a: Heatran|Heatran, F|386\/386
|move|p1a: Rotom-Heat|Trick|p2a: Heatran
|-activate|p1a: Rotom-Heat|move: Trick|[of] p2a: Heatran
|-item|p2a: Heatran|Choice Specs|[from] move: Trick
|-item|p1a: Rotom-Heat|Leftovers|[from] move: Trick
|
|turn|2
|
|move|p1a: Rotom-Heat|Volt Switch|p2a: Heatran
|-damage|p2a: Heatran|323\/386
|
|switch|p1a: Conkeldurr|Conkeldurr, F|414\/414
|move|p2a: Heatran|Lava Plume|p1a: Conkeldurr
|-damage|p1a: Conkeldurr|254\/414
|
|turn|3
|
|switch|p2a: Slowbro|Slowbro, F|394\/394
|move|p1a: Conkeldurr|Drain Punch|p2a: Slowbro
|-resisted|p2a: Slowbro
|-damage|p2a: Slowbro|345\/394
|-heal|p1a: Conkeldurr|279\/414|[from] drain|[of] p2a: Slowbro
|
|-heal|p2a: Slowbro|369\/394|[from] item: Leftovers
|turn|4
|
|switch|p1a: Empoleon|Empoleon, F|372\/372
|move|p2a: Slowbro|Psyshock|p1a: Empoleon
|-resisted|p1a: Empoleon
|-damage|p1a: Empoleon|322\/372
|
|-heal|p1a: Empoleon|345\/372|[from] item: Leftovers
|-heal|p2a: Slowbro|393\/394|[from] item: Leftovers
|turn|5
|
|switch|p2a: Dugtrio|Dugtrio, M|212\/212
|move|p1a: Empoleon|Stealth Rock|p2a: Dugtrio
|-sidestart|p2: Tythaeus|move: Stealth Rock
|
|-heal|p1a: Empoleon|368\/372|[from] item: Leftovers
|turn|6
|
|move|p2a: Dugtrio|Earthquake|p1a: Empoleon
|-supereffective|p1a: Empoleon
|-damage|p1a: Empoleon|92\/372
|move|p1a: Empoleon|Roar|p2a: Dugtrio
|drag|p2a: Serperior|Serperior, M, shiny|291\/291
|-damage|p2a: Serperior|255\/291|[from] Stealth Rock
|
|-heal|p1a: Empoleon|115\/372|[from] item: Leftovers
|turn|7
|
|switch|p1a: Rotom-Heat|Rotom-Heat|304\/304
|move|p2a: Serperior|Leaf Storm|p1a: Rotom-Heat
|-resisted|p1a: Rotom-Heat
|-damage|p1a: Rotom-Heat|235\/304
|-boost|p2a: Serperior|spa|2
|-damage|p2a: Serperior|226\/291|[from] item: Life Orb
|
|-heal|p1a: Rotom-Heat|254\/304|[from] item: Leftovers
|turn|8
|
|move|p2a: Serperior|Hidden Power|p1a: Rotom-Heat
|-supereffective|p1a: Rotom-Heat
|-damage|p1a: Rotom-Heat|69\/304
|-damage|p2a: Serperior|197\/291|[from] item: Life Orb
|move|p1a: Rotom-Heat|Overheat|p2a: Serperior
|-supereffective|p2a: Serperior
|-damage|p2a: Serperior|0 fnt
|-unboost|p1a: Rotom-Heat|spa|2
|faint|p2a: Serperior
|
|-heal|p1a: Rotom-Heat|88\/304|[from] item: Leftovers
|
|switch|p2a: Clefable|Clefable, F|394\/394
|turn|9
|
|move|p1a: Rotom-Heat|Volt Switch|p2a: Clefable
|-crit|p2a: Clefable
|-damage|p2a: Clefable|252\/394
|
|switch|p1a: Gengar|Gengar, M|261\/261
|move|p2a: Clefable|Calm Mind|p2a: Clefable
|-boost|p2a: Clefable|spa|1
|-boost|p2a: Clefable|spd|1
|
|-heal|p2a: Clefable|276\/394|[from] item: Leftovers
|turn|10
|
|switch|p2a: Heatran|Heatran, F|323\/386
|-damage|p2a: Heatran|275\/386|[from] Stealth Rock
|move|p1a: Gengar|Shadow Ball|p2a: Heatran
|-crit|p2a: Heatran
|-damage|p2a: Heatran|113\/386
|
|turn|11
|
|move|p1a: Gengar|Shadow Ball|p2a: Heatran
|-damage|p2a: Heatran|11\/386
|-unboost|p2a: Heatran|spd|1
|move|p2a: Heatran|Lava Plume|p1a: Gengar
|-damage|p1a: Gengar|35\/261
|-status|p1a: Gengar|brn
|
|-damage|p1a: Gengar|3\/261 brn|[from] brn
|turn|12
|
|move|p1a: Gengar|Shadow Ball|p2a: Heatran
|-damage|p2a: Heatran|0 fnt
|faint|p2a: Heatran
|
|-damage|p1a: Gengar|0 fnt|[from] brn
|faint|p1a: Gengar
|
|switch|p2a: Dugtrio|Dugtrio, M|212\/212
|switch|p1a: Rotom-Heat|Rotom-Heat|88\/304
|-damage|p2a: Dugtrio|199\/212|[from] Stealth Rock
|turn|13
|
|move|p2a: Dugtrio|Stone Edge|p1a: Rotom-Heat
|-supereffective|p1a: Rotom-Heat
|-damage|p1a: Rotom-Heat|0 fnt
|faint|p1a: Rotom-Heat
|
|
|switch|p1a: Lopunny|Lopunny, M|272\/272
|turn|14
|
|switch|p2a: Slowbro|Slowbro, F|394\/394
|-damage|p2a: Slowbro|345\/394|[from] Stealth Rock
|detailschange|p1a: Lopunny|Lopunny-Mega, M
|-mega|p1a: Lopunny|Lopunny|Lopunnite
|move|p1a: Lopunny|Fake Out|p2a: Slowbro
|-damage|p2a: Slowbro|299\/394
|
|-heal|p2a: Slowbro|323\/394|[from] item: Leftovers
|turn|15
|
|switch|p1a: Empoleon|Empoleon, F|115\/372
|switch|p2a: Dugtrio|Dugtrio, M|199\/212
|-damage|p2a: Dugtrio|186\/212|[from] Stealth Rock
|
|-heal|p1a: Empoleon|138\/372|[from] item: Leftovers
|turn|16
|
|move|p2a: Dugtrio|Earthquake|p1a: Empoleon
|-supereffective|p1a: Empoleon
|-damage|p1a: Empoleon|0 fnt
|faint|p1a: Empoleon
|
|
|switch|p1a: Lopunny|Lopunny-Mega, M|272\/272
|turn|17
|
|switch|p2a: Slowbro|Slowbro, F|394\/394
|-damage|p2a: Slowbro|345\/394|[from] Stealth Rock
|move|p1a: Lopunny|Return|p2a: Slowbro
|-damage|p2a: Slowbro|227\/394
|
|-heal|p2a: Slowbro|251\/394|[from] item: Leftovers
|turn|18
|
|move|p1a: Lopunny|Return|p2a: Slowbro
|-damage|p2a: Slowbro|131\/394
|move|p2a: Slowbro|Slack Off|p2a: Slowbro
|-heal|p2a: Slowbro|328\/394
|
|-heal|p2a: Slowbro|352\/394|[from] item: Leftovers
|turn|19
|
|switch|p1a: Raikou|Raikou|329\/329
|-ability|p1a: Raikou|Pressure
|switch|p2a: Dugtrio|Dugtrio, M|186\/212
|-damage|p2a: Dugtrio|173\/212|[from] Stealth Rock
|
|turn|20
|
|move|p2a: Dugtrio|Earthquake|p1a: Raikou
|-supereffective|p1a: Raikou
|-damage|p1a: Raikou|17\/329
|move|p1a: Raikou|Hidden Power|p2a: Dugtrio
|-supereffective|p2a: Dugtrio
|-damage|p2a: Dugtrio|0 fnt
|faint|p2a: Dugtrio
|
|-heal|p1a: Raikou|37\/329|[from] item: Leftovers
|
|switch|p2a: Clefable|Clefable, F|276\/394
|turn|21
|
|move|p1a: Raikou|Thunderbolt|p2a: Clefable
|-damage|p2a: Clefable|123\/394
|move|p2a: Clefable|Moonblast|p1a: Raikou
|-damage|p1a: Raikou|0 fnt
|faint|p1a: Raikou
|
|-heal|p2a: Clefable|147\/394|[from] item: Leftovers
|
|switch|p1a: Lopunny|Lopunny-Mega, M|272\/272
|turn|22
|
|move|p1a: Lopunny|Return|p2a: Clefable
|-damage|p2a: Clefable|0 fnt
|faint|p2a: Clefable
|
|
|switch|p2a: Slowbro|Slowbro, F|394\/394
|-damage|p2a: Slowbro|345\/394|[from] Stealth Rock
|turn|23
|
|move|p1a: Lopunny|Return|p2a: Slowbro
|-damage|p2a: Slowbro|212\/394
|move|p2a: Slowbro|Psyshock|p1a: Lopunny
|-crit|p1a: Lopunny
|-supereffective|p1a: Lopunny
|-damage|p1a: Lopunny|0 fnt
|faint|p1a: Lopunny
|
|-heal|p2a: Slowbro|236\/394|[from] item: Leftovers
|
|switch|p1a: Conkeldurr|Conkeldurr, F|279\/414
|turn|24
|
|move|p1a: Conkeldurr|Knock Off|p2a: Slowbro
|-supereffective|p2a: Slowbro
|-damage|p2a: Slowbro|56\/394
|-enditem|p2a: Slowbro|Leftovers|[from] move: Knock Off|[of] p1a: Conkeldurr
|move|p2a: Slowbro|Psyshock|p1a: Conkeldurr
|-supereffective|p1a: Conkeldurr
|-damage|p1a: Conkeldurr|75\/414
|
|turn|25
|
|move|p1a: Conkeldurr|Knock Off|p2a: Slowbro
|-supereffective|p2a: Slowbro
|-damage|p2a: Slowbro|0 fnt
|faint|p2a: Slowbro
|
|
|switch|p2a: Pidgeot|Pidgeot, M, shiny|307\/307
|-damage|p2a: Pidgeot|231\/307|[from] Stealth Rock
|turn|26
|c|âFPF|gg
|
|detailschange|p2a: Pidgeot|Pidgeot-Mega, M, shiny
|-mega|p2a: Pidgeot|Pidgeot|Pidgeotite
|move|p2a: Pidgeot|Hurricane|p1a: Conkeldurr
|-supereffective|p1a: Conkeldurr
|-damage|p1a: Conkeldurr|0 fnt
|faint|p1a: Conkeldurr
|
|win|Tythaeus
|raw|Ladder updating...
|raw|FPF's rating: 1458 &rarr; <strong>1442<\/strong><br \/>(-16 for losing)
|raw|Tythaeus's rating: 1516 &rarr; <strong>1532<\/strong><br \/>(+16 for winning)
|leave|FPF