|join|diamondnips
|join|Tythaeus
|player|p1|diamondnips|184
|player|p2|Tythaeus|190
|gametype|singles
|gen|6
|tier|OU
|rated
|clearpoke
|poke|p1|Raikou
|poke|p1|Gyarados, M
|poke|p1|Slowbro, M
|poke|p1|Heatran, M
|poke|p1|Diggersby, F
|poke|p1|Hawlucha, M
|poke|p2|Metagross
|poke|p2|Zapdos
|poke|p2|Mamoswine, F
|poke|p2|Manaphy
|poke|p2|Sylveon, M
|poke|p2|Darmanitan, M
|rule|Swagger Clause: Swagger is banned
|rule|Baton Pass Clause: Limit one PokÃ©mon knowing Baton Pass
|rule|Sleep Clause Mod: Limit one foe put to sleep
|rule|Species Clause: Limit one of each PokÃ©mon
|rule|OHKO Clause: OHKO moves are banned
|rule|Moody Clause: Moody is banned
|rule|Evasion Moves Clause: Evasion moves are banned
|rule|Endless Battle Clause: Forcing endless battles is banned
|rule|HP Percentage Mod: HP is shown in percentages
|teampreview
|
|start
|switch|p1a: Slowbro|Slowbro, M|394\/394
|switch|p2a: Mamoswine|Mamoswine, F|362\/362
|turn|1
|
|switch|p2a: Manaphy|Manaphy|358\/358
|move|p1a: Slowbro|Scald|p2a: Manaphy
|-resisted|p2a: Manaphy
|-damage|p2a: Manaphy|310\/358
|
|-heal|p2a: Manaphy|332\/358|[from] item: Leftovers
|turn|2
|
|switch|p1a: Raikou|Raikou|321\/321
|-ability|p1a: Raikou|Pressure
|move|p2a: Manaphy|Surf|p1a: Raikou
|-damage|p1a: Raikou|177\/321
|
|-heal|p2a: Manaphy|354\/358|[from] item: Leftovers
|turn|3
|
|switch|p2a: Mamoswine|Mamoswine, F|362\/362
|move|p1a: Raikou|Thunderbolt|p2a: Mamoswine
|-immune|p2a: Mamoswine|[msg]
|
|turn|4
|
|switch|p1a: Slowbro|Slowbro, M|394\/394
|move|p2a: Mamoswine|Stealth Rock|p1a: Slowbro
|-sidestart|p1: diamondnips|move: Stealth Rock
|
|turn|5
|
|switch|p2a: Manaphy|Manaphy|354\/358
|move|p1a: Slowbro|Thunder Wave|p2a: Manaphy
|-status|p2a: Manaphy|par
|
|-heal|p2a: Manaphy|358\/358 par|[from] item: Leftovers
|turn|6
|
|switch|p1a: Gyarados|Gyarados, M|331\/331
|-damage|p1a: Gyarados|249\/331|[from] Stealth Rock
|-ability|p1a: Gyarados|Intimidate|[of] p2a: Manaphy
|-unboost|p2a: Manaphy|atk|1
|move|p2a: Manaphy|Surf|p1a: Gyarados
|-resisted|p1a: Gyarados
|-damage|p1a: Gyarados|176\/331
|
|turn|7
|
|switch|p2a: Zapdos|Zapdos|383\/383
|-ability|p2a: Zapdos|Pressure
|detailschange|p1a: Gyarados|Gyarados-Mega, M
|-mega|p1a: Gyarados|Gyarados|Gyaradosite
|-ability|p1a: Gyarados|Mold Breaker
|move|p1a: Gyarados|Crunch|p2a: Zapdos
|-damage|p2a: Zapdos|232\/383
|
|-heal|p2a: Zapdos|255\/383|[from] item: Leftovers
|turn|8
|
|switch|p1a: Heatran|Heatran, M|386\/386
|-damage|p1a: Heatran|338\/386|[from] Stealth Rock
|move|p2a: Zapdos|Roost|p2a: Zapdos
|-heal|p2a: Zapdos|383\/383
|
|-heal|p1a: Heatran|362\/386|[from] item: Leftovers
|turn|9
|
|switch|p2a: Manaphy|Manaphy|358\/358 par
|move|p1a: Heatran|Stealth Rock|p2a: Manaphy
|-sidestart|p2: Tythaeus|move: Stealth Rock
|
|-heal|p1a: Heatran|386\/386|[from] item: Leftovers
|turn|10
|
|switch|p1a: Gyarados|Gyarados-Mega, M|176\/331
|-damage|p1a: Gyarados|135\/331|[from] Stealth Rock
|-ability|p1a: Gyarados|Mold Breaker
|move|p2a: Manaphy|Surf|p1a: Gyarados
|-resisted|p1a: Gyarados
|-damage|p1a: Gyarados|72\/331
|
|turn|11
|
|move|p1a: Gyarados|Crunch|p2a: Manaphy
|-damage|p2a: Manaphy|195\/358 par
|move|p2a: Manaphy|Energy Ball|p1a: Gyarados
|-supereffective|p1a: Gyarados
|-damage|p1a: Gyarados|0 fnt
|faint|p1a: Gyarados
|
|-heal|p2a: Manaphy|217\/358 par|[from] item: Leftovers
|
|switch|p1a: Raikou|Raikou|177\/321
|-damage|p1a: Raikou|137\/321|[from] Stealth Rock
|-ability|p1a: Raikou|Pressure
|turn|12
|
|switch|p2a: Mamoswine|Mamoswine, F|362\/362
|-damage|p2a: Mamoswine|317\/362|[from] Stealth Rock
|move|p1a: Raikou|Shadow Ball|p2a: Mamoswine
|-damage|p2a: Mamoswine|131\/362
|
|turn|13
|
|switch|p2a: Sylveon|Sylveon, M|394\/394
|-damage|p2a: Sylveon|345\/394|[from] Stealth Rock
|move|p1a: Raikou|Shadow Ball|p2a: Sylveon
|-damage|p2a: Sylveon|270\/394
|-unboost|p2a: Sylveon|spd|1
|
|-heal|p2a: Sylveon|294\/394|[from] item: Leftovers
|turn|14
|
|switch|p1a: Heatran|Heatran, M|386\/386
|-damage|p1a: Heatran|338\/386|[from] Stealth Rock
|move|p2a: Sylveon|Wish|p2a: Sylveon
|
|-heal|p1a: Heatran|362\/386|[from] item: Leftovers
|-heal|p2a: Sylveon|318\/394|[from] item: Leftovers
|turn|15
|
|switch|p2a: Manaphy|Manaphy|217\/358 par
|-damage|p2a: Manaphy|173\/358 par|[from] Stealth Rock
|move|p1a: Heatran|Lava Plume|p2a: Manaphy
|-resisted|p2a: Manaphy
|-damage|p2a: Manaphy|113\/358 par
|
|-heal|p2a: Manaphy|310\/358 par|[from] move: Wish|[wisher] Sylveon
|-heal|p1a: Heatran|386\/386|[from] item: Leftovers
|-heal|p2a: Manaphy|332\/358 par|[from] item: Leftovers
|turn|16
|
|move|p1a: Heatran|Lava Plume|p2a: Manaphy
|-resisted|p2a: Manaphy
|-damage|p2a: Manaphy|268\/358 par
|move|p2a: Manaphy|Surf|p1a: Heatran
|-supereffective|p1a: Heatran
|-damage|p1a: Heatran|186\/386
|
|-heal|p1a: Heatran|210\/386|[from] item: Leftovers
|-heal|p2a: Manaphy|290\/358 par|[from] item: Leftovers
|turn|17
|
|move|p1a: Heatran|Lava Plume|p2a: Manaphy
|-resisted|p2a: Manaphy
|-damage|p2a: Manaphy|227\/358 par
|move|p2a: Manaphy|Rain Dance|p2a: Manaphy
|-weather|RainDance
|
|-weather|RainDance|[upkeep]
|-heal|p1a: Heatran|234\/386|[from] item: Leftovers
|-curestatus|p2a: Manaphy|par
|-heal|p2a: Manaphy|249\/358|[from] item: Leftovers
|turn|18
|
|move|p2a: Manaphy|Surf|p1a: Heatran
|-supereffective|p1a: Heatran
|-damage|p1a: Heatran|0 fnt
|faint|p1a: Heatran
|
|-weather|RainDance|[upkeep]
|-heal|p2a: Manaphy|271\/358|[from] item: Leftovers
|
|switch|p1a: Raikou|Raikou|137\/321
|-damage|p1a: Raikou|97\/321|[from] Stealth Rock
|-ability|p1a: Raikou|Pressure
|turn|19
|
|switch|p2a: Mamoswine|Mamoswine, F|131\/362
|-damage|p2a: Mamoswine|86\/362|[from] Stealth Rock
|move|p1a: Raikou|Thunderbolt|p2a: Mamoswine
|-immune|p2a: Mamoswine|[msg]
|
|-weather|RainDance|[upkeep]
|turn|20
|
|switch|p1a: Slowbro|Slowbro, M|394\/394
|-damage|p1a: Slowbro|345\/394|[from] Stealth Rock
|move|p2a: Mamoswine|Earthquake|p1a: Slowbro
|-damage|p1a: Slowbro|197\/394
|-damage|p2a: Mamoswine|50\/362|[from] item: Life Orb
|
|-weather|RainDance|[upkeep]
|-heal|p1a: Slowbro|221\/394|[from] item: Leftovers
|turn|21
|
|switch|p2a: Manaphy|Manaphy|271\/358
|-damage|p2a: Manaphy|227\/358|[from] Stealth Rock
|move|p1a: Slowbro|Slack Off|p1a: Slowbro
|-heal|p1a: Slowbro|394\/394
|
|-weather|none
|-heal|p2a: Manaphy|249\/358|[from] item: Leftovers
|turn|22
|
|move|p2a: Manaphy|Rain Dance|p2a: Manaphy
|-weather|RainDance
|move|p1a: Slowbro|Thunder Wave|p2a: Manaphy
|-status|p2a: Manaphy|par
|
|-weather|RainDance|[upkeep]
|-curestatus|p2a: Manaphy|par
|-heal|p2a: Manaphy|271\/358|[from] item: Leftovers
|turn|23
|
|move|p2a: Manaphy|Surf|p1a: Slowbro
|-resisted|p1a: Slowbro
|-damage|p1a: Slowbro|270\/394
|move|p1a: Slowbro|Psyshock|p2a: Manaphy
|-damage|p2a: Manaphy|174\/358
|
|-weather|RainDance|[upkeep]
|-heal|p2a: Manaphy|196\/358|[from] item: Leftovers
|-heal|p1a: Slowbro|294\/394|[from] item: Leftovers
|turn|24
|
|move|p2a: Manaphy|Energy Ball|p1a: Slowbro
|-supereffective|p1a: Slowbro
|-damage|p1a: Slowbro|38\/394
|-unboost|p1a: Slowbro|spd|1
|move|p1a: Slowbro|Psyshock|p2a: Manaphy
|-damage|p2a: Manaphy|93\/358
|
|-weather|RainDance|[upkeep]
|-heal|p2a: Manaphy|115\/358|[from] item: Leftovers
|-heal|p1a: Slowbro|62\/394|[from] item: Leftovers
|turn|25
|
|move|p2a: Manaphy|Surf|p1a: Slowbro
|-resisted|p1a: Slowbro
|-damage|p1a: Slowbro|0 fnt
|faint|p1a: Slowbro
|
|-weather|RainDance|[upkeep]
|-heal|p2a: Manaphy|137\/358|[from] item: Leftovers
|
|switch|p1a: Diggersby|Diggersby, F|311\/311
|-damage|p1a: Diggersby|292\/311|[from] Stealth Rock
|turn|26
|
|move|p2a: Manaphy|Surf|p1a: Diggersby
|-supereffective|p1a: Diggersby
|-damage|p1a: Diggersby|0 fnt
|faint|p1a: Diggersby
|
|-weather|none
|-heal|p2a: Manaphy|159\/358|[from] item: Leftovers
|-message|diamondnips forfeited.
|leave|diamondnips
|
|win|Tythaeus
|raw|Ladder updating...
|player|p1
|raw|diamondnips's rating: 1499 &rarr; <strong>1473<\/strong><br \/>(-26 for losing)
|raw|Tythaeus's rating: 1379 &rarr; <strong>1406<\/strong><br \/>(+27 for winning)