|join|Mistakess
|join|Tythaeus
|player|p1|Mistakess|2
|player|p2|Tythaeus|190
|gametype|singles
|gen|6
|tier|OU (suspect test)
|rated
|clearpoke
|poke|p1|Charizard, M
|poke|p1|Infernape, M
|poke|p1|Dragonite, F
|poke|p1|Azumarill, F, shiny
|poke|p1|Scizor, M
|poke|p1|Bisharp, F
|poke|p2|Tyranitar, F
|poke|p2|Excadrill, F
|poke|p2|Clefable, F
|poke|p2|Talonflame, M
|poke|p2|Chesnaught, M
|poke|p2|Gengar, M
|rule|Swagger Clause: Swagger is banned
|rule|Baton Pass Clause: Limit one PokÃ©mon knowing Baton Pass
|rule|Sleep Clause Mod: Limit one foe put to sleep
|rule|Species Clause: Limit one of each PokÃ©mon
|rule|OHKO Clause: OHKO moves are banned
|rule|Moody Clause: Moody is banned
|rule|Evasion Moves Clause: Evasion moves are banned
|rule|Endless Battle Clause: Forcing endless battles is banned
|rule|HP Percentage Mod: HP is shown in percentages
|teampreview
|
|start
|switch|p1a: Dragonite|Dragonite, F|323\/323
|switch|p2a: Clefable|Clefable, F|394\/394
|turn|1
|
|switch|p1a: Charizard|Charizard, M|325\/325
|move|p2a: Clefable|Stealth Rock|p1a: Charizard
|-sidestart|p1: Mistakess|move: Stealth Rock
|
|turn|2
|
|switch|p2a: Tyranitar|Tyranitar, F|341\/341
|-weather|Sandstorm
|move|p1a: Charizard|Dragon Dance|p1a: Charizard
|-boost|p1a: Charizard|atk|1
|-boost|p1a: Charizard|spe|1
|
|-weather|Sandstorm|[upkeep]
|-damage|p1a: Charizard|305\/325|[from] sandstorm
|turn|3
|
|detailschange|p1a: Charizard|Charizard-Mega-X, M
|-mega|p1a: Charizard|Charizard|Charizardite X
|detailschange|p2a: Tyranitar|Tyranitar-Mega, F
|-mega|p2a: Tyranitar|Tyranitar|Tyranitarite
|move|p1a: Charizard|Dragon Claw|p2a: Tyranitar
|-damage|p2a: Tyranitar|127\/341
|move|p2a: Tyranitar|Earthquake|p1a: Charizard
|-supereffective|p1a: Charizard
|-damage|p1a: Charizard|33\/325
|
|-weather|Sandstorm|[upkeep]
|-damage|p1a: Charizard|13\/325|[from] sandstorm
|turn|4
|
|switch|p2a: Clefable|Clefable, F|394\/394
|move|p1a: Charizard|Fire Punch|p2a: Clefable
|-damage|p2a: Clefable|84\/394
|
|-weather|Sandstorm|[upkeep]
|-damage|p1a: Charizard|0 fnt|[from] sandstorm
|-heal|p2a: Clefable|108\/394|[from] item: Leftovers
|faint|p1a: Charizard
|
|switch|p1a: Infernape|Infernape, M|293\/293
|-damage|p1a: Infernape|257\/293|[from] Stealth Rock
|turn|5
|
|switch|p2a: Talonflame|Talonflame, M|317\/317
|move|p1a: Infernape|Stealth Rock|p2a: Talonflame
|-sidestart|p2: Tythaeus|move: Stealth Rock
|
|-weather|Sandstorm|[upkeep]
|-damage|p2a: Talonflame|298\/317|[from] sandstorm
|-damage|p1a: Infernape|239\/293|[from] sandstorm
|turn|6
|
|move|p2a: Talonflame|Brave Bird|p1a: Infernape
|-supereffective|p1a: Infernape
|-damage|p1a: Infernape|0 fnt
|-damage|p2a: Talonflame|219\/317|[from] recoil|[of] p1a: Infernape
|faint|p1a: Infernape
|
|-weather|none
|
|switch|p1a: Dragonite|Dragonite, F|323\/323
|-damage|p1a: Dragonite|243\/323|[from] Stealth Rock
|turn|7
|
|move|p1a: Dragonite|Extreme Speed|p2a: Talonflame
|-crit|p2a: Talonflame
|-damage|p2a: Talonflame|0 fnt
|-damage|p1a: Dragonite|211\/323|[from] item: Life Orb
|faint|p2a: Talonflame
|
|
|switch|p2a: Clefable|Clefable, F|108\/394
|turn|8
|
|move|p1a: Dragonite|Extreme Speed|p2a: Clefable
|-crit|p2a: Clefable
|-damage|p2a: Clefable|0 fnt
|-damage|p1a: Dragonite|179\/323|[from] item: Life Orb
|faint|p2a: Clefable
|
|
|switch|p2a: Tyranitar|Tyranitar-Mega, F|127\/341
|-damage|p2a: Tyranitar|85\/341|[from] Stealth Rock
|-weather|Sandstorm
|turn|9
|
|move|p1a: Dragonite|Extreme Speed|p2a: Tyranitar
|-resisted|p2a: Tyranitar
|-damage|p2a: Tyranitar|41\/341
|-damage|p1a: Dragonite|147\/323|[from] item: Life Orb
|move|p2a: Tyranitar|Ice Punch|p1a: Dragonite
|-supereffective|p1a: Dragonite
|-damage|p1a: Dragonite|0 fnt
|faint|p1a: Dragonite
|
|-weather|Sandstorm|[upkeep]
|
|switch|p1a: Bisharp|Bisharp, F|271\/271
|-damage|p1a: Bisharp|255\/271|[from] Stealth Rock
|turn|10
|
|move|p2a: Tyranitar|Earthquake|p1a: Bisharp
|-supereffective|p1a: Bisharp
|-damage|p1a: Bisharp|0 fnt
|faint|p1a: Bisharp
|
|-weather|Sandstorm|[upkeep]
|
|switch|p1a: Scizor|Scizor, M|344\/344
|-damage|p1a: Scizor|301\/344|[from] Stealth Rock
|turn|11
|
|move|p2a: Tyranitar|Crunch|p1a: Scizor
|-damage|p1a: Scizor|117\/344
|move|p1a: Scizor|Swords Dance|p1a: Scizor
|-boost|p1a: Scizor|atk|2
|
|-weather|Sandstorm|[upkeep]
|-heal|p1a: Scizor|138\/344|[from] item: Leftovers
|turn|12
|
|move|p1a: Scizor|Bullet Punch|p2a: Tyranitar
|-supereffective|p2a: Tyranitar
|-damage|p2a: Tyranitar|0 fnt
|faint|p2a: Tyranitar
|
|-weather|Sandstorm|[upkeep]
|-heal|p1a: Scizor|159\/344|[from] item: Leftovers
|
|switch|p2a: Excadrill|Excadrill, F|362\/362
|-damage|p2a: Excadrill|351\/362|[from] Stealth Rock
|turn|13
|
|move|p1a: Scizor|Bullet Punch|p2a: Excadrill
|-resisted|p2a: Excadrill
|-damage|p2a: Excadrill|159\/362
|move|p2a: Excadrill|Earthquake|p1a: Scizor
|-damage|p1a: Scizor|0 fnt
|-damage|p2a: Excadrill|123\/362|[from] item: Life Orb
|faint|p1a: Scizor
|
|-weather|none
|
|switch|p1a: Azumarill|Azumarill, F, shiny|404\/404
|-damage|p1a: Azumarill|354\/404|[from] Stealth Rock
|turn|14
|-message|Mistakess forfeited.
|
|win|Tythaeus
|raw|Ladder updating...
|leave|Mistakess
|player|p1
|raw|Mistakess's rating: 1486 &rarr; <strong>1459<\/strong><br \/>(-27 for losing)
|raw|Tythaeus's rating: 1346 &rarr; <strong>1373<\/strong><br \/>(+27 for winning)