|join|Tythaeus
|join|Merch5
|player|p1|Tythaeus|190
|player|p2|Merch5|39
|gametype|singles
|gen|6
|tier|OU (suspect test)
|rated
|clearpoke
|poke|p1|Tyranitar, F
|poke|p1|Excadrill, M
|poke|p1|Clefable, M
|poke|p1|Talonflame, F
|poke|p1|Chesnaught, M
|poke|p1|Gengar, F
|poke|p2|Pinsir, F
|poke|p2|Talonflame, F
|poke|p2|Excadrill, M
|poke|p2|Garchomp, M
|poke|p2|Thundurus, M
|poke|p2|Keldeo
|rule|Swagger Clause: Swagger is banned
|rule|Baton Pass Clause: Limit one PokÃ©mon knowing Baton Pass
|rule|Sleep Clause Mod: Limit one foe put to sleep
|rule|Species Clause: Limit one of each PokÃ©mon
|rule|OHKO Clause: OHKO moves are banned
|rule|Moody Clause: Moody is banned
|rule|Evasion Moves Clause: Evasion moves are banned
|rule|Endless Battle Clause: Forcing endless battles is banned
|rule|HP Percentage Mod: HP is shown in percentages
|teampreview
|
|start
|switch|p1a: Clefable|Clefable, M|394\/394
|switch|p2a: Garchomp|Garchomp, M|357\/357
|turn|1
|
|move|p2a: Garchomp|Stealth Rock|p1a: Clefable
|-sidestart|p1: Tythaeus|move: Stealth Rock
|move|p1a: Clefable|Stealth Rock|p2a: Garchomp
|-sidestart|p2: Merch5|move: Stealth Rock
|
|turn|2
|
|move|p2a: Garchomp|Earthquake|p1a: Clefable
|-damage|p1a: Clefable|199\/394
|move|p1a: Clefable|Moonblast|p2a: Garchomp
|-supereffective|p2a: Garchomp
|-damage|p2a: Garchomp|105\/357
|
|-heal|p1a: Clefable|223\/394|[from] item: Leftovers
|turn|3
|
|move|p2a: Garchomp|Earthquake|p1a: Clefable
|-damage|p1a: Clefable|27\/394
|move|p1a: Clefable|Soft-Boiled|p1a: Clefable
|-heal|p1a: Clefable|224\/394
|
|-heal|p1a: Clefable|248\/394|[from] item: Leftovers
|turn|4
|
|switch|p2a: Excadrill|Excadrill, M|362\/362
|-damage|p2a: Excadrill|351\/362|[from] Stealth Rock
|-ability|p2a: Excadrill|Mold Breaker
|switch|p1a: Gengar|Gengar, F|262\/262
|-damage|p1a: Gengar|230\/262|[from] Stealth Rock
|
|turn|5
|
|switch|p1a: Chesnaught|Chesnaught, M|380\/380
|-damage|p1a: Chesnaught|357\/380|[from] Stealth Rock
|move|p2a: Excadrill|Earthquake|p1a: Chesnaught
|-resisted|p1a: Chesnaught
|-damage|p1a: Chesnaught|297\/380
|
|-heal|p1a: Chesnaught|320\/380|[from] item: Leftovers
|turn|6
|
|switch|p2a: Garchomp|Garchomp, M|105\/357
|-damage|p2a: Garchomp|83\/357|[from] Stealth Rock
|move|p1a: Chesnaught|Leech Seed|p2a: Garchomp
|-start|p2a: Garchomp|move: Leech Seed
|
|-heal|p1a: Chesnaught|343\/380|[from] item: Leftovers
|-damage|p2a: Garchomp|39\/357|[from] Leech Seed|[of] p1a: Chesnaught
|-heal|p1a: Chesnaught|380\/380|[silent]
|turn|7
|
|switch|p2a: Pinsir|Pinsir, F|271\/271
|-damage|p2a: Pinsir|204\/271|[from] Stealth Rock
|move|p1a: Chesnaught|Spikes|p2a: Pinsir
|-sidestart|p2: Merch5|Spikes
|
|turn|8
|
|switch|p1a: Clefable|Clefable, M|248\/394
|detailschange|p2a: Pinsir|Pinsir-Mega, F
|-mega|p2a: Pinsir|Pinsir|Pinsirite
|move|p2a: Pinsir|Return|p1a: Clefable
|-damage|p1a: Clefable|0 fnt
|faint|p1a: Clefable
|
|
|switch|p1a: Talonflame|Talonflame, F|317\/317
|-damage|p1a: Talonflame|159\/317|[from] Stealth Rock
|turn|9
|
|switch|p2a: Garchomp|Garchomp, M|39\/357
|-damage|p2a: Garchomp|0 fnt|[from] Spikes
|faint|p2a: Garchomp
|move|p1a: Talonflame|Flare Blitz|p2: Garchomp|[notarget]
|-notarget
|
|
|switch|p2a: Thundurus|Thundurus, M|299\/299
|-damage|p2a: Thundurus|225\/299|[from] Stealth Rock
|turn|10
|
|move|p1a: Talonflame|Flare Blitz|p2a: Thundurus
|-damage|p2a: Thundurus|0 fnt
|-damage|p1a: Talonflame|85\/317|[from] recoil|[of] p2a: Thundurus
|faint|p2a: Thundurus
|
|
|switch|p2a: Keldeo|Keldeo|324\/324
|-damage|p2a: Keldeo|304\/324|[from] Stealth Rock
|-damage|p2a: Keldeo|264\/324|[from] Spikes
|turn|11
|
|move|p1a: Talonflame|Flare Blitz|p2a: Keldeo
|-resisted|p2a: Keldeo
|-damage|p2a: Keldeo|131\/324
|-damage|p1a: Talonflame|41\/317|[from] recoil|[of] p2a: Keldeo
|move|p2a: Keldeo|Substitute|p2a: Keldeo
|-start|p2a: Keldeo|Substitute
|-damage|p2a: Keldeo|50\/324
|
|-heal|p2a: Keldeo|70\/324|[from] item: Leftovers
|turn|12
|
|move|p1a: Talonflame|Flare Blitz|p2a: Keldeo
|-resisted|p2a: Keldeo
|-end|p2a: Keldeo|Substitute
|-damage|p1a: Talonflame|14\/317|[from] recoil|[of] p2a: Keldeo
|move|p2a: Keldeo|Scald|p1a: Talonflame
|-supereffective|p1a: Talonflame
|-damage|p1a: Talonflame|0 fnt
|faint|p1a: Talonflame
|
|-heal|p2a: Keldeo|90\/324|[from] item: Leftovers
|
|switch|p1a: Gengar|Gengar, F|230\/262
|-damage|p1a: Gengar|198\/262|[from] Stealth Rock
|turn|13
|
|switch|p2a: Excadrill|Excadrill, M|351\/362
|-damage|p2a: Excadrill|306\/362|[from] Spikes
|-damage|p2a: Excadrill|295\/362|[from] Stealth Rock
|-ability|p2a: Excadrill|Mold Breaker
|move|p1a: Gengar|Shadow Ball|p2a: Excadrill
|-damage|p2a: Excadrill|78\/362
|
|turn|14
|
|move|p1a: Gengar|Shadow Ball|p2a: Excadrill
|-damage|p2a: Excadrill|0 fnt
|faint|p2a: Excadrill
|
|-message|Merch5 forfeited.
|leave|Merch5
|
|switch|p2a: Talonflame|Talonflame, F|297\/297
|-damage|p2a: Talonflame|149\/297|[from] Stealth Rock
|turn|15
|
|win|Tythaeus
|raw|Ladder updating...
|player|p2
|raw|Tythaeus's rating: 1447 &rarr; <strong>1471<\/strong><br \/>(+24 for winning)
|raw|Merch5's rating: 1508 &rarr; <strong>1484<\/strong><br \/>(-24 for losing)