|join|Tythaeus
|join|unk
|player|p1|Tythaeus|190
|player|p2|unk|265
|gametype|singles
|gen|6
|tier|OU (suspect test)
|rated
|clearpoke
|poke|p1|Tyranitar, F
|poke|p1|Excadrill, F
|poke|p1|Clefable, M
|poke|p1|Talonflame, M
|poke|p1|Chesnaught, F
|poke|p1|Gengar, M
|poke|p2|Thundurus, M
|poke|p2|Lopunny, M
|poke|p2|Ferrothorn, M
|poke|p2|Gliscor, F
|poke|p2|Azumarill, F
|poke|p2|Latios, M
|rule|Swagger Clause: Swagger is banned
|rule|Baton Pass Clause: Limit one PokÃ©mon knowing Baton Pass
|rule|Sleep Clause Mod: Limit one foe put to sleep
|rule|Species Clause: Limit one of each PokÃ©mon
|rule|OHKO Clause: OHKO moves are banned
|rule|Moody Clause: Moody is banned
|rule|Evasion Moves Clause: Evasion moves are banned
|rule|Endless Battle Clause: Forcing endless battles is banned
|rule|HP Percentage Mod: HP is shown in percentages
|teampreview
|
|start
|switch|p1a: Talonflame|Talonflame, M|317\/317
|switch|p2a: Lopunny|Lopunny, M|271\/271
|turn|1
|
|detailschange|p2a: Lopunny|Lopunny-Mega, M
|-mega|p2a: Lopunny|Lopunny|Lopunnite
|move|p2a: Lopunny|Fake Out|p1a: Talonflame
|-damage|p1a: Talonflame|209\/317
|cant|p1a: Talonflame|flinch
|
|turn|2
|
|switch|p2a: Gliscor|Gliscor, F|318\/318
|move|p1a: Talonflame|U-turn|p2a: Gliscor
|-resisted|p2a: Gliscor
|-damage|p2a: Gliscor|288\/318
|
|switch|p1a: Tyranitar|Tyranitar, F|341\/341
|-weather|Sandstorm
|
|-weather|Sandstorm|[upkeep]
|-status|p2a: Gliscor|tox|[from] item: Toxic Orb
|turn|3
|
|detailschange|p1a: Tyranitar|Tyranitar-Mega, F
|-mega|p1a: Tyranitar|Tyranitar|Tyranitarite
|move|p2a: Gliscor|Taunt|p1a: Tyranitar
|-start|p1a: Tyranitar|move: Taunt
|move|p1a: Tyranitar|Ice Punch|p2a: Gliscor
|-supereffective|p2a: Gliscor
|-damage|p2a: Gliscor|36\/318 tox
|
|-weather|Sandstorm|[upkeep]
|-heal|p2a: Gliscor|75\/318 tox|[from] ability: Poison Heal
|turn|4
|
|move|p1a: Tyranitar|Crunch|p2a: Gliscor
|-damage|p2a: Gliscor|0 fnt
|faint|p2a: Gliscor
|
|-weather|Sandstorm|[upkeep]
|
|switch|p2a: Lopunny|Lopunny-Mega, M|271\/271
|turn|5
|
|switch|p1a: Chesnaught|Chesnaught, F|380\/380
|move|p2a: Lopunny|Return|p1a: Chesnaught
|-damage|p1a: Chesnaught|256\/380
|
|-weather|Sandstorm|[upkeep]
|-damage|p2a: Lopunny|255\/271|[from] sandstorm
|-damage|p1a: Chesnaught|233\/380|[from] sandstorm
|-heal|p1a: Chesnaught|256\/380|[from] item: Leftovers
|turn|6
|
|switch|p2a: Latios|Latios, M|301\/301
|move|p1a: Chesnaught|Leech Seed|p2a: Latios
|-start|p2a: Latios|move: Leech Seed
|
|-weather|none
|-heal|p1a: Chesnaught|279\/380|[from] item: Leftovers
|-damage|p2a: Latios|264\/301|[from] Leech Seed|[of] p1a: Chesnaught
|-heal|p1a: Chesnaught|316\/380|[silent]
|turn|7
|
|switch|p2a: Azumarill|Azumarill, F|403\/403
|move|p1a: Chesnaught|Spiky Shield|p1a: Chesnaught
|-fail|p1a: Chesnaught
|
|-heal|p1a: Chesnaught|339\/380|[from] item: Leftovers
|turn|8
|
|switch|p1a: Gengar|Gengar, M|262\/262
|move|p2a: Azumarill|Play Rough|p1a: Gengar
|-resisted|p1a: Gengar
|-damage|p1a: Gengar|112\/262
|
|turn|9
|
|move|p1a: Gengar|Will-O-Wisp|p2a: Azumarill
|-status|p2a: Azumarill|brn
|move|p2a: Azumarill|Waterfall|p1a: Gengar
|-damage|p1a: Gengar|0 fnt
|faint|p1a: Gengar
|
|-damage|p2a: Azumarill|353\/403 brn|[from] brn
|
|switch|p1a: Chesnaught|Chesnaught, F|339\/380
|turn|10
|
|switch|p2a: Ferrothorn|Ferrothorn, M|352\/352
|move|p1a: Chesnaught|Leech Seed|p2a: Ferrothorn|[miss]
|-miss|p1a: Chesnaught|p2a: Ferrothorn
|
|-heal|p1a: Chesnaught|362\/380|[from] item: Leftovers
|turn|11
|
|switch|p1a: Talonflame|Talonflame, M|209\/317
|move|p2a: Ferrothorn|Stealth Rock|p1a: Talonflame
|-sidestart|p1: Tythaeus|move: Stealth Rock
|
|turn|12
|
|switch|p2a: Azumarill|Azumarill, F|353\/403 brn
|move|p1a: Talonflame|Flare Blitz|p2a: Azumarill
|-resisted|p2a: Azumarill
|-damage|p2a: Azumarill|208\/403 brn
|-damage|p1a: Talonflame|161\/317|[from] recoil|[of] p2a: Azumarill
|
|-damage|p2a: Azumarill|158\/403 brn|[from] brn
|turn|13
|
|switch|p1a: Clefable|Clefable, M|394\/394
|move|p2a: Azumarill|Aqua Jet|p1a: Clefable
|-damage|p1a: Clefable|343\/394
|
|-heal|p1a: Clefable|367\/394|[from] item: Leftovers
|-damage|p2a: Azumarill|108\/403 brn|[from] brn
|turn|14
|
|move|p1a: Clefable|Stealth Rock|p2a: Azumarill
|-sidestart|p2: unk|move: Stealth Rock
|move|p2a: Azumarill|Play Rough|p1a: Clefable|[miss]
|-miss|p2a: Azumarill|p1a: Clefable
|
|-heal|p1a: Clefable|391\/394|[from] item: Leftovers
|-damage|p2a: Azumarill|58\/403 brn|[from] brn
|turn|15
|
|move|p1a: Clefable|Moonblast|p2a: Azumarill
|-damage|p2a: Azumarill|0 fnt
|faint|p2a: Azumarill
|
|-heal|p1a: Clefable|394\/394|[from] item: Leftovers
|
|switch|p2a: Ferrothorn|Ferrothorn, M|352\/352
|-damage|p2a: Ferrothorn|330\/352|[from] Stealth Rock
|turn|16
|
|switch|p1a: Chesnaught|Chesnaught, F|362\/380
|-damage|p1a: Chesnaught|339\/380|[from] Stealth Rock
|switch|p2a: Thundurus|Thundurus, M|299\/299
|-damage|p2a: Thundurus|225\/299|[from] Stealth Rock
|
|-heal|p1a: Chesnaught|362\/380|[from] item: Leftovers
|turn|17
|
|move|p2a: Thundurus|Hidden Power|p1a: Chesnaught
|-supereffective|p1a: Chesnaught
|-damage|p1a: Chesnaught|154\/380
|-damage|p2a: Thundurus|196\/299|[from] item: Life Orb
|move|p1a: Chesnaught|Leech Seed|p2a: Thundurus
|-start|p2a: Thundurus|move: Leech Seed
|
|-heal|p1a: Chesnaught|177\/380|[from] item: Leftovers
|-damage|p2a: Thundurus|159\/299|[from] Leech Seed|[of] p1a: Chesnaught
|-heal|p1a: Chesnaught|214\/380|[silent]
|turn|18
|
|switch|p2a: Latios|Latios, M|264\/301
|-damage|p2a: Latios|227\/301|[from] Stealth Rock
|move|p1a: Chesnaught|Spiky Shield|p1a: Chesnaught
|-fail|p1a: Chesnaught
|
|-heal|p1a: Chesnaught|237\/380|[from] item: Leftovers
|turn|19
|
|move|p1a: Chesnaught|Spiky Shield|p1a: Chesnaught
|-singleturn|p1a: Chesnaught|move: Protect
|move|p2a: Latios|Psyshock|p1a: Chesnaught
|-activate|p1a: Chesnaught|move: Protect
|
|-heal|p1a: Chesnaught|260\/380|[from] item: Leftovers
|turn|20
|
|switch|p2a: Lopunny|Lopunny-Mega, M|255\/271
|-damage|p2a: Lopunny|239\/271|[from] Stealth Rock
|switch|p1a: Tyranitar|Tyranitar-Mega, F|341\/341
|-damage|p1a: Tyranitar|299\/341|[from] Stealth Rock
|-weather|Sandstorm
|
|-weather|Sandstorm|[upkeep]
|-damage|p2a: Lopunny|223\/271|[from] sandstorm
|turn|21
|
|switch|p1a: Clefable|Clefable, M|394\/394
|move|p2a: Lopunny|Fake Out|p1a: Clefable
|-damage|p1a: Clefable|318\/394
|
|-weather|Sandstorm|[upkeep]
|-damage|p2a: Lopunny|207\/271|[from] sandstorm
|-heal|p1a: Clefable|342\/394|[from] item: Leftovers
|turn|22
|
|switch|p2a: Ferrothorn|Ferrothorn, M|330\/352
|-damage|p2a: Ferrothorn|308\/352|[from] Stealth Rock
|switch|p1a: Chesnaught|Chesnaught, F|260\/380
|-damage|p1a: Chesnaught|237\/380|[from] Stealth Rock
|
|-weather|Sandstorm|[upkeep]
|-damage|p1a: Chesnaught|214\/380|[from] sandstorm
|-heal|p1a: Chesnaught|237\/380|[from] item: Leftovers
|-heal|p2a: Ferrothorn|330\/352|[from] item: Leftovers
|turn|23
|
|move|p1a: Chesnaught|Drain Punch|p2a: Ferrothorn
|-supereffective|p2a: Ferrothorn
|-damage|p2a: Ferrothorn|196\/352
|-heal|p1a: Chesnaught|304\/380|[from] drain|[of] p2a: Ferrothorn
|-damage|p1a: Chesnaught|257\/380|[from] ability: Iron Barbs|[of] p2a: Ferrothorn
|move|p2a: Ferrothorn|Gyro Ball|p1a: Chesnaught
|-immune|p1a: Chesnaught|[msg]|[from] Bulletproof
|
|-weather|Sandstorm|[upkeep]
|-damage|p1a: Chesnaught|234\/380|[from] sandstorm
|-heal|p1a: Chesnaught|257\/380|[from] item: Leftovers
|-heal|p2a: Ferrothorn|218\/352|[from] item: Leftovers
|turn|24
|
|move|p2a: Ferrothorn|Protect|p2a: Ferrothorn
|-singleturn|p2a: Ferrothorn|Protect
|move|p1a: Chesnaught|Leech Seed|p2a: Ferrothorn
|-activate|p2a: Ferrothorn|Protect
|
|-weather|none
|-heal|p1a: Chesnaught|280\/380|[from] item: Leftovers
|-heal|p2a: Ferrothorn|240\/352|[from] item: Leftovers
|turn|25
|
|switch|p2a: Latios|Latios, M|227\/301
|-damage|p2a: Latios|190\/301|[from] Stealth Rock
|move|p1a: Chesnaught|Leech Seed|p2a: Latios
|-start|p2a: Latios|move: Leech Seed
|
|-heal|p1a: Chesnaught|303\/380|[from] item: Leftovers
|-damage|p2a: Latios|153\/301|[from] Leech Seed|[of] p1a: Chesnaught
|-heal|p1a: Chesnaught|340\/380|[silent]
|turn|26
|
|switch|p1a: Tyranitar|Tyranitar-Mega, F|299\/341
|-damage|p1a: Tyranitar|257\/341|[from] Stealth Rock
|-weather|Sandstorm
|move|p2a: Latios|Roost|p2a: Latios
|-heal|p2a: Latios|301\/301
|
|-weather|Sandstorm|[upkeep]
|-damage|p2a: Latios|283\/301|[from] sandstorm
|-damage|p2a: Latios|246\/301|[from] Leech Seed|[of] p1a: Tyranitar
|-heal|p1a: Tyranitar|294\/341|[silent]
|turn|27
|
|switch|p2a: Lopunny|Lopunny-Mega, M|207\/271
|-damage|p2a: Lopunny|191\/271|[from] Stealth Rock
|move|p1a: Tyranitar|Crunch|p2a: Lopunny
|-resisted|p2a: Lopunny
|-damage|p2a: Lopunny|105\/271
|
|-weather|Sandstorm|[upkeep]
|-damage|p2a: Lopunny|89\/271|[from] sandstorm
|turn|28
|
|switch|p1a: Clefable|Clefable, M|342\/394
|move|p2a: Lopunny|Drain Punch|p1a: Clefable
|-crit|p1a: Clefable
|-resisted|p1a: Clefable
|-damage|p1a: Clefable|232\/394
|-heal|p2a: Lopunny|144\/271|[from] drain|[of] p1a: Clefable
|
|-weather|Sandstorm|[upkeep]
|-damage|p2a: Lopunny|128\/271|[from] sandstorm
|-heal|p1a: Clefable|256\/394|[from] item: Leftovers
|turn|29
|
|move|p2a: Lopunny|Return|p1a: Clefable
|-damage|p1a: Clefable|42\/394
|move|p1a: Clefable|Moonblast|p2a: Lopunny
|-supereffective|p2a: Lopunny
|-damage|p2a: Lopunny|0 fnt
|faint|p2a: Lopunny
|
|-weather|Sandstorm|[upkeep]
|-heal|p1a: Clefable|66\/394|[from] item: Leftovers
|
|switch|p2a: Latios|Latios, M|246\/301
|-damage|p2a: Latios|209\/301|[from] Stealth Rock
|turn|30
|
|move|p2a: Latios|Psyshock|p1a: Clefable
|-damage|p1a: Clefable|0 fnt
|-damage|p2a: Latios|179\/301|[from] item: Life Orb
|faint|p1a: Clefable
|
|-weather|none
|
|switch|p1a: Tyranitar|Tyranitar-Mega, F|294\/341
|-damage|p1a: Tyranitar|252\/341|[from] Stealth Rock
|-weather|Sandstorm
|turn|31
|
|switch|p2a: Ferrothorn|Ferrothorn, M|240\/352
|-damage|p2a: Ferrothorn|218\/352|[from] Stealth Rock
|move|p1a: Tyranitar|Crunch|p2a: Ferrothorn
|-damage|p2a: Ferrothorn|97\/352
|-damage|p1a: Tyranitar|210\/341|[from] ability: Iron Barbs|[of] p2a: Ferrothorn
|
|-weather|Sandstorm|[upkeep]
|-heal|p2a: Ferrothorn|119\/352|[from] item: Leftovers
|turn|32
|
|move|p2a: Ferrothorn|Protect|p2a: Ferrothorn
|-singleturn|p2a: Ferrothorn|Protect
|move|p1a: Tyranitar|Dragon Dance|p1a: Tyranitar
|-boost|p1a: Tyranitar|atk|1
|-boost|p1a: Tyranitar|spe|1
|
|-weather|Sandstorm|[upkeep]
|-heal|p2a: Ferrothorn|141\/352|[from] item: Leftovers
|turn|33
|
|move|p1a: Tyranitar|Crunch|p2a: Ferrothorn
|-damage|p2a: Ferrothorn|0 fnt
|-damage|p1a: Tyranitar|168\/341|[from] ability: Iron Barbs|[of] p2a: Ferrothorn
|faint|p2a: Ferrothorn
|
|-weather|Sandstorm|[upkeep]
|
|switch|p2a: Thundurus|Thundurus, M|159\/299
|-damage|p2a: Thundurus|85\/299|[from] Stealth Rock
|turn|34
|
|move|p1a: Tyranitar|Ice Punch|p2a: Thundurus
|-supereffective|p2a: Thundurus
|-damage|p2a: Thundurus|0 fnt
|faint|p2a: Thundurus
|
|-weather|Sandstorm|[upkeep]
|
|switch|p2a: Latios|Latios, M|179\/301
|-damage|p2a: Latios|142\/301|[from] Stealth Rock
|turn|35
|
|move|p1a: Tyranitar|Crunch|p2a: Latios
|-crit|p2a: Latios
|-supereffective|p2a: Latios
|-damage|p2a: Latios|0 fnt
|faint|p2a: Latios
|
|win|Tythaeus
|raw|Ladder updating...
|raw|Tythaeus's rating: 1471 &rarr; <strong>1486<\/strong><br \/>(+15 for winning)
|raw|unk's rating: 1387 &rarr; <strong>1372<\/strong><br \/>(-15 for losing)
|leave|unk