|join|ZephyrCR
|join|Tythaeus
|player|p1|ZephyrCR|70
|player|p2|Tythaeus|190
|gametype|singles
|gen|6
|tier|OU (suspect test)
|rated
|clearpoke
|poke|p1|Lopunny, F, shiny
|poke|p1|Excadrill, M
|poke|p1|Slowbro, M
|poke|p1|Landorus-Therian, M
|poke|p1|Talonflame, M
|poke|p1|Rotom-Wash
|poke|p2|Tyranitar, M
|poke|p2|Excadrill, F
|poke|p2|Clefable, M
|poke|p2|Talonflame, F
|poke|p2|Chesnaught, M
|poke|p2|Gengar, F
|rule|Swagger Clause: Swagger is banned
|rule|Baton Pass Clause: Limit one PokÃ©mon knowing Baton Pass
|rule|Sleep Clause Mod: Limit one foe put to sleep
|rule|Species Clause: Limit one of each PokÃ©mon
|rule|OHKO Clause: OHKO moves are banned
|rule|Moody Clause: Moody is banned
|rule|Evasion Moves Clause: Evasion moves are banned
|rule|Endless Battle Clause: Forcing endless battles is banned
|rule|HP Percentage Mod: HP is shown in percentages
|teampreview
|
|start
|switch|p1a: Landorus-Therian|Landorus-Therian, M|319\/319
|switch|p2a: Clefable|Clefable, M|394\/394
|-ability|p1a: Landorus-Therian|Intimidate|[of] p2a: Clefable
|-unboost|p2a: Clefable|atk|1
|turn|1
|
|move|p1a: Landorus-Therian|Stealth Rock|p2a: Clefable
|-sidestart|p2: Tythaeus|move: Stealth Rock
|move|p2a: Clefable|Stealth Rock|p1a: Landorus-Therian
|-sidestart|p1: ZephyrCR|move: Stealth Rock
|
|turn|2
|
|move|p1a: Landorus-Therian|U-turn|p2a: Clefable
|-resisted|p2a: Clefable
|-damage|p2a: Clefable|344\/394
|
|switch|p1a: Excadrill|Excadrill, M|361\/361
|-damage|p1a: Excadrill|350\/361|[from] Stealth Rock
|-ability|p1a: Excadrill|Mold Breaker
|move|p2a: Clefable|Moonblast|p1a: Excadrill
|-resisted|p1a: Excadrill
|-damage|p1a: Excadrill|270\/361
|
|-heal|p2a: Clefable|368\/394|[from] item: Leftovers
|turn|3
|
|move|p1a: Excadrill|Rapid Spin|p2a: Clefable
|-damage|p2a: Clefable|334\/394
|-sideend|p1: ZephyrCR|Stealth Rock|[from] move: Rapid Spin|[of] p1a: Excadrill
|-damage|p1a: Excadrill|234\/361|[from] item: Life Orb
|move|p2a: Clefable|Stealth Rock|p1a: Excadrill
|-sidestart|p1: ZephyrCR|move: Stealth Rock
|
|-heal|p2a: Clefable|358\/394|[from] item: Leftovers
|turn|4
|
|switch|p2a: Chesnaught|Chesnaught, M|380\/380
|-damage|p2a: Chesnaught|357\/380|[from] Stealth Rock
|move|p1a: Excadrill|Iron Head|p2a: Chesnaught
|-damage|p2a: Chesnaught|248\/380
|-damage|p1a: Excadrill|198\/361|[from] item: Life Orb
|
|-heal|p2a: Chesnaught|271\/380|[from] item: Leftovers
|turn|5
|
|move|p1a: Excadrill|Rapid Spin|p2a: Chesnaught
|-damage|p2a: Chesnaught|249\/380
|-sideend|p1: ZephyrCR|Stealth Rock|[from] move: Rapid Spin|[of] p1a: Excadrill
|-damage|p1a: Excadrill|162\/361|[from] item: Life Orb
|move|p2a: Chesnaught|Leech Seed|p1a: Excadrill
|-start|p1a: Excadrill|move: Leech Seed
|
|-heal|p2a: Chesnaught|272\/380|[from] item: Leftovers
|-damage|p1a: Excadrill|117\/361|[from] Leech Seed|[of] p2a: Chesnaught
|-heal|p2a: Chesnaught|317\/380|[silent]
|turn|6
|
|switch|p1a: Lopunny|Lopunny, F, shiny|271\/271
|move|p2a: Chesnaught|Leech Seed|p1a: Lopunny
|-start|p1a: Lopunny|move: Leech Seed
|
|-heal|p2a: Chesnaught|340\/380|[from] item: Leftovers
|-damage|p1a: Lopunny|238\/271|[from] Leech Seed|[of] p2a: Chesnaught
|-heal|p2a: Chesnaught|373\/380|[silent]
|turn|7
|
|detailschange|p1a: Lopunny|Lopunny-Mega, F, shiny
|-mega|p1a: Lopunny|Lopunny|Lopunnite
|move|p1a: Lopunny|Ice Punch|p2a: Chesnaught
|-supereffective|p2a: Chesnaught
|-damage|p2a: Chesnaught|255\/380
|-status|p2a: Chesnaught|frz
|-curestatus|p2a: Chesnaught|frz
|move|p2a: Chesnaught|Spikes|p1a: Lopunny
|-sidestart|p1: ZephyrCR|Spikes
|
|-heal|p2a: Chesnaught|278\/380|[from] item: Leftovers
|-damage|p1a: Lopunny|205\/271|[from] Leech Seed|[of] p2a: Chesnaught
|-heal|p2a: Chesnaught|311\/380|[silent]
|turn|8
|
|switch|p1a: Talonflame|Talonflame, M|297\/297
|move|p2a: Chesnaught|Leech Seed|p1a: Talonflame
|-start|p1a: Talonflame|move: Leech Seed
|
|-heal|p2a: Chesnaught|334\/380|[from] item: Leftovers
|-damage|p1a: Talonflame|260\/297|[from] Leech Seed|[of] p2a: Chesnaught
|-heal|p2a: Chesnaught|371\/380|[silent]
|turn|9
|
|move|p2a: Chesnaught|Spiky Shield|p2a: Chesnaught
|-singleturn|p2a: Chesnaught|move: Protect
|move|p1a: Talonflame|Brave Bird|p2a: Chesnaught
|-activate|p2a: Chesnaught|move: Protect
|-damage|p1a: Talonflame|223\/297|[from] Spiky Shield|[of] p2a: Chesnaught
|
|-heal|p2a: Chesnaught|380\/380|[from] item: Leftovers
|-damage|p1a: Talonflame|186\/297|[from] Leech Seed|[of] p2a: Chesnaught
|turn|10
|
|switch|p2a: Tyranitar|Tyranitar, M|341\/341
|-damage|p2a: Tyranitar|299\/341|[from] Stealth Rock
|-weather|Sandstorm
|move|p1a: Talonflame|Brave Bird|p2a: Tyranitar
|-resisted|p2a: Tyranitar
|-damage|p2a: Tyranitar|171\/341
|-damage|p1a: Talonflame|144\/297|[from] recoil|[of] p2a: Tyranitar
|
|-weather|Sandstorm|[upkeep]
|-damage|p1a: Talonflame|126\/297|[from] sandstorm
|-damage|p1a: Talonflame|89\/297|[from] Leech Seed|[of] p2a: Tyranitar
|-heal|p2a: Tyranitar|208\/341|[silent]
|turn|11
|-message|ZephyrCR forfeited.
|leave|ZephyrCR
|
|win|Tythaeus
|raw|Ladder updating...
|raw|ZephyrCR's rating: 1333 &rarr; <strong>1317<\/strong><br \/>(-16 for losing)
|raw|Tythaeus's rating: 1411 &rarr; <strong>1427<\/strong><br \/>(+16 for winning)
|player|p1