|join|K'Royal
|join|Tythaeus
|player|p1|K'Royal|265
|player|p2|Tythaeus|190
|gametype|singles
|gen|6
|tier|OU (suspect test)
|rated
|clearpoke
|poke|p1|Landorus-Therian, M
|poke|p1|Clefable, M
|poke|p1|Keldeo
|poke|p1|Ferrothorn, F
|poke|p1|Zapdos
|poke|p1|Pinsir, F
|poke|p2|Celebi
|poke|p2|Azumarill, F
|poke|p2|Steelix, M
|poke|p2|Latias, F
|poke|p2|Tyranitar, M
|poke|p2|Rotom-Heat
|rule|Swagger Clause: Swagger is banned
|rule|Baton Pass Clause: Limit one PokÃ©mon knowing Baton Pass
|rule|Sleep Clause Mod: Limit one foe put to sleep
|rule|Species Clause: Limit one of each PokÃ©mon
|rule|OHKO Clause: OHKO moves are banned
|rule|Moody Clause: Moody is banned
|rule|Evasion Moves Clause: Evasion moves are banned
|rule|Endless Battle Clause: Forcing endless battles is banned
|rule|HP Percentage Mod: HP is shown in percentages
|teampreview
|
|start
|switch|p1a: Pinsir|Pinsir, F|272\/272
|switch|p2a: Rotom-Heat|Rotom-Heat|304\/304
|turn|1
|
|switch|p1a: Clefable|Clefable, M|394\/394
|move|p2a: Rotom-Heat|Overheat|p1a: Clefable
|-damage|p1a: Clefable|205\/394
|-unboost|p2a: Rotom-Heat|spa|2
|
|-heal|p1a: Clefable|229\/394|[from] item: Leftovers
|turn|2
|
|move|p2a: Rotom-Heat|Volt Switch|p1a: Clefable
|-crit|p1a: Clefable
|-damage|p1a: Clefable|82\/394
|
|switch|p2a: Steelix|Steelix, M|353\/353
|move|p1a: Clefable|Flamethrower|p2a: Steelix
|-supereffective|p2a: Steelix
|-damage|p2a: Steelix|169\/353
|
|-heal|p1a: Clefable|106\/394|[from] item: Leftovers
|turn|3
|
|switch|p2a: Rotom-Heat|Rotom-Heat|304\/304
|move|p1a: Clefable|Flamethrower|p2a: Rotom-Heat
|-resisted|p2a: Rotom-Heat
|-damage|p2a: Rotom-Heat|271\/304
|
|-heal|p2a: Rotom-Heat|290\/304|[from] item: Leftovers
|-heal|p1a: Clefable|130\/394|[from] item: Leftovers
|turn|4
|
|switch|p1a: Zapdos|Zapdos|384\/384
|-ability|p1a: Zapdos|Pressure
|move|p2a: Rotom-Heat|Overheat|p1a: Zapdos
|-damage|p1a: Zapdos|249\/384
|-unboost|p2a: Rotom-Heat|spa|2
|
|-heal|p1a: Zapdos|273\/384|[from] item: Leftovers
|-heal|p2a: Rotom-Heat|304\/304|[from] item: Leftovers
|turn|5
|
|switch|p1a: Landorus-Therian|Landorus-Therian, M|382\/382
|-ability|p1a: Landorus-Therian|Intimidate|[of] p2a: Rotom-Heat
|-unboost|p2a: Rotom-Heat|atk|1
|move|p2a: Rotom-Heat|Volt Switch|p1a: Landorus-Therian
|-immune|p1a: Landorus-Therian|[msg]
|
|turn|6
|
|move|p2a: Rotom-Heat|Will-O-Wisp|p1a: Landorus-Therian
|-status|p1a: Landorus-Therian|brn
|move|p1a: Landorus-Therian|Stealth Rock|p2a: Rotom-Heat
|-sidestart|p2: Tythaeus|move: Stealth Rock
|
|-damage|p1a: Landorus-Therian|335\/382 brn|[from] brn
|turn|7
|
|move|p2a: Rotom-Heat|Hidden Power|p1a: Landorus-Therian
|-supereffective|p1a: Landorus-Therian
|-damage|p1a: Landorus-Therian|223\/382 brn
|move|p1a: Landorus-Therian|U-turn|p2a: Rotom-Heat
|-resisted|p2a: Rotom-Heat
|-damage|p2a: Rotom-Heat|287\/304
|
|switch|p1a: Pinsir|Pinsir, F|272\/272
|
|-heal|p2a: Rotom-Heat|304\/304|[from] item: Leftovers
|turn|8
|
|move|p1a: Pinsir|Swords Dance|p1a: Pinsir
|-boost|p1a: Pinsir|atk|2
|move|p2a: Rotom-Heat|Will-O-Wisp|p1a: Pinsir
|-status|p1a: Pinsir|brn
|
|-damage|p1a: Pinsir|238\/272 brn|[from] brn
|turn|9
|
|detailschange|p1a: Pinsir|Pinsir-Mega, F
|-mega|p1a: Pinsir|Pinsir|Pinsirite
|move|p1a: Pinsir|Swords Dance|p1a: Pinsir
|-boost|p1a: Pinsir|atk|2
|move|p2a: Rotom-Heat|Overheat|p1a: Pinsir
|-supereffective|p1a: Pinsir
|-damage|p1a: Pinsir|68\/272 brn
|-unboost|p2a: Rotom-Heat|spa|2
|
|-damage|p1a: Pinsir|34\/272 brn|[from] brn
|turn|10
|
|switch|p2a: Tyranitar|Tyranitar, M|403\/403
|-damage|p2a: Tyranitar|353\/403|[from] Stealth Rock
|-weather|Sandstorm
|move|p1a: Pinsir|Close Combat|p2a: Tyranitar
|-supereffective|p2a: Tyranitar
|-damage|p2a: Tyranitar|0 fnt
|-unboost|p1a: Pinsir|def|1
|-unboost|p1a: Pinsir|spd|1
|faint|p2a: Tyranitar
|
|-weather|Sandstorm|[upkeep]
|-damage|p1a: Pinsir|17\/272 brn|[from] sandstorm
|-damage|p1a: Pinsir|0 fnt|[from] brn
|faint|p1a: Pinsir
|
|switch|p1a: Keldeo|Keldeo|323\/323
|switch|p2a: Rotom-Heat|Rotom-Heat|304\/304
|-damage|p2a: Rotom-Heat|228\/304|[from] Stealth Rock
|turn|11
|
|switch|p1a: Landorus-Therian|Landorus-Therian, M|223\/382 brn
|-ability|p1a: Landorus-Therian|Intimidate|[of] p2a: Rotom-Heat
|-unboost|p2a: Rotom-Heat|atk|1
|switch|p2a: Celebi|Celebi|404\/404
|-damage|p2a: Celebi|354\/404|[from] Stealth Rock
|
|-weather|Sandstorm|[upkeep]
|-damage|p2a: Celebi|329\/404|[from] sandstorm
|-heal|p2a: Celebi|354\/404|[from] item: Leftovers
|-heal|p1a: Landorus-Therian|246\/382 brn|[from] item: Leftovers
|-damage|p1a: Landorus-Therian|199\/382 brn|[from] brn
|turn|12
|
|move|p2a: Celebi|Baton Pass|p2a: Celebi
|
|switch|p2a: Steelix|Steelix, M|169\/353
|-damage|p2a: Steelix|158\/353|[from] Stealth Rock
|move|p1a: Landorus-Therian|U-turn|p2a: Steelix
|-resisted|p2a: Steelix
|-damage|p2a: Steelix|143\/353
|
|switch|p1a: Clefable|Clefable, M|130\/394
|
|-weather|Sandstorm|[upkeep]
|-heal|p1a: Clefable|154\/394|[from] item: Leftovers
|turn|13
|
|detailschange|p2a: Steelix|Steelix-Mega, M
|-mega|p2a: Steelix|Steelix|Steelixite
|move|p1a: Clefable|Flamethrower|p2a: Steelix
|-supereffective|p2a: Steelix
|-damage|p2a: Steelix|3\/353
|move|p2a: Steelix|Heavy Slam|p1a: Clefable
|-supereffective|p1a: Clefable
|-damage|p1a: Clefable|0 fnt
|faint|p1a: Clefable
|
|-weather|Sandstorm|[upkeep]
|
|switch|p1a: Landorus-Therian|Landorus-Therian, M|199\/382 brn
|-ability|p1a: Landorus-Therian|Intimidate|[of] p2a: Steelix
|-unboost|p2a: Steelix|atk|1
|turn|14
|
|move|p1a: Landorus-Therian|U-turn|p2a: Steelix
|-resisted|p2a: Steelix
|-damage|p2a: Steelix|0 fnt
|faint|p2a: Steelix
|
|switch|p1a: Zapdos|Zapdos|273\/384
|-ability|p1a: Zapdos|Pressure
|
|-weather|none
|-heal|p1a: Zapdos|297\/384|[from] item: Leftovers
|
|switch|p2a: Latias|Latias, F|301\/301
|-damage|p2a: Latias|264\/301|[from] Stealth Rock
|turn|15
|
|move|p2a: Latias|Defog|p1a: Zapdos
|-unboost|p1a: Zapdos|evasion|1
|-sideend|p2: Tythaeus|Stealth Rock|[from] move: Defog|[of] p2a: Latias
|move|p1a: Zapdos|Volt Switch|p2a: Latias
|-resisted|p2a: Latias
|-damage|p2a: Latias|225\/301
|
|switch|p1a: Ferrothorn|Ferrothorn, F|352\/352
|
|turn|16
|
|switch|p2a: Rotom-Heat|Rotom-Heat|228\/304
|move|p1a: Ferrothorn|Leech Seed|p2a: Rotom-Heat
|-start|p2a: Rotom-Heat|move: Leech Seed
|
|-heal|p2a: Rotom-Heat|247\/304|[from] item: Leftovers
|-damage|p2a: Rotom-Heat|209\/304|[from] Leech Seed|[of] p1a: Ferrothorn
|turn|17
|
|switch|p1a: Keldeo|Keldeo|323\/323
|move|p2a: Rotom-Heat|Will-O-Wisp|p1a: Keldeo
|-status|p1a: Keldeo|brn
|
|-heal|p2a: Rotom-Heat|228\/304|[from] item: Leftovers
|-damage|p2a: Rotom-Heat|190\/304|[from] Leech Seed|[of] p1a: Keldeo
|-damage|p1a: Keldeo|283\/323 brn|[from] brn
|turn|18
|
|switch|p2a: Celebi|Celebi|354\/404
|move|p1a: Keldeo|Scald|p2a: Celebi
|-resisted|p2a: Celebi
|-damage|p2a: Celebi|302\/404
|
|-heal|p1a: Keldeo|303\/323 brn|[from] item: Leftovers
|-heal|p2a: Celebi|327\/404|[from] item: Leftovers
|-damage|p1a: Keldeo|263\/323 brn|[from] brn
|turn|19
|
|switch|p1a: Zapdos|Zapdos|297\/384
|-ability|p1a: Zapdos|Pressure
|move|p2a: Celebi|Baton Pass|p2a: Celebi
|
|switch|p2a: Latias|Latias, F|225\/301
|
|-heal|p1a: Zapdos|321\/384|[from] item: Leftovers
|turn|20
|
|move|p2a: Latias|Psyshock|p1a: Zapdos
|-damage|p1a: Zapdos|129\/384
|-damage|p2a: Latias|195\/301|[from] item: Life Orb
|move|p1a: Zapdos|Roost|p1a: Zapdos
|-heal|p1a: Zapdos|321\/384
|
|-heal|p1a: Zapdos|345\/384|[from] item: Leftovers
|turn|21
|
|move|p2a: Latias|Draco Meteor|p1a: Zapdos
|-damage|p1a: Zapdos|141\/384
|-unboost|p2a: Latias|spa|2
|-damage|p2a: Latias|165\/301|[from] item: Life Orb
|move|p1a: Zapdos|Roost|p1a: Zapdos
|-heal|p1a: Zapdos|333\/384
|
|-heal|p1a: Zapdos|357\/384|[from] item: Leftovers
|turn|22
|
|switch|p2a: Rotom-Heat|Rotom-Heat|190\/304
|move|p1a: Zapdos|Volt Switch|p2a: Rotom-Heat
|-resisted|p2a: Rotom-Heat
|-damage|p2a: Rotom-Heat|142\/304
|
|switch|p1a: Keldeo|Keldeo|263\/323 brn
|
|-heal|p1a: Keldeo|283\/323 brn|[from] item: Leftovers
|-heal|p2a: Rotom-Heat|161\/304|[from] item: Leftovers
|-damage|p1a: Keldeo|243\/323 brn|[from] brn
|turn|23
|
|switch|p2a: Celebi|Celebi|327\/404
|move|p1a: Keldeo|Scald|p2a: Celebi
|-resisted|p2a: Celebi
|-damage|p2a: Celebi|275\/404
|
|-heal|p1a: Keldeo|263\/323 brn|[from] item: Leftovers
|-heal|p2a: Celebi|300\/404|[from] item: Leftovers
|-damage|p1a: Keldeo|223\/323 brn|[from] brn
|turn|24
|
|switch|p1a: Zapdos|Zapdos|357\/384
|-ability|p1a: Zapdos|Pressure
|move|p2a: Celebi|Giga Drain|p1a: Zapdos
|-resisted|p1a: Zapdos
|-damage|p1a: Zapdos|322\/384
|-heal|p2a: Celebi|318\/404|[from] drain|[of] p1a: Zapdos
|
|-heal|p2a: Celebi|343\/404|[from] item: Leftovers
|-heal|p1a: Zapdos|346\/384|[from] item: Leftovers
|turn|25
|
|move|p2a: Celebi|Giga Drain|p1a: Zapdos
|-resisted|p1a: Zapdos
|-damage|p1a: Zapdos|313\/384
|-heal|p2a: Celebi|360\/404|[from] drain|[of] p1a: Zapdos
|move|p1a: Zapdos|Heat Wave|p2a: Celebi
|-supereffective|p2a: Celebi
|-damage|p2a: Celebi|226\/404
|
|-heal|p2a: Celebi|251\/404|[from] item: Leftovers
|-heal|p1a: Zapdos|337\/384|[from] item: Leftovers
|turn|26
|
|move|p2a: Celebi|Giga Drain|p1a: Zapdos
|-resisted|p1a: Zapdos
|-damage|p1a: Zapdos|301\/384
|-heal|p2a: Celebi|269\/404|[from] drain|[of] p1a: Zapdos
|move|p1a: Zapdos|Volt Switch|p2a: Celebi
|-crit|p2a: Celebi
|-resisted|p2a: Celebi
|-damage|p2a: Celebi|207\/404
|
|switch|p1a: Ferrothorn|Ferrothorn, F|352\/352
|
|-heal|p2a: Celebi|232\/404|[from] item: Leftovers
|turn|27
|
|move|p2a: Celebi|Recover|p2a: Celebi
|-heal|p2a: Celebi|404\/404
|move|p1a: Ferrothorn|Leech Seed|p2a: Celebi
|-immune|p2a: Celebi|[msg]
|
|turn|28
|
|move|p2a: Celebi|Baton Pass|p2a: Celebi
|
|switch|p2a: Rotom-Heat|Rotom-Heat|161\/304
|move|p1a: Ferrothorn|Leech Seed|p2a: Rotom-Heat
|-start|p2a: Rotom-Heat|move: Leech Seed
|
|-heal|p2a: Rotom-Heat|180\/304|[from] item: Leftovers
|-damage|p2a: Rotom-Heat|142\/304|[from] Leech Seed|[of] p1a: Ferrothorn
|turn|29
|
|switch|p2a: Celebi|Celebi|404\/404
|switch|p1a: Zapdos|Zapdos|301\/384
|-ability|p1a: Zapdos|Pressure
|
|-heal|p1a: Zapdos|325\/384|[from] item: Leftovers
|turn|30
|
|move|p2a: Celebi|Giga Drain|p1a: Zapdos
|-resisted|p1a: Zapdos
|-damage|p1a: Zapdos|291\/384
|move|p1a: Zapdos|Heat Wave|p2a: Celebi
|-supereffective|p2a: Celebi
|-damage|p2a: Celebi|258\/404
|
|-heal|p2a: Celebi|283\/404|[from] item: Leftovers
|-heal|p1a: Zapdos|315\/384|[from] item: Leftovers
|turn|31
|
|move|p2a: Celebi|Recover|p2a: Celebi
|-heal|p2a: Celebi|404\/404
|move|p1a: Zapdos|Heat Wave|p2a: Celebi
|-supereffective|p2a: Celebi
|-damage|p2a: Celebi|260\/404
|
|-heal|p2a: Celebi|285\/404|[from] item: Leftovers
|-heal|p1a: Zapdos|339\/384|[from] item: Leftovers
|turn|32
|
|move|p2a: Celebi|Recover|p2a: Celebi
|-heal|p2a: Celebi|404\/404
|move|p1a: Zapdos|Heat Wave|p2a: Celebi
|-supereffective|p2a: Celebi
|-damage|p2a: Celebi|270\/404
|
|-heal|p2a: Celebi|295\/404|[from] item: Leftovers
|-heal|p1a: Zapdos|363\/384|[from] item: Leftovers
|turn|33
|
|move|p2a: Celebi|Recover|p2a: Celebi
|-heal|p2a: Celebi|404\/404
|move|p1a: Zapdos|Heat Wave|p2a: Celebi
|-supereffective|p2a: Celebi
|-damage|p2a: Celebi|252\/404
|
|-heal|p2a: Celebi|277\/404|[from] item: Leftovers
|-heal|p1a: Zapdos|384\/384|[from] item: Leftovers
|turn|34
|
|move|p2a: Celebi|Baton Pass|p2a: Celebi
|
|switch|p2a: Rotom-Heat|Rotom-Heat|142\/304
|move|p1a: Zapdos|Volt Switch|p2a: Rotom-Heat
|-resisted|p2a: Rotom-Heat
|-damage|p2a: Rotom-Heat|97\/304
|
|switch|p1a: Keldeo|Keldeo|223\/323 brn
|
|-heal|p1a: Keldeo|243\/323 brn|[from] item: Leftovers
|-heal|p2a: Rotom-Heat|116\/304|[from] item: Leftovers
|-damage|p1a: Keldeo|203\/323 brn|[from] brn
|turn|35
|
|switch|p1a: Zapdos|Zapdos|384\/384
|-ability|p1a: Zapdos|Pressure
|switch|p2a: Celebi|Celebi|277\/404
|
|-heal|p2a: Celebi|302\/404|[from] item: Leftovers
|turn|36
|
|move|p2a: Celebi|Recover|p2a: Celebi
|-heal|p2a: Celebi|404\/404
|move|p1a: Zapdos|Volt Switch|p2a: Celebi
|-resisted|p2a: Celebi
|-damage|p2a: Celebi|368\/404
|
|switch|p1a: Ferrothorn|Ferrothorn, F|352\/352
|
|-heal|p2a: Celebi|393\/404|[from] item: Leftovers
|turn|37
|
|move|p1a: Ferrothorn|Leech Seed|p2a: Celebi
|-immune|p2a: Celebi|[msg]
|move|p2a: Celebi|Trick Room|p2a: Celebi
|-fieldstart|move: Trick Room|[of] p2a: Celebi
|
|-heal|p2a: Celebi|404\/404|[from] item: Leftovers
|turn|38
|
|move|p1a: Ferrothorn|Thunder Wave|p2a: Celebi
|-status|p2a: Celebi|par
|cant|p2a: Celebi|par
|
|turn|39
|
|move|p1a: Ferrothorn|Spikes|p2a: Celebi
|-sidestart|p2: Tythaeus|Spikes
|cant|p2a: Celebi|par
|
|turn|40
|
|move|p1a: Ferrothorn|Leech Seed|p2a: Celebi
|-immune|p2a: Celebi|[msg]
|move|p2a: Celebi|Baton Pass|p2a: Celebi
|
|switch|p2a: Rotom-Heat|Rotom-Heat|116\/304
|
|-heal|p2a: Rotom-Heat|135\/304|[from] item: Leftovers
|turn|41
|
|switch|p1a: Zapdos|Zapdos|384\/384
|-ability|p1a: Zapdos|Pressure
|move|p2a: Rotom-Heat|Will-O-Wisp|p1a: Zapdos|[miss]
|-miss|p2a: Rotom-Heat|p1a: Zapdos
|
|-heal|p2a: Rotom-Heat|154\/304|[from] item: Leftovers
|-fieldend|move: Trick Room
|turn|42
|
|move|p1a: Zapdos|Volt Switch|p2a: Rotom-Heat
|-resisted|p2a: Rotom-Heat
|-damage|p2a: Rotom-Heat|101\/304
|
|switch|p1a: Landorus-Therian|Landorus-Therian, M|199\/382 brn
|-ability|p1a: Landorus-Therian|Intimidate|[of] p2a: Rotom-Heat
|-unboost|p2a: Rotom-Heat|atk|1
|move|p2a: Rotom-Heat|Will-O-Wisp|p1a: Landorus-Therian
|-fail|p1a: Landorus-Therian|brn
|
|-heal|p2a: Rotom-Heat|120\/304|[from] item: Leftovers
|-heal|p1a: Landorus-Therian|222\/382 brn|[from] item: Leftovers
|-damage|p1a: Landorus-Therian|175\/382 brn|[from] brn
|turn|43
|
|move|p2a: Rotom-Heat|Hidden Power|p1a: Landorus-Therian
|-supereffective|p1a: Landorus-Therian
|-damage|p1a: Landorus-Therian|0 fnt
|faint|p1a: Landorus-Therian
|
|-heal|p2a: Rotom-Heat|139\/304|[from] item: Leftovers
|
|switch|p1a: Keldeo|Keldeo|203\/323 brn
|turn|44
|
|switch|p2a: Celebi|Celebi|404\/404
|-damage|p2a: Celebi|354\/404|[from] Spikes
|move|p1a: Keldeo|Scald|p2a: Celebi
|-resisted|p2a: Celebi
|-damage|p2a: Celebi|297\/404
|
|-heal|p1a: Keldeo|223\/323 brn|[from] item: Leftovers
|-heal|p2a: Celebi|322\/404|[from] item: Leftovers
|-damage|p1a: Keldeo|183\/323 brn|[from] brn
|turn|45
|
|switch|p1a: Ferrothorn|Ferrothorn, F|352\/352
|move|p2a: Celebi|Recover|p2a: Celebi
|-heal|p2a: Celebi|404\/404
|
|turn|46
|
|move|p1a: Ferrothorn|Gyro Ball|p2a: Celebi
|-damage|p2a: Celebi|250\/404
|move|p2a: Celebi|Trick Room|p2a: Celebi
|-fieldstart|move: Trick Room|[of] p2a: Celebi
|
|-heal|p2a: Celebi|275\/404|[from] item: Leftovers
|turn|47
|
|switch|p1a: Zapdos|Zapdos|384\/384
|-ability|p1a: Zapdos|Pressure
|move|p2a: Celebi|Recover|p2a: Celebi
|-heal|p2a: Celebi|404\/404
|
|turn|48
|
|move|p1a: Zapdos|Heat Wave|p2a: Celebi
|-supereffective|p2a: Celebi
|-damage|p2a: Celebi|254\/404
|move|p2a: Celebi|Baton Pass|p2a: Celebi
|
|switch|p2a: Rotom-Heat|Rotom-Heat|139\/304
|
|-heal|p2a: Rotom-Heat|158\/304|[from] item: Leftovers
|turn|49
|
|move|p2a: Rotom-Heat|Will-O-Wisp|p1a: Zapdos|[miss]
|-miss|p2a: Rotom-Heat|p1a: Zapdos
|move|p1a: Zapdos|Volt Switch|p2a: Rotom-Heat
|-resisted|p2a: Rotom-Heat
|-damage|p2a: Rotom-Heat|110\/304
|
|switch|p1a: Ferrothorn|Ferrothorn, F|352\/352
|
|-heal|p2a: Rotom-Heat|129\/304|[from] item: Leftovers
|turn|50
|
|move|p1a: Ferrothorn|Gyro Ball|p2a: Rotom-Heat
|-resisted|p2a: Rotom-Heat
|-damage|p2a: Rotom-Heat|101\/304
|move|p2a: Rotom-Heat|Will-O-Wisp|p1a: Ferrothorn
|-status|p1a: Ferrothorn|brn
|
|-heal|p2a: Rotom-Heat|120\/304|[from] item: Leftovers
|-damage|p1a: Ferrothorn|308\/352 brn|[from] brn
|-fieldend|move: Trick Room
|turn|51
|
|switch|p1a: Keldeo|Keldeo|183\/323 brn
|move|p2a: Rotom-Heat|Overheat|p1a: Keldeo
|-resisted|p1a: Keldeo
|-damage|p1a: Keldeo|90\/323 brn
|-unboost|p2a: Rotom-Heat|spa|2
|
|-heal|p1a: Keldeo|110\/323 brn|[from] item: Leftovers
|-heal|p2a: Rotom-Heat|139\/304|[from] item: Leftovers
|-damage|p1a: Keldeo|70\/323 brn|[from] brn
|turn|52
|
|switch|p1a: Zapdos|Zapdos|384\/384
|-ability|p1a: Zapdos|Pressure
|switch|p2a: Celebi|Celebi|254\/404
|-damage|p2a: Celebi|204\/404|[from] Spikes
|
|-heal|p2a: Celebi|229\/404|[from] item: Leftovers
|turn|53
|
|move|p2a: Celebi|Recover|p2a: Celebi
|-heal|p2a: Celebi|404\/404
|move|p1a: Zapdos|Heat Wave|p2a: Celebi
|-supereffective|p2a: Celebi
|-damage|p2a: Celebi|264\/404
|
|-heal|p2a: Celebi|289\/404|[from] item: Leftovers
|turn|54
|
|move|p2a: Celebi|Recover|p2a: Celebi
|-heal|p2a: Celebi|404\/404
|move|p1a: Zapdos|Heat Wave|p2a: Celebi
|-supereffective|p2a: Celebi
|-damage|p2a: Celebi|268\/404
|
|-heal|p2a: Celebi|293\/404|[from] item: Leftovers
|turn|55
|
|move|p2a: Celebi|Giga Drain|p1a: Zapdos
|-resisted|p1a: Zapdos
|-damage|p1a: Zapdos|347\/384
|-heal|p2a: Celebi|312\/404|[from] drain|[of] p1a: Zapdos
|move|p1a: Zapdos|Heat Wave|p2a: Celebi
|-supereffective|p2a: Celebi
|-damage|p2a: Celebi|170\/404
|
|-heal|p2a: Celebi|195\/404|[from] item: Leftovers
|-heal|p1a: Zapdos|371\/384|[from] item: Leftovers
|turn|56
|
|move|p2a: Celebi|Recover|p2a: Celebi
|-heal|p2a: Celebi|397\/404
|move|p1a: Zapdos|Heat Wave|p2a: Celebi
|-crit|p2a: Celebi
|-supereffective|p2a: Celebi
|-damage|p2a: Celebi|201\/404
|
|-heal|p2a: Celebi|226\/404|[from] item: Leftovers
|-heal|p1a: Zapdos|384\/384|[from] item: Leftovers
|turn|57
|
|move|p2a: Celebi|Giga Drain|p1a: Zapdos
|-resisted|p1a: Zapdos
|-damage|p1a: Zapdos|351\/384
|-heal|p2a: Celebi|243\/404|[from] drain|[of] p1a: Zapdos
|move|p1a: Zapdos|Heat Wave|p2a: Celebi
|-supereffective|p2a: Celebi
|-damage|p2a: Celebi|105\/404
|
|-heal|p2a: Celebi|130\/404|[from] item: Leftovers
|-heal|p1a: Zapdos|375\/384|[from] item: Leftovers
|turn|58
|
|move|p2a: Celebi|Recover|p2a: Celebi
|-heal|p2a: Celebi|332\/404
|move|p1a: Zapdos|Heat Wave|p2a: Celebi
|-supereffective|p2a: Celebi
|-damage|p2a: Celebi|194\/404
|
|-heal|p2a: Celebi|219\/404|[from] item: Leftovers
|-heal|p1a: Zapdos|384\/384|[from] item: Leftovers
|turn|59
|
|move|p2a: Celebi|Giga Drain|p1a: Zapdos
|-resisted|p1a: Zapdos
|-damage|p1a: Zapdos|347\/384
|-heal|p2a: Celebi|238\/404|[from] drain|[of] p1a: Zapdos
|move|p1a: Zapdos|Heat Wave|p2a: Celebi
|-supereffective|p2a: Celebi
|-damage|p2a: Celebi|92\/404
|
|-heal|p2a: Celebi|117\/404|[from] item: Leftovers
|-heal|p1a: Zapdos|371\/384|[from] item: Leftovers
|turn|60
|
|move|p2a: Celebi|Recover|p2a: Celebi
|-heal|p2a: Celebi|319\/404
|move|p1a: Zapdos|Heat Wave|p2a: Celebi
|-supereffective|p2a: Celebi
|-damage|p2a: Celebi|173\/404
|
|-heal|p2a: Celebi|198\/404|[from] item: Leftovers
|-heal|p1a: Zapdos|384\/384|[from] item: Leftovers
|turn|61
|
|move|p2a: Celebi|Giga Drain|p1a: Zapdos
|-resisted|p1a: Zapdos
|-damage|p1a: Zapdos|345\/384
|-heal|p2a: Celebi|218\/404|[from] drain|[of] p1a: Zapdos
|move|p1a: Zapdos|Heat Wave|p2a: Celebi
|-miss|p1a: Zapdos|p2a: Celebi
|
|-heal|p2a: Celebi|243\/404|[from] item: Leftovers
|-heal|p1a: Zapdos|369\/384|[from] item: Leftovers
|turn|62
|
|move|p2a: Celebi|Recover|p2a: Celebi
|-heal|p2a: Celebi|404\/404
|move|p1a: Zapdos|Heat Wave|p2a: Celebi
|-supereffective|p2a: Celebi
|-damage|p2a: Celebi|266\/404
|
|-heal|p2a: Celebi|291\/404|[from] item: Leftovers
|-heal|p1a: Zapdos|384\/384|[from] item: Leftovers
|turn|63
|
|move|p1a: Zapdos|Volt Switch|p2a: Celebi
|-resisted|p2a: Celebi
|-damage|p2a: Celebi|251\/404
|
|switch|p1a: Ferrothorn|Ferrothorn, F|308\/352 brn
|move|p2a: Celebi|Trick Room|p2a: Celebi
|-fieldstart|move: Trick Room|[of] p2a: Celebi
|
|-heal|p1a: Ferrothorn|330\/352 brn|[from] item: Leftovers
|-heal|p2a: Celebi|276\/404|[from] item: Leftovers
|-damage|p1a: Ferrothorn|286\/352 brn|[from] brn
|turn|64
|
|move|p1a: Ferrothorn|Gyro Ball|p2a: Celebi
|-damage|p2a: Celebi|189\/404
|move|p2a: Celebi|Baton Pass|p2a: Celebi
|
|switch|p2a: Rotom-Heat|Rotom-Heat|139\/304
|
|-heal|p1a: Ferrothorn|308\/352 brn|[from] item: Leftovers
|-heal|p2a: Rotom-Heat|158\/304|[from] item: Leftovers
|-damage|p1a: Ferrothorn|264\/352 brn|[from] brn
|turn|65
|
|switch|p1a: Zapdos|Zapdos|384\/384
|-ability|p1a: Zapdos|Pressure
|move|p2a: Rotom-Heat|Overheat|p1a: Zapdos
|-crit|p1a: Zapdos
|-damage|p1a: Zapdos|179\/384
|-unboost|p2a: Rotom-Heat|spa|2
|
|-heal|p2a: Rotom-Heat|177\/304|[from] item: Leftovers
|-heal|p1a: Zapdos|203\/384|[from] item: Leftovers
|turn|66
|
|move|p2a: Rotom-Heat|Will-O-Wisp|p1a: Zapdos
|-status|p1a: Zapdos|brn
|move|p1a: Zapdos|Roost|p1a: Zapdos
|-heal|p1a: Zapdos|384\/384 brn
|
|-heal|p2a: Rotom-Heat|196\/304|[from] item: Leftovers
|-damage|p1a: Zapdos|336\/384 brn|[from] brn
|turn|67
|
|move|p2a: Rotom-Heat|Hidden Power|p1a: Zapdos
|-supereffective|p1a: Zapdos
|-damage|p1a: Zapdos|294\/384 brn
|move|p1a: Zapdos|Volt Switch|p2a: Rotom-Heat
|-resisted|p2a: Rotom-Heat
|-damage|p2a: Rotom-Heat|151\/304
|
|switch|p1a: Ferrothorn|Ferrothorn, F|264\/352 brn
|
|-heal|p1a: Ferrothorn|286\/352 brn|[from] item: Leftovers
|-heal|p2a: Rotom-Heat|170\/304|[from] item: Leftovers
|-damage|p1a: Ferrothorn|242\/352 brn|[from] brn
|-fieldend|move: Trick Room
|turn|68
|
|move|p2a: Rotom-Heat|Volt Switch|p1a: Ferrothorn
|-resisted|p1a: Ferrothorn
|-damage|p1a: Ferrothorn|222\/352 brn
|
|switch|p2a: Latias|Latias, F|165\/301
|move|p1a: Ferrothorn|Leech Seed|p2a: Latias
|-start|p2a: Latias|move: Leech Seed
|
|-heal|p1a: Ferrothorn|244\/352 brn|[from] item: Leftovers
|-damage|p2a: Latias|128\/301|[from] Leech Seed|[of] p1a: Ferrothorn
|-heal|p1a: Ferrothorn|281\/352 brn|[silent]
|-damage|p1a: Ferrothorn|237\/352 brn|[from] brn
|turn|69
|
|switch|p2a: Rotom-Heat|Rotom-Heat|170\/304
|move|p1a: Ferrothorn|Thunder Wave|p2a: Rotom-Heat
|-fail|p2a: Rotom-Heat
|
|-heal|p2a: Rotom-Heat|189\/304|[from] item: Leftovers
|-heal|p1a: Ferrothorn|259\/352 brn|[from] item: Leftovers
|-damage|p1a: Ferrothorn|215\/352 brn|[from] brn
|turn|70
|
|switch|p1a: Zapdos|Zapdos|294\/384 brn
|-ability|p1a: Zapdos|Pressure
|move|p2a: Rotom-Heat|Volt Switch|p1a: Zapdos
|-damage|p1a: Zapdos|227\/384 brn
|
|switch|p2a: Latias|Latias, F|128\/301
|
|-heal|p1a: Zapdos|251\/384 brn|[from] item: Leftovers
|-damage|p1a: Zapdos|203\/384 brn|[from] brn
|turn|71
|
|move|p2a: Latias|Psyshock|p1a: Zapdos
|-damage|p1a: Zapdos|18\/384 brn
|-damage|p2a: Latias|98\/301|[from] item: Life Orb
|move|p1a: Zapdos|Roost|p1a: Zapdos
|-heal|p1a: Zapdos|210\/384 brn
|
|-heal|p1a: Zapdos|234\/384 brn|[from] item: Leftovers
|-damage|p1a: Zapdos|186\/384 brn|[from] brn
|turn|72
|
|switch|p1a: Ferrothorn|Ferrothorn, F|215\/352 brn
|move|p2a: Latias|Draco Meteor|p1a: Ferrothorn
|-resisted|p1a: Ferrothorn
|-damage|p1a: Ferrothorn|98\/352 brn
|-unboost|p2a: Latias|spa|2
|-damage|p2a: Latias|68\/301|[from] item: Life Orb
|
|-heal|p1a: Ferrothorn|120\/352 brn|[from] item: Leftovers
|-damage|p1a: Ferrothorn|76\/352 brn|[from] brn
|turn|73
|
|switch|p2a: Rotom-Heat|Rotom-Heat|189\/304
|switch|p1a: Zapdos|Zapdos|186\/384 brn
|-ability|p1a: Zapdos|Pressure
|
|-heal|p1a: Zapdos|210\/384 brn|[from] item: Leftovers
|-heal|p2a: Rotom-Heat|208\/304|[from] item: Leftovers
|-damage|p1a: Zapdos|162\/384 brn|[from] brn
|turn|74
|
|move|p1a: Zapdos|Roost|p1a: Zapdos
|-heal|p1a: Zapdos|354\/384 brn
|move|p2a: Rotom-Heat|Volt Switch|p1a: Zapdos
|-resisted|p1a: Zapdos
|-damage|p1a: Zapdos|320\/384 brn
|
|switch|p2a: Celebi|Celebi|189\/404
|-damage|p2a: Celebi|139\/404|[from] Spikes
|
|-heal|p2a: Celebi|164\/404|[from] item: Leftovers
|-heal|p1a: Zapdos|344\/384 brn|[from] item: Leftovers
|-damage|p1a: Zapdos|296\/384 brn|[from] brn
|turn|75
|
|move|p2a: Celebi|Recover|p2a: Celebi
|-heal|p2a: Celebi|366\/404
|move|p1a: Zapdos|Volt Switch|p2a: Celebi
|-resisted|p2a: Celebi
|-damage|p2a: Celebi|327\/404
|
|switch|p1a: Ferrothorn|Ferrothorn, F|76\/352 brn
|
|-heal|p2a: Celebi|352\/404|[from] item: Leftovers
|-heal|p1a: Ferrothorn|98\/352 brn|[from] item: Leftovers
|-damage|p1a: Ferrothorn|54\/352 brn|[from] brn
|turn|76
|-message|K'Royal forfeited.
|
|win|Tythaeus
|raw|Ladder updating...
|leave|K'Royal
|player|p1
|raw|K&apos;Royal's rating: 1388 &rarr; <strong>1366<\/strong><br \/>(-22 for losing)
|raw|Tythaeus's rating: 1354 &rarr; <strong>1376<\/strong><br \/>(+22 for winning)