|join|Tythaeus
|join|Mr. Bendover Man
|player|p1|Tythaeus|190
|player|p2|Mr. Bendover Man|137
|gametype|singles
|gen|6
|tier|OU (suspect test)
|rated
|clearpoke
|poke|p1|Celebi
|poke|p1|Azumarill, M
|poke|p1|Steelix, M
|poke|p1|Latias, F
|poke|p1|Tyranitar, M
|poke|p1|Rotom-Heat
|poke|p2|Gallade, M
|poke|p2|Bisharp, M
|poke|p2|Rotom-Wash
|poke|p2|Gengar, F
|poke|p2|Latios, M
|poke|p2|Landorus-Therian, M
|rule|Swagger Clause: Swagger is banned
|rule|Baton Pass Clause: Limit one PokÃ©mon knowing Baton Pass
|rule|Sleep Clause Mod: Limit one foe put to sleep
|rule|Species Clause: Limit one of each PokÃ©mon
|rule|OHKO Clause: OHKO moves are banned
|rule|Moody Clause: Moody is banned
|rule|Evasion Moves Clause: Evasion moves are banned
|rule|Endless Battle Clause: Forcing endless battles is banned
|rule|HP Percentage Mod: HP is shown in percentages
|teampreview
|
|start
|switch|p1a: Azumarill|Azumarill, M|364\/364
|switch|p2a: Landorus-Therian|Landorus-Therian, M|382\/382
|-ability|p2a: Landorus-Therian|Intimidate|[of] p1a: Azumarill
|-unboost|p1a: Azumarill|atk|1
|turn|1
|c|âTythaeus|Lag test
|c|âMr. Bendover Man|Oh sorry was watching a battle.
|c|âMr. Bendover Man|Glhf :)
|c|âTythaeus|U2
|
|move|p2a: Landorus-Therian|U-turn|p1a: Azumarill
|-resisted|p1a: Azumarill
|-damage|p1a: Azumarill|318\/364
|
|switch|p2a: Rotom-Wash|Rotom-Wash|303\/303
|move|p1a: Azumarill|Waterfall|p2a: Rotom-Wash
|-resisted|p2a: Rotom-Wash
|-damage|p2a: Rotom-Wash|264\/303
|
|-heal|p2a: Rotom-Wash|282\/303|[from] item: Leftovers
|turn|2
|
|switch|p1a: Celebi|Celebi|404\/404
|move|p2a: Rotom-Wash|Volt Switch|p1a: Celebi
|-resisted|p1a: Celebi
|-damage|p1a: Celebi|371\/404
|
|switch|p2a: Gengar|Gengar, F|261\/261
|
|-heal|p1a: Celebi|396\/404|[from] item: Leftovers
|turn|3
|
|switch|p1a: Tyranitar|Tyranitar, M|403\/403
|-weather|Sandstorm
|move|p2a: Gengar|Focus Blast|p1a: Tyranitar|[miss]
|-miss|p2a: Gengar|p1a: Tyranitar
|
|-weather|Sandstorm|[upkeep]
|-damage|p2a: Gengar|245\/261|[from] sandstorm
|turn|4
|c|âMr. Bendover Man|Sheet.
|c|âTythaeus|Nice predict :p
|c|âMr. Bendover Man|Ty. :)
|
|move|p1a: Tyranitar|Pursuit|p2a: Gengar|[from]Pursuit
|-supereffective|p2a: Gengar
|-damage|p2a: Gengar|0 fnt
|faint|p2a: Gengar
|
|-weather|Sandstorm|[upkeep]
|
|switch|p2a: Gallade|Gallade, M|277\/277
|turn|5
|
|switch|p1a: Celebi|Celebi|396\/404
|detailschange|p2a: Gallade|Gallade-Mega, M
|-mega|p2a: Gallade|Gallade|Galladite
|move|p2a: Gallade|Knock Off|p1a: Celebi
|-supereffective|p1a: Celebi
|-damage|p1a: Celebi|126\/404
|-enditem|p1a: Celebi|Leftovers|[from] move: Knock Off|[of] p2a: Gallade
|
|-weather|Sandstorm|[upkeep]
|-damage|p2a: Gallade|260\/277|[from] sandstorm
|-damage|p1a: Celebi|101\/404|[from] sandstorm
|turn|6
|
|move|p2a: Gallade|Knock Off|p1a: Celebi
|-supereffective|p1a: Celebi
|-damage|p1a: Celebi|0 fnt
|faint|p1a: Celebi
|
|-weather|Sandstorm|[upkeep]
|-damage|p2a: Gallade|243\/277|[from] sandstorm
|
|switch|p1a: Azumarill|Azumarill, M|318\/364
|turn|7
|
|switch|p2a: Rotom-Wash|Rotom-Wash|282\/303
|move|p1a: Azumarill|Play Rough|p2a: Rotom-Wash
|-damage|p2a: Rotom-Wash|141\/303
|
|-weather|none
|-heal|p2a: Rotom-Wash|159\/303|[from] item: Leftovers
|turn|8
|
|switch|p1a: Latias|Latias, F|301\/301
|move|p2a: Rotom-Wash|Volt Switch|p1a: Latias
|-resisted|p1a: Latias
|-damage|p1a: Latias|269\/301
|
|switch|p2a: Bisharp|Bisharp, M|271\/271
|
|turn|9
|
|switch|p1a: Steelix|Steelix, M|353\/353
|move|p2a: Bisharp|Sucker Punch|p1a: Steelix
|-fail|p1a: Steelix
|
|turn|10
|
|switch|p2a: Landorus-Therian|Landorus-Therian, M|382\/382
|-ability|p2a: Landorus-Therian|Intimidate|[of] p1a: Steelix
|-unboost|p1a: Steelix|atk|1
|detailschange|p1a: Steelix|Steelix-Mega, M
|-mega|p1a: Steelix|Steelix|Steelixite
|move|p1a: Steelix|Stealth Rock|p2a: Landorus-Therian
|-sidestart|p2: Mr. Bendover Man|move: Stealth Rock
|
|turn|11
|
|switch|p1a: Rotom-Heat|Rotom-Heat|304\/304
|move|p2a: Landorus-Therian|Stealth Rock|p1a: Rotom-Heat
|-sidestart|p1: Tythaeus|move: Stealth Rock
|
|turn|12
|
|move|p2a: Landorus-Therian|Knock Off|p1a: Rotom-Heat
|-damage|p1a: Rotom-Heat|232\/304
|-enditem|p1a: Rotom-Heat|Leftovers|[from] move: Knock Off|[of] p2a: Landorus-Therian
|move|p1a: Rotom-Heat|Will-O-Wisp|p2a: Landorus-Therian
|-status|p2a: Landorus-Therian|brn
|
|-damage|p2a: Landorus-Therian|335\/382 brn|[from] brn
|turn|13
|
|move|p2a: Landorus-Therian|Knock Off|p1a: Rotom-Heat
|-damage|p1a: Rotom-Heat|208\/304
|move|p1a: Rotom-Heat|Volt Switch|p2a: Landorus-Therian
|-immune|p2a: Landorus-Therian|[msg]
|
|-heal|p2a: Landorus-Therian|358\/382 brn|[from] item: Leftovers
|-damage|p2a: Landorus-Therian|311\/382 brn|[from] brn
|turn|14
|
|move|p2a: Landorus-Therian|Knock Off|p1a: Rotom-Heat
|-crit|p1a: Rotom-Heat
|-damage|p1a: Rotom-Heat|168\/304
|move|p1a: Rotom-Heat|Will-O-Wisp|p2a: Landorus-Therian
|-fail|p2a: Landorus-Therian|brn
|
|-heal|p2a: Landorus-Therian|334\/382 brn|[from] item: Leftovers
|-damage|p2a: Landorus-Therian|287\/382 brn|[from] brn
|turn|15
|
|move|p2a: Landorus-Therian|Knock Off|p1a: Rotom-Heat
|-damage|p1a: Rotom-Heat|141\/304
|move|p1a: Rotom-Heat|Hidden Power|p2a: Landorus-Therian
|-supereffective|p2a: Landorus-Therian
|-damage|p2a: Landorus-Therian|71\/382 brn
|
|-heal|p2a: Landorus-Therian|94\/382 brn|[from] item: Leftovers
|-damage|p2a: Landorus-Therian|47\/382 brn|[from] brn
|turn|16
|
|move|p2a: Landorus-Therian|Knock Off|p1a: Rotom-Heat
|-damage|p1a: Rotom-Heat|115\/304
|move|p1a: Rotom-Heat|Hidden Power|p2a: Landorus-Therian
|-supereffective|p2a: Landorus-Therian
|-damage|p2a: Landorus-Therian|0 fnt
|faint|p2a: Landorus-Therian
|
|
|switch|p2a: Latios|Latios, M|301\/301
|-damage|p2a: Latios|264\/301|[from] Stealth Rock
|turn|17
|
|switch|p1a: Tyranitar|Tyranitar, M|403\/403
|-damage|p1a: Tyranitar|353\/403|[from] Stealth Rock
|-weather|Sandstorm
|move|p2a: Latios|Psyshock|p1a: Tyranitar
|-immune|p1a: Tyranitar|[msg]
|
|-weather|Sandstorm|[upkeep]
|-damage|p2a: Latios|246\/301|[from] sandstorm
|turn|18
|
|move|p1a: Tyranitar|Pursuit|p2a: Latios|[from]Pursuit
|-crit|p2a: Latios
|-supereffective|p2a: Latios
|-damage|p2a: Latios|0 fnt
|faint|p2a: Latios
|
|-weather|Sandstorm|[upkeep]
|
|switch|p2a: Bisharp|Bisharp, M|271\/271
|-damage|p2a: Bisharp|255\/271|[from] Stealth Rock
|turn|19
|
|switch|p2a: Rotom-Wash|Rotom-Wash|159\/303
|-damage|p2a: Rotom-Wash|122\/303|[from] Stealth Rock
|switch|p1a: Steelix|Steelix-Mega, M|353\/353
|-damage|p1a: Steelix|342\/353|[from] Stealth Rock
|
|-weather|Sandstorm|[upkeep]
|-damage|p2a: Rotom-Wash|104\/303|[from] sandstorm
|-heal|p2a: Rotom-Wash|122\/303|[from] item: Leftovers
|turn|20
|
|switch|p1a: Latias|Latias, F|269\/301
|-damage|p1a: Latias|232\/301|[from] Stealth Rock
|move|p2a: Rotom-Wash|Will-O-Wisp|p1a: Latias
|-status|p1a: Latias|brn
|
|-weather|Sandstorm|[upkeep]
|-damage|p1a: Latias|214\/301 brn|[from] sandstorm
|-damage|p2a: Rotom-Wash|104\/303|[from] sandstorm
|-heal|p2a: Rotom-Wash|122\/303|[from] item: Leftovers
|-damage|p1a: Latias|177\/301 brn|[from] brn
|turn|21
|
|switch|p1a: Steelix|Steelix-Mega, M|342\/353
|-damage|p1a: Steelix|331\/353|[from] Stealth Rock
|switch|p2a: Bisharp|Bisharp, M|255\/271
|-damage|p2a: Bisharp|239\/271|[from] Stealth Rock
|
|-weather|none
|turn|22
|
|move|p2a: Bisharp|Knock Off|p1a: Steelix
|-crit|p1a: Steelix
|-damage|p1a: Steelix|228\/353
|move|p1a: Steelix|Stone Edge|p2a: Bisharp
|-resisted|p2a: Bisharp
|-damage|p2a: Bisharp|176\/271
|
|turn|23
|
|switch|p2a: Rotom-Wash|Rotom-Wash|122\/303
|-damage|p2a: Rotom-Wash|85\/303|[from] Stealth Rock
|move|p1a: Steelix|Earthquake|p2a: Rotom-Wash
|-immune|p2a: Rotom-Wash|[msg]
|
|-heal|p2a: Rotom-Wash|103\/303|[from] item: Leftovers
|turn|24
|
|switch|p1a: Rotom-Heat|Rotom-Heat|115\/304
|-damage|p1a: Rotom-Heat|39\/304|[from] Stealth Rock
|move|p2a: Rotom-Wash|Volt Switch|p1a: Rotom-Heat
|-resisted|p1a: Rotom-Heat
|-damage|p1a: Rotom-Heat|0 fnt
|faint|p1a: Rotom-Heat
|
|switch|p2a: Bisharp|Bisharp, M|176\/271
|-damage|p2a: Bisharp|160\/271|[from] Stealth Rock
|
|
|switch|p1a: Steelix|Steelix-Mega, M|228\/353
|-damage|p1a: Steelix|217\/353|[from] Stealth Rock
|turn|25
|
|move|p2a: Bisharp|Sucker Punch|p1a: Steelix
|-damage|p1a: Steelix|133\/353
|move|p1a: Steelix|Stone Edge|p2a: Bisharp|[miss]
|-miss|p1a: Steelix|p2a: Bisharp
|
|turn|26
|
|move|p2a: Bisharp|Knock Off|p1a: Steelix
|-damage|p1a: Steelix|60\/353
|move|p1a: Steelix|Stone Edge|p2a: Bisharp|[miss]
|-miss|p1a: Steelix|p2a: Bisharp
|
|turn|27
|
|switch|p1a: Tyranitar|Tyranitar, M|353\/403
|-damage|p1a: Tyranitar|303\/403|[from] Stealth Rock
|-weather|Sandstorm
|move|p2a: Bisharp|Knock Off|p1a: Tyranitar
|-resisted|p1a: Tyranitar
|-damage|p1a: Tyranitar|200\/403
|-enditem|p1a: Tyranitar|Choice Band|[from] move: Knock Off|[of] p2a: Bisharp
|
|-weather|Sandstorm|[upkeep]
|turn|28
|
|move|p2a: Bisharp|Sucker Punch|p1a: Tyranitar
|-resisted|p1a: Tyranitar
|-damage|p1a: Tyranitar|121\/403
|move|p1a: Tyranitar|Superpower|p2a: Bisharp
|-supereffective|p2a: Bisharp
|-damage|p2a: Bisharp|0 fnt
|-unboost|p1a: Tyranitar|atk|1
|-unboost|p1a: Tyranitar|def|1
|faint|p2a: Bisharp
|
|-weather|Sandstorm|[upkeep]
|
|switch|p2a: Rotom-Wash|Rotom-Wash|103\/303
|-damage|p2a: Rotom-Wash|66\/303|[from] Stealth Rock
|turn|29
|
|move|p2a: Rotom-Wash|Hydro Pump|p1a: Tyranitar
|-supereffective|p1a: Tyranitar
|-damage|p1a: Tyranitar|0 fnt
|faint|p1a: Tyranitar
|
|-weather|Sandstorm|[upkeep]
|-damage|p2a: Rotom-Wash|48\/303|[from] sandstorm
|-heal|p2a: Rotom-Wash|66\/303|[from] item: Leftovers
|
|switch|p1a: Latias|Latias, F|177\/301 brn
|-damage|p1a: Latias|140\/301 brn|[from] Stealth Rock
|turn|30
|
|move|p1a: Latias|Psyshock|p2a: Rotom-Wash
|-damage|p2a: Rotom-Wash|0 fnt
|-damage|p1a: Latias|110\/301 brn|[from] item: Life Orb
|faint|p2a: Rotom-Wash
|
|-weather|Sandstorm|[upkeep]
|-damage|p1a: Latias|92\/301 brn|[from] sandstorm
|-damage|p1a: Latias|55\/301 brn|[from] brn
|
|switch|p2a: Gallade|Gallade-Mega, M|243\/277
|-damage|p2a: Gallade|226\/277|[from] Stealth Rock
|turn|31
|c|âMr. Bendover Man|This is important.
|
|move|p1a: Latias|Psyshock|p2a: Gallade
|-damage|p2a: Gallade|43\/277
|-damage|p1a: Latias|25\/301 brn|[from] item: Life Orb
|move|p2a: Gallade|Knock Off|p1a: Latias
|-supereffective|p1a: Latias
|-damage|p1a: Latias|0 fnt
|-enditem|p1a: Latias|Life Orb|[from] move: Knock Off|[of] p2a: Gallade
|faint|p1a: Latias
|
|-weather|none
|c|âMr. Bendover Man|gg
|
|switch|p1a: Azumarill|Azumarill, M|318\/364
|-damage|p1a: Azumarill|273\/364|[from] Stealth Rock
|turn|32
|c|âTythaeus|Gg
|
|move|p1a: Azumarill|Aqua Jet|p2a: Gallade
|-damage|p2a: Gallade|0 fnt
|faint|p2a: Gallade
|
|win|Tythaeus
|raw|Ladder updating...
|raw|Tythaeus's rating: 1355 &rarr; <strong>1369<\/strong><br \/>(+14 for winning)
|raw|Mr. Bendover Man's rating: 1249 &rarr; <strong>1231<\/strong><br \/>(-18 for losing)
|leave|Mr. Bendover Man