|join|Tythaeus
|join|Based Phoenix
|player|p1|Tythaeus|190
|player|p2|Based Phoenix|190
|gametype|singles
|gen|6
|tier|OU (suspect test)
|rated
|clearpoke
|poke|p1|Tyranitar, M
|poke|p1|Excadrill, M
|poke|p1|Clefable, F
|poke|p1|Talonflame, M
|poke|p1|Chesnaught, F
|poke|p1|Gengar, F
|poke|p2|Metagross, shiny
|poke|p2|Raikou
|poke|p2|Heatran, M
|poke|p2|Landorus-Therian, M
|poke|p2|Keldeo
|poke|p2|Latios, M
|rule|Swagger Clause: Swagger is banned
|rule|Baton Pass Clause: Limit one PokÃ©mon knowing Baton Pass
|rule|Sleep Clause Mod: Limit one foe put to sleep
|rule|Species Clause: Limit one of each PokÃ©mon
|rule|OHKO Clause: OHKO moves are banned
|rule|Moody Clause: Moody is banned
|rule|Evasion Moves Clause: Evasion moves are banned
|rule|Endless Battle Clause: Forcing endless battles is banned
|rule|HP Percentage Mod: HP is shown in percentages
|teampreview
|
|start
|switch|p1a: Clefable|Clefable, F|394\/394
|switch|p2a: Destruction|Landorus-Therian, M|319\/319
|-ability|p2a: Destruction|Intimidate|[of] p1a: Clefable
|-unboost|p1a: Clefable|atk|1
|turn|1
|
|move|p2a: Destruction|U-turn|p1a: Clefable
|-resisted|p1a: Clefable
|-damage|p1a: Clefable|349\/394
|
|switch|p2a: Bird Counter|Heatran, M|367\/367
|move|p1a: Clefable|Stealth Rock|p2a: Bird Counter
|-sidestart|p2: Based Phoenix|move: Stealth Rock
|
|-heal|p1a: Clefable|373\/394|[from] item: Leftovers
|turn|2
|
|switch|p1a: Excadrill|Excadrill, M|362\/362
|move|p2a: Bird Counter|Lava Plume|p1a: Excadrill
|-supereffective|p1a: Excadrill
|-damage|p1a: Excadrill|20\/362
|
|turn|3
|
|switch|p2a: Destruction|Landorus-Therian, M|319\/319
|-damage|p2a: Destruction|280\/319|[from] Stealth Rock
|-ability|p2a: Destruction|Intimidate|[of] p1a: Excadrill
|-unboost|p1a: Excadrill|atk|1
|move|p1a: Excadrill|Iron Head|p2a: Destruction
|-damage|p2a: Destruction|134\/319
|-damage|p1a: Excadrill|0 fnt|[from] item: Life Orb
|faint|p1a: Excadrill
|
|
|switch|p1a: Gengar|Gengar, F|262\/262
|turn|4
|
|move|p1a: Gengar|Shadow Ball|p2a: Destruction
|-damage|p2a: Destruction|0 fnt
|faint|p2a: Destruction
|
|
|switch|p2a: Bird Counter|Heatran, M|367\/367
|-damage|p2a: Bird Counter|322\/367|[from] Stealth Rock
|turn|5
|
|switch|p1a: Tyranitar|Tyranitar, M|341\/341
|-weather|Sandstorm
|move|p2a: Bird Counter|Stealth Rock|p1a: Tyranitar
|-sidestart|p1: Tythaeus|move: Stealth Rock
|
|-weather|Sandstorm|[upkeep]
|-heal|p2a: Bird Counter|344\/367|[from] item: Leftovers
|turn|6
|
|switch|p2a: Keldeo|Keldeo|323\/323
|-damage|p2a: Keldeo|303\/323|[from] Stealth Rock
|detailschange|p1a: Tyranitar|Tyranitar-Mega, M
|-mega|p1a: Tyranitar|Tyranitar|Tyranitarite
|move|p1a: Tyranitar|Earthquake|p2a: Keldeo
|-damage|p2a: Keldeo|144\/323
|
|-weather|Sandstorm|[upkeep]
|-damage|p2a: Keldeo|124\/323|[from] sandstorm
|-heal|p2a: Keldeo|144\/323|[from] item: Leftovers
|turn|7
|
|switch|p1a: Clefable|Clefable, F|373\/394
|move|p2a: Keldeo|Substitute|p2a: Keldeo
|-start|p2a: Keldeo|Substitute
|-damage|p2a: Keldeo|64\/323
|
|-weather|Sandstorm|[upkeep]
|-damage|p2a: Keldeo|44\/323|[from] sandstorm
|-heal|p2a: Keldeo|64\/323|[from] item: Leftovers
|-heal|p1a: Clefable|394\/394|[from] item: Leftovers
|turn|8
|
|move|p2a: Keldeo|Scald|p1a: Clefable
|-damage|p1a: Clefable|258\/394
|move|p1a: Clefable|Moonblast|p2a: Keldeo
|-supereffective|p2a: Keldeo
|-end|p2a: Keldeo|Substitute
|
|-weather|Sandstorm|[upkeep]
|-damage|p2a: Keldeo|44\/323|[from] sandstorm
|-heal|p2a: Keldeo|64\/323|[from] item: Leftovers
|-heal|p1a: Clefable|282\/394|[from] item: Leftovers
|turn|9
|
|switch|p2a: Silver|Metagross, shiny|301\/301
|-damage|p2a: Silver|283\/301|[from] Stealth Rock
|move|p1a: Clefable|Thunder Wave|p2a: Silver
|-status|p2a: Silver|par
|
|-weather|none
|-heal|p1a: Clefable|306\/394|[from] item: Leftovers
|turn|10
|
|detailschange|p2a: Silver|Metagross-Mega, shiny
|-mega|p2a: Silver|Metagross|Metagrossite
|move|p1a: Clefable|Moonblast|p2a: Silver
|-resisted|p2a: Silver
|-damage|p2a: Silver|232\/301 par
|move|p2a: Silver|Meteor Mash|p1a: Clefable
|-supereffective|p1a: Clefable
|-damage|p1a: Clefable|0 fnt
|-boost|p2a: Silver|atk|1
|faint|p1a: Clefable
|
|
|switch|p1a: Gengar|Gengar, F|262\/262
|-damage|p1a: Gengar|230\/262|[from] Stealth Rock
|turn|11
|
|switch|p2a: Bird Counter|Heatran, M|344\/367
|-damage|p2a: Bird Counter|299\/367|[from] Stealth Rock
|move|p1a: Gengar|Shadow Ball|p2a: Bird Counter
|-damage|p2a: Bird Counter|184\/367
|
|-heal|p2a: Bird Counter|206\/367|[from] item: Leftovers
|turn|12
|
|move|p1a: Gengar|Shadow Ball|p2a: Bird Counter
|-damage|p2a: Bird Counter|89\/367
|move|p2a: Bird Counter|Lava Plume|p1a: Gengar
|-damage|p1a: Gengar|73\/262
|
|-heal|p2a: Bird Counter|111\/367|[from] item: Leftovers
|turn|13
|
|switch|p2a: Silver|Metagross-Mega, shiny|232\/301 par
|-damage|p2a: Silver|214\/301 par|[from] Stealth Rock
|move|p1a: Gengar|Shadow Ball|p2a: Silver
|-supereffective|p2a: Silver
|-damage|p2a: Silver|0 fnt
|faint|p2a: Silver
|
|
|switch|p2a: Yellow Tiger|Raikou|321\/321
|-damage|p2a: Yellow Tiger|281\/321|[from] Stealth Rock
|-ability|p2a: Yellow Tiger|Pressure
|turn|14
|
|switch|p1a: Chesnaught|Chesnaught, F|380\/380
|-damage|p1a: Chesnaught|357\/380|[from] Stealth Rock
|move|p2a: Yellow Tiger|Thunderbolt|p1a: Chesnaught
|-resisted|p1a: Chesnaught
|-damage|p1a: Chesnaught|264\/380
|
|-heal|p2a: Yellow Tiger|301\/321|[from] item: Leftovers
|-heal|p1a: Chesnaught|287\/380|[from] item: Leftovers
|turn|15
|
|move|p2a: Yellow Tiger|Volt Switch|p1a: Chesnaught
|-resisted|p1a: Chesnaught
|-damage|p1a: Chesnaught|214\/380
|
|switch|p2a: Bird Counter|Heatran, M|111\/367
|-damage|p2a: Bird Counter|66\/367|[from] Stealth Rock
|move|p1a: Chesnaught|Leech Seed|p2a: Bird Counter
|-start|p2a: Bird Counter|move: Leech Seed
|
|-heal|p2a: Bird Counter|88\/367|[from] item: Leftovers
|-heal|p1a: Chesnaught|237\/380|[from] item: Leftovers
|-damage|p2a: Bird Counter|43\/367|[from] Leech Seed|[of] p1a: Chesnaught
|-heal|p1a: Chesnaught|282\/380|[silent]
|turn|16
|
|move|p1a: Chesnaught|Spiky Shield|p1a: Chesnaught
|-singleturn|p1a: Chesnaught|move: Protect
|move|p2a: Bird Counter|Roar|p1a: Chesnaught
|-activate|p1a: Chesnaught|move: Protect
|
|-heal|p2a: Bird Counter|65\/367|[from] item: Leftovers
|-heal|p1a: Chesnaught|305\/380|[from] item: Leftovers
|-damage|p2a: Bird Counter|20\/367|[from] Leech Seed|[of] p1a: Chesnaught
|-heal|p1a: Chesnaught|350\/380|[silent]
|turn|17
|
|move|p2a: Bird Counter|Lava Plume|p1a: Chesnaught
|-supereffective|p1a: Chesnaught
|-damage|p1a: Chesnaught|44\/380
|move|p1a: Chesnaught|Drain Punch|p2a: Bird Counter
|-supereffective|p2a: Bird Counter
|-damage|p2a: Bird Counter|0 fnt
|-heal|p1a: Chesnaught|54\/380|[from] drain|[of] p2a: Bird Counter
|faint|p2a: Bird Counter
|
|-heal|p1a: Chesnaught|77\/380|[from] item: Leftovers
|
|switch|p2a: Keldeo|Keldeo|64\/323
|-damage|p2a: Keldeo|44\/323|[from] Stealth Rock
|turn|18
|
|move|p2a: Keldeo|Scald|p1a: Chesnaught
|-resisted|p1a: Chesnaught
|-damage|p1a: Chesnaught|0 fnt
|faint|p1a: Chesnaught
|
|-heal|p2a: Keldeo|64\/323|[from] item: Leftovers
|
|switch|p1a: Gengar|Gengar, F|73\/262
|-damage|p1a: Gengar|41\/262|[from] Stealth Rock
|turn|19
|
|move|p1a: Gengar|Shadow Ball|p2a: Keldeo
|-damage|p2a: Keldeo|0 fnt
|faint|p2a: Keldeo
|
|
|switch|p2a: Yellow Tiger|Raikou|301\/321
|-damage|p2a: Yellow Tiger|261\/321|[from] Stealth Rock
|-ability|p2a: Yellow Tiger|Pressure
|turn|20
|
|move|p1a: Gengar|Shadow Ball|p2a: Yellow Tiger
|-damage|p2a: Yellow Tiger|129\/321
|-unboost|p2a: Yellow Tiger|spd|1
|move|p2a: Yellow Tiger|Thunderbolt|p1a: Gengar
|-damage|p1a: Gengar|0 fnt
|faint|p1a: Gengar
|
|-heal|p2a: Yellow Tiger|149\/321|[from] item: Leftovers
|
|switch|p1a: Talonflame|Talonflame, M|317\/317
|-damage|p1a: Talonflame|159\/317|[from] Stealth Rock
|turn|21
|
|move|p1a: Talonflame|Flare Blitz|p2a: Yellow Tiger
|-damage|p2a: Yellow Tiger|0 fnt
|-damage|p1a: Talonflame|110\/317|[from] recoil|[of] p2a: Yellow Tiger
|faint|p2a: Yellow Tiger
|
|c|âBased Phoenix|gg
|
|switch|p2a: Latios|Latios, M|301\/301
|-damage|p2a: Latios|264\/301|[from] Stealth Rock
|turn|22
|c|âTythaeus|Gg wp
|
|move|p1a: Talonflame|Flare Blitz|p2a: Latios
|-resisted|p2a: Latios
|-damage|p2a: Latios|134\/301
|-status|p2a: Latios|brn
|-damage|p1a: Talonflame|67\/317|[from] recoil|[of] p2a: Latios
|move|p2a: Latios|Psyshock|p1a: Talonflame
|-damage|p1a: Talonflame|0 fnt
|-damage|p2a: Latios|104\/301 brn|[from] item: Life Orb
|faint|p1a: Talonflame
|
|-damage|p2a: Latios|67\/301 brn|[from] brn
|
|switch|p1a: Tyranitar|Tyranitar-Mega, M|341\/341
|-damage|p1a: Tyranitar|299\/341|[from] Stealth Rock
|-weather|Sandstorm
|turn|23
|
|move|p2a: Latios|Roost|p2a: Latios
|-heal|p2a: Latios|218\/301 brn
|move|p1a: Tyranitar|Crunch|p2a: Latios
|-supereffective|p2a: Latios
|-damage|p2a: Latios|0 fnt
|faint|p2a: Latios
|
|win|Tythaeus
|raw|Ladder updating...
|raw|Tythaeus's rating: 1486 &rarr; <strong>1503<\/strong><br \/>(+17 for winning)
|raw|Based Phoenix's rating: 1431 &rarr; <strong>1414<\/strong><br \/>(-17 for losing)
|leave|Based Phoenix
|player|p2