|join|haxigamer
|join|Tythaeus
|player|p1|haxigamer|290
|player|p2|Tythaeus|190
|gametype|singles
|gen|6
|tier|OU (suspect test)
|rated
|clearpoke
|poke|p1|Swampert, F
|poke|p1|Goodra, M
|poke|p1|Ferrothorn, M
|poke|p1|Kingdra, M
|poke|p1|Clefable, M
|poke|p1|Politoed, F
|poke|p2|Sableye, M
|poke|p2|Clefable, F
|poke|p2|Bisharp, F
|poke|p2|Landorus, M
|poke|p2|Breloom, F
|poke|p2|Rotom-Wash
|rule|Swagger Clause: Swagger is banned
|rule|Baton Pass Clause: Limit one PokÃ©mon knowing Baton Pass
|rule|Sleep Clause Mod: Limit one foe put to sleep
|rule|Species Clause: Limit one of each PokÃ©mon
|rule|OHKO Clause: OHKO moves are banned
|rule|Moody Clause: Moody is banned
|rule|Evasion Moves Clause: Evasion moves are banned
|rule|Endless Battle Clause: Forcing endless battles is banned
|rule|HP Percentage Mod: HP is shown in percentages
|teampreview
|
|start
|switch|p1a: Politoed|Politoed, F|363\/363
|switch|p2a: Breloom|Breloom, F|262\/262
|-weather|RainDance
|turn|1
|
|switch|p1a: Ferrothorn|Ferrothorn, M|351\/351
|move|p2a: Breloom|Bullet Seed|p1a: Ferrothorn
|-resisted|p1a: Ferrothorn
|-damage|p1a: Ferrothorn|336\/351
|-resisted|p1a: Ferrothorn
|-damage|p1a: Ferrothorn|320\/351
|-resisted|p1a: Ferrothorn
|-damage|p1a: Ferrothorn|305\/351
|-hitcount|p1a: Ferrothorn|3
|
|-weather|RainDance|[upkeep]
|-heal|p1a: Ferrothorn|326\/351|[from] item: Leftovers
|turn|2
|
|switch|p2a: Sableye|Sableye, M|304\/304
|move|p1a: Ferrothorn|Thunder Wave|p2a: Sableye
|-status|p2a: Sableye|par
|
|-weather|RainDance|[upkeep]
|-heal|p1a: Ferrothorn|347\/351|[from] item: Leftovers
|turn|3
|
|detailschange|p2a: Sableye|Sableye-Mega, M
|-mega|p2a: Sableye|Sableye|Sablenite
|cant|p2a: Sableye|par
|move|p1a: Ferrothorn|Leech Seed|p2a: Sableye
|move|p2a: Sableye|Leech Seed|p1a: Ferrothorn|[from]Magic Bounce
|-immune|p1a: Ferrothorn|[msg]
|
|-weather|RainDance|[upkeep]
|-heal|p1a: Ferrothorn|351\/351|[from] item: Leftovers
|turn|4
|
|move|p1a: Ferrothorn|Power Whip|p2a: Sableye
|-damage|p2a: Sableye|216\/304 par
|move|p2a: Sableye|Will-O-Wisp|p1a: Ferrothorn
|-status|p1a: Ferrothorn|brn
|
|-weather|RainDance|[upkeep]
|-damage|p1a: Ferrothorn|308\/351 brn|[from] brn
|turn|5
|
|move|p1a: Ferrothorn|Power Whip|p2a: Sableye
|-damage|p2a: Sableye|174\/304 par
|cant|p2a: Sableye|par
|
|-weather|RainDance|[upkeep]
|-heal|p1a: Ferrothorn|329\/351 brn|[from] item: Leftovers
|-damage|p1a: Ferrothorn|286\/351 brn|[from] brn
|turn|6
|
|switch|p1a: Kingdra|Kingdra, M|291\/291
|switch|p2a: Breloom|Breloom, F|262\/262
|
|-weather|RainDance|[upkeep]
|turn|7
|
|switch|p2a: Clefable|Clefable, F|394\/394
|move|p1a: Kingdra|Dragon Pulse|p2a: Clefable
|-immune|p2a: Clefable|[msg]
|
|-weather|RainDance|[upkeep]
|turn|8
|
|switch|p1a: Ferrothorn|Ferrothorn, M|286\/351 brn
|move|p2a: Clefable|Stealth Rock|p1a: Ferrothorn
|-sidestart|p1: haxigamer|move: Stealth Rock
|
|-weather|none
|-heal|p1a: Ferrothorn|307\/351 brn|[from] item: Leftovers
|-damage|p1a: Ferrothorn|264\/351 brn|[from] brn
|turn|9
|
|switch|p2a: Breloom|Breloom, F|262\/262
|move|p1a: Ferrothorn|Thunder Wave|p2a: Breloom
|-status|p2a: Breloom|par
|
|-heal|p1a: Ferrothorn|285\/351 brn|[from] item: Leftovers
|-damage|p1a: Ferrothorn|242\/351 brn|[from] brn
|turn|10
|
|switch|p1a: Clefable|Clefable, M|377\/377
|-damage|p1a: Clefable|330\/377|[from] Stealth Rock
|move|p2a: Breloom|Low Sweep|p1a: Clefable
|-resisted|p1a: Clefable
|-damage|p1a: Clefable|248\/377
|-unboost|p1a: Clefable|spe|1
|
|turn|11
|
|switch|p2a: Clefable|Clefable, F|394\/394
|move|p1a: Clefable|Aromatherapy|p1a: Clefable
|-cureteam|p1a: Clefable|[from] move: Aromatherapy
|
|turn|12
|
|switch|p1a: Ferrothorn|Ferrothorn, M|242\/351
|-damage|p1a: Ferrothorn|221\/351|[from] Stealth Rock
|move|p2a: Clefable|Heal Bell|p2a: Clefable
|-cureteam|p2a: Clefable|[from] move: HealBell
|
|-heal|p1a: Ferrothorn|242\/351|[from] item: Leftovers
|turn|13
|
|switch|p2a: Sableye|Sableye-Mega, M|174\/304
|move|p1a: Ferrothorn|Leech Seed|p2a: Sableye
|move|p2a: Sableye|Leech Seed|p1a: Ferrothorn|[from]Magic Bounce
|-immune|p1a: Ferrothorn|[msg]
|
|-heal|p1a: Ferrothorn|263\/351|[from] item: Leftovers
|turn|14
|
|move|p2a: Sableye|Recover|p2a: Sableye
|-heal|p2a: Sableye|304\/304
|move|p1a: Ferrothorn|Power Whip|p2a: Sableye
|-damage|p2a: Sableye|226\/304
|
|-heal|p1a: Ferrothorn|284\/351|[from] item: Leftovers
|turn|15
|
|switch|p1a: Politoed|Politoed, F|363\/363
|-damage|p1a: Politoed|318\/363|[from] Stealth Rock
|-weather|RainDance
|move|p2a: Sableye|Will-O-Wisp|p1a: Politoed
|-status|p1a: Politoed|brn
|
|-weather|RainDance|[upkeep]
|-damage|p1a: Politoed|273\/363 brn|[from] brn
|turn|16
|
|switch|p2a: Rotom-Wash|Rotom-Wash|304\/304
|move|p1a: Politoed|Hydro Pump|p2a: Rotom-Wash
|-resisted|p2a: Rotom-Wash
|-damage|p2a: Rotom-Wash|215\/304
|
|-weather|RainDance|[upkeep]
|-heal|p2a: Rotom-Wash|234\/304|[from] item: Leftovers
|-damage|p1a: Politoed|228\/363 brn|[from] brn
|turn|17
|
|move|p2a: Rotom-Wash|Volt Switch|p1a: Politoed
|-supereffective|p1a: Politoed
|-damage|p1a: Politoed|88\/363 brn
|
|switch|p2a: Breloom|Breloom, F|262\/262
|move|p1a: Politoed|Toxic|p2a: Breloom
|-status|p2a: Breloom|tox
|
|-weather|RainDance|[upkeep]
|-damage|p2a: Breloom|246\/262 tox|[from] psn
|-damage|p1a: Politoed|43\/363 brn|[from] brn
|turn|18
|
|move|p2a: Breloom|Low Sweep|p1a: Politoed
|-damage|p1a: Politoed|0 fnt
|faint|p1a: Politoed
|
|-weather|RainDance|[upkeep]
|-damage|p2a: Breloom|214\/262 tox|[from] psn
|
|switch|p1a: Swampert|Swampert, F|355\/355
|-damage|p1a: Swampert|333\/355|[from] Stealth Rock
|turn|19
|
|switch|p2a: Rotom-Wash|Rotom-Wash|234\/304
|switch|p1a: Ferrothorn|Ferrothorn, M|284\/351
|-damage|p1a: Ferrothorn|263\/351|[from] Stealth Rock
|
|-weather|RainDance|[upkeep]
|-heal|p2a: Rotom-Wash|253\/304|[from] item: Leftovers
|-heal|p1a: Ferrothorn|284\/351|[from] item: Leftovers
|turn|20
|
|move|p2a: Rotom-Wash|Volt Switch|p1a: Ferrothorn
|-resisted|p1a: Ferrothorn
|-damage|p1a: Ferrothorn|249\/351
|
|switch|p2a: Sableye|Sableye-Mega, M|226\/304
|move|p1a: Ferrothorn|Power Whip|p2a: Sableye
|-damage|p2a: Sableye|148\/304
|
|-weather|RainDance|[upkeep]
|-heal|p1a: Ferrothorn|270\/351|[from] item: Leftovers
|turn|21
|
|switch|p1a: Swampert|Swampert, F|333\/355
|-damage|p1a: Swampert|311\/355|[from] Stealth Rock
|move|p2a: Sableye|Recover|p2a: Sableye
|-heal|p2a: Sableye|300\/304
|
|-weather|RainDance|[upkeep]
|turn|22
|
|detailschange|p1a: Swampert|Swampert-Mega, F
|-mega|p1a: Swampert|Swampert|Swampertite
|move|p1a: Swampert|Earthquake|p2a: Sableye
|-damage|p2a: Sableye|179\/304
|move|p2a: Sableye|Will-O-Wisp|p1a: Swampert
|-status|p1a: Swampert|brn
|
|-weather|none
|-damage|p1a: Swampert|267\/355 brn|[from] brn
|turn|23
|
|switch|p1a: Clefable|Clefable, M|248\/377
|-damage|p1a: Clefable|201\/377|[from] Stealth Rock
|move|p2a: Sableye|Recover|p2a: Sableye
|-heal|p2a: Sableye|304\/304
|
|turn|24
|
|switch|p2a: Bisharp|Bisharp, F|272\/272
|move|p1a: Clefable|Cosmic Power|p1a: Clefable
|-boost|p1a: Clefable|def|1
|-boost|p1a: Clefable|spd|1
|
|turn|25
|
|move|p2a: Bisharp|Iron Head|p1a: Clefable
|-supereffective|p1a: Clefable
|-damage|p1a: Clefable|31\/377
|-enditem|p1a: Clefable|Sitrus Berry|[eat]
|-heal|p1a: Clefable|125\/377|[from] item: Sitrus Berry
|move|p1a: Clefable|Aromatherapy|p1a: Clefable
|-cureteam|p1a: Clefable|[from] move: Aromatherapy
|
|turn|26
|
|move|p2a: Bisharp|Iron Head|p1a: Clefable
|-supereffective|p1a: Clefable
|-damage|p1a: Clefable|0 fnt
|faint|p1a: Clefable
|
|
|switch|p1a: Swampert|Swampert-Mega, F|267\/355
|-damage|p1a: Swampert|245\/355|[from] Stealth Rock
|turn|27
|
|switch|p2a: Rotom-Wash|Rotom-Wash|253\/304
|move|p1a: Swampert|Earthquake|p2a: Rotom-Wash
|-immune|p2a: Rotom-Wash|[msg]
|
|-heal|p2a: Rotom-Wash|272\/304|[from] item: Leftovers
|turn|28
|
|switch|p1a: Goodra|Goodra, M|383\/383
|-damage|p1a: Goodra|336\/383|[from] Stealth Rock
|move|p2a: Rotom-Wash|Will-O-Wisp|p1a: Goodra
|-status|p1a: Goodra|brn
|
|-heal|p2a: Rotom-Wash|291\/304|[from] item: Leftovers
|-heal|p1a: Goodra|359\/383 brn|[from] item: Leftovers
|-damage|p1a: Goodra|312\/383 brn|[from] brn
|turn|29
|
|switch|p2a: Clefable|Clefable, F|394\/394
|move|p1a: Goodra|Rain Dance|p1a: Goodra
|-weather|RainDance
|
|-weather|RainDance|[upkeep]
|-curestatus|p1a: Goodra|brn
|-heal|p1a: Goodra|335\/383|[from] item: Leftovers
|turn|30
|
|switch|p1a: Kingdra|Kingdra, M|291\/291
|-damage|p1a: Kingdra|255\/291|[from] Stealth Rock
|move|p2a: Clefable|Heal Bell|p2a: Clefable
|-cureteam|p2a: Clefable|[from] move: HealBell
|
|-weather|RainDance|[upkeep]
|turn|31
|
|move|p1a: Kingdra|Hydro Pump|p2a: Clefable
|-damage|p2a: Clefable|0 fnt
|faint|p2a: Clefable
|
|-weather|RainDance|[upkeep]
|
|switch|p2a: Breloom|Breloom, F|214\/262
|turn|32
|
|move|p1a: Kingdra|Hydro Pump|p2a: Breloom
|-resisted|p2a: Breloom
|-damage|p2a: Breloom|0 fnt
|faint|p2a: Breloom
|
|-weather|RainDance|[upkeep]
|
|switch|p2a: Rotom-Wash|Rotom-Wash|291\/304
|turn|33
|
|move|p1a: Kingdra|Hydro Pump|p2a: Rotom-Wash
|-resisted|p2a: Rotom-Wash
|-damage|p2a: Rotom-Wash|103\/304
|move|p2a: Rotom-Wash|Will-O-Wisp|p1a: Kingdra
|-status|p1a: Kingdra|brn
|
|-weather|none
|-heal|p2a: Rotom-Wash|122\/304|[from] item: Leftovers
|-damage|p1a: Kingdra|219\/291 brn|[from] brn
|turn|34
|
|switch|p1a: Goodra|Goodra, M|335\/383
|-damage|p1a: Goodra|288\/383|[from] Stealth Rock
|move|p2a: Rotom-Wash|Volt Switch|p1a: Goodra
|-resisted|p1a: Goodra
|-damage|p1a: Goodra|263\/383
|
|switch|p2a: Bisharp|Bisharp, F|272\/272
|
|-heal|p1a: Goodra|286\/383|[from] item: Leftovers
|turn|35
|
|switch|p1a: Ferrothorn|Ferrothorn, M|270\/351
|-damage|p1a: Ferrothorn|249\/351|[from] Stealth Rock
|move|p2a: Bisharp|Knock Off|p1a: Ferrothorn
|-crit|p1a: Ferrothorn
|-damage|p1a: Ferrothorn|72\/351
|-damage|p2a: Bisharp|238\/272|[from] ability: Iron Barbs|[of] p1a: Ferrothorn
|-enditem|p1a: Ferrothorn|Leftovers|[from] move: Knock Off|[of] p2a: Bisharp
|
|turn|36
|
|switch|p2a: Landorus|Landorus, M|320\/320
|move|p1a: Ferrothorn|Thunder Wave|p2a: Landorus
|-immune|p2a: Landorus|[msg]
|
|turn|37
|
|move|p2a: Landorus|Earth Power|p1a: Ferrothorn
|-damage|p1a: Ferrothorn|0 fnt
|faint|p1a: Ferrothorn
|
|
|switch|p1a: Goodra|Goodra, M|286\/383
|-damage|p1a: Goodra|239\/383|[from] Stealth Rock
|turn|38
|
|move|p2a: Landorus|Earth Power|p1a: Goodra
|-damage|p1a: Goodra|109\/383
|move|p1a: Goodra|Rain Dance|p1a: Goodra
|-weather|RainDance
|
|-weather|RainDance|[upkeep]
|-heal|p1a: Goodra|132\/383|[from] item: Leftovers
|turn|39
|
|move|p2a: Landorus|Earth Power|p1a: Goodra
|-damage|p1a: Goodra|0 fnt
|faint|p1a: Goodra
|
|-weather|RainDance|[upkeep]
|
|switch|p1a: Swampert|Swampert-Mega, F|245\/355
|-damage|p1a: Swampert|223\/355|[from] Stealth Rock
|turn|40
|
|switch|p2a: Rotom-Wash|Rotom-Wash|122\/304
|move|p1a: Swampert|Waterfall|p2a: Rotom-Wash
|-resisted|p2a: Rotom-Wash
|-damage|p2a: Rotom-Wash|42\/304
|
|-weather|RainDance|[upkeep]
|-heal|p2a: Rotom-Wash|61\/304|[from] item: Leftovers
|turn|41
|
|move|p1a: Swampert|Waterfall|p2a: Rotom-Wash
|-resisted|p2a: Rotom-Wash
|-damage|p2a: Rotom-Wash|0 fnt
|faint|p2a: Rotom-Wash
|
|-weather|RainDance|[upkeep]
|
|switch|p2a: Sableye|Sableye-Mega, M|304\/304
|turn|42
|
|switch|p1a: Kingdra|Kingdra, M|219\/291 brn
|-damage|p1a: Kingdra|183\/291 brn|[from] Stealth Rock
|move|p2a: Sableye|Recover|p2a: Sableye
|-fail|p2a: Sableye
|
|-weather|none
|-damage|p1a: Kingdra|147\/291 brn|[from] brn
|turn|43
|
|move|p1a: Kingdra|Hydro Pump|p2a: Sableye
|-crit|p2a: Sableye
|-damage|p2a: Sableye|0 fnt
|faint|p2a: Sableye
|
|-damage|p1a: Kingdra|111\/291 brn|[from] brn
|
|switch|p2a: Landorus|Landorus, M|320\/320
|turn|44
|
|move|p2a: Landorus|Earth Power|p1a: Kingdra
|-damage|p1a: Kingdra|0 fnt
|faint|p1a: Kingdra
|
|
|switch|p1a: Swampert|Swampert-Mega, F|223\/355
|-damage|p1a: Swampert|201\/355|[from] Stealth Rock
|turn|45
|
|move|p2a: Landorus|Earth Power|p1a: Swampert
|-damage|p1a: Swampert|0 fnt
|faint|p1a: Swampert
|
|win|Tythaeus
|raw|Ladder updating...
|raw|haxigamer's rating: 1187 &rarr; <strong>1166<\/strong><br \/>(-21 for losing)
|raw|Tythaeus's rating: 1240 &rarr; <strong>1261<\/strong><br \/>(+21 for winning)
|c|âhaxigamer|gg
|c|âTythaeus|Gg