|join|Tythaeus
|join|Z+V1
|player|p1|Tythaeus|190
|player|p2|Z+V1|266
|gametype|singles
|gen|6
|tier|OU (suspect test)
|clearpoke
|poke|p1|Celebi
|poke|p1|Azumarill, F
|poke|p1|Steelix, F
|poke|p1|Latias, F
|poke|p1|Tyranitar, F
|poke|p1|Rotom-Heat
|poke|p2|Heatran, F
|poke|p2|Chesnaught, M
|poke|p2|Landorus-Therian, M
|poke|p2|Rotom-Wash
|poke|p2|Gardevoir, F
|poke|p2|Scizor, F
|rule|Swagger Clause: Swagger is banned
|rule|Baton Pass Clause: Limit one PokÃ©mon knowing Baton Pass
|rule|Sleep Clause Mod: Limit one foe put to sleep
|rule|Species Clause: Limit one of each PokÃ©mon
|rule|OHKO Clause: OHKO moves are banned
|rule|Moody Clause: Moody is banned
|rule|Evasion Moves Clause: Evasion moves are banned
|rule|Endless Battle Clause: Forcing endless battles is banned
|rule|HP Percentage Mod: HP is shown in percentages
|teampreview
|c|âZ+V1|hf
|c|âTythaeus|Fk, steelix cant shine in this one :[
|c|âTythaeus|Glhf
|c|âZ+V1|o.o
|
|start
|switch|p1a: Azumarill|Azumarill, F|364\/364
|switch|p2a: Rotom-Wash|Rotom-Wash|304\/304
|turn|1
|
|switch|p1a: Celebi|Celebi|404\/404
|move|p2a: Rotom-Wash|Will-O-Wisp|p1a: Celebi
|-status|p1a: Celebi|brn
|
|-damage|p1a: Celebi|354\/404 brn|[from] brn
|turn|2
|join|Prankster
|
|switch|p2a: Heatran|Heatran, F|385\/385
|move|p1a: Celebi|Baton Pass|p1a: Celebi
|
|switch|p1a: Azumarill|Azumarill, F|364\/364
|
|turn|3
|
|switch|p2a: Rotom-Wash|Rotom-Wash|304\/304
|move|p1a: Azumarill|Waterfall|p2a: Rotom-Wash
|-resisted|p2a: Rotom-Wash
|-damage|p2a: Rotom-Wash|241\/304
|
|-heal|p2a: Rotom-Wash|260\/304|[from] item: Leftovers
|turn|4
|
|switch|p1a: Celebi|Celebi|354\/404
|move|p2a: Rotom-Wash|Volt Switch|p1a: Celebi
|-resisted|p1a: Celebi
|-damage|p1a: Celebi|324\/404
|
|switch|p2a: Heatran|Heatran, F|385\/385
|
|-heal|p1a: Celebi|349\/404|[from] item: Leftovers
|turn|5
|
|switch|p1a: Azumarill|Azumarill, F|364\/364
|move|p2a: Heatran|Stealth Rock|p1a: Azumarill
|-sidestart|p1: Tythaeus|move: Stealth Rock
|
|turn|6
|
|switch|p2a: Rotom-Wash|Rotom-Wash|260\/304
|move|p1a: Azumarill|Play Rough|p2a: Rotom-Wash
|-crit|p2a: Rotom-Wash
|-damage|p2a: Rotom-Wash|70\/304
|
|-heal|p2a: Rotom-Wash|89\/304|[from] item: Leftovers
|turn|7
|
|switch|p1a: Celebi|Celebi|349\/404
|-damage|p1a: Celebi|299\/404|[from] Stealth Rock
|move|p2a: Rotom-Wash|Pain Split|p1a: Celebi
|-sethp|p1a: Celebi|194\/404|p2a: Rotom-Wash|194\/304|[from] move: Pain Split
|
|-heal|p1a: Celebi|219\/404|[from] item: Leftovers
|-heal|p2a: Rotom-Wash|213\/304|[from] item: Leftovers
|turn|8
|
|move|p1a: Celebi|Recover|p1a: Celebi
|-heal|p1a: Celebi|404\/404
|move|p2a: Rotom-Wash|Volt Switch|p1a: Celebi
|-resisted|p1a: Celebi
|-damage|p1a: Celebi|371\/404
|
|switch|p2a: Gardevoir|Gardevoir, F|277\/277
|-ability|p2a: Gardevoir|Natural Cure|[from] ability: Trace|[of] p1a: Celebi
|
|-heal|p1a: Celebi|396\/404|[from] item: Leftovers
|turn|9
|
|detailschange|p2a: Gardevoir|Gardevoir-Mega, F
|-mega|p2a: Gardevoir|Gardevoir|Gardevoirite
|move|p2a: Gardevoir|Hyper Voice|p1a: Celebi
|-damage|p1a: Celebi|215\/404
|move|p1a: Celebi|Baton Pass|p1a: Celebi
|
|switch|p1a: Steelix|Steelix, F|353\/353
|-damage|p1a: Steelix|342\/353|[from] Stealth Rock
|
|turn|10
|
|switch|p2a: Rotom-Wash|Rotom-Wash|213\/304
|detailschange|p1a: Steelix|Steelix-Mega, F
|-mega|p1a: Steelix|Steelix|Steelixite
|move|p1a: Steelix|Heavy Slam|p2a: Rotom-Wash
|-resisted|p2a: Rotom-Wash
|-damage|p2a: Rotom-Wash|176\/304
|
|-heal|p2a: Rotom-Wash|195\/304|[from] item: Leftovers
|turn|11
|
|switch|p1a: Celebi|Celebi|215\/404
|-damage|p1a: Celebi|165\/404|[from] Stealth Rock
|move|p2a: Rotom-Wash|Volt Switch|p1a: Celebi
|-resisted|p1a: Celebi
|-damage|p1a: Celebi|133\/404
|
|switch|p2a: Gardevoir|Gardevoir-Mega, F|277\/277
|
|-heal|p1a: Celebi|158\/404|[from] item: Leftovers
|turn|12
|
|switch|p1a: Steelix|Steelix-Mega, F|342\/353
|-damage|p1a: Steelix|331\/353|[from] Stealth Rock
|move|p2a: Gardevoir|Hyper Voice|p1a: Steelix
|-resisted|p1a: Steelix
|-damage|p1a: Steelix|195\/353
|
|turn|13
|
|switch|p2a: Rotom-Wash|Rotom-Wash|195\/304
|switch|p1a: Celebi|Celebi|158\/404
|-damage|p1a: Celebi|108\/404|[from] Stealth Rock
|
|-heal|p1a: Celebi|133\/404|[from] item: Leftovers
|-heal|p2a: Rotom-Wash|214\/304|[from] item: Leftovers
|turn|14
|
|move|p1a: Celebi|Recover|p1a: Celebi
|-heal|p1a: Celebi|335\/404
|move|p2a: Rotom-Wash|Volt Switch|p1a: Celebi
|-resisted|p1a: Celebi
|-damage|p1a: Celebi|302\/404
|
|switch|p2a: Gardevoir|Gardevoir-Mega, F|277\/277
|
|-heal|p1a: Celebi|327\/404|[from] item: Leftovers
|turn|15
|
|move|p2a: Gardevoir|Hyper Voice|p1a: Celebi
|-crit|p1a: Celebi
|-damage|p1a: Celebi|30\/404
|move|p1a: Celebi|Recover|p1a: Celebi
|-heal|p1a: Celebi|232\/404
|
|-heal|p1a: Celebi|257\/404|[from] item: Leftovers
|turn|16
|
|move|p2a: Gardevoir|Hyper Voice|p1a: Celebi
|-damage|p1a: Celebi|77\/404
|move|p1a: Celebi|Recover|p1a: Celebi
|-heal|p1a: Celebi|279\/404
|
|-heal|p1a: Celebi|304\/404|[from] item: Leftovers
|turn|17
|
|move|p2a: Gardevoir|Taunt|p1a: Celebi
|-start|p1a: Celebi|move: Taunt
|cant|p1a: Celebi|move: Taunt|Recover
|
|-heal|p1a: Celebi|329\/404|[from] item: Leftovers
|turn|18
|
|move|p2a: Gardevoir|Hyper Voice|p1a: Celebi
|-damage|p1a: Celebi|142\/404
|move|p1a: Celebi|Giga Drain|p2a: Gardevoir
|-damage|p2a: Gardevoir|208\/277
|-heal|p1a: Celebi|177\/404|[from] drain|[of] p2a: Gardevoir
|
|-heal|p1a: Celebi|202\/404|[from] item: Leftovers
|turn|19
|
|move|p2a: Gardevoir|Hyper Voice|p1a: Celebi
|-damage|p1a: Celebi|31\/404
|move|p1a: Celebi|Giga Drain|p2a: Gardevoir
|-damage|p2a: Gardevoir|145\/277
|-heal|p1a: Celebi|63\/404|[from] drain|[of] p2a: Gardevoir
|
|-heal|p1a: Celebi|88\/404|[from] item: Leftovers
|-end|p1a: Celebi|move: Taunt
|turn|20
|
|move|p2a: Gardevoir|Hyper Voice|p1a: Celebi
|-damage|p1a: Celebi|0 fnt
|faint|p1a: Celebi
|
|
|switch|p1a: Steelix|Steelix-Mega, F|195\/353
|-damage|p1a: Steelix|184\/353|[from] Stealth Rock
|turn|21
|
|switch|p2a: Rotom-Wash|Rotom-Wash|214\/304
|move|p1a: Steelix|Stealth Rock|p2a: Rotom-Wash
|-sidestart|p2: Z+V1|move: Stealth Rock
|
|-heal|p2a: Rotom-Wash|233\/304|[from] item: Leftovers
|turn|22
|
|move|p2a: Rotom-Wash|Volt Switch|p1a: Steelix
|-immune|p1a: Steelix|[msg]
|move|p1a: Steelix|Stone Edge|p2a: Rotom-Wash
|-crit|p2a: Rotom-Wash
|-damage|p2a: Rotom-Wash|86\/304
|
|-heal|p2a: Rotom-Wash|105\/304|[from] item: Leftovers
|turn|23
|
|move|p2a: Rotom-Wash|Volt Switch|p1a: Steelix
|-immune|p1a: Steelix|[msg]
|move|p1a: Steelix|Stone Edge|p2a: Rotom-Wash
|-damage|p2a: Rotom-Wash|9\/304
|
|-heal|p2a: Rotom-Wash|28\/304|[from] item: Leftovers
|turn|24
|
|move|p2a: Rotom-Wash|Pain Split|p1a: Steelix
|-sethp|p1a: Steelix|106\/353|p2a: Rotom-Wash|106\/304|[from] move: Pain Split
|move|p1a: Steelix|Heavy Slam|p2a: Rotom-Wash
|-resisted|p2a: Rotom-Wash
|-damage|p2a: Rotom-Wash|66\/304
|
|-heal|p2a: Rotom-Wash|85\/304|[from] item: Leftovers
|turn|25
|
|move|p2a: Rotom-Wash|Hydro Pump|p1a: Steelix
|-supereffective|p1a: Steelix
|-damage|p1a: Steelix|0 fnt
|faint|p1a: Steelix
|
|-heal|p2a: Rotom-Wash|104\/304|[from] item: Leftovers
|
|switch|p1a: Latias|Latias, F|301\/301
|-damage|p1a: Latias|264\/301|[from] Stealth Rock
|turn|26
|
|switch|p2a: Heatran|Heatran, F|385\/385
|-damage|p2a: Heatran|337\/385|[from] Stealth Rock
|move|p1a: Latias|Psyshock|p2a: Heatran
|-resisted|p2a: Heatran
|-damage|p2a: Heatran|255\/385
|-damage|p1a: Latias|234\/301|[from] item: Life Orb
|
|-heal|p2a: Heatran|279\/385|[from] item: Leftovers
|turn|27
|
|switch|p1a: Azumarill|Azumarill, F|364\/364
|-damage|p1a: Azumarill|319\/364|[from] Stealth Rock
|move|p2a: Heatran|Toxic|p1a: Azumarill|[miss]
|-miss|p2a: Heatran|p1a: Azumarill
|
|-heal|p2a: Heatran|303\/385|[from] item: Leftovers
|turn|28
|
|move|p2a: Heatran|Toxic|p1a: Azumarill
|-status|p1a: Azumarill|tox
|move|p1a: Azumarill|Waterfall|p2a: Heatran
|-supereffective|p2a: Heatran
|-damage|p2a: Heatran|0 fnt
|faint|p2a: Heatran
|
|-damage|p1a: Azumarill|297\/364 tox|[from] psn
|
|switch|p2a: Chesnaught|Chesnaught, M|380\/380
|-damage|p2a: Chesnaught|357\/380|[from] Stealth Rock
|turn|29
|
|switch|p1a: Rotom-Heat|Rotom-Heat|304\/304
|-damage|p1a: Rotom-Heat|228\/304|[from] Stealth Rock
|switch|p2a: Landorus-Therian|Landorus-Therian, M|319\/319
|-damage|p2a: Landorus-Therian|280\/319|[from] Stealth Rock
|-ability|p2a: Landorus-Therian|Intimidate|[of] p1a: Rotom-Heat
|-unboost|p1a: Rotom-Heat|atk|1
|
|-heal|p1a: Rotom-Heat|247\/304|[from] item: Leftovers
|turn|30
|
|move|p2a: Landorus-Therian|U-turn|p1a: Rotom-Heat
|-resisted|p1a: Rotom-Heat
|-damage|p1a: Rotom-Heat|216\/304
|
|switch|p2a: Rotom-Wash|Rotom-Wash|104\/304
|-damage|p2a: Rotom-Wash|66\/304|[from] Stealth Rock
|move|p1a: Rotom-Heat|Will-O-Wisp|p2a: Rotom-Wash
|-status|p2a: Rotom-Wash|brn
|
|-heal|p2a: Rotom-Wash|85\/304 brn|[from] item: Leftovers
|-heal|p1a: Rotom-Heat|235\/304|[from] item: Leftovers
|-damage|p2a: Rotom-Wash|47\/304 brn|[from] brn
|turn|31
|
|move|p1a: Rotom-Heat|Volt Switch|p2a: Rotom-Wash
|-damage|p2a: Rotom-Wash|0 fnt
|faint|p2a: Rotom-Wash
|
|switch|p1a: Azumarill|Azumarill, F|297\/364 tox
|-damage|p1a: Azumarill|252\/364 tox|[from] Stealth Rock
|
|-damage|p1a: Azumarill|230\/364 tox|[from] psn
|
|switch|p2a: Scizor|Scizor, F|343\/343
|-damage|p2a: Scizor|301\/343|[from] Stealth Rock
|turn|32
|
|move|p2a: Scizor|Bullet Punch|p1a: Azumarill
|-damage|p1a: Azumarill|4\/364 tox
|-enditem|p1a: Azumarill|Sitrus Berry|[eat]
|-heal|p1a: Azumarill|95\/364 tox|[from] item: Sitrus Berry
|move|p1a: Azumarill|Waterfall|p2a: Scizor
|-damage|p2a: Scizor|123\/343
|
|-damage|p1a: Azumarill|51\/364 tox|[from] psn
|turn|33
|
|switch|p1a: Rotom-Heat|Rotom-Heat|235\/304
|-damage|p1a: Rotom-Heat|159\/304|[from] Stealth Rock
|switch|p2a: Chesnaught|Chesnaught, M|357\/380
|-damage|p2a: Chesnaught|334\/380|[from] Stealth Rock
|
|-heal|p1a: Rotom-Heat|178\/304|[from] item: Leftovers
|-heal|p2a: Chesnaught|357\/380|[from] item: Leftovers
|turn|34
|
|switch|p2a: Gardevoir|Gardevoir-Mega, F|145\/277
|-damage|p2a: Gardevoir|111\/277|[from] Stealth Rock
|move|p1a: Rotom-Heat|Will-O-Wisp|p2a: Gardevoir
|-status|p2a: Gardevoir|brn
|
|-heal|p1a: Rotom-Heat|197\/304|[from] item: Leftovers
|-damage|p2a: Gardevoir|77\/277 brn|[from] brn
|turn|35
|
|move|p2a: Gardevoir|Psyshock|p1a: Rotom-Heat
|-damage|p1a: Rotom-Heat|86\/304
|move|p1a: Rotom-Heat|Volt Switch|p2a: Gardevoir
|-damage|p2a: Gardevoir|10\/277 brn
|
|switch|p1a: Tyranitar|Tyranitar, F|341\/341
|-damage|p1a: Tyranitar|299\/341|[from] Stealth Rock
|-weather|Sandstorm
|
|-weather|Sandstorm|[upkeep]
|-damage|p2a: Gardevoir|0 fnt|[from] sandstorm
|faint|p2a: Gardevoir
|
|switch|p2a: Chesnaught|Chesnaught, M|357\/380
|-damage|p2a: Chesnaught|334\/380|[from] Stealth Rock
|turn|36
|
|switch|p1a: Latias|Latias, F|234\/301
|-damage|p1a: Latias|197\/301|[from] Stealth Rock
|move|p2a: Chesnaught|Drain Punch|p1a: Latias
|-resisted|p1a: Latias
|-damage|p1a: Latias|145\/301
|-heal|p2a: Chesnaught|360\/380|[from] drain|[of] p1a: Latias
|
|-weather|Sandstorm|[upkeep]
|-damage|p1a: Latias|127\/301|[from] sandstorm
|-damage|p2a: Chesnaught|337\/380|[from] sandstorm
|-heal|p2a: Chesnaught|360\/380|[from] item: Leftovers
|turn|37
|
|move|p1a: Latias|Healing Wish|p1a: Latias
|faint|p1a: Latias
|move|p2a: Chesnaught|Leech Seed|p1: Latias|[notarget]
|-notarget
|
|-weather|Sandstorm|[upkeep]
|-damage|p2a: Chesnaught|337\/380|[from] sandstorm
|-heal|p2a: Chesnaught|360\/380|[from] item: Leftovers
|
|switch|p1a: Rotom-Heat|Rotom-Heat|86\/304
|-heal|p1a: Rotom-Heat|304\/304|[from] move: Healing Wish
|-damage|p1a: Rotom-Heat|228\/304|[from] Stealth Rock
|turn|38
|
|move|p1a: Rotom-Heat|Overheat|p2a: Chesnaught
|-supereffective|p2a: Chesnaught
|-damage|p2a: Chesnaught|0 fnt
|-unboost|p1a: Rotom-Heat|spa|2
|faint|p2a: Chesnaught
|
|-weather|Sandstorm|[upkeep]
|-damage|p1a: Rotom-Heat|209\/304|[from] sandstorm
|-heal|p1a: Rotom-Heat|228\/304|[from] item: Leftovers
|
|switch|p2a: Landorus-Therian|Landorus-Therian, M|280\/319
|-damage|p2a: Landorus-Therian|241\/319|[from] Stealth Rock
|-ability|p2a: Landorus-Therian|Intimidate|[of] p1a: Rotom-Heat
|-unboost|p1a: Rotom-Heat|atk|1
|turn|39
|c|âTythaeus|Brb low battery
|c|âTythaeus|On a tablet
|c|âTythaeus|If i dc, it died. Dont close battle tho
|join|Squirrelll
|c|âZ+V1|kk
|c| Squirrelll|why use rotom-h
|c| Squirrelll|i dont understand
|c|âTythaeus|Back
|
|switch|p1a: Tyranitar|Tyranitar, F|299\/341
|-damage|p1a: Tyranitar|257\/341|[from] Stealth Rock
|move|p2a: Landorus-Therian|Stone Edge|p1a: Tyranitar|[miss]
|-miss|p2a: Landorus-Therian|p1a: Tyranitar
|
|-weather|none
|turn|40
|
|move|p2a: Landorus-Therian|Stone Edge|p1a: Tyranitar
|-damage|p1a: Tyranitar|128\/341
|move|p1a: Tyranitar|Crunch|p2a: Landorus-Therian
|-damage|p2a: Landorus-Therian|15\/319
|-unboost|p2a: Landorus-Therian|def|1
|
|turn|41
|
|move|p2a: Landorus-Therian|Stone Edge|p1a: Tyranitar
|-damage|p1a: Tyranitar|15\/341
|move|p1a: Tyranitar|Crunch|p2a: Landorus-Therian
|-damage|p2a: Landorus-Therian|0 fnt
|faint|p2a: Landorus-Therian
|
|c| Prankster|los roll
|c|âZ+V1|gg
|
|switch|p2a: Scizor|Scizor, F|123\/343
|-damage|p2a: Scizor|81\/343|[from] Stealth Rock
|turn|42
|c|âTythaeus|Gg
|
|move|p2a: Scizor|Bullet Punch|p1a: Tyranitar
|-supereffective|p1a: Tyranitar
|-damage|p1a: Tyranitar|0 fnt
|faint|p1a: Tyranitar
|
|
|switch|p1a: Azumarill|Azumarill, F|51\/364 tox
|-damage|p1a: Azumarill|6\/364 tox|[from] Stealth Rock
|turn|43
|
|move|p1a: Azumarill|Aqua Jet|p2a: Scizor
|-damage|p2a: Scizor|0 fnt
|faint|p2a: Scizor
|
|win|Tythaeus
|leave|Prankster