|inactive|Battle timer is ON: inactive players will automatically lose when time's up.
|J|Tressed
|J|Tythaeus
|player|p1|Tressed|4
|player|p2|Tythaeus|190
|gametype|singles
|gen|6
|tier|OU
|clearpoke
|poke|p1|Bisharp, F
|poke|p1|Landorus, M
|poke|p1|Lopunny, M
|poke|p1|Raikou
|poke|p1|Latios, M
|poke|p1|Ferrothorn, F
|poke|p2|Metagross
|poke|p2|Zapdos
|poke|p2|Mamoswine, M
|poke|p2|Manaphy
|poke|p2|Sylveon, M
|poke|p2|Darmanitan, F
|rule|Swagger Clause: Swagger is banned
|rule|Baton Pass Clause: Limit one PokÃ©mon knowing Baton Pass
|rule|Sleep Clause Mod: Limit one foe put to sleep
|rule|Species Clause: Limit one of each PokÃ©mon
|rule|OHKO Clause: OHKO moves are banned
|rule|Moody Clause: Moody is banned
|rule|Evasion Moves Clause: Evasion moves are banned
|rule|Endless Battle Clause: Forcing endless battles is banned
|rule|HP Percentage Mod: HP is shown in percentages
|teampreview
|J|ablert enistein
|
|start
|switch|p1a: Raikou|Raikou|325\/325
|switch|p2a: Sylveon|Sylveon, M|394\/394
|-ability|p1a: Raikou|Pressure
|turn|1
|
|switch|p1a: Ferrothorn|Ferrothorn, F|352\/352
|switch|p2a: Mamoswine|Mamoswine, M|362\/362
|
|turn|2
|
|move|p2a: Mamoswine|Stealth Rock|p1a: Ferrothorn
|-sidestart|p1: Tressed|move: Stealth Rock
|move|p1a: Ferrothorn|Knock Off|p2a: Mamoswine
|-damage|p2a: Mamoswine|280\/362
|-enditem|p2a: Mamoswine|Life Orb|[from] move: Knock Off|[of] p1a: Ferrothorn
|
|turn|3
|
|switch|p2a: Darmanitan|Darmanitan, F|352\/352
|move|p1a: Ferrothorn|Stealth Rock|p2a: Darmanitan
|-sidestart|p2: Tythaeus|move: Stealth Rock
|
|turn|4
|
|switch|p1a: Latios|Latios, M|301\/301
|-damage|p1a: Latios|264\/301|[from] Stealth Rock
|move|p2a: Darmanitan|U-turn|p1a: Latios
|-supereffective|p1a: Latios
|-damage|p1a: Latios|54\/301
|
|switch|p2a: Mamoswine|Mamoswine, M|280\/362
|-damage|p2a: Mamoswine|235\/362|[from] Stealth Rock
|
|turn|5
|
|switch|p1a: Ferrothorn|Ferrothorn, F|352\/352
|-damage|p1a: Ferrothorn|330\/352|[from] Stealth Rock
|move|p2a: Mamoswine|Ice Shard|p1a: Ferrothorn
|-damage|p1a: Ferrothorn|278\/352
|
|-heal|p1a: Ferrothorn|300\/352|[from] item: Leftovers
|turn|6
|
|switch|p2a: Zapdos|Zapdos|383\/383
|-damage|p2a: Zapdos|288\/383|[from] Stealth Rock
|-ability|p2a: Zapdos|Pressure
|switch|p1a: Landorus|Landorus, M|319\/319
|-damage|p1a: Landorus|280\/319|[from] Stealth Rock
|
|-heal|p2a: Zapdos|311\/383|[from] item: Leftovers
|turn|7
|
|switch|p1a: Lopunny|Lopunny, M|271\/271
|-damage|p1a: Lopunny|238\/271|[from] Stealth Rock
|switch|p2a: Mamoswine|Mamoswine, M|235\/362
|-damage|p2a: Mamoswine|190\/362|[from] Stealth Rock
|
|turn|8
|
|switch|p2a: Zapdos|Zapdos|311\/383
|-damage|p2a: Zapdos|216\/383|[from] Stealth Rock
|-ability|p2a: Zapdos|Pressure
|detailschange|p1a: Lopunny|Lopunny-Mega, M
|-mega|p1a: Lopunny|Lopunny|Lopunnite
|move|p1a: Lopunny|Return|p2a: Zapdos
|-damage|p2a: Zapdos|53\/383
|
|-heal|p2a: Zapdos|76\/383|[from] item: Leftovers
|turn|9
|
|move|p1a: Lopunny|Return|p2a: Zapdos
|-damage|p2a: Zapdos|0 fnt
|faint|p2a: Zapdos
|
|
|switch|p2a: Sylveon|Sylveon, M|394\/394
|-damage|p2a: Sylveon|345\/394|[from] Stealth Rock
|turn|10
|
|switch|p2a: Darmanitan|Darmanitan, F|352\/352
|-damage|p2a: Darmanitan|264\/352|[from] Stealth Rock
|move|p1a: Lopunny|Baton Pass|p1a: Lopunny
|
|switch|p1a: Landorus|Landorus, M|280\/319
|-damage|p1a: Landorus|241\/319|[from] Stealth Rock
|
|turn|11
|
|move|p2a: Darmanitan|Flare Blitz|p1a: Landorus
|-damage|p1a: Landorus|0 fnt
|-damage|p2a: Darmanitan|184\/352|[from] recoil|[of] p1a: Landorus
|faint|p1a: Landorus
|
|
|switch|p1a: Bisharp|Bisharp, F|271\/271
|-damage|p1a: Bisharp|255\/271|[from] Stealth Rock
|turn|12
|J|Drreuniclus3
|L|Drreuniclus3
|
|move|p2a: Darmanitan|Flare Blitz|p1a: Bisharp
|-supereffective|p1a: Bisharp
|-damage|p1a: Bisharp|0 fnt
|-damage|p2a: Darmanitan|100\/352|[from] recoil|[of] p1a: Bisharp
|faint|p1a: Bisharp
|
|
|switch|p1a: Latios|Latios, M|54\/301
|-damage|p1a: Latios|17\/301|[from] Stealth Rock
|turn|13
|
|move|p1a: Latios|Psyshock|p2a: Darmanitan
|-damage|p2a: Darmanitan|0 fnt
|faint|p2a: Darmanitan
|
|
|switch|p2a: Metagross|Metagross|302\/302
|-damage|p2a: Metagross|284\/302|[from] Stealth Rock
|turn|14
|
|detailschange|p2a: Metagross|Metagross-Mega
|-mega|p2a: Metagross|Metagross|Metagrossite
|move|p1a: Latios|Psyshock|p2a: Metagross
|-resisted|p2a: Metagross
|-damage|p2a: Metagross|259\/302
|move|p2a: Metagross|Hammer Arm|p1a: Latios
|-resisted|p1a: Latios
|-damage|p1a: Latios|0 fnt
|-unboost|p2a: Metagross|spe|1
|faint|p1a: Latios
|
|
|switch|p1a: Raikou|Raikou|325\/325
|-damage|p1a: Raikou|285\/325|[from] Stealth Rock
|-ability|p1a: Raikou|Pressure
|turn|15
|
|switch|p2a: Sylveon|Sylveon, M|345\/394
|-damage|p2a: Sylveon|296\/394|[from] Stealth Rock
|move|p1a: Raikou|Shadow Ball|p2a: Sylveon
|-damage|p2a: Sylveon|212\/394
|
|-heal|p2a: Sylveon|236\/394|[from] item: Leftovers
|turn|16
|
|switch|p1a: Ferrothorn|Ferrothorn, F|300\/352
|-damage|p1a: Ferrothorn|278\/352|[from] Stealth Rock
|move|p2a: Sylveon|Wish|p2a: Sylveon
|
|-heal|p2a: Sylveon|260\/394|[from] item: Leftovers
|-heal|p1a: Ferrothorn|300\/352|[from] item: Leftovers
|turn|17
|
|move|p2a: Sylveon|Protect|p2a: Sylveon
|-singleturn|p2a: Sylveon|Protect
|move|p1a: Ferrothorn|Leech Seed|p2a: Sylveon
|-activate|p2a: Sylveon|Protect
|
|-heal|p2a: Sylveon|394\/394|[from] move: Wish|[wisher] Sylveon
|-heal|p1a: Ferrothorn|322\/352|[from] item: Leftovers
|turn|18
|
|move|p2a: Sylveon|Wish|p2a: Sylveon
|move|p1a: Ferrothorn|Knock Off|p2a: Sylveon
|-resisted|p2a: Sylveon
|-damage|p2a: Sylveon|345\/394
|-enditem|p2a: Sylveon|Leftovers|[from] move: Knock Off|[of] p1a: Ferrothorn
|
|-heal|p1a: Ferrothorn|344\/352|[from] item: Leftovers
|turn|19
|
|switch|p2a: Mamoswine|Mamoswine, M|190\/362
|-damage|p2a: Mamoswine|145\/362|[from] Stealth Rock
|move|p1a: Ferrothorn|Leech Seed|p2a: Mamoswine
|-start|p2a: Mamoswine|move: Leech Seed
|
|-heal|p2a: Mamoswine|342\/362|[from] move: Wish|[wisher] Sylveon
|-heal|p1a: Ferrothorn|352\/352|[from] item: Leftovers
|-damage|p2a: Mamoswine|297\/362|[from] Leech Seed|[of] p1a: Ferrothorn
|turn|20
|
|switch|p2a: Metagross|Metagross-Mega|259\/302
|-damage|p2a: Metagross|241\/302|[from] Stealth Rock
|move|p1a: Ferrothorn|Power Whip|p2a: Metagross
|-resisted|p2a: Metagross
|-damage|p2a: Metagross|190\/302
|
|turn|21
|
|move|p2a: Metagross|Hammer Arm|p1a: Ferrothorn
|-supereffective|p1a: Ferrothorn
|-damage|p1a: Ferrothorn|100\/352
|-damage|p2a: Metagross|153\/302|[from] ability: Iron Barbs|[of] p1a: Ferrothorn
|-unboost|p2a: Metagross|spe|1
|move|p1a: Ferrothorn|Knock Off|p2a: Metagross
|-supereffective|p2a: Metagross
|-damage|p2a: Metagross|87\/302
|
|-heal|p1a: Ferrothorn|122\/352|[from] item: Leftovers
|turn|22
|
|switch|p2a: Sylveon|Sylveon, M|345\/394
|-damage|p2a: Sylveon|296\/394|[from] Stealth Rock
|switch|p1a: Raikou|Raikou|285\/325
|-damage|p1a: Raikou|245\/325|[from] Stealth Rock
|-ability|p1a: Raikou|Pressure
|
|turn|23
|
|move|p1a: Raikou|Volt Switch|p2a: Sylveon
|-damage|p2a: Sylveon|191\/394
|
|switch|p1a: Ferrothorn|Ferrothorn, F|122\/352
|-damage|p1a: Ferrothorn|100\/352|[from] Stealth Rock
|move|p2a: Sylveon|Wish|p2a: Sylveon
|
|-heal|p1a: Ferrothorn|122\/352|[from] item: Leftovers
|turn|24
|
|move|p2a: Sylveon|Hyper Voice|p1a: Ferrothorn
|-crit|p1a: Ferrothorn
|-resisted|p1a: Ferrothorn
|-damage|p1a: Ferrothorn|40\/352
|move|p1a: Ferrothorn|Leech Seed|p2a: Sylveon
|-start|p2a: Sylveon|move: Leech Seed
|
|-heal|p2a: Sylveon|388\/394|[from] move: Wish|[wisher] Sylveon
|-heal|p1a: Ferrothorn|62\/352|[from] item: Leftovers
|-damage|p2a: Sylveon|339\/394|[from] Leech Seed|[of] p1a: Ferrothorn
|-heal|p1a: Ferrothorn|111\/352|[silent]
|turn|25
|
|move|p2a: Sylveon|Wish|p2a: Sylveon
|move|p1a: Ferrothorn|Leech Seed|p2a: Sylveon
|-fail|p2a: Sylveon
|
|-heal|p1a: Ferrothorn|133\/352|[from] item: Leftovers
|-damage|p2a: Sylveon|290\/394|[from] Leech Seed|[of] p1a: Ferrothorn
|-heal|p1a: Ferrothorn|182\/352|[silent]
|turn|26
|
|switch|p2a: Metagross|Metagross-Mega|87\/302
|-damage|p2a: Metagross|69\/302|[from] Stealth Rock
|move|p1a: Ferrothorn|Knock Off|p2a: Metagross
|-supereffective|p2a: Metagross
|-damage|p2a: Metagross|0 fnt
|faint|p2a: Metagross
|
|-heal|p1a: Ferrothorn|204\/352|[from] item: Leftovers
|J|k legacy
|
|switch|p2a: Mamoswine|Mamoswine, M|297\/362
|-damage|p2a: Mamoswine|252\/362|[from] Stealth Rock
|turn|27
|
|move|p2a: Mamoswine|Icicle Crash|p1a: Ferrothorn
|-damage|p1a: Ferrothorn|101\/352
|cant|p1a: Ferrothorn|flinch
|
|-heal|p1a: Ferrothorn|123\/352|[from] item: Leftovers
|turn|28
|L|k legacy
|
|move|p2a: Mamoswine|Earthquake|p1a: Ferrothorn
|-damage|p1a: Ferrothorn|0 fnt
|faint|p1a: Ferrothorn
|
|
|switch|p1a: Lopunny|Lopunny-Mega, M|238\/271
|-damage|p1a: Lopunny|222\/271|[from] Stealth Rock
|turn|29
|
|move|p2a: Mamoswine|Ice Shard|p1a: Lopunny
|-damage|p1a: Lopunny|146\/271
|move|p1a: Lopunny|Return|p2a: Mamoswine
|-damage|p2a: Mamoswine|29\/362
|
|turn|30
|
|move|p2a: Mamoswine|Ice Shard|p1a: Lopunny
|-damage|p1a: Lopunny|71\/271
|move|p1a: Lopunny|Return|p2a: Mamoswine
|-damage|p2a: Mamoswine|0 fnt
|faint|p2a: Mamoswine
|
|
|switch|p2a: Manaphy|Manaphy|358\/358
|-damage|p2a: Manaphy|314\/358|[from] Stealth Rock
|turn|31
|
|switch|p1a: Raikou|Raikou|245\/325
|-damage|p1a: Raikou|205\/325|[from] Stealth Rock
|-ability|p1a: Raikou|Pressure
|move|p2a: Manaphy|Surf|p1a: Raikou
|-damage|p1a: Raikou|55\/325
|
|-heal|p2a: Manaphy|336\/358|[from] item: Leftovers
|turn|32
|
|move|p1a: Raikou|Thunderbolt|p2a: Manaphy
|-supereffective|p2a: Manaphy
|-damage|p2a: Manaphy|0 fnt
|faint|p2a: Manaphy
|
|
|switch|p2a: Sylveon|Sylveon, M|290\/394
|-damage|p2a: Sylveon|241\/394|[from] Stealth Rock
|turn|33
|
|move|p1a: Raikou|Thunderbolt|p2a: Sylveon
|-damage|p2a: Sylveon|120\/394
|move|p2a: Sylveon|Wish|p2a: Sylveon
|
|turn|34
|
|move|p2a: Sylveon|Protect|p2a: Sylveon
|-singleturn|p2a: Sylveon|Protect
|move|p1a: Raikou|Thunderbolt|p2a: Sylveon
|-activate|p2a: Sylveon|Protect
|
|-heal|p2a: Sylveon|317\/394|[from] move: Wish|[wisher] Sylveon
|turn|35
|
|move|p1a: Raikou|Thunderbolt|p2a: Sylveon
|-damage|p2a: Sylveon|187\/394
|move|p2a: Sylveon|Wish|p2a: Sylveon
|
|turn|36
|
|switch|p1a: Lopunny|Lopunny-Mega, M|71\/271
|-damage|p1a: Lopunny|55\/271|[from] Stealth Rock
|move|p2a: Sylveon|Protect|p2a: Sylveon
|-fail|p2a: Sylveon
|
|-heal|p2a: Sylveon|384\/394|[from] move: Wish|[wisher] Sylveon
|turn|37
|
|move|p2a: Sylveon|Protect|p2a: Sylveon
|-singleturn|p2a: Sylveon|Protect
|move|p1a: Lopunny|Encore|p2a: Sylveon
|-activate|p2a: Sylveon|Protect
|
|turn|38
|
|move|p1a: Lopunny|Encore|p2a: Sylveon
|-start|p2a: Sylveon|Encore
|move|p2a: Sylveon|Protect|p2a: Sylveon
|-fail|p2a: Sylveon
|
|turn|39
|
|move|p2a: Sylveon|Protect|p2a: Sylveon
|-singleturn|p2a: Sylveon|Protect
|move|p1a: Lopunny|Return|p2a: Sylveon
|-activate|p2a: Sylveon|Protect
|
|turn|40
|
|move|p2a: Sylveon|Protect|p2a: Sylveon
|-fail|p2a: Sylveon
|move|p1a: Lopunny|Return|p2a: Sylveon
|-damage|p2a: Sylveon|104\/394
|
|-end|p2a: Sylveon|Encore
|turn|41
|
|move|p1a: Lopunny|Return|p2a: Sylveon
|-damage|p2a: Sylveon|0 fnt
|faint|p2a: Sylveon
|
|win|Tressed
|c|âTressed|gg
|L|Tythaeus
|player|p2