|join|Mohammad
|join|Vultures
|player|p1|Mohammad|265
|player|p2|Vultures|266
|gametype|singles
|gen|6
|tier|ORAS OU
|rated
|rule|Sleep Clause Mod: Limit one foe put to sleep
|rule|Species Clause: Limit one of each PokÃ©mon
|rule|OHKO Clause: OHKO moves are banned
|rule|Moody Clause: Moody is banned
|rule|Evasion Moves Clause: Evasion moves are banned
|rule|Endless Battle Clause: Forcing endless battles is banned
|rule|HP Percentage Mod: HP is shown in percentages
|clearpoke
|poke|p1|Diancie
|poke|p1|Chansey, F, shiny
|poke|p1|Breloom, M, shiny
|poke|p1|Bisharp, F, shiny
|poke|p1|Greninja, F, shiny
|poke|p1|Landorus-Therian, M, shiny
|poke|p2|Scizor, M
|poke|p2|Salamence, M
|poke|p2|Magnezone
|poke|p2|Rotom-Wash
|poke|p2|Mamoswine, M
|poke|p2|Latios, M
|rule|Swagger Clause: Swagger is banned
|rule|Baton Pass Clause: Limit one PokÃ©mon knowing Baton Pass
|teampreview
|
|start
|switch|p1a: Breloom|Breloom, M, shiny|262\/262
|switch|p2a: Scizor|Scizor, M|344\/344
|turn|1
|
|move|p2a: Scizor|Bullet Punch|p1a: Breloom
|-damage|p1a: Breloom|43\/262
|move|p1a: Breloom|Spore|p2a: Scizor
|-status|p2a: Scizor|slp
|
|turn|2
|
|switch|p2a: Latios|Latios, M|302\/302
|move|p1a: Breloom|Rock Tomb|p2a: Latios
|-damage|p2a: Latios|128\/302
|-unboost|p2a: Latios|spe|1
|-damage|p1a: Breloom|17\/262|[from] item: Life Orb
|
|turn|3
|
|switch|p2a: Magnezone|Magnezone|282\/282
|move|p1a: Breloom|Mach Punch|p2a: Magnezone
|-supereffective|p2a: Magnezone
|-damage|p2a: Magnezone|53\/282
|-damage|p1a: Breloom|0 fnt|[from] item: Life Orb
|faint|p1a: Breloom
|
|
|switch|p1a: Landorus-Therian|Landorus-Therian, M, shiny|382\/382
|-ability|p1a: Landorus-Therian|Intimidate|[of] p2a: Magnezone
|-unboost|p2a: Magnezone|atk|1
|turn|4
|
|move|p2a: Magnezone|Flash Cannon|p1a: Landorus-Therian
|-damage|p1a: Landorus-Therian|210\/382
|-unboost|p1a: Landorus-Therian|spd|1
|move|p1a: Landorus-Therian|U-turn|p2a: Magnezone
|-crit|p2a: Magnezone
|-resisted|p2a: Magnezone
|-damage|p2a: Magnezone|0 fnt
|faint|p2a: Magnezone
|
|switch|p1a: Greninja|Greninja, F, shiny|286\/286
|
|
|switch|p2a: Mamoswine|Mamoswine, M|361\/361
|turn|5
|
|move|p1a: Greninja|Hidden Power|p2a: Mamoswine
|-start|p1a: Greninja|typechange|Grass|[from] Protean
|-supereffective|p2a: Mamoswine
|-enditem|p2a: Mamoswine|Focus Sash
|-damage|p2a: Mamoswine|1\/361
|-damage|p1a: Greninja|258\/286|[from] item: Life Orb
|move|p2a: Mamoswine|Earthquake|p1a: Greninja
|-resisted|p1a: Greninja
|-damage|p1a: Greninja|137\/286
|
|turn|6
|
|switch|p1a: Chansey|Chansey, F, shiny|704\/704
|move|p2a: Mamoswine|Stealth Rock|p1a: Chansey
|-sidestart|p1: Mohammad|move: Stealth Rock
|
|turn|7
|
|switch|p2a: Rotom-Wash|Rotom-Wash|304\/304
|move|p1a: Chansey|Seismic Toss|p2a: Rotom-Wash
|-damage|p2a: Rotom-Wash|204\/304
|
|-heal|p2a: Rotom-Wash|223\/304|[from] item: Leftovers
|turn|8
|
|move|p2a: Rotom-Wash|Volt Switch|p1a: Chansey
|-damage|p1a: Chansey|646\/704
|
|switch|p2a: Scizor|Scizor, M|344\/344 slp
|move|p1a: Chansey|Toxic|p2a: Scizor|[miss]
|-miss|p1a: Chansey|p2a: Scizor
|
|turn|9
|
|switch|p1a: Landorus-Therian|Landorus-Therian, M, shiny|210\/382
|-damage|p1a: Landorus-Therian|163\/382|[from] Stealth Rock
|-ability|p1a: Landorus-Therian|Intimidate|[of] p2a: Scizor
|-unboost|p2a: Scizor|atk|1
|cant|p2a: Scizor|slp
|
|-heal|p1a: Landorus-Therian|186\/382|[from] item: Leftovers
|turn|10
|
|move|p1a: Landorus-Therian|Stealth Rock|p2a: Scizor
|-sidestart|p2: Vultures|move: Stealth Rock
|cant|p2a: Scizor|slp
|
|-heal|p1a: Landorus-Therian|209\/382|[from] item: Leftovers
|turn|11
|
|move|p1a: Landorus-Therian|Earthquake|p2a: Scizor
|-damage|p2a: Scizor|122\/344 slp
|-curestatus|p2a: Scizor|slp
|move|p2a: Scizor|U-turn|p1a: Landorus-Therian
|-resisted|p1a: Landorus-Therian
|-damage|p1a: Landorus-Therian|131\/382
|
|switch|p2a: Latios|Latios, M|128\/302
|-damage|p2a: Latios|91\/302|[from] Stealth Rock
|
|-heal|p1a: Landorus-Therian|154\/382|[from] item: Leftovers
|turn|12
|
|move|p2a: Latios|Defog|p1a: Landorus-Therian
|-unboost|p1a: Landorus-Therian|evasion|1
|-sideend|p1: Mohammad|Stealth Rock|[from] move: Defog|[of] p1a: Landorus-Therian
|-sideend|p2: Vultures|Stealth Rock|[from] move: Defog|[of] p2a: Latios
|move|p1a: Landorus-Therian|U-turn|p2a: Latios
|-supereffective|p2a: Latios
|-damage|p2a: Latios|0 fnt
|faint|p2a: Latios
|
|switch|p1a: Chansey|Chansey, F, shiny|646\/704
|
|
|switch|p2a: Salamence|Salamence, M|393\/393
|-ability|p2a: Salamence|Intimidate|[of] p1a: Chansey
|-unboost|p1a: Chansey|atk|1
|turn|13
|
|switch|p1a: Landorus-Therian|Landorus-Therian, M, shiny|154\/382
|-ability|p1a: Landorus-Therian|Intimidate|[of] p2a: Salamence
|-unboost|p2a: Salamence|atk|1
|detailschange|p2a: Salamence|Salamence-Mega, M
|message|Salamence has Mega Evolved into Mega Salamence!
|move|p2a: Salamence|Substitute|p2a: Salamence
|-start|p2a: Salamence|Substitute
|-damage|p2a: Salamence|295\/393
|
|-heal|p1a: Landorus-Therian|177\/382|[from] item: Leftovers
|turn|14
|
|move|p2a: Salamence|Dragon Dance|p2a: Salamence
|-boost|p2a: Salamence|atk|1
|-boost|p2a: Salamence|spe|1
|move|p1a: Landorus-Therian|Stone Edge|p2a: Salamence
|-supereffective|p2a: Salamence
|-end|p2a: Salamence|Substitute
|
|-heal|p1a: Landorus-Therian|200\/382|[from] item: Leftovers
|turn|15
|
|move|p2a: Salamence|Dragon Dance|p2a: Salamence
|-boost|p2a: Salamence|atk|1
|-boost|p2a: Salamence|spe|1
|move|p1a: Landorus-Therian|Stone Edge|p2a: Salamence|[miss]
|-miss|p1a: Landorus-Therian|p2a: Salamence
|
|-heal|p1a: Landorus-Therian|223\/382|[from] item: Leftovers
|turn|16
|c|âMohammad|oh
|
|move|p2a: Salamence|Dragon Dance|p2a: Salamence
|-boost|p2a: Salamence|atk|1
|-boost|p2a: Salamence|spe|1
|move|p1a: Landorus-Therian|Stone Edge|p2a: Salamence
|-supereffective|p2a: Salamence
|-damage|p2a: Salamence|67\/393
|
|-heal|p1a: Landorus-Therian|246\/382|[from] item: Leftovers
|turn|17
|
|move|p2a: Salamence|Roost|p2a: Salamence
|-heal|p2a: Salamence|264\/393
|move|p1a: Landorus-Therian|Stone Edge|p2a: Salamence
|-damage|p2a: Salamence|156\/393
|
|-heal|p1a: Landorus-Therian|269\/382|[from] item: Leftovers
|turn|18
|
|move|p2a: Salamence|Roost|p2a: Salamence
|-heal|p2a: Salamence|353\/393
|move|p1a: Landorus-Therian|Earthquake|p2a: Salamence
|-damage|p2a: Salamence|172\/393
|
|-heal|p1a: Landorus-Therian|292\/382|[from] item: Leftovers
|turn|19
|
|move|p2a: Salamence|Substitute|p2a: Salamence
|-start|p2a: Salamence|Substitute
|-damage|p2a: Salamence|74\/393
|move|p1a: Landorus-Therian|Stone Edge|p2a: Salamence
|-supereffective|p2a: Salamence
|-end|p2a: Salamence|Substitute
|
|-heal|p1a: Landorus-Therian|315\/382|[from] item: Leftovers
|turn|20
|
|move|p2a: Salamence|Roost|p2a: Salamence
|-heal|p2a: Salamence|271\/393
|move|p1a: Landorus-Therian|Stone Edge|p2a: Salamence
|-damage|p2a: Salamence|167\/393
|
|-heal|p1a: Landorus-Therian|338\/382|[from] item: Leftovers
|turn|21
|
|move|p2a: Salamence|Substitute|p2a: Salamence
|-start|p2a: Salamence|Substitute
|-damage|p2a: Salamence|69\/393
|move|p1a: Landorus-Therian|Stone Edge|p2a: Salamence
|-supereffective|p2a: Salamence
|-end|p2a: Salamence|Substitute
|
|-heal|p1a: Landorus-Therian|361\/382|[from] item: Leftovers
|turn|22
|
|move|p2a: Salamence|Roost|p2a: Salamence
|-heal|p2a: Salamence|266\/393
|move|p1a: Landorus-Therian|Stone Edge|p2a: Salamence
|-damage|p2a: Salamence|152\/393
|
|-heal|p1a: Landorus-Therian|382\/382|[from] item: Leftovers
|turn|23
|
|move|p2a: Salamence|Substitute|p2a: Salamence
|-start|p2a: Salamence|Substitute
|-damage|p2a: Salamence|54\/393
|move|p1a: Landorus-Therian|U-turn|p2a: Salamence
|-resisted|p2a: Salamence
|-activate|p2a: Salamence|Substitute|[damage]
|
|switch|p1a: Bisharp|Bisharp, F, shiny|334\/334
|
|turn|24
|
|move|p2a: Salamence|Frustration|p1a: Bisharp
|-resisted|p1a: Bisharp
|-damage|p1a: Bisharp|73\/334
|move|p1a: Bisharp|Iron Head|p2a: Salamence
|-end|p2a: Salamence|Substitute
|-damage|p1a: Bisharp|40\/334|[from] item: Life Orb
|
|turn|25
|
|move|p2a: Salamence|Roost|p2a: Salamence
|-heal|p2a: Salamence|251\/393
|move|p1a: Bisharp|Iron Head|p2a: Salamence
|-damage|p2a: Salamence|102\/393
|-damage|p1a: Bisharp|7\/334|[from] item: Life Orb
|
|turn|26
|
|move|p2a: Salamence|Roost|p2a: Salamence
|-heal|p2a: Salamence|299\/393
|move|p1a: Bisharp|Iron Head|p2a: Salamence
|-damage|p2a: Salamence|131\/393
|-damage|p1a: Bisharp|0 fnt|[from] item: Life Orb
|faint|p1a: Bisharp
|
|
|switch|p1a: Landorus-Therian|Landorus-Therian, M, shiny|382\/382
|-ability|p1a: Landorus-Therian|Intimidate|[of] p2a: Salamence
|-unboost|p2a: Salamence|atk|1
|turn|27
|
|move|p2a: Salamence|Substitute|p2a: Salamence
|-start|p2a: Salamence|Substitute
|-damage|p2a: Salamence|33\/393
|move|p1a: Landorus-Therian|U-turn|p2a: Salamence
|-resisted|p2a: Salamence
|-activate|p2a: Salamence|Substitute|[damage]
|
|switch|p1a: Diancie|Diancie|242\/242
|
|turn|28
|
|move|p2a: Salamence|Frustration|p1a: Diancie
|-resisted|p1a: Diancie
|-damage|p1a: Diancie|89\/242
|move|p1a: Diancie|Moonblast|p2a: Salamence
|-supereffective|p2a: Salamence
|-end|p2a: Salamence|Substitute
|
|turn|29
|
|move|p2a: Salamence|Frustration|p1a: Diancie
|-crit|p1a: Diancie
|-resisted|p1a: Diancie
|-damage|p1a: Diancie|0 fnt
|faint|p1a: Diancie
|
|c|âMohammad|you know this thing is super op
|
|switch|p1a: Landorus-Therian|Landorus-Therian, M, shiny|382\/382
|-ability|p1a: Landorus-Therian|Intimidate|[of] p2a: Salamence
|-unboost|p2a: Salamence|atk|1
|turn|30
|
|move|p2a: Salamence|Roost|p2a: Salamence
|-heal|p2a: Salamence|230\/393
|move|p1a: Landorus-Therian|Earthquake|p2a: Salamence
|-damage|p2a: Salamence|46\/393
|
|turn|31
|
|move|p2a: Salamence|Roost|p2a: Salamence
|-heal|p2a: Salamence|243\/393
|move|p1a: Landorus-Therian|U-turn|p2a: Salamence
|-damage|p2a: Salamence|164\/393
|
|switch|p1a: Chansey|Chansey, F, shiny|646\/704
|
|turn|32
|
|move|p2a: Salamence|Dragon Dance|p2a: Salamence
|-boost|p2a: Salamence|atk|1
|-boost|p2a: Salamence|spe|1
|move|p1a: Chansey|Seismic Toss|p2a: Salamence
|-damage|p2a: Salamence|64\/393
|
|turn|33
|
|move|p2a: Salamence|Roost|p2a: Salamence
|-heal|p2a: Salamence|261\/393
|move|p1a: Chansey|Toxic|p2a: Salamence
|-status|p2a: Salamence|tox
|
|-damage|p2a: Salamence|237\/393 tox|[from] psn
|turn|34
|
|move|p1a: Chansey|Protect|p1a: Chansey
|-singleturn|p1a: Chansey|Protect
|move|p2a: Salamence|Frustration|p1a: Chansey
|-activate|p1a: Chansey|Protect
|
|-damage|p2a: Salamence|189\/393 tox|[from] psn
|turn|35
|
|switch|p1a: Greninja|Greninja, F, shiny|137\/286
|move|p2a: Salamence|Frustration|p1a: Greninja
|-damage|p1a: Greninja|0 fnt
|faint|p1a: Greninja
|
|-damage|p2a: Salamence|117\/393 tox|[from] psn
|
|switch|p1a: Chansey|Chansey, F, shiny|646\/704
|turn|36
|
|move|p2a: Salamence|Roost|p2a: Salamence
|-heal|p2a: Salamence|314\/393 tox
|move|p1a: Chansey|Wish|p1a: Chansey
|
|-damage|p2a: Salamence|218\/393 tox|[from] psn
|turn|37
|
|switch|p1a: Landorus-Therian|Landorus-Therian, M, shiny|382\/382
|-ability|p1a: Landorus-Therian|Intimidate|[of] p2a: Salamence
|-unboost|p2a: Salamence|atk|1
|move|p2a: Salamence|Dragon Dance|p2a: Salamence
|-boost|p2a: Salamence|atk|1
|-boost|p2a: Salamence|spe|1
|
|-damage|p2a: Salamence|98\/393 tox|[from] psn
|turn|38
|
|move|p2a: Salamence|Frustration|p1a: Landorus-Therian
|-damage|p1a: Landorus-Therian|0 fnt
|faint|p1a: Landorus-Therian
|
|-damage|p2a: Salamence|0 fnt|[from] psn
|faint|p2a: Salamence
|
|switch|p2a: Scizor|Scizor, M|122\/344
|switch|p1a: Chansey|Chansey, F, shiny|646\/704
|turn|39
|
|move|p2a: Scizor|Knock Off|p1a: Chansey
|-crit|p1a: Chansey
|-damage|p1a: Chansey|247\/704
|-enditem|p1a: Chansey|Eviolite|[from] move: Knock Off|[of] p2a: Scizor
|move|p1a: Chansey|Seismic Toss|p2a: Scizor
|-damage|p2a: Scizor|22\/344
|
|turn|40
|
|move|p2a: Scizor|Knock Off|p1a: Chansey
|-damage|p1a: Chansey|7\/704
|move|p1a: Chansey|Wish|p1a: Chansey
|
|turn|41
|
|switch|p2a: Mamoswine|Mamoswine, M|1\/361
|move|p1a: Chansey|Protect|p1a: Chansey
|-fail|p1a: Chansey
|
|-heal|p1a: Chansey|359\/704|[from] move: Wish|[wisher] Chansey
|turn|42
|
|move|p1a: Chansey|Protect|p1a: Chansey
|-singleturn|p1a: Chansey|Protect
|move|p2a: Mamoswine|Earthquake|p1a: Chansey
|-activate|p1a: Chansey|Protect
|
|turn|43
|
|move|p2a: Mamoswine|Earthquake|p1a: Chansey
|-damage|p1a: Chansey|0 fnt
|faint|p1a: Chansey
|
|win|Vultures
|raw|Ladder updating...
|c|âVultures|gg
|raw|Mohammad's rating: 1271 &rarr; <strong>1250<\/strong><br \/>(-21 for losing)
|raw|Vultures's rating: 1330 &rarr; <strong>1346<\/strong><br \/>(+16 for winning)
|c|âMohammad|no
|c|âVultures|lol ok
|c|âVultures|get fucked then kiddo