|join|kourage
|join|Mohammad
|player|p1|kourage|102
|player|p2|Mohammad|101
|gametype|singles
|gen|6
|tier|ORAS OU
|rated
|rule|Sleep Clause Mod: Limit one foe put to sleep
|rule|Species Clause: Limit one of each PokÃ©mon
|rule|OHKO Clause: OHKO moves are banned
|rule|Moody Clause: Moody is banned
|rule|Evasion Moves Clause: Evasion moves are banned
|rule|Endless Battle Clause: Forcing endless battles is banned
|rule|HP Percentage Mod: HP is shown in percentages
|clearpoke
|poke|p1|Politoed, M
|poke|p1|Swampert, F
|poke|p1|Ferrothorn, M
|poke|p1|Kingdra, F
|poke|p1|Magnezone
|poke|p1|Mew
|poke|p2|Chansey, F, shiny
|poke|p2|Bisharp, F, shiny
|poke|p2|Greninja, M, shiny
|poke|p2|Landorus-Therian, M, shiny
|poke|p2|Diancie
|poke|p2|Breloom, M, shiny
|rule|Swagger Clause: Swagger is banned
|rule|Baton Pass Clause: Limit one PokÃ©mon knowing Baton Pass
|teampreview
|
|start
|switch|p1a: Politoed|Politoed, M|384\/384
|switch|p2a: Diancie|Diancie|242\/242
|-weather|RainDance
|turn|1
|
|switch|p2a: Chansey|Chansey, F, shiny|704\/704
|move|p1a: Politoed|Scald|p2a: Chansey
|-damage|p2a: Chansey|613\/704
|
|-weather|RainDance|[upkeep]
|turn|2
|
|switch|p1a: Ferrothorn|Ferrothorn, M|352\/352
|move|p2a: Chansey|Wish|p2a: Chansey
|
|-weather|RainDance|[upkeep]
|turn|3
|
|switch|p2a: Bisharp|Bisharp, F, shiny|334\/334
|move|p1a: Ferrothorn|Knock Off|p2a: Bisharp
|-resisted|p2a: Bisharp
|-damage|p2a: Bisharp|297\/334
|-enditem|p2a: Bisharp|Life Orb|[from] move: Knock Off|[of] p1a: Ferrothorn
|
|-weather|RainDance|[upkeep]
|-heal|p2a: Bisharp|334\/334|[from] move: Wish|[wisher] Chansey
|turn|4
|
|move|p2a: Bisharp|Swords Dance|p2a: Bisharp
|-boost|p2a: Bisharp|atk|2
|move|p1a: Ferrothorn|Leech Seed|p2a: Bisharp
|-start|p2a: Bisharp|move: Leech Seed
|
|-weather|RainDance|[upkeep]
|-damage|p2a: Bisharp|293\/334|[from] Leech Seed|[of] p1a: Ferrothorn
|turn|5
|
|move|p2a: Bisharp|Knock Off|p1a: Ferrothorn
|-damage|p1a: Ferrothorn|46\/352
|-damage|p2a: Bisharp|252\/334|[from] ability: Iron Barbs|[of] p1a: Ferrothorn
|-damage|p2a: Bisharp|197\/334|[from] item: Rocky Helmet|[of] p1a: Ferrothorn
|-enditem|p1a: Ferrothorn|Rocky Helmet|[from] move: Knock Off|[of] p2a: Bisharp
|move|p1a: Ferrothorn|Stealth Rock|p2a: Bisharp
|-sidestart|p2: Mohammad|move: Stealth Rock
|
|-weather|RainDance|[upkeep]
|-damage|p2a: Bisharp|156\/334|[from] Leech Seed|[of] p1a: Ferrothorn
|-heal|p1a: Ferrothorn|87\/352|[silent]
|turn|6
|
|move|p2a: Bisharp|Knock Off|p1a: Ferrothorn
|-damage|p1a: Ferrothorn|0 fnt
|-damage|p2a: Bisharp|115\/334|[from] ability: Iron Barbs|[of] p1a: Ferrothorn
|faint|p1a: Ferrothorn
|
|-weather|RainDance|[upkeep]
|
|switch|p1a: Swampert|Swampert, F|341\/341
|turn|7
|
|detailschange|p1a: Swampert|Swampert-Mega, F
|message|Swampert has Mega Evolved into Mega Swampert!
|move|p2a: Bisharp|Sucker Punch|p1a: Swampert
|-damage|p1a: Swampert|62\/341
|move|p1a: Swampert|Waterfall|p2a: Bisharp
|-damage|p2a: Bisharp|0 fnt
|faint|p2a: Bisharp
|
|-weather|RainDance|[upkeep]
|
|switch|p2a: Breloom|Breloom, M, shiny|262\/262
|-damage|p2a: Breloom|246\/262|[from] Stealth Rock
|turn|8
|
|switch|p1a: Mew|Mew|404\/404
|move|p2a: Breloom|Mach Punch|p1a: Mew
|-resisted|p1a: Mew
|-damage|p1a: Mew|367\/404
|
|-weather|none
|-heal|p1a: Mew|392\/404|[from] item: Leftovers
|turn|9
|
|switch|p1a: Politoed|Politoed, M|384\/384
|-weather|RainDance
|move|p2a: Breloom|Spore|p1a: Politoed
|-status|p1a: Politoed|slp
|
|-weather|RainDance|[upkeep]
|turn|10
|
|switch|p1a: Mew|Mew|392\/404
|move|p2a: Breloom|Bullet Seed|p1a: Mew
|-crit|p1a: Mew
|-damage|p1a: Mew|317\/404
|-damage|p1a: Mew|268\/404
|-damage|p1a: Mew|220\/404
|-damage|p1a: Mew|175\/404
|-hitcount|p1a: Mew|4
|
|-weather|RainDance|[upkeep]
|-heal|p1a: Mew|200\/404|[from] item: Leftovers
|turn|11
|
|switch|p2a: Chansey|Chansey, F, shiny|613\/704
|-damage|p2a: Chansey|525\/704|[from] Stealth Rock
|move|p1a: Mew|Roost|p1a: Mew
|-heal|p1a: Mew|402\/404
|
|-weather|RainDance|[upkeep]
|-heal|p1a: Mew|404\/404|[from] item: Leftovers
|turn|12
|
|move|p1a: Mew|Knock Off|p2a: Chansey
|-damage|p2a: Chansey|418\/704
|-enditem|p2a: Chansey|Eviolite|[from] move: Knock Off|[of] p1a: Mew
|move|p2a: Chansey|Wish|p2a: Chansey
|
|-weather|RainDance|[upkeep]
|turn|13
|
|switch|p2a: Greninja|Greninja, M, shiny|286\/286
|-damage|p2a: Greninja|251\/286|[from] Stealth Rock
|move|p1a: Mew|Will-O-Wisp|p2a: Greninja
|-status|p2a: Greninja|brn
|
|-weather|RainDance|[upkeep]
|-heal|p2a: Greninja|286\/286 brn|[from] move: Wish|[wisher] Chansey
|-damage|p2a: Greninja|251\/286 brn|[from] brn
|turn|14
|
|switch|p1a: Kingdra|Kingdra, F|291\/291
|move|p2a: Greninja|Hydro Pump|p1a: Kingdra
|-start|p2a: Greninja|typechange|Water|[from] Protean
|-crit|p1a: Kingdra
|-resisted|p1a: Kingdra
|-damage|p1a: Kingdra|164\/291
|-damage|p2a: Greninja|223\/286 brn|[from] item: Life Orb
|
|-weather|RainDance|[upkeep]
|-damage|p2a: Greninja|188\/286 brn|[from] brn
|turn|15
|
|switch|p2a: Breloom|Breloom, M, shiny|246\/262
|-damage|p2a: Breloom|230\/262|[from] Stealth Rock
|move|p1a: Kingdra|Scald|p2a: Breloom
|-resisted|p2a: Breloom
|-damage|p2a: Breloom|27\/262
|-status|p2a: Breloom|brn
|
|-weather|RainDance|[upkeep]
|-damage|p2a: Breloom|0 fnt|[from] brn
|faint|p2a: Breloom
|
|switch|p2a: Chansey|Chansey, F, shiny|418\/704
|-damage|p2a: Chansey|330\/704|[from] Stealth Rock
|turn|16
|
|switch|p1a: Magnezone|Magnezone|282\/282
|move|p2a: Chansey|Wish|p2a: Chansey
|
|-weather|none
|turn|17
|
|move|p2a: Chansey|Protect|p2a: Chansey
|-singleturn|p2a: Chansey|Protect
|move|p1a: Magnezone|Volt Switch|p2a: Chansey
|-activate|p2a: Chansey|Protect
|
|-heal|p2a: Chansey|682\/704|[from] move: Wish|[wisher] Chansey
|turn|18
|
|switch|p1a: Politoed|Politoed, M|384\/384 slp
|-weather|RainDance
|move|p2a: Chansey|Seismic Toss|p1a: Politoed
|-damage|p1a: Politoed|284\/384 slp
|
|-weather|RainDance|[upkeep]
|turn|19
|
|switch|p1a: Mew|Mew|404\/404
|switch|p2a: Diancie|Diancie|242\/242
|-damage|p2a: Diancie|212\/242|[from] Stealth Rock
|
|-weather|RainDance|[upkeep]
|turn|20
|
|detailschange|p2a: Diancie|Diancie-Mega
|message|Diancie has Mega Evolved into Mega Diancie!
|move|p1a: Mew|Will-O-Wisp|p2a: Diancie
|move|p2a: Diancie|Will-O-Wisp|p1a: Mew|[from]Magic Bounce
|-status|p1a: Mew|brn
|-status|p2a: Diancie|brn
|move|p2a: Diancie|Calm Mind|p2a: Diancie
|-boost|p2a: Diancie|spa|1
|-boost|p2a: Diancie|spd|1
|
|-weather|RainDance|[upkeep]
|-damage|p2a: Diancie|182\/242 brn|[from] brn
|-damage|p1a: Mew|354\/404 brn|[from] brn
|turn|21
|
|switch|p1a: Magnezone|Magnezone|282\/282
|move|p2a: Diancie|Moonblast|p1a: Magnezone
|-resisted|p1a: Magnezone
|-damage|p1a: Magnezone|120\/282
|-unboost|p1a: Magnezone|spa|1
|
|-weather|RainDance|[upkeep]
|-damage|p2a: Diancie|152\/242 brn|[from] brn
|turn|22
|
|move|p1a: Magnezone|Flash Cannon|p2a: Diancie
|-supereffective|p2a: Diancie
|-damage|p2a: Diancie|0 fnt
|faint|p2a: Diancie
|
|-weather|RainDance|[upkeep]
|
|switch|p2a: Chansey|Chansey, F, shiny|682\/704
|-damage|p2a: Chansey|594\/704|[from] Stealth Rock
|turn|23
|
|switch|p1a: Mew|Mew|354\/404 brn
|move|p2a: Chansey|Seismic Toss|p1a: Mew
|-damage|p1a: Mew|254\/404 brn
|
|-weather|RainDance|[upkeep]
|-heal|p1a: Mew|279\/404 brn|[from] item: Leftovers
|-damage|p1a: Mew|229\/404 brn|[from] brn
|turn|24
|
|move|p1a: Mew|Roost|p1a: Mew
|-heal|p1a: Mew|404\/404 brn
|move|p2a: Chansey|Wish|p2a: Chansey
|
|-weather|RainDance|[upkeep]
|-damage|p1a: Mew|354\/404 brn|[from] brn
|turn|25
|
|switch|p2a: Greninja|Greninja, M, shiny|188\/286 brn
|-damage|p2a: Greninja|153\/286 brn|[from] Stealth Rock
|move|p1a: Mew|Knock Off|p2a: Greninja
|-resisted|p2a: Greninja
|-damage|p2a: Greninja|128\/286 brn
|-enditem|p2a: Greninja|Life Orb|[from] move: Knock Off|[of] p1a: Mew
|
|-weather|none
|-heal|p2a: Greninja|286\/286 brn|[from] move: Wish|[wisher] Chansey
|-heal|p1a: Mew|379\/404 brn|[from] item: Leftovers
|-damage|p2a: Greninja|251\/286 brn|[from] brn
|-damage|p1a: Mew|329\/404 brn|[from] brn
|turn|26
|
|move|p2a: Greninja|Hidden Power|p1a: Mew
|-start|p2a: Greninja|typechange|Grass|[from] Protean
|-damage|p1a: Mew|230\/404 brn
|move|p1a: Mew|Roost|p1a: Mew
|-heal|p1a: Mew|404\/404 brn
|
|-damage|p2a: Greninja|216\/286 brn|[from] brn
|-damage|p1a: Mew|354\/404 brn|[from] brn
|turn|27
|
|switch|p1a: Magnezone|Magnezone|120\/282
|move|p2a: Greninja|Dark Pulse|p1a: Magnezone
|-start|p2a: Greninja|typechange|Dark|[from] Protean
|-damage|p1a: Magnezone|0 fnt
|faint|p1a: Magnezone
|
|-damage|p2a: Greninja|181\/286 brn|[from] brn
|
|switch|p1a: Politoed|Politoed, M|284\/384 slp
|-weather|RainDance
|turn|28
|
|move|p2a: Greninja|Hidden Power|p1a: Politoed
|-start|p2a: Greninja|typechange|Grass|[from] Protean
|-supereffective|p1a: Politoed
|-damage|p1a: Politoed|102\/384 slp
|cant|p1a: Politoed|slp
|
|-weather|RainDance|[upkeep]
|-damage|p2a: Greninja|146\/286 brn|[from] brn
|turn|29
|
|move|p2a: Greninja|Dark Pulse|p1a: Politoed
|-start|p2a: Greninja|typechange|Dark|[from] Protean
|-damage|p1a: Politoed|0 fnt
|faint|p1a: Politoed
|
|-weather|RainDance|[upkeep]
|-damage|p2a: Greninja|111\/286 brn|[from] brn
|
|switch|p1a: Swampert|Swampert-Mega, F|62\/341
|turn|30
|
|switch|p2a: Landorus-Therian|Landorus-Therian, M, shiny|382\/382
|-damage|p2a: Landorus-Therian|335\/382|[from] Stealth Rock
|-ability|p2a: Landorus-Therian|Intimidate|[of] p1a: Swampert
|-unboost|p1a: Swampert|atk|1
|move|p1a: Swampert|Waterfall|p2a: Landorus-Therian
|-supereffective|p2a: Landorus-Therian
|-damage|p2a: Landorus-Therian|0 fnt
|faint|p2a: Landorus-Therian
|
|-weather|RainDance|[upkeep]
|
|switch|p2a: Chansey|Chansey, F, shiny|594\/704
|-damage|p2a: Chansey|506\/704|[from] Stealth Rock
|turn|31
|
|move|p2a: Chansey|Protect|p2a: Chansey
|-singleturn|p2a: Chansey|Protect
|move|p1a: Swampert|Superpower|p2a: Chansey
|-activate|p2a: Chansey|Protect
|
|-weather|RainDance|[upkeep]
|turn|32
|
|move|p1a: Swampert|Superpower|p2a: Chansey
|-supereffective|p2a: Chansey
|-damage|p2a: Chansey|84\/704
|-unboost|p1a: Swampert|atk|1
|-unboost|p1a: Swampert|def|1
|move|p2a: Chansey|Wish|p2a: Chansey
|
|-weather|RainDance|[upkeep]
|turn|33
|
|move|p2a: Chansey|Protect|p2a: Chansey
|-singleturn|p2a: Chansey|Protect
|move|p1a: Swampert|Superpower|p2a: Chansey
|-activate|p2a: Chansey|Protect
|
|-weather|RainDance|[upkeep]
|-heal|p2a: Chansey|436\/704|[from] move: Wish|[wisher] Chansey
|turn|34
|
|move|p1a: Swampert|Waterfall|p2a: Chansey
|-damage|p2a: Chansey|196\/704
|move|p2a: Chansey|Seismic Toss|p1a: Swampert
|-damage|p1a: Swampert|0 fnt
|faint|p1a: Swampert
|
|-weather|RainDance|[upkeep]
|
|switch|p1a: Kingdra|Kingdra, F|164\/291
|turn|35
|
|move|p2a: Chansey|Protect|p2a: Chansey
|-singleturn|p2a: Chansey|Protect
|move|p1a: Kingdra|Draco Meteor|p2a: Chansey
|-activate|p2a: Chansey|Protect
|
|-weather|none
|turn|36
|
|move|p1a: Kingdra|Draco Meteor|p2a: Chansey
|-damage|p2a: Chansey|0 fnt
|-unboost|p1a: Kingdra|spa|2
|faint|p2a: Chansey
|
|
|switch|p2a: Greninja|Greninja, M, shiny|111\/286 brn
|-damage|p2a: Greninja|76\/286 brn|[from] Stealth Rock
|turn|37
|
|switch|p1a: Mew|Mew|354\/404 brn
|move|p2a: Greninja|Dark Pulse|p1a: Mew
|-start|p2a: Greninja|typechange|Dark|[from] Protean
|-supereffective|p1a: Mew
|-damage|p1a: Mew|100\/404 brn
|
|-heal|p1a: Mew|125\/404 brn|[from] item: Leftovers
|-damage|p2a: Greninja|41\/286 brn|[from] brn
|-damage|p1a: Mew|75\/404 brn|[from] brn
|turn|38
|c|âkourage|gg
|
|move|p2a: Greninja|Dark Pulse|p1a: Mew
|-supereffective|p1a: Mew
|-damage|p1a: Mew|0 fnt
|faint|p1a: Mew
|
|-damage|p2a: Greninja|6\/286 brn|[from] brn
|
|switch|p1a: Kingdra|Kingdra, F|164\/291
|turn|39
|
|move|p2a: Greninja|Ice Beam|p1a: Kingdra
|-start|p2a: Greninja|typechange|Ice|[from] Protean
|-crit|p1a: Kingdra
|-damage|p1a: Kingdra|0 fnt
|faint|p1a: Kingdra
|
|win|Mohammad
|raw|Ladder updating...
|raw|kourage's rating: 1275 &rarr; <strong>1255<\/strong><br \/>(-20 for losing)
|raw|Mohammad's rating: 1334 &rarr; <strong>1351<\/strong><br \/>(+17 for winning)