|join|Mohammad
|join|MFM lv. â
|player|p1|Mohammad|265
|player|p2|MFM lv. â|146
|gametype|singles
|gen|6
|tier|ORAS OU
|rated
|rule|Sleep Clause Mod: Limit one foe put to sleep
|rule|Species Clause: Limit one of each PokÃ©mon
|rule|OHKO Clause: OHKO moves are banned
|rule|Moody Clause: Moody is banned
|rule|Evasion Moves Clause: Evasion moves are banned
|rule|Endless Battle Clause: Forcing endless battles is banned
|rule|HP Percentage Mod: HP is shown in percentages
|clearpoke
|poke|p1|Diancie
|poke|p1|Chansey, F, shiny
|poke|p1|Breloom, F, shiny
|poke|p1|Bisharp, M, shiny
|poke|p1|Greninja, F, shiny
|poke|p1|Landorus-Therian, M, shiny
|poke|p2|Lopunny, F
|poke|p2|Greninja, M
|poke|p2|Landorus-Therian, M
|poke|p2|Azumarill, F, shiny
|poke|p2|Heatran, M, shiny
|poke|p2|Latios, M
|rule|Swagger Clause: Swagger is banned
|rule|Baton Pass Clause: Limit one PokÃ©mon knowing Baton Pass
|teampreview
|
|start
|switch|p1a: Diancie|Diancie|242\/242
|switch|p2a: Habits|Landorus-Therian, M|341\/341
|-ability|p2a: Habits|Intimidate|[of] p1a: Diancie
|-fail|p1a: Diancie|unboost|[from] ability: Clear Body|[of] p1a: Diancie
|turn|1
|
|switch|p1a: Landorus-Therian|Landorus-Therian, M, shiny|382\/382
|-ability|p1a: Landorus-Therian|Intimidate|[of] p2a: Habits
|-unboost|p2a: Habits|atk|1
|move|p2a: Habits|U-turn|p1a: Landorus-Therian
|-resisted|p1a: Landorus-Therian
|-damage|p1a: Landorus-Therian|349\/382
|
|switch|p2a: Lolita|Lopunny, F|295\/295
|
|-heal|p1a: Landorus-Therian|372\/382|[from] item: Leftovers
|turn|2
|
|detailschange|p2a: Lolita|Lopunny-Mega, F
|message|Lopunny has Mega Evolved into Mega Lopunny!
|move|p2a: Lolita|Ice Punch|p1a: Landorus-Therian
|-supereffective|p1a: Landorus-Therian
|-damage|p1a: Landorus-Therian|0 fnt
|faint|p1a: Landorus-Therian
|
|
|switch|p1a: Diancie|Diancie|242\/242
|turn|3
|
|switch|p2a: Habits|Landorus-Therian, M|341\/341
|-ability|p2a: Habits|Intimidate|[of] p1a: Diancie
|-fail|p1a: Diancie|unboost|[from] ability: Clear Body|[of] p1a: Diancie
|detailschange|p1a: Diancie|Diancie-Mega
|message|Diancie has Mega Evolved into Mega Diancie!
|move|p1a: Diancie|Moonblast|p2a: Habits
|-crit|p2a: Habits
|-damage|p2a: Habits|0 fnt
|faint|p2a: Habits
|
|
|switch|p2a: Weigh Me Down|Heatran, M, shiny|337\/337
|-item|p2a: Weigh Me Down|Air Balloon
|turn|4
|
|move|p1a: Diancie|Ancient Power|p2a: Weigh Me Down
|-damage|p2a: Weigh Me Down|211\/337
|-enditem|p2a: Weigh Me Down|Air Balloon
|move|p2a: Weigh Me Down|Flash Cannon|p1a: Diancie
|-supereffective|p1a: Diancie
|-damage|p1a: Diancie|0 fnt
|faint|p1a: Diancie
|
|
|switch|p1a: Breloom|Breloom, F, shiny|262\/262
|turn|5
|
|move|p1a: Breloom|Mach Punch|p2a: Weigh Me Down
|-supereffective|p2a: Weigh Me Down
|-damage|p2a: Weigh Me Down|0 fnt
|-damage|p1a: Breloom|236\/262|[from] item: Life Orb
|faint|p2a: Weigh Me Down
|
|
|switch|p2a: The Beat|Latios, M|302\/302
|turn|6
|
|switch|p1a: Chansey|Chansey, F, shiny|704\/704
|move|p2a: The Beat|Hidden Power|p1a: Chansey
|-supereffective|p1a: Chansey
|-damage|p1a: Chansey|584\/704
|-damage|p2a: The Beat|272\/302|[from] item: Life Orb
|
|turn|7
|
|switch|p1a: Breloom|Breloom, F, shiny|236\/262
|move|p2a: The Beat|Psyshock|p1a: Breloom
|-supereffective|p1a: Breloom
|-damage|p1a: Breloom|0 fnt
|-damage|p2a: The Beat|242\/302|[from] item: Life Orb
|faint|p1a: Breloom
|
|
|switch|p1a: Greninja|Greninja, F, shiny|286\/286
|turn|8
|
|move|p1a: Greninja|Ice Beam|p2a: The Beat
|-start|p1a: Greninja|typechange|Ice|[from] Protean
|-supereffective|p2a: The Beat
|-damage|p2a: The Beat|0 fnt
|-damage|p1a: Greninja|258\/286|[from] item: Life Orb
|faint|p2a: The Beat
|
|
|switch|p2a: Lolita|Lopunny-Mega, F|295\/295
|turn|9
|
|move|p2a: Lolita|High Jump Kick|p1a: Greninja
|-supereffective|p1a: Greninja
|-damage|p1a: Greninja|0 fnt
|faint|p1a: Greninja
|
|
|switch|p1a: Chansey|Chansey, F, shiny|584\/704
|turn|10
|
|move|p1a: Chansey|Protect|p1a: Chansey
|-singleturn|p1a: Chansey|Protect
|move|p2a: Lolita|High Jump Kick|p1a: Chansey
|-activate|p1a: Chansey|Protect
|-damage|p2a: Lolita|148\/295|[from] highjumpkick
|
|turn|11
|
|move|p1a: Chansey|Protect|p1a: Chansey
|-fail|p1a: Chansey
|move|p2a: Lolita|High Jump Kick|p1a: Chansey
|-supereffective|p1a: Chansey
|-damage|p1a: Chansey|0 fnt
|faint|p1a: Chansey
|
|-message|Mohammad forfeited.
|
|win|MFM lv. â
|raw|Ladder updating...
|leave|Mohammad
|player|p1
|raw|Mohammad's rating: 1336 &rarr; <strong>1310<\/strong><br \/>(-26 for losing)
|raw|MFM lv. â's rating: 1233 &rarr; <strong>1265<\/strong><br \/>(+32 for winning)