|join|Mohammad
|join|Max Speed Mandibuz
|player|p1|Mohammad|239
|player|p2|Max Speed Mandibuz|266
|gametype|singles
|gen|6
|tier|ORAS OU
|rated
|rule|Sleep Clause Mod: Limit one foe put to sleep
|rule|Species Clause: Limit one of each PokÃ©mon
|rule|OHKO Clause: OHKO moves are banned
|rule|Moody Clause: Moody is banned
|rule|Evasion Moves Clause: Evasion moves are banned
|rule|Endless Battle Clause: Forcing endless battles is banned
|rule|HP Percentage Mod: HP is shown in percentages
|clearpoke
|poke|p1|Landorus-Therian, M, shiny
|poke|p1|Chansey, F, shiny
|poke|p1|Togekiss, M, shiny
|poke|p1|Ferrothorn, F, shiny
|poke|p1|Gallade, M, shiny
|poke|p1|Greninja, M, shiny
|poke|p2|Salamence, F
|poke|p2|Landorus-Therian, M
|poke|p2|Rotom-Wash
|poke|p2|Heatran, F
|poke|p2|Azumarill, M
|poke|p2|Breloom, M
|rule|Swagger Clause: Swagger is banned
|rule|Baton Pass Clause: Limit one PokÃ©mon knowing Baton Pass
|teampreview
|
|start
|switch|p1a: Gallade|Gallade, M, shiny|278\/278
|switch|p2a: Breloom|Breloom, M|279\/279
|turn|1
|
|switch|p1a: Ferrothorn|Ferrothorn, F, shiny|352\/352
|move|p2a: Breloom|Spore|p1a: Ferrothorn
|-fail|p1a: Ferrothorn
|
|-status|p2a: Breloom|tox|[from] item: Toxic Orb
|turn|2
|
|-singleturn|p2a: Breloom|move: Focus Punch
|move|p1a: Ferrothorn|Gyro Ball|p2a: Breloom
|-damage|p2a: Breloom|96\/279 tox
|cant|p2a: Breloom|Focus Punch|Focus Punch
|
|-heal|p2a: Breloom|130\/279 tox|[from] ability: Poison Heal
|turn|3
|
|switch|p2a: Rotom-Wash|Rotom-Wash|304\/304
|move|p1a: Ferrothorn|Bulldoze|p2a: Rotom-Wash
|-immune|p2a: Rotom-Wash|[msg]
|
|turn|4
|
|move|p1a: Ferrothorn|Protect|p1a: Ferrothorn
|-singleturn|p1a: Ferrothorn|Protect
|move|p2a: Rotom-Wash|Will-O-Wisp|p1a: Ferrothorn
|-activate|p1a: Ferrothorn|Protect
|
|turn|5
|
|switch|p1a: Chansey|Chansey, F, shiny|704\/704
|move|p2a: Rotom-Wash|Volt Switch|p1a: Chansey
|-damage|p1a: Chansey|652\/704
|
|switch|p2a: Breloom|Breloom, M|130\/279 tox
|
|-heal|p2a: Breloom|164\/279 tox|[from] ability: Poison Heal
|turn|6
|
|move|p2a: Breloom|Substitute|p2a: Breloom
|-start|p2a: Breloom|Substitute
|-damage|p2a: Breloom|95\/279 tox
|move|p1a: Chansey|Seismic Toss|p2a: Breloom
|-end|p2a: Breloom|Substitute
|
|-heal|p2a: Breloom|129\/279 tox|[from] ability: Poison Heal
|turn|7
|
|switch|p1a: Ferrothorn|Ferrothorn, F, shiny|352\/352
|move|p2a: Breloom|Spore|p1a: Ferrothorn
|-fail|p1a: Ferrothorn
|
|-heal|p2a: Breloom|163\/279 tox|[from] ability: Poison Heal
|turn|8
|
|switch|p2a: Rotom-Wash|Rotom-Wash|304\/304
|move|p1a: Ferrothorn|Gyro Ball|p2a: Rotom-Wash
|-crit|p2a: Rotom-Wash
|-resisted|p2a: Rotom-Wash
|-damage|p2a: Rotom-Wash|265\/304
|
|-heal|p2a: Rotom-Wash|284\/304|[from] item: Leftovers
|turn|9
|
|switch|p1a: Chansey|Chansey, F, shiny|652\/704
|move|p2a: Rotom-Wash|Will-O-Wisp|p1a: Chansey
|-status|p1a: Chansey|brn
|
|-heal|p2a: Rotom-Wash|303\/304|[from] item: Leftovers
|-damage|p1a: Chansey|564\/704 brn|[from] brn
|turn|10
|
|move|p2a: Rotom-Wash|Volt Switch|p1a: Chansey
|-damage|p1a: Chansey|509\/704 brn
|
|switch|p2a: Azumarill|Azumarill, M|376\/376
|move|p1a: Chansey|Wish|p1a: Chansey
|
|-damage|p1a: Chansey|421\/704 brn|[from] brn
|turn|11
|
|switch|p1a: Ferrothorn|Ferrothorn, F, shiny|352\/352
|move|p2a: Azumarill|Knock Off|p1a: Ferrothorn
|-damage|p1a: Ferrothorn|263\/352
|-damage|p2a: Azumarill|329\/376|[from] ability: Iron Barbs|[of] p1a: Ferrothorn
|-damage|p2a: Azumarill|267\/376|[from] item: Rocky Helmet|[of] p1a: Ferrothorn
|-enditem|p1a: Ferrothorn|Rocky Helmet|[from] move: Knock Off|[of] p2a: Azumarill
|
|-heal|p1a: Ferrothorn|352\/352|[from] move: Wish|[wisher] Chansey
|turn|12
|
|switch|p2a: Rotom-Wash|Rotom-Wash|303\/304
|switch|p1a: Gallade|Gallade, M, shiny|278\/278
|
|-heal|p2a: Rotom-Wash|304\/304|[from] item: Leftovers
|turn|13
|
|switch|p1a: Chansey|Chansey, F, shiny|421\/704
|move|p2a: Rotom-Wash|Will-O-Wisp|p1a: Chansey
|-status|p1a: Chansey|brn
|
|-damage|p1a: Chansey|333\/704 brn|[from] brn
|turn|14
|
|move|p2a: Rotom-Wash|Volt Switch|p1a: Chansey
|-damage|p1a: Chansey|278\/704 brn
|
|switch|p2a: Salamence|Salamence, F|351\/351
|-ability|p2a: Salamence|Intimidate|[of] p1a: Chansey
|-unboost|p1a: Chansey|atk|1
|move|p1a: Chansey|Wish|p1a: Chansey
|
|-damage|p1a: Chansey|190\/704 brn|[from] brn
|turn|15
|
|detailschange|p2a: Salamence|Salamence-Mega, F
|message|Salamence has Mega Evolved into Mega Salamence!
|move|p2a: Salamence|Substitute|p2a: Salamence
|-start|p2a: Salamence|Substitute
|-damage|p2a: Salamence|264\/351
|move|p1a: Chansey|Seismic Toss|p2a: Salamence
|-end|p2a: Salamence|Substitute
|
|-heal|p1a: Chansey|542\/704 brn|[from] move: Wish|[wisher] Chansey
|-damage|p1a: Chansey|454\/704 brn|[from] brn
|turn|16
|
|move|p2a: Salamence|Dragon Dance|p2a: Salamence
|-boost|p2a: Salamence|atk|1
|-boost|p2a: Salamence|spe|1
|move|p1a: Chansey|Seismic Toss|p2a: Salamence
|-damage|p2a: Salamence|164\/351
|
|-damage|p1a: Chansey|366\/704 brn|[from] brn
|turn|17
|
|move|p2a: Salamence|Roost|p2a: Salamence
|-heal|p2a: Salamence|340\/351
|move|p1a: Chansey|Toxic|p2a: Salamence
|-status|p2a: Salamence|tox
|
|-damage|p2a: Salamence|319\/351 tox|[from] psn
|-damage|p1a: Chansey|278\/704 brn|[from] brn
|turn|18
|
|switch|p1a: Landorus-Therian|Landorus-Therian, M, shiny|382\/382
|-ability|p1a: Landorus-Therian|Intimidate|[of] p2a: Salamence
|-unboost|p2a: Salamence|atk|1
|move|p2a: Salamence|Return|p1a: Landorus-Therian
|-damage|p1a: Landorus-Therian|109\/382
|
|-heal|p1a: Landorus-Therian|132\/382|[from] item: Leftovers
|-damage|p2a: Salamence|277\/351 tox|[from] psn
|turn|19
|
|switch|p1a: Ferrothorn|Ferrothorn, F, shiny|352\/352
|move|p2a: Salamence|Return|p1a: Ferrothorn
|-damage|p1a: Ferrothorn|196\/352
|-damage|p2a: Salamence|234\/351 tox|[from] ability: Iron Barbs|[of] p1a: Ferrothorn
|
|-damage|p2a: Salamence|171\/351 tox|[from] psn
|turn|20
|
|switch|p2a: Breloom|Breloom, M|163\/279 tox
|move|p1a: Ferrothorn|Protect|p1a: Ferrothorn
|-fail|p1a: Ferrothorn
|
|-heal|p2a: Breloom|197\/279 tox|[from] ability: Poison Heal
|turn|21
|
|move|p2a: Breloom|Substitute|p2a: Breloom
|-start|p2a: Breloom|Substitute
|-damage|p2a: Breloom|128\/279 tox
|move|p1a: Ferrothorn|Gyro Ball|p2a: Breloom
|-end|p2a: Breloom|Substitute
|
|-heal|p2a: Breloom|162\/279 tox|[from] ability: Poison Heal
|turn|22
|
|switch|p2a: Rotom-Wash|Rotom-Wash|304\/304
|move|p1a: Ferrothorn|Leech Seed|p2a: Rotom-Wash
|-start|p2a: Rotom-Wash|move: Leech Seed
|
|-damage|p2a: Rotom-Wash|266\/304|[from] Leech Seed|[of] p1a: Ferrothorn
|-heal|p1a: Ferrothorn|234\/352|[silent]
|turn|23
|
|move|p1a: Ferrothorn|Protect|p1a: Ferrothorn
|-singleturn|p1a: Ferrothorn|Protect
|move|p2a: Rotom-Wash|Volt Switch|p1a: Ferrothorn
|-activate|p1a: Ferrothorn|Protect
|
|-heal|p2a: Rotom-Wash|285\/304|[from] item: Leftovers
|-damage|p2a: Rotom-Wash|247\/304|[from] Leech Seed|[of] p1a: Ferrothorn
|-heal|p1a: Ferrothorn|272\/352|[silent]
|turn|24
|c|âMohammad|salamence is so freking overpowered >.<
|
|switch|p1a: Chansey|Chansey, F, shiny|278\/704
|move|p2a: Rotom-Wash|Will-O-Wisp|p1a: Chansey
|-status|p1a: Chansey|brn
|
|-heal|p2a: Rotom-Wash|266\/304|[from] item: Leftovers
|-damage|p2a: Rotom-Wash|228\/304|[from] Leech Seed|[of] p1a: Chansey
|-heal|p1a: Chansey|316\/704 brn|[silent]
|-damage|p1a: Chansey|228\/704 brn|[from] brn
|turn|25
|
|move|p1a: Chansey|Protect|p1a: Chansey
|-singleturn|p1a: Chansey|Protect
|move|p2a: Rotom-Wash|Volt Switch|p1a: Chansey
|-activate|p1a: Chansey|Protect
|
|-heal|p2a: Rotom-Wash|247\/304|[from] item: Leftovers
|-damage|p2a: Rotom-Wash|209\/304|[from] Leech Seed|[of] p1a: Chansey
|-heal|p1a: Chansey|266\/704 brn|[silent]
|-damage|p1a: Chansey|178\/704 brn|[from] brn
|turn|26
|
|move|p2a: Rotom-Wash|Volt Switch|p1a: Chansey
|-damage|p1a: Chansey|123\/704 brn
|
|switch|p2a: Breloom|Breloom, M|162\/279 tox
|move|p1a: Chansey|Wish|p1a: Chansey
|
|-heal|p2a: Breloom|196\/279 tox|[from] ability: Poison Heal
|-damage|p1a: Chansey|35\/704 brn|[from] brn
|turn|27
|
|move|p1a: Chansey|Protect|p1a: Chansey
|-singleturn|p1a: Chansey|Protect
|move|p2a: Breloom|Substitute|p2a: Breloom
|-start|p2a: Breloom|Substitute
|-damage|p2a: Breloom|127\/279 tox
|
|-heal|p1a: Chansey|387\/704 brn|[from] move: Wish|[wisher] Chansey
|-heal|p2a: Breloom|161\/279 tox|[from] ability: Poison Heal
|-damage|p1a: Chansey|299\/704 brn|[from] brn
|turn|28
|
|-singleturn|p2a: Breloom|move: Focus Punch
|switch|p1a: Togekiss|Togekiss, M, shiny|374\/374
|move|p2a: Breloom|Focus Punch|p1a: Togekiss
|-resisted|p1a: Togekiss
|-damage|p1a: Togekiss|296\/374
|
|-heal|p1a: Togekiss|319\/374|[from] item: Leftovers
|-heal|p2a: Breloom|195\/279 tox|[from] ability: Poison Heal
|turn|29
|
|switch|p1a: Ferrothorn|Ferrothorn, F, shiny|272\/352
|move|p2a: Breloom|Spore|p1a: Ferrothorn
|-fail|p1a: Ferrothorn
|
|-heal|p2a: Breloom|229\/279 tox|[from] ability: Poison Heal
|turn|30
|
|-singleturn|p2a: Breloom|move: Focus Punch
|move|p1a: Ferrothorn|Gyro Ball|p2a: Breloom
|-crit|p2a: Breloom
|-end|p2a: Breloom|Substitute
|move|p2a: Breloom|Focus Punch|p1a: Ferrothorn
|-supereffective|p1a: Ferrothorn
|-damage|p1a: Ferrothorn|0 fnt
|-damage|p2a: Breloom|195\/279 tox|[from] ability: Iron Barbs|[of] p1a: Ferrothorn
|faint|p1a: Ferrothorn
|
|-heal|p2a: Breloom|229\/279 tox|[from] ability: Poison Heal
|
|switch|p1a: Gallade|Gallade, M, shiny|278\/278
|turn|31
|
|detailschange|p1a: Gallade|Gallade-Mega, M, shiny
|message|Gallade has Mega Evolved into Mega Gallade!
|move|p1a: Gallade|Swords Dance|p1a: Gallade
|-boost|p1a: Gallade|atk|2
|move|p2a: Breloom|Spore|p1a: Gallade
|-status|p1a: Gallade|slp
|
|-heal|p2a: Breloom|263\/279 tox|[from] ability: Poison Heal
|turn|32
|
|switch|p2a: Salamence|Salamence-Mega, F|171\/351 tox
|cant|p1a: Gallade|slp
|
|-damage|p2a: Salamence|150\/351 tox|[from] psn
|turn|33
|
|move|p2a: Salamence|Return|p1a: Gallade
|-supereffective|p1a: Gallade
|-damage|p1a: Gallade|0 fnt
|faint|p1a: Gallade
|
|-damage|p2a: Salamence|108\/351 tox|[from] psn
|
|switch|p1a: Greninja|Greninja, M, shiny|286\/286
|turn|34
|
|move|p1a: Greninja|Extrasensory|p2a: Salamence
|-start|p1a: Greninja|typechange|Psychic|[from] Protean
|-damage|p2a: Salamence|0 fnt
|-damage|p1a: Greninja|258\/286|[from] item: Life Orb
|faint|p2a: Salamence
|
|
|switch|p2a: Azumarill|Azumarill, M|267\/376
|turn|35
|
|switch|p2a: Heatran|Heatran, F|323\/323
|move|p1a: Greninja|Grass Knot|p2a: Heatran
|-start|p1a: Greninja|typechange|Grass|[from] Protean
|-resisted|p2a: Heatran
|-damage|p2a: Heatran|271\/323
|-damage|p1a: Greninja|230\/286|[from] item: Life Orb
|
|turn|36
|
|switch|p1a: Chansey|Chansey, F, shiny|299\/704
|move|p2a: Heatran|Flamethrower|p1a: Chansey
|-damage|p1a: Chansey|193\/704
|-status|p1a: Chansey|brn
|
|-damage|p1a: Chansey|105\/704 brn|[from] brn
|turn|37
|
|move|p2a: Heatran|Flamethrower|p1a: Chansey
|-damage|p1a: Chansey|9\/704 brn
|move|p1a: Chansey|Wish|p1a: Chansey
|
|-damage|p1a: Chansey|0 fnt|[from] brn
|faint|p1a: Chansey
|
|switch|p1a: Greninja|Greninja, M, shiny|230\/286
|turn|38
|
|switch|p2a: Azumarill|Azumarill, M|267\/376
|move|p1a: Greninja|Hydro Pump|p2a: Azumarill
|-start|p1a: Greninja|typechange|Water|[from] Protean
|-resisted|p2a: Azumarill
|-damage|p2a: Azumarill|197\/376
|-damage|p1a: Greninja|202\/286|[from] item: Life Orb
|
|-heal|p1a: Greninja|286\/286|[from] move: Wish|[wisher] Chansey
|turn|39
|
|move|p1a: Greninja|Grass Knot|p2a: Azumarill
|-start|p1a: Greninja|typechange|Grass|[from] Protean
|-supereffective|p2a: Azumarill
|-damage|p2a: Azumarill|23\/376
|-damage|p1a: Greninja|258\/286|[from] item: Life Orb
|move|p2a: Azumarill|Play Rough|p1a: Greninja
|-crit|p1a: Greninja
|-damage|p1a: Greninja|0 fnt
|faint|p1a: Greninja
|
|-message|Mohammad forfeited.
|
|win|Max Speed Mandibuz
|raw|Ladder updating...
|leave|Mohammad
|player|p1
|raw|Mohammad's rating: 1360 &rarr; <strong>1334<\/strong><br \/>(-26 for losing)
|raw|Max Speed Mandibuz's rating: 1249 &rarr; <strong>1281<\/strong><br \/>(+32 for winning)