|join|Mohammad
|join|taco night '98
|player|p1|Mohammad|239
|player|p2|taco night '98|170
|gametype|singles
|gen|6
|tier|ORAS OU
|rated
|rule|Sleep Clause Mod: Limit one foe put to sleep
|rule|Species Clause: Limit one of each PokÃ©mon
|rule|OHKO Clause: OHKO moves are banned
|rule|Moody Clause: Moody is banned
|rule|Evasion Moves Clause: Evasion moves are banned
|rule|Endless Battle Clause: Forcing endless battles is banned
|rule|HP Percentage Mod: HP is shown in percentages
|clearpoke
|poke|p1|Landorus-Therian, M, shiny
|poke|p1|Chansey, F, shiny
|poke|p1|Togekiss, F, shiny
|poke|p1|Ferrothorn, F, shiny
|poke|p1|Gallade, M, shiny
|poke|p1|Greninja, M, shiny
|poke|p2|Salamence, F
|poke|p2|Magnezone
|poke|p2|Magneton
|poke|p2|Staraptor, F
|poke|p2|Talonflame, F
|poke|p2|Latias, F
|rule|Swagger Clause: Swagger is banned
|rule|Baton Pass Clause: Limit one PokÃ©mon knowing Baton Pass
|teampreview
|
|start
|switch|p1a: Landorus-Therian|Landorus-Therian, M, shiny|382\/382
|switch|p2a: Magneton|Magneton|242\/242
|-ability|p1a: Landorus-Therian|Intimidate|[of] p2a: Magneton
|-unboost|p2a: Magneton|atk|1
|turn|1
|
|switch|p2a: Staraptor|Staraptor, F|312\/312
|switch|p1a: Chansey|Chansey, F, shiny|704\/704
|
|turn|2
|join|TehFatPanda
|join|skinnykenny89
|
|switch|p1a: Ferrothorn|Ferrothorn, F, shiny|352\/352
|move|p2a: Staraptor|U-turn|p1a: Ferrothorn
|-damage|p1a: Ferrothorn|278\/352
|-damage|p2a: Staraptor|273\/312|[from] ability: Iron Barbs|[of] p1a: Ferrothorn
|-damage|p2a: Staraptor|221\/312|[from] item: Rocky Helmet|[of] p1a: Ferrothorn
|
|switch|p2a: Magnezone|Magnezone|344\/344
|
|turn|3
|leave|skinnykenny89
|
|move|p2a: Magnezone|Hidden Power|p1a: Ferrothorn
|-supereffective|p1a: Ferrothorn
|-damage|p1a: Ferrothorn|0 fnt
|faint|p1a: Ferrothorn
|
|
|switch|p1a: Gallade|Gallade, M, shiny|278\/278
|turn|4
|
|switch|p2a: Salamence|Salamence, F|331\/331
|-ability|p2a: Salamence|Intimidate|[of] p1a: Gallade
|-unboost|p1a: Gallade|atk|1
|detailschange|p1a: Gallade|Gallade-Mega, M, shiny
|message|Gallade has Mega Evolved into Mega Gallade!
|move|p1a: Gallade|Ice Punch|p2a: Salamence
|-supereffective|p2a: Salamence
|-damage|p2a: Salamence|67\/331
|
|turn|5
|
|switch|p2a: Magneton|Magneton|242\/242
|move|p1a: Gallade|Zen Headbutt|p2a: Magneton
|-resisted|p2a: Magneton
|-damage|p2a: Magneton|185\/242
|
|turn|6
|
|move|p2a: Magneton|Volt Switch|p1a: Gallade
|-damage|p1a: Gallade|182\/278
|
|switch|p2a: Talonflame|Talonflame, F|298\/298
|move|p1a: Gallade|Close Combat|p2a: Talonflame
|-resisted|p2a: Talonflame
|-damage|p2a: Talonflame|185\/298
|-unboost|p1a: Gallade|def|1
|-unboost|p1a: Gallade|spd|1
|
|turn|7
|
|switch|p1a: Chansey|Chansey, F, shiny|704\/704
|move|p2a: Talonflame|U-turn|p1a: Chansey
|-damage|p1a: Chansey|593\/704
|
|switch|p2a: Staraptor|Staraptor, F|221\/312
|
|turn|8
|
|move|p2a: Staraptor|Close Combat|p1a: Chansey
|-supereffective|p1a: Chansey
|-damage|p1a: Chansey|27\/704
|-unboost|p2a: Staraptor|def|1
|-unboost|p2a: Staraptor|spd|1
|move|p1a: Chansey|Seismic Toss|p2a: Staraptor
|-damage|p2a: Staraptor|121\/312
|
|turn|9
|
|switch|p1a: Landorus-Therian|Landorus-Therian, M, shiny|382\/382
|-ability|p1a: Landorus-Therian|Intimidate|[of] p2a: Staraptor
|-unboost|p2a: Staraptor|atk|1
|move|p2a: Staraptor|Close Combat|p1a: Landorus-Therian
|-resisted|p1a: Landorus-Therian
|-damage|p1a: Landorus-Therian|313\/382
|-unboost|p2a: Staraptor|def|1
|-unboost|p2a: Staraptor|spd|1
|
|-heal|p1a: Landorus-Therian|336\/382|[from] item: Leftovers
|turn|10
|
|move|p2a: Staraptor|Close Combat|p1a: Landorus-Therian
|-resisted|p1a: Landorus-Therian
|-damage|p1a: Landorus-Therian|264\/382
|-unboost|p2a: Staraptor|def|1
|-unboost|p2a: Staraptor|spd|1
|move|p1a: Landorus-Therian|Stealth Rock|p2a: Staraptor
|-sidestart|p2: taco night '98|move: Stealth Rock
|
|-heal|p1a: Landorus-Therian|287\/382|[from] item: Leftovers
|turn|11
|
|move|p2a: Staraptor|Close Combat|p1a: Landorus-Therian
|-resisted|p1a: Landorus-Therian
|-damage|p1a: Landorus-Therian|210\/382
|-unboost|p2a: Staraptor|def|1
|-unboost|p2a: Staraptor|spd|1
|move|p1a: Landorus-Therian|Stone Edge|p2a: Staraptor
|-supereffective|p2a: Staraptor
|-damage|p2a: Staraptor|0 fnt
|faint|p2a: Staraptor
|
|-heal|p1a: Landorus-Therian|233\/382|[from] item: Leftovers
|
|switch|p2a: Latias|Latias, F|364\/364
|-damage|p2a: Latias|319\/364|[from] Stealth Rock
|turn|12
|
|move|p2a: Latias|Draco Meteor|p1a: Landorus-Therian
|-damage|p1a: Landorus-Therian|37\/382
|-unboost|p2a: Latias|spa|2
|move|p1a: Landorus-Therian|U-turn|p2a: Latias
|-crit|p2a: Latias
|-supereffective|p2a: Latias
|-damage|p2a: Latias|19\/364
|
|switch|p1a: Greninja|Greninja, M, shiny|286\/286
|
|-heal|p2a: Latias|41\/364|[from] item: Leftovers
|turn|13
|
|move|p1a: Greninja|Hydro Pump|p2a: Latias
|-start|p1a: Greninja|typechange|Water|[from] Protean
|-resisted|p2a: Latias
|-damage|p2a: Latias|0 fnt
|-damage|p1a: Greninja|258\/286|[from] item: Life Orb
|faint|p2a: Latias
|
|
|switch|p2a: Talonflame|Talonflame, F|185\/298
|-damage|p2a: Talonflame|36\/298|[from] Stealth Rock
|turn|14
|
|switch|p1a: Chansey|Chansey, F, shiny|27\/704
|move|p2a: Talonflame|Brave Bird|p1a: Chansey
|-damage|p1a: Chansey|0 fnt
|-damage|p2a: Talonflame|27\/298|[from] recoil|[of] p1a: Chansey
|faint|p1a: Chansey
|
|
|switch|p1a: Landorus-Therian|Landorus-Therian, M, shiny|37\/382
|-ability|p1a: Landorus-Therian|Intimidate|[of] p2a: Talonflame
|-unboost|p2a: Talonflame|atk|1
|turn|15
|
|move|p2a: Talonflame|Brave Bird|p1a: Landorus-Therian
|-damage|p1a: Landorus-Therian|0 fnt
|-damage|p2a: Talonflame|15\/298|[from] recoil|[of] p1a: Landorus-Therian
|faint|p1a: Landorus-Therian
|
|
|switch|p1a: Togekiss|Togekiss, F, shiny|374\/374
|turn|16
|
|move|p2a: Talonflame|Brave Bird|p1a: Togekiss
|-damage|p1a: Togekiss|197\/374
|-damage|p2a: Talonflame|0 fnt|[from] recoil|[of] p1a: Togekiss
|faint|p2a: Talonflame
|move|p1a: Togekiss|Dazzling Gleam|p2: Talonflame|[notarget]
|-notarget
|
|-heal|p1a: Togekiss|220\/374|[from] item: Leftovers
|
|switch|p2a: Magnezone|Magnezone|344\/344
|-damage|p2a: Magnezone|323\/344|[from] Stealth Rock
|turn|17
|
|move|p1a: Togekiss|Fire Blast|p2a: Magnezone
|-supereffective|p2a: Magnezone
|-damage|p2a: Magnezone|39\/344
|move|p2a: Magnezone|Volt Switch|p1a: Togekiss
|-supereffective|p1a: Togekiss
|-damage|p1a: Togekiss|0 fnt
|faint|p1a: Togekiss
|
|switch|p2a: Salamence|Salamence, F|67\/331
|-damage|p2a: Salamence|0 fnt|[from] Stealth Rock
|faint|p2a: Salamence
|
|
|switch|p1a: Gallade|Gallade-Mega, M, shiny|182\/278
|switch|p2a: Magnezone|Magnezone|39\/344
|-damage|p2a: Magnezone|18\/344|[from] Stealth Rock
|turn|18
|
|move|p1a: Gallade|Ice Punch|p2a: Magnezone
|-resisted|p2a: Magnezone
|-damage|p2a: Magnezone|0 fnt
|faint|p2a: Magnezone
|
|
|switch|p2a: Magneton|Magneton|185\/242
|-damage|p2a: Magneton|170\/242|[from] Stealth Rock
|turn|19
|
|move|p2a: Magneton|Thunderbolt|p1a: Gallade
|-damage|p1a: Gallade|47\/278
|move|p1a: Gallade|Close Combat|p2a: Magneton
|-supereffective|p2a: Magneton
|-damage|p2a: Magneton|0 fnt
|-unboost|p1a: Gallade|def|1
|-unboost|p1a: Gallade|spd|1
|faint|p2a: Magneton
|
|win|Mohammad
|raw|Ladder updating...
|raw|Mohammad's rating: 1244 &rarr; <strong>1268<\/strong><br \/>(+24 for winning)
|raw|taco night &apos;98's rating: 1226 &rarr; <strong>1202<\/strong><br \/>(-24 for losing)
|c|âMohammad|gg
|leave|Mohammad
|player|p1