|join|Mohammad
|join|shiro530
|player|p1|Mohammad|101
|player|p2|shiro530|67
|gametype|singles
|gen|6
|tier|OU
|rated
|clearpoke
|poke|p1|Landorus-Therian, M, shiny
|poke|p1|Greninja, F, shiny
|poke|p1|Mawile, M, shiny
|poke|p1|Ferrothorn, M, shiny
|poke|p1|Infernape, F, shiny
|poke|p1|Togekiss, M, shiny
|poke|p2|Heatran, F
|poke|p2|Skarmory, F, shiny
|poke|p2|Chansey, F, shiny
|poke|p2|Venusaur, M
|poke|p2|Keldeo
|poke|p2|Bisharp, F
|rule|Swagger Clause: Swagger is banned
|rule|Baton Pass Clause: Limit one PokÃ©mon knowing Baton Pass
|rule|Sleep Clause Mod: Limit one foe put to sleep
|rule|Species Clause: Limit one of each PokÃ©mon
|rule|OHKO Clause: OHKO moves are banned
|rule|Moody Clause: Moody is banned
|rule|Evasion Moves Clause: Evasion moves are banned
|rule|Endless Battle Clause: Forcing endless battles is banned
|rule|HP Percentage Mod: HP is reported as percentages
|teampreview
|
|start
|switch|p1a: Landorus-Therian|Landorus-Therian, M, shiny|382\/382
|switch|p2a: Venusaur|Venusaur, M|364\/364
|-ability|p1a: Landorus-Therian|Intimidate|[of] p2a: Venusaur
|-unboost|p2a: Venusaur|atk|1
|turn|1
|
|detailschange|p2a: Venusaur|Venusaur-Mega, M
|message|Venusaur has Mega Evolved into Mega Venusaur!
|move|p1a: Landorus-Therian|Stealth Rock|p2a: Venusaur
|-sidestart|p2: shiro530|move: Stealth Rock
|move|p2a: Venusaur|Leech Seed|p1a: Landorus-Therian
|-start|p1a: Landorus-Therian|move: Leech Seed
|
|-damage|p1a: Landorus-Therian|335\/382|[from] Leech Seed|[of] p2a: Venusaur
|turn|2
|
|move|p1a: Landorus-Therian|U-turn|p2a: Venusaur
|-damage|p2a: Venusaur|296\/364
|
|switch|p1a: Ferrothorn|Ferrothorn, M, shiny|352\/352
|move|p2a: Venusaur|Giga Drain|p1a: Ferrothorn
|-resisted|p1a: Ferrothorn
|-damage|p1a: Ferrothorn|332\/352
|-heal|p2a: Venusaur|306\/364|[from] drain|[of] p1a: Ferrothorn
|
|turn|3
|
|move|p2a: Venusaur|Hidden Power|p1a: Ferrothorn
|-supereffective|p1a: Ferrothorn
|-damage|p1a: Ferrothorn|160\/352
|move|p1a: Ferrothorn|Gyro Ball|p2a: Venusaur
|-damage|p2a: Venusaur|233\/364
|
|turn|4
|
|switch|p1a: Landorus-Therian|Landorus-Therian, M, shiny|335\/382
|-ability|p1a: Landorus-Therian|Intimidate|[of] p2a: Venusaur
|-unboost|p2a: Venusaur|atk|1
|move|p2a: Venusaur|Leech Seed|p1a: Landorus-Therian
|-start|p1a: Landorus-Therian|move: Leech Seed
|
|-heal|p1a: Landorus-Therian|358\/382|[from] item: Leftovers
|-damage|p1a: Landorus-Therian|311\/382|[from] Leech Seed|[of] p2a: Venusaur
|-heal|p2a: Venusaur|280\/364|[silent]
|turn|5
|
|move|p1a: Landorus-Therian|Earthquake|p2a: Venusaur
|-damage|p2a: Venusaur|156\/364
|move|p2a: Venusaur|Giga Drain|p1a: Landorus-Therian
|-damage|p1a: Landorus-Therian|190\/382
|-heal|p2a: Venusaur|217\/364|[from] drain|[of] p1a: Landorus-Therian
|
|-heal|p1a: Landorus-Therian|213\/382|[from] item: Leftovers
|-damage|p1a: Landorus-Therian|166\/382|[from] Leech Seed|[of] p2a: Venusaur
|-heal|p2a: Venusaur|264\/364|[silent]
|turn|6
|
|move|p1a: Landorus-Therian|U-turn|p2a: Venusaur
|-damage|p2a: Venusaur|200\/364
|
|switch|p1a: Togekiss|Togekiss, M, shiny|374\/374
|move|p2a: Venusaur|Giga Drain|p1a: Togekiss
|-resisted|p1a: Togekiss
|-damage|p1a: Togekiss|332\/374
|-heal|p2a: Venusaur|221\/364|[from] drain|[of] p1a: Togekiss
|
|-heal|p1a: Togekiss|355\/374|[from] item: Leftovers
|turn|7
|
|switch|p2a: Heatran|Heatran, F|385\/385
|-damage|p2a: Heatran|337\/385|[from] Stealth Rock
|-item|p2a: Heatran|Air Balloon
|move|p1a: Togekiss|Thunder Wave|p2a: Heatran
|-status|p2a: Heatran|par
|
|-heal|p1a: Togekiss|374\/374|[from] item: Leftovers
|turn|8
|
|switch|p1a: Landorus-Therian|Landorus-Therian, M, shiny|166\/382
|-ability|p1a: Landorus-Therian|Intimidate|[of] p2a: Heatran
|-unboost|p2a: Heatran|atk|1
|move|p2a: Heatran|Stealth Rock|p1a: Landorus-Therian
|-sidestart|p1: Mohammad|move: Stealth Rock
|
|-heal|p1a: Landorus-Therian|189\/382|[from] item: Leftovers
|turn|9
|
|move|p1a: Landorus-Therian|Stone Edge|p2a: Heatran
|-damage|p2a: Heatran|194\/385 par
|-enditem|p2a: Heatran|Air Balloon
|move|p2a: Heatran|Flamethrower|p1a: Landorus-Therian
|-damage|p1a: Landorus-Therian|38\/382
|
|-heal|p1a: Landorus-Therian|61\/382|[from] item: Leftovers
|turn|10
|
|switch|p2a: Skarmory|Skarmory, F, shiny|334\/334
|-damage|p2a: Skarmory|293\/334|[from] Stealth Rock
|move|p1a: Landorus-Therian|Earthquake|p2a: Skarmory
|-immune|p2a: Skarmory|[msg]
|
|-heal|p1a: Landorus-Therian|84\/382|[from] item: Leftovers
|turn|11
|
|move|p1a: Landorus-Therian|U-turn|p2a: Skarmory
|-resisted|p2a: Skarmory
|-damage|p2a: Skarmory|280\/334
|-damage|p1a: Landorus-Therian|21\/382|[from] item: Rocky Helmet|[of] p2a: Skarmory
|
|switch|p1a: Greninja|Greninja, F, shiny|286\/286
|-damage|p1a: Greninja|251\/286|[from] Stealth Rock
|move|p2a: Skarmory|Whirlwind|p1a: Greninja
|drag|p1a: Infernape|Infernape, F, shiny|293\/293
|-damage|p1a: Infernape|257\/293|[from] Stealth Rock
|
|turn|12
|
|switch|p2a: Keldeo|Keldeo|323\/323
|-damage|p2a: Keldeo|303\/323|[from] Stealth Rock
|move|p1a: Infernape|Close Combat|p2a: Keldeo
|-damage|p2a: Keldeo|108\/323
|-unboost|p1a: Infernape|def|1
|-unboost|p1a: Infernape|spd|1
|
|-heal|p2a: Keldeo|128\/323|[from] item: Leftovers
|turn|13
|
|move|p1a: Infernape|Close Combat|p2a: Keldeo
|-damage|p2a: Keldeo|0 fnt
|-unboost|p1a: Infernape|def|1
|-unboost|p1a: Infernape|spd|1
|faint|p2a: Keldeo
|
|
|switch|p2a: Venusaur|Venusaur-Mega, M|221\/364
|-damage|p2a: Venusaur|176\/364|[from] Stealth Rock
|turn|14
|
|switch|p1a: Landorus-Therian|Landorus-Therian, M, shiny|21\/382
|-damage|p1a: Landorus-Therian|0 fnt|[from] Stealth Rock
|faint|p1a: Landorus-Therian
|move|p2a: Venusaur|Synthesis|p2a: Venusaur
|-heal|p2a: Venusaur|358\/364
|
|
|switch|p1a: Togekiss|Togekiss, M, shiny|374\/374
|-damage|p1a: Togekiss|281\/374|[from] Stealth Rock
|turn|15
|
|move|p2a: Venusaur|Leech Seed|p1a: Togekiss
|-start|p1a: Togekiss|move: Leech Seed
|move|p1a: Togekiss|Air Slash|p2a: Venusaur
|-supereffective|p2a: Venusaur
|-damage|p2a: Venusaur|118\/364
|
|-heal|p1a: Togekiss|304\/374|[from] item: Leftovers
|-damage|p1a: Togekiss|258\/374|[from] Leech Seed|[of] p2a: Venusaur
|-heal|p2a: Venusaur|164\/364|[silent]
|turn|16
|
|switch|p2a: Skarmory|Skarmory, F, shiny|280\/334
|-damage|p2a: Skarmory|239\/334|[from] Stealth Rock
|move|p1a: Togekiss|Air Slash|p2a: Skarmory
|-resisted|p2a: Skarmory
|-damage|p2a: Skarmory|143\/334
|
|-heal|p1a: Togekiss|281\/374|[from] item: Leftovers
|-damage|p1a: Togekiss|235\/374|[from] Leech Seed|[of] p2a: Skarmory
|-heal|p2a: Skarmory|189\/334|[silent]
|turn|17
|
|move|p1a: Togekiss|Fire Blast|p2a: Skarmory|[miss]
|-miss|p1a: Togekiss|p2a: Skarmory
|move|p2a: Skarmory|Spikes|p1a: Togekiss
|-sidestart|p1: Mohammad|Spikes
|
|-heal|p1a: Togekiss|258\/374|[from] item: Leftovers
|-damage|p1a: Togekiss|212\/374|[from] Leech Seed|[of] p2a: Skarmory
|-heal|p2a: Skarmory|235\/334|[silent]
|turn|18
|
|switch|p1a: Greninja|Greninja, F, shiny|251\/286
|-damage|p1a: Greninja|216\/286|[from] Spikes
|-damage|p1a: Greninja|181\/286|[from] Stealth Rock
|move|p2a: Skarmory|Roost|p2a: Skarmory
|-heal|p2a: Skarmory|334\/334
|
|turn|19
|
|-start|p1a: Greninja|typechange|Water|[from] Protean
|move|p1a: Greninja|Hydro Pump|p2a: Skarmory
|-damage|p2a: Skarmory|45\/334
|-damage|p1a: Greninja|153\/286|[from] item: Life Orb
|move|p2a: Skarmory|Whirlwind|p1a: Greninja
|drag|p1a: Mawile|Mawile, M, shiny|304\/304
|-damage|p1a: Mawile|285\/304|[from] Stealth Rock
|-damage|p1a: Mawile|247\/304|[from] Spikes
|-ability|p1a: Mawile|Intimidate|[of] p2a: Skarmory
|-unboost|p2a: Skarmory|atk|1
|
|turn|20
|
|detailschange|p1a: Mawile|Mawile-Mega, M, shiny
|message|Mawile has Mega Evolved into Mega Mawile!
|move|p1a: Mawile|Fire Fang|p2a: Skarmory
|-supereffective|p2a: Skarmory
|-damage|p2a: Skarmory|0 fnt
|-damage|p1a: Mawile|197\/304|[from] item: Rocky Helmet|[of] p2a: Skarmory
|faint|p2a: Skarmory
|
|
|switch|p2a: Venusaur|Venusaur-Mega, M|164\/364
|-damage|p2a: Venusaur|119\/364|[from] Stealth Rock
|turn|21
|
|move|p2a: Venusaur|Synthesis|p2a: Venusaur
|-heal|p2a: Venusaur|301\/364
|move|p1a: Mawile|Swords Dance|p1a: Mawile
|-boost|p1a: Mawile|atk|2
|
|turn|22
|
|move|p2a: Venusaur|Hidden Power|p1a: Mawile
|-supereffective|p1a: Mawile
|-damage|p1a: Mawile|83\/304
|move|p1a: Mawile|Play Rough|p2a: Venusaur
|-resisted|p2a: Venusaur
|-damage|p2a: Venusaur|98\/364
|
|turn|23
|
|move|p1a: Mawile|Sucker Punch|p2a: Venusaur
|-fail|p2a: Venusaur
|move|p2a: Venusaur|Synthesis|p2a: Venusaur
|-heal|p2a: Venusaur|280\/364
|
|turn|24
|
|move|p2a: Venusaur|Leech Seed|p1a: Mawile
|-start|p1a: Mawile|move: Leech Seed
|move|p1a: Mawile|Play Rough|p2a: Venusaur
|-crit|p2a: Venusaur
|-resisted|p2a: Venusaur
|-damage|p2a: Venusaur|0 fnt
|faint|p2a: Venusaur
|
|
|switch|p2a: Heatran|Heatran, F|194\/385 par
|-damage|p2a: Heatran|146\/385 par|[from] Stealth Rock
|turn|25
|
|move|p1a: Mawile|Play Rough|p2a: Heatran|[miss]
|-miss|p1a: Mawile|p2a: Heatran
|cant|p2a: Heatran|par
|
|-damage|p1a: Mawile|45\/304|[from] Leech Seed|[of] p2a: Heatran
|-heal|p2a: Heatran|184\/385 par|[silent]
|turn|26
|
|move|p1a: Mawile|Sucker Punch|p2a: Heatran
|-damage|p2a: Heatran|0 fnt
|faint|p2a: Heatran
|
|
|switch|p2a: Bisharp|Bisharp, F|272\/272
|-damage|p2a: Bisharp|255\/272|[from] Stealth Rock
|turn|27
|
|move|p2a: Bisharp|Iron Head|p1a: Mawile
|-damage|p1a: Mawile|0 fnt
|faint|p1a: Mawile
|
|-heal|p2a: Bisharp|272\/272|[from] item: Leftovers
|
|switch|p1a: Ferrothorn|Ferrothorn, M, shiny|160\/352
|-damage|p1a: Ferrothorn|116\/352|[from] Spikes
|-damage|p1a: Ferrothorn|94\/352|[from] Stealth Rock
|turn|28
|
|move|p2a: Bisharp|Swords Dance|p2a: Bisharp
|-boost|p2a: Bisharp|atk|2
|move|p1a: Ferrothorn|Gyro Ball|p2a: Bisharp
|-resisted|p2a: Bisharp
|-damage|p2a: Bisharp|199\/272
|
|-heal|p2a: Bisharp|216\/272|[from] item: Leftovers
|turn|29
|
|move|p2a: Bisharp|Knock Off|p1a: Ferrothorn
|-damage|p1a: Ferrothorn|0 fnt
|-damage|p2a: Bisharp|182\/272|[from] ability: Iron Barbs|[of] p1a: Ferrothorn
|-damage|p2a: Bisharp|137\/272|[from] item: Rocky Helmet|[of] p1a: Ferrothorn
|-enditem|p1a: Ferrothorn|Rocky Helmet|[from] move: Knock Off|[of] p2a: Bisharp
|faint|p1a: Ferrothorn
|
|-heal|p2a: Bisharp|154\/272|[from] item: Leftovers
|
|switch|p1a: Infernape|Infernape, F, shiny|257\/293
|-damage|p1a: Infernape|221\/293|[from] Stealth Rock
|-damage|p1a: Infernape|185\/293|[from] Spikes
|turn|30
|
|move|p1a: Infernape|Mach Punch|p2a: Bisharp
|-supereffective|p2a: Bisharp
|-damage|p2a: Bisharp|0 fnt
|faint|p2a: Bisharp
|
|
|switch|p2a: Chansey|Chansey, F, shiny|642\/642
|-damage|p2a: Chansey|562\/642|[from] Stealth Rock
|turn|31
|
|switch|p1a: Togekiss|Togekiss, M, shiny|212\/374
|-damage|p1a: Togekiss|119\/374|[from] Stealth Rock
|move|p2a: Chansey|Thunder Wave|p1a: Togekiss
|-status|p1a: Togekiss|par
|
|-heal|p1a: Togekiss|142\/374 par|[from] item: Leftovers
|turn|32
|
|move|p2a: Chansey|Seismic Toss|p1a: Togekiss
|-damage|p1a: Togekiss|42\/374 par
|move|p1a: Togekiss|Thunder Wave|p2a: Chansey
|-status|p2a: Chansey|par
|
|-heal|p1a: Togekiss|65\/374 par|[from] item: Leftovers
|turn|33
|
|move|p1a: Togekiss|Air Slash|p2a: Chansey
|-damage|p2a: Chansey|493\/642 par
|cant|p2a: Chansey|flinch
|
|-heal|p1a: Togekiss|88\/374 par|[from] item: Leftovers
|turn|34
|
|move|p1a: Togekiss|Air Slash|p2a: Chansey
|-damage|p2a: Chansey|420\/642 par
|cant|p2a: Chansey|flinch
|
|-heal|p1a: Togekiss|111\/374 par|[from] item: Leftovers
|turn|35
|
|move|p1a: Togekiss|Air Slash|p2a: Chansey
|-damage|p2a: Chansey|347\/642 par
|cant|p2a: Chansey|par
|
|-heal|p1a: Togekiss|134\/374 par|[from] item: Leftovers
|turn|36
|
|cant|p1a: Togekiss|par
|move|p2a: Chansey|Soft-Boiled|p2a: Chansey
|-heal|p2a: Chansey|642\/642 par
|
|-heal|p1a: Togekiss|157\/374 par|[from] item: Leftovers
|turn|37
|
|cant|p1a: Togekiss|par
|move|p2a: Chansey|Aromatherapy|p2a: Chansey
|-cureteam|p2a: Chansey|[from] move: Aromatherapy
|
|-heal|p1a: Togekiss|180\/374 par|[from] item: Leftovers
|turn|38
|
|move|p2a: Chansey|Seismic Toss|p1a: Togekiss
|-damage|p1a: Togekiss|80\/374 par
|move|p1a: Togekiss|Thunder Wave|p2a: Chansey
|-status|p2a: Chansey|par
|
|-heal|p1a: Togekiss|103\/374 par|[from] item: Leftovers
|turn|39
|
|switch|p1a: Infernape|Infernape, F, shiny|185\/293
|-damage|p1a: Infernape|149\/293|[from] Spikes
|-damage|p1a: Infernape|113\/293|[from] Stealth Rock
|move|p2a: Chansey|Aromatherapy|p2a: Chansey
|-cureteam|p2a: Chansey|[from] move: Aromatherapy
|
|turn|40
|
|move|p1a: Infernape|Close Combat|p2a: Chansey
|-supereffective|p2a: Chansey
|-damage|p2a: Chansey|144\/642
|-unboost|p1a: Infernape|def|1
|-unboost|p1a: Infernape|spd|1
|move|p2a: Chansey|Thunder Wave|p1a: Infernape
|-status|p1a: Infernape|par
|
|turn|41
|
|move|p2a: Chansey|Soft-Boiled|p2a: Chansey
|-heal|p2a: Chansey|465\/642
|cant|p1a: Infernape|par
|
|turn|42
|
|move|p2a: Chansey|Seismic Toss|p1a: Infernape
|-damage|p1a: Infernape|13\/293 par
|cant|p1a: Infernape|par
|
|turn|43
|chat|shiro530|YOOO
|chat|shiro530|THAT HAX PAYBACK
|
|move|p2a: Chansey|Seismic Toss|p1a: Infernape
|-damage|p1a: Infernape|0 fnt
|faint|p1a: Infernape
|
|-message|Mohammad forfeited.
|
|win|shiro530
|raw|Ladder updating...
|leave|Mohammad
|player|p1
|raw|Mohammad's rating: 1630 &rarr; <strong>1613<\/strong><br \/>(-17 for losing)
|raw|shiro530's rating: 1678 &rarr; <strong>1695<\/strong><br \/>(+17 for winning)