|join|Glitorites
|join|Mohammad
|player|p1|Glitorites|76
|player|p2|Mohammad|40
|gametype|singles
|gen|6
|tier|OU
|rated
|clearpoke
|poke|p1|Tyranitar, F
|poke|p1|Excadrill, M
|poke|p1|Deoxys-Defense
|poke|p1|Mawile, F
|poke|p1|Latias, F
|poke|p1|Keldeo
|poke|p2|Landorus-Therian, M, shiny
|poke|p2|Greninja, M, shiny
|poke|p2|Mawile, F, shiny
|poke|p2|Ferrothorn, F, shiny
|poke|p2|Infernape, F
|poke|p2|Togekiss, F, shiny
|rule|Swagger Clause: Swagger is banned
|rule|Baton Pass Clause: Limit three PokÃ©mon knowing Baton Pass
|rule|Sleep Clause Mod: Limit one foe put to sleep
|rule|Species Clause: Limit one of each PokÃ©mon
|rule|OHKO Clause: OHKO moves are banned
|rule|Moody Clause: Moody is banned
|rule|Evasion Moves Clause: Evasion moves are banned
|rule|Endless Battle Clause: Forcing endless battles is banned
|rule|HP Percentage Mod: HP is reported as percentages
|teampreview
|
|start
|switch|p1a: Tyranitar|Tyranitar, F|403\/403
|switch|p2a: Greninja|Greninja, M, shiny|286\/286
|-weather|Sandstorm
|turn|1
|
|-start|p2a: Greninja|typechange|Water|[from] Protean
|move|p2a: Greninja|Hydro Pump|p1a: Tyranitar
|-supereffective|p1a: Tyranitar
|-damage|p1a: Tyranitar|96\/403
|-damage|p2a: Greninja|258\/286|[from] item: Life Orb
|move|p1a: Tyranitar|Stone Edge|p2a: Greninja|[miss]
|-miss|p1a: Tyranitar|p2a: Greninja
|
|-weather|Sandstorm|[upkeep]
|-damage|p2a: Greninja|241\/286|[from] sandstorm
|turn|2
|
|switch|p1a: Latias|Latias, F|302\/302
|-start|p2a: Greninja|typechange|Ice|[from] Protean
|move|p2a: Greninja|Ice Beam|p1a: Latias
|-supereffective|p1a: Latias
|-damage|p1a: Latias|29\/302
|-damage|p2a: Greninja|213\/286|[from] item: Life Orb
|
|-weather|Sandstorm|[upkeep]
|-damage|p2a: Greninja|196\/286|[from] sandstorm
|-damage|p1a: Latias|11\/302|[from] sandstorm
|turn|3
|
|-start|p2a: Greninja|typechange|Dark|[from] Protean
|move|p2a: Greninja|Dark Pulse|p1a: Latias
|-supereffective|p1a: Latias
|-damage|p1a: Latias|0 fnt
|-damage|p2a: Greninja|168\/286|[from] item: Life Orb
|faint|p1a: Latias
|
|-weather|Sandstorm|[upkeep]
|-damage|p2a: Greninja|151\/286|[from] sandstorm
|
|switch|p1a: Mawile|Mawile, F|241\/241
|-ability|p1a: Mawile|Intimidate|[of] p2a: Greninja
|-unboost|p2a: Greninja|atk|1
|turn|4
|
|switch|p2a: Landorus-Therian|Landorus-Therian, M, shiny|382\/382
|-ability|p2a: Landorus-Therian|Intimidate|[of] p1a: Mawile
|-unboost|p1a: Mawile|atk|1
|detailschange|p1a: Mawile|Mawile-Mega, F
|message|Mawile has Mega Evolved into Mega Mawile!
|move|p1a: Mawile|Swords Dance|p1a: Mawile
|-boost|p1a: Mawile|atk|2
|
|-weather|Sandstorm|[upkeep]
|turn|5
|
|move|p2a: Landorus-Therian|Earthquake|p1a: Mawile
|-supereffective|p1a: Mawile
|-damage|p1a: Mawile|0 fnt
|faint|p1a: Mawile
|
|-weather|Sandstorm|[upkeep]
|
|switch|p1a: Deoxys-Defense|Deoxys-Defense|295\/295
|-ability|p1a: Deoxys-Defense|Pressure
|turn|6
|
|move|p1a: Deoxys-Defense|Stealth Rock|p2a: Landorus-Therian
|-sidestart|p2: Mohammad|move: Stealth Rock
|move|p2a: Landorus-Therian|U-turn|p1a: Deoxys-Defense
|-supereffective|p1a: Deoxys-Defense
|-damage|p1a: Deoxys-Defense|163\/295
|
|switch|p2a: Greninja|Greninja, M, shiny|151\/286
|-damage|p2a: Greninja|116\/286|[from] Stealth Rock
|
|-weather|Sandstorm|[upkeep]
|-damage|p2a: Greninja|99\/286|[from] sandstorm
|-damage|p1a: Deoxys-Defense|145\/295|[from] sandstorm
|turn|7
|
|switch|p1a: Tyranitar|Tyranitar, F|96\/403
|-start|p2a: Greninja|typechange|Dark|[from] Protean
|move|p2a: Greninja|Dark Pulse|p1a: Tyranitar
|-resisted|p1a: Tyranitar
|-damage|p1a: Tyranitar|47\/403
|-damage|p2a: Greninja|71\/286|[from] item: Life Orb
|
|-weather|Sandstorm|[upkeep]
|-damage|p2a: Greninja|54\/286|[from] sandstorm
|turn|8
|
|switch|p1a: Deoxys-Defense|Deoxys-Defense|145\/295
|-ability|p1a: Deoxys-Defense|Pressure
|-start|p2a: Greninja|typechange|Water|[from] Protean
|move|p2a: Greninja|Hydro Pump|p1a: Deoxys-Defense
|-crit|p1a: Deoxys-Defense
|-damage|p1a: Deoxys-Defense|0 fnt
|-damage|p2a: Greninja|26\/286|[from] item: Life Orb
|faint|p1a: Deoxys-Defense
|
|-weather|none
|
|switch|p1a: Tyranitar|Tyranitar, F|47\/403
|-weather|Sandstorm
|turn|9
|-message|Mohammad lost due to inactivity.
|
|win|Glitorites
|raw|Ladder updating...
|raw|Glitorites's rating: 1532 &rarr; <strong>1556<\/strong><br \/>(+24 for winning)
|raw|Mohammad's rating: 1587 &rarr; <strong>1564<\/strong><br \/>(-23 for losing)
|chat|Glitorites|gg lol
|leave|Glitorites
|player|p1