|join|Mohammad
|join|Hallowin
|player|p1|Mohammad|169
|player|p2|Hallowin|102
|gametype|singles
|gen|6
|tier|OU
|rated
|clearpoke
|poke|p1|Landorus-Therian, M, shiny
|poke|p1|Greninja, M, shiny
|poke|p1|Mawile, M, shiny
|poke|p1|Ferrothorn, F, shiny
|poke|p1|Infernape, F, shiny
|poke|p1|Togekiss, F
|poke|p2|Tyranitar, M
|poke|p2|Excadrill, F
|poke|p2|Manectric, M
|poke|p2|Conkeldurr, F
|poke|p2|Gourgeist-*, M
|poke|p2|Greninja, M
|rule|Swagger Clause: Swagger is banned
|rule|Baton Pass Clause: Limit one PokÃ©mon knowing Baton Pass
|rule|Sleep Clause Mod: Limit one foe put to sleep
|rule|Species Clause: Limit one of each PokÃ©mon
|rule|OHKO Clause: OHKO moves are banned
|rule|Moody Clause: Moody is banned
|rule|Evasion Moves Clause: Evasion moves are banned
|rule|Endless Battle Clause: Forcing endless battles is banned
|rule|HP Percentage Mod: HP is reported as percentages
|teampreview
|
|start
|switch|p1a: Mawile|Mawile, M, shiny|304\/304
|switch|p2a: Manectric|Manectric, M|281\/281
|-ability|p1a: Mawile|Intimidate|[of] p2a: Manectric
|-unboost|p2a: Manectric|atk|1
|turn|1
|
|detailschange|p2a: Manectric|Manectric-Mega, M
|message|Manectric has Mega Evolved into Mega Manectric!
|-ability|p2a: Manectric|Intimidate|[of] p1a: Mawile
|-unboost|p1a: Mawile|atk|1
|detailschange|p1a: Mawile|Mawile-Mega, M, shiny
|message|Mawile has Mega Evolved into Mega Mawile!
|move|p2a: Manectric|Overheat|p1a: Mawile
|-supereffective|p1a: Mawile
|-damage|p1a: Mawile|0 fnt
|-unboost|p2a: Manectric|spa|2
|faint|p1a: Mawile
|
|
|switch|p1a: Infernape|Infernape, F, shiny|293\/293
|turn|2
|
|switch|p2a: Conkeldurr|Conkeldurr, F|414\/414
|move|p1a: Infernape|Close Combat|p2a: Conkeldurr
|-damage|p2a: Conkeldurr|237\/414
|-unboost|p1a: Infernape|def|1
|-unboost|p1a: Infernape|spd|1
|
|turn|3
|
|switch|p1a: Landorus-Therian|Landorus-Therian, M, shiny|382\/382
|-ability|p1a: Landorus-Therian|Intimidate|[of] p2a: Conkeldurr
|-unboost|p2a: Conkeldurr|atk|1
|move|p2a: Conkeldurr|Knock Off|p1a: Landorus-Therian
|-damage|p1a: Landorus-Therian|281\/382
|-enditem|p1a: Landorus-Therian|Leftovers|[from] move: Knock Off|[of] p2a: Conkeldurr
|
|turn|4
|
|move|p1a: Landorus-Therian|Stealth Rock|p2a: Conkeldurr
|-sidestart|p2: Hallowin|move: Stealth Rock
|move|p2a: Conkeldurr|Ice Punch|p1a: Landorus-Therian
|-supereffective|p1a: Landorus-Therian
|-damage|p1a: Landorus-Therian|1\/382
|
|turn|5
|
|move|p2a: Conkeldurr|Mach Punch|p1a: Landorus-Therian
|-resisted|p1a: Landorus-Therian
|-damage|p1a: Landorus-Therian|0 fnt
|faint|p1a: Landorus-Therian
|
|
|switch|p1a: Togekiss|Togekiss, F|374\/374
|turn|6
|
|move|p1a: Togekiss|Dazzling Gleam|p2a: Conkeldurr
|-supereffective|p2a: Conkeldurr
|-damage|p2a: Conkeldurr|0 fnt
|faint|p2a: Conkeldurr
|
|
|switch|p2a: Tyranitar|Tyranitar, M|404\/404
|-damage|p2a: Tyranitar|354\/404|[from] Stealth Rock
|-weather|Sandstorm
|turn|7
|
|switch|p1a: Ferrothorn|Ferrothorn, F, shiny|352\/352
|move|p2a: Tyranitar|Stealth Rock|p1a: Ferrothorn
|-sidestart|p1: Mohammad|move: Stealth Rock
|
|-weather|Sandstorm|[upkeep]
|turn|8
|
|switch|p2a: Gourgeist-Small|Gourgeist-Small, M|314\/314
|-damage|p2a: Gourgeist-Small|275\/314|[from] Stealth Rock
|-item|p1a: Ferrothorn|Rocky Helmet|[from] ability: Frisk|[of] p2a: Gourgeist-Small|[identify]
|move|p1a: Ferrothorn|Gyro Ball|p2a: Gourgeist-Small
|-crit|p2a: Gourgeist-Small
|-damage|p2a: Gourgeist-Small|53\/314
|
|-weather|Sandstorm|[upkeep]
|-damage|p2a: Gourgeist-Small|34\/314|[from] sandstorm
|-heal|p2a: Gourgeist-Small|53\/314|[from] item: Leftovers
|turn|9
|
|switch|p1a: Infernape|Infernape, F, shiny|293\/293
|-damage|p1a: Infernape|257\/293|[from] Stealth Rock
|move|p2a: Gourgeist-Small|Will-O-Wisp|p1a: Infernape
|-fail|p1a: Infernape
|
|-weather|Sandstorm|[upkeep]
|-damage|p1a: Infernape|239\/293|[from] sandstorm
|-damage|p2a: Gourgeist-Small|34\/314|[from] sandstorm
|-heal|p2a: Gourgeist-Small|53\/314|[from] item: Leftovers
|turn|10
|
|move|p2a: Gourgeist-Small|Protect|p2a: Gourgeist-Small
|-singleturn|p2a: Gourgeist-Small|Protect
|move|p1a: Infernape|U-turn|p2a: Gourgeist-Small
|-activate|p2a: Gourgeist-Small|Protect
|
|-weather|Sandstorm|[upkeep]
|-damage|p1a: Infernape|221\/293|[from] sandstorm
|-damage|p2a: Gourgeist-Small|34\/314|[from] sandstorm
|-heal|p2a: Gourgeist-Small|53\/314|[from] item: Leftovers
|turn|11
|
|switch|p2a: Greninja|Greninja, M|286\/286
|-damage|p2a: Greninja|251\/286|[from] Stealth Rock
|move|p1a: Infernape|U-turn|p2a: Greninja
|-supereffective|p2a: Greninja
|-damage|p2a: Greninja|35\/286
|
|switch|p1a: Ferrothorn|Ferrothorn, F, shiny|352\/352
|-damage|p1a: Ferrothorn|330\/352|[from] Stealth Rock
|
|-weather|Sandstorm|[upkeep]
|-damage|p2a: Greninja|18\/286|[from] sandstorm
|turn|12
|
|move|p2a: Greninja|Ice Beam|p1a: Ferrothorn
|-start|p2a: Greninja|typechange|Ice|[from] Protean
|-damage|p1a: Ferrothorn|184\/352
|-damage|p2a: Greninja|0 fnt|[from] item: Life Orb
|faint|p2a: Greninja
|move|p1a: Ferrothorn|Leech Seed|p2: Greninja|[notarget]
|-notarget
|
|-weather|Sandstorm|[upkeep]
|
|switch|p2a: Manectric|Manectric-Mega, M|281\/281
|-damage|p2a: Manectric|246\/281|[from] Stealth Rock
|-ability|p2a: Manectric|Intimidate|[of] p1a: Ferrothorn
|-unboost|p1a: Ferrothorn|atk|1
|turn|13
|
|move|p2a: Manectric|Volt Switch|p1a: Ferrothorn
|-resisted|p1a: Ferrothorn
|-damage|p1a: Ferrothorn|135\/352
|
|switch|p2a: Gourgeist-Small|Gourgeist-Small, M|53\/314
|-damage|p2a: Gourgeist-Small|14\/314|[from] Stealth Rock
|-item|p1a: Ferrothorn|Rocky Helmet|[from] ability: Frisk|[of] p2a: Gourgeist-Small|[identify]
|move|p1a: Ferrothorn|Power Whip|p2a: Gourgeist-Small|[miss]
|-miss|p1a: Ferrothorn|p2a: Gourgeist-Small
|
|-weather|Sandstorm|[upkeep]
|-damage|p2a: Gourgeist-Small|0 fnt|[from] sandstorm
|faint|p2a: Gourgeist-Small
|
|switch|p2a: Excadrill|Excadrill, F|362\/362
|-damage|p2a: Excadrill|351\/362|[from] Stealth Rock
|turn|14
|
|move|p2a: Excadrill|Earthquake|p1a: Ferrothorn
|-damage|p1a: Ferrothorn|0 fnt
|-damage|p2a: Excadrill|315\/362|[from] item: Life Orb
|faint|p1a: Ferrothorn
|
|-weather|none
|
|switch|p1a: Greninja|Greninja, M, shiny|286\/286
|-damage|p1a: Greninja|251\/286|[from] Stealth Rock
|turn|15
|
|switch|p2a: Tyranitar|Tyranitar, M|354\/404
|-damage|p2a: Tyranitar|304\/404|[from] Stealth Rock
|-weather|Sandstorm
|move|p1a: Greninja|Hydro Pump|p2a: Tyranitar
|-start|p1a: Greninja|typechange|Water|[from] Protean
|-supereffective|p2a: Tyranitar
|-damage|p2a: Tyranitar|31\/404
|-damage|p1a: Greninja|223\/286|[from] item: Life Orb
|
|-weather|Sandstorm|[upkeep]
|-damage|p1a: Greninja|206\/286|[from] sandstorm
|turn|16
|
|move|p1a: Greninja|Hidden Power|p2a: Tyranitar
|-start|p1a: Greninja|typechange|Grass|[from] Protean
|-supereffective|p2a: Tyranitar
|-damage|p2a: Tyranitar|0 fnt
|-damage|p1a: Greninja|178\/286|[from] item: Life Orb
|faint|p2a: Tyranitar
|
|-weather|Sandstorm|[upkeep]
|-damage|p1a: Greninja|161\/286|[from] sandstorm
|
|switch|p2a: Excadrill|Excadrill, F|315\/362
|-damage|p2a: Excadrill|304\/362|[from] Stealth Rock
|turn|17
|
|move|p2a: Excadrill|Earthquake|p1a: Greninja
|-resisted|p1a: Greninja
|-damage|p1a: Greninja|0 fnt
|-damage|p2a: Excadrill|268\/362|[from] item: Life Orb
|faint|p1a: Greninja
|
|-weather|Sandstorm|[upkeep]
|-message|Mohammad lost due to inactivity.
|
|win|Hallowin
|raw|Ladder updating...
|raw|Mohammad's rating: 1557 &rarr; <strong>1533<\/strong><br \/>(-24 for losing)
|raw|Hallowin's rating: 1475 &rarr; <strong>1500<\/strong><br \/>(+25 for winning)
|leave|Hallowin
|player|p2
|leave|Mohammad
|player|p1
|join|Mohammad