|join|Mohammad
|join|Bl153
|player|p1|Mohammad|42
|player|p2|Bl153|101
|gametype|singles
|gen|6
|tier|OU
|rated
|clearpoke
|poke|p1|Landorus-Therian, M, shiny
|poke|p1|Dragonite, M, shiny
|poke|p1|Metagross, shiny
|poke|p1|Chansey, F, shiny
|poke|p1|Greninja, M, shiny
|poke|p1|Reuniclus, F, shiny
|poke|p2|Alakazam, M
|poke|p2|Greninja, M
|poke|p2|Heatran, M, shiny
|poke|p2|Conkeldurr, M
|poke|p2|Zapdos
|poke|p2|Sableye, M
|rule|Swagger Clause: Swagger is banned
|rule|Baton Pass Clause: Limit one PokÃ©mon knowing Baton Pass
|rule|Sleep Clause Mod: Limit one foe put to sleep
|rule|Species Clause: Limit one of each PokÃ©mon
|rule|OHKO Clause: OHKO moves are banned
|rule|Moody Clause: Moody is banned
|rule|Evasion Moves Clause: Evasion moves are banned
|rule|Endless Battle Clause: Forcing endless battles is banned
|rule|HP Percentage Mod: HP is shown in percentages
|teampreview
|c|âBl153|gl hf
|
|start
|switch|p1a: Greninja|Greninja, M, shiny|286\/286
|switch|p2a: Conkeldurr|Conkeldurr, M|413\/413
|turn|1
|
|switch|p1a: Landorus-Therian|Landorus-Therian, M, shiny|382\/382
|-ability|p1a: Landorus-Therian|Intimidate|[of] p2a: Conkeldurr
|-unboost|p2a: Conkeldurr|atk|1
|move|p2a: Conkeldurr|Drain Punch|p1a: Landorus-Therian
|-resisted|p1a: Landorus-Therian
|-damage|p1a: Landorus-Therian|337\/382
|
|-heal|p1a: Landorus-Therian|360\/382|[from] item: Leftovers
|turn|2
|
|move|p1a: Landorus-Therian|Stealth Rock|p2a: Conkeldurr
|-sidestart|p2: Bl153|move: Stealth Rock
|move|p2a: Conkeldurr|Ice Punch|p1a: Landorus-Therian
|-supereffective|p1a: Landorus-Therian
|-damage|p1a: Landorus-Therian|84\/382
|
|-heal|p1a: Landorus-Therian|107\/382|[from] item: Leftovers
|turn|3
|
|switch|p2a: Zapdos|Zapdos|383\/383
|-damage|p2a: Zapdos|288\/383|[from] Stealth Rock
|-ability|p2a: Zapdos|Pressure
|move|p1a: Landorus-Therian|Earthquake|p2a: Zapdos
|-immune|p2a: Zapdos|[msg]
|
|-heal|p2a: Zapdos|311\/383|[from] item: Leftovers
|-heal|p1a: Landorus-Therian|130\/382|[from] item: Leftovers
|turn|4
|
|move|p2a: Zapdos|Hidden Power|p1a: Landorus-Therian
|-supereffective|p1a: Landorus-Therian
|-damage|p1a: Landorus-Therian|0 fnt
|faint|p1a: Landorus-Therian
|
|-heal|p2a: Zapdos|334\/383|[from] item: Leftovers
|
|switch|p1a: Greninja|Greninja, M, shiny|286\/286
|turn|5
|
|switch|p2a: Heatran|Heatran, M, shiny|385\/385
|-damage|p2a: Heatran|337\/385|[from] Stealth Rock
|move|p1a: Greninja|Ice Beam|p2a: Heatran
|-start|p1a: Greninja|typechange|Ice|[from] Protean
|-resisted|p2a: Heatran
|-damage|p2a: Heatran|306\/385
|-damage|p1a: Greninja|258\/286|[from] item: Life Orb
|
|-heal|p2a: Heatran|330\/385|[from] item: Leftovers
|turn|6
|
|move|p1a: Greninja|Hydro Pump|p2a: Heatran
|-start|p1a: Greninja|typechange|Water|[from] Protean
|-supereffective|p2a: Heatran
|-damage|p2a: Heatran|31\/385
|-damage|p1a: Greninja|230\/286|[from] item: Life Orb
|move|p2a: Heatran|Stealth Rock|p1a: Greninja
|-sidestart|p1: Mohammad|move: Stealth Rock
|
|-heal|p2a: Heatran|55\/385|[from] item: Leftovers
|turn|7
|
|move|p1a: Greninja|Hydro Pump|p2a: Heatran
|-supereffective|p2a: Heatran
|-damage|p2a: Heatran|0 fnt
|-damage|p1a: Greninja|202\/286|[from] item: Life Orb
|faint|p2a: Heatran
|
|
|switch|p2a: Conkeldurr|Conkeldurr, M|413\/413
|-damage|p2a: Conkeldurr|388\/413|[from] Stealth Rock
|turn|8
|
|move|p1a: Greninja|Extrasensory|p2a: Conkeldurr
|-start|p1a: Greninja|typechange|Psychic|[from] Protean
|-supereffective|p2a: Conkeldurr
|-damage|p2a: Conkeldurr|151\/413
|-damage|p1a: Greninja|174\/286|[from] item: Life Orb
|move|p2a: Conkeldurr|Knock Off|p1a: Greninja
|-supereffective|p1a: Greninja
|-damage|p1a: Greninja|0 fnt
|-enditem|p1a: Greninja|Life Orb|[from] move: Knock Off|[of] p2a: Conkeldurr
|faint|p1a: Greninja
|
|
|switch|p1a: Metagross|Metagross, shiny|302\/302
|-damage|p1a: Metagross|284\/302|[from] Stealth Rock
|turn|9
|
|switch|p2a: Zapdos|Zapdos|334\/383
|-damage|p2a: Zapdos|239\/383|[from] Stealth Rock
|-ability|p2a: Zapdos|Pressure
|detailschange|p1a: Metagross|Metagross-Mega, shiny
|message|Metagross has Mega Evolved into Mega Metagross!
|move|p1a: Metagross|Meteor Mash|p2a: Zapdos
|-resisted|p2a: Zapdos
|-damage|p2a: Zapdos|138\/383
|
|-heal|p2a: Zapdos|161\/383|[from] item: Leftovers
|turn|10
|
|move|p1a: Metagross|Ice Punch|p2a: Zapdos
|-supereffective|p2a: Zapdos
|-damage|p2a: Zapdos|0 fnt
|faint|p2a: Zapdos
|
|
|switch|p2a: Sableye|Sableye, M|303\/303
|-damage|p2a: Sableye|266\/303|[from] Stealth Rock
|turn|11
|
|detailschange|p2a: Sableye|Sableye-Mega, M
|message|Sableye has Mega Evolved into Mega Sableye!
|move|p2a: Sableye|Will-O-Wisp|p1a: Metagross
|-status|p1a: Metagross|brn
|move|p1a: Metagross|Hone Claws|p1a: Metagross
|-boost|p1a: Metagross|atk|1
|-boost|p1a: Metagross|accuracy|1
|
|-damage|p1a: Metagross|247\/302 brn|[from] brn
|turn|12
|
|move|p1a: Metagross|Hone Claws|p1a: Metagross
|-boost|p1a: Metagross|atk|1
|-boost|p1a: Metagross|accuracy|1
|move|p2a: Sableye|Calm Mind|p2a: Sableye
|-boost|p2a: Sableye|spa|1
|-boost|p2a: Sableye|spd|1
|
|-damage|p1a: Metagross|210\/302 brn|[from] brn
|turn|13
|
|move|p1a: Metagross|Meteor Mash|p2a: Sableye
|-damage|p2a: Sableye|121\/303
|move|p2a: Sableye|Dark Pulse|p1a: Metagross
|-supereffective|p1a: Metagross
|-damage|p1a: Metagross|0 fnt
|faint|p1a: Metagross
|
|
|switch|p1a: Reuniclus|Reuniclus, F, shiny|424\/424
|turn|14
|
|move|p2a: Sableye|Recover|p2a: Sableye
|-heal|p2a: Sableye|273\/303
|move|p1a: Reuniclus|Shadow Ball|p2a: Sableye
|-damage|p2a: Sableye|192\/303
|
|turn|15
|
|move|p2a: Sableye|Recover|p2a: Sableye
|-heal|p2a: Sableye|303\/303
|move|p1a: Reuniclus|Shadow Ball|p2a: Sableye
|-damage|p2a: Sableye|224\/303
|
|turn|16
|-message|Mohammad forfeited.
|
|win|Bl153
|raw|Ladder updating...
|leave|Mohammad
|player|p1
|raw|Mohammad's rating: 1456 &rarr; <strong>1432<\/strong><br \/>(-24 for losing)
|raw|Bl153's rating: 1392 &rarr; <strong>1416<\/strong><br \/>(+24 for winning)