|join|SunnyR
|join|Mohammad
|player|p1|SunnyR|161
|player|p2|Mohammad|101
|gametype|singles
|gen|6
|tier|OU
|rated
|clearpoke
|poke|p1|Mawile, M
|poke|p1|Latios, M
|poke|p1|Manaphy
|poke|p1|Ferrothorn, M
|poke|p1|Landorus, M
|poke|p1|Mamoswine, F
|poke|p2|Landorus-Therian, M, shiny
|poke|p2|Greninja, F, shiny
|poke|p2|Mawile, F, shiny
|poke|p2|Ferrothorn, M, shiny
|poke|p2|Infernape, F, shiny
|poke|p2|Togekiss, F, shiny
|rule|Swagger Clause: Swagger is banned
|rule|Baton Pass Clause: Limit one PokÃ©mon knowing Baton Pass
|rule|Sleep Clause Mod: Limit one foe put to sleep
|rule|Species Clause: Limit one of each PokÃ©mon
|rule|OHKO Clause: OHKO moves are banned
|rule|Moody Clause: Moody is banned
|rule|Evasion Moves Clause: Evasion moves are banned
|rule|Endless Battle Clause: Forcing endless battles is banned
|rule|HP Percentage Mod: HP is reported as percentages
|teampreview
|
|start
|switch|p1a: Mamoswine|Mamoswine, F|372\/372
|switch|p2a: Greninja|Greninja, F, shiny|286\/286
|turn|1
|
|switch|p1a: Ferrothorn|Ferrothorn, M|352\/352
|-start|p2a: Greninja|typechange|Water|[from] Protean
|move|p2a: Greninja|Hydro Pump|p1a: Ferrothorn
|-resisted|p1a: Ferrothorn
|-damage|p1a: Ferrothorn|274\/352
|-damage|p2a: Greninja|258\/286|[from] item: Life Orb
|
|turn|2
|
|-start|p2a: Greninja|typechange|Ice|[from] Protean
|move|p2a: Greninja|Ice Beam|p1a: Ferrothorn
|-damage|p1a: Ferrothorn|125\/352
|-damage|p2a: Greninja|230\/286|[from] item: Life Orb
|move|p1a: Ferrothorn|Stealth Rock|p2a: Greninja
|-sidestart|p2: Mohammad|move: Stealth Rock
|
|turn|3
|
|switch|p1a: Manaphy|Manaphy|404\/404
|move|p2a: Greninja|Ice Beam|p1a: Manaphy
|-resisted|p1a: Manaphy
|-damage|p1a: Manaphy|320\/404
|-damage|p2a: Greninja|202\/286|[from] item: Life Orb
|
|-heal|p1a: Manaphy|345\/404|[from] item: Leftovers
|turn|4
|
|-start|p2a: Greninja|typechange|Grass|[from] Protean
|move|p2a: Greninja|Hidden Power|p1a: Manaphy
|-supereffective|p1a: Manaphy
|-damage|p1a: Manaphy|119\/404
|-damage|p2a: Greninja|174\/286|[from] item: Life Orb
|move|p1a: Manaphy|Scald|p2a: Greninja
|-resisted|p2a: Greninja
|-damage|p2a: Greninja|109\/286
|
|-heal|p1a: Manaphy|144\/404|[from] item: Leftovers
|turn|5
|
|switch|p1a: Latios|Latios, M|302\/302
|-start|p2a: Greninja|typechange|Dark|[from] Protean
|move|p2a: Greninja|Dark Pulse|p1a: Latios
|-supereffective|p1a: Latios
|-damage|p1a: Latios|6\/302
|-damage|p2a: Greninja|81\/286|[from] item: Life Orb
|
|turn|6
|
|move|p2a: Greninja|Dark Pulse|p1a: Latios
|-supereffective|p1a: Latios
|-damage|p1a: Latios|0 fnt
|-damage|p2a: Greninja|53\/286|[from] item: Life Orb
|faint|p1a: Latios
|
|chat|SunnyR|;(
|
|switch|p1a: Mamoswine|Mamoswine, F|372\/372
|turn|7
|
|move|p1a: Mamoswine|Ice Shard|p2a: Greninja
|-damage|p2a: Greninja|0 fnt
|-damage|p1a: Mamoswine|335\/372|[from] item: Life Orb
|faint|p2a: Greninja
|
|
|switch|p2a: Infernape|Infernape, F, shiny|293\/293
|-damage|p2a: Infernape|257\/293|[from] Stealth Rock
|turn|8
|
|switch|p1a: Landorus|Landorus, M|319\/319
|move|p2a: Infernape|U-turn|p1a: Landorus
|-resisted|p1a: Landorus
|-damage|p1a: Landorus|279\/319
|
|switch|p2a: Ferrothorn|Ferrothorn, M, shiny|352\/352
|-damage|p2a: Ferrothorn|330\/352|[from] Stealth Rock
|
|turn|9
|
|move|p1a: Landorus|Focus Blast|p2a: Ferrothorn|[miss]
|-miss|p1a: Landorus|p2a: Ferrothorn
|move|p2a: Ferrothorn|Gyro Ball|p1a: Landorus
|-damage|p1a: Landorus|102\/319
|
|turn|10
|
|move|p1a: Landorus|Focus Blast|p2a: Ferrothorn
|-supereffective|p2a: Ferrothorn
|-damage|p2a: Ferrothorn|0 fnt
|faint|p2a: Ferrothorn
|
|
|switch|p2a: Infernape|Infernape, F, shiny|257\/293
|-damage|p2a: Infernape|221\/293|[from] Stealth Rock
|turn|11
|
|move|p2a: Infernape|Flare Blitz|p1a: Landorus
|-damage|p1a: Landorus|0 fnt
|-damage|p2a: Infernape|187\/293|[from] recoil|[of] p1a: Landorus
|faint|p1a: Landorus
|
|
|switch|p1a: Manaphy|Manaphy|144\/404
|turn|12
|
|move|p2a: Infernape|Flare Blitz|p1a: Manaphy
|-resisted|p1a: Manaphy
|-damage|p1a: Manaphy|73\/404
|-damage|p2a: Infernape|164\/293|[from] recoil|[of] p1a: Manaphy
|move|p1a: Manaphy|Rain Dance|p1a: Manaphy
|-weather|RainDance
|
|-weather|RainDance|[upkeep]
|-heal|p1a: Manaphy|98\/404|[from] item: Leftovers
|turn|13
|
|move|p2a: Infernape|Flare Blitz|p1a: Manaphy
|-resisted|p1a: Manaphy
|-damage|p1a: Manaphy|59\/404
|-damage|p2a: Infernape|151\/293|[from] recoil|[of] p1a: Manaphy
|move|p1a: Manaphy|Rest|p1a: Manaphy
|-status|p1a: Manaphy|slp
|-heal|p1a: Manaphy|404\/404 slp|[silent]
|-status|p1a: Manaphy|slp|[from] move: Rest
|
|-weather|RainDance|[upkeep]
|-curestatus|p1a: Manaphy|slp
|turn|14
|
|switch|p2a: Togekiss|Togekiss, F, shiny|374\/374
|-damage|p2a: Togekiss|281\/374|[from] Stealth Rock
|move|p1a: Manaphy|Calm Mind|p1a: Manaphy
|-boost|p1a: Manaphy|spa|1
|-boost|p1a: Manaphy|spd|1
|
|-weather|RainDance|[upkeep]
|-heal|p2a: Togekiss|304\/374|[from] item: Leftovers
|turn|15
|chat|SunnyR|gg
|
|move|p1a: Manaphy|Scald|p2a: Togekiss
|-damage|p2a: Togekiss|118\/374
|-status|p2a: Togekiss|brn
|move|p2a: Togekiss|Air Slash|p1a: Manaphy
|-damage|p1a: Manaphy|308\/404
|
|-weather|RainDance|[upkeep]
|-heal|p1a: Manaphy|333\/404|[from] item: Leftovers
|-heal|p2a: Togekiss|141\/374 brn|[from] item: Leftovers
|-damage|p2a: Togekiss|95\/374 brn|[from] brn
|turn|16
|-message|Mohammad forfeited.
|
|win|SunnyR
|raw|Ladder updating...
|leave|Mohammad
|player|p2
|raw|SunnyR's rating: 1646 &rarr; <strong>1664<\/strong><br \/>(+18 for winning)
|raw|Mohammad's rating: 1620 &rarr; <strong>1601<\/strong><br \/>(-19 for losing)