|join|Mohammad
|join|Will-I-am2
|player|p1|Mohammad|1
|player|p2|Will-I-am2|266
|gametype|singles
|gen|6
|tier|OU
|rated
|clearpoke
|poke|p1|Landorus-Therian, M, shiny
|poke|p1|Bisharp, F, shiny
|poke|p1|Medicham, M, shiny
|poke|p1|Greninja, F, shiny
|poke|p1|Togekiss, F, shiny
|poke|p1|Ferrothorn, M, shiny
|poke|p2|Registeel
|poke|p2|Donphan, F
|poke|p2|Hydreigon, M
|poke|p2|Mandibuzz, F
|poke|p2|Lucario, M
|poke|p2|Slowbro, F
|rule|Swagger Clause: Swagger is banned
|rule|Baton Pass Clause: Limit one PokÃ©mon knowing Baton Pass
|rule|Sleep Clause Mod: Limit one foe put to sleep
|rule|Species Clause: Limit one of each PokÃ©mon
|rule|OHKO Clause: OHKO moves are banned
|rule|Moody Clause: Moody is banned
|rule|Evasion Moves Clause: Evasion moves are banned
|rule|Endless Battle Clause: Forcing endless battles is banned
|rule|HP Percentage Mod: HP is shown in percentages
|teampreview
|
|start
|switch|p1a: Medicham|Medicham, M, shiny|262\/262
|switch|p2a: Donphan|Donphan, F|384\/384
|turn|1
|
|switch|p2a: Mandibuzz|Mandibuzz, F|416\/416
|detailschange|p1a: Medicham|Medicham-Mega, M, shiny
|message|Medicham has Mega Evolved into Mega Medicham!
|move|p1a: Medicham|Fake Out|p2a: Mandibuzz
|-damage|p2a: Mandibuzz|355\/416
|-damage|p1a: Medicham|219\/262|[from] item: Rocky Helmet|[of] p2a: Mandibuzz
|
|turn|2
|
|move|p1a: Medicham|High Jump Kick|p2a: Mandibuzz
|-damage|p2a: Mandibuzz|91\/416
|-damage|p1a: Medicham|176\/262|[from] item: Rocky Helmet|[of] p2a: Mandibuzz
|move|p2a: Mandibuzz|Brave Bird|p1a: Medicham
|-supereffective|p1a: Medicham
|-damage|p1a: Medicham|0 fnt
|-damage|p2a: Mandibuzz|33\/416|[from] recoil|[of] p1a: Medicham
|faint|p1a: Medicham
|
|
|switch|p1a: Landorus-Therian|Landorus-Therian, M, shiny|382\/382
|-ability|p1a: Landorus-Therian|Intimidate|[of] p2a: Mandibuzz
|-unboost|p2a: Mandibuzz|atk|1
|turn|3
|
|move|p1a: Landorus-Therian|U-turn|p2a: Mandibuzz
|-crit|p2a: Mandibuzz
|-damage|p2a: Mandibuzz|0 fnt
|-damage|p1a: Landorus-Therian|319\/382|[from] item: Rocky Helmet|[of] p2a: Mandibuzz
|faint|p2a: Mandibuzz
|
|switch|p1a: Greninja|Greninja, F, shiny|286\/286
|
|
|switch|p2a: Registeel|Registeel|364\/364
|turn|4
|
|switch|p1a: Landorus-Therian|Landorus-Therian, M, shiny|319\/382
|-ability|p1a: Landorus-Therian|Intimidate|[of] p2a: Registeel
|-fail|p2a: Registeel|unboost|[from] ability: Clear Body|[of] p2a: Registeel
|move|p2a: Registeel|Stealth Rock|p1a: Landorus-Therian
|-sidestart|p1: Mohammad|move: Stealth Rock
|
|-heal|p1a: Landorus-Therian|342\/382|[from] item: Leftovers
|turn|5
|
|switch|p2a: Hydreigon|Hydreigon, M|340\/340
|move|p1a: Landorus-Therian|U-turn|p2a: Hydreigon
|-supereffective|p2a: Hydreigon
|-damage|p2a: Hydreigon|112\/340
|
|switch|p1a: Togekiss|Togekiss, F, shiny|374\/374
|-damage|p1a: Togekiss|281\/374|[from] Stealth Rock
|
|-heal|p1a: Togekiss|304\/374|[from] item: Leftovers
|turn|6
|
|move|p2a: Hydreigon|Fire Blast|p1a: Togekiss
|-damage|p1a: Togekiss|118\/374
|move|p1a: Togekiss|Dazzling Gleam|p2a: Hydreigon
|-supereffective|p2a: Hydreigon
|-damage|p2a: Hydreigon|0 fnt
|faint|p2a: Hydreigon
|
|-heal|p1a: Togekiss|141\/374|[from] item: Leftovers
|
|switch|p2a: Donphan|Donphan, F|384\/384
|turn|7
|
|move|p1a: Togekiss|Air Slash|p2a: Donphan
|-damage|p2a: Donphan|188\/384
|move|p2a: Donphan|Rock Tomb|p1a: Togekiss
|-supereffective|p1a: Togekiss
|-damage|p1a: Togekiss|0 fnt
|faint|p1a: Togekiss
|
|-heal|p2a: Donphan|212\/384|[from] item: Leftovers
|
|switch|p1a: Greninja|Greninja, F, shiny|286\/286
|-damage|p1a: Greninja|251\/286|[from] Stealth Rock
|turn|8
|
|switch|p2a: Registeel|Registeel|364\/364
|move|p1a: Greninja|Hydro Pump|p2a: Registeel
|-start|p1a: Greninja|typechange|Water|[from] Protean
|-damage|p2a: Registeel|243\/364
|-damage|p1a: Greninja|223\/286|[from] item: Life Orb
|
|-heal|p2a: Registeel|265\/364|[from] item: Leftovers
|turn|9
|
|switch|p1a: Landorus-Therian|Landorus-Therian, M, shiny|342\/382
|-damage|p1a: Landorus-Therian|295\/382|[from] Stealth Rock
|-ability|p1a: Landorus-Therian|Intimidate|[of] p2a: Registeel
|-fail|p2a: Registeel|unboost|[from] ability: Clear Body|[of] p2a: Registeel
|move|p2a: Registeel|Seismic Toss|p1a: Landorus-Therian
|-damage|p1a: Landorus-Therian|195\/382
|
|-heal|p1a: Landorus-Therian|218\/382|[from] item: Leftovers
|-heal|p2a: Registeel|287\/364|[from] item: Leftovers
|turn|10
|
|switch|p2a: Slowbro|Slowbro, F|394\/394
|move|p1a: Landorus-Therian|Earthquake|p2a: Slowbro
|-crit|p2a: Slowbro
|-damage|p2a: Slowbro|114\/394
|
|-heal|p1a: Landorus-Therian|241\/382|[from] item: Leftovers
|-heal|p2a: Slowbro|138\/394|[from] item: Leftovers
|turn|11
|
|switch|p2a: Donphan|Donphan, F|212\/384
|move|p1a: Landorus-Therian|Earthquake|p2a: Donphan
|-damage|p2a: Donphan|40\/384
|
|-heal|p1a: Landorus-Therian|264\/382|[from] item: Leftovers
|-heal|p2a: Donphan|64\/384|[from] item: Leftovers
|turn|12
|
|move|p1a: Landorus-Therian|Stone Edge|p2a: Donphan
|-crit|p2a: Donphan
|-resisted|p2a: Donphan
|-damage|p2a: Donphan|0 fnt
|faint|p2a: Donphan
|
|-heal|p1a: Landorus-Therian|287\/382|[from] item: Leftovers
|
|switch|p2a: Slowbro|Slowbro, F|269\/394
|turn|13
|
|move|p1a: Landorus-Therian|U-turn|p2a: Slowbro
|-supereffective|p2a: Slowbro
|-damage|p2a: Slowbro|97\/394
|
|switch|p1a: Bisharp|Bisharp, F, shiny|334\/334
|-damage|p1a: Bisharp|314\/334|[from] Stealth Rock
|move|p2a: Slowbro|Scald|p1a: Bisharp
|-damage|p1a: Bisharp|151\/334
|
|-heal|p2a: Slowbro|121\/394|[from] item: Leftovers
|turn|14
|
|switch|p2a: Registeel|Registeel|287\/364
|move|p1a: Bisharp|Knock Off|p2a: Registeel
|-damage|p2a: Registeel|138\/364
|-enditem|p2a: Registeel|Leftovers|[from] move: Knock Off|[of] p1a: Bisharp
|-damage|p1a: Bisharp|118\/334|[from] item: Life Orb
|
|turn|15
|
|move|p1a: Bisharp|Knock Off|p2a: Registeel
|-damage|p2a: Registeel|37\/364
|-damage|p1a: Bisharp|85\/334|[from] item: Life Orb
|move|p2a: Registeel|Seismic Toss|p1a: Bisharp
|-damage|p1a: Bisharp|0 fnt
|faint|p1a: Bisharp
|
|
|switch|p1a: Greninja|Greninja, F, shiny|223\/286
|-damage|p1a: Greninja|188\/286|[from] Stealth Rock
|turn|16
|
|move|p1a: Greninja|Hydro Pump|p2a: Registeel
|-start|p1a: Greninja|typechange|Water|[from] Protean
|-damage|p2a: Registeel|0 fnt
|-damage|p1a: Greninja|160\/286|[from] item: Life Orb
|faint|p2a: Registeel
|
|
|switch|p2a: Lucario|Lucario, M|282\/282
|turn|17
|
|switch|p1a: Landorus-Therian|Landorus-Therian, M, shiny|287\/382
|-damage|p1a: Landorus-Therian|240\/382|[from] Stealth Rock
|-ability|p1a: Landorus-Therian|Intimidate|[of] p2a: Lucario
|-unboost|p2a: Lucario|atk|1
|switch|p2a: Slowbro|Slowbro, F|252\/394
|
|-heal|p1a: Landorus-Therian|263\/382|[from] item: Leftovers
|-heal|p2a: Slowbro|276\/394|[from] item: Leftovers
|turn|18
|
|move|p1a: Landorus-Therian|Earthquake|p2a: Slowbro
|-damage|p2a: Slowbro|80\/394
|move|p2a: Slowbro|Scald|p1a: Landorus-Therian
|-supereffective|p1a: Landorus-Therian
|-damage|p1a: Landorus-Therian|0 fnt
|faint|p1a: Landorus-Therian
|
|-heal|p2a: Slowbro|104\/394|[from] item: Leftovers
|
|switch|p1a: Ferrothorn|Ferrothorn, M, shiny|352\/352
|-damage|p1a: Ferrothorn|330\/352|[from] Stealth Rock
|turn|19
|
|move|p2a: Slowbro|Flamethrower|p1a: Ferrothorn
|-supereffective|p1a: Ferrothorn
|-damage|p1a: Ferrothorn|30\/352
|move|p1a: Ferrothorn|Power Whip|p2a: Slowbro
|-supereffective|p2a: Slowbro
|-damage|p2a: Slowbro|0 fnt
|faint|p2a: Slowbro
|
|
|switch|p2a: Lucario|Lucario, M|282\/282
|turn|20
|
|move|p2a: Lucario|Swords Dance|p2a: Lucario
|-boost|p2a: Lucario|atk|2
|move|p1a: Ferrothorn|Thunder Wave|p2a: Lucario
|-status|p2a: Lucario|par
|
|turn|21
|
|move|p2a: Lucario|Extreme Speed|p1a: Ferrothorn
|-resisted|p1a: Ferrothorn
|-damage|p1a: Ferrothorn|0 fnt
|-damage|p2a: Lucario|247\/282 par|[from] ability: Iron Barbs|[of] p1a: Ferrothorn
|-damage|p2a: Lucario|200\/282 par|[from] item: Rocky Helmet|[of] p1a: Ferrothorn
|-damage|p2a: Lucario|172\/282 par|[from] item: Life Orb
|faint|p1a: Ferrothorn
|
|
|switch|p1a: Greninja|Greninja, F, shiny|160\/286
|-damage|p1a: Greninja|125\/286|[from] Stealth Rock
|turn|22
|
|move|p2a: Lucario|Extreme Speed|p1a: Greninja
|-damage|p1a: Greninja|0 fnt
|-damage|p2a: Lucario|144\/282 par|[from] item: Life Orb
|faint|p1a: Greninja
|
|win|Will-I-am2
|raw|Ladder updating...
|raw|Mohammad's rating: 1630 &rarr; <strong>1614<\/strong><br \/>(-16 for losing)
|raw|Will-I-am2's rating: 1702 &rarr; <strong>1718<\/strong><br \/>(+16 for winning)
|leave|Mohammad
|player|p1