|join|Mohammad
|join|Derro
|player|p1|Mohammad|78
|player|p2|Derro|161
|gametype|singles
|gen|6
|tier|OU
|rated
|clearpoke
|poke|p1|Rotom-Wash, shiny
|poke|p1|Clefable, F, shiny
|poke|p1|Metagross, shiny
|poke|p1|Landorus-Therian, M, shiny
|poke|p1|Terrakion, shiny
|poke|p1|Latios, M, shiny
|poke|p2|Clefable, F
|poke|p2|Gyarados, M
|poke|p2|Raikou
|poke|p2|Heatran, M
|poke|p2|Latias, F
|poke|p2|Chesnaught, M
|rule|Swagger Clause: Swagger is banned
|rule|Baton Pass Clause: Limit one PokÃ©mon knowing Baton Pass
|rule|Sleep Clause Mod: Limit one foe put to sleep
|rule|Species Clause: Limit one of each PokÃ©mon
|rule|OHKO Clause: OHKO moves are banned
|rule|Moody Clause: Moody is banned
|rule|Evasion Moves Clause: Evasion moves are banned
|rule|Endless Battle Clause: Forcing endless battles is banned
|rule|HP Percentage Mod: HP is shown in percentages
|teampreview
|
|start
|switch|p1a: Clefable|Clefable, F, shiny|394\/394
|switch|p2a: Kirby's cousin|Clefable, F|393\/393
|turn|1
|
|switch|p1a: Metagross|Metagross, shiny|302\/302
|move|p2a: Kirby's cousin|Stealth Rock|p1a: Metagross
|-sidestart|p1: Mohammad|move: Stealth Rock
|
|turn|2
|
|switch|p2a: Johnny Storm|Heatran, M|324\/324
|detailschange|p1a: Metagross|Metagross-Mega, shiny
|-mega|p1a: Metagross|Metagross|Metagrossite
|move|p1a: Metagross|Zen Headbutt|p2a: Johnny Storm
|-resisted|p2a: Johnny Storm
|-damage|p2a: Johnny Storm|222\/324
|
|turn|3
|
|switch|p1a: Rotom-Wash|Rotom-Wash, shiny|304\/304
|-damage|p1a: Rotom-Wash|266\/304|[from] Stealth Rock
|move|p2a: Johnny Storm|Overheat|p1a: Rotom-Wash
|-resisted|p1a: Rotom-Wash
|-damage|p1a: Rotom-Wash|179\/304
|-unboost|p2a: Johnny Storm|spa|2
|
|-heal|p1a: Rotom-Wash|198\/304|[from] item: Leftovers
|turn|4
|
|switch|p2a: G. Lightning|Raikou|321\/321
|-ability|p2a: G. Lightning|Pressure
|move|p1a: Rotom-Wash|Volt Switch|p2a: G. Lightning
|-resisted|p2a: G. Lightning
|-damage|p2a: G. Lightning|292\/321
|
|switch|p1a: Terrakion|Terrakion, shiny|324\/324
|-damage|p1a: Terrakion|304\/324|[from] Stealth Rock
|
|turn|5
|
|switch|p2a: Chip & Dale|Chesnaught, M|380\/380
|move|p1a: Terrakion|Earthquake|p2a: Chip & Dale
|-resisted|p2a: Chip & Dale
|-damage|p2a: Chip & Dale|342\/380
|
|-heal|p2a: Chip & Dale|365\/380|[from] item: Leftovers
|turn|6
|
|switch|p1a: Clefable|Clefable, F, shiny|394\/394
|move|p2a: Chip & Dale|Leech Seed|p1a: Clefable
|-start|p1a: Clefable|move: Leech Seed
|
|-heal|p2a: Chip & Dale|380\/380|[from] item: Leftovers
|turn|7
|
|switch|p2a: Johnny Storm|Heatran, M|222\/324
|switch|p1a: Landorus-Therian|Landorus-Therian, M, shiny|382\/382
|-damage|p1a: Landorus-Therian|335\/382|[from] Stealth Rock
|-ability|p1a: Landorus-Therian|Intimidate|[of] p2a: Johnny Storm
|-unboost|p2a: Johnny Storm|atk|1
|
|-heal|p1a: Landorus-Therian|358\/382|[from] item: Leftovers
|turn|8
|
|switch|p2a: (Frank) Gyary|Gyarados, M|361\/361
|-ability|p2a: (Frank) Gyary|Intimidate|[of] p1a: Landorus-Therian
|-unboost|p1a: Landorus-Therian|atk|1
|move|p1a: Landorus-Therian|Stealth Rock|p2a: (Frank) Gyary
|-sidestart|p2: Derro|move: Stealth Rock
|
|-heal|p1a: Landorus-Therian|381\/382|[from] item: Leftovers
|turn|9
|
|move|p2a: (Frank) Gyary|Taunt|p1a: Landorus-Therian
|-start|p1a: Landorus-Therian|move: Taunt
|move|p1a: Landorus-Therian|U-turn|p2a: (Frank) Gyary
|-resisted|p2a: (Frank) Gyary
|-damage|p2a: (Frank) Gyary|326\/361
|
|switch|p1a: Rotom-Wash|Rotom-Wash, shiny|198\/304
|-damage|p1a: Rotom-Wash|160\/304|[from] Stealth Rock
|
|-heal|p1a: Rotom-Wash|179\/304|[from] item: Leftovers
|turn|10
|
|switch|p2a: G. Lightning|Raikou|292\/321
|-damage|p2a: G. Lightning|252\/321|[from] Stealth Rock
|-ability|p2a: G. Lightning|Pressure
|move|p1a: Rotom-Wash|Pain Split|p2a: G. Lightning
|-sethp|p2a: G. Lightning|215\/321|p1a: Rotom-Wash|215\/304|[from] move: Pain Split
|
|-heal|p1a: Rotom-Wash|234\/304|[from] item: Leftovers
|turn|11
|
|move|p2a: G. Lightning|Thunderbolt|p1a: Rotom-Wash
|-damage|p1a: Rotom-Wash|137\/304
|move|p1a: Rotom-Wash|Volt Switch|p2a: G. Lightning
|-resisted|p2a: G. Lightning
|-damage|p2a: G. Lightning|189\/321
|
|switch|p1a: Landorus-Therian|Landorus-Therian, M, shiny|381\/382
|-damage|p1a: Landorus-Therian|334\/382|[from] Stealth Rock
|-ability|p1a: Landorus-Therian|Intimidate|[of] p2a: G. Lightning
|-unboost|p2a: G. Lightning|atk|1
|
|-heal|p1a: Landorus-Therian|357\/382|[from] item: Leftovers
|turn|12
|
|move|p2a: G. Lightning|Hidden Power|p1a: Landorus-Therian
|-crit|p1a: Landorus-Therian
|-supereffective|p1a: Landorus-Therian
|-damage|p1a: Landorus-Therian|0 fnt
|faint|p1a: Landorus-Therian
|
|
|switch|p1a: Clefable|Clefable, F, shiny|394\/394
|turn|13
|
|move|p2a: G. Lightning|Volt Switch|p1a: Clefable
|-damage|p1a: Clefable|262\/394
|
|switch|p2a: Johnny Storm|Heatran, M|222\/324
|-damage|p2a: Johnny Storm|182\/324|[from] Stealth Rock
|move|p1a: Clefable|Moonblast|p2a: Johnny Storm
|-resisted|p2a: Johnny Storm
|-damage|p2a: Johnny Storm|134\/324
|
|turn|14
|
|switch|p1a: Rotom-Wash|Rotom-Wash, shiny|137\/304
|-damage|p1a: Rotom-Wash|99\/304|[from] Stealth Rock
|move|p2a: Johnny Storm|Flash Cannon|p1a: Rotom-Wash
|-resisted|p1a: Rotom-Wash
|-damage|p1a: Rotom-Wash|74\/304
|
|-heal|p1a: Rotom-Wash|93\/304|[from] item: Leftovers
|turn|15
|
|switch|p2a: Onee-Chan|Latias, F|301\/301
|-damage|p2a: Onee-Chan|264\/301|[from] Stealth Rock
|move|p1a: Rotom-Wash|Hydro Pump|p2a: Onee-Chan
|-resisted|p2a: Onee-Chan
|-damage|p2a: Onee-Chan|210\/301
|
|-heal|p1a: Rotom-Wash|112\/304|[from] item: Leftovers
|turn|16
|
|move|p2a: Onee-Chan|Defog|p1a: Rotom-Wash
|-unboost|p1a: Rotom-Wash|evasion|1
|-sideend|p1: Mohammad|Stealth Rock|[from] move: Defog|[of] p1a: Rotom-Wash
|-sideend|p2: Derro|Stealth Rock|[from] move: Defog|[of] p2a: Onee-Chan
|move|p1a: Rotom-Wash|Pain Split|p2a: Onee-Chan
|-sethp|p2a: Onee-Chan|161\/301|p1a: Rotom-Wash|161\/304|[from] move: Pain Split
|
|-heal|p1a: Rotom-Wash|180\/304|[from] item: Leftovers
|turn|17
|
|switch|p1a: Clefable|Clefable, F, shiny|262\/394
|move|p2a: Onee-Chan|Psyshock|p1a: Clefable
|-damage|p1a: Clefable|46\/394
|-damage|p2a: Onee-Chan|131\/301|[from] item: Life Orb
|
|turn|18
|
|move|p2a: Onee-Chan|Psyshock|p1a: Clefable
|-damage|p1a: Clefable|0 fnt
|-damage|p2a: Onee-Chan|101\/301|[from] item: Life Orb
|faint|p1a: Clefable
|
|
|switch|p1a: Metagross|Metagross-Mega, shiny|302\/302
|turn|19
|
|switch|p2a: (Frank) Gyary|Gyarados, M|326\/361
|-ability|p2a: (Frank) Gyary|Intimidate|[of] p1a: Metagross
|-unboost|p1a: Metagross|atk|1
|move|p1a: Metagross|Meteor Mash|p2a: (Frank) Gyary
|-resisted|p2a: (Frank) Gyary
|-damage|p2a: (Frank) Gyary|227\/361
|
|turn|20
|
|switch|p1a: Rotom-Wash|Rotom-Wash, shiny|180\/304
|switch|p2a: Onee-Chan|Latias, F|101\/301
|
|-heal|p1a: Rotom-Wash|199\/304|[from] item: Leftovers
|turn|21
|
|move|p2a: Onee-Chan|Draco Meteor|p1a: Rotom-Wash
|-damage|p1a: Rotom-Wash|7\/304
|-unboost|p2a: Onee-Chan|spa|2
|-damage|p2a: Onee-Chan|71\/301|[from] item: Life Orb
|move|p1a: Rotom-Wash|Volt Switch|p2a: Onee-Chan
|-resisted|p2a: Onee-Chan
|-damage|p2a: Onee-Chan|35\/301
|
|switch|p1a: Metagross|Metagross-Mega, shiny|302\/302
|
|turn|22
|
|move|p2a: Onee-Chan|Draco Meteor|p1a: Metagross
|-resisted|p1a: Metagross
|-damage|p1a: Metagross|245\/302
|-unboost|p2a: Onee-Chan|spa|2
|-damage|p2a: Onee-Chan|5\/301|[from] item: Life Orb
|move|p1a: Metagross|Zen Headbutt|p2a: Onee-Chan
|-resisted|p2a: Onee-Chan
|-damage|p2a: Onee-Chan|0 fnt
|faint|p2a: Onee-Chan
|
|
|switch|p2a: G. Lightning|Raikou|189\/321
|-ability|p2a: G. Lightning|Pressure
|turn|23
|
|switch|p1a: Rotom-Wash|Rotom-Wash, shiny|7\/304
|move|p2a: G. Lightning|Shadow Ball|p1a: Rotom-Wash
|-crit|p1a: Rotom-Wash
|-damage|p1a: Rotom-Wash|0 fnt
|faint|p1a: Rotom-Wash
|
|
|switch|p1a: Terrakion|Terrakion, shiny|304\/324
|turn|24
|
|switch|p2a: Chip & Dale|Chesnaught, M|380\/380
|move|p1a: Terrakion|Close Combat|p2a: Chip & Dale
|-damage|p2a: Chip & Dale|241\/380
|-unboost|p1a: Terrakion|def|1
|-unboost|p1a: Terrakion|spd|1
|
|-heal|p2a: Chip & Dale|264\/380|[from] item: Leftovers
|turn|25
|
|switch|p1a: Latios|Latios, M, shiny|302\/302
|move|p2a: Chip & Dale|Leech Seed|p1a: Latios
|-start|p1a: Latios|move: Leech Seed
|
|-heal|p2a: Chip & Dale|287\/380|[from] item: Leftovers
|-damage|p1a: Latios|265\/302|[from] Leech Seed|[of] p2a: Chip & Dale
|-heal|p2a: Chip & Dale|324\/380|[silent]
|turn|26
|
|switch|p1a: Metagross|Metagross-Mega, shiny|245\/302
|switch|p2a: Kirby's cousin|Clefable, F|393\/393
|
|turn|27
|
|move|p1a: Metagross|Meteor Mash|p2a: Kirby's cousin
|-supereffective|p2a: Kirby's cousin
|-damage|p2a: Kirby's cousin|0 fnt
|faint|p2a: Kirby's cousin
|
|
|switch|p2a: (Frank) Gyary|Gyarados, M|227\/361
|-ability|p2a: (Frank) Gyary|Intimidate|[of] p1a: Metagross
|-unboost|p1a: Metagross|atk|1
|turn|28
|
|switch|p1a: Latios|Latios, M, shiny|265\/302
|move|p2a: (Frank) Gyary|Waterfall|p1a: Latios
|-resisted|p1a: Latios
|-damage|p1a: Latios|189\/302
|
|turn|29
|
|switch|p2a: Johnny Storm|Heatran, M|134\/324
|move|p1a: Latios|Draco Meteor|p2a: Johnny Storm
|-resisted|p2a: Johnny Storm
|-damage|p2a: Johnny Storm|0 fnt
|-unboost|p1a: Latios|spa|2
|-damage|p1a: Latios|159\/302|[from] item: Life Orb
|faint|p2a: Johnny Storm
|
|
|switch|p2a: (Frank) Gyary|Gyarados, M|227\/361
|-ability|p2a: (Frank) Gyary|Intimidate|[of] p1a: Latios
|-unboost|p1a: Latios|atk|1
|turn|30
|
|detailschange|p2a: (Frank) Gyary|Gyarados-Mega, M
|-mega|p2a: (Frank) Gyary|Gyarados|Gyaradosite
|-ability|p2a: (Frank) Gyary|Mold Breaker
|move|p1a: Latios|Draco Meteor|p2a: (Frank) Gyary
|-damage|p2a: (Frank) Gyary|114\/361
|-unboost|p1a: Latios|spa|2
|-damage|p1a: Latios|129\/302|[from] item: Life Orb
|move|p2a: (Frank) Gyary|Dragon Dance|p2a: (Frank) Gyary
|-boost|p2a: (Frank) Gyary|atk|1
|-boost|p2a: (Frank) Gyary|spe|1
|
|turn|31
|
|move|p2a: (Frank) Gyary|Dragon Dance|p2a: (Frank) Gyary
|-boost|p2a: (Frank) Gyary|atk|1
|-boost|p2a: (Frank) Gyary|spe|1
|move|p1a: Latios|Draco Meteor|p2a: (Frank) Gyary
|-damage|p2a: (Frank) Gyary|39\/361
|-unboost|p1a: Latios|spa|2
|-damage|p1a: Latios|99\/302|[from] item: Life Orb
|
|turn|32
|
|move|p2a: (Frank) Gyary|Crunch|p1a: Latios
|-supereffective|p1a: Latios
|-damage|p1a: Latios|0 fnt
|faint|p1a: Latios
|
|-message|Mohammad forfeited.
|leave|Mohammad
|
|win|Derro
|raw|Ladder updating...
|player|p1
|c|âDerro|muahahahah
|raw|Mohammad's rating: 1540 &rarr; <strong>1518<\/strong><br \/>(-22 for losing)
|raw|Derro's rating: 1515 &rarr; <strong>1537<\/strong><br \/>(+22 for winning)
|c|âDerro|gg