|join|shot package
|join|Mohammad
|player|p1|shot package|265
|player|p2|Mohammad|78
|gametype|singles
|gen|6
|tier|OU
|rated
|clearpoke
|poke|p1|Tyranitar, M
|poke|p1|Suicune
|poke|p1|Landorus, M
|poke|p1|Heatran, M
|poke|p1|Latios, M
|poke|p1|Manectric, M
|poke|p2|Rotom-Wash, shiny
|poke|p2|Clefable, M, shiny
|poke|p2|Landorus-Therian, M, shiny
|poke|p2|Terrakion, shiny
|poke|p2|Latios, M, shiny
|poke|p2|Metagross, shiny
|rule|Swagger Clause: Swagger is banned
|rule|Baton Pass Clause: Limit one PokÃ©mon knowing Baton Pass
|rule|Sleep Clause Mod: Limit one foe put to sleep
|rule|Species Clause: Limit one of each PokÃ©mon
|rule|OHKO Clause: OHKO moves are banned
|rule|Moody Clause: Moody is banned
|rule|Evasion Moves Clause: Evasion moves are banned
|rule|Endless Battle Clause: Forcing endless battles is banned
|rule|HP Percentage Mod: HP is shown in percentages
|teampreview
|
|start
|switch|p1a: Manectric|Manectric, M|281\/281
|switch|p2a: Rotom-Wash|Rotom-Wash, shiny|304\/304
|turn|1
|
|detailschange|p1a: Manectric|Manectric-Mega, M
|-mega|p1a: Manectric|Manectric|Manectite
|-ability|p1a: Manectric|Intimidate|[of] p2a: Rotom-Wash
|-unboost|p2a: Rotom-Wash|atk|1
|move|p1a: Manectric|Volt Switch|p2a: Rotom-Wash
|-damage|p2a: Rotom-Wash|207\/304
|
|switch|p1a: Latios|Latios, M|301\/301
|move|p2a: Rotom-Wash|Pain Split|p1a: Latios
|-sethp|p1a: Latios|254\/301|p2a: Rotom-Wash|254\/304|[from] move: Pain Split
|
|-heal|p2a: Rotom-Wash|273\/304|[from] item: Leftovers
|turn|2
|
|switch|p2a: Clefable|Clefable, M, shiny|394\/394
|move|p1a: Latios|Draco Meteor|p2a: Clefable
|-immune|p2a: Clefable|[msg]
|
|turn|3
|
|switch|p1a: Heatran|Heatran, M|385\/385
|move|p2a: Clefable|Moonblast|p1a: Heatran
|-resisted|p1a: Heatran
|-damage|p1a: Heatran|343\/385
|-unboost|p1a: Heatran|spa|1
|
|-heal|p1a: Heatran|367\/385|[from] item: Leftovers
|turn|4
|
|move|p1a: Heatran|Stealth Rock|p2a: Clefable
|-sidestart|p2: Mohammad|move: Stealth Rock
|move|p2a: Clefable|Hidden Power|p1a: Heatran
|-supereffective|p1a: Heatran
|-damage|p1a: Heatran|97\/385
|
|-heal|p1a: Heatran|121\/385|[from] item: Leftovers
|turn|5
|
|move|p1a: Heatran|Taunt|p2a: Clefable
|-start|p2a: Clefable|move: Taunt
|move|p2a: Clefable|Moonblast|p1a: Heatran
|-crit|p1a: Heatran
|-resisted|p1a: Heatran
|-damage|p1a: Heatran|63\/385
|
|-heal|p1a: Heatran|87\/385|[from] item: Leftovers
|turn|6
|
|switch|p1a: Landorus|Landorus, M|343\/343
|move|p2a: Clefable|Hidden Power|p1a: Landorus
|-immune|p1a: Landorus|[msg]
|
|turn|7
|
|switch|p2a: Metagross|Metagross, shiny|302\/302
|-damage|p2a: Metagross|284\/302|[from] Stealth Rock
|move|p1a: Landorus|Psychic|p2a: Metagross
|-resisted|p2a: Metagross
|-damage|p2a: Metagross|239\/302
|
|turn|8
|
|switch|p2a: Rotom-Wash|Rotom-Wash, shiny|273\/304
|-damage|p2a: Rotom-Wash|235\/304|[from] Stealth Rock
|move|p1a: Landorus|Earth Power|p2a: Rotom-Wash
|-immune|p2a: Rotom-Wash|[msg]
|
|-heal|p2a: Rotom-Wash|254\/304|[from] item: Leftovers
|turn|9
|
|switch|p1a: Latios|Latios, M|254\/301
|move|p2a: Rotom-Wash|Will-O-Wisp|p1a: Latios
|-status|p1a: Latios|brn
|
|-heal|p2a: Rotom-Wash|273\/304|[from] item: Leftovers
|-damage|p1a: Latios|217\/301 brn|[from] brn
|turn|10
|
|move|p1a: Latios|Draco Meteor|p2a: Rotom-Wash
|-damage|p2a: Rotom-Wash|62\/304
|-unboost|p1a: Latios|spa|2
|-damage|p1a: Latios|187\/301 brn|[from] item: Life Orb
|move|p2a: Rotom-Wash|Volt Switch|p1a: Latios
|-resisted|p1a: Latios
|-damage|p1a: Latios|144\/301 brn
|
|switch|p2a: Metagross|Metagross, shiny|239\/302
|-damage|p2a: Metagross|221\/302|[from] Stealth Rock
|
|-damage|p1a: Latios|107\/301 brn|[from] brn
|turn|11
|
|switch|p1a: Suicune|Suicune|403\/403
|-ability|p1a: Suicune|Pressure
|detailschange|p2a: Metagross|Metagross-Mega, shiny
|-mega|p2a: Metagross|Metagross|Metagrossite
|move|p2a: Metagross|Zen Headbutt|p1a: Suicune
|-crit|p1a: Suicune
|-damage|p1a: Suicune|204\/403
|
|-heal|p1a: Suicune|229\/403|[from] item: Leftovers
|turn|12
|
|switch|p2a: Latios|Latios, M, shiny|302\/302
|-damage|p2a: Latios|265\/302|[from] Stealth Rock
|move|p1a: Suicune|Rest|p1a: Suicune
|-status|p1a: Suicune|slp
|-heal|p1a: Suicune|403\/403 slp|[silent]
|-status|p1a: Suicune|slp|[from] move: Rest
|
|turn|13
|
|switch|p1a: Tyranitar|Tyranitar, M|341\/341
|-weather|Sandstorm
|move|p2a: Latios|Draco Meteor|p1a: Tyranitar
|-crit|p1a: Tyranitar
|-damage|p1a: Tyranitar|25\/341
|-unboost|p2a: Latios|spa|2
|-damage|p2a: Latios|235\/302|[from] item: Life Orb
|
|-weather|Sandstorm|[upkeep]
|-damage|p2a: Latios|217\/302|[from] sandstorm
|turn|14
|
|move|p1a: Tyranitar|Pursuit|p2a: Latios
|-supereffective|p2a: Latios
|-damage|p2a: Latios|29\/302
|move|p2a: Latios|Draco Meteor|p1a: Tyranitar
|-damage|p1a: Tyranitar|0 fnt
|-unboost|p2a: Latios|spa|2
|-damage|p2a: Latios|0 fnt|[from] item: Life Orb
|faint|p1a: Tyranitar
|faint|p2a: Latios
|
|-weather|Sandstorm|[upkeep]
|
|switch|p1a: Manectric|Manectric-Mega, M|281\/281
|switch|p2a: Rotom-Wash|Rotom-Wash, shiny|62\/304
|-ability|p1a: Manectric|Intimidate|[of] p2a: Rotom-Wash
|-unboost|p2a: Rotom-Wash|atk|1
|-damage|p2a: Rotom-Wash|24\/304|[from] Stealth Rock
|turn|15
|
|move|p1a: Manectric|Thunderbolt|p2a: Rotom-Wash
|-damage|p2a: Rotom-Wash|0 fnt
|faint|p2a: Rotom-Wash
|
|-weather|Sandstorm|[upkeep]
|-damage|p1a: Manectric|264\/281|[from] sandstorm
|
|switch|p2a: Clefable|Clefable, M, shiny|394\/394
|turn|16
|
|move|p1a: Manectric|Volt Switch|p2a: Clefable
|-damage|p2a: Clefable|264\/394
|
|switch|p1a: Heatran|Heatran, M|87\/385
|move|p2a: Clefable|Moonblast|p1a: Heatran
|-resisted|p1a: Heatran
|-damage|p1a: Heatran|49\/385
|
|-weather|Sandstorm|[upkeep]
|-heal|p1a: Heatran|73\/385|[from] item: Leftovers
|turn|17
|
|move|p1a: Heatran|Lava Plume|p2a: Clefable
|-damage|p2a: Clefable|144\/394
|-status|p2a: Clefable|brn
|move|p2a: Clefable|Soft-Boiled|p2a: Clefable
|-heal|p2a: Clefable|341\/394 brn
|
|-weather|none
|-heal|p1a: Heatran|97\/385|[from] item: Leftovers
|turn|18
|
|move|p1a: Heatran|Lava Plume|p2a: Clefable
|-damage|p2a: Clefable|214\/394 brn
|move|p2a: Clefable|Hidden Power|p1a: Heatran
|-supereffective|p1a: Heatran
|-damage|p1a: Heatran|0 fnt
|faint|p1a: Heatran
|
|
|switch|p1a: Landorus|Landorus, M|343\/343
|turn|19
|
|switch|p2a: Landorus-Therian|Landorus-Therian, M, shiny|382\/382
|-damage|p2a: Landorus-Therian|335\/382|[from] Stealth Rock
|-ability|p2a: Landorus-Therian|Intimidate|[of] p1a: Landorus
|-unboost|p1a: Landorus|atk|1
|move|p1a: Landorus|Earth Power|p2a: Landorus-Therian
|-immune|p2a: Landorus-Therian|[msg]
|
|-heal|p2a: Landorus-Therian|358\/382|[from] item: Leftovers
|turn|20
|
|move|p1a: Landorus|Psychic|p2a: Landorus-Therian
|-damage|p2a: Landorus-Therian|129\/382
|move|p2a: Landorus-Therian|Knock Off|p1a: Landorus
|-damage|p1a: Landorus|213\/343
|-enditem|p1a: Landorus|Life Orb|[from] move: Knock Off|[of] p2a: Landorus-Therian
|
|-heal|p2a: Landorus-Therian|152\/382|[from] item: Leftovers
|turn|21
|
|move|p1a: Landorus|Rock Polish|p1a: Landorus
|-boost|p1a: Landorus|spe|2
|move|p2a: Landorus-Therian|Stealth Rock|p1a: Landorus
|-sidestart|p1: shot package|move: Stealth Rock
|
|-heal|p2a: Landorus-Therian|175\/382|[from] item: Leftovers
|turn|22
|
|move|p1a: Landorus|Psychic|p2a: Landorus-Therian
|-damage|p2a: Landorus-Therian|0 fnt
|faint|p2a: Landorus-Therian
|
|-message|Mohammad forfeited.
|leave|Mohammad
|
|win|shot package
|raw|Ladder updating...
|player|p2