|join|Mohammad
|join|WhyWouldUSashThat
|player|p1|Mohammad|101
|player|p2|WhyWouldUSashThat|124
|gametype|singles
|gen|6
|tier|OU
|rated
|clearpoke
|poke|p1|Rotom-Wash, shiny
|poke|p1|Greninja, F, shiny
|poke|p1|Terrakion, shiny
|poke|p1|Metagross, shiny
|poke|p1|Latios, M, shiny
|poke|p1|Landorus-Therian, M, shiny
|poke|p2|Skarmory, M
|poke|p2|Azumarill, M, shiny
|poke|p2|Lopunny, M
|poke|p2|Celebi
|poke|p2|Talonflame, F
|poke|p2|Mandibuzz, F
|rule|Swagger Clause: Swagger is banned
|rule|Baton Pass Clause: Limit one PokÃ©mon knowing Baton Pass
|rule|Sleep Clause Mod: Limit one foe put to sleep
|rule|Species Clause: Limit one of each PokÃ©mon
|rule|OHKO Clause: OHKO moves are banned
|rule|Moody Clause: Moody is banned
|rule|Evasion Moves Clause: Evasion moves are banned
|rule|Endless Battle Clause: Forcing endless battles is banned
|rule|HP Percentage Mod: HP is shown in percentages
|teampreview
|
|start
|switch|p1a: Landorus-Therian|Landorus-Therian, M, shiny|382\/382
|switch|p2a: gen 4 mk. 2|Lopunny, M|271\/271
|-ability|p1a: Landorus-Therian|Intimidate|[of] p2a: gen 4 mk. 2
|-unboost|p2a: gen 4 mk. 2|atk|1
|turn|1
|
|detailschange|p2a: gen 4 mk. 2|Lopunny-Mega, M
|-mega|p2a: gen 4 mk. 2|Lopunny|Lopunnite
|move|p2a: gen 4 mk. 2|Fake Out|p1a: Landorus-Therian
|-damage|p1a: Landorus-Therian|339\/382
|cant|p1a: Landorus-Therian|flinch
|
|-heal|p1a: Landorus-Therian|362\/382|[from] item: Leftovers
|turn|2
|
|switch|p2a: gen 4|Skarmory, M|333\/333
|move|p1a: Landorus-Therian|Earthquake|p2a: gen 4
|-immune|p2a: gen 4|[msg]
|
|-heal|p1a: Landorus-Therian|382\/382|[from] item: Leftovers
|turn|3
|
|move|p1a: Landorus-Therian|Knock Off|p2a: gen 4
|-damage|p2a: gen 4|268\/333
|-damage|p1a: Landorus-Therian|319\/382|[from] item: Rocky Helmet|[of] p2a: gen 4
|-enditem|p2a: gen 4|Rocky Helmet|[from] move: Knock Off|[of] p1a: Landorus-Therian
|move|p2a: gen 4|Defog|p1a: Landorus-Therian
|-unboost|p1a: Landorus-Therian|evasion|1
|
|-heal|p1a: Landorus-Therian|342\/382|[from] item: Leftovers
|turn|4
|
|switch|p2a: Mandibuzz|Mandibuzz, F|423\/423
|move|p1a: Landorus-Therian|Stealth Rock|p2a: Mandibuzz
|-sidestart|p2: WhyWouldUSashThat|move: Stealth Rock
|
|-heal|p1a: Landorus-Therian|365\/382|[from] item: Leftovers
|turn|5
|
|move|p1a: Landorus-Therian|U-turn|p2a: Mandibuzz
|-damage|p2a: Mandibuzz|344\/423
|
|switch|p1a: Rotom-Wash|Rotom-Wash, shiny|304\/304
|move|p2a: Mandibuzz|Toxic|p1a: Rotom-Wash
|-status|p1a: Rotom-Wash|tox
|
|-heal|p2a: Mandibuzz|370\/423|[from] item: Leftovers
|-damage|p1a: Rotom-Wash|285\/304 tox|[from] psn
|turn|6
|
|move|p1a: Rotom-Wash|Volt Switch|p2a: Mandibuzz
|-crit|p2a: Mandibuzz
|-supereffective|p2a: Mandibuzz
|-damage|p2a: Mandibuzz|76\/423
|
|switch|p1a: Greninja|Greninja, F, shiny|285\/285
|move|p2a: Mandibuzz|Roost|p2a: Mandibuzz
|-heal|p2a: Mandibuzz|288\/423
|
|-heal|p2a: Mandibuzz|314\/423|[from] item: Leftovers
|turn|7
|
|switch|p2a: gen 4 fairy buff|Azumarill, M, shiny|403\/403
|-damage|p2a: gen 4 fairy buff|353\/403|[from] Stealth Rock
|move|p1a: Greninja|Ice Beam|p2a: gen 4 fairy buff
|-start|p1a: Greninja|typechange|Ice|[from] Protean
|-resisted|p2a: gen 4 fairy buff
|-damage|p2a: gen 4 fairy buff|279\/403
|-damage|p1a: Greninja|257\/285|[from] item: Life Orb
|
|turn|8
|
|move|p1a: Greninja|Gunk Shot|p2a: gen 4 fairy buff|[miss]
|-start|p1a: Greninja|typechange|Poison|[from] Protean
|-miss|p1a: Greninja|p2a: gen 4 fairy buff
|move|p2a: gen 4 fairy buff|Play Rough|p1a: Greninja
|-resisted|p1a: Greninja
|-damage|p1a: Greninja|105\/285
|
|turn|9
|c|âMohammad|mmm
|
|switch|p1a: Metagross|Metagross, shiny|302\/302
|move|p2a: gen 4 fairy buff|Aqua Jet|p1a: Metagross
|-damage|p1a: Metagross|230\/302
|
|turn|10
|
|switch|p2a: gen 4|Skarmory, M|268\/333
|-damage|p2a: gen 4|227\/333|[from] Stealth Rock
|detailschange|p1a: Metagross|Metagross-Mega, shiny
|-mega|p1a: Metagross|Metagross|Metagrossite
|move|p1a: Metagross|Meteor Mash|p2a: gen 4
|-resisted|p2a: gen 4
|-damage|p2a: gen 4|166\/333
|-boost|p1a: Metagross|atk|1
|
|turn|11
|
|move|p1a: Metagross|Ice Punch|p2a: gen 4
|-damage|p2a: gen 4|53\/333
|move|p2a: gen 4|Counter|p1a: Metagross
|-damage|p1a: Metagross|4\/302
|
|turn|12
|
|switch|p2a: gen 4 fairy buff|Azumarill, M, shiny|279\/403
|-damage|p2a: gen 4 fairy buff|229\/403|[from] Stealth Rock
|move|p1a: Metagross|Meteor Mash|p2a: gen 4 fairy buff
|-damage|p2a: gen 4 fairy buff|0 fnt
|faint|p2a: gen 4 fairy buff
|
|
|switch|p2a: gen 4 mk. 2|Lopunny-Mega, M|271\/271
|-damage|p2a: gen 4 mk. 2|255\/271|[from] Stealth Rock
|turn|13
|
|switch|p1a: Landorus-Therian|Landorus-Therian, M, shiny|365\/382
|-ability|p1a: Landorus-Therian|Intimidate|[of] p2a: gen 4 mk. 2
|-unboost|p2a: gen 4 mk. 2|atk|1
|move|p2a: gen 4 mk. 2|Ice Punch|p1a: Landorus-Therian
|-supereffective|p1a: Landorus-Therian
|-damage|p1a: Landorus-Therian|153\/382
|
|-heal|p1a: Landorus-Therian|176\/382|[from] item: Leftovers
|turn|14
|
|switch|p1a: Metagross|Metagross-Mega, shiny|4\/302
|move|p2a: gen 4 mk. 2|Frustration|p1a: Metagross
|-resisted|p1a: Metagross
|-damage|p1a: Metagross|0 fnt
|faint|p1a: Metagross
|
|
|switch|p1a: Latios|Latios, M, shiny|302\/302
|turn|15
|
|switch|p2a: still useless|Celebi|403\/403
|-damage|p2a: still useless|353\/403|[from] Stealth Rock
|move|p1a: Latios|Psyshock|p2a: still useless
|-resisted|p2a: still useless
|-damage|p2a: still useless|257\/403
|-damage|p1a: Latios|272\/302|[from] item: Life Orb
|
|-heal|p2a: still useless|282\/403|[from] item: Leftovers
|turn|16
|
|move|p1a: Latios|Draco Meteor|p2a: still useless
|-damage|p2a: still useless|74\/403
|-unboost|p1a: Latios|spa|2
|-damage|p1a: Latios|242\/302|[from] item: Life Orb
|move|p2a: still useless|Stealth Rock|p1a: Latios
|-sidestart|p1: Mohammad|move: Stealth Rock
|
|-heal|p2a: still useless|99\/403|[from] item: Leftovers
|turn|17
|
|switch|p2a: Mandibuzz|Mandibuzz, F|314\/423
|-damage|p2a: Mandibuzz|209\/423|[from] Stealth Rock
|move|p1a: Latios|Draco Meteor|p2a: Mandibuzz
|-damage|p2a: Mandibuzz|65\/423
|-unboost|p1a: Latios|spa|2
|-damage|p1a: Latios|212\/302|[from] item: Life Orb
|
|-heal|p2a: Mandibuzz|91\/423|[from] item: Leftovers
|turn|18
|
|move|p1a: Latios|Draco Meteor|p2a: Mandibuzz
|-crit|p2a: Mandibuzz
|-damage|p2a: Mandibuzz|0 fnt
|-unboost|p1a: Latios|spa|2
|-damage|p1a: Latios|182\/302|[from] item: Life Orb
|faint|p2a: Mandibuzz
|
|c|âWhyWouldUSashThat|o
|c|âWhyWouldUSashThat|i  c
|
|switch|p2a: still useless|Celebi|99\/403
|-damage|p2a: still useless|49\/403|[from] Stealth Rock
|turn|19
|
|move|p1a: Latios|Draco Meteor|p2a: still useless
|-damage|p2a: still useless|0 fnt
|-damage|p1a: Latios|152\/302|[from] item: Life Orb
|faint|p2a: still useless
|
|
|switch|p2a: gen 4 mk. 2|Lopunny-Mega, M|255\/271
|-damage|p2a: gen 4 mk. 2|239\/271|[from] Stealth Rock
|turn|20
|
|switch|p1a: Landorus-Therian|Landorus-Therian, M, shiny|176\/382
|-damage|p1a: Landorus-Therian|129\/382|[from] Stealth Rock
|-ability|p1a: Landorus-Therian|Intimidate|[of] p2a: gen 4 mk. 2
|-unboost|p2a: gen 4 mk. 2|atk|1
|move|p2a: gen 4 mk. 2|Frustration|p1a: Landorus-Therian
|-damage|p1a: Landorus-Therian|14\/382
|
|-heal|p1a: Landorus-Therian|37\/382|[from] item: Leftovers
|turn|21
|
|move|p2a: gen 4 mk. 2|Frustration|p1a: Landorus-Therian
|-damage|p1a: Landorus-Therian|0 fnt
|faint|p1a: Landorus-Therian
|
|
|switch|p1a: Rotom-Wash|Rotom-Wash, shiny|285\/304 tox
|-damage|p1a: Rotom-Wash|247\/304 tox|[from] Stealth Rock
|turn|22
|
|switch|p2a: gen 4|Skarmory, M|53\/333
|-damage|p2a: gen 4|12\/333|[from] Stealth Rock
|move|p1a: Rotom-Wash|Will-O-Wisp|p2a: gen 4
|-status|p2a: gen 4|brn
|
|-heal|p1a: Rotom-Wash|266\/304 tox|[from] item: Leftovers
|-damage|p1a: Rotom-Wash|247\/304 tox|[from] psn
|-damage|p2a: gen 4|0 fnt|[from] brn
|faint|p2a: gen 4
|
|switch|p2a: gen 4 mk. 2|Lopunny-Mega, M|239\/271
|-damage|p2a: gen 4 mk. 2|223\/271|[from] Stealth Rock
|turn|23
|
|move|p2a: gen 4 mk. 2|Fake Out|p1a: Rotom-Wash
|-damage|p1a: Rotom-Wash|180\/304 tox
|cant|p1a: Rotom-Wash|flinch
|
|-heal|p1a: Rotom-Wash|199\/304 tox|[from] item: Leftovers
|-damage|p1a: Rotom-Wash|161\/304 tox|[from] psn
|turn|24
|
|move|p2a: gen 4 mk. 2|High Jump Kick|p1a: Rotom-Wash
|-damage|p1a: Rotom-Wash|0 fnt
|faint|p1a: Rotom-Wash
|
|
|switch|p1a: Terrakion|Terrakion, shiny|324\/324
|-damage|p1a: Terrakion|304\/324|[from] Stealth Rock
|turn|25
|
|move|p1a: Terrakion|Close Combat|p2a: gen 4 mk. 2
|-supereffective|p2a: gen 4 mk. 2
|-damage|p2a: gen 4 mk. 2|0 fnt
|-unboost|p1a: Terrakion|def|1
|-unboost|p1a: Terrakion|spd|1
|faint|p2a: gen 4 mk. 2
|
|
|switch|p2a: Talonflame|Talonflame, F|319\/319
|-damage|p2a: Talonflame|160\/319|[from] Stealth Rock
|turn|26
|
|switch|p1a: Greninja|Greninja, F, shiny|105\/285
|-damage|p1a: Greninja|70\/285|[from] Stealth Rock
|move|p2a: Talonflame|Swords Dance|p2a: Talonflame
|-boost|p2a: Talonflame|atk|2
|
|-heal|p2a: Talonflame|179\/319|[from] item: Leftovers
|turn|27
|
|move|p2a: Talonflame|Brave Bird|p1a: Greninja
|-damage|p1a: Greninja|0 fnt
|-damage|p2a: Talonflame|156\/319|[from] recoil|[of] p1a: Greninja
|faint|p1a: Greninja
|
|-heal|p2a: Talonflame|175\/319|[from] item: Leftovers
|
|switch|p1a: Terrakion|Terrakion, shiny|304\/324
|-damage|p1a: Terrakion|284\/324|[from] Stealth Rock
|turn|28
|
|move|p2a: Talonflame|Brave Bird|p1a: Terrakion
|-damage|p1a: Terrakion|0 fnt
|-damage|p2a: Talonflame|81\/319|[from] recoil|[of] p1a: Terrakion
|faint|p1a: Terrakion
|
|-heal|p2a: Talonflame|100\/319|[from] item: Leftovers
|-message|Mohammad forfeited.
|leave|Mohammad
|
|win|WhyWouldUSashThat
|raw|Ladder updating...
|player|p1
|raw|Mohammad's rating: 1495 &rarr; <strong>1470<\/strong><br \/>(-25 for losing)
|raw|WhyWouldUSashThat's rating: 1411 &rarr; <strong>1436<\/strong><br \/>(+25 for winning)