|join|XGC x TeMPaH
|join|Mohammad
|player|p1|XGC x TeMPaH|54
|player|p2|Mohammad|78
|gametype|singles
|gen|6
|tier|OU
|rated
|clearpoke
|poke|p1|Lopunny, F, shiny
|poke|p1|Ferrothorn, M
|poke|p1|Mandibuzz, F
|poke|p1|Rotom-Wash
|poke|p1|Landorus-Therian, M
|poke|p1|Greninja, M
|poke|p2|Uxie, shiny
|poke|p2|Raticate, F, shiny
|poke|p2|Zweilous, M, shiny
|poke|p2|Glalie, F, shiny
|poke|p2|Leavanny, F, shiny
|poke|p2|Barbaracle, F, shiny
|rule|Swagger Clause: Swagger is banned
|rule|Baton Pass Clause: Limit one PokÃ©mon knowing Baton Pass
|rule|Sleep Clause Mod: Limit one foe put to sleep
|rule|Species Clause: Limit one of each PokÃ©mon
|rule|OHKO Clause: OHKO moves are banned
|rule|Moody Clause: Moody is banned
|rule|Evasion Moves Clause: Evasion moves are banned
|rule|Endless Battle Clause: Forcing endless battles is banned
|rule|HP Percentage Mod: HP is shown in percentages
|teampreview
|c|âMohammad|oh wrong tier
|c|âXGC x TeMPaH|glailie looks high
|
|start
|switch|p1a: Diggersbys Bitch|Lopunny, F, shiny|272\/272
|switch|p2a: Leavanny|Leavanny, F, shiny|292\/292
|turn|1
|
|switch|p2a: Uxie|Uxie, shiny|354\/354
|detailschange|p1a: Diggersbys Bitch|Lopunny-Mega, F, shiny
|-mega|p1a: Diggersbys Bitch|Lopunny|Lopunnite
|move|p1a: Diggersbys Bitch|Fake Out|p2a: Uxie
|-damage|p2a: Uxie|300\/354
|
|-heal|p2a: Uxie|322\/354|[from] item: Leftovers
|turn|2
|
|switch|p1a: Dick Sneeze|Rotom-Wash|304\/304
|move|p2a: Uxie|Stealth Rock|p1a: Dick Sneeze
|-sidestart|p1: XGC x TeMPaH|move: Stealth Rock
|
|-heal|p2a: Uxie|344\/354|[from] item: Leftovers
|turn|3
|
|move|p2a: Uxie|Toxic|p1a: Dick Sneeze
|-status|p1a: Dick Sneeze|tox
|move|p1a: Dick Sneeze|Volt Switch|p2a: Uxie
|-damage|p2a: Uxie|292\/354
|
|switch|p1a: Meatspin|Ferrothorn, M|351\/351
|-damage|p1a: Meatspin|330\/351|[from] Stealth Rock
|
|-heal|p2a: Uxie|314\/354|[from] item: Leftovers
|-heal|p1a: Meatspin|351\/351|[from] item: Leftovers
|turn|4
|c|âMohammad|mm i have nothing for ou
|
|switch|p2a: Leavanny|Leavanny, F, shiny|292\/292
|move|p1a: Meatspin|Stealth Rock|p2a: Leavanny
|-sidestart|p2: Mohammad|move: Stealth Rock
|
|turn|5
|
|move|p2a: Leavanny|Sticky Web|p1a: Meatspin
|-sidestart|p1: XGC x TeMPaH|move: Sticky Web
|move|p1a: Meatspin|Gyro Ball|p2a: Leavanny
|-damage|p2a: Leavanny|73\/292
|
|turn|6
|
|move|p2a: Leavanny|Knock Off|p1a: Meatspin
|-damage|p1a: Meatspin|284\/351
|-damage|p2a: Leavanny|37\/292|[from] ability: Iron Barbs|[of] p1a: Meatspin
|-enditem|p1a: Meatspin|Leftovers|[from] move: Knock Off|[of] p2a: Leavanny
|move|p1a: Meatspin|Gyro Ball|p2a: Leavanny
|-damage|p2a: Leavanny|0 fnt
|faint|p2a: Leavanny
|
|
|switch|p2a: Zweilous|Zweilous, M, shiny|348\/348
|-damage|p2a: Zweilous|305\/348|[from] Stealth Rock
|turn|7
|c|âMohammad|literally nothing for this
|
|move|p2a: Zweilous|Fire Fang|p1a: Meatspin
|-supereffective|p1a: Meatspin
|-damage|p1a: Meatspin|4\/351
|-damage|p2a: Zweilous|262\/348|[from] ability: Iron Barbs|[of] p1a: Meatspin
|move|p1a: Meatspin|Gyro Ball|p2a: Zweilous
|-damage|p2a: Zweilous|159\/348
|
|turn|8
|
|move|p2a: Zweilous|Fire Fang|p1a: Meatspin
|-supereffective|p1a: Meatspin
|-damage|p1a: Meatspin|0 fnt
|-damage|p2a: Zweilous|116\/348|[from] ability: Iron Barbs|[of] p1a: Meatspin
|faint|p1a: Meatspin
|
|
|switch|p1a: STABulous|Greninja, M|285\/285
|-activate|p1a: STABulous|move: Sticky Web
|-unboost|p1a: STABulous|spe|1
|-damage|p1a: STABulous|250\/285|[from] Stealth Rock
|turn|9
|
|move|p1a: STABulous|Ice Beam|p2a: Zweilous
|-start|p1a: STABulous|typechange|Ice|[from] Protean
|-supereffective|p2a: Zweilous
|-damage|p2a: Zweilous|0 fnt
|-damage|p1a: STABulous|222\/285|[from] item: Life Orb
|faint|p2a: Zweilous
|
|
|switch|p2a: Raticate|Raticate, F, shiny|252\/252
|-damage|p2a: Raticate|221\/252|[from] Stealth Rock
|turn|10
|
|switch|p1a: Mandibuzz|Mandibuzz, F|415\/415
|-damage|p1a: Mandibuzz|312\/415|[from] Stealth Rock
|move|p2a: Raticate|Double-Edge|p1a: Mandibuzz
|-damage|p1a: Mandibuzz|90\/415
|-damage|p2a: Raticate|179\/252|[from] item: Rocky Helmet|[of] p1a: Mandibuzz
|-damage|p2a: Raticate|106\/252|[from] recoil|[of] p1a: Mandibuzz
|-damage|p2a: Raticate|81\/252|[from] item: Life Orb
|
|turn|11
|c|âMohammad|mm decent enough
|
|move|p2a: Raticate|Double-Edge|p1a: Mandibuzz
|-crit|p1a: Mandibuzz
|-damage|p1a: Mandibuzz|0 fnt
|-damage|p2a: Raticate|39\/252|[from] item: Rocky Helmet|[of] p1a: Mandibuzz
|-damage|p2a: Raticate|9\/252|[from] recoil|[of] p1a: Mandibuzz
|-damage|p2a: Raticate|0 fnt|[from] item: Life Orb
|faint|p1a: Mandibuzz
|faint|p2a: Raticate
|
|
|switch|p1a: STABulous|Greninja, M|222\/285
|switch|p2a: Uxie|Uxie, shiny|314\/354
|-activate|p1a: STABulous|move: Sticky Web
|-unboost|p1a: STABulous|spe|1
|-damage|p1a: STABulous|187\/285|[from] Stealth Rock
|-damage|p2a: Uxie|270\/354|[from] Stealth Rock
|turn|12
|
|move|p1a: STABulous|Dark Pulse|p2a: Uxie
|-start|p1a: STABulous|typechange|Dark|[from] Protean
|-supereffective|p2a: Uxie
|-damage|p2a: Uxie|44\/354
|-damage|p1a: STABulous|159\/285|[from] item: Life Orb
|move|p2a: Uxie|Knock Off|p1a: STABulous
|-resisted|p1a: STABulous
|-damage|p1a: STABulous|119\/285
|-enditem|p1a: STABulous|Life Orb|[from] move: Knock Off|[of] p2a: Uxie
|
|-heal|p2a: Uxie|66\/354|[from] item: Leftovers
|turn|13
|c|âMohammad|nu pokemon not bad
|
|move|p1a: STABulous|Ice Beam|p2a: Uxie
|-start|p1a: STABulous|typechange|Ice|[from] Protean
|-damage|p2a: Uxie|0 fnt
|faint|p2a: Uxie
|
|
|switch|p2a: Glalie|Glalie, F, shiny|302\/302
|-damage|p2a: Glalie|227\/302|[from] Stealth Rock
|turn|14
|
|detailschange|p2a: Glalie|Glalie-Mega, F, shiny
|-mega|p2a: Glalie|Glalie|Glalitite
|move|p2a: Glalie|Double-Edge|p1a: STABulous
|-resisted|p1a: STABulous
|-damage|p1a: STABulous|0 fnt
|-damage|p2a: Glalie|188\/302|[from] recoil|[of] p1a: STABulous
|faint|p1a: STABulous
|
|c|âXGC x TeMPaH|especially raticate
|
|switch|p1a: Dick Sneeze|Rotom-Wash|304\/304 tox
|-damage|p1a: Dick Sneeze|266\/304 tox|[from] Stealth Rock
|turn|15
|
|move|p2a: Glalie|Explosion|p1a: Dick Sneeze
|-resisted|p1a: Dick Sneeze
|-damage|p1a: Dick Sneeze|8\/304 tox
|faint|p2a: Glalie
|move|p1a: Dick Sneeze|Hydro Pump|p2: Glalie|[notarget]
|-notarget
|
|-heal|p1a: Dick Sneeze|27\/304 tox|[from] item: Leftovers
|-damage|p1a: Dick Sneeze|8\/304 tox|[from] psn
|
|switch|p2a: Barbaracle|Barbaracle, F, shiny|306\/306
|-damage|p2a: Barbaracle|268\/306|[from] Stealth Rock
|turn|16
|
|move|p2a: Barbaracle|Razor Shell|p1a: Dick Sneeze
|-resisted|p1a: Dick Sneeze
|-damage|p1a: Dick Sneeze|0 fnt
|faint|p1a: Dick Sneeze
|
|
|switch|p1a: Diggersbys Bitch|Lopunny-Mega, F, shiny|272\/272
|-damage|p1a: Diggersbys Bitch|255\/272|[from] Stealth Rock
|-activate|p1a: Diggersbys Bitch|move: Sticky Web
|-unboost|p1a: Diggersbys Bitch|spe|1
|turn|17
|
|move|p1a: Diggersbys Bitch|High Jump Kick|p2a: Barbaracle
|-supereffective|p2a: Barbaracle
|-damage|p2a: Barbaracle|0 fnt
|faint|p2a: Barbaracle
|
|win|XGC x TeMPaH
|raw|Ladder updating...
|raw|XGC x TeMPaH's rating: 1457 &rarr; <strong>1478<\/strong><br \/>(+21 for winning)
|raw|Mohammad's rating: 1477 &rarr; <strong>1456<\/strong><br \/>(-21 for losing)
|leave|Mohammad
|player|p2