|join|WhyWouldUSashThat
|join|Mohammad
|player|p1|WhyWouldUSashThat|124
|player|p2|Mohammad|161
|gametype|singles
|gen|6
|tier|OU
|rated
|clearpoke
|poke|p1|Scolipede, M, shiny
|poke|p1|Latias, F, shiny
|poke|p1|Rotom-Wash, shiny
|poke|p1|Bisharp, M
|poke|p1|Mamoswine, F
|poke|p1|Diancie
|poke|p2|Rotom-Wash, shiny
|poke|p2|Greninja, F, shiny
|poke|p2|Terrakion, shiny
|poke|p2|Metagross, shiny
|poke|p2|Latios, M, shiny
|poke|p2|Landorus-Therian, M, shiny
|rule|Swagger Clause: Swagger is banned
|rule|Baton Pass Clause: Limit one PokÃ©mon knowing Baton Pass
|rule|Sleep Clause Mod: Limit one foe put to sleep
|rule|Species Clause: Limit one of each PokÃ©mon
|rule|OHKO Clause: OHKO moves are banned
|rule|Moody Clause: Moody is banned
|rule|Evasion Moves Clause: Evasion moves are banned
|rule|Endless Battle Clause: Forcing endless battles is banned
|rule|HP Percentage Mod: HP is shown in percentages
|teampreview
|join|Raikou Klux Klan
|join|Mula Bula
|c| Mula Bula|you got that explosion bruh?
|
|start
|switch|p1a: Rotom-Wash|Rotom-Wash, shiny|303\/303
|switch|p2a: Rotom-Wash|Rotom-Wash, shiny|304\/304
|turn|1
|c|âMohammad|you know it
|
|move|p2a: Rotom-Wash|Will-O-Wisp|p1a: Rotom-Wash
|-status|p1a: Rotom-Wash|brn
|move|p1a: Rotom-Wash|Will-O-Wisp|p2a: Rotom-Wash
|-status|p2a: Rotom-Wash|brn
|
|-damage|p2a: Rotom-Wash|266\/304 brn|[from] brn
|-damage|p1a: Rotom-Wash|266\/303 brn|[from] brn
|turn|2
|c| Mula Bula|ayyy
|
|move|p2a: Rotom-Wash|Volt Switch|p1a: Rotom-Wash
|-damage|p1a: Rotom-Wash|190\/303 brn
|
|switch|p2a: Latios|Latios, M, shiny|302\/302
|move|p1a: Rotom-Wash|Volt Switch|p2a: Latios
|-resisted|p2a: Latios
|-damage|p2a: Latios|261\/302
|
|switch|p1a: Bisharp|Bisharp, M|272\/272
|
|turn|3
|
|move|p2a: Latios|Draco Meteor|p1a: Bisharp
|-crit|p1a: Bisharp
|-resisted|p1a: Bisharp
|-damage|p1a: Bisharp|0 fnt
|-unboost|p2a: Latios|spa|2
|-damage|p2a: Latios|231\/302|[from] item: Life Orb
|faint|p1a: Bisharp
|
|c|âMohammad|im scared of pursuit im not an idiot
|c|âWhyWouldUSashThat|okay.
|c|âWhyWouldUSashThat|that's fine
|c|âMohammad|that sucks tho
|c|âWhyWouldUSashThat|not fine, is that crit
|c|âMohammad|i know that sucks
|
|switch|p1a: Mamoswine|Mamoswine, F|361\/361
|turn|4
|
|switch|p2a: Rotom-Wash|Rotom-Wash, shiny|266\/304 brn
|move|p1a: Mamoswine|Stealth Rock|p2a: Rotom-Wash
|-sidestart|p2: Mohammad|move: Stealth Rock
|
|-heal|p2a: Rotom-Wash|285\/304 brn|[from] item: Leftovers
|-damage|p2a: Rotom-Wash|247\/304 brn|[from] brn
|turn|5
|
|switch|p1a: Rotom-Wash|Rotom-Wash, shiny|190\/303 brn
|move|p2a: Rotom-Wash|Will-O-Wisp|p1a: Rotom-Wash
|-fail|p1a: Rotom-Wash|brn
|
|-heal|p2a: Rotom-Wash|266\/304 brn|[from] item: Leftovers
|-heal|p1a: Rotom-Wash|208\/303 brn|[from] item: Leftovers
|-damage|p2a: Rotom-Wash|228\/304 brn|[from] brn
|-damage|p1a: Rotom-Wash|171\/303 brn|[from] brn
|turn|6
|
|move|p2a: Rotom-Wash|Volt Switch|p1a: Rotom-Wash
|-crit|p1a: Rotom-Wash
|-damage|p1a: Rotom-Wash|48\/303 brn
|
|switch|p2a: Latios|Latios, M, shiny|231\/302
|-damage|p2a: Latios|194\/302|[from] Stealth Rock
|move|p1a: Rotom-Wash|Volt Switch|p2a: Latios
|-resisted|p2a: Latios
|-damage|p2a: Latios|155\/302
|
|switch|p1a: Diancie|Diancie|241\/241
|
|turn|7
|
|switch|p2a: Metagross|Metagross, shiny|302\/302
|-damage|p2a: Metagross|284\/302|[from] Stealth Rock
|detailschange|p1a: Diancie|Diancie-Mega
|-mega|p1a: Diancie|Diancie|Diancite
|move|p1a: Diancie|Earth Power|p2a: Metagross
|-supereffective|p2a: Metagross
|-damage|p2a: Metagross|12\/302
|
|turn|8
|
|detailschange|p2a: Metagross|Metagross-Mega, shiny
|-mega|p2a: Metagross|Metagross|Metagrossite
|move|p1a: Diancie|Moonblast|p2a: Metagross
|-resisted|p2a: Metagross
|-damage|p2a: Metagross|0 fnt
|faint|p2a: Metagross
|
|
|switch|p2a: Greninja|Greninja, F, shiny|285\/285
|-damage|p2a: Greninja|250\/285|[from] Stealth Rock
|turn|9
|c|âWhyWouldUSashThat|too many meaningful crits
|c|âWhyWouldUSashThat|you hear? greninja banned tho
|c|âMohammad|its starting tommarow i think
|c|âWhyWouldUSashThat|not sure if that's good or bad, but ehh
|c|âWhyWouldUSashThat|yeah
|c|âMohammad|i dont think it should have
|
|switch|p1a: Rotom-Wash|Rotom-Wash, shiny|48\/303 brn
|move|p2a: Greninja|Hydro Pump|p1a: Rotom-Wash|[miss]
|-start|p2a: Greninja|typechange|Water|[from] Protean
|-miss|p2a: Greninja|p1a: Rotom-Wash
|
|-heal|p1a: Rotom-Wash|66\/303 brn|[from] item: Leftovers
|-damage|p1a: Rotom-Wash|29\/303 brn|[from] brn
|turn|10
|
|move|p2a: Greninja|Dark Pulse|p1a: Rotom-Wash
|-start|p2a: Greninja|typechange|Dark|[from] Protean
|-damage|p1a: Rotom-Wash|0 fnt
|-damage|p2a: Greninja|222\/285|[from] item: Life Orb
|faint|p1a: Rotom-Wash
|
|
|switch|p1a: Scolipede|Scolipede, M, shiny|265\/265
|turn|11
|
|move|p2a: Greninja|Hydro Pump|p1a: Scolipede
|-start|p2a: Greninja|typechange|Water|[from] Protean
|-enditem|p1a: Scolipede|Focus Sash
|-damage|p1a: Scolipede|1\/265
|-damage|p2a: Greninja|194\/285|[from] item: Life Orb
|move|p1a: Scolipede|Poison Jab|p2a: Greninja
|-damage|p2a: Greninja|0 fnt
|faint|p2a: Greninja
|
|-boost|p1a: Scolipede|spe|1|[from] ability: Speed Boost
|
|switch|p2a: Landorus-Therian|Landorus-Therian, M, shiny|382\/382
|-damage|p2a: Landorus-Therian|335\/382|[from] Stealth Rock
|-ability|p2a: Landorus-Therian|Intimidate|[of] p1a: Scolipede
|-unboost|p1a: Scolipede|atk|1
|turn|12
|
|switch|p1a: Latias|Latias, F, shiny|301\/301
|move|p2a: Landorus-Therian|Knock Off|p1a: Latias
|-supereffective|p1a: Latias
|-damage|p1a: Latias|67\/301
|-enditem|p1a: Latias|Life Orb|[from] move: Knock Off|[of] p2a: Landorus-Therian
|
|-heal|p2a: Landorus-Therian|358\/382|[from] item: Leftovers
|turn|13
|
|move|p1a: Latias|Draco Meteor|p2a: Landorus-Therian
|-damage|p2a: Landorus-Therian|120\/382
|-unboost|p1a: Latias|spa|2
|move|p2a: Landorus-Therian|U-turn|p1a: Latias
|-supereffective|p1a: Latias
|-damage|p1a: Latias|0 fnt
|faint|p1a: Latias
|c|âWhyWouldUSashThat|where's my crit
|c|âMohammad|:\/
|
|switch|p2a: Rotom-Wash|Rotom-Wash, shiny|228\/304 brn
|-damage|p2a: Rotom-Wash|190\/304 brn|[from] Stealth Rock
|
|-heal|p2a: Rotom-Wash|209\/304 brn|[from] item: Leftovers
|-damage|p2a: Rotom-Wash|171\/304 brn|[from] brn
|
|switch|p1a: Diancie|Diancie-Mega|241\/241
|turn|14
|
|move|p1a: Diancie|Moonblast|p2a: Rotom-Wash
|-damage|p2a: Rotom-Wash|32\/304 brn
|move|p2a: Rotom-Wash|Pain Split|p1a: Diancie
|-sethp|p1a: Diancie|136\/241|p2a: Rotom-Wash|136\/304 brn|[from] move: Pain Split
|
|-heal|p2a: Rotom-Wash|155\/304 brn|[from] item: Leftovers
|-damage|p2a: Rotom-Wash|117\/304 brn|[from] brn
|turn|15
|
|move|p1a: Diancie|Moonblast|p2a: Rotom-Wash
|-damage|p2a: Rotom-Wash|0 fnt
|faint|p2a: Rotom-Wash
|
|
|switch|p2a: Terrakion|Terrakion, shiny|324\/324
|-damage|p2a: Terrakion|304\/324|[from] Stealth Rock
|turn|16
|c|âMohammad|gg
|
|move|p2a: Terrakion|Close Combat|p1a: Diancie
|-damage|p1a: Diancie|0 fnt
|-unboost|p2a: Terrakion|def|1
|-unboost|p2a: Terrakion|spd|1
|faint|p1a: Diancie
|
|c|âWhyWouldUSashThat|not gg
|c|âMohammad|oh
|c|âWhyWouldUSashThat|well played, however
|
|switch|p1a: Scolipede|Scolipede, M, shiny|1\/265
|turn|17
|
|switch|p2a: Landorus-Therian|Landorus-Therian, M, shiny|120\/382
|-damage|p2a: Landorus-Therian|73\/382|[from] Stealth Rock
|-ability|p2a: Landorus-Therian|Intimidate|[of] p1a: Scolipede
|-unboost|p1a: Scolipede|atk|1
|move|p1a: Scolipede|Swords Dance|p1a: Scolipede
|-boost|p1a: Scolipede|atk|2
|
|-heal|p2a: Landorus-Therian|96\/382|[from] item: Leftovers
|-boost|p1a: Scolipede|spe|1|[from] ability: Speed Boost
|turn|18
|
|move|p1a: Scolipede|Poison Jab|p2a: Landorus-Therian
|-crit|p2a: Landorus-Therian
|-resisted|p2a: Landorus-Therian
|-damage|p2a: Landorus-Therian|0 fnt
|faint|p2a: Landorus-Therian
|
|-boost|p1a: Scolipede|spe|1|[from] ability: Speed Boost
|c|âMohammad|oh nowgg
|
|switch|p2a: Terrakion|Terrakion, shiny|304\/324
|-damage|p2a: Terrakion|284\/324|[from] Stealth Rock
|turn|19
|
|move|p1a: Scolipede|Earthquake|p2a: Terrakion
|-supereffective|p2a: Terrakion
|-damage|p2a: Terrakion|0 fnt
|faint|p2a: Terrakion
|
|-boost|p1a: Scolipede|spe|1|[from] ability: Speed Boost
|-message|Mohammad forfeited.
|leave|Mohammad
|
|win|WhyWouldUSashThat
|raw|Ladder updating...
|player|p2
|raw|WhyWouldUSashThat's rating: 1412 &rarr; <strong>1433<\/strong><br \/>(+21 for winning)
|raw|Mohammad's rating: 1437 &rarr; <strong>1416<\/strong><br \/>(-21 for losing)