|join|Wizard from Aus
|join|Avi42
|player|p1|Wizard from Aus|109
|player|p2|Avi42|162
|gametype|singles
|gen|6
|tier|OU
|rated
|clearpoke
|poke|p1|Azelf
|poke|p1|Bisharp, M
|poke|p1|Azumarill, F
|poke|p1|Talonflame, F
|poke|p1|Medicham, F
|poke|p1|Zygarde
|poke|p2|Medicham, M
|poke|p2|Staraptor, M
|poke|p2|Rotom-Wash
|poke|p2|Forretress, F
|poke|p2|Landorus-Therian, M, shiny
|poke|p2|Weavile, F
|rule|Swagger Clause: Swagger is banned
|rule|Baton Pass Clause: Limit one PokÃ©mon knowing Baton Pass
|rule|Sleep Clause Mod: Limit one foe put to sleep
|rule|Species Clause: Limit one of each PokÃ©mon
|rule|OHKO Clause: OHKO moves are banned
|rule|Moody Clause: Moody is banned
|rule|Evasion Moves Clause: Evasion moves are banned
|rule|Endless Battle Clause: Forcing endless battles is banned
|rule|HP Percentage Mod: HP is shown in percentages
|teampreview
|
|start
|switch|p1a: Azelf|Azelf|291\/291
|switch|p2a: Simba|Landorus-Therian, M, shiny|320\/320
|-ability|p2a: Simba|Intimidate|[of] p1a: Azelf
|-unboost|p1a: Azelf|atk|1
|turn|1
|
|move|p2a: Simba|U-turn|p1a: Azelf
|-supereffective|p1a: Azelf
|-damage|p1a: Azelf|49\/291
|
|switch|p2a: Fred|Rotom-Wash|304\/304
|move|p1a: Azelf|Stealth Rock|p2a: Fred
|-sidestart|p2: Avi42|move: Stealth Rock
|
|turn|2
|
|move|p1a: Azelf|Explosion|p2a: Fred
|-damage|p2a: Fred|108\/304
|faint|p1a: Azelf
|move|p2a: Fred|Volt Switch|p1: Azelf|[notarget]
|-notarget
|
|-heal|p2a: Fred|127\/304|[from] item: Leftovers
|
|switch|p1a: Bisharp|Bisharp, M|272\/272
|turn|3
|
|move|p1a: Bisharp|Knock Off|p2a: Fred
|-damage|p2a: Fred|0 fnt
|-enditem|p2a: Fred|Leftovers|[from] move: Knock Off|[of] p1a: Bisharp
|-damage|p1a: Bisharp|245\/272|[from] item: Life Orb
|faint|p2a: Fred
|
|
|switch|p2a: Versailles|Forretress, F|354\/354
|-damage|p2a: Versailles|310\/354|[from] Stealth Rock
|turn|4
|
|move|p1a: Bisharp|Swords Dance|p1a: Bisharp
|-boost|p1a: Bisharp|atk|2
|move|p2a: Versailles|Rapid Spin|p1a: Bisharp
|-resisted|p1a: Bisharp
|-damage|p1a: Bisharp|238\/272
|-sideend|p2: Avi42|Stealth Rock|[from] move: Rapid Spin|[of] p2a: Versailles
|
|-heal|p2a: Versailles|332\/354|[from] item: Leftovers
|turn|5
|
|move|p1a: Bisharp|Knock Off|p2a: Versailles
|-damage|p2a: Versailles|62\/354
|-enditem|p2a: Versailles|Leftovers|[from] move: Knock Off|[of] p1a: Bisharp
|-damage|p1a: Bisharp|211\/272|[from] item: Life Orb
|move|p2a: Versailles|Counter|p1a: Bisharp
|-damage|p1a: Bisharp|0 fnt
|faint|p1a: Bisharp
|
|
|switch|p1a: Zygarde|Zygarde|407\/407
|-ability|p1a: Zygarde|Aura Break
|turn|6
|
|switch|p2a: Simba|Landorus-Therian, M, shiny|320\/320
|-ability|p2a: Simba|Intimidate|[of] p1a: Zygarde
|-unboost|p1a: Zygarde|atk|1
|move|p1a: Zygarde|Substitute|p1a: Zygarde
|-start|p1a: Zygarde|Substitute
|-damage|p1a: Zygarde|306\/407
|
|-heal|p1a: Zygarde|331\/407|[from] item: Leftovers
|turn|7
|
|move|p2a: Simba|Earthquake|p1a: Zygarde
|-end|p1a: Zygarde|Substitute
|move|p1a: Zygarde|Coil|p1a: Zygarde
|-boost|p1a: Zygarde|atk|1
|-boost|p1a: Zygarde|def|1
|-boost|p1a: Zygarde|accuracy|1
|
|-heal|p1a: Zygarde|356\/407|[from] item: Leftovers
|turn|8
|
|move|p2a: Simba|Earthquake|p1a: Zygarde
|-damage|p1a: Zygarde|254\/407
|move|p1a: Zygarde|Substitute|p1a: Zygarde
|-start|p1a: Zygarde|Substitute
|-damage|p1a: Zygarde|153\/407
|
|-heal|p1a: Zygarde|178\/407|[from] item: Leftovers
|turn|9
|
|move|p2a: Simba|Earthquake|p1a: Zygarde
|-end|p1a: Zygarde|Substitute
|move|p1a: Zygarde|Coil|p1a: Zygarde
|-boost|p1a: Zygarde|atk|1
|-boost|p1a: Zygarde|def|1
|-boost|p1a: Zygarde|accuracy|1
|
|-heal|p1a: Zygarde|203\/407|[from] item: Leftovers
|turn|10
|
|move|p2a: Simba|Earthquake|p1a: Zygarde
|-damage|p1a: Zygarde|115\/407
|move|p1a: Zygarde|Substitute|p1a: Zygarde
|-start|p1a: Zygarde|Substitute
|-damage|p1a: Zygarde|14\/407
|
|-heal|p1a: Zygarde|39\/407|[from] item: Leftovers
|turn|11
|
|move|p2a: Simba|Earthquake|p1a: Zygarde
|-activate|p1a: Zygarde|Substitute|[damage]
|move|p1a: Zygarde|Coil|p1a: Zygarde
|-boost|p1a: Zygarde|atk|1
|-boost|p1a: Zygarde|def|1
|-boost|p1a: Zygarde|accuracy|1
|
|-heal|p1a: Zygarde|64\/407|[from] item: Leftovers
|turn|12
|
|move|p2a: Simba|Earthquake|p1a: Zygarde
|-end|p1a: Zygarde|Substitute
|move|p1a: Zygarde|Coil|p1a: Zygarde
|-boost|p1a: Zygarde|atk|1
|-boost|p1a: Zygarde|def|1
|-boost|p1a: Zygarde|accuracy|1
|
|-heal|p1a: Zygarde|89\/407|[from] item: Leftovers
|turn|13
|
|move|p2a: Simba|Earthquake|p1a: Zygarde
|-damage|p1a: Zygarde|32\/407
|move|p1a: Zygarde|Dragon Tail|p2a: Simba
|-crit|p2a: Simba
|-damage|p2a: Simba|28\/320
|drag|p2a: Majin|Medicham, M|261\/261
|
|-heal|p1a: Zygarde|57\/407|[from] item: Leftovers
|turn|14
|
|detailschange|p2a: Majin|Medicham-Mega, M
|message|Medicham has Mega Evolved into Mega Medicham!
|move|p2a: Majin|Fake Out|p1a: Zygarde
|-damage|p1a: Zygarde|34\/407
|cant|p1a: Zygarde|flinch
|
|-heal|p1a: Zygarde|59\/407|[from] item: Leftovers
|turn|15
|
|move|p1a: Zygarde|Extreme Speed|p2a: Majin
|-damage|p2a: Majin|85\/261
|move|p2a: Majin|Ice Punch|p1a: Zygarde
|-supereffective|p1a: Zygarde
|-damage|p1a: Zygarde|0 fnt
|faint|p1a: Zygarde
|
|
|switch|p1a: Talonflame|Talonflame, F|319\/319
|turn|16
|
|move|p1a: Talonflame|Brave Bird|p2a: Majin
|-supereffective|p2a: Majin
|-damage|p2a: Majin|0 fnt
|-damage|p1a: Talonflame|291\/319|[from] recoil|[of] p2a: Majin
|faint|p2a: Majin
|
|
|switch|p2a: Simba|Landorus-Therian, M, shiny|28\/320
|-ability|p2a: Simba|Intimidate|[of] p1a: Talonflame
|-unboost|p1a: Talonflame|atk|1
|turn|17
|
|switch|p2a: Versailles|Forretress, F|62\/354
|move|p1a: Talonflame|Brave Bird|p2a: Versailles
|-crit|p2a: Versailles
|-damage|p2a: Versailles|0 fnt
|-damage|p1a: Talonflame|271\/319|[from] recoil|[of] p2a: Versailles
|faint|p2a: Versailles
|
|
|switch|p2a: James|Staraptor, M|312\/312
|turn|18
|
|switch|p1a: Azumarill|Azumarill, F|364\/364
|move|p2a: James|Brave Bird|p1a: Azumarill
|-crit|p1a: Azumarill
|-damage|p1a: Azumarill|0 fnt
|-damage|p2a: James|192\/312|[from] recoil|[of] p1a: Azumarill
|faint|p1a: Azumarill
|
|
|switch|p1a: Talonflame|Talonflame, F|271\/319
|turn|19
|
|move|p1a: Talonflame|Brave Bird|p2a: James
|-damage|p2a: James|0 fnt
|-damage|p1a: Talonflame|208\/319|[from] recoil|[of] p2a: James
|faint|p2a: James
|
|
|switch|p2a: Volke|Weavile, F|282\/282
|-ability|p2a: Volke|Pressure
|turn|20
|
|move|p1a: Talonflame|Brave Bird|p2a: Volke
|-damage|p2a: Volke|18\/282
|-damage|p1a: Talonflame|121\/319|[from] recoil|[of] p2a: Volke
|move|p2a: Volke|Knock Off|p1a: Talonflame
|-damage|p1a: Talonflame|0 fnt
|-enditem|p1a: Talonflame|Sharp Beak|[from] move: Knock Off|[of] p2a: Volke
|-damage|p2a: Volke|0 fnt|[from] item: Life Orb
|faint|p1a: Talonflame
|faint|p2a: Volke
|
|
|switch|p2a: Simba|Landorus-Therian, M, shiny|28\/320
|switch|p1a: Medicham|Medicham, F|261\/261
|-ability|p2a: Simba|Intimidate|[of] p1a: Medicham
|-unboost|p1a: Medicham|atk|1
|turn|21
|
|detailschange|p1a: Medicham|Medicham-Mega, F
|message|Medicham has Mega Evolved into Mega Medicham!
|move|p1a: Medicham|Fake Out|p2a: Simba
|-damage|p2a: Simba|0 fnt
|faint|p2a: Simba
|
|win|Wizard from Aus
|raw|Ladder updating...
|raw|Wizard from Aus's rating: 1754 &rarr; <strong>1773<\/strong><br \/>(+19 for winning)
|raw|Avi42's rating: 1736 &rarr; <strong>1717<\/strong><br \/>(-19 for losing)