|join|Avi42
|join|Asitseems
|player|p1|Avi42|162
|player|p2|Asitseems|164
|gametype|singles
|gen|6
|tier|OU
|rated
|clearpoke
|poke|p1|Medicham, M
|poke|p1|Azumarill, M
|poke|p1|Greninja, M
|poke|p1|Gliscor, F
|poke|p1|Espeon, M
|poke|p1|Zapdos
|poke|p2|Zapdos
|poke|p2|Articuno
|poke|p2|Moltres
|poke|p2|Raikou, shiny
|poke|p2|Entei, shiny
|poke|p2|Suicune
|rule|Sleep Clause Mod: Limit one foe put to sleep
|rule|Species Clause: Limit one of each Pokemon
|rule|OHKO Clause: OHKO moves are banned
|rule|Moody Clause: Moody is banned
|rule|Evasion Moves Clause: Evasion moves are banned
|rule|Endless Battle Clause: Forcing endless battles is banned.
|rule|HP Percentage Mod: HP is reported as percentages
|teampreview
|chat|Avi42|I like you team
|
|start
|switch|p1a: Hachigen|Espeon, M|272\/272
|switch|p2a: Raikou|Raikou, shiny|322\/322
|-ability|p2a: Raikou|Pressure
|turn|1
|
|move|p1a: Hachigen|Light Screen|p1a: Hachigen
|-sidestart|p1: Avi42|move: Light Screen
|move|p2a: Raikou|Volt Switch|p1a: Hachigen
|-damage|p1a: Hachigen|186\/272
|-damage|p2a: Raikou|290\/322|[from] item: Life Orb
|
|switch|p2a: Suicune|Suicune|404\/404
|-ability|p2a: Suicune|Pressure
|
|turn|2
|
|switch|p1a: Jack Sparrow|Zapdos|384\/384
|-ability|p1a: Jack Sparrow|Pressure
|move|p2a: Suicune|Calm Mind|p2a: Suicune
|-boost|p2a: Suicune|spa|1
|-boost|p2a: Suicune|spd|1
|
|turn|3
|
|move|p2a: Suicune|Scald|p1a: Jack Sparrow
|-damage|p1a: Jack Sparrow|334\/384
|move|p1a: Jack Sparrow|Roar|p2a: Suicune
|drag|p2a: Entei|Entei, shiny|372\/372
|-ability|p2a: Entei|Pressure
|
|-heal|p1a: Jack Sparrow|358\/384|[from] item: Leftovers
|turn|4
|
|move|p2a: Entei|Sacred Fire|p1a: Jack Sparrow
|-crit|p1a: Jack Sparrow
|-damage|p1a: Jack Sparrow|0 fnt
|faint|p1a: Jack Sparrow
|
|
|switch|p1a: Kakashi|Greninja, M|285\/285
|turn|5
|
|switch|p2a: Suicune|Suicune|404\/404
|-ability|p2a: Suicune|Pressure
|-start|p1a: Kakashi|typechange|Bug|[from] Protean
|move|p1a: Kakashi|U-turn|p2a: Suicune
|-damage|p2a: Suicune|355\/404
|
|switch|p1a: Trunks|Medicham, M|261\/261
|
|-heal|p2a: Suicune|380\/404|[from] item: Leftovers
|turn|6
|
|move|p1a: Trunks|High Jump Kick|p2a: Suicune
|-damage|p2a: Suicune|182\/404
|move|p2a: Suicune|Scald|p1a: Trunks
|-damage|p1a: Trunks|207\/261
|
|-heal|p2a: Suicune|207\/404|[from] item: Leftovers
|turn|7
|chat|Avi42|misclick
|
|detailschange|p1a: Trunks|Medicham-Mega, M
|message|Medicham has Mega Evolved into Mega Medicham!
|move|p1a: Trunks|High Jump Kick|p2a: Suicune
|-damage|p2a: Suicune|0 fnt
|faint|p2a: Suicune
|
|chat|Avi42|not mega evolving
|
|switch|p2a: Entei|Entei, shiny|372\/372
|-ability|p2a: Entei|Pressure
|turn|8
|
|switch|p1a: Kakashi|Greninja, M|285\/285
|move|p2a: Entei|Sacred Fire|p1a: Kakashi
|-resisted|p1a: Kakashi
|-damage|p1a: Kakashi|75\/285
|
|-sideend|p1: Avi42|move: Light Screen
|turn|9
|
|switch|p2a: Zapdos|Zapdos|384\/384
|-ability|p2a: Zapdos|Pressure
|-start|p1a: Kakashi|typechange|Water|[from] Protean
|move|p1a: Kakashi|Hydro Pump|p2a: Zapdos
|-damage|p2a: Zapdos|201\/384
|
|-heal|p2a: Zapdos|225\/384|[from] item: Leftovers
|turn|10
|
|switch|p2a: Articuno|Articuno|384\/384
|-ability|p2a: Articuno|Pressure
|move|p1a: Kakashi|Hydro Pump|p2a: Articuno|[miss]
|-miss|p1a: Kakashi|p2a: Articuno
|
|turn|11
|
|switch|p1a: Boyd|Azumarill, M|404\/404
|move|p2a: Articuno|Freeze-Dry|p1a: Boyd
|-supereffective|p1a: Boyd
|-damage|p1a: Boyd|144\/404
|
|-heal|p1a: Boyd|169\/404|[from] item: Leftovers
|turn|12
|
|switch|p1a: Hachigen|Espeon, M|186\/272
|move|p2a: Articuno|Freeze-Dry|p1a: Hachigen
|-damage|p1a: Hachigen|80\/272
|
|turn|13
|
|move|p1a: Hachigen|Light Screen|p1a: Hachigen
|-sidestart|p1: Avi42|move: Light Screen
|move|p2a: Articuno|Ice Beam|p1a: Hachigen
|-damage|p1a: Hachigen|2\/272
|
|turn|14
|
|move|p2a: Articuno|Ice Shard|p1a: Hachigen
|-damage|p1a: Hachigen|0 fnt
|faint|p1a: Hachigen
|
|
|switch|p1a: Trunks|Medicham-Mega, M|207\/261
|turn|15
|chat|Asitseems|such ou
|chat|Asitseems|beat by such uu
|
|switch|p2a: Zapdos|Zapdos|225\/384
|-ability|p2a: Zapdos|Pressure
|move|p1a: Trunks|High Jump Kick|p2a: Zapdos
|-resisted|p2a: Zapdos
|-damage|p2a: Zapdos|0 fnt
|faint|p2a: Zapdos
|
|
|switch|p2a: Entei|Entei, shiny|372\/372
|-ability|p2a: Entei|Pressure
|turn|16
|
|switch|p1a: Bruce|Gliscor, F|354\/354
|move|p2a: Entei|Sacred Fire|p1a: Bruce
|-damage|p1a: Bruce|180\/354
|-status|p1a: Bruce|brn
|
|-damage|p1a: Bruce|136\/354 brn|[from] brn
|turn|17
|
|move|p2a: Entei|Sacred Fire|p1a: Bruce
|-damage|p1a: Bruce|0 fnt
|faint|p1a: Bruce
|
|
|switch|p1a: Boyd|Azumarill, M|169\/404
|turn|18
|
|switch|p2a: Raikou|Raikou, shiny|290\/322
|-ability|p2a: Raikou|Pressure
|move|p1a: Boyd|Waterfall|p2a: Raikou
|-crit|p2a: Raikou
|-damage|p2a: Raikou|0 fnt
|faint|p2a: Raikou
|
|-heal|p1a: Boyd|194\/404|[from] item: Leftovers
|
|switch|p2a: Articuno|Articuno|384\/384
|-ability|p2a: Articuno|Pressure
|turn|19
|
|switch|p1a: Trunks|Medicham-Mega, M|207\/261
|move|p2a: Articuno|Freeze-Dry|p1a: Trunks
|-crit|p1a: Trunks
|-damage|p1a: Trunks|14\/261
|
|turn|20
|
|switch|p1a: Kakashi|Greninja, M|75\/285
|move|p2a: Articuno|Ice Shard|p1a: Kakashi
|-resisted|p1a: Kakashi
|-damage|p1a: Kakashi|45\/285
|
|-sideend|p1: Avi42|move: Light Screen
|turn|21
|
|-start|p1a: Kakashi|typechange|Water|[from] Protean
|move|p1a: Kakashi|Hydro Pump|p2a: Articuno
|-damage|p2a: Articuno|195\/384
|move|p2a: Articuno|Freeze-Dry|p1a: Kakashi
|-supereffective|p1a: Kakashi
|-damage|p1a: Kakashi|0 fnt
|faint|p1a: Kakashi
|
|-heal|p2a: Articuno|219\/384|[from] item: Leftovers
|
|switch|p1a: Boyd|Azumarill, M|194\/404
|turn|22
|
|move|p1a: Boyd|Aqua Jet|p2a: Articuno
|-damage|p2a: Articuno|126\/384
|move|p2a: Articuno|Freeze-Dry|p1a: Boyd
|-supereffective|p1a: Boyd
|-damage|p1a: Boyd|0 fnt
|faint|p1a: Boyd
|
|-heal|p2a: Articuno|150\/384|[from] item: Leftovers
|chat|Avi42|gg
|
|switch|p1a: Trunks|Medicham-Mega, M|14\/261
|turn|23
|chat|Asitseems|:D
|
|move|p2a: Articuno|Ice Shard|p1a: Trunks
|-damage|p1a: Trunks|0 fnt
|faint|p1a: Trunks
|
|win|Asitseems
|raw|Ladder updating...
|raw|Avi42's rating: 1616 &rarr; <strong>1596<\/strong><br \/>(-20 for losing)
|raw|Asitseems's rating: 1618 &rarr; <strong>1638<\/strong><br \/>(+20 for winning)
|leave|Avi42
|player|p1