|join|Avi42
|join|HC Thunder
|player|p1|Avi42|163
|player|p2|HC Thunder|260
|gametype|singles
|tier|OU
|rated
|rule|Evasion Abilities Clause: Evasion abilities are banned
|clearpoke
|poke|p1|Dragonite, M
|poke|p1|Weavile, M
|poke|p1|Metagross
|poke|p1|Hydreigon, M
|poke|p1|Forretress, F
|poke|p1|Tentacruel, M
|poke|p2|Tyranitar, F
|poke|p2|Rotom-Wash
|poke|p2|Gengar, M
|poke|p2|Magnezone
|poke|p2|Salamence, M
|poke|p2|Forretress, M
|rule|Sleep Clause Mod: Limit one foe put to sleep
|rule|Species Clause: Limit one of each Pokemon
|rule|OHKO Clause: OHKO moves are banned
|rule|Moody Clause: Moody is banned
|rule|Evasion Moves Clause: Evasion moves are banned
|rule|HP Percentage Mod: HP is reported as percentages
|teampreview
|callback|decision
|
|start
|switch|p1a: Hydreigon|Hydreigon, M|326\/326
|switch|p2a: Rotom-Wash|Rotom-Wash|304\/304
|turn|1
|callback|decision
|
|move|p1a: Hydreigon|Substitute|p1a: Hydreigon
|-start|p1a: Hydreigon|Substitute
|-damage|p1a: Hydreigon|245\/326
|move|p2a: Rotom-Wash|Will-O-Wisp|p1a: Hydreigon|[miss]
|-miss|p2a: Rotom-Wash|p1a: Hydreigon
|
|-heal|p1a: Hydreigon|265\/326|[from] item: Leftovers
|turn|2
|callback|decision
|
|move|p1a: Hydreigon|Dragon Pulse|p2a: Rotom-Wash
|-damage|p2a: Rotom-Wash|174\/304
|move|p2a: Rotom-Wash|Volt Switch|p1a: Hydreigon
|-resisted|p1a: Hydreigon
|-activate|p1a: Hydreigon|Substitute|[damage]
|callback|decision
|
|switch|p2a: Gengar|Gengar, M|261\/261
|
|-heal|p1a: Hydreigon|285\/326|[from] item: Leftovers
|turn|3
|callback|decision
|
|move|p2a: Gengar|Focus Blast|p1a: Hydreigon|[miss]
|-miss|p2a: Gengar|p1a: Hydreigon
|move|p1a: Hydreigon|Dragon Pulse|p2a: Gengar
|-damage|p2a: Gengar|51\/261
|
|-heal|p1a: Hydreigon|305\/326|[from] item: Leftovers
|turn|4
|callback|decision
|chat|HC Thunder|xsrvtbynui,o
|
|move|p2a: Gengar|Focus Blast|p1a: Hydreigon|[miss]
|-miss|p2a: Gengar|p1a: Hydreigon
|move|p1a: Hydreigon|Dragon Pulse|p2a: Gengar
|-damage|p2a: Gengar|0 fnt
|faint|p2a: Gengar
|
|-heal|p1a: Hydreigon|325\/326|[from] item: Leftovers
|callback|decision
|
|switch|p2a: Forretress|Forretress, M|354\/354
|turn|5
|callback|decision
|
|move|p1a: Hydreigon|Fire Blast|p2a: Forretress
|-supereffective|p2a: Forretress
|-activate|p2a: Forretress|Sturdy
|-damage|p2a: Forretress|1\/354
|move|p2a: Forretress|Gyro Ball|p1a: Hydreigon
|-end|p1a: Hydreigon|Substitute
|
|-heal|p1a: Hydreigon|326\/326|[from] item: Leftovers
|turn|6
|callback|decision
|chat|HC Thunder|fucking bs
|-enditem|p2a: Forretress|Custap Berry|[eat]
|-activate|p2a: Forretress|Custap Berry
|
|move|p2a: Forretress|Spikes|p1a: Hydreigon
|-sidestart|p1: Avi42|Spikes
|move|p1a: Hydreigon|Dragon Pulse|p2a: Forretress
|-resisted|p2a: Forretress
|-damage|p2a: Forretress|0 fnt
|faint|p2a: Forretress
|
|callback|decision
|
|switch|p2a: Salamence|Salamence, M|331\/331
|turn|7
|callback|decision
|
|switch|p1a: Metagross|Metagross|364\/364
|-damage|p1a: Metagross|319\/364|[from] Spikes
|move|p2a: Salamence|Dragon Claw|p1a: Metagross
|-resisted|p1a: Metagross
|-damage|p1a: Metagross|265\/364
|
|-heal|p1a: Metagross|287\/364|[from] item: Leftovers
|turn|8
|callback|decision
|
|switch|p2a: Rotom-Wash|Rotom-Wash|174\/304
|move|p1a: Metagross|Meteor Mash|p2a: Rotom-Wash
|-resisted|p2a: Rotom-Wash
|-damage|p2a: Rotom-Wash|124\/304
|
|-heal|p2a: Rotom-Wash|143\/304|[from] item: Leftovers
|-heal|p1a: Metagross|309\/364|[from] item: Leftovers
|turn|9
|callback|decision
|
|move|p2a: Rotom-Wash|Will-O-Wisp|p1a: Metagross
|-status|p1a: Metagross|brn
|move|p1a: Metagross|Zen Headbutt|p2a: Rotom-Wash
|-damage|p2a: Rotom-Wash|68\/304
|
|-heal|p2a: Rotom-Wash|87\/304|[from] item: Leftovers
|-heal|p1a: Metagross|331\/364 brn|[from] item: Leftovers
|-damage|p1a: Metagross|286\/364 brn|[from] brn
|turn|10
|callback|decision
|
|switch|p1a: Hydreigon|Hydreigon, M|326\/326
|move|p2a: Rotom-Wash|Pain Split|p1a: Hydreigon
|-sethp|p1a: Hydreigon|206\/326|p2a: Rotom-Wash|206\/304|[from] move: Pain Split
|
|-heal|p1a: Hydreigon|226\/326|[from] item: Leftovers
|-heal|p2a: Rotom-Wash|225\/304|[from] item: Leftovers
|turn|11
|callback|decision
|
|move|p1a: Hydreigon|Substitute|p1a: Hydreigon
|-start|p1a: Hydreigon|Substitute
|-damage|p1a: Hydreigon|145\/326
|move|p2a: Rotom-Wash|Volt Switch|p1a: Hydreigon
|-resisted|p1a: Hydreigon
|-activate|p1a: Hydreigon|Substitute|[damage]
|callback|decision
|
|switch|p2a: Tyranitar|Tyranitar, F|403\/403
|-weather|Sandstorm|[from] ability: Sand Stream|[of] p2a: Tyranitar
|
|-weather|Sandstorm|[upkeep]
|-damage|p1a: Hydreigon|125\/326|[from] sandstorm
|-heal|p1a: Hydreigon|145\/326|[from] item: Leftovers
|turn|12
|callback|decision
|
|move|p1a: Hydreigon|Focus Blast|p2a: Tyranitar
|-crit|p2a: Tyranitar
|-supereffective|p2a: Tyranitar
|-enditem|p2a: Tyranitar|Chople Berry|[eat]
|-damage|p2a: Tyranitar|87\/403
|move|p2a: Tyranitar|Rock Slide|p1a: Hydreigon
|-end|p1a: Hydreigon|Substitute
|
|-weather|Sandstorm|[upkeep]
|-damage|p1a: Hydreigon|125\/326|[from] sandstorm
|-heal|p1a: Hydreigon|145\/326|[from] item: Leftovers
|turn|13
|callback|decision
|
|move|p1a: Hydreigon|Dragon Pulse|p2a: Tyranitar
|-damage|p2a: Tyranitar|8\/403
|move|p2a: Tyranitar|Rock Slide|p1a: Hydreigon
|-damage|p1a: Hydreigon|31\/326
|
|-weather|Sandstorm|[upkeep]
|-damage|p1a: Hydreigon|11\/326|[from] sandstorm
|-heal|p1a: Hydreigon|31\/326|[from] item: Leftovers
|turn|14
|callback|decision
|
|move|p1a: Hydreigon|Dragon Pulse|p2a: Tyranitar
|-damage|p2a: Tyranitar|0 fnt
|faint|p2a: Tyranitar
|
|-weather|Sandstorm|[upkeep]
|-damage|p1a: Hydreigon|11\/326|[from] sandstorm
|-heal|p1a: Hydreigon|31\/326|[from] item: Leftovers
|callback|decision
|
|switch|p2a: Salamence|Salamence, M|331\/331
|turn|15
|callback|decision
|
|move|p2a: Salamence|Dragon Claw|p1a: Hydreigon
|-supereffective|p1a: Hydreigon
|-damage|p1a: Hydreigon|0 fnt
|faint|p1a: Hydreigon
|-boost|p2a: Salamence|atk|1|[from] ability: Moxie
|
|-weather|Sandstorm|[upkeep]
|-damage|p2a: Salamence|311\/331|[from] sandstorm
|callback|decision
|
|switch|p1a: Forretress|Forretress, F|354\/354
|-damage|p1a: Forretress|310\/354|[from] Spikes
|turn|16
|callback|decision
|
|switch|p2a: Magnezone|Magnezone|289\/289
|move|p1a: Forretress|Rapid Spin|p2a: Magnezone
|-resisted|p2a: Magnezone
|-damage|p2a: Magnezone|283\/289
|-sideend|p1: Avi42|Spikes|[from] move: Rapid Spin|[of] p1a: Forretress
|
|-weather|Sandstorm|[upkeep]
|-heal|p2a: Magnezone|289\/289|[from] item: Leftovers
|-heal|p1a: Forretress|332\/354|[from] item: Leftovers
|turn|17
|callback|decision
|
|move|p2a: Magnezone|Hidden Power|p1a: Forretress
|-supereffective|p1a: Forretress
|-damage|p1a: Forretress|0 fnt
|faint|p1a: Forretress
|
|-weather|Sandstorm|[upkeep]
|callback|decision
|
|switch|p1a: Weavile|Weavile, M|281\/281
|turn|18
|callback|decision
|
|move|p1a: Weavile|Low Kick|p2a: Magnezone
|-supereffective|p2a: Magnezone
|-damage|p2a: Magnezone|79\/289
|move|p2a: Magnezone|Flash Cannon|p1a: Weavile
|-supereffective|p1a: Weavile
|-enditem|p1a: Weavile|Focus Sash
|-damage|p1a: Weavile|1\/281
|
|-weather|Sandstorm|[upkeep]
|-damage|p1a: Weavile|0 fnt|[from] sandstorm
|-heal|p2a: Magnezone|97\/289|[from] item: Leftovers
|faint|p1a: Weavile
|callback|decision
|
|switch|p1a: Dragonite|Dragonite, M|324\/324
|turn|19
|callback|decision
|
|move|p1a: Dragonite|Fire Punch|p2a: Magnezone
|-supereffective|p2a: Magnezone
|-damage|p2a: Magnezone|0 fnt
|faint|p2a: Magnezone
|
|-weather|Sandstorm|[upkeep]
|-damage|p1a: Dragonite|304\/324|[from] sandstorm
|-heal|p1a: Dragonite|324\/324|[from] item: Leftovers
|callback|decision
|
|switch|p2a: Rotom-Wash|Rotom-Wash|225\/304
|turn|20
|callback|decision
|
|switch|p1a: Metagross|Metagross|286\/364 brn
|move|p2a: Rotom-Wash|Will-O-Wisp|p1a: Metagross|[miss]
|-miss|p2a: Rotom-Wash|p1a: Metagross
|
|-weather|Sandstorm|[upkeep]
|-damage|p2a: Rotom-Wash|206\/304|[from] sandstorm
|-heal|p2a: Rotom-Wash|225\/304|[from] item: Leftovers
|-heal|p1a: Metagross|308\/364 brn|[from] item: Leftovers
|-damage|p1a: Metagross|263\/364 brn|[from] brn
|turn|21
|callback|decision
|
|move|p2a: Rotom-Wash|Hydro Pump|p1a: Metagross
|-damage|p1a: Metagross|92\/364 brn
|move|p1a: Metagross|Zen Headbutt|p2a: Rotom-Wash
|-damage|p2a: Rotom-Wash|153\/304
|
|-weather|Sandstorm|[upkeep]
|-damage|p2a: Rotom-Wash|134\/304|[from] sandstorm
|-heal|p2a: Rotom-Wash|153\/304|[from] item: Leftovers
|-heal|p1a: Metagross|114\/364 brn|[from] item: Leftovers
|-damage|p1a: Metagross|69\/364 brn|[from] brn
|turn|22
|callback|decision
|
|move|p1a: Metagross|Bullet Punch|p2a: Rotom-Wash
|-resisted|p2a: Rotom-Wash
|-damage|p2a: Rotom-Wash|144\/304
|move|p2a: Rotom-Wash|Hydro Pump|p1a: Metagross
|-damage|p1a: Metagross|0 fnt
|faint|p1a: Metagross
|
|-weather|Sandstorm|[upkeep]
|-damage|p2a: Rotom-Wash|125\/304|[from] sandstorm
|-heal|p2a: Rotom-Wash|144\/304|[from] item: Leftovers
|callback|decision
|
|switch|p1a: Tentacruel|Tentacruel, M|359\/359
|turn|23
|callback|decision
|
|move|p1a: Tentacruel|Toxic|p2a: Rotom-Wash|[miss]
|-miss|p1a: Tentacruel|p2a: Rotom-Wash
|move|p2a: Rotom-Wash|Pain Split|p1a: Tentacruel
|-sethp|p1a: Tentacruel|251\/359|p2a: Rotom-Wash|251\/304|[from] move: Pain Split
|
|-weather|Sandstorm|[upkeep]
|-damage|p1a: Tentacruel|229\/359|[from] sandstorm
|-damage|p2a: Rotom-Wash|232\/304|[from] sandstorm
|-heal|p1a: Tentacruel|251\/359|[from] item: Leftovers
|-heal|p2a: Rotom-Wash|251\/304|[from] item: Leftovers
|turn|24
|callback|decision
|
|move|p1a: Tentacruel|Toxic|p2a: Rotom-Wash
|-status|p2a: Rotom-Wash|tox
|move|p2a: Rotom-Wash|Volt Switch|p1a: Tentacruel
|-supereffective|p1a: Tentacruel
|-damage|p1a: Tentacruel|149\/359
|callback|decision
|
|switch|p2a: Salamence|Salamence, M|311\/331
|
|-weather|Sandstorm|[upkeep]
|-damage|p2a: Salamence|291\/331|[from] sandstorm
|-damage|p1a: Tentacruel|127\/359|[from] sandstorm
|-heal|p1a: Tentacruel|149\/359|[from] item: Leftovers
|turn|25
|callback|decision
|
|move|p2a: Salamence|Outrage|p1a: Tentacruel
|-damage|p1a: Tentacruel|0 fnt
|faint|p1a: Tentacruel
|-boost|p2a: Salamence|atk|1|[from] ability: Moxie
|
|-weather|Sandstorm|[upkeep]
|-damage|p2a: Salamence|271\/331|[from] sandstorm
|callback|decision
|
|switch|p1a: Dragonite|Dragonite, M|324\/324
|turn|26
|callback|decision
|
|move|p2a: Salamence|Outrage|p1a: Dragonite
|-crit|p1a: Dragonite
|-supereffective|p1a: Dragonite
|-damage|p1a: Dragonite|0 fnt
|faint|p1a: Dragonite
|-boost|p2a: Salamence|atk|1|[from] ability: Moxie
|
|win|HC Thunder
|raw|Ladder updating...
|raw|Avi42's rating: 1895 &rarr; <strong>1886<\/strong><br \/>(-9 for losing)
|raw|HC Thunder's rating: 1796 &rarr; <strong>1806<\/strong><br \/>(+10 for winning)
|chat|HC Thunder|loooool
|leave|Avi42
|player|p1