|join|Avi42
|join|Adolf Hitmonchan
|player|p1|Avi42|162
|player|p2|Adolf Hitmonchan|256
|gametype|singles
|gen|6
|tier|OU
|rated
|clearpoke
|poke|p1|Scizor, M
|poke|p1|Rotom-Wash
|poke|p1|Garchomp, F
|poke|p1|Staraptor, F
|poke|p1|Slowbro, F
|poke|p1|Aegislash, F
|poke|p2|Dragonite, M
|poke|p2|Greninja, F
|poke|p2|Scizor, F
|poke|p2|Azumarill, M, shiny
|poke|p2|Kyurem-Black, shiny
|poke|p2|Heatran, F, shiny
|rule|Sleep Clause Mod: Limit one foe put to sleep
|rule|Species Clause: Limit one of each Pokemon
|rule|OHKO Clause: OHKO moves are banned
|rule|Moody Clause: Moody is banned
|rule|Evasion Moves Clause: Evasion moves are banned
|rule|Endless Battle Clause: Forcing endless battles is banned.
|rule|HP Percentage Mod: HP is reported as percentages
|teampreview
|
|start
|switch|p1a: Saruman|Garchomp, F|358\/358
|switch|p2a: Rubiks|Kyurem-Black, shiny|391\/391
|-ability|p2a: Rubiks|Teravolt
|turn|1
|
|move|p2a: Rubiks|Ice Beam|p1a: Saruman
|-supereffective|p1a: Saruman
|-damage|p1a: Saruman|0 fnt
|faint|p1a: Saruman
|
|
|switch|p1a: Palpatine|Rotom-Wash|304\/304
|turn|2
|
|switch|p2a: HotMomma|Heatran, F, shiny|386\/386
|move|p1a: Palpatine|Volt Switch|p2a: HotMomma
|-damage|p2a: HotMomma|328\/386
|
|switch|p1a: Majin|Staraptor, F|312\/312
|
|-heal|p2a: HotMomma|352\/386|[from] item: Leftovers
|turn|3
|
|move|p2a: HotMomma|Protect|p2a: HotMomma
|-singleturn|p2a: HotMomma|Protect
|move|p1a: Majin|Close Combat|p2a: HotMomma
|-activate|p2a: HotMomma|Protect
|
|-heal|p2a: HotMomma|376\/386|[from] item: Leftovers
|turn|4
|
|switch|p2a: Ord|Dragonite, M|324\/324
|move|p1a: Majin|Close Combat|p2a: Ord
|-resisted|p2a: Ord
|-damage|p2a: Ord|270\/324
|-unboost|p1a: Majin|def|1
|-unboost|p1a: Majin|spd|1
|
|turn|5
|
|switch|p1a: Palpatine|Rotom-Wash|304\/304
|move|p2a: Ord|Dragon Dance|p2a: Ord
|-boost|p2a: Ord|atk|1
|-boost|p2a: Ord|spe|1
|
|turn|6
|
|move|p2a: Ord|Outrage|p1a: Palpatine
|-damage|p1a: Palpatine|0 fnt
|faint|p1a: Palpatine
|
|
|switch|p1a: Zelgius|Aegislash, F|324\/324
|turn|7
|
|move|p2a: Ord|Outrage|p1a: Zelgius
|-resisted|p1a: Zelgius
|-damage|p1a: Zelgius|204\/324
|-formechange|p1a: Zelgius|Aegislash-Blade
|move|p1a: Zelgius|Shadow Ball|p2a: Ord
|-damage|p2a: Ord|90\/324
|
|-heal|p1a: Zelgius|224\/324|[from] item: Leftovers
|turn|8
|
|-formechange|p1a: Zelgius|Aegislash
|move|p1a: Zelgius|King's Shield|p1a: Zelgius
|-singleturn|p1a: Zelgius|Protect
|move|p2a: Ord|Outrage|p1a: Zelgius
|-activate|p1a: Zelgius|Protect
|-unboost|p2a: Ord|atk|2
|
|-end|p2a: Ord|rampage
|-start|p2a: Ord|confusion
|-heal|p1a: Zelgius|244\/324|[from] item: Leftovers
|turn|9
|
|-activate|p2a: Ord|confusion
|move|p2a: Ord|Earthquake|p1a: Zelgius
|-supereffective|p1a: Zelgius
|-damage|p1a: Zelgius|106\/324
|-formechange|p1a: Zelgius|Aegislash-Blade
|move|p1a: Zelgius|Flash Cannon|p2a: Ord
|-damage|p2a: Ord|0 fnt
|faint|p2a: Ord
|
|-heal|p1a: Zelgius|126\/324|[from] item: Leftovers
|
|switch|p2a: HotMomma|Heatran, F, shiny|376\/386
|turn|10
|
|switch|p2a: Rubiks|Kyurem-Black, shiny|391\/391
|-ability|p2a: Rubiks|Teravolt
|switch|p1a: Riddle?|Slowbro, F|394\/394
|
|turn|11
|
|switch|p1a: Zelgius|Aegislash, F|126\/324
|move|p2a: Rubiks|Fusion Bolt|p1a: Zelgius
|-damage|p1a: Zelgius|26\/324
|
|-heal|p1a: Zelgius|46\/324|[from] item: Leftovers
|turn|12
|
|switch|p2a: HotMomma|Heatran, F, shiny|376\/386
|move|p1a: Zelgius|King's Shield|p1a: Zelgius
|-fail|p1a: Zelgius
|
|-heal|p2a: HotMomma|386\/386|[from] item: Leftovers
|-heal|p1a: Zelgius|66\/324|[from] item: Leftovers
|turn|13
|
|switch|p1a: Riddle?|Slowbro, F|394\/394
|move|p2a: HotMomma|Stealth Rock|p1a: Riddle?
|-sidestart|p1: Avi42|move: Stealth Rock
|
|turn|14
|
|move|p2a: HotMomma|Lava Plume|p1a: Riddle?
|-resisted|p1a: Riddle?
|-damage|p1a: Riddle?|326\/394
|move|p1a: Riddle?|Scald|p2a: HotMomma
|-supereffective|p2a: HotMomma
|-damage|p2a: HotMomma|266\/386
|
|-heal|p2a: HotMomma|290\/386|[from] item: Leftovers
|-heal|p1a: Riddle?|350\/394|[from] item: Leftovers
|turn|15
|
|move|p2a: HotMomma|Lava Plume|p1a: Riddle?
|-resisted|p1a: Riddle?
|-damage|p1a: Riddle?|278\/394
|move|p1a: Riddle?|Calm Mind|p1a: Riddle?
|-boost|p1a: Riddle?|spa|1
|-boost|p1a: Riddle?|spd|1
|
|-heal|p2a: HotMomma|314\/386|[from] item: Leftovers
|-heal|p1a: Riddle?|302\/394|[from] item: Leftovers
|turn|16
|
|move|p2a: HotMomma|Lava Plume|p1a: Riddle?
|-resisted|p1a: Riddle?
|-damage|p1a: Riddle?|255\/394
|-status|p1a: Riddle?|brn
|move|p1a: Riddle?|Calm Mind|p1a: Riddle?
|-boost|p1a: Riddle?|spa|1
|-boost|p1a: Riddle?|spd|1
|
|-heal|p2a: HotMomma|338\/386|[from] item: Leftovers
|-heal|p1a: Riddle?|279\/394 brn|[from] item: Leftovers
|-damage|p1a: Riddle?|230\/394 brn|[from] brn
|turn|17
|
|move|p2a: HotMomma|Earth Power|p1a: Riddle?
|-damage|p1a: Riddle?|176\/394 brn
|move|p1a: Riddle?|Scald|p2a: HotMomma
|-supereffective|p2a: HotMomma
|-damage|p2a: HotMomma|62\/386
|
|-heal|p2a: HotMomma|86\/386|[from] item: Leftovers
|-heal|p1a: Riddle?|200\/394 brn|[from] item: Leftovers
|-damage|p1a: Riddle?|151\/394 brn|[from] brn
|turn|18
|
|move|p2a: HotMomma|Earth Power|p1a: Riddle?
|-damage|p1a: Riddle?|93\/394 brn
|move|p1a: Riddle?|Slack Off|p1a: Riddle?
|-heal|p1a: Riddle?|290\/394 brn
|
|-heal|p2a: HotMomma|110\/386|[from] item: Leftovers
|-heal|p1a: Riddle?|314\/394 brn|[from] item: Leftovers
|-damage|p1a: Riddle?|265\/394 brn|[from] brn
|turn|19
|
|move|p2a: HotMomma|Lava Plume|p1a: Riddle?
|-resisted|p1a: Riddle?
|-damage|p1a: Riddle?|226\/394 brn
|move|p1a: Riddle?|Slack Off|p1a: Riddle?
|-heal|p1a: Riddle?|394\/394 brn
|
|-heal|p2a: HotMomma|134\/386|[from] item: Leftovers
|-damage|p1a: Riddle?|345\/394 brn|[from] brn
|turn|20
|
|move|p2a: HotMomma|Earth Power|p1a: Riddle?
|-damage|p1a: Riddle?|289\/394 brn
|move|p1a: Riddle?|Scald|p2a: HotMomma
|-supereffective|p2a: HotMomma
|-damage|p2a: HotMomma|0 fnt
|faint|p2a: HotMomma
|
|-heal|p1a: Riddle?|313\/394 brn|[from] item: Leftovers
|-damage|p1a: Riddle?|264\/394 brn|[from] brn
|
|switch|p2a: Rubiks|Kyurem-Black, shiny|391\/391
|-ability|p2a: Rubiks|Teravolt
|turn|21
|
|move|p2a: Rubiks|Fusion Bolt|p1a: Riddle?
|-supereffective|p1a: Riddle?
|-damage|p1a: Riddle?|86\/394 brn
|move|p1a: Riddle?|Scald|p2a: Rubiks
|-resisted|p2a: Rubiks
|-damage|p2a: Rubiks|281\/391
|-status|p2a: Rubiks|brn
|
|-heal|p1a: Riddle?|110\/394 brn|[from] item: Leftovers
|-damage|p2a: Rubiks|233\/391 brn|[from] brn
|-damage|p1a: Riddle?|61\/394 brn|[from] brn
|turn|22
|
|switch|p1a: Archie|Scizor, M|344\/344
|-damage|p1a: Archie|301\/344|[from] Stealth Rock
|move|p2a: Rubiks|Fusion Bolt|p1a: Archie
|-damage|p1a: Archie|255\/344
|
|-damage|p2a: Rubiks|185\/391 brn|[from] brn
|turn|23
|
|switch|p2a: Mr Sunshine|Azumarill, M, shiny|342\/342
|-formechange|p1a: Archie|Scizor-Mega
|message|Scizor has Mega Evolved into Mega Scizor!
|move|p1a: Archie|Defog|p2a: Mr Sunshine
|-unboost|p2a: Mr Sunshine|evasion|1
|-sideend|p1: Avi42|Stealth Rock|[from] move: Defog|[of] p1a: Archie
|
|turn|24
|
|move|p2a: Mr Sunshine|Belly Drum|p2a: Mr Sunshine
|-damage|p2a: Mr Sunshine|171\/342
|-setboost|p2a: Mr Sunshine|atk|6|[from] move: Belly Drum
|-enditem|p2a: Mr Sunshine|Sitrus Berry|[eat]
|-heal|p2a: Mr Sunshine|256\/342|[from] item: Sitrus Berry
|move|p1a: Archie|U-turn|p2a: Mr Sunshine
|-resisted|p2a: Mr Sunshine
|-damage|p2a: Mr Sunshine|187\/342
|
|switch|p1a: Zelgius|Aegislash, F|66\/324
|
|-heal|p1a: Zelgius|86\/324|[from] item: Leftovers
|turn|25
|
|move|p1a: Zelgius|King's Shield|p1a: Zelgius
|-singleturn|p1a: Zelgius|Protect
|move|p2a: Mr Sunshine|Superpower|p1a: Zelgius
|-immune|p1a: Zelgius|[msg]
|
|-heal|p1a: Zelgius|106\/324|[from] item: Leftovers
|turn|26
|
|move|p2a: Mr Sunshine|Aqua Jet|p1a: Zelgius
|-damage|p1a: Zelgius|0 fnt
|faint|p1a: Zelgius
|
|
|switch|p1a: Archie|Scizor, M|255\/344
|-formechange|p1a: Archie|Scizor-Mega
|turn|27
|
|move|p2a: Mr Sunshine|Aqua Jet|p1a: Archie
|-damage|p1a: Archie|45\/344
|move|p1a: Archie|Bullet Punch|p2a: Mr Sunshine
|-damage|p2a: Mr Sunshine|64\/342
|
|turn|28
|
|switch|p1a: Riddle?|Slowbro, F|192\/394 brn
|move|p2a: Mr Sunshine|Aqua Jet|p1a: Riddle?
|-resisted|p1a: Riddle?
|-damage|p1a: Riddle?|82\/394 brn
|
|-heal|p1a: Riddle?|106\/394 brn|[from] item: Leftovers
|-damage|p1a: Riddle?|57\/394 brn|[from] brn
|turn|29
|
|switch|p1a: Archie|Scizor, M|45\/344
|-formechange|p1a: Archie|Scizor-Mega
|move|p2a: Mr Sunshine|Aqua Jet|p1a: Archie
|-damage|p1a: Archie|0 fnt
|faint|p1a: Archie
|
|
|switch|p1a: Majin|Staraptor, F|312\/312
|turn|30
|
|move|p1a: Majin|Quick Attack|p2a: Mr Sunshine
|-damage|p2a: Mr Sunshine|0 fnt
|faint|p2a: Mr Sunshine
|
|
|switch|p2a: Rubiks|Kyurem-Black, shiny|185\/391 brn
|-ability|p2a: Rubiks|Teravolt
|turn|31
|
|switch|p1a: Riddle?|Slowbro, F|188\/394 brn
|move|p2a: Rubiks|Fusion Bolt|p1a: Riddle?
|-supereffective|p1a: Riddle?
|-damage|p1a: Riddle?|92\/394 brn
|
|-heal|p1a: Riddle?|116\/394 brn|[from] item: Leftovers
|-damage|p2a: Rubiks|137\/391 brn|[from] brn
|-damage|p1a: Riddle?|67\/394 brn|[from] brn
|turn|32
|
|switch|p1a: Majin|Staraptor, F|312\/312
|move|p2a: Rubiks|Fusion Bolt|p1a: Majin
|-supereffective|p1a: Majin
|-damage|p1a: Majin|136\/312
|
|-damage|p2a: Rubiks|89\/391 brn|[from] brn
|turn|33
|
|switch|p2a: ExtremeHandjob|Scizor, F|344\/344
|move|p1a: Majin|Quick Attack|p2a: ExtremeHandjob
|-crit|p2a: ExtremeHandjob
|-resisted|p2a: ExtremeHandjob
|-damage|p2a: ExtremeHandjob|272\/344
|
|turn|34
|
|switch|p1a: Riddle?|Slowbro, F|198\/394 brn
|move|p2a: ExtremeHandjob|U-turn|p1a: Riddle?
|-supereffective|p1a: Riddle?
|-damage|p1a: Riddle?|0 fnt
|faint|p1a: Riddle?
|
|switch|p2a: Rubiks|Kyurem-Black, shiny|89\/391 brn
|-ability|p2a: Rubiks|Teravolt
|
|-damage|p2a: Rubiks|41\/391 brn|[from] brn
|
|switch|p1a: Majin|Staraptor, F|136\/312
|turn|35
|
|move|p1a: Majin|Quick Attack|p2a: Rubiks
|-damage|p2a: Rubiks|0 fnt
|faint|p2a: Rubiks
|
|
|switch|p2a: ExtremeHandjob|Scizor, F|272\/344
|turn|36
|chat|Avi42|gg
|chat|Adolf Hitmonchan|yea solid
|
|move|p1a: Majin|Quick Attack|p2a: ExtremeHandjob
|-resisted|p2a: ExtremeHandjob
|-damage|p2a: ExtremeHandjob|224\/344
|move|p2a: ExtremeHandjob|Bullet Punch|p1a: Majin
|-damage|p1a: Majin|0 fnt
|faint|p1a: Majin
|
|win|Adolf Hitmonchan
|raw|Ladder updating...
|raw|Avi42's rating: 1718 &rarr; <strong>1691<\/strong><br \/>(-27 for losing)
|raw|Adolf Hitmonchan's rating: 1582 &rarr; <strong>1609<\/strong><br \/>(+27 for winning)
|leave|Avi42
|player|p1