|join|Avi42
|join|PyroLupus
|player|p1|Avi42|92
|player|p2|PyroLupus|25
|gametype|singles
|tier|OU (current)
|rated
|rule|Evasion Abilities Clause: Evasion abilities are banned
|clearpoke
|poke|p1|Mamoswine, M
|poke|p1|Scizor, M
|poke|p1|Kyurem-Black
|poke|p1|Jolteon, F
|poke|p1|Gliscor, F
|poke|p1|Tentacruel, F
|poke|p2|Infernape, M
|poke|p2|Scizor, F
|poke|p2|Metagross, shiny
|poke|p2|Politoed, M
|poke|p2|Donphan, M
|poke|p2|Thundurus-Therian, M
|rule|Sleep Clause Mod: Limit one foe put to sleep
|rule|Species Clause: Limit one of each Pokemon
|rule|OHKO Clause: OHKO moves are banned
|rule|Moody Clause: Moody is banned
|rule|Evasion Moves Clause: Evasion moves are banned
|rule|HP Percentage Mod: HP is reported as percentages
|teampreview
|callback|decision
|
|start
|switch|p1a: Mamoswine|Mamoswine, M|423\/423
|switch|p2a: Mah Curls|Politoed, M|384\/384
|-weather|RainDance|[from] ability: Drizzle|[of] p2a: Mah Curls
|turn|1
|callback|decision
|
|move|p1a: Mamoswine|Stealth Rock|p2a: Mah Curls
|-sidestart|p2: PyroLupus|move: Stealth Rock
|move|p2a: Mah Curls|Scald|p1a: Mamoswine
|-supereffective|p1a: Mamoswine
|-damage|p1a: Mamoswine|43\/423
|
|-weather|RainDance|[upkeep]
|turn|2
|callback|decision
|
|move|p1a: Mamoswine|Endeavor|p2a: Mah Curls
|-damage|p2a: Mah Curls|43\/384
|move|p2a: Mah Curls|Perish Song|p2a: Mah Curls
|-fieldactivate|move: Perish Song
|
|-start|p1a: Mamoswine|perish3
|-start|p2a: Mah Curls|perish3
|-weather|RainDance|[upkeep]
|-heal|p2a: Mah Curls|67\/384|[from] item: Leftovers
|turn|3
|callback|decision
|
|move|p1a: Mamoswine|Endeavor|p2a: Mah Curls
|-damage|p2a: Mah Curls|43\/384
|move|p2a: Mah Curls|Scald|p1a: Mamoswine
|-supereffective|p1a: Mamoswine
|-damage|p1a: Mamoswine|0 fnt
|faint|p1a: Mamoswine
|
|-start|p2a: Mah Curls|perish2
|-weather|RainDance|[upkeep]
|-heal|p2a: Mah Curls|67\/384|[from] item: Leftovers
|callback|decision
|
|switch|p1a: Scizor|Scizor, M|343\/343
|turn|4
|callback|decision
|
|move|p1a: Scizor|Pursuit|p2a: Mah Curls|[from]Pursuit
|-damage|p2a: Mah Curls|0 fnt
|faint|p2a: Mah Curls
|
|-weather|RainDance|[upkeep]
|callback|decision
|
|switch|p2a: Mah Ears|Donphan, M|346\/346
|-damage|p2a: Mah Ears|325\/346|[from] Stealth Rock
|turn|5
|callback|decision
|
|switch|p1a: Jolteon|Jolteon, F|272\/272
|move|p2a: Mah Ears|Rapid Spin|p1a: Jolteon
|-damage|p1a: Jolteon|244\/272
|-sideend|p2: PyroLupus|Stealth Rock|[from] move: Rapid Spin|[of] p2a: Mah Ears
|
|-weather|RainDance|[upkeep]
|-heal|p2a: Mah Ears|346\/346|[from] item: Leftovers
|turn|6
|callback|decision
|
|switch|p1a: Gliscor|Gliscor, F|354\/354
|switch|p2a: Mah Hair|Infernape, M|294\/294
|
|-weather|RainDance|[upkeep]
|-activate|p1a: Gliscor|item: Toxic Orb
|-status|p1a: Gliscor|tox
|turn|7
|callback|decision
|
|move|p2a: Mah Hair|U-turn|p1a: Gliscor
|-resisted|p1a: Gliscor
|-damage|p1a: Gliscor|325\/354 tox
|-damage|p2a: Mah Hair|265\/294|[from] item: Life Orb
|callback|decision
|
|switch|p2a: Mah Legs|Thundurus-Therian, M|300\/300
|move|p1a: Gliscor|Earthquake|p2a: Mah Legs
|-immune|p2a: Mah Legs|[msg]
|
|-weather|RainDance|[upkeep]
|-heal|p1a: Gliscor|354\/354 tox|[from] ability: Poison Heal
|turn|8
|callback|decision
|
|move|p1a: Gliscor|Protect|p1a: Gliscor
|-singleturn|p1a: Gliscor|Protect
|move|p2a: Mah Legs|Nasty Plot|p2a: Mah Legs
|-boost|p2a: Mah Legs|spa|2
|
|-weather|RainDance|[upkeep]
|turn|9
|callback|decision
|
|move|p2a: Mah Legs|Hidden Power|p1a: Gliscor
|-supereffective|p1a: Gliscor
|-damage|p1a: Gliscor|0 fnt
|faint|p1a: Gliscor
|
|-weather|RainDance|[upkeep]
|callback|decision
|
|switch|p1a: Jolteon|Jolteon, F|244\/272
|turn|10
|callback|decision
|
|switch|p2a: Mah Hair|Infernape, M|265\/294
|move|p1a: Jolteon|Hidden Power|p2a: Mah Hair
|-resisted|p2a: Mah Hair
|-damage|p2a: Mah Hair|194\/294
|
|-weather|RainDance|[upkeep]
|turn|11
|callback|decision
|
|switch|p1a: Tentacruel|Tentacruel, F|364\/364
|move|p2a: Mah Hair|Stone Edge|p1a: Tentacruel
|-damage|p1a: Tentacruel|164\/364
|-damage|p2a: Mah Hair|165\/294|[from] item: Life Orb
|
|-weather|RainDance|[upkeep]
|-heal|p1a: Tentacruel|186\/364|[from] ability: Rain Dish
|-heal|p1a: Tentacruel|208\/364|[from] item: Black Sludge
|turn|12
|callback|decision
|
|move|p2a: Mah Hair|U-turn|p1a: Tentacruel
|-resisted|p1a: Tentacruel
|-damage|p1a: Tentacruel|138\/364
|-damage|p2a: Mah Hair|136\/294|[from] item: Life Orb
|callback|decision
|
|switch|p2a: Mah Legs|Thundurus-Therian, M|300\/300
|move|p1a: Tentacruel|Scald|p2a: Mah Legs
|-crit|p2a: Mah Legs
|-damage|p2a: Mah Legs|20\/300
|
|-weather|RainDance|[upkeep]
|-heal|p1a: Tentacruel|160\/364|[from] ability: Rain Dish
|-heal|p2a: Mah Legs|38\/300|[from] item: Leftovers
|-heal|p1a: Tentacruel|182\/364|[from] item: Black Sludge
|turn|13
|callback|decision
|
|move|p2a: Mah Legs|Thunder|p1a: Tentacruel
|-supereffective|p1a: Tentacruel
|-damage|p1a: Tentacruel|0 fnt
|faint|p1a: Tentacruel
|
|-weather|RainDance|[upkeep]
|-heal|p2a: Mah Legs|56\/300|[from] item: Leftovers
|callback|decision
|
|switch|p1a: Scizor|Scizor, M|343\/343
|turn|14
|callback|decision
|
|switch|p2a: Mah Ears|Donphan, M|346\/346
|move|p1a: Scizor|U-turn|p2a: Mah Ears
|-damage|p2a: Mah Ears|204\/346
|callback|decision
|
|switch|p1a: Jolteon|Jolteon, F|244\/272
|
|-weather|RainDance|[upkeep]
|-heal|p2a: Mah Ears|225\/346|[from] item: Leftovers
|turn|15
|callback|decision
|
|move|p1a: Jolteon|Volt Switch|p2a: Mah Ears
|-immune|p2a: Mah Ears|[msg]
|move|p2a: Mah Ears|Earthquake|p1a: Jolteon
|-supereffective|p1a: Jolteon
|-damage|p1a: Jolteon|0 fnt
|faint|p1a: Jolteon
|
|-weather|RainDance|[upkeep]
|-heal|p2a: Mah Ears|246\/346|[from] item: Leftovers
|callback|decision
|chat|Avi42|stop predicting so well
|
|switch|p1a: Kyurem-Black|Kyurem-Black|392\/392
|-ability|p1a: Kyurem-Black|Teravolt
|turn|16
|callback|decision
|chat|PyroLupus|I never predict this good, jeezus
|chat|Avi42|People  never predict me this well either.
|
|switch|p2a: Mah Legs|Thundurus-Therian, M|56\/300
|move|p1a: Kyurem-Black|Dragon Claw|p2a: Mah Legs
|-damage|p2a: Mah Legs|0 fnt
|faint|p2a: Mah Legs
|
|-weather|RainDance|[upkeep]
|callback|decision
|
|switch|p2a: Mah Hair|Infernape, M|136\/294
|turn|17
|callback|decision
|chat|Avi42|maybe my unpredictability makes me predictable to you
|
|switch|p1a: Scizor|Scizor, M|343\/343
|move|p2a: Mah Hair|Close Combat|p1a: Scizor
|-damage|p1a: Scizor|112\/343
|-unboost|p2a: Mah Hair|def|1
|-unboost|p2a: Mah Hair|spd|1
|-damage|p2a: Mah Hair|107\/294|[from] item: Life Orb
|
|-weather|RainDance|[upkeep]
|turn|18
|callback|decision
|chat|PyroLupus|I dunno
|
|move|p1a: Scizor|Bullet Punch|p2a: Mah Hair
|-resisted|p2a: Mah Hair
|-damage|p2a: Mah Hair|0 fnt
|faint|p2a: Mah Hair
|
|-weather|RainDance|[upkeep]
|callback|decision
|
|switch|p2a: Mah Clamps|Scizor, F|335\/335
|turn|19
|callback|decision
|
|move|p1a: Scizor|Bullet Punch|p2a: Mah Clamps
|-resisted|p2a: Mah Clamps
|-damage|p2a: Mah Clamps|250\/335
|move|p2a: Mah Clamps|Swords Dance|p2a: Mah Clamps
|-boost|p2a: Mah Clamps|atk|2
|
|-weather|RainDance|[upkeep]
|-heal|p2a: Mah Clamps|270\/335|[from] item: Leftovers
|turn|20
|callback|decision
|chat|Avi42|you win
|
|move|p1a: Scizor|Bullet Punch|p2a: Mah Clamps
|-resisted|p2a: Mah Clamps
|-damage|p2a: Mah Clamps|187\/335
|move|p2a: Mah Clamps|Swords Dance|p2a: Mah Clamps
|-boost|p2a: Mah Clamps|atk|2
|
|-weather|RainDance|[upkeep]
|-heal|p2a: Mah Clamps|207\/335|[from] item: Leftovers
|turn|21
|callback|decision
|chat|PyroLupus|not quite
|
|move|p1a: Scizor|Bullet Punch|p2a: Mah Clamps
|-resisted|p2a: Mah Clamps
|-damage|p2a: Mah Clamps|119\/335
|move|p2a: Mah Clamps|Roost|p2a: Mah Clamps
|-heal|p2a: Mah Clamps|287\/335
|
|-weather|RainDance|[upkeep]
|-heal|p2a: Mah Clamps|307\/335|[from] item: Leftovers
|turn|22
|callback|decision
|chat|Avi42|there's nothing I can do
|
|move|p1a: Scizor|Bullet Punch|p2a: Mah Clamps
|-resisted|p2a: Mah Clamps
|-damage|p2a: Mah Clamps|220\/335
|move|p2a: Mah Clamps|Bullet Punch|p1a: Scizor
|-resisted|p1a: Scizor
|-damage|p1a: Scizor|0 fnt
|faint|p1a: Scizor
|
|-weather|RainDance|[upkeep]
|-heal|p2a: Mah Clamps|240\/335|[from] item: Leftovers
|callback|decision
|
|switch|p1a: Kyurem-Black|Kyurem-Black|392\/392
|-ability|p1a: Kyurem-Black|Teravolt
|turn|23
|callback|decision
|
|move|p2a: Mah Clamps|Bullet Punch|p1a: Kyurem-Black
|-supereffective|p1a: Kyurem-Black
|-damage|p1a: Kyurem-Black|0 fnt
|faint|p1a: Kyurem-Black
|
|win|PyroLupus
|raw|Ladder updating...
|raw|Avi42's rating: 1709 &rarr; <strong>1693<\/strong><br \/>(-16 for losing)
|raw|PyroLupus's rating: 1627 &rarr; <strong>1646<\/strong><br \/>(+19 for winning)
|chat|PyroLupus|gg, kinda ish
|chat|Avi42|gg
|leave|Avi42
|player|p1