|join|Avi42
|join|heine_borel
|player|p1|Avi42|162
|player|p2|heine_borel|154
|gametype|singles
|gen|6
|tier|OU (suspect test)
|rated
|clearpoke
|poke|p1|Scizor, F
|poke|p1|Rotom-Wash
|poke|p1|Landorus-Therian, M
|poke|p1|Azumarill, F
|poke|p1|Salamence, M
|poke|p1|Heatran, M
|poke|p2|Ninjask, F
|poke|p2|Arcanine, M
|poke|p2|Garchomp, F
|poke|p2|Azumarill, F
|poke|p2|Gengar, M
|poke|p2|Blissey, F
|rule|Sleep Clause Mod: Limit one foe put to sleep
|rule|Species Clause: Limit one of each Pokemon
|rule|OHKO Clause: OHKO moves are banned
|rule|Moody Clause: Moody is banned
|rule|Evasion Moves Clause: Evasion moves are banned
|rule|Endless Battle Clause: Forcing endless battles is banned.
|rule|HP Percentage Mod: HP is reported as percentages
|teampreview
|
|start
|switch|p1a: Landorus-Therian|Landorus-Therian, M|320\/320
|switch|p2a: Ninjask|Ninjask, F|325\/325
|-ability|p1a: Landorus-Therian|Intimidate|[of] p2a: Ninjask
|-unboost|p2a: Ninjask|atk|1
|turn|1
|
|move|p1a: Landorus-Therian|Stone Edge|p2a: Ninjask
|-supereffective|p2a: Ninjask
|-damage|p2a: Ninjask|0 fnt
|faint|p2a: Ninjask
|
|
|switch|p2a: Azumarill|Azumarill, F|394\/394
|turn|2
|
|switch|p1a: Rotom-Wash|Rotom-Wash|304\/304
|move|p2a: Azumarill|Waterfall|p1a: Rotom-Wash
|-resisted|p1a: Rotom-Wash
|-damage|p1a: Rotom-Wash|190\/304
|
|-heal|p1a: Rotom-Wash|209\/304|[from] item: Leftovers
|turn|3
|
|switch|p2a: Garchomp|Garchomp, F|358\/358
|move|p1a: Rotom-Wash|Will-O-Wisp|p2a: Garchomp
|-status|p2a: Garchomp|brn
|
|-heal|p1a: Rotom-Wash|228\/304|[from] item: Leftovers
|-damage|p2a: Garchomp|314\/358 brn|[from] brn
|turn|4
|
|-formechange|p2a: Garchomp|Garchomp-Mega
|message|Garchomp has Mega Evolved into Mega Garchomp!
|move|p2a: Garchomp|Earthquake|p1a: Rotom-Wash
|-immune|p1a: Rotom-Wash|[msg]
|move|p1a: Rotom-Wash|Hydro Pump|p2a: Garchomp
|-damage|p2a: Garchomp|178\/358 brn
|
|-heal|p1a: Rotom-Wash|247\/304|[from] item: Leftovers
|-damage|p2a: Garchomp|134\/358 brn|[from] brn
|turn|5
|
|move|p2a: Garchomp|Dragon Claw|p1a: Rotom-Wash
|-crit|p1a: Rotom-Wash
|-damage|p1a: Rotom-Wash|117\/304
|move|p1a: Rotom-Wash|Hydro Pump|p2a: Garchomp
|-damage|p2a: Garchomp|2\/358 brn
|
|-heal|p1a: Rotom-Wash|136\/304|[from] item: Leftovers
|-damage|p2a: Garchomp|0 fnt|[from] brn
|faint|p2a: Garchomp
|
|switch|p2a: Blissey|Blissey, F|652\/652
|turn|6
|
|move|p1a: Rotom-Wash|Volt Switch|p2a: Blissey
|-damage|p2a: Blissey|604\/652
|
|switch|p1a: Heatran|Heatran, M|386\/386
|move|p2a: Blissey|Toxic|p1a: Heatran
|-fail|p1a: Heatran
|
|turn|7
|
|switch|p2a: Azumarill|Azumarill, F|394\/394
|move|p1a: Heatran|Stealth Rock|p2a: Azumarill
|-sidestart|p2: heine_borel|move: Stealth Rock
|
|turn|8
|
|move|p1a: Heatran|Flash Cannon|p2a: Azumarill
|-damage|p2a: Azumarill|196\/394
|move|p2a: Azumarill|Superpower|p1a: Heatran
|-supereffective|p1a: Heatran
|-damage|p1a: Heatran|0 fnt
|-unboost|p2a: Azumarill|atk|1
|-unboost|p2a: Azumarill|def|1
|faint|p1a: Heatran
|
|
|switch|p1a: Landorus-Therian|Landorus-Therian, M|320\/320
|-ability|p1a: Landorus-Therian|Intimidate|[of] p2a: Azumarill
|-unboost|p2a: Azumarill|atk|1
|turn|9
|
|move|p1a: Landorus-Therian|Earthquake|p2a: Azumarill
|-damage|p2a: Azumarill|0 fnt
|faint|p2a: Azumarill
|
|
|switch|p2a: Gengar|Gengar, M|262\/262
|-damage|p2a: Gengar|230\/262|[from] Stealth Rock
|turn|10
|
|switch|p1a: Scizor|Scizor, F|344\/344
|move|p2a: Gengar|Shadow Ball|p1a: Scizor
|-damage|p1a: Scizor|172\/344
|
|turn|11
|
|-formechange|p1a: Scizor|Scizor-Mega
|message|Scizor has Mega Evolved into Mega Scizor!
|move|p2a: Gengar|Shadow Ball|p1a: Scizor
|-damage|p1a: Scizor|37\/344
|move|p1a: Scizor|Roost|p1a: Scizor
|-heal|p1a: Scizor|209\/344
|
|turn|12
|
|move|p2a: Gengar|Shadow Ball|p1a: Scizor
|-damage|p1a: Scizor|73\/344
|move|p1a: Scizor|Roost|p1a: Scizor
|-heal|p1a: Scizor|245\/344
|
|turn|13
|
|move|p1a: Scizor|Bullet Punch|p2a: Gengar
|-damage|p2a: Gengar|25\/262
|move|p2a: Gengar|Shadow Ball|p1a: Scizor
|-damage|p1a: Scizor|101\/344
|-unboost|p1a: Scizor|spd|1
|
|turn|14
|
|move|p1a: Scizor|Bullet Punch|p2a: Gengar
|-crit|p2a: Gengar
|-damage|p2a: Gengar|0 fnt
|faint|p2a: Gengar
|
|
|switch|p2a: Arcanine|Arcanine, M|339\/339
|-damage|p2a: Arcanine|255\/339|[from] Stealth Rock
|-ability|p2a: Arcanine|Intimidate|[of] p1a: Scizor
|-unboost|p1a: Scizor|atk|1
|turn|15
|
|move|p2a: Arcanine|Flare Blitz|p1a: Scizor
|-supereffective|p1a: Scizor
|-damage|p1a: Scizor|0 fnt
|-damage|p2a: Arcanine|222\/339|[from] recoil|[of] p1a: Scizor
|-damage|p2a: Arcanine|189\/339|[from] item: Life Orb
|faint|p1a: Scizor
|
|
|switch|p1a: Landorus-Therian|Landorus-Therian, M|320\/320
|-ability|p1a: Landorus-Therian|Intimidate|[of] p2a: Arcanine
|-unboost|p2a: Arcanine|atk|1
|turn|16
|
|move|p1a: Landorus-Therian|Earthquake|p2a: Arcanine
|-crit|p2a: Arcanine
|-supereffective|p2a: Arcanine
|-damage|p2a: Arcanine|0 fnt
|faint|p2a: Arcanine
|
|
|switch|p2a: Blissey|Blissey, F|604\/652
|-damage|p2a: Blissey|523\/652|[from] Stealth Rock
|turn|17
|chat|Avi42|gg
|
|move|p1a: Landorus-Therian|Earthquake|p2a: Blissey
|-damage|p2a: Blissey|139\/652
|move|p2a: Blissey|Toxic|p1a: Landorus-Therian
|-status|p1a: Landorus-Therian|tox
|
|-damage|p1a: Landorus-Therian|300\/320 tox|[from] psn
|turn|18
|
|move|p2a: Blissey|Protect|p2a: Blissey
|-singleturn|p2a: Blissey|Protect
|move|p1a: Landorus-Therian|Earthquake|p2a: Blissey
|-activate|p2a: Blissey|Protect
|
|-damage|p1a: Landorus-Therian|260\/320 tox|[from] psn
|turn|19
|
|move|p2a: Blissey|Protect|p2a: Blissey
|-fail|p2a: Blissey
|move|p1a: Landorus-Therian|Earthquake|p2a: Blissey
|-crit|p2a: Blissey
|-damage|p2a: Blissey|0 fnt
|faint|p2a: Blissey
|
|win|Avi42
|raw|Ladder updating...
|raw|Avi42's rating: 1251 &rarr; <strong>1266<\/strong><br \/>(+15 for winning)
|raw|heine_borel's rating: 1105 &rarr; <strong>1090<\/strong><br \/>(-15 for losing)
|leave|Avi42
|player|p1