|join|Wolfhead69
|join|TBoostR
|player|p1|Wolfhead69|101
|player|p2|TBoostR|164
|gametype|singles
|gen|6
|tier|UU
|rated
|rule|Sleep Clause Mod: Limit one foe put to sleep
|rule|Species Clause: Limit one of each PokÃ©mon
|rule|OHKO Clause: OHKO moves are banned
|rule|Moody Clause: Moody is banned
|rule|Evasion Moves Clause: Evasion moves are banned
|rule|Endless Battle Clause: Forcing endless battles is banned
|rule|HP Percentage Mod: HP is shown in percentages
|clearpoke
|poke|p1|Aerodactyl, F
|poke|p1|Lucario, M
|poke|p1|Chandelure, M
|poke|p1|Galvantula, M
|poke|p1|Donphan, F
|poke|p1|Empoleon, M
|poke|p2|Amoonguss, F
|poke|p2|Cresselia, F
|poke|p2|Alomomola, F
|poke|p2|Claydol
|poke|p2|Cobalion
|poke|p2|Arcanine, F
|rule|Swagger Clause: Swagger is banned
|rule|Baton Pass Clause: Limit one PokÃ©mon knowing Baton Pass
|teampreview
|c|âTBoostR|gl hf
|c|âWolfhead69|u2
|
|start
|switch|p1a: Galvantula|Galvantula, M|282\/282
|switch|p2a: Arcanine|Arcanine, F|321\/321
|turn|1
|
|switch|p1a: Chandelure|Chandelure, M|261\/261
|move|p2a: Arcanine|Crunch|p1a: Chandelure
|-supereffective|p1a: Chandelure
|-damage|p1a: Chandelure|0 fnt
|-damage|p2a: Arcanine|289\/321|[from] item: Life Orb
|faint|p1a: Chandelure
|
|
|switch|p1a: Galvantula|Galvantula, M|282\/282
|turn|2
|
|move|p1a: Galvantula|Sticky Web|p2a: Arcanine
|-sidestart|p2: TBoostR|move: Sticky Web
|move|p2a: Arcanine|Flare Blitz|p1a: Galvantula
|-supereffective|p1a: Galvantula
|-enditem|p1a: Galvantula|Focus Sash
|-damage|p1a: Galvantula|1\/282
|-damage|p2a: Arcanine|196\/321|[from] recoil|[of] p1a: Galvantula
|-damage|p2a: Arcanine|164\/321|[from] item: Life Orb
|
|turn|3
|
|switch|p1a: Empoleon|Empoleon, M|372\/372
|move|p2a: Arcanine|Extreme Speed|p1a: Empoleon
|-resisted|p1a: Empoleon
|-damage|p1a: Empoleon|323\/372
|-damage|p2a: Arcanine|132\/321|[from] item: Life Orb
|
|-heal|p1a: Empoleon|346\/372|[from] item: Leftovers
|turn|4
|
|move|p2a: Arcanine|Close Combat|p1a: Empoleon
|-supereffective|p1a: Empoleon
|-damage|p1a: Empoleon|44\/372
|-unboost|p2a: Arcanine|def|1
|-unboost|p2a: Arcanine|spd|1
|-damage|p2a: Arcanine|100\/321|[from] item: Life Orb
|move|p1a: Empoleon|Stealth Rock|p2a: Arcanine
|-sidestart|p2: TBoostR|move: Stealth Rock
|
|-heal|p1a: Empoleon|67\/372|[from] item: Leftovers
|turn|5
|
|switch|p1a: Galvantula|Galvantula, M|1\/282
|move|p2a: Arcanine|Close Combat|p1a: Galvantula
|-resisted|p1a: Galvantula
|-damage|p1a: Galvantula|0 fnt
|-unboost|p2a: Arcanine|def|1
|-unboost|p2a: Arcanine|spd|1
|-damage|p2a: Arcanine|68\/321|[from] item: Life Orb
|faint|p1a: Galvantula
|
|
|switch|p1a: Donphan|Donphan, F|384\/384
|turn|6
|
|switch|p2a: Alomomola|Alomomola, F|529\/529
|-activate|p2a: Alomomola|move: Sticky Web
|-unboost|p2a: Alomomola|spe|1
|-damage|p2a: Alomomola|463\/529|[from] Stealth Rock
|move|p1a: Donphan|Ice Shard|p2a: Alomomola
|-crit|p2a: Alomomola
|-resisted|p2a: Alomomola
|-damage|p2a: Alomomola|434\/529
|
|turn|7
|
|move|p1a: Donphan|Earthquake|p2a: Alomomola
|-damage|p2a: Alomomola|278\/529
|move|p2a: Alomomola|Scald|p1a: Donphan
|-supereffective|p1a: Donphan
|-damage|p1a: Donphan|246\/384
|
|-heal|p1a: Donphan|270\/384|[from] item: Leftovers
|turn|8
|
|move|p1a: Donphan|Earthquake|p2a: Alomomola
|-damage|p2a: Alomomola|113\/529
|move|p2a: Alomomola|Wish|p2a: Alomomola
|
|-heal|p1a: Donphan|294\/384|[from] item: Leftovers
|turn|9
|
|switch|p1a: Empoleon|Empoleon, M|67\/372
|move|p2a: Alomomola|Protect|p2a: Alomomola
|-fail|p2a: Alomomola
|
|-heal|p2a: Alomomola|377\/529|[from] move: Wish|[wisher] Alomomola
|-heal|p1a: Empoleon|90\/372|[from] item: Leftovers
|turn|10
|
|move|p1a: Empoleon|Yawn|p2a: Alomomola
|-start|p2a: Alomomola|move: Yawn|[of] p1a: Empoleon
|move|p2a: Alomomola|Knock Off|p1a: Empoleon
|-damage|p1a: Empoleon|47\/372
|-enditem|p1a: Empoleon|Leftovers|[from] move: Knock Off|[of] p2a: Alomomola
|
|turn|11
|
|switch|p2a: Amoonguss|Amoonguss, F|431\/431
|-damage|p2a: Amoonguss|378\/431|[from] Stealth Rock
|-activate|p2a: Amoonguss|move: Sticky Web
|-unboost|p2a: Amoonguss|spe|1
|move|p1a: Empoleon|Scald|p2a: Amoonguss
|-resisted|p2a: Amoonguss
|-damage|p2a: Amoonguss|336\/431
|-status|p2a: Amoonguss|brn
|
|-damage|p2a: Amoonguss|283\/431 brn|[from] brn
|turn|12
|
|move|p1a: Empoleon|Flash Cannon|p2a: Amoonguss
|-damage|p2a: Amoonguss|226\/431 brn
|move|p2a: Amoonguss|Grass Knot|p1a: Empoleon
|-damage|p1a: Empoleon|0 fnt
|faint|p1a: Empoleon
|
|-damage|p2a: Amoonguss|173\/431 brn|[from] brn
|
|switch|p1a: Aerodactyl|Aerodactyl, F|302\/302
|-ability|p1a: Aerodactyl|Pressure
|turn|13
|
|switch|p2a: Alomomola|Alomomola, F|529\/529
|-activate|p2a: Alomomola|move: Sticky Web
|-unboost|p2a: Alomomola|spe|1
|-damage|p2a: Alomomola|463\/529|[from] Stealth Rock
|detailschange|p1a: Aerodactyl|Aerodactyl-Mega, F
|message|Aerodactyl has Mega Evolved into Mega Aerodactyl!
|move|p1a: Aerodactyl|Hone Claws|p1a: Aerodactyl
|-boost|p1a: Aerodactyl|atk|1
|-boost|p1a: Aerodactyl|accuracy|1
|
|turn|14
|
|move|p1a: Aerodactyl|Stone Edge|p2a: Alomomola
|-damage|p2a: Alomomola|234\/529
|move|p2a: Alomomola|Scald|p1a: Aerodactyl
|-supereffective|p1a: Aerodactyl
|-damage|p1a: Aerodactyl|212\/302
|-status|p1a: Aerodactyl|brn
|
|-damage|p1a: Aerodactyl|175\/302 brn|[from] brn
|turn|15
|
|move|p1a: Aerodactyl|Hone Claws|p1a: Aerodactyl
|-boost|p1a: Aerodactyl|atk|1
|-boost|p1a: Aerodactyl|accuracy|1
|move|p2a: Alomomola|Wish|p2a: Alomomola
|
|-damage|p1a: Aerodactyl|138\/302 brn|[from] brn
|turn|16
|
|move|p2a: Alomomola|Protect|p2a: Alomomola
|-singleturn|p2a: Alomomola|Protect
|move|p1a: Aerodactyl|Hone Claws|p1a: Aerodactyl
|-boost|p1a: Aerodactyl|atk|1
|-boost|p1a: Aerodactyl|accuracy|1
|
|-heal|p2a: Alomomola|498\/529|[from] move: Wish|[wisher] Alomomola
|-damage|p1a: Aerodactyl|101\/302 brn|[from] brn
|turn|17
|
|switch|p2a: Arcanine|Arcanine, F|68\/321
|-damage|p2a: Arcanine|0 fnt|[from] Stealth Rock
|-activate|p2a: Arcanine|move: Sticky Web
|faint|p2a: Arcanine
|move|p1a: Aerodactyl|Stone Edge|p2: Arcanine|[notarget]
|-notarget
|
|-damage|p1a: Aerodactyl|64\/302 brn|[from] brn
|
|switch|p2a: Alomomola|Alomomola, F|529\/529
|-damage|p2a: Alomomola|463\/529|[from] Stealth Rock
|-activate|p2a: Alomomola|move: Sticky Web
|-unboost|p2a: Alomomola|spe|1
|turn|18
|
|move|p2a: Alomomola|Protect|p2a: Alomomola
|-singleturn|p2a: Alomomola|Protect
|move|p1a: Aerodactyl|Hone Claws|p1a: Aerodactyl
|-boost|p1a: Aerodactyl|atk|1
|-boost|p1a: Aerodactyl|accuracy|1
|
|-damage|p1a: Aerodactyl|27\/302 brn|[from] brn
|turn|19
|
|switch|p2a: Cobalion|Cobalion|324\/324
|-activate|p2a: Cobalion|move: Sticky Web
|-unboost|p2a: Cobalion|spe|1
|-damage|p2a: Cobalion|314\/324|[from] Stealth Rock
|move|p1a: Aerodactyl|Aerial Ace|p2a: Cobalion
|-damage|p2a: Cobalion|133\/324
|
|-damage|p1a: Aerodactyl|0 fnt|[from] brn
|faint|p1a: Aerodactyl
|
|switch|p1a: Donphan|Donphan, F|294\/384
|turn|20
|
|switch|p2a: Alomomola|Alomomola, F|529\/529
|-damage|p2a: Alomomola|463\/529|[from] Stealth Rock
|-activate|p2a: Alomomola|move: Sticky Web
|-unboost|p2a: Alomomola|spe|1
|move|p1a: Donphan|Earthquake|p2a: Alomomola
|-damage|p2a: Alomomola|316\/529
|
|-heal|p1a: Donphan|318\/384|[from] item: Leftovers
|turn|21
|
|move|p1a: Donphan|Earthquake|p2a: Alomomola
|-damage|p2a: Alomomola|172\/529
|move|p2a: Alomomola|Wish|p2a: Alomomola
|
|-heal|p1a: Donphan|342\/384|[from] item: Leftovers
|turn|22
|
|switch|p1a: Lucario|Lucario, M|282\/282
|move|p2a: Alomomola|Scald|p1a: Lucario
|-damage|p1a: Lucario|224\/282
|-status|p1a: Lucario|brn
|
|-heal|p2a: Alomomola|436\/529|[from] move: Wish|[wisher] Alomomola
|-damage|p1a: Lucario|189\/282 brn|[from] brn
|turn|23
|-message|Wolfhead69 forfeited.
|
|win|TBoostR
|raw|Ladder updating...
|leave|Wolfhead69
|player|p1
|c|âTBoostR|gg
|raw|Wolfhead69's rating: 1606 &rarr; <strong>1577<\/strong><br \/>(-29 for losing)
|raw|TBoostR's rating: 1423 &rarr; <strong>1453<\/strong><br \/>(+30 for winning)