|join|Wolfhead69
|join|leefootlawd
|player|p1|Wolfhead69|170
|player|p2|leefootlawd|253
|gametype|singles
|gen|6
|tier|UU
|rated
|rule|Sleep Clause Mod: Limit one foe put to sleep
|rule|Species Clause: Limit one of each PokÃ©mon
|rule|OHKO Clause: OHKO moves are banned
|rule|Moody Clause: Moody is banned
|rule|Evasion Moves Clause: Evasion moves are banned
|rule|Endless Battle Clause: Forcing endless battles is banned
|rule|HP Percentage Mod: HP is shown in percentages
|clearpoke
|poke|p1|Aerodactyl, F
|poke|p1|Lucario, M
|poke|p1|Chandelure, M
|poke|p1|Galvantula, M
|poke|p1|Donphan, M
|poke|p1|Empoleon, M
|poke|p2|Forretress, F
|poke|p2|Zygarde
|poke|p2|Entei, shiny
|poke|p2|Florges, F
|poke|p2|Crobat, F
|poke|p2|Scrafty, M
|rule|Swagger Clause: Swagger is banned
|rule|Baton Pass Clause: Limit one PokÃ©mon knowing Baton Pass
|teampreview
|
|start
|switch|p1a: Donphan|Donphan, M|384\/384
|switch|p2a: Entei|Entei, shiny|372\/372
|-ability|p2a: Entei|Pressure
|turn|1
|
|move|p2a: Entei|Sacred Fire|p1a: Donphan
|-damage|p1a: Donphan|138\/384
|move|p1a: Donphan|Knock Off|p2a: Entei
|-damage|p2a: Entei|244\/372
|-enditem|p2a: Entei|Choice Band|[from] move: Knock Off|[of] p1a: Donphan
|
|-heal|p1a: Donphan|162\/384|[from] item: Leftovers
|turn|2
|
|switch|p1a: Chandelure|Chandelure, M|261\/261
|move|p2a: Entei|Sacred Fire|p1a: Chandelure
|-start|p1a: Chandelure|ability: Flash Fire
|
|turn|3
|
|move|p1a: Chandelure|Trick|p2a: Entei
|-activate|p1a: Chandelure|move: Trick|[of] p2a: Entei
|-item|p2a: Entei|Choice Scarf|[from] move: Trick
|move|p2a: Entei|Stone Edge|p1a: Chandelure
|-crit|p1a: Chandelure
|-supereffective|p1a: Chandelure
|-damage|p1a: Chandelure|0 fnt
|faint|p1a: Chandelure
|
|
|switch|p1a: Empoleon|Empoleon, M|372\/372
|turn|4
|
|switch|p2a: Scrafty|Scrafty, M|334\/334
|move|p1a: Empoleon|Stealth Rock|p2a: Scrafty
|-sidestart|p2: leefootlawd|move: Stealth Rock
|
|turn|5
|
|move|p1a: Empoleon|Yawn|p2a: Scrafty
|-start|p2a: Scrafty|move: Yawn|[of] p1a: Empoleon
|move|p2a: Scrafty|Bulk Up|p2a: Scrafty
|-boost|p2a: Scrafty|atk|1
|-boost|p2a: Scrafty|def|1
|
|turn|6
|
|move|p1a: Empoleon|Scald|p2a: Scrafty
|-damage|p2a: Scrafty|264\/334
|-status|p2a: Scrafty|brn
|move|p2a: Scrafty|Drain Punch|p1a: Empoleon
|-supereffective|p1a: Empoleon
|-damage|p1a: Empoleon|286\/372
|-heal|p2a: Scrafty|307\/334 brn|[from] drain|[of] p1a: Empoleon
|
|-heal|p1a: Empoleon|309\/372|[from] item: Leftovers
|-heal|p2a: Scrafty|327\/334 brn|[from] item: Leftovers
|-damage|p2a: Scrafty|286\/334 brn|[from] brn
|turn|7
|
|switch|p1a: Donphan|Donphan, M|162\/384
|move|p2a: Scrafty|Drain Punch|p1a: Donphan
|-damage|p1a: Donphan|108\/384
|-heal|p2a: Scrafty|313\/334 brn|[from] drain|[of] p1a: Donphan
|
|-activate|p2a: Scrafty|ability: Shed Skin
|-curestatus|p2a: Scrafty|brn
|-heal|p2a: Scrafty|333\/334|[from] item: Leftovers
|-heal|p1a: Donphan|132\/384|[from] item: Leftovers
|turn|8
|
|move|p2a: Scrafty|Bulk Up|p2a: Scrafty
|-boost|p2a: Scrafty|atk|1
|-boost|p2a: Scrafty|def|1
|move|p1a: Donphan|Knock Off|p2a: Scrafty
|-resisted|p2a: Scrafty
|-damage|p2a: Scrafty|320\/334
|-enditem|p2a: Scrafty|Leftovers|[from] move: Knock Off|[of] p1a: Donphan
|
|-heal|p1a: Donphan|156\/384|[from] item: Leftovers
|turn|9
|
|move|p2a: Scrafty|Knock Off|p1a: Donphan
|-damage|p1a: Donphan|0 fnt
|-enditem|p1a: Donphan|Leftovers|[from] move: Knock Off|[of] p2a: Scrafty
|faint|p1a: Donphan
|
|
|switch|p1a: Galvantula|Galvantula, M|282\/282
|turn|10
|
|move|p1a: Galvantula|Thunder|p2a: Scrafty
|-damage|p2a: Scrafty|212\/334
|move|p2a: Scrafty|Drain Punch|p1a: Galvantula
|-resisted|p1a: Galvantula
|-damage|p1a: Galvantula|153\/282
|-heal|p2a: Scrafty|277\/334|[from] drain|[of] p1a: Galvantula
|
|turn|11
|
|move|p1a: Galvantula|Thunder|p2a: Scrafty
|-damage|p2a: Scrafty|181\/334
|-status|p2a: Scrafty|par
|cant|p2a: Scrafty|par
|
|turn|12
|
|move|p1a: Galvantula|Thunder|p2a: Scrafty
|-damage|p2a: Scrafty|69\/334 par
|move|p2a: Scrafty|Rest|p2a: Scrafty
|-status|p2a: Scrafty|slp
|-heal|p2a: Scrafty|334\/334 slp|[silent]
|-status|p2a: Scrafty|slp|[from] move: Rest
|
|turn|13
|
|switch|p1a: Lucario|Lucario, M|282\/282
|cant|p2a: Scrafty|slp
|
|turn|14
|
|move|p1a: Lucario|Swords Dance|p1a: Lucario
|-boost|p1a: Lucario|atk|2
|cant|p2a: Scrafty|slp
|
|-activate|p2a: Scrafty|ability: Shed Skin
|-curestatus|p2a: Scrafty|slp
|turn|15
|
|move|p1a: Lucario|Close Combat|p2a: Scrafty
|-supereffective|p2a: Scrafty
|-damage|p2a: Scrafty|0 fnt
|-unboost|p1a: Lucario|def|1
|-unboost|p1a: Lucario|spd|1
|-damage|p1a: Lucario|254\/282|[from] item: Life Orb
|faint|p2a: Scrafty
|
|
|switch|p2a: Florges|Florges, F|360\/360
|-damage|p2a: Florges|315\/360|[from] Stealth Rock
|turn|16
|
|switch|p1a: Empoleon|Empoleon, M|309\/372
|move|p2a: Florges|Moonblast|p1a: Empoleon
|-resisted|p1a: Empoleon
|-damage|p1a: Empoleon|244\/372
|
|-heal|p2a: Florges|337\/360|[from] item: Leftovers
|-heal|p1a: Empoleon|267\/372|[from] item: Leftovers
|turn|17
|
|move|p2a: Florges|Wish|p2a: Florges
|move|p1a: Empoleon|Yawn|p2a: Florges
|-start|p2a: Florges|move: Yawn|[of] p1a: Empoleon
|
|-heal|p2a: Florges|359\/360|[from] item: Leftovers
|-heal|p1a: Empoleon|290\/372|[from] item: Leftovers
|turn|18
|
|switch|p2a: Forretress|Forretress, F|354\/354
|-damage|p2a: Forretress|310\/354|[from] Stealth Rock
|move|p1a: Empoleon|Scald|p2a: Forretress
|-damage|p2a: Forretress|171\/354
|-status|p2a: Forretress|brn
|
|-heal|p2a: Forretress|351\/354 brn|[from] move: Wish|[wisher] Florges
|-heal|p1a: Empoleon|313\/372|[from] item: Leftovers
|-heal|p2a: Forretress|354\/354 brn|[from] item: Leftovers
|-damage|p2a: Forretress|310\/354 brn|[from] brn
|turn|19
|
|switch|p1a: Lucario|Lucario, M|254\/282
|move|p2a: Forretress|Rapid Spin|p1a: Lucario
|-resisted|p1a: Lucario
|-damage|p1a: Lucario|249\/282
|-sideend|p2: leefootlawd|Stealth Rock|[from] move: Rapid Spin|[of] p2a: Forretress
|
|-heal|p2a: Forretress|332\/354 brn|[from] item: Leftovers
|-damage|p2a: Forretress|288\/354 brn|[from] brn
|turn|20
|
|move|p1a: Lucario|Swords Dance|p1a: Lucario
|-boost|p1a: Lucario|atk|2
|move|p2a: Forretress|Volt Switch|p1a: Lucario
|-damage|p1a: Lucario|198\/282
|
|switch|p2a: Crobat|Crobat, F|336\/336
|
|turn|21
|
|switch|p1a: Empoleon|Empoleon, M|313\/372
|move|p2a: Crobat|Brave Bird|p1a: Empoleon
|-resisted|p1a: Empoleon
|-damage|p1a: Empoleon|251\/372
|-damage|p2a: Crobat|316\/336|[from] recoil|[of] p1a: Empoleon
|
|-heal|p2a: Crobat|336\/336|[from] item: Black Sludge
|-heal|p1a: Empoleon|274\/372|[from] item: Leftovers
|turn|22
|
|move|p2a: Crobat|U-turn|p1a: Empoleon
|-resisted|p1a: Empoleon
|-damage|p1a: Empoleon|248\/372
|
|switch|p2a: Zygarde|Zygarde|401\/401
|-ability|p2a: Zygarde|Aura Break
|move|p1a: Empoleon|Stealth Rock|p2a: Zygarde
|-sidestart|p2: leefootlawd|move: Stealth Rock
|
|-heal|p1a: Empoleon|271\/372|[from] item: Leftovers
|turn|23
|
|move|p2a: Zygarde|Earthquake|p1a: Empoleon
|-supereffective|p1a: Empoleon
|-damage|p1a: Empoleon|79\/372
|move|p1a: Empoleon|Scald|p2a: Zygarde
|-damage|p2a: Zygarde|293\/401
|
|-heal|p2a: Zygarde|318\/401|[from] item: Leftovers
|-heal|p1a: Empoleon|102\/372|[from] item: Leftovers
|turn|24
|
|switch|p1a: Aerodactyl|Aerodactyl, F|302\/302
|-ability|p1a: Aerodactyl|Pressure
|move|p2a: Zygarde|Earthquake|p1a: Aerodactyl
|-immune|p1a: Aerodactyl|[msg]
|
|-heal|p2a: Zygarde|343\/401|[from] item: Leftovers
|turn|25
|
|detailschange|p1a: Aerodactyl|Aerodactyl-Mega, F
|message|Aerodactyl has Mega Evolved into Mega Aerodactyl!
|move|p1a: Aerodactyl|Aerial Ace|p2a: Zygarde
|-damage|p2a: Zygarde|216\/401
|move|p2a: Zygarde|Coil|p2a: Zygarde
|-boost|p2a: Zygarde|atk|1
|-boost|p2a: Zygarde|def|1
|-boost|p2a: Zygarde|accuracy|1
|
|-heal|p2a: Zygarde|241\/401|[from] item: Leftovers
|turn|26
|
|switch|p2a: Florges|Florges, F|359\/360
|-damage|p2a: Florges|314\/360|[from] Stealth Rock
|move|p1a: Aerodactyl|Aerial Ace|p2a: Florges
|-damage|p2a: Florges|190\/360
|
|-heal|p2a: Florges|212\/360|[from] item: Leftovers
|turn|27
|
|move|p1a: Aerodactyl|Hone Claws|p1a: Aerodactyl
|-boost|p1a: Aerodactyl|atk|1
|-boost|p1a: Aerodactyl|accuracy|1
|move|p2a: Florges|Wish|p2a: Florges
|
|-heal|p2a: Florges|234\/360|[from] item: Leftovers
|turn|28
|
|move|p1a: Aerodactyl|Aerial Ace|p2a: Florges
|-damage|p2a: Florges|38\/360
|move|p2a: Florges|Aromatherapy|p2a: Florges
|-cureteam|p2a: Florges|[from] move: Aromatherapy
|
|-heal|p2a: Florges|218\/360|[from] move: Wish|[wisher] Florges
|-heal|p2a: Florges|240\/360|[from] item: Leftovers
|turn|29
|
|move|p1a: Aerodactyl|Hone Claws|p1a: Aerodactyl
|-boost|p1a: Aerodactyl|atk|1
|-boost|p1a: Aerodactyl|accuracy|1
|move|p2a: Florges|Wish|p2a: Florges
|
|-heal|p2a: Florges|262\/360|[from] item: Leftovers
|turn|30
|
|switch|p2a: Forretress|Forretress, F|288\/354
|-damage|p2a: Forretress|244\/354|[from] Stealth Rock
|move|p1a: Aerodactyl|Aerial Ace|p2a: Forretress
|-damage|p2a: Forretress|54\/354
|
|-heal|p2a: Forretress|234\/354|[from] move: Wish|[wisher] Florges
|-heal|p2a: Forretress|256\/354|[from] item: Leftovers
|turn|31
|
|move|p1a: Aerodactyl|Stone Edge|p2a: Forretress
|-damage|p2a: Forretress|37\/354
|move|p2a: Forretress|Gyro Ball|p1a: Aerodactyl
|-supereffective|p1a: Aerodactyl
|-damage|p1a: Aerodactyl|0 fnt
|faint|p1a: Aerodactyl
|
|-heal|p2a: Forretress|59\/354|[from] item: Leftovers
|
|switch|p1a: Lucario|Lucario, M|198\/282
|turn|32
|
|move|p1a: Lucario|Swords Dance|p1a: Lucario
|-boost|p1a: Lucario|atk|2
|move|p2a: Forretress|Rapid Spin|p1a: Lucario
|-resisted|p1a: Lucario
|-damage|p1a: Lucario|188\/282
|-sideend|p2: leefootlawd|Stealth Rock|[from] move: Rapid Spin|[of] p2a: Forretress
|
|-heal|p2a: Forretress|81\/354|[from] item: Leftovers
|turn|33
|
|move|p1a: Lucario|Swords Dance|p1a: Lucario
|-boost|p1a: Lucario|atk|2
|move|p2a: Forretress|Gyro Ball|p1a: Lucario
|-resisted|p1a: Lucario
|-damage|p1a: Lucario|112\/282
|
|-heal|p2a: Forretress|103\/354|[from] item: Leftovers
|turn|34
|
|move|p1a: Lucario|Close Combat|p2a: Forretress
|-damage|p2a: Forretress|0 fnt
|-unboost|p1a: Lucario|def|1
|-unboost|p1a: Lucario|spd|1
|-damage|p1a: Lucario|84\/282|[from] item: Life Orb
|faint|p2a: Forretress
|
|
|switch|p2a: Zygarde|Zygarde|241\/401
|-ability|p2a: Zygarde|Aura Break
|turn|35
|
|move|p2a: Zygarde|Extreme Speed|p1a: Lucario
|-resisted|p1a: Lucario
|-damage|p1a: Lucario|22\/282
|move|p1a: Lucario|Close Combat|p2a: Zygarde
|-damage|p2a: Zygarde|0 fnt
|-unboost|p1a: Lucario|def|1
|-unboost|p1a: Lucario|spd|1
|-damage|p1a: Lucario|0 fnt|[from] item: Life Orb
|faint|p2a: Zygarde
|faint|p1a: Lucario
|
|
|switch|p2a: Entei|Entei, shiny|244\/372
|switch|p1a: Galvantula|Galvantula, M|153\/282
|-ability|p2a: Entei|Pressure
|turn|36
|
|move|p2a: Entei|Extreme Speed|p1a: Galvantula
|-damage|p1a: Galvantula|0 fnt
|faint|p1a: Galvantula
|
|-message|Wolfhead69 forfeited.
|
|win|leefootlawd
|raw|Ladder updating...
|leave|Wolfhead69
|player|p1
|raw|Wolfhead69's rating: 1629 &rarr; <strong>1606<\/strong><br \/>(-23 for losing)
|raw|leefootlawd's rating: 1591 &rarr; <strong>1613<\/strong><br \/>(+22 for winning)