|join|diggersby test LoL
|join|Wolfhead69
|player|p1|diggersby test LoL|253
|player|p2|Wolfhead69|101
|gametype|singles
|gen|6
|tier|UU
|rated
|rule|Sleep Clause Mod: Limit one foe put to sleep
|rule|Species Clause: Limit one of each PokÃ©mon
|rule|OHKO Clause: OHKO moves are banned
|rule|Moody Clause: Moody is banned
|rule|Evasion Moves Clause: Evasion moves are banned
|rule|Endless Battle Clause: Forcing endless battles is banned
|rule|HP Percentage Mod: HP is shown in percentages
|clearpoke
|poke|p1|Galvantula, F
|poke|p1|Diggersby, F
|poke|p1|Noivern, M
|poke|p1|Forretress, M
|poke|p1|Florges, F
|poke|p1|Jellicent, F
|poke|p2|Aerodactyl, F
|poke|p2|Lucario, F
|poke|p2|Chandelure, F
|poke|p2|Galvantula, F
|poke|p2|Donphan, M
|poke|p2|Empoleon, M
|rule|Swagger Clause: Swagger is banned
|rule|Baton Pass Clause: Limit one PokÃ©mon knowing Baton Pass
|teampreview
|
|start
|switch|p1a: Galvantula|Galvantula, F|282\/282
|switch|p2a: Chandelure|Chandelure, F|261\/261
|turn|1
|
|move|p2a: Chandelure|Fire Blast|p1a: Galvantula|[miss]
|-miss|p2a: Chandelure|p1a: Galvantula
|move|p1a: Galvantula|Thunder Wave|p2a: Chandelure
|-status|p2a: Chandelure|par
|
|turn|2
|
|move|p1a: Galvantula|Sticky Web|p2a: Chandelure
|-sidestart|p2: Wolfhead69|move: Sticky Web
|move|p2a: Chandelure|Fire Blast|p1a: Galvantula|[miss]
|-miss|p2a: Chandelure|p1a: Galvantula
|
|turn|3
|
|move|p1a: Galvantula|Volt Switch|p2a: Chandelure
|-damage|p2a: Chandelure|155\/261 par
|
|switch|p1a: Jellicent|Jellicent, F|404\/404
|move|p2a: Chandelure|Fire Blast|p1a: Jellicent
|-resisted|p1a: Jellicent
|-damage|p1a: Jellicent|302\/404
|
|-heal|p1a: Jellicent|327\/404|[from] item: Leftovers
|turn|4
|
|switch|p2a: Empoleon|Empoleon, M|372\/372
|-activate|p2a: Empoleon|move: Sticky Web
|-unboost|p2a: Empoleon|spe|1
|move|p1a: Jellicent|Taunt|p2a: Empoleon
|-start|p2a: Empoleon|move: Taunt
|
|-heal|p1a: Jellicent|352\/404|[from] item: Leftovers
|turn|5
|
|switch|p2a: Galvantula|Galvantula, F|282\/282
|-activate|p2a: Galvantula|move: Sticky Web
|-unboost|p2a: Galvantula|spe|1
|move|p1a: Jellicent|Will-O-Wisp|p2a: Galvantula
|-status|p2a: Galvantula|brn
|
|-heal|p1a: Jellicent|377\/404|[from] item: Leftovers
|-damage|p2a: Galvantula|247\/282 brn|[from] brn
|turn|6
|
|switch|p1a: Noivern|Noivern, M|312\/312
|move|p2a: Galvantula|Thunder|p1a: Noivern
|-damage|p1a: Noivern|107\/312
|-status|p1a: Noivern|par
|
|-damage|p2a: Galvantula|212\/282 brn|[from] brn
|turn|7
|
|switch|p1a: Florges|Florges, F|360\/360
|move|p2a: Galvantula|Thunder|p1a: Florges
|-damage|p1a: Florges|254\/360
|-status|p1a: Florges|par
|
|-heal|p1a: Florges|276\/360 par|[from] item: Leftovers
|-damage|p2a: Galvantula|177\/282 brn|[from] brn
|turn|8
|
|move|p2a: Galvantula|Sticky Web|p1a: Florges
|-sidestart|p1: diggersby test LoL|move: Sticky Web
|move|p1a: Florges|Aromatherapy|p1a: Florges
|-cureteam|p1a: Florges|[from] move: Aromatherapy
|
|-heal|p1a: Florges|298\/360|[from] item: Leftovers
|-damage|p2a: Galvantula|142\/282 brn|[from] brn
|turn|9
|
|switch|p2a: Chandelure|Chandelure, F|155\/261 par
|-activate|p2a: Chandelure|move: Sticky Web
|-unboost|p2a: Chandelure|spe|1
|move|p1a: Florges|Moonblast|p2a: Chandelure
|-resisted|p2a: Chandelure
|-damage|p2a: Chandelure|89\/261 par
|
|-heal|p1a: Florges|320\/360|[from] item: Leftovers
|turn|10
|
|move|p1a: Florges|Protect|p1a: Florges
|-singleturn|p1a: Florges|Protect
|move|p2a: Chandelure|Trick|p1a: Florges
|-activate|p1a: Florges|Protect
|
|-heal|p1a: Florges|342\/360|[from] item: Leftovers
|turn|11
|
|switch|p1a: Noivern|Noivern, M|107\/312
|move|p2a: Chandelure|Trick|p1a: Noivern
|-activate|p2a: Chandelure|move: Trick|[of] p1a: Noivern
|-item|p1a: Noivern|Choice Scarf|[from] move: Trick
|-item|p2a: Chandelure|Choice Specs|[from] move: Trick
|
|turn|12
|
|move|p1a: Noivern|Switcheroo|p2a: Chandelure
|-activate|p1a: Noivern|move: Trick|[of] p2a: Chandelure
|-item|p2a: Chandelure|Choice Scarf|[from] Trick
|-item|p1a: Noivern|Choice Specs|[from] Trick
|move|p2a: Chandelure|Shadow Ball|p1a: Noivern
|-damage|p1a: Noivern|0 fnt
|faint|p1a: Noivern
|
|
|switch|p1a: Galvantula|Galvantula, F|282\/282
|-activate|p1a: Galvantula|move: Sticky Web
|-unboost|p1a: Galvantula|spe|1
|turn|13
|
|switch|p2a: Donphan|Donphan, M|384\/384
|-activate|p2a: Donphan|move: Sticky Web
|-unboost|p2a: Donphan|spe|1
|move|p1a: Galvantula|Volt Switch|p2a: Donphan
|-immune|p2a: Donphan|[msg]
|
|turn|14
|
|switch|p1a: Jellicent|Jellicent, F|377\/404
|-activate|p1a: Jellicent|move: Sticky Web
|-unboost|p1a: Jellicent|spe|1
|move|p2a: Donphan|Earthquake|p1a: Jellicent
|-damage|p1a: Jellicent|215\/404
|
|-heal|p1a: Jellicent|240\/404|[from] item: Leftovers
|turn|15
|
|move|p1a: Jellicent|Will-O-Wisp|p2a: Donphan
|-status|p2a: Donphan|brn
|move|p2a: Donphan|Knock Off|p1a: Jellicent
|-supereffective|p1a: Jellicent
|-damage|p1a: Jellicent|134\/404
|-enditem|p1a: Jellicent|Leftovers|[from] move: Knock Off|[of] p2a: Donphan
|
|-damage|p2a: Donphan|336\/384 brn|[from] brn
|turn|16
|
|switch|p2a: Chandelure|Chandelure, F|89\/261 par
|-activate|p2a: Chandelure|move: Sticky Web
|-unboost|p2a: Chandelure|spe|1
|move|p1a: Jellicent|Recover|p1a: Jellicent
|-heal|p1a: Jellicent|336\/404
|
|turn|17
|
|move|p1a: Jellicent|Scald|p2a: Chandelure
|-supereffective|p2a: Chandelure
|-damage|p2a: Chandelure|0 fnt
|faint|p2a: Chandelure
|
|
|switch|p2a: Galvantula|Galvantula, F|142\/282 brn
|-activate|p2a: Galvantula|move: Sticky Web
|-unboost|p2a: Galvantula|spe|1
|turn|18
|
|switch|p1a: Diggersby|Diggersby, F|312\/312
|-activate|p1a: Diggersby|move: Sticky Web
|-unboost|p1a: Diggersby|spe|1
|move|p2a: Galvantula|Giga Drain|p1a: Diggersby
|-supereffective|p1a: Diggersby
|-damage|p1a: Diggersby|122\/312
|-heal|p2a: Galvantula|237\/282 brn|[from] drain|[of] p1a: Diggersby
|
|-damage|p2a: Galvantula|202\/282 brn|[from] brn
|turn|19
|
|switch|p1a: Florges|Florges, F|342\/360
|-activate|p1a: Florges|move: Sticky Web
|-unboost|p1a: Florges|spe|1
|move|p2a: Galvantula|Giga Drain|p1a: Florges
|-damage|p1a: Florges|295\/360
|-heal|p2a: Galvantula|226\/282 brn|[from] drain|[of] p1a: Florges
|
|-heal|p1a: Florges|317\/360|[from] item: Leftovers
|-damage|p2a: Galvantula|191\/282 brn|[from] brn
|turn|20
|
|switch|p2a: Empoleon|Empoleon, M|372\/372
|-activate|p2a: Empoleon|move: Sticky Web
|-unboost|p2a: Empoleon|spe|1
|move|p1a: Florges|Wish|p1a: Florges
|
|-heal|p1a: Florges|339\/360|[from] item: Leftovers
|turn|21
|
|switch|p1a: Galvantula|Galvantula, F|282\/282
|-activate|p1a: Galvantula|move: Sticky Web
|-unboost|p1a: Galvantula|spe|1
|move|p2a: Empoleon|Yawn|p1a: Galvantula
|-start|p1a: Galvantula|move: Yawn|[of] p2a: Empoleon
|
|turn|22
|
|move|p1a: Galvantula|Volt Switch|p2a: Empoleon
|-supereffective|p2a: Empoleon
|-damage|p2a: Empoleon|186\/372
|
|switch|p1a: Florges|Florges, F|339\/360
|-activate|p1a: Florges|move: Sticky Web
|-unboost|p1a: Florges|spe|1
|move|p2a: Empoleon|Stealth Rock|p1a: Florges
|-sidestart|p1: diggersby test LoL|move: Stealth Rock
|
|-heal|p1a: Florges|360\/360|[from] item: Leftovers
|-heal|p2a: Empoleon|209\/372|[from] item: Leftovers
|turn|23
|
|move|p1a: Florges|Wish|p1a: Florges
|move|p2a: Empoleon|Scald|p1a: Florges
|-damage|p1a: Florges|285\/360
|-status|p1a: Florges|brn
|
|-heal|p1a: Florges|307\/360 brn|[from] item: Leftovers
|-heal|p2a: Empoleon|232\/372|[from] item: Leftovers
|-damage|p1a: Florges|262\/360 brn|[from] brn
|turn|24
|
|move|p1a: Florges|Aromatherapy|p1a: Florges
|-cureteam|p1a: Florges|[from] move: Aromatherapy
|move|p2a: Empoleon|Flash Cannon|p1a: Florges
|-supereffective|p1a: Florges
|-damage|p1a: Florges|118\/360
|
|-heal|p1a: Florges|298\/360|[from] move: Wish|[wisher] Florges
|-heal|p1a: Florges|320\/360|[from] item: Leftovers
|-heal|p2a: Empoleon|255\/372|[from] item: Leftovers
|turn|25
|
|switch|p1a: Forretress|Forretress, M|354\/354
|-damage|p1a: Forretress|310\/354|[from] Stealth Rock
|-activate|p1a: Forretress|move: Sticky Web
|-unboost|p1a: Forretress|spe|1
|move|p2a: Empoleon|Flash Cannon|p1a: Forretress
|-resisted|p1a: Forretress
|-damage|p1a: Forretress|241\/354
|
|-heal|p2a: Empoleon|278\/372|[from] item: Leftovers
|-heal|p1a: Forretress|263\/354|[from] item: Leftovers
|turn|26
|
|move|p2a: Empoleon|Scald|p1a: Forretress
|-damage|p1a: Forretress|142\/354
|move|p1a: Forretress|Rapid Spin|p2a: Empoleon
|-resisted|p2a: Empoleon
|-damage|p2a: Empoleon|272\/372
|-sideend|p1: diggersby test LoL|Stealth Rock|[from] move: Rapid Spin|[of] p1a: Forretress
|-sideend|p1: diggersby test LoL|Sticky Web|[from] move: Rapid Spin|[of] p1a: Forretress
|
|-heal|p2a: Empoleon|295\/372|[from] item: Leftovers
|-heal|p1a: Forretress|164\/354|[from] item: Leftovers
|turn|27
|
|switch|p1a: Jellicent|Jellicent, F|336\/404
|move|p2a: Empoleon|Scald|p1a: Jellicent
|-heal|p1a: Jellicent|404\/404|[from] ability: Water Absorb|[of] p2a: Empoleon
|
|-heal|p2a: Empoleon|318\/372|[from] item: Leftovers
|turn|28
|
|move|p1a: Jellicent|Scald|p2a: Empoleon
|-resisted|p2a: Empoleon
|-damage|p2a: Empoleon|279\/372
|move|p2a: Empoleon|Yawn|p1a: Jellicent
|-start|p1a: Jellicent|move: Yawn|[of] p2a: Empoleon
|
|-heal|p2a: Empoleon|302\/372|[from] item: Leftovers
|turn|29
|
|move|p1a: Jellicent|Taunt|p2a: Empoleon
|-start|p2a: Empoleon|move: Taunt
|cant|p2a: Empoleon|move: Taunt|Stealth Rock
|
|-status|p1a: Jellicent|slp
|-heal|p2a: Empoleon|325\/372|[from] item: Leftovers
|turn|30
|
|switch|p2a: Aerodactyl|Aerodactyl, F|302\/302
|-ability|p2a: Aerodactyl|Pressure
|cant|p1a: Jellicent|slp
|
|turn|31
|
|detailschange|p2a: Aerodactyl|Aerodactyl-Mega, F
|message|Aerodactyl has Mega Evolved into Mega Aerodactyl!
|move|p2a: Aerodactyl|Hone Claws|p2a: Aerodactyl
|-boost|p2a: Aerodactyl|atk|1
|-boost|p2a: Aerodactyl|accuracy|1
|cant|p1a: Jellicent|slp
|
|turn|32
|
|move|p2a: Aerodactyl|Stone Edge|p1a: Jellicent
|-damage|p1a: Jellicent|172\/404 slp
|-curestatus|p1a: Jellicent|slp
|move|p1a: Jellicent|Will-O-Wisp|p2a: Aerodactyl
|-status|p2a: Aerodactyl|brn
|
|-damage|p2a: Aerodactyl|265\/302 brn|[from] brn
|turn|33
|
|move|p2a: Aerodactyl|Hone Claws|p2a: Aerodactyl
|-boost|p2a: Aerodactyl|atk|1
|-boost|p2a: Aerodactyl|accuracy|1
|move|p1a: Jellicent|Recover|p1a: Jellicent
|-heal|p1a: Jellicent|374\/404
|
|-damage|p2a: Aerodactyl|228\/302 brn|[from] brn
|turn|34
|
|move|p2a: Aerodactyl|Stone Edge|p1a: Jellicent
|-damage|p1a: Jellicent|202\/404
|move|p1a: Jellicent|Scald|p2a: Aerodactyl
|-supereffective|p2a: Aerodactyl
|-damage|p2a: Aerodactyl|60\/302 brn
|
|-damage|p2a: Aerodactyl|23\/302 brn|[from] brn
|turn|35
|
|move|p2a: Aerodactyl|Stone Edge|p1a: Jellicent
|-damage|p1a: Jellicent|49\/404
|move|p1a: Jellicent|Recover|p1a: Jellicent
|-heal|p1a: Jellicent|251\/404
|
|-damage|p2a: Aerodactyl|0 fnt|[from] brn
|faint|p2a: Aerodactyl
|
|switch|p2a: Galvantula|Galvantula, F|191\/282 brn
|-activate|p2a: Galvantula|move: Sticky Web
|-unboost|p2a: Galvantula|spe|1
|turn|36
|
|switch|p1a: Florges|Florges, F|320\/360
|move|p2a: Galvantula|Giga Drain|p1a: Florges
|-damage|p1a: Florges|267\/360
|-heal|p2a: Galvantula|218\/282 brn|[from] drain|[of] p1a: Florges
|
|-heal|p1a: Florges|289\/360|[from] item: Leftovers
|-damage|p2a: Galvantula|183\/282 brn|[from] brn
|turn|37
|
|move|p2a: Galvantula|Sticky Web|p1a: Florges
|-sidestart|p1: diggersby test LoL|move: Sticky Web
|move|p1a: Florges|Wish|p1a: Florges
|
|-heal|p1a: Florges|311\/360|[from] item: Leftovers
|-damage|p2a: Galvantula|148\/282 brn|[from] brn
|turn|38
|
|move|p2a: Galvantula|Thunder|p1a: Florges
|-damage|p1a: Florges|202\/360
|-status|p1a: Florges|par
|move|p1a: Florges|Moonblast|p2a: Galvantula
|-damage|p2a: Galvantula|0 fnt
|faint|p2a: Galvantula
|
|-heal|p1a: Florges|360\/360 par|[from] move: Wish|[wisher] Florges
|
|switch|p2a: Lucario|Lucario, F|282\/282
|-activate|p2a: Lucario|move: Sticky Web
|-unboost|p2a: Lucario|spe|1
|turn|39
|
|switch|p1a: Jellicent|Jellicent, F|251\/404
|-activate|p1a: Jellicent|move: Sticky Web
|-unboost|p1a: Jellicent|spe|1
|move|p2a: Lucario|Swords Dance|p2a: Lucario
|-boost|p2a: Lucario|atk|2
|
|turn|40
|
|move|p2a: Lucario|Crunch|p1a: Jellicent
|-supereffective|p1a: Jellicent
|-damage|p1a: Jellicent|0 fnt
|-damage|p2a: Lucario|254\/282|[from] item: Life Orb
|faint|p1a: Jellicent
|
|
|switch|p1a: Galvantula|Galvantula, F|282\/282
|-activate|p1a: Galvantula|move: Sticky Web
|-unboost|p1a: Galvantula|spe|1
|turn|41
|
|switch|p2a: Donphan|Donphan, M|336\/384 brn
|-activate|p2a: Donphan|move: Sticky Web
|-unboost|p2a: Donphan|spe|1
|move|p1a: Galvantula|Volt Switch|p2a: Donphan
|-immune|p2a: Donphan|[msg]
|
|-heal|p2a: Donphan|360\/384 brn|[from] item: Leftovers
|-damage|p2a: Donphan|312\/384 brn|[from] brn
|turn|42
|
|switch|p1a: Forretress|Forretress, M|164\/354
|-activate|p1a: Forretress|move: Sticky Web
|-unboost|p1a: Forretress|spe|1
|move|p2a: Donphan|Knock Off|p1a: Forretress
|-damage|p1a: Forretress|126\/354
|-enditem|p1a: Forretress|Leftovers|[from] move: Knock Off|[of] p2a: Donphan
|
|-heal|p2a: Donphan|336\/384 brn|[from] item: Leftovers
|-damage|p2a: Donphan|288\/384 brn|[from] brn
|turn|43
|
|switch|p2a: Empoleon|Empoleon, M|325\/372
|-activate|p2a: Empoleon|move: Sticky Web
|-unboost|p2a: Empoleon|spe|1
|move|p1a: Forretress|Rapid Spin|p2a: Empoleon
|-resisted|p2a: Empoleon
|-damage|p2a: Empoleon|319\/372
|-sideend|p1: diggersby test LoL|Sticky Web|[from] move: Rapid Spin|[of] p1a: Forretress
|
|-heal|p2a: Empoleon|342\/372|[from] item: Leftovers
|turn|44
|
|move|p2a: Empoleon|Stealth Rock|p1a: Forretress
|-sidestart|p1: diggersby test LoL|move: Stealth Rock
|move|p1a: Forretress|Volt Switch|p2a: Empoleon
|-supereffective|p2a: Empoleon
|-damage|p2a: Empoleon|266\/372
|
|switch|p1a: Diggersby|Diggersby, F|122\/312
|-damage|p1a: Diggersby|103\/312|[from] Stealth Rock
|
|-heal|p2a: Empoleon|289\/372|[from] item: Leftovers
|turn|45
|
|switch|p2a: Donphan|Donphan, M|288\/384 brn
|-activate|p2a: Donphan|move: Sticky Web
|-unboost|p2a: Donphan|spe|1
|move|p1a: Diggersby|Earthquake|p2a: Donphan
|-crit|p2a: Donphan
|-damage|p2a: Donphan|11\/384 brn
|
|-heal|p2a: Donphan|35\/384 brn|[from] item: Leftovers
|-damage|p2a: Donphan|0 fnt|[from] brn
|faint|p2a: Donphan
|
|switch|p2a: Lucario|Lucario, F|254\/282
|-activate|p2a: Lucario|move: Sticky Web
|-unboost|p2a: Lucario|spe|1
|turn|46
|
|move|p2a: Lucario|Extreme Speed|p1a: Diggersby
|-damage|p1a: Diggersby|0 fnt
|-damage|p2a: Lucario|226\/282|[from] item: Life Orb
|faint|p1a: Diggersby
|
|
|switch|p1a: Galvantula|Galvantula, F|282\/282
|-damage|p1a: Galvantula|212\/282|[from] Stealth Rock
|turn|47
|
|move|p2a: Lucario|Extreme Speed|p1a: Galvantula
|-damage|p1a: Galvantula|47\/282
|-damage|p2a: Lucario|198\/282|[from] item: Life Orb
|move|p1a: Galvantula|Volt Switch|p2a: Lucario
|-damage|p2a: Lucario|63\/282
|
|switch|p1a: Forretress|Forretress, M|126\/354
|-damage|p1a: Forretress|82\/354|[from] Stealth Rock
|
|turn|48
|
|switch|p1a: Florges|Florges, F|360\/360 par
|-damage|p1a: Florges|315\/360 par|[from] Stealth Rock
|move|p2a: Lucario|Close Combat|p1a: Florges
|-resisted|p1a: Florges
|-damage|p1a: Florges|197\/360 par
|-unboost|p2a: Lucario|def|1
|-unboost|p2a: Lucario|spd|1
|-damage|p2a: Lucario|35\/282|[from] item: Life Orb
|
|-heal|p1a: Florges|219\/360 par|[from] item: Leftovers
|turn|49
|
|move|p2a: Lucario|Swords Dance|p2a: Lucario
|-boost|p2a: Lucario|atk|2
|move|p1a: Florges|Moonblast|p2a: Lucario
|-damage|p2a: Lucario|0 fnt
|faint|p2a: Lucario
|
|-heal|p1a: Florges|241\/360 par|[from] item: Leftovers
|
|switch|p2a: Empoleon|Empoleon, M|289\/372
|-activate|p2a: Empoleon|move: Sticky Web
|-unboost|p2a: Empoleon|spe|1
|turn|50
|
|move|p2a: Empoleon|Flash Cannon|p1a: Florges
|-supereffective|p1a: Florges
|-damage|p1a: Florges|109\/360 par
|move|p1a: Florges|Wish|p1a: Florges
|
|-heal|p2a: Empoleon|312\/372|[from] item: Leftovers
|-heal|p1a: Florges|131\/360 par|[from] item: Leftovers
|turn|51
|
|move|p1a: Florges|Protect|p1a: Florges
|-singleturn|p1a: Florges|Protect
|move|p2a: Empoleon|Flash Cannon|p1a: Florges
|-activate|p1a: Florges|Protect
|
|-heal|p1a: Florges|311\/360 par|[from] move: Wish|[wisher] Florges
|-heal|p2a: Empoleon|335\/372|[from] item: Leftovers
|-heal|p1a: Florges|333\/360 par|[from] item: Leftovers
|turn|52
|
|move|p2a: Empoleon|Flash Cannon|p1a: Florges
|-supereffective|p1a: Florges
|-damage|p1a: Florges|183\/360 par
|move|p1a: Florges|Aromatherapy|p1a: Florges
|-cureteam|p1a: Florges|[from] move: Aromatherapy
|
|-heal|p1a: Florges|205\/360|[from] item: Leftovers
|-heal|p2a: Empoleon|358\/372|[from] item: Leftovers
|turn|53
|
|move|p1a: Florges|Protect|p1a: Florges
|-singleturn|p1a: Florges|Protect
|move|p2a: Empoleon|Scald|p1a: Florges
|-activate|p1a: Florges|Protect
|
|-heal|p1a: Florges|227\/360|[from] item: Leftovers
|-heal|p2a: Empoleon|372\/372|[from] item: Leftovers
|turn|54
|
|move|p1a: Florges|Wish|p1a: Florges
|move|p2a: Empoleon|Yawn|p1a: Florges
|-start|p1a: Florges|move: Yawn|[of] p2a: Empoleon
|
|-heal|p1a: Florges|249\/360|[from] item: Leftovers
|turn|55
|
|move|p1a: Florges|Moonblast|p2a: Empoleon
|-resisted|p2a: Empoleon
|-damage|p2a: Empoleon|315\/372
|-unboost|p2a: Empoleon|spa|1
|move|p2a: Empoleon|Scald|p1a: Florges
|-damage|p1a: Florges|197\/360
|
|-status|p1a: Florges|slp
|-heal|p1a: Florges|360\/360 slp|[from] move: Wish|[wisher] Florges
|-heal|p2a: Empoleon|338\/372|[from] item: Leftovers
|turn|56
|
|cant|p1a: Florges|slp
|move|p2a: Empoleon|Flash Cannon|p1a: Florges
|-supereffective|p1a: Florges
|-damage|p1a: Florges|268\/360 slp
|
|-heal|p1a: Florges|290\/360 slp|[from] item: Leftovers
|-heal|p2a: Empoleon|361\/372|[from] item: Leftovers
|turn|57
|
|cant|p1a: Florges|slp
|move|p2a: Empoleon|Flash Cannon|p1a: Florges
|-supereffective|p1a: Florges
|-damage|p1a: Florges|188\/360 slp
|
|-heal|p1a: Florges|210\/360 slp|[from] item: Leftovers
|-heal|p2a: Empoleon|372\/372|[from] item: Leftovers
|turn|58
|
|-curestatus|p1a: Florges|slp
|move|p1a: Florges|Wish|p1a: Florges
|move|p2a: Empoleon|Flash Cannon|p1a: Florges
|-supereffective|p1a: Florges
|-damage|p1a: Florges|120\/360
|-unboost|p1a: Florges|spd|1
|
|-heal|p1a: Florges|142\/360|[from] item: Leftovers
|turn|59
|
|move|p1a: Florges|Protect|p1a: Florges
|-singleturn|p1a: Florges|Protect
|move|p2a: Empoleon|Yawn|p1a: Florges
|-activate|p1a: Florges|Protect
|
|-heal|p1a: Florges|322\/360|[from] move: Wish|[wisher] Florges
|-heal|p1a: Florges|344\/360|[from] item: Leftovers
|turn|60
|
|move|p1a: Florges|Moonblast|p2a: Empoleon
|-resisted|p2a: Empoleon
|-damage|p2a: Empoleon|311\/372
|move|p2a: Empoleon|Yawn|p1a: Florges
|-start|p1a: Florges|move: Yawn|[of] p2a: Empoleon
|
|-heal|p1a: Florges|360\/360|[from] item: Leftovers
|-heal|p2a: Empoleon|334\/372|[from] item: Leftovers
|turn|61
|
|move|p1a: Florges|Moonblast|p2a: Empoleon
|-resisted|p2a: Empoleon
|-damage|p2a: Empoleon|275\/372
|move|p2a: Empoleon|Flash Cannon|p1a: Florges
|-supereffective|p1a: Florges
|-damage|p1a: Florges|210\/360
|-unboost|p1a: Florges|spd|1
|
|-status|p1a: Florges|slp
|-heal|p1a: Florges|232\/360 slp|[from] item: Leftovers
|-heal|p2a: Empoleon|298\/372|[from] item: Leftovers
|turn|62
|
|switch|p1a: Galvantula|Galvantula, F|47\/282
|-damage|p1a: Galvantula|0 fnt|[from] Stealth Rock
|faint|p1a: Galvantula
|move|p2a: Empoleon|Scald|p1: Galvantula|[notarget]
|-notarget
|
|-heal|p2a: Empoleon|321\/372|[from] item: Leftovers
|
|switch|p1a: Florges|Florges, F|232\/360 slp
|-damage|p1a: Florges|187\/360 slp|[from] Stealth Rock
|turn|63
|
|cant|p1a: Florges|slp
|move|p2a: Empoleon|Flash Cannon|p1a: Florges
|-supereffective|p1a: Florges
|-damage|p1a: Florges|97\/360 slp
|
|-heal|p1a: Florges|119\/360 slp|[from] item: Leftovers
|-heal|p2a: Empoleon|344\/372|[from] item: Leftovers
|turn|64
|
|-curestatus|p1a: Florges|slp
|move|p1a: Florges|Protect|p1a: Florges
|-singleturn|p1a: Florges|Protect
|move|p2a: Empoleon|Flash Cannon|p1a: Florges
|-activate|p1a: Florges|Protect
|
|-heal|p1a: Florges|141\/360|[from] item: Leftovers
|-heal|p2a: Empoleon|367\/372|[from] item: Leftovers
|turn|65
|
|move|p1a: Florges|Wish|p1a: Florges
|move|p2a: Empoleon|Yawn|p1a: Florges
|-start|p1a: Florges|move: Yawn|[of] p2a: Empoleon
|
|-heal|p1a: Florges|163\/360|[from] item: Leftovers
|-heal|p2a: Empoleon|372\/372|[from] item: Leftovers
|turn|66
|
|move|p1a: Florges|Protect|p1a: Florges
|-singleturn|p1a: Florges|Protect
|move|p2a: Empoleon|Flash Cannon|p1a: Florges
|-activate|p1a: Florges|Protect
|
|-status|p1a: Florges|slp
|-heal|p1a: Florges|343\/360 slp|[from] move: Wish|[wisher] Florges
|-heal|p1a: Florges|360\/360 slp|[from] item: Leftovers
|turn|67
|
|cant|p1a: Florges|slp
|move|p2a: Empoleon|Flash Cannon|p1a: Florges
|-supereffective|p1a: Florges
|-damage|p1a: Florges|270\/360 slp
|
|-heal|p1a: Florges|292\/360 slp|[from] item: Leftovers
|turn|68
|
|cant|p1a: Florges|slp
|move|p2a: Empoleon|Scald|p1a: Florges
|-damage|p1a: Florges|243\/360 slp
|
|-heal|p1a: Florges|265\/360 slp|[from] item: Leftovers
|turn|69
|
|cant|p1a: Florges|slp
|move|p2a: Empoleon|Flash Cannon|p1a: Florges
|-supereffective|p1a: Florges
|-damage|p1a: Florges|175\/360 slp
|
|-heal|p1a: Florges|197\/360 slp|[from] item: Leftovers
|turn|70
|
|-curestatus|p1a: Florges|slp
|move|p1a: Florges|Wish|p1a: Florges
|move|p2a: Empoleon|Yawn|p1a: Florges
|-start|p1a: Florges|move: Yawn|[of] p2a: Empoleon
|
|-heal|p1a: Florges|219\/360|[from] item: Leftovers
|turn|71
|
|move|p1a: Florges|Moonblast|p2a: Empoleon
|-resisted|p2a: Empoleon
|-damage|p2a: Empoleon|307\/372
|move|p2a: Empoleon|Scald|p1a: Florges
|-damage|p1a: Florges|170\/360
|
|-status|p1a: Florges|slp
|-heal|p1a: Florges|350\/360 slp|[from] move: Wish|[wisher] Florges
|-heal|p1a: Florges|360\/360 slp|[from] item: Leftovers
|-heal|p2a: Empoleon|330\/372|[from] item: Leftovers
|turn|72
|
|cant|p1a: Florges|slp
|move|p2a: Empoleon|Flash Cannon|p1a: Florges
|-supereffective|p1a: Florges
|-damage|p1a: Florges|270\/360 slp
|
|-heal|p1a: Florges|292\/360 slp|[from] item: Leftovers
|-heal|p2a: Empoleon|353\/372|[from] item: Leftovers
|turn|73
|-message|Wolfhead69 forfeited.
|
|win|diggersby test LoL
|raw|Ladder updating...
|leave|Wolfhead69
|player|p2
|raw|diggersby test LoL's rating: 1539 &rarr; <strong>1559<\/strong><br \/>(+20 for winning)
|raw|Wolfhead69's rating: 1544 &rarr; <strong>1524<\/strong><br \/>(-20 for losing)