|join|Wolfhead69
|join|MadCowX
|player|p1|Wolfhead69|1
|player|p2|MadCowX|13
|gametype|singles
|gen|6
|tier|UU
|rated
|rule|Sleep Clause Mod: Limit one foe put to sleep
|rule|Species Clause: Limit one of each PokÃ©mon
|rule|OHKO Clause: OHKO moves are banned
|rule|Moody Clause: Moody is banned
|rule|Evasion Moves Clause: Evasion moves are banned
|rule|Endless Battle Clause: Forcing endless battles is banned
|rule|HP Percentage Mod: HP is shown in percentages
|clearpoke
|poke|p1|Aerodactyl, F
|poke|p1|Lucario, M
|poke|p1|Chandelure, M
|poke|p1|Galvantula, M
|poke|p1|Donphan, F
|poke|p1|Empoleon, M
|poke|p2|Nidoqueen, F
|poke|p2|Hydreigon, F
|poke|p2|Forretress, F
|poke|p2|Suicune
|poke|p2|Virizion
|poke|p2|Darmanitan, M
|rule|Swagger Clause: Swagger is banned
|rule|Baton Pass Clause: Limit one PokÃ©mon knowing Baton Pass
|teampreview
|
|start
|switch|p1a: Donphan|Donphan, F|384\/384
|switch|p2a: Darmanitan|Darmanitan, M|352\/352
|turn|1
|
|move|p2a: Darmanitan|Flare Blitz|p1a: Donphan
|-crit|p1a: Donphan
|-damage|p1a: Donphan|6\/384
|-damage|p2a: Darmanitan|227\/352|[from] recoil|[of] p1a: Donphan
|move|p1a: Donphan|Knock Off|p2a: Darmanitan
|-damage|p2a: Darmanitan|23\/352
|-enditem|p2a: Darmanitan|Choice Scarf|[from] move: Knock Off|[of] p1a: Donphan
|
|-heal|p1a: Donphan|30\/384|[from] item: Leftovers
|turn|2
|
|move|p1a: Donphan|Ice Shard|p2a: Darmanitan
|-resisted|p2a: Darmanitan
|-damage|p2a: Darmanitan|0 fnt
|faint|p2a: Darmanitan
|
|-heal|p1a: Donphan|54\/384|[from] item: Leftovers
|
|switch|p2a: Suicune|Suicune|404\/404
|-ability|p2a: Suicune|Pressure
|turn|3
|
|switch|p1a: Galvantula|Galvantula, M|282\/282
|move|p2a: Suicune|Ice Beam|p1a: Galvantula
|-damage|p1a: Galvantula|179\/282
|
|turn|4
|
|move|p1a: Galvantula|Giga Drain|p2a: Suicune
|-supereffective|p2a: Suicune
|-damage|p2a: Suicune|276\/404
|-heal|p1a: Galvantula|243\/282|[from] drain|[of] p2a: Suicune
|move|p2a: Suicune|Scald|p1a: Galvantula
|-damage|p1a: Galvantula|108\/282
|
|-heal|p2a: Suicune|301\/404|[from] item: Leftovers
|turn|5
|
|switch|p2a: Virizion|Virizion|324\/324
|move|p1a: Galvantula|Giga Drain|p2a: Virizion
|-resisted|p2a: Virizion
|-damage|p2a: Virizion|295\/324
|-heal|p1a: Galvantula|123\/282|[from] drain|[of] p2a: Virizion
|
|turn|6
|
|move|p2a: Virizion|Close Combat|p1a: Galvantula
|-resisted|p1a: Galvantula
|-damage|p1a: Galvantula|0 fnt
|-unboost|p2a: Virizion|def|1
|-unboost|p2a: Virizion|spd|1
|faint|p1a: Galvantula
|
|
|switch|p1a: Chandelure|Chandelure, M|261\/261
|turn|7
|
|switch|p2a: Hydreigon|Hydreigon, F|325\/325
|move|p1a: Chandelure|Trick|p2a: Hydreigon
|-activate|p1a: Chandelure|move: Trick|[of] p2a: Hydreigon
|-item|p2a: Hydreigon|Choice Scarf|[from] move: Trick
|-item|p1a: Chandelure|Life Orb|[from] move: Trick
|
|turn|8
|
|switch|p1a: Donphan|Donphan, F|54\/384
|move|p2a: Hydreigon|Dark Pulse|p1a: Donphan
|-damage|p1a: Donphan|0 fnt
|faint|p1a: Donphan
|
|
|switch|p1a: Lucario|Lucario, M|282\/282
|turn|9
|
|switch|p2a: Nidoqueen|Nidoqueen, F|353\/353
|move|p1a: Lucario|Swords Dance|p1a: Lucario
|-boost|p1a: Lucario|atk|2
|
|turn|10
|
|move|p1a: Lucario|Close Combat|p2a: Nidoqueen
|-resisted|p2a: Nidoqueen
|-damage|p2a: Nidoqueen|155\/353
|-unboost|p1a: Lucario|def|1
|-unboost|p1a: Lucario|spd|1
|-damage|p1a: Lucario|254\/282|[from] item: Life Orb
|move|p2a: Nidoqueen|Earth Power|p1a: Lucario
|-supereffective|p1a: Lucario
|-damage|p1a: Lucario|0 fnt
|faint|p1a: Lucario
|
|-heal|p2a: Nidoqueen|177\/353|[from] item: Black Sludge
|
|switch|p1a: Chandelure|Chandelure, M|261\/261
|turn|11
|
|move|p1a: Chandelure|Fire Blast|p2a: Nidoqueen|[miss]
|-miss|p1a: Chandelure|p2a: Nidoqueen
|move|p2a: Nidoqueen|Earth Power|p1a: Chandelure
|-supereffective|p1a: Chandelure
|-damage|p1a: Chandelure|0 fnt
|faint|p1a: Chandelure
|
|-heal|p2a: Nidoqueen|199\/353|[from] item: Black Sludge
|-message|Wolfhead69 forfeited.
|
|win|MadCowX
|raw|Ladder updating...
|leave|Wolfhead69
|player|p1