|join|Wolfhead69
|join|The Clean Bandit
|player|p1|Wolfhead69|170
|player|p2|The Clean Bandit|252
|gametype|singles
|gen|6
|tier|UU
|rated
|rule|Sleep Clause Mod: Limit one foe put to sleep
|rule|Species Clause: Limit one of each PokÃ©mon
|rule|OHKO Clause: OHKO moves are banned
|rule|Moody Clause: Moody is banned
|rule|Evasion Moves Clause: Evasion moves are banned
|rule|Endless Battle Clause: Forcing endless battles is banned
|rule|HP Percentage Mod: HP is shown in percentages
|clearpoke
|poke|p1|Aerodactyl, M
|poke|p1|Lucario, F
|poke|p1|Chandelure, F
|poke|p1|Galvantula, M
|poke|p1|Donphan, F
|poke|p1|Empoleon, F
|poke|p2|Hydreigon, M
|poke|p2|Crobat, M
|poke|p2|Diancie
|poke|p2|Raikou
|poke|p2|Abomasnow, F
|poke|p2|Jirachi
|rule|Swagger Clause: Swagger is banned
|rule|Baton Pass Clause: Limit one PokÃ©mon knowing Baton Pass
|teampreview
|join|Lord Emvee
|join|VoD Lochie
|join|OPM Saitama
|join|Bisharp Nehru
|join|chimpact
|c| OPM Saitama|IS IT SHOFU
|join|ihml
|join|yunb
|c| OPM Saitama|thinking.. yep
|
|start
|switch|p1a: Empoleon|Empoleon, F|372\/372
|switch|p2a: Raikou|Raikou|321\/321
|-ability|p2a: Raikou|Pressure
|turn|1
|join|Valentine
|join|Key
|
|move|p2a: Raikou|Hidden Power|p1a: Empoleon
|-resisted|p1a: Empoleon
|-damage|p1a: Empoleon|356\/372
|move|p1a: Empoleon|Stealth Rock|p2a: Raikou
|-sidestart|p2: The Clean Bandit|move: Stealth Rock
|
|-heal|p1a: Empoleon|372\/372|[from] item: Leftovers
|turn|2
|
|move|p2a: Raikou|Hidden Power|p1a: Empoleon
|-resisted|p1a: Empoleon
|-damage|p1a: Empoleon|356\/372
|move|p1a: Empoleon|Scald|p2a: Raikou
|-damage|p2a: Raikou|225\/321
|
|-heal|p1a: Empoleon|372\/372|[from] item: Leftovers
|turn|3
|
|switch|p1a: Donphan|Donphan, F|384\/384
|move|p2a: Raikou|Thunderbolt|p1a: Donphan
|-immune|p1a: Donphan|[msg]
|
|turn|4
|
|switch|p2a: Crobat|Crobat, M|369\/369
|-damage|p2a: Crobat|277\/369|[from] Stealth Rock
|move|p1a: Donphan|Knock Off|p2a: Crobat
|-damage|p2a: Crobat|147\/369
|-enditem|p2a: Crobat|Black Sludge|[from] move: Knock Off|[of] p1a: Donphan
|
|turn|5
|join|blarghlfarghl
|c| OPM Saitama|eq
|
|move|p1a: Donphan|Ice Shard|p2a: Crobat
|-supereffective|p2a: Crobat
|-damage|p2a: Crobat|31\/369
|move|p2a: Crobat|Defog|p1a: Donphan
|-unboost|p1a: Donphan|evasion|1
|-sideend|p2: The Clean Bandit|Stealth Rock|[from] move: Defog|[of] p2a: Crobat
|
|turn|6
|
|switch|p2a: Abomasnow|Abomasnow, F|383\/383
|-weather|Hail
|move|p1a: Donphan|Ice Shard|p2a: Abomasnow
|-damage|p2a: Abomasnow|317\/383
|
|-weather|Hail|[upkeep]
|-damage|p1a: Donphan|360\/384|[from] hail
|-heal|p1a: Donphan|384\/384|[from] item: Leftovers
|turn|7
|c| OPM Saitama|HEAD SMASH
|
|switch|p1a: Galvantula|Galvantula, M|282\/282
|detailschange|p2a: Abomasnow|Abomasnow-Mega, F
|message|Abomasnow has Mega Evolved into Mega Abomasnow!
|move|p2a: Abomasnow|Wood Hammer|p1a: Galvantula
|-resisted|p1a: Galvantula
|-damage|p1a: Galvantula|97\/282
|-damage|p2a: Abomasnow|256\/383|[from] recoil|[of] p1a: Galvantula
|
|-weather|Hail|[upkeep]
|-damage|p1a: Galvantula|80\/282|[from] hail
|turn|8
|c| Bisharp Nehru|dont stress ur neck hair too much there sg
|c| Bisharp Nehru|xE
|c| OPM Saitama|woah!
|c| OPM Saitama|its on the top of my head rn
|
|switch|p1a: Chandelure|Chandelure, F|261\/261
|move|p2a: Abomasnow|Ice Shard|p1a: Chandelure
|-crit|p1a: Chandelure
|-resisted|p1a: Chandelure
|-damage|p1a: Chandelure|196\/261
|
|-weather|Hail|[upkeep]
|-damage|p1a: Chandelure|180\/261|[from] hail
|turn|9
|c| OPM Saitama|nice wi
|c| OPM Saitama|g
|c| OPM Saitama|haha
|c| Bisharp Nehru|ja
|leave|Bisharp Nehru
|
|switch|p2a: Diancie|Diancie|303\/303
|move|p1a: Chandelure|Fire Blast|p2a: Diancie
|-resisted|p2a: Diancie
|-damage|p2a: Diancie|238\/303
|
|-weather|Hail|[upkeep]
|-damage|p1a: Chandelure|164\/261|[from] hail
|-damage|p2a: Diancie|220\/303|[from] hail
|turn|10
|
|switch|p1a: Empoleon|Empoleon, F|372\/372
|move|p2a: Diancie|Stealth Rock|p1a: Empoleon
|-sidestart|p1: Wolfhead69|move: Stealth Rock
|
|-weather|none
|turn|11
|
|switch|p2a: Abomasnow|Abomasnow-Mega, F|256\/383
|-weather|Hail
|move|p1a: Empoleon|Stealth Rock|p2a: Abomasnow
|-sidestart|p2: The Clean Bandit|move: Stealth Rock
|
|-weather|Hail|[upkeep]
|-damage|p1a: Empoleon|349\/372|[from] hail
|-heal|p1a: Empoleon|372\/372|[from] item: Leftovers
|turn|12
|
|move|p1a: Empoleon|Flash Cannon|p2a: Abomasnow
|-supereffective|p2a: Abomasnow
|-damage|p2a: Abomasnow|74\/383
|move|p2a: Abomasnow|Earthquake|p1a: Empoleon
|-crit|p1a: Empoleon
|-supereffective|p1a: Empoleon
|-damage|p1a: Empoleon|36\/372
|
|-weather|Hail|[upkeep]
|-damage|p1a: Empoleon|13\/372|[from] hail
|-heal|p1a: Empoleon|36\/372|[from] item: Leftovers
|turn|13
|join|Bloodz
|join|firestudio
|join|deoxys speed lol
|join|craing _;
|
|switch|p2a: Crobat|Crobat, M|31\/369
|-damage|p2a: Crobat|0 fnt|[from] Stealth Rock
|faint|p2a: Crobat
|move|p1a: Empoleon|Flash Cannon|p2: Crobat|[notarget]
|-notarget
|
|-weather|Hail|[upkeep]
|-damage|p1a: Empoleon|13\/372|[from] hail
|-heal|p1a: Empoleon|36\/372|[from] item: Leftovers
|
|switch|p2a: Raikou|Raikou|225\/321
|-damage|p2a: Raikou|185\/321|[from] Stealth Rock
|-ability|p2a: Raikou|Pressure
|turn|14
|join|Petrawesome
|
|move|p2a: Raikou|Extrasensory|p1a: Empoleon
|-resisted|p1a: Empoleon
|-damage|p1a: Empoleon|0 fnt
|faint|p1a: Empoleon
|
|-weather|Hail|[upkeep]
|-damage|p2a: Raikou|165\/321|[from] hail
|leave|Petrawesome
|
|switch|p1a: Donphan|Donphan, F|384\/384
|-damage|p1a: Donphan|360\/384|[from] Stealth Rock
|turn|15
|join|go home I'm druk
|
|move|p2a: Raikou|Hidden Power|p1a: Donphan
|-supereffective|p1a: Donphan
|-damage|p1a: Donphan|108\/384
|move|p1a: Donphan|Rapid Spin|p2a: Raikou
|-damage|p2a: Raikou|134\/321
|-sideend|p1: Wolfhead69|Stealth Rock|[from] move: Rapid Spin|[of] p1a: Donphan
|
|-weather|none
|-heal|p1a: Donphan|132\/384|[from] item: Leftovers
|turn|16
|
|switch|p1a: Chandelure|Chandelure, F|164\/261
|move|p2a: Raikou|Hidden Power|p1a: Chandelure
|-resisted|p1a: Chandelure
|-damage|p1a: Chandelure|131\/261
|
|turn|17
|
|switch|p2a: Diancie|Diancie|220\/303
|-damage|p2a: Diancie|183\/303|[from] Stealth Rock
|move|p1a: Chandelure|Fire Blast|p2a: Diancie
|-resisted|p2a: Diancie
|-damage|p2a: Diancie|117\/303
|
|turn|18
|
|switch|p1a: Donphan|Donphan, F|132\/384
|move|p2a: Diancie|Trick Room|p2a: Diancie
|-fieldstart|move: Trick Room|[of] p2a: Diancie
|
|-heal|p1a: Donphan|156\/384|[from] item: Leftovers
|turn|19
|
|switch|p1a: Chandelure|Chandelure, F|131\/261
|move|p2a: Diancie|Explosion|p1a: Chandelure
|-immune|p1a: Chandelure|[msg]
|faint|p2a: Diancie
|
|leave|Valentine
|
|switch|p2a: Hydreigon|Hydreigon, M|325\/325
|-damage|p2a: Hydreigon|285\/325|[from] Stealth Rock
|turn|20
|
|switch|p1a: Lucario|Lucario, F|282\/282
|move|p2a: Hydreigon|Dark Pulse|p1a: Lucario
|-resisted|p1a: Lucario
|-damage|p1a: Lucario|165\/282
|-boost|p1a: Lucario|atk|1|[from] ability: Justified
|-damage|p2a: Hydreigon|253\/325|[from] item: Life Orb
|
|turn|21
|
|switch|p2a: Raikou|Raikou|134\/321
|-damage|p2a: Raikou|94\/321|[from] Stealth Rock
|-ability|p2a: Raikou|Pressure
|move|p1a: Lucario|Close Combat|p2a: Raikou
|-damage|p2a: Raikou|0 fnt
|-unboost|p1a: Lucario|def|1
|-unboost|p1a: Lucario|spd|1
|-damage|p1a: Lucario|137\/282|[from] item: Life Orb
|faint|p2a: Raikou
|
|join|Chillingtilnoon
|leave|go home I'm druk
|
|switch|p2a: Jirachi|Jirachi|341\/341
|-damage|p2a: Jirachi|320\/341|[from] Stealth Rock
|turn|22
|
|switch|p2a: Abomasnow|Abomasnow-Mega, F|74\/383
|-damage|p2a: Abomasnow|0 fnt|[from] Stealth Rock
|faint|p2a: Abomasnow
|move|p1a: Lucario|Crunch|p2: Abomasnow|[notarget]
|-notarget
|
|-fieldend|move: Trick Room
|
|switch|p2a: Jirachi|Jirachi|320\/341
|-damage|p2a: Jirachi|299\/341|[from] Stealth Rock
|turn|23
|
|switch|p1a: Chandelure|Chandelure, F|131\/261
|move|p2a: Jirachi|Iron Head|p1a: Chandelure
|-resisted|p1a: Chandelure
|-damage|p1a: Chandelure|61\/261
|
|turn|24
|leave|Chillingtilnoon
|join|Coolyo350
|
|move|p2a: Jirachi|Iron Head|p1a: Chandelure
|-resisted|p1a: Chandelure
|-damage|p1a: Chandelure|0 fnt
|faint|p1a: Chandelure
|
|
|switch|p1a: Donphan|Donphan, F|156\/384
|turn|25
|
|switch|p2a: Hydreigon|Hydreigon, M|253\/325
|-damage|p2a: Hydreigon|213\/325|[from] Stealth Rock
|move|p1a: Donphan|Knock Off|p2a: Hydreigon
|-resisted|p2a: Hydreigon
|-damage|p2a: Hydreigon|137\/325
|-enditem|p2a: Hydreigon|Life Orb|[from] move: Knock Off|[of] p1a: Donphan
|
|-heal|p1a: Donphan|180\/384|[from] item: Leftovers
|turn|26
|
|switch|p1a: Lucario|Lucario, F|137\/282
|move|p2a: Hydreigon|Roost|p2a: Hydreigon
|-heal|p2a: Hydreigon|300\/325
|
|turn|27
|leave|Coolyo350
|
|move|p2a: Hydreigon|Superpower|p1a: Lucario
|-supereffective|p1a: Lucario
|-damage|p1a: Lucario|0 fnt
|-unboost|p2a: Hydreigon|atk|1
|-unboost|p2a: Hydreigon|def|1
|faint|p1a: Lucario
|
|leave|Bloodz
|
|switch|p1a: Galvantula|Galvantula, M|80\/282
|turn|28
|
|switch|p2a: Jirachi|Jirachi|299\/341
|-damage|p2a: Jirachi|278\/341|[from] Stealth Rock
|move|p1a: Galvantula|Sticky Web|p2a: Jirachi
|-sidestart|p2: The Clean Bandit|move: Sticky Web
|
|turn|29
|
|move|p2a: Jirachi|Iron Head|p1a: Galvantula
|-resisted|p1a: Galvantula
|-damage|p1a: Galvantula|0 fnt
|faint|p1a: Galvantula
|
|
|switch|p1a: Donphan|Donphan, F|180\/384
|turn|30
|c| OPM Saitama|ice shard
|
|move|p2a: Jirachi|Iron Head|p1a: Donphan
|-damage|p1a: Donphan|83\/384
|cant|p1a: Donphan|flinch
|
|-heal|p1a: Donphan|107\/384|[from] item: Leftovers
|turn|31
|
|move|p2a: Jirachi|Iron Head|p1a: Donphan
|-damage|p1a: Donphan|10\/384
|cant|p1a: Donphan|flinch
|
|-heal|p1a: Donphan|34\/384|[from] item: Leftovers
|turn|32
|
|move|p1a: Donphan|Ice Shard|p2a: Jirachi
|-resisted|p2a: Jirachi
|-damage|p2a: Jirachi|254\/341
|move|p2a: Jirachi|Iron Head|p1a: Donphan
|-damage|p1a: Donphan|0 fnt
|faint|p1a: Donphan
|
|c| VoD Lochie|ice shard
|c| OPM Saitama|ice shard u dumb bitch
|c| VoD Lochie|nice!
|
|switch|p1a: Aerodactyl|Aerodactyl, M|302\/302
|-ability|p1a: Aerodactyl|Pressure
|turn|33
|
|detailschange|p1a: Aerodactyl|Aerodactyl-Mega, M
|message|Aerodactyl has Mega Evolved into Mega Aerodactyl!
|move|p2a: Jirachi|Iron Head|p1a: Aerodactyl
|-supereffective|p1a: Aerodactyl
|-damage|p1a: Aerodactyl|18\/302
|move|p1a: Aerodactyl|Earthquake|p2a: Jirachi
|-supereffective|p2a: Jirachi
|-damage|p2a: Jirachi|16\/341
|
|turn|34
|
|move|p2a: Jirachi|Iron Head|p1a: Aerodactyl
|-supereffective|p1a: Aerodactyl
|-damage|p1a: Aerodactyl|0 fnt
|faint|p1a: Aerodactyl
|
|win|The Clean Bandit
|raw|Ladder updating...
|raw|Wolfhead69's rating: 1616 &rarr; <strong>1597<\/strong><br \/>(-19 for losing)
|raw|The Clean Bandit's rating: 1620 &rarr; <strong>1640<\/strong><br \/>(+20 for winning)
|c| OPM Saitama|U WOULDVE WON
|leave|The Clean Bandit
|player|p2
|leave|deoxys speed lol
|leave|chimpact