|join|under 500
|join|Wolfhead69
|player|p1|under 500|171
|player|p2|Wolfhead69|1
|gametype|singles
|gen|6
|tier|UU
|rated
|rule|Sleep Clause Mod: Limit one foe put to sleep
|rule|Species Clause: Limit one of each PokÃ©mon
|rule|OHKO Clause: OHKO moves are banned
|rule|Moody Clause: Moody is banned
|rule|Evasion Moves Clause: Evasion moves are banned
|rule|Endless Battle Clause: Forcing endless battles is banned
|rule|HP Percentage Mod: HP is shown in percentages
|clearpoke
|poke|p1|Slowking, F
|poke|p1|Diancie
|poke|p1|Cofagrigus, F
|poke|p1|Rhyperior, M
|poke|p1|Escavalier, M
|poke|p1|Omastar, M
|poke|p2|Aerodactyl, M
|poke|p2|Lucario, F
|poke|p2|Chandelure, M
|poke|p2|Galvantula, M
|poke|p2|Donphan, F
|poke|p2|Empoleon, F
|rule|Swagger Clause: Swagger is banned
|rule|Baton Pass Clause: Limit one PokÃ©mon knowing Baton Pass
|teampreview
|
|start
|switch|p1a: "SMASHING"|Omastar, M|281\/281
|switch|p2a: Galvantula|Galvantula, M|282\/282
|turn|1
|
|move|p2a: Galvantula|Thunder|p1a: "SMASHING"
|-supereffective|p1a: "SMASHING"
|-enditem|p1a: "SMASHING"|Focus Sash
|-damage|p1a: "SMASHING"|1\/281
|move|p1a: "SMASHING"|Scald|p2a: Galvantula
|-damage|p2a: Galvantula|92\/282
|-status|p2a: Galvantula|brn
|
|-damage|p2a: Galvantula|57\/282 brn|[from] brn
|turn|2
|join|blitzfiend
|
|move|p2a: Galvantula|Giga Drain|p1a: "SMASHING"
|-supereffective|p1a: "SMASHING"
|-damage|p1a: "SMASHING"|0 fnt
|-heal|p2a: Galvantula|58\/282 brn|[from] drain|[of] p1a: "SMASHING"
|faint|p1a: "SMASHING"
|
|-damage|p2a: Galvantula|23\/282 brn|[from] brn
|
|switch|p1a: "5P00KY"|Cofagrigus, F|320\/320
|turn|3
|
|move|p2a: Galvantula|Thunder|p1a: "5P00KY"
|-damage|p1a: "5P00KY"|155\/320
|move|p1a: "5P00KY"|Trick Room|p1a: "5P00KY"
|-fieldstart|move: Trick Room|[of] p1a: "5P00KY"
|
|-heal|p1a: "5P00KY"|175\/320|[from] item: Leftovers
|-damage|p2a: Galvantula|0 fnt|[from] brn
|faint|p2a: Galvantula
|
|switch|p2a: Empoleon|Empoleon, F|372\/372
|turn|4
|
|move|p1a: "5P00KY"|Shadow Ball|p2a: Empoleon
|-damage|p2a: Empoleon|237\/372
|move|p2a: Empoleon|Stealth Rock|p1a: "5P00KY"
|-sidestart|p1: under 500|move: Stealth Rock
|
|-heal|p1a: "5P00KY"|195\/320|[from] item: Leftovers
|-heal|p2a: Empoleon|260\/372|[from] item: Leftovers
|turn|5
|
|move|p1a: "5P00KY"|Shadow Ball|p2a: Empoleon
|-damage|p2a: Empoleon|139\/372
|move|p2a: Empoleon|Yawn|p1a: "5P00KY"
|-start|p1a: "5P00KY"|move: Yawn|[of] p2a: Empoleon
|
|-heal|p1a: "5P00KY"|215\/320|[from] item: Leftovers
|-heal|p2a: Empoleon|162\/372|[from] item: Leftovers
|turn|6
|
|move|p1a: "5P00KY"|Shadow Ball|p2a: Empoleon
|-damage|p2a: Empoleon|36\/372
|move|p2a: Empoleon|Yawn|p1a: "5P00KY"
|-fail|p1a: "5P00KY"
|
|-status|p1a: "5P00KY"|slp
|-heal|p1a: "5P00KY"|235\/320 slp|[from] item: Leftovers
|-heal|p2a: Empoleon|59\/372|[from] item: Leftovers
|turn|7
|
|switch|p2a: Chandelure|Chandelure, M|261\/261
|cant|p1a: "5P00KY"|slp
|
|-heal|p1a: "5P00KY"|255\/320 slp|[from] item: Leftovers
|-fieldend|move: Trick Room
|turn|8
|
|move|p2a: Chandelure|Trick|p1a: "5P00KY"
|-activate|p2a: Chandelure|move: Trick|[of] p1a: "5P00KY"
|-item|p1a: "5P00KY"|Choice Scarf|[from] move: Trick
|-item|p2a: Chandelure|Leftovers|[from] move: Trick
|-curestatus|p1a: "5P00KY"|slp
|move|p1a: "5P00KY"|Trick Room|p1a: "5P00KY"
|-fieldstart|move: Trick Room|[of] p1a: "5P00KY"
|
|turn|9
|
|switch|p1a: "COUNTER"|Rhyperior, M|434\/434
|-damage|p1a: "COUNTER"|407\/434|[from] Stealth Rock
|move|p2a: Chandelure|Shadow Ball|p1a: "COUNTER"
|-damage|p1a: "COUNTER"|151\/434
|
|turn|10
|
|switch|p2a: Donphan|Donphan, F|384\/384
|move|p1a: "COUNTER"|Earthquake|p2a: Donphan
|-damage|p2a: Donphan|150\/384
|-damage|p1a: "COUNTER"|108\/434|[from] item: Life Orb
|
|-heal|p2a: Donphan|174\/384|[from] item: Leftovers
|turn|11
|
|move|p2a: Donphan|Ice Shard|p1a: "COUNTER"
|-supereffective|p1a: "COUNTER"
|-damage|p1a: "COUNTER"|47\/434
|move|p1a: "COUNTER"|Earthquake|p2a: Donphan
|-damage|p2a: Donphan|0 fnt
|-damage|p1a: "COUNTER"|4\/434|[from] item: Life Orb
|faint|p2a: Donphan
|
|
|switch|p2a: Empoleon|Empoleon, F|59\/372
|turn|12
|
|switch|p2a: Aerodactyl|Aerodactyl, M|302\/302
|-ability|p2a: Aerodactyl|Pressure
|move|p1a: "COUNTER"|Stone Edge|p2a: Aerodactyl
|-supereffective|p2a: Aerodactyl
|-damage|p2a: Aerodactyl|0 fnt
|-damage|p1a: "COUNTER"|0 fnt|[from] item: Life Orb
|faint|p2a: Aerodactyl
|faint|p1a: "COUNTER"
|
|-fieldend|move: Trick Room
|
|switch|p1a: "NIDO"|Diancie|241\/241
|-damage|p1a: "NIDO"|211\/241|[from] Stealth Rock
|switch|p2a: Chandelure|Chandelure, M|261\/261
|turn|13
|join|belev
|
|switch|p2a: Empoleon|Empoleon, F|59\/372
|move|p1a: "NIDO"|Trick Room|p1a: "NIDO"
|-fieldstart|move: Trick Room|[of] p1a: "NIDO"
|
|-heal|p2a: Empoleon|82\/372|[from] item: Leftovers
|turn|14
|
|move|p1a: "NIDO"|Diamond Storm|p2a: Empoleon
|-resisted|p2a: Empoleon
|-damage|p2a: Empoleon|0 fnt
|-boost|p1a: "NIDO"|def|1
|-damage|p1a: "NIDO"|187\/241|[from] item: Life Orb
|faint|p2a: Empoleon
|
|
|switch|p2a: Lucario|Lucario, F|282\/282
|turn|15
|
|move|p1a: "NIDO"|Moonblast|p2a: Lucario
|-damage|p2a: Lucario|25\/282
|-damage|p1a: "NIDO"|163\/241|[from] item: Life Orb
|move|p2a: Lucario|Close Combat|p1a: "NIDO"
|-damage|p1a: "NIDO"|53\/241
|-unboost|p2a: Lucario|def|1
|-unboost|p2a: Lucario|spd|1
|-damage|p2a: Lucario|0 fnt|[from] item: Life Orb
|faint|p2a: Lucario
|
|
|switch|p2a: Chandelure|Chandelure, M|261\/261
|turn|16
|
|move|p1a: "NIDO"|Diamond Storm|p2a: Chandelure
|-supereffective|p2a: Chandelure
|-damage|p2a: Chandelure|0 fnt
|-boost|p1a: "NIDO"|def|1
|-damage|p1a: "NIDO"|29\/241|[from] item: Life Orb
|faint|p2a: Chandelure
|
|win|under 500
|raw|Ladder updating...
|raw|under 500's rating: 1717 &rarr; <strong>1733<\/strong><br \/>(+16 for winning)
|raw|Wolfhead69's rating: 1651 &rarr; <strong>1635<\/strong><br \/>(-16 for losing)