|join|Wolfhead69
|join|21yearoldvirgin
|player|p1|Wolfhead69|2
|player|p2|21yearoldvirgin|125
|gametype|singles
|gen|6
|tier|UU
|rated
|rule|Sleep Clause Mod: Limit one foe put to sleep
|rule|Species Clause: Limit one of each PokÃ©mon
|rule|OHKO Clause: OHKO moves are banned
|rule|Moody Clause: Moody is banned
|rule|Evasion Moves Clause: Evasion moves are banned
|rule|Endless Battle Clause: Forcing endless battles is banned
|rule|HP Percentage Mod: HP is shown in percentages
|clearpoke
|poke|p1|Aerodactyl, F
|poke|p1|Lucario, F
|poke|p1|Chandelure, F
|poke|p1|Galvantula, M
|poke|p1|Donphan, M
|poke|p1|Empoleon, M
|poke|p2|Weezing, F
|poke|p2|Espeon, F
|poke|p2|Blissey, F
|poke|p2|Blastoise, F
|poke|p2|Whimsicott, M
|poke|p2|Zygarde
|rule|Swagger Clause: Swagger is banned
|rule|Baton Pass Clause: Limit one PokÃ©mon knowing Baton Pass
|teampreview
|
|start
|switch|p1a: Galvantula|Galvantula, M|282\/282
|switch|p2a: Blissey|Blissey, F|714\/714
|turn|1
|
|switch|p2a: Espeon|Espeon, F|334\/334
|move|p1a: Galvantula|Bug Buzz|p2a: Espeon
|-supereffective|p2a: Espeon
|-damage|p2a: Espeon|46\/334
|
|-heal|p2a: Espeon|66\/334|[from] item: Leftovers
|turn|2
|
|move|p2a: Espeon|Yawn|p1a: Galvantula
|-start|p1a: Galvantula|move: Yawn|[of] p2a: Espeon
|move|p1a: Galvantula|Thunder|p2a: Espeon
|-damage|p2a: Espeon|0 fnt
|faint|p2a: Espeon
|
|
|switch|p2a: Whimsicott|Whimsicott, M|324\/324
|turn|3
|
|switch|p1a: Empoleon|Empoleon, M|372\/372
|move|p2a: Whimsicott|Encore|p1a: Empoleon
|-fail|p1a: Empoleon
|
|turn|4
|
|move|p2a: Whimsicott|Leech Seed|p1a: Empoleon
|-start|p1a: Empoleon|move: Leech Seed
|move|p1a: Empoleon|Stealth Rock|p2a: Whimsicott
|-sidestart|p2: 21yearoldvirgin|move: Stealth Rock
|
|-damage|p1a: Empoleon|326\/372|[from] Leech Seed|[of] p2a: Whimsicott
|turn|5
|
|switch|p2a: Blastoise|Blastoise, F|358\/358
|-damage|p2a: Blastoise|314\/358|[from] Stealth Rock
|switch|p1a: Galvantula|Galvantula, M|282\/282
|
|turn|6
|
|switch|p2a: Blissey|Blissey, F|714\/714
|-damage|p2a: Blissey|625\/714|[from] Stealth Rock
|move|p1a: Galvantula|Thunder|p2a: Blissey
|-damage|p2a: Blissey|490\/714
|
|-heal|p2a: Blissey|534\/714|[from] item: Leftovers
|turn|7
|
|move|p1a: Galvantula|Sticky Web|p2a: Blissey
|-sidestart|p2: 21yearoldvirgin|move: Sticky Web
|move|p2a: Blissey|Stealth Rock|p1a: Galvantula
|-sidestart|p1: Wolfhead69|move: Stealth Rock
|
|-heal|p2a: Blissey|578\/714|[from] item: Leftovers
|turn|8
|
|switch|p1a: Donphan|Donphan, M|384\/384
|-damage|p1a: Donphan|360\/384|[from] Stealth Rock
|move|p2a: Blissey|Wish|p2a: Blissey
|
|-heal|p2a: Blissey|622\/714|[from] item: Leftovers
|-heal|p1a: Donphan|384\/384|[from] item: Leftovers
|turn|9
|
|switch|p2a: Blastoise|Blastoise, F|314\/358
|-damage|p2a: Blastoise|270\/358|[from] Stealth Rock
|-activate|p2a: Blastoise|move: Sticky Web
|-unboost|p2a: Blastoise|spe|1
|move|p1a: Donphan|Rapid Spin|p2a: Blastoise
|-damage|p2a: Blastoise|246\/358
|-sideend|p1: Wolfhead69|Stealth Rock|[from] move: Rapid Spin|[of] p1a: Donphan
|
|-heal|p2a: Blastoise|358\/358|[from] move: Wish|[wisher] Blissey
|turn|10
|
|detailschange|p2a: Blastoise|Blastoise-Mega, F
|message|Blastoise has Mega Evolved into Mega Blastoise!
|move|p1a: Donphan|Earthquake|p2a: Blastoise
|-damage|p2a: Blastoise|186\/358
|move|p2a: Blastoise|Rapid Spin|p1a: Donphan
|-damage|p1a: Donphan|371\/384
|-sideend|p2: 21yearoldvirgin|Stealth Rock|[from] move: Rapid Spin|[of] p2a: Blastoise
|-sideend|p2: 21yearoldvirgin|Sticky Web|[from] move: Rapid Spin|[of] p2a: Blastoise
|
|-heal|p1a: Donphan|384\/384|[from] item: Leftovers
|turn|11
|
|switch|p2a: Weezing|Weezing, F|334\/334
|move|p1a: Donphan|Earthquake|p2a: Weezing
|-immune|p2a: Weezing|[msg]
|
|turn|12
|
|move|p2a: Weezing|Toxic Spikes|p1a: Donphan
|-sidestart|p1: Wolfhead69|move: Toxic Spikes
|move|p1a: Donphan|Knock Off|p2a: Weezing
|-damage|p2a: Weezing|252\/334
|-enditem|p2a: Weezing|Black Sludge|[from] move: Knock Off|[of] p1a: Donphan
|
|turn|13
|
|switch|p2a: Whimsicott|Whimsicott, M|324\/324
|move|p1a: Donphan|Rapid Spin|p2a: Whimsicott
|-damage|p2a: Whimsicott|303\/324
|-sideend|p1: Wolfhead69|Toxic Spikes|[from] move: Rapid Spin|[of] p1a: Donphan
|
|-heal|p2a: Whimsicott|323\/324|[from] item: Leftovers
|turn|14
|
|switch|p1a: Empoleon|Empoleon, M|326\/372
|move|p2a: Whimsicott|Leech Seed|p1a: Empoleon
|-start|p1a: Empoleon|move: Leech Seed
|
|-heal|p2a: Whimsicott|324\/324|[from] item: Leftovers
|-heal|p1a: Empoleon|349\/372|[from] item: Leftovers
|-damage|p1a: Empoleon|303\/372|[from] Leech Seed|[of] p2a: Whimsicott
|turn|15
|
|switch|p2a: Blastoise|Blastoise-Mega, F|186\/358
|move|p1a: Empoleon|Stealth Rock|p2a: Blastoise
|-sidestart|p2: 21yearoldvirgin|move: Stealth Rock
|
|-heal|p1a: Empoleon|326\/372|[from] item: Leftovers
|-damage|p1a: Empoleon|280\/372|[from] Leech Seed|[of] p2a: Blastoise
|-heal|p2a: Blastoise|232\/358|[silent]
|turn|16
|
|switch|p1a: Galvantula|Galvantula, M|282\/282
|move|p2a: Blastoise|Dark Pulse|p1a: Galvantula
|-damage|p1a: Galvantula|38\/282
|
|turn|17
|
|switch|p2a: Blissey|Blissey, F|622\/714
|-damage|p2a: Blissey|533\/714|[from] Stealth Rock
|move|p1a: Galvantula|Giga Drain|p2a: Blissey
|-damage|p2a: Blissey|480\/714
|-heal|p1a: Galvantula|65\/282|[from] drain|[of] p2a: Blissey
|
|-heal|p2a: Blissey|524\/714|[from] item: Leftovers
|turn|18
|
|move|p1a: Galvantula|Sticky Web|p2a: Blissey
|-sidestart|p2: 21yearoldvirgin|move: Sticky Web
|move|p2a: Blissey|Stealth Rock|p1a: Galvantula
|-sidestart|p1: Wolfhead69|move: Stealth Rock
|
|-heal|p2a: Blissey|568\/714|[from] item: Leftovers
|turn|19
|
|switch|p1a: Donphan|Donphan, M|384\/384
|-damage|p1a: Donphan|360\/384|[from] Stealth Rock
|move|p2a: Blissey|Wish|p2a: Blissey
|
|-heal|p2a: Blissey|612\/714|[from] item: Leftovers
|-heal|p1a: Donphan|384\/384|[from] item: Leftovers
|turn|20
|
|switch|p2a: Blastoise|Blastoise-Mega, F|232\/358
|-damage|p2a: Blastoise|188\/358|[from] Stealth Rock
|-activate|p2a: Blastoise|move: Sticky Web
|-unboost|p2a: Blastoise|spe|1
|move|p1a: Donphan|Earthquake|p2a: Blastoise
|-damage|p2a: Blastoise|26\/358
|
|-heal|p2a: Blastoise|358\/358|[from] move: Wish|[wisher] Blissey
|turn|21
|
|move|p1a: Donphan|Rapid Spin|p2a: Blastoise
|-damage|p2a: Blastoise|336\/358
|-sideend|p1: Wolfhead69|Stealth Rock|[from] move: Rapid Spin|[of] p1a: Donphan
|move|p2a: Blastoise|Water Pulse|p1a: Donphan
|-supereffective|p1a: Donphan
|-activate|p1a: Donphan|Sturdy
|-damage|p1a: Donphan|1\/384
|
|-heal|p1a: Donphan|25\/384|[from] item: Leftovers
|turn|22
|
|switch|p1a: Chandelure|Chandelure, F|261\/261
|move|p2a: Blastoise|Dark Pulse|p1a: Chandelure
|-supereffective|p1a: Chandelure
|-damage|p1a: Chandelure|0 fnt
|faint|p1a: Chandelure
|
|
|switch|p1a: Galvantula|Galvantula, M|65\/282
|turn|23
|
|switch|p2a: Blissey|Blissey, F|612\/714
|-damage|p2a: Blissey|523\/714|[from] Stealth Rock
|-activate|p2a: Blissey|move: Sticky Web
|-unboost|p2a: Blissey|spe|1
|move|p1a: Galvantula|Thunder|p2a: Blissey
|-damage|p2a: Blissey|405\/714
|-status|p2a: Blissey|par
|
|-heal|p2a: Blissey|449\/714 par|[from] item: Leftovers
|turn|24
|
|switch|p1a: Lucario|Lucario, F|282\/282
|move|p2a: Blissey|Wish|p2a: Blissey
|
|-heal|p2a: Blissey|493\/714 par|[from] item: Leftovers
|turn|25
|
|switch|p2a: Whimsicott|Whimsicott, M|324\/324
|-activate|p2a: Whimsicott|move: Sticky Web
|-unboost|p2a: Whimsicott|spe|1
|-damage|p2a: Whimsicott|284\/324|[from] Stealth Rock
|move|p1a: Lucario|Swords Dance|p1a: Lucario
|-boost|p1a: Lucario|atk|2
|
|-heal|p2a: Whimsicott|324\/324|[from] move: Wish|[wisher] Blissey
|turn|26
|
|move|p1a: Lucario|Extreme Speed|p2a: Whimsicott
|-damage|p2a: Whimsicott|156\/324
|-damage|p1a: Lucario|254\/282|[from] item: Life Orb
|move|p2a: Whimsicott|Encore|p1a: Lucario
|-start|p1a: Lucario|Encore
|
|-heal|p2a: Whimsicott|176\/324|[from] item: Leftovers
|turn|27
|
|switch|p1a: Donphan|Donphan, M|25\/384
|move|p2a: Whimsicott|Leech Seed|p1a: Donphan
|-start|p1a: Donphan|move: Leech Seed
|
|-heal|p2a: Whimsicott|196\/324|[from] item: Leftovers
|-heal|p1a: Donphan|49\/384|[from] item: Leftovers
|-damage|p1a: Donphan|1\/384|[from] Leech Seed|[of] p2a: Whimsicott
|-heal|p2a: Whimsicott|244\/324|[silent]
|turn|28
|
|move|p2a: Whimsicott|Taunt|p1a: Donphan
|-start|p1a: Donphan|move: Taunt
|move|p1a: Donphan|Knock Off|p2a: Whimsicott
|-resisted|p2a: Whimsicott
|-damage|p2a: Whimsicott|195\/324
|-enditem|p2a: Whimsicott|Leftovers|[from] move: Knock Off|[of] p1a: Donphan
|
|-heal|p1a: Donphan|25\/384|[from] item: Leftovers
|-damage|p1a: Donphan|0 fnt|[from] Leech Seed|[of] p2a: Whimsicott
|-heal|p2a: Whimsicott|220\/324|[silent]
|faint|p1a: Donphan
|
|switch|p1a: Empoleon|Empoleon, M|280\/372
|turn|29
|
|move|p2a: Whimsicott|Leech Seed|p1a: Empoleon
|-start|p1a: Empoleon|move: Leech Seed
|move|p1a: Empoleon|Yawn|p2a: Whimsicott
|-start|p2a: Whimsicott|move: Yawn|[of] p1a: Empoleon
|
|-heal|p1a: Empoleon|303\/372|[from] item: Leftovers
|-damage|p1a: Empoleon|257\/372|[from] Leech Seed|[of] p2a: Whimsicott
|-heal|p2a: Whimsicott|266\/324|[silent]
|turn|30
|
|switch|p2a: Blastoise|Blastoise-Mega, F|336\/358
|-activate|p2a: Blastoise|move: Sticky Web
|-unboost|p2a: Blastoise|spe|1
|-damage|p2a: Blastoise|292\/358|[from] Stealth Rock
|switch|p1a: Galvantula|Galvantula, M|65\/282
|
|turn|31
|
|switch|p1a: Lucario|Lucario, F|254\/282
|move|p2a: Blastoise|Water Pulse|p1a: Lucario
|-damage|p1a: Lucario|0 fnt
|faint|p1a: Lucario
|
|
|switch|p1a: Galvantula|Galvantula, M|65\/282
|turn|32
|
|switch|p2a: Blissey|Blissey, F|493\/714
|-damage|p2a: Blissey|404\/714|[from] Stealth Rock
|-activate|p2a: Blissey|move: Sticky Web
|-unboost|p2a: Blissey|spe|1
|move|p1a: Galvantula|Thunder|p2a: Blissey
|-crit|p2a: Blissey
|-damage|p2a: Blissey|230\/714
|
|-heal|p2a: Blissey|274\/714|[from] item: Leftovers
|turn|33
|
|switch|p1a: Aerodactyl|Aerodactyl, F|302\/302
|-ability|p1a: Aerodactyl|Pressure
|move|p2a: Blissey|Wish|p2a: Blissey
|
|-heal|p2a: Blissey|318\/714|[from] item: Leftovers
|turn|34
|
|switch|p2a: Blastoise|Blastoise-Mega, F|292\/358
|-damage|p2a: Blastoise|248\/358|[from] Stealth Rock
|-activate|p2a: Blastoise|move: Sticky Web
|-unboost|p2a: Blastoise|spe|1
|detailschange|p1a: Aerodactyl|Aerodactyl-Mega, F
|message|Aerodactyl has Mega Evolved into Mega Aerodactyl!
|move|p1a: Aerodactyl|Hone Claws|p1a: Aerodactyl
|-boost|p1a: Aerodactyl|atk|1
|-boost|p1a: Aerodactyl|accuracy|1
|
|-heal|p2a: Blastoise|358\/358|[from] move: Wish|[wisher] Blissey
|turn|35
|
|move|p1a: Aerodactyl|Stone Edge|p2a: Blastoise
|-damage|p2a: Blastoise|106\/358
|move|p2a: Blastoise|Water Pulse|p1a: Aerodactyl
|-supereffective|p1a: Aerodactyl
|-damage|p1a: Aerodactyl|0 fnt
|faint|p1a: Aerodactyl
|
|-message|Wolfhead69 forfeited.
|
|win|21yearoldvirgin
|raw|Ladder updating...
|leave|Wolfhead69
|player|p1
|raw|Wolfhead69's rating: 1509 &rarr; <strong>1486<\/strong><br \/>(-23 for losing)
|raw|21yearoldvirgin's rating: 1467 &rarr; <strong>1489<\/strong><br \/>(+22 for winning)