|join|Wolfhead69
|join|ULT Kitten
|player|p1|Wolfhead69|266
|player|p2|ULT Kitten|39
|gametype|singles
|gen|6
|tier|UU
|rated
|rule|Sleep Clause Mod: Limit one foe put to sleep
|rule|Species Clause: Limit one of each PokÃ©mon
|rule|OHKO Clause: OHKO moves are banned
|rule|Moody Clause: Moody is banned
|rule|Evasion Moves Clause: Evasion moves are banned
|rule|Endless Battle Clause: Forcing endless battles is banned
|rule|HP Percentage Mod: HP is shown in percentages
|clearpoke
|poke|p1|Aerodactyl, F
|poke|p1|Hydreigon, M
|poke|p1|Raikou
|poke|p1|Victini
|poke|p1|Lucario, F
|poke|p1|Empoleon, M
|poke|p2|Suicune
|poke|p2|Roserade, F
|poke|p2|Ampharos, M
|poke|p2|Jirachi
|poke|p2|Togekiss, F
|poke|p2|Chandelure, F
|rule|Swagger Clause: Swagger is banned
|rule|Baton Pass Clause: Limit one PokÃ©mon knowing Baton Pass
|teampreview
|
|start
|switch|p1a: Hydreigon|Hydreigon, M|326\/326
|switch|p2a: Ampharos|Ampharos, M|384\/384
|turn|1
|
|switch|p2a: Togekiss|Togekiss, F|374\/374
|move|p1a: Hydreigon|Draco Meteor|p2a: Togekiss
|-immune|p2a: Togekiss|[msg]
|
|turn|2
|
|switch|p1a: Empoleon|Empoleon, M|372\/372
|switch|p2a: Ampharos|Ampharos, M|384\/384
|
|turn|3
|
|detailschange|p2a: Ampharos|Ampharos-Mega, M
|message|Ampharos has Mega Evolved into Mega Ampharos!
|-ability|p2a: Ampharos|Mold Breaker
|move|p2a: Ampharos|Volt Switch|p1a: Empoleon
|-supereffective|p1a: Empoleon
|-damage|p1a: Empoleon|102\/372
|
|switch|p2a: Roserade|Roserade, F|262\/262
|move|p1a: Empoleon|Stealth Rock|p2a: Roserade
|-sidestart|p2: ULT Kitten|move: Stealth Rock
|
|-heal|p1a: Empoleon|125\/372|[from] item: Leftovers
|turn|4
|
|switch|p1a: Victini|Victini|341\/341
|move|p2a: Roserade|Leaf Storm|p1a: Victini
|-resisted|p1a: Victini
|-damage|p1a: Victini|205\/341
|-unboost|p2a: Roserade|spa|2
|-damage|p2a: Roserade|236\/262|[from] item: Life Orb
|
|turn|5
|join|dingbat
|
|move|p1a: Victini|Zen Headbutt|p2a: Roserade
|-supereffective|p2a: Roserade
|-damage|p2a: Roserade|0 fnt
|faint|p2a: Roserade
|
|
|switch|p2a: Jirachi|Jirachi|341\/341
|-damage|p2a: Jirachi|320\/341|[from] Stealth Rock
|turn|6
|c| dingbat|bop
|
|switch|p1a: Empoleon|Empoleon, M|125\/372
|move|p2a: Jirachi|Stealth Rock|p1a: Empoleon
|-sidestart|p1: Wolfhead69|move: Stealth Rock
|
|-heal|p2a: Jirachi|341\/341|[from] item: Leftovers
|-heal|p1a: Empoleon|148\/372|[from] item: Leftovers
|turn|7
|c|âULT Kitten|whoops
|
|move|p2a: Jirachi|Iron Head|p1a: Empoleon
|-resisted|p1a: Empoleon
|-damage|p1a: Empoleon|125\/372
|cant|p1a: Empoleon|flinch
|
|-heal|p1a: Empoleon|148\/372|[from] item: Leftovers
|turn|8
|
|move|p2a: Jirachi|U-turn|p1a: Empoleon
|-resisted|p1a: Empoleon
|-damage|p1a: Empoleon|122\/372
|
|switch|p2a: Ampharos|Ampharos-Mega, M|384\/384
|-damage|p2a: Ampharos|336\/384|[from] Stealth Rock
|-ability|p2a: Ampharos|Mold Breaker
|move|p1a: Empoleon|Scald|p2a: Ampharos
|-resisted|p2a: Ampharos
|-damage|p2a: Ampharos|264\/384
|
|-heal|p1a: Empoleon|145\/372|[from] item: Leftovers
|turn|9
|
|switch|p1a: Raikou|Raikou|322\/322
|-damage|p1a: Raikou|282\/322|[from] Stealth Rock
|-ability|p1a: Raikou|Pressure
|move|p2a: Ampharos|Volt Switch|p1a: Raikou
|-resisted|p1a: Raikou
|-damage|p1a: Raikou|207\/322
|join|OG_Wanka
|
|switch|p2a: Chandelure|Chandelure, F|261\/261
|-damage|p2a: Chandelure|196\/261|[from] Stealth Rock
|
|turn|10
|
|move|p2a: Chandelure|Fire Blast|p1a: Raikou|[miss]
|-miss|p2a: Chandelure|p1a: Raikou
|move|p1a: Raikou|Shadow Ball|p2a: Chandelure
|-supereffective|p2a: Chandelure
|-damage|p2a: Chandelure|0 fnt
|faint|p2a: Chandelure
|
|c|âULT Kitten|yawn
|
|switch|p2a: Suicune|Suicune|341\/341
|-damage|p2a: Suicune|299\/341|[from] Stealth Rock
|-ability|p2a: Suicune|Pressure
|turn|11
|
|switch|p1a: Victini|Victini|205\/341
|-damage|p1a: Victini|120\/341|[from] Stealth Rock
|move|p2a: Suicune|Calm Mind|p2a: Suicune
|-boost|p2a: Suicune|spa|1
|-boost|p2a: Suicune|spd|1
|
|-heal|p2a: Suicune|320\/341|[from] item: Leftovers
|turn|12
|
|switch|p2a: Ampharos|Ampharos-Mega, M|264\/384
|-damage|p2a: Ampharos|216\/384|[from] Stealth Rock
|-ability|p2a: Ampharos|Mold Breaker
|move|p1a: Victini|Bolt Strike|p2a: Ampharos
|-resisted|p2a: Ampharos
|-damage|p2a: Ampharos|176\/384
|
|turn|13
|
|switch|p1a: Empoleon|Empoleon, M|145\/372
|-damage|p1a: Empoleon|122\/372|[from] Stealth Rock
|move|p2a: Ampharos|Rest|p2a: Ampharos
|-status|p2a: Ampharos|slp
|-heal|p2a: Ampharos|384\/384 slp|[silent]
|-status|p2a: Ampharos|slp|[from] move: Rest
|
|-heal|p1a: Empoleon|145\/372|[from] item: Leftovers
|turn|14
|
|move|p1a: Empoleon|Defog|p2a: Ampharos
|-unboost|p2a: Ampharos|evasion|1
|-sideend|p2: ULT Kitten|Stealth Rock|[from] move: Defog|[of] p2a: Ampharos
|-sideend|p1: Wolfhead69|Stealth Rock|[from] move: Defog|[of] p1a: Empoleon
|cant|p2a: Ampharos|slp
|move|p2a: Ampharos|Sleep Talk|p2a: Ampharos
|move|p2a: Ampharos|Volt Switch|p1a: Empoleon|[from]Sleep Talk
|-supereffective|p1a: Empoleon
|-damage|p1a: Empoleon|0 fnt
|faint|p1a: Empoleon
|
|switch|p2a: Jirachi|Jirachi|341\/341
|
|
|switch|p1a: Victini|Victini|120\/341
|turn|15
|
|switch|p2a: Ampharos|Ampharos-Mega, M|384\/384 slp
|-ability|p2a: Ampharos|Mold Breaker
|move|p1a: Victini|V-create|p2a: Ampharos
|-resisted|p2a: Ampharos
|-damage|p2a: Ampharos|219\/384 slp
|-unboost|p1a: Victini|def|1
|-unboost|p1a: Victini|spd|1
|-unboost|p1a: Victini|spe|1
|
|turn|16
|
|switch|p1a: Hydreigon|Hydreigon, M|326\/326
|cant|p2a: Ampharos|slp
|move|p2a: Ampharos|Sleep Talk|p2a: Ampharos
|move|p2a: Ampharos|Rest|p2a: Ampharos|[from]Sleep Talk
|-fail|p2a: Ampharos
|
|turn|17
|
|switch|p2a: Togekiss|Togekiss, F|374\/374
|move|p1a: Hydreigon|Dark Pulse|p2a: Togekiss
|-resisted|p2a: Togekiss
|-damage|p2a: Togekiss|297\/374
|-damage|p1a: Hydreigon|294\/326|[from] item: Life Orb
|
|-heal|p2a: Togekiss|320\/374|[from] item: Leftovers
|turn|18
|
|switch|p1a: Raikou|Raikou|207\/322
|-ability|p1a: Raikou|Pressure
|switch|p2a: Ampharos|Ampharos-Mega, M|219\/384 slp
|-ability|p2a: Ampharos|Mold Breaker
|
|turn|19
|
|move|p1a: Raikou|Hidden Power|p2a: Ampharos
|-supereffective|p2a: Ampharos
|-damage|p2a: Ampharos|43\/384 slp
|-curestatus|p2a: Ampharos|slp
|move|p2a: Ampharos|Dragon Pulse|p1a: Raikou
|-damage|p1a: Raikou|50\/322
|
|turn|20
|
|switch|p1a: Victini|Victini|120\/341
|switch|p2a: Suicune|Suicune|320\/341
|-ability|p2a: Suicune|Pressure
|
|-heal|p2a: Suicune|341\/341|[from] item: Leftovers
|turn|21
|join|LiberalLucario
|
|switch|p2a: Jirachi|Jirachi|341\/341
|move|p1a: Victini|Bolt Strike|p2a: Jirachi
|-damage|p2a: Jirachi|137\/341
|-status|p2a: Jirachi|par
|
|-heal|p2a: Jirachi|158\/341 par|[from] item: Leftovers
|turn|22
|
|move|p1a: Victini|Bolt Strike|p2a: Jirachi
|-damage|p2a: Jirachi|0 fnt
|faint|p2a: Jirachi
|
|
|switch|p2a: Ampharos|Ampharos-Mega, M|43\/384
|-ability|p2a: Ampharos|Mold Breaker
|turn|23
|
|move|p1a: Victini|Bolt Strike|p2a: Ampharos
|-resisted|p2a: Ampharos
|-damage|p2a: Ampharos|2\/384
|move|p2a: Ampharos|Rest|p2a: Ampharos
|-status|p2a: Ampharos|slp
|-heal|p2a: Ampharos|384\/384 slp|[silent]
|-status|p2a: Ampharos|slp|[from] move: Rest
|
|turn|24
|
|switch|p1a: Lucario|Lucario, F|282\/282
|cant|p2a: Ampharos|slp
|move|p2a: Ampharos|Sleep Talk|p2a: Ampharos
|move|p2a: Ampharos|Rest|p2a: Ampharos|[from]Sleep Talk
|-fail|p2a: Ampharos
|
|turn|25
|
|move|p1a: Lucario|Close Combat|p2a: Ampharos
|-damage|p2a: Ampharos|199\/384 slp
|-unboost|p1a: Lucario|def|1
|-unboost|p1a: Lucario|spd|1
|-damage|p1a: Lucario|254\/282|[from] item: Life Orb
|cant|p2a: Ampharos|slp
|move|p2a: Ampharos|Sleep Talk|p2a: Ampharos
|move|p2a: Ampharos|Rest|p2a: Ampharos|[from]Sleep Talk
|-fail|p2a: Ampharos
|
|turn|26
|c|âULT Kitten|sigh
|
|move|p1a: Lucario|Close Combat|p2a: Ampharos
|-damage|p2a: Ampharos|0 fnt
|-unboost|p1a: Lucario|def|1
|-unboost|p1a: Lucario|spd|1
|-damage|p1a: Lucario|226\/282|[from] item: Life Orb
|faint|p2a: Ampharos
|
|c|âULT Kitten|rolls
|c|âULT Kitten|gotta love it
|
|switch|p2a: Togekiss|Togekiss, F|320\/374
|turn|27
|
|switch|p1a: Hydreigon|Hydreigon, M|294\/326
|move|p2a: Togekiss|Air Slash|p1a: Hydreigon
|-damage|p1a: Hydreigon|189\/326
|
|-heal|p2a: Togekiss|343\/374|[from] item: Leftovers
|turn|28
|
|move|p1a: Hydreigon|Fire Blast|p2a: Togekiss
|-damage|p2a: Togekiss|207\/374
|-damage|p1a: Hydreigon|157\/326|[from] item: Life Orb
|move|p2a: Togekiss|Air Slash|p1a: Hydreigon
|-damage|p1a: Hydreigon|49\/326
|
|-heal|p2a: Togekiss|230\/374|[from] item: Leftovers
|turn|29
|
|move|p1a: Hydreigon|Fire Blast|p2a: Togekiss
|-damage|p2a: Togekiss|74\/374
|-damage|p1a: Hydreigon|17\/326|[from] item: Life Orb
|move|p2a: Togekiss|Roost|p2a: Togekiss
|-heal|p2a: Togekiss|261\/374
|
|-heal|p2a: Togekiss|284\/374|[from] item: Leftovers
|turn|30
|
|switch|p1a: Raikou|Raikou|50\/322
|-ability|p1a: Raikou|Pressure
|move|p2a: Togekiss|Roost|p2a: Togekiss
|-heal|p2a: Togekiss|374\/374
|
|turn|31
|
|move|p1a: Raikou|Volt Switch|p2a: Togekiss
|-supereffective|p2a: Togekiss
|-damage|p2a: Togekiss|84\/374
|
|switch|p1a: Hydreigon|Hydreigon, M|17\/326
|move|p2a: Togekiss|Thunder Wave|p1a: Hydreigon
|-status|p1a: Hydreigon|par
|
|-heal|p2a: Togekiss|107\/374|[from] item: Leftovers
|turn|32
|
|move|p2a: Togekiss|Roost|p2a: Togekiss
|-heal|p2a: Togekiss|294\/374
|move|p1a: Hydreigon|Fire Blast|p2a: Togekiss
|-damage|p2a: Togekiss|134\/374
|-damage|p1a: Hydreigon|0 fnt|[from] item: Life Orb
|faint|p1a: Hydreigon
|
|-heal|p2a: Togekiss|157\/374|[from] item: Leftovers
|
|switch|p1a: Victini|Victini|120\/341
|turn|33
|
|move|p1a: Victini|Bolt Strike|p2a: Togekiss
|-supereffective|p2a: Togekiss
|-damage|p2a: Togekiss|0 fnt
|faint|p2a: Togekiss
|
|
|switch|p2a: Suicune|Suicune|341\/341
|-ability|p2a: Suicune|Pressure
|turn|34
|
|move|p1a: Victini|Bolt Strike|p2a: Suicune
|-supereffective|p2a: Suicune
|-damage|p2a: Suicune|0 fnt
|faint|p2a: Suicune
|
|win|Wolfhead69
|raw|Ladder updating...
|raw|Wolfhead69's rating: 1742 &rarr; <strong>1759<\/strong><br \/>(+17 for winning)
|raw|ULT Kitten's rating: 1688 &rarr; <strong>1671<\/strong><br \/>(-17 for losing)
|leave|ULT Kitten
|player|p2
|leave|Wolfhead69
|player|p1
|join|Colbrushie
|leave|Colbrushie
|leave|LiberalLucario
|join|epic4eternity
|leave|epic4eternity
|join|gobosox
|leave|gobosox
|join|Tipsy Russian
|leave|Tipsy Russian
|join|Bud Hertz
|leave|Bud Hertz
|join|Technosis
|leave|Technosis
|join|Tipsy Russian
|leave|Tipsy Russian
|join|Tipsy Russian
|leave|Tipsy Russian
|join|wtua
|leave|wtua
|join|wtua
|leave|wtua
|join|epic4eternity
|leave|epic4eternity
|join|Colbrushie
|leave|Colbrushie
|join|wtua
|leave|wtua
|join|viaw