|join|Wolfhead69
|join|Paleo
|player|p1|Wolfhead69|101
|player|p2|Paleo|121
|gametype|singles
|gen|6
|tier|UU
|rated
|rule|Sleep Clause Mod: Limit one foe put to sleep
|rule|Species Clause: Limit one of each PokÃ©mon
|rule|OHKO Clause: OHKO moves are banned
|rule|Moody Clause: Moody is banned
|rule|Evasion Moves Clause: Evasion moves are banned
|rule|Endless Battle Clause: Forcing endless battles is banned
|rule|HP Percentage Mod: HP is shown in percentages
|clearpoke
|poke|p1|Aerodactyl, M
|poke|p1|Hydreigon, M
|poke|p1|Raikou
|poke|p1|Victini
|poke|p1|Lucario, M
|poke|p1|Empoleon, F
|poke|p2|Nidoqueen, F
|poke|p2|Krookodile, M
|poke|p2|Alakazam, M
|poke|p2|Jirachi
|poke|p2|Hydreigon, F
|poke|p2|Ampharos, F
|rule|Swagger Clause: Swagger is banned
|rule|Baton Pass Clause: Limit one PokÃ©mon knowing Baton Pass
|teampreview
|c|âPaleo|hf
|c|âWolfhead69|u2
|
|start
|switch|p1a: Victini|Victini|341\/341
|switch|p2a: Krookodile|Krookodile, M|331\/331
|-ability|p2a: Krookodile|Intimidate|[of] p1a: Victini
|-unboost|p1a: Victini|atk|1
|turn|1
|
|move|p1a: Victini|U-turn|p2a: Krookodile
|-supereffective|p2a: Krookodile
|-damage|p2a: Krookodile|173\/331
|
|move|p2a: Krookodile|Pursuit|p1a: Victini|[from]Pursuit
|-supereffective|p1a: Victini
|-damage|p1a: Victini|0 fnt
|faint|p1a: Victini
|
|
|switch|p1a: Empoleon|Empoleon, F|372\/372
|turn|2
|
|switch|p2a: Nidoqueen|Nidoqueen, F|345\/345
|move|p1a: Empoleon|Stealth Rock|p2a: Nidoqueen
|-sidestart|p2: Paleo|move: Stealth Rock
|
|turn|3
|
|switch|p1a: Hydreigon|Hydreigon, M|326\/326
|move|p2a: Nidoqueen|Stealth Rock|p1a: Hydreigon
|-sidestart|p1: Wolfhead69|move: Stealth Rock
|
|turn|4
|
|switch|p2a: Krookodile|Krookodile, M|173\/331
|-damage|p2a: Krookodile|153\/331|[from] Stealth Rock
|-ability|p2a: Krookodile|Intimidate|[of] p1a: Hydreigon
|-unboost|p1a: Hydreigon|atk|1
|move|p1a: Hydreigon|Draco Meteor|p2a: Krookodile
|-damage|p2a: Krookodile|0 fnt
|-unboost|p1a: Hydreigon|spa|2
|-damage|p1a: Hydreigon|294\/326|[from] item: Life Orb
|faint|p2a: Krookodile
|
|
|switch|p2a: Jirachi|Jirachi|341\/341
|-damage|p2a: Jirachi|320\/341|[from] Stealth Rock
|turn|5
|
|move|p2a: Jirachi|U-turn|p1a: Hydreigon
|-supereffective|p1a: Hydreigon
|-damage|p1a: Hydreigon|138\/326
|
|switch|p2a: Hydreigon|Hydreigon, F|325\/325
|-damage|p2a: Hydreigon|285\/325|[from] Stealth Rock
|move|p1a: Hydreigon|Dark Pulse|p2a: Hydreigon
|-resisted|p2a: Hydreigon
|-damage|p2a: Hydreigon|236\/325
|-damage|p1a: Hydreigon|106\/326|[from] item: Life Orb
|
|turn|6
|
|switch|p2a: Jirachi|Jirachi|320\/341
|-damage|p2a: Jirachi|299\/341|[from] Stealth Rock
|move|p1a: Hydreigon|Superpower|p2a: Jirachi
|-damage|p2a: Jirachi|224\/341
|-unboost|p1a: Hydreigon|atk|1
|-unboost|p1a: Hydreigon|def|1
|-damage|p1a: Hydreigon|74\/326|[from] item: Life Orb
|
|turn|7
|
|move|p2a: Jirachi|U-turn|p1a: Hydreigon
|-supereffective|p1a: Hydreigon
|-damage|p1a: Hydreigon|0 fnt
|faint|p1a: Hydreigon
|
|switch|p2a: Ampharos|Ampharos, F|373\/373
|-damage|p2a: Ampharos|327\/373|[from] Stealth Rock
|
|
|switch|p1a: Raikou|Raikou|322\/322
|-damage|p1a: Raikou|282\/322|[from] Stealth Rock
|-ability|p1a: Raikou|Pressure
|turn|8
|
|detailschange|p2a: Ampharos|Ampharos-Mega, F
|message|Ampharos has Mega Evolved into Mega Ampharos!
|-ability|p2a: Ampharos|Mold Breaker
|move|p1a: Raikou|Hidden Power|p2a: Ampharos
|-supereffective|p2a: Ampharos
|-damage|p2a: Ampharos|149\/373
|move|p2a: Ampharos|Dragon Pulse|p1a: Raikou
|-damage|p1a: Raikou|75\/322
|
|turn|9
|
|switch|p1a: Empoleon|Empoleon, F|372\/372
|-damage|p1a: Empoleon|349\/372|[from] Stealth Rock
|switch|p2a: Jirachi|Jirachi|224\/341
|-damage|p2a: Jirachi|203\/341|[from] Stealth Rock
|
|-heal|p1a: Empoleon|372\/372|[from] item: Leftovers
|turn|10
|
|move|p2a: Jirachi|U-turn|p1a: Empoleon
|-resisted|p1a: Empoleon
|-damage|p1a: Empoleon|344\/372
|
|switch|p2a: Hydreigon|Hydreigon, F|236\/325
|-damage|p2a: Hydreigon|196\/325|[from] Stealth Rock
|move|p1a: Empoleon|Yawn|p2a: Hydreigon
|-start|p2a: Hydreigon|move: Yawn|[of] p1a: Empoleon
|
|-heal|p1a: Empoleon|367\/372|[from] item: Leftovers
|turn|11
|
|move|p2a: Hydreigon|Superpower|p1a: Empoleon
|-supereffective|p1a: Empoleon
|-damage|p1a: Empoleon|154\/372
|-unboost|p2a: Hydreigon|atk|1
|-unboost|p2a: Hydreigon|def|1
|-damage|p2a: Hydreigon|164\/325|[from] item: Life Orb
|move|p1a: Empoleon|Defog|p2a: Hydreigon
|-unboost|p2a: Hydreigon|evasion|1
|-sideend|p2: Paleo|Stealth Rock|[from] move: Defog|[of] p2a: Hydreigon
|-sideend|p1: Wolfhead69|Stealth Rock|[from] move: Defog|[of] p1a: Empoleon
|
|-status|p2a: Hydreigon|slp
|-heal|p1a: Empoleon|177\/372|[from] item: Leftovers
|turn|12
|
|switch|p2a: Nidoqueen|Nidoqueen, F|345\/345
|move|p1a: Empoleon|Stealth Rock|p2a: Nidoqueen
|-sidestart|p2: Paleo|move: Stealth Rock
|
|-heal|p1a: Empoleon|200\/372|[from] item: Leftovers
|turn|13
|
|move|p2a: Nidoqueen|Earth Power|p1a: Empoleon
|-supereffective|p1a: Empoleon
|-damage|p1a: Empoleon|0 fnt
|faint|p1a: Empoleon
|
|
|switch|p1a: Aerodactyl|Aerodactyl, M|302\/302
|-ability|p1a: Aerodactyl|Pressure
|turn|14
|
|switch|p2a: Hydreigon|Hydreigon, F|164\/325 slp
|-damage|p2a: Hydreigon|124\/325 slp|[from] Stealth Rock
|detailschange|p1a: Aerodactyl|Aerodactyl-Mega, M
|message|Aerodactyl has Mega Evolved into Mega Aerodactyl!
|move|p1a: Aerodactyl|Earthquake|p2a: Hydreigon
|-immune|p2a: Hydreigon|[msg]
|
|turn|15
|
|move|p1a: Aerodactyl|Hone Claws|p1a: Aerodactyl
|-boost|p1a: Aerodactyl|atk|1
|-boost|p1a: Aerodactyl|accuracy|1
|cant|p2a: Hydreigon|slp
|
|turn|16
|
|move|p1a: Aerodactyl|Hone Claws|p1a: Aerodactyl
|-boost|p1a: Aerodactyl|atk|1
|-boost|p1a: Aerodactyl|accuracy|1
|cant|p2a: Hydreigon|slp
|
|turn|17
|
|move|p1a: Aerodactyl|Aerial Ace|p2a: Hydreigon
|-damage|p2a: Hydreigon|0 fnt
|faint|p2a: Hydreigon
|
|
|switch|p2a: Jirachi|Jirachi|203\/341
|-damage|p2a: Jirachi|182\/341|[from] Stealth Rock
|turn|18
|
|move|p2a: Jirachi|Iron Head|p1a: Aerodactyl
|-supereffective|p1a: Aerodactyl
|-damage|p1a: Aerodactyl|50\/302
|cant|p1a: Aerodactyl|flinch
|
|turn|19
|
|switch|p1a: Lucario|Lucario, M|282\/282
|move|p2a: Jirachi|Iron Head|p1a: Lucario
|-resisted|p1a: Lucario
|-damage|p1a: Lucario|203\/282
|
|turn|20
|
|switch|p2a: Ampharos|Ampharos-Mega, F|149\/373
|-damage|p2a: Ampharos|103\/373|[from] Stealth Rock
|-ability|p2a: Ampharos|Mold Breaker
|move|p1a: Lucario|Swords Dance|p1a: Lucario
|-boost|p1a: Lucario|atk|2
|
|turn|21
|
|move|p1a: Lucario|Extreme Speed|p2a: Ampharos
|-damage|p2a: Ampharos|0 fnt
|-damage|p1a: Lucario|175\/282|[from] item: Life Orb
|faint|p2a: Ampharos
|
|
|switch|p2a: Alakazam|Alakazam, M|251\/251
|turn|22
|
|move|p1a: Lucario|Extreme Speed|p2a: Alakazam
|-enditem|p2a: Alakazam|Focus Sash
|-damage|p2a: Alakazam|1\/251
|-damage|p1a: Lucario|147\/282|[from] item: Life Orb
|move|p2a: Alakazam|Psyshock|p1a: Lucario
|-damage|p1a: Lucario|0 fnt
|faint|p1a: Lucario
|
|
|switch|p1a: Aerodactyl|Aerodactyl-Mega, M|50\/302
|turn|23
|
|move|p1a: Aerodactyl|Aerial Ace|p2a: Alakazam
|-crit|p2a: Alakazam
|-damage|p2a: Alakazam|0 fnt
|faint|p2a: Alakazam
|
|
|switch|p2a: Jirachi|Jirachi|182\/341
|-damage|p2a: Jirachi|161\/341|[from] Stealth Rock
|turn|24
|
|move|p2a: Jirachi|Iron Head|p1a: Aerodactyl
|-supereffective|p1a: Aerodactyl
|-damage|p1a: Aerodactyl|0 fnt
|faint|p1a: Aerodactyl
|
|
|switch|p1a: Raikou|Raikou|75\/322
|-ability|p1a: Raikou|Pressure
|turn|25
|
|move|p2a: Jirachi|Iron Head|p1a: Raikou
|-resisted|p1a: Raikou
|-damage|p1a: Raikou|3\/322
|move|p1a: Raikou|Shadow Ball|p2a: Jirachi
|-supereffective|p2a: Jirachi
|-damage|p2a: Jirachi|0 fnt
|faint|p2a: Jirachi
|
|
|switch|p2a: Nidoqueen|Nidoqueen, F|345\/345
|-damage|p2a: Nidoqueen|324\/345|[from] Stealth Rock
|turn|26
|
|move|p1a: Raikou|Shadow Ball|p2a: Nidoqueen
|-damage|p2a: Nidoqueen|172\/345
|move|p2a: Nidoqueen|Earth Power|p1a: Raikou
|-supereffective|p1a: Raikou
|-damage|p1a: Raikou|0 fnt
|faint|p1a: Raikou
|
|win|Paleo
|raw|Ladder updating...
|raw|Wolfhead69's rating: 1717 &rarr; <strong>1690<\/strong><br \/>(-27 for losing)
|raw|Paleo's rating: 1595 &rarr; <strong>1622<\/strong><br \/>(+27 for winning)
|c|âPaleo|gg
|leave|Paleo
|player|p2
|c|âWolfhead69|gg
|leave|Wolfhead69
|player|p1
|join|Paleo