|join|Wolfhead69
|join|bouff
|player|p1|Wolfhead69|265
|player|p2|bouff|15
|gametype|singles
|gen|6
|tier|UU
|rated
|rule|Sleep Clause Mod: Limit one foe put to sleep
|rule|Species Clause: Limit one of each PokÃ©mon
|rule|OHKO Clause: OHKO moves are banned
|rule|Moody Clause: Moody is banned
|rule|Evasion Moves Clause: Evasion moves are banned
|rule|Endless Battle Clause: Forcing endless battles is banned
|rule|HP Percentage Mod: HP is shown in percentages
|clearpoke
|poke|p1|Aerodactyl, F
|poke|p1|Lucario, F
|poke|p1|Chandelure, M
|poke|p1|Galvantula, F
|poke|p1|Donphan, M
|poke|p1|Empoleon, F
|poke|p2|Gligar, F
|poke|p2|Umbreon, M
|poke|p2|Suicune
|poke|p2|Lopunny, M
|poke|p2|Klefki, F
|poke|p2|Salamence, F
|rule|Swagger Clause: Swagger is banned
|rule|Baton Pass Clause: Limit one PokÃ©mon knowing Baton Pass
|teampreview
|
|start
|switch|p1a: Donphan|Donphan, M|384\/384
|switch|p2a: Lopunny|Lopunny, M|272\/272
|turn|1
|join|bellicoster
|join|Vaporeon for Ubers
|join|sweet smoke
|
|detailschange|p2a: Lopunny|Lopunny-Mega, M
|message|Lopunny has Mega Evolved into Mega Lopunny!
|move|p2a: Lopunny|Fake Out|p1a: Donphan
|-damage|p1a: Donphan|321\/384
|cant|p1a: Donphan|flinch
|
|-heal|p1a: Donphan|345\/384|[from] item: Leftovers
|turn|2
|
|switch|p2a: Suicune|Suicune|342\/342
|-ability|p2a: Suicune|Pressure
|move|p1a: Donphan|Knock Off|p2a: Suicune
|-damage|p2a: Suicune|236\/342
|-enditem|p2a: Suicune|Leftovers|[from] move: Knock Off|[of] p1a: Donphan
|
|-heal|p1a: Donphan|369\/384|[from] item: Leftovers
|turn|3
|
|switch|p2a: Lopunny|Lopunny-Mega, M|272\/272
|switch|p1a: Galvantula|Galvantula, F|282\/282
|
|turn|4
|
|switch|p1a: Chandelure|Chandelure, M|261\/261
|move|p2a: Lopunny|Return|p1a: Chandelure
|-damage|p1a: Chandelure|68\/261
|
|turn|5
|
|switch|p2a: Salamence|Salamence, F|331\/331
|move|p1a: Chandelure|Fire Blast|p2a: Salamence
|-resisted|p2a: Salamence
|-damage|p2a: Salamence|211\/331
|
|turn|6
|
|switch|p2a: Suicune|Suicune|236\/342
|-ability|p2a: Suicune|Pressure
|switch|p1a: Donphan|Donphan, M|369\/384
|
|-heal|p1a: Donphan|384\/384|[from] item: Leftovers
|turn|7
|
|switch|p1a: Galvantula|Galvantula, F|282\/282
|move|p2a: Suicune|Scald|p1a: Galvantula
|-damage|p1a: Galvantula|105\/282
|
|turn|8
|
|switch|p2a: Gligar|Gligar, F|333\/333
|move|p1a: Galvantula|Sticky Web|p2a: Gligar
|-sidestart|p2: bouff|move: Sticky Web
|
|turn|9
|
|move|p1a: Galvantula|Giga Drain|p2a: Gligar
|-damage|p2a: Gligar|269\/333
|-heal|p1a: Galvantula|137\/282|[from] drain|[of] p2a: Gligar
|move|p2a: Gligar|Stealth Rock|p1a: Galvantula
|-sidestart|p1: Wolfhead69|move: Stealth Rock
|
|turn|10
|
|switch|p1a: Donphan|Donphan, M|384\/384
|-damage|p1a: Donphan|360\/384|[from] Stealth Rock
|move|p2a: Gligar|Earthquake|p1a: Donphan
|-damage|p1a: Donphan|284\/384
|
|-heal|p1a: Donphan|308\/384|[from] item: Leftovers
|turn|11
|
|move|p2a: Gligar|U-turn|p1a: Donphan
|-damage|p1a: Donphan|272\/384
|
|switch|p2a: Suicune|Suicune|236\/342
|-activate|p2a: Suicune|move: Sticky Web
|-unboost|p2a: Suicune|spe|1
|-ability|p2a: Suicune|Pressure
|move|p1a: Donphan|Rapid Spin|p2a: Suicune
|-damage|p2a: Suicune|214\/342
|-sideend|p1: Wolfhead69|Stealth Rock|[from] move: Rapid Spin|[of] p1a: Donphan
|
|-heal|p1a: Donphan|296\/384|[from] item: Leftovers
|turn|12
|c| bellicoster|insert random web meme
|
|switch|p1a: Empoleon|Empoleon, F|372\/372
|move|p2a: Suicune|Scald|p1a: Empoleon
|-resisted|p1a: Empoleon
|-damage|p1a: Empoleon|314\/372
|
|-heal|p1a: Empoleon|337\/372|[from] item: Leftovers
|turn|13
|
|move|p2a: Suicune|Scald|p1a: Empoleon
|-resisted|p1a: Empoleon
|-damage|p1a: Empoleon|272\/372
|move|p1a: Empoleon|Yawn|p2a: Suicune
|-start|p2a: Suicune|move: Yawn|[of] p1a: Empoleon
|
|-heal|p1a: Empoleon|295\/372|[from] item: Leftovers
|turn|14
|
|switch|p2a: Umbreon|Umbreon, M|394\/394
|-activate|p2a: Umbreon|move: Sticky Web
|-unboost|p2a: Umbreon|spe|1
|move|p1a: Empoleon|Stealth Rock|p2a: Umbreon
|-sidestart|p2: bouff|move: Stealth Rock
|
|-heal|p1a: Empoleon|318\/372|[from] item: Leftovers
|turn|15
|
|move|p1a: Empoleon|Yawn|p2a: Umbreon
|-start|p2a: Umbreon|move: Yawn|[of] p1a: Empoleon
|move|p2a: Umbreon|Wish|p2a: Umbreon
|
|-heal|p1a: Empoleon|341\/372|[from] item: Leftovers
|turn|16
|
|switch|p2a: Suicune|Suicune|214\/342
|-damage|p2a: Suicune|172\/342|[from] Stealth Rock
|-activate|p2a: Suicune|move: Sticky Web
|-unboost|p2a: Suicune|spe|1
|-ability|p2a: Suicune|Pressure
|move|p1a: Empoleon|Yawn|p2a: Suicune
|-start|p2a: Suicune|move: Yawn|[of] p1a: Empoleon
|
|-heal|p2a: Suicune|342\/342|[from] move: Wish|[wisher] Umbreon
|-heal|p1a: Empoleon|364\/372|[from] item: Leftovers
|turn|17
|
|switch|p2a: Umbreon|Umbreon, M|394\/394
|-activate|p2a: Umbreon|move: Sticky Web
|-unboost|p2a: Umbreon|spe|1
|-damage|p2a: Umbreon|345\/394|[from] Stealth Rock
|switch|p1a: Galvantula|Galvantula, F|137\/282
|
|-heal|p2a: Umbreon|369\/394|[from] item: Leftovers
|turn|18
|
|switch|p2a: Gligar|Gligar, F|269\/333
|-damage|p2a: Gligar|228\/333|[from] Stealth Rock
|move|p1a: Galvantula|Bug Buzz|p2a: Gligar
|-resisted|p2a: Gligar
|-damage|p2a: Gligar|170\/333
|
|turn|19
|
|switch|p1a: Donphan|Donphan, M|296\/384
|move|p2a: Gligar|U-turn|p1a: Donphan
|-damage|p1a: Donphan|261\/384
|
|switch|p2a: Suicune|Suicune|342\/342
|-activate|p2a: Suicune|move: Sticky Web
|-unboost|p2a: Suicune|spe|1
|-damage|p2a: Suicune|300\/342|[from] Stealth Rock
|-ability|p2a: Suicune|Pressure
|
|-heal|p1a: Donphan|285\/384|[from] item: Leftovers
|turn|20
|
|move|p2a: Suicune|Substitute|p2a: Suicune
|-start|p2a: Suicune|Substitute
|-damage|p2a: Suicune|215\/342
|move|p1a: Donphan|Earthquake|p2a: Suicune
|-end|p2a: Suicune|Substitute
|
|-heal|p1a: Donphan|309\/384|[from] item: Leftovers
|turn|21
|
|move|p2a: Suicune|Substitute|p2a: Suicune
|-start|p2a: Suicune|Substitute
|-damage|p2a: Suicune|130\/342
|move|p1a: Donphan|Earthquake|p2a: Suicune
|-end|p2a: Suicune|Substitute
|
|-heal|p1a: Donphan|333\/384|[from] item: Leftovers
|turn|22
|
|move|p2a: Suicune|Scald|p1a: Donphan
|-supereffective|p1a: Donphan
|-damage|p1a: Donphan|0 fnt
|faint|p1a: Donphan
|
|join|Alldaalts
|
|switch|p1a: Galvantula|Galvantula, F|137\/282
|turn|23
|
|switch|p2a: Gligar|Gligar, F|170\/333
|-damage|p2a: Gligar|129\/333|[from] Stealth Rock
|move|p1a: Galvantula|Giga Drain|p2a: Gligar
|-damage|p2a: Gligar|55\/333
|-heal|p1a: Galvantula|174\/282|[from] drain|[of] p2a: Gligar
|
|turn|24
|join|Breeloom
|
|move|p1a: Galvantula|Giga Drain|p2a: Gligar
|-damage|p2a: Gligar|0 fnt
|-heal|p1a: Galvantula|202\/282|[from] drain|[of] p2a: Gligar
|faint|p2a: Gligar
|
|leave|Breeloom
|
|switch|p2a: Salamence|Salamence, F|211\/331
|-damage|p2a: Salamence|129\/331|[from] Stealth Rock
|turn|25
|
|move|p2a: Salamence|Dragon Claw|p1a: Galvantula
|-damage|p1a: Galvantula|0 fnt
|faint|p1a: Galvantula
|-boost|p2a: Salamence|atk|1|[from] ability: Moxie
|
|
|switch|p1a: Lucario|Lucario, F|282\/282
|turn|26
|
|move|p1a: Lucario|Extreme Speed|p2a: Salamence
|-damage|p2a: Salamence|0 fnt
|-damage|p1a: Lucario|254\/282|[from] item: Life Orb
|faint|p2a: Salamence
|
|
|switch|p2a: Klefki|Klefki, F|318\/318
|-activate|p2a: Klefki|move: Sticky Web
|-unboost|p2a: Klefki|spe|1
|-damage|p2a: Klefki|299\/318|[from] Stealth Rock
|turn|27
|
|switch|p1a: Chandelure|Chandelure, M|68\/261
|move|p2a: Klefki|Thunder Wave|p1a: Chandelure
|-status|p1a: Chandelure|par
|
|-heal|p2a: Klefki|318\/318|[from] item: Leftovers
|turn|28
|
|switch|p2a: Suicune|Suicune|130\/342
|-damage|p2a: Suicune|88\/342|[from] Stealth Rock
|-activate|p2a: Suicune|move: Sticky Web
|-unboost|p2a: Suicune|spe|1
|-ability|p2a: Suicune|Pressure
|cant|p1a: Chandelure|par
|
|turn|29
|c| Vaporeon for Ubers|ahh skill!
|
|move|p2a: Suicune|Scald|p1a: Chandelure
|-supereffective|p1a: Chandelure
|-damage|p1a: Chandelure|0 fnt
|faint|p1a: Chandelure
|
|c|âbouff|mexikeys
|
|switch|p1a: Lucario|Lucario, F|254\/282
|turn|30
|
|move|p1a: Lucario|Close Combat|p2a: Suicune
|-damage|p2a: Suicune|0 fnt
|-unboost|p1a: Lucario|def|1
|-unboost|p1a: Lucario|spd|1
|-damage|p1a: Lucario|226\/282|[from] item: Life Orb
|faint|p2a: Suicune
|
|
|switch|p2a: Klefki|Klefki, F|318\/318
|-activate|p2a: Klefki|move: Sticky Web
|-unboost|p2a: Klefki|spe|1
|-damage|p2a: Klefki|299\/318|[from] Stealth Rock
|turn|31
|
|switch|p1a: Empoleon|Empoleon, F|364\/372
|move|p2a: Klefki|Thunder Wave|p1a: Empoleon
|-status|p1a: Empoleon|par
|
|-heal|p2a: Klefki|318\/318|[from] item: Leftovers
|-heal|p1a: Empoleon|372\/372 par|[from] item: Leftovers
|turn|32
|
|switch|p2a: Umbreon|Umbreon, M|369\/394
|-damage|p2a: Umbreon|320\/394|[from] Stealth Rock
|-activate|p2a: Umbreon|move: Sticky Web
|-unboost|p2a: Umbreon|spe|1
|cant|p1a: Empoleon|par
|
|-heal|p2a: Umbreon|344\/394|[from] item: Leftovers
|turn|33
|
|switch|p2a: Lopunny|Lopunny-Mega, M|272\/272
|-activate|p2a: Lopunny|move: Sticky Web
|-unboost|p2a: Lopunny|spe|1
|-damage|p2a: Lopunny|255\/272|[from] Stealth Rock
|move|p1a: Empoleon|Yawn|p2a: Lopunny
|-start|p2a: Lopunny|move: Yawn|[of] p1a: Empoleon
|
|turn|34
|
|move|p2a: Lopunny|High Jump Kick|p1a: Empoleon|[miss]
|-miss|p2a: Lopunny|p1a: Empoleon
|-damage|p2a: Lopunny|119\/272|[from] highjumpkick
|cant|p1a: Empoleon|par
|
|-status|p2a: Lopunny|slp
|turn|35
|c| Vaporeon for Ubers|ahhhhhhh
|c|âbouff|nice
|
|switch|p2a: Umbreon|Umbreon, M|344\/394
|-damage|p2a: Umbreon|295\/394|[from] Stealth Rock
|-activate|p2a: Umbreon|move: Sticky Web
|-unboost|p2a: Umbreon|spe|1
|cant|p1a: Empoleon|par
|
|-heal|p2a: Umbreon|319\/394|[from] item: Leftovers
|turn|36
|c| Vaporeon for Ubers|o u t s k i l l e d
|
|switch|p1a: Lucario|Lucario, F|226\/282
|move|p2a: Umbreon|Heal Bell|p2a: Umbreon
|-cureteam|p2a: Umbreon|[from] move: HealBell
|
|-heal|p2a: Umbreon|343\/394|[from] item: Leftovers
|turn|37
|
|move|p1a: Lucario|Close Combat|p2a: Umbreon
|-supereffective|p2a: Umbreon
|-damage|p2a: Umbreon|0 fnt
|-unboost|p1a: Lucario|def|1
|-unboost|p1a: Lucario|spd|1
|-damage|p1a: Lucario|198\/282|[from] item: Life Orb
|faint|p2a: Umbreon
|
|
|switch|p2a: Klefki|Klefki, F|318\/318
|-damage|p2a: Klefki|299\/318|[from] Stealth Rock
|-activate|p2a: Klefki|move: Sticky Web
|-unboost|p2a: Klefki|spe|1
|turn|38
|
|switch|p1a: Empoleon|Empoleon, F|372\/372 par
|move|p2a: Klefki|Spikes|p1a: Empoleon
|-sidestart|p1: Wolfhead69|Spikes
|
|-heal|p2a: Klefki|318\/318|[from] item: Leftovers
|turn|39
|
|switch|p2a: Lopunny|Lopunny-Mega, M|119\/272
|-activate|p2a: Lopunny|move: Sticky Web
|-unboost|p2a: Lopunny|spe|1
|-damage|p2a: Lopunny|102\/272|[from] Stealth Rock
|cant|p1a: Empoleon|par
|
|turn|40
|c| Vaporeon for Ubers|ahhhhh all this skill
|
|move|p2a: Lopunny|High Jump Kick|p1a: Empoleon
|-supereffective|p1a: Empoleon
|-damage|p1a: Empoleon|0 fnt
|faint|p1a: Empoleon
|
|
|switch|p1a: Aerodactyl|Aerodactyl, F|302\/302
|-ability|p1a: Aerodactyl|Pressure
|turn|41
|
|detailschange|p1a: Aerodactyl|Aerodactyl-Mega, F
|message|Aerodactyl has Mega Evolved into Mega Aerodactyl!
|move|p1a: Aerodactyl|Earthquake|p2a: Lopunny
|-damage|p2a: Lopunny|0 fnt
|faint|p2a: Lopunny
|
|
|switch|p2a: Klefki|Klefki, F|318\/318
|-activate|p2a: Klefki|move: Sticky Web
|-unboost|p2a: Klefki|spe|1
|-damage|p2a: Klefki|299\/318|[from] Stealth Rock
|turn|42
|
|move|p2a: Klefki|Thunder Wave|p1a: Aerodactyl
|-status|p1a: Aerodactyl|par
|cant|p1a: Aerodactyl|par
|
|-heal|p2a: Klefki|318\/318|[from] item: Leftovers
|turn|43
|c|âbouff|PLS
|c|âbouff|MEXERINO
|
|move|p2a: Klefki|Flash Cannon|p1a: Aerodactyl
|-supereffective|p1a: Aerodactyl
|-damage|p1a: Aerodactyl|150\/302 par
|move|p1a: Aerodactyl|Earthquake|p2a: Klefki
|-supereffective|p2a: Klefki
|-damage|p2a: Klefki|138\/318
|
|-heal|p2a: Klefki|157\/318|[from] item: Leftovers
|turn|44
|
|move|p2a: Klefki|Flash Cannon|p1a: Aerodactyl
|-supereffective|p1a: Aerodactyl
|-damage|p1a: Aerodactyl|0 fnt
|faint|p1a: Aerodactyl
|
|-heal|p2a: Klefki|176\/318|[from] item: Leftovers
|
|switch|p1a: Lucario|Lucario, F|198\/282
|-damage|p1a: Lucario|163\/282|[from] Spikes
|turn|45
|
|move|p2a: Klefki|Thunder Wave|p1a: Lucario
|-status|p1a: Lucario|par
|move|p1a: Lucario|Close Combat|p2a: Klefki
|-damage|p2a: Klefki|0 fnt
|-unboost|p1a: Lucario|def|1
|-unboost|p1a: Lucario|spd|1
|-damage|p1a: Lucario|135\/282 par|[from] item: Life Orb
|faint|p2a: Klefki
|
|win|Wolfhead69
|raw|Ladder updating...
|c|âbouff|smh
|raw|Wolfhead69's rating: 1487 &rarr; <strong>1499<\/strong><br \/>(+12 for winning)
|raw|bouff's rating: 1334 &rarr; <strong>1322<\/strong><br \/>(-12 for losing)
|c|âbouff|why am i
|leave|Alldaalts
|c|âbouff|contributing to trhis kids success l m o p
|leave|bouff
|player|p2
|leave|Wolfhead69
|player|p1
|leave|bellicoster
|leave|sweet smoke
|join|Alldaalts
|join|R34peh1fy
|leave|R34peh1fy
|join|rikkiness
|c| rikkiness|hey vap