|join|Wolfhead69
|join|viaw
|player|p1|Wolfhead69|265
|player|p2|viaw|183
|gametype|singles
|gen|6
|tier|UU
|rated
|rule|Sleep Clause Mod: Limit one foe put to sleep
|rule|Species Clause: Limit one of each PokÃ©mon
|rule|OHKO Clause: OHKO moves are banned
|rule|Moody Clause: Moody is banned
|rule|Evasion Moves Clause: Evasion moves are banned
|rule|Endless Battle Clause: Forcing endless battles is banned
|rule|HP Percentage Mod: HP is shown in percentages
|clearpoke
|poke|p1|Aerodactyl, F
|poke|p1|Hydreigon, M
|poke|p1|Raikou
|poke|p1|Victini
|poke|p1|Lucario, M
|poke|p1|Empoleon, M
|poke|p2|Cobalion
|poke|p2|Togekiss, M
|poke|p2|Alomomola, M, shiny
|poke|p2|Hippowdon, M, shiny
|poke|p2|Jirachi
|poke|p2|Ampharos, M
|rule|Swagger Clause: Swagger is banned
|rule|Baton Pass Clause: Limit one PokÃ©mon knowing Baton Pass
|teampreview
|c|âviaw|oh
|c|âviaw|its u
|c|âviaw|glhf
|c|âWolfhead69|u2
|
|start
|switch|p1a: Hydreigon|Hydreigon, M|326\/326
|switch|p2a: hiphop ~katsu~ don|Hippowdon, M, shiny|420\/420
|turn|1
|
|move|p1a: Hydreigon|Dark Pulse|p2a: hiphop ~katsu~ don
|-damage|p2a: hiphop ~katsu~ don|256\/420
|-damage|p1a: Hydreigon|294\/326|[from] item: Life Orb
|move|p2a: hiphop ~katsu~ don|Stealth Rock|p1a: Hydreigon
|-sidestart|p1: Wolfhead69|move: Stealth Rock
|
|-heal|p2a: hiphop ~katsu~ don|282\/420|[from] item: Leftovers
|turn|2
|join|Bob the Bro
|
|switch|p1a: Empoleon|Empoleon, M|372\/372
|-damage|p1a: Empoleon|349\/372|[from] Stealth Rock
|move|p2a: hiphop ~katsu~ don|Slack Off|p2a: hiphop ~katsu~ don
|-heal|p2a: hiphop ~katsu~ don|420\/420
|
|-heal|p1a: Empoleon|372\/372|[from] item: Leftovers
|turn|3
|
|switch|p2a: kawaii as fuck|Cobalion|324\/324
|move|p1a: Empoleon|Scald|p2a: kawaii as fuck
|-damage|p2a: kawaii as fuck|197\/324
|
|-heal|p2a: kawaii as fuck|217\/324|[from] item: Leftovers
|turn|4
|
|move|p2a: kawaii as fuck|Substitute|p2a: kawaii as fuck
|-start|p2a: kawaii as fuck|Substitute
|-damage|p2a: kawaii as fuck|136\/324
|move|p1a: Empoleon|Defog|p2a: kawaii as fuck
|-sideend|p1: Wolfhead69|Stealth Rock|[from] move: Defog|[of] p1a: Empoleon
|
|-heal|p2a: kawaii as fuck|156\/324|[from] item: Leftovers
|turn|5
|
|move|p2a: kawaii as fuck|Swords Dance|p2a: kawaii as fuck
|-boost|p2a: kawaii as fuck|atk|2
|move|p1a: Empoleon|Scald|p2a: kawaii as fuck
|-crit|p2a: kawaii as fuck
|-end|p2a: kawaii as fuck|Substitute
|
|-heal|p2a: kawaii as fuck|176\/324|[from] item: Leftovers
|turn|6
|
|switch|p1a: Victini|Victini|341\/341
|move|p2a: kawaii as fuck|Close Combat|p1a: Victini
|-resisted|p1a: Victini
|-damage|p1a: Victini|161\/341
|-unboost|p2a: kawaii as fuck|def|1
|-unboost|p2a: kawaii as fuck|spd|1
|
|-heal|p2a: kawaii as fuck|196\/324|[from] item: Leftovers
|turn|7
|c|âviaw|i swear that
|c|âviaw|you're banded
|
|move|p2a: kawaii as fuck|Close Combat|p1a: Victini
|-resisted|p1a: Victini
|-damage|p1a: Victini|0 fnt
|-unboost|p2a: kawaii as fuck|def|1
|-unboost|p2a: kawaii as fuck|spd|1
|faint|p1a: Victini
|
|-heal|p2a: kawaii as fuck|216\/324|[from] item: Leftovers
|c|âviaw|ye
|
|switch|p1a: Aerodactyl|Aerodactyl, F|302\/302
|-ability|p1a: Aerodactyl|Pressure
|turn|8
|
|switch|p2a: hug me pls|Alomomola, M, shiny|534\/534
|detailschange|p1a: Aerodactyl|Aerodactyl-Mega, F
|message|Aerodactyl has Mega Evolved into Mega Aerodactyl!
|move|p1a: Aerodactyl|Earthquake|p2a: hug me pls
|-damage|p2a: hug me pls|425\/534
|
|-heal|p2a: hug me pls|458\/534|[from] item: Leftovers
|turn|9
|
|switch|p1a: Empoleon|Empoleon, M|372\/372
|move|p2a: hug me pls|Wish|p2a: hug me pls
|
|-heal|p2a: hug me pls|491\/534|[from] item: Leftovers
|turn|10
|
|switch|p2a: kawaii as fuck|Cobalion|216\/324
|move|p1a: Empoleon|Scald|p2a: kawaii as fuck
|-damage|p2a: kawaii as fuck|69\/324
|
|-heal|p2a: kawaii as fuck|324\/324|[from] move: Wish|[wisher] hug me pls
|turn|11
|
|move|p2a: kawaii as fuck|Close Combat|p1a: Empoleon
|-supereffective|p1a: Empoleon
|-damage|p1a: Empoleon|94\/372
|-unboost|p2a: kawaii as fuck|def|1
|-unboost|p2a: kawaii as fuck|spd|1
|move|p1a: Empoleon|Scald|p2a: kawaii as fuck
|-damage|p2a: kawaii as fuck|0 fnt
|faint|p2a: kawaii as fuck
|
|-heal|p1a: Empoleon|117\/372|[from] item: Leftovers
|join|Thisbemyalt
|c|âviaw|how did that go from 45% to 100%
|c|âviaw|xD
|leave|Thisbemyalt
|c|âWolfhead69|torrent
|c|âviaw|thx
|
|switch|p2a: hugs|Ampharos, M|384\/384
|turn|12
|c|âWolfhead69|plus close combat
|c|âviaw|ye 
|c|âviaw|i forgot torrent
|
|detailschange|p2a: hugs|Ampharos-Mega, M
|message|Ampharos has Mega Evolved into Mega Ampharos!
|-ability|p2a: hugs|Mold Breaker
|move|p1a: Empoleon|Stealth Rock|p2a: hugs
|-sidestart|p2: viaw|move: Stealth Rock
|move|p2a: hugs|Volt Switch|p1a: Empoleon
|-supereffective|p1a: Empoleon
|-damage|p1a: Empoleon|0 fnt
|faint|p1a: Empoleon
|c|âviaw|32%
|c|âviaw|-_-
|
|switch|p2a: hiphop ~katsu~ don|Hippowdon, M, shiny|420\/420
|-damage|p2a: hiphop ~katsu~ don|394\/420|[from] Stealth Rock
|
|-heal|p2a: hiphop ~katsu~ don|420\/420|[from] item: Leftovers
|c|âviaw|should i have sd'd tho
|c|âviaw|hm
|
|switch|p1a: Hydreigon|Hydreigon, M|294\/326
|turn|13
|
|move|p1a: Hydreigon|Dark Pulse|p2a: hiphop ~katsu~ don
|-damage|p2a: hiphop ~katsu~ don|259\/420
|-damage|p1a: Hydreigon|262\/326|[from] item: Life Orb
|move|p2a: hiphop ~katsu~ don|Stealth Rock|p1a: Hydreigon
|-sidestart|p1: Wolfhead69|move: Stealth Rock
|
|-heal|p2a: hiphop ~katsu~ don|285\/420|[from] item: Leftovers
|turn|14
|
|move|p1a: Hydreigon|Draco Meteor|p2a: hiphop ~katsu~ don
|-damage|p2a: hiphop ~katsu~ don|15\/420
|-unboost|p1a: Hydreigon|spa|2
|-damage|p1a: Hydreigon|230\/326|[from] item: Life Orb
|move|p2a: hiphop ~katsu~ don|Slack Off|p2a: hiphop ~katsu~ don
|-heal|p2a: hiphop ~katsu~ don|225\/420
|
|-heal|p2a: hiphop ~katsu~ don|251\/420|[from] item: Leftovers
|turn|15
|
|switch|p1a: Lucario|Lucario, M|282\/282
|-damage|p1a: Lucario|274\/282|[from] Stealth Rock
|move|p2a: hiphop ~katsu~ don|Slack Off|p2a: hiphop ~katsu~ don
|-heal|p2a: hiphop ~katsu~ don|420\/420
|
|turn|16
|
|switch|p1a: Hydreigon|Hydreigon, M|230\/326
|-damage|p1a: Hydreigon|190\/326|[from] Stealth Rock
|move|p2a: hiphop ~katsu~ don|Earthquake|p1a: Hydreigon
|-immune|p1a: Hydreigon|[msg]
|
|turn|17
|
|switch|p2a: cuddles ~ omg|Togekiss, M|346\/346
|-damage|p2a: cuddles ~ omg|260\/346|[from] Stealth Rock
|move|p1a: Hydreigon|Dark Pulse|p2a: cuddles ~ omg
|-resisted|p2a: cuddles ~ omg
|-damage|p2a: cuddles ~ omg|174\/346
|-damage|p1a: Hydreigon|158\/326|[from] item: Life Orb
|
|-heal|p2a: cuddles ~ omg|195\/346|[from] item: Leftovers
|turn|18
|
|move|p1a: Hydreigon|Fire Blast|p2a: cuddles ~ omg|[miss]
|-miss|p1a: Hydreigon|p2a: cuddles ~ omg
|move|p2a: cuddles ~ omg|Roost|p2a: cuddles ~ omg
|-heal|p2a: cuddles ~ omg|346\/346
|
|turn|19
|
|switch|p1a: Raikou|Raikou|322\/322
|-damage|p1a: Raikou|282\/322|[from] Stealth Rock
|-ability|p1a: Raikou|Pressure
|move|p2a: cuddles ~ omg|Air Slash|p1a: Raikou
|-resisted|p1a: Raikou
|-damage|p1a: Raikou|210\/322
|
|turn|20
|
|move|p1a: Raikou|Hidden Power|p2a: cuddles ~ omg
|-supereffective|p2a: cuddles ~ omg
|-damage|p2a: cuddles ~ omg|186\/346
|move|p2a: cuddles ~ omg|Air Slash|p1a: Raikou
|-resisted|p1a: Raikou
|-damage|p1a: Raikou|141\/322
|
|-heal|p2a: cuddles ~ omg|207\/346|[from] item: Leftovers
|turn|21
|
|move|p1a: Raikou|Hidden Power|p2a: cuddles ~ omg
|-supereffective|p2a: cuddles ~ omg
|-damage|p2a: cuddles ~ omg|37\/346
|move|p2a: cuddles ~ omg|Roost|p2a: cuddles ~ omg
|-heal|p2a: cuddles ~ omg|210\/346
|
|-heal|p2a: cuddles ~ omg|231\/346|[from] item: Leftovers
|turn|22
|
|switch|p2a: hugs|Ampharos-Mega, M|384\/384
|-damage|p2a: hugs|336\/384|[from] Stealth Rock
|-ability|p2a: hugs|Mold Breaker
|move|p1a: Raikou|Hidden Power|p2a: hugs
|-supereffective|p2a: hugs
|-damage|p2a: hugs|156\/384
|
|turn|23
|c|âviaw|aw
|c|âviaw|why did i do that
|c|âviaw|LOL
|c|âviaw|misclicks.com
|
|switch|p2a: hug me pls|Alomomola, M, shiny|534\/534
|-damage|p2a: hug me pls|468\/534|[from] Stealth Rock
|move|p1a: Raikou|Hidden Power|p2a: hug me pls
|-resisted|p2a: hug me pls
|-damage|p2a: hug me pls|383\/534
|
|-heal|p2a: hug me pls|416\/534|[from] item: Leftovers
|turn|24
|c|âWolfhead69|ive done it too lol
|c|âWolfhead69|ive clocked de fog when the other guy didn't have rocks up
|c|âviaw|hahaha
|
|switch|p1a: Hydreigon|Hydreigon, M|158\/326
|-damage|p1a: Hydreigon|118\/326|[from] Stealth Rock
|move|p2a: hug me pls|Wish|p2a: hug me pls
|
|-heal|p2a: hug me pls|449\/534|[from] item: Leftovers
|turn|25
|c|âviaw|that's so silly
|c|âviaw|did you just remove your own?
|c|âviaw|:p
|
|switch|p2a: cuddles ~ omg|Togekiss, M|231\/346
|-damage|p2a: cuddles ~ omg|145\/346|[from] Stealth Rock
|move|p1a: Hydreigon|Fire Blast|p2a: cuddles ~ omg
|-damage|p2a: cuddles ~ omg|3\/346
|-damage|p1a: Hydreigon|86\/326|[from] item: Life Orb
|
|-heal|p2a: cuddles ~ omg|270\/346|[from] move: Wish|[wisher] hug me pls
|-heal|p2a: cuddles ~ omg|291\/346|[from] item: Leftovers
|turn|26
|
|move|p1a: Hydreigon|Fire Blast|p2a: cuddles ~ omg
|-damage|p2a: cuddles ~ omg|148\/346
|-damage|p1a: Hydreigon|54\/326|[from] item: Life Orb
|move|p2a: cuddles ~ omg|Air Slash|p1a: Hydreigon
|-damage|p1a: Hydreigon|0 fnt
|faint|p1a: Hydreigon
|
|-heal|p2a: cuddles ~ omg|169\/346|[from] item: Leftovers
|c|âviaw|thought you'd switch
|c|âviaw|O_o
|
|switch|p1a: Raikou|Raikou|141\/322
|-damage|p1a: Raikou|101\/322|[from] Stealth Rock
|-ability|p1a: Raikou|Pressure
|turn|27
|
|move|p1a: Raikou|Volt Switch|p2a: cuddles ~ omg
|-supereffective|p2a: cuddles ~ omg
|-damage|p2a: cuddles ~ omg|0 fnt
|faint|p2a: cuddles ~ omg
|
|switch|p1a: Lucario|Lucario, M|274\/282
|-damage|p1a: Lucario|266\/282|[from] Stealth Rock
|
|
|switch|p2a: hiphop ~katsu~ don|Hippowdon, M, shiny|420\/420
|-damage|p2a: hiphop ~katsu~ don|394\/420|[from] Stealth Rock
|turn|28
|
|move|p1a: Lucario|Close Combat|p2a: hiphop ~katsu~ don
|-damage|p2a: hiphop ~katsu~ don|172\/420
|-unboost|p1a: Lucario|def|1
|-unboost|p1a: Lucario|spd|1
|-damage|p1a: Lucario|238\/282|[from] item: Life Orb
|move|p2a: hiphop ~katsu~ don|Earthquake|p1a: Lucario
|-supereffective|p1a: Lucario
|-damage|p1a: Lucario|0 fnt
|faint|p1a: Lucario
|
|-heal|p2a: hiphop ~katsu~ don|198\/420|[from] item: Leftovers
|c| Bob the Bro|shiny alo is so ugly
|
|switch|p1a: Aerodactyl|Aerodactyl-Mega, F|302\/302
|-damage|p1a: Aerodactyl|227\/302|[from] Stealth Rock
|turn|29
|
|move|p1a: Aerodactyl|Hone Claws|p1a: Aerodactyl
|-boost|p1a: Aerodactyl|atk|1
|-boost|p1a: Aerodactyl|accuracy|1
|move|p2a: hiphop ~katsu~ don|Toxic|p1a: Aerodactyl
|-status|p1a: Aerodactyl|tox
|
|-heal|p2a: hiphop ~katsu~ don|224\/420|[from] item: Leftovers
|-damage|p1a: Aerodactyl|209\/302 tox|[from] psn
|turn|30
|
|switch|p2a: hug me pls|Alomomola, M, shiny|534\/534
|-damage|p2a: hug me pls|468\/534|[from] Stealth Rock
|move|p1a: Aerodactyl|Aerial Ace|p2a: hug me pls
|-damage|p2a: hug me pls|291\/534
|
|-heal|p2a: hug me pls|324\/534|[from] item: Leftovers
|-damage|p1a: Aerodactyl|173\/302 tox|[from] psn
|turn|31
|
|move|p1a: Aerodactyl|Stone Edge|p2a: hug me pls
|-damage|p2a: hug me pls|83\/534
|move|p2a: hug me pls|Wish|p2a: hug me pls
|
|-heal|p2a: hug me pls|116\/534|[from] item: Leftovers
|-damage|p1a: Aerodactyl|119\/302 tox|[from] psn
|turn|32
|
|switch|p2a: hugs|Ampharos-Mega, M|156\/384
|-damage|p2a: hugs|108\/384|[from] Stealth Rock
|-ability|p2a: hugs|Mold Breaker
|move|p1a: Aerodactyl|Hone Claws|p1a: Aerodactyl
|-boost|p1a: Aerodactyl|atk|1
|-boost|p1a: Aerodactyl|accuracy|1
|
|-heal|p2a: hugs|375\/384|[from] move: Wish|[wisher] hug me pls
|-damage|p1a: Aerodactyl|47\/302 tox|[from] psn
|turn|33
|
|move|p1a: Aerodactyl|Earthquake|p2a: hugs
|-supereffective|p2a: hugs
|-damage|p2a: hugs|29\/384
|move|p2a: hugs|Volt Switch|p1a: Aerodactyl
|-supereffective|p1a: Aerodactyl
|-damage|p1a: Aerodactyl|0 fnt
|faint|p1a: Aerodactyl
|c|âWolfhead69|gg
|c|âviaw|gg
|
|switch|p2a: hug me pls|Alomomola, M, shiny|294\/534
|-damage|p2a: hug me pls|228\/534|[from] Stealth Rock
|
|-heal|p2a: hug me pls|261\/534|[from] item: Leftovers
|
|switch|p1a: Raikou|Raikou|101\/322
|-damage|p1a: Raikou|61\/322|[from] Stealth Rock
|-ability|p1a: Raikou|Pressure
|turn|34
|
|switch|p2a: hugs|Ampharos-Mega, M|29\/384
|-damage|p2a: hugs|0 fnt|[from] Stealth Rock
|faint|p2a: hugs
|move|p1a: Raikou|Shadow Ball|p2: hugs|[notarget]
|-notarget
|
|
|switch|p2a: watfor|Jirachi|341\/341
|-damage|p2a: watfor|320\/341|[from] Stealth Rock
|turn|35
|
|move|p2a: watfor|Iron Head|p1a: Raikou
|-crit|p1a: Raikou
|-resisted|p1a: Raikou
|-damage|p1a: Raikou|0 fnt
|faint|p1a: Raikou
|
|win|viaw
|raw|Ladder updating...
|raw|Wolfhead69's rating: 1793 &rarr; <strong>1761<\/strong><br \/>(-32 for losing)
|raw|viaw's rating: 1561 &rarr; <strong>1593<\/strong><br \/>(+32 for winning)
|leave|Wolfhead69
|player|p1
|leave|viaw
|player|p2
|join|viaw
|leave|viaw
|join|viaw