|join|Wolfhead69
|join|deluks917
|player|p1|Wolfhead69|265
|player|p2|deluks917|23
|gametype|singles
|gen|6
|tier|UU
|rated
|rule|Sleep Clause Mod: Limit one foe put to sleep
|rule|Species Clause: Limit one of each PokÃ©mon
|rule|OHKO Clause: OHKO moves are banned
|rule|Moody Clause: Moody is banned
|rule|Evasion Moves Clause: Evasion moves are banned
|rule|Endless Battle Clause: Forcing endless battles is banned
|rule|HP Percentage Mod: HP is shown in percentages
|clearpoke
|poke|p1|Galvantula, F
|poke|p1|Empoleon, M
|poke|p1|Lucario, F
|poke|p1|Aerodactyl, M
|poke|p1|Donphan, F
|poke|p1|Chandelure, M
|poke|p2|Blissey, F
|poke|p2|Spiritomb, M
|poke|p2|Tentacruel, M
|poke|p2|Gligar, M
|poke|p2|Quagsire, M
|poke|p2|Aromatisse, F
|rule|Swagger Clause: Swagger is banned
|rule|Baton Pass Clause: Limit one PokÃ©mon knowing Baton Pass
|teampreview
|
|start
|switch|p1a: Donphan|Donphan, F|384\/384
|switch|p2a: Quagsire|Quagsire, M|384\/384
|turn|1
|
|switch|p1a: Galvantula|Galvantula, F|282\/282
|move|p2a: Quagsire|Scald|p1a: Galvantula
|-damage|p1a: Galvantula|180\/282
|
|turn|2
|
|switch|p2a: Blissey|Blissey, F|656\/656
|move|p1a: Galvantula|Sticky Web|p2a: Blissey
|-sidestart|p2: deluks917|move: Sticky Web
|
|turn|3
|
|switch|p1a: Empoleon|Empoleon, M|372\/372
|move|p2a: Blissey|Toxic|p1a: Empoleon
|-fail|p1a: Empoleon
|
|turn|4
|
|switch|p2a: Tentacruel|Tentacruel, M|352\/352
|-activate|p2a: Tentacruel|move: Sticky Web
|-unboost|p2a: Tentacruel|spe|1
|move|p1a: Empoleon|Scald|p2a: Tentacruel
|-crit|p2a: Tentacruel
|-resisted|p2a: Tentacruel
|-damage|p2a: Tentacruel|293\/352
|
|-heal|p2a: Tentacruel|315\/352|[from] item: Leftovers
|turn|5
|
|switch|p1a: Chandelure|Chandelure, M|262\/262
|move|p2a: Tentacruel|Rapid Spin|p1a: Chandelure
|-immune|p1a: Chandelure|[msg]
|
|-heal|p2a: Tentacruel|337\/352|[from] item: Leftovers
|turn|6
|
|move|p1a: Chandelure|Shadow Ball|p2a: Tentacruel
|-damage|p2a: Tentacruel|219\/352
|move|p2a: Tentacruel|Scald|p1a: Chandelure
|-supereffective|p1a: Chandelure
|-damage|p1a: Chandelure|82\/262
|
|-heal|p2a: Tentacruel|241\/352|[from] item: Leftovers
|turn|7
|
|switch|p1a: Empoleon|Empoleon, M|372\/372
|move|p2a: Tentacruel|Rapid Spin|p1a: Empoleon
|-resisted|p1a: Empoleon
|-damage|p1a: Empoleon|368\/372
|-sideend|p2: deluks917|Sticky Web|[from] move: Rapid Spin|[of] p2a: Tentacruel
|
|-heal|p2a: Tentacruel|263\/352|[from] item: Leftovers
|-heal|p1a: Empoleon|372\/372|[from] item: Leftovers
|turn|8
|
|switch|p2a: Quagsire|Quagsire, M|384\/384
|move|p1a: Empoleon|Yawn|p2a: Quagsire
|-start|p2a: Quagsire|move: Yawn|[of] p1a: Empoleon
|
|turn|9
|
|switch|p2a: Tentacruel|Tentacruel, M|263\/352
|move|p1a: Empoleon|Stealth Rock|p2a: Tentacruel
|-sidestart|p2: deluks917|move: Stealth Rock
|
|-heal|p2a: Tentacruel|285\/352|[from] item: Leftovers
|turn|10
|
|move|p2a: Tentacruel|Rapid Spin|p1a: Empoleon
|-resisted|p1a: Empoleon
|-damage|p1a: Empoleon|368\/372
|-sideend|p2: deluks917|Stealth Rock|[from] move: Rapid Spin|[of] p2a: Tentacruel
|move|p1a: Empoleon|Yawn|p2a: Tentacruel
|-start|p2a: Tentacruel|move: Yawn|[of] p1a: Empoleon
|
|-heal|p2a: Tentacruel|307\/352|[from] item: Leftovers
|-heal|p1a: Empoleon|372\/372|[from] item: Leftovers
|turn|11
|join|FS Misfortune
|
|switch|p2a: Spiritomb|Spiritomb, M|304\/304
|-ability|p2a: Spiritomb|Pressure
|move|p1a: Empoleon|Stealth Rock|p2a: Spiritomb
|-sidestart|p2: deluks917|move: Stealth Rock
|
|turn|12
|
|move|p1a: Empoleon|Scald|p2a: Spiritomb
|-damage|p2a: Spiritomb|208\/304
|move|p2a: Spiritomb|Will-O-Wisp|p1a: Empoleon
|-status|p1a: Empoleon|brn
|
|-heal|p2a: Spiritomb|227\/304|[from] item: Leftovers
|-damage|p1a: Empoleon|326\/372 brn|[from] brn
|turn|13
|
|switch|p2a: Tentacruel|Tentacruel, M|307\/352
|-damage|p2a: Tentacruel|263\/352|[from] Stealth Rock
|move|p1a: Empoleon|Yawn|p2a: Tentacruel
|-start|p2a: Tentacruel|move: Yawn|[of] p1a: Empoleon
|
|-heal|p2a: Tentacruel|285\/352|[from] item: Leftovers
|-heal|p1a: Empoleon|349\/372 brn|[from] item: Leftovers
|-damage|p1a: Empoleon|303\/372 brn|[from] brn
|turn|14
|
|switch|p1a: Chandelure|Chandelure, M|82\/262
|move|p2a: Tentacruel|Rapid Spin|p1a: Chandelure
|-immune|p1a: Chandelure|[msg]
|
|-status|p2a: Tentacruel|slp
|-heal|p2a: Tentacruel|307\/352 slp|[from] item: Leftovers
|turn|15
|join|MouseFrog
|
|switch|p2a: Blissey|Blissey, F|656\/656
|-damage|p2a: Blissey|574\/656|[from] Stealth Rock
|move|p1a: Chandelure|Trick|p2a: Blissey
|-activate|p1a: Chandelure|move: Trick|[of] p2a: Blissey
|-item|p2a: Blissey|Choice Scarf|[from] move: Trick
|-item|p1a: Chandelure|Leftovers|[from] move: Trick
|
|-heal|p1a: Chandelure|98\/262|[from] item: Leftovers
|turn|16
|
|switch|p1a: Lucario|Lucario, F|282\/282
|move|p2a: Blissey|Aromatherapy|p2a: Blissey
|-cureteam|p2a: Blissey|[from] move: Aromatherapy
|
|turn|17
|
|switch|p2a: Quagsire|Quagsire, M|384\/384
|-damage|p2a: Quagsire|360\/384|[from] Stealth Rock
|move|p1a: Lucario|Close Combat|p2a: Quagsire
|-damage|p2a: Quagsire|152\/384
|-unboost|p1a: Lucario|def|1
|-unboost|p1a: Lucario|spd|1
|-damage|p1a: Lucario|254\/282|[from] item: Life Orb
|
|-heal|p2a: Quagsire|176\/384|[from] item: Leftovers
|turn|18
|
|switch|p1a: Donphan|Donphan, F|384\/384
|switch|p2a: Tentacruel|Tentacruel, M|307\/352
|-damage|p2a: Tentacruel|263\/352|[from] Stealth Rock
|
|-heal|p2a: Tentacruel|285\/352|[from] item: Leftovers
|turn|19
|
|switch|p2a: Quagsire|Quagsire, M|176\/384
|-damage|p2a: Quagsire|152\/384|[from] Stealth Rock
|move|p1a: Donphan|Earthquake|p2a: Quagsire
|-damage|p2a: Quagsire|0 fnt
|faint|p2a: Quagsire
|
|
|switch|p2a: Gligar|Gligar, M|324\/324
|-damage|p2a: Gligar|284\/324|[from] Stealth Rock
|turn|20
|
|move|p2a: Gligar|Stealth Rock|p1a: Donphan
|-sidestart|p1: Wolfhead69|move: Stealth Rock
|move|p1a: Donphan|Knock Off|p2a: Gligar
|-damage|p2a: Gligar|225\/324
|-enditem|p2a: Gligar|Eviolite|[from] move: Knock Off|[of] p1a: Donphan
|
|turn|21
|
|move|p2a: Gligar|Toxic|p1a: Donphan|[miss]
|-miss|p2a: Gligar|p1a: Donphan
|move|p1a: Donphan|Rapid Spin|p2a: Gligar
|-damage|p2a: Gligar|206\/324
|-sideend|p1: Wolfhead69|Stealth Rock|[from] move: Rapid Spin|[of] p1a: Donphan
|
|turn|22
|
|switch|p1a: Empoleon|Empoleon, M|303\/372 brn
|move|p2a: Gligar|Stealth Rock|p1a: Empoleon
|-sidestart|p1: Wolfhead69|move: Stealth Rock
|
|-heal|p1a: Empoleon|326\/372 brn|[from] item: Leftovers
|-damage|p1a: Empoleon|280\/372 brn|[from] brn
|turn|23
|
|switch|p2a: Tentacruel|Tentacruel, M|285\/352
|-damage|p2a: Tentacruel|241\/352|[from] Stealth Rock
|move|p1a: Empoleon|Roar|p2a: Tentacruel
|drag|p2a: Blissey|Blissey, F|574\/656
|-damage|p2a: Blissey|492\/656|[from] Stealth Rock
|
|-heal|p1a: Empoleon|303\/372 brn|[from] item: Leftovers
|-damage|p1a: Empoleon|257\/372 brn|[from] brn
|turn|24
|
|switch|p1a: Donphan|Donphan, F|384\/384
|-damage|p1a: Donphan|360\/384|[from] Stealth Rock
|move|p2a: Blissey|Seismic Toss|p1a: Donphan
|-damage|p1a: Donphan|260\/384
|
|-heal|p1a: Donphan|284\/384|[from] item: Leftovers
|turn|25
|
|switch|p2a: Spiritomb|Spiritomb, M|227\/304
|-damage|p2a: Spiritomb|189\/304|[from] Stealth Rock
|-ability|p2a: Spiritomb|Pressure
|move|p1a: Donphan|Rapid Spin|p2a: Spiritomb
|-immune|p2a: Spiritomb|[msg]
|
|-heal|p1a: Donphan|308\/384|[from] item: Leftovers
|-heal|p2a: Spiritomb|208\/304|[from] item: Leftovers
|turn|26
|
|switch|p1a: Chandelure|Chandelure, M|98\/262
|-damage|p1a: Chandelure|33\/262|[from] Stealth Rock
|move|p2a: Spiritomb|Foul Play|p1a: Chandelure
|-supereffective|p1a: Chandelure
|-damage|p1a: Chandelure|0 fnt
|faint|p1a: Chandelure
|
|-heal|p2a: Spiritomb|227\/304|[from] item: Leftovers
|
|switch|p1a: Empoleon|Empoleon, M|257\/372 brn
|-damage|p1a: Empoleon|234\/372 brn|[from] Stealth Rock
|turn|27
|
|switch|p2a: Tentacruel|Tentacruel, M|241\/352
|-damage|p2a: Tentacruel|197\/352|[from] Stealth Rock
|move|p1a: Empoleon|Scald|p2a: Tentacruel
|-resisted|p2a: Tentacruel
|-damage|p2a: Tentacruel|158\/352
|
|-heal|p2a: Tentacruel|180\/352|[from] item: Leftovers
|-heal|p1a: Empoleon|257\/372 brn|[from] item: Leftovers
|-damage|p1a: Empoleon|211\/372 brn|[from] brn
|turn|28
|
|move|p2a: Tentacruel|Rapid Spin|p1a: Empoleon
|-resisted|p1a: Empoleon
|-damage|p1a: Empoleon|207\/372 brn
|-sideend|p2: deluks917|Stealth Rock|[from] move: Rapid Spin|[of] p2a: Tentacruel
|move|p1a: Empoleon|Yawn|p2a: Tentacruel
|-start|p2a: Tentacruel|move: Yawn|[of] p1a: Empoleon
|
|-heal|p2a: Tentacruel|202\/352|[from] item: Leftovers
|-heal|p1a: Empoleon|230\/372 brn|[from] item: Leftovers
|-damage|p1a: Empoleon|184\/372 brn|[from] brn
|turn|29
|
|switch|p2a: Gligar|Gligar, M|206\/324
|move|p1a: Empoleon|Stealth Rock|p2a: Gligar
|-sidestart|p2: deluks917|move: Stealth Rock
|
|-heal|p1a: Empoleon|207\/372 brn|[from] item: Leftovers
|-damage|p1a: Empoleon|161\/372 brn|[from] brn
|turn|30
|
|switch|p1a: Donphan|Donphan, F|308\/384
|-damage|p1a: Donphan|284\/384|[from] Stealth Rock
|move|p2a: Gligar|Earthquake|p1a: Donphan
|-damage|p1a: Donphan|208\/384
|
|-heal|p1a: Donphan|232\/384|[from] item: Leftovers
|turn|31
|
|move|p1a: Donphan|Ice Shard|p2a: Gligar
|-supereffective|p2a: Gligar
|-damage|p2a: Gligar|66\/324
|move|p2a: Gligar|Toxic|p1a: Donphan
|-status|p1a: Donphan|tox
|
|-heal|p1a: Donphan|256\/384 tox|[from] item: Leftovers
|-damage|p1a: Donphan|232\/384 tox|[from] psn
|turn|32
|
|move|p2a: Gligar|Roost|p2a: Gligar
|-heal|p2a: Gligar|228\/324
|move|p1a: Donphan|Knock Off|p2a: Gligar
|-damage|p2a: Gligar|175\/324
|
|-heal|p1a: Donphan|256\/384 tox|[from] item: Leftovers
|-damage|p1a: Donphan|208\/384 tox|[from] psn
|turn|33
|
|move|p2a: Gligar|Roost|p2a: Gligar
|-heal|p2a: Gligar|324\/324
|move|p1a: Donphan|Rapid Spin|p2a: Gligar
|-damage|p2a: Gligar|306\/324
|-sideend|p1: Wolfhead69|Stealth Rock|[from] move: Rapid Spin|[of] p1a: Donphan
|
|-heal|p1a: Donphan|232\/384 tox|[from] item: Leftovers
|-damage|p1a: Donphan|160\/384 tox|[from] psn
|turn|34
|
|switch|p1a: Empoleon|Empoleon, M|161\/372 brn
|move|p2a: Gligar|Stealth Rock|p1a: Empoleon
|-sidestart|p1: Wolfhead69|move: Stealth Rock
|
|-heal|p1a: Empoleon|184\/372 brn|[from] item: Leftovers
|-damage|p1a: Empoleon|138\/372 brn|[from] brn
|turn|35
|
|switch|p2a: Tentacruel|Tentacruel, M|202\/352
|-damage|p2a: Tentacruel|158\/352|[from] Stealth Rock
|move|p1a: Empoleon|Yawn|p2a: Tentacruel
|-start|p2a: Tentacruel|move: Yawn|[of] p1a: Empoleon
|
|-heal|p2a: Tentacruel|180\/352|[from] item: Leftovers
|-heal|p1a: Empoleon|161\/372 brn|[from] item: Leftovers
|-damage|p1a: Empoleon|115\/372 brn|[from] brn
|turn|36
|
|move|p2a: Tentacruel|Rapid Spin|p1a: Empoleon
|-resisted|p1a: Empoleon
|-damage|p1a: Empoleon|111\/372 brn
|-sideend|p2: deluks917|Stealth Rock|[from] move: Rapid Spin|[of] p2a: Tentacruel
|move|p1a: Empoleon|Stealth Rock|p2a: Tentacruel
|-sidestart|p2: deluks917|move: Stealth Rock
|
|-status|p2a: Tentacruel|slp
|-heal|p2a: Tentacruel|202\/352 slp|[from] item: Leftovers
|-heal|p1a: Empoleon|134\/372 brn|[from] item: Leftovers
|-damage|p1a: Empoleon|88\/372 brn|[from] brn
|turn|37
|
|switch|p2a: Blissey|Blissey, F|492\/656
|-damage|p2a: Blissey|410\/656|[from] Stealth Rock
|move|p1a: Empoleon|Roar|p2a: Blissey
|drag|p2a: Aromatisse|Aromatisse, F|400\/400
|-damage|p2a: Aromatisse|350\/400|[from] Stealth Rock
|
|-heal|p1a: Empoleon|111\/372 brn|[from] item: Leftovers
|-heal|p2a: Aromatisse|375\/400|[from] item: Leftovers
|-damage|p1a: Empoleon|65\/372 brn|[from] brn
|turn|38
|
|switch|p2a: Blissey|Blissey, F|410\/656
|-damage|p2a: Blissey|328\/656|[from] Stealth Rock
|move|p1a: Empoleon|Scald|p2a: Blissey
|-damage|p2a: Blissey|223\/656
|
|-heal|p1a: Empoleon|88\/372 brn|[from] item: Leftovers
|-damage|p1a: Empoleon|42\/372 brn|[from] brn
|turn|39
|
|switch|p1a: Aerodactyl|Aerodactyl, M|302\/302
|-damage|p1a: Aerodactyl|227\/302|[from] Stealth Rock
|-ability|p1a: Aerodactyl|Unnerve|p2: deluks917
|move|p2a: Blissey|Aromatherapy|p2a: Blissey
|-cureteam|p2a: Blissey|[from] move: Aromatherapy
|
|turn|40
|
|switch|p2a: Gligar|Gligar, M|306\/324
|-damage|p2a: Gligar|266\/324|[from] Stealth Rock
|detailschange|p1a: Aerodactyl|Aerodactyl-Mega, M
|message|Aerodactyl has Mega Evolved into Mega Aerodactyl!
|move|p1a: Aerodactyl|Hone Claws|p1a: Aerodactyl
|-boost|p1a: Aerodactyl|atk|1
|-boost|p1a: Aerodactyl|accuracy|1
|
|turn|41
|
|move|p1a: Aerodactyl|Stone Edge|p2a: Gligar
|-damage|p2a: Gligar|79\/324
|move|p2a: Gligar|Toxic|p1a: Aerodactyl
|-status|p1a: Aerodactyl|tox
|
|-damage|p1a: Aerodactyl|209\/302 tox|[from] psn
|turn|42
|
|move|p1a: Aerodactyl|Stone Edge|p2a: Gligar
|-damage|p2a: Gligar|0 fnt
|faint|p2a: Gligar
|
|-damage|p1a: Aerodactyl|173\/302 tox|[from] psn
|
|switch|p2a: Aromatisse|Aromatisse, F|375\/400
|-damage|p2a: Aromatisse|325\/400|[from] Stealth Rock
|turn|43
|
|move|p2a: Aromatisse|Protect|p2a: Aromatisse
|-singleturn|p2a: Aromatisse|Protect
|move|p1a: Aerodactyl|Hone Claws|p1a: Aerodactyl
|-boost|p1a: Aerodactyl|atk|1
|-boost|p1a: Aerodactyl|accuracy|1
|
|-heal|p2a: Aromatisse|350\/400|[from] item: Leftovers
|-damage|p1a: Aerodactyl|119\/302 tox|[from] psn
|turn|44
|
|switch|p2a: Blissey|Blissey, F|223\/656
|-damage|p2a: Blissey|141\/656|[from] Stealth Rock
|move|p1a: Aerodactyl|Stone Edge|p2a: Blissey
|-damage|p2a: Blissey|0 fnt
|faint|p2a: Blissey
|
|-damage|p1a: Aerodactyl|47\/302 tox|[from] psn
|
|switch|p2a: Aromatisse|Aromatisse, F|350\/400
|-damage|p2a: Aromatisse|300\/400|[from] Stealth Rock
|turn|45
|
|switch|p1a: Empoleon|Empoleon, M|42\/372 brn
|-damage|p1a: Empoleon|19\/372 brn|[from] Stealth Rock
|move|p2a: Aromatisse|Protect|p2a: Aromatisse
|-fail|p2a: Aromatisse
|
|-heal|p1a: Empoleon|42\/372 brn|[from] item: Leftovers
|-heal|p2a: Aromatisse|325\/400|[from] item: Leftovers
|-damage|p1a: Empoleon|0 fnt|[from] brn
|faint|p1a: Empoleon
|
|switch|p1a: Donphan|Donphan, F|160\/384 tox
|-damage|p1a: Donphan|136\/384 tox|[from] Stealth Rock
|turn|46
|
|move|p2a: Aromatisse|Protect|p2a: Aromatisse
|-singleturn|p2a: Aromatisse|Protect
|move|p1a: Donphan|Rapid Spin|p2a: Aromatisse
|-activate|p2a: Aromatisse|Protect
|
|-heal|p1a: Donphan|160\/384 tox|[from] item: Leftovers
|-heal|p2a: Aromatisse|350\/400|[from] item: Leftovers
|-damage|p1a: Donphan|136\/384 tox|[from] psn
|turn|47
|
|switch|p2a: Spiritomb|Spiritomb, M|227\/304
|-damage|p2a: Spiritomb|189\/304|[from] Stealth Rock
|-ability|p2a: Spiritomb|Pressure
|move|p1a: Donphan|Knock Off|p2a: Spiritomb
|-damage|p2a: Spiritomb|111\/304
|-enditem|p2a: Spiritomb|Leftovers|[from] move: Knock Off|[of] p1a: Donphan
|
|-heal|p1a: Donphan|160\/384 tox|[from] item: Leftovers
|-damage|p1a: Donphan|112\/384 tox|[from] psn
|turn|48
|
|move|p1a: Donphan|Earthquake|p2a: Spiritomb
|-damage|p2a: Spiritomb|0 fnt
|faint|p2a: Spiritomb
|
|-heal|p1a: Donphan|136\/384 tox|[from] item: Leftovers
|-damage|p1a: Donphan|64\/384 tox|[from] psn
|
|switch|p2a: Tentacruel|Tentacruel, M|202\/352
|-damage|p2a: Tentacruel|158\/352|[from] Stealth Rock
|turn|49
|
|move|p2a: Tentacruel|Scald|p1a: Donphan
|-supereffective|p1a: Donphan
|-damage|p1a: Donphan|0 fnt
|faint|p1a: Donphan
|
|-heal|p2a: Tentacruel|180\/352|[from] item: Leftovers
|
|switch|p1a: Galvantula|Galvantula, F|180\/282
|-damage|p1a: Galvantula|110\/282|[from] Stealth Rock
|turn|50
|
|switch|p2a: Aromatisse|Aromatisse, F|350\/400
|-damage|p2a: Aromatisse|300\/400|[from] Stealth Rock
|move|p1a: Galvantula|Thunder|p2a: Aromatisse
|-damage|p2a: Aromatisse|119\/400
|
|-heal|p2a: Aromatisse|144\/400|[from] item: Leftovers
|turn|51
|
|move|p2a: Aromatisse|Protect|p2a: Aromatisse
|-singleturn|p2a: Aromatisse|Protect
|move|p1a: Galvantula|Thunder|p2a: Aromatisse
|-activate|p2a: Aromatisse|Protect
|
|-heal|p2a: Aromatisse|169\/400|[from] item: Leftovers
|turn|52
|
|move|p2a: Aromatisse|Protect|p2a: Aromatisse
|-fail|p2a: Aromatisse
|move|p1a: Galvantula|Thunder|p2a: Aromatisse
|-damage|p2a: Aromatisse|0 fnt
|faint|p2a: Aromatisse
|
|c|âdeluks917|gg
|-message|deluks917 forfeited.
|
|win|Wolfhead69
|raw|Ladder updating...
|c|âWolfhead69|gg