|join|Wolfhead69
|join|tigfi
|player|p1|Wolfhead69|101
|player|p2|tigfi|169
|gametype|singles
|gen|6
|tier|UU
|rated
|rule|Sleep Clause Mod: Limit one foe put to sleep
|rule|Species Clause: Limit one of each PokÃ©mon
|rule|OHKO Clause: OHKO moves are banned
|rule|Moody Clause: Moody is banned
|rule|Evasion Moves Clause: Evasion moves are banned
|rule|Endless Battle Clause: Forcing endless battles is banned
|rule|HP Percentage Mod: HP is shown in percentages
|clearpoke
|poke|p1|Aerodactyl, F
|poke|p1|Hydreigon, M
|poke|p1|Raikou
|poke|p1|Victini
|poke|p1|Lucario, M
|poke|p1|Empoleon, M
|poke|p2|Espeon, F
|poke|p2|Zoroark, M
|poke|p2|Ampharos, M
|poke|p2|Mienshao, F
|poke|p2|Haxorus, F
|poke|p2|Jirachi
|rule|Swagger Clause: Swagger is banned
|rule|Baton Pass Clause: Limit one PokÃ©mon knowing Baton Pass
|teampreview
|
|start
|switch|p1a: Victini|Victini|341\/341
|switch|p2a: Mienshao|Mienshao, F|271\/271
|turn|1
|
|move|p2a: Mienshao|U-turn|p1a: Victini
|-damage|p1a: Victini|256\/341
|
|switch|p2a: Haxorus|Haxorus, F|302\/302
|-ability|p2a: Haxorus|Mold Breaker
|move|p1a: Victini|V-create|p2a: Haxorus
|-resisted|p2a: Haxorus
|-damage|p2a: Haxorus|102\/302
|-unboost|p1a: Victini|def|1
|-unboost|p1a: Victini|spd|1
|-unboost|p1a: Victini|spe|1
|
|turn|2
|
|switch|p1a: Aerodactyl|Aerodactyl, F|302\/302
|-ability|p1a: Aerodactyl|Pressure
|move|p2a: Haxorus|Dragon Dance|p2a: Haxorus
|-boost|p2a: Haxorus|atk|1
|-boost|p2a: Haxorus|spe|1
|
|turn|3
|
|detailschange|p1a: Aerodactyl|Aerodactyl-Mega, F
|message|Aerodactyl has Mega Evolved into Mega Aerodactyl!
|move|p2a: Haxorus|Outrage|p1a: Aerodactyl
|-damage|p1a: Aerodactyl|0 fnt
|faint|p1a: Aerodactyl
|
|
|switch|p1a: Lucario|Lucario, M|282\/282
|turn|4
|
|move|p1a: Lucario|Extreme Speed|p2a: Haxorus
|-damage|p2a: Haxorus|0 fnt
|-damage|p1a: Lucario|254\/282|[from] item: Life Orb
|faint|p2a: Haxorus
|
|
|switch|p2a: Ampharos|Ampharos, M|384\/384
|turn|5
|
|detailschange|p2a: Ampharos|Ampharos-Mega, M
|message|Ampharos has Mega Evolved into Mega Ampharos!
|-ability|p2a: Ampharos|Mold Breaker
|move|p1a: Lucario|Close Combat|p2a: Ampharos
|-damage|p2a: Ampharos|157\/384
|-unboost|p1a: Lucario|def|1
|-unboost|p1a: Lucario|spd|1
|-damage|p1a: Lucario|226\/282|[from] item: Life Orb
|move|p2a: Ampharos|Volt Switch|p1a: Lucario
|-damage|p1a: Lucario|0 fnt
|faint|p1a: Lucario
|
|switch|p2a: Jirachi|Jirachi|261\/261
|
|
|switch|p1a: Victini|Victini|256\/341
|turn|6
|
|move|p2a: Jirachi|Sucker Punch|p1a: Victini
|-supereffective|p1a: Victini
|-damage|p1a: Victini|0 fnt
|-damage|p2a: Jirachi|235\/261|[from] item: Life Orb
|faint|p1a: Victini
|
|
|switch|p1a: Empoleon|Empoleon, M|372\/372
|turn|7
|
|switch|p2a: Espeon|Espeon, F|334\/334
|move|p1a: Empoleon|Scald|p2a: Espeon
|-damage|p2a: Espeon|222\/334
|
|turn|8
|
|move|p2a: Espeon|Light Screen|p2a: Espeon
|-sidestart|p2: tigfi|move: Light Screen
|move|p1a: Empoleon|Scald|p2a: Espeon
|-damage|p2a: Espeon|170\/334
|
|turn|9
|
|move|p2a: Espeon|Reflect|p2a: Espeon
|-sidestart|p2: tigfi|Reflect
|move|p1a: Empoleon|Scald|p2a: Espeon
|-damage|p2a: Espeon|114\/334
|
|turn|10
|
|move|p2a: Espeon|Baton Pass|p2a: Espeon
|
|switch|p2a: Ampharos|Ampharos-Mega, M|157\/384
|-ability|p2a: Ampharos|Mold Breaker
|move|p1a: Empoleon|Defog|p2a: Ampharos
|-unboost|p2a: Ampharos|evasion|1
|-sideend|p2: tigfi|Reflect
|-sideend|p2: tigfi|Reflect|[from] move: Defog|[of] p2a: Ampharos
|-sideend|p2: tigfi|move: Light Screen
|-sideend|p2: tigfi|Light Screen|[from] move: Defog|[of] p2a: Ampharos
|
|turn|11
|
|switch|p1a: Raikou|Raikou|322\/322
|-ability|p1a: Raikou|Pressure
|move|p2a: Ampharos|Volt Switch|p1a: Raikou
|-resisted|p1a: Raikou
|-damage|p1a: Raikou|261\/322
|
|switch|p2a: Mienshao|Mienshao, F|271\/271
|
|turn|12
|
|move|p2a: Mienshao|High Jump Kick|p1a: Raikou
|-damage|p1a: Raikou|0 fnt
|faint|p1a: Raikou
|
|
|switch|p1a: Empoleon|Empoleon, M|372\/372
|turn|13
|
|move|p2a: Mienshao|High Jump Kick|p1a: Empoleon
|-supereffective|p1a: Empoleon
|-damage|p1a: Empoleon|0 fnt
|faint|p1a: Empoleon
|
|
|switch|p1a: Hydreigon|Hydreigon, M|326\/326
|turn|14
|
|move|p2a: Mienshao|High Jump Kick|p1a: Hydreigon
|-supereffective|p1a: Hydreigon
|-damage|p1a: Hydreigon|0 fnt
|faint|p1a: Hydreigon
|
|win|tigfi
|raw|Ladder updating...
|raw|Wolfhead69's rating: 1584 &rarr; <strong>1555<\/strong><br \/>(-29 for losing)
|raw|tigfi's rating: 1414 &rarr; <strong>1443<\/strong><br \/>(+29 for winning)
|c|âtigfi|gg
|c|âWolfhead69|gg
|leave|Wolfhead69
|player|p1