|join|AquaCat
|join|Wolfhead69
|player|p1|AquaCat|45
|player|p2|Wolfhead69|265
|gametype|singles
|gen|6
|tier|UU
|rated
|rule|Sleep Clause Mod: Limit one foe put to sleep
|rule|Species Clause: Limit one of each PokÃ©mon
|rule|OHKO Clause: OHKO moves are banned
|rule|Moody Clause: Moody is banned
|rule|Evasion Moves Clause: Evasion moves are banned
|rule|Endless Battle Clause: Forcing endless battles is banned
|rule|HP Percentage Mod: HP is shown in percentages
|clearpoke
|poke|p1|Toxicroak, M, shiny
|poke|p1|Celebi
|poke|p1|Hydreigon, F, shiny
|poke|p1|Jirachi, shiny
|poke|p1|Gligar, M, shiny
|poke|p1|Vaporeon, M, shiny
|poke|p2|Aerodactyl, M
|poke|p2|Raikou
|poke|p2|Lucario, M
|poke|p2|Chandelure, M
|poke|p2|Crobat, M
|poke|p2|Swampert, M
|rule|Swagger Clause: Swagger is banned
|rule|Baton Pass Clause: Limit one PokÃ©mon knowing Baton Pass
|teampreview
|
|start
|switch|p1a: Jirachi|Jirachi, shiny|341\/341
|switch|p2a: Swampert|Swampert, M|404\/404
|turn|1
|
|move|p1a: Jirachi|U-turn|p2a: Swampert
|-damage|p2a: Swampert|362\/404
|
|switch|p1a: Celebi|Celebi|391\/391
|move|p2a: Swampert|Earth Power|p1a: Celebi
|-crit|p1a: Celebi
|-resisted|p1a: Celebi
|-damage|p1a: Celebi|328\/391
|
|-heal|p1a: Celebi|352\/391|[from] item: Leftovers
|-heal|p2a: Swampert|387\/404|[from] item: Leftovers
|turn|2
|
|switch|p2a: Chandelure|Chandelure, M|261\/261
|move|p1a: Celebi|Baton Pass|p1a: Celebi
|
|switch|p1a: Hydreigon|Hydreigon, F, shiny|325\/325
|
|turn|3
|
|switch|p2a: Lucario|Lucario, M|282\/282
|move|p1a: Hydreigon|Dark Pulse|p2a: Lucario
|-resisted|p2a: Lucario
|-damage|p2a: Lucario|153\/282
|-boost|p2a: Lucario|atk|1|[from] ability: Justified
|-damage|p1a: Hydreigon|293\/325|[from] item: Life Orb
|
|turn|4
|
|move|p2a: Lucario|Extreme Speed|p1a: Hydreigon
|-damage|p1a: Hydreigon|105\/325
|-damage|p2a: Lucario|125\/282|[from] item: Life Orb
|move|p1a: Hydreigon|Draco Meteor|p2a: Lucario
|-resisted|p2a: Lucario
|-damage|p2a: Lucario|0 fnt
|-unboost|p1a: Hydreigon|spa|2
|-damage|p1a: Hydreigon|73\/325|[from] item: Life Orb
|faint|p2a: Lucario
|
|
|switch|p2a: Aerodactyl|Aerodactyl, M|302\/302
|-ability|p2a: Aerodactyl|Pressure
|turn|5
|
|switch|p1a: Vaporeon|Vaporeon, M, shiny|464\/464
|detailschange|p2a: Aerodactyl|Aerodactyl-Mega, M
|message|Aerodactyl has Mega Evolved into Mega Aerodactyl!
|move|p2a: Aerodactyl|Hone Claws|p2a: Aerodactyl
|-boost|p2a: Aerodactyl|atk|1
|-boost|p2a: Aerodactyl|accuracy|1
|
|turn|6
|
|move|p2a: Aerodactyl|Stone Edge|p1a: Vaporeon
|-damage|p1a: Vaporeon|184\/464
|move|p1a: Vaporeon|Scald|p2a: Aerodactyl
|-supereffective|p2a: Aerodactyl
|-damage|p2a: Aerodactyl|104\/302
|
|-heal|p1a: Vaporeon|213\/464|[from] item: Leftovers
|turn|7
|
|move|p1a: Vaporeon|Protect|p1a: Vaporeon
|-singleturn|p1a: Vaporeon|Protect
|move|p2a: Aerodactyl|Hone Claws|p2a: Aerodactyl
|-boost|p2a: Aerodactyl|atk|1
|-boost|p2a: Aerodactyl|accuracy|1
|
|-heal|p1a: Vaporeon|242\/464|[from] item: Leftovers
|turn|8
|
|switch|p1a: Gligar|Gligar, M, shiny|334\/334
|move|p2a: Aerodactyl|Earthquake|p1a: Gligar
|-immune|p1a: Gligar|[msg]
|
|turn|9
|
|move|p2a: Aerodactyl|Stone Edge|p1a: Gligar
|-damage|p1a: Gligar|94\/334
|move|p1a: Gligar|Stealth Rock|p2a: Aerodactyl
|-sidestart|p2: Wolfhead69|move: Stealth Rock
|
|turn|10
|
|move|p2a: Aerodactyl|Aerial Ace|p1a: Gligar
|-damage|p1a: Gligar|0 fnt
|faint|p1a: Gligar
|
|
|switch|p1a: Jirachi|Jirachi, shiny|341\/341
|turn|11
|
|switch|p2a: Swampert|Swampert, M|387\/404
|-damage|p2a: Swampert|362\/404|[from] Stealth Rock
|move|p1a: Jirachi|Iron Head|p2a: Swampert
|-resisted|p2a: Swampert
|-damage|p2a: Swampert|326\/404
|
|-heal|p2a: Swampert|351\/404|[from] item: Leftovers
|turn|12
|
|switch|p1a: Celebi|Celebi|352\/391
|switch|p2a: Crobat|Crobat, M|312\/312
|-damage|p2a: Crobat|234\/312|[from] Stealth Rock
|
|-heal|p2a: Crobat|253\/312|[from] item: Black Sludge
|-heal|p1a: Celebi|376\/391|[from] item: Leftovers
|turn|13
|
|switch|p1a: Jirachi|Jirachi, shiny|341\/341
|move|p2a: Crobat|Defog|p1a: Jirachi
|-unboost|p1a: Jirachi|evasion|1
|-sideend|p2: Wolfhead69|Stealth Rock|[from] move: Defog|[of] p2a: Crobat
|
|-heal|p2a: Crobat|272\/312|[from] item: Black Sludge
|turn|14
|
|switch|p2a: Chandelure|Chandelure, M|261\/261
|move|p1a: Jirachi|U-turn|p2a: Chandelure
|-resisted|p2a: Chandelure
|-damage|p2a: Chandelure|246\/261
|
|switch|p1a: Toxicroak|Toxicroak, M, shiny|308\/308
|
|turn|15
|
|move|p1a: Toxicroak|Sucker Punch|p2a: Chandelure
|-fail|p2a: Chandelure
|move|p2a: Chandelure|Trick|p1a: Toxicroak
|-activate|p2a: Chandelure|move: Trick|[of] p1a: Toxicroak
|-item|p1a: Toxicroak|Choice Scarf|[from] move: Trick
|-item|p2a: Chandelure|Life Orb|[from] move: Trick
|
|turn|16
|
|move|p1a: Toxicroak|Sucker Punch|p2a: Chandelure
|-supereffective|p2a: Chandelure
|-damage|p2a: Chandelure|72\/261
|move|p2a: Chandelure|Fire Blast|p1a: Toxicroak
|-crit|p1a: Toxicroak
|-damage|p1a: Toxicroak|0 fnt
|-damage|p2a: Chandelure|46\/261|[from] item: Life Orb
|faint|p1a: Toxicroak
|
|
|switch|p1a: Jirachi|Jirachi, shiny|341\/341
|turn|17
|
|move|p1a: Jirachi|Iron Head|p2a: Chandelure
|-crit|p2a: Chandelure
|-resisted|p2a: Chandelure
|-damage|p2a: Chandelure|0 fnt
|faint|p2a: Chandelure
|
|
|switch|p2a: Raikou|Raikou|322\/322
|-ability|p2a: Raikou|Pressure
|turn|18
|
|move|p1a: Jirachi|Iron Head|p2a: Raikou
|-resisted|p2a: Raikou
|-damage|p2a: Raikou|263\/322
|cant|p2a: Raikou|flinch
|
|turn|19
|
|move|p1a: Jirachi|Iron Head|p2a: Raikou
|-resisted|p2a: Raikou
|-damage|p2a: Raikou|202\/322
|move|p2a: Raikou|Shadow Ball|p1a: Jirachi
|-supereffective|p1a: Jirachi
|-damage|p1a: Jirachi|115\/341
|-unboost|p1a: Jirachi|spd|1
|-damage|p2a: Raikou|170\/322|[from] item: Life Orb
|
|turn|20
|
|switch|p1a: Hydreigon|Hydreigon, F, shiny|73\/325
|move|p2a: Raikou|Volt Switch|p1a: Hydreigon
|-resisted|p1a: Hydreigon
|-damage|p1a: Hydreigon|0 fnt
|-damage|p2a: Raikou|138\/322|[from] item: Life Orb
|faint|p1a: Hydreigon
|
|switch|p2a: Swampert|Swampert, M|351\/404
|
|-heal|p2a: Swampert|376\/404|[from] item: Leftovers
|
|switch|p1a: Celebi|Celebi|376\/391
|turn|21
|
|switch|p2a: Raikou|Raikou|138\/322
|-ability|p2a: Raikou|Pressure
|move|p1a: Celebi|Swords Dance|p1a: Celebi
|-boost|p1a: Celebi|atk|2
|
|-heal|p1a: Celebi|391\/391|[from] item: Leftovers
|turn|22
|
|move|p2a: Raikou|Shadow Ball|p1a: Celebi
|-crit|p1a: Celebi
|-supereffective|p1a: Celebi
|-damage|p1a: Celebi|56\/391
|-damage|p2a: Raikou|106\/322|[from] item: Life Orb
|move|p1a: Celebi|Seed Bomb|p2a: Raikou
|-damage|p2a: Raikou|0 fnt
|faint|p2a: Raikou
|
|-heal|p1a: Celebi|80\/391|[from] item: Leftovers
|
|switch|p2a: Crobat|Crobat, M|272\/312
|turn|23
|
|switch|p1a: Vaporeon|Vaporeon, M, shiny|242\/464
|move|p2a: Crobat|U-turn|p1a: Vaporeon
|-damage|p1a: Vaporeon|171\/464
|
|switch|p2a: Aerodactyl|Aerodactyl-Mega, M|104\/302
|
|-heal|p1a: Vaporeon|200\/464|[from] item: Leftovers
|turn|24
|
|move|p2a: Aerodactyl|Aerial Ace|p1a: Vaporeon
|-damage|p1a: Vaporeon|40\/464
|move|p1a: Vaporeon|Scald|p2a: Aerodactyl
|-supereffective|p2a: Aerodactyl
|-damage|p2a: Aerodactyl|0 fnt
|faint|p2a: Aerodactyl
|
|-heal|p1a: Vaporeon|69\/464|[from] item: Leftovers
|
|switch|p2a: Crobat|Crobat, M|272\/312
|turn|25
|
|move|p1a: Vaporeon|Protect|p1a: Vaporeon
|-singleturn|p1a: Vaporeon|Protect
|move|p2a: Crobat|Brave Bird|p1a: Vaporeon
|-activate|p1a: Vaporeon|Protect
|
|-heal|p2a: Crobat|291\/312|[from] item: Black Sludge
|-heal|p1a: Vaporeon|98\/464|[from] item: Leftovers
|turn|26
|
|switch|p1a: Celebi|Celebi|80\/391
|move|p2a: Crobat|Brave Bird|p1a: Celebi
|-supereffective|p1a: Celebi
|-damage|p1a: Celebi|0 fnt
|-damage|p2a: Crobat|265\/312|[from] recoil|[of] p1a: Celebi
|faint|p1a: Celebi
|
|-heal|p2a: Crobat|284\/312|[from] item: Black Sludge
|
|switch|p1a: Vaporeon|Vaporeon, M, shiny|98\/464
|turn|27
|
|move|p1a: Vaporeon|Protect|p1a: Vaporeon
|-singleturn|p1a: Vaporeon|Protect
|move|p2a: Crobat|Brave Bird|p1a: Vaporeon
|-activate|p1a: Vaporeon|Protect
|
|-heal|p2a: Crobat|303\/312|[from] item: Black Sludge
|-heal|p1a: Vaporeon|127\/464|[from] item: Leftovers
|turn|28
|
|switch|p1a: Jirachi|Jirachi, shiny|115\/341
|move|p2a: Crobat|Brave Bird|p1a: Jirachi
|-resisted|p1a: Jirachi
|-damage|p1a: Jirachi|27\/341
|-damage|p2a: Crobat|274\/312|[from] recoil|[of] p1a: Jirachi
|
|-heal|p2a: Crobat|293\/312|[from] item: Black Sludge
|turn|29
|
|switch|p2a: Swampert|Swampert, M|376\/404
|move|p1a: Jirachi|Trick|p2a: Swampert
|-activate|p1a: Jirachi|move: Trick|[of] p2a: Swampert
|-item|p2a: Swampert|Choice Scarf|[from] move: Trick
|-item|p1a: Jirachi|Leftovers|[from] move: Trick
|
|-heal|p1a: Jirachi|48\/341|[from] item: Leftovers
|turn|30
|
|move|p1a: Jirachi|Iron Head|p2a: Swampert
|-resisted|p2a: Swampert
|-damage|p2a: Swampert|340\/404
|move|p2a: Swampert|Earth Power|p1a: Jirachi
|-supereffective|p1a: Jirachi
|-damage|p1a: Jirachi|0 fnt
|faint|p1a: Jirachi
|
|
|switch|p1a: Vaporeon|Vaporeon, M, shiny|127\/464
|turn|31
|
|move|p1a: Vaporeon|Protect|p1a: Vaporeon
|-singleturn|p1a: Vaporeon|Protect
|move|p2a: Swampert|Earth Power|p1a: Vaporeon
|-activate|p1a: Vaporeon|Protect
|
|-heal|p1a: Vaporeon|156\/464|[from] item: Leftovers
|turn|32
|
|move|p2a: Swampert|Earth Power|p1a: Vaporeon
|-damage|p1a: Vaporeon|57\/464
|move|p1a: Vaporeon|Wish|p1a: Vaporeon
|
|-heal|p1a: Vaporeon|86\/464|[from] item: Leftovers
|turn|33
|
|switch|p2a: Crobat|Crobat, M|293\/312
|move|p1a: Vaporeon|Protect|p1a: Vaporeon
|-fail|p1a: Vaporeon
|
|-heal|p1a: Vaporeon|318\/464|[from] move: Wish|[wisher] Vaporeon
|-heal|p2a: Crobat|312\/312|[from] item: Black Sludge
|-heal|p1a: Vaporeon|347\/464|[from] item: Leftovers
|turn|34
|
|move|p1a: Vaporeon|Protect|p1a: Vaporeon
|-singleturn|p1a: Vaporeon|Protect
|move|p2a: Crobat|Brave Bird|p1a: Vaporeon
|-activate|p1a: Vaporeon|Protect
|
|-heal|p1a: Vaporeon|376\/464|[from] item: Leftovers
|turn|35
|
|switch|p2a: Swampert|Swampert, M|340\/404
|move|p1a: Vaporeon|Wish|p1a: Vaporeon
|
|-heal|p1a: Vaporeon|405\/464|[from] item: Leftovers
|turn|36
|
|move|p2a: Swampert|Yawn|p1a: Vaporeon
|-start|p1a: Vaporeon|move: Yawn|[of] p2a: Swampert
|move|p1a: Vaporeon|Scald|p2a: Swampert
|-damage|p2a: Swampert|232\/404
|-status|p2a: Swampert|brn
|
|-heal|p1a: Vaporeon|464\/464|[from] move: Wish|[wisher] Vaporeon
|-damage|p2a: Swampert|182\/404 brn|[from] brn
|turn|37
|
|switch|p2a: Crobat|Crobat, M|312\/312
|move|p1a: Vaporeon|Scald|p2a: Crobat
|-crit|p2a: Crobat
|-damage|p2a: Crobat|123\/312
|
|-status|p1a: Vaporeon|slp
|-heal|p2a: Crobat|142\/312|[from] item: Black Sludge
|turn|38
|
|move|p2a: Crobat|Brave Bird|p1a: Vaporeon
|-damage|p1a: Vaporeon|308\/464 slp
|-damage|p2a: Crobat|91\/312|[from] recoil|[of] p1a: Vaporeon
|cant|p1a: Vaporeon|slp
|
|-heal|p2a: Crobat|110\/312|[from] item: Black Sludge
|-heal|p1a: Vaporeon|337\/464 slp|[from] item: Leftovers
|turn|39
|
|move|p2a: Crobat|Brave Bird|p1a: Vaporeon
|-damage|p1a: Vaporeon|177\/464 slp
|-damage|p2a: Crobat|57\/312|[from] recoil|[of] p1a: Vaporeon
|cant|p1a: Vaporeon|slp
|
|-heal|p2a: Crobat|76\/312|[from] item: Black Sludge
|-heal|p1a: Vaporeon|206\/464 slp|[from] item: Leftovers
|turn|40
|
|move|p2a: Crobat|Brave Bird|p1a: Vaporeon
|-damage|p1a: Vaporeon|25\/464 slp
|-damage|p2a: Crobat|16\/312|[from] recoil|[of] p1a: Vaporeon
|-curestatus|p1a: Vaporeon|slp
|move|p1a: Vaporeon|Wish|p1a: Vaporeon
|
|-heal|p2a: Crobat|35\/312|[from] item: Black Sludge
|-heal|p1a: Vaporeon|54\/464|[from] item: Leftovers
|turn|41
|
|move|p1a: Vaporeon|Protect|p1a: Vaporeon
|-singleturn|p1a: Vaporeon|Protect
|move|p2a: Crobat|Roost|p2a: Crobat
|-heal|p2a: Crobat|191\/312
|
|-heal|p1a: Vaporeon|286\/464|[from] move: Wish|[wisher] Vaporeon
|-heal|p2a: Crobat|210\/312|[from] item: Black Sludge
|-heal|p1a: Vaporeon|315\/464|[from] item: Leftovers
|turn|42
|
|switch|p2a: Swampert|Swampert, M|182\/404 brn
|move|p1a: Vaporeon|Scald|p2a: Swampert
|-damage|p2a: Swampert|65\/404 brn
|
|-heal|p1a: Vaporeon|344\/464|[from] item: Leftovers
|-damage|p2a: Swampert|15\/404 brn|[from] brn
|turn|43
|
|move|p1a: Vaporeon|Protect|p1a: Vaporeon
|-singleturn|p1a: Vaporeon|Protect
|move|p2a: Swampert|Yawn|p1a: Vaporeon
|-activate|p1a: Vaporeon|Protect
|
|-heal|p1a: Vaporeon|373\/464|[from] item: Leftovers
|-damage|p2a: Swampert|0 fnt|[from] brn
|faint|p2a: Swampert
|
|switch|p2a: Crobat|Crobat, M|210\/312
|turn|44
|c|âAquaCat|Gg
|
|move|p2a: Crobat|Brave Bird|p1a: Vaporeon
|-damage|p1a: Vaporeon|214\/464
|-damage|p2a: Crobat|158\/312|[from] recoil|[of] p1a: Vaporeon
|move|p1a: Vaporeon|Wish|p1a: Vaporeon
|
|-heal|p2a: Crobat|177\/312|[from] item: Black Sludge
|-heal|p1a: Vaporeon|243\/464|[from] item: Leftovers
|turn|45
|
|move|p2a: Crobat|Brave Bird|p1a: Vaporeon
|-damage|p1a: Vaporeon|78\/464
|-damage|p2a: Crobat|123\/312|[from] recoil|[of] p1a: Vaporeon
|move|p1a: Vaporeon|Scald|p2a: Crobat
|-damage|p2a: Crobat|0 fnt
|faint|p2a: Crobat
|
|win|AquaCat
|raw|Ladder updating...
|raw|AquaCat's rating: 1502 &rarr; <strong>1523<\/strong><br \/>(+21 for winning)
|raw|Wolfhead69's rating: 1512 &rarr; <strong>1492<\/strong><br \/>(-20 for losing)
|leave|Wolfhead69
|player|p2