|join|under 500
|join|Wolfhead69
|player|p1|under 500|171
|player|p2|Wolfhead69|1
|gametype|singles
|gen|6
|tier|UU
|rated
|rule|Sleep Clause Mod: Limit one foe put to sleep
|rule|Species Clause: Limit one of each PokÃ©mon
|rule|OHKO Clause: OHKO moves are banned
|rule|Moody Clause: Moody is banned
|rule|Evasion Moves Clause: Evasion moves are banned
|rule|Endless Battle Clause: Forcing endless battles is banned
|rule|HP Percentage Mod: HP is shown in percentages
|clearpoke
|poke|p1|Slowking, F
|poke|p1|Diancie
|poke|p1|Cofagrigus, F
|poke|p1|Rhyperior, F
|poke|p1|Escavalier, F
|poke|p1|Omastar, M
|poke|p2|Aerodactyl, F
|poke|p2|Lucario, M
|poke|p2|Chandelure, F
|poke|p2|Galvantula, M
|poke|p2|Donphan, F
|poke|p2|Empoleon, F
|rule|Swagger Clause: Swagger is banned
|rule|Baton Pass Clause: Limit one PokÃ©mon knowing Baton Pass
|teampreview
|
|start
|switch|p1a: "SMASHING"|Omastar, M|281\/281
|switch|p2a: Galvantula|Galvantula, M|282\/282
|turn|1
|
|move|p2a: Galvantula|Thunder|p1a: "SMASHING"|[miss]
|-miss|p2a: Galvantula|p1a: "SMASHING"
|move|p1a: "SMASHING"|Scald|p2a: Galvantula
|-damage|p2a: Galvantula|80\/282
|
|turn|2
|
|move|p2a: Galvantula|Giga Drain|p1a: "SMASHING"
|-supereffective|p1a: "SMASHING"
|-enditem|p1a: "SMASHING"|Focus Sash
|-damage|p1a: "SMASHING"|1\/281
|-heal|p2a: Galvantula|220\/282|[from] drain|[of] p1a: "SMASHING"
|move|p1a: "SMASHING"|Spikes|p2a: Galvantula
|-sidestart|p2: Wolfhead69|Spikes
|
|turn|3
|
|move|p2a: Galvantula|Giga Drain|p1a: "SMASHING"
|-supereffective|p1a: "SMASHING"
|-damage|p1a: "SMASHING"|0 fnt
|-heal|p2a: Galvantula|221\/282|[from] drain|[of] p1a: "SMASHING"
|faint|p1a: "SMASHING"
|
|
|switch|p1a: "5P00KY"|Cofagrigus, F|320\/320
|turn|4
|
|move|p2a: Galvantula|Thunder|p1a: "5P00KY"
|-damage|p1a: "5P00KY"|175\/320
|move|p1a: "5P00KY"|Trick Room|p1a: "5P00KY"
|-fieldstart|move: Trick Room|[of] p1a: "5P00KY"
|
|-heal|p1a: "5P00KY"|195\/320|[from] item: Leftovers
|turn|5
|
|move|p1a: "5P00KY"|Shadow Ball|p2a: Galvantula
|-damage|p2a: Galvantula|32\/282
|move|p2a: Galvantula|Thunder|p1a: "5P00KY"
|-damage|p1a: "5P00KY"|27\/320
|
|-heal|p1a: "5P00KY"|47\/320|[from] item: Leftovers
|turn|6
|join|Bud Hertz
|join|blitzfiend
|
|move|p1a: "5P00KY"|Shadow Ball|p2a: Galvantula
|-damage|p2a: Galvantula|0 fnt
|faint|p2a: Galvantula
|
|-heal|p1a: "5P00KY"|67\/320|[from] item: Leftovers
|
|switch|p2a: Empoleon|Empoleon, F|372\/372
|-damage|p2a: Empoleon|326\/372|[from] Spikes
|turn|7
|join|belev
|
|move|p1a: "5P00KY"|Shadow Ball|p2a: Empoleon
|-damage|p2a: Empoleon|212\/372
|move|p2a: Empoleon|Scald|p1a: "5P00KY"
|-damage|p1a: "5P00KY"|0 fnt
|faint|p1a: "5P00KY"
|
|-heal|p2a: Empoleon|235\/372|[from] item: Leftovers
|
|switch|p1a: "COUNTER"|Rhyperior, F|434\/434
|turn|8
|
|switch|p2a: Aerodactyl|Aerodactyl, F|302\/302
|-ability|p2a: Aerodactyl|Pressure
|move|p1a: "COUNTER"|Earthquake|p2a: Aerodactyl
|-immune|p2a: Aerodactyl|[msg]
|
|-fieldend|move: Trick Room
|turn|9
|
|switch|p1a: "KNOCK OFF"|Slowking, F|394\/394
|detailschange|p2a: Aerodactyl|Aerodactyl-Mega, F
|message|Aerodactyl has Mega Evolved into Mega Aerodactyl!
|move|p2a: Aerodactyl|Earthquake|p1a: "KNOCK OFF"
|-damage|p1a: "KNOCK OFF"|250\/394
|
|turn|10
|
|move|p2a: Aerodactyl|Stone Edge|p1a: "KNOCK OFF"|[miss]
|-miss|p2a: Aerodactyl|p1a: "KNOCK OFF"
|move|p1a: "KNOCK OFF"|Trick Room|p1a: "KNOCK OFF"
|-fieldstart|move: Trick Room|[of] p1a: "KNOCK OFF"
|
|turn|11
|
|switch|p1a: "COUNTER"|Rhyperior, F|434\/434
|switch|p2a: Empoleon|Empoleon, F|235\/372
|-damage|p2a: Empoleon|189\/372|[from] Spikes
|
|-heal|p2a: Empoleon|212\/372|[from] item: Leftovers
|turn|12
|
|switch|p2a: Aerodactyl|Aerodactyl-Mega, F|302\/302
|move|p1a: "COUNTER"|Earthquake|p2a: Aerodactyl
|-immune|p2a: Aerodactyl|[msg]
|
|turn|13
|
|switch|p2a: Empoleon|Empoleon, F|212\/372
|-damage|p2a: Empoleon|166\/372|[from] Spikes
|move|p1a: "COUNTER"|Earthquake|p2a: Empoleon
|-supereffective|p2a: Empoleon
|-damage|p2a: Empoleon|0 fnt
|-damage|p1a: "COUNTER"|391\/434|[from] item: Life Orb
|faint|p2a: Empoleon
|
|
|switch|p2a: Donphan|Donphan, F|384\/384
|-damage|p2a: Donphan|336\/384|[from] Spikes
|turn|14
|
|move|p1a: "COUNTER"|Earthquake|p2a: Donphan
|-damage|p2a: Donphan|90\/384
|-damage|p1a: "COUNTER"|348\/434|[from] item: Life Orb
|move|p2a: Donphan|Rapid Spin|p1a: "COUNTER"
|-resisted|p1a: "COUNTER"
|-damage|p1a: "COUNTER"|338\/434
|-sideend|p2: Wolfhead69|Spikes|[from] move: Rapid Spin|[of] p2a: Donphan
|
|-heal|p2a: Donphan|114\/384|[from] item: Leftovers
|-fieldend|move: Trick Room
|turn|15
|join|deoxys speed lol
|
|move|p2a: Donphan|Knock Off|p1a: "COUNTER"
|-damage|p1a: "COUNTER"|237\/434
|-enditem|p1a: "COUNTER"|Life Orb|[from] move: Knock Off|[of] p2a: Donphan
|move|p1a: "COUNTER"|Ice Punch|p2a: Donphan
|-supereffective|p2a: Donphan
|-damage|p2a: Donphan|0 fnt
|faint|p2a: Donphan
|
|
|switch|p2a: Chandelure|Chandelure, F|261\/261
|turn|16
|
|move|p2a: Chandelure|Shadow Ball|p1a: "COUNTER"
|-damage|p1a: "COUNTER"|0 fnt
|faint|p1a: "COUNTER"
|
|
|switch|p1a: "NIDO"|Diancie|241\/241
|turn|17
|
|move|p2a: Chandelure|Shadow Ball|p1a: "NIDO"
|-damage|p1a: "NIDO"|123\/241
|move|p1a: "NIDO"|Trick Room|p1a: "NIDO"
|-fieldstart|move: Trick Room|[of] p1a: "NIDO"
|
|turn|18
|
|move|p1a: "NIDO"|Diamond Storm|p2a: Chandelure
|-supereffective|p2a: Chandelure
|-damage|p2a: Chandelure|0 fnt
|-boost|p1a: "NIDO"|def|1
|-damage|p1a: "NIDO"|99\/241|[from] item: Life Orb
|faint|p2a: Chandelure
|
|
|switch|p2a: Lucario|Lucario, M|282\/282
|turn|19
|
|switch|p2a: Aerodactyl|Aerodactyl-Mega, F|302\/302
|move|p1a: "NIDO"|Moonblast|p2a: Aerodactyl
|-damage|p2a: Aerodactyl|106\/302
|-unboost|p2a: Aerodactyl|spa|1
|-damage|p1a: "NIDO"|75\/241|[from] item: Life Orb
|
|turn|20
|
|move|p1a: "NIDO"|Moonblast|p2a: Aerodactyl
|-damage|p2a: Aerodactyl|0 fnt
|-damage|p1a: "NIDO"|51\/241|[from] item: Life Orb
|faint|p2a: Aerodactyl
|
|
|switch|p2a: Lucario|Lucario, M|282\/282
|turn|21
|
|move|p1a: "NIDO"|Moonblast|p2a: Lucario
|-damage|p2a: Lucario|36\/282
|-damage|p1a: "NIDO"|27\/241|[from] item: Life Orb
|move|p2a: Lucario|Swords Dance|p2a: Lucario
|-boost|p2a: Lucario|atk|2
|
|-fieldend|move: Trick Room
|turn|22
|-message|Wolfhead69 forfeited.
|
|win|under 500
|raw|Ladder updating...
|c|âunder 500|gg
|leave|Wolfhead69
|player|p2
|raw|under 500's rating: 1740 &rarr; <strong>1754<\/strong><br \/>(+14 for winning)
|raw|Wolfhead69's rating: 1619 &rarr; <strong>1605<\/strong><br \/>(-14 for losing)
|c|âunder 500|AYYYYYYYY