|join|Top > Bottom
|join|Wolfhead69
|player|p1|Top > Bottom|263
|player|p2|Wolfhead69|102
|gametype|singles
|gen|6
|tier|UU
|rated
|rule|Sleep Clause Mod: Limit one foe put to sleep
|rule|Species Clause: Limit one of each PokÃ©mon
|rule|OHKO Clause: OHKO moves are banned
|rule|Moody Clause: Moody is banned
|rule|Evasion Moves Clause: Evasion moves are banned
|rule|Endless Battle Clause: Forcing endless battles is banned
|rule|HP Percentage Mod: HP is shown in percentages
|clearpoke
|poke|p1|Lucario, F
|poke|p1|Absol, M
|poke|p1|Crobat, F
|poke|p1|Diggersby, M
|poke|p1|Nidoking, M
|poke|p1|Suicune
|poke|p2|Scrafty, F
|poke|p2|Crobat, M
|poke|p2|Nidoqueen, F
|poke|p2|Rotom-Heat
|poke|p2|Metagross
|poke|p2|Blastoise, M
|rule|Swagger Clause: Swagger is banned
|rule|Baton Pass Clause: Limit one PokÃ©mon knowing Baton Pass
|teampreview
|
|start
|switch|p1a: Absol|Absol, M|271\/271
|switch|p2a: Rotom-Heat|Rotom-Heat|242\/242
|turn|1
|
|detailschange|p1a: Absol|Absol-Mega, M
|message|Absol has Mega Evolved into Mega Absol!
|move|p2a: Rotom-Heat|Volt Switch|p1a: Absol
|-damage|p1a: Absol|102\/271
|
|switch|p2a: Scrafty|Scrafty, F|272\/272
|move|p1a: Absol|Swords Dance|p1a: Absol
|-boost|p1a: Absol|atk|2
|
|turn|2
|
|switch|p2a: Crobat|Crobat, M|312\/312
|move|p1a: Absol|Baton Pass|p1a: Absol
|
|switch|p1a: Diggersby|Diggersby, M|311\/311
|
|turn|3
|
|move|p2a: Crobat|Brave Bird|p1a: Diggersby
|-crit|p1a: Diggersby
|-damage|p1a: Diggersby|19\/311
|-damage|p2a: Crobat|216\/312|[from] recoil|[of] p1a: Diggersby
|move|p1a: Diggersby|Return|p2a: Crobat
|-damage|p2a: Crobat|0 fnt
|faint|p2a: Crobat
|
|
|switch|p2a: Rotom-Heat|Rotom-Heat|242\/242
|turn|4
|
|switch|p1a: Suicune|Suicune|341\/341
|-ability|p1a: Suicune|Pressure
|move|p2a: Rotom-Heat|Overheat|p1a: Suicune
|-resisted|p1a: Suicune
|-damage|p1a: Suicune|258\/341
|-unboost|p2a: Rotom-Heat|spa|2
|
|-heal|p1a: Suicune|279\/341|[from] item: Leftovers
|turn|5
|join|Eyan
|
|switch|p2a: Blastoise|Blastoise, M|362\/362
|move|p1a: Suicune|Calm Mind|p1a: Suicune
|-boost|p1a: Suicune|spa|1
|-boost|p1a: Suicune|spd|1
|
|-heal|p1a: Suicune|300\/341|[from] item: Leftovers
|turn|6
|
|switch|p2a: Rotom-Heat|Rotom-Heat|242\/242
|move|p1a: Suicune|Scald|p2a: Rotom-Heat
|-supereffective|p2a: Rotom-Heat
|-damage|p2a: Rotom-Heat|0 fnt
|faint|p2a: Rotom-Heat
|
|-heal|p1a: Suicune|321\/341|[from] item: Leftovers
|
|switch|p2a: Scrafty|Scrafty, F|272\/272
|turn|7
|
|move|p1a: Suicune|Calm Mind|p1a: Suicune
|-boost|p1a: Suicune|spa|1
|-boost|p1a: Suicune|spd|1
|move|p2a: Scrafty|Dragon Dance|p2a: Scrafty
|-boost|p2a: Scrafty|atk|1
|-boost|p2a: Scrafty|spe|1
|
|-heal|p1a: Suicune|341\/341|[from] item: Leftovers
|turn|8
|
|move|p2a: Scrafty|Knock Off|p1a: Suicune
|-crit|p1a: Suicune
|-damage|p1a: Suicune|52\/341
|-enditem|p1a: Suicune|Leftovers|[from] move: Knock Off|[of] p2a: Scrafty
|move|p1a: Suicune|Scald|p2a: Scrafty
|-damage|p2a: Scrafty|70\/272
|
|-heal|p2a: Scrafty|87\/272|[from] item: Leftovers
|turn|9
|
|move|p2a: Scrafty|Drain Punch|p1a: Suicune
|-damage|p1a: Suicune|0 fnt
|-heal|p2a: Scrafty|113\/272|[from] drain|[of] p1a: Suicune
|faint|p1a: Suicune
|-boost|p2a: Scrafty|atk|1|[from] ability: Moxie
|
|-heal|p2a: Scrafty|130\/272|[from] item: Leftovers
|
|switch|p1a: Crobat|Crobat, F|323\/323
|turn|10
|
|move|p1a: Crobat|Brave Bird|p2a: Scrafty
|-supereffective|p2a: Scrafty
|-damage|p2a: Scrafty|0 fnt
|-damage|p1a: Crobat|280\/323|[from] recoil|[of] p2a: Scrafty
|faint|p2a: Scrafty
|
|
|switch|p2a: Metagross|Metagross|321\/321
|turn|11
|
|switch|p1a: Absol|Absol-Mega, M|102\/271
|move|p2a: Metagross|Agility|p2a: Metagross
|-boost|p2a: Metagross|spe|2
|
|turn|12
|
|move|p1a: Absol|Sucker Punch|p2a: Metagross
|-supereffective|p2a: Metagross
|-damage|p2a: Metagross|85\/321
|move|p2a: Metagross|Meteor Mash|p1a: Absol
|-damage|p1a: Absol|0 fnt
|-boost|p2a: Metagross|atk|1
|faint|p1a: Absol
|
|-heal|p2a: Metagross|105\/321|[from] item: Leftovers
|
|switch|p1a: Lucario|Lucario, F|281\/281
|turn|13
|
|move|p1a: Lucario|Extreme Speed|p2a: Metagross
|-resisted|p2a: Metagross
|-damage|p2a: Metagross|58\/321
|-damage|p1a: Lucario|253\/281|[from] item: Life Orb
|move|p2a: Metagross|Earthquake|p1a: Lucario
|-supereffective|p1a: Lucario
|-damage|p1a: Lucario|0 fnt
|faint|p1a: Lucario
|
|-heal|p2a: Metagross|78\/321|[from] item: Leftovers
|
|switch|p1a: Crobat|Crobat, F|280\/323
|turn|14
|
|move|p1a: Crobat|Brave Bird|p2a: Metagross
|-resisted|p2a: Metagross
|-damage|p2a: Metagross|11\/321
|-damage|p1a: Crobat|258\/323|[from] recoil|[of] p2a: Metagross
|move|p2a: Metagross|Zen Headbutt|p1a: Crobat
|-supereffective|p1a: Crobat
|-damage|p1a: Crobat|0 fnt
|faint|p1a: Crobat
|
|-heal|p2a: Metagross|31\/321|[from] item: Leftovers
|
|switch|p1a: Diggersby|Diggersby, M|19\/311
|turn|15
|
|move|p1a: Diggersby|Quick Attack|p2a: Metagross
|-crit|p2a: Metagross
|-resisted|p2a: Metagross
|-damage|p2a: Metagross|0 fnt
|faint|p2a: Metagross
|
|
|switch|p2a: Blastoise|Blastoise, M|362\/362
|turn|16
|
|detailschange|p2a: Blastoise|Blastoise-Mega, M
|message|Blastoise has Mega Evolved into Mega Blastoise!
|move|p1a: Diggersby|Quick Attack|p2a: Blastoise
|-damage|p2a: Blastoise|241\/362
|move|p2a: Blastoise|Water Pulse|p1a: Diggersby
|-supereffective|p1a: Diggersby
|-damage|p1a: Diggersby|0 fnt
|faint|p1a: Diggersby
|
|
|switch|p1a: Nidoking|Nidoking, M|304\/304
|turn|17
|
|move|p1a: Nidoking|Thunderbolt|p2a: Blastoise
|-supereffective|p2a: Blastoise
|-damage|p2a: Blastoise|0 fnt
|faint|p2a: Blastoise
|
|
|switch|p2a: Nidoqueen|Nidoqueen, F|384\/384
|turn|18
|
|move|p1a: Nidoking|Earth Power|p2a: Nidoqueen
|-supereffective|p2a: Nidoqueen
|-damage|p2a: Nidoqueen|0 fnt
|faint|p2a: Nidoqueen
|
|win|Top > Bottom
|raw|Ladder updating...
|raw|Top &gt; Bottom's rating: 1534 &rarr; <strong>1554<\/strong><br \/>(+20 for winning)
|raw|Wolfhead69's rating: 1525 &rarr; <strong>1506<\/strong><br \/>(-19 for losing)
|c|âTop > Bottom|gg