|join|Wolfhead69
|join|DMT
|player|p1|Wolfhead69|2
|player|p2|DMT|184
|gametype|singles
|gen|6
|tier|UU
|rated
|rule|Sleep Clause Mod: Limit one foe put to sleep
|rule|Species Clause: Limit one of each PokÃ©mon
|rule|OHKO Clause: OHKO moves are banned
|rule|Moody Clause: Moody is banned
|rule|Evasion Moves Clause: Evasion moves are banned
|rule|Endless Battle Clause: Forcing endless battles is banned
|rule|HP Percentage Mod: HP is shown in percentages
|clearpoke
|poke|p1|Galvantula, M
|poke|p1|Empoleon, F
|poke|p1|Lucario, F
|poke|p1|Aerodactyl, M
|poke|p1|Donphan, F
|poke|p1|Chandelure, M
|poke|p2|Entei, shiny
|poke|p2|Raikou
|poke|p2|Suicune
|poke|p2|Chesnaught, M
|poke|p2|Crobat, F
|poke|p2|Forretress, M
|rule|Swagger Clause: Swagger is banned
|rule|Baton Pass Clause: Limit one PokÃ©mon knowing Baton Pass
|teampreview
|
|start
|switch|p1a: Galvantula|Galvantula, M|282\/282
|switch|p2a: Entei|Entei, shiny|371\/371
|-ability|p2a: Entei|Pressure
|turn|1
|
|move|p1a: Galvantula|Thunder|p2a: Entei
|-crit|p2a: Entei
|-damage|p2a: Entei|59\/371
|move|p2a: Entei|Sacred Fire|p1a: Galvantula|[miss]
|-miss|p2a: Entei|p1a: Galvantula
|
|turn|2
|join|iplaytennislol
|join|THEiTodd
|join|secret kekleon
|c| THEiTodd|NICE!
|join|Kyla's Nightmare
|join|uunubnub
|join|thisbemyfault
|join|DocReunitickles
|join|f7orges
|c| THEiTodd|atleast you didn't get para'd!
|c| thisbemyfault|DMT IS A SL00T
|c| THEiTodd|gotta look on the bright side!
|c|âDMT|xD true!
|
|switch|p2a: Chesnaught|Chesnaught, M|380\/380
|move|p1a: Galvantula|Thunder|p2a: Chesnaught
|-resisted|p2a: Chesnaught
|-damage|p2a: Chesnaught|314\/380
|
|-heal|p2a: Chesnaught|337\/380|[from] item: Leftovers
|turn|3
|
|move|p1a: Galvantula|Sticky Web|p2a: Chesnaught
|-sidestart|p2: DMT|move: Sticky Web
|move|p2a: Chesnaught|Spikes|p1a: Galvantula
|-sidestart|p1: Wolfhead69|Spikes
|
|-heal|p2a: Chesnaught|360\/380|[from] item: Leftovers
|turn|4
|c| thisbemyfault|honestly dmt u couldnt have asked for a better turn 1
|
|move|p1a: Galvantula|Bug Buzz|p2a: Chesnaught
|-crit|p2a: Chesnaught
|-damage|p2a: Chesnaught|177\/380
|move|p2a: Chesnaught|Leech Seed|p1a: Galvantula|[miss]
|-miss|p2a: Chesnaught|p1a: Galvantula
|
|-heal|p2a: Chesnaught|200\/380|[from] item: Leftovers
|turn|5
|c| iplaytennislol|-
|c|âDMT|or
|c|âDMT|you kno
|c|âDMT|turn 4
|
|move|p2a: Chesnaught|Spiky Shield|p2a: Chesnaught
|-singleturn|p2a: Chesnaught|move: Protect
|move|p1a: Galvantula|Bug Buzz|p2a: Chesnaught
|-activate|p2a: Chesnaught|move: Protect
|
|-heal|p2a: Chesnaught|223\/380|[from] item: Leftovers
|turn|6
|join|YellowMouse
|
|move|p1a: Galvantula|Bug Buzz|p2a: Chesnaught
|-damage|p2a: Chesnaught|108\/380
|move|p2a: Chesnaught|Leech Seed|p1a: Galvantula
|-start|p1a: Galvantula|move: Leech Seed
|
|-heal|p2a: Chesnaught|131\/380|[from] item: Leftovers
|-damage|p1a: Galvantula|247\/282|[from] Leech Seed|[of] p2a: Chesnaught
|-heal|p2a: Chesnaught|166\/380|[silent]
|turn|7
|
|switch|p1a: Aerodactyl|Aerodactyl, M|302\/302
|-ability|p1a: Aerodactyl|Unnerve|p2: DMT
|move|p2a: Chesnaught|Spikes|p1a: Aerodactyl
|-sidestart|p1: Wolfhead69|Spikes
|
|-heal|p2a: Chesnaught|189\/380|[from] item: Leftovers
|turn|8
|
|switch|p2a: Forretress|Forretress, M|354\/354
|-activate|p2a: Forretress|move: Sticky Web
|-unboost|p2a: Forretress|spe|1
|detailschange|p1a: Aerodactyl|Aerodactyl-Mega, M
|-mega|p1a: Aerodactyl|Aerodactyl|Aerodactylite
|move|p1a: Aerodactyl|Hone Claws|p1a: Aerodactyl
|-boost|p1a: Aerodactyl|atk|1
|-boost|p1a: Aerodactyl|accuracy|1
|
|turn|9
|join|rtmix
|join|Colbrushie
|
|move|p1a: Aerodactyl|Stone Edge|p2a: Forretress
|-damage|p2a: Forretress|207\/354
|move|p2a: Forretress|Gyro Ball|p1a: Aerodactyl
|-supereffective|p1a: Aerodactyl
|-damage|p1a: Aerodactyl|0 fnt
|faint|p1a: Aerodactyl
|
|-heal|p2a: Forretress|229\/354|[from] item: Leftovers
|leave|THEiTodd
|
|switch|p1a: Chandelure|Chandelure, M|262\/262
|-damage|p1a: Chandelure|219\/262|[from] Spikes
|turn|10
|leave|secret kekleon
|join|kuza
|
|switch|p2a: Entei|Entei, shiny|59\/371
|-activate|p2a: Entei|move: Sticky Web
|-unboost|p2a: Entei|spe|1
|-ability|p2a: Entei|Pressure
|move|p1a: Chandelure|Trick|p2a: Entei
|-activate|p1a: Chandelure|move: Trick|[of] p2a: Entei
|-item|p2a: Entei|Choice Scarf|[from] move: Trick
|-item|p1a: Chandelure|Choice Band|[from] move: Trick
|
|turn|11
|
|switch|p1a: Donphan|Donphan, F|384\/384
|-damage|p1a: Donphan|320\/384|[from] Spikes
|move|p2a: Entei|Stone Edge|p1a: Donphan
|-crit|p1a: Donphan
|-resisted|p1a: Donphan
|-damage|p1a: Donphan|243\/384
|
|-heal|p1a: Donphan|267\/384|[from] item: Leftovers
|turn|12
|
|switch|p2a: Chesnaught|Chesnaught, M|189\/380
|-activate|p2a: Chesnaught|move: Sticky Web
|-unboost|p2a: Chesnaught|spe|1
|move|p1a: Donphan|Rapid Spin|p2a: Chesnaught
|-damage|p2a: Chesnaught|168\/380
|-sideend|p1: Wolfhead69|Spikes|[from] move: Rapid Spin|[of] p1a: Donphan
|
|-heal|p1a: Donphan|291\/384|[from] item: Leftovers
|-heal|p2a: Chesnaught|191\/380|[from] item: Leftovers
|turn|13
|
|move|p1a: Donphan|Knock Off|p2a: Chesnaught
|-resisted|p2a: Chesnaught
|-damage|p2a: Chesnaught|139\/380
|-enditem|p2a: Chesnaught|Leftovers|[from] move: Knock Off|[of] p1a: Donphan
|move|p2a: Chesnaught|Leech Seed|p1a: Donphan
|-start|p1a: Donphan|move: Leech Seed
|
|-heal|p1a: Donphan|315\/384|[from] item: Leftovers
|-damage|p1a: Donphan|267\/384|[from] Leech Seed|[of] p2a: Chesnaught
|-heal|p2a: Chesnaught|187\/380|[silent]
|turn|14
|
|switch|p1a: Chandelure|Chandelure, M|219\/262
|move|p2a: Chesnaught|Leech Seed|p1a: Chandelure
|-start|p1a: Chandelure|move: Leech Seed
|
|-damage|p1a: Chandelure|187\/262|[from] Leech Seed|[of] p2a: Chesnaught
|-heal|p2a: Chesnaught|219\/380|[silent]
|turn|15
|c| f7orges|nice
|
|move|p2a: Chesnaught|Spiky Shield|p2a: Chesnaught
|-singleturn|p2a: Chesnaught|move: Protect
|move|p1a: Chandelure|Shadow Ball|p2a: Chesnaught
|-activate|p2a: Chesnaught|move: Protect
|
|-damage|p1a: Chandelure|155\/262|[from] Leech Seed|[of] p2a: Chesnaught
|-heal|p2a: Chesnaught|251\/380|[silent]
|turn|16
|c| thisbemyfault|mfw
|raw|<div class="broadcast-red"><b>Moderated chat was set to +!<\/b><br \/>Only users of rank + and higher can talk.<\/div>
|
|switch|p1a: Empoleon|Empoleon, F|372\/372
|move|p2a: Chesnaught|Spikes|p1a: Empoleon
|-sidestart|p1: Wolfhead69|Spikes
|
|turn|17
|
|move|p1a: Empoleon|Yawn|p2a: Chesnaught
|-start|p2a: Chesnaught|move: Yawn|[of] p1a: Empoleon
|move|p2a: Chesnaught|Leech Seed|p1a: Empoleon
|-start|p1a: Empoleon|move: Leech Seed
|
|-damage|p1a: Empoleon|326\/372|[from] Leech Seed|[of] p2a: Chesnaught
|-heal|p2a: Chesnaught|297\/380|[silent]
|turn|18
|join|Silverstealth3
|
|switch|p2a: Entei|Entei, shiny|59\/371
|-activate|p2a: Entei|move: Sticky Web
|-unboost|p2a: Entei|spe|1
|-ability|p2a: Entei|Pressure
|move|p1a: Empoleon|Stealth Rock|p2a: Entei
|-sidestart|p2: DMT|move: Stealth Rock
|
|-heal|p1a: Empoleon|349\/372|[from] item: Leftovers
|-damage|p1a: Empoleon|303\/372|[from] Leech Seed|[of] p2a: Entei
|-heal|p2a: Entei|105\/371|[silent]
|turn|19
|join|THEiTodd
|
|switch|p1a: Chandelure|Chandelure, M|155\/262
|-damage|p1a: Chandelure|123\/262|[from] Spikes
|move|p2a: Entei|Sacred Fire|p1a: Chandelure
|-start|p1a: Chandelure|ability: Flash Fire
|
|turn|20
|
|move|p2a: Entei|Sacred Fire|p1a: Chandelure
|-immune|p1a: Chandelure|[msg]
|move|p1a: Chandelure|Trick|p2a: Entei
|-activate|p1a: Chandelure|move: Trick|[of] p2a: Entei
|-item|p2a: Entei|Choice Band|[from] move: Trick
|-item|p1a: Chandelure|Choice Scarf|[from] move: Trick
|
|turn|21
|
|switch|p2a: Suicune|Suicune|403\/403
|-activate|p2a: Suicune|move: Sticky Web
|-unboost|p2a: Suicune|spe|1
|-damage|p2a: Suicune|353\/403|[from] Stealth Rock
|-ability|p2a: Suicune|Pressure
|move|p1a: Chandelure|Fire Blast|p2a: Suicune
|-resisted|p2a: Suicune
|-damage|p2a: Suicune|204\/403
|
|turn|22
|join|QueenOfLuvdiscs
|
|move|p1a: Chandelure|Fire Blast|p2a: Suicune|[miss]
|-miss|p1a: Chandelure|p2a: Suicune
|move|p2a: Suicune|Rest|p2a: Suicune
|-status|p2a: Suicune|slp
|-heal|p2a: Suicune|403\/403 slp|[silent]
|-status|p2a: Suicune|slp|[from] move: Rest
|-enditem|p2a: Suicune|Chesto Berry|[eat]
|-curestatus|p2a: Suicune|slp
|
|turn|23
|
|switch|p1a: Empoleon|Empoleon, F|303\/372
|-damage|p1a: Empoleon|257\/372|[from] Spikes
|move|p2a: Suicune|Scald|p1a: Empoleon
|-resisted|p1a: Empoleon
|-damage|p1a: Empoleon|214\/372
|
|-heal|p1a: Empoleon|237\/372|[from] item: Leftovers
|turn|24
|
|move|p1a: Empoleon|Yawn|p2a: Suicune
|-start|p2a: Suicune|move: Yawn|[of] p1a: Empoleon
|move|p2a: Suicune|Calm Mind|p2a: Suicune
|-boost|p2a: Suicune|spa|1
|-boost|p2a: Suicune|spd|1
|
|-heal|p1a: Empoleon|260\/372|[from] item: Leftovers
|turn|25
|join|lelbuttlicker
|join|based lord zvz
|
|move|p2a: Suicune|Scald|p1a: Empoleon
|-resisted|p1a: Empoleon
|-damage|p1a: Empoleon|197\/372
|-status|p1a: Empoleon|brn
|move|p1a: Empoleon|Roar|p2a: Suicune
|drag|p2a: Forretress|Forretress, M|229\/354
|-damage|p2a: Forretress|185\/354|[from] Stealth Rock
|-activate|p2a: Forretress|move: Sticky Web
|-unboost|p2a: Forretress|spe|1
|
|-heal|p1a: Empoleon|220\/372 brn|[from] item: Leftovers
|-heal|p2a: Forretress|207\/354|[from] item: Leftovers
|-damage|p1a: Empoleon|174\/372 brn|[from] brn
|turn|26
|c|âDMT|the fuck
|leave|Silverstealth3
|c|âDMT|is happen
|join|Silverstealth3
|c|âDMT|Â¯\_(ã)_\/Â¯
|
|switch|p1a: Chandelure|Chandelure, M|123\/262
|-damage|p1a: Chandelure|91\/262|[from] Spikes
|move|p2a: Forretress|Volt Switch|p1a: Chandelure
|-damage|p1a: Chandelure|53\/262
|join|DatGuyChuck
|join|FeelingKingKToday
|
|switch|p2a: Chesnaught|Chesnaught, M|297\/380
|-damage|p2a: Chesnaught|274\/380|[from] Stealth Rock
|-activate|p2a: Chesnaught|move: Sticky Web
|-unboost|p2a: Chesnaught|spe|1
|
|turn|27
|
|move|p2a: Chesnaught|Spiky Shield|p2a: Chesnaught
|-singleturn|p2a: Chesnaught|move: Protect
|move|p1a: Chandelure|Fire Blast|p2a: Chesnaught
|-activate|p2a: Chesnaught|move: Protect
|
|turn|28
|
|switch|p2a: Suicune|Suicune|403\/403
|-activate|p2a: Suicune|move: Sticky Web
|-unboost|p2a: Suicune|spe|1
|-damage|p2a: Suicune|353\/403|[from] Stealth Rock
|-ability|p2a: Suicune|Pressure
|move|p1a: Chandelure|Fire Blast|p2a: Suicune
|-resisted|p2a: Suicune
|-damage|p2a: Suicune|260\/403
|
|turn|29
|
|move|p1a: Chandelure|Fire Blast|p2a: Suicune
|-resisted|p2a: Suicune
|-damage|p2a: Suicune|160\/403
|move|p2a: Suicune|Scald|p1a: Chandelure
|-crit|p1a: Chandelure
|-supereffective|p1a: Chandelure
|-damage|p1a: Chandelure|0 fnt
|faint|p1a: Chandelure
|
|
|switch|p1a: Lucario|Lucario, F|282\/282
|-damage|p1a: Lucario|247\/282|[from] Spikes
|turn|30
|raw|<div class="broadcast-blue"><b>Moderated chat was disabled!<\/b><br \/>Anyone may talk now.<\/div>
|c|âDMT|SD tbh
|c| Silverstealth3|crit mattered
|c|âDMT|your luck so far has been good
|c| DatGuyChuck|dmt are you winning
|
|move|p1a: Lucario|Swords Dance|p1a: Lucario
|-boost|p1a: Lucario|atk|2
|move|p2a: Suicune|Scald|p1a: Lucario
|-damage|p1a: Lucario|136\/282
|
|turn|31
|c|âDMT|go turn 1
|
|move|p1a: Lucario|Close Combat|p2a: Suicune
|-damage|p2a: Suicune|0 fnt
|-unboost|p1a: Lucario|def|1
|-unboost|p1a: Lucario|spd|1
|-damage|p1a: Lucario|108\/282|[from] item: Life Orb
|faint|p2a: Suicune
|
|c| DatGuyChuck|hax
|c| DatGuyChuck|didnt burn
|c| Silverstealth3|im still muted for saying laioma
|c| DatGuyChuck|i call hax
|c| Silverstealth3|xD
|
|switch|p2a: Chesnaught|Chesnaught, M|274\/380
|-damage|p2a: Chesnaught|251\/380|[from] Stealth Rock
|-activate|p2a: Chesnaught|move: Sticky Web
|-unboost|p2a: Chesnaught|spe|1
|turn|32
|
|move|p1a: Lucario|Close Combat|p2a: Chesnaught
|-damage|p2a: Chesnaught|0 fnt
|-unboost|p1a: Lucario|def|1
|-unboost|p1a: Lucario|spd|1
|-damage|p1a: Lucario|80\/282|[from] item: Life Orb
|faint|p2a: Chesnaught
|
|c| lelbuttlicker|dam
|
|switch|p2a: Crobat|Crobat, F|311\/311
|-damage|p2a: Crobat|234\/311|[from] Stealth Rock
|turn|33
|c| DatGuyChuck|dmt
|c|âDMT|ya
|
|switch|p2a: Forretress|Forretress, M|207\/354
|-activate|p2a: Forretress|move: Sticky Web
|-unboost|p2a: Forretress|spe|1
|-damage|p2a: Forretress|163\/354|[from] Stealth Rock
|move|p1a: Lucario|Extreme Speed|p2a: Forretress
|-resisted|p2a: Forretress
|-damage|p2a: Forretress|89\/354
|-damage|p1a: Lucario|52\/282|[from] item: Life Orb
|
|-heal|p2a: Forretress|111\/354|[from] item: Leftovers
|turn|34
|c| DatGuyChuck|are you losing
|c| kuza|i played this dude before hyawn swampert too XDe used
|
|move|p1a: Lucario|Close Combat|p2a: Forretress
|-damage|p2a: Forretress|0 fnt
|-unboost|p1a: Lucario|def|1
|-unboost|p1a: Lucario|spd|1
|-damage|p1a: Lucario|24\/282|[from] item: Life Orb
|faint|p2a: Forretress
|
|c| lelbuttlicker|wait
|c|âDMT|turn 1
|c|âDMT|turn 4
|c|âDMT|yes I am loosing
|c| lelbuttlicker|does crobat die to +2 espeed?
|c|âDMT|losing
|c|âDMT|yes
|c|âDMT|at 50%
|c| lelbuttlicker|u were at 75% tho
|
|switch|p2a: Entei|Entei, shiny|105\/371
|-damage|p2a: Entei|13\/371|[from] Stealth Rock
|-activate|p2a: Entei|move: Sticky Web
|-unboost|p2a: Entei|spe|1
|-ability|p2a: Entei|Pressure
|turn|35
|c| DatGuyChuck|rocks
|c| DatGuyChuck|nerd
|
|switch|p1a: Empoleon|Empoleon, F|174\/372 brn
|-damage|p1a: Empoleon|128\/372 brn|[from] Spikes
|move|p2a: Entei|Extreme Speed|p1a: Empoleon
|-resisted|p1a: Empoleon
|-damage|p1a: Empoleon|73\/372 brn
|
|-heal|p1a: Empoleon|96\/372 brn|[from] item: Leftovers
|-damage|p1a: Empoleon|50\/372 brn|[from] brn
|turn|36
|c| lelbuttlicker|he came in
|c| uunubnub|kek
|c| lelbuttlicker|then just switched
|c| DatGuyChuck|b8
|c| kuza|stfu DatNerdChuck
|c| DatGuyChuck|obv
|c| lelbuttlicker|when he could've just stayed in and kill
|
|move|p2a: Entei|Extreme Speed|p1a: Empoleon
|-resisted|p1a: Empoleon
|-damage|p1a: Empoleon|0 fnt
|faint|p1a: Empoleon
|
|c| lelbuttlicker|dum nig
|c| uunubnub|no
|c| kuza|:-)
|
|switch|p1a: Donphan|Donphan, F|267\/384
|-damage|p1a: Donphan|219\/384|[from] Spikes
|turn|37
|
|move|p2a: Entei|Extreme Speed|p1a: Donphan
|-damage|p1a: Donphan|105\/384
|move|p1a: Donphan|Rapid Spin|p2a: Entei
|-damage|p2a: Entei|0 fnt
|-sideend|p1: Wolfhead69|Spikes|[from] move: Rapid Spin|[of] p1a: Donphan
|faint|p2a: Entei
|
|-heal|p1a: Donphan|129\/384|[from] item: Leftovers
|c| DatGuyChuck|does -1 entei outspeed
|c| DatGuyChuck|espeed nvm
|join|tomibello
|
|switch|p2a: Raikou|Raikou|321\/321
|-activate|p2a: Raikou|move: Sticky Web
|-unboost|p2a: Raikou|spe|1
|-damage|p2a: Raikou|281\/321|[from] Stealth Rock
|-ability|p2a: Raikou|Pressure
|turn|38
|c| Silverstealth3|serenas my fav girl, the only thing she is is a diva
|c| kuza|nice spun kill
|
|switch|p1a: Galvantula|Galvantula, M|247\/282
|move|p2a: Raikou|Hidden Power|p1a: Galvantula
|-damage|p1a: Galvantula|151\/282
|
|-heal|p2a: Raikou|301\/321|[from] item: Leftovers
|turn|39
|leave|based lord zvz
|c| f7orges|galvantula webs
|c| f7orges|giving u prob
|
|move|p1a: Galvantula|Bug Buzz|p2a: Raikou
|-damage|p2a: Raikou|171\/321
|-unboost|p2a: Raikou|spd|1
|move|p2a: Raikou|Hidden Power|p1a: Galvantula
|-damage|p1a: Galvantula|52\/282
|
|-heal|p2a: Raikou|191\/321|[from] item: Leftovers
|turn|40
|c|âDMT|this game
|c|âDMT|is aids!
|c| f7orges|dmt
|c| DatGuyChuck|its ok
|
|switch|p2a: Crobat|Crobat, F|234\/311
|-damage|p2a: Crobat|157\/311|[from] Stealth Rock
|move|p1a: Galvantula|Thunder|p2a: Crobat
|-supereffective|p2a: Crobat
|-damage|p2a: Crobat|0 fnt
|faint|p2a: Crobat
|
|c| f7orges|you live
|c| f7orges|spd drop
|c| f7orges|wtf
|
|switch|p2a: Raikou|Raikou|191\/321
|-damage|p2a: Raikou|151\/321|[from] Stealth Rock
|-activate|p2a: Raikou|move: Sticky Web
|-unboost|p2a: Raikou|spe|1
|-ability|p2a: Raikou|Pressure
|turn|41
|c| uunubnub|rip
|c| DatGuyChuck|what
|c| f7orges|fucking
|c| f7orges|gg
|c| DatGuyChuck|was that
|
|move|p1a: Galvantula|Bug Buzz|p2a: Raikou
|-damage|p2a: Raikou|9\/321
|move|p2a: Raikou|Hidden Power|p1a: Galvantula
|-damage|p1a: Galvantula|0 fnt
|faint|p1a: Galvantula
|
|-heal|p2a: Raikou|29\/321|[from] item: Leftovers
|c| DatGuyChuck|o
|c|âDMT|welp!
|c| DatGuyChuck|plays
|c|âDMT|you got the drop!
|c|âDMT|and the turn 1 crit miss!
|
|switch|p1a: Lucario|Lucario, F|24\/282
|turn|42
|c|âDMT|and the turn 4 dodge!
|c| DatGuyChuck|now dmt loses
|c|âDMT|I commend you brother!
|
|move|p1a: Lucario|Extreme Speed|p2a: Raikou
|-damage|p2a: Raikou|0 fnt
|-damage|p1a: Lucario|0 fnt|[from] item: Life Orb
|faint|p2a: Raikou
|faint|p1a: Lucario
|
|win|Wolfhead69
|raw|Ladder updating...
|raw|Wolfhead69's rating: 1597 &rarr; <strong>1617<\/strong><br \/>(+20 for winning)
|raw|DMT's rating: 1595 &rarr; <strong>1575<\/strong><br \/>(-20 for losing)
|c|âWolfhead69|yeah I got a lot of hax
|c|âDMT|great game!
|c|âWolfhead69|sorry
|c|âDMT|=D
|c|âWolfhead69|you would of won
|leave|QueenOfLuvdiscs
|c|âDMT|it's k!
|leave|iplaytennislol
|c| DatGuyChuck|dmt is rly happee
|c|âWolfhead69|gg
|join|testlum
|leave|Silverstealth3
|join|iplaytennislol