|join|Wolfhead69
|join|King UU
|player|p1|Wolfhead69|2
|player|p2|King UU|22
|gametype|singles
|gen|6
|tier|UU
|rated
|rule|Sleep Clause Mod: Limit one foe put to sleep
|rule|Species Clause: Limit one of each PokÃ©mon
|rule|OHKO Clause: OHKO moves are banned
|rule|Moody Clause: Moody is banned
|rule|Evasion Moves Clause: Evasion moves are banned
|rule|Endless Battle Clause: Forcing endless battles is banned
|rule|HP Percentage Mod: HP is shown in percentages
|clearpoke
|poke|p1|Galvantula, M
|poke|p1|Empoleon, F
|poke|p1|Lucario, F
|poke|p1|Aerodactyl, F
|poke|p1|Donphan, M
|poke|p1|Chandelure, M
|poke|p2|Zygarde
|poke|p2|Suicune
|poke|p2|Snorlax, M
|poke|p2|Jirachi
|poke|p2|Absol, F
|poke|p2|Crobat, M
|rule|Swagger Clause: Swagger is banned
|rule|Baton Pass Clause: Limit one PokÃ©mon knowing Baton Pass
|teampreview
|
|start
|switch|p1a: Galvantula|Galvantula, M|282\/282
|switch|p2a: Zygarde|Zygarde|404\/404
|-ability|p2a: Zygarde|Aura Break
|turn|1
|
|switch|p1a: Donphan|Donphan, M|384\/384
|move|p2a: Zygarde|Dragon Dance|p2a: Zygarde
|-boost|p2a: Zygarde|atk|1
|-boost|p2a: Zygarde|spe|1
|
|turn|2
|
|move|p2a: Zygarde|Earthquake|p1a: Donphan
|-damage|p1a: Donphan|177\/384
|move|p1a: Donphan|Knock Off|p2a: Zygarde
|-damage|p2a: Zygarde|301\/404
|-enditem|p2a: Zygarde|Lum Berry|[from] move: Knock Off|[of] p1a: Donphan
|
|-heal|p1a: Donphan|201\/384|[from] item: Leftovers
|turn|3
|
|move|p1a: Donphan|Ice Shard|p2a: Zygarde
|-crit|p2a: Zygarde
|-supereffective|p2a: Zygarde
|-damage|p2a: Zygarde|41\/404
|move|p2a: Zygarde|Earthquake|p1a: Donphan
|-damage|p1a: Donphan|0 fnt
|faint|p1a: Donphan
|
|
|switch|p1a: Lucario|Lucario, F|282\/282
|turn|4
|
|move|p1a: Lucario|Extreme Speed|p2a: Zygarde
|-damage|p2a: Zygarde|0 fnt
|-damage|p1a: Lucario|254\/282|[from] item: Life Orb
|faint|p2a: Zygarde
|
|
|switch|p2a: Crobat|Crobat, M|363\/363
|turn|5
|
|switch|p1a: Empoleon|Empoleon, F|372\/372
|move|p2a: Crobat|U-turn|p1a: Empoleon
|-resisted|p1a: Empoleon
|-damage|p1a: Empoleon|352\/372
|join|Cell in a Hell
|
|switch|p2a: Absol|Absol, F|271\/271
|-ability|p2a: Absol|Pressure
|
|-heal|p1a: Empoleon|372\/372|[from] item: Leftovers
|turn|6
|
|detailschange|p2a: Absol|Absol-Mega, F
|message|Absol has Mega Evolved into Mega Absol!
|move|p2a: Absol|Swords Dance|p2a: Absol
|-boost|p2a: Absol|atk|2
|move|p1a: Empoleon|Scald|p2a: Absol
|-damage|p2a: Absol|115\/271
|
|turn|7
|
|switch|p1a: Chandelure|Chandelure, M|262\/262
|move|p2a: Absol|Knock Off|p1a: Chandelure
|-supereffective|p1a: Chandelure
|-damage|p1a: Chandelure|0 fnt
|-enditem|p1a: Chandelure|Choice Scarf|[from] move: Knock Off|[of] p2a: Absol
|faint|p1a: Chandelure
|
|
|switch|p1a: Lucario|Lucario, F|254\/282
|turn|8
|
|switch|p2a: Jirachi|Jirachi|404\/404
|move|p1a: Lucario|Extreme Speed|p2a: Jirachi
|-resisted|p2a: Jirachi
|-damage|p2a: Jirachi|346\/404
|-damage|p1a: Lucario|226\/282|[from] item: Life Orb
|
|-heal|p2a: Jirachi|371\/404|[from] item: Leftovers
|turn|9
|
|switch|p1a: Galvantula|Galvantula, M|282\/282
|move|p2a: Jirachi|Thunder Wave|p1a: Galvantula
|-fail|p1a: Galvantula
|
|-heal|p2a: Jirachi|396\/404|[from] item: Leftovers
|turn|10
|
|move|p1a: Galvantula|Sticky Web|p2a: Jirachi
|-sidestart|p2: King UU|move: Sticky Web
|move|p2a: Jirachi|Stealth Rock|p1a: Galvantula
|-sidestart|p1: Wolfhead69|move: Stealth Rock
|
|-heal|p2a: Jirachi|404\/404|[from] item: Leftovers
|turn|11
|
|move|p1a: Galvantula|Thunder|p2a: Jirachi
|-damage|p2a: Jirachi|266\/404
|-status|p2a: Jirachi|par
|cant|p2a: Jirachi|par
|
|-heal|p2a: Jirachi|291\/404 par|[from] item: Leftovers
|turn|12
|
|move|p1a: Galvantula|Thunder|p2a: Jirachi
|-crit|p2a: Jirachi
|-damage|p2a: Jirachi|89\/404 par
|move|p2a: Jirachi|Wish|p2a: Jirachi
|
|-heal|p2a: Jirachi|114\/404 par|[from] item: Leftovers
|turn|13
|
|switch|p2a: Snorlax|Snorlax, M|506\/506
|-activate|p2a: Snorlax|move: Sticky Web
|-unboost|p2a: Snorlax|spe|1
|move|p1a: Galvantula|Bug Buzz|p2a: Snorlax
|-damage|p2a: Snorlax|418\/506
|
|-heal|p2a: Snorlax|506\/506|[from] move: Wish|[wisher] Jirachi
|turn|14
|
|switch|p1a: Empoleon|Empoleon, F|372\/372
|-damage|p1a: Empoleon|349\/372|[from] Stealth Rock
|move|p2a: Snorlax|Curse|p2a: Snorlax
|-boost|p2a: Snorlax|atk|1
|-boost|p2a: Snorlax|def|1
|-unboost|p2a: Snorlax|spe|1
|
|-heal|p1a: Empoleon|372\/372|[from] item: Leftovers
|turn|15
|
|move|p2a: Snorlax|Return|p1a: Empoleon
|-resisted|p1a: Empoleon
|-damage|p1a: Empoleon|294\/372
|move|p1a: Empoleon|Roar|p2a: Snorlax
|drag|p2a: Jirachi|Jirachi|114\/404 par
|-activate|p2a: Jirachi|move: Sticky Web
|-unboost|p2a: Jirachi|spe|1
|
|-heal|p1a: Empoleon|317\/372|[from] item: Leftovers
|-heal|p2a: Jirachi|139\/404 par|[from] item: Leftovers
|turn|16
|
|move|p1a: Empoleon|Stealth Rock|p2a: Jirachi
|-sidestart|p2: King UU|move: Stealth Rock
|move|p2a: Jirachi|Wish|p2a: Jirachi
|
|-heal|p1a: Empoleon|340\/372|[from] item: Leftovers
|-heal|p2a: Jirachi|164\/404 par|[from] item: Leftovers
|turn|17
|
|move|p1a: Empoleon|Scald|p2a: Jirachi
|-damage|p2a: Jirachi|74\/404 par
|move|p2a: Jirachi|Thunder Wave|p1a: Empoleon
|-status|p1a: Empoleon|par
|
|-heal|p2a: Jirachi|276\/404 par|[from] move: Wish|[wisher] Jirachi
|-heal|p2a: Jirachi|301\/404 par|[from] item: Leftovers
|-heal|p1a: Empoleon|363\/372 par|[from] item: Leftovers
|turn|18
|
|move|p2a: Jirachi|Wish|p2a: Jirachi
|cant|p1a: Empoleon|par
|
|-heal|p2a: Jirachi|326\/404 par|[from] item: Leftovers
|-heal|p1a: Empoleon|372\/372 par|[from] item: Leftovers
|turn|19
|
|switch|p2a: Absol|Absol-Mega, F|115\/271
|-activate|p2a: Absol|move: Sticky Web
|-unboost|p2a: Absol|spe|1
|-damage|p2a: Absol|82\/271|[from] Stealth Rock
|move|p1a: Empoleon|Roar|p2a: Absol
|move|p2a: Absol|Roar|p1a: Empoleon|[from]Magic Bounce
|drag|p1a: Lucario|Lucario, F|226\/282
|-damage|p1a: Lucario|218\/282|[from] Stealth Rock
|
|-heal|p2a: Absol|271\/271|[from] move: Wish|[wisher] Jirachi
|turn|20
|
|switch|p2a: Crobat|Crobat, M|363\/363
|-damage|p2a: Crobat|273\/363|[from] Stealth Rock
|move|p1a: Lucario|Close Combat|p2a: Crobat
|-resisted|p2a: Crobat
|-damage|p2a: Crobat|187\/363
|-unboost|p1a: Lucario|def|1
|-unboost|p1a: Lucario|spd|1
|-damage|p1a: Lucario|190\/282|[from] item: Life Orb
|
|-heal|p2a: Crobat|209\/363|[from] item: Black Sludge
|turn|21
|
|switch|p1a: Empoleon|Empoleon, F|372\/372 par
|-damage|p1a: Empoleon|349\/372 par|[from] Stealth Rock
|move|p2a: Crobat|Roost|p2a: Crobat
|-heal|p2a: Crobat|363\/363
|
|-heal|p1a: Empoleon|372\/372 par|[from] item: Leftovers
|turn|22
|
|move|p2a: Crobat|Defog|p1a: Empoleon
|-unboost|p1a: Empoleon|evasion|1
|-sideend|p1: Wolfhead69|Stealth Rock|[from] move: Defog|[of] p1a: Empoleon
|-sideend|p2: King UU|Stealth Rock|[from] move: Defog|[of] p2a: Crobat
|-sideend|p2: King UU|Sticky Web|[from] move: Defog|[of] p2a: Crobat
|move|p1a: Empoleon|Yawn|p2a: Crobat
|-start|p2a: Crobat|move: Yawn|[of] p1a: Empoleon
|
|turn|23
|
|move|p2a: Crobat|U-turn|p1a: Empoleon
|-resisted|p1a: Empoleon
|-damage|p1a: Empoleon|352\/372 par
|
|switch|p2a: Absol|Absol-Mega, F|271\/271
|move|p1a: Empoleon|Stealth Rock|p2a: Absol
|move|p2a: Absol|Stealth Rock|p1a: Empoleon|[from]Magic Bounce
|-sidestart|p1: Wolfhead69|move: Stealth Rock
|
|-heal|p1a: Empoleon|372\/372 par|[from] item: Leftovers
|turn|24
|
|move|p2a: Absol|Swords Dance|p2a: Absol
|-boost|p2a: Absol|atk|2
|move|p1a: Empoleon|Scald|p2a: Absol
|-damage|p2a: Absol|103\/271
|
|turn|25
|
|move|p2a: Absol|Knock Off|p1a: Empoleon
|-damage|p1a: Empoleon|68\/372 par
|-enditem|p1a: Empoleon|Leftovers|[from] move: Knock Off|[of] p2a: Absol
|move|p1a: Empoleon|Scald|p2a: Absol
|-damage|p2a: Absol|0 fnt
|faint|p2a: Absol
|
|
|switch|p2a: Crobat|Crobat, M|363\/363
|turn|26
|
|move|p2a: Crobat|Brave Bird|p1a: Empoleon
|-resisted|p1a: Empoleon
|-damage|p1a: Empoleon|17\/372 par
|-damage|p2a: Crobat|346\/363|[from] recoil|[of] p1a: Empoleon
|cant|p1a: Empoleon|par
|
|-heal|p2a: Crobat|363\/363|[from] item: Black Sludge
|turn|27
|
|move|p2a: Crobat|Brave Bird|p1a: Empoleon
|-resisted|p1a: Empoleon
|-damage|p1a: Empoleon|0 fnt
|-damage|p2a: Crobat|357\/363|[from] recoil|[of] p1a: Empoleon
|faint|p1a: Empoleon
|
|-heal|p2a: Crobat|363\/363|[from] item: Black Sludge
|
|switch|p1a: Aerodactyl|Aerodactyl, F|302\/302
|-damage|p1a: Aerodactyl|227\/302|[from] Stealth Rock
|-ability|p1a: Aerodactyl|Unnerve|p2: King UU
|turn|28
|
|detailschange|p1a: Aerodactyl|Aerodactyl-Mega, F
|message|Aerodactyl has Mega Evolved into Mega Aerodactyl!
|move|p1a: Aerodactyl|Hone Claws|p1a: Aerodactyl
|-boost|p1a: Aerodactyl|atk|1
|-boost|p1a: Aerodactyl|accuracy|1
|move|p2a: Crobat|U-turn|p1a: Aerodactyl
|-resisted|p1a: Aerodactyl
|-damage|p1a: Aerodactyl|192\/302
|
|switch|p2a: Jirachi|Jirachi|326\/404 par
|
|-heal|p2a: Jirachi|351\/404 par|[from] item: Leftovers
|turn|29
|
|move|p1a: Aerodactyl|Earthquake|p2a: Jirachi
|-supereffective|p2a: Jirachi
|-damage|p2a: Jirachi|0 fnt
|faint|p2a: Jirachi
|
|
|switch|p2a: Suicune|Suicune|341\/341
|-ability|p2a: Suicune|Pressure
|turn|30
|
|move|p1a: Aerodactyl|Stone Edge|p2a: Suicune
|-damage|p2a: Suicune|115\/341
|move|p2a: Suicune|Ice Beam|p1a: Aerodactyl
|-supereffective|p1a: Aerodactyl
|-damage|p1a: Aerodactyl|0 fnt
|-damage|p2a: Suicune|81\/341|[from] item: Life Orb
|faint|p1a: Aerodactyl
|
|
|switch|p1a: Galvantula|Galvantula, M|282\/282
|-damage|p1a: Galvantula|212\/282|[from] Stealth Rock
|turn|31
|
|move|p1a: Galvantula|Giga Drain|p2a: Suicune
|-supereffective|p2a: Suicune
|-damage|p2a: Suicune|0 fnt
|-heal|p1a: Galvantula|253\/282|[from] drain|[of] p2a: Suicune
|faint|p2a: Suicune
|
|
|switch|p2a: Snorlax|Snorlax, M|506\/506
|turn|32
|
|switch|p1a: Lucario|Lucario, F|190\/282
|-damage|p1a: Lucario|182\/282|[from] Stealth Rock
|move|p2a: Snorlax|Return|p1a: Lucario
|-resisted|p1a: Lucario
|-damage|p1a: Lucario|100\/282
|
|turn|33
|
|move|p1a: Lucario|Close Combat|p2a: Snorlax
|-supereffective|p2a: Snorlax
|-damage|p2a: Snorlax|0 fnt
|-unboost|p1a: Lucario|def|1
|-unboost|p1a: Lucario|spd|1
|-damage|p1a: Lucario|72\/282|[from] item: Life Orb
|faint|p2a: Snorlax
|
|
|switch|p2a: Crobat|Crobat, M|363\/363
|turn|34
|
|move|p1a: Lucario|Extreme Speed|p2a: Crobat
|-damage|p2a: Crobat|221\/363
|-damage|p1a: Lucario|44\/282|[from] item: Life Orb
|move|p2a: Crobat|Brave Bird|p1a: Lucario
|-damage|p1a: Lucario|0 fnt
|-damage|p2a: Crobat|206\/363|[from] recoil|[of] p1a: Lucario
|faint|p1a: Lucario
|
|-heal|p2a: Crobat|228\/363|[from] item: Black Sludge
|join|Alldaalts
|
|switch|p1a: Galvantula|Galvantula, M|253\/282
|-damage|p1a: Galvantula|183\/282|[from] Stealth Rock
|turn|35
|join|birdetta
|
|move|p2a: Crobat|Brave Bird|p1a: Galvantula
|-damage|p1a: Galvantula|0 fnt
|-damage|p2a: Crobat|168\/363|[from] recoil|[of] p1a: Galvantula
|faint|p1a: Galvantula
|
|win|King UU
|raw|Ladder updating...