|join|Wolfhead69
|join|Watch me do it
|player|p1|Wolfhead69|101
|player|p2|Watch me do it|77
|gametype|singles
|gen|6
|tier|UU
|rated
|rule|Sleep Clause Mod: Limit one foe put to sleep
|rule|Species Clause: Limit one of each PokÃ©mon
|rule|OHKO Clause: OHKO moves are banned
|rule|Moody Clause: Moody is banned
|rule|Evasion Moves Clause: Evasion moves are banned
|rule|Endless Battle Clause: Forcing endless battles is banned
|rule|HP Percentage Mod: HP is shown in percentages
|clearpoke
|poke|p1|Aerodactyl, M
|poke|p1|Hydreigon, F
|poke|p1|Raikou
|poke|p1|Victini
|poke|p1|Lucario, F
|poke|p1|Empoleon, F
|poke|p2|Nidoqueen, F
|poke|p2|Jirachi
|poke|p2|Crobat, F
|poke|p2|Entei, shiny
|poke|p2|Sceptile, M
|poke|p2|Florges, F
|rule|Swagger Clause: Swagger is banned
|rule|Baton Pass Clause: Limit one PokÃ©mon knowing Baton Pass
|teampreview
|
|start
|switch|p1a: Victini|Victini|341\/341
|switch|p2a: Entei|Entei, shiny|372\/372
|-ability|p2a: Entei|Pressure
|turn|1
|
|move|p1a: Victini|Zen Headbutt|p2a: Entei
|-damage|p2a: Entei|167\/372
|move|p2a: Entei|Sacred Fire|p1a: Victini
|-resisted|p1a: Victini
|-damage|p1a: Victini|200\/341
|
|turn|2
|
|switch|p1a: Hydreigon|Hydreigon, F|326\/326
|switch|p2a: Jirachi|Jirachi|357\/357
|
|turn|3
|
|move|p2a: Jirachi|U-turn|p1a: Hydreigon
|-supereffective|p1a: Hydreigon
|-damage|p1a: Hydreigon|164\/326
|
|switch|p2a: Florges|Florges, F|360\/360
|move|p1a: Hydreigon|Dark Pulse|p2a: Florges
|-crit|p2a: Florges
|-resisted|p2a: Florges
|-damage|p2a: Florges|279\/360
|-damage|p1a: Hydreigon|132\/326|[from] item: Life Orb
|
|-heal|p2a: Florges|301\/360|[from] item: Leftovers
|turn|4
|
|switch|p1a: Empoleon|Empoleon, F|372\/372
|move|p2a: Florges|Wish|p2a: Florges
|
|-heal|p2a: Florges|323\/360|[from] item: Leftovers
|turn|5
|
|switch|p2a: Sceptile|Sceptile, M|282\/282
|move|p1a: Empoleon|Scald|p2a: Sceptile
|-resisted|p2a: Sceptile
|-damage|p2a: Sceptile|221\/282
|-status|p2a: Sceptile|brn
|
|-heal|p2a: Sceptile|282\/282 brn|[from] move: Wish|[wisher] Florges
|-damage|p2a: Sceptile|247\/282 brn|[from] brn
|turn|6
|
|move|p2a: Sceptile|Focus Blast|p1a: Empoleon
|-supereffective|p1a: Empoleon
|-damage|p1a: Empoleon|0 fnt
|faint|p1a: Empoleon
|
|-damage|p2a: Sceptile|212\/282 brn|[from] brn
|
|switch|p1a: Victini|Victini|200\/341
|turn|7
|
|move|p2a: Sceptile|Focus Blast|p1a: Victini
|-crit|p1a: Victini
|-resisted|p1a: Victini
|-damage|p1a: Victini|74\/341
|move|p1a: Victini|U-turn|p2a: Sceptile
|-supereffective|p2a: Sceptile
|-damage|p2a: Sceptile|0 fnt
|faint|p2a: Sceptile
|
|switch|p1a: Raikou|Raikou|322\/322
|-ability|p1a: Raikou|Pressure
|
|
|switch|p2a: Nidoqueen|Nidoqueen, F|353\/353
|turn|8
|
|switch|p1a: Hydreigon|Hydreigon, F|132\/326
|move|p2a: Nidoqueen|Stealth Rock|p1a: Hydreigon
|-sidestart|p1: Wolfhead69|move: Stealth Rock
|
|turn|9
|
|move|p1a: Hydreigon|Draco Meteor|p2a: Nidoqueen
|-damage|p2a: Nidoqueen|12\/353
|-unboost|p1a: Hydreigon|spa|2
|-damage|p1a: Hydreigon|100\/326|[from] item: Life Orb
|move|p2a: Nidoqueen|Ice Beam|p1a: Hydreigon
|-supereffective|p1a: Hydreigon
|-damage|p1a: Hydreigon|0 fnt
|faint|p1a: Hydreigon
|
|
|switch|p1a: Aerodactyl|Aerodactyl, M|302\/302
|-damage|p1a: Aerodactyl|227\/302|[from] Stealth Rock
|-ability|p1a: Aerodactyl|Pressure
|turn|10
|
|detailschange|p1a: Aerodactyl|Aerodactyl-Mega, M
|message|Aerodactyl has Mega Evolved into Mega Aerodactyl!
|move|p1a: Aerodactyl|Earthquake|p2a: Nidoqueen
|-supereffective|p2a: Nidoqueen
|-damage|p2a: Nidoqueen|0 fnt
|faint|p2a: Nidoqueen
|
|
|switch|p2a: Jirachi|Jirachi|357\/357
|turn|11
|
|switch|p1a: Raikou|Raikou|322\/322
|-damage|p1a: Raikou|282\/322|[from] Stealth Rock
|-ability|p1a: Raikou|Pressure
|move|p2a: Jirachi|Iron Head|p1a: Raikou
|-resisted|p1a: Raikou
|-damage|p1a: Raikou|206\/322
|
|turn|12
|
|move|p2a: Jirachi|Iron Head|p1a: Raikou
|-resisted|p1a: Raikou
|-damage|p1a: Raikou|137\/322
|cant|p1a: Raikou|flinch
|
|turn|13
|
|move|p2a: Jirachi|Iron Head|p1a: Raikou
|-resisted|p1a: Raikou
|-damage|p1a: Raikou|55\/322
|move|p1a: Raikou|Shadow Ball|p2a: Jirachi
|-supereffective|p2a: Jirachi
|-damage|p2a: Jirachi|77\/357
|
|turn|14
|
|move|p2a: Jirachi|Iron Head|p1a: Raikou
|-resisted|p1a: Raikou
|-damage|p1a: Raikou|0 fnt
|faint|p1a: Raikou
|
|
|switch|p1a: Lucario|Lucario, F|282\/282
|-damage|p1a: Lucario|274\/282|[from] Stealth Rock
|turn|15
|
|switch|p2a: Crobat|Crobat, F|346\/346
|move|p1a: Lucario|Swords Dance|p1a: Lucario
|-boost|p1a: Lucario|atk|2
|
|turn|16
|
|move|p2a: Crobat|Brave Bird|p1a: Lucario
|-damage|p1a: Lucario|76\/282
|-damage|p2a: Crobat|281\/346|[from] recoil|[of] p1a: Lucario
|move|p1a: Lucario|Swords Dance|p1a: Lucario
|-boost|p1a: Lucario|atk|2
|
|-heal|p2a: Crobat|302\/346|[from] item: Black Sludge
|turn|17
|
|move|p1a: Lucario|Extreme Speed|p2a: Crobat
|-damage|p2a: Crobat|0 fnt
|-damage|p1a: Lucario|48\/282|[from] item: Life Orb
|faint|p2a: Crobat
|
|
|switch|p2a: Entei|Entei, shiny|167\/372
|-ability|p2a: Entei|Pressure
|turn|18
|
|move|p1a: Lucario|Extreme Speed|p2a: Entei
|-damage|p2a: Entei|0 fnt
|-damage|p1a: Lucario|20\/282|[from] item: Life Orb
|faint|p2a: Entei
|
|
|switch|p2a: Florges|Florges, F|323\/360
|turn|19
|
|move|p1a: Lucario|Close Combat|p2a: Florges
|-crit|p2a: Florges
|-resisted|p2a: Florges
|-damage|p2a: Florges|0 fnt
|-unboost|p1a: Lucario|def|1
|-unboost|p1a: Lucario|spd|1
|-damage|p1a: Lucario|0 fnt|[from] item: Life Orb
|faint|p2a: Florges
|faint|p1a: Lucario
|
|
|switch|p2a: Jirachi|Jirachi|77\/357
|switch|p1a: Aerodactyl|Aerodactyl-Mega, M|227\/302
|-damage|p1a: Aerodactyl|152\/302|[from] Stealth Rock
|turn|20
|
|move|p2a: Jirachi|Iron Head|p1a: Aerodactyl
|-crit|p1a: Aerodactyl
|-supereffective|p1a: Aerodactyl
|-damage|p1a: Aerodactyl|0 fnt
|faint|p1a: Aerodactyl
|
|c|âWolfhead69|gg
|
|switch|p1a: Victini|Victini|74\/341
|-damage|p1a: Victini|0 fnt|[from] Stealth Rock
|faint|p1a: Victini
|
|win|Watch me do it
|raw|Ladder updating...
|raw|Wolfhead69's rating: 1653 &rarr; <strong>1619<\/strong><br \/>(-34 for losing)
|raw|Watch me do it's rating: 1354 &rarr; <strong>1388<\/strong><br \/>(+34 for winning)
|leave|Wolfhead69
|player|p1