|join|Wolfhead69
|join|FB92
|player|p1|Wolfhead69|101
|player|p2|FB92|230
|gametype|singles
|gen|6
|tier|UU
|rated
|rule|Sleep Clause Mod: Limit one foe put to sleep
|rule|Species Clause: Limit one of each PokÃ©mon
|rule|OHKO Clause: OHKO moves are banned
|rule|Moody Clause: Moody is banned
|rule|Evasion Moves Clause: Evasion moves are banned
|rule|Endless Battle Clause: Forcing endless battles is banned
|rule|HP Percentage Mod: HP is shown in percentages
|clearpoke
|poke|p1|Aerodactyl, F
|poke|p1|Lucario, M
|poke|p1|Chandelure, F
|poke|p1|Galvantula, M
|poke|p1|Donphan, M
|poke|p1|Empoleon, F
|poke|p2|Hydreigon, M
|poke|p2|Jirachi
|poke|p2|Blastoise, F
|poke|p2|Lucario, M
|poke|p2|Crobat, F
|poke|p2|Krookodile, M
|rule|Swagger Clause: Swagger is banned
|rule|Baton Pass Clause: Limit one PokÃ©mon knowing Baton Pass
|teampreview
|
|start
|switch|p1a: Galvantula|Galvantula, M|282\/282
|switch|p2a: Hydreigon|Hydreigon, M|325\/325
|turn|1
|
|move|p2a: Hydreigon|U-turn|p1a: Galvantula
|-crit|p1a: Galvantula
|-damage|p1a: Galvantula|153\/282
|
|switch|p2a: Crobat|Crobat, F|325\/325
|move|p1a: Galvantula|Bug Buzz|p2a: Crobat
|-resisted|p2a: Crobat
|-damage|p2a: Crobat|288\/325
|
|-heal|p2a: Crobat|308\/325|[from] item: Black Sludge
|turn|2
|
|switch|p1a: Empoleon|Empoleon, F|372\/372
|move|p2a: Crobat|Brave Bird|p1a: Empoleon
|-resisted|p1a: Empoleon
|-damage|p1a: Empoleon|303\/372
|-damage|p2a: Crobat|285\/325|[from] recoil|[of] p1a: Empoleon
|
|-heal|p2a: Crobat|305\/325|[from] item: Black Sludge
|-heal|p1a: Empoleon|326\/372|[from] item: Leftovers
|turn|3
|
|move|p2a: Crobat|U-turn|p1a: Empoleon
|-resisted|p1a: Empoleon
|-damage|p1a: Empoleon|299\/372
|
|switch|p2a: Lucario|Lucario, M|281\/281
|move|p1a: Empoleon|Stealth Rock|p2a: Lucario
|-sidestart|p2: FB92|move: Stealth Rock
|
|-heal|p1a: Empoleon|322\/372|[from] item: Leftovers
|turn|4
|
|switch|p1a: Chandelure|Chandelure, F|261\/261
|move|p2a: Lucario|Crunch|p1a: Chandelure
|-crit|p1a: Chandelure
|-supereffective|p1a: Chandelure
|-damage|p1a: Chandelure|0 fnt
|-damage|p2a: Lucario|253\/281|[from] item: Life Orb
|faint|p1a: Chandelure
|
|
|switch|p1a: Aerodactyl|Aerodactyl, F|302\/302
|-ability|p1a: Aerodactyl|Pressure
|turn|5
|
|switch|p2a: Hydreigon|Hydreigon, M|325\/325
|-damage|p2a: Hydreigon|285\/325|[from] Stealth Rock
|detailschange|p1a: Aerodactyl|Aerodactyl-Mega, F
|message|Aerodactyl has Mega Evolved into Mega Aerodactyl!
|move|p1a: Aerodactyl|Earthquake|p2a: Hydreigon
|-immune|p2a: Hydreigon|[msg]
|
|turn|6
|
|switch|p1a: Empoleon|Empoleon, F|322\/372
|move|p2a: Hydreigon|Dark Pulse|p1a: Empoleon
|-damage|p1a: Empoleon|189\/372
|
|-heal|p1a: Empoleon|212\/372|[from] item: Leftovers
|turn|7
|
|move|p2a: Hydreigon|Dark Pulse|p1a: Empoleon
|-damage|p1a: Empoleon|70\/372
|move|p1a: Empoleon|Stealth Rock|p2a: Hydreigon
|-fail|p2a: Hydreigon
|
|-heal|p1a: Empoleon|93\/372|[from] item: Leftovers
|turn|8
|
|switch|p1a: Lucario|Lucario, M|282\/282
|move|p2a: Hydreigon|Dark Pulse|p1a: Lucario
|-resisted|p1a: Lucario
|-damage|p1a: Lucario|194\/282
|-boost|p1a: Lucario|atk|1|[from] ability: Justified
|
|turn|9
|
|switch|p2a: Crobat|Crobat, F|305\/325
|-damage|p2a: Crobat|224\/325|[from] Stealth Rock
|move|p1a: Lucario|Swords Dance|p1a: Lucario
|-boost|p1a: Lucario|atk|2
|
|-heal|p2a: Crobat|244\/325|[from] item: Black Sludge
|turn|10
|
|move|p1a: Lucario|Extreme Speed|p2a: Crobat
|-damage|p2a: Crobat|0 fnt
|-damage|p1a: Lucario|166\/282|[from] item: Life Orb
|faint|p2a: Crobat
|
|
|switch|p2a: Lucario|Lucario, M|253\/281
|-damage|p2a: Lucario|245\/281|[from] Stealth Rock
|turn|11
|
|move|p1a: Lucario|Close Combat|p2a: Lucario
|-supereffective|p2a: Lucario
|-damage|p2a: Lucario|0 fnt
|-unboost|p1a: Lucario|def|1
|-unboost|p1a: Lucario|spd|1
|-damage|p1a: Lucario|138\/282|[from] item: Life Orb
|faint|p2a: Lucario
|
|
|switch|p2a: Jirachi|Jirachi|341\/341
|-damage|p2a: Jirachi|320\/341|[from] Stealth Rock
|turn|12
|c|âFB92|damn that speedtie
|
|move|p2a: Jirachi|Fire Punch|p1a: Lucario
|-supereffective|p1a: Lucario
|-damage|p1a: Lucario|0 fnt
|faint|p1a: Lucario
|
|
|switch|p1a: Empoleon|Empoleon, F|93\/372
|turn|13
|
|move|p2a: Jirachi|Fire Punch|p1a: Empoleon
|-damage|p1a: Empoleon|30\/372
|move|p1a: Empoleon|Yawn|p2a: Jirachi
|-start|p2a: Jirachi|move: Yawn|[of] p1a: Empoleon
|
|-heal|p1a: Empoleon|53\/372|[from] item: Leftovers
|turn|14
|
|switch|p2a: Blastoise|Blastoise, F|362\/362
|-damage|p2a: Blastoise|317\/362|[from] Stealth Rock
|move|p1a: Empoleon|Yawn|p2a: Blastoise
|-start|p2a: Blastoise|move: Yawn|[of] p1a: Empoleon
|
|-heal|p1a: Empoleon|76\/372|[from] item: Leftovers
|turn|15
|
|switch|p2a: Jirachi|Jirachi|320\/341
|-damage|p2a: Jirachi|299\/341|[from] Stealth Rock
|move|p1a: Empoleon|Scald|p2a: Jirachi
|-damage|p2a: Jirachi|136\/341
|-status|p2a: Jirachi|brn
|
|-heal|p1a: Empoleon|99\/372|[from] item: Leftovers
|-damage|p2a: Jirachi|94\/341 brn|[from] brn
|turn|16
|
|move|p2a: Jirachi|U-turn|p1a: Empoleon
|-crit|p1a: Empoleon
|-resisted|p1a: Empoleon
|-damage|p1a: Empoleon|78\/372
|
|switch|p2a: Blastoise|Blastoise, F|317\/362
|-damage|p2a: Blastoise|272\/362|[from] Stealth Rock
|move|p1a: Empoleon|Scald|p2a: Blastoise
|-resisted|p2a: Blastoise
|-damage|p2a: Blastoise|205\/362
|
|-heal|p1a: Empoleon|101\/372|[from] item: Leftovers
|turn|17
|
|detailschange|p2a: Blastoise|Blastoise-Mega, F
|message|Blastoise has Mega Evolved into Mega Blastoise!
|move|p2a: Blastoise|Aura Sphere|p1a: Empoleon
|-supereffective|p1a: Empoleon
|-damage|p1a: Empoleon|0 fnt
|faint|p1a: Empoleon
|
|
|switch|p1a: Galvantula|Galvantula, M|153\/282
|turn|18
|
|switch|p2a: Jirachi|Jirachi|94\/341 brn
|-damage|p2a: Jirachi|73\/341 brn|[from] Stealth Rock
|move|p1a: Galvantula|Giga Drain|p2a: Jirachi
|-resisted|p2a: Jirachi
|-damage|p2a: Jirachi|35\/341 brn
|-heal|p1a: Galvantula|172\/282|[from] drain|[of] p2a: Jirachi
|
|-damage|p2a: Jirachi|0 fnt|[from] brn
|faint|p2a: Jirachi
|
|switch|p2a: Hydreigon|Hydreigon, M|285\/325
|-damage|p2a: Hydreigon|245\/325|[from] Stealth Rock
|turn|19
|
|move|p2a: Hydreigon|Dark Pulse|p1a: Galvantula
|-damage|p1a: Galvantula|0 fnt
|faint|p1a: Galvantula
|
|
|switch|p1a: Donphan|Donphan, M|384\/384
|turn|20
|
|move|p2a: Hydreigon|Dark Pulse|p1a: Donphan
|-damage|p1a: Donphan|191\/384
|move|p1a: Donphan|Knock Off|p2a: Hydreigon
|-resisted|p2a: Hydreigon
|-damage|p2a: Hydreigon|169\/325
|-enditem|p2a: Hydreigon|Choice Scarf|[from] move: Knock Off|[of] p1a: Donphan
|
|-heal|p1a: Donphan|215\/384|[from] item: Leftovers
|turn|21
|
|move|p1a: Donphan|Ice Shard|p2a: Hydreigon
|-supereffective|p2a: Hydreigon
|-damage|p2a: Hydreigon|41\/325
|move|p2a: Hydreigon|Draco Meteor|p1a: Donphan
|-damage|p1a: Donphan|0 fnt
|-unboost|p2a: Hydreigon|spa|2
|faint|p1a: Donphan
|
|
|switch|p1a: Aerodactyl|Aerodactyl-Mega, F|302\/302
|turn|22
|
|move|p1a: Aerodactyl|Hone Claws|p1a: Aerodactyl
|-boost|p1a: Aerodactyl|atk|1
|-boost|p1a: Aerodactyl|accuracy|1
|move|p2a: Hydreigon|Draco Meteor|p1a: Aerodactyl
|-damage|p1a: Aerodactyl|193\/302
|-unboost|p2a: Hydreigon|spa|2
|
|turn|23
|
|switch|p2a: Krookodile|Krookodile, M|331\/331
|-damage|p2a: Krookodile|311\/331|[from] Stealth Rock
|-ability|p2a: Krookodile|Intimidate|[of] p1a: Aerodactyl
|-unboost|p1a: Aerodactyl|atk|1
|move|p1a: Aerodactyl|Hone Claws|p1a: Aerodactyl
|-boost|p1a: Aerodactyl|atk|1
|-boost|p1a: Aerodactyl|accuracy|1
|
|turn|24
|
|move|p1a: Aerodactyl|Aerial Ace|p2a: Krookodile
|-damage|p2a: Krookodile|37\/331
|move|p2a: Krookodile|Superpower|p1a: Aerodactyl
|-damage|p1a: Aerodactyl|0 fnt
|-unboost|p2a: Krookodile|atk|1
|-unboost|p2a: Krookodile|def|1
|faint|p1a: Aerodactyl
|
|win|FB92
|raw|Ladder updating...
|raw|Wolfhead69's rating: 1524 &rarr; <strong>1494<\/strong><br \/>(-30 for losing)
|raw|FB92's rating: 1333 &rarr; <strong>1363<\/strong><br \/>(+30 for winning)
|c|âFB92|gg