|join|Wolfhead69
|join|Emblema de Fuego
|player|p1|Wolfhead69|265
|player|p2|Emblema de Fuego|283
|gametype|singles
|gen|6
|tier|UU
|rated
|rule|Sleep Clause Mod: Limit one foe put to sleep
|rule|Species Clause: Limit one of each PokÃ©mon
|rule|OHKO Clause: OHKO moves are banned
|rule|Moody Clause: Moody is banned
|rule|Evasion Moves Clause: Evasion moves are banned
|rule|Endless Battle Clause: Forcing endless battles is banned
|rule|HP Percentage Mod: HP is shown in percentages
|clearpoke
|poke|p1|Galvantula, M
|poke|p1|Empoleon, F
|poke|p1|Lucario, F
|poke|p1|Aerodactyl, F
|poke|p1|Donphan, F
|poke|p1|Chandelure, M
|poke|p2|Fletchinder, F, shiny
|poke|p2|Raikou, shiny
|poke|p2|Absol, M
|poke|p2|Donphan, M
|poke|p2|Zygarde
|poke|p2|Uxie
|rule|Swagger Clause: Swagger is banned
|rule|Baton Pass Clause: Limit one PokÃ©mon knowing Baton Pass
|teampreview
|
|start
|switch|p1a: Empoleon|Empoleon, F|372\/372
|switch|p2a: Musho|Raikou, shiny|322\/322
|-ability|p2a: Musho|Pressure
|turn|1
|
|move|p2a: Musho|Thunderbolt|p1a: Empoleon
|-supereffective|p1a: Empoleon
|-damage|p1a: Empoleon|94\/372
|move|p1a: Empoleon|Stealth Rock|p2a: Musho
|-sidestart|p2: Emblema de Fuego|move: Stealth Rock
|
|-heal|p1a: Empoleon|117\/372|[from] item: Leftovers
|turn|2
|
|switch|p1a: Donphan|Donphan, F|384\/384
|move|p2a: Musho|Substitute|p2a: Musho
|-start|p2a: Musho|Substitute
|-damage|p2a: Musho|242\/322
|
|-heal|p2a: Musho|262\/322|[from] item: Leftovers
|turn|3
|
|move|p2a: Musho|Hidden Power|p1a: Donphan
|-supereffective|p1a: Donphan
|-damage|p1a: Donphan|188\/384
|move|p1a: Donphan|Earthquake|p2a: Musho
|-supereffective|p2a: Musho
|-end|p2a: Musho|Substitute
|
|-heal|p2a: Musho|282\/322|[from] item: Leftovers
|-heal|p1a: Donphan|212\/384|[from] item: Leftovers
|turn|4
|
|switch|p2a: Uzzi|Uxie|353\/353
|-damage|p2a: Uzzi|309\/353|[from] Stealth Rock
|move|p1a: Donphan|Knock Off|p2a: Uzzi
|-supereffective|p2a: Uzzi
|-damage|p2a: Uzzi|127\/353
|-enditem|p2a: Uzzi|Leftovers|[from] move: Knock Off|[of] p1a: Donphan
|
|-heal|p1a: Donphan|236\/384|[from] item: Leftovers
|turn|5
|
|move|p2a: Uzzi|Knock Off|p1a: Donphan
|-damage|p1a: Donphan|188\/384
|-enditem|p1a: Donphan|Leftovers|[from] move: Knock Off|[of] p2a: Uzzi
|move|p1a: Donphan|Rapid Spin|p2a: Uzzi
|-damage|p2a: Uzzi|107\/353
|
|turn|6
|
|move|p2a: Uzzi|Stealth Rock|p1a: Donphan
|-sidestart|p1: Wolfhead69|move: Stealth Rock
|move|p1a: Donphan|Rapid Spin|p2a: Uzzi
|-damage|p2a: Uzzi|89\/353
|-sideend|p1: Wolfhead69|Stealth Rock|[from] move: Rapid Spin|[of] p1a: Donphan
|
|turn|7
|
|move|p2a: Uzzi|U-turn|p1a: Donphan
|-damage|p1a: Donphan|147\/384
|
|switch|p2a: Rodolfo|Donphan, M|383\/383
|-damage|p2a: Rodolfo|360\/383|[from] Stealth Rock
|move|p1a: Donphan|Rapid Spin|p2a: Rodolfo
|-damage|p2a: Rodolfo|341\/383
|
|-heal|p2a: Rodolfo|364\/383|[from] item: Leftovers
|turn|8
|
|move|p2a: Rodolfo|Rapid Spin|p1a: Donphan
|-damage|p1a: Donphan|131\/384
|-sideend|p2: Emblema de Fuego|Stealth Rock|[from] move: Rapid Spin|[of] p2a: Rodolfo
|move|p1a: Donphan|Knock Off|p2a: Rodolfo
|-damage|p2a: Rodolfo|286\/383
|-enditem|p2a: Rodolfo|Leftovers|[from] move: Knock Off|[of] p1a: Donphan
|
|turn|9
|
|move|p2a: Rodolfo|Ice Shard|p1a: Donphan
|-supereffective|p1a: Donphan
|-damage|p1a: Donphan|63\/384
|move|p1a: Donphan|Earthquake|p2a: Rodolfo
|-damage|p2a: Rodolfo|163\/383
|
|turn|10
|
|move|p1a: Donphan|Ice Shard|p2a: Rodolfo
|-supereffective|p2a: Rodolfo
|-damage|p2a: Rodolfo|95\/383
|move|p2a: Rodolfo|Ice Shard|p1a: Donphan
|-supereffective|p1a: Donphan
|-damage|p1a: Donphan|0 fnt
|faint|p1a: Donphan
|
|
|switch|p1a: Galvantula|Galvantula, M|282\/282
|turn|11
|
|move|p1a: Galvantula|Giga Drain|p2a: Rodolfo
|-supereffective|p2a: Rodolfo
|-damage|p2a: Rodolfo|0 fnt
|faint|p2a: Rodolfo
|
|
|switch|p2a: D-Angelo|Absol, M|271\/271
|turn|12
|
|detailschange|p2a: D-Angelo|Absol-Mega, M
|message|Absol has Mega Evolved into Mega Absol!
|move|p2a: D-Angelo|Protect|p2a: D-Angelo
|-singleturn|p2a: D-Angelo|Protect
|move|p1a: Galvantula|Bug Buzz|p2a: D-Angelo
|-activate|p2a: D-Angelo|Protect
|
|turn|13
|
|move|p2a: D-Angelo|Sucker Punch|p1a: Galvantula
|-damage|p1a: Galvantula|42\/282
|move|p1a: Galvantula|Bug Buzz|p2a: D-Angelo
|-supereffective|p2a: D-Angelo
|-damage|p2a: D-Angelo|0 fnt
|faint|p2a: D-Angelo
|
|
|switch|p2a: Musho|Raikou, shiny|282\/322
|-ability|p2a: Musho|Pressure
|turn|14
|
|switch|p1a: Chandelure|Chandelure, M|262\/262
|move|p2a: Musho|Thunderbolt|p1a: Chandelure
|-damage|p1a: Chandelure|102\/262
|
|-heal|p2a: Musho|302\/322|[from] item: Leftovers
|turn|15
|
|switch|p2a: Uzzi|Uxie|89\/353
|move|p1a: Chandelure|Shadow Ball|p2a: Uzzi
|-supereffective|p2a: Uzzi
|-damage|p2a: Uzzi|0 fnt
|faint|p2a: Uzzi
|
|
|switch|p2a: 5|Fletchinder, F, shiny|327\/327
|turn|16
|
|switch|p1a: Empoleon|Empoleon, F|117\/372
|move|p2a: 5|Acrobatics|p1a: Empoleon
|-resisted|p1a: Empoleon
|-damage|p1a: Empoleon|59\/372
|
|-heal|p1a: Empoleon|82\/372|[from] item: Leftovers
|turn|17
|
|switch|p2a: Lagarton|Zygarde|419\/419
|-ability|p2a: Lagarton|Aura Break
|move|p1a: Empoleon|Yawn|p2a: Lagarton
|-start|p2a: Lagarton|move: Yawn|[of] p1a: Empoleon
|
|-heal|p1a: Empoleon|105\/372|[from] item: Leftovers
|turn|18
|
|switch|p2a: Musho|Raikou, shiny|302\/322
|-ability|p2a: Musho|Pressure
|move|p1a: Empoleon|Stealth Rock|p2a: Musho
|-sidestart|p2: Emblema de Fuego|move: Stealth Rock
|
|-heal|p2a: Musho|322\/322|[from] item: Leftovers
|-heal|p1a: Empoleon|128\/372|[from] item: Leftovers
|turn|19
|
|switch|p1a: Galvantula|Galvantula, M|42\/282
|move|p2a: Musho|Substitute|p2a: Musho
|-start|p2a: Musho|Substitute
|-damage|p2a: Musho|242\/322
|
|-heal|p2a: Musho|262\/322|[from] item: Leftovers
|turn|20
|
|move|p2a: Musho|Thunderbolt|p1a: Galvantula
|-resisted|p1a: Galvantula
|-damage|p1a: Galvantula|0 fnt
|faint|p1a: Galvantula
|
|-heal|p2a: Musho|282\/322|[from] item: Leftovers
|
|switch|p1a: Chandelure|Chandelure, M|102\/262
|turn|21
|
|move|p1a: Chandelure|Shadow Ball|p2a: Musho
|-end|p2a: Musho|Substitute
|move|p2a: Musho|Thunderbolt|p1a: Chandelure
|-damage|p1a: Chandelure|0 fnt
|faint|p1a: Chandelure
|
|-heal|p2a: Musho|302\/322|[from] item: Leftovers
|
|switch|p1a: Aerodactyl|Aerodactyl, F|302\/302
|-ability|p1a: Aerodactyl|Unnerve|p2: Emblema de Fuego
|turn|22
|
|detailschange|p1a: Aerodactyl|Aerodactyl-Mega, F
|message|Aerodactyl has Mega Evolved into Mega Aerodactyl!
|move|p1a: Aerodactyl|Earthquake|p2a: Musho
|-supereffective|p2a: Musho
|-damage|p2a: Musho|8\/322
|move|p2a: Musho|Thunderbolt|p1a: Aerodactyl
|-supereffective|p1a: Aerodactyl
|-damage|p1a: Aerodactyl|2\/302
|
|-heal|p2a: Musho|28\/322|[from] item: Leftovers
|turn|23
|c|âEmblema de Fuego|wow
|
|move|p1a: Aerodactyl|Aerial Ace|p2a: Musho
|-resisted|p2a: Musho
|-damage|p2a: Musho|0 fnt
|faint|p2a: Musho
|
|
|switch|p2a: 5|Fletchinder, F, shiny|327\/327
|-damage|p2a: 5|164\/327|[from] Stealth Rock
|turn|24
|
|switch|p1a: Lucario|Lucario, F|282\/282
|move|p2a: 5|Acrobatics|p1a: Lucario
|-damage|p1a: Lucario|77\/282
|
|turn|25
|
|move|p1a: Lucario|Extreme Speed|p2a: 5
|-damage|p2a: 5|0 fnt
|-damage|p1a: Lucario|49\/282|[from] item: Life Orb
|faint|p2a: 5
|
|
|switch|p2a: Lagarton|Zygarde|419\/419
|-damage|p2a: Lagarton|393\/419|[from] Stealth Rock
|-ability|p2a: Lagarton|Aura Break
|turn|26
|
|move|p1a: Lucario|Close Combat|p2a: Lagarton
|-damage|p2a: Lagarton|147\/419
|-unboost|p1a: Lucario|def|1
|-unboost|p1a: Lucario|spd|1
|-damage|p1a: Lucario|21\/282|[from] item: Life Orb
|move|p2a: Lagarton|Earthquake|p1a: Lucario
|-supereffective|p1a: Lucario
|-damage|p1a: Lucario|0 fnt
|faint|p1a: Lucario
|
|-heal|p2a: Lagarton|173\/419|[from] item: Leftovers
|
|switch|p1a: Aerodactyl|Aerodactyl-Mega, F|2\/302
|turn|27
|
|move|p1a: Aerodactyl|Aerial Ace|p2a: Lagarton
|-damage|p2a: Lagarton|50\/419
|move|p2a: Lagarton|Dragon Tail|p1a: Aerodactyl
|-damage|p1a: Aerodactyl|0 fnt
|faint|p1a: Aerodactyl
|
|-heal|p2a: Lagarton|76\/419|[from] item: Leftovers
|
|switch|p1a: Empoleon|Empoleon, F|128\/372
|turn|28
|c|âEmblema de Fuego|gg
|
|move|p2a: Lagarton|Earthquake|p1a: Empoleon
|-supereffective|p1a: Empoleon
|-damage|p1a: Empoleon|0 fnt
|faint|p1a: Empoleon
|
|win|Emblema de Fuego
|raw|Ladder updating...
|leave|Wolfhead69
|player|p1
|raw|Wolfhead69's rating: 1616 &rarr; <strong>1587<\/strong><br \/>(-29 for losing)
|raw|Emblema de Fuego's rating: 1441 &rarr; <strong>1470<\/strong><br \/>(+29 for winning)