|join|Wolfhead69
|join|Last Earth
|player|p1|Wolfhead69|169
|player|p2|Last Earth|258
|gametype|singles
|gen|6
|tier|UU
|rated
|rule|Sleep Clause Mod: Limit one foe put to sleep
|rule|Species Clause: Limit one of each PokÃ©mon
|rule|OHKO Clause: OHKO moves are banned
|rule|Moody Clause: Moody is banned
|rule|Evasion Moves Clause: Evasion moves are banned
|rule|Endless Battle Clause: Forcing endless battles is banned
|rule|HP Percentage Mod: HP is shown in percentages
|clearpoke
|poke|p1|Aerodactyl, F
|poke|p1|Lucario, M
|poke|p1|Chandelure, F
|poke|p1|Galvantula, F
|poke|p1|Donphan, M
|poke|p1|Empoleon, M
|poke|p2|Diancie
|poke|p2|Hydreigon, F
|poke|p2|Chesnaught, F
|poke|p2|Zygarde
|poke|p2|Jirachi
|poke|p2|Milotic, M
|rule|Swagger Clause: Swagger is banned
|rule|Baton Pass Clause: Limit one PokÃ©mon knowing Baton Pass
|teampreview
|
|start
|switch|p1a: Empoleon|Empoleon, M|372\/372
|switch|p2a: Chesnaught|Chesnaught, F|380\/380
|turn|1
|
|move|p2a: Chesnaught|Spikes|p1a: Empoleon
|-sidestart|p1: Wolfhead69|Spikes
|move|p1a: Empoleon|Stealth Rock|p2a: Chesnaught
|-sidestart|p2: Last Earth|move: Stealth Rock
|
|turn|2
|
|move|p2a: Chesnaught|Wood Hammer|p1a: Empoleon
|-damage|p1a: Empoleon|257\/372
|-damage|p2a: Chesnaught|342\/380|[from] recoil|[of] p1a: Empoleon
|move|p1a: Empoleon|Yawn|p2a: Chesnaught
|-start|p2a: Chesnaught|move: Yawn|[of] p1a: Empoleon
|
|-heal|p2a: Chesnaught|365\/380|[from] item: Leftovers
|-heal|p1a: Empoleon|280\/372|[from] item: Leftovers
|turn|3
|
|switch|p2a: Milotic|Milotic, M|394\/394
|-damage|p2a: Milotic|345\/394|[from] Stealth Rock
|switch|p1a: Donphan|Donphan, M|384\/384
|-damage|p1a: Donphan|336\/384|[from] Spikes
|
|-heal|p2a: Milotic|369\/394|[from] item: Leftovers
|-heal|p1a: Donphan|360\/384|[from] item: Leftovers
|turn|4
|
|switch|p1a: Galvantula|Galvantula, F|282\/282
|-damage|p1a: Galvantula|247\/282|[from] Spikes
|move|p2a: Milotic|Coil|p2a: Milotic
|-boost|p2a: Milotic|atk|1
|-boost|p2a: Milotic|def|1
|-boost|p2a: Milotic|accuracy|1
|
|-heal|p2a: Milotic|393\/394|[from] item: Leftovers
|turn|5
|
|move|p1a: Galvantula|Thunder|p2a: Milotic
|-supereffective|p2a: Milotic
|-damage|p2a: Milotic|157\/394
|-status|p2a: Milotic|par
|move|p2a: Milotic|Aqua Tail|p1a: Galvantula
|-damage|p1a: Galvantula|85\/282
|
|-heal|p2a: Milotic|181\/394 par|[from] item: Leftovers
|turn|6
|
|switch|p2a: Chesnaught|Chesnaught, F|365\/380
|-damage|p2a: Chesnaught|342\/380|[from] Stealth Rock
|move|p1a: Galvantula|Thunder|p2a: Chesnaught
|-resisted|p2a: Chesnaught
|-damage|p2a: Chesnaught|236\/380
|
|-heal|p2a: Chesnaught|259\/380|[from] item: Leftovers
|turn|7
|
|move|p1a: Galvantula|Sticky Web|p2a: Chesnaught
|-sidestart|p2: Last Earth|move: Sticky Web
|move|p2a: Chesnaught|Wood Hammer|p1a: Galvantula
|-resisted|p1a: Galvantula
|-damage|p1a: Galvantula|0 fnt
|-damage|p2a: Chesnaught|231\/380|[from] recoil|[of] p1a: Galvantula
|faint|p1a: Galvantula
|
|-heal|p2a: Chesnaught|254\/380|[from] item: Leftovers
|
|switch|p1a: Aerodactyl|Aerodactyl, F|302\/302
|-ability|p1a: Aerodactyl|Pressure
|turn|8
|
|switch|p2a: Jirachi|Jirachi|341\/341
|-activate|p2a: Jirachi|move: Sticky Web
|-unboost|p2a: Jirachi|spe|1
|-damage|p2a: Jirachi|320\/341|[from] Stealth Rock
|detailschange|p1a: Aerodactyl|Aerodactyl-Mega, F
|message|Aerodactyl has Mega Evolved into Mega Aerodactyl!
|move|p1a: Aerodactyl|Hone Claws|p1a: Aerodactyl
|-boost|p1a: Aerodactyl|atk|1
|-boost|p1a: Aerodactyl|accuracy|1
|
|-heal|p2a: Jirachi|341\/341|[from] item: Leftovers
|turn|9
|
|switch|p1a: Donphan|Donphan, M|360\/384
|-damage|p1a: Donphan|312\/384|[from] Spikes
|move|p2a: Jirachi|Iron Head|p1a: Donphan
|-damage|p1a: Donphan|203\/384
|
|-heal|p1a: Donphan|227\/384|[from] item: Leftovers
|turn|10
|
|move|p2a: Jirachi|Iron Head|p1a: Donphan
|-damage|p1a: Donphan|125\/384
|move|p1a: Donphan|Rapid Spin|p2a: Jirachi
|-resisted|p2a: Jirachi
|-damage|p2a: Jirachi|328\/341
|-sideend|p1: Wolfhead69|Spikes|[from] move: Rapid Spin|[of] p1a: Donphan
|
|-heal|p2a: Jirachi|341\/341|[from] item: Leftovers
|-heal|p1a: Donphan|149\/384|[from] item: Leftovers
|turn|11
|
|switch|p1a: Chandelure|Chandelure, F|261\/261
|move|p2a: Jirachi|Iron Head|p1a: Chandelure
|-resisted|p1a: Chandelure
|-damage|p1a: Chandelure|193\/261
|
|turn|12
|
|switch|p2a: Hydreigon|Hydreigon, F|325\/325
|-damage|p2a: Hydreigon|285\/325|[from] Stealth Rock
|move|p1a: Chandelure|Trick|p2a: Hydreigon
|-activate|p1a: Chandelure|move: Trick|[of] p2a: Hydreigon
|-item|p2a: Hydreigon|Choice Scarf|[from] move: Trick
|-item|p1a: Chandelure|Life Orb|[from] move: Trick
|
|turn|13
|
|switch|p1a: Lucario|Lucario, M|282\/282
|move|p2a: Hydreigon|Superpower|p1a: Lucario
|-supereffective|p1a: Lucario
|-damage|p1a: Lucario|38\/282
|-unboost|p2a: Hydreigon|atk|1
|-unboost|p2a: Hydreigon|def|1
|
|turn|14
|
|switch|p2a: Zygarde|Zygarde|357\/357
|-activate|p2a: Zygarde|move: Sticky Web
|-unboost|p2a: Zygarde|spe|1
|-damage|p2a: Zygarde|335\/357|[from] Stealth Rock
|-ability|p2a: Zygarde|Aura Break
|move|p1a: Lucario|Close Combat|p2a: Zygarde
|-damage|p2a: Zygarde|127\/357
|-unboost|p1a: Lucario|def|1
|-unboost|p1a: Lucario|spd|1
|-damage|p1a: Lucario|10\/282|[from] item: Life Orb
|
|turn|15
|
|move|p1a: Lucario|Close Combat|p2a: Zygarde
|-damage|p2a: Zygarde|0 fnt
|-unboost|p1a: Lucario|def|1
|-unboost|p1a: Lucario|spd|1
|-damage|p1a: Lucario|0 fnt|[from] item: Life Orb
|faint|p2a: Zygarde
|faint|p1a: Lucario
|
|
|switch|p2a: Jirachi|Jirachi|341\/341
|switch|p1a: Donphan|Donphan, M|149\/384
|-activate|p2a: Jirachi|move: Sticky Web
|-unboost|p2a: Jirachi|spe|1
|-damage|p2a: Jirachi|320\/341|[from] Stealth Rock
|turn|16
|
|switch|p1a: Empoleon|Empoleon, M|280\/372
|move|p2a: Jirachi|U-turn|p1a: Empoleon
|-resisted|p1a: Empoleon
|-damage|p1a: Empoleon|254\/372
|
|switch|p2a: Milotic|Milotic, M|181\/394 par
|-activate|p2a: Milotic|move: Sticky Web
|-unboost|p2a: Milotic|spe|1
|-damage|p2a: Milotic|132\/394 par|[from] Stealth Rock
|
|-heal|p1a: Empoleon|277\/372|[from] item: Leftovers
|-heal|p2a: Milotic|156\/394 par|[from] item: Leftovers
|turn|17
|
|switch|p1a: Chandelure|Chandelure, F|193\/261
|move|p2a: Milotic|Recover|p2a: Milotic
|-heal|p2a: Milotic|353\/394 par
|
|-heal|p2a: Milotic|377\/394 par|[from] item: Leftovers
|turn|18
|
|switch|p2a: Chesnaught|Chesnaught, F|254\/380
|-damage|p2a: Chesnaught|231\/380|[from] Stealth Rock
|-activate|p2a: Chesnaught|move: Sticky Web
|-unboost|p2a: Chesnaught|spe|1
|move|p1a: Chandelure|Energy Ball|p2a: Chesnaught
|-immune|p2a: Chesnaught|[msg]|[from] Bulletproof
|
|-heal|p2a: Chesnaught|254\/380|[from] item: Leftovers
|turn|19
|
|switch|p2a: Hydreigon|Hydreigon, F|285\/325
|-damage|p2a: Hydreigon|245\/325|[from] Stealth Rock
|move|p1a: Chandelure|Fire Blast|p2a: Hydreigon
|-crit|p2a: Hydreigon
|-resisted|p2a: Hydreigon
|-damage|p2a: Hydreigon|18\/325
|-damage|p1a: Chandelure|167\/261|[from] item: Life Orb
|
|turn|20
|
|switch|p2a: Milotic|Milotic, M|377\/394 par
|-activate|p2a: Milotic|move: Sticky Web
|-unboost|p2a: Milotic|spe|1
|-damage|p2a: Milotic|328\/394 par|[from] Stealth Rock
|switch|p1a: Empoleon|Empoleon, M|277\/372
|
|-heal|p1a: Empoleon|300\/372|[from] item: Leftovers
|-heal|p2a: Milotic|352\/394 par|[from] item: Leftovers
|turn|21
|
|switch|p1a: Donphan|Donphan, M|149\/384
|cant|p2a: Milotic|par
|
|-heal|p1a: Donphan|173\/384|[from] item: Leftovers
|-heal|p2a: Milotic|376\/394 par|[from] item: Leftovers
|turn|22
|
|move|p1a: Donphan|Knock Off|p2a: Milotic
|-damage|p2a: Milotic|305\/394 par
|-enditem|p2a: Milotic|Leftovers|[from] move: Knock Off|[of] p1a: Donphan
|move|p2a: Milotic|Aqua Tail|p1a: Donphan
|-supereffective|p1a: Donphan
|-damage|p1a: Donphan|45\/384
|
|-heal|p1a: Donphan|69\/384|[from] item: Leftovers
|turn|23
|
|move|p1a: Donphan|Earthquake|p2a: Milotic
|-damage|p2a: Milotic|200\/394 par
|cant|p2a: Milotic|par
|
|-heal|p1a: Donphan|93\/384|[from] item: Leftovers
|turn|24
|
|move|p1a: Donphan|Earthquake|p2a: Milotic
|-damage|p2a: Milotic|86\/394 par
|move|p2a: Milotic|Recover|p2a: Milotic
|-heal|p2a: Milotic|283\/394 par
|
|-heal|p1a: Donphan|117\/384|[from] item: Leftovers
|turn|25
|
|move|p1a: Donphan|Earthquake|p2a: Milotic
|-damage|p2a: Milotic|180\/394 par
|move|p2a: Milotic|Coil|p2a: Milotic
|-boost|p2a: Milotic|atk|1
|-boost|p2a: Milotic|def|1
|-boost|p2a: Milotic|accuracy|1
|
|-heal|p1a: Donphan|141\/384|[from] item: Leftovers
|turn|26
|
|switch|p1a: Chandelure|Chandelure, F|167\/261
|move|p2a: Milotic|Recover|p2a: Milotic
|-heal|p2a: Milotic|377\/394 par
|
|turn|27
|
|move|p1a: Chandelure|Energy Ball|p2a: Milotic
|-supereffective|p2a: Milotic
|-damage|p2a: Milotic|153\/394 par
|-damage|p1a: Chandelure|141\/261|[from] item: Life Orb
|move|p2a: Milotic|Aqua Tail|p1a: Chandelure
|-supereffective|p1a: Chandelure
|-damage|p1a: Chandelure|0 fnt
|faint|p1a: Chandelure
|
|
|switch|p1a: Aerodactyl|Aerodactyl-Mega, F|302\/302
|turn|28
|
|move|p1a: Aerodactyl|Hone Claws|p1a: Aerodactyl
|-boost|p1a: Aerodactyl|atk|1
|-boost|p1a: Aerodactyl|accuracy|1
|move|p2a: Milotic|Recover|p2a: Milotic
|-heal|p2a: Milotic|350\/394 par
|
|turn|29
|
|move|p1a: Aerodactyl|Hone Claws|p1a: Aerodactyl
|-boost|p1a: Aerodactyl|atk|1
|-boost|p1a: Aerodactyl|accuracy|1
|move|p2a: Milotic|Coil|p2a: Milotic
|-boost|p2a: Milotic|atk|1
|-boost|p2a: Milotic|def|1
|-boost|p2a: Milotic|accuracy|1
|
|turn|30
|
|move|p1a: Aerodactyl|Stone Edge|p2a: Milotic
|-damage|p2a: Milotic|238\/394 par
|cant|p2a: Milotic|par
|
|turn|31
|
|move|p1a: Aerodactyl|Stone Edge|p2a: Milotic
|-damage|p2a: Milotic|132\/394 par
|cant|p2a: Milotic|par
|
|turn|32
|
|move|p1a: Aerodactyl|Stone Edge|p2a: Milotic
|-damage|p2a: Milotic|24\/394 par
|move|p2a: Milotic|Recover|p2a: Milotic
|-heal|p2a: Milotic|221\/394 par
|
|turn|33
|
|move|p1a: Aerodactyl|Hone Claws|p1a: Aerodactyl
|-boost|p1a: Aerodactyl|atk|1
|-boost|p1a: Aerodactyl|accuracy|1
|cant|p2a: Milotic|par
|
|turn|34
|
|move|p1a: Aerodactyl|Stone Edge|p2a: Milotic
|-damage|p2a: Milotic|74\/394 par
|move|p2a: Milotic|Dragon Tail|p1a: Aerodactyl
|-damage|p1a: Aerodactyl|231\/302
|drag|p1a: Donphan|Donphan, M|141\/384
|
|-heal|p1a: Donphan|165\/384|[from] item: Leftovers
|turn|35
|
|move|p1a: Donphan|Earthquake|p2a: Milotic
|-damage|p2a: Milotic|16\/394 par
|move|p2a: Milotic|Recover|p2a: Milotic
|-heal|p2a: Milotic|213\/394 par
|
|-heal|p1a: Donphan|189\/384|[from] item: Leftovers
|turn|36
|
|move|p1a: Donphan|Earthquake|p2a: Milotic
|-damage|p2a: Milotic|152\/394 par
|move|p2a: Milotic|Recover|p2a: Milotic
|-heal|p2a: Milotic|349\/394 par
|
|-heal|p1a: Donphan|213\/384|[from] item: Leftovers
|turn|37
|
|move|p1a: Donphan|Earthquake|p2a: Milotic
|-damage|p2a: Milotic|294\/394 par
|move|p2a: Milotic|Aqua Tail|p1a: Donphan
|-supereffective|p1a: Donphan
|-damage|p1a: Donphan|0 fnt
|faint|p1a: Donphan
|
|-message|Wolfhead69 forfeited.
|leave|Wolfhead69
|
|win|Last Earth
|raw|Ladder updating...
|player|p1
|raw|Wolfhead69's rating: 1529 &rarr; <strong>1502<\/strong><br \/>(-27 for losing)
|raw|Last Earth's rating: 1411 &rarr; <strong>1438<\/strong><br \/>(+27 for winning)