|join|Wolfhead69
|join|leefootlawd
|player|p1|Wolfhead69|266
|player|p2|leefootlawd|253
|gametype|singles
|gen|6
|tier|UU
|rated
|rule|Sleep Clause Mod: Limit one foe put to sleep
|rule|Species Clause: Limit one of each PokÃ©mon
|rule|OHKO Clause: OHKO moves are banned
|rule|Moody Clause: Moody is banned
|rule|Evasion Moves Clause: Evasion moves are banned
|rule|Endless Battle Clause: Forcing endless battles is banned
|rule|HP Percentage Mod: HP is shown in percentages
|clearpoke
|poke|p1|Aerodactyl, M
|poke|p1|Lucario, M
|poke|p1|Chandelure, F
|poke|p1|Galvantula, F
|poke|p1|Donphan, M
|poke|p1|Empoleon, F
|poke|p2|Absol, M
|poke|p2|Crobat, M
|poke|p2|Forretress, M
|poke|p2|Zygarde
|poke|p2|Darmanitan, M
|poke|p2|Florges, F
|rule|Swagger Clause: Swagger is banned
|rule|Baton Pass Clause: Limit one PokÃ©mon knowing Baton Pass
|teampreview
|
|start
|switch|p1a: Galvantula|Galvantula, F|282\/282
|switch|p2a: Forretress|Forretress, M|354\/354
|turn|1
|
|move|p1a: Galvantula|Thunder|p2a: Forretress
|-damage|p2a: Forretress|164\/354
|move|p2a: Forretress|Stealth Rock|p1a: Galvantula
|-sidestart|p1: Wolfhead69|move: Stealth Rock
|
|-heal|p2a: Forretress|186\/354|[from] item: Leftovers
|turn|2
|
|move|p1a: Galvantula|Sticky Web|p2a: Forretress
|-sidestart|p2: leefootlawd|move: Sticky Web
|move|p2a: Forretress|Volt Switch|p1a: Galvantula
|-resisted|p1a: Galvantula
|-damage|p1a: Galvantula|257\/282
|
|switch|p2a: Zygarde|Zygarde|401\/401
|-activate|p2a: Zygarde|move: Sticky Web
|-unboost|p2a: Zygarde|spe|1
|-ability|p2a: Zygarde|Aura Break
|
|turn|3
|
|move|p1a: Galvantula|Giga Drain|p2a: Zygarde
|-damage|p2a: Zygarde|342\/401
|-heal|p1a: Galvantula|282\/282|[from] drain|[of] p2a: Zygarde
|move|p2a: Zygarde|Coil|p2a: Zygarde
|-boost|p2a: Zygarde|atk|1
|-boost|p2a: Zygarde|def|1
|-boost|p2a: Zygarde|accuracy|1
|
|-heal|p2a: Zygarde|367\/401|[from] item: Leftovers
|turn|4
|
|move|p1a: Galvantula|Bug Buzz|p2a: Zygarde
|-damage|p2a: Zygarde|271\/401
|move|p2a: Zygarde|Substitute|p2a: Zygarde
|-start|p2a: Zygarde|Substitute
|-damage|p2a: Zygarde|171\/401
|
|-heal|p2a: Zygarde|196\/401|[from] item: Leftovers
|turn|5
|
|move|p1a: Galvantula|Bug Buzz|p2a: Zygarde
|-damage|p2a: Zygarde|100\/401
|move|p2a: Zygarde|Earthquake|p1a: Galvantula
|-enditem|p1a: Galvantula|Focus Sash
|-damage|p1a: Galvantula|1\/282
|
|-heal|p2a: Zygarde|125\/401|[from] item: Leftovers
|turn|6
|
|move|p2a: Zygarde|Extreme Speed|p1a: Galvantula
|-damage|p1a: Galvantula|0 fnt
|faint|p1a: Galvantula
|
|-heal|p2a: Zygarde|150\/401|[from] item: Leftovers
|
|switch|p1a: Donphan|Donphan, M|384\/384
|-damage|p1a: Donphan|360\/384|[from] Stealth Rock
|turn|7
|
|move|p1a: Donphan|Ice Shard|p2a: Zygarde
|-supereffective|p2a: Zygarde
|-end|p2a: Zygarde|Substitute
|move|p2a: Zygarde|Coil|p2a: Zygarde
|-boost|p2a: Zygarde|atk|1
|-boost|p2a: Zygarde|def|1
|-boost|p2a: Zygarde|accuracy|1
|
|-heal|p2a: Zygarde|175\/401|[from] item: Leftovers
|-heal|p1a: Donphan|384\/384|[from] item: Leftovers
|turn|8
|
|move|p1a: Donphan|Ice Shard|p2a: Zygarde
|-supereffective|p2a: Zygarde
|-damage|p2a: Zygarde|87\/401
|move|p2a: Zygarde|Earthquake|p1a: Donphan
|-damage|p1a: Donphan|170\/384
|
|-heal|p2a: Zygarde|112\/401|[from] item: Leftovers
|-heal|p1a: Donphan|194\/384|[from] item: Leftovers
|turn|9
|
|move|p1a: Donphan|Ice Shard|p2a: Zygarde
|-supereffective|p2a: Zygarde
|-damage|p2a: Zygarde|28\/401
|move|p2a: Zygarde|Earthquake|p1a: Donphan
|-damage|p1a: Donphan|5\/384
|
|-heal|p2a: Zygarde|53\/401|[from] item: Leftovers
|-heal|p1a: Donphan|29\/384|[from] item: Leftovers
|turn|10
|
|move|p2a: Zygarde|Extreme Speed|p1a: Donphan
|-damage|p1a: Donphan|0 fnt
|faint|p1a: Donphan
|
|-heal|p2a: Zygarde|78\/401|[from] item: Leftovers
|
|switch|p1a: Chandelure|Chandelure, F|261\/261
|-damage|p1a: Chandelure|196\/261|[from] Stealth Rock
|turn|11
|
|move|p1a: Chandelure|Shadow Ball|p2a: Zygarde
|-damage|p2a: Zygarde|0 fnt
|faint|p2a: Zygarde
|
|
|switch|p2a: Absol|Absol, M|272\/272
|-activate|p2a: Absol|move: Sticky Web
|-unboost|p2a: Absol|spe|1
|-ability|p2a: Absol|Pressure
|turn|12
|
|switch|p1a: Lucario|Lucario, M|282\/282
|-damage|p1a: Lucario|274\/282|[from] Stealth Rock
|move|p2a: Absol|Knock Off|p1a: Lucario
|-resisted|p1a: Lucario
|-damage|p1a: Lucario|157\/282
|-boost|p1a: Lucario|atk|1|[from] ability: Justified
|-enditem|p1a: Lucario|Life Orb|[from] move: Knock Off|[of] p2a: Absol
|
|turn|13
|
|detailschange|p2a: Absol|Absol-Mega, M
|message|Absol has Mega Evolved into Mega Absol!
|move|p1a: Lucario|Close Combat|p2a: Absol
|-supereffective|p2a: Absol
|-damage|p2a: Absol|0 fnt
|-unboost|p1a: Lucario|def|1
|-unboost|p1a: Lucario|spd|1
|faint|p2a: Absol
|
|
|switch|p2a: Crobat|Crobat, M|374\/374
|turn|14
|
|switch|p1a: Empoleon|Empoleon, F|372\/372
|-damage|p1a: Empoleon|349\/372|[from] Stealth Rock
|move|p2a: Crobat|U-turn|p1a: Empoleon
|-resisted|p1a: Empoleon
|-damage|p1a: Empoleon|329\/372
|
|switch|p2a: Forretress|Forretress, M|186\/354
|-activate|p2a: Forretress|move: Sticky Web
|-unboost|p2a: Forretress|spe|1
|
|-heal|p1a: Empoleon|352\/372|[from] item: Leftovers
|-heal|p2a: Forretress|208\/354|[from] item: Leftovers
|turn|15
|
|switch|p1a: Chandelure|Chandelure, F|196\/261
|-damage|p1a: Chandelure|131\/261|[from] Stealth Rock
|move|p2a: Forretress|Rapid Spin|p1a: Chandelure
|-immune|p1a: Chandelure|[msg]
|
|-heal|p2a: Forretress|230\/354|[from] item: Leftovers
|turn|16
|
|switch|p2a: Florges|Florges, F|360\/360
|-activate|p2a: Florges|move: Sticky Web
|-unboost|p2a: Florges|spe|1
|move|p1a: Chandelure|Trick|p2a: Florges
|-activate|p1a: Chandelure|move: Trick|[of] p2a: Florges
|-item|p2a: Florges|Choice Scarf|[from] move: Trick
|-item|p1a: Chandelure|Leftovers|[from] move: Trick
|
|-heal|p1a: Chandelure|147\/261|[from] item: Leftovers
|turn|17
|
|switch|p1a: Empoleon|Empoleon, F|352\/372
|-damage|p1a: Empoleon|329\/372|[from] Stealth Rock
|move|p2a: Florges|Moonblast|p1a: Empoleon
|-resisted|p1a: Empoleon
|-damage|p1a: Empoleon|272\/372
|-unboost|p1a: Empoleon|spa|1
|
|-heal|p1a: Empoleon|295\/372|[from] item: Leftovers
|turn|18
|
|switch|p2a: Crobat|Crobat, M|374\/374
|move|p1a: Empoleon|Stealth Rock|p2a: Crobat
|-sidestart|p2: leefootlawd|move: Stealth Rock
|
|-heal|p1a: Empoleon|318\/372|[from] item: Leftovers
|turn|19
|
|move|p2a: Crobat|Brave Bird|p1a: Empoleon
|-crit|p1a: Empoleon
|-resisted|p1a: Empoleon
|-damage|p1a: Empoleon|245\/372
|-damage|p2a: Crobat|350\/374|[from] recoil|[of] p1a: Empoleon
|move|p1a: Empoleon|Yawn|p2a: Crobat
|-start|p2a: Crobat|move: Yawn|[of] p1a: Empoleon
|
|-heal|p2a: Crobat|373\/374|[from] item: Black Sludge
|-heal|p1a: Empoleon|268\/372|[from] item: Leftovers
|turn|20
|
|move|p2a: Crobat|U-turn|p1a: Empoleon
|-resisted|p1a: Empoleon
|-damage|p1a: Empoleon|249\/372
|
|switch|p2a: Florges|Florges, F|360\/360
|-damage|p2a: Florges|315\/360|[from] Stealth Rock
|-activate|p2a: Florges|move: Sticky Web
|-unboost|p2a: Florges|spe|1
|move|p1a: Empoleon|Scald|p2a: Florges
|-damage|p2a: Florges|266\/360
|
|-heal|p1a: Empoleon|272\/372|[from] item: Leftovers
|turn|21
|
|move|p2a: Florges|Wish|p2a: Florges
|move|p1a: Empoleon|Yawn|p2a: Florges
|-start|p2a: Florges|move: Yawn|[of] p1a: Empoleon
|
|-heal|p1a: Empoleon|295\/372|[from] item: Leftovers
|turn|22
|
|switch|p2a: Forretress|Forretress, M|230\/354
|-damage|p2a: Forretress|186\/354|[from] Stealth Rock
|-activate|p2a: Forretress|move: Sticky Web
|-unboost|p2a: Forretress|spe|1
|move|p1a: Empoleon|Scald|p2a: Forretress
|-damage|p2a: Forretress|93\/354
|
|-heal|p2a: Forretress|273\/354|[from] move: Wish|[wisher] Florges
|-heal|p1a: Empoleon|318\/372|[from] item: Leftovers
|-heal|p2a: Forretress|295\/354|[from] item: Leftovers
|turn|23
|
|switch|p1a: Chandelure|Chandelure, F|147\/261
|-damage|p1a: Chandelure|82\/261|[from] Stealth Rock
|move|p2a: Forretress|Volt Switch|p1a: Chandelure
|-crit|p1a: Chandelure
|-damage|p1a: Chandelure|26\/261
|
|switch|p2a: Crobat|Crobat, M|373\/374
|-damage|p2a: Crobat|280\/374|[from] Stealth Rock
|
|-heal|p2a: Crobat|303\/374|[from] item: Black Sludge
|-heal|p1a: Chandelure|42\/261|[from] item: Leftovers
|turn|24
|
|move|p2a: Crobat|Brave Bird|p1a: Chandelure
|-damage|p1a: Chandelure|0 fnt
|-damage|p2a: Crobat|289\/374|[from] recoil|[of] p1a: Chandelure
|faint|p1a: Chandelure
|
|-heal|p2a: Crobat|312\/374|[from] item: Black Sludge
|
|switch|p1a: Empoleon|Empoleon, F|318\/372
|-damage|p1a: Empoleon|295\/372|[from] Stealth Rock
|turn|25
|
|move|p2a: Crobat|U-turn|p1a: Empoleon
|-resisted|p1a: Empoleon
|-damage|p1a: Empoleon|276\/372
|
|switch|p2a: Florges|Florges, F|266\/360
|-activate|p2a: Florges|move: Sticky Web
|-unboost|p2a: Florges|spe|1
|-damage|p2a: Florges|221\/360|[from] Stealth Rock
|move|p1a: Empoleon|Scald|p2a: Florges
|-crit|p2a: Florges
|-damage|p2a: Florges|113\/360
|
|-heal|p1a: Empoleon|299\/372|[from] item: Leftovers
|turn|26
|
|move|p2a: Florges|Wish|p2a: Florges
|move|p1a: Empoleon|Flash Cannon|p2a: Florges
|-supereffective|p2a: Florges
|-damage|p2a: Florges|0 fnt
|faint|p2a: Florges
|
|-heal|p1a: Empoleon|322\/372|[from] item: Leftovers
|
|switch|p2a: Forretress|Forretress, M|295\/354
|-activate|p2a: Forretress|move: Sticky Web
|-unboost|p2a: Forretress|spe|1
|-damage|p2a: Forretress|251\/354|[from] Stealth Rock
|turn|27
|
|move|p1a: Empoleon|Scald|p2a: Forretress
|-damage|p2a: Forretress|122\/354
|-status|p2a: Forretress|brn
|move|p2a: Forretress|Rapid Spin|p1a: Empoleon
|-resisted|p1a: Empoleon
|-damage|p1a: Empoleon|319\/372
|-sideend|p2: leefootlawd|Stealth Rock|[from] move: Rapid Spin|[of] p2a: Forretress
|-sideend|p2: leefootlawd|Sticky Web|[from] move: Rapid Spin|[of] p2a: Forretress
|
|-heal|p2a: Forretress|302\/354 brn|[from] move: Wish|[wisher] Florges
|-heal|p1a: Empoleon|342\/372|[from] item: Leftovers
|-heal|p2a: Forretress|324\/354 brn|[from] item: Leftovers
|-damage|p2a: Forretress|280\/354 brn|[from] brn
|turn|28
|
|move|p1a: Empoleon|Stealth Rock|p2a: Forretress
|-sidestart|p2: leefootlawd|move: Stealth Rock
|move|p2a: Forretress|Volt Switch|p1a: Empoleon
|-crit|p1a: Empoleon
|-supereffective|p1a: Empoleon
|-damage|p1a: Empoleon|224\/372
|
|switch|p2a: Darmanitan|Darmanitan, M|352\/352
|-damage|p2a: Darmanitan|264\/352|[from] Stealth Rock
|
|-heal|p1a: Empoleon|247\/372|[from] item: Leftovers
|turn|29
|
|move|p2a: Darmanitan|Flare Blitz|p1a: Empoleon
|-damage|p1a: Empoleon|0 fnt
|-damage|p2a: Darmanitan|182\/352|[from] recoil|[of] p1a: Empoleon
|faint|p1a: Empoleon
|
|
|switch|p1a: Lucario|Lucario, M|157\/282
|-damage|p1a: Lucario|149\/282|[from] Stealth Rock
|turn|30
|
|move|p1a: Lucario|Extreme Speed|p2a: Darmanitan
|-damage|p2a: Darmanitan|46\/352
|move|p2a: Darmanitan|Flare Blitz|p1a: Lucario
|-supereffective|p1a: Lucario
|-damage|p1a: Lucario|0 fnt
|-damage|p2a: Darmanitan|0 fnt|[from] recoil|[of] p1a: Lucario
|faint|p1a: Lucario
|faint|p2a: Darmanitan
|
|
|switch|p1a: Aerodactyl|Aerodactyl, M|302\/302
|-damage|p1a: Aerodactyl|227\/302|[from] Stealth Rock
|switch|p2a: Forretress|Forretress, M|280\/354 brn
|-damage|p2a: Forretress|236\/354 brn|[from] Stealth Rock
|-ability|p1a: Aerodactyl|Pressure
|turn|31
|
|detailschange|p1a: Aerodactyl|Aerodactyl-Mega, M
|message|Aerodactyl has Mega Evolved into Mega Aerodactyl!
|move|p1a: Aerodactyl|Hone Claws|p1a: Aerodactyl
|-boost|p1a: Aerodactyl|atk|1
|-boost|p1a: Aerodactyl|accuracy|1
|move|p2a: Forretress|Gyro Ball|p1a: Aerodactyl
|-supereffective|p1a: Aerodactyl
|-damage|p1a: Aerodactyl|39\/302
|
|-heal|p2a: Forretress|258\/354 brn|[from] item: Leftovers
|-damage|p2a: Forretress|214\/354 brn|[from] brn
|turn|32
|
|move|p1a: Aerodactyl|Stone Edge|p2a: Forretress
|-damage|p2a: Forretress|36\/354 brn
|move|p2a: Forretress|Gyro Ball|p1a: Aerodactyl
|-supereffective|p1a: Aerodactyl
|-damage|p1a: Aerodactyl|0 fnt
|faint|p1a: Aerodactyl
|
|win|leefootlawd
|raw|Ladder updating...
|leave|Wolfhead69
|player|p1
|c|âleefootlawd|there we go