|join|Wolfhead69
|join|Bucking Fitch
|player|p1|Wolfhead69|102
|player|p2|Bucking Fitch|211
|gametype|singles
|gen|6
|tier|UU
|rated
|rule|Sleep Clause Mod: Limit one foe put to sleep
|rule|Species Clause: Limit one of each PokÃ©mon
|rule|OHKO Clause: OHKO moves are banned
|rule|Moody Clause: Moody is banned
|rule|Evasion Moves Clause: Evasion moves are banned
|rule|Endless Battle Clause: Forcing endless battles is banned
|rule|HP Percentage Mod: HP is shown in percentages
|clearpoke
|poke|p1|Aerodactyl, M
|poke|p1|Lucario, M
|poke|p1|Chandelure, M
|poke|p1|Galvantula, M
|poke|p1|Donphan, F
|poke|p1|Empoleon, F
|poke|p2|Diancie
|poke|p2|Magneton
|poke|p2|Celebi
|poke|p2|Tentacruel, F
|poke|p2|Honchkrow, M
|poke|p2|Infernape, M
|rule|Swagger Clause: Swagger is banned
|rule|Baton Pass Clause: Limit one PokÃ©mon knowing Baton Pass
|teampreview
|
|start
|switch|p1a: Galvantula|Galvantula, M|282\/282
|switch|p2a: Magneton|Magneton|242\/242
|turn|1
|
|move|p2a: Magneton|Hidden Power|p1a: Galvantula
|-supereffective|p1a: Galvantula
|-damage|p1a: Galvantula|80\/282
|move|p1a: Galvantula|Sticky Web|p2a: Magneton
|-sidestart|p2: Bucking Fitch|move: Sticky Web
|
|turn|2
|
|switch|p2a: Honchkrow|Honchkrow, M|341\/341
|switch|p1a: Chandelure|Chandelure, M|261\/261
|
|turn|3
|
|move|p1a: Chandelure|Trick|p2a: Honchkrow
|-activate|p1a: Chandelure|move: Trick|[of] p2a: Honchkrow
|-item|p2a: Honchkrow|Choice Scarf|[from] move: Trick
|-item|p1a: Chandelure|Life Orb|[from] move: Trick
|move|p2a: Honchkrow|Pursuit|p1a: Chandelure
|-supereffective|p1a: Chandelure
|-damage|p1a: Chandelure|109\/261
|
|turn|4
|
|move|p2a: Honchkrow|Pursuit|p1a: Chandelure
|-supereffective|p1a: Chandelure
|-damage|p1a: Chandelure|0 fnt
|faint|p1a: Chandelure
|-boost|p2a: Honchkrow|atk|1|[from] ability: Moxie
|
|
|switch|p1a: Lucario|Lucario, M|282\/282
|turn|5
|
|switch|p2a: Tentacruel|Tentacruel, F|364\/364
|-activate|p2a: Tentacruel|move: Sticky Web
|-unboost|p2a: Tentacruel|spe|1
|switch|p1a: Galvantula|Galvantula, M|80\/282
|
|turn|6
|
|switch|p2a: Magneton|Magneton|242\/242
|-activate|p2a: Magneton|move: Sticky Web
|-unboost|p2a: Magneton|spe|1
|move|p1a: Galvantula|Thunder|p2a: Magneton
|-resisted|p2a: Magneton
|-damage|p2a: Magneton|134\/242
|
|turn|7
|
|switch|p1a: Donphan|Donphan, F|384\/384
|move|p2a: Magneton|Flash Cannon|p1a: Donphan
|-damage|p1a: Donphan|173\/384
|-unboost|p1a: Donphan|spd|1
|
|-heal|p1a: Donphan|197\/384|[from] item: Leftovers
|turn|8
|
|switch|p2a: Honchkrow|Honchkrow, M|341\/341
|switch|p1a: Empoleon|Empoleon, F|372\/372
|
|turn|9
|
|move|p2a: Honchkrow|Superpower|p1a: Empoleon
|-supereffective|p1a: Empoleon
|-damage|p1a: Empoleon|136\/372
|-unboost|p2a: Honchkrow|atk|1
|-unboost|p2a: Honchkrow|def|1
|move|p1a: Empoleon|Stealth Rock|p2a: Honchkrow
|-sidestart|p2: Bucking Fitch|move: Stealth Rock
|
|-heal|p1a: Empoleon|159\/372|[from] item: Leftovers
|turn|10
|
|switch|p2a: Tentacruel|Tentacruel, F|364\/364
|-damage|p2a: Tentacruel|319\/364|[from] Stealth Rock
|-activate|p2a: Tentacruel|move: Sticky Web
|-unboost|p2a: Tentacruel|spe|1
|move|p1a: Empoleon|Scald|p2a: Tentacruel
|-resisted|p2a: Tentacruel
|-damage|p2a: Tentacruel|278\/364
|
|-heal|p2a: Tentacruel|300\/364|[from] item: Leftovers
|-heal|p1a: Empoleon|182\/372|[from] item: Leftovers
|turn|11
|
|move|p2a: Tentacruel|Rapid Spin|p1a: Empoleon
|-resisted|p1a: Empoleon
|-damage|p1a: Empoleon|178\/372
|-sideend|p2: Bucking Fitch|Stealth Rock|[from] move: Rapid Spin|[of] p2a: Tentacruel
|-sideend|p2: Bucking Fitch|Sticky Web|[from] move: Rapid Spin|[of] p2a: Tentacruel
|move|p1a: Empoleon|Yawn|p2a: Tentacruel
|-start|p2a: Tentacruel|move: Yawn|[of] p1a: Empoleon
|
|-heal|p2a: Tentacruel|322\/364|[from] item: Leftovers
|-heal|p1a: Empoleon|201\/372|[from] item: Leftovers
|turn|12
|
|switch|p2a: Magneton|Magneton|134\/242
|move|p1a: Empoleon|Stealth Rock|p2a: Magneton
|-sidestart|p2: Bucking Fitch|move: Stealth Rock
|
|-heal|p1a: Empoleon|224\/372|[from] item: Leftovers
|turn|13
|
|move|p2a: Magneton|Thunderbolt|p1a: Empoleon
|-supereffective|p1a: Empoleon
|-damage|p1a: Empoleon|0 fnt
|faint|p1a: Empoleon
|
|
|switch|p1a: Donphan|Donphan, F|197\/384
|turn|14
|
|move|p2a: Magneton|Thunderbolt|p1a: Donphan
|-immune|p1a: Donphan|[msg]
|move|p1a: Donphan|Knock Off|p2a: Magneton
|-damage|p2a: Magneton|1\/242
|-enditem|p2a: Magneton|Choice Scarf|[from] move: Knock Off|[of] p1a: Donphan
|
|-heal|p1a: Donphan|221\/384|[from] item: Leftovers
|turn|15
|
|move|p2a: Magneton|Flash Cannon|p1a: Donphan
|-damage|p1a: Donphan|4\/384
|move|p1a: Donphan|Rapid Spin|p2a: Magneton
|-resisted|p2a: Magneton
|-damage|p2a: Magneton|0 fnt
|faint|p2a: Magneton
|
|-heal|p1a: Donphan|28\/384|[from] item: Leftovers
|
|switch|p2a: Celebi|Celebi|396\/396
|-damage|p2a: Celebi|347\/396|[from] Stealth Rock
|turn|16
|
|move|p2a: Celebi|Psychic|p1a: Donphan
|-crit|p1a: Donphan
|-damage|p1a: Donphan|0 fnt
|faint|p1a: Donphan
|
|-heal|p2a: Celebi|371\/396|[from] item: Leftovers
|
|switch|p1a: Galvantula|Galvantula, M|80\/282
|turn|17
|
|switch|p2a: Diancie|Diancie|304\/304
|-damage|p2a: Diancie|266\/304|[from] Stealth Rock
|move|p1a: Galvantula|Bug Buzz|p2a: Diancie
|-resisted|p2a: Diancie
|-damage|p2a: Diancie|220\/304
|
|-heal|p2a: Diancie|239\/304|[from] item: Leftovers
|turn|18
|
|move|p1a: Galvantula|Giga Drain|p2a: Diancie
|-supereffective|p2a: Diancie
|-damage|p2a: Diancie|143\/304
|-heal|p1a: Galvantula|128\/282|[from] drain|[of] p2a: Diancie
|move|p2a: Diancie|Moonblast|p1a: Galvantula
|-damage|p1a: Galvantula|0 fnt
|faint|p1a: Galvantula
|
|-heal|p2a: Diancie|162\/304|[from] item: Leftovers
|
|switch|p1a: Aerodactyl|Aerodactyl, M|302\/302
|-ability|p1a: Aerodactyl|Pressure
|turn|19
|
|detailschange|p1a: Aerodactyl|Aerodactyl-Mega, M
|message|Aerodactyl has Mega Evolved into Mega Aerodactyl!
|move|p1a: Aerodactyl|Hone Claws|p1a: Aerodactyl
|-boost|p1a: Aerodactyl|atk|1
|-boost|p1a: Aerodactyl|accuracy|1
|move|p2a: Diancie|Moonblast|p1a: Aerodactyl
|-damage|p1a: Aerodactyl|179\/302
|-unboost|p1a: Aerodactyl|spa|1
|
|-heal|p2a: Diancie|181\/304|[from] item: Leftovers
|turn|20
|
|move|p1a: Aerodactyl|Earthquake|p2a: Diancie
|-crit|p2a: Diancie
|-supereffective|p2a: Diancie
|-damage|p2a: Diancie|0 fnt
|faint|p2a: Diancie
|
|
|switch|p2a: Honchkrow|Honchkrow, M|341\/341
|-damage|p2a: Honchkrow|256\/341|[from] Stealth Rock
|turn|21
|
|switch|p1a: Lucario|Lucario, M|282\/282
|move|p2a: Honchkrow|Superpower|p1a: Lucario
|-supereffective|p1a: Lucario
|-damage|p1a: Lucario|0 fnt
|-unboost|p2a: Honchkrow|atk|1
|-unboost|p2a: Honchkrow|def|1
|faint|p1a: Lucario
|-boost|p2a: Honchkrow|atk|1|[from] ability: Moxie
|
|
|switch|p1a: Aerodactyl|Aerodactyl-Mega, M|179\/302
|turn|22
|
|move|p1a: Aerodactyl|Aerial Ace|p2a: Honchkrow
|-damage|p2a: Honchkrow|0 fnt
|faint|p2a: Honchkrow
|
|
|switch|p2a: Infernape|Infernape, M|293\/293
|-damage|p2a: Infernape|257\/293|[from] Stealth Rock
|turn|23
|
|move|p1a: Aerodactyl|Aerial Ace|p2a: Infernape
|-supereffective|p2a: Infernape
|-damage|p2a: Infernape|0 fnt
|faint|p2a: Infernape
|
|
|switch|p2a: Tentacruel|Tentacruel, F|322\/364
|-damage|p2a: Tentacruel|277\/364|[from] Stealth Rock
|turn|24
|
|move|p1a: Aerodactyl|Earthquake|p2a: Tentacruel
|-supereffective|p2a: Tentacruel
|-damage|p2a: Tentacruel|25\/364
|move|p2a: Tentacruel|Scald|p1a: Aerodactyl
|-supereffective|p1a: Aerodactyl
|-damage|p1a: Aerodactyl|23\/302
|
|-heal|p2a: Tentacruel|47\/364|[from] item: Leftovers
|turn|25
|
|move|p1a: Aerodactyl|Earthquake|p2a: Tentacruel
|-supereffective|p2a: Tentacruel
|-damage|p2a: Tentacruel|0 fnt
|faint|p2a: Tentacruel
|
|
|switch|p2a: Celebi|Celebi|371\/396
|-damage|p2a: Celebi|322\/396|[from] Stealth Rock
|turn|26
|c|âBucking Fitch|gg
|
|move|p1a: Aerodactyl|Aerial Ace|p2a: Celebi
|-supereffective|p2a: Celebi
|-damage|p2a: Celebi|20\/396
|move|p2a: Celebi|Psychic|p1a: Aerodactyl
|-damage|p1a: Aerodactyl|0 fnt
|faint|p1a: Aerodactyl
|
|win|Bucking Fitch
|raw|Ladder updating...
|raw|Wolfhead69's rating: 1514 &rarr; <strong>1487<\/strong><br \/>(-27 for losing)
|raw|Bucking Fitch's rating: 1387 &rarr; <strong>1414<\/strong><br \/>(+27 for winning)
|c|âBucking Fitch|oo close
|leave|Wolfhead69
|player|p1