|join|Wolfhead69
|join|Gordy Lifestyle
|player|p1|Wolfhead69|1
|player|p2|Gordy Lifestyle|16
|gametype|singles
|gen|6
|tier|UU
|rated
|rule|Sleep Clause Mod: Limit one foe put to sleep
|rule|Species Clause: Limit one of each PokÃ©mon
|rule|OHKO Clause: OHKO moves are banned
|rule|Moody Clause: Moody is banned
|rule|Evasion Moves Clause: Evasion moves are banned
|rule|Endless Battle Clause: Forcing endless battles is banned
|rule|HP Percentage Mod: HP is shown in percentages
|clearpoke
|poke|p1|Aerodactyl, F
|poke|p1|Raikou
|poke|p1|Lucario, F
|poke|p1|Chandelure, F
|poke|p1|Crobat, M
|poke|p1|Swampert, F
|poke|p2|Doublade, M, shiny
|poke|p2|Granbull, M
|poke|p2|Blissey, F
|poke|p2|Houndoom, M
|poke|p2|Tentacruel, M
|poke|p2|Rotom-Mow
|rule|Swagger Clause: Swagger is banned
|rule|Baton Pass Clause: Limit one PokÃ©mon knowing Baton Pass
|teampreview
|
|start
|switch|p1a: Swampert|Swampert, F|404\/404
|switch|p2a: Landing Strip?|Rotom-Mow|241\/241
|turn|1
|
|switch|p1a: Crobat|Crobat, M|312\/312
|move|p2a: Landing Strip?|Leaf Storm|p1a: Crobat
|-resisted|p1a: Crobat
|-damage|p1a: Crobat|255\/312
|-unboost|p2a: Landing Strip?|spa|2
|
|-heal|p1a: Crobat|274\/312|[from] item: Black Sludge
|turn|2
|
|switch|p2a: Boodro|Granbull, M|377\/377
|-ability|p2a: Boodro|Intimidate|[of] p1a: Crobat
|-unboost|p1a: Crobat|atk|1
|move|p1a: Crobat|U-turn|p2a: Boodro
|-crit|p2a: Boodro
|-resisted|p2a: Boodro
|-damage|p2a: Boodro|332\/377
|
|switch|p1a: Swampert|Swampert, F|404\/404
|
|-heal|p2a: Boodro|355\/377|[from] item: Leftovers
|turn|3
|
|switch|p2a: Landing Strip?|Rotom-Mow|241\/241
|move|p1a: Swampert|Stealth Rock|p2a: Landing Strip?
|-sidestart|p2: Gordy Lifestyle|move: Stealth Rock
|
|turn|4
|
|switch|p1a: Raikou|Raikou|322\/322
|-ability|p1a: Raikou|Pressure
|move|p2a: Landing Strip?|Volt Switch|p1a: Raikou
|-crit|p1a: Raikou
|-resisted|p1a: Raikou
|-damage|p1a: Raikou|244\/322
|
|switch|p2a: Teen Mom|Blissey, F|651\/651
|-damage|p2a: Teen Mom|570\/651|[from] Stealth Rock
|
|-heal|p2a: Teen Mom|610\/651|[from] item: Leftovers
|turn|5
|
|move|p1a: Raikou|Volt Switch|p2a: Teen Mom
|-damage|p2a: Teen Mom|523\/651
|-damage|p1a: Raikou|212\/322|[from] item: Life Orb
|
|switch|p1a: Swampert|Swampert, F|404\/404
|move|p2a: Teen Mom|Stealth Rock|p1a: Swampert
|-sidestart|p1: Wolfhead69|move: Stealth Rock
|
|-heal|p2a: Teen Mom|563\/651|[from] item: Leftovers
|turn|6
|
|switch|p1a: Crobat|Crobat, M|274\/312
|-damage|p1a: Crobat|196\/312|[from] Stealth Rock
|move|p2a: Teen Mom|Toxic|p1a: Crobat|[miss]
|-miss|p2a: Teen Mom|p1a: Crobat
|
|-heal|p1a: Crobat|215\/312|[from] item: Black Sludge
|-heal|p2a: Teen Mom|603\/651|[from] item: Leftovers
|turn|7
|
|move|p1a: Crobat|Defog|p2a: Teen Mom
|-unboost|p2a: Teen Mom|evasion|1
|-sideend|p2: Gordy Lifestyle|Stealth Rock|[from] move: Defog|[of] p2a: Teen Mom
|-sideend|p1: Wolfhead69|Stealth Rock|[from] move: Defog|[of] p1a: Crobat
|move|p2a: Teen Mom|Seismic Toss|p1a: Crobat
|-damage|p1a: Crobat|115\/312
|
|-heal|p1a: Crobat|134\/312|[from] item: Black Sludge
|-heal|p2a: Teen Mom|643\/651|[from] item: Leftovers
|turn|8
|
|switch|p2a: Kraken|Tentacruel, M|361\/361
|move|p1a: Crobat|Roost|p1a: Crobat
|-heal|p1a: Crobat|290\/312
|
|-heal|p1a: Crobat|309\/312|[from] item: Black Sludge
|turn|9
|
|move|p1a: Crobat|U-turn|p2a: Kraken
|-resisted|p2a: Kraken
|-damage|p2a: Kraken|329\/361
|
|switch|p1a: Swampert|Swampert, F|404\/404
|move|p2a: Kraken|Toxic Spikes|p1a: Swampert
|-sidestart|p1: Wolfhead69|move: Toxic Spikes
|
|-heal|p2a: Kraken|351\/361|[from] item: Leftovers
|turn|10
|
|switch|p2a: Landing Strip?|Rotom-Mow|241\/241
|move|p1a: Swampert|Earth Power|p2a: Landing Strip?
|-immune|p2a: Landing Strip?|[msg]
|
|turn|11
|
|switch|p1a: Raikou|Raikou|212\/322
|-status|p1a: Raikou|psn
|-ability|p1a: Raikou|Pressure
|move|p2a: Landing Strip?|Leaf Storm|p1a: Raikou
|-damage|p1a: Raikou|0 fnt
|-unboost|p2a: Landing Strip?|spa|2
|faint|p1a: Raikou
|
|
|switch|p1a: Crobat|Crobat, M|309\/312
|turn|12
|
|switch|p2a: Kraken|Tentacruel, M|351\/361
|move|p1a: Crobat|Defog|p2a: Kraken
|-unboost|p2a: Kraken|evasion|1
|-sideend|p1: Wolfhead69|Toxic Spikes|[from] move: Defog|[of] p1a: Crobat
|
|-heal|p1a: Crobat|312\/312|[from] item: Black Sludge
|-heal|p2a: Kraken|361\/361|[from] item: Leftovers
|turn|13
|
|move|p1a: Crobat|Brave Bird|p2a: Kraken
|-damage|p2a: Kraken|198\/361
|-damage|p1a: Crobat|258\/312|[from] recoil|[of] p2a: Kraken
|move|p2a: Kraken|Scald|p1a: Crobat
|-damage|p1a: Crobat|171\/312
|
|-heal|p1a: Crobat|190\/312|[from] item: Black Sludge
|-heal|p2a: Kraken|220\/361|[from] item: Leftovers
|turn|14
|
|move|p1a: Crobat|Brave Bird|p2a: Kraken
|-damage|p2a: Kraken|73\/361
|-damage|p1a: Crobat|141\/312|[from] recoil|[of] p2a: Kraken
|move|p2a: Kraken|Scald|p1a: Crobat
|-damage|p1a: Crobat|47\/312
|
|-heal|p1a: Crobat|66\/312|[from] item: Black Sludge
|-heal|p2a: Kraken|95\/361|[from] item: Leftovers
|turn|15
|
|move|p1a: Crobat|U-turn|p2a: Kraken
|-resisted|p2a: Kraken
|-damage|p2a: Kraken|62\/361
|
|switch|p1a: Swampert|Swampert, F|404\/404
|move|p2a: Kraken|Scald|p1a: Swampert
|-damage|p1a: Swampert|314\/404
|
|-heal|p2a: Kraken|84\/361|[from] item: Leftovers
|-heal|p1a: Swampert|339\/404|[from] item: Leftovers
|turn|16
|
|move|p2a: Kraken|Toxic Spikes|p1a: Swampert
|-sidestart|p1: Wolfhead69|move: Toxic Spikes
|move|p1a: Swampert|Earth Power|p2a: Kraken
|-supereffective|p2a: Kraken
|-damage|p2a: Kraken|0 fnt
|faint|p2a: Kraken
|
|-heal|p1a: Swampert|364\/404|[from] item: Leftovers
|
|switch|p2a: Landing Strip?|Rotom-Mow|241\/241
|turn|17
|
|switch|p1a: Chandelure|Chandelure, F|261\/261
|-status|p1a: Chandelure|psn
|move|p2a: Landing Strip?|Volt Switch|p1a: Chandelure
|-damage|p1a: Chandelure|143\/261 psn
|
|switch|p2a: Teen Mom|Blissey, F|643\/651
|
|-heal|p2a: Teen Mom|651\/651|[from] item: Leftovers
|-damage|p1a: Chandelure|111\/261 psn|[from] psn
|turn|18
|
|switch|p2a: Cerberus|Houndoom, M|291\/291
|move|p1a: Chandelure|Trick|p2a: Cerberus
|-fail|p2a: Cerberus
|
|-damage|p1a: Chandelure|79\/261 psn|[from] psn
|turn|19
|
|detailschange|p2a: Cerberus|Houndoom-Mega, M
|message|Houndoom has Mega Evolved into Mega Houndoom!
|move|p1a: Chandelure|Trick|p2a: Cerberus
|-fail|p2a: Cerberus
|move|p2a: Cerberus|Dark Pulse|p1a: Chandelure
|-supereffective|p1a: Chandelure
|-damage|p1a: Chandelure|0 fnt
|faint|p1a: Chandelure
|
|
|switch|p1a: Crobat|Crobat, M|66\/312
|turn|20
|
|move|p1a: Crobat|Defog|p2a: Cerberus
|-unboost|p2a: Cerberus|evasion|1
|-sideend|p1: Wolfhead69|Toxic Spikes|[from] move: Defog|[of] p1a: Crobat
|move|p2a: Cerberus|Dark Pulse|p1a: Crobat
|-damage|p1a: Crobat|0 fnt
|faint|p1a: Crobat
|
|
|switch|p1a: Aerodactyl|Aerodactyl, F|302\/302
|-ability|p1a: Aerodactyl|Pressure
|turn|21
|
|switch|p2a: Boodro|Granbull, M|355\/377
|-ability|p2a: Boodro|Intimidate|[of] p1a: Aerodactyl
|-unboost|p1a: Aerodactyl|atk|1
|detailschange|p1a: Aerodactyl|Aerodactyl-Mega, F
|message|Aerodactyl has Mega Evolved into Mega Aerodactyl!
|move|p1a: Aerodactyl|Stone Edge|p2a: Boodro
|-damage|p2a: Boodro|241\/377
|
|-heal|p2a: Boodro|264\/377|[from] item: Leftovers
|turn|22
|
|switch|p1a: Swampert|Swampert, F|364\/404
|switch|p2a: Landing Strip?|Rotom-Mow|241\/241
|
|-heal|p1a: Swampert|389\/404|[from] item: Leftovers
|turn|23
|
|switch|p1a: Lucario|Lucario, F|282\/282
|move|p2a: Landing Strip?|Will-O-Wisp|p1a: Lucario
|-status|p1a: Lucario|brn
|
|-damage|p1a: Lucario|247\/282 brn|[from] brn
|turn|24
|
|switch|p2a: Boodro|Granbull, M|264\/377
|-ability|p2a: Boodro|Intimidate|[of] p1a: Lucario
|-unboost|p1a: Lucario|atk|1
|move|p1a: Lucario|Swords Dance|p1a: Lucario
|-boost|p1a: Lucario|atk|2
|
|-heal|p2a: Boodro|287\/377|[from] item: Leftovers
|-damage|p1a: Lucario|212\/282 brn|[from] brn
|turn|25
|
|move|p1a: Lucario|Swords Dance|p1a: Lucario
|-boost|p1a: Lucario|atk|2
|move|p2a: Boodro|Earthquake|p1a: Lucario
|-supereffective|p1a: Lucario
|-damage|p1a: Lucario|0 fnt
|faint|p1a: Lucario
|
|-heal|p2a: Boodro|310\/377|[from] item: Leftovers
|
|switch|p1a: Swampert|Swampert, F|389\/404
|turn|26
|
|switch|p2a: Landing Strip?|Rotom-Mow|241\/241
|move|p1a: Swampert|Yawn|p2a: Landing Strip?
|-start|p2a: Landing Strip?|move: Yawn|[of] p1a: Swampert
|
|-heal|p1a: Swampert|404\/404|[from] item: Leftovers
|turn|27
|
|move|p2a: Landing Strip?|Leaf Storm|p1a: Swampert
|-supereffective|p1a: Swampert
|-damage|p1a: Swampert|0 fnt
|-unboost|p2a: Landing Strip?|spa|2
|faint|p1a: Swampert
|
|-status|p2a: Landing Strip?|slp
|
|switch|p1a: Aerodactyl|Aerodactyl-Mega, F|302\/302
|turn|28
|
|switch|p2a: Boodro|Granbull, M|310\/377
|-ability|p2a: Boodro|Intimidate|[of] p1a: Aerodactyl
|-unboost|p1a: Aerodactyl|atk|1
|move|p1a: Aerodactyl|Hone Claws|p1a: Aerodactyl
|-boost|p1a: Aerodactyl|atk|1
|-boost|p1a: Aerodactyl|accuracy|1
|
|-heal|p2a: Boodro|333\/377|[from] item: Leftovers
|turn|29
|
|move|p1a: Aerodactyl|Hone Claws|p1a: Aerodactyl
|-boost|p1a: Aerodactyl|atk|1
|-boost|p1a: Aerodactyl|accuracy|1
|move|p2a: Boodro|Thunder Wave|p1a: Aerodactyl
|-status|p1a: Aerodactyl|par
|
|-heal|p2a: Boodro|356\/377|[from] item: Leftovers
|turn|30
|-message|Wolfhead69 forfeited.
|
|win|Gordy Lifestyle
|raw|Ladder updating...
|leave|Wolfhead69
|player|p1
|raw|Wolfhead69's rating: 1503 &rarr; <strong>1486<\/strong><br \/>(-17 for losing)
|raw|Gordy Lifestyle's rating: 1563 &rarr; <strong>1580<\/strong><br \/>(+17 for winning)