|join|Wolfhead69
|join|Kink Research
|player|p1|Wolfhead69|1
|player|p2|Kink Research|29
|gametype|singles
|gen|6
|tier|UU
|rated
|rule|Sleep Clause Mod: Limit one foe put to sleep
|rule|Species Clause: Limit one of each PokÃ©mon
|rule|OHKO Clause: OHKO moves are banned
|rule|Moody Clause: Moody is banned
|rule|Evasion Moves Clause: Evasion moves are banned
|rule|Endless Battle Clause: Forcing endless battles is banned
|rule|HP Percentage Mod: HP is shown in percentages
|clearpoke
|poke|p1|Aerodactyl, F
|poke|p1|Raikou
|poke|p1|Lucario, M
|poke|p1|Chandelure, M
|poke|p1|Crobat, M
|poke|p1|Swampert, M
|poke|p2|Delphox, F
|poke|p2|Swampert, M
|poke|p2|Diancie
|poke|p2|Ampharos, F
|poke|p2|Crobat, M
|poke|p2|Umbreon, F
|rule|Swagger Clause: Swagger is banned
|rule|Baton Pass Clause: Limit one PokÃ©mon knowing Baton Pass
|teampreview
|join|aimersnipe
|
|start
|switch|p1a: Swampert|Swampert, M|404\/404
|switch|p2a: Swampert|Swampert, M|404\/404
|turn|1
|
|move|p1a: Swampert|Scald|p2a: Swampert
|-damage|p2a: Swampert|320\/404
|move|p2a: Swampert|Earthquake|p1a: Swampert
|-damage|p1a: Swampert|290\/404
|
|-heal|p2a: Swampert|345\/404|[from] item: Leftovers
|-heal|p1a: Swampert|315\/404|[from] item: Leftovers
|turn|2
|
|move|p2a: Swampert|Stealth Rock|p1a: Swampert
|-sidestart|p1: Wolfhead69|move: Stealth Rock
|move|p1a: Swampert|Scald|p2a: Swampert
|-damage|p2a: Swampert|267\/404
|
|-heal|p1a: Swampert|340\/404|[from] item: Leftovers
|-heal|p2a: Swampert|292\/404|[from] item: Leftovers
|turn|3
|
|switch|p1a: Crobat|Crobat, M|312\/312
|-damage|p1a: Crobat|234\/312|[from] Stealth Rock
|move|p2a: Swampert|Earthquake|p1a: Crobat
|-immune|p1a: Crobat|[msg]
|
|-heal|p1a: Crobat|253\/312|[from] item: Black Sludge
|-heal|p2a: Swampert|317\/404|[from] item: Leftovers
|turn|4
|
|move|p1a: Crobat|Defog|p2a: Swampert
|-unboost|p2a: Swampert|evasion|1
|-sideend|p1: Wolfhead69|Stealth Rock|[from] move: Defog|[of] p1a: Crobat
|move|p2a: Swampert|Waterfall|p1a: Crobat
|-crit|p1a: Crobat
|-damage|p1a: Crobat|34\/312
|
|-heal|p1a: Crobat|53\/312|[from] item: Black Sludge
|-heal|p2a: Swampert|342\/404|[from] item: Leftovers
|turn|5
|
|move|p1a: Crobat|U-turn|p2a: Swampert
|-damage|p2a: Swampert|278\/404
|
|switch|p1a: Swampert|Swampert, M|340\/404
|move|p2a: Swampert|Earthquake|p1a: Swampert
|-damage|p1a: Swampert|220\/404
|
|-heal|p2a: Swampert|303\/404|[from] item: Leftovers
|-heal|p1a: Swampert|245\/404|[from] item: Leftovers
|turn|6
|
|switch|p1a: Crobat|Crobat, M|53\/312
|move|p2a: Swampert|Stealth Rock|p1a: Crobat
|-sidestart|p1: Wolfhead69|move: Stealth Rock
|
|-heal|p1a: Crobat|72\/312|[from] item: Black Sludge
|-heal|p2a: Swampert|328\/404|[from] item: Leftovers
|turn|7
|
|move|p1a: Crobat|Roost|p1a: Crobat
|-heal|p1a: Crobat|228\/312
|move|p2a: Swampert|Waterfall|p1a: Crobat
|-damage|p1a: Crobat|62\/312
|
|-heal|p1a: Crobat|81\/312|[from] item: Black Sludge
|-heal|p2a: Swampert|353\/404|[from] item: Leftovers
|turn|8
|
|switch|p1a: Swampert|Swampert, M|245\/404
|-damage|p1a: Swampert|220\/404|[from] Stealth Rock
|move|p2a: Swampert|Waterfall|p1a: Swampert
|-damage|p1a: Swampert|124\/404
|
|-heal|p1a: Swampert|149\/404|[from] item: Leftovers
|-heal|p2a: Swampert|378\/404|[from] item: Leftovers
|turn|9
|
|move|p1a: Swampert|Yawn|p2a: Swampert
|-start|p2a: Swampert|move: Yawn|[of] p1a: Swampert
|move|p2a: Swampert|Earthquake|p1a: Swampert
|-damage|p1a: Swampert|20\/404
|
|-heal|p2a: Swampert|403\/404|[from] item: Leftovers
|-heal|p1a: Swampert|45\/404|[from] item: Leftovers
|turn|10
|
|switch|p2a: Crobat|Crobat, M|369\/369
|move|p1a: Swampert|Scald|p2a: Crobat
|-damage|p2a: Crobat|213\/369
|
|-heal|p2a: Crobat|236\/369|[from] item: Black Sludge
|-heal|p1a: Swampert|70\/404|[from] item: Leftovers
|turn|11
|
|switch|p1a: Raikou|Raikou|322\/322
|-damage|p1a: Raikou|282\/322|[from] Stealth Rock
|-ability|p1a: Raikou|Pressure
|move|p2a: Crobat|Brave Bird|p1a: Raikou
|-resisted|p1a: Raikou
|-damage|p1a: Raikou|190\/322
|-damage|p2a: Crobat|206\/369|[from] recoil|[of] p1a: Raikou
|
|-heal|p2a: Crobat|229\/369|[from] item: Black Sludge
|turn|12
|
|switch|p2a: Ampharos|Ampharos, F|384\/384
|move|p1a: Raikou|Shadow Ball|p2a: Ampharos
|-damage|p2a: Ampharos|270\/384
|-damage|p1a: Raikou|158\/322|[from] item: Life Orb
|
|turn|13
|
|detailschange|p2a: Ampharos|Ampharos-Mega, F
|message|Ampharos has Mega Evolved into Mega Ampharos!
|-ability|p2a: Ampharos|Mold Breaker
|move|p1a: Raikou|Hidden Power|p2a: Ampharos
|-supereffective|p2a: Ampharos
|-damage|p2a: Ampharos|104\/384
|-damage|p1a: Raikou|126\/322|[from] item: Life Orb
|move|p2a: Ampharos|Dragon Pulse|p1a: Raikou
|-damage|p1a: Raikou|0 fnt
|faint|p1a: Raikou
|
|
|switch|p1a: Chandelure|Chandelure, M|261\/261
|-damage|p1a: Chandelure|196\/261|[from] Stealth Rock
|turn|14
|
|switch|p2a: Umbreon|Umbreon, F|394\/394
|move|p1a: Chandelure|Energy Ball|p2a: Umbreon
|-damage|p2a: Umbreon|323\/394
|
|-heal|p2a: Umbreon|347\/394|[from] item: Leftovers
|turn|15
|
|switch|p1a: Lucario|Lucario, M|282\/282
|-damage|p1a: Lucario|274\/282|[from] Stealth Rock
|move|p2a: Umbreon|Baton Pass|p2a: Umbreon
|
|switch|p2a: Delphox|Delphox, F|291\/291
|
|turn|16
|
|switch|p1a: Swampert|Swampert, M|70\/404
|-damage|p1a: Swampert|45\/404|[from] Stealth Rock
|move|p2a: Delphox|Psyshock|p1a: Swampert
|-damage|p1a: Swampert|0 fnt
|faint|p1a: Swampert
|
|
|switch|p1a: Crobat|Crobat, M|81\/312
|-damage|p1a: Crobat|3\/312|[from] Stealth Rock
|turn|17
|
|move|p1a: Crobat|Defog|p2a: Delphox
|-unboost|p2a: Delphox|evasion|1
|-sideend|p1: Wolfhead69|Stealth Rock|[from] move: Defog|[of] p1a: Crobat
|move|p2a: Delphox|Psyshock|p1a: Crobat
|-supereffective|p1a: Crobat
|-damage|p1a: Crobat|0 fnt
|faint|p1a: Crobat
|
|
|switch|p1a: Aerodactyl|Aerodactyl, F|302\/302
|-ability|p1a: Aerodactyl|Pressure
|turn|18
|
|switch|p2a: Swampert|Swampert, M|403\/404
|detailschange|p1a: Aerodactyl|Aerodactyl-Mega, F
|message|Aerodactyl has Mega Evolved into Mega Aerodactyl!
|move|p1a: Aerodactyl|Aerial Ace|p2a: Swampert
|-damage|p2a: Swampert|244\/404
|
|-heal|p2a: Swampert|269\/404|[from] item: Leftovers
|turn|19
|
|move|p1a: Aerodactyl|Aerial Ace|p2a: Swampert
|-damage|p2a: Swampert|121\/404
|move|p2a: Swampert|Waterfall|p1a: Aerodactyl
|-supereffective|p1a: Aerodactyl
|-damage|p1a: Aerodactyl|0 fnt
|faint|p1a: Aerodactyl
|
|-heal|p2a: Swampert|146\/404|[from] item: Leftovers
|join|BenzMafia
|join|Lixx
|
|switch|p1a: Chandelure|Chandelure, M|196\/261
|turn|20
|
|switch|p2a: Ampharos|Ampharos-Mega, F|104\/384
|-ability|p2a: Ampharos|Mold Breaker
|move|p1a: Chandelure|Shadow Ball|p2a: Ampharos
|-damage|p2a: Ampharos|0 fnt
|faint|p2a: Ampharos
|
|
|switch|p2a: Umbreon|Umbreon, F|347\/394
|turn|21
|
|switch|p1a: Lucario|Lucario, M|274\/282
|move|p2a: Umbreon|Baton Pass|p2a: Umbreon
|
|switch|p2a: Delphox|Delphox, F|291\/291
|
|turn|22
|
|switch|p1a: Chandelure|Chandelure, M|196\/261
|move|p2a: Delphox|Psyshock|p1a: Chandelure
|-damage|p1a: Chandelure|0 fnt
|faint|p1a: Chandelure
|
|
|switch|p1a: Lucario|Lucario, M|274\/282
|turn|23
|
|move|p2a: Delphox|Psyshock|p1a: Lucario
|-damage|p1a: Lucario|0 fnt
|faint|p1a: Lucario
|
|win|Kink Research
|raw|Ladder updating...
|raw|Wolfhead69's rating: 1482 &rarr; <strong>1465<\/strong><br \/>(-17 for losing)
|raw|Kink Research's rating: 1528 &rarr; <strong>1545<\/strong><br \/>(+17 for winning)
|leave|Wolfhead69
|player|p1