|join|J-Cott
|join|Wolfhead69
|player|p1|J-Cott|52
|player|p2|Wolfhead69|2
|gametype|singles
|gen|6
|tier|UU
|rated
|rule|Sleep Clause Mod: Limit one foe put to sleep
|rule|Species Clause: Limit one of each PokÃ©mon
|rule|OHKO Clause: OHKO moves are banned
|rule|Moody Clause: Moody is banned
|rule|Evasion Moves Clause: Evasion moves are banned
|rule|Endless Battle Clause: Forcing endless battles is banned
|rule|HP Percentage Mod: HP is shown in percentages
|clearpoke
|poke|p1|Florges, F
|poke|p1|Aggron, F
|poke|p1|Swampert, F
|poke|p1|Crobat, F
|poke|p1|Jirachi
|poke|p1|Chesnaught, F
|poke|p2|Aerodactyl, F
|poke|p2|Raikou
|poke|p2|Lucario, M
|poke|p2|Chandelure, F
|poke|p2|Crobat, M
|poke|p2|Swampert, M
|rule|Swagger Clause: Swagger is banned
|rule|Baton Pass Clause: Limit one PokÃ©mon knowing Baton Pass
|teampreview
|
|start
|switch|p1a: Chesnaught|Chesnaught, F|380\/380
|switch|p2a: Swampert|Swampert, M|404\/404
|turn|1
|
|move|p1a: Chesnaught|Leech Seed|p2a: Swampert
|-start|p2a: Swampert|move: Leech Seed
|move|p2a: Swampert|Stealth Rock|p1a: Chesnaught
|-sidestart|p1: J-Cott|move: Stealth Rock
|
|-damage|p2a: Swampert|354\/404|[from] Leech Seed|[of] p1a: Chesnaught
|turn|2
|
|switch|p2a: Crobat|Crobat, M|312\/312
|move|p1a: Chesnaught|Leech Seed|p2a: Crobat
|-start|p2a: Crobat|move: Leech Seed
|
|-damage|p2a: Crobat|273\/312|[from] Leech Seed|[of] p1a: Chesnaught
|turn|3
|
|switch|p1a: Aggron|Aggron, F|344\/344
|-damage|p1a: Aggron|323\/344|[from] Stealth Rock
|move|p2a: Crobat|U-turn|p1a: Aggron
|-resisted|p1a: Aggron
|-damage|p1a: Aggron|307\/344
|
|switch|p2a: Swampert|Swampert, M|354\/404
|
|-heal|p2a: Swampert|379\/404|[from] item: Leftovers
|turn|4
|
|switch|p1a: Crobat|Crobat, F|373\/373
|-damage|p1a: Crobat|280\/373|[from] Stealth Rock
|move|p2a: Swampert|Scald|p1a: Crobat
|-damage|p1a: Crobat|180\/373
|-status|p1a: Crobat|brn
|
|-heal|p1a: Crobat|203\/373 brn|[from] item: Black Sludge
|-heal|p2a: Swampert|404\/404|[from] item: Leftovers
|-damage|p1a: Crobat|157\/373 brn|[from] brn
|turn|5
|
|move|p1a: Crobat|Defog|p2a: Swampert
|-unboost|p2a: Swampert|evasion|1
|-sideend|p1: J-Cott|Stealth Rock|[from] move: Defog|[of] p1a: Crobat
|move|p2a: Swampert|Scald|p1a: Crobat
|-damage|p1a: Crobat|54\/373 brn
|
|-heal|p1a: Crobat|77\/373 brn|[from] item: Black Sludge
|-damage|p1a: Crobat|31\/373 brn|[from] brn
|turn|6
|
|switch|p1a: Chesnaught|Chesnaught, F|380\/380
|move|p2a: Swampert|Stealth Rock|p1a: Chesnaught
|-sidestart|p1: J-Cott|move: Stealth Rock
|
|turn|7
|c|âJ-Cott|wp
|
|move|p1a: Chesnaught|Wood Hammer|p2a: Swampert
|-supereffective|p2a: Swampert
|-damage|p2a: Swampert|0 fnt
|-damage|p1a: Chesnaught|247\/380|[from] recoil|[of] p2a: Swampert
|faint|p2a: Swampert
|
|-heal|p1a: Chesnaught|270\/380|[from] item: Leftovers
|c|âWolfhead69|thanks
|
|switch|p2a: Aerodactyl|Aerodactyl, F|302\/302
|-ability|p2a: Aerodactyl|Pressure
|turn|8
|
|switch|p1a: Crobat|Crobat, F|31\/373 brn
|-damage|p1a: Crobat|0 fnt|[from] Stealth Rock
|faint|p1a: Crobat
|detailschange|p2a: Aerodactyl|Aerodactyl-Mega, F
|message|Aerodactyl has Mega Evolved into Mega Aerodactyl!
|move|p2a: Aerodactyl|Earthquake|p1: Crobat|[notarget]
|-notarget
|
|
|switch|p1a: Aggron|Aggron, F|307\/344
|-damage|p1a: Aggron|286\/344|[from] Stealth Rock
|turn|9
|
|switch|p2a: Chandelure|Chandelure, F|261\/261
|detailschange|p1a: Aggron|Aggron-Mega, F
|message|Aggron has Mega Evolved into Mega Aggron!
|move|p1a: Aggron|Earthquake|p2a: Chandelure
|-supereffective|p2a: Chandelure
|-damage|p2a: Chandelure|21\/261
|
|turn|10
|
|switch|p1a: Swampert|Swampert, F|401\/401
|-damage|p1a: Swampert|376\/401|[from] Stealth Rock
|move|p2a: Chandelure|Fire Blast|p1a: Swampert
|-resisted|p1a: Swampert
|-damage|p1a: Swampert|268\/401
|-status|p1a: Swampert|brn
|
|-heal|p1a: Swampert|293\/401 brn|[from] item: Leftovers
|-damage|p1a: Swampert|243\/401 brn|[from] brn
|turn|11
|
|move|p2a: Chandelure|Fire Blast|p1a: Swampert
|-resisted|p1a: Swampert
|-damage|p1a: Swampert|128\/401 brn
|move|p1a: Swampert|Stealth Rock|p2a: Chandelure
|-sidestart|p2: Wolfhead69|move: Stealth Rock
|
|-heal|p1a: Swampert|153\/401 brn|[from] item: Leftovers
|-damage|p1a: Swampert|103\/401 brn|[from] brn
|turn|12
|
|move|p2a: Chandelure|Fire Blast|p1a: Swampert
|-resisted|p1a: Swampert
|-damage|p1a: Swampert|0 fnt
|faint|p1a: Swampert
|
|
|switch|p1a: Florges|Florges, F|360\/360
|-damage|p1a: Florges|315\/360|[from] Stealth Rock
|turn|13
|
|move|p2a: Chandelure|Fire Blast|p1a: Florges
|-damage|p1a: Florges|206\/360
|move|p1a: Florges|Moonblast|p2a: Chandelure
|-resisted|p2a: Chandelure
|-damage|p2a: Chandelure|0 fnt
|faint|p2a: Chandelure
|
|-heal|p1a: Florges|228\/360|[from] item: Leftovers
|
|switch|p2a: Lucario|Lucario, M|282\/282
|-damage|p2a: Lucario|274\/282|[from] Stealth Rock
|turn|14
|
|move|p2a: Lucario|Swords Dance|p2a: Lucario
|-boost|p2a: Lucario|atk|2
|move|p1a: Florges|Moonblast|p2a: Lucario
|-damage|p2a: Lucario|99\/282
|
|-heal|p1a: Florges|250\/360|[from] item: Leftovers
|turn|15
|
|switch|p1a: Chesnaught|Chesnaught, F|270\/380
|-damage|p1a: Chesnaught|247\/380|[from] Stealth Rock
|move|p2a: Lucario|Close Combat|p1a: Chesnaught
|-damage|p1a: Chesnaught|0 fnt
|-unboost|p2a: Lucario|def|1
|-unboost|p2a: Lucario|spd|1
|-damage|p2a: Lucario|71\/282|[from] item: Life Orb
|faint|p1a: Chesnaught
|
|
|switch|p1a: Jirachi|Jirachi|341\/341
|-damage|p1a: Jirachi|320\/341|[from] Stealth Rock
|turn|16
|
|switch|p2a: Crobat|Crobat, M|273\/312
|-damage|p2a: Crobat|195\/312|[from] Stealth Rock
|move|p1a: Jirachi|Fire Punch|p2a: Crobat
|-damage|p2a: Crobat|99\/312
|-status|p2a: Crobat|brn
|
|-heal|p2a: Crobat|118\/312 brn|[from] item: Black Sludge
|-heal|p1a: Jirachi|341\/341|[from] item: Leftovers
|-damage|p2a: Crobat|79\/312 brn|[from] brn
|turn|17
|
|move|p2a: Crobat|Defog|p1a: Jirachi
|-unboost|p1a: Jirachi|evasion|1
|-sideend|p1: J-Cott|Stealth Rock|[from] move: Defog|[of] p1a: Jirachi
|-sideend|p2: Wolfhead69|Stealth Rock|[from] move: Defog|[of] p2a: Crobat
|move|p1a: Jirachi|Substitute|p1a: Jirachi
|-start|p1a: Jirachi|Substitute
|-damage|p1a: Jirachi|256\/341
|
|-heal|p2a: Crobat|98\/312 brn|[from] item: Black Sludge
|-heal|p1a: Jirachi|277\/341|[from] item: Leftovers
|-damage|p2a: Crobat|59\/312 brn|[from] brn
|turn|18
|
|move|p2a: Crobat|Brave Bird|p1a: Jirachi
|-resisted|p1a: Jirachi
|-damage|p1a: Jirachi|235\/341
|-damage|p2a: Crobat|45\/312 brn|[from] recoil|[of] p1a: Jirachi
|move|p1a: Jirachi|Fire Punch|p2a: Crobat
|-damage|p2a: Crobat|0 fnt
|faint|p2a: Crobat
|
|-heal|p1a: Jirachi|256\/341|[from] item: Leftovers
|
|switch|p2a: Raikou|Raikou|322\/322
|-ability|p2a: Raikou|Pressure
|turn|19
|
|move|p2a: Raikou|Shadow Ball|p1a: Jirachi
|-supereffective|p1a: Jirachi
|-end|p1a: Jirachi|Substitute
|-damage|p2a: Raikou|290\/322|[from] item: Life Orb
|move|p1a: Jirachi|Ice Punch|p2a: Raikou
|-damage|p2a: Raikou|194\/322
|
|-heal|p1a: Jirachi|277\/341|[from] item: Leftovers
|turn|20
|
|switch|p1a: Florges|Florges, F|250\/360
|move|p2a: Raikou|Volt Switch|p1a: Florges
|-damage|p1a: Florges|171\/360
|-damage|p2a: Raikou|162\/322|[from] item: Life Orb
|
|switch|p2a: Aerodactyl|Aerodactyl-Mega, F|302\/302
|
|-heal|p1a: Florges|193\/360|[from] item: Leftovers
|turn|21
|
|move|p2a: Aerodactyl|Hone Claws|p2a: Aerodactyl
|-boost|p2a: Aerodactyl|atk|1
|-boost|p2a: Aerodactyl|accuracy|1
|move|p1a: Florges|Moonblast|p2a: Aerodactyl
|-damage|p2a: Aerodactyl|163\/302
|
|-heal|p1a: Florges|215\/360|[from] item: Leftovers
|turn|22
|
|move|p2a: Aerodactyl|Stone Edge|p1a: Florges
|-damage|p1a: Florges|0 fnt
|faint|p1a: Florges
|
|
|switch|p1a: Aggron|Aggron-Mega, F|286\/344
|turn|23
|
|move|p2a: Aerodactyl|Earthquake|p1a: Aggron
|-supereffective|p1a: Aggron
|-damage|p1a: Aggron|171\/344
|move|p1a: Aggron|Heavy Slam|p2a: Aerodactyl
|-supereffective|p2a: Aerodactyl
|-damage|p2a: Aerodactyl|0 fnt
|faint|p2a: Aerodactyl
|
|
|switch|p2a: Lucario|Lucario, M|71\/282
|turn|24
|
|move|p2a: Lucario|Close Combat|p1a: Aggron
|-supereffective|p1a: Aggron
|-damage|p1a: Aggron|29\/344
|-unboost|p2a: Lucario|def|1
|-unboost|p2a: Lucario|spd|1
|-damage|p2a: Lucario|43\/282|[from] item: Life Orb
|move|p1a: Aggron|Earthquake|p2a: Lucario
|-supereffective|p2a: Lucario
|-damage|p2a: Lucario|0 fnt
|faint|p2a: Lucario
|
|
|switch|p2a: Raikou|Raikou|162\/322
|-ability|p2a: Raikou|Pressure
|turn|25
|
|move|p2a: Raikou|Shadow Ball|p1a: Aggron
|-damage|p1a: Aggron|0 fnt
|-damage|p2a: Raikou|130\/322|[from] item: Life Orb
|faint|p1a: Aggron
|
|
|switch|p1a: Jirachi|Jirachi|277\/341
|turn|26
|
|move|p2a: Raikou|Shadow Ball|p1a: Jirachi
|-supereffective|p1a: Jirachi
|-damage|p1a: Jirachi|51\/341
|-damage|p2a: Raikou|98\/322|[from] item: Life Orb
|move|p1a: Jirachi|Fire Punch|p2a: Raikou
|-damage|p2a: Raikou|0 fnt
|faint|p2a: Raikou
|
|win|J-Cott
|raw|Ladder updating...
|raw|J-Cott's rating: 1455 &rarr; <strong>1475<\/strong><br \/>(+20 for winning)
|raw|Wolfhead69's rating: 1463 &rarr; <strong>1443<\/strong><br \/>(-20 for losing)
|c|âJ-Cott|gg
|c|âWolfhead69|gg
|leave|Wolfhead69
|player|p2