|join|GhostrickLantern
|join|Wolfhead69
|player|p1|GhostrickLantern|96
|player|p2|Wolfhead69|102
|gametype|singles
|gen|6
|tier|UU
|rated
|rule|Sleep Clause Mod: Limit one foe put to sleep
|rule|Species Clause: Limit one of each PokÃ©mon
|rule|OHKO Clause: OHKO moves are banned
|rule|Moody Clause: Moody is banned
|rule|Evasion Moves Clause: Evasion moves are banned
|rule|Endless Battle Clause: Forcing endless battles is banned
|rule|HP Percentage Mod: HP is shown in percentages
|clearpoke
|poke|p1|Hydreigon, F
|poke|p1|Suicune
|poke|p1|Celebi
|poke|p1|Arcanine, F
|poke|p1|Crobat, M, shiny
|poke|p1|Metagross
|poke|p2|Aerodactyl, M
|poke|p2|Lucario, M
|poke|p2|Chandelure, F
|poke|p2|Galvantula, M
|poke|p2|Donphan, M
|poke|p2|Empoleon, F
|rule|Swagger Clause: Swagger is banned
|rule|Baton Pass Clause: Limit one PokÃ©mon knowing Baton Pass
|teampreview
|
|start
|switch|p1a: Darkside|Hydreigon, F|325\/325
|switch|p2a: Galvantula|Galvantula, M|282\/282
|turn|1
|
|move|p1a: Darkside|U-turn|p2a: Galvantula
|-damage|p2a: Galvantula|202\/282
|
|switch|p1a: Lua|Arcanine, F|383\/383
|-ability|p1a: Lua|Intimidate|[of] p2a: Galvantula
|-unboost|p2a: Galvantula|atk|1
|move|p2a: Galvantula|Bug Buzz|p1a: Lua
|-resisted|p1a: Lua
|-damage|p1a: Lua|308\/383
|-unboost|p1a: Lua|spd|1
|
|-heal|p1a: Lua|331\/383|[from] item: Leftovers
|turn|2
|
|move|p2a: Galvantula|Thunder|p1a: Lua
|-damage|p1a: Lua|64\/383
|move|p1a: Lua|Flare Blitz|p2a: Galvantula
|-supereffective|p2a: Galvantula
|-damage|p2a: Galvantula|0 fnt
|-damage|p1a: Lua|0 fnt|[from] recoil|[of] p2a: Galvantula
|faint|p2a: Galvantula
|faint|p1a: Lua
|
|join|Superior improv
|
|switch|p1a: Darkside|Hydreigon, F|325\/325
|switch|p2a: Empoleon|Empoleon, F|372\/372
|turn|3
|
|move|p1a: Darkside|U-turn|p2a: Empoleon
|-resisted|p2a: Empoleon
|-damage|p2a: Empoleon|352\/372
|
|switch|p1a: OnionHead|Celebi|396\/396
|move|p2a: Empoleon|Stealth Rock|p1a: OnionHead
|-sidestart|p1: GhostrickLantern|move: Stealth Rock
|
|-heal|p2a: Empoleon|372\/372|[from] item: Leftovers
|turn|4
|
|switch|p2a: Chandelure|Chandelure, F|261\/261
|move|p1a: OnionHead|Stealth Rock|p2a: Chandelure
|-sidestart|p2: Wolfhead69|move: Stealth Rock
|
|turn|5
|
|switch|p1a: Darkside|Hydreigon, F|325\/325
|-damage|p1a: Darkside|285\/325|[from] Stealth Rock
|move|p2a: Chandelure|Trick|p1a: Darkside
|-activate|p2a: Chandelure|move: Trick|[of] p1a: Darkside
|-item|p1a: Darkside|Choice Scarf|[from] move: Trick
|-item|p2a: Chandelure|Choice Scarf|[from] move: Trick
|
|turn|6
|
|switch|p2a: Empoleon|Empoleon, F|372\/372
|-damage|p2a: Empoleon|349\/372|[from] Stealth Rock
|move|p1a: Darkside|Dark Pulse|p2a: Empoleon
|-damage|p2a: Empoleon|205\/372
|
|-heal|p2a: Empoleon|228\/372|[from] item: Leftovers
|turn|7
|
|switch|p1a: MetalGear|Metagross|364\/364
|-damage|p1a: MetalGear|342\/364|[from] Stealth Rock
|move|p2a: Empoleon|Yawn|p1a: MetalGear
|-start|p1a: MetalGear|move: Yawn|[of] p2a: Empoleon
|
|-heal|p2a: Empoleon|251\/372|[from] item: Leftovers
|turn|8
|
|switch|p1a: OnionHead|Celebi|396\/396
|-damage|p1a: OnionHead|347\/396|[from] Stealth Rock
|switch|p2a: Chandelure|Chandelure, F|261\/261
|-damage|p2a: Chandelure|196\/261|[from] Stealth Rock
|
|-heal|p1a: OnionHead|371\/396|[from] item: Leftovers
|turn|9
|
|switch|p1a: WetWet|Suicune|404\/404
|-damage|p1a: WetWet|354\/404|[from] Stealth Rock
|-ability|p1a: WetWet|Pressure
|move|p2a: Chandelure|Fire Blast|p1a: WetWet
|-resisted|p1a: WetWet
|-damage|p1a: WetWet|264\/404
|
|-heal|p1a: WetWet|289\/404|[from] item: Leftovers
|turn|10
|
|switch|p2a: Lucario|Lucario, M|282\/282
|-damage|p2a: Lucario|274\/282|[from] Stealth Rock
|move|p1a: WetWet|Scald|p2a: Lucario
|-crit|p2a: Lucario
|-damage|p2a: Lucario|111\/282
|
|-heal|p1a: WetWet|314\/404|[from] item: Leftovers
|turn|11
|
|move|p2a: Lucario|Close Combat|p1a: WetWet
|-damage|p1a: WetWet|158\/404
|-unboost|p2a: Lucario|def|1
|-unboost|p2a: Lucario|spd|1
|-damage|p2a: Lucario|83\/282|[from] item: Life Orb
|move|p1a: WetWet|Scald|p2a: Lucario
|-damage|p2a: Lucario|0 fnt
|faint|p2a: Lucario
|
|-heal|p1a: WetWet|183\/404|[from] item: Leftovers
|
|switch|p2a: Chandelure|Chandelure, F|196\/261
|-damage|p2a: Chandelure|131\/261|[from] Stealth Rock
|turn|12
|
|switch|p1a: OnionHead|Celebi|371\/396
|-damage|p1a: OnionHead|322\/396|[from] Stealth Rock
|move|p2a: Chandelure|Shadow Ball|p1a: OnionHead
|-supereffective|p1a: OnionHead
|-damage|p1a: OnionHead|0 fnt
|faint|p1a: OnionHead
|
|
|switch|p1a: Darkside|Hydreigon, F|285\/325
|-damage|p1a: Darkside|245\/325|[from] Stealth Rock
|turn|13
|
|move|p1a: Darkside|Draco Meteor|p2a: Chandelure
|-damage|p2a: Chandelure|0 fnt
|-unboost|p1a: Darkside|spa|2
|faint|p2a: Chandelure
|
|
|switch|p2a: Aerodactyl|Aerodactyl, M|302\/302
|-damage|p2a: Aerodactyl|227\/302|[from] Stealth Rock
|-ability|p2a: Aerodactyl|Pressure
|turn|14
|
|switch|p1a: Floyd|Crobat, M, shiny|355\/355
|-damage|p1a: Floyd|267\/355|[from] Stealth Rock
|detailschange|p2a: Aerodactyl|Aerodactyl-Mega, M
|message|Aerodactyl has Mega Evolved into Mega Aerodactyl!
|move|p2a: Aerodactyl|Hone Claws|p2a: Aerodactyl
|-boost|p2a: Aerodactyl|atk|1
|-boost|p2a: Aerodactyl|accuracy|1
|
|-heal|p1a: Floyd|289\/355|[from] item: Black Sludge
|turn|15
|
|move|p2a: Aerodactyl|Stone Edge|p1a: Floyd
|-supereffective|p1a: Floyd
|-damage|p1a: Floyd|0 fnt
|faint|p1a: Floyd
|
|
|switch|p1a: MetalGear|Metagross|342\/364
|-damage|p1a: MetalGear|320\/364|[from] Stealth Rock
|turn|16
|
|move|p1a: MetalGear|Bullet Punch|p2a: Aerodactyl
|-supereffective|p2a: Aerodactyl
|-damage|p2a: Aerodactyl|23\/302
|move|p2a: Aerodactyl|Earthquake|p1a: MetalGear
|-supereffective|p1a: MetalGear
|-damage|p1a: MetalGear|24\/364
|
|turn|17
|
|switch|p2a: Empoleon|Empoleon, F|251\/372
|-damage|p2a: Empoleon|228\/372|[from] Stealth Rock
|move|p1a: MetalGear|Bullet Punch|p2a: Empoleon
|-resisted|p2a: Empoleon
|-damage|p2a: Empoleon|214\/372
|
|-heal|p2a: Empoleon|237\/372|[from] item: Leftovers
|turn|18
|
|switch|p2a: Donphan|Donphan, M|384\/384
|-damage|p2a: Donphan|360\/384|[from] Stealth Rock
|move|p1a: MetalGear|Earthquake|p2a: Donphan
|-damage|p2a: Donphan|246\/384
|
|-heal|p2a: Donphan|270\/384|[from] item: Leftovers
|turn|19
|
|move|p1a: MetalGear|Meteor Mash|p2a: Donphan
|-damage|p2a: Donphan|110\/384
|move|p2a: Donphan|Rapid Spin|p1a: MetalGear
|-resisted|p1a: MetalGear
|-damage|p1a: MetalGear|13\/364
|-sideend|p2: Wolfhead69|Stealth Rock|[from] move: Rapid Spin|[of] p2a: Donphan
|
|-heal|p2a: Donphan|134\/384|[from] item: Leftovers
|turn|20
|
|move|p2a: Donphan|Ice Shard|p1a: MetalGear
|-resisted|p1a: MetalGear
|-damage|p1a: MetalGear|0 fnt
|faint|p1a: MetalGear
|
|-heal|p2a: Donphan|158\/384|[from] item: Leftovers
|
|switch|p1a: WetWet|Suicune|183\/404
|-damage|p1a: WetWet|133\/404|[from] Stealth Rock
|-ability|p1a: WetWet|Pressure
|turn|21
|
|switch|p2a: Empoleon|Empoleon, F|237\/372
|move|p1a: WetWet|Scald|p2a: Empoleon
|-resisted|p2a: Empoleon
|-damage|p2a: Empoleon|193\/372
|
|-heal|p1a: WetWet|158\/404|[from] item: Leftovers
|-heal|p2a: Empoleon|216\/372|[from] item: Leftovers
|turn|22
|
|move|p1a: WetWet|Rest|p1a: WetWet
|-status|p1a: WetWet|slp
|-heal|p1a: WetWet|404\/404 slp|[silent]
|-status|p1a: WetWet|slp|[from] move: Rest
|move|p2a: Empoleon|Flash Cannon|p1a: WetWet
|-resisted|p1a: WetWet
|-damage|p1a: WetWet|354\/404 slp
|
|-heal|p1a: WetWet|379\/404 slp|[from] item: Leftovers
|-heal|p2a: Empoleon|239\/372|[from] item: Leftovers
|turn|23
|
|switch|p2a: Donphan|Donphan, M|158\/384
|cant|p1a: WetWet|slp
|move|p1a: WetWet|Sleep Talk|p1a: WetWet
|move|p1a: WetWet|Rest|p1a: WetWet|[from]Sleep Talk
|-fail|p1a: WetWet
|
|-heal|p1a: WetWet|404\/404 slp|[from] item: Leftovers
|-heal|p2a: Donphan|182\/384|[from] item: Leftovers
|turn|24
|
|cant|p1a: WetWet|slp
|move|p1a: WetWet|Sleep Talk|p1a: WetWet
|move|p1a: WetWet|Scald|p2a: Donphan|[from]Sleep Talk
|-supereffective|p2a: Donphan
|-damage|p2a: Donphan|0 fnt
|faint|p2a: Donphan
|
|-message|Wolfhead69 forfeited.
|
|win|GhostrickLantern
|raw|Ladder updating...
|leave|Wolfhead69
|player|p2
|raw|GhostrickLantern's rating: 1505 &rarr; <strong>1529<\/strong><br \/>(+24 for winning)
|raw|Wolfhead69's rating: 1563 &rarr; <strong>1539<\/strong><br \/>(-24 for losing)