|join|Wolfhead69
|join|Scrubplayer
|player|p1|Wolfhead69|101
|player|p2|Scrubplayer|102
|gametype|singles
|gen|6
|tier|UU
|rated
|rule|Sleep Clause Mod: Limit one foe put to sleep
|rule|Species Clause: Limit one of each PokÃ©mon
|rule|OHKO Clause: OHKO moves are banned
|rule|Moody Clause: Moody is banned
|rule|Evasion Moves Clause: Evasion moves are banned
|rule|Endless Battle Clause: Forcing endless battles is banned
|rule|HP Percentage Mod: HP is shown in percentages
|clearpoke
|poke|p1|Aerodactyl, M
|poke|p1|Hydreigon, F
|poke|p1|Raikou
|poke|p1|Victini
|poke|p1|Lucario, M
|poke|p1|Empoleon, F
|poke|p2|Umbreon, M, shiny
|poke|p2|Hitmontop, M
|poke|p2|Arcanine, F
|poke|p2|Registeel
|poke|p2|Scrafty, M
|poke|p2|Rotom-Heat
|rule|Swagger Clause: Swagger is banned
|rule|Baton Pass Clause: Limit one PokÃ©mon knowing Baton Pass
|teampreview
|
|start
|switch|p1a: Raikou|Raikou|322\/322
|switch|p2a: Registeel|Registeel|302\/302
|-ability|p1a: Raikou|Pressure
|turn|1
|
|move|p1a: Raikou|Volt Switch|p2a: Registeel
|-damage|p2a: Registeel|200\/302
|
|switch|p1a: Hydreigon|Hydreigon, F|326\/326
|move|p2a: Registeel|Stealth Rock|p1a: Hydreigon
|-sidestart|p1: Wolfhead69|move: Stealth Rock
|
|turn|2
|
|move|p1a: Hydreigon|Dark Pulse|p2a: Registeel
|-damage|p2a: Registeel|90\/302
|-damage|p1a: Hydreigon|294\/326|[from] item: Life Orb
|move|p2a: Registeel|Thunder Wave|p1a: Hydreigon
|-status|p1a: Hydreigon|par
|
|turn|3
|
|move|p2a: Registeel|Seismic Toss|p1a: Hydreigon
|-damage|p1a: Hydreigon|194\/326 par
|cant|p1a: Hydreigon|par
|
|turn|4
|
|move|p2a: Registeel|Seismic Toss|p1a: Hydreigon
|-damage|p1a: Hydreigon|94\/326 par
|move|p1a: Hydreigon|Dark Pulse|p2a: Registeel
|-damage|p2a: Registeel|0 fnt
|-damage|p1a: Hydreigon|62\/326 par|[from] item: Life Orb
|faint|p2a: Registeel
|
|
|switch|p2a: Scrafty|Scrafty, M|272\/272
|turn|5
|
|move|p2a: Scrafty|Dragon Dance|p2a: Scrafty
|-boost|p2a: Scrafty|atk|1
|-boost|p2a: Scrafty|spe|1
|move|p1a: Hydreigon|Draco Meteor|p2a: Scrafty
|-enditem|p2a: Scrafty|Focus Sash
|-damage|p2a: Scrafty|1\/272
|-unboost|p1a: Hydreigon|spa|2
|-damage|p1a: Hydreigon|30\/326 par|[from] item: Life Orb
|
|turn|6
|
|move|p2a: Scrafty|Crunch|p1a: Hydreigon
|-resisted|p1a: Hydreigon
|-damage|p1a: Hydreigon|0 fnt
|faint|p1a: Hydreigon
|-boost|p2a: Scrafty|atk|1|[from] ability: Moxie
|
|
|switch|p1a: Lucario|Lucario, M|282\/282
|-damage|p1a: Lucario|274\/282|[from] Stealth Rock
|turn|7
|
|move|p1a: Lucario|Extreme Speed|p2a: Scrafty
|-damage|p2a: Scrafty|0 fnt
|-damage|p1a: Lucario|246\/282|[from] item: Life Orb
|faint|p2a: Scrafty
|
|
|switch|p2a: Rotom-Heat|Rotom-Heat|241\/241
|turn|8
|
|switch|p1a: Raikou|Raikou|322\/322
|-damage|p1a: Raikou|282\/322|[from] Stealth Rock
|-ability|p1a: Raikou|Pressure
|move|p2a: Rotom-Heat|Trick|p1a: Raikou
|-activate|p2a: Rotom-Heat|move: Trick|[of] p1a: Raikou
|-item|p1a: Raikou|Choice Scarf|[from] move: Trick
|-item|p2a: Rotom-Heat|Choice Specs|[from] move: Trick
|
|turn|9
|
|switch|p2a: Umbreon|Umbreon, M, shiny|394\/394
|move|p1a: Raikou|Shadow Ball|p2a: Umbreon
|-resisted|p2a: Umbreon
|-damage|p2a: Umbreon|360\/394
|-unboost|p2a: Umbreon|spd|1
|
|-heal|p2a: Umbreon|384\/394|[from] item: Leftovers
|turn|10
|
|switch|p1a: Empoleon|Empoleon, F|372\/372
|-damage|p1a: Empoleon|349\/372|[from] Stealth Rock
|move|p2a: Umbreon|Confuse Ray|p1a: Empoleon
|-start|p1a: Empoleon|confusion
|
|-heal|p2a: Umbreon|394\/394|[from] item: Leftovers
|-heal|p1a: Empoleon|372\/372|[from] item: Leftovers
|turn|11
|
|move|p2a: Umbreon|Curse|p2a: Umbreon
|-boost|p2a: Umbreon|atk|1
|-boost|p2a: Umbreon|def|1
|-unboost|p2a: Umbreon|spe|1
|-activate|p1a: Empoleon|confusion
|move|p1a: Empoleon|Defog|p2a: Umbreon
|-unboost|p2a: Umbreon|evasion|1
|-sideend|p1: Wolfhead69|Stealth Rock|[from] move: Defog|[of] p1a: Empoleon
|
|turn|12
|
|-activate|p1a: Empoleon|confusion
|-damage|p1a: Empoleon|351\/372|[from] confusion
|move|p2a: Umbreon|Curse|p2a: Umbreon
|-boost|p2a: Umbreon|atk|1
|-boost|p2a: Umbreon|def|1
|-unboost|p2a: Umbreon|spe|1
|
|-heal|p1a: Empoleon|372\/372|[from] item: Leftovers
|turn|13
|
|-activate|p1a: Empoleon|confusion
|move|p1a: Empoleon|Yawn|p2a: Umbreon
|-start|p2a: Umbreon|move: Yawn|[of] p1a: Empoleon
|move|p2a: Umbreon|Curse|p2a: Umbreon
|-boost|p2a: Umbreon|atk|1
|-boost|p2a: Umbreon|def|1
|-unboost|p2a: Umbreon|spe|1
|
|turn|14
|
|-end|p1a: Empoleon|confusion
|move|p1a: Empoleon|Stealth Rock|p2a: Umbreon
|-sidestart|p2: Scrubplayer|move: Stealth Rock
|move|p2a: Umbreon|Baton Pass|p2a: Umbreon
|
|switch|p2a: Hitmontop|Hitmontop, M|304\/304
|-damage|p2a: Hitmontop|285\/304|[from] Stealth Rock
|
|turn|15
|
|move|p2a: Hitmontop|Fake Out|p1a: Empoleon
|-resisted|p1a: Empoleon
|-damage|p1a: Empoleon|295\/372
|-damage|p2a: Hitmontop|255\/304|[from] item: Life Orb
|cant|p1a: Empoleon|flinch
|
|-heal|p1a: Empoleon|318\/372|[from] item: Leftovers
|turn|16
|
|move|p2a: Hitmontop|Mach Punch|p1a: Empoleon
|-supereffective|p1a: Empoleon
|-damage|p1a: Empoleon|0 fnt
|-damage|p2a: Hitmontop|225\/304|[from] item: Life Orb
|faint|p1a: Empoleon
|
|
|switch|p1a: Victini|Victini|341\/341
|turn|17
|
|move|p2a: Hitmontop|Sucker Punch|p1a: Victini
|-supereffective|p1a: Victini
|-damage|p1a: Victini|0 fnt
|-damage|p2a: Hitmontop|195\/304|[from] item: Life Orb
|faint|p1a: Victini
|
|
|switch|p1a: Aerodactyl|Aerodactyl, M|302\/302
|-ability|p1a: Aerodactyl|Pressure
|turn|18
|
|detailschange|p1a: Aerodactyl|Aerodactyl-Mega, M
|message|Aerodactyl has Mega Evolved into Mega Aerodactyl!
|move|p2a: Hitmontop|Bullet Punch|p1a: Aerodactyl
|-supereffective|p1a: Aerodactyl
|-damage|p1a: Aerodactyl|0 fnt
|-damage|p2a: Hitmontop|165\/304|[from] item: Life Orb
|faint|p1a: Aerodactyl
|
|
|switch|p1a: Raikou|Raikou|282\/322
|-ability|p1a: Raikou|Pressure
|turn|19
|
|move|p2a: Hitmontop|Mach Punch|p1a: Raikou
|-damage|p1a: Raikou|0 fnt
|-damage|p2a: Hitmontop|135\/304|[from] item: Life Orb
|faint|p1a: Raikou
|
|
|switch|p1a: Lucario|Lucario, M|246\/282
|turn|20
|
|move|p2a: Hitmontop|Mach Punch|p1a: Lucario
|-supereffective|p1a: Lucario
|-damage|p1a: Lucario|0 fnt
|-damage|p2a: Hitmontop|105\/304|[from] item: Life Orb
|faint|p1a: Lucario
|
|win|Scrubplayer
|raw|Ladder updating...