|join|asdlkf
|join|Wolfhead69
|player|p1|asdlkf|171
|player|p2|Wolfhead69|265
|gametype|singles
|gen|6
|tier|UU
|rated
|rule|Sleep Clause Mod: Limit one foe put to sleep
|rule|Species Clause: Limit one of each PokÃ©mon
|rule|OHKO Clause: OHKO moves are banned
|rule|Moody Clause: Moody is banned
|rule|Evasion Moves Clause: Evasion moves are banned
|rule|Endless Battle Clause: Forcing endless battles is banned
|rule|HP Percentage Mod: HP is shown in percentages
|clearpoke
|poke|p1|Roserade, F
|poke|p1|Krookodile, M
|poke|p1|Victini
|poke|p1|Lucario, M
|poke|p1|Blastoise, F
|poke|p1|Sableye, M
|poke|p2|Aerodactyl, M
|poke|p2|Hydreigon, F
|poke|p2|Raikou
|poke|p2|Victini
|poke|p2|Lucario, M
|poke|p2|Empoleon, F
|rule|Swagger Clause: Swagger is banned
|rule|Baton Pass Clause: Limit one PokÃ©mon knowing Baton Pass
|teampreview
|
|start
|switch|p1a: Krookodile|Krookodile, M|394\/394
|switch|p2a: Empoleon|Empoleon, F|372\/372
|-ability|p1a: Krookodile|Intimidate|[of] p2a: Empoleon
|-unboost|p2a: Empoleon|atk|1
|turn|1
|
|move|p1a: Krookodile|Earthquake|p2a: Empoleon
|-supereffective|p2a: Empoleon
|-damage|p2a: Empoleon|150\/372
|move|p2a: Empoleon|Scald|p1a: Krookodile
|-supereffective|p1a: Krookodile
|-damage|p1a: Krookodile|140\/394
|
|-heal|p1a: Krookodile|164\/394|[from] item: Leftovers
|-heal|p2a: Empoleon|173\/372|[from] item: Leftovers
|turn|2
|
|switch|p2a: Hydreigon|Hydreigon, F|326\/326
|move|p1a: Krookodile|Stealth Rock|p2a: Hydreigon
|-sidestart|p2: Wolfhead69|move: Stealth Rock
|
|-heal|p1a: Krookodile|188\/394|[from] item: Leftovers
|turn|3
|
|move|p2a: Hydreigon|Draco Meteor|p1a: Krookodile|[miss]
|-miss|p2a: Hydreigon|p1a: Krookodile
|move|p1a: Krookodile|Knock Off|p2a: Hydreigon
|-resisted|p2a: Hydreigon
|-damage|p2a: Hydreigon|251\/326
|-enditem|p2a: Hydreigon|Life Orb|[from] move: Knock Off|[of] p1a: Krookodile
|
|-heal|p1a: Krookodile|212\/394|[from] item: Leftovers
|turn|4
|
|switch|p1a: Sableye|Sableye, M|304\/304
|move|p2a: Hydreigon|Draco Meteor|p1a: Sableye
|-damage|p1a: Sableye|78\/304
|-unboost|p2a: Hydreigon|spa|2
|
|-heal|p1a: Sableye|97\/304|[from] item: Leftovers
|turn|5
|
|switch|p2a: Empoleon|Empoleon, F|173\/372
|-damage|p2a: Empoleon|150\/372|[from] Stealth Rock
|move|p1a: Sableye|Recover|p1a: Sableye
|-heal|p1a: Sableye|249\/304
|
|-heal|p2a: Empoleon|173\/372|[from] item: Leftovers
|-heal|p1a: Sableye|268\/304|[from] item: Leftovers
|turn|6
|
|move|p1a: Sableye|Taunt|p2a: Empoleon
|-start|p2a: Empoleon|move: Taunt
|move|p2a: Empoleon|Scald|p1a: Sableye
|-damage|p1a: Sableye|171\/304
|-status|p1a: Sableye|brn
|
|-heal|p2a: Empoleon|196\/372|[from] item: Leftovers
|-heal|p1a: Sableye|190\/304 brn|[from] item: Leftovers
|-damage|p1a: Sableye|152\/304 brn|[from] brn
|turn|7
|
|move|p1a: Sableye|Will-O-Wisp|p2a: Empoleon
|-status|p2a: Empoleon|brn
|move|p2a: Empoleon|Scald|p1a: Sableye
|-damage|p1a: Sableye|46\/304 brn
|
|-heal|p2a: Empoleon|219\/372 brn|[from] item: Leftovers
|-heal|p1a: Sableye|65\/304 brn|[from] item: Leftovers
|-damage|p2a: Empoleon|173\/372 brn|[from] brn
|-damage|p1a: Sableye|27\/304 brn|[from] brn
|turn|8
|
|move|p1a: Sableye|Recover|p1a: Sableye
|-heal|p1a: Sableye|179\/304 brn
|move|p2a: Empoleon|Scald|p1a: Sableye
|-damage|p1a: Sableye|71\/304 brn
|
|-heal|p2a: Empoleon|196\/372 brn|[from] item: Leftovers
|-heal|p1a: Sableye|90\/304 brn|[from] item: Leftovers
|-damage|p2a: Empoleon|150\/372 brn|[from] brn
|-damage|p1a: Sableye|52\/304 brn|[from] brn
|-end|p2a: Empoleon|move: Taunt
|turn|9
|
|move|p1a: Sableye|Recover|p1a: Sableye
|-heal|p1a: Sableye|204\/304 brn
|move|p2a: Empoleon|Scald|p1a: Sableye
|-damage|p1a: Sableye|107\/304 brn
|
|-heal|p2a: Empoleon|173\/372 brn|[from] item: Leftovers
|-heal|p1a: Sableye|126\/304 brn|[from] item: Leftovers
|-damage|p2a: Empoleon|127\/372 brn|[from] brn
|-damage|p1a: Sableye|88\/304 brn|[from] brn
|turn|10
|
|move|p1a: Sableye|Taunt|p2a: Empoleon
|-start|p2a: Empoleon|move: Taunt
|cant|p2a: Empoleon|move: Taunt|Defog
|
|-heal|p2a: Empoleon|150\/372 brn|[from] item: Leftovers
|-heal|p1a: Sableye|107\/304 brn|[from] item: Leftovers
|-damage|p2a: Empoleon|104\/372 brn|[from] brn
|-damage|p1a: Sableye|69\/304 brn|[from] brn
|turn|11
|
|switch|p2a: Hydreigon|Hydreigon, F|251\/326
|-damage|p2a: Hydreigon|211\/326|[from] Stealth Rock
|switch|p1a: Roserade|Roserade, F|261\/261
|
|turn|12
|
|switch|p1a: Sableye|Sableye, M|69\/304 brn
|move|p2a: Hydreigon|Fire Blast|p1a: Sableye
|-damage|p1a: Sableye|0 fnt
|faint|p1a: Sableye
|
|
|switch|p1a: Victini|Victini|341\/341
|turn|13
|
|move|p1a: Victini|U-turn|p2a: Hydreigon
|-supereffective|p2a: Hydreigon
|-damage|p2a: Hydreigon|0 fnt
|faint|p2a: Hydreigon
|
|switch|p1a: Roserade|Roserade, F|261\/261
|
|
|switch|p2a: Aerodactyl|Aerodactyl, M|302\/302
|-damage|p2a: Aerodactyl|227\/302|[from] Stealth Rock
|-ability|p2a: Aerodactyl|Pressure
|turn|14
|
|detailschange|p2a: Aerodactyl|Aerodactyl-Mega, M
|message|Aerodactyl has Mega Evolved into Mega Aerodactyl!
|move|p2a: Aerodactyl|Aerial Ace|p1a: Roserade
|-supereffective|p1a: Roserade
|-damage|p1a: Roserade|0 fnt
|faint|p1a: Roserade
|
|
|switch|p1a: Blastoise|Blastoise, F|326\/326
|turn|15
|
|switch|p2a: Empoleon|Empoleon, F|104\/372 brn
|-damage|p2a: Empoleon|81\/372 brn|[from] Stealth Rock
|detailschange|p1a: Blastoise|Blastoise-Mega, F
|message|Blastoise has Mega Evolved into Mega Blastoise!
|move|p1a: Blastoise|Dark Pulse|p2a: Empoleon
|-damage|p2a: Empoleon|0 fnt
|faint|p2a: Empoleon
|
|
|switch|p2a: Raikou|Raikou|322\/322
|-damage|p2a: Raikou|282\/322|[from] Stealth Rock
|-ability|p2a: Raikou|Pressure
|turn|16
|
|move|p2a: Raikou|Hidden Power|p1a: Blastoise
|-resisted|p1a: Blastoise
|-damage|p1a: Blastoise|283\/326
|move|p1a: Blastoise|Dragon Pulse|p2a: Raikou
|-damage|p2a: Raikou|125\/322
|
|turn|17
|
|switch|p2a: Lucario|Lucario, M|282\/282
|-damage|p2a: Lucario|274\/282|[from] Stealth Rock
|move|p1a: Blastoise|Hydro Pump|p2a: Lucario
|-damage|p2a: Lucario|0 fnt
|faint|p2a: Lucario
|
|
|switch|p2a: Raikou|Raikou|125\/322
|-damage|p2a: Raikou|85\/322|[from] Stealth Rock
|-ability|p2a: Raikou|Pressure
|turn|18
|
|switch|p1a: Lucario|Lucario, M|281\/281
|move|p2a: Raikou|Hidden Power|p1a: Lucario
|-resisted|p1a: Lucario
|-damage|p1a: Lucario|212\/281
|
|turn|19
|
|switch|p2a: Aerodactyl|Aerodactyl-Mega, M|227\/302
|-damage|p2a: Aerodactyl|152\/302|[from] Stealth Rock
|move|p1a: Lucario|Flash Cannon|p2a: Aerodactyl
|-supereffective|p2a: Aerodactyl
|-damage|p2a: Aerodactyl|0 fnt
|-damage|p1a: Lucario|184\/281|[from] item: Life Orb
|faint|p2a: Aerodactyl
|
|
|switch|p2a: Victini|Victini|341\/341
|-damage|p2a: Victini|256\/341|[from] Stealth Rock
|turn|20
|
|switch|p1a: Victini|Victini|341\/341
|move|p2a: Victini|V-create|p1a: Victini
|-resisted|p1a: Victini
|-damage|p1a: Victini|131\/341
|-unboost|p2a: Victini|def|1
|-unboost|p2a: Victini|spd|1
|-unboost|p2a: Victini|spe|1
|
|turn|21
|
|move|p1a: Victini|V-create|p2a: Victini
|-resisted|p2a: Victini
|-damage|p2a: Victini|0 fnt
|-unboost|p1a: Victini|def|1
|-unboost|p1a: Victini|spd|1
|-unboost|p1a: Victini|spe|1
|faint|p2a: Victini
|
|c|âasdlkf|gg
|
|switch|p2a: Raikou|Raikou|85\/322
|-damage|p2a: Raikou|45\/322|[from] Stealth Rock
|-ability|p2a: Raikou|Pressure
|turn|22
|
|move|p2a: Raikou|Shadow Ball|p1a: Victini
|-supereffective|p1a: Victini
|-damage|p1a: Victini|0 fnt
|faint|p1a: Victini
|
|
|switch|p1a: Krookodile|Krookodile, M|212\/394
|-ability|p1a: Krookodile|Intimidate|[of] p2a: Raikou
|-unboost|p2a: Raikou|atk|1
|turn|23
|-message|Wolfhead69 forfeited.
|
|win|asdlkf
|raw|Ladder updating...
|leave|Wolfhead69
|player|p2
|raw|asdlkf's rating: 1715 &rarr; <strong>1736<\/strong><br \/>(+21 for winning)
|raw|Wolfhead69's rating: 1728 &rarr; <strong>1707<\/strong><br \/>(-21 for losing)
|player|p1|Dudeman130498|171
|player|p1|asdlkf|171
|player|p1|Dudeman130498|171
|join|LT1A runy12222
|leave|LT1A runy12222
|join|Mareep Sweep
|leave|Mareep Sweep