|join|captain fuccboi420
|join|Wolfhead69
|player|p1|captain fuccboi420|102
|player|p2|Wolfhead69|1
|gametype|singles
|gen|6
|tier|UU
|rated
|rule|Sleep Clause Mod: Limit one foe put to sleep
|rule|Species Clause: Limit one of each PokÃ©mon
|rule|OHKO Clause: OHKO moves are banned
|rule|Moody Clause: Moody is banned
|rule|Evasion Moves Clause: Evasion moves are banned
|rule|Endless Battle Clause: Forcing endless battles is banned
|rule|HP Percentage Mod: HP is shown in percentages
|clearpoke
|poke|p1|Swampert, F
|poke|p1|Celebi
|poke|p1|Entei, shiny
|poke|p1|Forretress, F
|poke|p1|Mienshao, M
|poke|p1|Hydreigon, M
|poke|p2|Galvantula, F
|poke|p2|Empoleon, M
|poke|p2|Lucario, F
|poke|p2|Aerodactyl, M
|poke|p2|Donphan, F
|poke|p2|Chandelure, M
|rule|Swagger Clause: Swagger is banned
|rule|Baton Pass Clause: Limit one PokÃ©mon knowing Baton Pass
|teampreview
|
|start
|switch|p1a: Hydreigon|Hydreigon, M|325\/325
|switch|p2a: Galvantula|Galvantula, F|282\/282
|turn|1
|
|move|p1a: Hydreigon|Dark Pulse|p2a: Galvantula
|-damage|p2a: Galvantula|57\/282
|move|p2a: Galvantula|Sticky Web|p1a: Hydreigon
|-sidestart|p1: captain fuccboi420|move: Sticky Web
|
|turn|2
|
|switch|p1a: Swampert|Swampert, F|404\/404
|-activate|p1a: Swampert|move: Sticky Web
|-unboost|p1a: Swampert|spe|1
|switch|p2a: Lucario|Lucario, F|282\/282
|
|turn|3
|
|switch|p2a: Empoleon|Empoleon, M|372\/372
|move|p1a: Swampert|Stealth Rock|p2a: Empoleon
|-sidestart|p2: Wolfhead69|move: Stealth Rock
|
|turn|4
|
|move|p2a: Empoleon|Scald|p1a: Swampert
|-damage|p1a: Swampert|326\/404
|move|p1a: Swampert|Earthquake|p2a: Empoleon
|-supereffective|p2a: Empoleon
|-damage|p2a: Empoleon|166\/372
|
|-heal|p2a: Empoleon|189\/372|[from] item: Leftovers
|-heal|p1a: Swampert|351\/404|[from] item: Leftovers
|turn|5
|
|move|p2a: Empoleon|Stealth Rock|p1a: Swampert
|-sidestart|p1: captain fuccboi420|move: Stealth Rock
|move|p1a: Swampert|Earthquake|p2a: Empoleon
|-supereffective|p2a: Empoleon
|-damage|p2a: Empoleon|0 fnt
|faint|p2a: Empoleon
|
|-heal|p1a: Swampert|376\/404|[from] item: Leftovers
|
|switch|p2a: Chandelure|Chandelure, M|262\/262
|-damage|p2a: Chandelure|197\/262|[from] Stealth Rock
|turn|6
|
|switch|p2a: Donphan|Donphan, F|384\/384
|-damage|p2a: Donphan|360\/384|[from] Stealth Rock
|switch|p1a: Hydreigon|Hydreigon, M|325\/325
|-damage|p1a: Hydreigon|285\/325|[from] Stealth Rock
|
|-heal|p2a: Donphan|384\/384|[from] item: Leftovers
|turn|7
|
|move|p1a: Hydreigon|Draco Meteor|p2a: Donphan
|-damage|p2a: Donphan|27\/384
|-unboost|p1a: Hydreigon|spa|2
|move|p2a: Donphan|Rapid Spin|p1a: Hydreigon
|-damage|p1a: Hydreigon|257\/325
|-sideend|p2: Wolfhead69|Stealth Rock|[from] move: Rapid Spin|[of] p2a: Donphan
|
|-heal|p2a: Donphan|51\/384|[from] item: Leftovers
|turn|8
|
|switch|p1a: Mienshao|Mienshao, M|271\/271
|-activate|p1a: Mienshao|move: Sticky Web
|-unboost|p1a: Mienshao|spe|1
|-damage|p1a: Mienshao|255\/271|[from] Stealth Rock
|move|p2a: Donphan|Knock Off|p1a: Mienshao
|-resisted|p1a: Mienshao
|-damage|p1a: Mienshao|172\/271
|-enditem|p1a: Mienshao|Life Orb|[from] move: Knock Off|[of] p2a: Donphan
|
|-heal|p2a: Donphan|75\/384|[from] item: Leftovers
|turn|9
|
|move|p2a: Donphan|Ice Shard|p1a: Mienshao
|-damage|p1a: Mienshao|102\/271
|move|p1a: Mienshao|Knock Off|p2a: Donphan
|-damage|p2a: Donphan|0 fnt
|-enditem|p2a: Donphan|Leftovers|[from] move: Knock Off|[of] p1a: Mienshao
|faint|p2a: Donphan
|
|
|switch|p2a: Galvantula|Galvantula, F|57\/282
|turn|10
|
|move|p2a: Galvantula|Thunder|p1a: Mienshao
|-damage|p1a: Mienshao|0 fnt
|faint|p1a: Mienshao
|
|
|switch|p1a: Hydreigon|Hydreigon, M|257\/325
|-damage|p1a: Hydreigon|217\/325|[from] Stealth Rock
|turn|11
|
|move|p1a: Hydreigon|U-turn|p2a: Galvantula
|-damage|p2a: Galvantula|0 fnt
|faint|p2a: Galvantula
|
|switch|p1a: Forretress|Forretress, F|354\/354
|-damage|p1a: Forretress|310\/354|[from] Stealth Rock
|-activate|p1a: Forretress|move: Sticky Web
|-unboost|p1a: Forretress|spe|1
|
|-heal|p1a: Forretress|332\/354|[from] item: Leftovers
|
|switch|p2a: Chandelure|Chandelure, M|197\/262
|turn|12
|
|move|p2a: Chandelure|Shadow Ball|p1a: Forretress
|-damage|p1a: Forretress|112\/354
|move|p1a: Forretress|Volt Switch|p2a: Chandelure
|-damage|p2a: Chandelure|158\/262
|
|switch|p1a: Swampert|Swampert, F|376\/404
|-activate|p1a: Swampert|move: Sticky Web
|-unboost|p1a: Swampert|spe|1
|-damage|p1a: Swampert|351\/404|[from] Stealth Rock
|
|-heal|p1a: Swampert|376\/404|[from] item: Leftovers
|turn|13
|
|move|p2a: Chandelure|Shadow Ball|p1a: Swampert
|-damage|p1a: Swampert|255\/404
|move|p1a: Swampert|Scald|p2a: Chandelure
|-crit|p2a: Chandelure
|-supereffective|p2a: Chandelure
|-damage|p2a: Chandelure|0 fnt
|faint|p2a: Chandelure
|
|-heal|p1a: Swampert|280\/404|[from] item: Leftovers
|
|switch|p2a: Lucario|Lucario, F|282\/282
|turn|14
|
|move|p2a: Lucario|Close Combat|p1a: Swampert
|-damage|p1a: Swampert|0 fnt
|-unboost|p2a: Lucario|def|1
|-unboost|p2a: Lucario|spd|1
|-damage|p2a: Lucario|254\/282|[from] item: Life Orb
|faint|p1a: Swampert
|
|
|switch|p1a: Celebi|Celebi|404\/404
|-damage|p1a: Celebi|354\/404|[from] Stealth Rock
|-activate|p1a: Celebi|move: Sticky Web
|-unboost|p1a: Celebi|spe|1
|turn|15
|
|move|p2a: Lucario|Crunch|p1a: Celebi
|-supereffective|p1a: Celebi
|-damage|p1a: Celebi|104\/404
|-unboost|p1a: Celebi|def|1
|-damage|p2a: Lucario|226\/282|[from] item: Life Orb
|move|p1a: Celebi|Psychic|p2a: Lucario
|-damage|p2a: Lucario|27\/282
|
|-heal|p1a: Celebi|129\/404|[from] item: Leftovers
|turn|16
|
|move|p2a: Lucario|Extreme Speed|p1a: Celebi
|-damage|p1a: Celebi|0 fnt
|-damage|p2a: Lucario|0 fnt|[from] item: Life Orb
|faint|p1a: Celebi
|faint|p2a: Lucario
|
|
|switch|p2a: Aerodactyl|Aerodactyl, M|302\/302
|switch|p1a: Entei|Entei, shiny|372\/372
|-ability|p2a: Aerodactyl|Unnerve|p1: captain fuccboi420
|-damage|p1a: Entei|279\/372|[from] Stealth Rock
|-activate|p1a: Entei|move: Sticky Web
|-unboost|p1a: Entei|spe|1
|-ability|p1a: Entei|Pressure
|turn|17
|
|detailschange|p2a: Aerodactyl|Aerodactyl-Mega, M
|-mega|p2a: Aerodactyl|Aerodactyl|Aerodactylite
|move|p1a: Entei|Extreme Speed|p2a: Aerodactyl
|-resisted|p2a: Aerodactyl
|-damage|p2a: Aerodactyl|208\/302
|move|p2a: Aerodactyl|Stone Edge|p1a: Entei
|-supereffective|p1a: Entei
|-damage|p1a: Entei|0 fnt
|faint|p1a: Entei
|
|
|switch|p1a: Hydreigon|Hydreigon, M|217\/325
|-damage|p1a: Hydreigon|177\/325|[from] Stealth Rock
|turn|18
|
|move|p1a: Hydreigon|Draco Meteor|p2a: Aerodactyl
|-damage|p2a: Aerodactyl|0 fnt
|-unboost|p1a: Hydreigon|spa|2
|faint|p2a: Aerodactyl
|
|win|captain fuccboi420
|raw|Ladder updating...
|c|âcaptain fuccboi420|gg
|leave|Wolfhead69
|raw|captain fuccboi420's rating: 1713 &rarr; <strong>1727<\/strong><br \/>(+14 for winning)
|raw|Wolfhead69's rating: 1604 &rarr; <strong>1590<\/strong><br \/>(-14 for losing)