|join|Wolfhead69
|join|some weird shit
|player|p1|Wolfhead69|170
|player|p2|some weird shit|171
|gametype|singles
|gen|6
|tier|UU
|rated
|rule|Sleep Clause Mod: Limit one foe put to sleep
|rule|Species Clause: Limit one of each PokÃ©mon
|rule|OHKO Clause: OHKO moves are banned
|rule|Moody Clause: Moody is banned
|rule|Evasion Moves Clause: Evasion moves are banned
|rule|Endless Battle Clause: Forcing endless battles is banned
|rule|HP Percentage Mod: HP is shown in percentages
|clearpoke
|poke|p1|Aerodactyl, M
|poke|p1|Raikou
|poke|p1|Lucario, M
|poke|p1|Empoleon, F
|poke|p1|Chandelure, M
|poke|p1|Crobat, M
|poke|p2|Feraligatr, M
|poke|p2|Jirachi, shiny
|poke|p2|Blastoise, F
|poke|p2|Krookodile, M
|poke|p2|Goodra, M
|poke|p2|Mienshao, F
|rule|Swagger Clause: Swagger is banned
|rule|Baton Pass Clause: Limit one PokÃ©mon knowing Baton Pass
|teampreview
|
|start
|switch|p1a: Empoleon|Empoleon, F|372\/372
|switch|p2a: Krookodile|Krookodile, M|394\/394
|-ability|p2a: Krookodile|Intimidate|[of] p1a: Empoleon
|-unboost|p1a: Empoleon|atk|1
|turn|1
|
|move|p2a: Krookodile|Knock Off|p1a: Empoleon
|-damage|p1a: Empoleon|258\/372
|-enditem|p1a: Empoleon|Leftovers|[from] move: Knock Off|[of] p2a: Krookodile
|move|p1a: Empoleon|Scald|p2a: Krookodile
|-supereffective|p2a: Krookodile
|-damage|p2a: Krookodile|128\/394
|
|-heal|p2a: Krookodile|152\/394|[from] item: Leftovers
|turn|2
|
|move|p2a: Krookodile|Stealth Rock|p1a: Empoleon
|-sidestart|p1: Wolfhead69|move: Stealth Rock
|move|p1a: Empoleon|Scald|p2a: Krookodile
|-supereffective|p2a: Krookodile
|-damage|p2a: Krookodile|0 fnt
|faint|p2a: Krookodile
|
|
|switch|p2a: Goodra|Goodra, M|352\/352
|turn|3
|
|switch|p1a: Raikou|Raikou|322\/322
|-damage|p1a: Raikou|282\/322|[from] Stealth Rock
|-ability|p1a: Raikou|Pressure
|move|p2a: Goodra|Earthquake|p1a: Raikou
|-supereffective|p1a: Raikou
|-damage|p1a: Raikou|0 fnt
|faint|p1a: Raikou
|
|
|switch|p1a: Crobat|Crobat, M|312\/312
|-damage|p1a: Crobat|234\/312|[from] Stealth Rock
|turn|4
|
|switch|p2a: Jirachi|Jirachi, shiny|341\/341
|move|p1a: Crobat|Defog|p2a: Jirachi
|-unboost|p2a: Jirachi|evasion|1
|-sideend|p1: Wolfhead69|Stealth Rock|[from] move: Defog|[of] p1a: Crobat
|
|-heal|p1a: Crobat|253\/312|[from] item: Black Sludge
|turn|5
|
|move|p1a: Crobat|U-turn|p2a: Jirachi
|-damage|p2a: Jirachi|274\/341
|
|switch|p1a: Empoleon|Empoleon, F|258\/372
|move|p2a: Jirachi|Calm Mind|p2a: Jirachi
|-boost|p2a: Jirachi|spa|1
|-boost|p2a: Jirachi|spd|1
|
|-heal|p2a: Jirachi|295\/341|[from] item: Leftovers
|turn|6
|
|move|p2a: Jirachi|Moonblast|p1a: Empoleon
|-resisted|p1a: Empoleon
|-damage|p1a: Empoleon|187\/372
|-unboost|p1a: Empoleon|spa|1
|move|p1a: Empoleon|Yawn|p2a: Jirachi
|-start|p2a: Jirachi|move: Yawn|[of] p1a: Empoleon
|
|-heal|p2a: Jirachi|316\/341|[from] item: Leftovers
|turn|7
|
|switch|p2a: Blastoise|Blastoise, F|324\/324
|move|p1a: Empoleon|Stealth Rock|p2a: Blastoise
|-sidestart|p2: some weird shit|move: Stealth Rock
|
|turn|8
|
|detailschange|p2a: Blastoise|Blastoise-Mega, F
|message|Blastoise has Mega Evolved into Mega Blastoise!
|move|p2a: Blastoise|Dark Pulse|p1a: Empoleon
|-damage|p1a: Empoleon|17\/372
|move|p1a: Empoleon|Yawn|p2a: Blastoise
|-start|p2a: Blastoise|move: Yawn|[of] p1a: Empoleon
|
|turn|9
|
|move|p2a: Blastoise|Rapid Spin|p1a: Empoleon
|-resisted|p1a: Empoleon
|-damage|p1a: Empoleon|11\/372
|-sideend|p2: some weird shit|Stealth Rock|[from] move: Rapid Spin|[of] p2a: Blastoise
|move|p1a: Empoleon|Scald|p2a: Blastoise
|-resisted|p2a: Blastoise
|-damage|p2a: Blastoise|276\/324
|
|-status|p2a: Blastoise|slp
|turn|10
|
|switch|p1a: Lucario|Lucario, M|282\/282
|cant|p2a: Blastoise|slp
|
|turn|11
|
|move|p1a: Lucario|Swords Dance|p1a: Lucario
|-boost|p1a: Lucario|atk|2
|cant|p2a: Blastoise|slp
|
|turn|12
|
|move|p1a: Lucario|Close Combat|p2a: Blastoise
|-damage|p2a: Blastoise|0 fnt
|-unboost|p1a: Lucario|def|1
|-unboost|p1a: Lucario|spd|1
|-damage|p1a: Lucario|254\/282|[from] item: Life Orb
|faint|p2a: Blastoise
|
|
|switch|p2a: Jirachi|Jirachi, shiny|316\/341
|turn|13
|
|move|p2a: Jirachi|Substitute|p2a: Jirachi
|-start|p2a: Jirachi|Substitute
|-damage|p2a: Jirachi|231\/341
|move|p1a: Lucario|Crunch|p2a: Jirachi
|-supereffective|p2a: Jirachi
|-end|p2a: Jirachi|Substitute
|-damage|p1a: Lucario|226\/282|[from] item: Life Orb
|
|-heal|p2a: Jirachi|252\/341|[from] item: Leftovers
|turn|14
|
|switch|p1a: Chandelure|Chandelure, M|261\/261
|move|p2a: Jirachi|Psyshock|p1a: Chandelure
|-damage|p1a: Chandelure|125\/261
|
|-heal|p2a: Jirachi|273\/341|[from] item: Leftovers
|turn|15
|
|switch|p2a: Goodra|Goodra, M|352\/352
|move|p1a: Chandelure|Shadow Ball|p2a: Goodra
|-crit|p2a: Goodra
|-damage|p2a: Goodra|202\/352
|
|turn|16
|
|switch|p1a: Crobat|Crobat, M|253\/312
|move|p2a: Goodra|Outrage|p1a: Crobat
|-damage|p1a: Crobat|0 fnt
|faint|p1a: Crobat
|
|
|switch|p1a: Lucario|Lucario, M|226\/282
|turn|17
|
|move|p1a: Lucario|Close Combat|p2a: Goodra
|-damage|p2a: Goodra|0 fnt
|-unboost|p1a: Lucario|def|1
|-unboost|p1a: Lucario|spd|1
|-damage|p1a: Lucario|198\/282|[from] item: Life Orb
|faint|p2a: Goodra
|
|
|switch|p2a: Jirachi|Jirachi, shiny|273\/341
|turn|18
|
|switch|p1a: Chandelure|Chandelure, M|125\/261
|move|p2a: Jirachi|Psyshock|p1a: Chandelure
|-damage|p1a: Chandelure|0 fnt
|faint|p1a: Chandelure
|
|-heal|p2a: Jirachi|294\/341|[from] item: Leftovers
|
|switch|p1a: Aerodactyl|Aerodactyl, M|302\/302
|-ability|p1a: Aerodactyl|Pressure
|turn|19
|
|detailschange|p1a: Aerodactyl|Aerodactyl-Mega, M
|message|Aerodactyl has Mega Evolved into Mega Aerodactyl!
|move|p1a: Aerodactyl|Earthquake|p2a: Jirachi
|-supereffective|p2a: Jirachi
|-damage|p2a: Jirachi|36\/341
|move|p2a: Jirachi|Psyshock|p1a: Aerodactyl
|-crit|p1a: Aerodactyl
|-damage|p1a: Aerodactyl|89\/302
|
|-heal|p2a: Jirachi|57\/341|[from] item: Leftovers
|turn|20
|
|move|p1a: Aerodactyl|Earthquake|p2a: Jirachi
|-supereffective|p2a: Jirachi
|-damage|p2a: Jirachi|0 fnt
|faint|p2a: Jirachi
|
|
|switch|p2a: Feraligatr|Feraligatr, M|344\/344
|turn|21
|
|switch|p1a: Empoleon|Empoleon, F|11\/372
|move|p2a: Feraligatr|Aqua Jet|p1a: Empoleon
|-resisted|p1a: Empoleon
|-damage|p1a: Empoleon|0 fnt
|faint|p1a: Empoleon
|
|
|switch|p1a: Lucario|Lucario, M|198\/282
|turn|22
|
|move|p1a: Lucario|Close Combat|p2a: Feraligatr
|-damage|p2a: Feraligatr|114\/344
|-unboost|p1a: Lucario|def|1
|-unboost|p1a: Lucario|spd|1
|-damage|p1a: Lucario|170\/282|[from] item: Life Orb
|move|p2a: Feraligatr|Waterfall|p1a: Lucario
|-damage|p1a: Lucario|0 fnt
|faint|p1a: Lucario
|
|c|âsome weird shit|gg
|c|âWolfhead69|gg
|-message|Wolfhead69 forfeited.
|
|win|some weird shit
|raw|Ladder updating...
|leave|Wolfhead69
|player|p1
|raw|Wolfhead69's rating: 1614 &rarr; <strong>1597<\/strong><br \/>(-17 for losing)
|raw|some weird shit's rating: 1667 &rarr; <strong>1684<\/strong><br \/>(+17 for winning)