|join|Pleasure Kitten
|join|Wolfhead69
|player|p1|Pleasure Kitten|39
|player|p2|Wolfhead69|266
|gametype|singles
|gen|6
|tier|UU
|rated
|rule|Sleep Clause Mod: Limit one foe put to sleep
|rule|Species Clause: Limit one of each PokÃ©mon
|rule|OHKO Clause: OHKO moves are banned
|rule|Moody Clause: Moody is banned
|rule|Evasion Moves Clause: Evasion moves are banned
|rule|Endless Battle Clause: Forcing endless battles is banned
|rule|HP Percentage Mod: HP is shown in percentages
|clearpoke
|poke|p1|Doublade, F
|poke|p1|Jirachi, shiny
|poke|p1|Blastoise, F
|poke|p1|Krookodile, M
|poke|p1|Goodra, F
|poke|p1|Hydreigon, M
|poke|p2|Aerodactyl, M
|poke|p2|Raikou
|poke|p2|Lucario, M
|poke|p2|Empoleon, M
|poke|p2|Chandelure, F
|poke|p2|Crobat, M
|rule|Swagger Clause: Swagger is banned
|rule|Baton Pass Clause: Limit one PokÃ©mon knowing Baton Pass
|teampreview
|c|âPleasure Kitten|sorry I afked on ya last time
|join|BenzMafia
|c|âWolfhead69|no prob
|
|start
|switch|p1a: Krookodile|Krookodile, M|394\/394
|switch|p2a: Empoleon|Empoleon, M|372\/372
|-ability|p1a: Krookodile|Intimidate|[of] p2a: Empoleon
|-unboost|p2a: Empoleon|atk|1
|turn|1
|
|move|p1a: Krookodile|Earthquake|p2a: Empoleon
|-supereffective|p2a: Empoleon
|-damage|p2a: Empoleon|88\/372
|move|p2a: Empoleon|Scald|p1a: Krookodile
|-supereffective|p1a: Krookodile
|-damage|p1a: Krookodile|0 fnt
|faint|p1a: Krookodile
|
|-heal|p2a: Empoleon|111\/372|[from] item: Leftovers
|
|switch|p1a: Hydreigon|Hydreigon, M|325\/325
|turn|2
|
|switch|p2a: Crobat|Crobat, M|312\/312
|move|p1a: Hydreigon|Dark Pulse|p2a: Crobat
|-damage|p2a: Crobat|135\/312
|
|-heal|p2a: Crobat|154\/312|[from] item: Black Sludge
|turn|3
|
|switch|p1a: Doublade|Doublade, F|322\/322
|switch|p2a: Lucario|Lucario, M|282\/282
|
|turn|4
|
|move|p2a: Lucario|Crunch|p1a: Doublade
|-supereffective|p1a: Doublade
|-damage|p1a: Doublade|213\/322
|-damage|p2a: Lucario|254\/282|[from] item: Life Orb
|move|p1a: Doublade|Sacred Sword|p2a: Lucario
|-supereffective|p2a: Lucario
|-damage|p2a: Lucario|0 fnt
|faint|p2a: Lucario
|
|
|switch|p2a: Chandelure|Chandelure, F|262\/262
|turn|5
|
|switch|p1a: Hydreigon|Hydreigon, M|325\/325
|move|p2a: Chandelure|Shadow Ball|p1a: Hydreigon
|-resisted|p1a: Hydreigon
|-damage|p1a: Hydreigon|226\/325
|
|turn|6
|
|switch|p2a: Raikou|Raikou|322\/322
|-ability|p2a: Raikou|Pressure
|move|p1a: Hydreigon|Dark Pulse|p2a: Raikou
|-damage|p2a: Raikou|187\/322
|
|turn|7
|
|switch|p1a: Doublade|Doublade, F|213\/322
|move|p2a: Raikou|Hidden Power|p1a: Doublade
|-resisted|p1a: Doublade
|-damage|p1a: Doublade|158\/322
|
|turn|8
|
|switch|p2a: Empoleon|Empoleon, M|111\/372
|move|p1a: Doublade|Swords Dance|p1a: Doublade
|-boost|p1a: Doublade|atk|2
|
|-heal|p2a: Empoleon|134\/372|[from] item: Leftovers
|turn|9
|
|move|p1a: Doublade|Shadow Sneak|p2a: Empoleon
|-damage|p2a: Empoleon|20\/372
|move|p2a: Empoleon|Scald|p1a: Doublade
|-damage|p1a: Doublade|0 fnt
|faint|p1a: Doublade
|
|-heal|p2a: Empoleon|43\/372|[from] item: Leftovers
|
|switch|p1a: Blastoise|Blastoise, F|325\/325
|turn|10
|
|detailschange|p1a: Blastoise|Blastoise-Mega, F
|message|Blastoise has Mega Evolved into Mega Blastoise!
|move|p1a: Blastoise|Dragon Pulse|p2a: Empoleon
|-resisted|p2a: Empoleon
|-damage|p2a: Empoleon|0 fnt
|faint|p2a: Empoleon
|
|
|switch|p2a: Raikou|Raikou|187\/322
|-ability|p2a: Raikou|Pressure
|turn|11
|
|switch|p1a: Goodra|Goodra, F|384\/384
|move|p2a: Raikou|Volt Switch|p1a: Goodra
|-resisted|p1a: Goodra
|-damage|p1a: Goodra|319\/384
|
|switch|p2a: Crobat|Crobat, M|154\/312
|
|-heal|p2a: Crobat|173\/312|[from] item: Black Sludge
|turn|12
|
|move|p2a: Crobat|Brave Bird|p1a: Goodra
|-damage|p1a: Goodra|78\/384
|-damage|p2a: Crobat|93\/312|[from] recoil|[of] p1a: Goodra
|move|p1a: Goodra|Outrage|p2a: Crobat
|-damage|p2a: Crobat|0 fnt
|faint|p2a: Crobat
|
|
|switch|p2a: Aerodactyl|Aerodactyl, M|302\/302
|-ability|p2a: Aerodactyl|Pressure
|turn|13
|
|detailschange|p2a: Aerodactyl|Aerodactyl-Mega, M
|message|Aerodactyl has Mega Evolved into Mega Aerodactyl!
|move|p2a: Aerodactyl|Aerial Ace|p1a: Goodra
|-damage|p1a: Goodra|0 fnt
|faint|p1a: Goodra
|
|
|switch|p1a: Blastoise|Blastoise-Mega, F|325\/325
|turn|14
|
|switch|p2a: Raikou|Raikou|187\/322
|-ability|p2a: Raikou|Pressure
|move|p1a: Blastoise|Hydro Pump|p2a: Raikou
|-damage|p2a: Raikou|0 fnt
|faint|p2a: Raikou
|
|
|switch|p2a: Chandelure|Chandelure, F|262\/262
|turn|15
|join|cum encrusted sock
|
|switch|p1a: Jirachi|Jirachi, shiny|341\/341
|move|p2a: Chandelure|Shadow Ball|p1a: Jirachi
|-supereffective|p1a: Jirachi
|-damage|p1a: Jirachi|0 fnt
|faint|p1a: Jirachi
|
|
|switch|p1a: Hydreigon|Hydreigon, M|226\/325
|turn|16
|join|ohkod by vcreate
|
|move|p1a: Hydreigon|Dark Pulse|p2a: Chandelure
|-supereffective|p2a: Chandelure
|-damage|p2a: Chandelure|0 fnt
|faint|p2a: Chandelure
|
|
|switch|p2a: Aerodactyl|Aerodactyl-Mega, M|302\/302
|turn|17
|
|move|p1a: Hydreigon|Dark Pulse|p2a: Aerodactyl
|-damage|p2a: Aerodactyl|152\/302
|move|p2a: Aerodactyl|Hone Claws|p2a: Aerodactyl
|-boost|p2a: Aerodactyl|atk|1
|-boost|p2a: Aerodactyl|accuracy|1
|
|turn|18
|join|LT2A Bouff
|
|switch|p1a: Blastoise|Blastoise-Mega, F|325\/325
|move|p2a: Aerodactyl|Hone Claws|p2a: Aerodactyl
|-boost|p2a: Aerodactyl|atk|1
|-boost|p2a: Aerodactyl|accuracy|1
|
|turn|19
|c| LT2A Bouff|dont lose to this faget
|
|move|p2a: Aerodactyl|Stone Edge|p1a: Blastoise
|-damage|p1a: Blastoise|28\/325
|move|p1a: Blastoise|Dragon Pulse|p2a: Aerodactyl
|-damage|p2a: Aerodactyl|0 fnt
|faint|p2a: Aerodactyl
|
|win|Pleasure Kitten
|raw|Ladder updating...
|raw|Pleasure Kitten's rating: 1607 &rarr; <strong>1630<\/strong><br \/>(+23 for winning)
|raw|Wolfhead69's rating: 1657 &rarr; <strong>1634<\/strong><br \/>(-23 for losing)
|c| LT2A Bouff|destroyed
|c|âPleasure Kitten|i won't mastar
|leave|Pleasure Kitten
|player|p1
|leave|Wolfhead69
|player|p2
|leave|LT2A Bouff