|join|Wolfhead69
|join|I just want to...
|player|p1|Wolfhead69|265
|player|p2|I just want to...|3
|gametype|singles
|gen|6
|tier|UU
|rated
|rule|Sleep Clause Mod: Limit one foe put to sleep
|rule|Species Clause: Limit one of each PokÃ©mon
|rule|OHKO Clause: OHKO moves are banned
|rule|Moody Clause: Moody is banned
|rule|Evasion Moves Clause: Evasion moves are banned
|rule|Endless Battle Clause: Forcing endless battles is banned
|rule|HP Percentage Mod: HP is shown in percentages
|clearpoke
|poke|p1|Dugtrio, M
|poke|p1|Azelf
|poke|p1|Espeon, F
|poke|p1|Lucario, M
|poke|p1|Vaporeon, M
|poke|p1|Blastoise, M
|poke|p2|Yanmega, M
|poke|p2|Crobat, M
|poke|p2|Pidgeot, M
|poke|p2|Hippowdon, M
|poke|p2|Entei, shiny
|poke|p2|Jirachi
|rule|Swagger Clause: Swagger is banned
|rule|Baton Pass Clause: Limit one PokÃ©mon knowing Baton Pass
|teampreview
|
|start
|switch|p1a: Dugtrio|Dugtrio, M|212\/212
|switch|p2a: Crobat|Crobat, M|311\/311
|turn|1
|
|move|p2a: Crobat|Brave Bird|p1a: Dugtrio
|-enditem|p1a: Dugtrio|Focus Sash
|-damage|p1a: Dugtrio|1\/212
|-damage|p2a: Crobat|241\/311|[from] recoil|[of] p1a: Dugtrio
|move|p1a: Dugtrio|Stealth Rock|p2a: Crobat
|-sidestart|p2: I just want to...|move: Stealth Rock
|
|turn|2
|
|move|p2a: Crobat|Brave Bird|p1a: Dugtrio
|-crit|p1a: Dugtrio
|-damage|p1a: Dugtrio|0 fnt
|-damage|p2a: Crobat|240\/311|[from] recoil|[of] p1a: Dugtrio
|faint|p1a: Dugtrio
|
|
|switch|p1a: Vaporeon|Vaporeon, M|464\/464
|turn|3
|
|move|p2a: Crobat|Brave Bird|p1a: Vaporeon
|-damage|p1a: Vaporeon|100\/464
|-damage|p2a: Crobat|120\/311|[from] recoil|[of] p1a: Vaporeon
|move|p1a: Vaporeon|Acid Armor|p1a: Vaporeon
|-boost|p1a: Vaporeon|def|2
|
|-heal|p1a: Vaporeon|129\/464|[from] item: Leftovers
|turn|4
|c|âI just want to...|nice and birdspam. nice and OU strategy in UU
|
|switch|p1a: Blastoise|Blastoise, M|361\/361
|move|p2a: Crobat|Brave Bird|p1a: Blastoise
|-damage|p1a: Blastoise|108\/361
|-damage|p2a: Crobat|37\/311|[from] recoil|[of] p1a: Blastoise
|
|turn|5
|
|detailschange|p1a: Blastoise|Blastoise-Mega, M
|-mega|p1a: Blastoise|Blastoise|Blastoisinite
|move|p2a: Crobat|Brave Bird|p1a: Blastoise
|-damage|p1a: Blastoise|0 fnt
|-damage|p2a: Crobat|1\/311|[from] recoil|[of] p1a: Blastoise
|faint|p1a: Blastoise
|
|
|switch|p1a: Lucario|Lucario, M|282\/282
|turn|6
|
|switch|p2a: Hippowdon|Hippowdon, M|420\/420
|-damage|p2a: Hippowdon|394\/420|[from] Stealth Rock
|move|p1a: Lucario|Bullet Punch|p2a: Hippowdon
|-damage|p2a: Hippowdon|334\/420
|-damage|p1a: Lucario|254\/282|[from] item: Life Orb
|
|-heal|p2a: Hippowdon|360\/420|[from] item: Leftovers
|turn|7
|
|switch|p1a: Azelf|Azelf|354\/354
|move|p2a: Hippowdon|Earthquake|p1a: Azelf
|-immune|p1a: Azelf|[msg]
|
|-heal|p2a: Hippowdon|386\/420|[from] item: Leftovers
|turn|8
|
|move|p1a: Azelf|Reflect|p1a: Azelf
|-sidestart|p1: Wolfhead69|Reflect
|move|p2a: Hippowdon|Stone Edge|p1a: Azelf
|-damage|p1a: Azelf|297\/354
|
|-heal|p2a: Hippowdon|412\/420|[from] item: Leftovers
|turn|9
|
|move|p1a: Azelf|Taunt|p2a: Hippowdon
|-start|p2a: Hippowdon|move: Taunt
|cant|p2a: Hippowdon|move: Taunt|Stealth Rock
|
|-heal|p2a: Hippowdon|420\/420|[from] item: Leftovers
|turn|10
|
|switch|p1a: Vaporeon|Vaporeon, M|129\/464
|switch|p2a: Jirachi|Jirachi|397\/397
|-damage|p2a: Jirachi|373\/397|[from] Stealth Rock
|
|-heal|p2a: Jirachi|397\/397|[from] item: Leftovers
|-heal|p1a: Vaporeon|158\/464|[from] item: Leftovers
|turn|11
|
|move|p2a: Jirachi|Thunder Wave|p1a: Vaporeon
|-status|p1a: Vaporeon|par
|cant|p1a: Vaporeon|par
|
|-heal|p1a: Vaporeon|187\/464 par|[from] item: Leftovers
|turn|12
|
|move|p2a: Jirachi|Zen Headbutt|p1a: Vaporeon
|-damage|p1a: Vaporeon|85\/464 par
|move|p1a: Vaporeon|Acid Armor|p1a: Vaporeon
|-boost|p1a: Vaporeon|def|2
|
|-heal|p1a: Vaporeon|114\/464 par|[from] item: Leftovers
|turn|13
|
|move|p2a: Jirachi|Zen Headbutt|p1a: Vaporeon
|-crit|p1a: Vaporeon
|-damage|p1a: Vaporeon|0 fnt
|faint|p1a: Vaporeon
|
|
|switch|p1a: Azelf|Azelf|297\/354
|turn|14
|
|move|p1a: Azelf|Taunt|p2a: Jirachi
|-start|p2a: Jirachi|move: Taunt
|cant|p2a: Jirachi|move: Taunt|Thunder Wave
|
|turn|15
|
|move|p1a: Azelf|Thunder Wave|p2a: Jirachi
|-status|p2a: Jirachi|par
|move|p2a: Jirachi|Iron Head|p1a: Azelf
|-damage|p1a: Azelf|204\/354
|
|-sideend|p1: Wolfhead69|Reflect
|turn|16
|
|move|p1a: Azelf|Reflect|p1a: Azelf
|-sidestart|p1: Wolfhead69|Reflect
|move|p2a: Jirachi|Iron Head|p1a: Azelf
|-crit|p1a: Azelf
|-damage|p1a: Azelf|0 fnt
|faint|p1a: Azelf
|
|-end|p2a: Jirachi|move: Taunt
|
|switch|p1a: Espeon|Espeon, F|334\/334
|turn|17
|
|move|p1a: Espeon|Substitute|p1a: Espeon
|-start|p1a: Espeon|Substitute
|-damage|p1a: Espeon|251\/334
|move|p2a: Jirachi|Healing Wish|p2a: Jirachi
|faint|p2a: Jirachi
|
|-heal|p1a: Espeon|271\/334|[from] item: Leftovers
|c|âI just want to...|crap
|
|switch|p2a: Crobat|Crobat, M|1\/311
|-heal|p2a: Crobat|311\/311|[from] move: Healing Wish
|-damage|p2a: Crobat|234\/311|[from] Stealth Rock
|turn|18
|
|switch|p2a: Entei|Entei, shiny|371\/371
|-damage|p2a: Entei|279\/371|[from] Stealth Rock
|-ability|p2a: Entei|Pressure
|move|p1a: Espeon|Stored Power|p2a: Entei
|-damage|p2a: Entei|240\/371
|
|-heal|p1a: Espeon|291\/334|[from] item: Leftovers
|turn|19
|
|move|p2a: Entei|Sacred Fire|p1a: Espeon
|-end|p1a: Espeon|Substitute
|move|p1a: Espeon|Calm Mind|p1a: Espeon
|-boost|p1a: Espeon|spa|1
|-boost|p1a: Espeon|spd|1
|
|-heal|p1a: Espeon|311\/334|[from] item: Leftovers
|turn|20
|
|move|p2a: Entei|Sacred Fire|p1a: Espeon
|-damage|p1a: Espeon|137\/334
|move|p1a: Espeon|Calm Mind|p1a: Espeon
|-boost|p1a: Espeon|spa|1
|-boost|p1a: Espeon|spd|1
|
|-heal|p1a: Espeon|157\/334|[from] item: Leftovers
|turn|21
|
|move|p2a: Entei|Sacred Fire|p1a: Espeon
|-damage|p1a: Espeon|0 fnt
|faint|p1a: Espeon
|
|-message|Wolfhead69 forfeited.
|
|win|I just want to...
|raw|Ladder updating...
|leave|Wolfhead69
|player|p1
|raw|Wolfhead69's rating: 1542 &rarr; <strong>1509<\/strong><br \/>(-33 for losing)
|raw|I just want to...'s rating: 1287 &rarr; <strong>1328<\/strong><br \/>(+41 for winning)
|c|âI just want to...|gg