|join|Uncle Wiseau
|join|FUCKINGHELL14
|player|p1|Uncle Wiseau|266
|player|p2|FUCKINGHELL14|125
|gametype|singles
|gen|6
|tier|UU
|rated
|rule|Sleep Clause Mod: Limit one foe put to sleep
|rule|Species Clause: Limit one of each PokÃ©mon
|rule|OHKO Clause: OHKO moves are banned
|rule|Moody Clause: Moody is banned
|rule|Evasion Moves Clause: Evasion moves are banned
|rule|Endless Battle Clause: Forcing endless battles is banned
|rule|HP Percentage Mod: HP is reported as percentages
|clearpoke
|poke|p1|Blissey, F
|poke|p1|Jellicent, M
|poke|p1|Victini
|poke|p1|Lucario, F
|poke|p1|Donphan, M
|poke|p1|Roserade, M
|poke|p2|Victini, shiny
|poke|p2|Florges, F, shiny
|poke|p2|Mew, shiny
|poke|p2|Ampharos, F, shiny
|poke|p2|Forretress, F, shiny
|poke|p2|Hydreigon, F, shiny
|rule|Swagger Clause: Swagger is banned
|rule|Baton Pass Clause: Limit three PokÃ©mon knowing Baton Pass
|teampreview
|
|start
|switch|p1a: Victini|Victini|341\/341
|switch|p2a: Ampharos|Ampharos, F, shiny|383\/383
|turn|1
|
|detailschange|p2a: Ampharos|Ampharos-Mega, F, shiny
|message|Ampharos has Mega Evolved into Mega Ampharos!
|-ability|p2a: Ampharos|Mold Breaker
|move|p1a: Victini|U-turn|p2a: Ampharos
|-damage|p2a: Ampharos|308\/383
|
|switch|p1a: Donphan|Donphan, M|384\/384
|move|p2a: Ampharos|Volt Switch|p1a: Donphan
|-immune|p1a: Donphan|[msg]
|
|turn|2
|
|switch|p2a: Mew|Mew, shiny|403\/403
|move|p1a: Donphan|Knock Off|p2a: Mew
|-supereffective|p2a: Mew
|-damage|p2a: Mew|229\/403
|-enditem|p2a: Mew|Leftovers|[from] move: Knock Off|[of] p1a: Donphan
|
|turn|3
|
|switch|p1a: Victini|Victini|341\/341
|move|p2a: Mew|Soft-Boiled|p2a: Mew
|-heal|p2a: Mew|403\/403
|
|turn|4
|
|switch|p2a: Ampharos|Ampharos-Mega, F, shiny|308\/383
|-ability|p2a: Ampharos|Mold Breaker
|move|p1a: Victini|U-turn|p2a: Ampharos
|-damage|p2a: Ampharos|231\/383
|
|switch|p1a: Blissey|Blissey, F|714\/714
|
|turn|5
|leave|Uncle Wiseau
|player|p1
|join|Uncle Wiseau
|player|p1|Uncle Wiseau|266
|
|switch|p2a: Mew|Mew, shiny|403\/403
|move|p1a: Blissey|Stealth Rock|p2a: Mew
|-sidestart|p2: FUCKINGHELL14|move: Stealth Rock
|
|turn|6
|
|switch|p1a: Victini|Victini|341\/341
|move|p2a: Mew|Knock Off|p1a: Victini
|-supereffective|p1a: Victini
|-damage|p1a: Victini|191\/341
|-enditem|p1a: Victini|Choice Band|[from] move: Knock Off|[of] p2a: Mew
|
|turn|7
|
|move|p1a: Victini|U-turn|p2a: Mew
|-supereffective|p2a: Mew
|-damage|p2a: Mew|267\/403
|
|switch|p1a: Lucario|Lucario, F|282\/282
|move|p2a: Mew|Defog|p1a: Lucario
|-unboost|p1a: Lucario|evasion|1
|-sideend|p2: FUCKINGHELL14|Stealth Rock|[from] move: Defog|[of] p2a: Mew
|
|turn|8
|
|move|p1a: Lucario|Crunch|p2a: Mew
|-supereffective|p2a: Mew
|-damage|p2a: Mew|38\/403
|-damage|p1a: Lucario|254\/282|[from] item: Life Orb
|move|p2a: Mew|Will-O-Wisp|p1a: Lucario
|-status|p1a: Lucario|brn
|
|-damage|p1a: Lucario|219\/282 brn|[from] brn
|turn|9
|
|switch|p1a: Victini|Victini|191\/341
|switch|p2a: Florges|Florges, F, shiny|359\/359
|
|turn|10
|
|move|p2a: Florges|Protect|p2a: Florges
|-singleturn|p2a: Florges|Protect
|move|p1a: Victini|V-create|p2a: Florges
|-activate|p2a: Florges|Protect
|
|turn|11
|
|move|p1a: Victini|U-turn|p2a: Florges
|-resisted|p2a: Florges
|-damage|p2a: Florges|320\/359
|
|switch|p1a: Roserade|Roserade, M|262\/262
|move|p2a: Florges|Wish|p2a: Florges
|
|-heal|p2a: Florges|342\/359|[from] item: Leftovers
|turn|12
|
|switch|p1a: Victini|Victini|191\/341
|switch|p2a: Victini|Victini, shiny|341\/341
|
|turn|13
|
|switch|p1a: Jellicent|Jellicent, M|404\/404
|move|p2a: Victini|U-turn|p1a: Jellicent
|-resisted|p1a: Jellicent
|-damage|p1a: Jellicent|351\/404
|
|switch|p2a: Mew|Mew, shiny|38\/403
|
|-heal|p1a: Jellicent|376\/404|[from] item: Leftovers
|turn|14
|
|move|p2a: Mew|Soft-Boiled|p2a: Mew
|-heal|p2a: Mew|240\/403
|move|p1a: Jellicent|Scald|p2a: Mew
|-damage|p2a: Mew|177\/403
|
|-heal|p1a: Jellicent|401\/404|[from] item: Leftovers
|turn|15
|
|move|p2a: Mew|Knock Off|p1a: Jellicent
|-supereffective|p1a: Jellicent
|-damage|p1a: Jellicent|259\/404
|-enditem|p1a: Jellicent|Leftovers|[from] move: Knock Off|[of] p2a: Mew
|move|p1a: Jellicent|Scald|p2a: Mew
|-damage|p2a: Mew|122\/403
|
|turn|16
|
|move|p2a: Mew|Soft-Boiled|p2a: Mew
|-heal|p2a: Mew|324\/403
|move|p1a: Jellicent|Scald|p2a: Mew
|-damage|p2a: Mew|267\/403
|
|turn|17
|
|move|p2a: Mew|Soft-Boiled|p2a: Mew
|-heal|p2a: Mew|403\/403
|move|p1a: Jellicent|Scald|p2a: Mew
|-damage|p2a: Mew|340\/403
|
|turn|18
|
|switch|p1a: Roserade|Roserade, M|262\/262
|move|p2a: Mew|Will-O-Wisp|p1a: Roserade
|-status|p1a: Roserade|brn
|
|-damage|p1a: Roserade|230\/262 brn|[from] brn
|turn|19
|
|move|p1a: Roserade|Sleep Powder|p2a: Mew
|-status|p2a: Mew|slp
|cant|p2a: Mew|slp
|
|-damage|p1a: Roserade|198\/262 brn|[from] brn
|turn|20
|
|switch|p1a: Victini|Victini|191\/341
|switch|p2a: Forretress|Forretress, F, shiny|353\/353
|
|turn|21
|
|switch|p2a: Ampharos|Ampharos-Mega, F, shiny|231\/383
|-ability|p2a: Ampharos|Mold Breaker
|move|p1a: Victini|V-create|p2a: Ampharos
|-resisted|p2a: Ampharos
|-damage|p2a: Ampharos|135\/383
|-unboost|p1a: Victini|def|1
|-unboost|p1a: Victini|spd|1
|-unboost|p1a: Victini|spe|1
|
|turn|22
|
|move|p1a: Victini|U-turn|p2a: Ampharos
|-damage|p2a: Ampharos|90\/383
|
|switch|p1a: Blissey|Blissey, F|714\/714
|move|p2a: Ampharos|Rest|p2a: Ampharos
|-status|p2a: Ampharos|slp
|-heal|p2a: Ampharos|383\/383 slp|[silent]
|-status|p2a: Ampharos|slp|[from] move: Rest
|
|turn|23
|
|switch|p2a: Victini|Victini, shiny|341\/341
|move|p1a: Blissey|Stealth Rock|p2a: Victini
|-sidestart|p2: FUCKINGHELL14|move: Stealth Rock
|
|turn|24
|
|move|p2a: Victini|V-create|p1a: Blissey
|-damage|p1a: Blissey|0 fnt
|-unboost|p2a: Victini|def|1
|-unboost|p2a: Victini|spd|1
|-unboost|p2a: Victini|spe|1
|faint|p1a: Blissey
|
|
|switch|p1a: Donphan|Donphan, M|384\/384
|turn|25
|
|switch|p2a: Forretress|Forretress, F, shiny|353\/353
|-damage|p2a: Forretress|309\/353|[from] Stealth Rock
|switch|p1a: Victini|Victini|191\/341
|
|-heal|p2a: Forretress|331\/353|[from] item: Leftovers
|turn|26
|
|switch|p2a: Ampharos|Ampharos-Mega, F, shiny|383\/383 slp
|-damage|p2a: Ampharos|336\/383 slp|[from] Stealth Rock
|-ability|p2a: Ampharos|Mold Breaker
|move|p1a: Victini|U-turn|p2a: Ampharos
|-damage|p2a: Ampharos|284\/383 slp
|
|switch|p1a: Donphan|Donphan, M|384\/384
|
|turn|27
|
|switch|p2a: Hydreigon|Hydreigon, F, shiny|325\/325
|-damage|p2a: Hydreigon|285\/325|[from] Stealth Rock
|move|p1a: Donphan|Earthquake|p2a: Hydreigon
|-immune|p2a: Hydreigon|[msg]
|
|turn|28
|
|move|p2a: Hydreigon|Dark Pulse|p1a: Donphan
|-crit|p1a: Donphan
|-activate|p1a: Donphan|Sturdy
|-damage|p1a: Donphan|1\/384
|-damage|p2a: Hydreigon|253\/325|[from] item: Life Orb
|cant|p1a: Donphan|flinch
|
|-heal|p1a: Donphan|25\/384|[from] item: Leftovers
|turn|29
|-message|Uncle Wiseau forfeited.
|
|win|FUCKINGHELL14
|raw|Ladder updating...
|leave|Uncle Wiseau
|player|p1
|raw|Uncle Wiseau's rating: 1618 &rarr; <strong>1594<\/strong><br \/>(-24 for losing)
|raw|FUCKINGHELL14's rating: 1536 &rarr; <strong>1561<\/strong><br \/>(+25 for winning)
|chat|FUCKINGHELL14|#REKD
|chat|FUCKINGHELL14|OUTPLAYED BY THE SUPERIOR SKILFUL IMMORTAL ALMIGTHY PRO
|chat|FUCKINGHELL14|NOTHING BUT A WEAK PITIFUL COWARDLY UNDIGNIFIEDD USELESS SKILLESS SCRUB WHO CANT FACE DEFEAT TO THE SUPERIOR PLAYER LIKE A MAN
|chat|FUCKINGHELL14|LEARN 2 PLAY