|join|Uncle Wiseau
|join|naticloo
|player|p1|Uncle Wiseau|265
|player|p2|naticloo|209
|gametype|singles
|gen|6
|tier|UU
|rated
|rule|Sleep Clause Mod: Limit one foe put to sleep
|rule|Species Clause: Limit one of each Pokemon
|rule|OHKO Clause: OHKO moves are banned
|rule|Moody Clause: Moody is banned
|rule|Evasion Moves Clause: Evasion moves are banned
|rule|Endless Battle Clause: Forcing endless battles is banned.
|rule|HP Percentage Mod: HP is reported as percentages
|clearpoke
|poke|p1|Milotic, M
|poke|p1|Victini
|poke|p1|Florges, F
|poke|p1|Forretress, M
|poke|p1|Mienshao, F
|poke|p1|Porygon-Z
|poke|p2|Roserade, F
|poke|p2|Donphan, M
|poke|p2|Azelf
|poke|p2|Cloyster, F
|poke|p2|Manectric, M
|poke|p2|Spiritomb, M
|teampreview
|
|start
|switch|p1a: Porygon-Z|Porygon-Z|312\/312
|switch|p2a: Azelf|Azelf|292\/292
|-boost|p1a: Porygon-Z|spa|1|[from] ability: Download
|turn|1
|
|move|p1a: Porygon-Z|Dark Pulse|p2a: Azelf
|-supereffective|p2a: Azelf
|-enditem|p2a: Azelf|Focus Sash
|-damage|p2a: Azelf|1\/292
|move|p2a: Azelf|Stealth Rock|p1a: Porygon-Z
|-sidestart|p1: Uncle Wiseau|move: Stealth Rock
|
|turn|2
|
|move|p1a: Porygon-Z|Dark Pulse|p2a: Azelf
|-supereffective|p2a: Azelf
|-damage|p2a: Azelf|0 fnt
|faint|p2a: Azelf
|
|
|switch|p2a: Donphan|Donphan, M|384\/384
|turn|3
|
|switch|p1a: Forretress|Forretress, M|354\/354
|-damage|p1a: Forretress|310\/354|[from] Stealth Rock
|move|p2a: Donphan|Knock Off|p1a: Forretress
|-damage|p1a: Forretress|215\/354
|-enditem|p1a: Forretress|Leftovers|[from] move: Knock Off|[of] p2a: Donphan
|
|turn|4
|
|switch|p2a: Spiritomb|Spiritomb, M|304\/304
|move|p1a: Forretress|Stealth Rock|p2a: Spiritomb
|-sidestart|p2: naticloo|move: Stealth Rock
|
|turn|5
|
|move|p1a: Forretress|Volt Switch|p2a: Spiritomb
|-damage|p2a: Spiritomb|275\/304
|
|switch|p1a: Florges|Florges, F|360\/360
|-damage|p1a: Florges|315\/360|[from] Stealth Rock
|move|p2a: Spiritomb|Will-O-Wisp|p1a: Florges
|-status|p1a: Florges|brn
|
|-heal|p1a: Florges|337\/360 brn|[from] item: Leftovers
|-heal|p2a: Spiritomb|294\/304|[from] item: Leftovers
|-damage|p1a: Florges|292\/360 brn|[from] brn
|turn|6
|
|switch|p1a: Victini|Victini|341\/341
|-damage|p1a: Victini|256\/341|[from] Stealth Rock
|switch|p2a: Roserade|Roserade, F|262\/262
|-damage|p2a: Roserade|230\/262|[from] Stealth Rock
|
|-heal|p2a: Roserade|246\/262|[from] item: Black Sludge
|turn|7
|
|switch|p2a: Donphan|Donphan, M|384\/384
|-damage|p2a: Donphan|360\/384|[from] Stealth Rock
|move|p1a: Victini|V-create|p2a: Donphan
|-damage|p2a: Donphan|42\/384
|-unboost|p1a: Victini|def|1
|-unboost|p1a: Victini|spd|1
|-unboost|p1a: Victini|spe|1
|
|turn|8
|
|move|p2a: Donphan|Ice Shard|p1a: Victini
|-resisted|p1a: Victini
|-damage|p1a: Victini|219\/341
|move|p1a: Victini|V-create|p2a: Donphan
|-damage|p2a: Donphan|0 fnt
|-unboost|p1a: Victini|def|1
|-unboost|p1a: Victini|spd|1
|-unboost|p1a: Victini|spe|1
|faint|p2a: Donphan
|
|
|switch|p2a: Spiritomb|Spiritomb, M|294\/304
|-damage|p2a: Spiritomb|256\/304|[from] Stealth Rock
|turn|9
|
|move|p2a: Spiritomb|Sucker Punch|p1a: Victini
|-supereffective|p1a: Victini
|-damage|p1a: Victini|0 fnt
|faint|p1a: Victini
|
|-heal|p2a: Spiritomb|275\/304|[from] item: Leftovers
|
|switch|p1a: Milotic|Milotic, M|394\/394
|-damage|p1a: Milotic|345\/394|[from] Stealth Rock
|turn|10
|
|switch|p1a: Porygon-Z|Porygon-Z|312\/312
|-damage|p1a: Porygon-Z|273\/312|[from] Stealth Rock
|-boost|p1a: Porygon-Z|spa|1|[from] ability: Download
|move|p2a: Spiritomb|Will-O-Wisp|p1a: Porygon-Z
|-status|p1a: Porygon-Z|brn
|
|-heal|p2a: Spiritomb|294\/304|[from] item: Leftovers
|-damage|p1a: Porygon-Z|234\/312 brn|[from] brn
|turn|11
|
|move|p2a: Spiritomb|Sucker Punch|p1a: Porygon-Z
|-damage|p1a: Porygon-Z|59\/312 brn
|move|p1a: Porygon-Z|Dark Pulse|p2a: Spiritomb
|-damage|p2a: Spiritomb|159\/304
|
|-heal|p2a: Spiritomb|178\/304|[from] item: Leftovers
|-damage|p1a: Porygon-Z|20\/312 brn|[from] brn
|turn|12
|
|switch|p1a: Florges|Florges, F|292\/360 brn
|-damage|p1a: Florges|247\/360 brn|[from] Stealth Rock
|move|p2a: Spiritomb|Sucker Punch|p1a: Florges
|-fail|p1a: Florges
|
|-heal|p1a: Florges|269\/360 brn|[from] item: Leftovers
|-heal|p2a: Spiritomb|197\/304|[from] item: Leftovers
|-damage|p1a: Florges|224\/360 brn|[from] brn
|turn|13
|
|switch|p2a: Roserade|Roserade, F|246\/262
|-damage|p2a: Roserade|214\/262|[from] Stealth Rock
|move|p1a: Florges|Aromatherapy|p1a: Florges
|-cureteam|p1a: Florges|[from] move: Aromatherapy
|
|-heal|p2a: Roserade|230\/262|[from] item: Black Sludge
|-heal|p1a: Florges|246\/360|[from] item: Leftovers
|turn|14
|
|move|p1a: Florges|Protect|p1a: Florges
|-singleturn|p1a: Florges|Protect
|move|p2a: Roserade|Sleep Powder|p1a: Florges
|-activate|p1a: Florges|Protect
|
|-heal|p2a: Roserade|246\/262|[from] item: Black Sludge
|-heal|p1a: Florges|268\/360|[from] item: Leftovers
|turn|15
|
|switch|p1a: Forretress|Forretress, M|215\/354
|-damage|p1a: Forretress|171\/354|[from] Stealth Rock
|move|p2a: Roserade|Sleep Powder|p1a: Forretress
|-status|p1a: Forretress|slp
|
|-heal|p2a: Roserade|262\/262|[from] item: Black Sludge
|turn|16
|
|switch|p2a: Spiritomb|Spiritomb, M|197\/304
|-damage|p2a: Spiritomb|159\/304|[from] Stealth Rock
|switch|p1a: Porygon-Z|Porygon-Z|20\/312
|-damage|p1a: Porygon-Z|0 fnt|[from] Stealth Rock
|faint|p1a: Porygon-Z
|
|-heal|p2a: Spiritomb|178\/304|[from] item: Leftovers
|
|switch|p1a: Milotic|Milotic, M|345\/394
|-damage|p1a: Milotic|296\/394|[from] Stealth Rock
|turn|17
|
|switch|p2a: Roserade|Roserade, F|262\/262
|-damage|p2a: Roserade|230\/262|[from] Stealth Rock
|move|p1a: Milotic|Toxic|p2a: Roserade
|-fail|p2a: Roserade
|
|-heal|p2a: Roserade|246\/262|[from] item: Black Sludge
|-heal|p1a: Milotic|320\/394|[from] item: Leftovers
|turn|18
|
|switch|p1a: Florges|Florges, F|268\/360
|-damage|p1a: Florges|223\/360|[from] Stealth Rock
|move|p2a: Roserade|Energy Ball|p1a: Florges
|-crit|p1a: Florges
|-damage|p1a: Florges|69\/360
|
|-heal|p2a: Roserade|262\/262|[from] item: Black Sludge
|-heal|p1a: Florges|91\/360|[from] item: Leftovers
|turn|19
|
|switch|p1a: Forretress|Forretress, M|171\/354 slp
|-damage|p1a: Forretress|127\/354 slp|[from] Stealth Rock
|move|p2a: Roserade|Sludge Bomb|p1a: Forretress
|-immune|p1a: Forretress|[msg]
|
|turn|20
|
|move|p2a: Roserade|Energy Ball|p1a: Forretress
|-resisted|p1a: Forretress
|-damage|p1a: Forretress|84\/354 slp
|cant|p1a: Forretress|slp
|
|turn|21
|
|switch|p2a: Spiritomb|Spiritomb, M|178\/304
|-damage|p2a: Spiritomb|140\/304|[from] Stealth Rock
|cant|p1a: Forretress|slp
|
|-heal|p2a: Spiritomb|159\/304|[from] item: Leftovers
|turn|22
|
|cant|p1a: Forretress|slp
|move|p2a: Spiritomb|Pursuit|p1a: Forretress
|-damage|p1a: Forretress|39\/354 slp
|
|-heal|p2a: Spiritomb|178\/304|[from] item: Leftovers
|turn|23
|
|move|p2a: Spiritomb|Shadow Sneak|p1a: Forretress
|-damage|p1a: Forretress|0 fnt
|faint|p1a: Forretress
|
|-heal|p2a: Spiritomb|197\/304|[from] item: Leftovers
|
|switch|p1a: Mienshao|Mienshao, F|271\/271
|-damage|p1a: Mienshao|255\/271|[from] Stealth Rock
|turn|24
|-message|Uncle Wiseau forfeited.
|
|move|p1a: Mienshao|U-turn|p2a: Spiritomb
|-damage|p2a: Spiritomb|100\/304
|-damage|p1a: Mienshao|228\/271|[from] item: Life Orb
|leave|Uncle Wiseau
|
|win|naticloo
|raw|Ladder updating...
|player|p1
|raw|Uncle Wiseau's rating: 1522 &rarr; <strong>1499<\/strong><br \/>(-23 for losing)
|raw|naticloo's rating: 1461 &rarr; <strong>1484<\/strong><br \/>(+23 for winning)