|join|BFoxy
|join|Uncle Wiseau
|player|p1|BFoxy|172
|player|p2|Uncle Wiseau|169
|gametype|singles
|gen|6
|tier|UU
|rated
|rule|Sleep Clause Mod: Limit one foe put to sleep
|rule|Species Clause: Limit one of each Pokemon
|rule|OHKO Clause: OHKO moves are banned
|rule|Moody Clause: Moody is banned
|rule|Evasion Moves Clause: Evasion moves are banned
|rule|Endless Battle Clause: Forcing endless battles is banned.
|rule|HP Percentage Mod: HP is reported as percentages
|clearpoke
|poke|p1|Absol, M, shiny
|poke|p1|Nidoqueen, F
|poke|p1|Empoleon, M
|poke|p1|Noivern, M
|poke|p1|Krookodile, M
|poke|p1|Rotom-Heat
|poke|p2|Umbreon, M
|poke|p2|Victini
|poke|p2|Porygon-Z
|poke|p2|Toxicroak, F
|poke|p2|Gligar, M
|poke|p2|Sigilyph, M
|teampreview
|
|start
|switch|p1a: Ez Bake|Rotom-Heat|303\/303
|switch|p2a: Gligar|Gligar, M|334\/334
|turn|1
|
|switch|p2a: Victini|Victini|341\/341
|move|p1a: Ez Bake|Will-O-Wisp|p2a: Victini
|-fail|p2a: Victini
|
|turn|2
|
|move|p2a: Victini|Trick|p1a: Ez Bake
|-activate|p2a: Victini|move: Trick|[of] p1a: Ez Bake
|-item|p1a: Ez Bake|Choice Band|[from] move: Trick
|-item|p2a: Victini|Leftovers|[from] move: Trick
|move|p1a: Ez Bake|Will-O-Wisp|p2a: Victini
|-fail|p2a: Victini
|
|turn|3
|
|move|p2a: Victini|V-create|p1a: Ez Bake
|-resisted|p1a: Ez Bake
|-damage|p1a: Ez Bake|237\/303
|-unboost|p2a: Victini|def|1
|-unboost|p2a: Victini|spd|1
|-unboost|p2a: Victini|spe|1
|move|p1a: Ez Bake|Will-O-Wisp|p2a: Victini
|-fail|p2a: Victini
|
|turn|4
|
|move|p1a: Ez Bake|Will-O-Wisp|p2a: Victini
|-fail|p2a: Victini
|move|p2a: Victini|V-create|p1a: Ez Bake
|-crit|p1a: Ez Bake
|-resisted|p1a: Ez Bake
|-damage|p1a: Ez Bake|146\/303
|-unboost|p2a: Victini|def|1
|-unboost|p2a: Victini|spd|1
|-unboost|p2a: Victini|spe|1
|
|turn|5
|
|switch|p1a: ReadingRainbow|Noivern, M|311\/311
|move|p2a: Victini|V-create|p1a: ReadingRainbow
|-resisted|p1a: ReadingRainbow
|-damage|p1a: ReadingRainbow|198\/311
|-unboost|p2a: Victini|def|1
|-unboost|p2a: Victini|spd|1
|-unboost|p2a: Victini|spe|1
|
|turn|6
|
|switch|p2a: Umbreon|Umbreon, M|394\/394
|move|p1a: ReadingRainbow|Switcheroo|p2a: Umbreon
|-activate|p1a: ReadingRainbow|move: Trick|[of] p2a: Umbreon
|-item|p2a: Umbreon|Choice Specs|[from] Trick
|-item|p1a: ReadingRainbow|Leftovers|[from] Trick
|
|-heal|p1a: ReadingRainbow|217\/311|[from] item: Leftovers
|turn|7
|
|move|p1a: ReadingRainbow|U-turn|p2a: Umbreon
|-supereffective|p2a: Umbreon
|-damage|p2a: Umbreon|336\/394
|
|switch|p1a: Triton|Empoleon, M|371\/371
|move|p2a: Umbreon|Wish|p2a: Umbreon
|
|turn|8
|
|switch|p2a: Toxicroak|Toxicroak, F|370\/370
|move|p1a: Triton|Stealth Rock|p2a: Toxicroak
|-sidestart|p2: Uncle Wiseau|move: Stealth Rock
|
|turn|9
|
|switch|p1a: Athena|Nidoqueen, F|353\/353
|move|p2a: Toxicroak|Drain Punch|p1a: Athena
|-crit|p1a: Athena
|-resisted|p1a: Athena
|-damage|p1a: Athena|233\/353
|-damage|p2a: Toxicroak|333\/370|[from] item: Life Orb
|
|turn|10
|
|switch|p2a: Sigilyph|Sigilyph, M|348\/348
|move|p1a: Athena|Ice Beam|p2a: Sigilyph
|-supereffective|p2a: Sigilyph
|-damage|p2a: Sigilyph|31\/348
|
|-status|p2a: Sigilyph|brn|[from] item: Flame Orb
|turn|11
|
|move|p2a: Sigilyph|Psycho Shift|p1a: Athena
|-status|p1a: Athena|brn
|-curestatus|p2a: Sigilyph|brn
|move|p1a: Athena|Sludge Wave|p2a: Sigilyph
|-damage|p2a: Sigilyph|0 fnt
|faint|p2a: Sigilyph
|
|-damage|p1a: Athena|189\/353 brn|[from] brn
|
|switch|p2a: Porygon-Z|Porygon-Z|311\/311
|-damage|p2a: Porygon-Z|273\/311|[from] Stealth Rock
|-boost|p2a: Porygon-Z|spa|1|[from] ability: Download
|turn|12
|
|switch|p1a: Triton|Empoleon, M|371\/371
|move|p2a: Porygon-Z|Dark Pulse|p1a: Triton
|-damage|p1a: Triton|270\/371
|
|-heal|p1a: Triton|293\/371|[from] item: Leftovers
|turn|13
|
|switch|p2a: Toxicroak|Toxicroak, F|333\/370
|-damage|p2a: Toxicroak|310\/370|[from] Stealth Rock
|move|p1a: Triton|Roar|p2a: Toxicroak
|drag|p2a: Victini|Victini|341\/341
|-damage|p2a: Victini|256\/341|[from] Stealth Rock
|
|-heal|p2a: Victini|277\/341|[from] item: Leftovers
|-heal|p1a: Triton|316\/371|[from] item: Leftovers
|turn|14
|
|move|p2a: Victini|Bolt Strike|p1a: Triton
|-supereffective|p1a: Triton
|-damage|p1a: Triton|100\/371
|move|p1a: Triton|Roar|p2a: Victini
|drag|p2a: Gligar|Gligar, M|334\/334
|-damage|p2a: Gligar|293\/334|[from] Stealth Rock
|
|-heal|p1a: Triton|123\/371|[from] item: Leftovers
|turn|15
|
|move|p2a: Gligar|U-turn|p1a: Triton
|-resisted|p1a: Triton
|-damage|p1a: Triton|101\/371
|
|switch|p2a: Toxicroak|Toxicroak, F|310\/370
|-damage|p2a: Toxicroak|287\/370|[from] Stealth Rock
|move|p1a: Triton|Scald|p2a: Toxicroak
|-heal|p2a: Toxicroak|370\/370|[from] ability: Dry Skin|[of] p1a: Triton
|
|-heal|p1a: Triton|124\/371|[from] item: Leftovers
|turn|16
|
|move|p2a: Toxicroak|Swords Dance|p2a: Toxicroak
|-boost|p2a: Toxicroak|atk|2
|move|p1a: Triton|Roar|p2a: Toxicroak
|drag|p2a: Gligar|Gligar, M|293\/334
|-damage|p2a: Gligar|252\/334|[from] Stealth Rock
|
|-heal|p1a: Triton|147\/371|[from] item: Leftovers
|turn|17
|
|switch|p1a: ReadingRainbow|Noivern, M|217\/311
|move|p2a: Gligar|Defog|p1a: ReadingRainbow
|-unboost|p1a: ReadingRainbow|evasion|1
|-sideend|p2: Uncle Wiseau|Stealth Rock|[from] move: Defog|[of] p2a: Gligar
|
|-heal|p1a: ReadingRainbow|236\/311|[from] item: Leftovers
|turn|18
|
|switch|p2a: Umbreon|Umbreon, M|336\/394
|move|p1a: ReadingRainbow|Boomburst|p2a: Umbreon
|-damage|p2a: Umbreon|252\/394
|
|-heal|p1a: ReadingRainbow|255\/311|[from] item: Leftovers
|turn|19
|
|move|p1a: ReadingRainbow|U-turn|p2a: Umbreon
|-supereffective|p2a: Umbreon
|-damage|p2a: Umbreon|186\/394
|
|switch|p1a: Triton|Empoleon, M|147\/371
|move|p2a: Umbreon|Foul Play|p1a: Triton
|-damage|p1a: Triton|41\/371
|
|-heal|p1a: Triton|64\/371|[from] item: Leftovers
|turn|20
|
|switch|p1a: Ez Bake|Rotom-Heat|146\/303
|move|p2a: Umbreon|Foul Play|p1a: Ez Bake
|-damage|p1a: Ez Bake|107\/303
|
|turn|21
|
|move|p1a: Ez Bake|Volt Switch|p2a: Umbreon
|-damage|p2a: Umbreon|134\/394
|
|switch|p1a: Dong Nose|Krookodile, M|331\/331
|move|p2a: Umbreon|Foul Play|p1a: Dong Nose
|-resisted|p1a: Dong Nose
|-damage|p1a: Dong Nose|236\/331
|
|turn|22
|
|switch|p2a: Gligar|Gligar, M|252\/334
|move|p1a: Dong Nose|Knock Off|p2a: Gligar
|-damage|p2a: Gligar|179\/334
|-enditem|p2a: Gligar|Eviolite|[from] move: Knock Off|[of] p1a: Dong Nose
|
|turn|23
|
|switch|p1a: ReadingRainbow|Noivern, M|255\/311
|move|p2a: Gligar|Stealth Rock|p1a: ReadingRainbow
|-sidestart|p1: BFoxy|move: Stealth Rock
|
|-heal|p1a: ReadingRainbow|274\/311|[from] item: Leftovers
|turn|24
|
|switch|p2a: Umbreon|Umbreon, M|134\/394
|move|p1a: ReadingRainbow|Boomburst|p2a: Umbreon
|-damage|p2a: Umbreon|41\/394
|
|-heal|p1a: ReadingRainbow|293\/311|[from] item: Leftovers
|turn|25
|
|move|p1a: ReadingRainbow|Boomburst|p2a: Umbreon
|-damage|p2a: Umbreon|0 fnt
|faint|p2a: Umbreon
|
|-heal|p1a: ReadingRainbow|311\/311|[from] item: Leftovers
|
|switch|p2a: Porygon-Z|Porygon-Z|273\/311
|-boost|p2a: Porygon-Z|atk|1|[from] ability: Download
|turn|26
|
|switch|p1a: Triton|Empoleon, M|64\/371
|-damage|p1a: Triton|41\/371|[from] Stealth Rock
|move|p2a: Porygon-Z|Tri Attack|p1a: Triton
|-resisted|p1a: Triton
|-damage|p1a: Triton|0 fnt
|faint|p1a: Triton
|
|
|switch|p1a: Dong Nose|Krookodile, M|236\/331
|-damage|p1a: Dong Nose|216\/331|[from] Stealth Rock
|turn|27
|
|switch|p2a: Gligar|Gligar, M|179\/334
|move|p1a: Dong Nose|Stone Edge|p2a: Gligar
|-damage|p2a: Gligar|103\/334
|
|turn|28
|
|switch|p1a: Athena|Nidoqueen, F|189\/353 brn
|-damage|p1a: Athena|167\/353 brn|[from] Stealth Rock
|move|p2a: Gligar|Roost|p2a: Gligar
|-heal|p2a: Gligar|270\/334
|
|-damage|p1a: Athena|123\/353 brn|[from] brn
|turn|29
|
|move|p1a: Athena|Earth Power|p2a: Gligar
|-immune|p2a: Gligar|[msg]
|move|p2a: Gligar|U-turn|p1a: Athena
|-resisted|p1a: Athena
|-damage|p1a: Athena|96\/353 brn
|
|switch|p2a: Porygon-Z|Porygon-Z|273\/311
|-boost|p2a: Porygon-Z|spa|1|[from] ability: Download
|
|-damage|p1a: Athena|52\/353 brn|[from] brn
|turn|30
|
|move|p2a: Porygon-Z|Tri Attack|p1a: Athena
|-damage|p1a: Athena|0 fnt
|faint|p1a: Athena
|
|
|switch|p1a: Dong Nose|Krookodile, M|216\/331
|-damage|p1a: Dong Nose|196\/331|[from] Stealth Rock
|turn|31
|
|move|p1a: Dong Nose|Pursuit|p2a: Porygon-Z|[from]Pursuit
|-damage|p2a: Porygon-Z|90\/311
|switch|p2a: Gligar|Gligar, M|270\/334
|
|turn|32
|
|move|p1a: Dong Nose|Pursuit|p2a: Gligar
|-damage|p2a: Gligar|219\/334
|move|p2a: Gligar|U-turn|p1a: Dong Nose
|-supereffective|p1a: Dong Nose
|-damage|p1a: Dong Nose|92\/331
|
|switch|p2a: Toxicroak|Toxicroak, F|370\/370
|
|turn|33
|
|switch|p1a: Ez Bake|Rotom-Heat|107\/303
|-damage|p1a: Ez Bake|32\/303|[from] Stealth Rock
|move|p2a: Toxicroak|Swords Dance|p2a: Toxicroak
|-boost|p2a: Toxicroak|atk|2
|
|turn|34
|
|switch|p2a: Victini|Victini|277\/341
|move|p1a: Ez Bake|Pain Split|p2a: Victini
|-sethp|p2a: Victini|154\/341|p1a: Ez Bake|154\/303|[from] move: Pain Split
|
|-heal|p2a: Victini|175\/341|[from] item: Leftovers
|turn|35
|
|switch|p1a: Dong Nose|Krookodile, M|92\/331
|-damage|p1a: Dong Nose|72\/331|[from] Stealth Rock
|move|p2a: Victini|V-create|p1a: Dong Nose
|-damage|p1a: Dong Nose|0 fnt
|-unboost|p2a: Victini|def|1
|-unboost|p2a: Victini|spd|1
|-unboost|p2a: Victini|spe|1
|faint|p1a: Dong Nose
|
|-heal|p2a: Victini|196\/341|[from] item: Leftovers
|
|switch|p1a: Red XIII|Absol, M, shiny|271\/271
|-damage|p1a: Red XIII|238\/271|[from] Stealth Rock
|turn|36
|
|switch|p2a: Gligar|Gligar, M|219\/334
|-formechange|p1a: Red XIII|Absol-Mega
|message|Absol has Mega Evolved into Mega Absol!
|move|p1a: Red XIII|Swords Dance|p1a: Red XIII
|-boost|p1a: Red XIII|atk|2
|
|turn|37
|
|move|p1a: Red XIII|Swords Dance|p1a: Red XIII
|-boost|p1a: Red XIII|atk|2
|move|p2a: Gligar|U-turn|p1a: Red XIII
|-crit|p1a: Red XIII
|-supereffective|p1a: Red XIII
|-damage|p1a: Red XIII|30\/271
|
|switch|p2a: Toxicroak|Toxicroak, F|370\/370
|
|turn|38
|
|move|p1a: Red XIII|Sucker Punch|p2a: Toxicroak
|-resisted|p2a: Toxicroak
|-damage|p2a: Toxicroak|39\/370
|move|p2a: Toxicroak|Sucker Punch|p1a: Red XIII
|-fail|p1a: Red XIII
|
|turn|39
|chat|BFoxy|ofc sigh. even noobs get lucky sometimes
|
|switch|p2a: Gligar|Gligar, M|219\/334
|move|p1a: Red XIII|Sucker Punch|p2a: Gligar
|-fail|p2a: Gligar
|
|turn|40
|
|move|p1a: Red XIII|Sucker Punch|p2a: Gligar
|-damage|p2a: Gligar|0 fnt
|faint|p2a: Gligar
|
|
|switch|p2a: Victini|Victini|196\/341
|turn|41
|
|move|p1a: Red XIII|Sucker Punch|p2a: Victini
|-crit|p2a: Victini
|-supereffective|p2a: Victini
|-damage|p2a: Victini|0 fnt
|faint|p2a: Victini
|
|-message|Uncle Wiseau forfeited.
|leave|Uncle Wiseau
|
|win|BFoxy
|raw|Ladder updating...
|player|p2
|raw|BFoxy's rating: 1487 &rarr; <strong>1507<\/strong><br \/>(+20 for winning)
|raw|Uncle Wiseau's rating: 1490 &rarr; <strong>1469<\/strong><br \/>(-21 for losing)