|join|Potato Mountain
|join|Uncle Wiseau
|player|p1|Potato Mountain|16
|player|p2|Uncle Wiseau|2
|gametype|singles
|gen|6
|tier|UU
|rated
|clearpoke
|poke|p1|Nidoqueen, F
|poke|p1|Umbreon, F
|poke|p1|Krookodile, F
|poke|p1|Manectric, M
|poke|p1|Mew
|poke|p1|Ludicolo, M, shiny
|poke|p2|Smeargle, M
|poke|p2|Ditto
|poke|p2|Blastoise, M
|poke|p2|Tangrowth, M
|poke|p2|Rotom-Heat
|poke|p2|Heracross, F
|rule|Sleep Clause Mod: Limit one foe put to sleep
|rule|Species Clause: Limit one of each Pokemon
|rule|OHKO Clause: OHKO moves are banned
|rule|Moody Clause: Moody is banned
|rule|Evasion Moves Clause: Evasion moves are banned
|rule|Endless Battle Clause: Forcing endless battles is banned.
|rule|HP Percentage Mod: HP is reported as percentages
|teampreview
|
|start
|switch|p1a: Derpetric|Manectric, M|282\/282
|switch|p2a: Ditto|Ditto|300\/300
|-transform|p2a: Ditto|p1a: Derpetric
|turn|1
|
|-formechange|p1a: Derpetric|Manectric-Mega
|message|Manectric has Mega Evolved into Mega Manectric!
|-ability|p1a: Derpetric|Intimidate|[of] p2a: Ditto
|-unboost|p2a: Ditto|atk|1
|move|p2a: Ditto|Volt Switch|p1a: Derpetric
|-crit|p1a: Derpetric
|-resisted|p1a: Derpetric
|-damage|p1a: Derpetric|183\/282
|
|switch|p2a: Rotom-Heat|Rotom-Heat|241\/241
|move|p1a: Derpetric|Volt Switch|p2a: Rotom-Heat
|-resisted|p2a: Rotom-Heat
|-damage|p2a: Rotom-Heat|175\/241
|
|switch|p1a: JosÃ© Luis|Ludicolo, M, shiny|364\/364
|
|turn|2
|
|move|p2a: Rotom-Heat|Volt Switch|p1a: JosÃ© Luis
|-damage|p1a: JosÃ© Luis|285\/364
|
|switch|p2a: Tangrowth|Tangrowth, M|404\/404
|move|p1a: JosÃ© Luis|Hydro Pump|p2a: Tangrowth
|-resisted|p2a: Tangrowth
|-damage|p2a: Tangrowth|343\/404
|
|turn|3
|
|switch|p1a: Derpetric|Manectric, M|183\/282
|-formechange|p1a: Derpetric|Manectric-Mega
|-ability|p1a: Derpetric|Intimidate|[of] p2a: Tangrowth
|-unboost|p2a: Tangrowth|atk|1
|move|p2a: Tangrowth|Knock Off|p1a: Derpetric
|-damage|p1a: Derpetric|142\/282
|
|turn|4
|
|switch|p2a: Rotom-Heat|Rotom-Heat|175\/241
|move|p1a: Derpetric|Flamethrower|p2a: Rotom-Heat
|-resisted|p2a: Rotom-Heat
|-damage|p2a: Rotom-Heat|115\/241
|
|turn|5
|
|move|p2a: Rotom-Heat|Volt Switch|p1a: Derpetric
|-resisted|p1a: Derpetric
|-damage|p1a: Derpetric|80\/282
|
|switch|p2a: Ditto|Ditto|300\/300
|-transform|p2a: Ditto|p1a: Derpetric
|-ability|p2a: Ditto|Intimidate|[of] p1a: Derpetric
|-unboost|p1a: Derpetric|atk|1
|move|p1a: Derpetric|Volt Switch|p2a: Ditto
|-resisted|p2a: Ditto
|-damage|p2a: Ditto|213\/300
|
|switch|p1a: BigFarts|Krookodile, F|331\/331
|
|turn|6
|
|switch|p2a: Tangrowth|Tangrowth, M|404\/404
|switch|p1a: Disappointed|Nidoqueen, F|364\/364
|
|turn|7
|
|move|p1a: Disappointed|Sludge Wave|p2a: Tangrowth
|-supereffective|p2a: Tangrowth
|-damage|p2a: Tangrowth|61\/404
|move|p2a: Tangrowth|Earthquake|p1a: Disappointed
|-supereffective|p1a: Disappointed
|-damage|p1a: Disappointed|200\/364
|
|turn|8
|
|switch|p2a: Ditto|Ditto|213\/300
|-transform|p2a: Ditto|p1a: Disappointed
|move|p1a: Disappointed|Fire Blast|p2a: Ditto
|-damage|p2a: Ditto|36\/300
|
|turn|9
|
|switch|p2a: Heracross|Heracross, F|302\/302
|switch|p1a: Umbrellom|Umbreon, F|394\/394
|
|turn|10
|
|switch|p1a: Derpetric|Manectric, M|80\/282
|-formechange|p1a: Derpetric|Manectric-Mega
|-ability|p1a: Derpetric|Intimidate|[of] p2a: Heracross
|-unboost|p2a: Heracross|atk|1
|move|p2a: Heracross|Substitute|p2a: Heracross
|-start|p2a: Heracross|Substitute
|-damage|p2a: Heracross|227\/302
|
|-heal|p2a: Heracross|245\/302|[from] item: Leftovers
|turn|11
|
|move|p1a: Derpetric|Flamethrower|p2a: Heracross
|-supereffective|p2a: Heracross
|-end|p2a: Heracross|Substitute
|move|p2a: Heracross|Megahorn|p1a: Derpetric
|-damage|p1a: Derpetric|0 fnt
|faint|p1a: Derpetric
|
|-heal|p2a: Heracross|263\/302|[from] item: Leftovers
|
|switch|p1a: BigFarts|Krookodile, F|331\/331
|turn|12
|
|move|p1a: BigFarts|Stone Edge|p2a: Heracross
|-damage|p2a: Heracross|134\/302
|move|p2a: Heracross|Close Combat|p1a: BigFarts
|-supereffective|p1a: BigFarts
|-damage|p1a: BigFarts|0 fnt
|-unboost|p2a: Heracross|def|1
|-unboost|p2a: Heracross|spd|1
|faint|p1a: BigFarts
|
|-heal|p2a: Heracross|152\/302|[from] item: Leftovers
|
|switch|p1a: Disappointed|Nidoqueen, F|200\/364
|turn|13
|
|switch|p2a: Rotom-Heat|Rotom-Heat|115\/241
|move|p1a: Disappointed|Fire Blast|p2a: Rotom-Heat
|-resisted|p2a: Rotom-Heat
|-damage|p2a: Rotom-Heat|38\/241
|
|turn|14
|
|move|p2a: Rotom-Heat|Trick|p1a: Disappointed
|-activate|p2a: Rotom-Heat|move: Trick|[of] p1a: Disappointed
|-item|p1a: Disappointed|Choice Scarf|[from] move: Trick
|-item|p2a: Rotom-Heat|Life Orb|[from] move: Trick
|move|p1a: Disappointed|Sludge Wave|p2a: Rotom-Heat
|-damage|p2a: Rotom-Heat|0 fnt
|faint|p2a: Rotom-Heat
|
|
|switch|p2a: Ditto|Ditto|36\/300
|-transform|p2a: Ditto|p1a: Disappointed
|turn|15
|
|move|p2a: Ditto|Earth Power|p1a: Disappointed
|-supereffective|p1a: Disappointed
|-damage|p1a: Disappointed|0 fnt
|faint|p1a: Disappointed
|
|
|switch|p1a: JosÃ© Luis|Ludicolo, M, shiny|285\/364
|turn|16
|
|switch|p2a: Tangrowth|Tangrowth, M|195\/404
|move|p1a: JosÃ© Luis|Ice Beam|p2a: Tangrowth
|-supereffective|p2a: Tangrowth
|-damage|p2a: Tangrowth|63\/404
|
|turn|17
|
|switch|p2a: Smeargle|Smeargle, M|314\/314
|move|p1a: JosÃ© Luis|Ice Beam|p2a: Smeargle
|-damage|p2a: Smeargle|131\/314
|
|turn|18
|
|move|p2a: Smeargle|Sticky Web|p1a: JosÃ© Luis
|-sidestart|p1: Potato Mountain|move: Sticky Web
|move|p1a: JosÃ© Luis|Giga Drain|p2a: Smeargle
|-damage|p2a: Smeargle|0 fnt
|-heal|p1a: JosÃ© Luis|351\/364|[from] drain|[of] p2a: Smeargle
|faint|p2a: Smeargle
|
|
|switch|p2a: Heracross|Heracross, F|152\/302
|turn|19
|
|move|p2a: Heracross|Megahorn|p1a: JosÃ© Luis|[miss]
|-miss|p2a: Heracross|p1a: JosÃ© Luis
|move|p1a: JosÃ© Luis|Hydro Pump|p2a: Heracross
|-damage|p2a: Heracross|0 fnt
|faint|p2a: Heracross
|
|
|switch|p2a: Tangrowth|Tangrowth, M|197\/404
|turn|20
|chat|Potato Mountain|the hax
|
|move|p1a: JosÃ© Luis|Ice Beam|p2a: Tangrowth
|-supereffective|p2a: Tangrowth
|-damage|p2a: Tangrowth|71\/404
|move|p2a: Tangrowth|Sludge Bomb|p1a: JosÃ© Luis
|-supereffective|p1a: JosÃ© Luis
|-damage|p1a: JosÃ© Luis|255\/364
|
|turn|21
|
|switch|p2a: Blastoise|Blastoise, M|362\/362
|move|p1a: JosÃ© Luis|Giga Drain|p2a: Blastoise
|-supereffective|p2a: Blastoise
|-damage|p2a: Blastoise|152\/362
|-heal|p1a: JosÃ© Luis|360\/364|[from] drain|[of] p2a: Blastoise
|
|turn|22
|
|-formechange|p2a: Blastoise|Blastoise-Mega
|message|Blastoise has Mega Evolved into Mega Blastoise!
|move|p2a: Blastoise|Dark Pulse|p1a: JosÃ© Luis
|-damage|p1a: JosÃ© Luis|261\/364
|move|p1a: JosÃ© Luis|Giga Drain|p2a: Blastoise
|-supereffective|p2a: Blastoise
|-damage|p2a: Blastoise|0 fnt
|-heal|p1a: JosÃ© Luis|337\/364|[from] drain|[of] p2a: Blastoise
|faint|p2a: Blastoise
|
|-message|Uncle Wiseau forfeited.
|
|win|Potato Mountain
|raw|Ladder updating...
|leave|Uncle Wiseau
|player|p2
|raw|Potato Mountain's rating: 1192 &rarr; <strong>1221<\/strong><br \/>(+29 for winning)
|raw|Uncle Wiseau's rating: 1255 &rarr; <strong>1226<\/strong><br \/>(-29 for losing)