|join|Uncle Wiseau
|join|sanamehe
|player|p1|Uncle Wiseau|102
|player|p2|sanamehe|165
|gametype|singles
|gen|6
|tier|UU
|rated
|rule|Sleep Clause Mod: Limit one foe put to sleep
|rule|Species Clause: Limit one of each PokÃ©mon
|rule|OHKO Clause: OHKO moves are banned
|rule|Moody Clause: Moody is banned
|rule|Evasion Moves Clause: Evasion moves are banned
|rule|Endless Battle Clause: Forcing endless battles is banned
|rule|HP Percentage Mod: HP is reported as percentages
|clearpoke
|poke|p1|Blissey, F
|poke|p1|Milotic, F
|poke|p1|Victini
|poke|p1|Lucario, M
|poke|p1|Donphan, M
|poke|p1|Roserade, F
|poke|p2|Donphan, F
|poke|p2|Heracross, F
|poke|p2|Crobat, F
|poke|p2|Victini, shiny
|poke|p2|Drapion, F
|poke|p2|Lucario, M
|rule|Swagger Clause: Swagger is banned
|rule|Baton Pass Clause: Limit three PokÃ©mon knowing Baton Pass
|teampreview
|
|start
|switch|p1a: Roserade|Roserade, F|262\/262
|switch|p2a: Crobat|Crobat, F|355\/355
|turn|1
|
|switch|p1a: Milotic|Milotic, F|394\/394
|move|p2a: Crobat|Toxic|p1a: Milotic
|-status|p1a: Milotic|tox
|
|-damage|p1a: Milotic|370\/394 tox|[from] psn
|turn|2
|
|switch|p1a: Donphan|Donphan, M|384\/384
|move|p2a: Crobat|Brave Bird|p1a: Donphan
|-damage|p1a: Donphan|279\/384
|-damage|p2a: Crobat|320\/355|[from] recoil|[of] p1a: Donphan
|
|-heal|p2a: Crobat|342\/355|[from] item: Black Sludge
|-heal|p1a: Donphan|303\/384|[from] item: Leftovers
|turn|3
|
|move|p2a: Crobat|Taunt|p1a: Donphan
|-start|p1a: Donphan|move: Taunt
|move|p1a: Donphan|Knock Off|p2a: Crobat
|-damage|p2a: Crobat|233\/355
|-enditem|p2a: Crobat|Black Sludge|[from] move: Knock Off|[of] p1a: Donphan
|
|-heal|p1a: Donphan|327\/384|[from] item: Leftovers
|turn|4
|
|move|p2a: Crobat|Toxic|p1a: Donphan
|-status|p1a: Donphan|tox
|move|p1a: Donphan|Knock Off|p2a: Crobat
|-damage|p2a: Crobat|166\/355
|
|-heal|p1a: Donphan|351\/384 tox|[from] item: Leftovers
|-damage|p1a: Donphan|327\/384 tox|[from] psn
|turn|5
|
|move|p2a: Crobat|Roost|p2a: Crobat
|-heal|p2a: Crobat|344\/355
|move|p1a: Donphan|Earthquake|p2a: Crobat
|-crit|p2a: Crobat
|-supereffective|p2a: Crobat
|-damage|p2a: Crobat|0 fnt
|faint|p2a: Crobat
|
|-heal|p1a: Donphan|351\/384 tox|[from] item: Leftovers
|-damage|p1a: Donphan|303\/384 tox|[from] psn
|-end|p1a: Donphan|move: Taunt
|
|switch|p2a: Ballsack|Victini, shiny|341\/341
|turn|6
|
|switch|p1a: Milotic|Milotic, F|370\/394 tox
|move|p2a: Ballsack|V-create|p1a: Milotic
|-resisted|p1a: Milotic
|-damage|p1a: Milotic|252\/394 tox
|-unboost|p2a: Ballsack|def|1
|-unboost|p2a: Ballsack|spd|1
|-unboost|p2a: Ballsack|spe|1
|
|-heal|p1a: Milotic|276\/394 tox|[from] item: Leftovers
|-damage|p1a: Milotic|252\/394 tox|[from] psn
|turn|7
|
|switch|p2a: Heracross|Heracross, F|301\/301
|move|p1a: Milotic|Recover|p1a: Milotic
|-heal|p1a: Milotic|394\/394 tox
|
|-damage|p1a: Milotic|346\/394 tox|[from] psn
|turn|8
|
|move|p1a: Milotic|Protect|p1a: Milotic
|-singleturn|p1a: Milotic|Protect
|move|p2a: Heracross|Megahorn|p1a: Milotic
|-activate|p1a: Milotic|Protect
|
|-heal|p1a: Milotic|370\/394 tox|[from] item: Leftovers
|-damage|p1a: Milotic|298\/394 tox|[from] psn
|turn|9
|
|switch|p2a: D.D. Rap|Drapion, F|324\/324
|switch|p1a: Lucario|Lucario, M|282\/282
|
|turn|10
|
|switch|p2a: Donphan|Donphan, F|384\/384
|move|p1a: Lucario|Swords Dance|p1a: Lucario
|-boost|p1a: Lucario|atk|2
|
|turn|11
|
|switch|p1a: Blissey|Blissey, F|714\/714
|move|p2a: Donphan|Earthquake|p1a: Blissey
|-damage|p1a: Blissey|458\/714
|
|-heal|p1a: Blissey|502\/714|[from] item: Leftovers
|turn|12
|
|move|p1a: Blissey|Stealth Rock|p2a: Donphan
|-sidestart|p2: sanamehe|move: Stealth Rock
|move|p2a: Donphan|Stealth Rock|p1a: Blissey
|-sidestart|p1: Uncle Wiseau|move: Stealth Rock
|
|-heal|p1a: Blissey|546\/714|[from] item: Leftovers
|turn|13
|
|move|p1a: Blissey|Thunder Wave|p2a: Donphan
|-immune|p2a: Donphan|[msg]
|move|p2a: Donphan|Rapid Spin|p1a: Blissey
|-damage|p1a: Blissey|510\/714
|-sideend|p2: sanamehe|Stealth Rock|[from] move: Rapid Spin|[of] p2a: Donphan
|
|-heal|p1a: Blissey|554\/714|[from] item: Leftovers
|turn|14
|
|move|p1a: Blissey|Thunder Wave|p2a: Donphan
|-immune|p2a: Donphan|[msg]
|move|p2a: Donphan|Earthquake|p1a: Blissey
|-damage|p1a: Blissey|314\/714
|
|-heal|p1a: Blissey|358\/714|[from] item: Leftovers
|turn|15
|
|move|p1a: Blissey|Soft-Boiled|p1a: Blissey
|-heal|p1a: Blissey|714\/714
|move|p2a: Donphan|Earthquake|p1a: Blissey
|-damage|p1a: Blissey|453\/714
|
|-heal|p1a: Blissey|497\/714|[from] item: Leftovers
|turn|16
|
|move|p1a: Blissey|Stealth Rock|p2a: Donphan
|-sidestart|p2: sanamehe|move: Stealth Rock
|move|p2a: Donphan|Earthquake|p1a: Blissey
|-damage|p1a: Blissey|244\/714
|
|-heal|p1a: Blissey|288\/714|[from] item: Leftovers
|turn|17
|
|switch|p1a: Roserade|Roserade, F|262\/262
|-damage|p1a: Roserade|230\/262|[from] Stealth Rock
|move|p2a: Donphan|Earthquake|p1a: Roserade
|-damage|p1a: Roserade|47\/262
|
|turn|18
|
|move|p2a: Donphan|Ice Shard|p1a: Roserade
|-supereffective|p1a: Roserade
|-damage|p1a: Roserade|0 fnt
|faint|p1a: Roserade
|
|
|switch|p1a: Donphan|Donphan, M|303\/384 tox
|-damage|p1a: Donphan|279\/384 tox|[from] Stealth Rock
|turn|19
|
|move|p2a: Donphan|Rapid Spin|p1a: Donphan
|-damage|p1a: Donphan|266\/384 tox
|-sideend|p2: sanamehe|Stealth Rock|[from] move: Rapid Spin|[of] p2a: Donphan
|move|p1a: Donphan|Knock Off|p2a: Donphan
|-crit|p2a: Donphan
|-damage|p2a: Donphan|305\/384
|-enditem|p2a: Donphan|Leftovers|[from] move: Knock Off|[of] p1a: Donphan
|
|-heal|p1a: Donphan|290\/384 tox|[from] item: Leftovers
|-damage|p1a: Donphan|266\/384 tox|[from] psn
|turn|20
|
|move|p2a: Donphan|Earthquake|p1a: Donphan
|-damage|p1a: Donphan|173\/384 tox
|move|p1a: Donphan|Rapid Spin|p2a: Donphan
|-damage|p2a: Donphan|293\/384
|-sideend|p1: Uncle Wiseau|Stealth Rock|[from] move: Rapid Spin|[of] p1a: Donphan
|
|-heal|p1a: Donphan|197\/384 tox|[from] item: Leftovers
|-damage|p1a: Donphan|149\/384 tox|[from] psn
|turn|21
|
|move|p2a: Donphan|Earthquake|p1a: Donphan
|-damage|p1a: Donphan|62\/384 tox
|move|p1a: Donphan|Rapid Spin|p2a: Donphan
|-damage|p2a: Donphan|281\/384
|
|-heal|p1a: Donphan|86\/384 tox|[from] item: Leftovers
|-damage|p1a: Donphan|14\/384 tox|[from] psn
|turn|22
|
|move|p2a: Donphan|Stealth Rock|p1a: Donphan
|-sidestart|p1: Uncle Wiseau|move: Stealth Rock
|move|p1a: Donphan|Endeavor|p2a: Donphan
|-damage|p2a: Donphan|14\/384
|
|-heal|p1a: Donphan|38\/384 tox|[from] item: Leftovers
|-damage|p1a: Donphan|0 fnt|[from] psn
|faint|p1a: Donphan
|
|switch|p1a: Lucario|Lucario, M|282\/282
|-damage|p1a: Lucario|274\/282|[from] Stealth Rock
|turn|23
|
|move|p1a: Lucario|Extreme Speed|p2a: Donphan
|-damage|p2a: Donphan|0 fnt
|-damage|p1a: Lucario|246\/282|[from] item: Life Orb
|faint|p2a: Donphan
|
|
|switch|p2a: Ballsack|Victini, shiny|341\/341
|turn|24
|
|switch|p1a: Milotic|Milotic, F|298\/394 tox
|-damage|p1a: Milotic|249\/394 tox|[from] Stealth Rock
|move|p2a: Ballsack|U-turn|p1a: Milotic
|-damage|p1a: Milotic|189\/394 tox
|
|switch|p2a: D.D. Rap|Drapion, F|324\/324
|
|-heal|p1a: Milotic|213\/394 tox|[from] item: Leftovers
|-damage|p1a: Milotic|189\/394 tox|[from] psn
|turn|25
|
|switch|p1a: Lucario|Lucario, M|246\/282
|-damage|p1a: Lucario|238\/282|[from] Stealth Rock
|move|p2a: D.D. Rap|Cross Poison|p1a: Lucario
|-immune|p1a: Lucario|[msg]
|
|turn|26
|
|switch|p2a: Ballsack|Victini, shiny|341\/341
|move|p1a: Lucario|Close Combat|p2a: Ballsack
|-resisted|p2a: Ballsack
|-damage|p2a: Ballsack|195\/341
|-unboost|p1a: Lucario|def|1
|-unboost|p1a: Lucario|spd|1
|-damage|p1a: Lucario|210\/282|[from] item: Life Orb
|
|turn|27
|
|switch|p1a: Blissey|Blissey, F|288\/714
|-damage|p1a: Blissey|199\/714|[from] Stealth Rock
|move|p2a: Ballsack|Bolt Strike|p1a: Blissey
|-damage|p1a: Blissey|0 fnt
|faint|p1a: Blissey
|
|
|switch|p1a: Victini|Victini|341\/341
|-damage|p1a: Victini|256\/341|[from] Stealth Rock
|turn|28
|
|move|p1a: Victini|Bolt Strike|p2a: Ballsack
|-damage|p2a: Ballsack|12\/341
|move|p2a: Ballsack|Bolt Strike|p1a: Victini
|-damage|p1a: Victini|64\/341
|
|turn|29
|
|move|p1a: Victini|Bolt Strike|p2a: Ballsack
|-damage|p2a: Ballsack|0 fnt
|faint|p2a: Ballsack
|
|
|switch|p2a: Heracross|Heracross, F|301\/301
|turn|30
|
|move|p2a: Heracross|Close Combat|p1a: Victini
|-resisted|p1a: Victini
|-damage|p1a: Victini|0 fnt
|-unboost|p2a: Heracross|def|1
|-unboost|p2a: Heracross|spd|1
|faint|p1a: Victini
|-boost|p2a: Heracross|atk|1|[from] ability: Moxie
|
|
|switch|p1a: Milotic|Milotic, F|189\/394 tox
|-damage|p1a: Milotic|140\/394 tox|[from] Stealth Rock
|turn|31
|
|move|p2a: Heracross|Close Combat|p1a: Milotic
|-damage|p1a: Milotic|0 fnt
|-unboost|p2a: Heracross|def|1
|-unboost|p2a: Heracross|spd|1
|faint|p1a: Milotic
|-boost|p2a: Heracross|atk|1|[from] ability: Moxie
|
|
|switch|p1a: Lucario|Lucario, M|210\/282
|-damage|p1a: Lucario|202\/282|[from] Stealth Rock
|turn|32
|
|move|p2a: Heracross|Close Combat|p1a: Lucario
|-supereffective|p1a: Lucario
|-damage|p1a: Lucario|0 fnt
|-unboost|p2a: Heracross|def|1
|-unboost|p2a: Heracross|spd|1
|faint|p1a: Lucario
|-boost|p2a: Heracross|atk|1|[from] ability: Moxie
|
|win|sanamehe
|raw|Ladder updating...
|raw|Uncle Wiseau's rating: 1625 &rarr; <strong>1599<\/strong><br \/>(-26 for losing)
|raw|sanamehe's rating: 1531 &rarr; <strong>1556<\/strong><br \/>(+25 for winning)
|chat|sanamehe|gg