|join|uncle wiseau
|join|lolzyewyew
|player|p1|uncle wiseau|169
|player|p2|lolzyewyew|28
|gametype|singles
|gen|6
|tier|UU
|rated
|rule|Sleep Clause Mod: Limit one foe put to sleep
|rule|Species Clause: Limit one of each Pokemon
|rule|OHKO Clause: OHKO moves are banned
|rule|Moody Clause: Moody is banned
|rule|Evasion Moves Clause: Evasion moves are banned
|rule|Endless Battle Clause: Forcing endless battles is banned.
|rule|HP Percentage Mod: HP is reported as percentages
|clearpoke
|poke|p1|Empoleon, M
|poke|p1|Tangrowth, F
|poke|p1|Rhyperior, M
|poke|p1|Mienshao, F
|poke|p1|Victini
|poke|p1|Raikou
|poke|p2|Heracross, M
|poke|p2|Raikou, shiny
|poke|p2|Porygon2
|poke|p2|Blastoise, M
|poke|p2|Victini
|poke|p2|Bronzong
|teampreview
|
|start
|switch|p1a: Victini|Victini|341\/341
|switch|p2a: Victini|Victini|341\/341
|turn|1
|
|switch|p1a: Rhyperior|Rhyperior, M|434\/434
|move|p2a: Victini|U-turn|p1a: Rhyperior
|-damage|p1a: Rhyperior|389\/434
|
|switch|p2a: Blastoise|Blastoise, M|362\/362
|
|turn|2
|
|switch|p1a: Tangrowth|Tangrowth, F|404\/404
|-formechange|p2a: Blastoise|Blastoise-Mega
|message|Blastoise has Mega Evolved into Mega Blastoise!
|move|p2a: Blastoise|Aura Sphere|p1a: Tangrowth
|-damage|p1a: Tangrowth|297\/404
|
|turn|3
|
|move|p2a: Blastoise|Dark Pulse|p1a: Tangrowth
|-damage|p1a: Tangrowth|183\/404
|move|p1a: Tangrowth|Knock Off|p2a: Blastoise
|-damage|p2a: Blastoise|321\/362
|
|turn|4
|
|switch|p1a: Empoleon|Empoleon, M|372\/372
|move|p2a: Blastoise|Dark Pulse|p1a: Empoleon
|-damage|p1a: Empoleon|251\/372
|
|-heal|p1a: Empoleon|274\/372|[from] item: Leftovers
|turn|5
|
|switch|p1a: Tangrowth|Tangrowth, F|317\/404
|move|p2a: Blastoise|Aura Sphere|p1a: Tangrowth
|-damage|p1a: Tangrowth|203\/404
|
|turn|6
|
|move|p2a: Blastoise|Dark Pulse|p1a: Tangrowth
|-damage|p1a: Tangrowth|84\/404
|move|p1a: Tangrowth|Power Whip|p2a: Blastoise|[miss]
|-miss|p1a: Tangrowth|p2a: Blastoise
|
|turn|7
|
|switch|p1a: Raikou|Raikou|374\/374
|-ability|p1a: Raikou|Pressure
|move|p2a: Blastoise|Aura Sphere|p1a: Raikou
|-damage|p1a: Raikou|200\/374
|
|-heal|p1a: Raikou|223\/374|[from] item: Leftovers
|turn|8
|
|move|p1a: Raikou|Thunderbolt|p2a: Blastoise
|-supereffective|p2a: Blastoise
|-damage|p2a: Blastoise|67\/362
|move|p2a: Blastoise|Scald|p1a: Raikou
|-damage|p1a: Raikou|66\/374
|-status|p1a: Raikou|brn
|
|-heal|p1a: Raikou|89\/374 brn|[from] item: Leftovers
|-damage|p1a: Raikou|43\/374 brn|[from] brn
|turn|9
|
|switch|p2a: Raikou|Raikou, shiny|322\/322
|-ability|p2a: Raikou|Pressure
|move|p1a: Raikou|Thunderbolt|p2a: Raikou
|-resisted|p2a: Raikou
|-damage|p2a: Raikou|245\/322
|
|-heal|p1a: Raikou|66\/374 brn|[from] item: Leftovers
|-damage|p1a: Raikou|20\/374 brn|[from] brn
|turn|10
|
|move|p1a: Raikou|Shadow Ball|p2a: Raikou
|-damage|p2a: Raikou|161\/322
|move|p2a: Raikou|Hidden Power|p1a: Raikou
|-damage|p1a: Raikou|0 fnt
|-damage|p2a: Raikou|129\/322|[from] item: Life Orb
|faint|p1a: Raikou
|
|
|switch|p1a: Mienshao|Mienshao, F|271\/271
|turn|11
|
|switch|p2a: Blastoise|Blastoise, M|67\/362
|-formechange|p2a: Blastoise|Blastoise-Mega
|move|p1a: Mienshao|High Jump Kick|p2a: Blastoise
|-damage|p2a: Blastoise|0 fnt
|faint|p2a: Blastoise
|
|
|switch|p2a: Heracross|Heracross, M|302\/302
|turn|12
|
|switch|p1a: Tangrowth|Tangrowth, F|218\/404
|move|p2a: Heracross|Close Combat|p1a: Tangrowth
|-damage|p1a: Tangrowth|53\/404
|-unboost|p2a: Heracross|def|1
|-unboost|p2a: Heracross|spd|1
|
|turn|13
|
|move|p2a: Heracross|Close Combat|p1a: Tangrowth
|-damage|p1a: Tangrowth|0 fnt
|-unboost|p2a: Heracross|def|1
|-unboost|p2a: Heracross|spd|1
|faint|p1a: Tangrowth
|-boost|p2a: Heracross|atk|1|[from] ability: Moxie
|
|
|switch|p1a: Victini|Victini|341\/341
|turn|14
|
|switch|p2a: Victini|Victini|341\/341
|move|p1a: Victini|V-create|p2a: Victini
|-resisted|p2a: Victini
|-damage|p2a: Victini|146\/341
|-unboost|p1a: Victini|def|1
|-unboost|p1a: Victini|spd|1
|-unboost|p1a: Victini|spe|1
|
|turn|15
|
|switch|p1a: Rhyperior|Rhyperior, M|389\/434
|move|p2a: Victini|U-turn|p1a: Rhyperior
|-crit|p1a: Rhyperior
|-damage|p1a: Rhyperior|322\/434
|
|switch|p2a: Bronzong|Bronzong|338\/338
|
|turn|16
|
|move|p1a: Rhyperior|Megahorn|p2a: Bronzong
|-damage|p2a: Bronzong|255\/338
|move|p2a: Bronzong|Stealth Rock|p1a: Rhyperior
|-sidestart|p1: uncle wiseau|move: Stealth Rock
|
|-heal|p2a: Bronzong|276\/338|[from] item: Leftovers
|turn|17
|
|move|p1a: Rhyperior|Megahorn|p2a: Bronzong
|-damage|p2a: Bronzong|196\/338
|move|p2a: Bronzong|Earthquake|p1a: Rhyperior
|-supereffective|p1a: Rhyperior
|-damage|p1a: Rhyperior|246\/434
|
|-heal|p2a: Bronzong|217\/338|[from] item: Leftovers
|turn|18
|
|switch|p1a: Empoleon|Empoleon, M|274\/372
|-damage|p1a: Empoleon|251\/372|[from] Stealth Rock
|switch|p2a: Heracross|Heracross, M|302\/302
|
|-heal|p1a: Empoleon|274\/372|[from] item: Leftovers
|turn|19
|
|switch|p1a: Rhyperior|Rhyperior, M|246\/434
|-damage|p1a: Rhyperior|219\/434|[from] Stealth Rock
|move|p2a: Heracross|Earthquake|p1a: Rhyperior
|-supereffective|p1a: Rhyperior
|-damage|p1a: Rhyperior|113\/434
|
|turn|20
|
|switch|p1a: Victini|Victini|341\/341
|-damage|p1a: Victini|256\/341|[from] Stealth Rock
|move|p2a: Heracross|Earthquake|p1a: Victini
|-supereffective|p1a: Victini
|-damage|p1a: Victini|16\/341
|
|turn|21
|
|switch|p2a: Raikou|Raikou, shiny|129\/322
|-ability|p2a: Raikou|Pressure
|move|p1a: Victini|V-create|p2a: Raikou
|-damage|p2a: Raikou|0 fnt
|-unboost|p1a: Victini|def|1
|-unboost|p1a: Victini|spd|1
|-unboost|p1a: Victini|spe|1
|faint|p2a: Raikou
|
|
|switch|p2a: Heracross|Heracross, M|302\/302
|turn|22
|
|switch|p1a: Rhyperior|Rhyperior, M|113\/434
|-damage|p1a: Rhyperior|86\/434|[from] Stealth Rock
|move|p2a: Heracross|Earthquake|p1a: Rhyperior
|-supereffective|p1a: Rhyperior
|-damage|p1a: Rhyperior|0 fnt
|faint|p1a: Rhyperior
|-boost|p2a: Heracross|atk|1|[from] ability: Moxie
|
|
|switch|p1a: Mienshao|Mienshao, F|271\/271
|-damage|p1a: Mienshao|255\/271|[from] Stealth Rock
|turn|23
|
|move|p1a: Mienshao|Aerial Ace|p2a: Heracross
|-supereffective|p2a: Heracross
|-damage|p2a: Heracross|0 fnt
|faint|p2a: Heracross
|
|
|switch|p2a: Bronzong|Bronzong|217\/338
|turn|24
|
|switch|p1a: Empoleon|Empoleon, M|274\/372
|-damage|p1a: Empoleon|251\/372|[from] Stealth Rock
|move|p2a: Bronzong|Earthquake|p1a: Empoleon
|-crit|p1a: Empoleon
|-supereffective|p1a: Empoleon
|-damage|p1a: Empoleon|45\/372
|
|-heal|p1a: Empoleon|68\/372|[from] item: Leftovers
|-heal|p2a: Bronzong|238\/338|[from] item: Leftovers
|turn|25
|
|move|p1a: Empoleon|Defog|p2a: Bronzong
|-unboost|p2a: Bronzong|evasion|1
|-sideend|p1: uncle wiseau|Stealth Rock|[from] move: Defog|[of] p1a: Empoleon
|move|p2a: Bronzong|Stealth Rock|p1a: Empoleon
|-sidestart|p1: uncle wiseau|move: Stealth Rock
|
|-heal|p1a: Empoleon|91\/372|[from] item: Leftovers
|-heal|p2a: Bronzong|259\/338|[from] item: Leftovers
|turn|26
|
|move|p1a: Empoleon|Defog|p2a: Bronzong
|-unboost|p2a: Bronzong|evasion|1
|-sideend|p1: uncle wiseau|Stealth Rock|[from] move: Defog|[of] p1a: Empoleon
|move|p2a: Bronzong|Stealth Rock|p1a: Empoleon
|-sidestart|p1: uncle wiseau|move: Stealth Rock
|
|-heal|p1a: Empoleon|114\/372|[from] item: Leftovers
|-heal|p2a: Bronzong|280\/338|[from] item: Leftovers
|turn|27
|
|move|p1a: Empoleon|Defog|p2a: Bronzong
|-unboost|p2a: Bronzong|evasion|1
|-sideend|p1: uncle wiseau|Stealth Rock|[from] move: Defog|[of] p1a: Empoleon
|move|p2a: Bronzong|Earthquake|p1a: Empoleon
|-supereffective|p1a: Empoleon
|-damage|p1a: Empoleon|0 fnt
|faint|p1a: Empoleon
|
|-heal|p2a: Bronzong|301\/338|[from] item: Leftovers
|
|switch|p1a: Victini|Victini|16\/341
|turn|28
|
|move|p1a: Victini|V-create|p2a: Bronzong
|-supereffective|p2a: Bronzong
|-damage|p2a: Bronzong|0 fnt
|-unboost|p1a: Victini|def|1
|-unboost|p1a: Victini|spd|1
|-unboost|p1a: Victini|spe|1
|faint|p2a: Bronzong
|
|
|switch|p2a: Victini|Victini|146\/341
|turn|29
|
|move|p2a: Victini|U-turn|p1a: Victini
|-damage|p1a: Victini|0 fnt
|faint|p1a: Victini
|
|switch|p2a: Porygon2|Porygon2|374\/374
|
|
|switch|p1a: Mienshao|Mienshao, F|271\/271
|turn|30
|
|move|p1a: Mienshao|High Jump Kick|p2a: Porygon2
|-crit|p2a: Porygon2
|-supereffective|p2a: Porygon2
|-damage|p2a: Porygon2|0 fnt
|faint|p2a: Porygon2
|
|
|switch|p2a: Victini|Victini|146\/341
|turn|31
|
|move|p1a: Mienshao|High Jump Kick|p2a: Victini
|-resisted|p2a: Victini
|-damage|p2a: Victini|32\/341
|move|p2a: Victini|V-create|p1a: Mienshao
|-damage|p1a: Mienshao|0 fnt
|-unboost|p2a: Victini|def|1
|-unboost|p2a: Victini|spd|1
|-unboost|p2a: Victini|spe|1
|faint|p1a: Mienshao
|
|win|lolzyewyew
|raw|Ladder updating...
|raw|uncle wiseau's rating: 1454 &rarr; <strong>1437<\/strong><br \/>(-17 for losing)
|raw|lolzyewyew's rating: 1498 &rarr; <strong>1516<\/strong><br \/>(+18 for winning)
|chat|lolzyewyew|gg