|join|uncle wiseau
|join|YumaTaiwo
|player|p1|uncle wiseau|101
|player|p2|YumaTaiwo|63
|gametype|singles
|gen|6
|tier|UU
|rated
|rule|Sleep Clause Mod: Limit one foe put to sleep
|rule|Species Clause: Limit one of each PokÃ©mon
|rule|OHKO Clause: OHKO moves are banned
|rule|Moody Clause: Moody is banned
|rule|Evasion Moves Clause: Evasion moves are banned
|rule|Endless Battle Clause: Forcing endless battles is banned
|rule|HP Percentage Mod: HP is shown in percentages
|clearpoke
|poke|p1|Medicham, M
|poke|p1|Jirachi
|poke|p1|Suicune
|poke|p1|Darmanitan, M
|poke|p1|Ditto
|poke|p1|Gligar, F
|poke|p2|Absol, F, shiny
|poke|p2|Jirachi, shiny
|poke|p2|Celebi
|poke|p2|Porygon-Z, shiny
|poke|p2|Raikou, shiny
|poke|p2|Honchkrow, M
|rule|Swagger Clause: Swagger is banned
|rule|Baton Pass Clause: Limit one PokÃ©mon knowing Baton Pass
|teampreview
|
|start
|switch|p1a: Darmanitan|Darmanitan, M|351\/351
|switch|p2a: I'm Dead|Jirachi, shiny|403\/403
|turn|1
|
|move|p1a: Darmanitan|Flare Blitz|p2a: I'm Dead
|-supereffective|p2a: I'm Dead
|-damage|p2a: I'm Dead|0 fnt
|-damage|p1a: Darmanitan|293\/351|[from] item: Rocky Helmet|[of] p2a: I'm Dead
|-damage|p1a: Darmanitan|160\/351|[from] recoil|[of] p2a: I'm Dead
|faint|p2a: I'm Dead
|
|
|switch|p2a: NightJanitor|Honchkrow, M|341\/341
|turn|2
|
|move|p2a: NightJanitor|Sucker Punch|p1a: Darmanitan
|-damage|p1a: Darmanitan|0 fnt
|faint|p1a: Darmanitan
|
|
|switch|p1a: Jirachi|Jirachi|404\/404
|turn|3
|
|move|p1a: Jirachi|Stealth Rock|p2a: NightJanitor
|-sidestart|p2: YumaTaiwo|move: Stealth Rock
|move|p2a: NightJanitor|Night Slash|p1a: Jirachi
|-crit|p1a: Jirachi
|-supereffective|p1a: Jirachi
|-damage|p1a: Jirachi|50\/404
|
|-heal|p1a: Jirachi|75\/404|[from] item: Leftovers
|turn|4
|
|switch|p1a: Suicune|Suicune|403\/403
|-ability|p1a: Suicune|Pressure
|move|p2a: NightJanitor|Sucker Punch|p1a: Suicune
|-fail|p1a: Suicune
|
|turn|5
|
|move|p1a: Suicune|Calm Mind|p1a: Suicune
|-boost|p1a: Suicune|spa|1
|-boost|p1a: Suicune|spd|1
|move|p2a: NightJanitor|Brave Bird|p1a: Suicune
|-crit|p1a: Suicune
|-damage|p1a: Suicune|171\/403
|-damage|p2a: NightJanitor|264\/341|[from] recoil|[of] p1a: Suicune
|
|turn|6
|
|move|p1a: Suicune|Rest|p1a: Suicune
|-status|p1a: Suicune|slp
|-heal|p1a: Suicune|403\/403 slp|[silent]
|-status|p1a: Suicune|slp|[from] move: Rest
|-enditem|p1a: Suicune|Chesto Berry|[eat]
|-curestatus|p1a: Suicune|slp
|move|p2a: NightJanitor|Brave Bird|p1a: Suicune
|-damage|p1a: Suicune|244\/403
|-damage|p2a: NightJanitor|212\/341|[from] recoil|[of] p1a: Suicune
|
|turn|7
|
|move|p1a: Suicune|Calm Mind|p1a: Suicune
|-boost|p1a: Suicune|spa|1
|-boost|p1a: Suicune|spd|1
|move|p2a: NightJanitor|Night Slash|p1a: Suicune
|-crit|p1a: Suicune
|-damage|p1a: Suicune|105\/403
|
|turn|8
|
|move|p1a: Suicune|Ice Beam|p2a: NightJanitor
|-supereffective|p2a: NightJanitor
|-damage|p2a: NightJanitor|0 fnt
|faint|p2a: NightJanitor
|
|
|switch|p2a: EpilepticTechno|Porygon-Z, shiny|311\/311
|-damage|p2a: EpilepticTechno|273\/311|[from] Stealth Rock
|turn|9
|
|move|p2a: EpilepticTechno|Tri Attack|p1a: Suicune
|-damage|p1a: Suicune|23\/403
|move|p1a: Suicune|Scald|p2a: EpilepticTechno
|-damage|p2a: EpilepticTechno|42\/311
|
|turn|10
|
|switch|p1a: Jirachi|Jirachi|75\/404
|move|p2a: EpilepticTechno|Tri Attack|p1a: Jirachi
|-resisted|p1a: Jirachi
|-damage|p1a: Jirachi|5\/404
|
|-heal|p1a: Jirachi|30\/404|[from] item: Leftovers
|turn|11
|
|move|p2a: EpilepticTechno|Tri Attack|p1a: Jirachi
|-resisted|p1a: Jirachi
|-damage|p1a: Jirachi|0 fnt
|faint|p1a: Jirachi
|
|
|switch|p1a: Medicham|Medicham, M|261\/261
|turn|12
|
|switch|p2a: Tears|Celebi|396\/396
|-damage|p2a: Tears|347\/396|[from] Stealth Rock
|detailschange|p1a: Medicham|Medicham-Mega, M
|-mega|p1a: Medicham|Medicham|Medichamite
|move|p1a: Medicham|Fake Out|p2a: Tears
|-damage|p2a: Tears|261\/396
|
|-heal|p2a: Tears|285\/396|[from] item: Leftovers
|turn|13
|
|move|p1a: Medicham|High Jump Kick|p2a: Tears
|-resisted|p2a: Tears
|-damage|p2a: Tears|66\/396
|move|p2a: Tears|Psychic|p1a: Medicham
|-damage|p1a: Medicham|90\/261
|
|-heal|p2a: Tears|90\/396|[from] item: Leftovers
|turn|14
|
|move|p1a: Medicham|Drain Punch|p2a: Tears
|-crit|p2a: Tears
|-resisted|p2a: Tears
|-damage|p2a: Tears|0 fnt
|-heal|p1a: Medicham|135\/261|[from] drain|[of] p2a: Tears
|faint|p2a: Tears
|
|
|switch|p2a: EpilepticTechno|Porygon-Z, shiny|42\/311
|-damage|p2a: EpilepticTechno|4\/311|[from] Stealth Rock
|turn|15
|
|switch|p1a: Suicune|Suicune|23\/403
|-ability|p1a: Suicune|Pressure
|move|p2a: EpilepticTechno|Tri Attack|p1a: Suicune
|-damage|p1a: Suicune|0 fnt
|faint|p1a: Suicune
|
|
|switch|p1a: Ditto|Ditto|299\/299
|-transform|p1a: Ditto|p2a: EpilepticTechno
|turn|16
|
|move|p2a: EpilepticTechno|Tri Attack|p1a: Ditto
|-damage|p1a: Ditto|31\/299
|move|p1a: Ditto|Tri Attack|p2a: EpilepticTechno
|-damage|p2a: EpilepticTechno|0 fnt
|faint|p2a: EpilepticTechno
|
|
|switch|p2a: PrettyWings|Absol, F, shiny|271\/271
|-damage|p2a: PrettyWings|238\/271|[from] Stealth Rock
|-ability|p2a: PrettyWings|Pressure
|turn|17
|
|switch|p1a: Gligar|Gligar, F|334\/334
|detailschange|p2a: PrettyWings|Absol-Mega, F, shiny
|-mega|p2a: PrettyWings|Absol|Absolite
|move|p2a: PrettyWings|Sucker Punch|p1a: Gligar
|-fail|p1a: Gligar
|
|turn|18
|
|switch|p2a: YellowSacred|Raikou, shiny|321\/321
|-damage|p2a: YellowSacred|281\/321|[from] Stealth Rock
|-ability|p2a: YellowSacred|Pressure
|move|p1a: Gligar|Earthquake|p2a: YellowSacred
|-supereffective|p2a: YellowSacred
|-damage|p2a: YellowSacred|33\/321
|
|turn|19
|
|switch|p1a: Ditto|Ditto|31\/299
|-transform|p1a: Ditto|p2a: YellowSacred
|-ability|p1a: Ditto|Pressure
|move|p2a: YellowSacred|Shadow Ball|p1a: Ditto
|-damage|p1a: Ditto|0 fnt
|-damage|p2a: YellowSacred|1\/321|[from] item: Life Orb
|faint|p1a: Ditto
|
|
|switch|p1a: Medicham|Medicham-Mega, M|135\/261
|turn|20
|
|move|p1a: Medicham|Fake Out|p2a: YellowSacred
|-damage|p2a: YellowSacred|0 fnt
|faint|p2a: YellowSacred
|
|
|switch|p2a: PrettyWings|Absol-Mega, F, shiny|238\/271
|-damage|p2a: PrettyWings|205\/271|[from] Stealth Rock
|turn|21
|
|switch|p1a: Gligar|Gligar, F|334\/334
|move|p2a: PrettyWings|Knock Off|p1a: Gligar
|-damage|p1a: Gligar|213\/334
|-enditem|p1a: Gligar|Eviolite|[from] move: Knock Off|[of] p2a: PrettyWings
|
|turn|22
|
|move|p2a: PrettyWings|Zen Headbutt|p1a: Gligar
|-damage|p1a: Gligar|120\/334
|move|p1a: Gligar|Earthquake|p2a: PrettyWings
|-damage|p2a: PrettyWings|60\/271
|
|turn|23
|c|âYumaTaiwo|gg
|
|move|p2a: PrettyWings|Knock Off|p1a: Gligar
|-damage|p1a: Gligar|0 fnt
|faint|p1a: Gligar
|
|c|âuncle wiseau|gg
|
|switch|p1a: Medicham|Medicham-Mega, M|135\/261
|turn|24
|
|move|p1a: Medicham|Fake Out|p2a: PrettyWings
|-damage|p2a: PrettyWings|0 fnt
|faint|p2a: PrettyWings
|
|win|uncle wiseau
|raw|Ladder updating...
|c|âYumaTaiwo|close one
|raw|uncle wiseau's rating: 1556 &rarr; <strong>1562<\/strong><br \/>(+6 for winning)
|raw|YumaTaiwo's rating: 1264 &rarr; <strong>1256<\/strong><br \/>(-8 for losing)
|c|âuncle wiseau|ya
|c|âYumaTaiwo|damn that rating
|c|âYumaTaiwo|xD
|c|âuncle wiseau|i still feel like i lose too much
|c|âuncle wiseau|especially to bulky psychics
|c|âYumaTaiwo|Eh everyone loses occasionally
|c|âYumaTaiwo|it's healthy
|c|âYumaTaiwo|it humbles us
|c|âuncle wiseau|for sure gg