|join|Uncle Wiseau
|join|kenzo
|player|p1|Uncle Wiseau|101
|player|p2|kenzo|117
|gametype|singles
|tier|UU (suspect test)
|rated
|rule|Sleep Clause Mod: Limit one foe put to sleep
|rule|Species Clause: Limit one of each Pokemon
|rule|OHKO Clause: OHKO moves are banned
|rule|Moody Clause: Moody is banned
|rule|Evasion Moves Clause: Evasion moves are banned
|rule|HP Percentage Mod: HP is reported as percentages
|rule|Evasion Abilities Clause: Evasion abilities are banned
|clearpoke
|poke|p1|Claydol
|poke|p1|Mienshao, M
|poke|p1|Chandelure, F
|poke|p1|Qwilfish, M
|poke|p1|Zapdos
|poke|p1|Umbreon, F
|poke|p2|Raikou
|poke|p2|Shaymin
|poke|p2|Nidoqueen, F
|poke|p2|Heracross, M
|poke|p2|Kingdra, M
|poke|p2|Snorlax, M
|teampreview
|callback|decision
|
|start
|switch|p1a: Mienshao|Mienshao, M|271\/271
|switch|p2a: Nidoqueen|Nidoqueen, F|346\/346
|turn|1
|callback|decision
|
|move|p1a: Mienshao|U-turn|p2a: Nidoqueen
|-resisted|p2a: Nidoqueen
|-damage|p2a: Nidoqueen|297\/346
|callback|decision
|
|switch|p1a: Umbreon|Umbreon, F|394\/394
|move|p2a: Nidoqueen|Stealth Rock|p1a: Umbreon
|-sidestart|p1: Uncle Wiseau|move: Stealth Rock
|
|turn|2
|callback|decision
|
|move|p2a: Nidoqueen|Earth Power|p1a: Umbreon
|-damage|p1a: Umbreon|280\/394
|move|p1a: Umbreon|Wish|p1a: Umbreon
|
|-heal|p1a: Umbreon|304\/394|[from] item: Leftovers
|turn|3
|callback|decision
|
|switch|p2a: Shaymin|Shaymin|341\/341
|move|p1a: Umbreon|Foul Play|p2a: Shaymin
|-damage|p2a: Shaymin|241\/341
|
|-heal|p1a: Umbreon|394\/394|[from] move: Wish|[wisher] Umbreon
|turn|4
|callback|decision
|
|move|p2a: Shaymin|Seed Flare|p1a: Umbreon
|-damage|p1a: Umbreon|281\/394
|-damage|p2a: Shaymin|207\/341|[from] item: Life Orb
|move|p1a: Umbreon|Foul Play|p2a: Shaymin
|-damage|p2a: Shaymin|114\/341
|
|-heal|p1a: Umbreon|305\/394|[from] item: Leftovers
|turn|5
|callback|decision
|
|move|p2a: Shaymin|Rest|p2a: Shaymin
|-status|p2a: Shaymin|slp
|-heal|p2a: Shaymin|341\/341 slp|[silent]
|-status|p2a: Shaymin|slp|[from] move: Rest
|move|p1a: Umbreon|Foul Play|p2a: Shaymin
|-damage|p2a: Shaymin|247\/341 slp
|
|-heal|p1a: Umbreon|329\/394|[from] item: Leftovers
|turn|6
|callback|decision
|
|switch|p2a: Heracross|Heracross, M|301\/301
|switch|p1a: Mienshao|Mienshao, M|271\/271
|-damage|p1a: Mienshao|255\/271|[from] Stealth Rock
|
|turn|7
|callback|decision
|
|move|p1a: Mienshao|Aerial Ace|p2a: Heracross
|-supereffective|p2a: Heracross
|-damage|p2a: Heracross|0 fnt
|faint|p2a: Heracross
|
|callback|decision
|
|switch|p2a: Raikou|Raikou|322\/322
|-ability|p2a: Raikou|Pressure
|turn|8
|callback|decision
|
|switch|p1a: Claydol|Claydol|324\/324
|-damage|p1a: Claydol|304\/324|[from] Stealth Rock
|move|p2a: Raikou|Substitute|p2a: Raikou
|-start|p2a: Raikou|Substitute
|-damage|p2a: Raikou|242\/322
|
|-heal|p2a: Raikou|262\/322|[from] item: Leftovers
|-heal|p1a: Claydol|324\/324|[from] item: Leftovers
|turn|9
|callback|decision
|
|move|p2a: Raikou|Calm Mind|p2a: Raikou
|-boost|p2a: Raikou|spa|1
|-boost|p2a: Raikou|spd|1
|move|p1a: Claydol|Earthquake|p2a: Raikou
|-supereffective|p2a: Raikou
|-end|p2a: Raikou|Substitute
|
|-heal|p2a: Raikou|282\/322|[from] item: Leftovers
|turn|10
|callback|decision
|
|switch|p2a: Shaymin|Shaymin|247\/341
|move|p1a: Claydol|Earthquake|p2a: Shaymin
|-resisted|p2a: Shaymin
|-damage|p2a: Shaymin|201\/341
|
|turn|11
|callback|decision
|
|switch|p1a: Zapdos|Zapdos|384\/384
|-damage|p1a: Zapdos|288\/384|[from] Stealth Rock
|-ability|p1a: Zapdos|Pressure
|move|p2a: Shaymin|Seed Flare|p1a: Zapdos
|-resisted|p1a: Zapdos
|-damage|p1a: Zapdos|187\/384
|-unboost|p1a: Zapdos|spd|2
|-damage|p2a: Shaymin|167\/341|[from] item: Life Orb
|
|-heal|p1a: Zapdos|211\/384|[from] item: Leftovers
|turn|12
|callback|decision
|
|switch|p2a: Kingdra|Kingdra, M|291\/291
|move|p1a: Zapdos|Hidden Power|p2a: Kingdra
|-damage|p2a: Kingdra|224\/291
|
|-heal|p1a: Zapdos|235\/384|[from] item: Leftovers
|turn|13
|callback|decision
|
|move|p2a: Kingdra|Draco Meteor|p1a: Zapdos
|-damage|p1a: Zapdos|0 fnt
|-unboost|p2a: Kingdra|spa|2
|faint|p1a: Zapdos
|
|callback|decision
|
|switch|p1a: Mienshao|Mienshao, M|271\/271
|-damage|p1a: Mienshao|255\/271|[from] Stealth Rock
|turn|14
|callback|decision
|
|move|p1a: Mienshao|U-turn|p2a: Kingdra
|-damage|p2a: Kingdra|132\/291
|callback|decision
|
|switch|p1a: Qwilfish|Qwilfish, M|334\/334
|-damage|p1a: Qwilfish|293\/334|[from] Stealth Rock
|-ability|p1a: Qwilfish|Intimidate|[of] p2a: Kingdra
|-unboost|p2a: Kingdra|atk|1
|move|p2a: Kingdra|Draco Meteor|p1a: Qwilfish
|-damage|p1a: Qwilfish|50\/334
|-unboost|p2a: Kingdra|spa|2
|
|-heal|p1a: Qwilfish|70\/334|[from] item: Black Sludge
|turn|15
|callback|decision
|
|switch|p1a: Umbreon|Umbreon, F|329\/394
|-damage|p1a: Umbreon|280\/394|[from] Stealth Rock
|move|p2a: Kingdra|Draco Meteor|p1a: Umbreon
|-damage|p1a: Umbreon|220\/394
|-unboost|p2a: Kingdra|spa|2
|
|-heal|p1a: Umbreon|244\/394|[from] item: Leftovers
|turn|16
|callback|decision
|
|switch|p2a: Snorlax|Snorlax, M|461\/461
|switch|p1a: Mienshao|Mienshao, M|271\/271
|-damage|p1a: Mienshao|255\/271|[from] Stealth Rock
|
|turn|17
|callback|decision
|
|switch|p2a: Nidoqueen|Nidoqueen, F|297\/346
|move|p1a: Mienshao|Hi Jump Kick|p2a: Nidoqueen
|-resisted|p2a: Nidoqueen
|-damage|p2a: Nidoqueen|174\/346
|
|turn|18
|callback|decision
|
|switch|p1a: Claydol|Claydol|324\/324
|-damage|p1a: Claydol|304\/324|[from] Stealth Rock
|move|p2a: Nidoqueen|Fire Blast|p1a: Claydol
|-damage|p1a: Claydol|190\/324
|
|-heal|p1a: Claydol|210\/324|[from] item: Leftovers
|turn|19
|callback|decision
|
|switch|p1a: Qwilfish|Qwilfish, M|70\/334
|-damage|p1a: Qwilfish|29\/334|[from] Stealth Rock
|-ability|p1a: Qwilfish|Intimidate|[of] p2a: Nidoqueen
|-unboost|p2a: Nidoqueen|atk|1
|move|p2a: Nidoqueen|Ice Beam|p1a: Qwilfish
|-resisted|p1a: Qwilfish
|-damage|p1a: Qwilfish|0 fnt
|faint|p1a: Qwilfish
|
|callback|decision
|
|switch|p1a: Umbreon|Umbreon, F|244\/394
|-damage|p1a: Umbreon|195\/394|[from] Stealth Rock
|turn|20
|callback|decision
|
|move|p2a: Nidoqueen|Earth Power|p1a: Umbreon
|-damage|p1a: Umbreon|62\/394
|move|p1a: Umbreon|Wish|p1a: Umbreon
|
|-heal|p1a: Umbreon|86\/394|[from] item: Leftovers
|turn|21
|callback|decision
|
|switch|p2a: Kingdra|Kingdra, M|132\/291
|switch|p1a: Claydol|Claydol|210\/324
|-damage|p1a: Claydol|190\/324|[from] Stealth Rock
|
|-heal|p1a: Claydol|324\/324|[from] move: Wish|[wisher] Umbreon
|turn|22
|callback|decision
|
|switch|p1a: Umbreon|Umbreon, F|86\/394
|-damage|p1a: Umbreon|37\/394|[from] Stealth Rock
|move|p2a: Kingdra|Draco Meteor|p1a: Umbreon
|-damage|p1a: Umbreon|0 fnt
|-unboost|p2a: Kingdra|spa|2
|faint|p1a: Umbreon
|
|callback|decision
|
|switch|p1a: Mienshao|Mienshao, M|271\/271
|-damage|p1a: Mienshao|255\/271|[from] Stealth Rock
|turn|23
|callback|decision
|
|switch|p2a: Nidoqueen|Nidoqueen, F|174\/346
|move|p1a: Mienshao|Hi Jump Kick|p2a: Nidoqueen
|-resisted|p2a: Nidoqueen
|-damage|p2a: Nidoqueen|48\/346
|
|turn|24
|callback|decision
|
|move|p1a: Mienshao|Hi Jump Kick|p2a: Nidoqueen
|-resisted|p2a: Nidoqueen
|-damage|p2a: Nidoqueen|0 fnt
|faint|p2a: Nidoqueen
|
|callback|decision
|
|switch|p2a: Shaymin|Shaymin|167\/341
|turn|25
|callback|decision
|
|move|p1a: Mienshao|Hi Jump Kick|p2a: Shaymin
|-damage|p2a: Shaymin|0 fnt
|faint|p2a: Shaymin
|
|callback|decision
|
|switch|p2a: Kingdra|Kingdra, M|132\/291
|turn|26
|callback|decision
|
|move|p1a: Mienshao|Hi Jump Kick|p2a: Kingdra
|-damage|p2a: Kingdra|0 fnt
|faint|p2a: Kingdra
|
|callback|decision
|
|switch|p2a: Raikou|Raikou|282\/322
|-ability|p2a: Raikou|Pressure
|turn|27
|callback|decision
|
|switch|p1a: Claydol|Claydol|324\/324
|-damage|p1a: Claydol|304\/324|[from] Stealth Rock
|move|p2a: Raikou|Thunderbolt|p1a: Claydol
|-immune|p1a: Claydol|[msg]
|
|-heal|p2a: Raikou|302\/322|[from] item: Leftovers
|-heal|p1a: Claydol|324\/324|[from] item: Leftovers
|turn|28
|callback|decision
|
|switch|p2a: Snorlax|Snorlax, M|461\/461
|move|p1a: Claydol|Earthquake|p2a: Snorlax
|-damage|p2a: Snorlax|340\/461
|
|turn|29
|callback|decision
|
|move|p2a: Snorlax|Pursuit|p1a: Claydol|[from]Pursuit
|-supereffective|p1a: Claydol
|-damage|p1a: Claydol|62\/324
|switch|p1a: Chandelure|Chandelure, F|262\/262
|-damage|p1a: Chandelure|197\/262|[from] Stealth Rock
|
|turn|30
|callback|decision
|
|move|p1a: Chandelure|Fire Blast|p2a: Snorlax
|-damage|p2a: Snorlax|237\/461
|move|p2a: Snorlax|Pursuit|p1a: Chandelure
|-supereffective|p1a: Chandelure
|-damage|p1a: Chandelure|35\/262
|
|turn|31
|callback|decision
|
|move|p1a: Chandelure|Fire Blast|p2a: Snorlax
|-damage|p2a: Snorlax|137\/461
|-status|p2a: Snorlax|brn
|move|p2a: Snorlax|Pursuit|p1a: Chandelure
|-supereffective|p1a: Chandelure
|-damage|p1a: Chandelure|0 fnt
|faint|p1a: Chandelure
|
|-damage|p2a: Snorlax|80\/461 brn|[from] brn
|callback|decision
|
|switch|p1a: Claydol|Claydol|62\/324
|-damage|p1a: Claydol|42\/324|[from] Stealth Rock
|turn|32
|callback|decision
|
|move|p1a: Claydol|Stealth Rock|p2a: Snorlax
|-sidestart|p2: kenzo|move: Stealth Rock
|move|p2a: Snorlax|Pursuit|p1a: Claydol
|-supereffective|p1a: Claydol
|-damage|p1a: Claydol|0 fnt
|faint|p1a: Claydol
|
|-damage|p2a: Snorlax|23\/461 brn|[from] brn
|callback|decision
|
|switch|p1a: Mienshao|Mienshao, M|271\/271
|-damage|p1a: Mienshao|255\/271|[from] Stealth Rock
|turn|33
|callback|decision
|
|move|p1a: Mienshao|Hi Jump Kick|p2a: Snorlax
|-supereffective|p2a: Snorlax
|-damage|p2a: Snorlax|0 fnt
|faint|p2a: Snorlax
|
|callback|decision
|
|switch|p2a: Raikou|Raikou|302\/322
|-damage|p2a: Raikou|262\/322|[from] Stealth Rock
|-ability|p2a: Raikou|Pressure
|turn|34
|callback|decision
|
|move|p1a: Mienshao|Hi Jump Kick|p2a: Raikou
|-damage|p2a: Raikou|0 fnt
|faint|p2a: Raikou
|
|win|Uncle Wiseau
|raw|Ladder updating...
|raw|Uncle Wiseau's rating: 2024 &rarr; <strong>2025<\/strong><br \/>(+1 for winning)
|raw|kenzo's rating: 1301 &rarr; <strong>1300<\/strong><br \/>(-1 for losing)
|chat|kenzo|gg
|chat|Uncle Wiseau|gg