|join|lolzuk
|join|fwaeoij4-
|player|p1|lolzuk|209
|player|p2|fwaeoij4-|1
|gametype|singles
|gen|6
|tier|ORAS OU
|rated
|rule|Sleep Clause Mod: Limit one foe put to sleep
|rule|Species Clause: Limit one of each PokÃ©mon
|rule|OHKO Clause: OHKO moves are banned
|rule|Moody Clause: Moody is banned
|rule|Evasion Moves Clause: Evasion moves are banned
|rule|Endless Battle Clause: Forcing endless battles is banned
|rule|HP Percentage Mod: HP is shown in percentages
|clearpoke
|poke|p1|Altaria, M
|poke|p1|Chesnaught, M
|poke|p1|Slowbro, M
|poke|p1|Heatran, M
|poke|p1|Chansey, F
|poke|p1|Weavile, M
|poke|p2|Glalie, M
|poke|p2|Donphan, F
|poke|p2|Greninja, F
|poke|p2|Galvantula, M
|poke|p2|Sylveon, F
|poke|p2|Dusknoir, F
|rule|Swagger Clause: Swagger is banned
|rule|Baton Pass Clause: Limit one PokÃ©mon knowing Baton Pass
|teampreview
|
|start
|switch|p1a: Chesnaught|Chesnaught, M|380\/380
|switch|p2a: Galvantula|Galvantula, M|282\/282
|turn|1
|
|move|p2a: Galvantula|Sticky Web|p1a: Chesnaught
|-sidestart|p1: lolzuk|move: Sticky Web
|move|p1a: Chesnaught|Drain Punch|p2a: Galvantula
|-resisted|p2a: Galvantula
|-damage|p2a: Galvantula|208\/282
|
|turn|2
|
|switch|p2a: Donphan|Donphan, F|384\/384
|move|p1a: Chesnaught|Spikes|p2a: Donphan
|-sidestart|p2: fwaeoij4-|Spikes
|
|turn|3
|
|move|p1a: Chesnaught|Wood Hammer|p2a: Donphan
|-supereffective|p2a: Donphan
|-damage|p2a: Donphan|192\/384
|-damage|p1a: Chesnaught|317\/380|[from] recoil|[of] p2a: Donphan
|move|p2a: Donphan|Stealth Rock|p1a: Chesnaught
|-sidestart|p1: lolzuk|move: Stealth Rock
|
|-heal|p1a: Chesnaught|340\/380|[from] item: Leftovers
|-heal|p2a: Donphan|216\/384|[from] item: Leftovers
|turn|4
|
|move|p1a: Chesnaught|Spikes|p2a: Donphan
|-sidestart|p2: fwaeoij4-|Spikes
|move|p2a: Donphan|Rapid Spin|p1a: Chesnaught
|-damage|p1a: Chesnaught|327\/380
|-sideend|p2: fwaeoij4-|Spikes|[from] move: Rapid Spin|[of] p2a: Donphan
|
|-heal|p1a: Chesnaught|350\/380|[from] item: Leftovers
|-heal|p2a: Donphan|240\/384|[from] item: Leftovers
|turn|5
|
|switch|p2a: Dusknoir|Dusknoir, F|294\/294
|-ability|p2a: Dusknoir|Pressure
|move|p1a: Chesnaught|Wood Hammer|p2a: Dusknoir
|-damage|p2a: Dusknoir|198\/294
|-damage|p1a: Chesnaught|318\/380|[from] recoil|[of] p2a: Dusknoir
|
|-heal|p1a: Chesnaught|341\/380|[from] item: Leftovers
|-heal|p2a: Dusknoir|216\/294|[from] item: Leftovers
|turn|6
|
|move|p1a: Chesnaught|Spiky Shield|p1a: Chesnaught
|-singleturn|p1a: Chesnaught|move: Protect
|move|p2a: Dusknoir|Earthquake|p1a: Chesnaught
|-activate|p1a: Chesnaught|move: Protect
|
|-heal|p1a: Chesnaught|364\/380|[from] item: Leftovers
|-heal|p2a: Dusknoir|234\/294|[from] item: Leftovers
|turn|7
|
|move|p1a: Chesnaught|Wood Hammer|p2a: Dusknoir
|-damage|p2a: Dusknoir|131\/294
|-damage|p1a: Chesnaught|330\/380|[from] recoil|[of] p2a: Dusknoir
|move|p2a: Dusknoir|Will-O-Wisp|p1a: Chesnaught
|-status|p1a: Chesnaught|brn
|
|-heal|p1a: Chesnaught|353\/380 brn|[from] item: Leftovers
|-heal|p2a: Dusknoir|149\/294|[from] item: Leftovers
|-damage|p1a: Chesnaught|306\/380 brn|[from] brn
|turn|8
|
|move|p1a: Chesnaught|Wood Hammer|p2a: Dusknoir
|-damage|p2a: Dusknoir|100\/294
|-damage|p1a: Chesnaught|290\/380 brn|[from] recoil|[of] p2a: Dusknoir
|move|p2a: Dusknoir|Pain Split|p1a: Chesnaught
|-sethp|p1a: Chesnaught|195\/380 brn|p2a: Dusknoir|195\/294|[from] move: Pain Split
|
|-heal|p1a: Chesnaught|218\/380 brn|[from] item: Leftovers
|-heal|p2a: Dusknoir|213\/294|[from] item: Leftovers
|-damage|p1a: Chesnaught|171\/380 brn|[from] brn
|turn|9
|
|switch|p1a: Slowbro|Slowbro, M|394\/394
|-activate|p1a: Slowbro|move: Sticky Web
|-unboost|p1a: Slowbro|spe|1
|-damage|p1a: Slowbro|345\/394|[from] Stealth Rock
|move|p2a: Dusknoir|Earthquake|p1a: Slowbro
|-damage|p1a: Slowbro|283\/394
|
|-heal|p2a: Dusknoir|231\/294|[from] item: Leftovers
|-heal|p1a: Slowbro|307\/394|[from] item: Leftovers
|turn|10
|
|switch|p2a: Greninja|Greninja, F|286\/286
|move|p1a: Slowbro|Scald|p2a: Greninja
|-resisted|p2a: Greninja
|-damage|p2a: Greninja|229\/286
|-status|p2a: Greninja|brn
|
|-heal|p1a: Slowbro|331\/394|[from] item: Leftovers
|-damage|p2a: Greninja|194\/286 brn|[from] brn
|turn|11
|
|switch|p1a: Chansey|Chansey, F|641\/641
|-damage|p1a: Chansey|561\/641|[from] Stealth Rock
|-activate|p1a: Chansey|move: Sticky Web
|-unboost|p1a: Chansey|spe|1
|move|p2a: Greninja|Dark Pulse|p1a: Chansey
|-start|p2a: Greninja|typechange|Dark|[from] Protean
|-damage|p1a: Chansey|488\/641
|
|-damage|p2a: Greninja|159\/286 brn|[from] brn
|turn|12
|
|move|p2a: Greninja|U-turn|p1a: Chansey
|-start|p2a: Greninja|typechange|Bug|[from] Protean
|-damage|p1a: Chansey|439\/641
|
|switch|p2a: Glalie|Glalie, M|302\/302
|move|p1a: Chansey|Soft-Boiled|p1a: Chansey
|-heal|p1a: Chansey|641\/641
|
|turn|13
|
|detailschange|p2a: Glalie|Glalie-Mega, M
|message|Glalie has Mega Evolved into Mega Glalie!
|move|p2a: Glalie|Return|p1a: Chansey
|-damage|p1a: Chansey|347\/641
|move|p1a: Chansey|Thunder Wave|p2a: Glalie
|-status|p2a: Glalie|par
|
|turn|14
|
|move|p1a: Chansey|Soft-Boiled|p1a: Chansey
|-heal|p1a: Chansey|641\/641
|move|p2a: Glalie|Earthquake|p1a: Chansey
|-damage|p1a: Chansey|487\/641
|
|turn|15
|
|move|p1a: Chansey|Stealth Rock|p2a: Glalie
|-sidestart|p2: fwaeoij4-|move: Stealth Rock
|move|p2a: Glalie|Return|p1a: Chansey
|-damage|p1a: Chansey|202\/641
|
|turn|16
|
|move|p1a: Chansey|Soft-Boiled|p1a: Chansey
|-heal|p1a: Chansey|523\/641
|move|p2a: Glalie|Return|p1a: Chansey
|-damage|p1a: Chansey|216\/641
|
|turn|17
|
|cant|p2a: Glalie|par
|move|p1a: Chansey|Soft-Boiled|p1a: Chansey
|-heal|p1a: Chansey|537\/641
|
|turn|18
|
|switch|p1a: Heatran|Heatran, M|323\/323
|-activate|p1a: Heatran|move: Sticky Web
|-unboost|p1a: Heatran|spe|1
|-damage|p1a: Heatran|283\/323|[from] Stealth Rock
|cant|p2a: Glalie|par
|
|turn|19
|
|switch|p2a: Sylveon|Sylveon, F|394\/394
|-damage|p2a: Sylveon|345\/394|[from] Stealth Rock
|move|p1a: Heatran|Flash Cannon|p2a: Sylveon
|-supereffective|p2a: Sylveon
|-damage|p2a: Sylveon|165\/394
|
|-heal|p2a: Sylveon|189\/394|[from] item: Leftovers
|turn|20
|
|move|p1a: Heatran|Flash Cannon|p2a: Sylveon
|-supereffective|p2a: Sylveon
|-damage|p2a: Sylveon|7\/394
|move|p2a: Sylveon|Heal Bell|p2a: Sylveon
|-cureteam|p2a: Sylveon|[from] move: HealBell
|
|-heal|p2a: Sylveon|31\/394|[from] item: Leftovers
|turn|21
|
|move|p1a: Heatran|Flash Cannon|p2a: Sylveon
|-supereffective|p2a: Sylveon
|-damage|p2a: Sylveon|0 fnt
|faint|p2a: Sylveon
|
|
|switch|p2a: Glalie|Glalie-Mega, M|302\/302
|-damage|p2a: Glalie|227\/302|[from] Stealth Rock
|turn|22
|
|switch|p1a: Slowbro|Slowbro, M|394\/394
|-activate|p1a: Slowbro|move: Sticky Web
|-unboost|p1a: Slowbro|spe|1
|-damage|p1a: Slowbro|345\/394|[from] Stealth Rock
|move|p2a: Glalie|Earthquake|p1a: Slowbro
|-damage|p1a: Slowbro|270\/394
|
|-heal|p1a: Slowbro|294\/394|[from] item: Leftovers
|turn|23
|
|switch|p2a: Galvantula|Galvantula, M|208\/282
|-damage|p2a: Galvantula|138\/282|[from] Stealth Rock
|move|p1a: Slowbro|Thunder Wave|p2a: Galvantula
|-fail|p2a: Galvantula
|
|-heal|p1a: Slowbro|318\/394|[from] item: Leftovers
|turn|24
|
|switch|p1a: Chansey|Chansey, F|537\/641
|-damage|p1a: Chansey|457\/641|[from] Stealth Rock
|-activate|p1a: Chansey|move: Sticky Web
|-unboost|p1a: Chansey|spe|1
|move|p2a: Galvantula|Bug Buzz|p1a: Chansey
|-damage|p1a: Chansey|394\/641
|
|turn|25
|
|switch|p2a: Donphan|Donphan, F|240\/384
|-damage|p2a: Donphan|216\/384|[from] Stealth Rock
|move|p1a: Chansey|Thunder Wave|p2a: Donphan
|-immune|p2a: Donphan|[msg]
|
|-heal|p2a: Donphan|240\/384|[from] item: Leftovers
|turn|26
|
|move|p2a: Donphan|Rapid Spin|p1a: Chansey
|-damage|p1a: Chansey|368\/641
|-sideend|p2: fwaeoij4-|Stealth Rock|[from] move: Rapid Spin|[of] p2a: Donphan
|move|p1a: Chansey|Seismic Toss|p2a: Donphan
|-damage|p2a: Donphan|140\/384
|
|-heal|p2a: Donphan|164\/384|[from] item: Leftovers
|turn|27
|
|switch|p2a: Dusknoir|Dusknoir, F|231\/294
|-ability|p2a: Dusknoir|Pressure
|move|p1a: Chansey|Stealth Rock|p2a: Dusknoir
|-sidestart|p2: fwaeoij4-|move: Stealth Rock
|
|-heal|p2a: Dusknoir|249\/294|[from] item: Leftovers
|turn|28
|
|move|p2a: Dusknoir|Will-O-Wisp|p1a: Chansey
|-status|p1a: Chansey|brn
|move|p1a: Chansey|Thunder Wave|p2a: Dusknoir
|-status|p2a: Dusknoir|par
|
|-heal|p2a: Dusknoir|267\/294 par|[from] item: Leftovers
|-damage|p1a: Chansey|288\/641 brn|[from] brn
|turn|29
|
|move|p1a: Chansey|Soft-Boiled|p1a: Chansey
|-heal|p1a: Chansey|609\/641 brn
|move|p2a: Dusknoir|Earthquake|p1a: Chansey
|-damage|p1a: Chansey|500\/641 brn
|
|-heal|p2a: Dusknoir|285\/294 par|[from] item: Leftovers
|-damage|p1a: Chansey|420\/641 brn|[from] brn
|turn|30
|
|switch|p2a: Donphan|Donphan, F|164\/384
|-damage|p2a: Donphan|140\/384|[from] Stealth Rock
|move|p1a: Chansey|Soft-Boiled|p1a: Chansey
|-heal|p1a: Chansey|641\/641 brn
|
|-heal|p2a: Donphan|164\/384|[from] item: Leftovers
|-damage|p1a: Chansey|561\/641 brn|[from] brn
|turn|31
|
|move|p2a: Donphan|Earthquake|p1a: Chansey
|-damage|p1a: Chansey|356\/641 brn
|move|p1a: Chansey|Seismic Toss|p2a: Donphan
|-damage|p2a: Donphan|64\/384
|
|-heal|p2a: Donphan|88\/384|[from] item: Leftovers
|-damage|p1a: Chansey|276\/641 brn|[from] brn
|turn|32
|
|move|p2a: Donphan|Rapid Spin|p1a: Chansey
|-crit|p1a: Chansey
|-damage|p1a: Chansey|234\/641 brn
|-sideend|p2: fwaeoij4-|Stealth Rock|[from] move: Rapid Spin|[of] p2a: Donphan
|move|p1a: Chansey|Soft-Boiled|p1a: Chansey
|-heal|p1a: Chansey|555\/641 brn
|
|-heal|p2a: Donphan|112\/384|[from] item: Leftovers
|-damage|p1a: Chansey|475\/641 brn|[from] brn
|turn|33
|
|move|p2a: Donphan|Earthquake|p1a: Chansey
|-damage|p1a: Chansey|279\/641 brn
|move|p1a: Chansey|Stealth Rock|p2a: Donphan
|-sidestart|p2: fwaeoij4-|move: Stealth Rock
|
|-heal|p2a: Donphan|136\/384|[from] item: Leftovers
|-damage|p1a: Chansey|199\/641 brn|[from] brn
|turn|34
|
|move|p2a: Donphan|Earthquake|p1a: Chansey
|-damage|p1a: Chansey|25\/641 brn
|move|p1a: Chansey|Soft-Boiled|p1a: Chansey
|-heal|p1a: Chansey|346\/641 brn
|
|-heal|p2a: Donphan|160\/384|[from] item: Leftovers
|-damage|p1a: Chansey|266\/641 brn|[from] brn
|turn|35
|
|move|p2a: Donphan|Earthquake|p1a: Chansey
|-damage|p1a: Chansey|61\/641 brn
|move|p1a: Chansey|Seismic Toss|p2a: Donphan
|-damage|p2a: Donphan|60\/384
|
|-heal|p2a: Donphan|84\/384|[from] item: Leftovers
|-damage|p1a: Chansey|0 fnt|[from] brn
|faint|p1a: Chansey
|
|switch|p1a: Altaria|Altaria, M|291\/291
|-damage|p1a: Altaria|219\/291|[from] Stealth Rock
|turn|36
|
|detailschange|p1a: Altaria|Altaria-Mega, M
|message|Altaria has Mega Evolved into Mega Altaria!
|move|p1a: Altaria|Dragon Dance|p1a: Altaria
|-boost|p1a: Altaria|atk|1
|-boost|p1a: Altaria|spe|1
|move|p2a: Donphan|Rapid Spin|p1a: Altaria
|-damage|p1a: Altaria|202\/291
|-sideend|p2: fwaeoij4-|Stealth Rock|[from] move: Rapid Spin|[of] p2a: Donphan
|
|-heal|p2a: Donphan|108\/384|[from] item: Leftovers
|turn|37
|
|move|p2a: Donphan|Ice Shard|p1a: Altaria
|-supereffective|p1a: Altaria
|-damage|p1a: Altaria|132\/291
|move|p1a: Altaria|Dragon Dance|p1a: Altaria
|-boost|p1a: Altaria|atk|1
|-boost|p1a: Altaria|spe|1
|
|-heal|p2a: Donphan|132\/384|[from] item: Leftovers
|turn|38
|
|move|p2a: Donphan|Ice Shard|p1a: Altaria
|-supereffective|p1a: Altaria
|-damage|p1a: Altaria|60\/291
|move|p1a: Altaria|Roost|p1a: Altaria
|-heal|p1a: Altaria|206\/291
|
|-heal|p2a: Donphan|156\/384|[from] item: Leftovers
|turn|39
|
|move|p2a: Donphan|Ice Shard|p1a: Altaria
|-supereffective|p1a: Altaria
|-damage|p1a: Altaria|136\/291
|move|p1a: Altaria|Roost|p1a: Altaria
|-heal|p1a: Altaria|282\/291
|
|-heal|p2a: Donphan|180\/384|[from] item: Leftovers
|turn|40
|
|switch|p2a: Galvantula|Galvantula, M|138\/282
|move|p1a: Altaria|Frustration|p2a: Galvantula
|-damage|p2a: Galvantula|0 fnt
|faint|p2a: Galvantula
|
|
|switch|p2a: Dusknoir|Dusknoir, F|285\/294 par
|-ability|p2a: Dusknoir|Pressure
|turn|41
|
|move|p1a: Altaria|Frustration|p2a: Dusknoir
|-damage|p2a: Dusknoir|0 fnt
|faint|p2a: Dusknoir
|
|
|switch|p2a: Glalie|Glalie-Mega, M|227\/302
|turn|42
|
|move|p1a: Altaria|Frustration|p2a: Glalie
|-damage|p2a: Glalie|0 fnt
|faint|p2a: Glalie
|
|
|switch|p2a: Donphan|Donphan, F|180\/384
|turn|43
|
|move|p1a: Altaria|Frustration|p2a: Donphan
|-damage|p2a: Donphan|0 fnt
|faint|p2a: Donphan
|
|
|switch|p2a: Greninja|Greninja, F|159\/286
|turn|44
|c|âlolzuk|gg
|
|move|p1a: Altaria|Frustration|p2a: Greninja
|-supereffective|p2a: Greninja
|-damage|p2a: Greninja|0 fnt
|faint|p2a: Greninja
|
|win|lolzuk
|raw|Ladder updating...
|c|âfwaeoij4-|gg
|raw|lolzuk's rating: 1062 &rarr; <strong>1092<\/strong><br \/>(+30 for winning)
|raw|fwaeoij4-'s rating: 1053 &rarr; <strong>1036<\/strong><br \/>(-17 for losing)