|join|Dru-Zod
|join|lolzuk
|player|p1|Dru-Zod|170
|player|p2|lolzuk|209
|gametype|singles
|gen|6
|tier|ORAS OU
|rated
|rule|Sleep Clause Mod: Limit one foe put to sleep
|rule|Species Clause: Limit one of each PokÃ©mon
|rule|OHKO Clause: OHKO moves are banned
|rule|Moody Clause: Moody is banned
|rule|Evasion Moves Clause: Evasion moves are banned
|rule|Endless Battle Clause: Forcing endless battles is banned
|rule|HP Percentage Mod: HP is shown in percentages
|clearpoke
|poke|p1|Rotom-Wash
|poke|p1|Entei, shiny
|poke|p1|Chesnaught, M, shiny
|poke|p1|Diancie
|poke|p1|Bisharp, M
|poke|p1|Chansey, F
|poke|p2|Diancie
|poke|p2|Ferrothorn, M
|poke|p2|Slowbro, M
|poke|p2|Chansey, F
|poke|p2|Magnezone
|poke|p2|Dragonite, M
|rule|Swagger Clause: Swagger is banned
|rule|Baton Pass Clause: Limit one PokÃ©mon knowing Baton Pass
|teampreview
|
|start
|switch|p1a: Rotom-Wash|Rotom-Wash|303\/303
|switch|p2a: Dragonite|Dragonite, M|323\/323
|turn|1
|
|switch|p2a: Chansey|Chansey, F|641\/641
|move|p1a: Rotom-Wash|Volt Switch|p2a: Chansey
|-damage|p2a: Chansey|595\/641
|
|switch|p1a: Chesnaught|Chesnaught, M, shiny|379\/379
|
|turn|2
|
|switch|p2a: Dragonite|Dragonite, M|323\/323
|move|p1a: Chesnaught|Spikes|p2a: Dragonite
|-sidestart|p2: lolzuk|Spikes
|
|turn|3
|
|move|p2a: Dragonite|Dragon Dance|p2a: Dragonite
|-boost|p2a: Dragonite|atk|1
|-boost|p2a: Dragonite|spe|1
|move|p1a: Chesnaught|Leech Seed|p2a: Dragonite
|-start|p2a: Dragonite|move: Leech Seed
|
|-damage|p2a: Dragonite|283\/323|[from] Leech Seed|[of] p1a: Chesnaught
|turn|4
|
|move|p2a: Dragonite|Dragon Dance|p2a: Dragonite
|-boost|p2a: Dragonite|atk|1
|-boost|p2a: Dragonite|spe|1
|move|p1a: Chesnaught|Drain Punch|p2a: Dragonite
|-resisted|p2a: Dragonite
|-damage|p2a: Dragonite|232\/323
|
|-damage|p2a: Dragonite|192\/323|[from] Leech Seed|[of] p1a: Chesnaught
|turn|5
|
|move|p1a: Chesnaught|Spiky Shield|p1a: Chesnaught
|-singleturn|p1a: Chesnaught|move: Protect
|move|p2a: Dragonite|Dragon Dance|p2a: Dragonite
|-boost|p2a: Dragonite|atk|1
|-boost|p2a: Dragonite|spe|1
|
|-damage|p2a: Dragonite|152\/323|[from] Leech Seed|[of] p1a: Chesnaught
|turn|6
|
|move|p2a: Dragonite|Roost|p2a: Dragonite
|-heal|p2a: Dragonite|314\/323
|move|p1a: Chesnaught|Drain Punch|p2a: Dragonite
|-damage|p2a: Dragonite|223\/323
|
|-damage|p2a: Dragonite|183\/323|[from] Leech Seed|[of] p1a: Chesnaught
|turn|7
|
|move|p2a: Dragonite|Dragon Dance|p2a: Dragonite
|-boost|p2a: Dragonite|atk|1
|-boost|p2a: Dragonite|spe|1
|move|p1a: Chesnaught|Drain Punch|p2a: Dragonite
|-resisted|p2a: Dragonite
|-damage|p2a: Dragonite|137\/323
|
|-damage|p2a: Dragonite|97\/323|[from] Leech Seed|[of] p1a: Chesnaught
|turn|8
|
|move|p2a: Dragonite|Roost|p2a: Dragonite
|-heal|p2a: Dragonite|259\/323
|move|p1a: Chesnaught|Drain Punch|p2a: Dragonite
|-damage|p2a: Dragonite|165\/323
|
|-damage|p2a: Dragonite|125\/323|[from] Leech Seed|[of] p1a: Chesnaught
|turn|9
|
|move|p2a: Dragonite|Roost|p2a: Dragonite
|-heal|p2a: Dragonite|287\/323
|move|p1a: Chesnaught|Drain Punch|p2a: Dragonite
|-damage|p2a: Dragonite|185\/323
|
|-damage|p2a: Dragonite|145\/323|[from] Leech Seed|[of] p1a: Chesnaught
|turn|10
|
|move|p2a: Dragonite|Roost|p2a: Dragonite
|-heal|p2a: Dragonite|307\/323
|move|p1a: Chesnaught|Drain Punch|p2a: Dragonite
|-damage|p2a: Dragonite|216\/323
|
|-damage|p2a: Dragonite|176\/323|[from] Leech Seed|[of] p1a: Chesnaught
|turn|11
|
|move|p2a: Dragonite|Roost|p2a: Dragonite
|-heal|p2a: Dragonite|323\/323
|move|p1a: Chesnaught|Drain Punch|p2a: Dragonite
|-damage|p2a: Dragonite|273\/323
|
|-damage|p2a: Dragonite|233\/323|[from] Leech Seed|[of] p1a: Chesnaught
|turn|12
|
|move|p2a: Dragonite|Dragon Dance|p2a: Dragonite
|-boost|p2a: Dragonite|atk|1
|-boost|p2a: Dragonite|spe|1
|move|p1a: Chesnaught|Drain Punch|p2a: Dragonite
|-resisted|p2a: Dragonite
|-damage|p2a: Dragonite|185\/323
|
|-damage|p2a: Dragonite|145\/323|[from] Leech Seed|[of] p1a: Chesnaught
|turn|13
|
|move|p2a: Dragonite|Roost|p2a: Dragonite
|-heal|p2a: Dragonite|307\/323
|move|p1a: Chesnaught|Drain Punch|p2a: Dragonite
|-damage|p2a: Dragonite|205\/323
|
|-damage|p2a: Dragonite|165\/323|[from] Leech Seed|[of] p1a: Chesnaught
|turn|14
|
|move|p2a: Dragonite|Roost|p2a: Dragonite
|-heal|p2a: Dragonite|323\/323
|move|p1a: Chesnaught|Drain Punch|p2a: Dragonite
|-damage|p2a: Dragonite|278\/323
|
|-damage|p2a: Dragonite|238\/323|[from] Leech Seed|[of] p1a: Chesnaught
|turn|15
|
|move|p2a: Dragonite|Dragon Dance|p2a: Dragonite
|-boost|p2a: Dragonite|atk|1
|-boost|p2a: Dragonite|spe|1
|move|p1a: Chesnaught|Spikes|p2a: Dragonite
|-sidestart|p2: lolzuk|Spikes
|
|-damage|p2a: Dragonite|198\/323|[from] Leech Seed|[of] p1a: Chesnaught
|turn|16
|
|move|p2a: Dragonite|Dragon Claw|p1a: Chesnaught
|-damage|p1a: Chesnaught|0 fnt
|faint|p1a: Chesnaught
|
|
|switch|p1a: Bisharp|Bisharp, M|289\/289
|turn|17
|
|move|p2a: Dragonite|Roost|p2a: Dragonite
|-heal|p2a: Dragonite|323\/323
|move|p1a: Bisharp|Iron Head|p2a: Dragonite
|-crit|p2a: Dragonite
|-damage|p2a: Dragonite|196\/323
|
|-damage|p2a: Dragonite|156\/323|[from] Leech Seed|[of] p1a: Bisharp
|turn|18
|
|move|p1a: Bisharp|Sucker Punch|p2a: Dragonite
|-fail|p2a: Dragonite
|move|p2a: Dragonite|Roost|p2a: Dragonite
|-heal|p2a: Dragonite|318\/323
|
|-damage|p2a: Dragonite|278\/323|[from] Leech Seed|[of] p1a: Bisharp
|turn|19
|
|move|p1a: Bisharp|Sucker Punch|p2a: Dragonite
|-fail|p2a: Dragonite
|move|p2a: Dragonite|Roost|p2a: Dragonite
|-heal|p2a: Dragonite|323\/323
|
|-damage|p2a: Dragonite|283\/323|[from] Leech Seed|[of] p1a: Bisharp
|turn|20
|
|move|p1a: Bisharp|Sucker Punch|p2a: Dragonite
|-damage|p2a: Dragonite|84\/323
|move|p2a: Dragonite|Earthquake|p1a: Bisharp
|-supereffective|p1a: Bisharp
|-damage|p1a: Bisharp|0 fnt
|faint|p1a: Bisharp
|
|
|switch|p1a: Entei|Entei, shiny|371\/371
|-ability|p1a: Entei|Pressure
|turn|21
|
|switch|p2a: Slowbro|Slowbro, M|394\/394
|-damage|p2a: Slowbro|329\/394|[from] Spikes
|move|p1a: Entei|Extreme Speed|p2a: Slowbro
|-damage|p2a: Slowbro|237\/394
|
|-heal|p2a: Slowbro|261\/394|[from] item: Leftovers
|turn|22
|
|switch|p1a: Rotom-Wash|Rotom-Wash|303\/303
|move|p2a: Slowbro|Psychic|p1a: Rotom-Wash
|-crit|p1a: Rotom-Wash
|-damage|p1a: Rotom-Wash|146\/303
|
|-heal|p2a: Slowbro|285\/394|[from] item: Leftovers
|turn|23
|
|switch|p2a: Ferrothorn|Ferrothorn, M|352\/352
|-damage|p2a: Ferrothorn|294\/352|[from] Spikes
|move|p1a: Rotom-Wash|Volt Switch|p2a: Ferrothorn
|-resisted|p2a: Ferrothorn
|-damage|p2a: Ferrothorn|262\/352
|
|switch|p1a: Entei|Entei, shiny|371\/371
|-ability|p1a: Entei|Pressure
|
|-heal|p2a: Ferrothorn|284\/352|[from] item: Leftovers
|turn|24
|
|switch|p2a: Chansey|Chansey, F|595\/641
|-damage|p2a: Chansey|489\/641|[from] Spikes
|move|p1a: Entei|Sacred Fire|p2a: Chansey
|-damage|p2a: Chansey|147\/641
|-status|p2a: Chansey|brn
|
|-damage|p2a: Chansey|67\/641 brn|[from] brn
|turn|25
|c|âlolzuk|aah, forgot that sacred fire is physical
|
|move|p1a: Entei|Sacred Fire|p2a: Chansey
|-damage|p2a: Chansey|0 fnt
|faint|p2a: Chansey
|
|c|âDru-Zod|i know rite
|
|switch|p2a: Magnezone|Magnezone|282\/282
|-damage|p2a: Magnezone|235\/282|[from] Spikes
|turn|26
|c|âDru-Zod|Ho-oh's sig move
|c|âDru-Zod|xd
|
|move|p2a: Magnezone|Volt Switch|p1a: Entei
|-damage|p1a: Entei|217\/371
|
|switch|p2a: Slowbro|Slowbro, M|394\/394
|-damage|p2a: Slowbro|329\/394|[from] Spikes
|move|p1a: Entei|Sacred Fire|p2a: Slowbro
|-resisted|p2a: Slowbro
|-damage|p2a: Slowbro|233\/394
|-status|p2a: Slowbro|brn
|
|-heal|p2a: Slowbro|257\/394 brn|[from] item: Leftovers
|-damage|p2a: Slowbro|208\/394 brn|[from] brn
|turn|27
|
|switch|p1a: Chansey|Chansey, F|704\/704
|move|p2a: Slowbro|Slack Off|p2a: Slowbro
|-heal|p2a: Slowbro|394\/394 brn
|
|-damage|p2a: Slowbro|345\/394 brn|[from] brn
|turn|28
|
|switch|p2a: Magnezone|Magnezone|235\/282
|-damage|p2a: Magnezone|188\/282|[from] Spikes
|move|p1a: Chansey|Stealth Rock|p2a: Magnezone
|-sidestart|p2: lolzuk|move: Stealth Rock
|
|turn|29
|
|move|p2a: Magnezone|Volt Switch|p1a: Chansey
|-crit|p1a: Chansey
|-damage|p1a: Chansey|574\/704
|
|switch|p2a: Slowbro|Slowbro, M|394\/394 brn
|-damage|p2a: Slowbro|329\/394 brn|[from] Spikes
|-damage|p2a: Slowbro|280\/394 brn|[from] Stealth Rock
|move|p1a: Chansey|Seismic Toss|p2a: Slowbro
|-damage|p2a: Slowbro|180\/394 brn
|
|-heal|p2a: Slowbro|204\/394 brn|[from] item: Leftovers
|-damage|p2a: Slowbro|155\/394 brn|[from] brn
|turn|30
|
|switch|p1a: Rotom-Wash|Rotom-Wash|146\/303
|move|p2a: Slowbro|Slack Off|p2a: Slowbro
|-heal|p2a: Slowbro|352\/394 brn
|
|-heal|p2a: Slowbro|376\/394 brn|[from] item: Leftovers
|-damage|p2a: Slowbro|327\/394 brn|[from] brn
|turn|31
|
|switch|p2a: Ferrothorn|Ferrothorn, M|284\/352
|-damage|p2a: Ferrothorn|226\/352|[from] Spikes
|-damage|p2a: Ferrothorn|204\/352|[from] Stealth Rock
|move|p1a: Rotom-Wash|Volt Switch|p2a: Ferrothorn
|-resisted|p2a: Ferrothorn
|-damage|p2a: Ferrothorn|169\/352
|
|switch|p1a: Entei|Entei, shiny|217\/371
|-ability|p1a: Entei|Pressure
|
|-heal|p2a: Ferrothorn|191\/352|[from] item: Leftovers
|turn|32
|
|switch|p2a: Slowbro|Slowbro, M|394\/394 brn
|-damage|p2a: Slowbro|345\/394 brn|[from] Stealth Rock
|-damage|p2a: Slowbro|280\/394 brn|[from] Spikes
|move|p1a: Entei|Sacred Fire|p2a: Slowbro
|-resisted|p2a: Slowbro
|-damage|p2a: Slowbro|187\/394 brn
|
|-heal|p2a: Slowbro|211\/394 brn|[from] item: Leftovers
|-damage|p2a: Slowbro|162\/394 brn|[from] brn
|turn|33
|
|switch|p1a: Diancie|Diancie|243\/243
|move|p2a: Slowbro|Psychic|p1a: Diancie
|-damage|p1a: Diancie|164\/243
|
|-heal|p2a: Slowbro|186\/394 brn|[from] item: Leftovers
|-damage|p2a: Slowbro|137\/394 brn|[from] brn
|turn|34
|
|switch|p2a: Ferrothorn|Ferrothorn, M|191\/352
|-damage|p2a: Ferrothorn|169\/352|[from] Stealth Rock
|-damage|p2a: Ferrothorn|111\/352|[from] Spikes
|detailschange|p1a: Diancie|Diancie-Mega
|message|Diancie has Mega Evolved into Mega Diancie!
|move|p1a: Diancie|Moonblast|p2a: Ferrothorn
|-resisted|p2a: Ferrothorn
|-damage|p2a: Ferrothorn|39\/352
|
|-heal|p2a: Ferrothorn|61\/352|[from] item: Leftovers
|turn|35
|
|move|p1a: Diancie|Moonblast|p2a: Ferrothorn
|-resisted|p2a: Ferrothorn
|-damage|p2a: Ferrothorn|0 fnt
|faint|p2a: Ferrothorn
|
|
|switch|p2a: Magnezone|Magnezone|188\/282
|-damage|p2a: Magnezone|171\/282|[from] Stealth Rock
|-damage|p2a: Magnezone|124\/282|[from] Spikes
|turn|36
|
|switch|p1a: Chansey|Chansey, F|574\/704
|move|p2a: Magnezone|Volt Switch|p1a: Chansey
|-damage|p1a: Chansey|493\/704
|
|switch|p2a: Dragonite|Dragonite, M|84\/323
|-damage|p2a: Dragonite|4\/323|[from] Stealth Rock
|
|turn|37
|
|switch|p1a: Diancie|Diancie-Mega|164\/243
|move|p2a: Dragonite|Roost|p2a: Dragonite
|-heal|p2a: Dragonite|166\/323
|
|turn|38
|
|switch|p2a: Magnezone|Magnezone|124\/282
|-damage|p2a: Magnezone|77\/282|[from] Spikes
|-damage|p2a: Magnezone|60\/282|[from] Stealth Rock
|move|p1a: Diancie|Moonblast|p2a: Magnezone
|-resisted|p2a: Magnezone
|-damage|p2a: Magnezone|0 fnt
|faint|p2a: Magnezone
|
|c|âDru-Zod|ah
|c|âDru-Zod|why did you do that
|c|âDru-Zod|it was the only thing that keept Diancie from sweeping
|
|switch|p2a: Diancie|Diancie|297\/297
|-damage|p2a: Diancie|260\/297|[from] Stealth Rock
|-damage|p2a: Diancie|211\/297|[from] Spikes
|turn|39
|
|detailschange|p2a: Diancie|Diancie-Mega
|message|Diancie has Mega Evolved into Mega Diancie!
|move|p1a: Diancie|Calm Mind|p1a: Diancie
|-boost|p1a: Diancie|spa|1
|-boost|p1a: Diancie|spd|1
|move|p2a: Diancie|Rock Polish|p2a: Diancie
|-boost|p2a: Diancie|spe|2
|
|turn|40
|
|move|p2a: Diancie|Earth Power|p1a: Diancie
|-supereffective|p1a: Diancie
|-damage|p1a: Diancie|0 fnt
|faint|p1a: Diancie
|
|c|âDru-Zod|oh fuck
|c|âDru-Zod|hmm
|
|switch|p1a: Chansey|Chansey, F|493\/704
|turn|41
|
|move|p2a: Diancie|Diamond Storm|p1a: Chansey
|-damage|p1a: Chansey|262\/704
|-boost|p2a: Diancie|def|1
|move|p1a: Chansey|Soft-Boiled|p1a: Chansey
|-heal|p1a: Chansey|614\/704
|
|turn|42
|
|switch|p2a: Dragonite|Dragonite, M|166\/323
|-damage|p2a: Dragonite|86\/323|[from] Stealth Rock
|move|p1a: Chansey|Counter|p2a: Dragonite
|-fail|p2a: Dragonite
|
|turn|43
|
|switch|p1a: Entei|Entei, shiny|217\/371
|-ability|p1a: Entei|Pressure
|move|p2a: Dragonite|Roost|p2a: Dragonite
|-heal|p2a: Dragonite|248\/323
|
|turn|44
|
|move|p1a: Entei|Sacred Fire|p2a: Dragonite
|-resisted|p2a: Dragonite
|-damage|p2a: Dragonite|120\/323
|-status|p2a: Dragonite|brn
|move|p2a: Dragonite|Roost|p2a: Dragonite
|-heal|p2a: Dragonite|282\/323 brn
|
|-damage|p2a: Dragonite|242\/323 brn|[from] brn
|turn|45
|c|âlolzuk|ffs that burn
|
|switch|p1a: Rotom-Wash|Rotom-Wash|146\/303
|move|p2a: Dragonite|Earthquake|p1a: Rotom-Wash
|-immune|p1a: Rotom-Wash|[msg]
|
|-damage|p2a: Dragonite|202\/323 brn|[from] brn
|turn|46
|
|move|p2a: Dragonite|Roost|p2a: Dragonite
|-heal|p2a: Dragonite|323\/323 brn
|move|p1a: Rotom-Wash|Volt Switch|p2a: Dragonite
|-resisted|p2a: Dragonite
|-damage|p2a: Dragonite|303\/323 brn
|
|switch|p1a: Chansey|Chansey, F|614\/704
|
|-damage|p2a: Dragonite|263\/323 brn|[from] brn
|turn|47
|
|move|p2a: Dragonite|Dragon Dance|p2a: Dragonite
|-boost|p2a: Dragonite|atk|1
|-boost|p2a: Dragonite|spe|1
|move|p1a: Chansey|Seismic Toss|p2a: Dragonite
|-damage|p2a: Dragonite|163\/323 brn
|
|-damage|p2a: Dragonite|123\/323 brn|[from] brn
|turn|48
|
|move|p2a: Dragonite|Roost|p2a: Dragonite
|-heal|p2a: Dragonite|285\/323 brn
|move|p1a: Chansey|Seismic Toss|p2a: Dragonite
|-damage|p2a: Dragonite|185\/323 brn
|
|-damage|p2a: Dragonite|145\/323 brn|[from] brn
|turn|49
|
|move|p2a: Dragonite|Roost|p2a: Dragonite
|-heal|p2a: Dragonite|307\/323 brn
|move|p1a: Chansey|Seismic Toss|p2a: Dragonite
|-damage|p2a: Dragonite|207\/323 brn
|
|-damage|p2a: Dragonite|167\/323 brn|[from] brn
|turn|50
|
|switch|p2a: Slowbro|Slowbro, M|268\/394 brn
|-damage|p2a: Slowbro|219\/394 brn|[from] Stealth Rock
|-damage|p2a: Slowbro|154\/394 brn|[from] Spikes
|move|p1a: Chansey|Seismic Toss|p2a: Slowbro
|-damage|p2a: Slowbro|54\/394 brn
|
|-heal|p2a: Slowbro|78\/394 brn|[from] item: Leftovers
|-damage|p2a: Slowbro|29\/394 brn|[from] brn
|turn|51
|
|switch|p1a: Rotom-Wash|Rotom-Wash|146\/303
|move|p2a: Slowbro|Slack Off|p2a: Slowbro
|-heal|p2a: Slowbro|226\/394 brn
|
|-heal|p2a: Slowbro|250\/394 brn|[from] item: Leftovers
|-damage|p2a: Slowbro|201\/394 brn|[from] brn
|turn|52
|
|move|p1a: Rotom-Wash|Rest|p1a: Rotom-Wash
|-status|p1a: Rotom-Wash|slp
|-heal|p1a: Rotom-Wash|303\/303 slp|[silent]
|-status|p1a: Rotom-Wash|slp|[from] move: Rest
|-enditem|p1a: Rotom-Wash|Chesto Berry|[eat]
|-curestatus|p1a: Rotom-Wash|slp
|move|p2a: Slowbro|Psychic|p1a: Rotom-Wash
|-damage|p1a: Rotom-Wash|207\/303
|
|-heal|p2a: Slowbro|225\/394 brn|[from] item: Leftovers
|-damage|p2a: Slowbro|176\/394 brn|[from] brn
|turn|53
|
|move|p1a: Rotom-Wash|Volt Switch|p2a: Slowbro
|-supereffective|p2a: Slowbro
|-damage|p2a: Slowbro|0 fnt
|faint|p2a: Slowbro
|
|switch|p1a: Chansey|Chansey, F|614\/704
|
|
|switch|p2a: Diancie|Diancie-Mega|211\/297
|-damage|p2a: Diancie|162\/297|[from] Spikes
|-damage|p2a: Diancie|125\/297|[from] Stealth Rock
|turn|54
|
|move|p2a: Diancie|Diamond Storm|p1a: Chansey
|-damage|p1a: Chansey|380\/704
|move|p1a: Chansey|Counter|p2a: Diancie
|-damage|p2a: Diancie|0 fnt
|faint|p2a: Diancie
|
|c|âlolzuk|gg
|
|switch|p2a: Dragonite|Dragonite, M|167\/323 brn
|-damage|p2a: Dragonite|87\/323 brn|[from] Stealth Rock
|turn|55
|c|âDru-Zod|gg
|
|move|p2a: Dragonite|Earthquake|p1a: Chansey
|-damage|p1a: Chansey|285\/704
|move|p1a: Chansey|Seismic Toss|p2a: Dragonite
|-damage|p2a: Dragonite|0 fnt
|faint|p2a: Dragonite
|
|win|Dru-Zod
|raw|Ladder updating...
|raw|Dru-Zod's rating: 1517 &rarr; <strong>1535<\/strong><br \/>(+18 for winning)
|raw|lolzuk's rating: 1473 &rarr; <strong>1456<\/strong><br \/>(-17 for losing)
|c|âDru-Zod|sorry
|c|âDru-Zod|for playing this stall
|c|âDru-Zod|xd
|c|âDru-Zod|but it was the only way
|c|âDru-Zod|gg though