|join|dat hawt wata
|join|lolzuk
|player|p1|dat hawt wata|1
|player|p2|lolzuk|209
|gametype|singles
|gen|6
|tier|ORAS OU
|rated
|rule|Sleep Clause Mod: Limit one foe put to sleep
|rule|Species Clause: Limit one of each PokÃ©mon
|rule|OHKO Clause: OHKO moves are banned
|rule|Moody Clause: Moody is banned
|rule|Evasion Moves Clause: Evasion moves are banned
|rule|Endless Battle Clause: Forcing endless battles is banned
|rule|HP Percentage Mod: HP is shown in percentages
|clearpoke
|poke|p1|Keldeo-Resolute
|poke|p1|Talonflame, M
|poke|p1|Mamoswine, M
|poke|p1|Latias, F
|poke|p1|Ferrothorn, F
|poke|p1|Beedrill, M
|poke|p2|Altaria, F
|poke|p2|Chesnaught, M
|poke|p2|Slowbro, M
|poke|p2|Heatran, M
|poke|p2|Chansey, F
|poke|p2|Weavile, F
|rule|Swagger Clause: Swagger is banned
|rule|Baton Pass Clause: Limit one PokÃ©mon knowing Baton Pass
|teampreview
|c|âdat hawt wata|gl hf
|
|start
|switch|p1a: Beedrill|Beedrill, M|272\/272
|switch|p2a: Weavile|Weavile, F|281\/281
|-ability|p2a: Weavile|Pressure
|turn|1
|
|detailschange|p1a: Beedrill|Beedrill-Mega, M
|message|Beedrill has Mega Evolved into Mega Beedrill!
|move|p1a: Beedrill|Protect|p1a: Beedrill
|-singleturn|p1a: Beedrill|Protect
|move|p2a: Weavile|Knock Off|p1a: Beedrill
|-activate|p1a: Beedrill|Protect
|
|turn|2
|
|move|p2a: Weavile|Ice Shard|p1a: Beedrill
|-damage|p1a: Beedrill|99\/272
|-damage|p2a: Weavile|253\/281|[from] item: Life Orb
|move|p1a: Beedrill|U-turn|p2a: Weavile
|-supereffective|p2a: Weavile
|-damage|p2a: Weavile|0 fnt
|faint|p2a: Weavile
|
|switch|p1a: Mamoswine|Mamoswine, M|361\/361
|
|
|switch|p2a: Slowbro|Slowbro, M|394\/394
|turn|3
|
|move|p1a: Mamoswine|Stealth Rock|p2a: Slowbro
|-sidestart|p2: lolzuk|move: Stealth Rock
|move|p2a: Slowbro|Scald|p1a: Mamoswine
|-supereffective|p1a: Mamoswine
|-damage|p1a: Mamoswine|91\/361
|
|turn|4
|
|move|p1a: Mamoswine|Earthquake|p2a: Slowbro
|-damage|p2a: Slowbro|250\/394
|-damage|p1a: Mamoswine|55\/361|[from] item: Life Orb
|move|p2a: Slowbro|Scald|p1a: Mamoswine
|-supereffective|p1a: Mamoswine
|-damage|p1a: Mamoswine|0 fnt
|faint|p1a: Mamoswine
|
|-heal|p2a: Slowbro|274\/394|[from] item: Leftovers
|c|âdat hawt wata|fuk i forgot freeze dry
|
|switch|p1a: Beedrill|Beedrill-Mega, M|99\/272
|turn|5
|
|switch|p2a: Heatran|Heatran, M|323\/323
|-damage|p2a: Heatran|283\/323|[from] Stealth Rock
|move|p1a: Beedrill|U-turn|p2a: Heatran
|-resisted|p2a: Heatran
|-damage|p2a: Heatran|238\/323
|
|switch|p1a: Keldeo-Resolute|Keldeo-Resolute|323\/323
|
|turn|6
|
|switch|p2a: Chesnaught|Chesnaught, M|380\/380
|-damage|p2a: Chesnaught|357\/380|[from] Stealth Rock
|move|p1a: Keldeo-Resolute|Secret Sword|p2a: Chesnaught
|-damage|p2a: Chesnaught|269\/380
|
|-heal|p2a: Chesnaught|292\/380|[from] item: Leftovers
|turn|7
|
|move|p1a: Keldeo-Resolute|Icy Wind|p2a: Chesnaught
|-supereffective|p2a: Chesnaught
|-damage|p2a: Chesnaught|98\/380
|-unboost|p2a: Chesnaught|spe|1
|move|p2a: Chesnaught|Drain Punch|p1a: Keldeo-Resolute
|-damage|p1a: Keldeo-Resolute|227\/323
|-heal|p2a: Chesnaught|146\/380|[from] drain|[of] p1a: Keldeo-Resolute
|
|-heal|p2a: Chesnaught|169\/380|[from] item: Leftovers
|turn|8
|
|move|p2a: Chesnaught|Spiky Shield|p2a: Chesnaught
|-singleturn|p2a: Chesnaught|move: Protect
|move|p1a: Keldeo-Resolute|Icy Wind|p2a: Chesnaught
|-activate|p2a: Chesnaught|move: Protect
|
|-heal|p2a: Chesnaught|192\/380|[from] item: Leftovers
|turn|9
|
|switch|p2a: Slowbro|Slowbro, M|394\/394
|-damage|p2a: Slowbro|345\/394|[from] Stealth Rock
|move|p1a: Keldeo-Resolute|Icy Wind|p2a: Slowbro
|-resisted|p2a: Slowbro
|-damage|p2a: Slowbro|303\/394
|-unboost|p2a: Slowbro|spe|1
|
|-heal|p2a: Slowbro|327\/394|[from] item: Leftovers
|turn|10
|
|switch|p1a: Ferrothorn|Ferrothorn, F|352\/352
|move|p2a: Slowbro|Psychic|p1a: Ferrothorn
|-resisted|p1a: Ferrothorn
|-damage|p1a: Ferrothorn|313\/352
|
|-heal|p2a: Slowbro|351\/394|[from] item: Leftovers
|turn|11
|
|move|p1a: Ferrothorn|Spikes|p2a: Slowbro
|-sidestart|p2: lolzuk|Spikes
|move|p2a: Slowbro|Scald|p1a: Ferrothorn
|-resisted|p1a: Ferrothorn
|-damage|p1a: Ferrothorn|279\/352
|
|-heal|p2a: Slowbro|375\/394|[from] item: Leftovers
|turn|12
|
|switch|p2a: Altaria|Altaria, F|291\/291
|-damage|p2a: Altaria|219\/291|[from] Stealth Rock
|move|p1a: Ferrothorn|Spikes|p2a: Altaria
|-sidestart|p2: lolzuk|Spikes
|
|turn|13
|
|move|p2a: Altaria|Dragon Dance|p2a: Altaria
|-boost|p2a: Altaria|atk|1
|-boost|p2a: Altaria|spe|1
|move|p1a: Ferrothorn|Leech Seed|p2a: Altaria|[miss]
|-miss|p1a: Ferrothorn|p2a: Altaria
|
|turn|14
|
|move|p2a: Altaria|Dragon Dance|p2a: Altaria
|-boost|p2a: Altaria|atk|1
|-boost|p2a: Altaria|spe|1
|move|p1a: Ferrothorn|Leech Seed|p2a: Altaria
|-start|p2a: Altaria|move: Leech Seed
|
|-damage|p2a: Altaria|183\/291|[from] Leech Seed|[of] p1a: Ferrothorn
|-heal|p1a: Ferrothorn|315\/352|[silent]
|turn|15
|
|detailschange|p2a: Altaria|Altaria-Mega, F
|message|Altaria has Mega Evolved into Mega Altaria!
|move|p2a: Altaria|Dragon Dance|p2a: Altaria
|-boost|p2a: Altaria|atk|1
|-boost|p2a: Altaria|spe|1
|move|p1a: Ferrothorn|Spikes|p2a: Altaria
|-sidestart|p2: lolzuk|Spikes
|
|-damage|p2a: Altaria|147\/291|[from] Leech Seed|[of] p1a: Ferrothorn
|-heal|p1a: Ferrothorn|351\/352|[silent]
|turn|16
|
|move|p2a: Altaria|Earthquake|p1a: Ferrothorn
|-damage|p1a: Ferrothorn|154\/352
|move|p1a: Ferrothorn|Power Whip|p2a: Altaria
|-resisted|p2a: Altaria
|-damage|p2a: Altaria|87\/291
|
|-damage|p2a: Altaria|51\/291|[from] Leech Seed|[of] p1a: Ferrothorn
|-heal|p1a: Ferrothorn|190\/352|[silent]
|turn|17
|
|move|p2a: Altaria|Earthquake|p1a: Ferrothorn
|-damage|p1a: Ferrothorn|0 fnt
|faint|p1a: Ferrothorn
|
|
|switch|p1a: Talonflame|Talonflame, M|319\/319
|turn|18
|
|move|p1a: Talonflame|Brave Bird|p2a: Altaria
|-damage|p2a: Altaria|0 fnt
|-damage|p1a: Talonflame|302\/319|[from] recoil|[of] p2a: Altaria
|faint|p2a: Altaria
|
|
|switch|p2a: Slowbro|Slowbro, M|394\/394
|-damage|p2a: Slowbro|296\/394|[from] Spikes
|-damage|p2a: Slowbro|247\/394|[from] Stealth Rock
|turn|19
|
|move|p1a: Talonflame|Swords Dance|p1a: Talonflame
|-boost|p1a: Talonflame|atk|2
|move|p2a: Slowbro|Thunder Wave|p1a: Talonflame
|-status|p1a: Talonflame|par
|
|-heal|p2a: Slowbro|271\/394|[from] item: Leftovers
|turn|20
|
|move|p1a: Talonflame|Brave Bird|p2a: Slowbro
|-damage|p2a: Slowbro|1\/394
|-damage|p1a: Talonflame|213\/319 par|[from] recoil|[of] p2a: Slowbro
|move|p2a: Slowbro|Scald|p1a: Talonflame
|-supereffective|p1a: Talonflame
|-damage|p1a: Talonflame|0 fnt
|faint|p1a: Talonflame
|
|-heal|p2a: Slowbro|25\/394|[from] item: Leftovers
|
|switch|p1a: Beedrill|Beedrill-Mega, M|99\/272
|turn|21
|
|move|p1a: Beedrill|Poison Jab|p2a: Slowbro
|-damage|p2a: Slowbro|0 fnt
|faint|p2a: Slowbro
|
|c|âdat hawt wata|gg
|
|switch|p2a: Chansey|Chansey, F|641\/641
|-damage|p2a: Chansey|561\/641|[from] Stealth Rock
|-damage|p2a: Chansey|401\/641|[from] Spikes
|turn|22
|
|move|p1a: Beedrill|Poison Jab|p2a: Chansey
|-crit|p2a: Chansey
|-damage|p2a: Chansey|0 fnt
|faint|p2a: Chansey
|
|c|âdat hawt wata|and thats game
|
|switch|p2a: Heatran|Heatran, M|238\/323
|-damage|p2a: Heatran|158\/323|[from] Spikes
|-damage|p2a: Heatran|118\/323|[from] Stealth Rock
|turn|23
|
|move|p1a: Beedrill|Drill Run|p2a: Heatran
|-supereffective|p2a: Heatran
|-damage|p2a: Heatran|0 fnt
|faint|p2a: Heatran
|
|
|switch|p2a: Chesnaught|Chesnaught, M|192\/380
|-damage|p2a: Chesnaught|97\/380|[from] Spikes
|-damage|p2a: Chesnaught|74\/380|[from] Stealth Rock
|turn|24
|
|move|p1a: Beedrill|Protect|p1a: Beedrill
|-singleturn|p1a: Beedrill|Protect
|move|p2a: Chesnaught|Spiky Shield|p2a: Chesnaught
|-fail|p2a: Chesnaught
|
|-heal|p2a: Chesnaught|97\/380|[from] item: Leftovers
|turn|25
|
|move|p2a: Chesnaught|Spiky Shield|p2a: Chesnaught
|-singleturn|p2a: Chesnaught|move: Protect
|move|p1a: Beedrill|Poison Jab|p2a: Chesnaught
|-activate|p2a: Chesnaught|move: Protect
|-damage|p1a: Beedrill|65\/272|[from] Spiky Shield|[of] p2a: Chesnaught
|
|-heal|p2a: Chesnaught|120\/380|[from] item: Leftovers
|turn|26
|
|move|p1a: Beedrill|Poison Jab|p2a: Chesnaught
|-supereffective|p2a: Chesnaught
|-damage|p2a: Chesnaught|0 fnt
|faint|p2a: Chesnaught
|
|win|dat hawt wata
|raw|Ladder updating...
|raw|dat hawt wata's rating: 1243 &rarr; <strong>1276<\/strong><br \/>(+33 for winning)
|raw|lolzuk's rating: 1358 &rarr; <strong>1332<\/strong><br \/>(-26 for losing)
|c|âlolzuk|gg
|leave|lolzuk
|player|p2
|c|âdat hawt wata|gg