|join|Plzdontragequit
|join|lolzuk
|player|p1|Plzdontragequit|165
|player|p2|lolzuk|209
|gametype|singles
|gen|6
|tier|OU
|rated
|clearpoke
|poke|p1|Charizard, M, shiny
|poke|p1|Azumarill, F
|poke|p1|Ferrothorn, F
|poke|p1|Greninja, M, shiny
|poke|p1|Landorus-Therian, M
|poke|p1|Latios, M
|poke|p2|Ferrothorn, M
|poke|p2|Heatran, M
|poke|p2|Greninja, M, shiny
|poke|p2|Starmie
|poke|p2|Talonflame, F
|poke|p2|Lopunny, F
|rule|Swagger Clause: Swagger is banned
|rule|Baton Pass Clause: Limit one PokÃ©mon knowing Baton Pass
|rule|Sleep Clause Mod: Limit one foe put to sleep
|rule|Species Clause: Limit one of each PokÃ©mon
|rule|OHKO Clause: OHKO moves are banned
|rule|Moody Clause: Moody is banned
|rule|Evasion Moves Clause: Evasion moves are banned
|rule|Endless Battle Clause: Forcing endless battles is banned
|rule|HP Percentage Mod: HP is shown in percentages
|teampreview
|
|start
|switch|p1a: Landoge|Landorus-Therian, M|325\/325
|switch|p2a: Lopunny|Lopunny, F|271\/271
|-ability|p1a: Landoge|Intimidate|[of] p2a: Lopunny
|-unboost|p2a: Lopunny|atk|1
|turn|1
|
|switch|p1a: Touch Me Harder|Ferrothorn, F|352\/352
|detailschange|p2a: Lopunny|Lopunny-Mega, F
|message|Lopunny has Mega Evolved into Mega Lopunny!
|move|p2a: Lopunny|Fake Out|p1a: Touch Me Harder
|-resisted|p1a: Touch Me Harder
|-damage|p1a: Touch Me Harder|334\/352
|-damage|p2a: Lopunny|238\/271|[from] ability: Iron Barbs|[of] p1a: Touch Me Harder
|
|-heal|p1a: Touch Me Harder|352\/352|[from] item: Leftovers
|turn|2
|
|switch|p2a: Heatran|Heatran, M|385\/385
|switch|p1a: Landoge|Landorus-Therian, M|325\/325
|-ability|p1a: Landoge|Intimidate|[of] p2a: Heatran
|-unboost|p2a: Heatran|atk|1
|
|turn|3
|
|move|p1a: Landoge|Earthquake|p2a: Heatran
|-supereffective|p2a: Heatran
|-damage|p2a: Heatran|0 fnt
|faint|p2a: Heatran
|
|
|switch|p2a: Talonflame|Talonflame, F|297\/297
|turn|4
|
|switch|p1a: Energizer|Azumarill, F|401\/401
|move|p2a: Talonflame|Swords Dance|p2a: Talonflame
|-boost|p2a: Talonflame|atk|2
|
|turn|5
|
|move|p2a: Talonflame|Brave Bird|p1a: Energizer
|-damage|p1a: Energizer|0 fnt
|-damage|p2a: Talonflame|165\/297|[from] recoil|[of] p1a: Energizer
|faint|p1a: Energizer
|
|
|switch|p1a: Landoge|Landorus-Therian, M|325\/325
|-ability|p1a: Landoge|Intimidate|[of] p2a: Talonflame
|-unboost|p2a: Talonflame|atk|1
|turn|6
|
|move|p2a: Talonflame|Brave Bird|p1a: Landoge
|-damage|p1a: Landoge|0 fnt
|-damage|p2a: Talonflame|58\/297|[from] recoil|[of] p1a: Landoge
|faint|p1a: Landoge
|
|
|switch|p1a: Jet|Latios, M|301\/301
|turn|7
|
|switch|p2a: Ferrothorn|Ferrothorn, M|352\/352
|move|p1a: Jet|Psyshock|p2a: Ferrothorn
|-crit|p2a: Ferrothorn
|-resisted|p2a: Ferrothorn
|-damage|p2a: Ferrothorn|255\/352
|-damage|p1a: Jet|271\/301|[from] item: Life Orb
|
|-heal|p2a: Ferrothorn|277\/352|[from] item: Leftovers
|turn|8
|
|switch|p1a: Salamander|Charizard, M, shiny|359\/359
|switch|p2a: Starmie|Starmie|324\/324
|
|turn|9
|
|detailschange|p1a: Salamander|Charizard-Mega-X, M, shiny
|message|Charizard has Mega Evolved into Mega Charizard!
|move|p2a: Starmie|Scald|p1a: Salamander
|-damage|p1a: Salamander|244\/359
|move|p1a: Salamander|Dragon Dance|p1a: Salamander
|-boost|p1a: Salamander|atk|1
|-boost|p1a: Salamander|spe|1
|
|turn|10
|
|move|p1a: Salamander|Dragon Claw|p2a: Starmie
|-damage|p2a: Starmie|33\/324
|move|p2a: Starmie|Scald|p1a: Salamander
|-damage|p1a: Salamander|142\/359
|
|-heal|p2a: Starmie|53\/324|[from] item: Leftovers
|turn|11
|
|move|p1a: Salamander|Roost|p1a: Salamander
|-heal|p1a: Salamander|322\/359
|move|p2a: Starmie|Scald|p1a: Salamander
|-damage|p1a: Salamander|213\/359
|
|-heal|p2a: Starmie|73\/324|[from] item: Leftovers
|turn|12
|
|move|p1a: Salamander|Dragon Dance|p1a: Salamander
|-boost|p1a: Salamander|atk|1
|-boost|p1a: Salamander|spe|1
|move|p2a: Starmie|Scald|p1a: Salamander
|-damage|p1a: Salamander|110\/359
|
|-heal|p2a: Starmie|93\/324|[from] item: Leftovers
|turn|13
|
|move|p1a: Salamander|Roost|p1a: Salamander
|-heal|p1a: Salamander|290\/359
|move|p2a: Starmie|Scald|p1a: Salamander
|-crit|p1a: Salamander
|-damage|p1a: Salamander|122\/359
|
|-heal|p2a: Starmie|113\/324|[from] item: Leftovers
|turn|14
|
|switch|p2a: Talonflame|Talonflame, F|58\/297
|move|p1a: Salamander|Roost|p1a: Salamander
|-heal|p1a: Salamander|302\/359
|
|turn|15
|
|move|p2a: Talonflame|Brave Bird|p1a: Salamander
|-damage|p1a: Salamander|115\/359
|-damage|p2a: Talonflame|0 fnt|[from] recoil|[of] p1a: Salamander
|faint|p2a: Talonflame
|move|p1a: Salamander|Roost|p1a: Salamander
|-heal|p1a: Salamander|295\/359
|
|
|switch|p2a: Lopunny|Lopunny-Mega, F|238\/271
|turn|16
|
|move|p2a: Lopunny|Fake Out|p1a: Salamander
|-damage|p1a: Salamander|220\/359
|cant|p1a: Salamander|flinch
|
|turn|17
|
|move|p1a: Salamander|Roost|p1a: Salamander
|-heal|p1a: Salamander|359\/359
|move|p2a: Lopunny|Return|p1a: Salamander
|-damage|p1a: Salamander|190\/359
|
|turn|18
|
|switch|p2a: Starmie|Starmie|113\/324
|move|p1a: Salamander|Dragon Claw|p2a: Starmie
|-damage|p2a: Starmie|0 fnt
|faint|p2a: Starmie
|
|
|switch|p2a: Lopunny|Lopunny-Mega, F|238\/271
|turn|19
|
|move|p2a: Lopunny|Fake Out|p1a: Salamander
|-damage|p1a: Salamander|124\/359
|cant|p1a: Salamander|flinch
|
|turn|20
|
|switch|p2a: Ferrothorn|Ferrothorn, M|277\/352
|move|p1a: Salamander|Dragon Claw|p2a: Ferrothorn
|-resisted|p2a: Ferrothorn
|-damage|p2a: Ferrothorn|149\/352
|-damage|p1a: Salamander|80\/359|[from] ability: Iron Barbs|[of] p2a: Ferrothorn
|
|-heal|p2a: Ferrothorn|171\/352|[from] item: Leftovers
|turn|21
|
|move|p1a: Salamander|Roost|p1a: Salamander
|-heal|p1a: Salamander|260\/359
|move|p2a: Ferrothorn|Leech Seed|p1a: Salamander
|-start|p1a: Salamander|move: Leech Seed
|
|-heal|p2a: Ferrothorn|193\/352|[from] item: Leftovers
|-damage|p1a: Salamander|216\/359|[from] Leech Seed|[of] p2a: Ferrothorn
|-heal|p2a: Ferrothorn|237\/352|[silent]
|turn|22
|
|move|p2a: Ferrothorn|Protect|p2a: Ferrothorn
|-singleturn|p2a: Ferrothorn|Protect
|move|p1a: Salamander|Roost|p1a: Salamander
|-heal|p1a: Salamander|359\/359
|
|-heal|p2a: Ferrothorn|259\/352|[from] item: Leftovers
|-damage|p1a: Salamander|315\/359|[from] Leech Seed|[of] p2a: Ferrothorn
|-heal|p2a: Ferrothorn|303\/352|[silent]
|turn|23
|
|switch|p2a: Greninja|Greninja, M, shiny|285\/285
|move|p1a: Salamander|Flare Blitz|p2a: Greninja
|-resisted|p2a: Greninja
|-damage|p2a: Greninja|0 fnt
|-damage|p1a: Salamander|221\/359|[from] recoil|[of] p2a: Greninja
|faint|p2a: Greninja
|
|
|switch|p2a: Lopunny|Lopunny-Mega, F|238\/271
|turn|24
|
|move|p2a: Lopunny|Fake Out|p1a: Salamander
|-damage|p1a: Salamander|146\/359
|cant|p1a: Salamander|flinch
|
|-damage|p1a: Salamander|102\/359|[from] Leech Seed|[of] p2a: Lopunny
|-heal|p2a: Lopunny|271\/271|[silent]
|turn|25
|
|move|p1a: Salamander|Dragon Claw|p2a: Lopunny
|-damage|p2a: Lopunny|0 fnt
|faint|p2a: Lopunny
|
|
|switch|p2a: Ferrothorn|Ferrothorn, M|303\/352
|turn|26
|
|move|p1a: Salamander|Flare Blitz|p2a: Ferrothorn
|-supereffective|p2a: Ferrothorn
|-damage|p2a: Ferrothorn|0 fnt
|-damage|p1a: Salamander|58\/359|[from] ability: Iron Barbs|[of] p2a: Ferrothorn
|-damage|p1a: Salamander|0 fnt|[from] recoil|[of] p2a: Ferrothorn
|faint|p2a: Ferrothorn
|faint|p1a: Salamander
|
|win|Plzdontragequit
|raw|Ladder updating...
|c|âlolzuk|gg
|c|âPlzdontragequit|gg
|raw|Ladder (probably) updated, but score could not be retrieved (timeout).
|raw|Ladder (probably) updated, but score could not be retrieved (Error: socket hang up).