|join|000xxx
|join|lolzuk
|player|p1|000xxx|170
|player|p2|lolzuk|209
|gametype|singles
|gen|6
|tier|OU
|clearpoke
|poke|p1|Metagross
|poke|p1|Azumarill, M
|poke|p1|Talonflame, F
|poke|p1|Landorus-Therian, M
|poke|p1|Latias, F
|poke|p1|Tyranitar, M
|poke|p2|Staraptor, M
|poke|p2|Talonflame, M
|poke|p2|Pinsir, F
|poke|p2|Heatran, M
|poke|p2|Latias, F
|poke|p2|Rotom-Wash
|rule|Swagger Clause: Swagger is banned
|rule|Baton Pass Clause: Limit one PokÃ©mon knowing Baton Pass
|rule|Sleep Clause Mod: Limit one foe put to sleep
|rule|Species Clause: Limit one of each PokÃ©mon
|rule|OHKO Clause: OHKO moves are banned
|rule|Moody Clause: Moody is banned
|rule|Evasion Moves Clause: Evasion moves are banned
|rule|Endless Battle Clause: Forcing endless battles is banned
|rule|HP Percentage Mod: HP is shown in percentages
|teampreview
|c|âlolzuk|gl hf
|
|start
|switch|p1a: Emp|Landorus-Therian, M|320\/320
|switch|p2a: Rotom-Wash|Rotom-Wash|304\/304
|-ability|p1a: Emp|Intimidate|[of] p2a: Rotom-Wash
|-unboost|p2a: Rotom-Wash|atk|1
|turn|1
|c|â000xxx|utoo
|
|switch|p1a: Latias|Latias, F|302\/302
|move|p2a: Rotom-Wash|Will-O-Wisp|p1a: Latias
|-status|p1a: Latias|brn
|
|-damage|p1a: Latias|265\/302 brn|[from] brn
|turn|2
|
|switch|p1a: Miike|Metagross|301\/301
|move|p2a: Rotom-Wash|Volt Switch|p1a: Miike
|-damage|p1a: Miike|204\/301
|
|switch|p2a: Heatran|Heatran, M|326\/326
|-item|p2a: Heatran|Air Balloon
|
|turn|3
|
|detailschange|p1a: Miike|Metagross-Mega
|message|Metagross has Mega Evolved into Mega Metagross!
|move|p2a: Heatran|Fire Blast|p1a: Miike
|-supereffective|p1a: Miike
|-damage|p1a: Miike|0 fnt
|faint|p1a: Miike
|
|
|switch|p1a: P.P|Azumarill, M|404\/404
|turn|4
|
|switch|p2a: Rotom-Wash|Rotom-Wash|304\/304
|move|p1a: P.P|Play Rough|p2a: Rotom-Wash
|-damage|p2a: Rotom-Wash|135\/304
|
|turn|5
|
|switch|p1a: Latias|Latias, F|265\/302 brn
|move|p2a: Rotom-Wash|Will-O-Wisp|p1a: Latias
|-fail|p1a: Latias|brn
|
|-damage|p1a: Latias|228\/302 brn|[from] brn
|turn|6
|
|move|p1a: Latias|Draco Meteor|p2a: Rotom-Wash
|-damage|p2a: Rotom-Wash|0 fnt
|-unboost|p1a: Latias|spa|2
|-damage|p1a: Latias|198\/302 brn|[from] item: Life Orb
|faint|p2a: Rotom-Wash
|
|-damage|p1a: Latias|161\/302 brn|[from] brn
|
|switch|p2a: Pinsir|Pinsir, F|271\/271
|turn|7
|
|switch|p1a: Tyranitar|Tyranitar, M|404\/404
|-weather|Sandstorm
|detailschange|p2a: Pinsir|Pinsir-Mega, F
|message|Pinsir has Mega Evolved into Mega Pinsir!
|move|p2a: Pinsir|Frustration|p1a: Tyranitar
|-resisted|p1a: Tyranitar
|-damage|p1a: Tyranitar|282\/404
|
|-weather|Sandstorm|[upkeep]
|-damage|p2a: Pinsir|255\/271|[from] sandstorm
|turn|8
|
|switch|p2a: Latias|Latias, F|364\/364
|switch|p1a: Emp|Landorus-Therian, M|320\/320
|-ability|p1a: Emp|Intimidate|[of] p2a: Latias
|-unboost|p2a: Latias|atk|1
|
|-weather|Sandstorm|[upkeep]
|-damage|p2a: Latias|342\/364|[from] sandstorm
|-heal|p2a: Latias|364\/364|[from] item: Leftovers
|turn|9
|
|switch|p2a: Talonflame|Talonflame, M|297\/297
|move|p1a: Emp|U-turn|p2a: Talonflame
|-resisted|p2a: Talonflame
|-damage|p2a: Talonflame|265\/297
|
|switch|p1a: Tyranitar|Tyranitar, M|282\/404
|
|-weather|Sandstorm|[upkeep]
|-damage|p2a: Talonflame|247\/297|[from] sandstorm
|turn|10
|
|move|p2a: Talonflame|Brave Bird|p1a: Tyranitar
|-resisted|p1a: Tyranitar
|-damage|p1a: Tyranitar|168\/404
|-damage|p2a: Talonflame|209\/297|[from] recoil|[of] p1a: Tyranitar
|move|p1a: Tyranitar|Pursuit|p2a: Talonflame
|-damage|p2a: Talonflame|112\/297
|
|-weather|Sandstorm|[upkeep]
|-damage|p2a: Talonflame|94\/297|[from] sandstorm
|turn|11
|
|move|p2a: Talonflame|Brave Bird|p1a: Tyranitar
|-resisted|p1a: Tyranitar
|-damage|p1a: Tyranitar|60\/404
|-damage|p2a: Talonflame|58\/297|[from] recoil|[of] p1a: Tyranitar
|move|p1a: Tyranitar|Stealth Rock|p2a: Talonflame
|-sidestart|p2: lolzuk|move: Stealth Rock
|
|-weather|none
|turn|12
|
|move|p2a: Talonflame|Brave Bird|p1a: Tyranitar
|-resisted|p1a: Tyranitar
|-damage|p1a: Tyranitar|0 fnt
|-damage|p2a: Talonflame|38\/297|[from] recoil|[of] p1a: Tyranitar
|faint|p1a: Tyranitar
|
|
|switch|p1a: TMGM|Talonflame, F|327\/327
|turn|13
|
|switch|p1a: Emp|Landorus-Therian, M|320\/320
|-ability|p1a: Emp|Intimidate|[of] p2a: Talonflame
|-unboost|p2a: Talonflame|atk|1
|move|p2a: Talonflame|Brave Bird|p1a: Emp
|-damage|p1a: Emp|134\/320
|-damage|p2a: Talonflame|0 fnt|[from] recoil|[of] p1a: Emp
|faint|p2a: Talonflame
|
|
|switch|p2a: Latias|Latias, F|364\/364
|-damage|p2a: Latias|319\/364|[from] Stealth Rock
|turn|14
|
|move|p1a: Emp|Explosion|p2a: Latias
|-damage|p2a: Latias|0 fnt
|faint|p1a: Emp
|faint|p2a: Latias
|
|
|switch|p1a: TMGM|Talonflame, F|327\/327
|switch|p2a: Heatran|Heatran, M|326\/326
|-damage|p2a: Heatran|286\/326|[from] Stealth Rock
|-item|p2a: Heatran|Air Balloon
|turn|15
|
|move|p1a: TMGM|Acrobatics|p2a: Heatran
|-resisted|p2a: Heatran
|-damage|p2a: Heatran|221\/326
|-enditem|p2a: Heatran|Air Balloon
|move|p2a: Heatran|Stealth Rock|p1a: TMGM
|-sidestart|p1: 000xxx|move: Stealth Rock
|
|turn|16
|
|move|p1a: TMGM|Acrobatics|p2a: Heatran
|-resisted|p2a: Heatran
|-damage|p2a: Heatran|149\/326
|move|p2a: Heatran|Fire Blast|p1a: TMGM
|-resisted|p1a: TMGM
|-damage|p1a: TMGM|195\/327
|
|turn|17
|
|move|p1a: TMGM|Swords Dance|p1a: TMGM
|-boost|p1a: TMGM|atk|2
|move|p2a: Heatran|Fire Blast|p1a: TMGM|[miss]
|-miss|p2a: Heatran|p1a: TMGM
|
|turn|18
|
|move|p1a: TMGM|Acrobatics|p2a: Heatran
|-resisted|p2a: Heatran
|-damage|p2a: Heatran|16\/326
|move|p2a: Heatran|Fire Blast|p1a: TMGM
|-resisted|p1a: TMGM
|-damage|p1a: TMGM|68\/327
|
|turn|19
|
|move|p1a: TMGM|Roost|p1a: TMGM
|-heal|p1a: TMGM|232\/327
|move|p2a: Heatran|Fire Blast|p1a: TMGM
|-resisted|p1a: TMGM
|-damage|p1a: TMGM|107\/327
|
|turn|20
|
|move|p1a: TMGM|Acrobatics|p2a: Heatran
|-resisted|p2a: Heatran
|-damage|p2a: Heatran|0 fnt
|faint|p2a: Heatran
|
|
|switch|p2a: Staraptor|Staraptor, M|311\/311
|-damage|p2a: Staraptor|234\/311|[from] Stealth Rock
|turn|21
|
|move|p1a: TMGM|Acrobatics|p2a: Staraptor
|-damage|p2a: Staraptor|0 fnt
|faint|p2a: Staraptor
|
|
|switch|p2a: Pinsir|Pinsir-Mega, F|255\/271
|-damage|p2a: Pinsir|120\/271|[from] Stealth Rock
|turn|22
|
|move|p1a: TMGM|Acrobatics|p2a: Pinsir
|-supereffective|p2a: Pinsir
|-damage|p2a: Pinsir|0 fnt
|faint|p2a: Pinsir
|
|win|000xxx
|c|â000xxx|gg
|c|âlolzuk|gg
|leave|000xxx
|player|p1
|leave|lolzuk
|player|p2
|join|000xxx