|join|MissLemonade
|join|lolzuk
|player|p1|MissLemonade|233
|player|p2|lolzuk|209
|gametype|singles
|gen|6
|tier|OU
|rated
|clearpoke
|poke|p1|Lopunny, F
|poke|p1|Clefable, F
|poke|p1|Magnezone
|poke|p1|Klefki, M
|poke|p1|Gothitelle, M
|poke|p1|Espeon, F
|poke|p2|Pinsir, M
|poke|p2|Conkeldurr, F
|poke|p2|Excadrill, F
|poke|p2|Gliscor, M
|poke|p2|Slowbro, F
|poke|p2|Dragonite, F
|rule|Swagger Clause: Swagger is banned
|rule|Baton Pass Clause: Limit one PokÃ©mon knowing Baton Pass
|rule|Sleep Clause Mod: Limit one foe put to sleep
|rule|Species Clause: Limit one of each PokÃ©mon
|rule|OHKO Clause: OHKO moves are banned
|rule|Moody Clause: Moody is banned
|rule|Evasion Moves Clause: Evasion moves are banned
|rule|Endless Battle Clause: Forcing endless battles is banned
|rule|HP Percentage Mod: HP is shown in percentages
|teampreview
|
|start
|switch|p1a: Klefki|Klefki, M|318\/318
|switch|p2a: Gliscor|Gliscor, M|352\/352
|turn|1
|
|move|p1a: Klefki|Reflect|p1a: Klefki
|-sidestart|p1: MissLemonade|Reflect
|move|p2a: Gliscor|Stealth Rock|p1a: Klefki
|-sidestart|p1: MissLemonade|move: Stealth Rock
|
|-status|p2a: Gliscor|tox|[from] item: Toxic Orb
|turn|2
|
|switch|p1a: Lose All Hop|Lopunny, F|334\/334
|-damage|p1a: Lose All Hop|293\/334|[from] Stealth Rock
|move|p2a: Gliscor|Earthquake|p1a: Lose All Hop
|-damage|p1a: Lose All Hop|232\/334
|
|turn|3
|join|jake5
|
|switch|p2a: Slowbro|Slowbro, F|394\/394
|move|p1a: Lose All Hop|Cosmic Power|p1a: Lose All Hop
|-boost|p1a: Lose All Hop|def|1
|-boost|p1a: Lose All Hop|spd|1
|
|turn|4
|
|move|p1a: Lose All Hop|Cosmic Power|p1a: Lose All Hop
|-boost|p1a: Lose All Hop|def|1
|-boost|p1a: Lose All Hop|spd|1
|move|p2a: Slowbro|Scald|p1a: Lose All Hop
|-damage|p1a: Lose All Hop|181\/334
|
|turn|5
|
|move|p1a: Lose All Hop|Cosmic Power|p1a: Lose All Hop
|-boost|p1a: Lose All Hop|def|1
|-boost|p1a: Lose All Hop|spd|1
|move|p2a: Slowbro|Calm Mind|p2a: Slowbro
|-boost|p2a: Slowbro|spa|1
|-boost|p2a: Slowbro|spd|1
|
|turn|6
|
|move|p1a: Lose All Hop|Baton Pass|p1a: Lose All Hop
|
|switch|p1a: Espeon|Espeon, F|334\/334
|-damage|p1a: Espeon|293\/334|[from] Stealth Rock
|move|p2a: Slowbro|Calm Mind|p2a: Slowbro
|-boost|p2a: Slowbro|spa|1
|-boost|p2a: Slowbro|spd|1
|
|-heal|p1a: Espeon|313\/334|[from] item: Leftovers
|turn|7
|
|move|p1a: Espeon|Calm Mind|p1a: Espeon
|-boost|p1a: Espeon|spa|1
|-boost|p1a: Espeon|spd|1
|move|p2a: Slowbro|Calm Mind|p2a: Slowbro
|-boost|p2a: Slowbro|spa|1
|-boost|p2a: Slowbro|spd|1
|
|-heal|p1a: Espeon|333\/334|[from] item: Leftovers
|turn|8
|
|move|p1a: Espeon|Calm Mind|p1a: Espeon
|-boost|p1a: Espeon|spa|1
|-boost|p1a: Espeon|spd|1
|move|p2a: Slowbro|Calm Mind|p2a: Slowbro
|-boost|p2a: Slowbro|spa|1
|-boost|p2a: Slowbro|spd|1
|
|-heal|p1a: Espeon|334\/334|[from] item: Leftovers
|-sideend|p1: MissLemonade|Reflect
|turn|9
|
|move|p1a: Espeon|Calm Mind|p1a: Espeon
|-boost|p1a: Espeon|spa|1
|-boost|p1a: Espeon|spd|1
|move|p2a: Slowbro|Psyshock|p1a: Espeon
|-resisted|p1a: Espeon
|-damage|p1a: Espeon|274\/334
|
|-heal|p1a: Espeon|294\/334|[from] item: Leftovers
|turn|10
|
|move|p1a: Espeon|Calm Mind|p1a: Espeon
|-boost|p1a: Espeon|spa|1
|move|p2a: Slowbro|Scald|p1a: Espeon
|-damage|p1a: Espeon|225\/334
|
|-heal|p1a: Espeon|245\/334|[from] item: Leftovers
|turn|11
|
|move|p1a: Espeon|Stored Power|p2a: Slowbro
|-resisted|p2a: Slowbro
|-damage|p2a: Slowbro|165\/394
|move|p2a: Slowbro|Calm Mind|p2a: Slowbro
|-boost|p2a: Slowbro|spa|1
|-boost|p2a: Slowbro|spd|1
|
|-heal|p1a: Espeon|265\/334|[from] item: Leftovers
|-heal|p2a: Slowbro|189\/394|[from] item: Leftovers
|turn|12
|
|move|p1a: Espeon|Stored Power|p2a: Slowbro
|-crit|p2a: Slowbro
|-resisted|p2a: Slowbro
|-damage|p2a: Slowbro|0 fnt
|faint|p2a: Slowbro
|
|-heal|p1a: Espeon|285\/334|[from] item: Leftovers
|
|switch|p2a: Dragonite|Dragonite, F|323\/323
|turn|13
|
|move|p2a: Dragonite|Outrage|p1a: Espeon
|-damage|p1a: Espeon|155\/334
|move|p1a: Espeon|Stored Power|p2a: Dragonite
|-damage|p2a: Dragonite|0 fnt
|faint|p2a: Dragonite
|
|-heal|p1a: Espeon|175\/334|[from] item: Leftovers
|
|switch|p2a: Excadrill|Excadrill, F|361\/361
|-ability|p2a: Excadrill|Mold Breaker
|turn|14
|
|move|p1a: Espeon|Morning Sun|p1a: Espeon
|-heal|p1a: Espeon|334\/334
|move|p2a: Excadrill|Earthquake|p1a: Espeon
|-damage|p1a: Espeon|252\/334
|
|-heal|p1a: Espeon|272\/334|[from] item: Leftovers
|turn|15
|
|move|p1a: Espeon|Stored Power|p2a: Excadrill
|-resisted|p2a: Excadrill
|-damage|p2a: Excadrill|0 fnt
|faint|p2a: Excadrill
|
|-heal|p1a: Espeon|292\/334|[from] item: Leftovers
|
|switch|p2a: Conkeldurr|Conkeldurr, F|351\/351
|turn|16
|
|move|p1a: Espeon|Stored Power|p2a: Conkeldurr
|-supereffective|p2a: Conkeldurr
|-damage|p2a: Conkeldurr|0 fnt
|faint|p2a: Conkeldurr
|
|-heal|p1a: Espeon|312\/334|[from] item: Leftovers
|
|switch|p2a: Gliscor|Gliscor, M|352\/352 tox
|turn|17
|
|move|p1a: Espeon|Stored Power|p2a: Gliscor
|-crit|p2a: Gliscor
|-damage|p2a: Gliscor|0 fnt
|faint|p2a: Gliscor
|
|-heal|p1a: Espeon|332\/334|[from] item: Leftovers
|
|switch|p2a: Pinsir|Pinsir, M|271\/271
|turn|18
|
|detailschange|p2a: Pinsir|Pinsir-Mega, M
|message|Pinsir has Mega Evolved into Mega Pinsir!
|move|p2a: Pinsir|Quick Attack|p1a: Espeon
|-damage|p1a: Espeon|293\/334
|move|p1a: Espeon|Stored Power|p2a: Pinsir
|-damage|p2a: Pinsir|0 fnt
|faint|p2a: Pinsir
|
|win|MissLemonade
|raw|Ladder updating...
|raw|MissLemonade's rating: 1639 &rarr; <strong>1654<\/strong><br \/>(+15 for winning)
|raw|lolzuk's rating: 1546 &rarr; <strong>1531<\/strong><br \/>(-15 for losing)