|join|lolzuk
|join|gyllenhaaled
|player|p1|lolzuk|101
|player|p2|gyllenhaaled|265
|gametype|singles
|gen|6
|tier|OU
|rated
|clearpoke
|poke|p1|Skarmory, M
|poke|p1|Rotom-Wash
|poke|p1|Gliscor, F
|poke|p1|Clefable, M
|poke|p1|Blissey, F
|poke|p1|Scizor, F
|poke|p2|Clefable, F
|poke|p2|Eelektross, M
|poke|p2|Houndoom, F
|poke|p2|Galvantula, F
|poke|p2|Noivern, F, shiny
|poke|p2|Milotic, F
|rule|Sleep Clause Mod: Limit one foe put to sleep
|rule|Species Clause: Limit one of each Pokemon
|rule|OHKO Clause: OHKO moves are banned
|rule|Moody Clause: Moody is banned
|rule|Evasion Moves Clause: Evasion moves are banned
|rule|Endless Battle Clause: Forcing endless battles is banned.
|rule|HP Percentage Mod: HP is reported as percentages
|teampreview
|
|start
|switch|p1a: Rotom-Wash|Rotom-Wash|304\/304
|switch|p2a: Galvantula|Galvantula, F|291\/291
|turn|1
|
|move|p2a: Galvantula|Sticky Web|p1a: Rotom-Wash
|-sidestart|p1: lolzuk|move: Sticky Web
|move|p1a: Rotom-Wash|Will-O-Wisp|p2a: Galvantula|[miss]
|-miss|p1a: Rotom-Wash|p2a: Galvantula
|
|turn|2
|
|move|p2a: Galvantula|Bug Buzz|p1a: Rotom-Wash
|-damage|p1a: Rotom-Wash|216\/304
|move|p1a: Rotom-Wash|Will-O-Wisp|p2a: Galvantula
|-status|p2a: Galvantula|brn
|
|-heal|p1a: Rotom-Wash|235\/304|[from] item: Leftovers
|-damage|p2a: Galvantula|255\/291 brn|[from] brn
|turn|3
|
|move|p2a: Galvantula|Bug Buzz|p1a: Rotom-Wash
|-damage|p1a: Rotom-Wash|154\/304
|move|p1a: Rotom-Wash|Pain Split|p2a: Galvantula
|-sethp|p2a: Galvantula|204\/291 brn|p1a: Rotom-Wash|204\/304|[from] move: Pain Split
|
|-heal|p1a: Rotom-Wash|223\/304|[from] item: Leftovers
|-damage|p2a: Galvantula|168\/291 brn|[from] brn
|turn|4
|
|switch|p1a: Scizor|Scizor, F|344\/344
|-activate|p1a: Scizor|move: Sticky Web
|-unboost|p1a: Scizor|spe|1
|move|p2a: Galvantula|Bug Buzz|p1a: Scizor
|-resisted|p1a: Scizor
|-damage|p1a: Scizor|271\/344
|
|-damage|p2a: Galvantula|132\/291 brn|[from] brn
|turn|5
|
|detailschange|p1a: Scizor|Scizor-Mega, F
|message|Scizor has Mega Evolved into Mega Scizor!
|move|p2a: Galvantula|Thunder|p1a: Scizor
|-damage|p1a: Scizor|129\/344
|move|p1a: Scizor|Swords Dance|p1a: Scizor
|-boost|p1a: Scizor|atk|2
|
|-damage|p2a: Galvantula|96\/291 brn|[from] brn
|turn|6
|
|move|p1a: Scizor|Bullet Punch|p2a: Galvantula
|-resisted|p2a: Galvantula
|-damage|p2a: Galvantula|0 fnt
|faint|p2a: Galvantula
|
|
|switch|p2a: Houndoom|Houndoom, F|291\/291
|turn|7
|
|switch|p1a: Rotom-Wash|Rotom-Wash|223\/304
|detailschange|p2a: Houndoom|Houndoom-Mega, F
|message|Houndoom has Mega Evolved into Mega Houndoom!
|move|p2a: Houndoom|Flamethrower|p1a: Rotom-Wash
|-resisted|p1a: Rotom-Wash
|-damage|p1a: Rotom-Wash|169\/304
|
|-heal|p1a: Rotom-Wash|188\/304|[from] item: Leftovers
|turn|8
|
|switch|p2a: Eelektross|Eelektross, M|374\/374
|move|p1a: Rotom-Wash|Volt Switch|p2a: Eelektross
|-resisted|p2a: Eelektross
|-damage|p2a: Eelektross|320\/374
|
|switch|p1a: Clefable|Clefable, M|394\/394
|-activate|p1a: Clefable|move: Sticky Web
|-unboost|p1a: Clefable|spe|1
|
|turn|9
|
|move|p2a: Eelektross|Flash Cannon|p1a: Clefable
|-crit|p1a: Clefable
|-supereffective|p1a: Clefable
|-damage|p1a: Clefable|111\/394
|move|p1a: Clefable|Cosmic Power|p1a: Clefable
|-boost|p1a: Clefable|def|1
|-boost|p1a: Clefable|spd|1
|
|-heal|p1a: Clefable|135\/394|[from] item: Leftovers
|turn|10
|
|switch|p1a: Blissey|Blissey, F|714\/714
|-activate|p1a: Blissey|move: Sticky Web
|-unboost|p1a: Blissey|spe|1
|move|p2a: Eelektross|Flash Cannon|p1a: Blissey
|-damage|p1a: Blissey|647\/714
|
|-heal|p1a: Blissey|691\/714|[from] item: Leftovers
|turn|11
|
|move|p2a: Eelektross|Brick Break|p1a: Blissey
|-supereffective|p1a: Blissey
|-damage|p1a: Blissey|24\/714
|move|p1a: Blissey|Toxic|p2a: Eelektross
|-status|p2a: Eelektross|tox
|
|-heal|p1a: Blissey|68\/714|[from] item: Leftovers
|-damage|p2a: Eelektross|297\/374 tox|[from] psn
|turn|12
|
|switch|p1a: Skarmory|Skarmory, M|334\/334
|move|p2a: Eelektross|Brick Break|p1a: Skarmory
|-damage|p1a: Skarmory|295\/334
|
|-heal|p1a: Skarmory|315\/334|[from] item: Leftovers
|-damage|p2a: Eelektross|251\/374 tox|[from] psn
|turn|13
|
|move|p1a: Skarmory|Spikes|p2a: Eelektross
|-sidestart|p2: gyllenhaaled|Spikes
|move|p2a: Eelektross|Flamethrower|p1a: Skarmory
|-supereffective|p1a: Skarmory
|-damage|p1a: Skarmory|17\/334
|
|-heal|p1a: Skarmory|37\/334|[from] item: Leftovers
|-damage|p2a: Eelektross|182\/374 tox|[from] psn
|turn|14
|
|move|p1a: Skarmory|Spikes|p2a: Eelektross
|-sidestart|p2: gyllenhaaled|Spikes
|move|p2a: Eelektross|Flamethrower|p1a: Skarmory
|-supereffective|p1a: Skarmory
|-damage|p1a: Skarmory|0 fnt
|faint|p1a: Skarmory
|
|-damage|p2a: Eelektross|90\/374 tox|[from] psn
|
|switch|p1a: Rotom-Wash|Rotom-Wash|188\/304
|turn|15
|
|switch|p2a: Noivern|Noivern, F, shiny|344\/344
|-item|p1a: Rotom-Wash|Leftovers|[from] ability: Frisk|[of] p2a: Noivern|[identify]
|move|p1a: Rotom-Wash|Volt Switch|p2a: Noivern
|-damage|p2a: Noivern|247\/344
|
|switch|p1a: Clefable|Clefable, M|135\/394
|-activate|p1a: Clefable|move: Sticky Web
|-unboost|p1a: Clefable|spe|1
|
|-heal|p1a: Clefable|159\/394|[from] item: Leftovers
|turn|16
|
|move|p2a: Noivern|Boomburst|p1a: Clefable
|-damage|p1a: Clefable|0 fnt
|faint|p1a: Clefable
|
|
|switch|p1a: Scizor|Scizor-Mega, F|129\/344
|-activate|p1a: Scizor|move: Sticky Web
|-unboost|p1a: Scizor|spe|1
|turn|17
|
|move|p2a: Noivern|Boomburst|p1a: Scizor
|-resisted|p1a: Scizor
|-damage|p1a: Scizor|34\/344
|move|p1a: Scizor|Roost|p1a: Scizor
|-heal|p1a: Scizor|206\/344
|
|turn|18
|
|move|p2a: Noivern|Boomburst|p1a: Scizor
|-resisted|p1a: Scizor
|-damage|p1a: Scizor|110\/344
|move|p1a: Scizor|Roost|p1a: Scizor
|-heal|p1a: Scizor|282\/344
|
|turn|19
|
|move|p2a: Noivern|Boomburst|p1a: Scizor
|-resisted|p1a: Scizor
|-damage|p1a: Scizor|196\/344
|move|p1a: Scizor|Swords Dance|p1a: Scizor
|-boost|p1a: Scizor|atk|2
|
|turn|20
|
|switch|p2a: Milotic|Milotic, F|394\/394
|-damage|p2a: Milotic|329\/394|[from] Spikes
|move|p1a: Scizor|Roost|p1a: Scizor
|-heal|p1a: Scizor|344\/344
|
|-heal|p2a: Milotic|353\/394|[from] item: Leftovers
|turn|21
|
|move|p2a: Milotic|Ice Beam|p1a: Scizor
|-resisted|p1a: Scizor
|-damage|p1a: Scizor|298\/344
|move|p1a: Scizor|Bug Bite|p2a: Milotic
|-damage|p2a: Milotic|0 fnt
|faint|p2a: Milotic
|
|
|switch|p2a: Houndoom|Houndoom-Mega, F|291\/291
|-damage|p2a: Houndoom|243\/291|[from] Spikes
|turn|22
|
|move|p2a: Houndoom|Pursuit|p1a: Scizor|[from]Pursuit
|-damage|p1a: Scizor|250\/344
|switch|p1a: Rotom-Wash|Rotom-Wash|188\/304
|
|-heal|p1a: Rotom-Wash|207\/304|[from] item: Leftovers
|turn|23
|
|switch|p2a: Noivern|Noivern, F, shiny|247\/344
|-item|p1a: Rotom-Wash|Leftovers|[from] ability: Frisk|[of] p2a: Noivern|[identify]
|move|p1a: Rotom-Wash|Hydro Pump|p2a: Noivern
|-resisted|p2a: Noivern
|-damage|p2a: Noivern|167\/344
|
|-heal|p1a: Rotom-Wash|226\/304|[from] item: Leftovers
|turn|24
|
|move|p2a: Noivern|Boomburst|p1a: Rotom-Wash
|-damage|p1a: Rotom-Wash|95\/304
|move|p1a: Rotom-Wash|Will-O-Wisp|p2a: Noivern
|-status|p2a: Noivern|brn
|
|-heal|p1a: Rotom-Wash|114\/304|[from] item: Leftovers
|-damage|p2a: Noivern|124\/344 brn|[from] brn
|turn|25
|
|switch|p1a: Scizor|Scizor-Mega, F|250\/344
|-activate|p1a: Scizor|move: Sticky Web
|-unboost|p1a: Scizor|spe|1
|move|p2a: Noivern|Boomburst|p1a: Scizor
|-resisted|p1a: Scizor
|-damage|p1a: Scizor|162\/344
|
|-damage|p2a: Noivern|81\/344 brn|[from] brn
|turn|26
|
|move|p2a: Noivern|Boomburst|p1a: Scizor
|-resisted|p1a: Scizor
|-damage|p1a: Scizor|78\/344
|move|p1a: Scizor|Roost|p1a: Scizor
|-heal|p1a: Scizor|250\/344
|
|-damage|p2a: Noivern|38\/344 brn|[from] brn
|turn|27
|
|move|p2a: Noivern|Boomburst|p1a: Scizor
|-resisted|p1a: Scizor
|-damage|p1a: Scizor|153\/344
|move|p1a: Scizor|Swords Dance|p1a: Scizor
|-boost|p1a: Scizor|atk|2
|
|-damage|p2a: Noivern|0 fnt|[from] brn
|faint|p2a: Noivern
|
|switch|p2a: Houndoom|Houndoom-Mega, F|243\/291
|-damage|p2a: Houndoom|195\/291|[from] Spikes
|turn|28
|
|move|p1a: Scizor|Bullet Punch|p2a: Houndoom
|-resisted|p2a: Houndoom
|-damage|p2a: Houndoom|81\/291
|move|p2a: Houndoom|Flamethrower|p1a: Scizor
|-supereffective|p1a: Scizor
|-damage|p1a: Scizor|0 fnt
|faint|p1a: Scizor
|
|
|switch|p1a: Rotom-Wash|Rotom-Wash|114\/304
|turn|29
|
|move|p2a: Houndoom|Dark Pulse|p1a: Rotom-Wash
|-damage|p1a: Rotom-Wash|6\/304
|move|p1a: Rotom-Wash|Volt Switch|p2a: Houndoom
|-damage|p2a: Houndoom|0 fnt
|faint|p2a: Houndoom
|
|switch|p1a: Blissey|Blissey, F|68\/714
|-activate|p1a: Blissey|move: Sticky Web
|-unboost|p1a: Blissey|spe|1
|
|-heal|p1a: Blissey|112\/714|[from] item: Leftovers
|
|switch|p2a: Eelektross|Eelektross, M|90\/374 tox
|turn|30
|
|move|p2a: Eelektross|Brick Break|p1a: Blissey
|-supereffective|p1a: Blissey
|-damage|p1a: Blissey|0 fnt
|faint|p1a: Blissey
|
|-damage|p2a: Eelektross|67\/374 tox|[from] psn
|
|switch|p1a: Rotom-Wash|Rotom-Wash|6\/304
|turn|31
|
|move|p1a: Rotom-Wash|Hydro Pump|p2a: Eelektross
|-damage|p2a: Eelektross|0 fnt
|faint|p2a: Eelektross
|
|-heal|p1a: Rotom-Wash|25\/304|[from] item: Leftovers
|
|switch|p2a: Clefable|Clefable, F|358\/358
|turn|32
|
|move|p1a: Rotom-Wash|Pain Split|p2a: Clefable
|-sethp|p2a: Clefable|191\/358|p1a: Rotom-Wash|191\/304|[from] move: Pain Split
|move|p2a: Clefable|Moonblast|p1a: Rotom-Wash
|-damage|p1a: Rotom-Wash|92\/304
|-unboost|p1a: Rotom-Wash|spa|1
|
|-heal|p1a: Rotom-Wash|111\/304|[from] item: Leftovers
|turn|33
|
|move|p1a: Rotom-Wash|Hydro Pump|p2a: Clefable
|-damage|p2a: Clefable|127\/358
|move|p2a: Clefable|Return|p1a: Rotom-Wash
|-damage|p1a: Rotom-Wash|41\/304
|
|-heal|p1a: Rotom-Wash|60\/304|[from] item: Leftovers
|turn|34
|
|move|p1a: Rotom-Wash|Hydro Pump|p2a: Clefable|[miss]
|-miss|p1a: Rotom-Wash|p2a: Clefable
|move|p2a: Clefable|Moonlight|p2a: Clefable
|-heal|p2a: Clefable|306\/358
|
|-heal|p1a: Rotom-Wash|79\/304|[from] item: Leftovers
|turn|35
|
|move|p1a: Rotom-Wash|Pain Split|p2a: Clefable
|-sethp|p2a: Clefable|192\/358|p1a: Rotom-Wash|192\/304|[from] move: Pain Split
|move|p2a: Clefable|Moonblast|p1a: Rotom-Wash
|-damage|p1a: Rotom-Wash|93\/304
|
|-heal|p1a: Rotom-Wash|112\/304|[from] item: Leftovers
|turn|36
|
|move|p1a: Rotom-Wash|Pain Split|p2a: Clefable
|-sethp|p2a: Clefable|152\/358|p1a: Rotom-Wash|152\/304|[from] move: Pain Split
|move|p2a: Clefable|Moonblast|p1a: Rotom-Wash
|-damage|p1a: Rotom-Wash|35\/304
|
|-heal|p1a: Rotom-Wash|54\/304|[from] item: Leftovers
|turn|37
|
|move|p1a: Rotom-Wash|Pain Split|p2a: Clefable
|-sethp|p2a: Clefable|103\/358|p1a: Rotom-Wash|103\/304|[from] move: Pain Split
|move|p2a: Clefable|Moonlight|p2a: Clefable
|-heal|p2a: Clefable|282\/358
|
|-heal|p1a: Rotom-Wash|122\/304|[from] item: Leftovers
|turn|38
|
|move|p1a: Rotom-Wash|Pain Split|p2a: Clefable
|-sethp|p2a: Clefable|202\/358|p1a: Rotom-Wash|202\/304|[from] move: Pain Split
|move|p2a: Clefable|Moonblast|p1a: Rotom-Wash
|-damage|p1a: Rotom-Wash|103\/304
|
|-heal|p1a: Rotom-Wash|122\/304|[from] item: Leftovers
|turn|39
|
|move|p1a: Rotom-Wash|Hydro Pump|p2a: Clefable
|-damage|p2a: Clefable|130\/358
|move|p2a: Clefable|Moonblast|p1a: Rotom-Wash
|-damage|p1a: Rotom-Wash|12\/304
|
|-heal|p1a: Rotom-Wash|31\/304|[from] item: Leftovers
|turn|40
|
|move|p1a: Rotom-Wash|Hydro Pump|p2a: Clefable|[miss]
|-miss|p1a: Rotom-Wash|p2a: Clefable
|move|p2a: Clefable|Moonlight|p2a: Clefable
|-heal|p2a: Clefable|309\/358
|
|-heal|p1a: Rotom-Wash|50\/304|[from] item: Leftovers
|turn|41
|
|move|p1a: Rotom-Wash|Pain Split|p2a: Clefable
|-sethp|p2a: Clefable|179\/358|p1a: Rotom-Wash|179\/304|[from] move: Pain Split
|move|p2a: Clefable|Moonblast|p1a: Rotom-Wash
|-damage|p1a: Rotom-Wash|76\/304
|-unboost|p1a: Rotom-Wash|spa|1
|
|-heal|p1a: Rotom-Wash|95\/304|[from] item: Leftovers
|turn|42
|
|move|p1a: Rotom-Wash|Pain Split|p2a: Clefable
|-sethp|p2a: Clefable|137\/358|p1a: Rotom-Wash|137\/304|[from] move: Pain Split
|move|p2a: Clefable|Moonlight|p2a: Clefable
|-heal|p2a: Clefable|316\/358
|
|-heal|p1a: Rotom-Wash|156\/304|[from] item: Leftovers
|turn|43
|
|move|p1a: Rotom-Wash|Pain Split|p2a: Clefable
|-sethp|p2a: Clefable|236\/358|p1a: Rotom-Wash|236\/304|[from] move: Pain Split
|move|p2a: Clefable|Moonblast|p1a: Rotom-Wash
|-damage|p1a: Rotom-Wash|123\/304
|
|-heal|p1a: Rotom-Wash|142\/304|[from] item: Leftovers
|turn|44
|
|move|p1a: Rotom-Wash|Hydro Pump|p2a: Clefable
|-damage|p2a: Clefable|179\/358
|move|p2a: Clefable|Moonblast|p1a: Rotom-Wash
|-damage|p1a: Rotom-Wash|43\/304
|-unboost|p1a: Rotom-Wash|spa|1
|
|-heal|p1a: Rotom-Wash|62\/304|[from] item: Leftovers
|turn|45
|
|move|p1a: Rotom-Wash|Pain Split|p2a: Clefable
|-sethp|p2a: Clefable|120\/358|p1a: Rotom-Wash|120\/304|[from] move: Pain Split
|move|p2a: Clefable|Moonlight|p2a: Clefable
|-heal|p2a: Clefable|299\/358
|
|-heal|p1a: Rotom-Wash|139\/304|[from] item: Leftovers
|turn|46
|
|move|p1a: Rotom-Wash|Pain Split|p2a: Clefable
|-sethp|p2a: Clefable|219\/358|p1a: Rotom-Wash|219\/304|[from] move: Pain Split
|move|p2a: Clefable|Moonblast|p1a: Rotom-Wash
|-damage|p1a: Rotom-Wash|110\/304
|
|-heal|p1a: Rotom-Wash|129\/304|[from] item: Leftovers
|turn|47
|
|move|p1a: Rotom-Wash|Pain Split|p2a: Clefable
|-sethp|p2a: Clefable|174\/358|p1a: Rotom-Wash|174\/304|[from] move: Pain Split
|move|p2a: Clefable|Moonblast|p1a: Rotom-Wash
|-crit|p1a: Rotom-Wash
|-damage|p1a: Rotom-Wash|25\/304
|-unboost|p1a: Rotom-Wash|spa|1
|
|-heal|p1a: Rotom-Wash|44\/304|[from] item: Leftovers
|turn|48
|
|move|p1a: Rotom-Wash|Pain Split|p2a: Clefable
|-sethp|p2a: Clefable|109\/358|p1a: Rotom-Wash|109\/304|[from] move: Pain Split
|move|p2a: Clefable|Moonlight|p2a: Clefable
|-heal|p2a: Clefable|288\/358
|
|-heal|p1a: Rotom-Wash|128\/304|[from] item: Leftovers
|turn|49
|
|move|p1a: Rotom-Wash|Pain Split|p2a: Clefable
|-sethp|p2a: Clefable|208\/358|p1a: Rotom-Wash|208\/304|[from] move: Pain Split
|move|p2a: Clefable|Moonblast|p1a: Rotom-Wash
|-crit|p1a: Rotom-Wash
|-damage|p1a: Rotom-Wash|48\/304
|
|-heal|p1a: Rotom-Wash|67\/304|[from] item: Leftovers
|turn|50
|
|move|p1a: Rotom-Wash|Pain Split|p2a: Clefable
|-sethp|p2a: Clefable|137\/358|p1a: Rotom-Wash|137\/304|[from] move: Pain Split
|move|p2a: Clefable|Moonlight|p2a: Clefable
|-heal|p2a: Clefable|316\/358
|
|-heal|p1a: Rotom-Wash|156\/304|[from] item: Leftovers
|turn|51
|
|move|p1a: Rotom-Wash|Pain Split|p2a: Clefable
|-sethp|p2a: Clefable|236\/358|p1a: Rotom-Wash|236\/304|[from] move: Pain Split
|move|p2a: Clefable|Moonblast|p1a: Rotom-Wash
|-damage|p1a: Rotom-Wash|123\/304
|
|-heal|p1a: Rotom-Wash|142\/304|[from] item: Leftovers
|turn|52
|leave|lolzuk
|player|p1
|join|lolzuk
|player|p1|lolzuk|101
|
|move|p1a: Rotom-Wash|Pain Split|p2a: Clefable
|-sethp|p2a: Clefable|189\/358|p1a: Rotom-Wash|189\/304|[from] move: Pain Split
|move|p2a: Clefable|Moonblast|p1a: Rotom-Wash
|-damage|p1a: Rotom-Wash|82\/304
|
|-heal|p1a: Rotom-Wash|101\/304|[from] item: Leftovers
|turn|53
|
|move|p1a: Rotom-Wash|Pain Split|p2a: Clefable
|-sethp|p2a: Clefable|145\/358|p1a: Rotom-Wash|145\/304|[from] move: Pain Split
|move|p2a: Clefable|Moonblast|p1a: Rotom-Wash
|-damage|p1a: Rotom-Wash|32\/304
|
|-heal|p1a: Rotom-Wash|51\/304|[from] item: Leftovers
|turn|54
|
|switch|p1a: Gliscor|Gliscor, F|354\/354
|move|p2a: Clefable|Moonlight|p2a: Clefable
|-heal|p2a: Clefable|324\/358
|
|-status|p1a: Gliscor|tox|[from] item: Toxic Orb
|turn|55
|
|move|p1a: Gliscor|Taunt|p2a: Clefable
|-start|p2a: Clefable|move: Taunt
|move|p2a: Clefable|Moonblast|p1a: Gliscor
|-damage|p1a: Gliscor|151\/354 tox
|
|-heal|p1a: Gliscor|195\/354 tox|[from] ability: Poison Heal
|turn|56
|
|move|p1a: Gliscor|U-turn|p2a: Clefable
|-resisted|p2a: Clefable
|-damage|p2a: Clefable|294\/358
|
|switch|p1a: Rotom-Wash|Rotom-Wash|51\/304
|move|p2a: Clefable|Moonblast|p1a: Rotom-Wash
|-damage|p1a: Rotom-Wash|0 fnt
|faint|p1a: Rotom-Wash
|
|
|switch|p1a: Gliscor|Gliscor, F|195\/354 tox
|turn|57
|
|move|p1a: Gliscor|Roost|p1a: Gliscor
|-heal|p1a: Gliscor|354\/354 tox
|move|p2a: Clefable|Moonblast|p1a: Gliscor
|-damage|p1a: Gliscor|159\/354 tox
|
|-heal|p1a: Gliscor|203\/354 tox|[from] ability: Poison Heal
|-end|p2a: Clefable|move: Taunt
|turn|58
|
|move|p1a: Gliscor|Roost|p1a: Gliscor
|-heal|p1a: Gliscor|354\/354 tox
|move|p2a: Clefable|Moonblast|p1a: Gliscor
|-crit|p1a: Gliscor
|-damage|p1a: Gliscor|60\/354 tox
|-unboost|p1a: Gliscor|spa|1
|
|-heal|p1a: Gliscor|104\/354 tox|[from] ability: Poison Heal
|turn|59
|
|move|p1a: Gliscor|Toxic|p2a: Clefable
|-status|p2a: Clefable|tox
|move|p2a: Clefable|Moonblast|p1a: Gliscor
|-damage|p1a: Gliscor|0 fnt
|faint|p1a: Gliscor
|
|win|gyllenhaaled
|raw|Ladder updating...
|raw|lolzuk's rating: 1210 &rarr; <strong>1182<\/strong><br \/>(-28 for losing)
|raw|gyllenhaaled's rating: 1170 &rarr; <strong>1198<\/strong><br \/>(+28 for winning)
|chat|gyllenhaaled|gg
|leave|lolzuk
|player|p1