|join|Javier7
|join|lolzuk
|player|p1|Javier7|224
|player|p2|lolzuk|209
|gametype|singles
|gen|6
|tier|OU
|clearpoke
|poke|p1|Dragonite, M
|poke|p1|Kingdra, M
|poke|p1|Salamence, M
|poke|p1|Garchomp, M
|poke|p1|Haxorus, M
|poke|p1|Hydreigon, M
|poke|p2|Ferrothorn, M
|poke|p2|Heatran, M
|poke|p2|Greninja, M
|poke|p2|Latios, M
|poke|p2|Talonflame, F
|poke|p2|Lopunny, M
|rule|Swagger Clause: Swagger is banned
|rule|Baton Pass Clause: Limit one PokÃ©mon knowing Baton Pass
|rule|Sleep Clause Mod: Limit one foe put to sleep
|rule|Species Clause: Limit one of each PokÃ©mon
|rule|OHKO Clause: OHKO moves are banned
|rule|Moody Clause: Moody is banned
|rule|Evasion Moves Clause: Evasion moves are banned
|rule|Endless Battle Clause: Forcing endless battles is banned
|rule|HP Percentage Mod: HP is shown in percentages
|teampreview
|
|start
|switch|p1a: Dragonite|Dragonite, M|324\/324
|switch|p2a: Talonflame|Talonflame, F|297\/297
|turn|1
|
|move|p2a: Talonflame|Brave Bird|p1a: Dragonite
|-damage|p1a: Dragonite|213\/324
|-damage|p2a: Talonflame|260\/297|[from] recoil|[of] p1a: Dragonite
|move|p1a: Dragonite|Dragon Dance|p1a: Dragonite
|-boost|p1a: Dragonite|atk|1
|-boost|p1a: Dragonite|spe|1
|
|turn|2
|
|move|p1a: Dragonite|Extreme Speed|p2a: Talonflame
|-damage|p2a: Talonflame|37\/297
|move|p2a: Talonflame|Brave Bird|p1a: Dragonite
|-damage|p1a: Dragonite|12\/324
|-damage|p2a: Talonflame|0 fnt|[from] recoil|[of] p1a: Dragonite
|faint|p2a: Talonflame
|
|c|âlolzuk|:(
|
|switch|p2a: Lopunny|Lopunny, M|271\/271
|turn|3
|
|detailschange|p2a: Lopunny|Lopunny-Mega, M
|message|Lopunny has Mega Evolved into Mega Lopunny!
|move|p1a: Dragonite|Outrage|p2a: Lopunny
|-damage|p2a: Lopunny|0 fnt
|faint|p2a: Lopunny
|
|
|switch|p2a: Ferrothorn|Ferrothorn, M|352\/352
|turn|4
|
|move|p1a: Dragonite|Outrage|p2a: Ferrothorn
|-resisted|p2a: Ferrothorn
|-damage|p2a: Ferrothorn|227\/352
|-damage|p1a: Dragonite|0 fnt|[from] ability: Iron Barbs|[of] p2a: Ferrothorn
|faint|p1a: Dragonite
|move|p2a: Ferrothorn|Spikes|p1: Dragonite
|-sidestart|p1: Javier7|Spikes
|
|-heal|p2a: Ferrothorn|249\/352|[from] item: Leftovers
|
|switch|p1a: Hydreigon|Hydreigon, M|326\/326
|turn|5
|
|move|p2a: Ferrothorn|Protect|p2a: Ferrothorn
|-singleturn|p2a: Ferrothorn|Protect
|move|p1a: Hydreigon|Focus Blast|p2a: Ferrothorn
|-activate|p2a: Ferrothorn|Protect
|
|-heal|p2a: Ferrothorn|271\/352|[from] item: Leftovers
|turn|6
|
|switch|p2a: Latios|Latios, M|302\/302
|move|p1a: Hydreigon|Focus Blast|p2a: Latios
|-resisted|p2a: Latios
|-damage|p2a: Latios|206\/302
|
|turn|7
|
|switch|p1a: Salamence|Salamence, M|332\/332
|-ability|p1a: Salamence|Intimidate|[of] p2a: Latios
|-unboost|p2a: Latios|atk|1
|move|p2a: Latios|Draco Meteor|p1a: Salamence
|-supereffective|p1a: Salamence
|-damage|p1a: Salamence|0 fnt
|-unboost|p2a: Latios|spa|2
|-damage|p2a: Latios|176\/302|[from] item: Life Orb
|faint|p1a: Salamence
|
|
|switch|p1a: Garchomp|Garchomp, M|358\/358
|-damage|p1a: Garchomp|314\/358|[from] Spikes
|turn|8
|
|switch|p2a: Ferrothorn|Ferrothorn, M|271\/352
|move|p1a: Garchomp|Outrage|p2a: Ferrothorn
|-resisted|p2a: Ferrothorn
|-damage|p2a: Ferrothorn|194\/352
|-damage|p1a: Garchomp|270\/358|[from] ability: Iron Barbs|[of] p2a: Ferrothorn
|
|-heal|p2a: Ferrothorn|216\/352|[from] item: Leftovers
|turn|9
|
|move|p1a: Garchomp|Outrage|p2a: Ferrothorn
|-resisted|p2a: Ferrothorn
|-damage|p2a: Ferrothorn|137\/352
|-damage|p1a: Garchomp|226\/358|[from] ability: Iron Barbs|[of] p2a: Ferrothorn
|move|p2a: Ferrothorn|Leech Seed|p1a: Garchomp
|-start|p1a: Garchomp|move: Leech Seed
|
|-heal|p2a: Ferrothorn|159\/352|[from] item: Leftovers
|-damage|p1a: Garchomp|182\/358|[from] Leech Seed|[of] p2a: Ferrothorn
|-heal|p2a: Ferrothorn|203\/352|[silent]
|turn|10
|
|move|p1a: Garchomp|Outrage|p2a: Ferrothorn
|-resisted|p2a: Ferrothorn
|-damage|p2a: Ferrothorn|120\/352
|-damage|p1a: Garchomp|138\/358|[from] ability: Iron Barbs|[of] p2a: Ferrothorn
|move|p2a: Ferrothorn|Gyro Ball|p1a: Garchomp
|-damage|p1a: Garchomp|0 fnt
|-damage|p2a: Ferrothorn|76\/352|[from] ability: Rough Skin|[of] p1a: Garchomp
|faint|p1a: Garchomp
|
|-heal|p2a: Ferrothorn|98\/352|[from] item: Leftovers
|
|switch|p1a: Haxorus|Haxorus, M|294\/294
|-damage|p1a: Haxorus|258\/294|[from] Spikes
|-ability|p1a: Haxorus|Mold Breaker
|turn|11
|
|move|p1a: Haxorus|Dragon Dance|p1a: Haxorus
|-boost|p1a: Haxorus|atk|1
|-boost|p1a: Haxorus|spe|1
|move|p2a: Ferrothorn|Gyro Ball|p1a: Haxorus
|-damage|p1a: Haxorus|87\/294
|
|-heal|p2a: Ferrothorn|120\/352|[from] item: Leftovers
|turn|12
|
|move|p1a: Haxorus|Earthquake|p2a: Ferrothorn
|-damage|p2a: Ferrothorn|0 fnt
|faint|p2a: Ferrothorn
|
|
|switch|p2a: Greninja|Greninja, M|285\/285
|turn|13
|
|switch|p2a: Heatran|Heatran, M|385\/385
|move|p1a: Haxorus|Brick Break|p2a: Heatran
|-crit|p2a: Heatran
|-supereffective|p2a: Heatran
|-damage|p2a: Heatran|0 fnt
|faint|p2a: Heatran
|
|
|switch|p2a: Latios|Latios, M|176\/302
|turn|14
|
|move|p1a: Haxorus|Outrage|p2a: Latios
|-supereffective|p2a: Latios
|-damage|p2a: Latios|0 fnt
|faint|p2a: Latios
|
|
|switch|p2a: Greninja|Greninja, M|285\/285
|turn|15
|c|âlolzuk|gg
|
|move|p1a: Haxorus|Outrage|p2a: Greninja
|-damage|p2a: Greninja|0 fnt
|faint|p2a: Greninja
|
|win|Javier7
|c|âJavier7|gg