|join|Whymedo
|join|lolzuk
|player|p1|Whymedo|80
|player|p2|lolzuk|209
|gametype|singles
|gen|6
|tier|OU
|rated
|clearpoke
|poke|p1|Sharpedo, M
|poke|p1|Ferrothorn, M
|poke|p1|Sableye, F
|poke|p1|Donphan, F
|poke|p1|Tyranitar, F
|poke|p1|Bisharp, F
|poke|p2|Ferrothorn, F
|poke|p2|Heatran, F
|poke|p2|Greninja, M, shiny
|poke|p2|Latios, M
|poke|p2|Talonflame, F
|poke|p2|Lopunny, M
|rule|Swagger Clause: Swagger is banned
|rule|Baton Pass Clause: Limit one PokÃ©mon knowing Baton Pass
|rule|Sleep Clause Mod: Limit one foe put to sleep
|rule|Species Clause: Limit one of each PokÃ©mon
|rule|OHKO Clause: OHKO moves are banned
|rule|Moody Clause: Moody is banned
|rule|Evasion Moves Clause: Evasion moves are banned
|rule|Endless Battle Clause: Forcing endless battles is banned
|rule|HP Percentage Mod: HP is shown in percentages
|teampreview
|
|start
|switch|p1a: Sableye|Sableye, F|301\/301
|switch|p2a: Talonflame|Talonflame, F|297\/297
|turn|1
|
|move|p2a: Talonflame|Swords Dance|p2a: Talonflame
|-boost|p2a: Talonflame|atk|2
|move|p1a: Sableye|Knock Off|p2a: Talonflame
|-damage|p2a: Talonflame|165\/297
|-enditem|p2a: Talonflame|Sharp Beak|[from] move: Knock Off|[of] p1a: Sableye
|
|turn|2
|
|switch|p1a: Ferrothorn|Ferrothorn, M|349\/349
|move|p2a: Talonflame|Swords Dance|p2a: Talonflame
|-boost|p2a: Talonflame|atk|2
|
|turn|3
|
|move|p2a: Talonflame|Roost|p2a: Talonflame
|-heal|p2a: Talonflame|297\/297
|move|p1a: Ferrothorn|Thunder Wave|p2a: Talonflame
|-status|p2a: Talonflame|par
|
|turn|4
|
|cant|p2a: Talonflame|par
|move|p1a: Ferrothorn|Leech Seed|p2a: Talonflame
|-start|p2a: Talonflame|move: Leech Seed
|
|-damage|p2a: Talonflame|260\/297 par|[from] Leech Seed|[of] p1a: Ferrothorn
|turn|5
|
|move|p2a: Talonflame|Swords Dance|p2a: Talonflame
|-boost|p2a: Talonflame|atk|2
|move|p1a: Ferrothorn|Stealth Rock|p2a: Talonflame
|-sidestart|p2: lolzuk|move: Stealth Rock
|
|-damage|p2a: Talonflame|223\/297 par|[from] Leech Seed|[of] p1a: Ferrothorn
|turn|6
|
|move|p2a: Talonflame|Brave Bird|p1a: Ferrothorn
|-crit|p1a: Ferrothorn
|-damage|p1a: Ferrothorn|0 fnt
|-damage|p2a: Talonflame|186\/297 par|[from] ability: Iron Barbs|[of] p1a: Ferrothorn
|-damage|p2a: Talonflame|137\/297 par|[from] item: Rocky Helmet|[of] p1a: Ferrothorn
|-damage|p2a: Talonflame|22\/297 par|[from] recoil|[of] p1a: Ferrothorn
|faint|p1a: Ferrothorn
|
|
|switch|p1a: Donphan|Donphan, F|361\/361
|turn|7
|
|move|p2a: Talonflame|Roost|p2a: Talonflame
|-heal|p2a: Talonflame|171\/297 par
|move|p1a: Donphan|Earthquake|p2a: Talonflame
|-supereffective|p2a: Talonflame
|-damage|p2a: Talonflame|0 fnt
|faint|p2a: Talonflame
|
|
|switch|p2a: Ferrothorn|Ferrothorn, F|352\/352
|-damage|p2a: Ferrothorn|330\/352|[from] Stealth Rock
|turn|8
|
|move|p1a: Donphan|Earthquake|p2a: Ferrothorn
|-damage|p2a: Ferrothorn|233\/352
|move|p2a: Ferrothorn|Leech Seed|p1a: Donphan
|-start|p1a: Donphan|move: Leech Seed
|
|-heal|p2a: Ferrothorn|255\/352|[from] item: Leftovers
|-damage|p1a: Donphan|316\/361|[from] Leech Seed|[of] p2a: Ferrothorn
|-heal|p2a: Ferrothorn|300\/352|[silent]
|turn|9
|
|switch|p1a: Sableye|Sableye, F|301\/301
|move|p2a: Ferrothorn|Spikes|p1a: Sableye
|-sidestart|p1: Whymedo|Spikes
|
|-heal|p2a: Ferrothorn|322\/352|[from] item: Leftovers
|turn|10
|
|move|p1a: Sableye|Will-O-Wisp|p2a: Ferrothorn|[miss]
|-miss|p1a: Sableye|p2a: Ferrothorn
|move|p2a: Ferrothorn|Leech Seed|p1a: Sableye
|-start|p1a: Sableye|move: Leech Seed
|
|-heal|p2a: Ferrothorn|344\/352|[from] item: Leftovers
|-damage|p1a: Sableye|264\/301|[from] Leech Seed|[of] p2a: Ferrothorn
|-heal|p2a: Ferrothorn|352\/352|[silent]
|turn|11
|
|switch|p2a: Heatran|Heatran, F|385\/385
|-damage|p2a: Heatran|337\/385|[from] Stealth Rock
|move|p1a: Sableye|Knock Off|p2a: Heatran
|-damage|p2a: Heatran|243\/385
|-enditem|p2a: Heatran|Leftovers|[from] move: Knock Off|[of] p1a: Sableye
|
|-heal|p1a: Sableye|282\/301|[from] item: Leftovers
|-damage|p1a: Sableye|245\/301|[from] Leech Seed|[of] p2a: Heatran
|-heal|p2a: Heatran|280\/385|[silent]
|turn|12
|
|move|p1a: Sableye|Magic Coat|p1a: Sableye
|-singleturn|p1a: Sableye|move: Magic Coat
|move|p2a: Heatran|Toxic|p1a: Sableye
|move|p1a: Sableye|Toxic|p2a: Heatran|[from]Magic Coat
|-fail|p2a: Heatran
|
|-heal|p1a: Sableye|263\/301|[from] item: Leftovers
|-damage|p1a: Sableye|226\/301|[from] Leech Seed|[of] p2a: Heatran
|-heal|p2a: Heatran|317\/385|[silent]
|turn|13
|
|switch|p1a: Tyranitar|Tyranitar, F|341\/341
|-damage|p1a: Tyranitar|299\/341|[from] Spikes
|-weather|Sandstorm
|move|p2a: Heatran|Lava Plume|p1a: Tyranitar
|-resisted|p1a: Tyranitar
|-damage|p1a: Tyranitar|262\/341
|
|-weather|Sandstorm|[upkeep]
|turn|14
|
|switch|p1a: Bisharp|Bisharp, F|271\/271
|-damage|p1a: Bisharp|238\/271|[from] Spikes
|switch|p2a: Ferrothorn|Ferrothorn, F|352\/352
|-damage|p2a: Ferrothorn|330\/352|[from] Stealth Rock
|
|-weather|Sandstorm|[upkeep]
|-heal|p2a: Ferrothorn|352\/352|[from] item: Leftovers
|turn|15
|
|move|p1a: Bisharp|Swords Dance|p1a: Bisharp
|-boost|p1a: Bisharp|atk|2
|move|p2a: Ferrothorn|Leech Seed|p1a: Bisharp
|-start|p1a: Bisharp|move: Leech Seed
|
|-weather|Sandstorm|[upkeep]
|-damage|p1a: Bisharp|205\/271|[from] Leech Seed|[of] p2a: Ferrothorn
|turn|16
|
|move|p1a: Bisharp|Swords Dance|p1a: Bisharp
|-boost|p1a: Bisharp|atk|2
|move|p2a: Ferrothorn|Spikes|p1a: Bisharp
|-sidestart|p1: Whymedo|Spikes
|
|-weather|Sandstorm|[upkeep]
|-damage|p1a: Bisharp|172\/271|[from] Leech Seed|[of] p2a: Ferrothorn
|turn|17
|
|move|p2a: Ferrothorn|Protect|p2a: Ferrothorn
|-singleturn|p2a: Ferrothorn|Protect
|move|p1a: Bisharp|Knock Off|p2a: Ferrothorn
|-activate|p2a: Ferrothorn|Protect
|
|-weather|none
|-damage|p1a: Bisharp|139\/271|[from] Leech Seed|[of] p2a: Ferrothorn
|turn|18
|
|move|p1a: Bisharp|Knock Off|p2a: Ferrothorn
|-damage|p2a: Ferrothorn|0 fnt
|-damage|p1a: Bisharp|106\/271|[from] ability: Iron Barbs|[of] p2a: Ferrothorn
|-enditem|p2a: Ferrothorn|Leftovers|[from] move: Knock Off|[of] p1a: Bisharp
|-damage|p1a: Bisharp|79\/271|[from] item: Life Orb
|faint|p2a: Ferrothorn
|
|
|switch|p2a: Lopunny|Lopunny, M|271\/271
|-damage|p2a: Lopunny|238\/271|[from] Stealth Rock
|turn|19
|
|detailschange|p2a: Lopunny|Lopunny-Mega, M
|message|Lopunny has Mega Evolved into Mega Lopunny!
|move|p1a: Bisharp|Sucker Punch|p2a: Lopunny
|-fail|p2a: Lopunny
|move|p2a: Lopunny|Substitute|p2a: Lopunny
|-start|p2a: Lopunny|Substitute
|-damage|p2a: Lopunny|171\/271
|
|-damage|p1a: Bisharp|46\/271|[from] Leech Seed|[of] p2a: Lopunny
|-heal|p2a: Lopunny|204\/271|[silent]
|turn|20
|
|move|p2a: Lopunny|Return|p1a: Bisharp
|-crit|p1a: Bisharp
|-resisted|p1a: Bisharp
|-damage|p1a: Bisharp|0 fnt
|faint|p1a: Bisharp
|
|
|switch|p1a: Donphan|Donphan, F|316\/361
|-damage|p1a: Donphan|256\/361|[from] Spikes
|turn|21
|
|move|p2a: Lopunny|High Jump Kick|p1a: Donphan
|-damage|p1a: Donphan|76\/361
|move|p1a: Donphan|Earthquake|p2a: Lopunny
|-end|p2a: Lopunny|Substitute
|
|turn|22
|
|move|p2a: Lopunny|Return|p1a: Donphan
|-damage|p1a: Donphan|0 fnt
|faint|p1a: Donphan
|
|
|switch|p1a: Sableye|Sableye, F|226\/301
|-damage|p1a: Sableye|176\/301|[from] Spikes
|turn|23
|
|switch|p1a: Tyranitar|Tyranitar, F|262\/341
|-damage|p1a: Tyranitar|206\/341|[from] Spikes
|-weather|Sandstorm
|move|p2a: Lopunny|High Jump Kick|p1a: Tyranitar
|-supereffective|p1a: Tyranitar
|-damage|p1a: Tyranitar|0 fnt
|faint|p1a: Tyranitar
|
|-weather|Sandstorm|[upkeep]
|-damage|p2a: Lopunny|188\/271|[from] sandstorm
|
|switch|p1a: Sableye|Sableye, F|176\/301
|-damage|p1a: Sableye|126\/301|[from] Spikes
|turn|24
|
|move|p1a: Sableye|Will-O-Wisp|p2a: Lopunny
|-status|p2a: Lopunny|brn
|move|p2a: Lopunny|High Jump Kick|p1a: Sableye
|-crit|p1a: Sableye
|-supereffective|p1a: Sableye
|-damage|p1a: Sableye|0 fnt
|faint|p1a: Sableye
|
|-weather|Sandstorm|[upkeep]
|-damage|p2a: Lopunny|172\/271 brn|[from] sandstorm
|-damage|p2a: Lopunny|139\/271 brn|[from] brn
|
|switch|p1a: Sharpedo|Sharpedo, M|281\/281
|-damage|p1a: Sharpedo|235\/281|[from] Spikes
|turn|25
|
|move|p2a: Lopunny|Substitute|p2a: Lopunny
|-start|p2a: Lopunny|Substitute
|-damage|p2a: Lopunny|72\/271 brn
|move|p1a: Sharpedo|Waterfall|p2a: Lopunny
|-end|p2a: Lopunny|Substitute
|
|-weather|Sandstorm|[upkeep]
|-damage|p2a: Lopunny|56\/271 brn|[from] sandstorm
|-damage|p1a: Sharpedo|218\/281|[from] sandstorm
|-damage|p2a: Lopunny|23\/271 brn|[from] brn
|-boost|p1a: Sharpedo|spe|1|[from] ability: Speed Boost
|turn|26
|
|move|p1a: Sharpedo|Waterfall|p2a: Lopunny
|-damage|p2a: Lopunny|0 fnt
|faint|p2a: Lopunny
|
|-weather|Sandstorm|[upkeep]
|-damage|p1a: Sharpedo|201\/281|[from] sandstorm
|-boost|p1a: Sharpedo|spe|1|[from] ability: Speed Boost
|
|switch|p2a: Heatran|Heatran, F|317\/385
|-damage|p2a: Heatran|269\/385|[from] Stealth Rock
|turn|27
|
|detailschange|p1a: Sharpedo|Sharpedo-Mega, M
|message|Sharpedo has Mega Evolved into Mega Sharpedo!
|move|p1a: Sharpedo|Waterfall|p2a: Heatran
|-supereffective|p2a: Heatran
|-damage|p2a: Heatran|0 fnt
|faint|p2a: Heatran
|
|-weather|none
|
|switch|p2a: Greninja|Greninja, M, shiny|285\/285
|-damage|p2a: Greninja|250\/285|[from] Stealth Rock
|turn|28
|
|move|p1a: Sharpedo|Waterfall|p2a: Greninja
|-resisted|p2a: Greninja
|-damage|p2a: Greninja|122\/285
|cant|p2a: Greninja|flinch
|
|turn|29
|c|âlolzuk|no way...
|c|âWhymedo|DA POWER
|c|âlolzuk|DA HAX
|
|move|p1a: Sharpedo|Waterfall|p2a: Greninja
|-resisted|p2a: Greninja
|-damage|p2a: Greninja|0 fnt
|faint|p2a: Greninja
|
|c|âWhymedo|DAAA APOOOWWEEERRR
|c|âlolzuk|wtf
|c|âlolzuk|I had low kick
|c|âlolzuk|i wudda won
|c|âlolzuk|:(
|c|âWhymedo|POWWWEEEERRRR
|
|switch|p2a: Latios|Latios, M|302\/302
|-damage|p2a: Latios|265\/302|[from] Stealth Rock
|turn|30
|
|move|p1a: Sharpedo|Crunch|p2a: Latios
|-supereffective|p2a: Latios
|-damage|p2a: Latios|0 fnt
|faint|p2a: Latios
|
|win|Whymedo
|raw|Ladder updating...
|c|âWhymedo|gg
|c|âlolzuk|gg
|leave|lolzuk
|player|p2
|raw|Whymedo's rating: 1549 &rarr; <strong>1566<\/strong><br \/>(+17 for winning)
|raw|lolzuk's rating: 1501 &rarr; <strong>1484<\/strong><br \/>(-17 for losing)