|join|lolzuk
|join|doodlmyr
|player|p1|lolzuk|209
|player|p2|doodlmyr|102
|gametype|singles
|gen|6
|tier|OU
|rated
|clearpoke
|poke|p1|Pinsir, M
|poke|p1|Excadrill, F
|poke|p1|Conkeldurr, M
|poke|p1|Gliscor, F
|poke|p1|Slowbro, F
|poke|p1|Dragonite, F
|poke|p2|Charizard, F
|poke|p2|Ferrothorn, F
|poke|p2|Landorus-Therian, M
|poke|p2|Chansey, F
|poke|p2|Latios, M
|poke|p2|Rotom-Wash
|rule|Swagger Clause: Swagger is banned
|rule|Baton Pass Clause: Limit one PokÃ©mon knowing Baton Pass
|rule|Sleep Clause Mod: Limit one foe put to sleep
|rule|Species Clause: Limit one of each PokÃ©mon
|rule|OHKO Clause: OHKO moves are banned
|rule|Moody Clause: Moody is banned
|rule|Evasion Moves Clause: Evasion moves are banned
|rule|Endless Battle Clause: Forcing endless battles is banned
|rule|HP Percentage Mod: HP is shown in percentages
|teampreview
|
|start
|switch|p1a: Conkeldurr|Conkeldurr, M|351\/351
|switch|p2a: Rotom-Wash|Rotom-Wash|241\/241
|turn|1
|
|switch|p1a: Slowbro|Slowbro, F|394\/394
|move|p2a: Rotom-Wash|Trick|p1a: Slowbro
|-activate|p2a: Rotom-Wash|move: Trick|[of] p1a: Slowbro
|-item|p1a: Slowbro|Choice Scarf|[from] move: Trick
|-item|p2a: Rotom-Wash|Leftovers|[from] move: Trick
|
|turn|2
|
|switch|p1a: Gliscor|Gliscor, F|352\/352
|move|p2a: Rotom-Wash|Volt Switch|p1a: Gliscor
|-immune|p1a: Gliscor|[msg]
|
|-status|p1a: Gliscor|tox|[from] item: Toxic Orb
|turn|3
|
|switch|p1a: Conkeldurr|Conkeldurr, M|351\/351
|move|p2a: Rotom-Wash|Hydro Pump|p1a: Conkeldurr
|-crit|p1a: Conkeldurr
|-damage|p1a: Conkeldurr|171\/351
|
|turn|4
|
|move|p2a: Rotom-Wash|Volt Switch|p1a: Conkeldurr
|-damage|p1a: Conkeldurr|99\/351
|
|switch|p2a: Landorus-Therian|Landorus-Therian, M|319\/319
|-ability|p2a: Landorus-Therian|Intimidate|[of] p1a: Conkeldurr
|-unboost|p1a: Conkeldurr|atk|1
|move|p1a: Conkeldurr|Drain Punch|p2a: Landorus-Therian
|-resisted|p2a: Landorus-Therian
|-damage|p2a: Landorus-Therian|259\/319
|-heal|p1a: Conkeldurr|129\/351|[from] drain|[of] p2a: Landorus-Therian
|
|turn|5
|
|switch|p1a: Gliscor|Gliscor, F|352\/352 tox
|move|p2a: Landorus-Therian|U-turn|p1a: Gliscor
|-resisted|p1a: Gliscor
|-damage|p1a: Gliscor|322\/352 tox
|
|switch|p2a: Rotom-Wash|Rotom-Wash|241\/241
|
|-heal|p1a: Gliscor|352\/352 tox|[from] ability: Poison Heal
|turn|6
|
|switch|p1a: Slowbro|Slowbro, F|394\/394
|move|p2a: Rotom-Wash|Hydro Pump|p1a: Slowbro
|-resisted|p1a: Slowbro
|-damage|p1a: Slowbro|295\/394
|
|turn|7
|
|move|p2a: Rotom-Wash|Volt Switch|p1a: Slowbro
|-supereffective|p1a: Slowbro
|-damage|p1a: Slowbro|13\/394
|
|switch|p2a: Latios|Latios, M|302\/302
|move|p1a: Slowbro|Psyshock|p2a: Latios
|-resisted|p2a: Latios
|-damage|p2a: Latios|240\/302
|
|turn|8
|
|switch|p1a: Excadrill|Excadrill, F|401\/401
|-ability|p1a: Excadrill|Mold Breaker
|move|p2a: Latios|Psyshock|p1a: Excadrill
|-resisted|p1a: Excadrill
|-damage|p1a: Excadrill|267\/401
|-damage|p2a: Latios|210\/302|[from] item: Life Orb
|
|turn|9
|
|switch|p2a: Landorus-Therian|Landorus-Therian, M|259\/319
|-ability|p2a: Landorus-Therian|Intimidate|[of] p1a: Excadrill
|-unboost|p1a: Excadrill|atk|1
|move|p1a: Excadrill|Iron Head|p2a: Landorus-Therian
|-damage|p2a: Landorus-Therian|145\/319
|
|turn|10
|
|move|p2a: Landorus-Therian|Earthquake|p1a: Excadrill
|-supereffective|p1a: Excadrill
|-damage|p1a: Excadrill|0 fnt
|faint|p1a: Excadrill
|
|
|switch|p1a: Gliscor|Gliscor, F|352\/352 tox
|turn|11
|
|switch|p2a: Ferrothorn|Ferrothorn, F|352\/352
|move|p1a: Gliscor|Stealth Rock|p2a: Ferrothorn
|-sidestart|p2: doodlmyr|move: Stealth Rock
|
|turn|12
|
|switch|p1a: Conkeldurr|Conkeldurr, M|129\/351
|move|p2a: Ferrothorn|Stealth Rock|p1a: Conkeldurr
|-sidestart|p1: lolzuk|move: Stealth Rock
|
|turn|13
|
|move|p1a: Conkeldurr|Knock Off|p2a: Ferrothorn
|-damage|p2a: Ferrothorn|256\/352
|-damage|p1a: Conkeldurr|86\/351|[from] ability: Iron Barbs|[of] p2a: Ferrothorn
|-enditem|p2a: Ferrothorn|Shed Shell|[from] move: Knock Off|[of] p1a: Conkeldurr
|move|p2a: Ferrothorn|Knock Off|p1a: Conkeldurr
|-resisted|p1a: Conkeldurr
|-damage|p1a: Conkeldurr|50\/351
|-enditem|p1a: Conkeldurr|Assault Vest|[from] move: Knock Off|[of] p2a: Ferrothorn
|
|turn|14
|
|switch|p2a: Landorus-Therian|Landorus-Therian, M|145\/319
|-damage|p2a: Landorus-Therian|106\/319|[from] Stealth Rock
|-ability|p2a: Landorus-Therian|Intimidate|[of] p1a: Conkeldurr
|-unboost|p1a: Conkeldurr|atk|1
|move|p1a: Conkeldurr|Drain Punch|p2a: Landorus-Therian
|-resisted|p2a: Landorus-Therian
|-damage|p2a: Landorus-Therian|47\/319
|-heal|p1a: Conkeldurr|80\/351|[from] drain|[of] p2a: Landorus-Therian
|
|turn|15
|
|move|p1a: Conkeldurr|Mach Punch|p2a: Landorus-Therian
|-resisted|p2a: Landorus-Therian
|-damage|p2a: Landorus-Therian|16\/319
|move|p2a: Landorus-Therian|Superpower|p1a: Conkeldurr
|-damage|p1a: Conkeldurr|0 fnt
|-unboost|p2a: Landorus-Therian|atk|1
|-unboost|p2a: Landorus-Therian|def|1
|faint|p1a: Conkeldurr
|
|
|switch|p1a: Pinsir|Pinsir, M|271\/271
|-damage|p1a: Pinsir|204\/271|[from] Stealth Rock
|turn|16
|
|switch|p2a: Ferrothorn|Ferrothorn, F|256\/352
|-damage|p2a: Ferrothorn|234\/352|[from] Stealth Rock
|detailschange|p1a: Pinsir|Pinsir-Mega, M
|message|Pinsir has Mega Evolved into Mega Pinsir!
|move|p1a: Pinsir|Swords Dance|p1a: Pinsir
|-boost|p1a: Pinsir|atk|2
|
|turn|17
|
|move|p1a: Pinsir|Return|p2a: Ferrothorn
|-damage|p2a: Ferrothorn|0 fnt
|-damage|p1a: Pinsir|171\/271|[from] ability: Iron Barbs|[of] p2a: Ferrothorn
|faint|p2a: Ferrothorn
|
|
|switch|p2a: Rotom-Wash|Rotom-Wash|241\/241
|-damage|p2a: Rotom-Wash|211\/241|[from] Stealth Rock
|turn|18
|
|move|p1a: Pinsir|Close Combat|p2a: Rotom-Wash
|-damage|p2a: Rotom-Wash|0 fnt
|-unboost|p1a: Pinsir|def|1
|-unboost|p1a: Pinsir|spd|1
|faint|p2a: Rotom-Wash
|
|
|switch|p2a: Chansey|Chansey, F|660\/660
|-damage|p2a: Chansey|578\/660|[from] Stealth Rock
|turn|19
|
|move|p1a: Pinsir|Close Combat|p2a: Chansey
|-crit|p2a: Chansey
|-supereffective|p2a: Chansey
|-damage|p2a: Chansey|0 fnt
|-unboost|p1a: Pinsir|def|1
|-unboost|p1a: Pinsir|spd|1
|faint|p2a: Chansey
|
|
|switch|p2a: Latios|Latios, M|210\/302
|-damage|p2a: Latios|173\/302|[from] Stealth Rock
|turn|20
|
|move|p1a: Pinsir|Quick Attack|p2a: Latios
|-damage|p2a: Latios|0 fnt
|faint|p2a: Latios
|
|
|switch|p2a: Charizard|Charizard, F|297\/297
|-damage|p2a: Charizard|149\/297|[from] Stealth Rock
|turn|21
|
|detailschange|p2a: Charizard|Charizard-Mega-X, F
|message|Charizard has Mega Evolved into Mega Charizard!
|move|p1a: Pinsir|Quick Attack|p2a: Charizard
|-damage|p2a: Charizard|0 fnt
|faint|p2a: Charizard
|
|
|switch|p2a: Landorus-Therian|Landorus-Therian, M|16\/319
|-damage|p2a: Landorus-Therian|0 fnt|[from] Stealth Rock
|faint|p2a: Landorus-Therian
|
|win|lolzuk
|raw|Ladder updating...
|c|âlolzuk|gg
|raw|lolzuk's rating: 1440 &rarr; <strong>1459<\/strong><br \/>(+19 for winning)
|raw|doodlmyr's rating: 1431 &rarr; <strong>1412<\/strong><br \/>(-19 for losing)
|leave|doodlmyr
|player|p2