|join|Iceman23
|join|lolzuk
|player|p1|Iceman23|153
|player|p2|lolzuk|1
|gametype|singles
|gen|6
|tier|OU
|rated
|clearpoke
|poke|p1|Rotom-Wash
|poke|p1|Landorus-Therian, M
|poke|p1|Celebi
|poke|p1|Scizor, F
|poke|p1|Manectric, F
|poke|p1|Heatran, F
|poke|p2|Heatran, M
|poke|p2|Quagsire, F
|poke|p2|Blissey, F
|poke|p2|Gliscor, M
|poke|p2|Rotom-Wash
|poke|p2|Pinsir, M
|rule|Sleep Clause Mod: Limit one foe put to sleep
|rule|Species Clause: Limit one of each Pokemon
|rule|OHKO Clause: OHKO moves are banned
|rule|Moody Clause: Moody is banned
|rule|Evasion Moves Clause: Evasion moves are banned
|rule|Endless Battle Clause: Forcing endless battles is banned.
|rule|HP Percentage Mod: HP is reported as percentages
|teampreview
|
|start
|switch|p1a: Landorus-Therian|Landorus-Therian, M|320\/320
|switch|p2a: Rotom-Wash|Rotom-Wash|304\/304
|-ability|p1a: Landorus-Therian|Intimidate|[of] p2a: Rotom-Wash
|-unboost|p2a: Rotom-Wash|atk|1
|turn|1
|
|move|p1a: Landorus-Therian|Gravity|p1a: Landorus-Therian
|-fieldstart|move: Gravity
|move|p2a: Rotom-Wash|Will-O-Wisp|p1a: Landorus-Therian
|-status|p1a: Landorus-Therian|brn
|
|-damage|p1a: Landorus-Therian|280\/320 brn|[from] brn
|turn|2
|
|switch|p2a: Gliscor|Gliscor, M|354\/354
|move|p1a: Landorus-Therian|Earthquake|p2a: Gliscor
|-crit|p2a: Gliscor
|-damage|p2a: Gliscor|267\/354
|
|-heal|p1a: Landorus-Therian|300\/320 brn|[from] item: Leftovers
|-damage|p1a: Landorus-Therian|260\/320 brn|[from] brn
|-status|p2a: Gliscor|tox|[from] item: Toxic Orb
|turn|3
|
|switch|p1a: Scizor|Scizor, F|281\/281
|switch|p2a: Quagsire|Quagsire, F|394\/394
|
|turn|4
|
|move|p1a: Scizor|U-turn|p2a: Quagsire
|-damage|p2a: Quagsire|295\/394
|
|switch|p1a: Rotom-Wash|Rotom-Wash|304\/304
|move|p2a: Quagsire|Earthquake|p1a: Rotom-Wash
|-supereffective|p1a: Rotom-Wash
|-damage|p1a: Rotom-Wash|124\/304
|
|-heal|p2a: Quagsire|319\/394|[from] item: Leftovers
|turn|5
|
|switch|p1a: Landorus-Therian|Landorus-Therian, M|260\/320 brn
|-ability|p1a: Landorus-Therian|Intimidate|[of] p2a: Quagsire
|-unboost|p2a: Quagsire|atk|1
|move|p2a: Quagsire|Earthquake|p1a: Landorus-Therian
|-damage|p1a: Landorus-Therian|179\/320 brn
|
|-heal|p1a: Landorus-Therian|199\/320 brn|[from] item: Leftovers
|-heal|p2a: Quagsire|343\/394|[from] item: Leftovers
|-damage|p1a: Landorus-Therian|159\/320 brn|[from] brn
|-fieldend|move: Gravity
|turn|6
|
|move|p1a: Landorus-Therian|Knock Off|p2a: Quagsire
|-damage|p2a: Quagsire|294\/394
|-enditem|p2a: Quagsire|Leftovers|[from] move: Knock Off|[of] p1a: Landorus-Therian
|move|p2a: Quagsire|Scald|p1a: Landorus-Therian
|-supereffective|p1a: Landorus-Therian
|-damage|p1a: Landorus-Therian|0 fnt
|faint|p1a: Landorus-Therian
|
|
|switch|p1a: Celebi|Celebi|342\/342
|turn|7
|
|switch|p2a: Heatran|Heatran, M|386\/386
|move|p1a: Celebi|Stealth Rock|p2a: Heatran
|-sidestart|p2: lolzuk|move: Stealth Rock
|
|turn|8
|
|switch|p1a: Rotom-Wash|Rotom-Wash|124\/304
|move|p2a: Heatran|Stealth Rock|p1a: Rotom-Wash
|-sidestart|p1: Iceman23|move: Stealth Rock
|
|turn|9
|
|switch|p2a: Blissey|Blissey, F|714\/714
|-damage|p2a: Blissey|625\/714|[from] Stealth Rock
|move|p1a: Rotom-Wash|Trick|p2a: Blissey
|-activate|p1a: Rotom-Wash|move: Trick|[of] p2a: Blissey
|-item|p2a: Blissey|Choice Scarf|[from] move: Trick
|-item|p1a: Rotom-Wash|Leftovers|[from] move: Trick
|
|-heal|p1a: Rotom-Wash|143\/304|[from] item: Leftovers
|turn|10
|
|move|p1a: Rotom-Wash|Volt Switch|p2a: Blissey
|-crit|p2a: Blissey
|-damage|p2a: Blissey|531\/714
|
|switch|p1a: Scizor|Scizor, F|281\/281
|-damage|p1a: Scizor|246\/281|[from] Stealth Rock
|move|p2a: Blissey|Wish|p2a: Blissey
|
|-heal|p1a: Scizor|263\/281|[from] item: Leftovers
|turn|11
|
|switch|p2a: Heatran|Heatran, M|386\/386
|-damage|p2a: Heatran|338\/386|[from] Stealth Rock
|move|p1a: Scizor|Defog|p2a: Heatran
|-unboost|p2a: Heatran|evasion|1
|-sideend|p2: lolzuk|Stealth Rock|[from] move: Defog|[of] p2a: Heatran
|-sideend|p1: Iceman23|Stealth Rock|[from] move: Defog|[of] p1a: Scizor
|
|-heal|p2a: Heatran|386\/386|[from] move: Wish|[wisher] Blissey
|-heal|p1a: Scizor|280\/281|[from] item: Leftovers
|turn|12
|
|switch|p2a: Gliscor|Gliscor, M|267\/354 tox
|switch|p1a: Heatran|Heatran, F|386\/386
|
|-heal|p2a: Gliscor|311\/354 tox|[from] ability: Poison Heal
|turn|13
|
|switch|p1a: Rotom-Wash|Rotom-Wash|143\/304
|move|p2a: Gliscor|Toxic|p1a: Rotom-Wash
|-status|p1a: Rotom-Wash|tox
|
|-heal|p1a: Rotom-Wash|162\/304 tox|[from] item: Leftovers
|-damage|p1a: Rotom-Wash|143\/304 tox|[from] psn
|-heal|p2a: Gliscor|354\/354 tox|[from] ability: Poison Heal
|turn|14
|
|switch|p2a: Rotom-Wash|Rotom-Wash|304\/304
|move|p1a: Rotom-Wash|Hydro Pump|p2a: Rotom-Wash
|-resisted|p2a: Rotom-Wash
|-damage|p2a: Rotom-Wash|262\/304
|
|-heal|p1a: Rotom-Wash|162\/304 tox|[from] item: Leftovers
|-heal|p2a: Rotom-Wash|281\/304|[from] item: Leftovers
|-damage|p1a: Rotom-Wash|124\/304 tox|[from] psn
|turn|15
|
|move|p1a: Rotom-Wash|Volt Switch|p2a: Rotom-Wash
|-damage|p2a: Rotom-Wash|215\/304
|
|switch|p1a: Celebi|Celebi|342\/342
|move|p2a: Rotom-Wash|Will-O-Wisp|p1a: Celebi
|-status|p1a: Celebi|brn
|
|-heal|p2a: Rotom-Wash|234\/304|[from] item: Leftovers
|-damage|p1a: Celebi|300\/342 brn|[from] brn
|turn|16
|
|switch|p2a: Heatran|Heatran, M|386\/386
|move|p1a: Celebi|U-turn|p2a: Heatran
|-resisted|p2a: Heatran
|-damage|p2a: Heatran|382\/386
|
|switch|p1a: Rotom-Wash|Rotom-Wash|124\/304 tox
|
|-heal|p1a: Rotom-Wash|143\/304 tox|[from] item: Leftovers
|-heal|p2a: Heatran|386\/386|[from] item: Leftovers
|-damage|p1a: Rotom-Wash|124\/304 tox|[from] psn
|turn|17
|
|switch|p2a: Quagsire|Quagsire, F|294\/394
|move|p1a: Rotom-Wash|Hydro Pump|p2a: Quagsire
|-damage|p2a: Quagsire|98\/394
|
|-heal|p1a: Rotom-Wash|143\/304 tox|[from] item: Leftovers
|-damage|p1a: Rotom-Wash|105\/304 tox|[from] psn
|turn|18
|
|move|p1a: Rotom-Wash|Hydro Pump|p2a: Quagsire
|-damage|p2a: Quagsire|0 fnt
|faint|p2a: Quagsire
|
|-heal|p1a: Rotom-Wash|124\/304 tox|[from] item: Leftovers
|-damage|p1a: Rotom-Wash|67\/304 tox|[from] psn
|
|switch|p2a: Heatran|Heatran, M|386\/386
|turn|19
|
|switch|p2a: Blissey|Blissey, F|531\/714
|move|p1a: Rotom-Wash|Hydro Pump|p2a: Blissey
|-damage|p2a: Blissey|422\/714
|
|-heal|p1a: Rotom-Wash|86\/304 tox|[from] item: Leftovers
|-damage|p1a: Rotom-Wash|10\/304 tox|[from] psn
|turn|20
|
|move|p1a: Rotom-Wash|Volt Switch|p2a: Blissey
|-damage|p2a: Blissey|350\/714
|
|switch|p1a: Manectric|Manectric, F|282\/282
|move|p2a: Blissey|Wish|p2a: Blissey
|
|turn|21
|
|-ability|p1a: Manectric|Intimidate|[of] p2a: Blissey
|-unboost|p2a: Blissey|atk|1
|detailschange|p1a: Manectric|Manectric-Mega, F
|message|Manectric has Mega Evolved into Mega Manectric!
|move|p1a: Manectric|Thunderbolt|p2a: Blissey
|-damage|p2a: Blissey|212\/714
|move|p2a: Blissey|Wish|p2a: Blissey
|-fail|p2a: Blissey
|
|-heal|p2a: Blissey|569\/714|[from] move: Wish|[wisher] Blissey
|turn|22
|
|switch|p2a: Gliscor|Gliscor, M|354\/354 tox
|move|p1a: Manectric|Volt Switch|p2a: Gliscor
|-immune|p2a: Gliscor|[msg]
|
|turn|23
|
|switch|p2a: Heatran|Heatran, M|386\/386
|move|p1a: Manectric|Hidden Power|p2a: Heatran
|-resisted|p2a: Heatran
|-damage|p2a: Heatran|370\/386
|
|-heal|p2a: Heatran|386\/386|[from] item: Leftovers
|turn|24
|
|move|p1a: Manectric|Volt Switch|p2a: Heatran
|-damage|p2a: Heatran|260\/386
|
|switch|p1a: Heatran|Heatran, F|386\/386
|move|p2a: Heatran|Stealth Rock|p1a: Heatran
|-sidestart|p1: Iceman23|move: Stealth Rock
|
|-heal|p2a: Heatran|284\/386|[from] item: Leftovers
|turn|25
|
|switch|p2a: Rotom-Wash|Rotom-Wash|234\/304
|move|p1a: Heatran|Hidden Power|p2a: Rotom-Wash
|-damage|p2a: Rotom-Wash|179\/304
|
|-heal|p2a: Rotom-Wash|198\/304|[from] item: Leftovers
|turn|26
|
|switch|p1a: Scizor|Scizor, F|280\/281
|-damage|p1a: Scizor|245\/281|[from] Stealth Rock
|move|p2a: Rotom-Wash|Volt Switch|p1a: Scizor
|-damage|p1a: Scizor|161\/281
|
|switch|p2a: Gliscor|Gliscor, M|354\/354 tox
|
|-heal|p1a: Scizor|178\/281|[from] item: Leftovers
|turn|27
|
|move|p2a: Gliscor|Earthquake|p1a: Scizor
|-damage|p1a: Scizor|81\/281
|move|p1a: Scizor|Defog|p2a: Gliscor
|-unboost|p2a: Gliscor|evasion|1
|-sideend|p1: Iceman23|Stealth Rock|[from] move: Defog|[of] p1a: Scizor
|
|-heal|p1a: Scizor|98\/281|[from] item: Leftovers
|turn|28
|
|switch|p1a: Celebi|Celebi|300\/342
|move|p2a: Gliscor|Knock Off|p1a: Celebi
|-supereffective|p1a: Celebi
|-damage|p1a: Celebi|152\/342
|-enditem|p1a: Celebi|Leftovers|[from] move: Knock Off|[of] p2a: Gliscor
|
|turn|29
|
|move|p1a: Celebi|Stealth Rock|p2a: Gliscor
|-sidestart|p2: lolzuk|move: Stealth Rock
|move|p2a: Gliscor|Knock Off|p1a: Celebi
|-supereffective|p1a: Celebi
|-damage|p1a: Celebi|52\/342
|
|turn|30
|
|move|p1a: Celebi|U-turn|p2a: Gliscor
|-resisted|p2a: Gliscor
|-damage|p2a: Gliscor|340\/354 tox
|
|switch|p1a: Manectric|Manectric-Mega, F|282\/282
|-ability|p1a: Manectric|Intimidate|[of] p2a: Gliscor
|-unboost|p2a: Gliscor|atk|1
|move|p2a: Gliscor|Knock Off|p1a: Manectric
|-damage|p1a: Manectric|242\/282
|
|-heal|p2a: Gliscor|354\/354 tox|[from] ability: Poison Heal
|turn|31
|
|switch|p2a: Blissey|Blissey, F|569\/714
|-damage|p2a: Blissey|480\/714|[from] Stealth Rock
|move|p1a: Manectric|Hidden Power|p2a: Blissey
|-damage|p2a: Blissey|427\/714
|
|turn|32
|
|move|p1a: Manectric|Volt Switch|p2a: Blissey
|-damage|p2a: Blissey|328\/714
|
|switch|p1a: Scizor|Scizor, F|98\/281
|move|p2a: Blissey|Wish|p2a: Blissey
|
|-heal|p1a: Scizor|115\/281|[from] item: Leftovers
|turn|33
|
|switch|p2a: Gliscor|Gliscor, M|354\/354 tox
|-damage|p2a: Gliscor|310\/354 tox|[from] Stealth Rock
|move|p1a: Scizor|Roost|p1a: Scizor
|-heal|p1a: Scizor|256\/281
|
|-heal|p2a: Gliscor|354\/354 tox|[from] move: Wish|[wisher] Blissey
|-heal|p1a: Scizor|273\/281|[from] item: Leftovers
|turn|34
|
|switch|p1a: Rotom-Wash|Rotom-Wash|10\/304 tox
|move|p2a: Gliscor|Earthquake|p1a: Rotom-Wash
|-immune|p1a: Rotom-Wash|[msg]
|
|-heal|p1a: Rotom-Wash|29\/304 tox|[from] item: Leftovers
|-damage|p1a: Rotom-Wash|10\/304 tox|[from] psn
|turn|35
|
|move|p1a: Rotom-Wash|Hydro Pump|p2a: Gliscor
|-supereffective|p2a: Gliscor
|-damage|p2a: Gliscor|36\/354 tox
|move|p2a: Gliscor|Knock Off|p1a: Rotom-Wash
|-damage|p1a: Rotom-Wash|0 fnt
|faint|p1a: Rotom-Wash
|
|-heal|p2a: Gliscor|80\/354 tox|[from] ability: Poison Heal
|
|switch|p1a: Manectric|Manectric-Mega, F|242\/282
|-ability|p1a: Manectric|Intimidate|[of] p2a: Gliscor
|-unboost|p2a: Gliscor|atk|1
|turn|36
|
|switch|p2a: Heatran|Heatran, M|284\/386
|-damage|p2a: Heatran|236\/386|[from] Stealth Rock
|move|p1a: Manectric|Volt Switch|p2a: Heatran
|-damage|p2a: Heatran|119\/386
|
|switch|p1a: Heatran|Heatran, F|386\/386
|
|-heal|p2a: Heatran|143\/386|[from] item: Leftovers
|turn|37
|
|switch|p2a: Gliscor|Gliscor, M|80\/354 tox
|-damage|p2a: Gliscor|36\/354 tox|[from] Stealth Rock
|move|p1a: Heatran|Hidden Power|p2a: Gliscor
|-damage|p2a: Gliscor|0 fnt
|faint|p2a: Gliscor
|
|
|switch|p2a: Pinsir|Pinsir, M|271\/271
|-damage|p2a: Pinsir|204\/271|[from] Stealth Rock
|turn|38
|
|detailschange|p2a: Pinsir|Pinsir-Mega, M
|message|Pinsir has Mega Evolved into Mega Pinsir!
|move|p2a: Pinsir|Earthquake|p1a: Heatran
|-supereffective|p1a: Heatran
|-damage|p1a: Heatran|0 fnt
|faint|p1a: Heatran
|
|
|switch|p1a: Manectric|Manectric-Mega, F|242\/282
|-ability|p1a: Manectric|Intimidate|[of] p2a: Pinsir
|-unboost|p2a: Pinsir|atk|1
|turn|39
|
|switch|p2a: Blissey|Blissey, F|328\/714
|-damage|p2a: Blissey|239\/714|[from] Stealth Rock
|move|p1a: Manectric|Volt Switch|p2a: Blissey
|-damage|p2a: Blissey|140\/714
|
|switch|p1a: Scizor|Scizor, F|273\/281
|
|-heal|p1a: Scizor|281\/281|[from] item: Leftovers
|turn|40
|
|move|p1a: Scizor|Bullet Punch|p2a: Blissey
|-damage|p2a: Blissey|0 fnt
|faint|p2a: Blissey
|
|
|switch|p2a: Heatran|Heatran, M|143\/386
|-damage|p2a: Heatran|95\/386|[from] Stealth Rock
|turn|41
|
|move|p1a: Scizor|Bullet Punch|p2a: Heatran
|-resisted|p2a: Heatran
|-damage|p2a: Heatran|79\/386
|move|p2a: Heatran|Lava Plume|p1a: Scizor
|-supereffective|p1a: Scizor
|-damage|p1a: Scizor|0 fnt
|faint|p1a: Scizor
|
|-heal|p2a: Heatran|103\/386|[from] item: Leftovers
|
|switch|p1a: Manectric|Manectric-Mega, F|242\/282
|-ability|p1a: Manectric|Intimidate|[of] p2a: Heatran
|-unboost|p2a: Heatran|atk|1
|turn|42
|
|move|p1a: Manectric|Thunderbolt|p2a: Heatran
|-damage|p2a: Heatran|0 fnt
|faint|p2a: Heatran
|
|
|switch|p2a: Rotom-Wash|Rotom-Wash|198\/304
|-damage|p2a: Rotom-Wash|160\/304|[from] Stealth Rock
|turn|43
|
|move|p1a: Manectric|Thunderbolt|p2a: Rotom-Wash
|-damage|p2a: Rotom-Wash|49\/304
|move|p2a: Rotom-Wash|Will-O-Wisp|p1a: Manectric
|-status|p1a: Manectric|brn
|
|-heal|p2a: Rotom-Wash|68\/304|[from] item: Leftovers
|-damage|p1a: Manectric|207\/282 brn|[from] brn
|turn|44
|
|move|p1a: Manectric|Thunderbolt|p2a: Rotom-Wash
|-damage|p2a: Rotom-Wash|0 fnt
|faint|p2a: Rotom-Wash
|
|-damage|p1a: Manectric|172\/282 brn|[from] brn
|chat|lolzuk|gg
|
|switch|p2a: Pinsir|Pinsir-Mega, M|204\/271
|-damage|p2a: Pinsir|69\/271|[from] Stealth Rock
|turn|45
|
|move|p2a: Pinsir|Quick Attack|p1a: Manectric
|-resisted|p1a: Manectric
|-damage|p1a: Manectric|103\/282 brn
|move|p1a: Manectric|Thunderbolt|p2a: Pinsir
|-supereffective|p2a: Pinsir
|-damage|p2a: Pinsir|0 fnt
|faint|p2a: Pinsir
|
|win|Iceman23
|raw|Ladder updating...
|raw|Iceman23's rating: 1412 &rarr; <strong>1432<\/strong><br \/>(+20 for winning)
|raw|lolzuk's rating: 1414 &rarr; <strong>1394<\/strong><br \/>(-20 for losing)
|chat|Iceman23|gg