|join|wjv23
|join|lolzuk
|player|p1|wjv23|169
|player|p2|lolzuk|209
|gametype|singles
|gen|6
|tier|OU
|rated
|clearpoke
|poke|p1|Gengar, M
|poke|p1|Conkeldurr, M
|poke|p1|Garchomp, F
|poke|p1|Rotom-Wash
|poke|p1|Venusaur, M
|poke|p1|Landorus-Therian, M
|poke|p2|Pinsir, M
|poke|p2|Slowbro, M
|poke|p2|Bisharp, F
|poke|p2|Gliscor, F
|poke|p2|Rotom-Heat
|poke|p2|Chansey, F
|rule|Swagger Clause: Swagger is banned
|rule|Baton Pass Clause: Limit one PokÃ©mon knowing Baton Pass
|rule|Sleep Clause Mod: Limit one foe put to sleep
|rule|Species Clause: Limit one of each PokÃ©mon
|rule|OHKO Clause: OHKO moves are banned
|rule|Moody Clause: Moody is banned
|rule|Evasion Moves Clause: Evasion moves are banned
|rule|Endless Battle Clause: Forcing endless battles is banned
|rule|HP Percentage Mod: HP is shown in percentages
|teampreview
|
|start
|switch|p1a: Garchomp|Garchomp, F|420\/420
|switch|p2a: Gliscor|Gliscor, F|352\/352
|turn|1
|
|move|p1a: Garchomp|Stealth Rock|p2a: Gliscor
|-sidestart|p2: lolzuk|move: Stealth Rock
|move|p2a: Gliscor|Toxic|p1a: Garchomp
|-status|p1a: Garchomp|tox
|
|-damage|p1a: Garchomp|394\/420 tox|[from] psn
|-status|p2a: Gliscor|tox|[from] item: Toxic Orb
|turn|2
|
|switch|p1a: Venusaur|Venusaur, M|364\/364
|move|p2a: Gliscor|Knock Off|p1a: Venusaur
|-damage|p1a: Venusaur|324\/364
|
|turn|3
|
|switch|p2a: Chansey|Chansey, F|641\/641
|-damage|p2a: Chansey|561\/641|[from] Stealth Rock
|detailschange|p1a: Venusaur|Venusaur-Mega, M
|message|Venusaur has Mega Evolved into Mega Venusaur!
|move|p1a: Venusaur|Giga Drain|p2a: Chansey
|-damage|p2a: Chansey|510\/641
|-heal|p1a: Venusaur|350\/364|[from] drain|[of] p2a: Chansey
|
|turn|4
|
|move|p2a: Chansey|Stealth Rock|p1a: Venusaur
|-sidestart|p1: wjv23|move: Stealth Rock
|move|p1a: Venusaur|Roar|p2a: Chansey
|drag|p2a: Slowbro|Slowbro, M|394\/394
|-damage|p2a: Slowbro|345\/394|[from] Stealth Rock
|
|-heal|p2a: Slowbro|369\/394|[from] item: Leftovers
|turn|5
|
|switch|p2a: Chansey|Chansey, F|510\/641
|-damage|p2a: Chansey|430\/641|[from] Stealth Rock
|move|p1a: Venusaur|Giga Drain|p2a: Chansey
|-damage|p2a: Chansey|381\/641
|-heal|p1a: Venusaur|364\/364|[from] drain|[of] p2a: Chansey
|
|turn|6
|
|move|p1a: Venusaur|Sludge Bomb|p2a: Chansey
|-damage|p2a: Chansey|312\/641
|move|p2a: Chansey|Soft-Boiled|p2a: Chansey
|-heal|p2a: Chansey|633\/641
|
|turn|7
|
|move|p1a: Venusaur|Sludge Bomb|p2a: Chansey
|-damage|p2a: Chansey|570\/641
|move|p2a: Chansey|Seismic Toss|p1a: Venusaur
|-damage|p1a: Venusaur|264\/364
|
|turn|8
|
|move|p1a: Venusaur|Sludge Bomb|p2a: Chansey
|-damage|p2a: Chansey|510\/641
|move|p2a: Chansey|Seismic Toss|p1a: Venusaur
|-damage|p1a: Venusaur|164\/364
|
|turn|9
|
|switch|p2a: Gliscor|Gliscor, F|352\/352 tox
|-damage|p2a: Gliscor|308\/352 tox|[from] Stealth Rock
|move|p1a: Venusaur|Synthesis|p1a: Venusaur
|-heal|p1a: Venusaur|346\/364
|
|-heal|p2a: Gliscor|352\/352 tox|[from] ability: Poison Heal
|turn|10
|
|move|p2a: Gliscor|Taunt|p1a: Venusaur
|-start|p1a: Venusaur|move: Taunt
|move|p1a: Venusaur|Giga Drain|p2a: Gliscor
|-damage|p2a: Gliscor|210\/352 tox
|-heal|p1a: Venusaur|364\/364|[from] drain|[of] p2a: Gliscor
|
|-heal|p2a: Gliscor|254\/352 tox|[from] ability: Poison Heal
|turn|11
|
|switch|p2a: Chansey|Chansey, F|510\/641
|-damage|p2a: Chansey|430\/641|[from] Stealth Rock
|move|p1a: Venusaur|Giga Drain|p2a: Chansey
|-damage|p2a: Chansey|379\/641
|
|turn|12
|
|switch|p1a: Conkeldurr|Conkeldurr, M|378\/378
|-damage|p1a: Conkeldurr|355\/378|[from] Stealth Rock
|move|p2a: Chansey|Seismic Toss|p1a: Conkeldurr
|-damage|p1a: Conkeldurr|255\/378
|
|turn|13
|
|switch|p2a: Slowbro|Slowbro, M|394\/394
|-damage|p2a: Slowbro|345\/394|[from] Stealth Rock
|move|p1a: Conkeldurr|Knock Off|p2a: Slowbro
|-supereffective|p2a: Slowbro
|-damage|p2a: Slowbro|185\/394
|-enditem|p2a: Slowbro|Leftovers|[from] move: Knock Off|[of] p1a: Conkeldurr
|
|turn|14
|
|switch|p1a: Rotom-Wash|Rotom-Wash|304\/304
|-damage|p1a: Rotom-Wash|266\/304|[from] Stealth Rock
|move|p2a: Slowbro|Scald|p1a: Rotom-Wash
|-resisted|p1a: Rotom-Wash
|-damage|p1a: Rotom-Wash|231\/304
|-status|p1a: Rotom-Wash|brn
|
|-heal|p1a: Rotom-Wash|250\/304 brn|[from] item: Leftovers
|-damage|p1a: Rotom-Wash|212\/304 brn|[from] brn
|turn|15
|
|switch|p2a: Gliscor|Gliscor, F|254\/352 tox
|-damage|p2a: Gliscor|210\/352 tox|[from] Stealth Rock
|move|p1a: Rotom-Wash|Volt Switch|p2a: Gliscor
|-immune|p2a: Gliscor|[msg]
|
|-heal|p1a: Rotom-Wash|231\/304 brn|[from] item: Leftovers
|-heal|p2a: Gliscor|254\/352 tox|[from] ability: Poison Heal
|-damage|p1a: Rotom-Wash|193\/304 brn|[from] brn
|turn|16
|
|switch|p2a: Chansey|Chansey, F|379\/641
|-damage|p2a: Chansey|299\/641|[from] Stealth Rock
|switch|p1a: Venusaur|Venusaur-Mega, M|364\/364
|-damage|p1a: Venusaur|319\/364|[from] Stealth Rock
|
|turn|17
|
|move|p2a: Chansey|Soft-Boiled|p2a: Chansey
|-heal|p2a: Chansey|620\/641
|move|p1a: Venusaur|Roar|p2a: Chansey
|drag|p2a: Bisharp|Bisharp, F|271\/271
|-damage|p2a: Bisharp|255\/271|[from] Stealth Rock
|
|turn|18
|
|switch|p2a: Chansey|Chansey, F|620\/641
|-damage|p2a: Chansey|540\/641|[from] Stealth Rock
|move|p1a: Venusaur|Roar|p2a: Chansey
|drag|p2a: Slowbro|Slowbro, M|316\/394
|-damage|p2a: Slowbro|267\/394|[from] Stealth Rock
|
|turn|19
|
|switch|p2a: Chansey|Chansey, F|540\/641
|-damage|p2a: Chansey|460\/641|[from] Stealth Rock
|move|p1a: Venusaur|Roar|p2a: Chansey
|drag|p2a: Slowbro|Slowbro, M|394\/394
|-damage|p2a: Slowbro|345\/394|[from] Stealth Rock
|
|turn|20
|
|move|p1a: Venusaur|Giga Drain|p2a: Slowbro
|-supereffective|p2a: Slowbro
|-damage|p2a: Slowbro|109\/394
|-heal|p1a: Venusaur|364\/364|[from] drain|[of] p2a: Slowbro
|move|p2a: Slowbro|Scald|p1a: Venusaur
|-resisted|p1a: Venusaur
|-damage|p1a: Venusaur|324\/364
|
|turn|21
|
|switch|p2a: Chansey|Chansey, F|460\/641
|-damage|p2a: Chansey|380\/641|[from] Stealth Rock
|move|p1a: Venusaur|Roar|p2a: Chansey
|drag|p2a: Rotom-Heat|Rotom-Heat|241\/241
|-damage|p2a: Rotom-Heat|181\/241|[from] Stealth Rock
|
|turn|22
|
|move|p2a: Rotom-Heat|Overheat|p1a: Venusaur
|-supereffective|p1a: Venusaur
|-damage|p1a: Venusaur|124\/364
|-unboost|p2a: Rotom-Heat|spa|2
|move|p1a: Venusaur|Roar|p2a: Rotom-Heat
|drag|p2a: Gliscor|Gliscor, F|254\/352 tox
|-damage|p2a: Gliscor|210\/352 tox|[from] Stealth Rock
|
|-heal|p2a: Gliscor|254\/352 tox|[from] ability: Poison Heal
|turn|23
|
|move|p2a: Gliscor|Taunt|p1a: Venusaur
|-start|p1a: Venusaur|move: Taunt
|move|p1a: Venusaur|Giga Drain|p2a: Gliscor
|-damage|p2a: Gliscor|124\/352 tox
|-heal|p1a: Venusaur|189\/364|[from] drain|[of] p2a: Gliscor
|
|-heal|p2a: Gliscor|168\/352 tox|[from] ability: Poison Heal
|turn|24
|
|switch|p2a: Chansey|Chansey, F|380\/641
|-damage|p2a: Chansey|300\/641|[from] Stealth Rock
|switch|p1a: Conkeldurr|Conkeldurr, M|255\/378
|-damage|p1a: Conkeldurr|232\/378|[from] Stealth Rock
|
|turn|25
|
|switch|p2a: Gliscor|Gliscor, F|168\/352 tox
|-damage|p2a: Gliscor|124\/352 tox|[from] Stealth Rock
|move|p1a: Conkeldurr|Knock Off|p2a: Gliscor
|-damage|p2a: Gliscor|47\/352 tox
|-enditem|p2a: Gliscor|Toxic Orb|[from] move: Knock Off|[of] p1a: Conkeldurr
|
|-heal|p2a: Gliscor|91\/352 tox|[from] ability: Poison Heal
|turn|26
|
|move|p2a: Gliscor|Roost|p2a: Gliscor
|-heal|p2a: Gliscor|267\/352 tox
|move|p1a: Conkeldurr|Stone Edge|p2a: Gliscor
|-crit|p2a: Gliscor
|-resisted|p2a: Gliscor
|-damage|p2a: Gliscor|210\/352 tox
|
|-heal|p2a: Gliscor|254\/352 tox|[from] ability: Poison Heal
|turn|27
|
|switch|p1a: Garchomp|Garchomp, F|394\/420 tox
|-damage|p1a: Garchomp|368\/420 tox|[from] Stealth Rock
|move|p2a: Gliscor|Knock Off|p1a: Garchomp
|-damage|p1a: Garchomp|317\/420 tox
|-damage|p2a: Gliscor|210\/352 tox|[from] ability: Rough Skin|[of] p1a: Garchomp
|-damage|p2a: Gliscor|152\/352 tox|[from] item: Rocky Helmet|[of] p1a: Garchomp
|-enditem|p1a: Garchomp|Rocky Helmet|[from] move: Knock Off|[of] p2a: Gliscor
|
|-damage|p1a: Garchomp|291\/420 tox|[from] psn
|-heal|p2a: Gliscor|196\/352 tox|[from] ability: Poison Heal
|turn|28
|
|move|p2a: Gliscor|Taunt|p1a: Garchomp
|-start|p1a: Garchomp|move: Taunt
|move|p1a: Garchomp|Dragon Tail|p2a: Gliscor|[miss]
|-miss|p1a: Garchomp|p2a: Gliscor
|
|-damage|p1a: Garchomp|239\/420 tox|[from] psn
|-heal|p2a: Gliscor|240\/352 tox|[from] ability: Poison Heal
|turn|29
|
|move|p2a: Gliscor|Knock Off|p1a: Garchomp
|-damage|p1a: Garchomp|202\/420 tox
|-damage|p2a: Gliscor|196\/352 tox|[from] ability: Rough Skin|[of] p1a: Garchomp
|move|p1a: Garchomp|Dragon Tail|p2a: Gliscor
|-damage|p2a: Gliscor|139\/352 tox
|drag|p2a: Bisharp|Bisharp, F|255\/271
|-damage|p2a: Bisharp|239\/271|[from] Stealth Rock
|
|-damage|p1a: Garchomp|124\/420 tox|[from] psn
|turn|30
|
|move|p2a: Bisharp|Sucker Punch|p1a: Garchomp
|-damage|p1a: Garchomp|0 fnt
|-damage|p2a: Bisharp|206\/271|[from] ability: Rough Skin|[of] p1a: Garchomp
|-damage|p2a: Bisharp|179\/271|[from] item: Life Orb
|faint|p1a: Garchomp
|
|
|switch|p1a: Rotom-Wash|Rotom-Wash|193\/304 brn
|-damage|p1a: Rotom-Wash|155\/304 brn|[from] Stealth Rock
|turn|31
|
|move|p2a: Bisharp|Knock Off|p1a: Rotom-Wash
|-damage|p1a: Rotom-Wash|0 fnt
|-enditem|p1a: Rotom-Wash|Leftovers|[from] move: Knock Off|[of] p2a: Bisharp
|-damage|p2a: Bisharp|152\/271|[from] item: Life Orb
|faint|p1a: Rotom-Wash
|
|
|switch|p1a: Conkeldurr|Conkeldurr, M|232\/378
|-damage|p1a: Conkeldurr|209\/378|[from] Stealth Rock
|turn|32
|
|switch|p2a: Slowbro|Slowbro, M|240\/394
|-damage|p2a: Slowbro|191\/394|[from] Stealth Rock
|switch|p1a: Gengar|Gengar, M|261\/261
|-damage|p1a: Gengar|229\/261|[from] Stealth Rock
|
|-heal|p1a: Gengar|245\/261|[from] item: Black Sludge
|turn|33
|
|switch|p2a: Chansey|Chansey, F|300\/641
|-damage|p2a: Chansey|220\/641|[from] Stealth Rock
|move|p1a: Gengar|Substitute|p1a: Gengar
|-start|p1a: Gengar|Substitute
|-damage|p1a: Gengar|180\/261
|
|-heal|p1a: Gengar|196\/261|[from] item: Black Sludge
|turn|34
|
|switch|p2a: Bisharp|Bisharp, F|152\/271
|-damage|p2a: Bisharp|136\/271|[from] Stealth Rock
|move|p1a: Gengar|Focus Blast|p2a: Bisharp
|-supereffective|p2a: Bisharp
|-damage|p2a: Bisharp|0 fnt
|faint|p2a: Bisharp
|
|-heal|p1a: Gengar|212\/261|[from] item: Black Sludge
|
|switch|p2a: Gliscor|Gliscor, F|139\/352 tox
|-damage|p2a: Gliscor|95\/352 tox|[from] Stealth Rock
|turn|35
|
|move|p1a: Gengar|Shadow Ball|p2a: Gliscor
|-damage|p2a: Gliscor|0 fnt
|faint|p2a: Gliscor
|
|-heal|p1a: Gengar|228\/261|[from] item: Black Sludge
|
|switch|p2a: Rotom-Heat|Rotom-Heat|181\/241
|-damage|p2a: Rotom-Heat|121\/241|[from] Stealth Rock
|turn|36
|
|move|p2a: Rotom-Heat|Thunderbolt|p1a: Gengar
|-end|p1a: Gengar|Substitute
|move|p1a: Gengar|Shadow Ball|p2a: Rotom-Heat
|-damage|p2a: Rotom-Heat|0 fnt
|faint|p2a: Rotom-Heat
|
|-heal|p1a: Gengar|244\/261|[from] item: Black Sludge
|
|switch|p2a: Pinsir|Pinsir, M|271\/271
|-damage|p2a: Pinsir|204\/271|[from] Stealth Rock
|turn|37
|
|detailschange|p2a: Pinsir|Pinsir-Mega, M
|message|Pinsir has Mega Evolved into Mega Pinsir!
|move|p1a: Gengar|Shadow Ball|p2a: Pinsir
|-damage|p2a: Pinsir|38\/271
|move|p2a: Pinsir|Return|p1a: Gengar
|-damage|p1a: Gengar|0 fnt
|faint|p1a: Gengar
|
|
|switch|p1a: Landorus-Therian|Landorus-Therian, M|320\/320
|-damage|p1a: Landorus-Therian|280\/320|[from] Stealth Rock
|-ability|p1a: Landorus-Therian|Intimidate|[of] p2a: Pinsir
|-unboost|p2a: Pinsir|atk|1
|turn|38
|
|move|p1a: Landorus-Therian|Rock Slide|p2a: Pinsir
|-supereffective|p2a: Pinsir
|-damage|p2a: Pinsir|0 fnt
|faint|p2a: Pinsir
|
|
|switch|p2a: Chansey|Chansey, F|220\/641
|-damage|p2a: Chansey|140\/641|[from] Stealth Rock
|turn|39
|
|switch|p1a: Conkeldurr|Conkeldurr, M|209\/378
|-damage|p1a: Conkeldurr|186\/378|[from] Stealth Rock
|move|p2a: Chansey|Soft-Boiled|p2a: Chansey
|-heal|p2a: Chansey|461\/641
|
|turn|40
|c|âwjv23|gg
|c|âlolzuk|gg
|
|switch|p2a: Slowbro|Slowbro, M|322\/394
|-damage|p2a: Slowbro|273\/394|[from] Stealth Rock
|move|p1a: Conkeldurr|Knock Off|p2a: Slowbro
|-supereffective|p2a: Slowbro
|-damage|p2a: Slowbro|165\/394
|
|turn|41
|
|move|p1a: Conkeldurr|Knock Off|p2a: Slowbro
|-supereffective|p2a: Slowbro
|-damage|p2a: Slowbro|57\/394
|move|p2a: Slowbro|Scald|p1a: Conkeldurr
|-damage|p1a: Conkeldurr|117\/378
|-status|p1a: Conkeldurr|brn
|
|-damage|p1a: Conkeldurr|70\/378 brn|[from] brn
|turn|42
|
|move|p1a: Conkeldurr|Knock Off|p2a: Slowbro
|-supereffective|p2a: Slowbro
|-damage|p2a: Slowbro|0 fnt
|faint|p2a: Slowbro
|
|-damage|p1a: Conkeldurr|23\/378 brn|[from] brn
|
|switch|p2a: Chansey|Chansey, F|461\/641
|-damage|p2a: Chansey|381\/641|[from] Stealth Rock
|turn|43
|
|move|p2a: Chansey|Seismic Toss|p1a: Conkeldurr
|-damage|p1a: Conkeldurr|0 fnt
|faint|p1a: Conkeldurr
|
|
|switch|p1a: Landorus-Therian|Landorus-Therian, M|280\/320
|-damage|p1a: Landorus-Therian|240\/320|[from] Stealth Rock
|-ability|p1a: Landorus-Therian|Intimidate|[of] p2a: Chansey
|-unboost|p2a: Chansey|atk|1
|turn|44
|
|move|p1a: Landorus-Therian|Knock Off|p2a: Chansey
|-damage|p2a: Chansey|211\/641
|-enditem|p2a: Chansey|Eviolite|[from] move: Knock Off|[of] p1a: Landorus-Therian
|move|p2a: Chansey|Seismic Toss|p1a: Landorus-Therian
|-damage|p1a: Landorus-Therian|140\/320
|
|turn|45
|
|switch|p1a: Venusaur|Venusaur-Mega, M|189\/364
|-damage|p1a: Venusaur|144\/364|[from] Stealth Rock
|move|p2a: Chansey|Soft-Boiled|p2a: Chansey
|-heal|p2a: Chansey|532\/641
|
|turn|46
|
|move|p1a: Venusaur|Synthesis|p1a: Venusaur
|-heal|p1a: Venusaur|326\/364
|move|p2a: Chansey|Thunder Wave|p1a: Venusaur
|-status|p1a: Venusaur|par
|
|turn|47
|
|move|p2a: Chansey|Seismic Toss|p1a: Venusaur
|-damage|p1a: Venusaur|226\/364 par
|cant|p1a: Venusaur|par
|
|turn|48
|
|move|p2a: Chansey|Seismic Toss|p1a: Venusaur
|-damage|p1a: Venusaur|126\/364 par
|cant|p1a: Venusaur|par
|
|turn|49
|
|move|p2a: Chansey|Seismic Toss|p1a: Venusaur
|-damage|p1a: Venusaur|26\/364 par
|move|p1a: Venusaur|Synthesis|p1a: Venusaur
|-heal|p1a: Venusaur|208\/364 par
|
|turn|50
|
|move|p2a: Chansey|Seismic Toss|p1a: Venusaur
|-damage|p1a: Venusaur|108\/364 par
|cant|p1a: Venusaur|par
|
|turn|51
|
|move|p2a: Chansey|Seismic Toss|p1a: Venusaur
|-damage|p1a: Venusaur|8\/364 par
|move|p1a: Venusaur|Synthesis|p1a: Venusaur
|-heal|p1a: Venusaur|190\/364 par
|
|turn|52
|
|move|p2a: Chansey|Seismic Toss|p1a: Venusaur
|-damage|p1a: Venusaur|90\/364 par
|cant|p1a: Venusaur|par
|
|turn|53
|
|move|p2a: Chansey|Seismic Toss|p1a: Venusaur
|-damage|p1a: Venusaur|0 fnt
|faint|p1a: Venusaur
|
|
|switch|p1a: Landorus-Therian|Landorus-Therian, M|140\/320
|-damage|p1a: Landorus-Therian|100\/320|[from] Stealth Rock
|-ability|p1a: Landorus-Therian|Intimidate|[of] p2a: Chansey
|-unboost|p2a: Chansey|atk|1
|turn|54
|
|move|p1a: Landorus-Therian|Earthquake|p2a: Chansey
|-damage|p2a: Chansey|120\/641
|move|p2a: Chansey|Seismic Toss|p1a: Landorus-Therian
|-damage|p1a: Landorus-Therian|0 fnt
|faint|p1a: Landorus-Therian
|
|win|lolzuk
|raw|Ladder updating...
|raw|wjv23's rating: 1585 &rarr; <strong>1561<\/strong><br \/>(-24 for losing)
|raw|lolzuk's rating: 1517 &rarr; <strong>1541<\/strong><br \/>(+24 for winning)
|c|âlolzuk|gg
|leave|wjv23
|player|p1