|join|lolzuk
|join|Ramplestilskin
|player|p1|lolzuk|209
|player|p2|Ramplestilskin|121
|gametype|singles
|gen|6
|tier|OU
|rated
|clearpoke
|poke|p1|Ferrothorn, F
|poke|p1|Heatran, F
|poke|p1|Greninja, M, shiny
|poke|p1|Latios, M
|poke|p1|Talonflame, M
|poke|p1|Lopunny, F
|poke|p2|Altaria, M
|poke|p2|Mew
|poke|p2|Excadrill, M
|poke|p2|Dragonite, M
|poke|p2|Clefable, M
|poke|p2|Heatran, M
|rule|Swagger Clause: Swagger is banned
|rule|Baton Pass Clause: Limit one PokÃ©mon knowing Baton Pass
|rule|Sleep Clause Mod: Limit one foe put to sleep
|rule|Species Clause: Limit one of each PokÃ©mon
|rule|OHKO Clause: OHKO moves are banned
|rule|Moody Clause: Moody is banned
|rule|Evasion Moves Clause: Evasion moves are banned
|rule|Endless Battle Clause: Forcing endless battles is banned
|rule|HP Percentage Mod: HP is shown in percentages
|teampreview
|
|start
|switch|p1a: Greninja|Greninja, M, shiny|285\/285
|switch|p2a: Clefable|Clefable, M|394\/394
|turn|1
|
|move|p2a: Clefable|Protect|p2a: Clefable
|-singleturn|p2a: Clefable|Protect
|move|p1a: Greninja|Gunk Shot|p2a: Clefable
|-start|p1a: Greninja|typechange|Poison|[from] Protean
|-activate|p2a: Clefable|Protect
|
|turn|2
|
|move|p1a: Greninja|Gunk Shot|p2a: Clefable
|-supereffective|p2a: Clefable
|-damage|p2a: Clefable|43\/394
|-damage|p1a: Greninja|257\/285|[from] item: Life Orb
|move|p2a: Clefable|Moonblast|p1a: Greninja
|-resisted|p1a: Greninja
|-damage|p1a: Greninja|188\/285
|
|-heal|p2a: Clefable|67\/394|[from] item: Leftovers
|turn|3
|
|move|p2a: Clefable|Protect|p2a: Clefable
|-singleturn|p2a: Clefable|Protect
|move|p1a: Greninja|Ice Beam|p2a: Clefable
|-start|p1a: Greninja|typechange|Ice|[from] Protean
|-activate|p2a: Clefable|Protect
|
|-heal|p2a: Clefable|91\/394|[from] item: Leftovers
|turn|4
|
|switch|p2a: Excadrill|Excadrill, M|362\/362
|-ability|p2a: Excadrill|Mold Breaker
|move|p1a: Greninja|Ice Beam|p2a: Excadrill
|-damage|p2a: Excadrill|119\/362
|-damage|p1a: Greninja|160\/285|[from] item: Life Orb
|
|turn|5
|
|switch|p1a: Ferrothorn|Ferrothorn, F|352\/352
|move|p2a: Excadrill|Iron Head|p1a: Ferrothorn
|-resisted|p1a: Ferrothorn
|-damage|p1a: Ferrothorn|304\/352
|-damage|p2a: Excadrill|74\/362|[from] ability: Iron Barbs|[of] p1a: Ferrothorn
|
|-heal|p1a: Ferrothorn|326\/352|[from] item: Leftovers
|turn|6
|
|switch|p2a: Heatran|Heatran, M|386\/386
|move|p1a: Ferrothorn|Leech Seed|p2a: Heatran
|-start|p2a: Heatran|move: Leech Seed
|
|-heal|p1a: Ferrothorn|348\/352|[from] item: Leftovers
|-damage|p2a: Heatran|338\/386|[from] Leech Seed|[of] p1a: Ferrothorn
|-heal|p1a: Ferrothorn|352\/352|[silent]
|turn|7
|
|switch|p1a: Heatran|Heatran, F|385\/385
|move|p2a: Heatran|Stealth Rock|p1a: Heatran
|-sidestart|p1: lolzuk|move: Stealth Rock
|
|-heal|p2a: Heatran|362\/386|[from] item: Leftovers
|-damage|p2a: Heatran|314\/386|[from] Leech Seed|[of] p1a: Heatran
|turn|8
|
|switch|p2a: Dragonite|Dragonite, M|386\/386
|move|p1a: Heatran|Stealth Rock|p2a: Dragonite
|-sidestart|p2: Ramplestilskin|move: Stealth Rock
|
|turn|9
|
|move|p2a: Dragonite|Earthquake|p1a: Heatran
|-supereffective|p1a: Heatran
|-damage|p1a: Heatran|0 fnt
|faint|p1a: Heatran
|
|
|switch|p1a: Greninja|Greninja, M, shiny|160\/285
|-damage|p1a: Greninja|125\/285|[from] Stealth Rock
|turn|10
|
|move|p2a: Dragonite|Extreme Speed|p1a: Greninja
|-damage|p1a: Greninja|5\/285
|move|p1a: Greninja|Ice Beam|p2a: Dragonite
|-start|p1a: Greninja|typechange|Ice|[from] Protean
|-supereffective|p2a: Dragonite
|-damage|p2a: Dragonite|113\/386
|-damage|p1a: Greninja|0 fnt|[from] item: Life Orb
|faint|p1a: Greninja
|
|-heal|p2a: Dragonite|137\/386|[from] item: Leftovers
|
|switch|p1a: Lopunny|Lopunny, F|271\/271
|-damage|p1a: Lopunny|238\/271|[from] Stealth Rock
|turn|11
|
|detailschange|p1a: Lopunny|Lopunny-Mega, F
|message|Lopunny has Mega Evolved into Mega Lopunny!
|move|p1a: Lopunny|Return|p2a: Dragonite
|-damage|p2a: Dragonite|0 fnt
|faint|p2a: Dragonite
|
|
|switch|p2a: Mew|Mew|404\/404
|-damage|p2a: Mew|354\/404|[from] Stealth Rock
|turn|12
|
|move|p1a: Lopunny|Substitute|p1a: Lopunny
|-start|p1a: Lopunny|Substitute
|-damage|p1a: Lopunny|171\/271
|move|p2a: Mew|Will-O-Wisp|p1a: Lopunny
|
|-heal|p2a: Mew|379\/404|[from] item: Leftovers
|turn|13
|
|move|p1a: Lopunny|Return|p2a: Mew
|-damage|p2a: Mew|232\/404
|move|p2a: Mew|Knock Off|p1a: Lopunny
|-resisted|p1a: Lopunny
|-activate|p1a: Lopunny|Substitute|[damage]
|
|-heal|p2a: Mew|257\/404|[from] item: Leftovers
|turn|14
|
|move|p1a: Lopunny|Return|p2a: Mew
|-damage|p2a: Mew|116\/404
|move|p2a: Mew|Soft-Boiled|p2a: Mew
|-heal|p2a: Mew|318\/404
|
|-heal|p2a: Mew|343\/404|[from] item: Leftovers
|turn|15
|
|move|p1a: Lopunny|Return|p2a: Mew
|-damage|p2a: Mew|196\/404
|move|p2a: Mew|Knock Off|p1a: Lopunny
|-resisted|p1a: Lopunny
|-activate|p1a: Lopunny|Substitute|[damage]
|
|-heal|p2a: Mew|221\/404|[from] item: Leftovers
|turn|16
|
|move|p1a: Lopunny|Baton Pass|p1a: Lopunny
|
|switch|p1a: Talonflame|Talonflame, M|297\/297
|-damage|p1a: Talonflame|149\/297|[from] Stealth Rock
|move|p2a: Mew|Soft-Boiled|p2a: Mew
|-heal|p2a: Mew|404\/404
|
|turn|17
|
|switch|p2a: Heatran|Heatran, M|314\/386
|-damage|p2a: Heatran|266\/386|[from] Stealth Rock
|move|p1a: Talonflame|Swords Dance|p1a: Talonflame
|-boost|p1a: Talonflame|atk|2
|
|-heal|p2a: Heatran|290\/386|[from] item: Leftovers
|turn|18
|
|move|p1a: Talonflame|Swords Dance|p1a: Talonflame
|-boost|p1a: Talonflame|atk|2
|move|p2a: Heatran|Roar|p1a: Talonflame
|drag|p1a: Latios|Latios, M|302\/302
|-damage|p1a: Latios|265\/302|[from] Stealth Rock
|
|-heal|p2a: Heatran|314\/386|[from] item: Leftovers
|turn|19
|
|move|p1a: Latios|Defog|p2a: Heatran
|-unboost|p2a: Heatran|evasion|1
|-sideend|p2: Ramplestilskin|Stealth Rock|[from] move: Defog|[of] p2a: Heatran
|-sideend|p1: lolzuk|Stealth Rock|[from] move: Defog|[of] p1a: Latios
|move|p2a: Heatran|Toxic|p1a: Latios|[miss]
|-miss|p2a: Heatran|p1a: Latios
|
|-heal|p2a: Heatran|338\/386|[from] item: Leftovers
|turn|20
|
|move|p1a: Latios|Psyshock|p2a: Heatran
|-resisted|p2a: Heatran
|-damage|p2a: Heatran|250\/386
|-damage|p1a: Latios|235\/302|[from] item: Life Orb
|move|p2a: Heatran|Stealth Rock|p1a: Latios
|-sidestart|p1: lolzuk|move: Stealth Rock
|
|-heal|p2a: Heatran|274\/386|[from] item: Leftovers
|turn|21
|
|move|p1a: Latios|Psyshock|p2a: Heatran
|-resisted|p2a: Heatran
|-damage|p2a: Heatran|180\/386
|-damage|p1a: Latios|205\/302|[from] item: Life Orb
|move|p2a: Heatran|Toxic|p1a: Latios
|-status|p1a: Latios|tox
|
|-heal|p2a: Heatran|204\/386|[from] item: Leftovers
|-damage|p1a: Latios|187\/302 tox|[from] psn
|turn|22
|
|move|p1a: Latios|Psyshock|p2a: Heatran
|-resisted|p2a: Heatran
|-damage|p2a: Heatran|114\/386
|-damage|p1a: Latios|157\/302 tox|[from] item: Life Orb
|move|p2a: Heatran|Stealth Rock|p1a: Latios
|-fail|p1a: Latios
|
|-heal|p2a: Heatran|138\/386|[from] item: Leftovers
|-damage|p1a: Latios|121\/302 tox|[from] psn
|turn|23
|
|move|p1a: Latios|Psyshock|p2a: Heatran
|-resisted|p2a: Heatran
|-damage|p2a: Heatran|56\/386
|-damage|p1a: Latios|91\/302 tox|[from] item: Life Orb
|move|p2a: Heatran|Stealth Rock|p1a: Latios
|-fail|p1a: Latios
|
|-heal|p2a: Heatran|80\/386|[from] item: Leftovers
|-damage|p1a: Latios|37\/302 tox|[from] psn
|turn|24
|
|move|p1a: Latios|Roost|p1a: Latios
|-heal|p1a: Latios|188\/302 tox
|move|p2a: Heatran|Stealth Rock|p1a: Latios
|-fail|p1a: Latios
|
|-heal|p2a: Heatran|104\/386|[from] item: Leftovers
|-damage|p1a: Latios|116\/302 tox|[from] psn
|turn|25
|
|move|p1a: Latios|Psyshock|p2a: Heatran
|-resisted|p2a: Heatran
|-damage|p2a: Heatran|18\/386
|-damage|p1a: Latios|86\/302 tox|[from] item: Life Orb
|move|p2a: Heatran|Lava Plume|p1a: Latios
|-resisted|p1a: Latios
|-damage|p1a: Latios|30\/302 tox
|
|-heal|p2a: Heatran|42\/386|[from] item: Leftovers
|-damage|p1a: Latios|0 fnt|[from] psn
|faint|p1a: Latios
|
|switch|p1a: Lopunny|Lopunny-Mega, F|171\/271
|-damage|p1a: Lopunny|155\/271|[from] Stealth Rock
|turn|26
|
|move|p1a: Lopunny|Return|p2a: Heatran
|-resisted|p2a: Heatran
|-damage|p2a: Heatran|0 fnt
|faint|p2a: Heatran
|
|
|switch|p2a: Excadrill|Excadrill, M|74\/362
|-ability|p2a: Excadrill|Mold Breaker
|turn|27
|
|switch|p1a: Ferrothorn|Ferrothorn, F|352\/352
|-damage|p1a: Ferrothorn|330\/352|[from] Stealth Rock
|move|p2a: Excadrill|Iron Head|p1a: Ferrothorn
|-resisted|p1a: Ferrothorn
|-damage|p1a: Ferrothorn|279\/352
|-damage|p2a: Excadrill|29\/362|[from] ability: Iron Barbs|[of] p1a: Ferrothorn
|
|-heal|p1a: Ferrothorn|301\/352|[from] item: Leftovers
|turn|28
|
|switch|p2a: Mew|Mew|404\/404
|move|p1a: Ferrothorn|Gyro Ball|p2a: Mew
|-damage|p2a: Mew|281\/404
|
|-heal|p2a: Mew|306\/404|[from] item: Leftovers
|-heal|p1a: Ferrothorn|323\/352|[from] item: Leftovers
|turn|29
|
|move|p2a: Mew|Will-O-Wisp|p1a: Ferrothorn|[miss]
|-miss|p2a: Mew|p1a: Ferrothorn
|move|p1a: Ferrothorn|Leech Seed|p2a: Mew
|-start|p2a: Mew|move: Leech Seed
|
|-heal|p2a: Mew|331\/404|[from] item: Leftovers
|-heal|p1a: Ferrothorn|345\/352|[from] item: Leftovers
|-damage|p2a: Mew|281\/404|[from] Leech Seed|[of] p1a: Ferrothorn
|-heal|p1a: Ferrothorn|352\/352|[silent]
|turn|30
|
|move|p2a: Mew|Knock Off|p1a: Ferrothorn
|-crit|p1a: Ferrothorn
|-damage|p1a: Ferrothorn|278\/352
|-damage|p2a: Mew|231\/404|[from] ability: Iron Barbs|[of] p1a: Ferrothorn
|-enditem|p1a: Ferrothorn|Leftovers|[from] move: Knock Off|[of] p2a: Mew
|move|p1a: Ferrothorn|Spikes|p2a: Mew
|-sidestart|p2: Ramplestilskin|Spikes
|
|-heal|p2a: Mew|256\/404|[from] item: Leftovers
|-damage|p2a: Mew|206\/404|[from] Leech Seed|[of] p1a: Ferrothorn
|-heal|p1a: Ferrothorn|328\/352|[silent]
|turn|31
|
|move|p2a: Mew|Soft-Boiled|p2a: Mew
|-heal|p2a: Mew|404\/404
|move|p1a: Ferrothorn|Spikes|p2a: Mew
|-sidestart|p2: Ramplestilskin|Spikes
|
|-damage|p2a: Mew|354\/404|[from] Leech Seed|[of] p1a: Ferrothorn
|-heal|p1a: Ferrothorn|352\/352|[silent]
|turn|32
|
|move|p2a: Mew|Will-O-Wisp|p1a: Ferrothorn
|-status|p1a: Ferrothorn|brn
|move|p1a: Ferrothorn|Spikes|p2a: Mew
|-sidestart|p2: Ramplestilskin|Spikes
|
|-heal|p2a: Mew|379\/404|[from] item: Leftovers
|-damage|p2a: Mew|329\/404|[from] Leech Seed|[of] p1a: Ferrothorn
|-damage|p1a: Ferrothorn|308\/352 brn|[from] brn
|turn|33
|
|switch|p2a: Clefable|Clefable, M|91\/394
|move|p1a: Ferrothorn|Gyro Ball|p2a: Clefable
|-supereffective|p2a: Clefable
|-damage|p2a: Clefable|0 fnt
|faint|p2a: Clefable
|
|-damage|p1a: Ferrothorn|264\/352 brn|[from] brn
|
|switch|p2a: Mew|Mew|329\/404
|-damage|p2a: Mew|228\/404|[from] Spikes
|turn|34
|
|move|p2a: Mew|Taunt|p1a: Ferrothorn
|-start|p1a: Ferrothorn|move: Taunt
|cant|p1a: Ferrothorn|move: Taunt|Leech Seed
|
|-heal|p2a: Mew|253\/404|[from] item: Leftovers
|-damage|p1a: Ferrothorn|220\/352 brn|[from] brn
|turn|35
|
|move|p2a: Mew|Soft-Boiled|p2a: Mew
|-heal|p2a: Mew|404\/404
|move|p1a: Ferrothorn|Gyro Ball|p2a: Mew
|-damage|p2a: Mew|341\/404
|
|-heal|p2a: Mew|366\/404|[from] item: Leftovers
|-damage|p1a: Ferrothorn|176\/352 brn|[from] brn
|turn|36
|
|move|p2a: Mew|Knock Off|p1a: Ferrothorn
|-damage|p1a: Ferrothorn|140\/352 brn
|-damage|p2a: Mew|316\/404|[from] ability: Iron Barbs|[of] p1a: Ferrothorn
|move|p1a: Ferrothorn|Gyro Ball|p2a: Mew
|-damage|p2a: Mew|256\/404
|
|-heal|p2a: Mew|281\/404|[from] item: Leftovers
|-damage|p1a: Ferrothorn|96\/352 brn|[from] brn
|-end|p1a: Ferrothorn|move: Taunt
|turn|37
|
|switch|p1a: Lopunny|Lopunny-Mega, F|155\/271
|-damage|p1a: Lopunny|139\/271|[from] Stealth Rock
|move|p2a: Mew|Taunt|p1a: Lopunny
|-start|p1a: Lopunny|move: Taunt
|
|-heal|p2a: Mew|306\/404|[from] item: Leftovers
|turn|38
|
|move|p1a: Lopunny|Return|p2a: Mew
|-damage|p2a: Mew|177\/404
|move|p2a: Mew|Will-O-Wisp|p1a: Lopunny
|-status|p1a: Lopunny|brn
|
|-heal|p2a: Mew|202\/404|[from] item: Leftovers
|-damage|p1a: Lopunny|106\/271 brn|[from] brn
|turn|39
|
|move|p1a: Lopunny|Return|p2a: Mew
|-damage|p2a: Mew|133\/404
|move|p2a: Mew|Soft-Boiled|p2a: Mew
|-heal|p2a: Mew|335\/404
|
|-heal|p2a: Mew|360\/404|[from] item: Leftovers
|-damage|p1a: Lopunny|73\/271 brn|[from] brn
|turn|40
|
|move|p1a: Lopunny|Return|p2a: Mew
|-crit|p2a: Mew
|-damage|p2a: Mew|263\/404
|move|p2a: Mew|Soft-Boiled|p2a: Mew
|-heal|p2a: Mew|404\/404
|
|-damage|p1a: Lopunny|40\/271 brn|[from] brn
|-end|p1a: Lopunny|move: Taunt
|turn|41
|
|move|p1a: Lopunny|Return|p2a: Mew
|-damage|p2a: Mew|337\/404
|move|p2a: Mew|Soft-Boiled|p2a: Mew
|-heal|p2a: Mew|404\/404
|
|-damage|p1a: Lopunny|7\/271 brn|[from] brn
|turn|42
|
|move|p1a: Lopunny|Return|p2a: Mew
|-damage|p2a: Mew|338\/404
|move|p2a: Mew|Soft-Boiled|p2a: Mew
|-heal|p2a: Mew|404\/404
|
|-damage|p1a: Lopunny|0 fnt|[from] brn
|faint|p1a: Lopunny
|
|switch|p1a: Ferrothorn|Ferrothorn, F|96\/352 brn
|-damage|p1a: Ferrothorn|74\/352 brn|[from] Stealth Rock
|turn|43
|
|move|p2a: Mew|Taunt|p1a: Ferrothorn
|-start|p1a: Ferrothorn|move: Taunt
|move|p1a: Ferrothorn|Gyro Ball|p2a: Mew
|-damage|p2a: Mew|341\/404
|
|-heal|p2a: Mew|366\/404|[from] item: Leftovers
|-damage|p1a: Ferrothorn|30\/352 brn|[from] brn
|turn|44
|
|move|p2a: Mew|Knock Off|p1a: Ferrothorn
|-damage|p1a: Ferrothorn|0 fnt
|-damage|p2a: Mew|316\/404|[from] ability: Iron Barbs|[of] p1a: Ferrothorn
|faint|p1a: Ferrothorn
|
|-heal|p2a: Mew|341\/404|[from] item: Leftovers
|
|switch|p1a: Talonflame|Talonflame, M|149\/297
|-damage|p1a: Talonflame|1\/297|[from] Stealth Rock
|turn|45
|
|move|p1a: Talonflame|Roost|p1a: Talonflame
|-heal|p1a: Talonflame|150\/297
|move|p2a: Mew|Knock Off|p1a: Talonflame
|-damage|p1a: Talonflame|52\/297
|-enditem|p1a: Talonflame|Sharp Beak|[from] move: Knock Off|[of] p2a: Mew
|
|-heal|p2a: Mew|366\/404|[from] item: Leftovers
|turn|46
|
|move|p1a: Talonflame|Roost|p1a: Talonflame
|-heal|p1a: Talonflame|201\/297
|move|p2a: Mew|Taunt|p1a: Talonflame
|-start|p1a: Talonflame|move: Taunt
|
|-heal|p2a: Mew|391\/404|[from] item: Leftovers
|turn|47
|
|move|p1a: Talonflame|Brave Bird|p2a: Mew
|-damage|p2a: Mew|267\/404
|-damage|p1a: Talonflame|160\/297|[from] recoil|[of] p2a: Mew
|move|p2a: Mew|Knock Off|p1a: Talonflame
|-damage|p1a: Talonflame|87\/297
|
|-heal|p2a: Mew|292\/404|[from] item: Leftovers
|turn|48
|
|move|p1a: Talonflame|Brave Bird|p2a: Mew
|-damage|p2a: Mew|163\/404
|-damage|p1a: Talonflame|44\/297|[from] recoil|[of] p2a: Mew
|move|p2a: Mew|Knock Off|p1a: Talonflame
|-damage|p1a: Talonflame|0 fnt
|faint|p1a: Talonflame
|
|win|Ramplestilskin
|raw|Ladder updating...
|raw|lolzuk's rating: 1484 &rarr; <strong>1466<\/strong><br \/>(-18 for losing)
|raw|Ramplestilskin's rating: 1519 &rarr; <strong>1537<\/strong><br \/>(+18 for winning)
|c|âlolzuk|gg
|c|âRamplestilskin|gg
|leave|lolzuk
|player|p1