|join|terry41
|join|lolzuk
|player|p1|terry41|17
|player|p2|lolzuk|209
|gametype|singles
|gen|6
|tier|OU
|clearpoke
|poke|p1|Garchomp, F
|poke|p1|Bisharp, F
|poke|p1|Talonflame, M
|poke|p1|Scizor, F
|poke|p1|Manaphy
|poke|p1|Latias, F
|poke|p2|Excadrill, F
|poke|p2|Pinsir, F
|poke|p2|Tyranitar, F
|poke|p2|Clefable, M
|poke|p2|Keldeo-Resolute
|poke|p2|Breloom, M
|rule|Swagger Clause: Swagger is banned
|rule|Baton Pass Clause: Limit one PokÃ©mon knowing Baton Pass
|rule|Sleep Clause Mod: Limit one foe put to sleep
|rule|Species Clause: Limit one of each PokÃ©mon
|rule|OHKO Clause: OHKO moves are banned
|rule|Moody Clause: Moody is banned
|rule|Evasion Moves Clause: Evasion moves are banned
|rule|Endless Battle Clause: Forcing endless battles is banned
|rule|HP Percentage Mod: HP is shown in percentages
|teampreview
|
|start
|switch|p1a: Garchomp|Garchomp, F|357\/357
|switch|p2a: Breloom|Breloom, M|261\/261
|turn|1
|
|switch|p2a: Clefable|Clefable, M|394\/394
|move|p1a: Garchomp|Stealth Rock|p2a: Clefable
|-sidestart|p2: lolzuk|move: Stealth Rock
|
|turn|2
|
|move|p1a: Garchomp|Earthquake|p2a: Clefable
|-damage|p2a: Clefable|250\/394
|move|p2a: Clefable|Moonblast|p1a: Garchomp
|-supereffective|p1a: Garchomp
|-damage|p1a: Garchomp|93\/357
|
|-heal|p2a: Clefable|274\/394|[from] item: Leftovers
|turn|3
|
|move|p1a: Garchomp|Earthquake|p2a: Clefable
|-crit|p2a: Clefable
|-damage|p2a: Clefable|27\/394
|move|p2a: Clefable|Moonblast|p1a: Garchomp
|-supereffective|p1a: Garchomp
|-damage|p1a: Garchomp|0 fnt
|faint|p1a: Garchomp
|
|-heal|p2a: Clefable|51\/394|[from] item: Leftovers
|c|âlolzuk|:(
|
|switch|p1a: Scizor|Scizor, F|281\/281
|turn|4
|
|detailschange|p1a: Scizor|Scizor-Mega, F
|-mega|p1a: Scizor|Scizor|Scizorite
|move|p1a: Scizor|Bullet Punch|p2a: Clefable
|-supereffective|p2a: Clefable
|-damage|p2a: Clefable|0 fnt
|faint|p2a: Clefable
|
|
|switch|p2a: Keldeo-Resolute|Keldeo-Resolute|323\/323
|-damage|p2a: Keldeo-Resolute|303\/323|[from] Stealth Rock
|turn|5
|
|switch|p2a: Tyranitar|Tyranitar, F|403\/403
|-damage|p2a: Tyranitar|353\/403|[from] Stealth Rock
|-weather|Sandstorm
|switch|p1a: Manaphy|Manaphy|365\/365
|
|-weather|Sandstorm|[upkeep]
|-damage|p1a: Manaphy|343\/365|[from] sandstorm
|-heal|p1a: Manaphy|365\/365|[from] item: Leftovers
|-heal|p2a: Tyranitar|378\/403|[from] item: Leftovers
|turn|6
|
|move|p1a: Manaphy|Tail Glow|p1a: Manaphy
|-boost|p1a: Manaphy|spa|3
|move|p2a: Tyranitar|Stealth Rock|p1a: Manaphy
|-sidestart|p1: terry41|move: Stealth Rock
|
|-weather|Sandstorm|[upkeep]
|-damage|p1a: Manaphy|343\/365|[from] sandstorm
|-heal|p1a: Manaphy|365\/365|[from] item: Leftovers
|-heal|p2a: Tyranitar|403\/403|[from] item: Leftovers
|turn|7
|
|switch|p2a: Breloom|Breloom, M|261\/261
|-damage|p2a: Breloom|245\/261|[from] Stealth Rock
|move|p1a: Manaphy|Scald|p2a: Breloom
|-resisted|p2a: Breloom
|-damage|p2a: Breloom|0 fnt
|faint|p2a: Breloom
|
|-weather|Sandstorm|[upkeep]
|-damage|p1a: Manaphy|343\/365|[from] sandstorm
|-heal|p1a: Manaphy|365\/365|[from] item: Leftovers
|
|switch|p2a: Keldeo-Resolute|Keldeo-Resolute|303\/323
|-damage|p2a: Keldeo-Resolute|283\/323|[from] Stealth Rock
|turn|8
|
|move|p2a: Keldeo-Resolute|Secret Sword|p1a: Manaphy
|-damage|p1a: Manaphy|154\/365
|move|p1a: Manaphy|Scald|p2a: Keldeo-Resolute
|-resisted|p2a: Keldeo-Resolute
|-damage|p2a: Keldeo-Resolute|100\/323
|
|-weather|Sandstorm|[upkeep]
|-damage|p2a: Keldeo-Resolute|80\/323|[from] sandstorm
|-damage|p1a: Manaphy|132\/365|[from] sandstorm
|-heal|p1a: Manaphy|154\/365|[from] item: Leftovers
|turn|9
|
|switch|p1a: Latias|Latias, F|301\/301
|-damage|p1a: Latias|264\/301|[from] Stealth Rock
|move|p2a: Keldeo-Resolute|Secret Sword|p1a: Latias
|-resisted|p1a: Latias
|-damage|p1a: Latias|147\/301
|
|-weather|none
|turn|10
|
|move|p1a: Latias|Defog|p2a: Keldeo-Resolute
|-unboost|p2a: Keldeo-Resolute|evasion|1
|-sideend|p2: lolzuk|Stealth Rock|[from] move: Defog|[of] p2a: Keldeo-Resolute
|-sideend|p1: terry41|Stealth Rock|[from] move: Defog|[of] p1a: Latias
|move|p2a: Keldeo-Resolute|Secret Sword|p1a: Latias
|-resisted|p1a: Latias
|-damage|p1a: Latias|21\/301
|
|turn|11
|
|switch|p2a: Tyranitar|Tyranitar, F|403\/403
|-weather|Sandstorm
|move|p1a: Latias|Psyshock|p2a: Tyranitar
|-immune|p2a: Tyranitar|[msg]
|
|-weather|Sandstorm|[upkeep]
|-damage|p1a: Latias|3\/301|[from] sandstorm
|turn|12
|
|move|p1a: Latias|Draco Meteor|p2a: Tyranitar
|-damage|p2a: Tyranitar|215\/403
|-unboost|p1a: Latias|spa|2
|-damage|p1a: Latias|0 fnt|[from] item: Life Orb
|faint|p1a: Latias
|move|p2a: Tyranitar|Stealth Rock|p1: Latias
|-sidestart|p1: terry41|move: Stealth Rock
|
|-weather|Sandstorm|[upkeep]
|-heal|p2a: Tyranitar|240\/403|[from] item: Leftovers
|
|switch|p1a: Scizor|Scizor-Mega, F|281\/281
|-damage|p1a: Scizor|246\/281|[from] Stealth Rock
|turn|13
|
|move|p1a: Scizor|Swords Dance|p1a: Scizor
|-boost|p1a: Scizor|atk|2
|move|p2a: Tyranitar|Thunder Wave|p1a: Scizor
|-status|p1a: Scizor|par
|
|-weather|Sandstorm|[upkeep]
|-heal|p2a: Tyranitar|265\/403|[from] item: Leftovers
|turn|14
|
|switch|p2a: Keldeo-Resolute|Keldeo-Resolute|80\/323
|move|p1a: Scizor|Bullet Punch|p2a: Keldeo-Resolute
|-resisted|p2a: Keldeo-Resolute
|-damage|p2a: Keldeo-Resolute|0 fnt
|faint|p2a: Keldeo-Resolute
|
|-weather|Sandstorm|[upkeep]
|
|switch|p2a: Excadrill|Excadrill, F|361\/361
|turn|15
|
|move|p2a: Excadrill|Earthquake|p1a: Scizor
|-damage|p1a: Scizor|38\/281 par
|-damage|p2a: Excadrill|325\/361|[from] item: Life Orb
|move|p1a: Scizor|Superpower|p2a: Excadrill
|-supereffective|p2a: Excadrill
|-damage|p2a: Excadrill|0 fnt
|-unboost|p1a: Scizor|atk|1
|-unboost|p1a: Scizor|def|1
|faint|p2a: Excadrill
|
|-weather|none
|
|switch|p2a: Tyranitar|Tyranitar, F|265\/403
|-weather|Sandstorm
|turn|16
|
|move|p1a: Scizor|Bullet Punch|p2a: Tyranitar
|-supereffective|p2a: Tyranitar
|-damage|p2a: Tyranitar|19\/403
|move|p2a: Tyranitar|Crunch|p1a: Scizor
|-damage|p1a: Scizor|0 fnt
|faint|p1a: Scizor
|
|-weather|Sandstorm|[upkeep]
|-heal|p2a: Tyranitar|44\/403|[from] item: Leftovers
|
|switch|p1a: Bisharp|Bisharp, F|271\/271
|-damage|p1a: Bisharp|255\/271|[from] Stealth Rock
|turn|17
|
|move|p1a: Bisharp|Iron Head|p2a: Tyranitar
|-supereffective|p2a: Tyranitar
|-damage|p2a: Tyranitar|0 fnt
|faint|p2a: Tyranitar
|
|-weather|Sandstorm|[upkeep]
|
|switch|p2a: Pinsir|Pinsir, F|271\/271
|turn|18
|
|detailschange|p2a: Pinsir|Pinsir-Mega, F
|-mega|p2a: Pinsir|Pinsir|Pinsirite
|move|p2a: Pinsir|Swords Dance|p2a: Pinsir
|-boost|p2a: Pinsir|atk|2
|move|p1a: Bisharp|Knock Off|p2a: Pinsir
|-damage|p2a: Pinsir|166\/271
|
|-weather|Sandstorm|[upkeep]
|-damage|p2a: Pinsir|150\/271|[from] sandstorm
|turn|19
|c|âlolzuk|gg
|
|move|p2a: Pinsir|Return|p1a: Bisharp
|-resisted|p1a: Bisharp
|-damage|p1a: Bisharp|0 fnt
|faint|p1a: Bisharp
|
|-weather|Sandstorm|[upkeep]
|-damage|p2a: Pinsir|134\/271|[from] sandstorm
|
|switch|p1a: Talonflame|Talonflame, M|297\/297
|-damage|p1a: Talonflame|149\/297|[from] Stealth Rock
|turn|20
|
|move|p1a: Talonflame|Brave Bird|p2a: Pinsir
|-supereffective|p2a: Pinsir
|-damage|p2a: Pinsir|0 fnt
|-damage|p1a: Talonflame|105\/297|[from] recoil|[of] p2a: Pinsir
|faint|p2a: Pinsir
|
|win|terry41
|leave|lolzuk
|player|p2