|join|Riches to Rags
|join|lolzuk
|player|p1|Riches to Rags|33
|player|p2|lolzuk|209
|gametype|singles
|gen|6
|tier|OU
|rated
|clearpoke
|poke|p1|Slowbro, F
|poke|p1|Pidgeot, F
|poke|p1|Keldeo-Resolute
|poke|p1|Latias, F
|poke|p1|Bisharp, F
|poke|p1|Mamoswine, M
|poke|p2|Excadrill, M
|poke|p2|Pinsir, M
|poke|p2|Tyranitar, M
|poke|p2|Clefable, M
|poke|p2|Keldeo-Resolute
|poke|p2|Breloom, F
|rule|Swagger Clause: Swagger is banned
|rule|Baton Pass Clause: Limit one PokÃ©mon knowing Baton Pass
|rule|Sleep Clause Mod: Limit one foe put to sleep
|rule|Species Clause: Limit one of each PokÃ©mon
|rule|OHKO Clause: OHKO moves are banned
|rule|Moody Clause: Moody is banned
|rule|Evasion Moves Clause: Evasion moves are banned
|rule|Endless Battle Clause: Forcing endless battles is banned
|rule|HP Percentage Mod: HP is shown in percentages
|teampreview
|
|start
|switch|p1a: Pidgeot|Pidgeot, F|307\/307
|switch|p2a: Breloom|Breloom, F|261\/261
|turn|1
|
|switch|p2a: Clefable|Clefable, M|394\/394
|detailschange|p1a: Pidgeot|Pidgeot-Mega, F
|-mega|p1a: Pidgeot|Pidgeot|Pidgeotite
|move|p1a: Pidgeot|U-turn|p2a: Clefable
|-resisted|p2a: Clefable
|-damage|p2a: Clefable|377\/394
|
|switch|p1a: Slowbro|Slowbro, F|393\/393
|
|-heal|p2a: Clefable|394\/394|[from] item: Leftovers
|turn|2
|
|switch|p2a: Tyranitar|Tyranitar, M|403\/403
|-weather|Sandstorm
|move|p1a: Slowbro|Thunder Wave|p2a: Tyranitar
|-status|p2a: Tyranitar|par
|
|-weather|Sandstorm|[upkeep]
|-damage|p1a: Slowbro|369\/393|[from] sandstorm
|-heal|p1a: Slowbro|393\/393|[from] item: Leftovers
|turn|3
|
|switch|p1a: Keldeo-Resolute|Keldeo-Resolute|323\/323
|move|p2a: Tyranitar|Stealth Rock|p1a: Keldeo-Resolute
|-sidestart|p1: Riches to Rags|move: Stealth Rock
|
|-weather|Sandstorm|[upkeep]
|-damage|p1a: Keldeo-Resolute|303\/323|[from] sandstorm
|turn|4
|
|switch|p2a: Keldeo-Resolute|Keldeo-Resolute|323\/323
|move|p1a: Keldeo-Resolute|Scald|p2a: Keldeo-Resolute
|-resisted|p2a: Keldeo-Resolute
|-damage|p2a: Keldeo-Resolute|216\/323
|
|-weather|Sandstorm|[upkeep]
|-damage|p2a: Keldeo-Resolute|196\/323|[from] sandstorm
|-damage|p1a: Keldeo-Resolute|283\/323|[from] sandstorm
|turn|5
|
|switch|p1a: Slowbro|Slowbro, F|393\/393
|-damage|p1a: Slowbro|344\/393|[from] Stealth Rock
|move|p2a: Keldeo-Resolute|Scald|p1a: Slowbro
|-resisted|p1a: Slowbro
|-damage|p1a: Slowbro|206\/393
|
|-weather|Sandstorm|[upkeep]
|-damage|p2a: Keldeo-Resolute|176\/323|[from] sandstorm
|-damage|p1a: Slowbro|182\/393|[from] sandstorm
|-heal|p1a: Slowbro|206\/393|[from] item: Leftovers
|turn|6
|
|move|p2a: Keldeo-Resolute|Scald|p1a: Slowbro
|-resisted|p1a: Slowbro
|-damage|p1a: Slowbro|68\/393
|move|p1a: Slowbro|Scald|p2a: Keldeo-Resolute
|-resisted|p2a: Keldeo-Resolute
|-damage|p2a: Keldeo-Resolute|124\/323
|
|-weather|none
|-heal|p1a: Slowbro|92\/393|[from] item: Leftovers
|turn|7
|
|switch|p1a: Keldeo-Resolute|Keldeo-Resolute|283\/323
|-damage|p1a: Keldeo-Resolute|263\/323|[from] Stealth Rock
|move|p2a: Keldeo-Resolute|Scald|p1a: Keldeo-Resolute
|-resisted|p1a: Keldeo-Resolute
|-damage|p1a: Keldeo-Resolute|145\/323
|-status|p1a: Keldeo-Resolute|brn
|
|-damage|p1a: Keldeo-Resolute|105\/323 brn|[from] brn
|turn|8
|
|move|p1a: Keldeo-Resolute|Secret Sword|p2a: Keldeo-Resolute
|-damage|p2a: Keldeo-Resolute|0 fnt
|faint|p2a: Keldeo-Resolute
|
|-damage|p1a: Keldeo-Resolute|65\/323 brn|[from] brn
|
|switch|p2a: Clefable|Clefable, M|394\/394
|turn|9
|
|move|p1a: Keldeo-Resolute|Secret Sword|p2a: Clefable
|-resisted|p2a: Clefable
|-damage|p2a: Clefable|295\/394
|move|p2a: Clefable|Flamethrower|p1a: Keldeo-Resolute
|-resisted|p1a: Keldeo-Resolute
|-damage|p1a: Keldeo-Resolute|29\/323 brn
|
|-heal|p2a: Clefable|319\/394|[from] item: Leftovers
|-damage|p1a: Keldeo-Resolute|0 fnt|[from] brn
|faint|p1a: Keldeo-Resolute
|
|switch|p1a: Bisharp|Bisharp, F|271\/271
|-damage|p1a: Bisharp|255\/271|[from] Stealth Rock
|turn|10
|
|move|p1a: Bisharp|Iron Head|p2a: Clefable
|-supereffective|p2a: Clefable
|-damage|p2a: Clefable|0 fnt
|-damage|p1a: Bisharp|228\/271|[from] item: Life Orb
|faint|p2a: Clefable
|
|
|switch|p2a: Breloom|Breloom, F|261\/261
|turn|11
|
|switch|p1a: Latias|Latias, F|319\/319
|-damage|p1a: Latias|280\/319|[from] Stealth Rock
|move|p2a: Breloom|Spore|p1a: Latias
|-status|p1a: Latias|slp
|
|turn|12
|
|switch|p2a: Tyranitar|Tyranitar, M|403\/403 par
|-weather|Sandstorm
|cant|p1a: Latias|slp
|
|-weather|Sandstorm|[upkeep]
|-damage|p1a: Latias|261\/319 slp|[from] sandstorm
|turn|13
|
|cant|p1a: Latias|slp
|cant|p2a: Tyranitar|par
|
|-weather|Sandstorm|[upkeep]
|-damage|p1a: Latias|242\/319 slp|[from] sandstorm
|turn|14
|
|-curestatus|p1a: Latias|slp
|move|p1a: Latias|Defog|p2a: Tyranitar
|-unboost|p2a: Tyranitar|evasion|1
|-sideend|p1: Riches to Rags|Stealth Rock|[from] move: Defog|[of] p1a: Latias
|cant|p2a: Tyranitar|par
|
|-weather|Sandstorm|[upkeep]
|-damage|p1a: Latias|223\/319|[from] sandstorm
|turn|15
|c|âlolzuk|:(
|
|move|p1a: Latias|Draco Meteor|p2a: Tyranitar
|-crit|p2a: Tyranitar
|-damage|p2a: Tyranitar|168\/403 par
|-unboost|p1a: Latias|spa|2
|-damage|p1a: Latias|192\/319|[from] item: Life Orb
|move|p2a: Tyranitar|Stealth Rock|p1a: Latias
|-sidestart|p1: Riches to Rags|move: Stealth Rock
|
|-weather|Sandstorm|[upkeep]
|-damage|p1a: Latias|173\/319|[from] sandstorm
|-heal|p2a: Tyranitar|193\/403 par|[from] item: Leftovers
|turn|16
|c|âRiches to Rags|...
|
|move|p1a: Latias|Defog|p2a: Tyranitar
|-unboost|p2a: Tyranitar|evasion|1
|-sideend|p1: Riches to Rags|Stealth Rock|[from] move: Defog|[of] p1a: Latias
|move|p2a: Tyranitar|Thunder Wave|p1a: Latias
|-status|p1a: Latias|par
|
|-weather|none
|-heal|p2a: Tyranitar|218\/403 par|[from] item: Leftovers
|turn|17
|
|switch|p1a: Mamoswine|Mamoswine, M|361\/361
|move|p2a: Tyranitar|Stealth Rock|p1a: Mamoswine
|-sidestart|p1: Riches to Rags|move: Stealth Rock
|
|-heal|p2a: Tyranitar|243\/403 par|[from] item: Leftovers
|turn|18
|
|switch|p2a: Breloom|Breloom, F|261\/261
|move|p1a: Mamoswine|Earthquake|p2a: Breloom
|-resisted|p2a: Breloom
|-damage|p2a: Breloom|149\/261
|
|turn|19
|
|move|p1a: Mamoswine|Ice Shard|p2a: Breloom
|-supereffective|p2a: Breloom
|-damage|p2a: Breloom|0 fnt
|faint|p2a: Breloom
|
|
|switch|p2a: Tyranitar|Tyranitar, M|243\/403 par
|-weather|Sandstorm
|turn|20
|
|move|p1a: Mamoswine|Earthquake|p2a: Tyranitar
|-crit|p2a: Tyranitar
|-supereffective|p2a: Tyranitar
|-damage|p2a: Tyranitar|0 fnt
|faint|p2a: Tyranitar
|
|-weather|Sandstorm|[upkeep]
|
|switch|p2a: Excadrill|Excadrill, M|361\/361
|turn|21
|
|move|p2a: Excadrill|Iron Head|p1a: Mamoswine
|-supereffective|p1a: Mamoswine
|-damage|p1a: Mamoswine|5\/361
|move|p1a: Mamoswine|Earthquake|p2a: Excadrill
|-supereffective|p2a: Excadrill
|-damage|p2a: Excadrill|0 fnt
|faint|p2a: Excadrill
|
|-weather|Sandstorm|[upkeep]
|
|switch|p2a: Pinsir|Pinsir, M|271\/271
|turn|22
|
|move|p1a: Mamoswine|Ice Shard|p2a: Pinsir
|-damage|p2a: Pinsir|199\/271
|move|p2a: Pinsir|Swords Dance|p2a: Pinsir
|-boost|p2a: Pinsir|atk|2
|
|-weather|Sandstorm|[upkeep]
|-damage|p2a: Pinsir|183\/271|[from] sandstorm
|turn|23
|
|detailschange|p2a: Pinsir|Pinsir-Mega, M
|-mega|p2a: Pinsir|Pinsir|Pinsirite
|move|p2a: Pinsir|Quick Attack|p1a: Mamoswine
|-damage|p1a: Mamoswine|0 fnt
|faint|p1a: Mamoswine
|
|-weather|Sandstorm|[upkeep]
|-damage|p2a: Pinsir|167\/271|[from] sandstorm
|
|switch|p1a: Slowbro|Slowbro, F|223\/393
|-damage|p1a: Slowbro|174\/393|[from] Stealth Rock
|turn|24
|
|move|p2a: Pinsir|Return|p1a: Slowbro
|-damage|p1a: Slowbro|0 fnt
|faint|p1a: Slowbro
|
|-weather|none
|
|switch|p1a: Latias|Latias, F|173\/319 par
|-damage|p1a: Latias|134\/319 par|[from] Stealth Rock
|turn|25
|
|move|p2a: Pinsir|Return|p1a: Latias
|-damage|p1a: Latias|0 fnt
|faint|p1a: Latias
|
|
|switch|p1a: Bisharp|Bisharp, F|228\/271
|-damage|p1a: Bisharp|212\/271|[from] Stealth Rock
|turn|26
|
|move|p1a: Bisharp|Sucker Punch|p2a: Pinsir
|-damage|p2a: Pinsir|14\/271
|-damage|p1a: Bisharp|185\/271|[from] item: Life Orb
|move|p2a: Pinsir|Earthquake|p1a: Bisharp
|-supereffective|p1a: Bisharp
|-damage|p1a: Bisharp|0 fnt
|faint|p1a: Bisharp
|
|
|switch|p1a: Pidgeot|Pidgeot-Mega, F|307\/307
|-damage|p1a: Pidgeot|231\/307|[from] Stealth Rock
|turn|27
|c|âRiches to Rags|gg
|
|move|p2a: Pinsir|Quick Attack|p1a: Pidgeot
|-damage|p1a: Pidgeot|0 fnt
|faint|p1a: Pidgeot
|
|win|lolzuk
|raw|Ladder updating...
|c|âlolzuk|gg
|raw|Riches to Rags's rating: 1465 &rarr; <strong>1448<\/strong><br \/>(-17 for losing)
|raw|lolzuk's rating: 1519 &rarr; <strong>1536<\/strong><br \/>(+17 for winning)