|join|fraaa )
|join|lolzuk
|player|p1|fraaa )|101
|player|p2|lolzuk|209
|gametype|singles
|gen|6
|tier|OU
|rated
|clearpoke
|poke|p1|Thundurus, M
|poke|p1|Clefable, M
|poke|p1|Chansey, F
|poke|p1|Lopunny, F
|poke|p1|Gengar, F
|poke|p1|Slowbro, M
|poke|p2|Ferrothorn, M
|poke|p2|Heatran, M
|poke|p2|Keldeo
|poke|p2|Starmie
|poke|p2|Talonflame, F
|poke|p2|Lopunny, F
|rule|Swagger Clause: Swagger is banned
|rule|Baton Pass Clause: Limit one PokÃ©mon knowing Baton Pass
|rule|Sleep Clause Mod: Limit one foe put to sleep
|rule|Species Clause: Limit one of each PokÃ©mon
|rule|OHKO Clause: OHKO moves are banned
|rule|Moody Clause: Moody is banned
|rule|Evasion Moves Clause: Evasion moves are banned
|rule|Endless Battle Clause: Forcing endless battles is banned
|rule|HP Percentage Mod: HP is shown in percentages
|teampreview
|
|start
|switch|p1a: Lopunny|Lopunny, F|271\/271
|switch|p2a: Starmie|Starmie|261\/261
|turn|1
|
|switch|p2a: Ferrothorn|Ferrothorn, M|352\/352
|detailschange|p1a: Lopunny|Lopunny-Mega, F
|-mega|p1a: Lopunny|Lopunny|Lopunnite
|move|p1a: Lopunny|High Jump Kick|p2a: Ferrothorn
|-crit|p2a: Ferrothorn
|-supereffective|p2a: Ferrothorn
|-damage|p2a: Ferrothorn|0 fnt
|-damage|p1a: Lopunny|238\/271|[from] ability: Iron Barbs|[of] p2a: Ferrothorn
|faint|p2a: Ferrothorn
|
|
|switch|p2a: Talonflame|Talonflame, F|297\/297
|turn|2
|
|switch|p1a: Slowbro|Slowbro, M|393\/393
|switch|p2a: Starmie|Starmie|261\/261
|
|turn|3
|
|move|p2a: Starmie|Thunderbolt|p1a: Slowbro
|-supereffective|p1a: Slowbro
|-damage|p1a: Slowbro|85\/393
|-status|p1a: Slowbro|par
|cant|p1a: Slowbro|par
|
|turn|4
|
|switch|p1a: Chansey|Chansey, F|703\/703
|move|p2a: Starmie|Thunderbolt|p1a: Chansey
|-damage|p1a: Chansey|583\/703
|
|turn|5
|
|switch|p2a: Heatran|Heatran, M|385\/385
|move|p1a: Chansey|Aromatherapy|p1a: Chansey
|-cureteam|p1a: Chansey|[from] move: Aromatherapy
|
|turn|6
|
|switch|p1a: Lopunny|Lopunny-Mega, F|238\/271
|move|p2a: Heatran|Stealth Rock|p1a: Lopunny
|-sidestart|p1: fraaa )|move: Stealth Rock
|
|turn|7
|
|move|p1a: Lopunny|High Jump Kick|p2a: Heatran
|-supereffective|p2a: Heatran
|-damage|p2a: Heatran|0 fnt
|faint|p2a: Heatran
|
|
|switch|p2a: Talonflame|Talonflame, F|297\/297
|turn|8
|
|switch|p1a: Slowbro|Slowbro, M|216\/393
|-damage|p1a: Slowbro|167\/393|[from] Stealth Rock
|move|p2a: Talonflame|Brave Bird|p1a: Slowbro
|-damage|p1a: Slowbro|22\/393
|-damage|p2a: Talonflame|248\/297|[from] item: Rocky Helmet|[of] p1a: Slowbro
|-damage|p2a: Talonflame|200\/297|[from] recoil|[of] p1a: Slowbro
|
|turn|9
|
|switch|p1a: Chansey|Chansey, F|583\/703
|-damage|p1a: Chansey|496\/703|[from] Stealth Rock
|move|p2a: Talonflame|Brave Bird|p1a: Chansey
|-damage|p1a: Chansey|246\/703
|-damage|p2a: Talonflame|117\/297|[from] recoil|[of] p1a: Chansey
|
|turn|10
|
|move|p2a: Talonflame|Roost|p2a: Talonflame
|-heal|p2a: Talonflame|266\/297
|move|p1a: Chansey|Soft-Boiled|p1a: Chansey
|-heal|p1a: Chansey|598\/703
|
|turn|11
|
|switch|p2a: Lopunny|Lopunny, F|271\/271
|move|p1a: Chansey|Seismic Toss|p2a: Lopunny
|-damage|p2a: Lopunny|171\/271
|
|turn|12
|
|switch|p1a: Slowbro|Slowbro, M|153\/393
|-damage|p1a: Slowbro|104\/393|[from] Stealth Rock
|detailschange|p2a: Lopunny|Lopunny-Mega, F
|-mega|p2a: Lopunny|Lopunny|Lopunnite
|move|p2a: Lopunny|Drain Punch|p1a: Slowbro
|-resisted|p1a: Slowbro
|-damage|p1a: Slowbro|57\/393
|-heal|p2a: Lopunny|195\/271|[from] drain|[of] p1a: Slowbro
|-damage|p2a: Lopunny|150\/271|[from] item: Rocky Helmet|[of] p1a: Slowbro
|
|turn|13
|
|switch|p1a: Clefable|Clefable, M|394\/394
|-damage|p1a: Clefable|345\/394|[from] Stealth Rock
|move|p2a: Lopunny|Return|p1a: Clefable
|-damage|p1a: Clefable|101\/394
|
|-heal|p1a: Clefable|125\/394|[from] item: Leftovers
|turn|14
|
|move|p2a: Lopunny|Return|p1a: Clefable
|-damage|p1a: Clefable|0 fnt
|faint|p1a: Clefable
|
|
|switch|p1a: Slowbro|Slowbro, M|188\/393
|-damage|p1a: Slowbro|139\/393|[from] Stealth Rock
|turn|15
|
|switch|p2a: Starmie|Starmie|261\/261
|move|p1a: Slowbro|Slack Off|p1a: Slowbro
|-heal|p1a: Slowbro|336\/393
|
|turn|16
|
|switch|p2a: Keldeo|Keldeo|323\/323
|switch|p1a: Chansey|Chansey, F|598\/703
|-damage|p1a: Chansey|511\/703|[from] Stealth Rock
|
|turn|17
|
|switch|p1a: Gengar|Gengar, F|261\/261
|-damage|p1a: Gengar|229\/261|[from] Stealth Rock
|move|p2a: Keldeo|Substitute|p2a: Keldeo
|-start|p2a: Keldeo|Substitute
|-damage|p2a: Keldeo|243\/323
|
|-heal|p1a: Gengar|245\/261|[from] item: Black Sludge
|-heal|p2a: Keldeo|263\/323|[from] item: Leftovers
|turn|18
|
|move|p1a: Gengar|Sludge Wave|p2a: Keldeo
|-end|p2a: Keldeo|Substitute
|move|p2a: Keldeo|Scald|p1a: Gengar
|-damage|p1a: Gengar|79\/261
|
|-heal|p1a: Gengar|95\/261|[from] item: Black Sludge
|-heal|p2a: Keldeo|283\/323|[from] item: Leftovers
|turn|19
|
|move|p1a: Gengar|Will-O-Wisp|p2a: Keldeo
|-status|p2a: Keldeo|brn
|move|p2a: Keldeo|Scald|p1a: Gengar
|-damage|p1a: Gengar|0 fnt
|faint|p1a: Gengar
|
|-heal|p2a: Keldeo|303\/323 brn|[from] item: Leftovers
|-damage|p2a: Keldeo|263\/323 brn|[from] brn
|
|switch|p1a: Thundurus|Thundurus, M|299\/299
|-damage|p1a: Thundurus|225\/299|[from] Stealth Rock
|turn|20
|
|switch|p2a: Starmie|Starmie|261\/261
|move|p1a: Thundurus|Thunderbolt|p2a: Starmie
|-supereffective|p2a: Starmie
|-damage|p2a: Starmie|0 fnt
|-damage|p1a: Thundurus|196\/299|[from] item: Life Orb
|faint|p2a: Starmie
|
|
|switch|p2a: Lopunny|Lopunny-Mega, F|150\/271
|turn|21
|
|switch|p1a: Slowbro|Slowbro, M|393\/393
|-damage|p1a: Slowbro|344\/393|[from] Stealth Rock
|move|p2a: Lopunny|Fake Out|p1a: Slowbro
|-damage|p1a: Slowbro|290\/393
|-damage|p2a: Lopunny|105\/271|[from] item: Rocky Helmet|[of] p1a: Slowbro
|
|turn|22
|
|move|p2a: Lopunny|Return|p1a: Slowbro
|-damage|p1a: Slowbro|154\/393
|-damage|p2a: Lopunny|60\/271|[from] item: Rocky Helmet|[of] p1a: Slowbro
|move|p1a: Slowbro|Thunder Wave|p2a: Lopunny
|-status|p2a: Lopunny|par
|
|turn|23
|
|move|p2a: Lopunny|Return|p1a: Slowbro
|-damage|p1a: Slowbro|31\/393
|-damage|p2a: Lopunny|15\/271 par|[from] item: Rocky Helmet|[of] p1a: Slowbro
|move|p1a: Slowbro|Slack Off|p1a: Slowbro
|-heal|p1a: Slowbro|228\/393
|
|turn|24
|
|move|p2a: Lopunny|Return|p1a: Slowbro
|-crit|p1a: Slowbro
|-damage|p1a: Slowbro|21\/393
|-damage|p2a: Lopunny|0 fnt|[from] item: Rocky Helmet|[of] p1a: Slowbro
|faint|p2a: Lopunny
|move|p1a: Slowbro|Slack Off|p1a: Slowbro
|-heal|p1a: Slowbro|218\/393
|
|
|switch|p2a: Keldeo|Keldeo|263\/323 brn
|turn|25
|
|move|p2a: Keldeo|Substitute|p2a: Keldeo
|-start|p2a: Keldeo|Substitute
|-damage|p2a: Keldeo|183\/323 brn
|move|p1a: Slowbro|Slack Off|p1a: Slowbro
|-heal|p1a: Slowbro|393\/393
|
|-heal|p2a: Keldeo|203\/323 brn|[from] item: Leftovers
|-damage|p2a: Keldeo|163\/323 brn|[from] brn
|turn|26
|
|move|p2a: Keldeo|Calm Mind|p2a: Keldeo
|-boost|p2a: Keldeo|spa|1
|-boost|p2a: Keldeo|spd|1
|move|p1a: Slowbro|Psyshock|p2a: Keldeo
|-supereffective|p2a: Keldeo
|-end|p2a: Keldeo|Substitute
|
|-heal|p2a: Keldeo|183\/323 brn|[from] item: Leftovers
|-damage|p2a: Keldeo|143\/323 brn|[from] brn
|turn|27
|
|move|p2a: Keldeo|Scald|p1a: Slowbro
|-resisted|p1a: Slowbro
|-damage|p1a: Slowbro|273\/393
|-status|p1a: Slowbro|brn
|move|p1a: Slowbro|Psyshock|p2a: Keldeo
|-supereffective|p2a: Keldeo
|-damage|p2a: Keldeo|0 fnt
|faint|p2a: Keldeo
|
|-damage|p1a: Slowbro|224\/393 brn|[from] brn
|
|switch|p2a: Talonflame|Talonflame, F|266\/297
|turn|28
|
|move|p2a: Talonflame|Swords Dance|p2a: Talonflame
|-boost|p2a: Talonflame|atk|2
|move|p1a: Slowbro|Scald|p2a: Talonflame
|-supereffective|p2a: Talonflame
|-damage|p2a: Talonflame|30\/297
|
|-damage|p1a: Slowbro|175\/393 brn|[from] brn
|turn|29
|
|move|p2a: Talonflame|Brave Bird|p1a: Slowbro
|-damage|p1a: Slowbro|0 fnt
|-damage|p2a: Talonflame|0 fnt|[from] item: Rocky Helmet|[of] p1a: Slowbro
|faint|p2a: Talonflame
|faint|p1a: Slowbro
|
|win|fraaa )
|raw|Ladder updating...
|raw|fraaa )'s rating: 1495 &rarr; <strong>1517<\/strong><br \/>(+22 for winning)
|raw|lolzuk's rating: 1536 &rarr; <strong>1514<\/strong><br \/>(-22 for losing)