|join|troller67890
|join|lolzuk
|player|p1|troller67890|163
|player|p2|lolzuk|209
|gametype|singles
|gen|6
|tier|OU
|clearpoke
|poke|p1|Charizard, F
|poke|p1|Gothitelle, M
|poke|p1|Latias, F
|poke|p1|Scizor, M
|poke|p1|Rotom-Wash
|poke|p1|Mamoswine, M
|poke|p2|Clefable, M
|poke|p2|Pinsir, M
|poke|p2|Starmie
|poke|p2|Rotom-Wash
|poke|p2|Gliscor, F
|poke|p2|Ferrothorn, F
|rule|Swagger Clause: Swagger is banned
|rule|Baton Pass Clause: Limit one PokÃ©mon knowing Baton Pass
|rule|Sleep Clause Mod: Limit one foe put to sleep
|rule|Species Clause: Limit one of each PokÃ©mon
|rule|OHKO Clause: OHKO moves are banned
|rule|Moody Clause: Moody is banned
|rule|Evasion Moves Clause: Evasion moves are banned
|rule|Endless Battle Clause: Forcing endless battles is banned
|rule|HP Percentage Mod: HP is shown in percentages
|teampreview
|join|lelbuttz
|
|start
|switch|p1a: Scizor|Scizor, M|343\/343
|switch|p2a: Gliscor|Gliscor, F|352\/352
|turn|1
|
|switch|p2a: Clefable|Clefable, M|394\/394
|move|p1a: Scizor|Knock Off|p2a: Clefable
|-resisted|p2a: Clefable
|-damage|p2a: Clefable|304\/394
|-enditem|p2a: Clefable|Leftovers|[from] move: Knock Off|[of] p1a: Scizor
|
|turn|2
|
|switch|p1a: Gothitelle|Gothitelle, M|343\/343
|move|p2a: Clefable|Flamethrower|p1a: Gothitelle
|-damage|p1a: Gothitelle|300\/343
|
|-heal|p1a: Gothitelle|321\/343|[from] item: Leftovers
|turn|3
|
|move|p1a: Gothitelle|Calm Mind|p1a: Gothitelle
|-boost|p1a: Gothitelle|spa|1
|-boost|p1a: Gothitelle|spd|1
|move|p2a: Clefable|Moonblast|p1a: Gothitelle
|-damage|p1a: Gothitelle|276\/343
|
|-heal|p1a: Gothitelle|297\/343|[from] item: Leftovers
|turn|4
|
|move|p1a: Gothitelle|Calm Mind|p1a: Gothitelle
|-boost|p1a: Gothitelle|spa|1
|-boost|p1a: Gothitelle|spd|1
|move|p2a: Clefable|Calm Mind|p2a: Clefable
|-boost|p2a: Clefable|spa|1
|-boost|p2a: Clefable|spd|1
|
|-heal|p1a: Gothitelle|318\/343|[from] item: Leftovers
|turn|5
|
|move|p1a: Gothitelle|Calm Mind|p1a: Gothitelle
|-boost|p1a: Gothitelle|spa|1
|-boost|p1a: Gothitelle|spd|1
|move|p2a: Clefable|Calm Mind|p2a: Clefable
|-boost|p2a: Clefable|spa|1
|-boost|p2a: Clefable|spd|1
|
|-heal|p1a: Gothitelle|339\/343|[from] item: Leftovers
|turn|6
|c|âlolzuk|SpD gothietelle?
|
|move|p1a: Gothitelle|Psychic|p2a: Clefable
|-damage|p2a: Clefable|160\/394
|move|p2a: Clefable|Calm Mind|p2a: Clefable
|-boost|p2a: Clefable|spa|1
|-boost|p2a: Clefable|spd|1
|
|-heal|p1a: Gothitelle|343\/343|[from] item: Leftovers
|turn|7
|c|âtroller67890|yup
|
|move|p1a: Gothitelle|Calm Mind|p1a: Gothitelle
|-boost|p1a: Gothitelle|spa|1
|-boost|p1a: Gothitelle|spd|1
|move|p2a: Clefable|Soft-Boiled|p2a: Clefable
|-heal|p2a: Clefable|357\/394
|
|turn|8
|c|âtroller67890|bad or gd?
|c|âlolzuk|you should put psyshock
|
|move|p1a: Gothitelle|Calm Mind|p1a: Gothitelle
|-boost|p1a: Gothitelle|spa|1
|-boost|p1a: Gothitelle|spd|1
|move|p2a: Clefable|Calm Mind|p2a: Clefable
|-boost|p2a: Clefable|spa|1
|-boost|p2a: Clefable|spd|1
|
|turn|9
|
|move|p1a: Gothitelle|Psychic|p2a: Clefable
|-damage|p2a: Clefable|216\/394
|move|p2a: Clefable|Calm Mind|p2a: Clefable
|-boost|p2a: Clefable|spa|1
|-boost|p2a: Clefable|spd|1
|
|turn|10
|c|âtroller67890|i use psychic to kill defensive walls
|c|âlolzuk|psyshock will hit hard enough
|c|âtroller67890|oo ok will change that
|
|move|p1a: Gothitelle|Calm Mind|p1a: Gothitelle
|-boost|p1a: Gothitelle|spa|1
|-boost|p1a: Gothitelle|spd|1
|move|p2a: Clefable|Soft-Boiled|p2a: Clefable
|-heal|p2a: Clefable|394\/394
|
|turn|11
|c|âtroller67890|i ultimately will win this stall fest?
|
|move|p1a: Gothitelle|Psychic|p2a: Clefable
|-crit|p2a: Clefable
|-damage|p2a: Clefable|0 fnt
|faint|p2a: Clefable
|
|c|âlolzuk|...
|c|âlolzuk|whoever gets crit first
|c|âtroller67890|LOL
|c|âtroller67890|and i just did
|c|âtroller67890|and i think
|
|switch|p2a: Starmie|Starmie|324\/324
|turn|12
|c|âtroller67890|ferro can live a hit
|
|move|p2a: Starmie|Scald|p1a: Gothitelle
|-damage|p1a: Gothitelle|327\/343
|move|p1a: Gothitelle|Psychic|p2a: Starmie
|-resisted|p2a: Starmie
|-damage|p2a: Starmie|95\/324
|
|-heal|p2a: Starmie|115\/324|[from] item: Leftovers
|-heal|p1a: Gothitelle|343\/343|[from] item: Leftovers
|turn|13
|c|âtroller67890|isnt starmie frail
|c|âtroller67890|i have heal bell lels
|c|âlolzuk|this is bulky variant
|
|move|p2a: Starmie|Scald|p1a: Gothitelle
|-crit|p1a: Gothitelle
|-damage|p1a: Gothitelle|244\/343
|move|p1a: Gothitelle|Psychic|p2a: Starmie
|-resisted|p2a: Starmie
|-damage|p2a: Starmie|0 fnt
|faint|p2a: Starmie
|
|-heal|p1a: Gothitelle|265\/343|[from] item: Leftovers
|c|âtroller67890|reflect type?
|c|âlolzuk|nope
|c|âtroller67890|itz a crit
|c|âlolzuk|too gimmicky imo
|c|âtroller67890|maybe pincir can kill
|c|âtroller67890|reflect type starmie reqs
|
|switch|p2a: Ferrothorn|Ferrothorn, F|351\/351
|turn|14
|
|move|p1a: Gothitelle|Psychic|p2a: Ferrothorn
|-resisted|p2a: Ferrothorn
|-damage|p2a: Ferrothorn|187\/351
|-unboost|p2a: Ferrothorn|spd|1
|move|p2a: Ferrothorn|Stealth Rock|p1a: Gothitelle
|-sidestart|p1: troller67890|move: Stealth Rock
|
|-heal|p1a: Gothitelle|286\/343|[from] item: Leftovers
|-heal|p2a: Ferrothorn|208\/351|[from] item: Leftovers
|turn|15
|c|âlolzuk|omg
|c|âlolzuk|a drop
|c|âlolzuk|what is this hax
|c|âtroller67890|i have rest calm mind heal bell and psy
|c|âtroller67890|well u got a crit on scald
|c|âtroller67890|LOL
|c|âlolzuk|yeah ythat really mattered
|c|âtroller67890|it didnt
|c|âlolzuk|and that crit on clef didnt
|
|move|p1a: Gothitelle|Psychic|p2a: Ferrothorn
|-crit|p2a: Ferrothorn
|-resisted|p2a: Ferrothorn
|-damage|p2a: Ferrothorn|0 fnt
|faint|p2a: Ferrothorn
|
|-heal|p1a: Gothitelle|307\/343|[from] item: Leftovers
|c|âtroller67890|i would have won since i had higher speed actually
|c|âlolzuk|WTF
|c|âtroller67890|thus, it didnt matter
|c|âlolzuk|no...
|c|âtroller67890|1st time using this team, pretty gd
|c|âlolzuk|i have softboiled
|c|âlolzuk|you have rest
|c|âtroller67890|yeah but i have higher speed
|c|âlolzuk|that doesnt matter
|c|âtroller67890|so i would knock you out before u even used softboiled
|c|âlolzuk|sigh
|c|âtroller67890|well, pointless talking about it now
|c|âlolzuk|you're only doing 30%
|c|âtroller67890|since i already got a crit
|c|âtroller67890|pp stall?
|c|âtroller67890|lol
|c|âlolzuk|i time my softboiled
|c|âtroller67890|carry on with the game mate
|
|switch|p2a: Rotom-Wash|Rotom-Wash|304\/304
|turn|16
|c|âtroller67890|whats over is over
|c|âlolzuk|listen...
|
|move|p2a: Rotom-Wash|Pain Split|p1a: Gothitelle
|-sethp|p1a: Gothitelle|305\/343|p2a: Rotom-Wash|304\/304|[from] move: Pain Split
|move|p1a: Gothitelle|Psychic|p2a: Rotom-Wash
|-damage|p2a: Rotom-Wash|0 fnt
|faint|p2a: Rotom-Wash
|
|-heal|p1a: Gothitelle|326\/343|[from] item: Leftovers
|c|âtroller67890|its pover
|c|âtroller67890|no point
|
|switch|p2a: Pinsir|Pinsir, M|271\/271
|turn|17
|
|detailschange|p2a: Pinsir|Pinsir-Mega, M
|-mega|p2a: Pinsir|Pinsir|Pinsirite
|move|p2a: Pinsir|Return|p1a: Gothitelle
|-damage|p1a: Gothitelle|23\/343
|move|p1a: Gothitelle|Psychic|p2a: Pinsir
|-damage|p2a: Pinsir|0 fnt
|faint|p2a: Pinsir
|
|-heal|p1a: Gothitelle|44\/343|[from] item: Leftovers
|c|âlolzuk|thats not the point
|c|âlolzuk|you're thinking that this team is good
|c|âtroller67890|lol that crit nearly mattered
|c|âlolzuk|because of hax in this game
|c|âtroller67890|erhh no
|
|switch|p2a: Gliscor|Gliscor, F|352\/352
|turn|18
|c|âtroller67890|you got destroyed lol...
|c|âlolzuk|lets have a rematch then
|
|move|p2a: Gliscor|Earthquake|p1a: Gothitelle
|-crit|p1a: Gothitelle
|-damage|p1a: Gothitelle|0 fnt
|faint|p1a: Gothitelle
|
|-status|p2a: Gliscor|tox|[from] item: Toxic Orb
|c|âlolzuk|you'll see how easy it is to counter
|
|switch|p1a: Mamoswine|Mamoswine, M|361\/361
|-damage|p1a: Mamoswine|316\/361|[from] Stealth Rock
|turn|19
|c|âtroller67890|lol i rematch someonelse ba
|c|âlolzuk|even if clefable died, if ferro got the leech seed off
|c|âlolzuk|pinsir would kill
|c|âtroller67890|u used rocks
|c|âlolzuk|but again you got the SpD drop
|c|âlolzuk|which made psychic a 2HKO
|c|âtroller67890|lol like its my fault
|c|âlolzuk|wheras it would have been 3HKO
|c|âtroller67890|lol whats over is over
|
|move|p1a: Mamoswine|Ice Shard|p2a: Gliscor
|-supereffective|p2a: Gliscor
|-damage|p2a: Gliscor|50\/352 tox
|-damage|p1a: Mamoswine|280\/361|[from] item: Life Orb
|move|p2a: Gliscor|Toxic|p1a: Mamoswine
|-status|p1a: Mamoswine|tox
|
|-damage|p1a: Mamoswine|258\/361 tox|[from] psn
|-heal|p2a: Gliscor|94\/352 tox|[from] ability: Poison Heal
|turn|20
|c|âtroller67890|why keep whining... not likes its rated ou match or tour
|c|âlolzuk|im just saying
|c|âtroller67890|ure saying a whole lot lol
|
|move|p1a: Mamoswine|Ice Shard|p2a: Gliscor
|-supereffective|p2a: Gliscor
|-damage|p2a: Gliscor|0 fnt
|-damage|p1a: Mamoswine|222\/361 tox|[from] item: Life Orb
|faint|p2a: Gliscor
|
|win|troller67890
|c|âtroller67890|gg
|c|âtroller67890|5-0
|c|âtroller67890|goth the mvp