|join|lolzuk
|join|Reverb
|player|p1|lolzuk|209
|player|p2|Reverb|#reverb
|gametype|singles
|gen|6
|tier|OU
|rated
|clearpoke
|poke|p1|Excadrill, F
|poke|p1|Pinsir, M
|poke|p1|Tyranitar, M
|poke|p1|Clefable, F
|poke|p1|Keldeo-Resolute
|poke|p1|Breloom, F
|poke|p2|Landorus-Therian, M
|poke|p2|Latias, F
|poke|p2|Heatran, F
|poke|p2|Conkeldurr, M
|poke|p2|Azumarill, F
|poke|p2|Heracross, F
|rule|Swagger Clause: Swagger is banned
|rule|Baton Pass Clause: Limit one PokÃ©mon knowing Baton Pass
|rule|Sleep Clause Mod: Limit one foe put to sleep
|rule|Species Clause: Limit one of each PokÃ©mon
|rule|OHKO Clause: OHKO moves are banned
|rule|Moody Clause: Moody is banned
|rule|Evasion Moves Clause: Evasion moves are banned
|rule|Endless Battle Clause: Forcing endless battles is banned
|rule|HP Percentage Mod: HP is shown in percentages
|teampreview
|join|yuy
|c|âlolzuk|omg
|c|âlolzuk|again
|c|âReverb|hf
|c|âlolzuk|:\/
|c|âlolzuk|u2 :)
|join|haunter
|
|start
|switch|p1a: Breloom|Breloom, F|261\/261
|switch|p2a: Heracross|Heracross, F|301\/301
|turn|1
|
|switch|p1a: Clefable|Clefable, F|394\/394
|detailschange|p2a: Heracross|Heracross-Mega, F
|-mega|p2a: Heracross|Heracross|Heracronite
|move|p2a: Heracross|Pin Missile|p1a: Clefable
|-resisted|p1a: Clefable
|-damage|p1a: Clefable|364\/394
|-resisted|p1a: Clefable
|-damage|p1a: Clefable|336\/394
|-resisted|p1a: Clefable
|-damage|p1a: Clefable|306\/394
|-resisted|p1a: Clefable
|-damage|p1a: Clefable|279\/394
|-resisted|p1a: Clefable
|-damage|p1a: Clefable|249\/394
|-hitcount|p1a: Clefable|5
|
|-heal|p1a: Clefable|273\/394|[from] item: Leftovers
|turn|2
|join|Diamanten Drache
|
|switch|p2a: Heatran|Heatran, F|385\/385
|move|p1a: Clefable|Moonblast|p2a: Heatran
|-resisted|p2a: Heatran
|-damage|p2a: Heatran|362\/385
|-unboost|p2a: Heatran|spa|1
|
|-heal|p2a: Heatran|385\/385|[from] item: Leftovers
|-heal|p1a: Clefable|297\/394|[from] item: Leftovers
|turn|3
|join|Costi93
|
|switch|p1a: Keldeo-Resolute|Keldeo-Resolute|323\/323
|move|p2a: Heatran|Stealth Rock|p1a: Keldeo-Resolute
|-sidestart|p1: lolzuk|move: Stealth Rock
|
|turn|4
|join|DragonTamer99
|
|switch|p2a: Latias|Latias, F|364\/364
|move|p1a: Keldeo-Resolute|Secret Sword|p2a: Latias
|-resisted|p2a: Latias
|-damage|p2a: Latias|271\/364
|
|-heal|p2a: Latias|293\/364|[from] item: Leftovers
|turn|5
|c| DragonTamer99|oh it's shofu
|c|âReverb|pls
|
|switch|p1a: Clefable|Clefable, F|297\/394
|switch|p2a: Azumarill|Azumarill, F|341\/341
|
|-heal|p1a: Clefable|321\/394|[from] item: Leftovers
|turn|6
|join|Alldaalts
|
|move|p2a: Azumarill|Waterfall|p1a: Clefable
|-damage|p1a: Clefable|104\/394
|move|p1a: Clefable|Moonblast|p2a: Azumarill
|-damage|p2a: Azumarill|205\/341
|
|-heal|p1a: Clefable|128\/394|[from] item: Leftovers
|turn|7
|join|mai na gioia
|join|YunoMe
|join|Supah
|leave|YunoMe
|
|move|p2a: Azumarill|Waterfall|p1a: Clefable
|-crit|p1a: Clefable
|-damage|p1a: Clefable|0 fnt
|faint|p1a: Clefable
|
|join|hoptoit24
|join|JustSkive
|leave|hoptoit24
|
|switch|p1a: Keldeo-Resolute|Keldeo-Resolute|323\/323
|-damage|p1a: Keldeo-Resolute|303\/323|[from] Stealth Rock
|turn|8
|
|switch|p2a: Latias|Latias, F|293\/364
|move|p1a: Keldeo-Resolute|Hidden Power|p2a: Latias
|-resisted|p2a: Latias
|-damage|p2a: Latias|249\/364
|
|-heal|p2a: Latias|271\/364|[from] item: Leftovers
|turn|9
|join|UrsaReign
|
|switch|p1a: Tyranitar|Tyranitar, M|403\/403
|-damage|p1a: Tyranitar|353\/403|[from] Stealth Rock
|-weather|Sandstorm
|switch|p2a: Heracross|Heracross-Mega, F|301\/301
|
|-weather|Sandstorm|[upkeep]
|-damage|p2a: Heracross|283\/301|[from] sandstorm
|-heal|p1a: Tyranitar|378\/403|[from] item: Leftovers
|turn|10
|c| JustSkive|Reverb I like your sprite it looks custom made
|c|âReverb|ty
|c|âReverb|it is lol
|
|move|p2a: Heracross|Close Combat|p1a: Tyranitar
|-supereffective|p1a: Tyranitar
|-damage|p1a: Tyranitar|0 fnt
|-unboost|p2a: Heracross|def|1
|-unboost|p2a: Heracross|spd|1
|faint|p1a: Tyranitar
|
|-weather|Sandstorm|[upkeep]
|-damage|p2a: Heracross|265\/301|[from] sandstorm
|c| JustSkive|Yeah thought that but still looks cool
|
|switch|p1a: Excadrill|Excadrill, F|361\/361
|-damage|p1a: Excadrill|350\/361|[from] Stealth Rock
|turn|11
|c|âReverb|aha
|
|switch|p2a: Landorus-Therian|Landorus-Therian, M|319\/319
|-ability|p2a: Landorus-Therian|Intimidate|[of] p1a: Excadrill
|-unboost|p1a: Excadrill|atk|1
|move|p1a: Excadrill|Iron Head|p2a: Landorus-Therian
|-damage|p2a: Landorus-Therian|201\/319
|
|-weather|Sandstorm|[upkeep]
|turn|12
|
|move|p1a: Excadrill|Iron Head|p2a: Landorus-Therian
|-damage|p2a: Landorus-Therian|86\/319
|move|p2a: Landorus-Therian|Earthquake|p1a: Excadrill
|-supereffective|p1a: Excadrill
|-damage|p1a: Excadrill|0 fnt
|faint|p1a: Excadrill
|
|-weather|Sandstorm|[upkeep]
|c| Supah|gg
|c| DragonTamer99|oh shofu is a pretty good battler
|
|switch|p1a: Pinsir|Pinsir, M|271\/271
|-damage|p1a: Pinsir|204\/271|[from] Stealth Rock
|turn|13
|join|Justin n7
|c| JustSkive|Wait shogun is here damn nice to see you
|c| JustSkive|Uhh spell check shofu
|c| DragonTamer99|JustSkive reverb is shofu
|c| DragonTamer99|\/me flees
|
|switch|p2a: Heatran|Heatran, F|385\/385
|detailschange|p1a: Pinsir|Pinsir-Mega, M
|-mega|p1a: Pinsir|Pinsir|Pinsirite
|move|p1a: Pinsir|Swords Dance|p1a: Pinsir
|-boost|p1a: Pinsir|atk|2
|
|-weather|none
|turn|14
|
|move|p1a: Pinsir|Earthquake|p2a: Heatran
|-supereffective|p2a: Heatran
|-damage|p2a: Heatran|0 fnt
|faint|p2a: Heatran
|
|
|switch|p2a: Landorus-Therian|Landorus-Therian, M|86\/319
|-ability|p2a: Landorus-Therian|Intimidate|[of] p1a: Pinsir
|-unboost|p1a: Pinsir|atk|1
|turn|15
|c| JustSkive|Damn awesome well it's nice to finally see ya and sorry for interfering in this battle hehe
|
|switch|p2a: Conkeldurr|Conkeldurr, M|364\/364
|move|p1a: Pinsir|Quick Attack|p2a: Conkeldurr
|-supereffective|p2a: Conkeldurr
|-damage|p2a: Conkeldurr|52\/364
|
|turn|16
|c| Supah|i dont think thats shofu
|c| Supah|cuz shofu wouldnt make trash plays like these
|c|âReverb|pls
|
|move|p1a: Pinsir|Swords Dance|p1a: Pinsir
|-boost|p1a: Pinsir|atk|2
|move|p2a: Conkeldurr|Ice Punch|p1a: Pinsir
|-supereffective|p1a: Pinsir
|-damage|p1a: Pinsir|24\/271
|
|turn|17
|c| JustSkive|He may be playing mind games
|join|L0NE
|c| Supah|compete booty trash plays
|
|move|p1a: Pinsir|Quick Attack|p2a: Conkeldurr
|-supereffective|p2a: Conkeldurr
|-damage|p2a: Conkeldurr|0 fnt
|faint|p2a: Conkeldurr
|
|
|switch|p2a: Landorus-Therian|Landorus-Therian, M|86\/319
|-ability|p2a: Landorus-Therian|Intimidate|[of] p1a: Pinsir
|-unboost|p1a: Pinsir|atk|1
|turn|18
|join|gods fall
|c| JustSkive|This maybe gg
|
|switch|p2a: Heracross|Heracross-Mega, F|265\/301
|move|p1a: Pinsir|Quick Attack|p2a: Heracross
|-crit|p2a: Heracross
|-supereffective|p2a: Heracross
|-damage|p2a: Heracross|0 fnt
|faint|p2a: Heracross
|
|
|switch|p2a: Landorus-Therian|Landorus-Therian, M|86\/319
|-ability|p2a: Landorus-Therian|Intimidate|[of] p1a: Pinsir
|-unboost|p1a: Pinsir|atk|1
|turn|19
|c| Supah|this is so sad
|c|âReverb|it isnt gg
|c|âReverb|i win now
|c|âReverb|barring hax
|c| L0NE|latias
|c| L0NE|wins
|
|move|p2a: Landorus-Therian|Explosion|p1a: Pinsir
|-damage|p1a: Pinsir|0 fnt
|faint|p2a: Landorus-Therian
|faint|p1a: Pinsir
|
|c|âlolzuk|gg
|c|âReverb|gg
|c| JustSkive|Nope now this is gg
|leave|Diamanten Drache
|c|âlolzuk|the mind games
|c| DragonTamer99|shofu is too good
|
|switch|p1a: Keldeo-Resolute|Keldeo-Resolute|303\/323
|switch|p2a: Latias|Latias, F|271\/364
|-damage|p1a: Keldeo-Resolute|283\/323|[from] Stealth Rock
|turn|20
|join|scp-004
|
|move|p1a: Keldeo-Resolute|Scald|p2a: Latias
|-resisted|p2a: Latias
|-damage|p2a: Latias|182\/364
|move|p2a: Latias|Psyshock|p1a: Keldeo-Resolute
|-supereffective|p1a: Keldeo-Resolute
|-damage|p1a: Keldeo-Resolute|65\/323
|
|-heal|p2a: Latias|204\/364|[from] item: Leftovers
|turn|21
|c|âlolzuk|you're slower?
|c|âReverb|ye
|c|âReverb|v bulky set
|c| JustSkive|You don't have icy wind on keldeo?
|
|move|p1a: Keldeo-Resolute|Scald|p2a: Latias
|-resisted|p2a: Latias
|-damage|p2a: Latias|114\/364
|-status|p2a: Latias|brn
|move|p2a: Latias|Recover|p2a: Latias
|-heal|p2a: Latias|296\/364 brn
|
|-heal|p2a: Latias|318\/364 brn|[from] item: Leftovers
|-damage|p2a: Latias|273\/364 brn|[from] brn
|turn|22
|c|âlolzuk|no :(
|c|âReverb|in fact, i cant ohko loom
|c|âReverb|if you sent in loom
|join|Insomn
|c|âReverb|i would have used thunder wave
|leave|Insomn
|c|âlolzuk|if i didnt have rocks
|c|âReverb|and then pr spam w\/ azu to win
|c|âlolzuk|i might have won
|c|âReverb|mhm
|c|âlolzuk|actually no
|
|move|p1a: Keldeo-Resolute|Scald|p2a: Latias
|-crit|p2a: Latias
|-resisted|p2a: Latias
|-damage|p2a: Latias|156\/364 brn
|move|p2a: Latias|Psyshock|p1a: Keldeo-Resolute
|-supereffective|p1a: Keldeo-Resolute
|-damage|p1a: Keldeo-Resolute|0 fnt
|faint|p1a: Keldeo-Resolute
|
|-heal|p2a: Latias|178\/364 brn|[from] item: Leftovers
|-damage|p2a: Latias|133\/364 brn|[from] brn
|c|âlolzuk|azu aqua jet
|c| JustSkive|I use a choice specs set on keldeo and icy wind is pretty good for taking out flying types
|c|âReverb|ah
|c|âReverb|this is 252 hp
|c|âReverb|216 def
|c|âReverb|40 speed
|c|âReverb|latias
|c|âReverb|bold
|
|switch|p1a: Breloom|Breloom, F|261\/261
|-damage|p1a: Breloom|245\/261|[from] Stealth Rock
|turn|23
|c| DragonTamer99|they should give purse power to more pokemon imo
|c|âReverb|psyshock\/twave\/recover\/defog
|c| DragonTamer99|pure*
|c| L0NE|scald hits harder than icy wind
|c| JustSkive|Hmm using it as a bulky sweeper I see
|c|âReverb|it's a tank mon
|c| JustSkive|Yeah but icy wind gets the slow down
|
|move|p1a: Breloom|Mach Punch|p2a: Latias
|-resisted|p2a: Latias
|-damage|p2a: Latias|92\/364 brn
|move|p2a: Latias|Psyshock|p1a: Breloom
|-supereffective|p1a: Breloom
|-damage|p1a: Breloom|0 fnt
|faint|p1a: Breloom
|
|win|Reverb
|raw|Ladder updating...
|leave|Alldaalts
|c| Supah|oh my god
|c|âReverb|oh i guress i can after sr
|c|âReverb|gg
|raw|lolzuk's rating: 1572 &rarr; <strong>1559<\/strong><br \/>(-13 for losing)
|raw|Reverb's rating: 1712 &rarr; <strong>1725<\/strong><br \/>(+13 for winning)
|leave|L0NE
|leave|gods fall
|leave|DragonTamer99
|c| Supah|dumbest game ive seen in a long time
|c|âReverb|0 SpA Latias Psyshock vs. 0 HP \/ 4 Def Breloom: 224-266 (85.8 - 101.9%) -- 50% chance to OHKO after Stealth Rock
|c| JustSkive|Oh we
|join|yrs
|c| JustSkive|mice battle everyone
|c| JustSkive|uggg spell check