|join|Jaybird9876
|join|lolzuk
|player|p1|Jaybird9876|15
|player|p2|lolzuk|209
|gametype|singles
|gen|6
|tier|OU
|clearpoke
|poke|p1|Dragonite, M
|poke|p1|Zapdos
|poke|p1|Heatran, F
|poke|p1|Charizard, M
|poke|p1|Metagross
|poke|p1|Gengar, M
|poke|p2|Excadrill, F
|poke|p2|Pinsir, F
|poke|p2|Tyranitar, M
|poke|p2|Clefable, F
|poke|p2|Keldeo-Resolute
|poke|p2|Breloom, M
|rule|Swagger Clause: Swagger is banned
|rule|Baton Pass Clause: Limit one PokÃ©mon knowing Baton Pass
|rule|Sleep Clause Mod: Limit one foe put to sleep
|rule|Species Clause: Limit one of each PokÃ©mon
|rule|OHKO Clause: OHKO moves are banned
|rule|Moody Clause: Moody is banned
|rule|Evasion Moves Clause: Evasion moves are banned
|rule|Endless Battle Clause: Forcing endless battles is banned
|rule|HP Percentage Mod: HP is shown in percentages
|teampreview
|c|âJaybird9876|good luck have fun
|c|âlolzuk|u2
|
|start
|switch|p1a: Zapdos|Zapdos|321\/321
|switch|p2a: Breloom|Breloom, M|261\/261
|-ability|p1a: Zapdos|Pressure
|turn|1
|
|move|p1a: Zapdos|Aerial Ace|p2a: Breloom
|-supereffective|p2a: Breloom
|-enditem|p2a: Breloom|Focus Sash
|-damage|p2a: Breloom|1\/261
|move|p2a: Breloom|Spore|p1a: Zapdos
|-status|p1a: Zapdos|slp
|
|turn|2
|c|âJaybird9876|wow
|c|âJaybird9876|really?
|c|âlolzuk|:)
|c|âJaybird9876|:(
|c|âJaybird9876|:0
|
|switch|p2a: Tyranitar|Tyranitar, M|403\/403
|-weather|Sandstorm
|cant|p1a: Zapdos|slp
|
|-weather|Sandstorm|[upkeep]
|-damage|p1a: Zapdos|301\/321 slp|[from] sandstorm
|turn|3
|
|switch|p1a: Metagross|Metagross|363\/363
|move|p2a: Tyranitar|Stealth Rock|p1a: Metagross
|-sidestart|p1: Jaybird9876|move: Stealth Rock
|
|-weather|Sandstorm|[upkeep]
|turn|4
|
|detailschange|p1a: Metagross|Metagross-Mega
|-mega|p1a: Metagross|Metagross|Metagrossite
|move|p1a: Metagross|Earthquake|p2a: Tyranitar
|-supereffective|p2a: Tyranitar
|-damage|p2a: Tyranitar|211\/403
|move|p2a: Tyranitar|Thunder Wave|p1a: Metagross
|-status|p1a: Metagross|par
|
|-weather|Sandstorm|[upkeep]
|-heal|p2a: Tyranitar|236\/403|[from] item: Leftovers
|turn|5
|c|âlolzuk|you should run hammer arm
|c|âlolzuk|better coverage
|c|âJaybird9876|ik
|c|âJaybird9876|but i got dis
|
|move|p2a: Tyranitar|Crunch|p1a: Metagross
|-supereffective|p1a: Metagross
|-damage|p1a: Metagross|189\/363 par
|-unboost|p1a: Metagross|def|1
|move|p1a: Metagross|Brick Break|p2a: Tyranitar
|-supereffective|p2a: Tyranitar
|-damage|p2a: Tyranitar|0 fnt
|faint|p2a: Tyranitar
|
|-weather|Sandstorm|[upkeep]
|c|âJaybird9876|:)
|
|switch|p2a: Excadrill|Excadrill, F|361\/361
|turn|6
|
|move|p2a: Excadrill|Earthquake|p1a: Metagross
|-supereffective|p1a: Metagross
|-damage|p1a: Metagross|0 fnt
|-damage|p2a: Excadrill|325\/361|[from] item: Life Orb
|faint|p1a: Metagross
|
|-weather|none
|
|switch|p1a: Charizard|Charizard, M|297\/297
|-damage|p1a: Charizard|149\/297|[from] Stealth Rock
|turn|7
|
|move|p1a: Charizard|Brick Break|p2a: Excadrill
|-supereffective|p2a: Excadrill
|-damage|p2a: Excadrill|131\/361
|move|p2a: Excadrill|Rock Slide|p1a: Charizard
|-supereffective|p1a: Charizard
|-damage|p1a: Charizard|0 fnt
|-damage|p2a: Excadrill|95\/361|[from] item: Life Orb
|faint|p1a: Charizard
|
|
|switch|p1a: Heatran|Heatran, F|385\/385
|-damage|p1a: Heatran|337\/385|[from] Stealth Rock
|-item|p1a: Heatran|Air Balloon
|turn|8
|
|switch|p2a: Keldeo-Resolute|Keldeo-Resolute|323\/323
|move|p1a: Heatran|Earthquake|p2a: Keldeo-Resolute
|-damage|p2a: Keldeo-Resolute|246\/323
|
|turn|9
|c|âlolzuk|EQ :O
|c|âlolzuk|not earth power
|c|âlolzuk|?
|c|âJaybird9876|nope
|
|switch|p1a: Zapdos|Zapdos|301\/321 slp
|-damage|p1a: Zapdos|221\/321 slp|[from] Stealth Rock
|-ability|p1a: Zapdos|Pressure
|move|p2a: Keldeo-Resolute|Scald|p1a: Zapdos
|-damage|p1a: Zapdos|0 fnt
|faint|p1a: Zapdos
|
|
|switch|p1a: Gengar|Gengar, M|261\/261
|-damage|p1a: Gengar|229\/261|[from] Stealth Rock
|turn|10
|
|move|p1a: Gengar|Thunder|p2a: Keldeo-Resolute
|-supereffective|p2a: Keldeo-Resolute
|-damage|p2a: Keldeo-Resolute|0 fnt
|faint|p2a: Keldeo-Resolute
|
|
|switch|p2a: Excadrill|Excadrill, F|95\/361
|turn|11
|c|âJaybird9876|:)
|c|âlolzuk|?
|
|move|p1a: Gengar|Giga Drain|p2a: Excadrill
|-damage|p2a: Excadrill|0 fnt
|-heal|p1a: Gengar|261\/261|[from] drain|[of] p2a: Excadrill
|faint|p2a: Excadrill
|
|c|âJaybird9876|that
|c|âlolzuk|wow
|c|âlolzuk|what set is that
|c|âJaybird9876|nothing....
|c|âJaybird9876|ill tell u afterwards
|
|switch|p2a: Clefable|Clefable, F|394\/394
|turn|12
|c|âlolzuk|oh
|c|âlolzuk|ebelt?
|c|âJaybird9876|nope
|
|move|p1a: Gengar|Thunder|p2a: Clefable
|-damage|p2a: Clefable|260\/394
|move|p2a: Clefable|Flamethrower|p1a: Gengar
|-damage|p1a: Gengar|182\/261
|
|-heal|p2a: Clefable|284\/394|[from] item: Leftovers
|turn|13
|
|move|p1a: Gengar|Giga Drain|p2a: Clefable
|-damage|p2a: Clefable|190\/394
|-heal|p1a: Gengar|229\/261|[from] drain|[of] p2a: Clefable
|move|p2a: Clefable|Calm Mind|p2a: Clefable
|-boost|p2a: Clefable|spa|1
|-boost|p2a: Clefable|spd|1
|
|-heal|p2a: Clefable|214\/394|[from] item: Leftovers
|turn|14
|
|move|p1a: Gengar|Shadow Punch|p2a: Clefable
|-damage|p2a: Clefable|171\/394
|move|p2a: Clefable|Moonblast|p1a: Gengar
|-resisted|p1a: Gengar
|-damage|p1a: Gengar|130\/261
|-enditem|p1a: Gengar|Sitrus Berry|[eat]
|-heal|p1a: Gengar|195\/261|[from] item: Sitrus Berry
|
|-heal|p2a: Clefable|195\/394|[from] item: Leftovers
|turn|15
|c|âJaybird9876|im going on a limb here i can't remember if its effective
|c|âJaybird9876|ok good
|
|move|p1a: Gengar|Thunder|p2a: Clefable
|-crit|p2a: Clefable
|-damage|p2a: Clefable|0 fnt
|faint|p2a: Clefable
|
|c|âlolzuk|omg
|c|âlolzuk|:(
|c|âJaybird9876|lol
|c|âJaybird9876|gg
|
|switch|p2a: Pinsir|Pinsir, F|271\/271
|turn|16
|c|âJaybird9876|ur team is good i would add a zapdos though
|c|âlolzuk|that crit
|c|âJaybird9876|yah
|c|âlolzuk|i would have beaten you
|c|âJaybird9876|nope
|c|âlolzuk|it puts you in range of quick attack
|c|âJaybird9876|why no heracross? why pinsir?
|c|âlolzuk|because pinsir is better?
|
|detailschange|p2a: Pinsir|Pinsir-Mega, F
|-mega|p2a: Pinsir|Pinsir|Pinsirite
|move|p1a: Gengar|Shadow Punch|p2a: Pinsir
|-damage|p2a: Pinsir|228\/271
|move|p2a: Pinsir|Return|p1a: Gengar
|-damage|p1a: Gengar|0 fnt
|faint|p1a: Gengar
|
|c|âJaybird9876|no....not if he's mega
|c|âlolzuk|oooh plot twist
|c|âlolzuk|i might win now :O
|
|switch|p1a: Dragonite|Dragonite, M|385\/385
|-damage|p1a: Dragonite|289\/385|[from] Stealth Rock
|turn|17
|c|âJaybird9876|nop
|
|move|p2a: Pinsir|Return|p1a: Dragonite
|-damage|p1a: Dragonite|0 fnt
|faint|p1a: Dragonite
|
|
|switch|p1a: Heatran|Heatran, F|337\/385
|-damage|p1a: Heatran|289\/385|[from] Stealth Rock
|-item|p1a: Heatran|Air Balloon
|turn|18
|c|âJaybird9876|really?
|c|âlolzuk|oh shit
|c|âlolzuk|i have CC
|c|âlolzuk|:P
|c|âJaybird9876|lol
|c|âJaybird9876|:P
|c|âJaybird9876|:(
|c|âlolzuk|Im jokinh i don't
|c|âlolzuk|:(
|
|move|p2a: Pinsir|Return|p1a: Heatran
|-resisted|p1a: Heatran
|-damage|p1a: Heatran|149\/385
|-enditem|p1a: Heatran|Air Balloon
|move|p1a: Heatran|Fire Blast|p2a: Pinsir
|-supereffective|p2a: Pinsir
|-damage|p2a: Pinsir|0 fnt
|faint|p2a: Pinsir
|
|c|âJaybird9876|ok good
|c|âlolzuk|gg
|c|âJaybird9876|gg
|
|switch|p2a: Breloom|Breloom, M|1\/261
|turn|19
|c|âlolzuk|i win :P
|c|âJaybird9876|ill be nice
|
|move|p2a: Breloom|Mach Punch|p1a: Heatran
|-supereffective|p1a: Heatran
|-damage|p1a: Heatran|0 fnt
|faint|p1a: Heatran
|
|win|lolzuk
|c|âlolzuk|lol
|c|âJaybird9876|gg
|c|âJaybird9876|damnt
|c|âlolzuk|gg
|c|âJaybird9876|was gonna use bullet punch
|leave|Jaybird9876
|player|p1
|c|âlolzuk|you have bullet punbch?!