|join|lolzuk
|join|Reverb
|player|p1|lolzuk|209
|player|p2|Reverb|#reverb
|gametype|singles
|gen|6
|tier|OU
|rated
|clearpoke
|poke|p1|Excadrill, F
|poke|p1|Pinsir, F
|poke|p1|Tyranitar, F
|poke|p1|Clefable, M
|poke|p1|Keldeo-Resolute
|poke|p1|Breloom, M
|poke|p2|Metagross
|poke|p2|Sylveon, F, shiny
|poke|p2|Keldeo-Resolute
|poke|p2|Latias, F
|poke|p2|Heatran, F, shiny
|poke|p2|Landorus-Therian, M
|rule|Swagger Clause: Swagger is banned
|rule|Baton Pass Clause: Limit one PokÃ©mon knowing Baton Pass
|rule|Sleep Clause Mod: Limit one foe put to sleep
|rule|Species Clause: Limit one of each PokÃ©mon
|rule|OHKO Clause: OHKO moves are banned
|rule|Moody Clause: Moody is banned
|rule|Evasion Moves Clause: Evasion moves are banned
|rule|Endless Battle Clause: Forcing endless battles is banned
|rule|HP Percentage Mod: HP is shown in percentages
|teampreview
|join|CleanerThanRotom-W
|join|lucakp123
|join|subzeromkx
|join|MyLittleDick
|
|start
|switch|p1a: Keldeo-Resolute|Keldeo-Resolute|323\/323
|switch|p2a: Latias|Latias, F|319\/319
|turn|1
|join|Bloodz
|c| lucakp123|casi todos legendaris
|c| Bloodz|si
|
|switch|p2a: Keldeo-Resolute|Keldeo-Resolute|323\/323
|switch|p1a: Tyranitar|Tyranitar, F|403\/403
|-weather|Sandstorm
|
|-weather|Sandstorm|[upkeep]
|-damage|p2a: Keldeo-Resolute|303\/323|[from] sandstorm
|-heal|p2a: Keldeo-Resolute|323\/323|[from] item: Leftovers
|turn|2
|leave|CleanerThanRotom-W
|
|switch|p2a: Heatran|Heatran, F, shiny|385\/385
|switch|p1a: Keldeo-Resolute|Keldeo-Resolute|323\/323
|
|-weather|Sandstorm|[upkeep]
|-damage|p1a: Keldeo-Resolute|303\/323|[from] sandstorm
|turn|3
|join|Alvok
|
|switch|p2a: Latias|Latias, F|319\/319
|move|p1a: Keldeo-Resolute|Scald|p2a: Latias
|-resisted|p2a: Latias
|-damage|p2a: Latias|241\/319
|
|-weather|Sandstorm|[upkeep]
|-damage|p2a: Latias|222\/319|[from] sandstorm
|-damage|p1a: Keldeo-Resolute|283\/323|[from] sandstorm
|turn|4
|join|Apathos
|join|etaoi
|
|switch|p2a: Sylveon|Sylveon, F, shiny|345\/345
|switch|p1a: Excadrill|Excadrill, F|361\/361
|
|-weather|Sandstorm|[upkeep]
|-damage|p2a: Sylveon|324\/345|[from] sandstorm
|turn|5
|
|switch|p2a: Landorus-Therian|Landorus-Therian, M|319\/319
|-ability|p2a: Landorus-Therian|Intimidate|[of] p1a: Excadrill
|-unboost|p1a: Excadrill|atk|1
|move|p1a: Excadrill|Iron Head|p2a: Landorus-Therian
|-damage|p2a: Landorus-Therian|213\/319
|
|-weather|none
|turn|6
|
|switch|p1a: Tyranitar|Tyranitar, F|403\/403
|-weather|Sandstorm
|move|p2a: Landorus-Therian|U-turn|p1a: Tyranitar
|-supereffective|p1a: Tyranitar
|-damage|p1a: Tyranitar|279\/403
|
|switch|p2a: Sylveon|Sylveon, F, shiny|324\/345
|
|-weather|Sandstorm|[upkeep]
|-damage|p2a: Sylveon|303\/345|[from] sandstorm
|-heal|p1a: Tyranitar|304\/403|[from] item: Leftovers
|turn|7
|join|JohnxYiu
|join|Moonthief
|
|switch|p1a: Excadrill|Excadrill, F|361\/361
|move|p2a: Sylveon|Hyper Voice|p1a: Excadrill
|-resisted|p1a: Excadrill
|-damage|p1a: Excadrill|166\/361
|
|-weather|Sandstorm|[upkeep]
|-damage|p2a: Sylveon|282\/345|[from] sandstorm
|turn|8
|join|Dragongroudon9
|join|808 & Heartbreak
|join|p3ds
|
|switch|p2a: Landorus-Therian|Landorus-Therian, M|213\/319
|-ability|p2a: Landorus-Therian|Intimidate|[of] p1a: Excadrill
|-unboost|p1a: Excadrill|atk|1
|move|p1a: Excadrill|Iron Head|p2a: Landorus-Therian
|-damage|p2a: Landorus-Therian|96\/319
|
|-weather|Sandstorm|[upkeep]
|turn|9
|
|switch|p2a: Keldeo-Resolute|Keldeo-Resolute|323\/323
|move|p1a: Excadrill|Iron Head|p2a: Keldeo-Resolute
|-resisted|p2a: Keldeo-Resolute
|-damage|p2a: Keldeo-Resolute|264\/323
|
|-weather|Sandstorm|[upkeep]
|-damage|p2a: Keldeo-Resolute|244\/323|[from] sandstorm
|-heal|p2a: Keldeo-Resolute|264\/323|[from] item: Leftovers
|turn|10
|
|switch|p1a: Keldeo-Resolute|Keldeo-Resolute|283\/323
|move|p2a: Keldeo-Resolute|Scald|p1a: Keldeo-Resolute
|-resisted|p1a: Keldeo-Resolute
|-damage|p1a: Keldeo-Resolute|204\/323
|-status|p1a: Keldeo-Resolute|brn
|
|-weather|none
|-heal|p2a: Keldeo-Resolute|284\/323|[from] item: Leftovers
|-damage|p1a: Keldeo-Resolute|164\/323 brn|[from] brn
|turn|11
|leave|lucakp123
|
|move|p1a: Keldeo-Resolute|Secret Sword|p2a: Keldeo-Resolute
|-damage|p2a: Keldeo-Resolute|25\/323
|move|p2a: Keldeo-Resolute|Secret Sword|p1a: Keldeo-Resolute
|-damage|p1a: Keldeo-Resolute|0 fnt
|faint|p1a: Keldeo-Resolute
|
|-heal|p2a: Keldeo-Resolute|45\/323|[from] item: Leftovers
|leave|Moonthief
|
|switch|p1a: Pinsir|Pinsir, F|271\/271
|turn|12
|join|Dream Eater Gengar
|
|detailschange|p1a: Pinsir|Pinsir-Mega, F
|-mega|p1a: Pinsir|Pinsir|Pinsirite
|move|p1a: Pinsir|Quick Attack|p2a: Keldeo-Resolute
|-supereffective|p2a: Keldeo-Resolute
|-damage|p2a: Keldeo-Resolute|0 fnt
|faint|p2a: Keldeo-Resolute
|
|join|Cold Beans
|leave|Cold Beans
|
|switch|p2a: Landorus-Therian|Landorus-Therian, M|96\/319
|-ability|p2a: Landorus-Therian|Intimidate|[of] p1a: Pinsir
|-unboost|p1a: Pinsir|atk|1
|turn|13
|
|switch|p1a: Clefable|Clefable, M|394\/394
|move|p2a: Landorus-Therian|Stone Edge|p1a: Clefable
|-damage|p1a: Clefable|289\/394
|
|-heal|p1a: Clefable|313\/394|[from] item: Leftovers
|turn|14
|
|switch|p2a: Heatran|Heatran, F, shiny|385\/385
|switch|p1a: Excadrill|Excadrill, F|166\/361
|
|turn|15
|
|switch|p1a: Tyranitar|Tyranitar, F|304\/403
|-weather|Sandstorm
|switch|p2a: Landorus-Therian|Landorus-Therian, M|96\/319
|-ability|p2a: Landorus-Therian|Intimidate|[of] p1a: Tyranitar
|-unboost|p1a: Tyranitar|atk|1
|
|-weather|Sandstorm|[upkeep]
|-heal|p1a: Tyranitar|329\/403|[from] item: Leftovers
|turn|16
|
|move|p2a: Landorus-Therian|U-turn|p1a: Tyranitar
|-supereffective|p1a: Tyranitar
|-damage|p1a: Tyranitar|201\/403
|
|switch|p2a: Heatran|Heatran, F, shiny|385\/385
|move|p1a: Tyranitar|Stealth Rock|p2a: Heatran
|-sidestart|p2: Reverb|move: Stealth Rock
|
|-weather|Sandstorm|[upkeep]
|-heal|p1a: Tyranitar|226\/403|[from] item: Leftovers
|turn|17
|
|switch|p1a: Clefable|Clefable, M|313\/394
|move|p2a: Heatran|Stealth Rock|p1a: Clefable
|-sidestart|p1: lolzuk|move: Stealth Rock
|
|-weather|Sandstorm|[upkeep]
|-heal|p1a: Clefable|337\/394|[from] item: Leftovers
|turn|18
|join|Mega Magic Bounce
|
|move|p2a: Heatran|Taunt|p1a: Clefable
|-start|p1a: Clefable|move: Taunt
|move|p1a: Clefable|Moonblast|p2a: Heatran
|-resisted|p2a: Heatran
|-damage|p2a: Heatran|362\/385
|-unboost|p2a: Heatran|spa|1
|
|-weather|Sandstorm|[upkeep]
|-heal|p2a: Heatran|385\/385|[from] item: Leftovers
|-heal|p1a: Clefable|361\/394|[from] item: Leftovers
|turn|19
|
|move|p2a: Heatran|Lava Plume|p1a: Clefable
|-damage|p1a: Clefable|274\/394
|move|p1a: Clefable|Flamethrower|p2a: Heatran
|-start|p2a: Heatran|ability: Flash Fire
|
|-weather|none
|-heal|p1a: Clefable|298\/394|[from] item: Leftovers
|turn|20
|leave|808 & Heartbreak
|join|ChillShadow
|
|switch|p1a: Tyranitar|Tyranitar, F|226\/403
|-damage|p1a: Tyranitar|176\/403|[from] Stealth Rock
|-weather|Sandstorm
|move|p2a: Heatran|Lava Plume|p1a: Tyranitar
|-resisted|p1a: Tyranitar
|-damage|p1a: Tyranitar|140\/403
|
|-weather|Sandstorm|[upkeep]
|-heal|p1a: Tyranitar|165\/403|[from] item: Leftovers
|turn|21
|
|move|p2a: Heatran|Toxic|p1a: Tyranitar
|-status|p1a: Tyranitar|tox
|move|p1a: Tyranitar|Thunder Wave|p2a: Heatran
|-status|p2a: Heatran|par
|
|-weather|Sandstorm|[upkeep]
|-heal|p1a: Tyranitar|190\/403 tox|[from] item: Leftovers
|-damage|p1a: Tyranitar|165\/403 tox|[from] psn
|turn|22
|leave|ChillShadow
|
|move|p1a: Tyranitar|Crunch|p2a: Heatran
|-damage|p2a: Heatran|271\/385 par
|-unboost|p2a: Heatran|def|1
|move|p2a: Heatran|Lava Plume|p1a: Tyranitar
|-resisted|p1a: Tyranitar
|-damage|p1a: Tyranitar|124\/403 tox
|
|-weather|Sandstorm|[upkeep]
|-heal|p1a: Tyranitar|149\/403 tox|[from] item: Leftovers
|-heal|p2a: Heatran|295\/385 par|[from] item: Leftovers
|-damage|p1a: Tyranitar|99\/403 tox|[from] psn
|turn|23
|
|switch|p1a: Clefable|Clefable, M|298\/394
|move|p2a: Heatran|Lava Plume|p1a: Clefable
|-damage|p1a: Clefable|166\/394
|-status|p1a: Clefable|brn
|
|-weather|Sandstorm|[upkeep]
|-heal|p1a: Clefable|190\/394 brn|[from] item: Leftovers
|-heal|p2a: Heatran|319\/385 par|[from] item: Leftovers
|turn|24
|
|switch|p2a: Latias|Latias, F|222\/319
|-damage|p2a: Latias|183\/319|[from] Stealth Rock
|move|p1a: Clefable|Soft-Boiled|p1a: Clefable
|-heal|p1a: Clefable|387\/394 brn
|
|-weather|none
|-heal|p1a: Clefable|394\/394 brn|[from] item: Leftovers
|turn|25
|
|move|p2a: Latias|Healing Wish|p2a: Latias
|faint|p2a: Latias
|move|p1a: Clefable|Moonblast|p2: Latias|[notarget]
|-notarget
|
|
|switch|p2a: Landorus-Therian|Landorus-Therian, M|96\/319
|-heal|p2a: Landorus-Therian|319\/319|[from] move: Healing Wish
|-damage|p2a: Landorus-Therian|280\/319|[from] Stealth Rock
|-ability|p2a: Landorus-Therian|Intimidate|[of] p1a: Clefable
|-unboost|p1a: Clefable|atk|1
|turn|26
|
|move|p2a: Landorus-Therian|U-turn|p1a: Clefable
|-resisted|p1a: Clefable
|-damage|p1a: Clefable|352\/394 brn
|join|Cienight
|leave|Apathos
|
|switch|p2a: Sylveon|Sylveon, F, shiny|282\/345
|-damage|p2a: Sylveon|239\/345|[from] Stealth Rock
|move|p1a: Clefable|Moonblast|p2a: Sylveon
|-damage|p2a: Sylveon|158\/345
|
|-heal|p1a: Clefable|376\/394 brn|[from] item: Leftovers
|turn|27
|join|Apathos
|join|hashtag fabulous
|join|Prankster
|
|switch|p2a: Metagross|Metagross|301\/301
|-damage|p2a: Metagross|283\/301|[from] Stealth Rock
|move|p1a: Clefable|Calm Mind|p1a: Clefable
|-boost|p1a: Clefable|spa|1
|-boost|p1a: Clefable|spd|1
|
|-heal|p1a: Clefable|394\/394 brn|[from] item: Leftovers
|turn|28
|
|detailschange|p2a: Metagross|Metagross-Mega
|-mega|p2a: Metagross|Metagross|Metagrossite
|move|p2a: Metagross|Meteor Mash|p1a: Clefable
|-supereffective|p1a: Clefable
|-damage|p1a: Clefable|0 fnt
|faint|p1a: Clefable
|
|join|NagariNewMeta
|
|switch|p1a: Tyranitar|Tyranitar, F|99\/403 tox
|-damage|p1a: Tyranitar|49\/403 tox|[from] Stealth Rock
|-weather|Sandstorm
|turn|29
|
|move|p2a: Metagross|Grass Knot|p1a: Tyranitar
|-supereffective|p1a: Tyranitar
|-damage|p1a: Tyranitar|0 fnt
|faint|p1a: Tyranitar
|
|-weather|Sandstorm|[upkeep]
|
|switch|p1a: Excadrill|Excadrill, F|166\/361
|-damage|p1a: Excadrill|155\/361|[from] Stealth Rock
|turn|30
|
|switch|p2a: Landorus-Therian|Landorus-Therian, M|280\/319
|-damage|p2a: Landorus-Therian|241\/319|[from] Stealth Rock
|-ability|p2a: Landorus-Therian|Intimidate|[of] p1a: Excadrill
|-unboost|p1a: Excadrill|atk|1
|move|p1a: Excadrill|Earthquake|p2a: Landorus-Therian
|-immune|p2a: Landorus-Therian|[msg]
|
|-weather|Sandstorm|[upkeep]
|turn|31
|join|PoweredByRevenge
|join|starmaster
|
|move|p1a: Excadrill|Rapid Spin|p2a: Landorus-Therian
|-crit|p2a: Landorus-Therian
|-damage|p2a: Landorus-Therian|201\/319
|-sideend|p1: lolzuk|Stealth Rock|[from] move: Rapid Spin|[of] p1a: Excadrill
|move|p2a: Landorus-Therian|U-turn|p1a: Excadrill
|-resisted|p1a: Excadrill
|-damage|p1a: Excadrill|83\/361
|join|kloshitt
|join|Thunder631
|
|switch|p2a: Sylveon|Sylveon, F, shiny|158\/345
|-damage|p2a: Sylveon|115\/345|[from] Stealth Rock
|
|-weather|Sandstorm|[upkeep]
|-damage|p2a: Sylveon|94\/345|[from] sandstorm
|turn|32
|join|ytreza
|
|switch|p2a: Landorus-Therian|Landorus-Therian, M|201\/319
|-damage|p2a: Landorus-Therian|162\/319|[from] Stealth Rock
|-ability|p2a: Landorus-Therian|Intimidate|[of] p1a: Excadrill
|-unboost|p1a: Excadrill|atk|1
|move|p1a: Excadrill|Iron Head|p2a: Landorus-Therian
|-damage|p2a: Landorus-Therian|68\/319
|
|-weather|Sandstorm|[upkeep]
|turn|33
|join|fgjkltzfuk
|
|switch|p2a: Sylveon|Sylveon, F, shiny|94\/345
|-damage|p2a: Sylveon|51\/345|[from] Stealth Rock
|move|p1a: Excadrill|Iron Head|p2a: Sylveon
|-supereffective|p2a: Sylveon
|-damage|p2a: Sylveon|0 fnt
|faint|p2a: Sylveon
|
|-weather|none
|
|switch|p2a: Metagross|Metagross-Mega|283\/301
|-damage|p2a: Metagross|265\/301|[from] Stealth Rock
|turn|34
|
|move|p2a: Metagross|Grass Knot|p1a: Excadrill
|-damage|p1a: Excadrill|0 fnt
|faint|p1a: Excadrill
|
|
|switch|p1a: Breloom|Breloom, M|261\/261
|turn|35
|
|switch|p2a: Heatran|Heatran, F, shiny|319\/385 par
|-damage|p2a: Heatran|271\/385 par|[from] Stealth Rock
|move|p1a: Breloom|Spore|p2a: Heatran
|-fail|p2a: Heatran
|
|-heal|p2a: Heatran|295\/385 par|[from] item: Leftovers
|turn|36
|c| Bloodz|Reverb, might as well turn on auto DQ in the OU room
|leave|Thunder631
|c|âReverb|idr how
|c| Bloodz|hmm
|join|Fairy Peak
|
|move|p1a: Breloom|Swords Dance|p1a: Breloom
|-boost|p1a: Breloom|atk|2
|move|p2a: Heatran|Lava Plume|p1a: Breloom
|-supereffective|p1a: Breloom
|-enditem|p1a: Breloom|Focus Sash
|-damage|p1a: Breloom|1\/261
|-status|p1a: Breloom|brn
|
|-heal|p2a: Heatran|319\/385 par|[from] item: Leftovers
|-damage|p1a: Breloom|0 fnt|[from] brn
|faint|p1a: Breloom
|c|âlolzuk|:(
|leave|Fairy Peak
|c| Mega Magic Bounce|dat burn
|c| PoweredByRevenge|\/\/tour help reverb
|
|switch|p1a: Pinsir|Pinsir-Mega, F|271\/271
|turn|37
|
|move|p1a: Pinsir|Swords Dance|p1a: Pinsir
|-boost|p1a: Pinsir|atk|2
|move|p2a: Heatran|Lava Plume|p1a: Pinsir
|-supereffective|p1a: Pinsir
|-damage|p1a: Pinsir|0 fnt
|faint|p1a: Pinsir
|
|win|Reverb
|raw|Ladder updating...
|c|âlolzuk|gg
|raw|lolzuk's rating: 1613 &rarr; <strong>1594<\/strong><br \/>(-19 for losing)
|raw|Reverb's rating: 1634 &rarr; <strong>1653<\/strong><br \/>(+19 for winning)
|c|âReverb|gg
|leave|fgjkltzfuk
|leave|Reverb
|leave|Bloodz
|player|p2
|leave|PoweredByRevenge
|leave|Mega Magic Bounce
|leave|Dragongroudon9
|leave|Dream Eater Gengar
|leave|Cienight
|leave|NagariNewMeta
|join|bluri
|leave|bluri
|leave|JohnxYiu
|leave|Alvok
|join|Alvok
|leave|Alvok
|leave|MyLittleDick
|leave|ytreza
|join|Alvok
|leave|Alvok
|leave|hashtag fabulous
|join|Dream Eater Gengar
|leave|Dream Eater Gengar
|leave|kloshitt
|leave|Apathos
|leave|scp-004
|join|Quasarwiss