|join|SuperJeenius
|join|lolzuk
|player|p1|SuperJeenius|153
|player|p2|lolzuk|209
|gametype|singles
|gen|6
|tier|OU (suspect test)
|rated
|clearpoke
|poke|p1|Sawsbuck, F
|poke|p1|Snorlax, F
|poke|p1|Sableye, F
|poke|p1|Raichu, F
|poke|p1|Kingler, F
|poke|p1|Charmander, F
|poke|p2|Slowbro, M
|poke|p2|Chansey, F
|poke|p2|Ferrothorn, M
|poke|p2|Altaria, F
|poke|p2|Kingdra, F
|poke|p2|Mandibuzz, F
|rule|Swagger Clause: Swagger is banned
|rule|Baton Pass Clause: Limit one PokÃ©mon knowing Baton Pass
|rule|Sleep Clause Mod: Limit one foe put to sleep
|rule|Species Clause: Limit one of each PokÃ©mon
|rule|OHKO Clause: OHKO moves are banned
|rule|Moody Clause: Moody is banned
|rule|Evasion Moves Clause: Evasion moves are banned
|rule|Endless Battle Clause: Forcing endless battles is banned
|rule|HP Percentage Mod: HP is shown in percentages
|teampreview
|c|âlolzuk|gl
|
|start
|switch|p1a: Sableye|Sableye, F|303\/303
|switch|p2a: Kingdra|Kingdra, F|291\/291
|turn|1
|c|âSuperJeenius|u2
|
|detailschange|p1a: Sableye|Sableye-Mega, F
|-mega|p1a: Sableye|Sableye|Sablenite
|move|p2a: Kingdra|Focus Energy|p2a: Kingdra
|-start|p2a: Kingdra|move: Focus Energy
|move|p1a: Sableye|Power-Up Punch|p2a: Kingdra
|-damage|p2a: Kingdra|250\/291
|-boost|p1a: Sableye|atk|1
|
|turn|2
|
|move|p2a: Kingdra|Draco Meteor|p1a: Sableye
|-crit|p1a: Sableye
|-damage|p1a: Sableye|0 fnt
|-unboost|p2a: Kingdra|spa|2
|faint|p1a: Sableye
|
|
|switch|p1a: Raichu|Raichu, F|323\/323
|turn|3
|
|move|p1a: Raichu|Lucky Chant|p1a: Raichu
|-sidestart|p1: SuperJeenius|move: Lucky Chant
|move|p2a: Kingdra|Draco Meteor|p1a: Raichu
|-damage|p1a: Raichu|206\/323
|-unboost|p2a: Kingdra|spa|2
|
|turn|4
|c|âSuperJeenius|outplayed
|join|Akkie
|c|âlolzuk|wow
|c|âlolzuk|lol
|
|switch|p2a: Chansey|Chansey, F|704\/704
|move|p1a: Raichu|Nuzzle|p2a: Chansey
|-damage|p2a: Chansey|677\/704
|-status|p2a: Chansey|par
|
|turn|5
|
|move|p1a: Raichu|Reversal|p2a: Chansey
|-supereffective|p2a: Chansey
|-damage|p2a: Chansey|595\/704 par
|move|p2a: Chansey|Toxic|p1a: Raichu
|-status|p1a: Raichu|tox
|
|-damage|p1a: Raichu|186\/323 tox|[from] psn
|turn|6
|c|âSuperJeenius|omg aids
|
|switch|p1a: Snorlax|Snorlax, F|523\/523
|move|p2a: Chansey|Stealth Rock|p1a: Snorlax
|-sidestart|p1: SuperJeenius|move: Stealth Rock
|
|turn|7
|
|switch|p2a: Ferrothorn|Ferrothorn, M|351\/351
|move|p1a: Snorlax|Lick|p2a: Ferrothorn
|-damage|p2a: Ferrothorn|327\/351
|-damage|p1a: Snorlax|458\/523|[from] ability: Iron Barbs|[of] p2a: Ferrothorn
|
|-heal|p2a: Ferrothorn|348\/351|[from] item: Leftovers
|-sideend|p1: SuperJeenius|move: Lucky Chant
|turn|8
|c| Akkie|LICK THE SPIKY
|c|âlolzuk|yum
|c| Akkie|PUT DAT TONGUE TO WORK
|
|move|p1a: Snorlax|Curse|p1a: Snorlax
|-boost|p1a: Snorlax|atk|1
|-boost|p1a: Snorlax|def|1
|-unboost|p1a: Snorlax|spe|1
|move|p2a: Ferrothorn|Leech Seed|p1a: Snorlax
|-start|p1a: Snorlax|move: Leech Seed
|
|-heal|p2a: Ferrothorn|351\/351|[from] item: Leftovers
|-damage|p1a: Snorlax|393\/523|[from] Leech Seed|[of] p2a: Ferrothorn
|turn|9
|c|âSuperJeenius|preparing myself for a gyro ball
|leave|Akkie
|c|âlolzuk|what ability is your snorlax?
|c|âSuperJeenius|It's a secret
|c|âlolzuk|...
|c|âlolzuk|ok
|
|switch|p2a: Slowbro|Slowbro, M|394\/394
|move|p1a: Snorlax|Lick|p2a: Slowbro
|-supereffective|p2a: Slowbro
|-damage|p2a: Slowbro|320\/394
|-status|p2a: Slowbro|par
|
|-heal|p2a: Slowbro|344\/394 par|[from] item: Leftovers
|-damage|p1a: Snorlax|328\/523|[from] Leech Seed|[of] p2a: Slowbro
|-heal|p2a: Slowbro|394\/394 par|[silent]
|turn|10
|c|âSuperJeenius|!data snorlax
|c|~|\/data-pokemon Snorlax

|c|âSuperJeenius|there's a hint
|
|move|p1a: Snorlax|Curse|p1a: Snorlax
|-boost|p1a: Snorlax|atk|1
|-boost|p1a: Snorlax|def|1
|-unboost|p1a: Snorlax|spe|1
|move|p2a: Slowbro|Calm Mind|p2a: Slowbro
|-boost|p2a: Slowbro|spa|1
|-boost|p2a: Slowbro|spd|1
|
|-damage|p1a: Snorlax|263\/523|[from] Leech Seed|[of] p2a: Slowbro
|turn|11
|c|âlolzuk|so much lag :(
|
|move|p1a: Snorlax|Curse|p1a: Snorlax
|-boost|p1a: Snorlax|atk|1
|-boost|p1a: Snorlax|def|1
|-unboost|p1a: Snorlax|spe|1
|move|p2a: Slowbro|Scald|p1a: Snorlax
|-damage|p1a: Snorlax|130\/523
|-enditem|p1a: Snorlax|Sitrus Berry|[eat]
|-heal|p1a: Snorlax|260\/523|[from] item: Sitrus Berry
|
|-damage|p1a: Snorlax|195\/523|[from] Leech Seed|[of] p2a: Slowbro
|turn|12
|
|move|p1a: Snorlax|Recycle|p1a: Snorlax
|-item|p1a: Snorlax|Sitrus Berry|[from] move: Recycle
|-enditem|p1a: Snorlax|Sitrus Berry|[eat]
|-heal|p1a: Snorlax|325\/523|[from] item: Sitrus Berry
|cant|p2a: Slowbro|par
|
|-damage|p1a: Snorlax|260\/523|[from] Leech Seed|[of] p2a: Slowbro
|turn|13
|c|âSuperJeenius|ok ready to rek
|
|move|p1a: Snorlax|Last Resort|p2a: Slowbro
|-damage|p2a: Slowbro|0 fnt
|faint|p2a: Slowbro
|
|-message|lolzuk lost due to inactivity.
|c|âlolzuk|wtf?
|
|switch|p2a: Mandibuzz|Mandibuzz, F|424\/424
|turn|14
|
|win|SuperJeenius
|raw|Ladder updating...
|raw|SuperJeenius's rating: 1011 &rarr; <strong>1048<\/strong><br \/>(+37 for winning)
|raw|lolzuk's rating: 1000 &rarr; <strong>1000<\/strong><br \/>(+0 for losing)