|join|obliviatee
|join|Tom Bus
|player|p1|obliviatee|39
|player|p2|Tom Bus|142
|gametype|singles
|gen|6
|tier|OU
|rated
|clearpoke
|poke|p1|Chesnaught, F
|poke|p1|Metagross
|poke|p1|Rotom-Wash
|poke|p1|Landorus-Therian, M
|poke|p1|Clefable, F
|poke|p1|Latias, F
|poke|p2|Tyranitar, M
|poke|p2|Slowbro, F
|poke|p2|Ferrothorn, F
|poke|p2|Gliscor, M
|poke|p2|Keldeo
|poke|p2|Jirachi
|rule|Swagger Clause: Swagger is banned
|rule|Baton Pass Clause: Limit one PokÃ©mon knowing Baton Pass
|rule|Sleep Clause Mod: Limit one foe put to sleep
|rule|Species Clause: Limit one of each PokÃ©mon
|rule|OHKO Clause: OHKO moves are banned
|rule|Moody Clause: Moody is banned
|rule|Evasion Moves Clause: Evasion moves are banned
|rule|Endless Battle Clause: Forcing endless battles is banned
|rule|HP Percentage Mod: HP is shown in percentages
|teampreview
|
|start
|switch|p1a: Landorus-Therian|Landorus-Therian, M|319\/319
|switch|p2a: Other slow one|Ferrothorn, F|352\/352
|-ability|p1a: Landorus-Therian|Intimidate|[of] p2a: Other slow one
|-unboost|p2a: Other slow one|atk|1
|turn|1
|
|move|p1a: Landorus-Therian|U-turn|p2a: Other slow one
|-damage|p2a: Other slow one|294\/352
|-damage|p1a: Landorus-Therian|280\/319|[from] ability: Iron Barbs|[of] p2a: Other slow one
|
|switch|p1a: Chesnaught|Chesnaught, F|320\/320
|move|p2a: Other slow one|Stealth Rock|p1a: Chesnaught
|-sidestart|p1: obliviatee|move: Stealth Rock
|
|turn|2
|
|switch|p2a: Glichze|Gliscor, M|352\/352
|move|p1a: Chesnaught|Substitute|p1a: Chesnaught
|-start|p1a: Chesnaught|Substitute
|-damage|p1a: Chesnaught|240\/320
|
|-status|p2a: Glichze|tox|[from] item: Toxic Orb
|turn|3
|
|move|p1a: Chesnaught|Belly Drum|p1a: Chesnaught
|-damage|p1a: Chesnaught|80\/320
|-setboost|p1a: Chesnaught|atk|6|[from] move: Belly Drum
|-enditem|p1a: Chesnaught|Salac Berry|[eat]
|-boost|p1a: Chesnaught|spe|1|[from] item: Salac Berry
|move|p2a: Glichze|Taunt|p1a: Chesnaught
|-start|p1a: Chesnaught|move: Taunt
|
|turn|4
|
|move|p1a: Chesnaught|Seed Bomb|p2a: Glichze
|-damage|p2a: Glichze|0 fnt
|faint|p2a: Glichze
|
|
|switch|p2a: Koala|Jirachi|404\/404
|turn|5
|
|move|p1a: Chesnaught|Drain Punch|p2a: Koala
|-crit|p2a: Koala
|-damage|p2a: Koala|0 fnt
|-heal|p1a: Chesnaught|282\/320|[from] drain|[of] p2a: Koala
|faint|p2a: Koala
|
|-message|Tom Bus forfeited.
|
|win|obliviatee
|raw|Ladder updating...
|leave|Tom Bus
|player|p2
|raw|obliviatee's rating: 1518 &rarr; <strong>1544<\/strong><br \/>(+26 for winning)
|raw|Tom Bus's rating: 1625 &rarr; <strong>1599<\/strong><br \/>(-26 for losing)