|join|WECAMEASROMANS
|join|Tom Bus
|player|p1|WECAMEASROMANS|265
|player|p2|Tom Bus|142
|gametype|singles
|gen|6
|tier|OU
|clearpoke
|poke|p1|Thundurus, M
|poke|p1|Tyranitar, F
|poke|p1|Crawdaunt, F
|poke|p1|Hippowdon, M
|poke|p1|Scizor, F
|poke|p1|Tangrowth, F
|poke|p2|Gliscor, F
|poke|p2|Venusaur, M
|poke|p2|Hippowdon, M
|poke|p2|Clefable, M
|poke|p2|Tentacruel, F
|poke|p2|Rotom-Wash
|rule|Swagger Clause: Swagger is banned
|rule|Baton Pass Clause: Limit one PokÃ©mon knowing Baton Pass
|rule|Sleep Clause Mod: Limit one foe put to sleep
|rule|Species Clause: Limit one of each PokÃ©mon
|rule|OHKO Clause: OHKO moves are banned
|rule|Moody Clause: Moody is banned
|rule|Evasion Moves Clause: Evasion moves are banned
|rule|Endless Battle Clause: Forcing endless battles is banned
|rule|HP Percentage Mod: HP is shown in percentages
|teampreview
|c|âTom Bus|Good luck :]
|c|âWECAMEASROMANS|you too
|join|DoughBoy
|
|start
|switch|p1a: Tyranitar|Tyranitar, F|386\/386
|switch|p2a: Petallic taste|Venusaur, M|359\/359
|-weather|Sandstorm
|turn|1
|join|Piexplode
|c| Piexplode|https:\/\/33.media.tumblr.com\/d1ce5250aa313512e5f70f783e6894a7\/tumblr_menahoNfgu1rmugu7o1_400.gif for WCAR
|
|detailschange|p2a: Petallic taste|Venusaur-Mega, M
|-mega|p2a: Petallic taste|Venusaur|Venusaurite
|move|p2a: Petallic taste|Giga Drain|p1a: Tyranitar
|-supereffective|p1a: Tyranitar
|-damage|p1a: Tyranitar|216\/386
|move|p1a: Tyranitar|Stone Edge|p2a: Petallic taste|[miss]
|-miss|p1a: Tyranitar|p2a: Petallic taste
|
|-weather|Sandstorm|[upkeep]
|-damage|p2a: Petallic taste|337\/359|[from] sandstorm
|turn|2
|c| DoughBoy|that's so obviously a guy from the back lol
|
|move|p2a: Petallic taste|Giga Drain|p1a: Tyranitar
|-supereffective|p1a: Tyranitar
|-damage|p1a: Tyranitar|34\/386
|-heal|p2a: Petallic taste|359\/359|[from] drain|[of] p1a: Tyranitar
|move|p1a: Tyranitar|Stone Edge|p2a: Petallic taste
|-damage|p2a: Petallic taste|103\/359
|
|-weather|Sandstorm|[upkeep]
|-damage|p2a: Petallic taste|81\/359|[from] sandstorm
|turn|3
|
|move|p2a: Petallic taste|Giga Drain|p1a: Tyranitar
|-supereffective|p1a: Tyranitar
|-damage|p1a: Tyranitar|0 fnt
|-heal|p2a: Petallic taste|98\/359|[from] drain|[of] p1a: Tyranitar
|faint|p1a: Tyranitar
|
|-weather|Sandstorm|[upkeep]
|-damage|p2a: Petallic taste|76\/359|[from] sandstorm
|
|switch|p1a: Crawdaunt|Crawdaunt, F|267\/267
|turn|4
|join|Arcanine is Regal
|join|fsddfsdfsdfsdf
|
|switch|p2a: Tentukles|Tentacruel, F|364\/364
|move|p1a: Crawdaunt|Knock Off|p2a: Tentukles
|-damage|p2a: Tentukles|0 fnt
|-enditem|p2a: Tentukles|Black Sludge|[from] move: Knock Off|[of] p1a: Crawdaunt
|-damage|p1a: Crawdaunt|241\/267|[from] item: Life Orb
|faint|p2a: Tentukles
|
|-weather|Sandstorm|[upkeep]
|-damage|p1a: Crawdaunt|225\/267|[from] sandstorm
|c| DoughBoy|the power
|c|âTom Bus|didn't need that piece of shit anyway
|
|switch|p2a: Wus|Rotom-Wash|304\/304
|turn|5
|c|âTom Bus|:]
|
|move|p1a: Crawdaunt|Knock Off|p2a: Wus
|-damage|p2a: Wus|119\/304
|-enditem|p2a: Wus|Leftovers|[from] move: Knock Off|[of] p1a: Crawdaunt
|-damage|p1a: Crawdaunt|199\/267|[from] item: Life Orb
|move|p2a: Wus|Volt Switch|p1a: Crawdaunt
|-supereffective|p1a: Crawdaunt
|-damage|p1a: Crawdaunt|0 fnt
|faint|p1a: Crawdaunt
|
|switch|p2a: Grippah|Gliscor, F|352\/352
|
|-weather|none
|-status|p2a: Grippah|tox|[from] item: Toxic Orb
|
|switch|p1a: Thundurus|Thundurus, M|304\/304
|turn|6
|
|move|p1a: Thundurus|Nasty Plot|p1a: Thundurus
|-boost|p1a: Thundurus|spa|2
|move|p2a: Grippah|Knock Off|p1a: Thundurus
|-damage|p1a: Thundurus|208\/304
|-enditem|p1a: Thundurus|Leftovers|[from] move: Knock Off|[of] p2a: Grippah
|
|turn|7
|
|switch|p2a: Hippopotamut|Hippowdon, M|420\/420
|-weather|Sandstorm
|move|p1a: Thundurus|Hidden Power|p2a: Hippopotamut
|-damage|p2a: Hippopotamut|171\/420
|
|-weather|Sandstorm|[upkeep]
|-damage|p1a: Thundurus|189\/304|[from] sandstorm
|-heal|p2a: Hippopotamut|197\/420|[from] item: Leftovers
|turn|8
|
|move|p1a: Thundurus|Hidden Power|p2a: Hippopotamut
|-damage|p2a: Hippopotamut|0 fnt
|faint|p2a: Hippopotamut
|
|-weather|Sandstorm|[upkeep]
|-damage|p1a: Thundurus|170\/304|[from] sandstorm
|
|switch|p2a: Cluf|Clefable, M|394\/394
|turn|9
|
|move|p1a: Thundurus|Thunderbolt|p2a: Cluf
|-crit|p2a: Cluf
|-damage|p2a: Cluf|0 fnt
|faint|p2a: Cluf
|
|-weather|Sandstorm|[upkeep]
|-damage|p1a: Thundurus|151\/304|[from] sandstorm
|c|âTom Bus|gg
|c|âWECAMEASROMANS|that sucks
|-message|Tom Bus forfeited.
|c|âWECAMEASROMANS|sorry
|c|âWECAMEASROMANS|gg
|c|âTom Bus|it's cool
|
|win|WECAMEASROMANS
|c|âTom Bus|well played
|c|âWECAMEASROMANS|ty
|leave|WECAMEASROMANS
|player|p1
|leave|Piexplode