|join|Tom Bus
|join|Virdelet
|player|p1|Tom Bus|142
|player|p2|Virdelet|256
|gametype|singles
|gen|6
|tier|OU (suspect test)
|rated
|clearpoke
|poke|p1|Scizor, M
|poke|p1|Dragonite, M
|poke|p1|Clefable, F
|poke|p1|Azumarill, M
|poke|p1|Bisharp, M
|poke|p1|Hawlucha, F
|poke|p2|Arcanine, F
|poke|p2|Crobat, M
|poke|p2|Jolteon, F
|poke|p2|Charizard, M
|poke|p2|Empoleon, F
|poke|p2|Garchomp, M
|rule|Swagger Clause: Swagger is banned
|rule|Baton Pass Clause: Limit one PokÃ©mon knowing Baton Pass
|rule|Sleep Clause Mod: Limit one foe put to sleep
|rule|Species Clause: Limit one of each PokÃ©mon
|rule|OHKO Clause: OHKO moves are banned
|rule|Moody Clause: Moody is banned
|rule|Evasion Moves Clause: Evasion moves are banned
|rule|Endless Battle Clause: Forcing endless battles is banned
|rule|HP Percentage Mod: HP is shown in percentages
|teampreview
|
|start
|switch|p1a: Cluflbusl|Clefable, F|394\/394
|switch|p2a: Crobat|Crobat, M|311\/311
|turn|1
|
|move|p2a: Crobat|Brave Bird|p1a: Cluflbusl
|-damage|p1a: Cluflbusl|193\/394
|-damage|p2a: Crobat|245\/311|[from] recoil|[of] p1a: Cluflbusl
|move|p1a: Cluflbusl|Stealth Rock|p2a: Crobat
|-sidestart|p2: Virdelet|move: Stealth Rock
|
|-heal|p1a: Cluflbusl|217\/394|[from] item: Leftovers
|turn|2
|
|move|p2a: Crobat|Brave Bird|p1a: Cluflbusl
|-damage|p1a: Cluflbusl|7\/394
|-damage|p2a: Crobat|176\/311|[from] recoil|[of] p1a: Cluflbusl
|move|p1a: Cluflbusl|Thunder Wave|p2a: Crobat
|-status|p2a: Crobat|par
|
|-heal|p1a: Cluflbusl|31\/394|[from] item: Leftovers
|turn|3
|
|move|p1a: Cluflbusl|Soft-Boiled|p1a: Cluflbusl
|-heal|p1a: Cluflbusl|228\/394
|move|p2a: Crobat|Brave Bird|p1a: Cluflbusl
|-damage|p1a: Cluflbusl|0 fnt
|-damage|p2a: Crobat|101\/311 par|[from] recoil|[of] p1a: Cluflbusl
|faint|p1a: Cluflbusl
|
|
|switch|p1a: He adore|Hawlucha, F|304\/304
|turn|4
|
|move|p1a: He adore|Substitute|p1a: He adore
|-start|p1a: He adore|Substitute
|-damage|p1a: He adore|228\/304
|move|p2a: Crobat|Brave Bird|p1a: He adore
|-supereffective|p1a: He adore
|-damage|p1a: He adore|0 fnt
|-damage|p2a: Crobat|26\/311 par|[from] recoil|[of] p1a: He adore
|faint|p1a: He adore
|
|
|switch|p1a: Rbt|Azumarill, M|400\/400
|turn|5
|
|move|p1a: Rbt|Belly Drum|p1a: Rbt
|-damage|p1a: Rbt|200\/400
|-setboost|p1a: Rbt|atk|6|[from] move: Belly Drum
|-enditem|p1a: Rbt|Sitrus Berry|[eat]
|-heal|p1a: Rbt|300\/400|[from] item: Sitrus Berry
|move|p2a: Crobat|Brave Bird|p1a: Rbt
|-damage|p1a: Rbt|0 fnt
|-damage|p2a: Crobat|0 fnt|[from] recoil|[of] p1a: Rbt
|faint|p1a: Rbt
|faint|p2a: Crobat
|
|
|switch|p1a: Dragonichze|Dragonite, M|323\/323
|switch|p2a: Paarthurnax|Garchomp, M|420\/420
|-damage|p2a: Paarthurnax|394\/420|[from] Stealth Rock
|turn|6
|
|switch|p1a: Sizzler|Scizor, M|281\/281
|move|p2a: Paarthurnax|Outrage|p1a: Sizzler
|-resisted|p1a: Sizzler
|-damage|p1a: Sizzler|195\/281
|
|turn|7
|
|detailschange|p1a: Sizzler|Scizor-Mega, M
|-mega|p1a: Sizzler|Scizor|Scizorite
|move|p1a: Sizzler|Swords Dance|p1a: Sizzler
|-boost|p1a: Sizzler|atk|2
|move|p2a: Paarthurnax|Outrage|p1a: Sizzler
|-resisted|p1a: Sizzler
|-damage|p1a: Sizzler|123\/281
|
|turn|8
|
|move|p1a: Sizzler|Swords Dance|p1a: Sizzler
|-boost|p1a: Sizzler|atk|2
|move|p2a: Paarthurnax|Outrage|p1a: Sizzler
|-resisted|p1a: Sizzler
|-damage|p1a: Sizzler|63\/281
|
|-end|p2a: Paarthurnax|rampage
|-start|p2a: Paarthurnax|confusion
|turn|9
|
|switch|p2a: Empoleon|Empoleon, F|371\/371
|-damage|p2a: Empoleon|348\/371|[from] Stealth Rock
|move|p1a: Sizzler|Bug Bite|p2a: Empoleon
|-resisted|p2a: Empoleon
|-damage|p2a: Empoleon|126\/371
|
|-heal|p2a: Empoleon|149\/371|[from] item: Leftovers
|turn|10
|
|move|p1a: Sizzler|Bug Bite|p2a: Empoleon
|-resisted|p2a: Empoleon
|-damage|p2a: Empoleon|0 fnt
|faint|p2a: Empoleon
|
|
|switch|p2a: Arcanine|Arcanine, F|383\/383
|-damage|p2a: Arcanine|288\/383|[from] Stealth Rock
|-ability|p2a: Arcanine|Intimidate|[of] p1a: Sizzler
|-unboost|p1a: Sizzler|atk|1
|turn|11
|
|move|p1a: Sizzler|Superpower|p2a: Arcanine
|-damage|p2a: Arcanine|0 fnt
|-unboost|p1a: Sizzler|atk|1
|-unboost|p1a: Sizzler|def|1
|faint|p2a: Arcanine
|
|
|switch|p2a: Paarthurnax|Garchomp, M|394\/420
|-damage|p2a: Paarthurnax|368\/420|[from] Stealth Rock
|turn|12
|
|move|p1a: Sizzler|Bug Bite|p2a: Paarthurnax
|-damage|p2a: Paarthurnax|116\/420
|-damage|p1a: Sizzler|28\/281|[from] ability: Rough Skin|[of] p2a: Paarthurnax
|-damage|p1a: Sizzler|0 fnt|[from] item: Rocky Helmet|[of] p2a: Paarthurnax
|faint|p1a: Sizzler
|move|p2a: Paarthurnax|Rest|p2a: Paarthurnax
|-status|p2a: Paarthurnax|slp
|-heal|p2a: Paarthurnax|420\/420 slp|[silent]
|-status|p2a: Paarthurnax|slp|[from] move: Rest
|
|
|switch|p1a: Buses|Bisharp, M|271\/271
|turn|13
|
|cant|p2a: Paarthurnax|slp
|move|p2a: Paarthurnax|Sleep Talk|p2a: Paarthurnax
|move|p2a: Paarthurnax|Outrage|p1a: Buses|[from]Sleep Talk
|-resisted|p1a: Buses
|-damage|p1a: Buses|178\/271
|move|p1a: Buses|Swords Dance|p1a: Buses
|-boost|p1a: Buses|atk|2
|
|turn|14
|
|cant|p2a: Paarthurnax|slp
|move|p2a: Paarthurnax|Sleep Talk|p2a: Paarthurnax
|move|p2a: Paarthurnax|Outrage|p1a: Buses|[from]Sleep Talk
|-resisted|p1a: Buses
|-damage|p1a: Buses|88\/271
|move|p1a: Buses|Knock Off|p2a: Paarthurnax
|-damage|p2a: Paarthurnax|92\/420 slp
|-damage|p1a: Buses|55\/271|[from] ability: Rough Skin|[of] p2a: Paarthurnax
|-damage|p1a: Buses|10\/271|[from] item: Rocky Helmet|[of] p2a: Paarthurnax
|-enditem|p2a: Paarthurnax|Rocky Helmet|[from] move: Knock Off|[of] p1a: Buses
|-damage|p1a: Buses|0 fnt|[from] item: Life Orb
|faint|p1a: Buses
|
|
|switch|p1a: Dragonichze|Dragonite, M|323\/323
|turn|15
|
|move|p1a: Dragonichze|Extreme Speed|p2a: Paarthurnax
|-damage|p2a: Paarthurnax|0 fnt
|-damage|p1a: Dragonichze|283\/323|[from] ability: Rough Skin|[of] p2a: Paarthurnax
|faint|p2a: Paarthurnax
|
|
|switch|p2a: Jolteon|Jolteon, F|272\/272
|-damage|p2a: Jolteon|238\/272|[from] Stealth Rock
|turn|16
|
|move|p1a: Dragonichze|Extreme Speed|p2a: Jolteon
|-damage|p2a: Jolteon|2\/272
|move|p2a: Jolteon|Hidden Power|p1a: Dragonichze
|-supereffective|p1a: Dragonichze
|-damage|p1a: Dragonichze|0 fnt
|-damage|p2a: Jolteon|0 fnt|[from] item: Life Orb
|faint|p1a: Dragonichze
|faint|p2a: Jolteon
|
|win|Virdelet
|raw|Ladder updating...
|raw|Tom Bus's rating: 1380 &rarr; <strong>1361<\/strong><br \/>(-19 for losing)
|raw|Virdelet's rating: 1389 &rarr; <strong>1408<\/strong><br \/>(+19 for winning)
|c|âVirdelet|gg
|c|âVirdelet|so close
|leave|Tom Bus
|player|p1