|J|Tom Bus
|J|Sebixxl
|player|p1|Tom Bus|142
|player|p2|Sebixxl|273
|gametype|singles
|gen|6
|tier|OU
|clearpoke
|poke|p1|Clefable, M
|poke|p1|Slowbro, M
|poke|p1|Ferrothorn, M
|poke|p1|Gyarados, F
|poke|p1|Latios, M
|poke|p1|Heatran, M
|poke|p2|Charizard, F
|poke|p2|Ferrothorn, F
|poke|p2|Tentacruel, F
|poke|p2|Clefable, M
|poke|p2|Mew
|poke|p2|Quagsire, M
|rule|Swagger Clause: Swagger is banned
|rule|Baton Pass Clause: Limit one PokÃ©mon knowing Baton Pass
|rule|Sleep Clause Mod: Limit one foe put to sleep
|rule|Species Clause: Limit one of each PokÃ©mon
|rule|OHKO Clause: OHKO moves are banned
|rule|Moody Clause: Moody is banned
|rule|Evasion Moves Clause: Evasion moves are banned
|rule|Endless Battle Clause: Forcing endless battles is banned
|rule|HP Percentage Mod: HP is shown in percentages
|teampreview
|J|Spitzkopf Larry
|J|CreutzbergJacob
|J|Bic Wahn
|
|start
|switch|p1a: Slowbrother|Slowbro, M|394\/394
|switch|p2a: Mew|Mew|361\/361
|turn|1
|
|move|p2a: Mew|Knock Off|p1a: Slowbrother
|-supereffective|p1a: Slowbrother
|-damage|p1a: Slowbrother|272\/394
|-enditem|p1a: Slowbrother|Leftovers|[from] move: Knock Off|[of] p2a: Mew
|move|p1a: Slowbrother|Thunder Wave|p2a: Mew
|-status|p2a: Mew|par
|-status|p1a: Slowbrother|par
|
|turn|2
|J|ium loves kevin
|J|idm jugo
|
|switch|p1a: Heatruckdriver|Heatran, M|323\/323
|move|p2a: Mew|Knock Off|p1a: Heatruckdriver
|-damage|p1a: Heatruckdriver|253\/323
|-enditem|p1a: Heatruckdriver|Choice Scarf|[from] move: Knock Off|[of] p2a: Mew
|
|turn|3
|
|switch|p1a: Ferret|Ferrothorn, M|352\/352
|move|p2a: Mew|Earthquake|p1a: Ferret
|-damage|p1a: Ferret|293\/352
|
|-heal|p1a: Ferret|315\/352|[from] item: Leftovers
|turn|4
|
|switch|p1a: Heatruckdriver|Heatran, M|253\/323
|move|p2a: Mew|Fire Blast|p1a: Heatruckdriver
|-start|p1a: Heatruckdriver|ability: Flash Fire
|
|turn|5
|J|kevin loves jen
|
|move|p1a: Heatruckdriver|Fire Blast|p2a: Mew
|-damage|p2a: Mew|12\/361 par
|cant|p2a: Mew|par
|
|turn|6
|c|âTom Bus|sorry
|c|âSebixxl|np
|
|move|p1a: Heatruckdriver|Earth Power|p2a: Mew
|-damage|p2a: Mew|0 fnt
|faint|p2a: Mew
|
|J|aheaw
|c| aheaw|is this it olt?
|
|switch|p2a: Quagsire|Quagsire, M|394\/394
|turn|7
|c|âTom Bus|yes
|c|âSebixxl|ya
|c| aheaw|*the
|c| aheaw|cool
|
|switch|p1a: Ferret|Ferrothorn, M|315\/352
|move|p2a: Quagsire|Yawn|p1a: Ferret
|-start|p1a: Ferret|move: Yawn|[of] p2a: Quagsire
|
|-heal|p1a: Ferret|337\/352|[from] item: Leftovers
|turn|8
|
|switch|p2a: Ferrothorn|Ferrothorn, F|352\/352
|switch|p1a: Slowbrother|Slowbro, M|394\/394 par
|
|turn|9
|
|move|p2a: Ferrothorn|Stealth Rock|p1a: Slowbrother
|-sidestart|p1: Tom Bus|move: Stealth Rock
|move|p1a: Slowbrother|Fire Blast|p2a: Ferrothorn
|-supereffective|p2a: Ferrothorn
|-damage|p2a: Ferrothorn|96\/352
|
|-heal|p2a: Ferrothorn|118\/352|[from] item: Leftovers
|turn|10
|
|switch|p2a: Clefable|Clefable, M|394\/394
|move|p1a: Slowbrother|Fire Blast|p2a: Clefable
|-damage|p2a: Clefable|297\/394
|
|-heal|p2a: Clefable|321\/394|[from] item: Leftovers
|turn|11
|
|switch|p2a: Quagsire|Quagsire, M|394\/394
|move|p1a: Slowbrother|Thunder Wave|p2a: Quagsire
|-immune|p2a: Quagsire|[msg]
|
|turn|12
|
|switch|p2a: Clefable|Clefable, M|321\/394
|move|p1a: Slowbrother|Scald|p2a: Clefable
|-damage|p2a: Clefable|230\/394
|
|-heal|p2a: Clefable|254\/394|[from] item: Leftovers
|turn|13
|
|move|p2a: Clefable|Calm Mind|p2a: Clefable
|-boost|p2a: Clefable|spa|1
|-boost|p2a: Clefable|spd|1
|move|p1a: Slowbrother|Thunder Wave|p2a: Clefable
|-status|p2a: Clefable|par
|
|-heal|p2a: Clefable|278\/394 par|[from] item: Leftovers
|turn|14
|
|switch|p1a: Heatruckdriver|Heatran, M|253\/323
|-damage|p1a: Heatruckdriver|213\/323|[from] Stealth Rock
|move|p2a: Clefable|Moonblast|p1a: Heatruckdriver
|-resisted|p1a: Heatruckdriver
|-damage|p1a: Heatruckdriver|173\/323
|
|-heal|p2a: Clefable|302\/394 par|[from] item: Leftovers
|turn|15
|
|switch|p2a: Quagsire|Quagsire, M|394\/394
|move|p1a: Heatruckdriver|Stone Edge|p2a: Quagsire|[miss]
|-miss|p1a: Heatruckdriver|p2a: Quagsire
|
|turn|16
|
|switch|p1a: Ferret|Ferrothorn, M|337\/352
|-damage|p1a: Ferret|315\/352|[from] Stealth Rock
|switch|p2a: Ferrothorn|Ferrothorn, F|118\/352
|
|-heal|p2a: Ferrothorn|140\/352|[from] item: Leftovers
|-heal|p1a: Ferret|337\/352|[from] item: Leftovers
|turn|17
|J|Stathakis
|
|switch|p2a: Tentacruel|Tentacruel, F|364\/364
|move|p1a: Ferret|Stealth Rock|p2a: Tentacruel
|-sidestart|p2: Sebixxl|move: Stealth Rock
|
|-heal|p1a: Ferret|352\/352|[from] item: Leftovers
|turn|18
|
|switch|p1a: Dorsi|Latios, M|299\/299
|-damage|p1a: Dorsi|262\/299|[from] Stealth Rock
|move|p2a: Tentacruel|Rapid Spin|p1a: Dorsi
|-damage|p1a: Dorsi|247\/299
|-sideend|p2: Sebixxl|Stealth Rock|[from] move: Rapid Spin|[of] p2a: Tentacruel
|
|turn|19
|
|switch|p2a: Ferrothorn|Ferrothorn, F|140\/352
|move|p1a: Dorsi|Psyshock|p2a: Ferrothorn
|-resisted|p2a: Ferrothorn
|-damage|p2a: Ferrothorn|78\/352
|-damage|p1a: Dorsi|218\/299|[from] item: Life Orb
|
|-heal|p2a: Ferrothorn|100\/352|[from] item: Leftovers
|turn|20
|
|switch|p2a: Clefable|Clefable, M|302\/394 par
|move|p1a: Dorsi|Draco Meteor|p2a: Clefable
|-immune|p2a: Clefable|[msg]
|
|-heal|p2a: Clefable|326\/394 par|[from] item: Leftovers
|turn|21
|
|switch|p1a: Ferret|Ferrothorn, M|352\/352
|-damage|p1a: Ferret|330\/352|[from] Stealth Rock
|switch|p2a: Tentacruel|Tentacruel, F|364\/364
|
|-heal|p1a: Ferret|352\/352|[from] item: Leftovers
|turn|22
|
|switch|p1a: Slowbrother|Slowbro, M|394\/394 par
|-damage|p1a: Slowbrother|345\/394 par|[from] Stealth Rock
|move|p2a: Tentacruel|Scald|p1a: Slowbrother
|-resisted|p1a: Slowbrother
|-damage|p1a: Slowbrother|295\/394 par
|
|turn|23
|
|move|p2a: Tentacruel|Acid Spray|p1a: Slowbrother
|-damage|p1a: Slowbrother|244\/394 par
|-unboost|p1a: Slowbrother|spd|2
|move|p1a: Slowbrother|Scald|p2a: Tentacruel
|-resisted|p2a: Tentacruel
|-damage|p2a: Tentacruel|333\/364
|
|-heal|p2a: Tentacruel|355\/364|[from] item: Black Sludge
|turn|24
|
|move|p2a: Tentacruel|Scald|p1a: Slowbrother
|-resisted|p1a: Slowbrother
|-damage|p1a: Slowbrother|155\/394 par
|cant|p1a: Slowbrother|par
|
|-heal|p2a: Tentacruel|364\/364|[from] item: Black Sludge
|turn|25
|
|switch|p1a: Dorsi|Latios, M|218\/299
|-damage|p1a: Dorsi|181\/299|[from] Stealth Rock
|move|p2a: Tentacruel|Scald|p1a: Dorsi
|-resisted|p1a: Dorsi
|-damage|p1a: Dorsi|146\/299
|
|turn|26
|
|switch|p2a: Quagsire|Quagsire, M|394\/394
|move|p1a: Dorsi|Psyshock|p2a: Quagsire
|-damage|p2a: Quagsire|248\/394
|-damage|p1a: Dorsi|117\/299|[from] item: Life Orb
|
|-heal|p2a: Quagsire|272\/394|[from] item: Leftovers
|turn|27
|
|move|p1a: Dorsi|Recover|p1a: Dorsi
|-heal|p1a: Dorsi|267\/299
|move|p2a: Quagsire|Yawn|p1a: Dorsi
|-start|p1a: Dorsi|move: Yawn|[of] p2a: Quagsire
|
|-heal|p2a: Quagsire|296\/394|[from] item: Leftovers
|turn|28
|
|switch|p1a: Slowbrother|Slowbro, M|286\/394 par
|-damage|p1a: Slowbrother|237\/394 par|[from] Stealth Rock
|switch|p2a: Tentacruel|Tentacruel, F|364\/364
|
|turn|29
|
|move|p2a: Tentacruel|Acid Spray|p1a: Slowbrother
|-damage|p1a: Slowbrother|191\/394 par
|-unboost|p1a: Slowbrother|spd|2
|move|p1a: Slowbrother|Slack Off|p1a: Slowbrother
|-heal|p1a: Slowbrother|388\/394 par
|
|turn|30
|
|move|p2a: Tentacruel|Acid Spray|p1a: Slowbrother
|-damage|p1a: Slowbrother|288\/394 par
|-unboost|p1a: Slowbrother|spd|2
|move|p1a: Slowbrother|Thunder Wave|p2a: Tentacruel
|-status|p2a: Tentacruel|par
|
|turn|31
|
|switch|p2a: Ferrothorn|Ferrothorn, F|100\/352
|switch|p1a: Dorsi|Latios, M|267\/299
|-damage|p1a: Dorsi|230\/299|[from] Stealth Rock
|
|-heal|p2a: Ferrothorn|122\/352|[from] item: Leftovers
|turn|32
|
|move|p1a: Dorsi|Draco Meteor|p2a: Ferrothorn
|-resisted|p2a: Ferrothorn
|-damage|p2a: Ferrothorn|14\/352
|-unboost|p1a: Dorsi|spa|2
|-damage|p1a: Dorsi|201\/299|[from] item: Life Orb
|move|p2a: Ferrothorn|Leech Seed|p1a: Dorsi
|-start|p1a: Dorsi|move: Leech Seed
|
|-heal|p2a: Ferrothorn|36\/352|[from] item: Leftovers
|-damage|p1a: Dorsi|164\/299|[from] Leech Seed|[of] p2a: Ferrothorn
|-heal|p2a: Ferrothorn|73\/352|[silent]
|turn|33
|
|switch|p1a: Clefgt|Clefable, M|394\/394
|move|p2a: Ferrothorn|Leech Seed|p1a: Clefgt
|-start|p1a: Clefgt|move: Leech Seed
|
|-heal|p2a: Ferrothorn|95\/352|[from] item: Leftovers
|turn|34
|
|switch|p1a: Dorsi|Latios, M|164\/299
|-damage|p1a: Dorsi|127\/299|[from] Stealth Rock
|move|p2a: Ferrothorn|Thunder Wave|p1a: Dorsi
|-status|p1a: Dorsi|par
|
|-heal|p2a: Ferrothorn|117\/352|[from] item: Leftovers
|turn|35
|
|switch|p2a: Clefable|Clefable, M|326\/394 par
|move|p1a: Dorsi|Draco Meteor|p2a: Clefable
|-immune|p2a: Clefable|[msg]
|
|-heal|p2a: Clefable|350\/394 par|[from] item: Leftovers
|turn|36
|J|EmCDG
|
|switch|p1a: Ferret|Ferrothorn, M|352\/352
|-damage|p1a: Ferret|330\/352|[from] Stealth Rock
|switch|p2a: Ferrothorn|Ferrothorn, F|117\/352
|
|-heal|p2a: Ferrothorn|139\/352|[from] item: Leftovers
|-heal|p1a: Ferret|352\/352|[from] item: Leftovers
|turn|37
|
|move|p2a: Ferrothorn|Thunder Wave|p1a: Ferret
|-status|p1a: Ferret|par
|move|p1a: Ferret|Stealth Rock|p2a: Ferrothorn
|-sidestart|p2: Sebixxl|move: Stealth Rock
|
|-heal|p2a: Ferrothorn|161\/352|[from] item: Leftovers
|turn|38
|
|switch|p1a: Slowbrother|Slowbro, M|394\/394 par
|-damage|p1a: Slowbrother|345\/394 par|[from] Stealth Rock
|move|p2a: Ferrothorn|Thunder Wave|p1a: Slowbrother
|-fail|p1a: Slowbrother|par
|
|-heal|p2a: Ferrothorn|183\/352|[from] item: Leftovers
|turn|39
|
|switch|p2a: Tentacruel|Tentacruel, F|364\/364 par
|-damage|p2a: Tentacruel|319\/364 par|[from] Stealth Rock
|move|p1a: Slowbrother|Fire Blast|p2a: Tentacruel
|-resisted|p2a: Tentacruel
|-damage|p2a: Tentacruel|293\/364 par
|
|-heal|p2a: Tentacruel|315\/364 par|[from] item: Black Sludge
|turn|40
|
|switch|p1a: Dorsi|Latios, M|127\/299 par
|-damage|p1a: Dorsi|90\/299 par|[from] Stealth Rock
|move|p2a: Tentacruel|Rapid Spin|p1a: Dorsi
|-damage|p1a: Dorsi|75\/299 par
|-sideend|p2: Sebixxl|Stealth Rock|[from] move: Rapid Spin|[of] p2a: Tentacruel
|
|-heal|p2a: Tentacruel|337\/364 par|[from] item: Black Sludge
|turn|41
|
|switch|p2a: Ferrothorn|Ferrothorn, F|183\/352
|move|p1a: Dorsi|Recover|p1a: Dorsi
|-heal|p1a: Dorsi|225\/299 par
|
|-heal|p2a: Ferrothorn|205\/352|[from] item: Leftovers
|turn|42
|
|switch|p1a: Slowbrother|Slowbro, M|394\/394 par
|-damage|p1a: Slowbrother|345\/394 par|[from] Stealth Rock
|move|p2a: Ferrothorn|Thunder Wave|p1a: Slowbrother
|-fail|p1a: Slowbrother|par
|
|-heal|p2a: Ferrothorn|227\/352|[from] item: Leftovers
|turn|43
|
|switch|p2a: Tentacruel|Tentacruel, F|337\/364 par
|move|p1a: Slowbrother|Scald|p2a: Tentacruel
|-resisted|p2a: Tentacruel
|-damage|p2a: Tentacruel|308\/364 par
|
|-heal|p2a: Tentacruel|330\/364 par|[from] item: Black Sludge
|turn|44
|
|switch|p2a: Charizard|Charizard, F|325\/325
|switch|p1a: Dorsi|Latios, M|225\/299 par
|-damage|p1a: Dorsi|188\/299 par|[from] Stealth Rock
|
|turn|45
|
|switch|p1a: Slowbrother|Slowbro, M|394\/394 par
|-damage|p1a: Slowbrother|345\/394 par|[from] Stealth Rock
|detailschange|p2a: Charizard|Charizard-Mega-X, F
|-mega|p2a: Charizard|Charizard|Charizardite X
|move|p2a: Charizard|Dragon Claw|p1a: Slowbrother
|-damage|p1a: Slowbrother|219\/394 par
|
|turn|46
|
|switch|p2a: Tentacruel|Tentacruel, F|330\/364 par
|switch|p1a: Guk dus|Gyarados, F|341\/341
|-damage|p1a: Guk dus|256\/341|[from] Stealth Rock
|-ability|p1a: Guk dus|Intimidate|[of] p2a: Tentacruel
|-unboost|p2a: Tentacruel|atk|1
|
|-heal|p2a: Tentacruel|352\/364 par|[from] item: Black Sludge
|turn|47
|
|switch|p2a: Ferrothorn|Ferrothorn, F|227\/352
|detailschange|p1a: Guk dus|Gyarados-Mega, F
|-mega|p1a: Guk dus|Gyarados|Gyaradosite
|-ability|p1a: Guk dus|Mold Breaker
|move|p1a: Guk dus|Earthquake|p2a: Ferrothorn
|-damage|p2a: Ferrothorn|122\/352
|
|-heal|p2a: Ferrothorn|144\/352|[from] item: Leftovers
|turn|48
|
|switch|p1a: Heatruckdriver|Heatran, M|173\/323
|-damage|p1a: Heatruckdriver|133\/323|[from] Stealth Rock
|move|p2a: Ferrothorn|Power Whip|p1a: Heatruckdriver
|-resisted|p1a: Heatruckdriver
|-damage|p1a: Heatruckdriver|100\/323
|
|-heal|p2a: Ferrothorn|166\/352|[from] item: Leftovers
|turn|49
|
|switch|p2a: Quagsire|Quagsire, M|296\/394
|move|p1a: Heatruckdriver|Earth Power|p2a: Quagsire
|-damage|p2a: Quagsire|124\/394
|
|-heal|p2a: Quagsire|148\/394|[from] item: Leftovers
|turn|50
|
|move|p1a: Heatruckdriver|Earth Power|p2a: Quagsire
|-damage|p2a: Quagsire|0 fnt
|faint|p2a: Quagsire
|
|
|switch|p2a: Charizard|Charizard-Mega-X, F|325\/325
|turn|51
|
|switch|p1a: Slowbrother|Slowbro, M|350\/394 par
|-damage|p1a: Slowbrother|301\/394 par|[from] Stealth Rock
|move|p2a: Charizard|Dragon Dance|p2a: Charizard
|-boost|p2a: Charizard|atk|1
|-boost|p2a: Charizard|spe|1
|
|turn|52
|J|Weshin
|
|move|p2a: Charizard|Dragon Claw|p1a: Slowbrother
|-damage|p1a: Slowbrother|132\/394 par
|move|p1a: Slowbrother|Thunder Wave|p2a: Charizard
|-status|p2a: Charizard|par
|
|turn|53
|
|switch|p1a: Ferret|Ferrothorn, M|352\/352 par
|-damage|p1a: Ferret|330\/352 par|[from] Stealth Rock
|cant|p2a: Charizard|par
|
|-heal|p1a: Ferret|352\/352 par|[from] item: Leftovers
|turn|54
|
|move|p2a: Charizard|Flare Blitz|p1a: Ferret
|-supereffective|p1a: Ferret
|-damage|p1a: Ferret|0 fnt
|-damage|p2a: Charizard|285\/325 par|[from] ability: Iron Barbs|[of] p1a: Ferret
|-damage|p2a: Charizard|169\/325 par|[from] recoil|[of] p1a: Ferret
|faint|p1a: Ferret
|
|
|switch|p1a: Heatruckdriver|Heatran, M|100\/323
|-damage|p1a: Heatruckdriver|60\/323|[from] Stealth Rock
|turn|55
|
|move|p1a: Heatruckdriver|Earth Power|p2a: Charizard
|-supereffective|p2a: Charizard
|-damage|p2a: Charizard|0 fnt
|faint|p2a: Charizard
|
|
|switch|p2a: Tentacruel|Tentacruel, F|352\/364 par
|turn|56
|
|move|p1a: Heatruckdriver|Earth Power|p2a: Tentacruel
|-supereffective|p2a: Tentacruel
|-damage|p2a: Tentacruel|180\/364 par
|move|p2a: Tentacruel|Scald|p1a: Heatruckdriver
|-supereffective|p1a: Heatruckdriver
|-damage|p1a: Heatruckdriver|0 fnt
|faint|p1a: Heatruckdriver
|
|-heal|p2a: Tentacruel|202\/364 par|[from] item: Black Sludge
|
|switch|p1a: Guk dus|Gyarados-Mega, F|256\/341
|-damage|p1a: Guk dus|214\/341|[from] Stealth Rock
|-ability|p1a: Guk dus|Mold Breaker
|turn|57
|
|switch|p2a: Ferrothorn|Ferrothorn, F|166\/352
|move|p1a: Guk dus|Earthquake|p2a: Ferrothorn
|-damage|p2a: Ferrothorn|65\/352
|
|-heal|p2a: Ferrothorn|87\/352|[from] item: Leftovers
|turn|58
|
|move|p1a: Guk dus|Earthquake|p2a: Ferrothorn
|-damage|p2a: Ferrothorn|0 fnt
|faint|p2a: Ferrothorn
|
|
|switch|p2a: Clefable|Clefable, M|350\/394 par
|turn|59
|
|move|p1a: Guk dus|Waterfall|p2a: Clefable
|-damage|p2a: Clefable|184\/394 par
|move|p2a: Clefable|Moonblast|p1a: Guk dus
|-supereffective|p1a: Guk dus
|-damage|p1a: Guk dus|46\/341
|
|-heal|p2a: Clefable|208\/394 par|[from] item: Leftovers
|turn|60
|
|switch|p2a: Tentacruel|Tentacruel, F|202\/364 par
|move|p1a: Guk dus|Waterfall|p2a: Tentacruel
|-resisted|p2a: Tentacruel
|-damage|p2a: Tentacruel|88\/364 par
|
|-heal|p2a: Tentacruel|110\/364 par|[from] item: Black Sludge
|turn|61
|
|move|p1a: Guk dus|Earthquake|p2a: Tentacruel
|-supereffective|p2a: Tentacruel
|-damage|p2a: Tentacruel|0 fnt
|faint|p2a: Tentacruel
|
|
|switch|p2a: Clefable|Clefable, M|208\/394 par
|turn|62
|
|move|p1a: Guk dus|Waterfall|p2a: Clefable
|-damage|p2a: Clefable|33\/394 par
|move|p2a: Clefable|Soft-Boiled|p2a: Clefable
|-heal|p2a: Clefable|230\/394 par
|
|-heal|p2a: Clefable|254\/394 par|[from] item: Leftovers
|turn|63
|
|move|p1a: Guk dus|Waterfall|p2a: Clefable
|-damage|p2a: Clefable|83\/394 par
|cant|p2a: Clefable|flinch
|
|-heal|p2a: Clefable|107\/394 par|[from] item: Leftovers
|turn|64
|c|âSebixxl|gg
|
|move|p1a: Guk dus|Waterfall|p2a: Clefable
|-damage|p2a: Clefable|0 fnt
|faint|p2a: Clefable
|
|win|Tom Bus
|c|âTom Bus|gg
|L|ium loves kevin
|L|kevin loves jen
|L|Sebixxl
|player|p2
|L|Weshin
|L|Bic Wahn
|L|Stathakis
|L|CreutzbergJacob
|L|Tom Bus
|player|p1
|L|Spitzkopf Larry
|L|EmCDG
|J|Stathakis
|J|Sebixxl