|J|Tom Bus
|J|Sebixxl
|player|p1|Tom Bus|142
|player|p2|Sebixxl|273
|gametype|singles
|gen|6
|tier|OU
|clearpoke
|poke|p1|Gengar, F
|poke|p1|Clefable, F
|poke|p1|Venusaur, M
|poke|p1|Keldeo
|poke|p1|Tyranitar, M
|poke|p1|Heatran, F
|poke|p2|Gardevoir, M, shiny
|poke|p2|Hawlucha, F, shiny
|poke|p2|Landorus, M
|poke|p2|Slowbro, M, shiny
|poke|p2|Raikou
|poke|p2|Ferrothorn, F
|rule|Swagger Clause: Swagger is banned
|rule|Baton Pass Clause: Limit one PokÃ©mon knowing Baton Pass
|rule|Sleep Clause Mod: Limit one foe put to sleep
|rule|Species Clause: Limit one of each PokÃ©mon
|rule|OHKO Clause: OHKO moves are banned
|rule|Moody Clause: Moody is banned
|rule|Evasion Moves Clause: Evasion moves are banned
|rule|Endless Battle Clause: Forcing endless battles is banned
|rule|HP Percentage Mod: HP is shown in percentages
|teampreview
|c|âSebixxl|so gl tom :)
|c|âTom Bus|you too :]
|
|start
|switch|p1a: Sack|Gengar, F|261\/261
|switch|p2a: Slowbro|Slowbro, M, shiny|394\/394
|turn|1
|
|switch|p2a: Raikou|Raikou|322\/322
|-ability|p2a: Raikou|Pressure
|move|p1a: Sack|Shadow Ball|p2a: Raikou
|-damage|p2a: Raikou|192\/322
|-damage|p1a: Sack|235\/261|[from] item: Life Orb
|
|turn|2
|J|Spitzkopf Larry
|
|move|p2a: Raikou|Volt Switch|p1a: Sack
|-damage|p1a: Sack|91\/261
|
|switch|p2a: Ferrothorn|Ferrothorn, F|352\/352
|move|p1a: Sack|Shadow Ball|p2a: Ferrothorn
|-damage|p2a: Ferrothorn|222\/352
|-damage|p1a: Sack|65\/261|[from] item: Life Orb
|
|-heal|p2a: Ferrothorn|244\/352|[from] item: Leftovers
|turn|3
|
|switch|p2a: Raikou|Raikou|192\/322
|-ability|p2a: Raikou|Pressure
|move|p1a: Sack|Focus Blast|p2a: Raikou|[miss]
|-miss|p1a: Sack|p2a: Raikou
|
|turn|4
|c|âSebixxl|sorry
|c|âTom Bus|it's ok
|
|switch|p1a: Stop|Tyranitar, M|342\/342
|-weather|Sandstorm
|move|p2a: Raikou|Volt Switch|p1a: Stop
|-damage|p1a: Stop|270\/342
|L|Spitzkopf Larry
|
|switch|p2a: Ferrothorn|Ferrothorn, F|244\/352
|
|-weather|Sandstorm|[upkeep]
|-heal|p2a: Ferrothorn|266\/352|[from] item: Leftovers
|turn|5
|J|Spitzkopf Larry
|
|switch|p1a: Venuts|Venusaur, M|359\/359
|move|p2a: Ferrothorn|Thunder Wave|p1a: Venuts
|-status|p1a: Venuts|par
|
|-weather|Sandstorm|[upkeep]
|-damage|p1a: Venuts|337\/359 par|[from] sandstorm
|-heal|p2a: Ferrothorn|288\/352|[from] item: Leftovers
|turn|6
|
|detailschange|p1a: Venuts|Venusaur-Mega, M
|-mega|p1a: Venuts|Venusaur|Venusaurite
|move|p2a: Ferrothorn|Stealth Rock|p1a: Venuts
|-sidestart|p1: Tom Bus|move: Stealth Rock
|move|p1a: Venuts|Sludge Bomb|p2a: Ferrothorn
|-immune|p2a: Ferrothorn|[msg]
|
|-weather|Sandstorm|[upkeep]
|-damage|p1a: Venuts|315\/359 par|[from] sandstorm
|-heal|p2a: Ferrothorn|310\/352|[from] item: Leftovers
|turn|7
|
|switch|p2a: Raikou|Raikou|192\/322
|-ability|p2a: Raikou|Pressure
|cant|p1a: Venuts|par
|
|-weather|Sandstorm|[upkeep]
|-damage|p2a: Raikou|172\/322|[from] sandstorm
|-damage|p1a: Venuts|293\/359 par|[from] sandstorm
|turn|8
|
|move|p2a: Raikou|Shadow Ball|p1a: Venuts
|-damage|p1a: Venuts|221\/359 par
|cant|p1a: Venuts|par
|
|-weather|none
|turn|9
|
|move|p2a: Raikou|Volt Switch|p1a: Venuts
|-resisted|p1a: Venuts
|-damage|p1a: Venuts|176\/359 par
|
|switch|p2a: Ferrothorn|Ferrothorn, F|310\/352
|move|p1a: Venuts|Synthesis|p1a: Venuts
|-heal|p1a: Venuts|355\/359 par
|
|-heal|p2a: Ferrothorn|332\/352|[from] item: Leftovers
|turn|10
|
|switch|p2a: Raikou|Raikou|172\/322
|-ability|p2a: Raikou|Pressure
|cant|p1a: Venuts|par
|
|turn|11
|
|move|p2a: Raikou|Shadow Ball|p1a: Venuts
|-damage|p1a: Venuts|283\/359 par
|-unboost|p1a: Venuts|spd|1
|move|p1a: Venuts|Sludge Bomb|p2a: Raikou
|-damage|p2a: Raikou|64\/322
|-status|p2a: Raikou|psn
|
|-damage|p2a: Raikou|24\/322 psn|[from] psn
|turn|12
|
|move|p2a: Raikou|Shadow Ball|p1a: Venuts
|-damage|p1a: Venuts|172\/359 par
|move|p1a: Venuts|Synthesis|p1a: Venuts
|-heal|p1a: Venuts|351\/359 par
|
|-damage|p2a: Raikou|0 fnt|[from] psn
|faint|p2a: Raikou
|
|switch|p2a: Landorus|Landorus, M|319\/319
|turn|13
|
|switch|p1a: Stop|Tyranitar, M|270\/342
|-damage|p1a: Stop|228\/342|[from] Stealth Rock
|-weather|Sandstorm
|move|p2a: Landorus|Rock Polish|p2a: Landorus
|-boost|p2a: Landorus|spe|2
|
|-weather|Sandstorm|[upkeep]
|turn|14
|
|move|p2a: Landorus|Earth Power|p1a: Stop
|-supereffective|p1a: Stop
|-damage|p1a: Stop|0 fnt
|faint|p1a: Stop
|
|-weather|Sandstorm|[upkeep]
|
|switch|p1a: Peanuts|Keldeo|323\/323
|-damage|p1a: Peanuts|303\/323|[from] Stealth Rock
|turn|15
|
|move|p2a: Landorus|Psychic|p1a: Peanuts
|-supereffective|p1a: Peanuts
|-damage|p1a: Peanuts|0 fnt
|faint|p1a: Peanuts
|
|-weather|Sandstorm|[upkeep]
|
|switch|p1a: Contents|Clefable, F|394\/394
|turn|16
|
|move|p2a: Landorus|Sludge Wave|p1a: Contents
|-supereffective|p1a: Contents
|-damage|p1a: Contents|103\/394
|move|p1a: Contents|Calm Mind|p1a: Contents
|-boost|p1a: Contents|spa|1
|-boost|p1a: Contents|spd|1
|
|-weather|Sandstorm|[upkeep]
|-heal|p1a: Contents|127\/394|[from] item: Leftovers
|turn|17
|J|CreutzbergJacob
|c|âSebixxl|huge matchup... was kinda unwinable 
|
|move|p2a: Landorus|Sludge Wave|p1a: Contents
|-supereffective|p1a: Contents
|-damage|p1a: Contents|0 fnt
|faint|p1a: Contents
|
|-weather|none
|
|switch|p1a: Venuts|Venusaur-Mega, M|351\/359 par
|-damage|p1a: Venuts|307\/359 par|[from] Stealth Rock
|turn|18
|
|move|p2a: Landorus|Psychic|p1a: Venuts
|-supereffective|p1a: Venuts
|-damage|p1a: Venuts|44\/359 par
|move|p1a: Venuts|Giga Drain|p2a: Landorus
|-damage|p2a: Landorus|142\/319
|-heal|p1a: Venuts|133\/359 par|[from] drain|[of] p2a: Landorus
|
|turn|19
|
|move|p2a: Landorus|Psychic|p1a: Venuts
|-supereffective|p1a: Venuts
|-damage|p1a: Venuts|0 fnt
|faint|p1a: Venuts
|
|
|switch|p1a: Sack|Gengar, F|65\/261
|-damage|p1a: Sack|33\/261|[from] Stealth Rock
|turn|20
|J|kevin loves jen
|J|megadiggers
|
|move|p2a: Landorus|Psychic|p1a: Sack
|-supereffective|p1a: Sack
|-damage|p1a: Sack|0 fnt
|faint|p1a: Sack
|
|
|switch|p1a: Hot bus|Heatran, F|385\/385
|-damage|p1a: Hot bus|337\/385|[from] Stealth Rock
|turn|21
|
|move|p2a: Landorus|Earth Power|p1a: Hot bus
|-supereffective|p1a: Hot bus
|-damage|p1a: Hot bus|0 fnt
|faint|p1a: Hot bus
|
|win|Sebixxl
|c|âTom Bus|gg
|J|ium loves kevin
|c|âSebixxl|gg