|join|Tom Bus
|join|mack bus
|player|p1|Tom Bus|142
|player|p2|mack bus|145
|gametype|singles
|gen|6
|tier|Random Battle
|rule|Sleep Clause Mod: Limit one foe put to sleep
|rule|HP Percentage Mod: HP is shown in percentages
|
|start
|switch|p1a: Mandibuzz|Mandibuzz, L74, F|285\/285
|switch|p2a: Dewgong|Dewgong, L88, F|302\/302
|turn|1
Tom Bus made this room private.
|
|switch|p1a: Jynx|Jynx, L86, F|252\/252
|move|p2a: Dewgong|Toxic|p1a: Jynx
|-status|p1a: Jynx|tox
|
|-damage|p1a: Jynx|237\/252 tox|[from] psn
|turn|2
|c|âTom Bus|don't toxic
|c|âTom Bus|...
|
|switch|p2a: Victini|Victini, L76|277\/277
|move|p1a: Jynx|Lovely Kiss|p2a: Victini
|-status|p2a: Victini|slp
|
|-damage|p1a: Jynx|207\/252 tox|[from] psn
|turn|3
|c|âTom Bus|lovely johnson
|
|switch|p1a: Jolteon|Jolteon, L82, M|241\/241
|cant|p2a: Victini|slp
|
|turn|4
|
|move|p1a: Jolteon|Thunderbolt|p2a: Victini
|-damage|p2a: Victini|121\/277 slp
|-curestatus|p2a: Victini|slp
|move|p2a: Victini|U-turn|p1a: Jolteon
|-damage|p1a: Jolteon|186\/241
|c|âTom Bus|shit bus
|c|âTom Bus|phew
|
|switch|p2a: Unown|Unown, L99|255\/255
|
|turn|5
|
|move|p1a: Jolteon|Thunderbolt|p2a: Unown
|-damage|p2a: Unown|60\/255
|move|p2a: Unown|Hidden Power|p1a: Jolteon
|-damage|p1a: Jolteon|80\/241
|
|turn|6
|
|move|p1a: Jolteon|Thunderbolt|p2a: Unown
|-damage|p2a: Unown|0 fnt
|faint|p2a: Unown
|
|
|switch|p2a: Arbok|Arbok, L88, M|249\/249
|turn|7
|c|âTom Bus|jolteon
|c|âTom Bus|is strong
|
|switch|p1a: Jynx|Jynx, L86, F|207\/252 tox
|move|p2a: Arbok|Earthquake|p1a: Jynx
|-damage|p1a: Jynx|75\/252 tox
|
|-damage|p1a: Jynx|60\/252 tox|[from] psn
|turn|8
|
|switch|p2a: Ledian|Ledian, L95, M|258\/258
|move|p1a: Jynx|Lovely Kiss|p2a: Ledian
|-status|p2a: Ledian|slp
|
|-damage|p1a: Jynx|30\/252 tox|[from] psn
|turn|9
|
|switch|p2a: Dewgong|Dewgong, L88, F|302\/302
|switch|p1a: Jolteon|Jolteon, L82, M|80\/241
|
|turn|10
|c|âTom Bus|predicted
|c|âTom Bus|kind of
|c|âmack bus|not a problem
|
|move|p1a: Jolteon|Volt Switch|p2a: Dewgong
|-supereffective|p2a: Dewgong
|-damage|p2a: Dewgong|104\/302
|c|âTom Bus|pls live, jolteon
|c|âTom Bus|ah
|c|âTom Bus|no ice shard for me
|
|switch|p1a: Jynx|Jynx, L86, F|30\/252 tox
|move|p2a: Dewgong|Surf|p1a: Jynx
|-heal|p1a: Jynx|93\/252 tox|[from] ability: Dry Skin|[of] p2a: Dewgong
|
|-damage|p1a: Jynx|78\/252 tox|[from] psn
|turn|11
|c|âTom Bus|:]]]]
|c|âmack bus|:[
|c|âTom Bus|I'm dying
|
|switch|p2a: Victini|Victini, L76|121\/277
|move|p1a: Jynx|Psyshock|p2a: Victini
|-resisted|p2a: Victini
|-damage|p2a: Victini|51\/277
|-damage|p1a: Jynx|53\/252 tox|[from] item: Life Orb
|
|-heal|p2a: Victini|68\/277|[from] item: Leftovers
|-damage|p1a: Jynx|23\/252 tox|[from] psn
|turn|12
|c|âTom Bus|we need to start recording
|
|move|p1a: Jynx|Ice Beam|p2a: Victini
|-resisted|p2a: Victini
|-damage|p2a: Victini|0 fnt
|-damage|p1a: Jynx|0 fnt|[from] item: Life Orb
|faint|p2a: Victini
|faint|p1a: Jynx
|
|c|âTom Bus|not bad 
|c|âTom Bus|for a jynx
|
|switch|p2a: Arbok|Arbok, L88, M|249\/249
|switch|p1a: Hypno|Hypno, L88, F|293\/293
|turn|13
|
|switch|p2a: Ledian|Ledian, L95, M|258\/258 slp
|move|p1a: Hypno|Psychic|p2a: Ledian
|-damage|p2a: Ledian|195\/258 slp
|
|turn|14
|c|âTom Bus|I'm eating this up
|
|switch|p2a: Arbok|Arbok, L88, M|249\/249
|move|p1a: Hypno|Wish|p1a: Hypno
|
|turn|15
|c|âTom Bus|you got me
|
|move|p2a: Arbok|Gunk Shot|p1a: Hypno
|-damage|p1a: Hypno|146\/293
|-status|p1a: Hypno|psn
|move|p1a: Hypno|Psychic|p2a: Arbok
|-supereffective|p2a: Arbok
|-damage|p2a: Arbok|79\/249
|
|-heal|p1a: Hypno|292\/293 psn|[from] move: Wish|[wisher] Hypno
|-heal|p2a: Arbok|94\/249|[from] item: Black Sludge
|-heal|p1a: Hypno|293\/293 psn|[from] item: Leftovers
|-damage|p1a: Hypno|257\/293 psn|[from] psn
|turn|16
|c|âmack bus|2 ez
|c|âTom Bus|:[
|
|move|p2a: Arbok|Rest|p2a: Arbok
|-status|p2a: Arbok|slp
|-heal|p2a: Arbok|249\/249 slp|[silent]
|-status|p2a: Arbok|slp|[from] move: Rest
|move|p1a: Hypno|Psychic|p2a: Arbok
|-crit|p2a: Arbok
|-supereffective|p2a: Arbok
|-damage|p2a: Arbok|0 fnt
|faint|p2a: Arbok
|
|-heal|p1a: Hypno|275\/293 psn|[from] item: Leftovers
|-damage|p1a: Hypno|239\/293 psn|[from] psn
|c|âmack bus|:[
|c|âTom Bus|LOL
|c|âmack bus|where was the wish?
|
|switch|p2a: Chatot|Chatot, L88, M|277\/277
|turn|17
|c|âTom Bus|wish made zero sense
|
|move|p2a: Chatot|Chatter|p1a: Hypno
|-damage|p1a: Hypno|184\/293 psn
|-start|p1a: Hypno|confusion
|-activate|p1a: Hypno|confusion
|-damage|p1a: Hypno|156\/293 psn|[from] confusion
|
|-heal|p1a: Hypno|174\/293 psn|[from] item: Leftovers
|-damage|p1a: Hypno|138\/293 psn|[from] psn
|turn|18
|c|âTom Bus|!dt chatter
|c|~|\/data-move Chatter
|raw|<font size="1"><font color=#585858>Priority:<\/font> 0&nbsp;|&ThickSpace;<font color=#585858><font color=black>&#10003; Secondary Effect<\/font><\/font>&nbsp;|&ThickSpace;<font color=#585858><font color=black>&#10003; Sound<\/font><\/font>&nbsp;|&ThickSpace;<font color=#585858>Target:<\/font> Any Pokemon<\/font>
|c|âTom Bus|Oh
|c|âTom Bus|100% chance to cnofuse
|c|âTom Bus|It used to be like 30
|
|move|p2a: Chatot|Substitute|p2a: Chatot
|-start|p2a: Chatot|Substitute
|-damage|p2a: Chatot|208\/277
|-end|p1a: Hypno|confusion
|move|p1a: Hypno|Thunder Wave|p2a: Chatot
|
|-heal|p2a: Chatot|225\/277|[from] item: Leftovers
|-heal|p1a: Hypno|156\/293 psn|[from] item: Leftovers
|-damage|p1a: Hypno|120\/293 psn|[from] psn
|turn|19
|
|move|p2a: Chatot|Boomburst|p1a: Hypno
|-damage|p1a: Hypno|8\/293 psn
|move|p1a: Hypno|Psychic|p2a: Chatot
|-end|p2a: Chatot|Substitute
|
|-heal|p2a: Chatot|242\/277|[from] item: Leftovers
|-heal|p1a: Hypno|26\/293 psn|[from] item: Leftovers
|-damage|p1a: Hypno|0 fnt|[from] psn
|faint|p1a: Hypno
|c|âTom Bus|fuck my bus
|c|âmack bus|ffs
|c|âTom Bus|ah
|c|âTom Bus|not chattering
|
|switch|p1a: Jolteon|Jolteon, L82, M|80\/241
|turn|20
|
|switch|p2a: Ledian|Ledian, L95, M|195\/258 slp
|move|p1a: Jolteon|Thunderbolt|p2a: Ledian
|-supereffective|p2a: Ledian
|-damage|p2a: Ledian|0 fnt
|faint|p2a: Ledian
|
|c|âTom Bus|bop
|
|switch|p2a: Dewgong|Dewgong, L88, F|104\/302
|turn|21
|
|move|p2a: Dewgong|Ice Shard|p1a: Jolteon
|-damage|p1a: Jolteon|26\/241
|move|p1a: Jolteon|Thunderbolt|p2a: Dewgong
|-supereffective|p2a: Dewgong
|-damage|p2a: Dewgong|0 fnt
|faint|p2a: Dewgong
|
|c|âTom Bus|yum
|
|switch|p2a: Chatot|Chatot, L88, M|242\/277
|turn|22
|
|move|p1a: Jolteon|Thunderbolt|p2a: Chatot
|-supereffective|p2a: Chatot
|-damage|p2a: Chatot|0 fnt
|faint|p2a: Chatot
|
|win|Tom Bus
|c|âTom Bus|save
|c|âmack bus|:[
|c|âTom Bus|the replay