|join|Divine Rose
|join|WeirdNick504
|player|p1|Divine Rose|33
|player|p2|WeirdNick504|290
|gametype|singles
|gen|6
|tier|OU
|clearpoke
|poke|p1|Slowbro, F
|poke|p1|Ferrothorn, F
|poke|p1|Gliscor, F
|poke|p1|Raikou
|poke|p1|Charizard, F
|poke|p1|Latios, M
|poke|p2|Manectric, F
|poke|p2|Landorus-Therian, M
|poke|p2|Skarmory, M
|poke|p2|Gengar, F
|poke|p2|Bisharp, F
|poke|p2|Keldeo-Resolute
|rule|Swagger Clause: Swagger is banned
|rule|Baton Pass Clause: Limit one PokÃ©mon knowing Baton Pass
|rule|Sleep Clause Mod: Limit one foe put to sleep
|rule|Species Clause: Limit one of each PokÃ©mon
|rule|OHKO Clause: OHKO moves are banned
|rule|Moody Clause: Moody is banned
|rule|Evasion Moves Clause: Evasion moves are banned
|rule|Endless Battle Clause: Forcing endless battles is banned
|rule|HP Percentage Mod: HP is shown in percentages
|teampreview
|join|Serperior Tactics
|
|start
|switch|p1a: Raikou|Raikou|321\/321
|switch|p2a: Skarmory|Skarmory, M|271\/271
|-ability|p1a: Raikou|Pressure
|turn|1
|join|Weirdzack504
|
|move|p1a: Raikou|Volt Switch|p2a: Skarmory
|-supereffective|p2a: Skarmory
|-activate|p2a: Skarmory|Sturdy
|-damage|p2a: Skarmory|1\/271
|
|switch|p1a: Charizard|Charizard, F|315\/315
|-enditem|p2a: Skarmory|Salac Berry|[eat]
|-boost|p2a: Skarmory|spe|1|[from] item: Salac Berry
|move|p2a: Skarmory|Stealth Rock|p1a: Charizard
|-sidestart|p1: Divine Rose|move: Stealth Rock
|
|turn|2
|join|sarafella
|
|detailschange|p1a: Charizard|Charizard-Mega-X, F
|-mega|p1a: Charizard|Charizard|Charizardite X
|move|p2a: Skarmory|Taunt|p1a: Charizard
|-start|p1a: Charizard|move: Taunt
|cant|p1a: Charizard|move: Taunt|Dragon Dance
|
|turn|3
|
|move|p2a: Skarmory|Spikes|p1a: Charizard
|-sidestart|p1: Divine Rose|Spikes
|move|p1a: Charizard|Dragon Claw|p2a: Skarmory
|-resisted|p2a: Skarmory
|-damage|p2a: Skarmory|0 fnt
|faint|p2a: Skarmory
|
|
|switch|p2a: Landorus-Therian|Landorus-Therian, M|319\/319
|-ability|p2a: Landorus-Therian|Intimidate|[of] p1a: Charizard
|-unboost|p1a: Charizard|atk|1
|turn|4
|
|switch|p1a: Gliscor|Gliscor, F|353\/353
|-damage|p1a: Gliscor|309\/353|[from] Stealth Rock
|move|p2a: Landorus-Therian|Stone Edge|p1a: Gliscor|[miss]
|-miss|p2a: Landorus-Therian|p1a: Gliscor
|
|-status|p1a: Gliscor|tox|[from] item: Toxic Orb
|turn|5
|
|switch|p2a: Gengar|Gengar, F|261\/261
|switch|p1a: Latios|Latios, M|301\/301
|-damage|p1a: Latios|264\/301|[from] Stealth Rock
|
|turn|6
|
|move|p1a: Latios|Defog|p2a: Gengar
|-unboost|p2a: Gengar|evasion|1
|-sideend|p1: Divine Rose|Spikes|[from] move: Defog|[of] p1a: Latios
|-sideend|p1: Divine Rose|Stealth Rock|[from] move: Defog|[of] p1a: Latios
|move|p2a: Gengar|Shadow Ball|p1a: Latios
|-supereffective|p1a: Latios
|-damage|p1a: Latios|0 fnt
|-damage|p2a: Gengar|235\/261|[from] item: Life Orb
|faint|p1a: Latios
|
|
|switch|p1a: Raikou|Raikou|321\/321
|-ability|p1a: Raikou|Pressure
|turn|7
|join|Neoxprenn
|
|move|p1a: Raikou|Shadow Ball|p2a: Gengar
|-supereffective|p2a: Gengar
|-damage|p2a: Gengar|0 fnt
|faint|p2a: Gengar
|
|
|switch|p2a: Landorus-Therian|Landorus-Therian, M|319\/319
|-ability|p2a: Landorus-Therian|Intimidate|[of] p1a: Raikou
|-unboost|p1a: Raikou|atk|1
|turn|8
|
|switch|p1a: Ferrothorn|Ferrothorn, F|351\/351
|move|p2a: Landorus-Therian|U-turn|p1a: Ferrothorn
|-damage|p1a: Ferrothorn|285\/351
|-damage|p2a: Landorus-Therian|280\/319|[from] ability: Iron Barbs|[of] p1a: Ferrothorn
|
|switch|p2a: Manectric|Manectric, F|281\/281
|
|-heal|p1a: Ferrothorn|306\/351|[from] item: Leftovers
|turn|9
|
|detailschange|p2a: Manectric|Manectric-Mega, F
|-mega|p2a: Manectric|Manectric|Manectite
|-ability|p2a: Manectric|Intimidate|[of] p1a: Ferrothorn
|-unboost|p1a: Ferrothorn|atk|1
|move|p1a: Ferrothorn|Protect|p1a: Ferrothorn
|-singleturn|p1a: Ferrothorn|Protect
|move|p2a: Manectric|Flamethrower|p1a: Ferrothorn
|-activate|p1a: Ferrothorn|Protect
|
|-heal|p1a: Ferrothorn|327\/351|[from] item: Leftovers
|turn|10
|
|move|p2a: Manectric|Flamethrower|p1a: Ferrothorn
|-supereffective|p1a: Ferrothorn
|-damage|p1a: Ferrothorn|0 fnt
|faint|p1a: Ferrothorn
|
|
|switch|p1a: Charizard|Charizard-Mega-X, F|315\/315
|turn|11
|
|move|p2a: Manectric|Volt Switch|p1a: Charizard
|-resisted|p1a: Charizard
|-damage|p1a: Charizard|246\/315
|leave|Serperior Tactics
|
|switch|p2a: Landorus-Therian|Landorus-Therian, M|280\/319
|-ability|p2a: Landorus-Therian|Intimidate|[of] p1a: Charizard
|-unboost|p1a: Charizard|atk|1
|move|p1a: Charizard|Dragon Dance|p1a: Charizard
|-boost|p1a: Charizard|atk|1
|-boost|p1a: Charizard|spe|1
|
|turn|12
|
|switch|p1a: Gliscor|Gliscor, F|309\/353 tox
|move|p2a: Landorus-Therian|Earthquake|p1a: Gliscor
|-immune|p1a: Gliscor|[msg]
|
|-heal|p1a: Gliscor|353\/353 tox|[from] ability: Poison Heal
|turn|13
|
|switch|p2a: Keldeo-Resolute|Keldeo-Resolute|323\/323
|move|p1a: Gliscor|Earthquake|p2a: Keldeo-Resolute
|-damage|p2a: Keldeo-Resolute|203\/323
|
|turn|14
|
|switch|p1a: Slowbro|Slowbro, F|393\/393
|move|p2a: Keldeo-Resolute|Hydro Pump|p1a: Slowbro
|-crit|p1a: Slowbro
|-resisted|p1a: Slowbro
|-damage|p1a: Slowbro|114\/393
|
|-heal|p1a: Slowbro|138\/393|[from] item: Leftovers
|turn|15
|
|move|p2a: Keldeo-Resolute|Hydro Pump|p1a: Slowbro
|-resisted|p1a: Slowbro
|-damage|p1a: Slowbro|0 fnt
|faint|p1a: Slowbro
|
|
|switch|p1a: Raikou|Raikou|321\/321
|-ability|p1a: Raikou|Pressure
|turn|16
|
|move|p1a: Raikou|Volt Switch|p2a: Keldeo-Resolute
|-supereffective|p2a: Keldeo-Resolute
|-damage|p2a: Keldeo-Resolute|0 fnt
|faint|p2a: Keldeo-Resolute
|
|switch|p1a: Charizard|Charizard-Mega-X, F|246\/315
|
|
|switch|p2a: Landorus-Therian|Landorus-Therian, M|280\/319
|-ability|p2a: Landorus-Therian|Intimidate|[of] p1a: Charizard
|-unboost|p1a: Charizard|atk|1
|turn|17
|
|switch|p1a: Gliscor|Gliscor, F|353\/353 tox
|move|p2a: Landorus-Therian|Earthquake|p1a: Gliscor
|-immune|p1a: Gliscor|[msg]
|
|turn|18
|
|switch|p2a: Manectric|Manectric-Mega, F|281\/281
|-ability|p2a: Manectric|Intimidate|[of] p1a: Gliscor
|-unboost|p1a: Gliscor|atk|1
|move|p1a: Gliscor|Earthquake|p2a: Manectric
|-supereffective|p2a: Manectric
|-damage|p2a: Manectric|111\/281
|
|turn|19
|
|switch|p1a: Charizard|Charizard-Mega-X, F|246\/315
|move|p2a: Manectric|Hidden Power|p1a: Charizard
|-damage|p1a: Charizard|154\/315
|
|turn|20
|
|move|p2a: Manectric|Volt Switch|p1a: Charizard
|-resisted|p1a: Charizard
|-damage|p1a: Charizard|87\/315
|
|switch|p2a: Landorus-Therian|Landorus-Therian, M|280\/319
|-ability|p2a: Landorus-Therian|Intimidate|[of] p1a: Charizard
|-unboost|p1a: Charizard|atk|1
|move|p1a: Charizard|Roost|p1a: Charizard
|-heal|p1a: Charizard|245\/315
|
|turn|21
|
|switch|p1a: Gliscor|Gliscor, F|353\/353 tox
|move|p2a: Landorus-Therian|U-turn|p1a: Gliscor
|-resisted|p1a: Gliscor
|-damage|p1a: Gliscor|321\/353 tox
|
|switch|p2a: Manectric|Manectric-Mega, F|111\/281
|-ability|p2a: Manectric|Intimidate|[of] p1a: Gliscor
|-unboost|p1a: Gliscor|atk|1
|
|-heal|p1a: Gliscor|353\/353 tox|[from] ability: Poison Heal
|turn|22
|
|switch|p1a: Charizard|Charizard-Mega-X, F|245\/315
|move|p2a: Manectric|Hidden Power|p1a: Charizard
|-damage|p1a: Charizard|162\/315
|
|turn|23
|
|move|p2a: Manectric|Volt Switch|p1a: Charizard
|-resisted|p1a: Charizard
|-damage|p1a: Charizard|84\/315
|
|switch|p2a: Landorus-Therian|Landorus-Therian, M|280\/319
|-ability|p2a: Landorus-Therian|Intimidate|[of] p1a: Charizard
|-unboost|p1a: Charizard|atk|1
|move|p1a: Charizard|Roost|p1a: Charizard
|-heal|p1a: Charizard|242\/315
|
|turn|24
|
|switch|p1a: Gliscor|Gliscor, F|353\/353 tox
|move|p2a: Landorus-Therian|Earthquake|p1a: Gliscor
|-immune|p1a: Gliscor|[msg]
|
|turn|25
|
|move|p2a: Landorus-Therian|Earthquake|p1a: Gliscor
|-immune|p1a: Gliscor|[msg]
|move|p1a: Gliscor|Earthquake|p2a: Landorus-Therian
|-immune|p2a: Landorus-Therian|[msg]
|
|turn|26
|
|move|p2a: Landorus-Therian|Earthquake|p1a: Gliscor
|-immune|p1a: Gliscor|[msg]
|move|p1a: Gliscor|Earthquake|p2a: Landorus-Therian
|-immune|p2a: Landorus-Therian|[msg]
|
|turn|27
|
|move|p2a: Landorus-Therian|Earthquake|p1a: Gliscor
|-immune|p1a: Gliscor|[msg]
|move|p1a: Gliscor|Knock Off|p2a: Landorus-Therian
|-damage|p2a: Landorus-Therian|205\/319
|-enditem|p2a: Landorus-Therian|Choice Scarf|[from] move: Knock Off|[of] p1a: Gliscor
|
|turn|28
|
|move|p2a: Landorus-Therian|Knock Off|p1a: Gliscor
|-crit|p1a: Gliscor
|-damage|p1a: Gliscor|239\/353 tox
|-enditem|p1a: Gliscor|Toxic Orb|[from] move: Knock Off|[of] p2a: Landorus-Therian
|move|p1a: Gliscor|Earthquake|p2a: Landorus-Therian
|-immune|p2a: Landorus-Therian|[msg]
|
|-heal|p1a: Gliscor|283\/353 tox|[from] ability: Poison Heal
|turn|29
|
|switch|p2a: Bisharp|Bisharp, F|271\/271
|move|p1a: Gliscor|Knock Off|p2a: Bisharp
|-resisted|p2a: Bisharp
|-damage|p2a: Bisharp|235\/271
|-enditem|p2a: Bisharp|Focus Sash|[from] move: Knock Off|[of] p1a: Gliscor
|
|-heal|p1a: Gliscor|327\/353 tox|[from] ability: Poison Heal
|turn|30
|
|move|p1a: Gliscor|Earthquake|p2a: Bisharp
|-supereffective|p2a: Bisharp
|-damage|p2a: Bisharp|13\/271
|move|p2a: Bisharp|Swords Dance|p2a: Bisharp
|-boost|p2a: Bisharp|atk|2
|
|-heal|p1a: Gliscor|353\/353 tox|[from] ability: Poison Heal
|turn|31
|
|move|p2a: Bisharp|Sucker Punch|p1a: Gliscor
|-damage|p1a: Gliscor|164\/353 tox
|move|p1a: Gliscor|Earthquake|p2a: Bisharp
|-supereffective|p2a: Bisharp
|-damage|p2a: Bisharp|0 fnt
|faint|p2a: Bisharp
|
|-heal|p1a: Gliscor|208\/353 tox|[from] ability: Poison Heal
|
|switch|p2a: Manectric|Manectric-Mega, F|111\/281
|-ability|p2a: Manectric|Intimidate|[of] p1a: Gliscor
|-unboost|p1a: Gliscor|atk|1
|turn|32
|
|switch|p1a: Charizard|Charizard-Mega-X, F|242\/315
|move|p2a: Manectric|Volt Switch|p1a: Charizard
|-resisted|p1a: Charizard
|-damage|p1a: Charizard|164\/315
|
|switch|p2a: Landorus-Therian|Landorus-Therian, M|205\/319
|-ability|p2a: Landorus-Therian|Intimidate|[of] p1a: Charizard
|-unboost|p1a: Charizard|atk|1
|
|turn|33
|
|move|p1a: Charizard|Flare Blitz|p2a: Landorus-Therian
|-damage|p2a: Landorus-Therian|10\/319
|-damage|p1a: Charizard|100\/315|[from] recoil|[of] p2a: Landorus-Therian
|move|p2a: Landorus-Therian|U-turn|p1a: Charizard
|-resisted|p1a: Charizard
|-damage|p1a: Charizard|59\/315
|
|switch|p2a: Manectric|Manectric-Mega, F|111\/281
|-ability|p2a: Manectric|Intimidate|[of] p1a: Charizard
|-unboost|p1a: Charizard|atk|1
|
|turn|34
|
|move|p2a: Manectric|Thunderbolt|p1a: Charizard
|-resisted|p1a: Charizard
|-damage|p1a: Charizard|0 fnt
|faint|p1a: Charizard
|
|c|âDivine Rose|gg
|
|switch|p1a: Raikou|Raikou|321\/321
|-ability|p1a: Raikou|Pressure
|turn|35
|c|âWeirdNick504|gg
|
|move|p2a: Manectric|Volt Switch|p1a: Raikou
|-resisted|p1a: Raikou
|-damage|p1a: Raikou|253\/321
|
|switch|p2a: Landorus-Therian|Landorus-Therian, M|10\/319
|-ability|p2a: Landorus-Therian|Intimidate|[of] p1a: Raikou
|-unboost|p1a: Raikou|atk|1
|move|p1a: Raikou|Shadow Ball|p2a: Landorus-Therian
|-damage|p2a: Landorus-Therian|0 fnt
|faint|p2a: Landorus-Therian
|
|
|switch|p2a: Manectric|Manectric-Mega, F|111\/281
|-ability|p2a: Manectric|Intimidate|[of] p1a: Raikou
|-unboost|p1a: Raikou|atk|1
|turn|36
|
|move|p2a: Manectric|Flamethrower|p1a: Raikou
|-damage|p1a: Raikou|144\/321
|move|p1a: Raikou|Shadow Ball|p2a: Manectric
|-damage|p2a: Manectric|0 fnt
|faint|p2a: Manectric
|
|win|Divine Rose
|leave|WeirdNick504
|player|p2
|leave|Weirdzack504
|leave|Divine Rose
|player|p1
|leave|Neoxprenn