|join|wish killer
|join|Divine Rose
wish killer made this room hidden.
|player|p1|wish killer|1
|player|p2|Divine Rose|33
|gametype|singles
|gen|6
|tier|OU
|rated
|clearpoke
|poke|p1|Bisharp, F
|poke|p1|Venusaur, M
|poke|p1|Heatran, M
|poke|p1|Keldeo
|poke|p1|Chansey, F
|poke|p1|Skarmory, F
|poke|p2|Clefable, F
|poke|p2|Gliscor, M
|poke|p2|Keldeo-Resolute
|poke|p2|Latios, M
|poke|p2|Tyranitar, F
|poke|p2|Charizard, F
|rule|Swagger Clause: Swagger is banned
|rule|Baton Pass Clause: Limit one PokÃ©mon knowing Baton Pass
|rule|Sleep Clause Mod: Limit one foe put to sleep
|rule|Species Clause: Limit one of each PokÃ©mon
|rule|OHKO Clause: OHKO moves are banned
|rule|Moody Clause: Moody is banned
|rule|Evasion Moves Clause: Evasion moves are banned
|rule|Endless Battle Clause: Forcing endless battles is banned
|rule|HP Percentage Mod: HP is shown in percentages
|teampreview
|c|âDivine Rose|it's pretty laggy, do you mind turning off the timer
|
|start
|switch|p1a: Venusaur|Venusaur, M|364\/364
|switch|p2a: Charizard|Charizard, F|311\/311
|turn|1
|c|âDivine Rose|i lost the previous game bcuz of timer
|
|switch|p1a: Chansey|Chansey, F|684\/684
|detailschange|p2a: Charizard|Charizard-Mega-Y, F
|-mega|p2a: Charizard|Charizard|Charizardite Y
|-weather|SunnyDay
|move|p2a: Charizard|Fire Blast|p1a: Chansey
|-damage|p1a: Chansey|471\/684
|
|-weather|SunnyDay|[upkeep]
|turn|2
|
|switch|p2a: Gliscor|Gliscor, M|353\/353
|move|p1a: Chansey|Thunder Wave|p2a: Gliscor
|-immune|p2a: Gliscor|[msg]
|
|-weather|SunnyDay|[upkeep]
|-status|p2a: Gliscor|tox|[from] item: Toxic Orb
|turn|3
|
|switch|p2a: Charizard|Charizard-Mega-Y, F|311\/311
|switch|p1a: Venusaur|Venusaur, M|364\/364
|
|-weather|SunnyDay|[upkeep]
|turn|4
|
|switch|p1a: Chansey|Chansey, F|471\/684
|move|p2a: Charizard|Fire Blast|p1a: Chansey|[miss]
|-miss|p2a: Charizard|p1a: Chansey
|
|-weather|SunnyDay|[upkeep]
|turn|5
|
|switch|p2a: Gliscor|Gliscor, M|353\/353 tox
|move|p1a: Chansey|Soft-Boiled|p1a: Chansey
|-heal|p1a: Chansey|684\/684
|
|-weather|none
|turn|6
|
|switch|p1a: Heatran|Heatran, M|340\/340
|-item|p1a: Heatran|Air Balloon
|move|p2a: Gliscor|Knock Off|p1a: Heatran
|-damage|p1a: Heatran|284\/340
|-enditem|p1a: Heatran|Air Balloon
|
|turn|7
|
|move|p1a: Heatran|Stealth Rock|p2a: Gliscor
|-sidestart|p2: Divine Rose|move: Stealth Rock
|move|p2a: Gliscor|Earthquake|p1a: Heatran
|-supereffective|p1a: Heatran
|-damage|p1a: Heatran|0 fnt
|faint|p1a: Heatran
|
|
|switch|p1a: Keldeo|Keldeo|323\/323
|turn|8
|
|switch|p2a: Latios|Latios, M|301\/301
|-damage|p2a: Latios|264\/301|[from] Stealth Rock
|move|p1a: Keldeo|Calm Mind|p1a: Keldeo
|-boost|p1a: Keldeo|spa|1
|-boost|p1a: Keldeo|spd|1
|
|turn|9
|
|move|p2a: Latios|Defog|p1a: Keldeo
|-unboost|p1a: Keldeo|evasion|1
|-sideend|p2: Divine Rose|Stealth Rock|[from] move: Defog|[of] p2a: Latios
|move|p1a: Keldeo|Icy Wind|p2a: Latios
|-supereffective|p2a: Latios
|-damage|p2a: Latios|82\/301
|-unboost|p2a: Latios|spe|1
|
|turn|10
|
|move|p1a: Keldeo|Secret Sword|p2a: Latios
|-resisted|p2a: Latios
|-damage|p2a: Latios|0 fnt
|faint|p2a: Latios
|
|
|switch|p2a: Clefable|Clefable, F|394\/394
|turn|11
|
|switch|p1a: Skarmory|Skarmory, F|334\/334
|move|p2a: Clefable|Stealth Rock|p1a: Skarmory
|-sidestart|p1: wish killer|move: Stealth Rock
|
|turn|12
|
|move|p1a: Skarmory|Spikes|p2a: Clefable
|-sidestart|p2: Divine Rose|Spikes
|move|p2a: Clefable|Thunder Wave|p1a: Skarmory
|-status|p1a: Skarmory|par
|
|turn|13
|
|switch|p2a: Charizard|Charizard-Mega-Y, F|311\/311
|-weather|SunnyDay
|cant|p1a: Skarmory|par
|
|-weather|SunnyDay|[upkeep]
|turn|14
|
|switch|p1a: Chansey|Chansey, F|684\/684
|-damage|p1a: Chansey|599\/684|[from] Stealth Rock
|move|p2a: Charizard|Fire Blast|p1a: Chansey
|-damage|p1a: Chansey|394\/684
|-status|p1a: Chansey|brn
|
|-weather|SunnyDay|[upkeep]
|-damage|p1a: Chansey|309\/684 brn|[from] brn
|turn|15
|
|switch|p2a: Gliscor|Gliscor, M|353\/353 tox
|move|p1a: Chansey|Soft-Boiled|p1a: Chansey
|-heal|p1a: Chansey|651\/684 brn
|
|-weather|SunnyDay|[upkeep]
|-damage|p1a: Chansey|566\/684 brn|[from] brn
|turn|16
|
|switch|p1a: Skarmory|Skarmory, F|334\/334 par
|-damage|p1a: Skarmory|293\/334 par|[from] Stealth Rock
|move|p2a: Gliscor|Knock Off|p1a: Skarmory
|-damage|p1a: Skarmory|249\/334 par
|-damage|p2a: Gliscor|295\/353 tox|[from] item: Rocky Helmet|[of] p1a: Skarmory
|-enditem|p1a: Skarmory|Rocky Helmet|[from] move: Knock Off|[of] p2a: Gliscor
|
|-weather|SunnyDay|[upkeep]
|-heal|p2a: Gliscor|339\/353 tox|[from] ability: Poison Heal
|turn|17
|
|move|p2a: Gliscor|Taunt|p1a: Skarmory
|-start|p1a: Skarmory|move: Taunt
|cant|p1a: Skarmory|move: Taunt|Spikes
|
|-weather|none
|-heal|p2a: Gliscor|353\/353 tox|[from] ability: Poison Heal
|turn|18
|
|move|p2a: Gliscor|Knock Off|p1a: Skarmory
|-crit|p1a: Skarmory
|-damage|p1a: Skarmory|204\/334 par
|move|p1a: Skarmory|Brave Bird|p2a: Gliscor
|-damage|p2a: Gliscor|278\/353 tox
|-damage|p1a: Skarmory|179\/334 par|[from] recoil|[of] p2a: Gliscor
|
|-heal|p2a: Gliscor|322\/353 tox|[from] ability: Poison Heal
|turn|19
|
|switch|p1a: Venusaur|Venusaur, M|364\/364
|-damage|p1a: Venusaur|319\/364|[from] Stealth Rock
|move|p2a: Gliscor|Knock Off|p1a: Venusaur
|-damage|p1a: Venusaur|281\/364
|
|-heal|p2a: Gliscor|353\/353 tox|[from] ability: Poison Heal
|turn|20
|
|detailschange|p1a: Venusaur|Venusaur-Mega, M
|-mega|p1a: Venusaur|Venusaur|Venusaurite
|move|p2a: Gliscor|Taunt|p1a: Venusaur
|-start|p1a: Venusaur|move: Taunt
|move|p1a: Venusaur|Giga Drain|p2a: Gliscor
|-crit|p2a: Gliscor
|-damage|p2a: Gliscor|154\/353 tox
|-heal|p1a: Venusaur|364\/364|[from] drain|[of] p2a: Gliscor
|
|-heal|p2a: Gliscor|198\/353 tox|[from] ability: Poison Heal
|turn|21
|
|switch|p2a: Clefable|Clefable, F|394\/394
|move|p1a: Venusaur|Giga Drain|p2a: Clefable
|-damage|p2a: Clefable|283\/394
|
|-heal|p2a: Clefable|307\/394|[from] item: Leftovers
|turn|22
|
|switch|p1a: Chansey|Chansey, F|566\/684
|-damage|p1a: Chansey|481\/684|[from] Stealth Rock
|move|p2a: Clefable|Thunder Wave|p1a: Chansey
|-status|p1a: Chansey|par
|
|-heal|p2a: Clefable|331\/394|[from] item: Leftovers
|turn|23
|
|switch|p2a: Keldeo-Resolute|Keldeo-Resolute|323\/323
|-damage|p2a: Keldeo-Resolute|283\/323|[from] Spikes
|cant|p1a: Chansey|par
|
|-heal|p2a: Keldeo-Resolute|303\/323|[from] item: Leftovers
|turn|24
|
|switch|p1a: Venusaur|Venusaur-Mega, M|364\/364
|-damage|p1a: Venusaur|319\/364|[from] Stealth Rock
|move|p2a: Keldeo-Resolute|Substitute|p2a: Keldeo-Resolute
|-start|p2a: Keldeo-Resolute|Substitute
|-damage|p2a: Keldeo-Resolute|223\/323
|
|-heal|p2a: Keldeo-Resolute|243\/323|[from] item: Leftovers
|turn|25
|
|switch|p2a: Charizard|Charizard-Mega-Y, F|311\/311
|-weather|SunnyDay
|move|p1a: Venusaur|Giga Drain|p2a: Charizard
|-resisted|p2a: Charizard
|-damage|p2a: Charizard|288\/311
|-heal|p1a: Venusaur|331\/364|[from] drain|[of] p2a: Charizard
|
|-weather|SunnyDay|[upkeep]
|turn|26
|
|switch|p1a: Skarmory|Skarmory, F|179\/334 par
|-damage|p1a: Skarmory|138\/334 par|[from] Stealth Rock
|move|p2a: Charizard|Fire Blast|p1a: Skarmory
|-supereffective|p1a: Skarmory
|-damage|p1a: Skarmory|0 fnt
|faint|p1a: Skarmory
|
|-weather|SunnyDay|[upkeep]
|
|switch|p1a: Chansey|Chansey, F|481\/684
|-damage|p1a: Chansey|396\/684|[from] Stealth Rock
|turn|27
|
|switch|p2a: Gliscor|Gliscor, M|198\/353 tox
|move|p1a: Chansey|Soft-Boiled|p1a: Chansey
|-heal|p1a: Chansey|684\/684
|
|-weather|SunnyDay|[upkeep]
|-heal|p2a: Gliscor|242\/353 tox|[from] ability: Poison Heal
|turn|28
|
|switch|p1a: Keldeo|Keldeo|323\/323
|-damage|p1a: Keldeo|303\/323|[from] Stealth Rock
|move|p2a: Gliscor|Taunt|p1a: Keldeo
|-start|p1a: Keldeo|move: Taunt
|
|-weather|SunnyDay|[upkeep]
|-heal|p1a: Keldeo|323\/323|[from] item: Leftovers
|-heal|p2a: Gliscor|286\/353 tox|[from] ability: Poison Heal
|turn|29
|
|switch|p1a: Bisharp|Bisharp, F|334\/334
|-damage|p1a: Bisharp|314\/334|[from] Stealth Rock
|switch|p2a: Clefable|Clefable, F|331\/394
|
|-weather|none
|-heal|p1a: Bisharp|334\/334|[from] item: Leftovers
|-heal|p2a: Clefable|355\/394|[from] item: Leftovers
|turn|30
|c|âDivine Rose|can you please turn the timer off
|
|move|p1a: Bisharp|Knock Off|p2a: Clefable
|-resisted|p2a: Clefable
|-damage|p2a: Clefable|261\/394
|-enditem|p2a: Clefable|Leftovers|[from] move: Knock Off|[of] p1a: Bisharp
|move|p2a: Clefable|Thunder Wave|p1a: Bisharp
|-status|p1a: Bisharp|par
|
|turn|31
|
|switch|p2a: Gliscor|Gliscor, M|286\/353 tox
|cant|p1a: Bisharp|par
|
|-heal|p2a: Gliscor|330\/353 tox|[from] ability: Poison Heal
|turn|32
|
|switch|p1a: Venusaur|Venusaur-Mega, M|331\/364
|-damage|p1a: Venusaur|286\/364|[from] Stealth Rock
|move|p2a: Gliscor|Knock Off|p1a: Venusaur
|-crit|p1a: Venusaur
|-damage|p1a: Venusaur|238\/364
|
|-heal|p2a: Gliscor|353\/353 tox|[from] ability: Poison Heal
|turn|33
|
|move|p2a: Gliscor|Taunt|p1a: Venusaur
|-start|p1a: Venusaur|move: Taunt
|move|p1a: Venusaur|Giga Drain|p2a: Gliscor
|-crit|p2a: Gliscor
|-damage|p2a: Gliscor|169\/353 tox
|-heal|p1a: Venusaur|330\/364|[from] drain|[of] p2a: Gliscor
|
|-heal|p2a: Gliscor|213\/353 tox|[from] ability: Poison Heal
|turn|34
|c|âDivine Rose|cmon man
|
|switch|p2a: Charizard|Charizard-Mega-Y, F|288\/311
|-weather|SunnyDay
|move|p1a: Venusaur|Giga Drain|p2a: Charizard
|-resisted|p2a: Charizard
|-damage|p2a: Charizard|266\/311
|-heal|p1a: Venusaur|341\/364|[from] drain|[of] p2a: Charizard
|
|-weather|SunnyDay|[upkeep]
|turn|35
|c|âDivine Rose|i can't do anything about the lag
|
|switch|p1a: Chansey|Chansey, F|684\/684
|-damage|p1a: Chansey|599\/684|[from] Stealth Rock
|move|p2a: Charizard|Fire Blast|p1a: Chansey
|-damage|p1a: Chansey|377\/684
|
|-weather|SunnyDay|[upkeep]
|turn|36
|c|âDivine Rose|I already clicked my button
|
|switch|p2a: Gliscor|Gliscor, M|213\/353 tox
|move|p1a: Chansey|Soft-Boiled|p1a: Chansey
|-heal|p1a: Chansey|684\/684
|
|-weather|SunnyDay|[upkeep]
|-heal|p2a: Gliscor|257\/353 tox|[from] ability: Poison Heal
|turn|37
|
|switch|p1a: Venusaur|Venusaur-Mega, M|341\/364
|-damage|p1a: Venusaur|296\/364|[from] Stealth Rock
|move|p2a: Gliscor|Knock Off|p1a: Venusaur
|-crit|p1a: Venusaur
|-damage|p1a: Venusaur|248\/364
|
|-weather|SunnyDay|[upkeep]
|-heal|p2a: Gliscor|301\/353 tox|[from] ability: Poison Heal
|turn|38
|
|switch|p2a: Charizard|Charizard-Mega-Y, F|266\/311
|move|p1a: Venusaur|Giga Drain|p2a: Charizard
|-resisted|p2a: Charizard
|-damage|p2a: Charizard|244\/311
|-heal|p1a: Venusaur|259\/364|[from] drain|[of] p2a: Charizard
|
|-weather|none
|turn|39
|
|switch|p2a: Gliscor|Gliscor, M|301\/353 tox
|move|p1a: Venusaur|Synthesis|p1a: Venusaur
|-heal|p1a: Venusaur|364\/364
|
|-heal|p2a: Gliscor|345\/353 tox|[from] ability: Poison Heal
|turn|40
|
|switch|p1a: Keldeo|Keldeo|323\/323
|-damage|p1a: Keldeo|303\/323|[from] Stealth Rock
|move|p2a: Gliscor|Taunt|p1a: Keldeo
|-start|p1a: Keldeo|move: Taunt
|
|-heal|p1a: Keldeo|323\/323|[from] item: Leftovers
|-heal|p2a: Gliscor|353\/353 tox|[from] ability: Poison Heal
|turn|41
|
|switch|p2a: Clefable|Clefable, F|261\/394
|move|p1a: Keldeo|Scald|p2a: Clefable
|-damage|p2a: Clefable|129\/394
|
|turn|42
|
|move|p1a: Keldeo|Scald|p2a: Clefable
|-damage|p2a: Clefable|0 fnt
|faint|p2a: Clefable
|
|c|âDivine Rose|omg
|
|switch|p2a: Charizard|Charizard-Mega-Y, F|244\/311
|-weather|SunnyDay
|turn|43
|
|switch|p1a: Chansey|Chansey, F|684\/684
|-damage|p1a: Chansey|599\/684|[from] Stealth Rock
|move|p2a: Charizard|Solar Beam|p1a: Chansey|[still]
|-prepare|p2a: Charizard|Solar Beam|p1a: Chansey
|-anim|p2a: Charizard|Solar Beam|p1a: Chansey
|-damage|p1a: Chansey|494\/684
|
|-weather|SunnyDay|[upkeep]
|turn|44
|
|switch|p2a: Gliscor|Gliscor, M|353\/353 tox
|move|p1a: Chansey|Soft-Boiled|p1a: Chansey
|-heal|p1a: Chansey|684\/684
|
|-weather|SunnyDay|[upkeep]
|turn|45
|c|âDivine Rose|I don't get it
|c|âDivine Rose|I ask nicely
|
|switch|p1a: Venusaur|Venusaur-Mega, M|364\/364
|-damage|p1a: Venusaur|319\/364|[from] Stealth Rock
|move|p2a: Gliscor|Knock Off|p1a: Venusaur
|-damage|p1a: Venusaur|289\/364
|
|-weather|SunnyDay|[upkeep]
|turn|46
|c|âDivine Rose|but you choose to be an ass
|c|âDivine Rose|Do I really deserve this?
|
|switch|p2a: Charizard|Charizard-Mega-Y, F|244\/311
|move|p1a: Venusaur|Giga Drain|p2a: Charizard
|-resisted|p2a: Charizard
|-damage|p2a: Charizard|221\/311
|-heal|p1a: Venusaur|301\/364|[from] drain|[of] p2a: Charizard
|
|-weather|SunnyDay|[upkeep]
|turn|47
|c|âDivine Rose|Ahh I get it
|
|switch|p1a: Chansey|Chansey, F|684\/684
|-damage|p1a: Chansey|599\/684|[from] Stealth Rock
|move|p2a: Charizard|Fire Blast|p1a: Chansey
|-damage|p1a: Chansey|371\/684
|-status|p1a: Chansey|brn
|
|-weather|none
|-damage|p1a: Chansey|286\/684 brn|[from] brn
|turn|48
|c|âDivine Rose|you're scared to lose 40 points
|-message|Divine Rose lost due to inactivity.
|
|move|p2a: Charizard|Focus Blast|p1a: Chansey|[miss]
|-miss|p2a: Charizard|p1a: Chansey
|move|p1a: Chansey|Soft-Boiled|p1a: Chansey
|-heal|p1a: Chansey|628\/684 brn
|
|-damage|p1a: Chansey|543\/684 brn|[from] brn
|turn|49
|c|âDivine Rose|I used to look up to you
|
|win|wish killer
|raw|Ladder updating...
|c|âDivine Rose|I lost all my respect
|raw|wish killer's rating: 1828 &rarr; <strong>1835<\/strong><br \/>(+7 for winning)
|raw|Divine Rose's rating: 1564 &rarr; <strong>1557<\/strong><br \/>(-7 for losing)
|c|âDivine Rose|Have a nice day
|c|âDivine Rose|sir
|leave|Divine Rose