|join|obii
|join|Divine Rose
|player|p1|obii|80
|player|p2|Divine Rose|33
|gametype|singles
|gen|6
|tier|OU (suspect test)
|rated
|clearpoke
|poke|p1|Infernape, F
|poke|p1|Keldeo
|poke|p1|Metagross
|poke|p1|Bisharp, F
|poke|p1|Thundurus, M
|poke|p1|Dragonite, F
|poke|p2|Celebi
|poke|p2|Landorus-Therian, M
|poke|p2|Rotom-Wash
|poke|p2|Cobalion
|poke|p2|Sableye, M
|poke|p2|Victini
|rule|Swagger Clause: Swagger is banned
|rule|Baton Pass Clause: Limit one PokÃ©mon knowing Baton Pass
|rule|Sleep Clause Mod: Limit one foe put to sleep
|rule|Species Clause: Limit one of each PokÃ©mon
|rule|OHKO Clause: OHKO moves are banned
|rule|Moody Clause: Moody is banned
|rule|Evasion Moves Clause: Evasion moves are banned
|rule|Endless Battle Clause: Forcing endless battles is banned
|rule|HP Percentage Mod: HP is shown in percentages
|teampreview
|
|start
|switch|p1a: Infernape|Infernape, F|293\/293
|switch|p2a: Victini|Victini|359\/359
|turn|1
|c|âobii|cool team
|c|âDivine Rose|trying something new
|
|move|p2a: Victini|U-turn|p1a: Infernape
|-resisted|p1a: Infernape
|-damage|p1a: Infernape|271\/293
|
|switch|p2a: Rotom-Wash|Rotom-Wash|303\/303
|move|p1a: Infernape|Stealth Rock|p2a: Rotom-Wash
|-sidestart|p2: Divine Rose|move: Stealth Rock
|
|turn|2
|
|move|p1a: Infernape|Close Combat|p2a: Rotom-Wash
|-damage|p2a: Rotom-Wash|192\/303
|-unboost|p1a: Infernape|def|1
|-unboost|p1a: Infernape|spd|1
|move|p2a: Rotom-Wash|Hydro Pump|p1a: Infernape|[miss]
|-miss|p2a: Rotom-Wash|p1a: Infernape
|
|-heal|p2a: Rotom-Wash|210\/303|[from] item: Leftovers
|turn|3
|
|move|p1a: Infernape|Fire Blast|p2a: Rotom-Wash
|-resisted|p2a: Rotom-Wash
|-damage|p2a: Rotom-Wash|140\/303
|move|p2a: Rotom-Wash|Hydro Pump|p1a: Infernape
|-supereffective|p1a: Infernape
|-damage|p1a: Infernape|0 fnt
|faint|p1a: Infernape
|
|-heal|p2a: Rotom-Wash|158\/303|[from] item: Leftovers
|
|switch|p1a: Thundurus|Thundurus, M|299\/299
|turn|4
|
|move|p1a: Thundurus|Thunderbolt|p2a: Rotom-Wash
|-damage|p2a: Rotom-Wash|0 fnt
|-damage|p1a: Thundurus|270\/299|[from] item: Life Orb
|faint|p2a: Rotom-Wash
|
|
|switch|p2a: Celebi|Celebi|403\/403
|-damage|p2a: Celebi|353\/403|[from] Stealth Rock
|turn|5
|
|switch|p1a: Bisharp|Bisharp, F|271\/271
|move|p2a: Celebi|Swords Dance|p2a: Celebi
|-boost|p2a: Celebi|atk|2
|
|-heal|p2a: Celebi|378\/403|[from] item: Leftovers
|turn|6
|
|switch|p2a: Cobalion|Cobalion|323\/323
|-damage|p2a: Cobalion|313\/323|[from] Stealth Rock
|move|p1a: Bisharp|Swords Dance|p1a: Bisharp
|-boost|p1a: Bisharp|atk|2
|
|-heal|p2a: Cobalion|323\/323|[from] item: Leftovers
|turn|7
|
|switch|p1a: Dragonite|Dragonite, F|323\/323
|move|p2a: Cobalion|Close Combat|p1a: Dragonite
|-resisted|p1a: Dragonite
|-damage|p1a: Dragonite|280\/323
|-unboost|p2a: Cobalion|def|1
|-unboost|p2a: Cobalion|spd|1
|
|turn|8
|
|switch|p1a: Keldeo|Keldeo|323\/323
|move|p2a: Cobalion|Hidden Power|p1a: Keldeo
|-resisted|p1a: Keldeo
|-damage|p1a: Keldeo|297\/323
|
|turn|9
|
|switch|p2a: Celebi|Celebi|378\/403
|-damage|p2a: Celebi|328\/403|[from] Stealth Rock
|move|p1a: Keldeo|Icy Wind|p2a: Celebi
|-supereffective|p2a: Celebi
|-damage|p2a: Celebi|178\/403
|-unboost|p2a: Celebi|spe|1
|
|-heal|p2a: Celebi|203\/403|[from] item: Leftovers
|turn|10
|
|switch|p1a: Dragonite|Dragonite, F|280\/323
|move|p2a: Celebi|Recover|p2a: Celebi
|-heal|p2a: Celebi|403\/403
|
|turn|11
|
|switch|p2a: Landorus-Therian|Landorus-Therian, M|375\/375
|-damage|p2a: Landorus-Therian|329\/375|[from] Stealth Rock
|-ability|p2a: Landorus-Therian|Intimidate|[of] p1a: Dragonite
|-unboost|p1a: Dragonite|atk|1
|move|p1a: Dragonite|Fire Punch|p2a: Landorus-Therian
|-damage|p2a: Landorus-Therian|248\/375
|
|-heal|p2a: Landorus-Therian|271\/375|[from] item: Leftovers
|turn|12
|
|switch|p1a: Thundurus|Thundurus, M|270\/299
|move|p2a: Landorus-Therian|Stealth Rock|p1a: Thundurus
|-sidestart|p1: obii|move: Stealth Rock
|
|-heal|p2a: Landorus-Therian|294\/375|[from] item: Leftovers
|turn|13
|
|switch|p2a: Sableye|Sableye, M|303\/303
|-damage|p2a: Sableye|266\/303|[from] Stealth Rock
|move|p1a: Thundurus|Thunderbolt|p2a: Sableye
|-damage|p2a: Sableye|85\/303
|-damage|p1a: Thundurus|241\/299|[from] item: Life Orb
|
|turn|14
|
|detailschange|p2a: Sableye|Sableye-Mega, M
|-mega|p2a: Sableye|Sableye|Sablenite
|move|p2a: Sableye|Recover|p2a: Sableye
|-heal|p2a: Sableye|237\/303
|move|p1a: Thundurus|Thunderbolt|p2a: Sableye
|-damage|p2a: Sableye|116\/303
|-damage|p1a: Thundurus|212\/299|[from] item: Life Orb
|
|turn|15
|
|move|p1a: Thundurus|Thunderbolt|p2a: Sableye
|-crit|p2a: Sableye
|-damage|p2a: Sableye|0 fnt
|-damage|p1a: Thundurus|183\/299|[from] item: Life Orb
|faint|p2a: Sableye
|
|
|switch|p2a: Celebi|Celebi|403\/403
|-damage|p2a: Celebi|353\/403|[from] Stealth Rock
|turn|16
|
|move|p1a: Thundurus|Hidden Power|p2a: Celebi
|-supereffective|p2a: Celebi
|-damage|p2a: Celebi|228\/403
|-damage|p1a: Thundurus|154\/299|[from] item: Life Orb
|move|p2a: Celebi|Seed Bomb|p1a: Thundurus
|-resisted|p1a: Thundurus
|-damage|p1a: Thundurus|88\/299
|
|-heal|p2a: Celebi|253\/403|[from] item: Leftovers
|turn|17
|
|move|p1a: Thundurus|Hidden Power|p2a: Celebi
|-crit|p2a: Celebi
|-supereffective|p2a: Celebi
|-damage|p2a: Celebi|61\/403
|-damage|p1a: Thundurus|59\/299|[from] item: Life Orb
|move|p2a: Celebi|Recover|p2a: Celebi
|-heal|p2a: Celebi|263\/403
|
|-heal|p2a: Celebi|288\/403|[from] item: Leftovers
|turn|18
|
|move|p1a: Thundurus|Thunder Wave|p2a: Celebi
|-status|p2a: Celebi|par
|move|p2a: Celebi|Recover|p2a: Celebi
|-heal|p2a: Celebi|403\/403 par
|
|turn|19
|
|move|p1a: Thundurus|Hidden Power|p2a: Celebi
|-supereffective|p2a: Celebi
|-damage|p2a: Celebi|278\/403 par
|-damage|p1a: Thundurus|30\/299|[from] item: Life Orb
|move|p2a: Celebi|Seed Bomb|p1a: Thundurus
|-resisted|p1a: Thundurus
|-damage|p1a: Thundurus|0 fnt
|faint|p1a: Thundurus
|
|-heal|p2a: Celebi|303\/403 par|[from] item: Leftovers
|
|switch|p1a: Dragonite|Dragonite, F|280\/323
|-damage|p1a: Dragonite|200\/323|[from] Stealth Rock
|turn|20
|
|switch|p2a: Landorus-Therian|Landorus-Therian, M|294\/375
|-damage|p2a: Landorus-Therian|248\/375|[from] Stealth Rock
|-ability|p2a: Landorus-Therian|Intimidate|[of] p1a: Dragonite
|-unboost|p1a: Dragonite|atk|1
|move|p1a: Dragonite|Fire Punch|p2a: Landorus-Therian
|-damage|p2a: Landorus-Therian|169\/375
|
|-heal|p2a: Landorus-Therian|192\/375|[from] item: Leftovers
|turn|21
|
|move|p1a: Dragonite|Fire Punch|p2a: Landorus-Therian
|-damage|p2a: Landorus-Therian|110\/375
|-status|p2a: Landorus-Therian|brn
|move|p2a: Landorus-Therian|Earthquake|p1a: Dragonite
|-immune|p1a: Dragonite|[msg]
|
|-heal|p2a: Landorus-Therian|133\/375 brn|[from] item: Leftovers
|-damage|p2a: Landorus-Therian|87\/375 brn|[from] brn
|turn|22
|
|move|p1a: Dragonite|Fire Punch|p2a: Landorus-Therian
|-damage|p2a: Landorus-Therian|12\/375 brn
|move|p2a: Landorus-Therian|Stone Edge|p1a: Dragonite|[miss]
|-miss|p2a: Landorus-Therian|p1a: Dragonite
|
|-heal|p2a: Landorus-Therian|35\/375 brn|[from] item: Leftovers
|-damage|p2a: Landorus-Therian|0 fnt|[from] brn
|faint|p2a: Landorus-Therian
|c|âobii|sorry
|
|switch|p2a: Victini|Victini|359\/359
|-damage|p2a: Victini|270\/359|[from] Stealth Rock
|turn|23
|
|switch|p1a: Metagross|Metagross|301\/301
|-damage|p1a: Metagross|283\/301|[from] Stealth Rock
|move|p2a: Victini|Zen Headbutt|p1a: Metagross
|-resisted|p1a: Metagross
|-damage|p1a: Metagross|258\/301
|
|turn|24
|
|switch|p2a: Cobalion|Cobalion|323\/323
|-damage|p2a: Cobalion|313\/323|[from] Stealth Rock
|detailschange|p1a: Metagross|Metagross-Mega
|-mega|p1a: Metagross|Metagross|Metagrossite
|move|p1a: Metagross|Meteor Mash|p2a: Cobalion
|-resisted|p2a: Cobalion
|-damage|p2a: Cobalion|223\/323
|-boost|p1a: Metagross|atk|1
|
|-heal|p2a: Cobalion|243\/323|[from] item: Leftovers
|turn|25
|
|switch|p2a: Celebi|Celebi|303\/403
|-damage|p2a: Celebi|253\/403|[from] Stealth Rock
|move|p1a: Metagross|Meteor Mash|p2a: Celebi
|-damage|p2a: Celebi|0 fnt
|faint|p2a: Celebi
|
|
|switch|p2a: Victini|Victini|270\/359
|-damage|p2a: Victini|181\/359|[from] Stealth Rock
|turn|26
|
|move|p1a: Metagross|Bullet Punch|p2a: Victini
|-resisted|p2a: Victini
|-damage|p2a: Victini|102\/359
|move|p2a: Victini|V-create|p1a: Metagross
|-supereffective|p1a: Metagross
|-damage|p1a: Metagross|0 fnt
|-unboost|p2a: Victini|def|1
|-unboost|p2a: Victini|spd|1
|-unboost|p2a: Victini|spe|1
|faint|p1a: Metagross
|
|
|switch|p1a: Dragonite|Dragonite, F|200\/323
|-damage|p1a: Dragonite|120\/323|[from] Stealth Rock
|turn|27
|
|move|p1a: Dragonite|Extreme Speed|p2a: Victini
|-damage|p2a: Victini|0 fnt
|faint|p2a: Victini
|
|
|switch|p2a: Cobalion|Cobalion|243\/323
|-damage|p2a: Cobalion|233\/323|[from] Stealth Rock
|turn|28
|
|switch|p1a: Bisharp|Bisharp, F|271\/271
|-damage|p1a: Bisharp|255\/271|[from] Stealth Rock
|move|p2a: Cobalion|Hidden Power|p1a: Bisharp
|-resisted|p1a: Bisharp
|-damage|p1a: Bisharp|226\/271
|
|-heal|p2a: Cobalion|253\/323|[from] item: Leftovers
|turn|29
|
|move|p2a: Cobalion|Close Combat|p1a: Bisharp
|-supereffective|p1a: Bisharp
|-damage|p1a: Bisharp|0 fnt
|-unboost|p2a: Cobalion|def|1
|-unboost|p2a: Cobalion|spd|1
|faint|p1a: Bisharp
|
|-heal|p2a: Cobalion|273\/323|[from] item: Leftovers
|
|switch|p1a: Keldeo|Keldeo|297\/323
|-damage|p1a: Keldeo|277\/323|[from] Stealth Rock
|turn|30
|
|move|p1a: Keldeo|Secret Sword|p2a: Cobalion
|-supereffective|p2a: Cobalion
|-damage|p2a: Cobalion|0 fnt
|faint|p2a: Cobalion
|
|win|obii
|raw|Ladder updating...
|raw|obii's rating: 1372 &rarr; <strong>1389<\/strong><br \/>(+17 for winning)
|raw|Divine Rose's rating: 1324 &rarr; <strong>1307<\/strong><br \/>(-17 for losing)
|c|âobii|gg
|c|âDivine Rose|are you scarfed?