|join|its me god
|join|taw
|player|p1|its me god|101
|player|p2|taw|257
|gametype|singles
|gen|6
|tier|OU
|rated
|clearpoke
|poke|p1|Beedrill, F
|poke|p1|Ferrothorn, M
|poke|p1|Landorus-Therian, M
|poke|p1|Rotom-Wash
|poke|p1|Latios, M
|poke|p1|Greninja, M
|poke|p2|Gliscor, M
|poke|p2|Scizor, M
|poke|p2|Rotom-Wash
|poke|p2|Gothitelle, F
|poke|p2|Ditto
|poke|p2|Chansey, F
|rule|Swagger Clause: Swagger is banned
|rule|Baton Pass Clause: Limit one PokÃ©mon knowing Baton Pass
|rule|Sleep Clause Mod: Limit one foe put to sleep
|rule|Species Clause: Limit one of each PokÃ©mon
|rule|OHKO Clause: OHKO moves are banned
|rule|Moody Clause: Moody is banned
|rule|Evasion Moves Clause: Evasion moves are banned
|rule|Endless Battle Clause: Forcing endless battles is banned
|rule|HP Percentage Mod: HP is shown in percentages
|teampreview
|
|start
|switch|p1a: Beedrill|Beedrill, F|271\/271
|switch|p2a: Rotom-Wash|Rotom-Wash|304\/304
|turn|1
|
|detailschange|p1a: Beedrill|Beedrill-Mega, F
|message|Beedrill has Mega Evolved into Mega Beedrill!
|move|p1a: Beedrill|U-turn|p2a: Rotom-Wash
|-damage|p2a: Rotom-Wash|182\/304
|
|switch|p1a: Rotom-Wash|Rotom-Wash|303\/303
|move|p2a: Rotom-Wash|Will-O-Wisp|p1a: Rotom-Wash
|-status|p1a: Rotom-Wash|brn
|
|-heal|p2a: Rotom-Wash|201\/304|[from] item: Leftovers
|-damage|p1a: Rotom-Wash|266\/303 brn|[from] brn
|turn|2
|
|move|p2a: Rotom-Wash|Volt Switch|p1a: Rotom-Wash
|-damage|p1a: Rotom-Wash|197\/303 brn
|
|switch|p2a: Ditto|Ditto|300\/300
|-transform|p2a: Ditto|p1a: Rotom-Wash
|move|p1a: Rotom-Wash|Volt Switch|p2a: Ditto
|-crit|p2a: Ditto
|-damage|p2a: Ditto|188\/300
|
|switch|p1a: Greninja|Greninja, M|285\/285
|
|turn|3
|
|move|p1a: Greninja|Spikes|p2a: Ditto
|-start|p1a: Greninja|typechange|Ground|[from] Protean
|-sidestart|p2: taw|Spikes
|move|p2a: Ditto|Volt Switch|p1a: Greninja
|-immune|p1a: Greninja|[msg]
|
|turn|4
|
|switch|p2a: Gothitelle|Gothitelle, F|301\/301
|-damage|p2a: Gothitelle|264\/301|[from] Spikes
|move|p1a: Greninja|Spikes|p2a: Gothitelle
|-sidestart|p2: taw|Spikes
|
|turn|5
|
|move|p1a: Greninja|Dark Pulse|p2a: Gothitelle
|-start|p1a: Greninja|typechange|Dark|[from] Protean
|-supereffective|p2a: Gothitelle
|-damage|p2a: Gothitelle|0 fnt
|-damage|p1a: Greninja|257\/285|[from] item: Life Orb
|faint|p2a: Gothitelle
|
|
|switch|p2a: Gliscor|Gliscor, M|352\/352
|turn|6
|
|move|p1a: Greninja|Ice Beam|p2a: Gliscor
|-start|p1a: Greninja|typechange|Ice|[from] Protean
|-supereffective|p2a: Gliscor
|-damage|p2a: Gliscor|0 fnt
|-damage|p1a: Greninja|229\/285|[from] item: Life Orb
|faint|p2a: Gliscor
|
|
|switch|p2a: Scizor|Scizor, M|344\/344
|-damage|p2a: Scizor|287\/344|[from] Spikes
|turn|7
|
|switch|p1a: Rotom-Wash|Rotom-Wash|197\/303 brn
|detailschange|p2a: Scizor|Scizor-Mega, M
|message|Scizor has Mega Evolved into Mega Scizor!
|move|p2a: Scizor|Bullet Punch|p1a: Rotom-Wash
|-crit|p1a: Rotom-Wash
|-resisted|p1a: Rotom-Wash
|-damage|p1a: Rotom-Wash|168\/303 brn
|
|-heal|p1a: Rotom-Wash|186\/303 brn|[from] item: Leftovers
|-damage|p1a: Rotom-Wash|149\/303 brn|[from] brn
|turn|8
|
|move|p1a: Rotom-Wash|Will-O-Wisp|p2a: Scizor
|-status|p2a: Scizor|brn
|move|p2a: Scizor|Swords Dance|p2a: Scizor
|-boost|p2a: Scizor|atk|2
|
|-heal|p1a: Rotom-Wash|167\/303 brn|[from] item: Leftovers
|-damage|p1a: Rotom-Wash|130\/303 brn|[from] brn
|-damage|p2a: Scizor|244\/344 brn|[from] brn
|turn|9
|
|move|p1a: Rotom-Wash|Hydro Pump|p2a: Scizor
|-crit|p2a: Scizor
|-damage|p2a: Scizor|33\/344 brn
|move|p2a: Scizor|Swords Dance|p2a: Scizor
|-boost|p2a: Scizor|atk|2
|
|-heal|p1a: Rotom-Wash|148\/303 brn|[from] item: Leftovers
|-damage|p1a: Rotom-Wash|111\/303 brn|[from] brn
|-damage|p2a: Scizor|0 fnt|[from] brn
|faint|p2a: Scizor
|leave|taw
|player|p2
|-message|taw lost due to inactivity.
|
|win|its me god
|raw|Ladder updating...
|raw|its me god's rating: 1441 &rarr; <strong>1459<\/strong><br \/>(+18 for winning)
|raw|taw's rating: 1405 &rarr; <strong>1387<\/strong><br \/>(-18 for losing)