|join|Woolytop
|join|taw
|player|p1|Woolytop|131
|player|p2|taw|266
|gametype|singles
|gen|6
|tier|OU
|rated
|clearpoke
|poke|p1|Lopunny, F
|poke|p1|Dragonite, F
|poke|p1|Scizor, M
|poke|p1|Alakazam, M
|poke|p1|Sylveon, F
|poke|p1|Slowbro, M
|poke|p2|Serperior, M
|poke|p2|Gyarados, M
|poke|p2|Talonflame, F
|poke|p2|Bisharp, M
|poke|p2|Aerodactyl, F
|poke|p2|Latias, F
|rule|Swagger Clause: Swagger is banned
|rule|Baton Pass Clause: Limit one PokÃ©mon knowing Baton Pass
|rule|Sleep Clause Mod: Limit one foe put to sleep
|rule|Species Clause: Limit one of each PokÃ©mon
|rule|OHKO Clause: OHKO moves are banned
|rule|Moody Clause: Moody is banned
|rule|Evasion Moves Clause: Evasion moves are banned
|rule|Endless Battle Clause: Forcing endless battles is banned
|rule|HP Percentage Mod: HP is shown in percentages
|teampreview
|
|start
|switch|p1a: Dante|Scizor, M|344\/344
|switch|p2a: Aerodactyl|Aerodactyl, F|301\/301
|-ability|p2a: Aerodactyl|Pressure
|turn|1
|
|move|p1a: Dante|Bullet Punch|p2a: Aerodactyl
|-supereffective|p2a: Aerodactyl
|-damage|p2a: Aerodactyl|53\/301
|move|p2a: Aerodactyl|Stealth Rock|p1a: Dante
|-sidestart|p1: Woolytop|move: Stealth Rock
|
|turn|2
|
|move|p2a: Aerodactyl|Double-Edge|p1a: Dante
|-resisted|p1a: Dante
|-damage|p1a: Dante|298\/344
|-damage|p2a: Aerodactyl|38\/301|[from] recoil|[of] p1a: Dante
|move|p1a: Dante|Defog|p2a: Aerodactyl
|-unboost|p2a: Aerodactyl|evasion|1
|-sideend|p1: Woolytop|Stealth Rock|[from] move: Defog|[of] p1a: Dante
|
|-heal|p1a: Dante|319\/344|[from] item: Leftovers
|turn|3
|
|move|p1a: Dante|Bullet Punch|p2a: Aerodactyl
|-crit|p2a: Aerodactyl
|-supereffective|p2a: Aerodactyl
|-damage|p2a: Aerodactyl|0 fnt
|faint|p2a: Aerodactyl
|
|-heal|p1a: Dante|340\/344|[from] item: Leftovers
|
|switch|p2a: Gyarados|Gyarados, M|331\/331
|-ability|p2a: Gyarados|Intimidate|[of] p1a: Dante
|-unboost|p1a: Dante|atk|1
|turn|4
|
|move|p2a: Gyarados|Dragon Dance|p2a: Gyarados
|-boost|p2a: Gyarados|atk|1
|-boost|p2a: Gyarados|spe|1
|move|p1a: Dante|U-turn|p2a: Gyarados
|-resisted|p2a: Gyarados
|-damage|p2a: Gyarados|289\/331
|
|switch|p1a: Mirex|Dragonite, F|385\/385
|
|turn|5
|
|detailschange|p2a: Gyarados|Gyarados-Mega, M
|-mega|p2a: Gyarados|Gyarados|Gyaradosite
|-ability|p2a: Gyarados|Mold Breaker
|move|p2a: Gyarados|Crunch|p1a: Mirex
|-damage|p1a: Mirex|129\/385
|move|p1a: Mirex|Outrage|p2a: Gyarados
|-crit|p2a: Gyarados
|-damage|p2a: Gyarados|0 fnt
|faint|p2a: Gyarados
|
|
|switch|p2a: Talonflame|Talonflame, F|320\/320
|turn|6
|
|move|p2a: Talonflame|Brave Bird|p1a: Mirex
|-damage|p1a: Mirex|0 fnt
|-damage|p2a: Talonflame|277\/320|[from] recoil|[of] p1a: Mirex
|faint|p1a: Mirex
|
|-heal|p2a: Talonflame|297\/320|[from] item: Leftovers
|
|switch|p1a: Slowbro|Slowbro, M|379\/379
|turn|7
|
|switch|p2a: Serperior|Serperior, M|291\/291
|move|p1a: Slowbro|Fire Blast|p2a: Serperior|[miss]
|-miss|p1a: Slowbro|p2a: Serperior
|
|turn|8
|c|âWoolytop|More like... 5% accuracy.
|
|switch|p1a: Vibri|Sylveon, F|393\/393
|move|p2a: Serperior|Leaf Storm|p1a: Vibri|[miss]
|-miss|p2a: Serperior|p1a: Vibri
|
|turn|9
|c|âtaw|now we're even
|
|move|p2a: Serperior|Leaf Storm|p1a: Vibri
|-damage|p1a: Vibri|282\/393
|-boost|p2a: Serperior|spa|2
|move|p1a: Vibri|Hyper Voice|p2a: Serperior
|-damage|p2a: Serperior|131\/291
|
|-heal|p1a: Vibri|306\/393|[from] item: Leftovers
|turn|10
|
|move|p2a: Serperior|Leaf Storm|p1a: Vibri
|-damage|p1a: Vibri|92\/393
|-boost|p2a: Serperior|spa|2
|move|p1a: Vibri|Hyper Voice|p2a: Serperior
|-damage|p2a: Serperior|0 fnt
|faint|p2a: Serperior
|
|-heal|p1a: Vibri|116\/393|[from] item: Leftovers
|
|switch|p2a: Talonflame|Talonflame, F|297\/320
|turn|11
|
|move|p2a: Talonflame|Swords Dance|p2a: Talonflame
|-boost|p2a: Talonflame|atk|2
|move|p1a: Vibri|Hyper Voice|p2a: Talonflame
|-resisted|p2a: Talonflame
|-damage|p2a: Talonflame|191\/320
|
|-heal|p2a: Talonflame|211\/320|[from] item: Leftovers
|-heal|p1a: Vibri|140\/393|[from] item: Leftovers
|turn|12
|
|move|p2a: Talonflame|Roost|p2a: Talonflame
|-heal|p2a: Talonflame|320\/320
|move|p1a: Vibri|Wish|p1a: Vibri
|
|-heal|p1a: Vibri|164\/393|[from] item: Leftovers
|turn|13
|
|switch|p1a: Slowbro|Slowbro, M|379\/379
|move|p2a: Talonflame|Swords Dance|p2a: Talonflame
|-boost|p2a: Talonflame|atk|2
|
|turn|14
|
|move|p2a: Talonflame|Brave Bird|p1a: Slowbro
|-damage|p1a: Slowbro|0 fnt
|-damage|p2a: Talonflame|195\/320|[from] recoil|[of] p1a: Slowbro
|faint|p1a: Slowbro
|
|-heal|p2a: Talonflame|215\/320|[from] item: Leftovers
|
|switch|p1a: Dante|Scizor, M|340\/344
|turn|15
|
|move|p2a: Talonflame|Brave Bird|p1a: Dante
|-damage|p1a: Dante|0 fnt
|-damage|p2a: Talonflame|103\/320|[from] recoil|[of] p1a: Dante
|faint|p1a: Dante
|
|-heal|p2a: Talonflame|123\/320|[from] item: Leftovers
|
|switch|p1a: Bun-Li|Lopunny, F|271\/271
|turn|16
|
|detailschange|p1a: Bun-Li|Lopunny-Mega, F
|-mega|p1a: Bun-Li|Lopunny|Lopunnite
|move|p2a: Talonflame|Brave Bird|p1a: Bun-Li
|-supereffective|p1a: Bun-Li
|-damage|p1a: Bun-Li|0 fnt
|-damage|p2a: Talonflame|34\/320|[from] recoil|[of] p1a: Bun-Li
|faint|p1a: Bun-Li
|
|-heal|p2a: Talonflame|54\/320|[from] item: Leftovers
|
|switch|p1a: Houston|Alakazam, M|251\/251
|turn|17
|
|move|p2a: Talonflame|Brave Bird|p1a: Houston
|-damage|p1a: Houston|0 fnt
|-damage|p2a: Talonflame|0 fnt|[from] recoil|[of] p1a: Houston
|faint|p1a: Houston
|faint|p2a: Talonflame
|
|
|switch|p2a: Bisharp|Bisharp, M|272\/272
|switch|p1a: Vibri|Sylveon, F|164\/393
|turn|18
|
|move|p1a: Vibri|Protect|p1a: Vibri
|-singleturn|p1a: Vibri|Protect
|move|p2a: Bisharp|Iron Head|p1a: Vibri
|-activate|p1a: Vibri|Protect
|
|-heal|p1a: Vibri|188\/393|[from] item: Leftovers
|turn|19
|
|move|p2a: Bisharp|Iron Head|p1a: Vibri
|-supereffective|p1a: Vibri
|-damage|p1a: Vibri|0 fnt
|faint|p1a: Vibri
|
|win|taw
|raw|Ladder updating...
|c|âtaw|g
|c|âtaw|g
|raw|Woolytop's rating: 1447 &rarr; <strong>1427<\/strong><br \/>(-20 for losing)
|raw|taw's rating: 1445 &rarr; <strong>1465<\/strong><br \/>(+20 for winning)
|leave|Woolytop
|player|p1