|join|taw
|join|Un noob inexperto
|player|p1|taw|265
|player|p2|Un noob inexperto|294
|gametype|singles
|gen|6
|tier|OU
|rated
|clearpoke
|poke|p1|Serperior, M
|poke|p1|Gyarados, M
|poke|p1|Talonflame, F
|poke|p1|Bisharp, M
|poke|p1|Aerodactyl, M
|poke|p1|Latias, F
|poke|p2|Charizard, F
|poke|p2|Excadrill, M
|poke|p2|Dragonite, F
|poke|p2|Hippowdon, F
|poke|p2|Keldeo-Resolute
|poke|p2|Heatran, M
|rule|Swagger Clause: Swagger is banned
|rule|Baton Pass Clause: Limit one PokÃ©mon knowing Baton Pass
|rule|Sleep Clause Mod: Limit one foe put to sleep
|rule|Species Clause: Limit one of each PokÃ©mon
|rule|OHKO Clause: OHKO moves are banned
|rule|Moody Clause: Moody is banned
|rule|Evasion Moves Clause: Evasion moves are banned
|rule|Endless Battle Clause: Forcing endless battles is banned
|rule|HP Percentage Mod: HP is shown in percentages
|teampreview
|
|start
|switch|p1a: Aerodactyl|Aerodactyl, M|301\/301
|switch|p2a: Charizard|Charizard, F|333\/333
|-ability|p1a: Aerodactyl|Pressure
|turn|1
|
|switch|p2a: Hippowdon|Hippowdon, F|420\/420
|-weather|Sandstorm
|move|p1a: Aerodactyl|Rock Slide|p2a: Hippowdon
|-resisted|p2a: Hippowdon
|-damage|p2a: Hippowdon|370\/420
|
|-weather|Sandstorm|[upkeep]
|-heal|p2a: Hippowdon|396\/420|[from] item: Leftovers
|turn|2
|
|move|p1a: Aerodactyl|Taunt|p2a: Hippowdon
|-start|p2a: Hippowdon|move: Taunt
|cant|p2a: Hippowdon|move: Taunt|Stealth Rock
|
|-weather|Sandstorm|[upkeep]
|-heal|p2a: Hippowdon|420\/420|[from] item: Leftovers
|turn|3
|
|switch|p2a: Excadrill|Excadrill, M|361\/361
|move|p1a: Aerodactyl|Stealth Rock|p2a: Excadrill
|-sidestart|p2: Un noob inexperto|move: Stealth Rock
|
|-weather|Sandstorm|[upkeep]
|turn|4
|
|move|p2a: Excadrill|Iron Head|p1a: Aerodactyl
|-supereffective|p1a: Aerodactyl
|-enditem|p1a: Aerodactyl|Focus Sash
|-damage|p1a: Aerodactyl|1\/301
|-damage|p2a: Excadrill|325\/361|[from] item: Life Orb
|move|p1a: Aerodactyl|Earthquake|p2a: Excadrill
|-supereffective|p2a: Excadrill
|-damage|p2a: Excadrill|11\/361
|
|-weather|Sandstorm|[upkeep]
|turn|5
|
|move|p2a: Excadrill|Rapid Spin|p1a: Aerodactyl
|-resisted|p1a: Aerodactyl
|-damage|p1a: Aerodactyl|0 fnt
|-sideend|p2: Un noob inexperto|Stealth Rock|[from] move: Rapid Spin|[of] p2a: Excadrill
|-damage|p2a: Excadrill|0 fnt|[from] item: Life Orb
|faint|p1a: Aerodactyl
|faint|p2a: Excadrill
|
|-weather|none
|
|switch|p1a: Talonflame|Talonflame, F|320\/320
|switch|p2a: Dragonite|Dragonite, F|323\/323
|turn|6
|
|switch|p2a: Hippowdon|Hippowdon, F|420\/420
|-weather|Sandstorm
|move|p1a: Talonflame|Swords Dance|p1a: Talonflame
|-boost|p1a: Talonflame|atk|2
|
|-weather|Sandstorm|[upkeep]
|-damage|p1a: Talonflame|300\/320|[from] sandstorm
|-heal|p1a: Talonflame|320\/320|[from] item: Leftovers
|turn|7
|
|move|p1a: Talonflame|Brave Bird|p2a: Hippowdon
|-damage|p2a: Hippowdon|129\/420
|-damage|p1a: Talonflame|224\/320|[from] recoil|[of] p2a: Hippowdon
|move|p2a: Hippowdon|Whirlwind|p1a: Talonflame
|drag|p1a: Gyarados|Gyarados, M|331\/331
|-ability|p1a: Gyarados|Intimidate|[of] p2a: Hippowdon
|-unboost|p2a: Hippowdon|atk|1
|
|-weather|Sandstorm|[upkeep]
|-damage|p1a: Gyarados|311\/331|[from] sandstorm
|-heal|p2a: Hippowdon|155\/420|[from] item: Leftovers
|turn|8
|
|move|p1a: Gyarados|Waterfall|p2a: Hippowdon
|-supereffective|p2a: Hippowdon
|-damage|p2a: Hippowdon|0 fnt
|faint|p2a: Hippowdon
|
|-weather|Sandstorm|[upkeep]
|-damage|p1a: Gyarados|291\/331|[from] sandstorm
|
|switch|p2a: Dragonite|Dragonite, F|323\/323
|turn|9
|
|switch|p1a: Bisharp|Bisharp, M|272\/272
|move|p2a: Dragonite|Thunder Punch|p1a: Bisharp
|-damage|p1a: Bisharp|118\/272
|-status|p1a: Bisharp|par
|
|-weather|Sandstorm|[upkeep]
|-damage|p2a: Dragonite|303\/323|[from] sandstorm
|turn|10
|
|switch|p2a: Charizard|Charizard, F|333\/333
|move|p1a: Bisharp|Knock Off|p2a: Charizard
|-damage|p2a: Charizard|146\/333
|
|-weather|none
|turn|11
|
|detailschange|p2a: Charizard|Charizard-Mega-Y, F
|-mega|p2a: Charizard|Charizard|Charizardite Y
|-weather|SunnyDay
|move|p1a: Bisharp|Sucker Punch|p2a: Charizard
|-fail|p2a: Charizard
|move|p2a: Charizard|Roost|p2a: Charizard
|-heal|p2a: Charizard|313\/333
|
|-weather|SunnyDay|[upkeep]
|turn|12
|
|cant|p1a: Bisharp|par
|move|p2a: Charizard|Fire Blast|p1a: Bisharp
|-supereffective|p1a: Bisharp
|-damage|p1a: Bisharp|0 fnt
|faint|p1a: Bisharp
|
|-weather|SunnyDay|[upkeep]
|
|switch|p1a: Latias|Latias, F|301\/301
|turn|13
|
|move|p1a: Latias|Draco Meteor|p2a: Charizard
|-damage|p2a: Charizard|79\/333
|-unboost|p1a: Latias|spa|2
|-damage|p1a: Latias|271\/301|[from] item: Life Orb
|move|p2a: Charizard|Dragon Pulse|p1a: Latias
|-supereffective|p1a: Latias
|-damage|p1a: Latias|71\/301
|
|-weather|SunnyDay|[upkeep]
|turn|14
|
|switch|p2a: Keldeo-Resolute|Keldeo-Resolute|323\/323
|move|p1a: Latias|Draco Meteor|p2a: Keldeo-Resolute
|-damage|p2a: Keldeo-Resolute|183\/323
|-unboost|p1a: Latias|spa|2
|-damage|p1a: Latias|41\/301|[from] item: Life Orb
|
|-weather|SunnyDay|[upkeep]
|turn|15
|
|switch|p2a: Dragonite|Dragonite, F|303\/323
|move|p1a: Latias|Draco Meteor|p2a: Dragonite
|-supereffective|p2a: Dragonite
|-damage|p2a: Dragonite|129\/323
|-unboost|p1a: Latias|spa|2
|-damage|p1a: Latias|11\/301|[from] item: Life Orb
|
|-weather|none
|turn|16
|
|move|p2a: Dragonite|Extreme Speed|p1a: Latias
|-damage|p1a: Latias|0 fnt
|faint|p1a: Latias
|
|
|switch|p1a: Talonflame|Talonflame, F|224\/320
|turn|17
|
|move|p2a: Dragonite|Extreme Speed|p1a: Talonflame
|-damage|p1a: Talonflame|22\/320
|move|p1a: Talonflame|Brave Bird|p2a: Dragonite
|-damage|p2a: Dragonite|0 fnt
|-damage|p1a: Talonflame|0 fnt|[from] recoil|[of] p2a: Dragonite
|faint|p2a: Dragonite
|faint|p1a: Talonflame
|
|
|switch|p1a: Gyarados|Gyarados, M|291\/331
|switch|p2a: Charizard|Charizard-Mega-Y, F|79\/333
|-ability|p1a: Gyarados|Intimidate|[of] p2a: Charizard
|-unboost|p2a: Charizard|atk|1
|-weather|SunnyDay
|turn|18
|
|move|p1a: Gyarados|Dragon Dance|p1a: Gyarados
|-boost|p1a: Gyarados|atk|1
|-boost|p1a: Gyarados|spe|1
|move|p2a: Charizard|Solar Beam|p1a: Gyarados|[still]
|-prepare|p2a: Charizard|Solar Beam|p1a: Gyarados
|-anim|p2a: Charizard|Solar Beam|p1a: Gyarados
|-damage|p1a: Gyarados|97\/331
|
|-weather|SunnyDay|[upkeep]
|turn|19
|
|detailschange|p1a: Gyarados|Gyarados-Mega, M
|-mega|p1a: Gyarados|Gyarados|Gyaradosite
|-ability|p1a: Gyarados|Mold Breaker
|move|p1a: Gyarados|Waterfall|p2a: Charizard
|-supereffective|p2a: Charizard
|-damage|p2a: Charizard|0 fnt
|faint|p2a: Charizard
|
|-weather|SunnyDay|[upkeep]
|
|switch|p2a: Keldeo-Resolute|Keldeo-Resolute|183\/323
|turn|20
|
|move|p1a: Gyarados|Earthquake|p2a: Keldeo-Resolute
|-damage|p2a: Keldeo-Resolute|0 fnt
|faint|p2a: Keldeo-Resolute
|
|-weather|SunnyDay|[upkeep]
|
|switch|p2a: Heatran|Heatran, M|324\/324
|-item|p2a: Heatran|Air Balloon
|turn|21
|
|move|p1a: Gyarados|Waterfall|p2a: Heatran
|-supereffective|p2a: Heatran
|-damage|p2a: Heatran|82\/324
|-enditem|p2a: Heatran|Air Balloon
|move|p2a: Heatran|Earth Power|p1a: Gyarados
|-damage|p1a: Gyarados|13\/331
|
|-weather|SunnyDay|[upkeep]
|turn|22
|
|move|p1a: Gyarados|Earthquake|p2a: Heatran
|-supereffective|p2a: Heatran
|-damage|p2a: Heatran|0 fnt
|faint|p2a: Heatran
|
|win|taw
|raw|Ladder updating...
|raw|taw's rating: 1554 &rarr; <strong>1578<\/strong><br \/>(+24 for winning)
|raw|Un noob inexperto's rating: 1624 &rarr; <strong>1600<\/strong><br \/>(-24 for losing)
|c|âUn noob inexperto|gg
|c|âtaw|g
|c|âtaw|g