|join|razak57
|join|taw
|player|p1|razak57|162
|player|p2|taw|265
|gametype|singles
|gen|6
|tier|OU
|rated
|clearpoke
|poke|p1|Ferrothorn, M
|poke|p1|Talonflame, F
|poke|p1|Landorus-Therian, M
|poke|p1|Thundurus-Therian, M
|poke|p1|Volcarona, F
|poke|p1|Blastoise, M
|poke|p2|Rotom-Wash
|poke|p2|Landorus-Therian, M
|poke|p2|Clefable, F
|poke|p2|Talonflame, M
|poke|p2|Metagross
|poke|p2|Starmie
|rule|Swagger Clause: Swagger is banned
|rule|Baton Pass Clause: Limit one PokÃ©mon knowing Baton Pass
|rule|Sleep Clause Mod: Limit one foe put to sleep
|rule|Species Clause: Limit one of each PokÃ©mon
|rule|OHKO Clause: OHKO moves are banned
|rule|Moody Clause: Moody is banned
|rule|Evasion Moves Clause: Evasion moves are banned
|rule|Endless Battle Clause: Forcing endless battles is banned
|rule|HP Percentage Mod: HP is shown in percentages
|teampreview
|
|start
|switch|p1a: Altas|Volcarona, F|311\/311
|switch|p2a: Landorus-Therian|Landorus-Therian, M|382\/382
|-ability|p2a: Landorus-Therian|Intimidate|[of] p1a: Altas
|-unboost|p1a: Altas|atk|1
|turn|1
|
|move|p1a: Altas|Quiver Dance|p1a: Altas
|-boost|p1a: Altas|spa|1
|-boost|p1a: Altas|spd|1
|-boost|p1a: Altas|spe|1
|move|p2a: Landorus-Therian|Stone Edge|p1a: Altas
|-supereffective|p1a: Altas
|-enditem|p1a: Altas|Focus Sash
|-damage|p1a: Altas|1\/311
|
|turn|2
|
|move|p1a: Altas|Fiery Dance|p2a: Landorus-Therian
|-damage|p2a: Landorus-Therian|76\/382
|-boost|p1a: Altas|spa|1
|move|p2a: Landorus-Therian|Earthquake|p1a: Altas
|-damage|p1a: Altas|0 fnt
|faint|p1a: Altas
|
|-heal|p2a: Landorus-Therian|99\/382|[from] item: Leftovers
|
|switch|p1a: "Ouch"|Ferrothorn, M|352\/352
|turn|3
|
|move|p2a: Landorus-Therian|Stealth Rock|p1a: "Ouch"
|-sidestart|p1: razak57|move: Stealth Rock
|move|p1a: "Ouch"|Stealth Rock|p2a: Landorus-Therian
|-sidestart|p2: taw|move: Stealth Rock
|
|-heal|p2a: Landorus-Therian|122\/382|[from] item: Leftovers
|turn|4
|
|switch|p2a: Clefable|Clefable, F|394\/394
|move|p1a: "Ouch"|Power Whip|p2a: Clefable
|-crit|p2a: Clefable
|-damage|p2a: Clefable|51\/394
|
|-heal|p2a: Clefable|75\/394|[from] item: Leftovers
|turn|5
|
|switch|p1a: Shell-Shocker|Blastoise, M|362\/362
|-damage|p1a: Shell-Shocker|317\/362|[from] Stealth Rock
|move|p2a: Clefable|Soft-Boiled|p2a: Clefable
|-heal|p2a: Clefable|272\/394
|
|-heal|p2a: Clefable|296\/394|[from] item: Leftovers
|turn|6
|
|detailschange|p1a: Shell-Shocker|Blastoise-Mega, M
|-mega|p1a: Shell-Shocker|Blastoise|Blastoisinite
|move|p1a: Shell-Shocker|Rapid Spin|p2a: Clefable
|-damage|p2a: Clefable|277\/394
|-sideend|p1: razak57|Stealth Rock|[from] move: Rapid Spin|[of] p1a: Shell-Shocker
|move|p2a: Clefable|Thunder Wave|p1a: Shell-Shocker
|-status|p1a: Shell-Shocker|par
|
|-heal|p2a: Clefable|301\/394|[from] item: Leftovers
|turn|7
|
|switch|p1a: Tailonflames|Talonflame, F|297\/297
|move|p2a: Clefable|Calm Mind|p2a: Clefable
|-boost|p2a: Clefable|spa|1
|-boost|p2a: Clefable|spd|1
|
|-heal|p2a: Clefable|325\/394|[from] item: Leftovers
|turn|8
|
|move|p1a: Tailonflames|Brave Bird|p2a: Clefable
|-damage|p2a: Clefable|28\/394
|-damage|p1a: Tailonflames|199\/297|[from] recoil|[of] p2a: Clefable
|move|p2a: Clefable|Thunder Wave|p1a: Tailonflames
|-status|p1a: Tailonflames|par
|
|-heal|p2a: Clefable|52\/394|[from] item: Leftovers
|turn|9
|
|switch|p2a: Rotom-Wash|Rotom-Wash|304\/304
|-damage|p2a: Rotom-Wash|266\/304|[from] Stealth Rock
|move|p1a: Tailonflames|Brave Bird|p2a: Rotom-Wash
|-resisted|p2a: Rotom-Wash
|-damage|p2a: Rotom-Wash|188\/304
|-damage|p1a: Tailonflames|173\/297 par|[from] recoil|[of] p2a: Rotom-Wash
|
|-heal|p2a: Rotom-Wash|207\/304|[from] item: Leftovers
|turn|10
|
|switch|p1a: The Thing|Landorus-Therian, M|341\/341
|-ability|p1a: The Thing|Intimidate|[of] p2a: Rotom-Wash
|-unboost|p2a: Rotom-Wash|atk|1
|move|p2a: Rotom-Wash|Hydro Pump|p1a: The Thing
|-supereffective|p1a: The Thing
|-damage|p1a: The Thing|15\/341
|
|-heal|p2a: Rotom-Wash|226\/304|[from] item: Leftovers
|turn|11
|
|move|p1a: The Thing|Knock Off|p2a: Rotom-Wash
|-damage|p2a: Rotom-Wash|139\/304
|-enditem|p2a: Rotom-Wash|Leftovers|[from] move: Knock Off|[of] p1a: The Thing
|move|p2a: Rotom-Wash|Will-O-Wisp|p1a: The Thing
|-status|p1a: The Thing|brn
|
|-damage|p1a: The Thing|0 fnt|[from] brn
|faint|p1a: The Thing
|
|switch|p1a: Walter White|Thundurus-Therian, M|300\/300
|turn|12
|
|move|p1a: Walter White|Flash Cannon|p2a: Rotom-Wash
|-resisted|p2a: Rotom-Wash
|-damage|p2a: Rotom-Wash|107\/304
|-damage|p1a: Walter White|270\/300|[from] item: Life Orb
|move|p2a: Rotom-Wash|Hydro Pump|p1a: Walter White
|-damage|p1a: Walter White|116\/300
|
|turn|13
|
|move|p1a: Walter White|Thunderbolt|p2a: Rotom-Wash
|-damage|p2a: Rotom-Wash|0 fnt
|-damage|p1a: Walter White|86\/300|[from] item: Life Orb
|faint|p2a: Rotom-Wash
|
|
|switch|p2a: Starmie|Starmie|261\/261
|-damage|p2a: Starmie|229\/261|[from] Stealth Rock
|turn|14
|
|move|p2a: Starmie|Psyshock|p1a: Walter White
|-damage|p1a: Walter White|0 fnt
|-damage|p2a: Starmie|203\/261|[from] item: Life Orb
|faint|p1a: Walter White
|
|
|switch|p1a: Tailonflames|Talonflame, F|173\/297 par
|turn|15
|
|move|p2a: Starmie|Hydro Pump|p1a: Tailonflames
|-supereffective|p1a: Tailonflames
|-damage|p1a: Tailonflames|0 fnt
|-damage|p2a: Starmie|177\/261|[from] item: Life Orb
|faint|p1a: Tailonflames
|
|
|switch|p1a: "Ouch"|Ferrothorn, M|352\/352
|turn|16
|
|move|p2a: Starmie|Ice Beam|p1a: "Ouch"
|-damage|p1a: "Ouch"|262\/352
|-status|p1a: "Ouch"|frz
|-damage|p2a: Starmie|151\/261|[from] item: Life Orb
|cant|p1a: "Ouch"|frz
|
|turn|17
|
|move|p2a: Starmie|Rapid Spin|p1a: "Ouch"
|-resisted|p1a: "Ouch"
|-damage|p1a: "Ouch"|257\/352 frz
|-damage|p2a: Starmie|119\/261|[from] ability: Iron Barbs|[of] p1a: "Ouch"
|-damage|p2a: Starmie|76\/261|[from] item: Rocky Helmet|[of] p1a: "Ouch"
|-sideend|p2: taw|Stealth Rock|[from] move: Rapid Spin|[of] p2a: Starmie
|-damage|p2a: Starmie|50\/261|[from] item: Life Orb
|-curestatus|p1a: "Ouch"|frz
|move|p1a: "Ouch"|Power Whip|p2a: Starmie
|-supereffective|p2a: Starmie
|-damage|p2a: Starmie|0 fnt
|faint|p2a: Starmie
|
|
|switch|p2a: Talonflame|Talonflame, M|297\/297
|turn|18
|
|switch|p1a: Shell-Shocker|Blastoise-Mega, M|317\/362 par
|move|p2a: Talonflame|Swords Dance|p2a: Talonflame
|-boost|p2a: Talonflame|atk|2
|
|turn|19
|
|move|p2a: Talonflame|Brave Bird|p1a: Shell-Shocker
|-damage|p1a: Shell-Shocker|0 fnt
|-damage|p2a: Talonflame|192\/297|[from] recoil|[of] p1a: Shell-Shocker
|faint|p1a: Shell-Shocker
|
|
|switch|p1a: "Ouch"|Ferrothorn, M|257\/352
|turn|20
|
|move|p2a: Talonflame|Flare Blitz|p1a: "Ouch"
|-supereffective|p1a: "Ouch"
|-damage|p1a: "Ouch"|0 fnt
|-damage|p2a: Talonflame|155\/297|[from] ability: Iron Barbs|[of] p1a: "Ouch"
|-damage|p2a: Talonflame|106\/297|[from] item: Rocky Helmet|[of] p1a: "Ouch"
|-damage|p2a: Talonflame|21\/297|[from] recoil|[of] p1a: "Ouch"
|faint|p1a: "Ouch"
|
|win|taw
|raw|Ladder updating...
|c|âtaw|gg
|raw|razak57's rating: 1407 &rarr; <strong>1392<\/strong><br \/>(-15 for losing)
|raw|taw's rating: 1507 &rarr; <strong>1522<\/strong><br \/>(+15 for winning)
|leave|razak57
|player|p1