|join|eylee
|join|taw
|player|p1|eylee|264
|player|p2|taw|170
|gametype|singles
|gen|6
|tier|OU
|rated
|clearpoke
|poke|p1|Gothitelle, M
|poke|p1|Politoed, M
|poke|p1|Swampert, F
|poke|p1|Breloom, F
|poke|p1|Latias, F
|poke|p1|Landorus-Therian, M
|poke|p2|Cloyster, M
|poke|p2|Entei, shiny
|poke|p2|Mew
|poke|p2|Honchkrow, M
|poke|p2|Starmie
|poke|p2|Diancie
|rule|Swagger Clause: Swagger is banned
|rule|Baton Pass Clause: Limit one PokÃ©mon knowing Baton Pass
|rule|Sleep Clause Mod: Limit one foe put to sleep
|rule|Species Clause: Limit one of each PokÃ©mon
|rule|OHKO Clause: OHKO moves are banned
|rule|Moody Clause: Moody is banned
|rule|Evasion Moves Clause: Evasion moves are banned
|rule|Endless Battle Clause: Forcing endless battles is banned
|rule|HP Percentage Mod: HP is shown in percentages
|teampreview
|
|start
|switch|p1a: Landorus-Therian|Landorus-Therian, M|381\/381
|switch|p2a: Mew|Mew|404\/404
|-ability|p1a: Landorus-Therian|Intimidate|[of] p2a: Mew
|-unboost|p2a: Mew|atk|1
|turn|1
|
|move|p2a: Mew|Stealth Rock|p1a: Landorus-Therian
|-sidestart|p1: eylee|move: Stealth Rock
|move|p1a: Landorus-Therian|Knock Off|p2a: Mew
|-supereffective|p2a: Mew
|-damage|p2a: Mew|130\/404
|-enditem|p2a: Mew|Mental Herb|[from] move: Knock Off|[of] p1a: Landorus-Therian
|
|turn|2
|
|move|p2a: Mew|Taunt|p1a: Landorus-Therian
|-start|p1a: Landorus-Therian|move: Taunt
|move|p1a: Landorus-Therian|Earthquake|p2a: Mew
|-damage|p2a: Mew|0 fnt
|faint|p2a: Mew
|
|
|switch|p2a: Cloyster|Cloyster, M|241\/241
|turn|3
|
|move|p2a: Cloyster|Shell Smash|p2a: Cloyster
|-boost|p2a: Cloyster|atk|2
|-boost|p2a: Cloyster|spa|2
|-boost|p2a: Cloyster|spe|2
|-unboost|p2a: Cloyster|def|1
|-unboost|p2a: Cloyster|spd|1
|move|p1a: Landorus-Therian|Knock Off|p2a: Cloyster
|-damage|p2a: Cloyster|112\/241
|-enditem|p2a: Cloyster|King's Rock|[from] move: Knock Off|[of] p1a: Landorus-Therian
|
|turn|4
|
|switch|p1a: Gothitelle|Gothitelle, M|344\/344
|-damage|p1a: Gothitelle|301\/344|[from] Stealth Rock
|move|p2a: Cloyster|Icicle Spear|p1a: Gothitelle
|-damage|p1a: Gothitelle|213\/344
|-crit|p1a: Gothitelle
|-damage|p1a: Gothitelle|80\/344
|-damage|p1a: Gothitelle|0 fnt
|-hitcount|p1a: Gothitelle|3
|faint|p1a: Gothitelle
|
|
|switch|p1a: Breloom|Breloom, F|261\/261
|-damage|p1a: Breloom|245\/261|[from] Stealth Rock
|turn|5
|
|move|p2a: Cloyster|Ice Shard|p1a: Breloom
|-supereffective|p1a: Breloom
|-damage|p1a: Breloom|0 fnt
|faint|p1a: Breloom
|
|
|switch|p1a: Politoed|Politoed, M|384\/384
|-damage|p1a: Politoed|336\/384|[from] Stealth Rock
|-weather|RainDance
|turn|6
|
|move|p2a: Cloyster|Rock Blast|p1a: Politoed
|-damage|p1a: Politoed|267\/384
|-damage|p1a: Politoed|201\/384
|-damage|p1a: Politoed|131\/384
|-crit|p1a: Politoed
|-damage|p1a: Politoed|30\/384
|-crit|p1a: Politoed
|-damage|p1a: Politoed|0 fnt
|-hitcount|p1a: Politoed|5
|faint|p1a: Politoed
|
|-weather|RainDance|[upkeep]
|-message|eylee forfeited.
|leave|eylee
|
|win|taw
|raw|Ladder updating...
|raw|eylee's rating: 1530 &rarr; <strong>1514<\/strong><br \/>(-16 for losing)
|raw|taw's rating: 1597 &rarr; <strong>1613<\/strong><br \/>(+16 for winning)
|player|p1