|join|taw
|join|b470killer
|player|p1|taw|266
|player|p2|b470killer|25
|gametype|singles
|gen|6
|tier|OU
|rated
|clearpoke
|poke|p1|Serperior, M
|poke|p1|Gyarados, M
|poke|p1|Talonflame, M
|poke|p1|Bisharp, M
|poke|p1|Aerodactyl, M
|poke|p1|Latias, F
|poke|p2|Scizor, F
|poke|p2|Slowbro, F
|poke|p2|Zapdos
|poke|p2|Chansey, F
|poke|p2|Clefable, F
|poke|p2|Gliscor, F
|rule|Swagger Clause: Swagger is banned
|rule|Baton Pass Clause: Limit one PokÃ©mon knowing Baton Pass
|rule|Sleep Clause Mod: Limit one foe put to sleep
|rule|Species Clause: Limit one of each PokÃ©mon
|rule|OHKO Clause: OHKO moves are banned
|rule|Moody Clause: Moody is banned
|rule|Evasion Moves Clause: Evasion moves are banned
|rule|Endless Battle Clause: Forcing endless battles is banned
|rule|HP Percentage Mod: HP is shown in percentages
|teampreview
|
|start
|switch|p1a: Aerodactyl|Aerodactyl, M|301\/301
|switch|p2a: Zapdos|Zapdos|384\/384
|-ability|p1a: Aerodactyl|Pressure
|-ability|p2a: Zapdos|Pressure
|turn|1
|
|move|p1a: Aerodactyl|Taunt|p2a: Zapdos
|-start|p2a: Zapdos|move: Taunt
|move|p2a: Zapdos|Volt Switch|p1a: Aerodactyl
|-supereffective|p1a: Aerodactyl
|-damage|p1a: Aerodactyl|41\/301
|
|switch|p2a: Scizor|Scizor, F|344\/344
|
|turn|2
|
|switch|p1a: Gyarados|Gyarados, M|331\/331
|-ability|p1a: Gyarados|Intimidate|[of] p2a: Scizor
|-unboost|p2a: Scizor|atk|1
|detailschange|p2a: Scizor|Scizor-Mega, F
|-mega|p2a: Scizor|Scizor|Scizorite
|move|p2a: Scizor|Bullet Punch|p1a: Gyarados
|-resisted|p1a: Gyarados
|-damage|p1a: Gyarados|292\/331
|
|turn|3
|
|switch|p2a: Zapdos|Zapdos|384\/384
|-ability|p2a: Zapdos|Pressure
|detailschange|p1a: Gyarados|Gyarados-Mega, M
|-mega|p1a: Gyarados|Gyarados|Gyaradosite
|-ability|p1a: Gyarados|Mold Breaker
|move|p1a: Gyarados|Dragon Dance|p1a: Gyarados
|-boost|p1a: Gyarados|atk|1
|-boost|p1a: Gyarados|spe|1
|
|turn|4
|
|move|p1a: Gyarados|Waterfall|p2a: Zapdos
|-damage|p2a: Zapdos|206\/384
|move|p2a: Zapdos|Volt Switch|p1a: Gyarados
|-supereffective|p1a: Gyarados
|-damage|p1a: Gyarados|136\/331
|
|switch|p2a: Scizor|Scizor-Mega, F|344\/344
|
|turn|5
|
|move|p1a: Gyarados|Crunch|p2a: Scizor
|-damage|p2a: Scizor|197\/344
|move|p2a: Scizor|Superpower|p1a: Gyarados
|-supereffective|p1a: Gyarados
|-damage|p1a: Gyarados|0 fnt
|-unboost|p2a: Scizor|atk|1
|-unboost|p2a: Scizor|def|1
|faint|p1a: Gyarados
|
|
|switch|p1a: Talonflame|Talonflame, M|320\/320
|turn|6
|
|switch|p2a: Slowbro|Slowbro, F|394\/394
|move|p1a: Talonflame|Swords Dance|p1a: Talonflame
|-boost|p1a: Talonflame|atk|2
|
|turn|7
|
|move|p1a: Talonflame|Brave Bird|p2a: Slowbro
|-damage|p2a: Slowbro|162\/394
|-damage|p1a: Talonflame|243\/320|[from] recoil|[of] p2a: Slowbro
|move|p2a: Slowbro|Scald|p1a: Talonflame
|-supereffective|p1a: Talonflame
|-damage|p1a: Talonflame|7\/320
|
|-heal|p1a: Talonflame|27\/320|[from] item: Leftovers
|-heal|p2a: Slowbro|186\/394|[from] item: Leftovers
|turn|8
|
|move|p1a: Talonflame|Roost|p1a: Talonflame
|-heal|p1a: Talonflame|187\/320
|move|p2a: Slowbro|Scald|p1a: Talonflame
|-supereffective|p1a: Talonflame
|-damage|p1a: Talonflame|0 fnt
|faint|p1a: Talonflame
|
|-heal|p2a: Slowbro|210\/394|[from] item: Leftovers
|
|switch|p1a: Serperior|Serperior, M|291\/291
|turn|9
|
|switch|p2a: Clefable|Clefable, F|394\/394
|move|p1a: Serperior|Leaf Storm|p2a: Clefable
|-damage|p2a: Clefable|204\/394
|-boost|p1a: Serperior|spa|2
|
|-heal|p2a: Clefable|228\/394|[from] item: Leftovers
|turn|10
|
|move|p2a: Clefable|Protect|p2a: Clefable
|-singleturn|p2a: Clefable|Protect
|move|p1a: Serperior|Leaf Storm|p2a: Clefable
|-activate|p2a: Clefable|Protect
|
|-heal|p2a: Clefable|252\/394|[from] item: Leftovers
|turn|11
|
|move|p1a: Serperior|Leaf Storm|p2a: Clefable|[miss]
|-miss|p1a: Serperior|p2a: Clefable
|move|p2a: Clefable|Wish|p2a: Clefable
|
|-heal|p2a: Clefable|276\/394|[from] item: Leftovers
|turn|12
|
|move|p1a: Serperior|Leaf Storm|p2a: Clefable
|-damage|p2a: Clefable|116\/394
|-boost|p1a: Serperior|spa|2
|move|p2a: Clefable|Calm Mind|p2a: Clefable
|-boost|p2a: Clefable|spa|1
|-boost|p2a: Clefable|spd|1
|
|-heal|p2a: Clefable|313\/394|[from] move: Wish|[wisher] Clefable
|-heal|p2a: Clefable|337\/394|[from] item: Leftovers
|turn|13
|
|move|p1a: Serperior|Leaf Storm|p2a: Clefable
|-crit|p2a: Clefable
|-damage|p2a: Clefable|61\/394
|-boost|p1a: Serperior|spa|2
|move|p2a: Clefable|Wish|p2a: Clefable
|
|-heal|p2a: Clefable|85\/394|[from] item: Leftovers
|turn|14
|
|switch|p1a: Bisharp|Bisharp, M|272\/272
|move|p2a: Clefable|Protect|p2a: Clefable
|-fail|p2a: Clefable
|
|-heal|p2a: Clefable|282\/394|[from] move: Wish|[wisher] Clefable
|-heal|p2a: Clefable|306\/394|[from] item: Leftovers
|turn|15
|
|switch|p2a: Zapdos|Zapdos|206\/384
|-ability|p2a: Zapdos|Pressure
|move|p1a: Bisharp|Swords Dance|p1a: Bisharp
|-boost|p1a: Bisharp|atk|2
|
|-heal|p2a: Zapdos|230\/384|[from] item: Leftovers
|turn|16
|
|move|p1a: Bisharp|Knock Off|p2a: Zapdos
|-damage|p2a: Zapdos|0 fnt
|-enditem|p2a: Zapdos|Leftovers|[from] move: Knock Off|[of] p1a: Bisharp
|faint|p2a: Zapdos
|
|
|switch|p2a: Scizor|Scizor-Mega, F|197\/344
|turn|17
|
|move|p1a: Bisharp|Sucker Punch|p2a: Scizor
|-damage|p2a: Scizor|0 fnt
|faint|p2a: Scizor
|
|
|switch|p2a: Slowbro|Slowbro, F|341\/394
|turn|18
|
|move|p1a: Bisharp|Knock Off|p2a: Slowbro
|-crit|p2a: Slowbro
|-supereffective|p2a: Slowbro
|-damage|p2a: Slowbro|0 fnt
|-enditem|p2a: Slowbro|Leftovers|[from] move: Knock Off|[of] p1a: Bisharp
|faint|p2a: Slowbro
|
|-message|b470killer forfeited.
|leave|b470killer
|
|win|taw
|raw|Ladder updating...
|player|p2
|raw|taw's rating: 1479 &rarr; <strong>1505<\/strong><br \/>(+26 for winning)
|raw|b470killer's rating: 1589 &rarr; <strong>1563<\/strong><br \/>(-26 for losing)