|join|taw
|join|DRACO66
|player|p1|taw|170
|player|p2|DRACO66|1
|gametype|singles
|gen|6
|tier|OU
|rated
|clearpoke
|poke|p1|Serperior, M
|poke|p1|Gyarados, M
|poke|p1|Talonflame, F
|poke|p1|Bisharp, F
|poke|p1|Aerodactyl, F
|poke|p1|Latias, F
|poke|p2|Talonflame, F
|poke|p2|Lopunny, M
|poke|p2|Latios, M
|poke|p2|Bisharp, F
|poke|p2|Slowbro, M
|poke|p2|Diggersby, M
|rule|Swagger Clause: Swagger is banned
|rule|Baton Pass Clause: Limit one PokÃ©mon knowing Baton Pass
|rule|Sleep Clause Mod: Limit one foe put to sleep
|rule|Species Clause: Limit one of each PokÃ©mon
|rule|OHKO Clause: OHKO moves are banned
|rule|Moody Clause: Moody is banned
|rule|Evasion Moves Clause: Evasion moves are banned
|rule|Endless Battle Clause: Forcing endless battles is banned
|rule|HP Percentage Mod: HP is shown in percentages
|teampreview
|
|start
|switch|p1a: Aerodactyl|Aerodactyl, F|301\/301
|switch|p2a: Bisharp|Bisharp, F|272\/272
|-ability|p1a: Aerodactyl|Pressure
|turn|1
|
|move|p1a: Aerodactyl|Earthquake|p2a: Bisharp
|-supereffective|p2a: Bisharp
|-damage|p2a: Bisharp|68\/272
|move|p2a: Bisharp|Iron Head|p1a: Aerodactyl
|-crit|p1a: Aerodactyl
|-supereffective|p1a: Aerodactyl
|-enditem|p1a: Aerodactyl|Focus Sash
|-damage|p1a: Aerodactyl|1\/301
|
|turn|2
|
|move|p1a: Aerodactyl|Stealth Rock|p2a: Bisharp
|-sidestart|p2: DRACO66|move: Stealth Rock
|move|p2a: Bisharp|Thunder Wave|p1a: Aerodactyl
|-status|p1a: Aerodactyl|par
|
|turn|3
|
|move|p2a: Bisharp|Stealth Rock|p1a: Aerodactyl
|-sidestart|p1: taw|move: Stealth Rock
|cant|p1a: Aerodactyl|par
|
|turn|4
|
|move|p2a: Bisharp|Iron Head|p1a: Aerodactyl
|-supereffective|p1a: Aerodactyl
|-damage|p1a: Aerodactyl|0 fnt
|faint|p1a: Aerodactyl
|
|
|switch|p1a: Bisharp|Bisharp, F|272\/272
|-damage|p1a: Bisharp|255\/272|[from] Stealth Rock
|turn|5
|
|move|p1a: Bisharp|Knock Off|p2a: Bisharp
|-resisted|p2a: Bisharp
|-damage|p2a: Bisharp|0 fnt
|-enditem|p2a: Bisharp|Focus Sash|[from] move: Knock Off|[of] p1a: Bisharp
|faint|p2a: Bisharp
|
|
|switch|p2a: Lopunny|Lopunny, M|271\/271
|-damage|p2a: Lopunny|238\/271|[from] Stealth Rock
|turn|6
|
|switch|p1a: Latias|Latias, F|301\/301
|-damage|p1a: Latias|264\/301|[from] Stealth Rock
|detailschange|p2a: Lopunny|Lopunny-Mega, M
|-mega|p2a: Lopunny|Lopunny|Lopunnite
|move|p2a: Lopunny|Power-Up Punch|p1a: Latias
|-resisted|p1a: Latias
|-damage|p1a: Latias|216\/301
|-boost|p2a: Lopunny|atk|1
|
|turn|7
|
|move|p2a: Lopunny|Frustration|p1a: Latias
|-damage|p1a: Latias|0 fnt
|faint|p1a: Latias
|
|
|switch|p1a: Talonflame|Talonflame, F|327\/327
|-damage|p1a: Talonflame|164\/327|[from] Stealth Rock
|turn|8
|
|move|p2a: Lopunny|Quick Attack|p1a: Talonflame
|-damage|p1a: Talonflame|7\/327
|move|p1a: Talonflame|Brave Bird|p2a: Lopunny
|-supereffective|p2a: Lopunny
|-damage|p2a: Lopunny|0 fnt
|-damage|p1a: Talonflame|0 fnt|[from] recoil|[of] p2a: Lopunny
|faint|p2a: Lopunny
|faint|p1a: Talonflame
|
|
|switch|p2a: Latios|Latios, M|301\/301
|switch|p1a: Gyarados|Gyarados, M|331\/331
|-damage|p2a: Latios|264\/301|[from] Stealth Rock
|-damage|p1a: Gyarados|249\/331|[from] Stealth Rock
|-ability|p1a: Gyarados|Intimidate|[of] p2a: Latios
|-unboost|p2a: Latios|atk|1
|turn|9
|
|detailschange|p1a: Gyarados|Gyarados-Mega, M
|-mega|p1a: Gyarados|Gyarados|Gyaradosite
|-ability|p1a: Gyarados|Mold Breaker
|move|p2a: Latios|Dragon Pulse|p1a: Gyarados
|-damage|p1a: Gyarados|81\/331
|-damage|p2a: Latios|234\/301|[from] item: Life Orb
|move|p1a: Gyarados|Dragon Dance|p1a: Gyarados
|-boost|p1a: Gyarados|atk|1
|-boost|p1a: Gyarados|spe|1
|
|turn|10
|
|switch|p2a: Slowbro|Slowbro, M|394\/394
|-damage|p2a: Slowbro|345\/394|[from] Stealth Rock
|move|p1a: Gyarados|Crunch|p2a: Slowbro
|-supereffective|p2a: Slowbro
|-damage|p2a: Slowbro|7\/394
|
|-heal|p2a: Slowbro|31\/394|[from] item: Leftovers
|turn|11
|
|move|p1a: Gyarados|Crunch|p2a: Slowbro
|-supereffective|p2a: Slowbro
|-damage|p2a: Slowbro|0 fnt
|faint|p2a: Slowbro
|
|
|switch|p2a: Diggersby|Diggersby, M|311\/311
|-damage|p2a: Diggersby|292\/311|[from] Stealth Rock
|turn|12
|
|move|p2a: Diggersby|Quick Attack|p1a: Gyarados
|-damage|p1a: Gyarados|0 fnt
|-damage|p2a: Diggersby|261\/311|[from] item: Life Orb
|faint|p1a: Gyarados
|
|
|switch|p1a: Serperior|Serperior, M|291\/291
|-damage|p1a: Serperior|255\/291|[from] Stealth Rock
|turn|13
|
|switch|p2a: Latios|Latios, M|234\/301
|-damage|p2a: Latios|197\/301|[from] Stealth Rock
|move|p1a: Serperior|Leaf Storm|p2a: Latios
|-resisted|p2a: Latios
|-damage|p2a: Latios|130\/301
|-boost|p1a: Serperior|spa|2
|
|turn|14
|
|move|p1a: Serperior|Leaf Storm|p2a: Latios
|-crit|p2a: Latios
|-resisted|p2a: Latios
|-damage|p2a: Latios|0 fnt
|-boost|p1a: Serperior|spa|2
|faint|p2a: Latios
|
|
|switch|p2a: Talonflame|Talonflame, F|360\/360
|-damage|p2a: Talonflame|180\/360|[from] Stealth Rock
|turn|15
|
|switch|p1a: Bisharp|Bisharp, F|255\/272
|-damage|p1a: Bisharp|238\/272|[from] Stealth Rock
|move|p2a: Talonflame|Brave Bird|p1a: Bisharp
|-resisted|p1a: Bisharp
|-damage|p1a: Bisharp|159\/272
|-damage|p2a: Talonflame|154\/360|[from] recoil|[of] p1a: Bisharp
|
|-heal|p2a: Talonflame|176\/360|[from] item: Leftovers
|turn|16
|
|move|p2a: Talonflame|Roost|p2a: Talonflame
|-heal|p2a: Talonflame|356\/360
|move|p1a: Bisharp|Knock Off|p2a: Talonflame
|-damage|p2a: Talonflame|47\/360
|-enditem|p2a: Talonflame|Leftovers|[from] move: Knock Off|[of] p1a: Bisharp
|
|turn|17
|
|move|p2a: Talonflame|Roost|p2a: Talonflame
|-heal|p2a: Talonflame|227\/360
|move|p1a: Bisharp|Sucker Punch|p2a: Talonflame
|-fail|p2a: Talonflame
|
|turn|18
|
|move|p2a: Talonflame|Swords Dance|p2a: Talonflame
|-boost|p2a: Talonflame|atk|2
|move|p1a: Bisharp|Knock Off|p2a: Talonflame
|-damage|p2a: Talonflame|19\/360
|
|turn|19
|
|move|p2a: Talonflame|Roost|p2a: Talonflame
|-heal|p2a: Talonflame|199\/360
|move|p1a: Bisharp|Knock Off|p2a: Talonflame
|-damage|p2a: Talonflame|0 fnt
|faint|p2a: Talonflame
|
|-message|DRACO66 forfeited.
|leave|DRACO66
|
|switch|p2a: Diggersby|Diggersby, M|261\/311
|-damage|p2a: Diggersby|242\/311|[from] Stealth Rock
|turn|20
|
|win|taw
|raw|Ladder updating...
|player|p2
|raw|taw's rating: 1682 &rarr; <strong>1697<\/strong><br \/>(+15 for winning)
|raw|DRACO66's rating: 1602 &rarr; <strong>1586<\/strong><br \/>(-16 for losing)