|join|taw
|join|kratosop
|player|p1|taw|169
|player|p2|kratosop|170
|gametype|singles
|gen|6
|tier|OU
|rated
|clearpoke
|poke|p1|Lopunny, M
|poke|p1|Ferrothorn, M
|poke|p1|Landorus-Therian, M
|poke|p1|Slowbro, M
|poke|p1|Heatran, M
|poke|p1|Latias, F
|poke|p2|Latios, M
|poke|p2|Landorus, M
|poke|p2|Victini
|poke|p2|Ferrothorn, M
|poke|p2|Conkeldurr, F
|poke|p2|Excadrill, F
|rule|Swagger Clause: Swagger is banned
|rule|Baton Pass Clause: Limit one PokÃ©mon knowing Baton Pass
|rule|Sleep Clause Mod: Limit one foe put to sleep
|rule|Species Clause: Limit one of each PokÃ©mon
|rule|OHKO Clause: OHKO moves are banned
|rule|Moody Clause: Moody is banned
|rule|Evasion Moves Clause: Evasion moves are banned
|rule|Endless Battle Clause: Forcing endless battles is banned
|rule|HP Percentage Mod: HP is shown in percentages
|teampreview
|
|start
|switch|p1a: Landorus-Therian|Landorus-Therian, M|381\/381
|switch|p2a: Conkeldurr|Conkeldurr, F|414\/414
|-ability|p1a: Landorus-Therian|Intimidate|[of] p2a: Conkeldurr
|-unboost|p2a: Conkeldurr|atk|1
|turn|1
|
|move|p1a: Landorus-Therian|Stealth Rock|p2a: Conkeldurr
|-sidestart|p2: kratosop|move: Stealth Rock
|move|p2a: Conkeldurr|Ice Punch|p1a: Landorus-Therian
|-supereffective|p1a: Landorus-Therian
|-damage|p1a: Landorus-Therian|117\/381
|-status|p1a: Landorus-Therian|frz
|
|-heal|p1a: Landorus-Therian|140\/381 frz|[from] item: Leftovers
|turn|2
|
|switch|p1a: Slowbro|Slowbro, M|393\/393
|move|p2a: Conkeldurr|Knock Off|p1a: Slowbro
|-supereffective|p1a: Slowbro
|-damage|p1a: Slowbro|275\/393
|-damage|p2a: Conkeldurr|345\/414|[from] item: Rocky Helmet|[of] p1a: Slowbro
|-enditem|p1a: Slowbro|Rocky Helmet|[from] move: Knock Off|[of] p2a: Conkeldurr
|
|turn|3
|
|switch|p2a: Ferrothorn|Ferrothorn, M|352\/352
|-damage|p2a: Ferrothorn|330\/352|[from] Stealth Rock
|move|p1a: Slowbro|Scald|p2a: Ferrothorn
|-resisted|p2a: Ferrothorn
|-damage|p2a: Ferrothorn|297\/352
|
|-heal|p2a: Ferrothorn|319\/352|[from] item: Leftovers
|turn|4
|
|switch|p1a: Ferrothorn|Ferrothorn, M|352\/352
|move|p2a: Ferrothorn|Stealth Rock|p1a: Ferrothorn
|-sidestart|p1: taw|move: Stealth Rock
|
|-heal|p2a: Ferrothorn|341\/352|[from] item: Leftovers
|turn|5
|join|Noctis93
|
|switch|p2a: Excadrill|Excadrill, F|362\/362
|-damage|p2a: Excadrill|351\/362|[from] Stealth Rock
|-ability|p2a: Excadrill|Mold Breaker
|-item|p2a: Excadrill|Air Balloon
|move|p1a: Ferrothorn|Spikes|p2a: Excadrill
|-sidestart|p2: kratosop|Spikes
|
|turn|6
|
|move|p2a: Excadrill|Rapid Spin|p1a: Ferrothorn
|-resisted|p1a: Ferrothorn
|-damage|p1a: Ferrothorn|343\/352
|-damage|p2a: Excadrill|306\/362|[from] ability: Iron Barbs|[of] p1a: Ferrothorn
|-sideend|p2: kratosop|Spikes|[from] move: Rapid Spin|[of] p2a: Excadrill
|-sideend|p2: kratosop|Stealth Rock|[from] move: Rapid Spin|[of] p2a: Excadrill
|move|p1a: Ferrothorn|Spikes|p2a: Excadrill
|-sidestart|p2: kratosop|Spikes
|
|-heal|p1a: Ferrothorn|352\/352|[from] item: Leftovers
|turn|7
|
|switch|p2a: Landorus|Landorus, M|320\/320
|move|p1a: Ferrothorn|Leech Seed|p2a: Landorus
|-start|p2a: Landorus|move: Leech Seed
|
|-damage|p2a: Landorus|280\/320|[from] Leech Seed|[of] p1a: Ferrothorn
|turn|8
|
|switch|p2a: Excadrill|Excadrill, F|306\/362
|-ability|p2a: Excadrill|Mold Breaker
|-item|p2a: Excadrill|Air Balloon
|move|p1a: Ferrothorn|Gyro Ball|p2a: Excadrill
|-resisted|p2a: Excadrill
|-damage|p2a: Excadrill|170\/362
|-enditem|p2a: Excadrill|Air Balloon
|
|turn|9
|
|move|p2a: Excadrill|Earthquake|p1a: Ferrothorn
|-damage|p1a: Ferrothorn|210\/352
|move|p1a: Ferrothorn|Spikes|p2a: Excadrill
|-sidestart|p2: kratosop|Spikes
|
|-heal|p1a: Ferrothorn|232\/352|[from] item: Leftovers
|turn|10
|
|switch|p1a: Landorus-Therian|Landorus-Therian, M|140\/381 frz
|-damage|p1a: Landorus-Therian|93\/381 frz|[from] Stealth Rock
|-ability|p1a: Landorus-Therian|Intimidate|[of] p2a: Excadrill
|-unboost|p2a: Excadrill|atk|1
|move|p2a: Excadrill|Earthquake|p1a: Landorus-Therian
|-immune|p1a: Landorus-Therian|[msg]
|
|-heal|p1a: Landorus-Therian|116\/381 frz|[from] item: Leftovers
|turn|11
|
|move|p2a: Excadrill|Rapid Spin|p1a: Landorus-Therian
|-damage|p1a: Landorus-Therian|101\/381 frz
|-sideend|p2: kratosop|Spikes|[from] move: Rapid Spin|[of] p2a: Excadrill
|cant|p1a: Landorus-Therian|frz
|
|-heal|p1a: Landorus-Therian|124\/381 frz|[from] item: Leftovers
|turn|12
|
|move|p2a: Excadrill|Iron Head|p1a: Landorus-Therian
|-damage|p1a: Landorus-Therian|24\/381 frz
|cant|p1a: Landorus-Therian|frz
|
|-heal|p1a: Landorus-Therian|47\/381 frz|[from] item: Leftovers
|turn|13
|
|move|p2a: Excadrill|Iron Head|p1a: Landorus-Therian
|-damage|p1a: Landorus-Therian|0 fnt
|faint|p1a: Landorus-Therian
|
|
|switch|p1a: Heatran|Heatran, M|324\/324
|-damage|p1a: Heatran|284\/324|[from] Stealth Rock
|turn|14
|
|move|p1a: Heatran|Lava Plume|p2a: Excadrill
|-supereffective|p2a: Excadrill
|-damage|p2a: Excadrill|0 fnt
|faint|p2a: Excadrill
|
|
|switch|p2a: Conkeldurr|Conkeldurr, F|345\/414
|turn|15
|
|switch|p1a: Slowbro|Slowbro, M|393\/393
|-damage|p1a: Slowbro|344\/393|[from] Stealth Rock
|move|p2a: Conkeldurr|Drain Punch|p1a: Slowbro
|-resisted|p1a: Slowbro
|-damage|p1a: Slowbro|281\/393
|-heal|p2a: Conkeldurr|377\/414|[from] drain|[of] p1a: Slowbro
|
|turn|16
|
|move|p2a: Conkeldurr|Knock Off|p1a: Slowbro
|-supereffective|p1a: Slowbro
|-damage|p1a: Slowbro|155\/393
|move|p1a: Slowbro|Scald|p2a: Conkeldurr
|-crit|p2a: Conkeldurr
|-damage|p2a: Conkeldurr|251\/414
|
|turn|17
|
|move|p2a: Conkeldurr|Knock Off|p1a: Slowbro
|-supereffective|p1a: Slowbro
|-damage|p1a: Slowbro|25\/393
|move|p1a: Slowbro|Slack Off|p1a: Slowbro
|-heal|p1a: Slowbro|222\/393
|
|turn|18
|
|switch|p2a: Latios|Latios, M|302\/302
|move|p1a: Slowbro|Slack Off|p1a: Slowbro
|-heal|p1a: Slowbro|393\/393
|
|turn|19
|
|move|p2a: Latios|Thunderbolt|p1a: Slowbro
|-supereffective|p1a: Slowbro
|-damage|p1a: Slowbro|157\/393
|move|p1a: Slowbro|Thunder Wave|p2a: Latios
|-status|p2a: Latios|par
|
|turn|20
|
|switch|p1a: Ferrothorn|Ferrothorn, M|232\/352
|-damage|p1a: Ferrothorn|210\/352|[from] Stealth Rock
|move|p2a: Latios|Thunderbolt|p1a: Ferrothorn
|-resisted|p1a: Ferrothorn
|-damage|p1a: Ferrothorn|173\/352
|
|-heal|p1a: Ferrothorn|195\/352|[from] item: Leftovers
|turn|21
|
|switch|p2a: Victini|Victini|341\/341
|move|p1a: Ferrothorn|Leech Seed|p2a: Victini
|-start|p2a: Victini|move: Leech Seed
|
|-heal|p1a: Ferrothorn|217\/352|[from] item: Leftovers
|-damage|p2a: Victini|299\/341|[from] Leech Seed|[of] p1a: Ferrothorn
|-heal|p1a: Ferrothorn|259\/352|[silent]
|turn|22
|
|switch|p1a: Slowbro|Slowbro, M|288\/393
|-damage|p1a: Slowbro|239\/393|[from] Stealth Rock
|move|p2a: Victini|U-turn|p1a: Slowbro
|-supereffective|p1a: Slowbro
|-damage|p1a: Slowbro|143\/393
|
|switch|p2a: Landorus|Landorus, M|280\/320
|
|turn|23
|
|move|p2a: Landorus|Earth Power|p1a: Slowbro
|-damage|p1a: Slowbro|0 fnt
|faint|p1a: Slowbro
|
|
|switch|p1a: Ferrothorn|Ferrothorn, M|259\/352
|-damage|p1a: Ferrothorn|237\/352|[from] Stealth Rock
|turn|24
|
|move|p2a: Landorus|Focus Blast|p1a: Ferrothorn
|-supereffective|p1a: Ferrothorn
|-damage|p1a: Ferrothorn|0 fnt
|faint|p1a: Ferrothorn
|
|
|switch|p1a: Lopunny|Lopunny, M|271\/271
|-damage|p1a: Lopunny|238\/271|[from] Stealth Rock
|turn|25
|
|switch|p2a: Victini|Victini|299\/341
|detailschange|p1a: Lopunny|Lopunny-Mega, M
|-mega|p1a: Lopunny|Lopunny|Lopunnite
|move|p1a: Lopunny|Frustration|p2a: Victini
|-damage|p2a: Victini|85\/341
|
|turn|26
|
|switch|p1a: Heatran|Heatran, M|284\/324
|-damage|p1a: Heatran|244\/324|[from] Stealth Rock
|move|p2a: Victini|Zen Headbutt|p1a: Heatran
|-resisted|p1a: Heatran
|-damage|p1a: Heatran|187\/324
|
|turn|27
|
|switch|p2a: Latios|Latios, M|302\/302 par
|move|p1a: Heatran|Lava Plume|p2a: Latios
|-resisted|p2a: Latios
|-damage|p2a: Latios|242\/302 par
|
|turn|28
|
|move|p1a: Heatran|Lava Plume|p2a: Latios
|-resisted|p2a: Latios
|-damage|p2a: Latios|180\/302 par
|cant|p2a: Latios|par
|
|turn|29
|
|move|p1a: Heatran|Lava Plume|p2a: Latios
|-resisted|p2a: Latios
|-damage|p2a: Latios|113\/302 par
|move|p2a: Latios|Thunderbolt|p1a: Heatran
|-damage|p1a: Heatran|82\/324
|
|turn|30
|
|switch|p1a: Latias|Latias, F|319\/319
|-damage|p1a: Latias|280\/319|[from] Stealth Rock
|move|p2a: Latios|Thunderbolt|p1a: Latias
|-crit|p1a: Latias
|-resisted|p1a: Latias
|-damage|p1a: Latias|217\/319
|
|turn|31
|
|switch|p2a: Ferrothorn|Ferrothorn, M|341\/352
|move|p1a: Latias|Defog|p2a: Ferrothorn
|-unboost|p2a: Ferrothorn|evasion|1
|-sideend|p1: taw|Stealth Rock|[from] move: Defog|[of] p1a: Latias
|
|-heal|p2a: Ferrothorn|352\/352|[from] item: Leftovers
|turn|32
|
|switch|p1a: Heatran|Heatran, M|82\/324
|move|p2a: Ferrothorn|Leech Seed|p1a: Heatran
|-start|p1a: Heatran|move: Leech Seed
|
|-damage|p1a: Heatran|42\/324|[from] Leech Seed|[of] p2a: Ferrothorn
|turn|33
|
|move|p2a: Ferrothorn|Protect|p2a: Ferrothorn
|-singleturn|p2a: Ferrothorn|Protect
|move|p1a: Heatran|Overheat|p2a: Ferrothorn
|-activate|p2a: Ferrothorn|Protect
|
|-damage|p1a: Heatran|2\/324|[from] Leech Seed|[of] p2a: Ferrothorn
|turn|34
|
|switch|p2a: Latios|Latios, M|113\/302 par
|move|p1a: Heatran|Overheat|p2a: Latios
|-resisted|p2a: Latios
|-damage|p2a: Latios|9\/302 par
|-unboost|p1a: Heatran|spa|2
|
|-damage|p1a: Heatran|0 fnt|[from] Leech Seed|[of] p2a: Latios
|-heal|p2a: Latios|11\/302 par|[silent]
|faint|p1a: Heatran
|
|switch|p1a: Lopunny|Lopunny-Mega, M|238\/271
|turn|35
|
|move|p1a: Lopunny|Power-Up Punch|p2a: Latios
|-resisted|p2a: Latios
|-damage|p2a: Latios|0 fnt
|-boost|p1a: Lopunny|atk|1
|faint|p2a: Latios
|
|
|switch|p2a: Conkeldurr|Conkeldurr, F|251\/414
|turn|36
|
|move|p2a: Conkeldurr|Mach Punch|p1a: Lopunny
|-supereffective|p1a: Lopunny
|-damage|p1a: Lopunny|38\/271
|move|p1a: Lopunny|High Jump Kick|p2a: Conkeldurr
|-damage|p2a: Conkeldurr|0 fnt
|faint|p2a: Conkeldurr
|
|
|switch|p2a: Victini|Victini|85\/341
|turn|37
|
|switch|p1a: Latias|Latias, F|217\/319
|move|p2a: Victini|V-create|p1a: Latias
|-resisted|p1a: Latias
|-damage|p1a: Latias|72\/319
|-unboost|p2a: Victini|def|1
|-unboost|p2a: Victini|spd|1
|-unboost|p2a: Victini|spe|1
|
|turn|38
|
|switch|p2a: Ferrothorn|Ferrothorn, M|352\/352
|move|p1a: Latias|Healing Wish|p1a: Latias
|faint|p1a: Latias
|
|
|switch|p1a: Lopunny|Lopunny-Mega, M|38\/271
|-heal|p1a: Lopunny|271\/271|[from] move: Healing Wish
|turn|39
|
|move|p1a: Lopunny|High Jump Kick|p2a: Ferrothorn
|-supereffective|p2a: Ferrothorn
|-damage|p2a: Ferrothorn|14\/352
|-damage|p1a: Lopunny|238\/271|[from] ability: Iron Barbs|[of] p2a: Ferrothorn
|move|p2a: Ferrothorn|Leech Seed|p1a: Lopunny
|-start|p1a: Lopunny|move: Leech Seed
|
|-heal|p2a: Ferrothorn|36\/352|[from] item: Leftovers
|-damage|p1a: Lopunny|205\/271|[from] Leech Seed|[of] p2a: Ferrothorn
|-heal|p2a: Ferrothorn|69\/352|[silent]
|turn|40
|
|move|p2a: Ferrothorn|Protect|p2a: Ferrothorn
|-singleturn|p2a: Ferrothorn|Protect
|move|p1a: Lopunny|Power-Up Punch|p2a: Ferrothorn
|-activate|p2a: Ferrothorn|Protect
|
|-heal|p2a: Ferrothorn|91\/352|[from] item: Leftovers
|-damage|p1a: Lopunny|172\/271|[from] Leech Seed|[of] p2a: Ferrothorn
|-heal|p2a: Ferrothorn|124\/352|[silent]
|turn|41
|
|move|p2a: Ferrothorn|Protect|p2a: Ferrothorn
|-fail|p2a: Ferrothorn
|move|p1a: Lopunny|Power-Up Punch|p2a: Ferrothorn
|-supereffective|p2a: Ferrothorn
|-damage|p2a: Ferrothorn|22\/352
|-damage|p1a: Lopunny|139\/271|[from] ability: Iron Barbs|[of] p2a: Ferrothorn
|-boost|p1a: Lopunny|atk|1
|
|-heal|p2a: Ferrothorn|44\/352|[from] item: Leftovers
|-damage|p1a: Lopunny|106\/271|[from] Leech Seed|[of] p2a: Ferrothorn
|-heal|p2a: Ferrothorn|77\/352|[silent]
|turn|42
|
|move|p2a: Ferrothorn|Protect|p2a: Ferrothorn
|-singleturn|p2a: Ferrothorn|Protect
|move|p1a: Lopunny|Power-Up Punch|p2a: Ferrothorn
|-activate|p2a: Ferrothorn|Protect
|
|-heal|p2a: Ferrothorn|99\/352|[from] item: Leftovers
|-damage|p1a: Lopunny|73\/271|[from] Leech Seed|[of] p2a: Ferrothorn
|-heal|p2a: Ferrothorn|132\/352|[silent]
|turn|43
|
|move|p2a: Ferrothorn|Protect|p2a: Ferrothorn
|-fail|p2a: Ferrothorn
|move|p1a: Lopunny|Power-Up Punch|p2a: Ferrothorn
|-supereffective|p2a: Ferrothorn
|-damage|p2a: Ferrothorn|0 fnt
|-damage|p1a: Lopunny|40\/271|[from] ability: Iron Barbs|[of] p2a: Ferrothorn
|-boost|p1a: Lopunny|atk|1
|faint|p2a: Ferrothorn
|
|
|switch|p2a: Victini|Victini|85\/341
|turn|44
|
|move|p2a: Victini|V-create|p1a: Lopunny
|-damage|p1a: Lopunny|0 fnt
|-unboost|p2a: Victini|def|1
|-unboost|p2a: Victini|spd|1
|-unboost|p2a: Victini|spe|1
|faint|p1a: Lopunny
|
|win|kratosop
|raw|Ladder updating...
|raw|taw's rating: 1335 &rarr; <strong>1310<\/strong><br \/>(-25 for losing)
|raw|kratosop's rating: 1244 &rarr; <strong>1275<\/strong><br \/>(+31 for winning)
|leave|Noctis93
|leave|taw
|player|p1