|join|taw
|join|D3M0NI4K
|player|p1|taw|265
|player|p2|D3M0NI4K|1
|gametype|singles
|gen|6
|tier|OU
|rated
|clearpoke
|poke|p1|Rotom-Wash
|poke|p1|Landorus-Therian, M
|poke|p1|Clefable, M
|poke|p1|Talonflame, F
|poke|p1|Metagross
|poke|p1|Starmie
|poke|p2|Lopunny, M
|poke|p2|Ferrothorn, M
|poke|p2|Gengar, F
|poke|p2|Tyranitar, M
|poke|p2|Excadrill, F
|poke|p2|Dragonite, F
|rule|Swagger Clause: Swagger is banned
|rule|Baton Pass Clause: Limit one PokÃ©mon knowing Baton Pass
|rule|Sleep Clause Mod: Limit one foe put to sleep
|rule|Species Clause: Limit one of each PokÃ©mon
|rule|OHKO Clause: OHKO moves are banned
|rule|Moody Clause: Moody is banned
|rule|Evasion Moves Clause: Evasion moves are banned
|rule|Endless Battle Clause: Forcing endless battles is banned
|rule|HP Percentage Mod: HP is shown in percentages
|teampreview
|
|start
|switch|p1a: Landorus-Therian|Landorus-Therian, M|382\/382
|switch|p2a: Lopunny|Lopunny, M|271\/271
|-ability|p1a: Landorus-Therian|Intimidate|[of] p2a: Lopunny
|-unboost|p2a: Lopunny|atk|1
|turn|1
|
|detailschange|p2a: Lopunny|Lopunny-Mega, M
|-mega|p2a: Lopunny|Lopunny|Lopunnite
|move|p2a: Lopunny|Fake Out|p1a: Landorus-Therian
|-damage|p1a: Landorus-Therian|345\/382
|cant|p1a: Landorus-Therian|flinch
|
|-heal|p1a: Landorus-Therian|368\/382|[from] item: Leftovers
|turn|2
|
|move|p2a: Lopunny|Ice Punch|p1a: Landorus-Therian
|-supereffective|p1a: Landorus-Therian
|-damage|p1a: Landorus-Therian|172\/382
|move|p1a: Landorus-Therian|Stealth Rock|p2a: Lopunny
|-sidestart|p2: D3M0NI4K|move: Stealth Rock
|
|-heal|p1a: Landorus-Therian|195\/382|[from] item: Leftovers
|turn|3
|
|switch|p1a: Rotom-Wash|Rotom-Wash|304\/304
|move|p2a: Lopunny|Return|p1a: Rotom-Wash
|-damage|p1a: Rotom-Wash|219\/304
|
|-heal|p1a: Rotom-Wash|238\/304|[from] item: Leftovers
|turn|4
|
|switch|p2a: Ferrothorn|Ferrothorn, M|352\/352
|-damage|p2a: Ferrothorn|330\/352|[from] Stealth Rock
|move|p1a: Rotom-Wash|Will-O-Wisp|p2a: Ferrothorn|[miss]
|-miss|p1a: Rotom-Wash|p2a: Ferrothorn
|
|-heal|p1a: Rotom-Wash|257\/304|[from] item: Leftovers
|-heal|p2a: Ferrothorn|352\/352|[from] item: Leftovers
|turn|5
|
|move|p1a: Rotom-Wash|Will-O-Wisp|p2a: Ferrothorn
|-status|p2a: Ferrothorn|brn
|move|p2a: Ferrothorn|Leech Seed|p1a: Rotom-Wash
|-start|p1a: Rotom-Wash|move: Leech Seed
|
|-heal|p1a: Rotom-Wash|276\/304|[from] item: Leftovers
|-damage|p1a: Rotom-Wash|238\/304|[from] Leech Seed|[of] p2a: Ferrothorn
|-damage|p2a: Ferrothorn|308\/352 brn|[from] brn
|turn|6
|
|move|p1a: Rotom-Wash|Volt Switch|p2a: Ferrothorn
|-crit|p2a: Ferrothorn
|-resisted|p2a: Ferrothorn
|-damage|p2a: Ferrothorn|260\/352 brn
|
|switch|p1a: Starmie|Starmie|261\/261
|move|p2a: Ferrothorn|Stealth Rock|p1a: Starmie
|-sidestart|p1: taw|move: Stealth Rock
|
|-heal|p2a: Ferrothorn|282\/352 brn|[from] item: Leftovers
|-damage|p2a: Ferrothorn|238\/352 brn|[from] brn
|turn|7
|
|move|p2a: Ferrothorn|Protect|p2a: Ferrothorn
|-singleturn|p2a: Ferrothorn|Protect
|move|p1a: Starmie|Trick|p2a: Ferrothorn
|-activate|p2a: Ferrothorn|Protect
|
|-heal|p2a: Ferrothorn|260\/352 brn|[from] item: Leftovers
|-damage|p2a: Ferrothorn|216\/352 brn|[from] brn
|turn|8
|
|switch|p1a: Rotom-Wash|Rotom-Wash|238\/304
|-damage|p1a: Rotom-Wash|200\/304|[from] Stealth Rock
|switch|p2a: Lopunny|Lopunny-Mega, M|271\/271
|-damage|p2a: Lopunny|255\/271|[from] Stealth Rock
|
|-heal|p1a: Rotom-Wash|219\/304|[from] item: Leftovers
|turn|9
|
|move|p2a: Lopunny|Fake Out|p1a: Rotom-Wash
|-damage|p1a: Rotom-Wash|162\/304
|cant|p1a: Rotom-Wash|flinch
|
|-heal|p1a: Rotom-Wash|181\/304|[from] item: Leftovers
|turn|10
|
|switch|p2a: Ferrothorn|Ferrothorn, M|216\/352 brn
|-damage|p2a: Ferrothorn|194\/352 brn|[from] Stealth Rock
|move|p1a: Rotom-Wash|Will-O-Wisp|p2a: Ferrothorn
|-fail|p2a: Ferrothorn|brn
|
|-heal|p1a: Rotom-Wash|200\/304|[from] item: Leftovers
|-heal|p2a: Ferrothorn|216\/352 brn|[from] item: Leftovers
|-damage|p2a: Ferrothorn|172\/352 brn|[from] brn
|turn|11
|
|move|p1a: Rotom-Wash|Volt Switch|p2a: Ferrothorn
|-resisted|p2a: Ferrothorn
|-damage|p2a: Ferrothorn|141\/352 brn
|
|switch|p1a: Clefable|Clefable, M|394\/394
|move|p2a: Ferrothorn|Leech Seed|p1a: Clefable
|-start|p1a: Clefable|move: Leech Seed
|
|-heal|p2a: Ferrothorn|163\/352 brn|[from] item: Leftovers
|-damage|p2a: Ferrothorn|119\/352 brn|[from] brn
|turn|12
|
|move|p1a: Clefable|Moonblast|p2a: Ferrothorn
|-resisted|p2a: Ferrothorn
|-damage|p2a: Ferrothorn|81\/352 brn
|-unboost|p2a: Ferrothorn|spa|1
|move|p2a: Ferrothorn|Gyro Ball|p1a: Clefable
|-supereffective|p1a: Clefable
|-damage|p1a: Clefable|274\/394
|
|-heal|p1a: Clefable|298\/394|[from] item: Leftovers
|-heal|p2a: Ferrothorn|103\/352 brn|[from] item: Leftovers
|-damage|p2a: Ferrothorn|59\/352 brn|[from] brn
|turn|13
|
|move|p1a: Clefable|Calm Mind|p1a: Clefable
|-boost|p1a: Clefable|spa|1
|-boost|p1a: Clefable|spd|1
|move|p2a: Ferrothorn|Gyro Ball|p1a: Clefable
|-supereffective|p1a: Clefable
|-damage|p1a: Clefable|164\/394
|
|-heal|p1a: Clefable|188\/394|[from] item: Leftovers
|-heal|p2a: Ferrothorn|81\/352 brn|[from] item: Leftovers
|-damage|p2a: Ferrothorn|37\/352 brn|[from] brn
|turn|14
|
|move|p1a: Clefable|Soft-Boiled|p1a: Clefable
|-heal|p1a: Clefable|385\/394
|move|p2a: Ferrothorn|Gyro Ball|p1a: Clefable
|-supereffective|p1a: Clefable
|-damage|p1a: Clefable|265\/394
|
|-heal|p1a: Clefable|289\/394|[from] item: Leftovers
|-heal|p2a: Ferrothorn|59\/352 brn|[from] item: Leftovers
|-damage|p2a: Ferrothorn|15\/352 brn|[from] brn
|turn|15
|
|move|p1a: Clefable|Soft-Boiled|p1a: Clefable
|-heal|p1a: Clefable|394\/394
|move|p2a: Ferrothorn|Gyro Ball|p1a: Clefable
|-supereffective|p1a: Clefable
|-damage|p1a: Clefable|262\/394
|
|-heal|p1a: Clefable|286\/394|[from] item: Leftovers
|-heal|p2a: Ferrothorn|37\/352 brn|[from] item: Leftovers
|-damage|p2a: Ferrothorn|0 fnt|[from] brn
|faint|p2a: Ferrothorn
|
|switch|p2a: Excadrill|Excadrill, F|361\/361
|-damage|p2a: Excadrill|350\/361|[from] Stealth Rock
|-item|p2a: Excadrill|Air Balloon
|turn|16
|
|switch|p1a: Rotom-Wash|Rotom-Wash|200\/304
|-damage|p1a: Rotom-Wash|162\/304|[from] Stealth Rock
|move|p2a: Excadrill|Iron Head|p1a: Rotom-Wash
|-resisted|p1a: Rotom-Wash
|-damage|p1a: Rotom-Wash|134\/304
|
|-heal|p1a: Rotom-Wash|153\/304|[from] item: Leftovers
|turn|17
|
|switch|p2a: Gengar|Gengar, F|261\/261
|-damage|p2a: Gengar|229\/261|[from] Stealth Rock
|switch|p1a: Landorus-Therian|Landorus-Therian, M|195\/382
|-damage|p1a: Landorus-Therian|148\/382|[from] Stealth Rock
|-ability|p1a: Landorus-Therian|Intimidate|[of] p2a: Gengar
|-unboost|p2a: Gengar|atk|1
|
|-heal|p1a: Landorus-Therian|171\/382|[from] item: Leftovers
|turn|18
|
|switch|p1a: Clefable|Clefable, M|286\/394
|move|p2a: Gengar|Shadow Ball|p1a: Clefable
|-damage|p1a: Clefable|133\/394
|-damage|p2a: Gengar|203\/261|[from] item: Life Orb
|
|-heal|p1a: Clefable|157\/394|[from] item: Leftovers
|turn|19
|
|move|p2a: Gengar|Sludge Wave|p1a: Clefable
|-supereffective|p1a: Clefable
|-damage|p1a: Clefable|0 fnt
|-damage|p2a: Gengar|177\/261|[from] item: Life Orb
|faint|p1a: Clefable
|
|
|switch|p1a: Starmie|Starmie|261\/261
|-damage|p1a: Starmie|229\/261|[from] Stealth Rock
|turn|20
|
|switch|p2a: Tyranitar|Tyranitar, M|341\/341
|-damage|p2a: Tyranitar|299\/341|[from] Stealth Rock
|-weather|Sandstorm
|move|p1a: Starmie|Hydro Pump|p2a: Tyranitar
|-supereffective|p2a: Tyranitar
|-damage|p2a: Tyranitar|0 fnt
|faint|p2a: Tyranitar
|
|-weather|Sandstorm|[upkeep]
|-damage|p1a: Starmie|213\/261|[from] sandstorm
|
|switch|p2a: Lopunny|Lopunny-Mega, M|255\/271
|-damage|p2a: Lopunny|239\/271|[from] Stealth Rock
|turn|21
|
|switch|p1a: Landorus-Therian|Landorus-Therian, M|171\/382
|-damage|p1a: Landorus-Therian|124\/382|[from] Stealth Rock
|-ability|p1a: Landorus-Therian|Intimidate|[of] p2a: Lopunny
|-unboost|p2a: Lopunny|atk|1
|move|p2a: Lopunny|Fake Out|p1a: Landorus-Therian
|-damage|p1a: Landorus-Therian|87\/382
|
|-weather|Sandstorm|[upkeep]
|-damage|p2a: Lopunny|223\/271|[from] sandstorm
|-heal|p1a: Landorus-Therian|110\/382|[from] item: Leftovers
|turn|22
|
|move|p2a: Lopunny|Return|p1a: Landorus-Therian
|-damage|p1a: Landorus-Therian|11\/382
|move|p1a: Landorus-Therian|Earthquake|p2a: Lopunny
|-damage|p2a: Lopunny|55\/271
|
|-weather|Sandstorm|[upkeep]
|-damage|p2a: Lopunny|39\/271|[from] sandstorm
|-heal|p1a: Landorus-Therian|34\/382|[from] item: Leftovers
|turn|23
|
|move|p2a: Lopunny|Ice Punch|p1a: Landorus-Therian
|-supereffective|p1a: Landorus-Therian
|-damage|p1a: Landorus-Therian|0 fnt
|faint|p1a: Landorus-Therian
|
|-weather|Sandstorm|[upkeep]
|-damage|p2a: Lopunny|23\/271|[from] sandstorm
|
|switch|p1a: Metagross|Metagross|302\/302
|-damage|p1a: Metagross|284\/302|[from] Stealth Rock
|turn|24
|
|detailschange|p1a: Metagross|Metagross-Mega
|-mega|p1a: Metagross|Metagross|Metagrossite
|move|p1a: Metagross|Bullet Punch|p2a: Lopunny
|-damage|p2a: Lopunny|0 fnt
|faint|p2a: Lopunny
|
|-weather|none
|
|switch|p2a: Dragonite|Dragonite, F|323\/323
|-damage|p2a: Dragonite|243\/323|[from] Stealth Rock
|turn|25
|
|move|p1a: Metagross|Ice Punch|p2a: Dragonite
|-supereffective|p2a: Dragonite
|-damage|p2a: Dragonite|0 fnt
|faint|p2a: Dragonite
|
|-message|D3M0NI4K forfeited.
|leave|D3M0NI4K
|
|switch|p2a: Gengar|Gengar, F|177\/261
|-damage|p2a: Gengar|145\/261|[from] Stealth Rock
|turn|26
|
|win|taw
|raw|Ladder updating...
|player|p2
|raw|taw's rating: 1470 &rarr; <strong>1484<\/strong><br \/>(+14 for winning)
|raw|D3M0NI4K's rating: 1366 &rarr; <strong>1352<\/strong><br \/>(-14 for losing)