|join|taw
|join|Mike Pass
|player|p1|taw|265
|player|p2|Mike Pass|150
|gametype|singles
|gen|6
|tier|OU
|rated
|clearpoke
|poke|p1|Serperior, F
|poke|p1|Gyarados, F
|poke|p1|Talonflame, F
|poke|p1|Bisharp, M
|poke|p1|Aerodactyl, F
|poke|p1|Latias, F
|poke|p2|Charizard, M
|poke|p2|Rotom-Wash
|poke|p2|Landorus-Therian, M
|poke|p2|Klefki, M
|poke|p2|Azumarill, F
|poke|p2|Mew
|rule|Swagger Clause: Swagger is banned
|rule|Baton Pass Clause: Limit one PokÃ©mon knowing Baton Pass
|rule|Sleep Clause Mod: Limit one foe put to sleep
|rule|Species Clause: Limit one of each PokÃ©mon
|rule|OHKO Clause: OHKO moves are banned
|rule|Moody Clause: Moody is banned
|rule|Evasion Moves Clause: Evasion moves are banned
|rule|Endless Battle Clause: Forcing endless battles is banned
|rule|HP Percentage Mod: HP is shown in percentages
|teampreview
|
|start
|switch|p1a: Aerodactyl|Aerodactyl, F|301\/301
|switch|p2a: Charizard|Charizard, M|298\/298
|-ability|p1a: Aerodactyl|Pressure
|turn|1
|
|detailschange|p2a: Charizard|Charizard-Mega-X, M
|-mega|p2a: Charizard|Charizard|Charizardite X
|move|p1a: Aerodactyl|Rock Slide|p2a: Charizard
|-miss|p1a: Aerodactyl|p2a: Charizard
|move|p2a: Charizard|Outrage|p1a: Aerodactyl
|-enditem|p1a: Aerodactyl|Focus Sash
|-damage|p1a: Aerodactyl|1\/301
|
|turn|2
|
|move|p1a: Aerodactyl|Stealth Rock|p2a: Charizard
|-sidestart|p2: Mike Pass|move: Stealth Rock
|move|p2a: Charizard|Outrage|p1a: Aerodactyl
|-damage|p1a: Aerodactyl|0 fnt
|faint|p1a: Aerodactyl
|
|
|switch|p1a: Latias|Latias, F|301\/301
|turn|3
|
|move|p1a: Latias|Draco Meteor|p2a: Charizard
|-supereffective|p2a: Charizard
|-damage|p2a: Charizard|0 fnt
|-unboost|p1a: Latias|spa|2
|-damage|p1a: Latias|271\/301|[from] item: Life Orb
|faint|p2a: Charizard
|
|
|switch|p2a: Landorus-Therian|Landorus-Therian, M|369\/369
|-damage|p2a: Landorus-Therian|323\/369|[from] Stealth Rock
|-ability|p2a: Landorus-Therian|Intimidate|[of] p1a: Latias
|-unboost|p1a: Latias|atk|1
|turn|4
|
|switch|p1a: Serperior|Serperior, F|291\/291
|move|p2a: Landorus-Therian|Stone Edge|p1a: Serperior
|-damage|p1a: Serperior|139\/291
|
|turn|5
|
|move|p1a: Serperior|Leaf Storm|p2a: Landorus-Therian
|-damage|p2a: Landorus-Therian|128\/369
|-boost|p1a: Serperior|spa|2
|move|p2a: Landorus-Therian|Stone Edge|p1a: Serperior
|-damage|p1a: Serperior|3\/291
|
|turn|6
|
|move|p1a: Serperior|Leaf Storm|p2a: Landorus-Therian
|-damage|p2a: Landorus-Therian|0 fnt
|-boost|p1a: Serperior|spa|2
|faint|p2a: Landorus-Therian
|
|
|switch|p2a: Azumarill|Azumarill, F|364\/364
|-damage|p2a: Azumarill|319\/364|[from] Stealth Rock
|turn|7
|
|move|p2a: Azumarill|Aqua Jet|p1a: Serperior
|-resisted|p1a: Serperior
|-damage|p1a: Serperior|0 fnt
|faint|p1a: Serperior
|
|
|switch|p1a: Gyarados|Gyarados, F|331\/331
|-ability|p1a: Gyarados|Intimidate|[of] p2a: Azumarill
|-unboost|p2a: Azumarill|atk|1
|turn|8
|
|move|p1a: Gyarados|Dragon Dance|p1a: Gyarados
|-boost|p1a: Gyarados|atk|1
|-boost|p1a: Gyarados|spe|1
|move|p2a: Azumarill|Belly Drum|p2a: Azumarill
|-damage|p2a: Azumarill|137\/364
|-setboost|p2a: Azumarill|atk|6|[from] move: Belly Drum
|-enditem|p2a: Azumarill|Sitrus Berry|[eat]
|-heal|p2a: Azumarill|228\/364|[from] item: Sitrus Berry
|
|turn|9
|
|detailschange|p1a: Gyarados|Gyarados-Mega, F
|-mega|p1a: Gyarados|Gyarados|Gyaradosite
|-ability|p1a: Gyarados|Mold Breaker
|move|p1a: Gyarados|Earthquake|p2a: Azumarill
|-damage|p2a: Azumarill|0 fnt
|faint|p2a: Azumarill
|
|
|switch|p2a: Klefki|Klefki, M|318\/318
|-damage|p2a: Klefki|299\/318|[from] Stealth Rock
|turn|10
|
|move|p2a: Klefki|Reflect|p2a: Klefki
|-sidestart|p2: Mike Pass|Reflect
|move|p1a: Gyarados|Earthquake|p2a: Klefki
|-supereffective|p2a: Klefki
|-damage|p2a: Klefki|131\/318
|
|turn|11
|
|switch|p2a: Mew|Mew|404\/404
|-damage|p2a: Mew|354\/404|[from] Stealth Rock
|move|p1a: Gyarados|Earthquake|p2a: Mew
|-damage|p2a: Mew|273\/404
|
|-heal|p2a: Mew|298\/404|[from] item: Leftovers
|turn|12
|
|move|p1a: Gyarados|Crunch|p2a: Mew
|-supereffective|p2a: Mew
|-damage|p2a: Mew|84\/404
|move|p2a: Mew|Will-O-Wisp|p1a: Gyarados
|-status|p1a: Gyarados|brn
|
|-heal|p2a: Mew|109\/404|[from] item: Leftovers
|-damage|p1a: Gyarados|290\/331 brn|[from] brn
|turn|13
|
|move|p1a: Gyarados|Dragon Dance|p1a: Gyarados
|-boost|p1a: Gyarados|atk|1
|-boost|p1a: Gyarados|spe|1
|move|p2a: Mew|Soft-Boiled|p2a: Mew
|-heal|p2a: Mew|311\/404
|
|-heal|p2a: Mew|336\/404|[from] item: Leftovers
|-damage|p1a: Gyarados|249\/331 brn|[from] brn
|turn|14
|
|switch|p2a: Rotom-Wash|Rotom-Wash|303\/303
|-damage|p2a: Rotom-Wash|266\/303|[from] Stealth Rock
|move|p1a: Gyarados|Crunch|p2a: Rotom-Wash
|-damage|p2a: Rotom-Wash|189\/303
|
|-damage|p1a: Gyarados|208\/331 brn|[from] brn
|turn|15
|
|move|p1a: Gyarados|Earthquake|p2a: Rotom-Wash
|-supereffective|p2a: Rotom-Wash
|-damage|p2a: Rotom-Wash|60\/303
|move|p2a: Rotom-Wash|Volt Switch|p1a: Gyarados
|-supereffective|p1a: Gyarados
|-damage|p1a: Gyarados|70\/331 brn
|
|switch|p2a: Mew|Mew|336\/404
|-damage|p2a: Mew|286\/404|[from] Stealth Rock
|
|-heal|p2a: Mew|311\/404|[from] item: Leftovers
|-damage|p1a: Gyarados|29\/331 brn|[from] brn
|turn|16
|
|switch|p1a: Bisharp|Bisharp, M|272\/272
|move|p2a: Mew|Soft-Boiled|p2a: Mew
|-heal|p2a: Mew|404\/404
|
|turn|17
|
|move|p2a: Mew|Will-O-Wisp|p1a: Bisharp
|-status|p1a: Bisharp|brn
|move|p1a: Bisharp|Knock Off|p2a: Mew
|-supereffective|p2a: Mew
|-damage|p2a: Mew|308\/404
|-enditem|p2a: Mew|Leftovers|[from] move: Knock Off|[of] p1a: Bisharp
|
|-damage|p1a: Bisharp|238\/272 brn|[from] brn
|-sideend|p2: Mike Pass|Reflect
|turn|18
|
|move|p2a: Mew|Soft-Boiled|p2a: Mew
|-heal|p2a: Mew|404\/404
|move|p1a: Bisharp|Swords Dance|p1a: Bisharp
|-boost|p1a: Bisharp|atk|2
|
|-damage|p1a: Bisharp|204\/272 brn|[from] brn
|turn|19
|
|move|p2a: Mew|Knock Off|p1a: Bisharp
|-resisted|p1a: Bisharp
|-damage|p1a: Bisharp|173\/272 brn
|-enditem|p1a: Bisharp|Black Glasses|[from] move: Knock Off|[of] p2a: Mew
|move|p1a: Bisharp|Knock Off|p2a: Mew
|-crit|p2a: Mew
|-supereffective|p2a: Mew
|-damage|p2a: Mew|86\/404
|
|-damage|p1a: Bisharp|139\/272 brn|[from] brn
|turn|20
|
|move|p2a: Mew|Soft-Boiled|p2a: Mew
|-heal|p2a: Mew|288\/404
|move|p1a: Bisharp|Swords Dance|p1a: Bisharp
|-boost|p1a: Bisharp|atk|2
|
|-damage|p1a: Bisharp|105\/272 brn|[from] brn
|turn|21
|
|move|p2a: Mew|Soft-Boiled|p2a: Mew
|-heal|p2a: Mew|404\/404
|move|p1a: Bisharp|Knock Off|p2a: Mew
|-supereffective|p2a: Mew
|-damage|p2a: Mew|92\/404
|
|-damage|p1a: Bisharp|71\/272 brn|[from] brn
|turn|22
|
|move|p2a: Mew|Soft-Boiled|p2a: Mew
|-heal|p2a: Mew|294\/404
|move|p1a: Bisharp|Knock Off|p2a: Mew
|-supereffective|p2a: Mew
|-damage|p2a: Mew|0 fnt
|faint|p2a: Mew
|
|-damage|p1a: Bisharp|37\/272 brn|[from] brn
|
|switch|p2a: Rotom-Wash|Rotom-Wash|60\/303
|-damage|p2a: Rotom-Wash|23\/303|[from] Stealth Rock
|turn|23
|
|move|p1a: Bisharp|Knock Off|p2a: Rotom-Wash
|-damage|p2a: Rotom-Wash|0 fnt
|-enditem|p2a: Rotom-Wash|Chesto Berry|[from] move: Knock Off|[of] p1a: Bisharp
|faint|p2a: Rotom-Wash
|
|-damage|p1a: Bisharp|3\/272 brn|[from] brn
|-message|Mike Pass forfeited.
|leave|Mike Pass
|
|win|taw
|raw|Ladder updating...
|player|p2