|join|taw
|join|redsoxalex3459
|player|p1|taw|170
|player|p2|redsoxalex3459|169
|gametype|singles
|gen|6
|tier|OU
|rated
|clearpoke
|poke|p1|Serperior, M
|poke|p1|Gyarados, F
|poke|p1|Talonflame, F
|poke|p1|Bisharp, F
|poke|p1|Aerodactyl, F
|poke|p1|Latias, F
|poke|p2|Landorus-Therian, M
|poke|p2|Raikou
|poke|p2|Aerodactyl, M
|poke|p2|Ferrothorn, F
|poke|p2|Rotom-Wash
|poke|p2|Entei, shiny
|rule|Swagger Clause: Swagger is banned
|rule|Baton Pass Clause: Limit one PokÃ©mon knowing Baton Pass
|rule|Sleep Clause Mod: Limit one foe put to sleep
|rule|Species Clause: Limit one of each PokÃ©mon
|rule|OHKO Clause: OHKO moves are banned
|rule|Moody Clause: Moody is banned
|rule|Evasion Moves Clause: Evasion moves are banned
|rule|Endless Battle Clause: Forcing endless battles is banned
|rule|HP Percentage Mod: HP is shown in percentages
|teampreview
|
|start
|switch|p1a: Aerodactyl|Aerodactyl, F|301\/301
|switch|p2a: Entei|Entei, shiny|401\/401
|-ability|p1a: Aerodactyl|Pressure
|-ability|p2a: Entei|Pressure
|turn|1
|
|move|p1a: Aerodactyl|Stealth Rock|p2a: Entei
|-sidestart|p2: redsoxalex3459|move: Stealth Rock
|move|p2a: Entei|Sacred Fire|p1a: Aerodactyl
|-resisted|p1a: Aerodactyl
|-damage|p1a: Aerodactyl|114\/301
|-status|p1a: Aerodactyl|brn
|
|-damage|p1a: Aerodactyl|77\/301 brn|[from] brn
|turn|2
|
|move|p1a: Aerodactyl|Rock Slide|p2a: Entei
|-miss|p1a: Aerodactyl|p2a: Entei
|move|p2a: Entei|Sacred Fire|p1a: Aerodactyl
|-resisted|p1a: Aerodactyl
|-damage|p1a: Aerodactyl|0 fnt
|faint|p1a: Aerodactyl
|
|
|switch|p1a: Talonflame|Talonflame, F|320\/320
|turn|3
|
|move|p1a: Talonflame|Swords Dance|p1a: Talonflame
|-boost|p1a: Talonflame|atk|2
|move|p2a: Entei|Sacred Fire|p1a: Talonflame
|-resisted|p1a: Talonflame
|-damage|p1a: Talonflame|140\/320
|
|-heal|p1a: Talonflame|160\/320|[from] item: Leftovers
|turn|4
|
|move|p1a: Talonflame|Brave Bird|p2a: Entei
|-damage|p2a: Entei|0 fnt
|-damage|p1a: Talonflame|28\/320|[from] recoil|[of] p2a: Entei
|faint|p2a: Entei
|
|-heal|p1a: Talonflame|48\/320|[from] item: Leftovers
|
|switch|p2a: Aerodactyl|Aerodactyl, M|301\/301
|-damage|p2a: Aerodactyl|226\/301|[from] Stealth Rock
|turn|5
|
|move|p1a: Talonflame|Roost|p1a: Talonflame
|-heal|p1a: Talonflame|208\/320
|move|p2a: Aerodactyl|Hone Claws|p2a: Aerodactyl
|-boost|p2a: Aerodactyl|atk|1
|-boost|p2a: Aerodactyl|accuracy|1
|
|-heal|p1a: Talonflame|228\/320|[from] item: Leftovers
|turn|6
|
|detailschange|p2a: Aerodactyl|Aerodactyl-Mega, M
|-mega|p2a: Aerodactyl|Aerodactyl|Aerodactylite
|move|p1a: Talonflame|Brave Bird|p2a: Aerodactyl
|-resisted|p2a: Aerodactyl
|-damage|p2a: Aerodactyl|40\/301
|-damage|p1a: Talonflame|167\/320|[from] recoil|[of] p2a: Aerodactyl
|move|p2a: Aerodactyl|Stone Edge|p1a: Talonflame
|-supereffective|p1a: Talonflame
|-damage|p1a: Talonflame|0 fnt
|faint|p1a: Talonflame
|
|
|switch|p1a: Serperior|Serperior, M|291\/291
|turn|7
|
|move|p1a: Serperior|Leaf Storm|p2a: Aerodactyl
|-damage|p2a: Aerodactyl|0 fnt
|-boost|p1a: Serperior|spa|2
|faint|p2a: Aerodactyl
|
|
|switch|p2a: Spike|Ferrothorn, F|351\/351
|-damage|p2a: Spike|330\/351|[from] Stealth Rock
|turn|8
|
|move|p1a: Serperior|Leaf Storm|p2a: Spike
|-resisted|p2a: Spike
|-damage|p2a: Spike|263\/351
|-boost|p1a: Serperior|spa|2
|move|p2a: Spike|Toxic|p1a: Serperior
|-status|p1a: Serperior|tox
|
|-damage|p1a: Serperior|273\/291 tox|[from] psn
|turn|9
|
|move|p1a: Serperior|Leaf Storm|p2a: Spike
|-resisted|p2a: Spike
|-damage|p2a: Spike|161\/351
|-boost|p1a: Serperior|spa|2
|move|p2a: Spike|Stealth Rock|p1a: Serperior
|-sidestart|p1: taw|move: Stealth Rock
|
|-damage|p1a: Serperior|237\/291 tox|[from] psn
|turn|10
|
|move|p1a: Serperior|Leaf Storm|p2a: Spike
|-resisted|p2a: Spike
|-damage|p2a: Spike|33\/351
|move|p2a: Spike|Leech Seed|p1a: Serperior
|-immune|p1a: Serperior|[msg]
|
|-damage|p1a: Serperior|183\/291 tox|[from] psn
|turn|11
|
|move|p1a: Serperior|Leaf Storm|p2a: Spike
|-resisted|p2a: Spike
|-damage|p2a: Spike|0 fnt
|faint|p2a: Spike
|
|-damage|p1a: Serperior|111\/291 tox|[from] psn
|c|âredsoxalex3459|gg
|c|âtaw|gg
|
|switch|p2a: Colossus|Raikou|321\/321
|-damage|p2a: Colossus|281\/321|[from] Stealth Rock
|-ability|p2a: Colossus|Pressure
|turn|12
|
|move|p1a: Serperior|Leaf Storm|p2a: Colossus
|-damage|p2a: Colossus|0 fnt
|faint|p2a: Colossus
|
|-damage|p1a: Serperior|21\/291 tox|[from] psn
|
|switch|p2a: Mach|Landorus-Therian, M|319\/319
|-damage|p2a: Mach|280\/319|[from] Stealth Rock
|-ability|p2a: Mach|Intimidate|[of] p1a: Serperior
|-boost|p1a: Serperior|atk|1
|turn|13
|
|move|p1a: Serperior|Leaf Storm|p2a: Mach
|-damage|p2a: Mach|0 fnt
|faint|p2a: Mach
|
|-damage|p1a: Serperior|0 fnt|[from] psn
|faint|p1a: Serperior
|-message|redsoxalex3459 forfeited.
|leave|redsoxalex3459
|
|win|taw
|raw|Ladder updating...
|player|p2