|join|taw
|join|Mega-Nido
|player|p1|taw|1
|player|p2|Mega-Nido|170
|gametype|singles
|gen|6
|tier|OU
|rated
|clearpoke
|poke|p1|Serperior, M
|poke|p1|Gyarados, F
|poke|p1|Talonflame, M
|poke|p1|Bisharp, M
|poke|p1|Aerodactyl, F
|poke|p1|Latias, F
|poke|p2|Mew
|poke|p2|Landorus-Therian, M
|poke|p2|Ferrothorn, M
|poke|p2|Azumarill, F
|poke|p2|Charizard, F, shiny
|poke|p2|Latias, F
|rule|Swagger Clause: Swagger is banned
|rule|Baton Pass Clause: Limit one PokÃ©mon knowing Baton Pass
|rule|Sleep Clause Mod: Limit one foe put to sleep
|rule|Species Clause: Limit one of each PokÃ©mon
|rule|OHKO Clause: OHKO moves are banned
|rule|Moody Clause: Moody is banned
|rule|Evasion Moves Clause: Evasion moves are banned
|rule|Endless Battle Clause: Forcing endless battles is banned
|rule|HP Percentage Mod: HP is shown in percentages
|teampreview
|
|start
|switch|p1a: Aerodactyl|Aerodactyl, F|301\/301
|switch|p2a: Landorus-Therian|Landorus-Therian, M|319\/319
|-ability|p2a: Landorus-Therian|Intimidate|[of] p1a: Aerodactyl
|-unboost|p1a: Aerodactyl|atk|1
|-ability|p1a: Aerodactyl|Pressure
|turn|1
|
|move|p2a: Landorus-Therian|Stone Edge|p1a: Aerodactyl
|-supereffective|p1a: Aerodactyl
|-enditem|p1a: Aerodactyl|Focus Sash
|-damage|p1a: Aerodactyl|1\/301
|move|p1a: Aerodactyl|Taunt|p2a: Landorus-Therian
|-start|p2a: Landorus-Therian|move: Taunt
|
|turn|2
|
|switch|p1a: Serperior|Serperior, M|291\/291
|move|p2a: Landorus-Therian|Stone Edge|p1a: Serperior
|-damage|p1a: Serperior|151\/291
|
|turn|3
|
|switch|p2a: Ferrothorn|Ferrothorn, M|352\/352
|move|p1a: Serperior|Leaf Storm|p2a: Ferrothorn
|-resisted|p2a: Ferrothorn
|-damage|p2a: Ferrothorn|325\/352
|-boost|p1a: Serperior|spa|2
|
|-heal|p2a: Ferrothorn|347\/352|[from] item: Leftovers
|turn|4
|
|switch|p2a: Landorus-Therian|Landorus-Therian, M|319\/319
|-ability|p2a: Landorus-Therian|Intimidate|[of] p1a: Serperior
|-boost|p1a: Serperior|atk|1
|move|p1a: Serperior|Leaf Storm|p2a: Landorus-Therian|[miss]
|-miss|p1a: Serperior|p2a: Landorus-Therian
|
|turn|5
|c|âtaw|:\/\/
|
|move|p1a: Serperior|Leaf Storm|p2a: Landorus-Therian
|-damage|p2a: Landorus-Therian|0 fnt
|-boost|p1a: Serperior|spa|2
|faint|p2a: Landorus-Therian
|
|
|switch|p2a: Ferrothorn|Ferrothorn, M|347\/352
|turn|6
|
|move|p1a: Serperior|Leaf Storm|p2a: Ferrothorn
|-resisted|p2a: Ferrothorn
|-damage|p2a: Ferrothorn|261\/352
|-boost|p1a: Serperior|spa|2
|move|p2a: Ferrothorn|Stealth Rock|p1a: Serperior
|-sidestart|p1: taw|move: Stealth Rock
|
|-heal|p2a: Ferrothorn|283\/352|[from] item: Leftovers
|turn|7
|
|move|p1a: Serperior|Leaf Storm|p2a: Ferrothorn
|-resisted|p2a: Ferrothorn
|-damage|p2a: Ferrothorn|157\/352
|move|p2a: Ferrothorn|Gyro Ball|p1a: Serperior
|-damage|p1a: Serperior|0 fnt
|faint|p1a: Serperior
|
|-heal|p2a: Ferrothorn|179\/352|[from] item: Leftovers
|
|switch|p1a: Latias|Latias, F|301\/301
|-damage|p1a: Latias|264\/301|[from] Stealth Rock
|turn|8
|
|move|p1a: Latias|Defog|p2a: Ferrothorn
|-unboost|p2a: Ferrothorn|evasion|1
|-sideend|p1: taw|Stealth Rock|[from] move: Defog|[of] p1a: Latias
|move|p2a: Ferrothorn|Stealth Rock|p1a: Latias
|-sidestart|p1: taw|move: Stealth Rock
|
|-heal|p2a: Ferrothorn|201\/352|[from] item: Leftovers
|turn|9
|
|move|p1a: Latias|Draco Meteor|p2a: Ferrothorn
|-resisted|p2a: Ferrothorn
|-damage|p2a: Ferrothorn|97\/352
|-unboost|p1a: Latias|spa|2
|-damage|p1a: Latias|234\/301|[from] item: Life Orb
|move|p2a: Ferrothorn|Stealth Rock|p1a: Latias
|-fail|p1a: Latias
|
|-heal|p2a: Ferrothorn|119\/352|[from] item: Leftovers
|turn|10
|
|move|p1a: Latias|Earthquake|p2a: Ferrothorn
|-damage|p2a: Ferrothorn|63\/352
|-damage|p1a: Latias|204\/301|[from] item: Life Orb
|move|p2a: Ferrothorn|Stealth Rock|p1a: Latias
|-fail|p1a: Latias
|
|-heal|p2a: Ferrothorn|85\/352|[from] item: Leftovers
|turn|11
|
|move|p1a: Latias|Earthquake|p2a: Ferrothorn
|-damage|p2a: Ferrothorn|24\/352
|-damage|p1a: Latias|174\/301|[from] item: Life Orb
|move|p2a: Ferrothorn|Leech Seed|p1a: Latias
|-start|p1a: Latias|move: Leech Seed
|
|-heal|p2a: Ferrothorn|46\/352|[from] item: Leftovers
|-damage|p1a: Latias|137\/301|[from] Leech Seed|[of] p2a: Ferrothorn
|-heal|p2a: Ferrothorn|83\/352|[silent]
|turn|12
|
|move|p1a: Latias|Defog|p2a: Ferrothorn
|-unboost|p2a: Ferrothorn|evasion|1
|-sideend|p1: taw|Stealth Rock|[from] move: Defog|[of] p1a: Latias
|move|p2a: Ferrothorn|Stealth Rock|p1a: Latias
|-sidestart|p1: taw|move: Stealth Rock
|
|-heal|p2a: Ferrothorn|105\/352|[from] item: Leftovers
|-damage|p1a: Latias|100\/301|[from] Leech Seed|[of] p2a: Ferrothorn
|-heal|p2a: Ferrothorn|142\/352|[silent]
|turn|13
|
|switch|p1a: Bisharp|Bisharp, M|272\/272
|-damage|p1a: Bisharp|255\/272|[from] Stealth Rock
|move|p2a: Ferrothorn|Gyro Ball|p1a: Bisharp
|-resisted|p1a: Bisharp
|-damage|p1a: Bisharp|168\/272
|
|-heal|p2a: Ferrothorn|164\/352|[from] item: Leftovers
|turn|14
|
|switch|p2a: Azumarill|Azumarill, F|360\/360
|move|p1a: Bisharp|Swords Dance|p1a: Bisharp
|-boost|p1a: Bisharp|atk|2
|
|turn|15
|
|switch|p2a: Ferrothorn|Ferrothorn, M|164\/352
|move|p1a: Bisharp|Knock Off|p2a: Ferrothorn
|-damage|p2a: Ferrothorn|0 fnt
|-damage|p1a: Bisharp|134\/272|[from] ability: Iron Barbs|[of] p2a: Ferrothorn
|-enditem|p2a: Ferrothorn|Leftovers|[from] move: Knock Off|[of] p1a: Bisharp
|faint|p2a: Ferrothorn
|
|
|switch|p2a: Azumarill|Azumarill, F|360\/360
|turn|16
|
|move|p2a: Azumarill|Aqua Jet|p1a: Bisharp
|-damage|p1a: Bisharp|0 fnt
|faint|p1a: Bisharp
|
|
|switch|p1a: Gyarados|Gyarados, F|331\/331
|-damage|p1a: Gyarados|249\/331|[from] Stealth Rock
|-ability|p1a: Gyarados|Intimidate|[of] p2a: Azumarill
|-unboost|p2a: Azumarill|atk|1
|turn|17
|
|switch|p2a: Latias|Latias, F|301\/301
|move|p1a: Gyarados|Dragon Dance|p1a: Gyarados
|-boost|p1a: Gyarados|atk|1
|-boost|p1a: Gyarados|spe|1
|
|turn|18
|
|switch|p2a: Azumarill|Azumarill, F|360\/360
|detailschange|p1a: Gyarados|Gyarados-Mega, F
|-mega|p1a: Gyarados|Gyarados|Gyaradosite
|-ability|p1a: Gyarados|Mold Breaker
|move|p1a: Gyarados|Crunch|p2a: Azumarill
|-resisted|p2a: Azumarill
|-damage|p2a: Azumarill|221\/360
|-unboost|p2a: Azumarill|def|1
|
|turn|19
|
|switch|p2a: Mew|Mew|404\/404
|move|p1a: Gyarados|Earthquake|p2a: Mew
|-damage|p2a: Mew|195\/404
|
|-heal|p2a: Mew|220\/404|[from] item: Leftovers
|turn|20
|
|move|p1a: Gyarados|Crunch|p2a: Mew
|-supereffective|p2a: Mew
|-damage|p2a: Mew|0 fnt
|faint|p2a: Mew
|
|
|switch|p2a: Azumarill|Azumarill, F|221\/360
|turn|21
|
|move|p1a: Gyarados|Earthquake|p2a: Azumarill
|-damage|p2a: Azumarill|0 fnt
|faint|p2a: Azumarill
|
|
|switch|p2a: Charizard|Charizard, F, shiny|328\/328
|turn|22
|
|detailschange|p2a: Charizard|Charizard-Mega-X, F, shiny
|-mega|p2a: Charizard|Charizard|Charizardite X
|move|p1a: Gyarados|Waterfall|p2a: Charizard
|-damage|p2a: Charizard|124\/328
|move|p2a: Charizard|Dragon Dance|p2a: Charizard
|-boost|p2a: Charizard|atk|1
|-boost|p2a: Charizard|spe|1
|
|turn|23
|
|move|p1a: Gyarados|Waterfall|p2a: Charizard
|-damage|p2a: Charizard|0 fnt
|faint|p2a: Charizard
|
|-message|Mega-Nido forfeited.
|leave|Mega-Nido
|
|win|taw
|raw|Ladder updating...
|player|p2
|raw|taw's rating: 1639 &rarr; <strong>1656<\/strong><br \/>(+17 for winning)
|raw|Mega-Nido's rating: 1593 &rarr; <strong>1576<\/strong><br \/>(-17 for losing)