|join|Pachirisu Queen
|join|taw
|player|p1|Pachirisu Queen|143
|player|p2|taw|266
|gametype|singles
|gen|6
|tier|OU
|rated
|clearpoke
|poke|p1|Lopunny, F
|poke|p1|Tyranitar, M
|poke|p1|Landorus-Therian, M
|poke|p1|Rotom-Wash
|poke|p1|Scizor, M
|poke|p1|Clefable, F
|poke|p2|Serperior, F
|poke|p2|Gyarados, M
|poke|p2|Talonflame, F
|poke|p2|Bisharp, F
|poke|p2|Aerodactyl, M
|poke|p2|Latias, F
|rule|Swagger Clause: Swagger is banned
|rule|Baton Pass Clause: Limit one PokÃ©mon knowing Baton Pass
|rule|Sleep Clause Mod: Limit one foe put to sleep
|rule|Species Clause: Limit one of each PokÃ©mon
|rule|OHKO Clause: OHKO moves are banned
|rule|Moody Clause: Moody is banned
|rule|Evasion Moves Clause: Evasion moves are banned
|rule|Endless Battle Clause: Forcing endless battles is banned
|rule|HP Percentage Mod: HP is shown in percentages
|teampreview
|join|lord ledian
|
|start
|switch|p1a: FINALLY MEGA|Lopunny, F|333\/333
|switch|p2a: Aerodactyl|Aerodactyl, M|301\/301
|-ability|p2a: Aerodactyl|Pressure
|turn|1
|
|switch|p1a: HEY DIANCIE|Landorus-Therian, M|353\/353
|-ability|p1a: HEY DIANCIE|Intimidate|[of] p2a: Aerodactyl
|-unboost|p2a: Aerodactyl|atk|1
|move|p2a: Aerodactyl|Stealth Rock|p1a: HEY DIANCIE
|-sidestart|p1: Pachirisu Queen|move: Stealth Rock
|
|turn|2
|
|move|p2a: Aerodactyl|Taunt|p1a: HEY DIANCIE
|-start|p1a: HEY DIANCIE|move: Taunt
|move|p1a: HEY DIANCIE|Knock Off|p2a: Aerodactyl
|-damage|p2a: Aerodactyl|141\/301
|-enditem|p2a: Aerodactyl|Focus Sash|[from] move: Knock Off|[of] p1a: HEY DIANCIE
|
|turn|3
|
|switch|p1a: NOT A CHECK|Clefable, F|385\/385
|move|p2a: Aerodactyl|Rock Slide|p1a: NOT A CHECK
|-damage|p1a: NOT A CHECK|319\/385
|
|-heal|p1a: NOT A CHECK|343\/385|[from] item: Leftovers
|turn|4
|
|move|p2a: Aerodactyl|Taunt|p1a: NOT A CHECK
|-start|p1a: NOT A CHECK|move: Taunt
|move|p1a: NOT A CHECK|Moonblast|p2a: Aerodactyl
|-damage|p2a: Aerodactyl|11\/301
|
|-heal|p1a: NOT A CHECK|367\/385|[from] item: Leftovers
|turn|5
|
|move|p2a: Aerodactyl|Earthquake|p1a: NOT A CHECK
|-damage|p1a: NOT A CHECK|311\/385
|move|p1a: NOT A CHECK|Flamethrower|p2a: Aerodactyl
|-resisted|p2a: Aerodactyl
|-damage|p2a: Aerodactyl|0 fnt
|faint|p2a: Aerodactyl
|
|-heal|p1a: NOT A CHECK|335\/385|[from] item: Leftovers
|
|switch|p2a: Serperior|Serperior, F|291\/291
|turn|6
|
|move|p2a: Serperior|Leaf Storm|p1a: NOT A CHECK
|-damage|p1a: NOT A CHECK|169\/385
|-boost|p2a: Serperior|spa|2
|move|p1a: NOT A CHECK|Flamethrower|p2a: Serperior
|-supereffective|p2a: Serperior
|-damage|p2a: Serperior|157\/291
|
|-heal|p1a: NOT A CHECK|193\/385|[from] item: Leftovers
|-end|p1a: NOT A CHECK|move: Taunt
|turn|7
|
|switch|p1a: FINALLY MEGA|Lopunny, F|333\/333
|-damage|p1a: FINALLY MEGA|292\/333|[from] Stealth Rock
|move|p2a: Serperior|Leaf Storm|p1a: FINALLY MEGA
|-damage|p1a: FINALLY MEGA|0 fnt
|-boost|p2a: Serperior|spa|2
|faint|p1a: FINALLY MEGA
|
|
|switch|p1a: HAZARDS NP|Scizor, M|309\/309
|-damage|p1a: HAZARDS NP|271\/309|[from] Stealth Rock
|turn|8
|
|move|p2a: Serperior|Leaf Storm|p1a: HAZARDS NP
|-crit|p1a: HAZARDS NP
|-resisted|p1a: HAZARDS NP
|-damage|p1a: HAZARDS NP|41\/309
|-boost|p2a: Serperior|spa|2
|move|p1a: HAZARDS NP|Pursuit|p2a: Serperior
|-damage|p2a: Serperior|31\/291
|
|turn|9
|
|switch|p1a: NOT A CHECK|Clefable, F|193\/385
|move|p2a: Serperior|Leaf Storm|p1a: NOT A CHECK|[miss]
|-miss|p2a: Serperior|p1a: NOT A CHECK
|
|-heal|p1a: NOT A CHECK|217\/385|[from] item: Leftovers
|turn|10
|
|move|p2a: Serperior|Leaf Storm|p1a: NOT A CHECK
|-damage|p1a: NOT A CHECK|0 fnt
|faint|p1a: NOT A CHECK
|
|
|switch|p1a: HAZARDS NP|Scizor, M|41\/309
|-damage|p1a: HAZARDS NP|3\/309|[from] Stealth Rock
|turn|11
|
|move|p1a: HAZARDS NP|Bullet Punch|p2a: Serperior
|-damage|p2a: Serperior|0 fnt
|faint|p2a: Serperior
|
|
|switch|p2a: Talonflame|Talonflame, F|320\/320
|turn|12
|
|move|p1a: HAZARDS NP|Bullet Punch|p2a: Talonflame
|-resisted|p2a: Talonflame
|-damage|p2a: Talonflame|210\/320
|move|p2a: Talonflame|Swords Dance|p2a: Talonflame
|-boost|p2a: Talonflame|atk|2
|
|-heal|p2a: Talonflame|230\/320|[from] item: Leftovers
|turn|13
|
|switch|p1a: WHERE PINSIR|Rotom-Wash|303\/303
|-damage|p1a: WHERE PINSIR|266\/303|[from] Stealth Rock
|move|p2a: Talonflame|Swords Dance|p2a: Talonflame
|-boost|p2a: Talonflame|atk|2
|
|-heal|p2a: Talonflame|250\/320|[from] item: Leftovers
|-heal|p1a: WHERE PINSIR|284\/303|[from] item: Leftovers
|turn|14
|
|move|p2a: Talonflame|Brave Bird|p1a: WHERE PINSIR
|-resisted|p1a: WHERE PINSIR
|-damage|p1a: WHERE PINSIR|103\/303
|-damage|p2a: Talonflame|190\/320|[from] recoil|[of] p1a: WHERE PINSIR
|move|p1a: WHERE PINSIR|Hydro Pump|p2a: Talonflame
|-supereffective|p2a: Talonflame
|-damage|p2a: Talonflame|0 fnt
|faint|p2a: Talonflame
|
|-heal|p1a: WHERE PINSIR|121\/303|[from] item: Leftovers
|
|switch|p2a: Latias|Latias, F|301\/301
|turn|15
|
|switch|p1a: HAZARDS NP|Scizor, M|3\/309
|-damage|p1a: HAZARDS NP|0 fnt|[from] Stealth Rock
|faint|p1a: HAZARDS NP
|move|p2a: Latias|Draco Meteor|p1: HAZARDS NP|[notarget]
|-notarget
|
|
|switch|p1a: BB TWINS|Tyranitar, M|341\/341
|-damage|p1a: BB TWINS|299\/341|[from] Stealth Rock
|-weather|Sandstorm
|turn|16
|
|detailschange|p1a: BB TWINS|Tyranitar-Mega, M
|-mega|p1a: BB TWINS|Tyranitar|Tyranitarite
|move|p2a: Latias|Earthquake|p1a: BB TWINS
|-supereffective|p1a: BB TWINS
|-damage|p1a: BB TWINS|172\/341
|-damage|p2a: Latias|271\/301|[from] item: Life Orb
|move|p1a: BB TWINS|Dragon Dance|p1a: BB TWINS
|-boost|p1a: BB TWINS|atk|1
|-boost|p1a: BB TWINS|spe|1
|
|-weather|Sandstorm|[upkeep]
|-damage|p2a: Latias|253\/301|[from] sandstorm
|turn|17
|
|move|p1a: BB TWINS|Crunch|p2a: Latias
|-supereffective|p2a: Latias
|-damage|p2a: Latias|0 fnt
|faint|p2a: Latias
|
|-weather|Sandstorm|[upkeep]
|
|switch|p2a: Gyarados|Gyarados, M|331\/331
|-ability|p2a: Gyarados|Intimidate|[of] p1a: BB TWINS
|-unboost|p1a: BB TWINS|atk|1
|turn|18
|
|detailschange|p2a: Gyarados|Gyarados-Mega, M
|-mega|p2a: Gyarados|Gyarados|Gyaradosite
|-ability|p2a: Gyarados|Mold Breaker
|move|p1a: BB TWINS|Earthquake|p2a: Gyarados
|-damage|p2a: Gyarados|210\/331
|move|p2a: Gyarados|Dragon Dance|p2a: Gyarados
|-boost|p2a: Gyarados|atk|1
|-boost|p2a: Gyarados|spe|1
|
|-weather|Sandstorm|[upkeep]
|-damage|p2a: Gyarados|190\/331|[from] sandstorm
|turn|19
|
|switch|p1a: HEY DIANCIE|Landorus-Therian, M|353\/353
|-damage|p1a: HEY DIANCIE|309\/353|[from] Stealth Rock
|-ability|p1a: HEY DIANCIE|Intimidate|[of] p2a: Gyarados
|-unboost|p2a: Gyarados|atk|1
|move|p2a: Gyarados|Waterfall|p1a: HEY DIANCIE
|-supereffective|p1a: HEY DIANCIE
|-damage|p1a: HEY DIANCIE|57\/353
|
|-weather|Sandstorm|[upkeep]
|-damage|p2a: Gyarados|170\/331|[from] sandstorm
|-heal|p1a: HEY DIANCIE|79\/353|[from] item: Leftovers
|turn|20
|
|move|p2a: Gyarados|Waterfall|p1a: HEY DIANCIE
|-supereffective|p1a: HEY DIANCIE
|-damage|p1a: HEY DIANCIE|0 fnt
|faint|p1a: HEY DIANCIE
|
|-weather|none
|
|switch|p1a: WHERE PINSIR|Rotom-Wash|121\/303
|-damage|p1a: WHERE PINSIR|84\/303|[from] Stealth Rock
|turn|21
|
|move|p2a: Gyarados|Earthquake|p1a: WHERE PINSIR
|-supereffective|p1a: WHERE PINSIR
|-damage|p1a: WHERE PINSIR|0 fnt
|faint|p1a: WHERE PINSIR
|
|
|switch|p1a: BB TWINS|Tyranitar-Mega, M|172\/341
|-damage|p1a: BB TWINS|130\/341|[from] Stealth Rock
|-weather|Sandstorm
|turn|22
|
|move|p2a: Gyarados|Earthquake|p1a: BB TWINS
|-supereffective|p1a: BB TWINS
|-damage|p1a: BB TWINS|0 fnt
|faint|p1a: BB TWINS
|
|win|taw
|raw|Ladder updating...
|raw|Pachirisu Queen's rating: 1595 &rarr; <strong>1568<\/strong><br \/>(-27 for losing)
|raw|taw's rating: 1472 &rarr; <strong>1499<\/strong><br \/>(+27 for winning)
|c|âtaw|gg