|join|taw
|join|PokeApe
|player|p1|taw|257
|player|p2|PokeApe|294
|gametype|singles
|tier|OU
|rated
|rule|Evasion Abilities Clause: Evasion abilities are banned
|clearpoke
|poke|p1|Terrakion
|poke|p1|Celebi
|poke|p1|Forretress, F
|poke|p1|Volcarona, F
|poke|p1|Dragonite, F
|poke|p1|Mamoswine, M
|poke|p2|Alakazam, M
|poke|p2|Heatran, M
|poke|p2|Gliscor, M
|poke|p2|Latios, M
|poke|p2|Garchomp, M
|poke|p2|Tyranitar, M
|rule|Sleep Clause Mod: Limit one foe put to sleep
|rule|Species Clause: Limit one of each Pokemon
|rule|OHKO Clause: OHKO moves are banned
|rule|Moody Clause: Moody is banned
|rule|Evasion Moves Clause: Evasion moves are banned
|rule|HP Percentage Mod: HP is reported as percentages
|teampreview
|callback|decision
|
|start
|switch|p1a: Terrakion|Terrakion|323\/323
|switch|p2a: Tyranitar|Tyranitar, M|404\/404
|-weather|Sandstorm|[from] ability: Sand Stream|[of] p2a: Tyranitar
|turn|1
|callback|decision
|
|switch|p2a: Gliscor|Gliscor, M|354\/354
|move|p1a: Terrakion|Stealth Rock|p2a: Gliscor
|-sidestart|p2: PokeApe|move: Stealth Rock
|
|-weather|Sandstorm|[upkeep]
|-activate|p2a: Gliscor|item: Toxic Orb
|-status|p2a: Gliscor|tox
|turn|2
|callback|decision
|
|switch|p1a: Celebi|Celebi|404\/404
|move|p2a: Gliscor|Earthquake|p1a: Celebi
|-resisted|p1a: Celebi
|-damage|p1a: Celebi|360\/404
|
|-weather|Sandstorm|[upkeep]
|-damage|p1a: Celebi|335\/404|[from] sandstorm
|-heal|p1a: Celebi|360\/404|[from] item: Leftovers
|turn|3
|callback|decision
|
|switch|p2a: Tyranitar|Tyranitar, M|404\/404
|-damage|p2a: Tyranitar|354\/404|[from] Stealth Rock
|move|p1a: Celebi|Swords Dance|p1a: Celebi
|-boost|p1a: Celebi|atk|2
|
|-weather|Sandstorm|[upkeep]
|-damage|p1a: Celebi|335\/404|[from] sandstorm
|-heal|p1a: Celebi|360\/404|[from] item: Leftovers
|-heal|p2a: Tyranitar|379\/404|[from] item: Leftovers
|turn|4
|callback|decision
|
|move|p1a: Celebi|Baton Pass|p1a: Celebi
|callback|decision
|
|switch|p1a: Terrakion|Terrakion|323\/323
|move|p2a: Tyranitar|Crunch|p1a: Terrakion
|-resisted|p1a: Terrakion
|-damage|p1a: Terrakion|254\/323
|-boost|p1a: Terrakion|atk|1|[from] ability: Justified
|
|-weather|Sandstorm|[upkeep]
|-heal|p2a: Tyranitar|404\/404|[from] item: Leftovers
|turn|5
|callback|decision
|
|move|p1a: Terrakion|Close Combat|p2a: Tyranitar
|-supereffective|p2a: Tyranitar
|-damage|p2a: Tyranitar|0 fnt
|-unboost|p1a: Terrakion|def|1
|-unboost|p1a: Terrakion|spd|1
|faint|p2a: Tyranitar
|
|-weather|Sandstorm|[upkeep]
|callback|decision
|
|switch|p2a: Gliscor|Gliscor, M|354\/354 tox
|-damage|p2a: Gliscor|310\/354 tox|[from] Stealth Rock
|turn|6
|callback|decision
|
|move|p1a: Terrakion|Stone Edge|p2a: Gliscor
|-damage|p2a: Gliscor|48\/354 tox
|move|p2a: Gliscor|Substitute|p2a: Gliscor
|-fail|p2a: Gliscor|move: Substitute|[weak]
|
|-weather|Sandstorm|[upkeep]
|-heal|p2a: Gliscor|92\/354 tox|[from] ability: Poison Heal
|turn|7
|callback|decision
|
|move|p2a: Gliscor|Protect|p2a: Gliscor
|-singleturn|p2a: Gliscor|Protect
|move|p1a: Terrakion|Close Combat|p2a: Gliscor
|-activate|p2a: Gliscor|Protect
|
|-weather|Sandstorm|[upkeep]
|-heal|p2a: Gliscor|136\/354 tox|[from] ability: Poison Heal
|turn|8
|callback|decision
|
|move|p1a: Terrakion|Stone Edge|p2a: Gliscor
|-damage|p2a: Gliscor|0 fnt
|faint|p2a: Gliscor
|
|-weather|Sandstorm|[upkeep]
|callback|decision
|
|switch|p2a: Alakazam|Alakazam, M|252\/252
|turn|9
|callback|decision
|chat|taw|why not use that first?
|
|move|p2a: Alakazam|Shadow Ball|p1a: Terrakion
|-damage|p1a: Terrakion|150\/323
|-unboost|p1a: Terrakion|spd|1
|move|p1a: Terrakion|Close Combat|p2a: Alakazam
|-resisted|p2a: Alakazam
|-enditem|p2a: Alakazam|Focus Sash
|-damage|p2a: Alakazam|1\/252
|-unboost|p1a: Terrakion|def|1
|-unboost|p1a: Terrakion|spd|1
|
|-weather|Sandstorm|[upkeep]
|turn|10
|callback|decision
|
|switch|p1a: Celebi|Celebi|360\/404
|move|p2a: Alakazam|Shadow Ball|p1a: Celebi
|-supereffective|p1a: Celebi
|-damage|p1a: Celebi|160\/404
|
|-weather|Sandstorm|[upkeep]
|-damage|p1a: Celebi|135\/404|[from] sandstorm
|-heal|p1a: Celebi|160\/404|[from] item: Leftovers
|turn|11
|callback|decision
|chat|PokeApe|i wasnt thinking
|
|switch|p1a: Terrakion|Terrakion|150\/323
|move|p2a: Alakazam|Shadow Ball|p1a: Terrakion
|-damage|p1a: Terrakion|75\/323
|
|-weather|Sandstorm|[upkeep]
|turn|12
|callback|decision
|
|move|p2a: Alakazam|Psyshock|p1a: Terrakion
|-supereffective|p1a: Terrakion
|-damage|p1a: Terrakion|0 fnt
|faint|p1a: Terrakion
|
|-weather|Sandstorm|[upkeep]
|callback|decision
|
|switch|p1a: Mamoswine|Mamoswine, M|361\/361
|turn|13
|callback|decision
|chat|PokeApe|gg
|
|move|p1a: Mamoswine|Ice Shard|p2a: Alakazam
|-damage|p2a: Alakazam|0 fnt
|-damage|p1a: Mamoswine|325\/361|[from] item: Life Orb
|faint|p2a: Alakazam
|
|-weather|Sandstorm|[upkeep]
|callback|decision
|chat|taw|gg
|
|switch|p2a: Heatran|Heatran, M|323\/323
|-damage|p2a: Heatran|283\/323|[from] Stealth Rock
|turn|14
|callback|decision
|
|move|p1a: Mamoswine|Earthquake|p2a: Heatran
|-supereffective|p2a: Heatran
|-damage|p2a: Heatran|0 fnt
|-damage|p1a: Mamoswine|289\/361|[from] item: Life Orb
|faint|p2a: Heatran
|
|-weather|Sandstorm|[upkeep]
|callback|decision
|
|switch|p2a: Latios|Latios, M|302\/302
|-damage|p2a: Latios|265\/302|[from] Stealth Rock
|turn|15
|callback|decision
|
|move|p1a: Mamoswine|Ice Shard|p2a: Latios
|-crit|p2a: Latios
|-supereffective|p2a: Latios
|-damage|p2a: Latios|0 fnt
|-damage|p1a: Mamoswine|253\/361|[from] item: Life Orb
|faint|p2a: Latios
|
|-weather|Sandstorm|[upkeep]
|callback|decision
|
|switch|p2a: Garchomp|Garchomp, M|358\/358
|-damage|p2a: Garchomp|336\/358|[from] Stealth Rock
|turn|16
|callback|decision
|chat|PokeApe|nice team
|
|move|p1a: Mamoswine|Ice Shard|p2a: Garchomp
|-crit|p2a: Garchomp
|-supereffective|p2a: Garchomp
|-damage|p2a: Garchomp|0 fnt
|-damage|p1a: Mamoswine|217\/361|[from] item: Life Orb
|faint|p2a: Garchomp
|
|win|taw
|raw|Ladder updating...
|raw|taw's rating: 2000 &rarr; <strong>2002<\/strong><br \/>(+2 for winning)
|raw|PokeApe's rating: 1870 &rarr; <strong>1866<\/strong><br \/>(-4 for losing)
|chat|taw|thanks
|chat|taw|brand new
|chat|PokeApe|nice@
|chat|taw|litreally made it 10 minutes ago
|chat|PokeApe|!*
|chat|taw|if you want it I'll send it