|join|taw
|join|DCX
|player|p1|taw|257
|player|p2|DCX|99
|gametype|singles
|tier|OU
|rated
|rule|Evasion Abilities Clause: Evasion abilities are banned
|clearpoke
|poke|p1|Celebi
|poke|p1|Alakazam, F
|poke|p1|Chandelure, F
|poke|p1|Forretress, M
|poke|p1|Weavile, F
|poke|p1|Garchomp, F
|poke|p2|Ninetales, M
|poke|p2|Venusaur, M
|poke|p2|Volcarona, M
|poke|p2|Xatu, F
|poke|p2|Jirachi
|poke|p2|Infernape, M
|rule|Sleep Clause Mod: Limit one foe put to sleep
|rule|Species Clause: Limit one of each Pokemon
|rule|OHKO Clause: OHKO moves are banned
|rule|Moody Clause: Moody is banned
|rule|Evasion Moves Clause: Evasion moves are banned
|rule|HP Percentage Mod: HP is reported as percentages
|teampreview
|callback|decision
|
|start
|switch|p1a: Garchomp|Garchomp, F|358\/358
|switch|p2a: Infernape|Infernape, M|293\/293
|turn|1
|callback|decision
|
|switch|p2a: Xatu|Xatu, F|334\/334
|move|p1a: Garchomp|Outrage|p2a: Xatu
|-enditem|p1a: Garchomp|Dragon Gem|[from] gem|[move] Outrage
|-damage|p2a: Xatu|40\/334
|
|turn|2
|callback|decision
|
|switch|p2a: Jirachi|Jirachi|341\/341
|move|p1a: Garchomp|Outrage|p2a: Jirachi
|-resisted|p2a: Jirachi
|-damage|p2a: Jirachi|225\/341
|
|-end|p1a: Garchomp|rampage
|-start|p1a: Garchomp|confusion
|turn|3
|callback|decision
|
|move|p2a: Jirachi|Stealth Rock|p1a: Garchomp
|-sidestart|p1: taw|move: Stealth Rock
|-activate|p1a: Garchomp|confusion
|move|p1a: Garchomp|Earthquake|p2a: Jirachi
|-supereffective|p2a: Jirachi
|-damage|p2a: Jirachi|0 fnt
|faint|p2a: Jirachi
|
|callback|decision
|
|switch|p2a: Ninetales|Ninetales, M|350\/350
|-weather|SunnyDay|[from] ability: Drought|[of] p2a: Ninetales
|turn|4
|callback|decision
|
|-activate|p1a: Garchomp|confusion
|-damage|p1a: Garchomp|303\/358|[from] confusion
|move|p2a: Ninetales|Will-O-Wisp|p1a: Garchomp|[miss]
|-miss|p2a: Ninetales|p1a: Garchomp
|
|-weather|SunnyDay|[upkeep]
|turn|5
|callback|decision
|
|-activate|p1a: Garchomp|confusion
|-damage|p1a: Garchomp|250\/358|[from] confusion
|move|p2a: Ninetales|Will-O-Wisp|p1a: Garchomp
|-status|p1a: Garchomp|brn
|
|-weather|SunnyDay|[upkeep]
|-damage|p1a: Garchomp|206\/358 brn|[from] brn
|turn|6
|callback|decision
|
|switch|p2a: Xatu|Xatu, F|40\/334
|-end|p1a: Garchomp|confusion
|move|p1a: Garchomp|Stealth Rock|p2a: Xatu
|move|p2a: Xatu|Stealth Rock|p1a: Garchomp|[from]Magic Bounce
|-fail|p1a: Garchomp
|
|-weather|SunnyDay|[upkeep]
|-damage|p1a: Garchomp|162\/358 brn|[from] brn
|turn|7
|callback|decision
|
|move|p1a: Garchomp|Outrage|p2a: Xatu
|-damage|p2a: Xatu|0 fnt
|faint|p2a: Xatu
|
|-weather|SunnyDay|[upkeep]
|-damage|p1a: Garchomp|118\/358 brn|[from] brn
|callback|decision
|
|switch|p2a: Venusaur|Venusaur, M|302\/302
|turn|8
|callback|decision
|
|move|p2a: Venusaur|Giga Drain|p1a: Garchomp
|-damage|p1a: Garchomp|0 fnt
|-damage|p2a: Venusaur|272\/302|[from] item: Life Orb
|faint|p1a: Garchomp
|
|-weather|SunnyDay|[upkeep]
|callback|decision
|
|switch|p1a: Forretress|Forretress, M|354\/354
|-damage|p1a: Forretress|310\/354|[from] Stealth Rock
|turn|9
|callback|decision
|
|switch|p1a: Chandelure|Chandelure, F|261\/261
|-damage|p1a: Chandelure|196\/261|[from] Stealth Rock
|move|p2a: Venusaur|Hidden Power|p1a: Chandelure
|-start|p1a: Chandelure|ability: Flash Fire
|
|-weather|SunnyDay|[upkeep]
|turn|10
|callback|decision
|
|switch|p2a: Ninetales|Ninetales, M|350\/350
|move|p1a: Chandelure|Flamethrower|p2a: Ninetales
|-crit|p2a: Ninetales
|-resisted|p2a: Ninetales
|-damage|p2a: Ninetales|50\/350
|
|-weather|SunnyDay|[upkeep]
|-heal|p2a: Ninetales|71\/350|[from] item: Leftovers
|turn|11
|callback|decision
|chat|DCX|smfh
|
|move|p2a: Ninetales|Protect|p2a: Ninetales
|-singleturn|p2a: Ninetales|Protect
|move|p1a: Chandelure|Flamethrower|p2a: Ninetales
|-activate|p2a: Ninetales|Protect
|
|-weather|SunnyDay|[upkeep]
|-heal|p2a: Ninetales|92\/350|[from] item: Leftovers
|turn|12
|callback|decision
|
|move|p1a: Chandelure|Flamethrower|p2a: Ninetales
|-resisted|p2a: Ninetales
|-damage|p2a: Ninetales|0 fnt
|faint|p2a: Ninetales
|
|-weather|SunnyDay|[upkeep]
|callback|decision
|chat|DCX|fucking
|chat|DCX|piece
|chat|DCX|opf retarded
|chat|DCX|shit
|
|switch|p2a: Venusaur|Venusaur, M|272\/302
|turn|13
|callback|decision
|chat|taw|deep breath
|
|move|p2a: Venusaur|Sludge Bomb|p1a: Chandelure
|-resisted|p1a: Chandelure
|-damage|p1a: Chandelure|93\/261
|-status|p1a: Chandelure|psn
|-damage|p2a: Venusaur|242\/302|[from] item: Life Orb
|move|p1a: Chandelure|Flamethrower|p2a: Venusaur
|-supereffective|p2a: Venusaur
|-damage|p2a: Venusaur|0 fnt
|faint|p2a: Venusaur
|
|-weather|SunnyDay|[upkeep]
|-damage|p1a: Chandelure|61\/261 psn|[from] psn
|callback|decision
|chat|taw|itll be ok
|chat|DCX|shut the fuck up
|chat|DCX|you fucking
|chat|taw|lol
|chat|DCX|shithead
|
|switch|p2a: Volcarona|Volcarona, M|311\/311
|turn|14
|callback|decision
|
|move|p1a: Chandelure|Flamethrower|p2a: Volcarona
|-damage|p2a: Volcarona|0 fnt
|faint|p2a: Volcarona
|
|-weather|SunnyDay|[upkeep]
|-damage|p1a: Chandelure|29\/261 psn|[from] psn
|callback|decision
|chat|DCX|fucking retarded ass bullshit
|-message|DCX forfeited.
|
|win|taw
|raw|Ladder updating...
|leave|DCX
|player|p2
|raw|taw's rating: 2000 &rarr; <strong>2002<\/strong><br \/>(+2 for winning)
|raw|DCX's rating: 1870 &rarr; <strong>1859<\/strong><br \/>(-11 for losing)
|leave|taw
|player|p1
|join|taw