|join|LCPO
|join|taw
|player|p1|LCPO|92
|player|p2|taw|257
|gametype|singles
|tier|OU
|rated
|rule|Evasion Abilities Clause: Evasion abilities are banned
|clearpoke
|poke|p1|Ninetales, M, shiny
|poke|p1|Gothitelle, M
|poke|p1|Conkeldurr, M, shiny
|poke|p1|Volcarona, F, shiny
|poke|p1|Donphan, F, shiny
|poke|p1|Chansey, F, shiny
|poke|p2|Terrakion
|poke|p2|Celebi
|poke|p2|Forretress, M
|poke|p2|Volcarona, F
|poke|p2|Dragonite, F
|poke|p2|Mamoswine, F
|rule|Sleep Clause Mod: Limit one foe put to sleep
|rule|Species Clause: Limit one of each Pokemon
|rule|OHKO Clause: OHKO moves are banned
|rule|Moody Clause: Moody is banned
|rule|Evasion Moves Clause: Evasion moves are banned
|rule|HP Percentage Mod: HP is reported as percentages
|teampreview
|callback|decision
|
|start
|switch|p1a: Donphan|Donphan, F, shiny|384\/384
|switch|p2a: Terrakion|Terrakion|323\/323
|turn|1
|callback|decision
|
|move|p2a: Terrakion|Taunt|p1a: Donphan
|-start|p1a: Donphan|move: Taunt
|cant|p1a: Donphan|move: Taunt|Stealth Rock
|
|turn|2
|callback|decision
|
|move|p2a: Terrakion|Stealth Rock|p1a: Donphan
|-sidestart|p1: LCPO|move: Stealth Rock
|move|p1a: Donphan|Earthquake|p2a: Terrakion
|-supereffective|p2a: Terrakion
|-damage|p2a: Terrakion|41\/323
|
|turn|3
|callback|decision
|
|move|p2a: Terrakion|Close Combat|p1a: Donphan
|-damage|p1a: Donphan|246\/384
|-unboost|p2a: Terrakion|def|1
|-unboost|p2a: Terrakion|spd|1
|move|p1a: Donphan|Rapid Spin|p2a: Terrakion
|-resisted|p2a: Terrakion
|-damage|p2a: Terrakion|26\/323
|-sideend|p1: LCPO|Stealth Rock|[from] move: Rapid Spin|[of] p1a: Donphan
|
|-heal|p1a: Donphan|270\/384|[from] item: Leftovers
|-end|p1a: Donphan|move: Taunt
|turn|4
|callback|decision
|
|move|p1a: Donphan|Ice Shard|p2a: Terrakion
|-crit|p2a: Terrakion
|-damage|p2a: Terrakion|0 fnt
|faint|p2a: Terrakion
|
|-heal|p1a: Donphan|294\/384|[from] item: Leftovers
|callback|decision
|
|switch|p2a: Celebi|Celebi|404\/404
|turn|5
|callback|decision
|
|switch|p1a: Volcarona|Volcarona, F, shiny|312\/312
|move|p2a: Celebi|Swords Dance|p2a: Celebi
|-boost|p2a: Celebi|atk|2
|
|turn|6
|callback|decision
|
|move|p1a: Volcarona|Bug Buzz|p2a: Celebi
|-supereffective|p2a: Celebi
|-damage|p2a: Celebi|0 fnt
|faint|p2a: Celebi
|
|callback|decision
|
|switch|p2a: Volcarona|Volcarona, F|312\/312
|turn|7
|callback|decision
|
|move|p2a: Volcarona|Quiver Dance|p2a: Volcarona
|-boost|p2a: Volcarona|spa|1
|-boost|p2a: Volcarona|spd|1
|-boost|p2a: Volcarona|spe|1
|move|p1a: Volcarona|Quiver Dance|p1a: Volcarona
|-boost|p1a: Volcarona|spa|1
|-boost|p1a: Volcarona|spd|1
|-boost|p1a: Volcarona|spe|1
|
|turn|8
|callback|decision
|
|move|p2a: Volcarona|Fiery Dance|p1a: Volcarona
|-damage|p1a: Volcarona|167\/312
|move|p1a: Volcarona|Fiery Dance|p2a: Volcarona
|-damage|p2a: Volcarona|170\/312
|
|-heal|p2a: Volcarona|189\/312|[from] item: Leftovers
|turn|9
|callback|decision
|
|move|p2a: Volcarona|Fiery Dance|p1a: Volcarona
|-damage|p1a: Volcarona|35\/312
|move|p1a: Volcarona|Hidden Power|p2a: Volcarona
|-damage|p2a: Volcarona|100\/312
|
|-heal|p2a: Volcarona|119\/312|[from] item: Leftovers
|turn|10
|callback|decision
|
|switch|p1a: Chansey|Chansey, F, shiny|641\/641
|move|p2a: Volcarona|Fiery Dance|p1a: Chansey
|-damage|p1a: Chansey|523\/641
|
|-heal|p2a: Volcarona|138\/312|[from] item: Leftovers
|turn|11
|callback|decision
|
|move|p2a: Volcarona|Quiver Dance|p2a: Volcarona
|-boost|p2a: Volcarona|spa|1
|-boost|p2a: Volcarona|spd|1
|-boost|p2a: Volcarona|spe|1
|move|p1a: Chansey|Seismic Toss|p2a: Volcarona
|-damage|p2a: Volcarona|38\/312
|
|-heal|p2a: Volcarona|57\/312|[from] item: Leftovers
|turn|12
|callback|decision
|
|switch|p2a: Dragonite|Dragonite, F|386\/386
|move|p1a: Chansey|Seismic Toss|p2a: Dragonite
|-damage|p2a: Dragonite|286\/386
|
|turn|13
|callback|decision
|
|switch|p1a: Gothitelle|Gothitelle, M|344\/344
|move|p2a: Dragonite|Outrage|p1a: Gothitelle
|-damage|p1a: Gothitelle|0 fnt
|faint|p1a: Gothitelle
|
|callback|decision
|
|switch|p1a: Donphan|Donphan, F, shiny|294\/384
|turn|14
|callback|decision
|
|move|p2a: Dragonite|Outrage|p1a: Donphan
|-damage|p1a: Donphan|80\/384
|move|p1a: Donphan|Stealth Rock|p2a: Dragonite
|-sidestart|p2: taw|move: Stealth Rock
|
|-heal|p1a: Donphan|104\/384|[from] item: Leftovers
|turn|15
|callback|decision
|
|move|p1a: Donphan|Ice Shard|p2a: Dragonite
|-supereffective|p2a: Dragonite
|-damage|p2a: Dragonite|142\/386
|move|p2a: Dragonite|Outrage|p1a: Donphan
|-damage|p1a: Donphan|0 fnt
|faint|p1a: Donphan
|
|-end|p2a: Dragonite|rampage
|-start|p2a: Dragonite|confusion
|callback|decision
|
|switch|p1a: Conkeldurr|Conkeldurr, M, shiny|414\/414
|turn|16
|callback|decision
|
|-activate|p2a: Dragonite|confusion
|move|p2a: Dragonite|Outrage|p1a: Conkeldurr
|-damage|p1a: Conkeldurr|41\/414
|move|p1a: Conkeldurr|Bulk Up|p1a: Conkeldurr
|-boost|p1a: Conkeldurr|atk|1
|-boost|p1a: Conkeldurr|def|1
|
|-heal|p1a: Conkeldurr|66\/414|[from] item: Leftovers
|turn|17
|callback|decision
|
|move|p1a: Conkeldurr|Mach Punch|p2a: Dragonite
|-resisted|p2a: Dragonite
|-damage|p2a: Dragonite|68\/386
|-activate|p2a: Dragonite|confusion
|move|p2a: Dragonite|Outrage|p1a: Conkeldurr
|-damage|p1a: Conkeldurr|0 fnt
|faint|p1a: Conkeldurr
|
|callback|decision
|chat|LCPO|0 confused
|chat|LCPO|so logic
|
|switch|p1a: Ahri|Ninetales, M, shiny|350\/350
|-weather|SunnyDay|[from] ability: Drought|[of] p1a: Ahri
|turn|18
|callback|decision
|chat|taw|1\/4 chance
|
|move|p1a: Ahri|Flamethrower|p2a: Dragonite
|-resisted|p2a: Dragonite
|-damage|p2a: Dragonite|0 fnt
|faint|p2a: Dragonite
|
|-weather|SunnyDay|[upkeep]
|callback|decision
|
|switch|p2a: Mamoswine|Mamoswine, F|361\/361
|-damage|p2a: Mamoswine|316\/361|[from] Stealth Rock
|turn|19
|callback|decision
|
|move|p2a: Mamoswine|Earthquake|p1a: Ahri
|-supereffective|p1a: Ahri
|-damage|p1a: Ahri|0 fnt
|-damage|p2a: Mamoswine|280\/361|[from] item: Life Orb
|faint|p1a: Ahri
|
|-weather|SunnyDay|[upkeep]
|callback|decision
|
|switch|p1a: Volcarona|Volcarona, F, shiny|35\/312
|turn|20
|callback|decision
|
|move|p2a: Mamoswine|Ice Shard|p1a: Volcarona
|-crit|p1a: Volcarona
|-resisted|p1a: Volcarona
|-damage|p1a: Volcarona|0 fnt
|-damage|p2a: Mamoswine|244\/361|[from] item: Life Orb
|faint|p1a: Volcarona
|
|-weather|SunnyDay|[upkeep]
|callback|decision
|
|switch|p1a: Chansey|Chansey, F, shiny|523\/641
|turn|21
|callback|decision
|
|move|p2a: Mamoswine|Superpower|p1a: Chansey
|-supereffective|p1a: Chansey
|-damage|p1a: Chansey|29\/641
|-unboost|p2a: Mamoswine|atk|1
|-unboost|p2a: Mamoswine|def|1
|-damage|p2a: Mamoswine|208\/361|[from] item: Life Orb
|move|p1a: Chansey|Seismic Toss|p2a: Mamoswine
|-damage|p2a: Mamoswine|108\/361
|
|-weather|SunnyDay|[upkeep]
|turn|22
|callback|decision
|chat|LCPO|gg lucker
|
|move|p2a: Mamoswine|Superpower|p1a: Chansey
|-supereffective|p1a: Chansey
|-damage|p1a: Chansey|0 fnt
|-unboost|p2a: Mamoswine|atk|1
|-unboost|p2a: Mamoswine|def|1
|-damage|p2a: Mamoswine|72\/361|[from] item: Life Orb
|faint|p1a: Chansey
|
|win|taw
|raw|Ladder updating...
|raw|LCPO's rating: 2240 &rarr; <strong>2214<\/strong><br \/>(-26 for losing)
|raw|taw's rating: 1996 &rarr; <strong>2001<\/strong><br \/>(+5 for winning)
|chat|taw|not really that much luck..