|join|Sarcastrophe
|join|taw
|player|p1|Sarcastrophe|101
|player|p2|taw|257
|gametype|singles
|tier|OU
|rated
|rule|Evasion Abilities Clause: Evasion abilities are banned
|clearpoke
|poke|p1|Politoed, F
|poke|p1|Tentacruel, F
|poke|p1|Ferrothorn, M
|poke|p1|Jellicent, M
|poke|p1|Skarmory, F
|poke|p1|Celebi
|poke|p2|Terrakion
|poke|p2|Celebi
|poke|p2|Forretress, M
|poke|p2|Volcarona, F
|poke|p2|Dragonite, F
|poke|p2|Mamoswine, F
|rule|Sleep Clause Mod: Limit one foe put to sleep
|rule|Species Clause: Limit one of each Pokemon
|rule|OHKO Clause: OHKO moves are banned
|rule|Moody Clause: Moody is banned
|rule|Evasion Moves Clause: Evasion moves are banned
|rule|HP Percentage Mod: HP is reported as percentages
|teampreview
|callback|decision
|
|start
|switch|p1a: Skarmory|Skarmory, F|327\/327
|switch|p2a: Celebi|Celebi|404\/404
|turn|1
|callback|decision
|
|move|p2a: Celebi|Swords Dance|p2a: Celebi
|-boost|p2a: Celebi|atk|2
|move|p1a: Skarmory|Stealth Rock|p2a: Celebi
|-sidestart|p2: taw|move: Stealth Rock
|
|turn|2
|callback|decision
|
|move|p2a: Celebi|Baton Pass|p2a: Celebi
|callback|decision
|
|switch|p2a: Terrakion|Terrakion|323\/323
|-damage|p2a: Terrakion|303\/323|[from] Stealth Rock
|move|p1a: Skarmory|Whirlwind|p2a: Terrakion
|drag|p2a: Volcarona|Volcarona, F|312\/312
|-damage|p2a: Volcarona|156\/312|[from] Stealth Rock
|
|-heal|p2a: Volcarona|175\/312|[from] item: Leftovers
|turn|3
|callback|decision
|
|switch|p1a: Politoed|Politoed, F|384\/384
|-weather|RainDance|[from] ability: Drizzle|[of] p1a: Politoed
|move|p2a: Volcarona|Fiery Dance|p1a: Politoed
|-resisted|p1a: Politoed
|-damage|p1a: Politoed|344\/384
|
|-weather|RainDance|[upkeep]
|-heal|p2a: Volcarona|194\/312|[from] item: Leftovers
|-heal|p1a: Politoed|368\/384|[from] item: Leftovers
|turn|4
|callback|decision
|
|move|p2a: Volcarona|Giga Drain|p1a: Politoed
|-supereffective|p1a: Politoed
|-damage|p1a: Politoed|198\/384
|-heal|p2a: Volcarona|279\/312|[from] drain|[of] p1a: Politoed
|move|p1a: Politoed|Toxic|p2a: Volcarona
|-status|p2a: Volcarona|tox
|
|-weather|RainDance|[upkeep]
|-heal|p2a: Volcarona|298\/312 tox|[from] item: Leftovers
|-heal|p1a: Politoed|222\/384|[from] item: Leftovers
|-damage|p2a: Volcarona|279\/312 tox|[from] psn
|turn|5
|callback|decision
|
|move|p1a: Politoed|Protect|p1a: Politoed
|-singleturn|p1a: Politoed|Protect
|move|p2a: Volcarona|Quiver Dance|p2a: Volcarona
|-boost|p2a: Volcarona|spa|1
|-boost|p2a: Volcarona|spd|1
|-boost|p2a: Volcarona|spe|1
|
|-weather|RainDance|[upkeep]
|-heal|p2a: Volcarona|298\/312 tox|[from] item: Leftovers
|-heal|p1a: Politoed|246\/384|[from] item: Leftovers
|-damage|p2a: Volcarona|260\/312 tox|[from] psn
|turn|6
|callback|decision
|
|switch|p1a: Ferrothorn|Ferrothorn, M|352\/352
|move|p2a: Volcarona|Giga Drain|p1a: Ferrothorn
|-resisted|p1a: Ferrothorn
|-damage|p1a: Ferrothorn|331\/352
|-heal|p2a: Volcarona|271\/312 tox|[from] drain|[of] p1a: Ferrothorn
|
|-weather|RainDance|[upkeep]
|-heal|p2a: Volcarona|290\/312 tox|[from] item: Leftovers
|-heal|p1a: Ferrothorn|352\/352|[from] item: Leftovers
|-damage|p2a: Volcarona|233\/312 tox|[from] psn
|turn|7
|callback|decision
|
|switch|p1a: Tentacruel|Tentacruel, F|364\/364
|move|p2a: Volcarona|Fiery Dance|p1a: Tentacruel
|-resisted|p1a: Tentacruel
|-damage|p1a: Tentacruel|317\/364
|
|-weather|RainDance|[upkeep]
|-heal|p1a: Tentacruel|339\/364|[from] ability: Rain Dish
|-heal|p2a: Volcarona|252\/312 tox|[from] item: Leftovers
|-heal|p1a: Tentacruel|361\/364|[from] item: Black Sludge
|-damage|p2a: Volcarona|176\/312 tox|[from] psn
|turn|8
|callback|decision
|
|move|p1a: Tentacruel|Protect|p1a: Tentacruel
|-singleturn|p1a: Tentacruel|Protect
|move|p2a: Volcarona|Quiver Dance|p2a: Volcarona
|-boost|p2a: Volcarona|spa|1
|-boost|p2a: Volcarona|spd|1
|-boost|p2a: Volcarona|spe|1
|
|-weather|RainDance|[upkeep]
|-heal|p1a: Tentacruel|364\/364|[from] ability: Rain Dish
|-heal|p2a: Volcarona|195\/312 tox|[from] item: Leftovers
|-damage|p2a: Volcarona|100\/312 tox|[from] psn
|turn|9
|callback|decision
|
|switch|p1a: Ferrothorn|Ferrothorn, M|352\/352
|move|p2a: Volcarona|Bug Buzz|p1a: Ferrothorn
|-damage|p1a: Ferrothorn|144\/352
|
|-weather|RainDance|[upkeep]
|-heal|p2a: Volcarona|119\/312 tox|[from] item: Leftovers
|-heal|p1a: Ferrothorn|166\/352|[from] item: Leftovers
|-damage|p2a: Volcarona|5\/312 tox|[from] psn
|turn|10
|callback|decision
|
|move|p1a: Ferrothorn|Protect|p1a: Ferrothorn
|-singleturn|p1a: Ferrothorn|Protect
|move|p2a: Volcarona|Bug Buzz|p1a: Ferrothorn
|-activate|p1a: Ferrothorn|Protect
|
|-weather|RainDance|[upkeep]
|-heal|p2a: Volcarona|24\/312 tox|[from] item: Leftovers
|-heal|p1a: Ferrothorn|188\/352|[from] item: Leftovers
|-damage|p2a: Volcarona|0 fnt|[from] psn
|faint|p2a: Volcarona
|callback|decision
|
|switch|p2a: Celebi|Celebi|404\/404
|-damage|p2a: Celebi|354\/404|[from] Stealth Rock
|turn|11
|callback|decision
|
|switch|p2a: Forretress|Forretress, M|354\/354
|-damage|p2a: Forretress|310\/354|[from] Stealth Rock
|switch|p1a: Skarmory|Skarmory, F|327\/327
|
|-weather|RainDance|[upkeep]
|-heal|p2a: Forretress|332\/354|[from] item: Leftovers
|turn|12
|callback|decision
|
|switch|p1a: Jellicent|Jellicent, M|404\/404
|move|p2a: Forretress|Volt Switch|p1a: Jellicent
|-supereffective|p1a: Jellicent
|-damage|p1a: Jellicent|334\/404
|callback|decision
|
|switch|p2a: Celebi|Celebi|354\/404
|-damage|p2a: Celebi|304\/404|[from] Stealth Rock
|
|-weather|RainDance|[upkeep]
|-heal|p2a: Celebi|329\/404|[from] item: Leftovers
|-heal|p1a: Jellicent|359\/404|[from] item: Leftovers
|turn|13
|callback|decision
|
|switch|p1a: Skarmory|Skarmory, F|327\/327
|move|p2a: Celebi|Swords Dance|p2a: Celebi
|-boost|p2a: Celebi|atk|2
|
|-weather|RainDance|[upkeep]
|-heal|p2a: Celebi|354\/404|[from] item: Leftovers
|turn|14
|callback|decision
|
|move|p2a: Celebi|Seed Bomb|p1a: Skarmory
|-resisted|p1a: Skarmory
|-damage|p1a: Skarmory|300\/327
|move|p1a: Skarmory|Whirlwind|p2a: Celebi
|drag|p2a: Mamoswine|Mamoswine, F|361\/361
|-damage|p2a: Mamoswine|316\/361|[from] Stealth Rock
|
|-weather|RainDance|[upkeep]
|-heal|p1a: Skarmory|320\/327|[from] item: Leftovers
|turn|15
|callback|decision
|
|switch|p1a: Tentacruel|Tentacruel, F|364\/364
|move|p2a: Mamoswine|Superpower|p1a: Tentacruel
|-resisted|p1a: Tentacruel
|-damage|p1a: Tentacruel|270\/364
|-unboost|p2a: Mamoswine|atk|1
|-unboost|p2a: Mamoswine|def|1
|-damage|p2a: Mamoswine|280\/361|[from] item: Life Orb
|
|-weather|RainDance|[upkeep]
|-heal|p1a: Tentacruel|292\/364|[from] ability: Rain Dish
|-heal|p1a: Tentacruel|314\/364|[from] item: Black Sludge
|turn|16
|callback|decision
|
|switch|p2a: Forretress|Forretress, M|332\/354
|-damage|p2a: Forretress|288\/354|[from] Stealth Rock
|move|p1a: Tentacruel|Protect|p1a: Tentacruel
|-fail|p1a: Tentacruel
|
|-weather|RainDance|[upkeep]
|-heal|p1a: Tentacruel|336\/364|[from] ability: Rain Dish
|-heal|p1a: Tentacruel|358\/364|[from] item: Black Sludge
|-heal|p2a: Forretress|310\/354|[from] item: Leftovers
|turn|17
|callback|decision
|
|move|p1a: Tentacruel|Scald|p2a: Forretress
|-damage|p2a: Forretress|201\/354
|move|p2a: Forretress|Volt Switch|p1a: Tentacruel
|-supereffective|p1a: Tentacruel
|-damage|p1a: Tentacruel|292\/364
|callback|decision
|
|switch|p2a: Terrakion|Terrakion|303\/323
|-damage|p2a: Terrakion|283\/323|[from] Stealth Rock
|
|-weather|RainDance|[upkeep]
|-heal|p1a: Tentacruel|314\/364|[from] ability: Rain Dish
|-heal|p1a: Tentacruel|336\/364|[from] item: Black Sludge
|turn|18
|callback|decision
|
|switch|p1a: Skarmory|Skarmory, F|320\/327
|move|p2a: Terrakion|Stealth Rock|p1a: Skarmory
|-sidestart|p1: Sarcastrophe|move: Stealth Rock
|
|-weather|RainDance|[upkeep]
|-heal|p1a: Skarmory|327\/327|[from] item: Leftovers
|turn|19
|callback|decision
|
|move|p2a: Terrakion|Stone Edge|p1a: Skarmory
|-damage|p1a: Skarmory|234\/327
|move|p1a: Skarmory|Whirlwind|p2a: Terrakion
|drag|p2a: Celebi|Celebi|354\/404
|-damage|p2a: Celebi|304\/404|[from] Stealth Rock
|
|-weather|RainDance|[upkeep]
|-heal|p2a: Celebi|329\/404|[from] item: Leftovers
|-heal|p1a: Skarmory|254\/327|[from] item: Leftovers
|turn|20
|callback|decision
|
|move|p2a: Celebi|Swords Dance|p2a: Celebi
|-boost|p2a: Celebi|atk|2
|move|p1a: Skarmory|Brave Bird|p2a: Celebi
|-supereffective|p2a: Celebi
|-damage|p2a: Celebi|165\/404
|-damage|p1a: Skarmory|200\/327|[from] recoil|[of] p2a: Celebi
|
|-weather|RainDance|[upkeep]
|-heal|p2a: Celebi|190\/404|[from] item: Leftovers
|-heal|p1a: Skarmory|220\/327|[from] item: Leftovers
|turn|21
|callback|decision
|
|move|p2a: Celebi|Recover|p2a: Celebi
|-heal|p2a: Celebi|392\/404
|move|p1a: Skarmory|Brave Bird|p2a: Celebi
|-supereffective|p2a: Celebi
|-damage|p2a: Celebi|234\/404
|-damage|p1a: Skarmory|168\/327|[from] recoil|[of] p2a: Celebi
|
|-weather|RainDance|[upkeep]
|-heal|p2a: Celebi|259\/404|[from] item: Leftovers
|-heal|p1a: Skarmory|188\/327|[from] item: Leftovers
|turn|22
|callback|decision
|
|move|p2a: Celebi|Baton Pass|p2a: Celebi
|callback|decision
|
|switch|p2a: Terrakion|Terrakion|283\/323
|-damage|p2a: Terrakion|263\/323|[from] Stealth Rock
|move|p1a: Skarmory|Roost|p1a: Skarmory
|-heal|p1a: Skarmory|327\/327
|
|-weather|RainDance|[upkeep]
|turn|23
|callback|decision
|
|move|p2a: Terrakion|Close Combat|p1a: Skarmory
|-damage|p1a: Skarmory|65\/327
|-unboost|p2a: Terrakion|def|1
|-unboost|p2a: Terrakion|spd|1
|move|p1a: Skarmory|Whirlwind|p2a: Terrakion
|drag|p2a: Dragonite|Dragonite, F|323\/323
|-damage|p2a: Dragonite|243\/323|[from] Stealth Rock
|
|-weather|RainDance|[upkeep]
|-heal|p1a: Skarmory|85\/327|[from] item: Leftovers
|turn|24
|callback|decision
|
|move|p2a: Dragonite|Outrage|p1a: Skarmory
|-resisted|p1a: Skarmory
|-damage|p1a: Skarmory|0 fnt
|faint|p1a: Skarmory
|
|-weather|RainDance|[upkeep]
|callback|decision
|
|switch|p1a: Tentacruel|Tentacruel, F|336\/364
|-damage|p1a: Tentacruel|291\/364|[from] Stealth Rock
|turn|25
|callback|decision
|
|move|p1a: Tentacruel|Toxic Spikes|p2a: Dragonite
|-sidestart|p2: taw|move: Toxic Spikes
|move|p2a: Dragonite|Outrage|p1a: Tentacruel
|-damage|p1a: Tentacruel|0 fnt
|faint|p1a: Tentacruel
|
|-weather|RainDance|[upkeep]
|callback|decision
|
|switch|p1a: Ferrothorn|Ferrothorn, M|188\/352
|-damage|p1a: Ferrothorn|166\/352|[from] Stealth Rock
|turn|26
|callback|decision
|
|move|p1a: Ferrothorn|Protect|p1a: Ferrothorn
|-singleturn|p1a: Ferrothorn|Protect
|move|p2a: Dragonite|Outrage|p1a: Ferrothorn
|-activate|p1a: Ferrothorn|Protect
|
|-end|p2a: Dragonite|rampage
|-start|p2a: Dragonite|confusion
|-weather|RainDance|[upkeep]
|-heal|p1a: Ferrothorn|188\/352|[from] item: Leftovers
|turn|27
|callback|decision
|
|switch|p2a: Forretress|Forretress, M|201\/354
|-damage|p2a: Forretress|157\/354|[from] Stealth Rock
|move|p1a: Ferrothorn|Spikes|p2a: Forretress
|-sidestart|p2: taw|Spikes
|
|-weather|RainDance|[upkeep]
|-heal|p2a: Forretress|179\/354|[from] item: Leftovers
|-heal|p1a: Ferrothorn|210\/352|[from] item: Leftovers
|turn|28
|callback|decision
|
|switch|p1a: Jellicent|Jellicent, M|359\/404
|-damage|p1a: Jellicent|309\/404|[from] Stealth Rock
|move|p2a: Forretress|Rapid Spin|p1a: Jellicent
|-immune|p1a: Jellicent|[msg]
|
|-weather|RainDance|[upkeep]
|-heal|p1a: Jellicent|334\/404|[from] item: Leftovers
|-heal|p2a: Forretress|201\/354|[from] item: Leftovers
|turn|29
|callback|decision
|
|move|p1a: Jellicent|Scald|p2a: Forretress
|-damage|p2a: Forretress|89\/354
|-status|p2a: Forretress|brn
|move|p2a: Forretress|Pain Split|p1a: Jellicent
|-sethp|p1a: Jellicent|211\/404|p2a: Forretress|211\/354 brn|[from] move: Pain Split
|
|-weather|RainDance|[upkeep]
|-heal|p1a: Jellicent|236\/404|[from] item: Leftovers
|-heal|p2a: Forretress|233\/354 brn|[from] item: Leftovers
|-damage|p2a: Forretress|189\/354 brn|[from] brn
|turn|30
|callback|decision
|
|switch|p2a: Celebi|Celebi|259\/404
|-status|p2a: Celebi|psn
|-damage|p2a: Celebi|209\/404 psn|[from] Spikes
|-damage|p2a: Celebi|159\/404 psn|[from] Stealth Rock
|move|p1a: Jellicent|Recover|p1a: Jellicent
|-heal|p1a: Jellicent|404\/404
|
|-weather|RainDance|[upkeep]
|-heal|p2a: Celebi|184\/404 psn|[from] item: Leftovers
|-damage|p2a: Celebi|134\/404 psn|[from] psn
|turn|31
|callback|decision
|
|move|p2a: Celebi|Recover|p2a: Celebi
|-heal|p2a: Celebi|336\/404 psn
|move|p1a: Jellicent|Taunt|p2a: Celebi
|-start|p2a: Celebi|move: Taunt
|
|-weather|RainDance|[upkeep]
|-heal|p2a: Celebi|361\/404 psn|[from] item: Leftovers
|-damage|p2a: Celebi|311\/404 psn|[from] psn
|turn|32
|callback|decision
|
|switch|p1a: Ferrothorn|Ferrothorn, M|210\/352
|-damage|p1a: Ferrothorn|188\/352|[from] Stealth Rock
|move|p2a: Celebi|Seed Bomb|p1a: Ferrothorn
|-resisted|p1a: Ferrothorn
|-damage|p1a: Ferrothorn|170\/352
|
|-weather|RainDance|[upkeep]
|-heal|p2a: Celebi|336\/404 psn|[from] item: Leftovers
|-heal|p1a: Ferrothorn|192\/352|[from] item: Leftovers
|-damage|p2a: Celebi|286\/404 psn|[from] psn
|turn|33
|callback|decision
|
|switch|p2a: Forretress|Forretress, M|189\/354 brn
|-damage|p2a: Forretress|145\/354 brn|[from] Stealth Rock
|-damage|p2a: Forretress|101\/354 brn|[from] Spikes
|move|p1a: Ferrothorn|Leech Seed|p2a: Forretress
|-start|p2a: Forretress|move: Leech Seed
|
|-weather|RainDance|[upkeep]
|-heal|p2a: Forretress|123\/354 brn|[from] item: Leftovers
|-heal|p1a: Ferrothorn|214\/352|[from] item: Leftovers
|-damage|p2a: Forretress|79\/354 brn|[from] Leech Seed|[of] p1a: Ferrothorn
|-heal|p1a: Ferrothorn|258\/352|[silent]
|-damage|p2a: Forretress|35\/354 brn|[from] brn
|turn|34
|callback|decision
|
|move|p2a: Forretress|Pain Split|p1a: Ferrothorn
|-sethp|p1a: Ferrothorn|146\/352|p2a: Forretress|146\/354 brn|[from] move: Pain Split
|move|p1a: Ferrothorn|Spikes|p2a: Forretress
|-sidestart|p2: taw|Spikes
|
|-weather|RainDance|[upkeep]
|-heal|p2a: Forretress|168\/354 brn|[from] item: Leftovers
|-heal|p1a: Ferrothorn|168\/352|[from] item: Leftovers
|-damage|p2a: Forretress|124\/354 brn|[from] Leech Seed|[of] p1a: Ferrothorn
|-heal|p1a: Ferrothorn|212\/352|[silent]
|-damage|p2a: Forretress|80\/354 brn|[from] brn
|turn|35
|callback|decision
|
|move|p1a: Ferrothorn|Protect|p1a: Ferrothorn
|-singleturn|p1a: Ferrothorn|Protect
|move|p2a: Forretress|Pain Split|p1a: Ferrothorn
|-activate|p1a: Ferrothorn|Protect
|
|-weather|RainDance|[upkeep]
|-heal|p2a: Forretress|102\/354 brn|[from] item: Leftovers
|-heal|p1a: Ferrothorn|234\/352|[from] item: Leftovers
|-damage|p2a: Forretress|58\/354 brn|[from] Leech Seed|[of] p1a: Ferrothorn
|-heal|p1a: Ferrothorn|278\/352|[silent]
|-damage|p2a: Forretress|14\/354 brn|[from] brn
|turn|36
|callback|decision
|
|move|p2a: Forretress|Pain Split|p1a: Ferrothorn
|-sethp|p1a: Ferrothorn|146\/352|p2a: Forretress|146\/354 brn|[from] move: Pain Split
|move|p1a: Ferrothorn|Spikes|p2a: Forretress
|-sidestart|p2: taw|Spikes
|
|-weather|RainDance|[upkeep]
|-heal|p2a: Forretress|168\/354 brn|[from] item: Leftovers
|-heal|p1a: Ferrothorn|168\/352|[from] item: Leftovers
|-damage|p2a: Forretress|124\/354 brn|[from] Leech Seed|[of] p1a: Ferrothorn
|-heal|p1a: Ferrothorn|212\/352|[silent]
|-damage|p2a: Forretress|80\/354 brn|[from] brn
|turn|37
|callback|decision
|
|move|p1a: Ferrothorn|Protect|p1a: Ferrothorn
|-singleturn|p1a: Ferrothorn|Protect
|move|p2a: Forretress|Rapid Spin|p1a: Ferrothorn
|-activate|p1a: Ferrothorn|Protect
|
|-weather|RainDance|[upkeep]
|-heal|p2a: Forretress|102\/354 brn|[from] item: Leftovers
|-heal|p1a: Ferrothorn|234\/352|[from] item: Leftovers
|-damage|p2a: Forretress|58\/354 brn|[from] Leech Seed|[of] p1a: Ferrothorn
|-heal|p1a: Ferrothorn|278\/352|[silent]
|-damage|p2a: Forretress|14\/354 brn|[from] brn
|turn|38
|callback|decision
|
|move|p2a: Forretress|Pain Split|p1a: Ferrothorn
|-sethp|p1a: Ferrothorn|146\/352|p2a: Forretress|146\/354 brn|[from] move: Pain Split
|move|p1a: Ferrothorn|Gyro Ball|p2a: Forretress
|-resisted|p2a: Forretress
|-damage|p2a: Forretress|128\/354 brn
|
|-weather|RainDance|[upkeep]
|-heal|p2a: Forretress|150\/354 brn|[from] item: Leftovers
|-heal|p1a: Ferrothorn|168\/352|[from] item: Leftovers
|-damage|p2a: Forretress|106\/354 brn|[from] Leech Seed|[of] p1a: Ferrothorn
|-heal|p1a: Ferrothorn|212\/352|[silent]
|-damage|p2a: Forretress|62\/354 brn|[from] brn
|turn|39
|callback|decision
|
|move|p1a: Ferrothorn|Protect|p1a: Ferrothorn
|-singleturn|p1a: Ferrothorn|Protect
|move|p2a: Forretress|Pain Split|p1a: Ferrothorn
|-activate|p1a: Ferrothorn|Protect
|
|-weather|RainDance|[upkeep]
|-heal|p2a: Forretress|84\/354 brn|[from] item: Leftovers
|-heal|p1a: Ferrothorn|234\/352|[from] item: Leftovers
|-damage|p2a: Forretress|40\/354 brn|[from] Leech Seed|[of] p1a: Ferrothorn
|-heal|p1a: Ferrothorn|278\/352|[silent]
|-damage|p2a: Forretress|0 fnt|[from] brn
|faint|p2a: Forretress
|callback|decision
|
|switch|p2a: Terrakion|Terrakion|263\/323
|-damage|p2a: Terrakion|243\/323|[from] Stealth Rock
|-status|p2a: Terrakion|psn
|-damage|p2a: Terrakion|163\/323 psn|[from] Spikes
|turn|40
|callback|decision
|
|switch|p1a: Celebi|Celebi|404\/404
|-damage|p1a: Celebi|354\/404|[from] Stealth Rock
|move|p2a: Terrakion|Close Combat|p1a: Celebi
|-resisted|p1a: Celebi
|-damage|p1a: Celebi|242\/404
|-unboost|p2a: Terrakion|def|1
|-unboost|p2a: Terrakion|spd|1
|
|-weather|RainDance|[upkeep]
|-heal|p1a: Celebi|267\/404|[from] item: Leftovers
|-damage|p2a: Terrakion|123\/323 psn|[from] psn
|turn|41
|callback|decision
|
|move|p2a: Terrakion|Stone Edge|p1a: Celebi
|-crit|p1a: Celebi
|-damage|p1a: Celebi|0 fnt
|faint|p1a: Celebi
|
|-weather|RainDance|[upkeep]
|-damage|p2a: Terrakion|83\/323 psn|[from] psn
|callback|decision
|
|switch|p1a: Ferrothorn|Ferrothorn, M|278\/352
|-damage|p1a: Ferrothorn|256\/352|[from] Stealth Rock
|turn|42
|callback|decision
|
|move|p1a: Ferrothorn|Protect|p1a: Ferrothorn
|-singleturn|p1a: Ferrothorn|Protect
|move|p2a: Terrakion|Close Combat|p1a: Ferrothorn
|-activate|p1a: Ferrothorn|Protect
|
|-weather|RainDance|[upkeep]
|-heal|p1a: Ferrothorn|278\/352|[from] item: Leftovers
|-damage|p2a: Terrakion|43\/323 psn|[from] psn
|turn|43
|callback|decision
|
|move|p2a: Terrakion|Stone Edge|p1a: Ferrothorn
|-resisted|p1a: Ferrothorn
|-damage|p1a: Ferrothorn|209\/352
|move|p1a: Ferrothorn|Leech Seed|p2a: Terrakion
|-start|p2a: Terrakion|move: Leech Seed
|
|-weather|RainDance|[upkeep]
|-heal|p1a: Ferrothorn|231\/352|[from] item: Leftovers
|-damage|p2a: Terrakion|3\/323 psn|[from] Leech Seed|[of] p1a: Ferrothorn
|-heal|p1a: Ferrothorn|271\/352|[silent]
|-damage|p2a: Terrakion|0 fnt|[from] psn
|faint|p2a: Terrakion
|callback|decision
|
|switch|p2a: Celebi|Celebi|286\/404
|-damage|p2a: Celebi|185\/404|[from] Spikes
|-damage|p2a: Celebi|135\/404|[from] Stealth Rock
|-status|p2a: Celebi|psn
|turn|44
|callback|decision
|
|move|p2a: Celebi|Recover|p2a: Celebi
|-heal|p2a: Celebi|337\/404 psn
|move|p1a: Ferrothorn|Gyro Ball|p2a: Celebi
|-damage|p2a: Celebi|225\/404 psn
|
|-weather|RainDance|[upkeep]
|-heal|p2a: Celebi|250\/404 psn|[from] item: Leftovers
|-heal|p1a: Ferrothorn|293\/352|[from] item: Leftovers
|-damage|p2a: Celebi|200\/404 psn|[from] psn
|turn|45
|callback|decision
|
|move|p2a: Celebi|Recover|p2a: Celebi
|-heal|p2a: Celebi|402\/404 psn
|move|p1a: Ferrothorn|Gyro Ball|p2a: Celebi
|-damage|p2a: Celebi|290\/404 psn
|
|-weather|RainDance|[upkeep]
|-heal|p2a: Celebi|315\/404 psn|[from] item: Leftovers
|-heal|p1a: Ferrothorn|315\/352|[from] item: Leftovers
|-damage|p2a: Celebi|265\/404 psn|[from] psn
|turn|46
|callback|decision
|
|move|p2a: Celebi|Swords Dance|p2a: Celebi
|-boost|p2a: Celebi|atk|2
|move|p1a: Ferrothorn|Gyro Ball|p2a: Celebi
|-damage|p2a: Celebi|147\/404 psn
|
|-weather|RainDance|[upkeep]
|-heal|p2a: Celebi|172\/404 psn|[from] item: Leftovers
|-heal|p1a: Ferrothorn|337\/352|[from] item: Leftovers
|-damage|p2a: Celebi|122\/404 psn|[from] psn
|turn|47
|callback|decision
|
|switch|p1a: Politoed|Politoed, F|246\/384
|-damage|p1a: Politoed|198\/384|[from] Stealth Rock
|move|p2a: Celebi|Recover|p2a: Celebi
|-heal|p2a: Celebi|324\/404 psn
|
|-weather|RainDance|[upkeep]
|-heal|p2a: Celebi|349\/404 psn|[from] item: Leftovers
|-heal|p1a: Politoed|222\/384|[from] item: Leftovers
|-damage|p2a: Celebi|299\/404 psn|[from] psn
|turn|48
|callback|decision
|
|move|p2a: Celebi|Seed Bomb|p1a: Politoed
|-crit|p1a: Politoed
|-supereffective|p1a: Politoed
|-damage|p1a: Politoed|0 fnt
|faint|p1a: Politoed
|
|-weather|RainDance|[upkeep]
|-heal|p2a: Celebi|324\/404 psn|[from] item: Leftovers
|-damage|p2a: Celebi|274\/404 psn|[from] psn
|callback|decision
|-message|Sarcastrophe forfeited.
|
|win|taw
|raw|Ladder updating...
|leave|Sarcastrophe
|player|p1
|raw|Sarcastrophe's rating: 1912 &rarr; <strong>1910<\/strong><br \/>(-2 for losing)
|raw|taw's rating: 2002 &rarr; <strong>2005<\/strong><br \/>(+3 for winning)