|join|taw
|join|Karlox
|player|p1|taw|257
|player|p2|Karlox|52
|gametype|singles
|tier|OU
|rated
|rule|Evasion Abilities Clause: Evasion abilities are banned
|clearpoke
|poke|p1|Celebi
|poke|p1|Alakazam, F
|poke|p1|Chandelure, F
|poke|p1|Forretress, M
|poke|p1|Weavile, M
|poke|p1|Garchomp, M
|poke|p2|Mandibuzz, F
|poke|p2|Abomasnow, F
|poke|p2|Walrein, F
|poke|p2|Alakazam, F
|poke|p2|Donphan, M
|poke|p2|Rotom-Frost
|rule|Sleep Clause Mod: Limit one foe put to sleep
|rule|Species Clause: Limit one of each Pokemon
|rule|OHKO Clause: OHKO moves are banned
|rule|Moody Clause: Moody is banned
|rule|Evasion Moves Clause: Evasion moves are banned
|rule|HP Percentage Mod: HP is reported as percentages
|teampreview
|callback|decision
|
|start
|switch|p1a: Garchomp|Garchomp, M|358\/358
|switch|p2a: Donphan|Donphan, M|384\/384
|turn|1
|callback|decision
|
|move|p1a: Garchomp|Stealth Rock|p2a: Donphan
|-sidestart|p2: Karlox|move: Stealth Rock
|move|p2a: Donphan|Stealth Rock|p1a: Garchomp
|-sidestart|p1: taw|move: Stealth Rock
|
|turn|2
|callback|decision
|
|move|p1a: Garchomp|Earthquake|p2a: Donphan
|-damage|p2a: Donphan|231\/384
|move|p2a: Donphan|Rapid Spin|p1a: Garchomp
|-damage|p1a: Garchomp|333\/358
|-damage|p2a: Donphan|183\/384|[from] ability: Rough Skin|[of] p1a: Garchomp
|-sideend|p2: Karlox|Stealth Rock|[from] move: Rapid Spin|[of] p2a: Donphan
|
|turn|3
|callback|decision
|
|move|p1a: Garchomp|Outrage|p2a: Donphan
|-enditem|p1a: Garchomp|Dragon Gem|[from] gem|[move] Outrage
|-damage|p2a: Donphan|0 fnt
|faint|p2a: Donphan
|
|callback|decision
|
|switch|p2a: Rotom-Frost|Rotom-Frost|241\/241
|turn|4
|callback|decision
|
|move|p2a: Rotom-Frost|Blizzard|p1a: Garchomp
|-miss|p2a: Rotom-Frost|p1a: Garchomp
|move|p1a: Garchomp|Outrage|p2a: Rotom-Frost
|-damage|p2a: Rotom-Frost|37\/241
|
|turn|5
|callback|decision
|
|move|p2a: Rotom-Frost|Blizzard|p1a: Garchomp
|-miss|p2a: Rotom-Frost|p1a: Garchomp
|move|p1a: Garchomp|Outrage|p2a: Rotom-Frost
|-damage|p2a: Rotom-Frost|0 fnt
|faint|p2a: Rotom-Frost
|
|-end|p1a: Garchomp|rampage
|-start|p1a: Garchomp|confusion
|callback|decision
|
|switch|p2a: Abomasnow|Abomasnow, F|384\/384
|-weather|Hail|[from] ability: Snow Warning|[of] p2a: Abomasnow
|turn|6
|callback|decision
|
|-activate|p1a: Garchomp|confusion
|-damage|p1a: Garchomp|281\/358|[from] confusion
|move|p2a: Abomasnow|Blizzard|p1a: Garchomp
|-supereffective|p1a: Garchomp
|-damage|p1a: Garchomp|0 fnt
|faint|p1a: Garchomp
|
|-weather|Hail|[upkeep]
|callback|decision
|
|switch|p1a: Forretress|Forretress, M|354\/354
|-damage|p1a: Forretress|310\/354|[from] Stealth Rock
|turn|7
|callback|decision
|
|move|p2a: Abomasnow|Protect|p2a: Abomasnow
|-singleturn|p2a: Abomasnow|Protect
|move|p1a: Forretress|Rapid Spin|p2a: Abomasnow
|-activate|p2a: Abomasnow|Protect
|
|-weather|Hail|[upkeep]
|-damage|p1a: Forretress|288\/354|[from] hail
|-heal|p1a: Forretress|310\/354|[from] item: Leftovers
|turn|8
|callback|decision
|
|move|p2a: Abomasnow|Blizzard|p1a: Forretress
|-resisted|p1a: Forretress
|-damage|p1a: Forretress|211\/354
|move|p1a: Forretress|Rapid Spin|p2a: Abomasnow
|-crit|p2a: Abomasnow
|-damage|p2a: Abomasnow|343\/384
|-sideend|p1: taw|Stealth Rock|[from] move: Rapid Spin|[of] p1a: Forretress
|
|-weather|Hail|[upkeep]
|-damage|p1a: Forretress|189\/354|[from] hail
|-heal|p1a: Forretress|211\/354|[from] item: Leftovers
|turn|9
|callback|decision
|
|switch|p2a: Walrein|Walrein, F|423\/423
|move|p1a: Forretress|Gyro Ball|p2a: Walrein
|-damage|p2a: Walrein|365\/423
|
|-weather|Hail|[upkeep]
|-heal|p2a: Walrein|391\/423|[from] ability: Ice Body
|-damage|p1a: Forretress|189\/354|[from] hail
|-heal|p2a: Walrein|417\/423|[from] item: Leftovers
|-heal|p1a: Forretress|211\/354|[from] item: Leftovers
|turn|10
|callback|decision
|
|move|p2a: Walrein|Substitute|p2a: Walrein
|-start|p2a: Walrein|Substitute
|-damage|p2a: Walrein|312\/423
|move|p1a: Forretress|Volt Switch|p2a: Walrein
|-supereffective|p2a: Walrein
|-activate|p2a: Walrein|Substitute|[damage]
|callback|decision
|
|switch|p1a: Weavile|Weavile, M|282\/282
|-ability|p1a: Weavile|Pressure
|
|-weather|Hail|[upkeep]
|-heal|p2a: Walrein|338\/423|[from] ability: Ice Body
|-heal|p2a: Walrein|364\/423|[from] item: Leftovers
|turn|11
|callback|decision
|
|move|p1a: Weavile|Brick Break|p2a: Walrein
|-supereffective|p2a: Walrein
|-end|p2a: Walrein|Substitute
|-damage|p1a: Weavile|254\/282|[from] item: Life Orb
|move|p2a: Walrein|Toxic|p1a: Weavile
|-status|p1a: Weavile|tox
|
|-weather|Hail|[upkeep]
|-heal|p2a: Walrein|390\/423|[from] ability: Ice Body
|-heal|p2a: Walrein|416\/423|[from] item: Leftovers
|-damage|p1a: Weavile|237\/282 tox|[from] psn
|turn|12
|callback|decision
|
|move|p2a: Walrein|Protect|p2a: Walrein
|-singleturn|p2a: Walrein|Protect
|move|p1a: Weavile|Brick Break|p2a: Walrein
|-activate|p2a: Walrein|Protect
|
|-weather|Hail|[upkeep]
|-heal|p2a: Walrein|423\/423|[from] ability: Ice Body
|-damage|p1a: Weavile|203\/282 tox|[from] psn
|turn|13
|callback|decision
|
|switch|p2a: Alakazam|Alakazam, F|314\/314
|move|p1a: Weavile|Brick Break|p2a: Alakazam
|-crit|p2a: Alakazam
|-resisted|p2a: Alakazam
|-damage|p2a: Alakazam|194\/314
|-damage|p1a: Weavile|175\/282 tox|[from] item: Life Orb
|
|-weather|Hail|[upkeep]
|-damage|p1a: Weavile|124\/282 tox|[from] psn
|turn|14
|callback|decision
|
|move|p1a: Weavile|Pursuit|p2a: Alakazam
|-supereffective|p2a: Alakazam
|-damage|p2a: Alakazam|0 fnt
|-damage|p1a: Weavile|96\/282 tox|[from] item: Life Orb
|faint|p2a: Alakazam
|
|-weather|Hail|[upkeep]
|-damage|p1a: Weavile|28\/282 tox|[from] psn
|callback|decision
|
|switch|p2a: Walrein|Walrein, F|423\/423
|turn|15
|callback|decision
|
|move|p1a: Weavile|Brick Break|p2a: Walrein
|-supereffective|p2a: Walrein
|-damage|p2a: Walrein|168\/423
|-damage|p1a: Weavile|0 fnt|[from] item: Life Orb
|faint|p1a: Weavile
|move|p2a: Walrein|Substitute|p2a: Walrein
|-start|p2a: Walrein|Substitute
|-damage|p2a: Walrein|63\/423
|
|-weather|Hail|[upkeep]
|-heal|p2a: Walrein|89\/423|[from] ability: Ice Body
|-heal|p2a: Walrein|115\/423|[from] item: Leftovers
|callback|decision
|
|switch|p1a: Alakazam|Alakazam, F|252\/252
|turn|16
|callback|decision
|
|move|p2a: Walrein|Protect|p2a: Walrein
|-singleturn|p2a: Walrein|Protect
|move|p1a: Alakazam|Psyshock|p2a: Walrein
|-activate|p2a: Walrein|Protect
|
|-weather|Hail|[upkeep]
|-heal|p2a: Walrein|141\/423|[from] ability: Ice Body
|-heal|p2a: Walrein|167\/423|[from] item: Leftovers
|turn|17
|callback|decision
|
|switch|p2a: Mandibuzz|Mandibuzz, F|424\/424
|move|p1a: Alakazam|Psyshock|p2a: Mandibuzz
|-immune|p2a: Mandibuzz|[msg]
|
|-weather|Hail|[upkeep]
|turn|18
|callback|decision
|
|switch|p1a: Forretress|Forretress, M|211\/354
|move|p2a: Mandibuzz|Whirlwind|p1a: Forretress
|drag|p1a: Alakazam|Alakazam, F|252\/252
|
|-weather|Hail|[upkeep]
|turn|19
|callback|decision
|
|switch|p1a: Forretress|Forretress, M|211\/354
|move|p2a: Mandibuzz|Heat Wave|p1a: Forretress
|-supereffective|p1a: Forretress
|-damage|p1a: Forretress|15\/354
|
|-weather|Hail|[upkeep]
|-damage|p1a: Forretress|0 fnt|[from] hail
|faint|p1a: Forretress
|callback|decision
|
|switch|p1a: Celebi|Celebi|404\/404
|turn|20
|callback|decision
|
|move|p1a: Celebi|Nasty Plot|p1a: Celebi
|-boost|p1a: Celebi|spa|2
|move|p2a: Mandibuzz|Toxic|p1a: Celebi
|-status|p1a: Celebi|tox
|
|-weather|Hail|[upkeep]
|-damage|p1a: Celebi|379\/404 tox|[from] hail
|-heal|p1a: Celebi|404\/404 tox|[from] item: Leftovers
|-damage|p1a: Celebi|379\/404 tox|[from] psn
|turn|21
|callback|decision
|
|move|p1a: Celebi|Nasty Plot|p1a: Celebi
|-boost|p1a: Celebi|spa|2
|move|p2a: Mandibuzz|Whirlwind|p1a: Celebi
|drag|p1a: Alakazam|Alakazam, F|252\/252
|
|-weather|Hail|[upkeep]
|turn|22
|callback|decision
|
|move|p1a: Alakazam|Focus Blast|p2a: Mandibuzz
|-damage|p2a: Mandibuzz|275\/424
|move|p2a: Mandibuzz|Heat Wave|p1a: Alakazam
|-damage|p1a: Alakazam|195\/252
|
|-weather|Hail|[upkeep]
|-heal|p2a: Mandibuzz|301\/424|[from] item: Leftovers
|turn|23
|callback|decision
|
|move|p1a: Alakazam|Focus Blast|p2a: Mandibuzz
|-damage|p2a: Mandibuzz|139\/424
|move|p2a: Mandibuzz|Roost|p2a: Mandibuzz
|-heal|p2a: Mandibuzz|351\/424
|
|-weather|Hail|[upkeep]
|-heal|p2a: Mandibuzz|377\/424|[from] item: Leftovers
|turn|24
|callback|decision
|
|switch|p1a: Celebi|Celebi|379\/404
|move|p2a: Mandibuzz|Heat Wave|p1a: Celebi
|-supereffective|p1a: Celebi
|-damage|p1a: Celebi|307\/404
|
|-weather|Hail|[upkeep]
|-damage|p1a: Celebi|282\/404|[from] hail
|-heal|p1a: Celebi|307\/404|[from] item: Leftovers
|-heal|p2a: Mandibuzz|403\/424|[from] item: Leftovers
|turn|25
|callback|decision
|
|move|p1a: Celebi|Recover|p1a: Celebi
|-heal|p1a: Celebi|404\/404
|move|p2a: Mandibuzz|Whirlwind|p1a: Celebi
|drag|p1a: Chandelure|Chandelure, F|261\/261
|
|-weather|Hail|[upkeep]
|-damage|p1a: Chandelure|245\/261|[from] hail
|-heal|p2a: Mandibuzz|424\/424|[from] item: Leftovers
|turn|26
|callback|decision
|
|move|p1a: Chandelure|Flamethrower|p2a: Mandibuzz
|-damage|p2a: Mandibuzz|229\/424
|move|p2a: Mandibuzz|Toxic|p1a: Chandelure
|-status|p1a: Chandelure|tox
|
|-weather|Hail|[upkeep]
|-damage|p1a: Chandelure|229\/261 tox|[from] hail
|-heal|p2a: Mandibuzz|255\/424|[from] item: Leftovers
|-damage|p1a: Chandelure|213\/261 tox|[from] psn
|turn|27
|callback|decision
|
|move|p1a: Chandelure|Flamethrower|p2a: Mandibuzz
|-damage|p2a: Mandibuzz|54\/424
|move|p2a: Mandibuzz|Roost|p2a: Mandibuzz
|-heal|p2a: Mandibuzz|266\/424
|
|-weather|Hail|[upkeep]
|-damage|p1a: Chandelure|197\/261 tox|[from] hail
|-heal|p2a: Mandibuzz|292\/424|[from] item: Leftovers
|-damage|p1a: Chandelure|165\/261 tox|[from] psn
|turn|28
|callback|decision
|
|move|p1a: Chandelure|Flamethrower|p2a: Mandibuzz
|-damage|p2a: Mandibuzz|84\/424
|-status|p2a: Mandibuzz|brn
|move|p2a: Mandibuzz|Roost|p2a: Mandibuzz
|-heal|p2a: Mandibuzz|296\/424 brn
|
|-weather|Hail|[upkeep]
|-damage|p1a: Chandelure|149\/261 tox|[from] hail
|-heal|p2a: Mandibuzz|322\/424 brn|[from] item: Leftovers
|-damage|p1a: Chandelure|101\/261 tox|[from] psn
|-damage|p2a: Mandibuzz|269\/424 brn|[from] brn
|turn|29
|callback|decision
|
|move|p1a: Chandelure|Flamethrower|p2a: Mandibuzz
|-damage|p2a: Mandibuzz|70\/424 brn
|move|p2a: Mandibuzz|Roost|p2a: Mandibuzz
|-heal|p2a: Mandibuzz|282\/424 brn
|
|-weather|Hail|[upkeep]
|-damage|p1a: Chandelure|85\/261 tox|[from] hail
|-heal|p2a: Mandibuzz|308\/424 brn|[from] item: Leftovers
|-damage|p1a: Chandelure|21\/261 tox|[from] psn
|-damage|p2a: Mandibuzz|255\/424 brn|[from] brn
|turn|30
|callback|decision
|
|move|p1a: Chandelure|Flamethrower|p2a: Mandibuzz
|-damage|p2a: Mandibuzz|50\/424 brn
|move|p2a: Mandibuzz|Roost|p2a: Mandibuzz
|-heal|p2a: Mandibuzz|262\/424 brn
|
|-weather|Hail|[upkeep]
|-damage|p1a: Chandelure|5\/261 tox|[from] hail
|-heal|p2a: Mandibuzz|288\/424 brn|[from] item: Leftovers
|-damage|p1a: Chandelure|0 fnt|[from] psn
|-damage|p2a: Mandibuzz|235\/424 brn|[from] brn
|faint|p1a: Chandelure
|callback|decision
|
|switch|p1a: Celebi|Celebi|404\/404
|turn|31
|callback|decision
|
|move|p1a: Celebi|Giga Drain|p2a: Mandibuzz
|-resisted|p2a: Mandibuzz
|-damage|p2a: Mandibuzz|189\/424 brn
|move|p2a: Mandibuzz|Roost|p2a: Mandibuzz
|-heal|p2a: Mandibuzz|401\/424 brn
|
|-weather|Hail|[upkeep]
|-damage|p1a: Celebi|379\/404|[from] hail
|-heal|p1a: Celebi|404\/404|[from] item: Leftovers
|-heal|p2a: Mandibuzz|424\/424 brn|[from] item: Leftovers
|-damage|p2a: Mandibuzz|371\/424 brn|[from] brn
|turn|32
|callback|decision
|
|move|p1a: Celebi|Nasty Plot|p1a: Celebi
|-boost|p1a: Celebi|spa|2
|move|p2a: Mandibuzz|Toxic|p1a: Celebi
|-status|p1a: Celebi|tox
|
|-weather|Hail|[upkeep]
|-damage|p1a: Celebi|379\/404 tox|[from] hail
|-heal|p1a: Celebi|404\/404 tox|[from] item: Leftovers
|-heal|p2a: Mandibuzz|397\/424 brn|[from] item: Leftovers
|-damage|p1a: Celebi|379\/404 tox|[from] psn
|-damage|p2a: Mandibuzz|344\/424 brn|[from] brn
|turn|33
|callback|decision
|
|move|p1a: Celebi|Giga Drain|p2a: Mandibuzz
|-resisted|p2a: Mandibuzz
|-damage|p2a: Mandibuzz|246\/424 brn
|-heal|p1a: Celebi|404\/404 tox|[from] drain|[of] p2a: Mandibuzz
|move|p2a: Mandibuzz|Heat Wave|p1a: Celebi
|-supereffective|p1a: Celebi
|-damage|p1a: Celebi|330\/404 tox
|
|-weather|Hail|[upkeep]
|-damage|p1a: Celebi|305\/404 tox|[from] hail
|-heal|p1a: Celebi|330\/404 tox|[from] item: Leftovers
|-heal|p2a: Mandibuzz|272\/424 brn|[from] item: Leftovers
|-damage|p1a: Celebi|280\/404 tox|[from] psn
|-damage|p2a: Mandibuzz|219\/424 brn|[from] brn
|turn|34
|callback|decision
|
|move|p1a: Celebi|Baton Pass|p1a: Celebi
|callback|decision
|
|switch|p1a: Alakazam|Alakazam, F|195\/252
|move|p2a: Mandibuzz|Roost|p2a: Mandibuzz
|-heal|p2a: Mandibuzz|424\/424 brn
|
|-weather|Hail|[upkeep]
|-damage|p2a: Mandibuzz|371\/424 brn|[from] brn
|turn|35
|callback|decision
|
|move|p1a: Alakazam|Focus Blast|p2a: Mandibuzz
|-crit|p2a: Mandibuzz
|-damage|p2a: Mandibuzz|0 fnt
|faint|p2a: Mandibuzz
|
|-weather|Hail|[upkeep]
|callback|decision
|chat|taw|final
|chat|taw|y
|chat|taw|jesus fuck that thing sucks
|
|switch|p2a: Abomasnow|Abomasnow, F|343\/384
|turn|36
|callback|decision
|
|move|p2a: Abomasnow|Protect|p2a: Abomasnow
|-singleturn|p2a: Abomasnow|Protect
|move|p1a: Alakazam|Hidden Power|p2a: Abomasnow
|-activate|p2a: Abomasnow|Protect
|
|-weather|Hail|[upkeep]
|turn|37
|callback|decision
|
|move|p1a: Alakazam|Hidden Power|p2a: Abomasnow
|-supereffective|p2a: Abomasnow
|-damage|p2a: Abomasnow|0 fnt
|faint|p2a: Abomasnow
|
|-weather|Hail|[upkeep]
|callback|decision
|
|switch|p2a: Walrein|Walrein, F|167\/423
|turn|38
|callback|decision
|
|move|p1a: Alakazam|Psyshock|p2a: Walrein
|-damage|p2a: Walrein|0 fnt
|faint|p2a: Walrein
|
|win|taw
|raw|Ladder updating...
|raw|taw's rating: 2013 &rarr; <strong>2015<\/strong><br \/>(+2 for winning)
|raw|Karlox's rating: 1729 &rarr; <strong>1712<\/strong><br \/>(-17 for losing)
|chat|taw|gg
|leave|Karlox
|player|p2