|join|taw
|join|your mom 1 2 3
|player|p1|taw|257
|player|p2|your mom 1 2 3|102
|gametype|singles
|gen|6
|tier|OU
|rated
|clearpoke
|poke|p1|Entei, shiny
|poke|p1|Zapdos
|poke|p1|Deoxys-Defense
|poke|p1|Dusclops, M
|poke|p1|Suicune
|poke|p1|Ditto
|poke|p2|Crawdaunt, M
|poke|p2|Togekiss, F
|poke|p2|Umbreon, F
|poke|p2|Gastrodon, F
|poke|p2|Skarmory, F
|poke|p2|Mawile, M
|rule|Sleep Clause Mod: Limit one foe put to sleep
|rule|Species Clause: Limit one of each Pokemon
|rule|OHKO Clause: OHKO moves are banned
|rule|Moody Clause: Moody is banned
|rule|Evasion Moves Clause: Evasion moves are banned
|rule|Endless Battle Clause: Forcing endless battles is banned.
|rule|HP Percentage Mod: HP is reported as percentages
|teampreview
|callback|decision
|
|start
|switch|p1a: Deoxys-Defense|Deoxys-Defense|304\/304
|switch|p2a: Crawdaunt|Crawdaunt, M|267\/267
|-ability|p1a: Deoxys-Defense|Pressure
|turn|1
|callback|decision
|
|move|p1a: Deoxys-Defense|Stealth Rock|p2a: Crawdaunt
|-sidestart|p2: your mom 1 2 3|move: Stealth Rock
|move|p2a: Crawdaunt|Knock Off|p1a: Deoxys-Defense
|-supereffective|p1a: Deoxys-Defense
|-damage|p1a: Deoxys-Defense|0 fnt
|faint|p1a: Deoxys-Defense
|
|callback|decision
|
|switch|p1a: Suicune|Suicune|404\/404
|-ability|p1a: Suicune|Pressure
|turn|2
|callback|decision
|
|move|p2a: Crawdaunt|Knock Off|p1a: Suicune
|-damage|p1a: Suicune|258\/404
|-enditem|p1a: Suicune|Leftovers|[from] move: Knock Off|[of] p2a: Crawdaunt
|move|p1a: Suicune|Calm Mind|p1a: Suicune
|-boost|p1a: Suicune|spa|1
|-boost|p1a: Suicune|spd|1
|
|turn|3
|callback|decision
|
|move|p2a: Crawdaunt|Knock Off|p1a: Suicune
|-damage|p1a: Suicune|142\/404
|move|p1a: Suicune|Rest|p1a: Suicune
|-status|p1a: Suicune|slp
|-heal|p1a: Suicune|404\/404 slp|[silent]
|-status|p1a: Suicune|slp|[from] move: Rest
|
|turn|4
|callback|decision
|
|move|p2a: Crawdaunt|Dragon Dance|p2a: Crawdaunt
|-boost|p2a: Crawdaunt|atk|1
|-boost|p2a: Crawdaunt|spe|1
|cant|p1a: Suicune|slp
|move|p1a: Suicune|Sleep Talk|p1a: Suicune
|move|p1a: Suicune|Scald|p2a: Crawdaunt|[from]Sleep Talk
|-resisted|p2a: Crawdaunt
|-damage|p2a: Crawdaunt|156\/267
|
|turn|5
|callback|decision
|
|move|p2a: Crawdaunt|Crabhammer|p1a: Suicune
|-resisted|p1a: Suicune
|-damage|p1a: Suicune|287\/404 slp
|cant|p1a: Suicune|slp
|move|p1a: Suicune|Sleep Talk|p1a: Suicune
|move|p1a: Suicune|Scald|p2a: Crawdaunt|[from]Sleep Talk
|-resisted|p2a: Crawdaunt
|-damage|p2a: Crawdaunt|48\/267
|
|turn|6
|callback|decision
|
|move|p2a: Crawdaunt|Crabhammer|p1a: Suicune
|-crit|p1a: Suicune
|-resisted|p1a: Suicune
|-damage|p1a: Suicune|107\/404 slp
|-curestatus|p1a: Suicune|slp
|move|p1a: Suicune|Scald|p2a: Crawdaunt
|-resisted|p2a: Crawdaunt
|-damage|p2a: Crawdaunt|0 fnt
|faint|p2a: Crawdaunt
|
|callback|decision
|
|switch|p2a: Mawile|Mawile, M|281\/281
|-damage|p2a: Mawile|264\/281|[from] Stealth Rock
|-ability|p2a: Mawile|Intimidate|[of] p1a: Suicune
|-unboost|p1a: Suicune|atk|1
|turn|7
|callback|decision
|
|-formechange|p2a: Mawile|Mawile-Mega
|message|Mawile has Mega Evolved into Mega Mawile!
|move|p2a: Mawile|Sucker Punch|p1a: Suicune
|-fail|p1a: Suicune
|move|p1a: Suicune|Rest|p1a: Suicune
|-status|p1a: Suicune|slp
|-heal|p1a: Suicune|404\/404 slp|[silent]
|-status|p1a: Suicune|slp|[from] move: Rest
|
|turn|8
|callback|decision
|
|cant|p1a: Suicune|slp
|move|p1a: Suicune|Sleep Talk|p1a: Suicune
|move|p1a: Suicune|Calm Mind|p1a: Suicune|[from]Sleep Talk
|-boost|p1a: Suicune|spa|1
|-boost|p1a: Suicune|spd|1
|move|p2a: Mawile|Play Rough|p1a: Suicune
|-crit|p1a: Suicune
|-damage|p1a: Suicune|100\/404 slp
|-unboost|p1a: Suicune|atk|1
|
|turn|9
|callback|decision
|
|cant|p1a: Suicune|slp
|move|p1a: Suicune|Sleep Talk|p1a: Suicune
|move|p1a: Suicune|Rest|p1a: Suicune|[from]Sleep Talk
|-fail|p1a: Suicune
|move|p2a: Mawile|Play Rough|p1a: Suicune
|-damage|p1a: Suicune|0 fnt
|faint|p1a: Suicune
|
|callback|decision
|
|switch|p1a: Entei|Entei, shiny|372\/372
|-ability|p1a: Entei|Pressure
|turn|10
|callback|decision
|
|switch|p2a: Gastrodon|Gastrodon, F|426\/426
|-damage|p2a: Gastrodon|400\/426|[from] Stealth Rock
|move|p1a: Entei|Sacred Fire|p2a: Gastrodon
|-resisted|p2a: Gastrodon
|-damage|p2a: Gastrodon|257\/426
|
|-heal|p2a: Gastrodon|283\/426|[from] item: Leftovers
|turn|11
|callback|decision
|
|switch|p1a: Ditto|Ditto|300\/300
|-transform|p1a: Ditto|p2a: Gastrodon
|move|p2a: Gastrodon|Recover|p2a: Gastrodon
|-heal|p2a: Gastrodon|426\/426
|
|turn|12
|callback|decision
|
|move|p1a: Ditto|Toxic|p2a: Gastrodon
|-status|p2a: Gastrodon|tox
|move|p2a: Gastrodon|Toxic|p1a: Ditto
|-status|p1a: Ditto|tox
|
|-damage|p1a: Ditto|282\/300 tox|[from] psn
|-damage|p2a: Gastrodon|400\/426 tox|[from] psn
|turn|13
|callback|decision
|
|switch|p1a: Zapdos|Zapdos|383\/383
|-ability|p1a: Zapdos|Pressure
|switch|p2a: Skarmory|Skarmory, F|311\/311
|-damage|p2a: Skarmory|273\/311|[from] Stealth Rock
|
|turn|14
|callback|decision
|
|switch|p2a: Umbreon|Umbreon, F|394\/394
|-damage|p2a: Umbreon|345\/394|[from] Stealth Rock
|move|p1a: Zapdos|Substitute|p1a: Zapdos
|-start|p1a: Zapdos|Substitute
|-damage|p1a: Zapdos|288\/383
|
|-heal|p1a: Zapdos|311\/383|[from] item: Leftovers
|-heal|p2a: Umbreon|369\/394|[from] item: Leftovers
|turn|15
|callback|decision
|
|move|p1a: Zapdos|Toxic|p2a: Umbreon
|-status|p2a: Umbreon|tox
|-status|p1a: Zapdos|tox
|move|p2a: Umbreon|Wish|p2a: Umbreon
|
|-heal|p1a: Zapdos|334\/383 tox|[from] item: Leftovers
|-heal|p2a: Umbreon|393\/394 tox|[from] item: Leftovers
|-damage|p1a: Zapdos|311\/383 tox|[from] psn
|-damage|p2a: Umbreon|369\/394 tox|[from] psn
|turn|16
|callback|decision
|
|move|p1a: Zapdos|Thunderbolt|p2a: Umbreon
|-damage|p2a: Umbreon|290\/394 tox
|move|p2a: Umbreon|Heal Bell|p2a: Umbreon
|-cureteam|p2a: Umbreon|[from] move: HealBell
|
|-heal|p2a: Umbreon|394\/394|[from] move: Wish|[wisher] Umbreon
|-heal|p1a: Zapdos|334\/383 tox|[from] item: Leftovers
|-damage|p1a: Zapdos|288\/383 tox|[from] psn
|turn|17
|callback|decision
|
|switch|p1a: Entei|Entei, shiny|372\/372
|-ability|p1a: Entei|Pressure
|move|p2a: Umbreon|Wish|p2a: Umbreon
|
|turn|18
|callback|decision
|
|switch|p2a: Gastrodon|Gastrodon, F|400\/426
|-damage|p2a: Gastrodon|374\/426|[from] Stealth Rock
|move|p1a: Entei|Sacred Fire|p2a: Gastrodon
|-resisted|p2a: Gastrodon
|-damage|p2a: Gastrodon|225\/426
|
|-heal|p2a: Gastrodon|422\/426|[from] move: Wish|[wisher] Umbreon
|-heal|p2a: Gastrodon|426\/426|[from] item: Leftovers
|turn|19
|callback|decision
|
|move|p1a: Entei|Sacred Fire|p2a: Gastrodon
|-resisted|p2a: Gastrodon
|-damage|p2a: Gastrodon|291\/426
|-status|p2a: Gastrodon|brn
|move|p2a: Gastrodon|Scald|p1a: Entei
|-supereffective|p1a: Entei
|-damage|p1a: Entei|136\/372
|
|-heal|p2a: Gastrodon|317\/426 brn|[from] item: Leftovers
|-damage|p2a: Gastrodon|264\/426 brn|[from] brn
|turn|20
|callback|decision
|
|switch|p1a: Ditto|Ditto|282\/300 tox
|-transform|p1a: Ditto|p2a: Gastrodon
|move|p2a: Gastrodon|Scald|p1a: Ditto
|-boost|p1a: Ditto|spa|1|[from] ability: Storm Drain
|
|-heal|p2a: Gastrodon|290\/426 brn|[from] item: Leftovers
|-damage|p1a: Ditto|264\/300 tox|[from] psn
|-damage|p2a: Gastrodon|237\/426 brn|[from] brn
|turn|21
|callback|decision
|
|switch|p2a: Umbreon|Umbreon, F|394\/394
|-damage|p2a: Umbreon|345\/394|[from] Stealth Rock
|move|p1a: Ditto|Earth Power|p2a: Umbreon
|-damage|p2a: Umbreon|251\/394
|
|-heal|p2a: Umbreon|275\/394|[from] item: Leftovers
|-damage|p1a: Ditto|228\/300 tox|[from] psn
|turn|22
|callback|decision
|
|switch|p1a: Entei|Entei, shiny|136\/372
|-ability|p1a: Entei|Pressure
|move|p2a: Umbreon|Wish|p2a: Umbreon
|
|-heal|p2a: Umbreon|299\/394|[from] item: Leftovers
|turn|23
|callback|decision
|
|move|p1a: Entei|Stone Edge|p2a: Umbreon
|-damage|p2a: Umbreon|141\/394
|move|p2a: Umbreon|Foul Play|p1a: Entei
|-damage|p1a: Entei|0 fnt
|faint|p1a: Entei
|
|-heal|p2a: Umbreon|338\/394|[from] move: Wish|[wisher] Umbreon
|-heal|p2a: Umbreon|362\/394|[from] item: Leftovers
|callback|decision
|-message|taw forfeited.
|
|win|your mom 1 2 3
|raw|Ladder updating...
|leave|taw
|player|p1