|join|taw
|join|Myalejo
|player|p1|taw|257
|player|p2|Myalejo|169
|gametype|singles
|tier|OU (beta)
|rated
|rule|Evasion Abilities Clause: Evasion abilities are banned
|clearpoke
|poke|p1|Scolipede, F
|poke|p1|Talonflame, M
|poke|p1|Rotom-Wash
|poke|p1|Clawitzer, M
|poke|p1|Skarmory, F
|poke|p1|Excadrill, M
|poke|p2|Klefki, M
|poke|p2|Diggersby, F
|poke|p2|Kangaskhan, F
|poke|p2|Gardevoir, M
|poke|p2|Aegislash, F
|poke|p2|Tyrantrum, F, shiny
|rule|Sleep Clause Mod: Limit one foe put to sleep
|rule|Species Clause: Limit one of each Pokemon
|rule|OHKO Clause: OHKO moves are banned
|rule|Moody Clause: Moody is banned
|rule|Evasion Moves Clause: Evasion moves are banned
|rule|HP Percentage Mod: HP is reported as percentages
|teampreview
|callback|decision
|
|start
|switch|p1a: Scolipede|Scolipede, F|324\/324
|switch|p2a: Klefki|Klefki, M|258\/258
|turn|1
|callback|decision
|
|move|p2a: Klefki|Thunder Wave|p1a: Scolipede
|-status|p1a: Scolipede|par
|cant|p1a: Scolipede|par
|
|-boost|p1a: Scolipede|spe|1|[from] ability: Speed Boost
|turn|2
|callback|decision
|
|move|p2a: Klefki|Reflect|p2a: Klefki
|-sidestart|p2: Myalejo|Reflect
|move|p1a: Scolipede|Swords Dance|p1a: Scolipede
|-boost|p1a: Scolipede|atk|2
|
|-boost|p1a: Scolipede|spe|1|[from] ability: Speed Boost
|turn|3
|callback|decision
|
|move|p2a: Klefki|Light Screen|p2a: Klefki
|-sidestart|p2: Myalejo|move: Light Screen
|move|p1a: Scolipede|Swords Dance|p1a: Scolipede
|-boost|p1a: Scolipede|atk|2
|
|-boost|p1a: Scolipede|spe|1|[from] ability: Speed Boost
|turn|4
|callback|decision
|
|move|p2a: Klefki|Draining Kiss|p1a: Scolipede
|-resisted|p1a: Scolipede
|-damage|p1a: Scolipede|293\/324 par
|move|p1a: Scolipede|Swords Dance|p1a: Scolipede
|-boost|p1a: Scolipede|atk|2
|
|-boost|p1a: Scolipede|spe|1|[from] ability: Speed Boost
|turn|5
|callback|decision
|
|move|p1a: Scolipede|Swords Dance|p1a: Scolipede
|-fail|p1a: Scolipede
|move|p2a: Klefki|Draining Kiss|p1a: Scolipede
|-resisted|p1a: Scolipede
|-damage|p1a: Scolipede|257\/324 par
|
|-boost|p1a: Scolipede|spe|1|[from] ability: Speed Boost
|turn|6
|callback|decision
|
|move|p1a: Scolipede|Protect|p1a: Scolipede
|-singleturn|p1a: Scolipede|Protect
|move|p2a: Klefki|Thunder Wave|p1a: Scolipede
|-activate|p1a: Scolipede|Protect
|
|-boost|p1a: Scolipede|spe|1|[from] ability: Speed Boost
|turn|7
|callback|decision
|
|move|p1a: Scolipede|Baton Pass|p1a: Scolipede
|callback|decision
|
|switch|p1a: Excadrill|Excadrill, M|362\/362
|-item|p1a: Excadrill|Air Balloon
|move|p2a: Klefki|Draining Kiss|p1a: Excadrill
|-resisted|p1a: Excadrill
|-damage|p1a: Excadrill|325\/362
|-enditem|p1a: Excadrill|Air Balloon
|
|turn|8
|callback|decision
|
|switch|p2a: Aegislash|Aegislash, F|262\/262
|move|p1a: Excadrill|Earthquake|p2a: Aegislash
|-supereffective|p2a: Aegislash
|-damage|p2a: Aegislash|0 fnt
|faint|p2a: Aegislash
|
|callback|decision
|chat|Myalejo|wtf jajaja bye bye
|-message|Myalejo forfeited.
|
|win|taw
|raw|Ladder updating...
|raw|taw's rating: 1758 &rarr; <strong>1760<\/strong><br \/>(+2 for winning)
|raw|Myalejo's rating: 1489 &rarr; <strong>1485<\/strong><br \/>(-4 for losing)
|leave|Myalejo
|player|p2