|join|taw
|join|linkfin
|player|p1|taw|257
|player|p2|linkfin|163
|gametype|singles
|tier|OU (beta)
|rated
|rule|Evasion Abilities Clause: Evasion abilities are banned
|clearpoke
|poke|p1|Diggersby, M
|poke|p1|Greninja, M
|poke|p1|Breloom, F
|poke|p1|Talonflame, F
|poke|p1|Malamar, F
|poke|p1|Zygarde
|poke|p2|Klefki, M
|poke|p2|Tyranitar, F
|poke|p2|Talonflame, M
|poke|p2|Aegislash, M
|poke|p2|Starmie
|poke|p2|Garchomp, M
|rule|Sleep Clause Mod: Limit one foe put to sleep
|rule|Species Clause: Limit one of each Pokemon
|rule|OHKO Clause: OHKO moves are banned
|rule|Moody Clause: Moody is banned
|rule|Evasion Moves Clause: Evasion moves are banned
|rule|HP Percentage Mod: HP is reported as percentages
|teampreview
|callback|decision
|
|start
|switch|p1a: Talonflame|Talonflame, F|298\/298
|switch|p2a: Klefki|Klefki, M|257\/257
|turn|1
|callback|decision
|
|move|p2a: Klefki|Thunder Wave|p1a: Talonflame
|-status|p1a: Talonflame|par
|move|p1a: Talonflame|Flare Blitz|p2a: Klefki
|-supereffective|p2a: Klefki
|-damage|p2a: Klefki|3\/257
|-damage|p1a: Talonflame|214\/298 par|[from] recoil|[of] p2a: Klefki
|
|turn|2
|callback|decision
|
|move|p2a: Klefki|Spikes|p1a: Talonflame
|-sidestart|p1: taw|Spikes
|cant|p1a: Talonflame|par
|
|turn|3
|callback|decision
|
|move|p2a: Klefki|Spikes|p1a: Talonflame
|-sidestart|p1: taw|Spikes
|move|p1a: Talonflame|Brave Bird|p2a: Klefki
|-resisted|p2a: Klefki
|-message|Klefki held on using its Focus Band! (placeholder)
|-damage|p2a: Klefki|1\/257
|-damage|p1a: Talonflame|213\/298 par|[from] recoil|[of] p2a: Klefki
|
|turn|4
|callback|decision
|
|move|p2a: Klefki|Spikes|p1a: Talonflame
|-sidestart|p1: taw|Spikes
|move|p1a: Talonflame|Flare Blitz|p2a: Klefki
|-supereffective|p2a: Klefki
|-message|Klefki held on using its Focus Band! (placeholder)
|-damage|p2a: Klefki|1\/257
|-damage|p1a: Talonflame|212\/298 par|[from] recoil|[of] p2a: Klefki
|
|turn|5
|callback|decision
|chat|taw|???
|
|move|p2a: Klefki|Play Rough|p1a: Talonflame
|-resisted|p1a: Talonflame
|-damage|p1a: Talonflame|140\/298 par
|move|p1a: Talonflame|Flare Blitz|p2a: Klefki
|-supereffective|p2a: Klefki
|-damage|p2a: Klefki|0 fnt
|-damage|p1a: Talonflame|139\/298 par|[from] recoil|[of] p2a: Klefki
|faint|p2a: Klefki
|
|callback|decision
|chat|linkfin|idk but lol
|chat|taw|isn't that like a 10% chance?
|chat|linkfin|yeah
|
|switch|p2a: Tyranitar|Tyranitar, F|404\/404
|-weather|Sandstorm
|turn|6
|callback|decision
|
|move|p1a: Talonflame|Brave Bird|p2a: Tyranitar
|-resisted|p2a: Tyranitar
|-damage|p2a: Tyranitar|305\/404
|-damage|p1a: Talonflame|106\/298 par|[from] recoil|[of] p2a: Tyranitar
|move|p2a: Tyranitar|Rock Slide|p1a: Talonflame
|-supereffective|p1a: Talonflame
|-damage|p1a: Talonflame|0 fnt
|faint|p1a: Talonflame
|
|-weather|Sandstorm|[upkeep]
|callback|decision
|
|switch|p1a: Breloom|Breloom, F|262\/262
|-damage|p1a: Breloom|197\/262|[from] Spikes
|turn|7
|callback|decision
|
|switch|p2a: Aegislash|Aegislash, M|324\/324
|move|p1a: Breloom|Mach Punch|p2a: Aegislash
|-immune|p2a: Aegislash|[msg]
|
|-weather|Sandstorm|[upkeep]
|-damage|p1a: Breloom|181\/262|[from] sandstorm
|turn|8
|callback|decision
|
|move|p1a: Breloom|Spore|p2a: Aegislash
|-status|p2a: Aegislash|slp
|cant|p2a: Aegislash|slp
|
|-weather|Sandstorm|[upkeep]
|-damage|p1a: Breloom|165\/262|[from] sandstorm
|turn|9
|callback|decision
|
|move|p1a: Breloom|Swords Dance|p1a: Breloom
|-boost|p1a: Breloom|atk|2
|cant|p2a: Aegislash|slp
|
|-weather|Sandstorm|[upkeep]
|-damage|p1a: Breloom|149\/262|[from] sandstorm
|turn|10
|callback|decision
|
|move|p1a: Breloom|Bullet Seed|p2a: Aegislash
|-resisted|p2a: Aegislash
|-damage|p2a: Aegislash|278\/324 slp
|-resisted|p2a: Aegislash
|-damage|p2a: Aegislash|231\/324 slp
|-resisted|p2a: Aegislash
|-damage|p2a: Aegislash|187\/324 slp
|-hitcount|p2a: Aegislash|3
|cant|p2a: Aegislash|slp
|
|-weather|none
|-heal|p2a: Aegislash|207\/324 slp|[from] item: Leftovers
|turn|11
|callback|decision
|
|move|p1a: Breloom|Bullet Seed|p2a: Aegislash
|-resisted|p2a: Aegislash
|-damage|p2a: Aegislash|158\/324 slp
|-resisted|p2a: Aegislash
|-damage|p2a: Aegislash|115\/324 slp
|-resisted|p2a: Aegislash
|-damage|p2a: Aegislash|71\/324 slp
|-resisted|p2a: Aegislash
|-damage|p2a: Aegislash|26\/324 slp
|-resisted|p2a: Aegislash
|-damage|p2a: Aegislash|0 fnt
|-hitcount|p2a: Aegislash|5
|faint|p2a: Aegislash
|
|callback|decision
|
|switch|p2a: Talonflame|Talonflame, M|298\/298
|turn|12
|callback|decision
|
|move|p1a: Breloom|Mach Punch|p2a: Talonflame
|-resisted|p2a: Talonflame
|-damage|p2a: Talonflame|151\/298
|move|p2a: Talonflame|Flame Charge|p1a: Breloom
|-supereffective|p1a: Breloom
|-damage|p1a: Breloom|0 fnt
|-boost|p2a: Talonflame|spe|1
|faint|p1a: Breloom
|
|-heal|p2a: Talonflame|169\/298|[from] item: Leftovers
|callback|decision
|
|switch|p1a: Zygarde|Zygarde|358\/358
|-damage|p1a: Zygarde|269\/358|[from] Spikes
|-message|The effects of aura abilities are reversed. (placeholder)
|turn|13
|callback|decision
|
|move|p2a: Talonflame|Acrobatics|p1a: Zygarde
|-damage|p1a: Zygarde|212\/358
|move|p1a: Zygarde|Dragon Dance|p1a: Zygarde
|-boost|p1a: Zygarde|atk|1
|-boost|p1a: Zygarde|spe|1
|
|-heal|p2a: Talonflame|187\/298|[from] item: Leftovers
|turn|14
|callback|decision
|
|move|p2a: Talonflame|Bulk Up|p2a: Talonflame
|-boost|p2a: Talonflame|atk|1
|-boost|p2a: Talonflame|def|1
|move|p1a: Zygarde|Dragon Dance|p1a: Zygarde
|-boost|p1a: Zygarde|atk|1
|-boost|p1a: Zygarde|spe|1
|
|-heal|p2a: Talonflame|205\/298|[from] item: Leftovers
|turn|15
|callback|decision
|
|move|p2a: Talonflame|Brave Bird|p1a: Zygarde
|-damage|p1a: Zygarde|10\/358
|-damage|p2a: Talonflame|138\/298|[from] recoil|[of] p1a: Zygarde
|move|p1a: Zygarde|Outrage|p2a: Talonflame
|-damage|p2a: Talonflame|0 fnt
|faint|p2a: Talonflame
|
|callback|decision
|
|switch|p2a: Tyranitar|Tyranitar, F|305\/404
|-weather|Sandstorm
|turn|16
|callback|decision
|chat|taw|wut is going on?
|
|move|p1a: Zygarde|Outrage|p2a: Tyranitar
|-damage|p2a: Tyranitar|0 fnt
|faint|p2a: Tyranitar
|
|-weather|Sandstorm|[upkeep]
|callback|decision
|
|switch|p2a: Starmie|Starmie|261\/261
|turn|17
|callback|decision
|
|move|p1a: Zygarde|Outrage|p2a: Starmie
|-crit|p2a: Starmie
|-damage|p2a: Starmie|0 fnt
|faint|p2a: Starmie
|
|-end|p1a: Zygarde|rampage
|-start|p1a: Zygarde|confusion
|-weather|Sandstorm|[upkeep]
|callback|decision
|
|switch|p2a: Garchomp|Garchomp, M|358\/358
|-enditem|p1a: Zygarde|Lum Berry|[eat]
|-end|p1a: Zygarde|confusion
|turn|18
|callback|decision
|-message|linkfin forfeited.
|
|win|taw
|raw|Ladder updating...
|leave|linkfin
|player|p2
|chat|taw|from 15% to 50% with a _1?
|raw|taw's rating: 1578 &rarr; <strong>1591<\/strong><br \/>(+13 for winning)
|raw|linkfin's rating: 1475 &rarr; <strong>1446<\/strong><br \/>(-29 for losing)