|join|taw
|join|Failey
|player|p1|taw|257
|player|p2|Failey|19
|gametype|singles
|tier|OU (beta)
|rated
|rule|Evasion Abilities Clause: Evasion abilities are banned
|clearpoke
|poke|p1|Crobat, F
|poke|p1|Diggersby, M
|poke|p1|Greninja, F
|poke|p1|Breloom, F
|poke|p1|Talonflame, M
|poke|p1|Malamar, M
|poke|p2|Scolipede, M
|poke|p2|Gardevoir, M
|poke|p2|Toxicroak, M
|poke|p2|Goodra, F
|poke|p2|Lapras, F
|poke|p2|Ditto, shiny
|rule|Sleep Clause Mod: Limit one foe put to sleep
|rule|Species Clause: Limit one of each Pokemon
|rule|OHKO Clause: OHKO moves are banned
|rule|Moody Clause: Moody is banned
|rule|Evasion Moves Clause: Evasion moves are banned
|rule|HP Percentage Mod: HP is reported as percentages
|teampreview
|callback|decision
|join|La Starla
|
|start
|switch|p1a: Breloom|Breloom, F|262\/262
|switch|p2a: buttfucker|Scolipede, M|293\/293
|turn|1
|callback|decision
|
|move|p2a: buttfucker|Poison Jab|p1a: Breloom
|-supereffective|p1a: Breloom
|-enditem|p1a: Breloom|Focus Sash
|-damage|p1a: Breloom|1\/262
|move|p1a: Breloom|Spore|p2a: buttfucker
|-status|p2a: buttfucker|slp
|
|-boost|p2a: buttfucker|spe|1|[from] ability: Speed Boost
|turn|2
|callback|decision
|
|cant|p2a: buttfucker|slp
|move|p1a: Breloom|Swords Dance|p1a: Breloom
|-boost|p1a: Breloom|atk|2
|
|-boost|p2a: buttfucker|spe|1|[from] ability: Speed Boost
|turn|3
|callback|decision
|
|move|p1a: Breloom|Mach Punch|p2a: buttfucker
|-resisted|p2a: buttfucker
|-damage|p2a: buttfucker|239\/293 slp
|-curestatus|p2a: buttfucker|slp
|move|p2a: buttfucker|Poison Jab|p1a: Breloom
|-supereffective|p1a: Breloom
|-damage|p1a: Breloom|0 fnt
|faint|p1a: Breloom
|
|-heal|p2a: buttfucker|257\/293|[from] item: Leftovers
|-boost|p2a: buttfucker|spe|1|[from] ability: Speed Boost
|callback|decision
|
|switch|p1a: Talonflame|Talonflame, M|298\/298
|turn|4
|callback|decision
|
|switch|p2a: under the sea|Lapras, F|463\/463
|move|p1a: Talonflame|Brave Bird|p2a: under the sea
|-damage|p2a: under the sea|297\/463
|-damage|p1a: Talonflame|243\/298|[from] recoil|[of] p2a: under the sea
|
|-heal|p2a: under the sea|325\/463|[from] item: Leftovers
|turn|5
|callback|decision
|
|switch|p1a: Malamar|Malamar, M|376\/376
|move|p2a: under the sea|Substitute|p2a: under the sea
|-start|p2a: under the sea|Substitute
|-damage|p2a: under the sea|210\/463
|
|-heal|p2a: under the sea|238\/463|[from] item: Leftovers
|turn|6
|callback|decision
|
|move|p2a: under the sea|Toxic|p1a: Malamar
|-status|p1a: Malamar|tox
|move|p1a: Malamar|Switcheroo|p2a: under the sea
|
|-heal|p2a: under the sea|266\/463|[from] item: Leftovers
|-damage|p1a: Malamar|353\/376 tox|[from] psn
|turn|7
|callback|decision
|-message|taw forfeited.
|
|win|Failey
|raw|Ladder updating...
|leave|taw
|player|p1
|raw|taw's rating: 1585 &rarr; <strong>1573<\/strong><br \/>(-12 for losing)
|raw|Failey's rating: 1198 &rarr; <strong>1467<\/strong><br \/>(+269 for winning)