|join|pastacontonno
|join|taw
|player|p1|pastacontonno|143
|player|p2|taw|257
|gametype|singles
|gen|6
|tier|OU (suspect test)
|rated
|clearpoke
|poke|p1|Landorus-Therian, M
|poke|p1|Skarmory, F
|poke|p1|Wobbuffet, M
|poke|p1|Suicune
|poke|p1|Talonflame, F
|poke|p1|Tyranitar, M
|poke|p2|Gliscor, M
|poke|p2|Rotom-Wash
|poke|p2|Chansey, F
|poke|p2|Pinsir, M
|poke|p2|Starmie
|poke|p2|Skarmory, F
|rule|Swagger Clause: Swagger is banned
|rule|Baton Pass Clause: Limit one PokÃ©mon knowing Baton Pass
|rule|Sleep Clause Mod: Limit one foe put to sleep
|rule|Species Clause: Limit one of each PokÃ©mon
|rule|OHKO Clause: OHKO moves are banned
|rule|Moody Clause: Moody is banned
|rule|Evasion Moves Clause: Evasion moves are banned
|rule|Endless Battle Clause: Forcing endless battles is banned
|rule|HP Percentage Mod: HP is shown in percentages
|teampreview
|
|start
|switch|p1a: Landorus-Therian|Landorus-Therian, M|365\/365
|switch|p2a: Rotom-Wash|Rotom-Wash|304\/304
|-ability|p1a: Landorus-Therian|Intimidate|[of] p2a: Rotom-Wash
|-unboost|p2a: Rotom-Wash|atk|1
|turn|1
|
|move|p1a: Landorus-Therian|Stealth Rock|p2a: Rotom-Wash
|-sidestart|p2: taw|move: Stealth Rock
|move|p2a: Rotom-Wash|Will-O-Wisp|p1a: Landorus-Therian
|-status|p1a: Landorus-Therian|brn
|
|-damage|p1a: Landorus-Therian|320\/365 brn|[from] brn
|turn|2
|
|switch|p1a: Wobbuffet|Wobbuffet, M|528\/528
|move|p2a: Rotom-Wash|Hydro Pump|p1a: Wobbuffet
|-damage|p1a: Wobbuffet|389\/528
|
|turn|3
|
|move|p2a: Rotom-Wash|Will-O-Wisp|p1a: Wobbuffet
|-status|p1a: Wobbuffet|brn
|move|p1a: Wobbuffet|Encore|p2a: Rotom-Wash
|-start|p2a: Rotom-Wash|Encore
|
|-damage|p1a: Wobbuffet|323\/528 brn|[from] brn
|turn|4
|
|switch|p1a: Talonflame|Talonflame, F|347\/347
|move|p2a: Rotom-Wash|Will-O-Wisp|p1a: Talonflame
|-fail|p1a: Talonflame
|
|turn|5
|
|move|p1a: Talonflame|Will-O-Wisp|p2a: Rotom-Wash
|-status|p2a: Rotom-Wash|brn
|move|p2a: Rotom-Wash|Will-O-Wisp|p1a: Talonflame
|-fail|p1a: Talonflame
|
|-damage|p2a: Rotom-Wash|266\/304 brn|[from] brn
|turn|6
|
|move|p1a: Talonflame|Brave Bird|p2a: Rotom-Wash
|-resisted|p2a: Rotom-Wash
|-damage|p2a: Rotom-Wash|221\/304 brn
|-damage|p1a: Talonflame|332\/347|[from] recoil|[of] p2a: Rotom-Wash
|move|p2a: Rotom-Wash|Will-O-Wisp|p1a: Talonflame
|-fail|p1a: Talonflame
|
|-heal|p1a: Talonflame|347\/347|[from] item: Leftovers
|-heal|p2a: Rotom-Wash|240\/304 brn|[from] item: Leftovers
|-damage|p2a: Rotom-Wash|202\/304 brn|[from] brn
|-end|p2a: Rotom-Wash|Encore
|turn|7
|
|switch|p1a: Suicune|Suicune|403\/403
|-ability|p1a: Suicune|Pressure
|move|p2a: Rotom-Wash|Volt Switch|p1a: Suicune
|-supereffective|p1a: Suicune
|-damage|p1a: Suicune|247\/403
|
|switch|p2a: Starmie|Starmie|261\/261
|-damage|p2a: Starmie|229\/261|[from] Stealth Rock
|
|-heal|p1a: Suicune|272\/403|[from] item: Leftovers
|turn|8
|
|move|p2a: Starmie|Trick|p1a: Suicune
|-activate|p2a: Starmie|move: Trick|[of] p1a: Suicune
|-item|p1a: Suicune|Choice Specs|[from] move: Trick
|-item|p2a: Starmie|Leftovers|[from] move: Trick
|move|p1a: Suicune|Calm Mind|p1a: Suicune
|-boost|p1a: Suicune|spa|1
|-boost|p1a: Suicune|spd|1
|
|-heal|p2a: Starmie|245\/261|[from] item: Leftovers
|turn|9
|
|switch|p1a: Tyranitar|Tyranitar, M|341\/341
|-weather|Sandstorm
|move|p2a: Starmie|Ice Beam|p1a: Tyranitar
|-damage|p1a: Tyranitar|262\/341
|
|-weather|Sandstorm|[upkeep]
|-damage|p2a: Starmie|229\/261|[from] sandstorm
|-heal|p2a: Starmie|245\/261|[from] item: Leftovers
|turn|10
|
|detailschange|p1a: Tyranitar|Tyranitar-Mega, M
|-mega|p1a: Tyranitar|Tyranitar|Tyranitarite
|move|p2a: Starmie|Hydro Pump|p1a: Tyranitar
|-crit|p1a: Tyranitar
|-supereffective|p1a: Tyranitar
|-damage|p1a: Tyranitar|0 fnt
|faint|p1a: Tyranitar
|
|-weather|Sandstorm|[upkeep]
|-damage|p2a: Starmie|229\/261|[from] sandstorm
|-heal|p2a: Starmie|245\/261|[from] item: Leftovers
|c|âpastacontonno|...
|c|âtaw|owwie
|
|switch|p1a: Wobbuffet|Wobbuffet, M|323\/528 brn
|turn|11
|
|move|p2a: Starmie|Trick|p1a: Wobbuffet
|-activate|p2a: Starmie|move: Trick|[of] p1a: Wobbuffet
|-item|p1a: Wobbuffet|Leftovers|[from] move: Trick
|-item|p2a: Starmie|Sitrus Berry|[from] move: Trick
|move|p1a: Wobbuffet|Encore|p2a: Starmie
|-start|p2a: Starmie|Encore
|
|-weather|Sandstorm|[upkeep]
|-damage|p2a: Starmie|229\/261|[from] sandstorm
|-damage|p1a: Wobbuffet|290\/528 brn|[from] sandstorm
|-heal|p1a: Wobbuffet|323\/528 brn|[from] item: Leftovers
|-damage|p1a: Wobbuffet|257\/528 brn|[from] brn
|turn|12
|
|move|p2a: Starmie|Trick|p1a: Wobbuffet
|-activate|p2a: Starmie|move: Trick|[of] p1a: Wobbuffet
|-item|p1a: Wobbuffet|Sitrus Berry|[from] move: Trick
|-item|p2a: Starmie|Leftovers|[from] move: Trick
|-enditem|p1a: Wobbuffet|Sitrus Berry|[eat]
|-heal|p1a: Wobbuffet|389\/528 brn|[from] item: Sitrus Berry
|move|p1a: Wobbuffet|Tickle|p2a: Starmie
|-unboost|p2a: Starmie|atk|1
|-unboost|p2a: Starmie|def|1
|
|-weather|Sandstorm|[upkeep]
|-damage|p2a: Starmie|213\/261|[from] sandstorm
|-damage|p1a: Wobbuffet|356\/528 brn|[from] sandstorm
|-heal|p2a: Starmie|229\/261|[from] item: Leftovers
|-damage|p1a: Wobbuffet|290\/528 brn|[from] brn
|turn|13
|
|switch|p1a: Suicune|Suicune|272\/403
|-ability|p1a: Suicune|Pressure
|move|p2a: Starmie|Trick|p1a: Suicune
|-activate|p2a: Starmie|move: Trick|[of] p1a: Suicune
|-item|p1a: Suicune|Leftovers|[from] move: Trick
|-item|p2a: Starmie|Choice Specs|[from] move: Trick
|
|-weather|none
|-heal|p1a: Suicune|297\/403|[from] item: Leftovers
|turn|14
|
|switch|p1a: Wobbuffet|Wobbuffet, M|290\/528 brn
|move|p2a: Starmie|Trick|p1a: Wobbuffet
|-activate|p2a: Starmie|move: Trick|[of] p1a: Wobbuffet
|-item|p1a: Wobbuffet|Choice Specs|[from] move: Trick
|
|-damage|p1a: Wobbuffet|224\/528 brn|[from] brn
|-end|p2a: Starmie|Encore
|turn|15
|
|move|p2a: Starmie|Hydro Pump|p1a: Wobbuffet
|-damage|p1a: Wobbuffet|64\/528 brn
|move|p1a: Wobbuffet|Mirror Coat|p2a: Starmie
|-damage|p2a: Starmie|0 fnt
|faint|p2a: Starmie
|
|-damage|p1a: Wobbuffet|0 fnt|[from] brn
|faint|p1a: Wobbuffet
|
|switch|p1a: Talonflame|Talonflame, F|347\/347
|switch|p2a: Skarmory|Skarmory, F|334\/334
|-damage|p2a: Skarmory|293\/334|[from] Stealth Rock
|turn|16
|
|switch|p2a: Rotom-Wash|Rotom-Wash|202\/304 brn
|-damage|p2a: Rotom-Wash|164\/304 brn|[from] Stealth Rock
|move|p1a: Talonflame|Taunt|p2a: Rotom-Wash
|-start|p2a: Rotom-Wash|move: Taunt
|
|-heal|p2a: Rotom-Wash|183\/304 brn|[from] item: Leftovers
|-damage|p2a: Rotom-Wash|145\/304 brn|[from] brn
|turn|17
|
|switch|p1a: Landorus-Therian|Landorus-Therian, M|320\/365 brn
|-ability|p1a: Landorus-Therian|Intimidate|[of] p2a: Rotom-Wash
|-unboost|p2a: Rotom-Wash|atk|1
|move|p2a: Rotom-Wash|Volt Switch|p1a: Landorus-Therian
|-immune|p1a: Landorus-Therian|[msg]
|
|-heal|p1a: Landorus-Therian|342\/365 brn|[from] item: Leftovers
|-heal|p2a: Rotom-Wash|164\/304 brn|[from] item: Leftovers
|-damage|p1a: Landorus-Therian|297\/365 brn|[from] brn
|-damage|p2a: Rotom-Wash|126\/304 brn|[from] brn
|turn|18
|
|move|p1a: Landorus-Therian|U-turn|p2a: Rotom-Wash
|-damage|p2a: Rotom-Wash|100\/304 brn
|
|switch|p1a: Suicune|Suicune|297\/403
|-ability|p1a: Suicune|Pressure
|move|p2a: Rotom-Wash|Volt Switch|p1a: Suicune
|-supereffective|p1a: Suicune
|-damage|p1a: Suicune|153\/403
|
|switch|p2a: Pinsir|Pinsir, M|272\/272
|-damage|p2a: Pinsir|204\/272|[from] Stealth Rock
|
|-heal|p1a: Suicune|178\/403|[from] item: Leftovers
|turn|19
|
|switch|p1a: Skarmory|Skarmory, F|333\/333
|detailschange|p2a: Pinsir|Pinsir-Mega, M
|-mega|p2a: Pinsir|Pinsir|Pinsirite
|move|p2a: Pinsir|Return|p1a: Skarmory
|-resisted|p1a: Skarmory
|-damage|p1a: Skarmory|246\/333
|-damage|p2a: Pinsir|159\/272|[from] item: Rocky Helmet|[of] p1a: Skarmory
|
|turn|20
|
|switch|p2a: Skarmory|Skarmory, F|293\/334
|-damage|p2a: Skarmory|252\/334|[from] Stealth Rock
|move|p1a: Skarmory|Whirlwind|p2a: Skarmory
|drag|p2a: Pinsir|Pinsir-Mega, M|159\/272
|-damage|p2a: Pinsir|23\/272|[from] Stealth Rock
|
|turn|21
|
|move|p2a: Pinsir|Return|p1a: Skarmory
|-resisted|p1a: Skarmory
|-damage|p1a: Skarmory|153\/333
|-damage|p2a: Pinsir|0 fnt|[from] item: Rocky Helmet|[of] p1a: Skarmory
|faint|p2a: Pinsir
|move|p1a: Skarmory|Roost|p1a: Skarmory
|-heal|p1a: Skarmory|320\/333
|
|
|switch|p2a: Chansey|Chansey, F|641\/641
|-damage|p2a: Chansey|561\/641|[from] Stealth Rock
|turn|22
|
|switch|p1a: Talonflame|Talonflame, F|347\/347
|move|p2a: Chansey|Stealth Rock|p1a: Talonflame
|-sidestart|p1: pastacontonno|move: Stealth Rock
|
|turn|23
|
|move|p1a: Talonflame|Taunt|p2a: Chansey
|-start|p2a: Chansey|move: Taunt
|move|p2a: Chansey|Seismic Toss|p1a: Talonflame
|-damage|p1a: Talonflame|247\/347
|
|-heal|p1a: Talonflame|268\/347|[from] item: Leftovers
|turn|24
|
|switch|p2a: Gliscor|Gliscor, M|352\/352
|-damage|p2a: Gliscor|308\/352|[from] Stealth Rock
|move|p1a: Talonflame|Brave Bird|p2a: Gliscor
|-damage|p2a: Gliscor|212\/352
|-damage|p1a: Talonflame|236\/347|[from] recoil|[of] p2a: Gliscor
|
|-heal|p1a: Talonflame|257\/347|[from] item: Leftovers
|-status|p2a: Gliscor|tox|[from] item: Toxic Orb
|turn|25
|
|switch|p1a: Skarmory|Skarmory, F|320\/333
|-damage|p1a: Skarmory|279\/333|[from] Stealth Rock
|move|p2a: Gliscor|Protect|p2a: Gliscor
|-fail|p2a: Gliscor
|
|-heal|p2a: Gliscor|256\/352 tox|[from] ability: Poison Heal
|turn|26
|
|move|p2a: Gliscor|Protect|p2a: Gliscor
|-singleturn|p2a: Gliscor|Protect
|move|p1a: Skarmory|Defog|p2a: Gliscor
|-activate|p2a: Gliscor|Protect
|
|-heal|p2a: Gliscor|300\/352 tox|[from] ability: Poison Heal
|turn|27
|
|switch|p2a: Rotom-Wash|Rotom-Wash|100\/304 brn
|-damage|p2a: Rotom-Wash|62\/304 brn|[from] Stealth Rock
|move|p1a: Skarmory|Whirlwind|p2a: Rotom-Wash
|drag|p2a: Skarmory|Skarmory, F|252\/334
|-damage|p2a: Skarmory|211\/334|[from] Stealth Rock
|
|-heal|p2a: Skarmory|231\/334|[from] item: Leftovers
|turn|28
|
|move|p1a: Skarmory|Roost|p1a: Skarmory
|-heal|p1a: Skarmory|333\/333
|move|p2a: Skarmory|Whirlwind|p1a: Skarmory
|drag|p1a: Suicune|Suicune|178\/403
|-damage|p1a: Suicune|128\/403|[from] Stealth Rock
|-ability|p1a: Suicune|Pressure
|
|-heal|p1a: Suicune|153\/403|[from] item: Leftovers
|-heal|p2a: Skarmory|251\/334|[from] item: Leftovers
|turn|29
|
|move|p1a: Suicune|Scald|p2a: Skarmory
|-damage|p2a: Skarmory|134\/334
|move|p2a: Skarmory|Whirlwind|p1a: Suicune
|drag|p1a: Talonflame|Talonflame, F|257\/347
|-damage|p1a: Talonflame|84\/347|[from] Stealth Rock
|
|-heal|p1a: Talonflame|105\/347|[from] item: Leftovers
|-heal|p2a: Skarmory|154\/334|[from] item: Leftovers
|turn|30
|
|move|p1a: Talonflame|Taunt|p2a: Skarmory
|-start|p2a: Skarmory|move: Taunt
|cant|p2a: Skarmory|move: Taunt|Roost
|
|-heal|p1a: Talonflame|126\/347|[from] item: Leftovers
|-heal|p2a: Skarmory|174\/334|[from] item: Leftovers
|turn|31
|
|switch|p2a: Chansey|Chansey, F|561\/641
|-damage|p2a: Chansey|481\/641|[from] Stealth Rock
|move|p1a: Talonflame|Roost|p1a: Talonflame
|-heal|p1a: Talonflame|300\/347
|
|-heal|p1a: Talonflame|321\/347|[from] item: Leftovers
|turn|32
|
|move|p1a: Talonflame|Taunt|p2a: Chansey
|-start|p2a: Chansey|move: Taunt
|cant|p2a: Chansey|move: Taunt|Thunder Wave
|
|-heal|p1a: Talonflame|342\/347|[from] item: Leftovers
|turn|33
|
|switch|p2a: Gliscor|Gliscor, M|300\/352 tox
|-damage|p2a: Gliscor|256\/352 tox|[from] Stealth Rock
|move|p1a: Talonflame|Brave Bird|p2a: Gliscor
|-damage|p2a: Gliscor|165\/352 tox
|-damage|p1a: Talonflame|312\/347|[from] recoil|[of] p2a: Gliscor
|
|-heal|p1a: Talonflame|333\/347|[from] item: Leftovers
|-heal|p2a: Gliscor|209\/352 tox|[from] ability: Poison Heal
|turn|34
|
|move|p2a: Gliscor|Protect|p2a: Gliscor
|-singleturn|p2a: Gliscor|Protect
|move|p1a: Talonflame|Brave Bird|p2a: Gliscor
|-activate|p2a: Gliscor|Protect
|
|-heal|p1a: Talonflame|347\/347|[from] item: Leftovers
|-heal|p2a: Gliscor|253\/352 tox|[from] ability: Poison Heal
|turn|35
|
|move|p1a: Talonflame|Taunt|p2a: Gliscor
|-start|p2a: Gliscor|move: Taunt
|cant|p2a: Gliscor|move: Taunt|Toxic
|
|-heal|p2a: Gliscor|297\/352 tox|[from] ability: Poison Heal
|turn|36
|
|move|p1a: Talonflame|Brave Bird|p2a: Gliscor
|-damage|p2a: Gliscor|200\/352 tox
|-damage|p1a: Talonflame|315\/347|[from] recoil|[of] p2a: Gliscor
|move|p2a: Gliscor|Earthquake|p1a: Talonflame
|-immune|p1a: Talonflame|[msg]
|
|-heal|p1a: Talonflame|336\/347|[from] item: Leftovers
|-heal|p2a: Gliscor|244\/352 tox|[from] ability: Poison Heal
|turn|37
|
|switch|p2a: Skarmory|Skarmory, F|174\/334
|-damage|p2a: Skarmory|133\/334|[from] Stealth Rock
|move|p1a: Talonflame|Brave Bird|p2a: Skarmory
|-resisted|p2a: Skarmory
|-damage|p2a: Skarmory|98\/334
|-damage|p1a: Talonflame|324\/347|[from] recoil|[of] p2a: Skarmory
|
|-heal|p1a: Talonflame|345\/347|[from] item: Leftovers
|-heal|p2a: Skarmory|118\/334|[from] item: Leftovers
|turn|38
|
|move|p1a: Talonflame|Will-O-Wisp|p2a: Skarmory
|-status|p2a: Skarmory|brn
|move|p2a: Skarmory|Roost|p2a: Skarmory
|-heal|p2a: Skarmory|285\/334 brn
|
|-heal|p1a: Talonflame|347\/347|[from] item: Leftovers
|-heal|p2a: Skarmory|305\/334 brn|[from] item: Leftovers
|-damage|p2a: Skarmory|264\/334 brn|[from] brn
|turn|39
|
|move|p1a: Talonflame|Taunt|p2a: Skarmory
|-start|p2a: Skarmory|move: Taunt
|cant|p2a: Skarmory|move: Taunt|Whirlwind
|
|-heal|p2a: Skarmory|284\/334 brn|[from] item: Leftovers
|-damage|p2a: Skarmory|243\/334 brn|[from] brn
|turn|40
|
|switch|p2a: Rotom-Wash|Rotom-Wash|62\/304 brn
|-damage|p2a: Rotom-Wash|24\/304 brn|[from] Stealth Rock
|move|p1a: Talonflame|Brave Bird|p2a: Rotom-Wash
|-resisted|p2a: Rotom-Wash
|-damage|p2a: Rotom-Wash|0 fnt
|-damage|p1a: Talonflame|339\/347|[from] recoil|[of] p2a: Rotom-Wash
|faint|p2a: Rotom-Wash
|
|-heal|p1a: Talonflame|347\/347|[from] item: Leftovers
|-message|taw forfeited.
|leave|taw
|
|win|pastacontonno
|raw|Ladder updating...
|player|p2
|raw|pastacontonno's rating: 1040 &rarr; <strong>1081<\/strong><br \/>(+41 for winning)
|raw|taw's rating: 1113 &rarr; <strong>1083<\/strong><br \/>(-30 for losing)