|join|taw
|join|Glue-Gia
|player|p1|taw|1
|player|p2|Glue-Gia|96
|gametype|singles
|tier|Pokebank OU (beta)
|rated
|clearpoke
|poke|p1|Kangaskhan, F
|poke|p1|Tyranitar, F
|poke|p1|Rotom-Wash
|poke|p1|Volcarona, M
|poke|p1|Mandibuzz, F
|poke|p1|Genesect
|poke|p2|Landorus-Therian, M
|poke|p2|Trevenant, M
|poke|p2|Gyarados, M
|poke|p2|Heatran, F
|poke|p2|Tyranitar, F
|poke|p2|Chansey, F
|rule|Sleep Clause Mod: Limit one foe put to sleep
|rule|Species Clause: Limit one of each Pokemon
|rule|Moody Clause: Moody is banned
|rule|OHKO Clause: OHKO moves are banned
|rule|Evasion Moves Clause: Evasion moves are banned
|rule|HP Percentage Mod: HP is reported as percentages
|teampreview
|callback|decision
|
|start
|switch|p1a: Kangaskhan|Kangaskhan, F|414\/414
|switch|p2a: Landorus-Therian|Landorus-Therian, M|381\/381
|-ability|p2a: Landorus-Therian|Intimidate|[of] p1a: Kangaskhan
|-unboost|p1a: Kangaskhan|atk|1
|turn|1
|callback|decision
|
|switch|p2a: Trevenant|Trevenant, M|374\/374
|-formechange|p1a: Kangaskhan|Kangaskhan-Mega
|message|Kangaskhan has Mega Evolved into Mega Kangaskhan!
|move|p1a: Kangaskhan|Crunch|p2a: Trevenant
|-supereffective|p2a: Trevenant
|-damage|p2a: Trevenant|254\/374
|-supereffective|p2a: Trevenant
|-damage|p2a: Trevenant|192\/374
|-hitcount|p2a: Trevenant|2
|
|-heal|p2a: Trevenant|215\/374|[from] item: Leftovers
|turn|2
|callback|decision
|
|switch|p1a: Volcarona|Volcarona, M|374\/374
|move|p2a: Trevenant|Leech Seed|p1a: Volcarona
|-start|p1a: Volcarona|move: Leech Seed
|
|-heal|p2a: Trevenant|238\/374|[from] item: Leftovers
|-damage|p1a: Volcarona|328\/374|[from] Leech Seed|[of] p2a: Trevenant
|-heal|p2a: Trevenant|284\/374|[silent]
|turn|3
|callback|decision
|
|switch|p2a: Gyarados|Gyarados, M|394\/394
|-ability|p2a: Gyarados|Intimidate|[of] p1a: Volcarona
|-unboost|p1a: Volcarona|atk|1
|move|p1a: Volcarona|Quiver Dance|p1a: Volcarona
|-boost|p1a: Volcarona|spa|1
|-boost|p1a: Volcarona|spd|1
|-boost|p1a: Volcarona|spe|1
|
|-heal|p1a: Volcarona|351\/374|[from] item: Leftovers
|-damage|p1a: Volcarona|305\/374|[from] Leech Seed|[of] p2a: Gyarados
|turn|4
|callback|decision
|
|move|p1a: Volcarona|Giga Drain|p2a: Gyarados
|-damage|p2a: Gyarados|308\/394
|-heal|p1a: Volcarona|348\/374|[from] drain|[of] p2a: Gyarados
|move|p2a: Gyarados|Thunder Wave|p1a: Volcarona
|-status|p1a: Volcarona|par
|
|-heal|p2a: Gyarados|332\/394|[from] item: Leftovers
|-heal|p1a: Volcarona|371\/374 par|[from] item: Leftovers
|-damage|p1a: Volcarona|325\/374 par|[from] Leech Seed|[of] p2a: Gyarados
|-heal|p2a: Gyarados|378\/394|[silent]
|turn|5
|callback|decision
|
|move|p2a: Gyarados|Waterfall|p1a: Volcarona
|-supereffective|p1a: Volcarona
|-damage|p1a: Volcarona|85\/374 par
|-status|p2a: Gyarados|brn
|move|p1a: Volcarona|Quiver Dance|p1a: Volcarona
|-boost|p1a: Volcarona|spa|1
|-boost|p1a: Volcarona|spd|1
|-boost|p1a: Volcarona|spe|1
|
|-heal|p2a: Gyarados|394\/394 brn|[from] item: Leftovers
|-heal|p1a: Volcarona|108\/374 par|[from] item: Leftovers
|-damage|p1a: Volcarona|62\/374 par|[from] Leech Seed|[of] p2a: Gyarados
|-damage|p2a: Gyarados|345\/394 brn|[from] brn
|turn|6
|callback|decision
|
|move|p2a: Gyarados|Waterfall|p1a: Volcarona
|-supereffective|p1a: Volcarona
|-damage|p1a: Volcarona|0 fnt
|faint|p1a: Volcarona
|
|-heal|p2a: Gyarados|369\/394 brn|[from] item: Leftovers
|-damage|p2a: Gyarados|320\/394 brn|[from] brn
|callback|decision
|
|switch|p1a: Kangaskhan|Kangaskhan, F|414\/414
|-formechange|p1a: Kangaskhan|Kangaskhan-Mega
|turn|7
|callback|decision
|
|move|p1a: Kangaskhan|Power-Up Punch|p2a: Gyarados
|-resisted|p2a: Gyarados
|-damage|p2a: Gyarados|291\/394 brn
|-boost|p1a: Kangaskhan|atk|1
|-resisted|p2a: Gyarados
|-damage|p2a: Gyarados|268\/394 brn
|-boost|p1a: Kangaskhan|atk|1
|-hitcount|p2a: Gyarados|2
|move|p2a: Gyarados|Thunder Wave|p1a: Kangaskhan
|-status|p1a: Kangaskhan|par
|
|-heal|p2a: Gyarados|292\/394 brn|[from] item: Leftovers
|-damage|p2a: Gyarados|243\/394 brn|[from] brn
|turn|8
|callback|decision
|
|cant|p1a: Kangaskhan|par
|move|p2a: Gyarados|Dragon Tail|p1a: Kangaskhan
|-damage|p1a: Kangaskhan|387\/414 par
|drag|p1a: Tyranitar|Tyranitar, F|404\/404
|-weather|Sandstorm
|
|-weather|Sandstorm|[upkeep]
|-damage|p2a: Gyarados|219\/394 brn|[from] sandstorm
|-heal|p2a: Gyarados|243\/394 brn|[from] item: Leftovers
|-damage|p2a: Gyarados|194\/394 brn|[from] brn
|turn|9
|callback|decision
|
|move|p2a: Gyarados|Thunder Wave|p1a: Tyranitar
|-status|p1a: Tyranitar|par
|move|p1a: Tyranitar|Stealth Rock|p2a: Gyarados
|-sidestart|p2: Glue-Gia|move: Stealth Rock
|
|-weather|Sandstorm|[upkeep]
|-damage|p2a: Gyarados|170\/394 brn|[from] sandstorm
|-heal|p2a: Gyarados|194\/394 brn|[from] item: Leftovers
|-damage|p2a: Gyarados|145\/394 brn|[from] brn
|turn|10
|callback|decision
|
|move|p2a: Gyarados|Waterfall|p1a: Tyranitar
|-supereffective|p1a: Tyranitar
|-damage|p1a: Tyranitar|302\/404 par
|move|p1a: Tyranitar|Dragon Dance|p1a: Tyranitar
|-boost|p1a: Tyranitar|atk|1
|-boost|p1a: Tyranitar|spe|1
|
|-weather|Sandstorm|[upkeep]
|-damage|p2a: Gyarados|121\/394 brn|[from] sandstorm
|-heal|p2a: Gyarados|145\/394 brn|[from] item: Leftovers
|-heal|p1a: Tyranitar|327\/404 par|[from] item: Leftovers
|-damage|p2a: Gyarados|96\/394 brn|[from] brn
|turn|11
|callback|decision
|
|cant|p1a: Tyranitar|par
|move|p2a: Gyarados|Dragon Tail|p1a: Tyranitar
|-damage|p1a: Tyranitar|298\/404 par
|drag|p1a: Mandibuzz|Mandibuzz, F|424\/424
|
|-weather|Sandstorm|[upkeep]
|-damage|p2a: Gyarados|72\/394 brn|[from] sandstorm
|-damage|p1a: Mandibuzz|398\/424|[from] sandstorm
|-heal|p2a: Gyarados|96\/394 brn|[from] item: Leftovers
|-heal|p1a: Mandibuzz|424\/424|[from] item: Leftovers
|-damage|p2a: Gyarados|47\/394 brn|[from] brn
|turn|12
|callback|decision
|
|move|p2a: Gyarados|Thunder Wave|p1a: Mandibuzz
|-status|p1a: Mandibuzz|par
|move|p1a: Mandibuzz|Knock Off|p2a: Gyarados
|-damage|p2a: Gyarados|0 fnt
|faint|p2a: Gyarados
|
|-weather|none
|callback|decision
|
|switch|p2a: Landorus-Therian|Landorus-Therian, M|381\/381
|-damage|p2a: Landorus-Therian|334\/381|[from] Stealth Rock
|-ability|p2a: Landorus-Therian|Intimidate|[of] p1a: Mandibuzz
|-unboost|p1a: Mandibuzz|atk|1
|turn|13
|callback|decision
|
|move|p2a: Landorus-Therian|Stone Edge|p1a: Mandibuzz
|-supereffective|p1a: Mandibuzz
|-damage|p1a: Mandibuzz|268\/424 par
|move|p1a: Mandibuzz|Toxic|p2a: Landorus-Therian
|-status|p2a: Landorus-Therian|tox
|
|-heal|p2a: Landorus-Therian|357\/381 tox|[from] item: Leftovers
|-heal|p1a: Mandibuzz|294\/424 par|[from] item: Leftovers
|-damage|p2a: Landorus-Therian|334\/381 tox|[from] psn
|turn|14
|callback|decision
|
|move|p2a: Landorus-Therian|Stealth Rock|p1a: Mandibuzz
|-sidestart|p1: taw|move: Stealth Rock
|move|p1a: Mandibuzz|Roost|p1a: Mandibuzz
|-heal|p1a: Mandibuzz|424\/424 par
|
|-heal|p2a: Landorus-Therian|357\/381 tox|[from] item: Leftovers
|-damage|p2a: Landorus-Therian|311\/381 tox|[from] psn
|turn|15
|callback|decision
|
|switch|p2a: Tyranitar|Tyranitar, F|342\/342
|-damage|p2a: Tyranitar|300\/342|[from] Stealth Rock
|-weather|Sandstorm
|move|p1a: Mandibuzz|Knock Off|p2a: Tyranitar
|-resisted|p2a: Tyranitar
|-damage|p2a: Tyranitar|286\/342
|
|-weather|Sandstorm|[upkeep]
|-damage|p1a: Mandibuzz|398\/424 par|[from] sandstorm
|-heal|p1a: Mandibuzz|424\/424 par|[from] item: Leftovers
|turn|16
|callback|decision
|
|-formechange|p2a: Tyranitar|Tyranitar-Mega
|message|Tyranitar has Mega Evolved into Mega Tyranitar!
|move|p2a: Tyranitar|Dragon Dance|p2a: Tyranitar
|-boost|p2a: Tyranitar|atk|1
|-boost|p2a: Tyranitar|spe|1
|move|p1a: Mandibuzz|Toxic|p2a: Tyranitar
|-status|p2a: Tyranitar|tox
|
|-weather|Sandstorm|[upkeep]
|-damage|p1a: Mandibuzz|398\/424 par|[from] sandstorm
|-heal|p1a: Mandibuzz|424\/424 par|[from] item: Leftovers
|-damage|p2a: Tyranitar|265\/342 tox|[from] psn
|turn|17
|callback|decision
|
|move|p2a: Tyranitar|Dragon Dance|p2a: Tyranitar
|-boost|p2a: Tyranitar|atk|1
|-boost|p2a: Tyranitar|spe|1
|move|p1a: Mandibuzz|Roost|p1a: Mandibuzz
|-fail|p1a: Mandibuzz
|
|-weather|Sandstorm|[upkeep]
|-damage|p1a: Mandibuzz|398\/424 par|[from] sandstorm
|-heal|p1a: Mandibuzz|424\/424 par|[from] item: Leftovers
|-damage|p2a: Tyranitar|223\/342 tox|[from] psn
|turn|18
|callback|decision
|
|move|p2a: Tyranitar|Stone Edge|p1a: Mandibuzz|[miss]
|-miss|p2a: Tyranitar|p1a: Mandibuzz
|move|p1a: Mandibuzz|Roost|p1a: Mandibuzz
|-fail|p1a: Mandibuzz
|
|-weather|Sandstorm|[upkeep]
|-damage|p1a: Mandibuzz|398\/424 par|[from] sandstorm
|-heal|p1a: Mandibuzz|424\/424 par|[from] item: Leftovers
|-damage|p2a: Tyranitar|160\/342 tox|[from] psn
|turn|19
|callback|decision
|
|move|p2a: Tyranitar|Stone Edge|p1a: Mandibuzz|[miss]
|-miss|p2a: Tyranitar|p1a: Mandibuzz
|move|p1a: Mandibuzz|Roost|p1a: Mandibuzz
|-fail|p1a: Mandibuzz
|
|-weather|none
|-damage|p2a: Tyranitar|76\/342 tox|[from] psn
|turn|20
|callback|decision
|
|switch|p2a: Landorus-Therian|Landorus-Therian, M|311\/381 tox
|-damage|p2a: Landorus-Therian|264\/381 tox|[from] Stealth Rock
|-ability|p2a: Landorus-Therian|Intimidate|[of] p1a: Mandibuzz
|-unboost|p1a: Mandibuzz|atk|1
|move|p1a: Mandibuzz|Defog|p2a: Landorus-Therian
|-unboost|p2a: Landorus-Therian|evasion|1
|-sideend|p2: Glue-Gia|Stealth Rock|[from] move: Defog|[of] p2a: Landorus-Therian
|-sideend|p1: taw|Stealth Rock|[from] move: Defog|[of] p1a: Mandibuzz
|
|-heal|p2a: Landorus-Therian|287\/381 tox|[from] item: Leftovers
|-damage|p2a: Landorus-Therian|264\/381 tox|[from] psn
|turn|21
|callback|decision
|
|move|p2a: Landorus-Therian|U-turn|p1a: Mandibuzz
|-crit|p1a: Mandibuzz
|-damage|p1a: Mandibuzz|351\/424 par
|callback|decision
|
|switch|p2a: Heatran|Heatran, F|386\/386
|cant|p1a: Mandibuzz|par
|
|-heal|p1a: Mandibuzz|377\/424 par|[from] item: Leftovers
|turn|22
|callback|decision
|
|move|p2a: Heatran|Flamethrower|p1a: Mandibuzz
|-crit|p1a: Mandibuzz
|-damage|p1a: Mandibuzz|187\/424 par
|cant|p1a: Mandibuzz|par
|
|-heal|p1a: Mandibuzz|213\/424 par|[from] item: Leftovers
|turn|23
|callback|decision
|
|move|p2a: Heatran|Flamethrower|p1a: Mandibuzz
|-damage|p1a: Mandibuzz|66\/424 par
|move|p1a: Mandibuzz|Knock Off|p2a: Heatran
|-damage|p2a: Heatran|349\/386
|-enditem|p2a: Heatran|Leftovers|[from] move: Knock Off|[of] p1a: Mandibuzz
|
|-heal|p1a: Mandibuzz|92\/424 par|[from] item: Leftovers
|turn|24
|callback|decision
|
|switch|p1a: Rotom-Wash|Rotom-Wash|304\/304
|move|p2a: Heatran|Flamethrower|p1a: Rotom-Wash
|-resisted|p1a: Rotom-Wash
|-damage|p1a: Rotom-Wash|262\/304
|
|turn|25
|callback|decision
|
|switch|p2a: Chansey|Chansey, F|641\/641
|move|p1a: Rotom-Wash|Trick|p2a: Chansey
|-activate|p1a: Rotom-Wash|move: Trick|[of] p2a: Chansey
|-item|p2a: Chansey|Choice Scarf|[from] move: Trick
|-item|p1a: Rotom-Wash|Eviolite|[from] move: Trick
|
|turn|26
|callback|decision
|
|move|p1a: Rotom-Wash|Volt Switch|p2a: Chansey
|-damage|p2a: Chansey|578\/641
|callback|decision
|
|switch|p1a: Kangaskhan|Kangaskhan, F|387\/414 par
|-formechange|p1a: Kangaskhan|Kangaskhan-Mega
|move|p2a: Chansey|Wish|p2a: Chansey
|
|turn|27
|callback|decision
|
|switch|p2a: Landorus-Therian|Landorus-Therian, M|264\/381 tox
|-ability|p2a: Landorus-Therian|Intimidate|[of] p1a: Kangaskhan
|-unboost|p1a: Kangaskhan|atk|1
|move|p1a: Kangaskhan|Power-Up Punch|p2a: Landorus-Therian
|-resisted|p2a: Landorus-Therian
|-damage|p2a: Landorus-Therian|249\/381 tox
|-boost|p1a: Kangaskhan|atk|1
|-crit|p2a: Landorus-Therian
|-resisted|p2a: Landorus-Therian
|-damage|p2a: Landorus-Therian|230\/381 tox
|-boost|p1a: Kangaskhan|atk|1
|-hitcount|p2a: Landorus-Therian|2
|
|-heal|p2a: Landorus-Therian|381\/381 tox|[from] move: Wish|[wisher] Chansey
|-damage|p2a: Landorus-Therian|358\/381 tox|[from] psn
|turn|28
|callback|decision
|
|move|p2a: Landorus-Therian|Stealth Rock|p1a: Kangaskhan
|-sidestart|p1: taw|move: Stealth Rock
|move|p1a: Kangaskhan|Return|p2a: Landorus-Therian
|-damage|p2a: Landorus-Therian|94\/381 tox
|-damage|p2a: Landorus-Therian|0 fnt
|-hitcount|p2a: Landorus-Therian|2
|faint|p2a: Landorus-Therian
|
|callback|decision
|
|switch|p2a: Trevenant|Trevenant, M|284\/374
|turn|29
|callback|decision
|
|move|p2a: Trevenant|Leech Seed|p1a: Kangaskhan
|-start|p1a: Kangaskhan|move: Leech Seed
|move|p1a: Kangaskhan|Crunch|p2a: Trevenant
|-supereffective|p2a: Trevenant
|-damage|p2a: Trevenant|2\/374
|-supereffective|p2a: Trevenant
|-damage|p2a: Trevenant|0 fnt
|-hitcount|p2a: Trevenant|2
|faint|p2a: Trevenant
|
|callback|decision
|
|switch|p2a: Heatran|Heatran, F|349\/386
|turn|30
|callback|decision
|
|move|p2a: Heatran|Flamethrower|p1a: Kangaskhan
|-damage|p1a: Kangaskhan|264\/414 par
|cant|p1a: Kangaskhan|par
|
|-damage|p1a: Kangaskhan|213\/414 par|[from] Leech Seed|[of] p2a: Heatran
|-heal|p2a: Heatran|386\/386|[silent]
|turn|31
|callback|decision
|
|move|p2a: Heatran|Flamethrower|p1a: Kangaskhan
|-damage|p1a: Kangaskhan|87\/414 par
|cant|p1a: Kangaskhan|par
|
|-damage|p1a: Kangaskhan|36\/414 par|[from] Leech Seed|[of] p2a: Heatran
|turn|32
|callback|decision
|
|move|p1a: Kangaskhan|Sucker Punch|p2a: Heatran
|-damage|p2a: Heatran|247\/386
|-damage|p2a: Heatran|172\/386
|-hitcount|p2a: Heatran|2
|move|p2a: Heatran|Flamethrower|p1a: Kangaskhan
|-damage|p1a: Kangaskhan|0 fnt
|faint|p1a: Kangaskhan
|
|callback|decision
|
|switch|p1a: Rotom-Wash|Rotom-Wash|262\/304
|-damage|p1a: Rotom-Wash|224\/304|[from] Stealth Rock
|turn|33
|callback|decision
|
|switch|p2a: Chansey|Chansey, F|578\/641
|move|p1a: Rotom-Wash|Hydro Pump|p2a: Chansey
|-damage|p2a: Chansey|473\/641
|
|turn|34
|callback|decision
|
|move|p1a: Rotom-Wash|Will-O-Wisp|p2a: Chansey
|-status|p2a: Chansey|brn
|move|p2a: Chansey|Heal Bell|p2a: Chansey
|-cureteam|p2a: Chansey|[from] move: HealBell
|
|turn|35
|callback|decision
|
|switch|p2a: Heatran|Heatran, F|172\/386
|move|p1a: Rotom-Wash|Volt Switch|p2a: Heatran
|-damage|p2a: Heatran|109\/386
|callback|decision
|
|switch|p1a: Genesect|Genesect|283\/283
|-damage|p1a: Genesect|248\/283|[from] Stealth Rock
|-boost|p1a: Genesect|atk|1|[from] ability: Download
|
|turn|36
|callback|decision
|
|move|p1a: Genesect|U-turn|p2a: Heatran
|-resisted|p2a: Heatran
|-damage|p2a: Heatran|73\/386
|callback|decision
|
|switch|p1a: Tyranitar|Tyranitar, F|298\/404 par
|-damage|p1a: Tyranitar|248\/404 par|[from] Stealth Rock
|-weather|Sandstorm
|move|p2a: Heatran|Flamethrower|p1a: Tyranitar
|-resisted|p1a: Tyranitar
|-damage|p1a: Tyranitar|216\/404 par
|
|-weather|Sandstorm|[upkeep]
|-heal|p1a: Tyranitar|241\/404 par|[from] item: Leftovers
|turn|37
|callback|decision
|
|move|p2a: Heatran|Earth Power|p1a: Tyranitar
|-supereffective|p1a: Tyranitar
|-damage|p1a: Tyranitar|151\/404 par
|move|p1a: Tyranitar|Stealth Rock|p2a: Heatran
|-sidestart|p2: Glue-Gia|move: Stealth Rock
|
|-weather|Sandstorm|[upkeep]
|-heal|p1a: Tyranitar|176\/404 par|[from] item: Leftovers
|turn|38
|callback|decision
|
|move|p2a: Heatran|Earth Power|p1a: Tyranitar
|-crit|p1a: Tyranitar
|-supereffective|p1a: Tyranitar
|-damage|p1a: Tyranitar|56\/404 par
|cant|p1a: Tyranitar|par
|
|-weather|Sandstorm|[upkeep]
|-heal|p1a: Tyranitar|81\/404 par|[from] item: Leftovers
|turn|39
|callback|decision
|
|move|p2a: Heatran|Earth Power|p1a: Tyranitar
|-supereffective|p1a: Tyranitar
|-damage|p1a: Tyranitar|0 fnt
|faint|p1a: Tyranitar
|
|-weather|Sandstorm|[upkeep]
|callback|decision
|
|switch|p1a: Rotom-Wash|Rotom-Wash|224\/304
|-damage|p1a: Rotom-Wash|186\/304|[from] Stealth Rock
|turn|40
|callback|decision
|
|switch|p2a: Chansey|Chansey, F|473\/641
|-damage|p2a: Chansey|393\/641|[from] Stealth Rock
|move|p1a: Rotom-Wash|Volt Switch|p2a: Chansey
|-damage|p2a: Chansey|324\/641
|callback|decision
|
|switch|p1a: Genesect|Genesect|248\/283
|-damage|p1a: Genesect|213\/283|[from] Stealth Rock
|-boost|p1a: Genesect|atk|1|[from] ability: Download
|
|-weather|none
|turn|41
|callback|decision
|
|move|p1a: Genesect|U-turn|p2a: Chansey
|-damage|p2a: Chansey|54\/641
|callback|decision
|
|switch|p1a: Rotom-Wash|Rotom-Wash|186\/304
|-damage|p1a: Rotom-Wash|148\/304|[from] Stealth Rock
|move|p2a: Chansey|Wish|p2a: Chansey
|
|turn|42
|callback|decision
|
|switch|p2a: Heatran|Heatran, F|73\/386
|-damage|p2a: Heatran|25\/386|[from] Stealth Rock
|move|p1a: Rotom-Wash|Hydro Pump|p2a: Heatran
|-supereffective|p2a: Heatran
|-damage|p2a: Heatran|0 fnt
|faint|p2a: Heatran
|
|callback|decision
|
|switch|p2a: Tyranitar|Tyranitar, F|76\/342
|-formechange|p2a: Tyranitar|Tyranitar-Mega
|-damage|p2a: Tyranitar|34\/342|[from] Stealth Rock
|-weather|Sandstorm
|turn|43
|callback|decision
|
|move|p2a: Tyranitar|Stone Edge|p1a: Rotom-Wash
|-damage|p1a: Rotom-Wash|0 fnt
|faint|p1a: Rotom-Wash
|
|-weather|Sandstorm|[upkeep]
|callback|decision
|
|switch|p1a: Genesect|Genesect|213\/283
|-damage|p1a: Genesect|178\/283|[from] Stealth Rock
|-boost|p1a: Genesect|spa|1|[from] ability: Download
|turn|44
|callback|decision
|
|move|p1a: Genesect|U-turn|p2a: Tyranitar
|-supereffective|p2a: Tyranitar
|-damage|p2a: Tyranitar|0 fnt
|faint|p2a: Tyranitar
|callback|decision
|
|switch|p1a: Mandibuzz|Mandibuzz, F|92\/424 par
|-damage|p1a: Mandibuzz|0 fnt|[from] Stealth Rock
|faint|p1a: Mandibuzz
|
|-weather|Sandstorm|[upkeep]
|callback|decision
|chat|taw|gg
|
|switch|p1a: Genesect|Genesect|178\/283
|-damage|p1a: Genesect|143\/283|[from] Stealth Rock
|switch|p2a: Chansey|Chansey, F|54\/641
|-damage|p2a: Chansey|0 fnt|[from] Stealth Rock
|faint|p2a: Chansey
|
|win|taw
|raw|Ladder updating...
|raw|taw's rating: 1870 &rarr; <strong>1872<\/strong><br \/>(+2 for winning)
|raw|Glue-Gia's rating: 1590 &rarr; <strong>1582<\/strong><br \/>(-8 for losing)