|join|666 EDGES
|join|RestePaisible
|player|p1|666 EDGES|225
|player|p2|RestePaisible|23
|gametype|singles
|gen|6
|tier|OU
|rated
|clearpoke
|poke|p1|Bisharp, F
|poke|p1|Manaphy
|poke|p1|Landorus, M
|poke|p1|Raikou
|poke|p1|Altaria, F
|poke|p1|Ferrothorn, M
|poke|p2|Pinsir, M
|poke|p2|Landorus-Therian, M
|poke|p2|Ferrothorn, M
|poke|p2|Rotom-Wash
|poke|p2|Latios, M
|poke|p2|Thundurus, M
|rule|Swagger Clause: Swagger is banned
|rule|Baton Pass Clause: Limit one PokÃ©mon knowing Baton Pass
|rule|Sleep Clause Mod: Limit one foe put to sleep
|rule|Species Clause: Limit one of each PokÃ©mon
|rule|OHKO Clause: OHKO moves are banned
|rule|Moody Clause: Moody is banned
|rule|Evasion Moves Clause: Evasion moves are banned
|rule|Endless Battle Clause: Forcing endless battles is banned
|rule|HP Percentage Mod: HP is shown in percentages
|teampreview
|
|start
|switch|p1a: Altaria|Altaria, F|354\/354
|switch|p2a: Landorus-Therian|Landorus-Therian, M|382\/382
|-ability|p2a: Landorus-Therian|Intimidate|[of] p1a: Altaria
|-unboost|p1a: Altaria|atk|1
|turn|1
|
|detailschange|p1a: Altaria|Altaria-Mega, F
|message|Altaria has Mega Evolved into Mega Altaria!
|move|p1a: Altaria|Hyper Voice|p2a: Landorus-Therian
|-damage|p2a: Landorus-Therian|211\/382
|move|p2a: Landorus-Therian|Stealth Rock|p1a: Altaria
|-sidestart|p1: 666 EDGES|move: Stealth Rock
|
|-heal|p2a: Landorus-Therian|234\/382|[from] item: Leftovers
|turn|2
|
|switch|p2a: Rotom-Wash|Rotom-Wash|304\/304
|move|p1a: Altaria|Hyper Voice|p2a: Rotom-Wash
|-damage|p2a: Rotom-Wash|199\/304
|
|-heal|p2a: Rotom-Wash|218\/304|[from] item: Leftovers
|turn|3
|
|move|p1a: Altaria|Hyper Voice|p2a: Rotom-Wash
|-damage|p2a: Rotom-Wash|118\/304
|move|p2a: Rotom-Wash|Will-O-Wisp|p1a: Altaria
|-status|p1a: Altaria|brn
|
|-heal|p2a: Rotom-Wash|137\/304|[from] item: Leftovers
|-damage|p1a: Altaria|310\/354 brn|[from] brn
|turn|4
|
|move|p1a: Altaria|Hyper Voice|p2a: Rotom-Wash
|-crit|p2a: Rotom-Wash
|-damage|p2a: Rotom-Wash|0 fnt
|faint|p2a: Rotom-Wash
|
|-damage|p1a: Altaria|266\/354 brn|[from] brn
|
|switch|p2a: Pinsir|Pinsir, M|271\/271
|turn|5
|
|detailschange|p2a: Pinsir|Pinsir-Mega, M
|message|Pinsir has Mega Evolved into Mega Pinsir!
|move|p2a: Pinsir|Frustration|p1a: Altaria
|-damage|p1a: Altaria|50\/354 brn
|move|p1a: Altaria|Fire Blast|p2a: Pinsir
|-supereffective|p2a: Pinsir
|-damage|p2a: Pinsir|61\/271
|
|-damage|p1a: Altaria|6\/354 brn|[from] brn
|turn|6
|
|move|p2a: Pinsir|Frustration|p1a: Altaria
|-damage|p1a: Altaria|0 fnt
|faint|p1a: Altaria
|
|
|switch|p1a: Raikou|Raikou|321\/321
|-damage|p1a: Raikou|281\/321|[from] Stealth Rock
|-ability|p1a: Raikou|Pressure
|turn|7
|
|switch|p2a: Ferrothorn|Ferrothorn, M|352\/352
|move|p1a: Raikou|Volt Switch|p2a: Ferrothorn
|-resisted|p2a: Ferrothorn
|-damage|p2a: Ferrothorn|313\/352
|
|switch|p1a: Landorus|Landorus, M|319\/319
|-damage|p1a: Landorus|280\/319|[from] Stealth Rock
|
|-heal|p2a: Ferrothorn|335\/352|[from] item: Leftovers
|turn|8
|
|switch|p2a: Thundurus|Thundurus, M|300\/300
|move|p1a: Landorus|Focus Blast|p2a: Thundurus
|-resisted|p2a: Thundurus
|-damage|p2a: Thundurus|148\/300
|
|-heal|p2a: Thundurus|166\/300|[from] item: Leftovers
|turn|9
|
|switch|p1a: Raikou|Raikou|281\/321
|-damage|p1a: Raikou|241\/321|[from] Stealth Rock
|-ability|p1a: Raikou|Pressure
|move|p2a: Thundurus|Hidden Power|p1a: Raikou
|-damage|p1a: Raikou|192\/321
|
|-heal|p2a: Thundurus|184\/300|[from] item: Leftovers
|turn|10
|
|switch|p2a: Ferrothorn|Ferrothorn, M|335\/352
|move|p1a: Raikou|Volt Switch|p2a: Ferrothorn
|-resisted|p2a: Ferrothorn
|-damage|p2a: Ferrothorn|296\/352
|
|switch|p1a: Landorus|Landorus, M|280\/319
|-damage|p1a: Landorus|241\/319|[from] Stealth Rock
|
|-heal|p2a: Ferrothorn|318\/352|[from] item: Leftovers
|turn|11
|join|Druides
|
|move|p1a: Landorus|Hidden Power|p2a: Ferrothorn
|-damage|p2a: Ferrothorn|249\/352
|-damage|p1a: Landorus|210\/319|[from] item: Life Orb
|move|p2a: Ferrothorn|Gyro Ball|p1a: Landorus
|-damage|p1a: Landorus|27\/319
|
|-heal|p2a: Ferrothorn|271\/352|[from] item: Leftovers
|turn|12
|
|switch|p2a: Latios|Latios, M|302\/302
|move|p1a: Landorus|Earth Power|p2a: Latios
|-immune|p2a: Latios|[msg]
|
|turn|13
|
|switch|p1a: Bisharp|Bisharp, F|271\/271
|-damage|p1a: Bisharp|255\/271|[from] Stealth Rock
|move|p2a: Latios|Psyshock|p1a: Bisharp
|-immune|p1a: Bisharp|[msg]
|
|turn|14
|
|move|p2a: Latios|Earthquake|p1a: Bisharp
|-supereffective|p1a: Bisharp
|-damage|p1a: Bisharp|73\/271
|-damage|p2a: Latios|272\/302|[from] item: Life Orb
|move|p1a: Bisharp|Pursuit|p2a: Latios
|-supereffective|p2a: Latios
|-damage|p2a: Latios|20\/302
|-damage|p1a: Bisharp|46\/271|[from] item: Life Orb
|
|turn|15
|
|move|p1a: Bisharp|Sucker Punch|p2a: Latios
|-supereffective|p2a: Latios
|-damage|p2a: Latios|0 fnt
|-damage|p1a: Bisharp|19\/271|[from] item: Life Orb
|faint|p2a: Latios
|
|
|switch|p2a: Pinsir|Pinsir-Mega, M|61\/271
|turn|16
|
|switch|p1a: Landorus|Landorus, M|27\/319
|-damage|p1a: Landorus|0 fnt|[from] Stealth Rock
|faint|p1a: Landorus
|move|p2a: Pinsir|Quick Attack|p1: Landorus|[notarget]
|-notarget
|
|join|Jefo
|
|switch|p1a: Raikou|Raikou|192\/321
|-damage|p1a: Raikou|152\/321|[from] Stealth Rock
|-ability|p1a: Raikou|Pressure
|turn|17
|
|switch|p2a: Ferrothorn|Ferrothorn, M|271\/352
|move|p1a: Raikou|Volt Switch|p2a: Ferrothorn
|-resisted|p2a: Ferrothorn
|-damage|p2a: Ferrothorn|230\/352
|
|switch|p1a: Bisharp|Bisharp, F|19\/271
|-damage|p1a: Bisharp|3\/271|[from] Stealth Rock
|
|-heal|p2a: Ferrothorn|252\/352|[from] item: Leftovers
|turn|18
|
|move|p1a: Bisharp|Knock Off|p2a: Ferrothorn
|-damage|p2a: Ferrothorn|91\/352
|-damage|p1a: Bisharp|0 fnt|[from] ability: Iron Barbs|[of] p2a: Ferrothorn
|faint|p1a: Bisharp
|move|p2a: Ferrothorn|Spikes|p1: Bisharp
|-sidestart|p1: 666 EDGES|Spikes
|
|-heal|p2a: Ferrothorn|113\/352|[from] item: Leftovers
|
|switch|p1a: Manaphy|Manaphy|365\/365
|-damage|p1a: Manaphy|320\/365|[from] Stealth Rock
|-damage|p1a: Manaphy|275\/365|[from] Spikes
|turn|19
|
|move|p1a: Manaphy|Scald|p2a: Ferrothorn
|-resisted|p2a: Ferrothorn
|-damage|p2a: Ferrothorn|71\/352
|move|p2a: Ferrothorn|Leech Seed|p1a: Manaphy
|-start|p1a: Manaphy|move: Leech Seed
|
|-heal|p1a: Manaphy|297\/365|[from] item: Leftovers
|-heal|p2a: Ferrothorn|93\/352|[from] item: Leftovers
|-damage|p1a: Manaphy|252\/365|[from] Leech Seed|[of] p2a: Ferrothorn
|-heal|p2a: Ferrothorn|138\/352|[silent]
|turn|20
|
|move|p2a: Ferrothorn|Protect|p2a: Ferrothorn
|-singleturn|p2a: Ferrothorn|Protect
|move|p1a: Manaphy|Scald|p2a: Ferrothorn
|-activate|p2a: Ferrothorn|Protect
|
|-heal|p1a: Manaphy|274\/365|[from] item: Leftovers
|-heal|p2a: Ferrothorn|160\/352|[from] item: Leftovers
|-damage|p1a: Manaphy|229\/365|[from] Leech Seed|[of] p2a: Ferrothorn
|-heal|p2a: Ferrothorn|205\/352|[silent]
|turn|21
|
|move|p1a: Manaphy|Scald|p2a: Ferrothorn
|-resisted|p2a: Ferrothorn
|-damage|p2a: Ferrothorn|159\/352
|-status|p2a: Ferrothorn|brn
|move|p2a: Ferrothorn|Spikes|p1a: Manaphy
|-sidestart|p1: 666 EDGES|Spikes
|
|-heal|p1a: Manaphy|251\/365|[from] item: Leftovers
|-heal|p2a: Ferrothorn|181\/352 brn|[from] item: Leftovers
|-damage|p1a: Manaphy|206\/365|[from] Leech Seed|[of] p2a: Ferrothorn
|-heal|p2a: Ferrothorn|226\/352 brn|[silent]
|-damage|p2a: Ferrothorn|182\/352 brn|[from] brn
|turn|22
|
|switch|p1a: Ferrothorn|Ferrothorn, M|352\/352
|-damage|p1a: Ferrothorn|330\/352|[from] Stealth Rock
|-damage|p1a: Ferrothorn|272\/352|[from] Spikes
|move|p2a: Ferrothorn|Gyro Ball|p1a: Ferrothorn
|-resisted|p1a: Ferrothorn
|-damage|p1a: Ferrothorn|267\/352
|-damage|p2a: Ferrothorn|138\/352 brn|[from] ability: Iron Barbs|[of] p1a: Ferrothorn
|
|-heal|p2a: Ferrothorn|160\/352 brn|[from] item: Leftovers
|-heal|p1a: Ferrothorn|289\/352|[from] item: Leftovers
|-damage|p2a: Ferrothorn|116\/352 brn|[from] brn
|turn|23
|
|switch|p2a: Pinsir|Pinsir-Mega, M|61\/271
|move|p1a: Ferrothorn|Stealth Rock|p2a: Pinsir
|-sidestart|p2: RestePaisible|move: Stealth Rock
|
|-heal|p1a: Ferrothorn|311\/352|[from] item: Leftovers
|turn|24
|
|move|p2a: Pinsir|Close Combat|p1a: Ferrothorn
|-supereffective|p1a: Ferrothorn
|-damage|p1a: Ferrothorn|79\/352
|-damage|p2a: Pinsir|28\/271|[from] ability: Iron Barbs|[of] p1a: Ferrothorn
|-unboost|p2a: Pinsir|def|1
|-unboost|p2a: Pinsir|spd|1
|move|p1a: Ferrothorn|Gyro Ball|p2a: Pinsir
|-damage|p2a: Pinsir|0 fnt
|faint|p2a: Pinsir
|
|-heal|p1a: Ferrothorn|101\/352|[from] item: Leftovers
|
|switch|p2a: Landorus-Therian|Landorus-Therian, M|234\/382
|-damage|p2a: Landorus-Therian|187\/382|[from] Stealth Rock
|-ability|p2a: Landorus-Therian|Intimidate|[of] p1a: Ferrothorn
|-unboost|p1a: Ferrothorn|atk|1
|turn|25
|
|switch|p1a: Manaphy|Manaphy|206\/365
|-damage|p1a: Manaphy|146\/365|[from] Spikes
|-damage|p1a: Manaphy|101\/365|[from] Stealth Rock
|move|p2a: Landorus-Therian|Earthquake|p1a: Manaphy
|-damage|p1a: Manaphy|0 fnt
|faint|p1a: Manaphy
|
|-heal|p2a: Landorus-Therian|210\/382|[from] item: Leftovers
|
|switch|p1a: Raikou|Raikou|152\/321
|-damage|p1a: Raikou|112\/321|[from] Stealth Rock
|-damage|p1a: Raikou|59\/321|[from] Spikes
|-ability|p1a: Raikou|Pressure
|turn|26
|
|move|p1a: Raikou|Hidden Power|p2a: Landorus-Therian
|-supereffective|p2a: Landorus-Therian
|-damage|p2a: Landorus-Therian|0 fnt
|faint|p2a: Landorus-Therian
|
|
|switch|p2a: Ferrothorn|Ferrothorn, M|116\/352 brn
|-damage|p2a: Ferrothorn|94\/352 brn|[from] Stealth Rock
|turn|27
|
|move|p1a: Raikou|Thunderbolt|p2a: Ferrothorn
|-resisted|p2a: Ferrothorn
|-damage|p2a: Ferrothorn|39\/352 brn
|move|p2a: Ferrothorn|Gyro Ball|p1a: Raikou
|-resisted|p1a: Raikou
|-damage|p1a: Raikou|10\/321
|
|-heal|p2a: Ferrothorn|61\/352 brn|[from] item: Leftovers
|-damage|p2a: Ferrothorn|17\/352 brn|[from] brn
|turn|28
|
|move|p1a: Raikou|Thunderbolt|p2a: Ferrothorn
|-resisted|p2a: Ferrothorn
|-damage|p2a: Ferrothorn|0 fnt
|faint|p2a: Ferrothorn
|
|
|switch|p2a: Thundurus|Thundurus, M|184\/300
|-damage|p2a: Thundurus|109\/300|[from] Stealth Rock
|turn|29
|
|move|p1a: Raikou|Thunderbolt|p2a: Thundurus
|-damage|p2a: Thundurus|0 fnt
|faint|p2a: Thundurus
|
|win|666 EDGES
|raw|Ladder updating...
|leave|RestePaisible
|player|p2