|join|RestePaisible
|join|Feral Mutant
|player|p1|RestePaisible|248
|player|p2|Feral Mutant|137
|gametype|singles
|gen|6
|tier|OU
|rated
|clearpoke
|poke|p1|Scizor, M
|poke|p1|Hippowdon, M
|poke|p1|Suicune
|poke|p1|Conkeldurr, F
|poke|p1|Landorus-Therian, M
|poke|p1|Latios, M
|poke|p2|Espeon, M
|poke|p2|Yanmega, F
|poke|p2|Smeargle, F
|poke|p2|Mamoswine, F
|poke|p2|Clefable, F
|poke|p2|Jellicent, M
|rule|Swagger Clause: Swagger is banned
|rule|Baton Pass Clause: Limit one PokÃ©mon knowing Baton Pass
|rule|Sleep Clause Mod: Limit one foe put to sleep
|rule|Species Clause: Limit one of each PokÃ©mon
|rule|OHKO Clause: OHKO moves are banned
|rule|Moody Clause: Moody is banned
|rule|Evasion Moves Clause: Evasion moves are banned
|rule|Endless Battle Clause: Forcing endless battles is banned
|rule|HP Percentage Mod: HP is shown in percentages
|teampreview
|
|start
|switch|p1a: Landorus-Therian|Landorus-Therian, M|320\/320
|switch|p2a: Smeargle|Smeargle, F|251\/251
|-ability|p1a: Landorus-Therian|Intimidate|[of] p2a: Smeargle
|-unboost|p2a: Smeargle|atk|1
|turn|1
|
|move|p1a: Landorus-Therian|U-turn|p2a: Smeargle
|-damage|p2a: Smeargle|34\/251
|
|switch|p1a: Suicune|Suicune|404\/404
|-ability|p1a: Suicune|Pressure
|move|p2a: Smeargle|Stealth Rock|p1a: Suicune
|-sidestart|p1: RestePaisible|move: Stealth Rock
|
|turn|2
|
|switch|p2a: Jellicent|Jellicent, M|378\/378
|move|p1a: Suicune|Scald|p2a: Jellicent
|-immune|p2a: Jellicent|[msg]
|
|turn|3
|
|switch|p1a: Conkeldurr|Conkeldurr, F|414\/414
|-damage|p1a: Conkeldurr|389\/414|[from] Stealth Rock
|move|p2a: Jellicent|Will-O-Wisp|p1a: Conkeldurr
|-status|p1a: Conkeldurr|brn
|
|-damage|p1a: Conkeldurr|338\/414 brn|[from] brn
|turn|4
|
|switch|p2a: Smeargle|Smeargle, F|34\/251
|move|p1a: Conkeldurr|Knock Off|p2a: Smeargle
|-damage|p2a: Smeargle|0 fnt
|-enditem|p2a: Smeargle|Focus Sash|[from] move: Knock Off|[of] p1a: Conkeldurr
|faint|p2a: Smeargle
|
|-damage|p1a: Conkeldurr|287\/414 brn|[from] brn
|
|switch|p2a: Yanmega|Yanmega, F|344\/344
|turn|5
|
|move|p2a: Yanmega|Air Slash|p1a: Conkeldurr
|-supereffective|p1a: Conkeldurr
|-damage|p1a: Conkeldurr|19\/414 brn
|-damage|p2a: Yanmega|310\/344|[from] item: Life Orb
|move|p1a: Conkeldurr|Knock Off|p2a: Yanmega
|-damage|p2a: Yanmega|243\/344
|-enditem|p2a: Yanmega|Life Orb|[from] move: Knock Off|[of] p1a: Conkeldurr
|
|-damage|p1a: Conkeldurr|0 fnt|[from] brn
|-boost|p2a: Yanmega|spe|1|[from] ability: Speed Boost
|faint|p1a: Conkeldurr
|
|switch|p1a: Scizor|Scizor, M|344\/344
|-damage|p1a: Scizor|301\/344|[from] Stealth Rock
|turn|6
|
|detailschange|p1a: Scizor|Scizor-Mega, M
|message|Scizor has Mega Evolved into Mega Scizor!
|move|p1a: Scizor|Bullet Punch|p2a: Yanmega
|-damage|p2a: Yanmega|137\/344
|move|p2a: Yanmega|Air Slash|p1a: Scizor
|-damage|p1a: Scizor|171\/344
|
|-boost|p2a: Yanmega|spe|1|[from] ability: Speed Boost
|turn|7
|
|move|p2a: Yanmega|Roost|p2a: Yanmega
|-heal|p2a: Yanmega|309\/344
|move|p1a: Scizor|Roost|p1a: Scizor
|-heal|p1a: Scizor|343\/344
|
|-boost|p2a: Yanmega|spe|1|[from] ability: Speed Boost
|turn|8
|
|move|p2a: Yanmega|Air Slash|p1a: Scizor|[miss]
|-miss|p2a: Yanmega|p1a: Scizor
|move|p1a: Scizor|Swords Dance|p1a: Scizor
|-boost|p1a: Scizor|atk|2
|
|-boost|p2a: Yanmega|spe|1|[from] ability: Speed Boost
|turn|9
|
|move|p1a: Scizor|Bullet Punch|p2a: Yanmega
|-damage|p2a: Yanmega|77\/344
|move|p2a: Yanmega|Air Slash|p1a: Scizor
|-damage|p1a: Scizor|210\/344
|
|-boost|p2a: Yanmega|spe|1|[from] ability: Speed Boost
|turn|10
|
|move|p2a: Yanmega|Air Slash|p1a: Scizor
|-damage|p1a: Scizor|74\/344
|move|p1a: Scizor|Roost|p1a: Scizor
|-heal|p1a: Scizor|246\/344
|
|-boost|p2a: Yanmega|spe|1|[from] ability: Speed Boost
|turn|11
|
|move|p1a: Scizor|Bullet Punch|p2a: Yanmega
|-damage|p2a: Yanmega|0 fnt
|faint|p2a: Yanmega
|
|
|switch|p2a: Espeon|Espeon, M|316\/316
|turn|12
|
|move|p1a: Scizor|Bullet Punch|p2a: Espeon
|-damage|p2a: Espeon|60\/316
|move|p2a: Espeon|Hidden Power|p1a: Scizor
|-supereffective|p1a: Scizor
|-damage|p1a: Scizor|0 fnt
|faint|p1a: Scizor
|
|-heal|p2a: Espeon|79\/316|[from] item: Leftovers
|
|switch|p1a: Landorus-Therian|Landorus-Therian, M|320\/320
|-damage|p1a: Landorus-Therian|280\/320|[from] Stealth Rock
|-ability|p1a: Landorus-Therian|Intimidate|[of] p2a: Espeon
|-unboost|p2a: Espeon|atk|1
|turn|13
|
|switch|p2a: Mamoswine|Mamoswine, F|389\/389
|move|p1a: Landorus-Therian|Earthquake|p2a: Mamoswine
|-damage|p2a: Mamoswine|127\/389
|
|-heal|p2a: Mamoswine|151\/389|[from] item: Leftovers
|turn|14
|
|switch|p1a: Suicune|Suicune|404\/404
|-damage|p1a: Suicune|354\/404|[from] Stealth Rock
|-ability|p1a: Suicune|Pressure
|move|p2a: Mamoswine|Ice Shard|p1a: Suicune
|-resisted|p1a: Suicune
|-damage|p1a: Suicune|316\/404
|
|-heal|p1a: Suicune|341\/404|[from] item: Leftovers
|-heal|p2a: Mamoswine|175\/389|[from] item: Leftovers
|turn|15
|
|switch|p1a: Latios|Latios, M|302\/302
|-damage|p1a: Latios|265\/302|[from] Stealth Rock
|switch|p2a: Espeon|Espeon, M|79\/316
|
|-heal|p2a: Espeon|98\/316|[from] item: Leftovers
|turn|16
|
|move|p1a: Latios|Draco Meteor|p2a: Espeon
|-damage|p2a: Espeon|0 fnt
|-unboost|p1a: Latios|spa|2
|-damage|p1a: Latios|235\/302|[from] item: Life Orb
|faint|p2a: Espeon
|
|
|switch|p2a: Jellicent|Jellicent, M|378\/378
|turn|17
|
|switch|p1a: Suicune|Suicune|341\/404
|-damage|p1a: Suicune|291\/404|[from] Stealth Rock
|-ability|p1a: Suicune|Pressure
|move|p2a: Jellicent|Shadow Ball|p1a: Suicune
|-damage|p1a: Suicune|212\/404
|
|-heal|p1a: Suicune|237\/404|[from] item: Leftovers
|turn|18
|
|move|p1a: Suicune|Calm Mind|p1a: Suicune
|-boost|p1a: Suicune|spa|1
|-boost|p1a: Suicune|spd|1
|move|p2a: Jellicent|Will-O-Wisp|p1a: Suicune
|-status|p1a: Suicune|brn
|
|-heal|p1a: Suicune|262\/404 brn|[from] item: Leftovers
|-damage|p1a: Suicune|212\/404 brn|[from] brn
|turn|19
|
|move|p1a: Suicune|Calm Mind|p1a: Suicune
|-boost|p1a: Suicune|spa|1
|-boost|p1a: Suicune|spd|1
|move|p2a: Jellicent|Taunt|p1a: Suicune
|-start|p1a: Suicune|move: Taunt
|
|-heal|p1a: Suicune|237\/404 brn|[from] item: Leftovers
|-damage|p1a: Suicune|187\/404 brn|[from] brn
|turn|20
|
|switch|p1a: Latios|Latios, M|235\/302
|-damage|p1a: Latios|198\/302|[from] Stealth Rock
|move|p2a: Jellicent|Shadow Ball|p1a: Latios
|-crit|p1a: Latios
|-supereffective|p1a: Latios
|-damage|p1a: Latios|0 fnt
|faint|p1a: Latios
|
|
|switch|p1a: Landorus-Therian|Landorus-Therian, M|280\/320
|-damage|p1a: Landorus-Therian|240\/320|[from] Stealth Rock
|-ability|p1a: Landorus-Therian|Intimidate|[of] p2a: Jellicent
|-unboost|p2a: Jellicent|atk|1
|turn|21
|
|move|p1a: Landorus-Therian|Earthquake|p2a: Jellicent
|-damage|p2a: Jellicent|134\/378
|move|p2a: Jellicent|Surf|p1a: Landorus-Therian
|-supereffective|p1a: Landorus-Therian
|-damage|p1a: Landorus-Therian|0 fnt
|faint|p1a: Landorus-Therian
|
|-heal|p2a: Jellicent|157\/378|[from] item: Leftovers
|
|switch|p1a: Hippowdon|Hippowdon, M|420\/420
|-damage|p1a: Hippowdon|394\/420|[from] Stealth Rock
|-weather|Sandstorm
|turn|22
|
|switch|p2a: Clefable|Clefable, F|394\/394
|move|p1a: Hippowdon|Earthquake|p2a: Clefable
|-crit|p2a: Clefable
|-damage|p2a: Clefable|205\/394
|
|-weather|Sandstorm|[upkeep]
|-heal|p2a: Clefable|229\/394|[from] item: Leftovers
|-heal|p1a: Hippowdon|420\/420|[from] item: Leftovers
|turn|23
|
|switch|p1a: Suicune|Suicune|187\/404 brn
|-damage|p1a: Suicune|137\/404 brn|[from] Stealth Rock
|-ability|p1a: Suicune|Pressure
|move|p2a: Clefable|Toxic|p1a: Suicune
|-fail|p1a: Suicune
|
|-weather|Sandstorm|[upkeep]
|-damage|p1a: Suicune|112\/404 brn|[from] sandstorm
|-heal|p1a: Suicune|137\/404 brn|[from] item: Leftovers
|-heal|p2a: Clefable|253\/394|[from] item: Leftovers
|-damage|p1a: Suicune|87\/404 brn|[from] brn
|turn|24
|
|switch|p2a: Jellicent|Jellicent, M|157\/378
|move|p1a: Suicune|Rest|p1a: Suicune
|-status|p1a: Suicune|slp
|-heal|p1a: Suicune|404\/404 slp|[silent]
|-status|p1a: Suicune|slp|[from] move: Rest
|
|-weather|Sandstorm|[upkeep]
|-damage|p1a: Suicune|379\/404 slp|[from] sandstorm
|-damage|p2a: Jellicent|134\/378|[from] sandstorm
|-heal|p1a: Suicune|404\/404 slp|[from] item: Leftovers
|-heal|p2a: Jellicent|157\/378|[from] item: Leftovers
|turn|25
|
|cant|p1a: Suicune|slp
|move|p1a: Suicune|Sleep Talk|p1a: Suicune
|move|p1a: Suicune|Calm Mind|p1a: Suicune|[from]Sleep Talk
|-boost|p1a: Suicune|spa|1
|-boost|p1a: Suicune|spd|1
|move|p2a: Jellicent|Will-O-Wisp|p1a: Suicune|[miss]
|-miss|p2a: Jellicent|p1a: Suicune
|
|-weather|Sandstorm|[upkeep]
|-damage|p1a: Suicune|379\/404 slp|[from] sandstorm
|-damage|p2a: Jellicent|134\/378|[from] sandstorm
|-heal|p1a: Suicune|404\/404 slp|[from] item: Leftovers
|-heal|p2a: Jellicent|157\/378|[from] item: Leftovers
|turn|26
|
|cant|p1a: Suicune|slp
|move|p1a: Suicune|Sleep Talk|p1a: Suicune
|move|p1a: Suicune|Scald|p2a: Jellicent|[from]Sleep Talk
|-heal|p2a: Jellicent|251\/378|[from] ability: Water Absorb|[of] p1a: Suicune
|move|p2a: Jellicent|Taunt|p1a: Suicune
|-start|p1a: Suicune|move: Taunt
|
|-weather|none
|-heal|p2a: Jellicent|274\/378|[from] item: Leftovers
|turn|27
|
|switch|p1a: Hippowdon|Hippowdon, M|420\/420
|-damage|p1a: Hippowdon|394\/420|[from] Stealth Rock
|-weather|Sandstorm
|move|p2a: Jellicent|Will-O-Wisp|p1a: Hippowdon
|-status|p1a: Hippowdon|brn
|
|-weather|Sandstorm|[upkeep]
|-damage|p2a: Jellicent|251\/378|[from] sandstorm
|-heal|p2a: Jellicent|274\/378|[from] item: Leftovers
|-heal|p1a: Hippowdon|420\/420 brn|[from] item: Leftovers
|-damage|p1a: Hippowdon|368\/420 brn|[from] brn
|turn|28
|
|move|p2a: Jellicent|Surf|p1a: Hippowdon
|-supereffective|p1a: Hippowdon
|-damage|p1a: Hippowdon|48\/420 brn
|move|p1a: Hippowdon|Earthquake|p2a: Jellicent
|-damage|p2a: Jellicent|196\/378
|
|-weather|Sandstorm|[upkeep]
|-damage|p2a: Jellicent|173\/378|[from] sandstorm
|-heal|p2a: Jellicent|196\/378|[from] item: Leftovers
|-heal|p1a: Hippowdon|74\/420 brn|[from] item: Leftovers
|-damage|p1a: Hippowdon|22\/420 brn|[from] brn
|turn|29
|
|move|p2a: Jellicent|Surf|p1a: Hippowdon
|-supereffective|p1a: Hippowdon
|-damage|p1a: Hippowdon|0 fnt
|faint|p1a: Hippowdon
|
|-weather|Sandstorm|[upkeep]
|-damage|p2a: Jellicent|173\/378|[from] sandstorm
|-heal|p2a: Jellicent|196\/378|[from] item: Leftovers
|
|switch|p1a: Suicune|Suicune|404\/404 slp
|-damage|p1a: Suicune|354\/404 slp|[from] Stealth Rock
|-ability|p1a: Suicune|Pressure
|turn|30
|
|-curestatus|p1a: Suicune|slp
|move|p1a: Suicune|Calm Mind|p1a: Suicune
|-boost|p1a: Suicune|spa|1
|-boost|p1a: Suicune|spd|1
|move|p2a: Jellicent|Taunt|p1a: Suicune
|-start|p1a: Suicune|move: Taunt
|
|-weather|Sandstorm|[upkeep]
|-damage|p1a: Suicune|329\/404|[from] sandstorm
|-damage|p2a: Jellicent|173\/378|[from] sandstorm
|-heal|p1a: Suicune|354\/404|[from] item: Leftovers
|-heal|p2a: Jellicent|196\/378|[from] item: Leftovers
|turn|31
|
|move|p1a: Suicune|Scald|p2a: Jellicent
|-heal|p2a: Jellicent|290\/378|[from] ability: Water Absorb|[of] p1a: Suicune
|move|p2a: Jellicent|Will-O-Wisp|p1a: Suicune
|-status|p1a: Suicune|brn
|
|-weather|none
|-heal|p1a: Suicune|379\/404 brn|[from] item: Leftovers
|-heal|p2a: Jellicent|313\/378|[from] item: Leftovers
|-damage|p1a: Suicune|329\/404 brn|[from] brn
|turn|32
|
|move|p1a: Suicune|Scald|p2a: Jellicent
|-heal|p2a: Jellicent|378\/378|[from] ability: Water Absorb|[of] p1a: Suicune
|move|p2a: Jellicent|Shadow Ball|p1a: Suicune
|-damage|p1a: Suicune|271\/404 brn
|
|-heal|p1a: Suicune|296\/404 brn|[from] item: Leftovers
|-damage|p1a: Suicune|246\/404 brn|[from] brn
|turn|33
|
|move|p1a: Suicune|Scald|p2a: Jellicent
|-immune|p2a: Jellicent|[msg]
|move|p2a: Jellicent|Shadow Ball|p1a: Suicune
|-damage|p1a: Suicune|188\/404 brn
|
|-heal|p1a: Suicune|213\/404 brn|[from] item: Leftovers
|-damage|p1a: Suicune|163\/404 brn|[from] brn
|-end|p1a: Suicune|move: Taunt
|turn|34
|
|move|p1a: Suicune|Rest|p1a: Suicune
|-status|p1a: Suicune|slp
|-heal|p1a: Suicune|404\/404 slp|[silent]
|-status|p1a: Suicune|slp|[from] move: Rest
|move|p2a: Jellicent|Taunt|p1a: Suicune
|-start|p1a: Suicune|move: Taunt
|
|turn|35
|
|switch|p2a: Mamoswine|Mamoswine, F|175\/389
|cant|p1a: Suicune|slp
|
|-heal|p2a: Mamoswine|199\/389|[from] item: Leftovers
|turn|36
|
|cant|p1a: Suicune|slp
|move|p2a: Mamoswine|Earthquake|p1a: Suicune
|-damage|p1a: Suicune|224\/404 slp
|
|-heal|p1a: Suicune|249\/404 slp|[from] item: Leftovers
|-heal|p2a: Mamoswine|223\/389|[from] item: Leftovers
|turn|37
|
|switch|p2a: Jellicent|Jellicent, M|378\/378
|-curestatus|p1a: Suicune|slp
|move|p1a: Suicune|Scald|p2a: Jellicent
|-immune|p2a: Jellicent|[msg]
|
|-heal|p1a: Suicune|274\/404|[from] item: Leftovers
|-end|p1a: Suicune|move: Taunt
|turn|38
|
|move|p1a: Suicune|Calm Mind|p1a: Suicune
|-boost|p1a: Suicune|spa|1
|-boost|p1a: Suicune|spd|1
|move|p2a: Jellicent|Taunt|p1a: Suicune
|-start|p1a: Suicune|move: Taunt
|
|-heal|p1a: Suicune|299\/404|[from] item: Leftovers
|turn|39
|
|move|p1a: Suicune|Scald|p2a: Jellicent
|-immune|p2a: Jellicent|[msg]
|move|p2a: Jellicent|Will-O-Wisp|p1a: Suicune
|-status|p1a: Suicune|brn
|
|-heal|p1a: Suicune|324\/404 brn|[from] item: Leftovers
|-damage|p1a: Suicune|274\/404 brn|[from] brn
|turn|40
|
|move|p1a: Suicune|Scald|p2a: Jellicent
|-immune|p2a: Jellicent|[msg]
|move|p2a: Jellicent|Shadow Ball|p1a: Suicune
|-damage|p1a: Suicune|229\/404 brn
|
|-heal|p1a: Suicune|254\/404 brn|[from] item: Leftovers
|-damage|p1a: Suicune|204\/404 brn|[from] brn
|turn|41
|
|move|p1a: Suicune|Scald|p2a: Jellicent
|-immune|p2a: Jellicent|[msg]
|move|p2a: Jellicent|Shadow Ball|p1a: Suicune
|-damage|p1a: Suicune|156\/404 brn
|-unboost|p1a: Suicune|spd|1
|
|-heal|p1a: Suicune|181\/404 brn|[from] item: Leftovers
|-damage|p1a: Suicune|131\/404 brn|[from] brn
|-end|p1a: Suicune|move: Taunt
|turn|42
|
|move|p1a: Suicune|Rest|p1a: Suicune
|-status|p1a: Suicune|slp
|-heal|p1a: Suicune|404\/404 slp|[silent]
|-status|p1a: Suicune|slp|[from] move: Rest
|move|p2a: Jellicent|Taunt|p1a: Suicune
|-start|p1a: Suicune|move: Taunt
|
|turn|43
|
|switch|p2a: Mamoswine|Mamoswine, F|223\/389
|cant|p1a: Suicune|slp
|
|-heal|p2a: Mamoswine|247\/389|[from] item: Leftovers
|turn|44
|
|cant|p1a: Suicune|slp
|move|p2a: Mamoswine|Roar|p1a: Suicune
|-fail|p1a: Suicune
|
|-heal|p2a: Mamoswine|271\/389|[from] item: Leftovers
|turn|45
|
|switch|p2a: Jellicent|Jellicent, M|378\/378
|-curestatus|p1a: Suicune|slp
|move|p1a: Suicune|Scald|p2a: Jellicent
|-immune|p2a: Jellicent|[msg]
|
|-end|p1a: Suicune|move: Taunt
|turn|46
|
|move|p1a: Suicune|Calm Mind|p1a: Suicune
|-boost|p1a: Suicune|spa|1
|-boost|p1a: Suicune|spd|1
|move|p2a: Jellicent|Taunt|p1a: Suicune
|-start|p1a: Suicune|move: Taunt
|
|turn|47
|
|move|p1a: Suicune|Scald|p2a: Jellicent
|-immune|p2a: Jellicent|[msg]
|move|p2a: Jellicent|Will-O-Wisp|p1a: Suicune
|-status|p1a: Suicune|brn
|
|-damage|p1a: Suicune|354\/404 brn|[from] brn
|turn|48
|
|move|p1a: Suicune|Scald|p2a: Jellicent
|-immune|p2a: Jellicent|[msg]
|move|p2a: Jellicent|Shadow Ball|p1a: Suicune
|-damage|p1a: Suicune|314\/404 brn
|
|-heal|p1a: Suicune|339\/404 brn|[from] item: Leftovers
|-damage|p1a: Suicune|289\/404 brn|[from] brn
|turn|49
|
|move|p1a: Suicune|Scald|p2a: Jellicent
|-immune|p2a: Jellicent|[msg]
|move|p2a: Jellicent|Shadow Ball|p1a: Suicune
|-damage|p1a: Suicune|249\/404 brn
|
|-heal|p1a: Suicune|274\/404 brn|[from] item: Leftovers
|-damage|p1a: Suicune|224\/404 brn|[from] brn
|-end|p1a: Suicune|move: Taunt
|turn|50
|
|move|p1a: Suicune|Calm Mind|p1a: Suicune
|-boost|p1a: Suicune|spa|1
|-boost|p1a: Suicune|spd|1
|move|p2a: Jellicent|Taunt|p1a: Suicune
|-start|p1a: Suicune|move: Taunt
|
|-heal|p1a: Suicune|249\/404 brn|[from] item: Leftovers
|-damage|p1a: Suicune|199\/404 brn|[from] brn
|turn|51
|
|move|p1a: Suicune|Scald|p2a: Jellicent
|-immune|p2a: Jellicent|[msg]
|move|p2a: Jellicent|Shadow Ball|p1a: Suicune
|-damage|p1a: Suicune|166\/404 brn
|
|-heal|p1a: Suicune|191\/404 brn|[from] item: Leftovers
|-damage|p1a: Suicune|141\/404 brn|[from] brn
|turn|52
|
|move|p1a: Suicune|Scald|p2a: Jellicent
|-immune|p2a: Jellicent|[msg]
|move|p2a: Jellicent|Shadow Ball|p1a: Suicune
|-damage|p1a: Suicune|102\/404 brn
|-unboost|p1a: Suicune|spd|1
|
|-heal|p1a: Suicune|127\/404 brn|[from] item: Leftovers
|-damage|p1a: Suicune|77\/404 brn|[from] brn
|turn|53
|
|move|p1a: Suicune|Scald|p2a: Jellicent
|-immune|p2a: Jellicent|[msg]
|move|p2a: Jellicent|Shadow Ball|p1a: Suicune
|-damage|p1a: Suicune|34\/404 brn
|
|-heal|p1a: Suicune|59\/404 brn|[from] item: Leftovers
|-damage|p1a: Suicune|9\/404 brn|[from] brn
|-end|p1a: Suicune|move: Taunt
|turn|54
|
|move|p1a: Suicune|Rest|p1a: Suicune
|-status|p1a: Suicune|slp
|-heal|p1a: Suicune|404\/404 slp|[silent]
|-status|p1a: Suicune|slp|[from] move: Rest
|move|p2a: Jellicent|Surf|p1a: Suicune
|-resisted|p1a: Suicune
|-damage|p1a: Suicune|380\/404 slp
|
|-heal|p1a: Suicune|404\/404 slp|[from] item: Leftovers
|turn|55
|
|switch|p2a: Mamoswine|Mamoswine, F|271\/389
|cant|p1a: Suicune|slp
|move|p1a: Suicune|Sleep Talk|p1a: Suicune
|move|p1a: Suicune|Calm Mind|p1a: Suicune|[from]Sleep Talk
|-boost|p1a: Suicune|spa|1
|-boost|p1a: Suicune|spd|1
|
|-heal|p2a: Mamoswine|295\/389|[from] item: Leftovers
|turn|56
|
|switch|p2a: Jellicent|Jellicent, M|378\/378
|cant|p1a: Suicune|slp
|move|p1a: Suicune|Sleep Talk|p1a: Suicune
|move|p1a: Suicune|Rest|p1a: Suicune|[from]Sleep Talk
|-fail|p1a: Suicune
|
|turn|57
|
|-curestatus|p1a: Suicune|slp
|move|p1a: Suicune|Calm Mind|p1a: Suicune
|-boost|p1a: Suicune|spa|1
|-boost|p1a: Suicune|spd|1
|move|p2a: Jellicent|Taunt|p1a: Suicune
|-start|p1a: Suicune|move: Taunt
|
|turn|58
|
|move|p1a: Suicune|Scald|p2a: Jellicent
|-immune|p2a: Jellicent|[msg]
|move|p2a: Jellicent|Will-O-Wisp|p1a: Suicune|[miss]
|-miss|p2a: Jellicent|p1a: Suicune
|
|turn|59
|
|move|p1a: Suicune|Scald|p2a: Jellicent
|-immune|p2a: Jellicent|[msg]
|move|p2a: Jellicent|Shadow Ball|p1a: Suicune
|-crit|p1a: Suicune
|-damage|p1a: Suicune|280\/404
|
|-heal|p1a: Suicune|305\/404|[from] item: Leftovers
|turn|60
|
|move|p1a: Suicune|Scald|p2a: Jellicent
|-immune|p2a: Jellicent|[msg]
|move|p2a: Jellicent|Shadow Ball|p1a: Suicune
|-damage|p1a: Suicune|275\/404
|
|-heal|p1a: Suicune|300\/404|[from] item: Leftovers
|-end|p1a: Suicune|move: Taunt
|turn|61
|
|move|p1a: Suicune|Calm Mind|p1a: Suicune
|-boost|p1a: Suicune|spd|1
|move|p2a: Jellicent|Surf|p1a: Suicune
|-resisted|p1a: Suicune
|-damage|p1a: Suicune|286\/404
|
|-heal|p1a: Suicune|311\/404|[from] item: Leftovers
|turn|62
|
|move|p1a: Suicune|Calm Mind|p1a: Suicune
|-boost|p1a: Suicune|spd|1
|move|p2a: Jellicent|Taunt|p1a: Suicune
|-start|p1a: Suicune|move: Taunt
|
|-heal|p1a: Suicune|336\/404|[from] item: Leftovers
|turn|63
|
|move|p1a: Suicune|Scald|p2a: Jellicent
|-immune|p2a: Jellicent|[msg]
|move|p2a: Jellicent|Will-O-Wisp|p1a: Suicune
|-status|p1a: Suicune|brn
|
|-heal|p1a: Suicune|361\/404 brn|[from] item: Leftovers
|-damage|p1a: Suicune|311\/404 brn|[from] brn
|turn|64
|
|move|p1a: Suicune|Scald|p2a: Jellicent
|-immune|p2a: Jellicent|[msg]
|move|p2a: Jellicent|Surf|p1a: Suicune
|-resisted|p1a: Suicune
|-damage|p1a: Suicune|299\/404 brn
|
|-heal|p1a: Suicune|324\/404 brn|[from] item: Leftovers
|-damage|p1a: Suicune|274\/404 brn|[from] brn
|turn|65
|
|move|p1a: Suicune|Scald|p2a: Jellicent
|-immune|p2a: Jellicent|[msg]
|move|p2a: Jellicent|Surf|p1a: Suicune
|-resisted|p1a: Suicune
|-damage|p1a: Suicune|262\/404 brn
|
|-heal|p1a: Suicune|287\/404 brn|[from] item: Leftovers
|-damage|p1a: Suicune|237\/404 brn|[from] brn
|-end|p1a: Suicune|move: Taunt
|turn|66
|
|move|p1a: Suicune|Rest|p1a: Suicune
|-status|p1a: Suicune|slp
|-heal|p1a: Suicune|404\/404 slp|[silent]
|-status|p1a: Suicune|slp|[from] move: Rest
|move|p2a: Jellicent|Surf|p1a: Suicune
|-resisted|p1a: Suicune
|-damage|p1a: Suicune|392\/404 slp
|
|-heal|p1a: Suicune|404\/404 slp|[from] item: Leftovers
|turn|67
|
|switch|p2a: Mamoswine|Mamoswine, F|295\/389
|cant|p1a: Suicune|slp
|move|p1a: Suicune|Sleep Talk|p1a: Suicune
|move|p1a: Suicune|Rest|p1a: Suicune|[from]Sleep Talk
|-fail|p1a: Suicune
|
|-heal|p2a: Mamoswine|319\/389|[from] item: Leftovers
|turn|68
|
|switch|p2a: Clefable|Clefable, F|253\/394
|cant|p1a: Suicune|slp
|move|p1a: Suicune|Sleep Talk|p1a: Suicune
|move|p1a: Suicune|Scald|p2a: Clefable|[from]Sleep Talk
|-damage|p2a: Clefable|0 fnt
|faint|p2a: Clefable
|
|
|switch|p2a: Jellicent|Jellicent, M|378\/378
|turn|69
|
|-curestatus|p1a: Suicune|slp
|move|p1a: Suicune|Calm Mind|p1a: Suicune
|-fail|p1a: Suicune
|move|p2a: Jellicent|Taunt|p1a: Suicune
|-start|p1a: Suicune|move: Taunt
|
|turn|70
|join|zelda2001
|
|move|p1a: Suicune|Scald|p2a: Jellicent
|-immune|p2a: Jellicent|[msg]
|move|p2a: Jellicent|Surf|p1a: Suicune
|-resisted|p1a: Suicune
|-damage|p1a: Suicune|393\/404
|
|-heal|p1a: Suicune|404\/404|[from] item: Leftovers
|turn|71
|
|move|p1a: Suicune|Scald|p2a: Jellicent
|-immune|p2a: Jellicent|[msg]
|move|p2a: Jellicent|Will-O-Wisp|p1a: Suicune|[miss]
|-miss|p2a: Jellicent|p1a: Suicune
|
|turn|72
|leave|zelda2001
|join|cottoncandyblob
|
|move|p1a: Suicune|Scald|p2a: Jellicent
|-immune|p2a: Jellicent|[msg]
|move|p2a: Jellicent|Surf|p1a: Suicune
|-resisted|p1a: Suicune
|-damage|p1a: Suicune|393\/404
|
|-heal|p1a: Suicune|404\/404|[from] item: Leftovers
|-end|p1a: Suicune|move: Taunt
|turn|73
|
|move|p1a: Suicune|Calm Mind|p1a: Suicune
|-fail|p1a: Suicune
|move|p2a: Jellicent|Taunt|p1a: Suicune
|-start|p1a: Suicune|move: Taunt
|
|turn|74
|join|el trinches
|
|-activate|p1a: Suicune|move: Struggle
|move|p1a: Suicune|Struggle|p2a: Jellicent
|-damage|p2a: Jellicent|345\/378
|-damage|p1a: Suicune|303\/404
|move|p2a: Jellicent|Surf|p1a: Suicune
|-resisted|p1a: Suicune
|-damage|p1a: Suicune|292\/404
|
|-heal|p1a: Suicune|317\/404|[from] item: Leftovers
|-heal|p2a: Jellicent|368\/378|[from] item: Leftovers
|turn|75
|join|HelloJelloX
|c|âRestePaisible|funny situation
|
|-activate|p1a: Suicune|move: Struggle
|move|p1a: Suicune|Struggle|p2a: Jellicent
|-damage|p2a: Jellicent|335\/378
|-damage|p1a: Suicune|216\/404
|move|p2a: Jellicent|Will-O-Wisp|p1a: Suicune
|-status|p1a: Suicune|brn
|
|-heal|p1a: Suicune|241\/404 brn|[from] item: Leftovers
|-heal|p2a: Jellicent|358\/378|[from] item: Leftovers
|-damage|p1a: Suicune|191\/404 brn|[from] brn
|turn|76
|c| el trinches|fight
|
|switch|p2a: Mamoswine|Mamoswine, F|319\/389
|-activate|p1a: Suicune|move: Struggle
|move|p1a: Suicune|Struggle|p2a: Mamoswine
|-damage|p2a: Mamoswine|301\/389
|-damage|p1a: Suicune|90\/404 brn
|
|-heal|p1a: Suicune|115\/404 brn|[from] item: Leftovers
|-heal|p2a: Mamoswine|325\/389|[from] item: Leftovers
|-damage|p1a: Suicune|65\/404 brn|[from] brn
|-end|p1a: Suicune|move: Taunt
|turn|77
|
|move|p1a: Suicune|Rest|p1a: Suicune
|-status|p1a: Suicune|slp
|-heal|p1a: Suicune|404\/404 slp|[silent]
|-status|p1a: Suicune|slp|[from] move: Rest
|move|p2a: Mamoswine|Earthquake|p1a: Suicune
|-damage|p1a: Suicune|221\/404 slp
|
|-heal|p1a: Suicune|246\/404 slp|[from] item: Leftovers
|-heal|p2a: Mamoswine|349\/389|[from] item: Leftovers
|turn|78
|join|Razernation
|
|cant|p1a: Suicune|slp
|move|p1a: Suicune|Sleep Talk|p1a: Suicune
|move|p1a: Suicune|Scald|p2a: Mamoswine|[from]Sleep Talk
|-supereffective|p2a: Mamoswine
|-damage|p2a: Mamoswine|0 fnt
|faint|p2a: Mamoswine
|
|-heal|p1a: Suicune|271\/404 slp|[from] item: Leftovers
|join|wolfknite21
|
|switch|p2a: Jellicent|Jellicent, M|358\/378
|turn|79
|
|cant|p1a: Suicune|slp
|move|p1a: Suicune|Sleep Talk|p1a: Suicune
|move|p1a: Suicune|Rest|p1a: Suicune|[from]Sleep Talk
|-fail|p1a: Suicune
|move|p2a: Jellicent|Surf|p1a: Suicune
|-resisted|p1a: Suicune
|-damage|p1a: Suicune|259\/404 slp
|
|-heal|p1a: Suicune|284\/404 slp|[from] item: Leftovers
|-heal|p2a: Jellicent|378\/378|[from] item: Leftovers
|turn|80
|join|Liplife
|
|-curestatus|p1a: Suicune|slp
|move|p1a: Suicune|Rest|p1a: Suicune
|-status|p1a: Suicune|slp
|-heal|p1a: Suicune|404\/404 slp|[silent]
|-status|p1a: Suicune|slp|[from] move: Rest
|move|p2a: Jellicent|Taunt|p1a: Suicune
|-start|p1a: Suicune|move: Taunt
|
|turn|81
|
|cant|p1a: Suicune|slp
|move|p2a: Jellicent|Surf|p1a: Suicune
|-resisted|p1a: Suicune
|-damage|p1a: Suicune|392\/404 slp
|
|-heal|p1a: Suicune|404\/404 slp|[from] item: Leftovers
|turn|82
|
|cant|p1a: Suicune|slp
|move|p2a: Jellicent|Surf|p1a: Suicune
|-resisted|p1a: Suicune
|-damage|p1a: Suicune|392\/404 slp
|
|-heal|p1a: Suicune|404\/404 slp|[from] item: Leftovers
|turn|83
|
|-curestatus|p1a: Suicune|slp
|-activate|p1a: Suicune|move: Struggle
|move|p1a: Suicune|Struggle|p2a: Jellicent
|-damage|p2a: Jellicent|348\/378
|-damage|p1a: Suicune|303\/404
|move|p2a: Jellicent|Will-O-Wisp|p1a: Suicune|[miss]
|-miss|p2a: Jellicent|p1a: Suicune
|
|-heal|p1a: Suicune|328\/404|[from] item: Leftovers
|-heal|p2a: Jellicent|371\/378|[from] item: Leftovers
|-end|p1a: Suicune|move: Taunt
|turn|84
|join|TubbyMcNugggets
|leave|TubbyMcNugggets
|c| HelloJelloX|dat stall war dough
|
|move|p1a: Suicune|Rest|p1a: Suicune
|-status|p1a: Suicune|slp
|-heal|p1a: Suicune|404\/404 slp|[silent]
|-status|p1a: Suicune|slp|[from] move: Rest
|move|p2a: Jellicent|Taunt|p1a: Suicune
|-start|p1a: Suicune|move: Taunt
|
|-heal|p2a: Jellicent|378\/378|[from] item: Leftovers
|turn|85
|leave|Razernation
|
|cant|p1a: Suicune|slp
|move|p2a: Jellicent|Taunt|p1a: Suicune
|-fail|p1a: Suicune
|
|turn|86
|
|cant|p1a: Suicune|slp
|move|p2a: Jellicent|Taunt|p1a: Suicune
|-fail|p1a: Suicune
|
|turn|87
|
|-curestatus|p1a: Suicune|slp
|-activate|p1a: Suicune|move: Struggle
|move|p1a: Suicune|Struggle|p2a: Jellicent
|-damage|p2a: Jellicent|347\/378
|-damage|p1a: Suicune|303\/404
|move|p2a: Jellicent|Will-O-Wisp|p1a: Suicune|[miss]
|-miss|p2a: Jellicent|p1a: Suicune
|
|-heal|p1a: Suicune|328\/404|[from] item: Leftovers
|-heal|p2a: Jellicent|370\/378|[from] item: Leftovers
|-end|p1a: Suicune|move: Taunt
|turn|88
|join|Eylandos
|
|move|p1a: Suicune|Rest|p1a: Suicune
|-status|p1a: Suicune|slp
|-heal|p1a: Suicune|404\/404 slp|[silent]
|-status|p1a: Suicune|slp|[from] move: Rest
|-activate|p2a: Jellicent|move: Struggle
|move|p2a: Jellicent|Struggle|p1a: Suicune
|-damage|p1a: Suicune|385\/404 slp
|-damage|p2a: Jellicent|276\/378
|
|-heal|p1a: Suicune|404\/404 slp|[from] item: Leftovers
|-heal|p2a: Jellicent|299\/378|[from] item: Leftovers
|turn|89
|join|Atipicity
|c|âRestePaisible|I win !
|c|âFeral Mutant|Good game
|
|cant|p1a: Suicune|slp
|-activate|p2a: Jellicent|move: Struggle
|move|p2a: Jellicent|Struggle|p1a: Suicune
|-damage|p1a: Suicune|387\/404 slp
|-damage|p2a: Jellicent|205\/378
|
|-heal|p1a: Suicune|404\/404 slp|[from] item: Leftovers
|-heal|p2a: Jellicent|228\/378|[from] item: Leftovers
|turn|90
|c|âRestePaisible|gg with a difficult team
|
|cant|p1a: Suicune|slp
|-activate|p2a: Jellicent|move: Struggle
|move|p2a: Jellicent|Struggle|p1a: Suicune
|-damage|p1a: Suicune|386\/404 slp
|-damage|p2a: Jellicent|134\/378
|
|-heal|p1a: Suicune|404\/404 slp|[from] item: Leftovers
|-heal|p2a: Jellicent|157\/378|[from] item: Leftovers
|turn|91
|c| Eylandos|funny guy^
|leave|el trinches
|
|-curestatus|p1a: Suicune|slp
|move|p1a: Suicune|Calm Mind|p1a: Suicune
|-fail|p1a: Suicune
|-activate|p2a: Jellicent|move: Struggle
|move|p2a: Jellicent|Struggle|p1a: Suicune
|-damage|p1a: Suicune|387\/404
|-damage|p2a: Jellicent|63\/378
|
|-heal|p1a: Suicune|404\/404|[from] item: Leftovers
|-heal|p2a: Jellicent|86\/378|[from] item: Leftovers
|turn|92
|leave|HelloJelloX
|join|F723
|leave|Atipicity
|
|move|p1a: Suicune|Rest|p1a: Suicune
|-fail|p1a: Suicune
|-activate|p2a: Jellicent|move: Struggle
|move|p2a: Jellicent|Struggle|p1a: Suicune
|-damage|p1a: Suicune|386\/404
|-damage|p2a: Jellicent|0 fnt
|faint|p2a: Jellicent
|
|win|RestePaisible
|raw|Ladder updating...
|join|BlazedMike95
|raw|RestePaisible's rating: 1480 &rarr; <strong>1499<\/strong><br \/>(+19 for winning)
|raw|Feral Mutant's rating: 1451 &rarr; <strong>1433<\/strong><br \/>(-18 for losing)
|join|Iggy Azalea's ass
|leave|Iggy Azalea's ass