|join|RestePaisible
|join|Miss Martian
|player|p1|RestePaisible|248
|player|p2|Miss Martian|143
|gametype|singles
|gen|6
|tier|OU
|rated
|clearpoke
|poke|p1|Scolipede, F
|poke|p1|Heracross, F
|poke|p1|Rotom-Wash
|poke|p1|Gliscor, M
|poke|p1|Magnezone
|poke|p1|Scizor, M
|poke|p2|Jirachi, shiny
|poke|p2|Suicune
|poke|p2|Charizard, M
|poke|p2|Keldeo
|poke|p2|Mamoswine, M
|poke|p2|Latios, M, shiny
|rule|Swagger Clause: Swagger is banned
|rule|Baton Pass Clause: Limit one PokÃ©mon knowing Baton Pass
|rule|Sleep Clause Mod: Limit one foe put to sleep
|rule|Species Clause: Limit one of each PokÃ©mon
|rule|OHKO Clause: OHKO moves are banned
|rule|Moody Clause: Moody is banned
|rule|Evasion Moves Clause: Evasion moves are banned
|rule|Endless Battle Clause: Forcing endless battles is banned
|rule|HP Percentage Mod: HP is shown in percentages
|teampreview
|
|start
|switch|p1a: Scolipede|Scolipede, F|324\/324
|switch|p2a: Mamoswine|Mamoswine, M|361\/361
|turn|1
|
|move|p1a: Scolipede|Iron Defense|p1a: Scolipede
|-boost|p1a: Scolipede|def|2
|move|p2a: Mamoswine|Stealth Rock|p1a: Scolipede
|-sidestart|p1: RestePaisible|move: Stealth Rock
|
|-boost|p1a: Scolipede|spe|1|[from] ability: Speed Boost
|turn|2
|
|switch|p2a: Charizard|Charizard, M|297\/297
|move|p1a: Scolipede|Swords Dance|p1a: Scolipede
|-boost|p1a: Scolipede|atk|2
|
|-boost|p1a: Scolipede|spe|1|[from] ability: Speed Boost
|turn|3
|
|detailschange|p2a: Charizard|Charizard-Mega-X, M
|message|Charizard has Mega Evolved into Mega Charizard!
|move|p1a: Scolipede|Protect|p1a: Scolipede
|-singleturn|p1a: Scolipede|Protect
|move|p2a: Charizard|Flamethrower|p1a: Scolipede
|-activate|p1a: Scolipede|Protect
|
|-boost|p1a: Scolipede|spe|1|[from] ability: Speed Boost
|turn|4
|
|move|p1a: Scolipede|Baton Pass|p1a: Scolipede
|
|switch|p1a: Gliscor|Gliscor, M|354\/354
|-damage|p1a: Gliscor|310\/354|[from] Stealth Rock
|move|p2a: Charizard|Dragon Claw|p1a: Gliscor
|-damage|p1a: Gliscor|249\/354
|
|-status|p1a: Gliscor|tox|[from] item: Toxic Orb
|turn|5
|
|switch|p2a: Latios|Latios, M, shiny|302\/302
|move|p1a: Gliscor|Aerial Ace|p2a: Latios
|-damage|p2a: Latios|142\/302
|
|-heal|p1a: Gliscor|293\/354 tox|[from] ability: Poison Heal
|turn|6
|
|move|p1a: Gliscor|Aerial Ace|p2a: Latios
|-damage|p2a: Latios|0 fnt
|faint|p2a: Latios
|
|-heal|p1a: Gliscor|337\/354 tox|[from] ability: Poison Heal
|
|switch|p2a: Mamoswine|Mamoswine, M|361\/361
|turn|7
|
|move|p1a: Gliscor|Earthquake|p2a: Mamoswine
|-damage|p2a: Mamoswine|97\/361
|move|p2a: Mamoswine|Icicle Spear|p1a: Gliscor
|-supereffective|p1a: Gliscor
|-damage|p1a: Gliscor|277\/354 tox
|-supereffective|p1a: Gliscor
|-damage|p1a: Gliscor|225\/354 tox
|-hitcount|p1a: Gliscor|2
|
|-heal|p1a: Gliscor|269\/354 tox|[from] ability: Poison Heal
|turn|8
|
|move|p2a: Mamoswine|Ice Shard|p1a: Gliscor
|-supereffective|p1a: Gliscor
|-damage|p1a: Gliscor|185\/354 tox
|move|p1a: Gliscor|Earthquake|p2a: Mamoswine
|-damage|p2a: Mamoswine|0 fnt
|faint|p2a: Mamoswine
|
|-heal|p1a: Gliscor|229\/354 tox|[from] ability: Poison Heal
|
|switch|p2a: Suicune|Suicune|404\/404
|-ability|p2a: Suicune|Pressure
|turn|9
|
|move|p1a: Gliscor|Earthquake|p2a: Suicune
|-damage|p2a: Suicune|229\/404
|move|p2a: Suicune|Scald|p1a: Gliscor
|-supereffective|p1a: Gliscor
|-damage|p1a: Gliscor|0 fnt
|faint|p1a: Gliscor
|
|-heal|p2a: Suicune|254\/404|[from] item: Leftovers
|
|switch|p1a: Magnezone|Magnezone|281\/281
|-damage|p1a: Magnezone|264\/281|[from] Stealth Rock
|turn|10
|
|switch|p2a: Charizard|Charizard-Mega-X, M|297\/297
|move|p1a: Magnezone|Thunderbolt|p2a: Charizard
|-crit|p2a: Charizard
|-resisted|p2a: Charizard
|-damage|p2a: Charizard|140\/297
|
|turn|11
|
|move|p2a: Charizard|Roost|p2a: Charizard
|-heal|p2a: Charizard|289\/297
|move|p1a: Magnezone|Thunderbolt|p2a: Charizard
|-resisted|p2a: Charizard
|-damage|p2a: Charizard|189\/297
|-status|p2a: Charizard|par
|
|turn|12
|
|move|p1a: Magnezone|Thunderbolt|p2a: Charizard
|-resisted|p2a: Charizard
|-damage|p2a: Charizard|87\/297 par
|move|p2a: Charizard|Earthquake|p1a: Magnezone
|-supereffective|p1a: Magnezone
|-damage|p1a: Magnezone|0 fnt
|faint|p1a: Magnezone
|
|
|switch|p1a: Scizor|Scizor, M|344\/344
|-damage|p1a: Scizor|301\/344|[from] Stealth Rock
|turn|13
|
|move|p1a: Scizor|Bullet Punch|p2a: Charizard
|-resisted|p2a: Charizard
|-damage|p2a: Charizard|22\/297 par
|-damage|p1a: Scizor|267\/344|[from] item: Life Orb
|move|p2a: Charizard|Flamethrower|p1a: Scizor
|-supereffective|p1a: Scizor
|-damage|p1a: Scizor|0 fnt
|faint|p1a: Scizor
|
|
|switch|p1a: Rotom-Wash|Rotom-Wash|304\/304
|-damage|p1a: Rotom-Wash|266\/304|[from] Stealth Rock
|turn|14
|
|move|p1a: Rotom-Wash|Volt Switch|p2a: Charizard
|-resisted|p2a: Charizard
|-damage|p2a: Charizard|0 fnt
|faint|p2a: Charizard
|
|switch|p1a: Scolipede|Scolipede, F|324\/324
|-damage|p1a: Scolipede|243\/324|[from] Stealth Rock
|
|-heal|p1a: Scolipede|263\/324|[from] item: Leftovers
|
|switch|p2a: Suicune|Suicune|254\/404
|-ability|p2a: Suicune|Pressure
|turn|15
|
|move|p1a: Scolipede|Swords Dance|p1a: Scolipede
|-boost|p1a: Scolipede|atk|2
|move|p2a: Suicune|Calm Mind|p2a: Suicune
|-boost|p2a: Suicune|spa|1
|-boost|p2a: Suicune|spd|1
|
|-heal|p1a: Scolipede|283\/324|[from] item: Leftovers
|-heal|p2a: Suicune|279\/404|[from] item: Leftovers
|-boost|p1a: Scolipede|spe|1|[from] ability: Speed Boost
|turn|16
|
|move|p1a: Scolipede|Swords Dance|p1a: Scolipede
|-boost|p1a: Scolipede|atk|2
|move|p2a: Suicune|Scald|p1a: Scolipede
|-damage|p1a: Scolipede|111\/324
|
|-heal|p1a: Scolipede|131\/324|[from] item: Leftovers
|-heal|p2a: Suicune|304\/404|[from] item: Leftovers
|-boost|p1a: Scolipede|spe|1|[from] ability: Speed Boost
|turn|17
|
|move|p1a: Scolipede|Baton Pass|p1a: Scolipede
|
|switch|p1a: Heracross|Heracross, F|302\/302
|-damage|p1a: Heracross|265\/302|[from] Stealth Rock
|move|p2a: Suicune|Scald|p1a: Heracross
|-damage|p1a: Heracross|136\/302
|-status|p1a: Heracross|brn
|
|-heal|p2a: Suicune|329\/404|[from] item: Leftovers
|-damage|p1a: Heracross|99\/302 brn|[from] brn
|turn|18
|
|switch|p2a: Jirachi|Jirachi, shiny|404\/404
|detailschange|p1a: Heracross|Heracross-Mega, F
|message|Heracross has Mega Evolved into Mega Heracross!
|move|p1a: Heracross|Bullet Seed|p2a: Jirachi
|-resisted|p2a: Jirachi
|-damage|p2a: Jirachi|375\/404
|-resisted|p2a: Jirachi
|-damage|p2a: Jirachi|347\/404
|-resisted|p2a: Jirachi
|-damage|p2a: Jirachi|319\/404
|-crit|p2a: Jirachi
|-resisted|p2a: Jirachi
|-damage|p2a: Jirachi|276\/404
|-resisted|p2a: Jirachi
|-damage|p2a: Jirachi|246\/404
|-hitcount|p2a: Jirachi|5
|
|-heal|p2a: Jirachi|271\/404|[from] item: Leftovers
|-damage|p1a: Heracross|62\/302 brn|[from] brn
|turn|19
|
|move|p1a: Heracross|Pin Missile|p2a: Jirachi
|-damage|p2a: Jirachi|181\/404
|-damage|p2a: Jirachi|96\/404
|-damage|p2a: Jirachi|14\/404
|-damage|p2a: Jirachi|0 fnt
|-hitcount|p2a: Jirachi|4
|faint|p2a: Jirachi
|
|-damage|p1a: Heracross|25\/302 brn|[from] brn
|
|switch|p2a: Keldeo|Keldeo|323\/323
|turn|20
|
|move|p1a: Heracross|Bullet Seed|p2a: Keldeo
|-supereffective|p2a: Keldeo
|-damage|p2a: Keldeo|195\/323
|-supereffective|p2a: Keldeo
|-damage|p2a: Keldeo|67\/323
|-supereffective|p2a: Keldeo
|-damage|p2a: Keldeo|0 fnt
|-hitcount|p2a: Keldeo|3
|faint|p2a: Keldeo
|
|-damage|p1a: Heracross|0 fnt|[from] brn
|faint|p1a: Heracross
|
|switch|p1a: Rotom-Wash|Rotom-Wash|266\/304
|-damage|p1a: Rotom-Wash|228\/304|[from] Stealth Rock
|switch|p2a: Suicune|Suicune|329\/404
|-ability|p2a: Suicune|Pressure
|turn|21
|
|move|p1a: Rotom-Wash|Volt Switch|p2a: Suicune
|-crit|p2a: Suicune
|-supereffective|p2a: Suicune
|-damage|p2a: Suicune|83\/404
|
|switch|p1a: Scolipede|Scolipede, F|131\/324
|-damage|p1a: Scolipede|50\/324|[from] Stealth Rock
|move|p2a: Suicune|Rest|p2a: Suicune
|-status|p2a: Suicune|slp
|-heal|p2a: Suicune|404\/404 slp|[silent]
|-status|p2a: Suicune|slp|[from] move: Rest
|
|-heal|p1a: Scolipede|70\/324|[from] item: Leftovers
|turn|22
|
|move|p1a: Scolipede|Protect|p1a: Scolipede
|-singleturn|p1a: Scolipede|Protect
|cant|p2a: Suicune|slp
|move|p2a: Suicune|Sleep Talk|p2a: Suicune
|move|p2a: Suicune|Scald|p1a: Scolipede|[from]Sleep Talk
|-activate|p1a: Scolipede|Protect
|
|-heal|p1a: Scolipede|90\/324|[from] item: Leftovers
|-boost|p1a: Scolipede|spe|1|[from] ability: Speed Boost
|turn|23
|
|move|p1a: Scolipede|Baton Pass|p1a: Scolipede
|
|switch|p1a: Rotom-Wash|Rotom-Wash|228\/304
|-damage|p1a: Rotom-Wash|190\/304|[from] Stealth Rock
|cant|p2a: Suicune|slp
|
|-heal|p1a: Rotom-Wash|209\/304|[from] item: Leftovers
|turn|24
|
|move|p1a: Rotom-Wash|Volt Switch|p2a: Suicune
|-supereffective|p2a: Suicune
|-damage|p2a: Suicune|248\/404 slp
|
|switch|p1a: Scolipede|Scolipede, F|90\/324
|-damage|p1a: Scolipede|9\/324|[from] Stealth Rock
|-curestatus|p2a: Suicune|slp
|move|p2a: Suicune|Calm Mind|p2a: Suicune
|-boost|p2a: Suicune|spa|1
|-boost|p2a: Suicune|spd|1
|
|-heal|p1a: Scolipede|29\/324|[from] item: Leftovers
|-heal|p2a: Suicune|273\/404|[from] item: Leftovers
|turn|25
|
|move|p1a: Scolipede|Iron Defense|p1a: Scolipede
|-boost|p1a: Scolipede|def|2
|move|p2a: Suicune|Calm Mind|p2a: Suicune
|-boost|p2a: Suicune|spa|1
|-boost|p2a: Suicune|spd|1
|
|-heal|p1a: Scolipede|49\/324|[from] item: Leftovers
|-heal|p2a: Suicune|298\/404|[from] item: Leftovers
|-boost|p1a: Scolipede|spe|1|[from] ability: Speed Boost
|turn|26
|c|âRestePaisible|gg
|
|move|p1a: Scolipede|Baton Pass|p1a: Scolipede
|
|switch|p1a: Rotom-Wash|Rotom-Wash|209\/304
|-damage|p1a: Rotom-Wash|171\/304|[from] Stealth Rock
|move|p2a: Suicune|Rest|p2a: Suicune
|-status|p2a: Suicune|slp
|-heal|p2a: Suicune|404\/404 slp|[silent]
|-status|p2a: Suicune|slp|[from] move: Rest
|
|-heal|p1a: Rotom-Wash|190\/304|[from] item: Leftovers
|turn|27
|
|move|p1a: Rotom-Wash|Pain Split|p2a: Suicune
|-sethp|p2a: Suicune|297\/404 slp|p1a: Rotom-Wash|297\/304|[from] move: Pain Split
|cant|p2a: Suicune|slp
|move|p2a: Suicune|Sleep Talk|p2a: Suicune
|move|p2a: Suicune|Scald|p1a: Rotom-Wash|[from]Sleep Talk
|-resisted|p1a: Rotom-Wash
|-damage|p1a: Rotom-Wash|240\/304
|-status|p1a: Rotom-Wash|brn
|
|-heal|p1a: Rotom-Wash|259\/304 brn|[from] item: Leftovers
|-heal|p2a: Suicune|322\/404 slp|[from] item: Leftovers
|-damage|p1a: Rotom-Wash|221\/304 brn|[from] brn
|turn|28
|
|move|p1a: Rotom-Wash|Volt Switch|p2a: Suicune
|-crit|p2a: Suicune
|-supereffective|p2a: Suicune
|-damage|p2a: Suicune|98\/404 slp
|
|switch|p1a: Scolipede|Scolipede, F|49\/324
|-damage|p1a: Scolipede|0 fnt|[from] Stealth Rock
|faint|p1a: Scolipede
|cant|p2a: Suicune|slp
|move|p2a: Suicune|Sleep Talk|p2a: Suicune
|move|p2a: Suicune|Scald|p1: Scolipede|[from]Sleep Talk|[notarget]
|-notarget
|
|-heal|p2a: Suicune|123\/404 slp|[from] item: Leftovers
|
|switch|p1a: Rotom-Wash|Rotom-Wash|221\/304 brn
|-damage|p1a: Rotom-Wash|183\/304 brn|[from] Stealth Rock
|turn|29
|
|move|p1a: Rotom-Wash|Volt Switch|p2a: Suicune
|-supereffective|p2a: Suicune
|-damage|p2a: Suicune|39\/404 slp
|-curestatus|p2a: Suicune|slp
|move|p2a: Suicune|Rest|p2a: Suicune
|-status|p2a: Suicune|slp
|-heal|p2a: Suicune|404\/404 slp|[silent]
|-status|p2a: Suicune|slp|[from] move: Rest
|
|-heal|p1a: Rotom-Wash|202\/304 brn|[from] item: Leftovers
|-damage|p1a: Rotom-Wash|164\/304 brn|[from] brn
|turn|30
|
|move|p1a: Rotom-Wash|Volt Switch|p2a: Suicune
|-supereffective|p2a: Suicune
|-damage|p2a: Suicune|326\/404 slp
|cant|p2a: Suicune|slp
|move|p2a: Suicune|Sleep Talk|p2a: Suicune
|move|p2a: Suicune|Rest|p2a: Suicune|[from]Sleep Talk
|-fail|p2a: Suicune
|
|-heal|p1a: Rotom-Wash|183\/304 brn|[from] item: Leftovers
|-heal|p2a: Suicune|351\/404 slp|[from] item: Leftovers
|-damage|p1a: Rotom-Wash|145\/304 brn|[from] brn
|turn|31
|
|move|p1a: Rotom-Wash|Volt Switch|p2a: Suicune
|-supereffective|p2a: Suicune
|-damage|p2a: Suicune|277\/404 slp
|cant|p2a: Suicune|slp
|move|p2a: Suicune|Sleep Talk|p2a: Suicune
|move|p2a: Suicune|Rest|p2a: Suicune|[from]Sleep Talk
|-fail|p2a: Suicune
|
|-heal|p1a: Rotom-Wash|164\/304 brn|[from] item: Leftovers
|-heal|p2a: Suicune|302\/404 slp|[from] item: Leftovers
|-damage|p1a: Rotom-Wash|126\/304 brn|[from] brn
|turn|32
|
|move|p1a: Rotom-Wash|Volt Switch|p2a: Suicune
|-supereffective|p2a: Suicune
|-damage|p2a: Suicune|230\/404 slp
|-curestatus|p2a: Suicune|slp
|move|p2a: Suicune|Rest|p2a: Suicune
|-status|p2a: Suicune|slp
|-heal|p2a: Suicune|404\/404 slp|[silent]
|-status|p2a: Suicune|slp|[from] move: Rest
|
|-heal|p1a: Rotom-Wash|145\/304 brn|[from] item: Leftovers
|-damage|p1a: Rotom-Wash|107\/304 brn|[from] brn
|turn|33
|
|move|p1a: Rotom-Wash|Volt Switch|p2a: Suicune
|-supereffective|p2a: Suicune
|-damage|p2a: Suicune|324\/404 slp
|cant|p2a: Suicune|slp
|move|p2a: Suicune|Sleep Talk|p2a: Suicune
|move|p2a: Suicune|Calm Mind|p2a: Suicune|[from]Sleep Talk
|-boost|p2a: Suicune|spa|1
|-boost|p2a: Suicune|spd|1
|
|-heal|p1a: Rotom-Wash|126\/304 brn|[from] item: Leftovers
|-heal|p2a: Suicune|349\/404 slp|[from] item: Leftovers
|-damage|p1a: Rotom-Wash|88\/304 brn|[from] brn
|turn|34
|
|move|p1a: Rotom-Wash|Pain Split|p2a: Suicune
|-sethp|p2a: Suicune|218\/404 slp|p1a: Rotom-Wash|218\/304 brn|[from] move: Pain Split
|cant|p2a: Suicune|slp
|move|p2a: Suicune|Sleep Talk|p2a: Suicune
|move|p2a: Suicune|Calm Mind|p2a: Suicune|[from]Sleep Talk
|-boost|p2a: Suicune|spa|1
|-boost|p2a: Suicune|spd|1
|
|-heal|p1a: Rotom-Wash|237\/304 brn|[from] item: Leftovers
|-heal|p2a: Suicune|243\/404 slp|[from] item: Leftovers
|-damage|p1a: Rotom-Wash|199\/304 brn|[from] brn
|turn|35
|
|move|p1a: Rotom-Wash|Hydro Pump|p2a: Suicune
|-resisted|p2a: Suicune
|-damage|p2a: Suicune|223\/404 slp
|-curestatus|p2a: Suicune|slp
|move|p2a: Suicune|Scald|p1a: Rotom-Wash
|-resisted|p1a: Rotom-Wash
|-damage|p1a: Rotom-Wash|103\/304 brn
|
|-heal|p1a: Rotom-Wash|122\/304 brn|[from] item: Leftovers
|-heal|p2a: Suicune|248\/404|[from] item: Leftovers
|-damage|p1a: Rotom-Wash|84\/304 brn|[from] brn
|turn|36
|
|move|p1a: Rotom-Wash|Pain Split|p2a: Suicune
|-sethp|p2a: Suicune|166\/404|p1a: Rotom-Wash|166\/304 brn|[from] move: Pain Split
|move|p2a: Suicune|Calm Mind|p2a: Suicune
|-boost|p2a: Suicune|spa|1
|-boost|p2a: Suicune|spd|1
|
|-heal|p1a: Rotom-Wash|185\/304 brn|[from] item: Leftovers
|-heal|p2a: Suicune|191\/404|[from] item: Leftovers
|-damage|p1a: Rotom-Wash|147\/304 brn|[from] brn
|turn|37
|
|move|p1a: Rotom-Wash|Volt Switch|p2a: Suicune
|-supereffective|p2a: Suicune
|-damage|p2a: Suicune|147\/404
|move|p2a: Suicune|Rest|p2a: Suicune
|-status|p2a: Suicune|slp
|-heal|p2a: Suicune|404\/404 slp|[silent]
|-status|p2a: Suicune|slp|[from] move: Rest
|
|-heal|p1a: Rotom-Wash|166\/304 brn|[from] item: Leftovers
|-damage|p1a: Rotom-Wash|128\/304 brn|[from] brn
|turn|38
|
|move|p1a: Rotom-Wash|Pain Split|p2a: Suicune
|-sethp|p2a: Suicune|266\/404 slp|p1a: Rotom-Wash|266\/304 brn|[from] move: Pain Split
|cant|p2a: Suicune|slp
|move|p2a: Suicune|Sleep Talk|p2a: Suicune
|move|p2a: Suicune|Scald|p1a: Rotom-Wash|[from]Sleep Talk
|-resisted|p1a: Rotom-Wash
|-damage|p1a: Rotom-Wash|167\/304 brn
|
|-heal|p1a: Rotom-Wash|186\/304 brn|[from] item: Leftovers
|-heal|p2a: Suicune|291\/404 slp|[from] item: Leftovers
|-damage|p1a: Rotom-Wash|148\/304 brn|[from] brn
|turn|39
|
|move|p1a: Rotom-Wash|Volt Switch|p2a: Suicune
|-supereffective|p2a: Suicune
|-damage|p2a: Suicune|249\/404 slp
|cant|p2a: Suicune|slp
|move|p2a: Suicune|Sleep Talk|p2a: Suicune
|move|p2a: Suicune|Scald|p1a: Rotom-Wash|[from]Sleep Talk
|-resisted|p1a: Rotom-Wash
|-damage|p1a: Rotom-Wash|47\/304 brn
|
|-heal|p1a: Rotom-Wash|66\/304 brn|[from] item: Leftovers
|-heal|p2a: Suicune|274\/404 slp|[from] item: Leftovers
|-damage|p1a: Rotom-Wash|28\/304 brn|[from] brn
|turn|40
|
|move|p1a: Rotom-Wash|Pain Split|p2a: Suicune
|-sethp|p2a: Suicune|151\/404 slp|p1a: Rotom-Wash|151\/304 brn|[from] move: Pain Split
|-curestatus|p2a: Suicune|slp
|move|p2a: Suicune|Scald|p1a: Rotom-Wash
|-resisted|p1a: Rotom-Wash
|-damage|p1a: Rotom-Wash|50\/304 brn
|
|-heal|p1a: Rotom-Wash|69\/304 brn|[from] item: Leftovers
|-heal|p2a: Suicune|176\/404|[from] item: Leftovers
|-damage|p1a: Rotom-Wash|31\/304 brn|[from] brn
|turn|41
|
|move|p1a: Rotom-Wash|Pain Split|p2a: Suicune
|-sethp|p2a: Suicune|103\/404|p1a: Rotom-Wash|103\/304 brn|[from] move: Pain Split
|move|p2a: Suicune|Scald|p1a: Rotom-Wash
|-resisted|p1a: Rotom-Wash
|-damage|p1a: Rotom-Wash|0 fnt
|faint|p1a: Rotom-Wash
|
|win|Miss Martian
|raw|Ladder updating...
|raw|RestePaisible's rating: 1385 &rarr; <strong>1367<\/strong><br \/>(-18 for losing)
|raw|Miss Martian's rating: 1411 &rarr; <strong>1429<\/strong><br \/>(+18 for winning)
|leave|RestePaisible
|player|p1