|join|RestePaisible
|join|rufo2
|player|p1|RestePaisible|248
|player|p2|rufo2|101
|gametype|singles
|gen|6
|tier|OU
|rated
|clearpoke
|poke|p1|Scizor, M
|poke|p1|Heatran, M
|poke|p1|Gengar, F
|poke|p1|Suicune
|poke|p1|Togekiss, M
|poke|p1|Terrakion
|poke|p2|Heatran, M
|poke|p2|Venusaur, M
|poke|p2|Tyranitar, F
|poke|p2|Kyurem-Black
|poke|p2|Suicune
|poke|p2|Thundurus-Therian, M
|rule|Swagger Clause: Swagger is banned
|rule|Baton Pass Clause: Limit one PokÃ©mon knowing Baton Pass
|rule|Sleep Clause Mod: Limit one foe put to sleep
|rule|Species Clause: Limit one of each PokÃ©mon
|rule|OHKO Clause: OHKO moves are banned
|rule|Moody Clause: Moody is banned
|rule|Evasion Moves Clause: Evasion moves are banned
|rule|Endless Battle Clause: Forcing endless battles is banned
|rule|HP Percentage Mod: HP is shown in percentages
|teampreview
|
|start
|switch|p1a: Gengar|Gengar, F|262\/262
|switch|p2a: Thundurus-Therian|Thundurus-Therian, M|299\/299
|turn|1
|
|switch|p1a: Heatran|Heatran, M|386\/386
|move|p2a: Thundurus-Therian|Psychic|p1a: Heatran
|-resisted|p1a: Heatran
|-damage|p1a: Heatran|328\/386
|
|-heal|p1a: Heatran|352\/386|[from] item: Leftovers
|turn|2
|
|move|p2a: Thundurus-Therian|Psychic|p1a: Heatran
|-resisted|p1a: Heatran
|-damage|p1a: Heatran|295\/386
|move|p1a: Heatran|Stealth Rock|p2a: Thundurus-Therian
|-sidestart|p2: rufo2|move: Stealth Rock
|
|-heal|p1a: Heatran|319\/386|[from] item: Leftovers
|turn|3
|
|switch|p2a: Heatran|Heatran, M|385\/385
|-damage|p2a: Heatran|337\/385|[from] Stealth Rock
|move|p1a: Heatran|Roar|p2a: Heatran
|drag|p2a: Suicune|Suicune|404\/404
|-damage|p2a: Suicune|354\/404|[from] Stealth Rock
|-ability|p2a: Suicune|Pressure
|
|-heal|p2a: Suicune|379\/404|[from] item: Leftovers
|-heal|p1a: Heatran|343\/386|[from] item: Leftovers
|turn|4
|
|switch|p1a: Suicune|Suicune|404\/404
|-ability|p1a: Suicune|Pressure
|move|p2a: Suicune|Scald|p1a: Suicune
|-resisted|p1a: Suicune
|-damage|p1a: Suicune|368\/404
|-status|p1a: Suicune|brn
|
|-heal|p2a: Suicune|404\/404|[from] item: Leftovers
|-heal|p1a: Suicune|393\/404 brn|[from] item: Leftovers
|-damage|p1a: Suicune|343\/404 brn|[from] brn
|turn|5
|
|switch|p2a: Venusaur|Venusaur, M|302\/302
|-damage|p2a: Venusaur|265\/302|[from] Stealth Rock
|move|p1a: Suicune|Scald|p2a: Venusaur
|-resisted|p2a: Venusaur
|-damage|p2a: Venusaur|225\/302
|-status|p2a: Venusaur|brn
|
|-heal|p1a: Suicune|368\/404 brn|[from] item: Leftovers
|-damage|p2a: Venusaur|188\/302 brn|[from] brn
|-damage|p1a: Suicune|318\/404 brn|[from] brn
|turn|6
|
|switch|p1a: Togekiss|Togekiss, M|374\/374
|detailschange|p2a: Venusaur|Venusaur-Mega, M
|message|Venusaur has Mega Evolved into Mega Venusaur!
|move|p2a: Venusaur|Leech Seed|p1a: Togekiss
|-start|p1a: Togekiss|move: Leech Seed
|
|-damage|p1a: Togekiss|328\/374|[from] Leech Seed|[of] p2a: Venusaur
|-heal|p2a: Venusaur|234\/302 brn|[silent]
|-damage|p2a: Venusaur|197\/302 brn|[from] brn
|turn|7
|
|switch|p2a: Heatran|Heatran, M|337\/385
|-damage|p2a: Heatran|289\/385|[from] Stealth Rock
|move|p1a: Togekiss|Air Slash|p2a: Heatran
|-resisted|p2a: Heatran
|-damage|p2a: Heatran|251\/385
|
|-heal|p2a: Heatran|275\/385|[from] item: Leftovers
|-heal|p1a: Togekiss|351\/374|[from] item: Leftovers
|-damage|p1a: Togekiss|305\/374|[from] Leech Seed|[of] p2a: Heatran
|-heal|p2a: Heatran|321\/385|[silent]
|turn|8
|
|switch|p1a: Terrakion|Terrakion|323\/323
|move|p2a: Heatran|Earth Power|p1a: Terrakion
|-supereffective|p1a: Terrakion
|-damage|p1a: Terrakion|123\/323
|
|-heal|p2a: Heatran|345\/385|[from] item: Leftovers
|turn|9
|
|move|p1a: Terrakion|Close Combat|p2a: Heatran
|-supereffective|p2a: Heatran
|-damage|p2a: Heatran|0 fnt
|-unboost|p1a: Terrakion|def|1
|-unboost|p1a: Terrakion|spd|1
|faint|p2a: Heatran
|
|
|switch|p2a: Thundurus-Therian|Thundurus-Therian, M|299\/299
|-damage|p2a: Thundurus-Therian|225\/299|[from] Stealth Rock
|turn|10
|
|switch|p1a: Heatran|Heatran, M|343\/386
|move|p2a: Thundurus-Therian|Focus Blast|p1a: Heatran
|-supereffective|p1a: Heatran
|-damage|p1a: Heatran|19\/386
|
|-heal|p1a: Heatran|43\/386|[from] item: Leftovers
|turn|11
|
|move|p1a: Heatran|Protect|p1a: Heatran
|-singleturn|p1a: Heatran|Protect
|move|p2a: Thundurus-Therian|Focus Blast|p1a: Heatran
|-activate|p1a: Heatran|Protect
|
|-heal|p1a: Heatran|67\/386|[from] item: Leftovers
|turn|12
|
|switch|p2a: Tyranitar|Tyranitar, F|403\/403
|-damage|p2a: Tyranitar|353\/403|[from] Stealth Rock
|-weather|Sandstorm
|move|p1a: Heatran|Lava Plume|p2a: Tyranitar
|-resisted|p2a: Tyranitar
|-damage|p2a: Tyranitar|323\/403
|
|-weather|Sandstorm|[upkeep]
|-heal|p1a: Heatran|91\/386|[from] item: Leftovers
|turn|13
|
|move|p2a: Tyranitar|Rock Slide|p1a: Heatran
|-damage|p1a: Heatran|0 fnt
|faint|p1a: Heatran
|
|-weather|Sandstorm|[upkeep]
|
|switch|p1a: Scizor|Scizor, M|344\/344
|turn|14
|
|detailschange|p1a: Scizor|Scizor-Mega, M
|message|Scizor has Mega Evolved into Mega Scizor!
|move|p2a: Tyranitar|Flamethrower|p1a: Scizor
|-supereffective|p1a: Scizor
|-damage|p1a: Scizor|48\/344
|move|p1a: Scizor|Swords Dance|p1a: Scizor
|-boost|p1a: Scizor|atk|2
|
|-weather|Sandstorm|[upkeep]
|turn|15
|
|switch|p1a: Togekiss|Togekiss, M|305\/374
|switch|p2a: Suicune|Suicune|404\/404
|-damage|p2a: Suicune|354\/404|[from] Stealth Rock
|-ability|p2a: Suicune|Pressure
|
|-weather|Sandstorm|[upkeep]
|-damage|p2a: Suicune|329\/404|[from] sandstorm
|-damage|p1a: Togekiss|282\/374|[from] sandstorm
|-heal|p2a: Suicune|354\/404|[from] item: Leftovers
|-heal|p1a: Togekiss|305\/374|[from] item: Leftovers
|turn|16
|
|move|p2a: Suicune|Calm Mind|p2a: Suicune
|-boost|p2a: Suicune|spa|1
|-boost|p2a: Suicune|spd|1
|move|p1a: Togekiss|Air Slash|p2a: Suicune
|-damage|p2a: Suicune|293\/404
|
|-weather|none
|-heal|p2a: Suicune|318\/404|[from] item: Leftovers
|-heal|p1a: Togekiss|328\/374|[from] item: Leftovers
|turn|17
|
|switch|p1a: Suicune|Suicune|318\/404 brn
|-ability|p1a: Suicune|Pressure
|move|p2a: Suicune|Calm Mind|p2a: Suicune
|-boost|p2a: Suicune|spa|1
|-boost|p2a: Suicune|spd|1
|
|-heal|p2a: Suicune|343\/404|[from] item: Leftovers
|-heal|p1a: Suicune|343\/404 brn|[from] item: Leftovers
|-damage|p1a: Suicune|293\/404 brn|[from] brn
|turn|18
|c|ârufo2|endless battle?
|
|move|p2a: Suicune|Scald|p1a: Suicune
|-resisted|p1a: Suicune
|-damage|p1a: Suicune|220\/404 brn
|move|p1a: Suicune|Calm Mind|p1a: Suicune
|-boost|p1a: Suicune|spa|1
|-boost|p1a: Suicune|spd|1
|
|-heal|p2a: Suicune|368\/404|[from] item: Leftovers
|-heal|p1a: Suicune|245\/404 brn|[from] item: Leftovers
|-damage|p1a: Suicune|195\/404 brn|[from] brn
|turn|19
|
|move|p2a: Suicune|Calm Mind|p2a: Suicune
|-boost|p2a: Suicune|spa|1
|-boost|p2a: Suicune|spd|1
|move|p1a: Suicune|Calm Mind|p1a: Suicune
|-boost|p1a: Suicune|spa|1
|-boost|p1a: Suicune|spd|1
|
|-heal|p1a: Suicune|220\/404 brn|[from] item: Leftovers
|-heal|p2a: Suicune|393\/404|[from] item: Leftovers
|-damage|p1a: Suicune|170\/404 brn|[from] brn
|turn|20
|
|move|p1a: Suicune|Calm Mind|p1a: Suicune
|-boost|p1a: Suicune|spa|1
|-boost|p1a: Suicune|spd|1
|move|p2a: Suicune|Calm Mind|p2a: Suicune
|-boost|p2a: Suicune|spa|1
|-boost|p2a: Suicune|spd|1
|
|-heal|p2a: Suicune|404\/404|[from] item: Leftovers
|-heal|p1a: Suicune|195\/404 brn|[from] item: Leftovers
|-damage|p1a: Suicune|145\/404 brn|[from] brn
|turn|21
|
|move|p2a: Suicune|Scald|p1a: Suicune
|-resisted|p1a: Suicune
|-damage|p1a: Suicune|100\/404 brn
|move|p1a: Suicune|Rest|p1a: Suicune
|-status|p1a: Suicune|slp
|-heal|p1a: Suicune|404\/404 slp|[silent]
|-status|p1a: Suicune|slp|[from] move: Rest
|
|turn|22
|
|switch|p2a: Venusaur|Venusaur-Mega, M|197\/302 brn
|-damage|p2a: Venusaur|160\/302 brn|[from] Stealth Rock
|cant|p1a: Suicune|slp
|move|p1a: Suicune|Sleep Talk|p1a: Suicune
|move|p1a: Suicune|Rest|p1a: Suicune|[from]Sleep Talk
|-fail|p1a: Suicune
|
|-damage|p2a: Venusaur|123\/302 brn|[from] brn
|turn|23
|
|move|p2a: Venusaur|Leech Seed|p1a: Suicune
|-start|p1a: Suicune|move: Leech Seed
|cant|p1a: Suicune|slp
|move|p1a: Suicune|Sleep Talk|p1a: Suicune
|move|p1a: Suicune|Calm Mind|p1a: Suicune|[from]Sleep Talk
|-boost|p1a: Suicune|spa|1
|-boost|p1a: Suicune|spd|1
|
|-damage|p1a: Suicune|354\/404 slp|[from] Leech Seed|[of] p2a: Venusaur
|-heal|p2a: Venusaur|173\/302 brn|[silent]
|-damage|p2a: Venusaur|136\/302 brn|[from] brn
|turn|24
|
|move|p2a: Venusaur|Giga Drain|p1a: Suicune
|-supereffective|p1a: Suicune
|-damage|p1a: Suicune|270\/404 slp
|-heal|p2a: Venusaur|178\/302 brn|[from] drain|[of] p1a: Suicune
|-curestatus|p1a: Suicune|slp
|move|p1a: Suicune|Scald|p2a: Venusaur
|-resisted|p2a: Venusaur
|-damage|p2a: Venusaur|69\/302 brn
|
|-heal|p1a: Suicune|295\/404|[from] item: Leftovers
|-damage|p1a: Suicune|245\/404|[from] Leech Seed|[of] p2a: Venusaur
|-heal|p2a: Venusaur|119\/302 brn|[silent]
|-damage|p2a: Venusaur|82\/302 brn|[from] brn
|turn|25
|
|move|p2a: Venusaur|Giga Drain|p1a: Suicune
|-supereffective|p1a: Suicune
|-damage|p1a: Suicune|155\/404
|-heal|p2a: Venusaur|127\/302 brn|[from] drain|[of] p1a: Suicune
|move|p1a: Suicune|Scald|p2a: Venusaur
|-crit|p2a: Venusaur
|-resisted|p2a: Venusaur
|-damage|p2a: Venusaur|0 fnt
|faint|p2a: Venusaur
|
|-heal|p1a: Suicune|180\/404|[from] item: Leftovers
|
|switch|p2a: Kyurem-Black|Kyurem-Black|454\/454
|-damage|p2a: Kyurem-Black|341\/454|[from] Stealth Rock
|-ability|p2a: Kyurem-Black|Teravolt
|turn|26
|
|move|p2a: Kyurem-Black|Outrage|p1a: Suicune
|-damage|p1a: Suicune|24\/404
|move|p1a: Suicune|Scald|p2a: Kyurem-Black
|-crit|p2a: Kyurem-Black
|-resisted|p2a: Kyurem-Black
|-damage|p2a: Kyurem-Black|100\/454
|
|-heal|p2a: Kyurem-Black|128\/454|[from] item: Leftovers
|-heal|p1a: Suicune|49\/404|[from] item: Leftovers
|-damage|p1a: Suicune|0 fnt|[from] Leech Seed|[of] p2a: Kyurem-Black
|-heal|p2a: Kyurem-Black|177\/454|[silent]
|faint|p1a: Suicune
|
|switch|p1a: Togekiss|Togekiss, M|328\/374
|turn|27
|
|move|p2a: Kyurem-Black|Outrage|p1a: Togekiss
|-immune|p1a: Togekiss|[msg]
|move|p1a: Togekiss|Dazzling Gleam|p2a: Kyurem-Black
|-supereffective|p2a: Kyurem-Black
|-damage|p2a: Kyurem-Black|0 fnt
|faint|p2a: Kyurem-Black
|
|-heal|p1a: Togekiss|351\/374|[from] item: Leftovers
|
|switch|p2a: Tyranitar|Tyranitar, F|323\/403
|-damage|p2a: Tyranitar|273\/403|[from] Stealth Rock
|-weather|Sandstorm
|turn|28
|
|move|p1a: Togekiss|Dazzling Gleam|p2a: Tyranitar
|-supereffective|p2a: Tyranitar
|-damage|p2a: Tyranitar|165\/403
|move|p2a: Tyranitar|Rock Slide|p1a: Togekiss
|-miss|p2a: Tyranitar|p1a: Togekiss
|
|-weather|Sandstorm|[upkeep]
|-damage|p1a: Togekiss|328\/374|[from] sandstorm
|-heal|p1a: Togekiss|351\/374|[from] item: Leftovers
|turn|29
|
|move|p1a: Togekiss|Dazzling Gleam|p2a: Tyranitar
|-supereffective|p2a: Tyranitar
|-damage|p2a: Tyranitar|49\/403
|move|p2a: Tyranitar|Rock Slide|p1a: Togekiss
|-miss|p2a: Tyranitar|p1a: Togekiss
|
|-weather|Sandstorm|[upkeep]
|-damage|p1a: Togekiss|328\/374|[from] sandstorm
|-heal|p1a: Togekiss|351\/374|[from] item: Leftovers
|turn|30
|c|ârufo2|omg 
|c|ârufo2|fucking hax
|c|âRestePaisible|that didn't kill me at all
|c|ârufo2|not fair
|
|move|p1a: Togekiss|Dazzling Gleam|p2a: Tyranitar
|-supereffective|p2a: Tyranitar
|-damage|p2a: Tyranitar|0 fnt
|faint|p2a: Tyranitar
|
|-weather|Sandstorm|[upkeep]
|-damage|p1a: Togekiss|328\/374|[from] sandstorm
|-heal|p1a: Togekiss|351\/374|[from] item: Leftovers
|c|ârufo2|2 rockslide?
|c|ârufo2|sorry sir, it kills u
|c|âRestePaisible|no i'm full defense
|c|ârufo2|stab + weak
|
|switch|p2a: Suicune|Suicune|404\/404
|-damage|p2a: Suicune|354\/404|[from] Stealth Rock
|-ability|p2a: Suicune|Pressure
|turn|31
|c|ârufo2|!data togekiss
|c|~|\/data-pokemon Togekiss

|
|move|p2a: Suicune|Calm Mind|p2a: Suicune
|-boost|p2a: Suicune|spa|1
|-boost|p2a: Suicune|spd|1
|move|p1a: Togekiss|Thunder Wave|p2a: Suicune
|-status|p2a: Suicune|par
|
|-weather|Sandstorm|[upkeep]
|-damage|p1a: Togekiss|328\/374|[from] sandstorm
|-damage|p2a: Suicune|329\/404 par|[from] sandstorm
|-heal|p1a: Togekiss|351\/374|[from] item: Leftovers
|-heal|p2a: Suicune|354\/404 par|[from] item: Leftovers
|turn|32
|c|ârufo2|and not too much defense
|c|ârufo2|man u would be dead
|
|switch|p1a: Scizor|Scizor-Mega, M|48\/344
|move|p2a: Suicune|Calm Mind|p2a: Suicune
|-boost|p2a: Suicune|spa|1
|-boost|p2a: Suicune|spd|1
|
|-weather|none
|-heal|p2a: Suicune|379\/404 par|[from] item: Leftovers
|turn|33
|
|move|p1a: Scizor|Roost|p1a: Scizor
|-heal|p1a: Scizor|220\/344
|move|p2a: Suicune|Scald|p1a: Scizor
|-damage|p1a: Scizor|45\/344
|-status|p1a: Scizor|brn
|
|-heal|p2a: Suicune|404\/404 par|[from] item: Leftovers
|-damage|p1a: Scizor|2\/344 brn|[from] brn
|turn|34
|
|move|p1a: Scizor|Bullet Punch|p2a: Suicune
|-resisted|p2a: Suicune
|-damage|p2a: Suicune|389\/404 par
|cant|p2a: Suicune|par
|
|-heal|p2a: Suicune|404\/404 par|[from] item: Leftovers
|-damage|p1a: Scizor|0 fnt|[from] brn
|faint|p1a: Scizor
|
|switch|p1a: Gengar|Gengar, F|262\/262
|turn|35
|
|move|p1a: Gengar|Shadow Ball|p2a: Suicune
|-damage|p2a: Suicune|338\/404 par
|-unboost|p2a: Suicune|spd|1
|cant|p2a: Suicune|par
|
|-heal|p2a: Suicune|363\/404 par|[from] item: Leftovers
|turn|36
|
|move|p1a: Gengar|Shadow Ball|p2a: Suicune
|-damage|p2a: Suicune|276\/404 par
|move|p2a: Suicune|Calm Mind|p2a: Suicune
|-boost|p2a: Suicune|spa|1
|-boost|p2a: Suicune|spd|1
|
|-heal|p2a: Suicune|301\/404 par|[from] item: Leftovers
|turn|37
|
|move|p1a: Gengar|Taunt|p2a: Suicune
|-start|p2a: Suicune|move: Taunt
|cant|p2a: Suicune|move: Taunt|Calm Mind
|
|-heal|p2a: Suicune|326\/404 par|[from] item: Leftovers
|turn|38
|
|move|p1a: Gengar|Shadow Ball|p2a: Suicune
|-damage|p2a: Suicune|262\/404 par
|move|p2a: Suicune|Scald|p1a: Gengar
|-enditem|p1a: Gengar|Focus Sash
|-damage|p1a: Gengar|1\/262
|
|-heal|p2a: Suicune|287\/404 par|[from] item: Leftovers
|turn|39
|
|move|p1a: Gengar|Destiny Bond|p1a: Gengar
|-singlemove|p1a: Gengar|Destiny Bond
|move|p2a: Suicune|Scald|p1a: Gengar
|-damage|p1a: Gengar|0 fnt
|faint|p1a: Gengar
|-activate|p1a: Gengar|Destiny Bond
|faint|p2a: Suicune
|
|c|ârufo2|if not double fail rock slide
|c|ârufo2|u would be dead
|
|switch|p2a: Thundurus-Therian|Thundurus-Therian, M|225\/299
|-damage|p2a: Thundurus-Therian|151\/299|[from] Stealth Rock
|switch|p1a: Togekiss|Togekiss, M|351\/374
|turn|40
|
|move|p2a: Thundurus-Therian|Thunderbolt|p1a: Togekiss
|-crit|p1a: Togekiss
|-supereffective|p1a: Togekiss
|-damage|p1a: Togekiss|0 fnt
|faint|p1a: Togekiss
|
|
|switch|p1a: Terrakion|Terrakion|123\/323
|turn|41
|
|move|p1a: Terrakion|Stone Edge|p2a: Thundurus-Therian
|-crit|p2a: Thundurus-Therian
|-supereffective|p2a: Thundurus-Therian
|-damage|p2a: Thundurus-Therian|0 fnt
|faint|p2a: Thundurus-Therian
|
|win|RestePaisible
|raw|Ladder updating...
|raw|RestePaisible's rating: 1457 &rarr; <strong>1473<\/strong><br \/>(+16 for winning)
|raw|rufo2's rating: 1384 &rarr; <strong>1368<\/strong><br \/>(-16 for losing)
|c|ârufo2|stupid haxer
|leave|RestePaisible
|player|p1