|join|Alakarde
|join|RestePaisible
|player|p1|Alakarde|101
|player|p2|RestePaisible|248
|gametype|singles
|gen|6
|tier|OU
|rated
|clearpoke
|poke|p1|Gardevoir, F, shiny
|poke|p1|Conkeldurr, M
|poke|p1|Gyarados, M
|poke|p1|Gliscor, F
|poke|p1|Heatran, F
|poke|p1|Chansey, F
|poke|p2|Gliscor, M
|poke|p2|Rotom-Wash, shiny
|poke|p2|Quagsire, M
|poke|p2|Mawile, F
|poke|p2|Aegislash, F
|poke|p2|Umbreon, M
|rule|Swagger Clause: Swagger is banned
|rule|Baton Pass Clause: Limit one PokÃ©mon knowing Baton Pass
|rule|Sleep Clause Mod: Limit one foe put to sleep
|rule|Species Clause: Limit one of each PokÃ©mon
|rule|OHKO Clause: OHKO moves are banned
|rule|Moody Clause: Moody is banned
|rule|Evasion Moves Clause: Evasion moves are banned
|rule|Endless Battle Clause: Forcing endless battles is banned
|rule|HP Percentage Mod: HP is reported as percentages
|teampreview
|
|start
|switch|p1a: Gyarados|Gyarados, M|345\/345
|switch|p2a: Gliscor|Gliscor, M|354\/354
|-ability|p1a: Gyarados|Intimidate|[of] p2a: Gliscor
|-unboost|p2a: Gliscor|atk|1
|turn|1
|
|switch|p2a: Rotom-Wash|Rotom-Wash, shiny|300\/300
|move|p1a: Gyarados|Substitute|p1a: Gyarados
|-start|p1a: Gyarados|Substitute
|-damage|p1a: Gyarados|259\/345
|
|-heal|p1a: Gyarados|280\/345|[from] item: Leftovers
|turn|2
|
|move|p1a: Gyarados|Dragon Dance|p1a: Gyarados
|-boost|p1a: Gyarados|atk|1
|-boost|p1a: Gyarados|spe|1
|move|p2a: Rotom-Wash|Volt Switch|p1a: Gyarados
|-supereffective|p1a: Gyarados
|-end|p1a: Gyarados|Substitute
|
|switch|p2a: Quagsire|Quagsire, M|394\/394
|
|-heal|p1a: Gyarados|301\/345|[from] item: Leftovers
|turn|3
|
|switch|p1a: Gardevoir|Gardevoir, F, shiny|277\/277
|-ability|p1a: Gardevoir|Unaware|[from] ability: Trace|[of] p2a: Quagsire
|move|p2a: Quagsire|Toxic|p1a: Gardevoir
|-status|p1a: Gardevoir|tox
|
|-damage|p1a: Gardevoir|260\/277 tox|[from] psn
|turn|4
|
|switch|p2a: Rotom-Wash|Rotom-Wash, shiny|300\/300
|detailschange|p1a: Gardevoir|Gardevoir-Mega, F, shiny
|message|Gardevoir has Mega Evolved into Mega Gardevoir!
|move|p1a: Gardevoir|Calm Mind|p1a: Gardevoir
|-boost|p1a: Gardevoir|spa|1
|-boost|p1a: Gardevoir|spd|1
|
|-damage|p1a: Gardevoir|226\/277 tox|[from] psn
|turn|5
|
|move|p1a: Gardevoir|Shadow Ball|p2a: Rotom-Wash
|-damage|p2a: Rotom-Wash|148\/300
|move|p2a: Rotom-Wash|Hydro Pump|p1a: Gardevoir
|-damage|p1a: Gardevoir|150\/277 tox
|
|-heal|p2a: Rotom-Wash|166\/300|[from] item: Leftovers
|-damage|p1a: Gardevoir|99\/277 tox|[from] psn
|turn|6
|
|switch|p2a: Umbreon|Umbreon, M|394\/394
|move|p1a: Gardevoir|Hyper Voice|p2a: Umbreon
|-supereffective|p2a: Umbreon
|-damage|p2a: Umbreon|0 fnt
|faint|p2a: Umbreon
|
|-damage|p1a: Gardevoir|31\/277 tox|[from] psn
|
|switch|p2a: Aegislash|Aegislash, F|324\/324
|turn|7
|
|switch|p1a: Chansey|Chansey, F|704\/704
|-formechange|p2a: Aegislash|Aegislash-Blade
|move|p2a: Aegislash|Shadow Sneak|p1a: Chansey
|-immune|p1a: Chansey|[msg]
|
|turn|8
|
|switch|p2a: Gliscor|Gliscor, M|354\/354
|move|p1a: Chansey|Wish|p1a: Chansey
|
|-status|p2a: Gliscor|tox|[from] item: Toxic Orb
|turn|9
|
|move|p2a: Gliscor|Stealth Rock|p1a: Chansey
|-sidestart|p1: Alakarde|move: Stealth Rock
|move|p1a: Chansey|Seismic Toss|p2a: Gliscor
|-damage|p2a: Gliscor|254\/354 tox
|
|-heal|p2a: Gliscor|298\/354 tox|[from] ability: Poison Heal
|turn|10
|
|move|p2a: Gliscor|Substitute|p2a: Gliscor
|-start|p2a: Gliscor|Substitute
|-damage|p2a: Gliscor|210\/354 tox
|move|p1a: Chansey|Seismic Toss|p2a: Gliscor
|-end|p2a: Gliscor|Substitute
|
|-heal|p2a: Gliscor|254\/354 tox|[from] ability: Poison Heal
|turn|11
|
|switch|p2a: Aegislash|Aegislash, F|324\/324
|move|p1a: Chansey|Seismic Toss|p2a: Aegislash
|-immune|p2a: Aegislash|[msg]
|
|turn|12
|
|switch|p1a: Gliscor|Gliscor, F|354\/354
|-damage|p1a: Gliscor|310\/354|[from] Stealth Rock
|move|p2a: Aegislash|Swords Dance|p2a: Aegislash
|-boost|p2a: Aegislash|atk|2
|
|-status|p1a: Gliscor|tox|[from] item: Toxic Orb
|turn|13
|
|switch|p2a: Gliscor|Gliscor, M|254\/354 tox
|move|p1a: Gliscor|Substitute|p1a: Gliscor
|-start|p1a: Gliscor|Substitute
|-damage|p1a: Gliscor|222\/354 tox
|
|-heal|p1a: Gliscor|266\/354 tox|[from] ability: Poison Heal
|-heal|p2a: Gliscor|298\/354 tox|[from] ability: Poison Heal
|turn|14
|
|move|p1a: Gliscor|U-turn|p2a: Gliscor
|-resisted|p2a: Gliscor
|-damage|p2a: Gliscor|283\/354 tox
|
|switch|p1a: Conkeldurr|Conkeldurr, M|414\/414
|-damage|p1a: Conkeldurr|389\/414|[from] Stealth Rock
|move|p2a: Gliscor|Substitute|p2a: Gliscor
|-start|p2a: Gliscor|Substitute
|-damage|p2a: Gliscor|195\/354 tox
|
|-heal|p2a: Gliscor|239\/354 tox|[from] ability: Poison Heal
|turn|15
|
|move|p2a: Gliscor|Earthquake|p1a: Conkeldurr
|-damage|p1a: Conkeldurr|269\/414
|move|p1a: Conkeldurr|Ice Punch|p2a: Gliscor
|-crit|p2a: Gliscor
|-supereffective|p2a: Gliscor
|-end|p2a: Gliscor|Substitute
|
|-heal|p2a: Gliscor|283\/354 tox|[from] ability: Poison Heal
|turn|16
|
|switch|p2a: Aegislash|Aegislash, F|324\/324
|move|p1a: Conkeldurr|Ice Punch|p2a: Aegislash
|-resisted|p2a: Aegislash
|-damage|p2a: Aegislash|286\/324
|
|-heal|p2a: Aegislash|306\/324|[from] item: Leftovers
|turn|17
|
|-formechange|p2a: Aegislash|Aegislash-Blade
|move|p2a: Aegislash|Sacred Sword|p1a: Conkeldurr
|-damage|p1a: Conkeldurr|142\/414
|move|p1a: Conkeldurr|Knock Off|p2a: Aegislash
|-supereffective|p2a: Aegislash
|-damage|p2a: Aegislash|0 fnt
|-enditem|p2a: Aegislash|Leftovers|[from] move: Knock Off|[of] p1a: Conkeldurr
|faint|p2a: Aegislash
|
|
|switch|p2a: Rotom-Wash|Rotom-Wash, shiny|166\/300
|turn|18
|
|move|p2a: Rotom-Wash|Hydro Pump|p1a: Conkeldurr
|-damage|p1a: Conkeldurr|6\/414
|move|p1a: Conkeldurr|Knock Off|p2a: Rotom-Wash
|-damage|p2a: Rotom-Wash|47\/300
|-enditem|p2a: Rotom-Wash|Leftovers|[from] move: Knock Off|[of] p1a: Conkeldurr
|
|turn|19
|
|move|p1a: Conkeldurr|Mach Punch|p2a: Rotom-Wash
|-damage|p2a: Rotom-Wash|0 fnt
|faint|p2a: Rotom-Wash
|
|
|switch|p2a: Mawile|Mawile, F|304\/304
|-ability|p2a: Mawile|Intimidate|[of] p1a: Conkeldurr
|-unboost|p1a: Conkeldurr|atk|1
|turn|20
|
|move|p2a: Mawile|Sucker Punch|p1a: Conkeldurr
|-resisted|p1a: Conkeldurr
|-damage|p1a: Conkeldurr|0 fnt
|faint|p1a: Conkeldurr
|
|
|switch|p1a: Heatran|Heatran, F|386\/386
|-damage|p1a: Heatran|338\/386|[from] Stealth Rock
|turn|21
|
|switch|p2a: Quagsire|Quagsire, M|394\/394
|move|p1a: Heatran|Lava Plume|p2a: Quagsire
|-resisted|p2a: Quagsire
|-damage|p2a: Quagsire|303\/394
|-status|p2a: Quagsire|brn
|
|-heal|p1a: Heatran|362\/386|[from] item: Leftovers
|-heal|p2a: Quagsire|327\/394 brn|[from] item: Leftovers
|-damage|p2a: Quagsire|278\/394 brn|[from] brn
|turn|22
|
|switch|p1a: Gyarados|Gyarados, M|301\/345
|-damage|p1a: Gyarados|215\/345|[from] Stealth Rock
|-ability|p1a: Gyarados|Intimidate|[of] p2a: Quagsire
|-unboost|p2a: Quagsire|atk|1
|move|p2a: Quagsire|Earthquake|p1a: Gyarados
|-immune|p1a: Gyarados|[msg]
|
|-heal|p1a: Gyarados|236\/345|[from] item: Leftovers
|-heal|p2a: Quagsire|302\/394 brn|[from] item: Leftovers
|-damage|p2a: Quagsire|253\/394 brn|[from] brn
|turn|23
|
|move|p1a: Gyarados|Dragon Dance|p1a: Gyarados
|-boost|p1a: Gyarados|atk|1
|-boost|p1a: Gyarados|spe|1
|move|p2a: Quagsire|Toxic|p1a: Gyarados
|-status|p1a: Gyarados|tox
|
|-heal|p1a: Gyarados|257\/345 tox|[from] item: Leftovers
|-heal|p2a: Quagsire|277\/394 brn|[from] item: Leftovers
|-damage|p1a: Gyarados|236\/345 tox|[from] psn
|-damage|p2a: Quagsire|228\/394 brn|[from] brn
|turn|24
|
|move|p1a: Gyarados|Waterfall|p2a: Quagsire
|-damage|p2a: Quagsire|98\/394 brn
|move|p2a: Quagsire|Recover|p2a: Quagsire
|-heal|p2a: Quagsire|295\/394 brn
|
|-heal|p1a: Gyarados|257\/345 tox|[from] item: Leftovers
|-heal|p2a: Quagsire|319\/394 brn|[from] item: Leftovers
|-damage|p1a: Gyarados|215\/345 tox|[from] psn
|-damage|p2a: Quagsire|270\/394 brn|[from] brn
|turn|25
|
|move|p1a: Gyarados|Waterfall|p2a: Quagsire
|-damage|p2a: Quagsire|158\/394 brn
|move|p2a: Quagsire|Recover|p2a: Quagsire
|-heal|p2a: Quagsire|355\/394 brn
|
|-heal|p1a: Gyarados|236\/345 tox|[from] item: Leftovers
|-heal|p2a: Quagsire|379\/394 brn|[from] item: Leftovers
|-damage|p1a: Gyarados|173\/345 tox|[from] psn
|-damage|p2a: Quagsire|330\/394 brn|[from] brn
|turn|26
|
|switch|p1a: Chansey|Chansey, F|704\/704
|-damage|p1a: Chansey|616\/704|[from] Stealth Rock
|move|p2a: Quagsire|Waterfall|p1a: Chansey
|-damage|p1a: Chansey|582\/704
|
|-heal|p2a: Quagsire|354\/394 brn|[from] item: Leftovers
|-damage|p2a: Quagsire|305\/394 brn|[from] brn
|turn|27
|
|move|p1a: Chansey|Heal Bell|p1a: Chansey
|-cureteam|p1a: Chansey|[from] move: HealBell
|move|p2a: Quagsire|Toxic|p1a: Chansey
|-status|p1a: Chansey|tox
|
|-heal|p2a: Quagsire|329\/394 brn|[from] item: Leftovers
|-damage|p1a: Chansey|538\/704 tox|[from] psn
|-damage|p2a: Quagsire|280\/394 brn|[from] brn
|turn|28
|
|switch|p2a: Mawile|Mawile, F|304\/304
|-ability|p2a: Mawile|Intimidate|[of] p1a: Chansey
|-unboost|p1a: Chansey|atk|1
|move|p1a: Chansey|Heal Bell|p1a: Chansey
|-cureteam|p1a: Chansey|[from] move: HealBell
|
|turn|29
|
|detailschange|p2a: Mawile|Mawile-Mega, F
|message|Mawile has Mega Evolved into Mega Mawile!
|move|p2a: Mawile|Swords Dance|p2a: Mawile
|-boost|p2a: Mawile|atk|2
|move|p1a: Chansey|Seismic Toss|p2a: Mawile
|-damage|p2a: Mawile|204\/304
|
|turn|30
|
|switch|p1a: Heatran|Heatran, F|362\/386
|-damage|p1a: Heatran|314\/386|[from] Stealth Rock
|move|p2a: Mawile|Play Rough|p1a: Heatran
|-resisted|p1a: Heatran
|-damage|p1a: Heatran|179\/386
|
|-heal|p1a: Heatran|203\/386|[from] item: Leftovers
|turn|31
|
|move|p2a: Mawile|Sucker Punch|p1a: Heatran
|-damage|p1a: Heatran|0 fnt
|faint|p1a: Heatran
|
|
|switch|p1a: Gyarados|Gyarados, M|173\/345
|-damage|p1a: Gyarados|87\/345|[from] Stealth Rock
|-ability|p1a: Gyarados|Intimidate|[of] p2a: Mawile
|-unboost|p2a: Mawile|atk|1
|turn|32
|
|move|p2a: Mawile|Sucker Punch|p1a: Gyarados
|-fail|p1a: Gyarados
|move|p1a: Gyarados|Dragon Dance|p1a: Gyarados
|-boost|p1a: Gyarados|atk|1
|-boost|p1a: Gyarados|spe|1
|
|-heal|p1a: Gyarados|108\/345|[from] item: Leftovers
|turn|33
|
|move|p2a: Mawile|Sucker Punch|p1a: Gyarados
|-fail|p1a: Gyarados
|move|p1a: Gyarados|Substitute|p1a: Gyarados
|-start|p1a: Gyarados|Substitute
|-damage|p1a: Gyarados|22\/345
|
|-heal|p1a: Gyarados|43\/345|[from] item: Leftovers
|turn|34
|
|switch|p2a: Quagsire|Quagsire, M|280\/394 brn
|move|p1a: Gyarados|Dragon Dance|p1a: Gyarados
|-boost|p1a: Gyarados|atk|1
|-boost|p1a: Gyarados|spe|1
|
|-heal|p1a: Gyarados|64\/345|[from] item: Leftovers
|-heal|p2a: Quagsire|304\/394 brn|[from] item: Leftovers
|-damage|p2a: Quagsire|255\/394 brn|[from] brn
|turn|35
|
|move|p1a: Gyarados|Waterfall|p2a: Quagsire
|-damage|p2a: Quagsire|138\/394 brn
|move|p2a: Quagsire|Waterfall|p1a: Gyarados
|-resisted|p1a: Gyarados
|-activate|p1a: Gyarados|Substitute|[damage]
|
|-heal|p1a: Gyarados|85\/345|[from] item: Leftovers
|-heal|p2a: Quagsire|162\/394 brn|[from] item: Leftovers
|-damage|p2a: Quagsire|113\/394 brn|[from] brn
|turn|36
|
|move|p1a: Gyarados|Waterfall|p2a: Quagsire
|-damage|p2a: Quagsire|0 fnt
|faint|p2a: Quagsire
|
|-heal|p1a: Gyarados|106\/345|[from] item: Leftovers
|
|switch|p2a: Mawile|Mawile-Mega, F|204\/304
|turn|37
|
|move|p2a: Mawile|Sucker Punch|p1a: Gyarados
|-end|p1a: Gyarados|Substitute
|move|p1a: Gyarados|Waterfall|p2a: Mawile
|-damage|p2a: Mawile|0 fnt
|faint|p2a: Mawile
|
|-heal|p1a: Gyarados|127\/345|[from] item: Leftovers
|
|switch|p2a: Gliscor|Gliscor, M|283\/354 tox
|turn|38
|-message|RestePaisible forfeited.
|
|win|Alakarde
|raw|Ladder updating...
|leave|RestePaisible
|player|p2
|raw|Alakarde's rating: 1333 &rarr; <strong>1357<\/strong><br \/>(+24 for winning)
|raw|RestePaisible's rating: 1393 &rarr; <strong>1369<\/strong><br \/>(-24 for losing)