|join|theyydd
|join|restepaisible
|player|p1|theyydd|1
|player|p2|restepaisible|23
|gametype|singles
|gen|6
|tier|OU
|rated
|clearpoke
|poke|p1|Latios, M
|poke|p1|Talonflame, F
|poke|p1|Landorus, M
|poke|p1|Ferrothorn, M
|poke|p1|Azumarill, M
|poke|p1|Manectric, F
|poke|p2|Gothitelle, F
|poke|p2|Chansey, F
|poke|p2|Scizor, F
|poke|p2|Zapdos
|poke|p2|Quagsire, F
|poke|p2|Skarmory, F
|rule|Swagger Clause: Swagger is banned
|rule|Baton Pass Clause: Limit one PokÃ©mon knowing Baton Pass
|rule|Sleep Clause Mod: Limit one foe put to sleep
|rule|Species Clause: Limit one of each PokÃ©mon
|rule|OHKO Clause: OHKO moves are banned
|rule|Moody Clause: Moody is banned
|rule|Evasion Moves Clause: Evasion moves are banned
|rule|Endless Battle Clause: Forcing endless battles is banned
|rule|HP Percentage Mod: HP is shown in percentages
|teampreview
|
|start
|switch|p1a: Manectric|Manectric, F|305\/305
|switch|p2a: Gothitelle|Gothitelle, F|282\/282
|turn|1
|join|Lil' Fluff
|
|switch|p2a: Quagsire|Quagsire, F|394\/394
|detailschange|p1a: Manectric|Manectric-Mega, F
|message|Manectric has Mega Evolved into Mega Manectric!
|-ability|p1a: Manectric|Intimidate|[of] p2a: Quagsire
|-unboost|p2a: Quagsire|atk|1
|move|p1a: Manectric|Volt Switch|p2a: Quagsire
|-immune|p2a: Quagsire|[msg]
|
|turn|2
|
|switch|p1a: Ferrothorn|Ferrothorn, M|352\/352
|move|p2a: Quagsire|Toxic|p1a: Ferrothorn|[miss]
|-miss|p2a: Quagsire|p1a: Ferrothorn
|
|turn|3
|
|switch|p2a: Gothitelle|Gothitelle, F|282\/282
|move|p1a: Ferrothorn|Knock Off|p2a: Gothitelle
|-supereffective|p2a: Gothitelle
|-damage|p2a: Gothitelle|128\/282
|-enditem|p2a: Gothitelle|Choice Scarf|[from] move: Knock Off|[of] p1a: Ferrothorn
|
|turn|4
|
|move|p2a: Gothitelle|Trick|p1a: Ferrothorn
|-activate|p2a: Gothitelle|move: Trick|[of] p1a: Ferrothorn
|-item|p2a: Gothitelle|Rocky Helmet|[from] move: Trick
|move|p1a: Ferrothorn|Power Whip|p2a: Gothitelle
|-damage|p2a: Gothitelle|0 fnt
|-damage|p1a: Ferrothorn|294\/352|[from] item: Rocky Helmet|[of] p2a: Gothitelle
|faint|p2a: Gothitelle
|
|
|switch|p2a: Zapdos|Zapdos|384\/384
|-ability|p2a: Zapdos|Pressure
|turn|5
|
|switch|p1a: Latios|Latios, M|301\/301
|move|p2a: Zapdos|Heat Wave|p1a: Latios
|-resisted|p1a: Latios
|-damage|p1a: Latios|257\/301
|
|turn|6
|
|move|p1a: Latios|Psyshock|p2a: Zapdos
|-damage|p2a: Zapdos|180\/384
|-damage|p1a: Latios|227\/301|[from] item: Life Orb
|move|p2a: Zapdos|Roost|p2a: Zapdos
|-heal|p2a: Zapdos|372\/384
|
|-heal|p2a: Zapdos|384\/384|[from] item: Leftovers
|turn|7
|
|move|p1a: Latios|Psyshock|p2a: Zapdos
|-damage|p2a: Zapdos|173\/384
|-damage|p1a: Latios|197\/301|[from] item: Life Orb
|move|p2a: Zapdos|Roost|p2a: Zapdos
|-heal|p2a: Zapdos|365\/384
|
|-heal|p2a: Zapdos|384\/384|[from] item: Leftovers
|turn|8
|
|switch|p1a: Ferrothorn|Ferrothorn, M|294\/352
|move|p2a: Zapdos|Roost|p2a: Zapdos
|-fail|p2a: Zapdos
|
|turn|9
|
|switch|p1a: Landorus|Landorus, M|319\/319
|move|p2a: Zapdos|Heat Wave|p1a: Landorus
|-damage|p1a: Landorus|217\/319
|
|turn|10
|
|move|p1a: Landorus|Hidden Power|p2a: Zapdos
|-supereffective|p2a: Zapdos
|-damage|p2a: Zapdos|262\/384
|-damage|p1a: Landorus|186\/319|[from] item: Life Orb
|move|p2a: Zapdos|Heat Wave|p1a: Landorus
|-damage|p1a: Landorus|85\/319
|-status|p1a: Landorus|brn
|
|-heal|p2a: Zapdos|286\/384|[from] item: Leftovers
|-damage|p1a: Landorus|46\/319 brn|[from] brn
|turn|11
|
|move|p1a: Landorus|Sludge Wave|p2a: Zapdos
|-damage|p2a: Zapdos|140\/384
|move|p2a: Zapdos|Roost|p2a: Zapdos
|-heal|p2a: Zapdos|332\/384
|
|-heal|p2a: Zapdos|356\/384|[from] item: Leftovers
|-damage|p1a: Landorus|7\/319 brn|[from] brn
|turn|12
|
|switch|p1a: Manectric|Manectric-Mega, F|305\/305
|-ability|p1a: Manectric|Intimidate|[of] p2a: Zapdos
|-unboost|p2a: Zapdos|atk|1
|move|p2a: Zapdos|Roost|p2a: Zapdos
|-heal|p2a: Zapdos|384\/384
|
|turn|13
|
|switch|p2a: Chansey|Chansey, F|641\/641
|move|p1a: Manectric|Volt Switch|p2a: Chansey
|-damage|p2a: Chansey|569\/641
|
|switch|p1a: Ferrothorn|Ferrothorn, M|294\/352
|
|turn|14
|
|switch|p2a: Zapdos|Zapdos|384\/384
|-ability|p2a: Zapdos|Pressure
|move|p1a: Ferrothorn|Leech Seed|p2a: Zapdos
|-start|p2a: Zapdos|move: Leech Seed
|
|-damage|p2a: Zapdos|336\/384|[from] Leech Seed|[of] p1a: Ferrothorn
|-heal|p1a: Ferrothorn|342\/352|[silent]
|turn|15
|
|switch|p2a: Skarmory|Skarmory, F|334\/334
|switch|p1a: Landorus|Landorus, M|7\/319 brn
|
|-damage|p1a: Landorus|0 fnt|[from] brn
|faint|p1a: Landorus
|
|switch|p1a: Manectric|Manectric-Mega, F|305\/305
|-ability|p1a: Manectric|Intimidate|[of] p2a: Skarmory
|-unboost|p2a: Skarmory|atk|1
|turn|16
|
|switch|p1a: Ferrothorn|Ferrothorn, M|342\/352
|switch|p2a: Quagsire|Quagsire, F|394\/394
|
|turn|17
|
|switch|p2a: Skarmory|Skarmory, F|334\/334
|move|p1a: Ferrothorn|Knock Off|p2a: Skarmory
|-damage|p2a: Skarmory|292\/334
|-damage|p1a: Ferrothorn|284\/352|[from] item: Rocky Helmet|[of] p2a: Skarmory
|-enditem|p2a: Skarmory|Rocky Helmet|[from] move: Knock Off|[of] p1a: Ferrothorn
|
|turn|18
|
|move|p2a: Skarmory|Taunt|p1a: Ferrothorn
|-start|p1a: Ferrothorn|move: Taunt
|cant|p1a: Ferrothorn|move: Taunt|Leech Seed
|
|turn|19
|
|switch|p1a: Talonflame|Talonflame, F|360\/360
|move|p2a: Skarmory|Stealth Rock|p1a: Talonflame
|-sidestart|p1: theyydd|move: Stealth Rock
|
|turn|20
|
|switch|p2a: Quagsire|Quagsire, F|394\/394
|move|p1a: Talonflame|Swords Dance|p1a: Talonflame
|-boost|p1a: Talonflame|atk|2
|
|turn|21
|
|move|p1a: Talonflame|Brave Bird|p2a: Quagsire
|-damage|p2a: Quagsire|246\/394
|-damage|p1a: Talonflame|311\/360|[from] recoil|[of] p2a: Quagsire
|move|p2a: Quagsire|Scald|p1a: Talonflame
|-supereffective|p1a: Talonflame
|-damage|p1a: Talonflame|119\/360
|
|-heal|p2a: Quagsire|270\/394|[from] item: Leftovers
|turn|22
|
|move|p1a: Talonflame|Roost|p1a: Talonflame
|-heal|p1a: Talonflame|299\/360
|move|p2a: Quagsire|Scald|p1a: Talonflame
|-supereffective|p1a: Talonflame
|-damage|p1a: Talonflame|119\/360
|
|-heal|p2a: Quagsire|294\/394|[from] item: Leftovers
|turn|23
|
|move|p1a: Talonflame|Brave Bird|p2a: Quagsire
|-damage|p2a: Quagsire|164\/394
|-damage|p1a: Talonflame|76\/360|[from] recoil|[of] p2a: Quagsire
|move|p2a: Quagsire|Earthquake|p1a: Talonflame
|-immune|p1a: Talonflame|[msg]
|
|-heal|p2a: Quagsire|188\/394|[from] item: Leftovers
|turn|24
|
|move|p1a: Talonflame|Roost|p1a: Talonflame
|-heal|p1a: Talonflame|256\/360
|move|p2a: Quagsire|Recover|p2a: Quagsire
|-heal|p2a: Quagsire|385\/394
|
|-heal|p2a: Quagsire|394\/394|[from] item: Leftovers
|turn|25
|
|switch|p1a: Latios|Latios, M|197\/301
|-damage|p1a: Latios|160\/301|[from] Stealth Rock
|move|p2a: Quagsire|Scald|p1a: Latios
|-resisted|p1a: Latios
|-damage|p1a: Latios|125\/301
|
|turn|26
|
|move|p1a: Latios|Defog|p2a: Quagsire
|-unboost|p2a: Quagsire|evasion|1
|-sideend|p1: theyydd|Stealth Rock|[from] move: Defog|[of] p1a: Latios
|move|p2a: Quagsire|Toxic|p1a: Latios
|-status|p1a: Latios|tox
|
|-damage|p1a: Latios|107\/301 tox|[from] psn
|turn|27
|
|switch|p1a: Ferrothorn|Ferrothorn, M|284\/352
|switch|p2a: Scizor|Scizor, F|344\/344
|
|turn|28
|
|detailschange|p2a: Scizor|Scizor-Mega, F
|message|Scizor has Mega Evolved into Mega Scizor!
|move|p2a: Scizor|Swords Dance|p2a: Scizor
|-boost|p2a: Scizor|atk|2
|move|p1a: Ferrothorn|Leech Seed|p2a: Scizor
|-start|p2a: Scizor|move: Leech Seed
|
|-damage|p2a: Scizor|301\/344|[from] Leech Seed|[of] p1a: Ferrothorn
|-heal|p1a: Ferrothorn|327\/352|[silent]
|turn|29
|
|switch|p1a: Manectric|Manectric-Mega, F|305\/305
|-ability|p1a: Manectric|Intimidate|[of] p2a: Scizor
|-unboost|p2a: Scizor|atk|1
|move|p2a: Scizor|Swords Dance|p2a: Scizor
|-boost|p2a: Scizor|atk|2
|
|-damage|p2a: Scizor|258\/344|[from] Leech Seed|[of] p1a: Manectric
|turn|30
|
|switch|p2a: Quagsire|Quagsire, F|394\/394
|move|p1a: Manectric|Flamethrower|p2a: Quagsire
|-resisted|p2a: Quagsire
|-damage|p2a: Quagsire|313\/394
|
|-heal|p2a: Quagsire|337\/394|[from] item: Leftovers
|turn|31
|
|switch|p2a: Zapdos|Zapdos|336\/384
|-ability|p2a: Zapdos|Pressure
|move|p1a: Manectric|Volt Switch|p2a: Zapdos
|-damage|p2a: Zapdos|230\/384
|
|switch|p1a: Azumarill|Azumarill, M|401\/401
|
|-heal|p2a: Zapdos|254\/384|[from] item: Leftovers
|turn|32
|
|move|p2a: Zapdos|Discharge|p1a: Azumarill
|-supereffective|p1a: Azumarill
|-damage|p1a: Azumarill|221\/401
|move|p1a: Azumarill|Play Rough|p2a: Zapdos
|-damage|p2a: Zapdos|46\/384
|
|-heal|p2a: Zapdos|70\/384|[from] item: Leftovers
|turn|33
|
|switch|p2a: Skarmory|Skarmory, F|292\/334
|move|p1a: Azumarill|Aqua Jet|p2a: Skarmory
|-damage|p2a: Skarmory|241\/334
|
|turn|34
|
|switch|p1a: Ferrothorn|Ferrothorn, M|327\/352
|move|p2a: Skarmory|Stealth Rock|p1a: Ferrothorn
|-sidestart|p1: theyydd|move: Stealth Rock
|
|turn|35
|
|switch|p1a: Manectric|Manectric-Mega, F|305\/305
|-damage|p1a: Manectric|267\/305|[from] Stealth Rock
|-ability|p1a: Manectric|Intimidate|[of] p2a: Skarmory
|-unboost|p2a: Skarmory|atk|1
|move|p2a: Skarmory|Taunt|p1a: Manectric
|-start|p1a: Manectric|move: Taunt
|
|turn|36
|
|switch|p1a: Ferrothorn|Ferrothorn, M|327\/352
|-damage|p1a: Ferrothorn|305\/352|[from] Stealth Rock
|switch|p2a: Quagsire|Quagsire, F|337\/394
|
|-heal|p2a: Quagsire|361\/394|[from] item: Leftovers
|turn|37
|
|switch|p2a: Zapdos|Zapdos|70\/384
|-ability|p2a: Zapdos|Pressure
|move|p1a: Ferrothorn|Knock Off|p2a: Zapdos
|-damage|p2a: Zapdos|0 fnt
|-enditem|p2a: Zapdos|Leftovers|[from] move: Knock Off|[of] p1a: Ferrothorn
|faint|p2a: Zapdos
|
|
|switch|p2a: Scizor|Scizor-Mega, F|258\/344
|turn|38
|
|switch|p1a: Manectric|Manectric-Mega, F|267\/305
|-damage|p1a: Manectric|229\/305|[from] Stealth Rock
|-ability|p1a: Manectric|Intimidate|[of] p2a: Scizor
|-unboost|p2a: Scizor|atk|1
|move|p2a: Scizor|Swords Dance|p2a: Scizor
|-boost|p2a: Scizor|atk|2
|
|turn|39
|
|switch|p1a: Ferrothorn|Ferrothorn, M|305\/352
|-damage|p1a: Ferrothorn|283\/352|[from] Stealth Rock
|switch|p2a: Quagsire|Quagsire, F|361\/394
|
|-heal|p2a: Quagsire|385\/394|[from] item: Leftovers
|turn|40
|
|switch|p2a: Scizor|Scizor-Mega, F|258\/344
|move|p1a: Ferrothorn|Leech Seed|p2a: Scizor
|-start|p2a: Scizor|move: Leech Seed
|
|-damage|p2a: Scizor|215\/344|[from] Leech Seed|[of] p1a: Ferrothorn
|-heal|p1a: Ferrothorn|326\/352|[silent]
|turn|41
|
|switch|p1a: Manectric|Manectric-Mega, F|229\/305
|-damage|p1a: Manectric|191\/305|[from] Stealth Rock
|-ability|p1a: Manectric|Intimidate|[of] p2a: Scizor
|-unboost|p2a: Scizor|atk|1
|move|p2a: Scizor|Roost|p2a: Scizor
|-heal|p2a: Scizor|344\/344
|
|-damage|p2a: Scizor|301\/344|[from] Leech Seed|[of] p1a: Manectric
|-heal|p1a: Manectric|234\/305|[silent]
|turn|42
|
|switch|p1a: Latios|Latios, M|107\/301 tox
|-damage|p1a: Latios|70\/301 tox|[from] Stealth Rock
|switch|p2a: Quagsire|Quagsire, F|385\/394
|
|-heal|p2a: Quagsire|394\/394|[from] item: Leftovers
|-damage|p1a: Latios|52\/301 tox|[from] psn
|turn|43
|
|switch|p2a: Skarmory|Skarmory, F|241\/334
|move|p1a: Latios|Defog|p2a: Skarmory
|-unboost|p2a: Skarmory|evasion|1
|-sideend|p1: theyydd|Stealth Rock|[from] move: Defog|[of] p1a: Latios
|
|-damage|p1a: Latios|16\/301 tox|[from] psn
|turn|44
|
|move|p1a: Latios|Draco Meteor|p2a: Skarmory
|-crit|p2a: Skarmory
|-resisted|p2a: Skarmory
|-damage|p2a: Skarmory|0 fnt
|-unboost|p1a: Latios|spa|2
|-damage|p1a: Latios|0 fnt|[from] item: Life Orb
|faint|p2a: Skarmory
|faint|p1a: Latios
|
|c|ârestepaisible|dat crit ...
|
|switch|p2a: Quagsire|Quagsire, F|394\/394
|switch|p1a: Ferrothorn|Ferrothorn, M|326\/352
|turn|45
|c|âtheyydd|don't use this disgusting team then
|
|move|p2a: Quagsire|Scald|p1a: Ferrothorn
|-crit|p1a: Ferrothorn
|-resisted|p1a: Ferrothorn
|-damage|p1a: Ferrothorn|290\/352
|move|p1a: Ferrothorn|Leech Seed|p2a: Quagsire
|-start|p2a: Quagsire|move: Leech Seed
|
|-damage|p2a: Quagsire|345\/394|[from] Leech Seed|[of] p1a: Ferrothorn
|-heal|p1a: Ferrothorn|339\/352|[silent]
|turn|46
|c|ârestepaisible|ah ah stop rage
|
|switch|p2a: Scizor|Scizor-Mega, F|301\/344
|move|p1a: Ferrothorn|Stealth Rock|p2a: Scizor
|-sidestart|p2: restepaisible|move: Stealth Rock
|
|turn|47
|
|switch|p1a: Manectric|Manectric-Mega, F|234\/305
|-ability|p1a: Manectric|Intimidate|[of] p2a: Scizor
|-unboost|p2a: Scizor|atk|1
|move|p2a: Scizor|Superpower|p1a: Manectric
|-damage|p1a: Manectric|134\/305
|-unboost|p2a: Scizor|atk|1
|-unboost|p2a: Scizor|def|1
|
|turn|48
|
|switch|p1a: Ferrothorn|Ferrothorn, M|339\/352
|switch|p2a: Quagsire|Quagsire, F|345\/394
|-damage|p2a: Quagsire|321\/394|[from] Stealth Rock
|
|-heal|p2a: Quagsire|345\/394|[from] item: Leftovers
|turn|49
|
|switch|p2a: Scizor|Scizor-Mega, F|301\/344
|-damage|p2a: Scizor|258\/344|[from] Stealth Rock
|move|p1a: Ferrothorn|Power Whip|p2a: Scizor
|-resisted|p2a: Scizor
|-damage|p2a: Scizor|234\/344
|
|turn|50
|
|move|p2a: Scizor|Roost|p2a: Scizor
|-heal|p2a: Scizor|344\/344
|move|p1a: Ferrothorn|Leech Seed|p2a: Scizor
|-start|p2a: Scizor|move: Leech Seed
|
|-damage|p2a: Scizor|301\/344|[from] Leech Seed|[of] p1a: Ferrothorn
|-heal|p1a: Ferrothorn|352\/352|[silent]
|turn|51
|
|switch|p2a: Quagsire|Quagsire, F|345\/394
|-damage|p2a: Quagsire|321\/394|[from] Stealth Rock
|switch|p1a: Talonflame|Talonflame, F|256\/360
|
|-heal|p2a: Quagsire|345\/394|[from] item: Leftovers
|turn|52
|
|switch|p1a: Ferrothorn|Ferrothorn, M|352\/352
|move|p2a: Quagsire|Scald|p1a: Ferrothorn
|-resisted|p1a: Ferrothorn
|-damage|p1a: Ferrothorn|328\/352
|
|-heal|p2a: Quagsire|369\/394|[from] item: Leftovers
|turn|53
|
|switch|p2a: Scizor|Scizor-Mega, F|301\/344
|-damage|p2a: Scizor|258\/344|[from] Stealth Rock
|move|p1a: Ferrothorn|Leech Seed|p2a: Scizor
|-start|p2a: Scizor|move: Leech Seed
|
|-damage|p2a: Scizor|215\/344|[from] Leech Seed|[of] p1a: Ferrothorn
|-heal|p1a: Ferrothorn|352\/352|[silent]
|turn|54
|
|switch|p1a: Talonflame|Talonflame, F|256\/360
|move|p2a: Scizor|Roost|p2a: Scizor
|-heal|p2a: Scizor|344\/344
|
|-damage|p2a: Scizor|301\/344|[from] Leech Seed|[of] p1a: Talonflame
|-heal|p1a: Talonflame|299\/360|[silent]
|turn|55
|
|switch|p1a: Ferrothorn|Ferrothorn, M|352\/352
|switch|p2a: Quagsire|Quagsire, F|369\/394
|-damage|p2a: Quagsire|345\/394|[from] Stealth Rock
|
|-heal|p2a: Quagsire|369\/394|[from] item: Leftovers
|turn|56
|
|switch|p2a: Scizor|Scizor-Mega, F|301\/344
|-damage|p2a: Scizor|258\/344|[from] Stealth Rock
|move|p1a: Ferrothorn|Power Whip|p2a: Scizor
|-resisted|p2a: Scizor
|-damage|p2a: Scizor|236\/344
|
|turn|57
|
|move|p2a: Scizor|Superpower|p1a: Ferrothorn
|-supereffective|p1a: Ferrothorn
|-damage|p1a: Ferrothorn|158\/352
|-damage|p2a: Scizor|193\/344|[from] ability: Iron Barbs|[of] p1a: Ferrothorn
|-unboost|p2a: Scizor|atk|1
|-unboost|p2a: Scizor|def|1
|move|p1a: Ferrothorn|Leech Seed|p2a: Scizor
|-start|p2a: Scizor|move: Leech Seed
|
|-damage|p2a: Scizor|150\/344|[from] Leech Seed|[of] p1a: Ferrothorn
|-heal|p1a: Ferrothorn|201\/352|[silent]
|turn|58
|
|move|p2a: Scizor|Roost|p2a: Scizor
|-heal|p2a: Scizor|322\/344
|move|p1a: Ferrothorn|Knock Off|p2a: Scizor
|-damage|p2a: Scizor|268\/344
|
|-damage|p2a: Scizor|225\/344|[from] Leech Seed|[of] p1a: Ferrothorn
|-heal|p1a: Ferrothorn|244\/352|[silent]
|turn|59
|
|move|p2a: Scizor|Roost|p2a: Scizor
|-heal|p2a: Scizor|344\/344
|move|p1a: Ferrothorn|Knock Off|p2a: Scizor
|-damage|p2a: Scizor|292\/344
|
|-damage|p2a: Scizor|249\/344|[from] Leech Seed|[of] p1a: Ferrothorn
|-heal|p1a: Ferrothorn|287\/352|[silent]
|turn|60
|
|move|p2a: Scizor|Swords Dance|p2a: Scizor
|-boost|p2a: Scizor|atk|2
|move|p1a: Ferrothorn|Knock Off|p2a: Scizor
|-damage|p2a: Scizor|204\/344
|
|-damage|p2a: Scizor|161\/344|[from] Leech Seed|[of] p1a: Ferrothorn
|-heal|p1a: Ferrothorn|330\/352|[silent]
|turn|61
|
|switch|p1a: Talonflame|Talonflame, F|299\/360
|move|p2a: Scizor|Roost|p2a: Scizor
|-heal|p2a: Scizor|333\/344
|
|-damage|p2a: Scizor|290\/344|[from] Leech Seed|[of] p1a: Talonflame
|-heal|p1a: Talonflame|342\/360|[silent]
|turn|62
|
|switch|p2a: Quagsire|Quagsire, F|369\/394
|-damage|p2a: Quagsire|345\/394|[from] Stealth Rock
|move|p1a: Talonflame|Flare Blitz|p2a: Quagsire
|-resisted|p2a: Quagsire
|-damage|p2a: Quagsire|285\/394
|-damage|p1a: Talonflame|322\/360|[from] recoil|[of] p2a: Quagsire
|
|-heal|p2a: Quagsire|309\/394|[from] item: Leftovers
|turn|63
|c|âtheyydd|why play like this dude
|
|switch|p1a: Ferrothorn|Ferrothorn, M|330\/352
|move|p2a: Quagsire|Scald|p1a: Ferrothorn
|-resisted|p1a: Ferrothorn
|-damage|p1a: Ferrothorn|303\/352
|-status|p1a: Ferrothorn|brn
|
|-heal|p2a: Quagsire|333\/394|[from] item: Leftovers
|-damage|p1a: Ferrothorn|259\/352 brn|[from] brn
|turn|64
|c|ârestepaisible|finally
|
|switch|p2a: Scizor|Scizor-Mega, F|290\/344
|-damage|p2a: Scizor|247\/344|[from] Stealth Rock
|move|p1a: Ferrothorn|Leech Seed|p2a: Scizor
|-start|p2a: Scizor|move: Leech Seed
|
|-damage|p2a: Scizor|204\/344|[from] Leech Seed|[of] p1a: Ferrothorn
|-heal|p1a: Ferrothorn|302\/352 brn|[silent]
|-damage|p1a: Ferrothorn|258\/352 brn|[from] brn
|turn|65
|
|switch|p1a: Azumarill|Azumarill, M|221\/401
|move|p2a: Scizor|Swords Dance|p2a: Scizor
|-boost|p2a: Scizor|atk|2
|
|-damage|p2a: Scizor|161\/344|[from] Leech Seed|[of] p1a: Azumarill
|-heal|p1a: Azumarill|264\/401|[silent]
|turn|66
|
|move|p2a: Scizor|Roost|p2a: Scizor
|-heal|p2a: Scizor|333\/344
|move|p1a: Azumarill|Waterfall|p2a: Scizor
|-damage|p2a: Scizor|215\/344
|
|-damage|p2a: Scizor|172\/344|[from] Leech Seed|[of] p1a: Azumarill
|-heal|p1a: Azumarill|307\/401|[silent]
|turn|67
|
|move|p2a: Scizor|Bullet Punch|p1a: Azumarill
|-damage|p1a: Azumarill|55\/401
|move|p1a: Azumarill|Waterfall|p2a: Scizor
|-damage|p2a: Scizor|48\/344
|
|-damage|p2a: Scizor|5\/344|[from] Leech Seed|[of] p1a: Azumarill
|-heal|p1a: Azumarill|98\/401|[silent]
|turn|68
|
|move|p1a: Azumarill|Aqua Jet|p2a: Scizor
|-damage|p2a: Scizor|0 fnt
|faint|p2a: Scizor
|
|
|switch|p2a: Quagsire|Quagsire, F|333\/394
|-damage|p2a: Quagsire|309\/394|[from] Stealth Rock
|turn|69
|
|switch|p1a: Manectric|Manectric-Mega, F|134\/305
|-ability|p1a: Manectric|Intimidate|[of] p2a: Quagsire
|-unboost|p2a: Quagsire|atk|1
|move|p2a: Quagsire|Scald|p1a: Manectric
|-damage|p1a: Manectric|53\/305
|
|-heal|p2a: Quagsire|333\/394|[from] item: Leftovers
|turn|70
|
|switch|p2a: Chansey|Chansey, F|569\/641
|-damage|p2a: Chansey|489\/641|[from] Stealth Rock
|move|p1a: Manectric|Hidden Power|p2a: Chansey
|-damage|p2a: Chansey|448\/641
|
|turn|71
|
|move|p1a: Manectric|Volt Switch|p2a: Chansey
|-crit|p2a: Chansey
|-damage|p2a: Chansey|328\/641
|
|switch|p1a: Ferrothorn|Ferrothorn, M|258\/352 brn
|move|p2a: Chansey|Seismic Toss|p1a: Ferrothorn
|-damage|p1a: Ferrothorn|158\/352 brn
|-damage|p2a: Chansey|248\/641|[from] ability: Iron Barbs|[of] p1a: Ferrothorn
|
|-damage|p1a: Ferrothorn|114\/352 brn|[from] brn
|turn|72
|
|switch|p2a: Quagsire|Quagsire, F|333\/394
|-damage|p2a: Quagsire|309\/394|[from] Stealth Rock
|move|p1a: Ferrothorn|Leech Seed|p2a: Quagsire
|-start|p2a: Quagsire|move: Leech Seed
|
|-heal|p2a: Quagsire|333\/394|[from] item: Leftovers
|-damage|p2a: Quagsire|284\/394|[from] Leech Seed|[of] p1a: Ferrothorn
|-heal|p1a: Ferrothorn|163\/352 brn|[silent]
|-damage|p1a: Ferrothorn|119\/352 brn|[from] brn
|turn|73
|
|move|p2a: Quagsire|Earthquake|p1a: Ferrothorn
|-damage|p1a: Ferrothorn|53\/352 brn
|move|p1a: Ferrothorn|Power Whip|p2a: Quagsire
|-supereffective|p2a: Quagsire
|-damage|p2a: Quagsire|68\/394
|
|-heal|p2a: Quagsire|92\/394|[from] item: Leftovers
|-damage|p2a: Quagsire|43\/394|[from] Leech Seed|[of] p1a: Ferrothorn
|-heal|p1a: Ferrothorn|102\/352 brn|[silent]
|-damage|p1a: Ferrothorn|58\/352 brn|[from] brn
|turn|74
|
|move|p2a: Quagsire|Earthquake|p1a: Ferrothorn
|-damage|p1a: Ferrothorn|0 fnt
|faint|p1a: Ferrothorn
|
|-heal|p2a: Quagsire|67\/394|[from] item: Leftovers
|
|switch|p1a: Azumarill|Azumarill, M|98\/401
|turn|75
|
|move|p1a: Azumarill|Waterfall|p2a: Quagsire
|-damage|p2a: Quagsire|0 fnt
|faint|p2a: Quagsire
|
|
|switch|p2a: Chansey|Chansey, F|248\/641
|-damage|p2a: Chansey|168\/641|[from] Stealth Rock
|turn|76
|c|âtheyydd|gg
|
|move|p2a: Chansey|Soft-Boiled|p2a: Chansey
|-heal|p2a: Chansey|489\/641
|move|p1a: Azumarill|Superpower|p2a: Chansey
|-supereffective|p2a: Chansey
|-damage|p2a: Chansey|9\/641
|-unboost|p1a: Azumarill|atk|1
|-unboost|p1a: Azumarill|def|1
|
|turn|77
|
|move|p1a: Azumarill|Aqua Jet|p2a: Chansey
|-damage|p2a: Chansey|0 fnt
|faint|p2a: Chansey
|
|win|theyydd
|raw|Ladder updating...
|raw|theyydd's rating: 1659 &rarr; <strong>1679<\/strong><br \/>(+20 for winning)
|raw|restepaisible's rating: 1672 &rarr; <strong>1651<\/strong><br \/>(-21 for losing)
|leave|restepaisible
|player|p2
|leave|theyydd
|player|p1