|join|Potara Earrings
|join|RestePaisible
|player|p1|Potara Earrings|143
|player|p2|RestePaisible|23
|gametype|singles
|gen|6
|tier|OU
|rated
|clearpoke
|poke|p1|Slowbro, F
|poke|p1|Bisharp, F
|poke|p1|Mamoswine, M
|poke|p1|Latios, M, shiny
|poke|p1|Blissey, F, shiny
|poke|p1|Charizard, F
|poke|p2|Hippowdon, M
|poke|p2|Keldeo
|poke|p2|Slowbro, F
|poke|p2|Amoonguss, M
|poke|p2|Gardevoir, F
|poke|p2|Terrakion
|rule|Swagger Clause: Swagger is banned
|rule|Baton Pass Clause: Limit one PokÃ©mon knowing Baton Pass
|rule|Sleep Clause Mod: Limit one foe put to sleep
|rule|Species Clause: Limit one of each PokÃ©mon
|rule|OHKO Clause: OHKO moves are banned
|rule|Moody Clause: Moody is banned
|rule|Evasion Moves Clause: Evasion moves are banned
|rule|Endless Battle Clause: Forcing endless battles is banned
|rule|HP Percentage Mod: HP is shown in percentages
|teampreview
|
|start
|switch|p1a: Swine|Mamoswine, M|363\/363
|switch|p2a: Gardevoir|Gardevoir, F|340\/340
|-ability|p2a: Gardevoir|Oblivious|[from] ability: Trace|[of] p1a: Swine
|turn|1
|
|detailschange|p2a: Gardevoir|Gardevoir-Mega, F
|message|Gardevoir has Mega Evolved into Mega Gardevoir!
|move|p1a: Swine|Earthquake|p2a: Gardevoir
|-damage|p2a: Gardevoir|135\/340
|move|p2a: Gardevoir|Hyper Voice|p1a: Swine
|-damage|p1a: Swine|20\/363
|
|turn|2
|
|switch|p2a: Hippowdon|Hippowdon, M|420\/420
|-weather|Sandstorm
|move|p1a: Swine|Stealth Rock|p2a: Hippowdon
|-sidestart|p2: RestePaisible|move: Stealth Rock
|
|-weather|Sandstorm|[upkeep]
|turn|3
|
|switch|p1a: Latios|Latios, M, shiny|302\/302
|move|p2a: Hippowdon|Stealth Rock|p1a: Latios
|-sidestart|p1: Potara Earrings|move: Stealth Rock
|
|-weather|Sandstorm|[upkeep]
|-damage|p1a: Latios|284\/302|[from] sandstorm
|turn|4
|
|switch|p2a: Gardevoir|Gardevoir-Mega, F|135\/340
|-damage|p2a: Gardevoir|93\/340|[from] Stealth Rock
|move|p1a: Latios|Trick|p2a: Gardevoir
|-fail|p2a: Gardevoir
|
|-weather|Sandstorm|[upkeep]
|-damage|p1a: Latios|266\/302|[from] sandstorm
|-damage|p2a: Gardevoir|72\/340|[from] sandstorm
|turn|5
|
|switch|p1a: Swine|Mamoswine, M|20\/363
|-damage|p1a: Swine|0 fnt|[from] Stealth Rock
|faint|p1a: Swine
|move|p2a: Gardevoir|Hyper Voice|p1: Swine|[notarget]
|-notarget
|
|-weather|Sandstorm|[upkeep]
|-damage|p2a: Gardevoir|51\/340|[from] sandstorm
|
|switch|p1a: Charizard|Charizard, F|298\/298
|-damage|p1a: Charizard|149\/298|[from] Stealth Rock
|turn|6
|
|move|p1a: Charizard|Roost|p1a: Charizard
|-heal|p1a: Charizard|298\/298
|move|p2a: Gardevoir|Psyshock|p1a: Charizard
|-damage|p1a: Charizard|114\/298
|
|-weather|none
|turn|7
|
|detailschange|p1a: Charizard|Charizard-Mega-X, F
|message|Charizard has Mega Evolved into Mega Charizard!
|move|p1a: Charizard|Flare Blitz|p2a: Gardevoir
|-damage|p2a: Gardevoir|0 fnt
|-damage|p1a: Charizard|97\/298|[from] recoil|[of] p2a: Gardevoir
|faint|p2a: Gardevoir
|
|
|switch|p2a: Slowbro|Slowbro, F|394\/394
|-damage|p2a: Slowbro|345\/394|[from] Stealth Rock
|turn|8
|
|move|p1a: Charizard|Roost|p1a: Charizard
|-heal|p1a: Charizard|246\/298
|move|p2a: Slowbro|Thunder Wave|p1a: Charizard
|-status|p1a: Charizard|par
|
|turn|9
|
|switch|p2a: Hippowdon|Hippowdon, M|420\/420
|-damage|p2a: Hippowdon|394\/420|[from] Stealth Rock
|-weather|Sandstorm
|move|p1a: Charizard|Roost|p1a: Charizard
|-heal|p1a: Charizard|298\/298 par
|
|-weather|Sandstorm|[upkeep]
|-damage|p1a: Charizard|280\/298 par|[from] sandstorm
|-heal|p2a: Hippowdon|420\/420|[from] item: Leftovers
|turn|10
|
|switch|p1a: Latios|Latios, M, shiny|266\/302
|-damage|p1a: Latios|229\/302|[from] Stealth Rock
|move|p2a: Hippowdon|Earthquake|p1a: Latios
|-immune|p1a: Latios|[msg]
|
|-weather|Sandstorm|[upkeep]
|-damage|p1a: Latios|211\/302|[from] sandstorm
|turn|11
|
|switch|p2a: Slowbro|Slowbro, F|394\/394
|-damage|p2a: Slowbro|345\/394|[from] Stealth Rock
|move|p1a: Latios|Draco Meteor|p2a: Slowbro
|-damage|p2a: Slowbro|0 fnt
|-unboost|p1a: Latios|spa|2
|faint|p2a: Slowbro
|
|-weather|Sandstorm|[upkeep]
|-damage|p1a: Latios|193\/302|[from] sandstorm
|
|switch|p2a: Keldeo|Keldeo|323\/323
|-damage|p2a: Keldeo|303\/323|[from] Stealth Rock
|turn|12
|
|move|p1a: Latios|Draco Meteor|p2a: Keldeo
|-crit|p2a: Keldeo
|-damage|p2a: Keldeo|0 fnt
|-unboost|p1a: Latios|spa|2
|faint|p2a: Keldeo
|
|-weather|Sandstorm|[upkeep]
|-damage|p1a: Latios|175\/302|[from] sandstorm
|c|âRestePaisible|omg
|c|âRestePaisible|so fucking lucky
|
|switch|p2a: Terrakion|Terrakion|323\/323
|-damage|p2a: Terrakion|303\/323|[from] Stealth Rock
|turn|13
|
|switch|p1a: Slow Down|Slowbro, F|394\/394
|-damage|p1a: Slow Down|345\/394|[from] Stealth Rock
|move|p2a: Terrakion|Stone Edge|p1a: Slow Down
|-damage|p1a: Slow Down|170\/394
|
|-weather|none
|turn|14
|
|switch|p1a: Bisharp|Bisharp, F|334\/334
|-damage|p1a: Bisharp|314\/334|[from] Stealth Rock
|move|p2a: Terrakion|Stone Edge|p1a: Bisharp|[miss]
|-miss|p2a: Terrakion|p1a: Bisharp
|
|turn|15
|
|switch|p2a: Hippowdon|Hippowdon, M|420\/420
|-damage|p2a: Hippowdon|394\/420|[from] Stealth Rock
|-weather|Sandstorm
|move|p1a: Bisharp|Knock Off|p2a: Hippowdon
|-damage|p2a: Hippowdon|276\/420
|-enditem|p2a: Hippowdon|Leftovers|[from] move: Knock Off|[of] p1a: Bisharp
|
|-weather|Sandstorm|[upkeep]
|turn|16
|
|switch|p1a: Latios|Latios, M, shiny|175\/302
|-damage|p1a: Latios|138\/302|[from] Stealth Rock
|switch|p2a: Amoonguss|Amoonguss, M|432\/432
|-damage|p2a: Amoonguss|378\/432|[from] Stealth Rock
|
|-weather|Sandstorm|[upkeep]
|-damage|p1a: Latios|120\/302|[from] sandstorm
|-damage|p2a: Amoonguss|351\/432|[from] sandstorm
|-heal|p2a: Amoonguss|378\/432|[from] item: Black Sludge
|turn|17
|
|move|p1a: Latios|Psyshock|p2a: Amoonguss
|-supereffective|p2a: Amoonguss
|-damage|p2a: Amoonguss|0 fnt
|faint|p2a: Amoonguss
|
|-weather|Sandstorm|[upkeep]
|-damage|p1a: Latios|102\/302|[from] sandstorm
|
|switch|p2a: Terrakion|Terrakion|303\/323
|-damage|p2a: Terrakion|283\/323|[from] Stealth Rock
|turn|18
|
|move|p1a: Latios|Psyshock|p2a: Terrakion
|-supereffective|p2a: Terrakion
|-damage|p2a: Terrakion|0 fnt
|faint|p2a: Terrakion
|
|-weather|Sandstorm|[upkeep]
|-damage|p1a: Latios|84\/302|[from] sandstorm
|
|switch|p2a: Hippowdon|Hippowdon, M|276\/420
|-damage|p2a: Hippowdon|250\/420|[from] Stealth Rock
|turn|19
|
|switch|p1a: Slow Down|Slowbro, F|301\/394
|-damage|p1a: Slow Down|252\/394|[from] Stealth Rock
|move|p2a: Hippowdon|Earthquake|p1a: Slow Down
|-damage|p1a: Slow Down|170\/394
|
|-weather|none
|turn|20
|
|move|p2a: Hippowdon|Earthquake|p1a: Slow Down
|-damage|p1a: Slow Down|83\/394
|move|p1a: Slow Down|Slack Off|p1a: Slow Down
|-heal|p1a: Slow Down|280\/394
|
|turn|21
|
|move|p2a: Hippowdon|Earthquake|p1a: Slow Down
|-damage|p1a: Slow Down|198\/394
|move|p1a: Slow Down|Scald|p2a: Hippowdon
|-supereffective|p2a: Hippowdon
|-damage|p2a: Hippowdon|10\/420
|
|turn|22
|
|move|p2a: Hippowdon|Earthquake|p1a: Slow Down
|-damage|p1a: Slow Down|116\/394
|move|p1a: Slow Down|Scald|p2a: Hippowdon
|-supereffective|p2a: Hippowdon
|-damage|p2a: Hippowdon|0 fnt
|faint|p2a: Hippowdon
|
|win|Potara Earrings
|raw|Ladder updating...
|raw|Potara Earrings's rating: 1618 &rarr; <strong>1634<\/strong><br \/>(+16 for winning)
|raw|RestePaisible's rating: 1552 &rarr; <strong>1536<\/strong><br \/>(-16 for losing)
|leave|RestePaisible
|player|p2