|join|Dark Side of Moon
|join|RestePaisible
|player|p1|Dark Side of Moon|161
|player|p2|RestePaisible|23
|gametype|singles
|gen|6
|tier|OU
|rated
|clearpoke
|poke|p1|Altaria, M, shiny
|poke|p1|Tentacruel, M
|poke|p1|Chesnaught, M, shiny
|poke|p1|Chansey, F
|poke|p1|Slowbro, M, shiny
|poke|p1|Heatran, M, shiny
|poke|p2|Sableye, M
|poke|p2|Talonflame, F
|poke|p2|Clefable, M
|poke|p2|Landorus, M
|poke|p2|Ferrothorn, M
|poke|p2|Starmie
|rule|Swagger Clause: Swagger is banned
|rule|Baton Pass Clause: Limit one PokÃ©mon knowing Baton Pass
|rule|Sleep Clause Mod: Limit one foe put to sleep
|rule|Species Clause: Limit one of each PokÃ©mon
|rule|OHKO Clause: OHKO moves are banned
|rule|Moody Clause: Moody is banned
|rule|Evasion Moves Clause: Evasion moves are banned
|rule|Endless Battle Clause: Forcing endless battles is banned
|rule|HP Percentage Mod: HP is shown in percentages
|teampreview
|
|start
|switch|p1a: Slowbro|Slowbro, M, shiny|394\/394
|switch|p2a: Ferrothorn|Ferrothorn, M|352\/352
|turn|1
|
|move|p1a: Slowbro|Scald|p2a: Ferrothorn
|-resisted|p2a: Ferrothorn
|-damage|p2a: Ferrothorn|313\/352
|move|p2a: Ferrothorn|Stealth Rock|p1a: Slowbro
|-sidestart|p1: Dark Side of Moon|move: Stealth Rock
|
|-heal|p2a: Ferrothorn|335\/352|[from] item: Leftovers
|turn|2
|join|3DS Master Race
|
|move|p1a: Slowbro|Scald|p2a: Ferrothorn
|-resisted|p2a: Ferrothorn
|-damage|p2a: Ferrothorn|301\/352
|move|p2a: Ferrothorn|Leech Seed|p1a: Slowbro|[miss]
|-miss|p2a: Ferrothorn|p1a: Slowbro
|
|-heal|p2a: Ferrothorn|323\/352|[from] item: Leftovers
|turn|3
|
|move|p1a: Slowbro|Scald|p2a: Ferrothorn
|-resisted|p2a: Ferrothorn
|-damage|p2a: Ferrothorn|289\/352
|-status|p2a: Ferrothorn|brn
|move|p2a: Ferrothorn|Power Whip|p1a: Slowbro
|-supereffective|p1a: Slowbro
|-damage|p1a: Slowbro|310\/394
|
|-heal|p1a: Slowbro|334\/394|[from] item: Leftovers
|-heal|p2a: Ferrothorn|311\/352 brn|[from] item: Leftovers
|-damage|p2a: Ferrothorn|267\/352 brn|[from] brn
|turn|4
|
|switch|p1a: Heatran|Heatran, M, shiny|386\/386
|-damage|p1a: Heatran|338\/386|[from] Stealth Rock
|switch|p2a: Clefable|Clefable, M|394\/394
|
|-heal|p1a: Heatran|362\/386|[from] item: Leftovers
|turn|5
|
|switch|p2a: Starmie|Starmie|324\/324
|move|p1a: Heatran|Stealth Rock|p2a: Starmie
|-sidestart|p2: RestePaisible|move: Stealth Rock
|
|-heal|p1a: Heatran|386\/386|[from] item: Leftovers
|turn|6
|
|move|p2a: Starmie|Rapid Spin|p1a: Heatran
|-resisted|p1a: Heatran
|-damage|p1a: Heatran|380\/386
|-sideend|p2: RestePaisible|Stealth Rock|[from] move: Rapid Spin|[of] p2a: Starmie
|move|p1a: Heatran|Will-O-Wisp|p2a: Starmie|[miss]
|-miss|p1a: Heatran|p2a: Starmie
|
|-heal|p1a: Heatran|386\/386|[from] item: Leftovers
|turn|7
|
|switch|p1a: Chansey|Chansey, F|680\/680
|-damage|p1a: Chansey|595\/680|[from] Stealth Rock
|move|p2a: Starmie|Scald|p1a: Chansey
|-damage|p1a: Chansey|544\/680
|-status|p1a: Chansey|brn
|
|-damage|p1a: Chansey|459\/680 brn|[from] brn
|turn|8
|
|move|p2a: Starmie|Scald|p1a: Chansey
|-crit|p1a: Chansey
|-damage|p1a: Chansey|380\/680 brn
|move|p1a: Chansey|Toxic|p2a: Starmie
|-status|p2a: Starmie|tox
|
|-damage|p2a: Starmie|304\/324 tox|[from] psn
|-damage|p1a: Chansey|295\/680 brn|[from] brn
|turn|9
|
|move|p2a: Starmie|Scald|p1a: Chansey
|-damage|p1a: Chansey|238\/680 brn
|move|p1a: Chansey|Soft-Boiled|p1a: Chansey
|-heal|p1a: Chansey|578\/680 brn
|
|-heal|p2a: Starmie|324\/324 tox|[from] item: Leftovers
|-damage|p2a: Starmie|284\/324 tox|[from] psn
|-damage|p1a: Chansey|493\/680 brn|[from] brn
|turn|10
|
|switch|p1a: Heatran|Heatran, M, shiny|386\/386
|-damage|p1a: Heatran|338\/386|[from] Stealth Rock
|move|p2a: Starmie|Scald|p1a: Heatran
|-supereffective|p1a: Heatran
|-damage|p1a: Heatran|186\/386
|
|-heal|p2a: Starmie|304\/324 tox|[from] item: Leftovers
|-heal|p1a: Heatran|210\/386|[from] item: Leftovers
|-damage|p2a: Starmie|244\/324 tox|[from] psn
|turn|11
|
|switch|p2a: Landorus|Landorus, M|319\/319
|move|p1a: Heatran|Stealth Rock|p2a: Landorus
|-sidestart|p2: RestePaisible|move: Stealth Rock
|
|-heal|p1a: Heatran|234\/386|[from] item: Leftovers
|turn|12
|
|switch|p1a: Chansey|Chansey, F|493\/680
|-damage|p1a: Chansey|408\/680|[from] Stealth Rock
|move|p2a: Landorus|Earth Power|p1a: Chansey
|-damage|p1a: Chansey|272\/680
|
|turn|13
|
|move|p2a: Landorus|Knock Off|p1a: Chansey
|-damage|p1a: Chansey|103\/680
|-enditem|p1a: Chansey|Eviolite|[from] move: Knock Off|[of] p2a: Landorus
|-damage|p2a: Landorus|288\/319|[from] item: Life Orb
|move|p1a: Chansey|Soft-Boiled|p1a: Chansey
|-heal|p1a: Chansey|443\/680
|
|turn|14
|
|switch|p2a: Starmie|Starmie|244\/324
|-damage|p2a: Starmie|204\/324|[from] Stealth Rock
|move|p1a: Chansey|Soft-Boiled|p1a: Chansey
|-heal|p1a: Chansey|680\/680
|
|-heal|p2a: Starmie|224\/324|[from] item: Leftovers
|turn|15
|
|move|p2a: Starmie|Rapid Spin|p1a: Chansey
|-damage|p1a: Chansey|656\/680
|-sideend|p2: RestePaisible|Stealth Rock|[from] move: Rapid Spin|[of] p2a: Starmie
|move|p1a: Chansey|Seismic Toss|p2a: Starmie
|-damage|p2a: Starmie|124\/324
|
|-heal|p2a: Starmie|144\/324|[from] item: Leftovers
|turn|16
|
|move|p2a: Starmie|Recover|p2a: Starmie
|-heal|p2a: Starmie|306\/324
|move|p1a: Chansey|Wish|p1a: Chansey
|
|-heal|p2a: Starmie|324\/324|[from] item: Leftovers
|turn|17
|
|switch|p1a: Heatran|Heatran, M, shiny|234\/386
|-damage|p1a: Heatran|186\/386|[from] Stealth Rock
|move|p2a: Starmie|Scald|p1a: Heatran
|-supereffective|p1a: Heatran
|-damage|p1a: Heatran|54\/386
|
|-heal|p1a: Heatran|386\/386|[from] move: Wish|[wisher] Chansey
|turn|18
|
|switch|p1a: Jelly|Tentacruel, M|364\/364
|-damage|p1a: Jelly|319\/364|[from] Stealth Rock
|move|p2a: Starmie|Scald|p1a: Jelly
|-resisted|p1a: Jelly
|-damage|p1a: Jelly|288\/364
|
|-heal|p1a: Jelly|310\/364|[from] item: Black Sludge
|turn|19
|
|switch|p2a: Sableye|Sableye, M|303\/303
|move|p1a: Jelly|Toxic Spikes|p2a: Sableye
|-sidestart|p2: RestePaisible|move: Toxic Spikes
|
|-heal|p1a: Jelly|332\/364|[from] item: Black Sludge
|turn|20
|
|switch|p1a: Altaria|Altaria, M, shiny|353\/353
|-damage|p1a: Altaria|265\/353|[from] Stealth Rock
|detailschange|p2a: Sableye|Sableye-Mega, M
|-mega|p2a: Sableye|Sableye|Sablenite
|move|p2a: Sableye|Will-O-Wisp|p1a: Altaria
|-status|p1a: Altaria|brn
|
|-damage|p1a: Altaria|221\/353 brn|[from] brn
|turn|21
|
|switch|p2a: Talonflame|Talonflame, F|360\/360
|detailschange|p1a: Altaria|Altaria-Mega, M, shiny
|-mega|p1a: Altaria|Altaria|Altarianite
|move|p1a: Altaria|Heal Bell|p1a: Altaria
|-cureteam|p1a: Altaria|[from] move: HealBell
|
|turn|22
|
|switch|p1a: Slowbro|Slowbro, M, shiny|394\/394
|-damage|p1a: Slowbro|345\/394|[from] Stealth Rock
|move|p2a: Talonflame|Bulk Up|p2a: Talonflame
|-boost|p2a: Talonflame|atk|1
|-boost|p2a: Talonflame|def|1
|
|-heal|p1a: Slowbro|369\/394|[from] item: Leftovers
|turn|23
|
|move|p2a: Talonflame|Taunt|p1a: Slowbro
|-start|p1a: Slowbro|move: Taunt
|move|p1a: Slowbro|Scald|p2a: Talonflame
|-supereffective|p2a: Talonflame
|-damage|p2a: Talonflame|184\/360
|
|-heal|p2a: Talonflame|206\/360|[from] item: Leftovers
|-heal|p1a: Slowbro|393\/394|[from] item: Leftovers
|turn|24
|
|move|p2a: Talonflame|Bulk Up|p2a: Talonflame
|-boost|p2a: Talonflame|atk|1
|-boost|p2a: Talonflame|def|1
|move|p1a: Slowbro|Scald|p2a: Talonflame
|-supereffective|p2a: Talonflame
|-damage|p2a: Talonflame|44\/360
|
|-heal|p2a: Talonflame|66\/360|[from] item: Leftovers
|-heal|p1a: Slowbro|394\/394|[from] item: Leftovers
|turn|25
|
|move|p2a: Talonflame|Roost|p2a: Talonflame
|-heal|p2a: Talonflame|246\/360
|move|p1a: Slowbro|Scald|p2a: Talonflame
|-crit|p2a: Talonflame
|-supereffective|p2a: Talonflame
|-damage|p2a: Talonflame|0 fnt
|faint|p2a: Talonflame
|
|-end|p1a: Slowbro|move: Taunt
|c|âRestePaisible|3 matchs, 3 times that my talon dies of a crit ...
|
|switch|p2a: Starmie|Starmie|324\/324
|-status|p2a: Starmie|psn
|turn|26
|
|switch|p1a: Jelly|Tentacruel, M|332\/364
|-damage|p1a: Jelly|287\/364|[from] Stealth Rock
|move|p2a: Starmie|Rapid Spin|p1a: Jelly
|-damage|p1a: Jelly|273\/364
|-sideend|p2: RestePaisible|Toxic Spikes|[from] move: Rapid Spin|[of] p2a: Starmie
|
|-heal|p1a: Jelly|295\/364|[from] item: Black Sludge
|-damage|p2a: Starmie|284\/324 psn|[from] psn
|turn|27
|
|switch|p2a: Landorus|Landorus, M|288\/319
|move|p1a: Jelly|Scald|p2a: Landorus
|-supereffective|p2a: Landorus
|-damage|p2a: Landorus|72\/319
|
|-heal|p1a: Jelly|317\/364|[from] item: Black Sludge
|turn|28
|
|switch|p1a: Chansey|Chansey, F|656\/680
|-damage|p1a: Chansey|571\/680|[from] Stealth Rock
|move|p2a: Landorus|Earth Power|p1a: Chansey
|-damage|p1a: Chansey|367\/680
|
|turn|29
|
|switch|p2a: Sableye|Sableye-Mega, M|303\/303
|move|p1a: Chansey|Soft-Boiled|p1a: Chansey
|-heal|p1a: Chansey|680\/680
|
|turn|30
|join|TheUberTherian
|
|move|p1a: Chansey|Wish|p1a: Chansey
|move|p2a: Sableye|Will-O-Wisp|p1a: Chansey
|-status|p1a: Chansey|brn
|
|-damage|p1a: Chansey|595\/680 brn|[from] brn
|turn|31
|
|switch|p1a: Altaria|Altaria-Mega, M, shiny|221\/353
|-damage|p1a: Altaria|177\/353|[from] Stealth Rock
|switch|p2a: Clefable|Clefable, M|394\/394
|
|-heal|p1a: Altaria|353\/353|[from] move: Wish|[wisher] Chansey
|turn|32
|
|switch|p1a: Jelly|Tentacruel, M|317\/364
|-damage|p1a: Jelly|272\/364|[from] Stealth Rock
|move|p2a: Clefable|Wish|p2a: Clefable
|
|-heal|p1a: Jelly|294\/364|[from] item: Black Sludge
|turn|33
|
|switch|p2a: Landorus|Landorus, M|72\/319
|move|p1a: Jelly|Rapid Spin|p2a: Landorus
|-damage|p2a: Landorus|58\/319
|-sideend|p1: Dark Side of Moon|Stealth Rock|[from] move: Rapid Spin|[of] p1a: Jelly
|
|-heal|p2a: Landorus|255\/319|[from] move: Wish|[wisher] Clefable
|-heal|p1a: Jelly|316\/364|[from] item: Black Sludge
|turn|34
|c| TheUberTherian|dark
|c| TheUberTherian|ur team
|c| TheUberTherian|is pro
|c| TheUberTherian|xD
|c|âDark Side of Moon|ty
|
|switch|p1a: Chansey|Chansey, F|595\/680
|move|p2a: Landorus|Focus Blast|p1a: Chansey
|-supereffective|p1a: Chansey
|-damage|p1a: Chansey|221\/680
|
|turn|35
|
|move|p2a: Landorus|Focus Blast|p1a: Chansey
|-supereffective|p1a: Chansey
|-damage|p1a: Chansey|0 fnt
|faint|p1a: Chansey
|
|
|switch|p1a: Slowbro|Slowbro, M, shiny|394\/394
|turn|36
|c| TheUberTherian|np
|c| TheUberTherian|dang
|
|switch|p2a: Ferrothorn|Ferrothorn, M|267\/352 brn
|move|p1a: Slowbro|Scald|p2a: Ferrothorn
|-resisted|p2a: Ferrothorn
|-damage|p2a: Ferrothorn|228\/352 brn
|
|-heal|p2a: Ferrothorn|250\/352 brn|[from] item: Leftovers
|-damage|p2a: Ferrothorn|206\/352 brn|[from] brn
|turn|37
|c| 3DS Master Race|fire blast inc
|
|switch|p1a: Heatran|Heatran, M, shiny|386\/386
|move|p2a: Ferrothorn|Stealth Rock|p1a: Heatran
|-sidestart|p1: Dark Side of Moon|move: Stealth Rock
|
|-heal|p2a: Ferrothorn|228\/352 brn|[from] item: Leftovers
|-damage|p2a: Ferrothorn|184\/352 brn|[from] brn
|turn|38
|c| 3DS Master Race|reveal fire blast
|
|switch|p2a: Starmie|Starmie|284\/324
|move|p1a: Heatran|Lava Plume|p2a: Starmie
|-resisted|p2a: Starmie
|-damage|p2a: Starmie|215\/324
|
|-heal|p2a: Starmie|235\/324|[from] item: Leftovers
|turn|39
|
|switch|p1a: Jelly|Tentacruel, M|316\/364
|-damage|p1a: Jelly|271\/364|[from] Stealth Rock
|move|p2a: Starmie|Scald|p1a: Jelly
|-resisted|p1a: Jelly
|-damage|p1a: Jelly|240\/364
|
|-heal|p2a: Starmie|255\/324|[from] item: Leftovers
|-heal|p1a: Jelly|262\/364|[from] item: Black Sludge
|turn|40
|
|move|p2a: Starmie|Scald|p1a: Jelly
|-resisted|p1a: Jelly
|-damage|p1a: Jelly|231\/364
|-status|p1a: Jelly|brn
|move|p1a: Jelly|Knock Off|p2a: Starmie
|-supereffective|p2a: Starmie
|-damage|p2a: Starmie|213\/324
|-enditem|p2a: Starmie|Leftovers|[from] move: Knock Off|[of] p1a: Jelly
|
|-heal|p1a: Jelly|253\/364 brn|[from] item: Black Sludge
|-damage|p1a: Jelly|208\/364 brn|[from] brn
|turn|41
|
|move|p2a: Starmie|Scald|p1a: Jelly
|-resisted|p1a: Jelly
|-damage|p1a: Jelly|175\/364 brn
|move|p1a: Jelly|Scald|p2a: Starmie
|-crit|p2a: Starmie
|-resisted|p2a: Starmie
|-damage|p2a: Starmie|144\/324
|
|-heal|p1a: Jelly|197\/364 brn|[from] item: Black Sludge
|-damage|p1a: Jelly|152\/364 brn|[from] brn
|turn|42
|
|move|p2a: Starmie|Recover|p2a: Starmie
|-heal|p2a: Starmie|306\/324
|move|p1a: Jelly|Rapid Spin|p2a: Starmie
|-damage|p2a: Starmie|301\/324
|-sideend|p1: Dark Side of Moon|Stealth Rock|[from] move: Rapid Spin|[of] p1a: Jelly
|
|-heal|p1a: Jelly|174\/364 brn|[from] item: Black Sludge
|-damage|p1a: Jelly|129\/364 brn|[from] brn
|turn|43
|
|switch|p1a: Altaria|Altaria-Mega, M, shiny|353\/353
|move|p2a: Starmie|Scald|p1a: Altaria
|-resisted|p1a: Altaria
|-damage|p1a: Altaria|305\/353
|
|turn|44
|leave|3DS Master Race
|
|switch|p2a: Clefable|Clefable, M|394\/394
|move|p1a: Altaria|Return|p2a: Clefable
|-damage|p2a: Clefable|232\/394
|
|-heal|p2a: Clefable|256\/394|[from] item: Leftovers
|turn|45
|
|move|p1a: Altaria|Return|p2a: Clefable
|-crit|p2a: Clefable
|-damage|p2a: Clefable|51\/394
|move|p2a: Clefable|Moonblast|p1a: Altaria
|-supereffective|p1a: Altaria
|-damage|p1a: Altaria|83\/353
|
|-heal|p2a: Clefable|75\/394|[from] item: Leftovers
|turn|46
|
|move|p1a: Altaria|Return|p2a: Clefable
|-damage|p2a: Clefable|0 fnt
|faint|p2a: Clefable
|
|
|switch|p2a: Landorus|Landorus, M|255\/319
|turn|47
|join|3DS Master Race
|
|switch|p1a: Jelly|Tentacruel, M|129\/364 brn
|move|p2a: Landorus|Earth Power|p1a: Jelly
|-supereffective|p1a: Jelly
|-damage|p1a: Jelly|0 fnt
|faint|p1a: Jelly
|
|
|switch|p1a: Slowbro|Slowbro, M, shiny|394\/394
|turn|48
|
|switch|p2a: Ferrothorn|Ferrothorn, M|184\/352 brn
|move|p1a: Slowbro|Scald|p2a: Ferrothorn
|-resisted|p2a: Ferrothorn
|-damage|p2a: Ferrothorn|147\/352 brn
|
|-heal|p2a: Ferrothorn|169\/352 brn|[from] item: Leftovers
|-damage|p2a: Ferrothorn|125\/352 brn|[from] brn
|turn|49
|
|switch|p1a: Altaria|Altaria-Mega, M, shiny|83\/353
|move|p2a: Ferrothorn|Stealth Rock|p1a: Altaria
|-sidestart|p1: Dark Side of Moon|move: Stealth Rock
|
|-heal|p2a: Ferrothorn|147\/352 brn|[from] item: Leftovers
|-damage|p2a: Ferrothorn|103\/352 brn|[from] brn
|turn|50
|
|move|p1a: Altaria|Roost|p1a: Altaria
|-heal|p1a: Altaria|260\/353
|move|p2a: Ferrothorn|Leech Seed|p1a: Altaria
|-start|p1a: Altaria|move: Leech Seed
|
|-heal|p2a: Ferrothorn|125\/352 brn|[from] item: Leftovers
|-damage|p1a: Altaria|216\/353|[from] Leech Seed|[of] p2a: Ferrothorn
|-heal|p2a: Ferrothorn|169\/352 brn|[silent]
|-damage|p2a: Ferrothorn|125\/352 brn|[from] brn
|turn|51
|
|move|p1a: Altaria|Roost|p1a: Altaria
|-heal|p1a: Altaria|353\/353
|move|p2a: Ferrothorn|Gyro Ball|p1a: Altaria
|-supereffective|p1a: Altaria
|-damage|p1a: Altaria|261\/353
|
|-heal|p2a: Ferrothorn|147\/352 brn|[from] item: Leftovers
|-damage|p1a: Altaria|217\/353|[from] Leech Seed|[of] p2a: Ferrothorn
|-heal|p2a: Ferrothorn|191\/352 brn|[silent]
|-damage|p2a: Ferrothorn|147\/352 brn|[from] brn
|turn|52
|
|move|p1a: Altaria|Dragon Dance|p1a: Altaria
|-boost|p1a: Altaria|atk|1
|-boost|p1a: Altaria|spe|1
|move|p2a: Ferrothorn|Gyro Ball|p1a: Altaria
|-supereffective|p1a: Altaria
|-damage|p1a: Altaria|89\/353
|
|-heal|p2a: Ferrothorn|169\/352 brn|[from] item: Leftovers
|-damage|p1a: Altaria|45\/353|[from] Leech Seed|[of] p2a: Ferrothorn
|-heal|p2a: Ferrothorn|213\/352 brn|[silent]
|-damage|p2a: Ferrothorn|169\/352 brn|[from] brn
|turn|53
|
|move|p1a: Altaria|Roost|p1a: Altaria
|-heal|p1a: Altaria|222\/353
|move|p2a: Ferrothorn|Gyro Ball|p1a: Altaria
|-supereffective|p1a: Altaria
|-damage|p1a: Altaria|106\/353
|
|-heal|p2a: Ferrothorn|191\/352 brn|[from] item: Leftovers
|-damage|p1a: Altaria|62\/353|[from] Leech Seed|[of] p2a: Ferrothorn
|-heal|p2a: Ferrothorn|235\/352 brn|[silent]
|-damage|p2a: Ferrothorn|191\/352 brn|[from] brn
|turn|54
|
|move|p1a: Altaria|Roost|p1a: Altaria
|-heal|p1a: Altaria|239\/353
|move|p2a: Ferrothorn|Gyro Ball|p1a: Altaria
|-supereffective|p1a: Altaria
|-damage|p1a: Altaria|125\/353
|
|-heal|p2a: Ferrothorn|213\/352 brn|[from] item: Leftovers
|-damage|p1a: Altaria|81\/353|[from] Leech Seed|[of] p2a: Ferrothorn
|-heal|p2a: Ferrothorn|257\/352 brn|[silent]
|-damage|p2a: Ferrothorn|213\/352 brn|[from] brn
|turn|55
|
|move|p1a: Altaria|Roost|p1a: Altaria
|-heal|p1a: Altaria|258\/353
|move|p2a: Ferrothorn|Gyro Ball|p1a: Altaria
|-supereffective|p1a: Altaria
|-damage|p1a: Altaria|138\/353
|
|-heal|p2a: Ferrothorn|235\/352 brn|[from] item: Leftovers
|-damage|p1a: Altaria|94\/353|[from] Leech Seed|[of] p2a: Ferrothorn
|-heal|p2a: Ferrothorn|279\/352 brn|[silent]
|-damage|p2a: Ferrothorn|235\/352 brn|[from] brn
|turn|56
|c|âRestePaisible|thank you
|c|âDark Side of Moon|yo np bro
|c|âDark Side of Moon|enjoy
|
|switch|p2a: Landorus|Landorus, M|255\/319
|move|p1a: Altaria|Roost|p1a: Altaria
|-heal|p1a: Altaria|271\/353
|
|-damage|p1a: Altaria|227\/353|[from] Leech Seed|[of] p2a: Landorus
|-heal|p2a: Landorus|299\/319|[silent]
|turn|57
|
|move|p2a: Landorus|Earth Power|p1a: Altaria
|-damage|p1a: Altaria|5\/353
|move|p1a: Altaria|Return|p2a: Landorus
|-damage|p2a: Landorus|5\/319
|
|-damage|p1a: Altaria|0 fnt|[from] Leech Seed|[of] p2a: Landorus
|-heal|p2a: Landorus|10\/319|[silent]
|faint|p1a: Altaria
|c|âDark Side of Moon|lucky roll
|c|âDark Side of Moon|oml
|c|âRestePaisible|lol you crit my talon
|
|switch|p1a: Slowbro|Slowbro, M, shiny|394\/394
|-damage|p1a: Slowbro|345\/394|[from] Stealth Rock
|turn|58
|c|âDark Side of Moon|u wouldn't of set up
|c|âRestePaisible|this is just true justice
|c|âDark Side of Moon|i have toxic
|c|âDark Side of Moon|u fool
|c|âRestePaisible|i can't set up on slowbro
|c|âDark Side of Moon|no bro when ur roosting when ur in range of scald
|c|âRestePaisible|but he was live for heatran ect so stop crying
|c|âDark Side of Moon|and ur spamming roost
|c|âDark Side of Moon|u were getting toxic
|
|switch|p2a: Ferrothorn|Ferrothorn, M|235\/352 brn
|switch|p1a: Heatran|Heatran, M, shiny|386\/386
|-damage|p1a: Heatran|338\/386|[from] Stealth Rock
|
|-heal|p1a: Heatran|362\/386|[from] item: Leftovers
|-heal|p2a: Ferrothorn|257\/352 brn|[from] item: Leftovers
|-damage|p2a: Ferrothorn|213\/352 brn|[from] brn
|turn|59
|c|âDark Side of Moon|dumbass
|c| 3DS Master Race|get predicted
|
|switch|p2a: Starmie|Starmie|301\/324
|move|p1a: Heatran|Stealth Rock|p2a: Starmie
|-sidestart|p2: RestePaisible|move: Stealth Rock
|
|-heal|p1a: Heatran|386\/386|[from] item: Leftovers
|turn|60
|
|move|p2a: Starmie|Scald|p1a: Heatran
|-supereffective|p1a: Heatran
|-damage|p1a: Heatran|254\/386
|move|p1a: Heatran|Will-O-Wisp|p2a: Starmie
|-status|p2a: Starmie|brn
|
|-heal|p1a: Heatran|278\/386|[from] item: Leftovers
|-damage|p2a: Starmie|261\/324 brn|[from] brn
|turn|61
|
|move|p2a: Starmie|Scald|p1a: Heatran
|-supereffective|p1a: Heatran
|-damage|p1a: Heatran|144\/386
|move|p1a: Heatran|Taunt|p2a: Starmie
|-start|p2a: Starmie|move: Taunt
|
|-heal|p1a: Heatran|168\/386|[from] item: Leftovers
|-damage|p2a: Starmie|221\/324 brn|[from] brn
|turn|62
|
|switch|p2a: Landorus|Landorus, M|10\/319
|-damage|p2a: Landorus|0 fnt|[from] Stealth Rock
|faint|p2a: Landorus
|move|p1a: Heatran|Lava Plume|p2: Landorus|[notarget]
|-notarget
|
|-heal|p1a: Heatran|192\/386|[from] item: Leftovers
|
|switch|p2a: Starmie|Starmie|221\/324
|-damage|p2a: Starmie|181\/324|[from] Stealth Rock
|turn|63
|
|switch|p1a: Chesnaught|Chesnaught, M, shiny|380\/380
|-damage|p1a: Chesnaught|357\/380|[from] Stealth Rock
|move|p2a: Starmie|Scald|p1a: Chesnaught
|-resisted|p1a: Chesnaught
|-damage|p1a: Chesnaught|308\/380
|
|-heal|p1a: Chesnaught|331\/380|[from] item: Leftovers
|turn|64
|
|move|p2a: Starmie|Reflect Type|p1a: Chesnaught
|-start|p2a: Starmie|typechange|[from] move: Reflect Type|[of] p1a: Chesnaught
|move|p1a: Chesnaught|Leech Seed|p2a: Starmie
|-immune|p2a: Starmie|[msg]
|
|-heal|p1a: Chesnaught|354\/380|[from] item: Leftovers
|turn|65
|
|move|p2a: Starmie|Recover|p2a: Starmie
|-heal|p2a: Starmie|324\/324
|move|p1a: Chesnaught|Drain Punch|p2a: Starmie
|-crit|p2a: Starmie
|-damage|p2a: Starmie|209\/324
|-heal|p1a: Chesnaught|380\/380|[from] drain|[of] p2a: Starmie
|
|turn|66
|
|move|p2a: Starmie|Recover|p2a: Starmie
|-heal|p2a: Starmie|324\/324
|move|p1a: Chesnaught|Spikes|p2a: Starmie
|-sidestart|p2: RestePaisible|Spikes
|
|turn|67
|
|switch|p2a: Sableye|Sableye-Mega, M|303\/303
|-damage|p2a: Sableye|266\/303|[from] Spikes
|-damage|p2a: Sableye|229\/303|[from] Stealth Rock
|switch|p1a: Slowbro|Slowbro, M, shiny|394\/394
|-damage|p1a: Slowbro|345\/394|[from] Stealth Rock
|
|-heal|p1a: Slowbro|369\/394|[from] item: Leftovers
|turn|68
|
|move|p1a: Slowbro|Scald|p2a: Sableye
|-damage|p2a: Sableye|172\/303
|move|p2a: Sableye|Knock Off|p1a: Slowbro
|-supereffective|p1a: Slowbro
|-damage|p1a: Slowbro|241\/394
|-enditem|p1a: Slowbro|Leftovers|[from] move: Knock Off|[of] p2a: Sableye
|
|turn|69
|
|move|p1a: Slowbro|Scald|p2a: Sableye
|-damage|p2a: Sableye|108\/303
|-status|p2a: Sableye|brn
|move|p2a: Sableye|Recover|p2a: Sableye
|-heal|p2a: Sableye|260\/303 brn
|
|-damage|p2a: Sableye|223\/303 brn|[from] brn
|turn|70
|
|move|p1a: Slowbro|Scald|p2a: Sableye
|-damage|p2a: Sableye|166\/303 brn
|move|p2a: Sableye|Foul Play|p1a: Slowbro
|-supereffective|p1a: Slowbro
|-damage|p1a: Slowbro|185\/394
|
|-damage|p2a: Sableye|129\/303 brn|[from] brn
|turn|71
|
|switch|p1a: Heatran|Heatran, M, shiny|192\/386
|-damage|p1a: Heatran|144\/386|[from] Stealth Rock
|move|p2a: Sableye|Recover|p2a: Sableye
|-heal|p2a: Sableye|281\/303 brn
|
|-heal|p1a: Heatran|168\/386|[from] item: Leftovers
|-damage|p2a: Sableye|244\/303 brn|[from] brn
|turn|72
|leave|TheUberTherian
|
|move|p1a: Heatran|Will-O-Wisp|p2a: Sableye
|move|p2a: Sableye|Will-O-Wisp|p1a: Heatran|[from]Magic Bounce
|-start|p1a: Heatran|ability: Flash Fire
|move|p2a: Sableye|Knock Off|p1a: Heatran
|-damage|p1a: Heatran|119\/386
|-enditem|p1a: Heatran|Leftovers|[from] move: Knock Off|[of] p2a: Sableye
|
|-damage|p2a: Sableye|207\/303 brn|[from] brn
|turn|73
|
|switch|p2a: Starmie|Starmie|324\/324
|-damage|p2a: Starmie|284\/324|[from] Spikes
|-damage|p2a: Starmie|244\/324|[from] Stealth Rock
|move|p1a: Heatran|Lava Plume|p2a: Starmie
|-crit|p2a: Starmie
|-resisted|p2a: Starmie
|-damage|p2a: Starmie|88\/324
|
|turn|74
|
|move|p2a: Starmie|Recover|p2a: Starmie
|-heal|p2a: Starmie|250\/324
|move|p1a: Heatran|Taunt|p2a: Starmie
|-start|p2a: Starmie|move: Taunt
|
|turn|75
|
|switch|p1a: Slowbro|Slowbro, M, shiny|316\/394
|-damage|p1a: Slowbro|267\/394|[from] Stealth Rock
|move|p2a: Starmie|Scald|p1a: Slowbro
|-resisted|p1a: Slowbro
|-damage|p1a: Slowbro|213\/394
|
|turn|76
|
|switch|p2a: Sableye|Sableye-Mega, M|207\/303 brn
|-damage|p2a: Sableye|170\/303 brn|[from] Spikes
|-damage|p2a: Sableye|133\/303 brn|[from] Stealth Rock
|move|p1a: Slowbro|Toxic|p2a: Sableye
|move|p2a: Sableye|Toxic|p1a: Slowbro|[from]Magic Bounce
|-status|p1a: Slowbro|tox
|
|-damage|p1a: Slowbro|189\/394 tox|[from] psn
|-damage|p2a: Sableye|96\/303 brn|[from] brn
|turn|77
|c|âRestePaisible|gg ?
|
|move|p1a: Slowbro|Scald|p2a: Sableye
|-damage|p2a: Sableye|30\/303 brn
|move|p2a: Sableye|Recover|p2a: Sableye
|-heal|p2a: Sableye|182\/303 brn
|
|-damage|p1a: Slowbro|141\/394 tox|[from] psn
|-damage|p2a: Sableye|145\/303 brn|[from] brn
|turn|78
|
|move|p1a: Slowbro|Slack Off|p1a: Slowbro
|-heal|p1a: Slowbro|338\/394 tox
|move|p2a: Sableye|Recover|p2a: Sableye
|-heal|p2a: Sableye|297\/303 brn
|
|-damage|p1a: Slowbro|266\/394 tox|[from] psn
|-damage|p2a: Sableye|260\/303 brn|[from] brn
|turn|79
|c|âDark Side of Moon|no u fool
|
|switch|p1a: Chesnaught|Chesnaught, M, shiny|380\/380
|-damage|p1a: Chesnaught|357\/380|[from] Stealth Rock
|move|p2a: Sableye|Foul Play|p1a: Chesnaught
|-resisted|p1a: Chesnaught
|-damage|p1a: Chesnaught|337\/380
|
|-heal|p1a: Chesnaught|360\/380|[from] item: Leftovers
|-damage|p2a: Sableye|223\/303 brn|[from] brn
|turn|80
|
|switch|p1a: Slowbro|Slowbro, M, shiny|394\/394 tox
|-damage|p1a: Slowbro|345\/394 tox|[from] Stealth Rock
|move|p2a: Sableye|Will-O-Wisp|p1a: Slowbro
|-fail|p1a: Slowbro
|
|-damage|p1a: Slowbro|321\/394 tox|[from] psn
|-damage|p2a: Sableye|186\/303 brn|[from] brn
|turn|81
|
|move|p1a: Slowbro|Scald|p2a: Sableye
|-damage|p2a: Sableye|122\/303 brn
|move|p2a: Sableye|Foul Play|p1a: Slowbro
|-supereffective|p1a: Slowbro
|-damage|p1a: Slowbro|271\/394 tox
|
|-damage|p1a: Slowbro|223\/394 tox|[from] psn
|-damage|p2a: Sableye|85\/303 brn|[from] brn
|turn|82
|
|switch|p1a: Chesnaught|Chesnaught, M, shiny|360\/380
|-damage|p1a: Chesnaught|337\/380|[from] Stealth Rock
|move|p2a: Sableye|Recover|p2a: Sableye
|-heal|p2a: Sableye|237\/303 brn
|
|-heal|p1a: Chesnaught|360\/380|[from] item: Leftovers
|-damage|p2a: Sableye|200\/303 brn|[from] brn
|turn|83
|
|switch|p1a: Slowbro|Slowbro, M, shiny|354\/394 tox
|-damage|p1a: Slowbro|305\/394 tox|[from] Stealth Rock
|move|p2a: Sableye|Will-O-Wisp|p1a: Slowbro|[miss]
|-miss|p2a: Sableye|p1a: Slowbro
|
|-damage|p1a: Slowbro|281\/394 tox|[from] psn
|-damage|p2a: Sableye|163\/303 brn|[from] brn
|turn|84
|
|move|p1a: Slowbro|Scald|p2a: Sableye
|-damage|p2a: Sableye|97\/303 brn
|move|p2a: Sableye|Recover|p2a: Sableye
|-heal|p2a: Sableye|249\/303 brn
|
|-damage|p1a: Slowbro|233\/394 tox|[from] psn
|-damage|p2a: Sableye|212\/303 brn|[from] brn
|turn|85
|
|switch|p1a: Chesnaught|Chesnaught, M, shiny|360\/380
|-damage|p1a: Chesnaught|337\/380|[from] Stealth Rock
|move|p2a: Sableye|Will-O-Wisp|p1a: Chesnaught
|-status|p1a: Chesnaught|brn
|
|-heal|p1a: Chesnaught|360\/380 brn|[from] item: Leftovers
|-damage|p1a: Chesnaught|313\/380 brn|[from] brn
|-damage|p2a: Sableye|175\/303 brn|[from] brn
|turn|86
|
|switch|p1a: Slowbro|Slowbro, M, shiny|364\/394 tox
|-damage|p1a: Slowbro|315\/394 tox|[from] Stealth Rock
|move|p2a: Sableye|Recover|p2a: Sableye
|-heal|p2a: Sableye|303\/303 brn
|
|-damage|p1a: Slowbro|291\/394 tox|[from] psn
|-damage|p2a: Sableye|266\/303 brn|[from] brn
|turn|87
|
|switch|p2a: Ferrothorn|Ferrothorn, M|213\/352 brn
|-damage|p2a: Ferrothorn|191\/352 brn|[from] Stealth Rock
|-damage|p2a: Ferrothorn|147\/352 brn|[from] Spikes
|move|p1a: Slowbro|Scald|p2a: Ferrothorn
|-resisted|p2a: Ferrothorn
|-damage|p2a: Ferrothorn|110\/352 brn
|
|-heal|p2a: Ferrothorn|132\/352 brn|[from] item: Leftovers
|-damage|p1a: Slowbro|243\/394 tox|[from] psn
|-damage|p2a: Ferrothorn|88\/352 brn|[from] brn
|turn|88
|c|âDark Side of Moon|hue hue hue
|
|switch|p1a: Chesnaught|Chesnaught, M, shiny|313\/380 brn
|-damage|p1a: Chesnaught|290\/380 brn|[from] Stealth Rock
|move|p2a: Ferrothorn|Leech Seed|p1a: Chesnaught|[miss]
|-miss|p2a: Ferrothorn|p1a: Chesnaught
|
|-heal|p1a: Chesnaught|313\/380 brn|[from] item: Leftovers
|-heal|p2a: Ferrothorn|110\/352 brn|[from] item: Leftovers
|-damage|p1a: Chesnaught|266\/380 brn|[from] brn
|-damage|p2a: Ferrothorn|66\/352 brn|[from] brn
|turn|89
|
|move|p1a: Chesnaught|Leech Seed|p2a: Ferrothorn
|-immune|p2a: Ferrothorn|[msg]
|move|p2a: Ferrothorn|Gyro Ball|p1a: Chesnaught
|-immune|p1a: Chesnaught|[msg]|[from] Bulletproof
|
|-heal|p1a: Chesnaught|289\/380 brn|[from] item: Leftovers
|-heal|p2a: Ferrothorn|88\/352 brn|[from] item: Leftovers
|-damage|p1a: Chesnaught|242\/380 brn|[from] brn
|-damage|p2a: Ferrothorn|44\/352 brn|[from] brn
|turn|90
|
|move|p1a: Chesnaught|Synthesis|p1a: Chesnaught
|-heal|p1a: Chesnaught|380\/380 brn
|move|p2a: Ferrothorn|Leech Seed|p1a: Chesnaught
|-immune|p1a: Chesnaught|[msg]
|
|-heal|p2a: Ferrothorn|66\/352 brn|[from] item: Leftovers
|-damage|p1a: Chesnaught|333\/380 brn|[from] brn
|-damage|p2a: Ferrothorn|22\/352 brn|[from] brn
|turn|91
|
|move|p1a: Chesnaught|Drain Punch|p2a: Ferrothorn
|-supereffective|p2a: Ferrothorn
|-damage|p2a: Ferrothorn|0 fnt
|-heal|p1a: Chesnaught|344\/380 brn|[from] drain|[of] p2a: Ferrothorn
|-damage|p1a: Chesnaught|297\/380 brn|[from] ability: Iron Barbs|[of] p2a: Ferrothorn
|faint|p2a: Ferrothorn
|
|-heal|p1a: Chesnaught|320\/380 brn|[from] item: Leftovers
|-damage|p1a: Chesnaught|273\/380 brn|[from] brn
|
|switch|p2a: Starmie|Starmie|250\/324
|-damage|p2a: Starmie|210\/324|[from] Spikes
|-damage|p2a: Starmie|170\/324|[from] Stealth Rock
|turn|92
|
|move|p2a: Starmie|Reflect Type|p1a: Chesnaught
|-start|p2a: Starmie|typechange|[from] move: Reflect Type|[of] p1a: Chesnaught
|move|p1a: Chesnaught|Leech Seed|p2a: Starmie
|-immune|p2a: Starmie|[msg]
|
|-heal|p1a: Chesnaught|296\/380 brn|[from] item: Leftovers
|-damage|p1a: Chesnaught|249\/380 brn|[from] brn
|turn|93
|
|switch|p1a: Slowbro|Slowbro, M, shiny|374\/394 tox
|-damage|p1a: Slowbro|325\/394 tox|[from] Stealth Rock
|move|p2a: Starmie|Recover|p2a: Starmie
|-heal|p2a: Starmie|324\/324
|
|-damage|p1a: Slowbro|301\/394 tox|[from] psn
|turn|94
|
|move|p2a: Starmie|Rapid Spin|p1a: Slowbro
|-damage|p1a: Slowbro|292\/394 tox
|-sideend|p2: RestePaisible|Spikes|[from] move: Rapid Spin|[of] p2a: Starmie
|-sideend|p2: RestePaisible|Stealth Rock|[from] move: Rapid Spin|[of] p2a: Starmie
|move|p1a: Slowbro|Toxic|p2a: Starmie
|-status|p2a: Starmie|tox
|
|-damage|p2a: Starmie|304\/324 tox|[from] psn
|-damage|p1a: Slowbro|244\/394 tox|[from] psn
|turn|95
|
|switch|p2a: Sableye|Sableye-Mega, M|266\/303 brn
|switch|p1a: Chesnaught|Chesnaught, M, shiny|249\/380 brn
|-damage|p1a: Chesnaught|226\/380 brn|[from] Stealth Rock
|
|-heal|p1a: Chesnaught|249\/380 brn|[from] item: Leftovers
|-damage|p1a: Chesnaught|202\/380 brn|[from] brn
|-damage|p2a: Sableye|229\/303 brn|[from] brn
|turn|96
|
|switch|p2a: Starmie|Starmie|304\/324
|move|p1a: Chesnaught|Synthesis|p1a: Chesnaught
|-heal|p1a: Chesnaught|380\/380 brn
|
|-damage|p1a: Chesnaught|333\/380 brn|[from] brn
|turn|97
|
|move|p2a: Starmie|Reflect Type|p1a: Chesnaught
|-start|p2a: Starmie|typechange|[from] move: Reflect Type|[of] p1a: Chesnaught
|move|p1a: Chesnaught|Drain Punch|p2a: Starmie
|-damage|p2a: Starmie|267\/324
|-heal|p1a: Chesnaught|352\/380 brn|[from] drain|[of] p2a: Starmie
|
|-heal|p1a: Chesnaught|375\/380 brn|[from] item: Leftovers
|-damage|p1a: Chesnaught|328\/380 brn|[from] brn
|turn|98
|
|switch|p1a: Slowbro|Slowbro, M, shiny|375\/394 tox
|-damage|p1a: Slowbro|326\/394 tox|[from] Stealth Rock
|move|p2a: Starmie|Rapid Spin|p1a: Slowbro
|-damage|p1a: Slowbro|317\/394 tox
|
|-damage|p1a: Slowbro|293\/394 tox|[from] psn
|turn|99
|
|switch|p2a: Sableye|Sableye-Mega, M|229\/303 brn
|move|p1a: Slowbro|Scald|p2a: Sableye
|-damage|p2a: Sableye|168\/303 brn
|
|-damage|p1a: Slowbro|245\/394 tox|[from] psn
|-damage|p2a: Sableye|131\/303 brn|[from] brn
|turn|100
|c| 3DS Master Race|gratz for reaching over a 100 Turns! :D
|
|switch|p1a: Chesnaught|Chesnaught, M, shiny|328\/380 brn
|-damage|p1a: Chesnaught|305\/380 brn|[from] Stealth Rock
|move|p2a: Sableye|Recover|p2a: Sableye
|-heal|p2a: Sableye|283\/303 brn
|
|-heal|p1a: Chesnaught|328\/380 brn|[from] item: Leftovers
|-damage|p1a: Chesnaught|281\/380 brn|[from] brn
|-damage|p2a: Sableye|246\/303 brn|[from] brn
|turn|101
|
|switch|p1a: Slowbro|Slowbro, M, shiny|376\/394 tox
|-damage|p1a: Slowbro|327\/394 tox|[from] Stealth Rock
|move|p2a: Sableye|Knock Off|p1a: Slowbro
|-supereffective|p1a: Slowbro
|-damage|p1a: Slowbro|279\/394 tox
|
|-damage|p1a: Slowbro|255\/394 tox|[from] psn
|-damage|p2a: Sableye|209\/303 brn|[from] brn
|turn|102
|c| 3DS Master Race|this will never end though
|
|move|p1a: Slowbro|Scald|p2a: Sableye
|-damage|p2a: Sableye|148\/303 brn
|move|p2a: Sableye|Knock Off|p1a: Slowbro
|-supereffective|p1a: Slowbro
|-damage|p1a: Slowbro|213\/394 tox
|
|-damage|p1a: Slowbro|165\/394 tox|[from] psn
|-damage|p2a: Sableye|111\/303 brn|[from] brn
|turn|103
|c|âDark Side of Moon|off it will
|c|âDark Side of Moon|ofc
|join|TheUberTherian
|
|move|p1a: Slowbro|Slack Off|p1a: Slowbro
|-heal|p1a: Slowbro|362\/394 tox
|move|p2a: Sableye|Recover|p2a: Sableye
|-heal|p2a: Sableye|263\/303 brn
|
|-damage|p1a: Slowbro|290\/394 tox|[from] psn
|-damage|p2a: Sableye|226\/303 brn|[from] brn
|turn|104
|
|switch|p1a: Chesnaught|Chesnaught, M, shiny|281\/380 brn
|-damage|p1a: Chesnaught|258\/380 brn|[from] Stealth Rock
|move|p2a: Sableye|Knock Off|p1a: Chesnaught
|-resisted|p1a: Chesnaught
|-damage|p1a: Chesnaught|240\/380 brn
|-enditem|p1a: Chesnaught|Leftovers|[from] move: Knock Off|[of] p2a: Sableye
|
|-damage|p1a: Chesnaught|193\/380 brn|[from] brn
|-damage|p2a: Sableye|189\/303 brn|[from] brn
|turn|105
|c| TheUberTherian|u guys
|c| TheUberTherian|still
|c| TheUberTherian|battling
|
|move|p1a: Chesnaught|Synthesis|p1a: Chesnaught
|-heal|p1a: Chesnaught|380\/380 brn
|move|p2a: Sableye|Foul Play|p1a: Chesnaught
|-resisted|p1a: Chesnaught
|-damage|p1a: Chesnaught|359\/380 brn
|
|-damage|p1a: Chesnaught|312\/380 brn|[from] brn
|-damage|p2a: Sableye|152\/303 brn|[from] brn
|turn|106
|c| TheUberTherian|lol
|c| 3DS Master Race|ive never seen such a long battle
|
|switch|p1a: Slowbro|Slowbro, M, shiny|394\/394 tox
|-damage|p1a: Slowbro|345\/394 tox|[from] Stealth Rock
|move|p2a: Sableye|Recover|p2a: Sableye
|-heal|p2a: Sableye|303\/303 brn
|
|-damage|p1a: Slowbro|321\/394 tox|[from] psn
|-damage|p2a: Sableye|266\/303 brn|[from] brn
|turn|107
|
|switch|p2a: Starmie|Starmie|267\/324
|move|p1a: Slowbro|Scald|p2a: Starmie
|-resisted|p2a: Starmie
|-damage|p2a: Starmie|215\/324
|-status|p2a: Starmie|brn
|
|-damage|p2a: Starmie|175\/324 brn|[from] brn
|-damage|p1a: Slowbro|273\/394 tox|[from] psn
|turn|108
|
|move|p2a: Starmie|Recover|p2a: Starmie
|-heal|p2a: Starmie|324\/324 brn
|move|p1a: Slowbro|Psyshock|p2a: Starmie
|-resisted|p2a: Starmie
|-damage|p2a: Starmie|287\/324 brn
|
|-damage|p2a: Starmie|247\/324 brn|[from] brn
|-damage|p1a: Slowbro|201\/394 tox|[from] psn
|turn|109
|
|switch|p2a: Sableye|Sableye-Mega, M|266\/303 brn
|switch|p1a: Chesnaught|Chesnaught, M, shiny|312\/380 brn
|-damage|p1a: Chesnaught|289\/380 brn|[from] Stealth Rock
|
|-damage|p1a: Chesnaught|242\/380 brn|[from] brn
|-damage|p2a: Sableye|229\/303 brn|[from] brn
|turn|110
|join|Why U NU?
|
|switch|p1a: Slowbro|Slowbro, M, shiny|332\/394 tox
|-damage|p1a: Slowbro|283\/394 tox|[from] Stealth Rock
|switch|p2a: Starmie|Starmie|247\/324
|
|-damage|p1a: Slowbro|259\/394 tox|[from] psn
|turn|111
|join|Specs Fake-Out
|
|switch|p2a: Sableye|Sableye-Mega, M|229\/303 brn
|move|p1a: Slowbro|Toxic|p2a: Sableye
|move|p2a: Sableye|Toxic|p1a: Slowbro|[from]Magic Bounce
|-fail|p1a: Slowbro|tox
|
|-damage|p1a: Slowbro|211\/394 tox|[from] psn
|-damage|p2a: Sableye|192\/303 brn|[from] brn
|turn|112
|
|move|p1a: Slowbro|Slack Off|p1a: Slowbro
|-heal|p1a: Slowbro|394\/394 tox
|move|p2a: Sableye|Knock Off|p1a: Slowbro
|-supereffective|p1a: Slowbro
|-damage|p1a: Slowbro|350\/394 tox
|
|-damage|p1a: Slowbro|278\/394 tox|[from] psn
|-damage|p2a: Sableye|155\/303 brn|[from] brn
|turn|113
|
|switch|p2a: Starmie|Starmie|247\/324
|move|p1a: Slowbro|Scald|p2a: Starmie
|-crit|p2a: Starmie
|-resisted|p2a: Starmie
|-damage|p2a: Starmie|160\/324
|
|-damage|p1a: Slowbro|182\/394 tox|[from] psn
|turn|114
|
|switch|p1a: Chesnaught|Chesnaught, M, shiny|242\/380 brn
|-damage|p1a: Chesnaught|219\/380 brn|[from] Stealth Rock
|move|p2a: Starmie|Recover|p2a: Starmie
|-heal|p2a: Starmie|322\/324
|
|-damage|p1a: Chesnaught|172\/380 brn|[from] brn
|turn|115
|
|move|p2a: Starmie|Scald|p1a: Chesnaught
|-resisted|p1a: Chesnaught
|-damage|p1a: Chesnaught|118\/380 brn
|move|p1a: Chesnaught|Synthesis|p1a: Chesnaught
|-heal|p1a: Chesnaught|308\/380 brn
|
|-damage|p1a: Chesnaught|261\/380 brn|[from] brn
|turn|116
|
|switch|p2a: Sableye|Sableye-Mega, M|155\/303 brn
|switch|p1a: Slowbro|Slowbro, M, shiny|313\/394 tox
|-damage|p1a: Slowbro|264\/394 tox|[from] Stealth Rock
|
|-damage|p1a: Slowbro|240\/394 tox|[from] psn
|-damage|p2a: Sableye|118\/303 brn|[from] brn
|turn|117
|
|move|p1a: Slowbro|Scald|p2a: Sableye
|-damage|p2a: Sableye|55\/303 brn
|move|p2a: Sableye|Recover|p2a: Sableye
|-heal|p2a: Sableye|207\/303 brn
|
|-damage|p1a: Slowbro|192\/394 tox|[from] psn
|-damage|p2a: Sableye|170\/303 brn|[from] brn
|turn|118
|
|switch|p2a: Starmie|Starmie|322\/324
|move|p1a: Slowbro|Scald|p2a: Starmie
|-resisted|p2a: Starmie
|-damage|p2a: Starmie|268\/324
|
|-damage|p1a: Slowbro|120\/394 tox|[from] psn
|turn|119
|
|move|p2a: Starmie|Scald|p1a: Slowbro
|-resisted|p1a: Slowbro
|-damage|p1a: Slowbro|65\/394 tox
|move|p1a: Slowbro|Slack Off|p1a: Slowbro
|-heal|p1a: Slowbro|262\/394 tox
|
|-damage|p1a: Slowbro|166\/394 tox|[from] psn
|turn|120
|join|MadMayMason
|
|move|p2a: Starmie|Scald|p1a: Slowbro
|-crit|p1a: Slowbro
|-resisted|p1a: Slowbro
|-damage|p1a: Slowbro|74\/394 tox
|move|p1a: Slowbro|Slack Off|p1a: Slowbro
|-heal|p1a: Slowbro|271\/394 tox
|
|-damage|p1a: Slowbro|151\/394 tox|[from] psn
|turn|121
|
|switch|p1a: Chesnaught|Chesnaught, M, shiny|261\/380 brn
|-damage|p1a: Chesnaught|238\/380 brn|[from] Stealth Rock
|move|p2a: Starmie|Scald|p1a: Chesnaught
|-resisted|p1a: Chesnaught
|-damage|p1a: Chesnaught|185\/380 brn
|
|-damage|p1a: Chesnaught|138\/380 brn|[from] brn
|turn|122
|
|switch|p2a: Sableye|Sableye-Mega, M|170\/303 brn
|move|p1a: Chesnaught|Synthesis|p1a: Chesnaught
|-heal|p1a: Chesnaught|328\/380 brn
|
|-damage|p1a: Chesnaught|281\/380 brn|[from] brn
|-damage|p2a: Sableye|133\/303 brn|[from] brn
|turn|123
|
|switch|p1a: Heatran|Heatran, M, shiny|119\/386
|-damage|p1a: Heatran|71\/386|[from] Stealth Rock
|move|p2a: Sableye|Recover|p2a: Sableye
|-heal|p2a: Sableye|285\/303 brn
|
|-damage|p2a: Sableye|248\/303 brn|[from] brn
|turn|124
|
|switch|p2a: Starmie|Starmie|268\/324
|move|p1a: Heatran|Stealth Rock|p2a: Starmie
|-sidestart|p2: RestePaisible|move: Stealth Rock
|
|turn|125
|join|jake5
|
|move|p2a: Starmie|Scald|p1a: Heatran
|-supereffective|p1a: Heatran
|-damage|p1a: Heatran|0 fnt
|faint|p1a: Heatran
|
|
|switch|p1a: Slowbro|Slowbro, M, shiny|282\/394 tox
|-damage|p1a: Slowbro|233\/394 tox|[from] Stealth Rock
|turn|126
|c| jake5|125 turns.....
|
|move|p2a: Starmie|Rapid Spin|p1a: Slowbro
|-damage|p1a: Slowbro|224\/394 tox
|-sideend|p2: RestePaisible|Stealth Rock|[from] move: Rapid Spin|[of] p2a: Starmie
|move|p1a: Slowbro|Toxic|p2a: Starmie
|-status|p2a: Starmie|tox
|
|-damage|p2a: Starmie|248\/324 tox|[from] psn
|-damage|p1a: Slowbro|200\/394 tox|[from] psn
|turn|127
|c|âRestePaisible|that stall team
|
|switch|p2a: Sableye|Sableye-Mega, M|248\/303 brn
|move|p1a: Slowbro|Slack Off|p1a: Slowbro
|-heal|p1a: Slowbro|394\/394 tox
|
|-damage|p1a: Slowbro|346\/394 tox|[from] psn
|-damage|p2a: Sableye|211\/303 brn|[from] brn
|turn|128
|
|switch|p2a: Starmie|Starmie|248\/324
|move|p1a: Slowbro|Scald|p2a: Starmie
|-resisted|p2a: Starmie
|-damage|p2a: Starmie|196\/324
|-status|p2a: Starmie|brn
|
|-damage|p2a: Starmie|156\/324 brn|[from] brn
|-damage|p1a: Slowbro|274\/394 tox|[from] psn
|turn|129
|
|switch|p1a: Chesnaught|Chesnaught, M, shiny|281\/380 brn
|-damage|p1a: Chesnaught|258\/380 brn|[from] Stealth Rock
|move|p2a: Starmie|Recover|p2a: Starmie
|-heal|p2a: Starmie|318\/324 brn
|
|-damage|p2a: Starmie|278\/324 brn|[from] brn
|-damage|p1a: Chesnaught|211\/380 brn|[from] brn
|turn|130
|
|switch|p2a: Sableye|Sableye-Mega, M|211\/303 brn
|switch|p1a: Slowbro|Slowbro, M, shiny|394\/394 tox
|-damage|p1a: Slowbro|345\/394 tox|[from] Stealth Rock
|
|-damage|p1a: Slowbro|321\/394 tox|[from] psn
|-damage|p2a: Sableye|174\/303 brn|[from] brn
|turn|131
|c| Why U NU?|this will probably go to a struggle battle
|
|move|p1a: Slowbro|Toxic|p2a: Sableye
|move|p2a: Sableye|Toxic|p1a: Slowbro|[from]Magic Bounce
|-fail|p1a: Slowbro|tox
|move|p2a: Sableye|Foul Play|p1a: Slowbro
|-supereffective|p1a: Slowbro
|-damage|p1a: Slowbro|271\/394 tox
|
|-damage|p1a: Slowbro|223\/394 tox|[from] psn
|-damage|p2a: Sableye|137\/303 brn|[from] brn
|turn|132
|
|move|p1a: Slowbro|Psyshock|p2a: Sableye
|-immune|p2a: Sableye|[msg]
|move|p2a: Sableye|Recover|p2a: Sableye
|-heal|p2a: Sableye|289\/303 brn
|
|-damage|p1a: Slowbro|151\/394 tox|[from] psn
|-damage|p2a: Sableye|252\/303 brn|[from] brn
|turn|133
|
|switch|p2a: Starmie|Starmie|278\/324
|move|p1a: Slowbro|Slack Off|p1a: Slowbro
|-heal|p1a: Slowbro|348\/394 tox
|
|-damage|p1a: Slowbro|252\/394 tox|[from] psn
|turn|134
|c|âRestePaisible|no more scald ?
|
|move|p2a: Starmie|Scald|p1a: Slowbro
|-resisted|p1a: Slowbro
|-damage|p1a: Slowbro|198\/394 tox
|move|p1a: Slowbro|Toxic|p2a: Starmie
|-status|p2a: Starmie|tox
|
|-damage|p2a: Starmie|258\/324 tox|[from] psn
|-damage|p1a: Slowbro|78\/394 tox|[from] psn
|turn|135
|
|switch|p1a: Chesnaught|Chesnaught, M, shiny|211\/380 brn
|-damage|p1a: Chesnaught|188\/380 brn|[from] Stealth Rock
|move|p2a: Starmie|Scald|p1a: Chesnaught
|-resisted|p1a: Chesnaught
|-damage|p1a: Chesnaught|134\/380 brn
|
|-damage|p2a: Starmie|218\/324 tox|[from] psn
|-damage|p1a: Chesnaught|87\/380 brn|[from] brn
|turn|136
|leave|jake5
|
|switch|p2a: Sableye|Sableye-Mega, M|252\/303 brn
|move|p1a: Chesnaught|Synthesis|p1a: Chesnaught
|-heal|p1a: Chesnaught|277\/380 brn
|
|-damage|p1a: Chesnaught|230\/380 brn|[from] brn
|-damage|p2a: Sableye|215\/303 brn|[from] brn
|turn|137
|
|switch|p1a: Slowbro|Slowbro, M, shiny|209\/394 tox
|-damage|p1a: Slowbro|160\/394 tox|[from] Stealth Rock
|move|p2a: Sableye|Knock Off|p1a: Slowbro
|-supereffective|p1a: Slowbro
|-damage|p1a: Slowbro|116\/394 tox
|
|-damage|p1a: Slowbro|92\/394 tox|[from] psn
|-damage|p2a: Sableye|178\/303 brn|[from] brn
|turn|138
|leave|Why U NU?
|
|move|p1a: Slowbro|Slack Off|p1a: Slowbro
|-heal|p1a: Slowbro|289\/394 tox
|move|p2a: Sableye|Foul Play|p1a: Slowbro
|-supereffective|p1a: Slowbro
|-damage|p1a: Slowbro|235\/394 tox
|
|-damage|p1a: Slowbro|187\/394 tox|[from] psn
|-damage|p2a: Sableye|141\/303 brn|[from] brn
|turn|139
|join|jake5
|
|move|p1a: Slowbro|Slack Off|p1a: Slowbro
|-heal|p1a: Slowbro|384\/394 tox
|move|p2a: Sableye|Recover|p2a: Sableye
|-heal|p2a: Sableye|293\/303 brn
|
|-damage|p1a: Slowbro|312\/394 tox|[from] psn
|-damage|p2a: Sableye|256\/303 brn|[from] brn
|turn|140
|
|switch|p2a: Starmie|Starmie|218\/324
|move|p1a: Slowbro|Scald|p2a: Starmie
|-resisted|p2a: Starmie
|-damage|p2a: Starmie|166\/324
|
|-damage|p1a: Slowbro|216\/394 tox|[from] psn
|turn|141
|c| 3DS Master Race|didnt you say this eventually will end 40 turns ago?
|
|move|p2a: Starmie|Recover|p2a: Starmie
|-heal|p2a: Starmie|324\/324
|move|p1a: Slowbro|Toxic|p2a: Starmie
|-status|p2a: Starmie|tox
|
|-damage|p2a: Starmie|304\/324 tox|[from] psn
|-damage|p1a: Slowbro|96\/394 tox|[from] psn
|turn|142
|
|switch|p2a: Sableye|Sableye-Mega, M|256\/303 brn
|switch|p1a: Chesnaught|Chesnaught, M, shiny|230\/380 brn
|-damage|p1a: Chesnaught|207\/380 brn|[from] Stealth Rock
|
|-damage|p1a: Chesnaught|160\/380 brn|[from] brn
|-damage|p2a: Sableye|219\/303 brn|[from] brn
|turn|143
|
|move|p1a: Chesnaught|Synthesis|p1a: Chesnaught
|-heal|p1a: Chesnaught|350\/380 brn
|move|p2a: Sableye|Foul Play|p1a: Chesnaught
|-resisted|p1a: Chesnaught
|-damage|p1a: Chesnaught|332\/380 brn
|
|-damage|p1a: Chesnaught|285\/380 brn|[from] brn
|-damage|p2a: Sableye|182\/303 brn|[from] brn
|turn|144
|c| TheUberTherian|god
|c| TheUberTherian|it still
|c| TheUberTherian|hasnt
|c| TheUberTherian|ended
|
|switch|p1a: Slowbro|Slowbro, M, shiny|227\/394 tox
|-damage|p1a: Slowbro|178\/394 tox|[from] Stealth Rock
|move|p2a: Sableye|Foul Play|p1a: Slowbro
|-supereffective|p1a: Slowbro
|-damage|p1a: Slowbro|118\/394 tox
|
|-damage|p1a: Slowbro|94\/394 tox|[from] psn
|-damage|p2a: Sableye|145\/303 brn|[from] brn
|turn|145
|c|âDark Side of Moon|he has like
|c|âDark Side of Moon|almost no recovers on sable
|
|switch|p2a: Starmie|Starmie|304\/324
|move|p1a: Slowbro|Slack Off|p1a: Slowbro
|-heal|p1a: Slowbro|291\/394 tox
|
|-damage|p1a: Slowbro|243\/394 tox|[from] psn
|turn|146
|c|âDark Side of Moon|someone go count
|c|âDark Side of Moon|:)
|c| 3DS Master Race|>almost
|
|move|p2a: Starmie|Rapid Spin|p1a: Slowbro
|-damage|p1a: Slowbro|234\/394 tox
|move|p1a: Slowbro|Toxic|p2a: Starmie
|-status|p2a: Starmie|tox
|
|-damage|p2a: Starmie|284\/324 tox|[from] psn
|-damage|p1a: Slowbro|162\/394 tox|[from] psn
|turn|147
|
|move|p2a: Starmie|Scald|p1a: Slowbro
|-resisted|p1a: Slowbro
|-damage|p1a: Slowbro|108\/394 tox
|move|p1a: Slowbro|Slack Off|p1a: Slowbro
|-heal|p1a: Slowbro|305\/394 tox
|
|-damage|p2a: Starmie|244\/324 tox|[from] psn
|-damage|p1a: Slowbro|209\/394 tox|[from] psn
|turn|148
|
|switch|p2a: Sableye|Sableye-Mega, M|145\/303 brn
|switch|p1a: Chesnaught|Chesnaught, M, shiny|285\/380 brn
|-damage|p1a: Chesnaught|262\/380 brn|[from] Stealth Rock
|
|-damage|p1a: Chesnaught|215\/380 brn|[from] brn
|-damage|p2a: Sableye|108\/303 brn|[from] brn
|turn|149
|
|move|p1a: Chesnaught|Drain Punch|p2a: Sableye
|-immune|p2a: Sableye|[msg]
|move|p2a: Sableye|Recover|p2a: Sableye
|-heal|p2a: Sableye|260\/303 brn
|
|-damage|p1a: Chesnaught|168\/380 brn|[from] brn
|-damage|p2a: Sableye|223\/303 brn|[from] brn
|turn|150
|
|move|p1a: Chesnaught|Synthesis|p1a: Chesnaught
|-heal|p1a: Chesnaught|358\/380 brn
|move|p2a: Sableye|Foul Play|p1a: Chesnaught
|-resisted|p1a: Chesnaught
|-damage|p1a: Chesnaught|339\/380 brn
|
|-damage|p1a: Chesnaught|292\/380 brn|[from] brn
|-damage|p2a: Sableye|186\/303 brn|[from] brn
|turn|151
|c| 3DS Master Race|i counted 22
|c|âDark Side of Moon|u miscounted very bad
|c|âDark Side of Moon|bc it has only 16
|c| 3DS Master Race|oops i think starmie has recover too
|c| 3DS Master Race|my bad
|
|switch|p1a: Slowbro|Slowbro, M, shiny|340\/394 tox
|-damage|p1a: Slowbro|291\/394 tox|[from] Stealth Rock
|move|p2a: Sableye|Foul Play|p1a: Slowbro
|-supereffective|p1a: Slowbro
|-damage|p1a: Slowbro|241\/394 tox
|
|-damage|p1a: Slowbro|217\/394 tox|[from] psn
|-damage|p2a: Sableye|149\/303 brn|[from] brn
|turn|152
|
|switch|p2a: Starmie|Starmie|244\/324
|move|p1a: Slowbro|Toxic|p2a: Starmie
|-status|p2a: Starmie|tox
|
|-damage|p2a: Starmie|224\/324 tox|[from] psn
|-damage|p1a: Slowbro|169\/394 tox|[from] psn
|turn|153
|
|move|p2a: Starmie|Rapid Spin|p1a: Slowbro
|-damage|p1a: Slowbro|160\/394 tox
|move|p1a: Slowbro|Slack Off|p1a: Slowbro
|-heal|p1a: Slowbro|357\/394 tox
|
|-damage|p2a: Starmie|184\/324 tox|[from] psn
|-damage|p1a: Slowbro|285\/394 tox|[from] psn
|turn|154
|
|move|p2a: Starmie|Rapid Spin|p1a: Slowbro
|-damage|p1a: Slowbro|276\/394 tox
|move|p1a: Slowbro|Psyshock|p2a: Starmie
|-resisted|p2a: Starmie
|-damage|p2a: Starmie|145\/324 tox
|
|-damage|p2a: Starmie|85\/324 tox|[from] psn
|-damage|p1a: Slowbro|180\/394 tox|[from] psn
|turn|155
|
|switch|p2a: Sableye|Sableye-Mega, M|149\/303 brn
|move|p1a: Slowbro|Slack Off|p1a: Slowbro
|-heal|p1a: Slowbro|377\/394 tox
|
|-damage|p1a: Slowbro|257\/394 tox|[from] psn
|-damage|p2a: Sableye|112\/303 brn|[from] brn
|turn|156
|
|move|p1a: Slowbro|Scald|p2a: Sableye
|-damage|p2a: Sableye|48\/303 brn
|move|p2a: Sableye|Foul Play|p1a: Slowbro
|-supereffective|p1a: Slowbro
|-damage|p1a: Slowbro|207\/394 tox
|
|-damage|p1a: Slowbro|63\/394 tox|[from] psn
|-damage|p2a: Sableye|11\/303 brn|[from] brn
|turn|157
|join|subzeromkx
|
|switch|p1a: Chesnaught|Chesnaught, M, shiny|292\/380 brn
|-damage|p1a: Chesnaught|269\/380 brn|[from] Stealth Rock
|move|p2a: Sableye|Recover|p2a: Sableye
|-heal|p2a: Sableye|163\/303 brn
|
|-damage|p1a: Chesnaught|222\/380 brn|[from] brn
|-damage|p2a: Sableye|126\/303 brn|[from] brn
|turn|158
|c| subzeromkx|holy shit..
|c| subzeromkx|this is why I use HO
|c| jake5|ikr 158 turns
|c| subzeromkx|lol
|
|switch|p1a: Slowbro|Slowbro, M, shiny|194\/394 tox
|-damage|p1a: Slowbro|145\/394 tox|[from] Stealth Rock
|switch|p2a: Starmie|Starmie|85\/324
|
|-damage|p1a: Slowbro|121\/394 tox|[from] psn
|turn|159
|c| 3DS Master Race|Endless Battle Clause: Forcing endless battles is banned
|c| 3DS Master Race|isnt this a thing?
|c| subzeromkx|My matches are usually 25 turns or less
|
|move|p2a: Starmie|Recover|p2a: Starmie
|-heal|p2a: Starmie|247\/324
|move|p1a: Slowbro|Slack Off|p1a: Slowbro
|-heal|p1a: Slowbro|318\/394 tox
|
|-damage|p1a: Slowbro|270\/394 tox|[from] psn
|turn|160
|c| jake5|lool
|
|move|p2a: Starmie|Rapid Spin|p1a: Slowbro
|-crit|p1a: Slowbro
|-damage|p1a: Slowbro|257\/394 tox
|move|p1a: Slowbro|Toxic|p2a: Starmie
|-status|p2a: Starmie|tox
|
|-damage|p2a: Starmie|227\/324 tox|[from] psn
|-damage|p1a: Slowbro|185\/394 tox|[from] psn
|turn|161
|
|move|p2a: Starmie|Rapid Spin|p1a: Slowbro
|-damage|p1a: Slowbro|176\/394 tox
|move|p1a: Slowbro|Psyshock|p2a: Starmie
|-resisted|p2a: Starmie
|-damage|p2a: Starmie|188\/324 tox
|
|-damage|p2a: Starmie|148\/324 tox|[from] psn
|-damage|p1a: Slowbro|80\/394 tox|[from] psn
|turn|162
|join|Fabio96
|c| jake5|n thats different
|
|move|p2a: Starmie|Recover|p2a: Starmie
|-heal|p2a: Starmie|310\/324 tox
|move|p1a: Slowbro|Slack Off|p1a: Slowbro
|-heal|p1a: Slowbro|277\/394 tox
|
|-damage|p2a: Starmie|250\/324 tox|[from] psn
|-damage|p1a: Slowbro|157\/394 tox|[from] psn
|turn|163
|leave|Fabio96
|join|Fabio96
|
|switch|p1a: Chesnaught|Chesnaught, M, shiny|222\/380 brn
|-damage|p1a: Chesnaught|199\/380 brn|[from] Stealth Rock
|move|p2a: Starmie|Rapid Spin|p1a: Chesnaught
|-damage|p1a: Chesnaught|191\/380 brn
|
|-damage|p2a: Starmie|170\/324 tox|[from] psn
|-damage|p1a: Chesnaught|144\/380 brn|[from] brn
|turn|164
|leave|jake5
|
|switch|p2a: Sableye|Sableye-Mega, M|126\/303 brn
|switch|p1a: Slowbro|Slowbro, M, shiny|288\/394 tox
|-damage|p1a: Slowbro|239\/394 tox|[from] Stealth Rock
|
|-damage|p1a: Slowbro|215\/394 tox|[from] psn
|-damage|p2a: Sableye|89\/303 brn|[from] brn
|turn|165
|join|jake5
|
|switch|p2a: Starmie|Starmie|170\/324
|move|p1a: Slowbro|Toxic|p2a: Starmie
|-status|p2a: Starmie|tox
|
|-damage|p2a: Starmie|150\/324 tox|[from] psn
|-damage|p1a: Slowbro|167\/394 tox|[from] psn
|turn|166
|join|Omegasization
|join|Mistaken
|c| Omegasization|mob
|
|move|p2a: Starmie|Recover|p2a: Starmie
|-heal|p2a: Starmie|312\/324 tox
|move|p1a: Slowbro|Psyshock|p2a: Starmie
|-resisted|p2a: Starmie
|-damage|p2a: Starmie|277\/324 tox
|
|-damage|p2a: Starmie|237\/324 tox|[from] psn
|-damage|p1a: Slowbro|95\/394 tox|[from] psn
|turn|167
|c| jake5|http:\/\/www.smogon.com\/forums\/threads\/endless-battle-clause.3495354\/
|c| Omegasization|join bof on ur main
|
|switch|p1a: Chesnaught|Chesnaught, M, shiny|144\/380 brn
|-damage|p1a: Chesnaught|121\/380 brn|[from] Stealth Rock
|move|p2a: Starmie|Rapid Spin|p1a: Chesnaught
|-damage|p1a: Chesnaught|114\/380 brn
|
|-damage|p2a: Starmie|177\/324 tox|[from] psn
|-damage|p1a: Chesnaught|67\/380 brn|[from] brn
|turn|168
|c| Omegasization|tele and jake are at it again
|c|âDark Side of Moon|after this
|c| jake5|lock dis nigga for leaking
|c| jake5|lel jk
|leave|Fabio96
|c| Omegasization|wait shit
|c| Omegasization|no
|
|switch|p2a: Sableye|Sableye-Mega, M|89\/303 brn
|move|p1a: Chesnaught|Leech Seed|p2a: Sableye
|move|p2a: Sableye|Leech Seed|p1a: Chesnaught|[from]Magic Bounce
|-immune|p1a: Chesnaught|[msg]
|
|-damage|p1a: Chesnaught|20\/380 brn|[from] brn
|-damage|p2a: Sableye|52\/303 brn|[from] brn
|turn|169
|c| jake5|its on modjoin so w\/e
|c| Omegasization|not like he can join
|c| Omegasization|just dont tell
|-message|Dark Side of Moon forfeited.
|
|win|RestePaisible
|raw|Ladder updating...
|leave|Dark Side of Moon
|player|p1
|c| jake5|k that was productive.....
|raw|Dark Side of Moon's rating: 1746 &rarr; <strong>1715<\/strong><br \/>(-31 for losing)
|raw|RestePaisible's rating: 1521 &rarr; <strong>1553<\/strong><br \/>(+32 for winning)
|leave|Omegasization
|leave|jake5
|leave|Mistaken