|join|kloshitt
|join|RestePaisible
|player|p1|kloshitt|52
|player|p2|RestePaisible|23
|gametype|singles
|gen|6
|tier|OU
|rated
|clearpoke
|poke|p1|Metagross
|poke|p1|Landorus, M
|poke|p1|Rotom-Wash
|poke|p1|Heatran, F
|poke|p1|Rhyperior, M
|poke|p1|Tangrowth, F
|poke|p2|Altaria, M
|poke|p2|Keldeo
|poke|p2|Scizor, M
|poke|p2|Landorus-Therian, M
|poke|p2|Rotom-Wash
|poke|p2|Celebi
|rule|Swagger Clause: Swagger is banned
|rule|Baton Pass Clause: Limit one PokÃ©mon knowing Baton Pass
|rule|Sleep Clause Mod: Limit one foe put to sleep
|rule|Species Clause: Limit one of each PokÃ©mon
|rule|OHKO Clause: OHKO moves are banned
|rule|Moody Clause: Moody is banned
|rule|Evasion Moves Clause: Evasion moves are banned
|rule|Endless Battle Clause: Forcing endless battles is banned
|rule|HP Percentage Mod: HP is shown in percentages
|teampreview
|
|start
|switch|p1a: Landorus|Landorus, M|319\/319
|switch|p2a: Celebi|Celebi|403\/403
|turn|1
|
|switch|p2a: Keldeo|Keldeo|323\/323
|move|p1a: Landorus|Stealth Rock|p2a: Keldeo
|-sidestart|p2: RestePaisible|move: Stealth Rock
|
|turn|2
|
|switch|p1a: Tangrowth|Tangrowth, F|403\/403
|move|p2a: Keldeo|Substitute|p2a: Keldeo
|-start|p2a: Keldeo|Substitute
|-damage|p2a: Keldeo|243\/323
|
|-heal|p2a: Keldeo|263\/323|[from] item: Leftovers
|turn|3
|
|move|p2a: Keldeo|Scald|p1a: Tangrowth
|-resisted|p1a: Tangrowth
|-damage|p1a: Tangrowth|320\/403
|-status|p1a: Tangrowth|brn
|move|p1a: Tangrowth|Giga Drain|p2a: Keldeo
|-supereffective|p2a: Keldeo
|-end|p2a: Keldeo|Substitute
|-heal|p1a: Tangrowth|360\/403 brn|[from] drain|[of] p2a: Keldeo
|
|-heal|p2a: Keldeo|283\/323|[from] item: Leftovers
|-damage|p1a: Tangrowth|310\/403 brn|[from] brn
|turn|4
|
|switch|p2a: Altaria|Altaria, M|353\/353
|-damage|p2a: Altaria|265\/353|[from] Stealth Rock
|move|p1a: Tangrowth|Giga Drain|p2a: Altaria
|-resisted|p2a: Altaria
|-damage|p2a: Altaria|235\/353
|-heal|p1a: Tangrowth|325\/403 brn|[from] drain|[of] p2a: Altaria
|
|-damage|p1a: Tangrowth|275\/403 brn|[from] brn
|turn|5
|
|switch|p1a: Rhyperior|Rhyperior, M|425\/425
|detailschange|p2a: Altaria|Altaria-Mega, M
|-mega|p2a: Altaria|Altaria|Altarianite
|move|p2a: Altaria|Roost|p2a: Altaria
|-heal|p2a: Altaria|353\/353
|
|turn|6
|
|switch|p2a: Rotom-Wash|Rotom-Wash|303\/303
|-damage|p2a: Rotom-Wash|266\/303|[from] Stealth Rock
|move|p1a: Rhyperior|Earthquake|p2a: Rotom-Wash
|-immune|p2a: Rotom-Wash|[msg]
|
|-heal|p2a: Rotom-Wash|284\/303|[from] item: Leftovers
|turn|7
|
|switch|p1a: Rotom-Wash|Rotom-Wash|304\/304
|move|p2a: Rotom-Wash|Volt Switch|p1a: Rotom-Wash
|-damage|p1a: Rotom-Wash|225\/304
|
|switch|p2a: Celebi|Celebi|403\/403
|-damage|p2a: Celebi|353\/403|[from] Stealth Rock
|
|-heal|p2a: Celebi|378\/403|[from] item: Leftovers
|-heal|p1a: Rotom-Wash|244\/304|[from] item: Leftovers
|turn|8
|
|move|p2a: Celebi|Baton Pass|p2a: Celebi
|
|switch|p2a: Altaria|Altaria-Mega, M|353\/353
|-damage|p2a: Altaria|309\/353|[from] Stealth Rock
|move|p1a: Rotom-Wash|Volt Switch|p2a: Altaria
|-resisted|p2a: Altaria
|-damage|p2a: Altaria|269\/353
|
|switch|p1a: Rhyperior|Rhyperior, M|425\/425
|
|turn|9
|join|fgjkltzfuk
|
|switch|p2a: Rotom-Wash|Rotom-Wash|284\/303
|-damage|p2a: Rotom-Wash|247\/303|[from] Stealth Rock
|move|p1a: Rhyperior|Rock Blast|p2a: Rotom-Wash
|-damage|p2a: Rotom-Wash|210\/303
|-damage|p2a: Rotom-Wash|167\/303
|-damage|p2a: Rotom-Wash|127\/303
|-damage|p2a: Rotom-Wash|90\/303
|-damage|p2a: Rotom-Wash|47\/303
|-hitcount|p2a: Rotom-Wash|5
|
|-heal|p2a: Rotom-Wash|65\/303|[from] item: Leftovers
|turn|10
|
|switch|p1a: Rotom-Wash|Rotom-Wash|244\/304
|move|p2a: Rotom-Wash|Pain Split|p1a: Rotom-Wash
|-sethp|p1a: Rotom-Wash|154\/304|p2a: Rotom-Wash|154\/303|[from] move: Pain Split
|
|-heal|p1a: Rotom-Wash|173\/304|[from] item: Leftovers
|-heal|p2a: Rotom-Wash|172\/303|[from] item: Leftovers
|turn|11
|
|move|p1a: Rotom-Wash|Volt Switch|p2a: Rotom-Wash
|-damage|p2a: Rotom-Wash|91\/303
|
|switch|p1a: Landorus|Landorus, M|319\/319
|move|p2a: Rotom-Wash|Volt Switch|p1a: Landorus
|-immune|p1a: Landorus|[msg]
|
|-heal|p2a: Rotom-Wash|109\/303|[from] item: Leftovers
|turn|12
|
|move|p1a: Landorus|Psychic|p2a: Rotom-Wash
|-damage|p2a: Rotom-Wash|0 fnt
|faint|p2a: Rotom-Wash
|
|
|switch|p2a: Keldeo|Keldeo|283\/323
|-damage|p2a: Keldeo|263\/323|[from] Stealth Rock
|turn|13
|
|switch|p1a: Rotom-Wash|Rotom-Wash|173\/304
|move|p2a: Keldeo|Calm Mind|p2a: Keldeo
|-boost|p2a: Keldeo|spa|1
|-boost|p2a: Keldeo|spd|1
|
|-heal|p2a: Keldeo|283\/323|[from] item: Leftovers
|-heal|p1a: Rotom-Wash|192\/304|[from] item: Leftovers
|turn|14
|
|move|p2a: Keldeo|Secret Sword|p1a: Rotom-Wash
|-damage|p1a: Rotom-Wash|20\/304
|move|p1a: Rotom-Wash|Volt Switch|p2a: Keldeo
|-supereffective|p2a: Keldeo
|-damage|p2a: Keldeo|151\/323
|
|switch|p1a: Metagross|Metagross|301\/301
|
|-heal|p2a: Keldeo|171\/323|[from] item: Leftovers
|turn|15
|
|detailschange|p1a: Metagross|Metagross-Mega
|-mega|p1a: Metagross|Metagross|Metagrossite
|move|p2a: Keldeo|Scald|p1a: Metagross
|-damage|p1a: Metagross|105\/301
|-status|p1a: Metagross|brn
|move|p1a: Metagross|Zen Headbutt|p2a: Keldeo
|-supereffective|p2a: Keldeo
|-damage|p2a: Keldeo|0 fnt
|faint|p2a: Keldeo
|
|-damage|p1a: Metagross|68\/301 brn|[from] brn
|c|âRestePaisible|sry
|
|switch|p2a: Landorus-Therian|Landorus-Therian, M|382\/382
|-damage|p2a: Landorus-Therian|335\/382|[from] Stealth Rock
|-ability|p2a: Landorus-Therian|Intimidate|[of] p1a: Metagross
|-unboost|p1a: Metagross|atk|1
|turn|16
|c|âkloshitt|lel i dont care
|
|switch|p1a: Rotom-Wash|Rotom-Wash|20\/304
|move|p2a: Landorus-Therian|Stealth Rock|p1a: Rotom-Wash
|-sidestart|p1: kloshitt|move: Stealth Rock
|
|-heal|p2a: Landorus-Therian|358\/382|[from] item: Leftovers
|-heal|p1a: Rotom-Wash|39\/304|[from] item: Leftovers
|turn|17
|
|move|p1a: Rotom-Wash|Pain Split|p2a: Landorus-Therian
|-sethp|p2a: Landorus-Therian|198\/382|p1a: Rotom-Wash|198\/304|[from] move: Pain Split
|move|p2a: Landorus-Therian|U-turn|p1a: Rotom-Wash
|-damage|p1a: Rotom-Wash|144\/304
|
|switch|p2a: Celebi|Celebi|378\/403
|-damage|p2a: Celebi|328\/403|[from] Stealth Rock
|
|-heal|p2a: Celebi|353\/403|[from] item: Leftovers
|-heal|p1a: Rotom-Wash|163\/304|[from] item: Leftovers
|turn|18
|
|switch|p1a: Heatran|Heatran, F|323\/323
|-damage|p1a: Heatran|283\/323|[from] Stealth Rock
|move|p2a: Celebi|Giga Drain|p1a: Heatran
|-resisted|p1a: Heatran
|-damage|p1a: Heatran|264\/323
|-heal|p2a: Celebi|363\/403|[from] drain|[of] p1a: Heatran
|
|-heal|p2a: Celebi|388\/403|[from] item: Leftovers
|turn|19
|
|move|p1a: Heatran|Overheat|p2a: Celebi
|-supereffective|p2a: Celebi
|-damage|p2a: Celebi|68\/403
|-unboost|p1a: Heatran|spa|2
|move|p2a: Celebi|Recover|p2a: Celebi
|-heal|p2a: Celebi|270\/403
|
|-heal|p2a: Celebi|295\/403|[from] item: Leftovers
|turn|20
|
|switch|p1a: Tangrowth|Tangrowth, F|403\/403 brn
|-damage|p1a: Tangrowth|353\/403 brn|[from] Stealth Rock
|move|p2a: Celebi|Baton Pass|p2a: Celebi
|
|switch|p2a: Scizor|Scizor, M|343\/343
|-damage|p2a: Scizor|301\/343|[from] Stealth Rock
|
|-damage|p1a: Tangrowth|303\/403 brn|[from] brn
|turn|21
|
|switch|p1a: Metagross|Metagross-Mega|68\/301 brn
|-damage|p1a: Metagross|50\/301 brn|[from] Stealth Rock
|move|p2a: Scizor|U-turn|p1a: Metagross
|-damage|p1a: Metagross|0 fnt
|faint|p1a: Metagross
|
|switch|p2a: Landorus-Therian|Landorus-Therian, M|198\/382
|-damage|p2a: Landorus-Therian|151\/382|[from] Stealth Rock
|
|-heal|p2a: Landorus-Therian|174\/382|[from] item: Leftovers
|
|switch|p1a: Heatran|Heatran, F|264\/323
|-damage|p1a: Heatran|224\/323|[from] Stealth Rock
|turn|22
|
|switch|p2a: Altaria|Altaria-Mega, M|269\/353
|-damage|p2a: Altaria|225\/353|[from] Stealth Rock
|move|p1a: Heatran|Flash Cannon|p2a: Altaria
|-supereffective|p2a: Altaria
|-damage|p2a: Altaria|0 fnt
|faint|p2a: Altaria
|
|
|switch|p2a: Scizor|Scizor, M|301\/343
|-damage|p2a: Scizor|259\/343|[from] Stealth Rock
|turn|23
|
|switch|p1a: Landorus|Landorus, M|319\/319
|-damage|p1a: Landorus|280\/319|[from] Stealth Rock
|move|p2a: Scizor|U-turn|p1a: Landorus
|-resisted|p1a: Landorus
|-damage|p1a: Landorus|161\/319
|
|switch|p2a: Celebi|Celebi|295\/403
|-damage|p2a: Celebi|245\/403|[from] Stealth Rock
|
|-heal|p2a: Celebi|270\/403|[from] item: Leftovers
|turn|24
|
|switch|p1a: Tangrowth|Tangrowth, F|403\/403 brn
|-damage|p1a: Tangrowth|353\/403 brn|[from] Stealth Rock
|move|p2a: Celebi|Recover|p2a: Celebi
|-heal|p2a: Celebi|403\/403
|
|-damage|p1a: Tangrowth|303\/403 brn|[from] brn
|turn|25
|
|move|p2a: Celebi|Baton Pass|p2a: Celebi
|
|switch|p2a: Landorus-Therian|Landorus-Therian, M|174\/382
|-damage|p2a: Landorus-Therian|127\/382|[from] Stealth Rock
|-ability|p2a: Landorus-Therian|Intimidate|[of] p1a: Tangrowth
|-unboost|p1a: Tangrowth|atk|1
|move|p1a: Tangrowth|Knock Off|p2a: Landorus-Therian
|-damage|p2a: Landorus-Therian|106\/382
|-enditem|p2a: Landorus-Therian|Leftovers|[from] move: Knock Off|[of] p1a: Tangrowth
|
|-damage|p1a: Tangrowth|253\/403 brn|[from] brn
|turn|26
|
|switch|p1a: Rhyperior|Rhyperior, M|425\/425
|-damage|p1a: Rhyperior|399\/425|[from] Stealth Rock
|move|p2a: Landorus-Therian|U-turn|p1a: Rhyperior
|-damage|p1a: Rhyperior|337\/425
|
|switch|p2a: Celebi|Celebi|403\/403
|-damage|p2a: Celebi|353\/403|[from] Stealth Rock
|
|-heal|p2a: Celebi|378\/403|[from] item: Leftovers
|-heal|p1a: Rhyperior|363\/425|[from] item: Leftovers
|turn|27
|
|switch|p1a: Tangrowth|Tangrowth, F|387\/403 brn
|-damage|p1a: Tangrowth|337\/403 brn|[from] Stealth Rock
|move|p2a: Celebi|Giga Drain|p1a: Tangrowth
|-resisted|p1a: Tangrowth
|-damage|p1a: Tangrowth|289\/403 brn
|-heal|p2a: Celebi|402\/403|[from] drain|[of] p1a: Tangrowth
|
|-heal|p2a: Celebi|403\/403|[from] item: Leftovers
|-damage|p1a: Tangrowth|239\/403 brn|[from] brn
|turn|28
|
|switch|p2a: Landorus-Therian|Landorus-Therian, M|106\/382
|-damage|p2a: Landorus-Therian|59\/382|[from] Stealth Rock
|-ability|p2a: Landorus-Therian|Intimidate|[of] p1a: Tangrowth
|-unboost|p1a: Tangrowth|atk|1
|move|p1a: Tangrowth|Hidden Power|p2a: Landorus-Therian
|-damage|p2a: Landorus-Therian|0 fnt
|faint|p2a: Landorus-Therian
|
|-damage|p1a: Tangrowth|189\/403 brn|[from] brn
|
|switch|p2a: Scizor|Scizor, M|259\/343
|-damage|p2a: Scizor|217\/343|[from] Stealth Rock
|turn|29
|
|switch|p1a: Landorus|Landorus, M|161\/319
|-damage|p1a: Landorus|122\/319|[from] Stealth Rock
|move|p2a: Scizor|U-turn|p1a: Landorus
|-resisted|p1a: Landorus
|-damage|p1a: Landorus|19\/319
|
|switch|p2a: Celebi|Celebi|403\/403
|-damage|p2a: Celebi|353\/403|[from] Stealth Rock
|
|-heal|p2a: Celebi|378\/403|[from] item: Leftovers
|turn|30
|
|move|p1a: Landorus|Earth Power|p2a: Celebi
|-resisted|p2a: Celebi
|-damage|p2a: Celebi|284\/403
|move|p2a: Celebi|Giga Drain|p1a: Landorus
|-damage|p1a: Landorus|0 fnt
|-heal|p2a: Celebi|294\/403|[from] drain|[of] p1a: Landorus
|faint|p1a: Landorus
|
|-heal|p2a: Celebi|319\/403|[from] item: Leftovers
|
|switch|p1a: Heatran|Heatran, F|224\/323
|-damage|p1a: Heatran|184\/323|[from] Stealth Rock
|turn|31
|
|move|p1a: Heatran|Overheat|p2a: Celebi
|-supereffective|p2a: Celebi
|-damage|p2a: Celebi|0 fnt
|-unboost|p1a: Heatran|spa|2
|faint|p2a: Celebi
|
|
|switch|p2a: Scizor|Scizor, M|217\/343
|-damage|p2a: Scizor|175\/343|[from] Stealth Rock
|turn|32
|c|âRestePaisible|gg
|c|âkloshitt|g_G
|
|move|p1a: Heatran|Overheat|p2a: Scizor
|-crit|p2a: Scizor
|-supereffective|p2a: Scizor
|-damage|p2a: Scizor|0 fnt
|-unboost|p1a: Heatran|spa|2
|faint|p2a: Scizor
|
|win|kloshitt
|raw|Ladder updating...
|raw|kloshitt's rating: 1677 &rarr; <strong>1694<\/strong><br \/>(+17 for winning)
|raw|RestePaisible's rating: 1638 &rarr; <strong>1620<\/strong><br \/>(-18 for losing)
|leave|RestePaisible
|leave|fgjkltzfuk
|player|p2