|join|CleanerThanRotom-W
|join|RestePaisible
|player|p1|CleanerThanRotom-W|226
|player|p2|RestePaisible|23
|gametype|singles
|gen|6
|tier|OU
|rated
|clearpoke
|poke|p1|Sableye, M
|poke|p1|Chansey, F
|poke|p1|Cresselia, F
|poke|p1|Gothitelle, M
|poke|p1|Skarmory, M
|poke|p1|Quagsire, F
|poke|p2|Altaria, M
|poke|p2|Keldeo
|poke|p2|Scizor, M
|poke|p2|Landorus-Therian, M
|poke|p2|Rotom-Wash
|poke|p2|Celebi
|rule|Swagger Clause: Swagger is banned
|rule|Baton Pass Clause: Limit one PokÃ©mon knowing Baton Pass
|rule|Sleep Clause Mod: Limit one foe put to sleep
|rule|Species Clause: Limit one of each PokÃ©mon
|rule|OHKO Clause: OHKO moves are banned
|rule|Moody Clause: Moody is banned
|rule|Evasion Moves Clause: Evasion moves are banned
|rule|Endless Battle Clause: Forcing endless battles is banned
|rule|HP Percentage Mod: HP is shown in percentages
|teampreview
|
|start
|switch|p1a: Sableye|Sableye, M|303\/303
|switch|p2a: Altaria|Altaria, M|353\/353
|turn|1
|
|switch|p1a: Chansey|Chansey, F|703\/703
|detailschange|p2a: Altaria|Altaria-Mega, M
|-mega|p2a: Altaria|Altaria|Altarianite
|move|p2a: Altaria|Hyper Voice|p1a: Chansey
|-damage|p1a: Chansey|564\/703
|
|turn|2
|
|switch|p2a: Landorus-Therian|Landorus-Therian, M|382\/382
|-ability|p2a: Landorus-Therian|Intimidate|[of] p1a: Chansey
|-unboost|p1a: Chansey|atk|1
|move|p1a: Chansey|Stealth Rock|p2a: Landorus-Therian
|-sidestart|p2: RestePaisible|move: Stealth Rock
|
|turn|3
|
|switch|p1a: Skarmory|Skarmory, M|334\/334
|move|p2a: Landorus-Therian|Stealth Rock|p1a: Skarmory
|-sidestart|p1: CleanerThanRotom-W|move: Stealth Rock
|
|turn|4
|
|move|p2a: Landorus-Therian|U-turn|p1a: Skarmory
|-resisted|p1a: Skarmory
|-damage|p1a: Skarmory|323\/334
|join|Omegasization
|
|switch|p2a: Rotom-Wash|Rotom-Wash|303\/303
|-damage|p2a: Rotom-Wash|266\/303|[from] Stealth Rock
|move|p1a: Skarmory|Defog|p2a: Rotom-Wash
|-unboost|p2a: Rotom-Wash|evasion|1
|-sideend|p2: RestePaisible|Stealth Rock|[from] move: Defog|[of] p2a: Rotom-Wash
|-sideend|p1: CleanerThanRotom-W|Stealth Rock|[from] move: Defog|[of] p1a: Skarmory
|
|-heal|p2a: Rotom-Wash|284\/303|[from] item: Leftovers
|turn|5
|
|switch|p1a: Quagsire|Quagsire, F|393\/393
|move|p2a: Rotom-Wash|Volt Switch|p1a: Quagsire
|-immune|p1a: Quagsire|[msg]
|
|-heal|p2a: Rotom-Wash|302\/303|[from] item: Leftovers
|turn|6
|
|move|p2a: Rotom-Wash|Will-O-Wisp|p1a: Quagsire
|-status|p1a: Quagsire|brn
|move|p1a: Quagsire|Toxic|p2a: Rotom-Wash
|-status|p2a: Rotom-Wash|tox
|
|-heal|p2a: Rotom-Wash|303\/303 tox|[from] item: Leftovers
|-damage|p2a: Rotom-Wash|285\/303 tox|[from] psn
|-damage|p1a: Quagsire|344\/393 brn|[from] brn
|turn|7
|join|I Iike Squirtles
|
|switch|p1a: Sableye|Sableye, M|303\/303
|move|p2a: Rotom-Wash|Volt Switch|p1a: Sableye
|-damage|p1a: Sableye|218\/303
|
|switch|p2a: Altaria|Altaria-Mega, M|353\/353
|
|turn|8
|
|switch|p2a: Landorus-Therian|Landorus-Therian, M|382\/382
|-ability|p2a: Landorus-Therian|Intimidate|[of] p1a: Sableye
|-unboost|p1a: Sableye|atk|1
|switch|p1a: Chansey|Chansey, F|564\/703
|
|turn|9
|
|move|p2a: Landorus-Therian|Stealth Rock|p1a: Chansey
|-sidestart|p1: CleanerThanRotom-W|move: Stealth Rock
|move|p1a: Chansey|Heal Bell|p1a: Chansey
|-cureteam|p1a: Chansey|[from] move: HealBell
|
|turn|10
|
|move|p2a: Landorus-Therian|U-turn|p1a: Chansey
|-damage|p1a: Chansey|457\/703
|
|switch|p2a: Scizor|Scizor, M|343\/343
|move|p1a: Chansey|Seismic Toss|p2a: Scizor
|-damage|p2a: Scizor|243\/343
|
|turn|11
|
|move|p2a: Scizor|U-turn|p1a: Chansey
|-damage|p1a: Chansey|171\/703
|join|Cienight
|
|switch|p2a: Celebi|Celebi|403\/403
|move|p1a: Chansey|Soft-Boiled|p1a: Chansey
|-heal|p1a: Chansey|523\/703
|
|turn|12
|
|switch|p1a: Gothitelle|Gothitelle, M|301\/301
|-damage|p1a: Gothitelle|264\/301|[from] Stealth Rock
|move|p2a: Celebi|Nasty Plot|p2a: Celebi
|-boost|p2a: Celebi|spa|2
|
|turn|13
|join|I'm Virus (~'o')~
|
|move|p1a: Gothitelle|Trick|p2a: Celebi
|-activate|p1a: Gothitelle|move: Trick|[of] p2a: Celebi
|-item|p2a: Celebi|Choice Scarf|[from] move: Trick
|-item|p1a: Gothitelle|Leftovers|[from] move: Trick
|move|p2a: Celebi|Giga Drain|p1a: Gothitelle
|-damage|p1a: Gothitelle|107\/301
|
|-heal|p1a: Gothitelle|125\/301|[from] item: Leftovers
|turn|14
|c| I'm Virus (~'o')~|sighnite
|c| I'm Virus (~'o')~|for one you're in a battle that isnt already over
|
|switch|p1a: Skarmory|Skarmory, M|323\/334
|-damage|p1a: Skarmory|282\/334|[from] Stealth Rock
|move|p2a: Celebi|Giga Drain|p1a: Skarmory
|-resisted|p1a: Skarmory
|-damage|p1a: Skarmory|220\/334
|
|turn|15
|c| I'm Virus (~'o')~|:I
|
|switch|p2a: Rotom-Wash|Rotom-Wash|285\/303 tox
|move|p1a: Skarmory|Defog|p2a: Rotom-Wash
|-unboost|p2a: Rotom-Wash|evasion|1
|-sideend|p1: CleanerThanRotom-W|Stealth Rock|[from] move: Defog|[of] p1a: Skarmory
|
|-heal|p2a: Rotom-Wash|303\/303 tox|[from] item: Leftovers
|-damage|p2a: Rotom-Wash|285\/303 tox|[from] psn
|turn|16
|
|switch|p1a: Chansey|Chansey, F|523\/703
|move|p2a: Rotom-Wash|Hydro Pump|p1a: Chansey
|-damage|p1a: Chansey|438\/703
|
|-heal|p2a: Rotom-Wash|303\/303 tox|[from] item: Leftovers
|-damage|p2a: Rotom-Wash|267\/303 tox|[from] psn
|turn|17
|
|move|p2a: Rotom-Wash|Volt Switch|p1a: Chansey
|-damage|p1a: Chansey|384\/703
|
|switch|p2a: Scizor|Scizor, M|243\/343
|move|p1a: Chansey|Soft-Boiled|p1a: Chansey
|-heal|p1a: Chansey|703\/703
|
|turn|18
|
|switch|p1a: Sableye|Sableye, M|218\/303
|move|p2a: Scizor|U-turn|p1a: Sableye
|-damage|p1a: Sableye|0 fnt
|faint|p1a: Sableye
|c|âRestePaisible|you really take fun with this team ?
|
|switch|p2a: Landorus-Therian|Landorus-Therian, M|382\/382
|
|c| I'm Virus (~'o')~|well
|join|Soul M8
|
|switch|p1a: Skarmory|Skarmory, M|220\/334
|turn|19
|c| I'm Virus (~'o')~|you're not him
|
|move|p2a: Landorus-Therian|Stealth Rock|p1a: Skarmory
|-sidestart|p1: CleanerThanRotom-W|move: Stealth Rock
|move|p1a: Skarmory|Roost|p1a: Skarmory
|-heal|p1a: Skarmory|334\/334
|
|turn|20
|c| I'm Virus (~'o')~|so you cant really judge .-.
|
|move|p2a: Landorus-Therian|U-turn|p1a: Skarmory
|-resisted|p1a: Skarmory
|-damage|p1a: Skarmory|324\/334
|c| Soul M8|ah that team
|
|switch|p2a: Rotom-Wash|Rotom-Wash|267\/303 tox
|move|p1a: Skarmory|Defog|p2a: Rotom-Wash
|-unboost|p2a: Rotom-Wash|evasion|1
|-sideend|p1: CleanerThanRotom-W|Stealth Rock|[from] move: Defog|[of] p1a: Skarmory
|
|-heal|p2a: Rotom-Wash|285\/303 tox|[from] item: Leftovers
|-damage|p2a: Rotom-Wash|267\/303 tox|[from] psn
|turn|21
|c|âRestePaisible|i know but this is a question
|
|switch|p1a: Chansey|Chansey, F|703\/703
|move|p2a: Rotom-Wash|Will-O-Wisp|p1a: Chansey
|-status|p1a: Chansey|brn
|
|-heal|p2a: Rotom-Wash|285\/303 tox|[from] item: Leftovers
|-damage|p2a: Rotom-Wash|249\/303 tox|[from] psn
|-damage|p1a: Chansey|616\/703 brn|[from] brn
|turn|22
|
|move|p2a: Rotom-Wash|Volt Switch|p1a: Chansey
|-damage|p1a: Chansey|559\/703 brn
|
|switch|p2a: Landorus-Therian|Landorus-Therian, M|382\/382
|-ability|p2a: Landorus-Therian|Intimidate|[of] p1a: Chansey
|-unboost|p1a: Chansey|atk|1
|move|p1a: Chansey|Seismic Toss|p2a: Landorus-Therian
|-damage|p2a: Landorus-Therian|282\/382
|
|-heal|p2a: Landorus-Therian|305\/382|[from] item: Leftovers
|-damage|p1a: Chansey|472\/703 brn|[from] brn
|turn|23
|
|switch|p1a: Skarmory|Skarmory, M|324\/334
|move|p2a: Landorus-Therian|Stealth Rock|p1a: Skarmory
|-sidestart|p1: CleanerThanRotom-W|move: Stealth Rock
|
|-heal|p2a: Landorus-Therian|328\/382|[from] item: Leftovers
|turn|24
|join|PragaSV
|
|move|p2a: Landorus-Therian|U-turn|p1a: Skarmory
|-resisted|p1a: Skarmory
|-damage|p1a: Skarmory|314\/334
|
|switch|p2a: Rotom-Wash|Rotom-Wash|249\/303 tox
|move|p1a: Skarmory|Defog|p2a: Rotom-Wash
|-unboost|p2a: Rotom-Wash|evasion|1
|-sideend|p1: CleanerThanRotom-W|Stealth Rock|[from] move: Defog|[of] p1a: Skarmory
|
|-heal|p2a: Rotom-Wash|267\/303 tox|[from] item: Leftovers
|-damage|p2a: Rotom-Wash|249\/303 tox|[from] psn
|turn|25
|c| PragaSV|YUCK
|c| PragaSV|that team
|c| I'm Virus (~'o')~|yuttt
|c| Soul M8|rotom, your team
|c| Soul M8|lol
|
|switch|p1a: Chansey|Chansey, F|472\/703
|move|p2a: Rotom-Wash|Volt Switch|p1a: Chansey
|-damage|p1a: Chansey|411\/703
|c| Soul M8|ive seen that b4 tho
|c| PragaSV|I lost every bit of respect I had
|c| I'm Virus (~'o')~|lil mana
|join|GunnerRohan
|
|switch|p2a: Scizor|Scizor, M|243\/343
|
|turn|26
|c| I'm Virus (~'o')~|made that team
|c| I'm Virus (~'o')~|:I
|c|âCleanerThanRotom-W|lmao
|c| Soul M8|oh rlly
|c| I'm Virus (~'o')~|well
|raw|<div class="broadcast-red"><b>Moderated chat was set to +!<\/b><br \/>Only users of rank + and higher can talk.<\/div>
|c|âCleanerThanRotom-W|stop talking that shit
|c|âCleanerThanRotom-W|i made that team
|
|switch|p1a: Skarmory|Skarmory, M|314\/334
|move|p2a: Scizor|U-turn|p1a: Skarmory
|-crit|p1a: Skarmory
|-resisted|p1a: Skarmory
|-damage|p1a: Skarmory|269\/334
|
|switch|p2a: Rotom-Wash|Rotom-Wash|249\/303 tox
|
|-heal|p2a: Rotom-Wash|267\/303 tox|[from] item: Leftovers
|-damage|p2a: Rotom-Wash|249\/303 tox|[from] psn
|turn|27
|
|switch|p1a: Quagsire|Quagsire, F|344\/393
|move|p2a: Rotom-Wash|Volt Switch|p1a: Quagsire
|-immune|p1a: Quagsire|[msg]
|
|-heal|p2a: Rotom-Wash|267\/303 tox|[from] item: Leftovers
|-heal|p1a: Quagsire|368\/393|[from] item: Leftovers
|-damage|p2a: Rotom-Wash|231\/303 tox|[from] psn
|turn|28
|
|move|p2a: Rotom-Wash|Volt Switch|p1a: Quagsire
|-immune|p1a: Quagsire|[msg]
|move|p1a: Quagsire|Scald|p2a: Rotom-Wash
|-crit|p2a: Rotom-Wash
|-resisted|p2a: Rotom-Wash
|-damage|p2a: Rotom-Wash|181\/303 tox
|
|-heal|p2a: Rotom-Wash|199\/303 tox|[from] item: Leftovers
|-heal|p1a: Quagsire|392\/393|[from] item: Leftovers
|-damage|p2a: Rotom-Wash|145\/303 tox|[from] psn
|turn|29
|
|switch|p2a: Celebi|Celebi|403\/403
|switch|p1a: Gothitelle|Gothitelle, M|125\/301
|
|-heal|p1a: Gothitelle|143\/301|[from] item: Leftovers
|turn|30
|
|move|p2a: Celebi|Baton Pass|p2a: Celebi
|
|switch|p2a: Scizor|Scizor, M|243\/343
|move|p1a: Gothitelle|Rest|p1a: Gothitelle
|-status|p1a: Gothitelle|slp
|-heal|p1a: Gothitelle|301\/301 slp|[silent]
|-status|p1a: Gothitelle|slp|[from] move: Rest
|
|turn|31
|
|switch|p1a: Skarmory|Skarmory, M|269\/334
|move|p2a: Scizor|U-turn|p1a: Skarmory
|-resisted|p1a: Skarmory
|-damage|p1a: Skarmory|242\/334
|
|switch|p2a: Altaria|Altaria-Mega, M|353\/353
|
|turn|32
|
|switch|p2a: Scizor|Scizor, M|243\/343
|switch|p1a: Chansey|Chansey, F|411\/703
|
|turn|33
|
|switch|p1a: Skarmory|Skarmory, M|242\/334
|move|p2a: Scizor|Superpower|p1a: Skarmory
|-damage|p1a: Skarmory|109\/334
|-unboost|p2a: Scizor|atk|1
|-unboost|p2a: Scizor|def|1
|
|turn|34
|
|switch|p2a: Altaria|Altaria-Mega, M|353\/353
|move|p1a: Skarmory|Roost|p1a: Skarmory
|-heal|p1a: Skarmory|276\/334
|
|turn|35
|
|switch|p1a: Chansey|Chansey, F|411\/703
|move|p2a: Altaria|Heal Bell|p2a: Altaria
|-cureteam|p2a: Altaria|[from] move: HealBell
|
|turn|36
|
|switch|p2a: Landorus-Therian|Landorus-Therian, M|328\/382
|-ability|p2a: Landorus-Therian|Intimidate|[of] p1a: Chansey
|-unboost|p1a: Chansey|atk|1
|move|p1a: Chansey|Soft-Boiled|p1a: Chansey
|-heal|p1a: Chansey|703\/703
|
|-heal|p2a: Landorus-Therian|351\/382|[from] item: Leftovers
|turn|37
|
|switch|p1a: Skarmory|Skarmory, M|276\/334
|move|p2a: Landorus-Therian|Stealth Rock|p1a: Skarmory
|-sidestart|p1: CleanerThanRotom-W|move: Stealth Rock
|
|-heal|p2a: Landorus-Therian|374\/382|[from] item: Leftovers
|turn|38
|
|move|p2a: Landorus-Therian|U-turn|p1a: Skarmory
|-resisted|p1a: Skarmory
|-damage|p1a: Skarmory|266\/334
|
|switch|p2a: Rotom-Wash|Rotom-Wash|145\/303
|move|p1a: Skarmory|Defog|p2a: Rotom-Wash
|-unboost|p2a: Rotom-Wash|evasion|1
|-sideend|p1: CleanerThanRotom-W|Stealth Rock|[from] move: Defog|[of] p1a: Skarmory
|
|-heal|p2a: Rotom-Wash|163\/303|[from] item: Leftovers
|turn|39
|join|bluri
|
|switch|p1a: Cresselia|Cresselia, F|444\/444
|move|p2a: Rotom-Wash|Volt Switch|p1a: Cresselia
|-damage|p1a: Cresselia|393\/444
|
|switch|p2a: Scizor|Scizor, M|243\/343
|
|-heal|p1a: Cresselia|420\/444|[from] item: Leftovers
|turn|40
|
|switch|p1a: Skarmory|Skarmory, M|266\/334
|move|p2a: Scizor|U-turn|p1a: Skarmory
|-resisted|p1a: Skarmory
|-damage|p1a: Skarmory|237\/334
|
|switch|p2a: Rotom-Wash|Rotom-Wash|163\/303
|
|-heal|p2a: Rotom-Wash|181\/303|[from] item: Leftovers
|turn|41
|
|move|p2a: Rotom-Wash|Will-O-Wisp|p1a: Skarmory
|-status|p1a: Skarmory|brn
|move|p1a: Skarmory|Roost|p1a: Skarmory
|-heal|p1a: Skarmory|334\/334 brn
|
|-heal|p2a: Rotom-Wash|199\/303|[from] item: Leftovers
|-damage|p1a: Skarmory|293\/334 brn|[from] brn
|turn|42
|
|switch|p1a: Quagsire|Quagsire, F|392\/393
|move|p2a: Rotom-Wash|Hydro Pump|p1a: Quagsire|[miss]
|-miss|p2a: Rotom-Wash|p1a: Quagsire
|
|-heal|p2a: Rotom-Wash|217\/303|[from] item: Leftovers
|-heal|p1a: Quagsire|393\/393|[from] item: Leftovers
|turn|43
|
|move|p2a: Rotom-Wash|Hydro Pump|p1a: Quagsire
|-damage|p1a: Quagsire|215\/393
|move|p1a: Quagsire|Toxic|p2a: Rotom-Wash|[miss]
|-miss|p1a: Quagsire|p2a: Rotom-Wash
|
|-heal|p2a: Rotom-Wash|235\/303|[from] item: Leftovers
|-heal|p1a: Quagsire|239\/393|[from] item: Leftovers
|turn|44
|
|switch|p2a: Celebi|Celebi|403\/403
|move|p1a: Quagsire|Recover|p1a: Quagsire
|-heal|p1a: Quagsire|393\/393
|
|turn|45
|leave|Soul M8
|
|move|p2a: Celebi|Baton Pass|p2a: Celebi
|
|switch|p2a: Scizor|Scizor, M|243\/343
|move|p1a: Quagsire|Scald|p2a: Scizor
|-damage|p2a: Scizor|167\/343
|
|turn|46
|
|move|p2a: Scizor|U-turn|p1a: Quagsire
|-damage|p1a: Quagsire|224\/393
|
|switch|p2a: Celebi|Celebi|403\/403
|move|p1a: Quagsire|Recover|p1a: Quagsire
|-heal|p1a: Quagsire|393\/393
|
|turn|47
|
|move|p2a: Celebi|Baton Pass|p2a: Celebi
|
|switch|p2a: Altaria|Altaria-Mega, M|353\/353
|move|p1a: Quagsire|Scald|p2a: Altaria
|-resisted|p2a: Altaria
|-damage|p2a: Altaria|319\/353
|
|turn|48
|
|switch|p2a: Landorus-Therian|Landorus-Therian, M|374\/382
|-ability|p2a: Landorus-Therian|Intimidate|[of] p1a: Quagsire
|-unboost|p1a: Quagsire|atk|1
|switch|p1a: Chansey|Chansey, F|703\/703
|
|-heal|p2a: Landorus-Therian|382\/382|[from] item: Leftovers
|turn|49
|
|move|p2a: Landorus-Therian|Stealth Rock|p1a: Chansey
|-sidestart|p1: CleanerThanRotom-W|move: Stealth Rock
|move|p1a: Chansey|Heal Bell|p1a: Chansey
|-cureteam|p1a: Chansey|[from] move: HealBell
|
|turn|50
|
|move|p2a: Landorus-Therian|Earthquake|p1a: Chansey
|-damage|p1a: Chansey|478\/703
|move|p1a: Chansey|Stealth Rock|p2a: Landorus-Therian
|-sidestart|p2: RestePaisible|move: Stealth Rock
|
|turn|51
|
|move|p2a: Landorus-Therian|Earthquake|p1a: Chansey
|-damage|p1a: Chansey|273\/703
|move|p1a: Chansey|Soft-Boiled|p1a: Chansey
|-heal|p1a: Chansey|625\/703
|
|turn|52
|
|move|p2a: Landorus-Therian|U-turn|p1a: Chansey
|-damage|p1a: Chansey|526\/703
|
|switch|p2a: Rotom-Wash|Rotom-Wash|235\/303
|-damage|p2a: Rotom-Wash|198\/303|[from] Stealth Rock
|move|p1a: Chansey|Soft-Boiled|p1a: Chansey
|-heal|p1a: Chansey|703\/703
|
|-heal|p2a: Rotom-Wash|216\/303|[from] item: Leftovers
|turn|53
|
|move|p2a: Rotom-Wash|Will-O-Wisp|p1a: Chansey
|-status|p1a: Chansey|brn
|move|p1a: Chansey|Seismic Toss|p2a: Rotom-Wash
|-damage|p2a: Rotom-Wash|116\/303
|
|-heal|p2a: Rotom-Wash|134\/303|[from] item: Leftovers
|-damage|p1a: Chansey|616\/703 brn|[from] brn
|turn|54
|
|move|p2a: Rotom-Wash|Pain Split|p1a: Chansey
|-sethp|p1a: Chansey|375\/703 brn|p2a: Rotom-Wash|303\/303|[from] move: Pain Split
|move|p1a: Chansey|Heal Bell|p1a: Chansey
|-cureteam|p1a: Chansey|[from] move: HealBell
|
|turn|55
|
|move|p2a: Rotom-Wash|Volt Switch|p1a: Chansey
|-damage|p1a: Chansey|320\/703
|
|switch|p2a: Keldeo|Keldeo|323\/323
|-damage|p2a: Keldeo|303\/323|[from] Stealth Rock
|move|p1a: Chansey|Soft-Boiled|p1a: Chansey
|-heal|p1a: Chansey|672\/703
|
|-heal|p2a: Keldeo|323\/323|[from] item: Leftovers
|turn|56
|
|switch|p2a: Landorus-Therian|Landorus-Therian, M|382\/382
|-damage|p2a: Landorus-Therian|335\/382|[from] Stealth Rock
|-ability|p2a: Landorus-Therian|Intimidate|[of] p1a: Chansey
|-unboost|p1a: Chansey|atk|1
|move|p1a: Chansey|Seismic Toss|p2a: Landorus-Therian
|-damage|p2a: Landorus-Therian|235\/382
|
|-heal|p2a: Landorus-Therian|258\/382|[from] item: Leftovers
|turn|57
|join|DragonTamer99
|
|move|p2a: Landorus-Therian|U-turn|p1a: Chansey
|-damage|p1a: Chansey|566\/703
|
|switch|p2a: Rotom-Wash|Rotom-Wash|303\/303
|-damage|p2a: Rotom-Wash|266\/303|[from] Stealth Rock
|move|p1a: Chansey|Seismic Toss|p2a: Rotom-Wash
|-damage|p2a: Rotom-Wash|166\/303
|
|-heal|p2a: Rotom-Wash|184\/303|[from] item: Leftovers
|turn|58
|
|move|p2a: Rotom-Wash|Pain Split|p1a: Chansey
|-sethp|p1a: Chansey|375\/703|p2a: Rotom-Wash|303\/303|[from] move: Pain Split
|move|p1a: Chansey|Seismic Toss|p2a: Rotom-Wash
|-damage|p2a: Rotom-Wash|203\/303
|
|-heal|p2a: Rotom-Wash|221\/303|[from] item: Leftovers
|turn|59
|
|move|p2a: Rotom-Wash|Volt Switch|p1a: Chansey
|-damage|p1a: Chansey|321\/703
|leave|I Iike Squirtles
|
|switch|p2a: Keldeo|Keldeo|323\/323
|-damage|p2a: Keldeo|303\/323|[from] Stealth Rock
|move|p1a: Chansey|Soft-Boiled|p1a: Chansey
|-heal|p1a: Chansey|673\/703
|
|-heal|p2a: Keldeo|323\/323|[from] item: Leftovers
|turn|60
|leave|Omegasization
|
|switch|p2a: Landorus-Therian|Landorus-Therian, M|258\/382
|-damage|p2a: Landorus-Therian|211\/382|[from] Stealth Rock
|-ability|p2a: Landorus-Therian|Intimidate|[of] p1a: Chansey
|-unboost|p1a: Chansey|atk|1
|move|p1a: Chansey|Seismic Toss|p2a: Landorus-Therian
|-damage|p2a: Landorus-Therian|111\/382
|
|-heal|p2a: Landorus-Therian|134\/382|[from] item: Leftovers
|turn|61
|join|Naruto94
|
|move|p2a: Landorus-Therian|U-turn|p1a: Chansey
|-damage|p1a: Chansey|581\/703
|
|switch|p2a: Rotom-Wash|Rotom-Wash|221\/303
|-damage|p2a: Rotom-Wash|184\/303|[from] Stealth Rock
|move|p1a: Chansey|Seismic Toss|p2a: Rotom-Wash
|-damage|p2a: Rotom-Wash|84\/303
|
|-heal|p2a: Rotom-Wash|102\/303|[from] item: Leftovers
|turn|62
|
|move|p2a: Rotom-Wash|Pain Split|p1a: Chansey
|-sethp|p1a: Chansey|341\/703|p2a: Rotom-Wash|303\/303|[from] move: Pain Split
|move|p1a: Chansey|Seismic Toss|p2a: Rotom-Wash
|-damage|p2a: Rotom-Wash|203\/303
|
|-heal|p2a: Rotom-Wash|221\/303|[from] item: Leftovers
|turn|63
|
|move|p2a: Rotom-Wash|Volt Switch|p1a: Chansey
|-damage|p1a: Chansey|281\/703
|
|switch|p2a: Keldeo|Keldeo|323\/323
|-damage|p2a: Keldeo|303\/323|[from] Stealth Rock
|move|p1a: Chansey|Soft-Boiled|p1a: Chansey
|-heal|p1a: Chansey|633\/703
|
|-heal|p2a: Keldeo|323\/323|[from] item: Leftovers
|turn|64
|
|switch|p1a: Cresselia|Cresselia, F|420\/444
|-damage|p1a: Cresselia|365\/444|[from] Stealth Rock
|move|p2a: Keldeo|Secret Sword|p1a: Cresselia
|-resisted|p1a: Cresselia
|-damage|p1a: Cresselia|305\/444
|
|-heal|p1a: Cresselia|332\/444|[from] item: Leftovers
|turn|65
|
|switch|p2a: Landorus-Therian|Landorus-Therian, M|134\/382
|-damage|p2a: Landorus-Therian|87\/382|[from] Stealth Rock
|-ability|p2a: Landorus-Therian|Intimidate|[of] p1a: Cresselia
|-unboost|p1a: Cresselia|atk|1
|move|p1a: Cresselia|Psyshock|p2a: Landorus-Therian
|-damage|p2a: Landorus-Therian|30\/382
|
|-heal|p2a: Landorus-Therian|53\/382|[from] item: Leftovers
|-heal|p1a: Cresselia|359\/444|[from] item: Leftovers
|turn|66
|
|move|p2a: Landorus-Therian|U-turn|p1a: Cresselia
|-supereffective|p1a: Cresselia
|-damage|p1a: Cresselia|243\/444
|
|switch|p2a: Scizor|Scizor, M|167\/343
|-damage|p2a: Scizor|125\/343|[from] Stealth Rock
|move|p1a: Cresselia|Moonlight|p1a: Cresselia
|-heal|p1a: Cresselia|444\/444
|
|turn|67
|
|move|p2a: Scizor|Pursuit|p1a: Cresselia|[from]Pursuit
|-supereffective|p1a: Cresselia
|-damage|p1a: Cresselia|216\/444
|switch|p1a: Skarmory|Skarmory, M|293\/334
|-damage|p1a: Skarmory|252\/334|[from] Stealth Rock
|
|turn|68
|
|switch|p2a: Rotom-Wash|Rotom-Wash|221\/303
|-damage|p2a: Rotom-Wash|184\/303|[from] Stealth Rock
|move|p1a: Skarmory|Spikes|p2a: Rotom-Wash
|-sidestart|p2: RestePaisible|Spikes
|
|-heal|p2a: Rotom-Wash|202\/303|[from] item: Leftovers
|turn|69
|
|move|p2a: Rotom-Wash|Volt Switch|p1a: Skarmory
|-supereffective|p1a: Skarmory
|-damage|p1a: Skarmory|18\/334
|
|switch|p2a: Keldeo|Keldeo|323\/323
|-damage|p2a: Keldeo|303\/323|[from] Stealth Rock
|-damage|p2a: Keldeo|263\/323|[from] Spikes
|move|p1a: Skarmory|Roost|p1a: Skarmory
|-heal|p1a: Skarmory|185\/334
|
|-heal|p2a: Keldeo|283\/323|[from] item: Leftovers
|turn|70
|
|switch|p1a: Cresselia|Cresselia, F|216\/444
|-damage|p1a: Cresselia|161\/444|[from] Stealth Rock
|move|p2a: Keldeo|Scald|p1a: Cresselia
|-damage|p1a: Cresselia|73\/444
|
|-heal|p2a: Keldeo|303\/323|[from] item: Leftovers
|-heal|p1a: Cresselia|100\/444|[from] item: Leftovers
|turn|71
|
|move|p2a: Keldeo|Scald|p1a: Cresselia
|-damage|p1a: Cresselia|13\/444
|move|p1a: Cresselia|Moonlight|p1a: Cresselia
|-heal|p1a: Cresselia|235\/444
|
|-heal|p2a: Keldeo|323\/323|[from] item: Leftovers
|-heal|p1a: Cresselia|262\/444|[from] item: Leftovers
|turn|72
|
|switch|p2a: Scizor|Scizor, M|125\/343
|-damage|p2a: Scizor|83\/343|[from] Spikes
|-damage|p2a: Scizor|41\/343|[from] Stealth Rock
|move|p1a: Cresselia|Moonlight|p1a: Cresselia
|-heal|p1a: Cresselia|444\/444
|
|turn|73
|
|move|p1a: Cresselia|Psyshock|p2a: Scizor
|-resisted|p2a: Scizor
|-damage|p2a: Scizor|3\/343
|move|p2a: Scizor|U-turn|p1a: Cresselia
|-crit|p1a: Cresselia
|-supereffective|p1a: Cresselia
|-damage|p1a: Cresselia|0 fnt
|faint|p1a: Cresselia
|
|switch|p2a: Rotom-Wash|Rotom-Wash|202\/303
|-damage|p2a: Rotom-Wash|165\/303|[from] Stealth Rock
|
|-heal|p2a: Rotom-Wash|183\/303|[from] item: Leftovers
|
|switch|p1a: Gothitelle|Gothitelle, M|301\/301
|-damage|p1a: Gothitelle|264\/301|[from] Stealth Rock
|turn|74
|
|move|p1a: Gothitelle|Calm Mind|p1a: Gothitelle
|-boost|p1a: Gothitelle|spa|1
|-boost|p1a: Gothitelle|spd|1
|move|p2a: Rotom-Wash|Volt Switch|p1a: Gothitelle
|-damage|p1a: Gothitelle|207\/301
|
|switch|p2a: Altaria|Altaria-Mega, M|319\/353
|-damage|p2a: Altaria|275\/353|[from] Stealth Rock
|-damage|p2a: Altaria|231\/353|[from] Spikes
|
|-heal|p1a: Gothitelle|225\/301|[from] item: Leftovers
|turn|75
|
|move|p1a: Gothitelle|Psychic|p2a: Altaria
|-damage|p2a: Altaria|51\/353
|move|p2a: Altaria|Hyper Voice|p1a: Gothitelle
|-damage|p1a: Gothitelle|96\/301
|
|-heal|p1a: Gothitelle|114\/301|[from] item: Leftovers
|turn|76
|
|move|p1a: Gothitelle|Psychic|p2a: Altaria
|-damage|p2a: Altaria|0 fnt
|faint|p2a: Altaria
|
|-heal|p1a: Gothitelle|132\/301|[from] item: Leftovers
|
|switch|p2a: Landorus-Therian|Landorus-Therian, M|53\/382
|-damage|p2a: Landorus-Therian|6\/382|[from] Stealth Rock
|-ability|p2a: Landorus-Therian|Intimidate|[of] p1a: Gothitelle
|-unboost|p1a: Gothitelle|atk|1
|turn|77
|
|switch|p1a: Skarmory|Skarmory, M|185\/334
|-damage|p1a: Skarmory|144\/334|[from] Stealth Rock
|move|p2a: Landorus-Therian|Earthquake|p1a: Skarmory
|-immune|p1a: Skarmory|[msg]
|
|-heal|p2a: Landorus-Therian|29\/382|[from] item: Leftovers
|turn|78
|
|move|p2a: Landorus-Therian|U-turn|p1a: Skarmory
|-resisted|p1a: Skarmory
|-damage|p1a: Skarmory|132\/334
|
|switch|p2a: Rotom-Wash|Rotom-Wash|183\/303
|-damage|p2a: Rotom-Wash|146\/303|[from] Stealth Rock
|move|p1a: Skarmory|Roost|p1a: Skarmory
|-heal|p1a: Skarmory|299\/334
|
|-heal|p2a: Rotom-Wash|164\/303|[from] item: Leftovers
|turn|79
|
|switch|p1a: Quagsire|Quagsire, F|393\/393
|-damage|p1a: Quagsire|369\/393|[from] Stealth Rock
|move|p2a: Rotom-Wash|Volt Switch|p1a: Quagsire
|-immune|p1a: Quagsire|[msg]
|
|-heal|p2a: Rotom-Wash|182\/303|[from] item: Leftovers
|-heal|p1a: Quagsire|393\/393|[from] item: Leftovers
|turn|80
|leave|DragonTamer99
|
|move|p2a: Rotom-Wash|Will-O-Wisp|p1a: Quagsire
|-status|p1a: Quagsire|brn
|move|p1a: Quagsire|Toxic|p2a: Rotom-Wash
|-status|p2a: Rotom-Wash|tox
|
|-heal|p2a: Rotom-Wash|200\/303 tox|[from] item: Leftovers
|-damage|p2a: Rotom-Wash|182\/303 tox|[from] psn
|-damage|p1a: Quagsire|344\/393 brn|[from] brn
|turn|81
|
|switch|p2a: Scizor|Scizor, M|3\/343
|-damage|p2a: Scizor|0 fnt|[from] Stealth Rock
|faint|p2a: Scizor
|move|p1a: Quagsire|Recover|p1a: Quagsire
|-heal|p1a: Quagsire|393\/393 brn
|
|-damage|p1a: Quagsire|344\/393 brn|[from] brn
|leave|I'm Virus (~'o')~
|
|switch|p2a: Keldeo|Keldeo|323\/323
|-damage|p2a: Keldeo|303\/323|[from] Stealth Rock
|-damage|p2a: Keldeo|263\/323|[from] Spikes
|turn|82
|
|move|p2a: Keldeo|Substitute|p2a: Keldeo
|-start|p2a: Keldeo|Substitute
|-damage|p2a: Keldeo|183\/323
|move|p1a: Quagsire|Toxic|p2a: Keldeo
|
|-heal|p2a: Keldeo|203\/323|[from] item: Leftovers
|-heal|p1a: Quagsire|368\/393 brn|[from] item: Leftovers
|-damage|p1a: Quagsire|319\/393 brn|[from] brn
|turn|83
|
|move|p2a: Keldeo|Calm Mind|p2a: Keldeo
|-boost|p2a: Keldeo|spa|1
|-boost|p2a: Keldeo|spd|1
|move|p1a: Quagsire|Earthquake|p2a: Keldeo
|-activate|p2a: Keldeo|Substitute|[damage]
|
|-heal|p2a: Keldeo|223\/323|[from] item: Leftovers
|-heal|p1a: Quagsire|343\/393 brn|[from] item: Leftovers
|-damage|p1a: Quagsire|294\/393 brn|[from] brn
|turn|84
|
|move|p2a: Keldeo|Scald|p1a: Quagsire
|-damage|p1a: Quagsire|110\/393 brn
|move|p1a: Quagsire|Recover|p1a: Quagsire
|-heal|p1a: Quagsire|307\/393 brn
|
|-heal|p2a: Keldeo|243\/323|[from] item: Leftovers
|-heal|p1a: Quagsire|331\/393 brn|[from] item: Leftovers
|-damage|p1a: Quagsire|282\/393 brn|[from] brn
|turn|85
|-message|CleanerThanRotom-W forfeited.
|
|win|RestePaisible
|raw|Ladder updating...
|leave|CleanerThanRotom-W
|player|p1
|raw|CleanerThanRotom-W's rating: 1803 &rarr; <strong>1774<\/strong><br \/>(-29 for losing)
|raw|RestePaisible's rating: 1628 &rarr; <strong>1657<\/strong><br \/>(+29 for winning)
|leave|bluri
|leave|Cienight