|join|Reverb
|join|RestePaisible
|player|p1|Reverb|#reverb
|player|p2|RestePaisible|23
|gametype|singles
|gen|6
|tier|OU
|rated
|clearpoke
|poke|p1|Skarmory, F
|poke|p1|Chansey, F
|poke|p1|Sableye, M
|poke|p1|Quagsire, M
|poke|p1|Cresselia, F
|poke|p1|Gothitelle, F
|poke|p2|Altaria, M
|poke|p2|Keldeo
|poke|p2|Scizor, F
|poke|p2|Landorus-Therian, M
|poke|p2|Rotom-Wash
|poke|p2|Celebi
|rule|Swagger Clause: Swagger is banned
|rule|Baton Pass Clause: Limit one PokÃ©mon knowing Baton Pass
|rule|Sleep Clause Mod: Limit one foe put to sleep
|rule|Species Clause: Limit one of each PokÃ©mon
|rule|OHKO Clause: OHKO moves are banned
|rule|Moody Clause: Moody is banned
|rule|Evasion Moves Clause: Evasion moves are banned
|rule|Endless Battle Clause: Forcing endless battles is banned
|rule|HP Percentage Mod: HP is shown in percentages
|teampreview
|join|Alvadora
|c|âRestePaisible|nice team
|
|start
|switch|p1a: Sableye|Sableye, M|304\/304
|switch|p2a: Altaria|Altaria, M|353\/353
|turn|1
|join|Escavalier
|
|switch|p1a: Chansey|Chansey, F|642\/642
|detailschange|p2a: Altaria|Altaria-Mega, M
|-mega|p2a: Altaria|Altaria|Altarianite
|move|p2a: Altaria|Hyper Voice|p1a: Chansey
|-crit|p1a: Chansey
|-damage|p1a: Chansey|494\/642
|
|turn|2
|
|switch|p2a: Landorus-Therian|Landorus-Therian, M|382\/382
|-ability|p2a: Landorus-Therian|Intimidate|[of] p1a: Chansey
|-unboost|p1a: Chansey|atk|1
|move|p1a: Chansey|Stealth Rock|p2a: Landorus-Therian
|-sidestart|p2: RestePaisible|move: Stealth Rock
|
|turn|3
|
|switch|p1a: Skarmory|Skarmory, F|334\/334
|move|p2a: Landorus-Therian|Stealth Rock|p1a: Skarmory
|-sidestart|p1: Reverb|move: Stealth Rock
|
|turn|4
|
|move|p2a: Landorus-Therian|Stone Edge|p1a: Skarmory
|-damage|p1a: Skarmory|263\/334
|move|p1a: Skarmory|Spikes|p2a: Landorus-Therian
|-sidestart|p2: RestePaisible|Spikes
|
|turn|5
|
|switch|p2a: Rotom-Wash|Rotom-Wash|303\/303
|-damage|p2a: Rotom-Wash|266\/303|[from] Stealth Rock
|move|p1a: Skarmory|Spikes|p2a: Rotom-Wash
|-sidestart|p2: RestePaisible|Spikes
|
|-heal|p2a: Rotom-Wash|284\/303|[from] item: Leftovers
|turn|6
|
|switch|p1a: Quagsire|Quagsire, M|394\/394
|-damage|p1a: Quagsire|370\/394|[from] Stealth Rock
|move|p2a: Rotom-Wash|Volt Switch|p1a: Quagsire
|-immune|p1a: Quagsire|[msg]
|
|-heal|p2a: Rotom-Wash|302\/303|[from] item: Leftovers
|-heal|p1a: Quagsire|394\/394|[from] item: Leftovers
|turn|7
|
|switch|p1a: Chansey|Chansey, F|494\/642
|-damage|p1a: Chansey|414\/642|[from] Stealth Rock
|move|p2a: Rotom-Wash|Will-O-Wisp|p1a: Chansey
|-status|p1a: Chansey|brn
|
|-heal|p2a: Rotom-Wash|303\/303|[from] item: Leftovers
|-damage|p1a: Chansey|334\/642 brn|[from] brn
|turn|8
|
|move|p2a: Rotom-Wash|Volt Switch|p1a: Chansey
|-damage|p1a: Chansey|292\/642 brn
|
|switch|p2a: Scizor|Scizor, F|343\/343
|-damage|p2a: Scizor|301\/343|[from] Stealth Rock
|-damage|p2a: Scizor|244\/343|[from] Spikes
|move|p1a: Chansey|Soft-Boiled|p1a: Chansey
|-heal|p1a: Chansey|613\/642 brn
|
|-damage|p1a: Chansey|533\/642 brn|[from] brn
|turn|9
|
|switch|p1a: Skarmory|Skarmory, F|263\/334
|-damage|p1a: Skarmory|222\/334|[from] Stealth Rock
|move|p2a: Scizor|U-turn|p1a: Skarmory
|-resisted|p1a: Skarmory
|-damage|p1a: Skarmory|192\/334
|
|switch|p2a: Rotom-Wash|Rotom-Wash|303\/303
|-damage|p2a: Rotom-Wash|266\/303|[from] Stealth Rock
|
|-heal|p2a: Rotom-Wash|284\/303|[from] item: Leftovers
|turn|10
|
|switch|p1a: Chansey|Chansey, F|533\/642
|-damage|p1a: Chansey|453\/642|[from] Stealth Rock
|move|p2a: Rotom-Wash|Volt Switch|p1a: Chansey
|-damage|p1a: Chansey|407\/642
|join|gobosox
|
|switch|p2a: Landorus-Therian|Landorus-Therian, M|382\/382
|-damage|p2a: Landorus-Therian|335\/382|[from] Stealth Rock
|-ability|p2a: Landorus-Therian|Intimidate|[of] p1a: Chansey
|-unboost|p1a: Chansey|atk|1
|
|-heal|p2a: Landorus-Therian|358\/382|[from] item: Leftovers
|turn|11
|leave|gobosox
|
|switch|p1a: Skarmory|Skarmory, F|192\/334
|-damage|p1a: Skarmory|151\/334|[from] Stealth Rock
|move|p2a: Landorus-Therian|U-turn|p1a: Skarmory
|-resisted|p1a: Skarmory
|-damage|p1a: Skarmory|140\/334
|
|switch|p2a: Rotom-Wash|Rotom-Wash|284\/303
|-damage|p2a: Rotom-Wash|247\/303|[from] Stealth Rock
|
|-heal|p2a: Rotom-Wash|265\/303|[from] item: Leftovers
|turn|12
|
|switch|p1a: Quagsire|Quagsire, M|394\/394
|-damage|p1a: Quagsire|370\/394|[from] Stealth Rock
|move|p2a: Rotom-Wash|Volt Switch|p1a: Quagsire
|-immune|p1a: Quagsire|[msg]
|
|-heal|p2a: Rotom-Wash|283\/303|[from] item: Leftovers
|-heal|p1a: Quagsire|394\/394|[from] item: Leftovers
|turn|13
|
|move|p2a: Rotom-Wash|Will-O-Wisp|p1a: Quagsire
|-status|p1a: Quagsire|brn
|move|p1a: Quagsire|Scald|p2a: Rotom-Wash
|-resisted|p2a: Rotom-Wash
|-damage|p2a: Rotom-Wash|251\/303
|
|-heal|p2a: Rotom-Wash|269\/303|[from] item: Leftovers
|-damage|p1a: Quagsire|345\/394 brn|[from] brn
|turn|14
|
|move|p2a: Rotom-Wash|Volt Switch|p1a: Quagsire
|-immune|p1a: Quagsire|[msg]
|move|p1a: Quagsire|Scald|p2a: Rotom-Wash
|-resisted|p2a: Rotom-Wash
|-damage|p2a: Rotom-Wash|236\/303
|-status|p2a: Rotom-Wash|brn
|
|-heal|p2a: Rotom-Wash|254\/303 brn|[from] item: Leftovers
|-heal|p1a: Quagsire|369\/394 brn|[from] item: Leftovers
|-damage|p2a: Rotom-Wash|217\/303 brn|[from] brn
|-damage|p1a: Quagsire|320\/394 brn|[from] brn
|turn|15
|
|move|p2a: Rotom-Wash|Volt Switch|p1a: Quagsire
|-immune|p1a: Quagsire|[msg]
|move|p1a: Quagsire|Scald|p2a: Rotom-Wash
|-resisted|p2a: Rotom-Wash
|-damage|p2a: Rotom-Wash|186\/303 brn
|
|-heal|p2a: Rotom-Wash|204\/303 brn|[from] item: Leftovers
|-heal|p1a: Quagsire|344\/394 brn|[from] item: Leftovers
|-damage|p2a: Rotom-Wash|167\/303 brn|[from] brn
|-damage|p1a: Quagsire|295\/394 brn|[from] brn
|turn|16
|
|move|p2a: Rotom-Wash|Hydro Pump|p1a: Quagsire
|-damage|p1a: Quagsire|88\/394 brn
|move|p1a: Quagsire|Recover|p1a: Quagsire
|-heal|p1a: Quagsire|285\/394 brn
|
|-heal|p2a: Rotom-Wash|185\/303 brn|[from] item: Leftovers
|-heal|p1a: Quagsire|309\/394 brn|[from] item: Leftovers
|-damage|p2a: Rotom-Wash|148\/303 brn|[from] brn
|-damage|p1a: Quagsire|260\/394 brn|[from] brn
|turn|17
|
|switch|p2a: Celebi|Celebi|403\/403
|-damage|p2a: Celebi|336\/403|[from] Spikes
|-damage|p2a: Celebi|286\/403|[from] Stealth Rock
|switch|p1a: Chansey|Chansey, F|407\/642
|-damage|p1a: Chansey|327\/642|[from] Stealth Rock
|
|-heal|p2a: Celebi|311\/403|[from] item: Leftovers
|turn|18
|
|move|p2a: Celebi|Baton Pass|p2a: Celebi
|
|switch|p2a: Scizor|Scizor, F|244\/343
|-damage|p2a: Scizor|187\/343|[from] Spikes
|-damage|p2a: Scizor|145\/343|[from] Stealth Rock
|move|p1a: Chansey|Soft-Boiled|p1a: Chansey
|-heal|p1a: Chansey|642\/642
|
|turn|19
|
|switch|p1a: Skarmory|Skarmory, F|140\/334
|-damage|p1a: Skarmory|99\/334|[from] Stealth Rock
|move|p2a: Scizor|Superpower|p1a: Skarmory
|-damage|p1a: Skarmory|0 fnt
|-unboost|p2a: Scizor|atk|1
|-unboost|p2a: Scizor|def|1
|faint|p1a: Skarmory
|
|
|switch|p1a: Sableye|Sableye, M|304\/304
|-damage|p1a: Sableye|266\/304|[from] Stealth Rock
|turn|20
|
|switch|p2a: Altaria|Altaria-Mega, M|353\/353
|-damage|p2a: Altaria|309\/353|[from] Stealth Rock
|-damage|p2a: Altaria|251\/353|[from] Spikes
|detailschange|p1a: Sableye|Sableye-Mega, M
|-mega|p1a: Sableye|Sableye|Sablenite
|move|p1a: Sableye|Calm Mind|p1a: Sableye
|-boost|p1a: Sableye|spa|1
|-boost|p1a: Sableye|spd|1
|
|turn|21
|
|switch|p1a: Cresselia|Cresselia, F|444\/444
|-damage|p1a: Cresselia|389\/444|[from] Stealth Rock
|move|p2a: Altaria|Hyper Voice|p1a: Cresselia
|-damage|p1a: Cresselia|251\/444
|
|-heal|p1a: Cresselia|278\/444|[from] item: Leftovers
|turn|22
|
|move|p1a: Cresselia|Moonlight|p1a: Cresselia
|-heal|p1a: Cresselia|444\/444
|move|p2a: Altaria|Hyper Voice|p1a: Cresselia
|-damage|p1a: Cresselia|282\/444
|
|-heal|p1a: Cresselia|309\/444|[from] item: Leftovers
|turn|23
|
|move|p1a: Cresselia|Toxic|p2a: Altaria
|-status|p2a: Altaria|tox
|move|p2a: Altaria|Hyper Voice|p1a: Cresselia
|-crit|p1a: Cresselia
|-damage|p1a: Cresselia|99\/444
|
|-heal|p1a: Cresselia|126\/444|[from] item: Leftovers
|-damage|p2a: Altaria|229\/353 tox|[from] psn
|turn|24
|
|move|p1a: Cresselia|Moonlight|p1a: Cresselia
|-heal|p1a: Cresselia|348\/444
|move|p2a: Altaria|Hyper Voice|p1a: Cresselia
|-damage|p1a: Cresselia|191\/444
|
|-heal|p1a: Cresselia|218\/444|[from] item: Leftovers
|-damage|p2a: Altaria|185\/353 tox|[from] psn
|turn|25
|
|move|p1a: Cresselia|Skill Swap|p2a: Altaria
|-activate|p1a: Cresselia|move: Skill Swap|Pixilate|Levitate|[of] p2a: Altaria
|move|p2a: Altaria|Heal Bell|p2a: Altaria
|-cureteam|p2a: Altaria|[from] move: HealBell
|
|-heal|p1a: Cresselia|245\/444|[from] item: Leftovers
|turn|26
|
|move|p1a: Cresselia|Moonlight|p1a: Cresselia
|-heal|p1a: Cresselia|444\/444
|move|p2a: Altaria|Roost|p2a: Altaria
|-heal|p2a: Altaria|353\/353
|
|turn|27
|join|champion knigkt
|
|switch|p1a: Sableye|Sableye-Mega, M|266\/304
|-damage|p1a: Sableye|228\/304|[from] Stealth Rock
|switch|p2a: Scizor|Scizor, F|145\/343
|-damage|p2a: Scizor|88\/343|[from] Spikes
|-damage|p2a: Scizor|46\/343|[from] Stealth Rock
|
|turn|28
|
|switch|p1a: Quagsire|Quagsire, M|260\/394 brn
|-damage|p1a: Quagsire|236\/394 brn|[from] Stealth Rock
|move|p2a: Scizor|Bullet Punch|p1a: Quagsire
|-resisted|p1a: Quagsire
|-damage|p1a: Quagsire|167\/394 brn
|
|-heal|p1a: Quagsire|191\/394 brn|[from] item: Leftovers
|-damage|p1a: Quagsire|142\/394 brn|[from] brn
|turn|29
|join|CleanerThanRotom-W
|join|av Kakuna
|
|switch|p2a: Celebi|Celebi|311\/403
|-damage|p2a: Celebi|244\/403|[from] Spikes
|-damage|p2a: Celebi|194\/403|[from] Stealth Rock
|move|p1a: Quagsire|Recover|p1a: Quagsire
|-heal|p1a: Quagsire|339\/394 brn
|
|-heal|p2a: Celebi|219\/403|[from] item: Leftovers
|-heal|p1a: Quagsire|363\/394 brn|[from] item: Leftovers
|-damage|p1a: Quagsire|314\/394 brn|[from] brn
|turn|30
|join|Aka Lusty
|c| Aka Lusty|cool team user: reverb
|c|âReverb|lel
|join|nathaaan
|
|switch|p1a: Gothitelle|Gothitelle, F|301\/301
|-damage|p1a: Gothitelle|264\/301|[from] Stealth Rock
|move|p2a: Celebi|Recover|p2a: Celebi
|-heal|p2a: Celebi|403\/403
|
|turn|31
|
|move|p1a: Gothitelle|Trick|p2a: Celebi
|-activate|p1a: Gothitelle|move: Trick|[of] p2a: Celebi
|-item|p2a: Celebi|Choice Scarf|[from] move: Trick
|-item|p1a: Gothitelle|Leftovers|[from] move: Trick
|move|p2a: Celebi|Baton Pass|p2a: Celebi
|
|switch|p2a: Landorus-Therian|Landorus-Therian, M|358\/382
|-damage|p2a: Landorus-Therian|311\/382|[from] Stealth Rock
|-ability|p2a: Landorus-Therian|Intimidate|[of] p1a: Gothitelle
|-unboost|p1a: Gothitelle|atk|1
|
|-heal|p1a: Gothitelle|282\/301|[from] item: Leftovers
|-heal|p2a: Landorus-Therian|334\/382|[from] item: Leftovers
|turn|32
|
|switch|p1a: Quagsire|Quagsire, M|314\/394 brn
|-damage|p1a: Quagsire|290\/394 brn|[from] Stealth Rock
|move|p2a: Landorus-Therian|Earthquake|p1a: Quagsire
|-damage|p1a: Quagsire|161\/394 brn
|
|-heal|p2a: Landorus-Therian|357\/382|[from] item: Leftovers
|-heal|p1a: Quagsire|185\/394 brn|[from] item: Leftovers
|-damage|p1a: Quagsire|136\/394 brn|[from] brn
|turn|33
|c| Aka Lusty|..
|
|move|p2a: Landorus-Therian|Earthquake|p1a: Quagsire
|-damage|p1a: Quagsire|0 fnt
|faint|p1a: Quagsire
|
|-heal|p2a: Landorus-Therian|380\/382|[from] item: Leftovers
|
|switch|p1a: Cresselia|Cresselia, F|444\/444
|-damage|p1a: Cresselia|389\/444|[from] Stealth Rock
|turn|34
|c| Aka Lusty|ofc you get the roll
|c| Aka Lusty|popyhead
|leave|CleanerThanRotom-W
|
|move|p2a: Landorus-Therian|U-turn|p1a: Cresselia
|-supereffective|p1a: Cresselia
|-damage|p1a: Cresselia|289\/444
|
|switch|p2a: Rotom-Wash|Rotom-Wash|148\/303
|-damage|p2a: Rotom-Wash|111\/303|[from] Stealth Rock
|move|p1a: Cresselia|Psyshock|p2a: Rotom-Wash
|-damage|p2a: Rotom-Wash|53\/303
|
|-heal|p2a: Rotom-Wash|71\/303|[from] item: Leftovers
|-heal|p1a: Cresselia|316\/444|[from] item: Leftovers
|turn|35
|c|âReverb|chill lol
|
|move|p2a: Rotom-Wash|Pain Split|p1a: Cresselia
|-sethp|p1a: Cresselia|193\/444|p2a: Rotom-Wash|193\/303|[from] move: Pain Split
|move|p1a: Cresselia|Toxic|p2a: Rotom-Wash
|-status|p2a: Rotom-Wash|tox
|
|-heal|p2a: Rotom-Wash|211\/303 tox|[from] item: Leftovers
|-heal|p1a: Cresselia|220\/444|[from] item: Leftovers
|-damage|p2a: Rotom-Wash|193\/303 tox|[from] psn
|turn|36
|
|move|p2a: Rotom-Wash|Volt Switch|p1a: Cresselia
|-damage|p1a: Cresselia|157\/444
|
|switch|p2a: Altaria|Altaria-Mega, M|353\/353
|-damage|p2a: Altaria|309\/353|[from] Stealth Rock
|-damage|p2a: Altaria|251\/353|[from] Spikes
|move|p1a: Cresselia|Moonlight|p1a: Cresselia
|-heal|p1a: Cresselia|379\/444
|
|-heal|p1a: Cresselia|406\/444|[from] item: Leftovers
|turn|37
|
|move|p1a: Cresselia|Skill Swap|p2a: Altaria
|-activate|p1a: Cresselia|move: Skill Swap|Pixilate|Levitate|[of] p2a: Altaria
|move|p2a: Altaria|Hyper Voice|p1a: Cresselia
|-damage|p1a: Cresselia|322\/444
|
|-heal|p1a: Cresselia|349\/444|[from] item: Leftovers
|turn|38
|
|move|p1a: Cresselia|Toxic|p2a: Altaria
|-status|p2a: Altaria|tox
|move|p2a: Altaria|Fire Blast|p1a: Cresselia|[miss]
|-miss|p2a: Altaria|p1a: Cresselia
|
|-heal|p1a: Cresselia|376\/444|[from] item: Leftovers
|-damage|p2a: Altaria|229\/353 tox|[from] psn
|turn|39
|
|switch|p1a: Sableye|Sableye-Mega, M|228\/304
|-damage|p1a: Sableye|190\/304|[from] Stealth Rock
|move|p2a: Altaria|Hyper Voice|p1a: Sableye
|-immune|p1a: Sableye|[msg]
|
|-damage|p2a: Altaria|185\/353 tox|[from] psn
|turn|40
|
|switch|p2a: Scizor|Scizor, F|46\/343
|-damage|p2a: Scizor|4\/343|[from] Stealth Rock
|-damage|p2a: Scizor|0 fnt|[from] Spikes
|faint|p2a: Scizor
|move|p1a: Sableye|Calm Mind|p1a: Sableye
|-boost|p1a: Sableye|spa|1
|-boost|p1a: Sableye|spd|1
|
|
|switch|p2a: Altaria|Altaria-Mega, M|185\/353 tox
|-damage|p2a: Altaria|127\/353 tox|[from] Spikes
|-damage|p2a: Altaria|83\/353 tox|[from] Stealth Rock
|turn|41
|c|âReverb|shoulda recovered i guess
|
|switch|p1a: Cresselia|Cresselia, F|376\/444
|-damage|p1a: Cresselia|321\/444|[from] Stealth Rock
|move|p2a: Altaria|Hyper Voice|p1a: Cresselia
|-damage|p1a: Cresselia|167\/444
|
|-heal|p1a: Cresselia|194\/444|[from] item: Leftovers
|-damage|p2a: Altaria|61\/353 tox|[from] psn
|turn|42
|
|move|p1a: Cresselia|Psyshock|p2a: Altaria
|-damage|p2a: Altaria|0 fnt
|faint|p2a: Altaria
|
|-heal|p1a: Cresselia|221\/444|[from] item: Leftovers
|
|switch|p2a: Landorus-Therian|Landorus-Therian, M|380\/382
|-damage|p2a: Landorus-Therian|333\/382|[from] Stealth Rock
|-ability|p2a: Landorus-Therian|Intimidate|[of] p1a: Cresselia
|-unboost|p1a: Cresselia|atk|1
|turn|43
|join|Omegasization
|
|move|p2a: Landorus-Therian|U-turn|p1a: Cresselia
|-supereffective|p1a: Cresselia
|-damage|p1a: Cresselia|113\/444
|c| Omegasization|ew
|
|switch|p2a: Celebi|Celebi|403\/403
|-damage|p2a: Celebi|336\/403|[from] Spikes
|-damage|p2a: Celebi|286\/403|[from] Stealth Rock
|move|p1a: Cresselia|Moonlight|p1a: Cresselia
|-heal|p1a: Cresselia|335\/444
|
|-heal|p1a: Cresselia|362\/444|[from] item: Leftovers
|turn|44
|c| Omegasization|stall
|
|switch|p1a: Gothitelle|Gothitelle, F|282\/301
|-damage|p1a: Gothitelle|245\/301|[from] Stealth Rock
|move|p2a: Celebi|Giga Drain|p1a: Gothitelle
|-damage|p1a: Gothitelle|179\/301
|-heal|p2a: Celebi|319\/403|[from] drain|[of] p1a: Gothitelle
|
|-heal|p1a: Gothitelle|197\/301|[from] item: Leftovers
|turn|45
|-message|RestePaisible forfeited.
|
|win|Reverb
|raw|Ladder updating...
|leave|RestePaisible
|player|p2
|raw|Reverb's rating: 1618 &rarr; <strong>1641<\/strong><br \/>(+23 for winning)
|raw|RestePaisible's rating: 1661 &rarr; <strong>1639<\/strong><br \/>(-22 for losing)
|join|CleanerThanRotom-W