|join|Waybig99
|join|burgerfresser
|join|AvShip on ladder
|join|Ambii
|player|p1|Waybig99|266
|player|p2|burgerfresser|260
|gametype|singles
|gen|6
|tier|OU
|clearpoke
|poke|p1|Pinsir, M
|poke|p1|Malamar, M
|poke|p1|Scrafty, M
|poke|p1|Sharpedo, M
|poke|p1|Garchomp, M
|poke|p1|Azumarill, M
|poke|p2|Gardevoir, F, shiny
|poke|p2|Keldeo-Resolute
|poke|p2|Landorus-Therian, M
|poke|p2|Amoonguss, F
|poke|p2|Heatran, F
|poke|p2|Latias, F
|rule|Swagger Clause: Swagger is banned
|rule|Baton Pass Clause: Limit one PokÃ©mon knowing Baton Pass
|rule|Sleep Clause Mod: Limit one foe put to sleep
|rule|Species Clause: Limit one of each PokÃ©mon
|rule|OHKO Clause: OHKO moves are banned
|rule|Moody Clause: Moody is banned
|rule|Evasion Moves Clause: Evasion moves are banned
|rule|Endless Battle Clause: Forcing endless battles is banned
|rule|HP Percentage Mod: HP is shown in percentages
|teampreview
|c|âburgerfresser|gl hf c:
|c| Ambii|los burger
|c|âburgerfresser|malamar
|c|âburgerfresser|nice
|c|âWaybig99|thanks you too
|c| Ambii|der einzige ders noch im turnier geschaft hat
|c| Ambii|geschafft*
|c| Ambii|hax ihn einfach weg!!!!! GO BURGER
|c|âburgerfresser|halts maul xD
|
|start
|switch|p1a: Azumarill|Azumarill, M|404\/404
|switch|p2a: Flyin Pussy|Landorus-Therian, M|319\/319
|-ability|p2a: Flyin Pussy|Intimidate|[of] p1a: Azumarill
|-unboost|p1a: Azumarill|atk|1
|turn|1
|
|move|p2a: Flyin Pussy|U-turn|p1a: Azumarill
|-resisted|p1a: Azumarill
|-damage|p1a: Azumarill|347\/404
|
|switch|p2a: Stanly balls|Amoonguss, F|432\/432
|move|p1a: Azumarill|Belly Drum|p1a: Azumarill
|-damage|p1a: Azumarill|145\/404
|-setboost|p1a: Azumarill|atk|6|[from] move: Belly Drum
|-enditem|p1a: Azumarill|Sitrus Berry|[eat]
|-heal|p1a: Azumarill|246\/404|[from] item: Sitrus Berry
|
|turn|2
|join|Reedow
|c|âburgerfresser|bitte hab kein knock off
|c| AvShip on ladder|haben sie doch alle
|
|move|p1a: Azumarill|Body Slam|p2a: Stanly balls
|-damage|p2a: Stanly balls|0 fnt
|faint|p2a: Stanly balls
|
|c|âburgerfresser|body slam
|leave|Reedow
|
|switch|p2a: Lati ass|Latias, F|302\/302
|turn|3
|
|move|p1a: Azumarill|Aqua Jet|p2a: Lati ass
|-resisted|p2a: Lati ass
|-damage|p2a: Lati ass|122\/302
|move|p2a: Lati ass|Psychic|p1a: Azumarill
|-damage|p1a: Azumarill|24\/404
|-damage|p2a: Lati ass|92\/302|[from] item: Life Orb
|
|turn|4
|
|move|p1a: Azumarill|Aqua Jet|p2a: Lati ass
|-resisted|p2a: Lati ass
|-damage|p2a: Lati ass|0 fnt
|faint|p2a: Lati ass
|
|
|switch|p2a: DildoHead|Keldeo-Resolute|328\/328
|turn|5
|
|move|p1a: Azumarill|Aqua Jet|p2a: DildoHead
|-resisted|p2a: DildoHead
|-damage|p2a: DildoHead|128\/328
|move|p2a: DildoHead|Scald|p1a: Azumarill
|-resisted|p1a: Azumarill
|-damage|p1a: Azumarill|0 fnt
|faint|p1a: Azumarill
|
|c|âburgerfresser|jetzt werd ich von sharpedo gerekt c:
|
|switch|p1a: Pinsir|Pinsir, M|272\/272
|turn|6
|
|switch|p2a: Flyin Pussy|Landorus-Therian, M|319\/319
|-ability|p2a: Flyin Pussy|Intimidate|[of] p1a: Pinsir
|-fail|p1a: Pinsir|unboost|Attack|[from] ability: Hyper Cutter|[of] p1a: Pinsir
|detailschange|p1a: Pinsir|Pinsir-Mega, M
|-mega|p1a: Pinsir|Pinsir|Pinsirite
|move|p1a: Pinsir|Return|p2a: Flyin Pussy
|-damage|p2a: Flyin Pussy|27\/319
|
|turn|7
|c|âburgerfresser|gg
|c| AvShip on ladder|gg
|
|move|p1a: Pinsir|Quick Attack|p2a: Flyin Pussy
|-damage|p2a: Flyin Pussy|0 fnt
|faint|p2a: Flyin Pussy
|
|c|âburgerfresser|nah
|c|âburgerfresser|god thanks i have scarftran .-.
|
|switch|p2a: Heattransexsual|Heatran, F|385\/385
|turn|8
|join|wertzu
|
|move|p1a: Pinsir|Earthquake|p2a: Heattransexsual
|-supereffective|p2a: Heattransexsual
|-damage|p2a: Heattransexsual|0 fnt
|faint|p2a: Heattransexsual
|
|join|DemonPlaysPokemon
|c|âburgerfresser|meh
|
|switch|p2a: DildoHead|Keldeo-Resolute|128\/328
|turn|9
|c|âburgerfresser|body slam azu
|c|âburgerfresser|who runs this .-.
|c| wertzu|der hat mich totgehaxt
|c| wertzu|doch auch ?
|c| wertzu|*dich
|c| AvShip on ladder|knock off hÃ¤tte dich auch gekillt
|c|âburgerfresser|nein sein body slam zu hat mich zerstÃ¶rt xD
|join|ViehBauer
|
|move|p2a: DildoHead|Scald|p1a: Pinsir
|-damage|p1a: Pinsir|101\/272
|-status|p1a: Pinsir|brn
|move|p1a: Pinsir|Return|p2a: DildoHead
|-supereffective|p2a: DildoHead
|-damage|p2a: DildoHead|0 fnt
|faint|p2a: DildoHead
|
|-damage|p1a: Pinsir|67\/272 brn|[from] brn
|
|switch|p2a: Gardewhore|Gardevoir, F, shiny|277\/277
|-ability|p2a: Gardewhore|Aerilate|[from] ability: Trace|[of] p1a: Pinsir
|turn|10
|c|âburgerfresser|aerialate voir is here Â°^Â°
|
|detailschange|p2a: Gardewhore|Gardevoir-Mega, F, shiny
|-mega|p2a: Gardewhore|Gardevoir|Gardevoirite
|move|p1a: Pinsir|Return|p2a: Gardewhore
|-damage|p2a: Gardewhore|108\/277
|move|p2a: Gardewhore|Hyper Voice|p1a: Pinsir
|-damage|p1a: Pinsir|0 fnt
|faint|p1a: Pinsir
|
|
|switch|p1a: Garchomp|Garchomp, M|357\/357
|turn|11
|c| ViehBauer|RIP BURGERFRESSER
|leave|Ambii
|
|move|p1a: Garchomp|Stone Edge|p2a: Gardewhore
|-damage|p2a: Gardewhore|0 fnt
|faint|p2a: Gardewhore
|
|win|Waybig99
|c|âWaybig99|gg
|leave|ViehBauer