|join|burgerfresser
|join|AdvanceShip
|join|teamtesting3
|join|vespertian
|join|xKiwisaft
|join|EvilUnknown
|player|p1|burgerfresser|260
|player|p2|AdvanceShip|115
|gametype|singles
|gen|6
|tier|OU
|clearpoke
|poke|p1|Dragonite, M, shiny
|poke|p1|Gardevoir, F, shiny
|poke|p1|Starmie
|poke|p1|Chesnaught, M
|poke|p1|Heatran, M
|poke|p1|Landorus-Therian, M
|poke|p2|Metagross
|poke|p2|Keldeo
|poke|p2|Bisharp, M
|poke|p2|Rotom-Wash
|poke|p2|Landorus-Therian, M
|poke|p2|Latias, F
|rule|Swagger Clause: Swagger is banned
|rule|Baton Pass Clause: Limit one PokÃ©mon knowing Baton Pass
|rule|Sleep Clause Mod: Limit one foe put to sleep
|rule|Species Clause: Limit one of each PokÃ©mon
|rule|OHKO Clause: OHKO moves are banned
|rule|Moody Clause: Moody is banned
|rule|Evasion Moves Clause: Evasion moves are banned
|rule|Endless Battle Clause: Forcing endless battles is banned
|rule|HP Percentage Mod: HP is shown in percentages
|teampreview
|c|âburgerfresser|gl hf c:
|c| vespertian|Finale
|join|Zobiris FTW
|join|av kakuna
|join|Svenus198
|c| av kakuna|blub c:
|c| EvilUnknown|Danke fÃ¼r den Hinweis, vespertian
|c|âAdvanceShip|zeit von ne burger ne klatsche zu bekommen:D
|join|luiznho
|c| luiznho|hi
|c|âAdvanceShip|gl
|c| xKiwisaft|Hallo :)
|c| teamtesting3|lando-t, latias, rotom-w, Keldeo und Metagross noch standardmÃ¤Ãiger gehts nich :D
|join|Erzkrieger
|c| Zobiris FTW|viel glÃ¼ck euch beiden :D
|c| luiznho|jo
|c|âAdvanceShip|ja hab mir mÃ¼he gegen es so standardmÃ¤Ãig wie mÃ¶glich zu machen
|
|start
|switch|p1a: Landorus-Therian|Landorus-Therian, M|319\/319
|switch|p2a: Guts over Fear|Metagross|301\/301
|-ability|p1a: Landorus-Therian|Intimidate|[of] p2a: Guts over Fear
|-fail|p2a: Guts over Fear|unboost|[from] ability: Clear Body|[of] p2a: Guts over Fear
|turn|1
|c|âburgerfresser|dat name tho
|leave|Svenus198
|c| Erzkrieger|m latias, das ist lum berry bluff eindeutig
|c|âburgerfresser|lum berry bisharp fÃ¤nd ich nice
|
|detailschange|p2a: Guts over Fear|Metagross-Mega
|-mega|p2a: Guts over Fear|Metagross|Metagrossite
|move|p1a: Landorus-Therian|Earthquake|p2a: Guts over Fear
|-supereffective|p2a: Guts over Fear
|-damage|p2a: Guts over Fear|31\/301
|move|p2a: Guts over Fear|Meteor Mash|p1a: Landorus-Therian
|-damage|p1a: Landorus-Therian|64\/319
|-boost|p2a: Guts over Fear|atk|1
|
|turn|2
|c|âburgerfresser|turn 1 so nen zug machen is disgussting
|c| Erzkrieger|aber geil :O
|c| EvilUnknown|BP incoming
|c| Erzkrieger|direkt spannend :3
|
|switch|p2a: Not Afraid|Landorus-Therian, M|381\/381
|-ability|p2a: Not Afraid|Intimidate|[of] p1a: Landorus-Therian
|-unboost|p1a: Landorus-Therian|atk|1
|move|p1a: Landorus-Therian|Earthquake|p2a: Not Afraid
|-immune|p2a: Not Afraid|[msg]
|
|turn|3
|
|switch|p1a: Chesnaught|Chesnaught, M|380\/380
|move|p2a: Not Afraid|Stealth Rock|p1a: Chesnaught
|-sidestart|p1: burgerfresser|move: Stealth Rock
|
|turn|4
|join|Wurfelement
|c|âburgerfresser|ich glaube
|c| Erzkrieger|sr glis < sr lando ^^
|c|âburgerfresser|er kÃ¶nnte scarf rocks sein .-.
|c|âAdvanceShip|^^
|c| av kakuna|glaub ich nich :I
|c|âburgerfresser|sr glis>sr landou .-.
|c| EvilUnknown|Oder Hp Flying:I
|
|switch|p2a: Latias|Latias, F|319\/319
|move|p1a: Chesnaught|Leech Seed|p2a: Latias
|-start|p2a: Latias|move: Leech Seed
|
|-damage|p2a: Latias|280\/319|[from] Leech Seed|[of] p1a: Chesnaught
|turn|5
|
|switch|p1a: Heatran|Heatran, M|386\/386
|-damage|p1a: Heatran|338\/386|[from] Stealth Rock
|move|p2a: Latias|Psyshock|p1a: Heatran
|-resisted|p1a: Heatran
|-damage|p1a: Heatran|264\/386
|-damage|p2a: Latias|249\/319|[from] item: Life Orb
|
|-heal|p1a: Heatran|288\/386|[from] item: Leftovers
|-damage|p2a: Latias|210\/319|[from] Leech Seed|[of] p1a: Heatran
|-heal|p1a: Heatran|327\/386|[silent]
|turn|6
|c| av kakuna|kein power herb fly .-.
|c|âburgerfresser|eigentlich gecanceld aber so is das auch in ordnung .-.
|
|switch|p2a: Keldeo|Keldeo|323\/323
|move|p1a: Heatran|Stealth Rock|p2a: Keldeo
|-sidestart|p2: AdvanceShip|move: Stealth Rock
|
|-heal|p1a: Heatran|351\/386|[from] item: Leftovers
|turn|7
|c|âburgerfresser|fuck
|c|âburgerfresser|ich hab kein defog
|c|âburgerfresser|xD
|c| av kakuna|lol
|c| Zobiris FTW|aber rapid spin .-. oder?
|
|switch|p1a: Starmie|Starmie|324\/324
|-damage|p1a: Starmie|284\/324|[from] Stealth Rock
|move|p2a: Keldeo|Scald|p1a: Starmie
|-resisted|p1a: Starmie
|-damage|p1a: Starmie|212\/324
|-status|p1a: Starmie|brn
|
|-heal|p1a: Starmie|232\/324 brn|[from] item: Leftovers
|-damage|p1a: Starmie|192\/324 brn|[from] brn
|turn|8
|join|tonyever
|c| luiznho|bin wieder da
|join|Bailil
|c|âburgerfresser|das war ein witz weil ich mal gegen ein sub cm keldeo verloren hab und ich so "wenigstens hab ich ohne rocks verloren"xD
|join|Hukanyra
|
|move|p1a: Starmie|Rapid Spin|p2a: Keldeo
|-damage|p2a: Keldeo|316\/323
|-sideend|p1: burgerfresser|Stealth Rock|[from] move: Rapid Spin|[of] p1a: Starmie
|move|p2a: Keldeo|Calm Mind|p2a: Keldeo
|-boost|p2a: Keldeo|spa|1
|-boost|p2a: Keldeo|spd|1
|
|-heal|p1a: Starmie|212\/324 brn|[from] item: Leftovers
|-heal|p2a: Keldeo|323\/323|[from] item: Leftovers
|-damage|p1a: Starmie|172\/324 brn|[from] brn
|turn|9
|c|âburgerfresser|omg the thread is real
|c| teamtesting3|die Geschichte wiederholt sich
|c| av kakuna|xD
|c| Erzkrieger|gg
|c| Erzkrieger|:D
|
|switch|p1a: Landorus-Therian|Landorus-Therian, M|64\/319
|-ability|p1a: Landorus-Therian|Intimidate|[of] p2a: Keldeo
|-unboost|p2a: Keldeo|atk|1
|move|p2a: Keldeo|Scald|p1a: Landorus-Therian
|-supereffective|p1a: Landorus-Therian
|-damage|p1a: Landorus-Therian|0 fnt
|faint|p1a: Landorus-Therian
|
|c|âAdvanceShip|er hat nen garde
|c| Erzkrieger|das war spass <.<
|leave|Hukanyra
|c| EvilUnknown|Und er hat Dnite
|
|switch|p1a: Gardewhore|Gardevoir, F, shiny|277\/277
|-ability|p1a: Gardewhore|Justified|[from] ability: Trace|[of] p2a: Keldeo
|turn|10
|c| teamtesting3|whore incoming
|c|âburgerfresser|:3
|c| teamtesting3|und wie immer, no switch ins
|c| Erzkrieger|yip
|
|switch|p2a: Real Slim Shady|Bisharp, M|271\/271
|-damage|p2a: Real Slim Shady|255\/271|[from] Stealth Rock
|detailschange|p1a: Gardewhore|Gardevoir-Mega, F, shiny
|-mega|p1a: Gardewhore|Gardevoir|Gardevoirite
|move|p1a: Gardewhore|Hyper Voice|p2a: Real Slim Shady
|-damage|p2a: Real Slim Shady|0 fnt
|faint|p2a: Real Slim Shady
|
|c|âAdvanceShip|didnt need this piece o shit anyway
|join|Mimimi
|c|âburgerfresser|lol
|
|switch|p2a: Latias|Latias, F|210\/319
|-damage|p2a: Latias|171\/319|[from] Stealth Rock
|turn|11
|c|âburgerfresser|oh
|c|âburgerfresser|the counter
|c| av kakuna|hauptsache defog
|c|âburgerfresser|xDD
|c| EvilUnknown|Hp Poison incoming
|c| Erzkrieger|und was machst du jzt wenn burger in outrage gelockt it und du seine multischuppe brechen willst ?
|
|move|p2a: Latias|Healing Wish|p2a: Latias
|faint|p2a: Latias
|move|p1a: Gardewhore|Hyper Voice|p2: Latias|[notarget]
|-notarget
|
|c| Erzkrieger|ouh
|c|âburgerfresser|ah damn
|
|switch|p2a: Guts over Fear|Metagross-Mega|31\/301
|-heal|p2a: Guts over Fear|301\/301|[from] move: Healing Wish
|-damage|p2a: Guts over Fear|283\/301|[from] Stealth Rock
|turn|12
|c|âburgerfresser|<----baka
|c| Erzkrieger|xD
|
|switch|p1a: Starmie|Starmie|172\/324
|move|p2a: Guts over Fear|Meteor Mash|p1a: Starmie
|-resisted|p1a: Starmie
|-damage|p1a: Starmie|39\/324
|
|-heal|p1a: Starmie|59\/324|[from] item: Leftovers
|turn|13
|join|Penuss2.0
|
|switch|p2a: Cleaning o.m. Clos|Rotom-Wash|303\/303
|-damage|p2a: Cleaning o.m. Clos|266\/303|[from] Stealth Rock
|move|p1a: Starmie|Recover|p1a: Starmie
|-heal|p1a: Starmie|221\/324
|
|-heal|p1a: Starmie|241\/324|[from] item: Leftovers
|-heal|p2a: Cleaning o.m. Clos|284\/303|[from] item: Leftovers
|turn|14
|
|switch|p1a: Chesnaught|Chesnaught, M|380\/380
|move|p2a: Cleaning o.m. Clos|Will-O-Wisp|p1a: Chesnaught
|-status|p1a: Chesnaught|brn
|
|-heal|p2a: Cleaning o.m. Clos|302\/303|[from] item: Leftovers
|-damage|p1a: Chesnaught|333\/380 brn|[from] brn
|turn|15
|
|move|p2a: Cleaning o.m. Clos|Volt Switch|p1a: Chesnaught
|-resisted|p1a: Chesnaught
|-damage|p1a: Chesnaught|283\/380 brn
|join|Bumsbatze
|
|switch|p2a: Not Afraid|Landorus-Therian, M|381\/381
|-damage|p2a: Not Afraid|334\/381|[from] Stealth Rock
|-ability|p2a: Not Afraid|Intimidate|[of] p1a: Chesnaught
|-unboost|p1a: Chesnaught|atk|1
|move|p1a: Chesnaught|Leech Seed|p2a: Not Afraid
|-start|p2a: Not Afraid|move: Leech Seed
|
|-heal|p2a: Not Afraid|357\/381|[from] item: Leftovers
|-heal|p1a: Chesnaught|306\/380 brn|[from] item: Leftovers
|-damage|p2a: Not Afraid|310\/381|[from] Leech Seed|[of] p1a: Chesnaught
|-heal|p1a: Chesnaught|353\/380 brn|[silent]
|-damage|p1a: Chesnaught|306\/380 brn|[from] brn
|turn|16
|
|move|p2a: Not Afraid|Stealth Rock|p1a: Chesnaught
|-sidestart|p1: burgerfresser|move: Stealth Rock
|move|p1a: Chesnaught|Spikes|p2a: Not Afraid
|-sidestart|p2: AdvanceShip|Spikes
|
|-heal|p2a: Not Afraid|333\/381|[from] item: Leftovers
|-heal|p1a: Chesnaught|329\/380 brn|[from] item: Leftovers
|-damage|p2a: Not Afraid|286\/381|[from] Leech Seed|[of] p1a: Chesnaught
|-heal|p1a: Chesnaught|376\/380 brn|[silent]
|-damage|p1a: Chesnaught|329\/380 brn|[from] brn
|turn|17
|
|switch|p2a: Guts over Fear|Metagross-Mega|283\/301
|-damage|p2a: Guts over Fear|246\/301|[from] Spikes
|-damage|p2a: Guts over Fear|228\/301|[from] Stealth Rock
|move|p1a: Chesnaught|Leech Seed|p2a: Guts over Fear|[miss]
|-miss|p1a: Chesnaught|p2a: Guts over Fear
|
|-heal|p1a: Chesnaught|352\/380 brn|[from] item: Leftovers
|-damage|p1a: Chesnaught|305\/380 brn|[from] brn
|turn|18
|c|âburgerfresser|haha
|c|âburgerfresser|er is scarf rocks
|c| av kakuna|ist er nicht :I
|leave|Bumsbatze
|c| av kakuna|wenn dann earth plate
|c|âburgerfresser|er hatte mir sogar in einem der letzten matches geschrieben dass er scarf rocks ganz gut findet
|c|âAdvanceShip|^^
|c| av kakuna|wusste ich ja nich e,e
|
|switch|p1a: Starmie|Starmie|241\/324
|-damage|p1a: Starmie|201\/324|[from] Stealth Rock
|move|p2a: Guts over Fear|Rock Polish|p2a: Guts over Fear
|-boost|p2a: Guts over Fear|spe|2
|
|-heal|p1a: Starmie|221\/324|[from] item: Leftovers
|turn|19
|
|move|p2a: Guts over Fear|Meteor Mash|p1a: Starmie
|-resisted|p1a: Starmie
|-damage|p1a: Starmie|88\/324
|-boost|p2a: Guts over Fear|atk|1
|move|p1a: Starmie|Scald|p2a: Guts over Fear
|-damage|p2a: Guts over Fear|137\/301
|
|-heal|p1a: Starmie|108\/324|[from] item: Leftovers
|turn|20
|join|FREEEZEEE
|c| teamtesting3|das is der sweep glaub ich
|c|âburgerfresser|der boost is gg
|c| Erzkrieger|that doubleluck
|c|âAdvanceShip|naja hab nur 90% moves
|c| av kakuna|auÃer er hat kein eq
|c| av kakuna|aber na ja
|c| av kakuna|dann wÃ¼rde er nich setuppen
|c| teamtesting3|mit +1 killt hammer arm auch imo
|c|âburgerfresser|hammer arm miss wÃ¤re geil xD
|c| av kakuna|jap, tuts
|c|âAdvanceShip|hammer arm wÃ¼rde auch so killen
|
|move|p2a: Guts over Fear|Meteor Mash|p1a: Starmie
|-resisted|p1a: Starmie
|-damage|p1a: Starmie|0 fnt
|faint|p1a: Starmie
|
|c| av kakuna|aber agility + hammeram klingt iwie meh
|c| Erzkrieger|^
|c| FREEEZEEE|ist danach nochmal ein turnier ?
|c| teamtesting3|najo bist auch mit +1 speed noch schneller als so ziemlich alles andere
|
|switch|p1a: Heatran|Heatran, M|351\/386
|-damage|p1a: Heatran|303\/386|[from] Stealth Rock
|turn|21
|c| av kakuna|joa, schon
|leave|Zobiris FTW
|join|Zobiris FTW
|
|move|p2a: Guts over Fear|Hammer Arm|p1a: Heatran
|-supereffective|p1a: Heatran
|-damage|p1a: Heatran|0 fnt
|-unboost|p2a: Guts over Fear|spe|1
|faint|p1a: Heatran
|
|join|wertzu
|leave|Zobiris FTW
|c|âburgerfresser|wo is mein miss D:
|join|Zobiris FTW
|
|switch|p1a: Pimpnite|Dragonite, M, shiny|343\/343
|-damage|p1a: Pimpnite|258\/343|[from] Stealth Rock
|turn|22
|join|Roman14k
|
|move|p2a: Guts over Fear|Zen Headbutt|p1a: Pimpnite|[miss]
|-miss|p2a: Guts over Fear|p1a: Pimpnite
|move|p1a: Pimpnite|Fire Punch|p2a: Guts over Fear
|-supereffective|p2a: Guts over Fear
|-damage|p2a: Guts over Fear|0 fnt
|faint|p2a: Guts over Fear
|
|c|âburgerfresser|thx
|c| Erzkrieger|xD
|c| FREEEZEEE|da
|c|âAdvanceShip|fuck
|
|switch|p2a: Keldeo|Keldeo|323\/323
|-damage|p2a: Keldeo|283\/323|[from] Spikes
|-damage|p2a: Keldeo|263\/323|[from] Stealth Rock
|turn|23
|c| Erzkrieger|burger kann hax beeinflusen :O
|c| av kakuna|konnte er schon immer n_n
|c| FREEEZEEE|er ist der master burger :D
|
|switch|p1a: Gardewhore|Gardevoir-Mega, F, shiny|277\/277
|-damage|p1a: Gardewhore|243\/277|[from] Stealth Rock
|move|p2a: Keldeo|Scald|p1a: Gardewhore
|-damage|p1a: Gardewhore|141\/277
|
|-heal|p2a: Keldeo|283\/323|[from] item: Leftovers
|turn|24
|c| FREEEZEEE|fresser*
|c| Erzkrieger|big tasty bacon imo
|c| xKiwisaft|BITTE :( ich kriege hunger ...
|
|switch|p2a: Cleaning o.m. Clos|Rotom-Wash|302\/303
|-damage|p2a: Cleaning o.m. Clos|265\/303|[from] Stealth Rock
|move|p1a: Gardewhore|Hyper Voice|p2a: Cleaning o.m. Clos
|-damage|p2a: Cleaning o.m. Clos|93\/303
|
|-heal|p2a: Cleaning o.m. Clos|111\/303|[from] item: Leftovers
|turn|25
|c|âburgerfresser|big tasty bacon und new york classic sind beste
|c| FREEEZEEE|:D
|join|Svea489
|c| Erzkrieger|wuuuh ich liebe auch btb *~*
|
|move|p1a: Gardewhore|Hyper Voice|p2a: Cleaning o.m. Clos
|-damage|p2a: Cleaning o.m. Clos|0 fnt
|faint|p2a: Cleaning o.m. Clos
|
|c| xKiwisaft|Jeder liebt diesen unglaublich geilen BÃ¼rger :D *sabber*
|c|âburgerfresser|Ich glaub ich hab mich mal wieder durch das tour gehaxt c:
|c| tonyever|hi
|c| wertzu|weil ich schlecht geleadet hab
|
|switch|p2a: Keldeo|Keldeo|283\/323
|-damage|p2a: Keldeo|263\/323|[from] Stealth Rock
|-damage|p2a: Keldeo|223\/323|[from] Spikes
|turn|26
|leave|Svea489
|c| wertzu|ansonsten stÃ¤nde ich jetzt hier und du wÃ¤rst tot
|c| av kakuna|ich sag doch
|c| wertzu|o\/
|c| av kakuna|ist kein scarf lando
|c|âAdvanceShip|one crit one dream
|c| teamtesting3|naja deine gegner haben dir geholfen, ich beim teambau gepennt, sotsot hat gechocked und ship hat einfach pech^^
|
|move|p2a: Keldeo|Scald|p1a: Gardewhore
|-damage|p1a: Gardewhore|33\/277
|-status|p1a: Gardewhore|brn
|move|p1a: Gardewhore|Hyper Voice|p2a: Keldeo
|-supereffective|p2a: Keldeo
|-damage|p2a: Keldeo|0 fnt
|faint|p2a: Keldeo
|
|-damage|p1a: Gardewhore|0 fnt|[from] brn
|faint|p1a: Gardewhore
|c| Erzkrieger|was hast verpennt tt ?
|
|switch|p2a: Not Afraid|Landorus-Therian, M|286\/381
|switch|p1a: Chesnaught|Chesnaught, M|305\/380 brn
|-damage|p2a: Not Afraid|239\/381|[from] Stealth Rock
|-ability|p2a: Not Afraid|Intimidate|[of] p1a: Chesnaught
|-unboost|p1a: Chesnaught|atk|1
|-damage|p1a: Chesnaught|282\/380 brn|[from] Stealth Rock
|turn|27
|c| av kakuna|teambau
|c| teamtesting3|auf lando-i aus sandforce sheer force zu machen :\/
|c|âburgerfresser|er hatte sandforce-landou-i
|c|âAdvanceShip|gg
|c| Erzkrieger|ouh
|c|âburgerfresser|gg
|-message|AdvanceShip forfeited.
|leave|wertzu
|c| Zobiris FTW|gg
|leave|Erzkrieger
|c| av kakuna|das is mir schon tausend mal passiert
|
|win|burgerfresser
|leave|FREEEZEEE
|leave|Penuss2.0
|c| EvilUnknown|Und wer hat das herausgefunden? Detektiv Evil^^
|leave|Mimimi
|leave|av kakuna
|c| teamtesting3|jo gz herr meisterdetektiv :D
|leave|teamtesting3
|leave|Roman14k
|leave|xKiwisaft
|leave|AdvanceShip
|leave|Zobiris FTW
|player|p2
|leave|EvilUnknown
|leave|vespertian
|join|AdvanceShip
|leave|tonyever
|leave|Bailil
|leave|Wurfelement
|leave|luiznho