|join|burgerfresser
|join|Tingel99
|player|p1|burgerfresser|115
|player|p2|Tingel99|292
|gametype|singles
|gen|6
|tier|OU
|clearpoke
|poke|p1|Altaria, F
|poke|p1|Keldeo
|poke|p1|Landorus-Therian, M
|poke|p1|Amoonguss, M
|poke|p1|Heatran, F
|poke|p1|Latias, F
|poke|p2|Metagross, shiny
|poke|p2|Dragonite, F, shiny
|poke|p2|Conkeldurr, F, shiny
|poke|p2|Heatran, M, shiny
|poke|p2|Mandibuzz, F, shiny
|poke|p2|Gardevoir, M
|rule|Swagger Clause: Swagger is banned
|rule|Baton Pass Clause: Limit one PokÃ©mon knowing Baton Pass
|rule|Sleep Clause Mod: Limit one foe put to sleep
|rule|Species Clause: Limit one of each PokÃ©mon
|rule|OHKO Clause: OHKO moves are banned
|rule|Moody Clause: Moody is banned
|rule|Evasion Moves Clause: Evasion moves are banned
|rule|Endless Battle Clause: Forcing endless battles is banned
|rule|HP Percentage Mod: HP is shown in percentages
|teampreview
|c|âburgerfresser|gl hf :3
|c|âTingel99|z 2 :3
|c|âTingel99|u 2 xD
|
|start
|switch|p1a: Landorus-Therian|Landorus-Therian, M|319\/319
|switch|p2a: Metagross|Metagross, shiny|363\/363
|-ability|p1a: Landorus-Therian|Intimidate|[of] p2a: Metagross
|-fail|p2a: Metagross|unboost|[from] ability: Clear Body|[of] p2a: Metagross
|turn|1
|
|switch|p2a: Mandibuzz|Mandibuzz, F, shiny|424\/424
|move|p1a: Landorus-Therian|U-turn|p2a: Mandibuzz
|-damage|p2a: Mandibuzz|363\/424
|
|switch|p1a: Altaria|Altaria, F|304\/304
|
|-heal|p2a: Mandibuzz|389\/424|[from] item: Leftovers
|turn|2
|
|switch|p2a: Heatran|Heatran, M, shiny|386\/386
|detailschange|p1a: Altaria|Altaria-Mega, F
|-mega|p1a: Altaria|Altaria|Altarianite
|move|p1a: Altaria|Return|p2a: Heatran
|-resisted|p2a: Heatran
|-damage|p2a: Heatran|338\/386
|
|-heal|p2a: Heatran|362\/386|[from] item: Leftovers
|turn|3
|c|âburgerfresser|eq mofucker
|
|move|p1a: Altaria|Substitute|p1a: Altaria
|-start|p1a: Altaria|Substitute
|-damage|p1a: Altaria|228\/304
|move|p2a: Heatran|Stealth Rock|p1a: Altaria
|-sidestart|p1: burgerfresser|move: Stealth Rock
|
|-heal|p2a: Heatran|386\/386|[from] item: Leftovers
|turn|4
|
|switch|p2a: Metagross|Metagross, shiny|363\/363
|move|p1a: Altaria|Dragon Dance|p1a: Altaria
|-boost|p1a: Altaria|atk|1
|-boost|p1a: Altaria|spe|1
|
|turn|5
|
|detailschange|p2a: Metagross|Metagross-Mega, shiny
|-mega|p2a: Metagross|Metagross|Metagrossite
|move|p1a: Altaria|Return|p2a: Metagross
|-resisted|p2a: Metagross
|-damage|p2a: Metagross|261\/363
|move|p2a: Metagross|Meteor Mash|p1a: Altaria
|-supereffective|p1a: Altaria
|-end|p1a: Altaria|Substitute
|
|turn|6
|
|switch|p1a: Heatran|Heatran, F|385\/385
|-damage|p1a: Heatran|337\/385|[from] Stealth Rock
|move|p2a: Metagross|Bullet Punch|p1a: Heatran
|-crit|p1a: Heatran
|-resisted|p1a: Heatran
|-damage|p1a: Heatran|300\/385
|
|-heal|p1a: Heatran|324\/385|[from] item: Leftovers
|turn|7
|
|switch|p1a: Landorus-Therian|Landorus-Therian, M|319\/319
|-damage|p1a: Landorus-Therian|280\/319|[from] Stealth Rock
|-ability|p1a: Landorus-Therian|Intimidate|[of] p2a: Metagross
|-unboost|p2a: Metagross|atk|1
|move|p2a: Metagross|Earthquake|p1a: Landorus-Therian
|-immune|p1a: Landorus-Therian|[msg]
|
|turn|8
|
|switch|p2a: Mandibuzz|Mandibuzz, F, shiny|389\/424
|move|p1a: Landorus-Therian|Earthquake|p2a: Mandibuzz
|-immune|p2a: Mandibuzz|[msg]
|
|-heal|p2a: Mandibuzz|415\/424|[from] item: Leftovers
|turn|9
|
|switch|p1a: Altaria|Altaria-Mega, F|228\/304
|-damage|p1a: Altaria|190\/304|[from] Stealth Rock
|move|p2a: Mandibuzz|Taunt|p1a: Altaria
|-start|p1a: Altaria|move: Taunt
|
|-heal|p2a: Mandibuzz|424\/424|[from] item: Leftovers
|turn|10
|
|switch|p1a: Landorus-Therian|Landorus-Therian, M|280\/319
|-damage|p1a: Landorus-Therian|241\/319|[from] Stealth Rock
|-ability|p1a: Landorus-Therian|Intimidate|[of] p2a: Mandibuzz
|-unboost|p2a: Mandibuzz|atk|1
|switch|p2a: Heatran|Heatran, M, shiny|386\/386
|
|turn|11
|c|âburgerfresser|wieso spielst du bitte regulÃ¤res garde im OU?
|c|âTingel99|mach ich immer ^^
|c|âburgerfresser|is aber scheiÃe
|
|switch|p2a: Dragonite|Dragonite, F, shiny|323\/323
|move|p1a: Landorus-Therian|U-turn|p2a: Dragonite
|-resisted|p2a: Dragonite
|-damage|p2a: Dragonite|301\/323
|
|switch|p1a: Altaria|Altaria-Mega, F|190\/304
|-damage|p1a: Altaria|152\/304|[from] Stealth Rock
|
|turn|12
|
|switch|p2a: Metagross|Metagross-Mega, shiny|261\/363
|move|p1a: Altaria|Roost|p1a: Altaria
|-heal|p1a: Altaria|304\/304
|
|turn|13
|
|switch|p1a: Heatran|Heatran, F|324\/385
|-damage|p1a: Heatran|276\/385|[from] Stealth Rock
|move|p2a: Metagross|Meteor Mash|p1a: Heatran
|-resisted|p1a: Heatran
|-damage|p1a: Heatran|216\/385
|
|-heal|p1a: Heatran|240\/385|[from] item: Leftovers
|turn|14
|
|move|p2a: Metagross|Meteor Mash|p1a: Heatran
|-resisted|p1a: Heatran
|-damage|p1a: Heatran|175\/385
|move|p1a: Heatran|Lava Plume|p2a: Metagross
|-supereffective|p2a: Metagross
|-damage|p2a: Metagross|33\/363
|
|-heal|p1a: Heatran|199\/385|[from] item: Leftovers
|turn|15
|c|âTingel99|oops dat missklick xD
|
|switch|p2a: Heatran|Heatran, M, shiny|386\/386
|switch|p1a: Landorus-Therian|Landorus-Therian, M|241\/319
|-damage|p1a: Landorus-Therian|202\/319|[from] Stealth Rock
|-ability|p1a: Landorus-Therian|Intimidate|[of] p2a: Heatran
|-unboost|p2a: Heatran|atk|1
|
|turn|16
|c|âburgerfresser|wetten du hast nur misspredictet
|c|âTingel99|jaa ._.
|c|âburgerfresser|xD
|
|switch|p2a: Mandibuzz|Mandibuzz, F, shiny|424\/424
|move|p1a: Landorus-Therian|U-turn|p2a: Mandibuzz
|-damage|p2a: Mandibuzz|365\/424
|
|switch|p1a: Altaria|Altaria-Mega, F|304\/304
|-damage|p1a: Altaria|266\/304|[from] Stealth Rock
|
|-heal|p2a: Mandibuzz|391\/424|[from] item: Leftovers
|turn|17
|
|switch|p2a: Heatran|Heatran, M, shiny|386\/386
|move|p1a: Altaria|Return|p2a: Heatran
|-resisted|p2a: Heatran
|-damage|p2a: Heatran|333\/386
|
|-heal|p2a: Heatran|357\/386|[from] item: Leftovers
|turn|18
|
|move|p1a: Altaria|Substitute|p1a: Altaria
|-start|p1a: Altaria|Substitute
|-damage|p1a: Altaria|190\/304
|move|p2a: Heatran|Toxic|p1a: Altaria
|
|-heal|p2a: Heatran|381\/386|[from] item: Leftovers
|turn|19
|
|switch|p2a: Metagross|Metagross-Mega, shiny|33\/363
|move|p1a: Altaria|Dragon Dance|p1a: Altaria
|-boost|p1a: Altaria|atk|1
|-boost|p1a: Altaria|spe|1
|
|turn|20
|
|move|p2a: Metagross|Bullet Punch|p1a: Altaria
|-supereffective|p1a: Altaria
|-end|p1a: Altaria|Substitute
|move|p1a: Altaria|Return|p2a: Metagross
|-resisted|p2a: Metagross
|-damage|p2a: Metagross|0 fnt
|faint|p2a: Metagross
|
|
|switch|p2a: Heatran|Heatran, M, shiny|381\/386
|turn|21
|
|move|p1a: Altaria|Substitute|p1a: Altaria
|-start|p1a: Altaria|Substitute
|-damage|p1a: Altaria|114\/304
|move|p2a: Heatran|Lava Plume|p1a: Altaria
|-resisted|p1a: Altaria
|-activate|p1a: Altaria|Substitute|[damage]
|
|-heal|p2a: Heatran|386\/386|[from] item: Leftovers
|turn|22
|
|switch|p2a: Gardevoir|Gardevoir, M|277\/277
|-ability|p2a: Gardevoir|Pixilate|[from] ability: Trace|[of] p1a: Altaria
|move|p1a: Altaria|Roost|p1a: Altaria
|-heal|p1a: Altaria|266\/304
|
|turn|23
|
|move|p1a: Altaria|Return|p2a: Gardevoir
|-damage|p2a: Gardevoir|0 fnt
|faint|p2a: Gardevoir
|
|
|switch|p2a: Mandibuzz|Mandibuzz, F, shiny|391\/424
|turn|24
|
|move|p1a: Altaria|Return|p2a: Mandibuzz
|-supereffective|p2a: Mandibuzz
|-damage|p2a: Mandibuzz|0 fnt
|faint|p2a: Mandibuzz
|
|c|âburgerfresser|gg
|
|switch|p2a: Heatran|Heatran, M, shiny|386\/386
|turn|25
|
|move|p1a: Altaria|Dragon Dance|p1a: Altaria
|-boost|p1a: Altaria|atk|1
|-boost|p1a: Altaria|spe|1
|move|p2a: Heatran|Lava Plume|p1a: Altaria
|-resisted|p1a: Altaria
|-end|p1a: Altaria|Substitute
|
|turn|26
|
|move|p1a: Altaria|Substitute|p1a: Altaria
|-start|p1a: Altaria|Substitute
|-damage|p1a: Altaria|190\/304
|move|p2a: Heatran|Toxic|p1a: Altaria
|
|turn|27
|
|move|p1a: Altaria|Dragon Dance|p1a: Altaria
|-boost|p1a: Altaria|atk|1
|-boost|p1a: Altaria|spe|1
|move|p2a: Heatran|Toxic|p1a: Altaria
|
|turn|28
|
|switch|p2a: Conkeldurr|Conkeldurr, F, shiny|413\/413
|move|p1a: Altaria|Dragon Dance|p1a: Altaria
|-boost|p1a: Altaria|atk|1
|-boost|p1a: Altaria|spe|1
|
|-status|p2a: Conkeldurr|brn|[from] item: Flame Orb
|turn|29
|
|move|p2a: Conkeldurr|Mach Punch|p1a: Altaria
|-resisted|p1a: Altaria
|-activate|p1a: Altaria|Substitute|[damage]
|move|p1a: Altaria|Return|p2a: Conkeldurr
|-supereffective|p2a: Conkeldurr
|-damage|p2a: Conkeldurr|0 fnt
|faint|p2a: Conkeldurr
|
|
|switch|p2a: Dragonite|Dragonite, F, shiny|301\/323
|turn|30
|
|move|p2a: Dragonite|Extreme Speed|p1a: Altaria
|-end|p1a: Altaria|Substitute
|move|p1a: Altaria|Return|p2a: Dragonite
|-crit|p2a: Dragonite
|-supereffective|p2a: Dragonite
|-damage|p2a: Dragonite|0 fnt
|faint|p2a: Dragonite
|
|leave|Tingel99
|player|p2
|-message|Player 2 lost due to inactivity.
|
|win|burgerfresser