|join|burgerfresser
|join|kloshitt
|player|p1|burgerfresser|115
|player|p2|kloshitt|102
|gametype|singles
|gen|6
|tier|OU
|clearpoke
|poke|p1|Gardevoir, F, shiny
|poke|p1|Keldeo-Resolute
|poke|p1|Landorus-Therian, M
|poke|p1|Chesnaught, M
|poke|p1|Heatran, F
|poke|p1|Latias, F
|poke|p2|Charizard, F
|poke|p2|Keldeo-Resolute
|poke|p2|Landorus-Therian, M
|poke|p2|Latios, M
|poke|p2|Tyranitar, M
|poke|p2|Raikou
|rule|Swagger Clause: Swagger is banned
|rule|Baton Pass Clause: Limit one PokÃ©mon knowing Baton Pass
|rule|Sleep Clause Mod: Limit one foe put to sleep
|rule|Species Clause: Limit one of each PokÃ©mon
|rule|OHKO Clause: OHKO moves are banned
|rule|Moody Clause: Moody is banned
|rule|Evasion Moves Clause: Evasion moves are banned
|rule|Endless Battle Clause: Forcing endless battles is banned
|rule|HP Percentage Mod: HP is shown in percentages
|teampreview
|c|âburgerfresser|gl hf :3
|c|âkloshitt|2
|
|start
|switch|p1a: DildoHead|Keldeo-Resolute|328\/328
|switch|p2a: Landorus-Therian|Landorus-Therian, M|382\/382
|-ability|p2a: Landorus-Therian|Intimidate|[of] p1a: DildoHead
|-unboost|p1a: DildoHead|atk|1
|turn|1
|
|switch|p2a: Latios|Latios, M|301\/301
|move|p1a: DildoHead|Scald|p2a: Latios
|-resisted|p2a: Latios
|-damage|p2a: Latios|233\/301
|-status|p2a: Latios|brn
|
|-damage|p2a: Latios|196\/301 brn|[from] brn
|turn|2
|c|âkloshitt|._.
|c|âburgerfresser|.-.
|
|switch|p1a: Heattransexsual|Heatran, F|385\/385
|switch|p2a: Landorus-Therian|Landorus-Therian, M|382\/382
|-ability|p2a: Landorus-Therian|Intimidate|[of] p1a: Heattransexsual
|-unboost|p1a: Heattransexsual|atk|1
|
|turn|3
|
|move|p1a: Heattransexsual|Protect|p1a: Heattransexsual
|-singleturn|p1a: Heattransexsual|Protect
|move|p2a: Landorus-Therian|Stealth Rock|p1a: Heattransexsual
|-sidestart|p1: burgerfresser|move: Stealth Rock
|
|turn|4
|c|âburgerfresser|ah
|c|âkloshitt|lol
|c|âburgerfresser|scarf Keldeo schÃ¤tz ich mal
|
|switch|p1a: Hug me|Chesnaught, M|380\/380
|-damage|p1a: Hug me|357\/380|[from] Stealth Rock
|move|p2a: Landorus-Therian|U-turn|p1a: Hug me
|-damage|p1a: Hug me|309\/380
|c|âkloshitt|Ã¤hm
|
|switch|p2a: Charizard|Charizard, F|333\/333
|
|-heal|p1a: Hug me|332\/380|[from] item: Leftovers
|turn|5
|
|switch|p1a: Lati ass|Latias, F|319\/319
|-damage|p1a: Lati ass|280\/319|[from] Stealth Rock
|detailschange|p2a: Charizard|Charizard-Mega-X, F
|-mega|p2a: Charizard|Charizard|Charizardite X
|move|p2a: Charizard|Dragon Dance|p2a: Charizard
|-boost|p2a: Charizard|atk|1
|-boost|p2a: Charizard|spe|1
|
|turn|6
|c|âkloshitt|lol
|
|switch|p1a: Heattransexsual|Heatran, F|385\/385
|-damage|p1a: Heattransexsual|337\/385|[from] Stealth Rock
|move|p2a: Charizard|Dragon Claw|p1a: Heattransexsual
|-resisted|p1a: Heattransexsual
|-damage|p1a: Heattransexsual|185\/385
|
|-heal|p1a: Heattransexsual|209\/385|[from] item: Leftovers
|turn|7
|c|âburgerfresser|dachte du bist Y >.>
|
|switch|p1a: Flyin Pussy|Landorus-Therian, M|319\/319
|-damage|p1a: Flyin Pussy|280\/319|[from] Stealth Rock
|-ability|p1a: Flyin Pussy|Intimidate|[of] p2a: Charizard
|-unboost|p2a: Charizard|atk|1
|move|p2a: Charizard|Dragon Dance|p2a: Charizard
|-boost|p2a: Charizard|atk|1
|-boost|p2a: Charizard|spe|1
|
|turn|8
|c|âkloshitt|lol
|
|move|p2a: Charizard|Dragon Claw|p1a: Flyin Pussy
|-damage|p1a: Flyin Pussy|0 fnt
|faint|p1a: Flyin Pussy
|
|
|switch|p1a: Heattransexsual|Heatran, F|209\/385
|-damage|p1a: Heattransexsual|161\/385|[from] Stealth Rock
|turn|9
|c|âkloshitt|wie mein team dich zerstÃ¶rt
|c|âburgerfresser|gg
|
|move|p2a: Charizard|Dragon Dance|p2a: Charizard
|-boost|p2a: Charizard|atk|1
|-boost|p2a: Charizard|spe|1
|move|p1a: Heattransexsual|Stone Edge|p2a: Charizard
|-supereffective|p2a: Charizard
|-damage|p2a: Charizard|211\/333
|
|-heal|p1a: Heattransexsual|185\/385|[from] item: Leftovers
|turn|10
|c|âkloshitt|hm gg
|c|âburgerfresser|*wie card mein team zerstÃ¶rt
|c|âburgerfresser|*zard
|
|move|p2a: Charizard|Roost|p2a: Charizard
|-heal|p2a: Charizard|333\/333
|move|p1a: Heattransexsual|Stone Edge|p2a: Charizard
|-supereffective|p2a: Charizard
|-damage|p2a: Charizard|223\/333
|
|-heal|p1a: Heattransexsual|209\/385|[from] item: Leftovers
|turn|11
|c|âburgerfresser|alda machs noch unnÃ¶tig lÃ¤nger
|
|move|p2a: Charizard|Dragon Dance|p2a: Charizard
|-boost|p2a: Charizard|atk|1
|-boost|p2a: Charizard|spe|1
|move|p1a: Heattransexsual|Stone Edge|p2a: Charizard
|-supereffective|p2a: Charizard
|-damage|p2a: Charizard|95\/333
|
|-heal|p1a: Heattransexsual|233\/385|[from] item: Leftovers
|turn|12
|c|âkloshitt|xD
|c|âburgerfresser|hoffst du auf den crit oder was?
|
|move|p2a: Charizard|Roost|p2a: Charizard
|-heal|p2a: Charizard|262\/333
|move|p1a: Heattransexsual|Stone Edge|p2a: Charizard
|-supereffective|p2a: Charizard
|-damage|p2a: Charizard|152\/333
|
|-heal|p1a: Heattransexsual|257\/385|[from] item: Leftovers
|turn|13
|c|âkloshitt|nein
|c|âburgerfresser|eben
|c|âkloshitt|will nicht iwann an recoil sterben
|
|move|p2a: Charizard|Roost|p2a: Charizard
|-heal|p2a: Charizard|319\/333
|move|p1a: Heattransexsual|Stone Edge|p2a: Charizard
|-supereffective|p2a: Charizard
|-damage|p2a: Charizard|209\/333
|
|-heal|p1a: Heattransexsual|281\/385|[from] item: Leftovers
|turn|14
|c|âkloshitt|gegen garde oder so
|
|move|p2a: Charizard|Roost|p2a: Charizard
|-heal|p2a: Charizard|333\/333
|move|p1a: Heattransexsual|Stone Edge|p2a: Charizard
|-supereffective|p2a: Charizard
|-damage|p2a: Charizard|223\/333
|
|-heal|p1a: Heattransexsual|305\/385|[from] item: Leftovers
|turn|15
|
|move|p2a: Charizard|Roost|p2a: Charizard
|-heal|p2a: Charizard|333\/333
|move|p1a: Heattransexsual|Stone Edge|p2a: Charizard
|-supereffective|p2a: Charizard
|-damage|p2a: Charizard|209\/333
|
|-heal|p1a: Heattransexsual|329\/385|[from] item: Leftovers
|turn|16
|c|âburgerfresser|dat pp stall tho
|
|move|p2a: Charizard|Roost|p2a: Charizard
|-heal|p2a: Charizard|333\/333
|move|p1a: Heattransexsual|Stone Edge|p2a: Charizard
|-supereffective|p2a: Charizard
|-damage|p2a: Charizard|207\/333
|
|-heal|p1a: Heattransexsual|353\/385|[from] item: Leftovers
|turn|17
|-message|burgerfresser forfeited.
|
|win|kloshitt
|c|âkloshitt|gg
|c|âkloshitt|richtig weak ggn das ding biste
|c|âkloshitt|lol
|c|âburgerfresser|rematch?xD