|join|burgerfresser
|join|Scarfed Rocks
|player|p1|burgerfresser|190
|player|p2|Scarfed Rocks|115
|gametype|singles
|gen|6
|tier|OU
|clearpoke
|poke|p1|Gardevoir, M
|poke|p1|Donphan, M
|poke|p1|Keldeo
|poke|p1|Heatran, M
|poke|p1|Amoonguss, F
|poke|p1|Gengar, F
|poke|p2|Altaria, F
|poke|p2|Tyranitar, M
|poke|p2|Excadrill, F
|poke|p2|Keldeo-Resolute
|poke|p2|Ferrothorn, F
|poke|p2|Celebi
|rule|Swagger Clause: Swagger is banned
|rule|Baton Pass Clause: Limit one PokÃ©mon knowing Baton Pass
|rule|Sleep Clause Mod: Limit one foe put to sleep
|rule|Species Clause: Limit one of each PokÃ©mon
|rule|OHKO Clause: OHKO moves are banned
|rule|Moody Clause: Moody is banned
|rule|Evasion Moves Clause: Evasion moves are banned
|rule|Endless Battle Clause: Forcing endless battles is banned
|rule|HP Percentage Mod: HP is shown in percentages
|teampreview
|join|relous
|join|dada dingo
|c|âburgerfresser|oh
|c|âburgerfresser|gott
|c|âburgerfresser|nicht dieses team
|join|Elira
|c|âScarfed Rocks|lol
|join|av kakuna
|c|âScarfed Rocks|gl hf :3
|c|âburgerfresser|u to
|join|Nicowhaat
|
|start
|switch|p1a: Gengar|Gengar, F|261\/261
|switch|p2a: Ferrothorn|Ferrothorn, F|352\/352
|turn|1
|
|move|p1a: Gengar|Will-O-Wisp|p2a: Ferrothorn
|-status|p2a: Ferrothorn|brn
|move|p2a: Ferrothorn|Gyro Ball|p1a: Gengar
|-damage|p1a: Gengar|125\/261
|
|-damage|p2a: Ferrothorn|308\/352 brn|[from] brn
|turn|2
|c| Nicowhaat|die neue burn-animation ist komisch o.o
|join|Mangarinne
|c|âScarfed Rocks|ja find ich auch
|
|switch|p1a: Heattransexsual|Heatran, M|386\/386
|move|p2a: Ferrothorn|Spikes|p1a: Heattransexsual
|-sidestart|p1: burgerfresser|Spikes
|
|-heal|p2a: Ferrothorn|330\/352 brn|[from] item: Leftovers
|-damage|p2a: Ferrothorn|286\/352 brn|[from] brn
|turn|3
|join|glebber
|
|switch|p2a: Keldeo-Resolute|Keldeo-Resolute|323\/323
|move|p1a: Heattransexsual|Stealth Rock|p2a: Keldeo-Resolute
|-sidestart|p2: Scarfed Rocks|move: Stealth Rock
|
|turn|4
|join|jul-kun
|
|switch|p1a: Stanly Balls|Amoonguss, F|432\/432
|-damage|p1a: Stanly Balls|378\/432|[from] Spikes
|move|p2a: Keldeo-Resolute|Scald|p1a: Stanly Balls
|-resisted|p1a: Stanly Balls
|-damage|p1a: Stanly Balls|262\/432
|
|-heal|p1a: Stanly Balls|289\/432|[from] item: Black Sludge
|turn|5
|c|âburgerfresser|wollte Protecten aber hatte angst dass du da auch noch n Sub cm Keldeo reingeklatscht hast xD
|
|switch|p2a: Ferrothorn|Ferrothorn, F|286\/352 brn
|-damage|p2a: Ferrothorn|264\/352 brn|[from] Stealth Rock
|switch|p1a: Heattransexsual|Heatran, M|386\/386
|-damage|p1a: Heattransexsual|338\/386|[from] Spikes
|
|-heal|p1a: Heattransexsual|362\/386|[from] item: Leftovers
|-heal|p2a: Ferrothorn|286\/352 brn|[from] item: Leftovers
|-damage|p2a: Ferrothorn|242\/352 brn|[from] brn
|turn|6
|c| av kakuna|du hast doch nen spinner
|c| Nicowhaat|sub-cm-keldeo kotzt mich so an :<
|c|âburgerfresser|lol kaku
|leave|relous
|
|switch|p2a: Tyranitar|Tyranitar, M|404\/404
|-damage|p2a: Tyranitar|354\/404|[from] Stealth Rock
|-weather|Sandstorm
|move|p1a: Heattransexsual|Lava Plume|p2a: Tyranitar
|-resisted|p2a: Tyranitar
|-damage|p2a: Tyranitar|312\/404
|
|-weather|Sandstorm|[upkeep]
|-heal|p1a: Heattransexsual|386\/386|[from] item: Leftovers
|turn|7
|join|relous
|join|iickrichtischerne
|c| Nicowhaat|kein burn hax vbg
|
|switch|p1a: Doublepenentration|Donphan, M|384\/384
|-damage|p1a: Doublepenentration|336\/384|[from] Spikes
|move|p2a: Tyranitar|Ice Beam|p1a: Doublepenentration
|-supereffective|p1a: Doublepenentration
|-damage|p1a: Doublepenentration|186\/384
|
|-weather|Sandstorm|[upkeep]
|turn|8
|c|âScarfed Rocks|av?
|c| av kakuna|dat name ._.
|c|âburgerfresser|eating it up
|c|âburgerfresser|ja ._.
|c|âScarfed Rocks|der calc hat mir gesagt 2gko
|c|âburgerfresser|aha
|
|move|p2a: Tyranitar|Ice Beam|p1a: Doublepenentration
|-supereffective|p1a: Doublepenentration
|-damage|p1a: Doublepenentration|34\/384
|move|p1a: Doublepenentration|Earthquake|p2a: Tyranitar
|-supereffective|p2a: Tyranitar
|-damage|p2a: Tyranitar|42\/404
|
|-weather|Sandstorm|[upkeep]
|turn|9
|join|Averyf
|leave|glebber
|leave|iickrichtischerne
|
|move|p1a: Doublepenentration|Ice Shard|p2a: Tyranitar
|-damage|p2a: Tyranitar|7\/404
|move|p2a: Tyranitar|Stealth Rock|p1a: Doublepenentration
|-sidestart|p1: burgerfresser|move: Stealth Rock
|
|-weather|Sandstorm|[upkeep]
|turn|10
|c|âburgerfresser|donphan go home yar weak
|c| Nicowhaat|das bemerkst du erst jetzt? :I
|c|âburgerfresser|._.
|c|âScarfed Rocks|hÃ¤tte ich jetzt doch nur nen cm keldeo:D
|
|move|p1a: Doublepenentration|Ice Shard|p2a: Tyranitar
|-damage|p2a: Tyranitar|0 fnt
|faint|p2a: Tyranitar
|
|-weather|Sandstorm|[upkeep]
|c| Nicowhaat|dann wÃ¼rde sich hutsassa Ã¼ber volle kp freuen :D
|
|switch|p2a: Excadrill|Excadrill, F|361\/361
|-damage|p2a: Excadrill|350\/361|[from] Stealth Rock
|turn|11
|c|âScarfed Rocks|wenn rapid spin wenigsten killen kÃ¶nnte...
|
|move|p2a: Excadrill|Iron Head|p1a: Doublepenentration
|-damage|p1a: Doublepenentration|0 fnt
|-damage|p2a: Excadrill|314\/361|[from] item: Life Orb
|faint|p1a: Doublepenentration
|
|-weather|Sandstorm|[upkeep]
|
|switch|p1a: Stanly Balls|Amoonguss, F|432\/432
|-damage|p1a: Stanly Balls|378\/432|[from] Spikes
|-damage|p1a: Stanly Balls|324\/432|[from] Stealth Rock
|turn|12
|
|move|p2a: Excadrill|Iron Head|p1a: Stanly Balls
|-damage|p1a: Stanly Balls|121\/432
|-damage|p2a: Excadrill|278\/361|[from] item: Life Orb
|move|p1a: Stanly Balls|Spore|p2a: Excadrill
|-status|p2a: Excadrill|slp
|
|-weather|Sandstorm|[upkeep]
|-damage|p1a: Stanly Balls|94\/432|[from] sandstorm
|-heal|p1a: Stanly Balls|121\/432|[from] item: Black Sludge
|turn|13
|c|âburgerfresser|wie er eiskalt mit 2 spore switch ins drinbleibt ._.
|c| dada dingo|1 turn sleep XD
|c| dada dingo|er weiÃ es q.q
|c|âburgerfresser|lol
|join|JaggerX93
|
|switch|p1a: C.C.|Gardevoir, M|277\/277
|-damage|p1a: C.C.|243\/277|[from] Spikes
|-damage|p1a: C.C.|209\/277|[from] Stealth Rock
|-ability|p1a: C.C.|Sand Rush|[from] ability: Trace|[of] p2a: Excadrill
|cant|p2a: Excadrill|slp
|
|-weather|none
|turn|14
|
|switch|p2a: Ferrothorn|Ferrothorn, F|242\/352 brn
|-damage|p2a: Ferrothorn|220\/352 brn|[from] Stealth Rock
|detailschange|p1a: C.C.|Gardevoir-Mega, M
|-mega|p1a: C.C.|Gardevoir|Gardevoirite
|move|p1a: C.C.|Focus Blast|p2a: Ferrothorn
|-supereffective|p2a: Ferrothorn
|-damage|p2a: Ferrothorn|0 fnt
|faint|p2a: Ferrothorn
|
|c| JaggerX93|rekt
|c|âburgerfresser|wie konnte ich das Geschlecht vergessen >.<
|
|switch|p2a: Keldeo-Resolute|Keldeo-Resolute|323\/323
|-damage|p2a: Keldeo-Resolute|303\/323|[from] Stealth Rock
|turn|15
|c|âburgerfresser|mÃ¤nnliches grade schlimmstes wo gibt ._.
|join|FREEEZEEE
|c| dada dingo|was machste eig gegen mega gross XD?
|c| av kakuna|und weibliches conkeldurr
|c|âScarfed Rocks|burger hat flash garde 4 metagross:D
|
|switch|p1a: Dildohead|Keldeo|323\/323
|-damage|p1a: Dildohead|283\/323|[from] Spikes
|-damage|p1a: Dildohead|263\/323|[from] Stealth Rock
|move|p2a: Keldeo-Resolute|Hydro Pump|p1a: Dildohead
|-resisted|p1a: Dildohead
|-damage|p1a: Dildohead|113\/323
|
|turn|16
|c| Nicowhaat|bÃ¼rgerfresser mit donphan killen und scarfed mit ttar sand aufsetzen und dann mit exca killen :3
|c| Nicowhaat|bÃ¼rgerfresser... dein C.C. ist wohl ein V.V. :>
|c|âburgerfresser|._.
|c|âburgerfresser|c.c. <3
|c| Nicowhaat|oder ein L.L. :>
|
|move|p1a: Dildohead|Secret Sword|p2a: Keldeo-Resolute
|-damage|p2a: Keldeo-Resolute|116\/323
|move|p2a: Keldeo-Resolute|Hydro Pump|p1a: Dildohead
|-resisted|p1a: Dildohead
|-damage|p1a: Dildohead|0 fnt
|faint|p1a: Dildohead
|
|c| dada dingo|mega gross is eig free win q.q donphan kann nicht unendlich in den seine angriffe switchen
|c|âburgerfresser|oder ein gengar macht dich jetzt fertig
|c|âScarfed Rocks|crap wollte den gengar double predicten
|
|switch|p1a: Gengar|Gengar, F|125\/261
|-damage|p1a: Gengar|93\/261|[from] Stealth Rock
|turn|17
|c| av kakuna|gengar <3
|c| Nicowhaat|rengar <3
|leave|Averyf
|c| Nicowhaat|bÃ¼rgerfresser gewinn das turnier fÃ¼r mich!!! :I
|
|switch|p2a: Excadrill|Excadrill, F|278\/361 slp
|-damage|p2a: Excadrill|267\/361 slp|[from] Stealth Rock
|move|p1a: Gengar|Shadow Ball|p2a: Excadrill
|-damage|p2a: Excadrill|0 fnt
|-damage|p1a: Gengar|67\/261|[from] item: Life Orb
|faint|p2a: Excadrill
|
|
|switch|p2a: Altaria|Altaria, F|311\/311
|-damage|p2a: Altaria|234\/311|[from] Stealth Rock
|turn|18
|c|âburgerfresser|uh
|c|âburgerfresser|the counter
|leave|relous
|c| av kakuna|er hat ja nichts anderes :I
|join|cuscuztostado
|join|Bailil
|
|switch|p1a: Stanly Balls|Amoonguss, F|265\/432
|-damage|p1a: Stanly Balls|211\/432|[from] Stealth Rock
|-damage|p1a: Stanly Balls|157\/432|[from] Spikes
|detailschange|p2a: Altaria|Altaria-Mega, F
|-mega|p2a: Altaria|Altaria|Altarianite
|move|p2a: Altaria|Earthquake|p1a: Stanly Balls
|-damage|p1a: Stanly Balls|88\/432
|
|-heal|p1a: Stanly Balls|115\/432|[from] item: Black Sludge
|turn|19
|join|Sorgenkind
|c| av kakuna|kein sludge wave? .-.
|leave|jul-kun
|c|âburgerfresser|dachte nicht dass er mega evolved o.O
|c| av kakuna|das killt bestimmt auch so
|c|âScarfed Rocks|wusste das burger seine wincon nicht riskieren wÃ¼rde
|c|âScarfed Rocks|aber letzlich bringt mir das auch nichts
|c|âburgerfresser|wÃ¤re ne roll gewesen
|c| av kakuna|kommt auf seinen split an
|join|relous
|
|move|p2a: Altaria|Hyper Voice|p1a: Stanly Balls
|-resisted|p1a: Stanly Balls
|-damage|p1a: Stanly Balls|10\/432
|move|p1a: Stanly Balls|Clear Smog|p2a: Altaria
|-supereffective|p2a: Altaria
|-damage|p2a: Altaria|130\/311
|-clearboost|p2a: Altaria
|
|-heal|p1a: Stanly Balls|37\/432|[from] item: Black Sludge
|turn|20
|c|âScarfed Rocks|mixed alt is garbadge
|c|âburgerfresser|naaaaah
|
|move|p2a: Altaria|Earthquake|p1a: Stanly Balls
|-damage|p1a: Stanly Balls|0 fnt
|faint|p1a: Stanly Balls
|
|
|switch|p1a: C.C.|Gardevoir-Mega, M|209\/277
|-damage|p1a: C.C.|175\/277|[from] Stealth Rock
|-damage|p1a: C.C.|141\/277|[from] Spikes
|turn|21
|join|Syre Sinatra
|c|âburgerfresser|wenn ich mich richtig dumm anstell kann ich noch verlieren >.<
|c|âScarfed Rocks|gengar hat noch 2 lo hits
|c| av kakuna|also 2 sludge waves zu verteilen
|leave|FREEEZEEE
|c| av kakuna|und irgendwas wird jetzt sterben
|
|move|p1a: C.C.|Hyper Voice|p2a: Altaria
|-supereffective|p2a: Altaria
|-damage|p2a: Altaria|0 fnt
|faint|p2a: Altaria
|
|c|âScarfed Rocks|gg
|join|ilovekarpador
|c|âburgerfresser|gg
|c| relous|gg
|
|switch|p2a: Keldeo-Resolute|Keldeo-Resolute|116\/323
|-damage|p2a: Keldeo-Resolute|96\/323|[from] Stealth Rock
|turn|22
|
|move|p2a: Keldeo-Resolute|Scald|p1a: C.C.
|-damage|p1a: C.C.|0 fnt
|faint|p1a: C.C.
|
|
|switch|p1a: Gengar|Gengar, F|67\/261
|-damage|p1a: Gengar|35\/261|[from] Stealth Rock
|turn|23
|c|âScarfed Rocks|man ich kann einfach nicht gegen burger gewinnen
|c|âburgerfresser|:P
|
|switch|p2a: Celebi|Celebi|403\/403
|-damage|p2a: Celebi|353\/403|[from] Stealth Rock
|move|p1a: Gengar|Sludge Wave|p2a: Celebi
|-supereffective|p2a: Celebi
|-damage|p2a: Celebi|0 fnt
|-damage|p1a: Gengar|9\/261|[from] item: Life Orb
|faint|p2a: Celebi
|
|
|switch|p2a: Keldeo-Resolute|Keldeo-Resolute|96\/323
|-damage|p2a: Keldeo-Resolute|76\/323|[from] Stealth Rock
|turn|24
|
|move|p1a: Gengar|Sludge Wave|p2a: Keldeo-Resolute
|-damage|p2a: Keldeo-Resolute|0 fnt
|-damage|p1a: Gengar|0 fnt|[from] item: Life Orb
|faint|p2a: Keldeo-Resolute
|faint|p1a: Gengar
|
|win|burgerfresser
|c| av kakuna|gengar <3
|c|âScarfed Rocks|gg
|leave|Sorgenkind
|c|âScarfed Rocks|ich hab dir gengar geraten
|leave|relous
|leave|JaggerX93
|leave|av kakuna
|leave|cuscuztostado
|leave|Nicowhaat
|leave|dada dingo
|leave|Scarfed Rocks
|player|p2
|leave|Mangarinne
|leave|Syre Sinatra
|join|Scarfed Rocks