|join|Discomilch
|join|burgerfresser
|player|p1|Discomilch|2
|player|p2|burgerfresser|170
|gametype|singles
|gen|6
|tier|OU
|clearpoke
|poke|p1|Charizard, M
|poke|p1|Greninja, M
|poke|p1|Landorus-Therian, M
|poke|p1|Slowbro, M
|poke|p1|Latios, M
|poke|p1|Ferrothorn, M
|poke|p2|Mamoswine, F
|poke|p2|Breloom, F
|poke|p2|Latias, F
|poke|p2|Magnezone
|poke|p2|Landorus-Therian, M
|poke|p2|Gardevoir, F, shiny
|rule|Swagger Clause: Swagger is banned
|rule|Baton Pass Clause: Limit one PokÃ©mon knowing Baton Pass
|rule|Sleep Clause Mod: Limit one foe put to sleep
|rule|Species Clause: Limit one of each PokÃ©mon
|rule|OHKO Clause: OHKO moves are banned
|rule|Moody Clause: Moody is banned
|rule|Evasion Moves Clause: Evasion moves are banned
|rule|Endless Battle Clause: Forcing endless battles is banned
|rule|HP Percentage Mod: HP is shown in percentages
|teampreview
|c|âDiscomilch|gl hf
|join|schmidtf
|c|âburgerfresser|gl hf
|join|Cave'n'dish
|
|start
|switch|p1a: Charizard|Charizard, M|341\/341
|switch|p2a: Landorus-Therian|Landorus-Therian, M|319\/319
|-ability|p2a: Landorus-Therian|Intimidate|[of] p1a: Charizard
|-unboost|p1a: Charizard|atk|1
|turn|1
|c|âburgerfresser|zard und ninja werden nervig
|
|detailschange|p1a: Charizard|Charizard-Mega-X, M
|-mega|p1a: Charizard|Charizard|Charizardite X
|move|p2a: Landorus-Therian|U-turn|p1a: Charizard
|-resisted|p1a: Charizard
|-damage|p1a: Charizard|299\/341
|c|âburgerfresser|lol
|join|Silver99
|c|âburgerfresser|eiskalt drinbleiben
|c|âDiscomilch|:]
|
|switch|p2a: Gardewhore|Gardevoir, F, shiny|277\/277
|-ability|p2a: Gardewhore|Tough Claws|[from] ability: Trace|[of] p1a: Charizard
|move|p1a: Charizard|Will-O-Wisp|p2a: Gardewhore|[miss]
|-miss|p1a: Charizard|p2a: Gardewhore
|
|turn|2
|c|âburgerfresser|aaaah bulky zard is real
|
|detailschange|p2a: Gardewhore|Gardevoir-Mega, F, shiny
|-mega|p2a: Gardewhore|Gardevoir|Gardevoirite
|move|p2a: Gardewhore|Hyper Voice|p1a: Charizard
|-damage|p1a: Charizard|94\/341
|move|p1a: Charizard|Flare Blitz|p2a: Gardewhore
|-damage|p2a: Gardewhore|22\/277
|-damage|p1a: Charizard|10\/341|[from] recoil|[of] p2a: Gardewhore
|
|turn|3
|c|âDiscomilch|bestes zard
|c| Silver99|op
|c|âDiscomilch|shiit
|c|âDiscomilch|-1
|join|Mtc.Storm
|c|âburgerfresser|lol
|join|av kakuna
|
|switch|p2a: Magnezone|Magnezone|312\/312
|move|p1a: Charizard|Flare Blitz|p2a: Magnezone
|-supereffective|p2a: Magnezone
|-damage|p2a: Magnezone|0 fnt
|-damage|p1a: Charizard|0 fnt|[from] recoil|[of] p2a: Magnezone
|faint|p2a: Magnezone
|faint|p1a: Charizard
|
|c|âDiscomilch|das team kann mit gardevoir nix anfangen
|c| Silver99|lol
|c|âburgerfresser|wtf
|c|âDiscomilch|ooooh
|c|âburgerfresser|einfach wieder drinbleieb
|c| Silver99|._.
|c|âburgerfresser|*drinbleiben
|c| av kakuna|burger, stahl ist schwach gegen feuer :x
|c|âDiscomilch|naja ich bin langsam, sterb wenn du rocks hast und jede priority killt mich auch..
|c|âDiscomilch|wenig chance zu roosten
|c|âburgerfresser|weil ferro ja nicht obvi is
|c|âDiscomilch|und ja genau
|c| av kakuna|andererseits
|c|âDiscomilch|ferro too obv
|c| av kakuna|was will er damit noch
|
|switch|p2a: Landorus-Therian|Landorus-Therian, M|319\/319
|switch|p1a: Landorus-Therian|Landorus-Therian, M|382\/382
|-ability|p2a: Landorus-Therian|Intimidate|[of] p1a: Landorus-Therian
|-unboost|p1a: Landorus-Therian|atk|1
|-ability|p1a: Landorus-Therian|Intimidate|[of] p2a: Landorus-Therian
|-unboost|p2a: Landorus-Therian|atk|1
|turn|4
|c|âDiscomilch|sag ich ja kakuna
|c| av kakuna|jop
|
|move|p2a: Landorus-Therian|U-turn|p1a: Landorus-Therian
|-resisted|p1a: Landorus-Therian
|-damage|p1a: Landorus-Therian|352\/382
|c| Silver99|roosten, wenn gelegenheit
|
|switch|p2a: Mamoswine|Mamoswine, F|361\/361
|move|p1a: Landorus-Therian|Stealth Rock|p2a: Mamoswine
|-sidestart|p2: burgerfresser|move: Stealth Rock
|
|-heal|p1a: Landorus-Therian|375\/382|[from] item: Leftovers
|turn|5
|c|âDiscomilch|wann?
|c| Silver99|slot, um zu sacken
|c| av kakuna|und die is wo? ._.
|leave|schmidtf
|c|âburgerfresser|wir wissen jetzt wieder wie scheiÃe ich bin ._.
|
|switch|p1a: Slowbro|Slowbro, M|394\/394
|move|p2a: Mamoswine|Knock Off|p1a: Slowbro
|-supereffective|p1a: Slowbro
|-damage|p1a: Slowbro|228\/394
|-enditem|p1a: Slowbro|Leftovers|[from] move: Knock Off|[of] p2a: Mamoswine
|
|turn|6
|c| av kakuna|lol
|c| Silver99|.-.
|
|switch|p2a: Latias|Latias, F|318\/318
|-damage|p2a: Latias|279\/318|[from] Stealth Rock
|move|p1a: Slowbro|Slack Off|p1a: Slowbro
|-heal|p1a: Slowbro|394\/394
|
|turn|7
|
|switch|p1a: Ferrothorn|Ferrothorn, M|352\/352
|move|p2a: Latias|Defog|p1a: Ferrothorn
|-unboost|p1a: Ferrothorn|evasion|1
|-sideend|p2: burgerfresser|Stealth Rock|[from] move: Defog|[of] p2a: Latias
|
|turn|8
|join|Erzkrieger
|
|switch|p2a: Landorus-Therian|Landorus-Therian, M|319\/319
|-ability|p2a: Landorus-Therian|Intimidate|[of] p1a: Ferrothorn
|-unboost|p1a: Ferrothorn|atk|1
|move|p1a: Ferrothorn|Gyro Ball|p2a: Landorus-Therian
|-damage|p2a: Landorus-Therian|204\/319
|
|turn|9
|c| Erzkrieger|burger gewinnt sowieso. er hat gardewhore <3 xD
|leave|Erzkrieger
|
|move|p2a: Landorus-Therian|Earthquake|p1a: Ferrothorn
|-damage|p1a: Ferrothorn|219\/352
|move|p1a: Ferrothorn|Spikes|p2a: Landorus-Therian
|-sidestart|p2: burgerfresser|Spikes
|
|-heal|p1a: Ferrothorn|241\/352|[from] item: Leftovers
|turn|10
|c|âDiscomilch|is schon ko..
|
|move|p2a: Landorus-Therian|Earthquake|p1a: Ferrothorn
|-damage|p1a: Ferrothorn|105\/352
|move|p1a: Ferrothorn|Leech Seed|p2a: Landorus-Therian
|-start|p2a: Landorus-Therian|move: Leech Seed
|
|-heal|p1a: Ferrothorn|127\/352|[from] item: Leftovers
|-damage|p2a: Landorus-Therian|165\/319|[from] Leech Seed|[of] p1a: Ferrothorn
|-heal|p1a: Ferrothorn|166\/352|[silent]
|turn|11
|
|switch|p2a: Latias|Latias, F|279\/318
|move|p1a: Ferrothorn|Leech Seed|p2a: Latias
|-start|p2a: Latias|move: Leech Seed
|
|-heal|p1a: Ferrothorn|188\/352|[from] item: Leftovers
|-damage|p2a: Latias|240\/318|[from] Leech Seed|[of] p1a: Ferrothorn
|-heal|p1a: Ferrothorn|227\/352|[silent]
|turn|12
|
|switch|p2a: Landorus-Therian|Landorus-Therian, M|165\/319
|-ability|p2a: Landorus-Therian|Intimidate|[of] p1a: Ferrothorn
|-unboost|p1a: Ferrothorn|atk|1
|move|p1a: Ferrothorn|Spikes|p2a: Landorus-Therian
|-sidestart|p2: burgerfresser|Spikes
|
|-heal|p1a: Ferrothorn|249\/352|[from] item: Leftovers
|turn|13
|
|move|p1a: Ferrothorn|Protect|p1a: Ferrothorn
|-singleturn|p1a: Ferrothorn|Protect
|move|p2a: Landorus-Therian|Earthquake|p1a: Ferrothorn
|-activate|p1a: Ferrothorn|Protect
|
|-heal|p1a: Ferrothorn|271\/352|[from] item: Leftovers
|turn|14
|
|switch|p2a: Mamoswine|Mamoswine, F|361\/361
|-damage|p2a: Mamoswine|301\/361|[from] Spikes
|switch|p1a: Latios|Latios, M|301\/301
|
|turn|15
|join|Darklink3
|c|âburgerfresser|gg
|
|move|p1a: Latios|Draco Meteor|p2a: Mamoswine|[miss]
|-miss|p1a: Latios|p2a: Mamoswine
|move|p2a: Mamoswine|Knock Off|p1a: Latios
|-supereffective|p1a: Latios
|-damage|p1a: Latios|27\/301
|-enditem|p1a: Latios|Life Orb|[from] move: Knock Off|[of] p2a: Mamoswine
|
|turn|16
|join|illy2211
|c|âDiscomilch|so schnell kanns gehen
|
|switch|p1a: Slowbro|Slowbro, M|394\/394
|move|p2a: Mamoswine|Ice Shard|p1a: Slowbro
|-resisted|p1a: Slowbro
|-damage|p1a: Slowbro|372\/394
|
|turn|17
|
|switch|p2a: Latias|Latias, F|240\/318
|move|p1a: Slowbro|Thunder Wave|p2a: Latias
|-status|p2a: Latias|par
|
|turn|18
|
|switch|p1a: Ferrothorn|Ferrothorn, M|271\/352
|cant|p2a: Latias|par
|
|-heal|p1a: Ferrothorn|293\/352|[from] item: Leftovers
|turn|19
|c|âburgerfresser|was auch sonst
|
|switch|p2a: Breloom|Breloom, F|262\/262
|-damage|p2a: Breloom|219\/262|[from] Spikes
|move|p1a: Ferrothorn|Gyro Ball|p2a: Breloom
|-damage|p2a: Breloom|24\/262
|
|-heal|p1a: Ferrothorn|315\/352|[from] item: Leftovers
|turn|20
|
|move|p2a: Breloom|Mach Punch|p1a: Ferrothorn
|-crit|p1a: Ferrothorn
|-supereffective|p1a: Ferrothorn
|-damage|p1a: Ferrothorn|73\/352
|-damage|p2a: Breloom|0 fnt|[from] ability: Iron Barbs|[of] p1a: Ferrothorn
|faint|p2a: Breloom
|move|p1a: Ferrothorn|Gyro Ball|p2: Breloom|[notarget]
|-notarget
|
|-heal|p1a: Ferrothorn|95\/352|[from] item: Leftovers
|
|switch|p2a: Mamoswine|Mamoswine, F|301\/361
|-damage|p2a: Mamoswine|241\/361|[from] Spikes
|turn|21
|
|switch|p2a: Latias|Latias, F|240\/318 par
|move|p1a: Ferrothorn|Protect|p1a: Ferrothorn
|-fail|p1a: Ferrothorn
|
|-heal|p1a: Ferrothorn|117\/352|[from] item: Leftovers
|turn|22
|
|move|p2a: Latias|Draco Meteor|p1a: Ferrothorn
|-resisted|p1a: Ferrothorn
|-damage|p1a: Ferrothorn|23\/352
|-unboost|p2a: Latias|spa|2
|-damage|p2a: Latias|209\/318 par|[from] item: Life Orb
|move|p1a: Ferrothorn|Leech Seed|p2a: Latias
|-start|p2a: Latias|move: Leech Seed
|
|-heal|p1a: Ferrothorn|45\/352|[from] item: Leftovers
|-damage|p2a: Latias|170\/318 par|[from] Leech Seed|[of] p1a: Ferrothorn
|-heal|p1a: Ferrothorn|84\/352|[silent]
|turn|23
|
|switch|p2a: Landorus-Therian|Landorus-Therian, M|165\/319
|-ability|p2a: Landorus-Therian|Intimidate|[of] p1a: Ferrothorn
|-unboost|p1a: Ferrothorn|atk|1
|move|p1a: Ferrothorn|Leech Seed|p2a: Landorus-Therian
|-start|p2a: Landorus-Therian|move: Leech Seed
|
|-heal|p1a: Ferrothorn|106\/352|[from] item: Leftovers
|-damage|p2a: Landorus-Therian|126\/319|[from] Leech Seed|[of] p1a: Ferrothorn
|-heal|p1a: Ferrothorn|145\/352|[silent]
|turn|24
|
|switch|p2a: Latias|Latias, F|170\/318 par
|move|p1a: Ferrothorn|Protect|p1a: Ferrothorn
|-fail|p1a: Ferrothorn
|
|-heal|p1a: Ferrothorn|167\/352|[from] item: Leftovers
|turn|25
|
|move|p2a: Latias|Healing Wish|p2a: Latias
|faint|p2a: Latias
|move|p1a: Ferrothorn|Leech Seed|p2: Latias|[notarget]
|-notarget
|
|-heal|p1a: Ferrothorn|189\/352|[from] item: Leftovers
|
|switch|p2a: Gardewhore|Gardevoir-Mega, F, shiny|22\/277
|-heal|p2a: Gardewhore|277\/277|[from] move: Healing Wish
|-damage|p2a: Gardewhore|231\/277|[from] Spikes
|turn|26
|c| Silver99|WÃ¤re bitter, wenn bei Healing Wish Hazard DMG zuerst kommt
|c|âDiscomilch|wÃ¼rde irgendwie den sinn verfehlen
|
|move|p2a: Gardewhore|Will-O-Wisp|p1a: Ferrothorn
|-status|p1a: Ferrothorn|brn
|move|p1a: Ferrothorn|Gyro Ball|p2a: Gardewhore
|-supereffective|p2a: Gardewhore
|-damage|p2a: Gardewhore|73\/277
|
|-heal|p1a: Ferrothorn|211\/352 brn|[from] item: Leftovers
|-damage|p1a: Ferrothorn|167\/352 brn|[from] brn
|turn|27
|
|switch|p2a: Landorus-Therian|Landorus-Therian, M|126\/319
|-ability|p2a: Landorus-Therian|Intimidate|[of] p1a: Ferrothorn
|-unboost|p1a: Ferrothorn|atk|1
|move|p1a: Ferrothorn|Leech Seed|p2a: Landorus-Therian
|-start|p2a: Landorus-Therian|move: Leech Seed
|
|-heal|p1a: Ferrothorn|189\/352 brn|[from] item: Leftovers
|-damage|p2a: Landorus-Therian|87\/319|[from] Leech Seed|[of] p1a: Ferrothorn
|-heal|p1a: Ferrothorn|228\/352 brn|[silent]
|-damage|p1a: Ferrothorn|184\/352 brn|[from] brn
|turn|28
|
|switch|p2a: Mamoswine|Mamoswine, F|241\/361
|-damage|p2a: Mamoswine|181\/361|[from] Spikes
|switch|p1a: Landorus-Therian|Landorus-Therian, M|375\/382
|-ability|p1a: Landorus-Therian|Intimidate|[of] p2a: Mamoswine
|-unboost|p2a: Mamoswine|atk|1
|
|-heal|p1a: Landorus-Therian|382\/382|[from] item: Leftovers
|turn|29
|leave|Cave'n'dish
|c|âburgerfresser|wir er halt einfach denn Focus blast riskiert hat
|
|switch|p1a: Slowbro|Slowbro, M|394\/394
|move|p2a: Mamoswine|Ice Shard|p1a: Slowbro
|-resisted|p1a: Slowbro
|-damage|p1a: Slowbro|378\/394
|
|turn|30
|c|âDiscomilch|bin keiner der gerne switcht
|
|move|p2a: Mamoswine|Stealth Rock|p1a: Slowbro
|-sidestart|p1: Discomilch|move: Stealth Rock
|move|p1a: Slowbro|Scald|p2a: Mamoswine
|-supereffective|p2a: Mamoswine
|-damage|p2a: Mamoswine|0 fnt
|faint|p2a: Mamoswine
|
|c|âburgerfresser|man merkts
|
|switch|p2a: Gardewhore|Gardevoir-Mega, F, shiny|73\/277
|-damage|p2a: Gardewhore|27\/277|[from] Spikes
|turn|31
|c|âDiscomilch|hÃ¤tte da mit lando grad rocks machen sollen :\/
|join|Ambii
|join|Erzkrieger
|c|âDiscomilch|kann ja ne ice shard locker Ã¼berleben
|
|move|p2a: Gardewhore|Hyper Voice|p1a: Slowbro
|-damage|p1a: Slowbro|90\/394
|move|p1a: Slowbro|Scald|p2a: Gardewhore
|-damage|p2a: Gardewhore|0 fnt
|faint|p2a: Gardewhore
|
|c| Silver99|das macht jtzt nicht wirklich viel aus
|
|switch|p2a: Landorus-Therian|Landorus-Therian, M|87\/319
|-ability|p2a: Landorus-Therian|Intimidate|[of] p1a: Slowbro
|-unboost|p1a: Slowbro|atk|1
|turn|32
|c|âburgerfresser|^
|c|âDiscomilch|dachte garde killt bro
|
|move|p2a: Landorus-Therian|U-turn|p1a: Slowbro
|-supereffective|p1a: Slowbro
|-damage|p1a: Slowbro|0 fnt
|faint|p1a: Slowbro
|
|c| Silver99|lol
|c| Silver99|u-turn sweep i guess
|
|switch|p1a: Landorus-Therian|Landorus-Therian, M|382\/382
|-damage|p1a: Landorus-Therian|335\/382|[from] Stealth Rock
|-ability|p1a: Landorus-Therian|Intimidate|[of] p2a: Landorus-Therian
|-unboost|p2a: Landorus-Therian|atk|1
|turn|33
|join|flauscheball x3
|c|âburgerfresser|ausser ich krieg 9000 u-turn crits
|
|move|p2a: Landorus-Therian|U-turn|p1a: Landorus-Therian
|-resisted|p1a: Landorus-Therian
|-damage|p1a: Landorus-Therian|303\/382
|move|p1a: Landorus-Therian|Knock Off|p2a: Landorus-Therian
|-crit|p2a: Landorus-Therian
|-damage|p2a: Landorus-Therian|0 fnt
|-enditem|p2a: Landorus-Therian|Choice Scarf|[from] move: Knock Off|[of] p1a: Landorus-Therian
|faint|p2a: Landorus-Therian
|
|win|Discomilch
|c|âDiscomilch|gg
|c| Erzkrieger|du hast garde down gehen lassen burger ..
|c| Silver99|fast
|c|âburgerfresser|gg
|leave|Ambii
|leave|Discomilch
|c| Silver99|mellar wird dich tÃ¶ten :\/
|c| Erzkrieger|das war dein fehler
|player|p1
|leave|flauscheball x3
|c|âburgerfresser|D:
|c| Erzkrieger|du hÃ¤ttest sie beschÃ¼tzen sollen
|c| Erzkrieger|wie ein mann
|c|âburgerfresser|meine Fantasien gerade ._.
|join|nintendo lpg
|c| Erzkrieger|..._________...
|leave|illy2211
|c| nintendo lpg|hallÃ¶chen
|c| Erzkrieger|lel ich bin diret beim ersten kampf rausgeflogen xD
|leave|Mtc.Storm
|c| Erzkrieger|mit dem team mit dem ich gestern ou tour gewonnen hab ?_?
|leave|nintendo lpg
|leave|Darklink3
|c| Erzkrieger|lel das team ist aber nun auch riskant xD
|c|âburgerfresser|Jaaaaaaa nein wirklich
|leave|av kakuna
|c|âburgerfresser|is ja nuuuur hyper offense
|leave|burgerfresser
|player|p2
|leave|Erzkrieger
|join|Erzkrieger
|leave|Erzkrieger
|leave|Silver99
|join|Discomilch