|join|burgerfresser
|join|Delta Abomination
|player|p1|burgerfresser|170
|player|p2|Delta Abomination|153
|gametype|singles
|gen|6
|tier|OU
|rated
|clearpoke
|poke|p1|Venusaur, M
|poke|p1|Keldeo
|poke|p1|Mamoswine, F
|poke|p1|Zapdos
|poke|p1|Mew
|poke|p1|Volcarona, F
|poke|p2|Celebi
|poke|p2|Charizard, M
|poke|p2|Keldeo
|poke|p2|Tyranitar, M
|poke|p2|Jirachi
|poke|p2|Thundurus, M
|rule|Swagger Clause: Swagger is banned
|rule|Baton Pass Clause: Limit one PokÃ©mon knowing Baton Pass
|rule|Sleep Clause Mod: Limit one foe put to sleep
|rule|Species Clause: Limit one of each PokÃ©mon
|rule|OHKO Clause: OHKO moves are banned
|rule|Moody Clause: Moody is banned
|rule|Evasion Moves Clause: Evasion moves are banned
|rule|Endless Battle Clause: Forcing endless battles is banned
|rule|HP Percentage Mod: HP is shown in percentages
|teampreview
|
|start
|switch|p1a: Keldeo|Keldeo|329\/329
|switch|p2a: Thor|Thundurus, M|299\/299
|turn|1
|
|switch|p1a: Mamoswine|Mamoswine, F|361\/361
|move|p2a: Thor|Thunder Wave|p1a: Mamoswine
|-immune|p1a: Mamoswine|[msg]
|
|turn|2
|
|switch|p2a: Skull-Greymon|Charizard, M|359\/359
|move|p1a: Mamoswine|Freeze-Dry|p2a: Skull-Greymon
|-damage|p2a: Skull-Greymon|269\/359
|-damage|p1a: Mamoswine|325\/361|[from] item: Life Orb
|
|turn|3
|
|move|p1a: Mamoswine|Ice Shard|p2a: Skull-Greymon
|-damage|p2a: Skull-Greymon|144\/359
|-damage|p1a: Mamoswine|289\/361|[from] item: Life Orb
|move|p2a: Skull-Greymon|Will-O-Wisp|p1a: Mamoswine
|-status|p1a: Mamoswine|brn
|
|-damage|p1a: Mamoswine|244\/361 brn|[from] brn
|turn|4
|
|move|p2a: Skull-Greymon|Roost|p2a: Skull-Greymon
|-heal|p2a: Skull-Greymon|324\/359
|move|p1a: Mamoswine|Stealth Rock|p2a: Skull-Greymon
|-sidestart|p2: Delta Abomination|move: Stealth Rock
|
|-damage|p1a: Mamoswine|199\/361 brn|[from] brn
|turn|5
|
|switch|p1a: Zapdos|Zapdos|384\/384
|-ability|p1a: Zapdos|Pressure
|move|p2a: Skull-Greymon|Earthquake|p1a: Zapdos
|-immune|p1a: Zapdos|[msg]
|
|turn|6
|
|detailschange|p2a: Skull-Greymon|Charizard-Mega-X, M
|-mega|p2a: Skull-Greymon|Charizard|Charizardite X
|move|p2a: Skull-Greymon|Will-O-Wisp|p1a: Zapdos
|-status|p1a: Zapdos|brn
|move|p1a: Zapdos|Toxic|p2a: Skull-Greymon
|-status|p2a: Skull-Greymon|tox
|
|-damage|p2a: Skull-Greymon|302\/359 tox|[from] psn
|-damage|p1a: Zapdos|336\/384 brn|[from] brn
|turn|7
|
|move|p2a: Skull-Greymon|Dragon Claw|p1a: Zapdos
|-damage|p1a: Zapdos|210\/384 brn
|move|p1a: Zapdos|Toxic|p2a: Skull-Greymon
|-fail|p2a: Skull-Greymon|tox
|
|-heal|p1a: Zapdos|234\/384 brn|[from] item: Leftovers
|-damage|p2a: Skull-Greymon|258\/359 tox|[from] psn
|-damage|p1a: Zapdos|186\/384 brn|[from] brn
|turn|8
|
|switch|p2a: Make-a-Wish|Jirachi|404\/404
|-damage|p2a: Make-a-Wish|379\/404|[from] Stealth Rock
|move|p1a: Zapdos|Roost|p1a: Zapdos
|-heal|p1a: Zapdos|378\/384 brn
|
|-heal|p1a: Zapdos|384\/384 brn|[from] item: Leftovers
|-heal|p2a: Make-a-Wish|404\/404|[from] item: Leftovers
|-damage|p1a: Zapdos|336\/384 brn|[from] brn
|turn|9
|
|switch|p1a: Volcarona|Volcarona, F|373\/373
|move|p2a: Make-a-Wish|Stealth Rock|p1a: Volcarona
|-sidestart|p1: burgerfresser|move: Stealth Rock
|
|turn|10
|
|move|p1a: Volcarona|Quiver Dance|p1a: Volcarona
|-boost|p1a: Volcarona|spa|1
|-boost|p1a: Volcarona|spd|1
|-boost|p1a: Volcarona|spe|1
|move|p2a: Make-a-Wish|U-turn|p1a: Volcarona
|-resisted|p1a: Volcarona
|-damage|p1a: Volcarona|333\/373
|
|switch|p2a: Skull-Greymon|Charizard-Mega-X, M|258\/359 tox
|-damage|p2a: Skull-Greymon|169\/359 tox|[from] Stealth Rock
|
|-heal|p1a: Volcarona|356\/373|[from] item: Leftovers
|-damage|p2a: Skull-Greymon|147\/359 tox|[from] psn
|turn|11
|
|move|p1a: Volcarona|Quiver Dance|p1a: Volcarona
|-boost|p1a: Volcarona|spa|1
|-boost|p1a: Volcarona|spd|1
|-boost|p1a: Volcarona|spe|1
|move|p2a: Skull-Greymon|Roost|p2a: Skull-Greymon
|-heal|p2a: Skull-Greymon|327\/359 tox
|
|-heal|p1a: Volcarona|373\/373|[from] item: Leftovers
|-damage|p2a: Skull-Greymon|283\/359 tox|[from] psn
|turn|12
|
|move|p1a: Volcarona|Quiver Dance|p1a: Volcarona
|-boost|p1a: Volcarona|spa|1
|-boost|p1a: Volcarona|spd|1
|-boost|p1a: Volcarona|spe|1
|move|p2a: Skull-Greymon|Dragon Claw|p1a: Volcarona
|-damage|p1a: Volcarona|141\/373
|
|-heal|p1a: Volcarona|164\/373|[from] item: Leftovers
|-damage|p2a: Skull-Greymon|217\/359 tox|[from] psn
|turn|13
|
|move|p1a: Volcarona|Fire Blast|p2a: Skull-Greymon
|-resisted|p2a: Skull-Greymon
|-damage|p2a: Skull-Greymon|110\/359 tox
|move|p2a: Skull-Greymon|Dragon Claw|p1a: Volcarona
|-damage|p1a: Volcarona|0 fnt
|faint|p1a: Volcarona
|
|-damage|p2a: Skull-Greymon|22\/359 tox|[from] psn
|
|switch|p1a: Keldeo|Keldeo|329\/329
|-damage|p1a: Keldeo|309\/329|[from] Stealth Rock
|turn|14
|
|move|p1a: Keldeo|Scald|p2a: Skull-Greymon
|-damage|p2a: Skull-Greymon|0 fnt
|faint|p2a: Skull-Greymon
|
|
|switch|p2a: Thor|Thundurus, M|299\/299
|-damage|p2a: Thor|225\/299|[from] Stealth Rock
|turn|15
|
|switch|p1a: Mamoswine|Mamoswine, F|199\/361 brn
|-damage|p1a: Mamoswine|154\/361 brn|[from] Stealth Rock
|switch|p2a: Charlie|Keldeo|323\/323
|-damage|p2a: Charlie|303\/323|[from] Stealth Rock
|
|-heal|p2a: Charlie|323\/323|[from] item: Leftovers
|-damage|p1a: Mamoswine|109\/361 brn|[from] brn
|turn|16
|
|move|p2a: Charlie|Scald|p1a: Mamoswine
|-supereffective|p1a: Mamoswine
|-damage|p1a: Mamoswine|0 fnt
|faint|p1a: Mamoswine
|
|
|switch|p1a: Venusaur|Venusaur, M|363\/363
|-damage|p1a: Venusaur|318\/363|[from] Stealth Rock
|turn|17
|
|switch|p2a: Make-a-Wish|Jirachi|404\/404
|-damage|p2a: Make-a-Wish|379\/404|[from] Stealth Rock
|detailschange|p1a: Venusaur|Venusaur-Mega, M
|-mega|p1a: Venusaur|Venusaur|Venusaurite
|move|p1a: Venusaur|Hidden Power|p2a: Make-a-Wish
|-supereffective|p2a: Make-a-Wish
|-damage|p2a: Make-a-Wish|265\/404
|
|-heal|p2a: Make-a-Wish|290\/404|[from] item: Leftovers
|turn|18
|
|move|p2a: Make-a-Wish|Iron Head|p1a: Venusaur
|-damage|p1a: Venusaur|233\/363
|move|p1a: Venusaur|Hidden Power|p2a: Make-a-Wish
|-supereffective|p2a: Make-a-Wish
|-damage|p2a: Make-a-Wish|170\/404
|
|-heal|p2a: Make-a-Wish|195\/404|[from] item: Leftovers
|turn|19
|
|move|p2a: Make-a-Wish|Iron Head|p1a: Venusaur
|-damage|p1a: Venusaur|154\/363
|move|p1a: Venusaur|Synthesis|p1a: Venusaur
|-heal|p1a: Venusaur|335\/363
|
|-heal|p2a: Make-a-Wish|220\/404|[from] item: Leftovers
|turn|20
|
|move|p2a: Make-a-Wish|Iron Head|p1a: Venusaur
|-damage|p1a: Venusaur|254\/363
|cant|p1a: Venusaur|flinch
|
|-heal|p2a: Make-a-Wish|245\/404|[from] item: Leftovers
|turn|21
|
|move|p2a: Make-a-Wish|Iron Head|p1a: Venusaur
|-damage|p1a: Venusaur|175\/363
|move|p1a: Venusaur|Hidden Power|p2a: Make-a-Wish
|-supereffective|p2a: Make-a-Wish
|-damage|p2a: Make-a-Wish|141\/404
|
|-heal|p2a: Make-a-Wish|166\/404|[from] item: Leftovers
|turn|22
|
|move|p2a: Make-a-Wish|Iron Head|p1a: Venusaur
|-damage|p1a: Venusaur|91\/363
|cant|p1a: Venusaur|flinch
|
|-heal|p2a: Make-a-Wish|191\/404|[from] item: Leftovers
|turn|23
|
|move|p2a: Make-a-Wish|Iron Head|p1a: Venusaur
|-damage|p1a: Venusaur|7\/363
|move|p1a: Venusaur|Synthesis|p1a: Venusaur
|-heal|p1a: Venusaur|188\/363
|
|-heal|p2a: Make-a-Wish|216\/404|[from] item: Leftovers
|turn|24
|
|switch|p1a: Keldeo|Keldeo|309\/329
|-damage|p1a: Keldeo|289\/329|[from] Stealth Rock
|move|p2a: Make-a-Wish|Iron Head|p1a: Keldeo
|-resisted|p1a: Keldeo
|-damage|p1a: Keldeo|235\/329
|
|-heal|p2a: Make-a-Wish|241\/404|[from] item: Leftovers
|turn|25
|
|switch|p1a: Mew|Mew|404\/404
|-damage|p1a: Mew|354\/404|[from] Stealth Rock
|switch|p2a: Tinker|Celebi|360\/360
|-damage|p2a: Tinker|315\/360|[from] Stealth Rock
|
|-heal|p2a: Tinker|337\/360|[from] item: Leftovers
|-heal|p1a: Mew|379\/404|[from] item: Leftovers
|turn|26
|
|switch|p2a: Charlie|Keldeo|323\/323
|-damage|p2a: Charlie|303\/323|[from] Stealth Rock
|move|p1a: Mew|Taunt|p2a: Charlie
|-start|p2a: Charlie|move: Taunt
|
|-heal|p2a: Charlie|323\/323|[from] item: Leftovers
|-heal|p1a: Mew|404\/404|[from] item: Leftovers
|turn|27
|
|move|p2a: Charlie|Scald|p1a: Mew
|-damage|p1a: Mew|290\/404
|move|p1a: Mew|Will-O-Wisp|p2a: Charlie
|-status|p2a: Charlie|brn
|
|-heal|p1a: Mew|315\/404|[from] item: Leftovers
|-damage|p2a: Charlie|283\/323 brn|[from] brn
|turn|28
|
|switch|p1a: Venusaur|Venusaur-Mega, M|188\/363
|-damage|p1a: Venusaur|143\/363|[from] Stealth Rock
|move|p2a: Charlie|Scald|p1a: Venusaur
|-resisted|p1a: Venusaur
|-damage|p1a: Venusaur|86\/363
|
|-heal|p2a: Charlie|303\/323 brn|[from] item: Leftovers
|-damage|p2a: Charlie|263\/323 brn|[from] brn
|turn|29
|
|switch|p2a: Make-a-Wish|Jirachi|241\/404
|-damage|p2a: Make-a-Wish|216\/404|[from] Stealth Rock
|move|p1a: Venusaur|Synthesis|p1a: Venusaur
|-heal|p1a: Venusaur|267\/363
|
|-heal|p2a: Make-a-Wish|241\/404|[from] item: Leftovers
|turn|30
|
|switch|p1a: Keldeo|Keldeo|235\/329
|-damage|p1a: Keldeo|215\/329|[from] Stealth Rock
|move|p2a: Make-a-Wish|U-turn|p1a: Keldeo
|-resisted|p1a: Keldeo
|-damage|p1a: Keldeo|183\/329
|
|switch|p2a: Thor|Thundurus, M|225\/299
|-damage|p2a: Thor|151\/299|[from] Stealth Rock
|
|turn|31
|
|move|p2a: Thor|Thunder Wave|p1a: Keldeo
|-status|p1a: Keldeo|par
|move|p1a: Keldeo|Scald|p2a: Thor
|-damage|p2a: Thor|0 fnt
|faint|p2a: Thor
|
|
|switch|p2a: Tinker|Celebi|337\/360
|-damage|p2a: Tinker|292\/360|[from] Stealth Rock
|turn|32
|
|switch|p1a: Mew|Mew|315\/404
|-damage|p1a: Mew|265\/404|[from] Stealth Rock
|move|p2a: Tinker|Nasty Plot|p2a: Tinker
|-boost|p2a: Tinker|spa|2
|
|-heal|p2a: Tinker|314\/360|[from] item: Leftovers
|-heal|p1a: Mew|290\/404|[from] item: Leftovers
|turn|33
|
|move|p2a: Tinker|Giga Drain|p1a: Mew
|-damage|p1a: Mew|86\/404
|-heal|p2a: Tinker|360\/360|[from] drain|[of] p1a: Mew
|move|p1a: Mew|Taunt|p2a: Tinker
|-start|p2a: Tinker|move: Taunt
|
|-heal|p1a: Mew|111\/404|[from] item: Leftovers
|turn|34
|
|switch|p1a: Venusaur|Venusaur-Mega, M|267\/363
|-damage|p1a: Venusaur|222\/363|[from] Stealth Rock
|move|p2a: Tinker|Giga Drain|p1a: Venusaur
|-resisted|p1a: Venusaur
|-damage|p1a: Venusaur|167\/363
|
|turn|35
|
|switch|p1a: Mew|Mew|111\/404
|-damage|p1a: Mew|61\/404|[from] Stealth Rock
|move|p2a: Tinker|Earth Power|p1a: Mew
|-damage|p1a: Mew|0 fnt
|faint|p1a: Mew
|
|
|switch|p1a: Venusaur|Venusaur-Mega, M|167\/363
|-damage|p1a: Venusaur|122\/363|[from] Stealth Rock
|turn|36
|
|move|p2a: Tinker|Earth Power|p1a: Venusaur
|-damage|p1a: Venusaur|0 fnt
|faint|p1a: Venusaur
|
|-end|p2a: Tinker|move: Taunt
|-message|burgerfresser forfeited.
|
|win|Delta Abomination
|raw|Ladder updating...
|leave|burgerfresser
|player|p1
|raw|burgerfresser's rating: 1524 &rarr; <strong>1501<\/strong><br \/>(-23 for losing)
|raw|Delta Abomination's rating: 1475 &rarr; <strong>1498<\/strong><br \/>(+23 for winning)