|join|c1one
|join|burgerfresser
|join|Villager B
|join|00)kay
|join|ForumBeta
|join|SunlightBladeTest
|join|FrozenCold
|join|LadderSoTall
|join|Rooo
|join|SmashBrosBrawl
|join|Pancia
|join|Uronym
|join|BooSwish
|join|Joelwolvz
|join|testingforfriend
|join|Chillingtilnoon
|join|farlem yumi
|join|IamChow
|join|Steve Downie
|c| LadderSoTall|\o\/
|player|p1|c1one|283
|player|p2|burgerfresser|260
|gametype|singles
|gen|6
|tier|OU
|clearpoke
|poke|p1|Bisharp, F
|poke|p1|Gallade, M
|poke|p1|Landorus-Therian, M
|poke|p1|Keldeo
|poke|p1|Latios, M
|poke|p1|Talonflame, M
|poke|p2|Gardevoir, F, shiny
|poke|p2|Landorus-Therian, M
|poke|p2|Celebi
|poke|p2|Keldeo-Resolute
|poke|p2|Mandibuzz, F
|poke|p2|Entei, shiny
|rule|Swagger Clause: Swagger is banned
|rule|Baton Pass Clause: Limit one PokÃ©mon knowing Baton Pass
|rule|Sleep Clause Mod: Limit one foe put to sleep
|rule|Species Clause: Limit one of each PokÃ©mon
|rule|OHKO Clause: OHKO moves are banned
|rule|Moody Clause: Moody is banned
|rule|Evasion Moves Clause: Evasion moves are banned
|rule|Endless Battle Clause: Forcing endless battles is banned
|rule|HP Percentage Mod: HP is shown in percentages
|teampreview
|join|808 & Heartbreak
|join|martyrDOMover9000
|join|the fun in this
|join|Sir Slaking
|leave|IamChow
|join|abcdefghitony
|join|Max Speed Shuckle
|c| BooSwish|welcome to pigcity.
|c| FrozenCold|that band entei tho
|join|elkakitaktfoka
|join|Zarach
|join|kazuo4master
|join|Predict It
|c| Joelwolvz|or scarffed
|c| LadderSoTall|that banded talon tho
|join|The Fog
|c| elkakitaktfoka|no more landorus-T pls
|c|âburgerfresser|lol
|c| Joelwolvz|landorus-t is so good tho
|join|LT2a windu
|c|âburgerfresser|gl hf :3
|c| Rooo|he's cm sandstorm
|c| farlem yumi|lando-t >>
|c| elkakitaktfoka|itÂ´s a legend so shit
|join|Teremiare
|
|start
|switch|p1a: Keldeo|Keldeo|323\/323
|switch|p2a: Landorus-Therian|Landorus-Therian, M|319\/319
|-ability|p2a: Landorus-Therian|Intimidate|[of] p1a: Keldeo
|-unboost|p1a: Keldeo|atk|1
|turn|1
|join|leyn
|c| FrozenCold|obiously choice band mega gardevoir
|c| FrozenCold|obviously*
|join|Recreeant
|c|+SmashBrosBrawl|wtf 4 legends
|c| Joelwolvz|^
|
|switch|p2a: Celebisexual|Celebi|403\/403
|move|p1a: Keldeo|Scald|p2a: Celebisexual
|-resisted|p2a: Celebisexual
|-damage|p2a: Celebisexual|325\/403
|-status|p2a: Celebisexual|brn
|
|-heal|p2a: Celebisexual|350\/403 brn|[from] item: Leftovers
|-damage|p2a: Celebisexual|300\/403 brn|[from] brn
|turn|2
|raw|<div class="broadcast-red"><b>Moderated chat was set to +!<\/b><br \/>Only users of rank + and higher can talk.<\/div>
|join|redevil360
|join|AdvanceShip
|leave|Max Speed Shuckle
AdvanceShip was promoted to Room Voice by burgerfresser.
|
|switch|p1a: Talonflame|Talonflame, M|317\/317
|move|p2a: Celebisexual|Stealth Rock|p1a: Talonflame
|-sidestart|p1: c1one|move: Stealth Rock
|
|-heal|p2a: Celebisexual|325\/403 brn|[from] item: Leftovers
|-damage|p2a: Celebisexual|275\/403 brn|[from] brn
|turn|3
|join|etaoi
|join|l123
|join|KiraDuskEdge
|join|Sir JimmyJam
|
|switch|p2a: Tante Mandi|Mandibuzz, F|423\/423
|move|p1a: Talonflame|Brave Bird|p2a: Tante Mandi
|-damage|p2a: Tante Mandi|285\/423
|-damage|p1a: Talonflame|271\/317|[from] recoil|[of] p2a: Tante Mandi
|
|-heal|p2a: Tante Mandi|311\/423|[from] item: Leftovers
|turn|4
|join|B1O221
|
|switch|p1a: Keldeo|Keldeo|323\/323
|-damage|p1a: Keldeo|303\/323|[from] Stealth Rock
|move|p2a: Tante Mandi|Foul Play|p1a: Keldeo
|-resisted|p1a: Keldeo
|-damage|p1a: Keldeo|267\/323
|-boost|p1a: Keldeo|atk|1|[from] ability: Justified
|
|-heal|p2a: Tante Mandi|337\/423|[from] item: Leftovers
|turn|5
|join|OldDirty
|
|switch|p2a: Celebisexual|Celebi|275\/403
|move|p1a: Keldeo|Scald|p2a: Celebisexual
|-resisted|p2a: Celebisexual
|-damage|p2a: Celebisexual|196\/403
|
|-heal|p2a: Celebisexual|221\/403|[from] item: Leftovers
|turn|6
|leave|FrozenCold
|leave|elkakitaktfoka
|
|switch|p1a: Bisharp|Bisharp, F|271\/271
|-damage|p1a: Bisharp|255\/271|[from] Stealth Rock
|move|p2a: Celebisexual|Recover|p2a: Celebisexual
|-heal|p2a: Celebisexual|403\/403
|
|turn|7
|
|move|p1a: Bisharp|Knock Off|p2a: Celebisexual
|-supereffective|p2a: Celebisexual
|-damage|p2a: Celebisexual|5\/403
|-enditem|p2a: Celebisexual|Leftovers|[from] move: Knock Off|[of] p1a: Bisharp
|-damage|p1a: Bisharp|228\/271|[from] item: Life Orb
|move|p2a: Celebisexual|U-turn|p1a: Bisharp
|-damage|p1a: Bisharp|179\/271
|join|IluvSalamence
|leave|testingforfriend
|join|Legend of Poro
|leave|etaoi
|
|switch|p2a: Dildohead|Keldeo-Resolute|323\/323
|
|turn|8
|
|switch|p1a: Latios|Latios, M|299\/299
|-damage|p1a: Latios|262\/299|[from] Stealth Rock
|move|p2a: Dildohead|Secret Sword|p1a: Latios
|-resisted|p1a: Latios
|-damage|p1a: Latios|132\/299
|
|turn|9
|join|QuagGod
|join|ExpertOccultist
|
|switch|p2a: Gardewhore|Gardevoir, F, shiny|283\/283
|-ability|p2a: Gardewhore|Levitate|[from] ability: Trace|[of] p1a: Latios
|move|p1a: Latios|Defog|p2a: Gardewhore
|-unboost|p2a: Gardewhore|evasion|1
|-sideend|p1: c1one|Stealth Rock|[from] move: Defog|[of] p1a: Latios
|
|turn|10
|join|obliviatee
|join|Jukain
|
|detailschange|p2a: Gardewhore|Gardevoir-Mega, F, shiny
|-mega|p2a: Gardewhore|Gardevoir|Gardevoirite
|move|p1a: Latios|Psyshock|p2a: Gardewhore
|-resisted|p2a: Gardewhore
|-damage|p2a: Gardewhore|154\/283
|-damage|p1a: Latios|103\/299|[from] item: Life Orb
|move|p2a: Gardewhore|Hyper Voice|p1a: Latios
|-supereffective|p1a: Latios
|-damage|p1a: Latios|0 fnt
|faint|p1a: Latios
|
|join|vielIeis
|
|switch|p1a: Talonflame|Talonflame, M|271\/317
|turn|11
|join|doc destruction
|leave|SunlightBladeTest
|join|Neoxprenn
|
|switch|p2a: Tante Mandi|Mandibuzz, F|337\/423
|move|p1a: Talonflame|Brave Bird|p2a: Tante Mandi
|-damage|p2a: Tante Mandi|190\/423
|-damage|p1a: Talonflame|222\/317|[from] recoil|[of] p2a: Tante Mandi
|
|-heal|p2a: Tante Mandi|216\/423|[from] item: Leftovers
|turn|12
|leave|kazuo4master
|join|Reskk
|
|switch|p1a: Keldeo|Keldeo|267\/323
|move|p2a: Tante Mandi|Roost|p2a: Tante Mandi
|-heal|p2a: Tante Mandi|423\/423
|
|turn|13
|join|Frickett
|
|switch|p2a: Dildohead|Keldeo-Resolute|323\/323
|move|p1a: Keldeo|Scald|p2a: Dildohead
|-resisted|p2a: Dildohead
|-damage|p2a: Dildohead|212\/323
|
|turn|14
|join|Omegasization
|join|keldeo is here fam
|join|DarkAegislash
|
|move|p2a: Dildohead|Secret Sword|p1a: Keldeo
|-damage|p1a: Keldeo|33\/323
|move|p1a: Keldeo|Scald|p2a: Dildohead
|-resisted|p2a: Dildohead
|-damage|p2a: Dildohead|104\/323
|-status|p2a: Dildohead|brn
|
|-damage|p2a: Dildohead|64\/323 brn|[from] brn
|turn|15
|
|switch|p1a: Landorus-Therian|Landorus-Therian, M|371\/371
|-ability|p1a: Landorus-Therian|Intimidate|[of] p2a: Dildohead
|-unboost|p2a: Dildohead|atk|1
|move|p2a: Dildohead|Secret Sword|p1a: Landorus-Therian
|-resisted|p1a: Landorus-Therian
|-damage|p1a: Landorus-Therian|280\/371
|
|-heal|p1a: Landorus-Therian|303\/371|[from] item: Leftovers
|-damage|p2a: Dildohead|24\/323 brn|[from] brn
|turn|16
|join|Vertex
|join|unsharted
|leave|Vertex
|
|switch|p2a: Gardewhore|Gardevoir-Mega, F, shiny|154\/283
|move|p1a: Landorus-Therian|Stealth Rock|p2a: Gardewhore
|-sidestart|p2: burgerfresser|move: Stealth Rock
|
|-heal|p1a: Landorus-Therian|326\/371|[from] item: Leftovers
|turn|17
|join|RayDalio
|join|CleanerThanRotom-W
|join|Giftshaven
|
|switch|p1a: Keldeo|Keldeo|33\/323
|move|p2a: Gardewhore|Will-O-Wisp|p1a: Keldeo
|-status|p1a: Keldeo|brn
|
|-damage|p1a: Keldeo|0 fnt|[from] brn
|faint|p1a: Keldeo
|join|Ambii
|join|Davina Claire
|leave|Davina Claire
Ambii was promoted to Room Voice by burgerfresser.
|
|switch|p1a: Talonflame|Talonflame, M|222\/317
|turn|18
|c|+Ambii|yay .-.
|
|switch|p2a: Tante Mandi|Mandibuzz, F|423\/423
|-damage|p2a: Tante Mandi|318\/423|[from] Stealth Rock
|move|p1a: Talonflame|Brave Bird|p2a: Tante Mandi
|-damage|p2a: Tante Mandi|165\/423
|-damage|p1a: Talonflame|172\/317|[from] recoil|[of] p2a: Tante Mandi
|
|-heal|p2a: Tante Mandi|191\/423|[from] item: Leftovers
|turn|19
|c|âburgerfresser|^^
|join|TFL
|
|switch|p1a: Gallade|Gallade, M|277\/277
|move|p2a: Tante Mandi|Roost|p2a: Tante Mandi
|-heal|p2a: Tante Mandi|403\/423
|
|-heal|p2a: Tante Mandi|423\/423|[from] item: Leftovers
|turn|20
|join|transgiant
|leave|CleanerThanRotom-W
|c|+Jukain|lol
|c|+Jukain|look at c1one
|c|+Jukain|goin in for the
|c|+Jukain|justified boost
|
|detailschange|p1a: Gallade|Gallade-Mega, M
|-mega|p1a: Gallade|Gallade|Galladite
|move|p1a: Gallade|Close Combat|p2a: Tante Mandi
|-damage|p2a: Tante Mandi|222\/423
|-unboost|p1a: Gallade|def|1
|-unboost|p1a: Gallade|spd|1
|move|p2a: Tante Mandi|Foul Play|p1a: Gallade
|-damage|p1a: Gallade|0 fnt
|faint|p1a: Gallade
|
|-heal|p2a: Tante Mandi|248\/423|[from] item: Leftovers
|leave|Giftshaven
|
|switch|p1a: Bisharp|Bisharp, F|179\/271
|turn|21
|
|move|p1a: Bisharp|Swords Dance|p1a: Bisharp
|-boost|p1a: Bisharp|atk|2
|move|p2a: Tante Mandi|Foul Play|p1a: Bisharp
|-resisted|p1a: Bisharp
|-damage|p1a: Bisharp|16\/271
|
|-heal|p2a: Tante Mandi|274\/423|[from] item: Leftovers
|turn|22
|join|SwaggBoi
|join|ThE0testing
|join|Vertex
|join|AlbertDaEinstein
|join|Gandi
|join|Sensory
|leave|Vertex
|join|Levinlux
|
|switch|p2a: Dildohead|Keldeo-Resolute|24\/323 brn
|-damage|p2a: Dildohead|4\/323 brn|[from] Stealth Rock
|move|p1a: Bisharp|Iron Head|p2a: Dildohead
|-resisted|p2a: Dildohead
|-damage|p2a: Dildohead|0 fnt
|-damage|p1a: Bisharp|0 fnt|[from] item: Life Orb
|faint|p2a: Dildohead
|faint|p1a: Bisharp
|
|join|Savagehr
|leave|Levinlux
|join|Vertex
|join|av kakuna
|leave|Sensory
|
|switch|p1a: Talonflame|Talonflame, M|172\/317
|switch|p2a: Celebisexual|Celebi|5\/403
|-damage|p2a: Celebisexual|0 fnt|[from] Stealth Rock
|faint|p2a: Celebisexual
|leave|the fun in this
|leave|Rooo
|leave|Vertex
|
|switch|p2a: Tante Mandi|Mandibuzz, F|274\/423
|-damage|p2a: Tante Mandi|169\/423|[from] Stealth Rock
|turn|23
|leave|Joelwolvz
|
|move|p1a: Talonflame|Brave Bird|p2a: Tante Mandi
|-damage|p2a: Tante Mandi|37\/423
|-damage|p1a: Talonflame|128\/317|[from] recoil|[of] p2a: Tante Mandi
|move|p2a: Tante Mandi|Roost|p2a: Tante Mandi
|-heal|p2a: Tante Mandi|249\/423
|
|-heal|p2a: Tante Mandi|275\/423|[from] item: Leftovers
|turn|24
|leave|farlem yumi
|join|Silver99
|leave|SmashBrosBrawl
|leave|ForumBeta
|leave|abcdefghitony
|
|move|p1a: Talonflame|Roost|p1a: Talonflame
|-heal|p1a: Talonflame|287\/317
|move|p2a: Tante Mandi|Foul Play|p1a: Talonflame
|-damage|p1a: Talonflame|122\/317
|
|-heal|p2a: Tante Mandi|301\/423|[from] item: Leftovers
|turn|25
|leave|B1O221
|
|move|p1a: Talonflame|Roost|p1a: Talonflame
|-heal|p1a: Talonflame|281\/317
|move|p2a: Tante Mandi|Foul Play|p1a: Talonflame
|-damage|p1a: Talonflame|106\/317
|
|-heal|p2a: Tante Mandi|327\/423|[from] item: Leftovers
|turn|26
|join|zBless
|join|Bea Beitung
|
|move|p1a: Talonflame|Brave Bird|p2a: Tante Mandi
|-damage|p2a: Tante Mandi|174\/423
|-damage|p1a: Talonflame|56\/317|[from] recoil|[of] p2a: Tante Mandi
|move|p2a: Tante Mandi|Taunt|p1a: Talonflame
|-start|p1a: Talonflame|move: Taunt
|
|-heal|p2a: Tante Mandi|200\/423|[from] item: Leftovers
|turn|27
|join|lolzuk
|leave|zBless
|join|Lord Kuvira
|join|zBless
|
|move|p1a: Talonflame|Brave Bird|p2a: Tante Mandi
|-damage|p2a: Tante Mandi|44\/423
|-damage|p1a: Talonflame|5\/317|[from] recoil|[of] p2a: Tante Mandi
|move|p2a: Tante Mandi|Foul Play|p1a: Talonflame
|-damage|p1a: Talonflame|0 fnt
|faint|p1a: Talonflame
|
|-heal|p2a: Tante Mandi|70\/423|[from] item: Leftovers
|join|Vertex
|join|king of spycrabs
|leave|TFL
|join|DutyFree
|
|switch|p1a: Landorus-Therian|Landorus-Therian, M|326\/371
|-ability|p1a: Landorus-Therian|Intimidate|[of] p2a: Tante Mandi
|-unboost|p2a: Tante Mandi|atk|1
|turn|28
|leave|IluvSalamence
|
|move|p1a: Landorus-Therian|Smack Down|p2a: Tante Mandi
|-supereffective|p2a: Tante Mandi
|-damage|p2a: Tante Mandi|0 fnt
|faint|p2a: Tante Mandi
|
|-heal|p1a: Landorus-Therian|349\/371|[from] item: Leftovers
|leave|Omegasization
|
|switch|p2a: Gardewhore|Gardevoir-Mega, F, shiny|154\/283
|-damage|p2a: Gardewhore|119\/283|[from] Stealth Rock
|turn|29
|leave|king of spycrabs
|leave|Recreeant
|join|Omegasization
|
|move|p2a: Gardewhore|Hyper Voice|p1a: Landorus-Therian
|-damage|p1a: Landorus-Therian|33\/371
|move|p1a: Landorus-Therian|Earthquake|p2a: Gardewhore
|-damage|p2a: Gardewhore|0 fnt
|faint|p2a: Gardewhore
|
|-heal|p1a: Landorus-Therian|56\/371|[from] item: Leftovers
|leave|Omegasization
|join|poek69x
|
|switch|p2a: Hentei|Entei, shiny|371\/371
|-damage|p2a: Hentei|279\/371|[from] Stealth Rock
|-ability|p2a: Hentei|Pressure
|turn|30
|leave|Predict It
|
|move|p2a: Hentei|Extreme Speed|p1a: Landorus-Therian
|-damage|p1a: Landorus-Therian|0 fnt
|faint|p1a: Landorus-Therian
|
|win|burgerfresser
|leave|Neoxprenn
|leave|LadderSoTall
|leave|Lord Kuvira
|leave|Sir JimmyJam
|leave|808 & Heartbreak
|c|âc1one|gg
|leave|DarkAegislash
|leave|Steve Downie
|leave|Vertex
|c|âburgerfresser|gg
|leave|av kakuna
|leave|c1one
|leave|Savagehr
|leave|KiraDuskEdge
|leave|poek69x
|leave|OldDirty
|leave|Uronym
|leave|lolzuk
|leave|Chillingtilnoon
|leave|00)kay
|player|p1
|leave|leyn
|leave|AlbertDaEinstein
|leave|DutyFree
|leave|martyrDOMover9000
|leave|ExpertOccultist
|leave|BooSwish
|leave|Bea Beitung
|leave|The Fog
|leave|Legend of Poro
|leave|Ambii
|leave|Villager B
|leave|ThE0testing
|leave|LT2a windu
|leave|l123
|leave|unsharted
|leave|Gandi
|join|TCBB
|leave|doc destruction
|leave|Frickett
|leave|SwaggBoi
|join|SwaggBoi
|leave|SwaggBoi
|leave|Zarach
|join|doc destruction
|leave|doc destruction
|join|ThE0testing
|leave|Silver99
|leave|ThE0testing
|leave|AdvanceShip
|leave|TCBB
|join|AdvanceShip
|leave|AdvanceShip
|leave|redevil360
|join|redevil360
|leave|redevil360
|leave|keldeo is here fam
|join|SwaggBoi
|leave|SwaggBoi
|join|Comebacks
|leave|Comebacks
|leave|Pancia
|join|doc destruction
|leave|doc destruction
|join|MoB Barley
|leave|MoB Barley
|join|Bad Players
|join|Croven
|leave|Croven
|leave|RayDalio
|leave|Sir Slaking
|join|Vertex
|leave|Vertex
|join|ryzed
|leave|QuagGod
|leave|obliviatee
|join|Croven
|join|CleanerThanRotom-W
|leave|CleanerThanRotom-W
|leave|Jukain
|join|av kakuna
|leave|av kakuna
|leave|ryzed
|leave|Teremiare
|leave|Bad Players
|leave|Croven
|leave|vielIeis
|leave|zBless
|join|HylianBowman
|leave|HylianBowman
|leave|transgiant