|join|burgerfresser
|join|Mamadouap
|player|p1|burgerfresser|260
|player|p2|Mamadouap|2
|gametype|singles
|gen|6
|tier|OU (suspect test)
|rated
|clearpoke
|poke|p1|Dragonite, M, shiny
|poke|p1|Gardevoir, F, shiny
|poke|p1|Starmie
|poke|p1|Chesnaught, F
|poke|p1|Heatran, F
|poke|p1|Landorus-Therian, M
|poke|p2|Heatran, F
|poke|p2|Rotom-Wash
|poke|p2|Landorus-Therian, M
|poke|p2|Clefable, F
|poke|p2|Venusaur, M
|poke|p2|Bisharp, F
|rule|Swagger Clause: Swagger is banned
|rule|Baton Pass Clause: Limit one PokÃ©mon knowing Baton Pass
|rule|Sleep Clause Mod: Limit one foe put to sleep
|rule|Species Clause: Limit one of each PokÃ©mon
|rule|OHKO Clause: OHKO moves are banned
|rule|Moody Clause: Moody is banned
|rule|Evasion Moves Clause: Evasion moves are banned
|rule|Endless Battle Clause: Forcing endless battles is banned
|rule|HP Percentage Mod: HP is shown in percentages
|teampreview
|join|av kakuna
|join|AdvanceShip
|c|âburgerfresser|wie ich moonguss sogar noch exttra fÃ¼r bisharp ersetzt hab
|c| av kakuna|verstÃ¤ndlich
|
|start
|switch|p1a: Landorus-Therian|Landorus-Therian, M|319\/319
|switch|p2a: Landorus-Therian|Landorus-Therian, M|319\/319
|-ability|p1a: Landorus-Therian|Intimidate|[of] p2a: Landorus-Therian
|-unboost|p2a: Landorus-Therian|atk|1
|-ability|p2a: Landorus-Therian|Intimidate|[of] p1a: Landorus-Therian
|-unboost|p1a: Landorus-Therian|atk|1
|turn|1
|c| AdvanceShip|das sind iwie wie nen xy team aus
|c| av kakuna|das vom gegner ja
|c| AdvanceShip|ja
|
|move|p1a: Landorus-Therian|U-turn|p2a: Landorus-Therian
|-resisted|p2a: Landorus-Therian
|-damage|p2a: Landorus-Therian|288\/319
|c|âburgerfresser|mega venu wird so anoying
|
|switch|p1a: Chesnaught|Chesnaught, F|380\/380
|move|p2a: Landorus-Therian|U-turn|p1a: Chesnaught
|-damage|p1a: Chesnaught|338\/380
|join|Wolkenhase
|
|switch|p2a: Venusaur|Venusaur, M|359\/359
|
|-heal|p1a: Chesnaught|361\/380|[from] item: Leftovers
|turn|2
|
|switch|p1a: Heatran|Heatran, F|386\/386
|detailschange|p2a: Venusaur|Venusaur-Mega, M
|-mega|p2a: Venusaur|Venusaur|Venusaurite
|move|p2a: Venusaur|Hidden Power|p1a: Heatran
|-start|p1a: Heatran|ability: Flash Fire
|
|turn|3
|
|switch|p2a: Heatran|Heatran, F|385\/385
|-item|p2a: Heatran|Air Balloon
|move|p1a: Heatran|Stealth Rock|p2a: Heatran
|-sidestart|p2: Mamadouap|move: Stealth Rock
|
|turn|4
|
|switch|p1a: Starmie|Starmie|324\/324
|move|p2a: Heatran|Stealth Rock|p1a: Starmie
|-sidestart|p1: burgerfresser|move: Stealth Rock
|
|turn|5
|
|switch|p2a: Rotom-Wash|Rotom-Wash|242\/242
|-damage|p2a: Rotom-Wash|212\/242|[from] Stealth Rock
|move|p1a: Starmie|Rapid Spin|p2a: Rotom-Wash
|-damage|p2a: Rotom-Wash|200\/242
|-sideend|p1: burgerfresser|Stealth Rock|[from] move: Rapid Spin|[of] p1a: Starmie
|
|turn|6
|
|move|p2a: Rotom-Wash|Will-O-Wisp|p1a: Starmie
|-status|p1a: Starmie|brn
|move|p1a: Starmie|Reflect Type|p2a: Rotom-Wash
|-start|p1a: Starmie|typechange|[from] move: Reflect Type|[of] p2a: Rotom-Wash
|
|-damage|p1a: Starmie|284\/324 brn|[from] brn
|turn|7
|c|âburgerfresser|scarf
|c|âburgerfresser|nice
|c|âburgerfresser|not seen scarf rotom for like years lol
|
|switch|p2a: Venusaur|Venusaur-Mega, M|359\/359
|-damage|p2a: Venusaur|315\/359|[from] Stealth Rock
|switch|p1a: Heatran|Heatran, F|386\/386
|
|turn|8
|
|switch|p2a: Heatran|Heatran, F|385\/385
|-damage|p2a: Heatran|337\/385|[from] Stealth Rock
|-item|p2a: Heatran|Air Balloon
|move|p1a: Heatran|Roar|p2a: Heatran
|drag|p2a: Rotom-Wash|Rotom-Wash|200\/242
|-damage|p2a: Rotom-Wash|170\/242|[from] Stealth Rock
|
|turn|9
|
|move|p1a: Heatran|Protect|p1a: Heatran
|-singleturn|p1a: Heatran|Protect
|move|p2a: Rotom-Wash|Hydro Pump|p1a: Heatran
|-activate|p1a: Heatran|Protect
|
|turn|10
|
|switch|p2a: Landorus-Therian|Landorus-Therian, M|288\/319
|-damage|p2a: Landorus-Therian|249\/319|[from] Stealth Rock
|-ability|p2a: Landorus-Therian|Intimidate|[of] p1a: Heatran
|-unboost|p1a: Heatran|atk|1
|switch|p1a: Chesnaught|Chesnaught, F|361\/380
|
|-heal|p1a: Chesnaught|380\/380|[from] item: Leftovers
|turn|11
|
|move|p2a: Landorus-Therian|U-turn|p1a: Chesnaught
|-damage|p1a: Chesnaught|323\/380
|
|switch|p2a: Venusaur|Venusaur-Mega, M|315\/359
|-damage|p2a: Venusaur|271\/359|[from] Stealth Rock
|move|p1a: Chesnaught|Spikes|p2a: Venusaur
|-sidestart|p2: Mamadouap|Spikes
|
|-heal|p1a: Chesnaught|346\/380|[from] item: Leftovers
|turn|12
|
|switch|p2a: Heatran|Heatran, F|337\/385
|-damage|p2a: Heatran|289\/385|[from] Stealth Rock
|-item|p2a: Heatran|Air Balloon
|move|p1a: Chesnaught|Spiky Shield|p1a: Chesnaught
|-fail|p1a: Chesnaught
|
|-heal|p1a: Chesnaught|369\/380|[from] item: Leftovers
|turn|13
|
|switch|p1a: Starmie|Starmie|284\/324
|move|p2a: Heatran|Toxic|p1a: Starmie
|-status|p1a: Starmie|tox
|
|-heal|p1a: Starmie|304\/324 tox|[from] item: Leftovers
|-damage|p1a: Starmie|284\/324 tox|[from] psn
|turn|14
|c|âburgerfresser|deffensiv ballontan
|c|âburgerfresser|*tran
|
|switch|p2a: Venusaur|Venusaur-Mega, M|271\/359
|-damage|p2a: Venusaur|227\/359|[from] Stealth Rock
|-damage|p2a: Venusaur|183\/359|[from] Spikes
|move|p1a: Starmie|Rapid Spin|p2a: Venusaur
|-damage|p2a: Venusaur|173\/359
|
|-heal|p1a: Starmie|304\/324 tox|[from] item: Leftovers
|-damage|p1a: Starmie|264\/324 tox|[from] psn
|turn|15
|c|âburgerfresser|missclick lol
|c|âMamadouap|Sorry ^^
|
|switch|p1a: Heatran|Heatran, F|386\/386
|switch|p2a: Rotom-Wash|Rotom-Wash|170\/242
|-damage|p2a: Rotom-Wash|140\/242|[from] Stealth Rock
|
|turn|16
|c|âburgerfresser|np ^-^
|c| av kakuna|not your fault :o
|c|âburgerfresser|^
|
|move|p1a: Heatran|Protect|p1a: Heatran
|-singleturn|p1a: Heatran|Protect
|move|p2a: Rotom-Wash|Will-O-Wisp|p1a: Heatran
|-activate|p1a: Heatran|Protect
|
|turn|17
|
|switch|p2a: Heatran|Heatran, F|289\/385
|-damage|p2a: Heatran|241\/385|[from] Stealth Rock
|-item|p2a: Heatran|Air Balloon
|move|p1a: Heatran|Roar|p2a: Heatran
|drag|p2a: Clefable|Clefable, F|394\/394
|-damage|p2a: Clefable|345\/394|[from] Stealth Rock
|-damage|p2a: Clefable|296\/394|[from] Spikes
|
|turn|18
|
|move|p1a: Heatran|Lava Plume|p2a: Clefable
|-damage|p2a: Clefable|197\/394
|move|p2a: Clefable|Wish|p2a: Clefable
|
|turn|19
|
|move|p2a: Clefable|Calm Mind|p2a: Clefable
|-boost|p2a: Clefable|spa|1
|-boost|p2a: Clefable|spd|1
|move|p1a: Heatran|Roar|p2a: Clefable
|drag|p2a: Rotom-Wash|Rotom-Wash|140\/242
|-damage|p2a: Rotom-Wash|110\/242|[from] Stealth Rock
|
|-heal|p2a: Rotom-Wash|242\/242|[from] move: Wish|[wisher] Clefable
|turn|20
|
|switch|p2a: Landorus-Therian|Landorus-Therian, M|249\/319
|-damage|p2a: Landorus-Therian|210\/319|[from] Stealth Rock
|-ability|p2a: Landorus-Therian|Intimidate|[of] p1a: Heatran
|-unboost|p1a: Heatran|atk|1
|move|p1a: Heatran|Protect|p1a: Heatran
|-fail|p1a: Heatran
|
|turn|21
|
|move|p1a: Heatran|Protect|p1a: Heatran
|-singleturn|p1a: Heatran|Protect
|move|p2a: Landorus-Therian|U-turn|p1a: Heatran
|-activate|p1a: Heatran|Protect
|
|turn|22
|
|move|p2a: Landorus-Therian|U-turn|p1a: Heatran
|-resisted|p1a: Heatran
|-damage|p1a: Heatran|366\/386
|
|switch|p2a: Rotom-Wash|Rotom-Wash|242\/242
|-damage|p2a: Rotom-Wash|212\/242|[from] Stealth Rock
|move|p1a: Heatran|Lava Plume|p2a: Rotom-Wash
|-resisted|p2a: Rotom-Wash
|-damage|p2a: Rotom-Wash|155\/242
|
|-heal|p1a: Heatran|386\/386|[from] item: Leftovers
|turn|23
|
|move|p1a: Heatran|Protect|p1a: Heatran
|-singleturn|p1a: Heatran|Protect
|move|p2a: Rotom-Wash|Hydro Pump|p1a: Heatran
|-activate|p1a: Heatran|Protect
|
|turn|24
|
|switch|p2a: Heatran|Heatran, F|241\/385
|-damage|p2a: Heatran|193\/385|[from] Stealth Rock
|-item|p2a: Heatran|Air Balloon
|switch|p1a: Chesnaught|Chesnaught, F|369\/380
|
|-heal|p1a: Chesnaught|380\/380|[from] item: Leftovers
|turn|25
|
|move|p2a: Heatran|Lava Plume|p1a: Chesnaught
|-supereffective|p1a: Chesnaught
|-damage|p1a: Chesnaught|6\/380
|move|p1a: Chesnaught|Drain Punch|p2a: Heatran
|-supereffective|p2a: Heatran
|-damage|p2a: Heatran|17\/385
|-heal|p1a: Chesnaught|94\/380|[from] drain|[of] p2a: Heatran
|-enditem|p2a: Heatran|Air Balloon
|
|-heal|p1a: Chesnaught|117\/380|[from] item: Leftovers
|turn|26
|c|âburgerfresser|ches go home ur weak .-.
|
|switch|p1a: Starmie|Starmie|264\/324
|move|p2a: Heatran|Lava Plume|p1a: Starmie
|-resisted|p1a: Starmie
|-damage|p1a: Starmie|176\/324
|
|-heal|p1a: Starmie|196\/324|[from] item: Leftovers
|turn|27
|
|switch|p2a: Rotom-Wash|Rotom-Wash|155\/242
|-damage|p2a: Rotom-Wash|125\/242|[from] Stealth Rock
|move|p1a: Starmie|Scald|p2a: Rotom-Wash
|-resisted|p2a: Rotom-Wash
|-damage|p2a: Rotom-Wash|81\/242
|
|-heal|p1a: Starmie|216\/324|[from] item: Leftovers
|turn|28
|
|switch|p1a: Chesnaught|Chesnaught, F|117\/380
|move|p2a: Rotom-Wash|Hydro Pump|p1a: Chesnaught
|-resisted|p1a: Chesnaught
|-damage|p1a: Chesnaught|5\/380
|
|-heal|p1a: Chesnaught|28\/380|[from] item: Leftovers
|turn|29
|
|move|p1a: Chesnaught|Spiky Shield|p1a: Chesnaught
|-singleturn|p1a: Chesnaught|move: Protect
|move|p2a: Rotom-Wash|Hydro Pump|p1a: Chesnaught
|-activate|p1a: Chesnaught|move: Protect
|
|-heal|p1a: Chesnaught|51\/380|[from] item: Leftovers
|turn|30
|
|move|p2a: Rotom-Wash|Hydro Pump|p1a: Chesnaught
|-resisted|p1a: Chesnaught
|-damage|p1a: Chesnaught|0 fnt
|faint|p1a: Chesnaught
|
|
|switch|p1a: Pimpnite|Dragonite, M, shiny|343\/343
|turn|31
|
|switch|p2a: Landorus-Therian|Landorus-Therian, M|210\/319
|-damage|p2a: Landorus-Therian|171\/319|[from] Stealth Rock
|-ability|p2a: Landorus-Therian|Intimidate|[of] p1a: Pimpnite
|-unboost|p1a: Pimpnite|atk|1
|move|p1a: Pimpnite|Extreme Speed|p2a: Landorus-Therian
|-damage|p2a: Landorus-Therian|56\/319
|
|turn|32
|c|âburgerfresser|iwie hab ich echt schon mal dran gedacht ice punch auf dnite fÃ¼r landou und glis zu spielen xDDD
|
|move|p1a: Pimpnite|Extreme Speed|p2a: Landorus-Therian
|-crit|p2a: Landorus-Therian
|-damage|p2a: Landorus-Therian|0 fnt
|faint|p2a: Landorus-Therian
|
|c| av kakuna|lol
|
|switch|p2a: Rotom-Wash|Rotom-Wash|81\/242
|-damage|p2a: Rotom-Wash|51\/242|[from] Stealth Rock
|turn|33
|
|move|p1a: Pimpnite|Extreme Speed|p2a: Rotom-Wash
|-damage|p2a: Rotom-Wash|0 fnt
|faint|p2a: Rotom-Wash
|
|
|switch|p2a: Bisharp|Bisharp, F|272\/272
|-damage|p2a: Bisharp|238\/272|[from] Spikes
|-damage|p2a: Bisharp|221\/272|[from] Stealth Rock
|turn|34
|
|switch|p1a: Heatran|Heatran, F|386\/386
|move|p2a: Bisharp|Swords Dance|p2a: Bisharp
|-boost|p2a: Bisharp|atk|2
|
|turn|35
|
|move|p2a: Bisharp|Sucker Punch|p1a: Heatran
|-crit|p1a: Heatran
|-damage|p1a: Heatran|0 fnt
|faint|p1a: Heatran
|
|
|switch|p1a: Pimpnite|Dragonite, M, shiny|343\/343
|turn|36
|
|move|p1a: Pimpnite|Earthquake|p2a: Bisharp
|-supereffective|p2a: Bisharp
|-damage|p2a: Bisharp|0 fnt
|faint|p2a: Bisharp
|
|
|switch|p2a: Venusaur|Venusaur-Mega, M|173\/359
|-damage|p2a: Venusaur|129\/359|[from] Stealth Rock
|-damage|p2a: Venusaur|85\/359|[from] Spikes
|turn|37
|c|âburgerfresser|ich spiel auf banded dnite immer genug evs um bisharp zu outspeeden c:
|c|âMamadouap|Gg !
|c|âburgerfresser|gg
|
|move|p1a: Pimpnite|Earthquake|p2a: Venusaur
|-damage|p2a: Venusaur|0 fnt
|faint|p2a: Venusaur
|
|
|switch|p2a: Heatran|Heatran, F|17\/385
|-damage|p2a: Heatran|0 fnt|[from] Spikes
|faint|p2a: Heatran
|
|switch|p2a: Clefable|Clefable, F|197\/394
|-damage|p2a: Clefable|148\/394|[from] Stealth Rock
|-damage|p2a: Clefable|99\/394|[from] Spikes
|turn|38
|
|move|p1a: Pimpnite|Earthquake|p2a: Clefable
|-damage|p2a: Clefable|0 fnt
|faint|p2a: Clefable
|
|win|burgerfresser
|raw|Ladder updating...
|raw|burgerfresser's rating: 1545 &rarr; <strong>1560<\/strong><br \/>(+15 for winning)
|raw|Mamadouap's rating: 1449 &rarr; <strong>1435<\/strong><br \/>(-14 for losing)