|join|Nicowhaat
|join|burgerfresser
|player|p1|Nicowhaat|269
|player|p2|burgerfresser|115
|gametype|singles
|gen|6
|tier|OU (suspect test)
|clearpoke
|poke|p1|Amoonguss, F
|poke|p1|Alomomola, F
|poke|p1|Tornadus-Therian, M
|poke|p1|Corsola, F
|poke|p1|Mienshao, F
|poke|p1|Slowking, F
|poke|p2|Victini
|poke|p2|Dugtrio, F
|poke|p2|Gardevoir, F
|poke|p2|Amoonguss, M
|poke|p2|Empoleon, F
|poke|p2|Gliscor, F
|rule|Swagger Clause: Swagger is banned
|rule|Baton Pass Clause: Limit one PokÃ©mon knowing Baton Pass
|rule|Sleep Clause Mod: Limit one foe put to sleep
|rule|Species Clause: Limit one of each PokÃ©mon
|rule|OHKO Clause: OHKO moves are banned
|rule|Moody Clause: Moody is banned
|rule|Evasion Moves Clause: Evasion moves are banned
|rule|Endless Battle Clause: Forcing endless battles is banned
|rule|HP Percentage Mod: HP is shown in percentages
|teampreview
|c|âNicowhaat|gl hf :3
|c|âburgerfresser|u to
|
|start
|switch|p1a: Mienshao|Mienshao, F|271\/271
|switch|p2a: Victini|Victini|341\/341
|turn|1
|
|move|p1a: Mienshao|Fake Out|p2a: Victini
|-damage|p2a: Victini|280\/341
|-damage|p1a: Mienshao|244\/271|[from] item: Life Orb
|cant|p2a: Victini|flinch
|
|turn|2
|
|switch|p1a: Corsola|Corsola, F|314\/314
|move|p2a: Victini|U-turn|p1a: Corsola
|-damage|p1a: Corsola|263\/314
|
|switch|p2a: Gardevoir|Gardevoir, F|277\/277
|-ability|p2a: Gardevoir|Regenerator|[from] ability: Trace|[of] p1a: Corsola
|
|-heal|p1a: Corsola|282\/314|[from] item: Leftovers
|turn|3
|
|detailschange|p2a: Gardevoir|Gardevoir-Mega, F
|-mega|p2a: Gardevoir|Gardevoir|Gardevoirite
|move|p2a: Gardevoir|Hyper Voice|p1a: Corsola
|-crit|p1a: Corsola
|-damage|p1a: Corsola|0 fnt
|faint|p1a: Corsola
|
|c|âNicowhaat|._.
|c|âNicowhaat|ich hab mirror coat eingesetzt q.q
|
|switch|p1a: Tornadus-Therian|Tornadus-Therian, M|299\/299
|turn|4
|c|âburgerfresser|!data corasola
No Pokemon, item, move, ability or nature named 'corasola' was found. Showing the data of 'Corsola' instead.
|c|~|\/data-pokemon Corsola

|c|âburgerfresser|hÃ¤tte eh nicht Ã¼berlebt
|c|âburgerfresser|232 SpA Pixilate Mega Gardevoir Hyper Voice vs. 252 HP \/ 0 SpD Corsola: 259-306 (82.4 - 97.4%) -- guaranteed 2HKO
|
|switch|p2a: Empoleon|Empoleon, F|371\/371
|move|p1a: Tornadus-Therian|Hurricane|p2a: Empoleon|[miss]
|-miss|p1a: Tornadus-Therian|p2a: Empoleon
|
|turn|5
|
|switch|p2a: Victini|Victini|280\/341
|move|p1a: Tornadus-Therian|Knock Off|p2a: Victini
|-supereffective|p2a: Victini
|-damage|p2a: Victini|77\/341
|-enditem|p2a: Victini|Choice Scarf|[from] move: Knock Off|[of] p1a: Tornadus-Therian
|-damage|p1a: Tornadus-Therian|270\/299|[from] item: Life Orb
|
|turn|6
|
|move|p1a: Tornadus-Therian|U-turn|p2a: Victini
|-damage|p2a: Victini|6\/341
|-damage|p1a: Tornadus-Therian|241\/299|[from] item: Life Orb
|
|switch|p1a: Alomomola|Alomomola, F|534\/534
|move|p2a: Victini|Bolt Strike|p1a: Alomomola
|-crit|p1a: Alomomola
|-supereffective|p1a: Alomomola
|-damage|p1a: Alomomola|186\/534
|
|-heal|p1a: Alomomola|219\/534|[from] item: Leftovers
|turn|7
|
|move|p2a: Victini|Bolt Strike|p1a: Alomomola
|-supereffective|p1a: Alomomola
|-damage|p1a: Alomomola|21\/534
|move|p1a: Alomomola|Scald|p2a: Victini
|-supereffective|p2a: Victini
|-damage|p2a: Victini|0 fnt
|faint|p2a: Victini
|
|-heal|p1a: Alomomola|54\/534|[from] item: Leftovers
|
|switch|p2a: Gardevoir|Gardevoir-Mega, F|277\/277
|turn|8
|
|switch|p1a: Slowking|Slowking, F|394\/394
|move|p2a: Gardevoir|Hyper Voice|p1a: Slowking
|-damage|p1a: Slowking|238\/394
|
|turn|9
|
|move|p2a: Gardevoir|Hyper Voice|p1a: Slowking
|-damage|p1a: Slowking|76\/394
|move|p1a: Slowking|Scald|p2a: Gardevoir
|-damage|p2a: Gardevoir|181\/277
|
|turn|10
|
|switch|p1a: Amoonguss|Amoonguss, F|432\/432
|move|p2a: Gardevoir|Hyper Voice|p1a: Amoonguss
|-resisted|p1a: Amoonguss
|-damage|p1a: Amoonguss|327\/432
|
|-heal|p1a: Amoonguss|354\/432|[from] item: Black Sludge
|turn|11
|
|switch|p2a: Amoonguss|Amoonguss, M|432\/432
|switch|p1a: Slowking|Slowking, F|207\/394
|
|turn|12
|
|move|p1a: Slowking|Fire Blast|p2a: Amoonguss
|-supereffective|p2a: Amoonguss
|-damage|p2a: Amoonguss|146\/432
|move|p2a: Amoonguss|Spore|p1a: Slowking
|-status|p1a: Slowking|slp
|
|-heal|p2a: Amoonguss|173\/432|[from] item: Black Sludge
|turn|13
|
|switch|p2a: Gliscor|Gliscor, F|354\/354
|switch|p1a: Tornadus-Therian|Tornadus-Therian, M|299\/299
|
|-status|p2a: Gliscor|tox|[from] item: Toxic Orb
|turn|14
|
|move|p1a: Tornadus-Therian|Hurricane|p2a: Gliscor
|-damage|p2a: Gliscor|84\/354 tox
|-start|p2a: Gliscor|confusion
|-damage|p1a: Tornadus-Therian|270\/299|[from] item: Life Orb
|-activate|p2a: Gliscor|confusion
|move|p2a: Gliscor|Knock Off|p1a: Tornadus-Therian
|-damage|p1a: Tornadus-Therian|172\/299
|-enditem|p1a: Tornadus-Therian|Life Orb|[from] move: Knock Off|[of] p2a: Gliscor
|
|-heal|p2a: Gliscor|128\/354 tox|[from] ability: Poison Heal
|turn|15
|
|switch|p2a: Empoleon|Empoleon, F|371\/371
|move|p1a: Tornadus-Therian|Hurricane|p2a: Empoleon|[miss]
|-miss|p1a: Tornadus-Therian|p2a: Empoleon
|
|turn|16
|
|move|p1a: Tornadus-Therian|U-turn|p2a: Empoleon
|-resisted|p2a: Empoleon
|-damage|p2a: Empoleon|342\/371
|
|switch|p1a: Amoonguss|Amoonguss, F|432\/432
|move|p2a: Empoleon|Scald|p1a: Amoonguss
|-resisted|p1a: Amoonguss
|-damage|p1a: Amoonguss|389\/432
|
|-heal|p2a: Empoleon|365\/371|[from] item: Leftovers
|-heal|p1a: Amoonguss|416\/432|[from] item: Black Sludge
|turn|17
|
|switch|p2a: Gliscor|Gliscor, F|128\/354 tox
|switch|p1a: Tornadus-Therian|Tornadus-Therian, M|271\/299
|
|-heal|p2a: Gliscor|172\/354 tox|[from] ability: Poison Heal
|turn|18
|
|switch|p2a: Empoleon|Empoleon, F|365\/371
|move|p1a: Tornadus-Therian|Hurricane|p2a: Empoleon
|-resisted|p2a: Empoleon
|-damage|p2a: Empoleon|305\/371
|-start|p2a: Empoleon|confusion
|
|-heal|p2a: Empoleon|328\/371|[from] item: Leftovers
|turn|19
|join|kloshitt
|
|move|p1a: Tornadus-Therian|Superpower|p2a: Empoleon
|-supereffective|p2a: Empoleon
|-damage|p2a: Empoleon|134\/371
|-unboost|p1a: Tornadus-Therian|atk|1
|-unboost|p1a: Tornadus-Therian|def|1
|-activate|p2a: Empoleon|confusion
|-damage|p2a: Empoleon|108\/371|[from] confusion
|
|-heal|p2a: Empoleon|131\/371|[from] item: Leftovers
|turn|20
|c|âburgerfresser|ofc
|c| kloshitt|hm wen soll ich predicten
|
|move|p1a: Tornadus-Therian|Superpower|p2a: Empoleon
|-supereffective|p2a: Empoleon
|-damage|p2a: Empoleon|0 fnt
|-unboost|p1a: Tornadus-Therian|atk|1
|-unboost|p1a: Tornadus-Therian|def|1
|faint|p2a: Empoleon
|
|
|switch|p2a: Gardevoir|Gardevoir-Mega, F|181\/277
|turn|21
|
|move|p1a: Tornadus-Therian|U-turn|p2a: Gardevoir
|-damage|p2a: Gardevoir|139\/277
|
|switch|p1a: Slowking|Slowking, F|338\/394 slp
|move|p2a: Gardevoir|Psyshock|p1a: Slowking
|-resisted|p1a: Slowking
|-damage|p1a: Slowking|230\/394 slp
|
|turn|22
|
|move|p2a: Gardevoir|Psyshock|p1a: Slowking
|-resisted|p1a: Slowking
|-damage|p1a: Slowking|131\/394 slp
|cant|p1a: Slowking|slp
|
|turn|23
|
|switch|p1a: Amoonguss|Amoonguss, F|432\/432
|move|p2a: Gardevoir|Hyper Voice|p1a: Amoonguss
|-resisted|p1a: Amoonguss
|-damage|p1a: Amoonguss|327\/432
|
|-heal|p1a: Amoonguss|354\/432|[from] item: Black Sludge
|turn|24
|
|switch|p2a: Gliscor|Gliscor, F|172\/354 tox
|move|p1a: Amoonguss|Clear Smog|p2a: Gliscor
|-resisted|p2a: Gliscor
|-damage|p2a: Gliscor|139\/354 tox
|-clearboost|p2a: Gliscor
|
|-heal|p1a: Amoonguss|381\/432|[from] item: Black Sludge
|-heal|p2a: Gliscor|183\/354 tox|[from] ability: Poison Heal
|turn|25
|
|switch|p1a: Tornadus-Therian|Tornadus-Therian, M|299\/299
|move|p2a: Gliscor|Roost|p2a: Gliscor
|-heal|p2a: Gliscor|354\/354 tox
|
|turn|26
|
|move|p1a: Tornadus-Therian|Hurricane|p2a: Gliscor
|-damage|p2a: Gliscor|134\/354 tox
|move|p2a: Gliscor|Toxic|p1a: Tornadus-Therian
|-status|p1a: Tornadus-Therian|tox
|
|-damage|p1a: Tornadus-Therian|281\/299 tox|[from] psn
|-heal|p2a: Gliscor|178\/354 tox|[from] ability: Poison Heal
|turn|27
|
|switch|p2a: Dugtrio|Dugtrio, F|211\/211
|move|p1a: Tornadus-Therian|Hurricane|p2a: Dugtrio
|-enditem|p2a: Dugtrio|Focus Sash
|-damage|p2a: Dugtrio|1\/211
|
|-damage|p1a: Tornadus-Therian|245\/299 tox|[from] psn
|turn|28
|
|move|p1a: Tornadus-Therian|U-turn|p2a: Dugtrio
|-damage|p2a: Dugtrio|0 fnt
|faint|p2a: Dugtrio
|
|switch|p1a: Slowking|Slowking, F|262\/394 slp
|
|
|switch|p2a: Gliscor|Gliscor, F|178\/354 tox
|turn|29
|
|move|p2a: Gliscor|Knock Off|p1a: Slowking
|-supereffective|p1a: Slowking
|-damage|p1a: Slowking|96\/394 slp
|-enditem|p1a: Slowking|Assault Vest|[from] move: Knock Off|[of] p2a: Gliscor
|-curestatus|p1a: Slowking|slp
|move|p1a: Slowking|Scald|p2a: Gliscor
|-supereffective|p2a: Gliscor
|-damage|p2a: Gliscor|0 fnt
|faint|p2a: Gliscor
|
|
|switch|p2a: Gardevoir|Gardevoir-Mega, F|139\/277
|turn|30
|c|âNicowhaat|assault vest slowking schlÃ¤gt wieder zu :3
|
|switch|p1a: Alomomola|Alomomola, F|232\/534
|move|p2a: Gardevoir|Psyshock|p1a: Alomomola
|-damage|p1a: Alomomola|85\/534
|
|-heal|p1a: Alomomola|118\/534|[from] item: Leftovers
|turn|31
|join|av kakuna
|
|move|p2a: Gardevoir|Psyshock|p1a: Alomomola
|-damage|p1a: Alomomola|0 fnt
|faint|p1a: Alomomola
|
|c| kloshitteroladelo|:3
|
|switch|p1a: Mienshao|Mienshao, F|271\/271
|turn|32
|
|switch|p2a: Amoonguss|Amoonguss, M|317\/432
|move|p1a: Mienshao|U-turn|p2a: Amoonguss
|-damage|p2a: Amoonguss|216\/432
|-damage|p1a: Mienshao|244\/271|[from] item: Life Orb
|
|switch|p1a: Tornadus-Therian|Tornadus-Therian, M|299\/299 tox
|
|-heal|p2a: Amoonguss|243\/432|[from] item: Black Sludge
|-damage|p1a: Tornadus-Therian|281\/299 tox|[from] psn
|turn|33
|c|âburgerfresser|miss
|
|switch|p2a: Gardevoir|Gardevoir-Mega, F|139\/277
|move|p1a: Tornadus-Therian|Hurricane|p2a: Gardevoir
|-damage|p2a: Gardevoir|0 fnt
|faint|p2a: Gardevoir
|
|-damage|p1a: Tornadus-Therian|245\/299 tox|[from] psn
|c|âburgerfresser|is klar
|c|âburgerfresser|xD
|c|âNicowhaat|ich hab doch eh 2 versuche :I
|leave|kloshitteroladelo
|
|switch|p2a: Amoonguss|Amoonguss, M|387\/432
|turn|34
|c|âNicowhaat|mein tornadus outspeedet m-gvoir :D
|c|âburgerfresser|trotzdem bei dem ganzen hax hÃ¤ttest du ruhig 2x missen dÃ¼rfen xD
|
|move|p1a: Tornadus-Therian|Hurricane|p2a: Amoonguss
|-supereffective|p2a: Amoonguss
|-damage|p2a: Amoonguss|0 fnt
|faint|p2a: Amoonguss
|
|win|Nicowhaat
|c|âNicowhaat|hallo DU hast rumgecrittet :I
|c|âNicowhaat|gg :D
|leave|av kakuna
|leave|burgerfresser
|player|p2