|join|pi12b303
|join|burgerfresser
|player|p1|pi12b303|2
|player|p2|burgerfresser|115
|gametype|singles
|gen|6
|tier|OU (suspect test)
|rated
|clearpoke
|poke|p1|Landorus-Therian, M
|poke|p1|Talonflame, M
|poke|p1|Kyurem-Black
|poke|p1|Latios, M
|poke|p1|Heatran, F
|poke|p1|Gyarados, M
|poke|p2|Gardevoir, F, shiny
|poke|p2|Keldeo-Resolute, shiny
|poke|p2|Landorus-Therian, M
|poke|p2|Chesnaught, F
|poke|p2|Heatran, F
|poke|p2|Latias, F
|rule|Swagger Clause: Swagger is banned
|rule|Baton Pass Clause: Limit one PokÃ©mon knowing Baton Pass
|rule|Sleep Clause Mod: Limit one foe put to sleep
|rule|Species Clause: Limit one of each PokÃ©mon
|rule|OHKO Clause: OHKO moves are banned
|rule|Moody Clause: Moody is banned
|rule|Evasion Moves Clause: Evasion moves are banned
|rule|Endless Battle Clause: Forcing endless battles is banned
|rule|HP Percentage Mod: HP is shown in percentages
|teampreview
|
|start
|switch|p1a: Kyurem-Black|Kyurem-Black|391\/391
|switch|p2a: Flyin Pussy|Landorus-Therian, M|319\/319
|-ability|p2a: Flyin Pussy|Intimidate|[of] p1a: Kyurem-Black
|-unboost|p1a: Kyurem-Black|atk|1
|-ability|p1a: Kyurem-Black|Teravolt
|turn|1
|
|switch|p2a: DildoHead|Keldeo-Resolute, shiny|323\/323
|move|p1a: Kyurem-Black|Ice Beam|p2a: DildoHead
|-resisted|p2a: DildoHead
|-damage|p2a: DildoHead|213\/323
|-damage|p1a: Kyurem-Black|352\/391|[from] item: Life Orb
|
|turn|2
|
|switch|p2a: Gardewhore|Gardevoir, F, shiny|277\/277
|-ability|p2a: Gardewhore|Teravolt|[from] ability: Trace|[of] p1a: Kyurem-Black
|-ability|p2a: Gardewhore|Teravolt
|switch|p1a: Latios|Latios, M|301\/301
|
|turn|3
|
|switch|p1a: Heatran|Heatran, F|385\/385
|detailschange|p2a: Gardewhore|Gardevoir-Mega, F, shiny
|-mega|p2a: Gardewhore|Gardevoir|Gardevoirite
|move|p2a: Gardewhore|Focus Blast|p1a: Heatran|[miss]
|-miss|p2a: Gardewhore|p1a: Heatran
|
|turn|4
|
|switch|p2a: DildoHead|Keldeo-Resolute, shiny|213\/323
|move|p1a: Heatran|Flash Cannon|p2a: DildoHead
|-resisted|p2a: DildoHead
|-damage|p2a: DildoHead|144\/323
|
|turn|5
|
|move|p1a: Heatran|Protect|p1a: Heatran
|-singleturn|p1a: Heatran|Protect
|move|p2a: DildoHead|Hidden Power|p1a: Heatran
|-activate|p1a: Heatran|Protect
|
|turn|6
|
|switch|p2a: Heat Trans|Heatran, F|385\/385
|move|p1a: Heatran|Lava Plume|p2a: Heat Trans
|-start|p2a: Heat Trans|ability: Flash Fire
|
|turn|7
|
|move|p1a: Heatran|Lava Plume|p2a: Heat Trans
|-immune|p2a: Heat Trans|[msg]
|move|p2a: Heat Trans|Stealth Rock|p1a: Heatran
|-sidestart|p1: pi12b303|move: Stealth Rock
|
|turn|8
|
|switch|p1a: Latios|Latios, M|301\/301
|-damage|p1a: Latios|264\/301|[from] Stealth Rock
|move|p2a: Heat Trans|Roar|p1a: Latios
|drag|p1a: Landorus-Therian|Landorus-Therian, M|382\/382
|-damage|p1a: Landorus-Therian|335\/382|[from] Stealth Rock
|-ability|p1a: Landorus-Therian|Intimidate|[of] p2a: Heat Trans
|-unboost|p2a: Heat Trans|atk|1
|
|-heal|p1a: Landorus-Therian|358\/382|[from] item: Leftovers
|turn|9
|
|switch|p2a: DildoHead|Keldeo-Resolute, shiny|144\/323
|move|p1a: Landorus-Therian|Stealth Rock|p2a: DildoHead
|-sidestart|p2: burgerfresser|move: Stealth Rock
|
|-heal|p1a: Landorus-Therian|381\/382|[from] item: Leftovers
|turn|10
|
|switch|p1a: Latios|Latios, M|264\/301
|-damage|p1a: Latios|227\/301|[from] Stealth Rock
|move|p2a: DildoHead|Scald|p1a: Latios
|-resisted|p1a: Latios
|-damage|p1a: Latios|124\/301
|-status|p1a: Latios|brn
|
|-damage|p1a: Latios|87\/301 brn|[from] brn
|turn|11
|
|switch|p2a: Heat Trans|Heatran, F|385\/385
|-damage|p2a: Heat Trans|337\/385|[from] Stealth Rock
|move|p1a: Latios|Defog|p2a: Heat Trans
|-unboost|p2a: Heat Trans|evasion|1
|-sideend|p2: burgerfresser|Stealth Rock|[from] move: Defog|[of] p2a: Heat Trans
|-sideend|p1: pi12b303|Stealth Rock|[from] move: Defog|[of] p1a: Latios
|
|-heal|p2a: Heat Trans|361\/385|[from] item: Leftovers
|-damage|p1a: Latios|50\/301 brn|[from] brn
|turn|12
|
|switch|p1a: Landorus-Therian|Landorus-Therian, M|381\/382
|-ability|p1a: Landorus-Therian|Intimidate|[of] p2a: Heat Trans
|-unboost|p2a: Heat Trans|atk|1
|move|p2a: Heat Trans|Stealth Rock|p1a: Landorus-Therian
|-sidestart|p1: pi12b303|move: Stealth Rock
|
|-heal|p1a: Landorus-Therian|382\/382|[from] item: Leftovers
|-heal|p2a: Heat Trans|385\/385|[from] item: Leftovers
|turn|13
|
|switch|p2a: DildoHead|Keldeo-Resolute, shiny|144\/323
|move|p1a: Landorus-Therian|Earthquake|p2a: DildoHead
|-damage|p2a: DildoHead|0 fnt
|faint|p2a: DildoHead
|
|
|switch|p2a: Gardewhore|Gardevoir-Mega, F, shiny|277\/277
|turn|14
|
|move|p2a: Gardewhore|Hyper Voice|p1a: Landorus-Therian
|-damage|p1a: Landorus-Therian|109\/382
|move|p1a: Landorus-Therian|U-turn|p2a: Gardewhore
|-damage|p2a: Gardewhore|168\/277
|
|switch|p1a: Heatran|Heatran, F|385\/385
|-damage|p1a: Heatran|337\/385|[from] Stealth Rock
|
|-heal|p1a: Heatran|361\/385|[from] item: Leftovers
|turn|15
|
|switch|p2a: Heat Trans|Heatran, F|385\/385
|move|p1a: Heatran|Flash Cannon|p2a: Heat Trans
|-resisted|p2a: Heat Trans
|-damage|p2a: Heat Trans|365\/385
|
|-heal|p1a: Heatran|385\/385|[from] item: Leftovers
|-heal|p2a: Heat Trans|385\/385|[from] item: Leftovers
|turn|16
|
|move|p1a: Heatran|Flash Cannon|p2a: Heat Trans
|-resisted|p2a: Heat Trans
|-damage|p2a: Heat Trans|366\/385
|move|p2a: Heat Trans|Roar|p1a: Heatran
|drag|p1a: Talonflame|Talonflame, M|327\/327
|-damage|p1a: Talonflame|164\/327|[from] Stealth Rock
|
|-heal|p2a: Heat Trans|385\/385|[from] item: Leftovers
|turn|17
|
|move|p1a: Talonflame|Roost|p1a: Talonflame
|-heal|p1a: Talonflame|327\/327
|move|p2a: Heat Trans|Roar|p1a: Talonflame
|drag|p1a: Landorus-Therian|Landorus-Therian, M|109\/382
|-damage|p1a: Landorus-Therian|62\/382|[from] Stealth Rock
|-ability|p1a: Landorus-Therian|Intimidate|[of] p2a: Heat Trans
|-unboost|p2a: Heat Trans|atk|1
|
|-heal|p1a: Landorus-Therian|85\/382|[from] item: Leftovers
|turn|18
|
|move|p1a: Landorus-Therian|Knock Off|p2a: Heat Trans
|-damage|p2a: Heat Trans|293\/385
|-enditem|p2a: Heat Trans|Leftovers|[from] move: Knock Off|[of] p1a: Landorus-Therian
|move|p2a: Heat Trans|Lava Plume|p1a: Landorus-Therian
|-crit|p1a: Landorus-Therian
|-damage|p1a: Landorus-Therian|0 fnt
|faint|p1a: Landorus-Therian
|
|
|switch|p1a: Kyurem-Black|Kyurem-Black|352\/391
|-damage|p1a: Kyurem-Black|255\/391|[from] Stealth Rock
|-ability|p1a: Kyurem-Black|Teravolt
|turn|19
|
|move|p2a: Heat Trans|Protect|p2a: Heat Trans
|-singleturn|p2a: Heat Trans|Protect
|move|p1a: Kyurem-Black|Ice Beam|p2a: Heat Trans
|-activate|p2a: Heat Trans|Protect
|
|turn|20
|
|move|p1a: Kyurem-Black|Roost|p1a: Kyurem-Black
|-heal|p1a: Kyurem-Black|391\/391
|move|p2a: Heat Trans|Lava Plume|p1a: Kyurem-Black
|-damage|p1a: Kyurem-Black|271\/391
|
|turn|21
|
|switch|p2a: Lati ass|Latias, F|305\/305
|move|p1a: Kyurem-Black|Earth Power|p2a: Lati ass
|-damage|p2a: Lati ass|191\/305
|-damage|p1a: Kyurem-Black|232\/391|[from] item: Life Orb
|
|turn|22
|
|switch|p1a: Heatran|Heatran, F|385\/385
|-damage|p1a: Heatran|337\/385|[from] Stealth Rock
|move|p2a: Lati ass|Draco Meteor|p1a: Heatran
|-resisted|p1a: Heatran
|-damage|p1a: Heatran|234\/385
|-unboost|p2a: Lati ass|spa|2
|-damage|p2a: Lati ass|161\/305|[from] item: Life Orb
|
|-heal|p1a: Heatran|258\/385|[from] item: Leftovers
|turn|23
|c|âburgerfresser|offensive sp def tran o.o
|
|switch|p2a: Heat Trans|Heatran, F|293\/385
|switch|p1a: Kyurem-Black|Kyurem-Black|232\/391
|-damage|p1a: Kyurem-Black|135\/391|[from] Stealth Rock
|-ability|p1a: Kyurem-Black|Teravolt
|
|turn|24
|
|switch|p2a: Lati ass|Latias, F|161\/305
|move|p1a: Kyurem-Black|Roost|p1a: Kyurem-Black
|-heal|p1a: Kyurem-Black|331\/391
|
|turn|25
|
|switch|p1a: Heatran|Heatran, F|258\/385
|-damage|p1a: Heatran|210\/385|[from] Stealth Rock
|move|p2a: Lati ass|Draco Meteor|p1a: Heatran
|-resisted|p1a: Heatran
|-damage|p1a: Heatran|120\/385
|-unboost|p2a: Lati ass|spa|2
|-damage|p2a: Lati ass|131\/305|[from] item: Life Orb
|
|-heal|p1a: Heatran|144\/385|[from] item: Leftovers
|turn|26
|
|switch|p2a: Heat Trans|Heatran, F|293\/385
|move|p1a: Heatran|Flash Cannon|p2a: Heat Trans
|-resisted|p2a: Heat Trans
|-damage|p2a: Heat Trans|272\/385
|
|-heal|p1a: Heatran|168\/385|[from] item: Leftovers
|turn|27
|
|move|p1a: Heatran|Protect|p1a: Heatran
|-singleturn|p1a: Heatran|Protect
|move|p2a: Heat Trans|Roar|p1a: Heatran
|drag|p1a: Kyurem-Black|Kyurem-Black|331\/391
|-damage|p1a: Kyurem-Black|234\/391|[from] Stealth Rock
|-ability|p1a: Kyurem-Black|Teravolt
|
|turn|28
|
|switch|p2a: Lati ass|Latias, F|131\/305
|move|p1a: Kyurem-Black|Earth Power|p2a: Lati ass
|-damage|p2a: Lati ass|13\/305
|-damage|p1a: Kyurem-Black|195\/391|[from] item: Life Orb
|
|turn|29
|
|switch|p2a: Flyin Pussy|Landorus-Therian, M|319\/319
|-ability|p2a: Flyin Pussy|Intimidate|[of] p1a: Kyurem-Black
|-unboost|p1a: Kyurem-Black|atk|1
|switch|p1a: Heatran|Heatran, F|168\/385
|-damage|p1a: Heatran|120\/385|[from] Stealth Rock
|
|-heal|p1a: Heatran|144\/385|[from] item: Leftovers
|turn|30
|
|move|p1a: Heatran|Protect|p1a: Heatran
|-singleturn|p1a: Heatran|Protect
|move|p2a: Flyin Pussy|Knock Off|p1a: Heatran
|-activate|p1a: Heatran|Protect
|
|-heal|p1a: Heatran|168\/385|[from] item: Leftovers
|turn|31
|
|move|p2a: Flyin Pussy|Knock Off|p1a: Heatran
|-damage|p1a: Heatran|47\/385
|-enditem|p1a: Heatran|Leftovers|[from] move: Knock Off|[of] p2a: Flyin Pussy
|move|p1a: Heatran|Lava Plume|p2a: Flyin Pussy
|-damage|p2a: Flyin Pussy|186\/319
|
|turn|32
|
|switch|p2a: Heat Trans|Heatran, F|272\/385
|move|p1a: Heatran|Lava Plume|p2a: Heat Trans
|-start|p2a: Heat Trans|ability: Flash Fire
|
|turn|33
|
|move|p1a: Heatran|Flash Cannon|p2a: Heat Trans
|-resisted|p2a: Heat Trans
|-damage|p2a: Heat Trans|253\/385
|-unboost|p2a: Heat Trans|spd|1
|move|p2a: Heat Trans|Roar|p1a: Heatran
|drag|p1a: Gyarados|Gyarados, M|353\/353
|-damage|p1a: Gyarados|265\/353|[from] Stealth Rock
|-ability|p1a: Gyarados|Intimidate|[of] p2a: Heat Trans
|-unboost|p2a: Heat Trans|atk|1
|
|turn|34
|
|switch|p2a: Chesnaught|Chesnaught, F|380\/380
|detailschange|p1a: Gyarados|Gyarados-Mega, M
|-mega|p1a: Gyarados|Gyarados|Gyaradosite
|-ability|p1a: Gyarados|Mold Breaker
|move|p1a: Gyarados|Waterfall|p2a: Chesnaught
|-resisted|p2a: Chesnaught
|-damage|p2a: Chesnaught|326\/380
|
|-heal|p2a: Chesnaught|349\/380|[from] item: Leftovers
|turn|35
|
|switch|p1a: Heatran|Heatran, F|47\/385
|-damage|p1a: Heatran|0 fnt|[from] Stealth Rock
|faint|p1a: Heatran
|move|p2a: Chesnaught|Leech Seed|p1: Heatran|[notarget]
|-notarget
|
|-heal|p2a: Chesnaught|372\/380|[from] item: Leftovers
|
|switch|p1a: Latios|Latios, M|50\/301 brn
|-damage|p1a: Latios|13\/301 brn|[from] Stealth Rock
|turn|36
|
|move|p2a: Chesnaught|Spiky Shield|p2a: Chesnaught
|-singleturn|p2a: Chesnaught|move: Protect
|move|p1a: Latios|Defog|p2a: Chesnaught
|-activate|p2a: Chesnaught|move: Protect
|
|-heal|p2a: Chesnaught|380\/380|[from] item: Leftovers
|-damage|p1a: Latios|0 fnt|[from] brn
|faint|p1a: Latios
|
|switch|p1a: Kyurem-Black|Kyurem-Black|195\/391
|-damage|p1a: Kyurem-Black|98\/391|[from] Stealth Rock
|-ability|p1a: Kyurem-Black|Teravolt
|turn|37
|
|move|p1a: Kyurem-Black|Ice Beam|p2a: Chesnaught
|-supereffective|p2a: Chesnaught
|-damage|p2a: Chesnaught|0 fnt
|-damage|p1a: Kyurem-Black|59\/391|[from] item: Life Orb
|faint|p2a: Chesnaught
|
|
|switch|p2a: Lati ass|Latias, F|13\/305
|turn|38
|
|move|p2a: Lati ass|Psychic|p1a: Kyurem-Black
|-damage|p1a: Kyurem-Black|0 fnt
|-damage|p2a: Lati ass|0 fnt|[from] item: Life Orb
|faint|p1a: Kyurem-Black
|faint|p2a: Lati ass
|
|
|switch|p1a: Talonflame|Talonflame, M|327\/327
|switch|p2a: Gardewhore|Gardevoir-Mega, F, shiny|168\/277
|-damage|p1a: Talonflame|164\/327|[from] Stealth Rock
|turn|39
|
|switch|p2a: Heat Trans|Heatran, F|253\/385
|move|p1a: Talonflame|Brave Bird|p2a: Heat Trans
|-resisted|p2a: Heat Trans
|-damage|p2a: Heat Trans|171\/385
|-damage|p1a: Talonflame|137\/327|[from] recoil|[of] p2a: Heat Trans
|
|turn|40
|
|switch|p2a: Flyin Pussy|Landorus-Therian, M|186\/319
|-ability|p2a: Flyin Pussy|Intimidate|[of] p1a: Talonflame
|-unboost|p1a: Talonflame|atk|1
|move|p1a: Talonflame|Roost|p1a: Talonflame
|-heal|p1a: Talonflame|301\/327
|
|turn|41
|
|move|p2a: Flyin Pussy|Stone Edge|p1a: Talonflame|[miss]
|-miss|p2a: Flyin Pussy|p1a: Talonflame
|move|p1a: Talonflame|Will-O-Wisp|p2a: Flyin Pussy
|-status|p2a: Flyin Pussy|brn
|
|-damage|p2a: Flyin Pussy|147\/319 brn|[from] brn
|turn|42
|c|âburgerfresser|ofc
|
|move|p1a: Talonflame|Roost|p1a: Talonflame
|-heal|p1a: Talonflame|327\/327
|move|p2a: Flyin Pussy|Stone Edge|p1a: Talonflame
|-supereffective|p1a: Talonflame
|-damage|p1a: Talonflame|165\/327
|
|-damage|p2a: Flyin Pussy|108\/319 brn|[from] brn
|turn|43
|
|switch|p2a: Heat Trans|Heatran, F|171\/385
|move|p1a: Talonflame|Roost|p1a: Talonflame
|-heal|p1a: Talonflame|327\/327
|
|turn|44
|
|move|p1a: Talonflame|Brave Bird|p2a: Heat Trans
|-resisted|p2a: Heat Trans
|-damage|p2a: Heat Trans|115\/385
|-damage|p1a: Talonflame|309\/327|[from] recoil|[of] p2a: Heat Trans
|move|p2a: Heat Trans|Roar|p1a: Talonflame
|drag|p1a: Gyarados|Gyarados-Mega, M|265\/353
|-damage|p1a: Gyarados|221\/353|[from] Stealth Rock
|-ability|p1a: Gyarados|Mold Breaker
|
|turn|45
|
|move|p1a: Gyarados|Waterfall|p2a: Heat Trans
|-supereffective|p2a: Heat Trans
|-damage|p2a: Heat Trans|0 fnt
|faint|p2a: Heat Trans
|
|
|switch|p2a: Gardewhore|Gardevoir-Mega, F, shiny|168\/277
|turn|46
|
|move|p2a: Gardewhore|Hyper Voice|p1a: Gyarados
|-supereffective|p1a: Gyarados
|-damage|p1a: Gyarados|0 fnt
|faint|p1a: Gyarados
|
|
|switch|p1a: Talonflame|Talonflame, M|309\/327
|-damage|p1a: Talonflame|146\/327|[from] Stealth Rock
|turn|47
|
|switch|p2a: Flyin Pussy|Landorus-Therian, M|108\/319 brn
|-ability|p2a: Flyin Pussy|Intimidate|[of] p1a: Talonflame
|-unboost|p1a: Talonflame|atk|1
|move|p1a: Talonflame|Brave Bird|p2a: Flyin Pussy
|-damage|p2a: Flyin Pussy|0 fnt
|-damage|p1a: Talonflame|110\/327|[from] recoil|[of] p2a: Flyin Pussy
|faint|p2a: Flyin Pussy
|
|
|switch|p2a: Gardewhore|Gardevoir-Mega, F, shiny|168\/277
|turn|48
|c|âburgerfresser|gg
|
|move|p1a: Talonflame|Roost|p1a: Talonflame
|-heal|p1a: Talonflame|274\/327
|move|p2a: Gardewhore|Psyshock|p1a: Talonflame
|-damage|p1a: Talonflame|54\/327
|
|turn|49
|
|move|p1a: Talonflame|Brave Bird|p2a: Gardewhore
|-damage|p2a: Gardewhore|0 fnt
|-damage|p1a: Talonflame|0 fnt|[from] recoil|[of] p2a: Gardewhore
|faint|p2a: Gardewhore
|faint|p1a: Talonflame
|
|win|pi12b303
|raw|Ladder updating...
|c|âpi12b303|gg
|raw|pi12b303's rating: 1352 &rarr; <strong>1376<\/strong><br \/>(+24 for winning)
|raw|burgerfresser's rating: 1420 &rarr; <strong>1396<\/strong><br \/>(-24 for losing)
|c|âburgerfresser|max atk?
|c|âpi12b303|yes
|c|âburgerfresser|thought was bulky cause willo, anyway gg
|leave|burgerfresser
|player|p2