|join|burgerfresser
|join|pepsi
|player|p1|burgerfresser|260
|player|p2|pepsi|170
|gametype|singles
|gen|6
|tier|OU (suspect test)
|rated
|clearpoke
|poke|p1|Dragalge, F
|poke|p1|Magnezone
|poke|p1|Landorus-Therian, M
|poke|p1|Heatran, F
|poke|p1|Slowbro, F
|poke|p1|Gallade, M
|poke|p2|Gyarados, M
|poke|p2|Crawdaunt, M
|poke|p2|Latias, F
|poke|p2|Heatran, M
|poke|p2|Landorus-Therian, M
|poke|p2|Tangrowth, M
|rule|Swagger Clause: Swagger is banned
|rule|Baton Pass Clause: Limit one PokÃ©mon knowing Baton Pass
|rule|Sleep Clause Mod: Limit one foe put to sleep
|rule|Species Clause: Limit one of each PokÃ©mon
|rule|OHKO Clause: OHKO moves are banned
|rule|Moody Clause: Moody is banned
|rule|Evasion Moves Clause: Evasion moves are banned
|rule|Endless Battle Clause: Forcing endless battles is banned
|rule|HP Percentage Mod: HP is shown in percentages
|teampreview
|join|AdvanceShip
|c| AdvanceShip|first
|c|âburgerfresser|ich war erster :P
|join|av kakuna
|join|cfzvgbhnjkk
|
|start
|switch|p1a: Gallade|Gallade, M|314\/314
|switch|p2a: Landorus-Therian|Landorus-Therian, M|320\/320
|-ability|p2a: Landorus-Therian|Intimidate|[of] p1a: Gallade
|-unboost|p1a: Gallade|atk|1
|turn|1
|c| cfzvgbhnjkk|zweiter
|c| av kakuna|lern zÃ¤hlen
|c| cfzvgbhnjkk|ja
|c|âburgerfresser|wetten der typ fuckt sich gleich voll ab
|
|detailschange|p1a: Gallade|Gallade-Mega, M
|-mega|p1a: Gallade|Gallade|Galladite
|move|p2a: Landorus-Therian|U-turn|p1a: Gallade
|-damage|p1a: Gallade|213\/314
|c| cfzvgbhnjkk|werst kommt erster
|c| cfzvgbhnjkk|dann dritter
|c| cfzvgbhnjkk|dann zweiter
|c| cfzvgbhnjkk|also lern selber zÃ¤hlen
|c| av kakuna|:I
|
|switch|p2a: Tangrowth|Tangrowth, M|404\/404
|move|p1a: Gallade|Will-O-Wisp|p2a: Tangrowth
|-status|p2a: Tangrowth|brn
|
|-damage|p2a: Tangrowth|354\/404 brn|[from] brn
|turn|2
|c| av kakuna|btw
|c| cfzvgbhnjkk|du kannst wsl nichtmal bis 9 zÃ¤hlen
|c| av kakuna|ist deine Schwester sauer, dass sie nich in den chat kommt? :D
|c| cfzvgbhnjkk|ja T,T
|c| AdvanceShip|schonmal skill swap gallade gespielt?
|c| cfzvgbhnjkk|lolwas
|c| cfzvgbhnjkk|sub sd cc skillswap
|c| cfzvgbhnjkk|oder
|c| av kakuna|warum sollte man
|c| cfzvgbhnjkk|oder lieber bulkup
|c| AdvanceShip|nein fÃ¼r sabeley
|c| av kakuna|diese geile fÃ¤higkeit von gallade wegwerfen? ;-;
|c| cfzvgbhnjkk|av, um die nutzlose anti-lopunny-ability loszuwerden
|c| AdvanceShip|willos werden zurÃ¼ckgeschickt
|c| cfzvgbhnjkk|und womit willst du sableye dmg machen?
|
|switch|p1a: Landorus-Therian|Landorus-Therian, M|324\/324
|-ability|p1a: Landorus-Therian|Intimidate|[of] p2a: Tangrowth
|-unboost|p2a: Tangrowth|atk|1
|move|p2a: Tangrowth|Knock Off|p1a: Landorus-Therian
|-damage|p1a: Landorus-Therian|298\/324
|-enditem|p1a: Landorus-Therian|Choice Scarf|[from] move: Knock Off|[of] p2a: Tangrowth
|
|-damage|p2a: Tangrowth|304\/404 brn|[from] brn
|turn|3
|c|âburgerfresser|dat dc tho
|
|switch|p2a: Gyarados|Gyarados, M|353\/353
|move|p1a: Landorus-Therian|U-turn|p2a: Gyarados
|-resisted|p2a: Gyarados
|-damage|p2a: Gyarados|298\/353
|
|switch|p1a: Gallade|Gallade-Mega, M|213\/314
|
|turn|4
|
|switch|p2a: Tangrowth|Tangrowth, M|404\/404 brn
|move|p1a: Gallade|Will-O-Wisp|p2a: Tangrowth
|-fail|p2a: Tangrowth|brn
|
|-damage|p2a: Tangrowth|354\/404 brn|[from] brn
|turn|5
|
|move|p1a: Gallade|Taunt|p2a: Tangrowth
|-start|p2a: Tangrowth|move: Taunt
|move|p2a: Tangrowth|Giga Drain|p1a: Gallade
|-damage|p1a: Gallade|131\/314
|-heal|p2a: Tangrowth|395\/404 brn|[from] drain|[of] p1a: Gallade
|
|-damage|p2a: Tangrowth|345\/404 brn|[from] brn
|turn|6
|
|switch|p2a: Crawdaunt|Crawdaunt, M|268\/268
|move|p1a: Gallade|Drain Punch|p2a: Crawdaunt
|-supereffective|p2a: Crawdaunt
|-damage|p2a: Crawdaunt|0 fnt
|-heal|p1a: Gallade|265\/314|[from] drain|[of] p2a: Crawdaunt
|faint|p2a: Crawdaunt
|
|
|switch|p2a: Latias|Latias, F|324\/324
|turn|7
|
|switch|p2a: Heatran|Heatran, M|386\/386
|move|p1a: Gallade|Knock Off|p2a: Heatran
|-damage|p2a: Heatran|261\/386
|-enditem|p2a: Heatran|Leftovers|[from] move: Knock Off|[of] p1a: Gallade
|
|turn|8
|c|âburgerfresser|is btw auch n fun team .-.
|
|switch|p2a: Tangrowth|Tangrowth, M|404\/404 brn
|move|p1a: Gallade|Drain Punch|p2a: Tangrowth
|-damage|p2a: Tangrowth|287\/404 brn
|-heal|p1a: Gallade|314\/314|[from] drain|[of] p2a: Tangrowth
|
|-damage|p2a: Tangrowth|237\/404 brn|[from] brn
|turn|9
|
|move|p1a: Gallade|Taunt|p2a: Tangrowth
|-start|p2a: Tangrowth|move: Taunt
|move|p2a: Tangrowth|Giga Drain|p1a: Gallade
|-damage|p1a: Gallade|224\/314
|-heal|p2a: Tangrowth|282\/404 brn|[from] drain|[of] p1a: Gallade
|
|-damage|p2a: Tangrowth|232\/404 brn|[from] brn
|turn|10
|c| av kakuna|aber
|
|move|p1a: Gallade|Knock Off|p2a: Tangrowth
|-damage|p2a: Tangrowth|146\/404 brn
|-enditem|p2a: Tangrowth|Assault Vest|[from] move: Knock Off|[of] p1a: Gallade
|move|p2a: Tangrowth|Giga Drain|p1a: Gallade
|-damage|p1a: Gallade|145\/314
|-heal|p2a: Tangrowth|186\/404 brn|[from] drain|[of] p1a: Gallade
|
|-damage|p2a: Tangrowth|136\/404 brn|[from] brn
|turn|11
|c| av kakuna|dein team wird nich von mamo zerstÃ¶rt :D
|c|âburgerfresser|omg
|c|âburgerfresser|ein wunder
|
|switch|p1a: Dragalge|Dragalge, F|321\/321
|switch|p2a: Latias|Latias, F|324\/324
|
|turn|12
|
|switch|p2a: Heatran|Heatran, M|261\/386
|switch|p1a: Heatran|Heatran, F|386\/386
|
|turn|13
|c|âburgerfresser|plays
|
|move|p2a: Heatran|Taunt|p1a: Heatran
|-start|p1a: Heatran|move: Taunt
|cant|p1a: Heatran|move: Taunt|Stealth Rock
|
|turn|14
|c| AdvanceShip|aber von specs freezy dry mamo
|c|âburgerfresser|xD
|c|âburgerfresser|was zum
|c| av kakuna|new meta
|
|switch|p1a: Gallade|Gallade-Mega, M|145\/314
|move|p2a: Heatran|Stealth Rock|p1a: Gallade
|-sidestart|p1: burgerfresser|move: Stealth Rock
|
|turn|15
|c| av kakuna|spiel ich in ubers
|
|switch|p2a: Tangrowth|Tangrowth, M|270\/404 brn
|move|p1a: Gallade|Will-O-Wisp|p2a: Tangrowth
|-fail|p2a: Tangrowth|brn
|
|-damage|p2a: Tangrowth|220\/404 brn|[from] brn
|turn|16
|c|âburgerfresser|seems legit
|
|switch|p1a: Dragalge|Dragalge, F|321\/321
|-damage|p1a: Dragalge|281\/321|[from] Stealth Rock
|switch|p2a: Landorus-Therian|Landorus-Therian, M|320\/320
|-ability|p2a: Landorus-Therian|Intimidate|[of] p1a: Dragalge
|-unboost|p1a: Dragalge|atk|1
|
|turn|17
|
|move|p2a: Landorus-Therian|Earthquake|p1a: Dragalge
|-supereffective|p1a: Dragalge
|-damage|p1a: Dragalge|0 fnt
|faint|p1a: Dragalge
|
|
|switch|p1a: Landorus-Therian|Landorus-Therian, M|298\/324
|-damage|p1a: Landorus-Therian|258\/324|[from] Stealth Rock
|-ability|p1a: Landorus-Therian|Intimidate|[of] p2a: Landorus-Therian
|-unboost|p2a: Landorus-Therian|atk|1
|turn|18
|
|switch|p2a: Tangrowth|Tangrowth, M|354\/404 brn
|move|p1a: Landorus-Therian|U-turn|p2a: Tangrowth
|-supereffective|p2a: Tangrowth
|-damage|p2a: Tangrowth|228\/404 brn
|
|switch|p1a: Magnezone|Magnezone|322\/322
|-damage|p1a: Magnezone|302\/322|[from] Stealth Rock
|
|-damage|p2a: Tangrowth|178\/404 brn|[from] brn
|turn|19
|
|move|p1a: Magnezone|Volt Switch|p2a: Tangrowth
|-resisted|p2a: Tangrowth
|-damage|p2a: Tangrowth|61\/404 brn
|
|switch|p1a: Heatran|Heatran, F|386\/386
|-damage|p1a: Heatran|338\/386|[from] Stealth Rock
|move|p2a: Tangrowth|Knock Off|p1a: Heatran
|-damage|p1a: Heatran|303\/386
|-enditem|p1a: Heatran|Leftovers|[from] move: Knock Off|[of] p2a: Tangrowth
|
|-damage|p2a: Tangrowth|11\/404 brn|[from] brn
|turn|20
|
|switch|p2a: Heatran|Heatran, M|261\/386
|move|p1a: Heatran|Stealth Rock|p2a: Heatran
|-sidestart|p2: pepsi|move: Stealth Rock
|
|turn|21
|
|switch|p1a: Landorus-Therian|Landorus-Therian, M|258\/324
|-damage|p1a: Landorus-Therian|218\/324|[from] Stealth Rock
|-ability|p1a: Landorus-Therian|Intimidate|[of] p2a: Heatran
|-unboost|p2a: Heatran|atk|1
|move|p2a: Heatran|Lava Plume|p1a: Landorus-Therian
|-damage|p1a: Landorus-Therian|85\/324
|
|turn|22
|
|switch|p2a: Tangrowth|Tangrowth, M|145\/404 brn
|-damage|p2a: Tangrowth|95\/404 brn|[from] Stealth Rock
|move|p1a: Landorus-Therian|U-turn|p2a: Tangrowth
|-supereffective|p2a: Tangrowth
|-damage|p2a: Tangrowth|0 fnt
|faint|p2a: Tangrowth
|
|switch|p1a: Slowbro|Slowbro, F|394\/394
|-damage|p1a: Slowbro|345\/394|[from] Stealth Rock
|
|-heal|p1a: Slowbro|369\/394|[from] item: Leftovers
|
|switch|p2a: Landorus-Therian|Landorus-Therian, M|320\/320
|-damage|p2a: Landorus-Therian|280\/320|[from] Stealth Rock
|-ability|p2a: Landorus-Therian|Intimidate|[of] p1a: Slowbro
|-unboost|p1a: Slowbro|atk|1
|turn|23
|
|move|p2a: Landorus-Therian|U-turn|p1a: Slowbro
|-supereffective|p1a: Slowbro
|-damage|p1a: Slowbro|249\/394
|
|switch|p2a: Latias|Latias, F|324\/324
|-damage|p2a: Latias|284\/324|[from] Stealth Rock
|move|p1a: Slowbro|Slack Off|p1a: Slowbro
|-heal|p1a: Slowbro|394\/394
|
|turn|24
|
|switch|p2a: Landorus-Therian|Landorus-Therian, M|280\/320
|-damage|p2a: Landorus-Therian|240\/320|[from] Stealth Rock
|-ability|p2a: Landorus-Therian|Intimidate|[of] p1a: Slowbro
|-unboost|p1a: Slowbro|atk|1
|move|p1a: Slowbro|Slack Off|p1a: Slowbro
|-fail|p1a: Slowbro
|
|turn|25
|
|move|p2a: Landorus-Therian|Knock Off|p1a: Slowbro
|-supereffective|p1a: Slowbro
|-damage|p1a: Slowbro|228\/394
|-enditem|p1a: Slowbro|Leftovers|[from] move: Knock Off|[of] p2a: Landorus-Therian
|move|p1a: Slowbro|Ice Beam|p2a: Landorus-Therian
|-supereffective|p2a: Landorus-Therian
|-damage|p2a: Landorus-Therian|0 fnt
|faint|p2a: Landorus-Therian
|
|c| cfzvgbhnjkk|wewewepunktgoegÃ¤Ã¤Ã¤lpunktdee
|
|switch|p2a: Latias|Latias, F|284\/324
|-damage|p2a: Latias|244\/324|[from] Stealth Rock
|turn|26
|c|âburgerfresser|ok
|
|switch|p1a: Heatran|Heatran, F|303\/386
|-damage|p1a: Heatran|255\/386|[from] Stealth Rock
|move|p2a: Latias|Defog|p1a: Heatran
|-unboost|p1a: Heatran|evasion|1
|-sideend|p1: burgerfresser|Stealth Rock|[from] move: Defog|[of] p1a: Heatran
|-sideend|p2: pepsi|Stealth Rock|[from] move: Defog|[of] p2a: Latias
|
|turn|27
|
|switch|p2a: Gyarados|Gyarados, M|298\/353
|move|p1a: Heatran|Stealth Rock|p2a: Gyarados
|-sidestart|p2: pepsi|move: Stealth Rock
|
|turn|28
|
|switch|p1a: Landorus-Therian|Landorus-Therian, M|85\/324
|-ability|p1a: Landorus-Therian|Intimidate|[of] p2a: Gyarados
|-unboost|p2a: Gyarados|atk|1
|move|p2a: Gyarados|Dragon Dance|p2a: Gyarados
|-boost|p2a: Gyarados|atk|1
|-boost|p2a: Gyarados|spe|1
|
|turn|29
|
|move|p2a: Gyarados|Waterfall|p1a: Landorus-Therian
|-supereffective|p1a: Landorus-Therian
|-damage|p1a: Landorus-Therian|0 fnt
|faint|p1a: Landorus-Therian
|-boost|p2a: Gyarados|atk|1|[from] ability: Moxie
|
|
|switch|p1a: Slowbro|Slowbro, F|359\/394
|turn|30
|
|detailschange|p2a: Gyarados|Gyarados-Mega, M
|-mega|p2a: Gyarados|Gyarados|Gyaradosite
|-ability|p2a: Gyarados|Mold Breaker
|move|p2a: Gyarados|Crunch|p1a: Slowbro
|-supereffective|p1a: Slowbro
|-damage|p1a: Slowbro|33\/394
|move|p1a: Slowbro|Toxic|p2a: Gyarados
|-status|p2a: Gyarados|tox
|
|-damage|p2a: Gyarados|276\/353 tox|[from] psn
|turn|31
|c|âburgerfresser|da bawlk is real o.O
|
|switch|p1a: Magnezone|Magnezone|302\/322
|move|p2a: Gyarados|Waterfall|p1a: Magnezone
|-damage|p1a: Magnezone|76\/322
|
|-damage|p2a: Gyarados|232\/353 tox|[from] psn
|turn|32
|
|move|p2a: Gyarados|Crunch|p1a: Magnezone
|-damage|p1a: Magnezone|0 fnt
|faint|p1a: Magnezone
|
|-damage|p2a: Gyarados|166\/353 tox|[from] psn
|
|switch|p1a: Heatran|Heatran, F|255\/386
|turn|33
|
|move|p1a: Heatran|Protect|p1a: Heatran
|-singleturn|p1a: Heatran|Protect
|move|p2a: Gyarados|Waterfall|p1a: Heatran
|-activate|p1a: Heatran|Protect
|
|-damage|p2a: Gyarados|78\/353 tox|[from] psn
|turn|34
|c| AdvanceShip|jolly gyaras sind weak af
|c| cfzvgbhnjkk|minndgame
|c|âburgerfresser|joah nur 409 atk mit max investment richtig weak
|c| av kakuna|nich wirklich
|c| cfzvgbhnjkk|doch
|c| av kakuna|crunch wÃ¼rde immer noch
|c| av kakuna|scheiÃe viel schaden machen
|c| AdvanceShip|+1 70% gegen magnezone ist meh
|c| AdvanceShip|mit +1 wird es von ninja gewallt
|c|âburgerfresser|lol
|
|move|p1a: Heatran|Protect|p1a: Heatran
|-fail|p1a: Heatran
|move|p2a: Gyarados|Earthquake|p1a: Heatran
|-supereffective|p1a: Heatran
|-damage|p1a: Heatran|0 fnt
|faint|p1a: Heatran
|
|-damage|p2a: Gyarados|0 fnt|[from] psn
|faint|p2a: Gyarados
|
|switch|p2a: Latias|Latias, F|244\/324
|switch|p1a: Slowbro|Slowbro, F|164\/394
|-damage|p2a: Latias|204\/324|[from] Stealth Rock
|turn|35
|
|switch|p1a: Gallade|Gallade-Mega, M|145\/314
|move|p2a: Latias|Draco Meteor|p1a: Gallade
|-damage|p1a: Gallade|0 fnt
|-unboost|p2a: Latias|spa|2
|-damage|p2a: Latias|172\/324|[from] item: Life Orb
|faint|p1a: Gallade
|
|
|switch|p1a: Slowbro|Slowbro, F|295\/394
|turn|36
|
|switch|p2a: Heatran|Heatran, M|261\/386
|-damage|p2a: Heatran|213\/386|[from] Stealth Rock
|move|p1a: Slowbro|Scald|p2a: Heatran
|-supereffective|p2a: Heatran
|-damage|p2a: Heatran|85\/386
|
|turn|37
|
|move|p2a: Heatran|Taunt|p1a: Slowbro
|-start|p1a: Slowbro|move: Taunt
|cant|p1a: Slowbro|move: Taunt|Slack Off
|
|turn|38
|
|move|p2a: Heatran|Lava Plume|p1a: Slowbro
|-resisted|p1a: Slowbro
|-damage|p1a: Slowbro|219\/394
|move|p1a: Slowbro|Scald|p2a: Heatran
|-supereffective|p2a: Heatran
|-damage|p2a: Heatran|0 fnt
|faint|p2a: Heatran
|
|
|switch|p2a: Latias|Latias, F|172\/324
|-damage|p2a: Latias|132\/324|[from] Stealth Rock
|turn|39
|c|âburgerfresser|gg
|
|move|p2a: Latias|Draco Meteor|p1a: Slowbro
|-damage|p1a: Slowbro|0 fnt
|-unboost|p2a: Latias|spa|2
|-damage|p2a: Latias|100\/324|[from] item: Life Orb
|faint|p1a: Slowbro
|
|win|pepsi
|raw|Ladder updating...
|c|âpepsi|gg
|raw|burgerfresser's rating: 1597 &rarr; <strong>1567<\/strong><br \/>(-30 for losing)
|raw|pepsi's rating: 1414 &rarr; <strong>1443<\/strong><br \/>(+29 for winning)