|join|burgerfresser
|join|MushMunkey
|join|Cicero Inc.
|join|AdvanceShip
|join|no NO NOOOOOOOO
|join|smdufgt
|player|p1|burgerfresser|260
|player|p2|MushMunkey|#cpgtan
|gametype|singles
|gen|6
|tier|OU (suspect test)
|clearpoke
|poke|p1|Dragonite, M, shiny
|poke|p1|Gardevoir, F, shiny
|poke|p1|Zapdos
|poke|p1|Chesnaught, F
|poke|p1|Heatran, F
|poke|p1|Landorus-Therian, M
|poke|p2|Azelf, shiny
|poke|p2|Raikou, shiny
|poke|p2|Metagross, shiny
|poke|p2|Landorus-Therian, M, shiny
|poke|p2|Keldeo-Resolute, shiny
|poke|p2|Bisharp, M, shiny
|rule|Swagger Clause: Swagger is banned
|rule|Baton Pass Clause: Limit one PokÃ©mon knowing Baton Pass
|rule|Sleep Clause Mod: Limit one foe put to sleep
|rule|Species Clause: Limit one of each PokÃ©mon
|rule|OHKO Clause: OHKO moves are banned
|rule|Moody Clause: Moody is banned
|rule|Evasion Moves Clause: Evasion moves are banned
|rule|Endless Battle Clause: Forcing endless battles is banned
|rule|HP Percentage Mod: HP is shown in percentages
|teampreview
|join|ShadowTV
|c|âburgerfresser|gl hf
|join|orei
|join|comp the bad
|join|el birde test
|join|Galactic Princess
|join|G00NY
|join|mach punch koes
|c| comp the bad|Is that
|c| comp the bad|THE
|join|I'M B4TMAN
|c| comp the bad|doughboy
|
|start
|switch|p1a: Heattransexsual|Heatran, F|386\/386
|switch|p2a: Athena|Azelf, shiny|291\/291
|turn|1
|join|av kakuna
|join|jeronado
|join|Ruzzel
|c|âMushMunkey|is it kek?
|c| Ruzzel|musshie!! :D
|leave|I'M B4TMAN
|join|Myliltony
|join|IAmGingy
|join|Druides
|join|pu is gross
|
|move|p2a: Athena|Skill Swap|p1a: Heattransexsual
|-activate|p2a: Athena|move: Skill Swap|Flash Fire|Levitate|[of] p1a: Heattransexsual
|move|p1a: Heattransexsual|Lava Plume|p2a: Athena
|-start|p2a: Athena|ability: Flash Fire
|
|turn|2
|join|Updated Kanto
|c| Ruzzel|oooo ooooooo
|c| G00NY|Oh NO!
|c| smdufgt|LOL
|c| jeronado|hue
|c|âburgerfresser|lol
|join|Not Canadian
|c| Ruzzel|oh shit. this just got real
|c| pu is gross|skilled
|c| pu is gross|to the max
|c|âburgerfresser|nice idea for mega sab?
|c| pu is gross|tbh
|c|+Not Canadian|hi is this where the memes are
|c|+Not Canadian|wait a second
|c|+Not Canadian|>giving heatran levitate
|c|+Not Canadian|good job nerd
|c|âMushMunkey|kek
|c|âburgerfresser|he has keldeo so....
|c|âMushMunkey|>IMPLYING KELDEO DOESNT DESTROY IT ANYWAY
|c| G00NY|>He can Fire Blast it now
|c|âMushMunkey|good 1 noob
|join|gfjhuf
|c| gfjhuf|is this showderp?
|
|move|p2a: Athena|Stealth Rock|p1a: Heattransexsual
|-sidestart|p1: burgerfresser|move: Stealth Rock
|move|p1a: Heattransexsual|Earth Power|p2a: Athena
|-damage|p2a: Athena|175\/291
|-unboost|p2a: Athena|spd|1
|
|turn|3
|c| G00NY|There is like
|c|+Not Canadian|yes
|c|+Not Canadian|there it is
|c|+Not Canadian|the skill
|c|+Not Canadian|the skilled spdef drop
|c| G00NY|Only 1 switchin to this Azelf right now
|
|switch|p2a: Poseidon|Keldeo-Resolute, shiny|324\/324
|move|p1a: Heattransexsual|Earth Power|p2a: Poseidon
|-damage|p2a: Poseidon|230\/324
|
|turn|4
|leave|IAmGingy
|c| Ruzzel|watch out for that random flash fire azrelf
|
|switch|p1a: Chestnaughty|Chesnaught, F|380\/380
|-damage|p1a: Chestnaughty|357\/380|[from] Stealth Rock
|move|p2a: Poseidon|Scald|p1a: Chestnaughty
|-resisted|p1a: Chestnaughty
|-damage|p1a: Chestnaughty|214\/380
|
|-heal|p1a: Chestnaughty|237\/380|[from] item: Leftovers
|turn|5
|
|move|p2a: Poseidon|Scald|p1a: Chestnaughty
|-resisted|p1a: Chestnaughty
|-damage|p1a: Chestnaughty|114\/380
|move|p1a: Chestnaughty|Leech Seed|p2a: Poseidon
|-start|p2a: Poseidon|move: Leech Seed
|
|-heal|p1a: Chestnaughty|137\/380|[from] item: Leftovers
|-damage|p2a: Poseidon|190\/324|[from] Leech Seed|[of] p1a: Chestnaughty
|-heal|p1a: Chestnaughty|177\/380|[silent]
|turn|6
|leave|gfjhuf
|
|switch|p2a: Athena|Azelf, shiny|175\/291
|move|p1a: Chestnaughty|Leech Seed|p2a: Athena
|-start|p2a: Athena|move: Leech Seed
|
|-heal|p1a: Chestnaughty|200\/380|[from] item: Leftovers
|-damage|p2a: Athena|139\/291|[from] Leech Seed|[of] p1a: Chestnaughty
|-heal|p1a: Chestnaughty|236\/380|[silent]
|turn|7
|
|switch|p2a: Ares|Metagross, shiny|301\/301
|move|p1a: Chestnaughty|Spiky Shield|p1a: Chestnaughty
|-fail|p1a: Chestnaughty
|
|-heal|p1a: Chestnaughty|259\/380|[from] item: Leftovers
|turn|8
|join|Pmma
|c| Pmma|>Azelf
|c| Pmma|>Athena
|c|âMushMunkey|>implying ur smart enough to know who Athena is
|c|âMushMunkey|__kid pls__
|c| Ruzzel|zen headbutt
|c|âburgerfresser|lol
|c| Pmma|Fuck you, this levels of much
|c| comp the bad|>>>>>>>
|c| Ruzzel|called it
|c|âMushMunkey|kek
|
|detailschange|p2a: Ares|Metagross-Mega, shiny
|-mega|p2a: Ares|Metagross|Metagrossite
|move|p1a: Chestnaughty|Spiky Shield|p1a: Chestnaughty
|-singleturn|p1a: Chestnaughty|move: Protect
|move|p2a: Ares|Zen Headbutt|p1a: Chestnaughty
|-activate|p1a: Chestnaughty|move: Protect
|-damage|p2a: Ares|264\/301|[from] Spiky Shield|[of] p1a: Chestnaughty
|
|-heal|p1a: Chestnaughty|282\/380|[from] item: Leftovers
|turn|9
|c| comp the bad|mush ur autistic
|c| Pmma|I mean, fuck you SO much
|c| Ruzzel|knew it
|c| comp the bad|Leech
|c| comp the bad|zen diesnt ko
|join|Fer1est
|
|switch|p1a: Heattransexsual|Heatran, F|386\/386
|-damage|p1a: Heattransexsual|338\/386|[from] Stealth Rock
|move|p2a: Ares|Zen Headbutt|p1a: Heattransexsual
|-resisted|p1a: Heattransexsual
|-damage|p1a: Heattransexsual|249\/386
|
|-heal|p1a: Heattransexsual|273\/386|[from] item: Leftovers
|turn|10
|join|Too much swog
|c| Pmma|Calling a male\/ungendered, my goddess of war
|join|Alldaalts
|
|switch|p1a: Landorus-Therian|Landorus-Therian, M|319\/319
|-damage|p1a: Landorus-Therian|280\/319|[from] Stealth Rock
|-ability|p1a: Landorus-Therian|Intimidate|[of] p2a: Ares
|-unboost|p2a: Ares|atk|1
|move|p2a: Ares|Hammer Arm|p1a: Landorus-Therian|[miss]
|-miss|p2a: Ares|p1a: Landorus-Therian
|
|turn|11
|c| G00NY|Athena is goddess of wisdom wtf
|c| comp the bad|Knock here
|leave|ShadowTV
|c| comp the bad|knock
|c| comp the bad|knock
|c| smdufgt|knock
|c| G00NY|Who
|c| G00NY|'is ther
|c| G00NY|there*
|c|âburgerfresser|lol
|join|oml it's too ez
|leave|oml it's too ez
|c| Ruzzel|megagross in anime *how the fuck do i move*
|c| G00NY|Dat Lando-T ava is so qute
|
|switch|p2a: Zeus|Raikou, shiny|321\/321
|-ability|p2a: Zeus|Pressure
|move|p1a: Landorus-Therian|U-turn|p2a: Zeus
|-damage|p2a: Zeus|208\/321
|c|âburgerfresser|sendin in counters?
|
|switch|p1a: Heattransexsual|Heatran, F|273\/386
|-damage|p1a: Heattransexsual|225\/386|[from] Stealth Rock
|
|-heal|p1a: Heattransexsual|249\/386|[from] item: Leftovers
|turn|12
|c| Ruzzel|mush i like your avi
|
|move|p2a: Zeus|Volt Switch|p1a: Heattransexsual
|-damage|p1a: Heattransexsual|176\/386
|join|LostToHax AGAIN
|join|flyingsweater
|c| G00NY|Aww man
|c| G00NY|You run Shiny Raikou with no Aura Sphere?
|c| G00NY|:[
|c| G00NY|Wait nvm
|c|âburgerfresser|lol
|join|Itachi-the-Boss
|c| G00NY|it gets a shit nature
|c|âburgerfresser|maybe its espeed xD
|c| G00NY|with sphere
|
|switch|p2a: Poseidon|Keldeo-Resolute, shiny|190\/324
|move|p1a: Heattransexsual|Lava Plume|p2a: Poseidon
|-resisted|p2a: Poseidon
|-damage|p2a: Poseidon|125\/324
|
|-heal|p1a: Heattransexsual|200\/386|[from] item: Leftovers
|turn|13
|c| G00NY|mehbeh
|c| Ruzzel|gogogo pussi
|c| G00NY|E Speed Work up Raikou new meta
|
|switch|p1a: Chestnaughty|Chesnaught, F|282\/380
|-damage|p1a: Chestnaughty|259\/380|[from] Stealth Rock
|move|p2a: Poseidon|Scald|p1a: Chestnaughty
|-resisted|p1a: Chestnaughty
|-damage|p1a: Chestnaughty|122\/380
|
|-heal|p1a: Chestnaughty|145\/380|[from] item: Leftovers
|turn|14
|c| Ruzzel|specs?
|
|move|p2a: Poseidon|Scald|p1a: Chestnaughty
|-resisted|p1a: Chestnaughty
|-damage|p1a: Chestnaughty|11\/380
|move|p1a: Chestnaughty|Leech Seed|p2a: Poseidon
|-start|p2a: Poseidon|move: Leech Seed
|
|-heal|p1a: Chestnaughty|34\/380|[from] item: Leftovers
|-damage|p2a: Poseidon|85\/324|[from] Leech Seed|[of] p1a: Chestnaughty
|-heal|p1a: Chestnaughty|74\/380|[silent]
|turn|15
|c| G00NY|damn this is brutal
|c| Pmma|el spike
|c| Ruzzel|its a specs pussi
|c| G00NY|like 4 scalds no burn
|c| Ary|those are some nice
|c| Ary|burns
|c| Ary|tbh
|c|âburgerfresser|dat 50:50
|
|move|p1a: Chestnaughty|Spiky Shield|p1a: Chestnaughty
|-singleturn|p1a: Chestnaughty|move: Protect
|move|p2a: Poseidon|Scald|p1a: Chestnaughty
|-activate|p1a: Chestnaughty|move: Protect
|
|-heal|p1a: Chestnaughty|97\/380|[from] item: Leftovers
|-damage|p2a: Poseidon|45\/324|[from] Leech Seed|[of] p1a: Chestnaughty
|-heal|p1a: Chestnaughty|137\/380|[silent]
|turn|16
|c| Pmma|its not a 50:50 you dumb cunt
|c|âburgerfresser|ok
|c| Ruzzel|lollll
|c| Ruzzel|its 30
|join|derp team tester
|c| smdufgt|Pmma calm your tits
|c| G00NY|50:50 as in switch out or Spiky Shield
|
|move|p2a: Poseidon|Scald|p1a: Chestnaughty
|-resisted|p1a: Chestnaughty
|-damage|p1a: Chestnaughty|0 fnt
|faint|p1a: Chestnaughty
|
|c| G00NY|>.>
|c| Ary|ayy lmao
|c| Pmma|not even that way
|c| comp the bad|holy shit these kids are so autistic
|c| Pmma|is a 50:50
|c| G00NY|Bruh
|c| Pmma|fuck this, im gonna take a shit
|leave|Pmma
|join|Faglord Christo
|c| G00NY|I gave you 2 options
|leave|Faglord Christo m8
|c| G00NY|That is a 50\/50
|c| Fer1est|perfect
|c| Ary|ââââââââââââââ
|c| smdufgt|gone
|
|switch|p1a: Fap-dos|Zapdos|384\/384
|-damage|p1a: Fap-dos|288\/384|[from] Stealth Rock
|-ability|p1a: Fap-dos|Pressure
|turn|17
|join|kkeennnnaayy
|
|move|p2a: Poseidon|Scald|p1a: Fap-dos
|-damage|p1a: Fap-dos|60\/384
|-status|p1a: Fap-dos|brn
|move|p1a: Fap-dos|Roost|p1a: Fap-dos
|-heal|p1a: Fap-dos|252\/384 brn
|
|-heal|p1a: Fap-dos|276\/384 brn|[from] item: Leftovers
|-damage|p2a: Poseidon|5\/324|[from] Leech Seed|[of] p1a: Fap-dos
|-heal|p1a: Fap-dos|316\/384 brn|[silent]
|-damage|p1a: Fap-dos|268\/384 brn|[from] brn
|turn|18
|c| Ruzzel|ooo BURN
|c| smdufgt|THERE YOU GO
|
|switch|p2a: Hades|Bisharp, M, shiny|271\/271
|move|p1a: Fap-dos|Roost|p1a: Fap-dos
|-heal|p1a: Fap-dos|384\/384 brn
|
|-damage|p1a: Fap-dos|336\/384 brn|[from] brn
|turn|19
|c| Ruzzel|fap dos XD
|c|âburgerfresser|.-.
|c| G00NY|You only Fap once imo
|
|switch|p2a: Poseidon|Keldeo-Resolute, shiny|5\/324
|move|p1a: Fap-dos|Thunderbolt|p2a: Poseidon
|-supereffective|p2a: Poseidon
|-damage|p2a: Poseidon|0 fnt
|faint|p2a: Poseidon
|
|-heal|p1a: Fap-dos|360\/384 brn|[from] item: Leftovers
|-damage|p1a: Fap-dos|312\/384 brn|[from] brn
|c|âburgerfresser|lol
|join|Quizzart
|
|switch|p2a: Athena|Azelf, shiny|139\/291
|turn|20
|join|Apathos
|join|Thundurus User
|join|RayDalio
|
|move|p2a: Athena|Explosion|p1a: Fap-dos
|-damage|p1a: Fap-dos|65\/384 brn
|faint|p2a: Athena
|move|p1a: Fap-dos|Roost|p1a: Fap-dos
|-heal|p1a: Fap-dos|257\/384 brn
|
|-heal|p1a: Fap-dos|281\/384 brn|[from] item: Leftovers
|-damage|p1a: Fap-dos|233\/384 brn|[from] brn
|c| Ruzzel|wow
|c| smdufgt|rekt
|
|switch|p2a: Ares|Metagross-Mega, shiny|264\/301
|turn|21
|c| jeronado|:]
|c| Ruzzel|selfrekt
|c| smdufgt|^
|c| G00NY|Watch this play
|c| Ruzzel|rektplosion
|leave|Too much swog
|c| G00NY|reveal Hammer Arm + EQ
|c| Thundurus User|Play incoming
|c|âburgerfresser|lol
|c| Thundurus User|^
|
|move|p2a: Ares|Ice Punch|p1a: Fap-dos
|-supereffective|p1a: Fap-dos
|-damage|p1a: Fap-dos|21\/384 brn
|move|p1a: Fap-dos|Defog|p2a: Ares
|-unboost|p2a: Ares|evasion|1
|-sideend|p1: burgerfresser|Stealth Rock|[from] move: Defog|[of] p1a: Fap-dos
|
|-heal|p1a: Fap-dos|45\/384 brn|[from] item: Leftovers
|-damage|p1a: Fap-dos|0 fnt|[from] brn
|faint|p1a: Fap-dos
|join|BlurryCineplex
|c| Ruzzel|reveal ice punch
|c| Ruzzel|gg
|c| G00NY|Yo I just realised
|join|kektus
|
|switch|p1a: Pimpnite|Dragonite, M, shiny|343\/343
|turn|22
|c| kektus|Oh
|c| Ruzzel|realized **
|c| G00NY|Hammer Arm + EQ is real asf
|c|âburgerfresser|fuuuu ice punch fucks me
|leave|kkeennnnaayy
|c| G00NY|Don't do it
|c| kektus|fuuuu
|c| Ruzzel|gogogoogogogogogo
|join|Too much swog
|c| G00NY|Burgerfresser is a ladder hero
|
|move|p2a: Ares|Ice Punch|p1a: Pimpnite
|-supereffective|p1a: Pimpnite
|-damage|p1a: Pimpnite|79\/343
|move|p1a: Pimpnite|Earthquake|p2a: Ares
|-crit|p2a: Ares
|-supereffective|p2a: Ares
|-damage|p2a: Ares|0 fnt
|faint|p2a: Ares
|
|c| kektus|no
|c| Ruzzel|ice punch times 8 for all the legs
|c| kektus|thats MushMunkey
|c| no NO NOOOOOOOO|bop
|c|âMushMunkey|ok
|c| kektus|HAHAHAHAHA
|c|âburgerfresser|lol
|c| Ruzzel|ooooo burnnnn
|c| kektus|HA HA H A HA
|c| smdufgt|lol
|c| jeronado|gawn
|c| smdufgt|why
|c| kektus|LADDER HERO
|c| kektus|WINNING FROM SKILL
|c| Ruzzel|omg KEKTUS!! :D
|join|i came from leddit
|c| kektus|:D
|c| comp the bad|He bishes here
|c|âburgerfresser|i trolled .-.
|c| Ruzzel|hi hi
|c| Ruzzel|CRIT MATTERED
|
|switch|p2a: Zeus|Raikou, shiny|208\/321
|-ability|p2a: Zeus|Pressure
|turn|23
|c| Ruzzel|GG
|join|IamChow
|c| flyingsweater|>not lando
|c| flyingsweater|ur shit mush
|c| comp the bad|Save dnite
|join|a brick
|c| comp the bad|predict right here kid
|c|âburgerfresser|lol
|c| comp the bad|Predict volt and go lando
|c| comp the bad|JK GO TRAN
|c| smdufgt|JK GO HOME
|c|âburgerfresser|these 50:50s man
|c| Ruzzel|reveal HYPER BEAM!
|c| G00NY|Every dragonite should be names Quetzal
|c| comp the bad|50\/50s ban them xD
|c| comp the bad|ban 50\/50s!
|c| flyingsweater|these ladder shitters taking their time as if this a spl
|c| flyingsweater|hurry the fuck up kids
|c| Ruzzel|XD
|c|âburgerfresser|lol
|c| no NO NOOOOOOOO|lol
|join|Reud
|c| Ary|sweater this is ou room pl...
|c| Ary|it's a big deal!
|c| Thundurus User|Lol
|
|switch|p1a: Heattransexsual|Heatran, F|200\/386
|move|p2a: Zeus|Volt Switch|p1a: Heattransexsual
|-damage|p1a: Heattransexsual|124\/386
|c| Ruzzel|oooooooo
|c| comp the bad|U BLEW IT
|join|Jefo
|c|âburgerfresser|omg i wasnt real enough
|c| G00NY|Ahhh good plays by both
|
|switch|p2a: Hades|Bisharp, M, shiny|271\/271
|
|-heal|p1a: Heattransexsual|148\/386|[from] item: Leftovers
|turn|24
|leave|kektus
|c| comp the bad|FAST LEFTIES TRAN REVEAL
|c| comp the bad|SUCKER MUSH
|
|move|p2a: Hades|Knock Off|p1a: Heattransexsual
|-damage|p1a: Heattransexsual|0 fnt
|-enditem|p1a: Heattransexsual|Leftovers|[from] move: Knock Off|[of] p2a: Hades
|-damage|p2a: Hades|244\/271|[from] item: Life Orb
|faint|p1a: Heattransexsual
|
|c| Ruzzel|superpower tran revealed!
|c| Ruzzel|hax!
|c|âburgerfresser|lol
|join|Teremiare
|c| Ruzzel|megarvevoir close combat ! GO!
|c|âburgerfresser|if i dont get a low roll its gg .-.
|
|switch|p1a: Gardewhore|Gardevoir, F, shiny|277\/277
|-ability|p1a: Gardewhore|Defiant|[from] ability: Trace|[of] p2a: Hades
|turn|25
|c| Ruzzel|or actually its superpower landot
|c| Ruzzel|if you got it
|c|âburgerfresser|yeah chause dat helpes me vs +1lo sucker
|c| Ruzzel|sr first. lawl
|join|I'm Rick Astley
|c| G00NY|Swords Dance if absolutely real
|c| Ruzzel|defiant him up
|c| jeronado|reveal willo
|c| smdufgt|focus miss if absolutely real
|
|switch|p2a: Zeus|Raikou, shiny|208\/321
|-ability|p2a: Zeus|Pressure
|detailschange|p1a: Gardewhore|Gardevoir-Mega, F, shiny
|-mega|p1a: Gardewhore|Gardevoir|Gardevoirite
|move|p1a: Gardewhore|Hyper Voice|p2a: Zeus
|-damage|p2a: Zeus|40\/321
|
|turn|26
|c| Ruzzel|much wow
|c| G00NY|yum!!!
|c|âburgerfresser|eatin it up o.O
|
|switch|p1a: Landorus-Therian|Landorus-Therian, M|280\/319
|-ability|p1a: Landorus-Therian|Intimidate|[of] p2a: Zeus
|-unboost|p2a: Zeus|atk|1
|move|p2a: Zeus|Hidden Power|p1a: Landorus-Therian
|-supereffective|p1a: Landorus-Therian
|-damage|p1a: Landorus-Therian|0 fnt
|faint|p1a: Landorus-Therian
|
|c| G00NY|Oh that was actually a good play
|c|âMushMunkey|gg
|c| Ary|lmao
|c| G00NY|props Mush
|c| Ruzzel|oooooo burn
|c|âburgerfresser|gg
|c| smdufgt|bam
|c| comp the bad|Fucking kid goes lando
|
|switch|p1a: Pimpnite|Dragonite, M, shiny|79\/343
|turn|27
|c| comp the bad|how bad
|c|âMushMunkey|wow g00ny
|c|âMushMunkey|where all my other plays
|c|âMushMunkey|bad?
|c|âMushMunkey|or something
|c| G00NY|No
|c| jeronado|:[
|c| G00NY|I'm jus saying
|c| Thundurus User|Nah.
|c| Thundurus User|Lol
|c| G00NY|that was a really good play
|c|âMushMunkey|yeah i get it
|c|âMushMunkey|IM BAD
|c|âMushMunkey|IN UR EYES
|c|âMushMunkey|I SEE
|raw|<div class="broadcast-red"><b>Moderated chat was set to +!<\/b><br \/>Only users of rank + and higher can talk.<\/div>
|c|âMushMunkey|U DONT NEED TO KEEP TELLING ME
|c|âMushMunkey|ITS OK!
|
|switch|p2a: Artemis|Landorus-Therian, M, shiny|335\/335
|-ability|p2a: Artemis|Intimidate|[of] p1a: Pimpnite
|-unboost|p1a: Pimpnite|atk|1
|move|p1a: Pimpnite|Extreme Speed|p2a: Artemis
|-damage|p2a: Artemis|221\/335
|
|turn|28
|leave|i came from leddit
|join|Latias
|c|âburgerfresser|crit plz .-.
|
|move|p1a: Pimpnite|Extreme Speed|p2a: Artemis
|-damage|p2a: Artemis|96\/335
|move|p2a: Artemis|U-turn|p1a: Pimpnite
|-resisted|p1a: Pimpnite
|-damage|p1a: Pimpnite|29\/343
|
|switch|p2a: Hades|Bisharp, M, shiny|244\/271
|
|turn|29
|
|move|p1a: Pimpnite|Extreme Speed|p2a: Hades
|-resisted|p2a: Hades
|-damage|p2a: Hades|189\/271
|move|p2a: Hades|Iron Head|p1a: Pimpnite
|-damage|p1a: Pimpnite|0 fnt
|-damage|p2a: Hades|162\/271|[from] item: Life Orb
|faint|p1a: Pimpnite
|
|c|âburgerfresser|gg
|
|switch|p1a: Gardewhore|Gardevoir-Mega, F, shiny|277\/277
|turn|30
|c|âMushMunkey|kek
|
|move|p2a: Hades|Sucker Punch|p1a: Gardewhore
|-damage|p1a: Gardewhore|22\/277
|-damage|p2a: Hades|135\/271|[from] item: Life Orb
|move|p1a: Gardewhore|Hyper Voice|p2a: Hades
|-damage|p2a: Hades|0 fnt
|faint|p2a: Hades
|
|
|switch|p2a: Zeus|Raikou, shiny|40\/321
|-ability|p2a: Zeus|Pressure
|turn|31
|
|move|p2a: Zeus|Volt Switch|p1a: Gardewhore
|-crit|p1a: Gardewhore
|-damage|p1a: Gardewhore|0 fnt
|faint|p1a: Gardewhore
|
|win|MushMunkey
|leave|Jefo
|leave|Alldaalts
|leave|Teremiare
|leave|IamChow
|leave|Thundurus User
|leave|Ruzzel
|leave|MushMunkey
|leave|G00NY
|leave|jeronado
|leave|smdufgt
|leave|derp team tester
|leave|av kakuna
|leave|el birde test
|player|p2
|leave|no NO NOOOOOOOO
|leave|Fer1est
|leave|Ary
|leave|flyingsweater