|join|Alkov
|join|Brunited
|player|p1|Alkov|256
|player|p2|Brunited|267
|gametype|singles
|gen|6
|tier|OU
|rated
|clearpoke
|poke|p1|Charizard, M
|poke|p1|Tyranitar, F
|poke|p1|Excadrill, M
|poke|p1|Rotom-Wash
|poke|p1|Gengar, F
|poke|p1|Breloom, M
|poke|p2|Cottonee, M
|poke|p2|Whimsicott, M
|poke|p2|Smeargle, F
|poke|p2|Azelf
|poke|p2|Espeon, F
|poke|p2|Gothitelle, M
|rule|Swagger Clause: Swagger is banned
|rule|Baton Pass Clause: Limit one PokÃ©mon knowing Baton Pass
|rule|Sleep Clause Mod: Limit one foe put to sleep
|rule|Species Clause: Limit one of each PokÃ©mon
|rule|OHKO Clause: OHKO moves are banned
|rule|Moody Clause: Moody is banned
|rule|Evasion Moves Clause: Evasion moves are banned
|rule|Endless Battle Clause: Forcing endless battles is banned
|rule|HP Percentage Mod: HP is shown in percentages
|teampreview
|c|âAlkov|ahhh BP
|
|start
|switch|p1a: Tyranitar|Tyranitar, F|404\/404
|switch|p2a: Cottonee|Cottonee, M|284\/284
|-weather|Sandstorm
|turn|1
|
|move|p2a: Cottonee|Tailwind|p2a: Cottonee
|-sidestart|p2: Brunited|move: Tailwind
|move|p1a: Tyranitar|Stealth Rock|p2a: Cottonee
|-sidestart|p2: Brunited|move: Stealth Rock
|
|-weather|Sandstorm|[upkeep]
|-damage|p2a: Cottonee|267\/284|[from] sandstorm
|turn|2
|
|switch|p1a: Rotom-Wash|Rotom-Wash|304\/304
|move|p2a: Cottonee|Memento|p1a: Rotom-Wash
|-unboost|p1a: Rotom-Wash|atk|2
|-unboost|p1a: Rotom-Wash|spa|2
|faint|p2a: Cottonee
|
|-weather|Sandstorm|[upkeep]
|-damage|p1a: Rotom-Wash|285\/304|[from] sandstorm
|-heal|p1a: Rotom-Wash|304\/304|[from] item: Leftovers
|
|switch|p2a: Azelf|Azelf|354\/354
|-damage|p2a: Azelf|310\/354|[from] Stealth Rock
|turn|3
|
|move|p2a: Azelf|Light Screen|p2a: Azelf
|-sidestart|p2: Brunited|move: Light Screen
|move|p1a: Rotom-Wash|Volt Switch|p2a: Azelf
|-damage|p2a: Azelf|280\/354
|
|switch|p1a: Excadrill|Excadrill, M|359\/359
|
|-weather|Sandstorm|[upkeep]
|-damage|p2a: Azelf|258\/354|[from] sandstorm
|turn|4
|
|move|p2a: Azelf|Reflect|p2a: Azelf
|-sidestart|p2: Brunited|Reflect
|move|p1a: Excadrill|Iron Head|p2a: Azelf
|-damage|p2a: Azelf|110\/354
|-damage|p1a: Excadrill|324\/359|[from] item: Life Orb
|
|-weather|Sandstorm|[upkeep]
|-damage|p2a: Azelf|88\/354|[from] sandstorm
|-sideend|p2: Brunited|move: Tailwind
|turn|5
|
|switch|p1a: Gengar|Gengar, F|261\/261
|move|p2a: Azelf|Explosion|p1a: Gengar
|-immune|p1a: Gengar|[msg]
|faint|p2a: Azelf
|
|-weather|Sandstorm|[upkeep]
|-damage|p1a: Gengar|245\/261|[from] sandstorm
|
|switch|p2a: Whimsicott|Whimsicott, M|324\/324
|-damage|p2a: Whimsicott|284\/324|[from] Stealth Rock
|turn|6
|
|move|p2a: Whimsicott|Memento|p1a: Gengar
|-unboost|p1a: Gengar|atk|2
|-unboost|p1a: Gengar|spa|2
|faint|p2a: Whimsicott
|move|p1a: Gengar|Taunt|p2: Whimsicott|[notarget]
|-notarget
|
|-weather|Sandstorm|[upkeep]
|-damage|p1a: Gengar|229\/261|[from] sandstorm
|
|switch|p2a: Gothitelle|Gothitelle, M|282\/282
|-damage|p2a: Gothitelle|247\/282|[from] Stealth Rock
|turn|7
|
|switch|p1a: Tyranitar|Tyranitar, F|404\/404
|move|p2a: Gothitelle|Trick|p1a: Tyranitar
|-activate|p2a: Gothitelle|move: Trick|[of] p1a: Tyranitar
|-item|p1a: Tyranitar|Choice Scarf|[from] move: Trick
|-item|p2a: Gothitelle|Smooth Rock|[from] move: Trick
|
|-weather|Sandstorm|[upkeep]
|-damage|p2a: Gothitelle|230\/282|[from] sandstorm
|turn|8
|
|switch|p2a: Smeargle|Smeargle, F|314\/314
|-damage|p2a: Smeargle|275\/314|[from] Stealth Rock
|move|p1a: Tyranitar|Stone Edge|p2a: Smeargle|[miss]
|-miss|p1a: Tyranitar|p2a: Smeargle
|
|-weather|none
|turn|9
|c|âAlkov|nice dodge
|
|move|p1a: Tyranitar|Stone Edge|p2a: Smeargle|[miss]
|-miss|p1a: Tyranitar|p2a: Smeargle
|move|p2a: Smeargle|Spore|p1a: Tyranitar
|-status|p1a: Tyranitar|slp
|
|turn|10
|c|âAlkov|are you serious
|
|switch|p1a: Breloom|Breloom, M|262\/262
|move|p2a: Smeargle|Geomancy|p2a: Smeargle|[still]
|-prepare|p2a: Smeargle|Geomancy|p2a: Smeargle
|-enditem|p2a: Smeargle|Power Herb
|-anim|p2a: Smeargle|Geomancy|p2a: Smeargle
|-boost|p2a: Smeargle|spa|2
|-boost|p2a: Smeargle|spd|2
|-boost|p2a: Smeargle|spe|2
|
|-sideend|p2: Brunited|move: Light Screen
|turn|11
|
|move|p1a: Breloom|Mach Punch|p2a: Smeargle
|-supereffective|p2a: Smeargle
|-damage|p2a: Smeargle|128\/314
|move|p2a: Smeargle|Baton Pass|p2a: Smeargle
|
|switch|p2a: Espeon|Espeon, F|272\/272
|-damage|p2a: Espeon|238\/272|[from] Stealth Rock
|
|-heal|p2a: Espeon|255\/272|[from] item: Leftovers
|-sideend|p2: Brunited|Reflect
|turn|12
|
|move|p2a: Espeon|Stored Power|p1a: Breloom
|-supereffective|p1a: Breloom
|-enditem|p1a: Breloom|Focus Sash
|-damage|p1a: Breloom|1\/262
|move|p1a: Breloom|Bullet Seed|p2a: Espeon
|-damage|p2a: Espeon|146\/272
|-damage|p2a: Espeon|31\/272
|-damage|p2a: Espeon|0 fnt
|-hitcount|p2a: Espeon|3
|faint|p2a: Espeon
|
|c|âAlkov|EZPZ
|-message|Brunited forfeited.
|
|win|Alkov
|raw|Ladder updating...
|leave|Brunited
|player|p2