|join|Alkov
|join|mohitsenapaty
|player|p1|Alkov|256
|player|p2|mohitsenapaty|265
|gametype|singles
|gen|6
|tier|OU
|rated
|clearpoke
|poke|p1|Gengar, M, shiny
|poke|p1|Scizor, M
|poke|p1|Landorus, M
|poke|p1|Heatran, F
|poke|p1|Slowbro, M
|poke|p1|Conkeldurr, M
|poke|p2|Landorus, M
|poke|p2|Skarmory, M
|poke|p2|Venusaur, F
|poke|p2|Kyurem-Black
|poke|p2|Tyranitar, M
|poke|p2|Rotom-Wash
|rule|Swagger Clause: Swagger is banned
|rule|Baton Pass Clause: Limit one PokÃ©mon knowing Baton Pass
|rule|Sleep Clause Mod: Limit one foe put to sleep
|rule|Species Clause: Limit one of each PokÃ©mon
|rule|OHKO Clause: OHKO moves are banned
|rule|Moody Clause: Moody is banned
|rule|Evasion Moves Clause: Evasion moves are banned
|rule|Endless Battle Clause: Forcing endless battles is banned
|rule|HP Percentage Mod: HP is shown in percentages
|teampreview
|
|start
|switch|p1a: Conkeldurr|Conkeldurr, M|414\/414
|switch|p2a: Rotom-Wash|Rotom-Wash|304\/304
|turn|1
|
|move|p2a: Rotom-Wash|Will-O-Wisp|p1a: Conkeldurr
|-status|p1a: Conkeldurr|brn
|move|p1a: Conkeldurr|Knock Off|p2a: Rotom-Wash
|-damage|p2a: Rotom-Wash|166\/304
|-enditem|p2a: Rotom-Wash|Leftovers|[from] move: Knock Off|[of] p1a: Conkeldurr
|
|-damage|p1a: Conkeldurr|363\/414 brn|[from] brn
|turn|2
|c|âAlkov|thanks for guts boost 
|
|move|p2a: Rotom-Wash|Volt Switch|p1a: Conkeldurr
|-damage|p1a: Conkeldurr|279\/414 brn
|
|switch|p2a: Venusaur|Venusaur, F|363\/363
|move|p1a: Conkeldurr|Drain Punch|p2a: Venusaur
|-resisted|p2a: Venusaur
|-damage|p2a: Venusaur|253\/363
|-heal|p1a: Conkeldurr|334\/414 brn|[from] drain|[of] p2a: Venusaur
|
|-damage|p1a: Conkeldurr|283\/414 brn|[from] brn
|turn|3
|
|switch|p1a: Heatran|Heatran, F|386\/386
|detailschange|p2a: Venusaur|Venusaur-Mega, F
|message|Venusaur has Mega Evolved into Mega Venusaur!
|move|p2a: Venusaur|Giga Drain|p1a: Heatran
|-crit|p1a: Heatran
|-resisted|p1a: Heatran
|-damage|p1a: Heatran|361\/386
|-heal|p2a: Venusaur|266\/363|[from] drain|[of] p1a: Heatran
|
|-heal|p1a: Heatran|385\/386|[from] item: Leftovers
|turn|4
|
|move|p2a: Venusaur|Earthquake|p1a: Heatran
|-crit|p1a: Heatran
|-supereffective|p1a: Heatran
|-damage|p1a: Heatran|0 fnt
|faint|p1a: Heatran
|
|c|âmohitsenapaty|sorry
|
|switch|p1a: Scizor|Scizor, M|344\/344
|turn|5
|
|detailschange|p1a: Scizor|Scizor-Mega, M
|message|Scizor has Mega Evolved into Mega Scizor!
|move|p2a: Venusaur|Hidden Power|p1a: Scizor
|-supereffective|p1a: Scizor
|-damage|p1a: Scizor|112\/344
|move|p1a: Scizor|Knock Off|p2a: Venusaur
|-damage|p2a: Venusaur|209\/363
|
|turn|6
|
|switch|p1a: Gengar|Gengar, M, shiny|268\/268
|move|p2a: Venusaur|Hidden Power|p1a: Gengar
|-damage|p1a: Gengar|198\/268
|
|-heal|p1a: Gengar|214\/268|[from] item: Black Sludge
|turn|7
|
|switch|p2a: Skarmory|Skarmory, M|334\/334
|move|p1a: Gengar|Will-O-Wisp|p2a: Skarmory
|-status|p2a: Skarmory|brn
|
|-heal|p1a: Gengar|230\/268|[from] item: Black Sludge
|-damage|p2a: Skarmory|293\/334 brn|[from] brn
|turn|8
|
|move|p1a: Gengar|Taunt|p2a: Skarmory
|-start|p2a: Skarmory|move: Taunt
|cant|p2a: Skarmory|move: Taunt|Stealth Rock
|
|-heal|p1a: Gengar|246\/268|[from] item: Black Sludge
|-damage|p2a: Skarmory|252\/334 brn|[from] brn
|turn|9
|
|move|p1a: Gengar|Substitute|p1a: Gengar
|-start|p1a: Gengar|Substitute
|-damage|p1a: Gengar|179\/268
|move|p2a: Skarmory|Brave Bird|p1a: Gengar
|-end|p1a: Gengar|Substitute
|-damage|p2a: Skarmory|230\/334 brn|[from] recoil|[of] p1a: Gengar
|
|-heal|p1a: Gengar|195\/268|[from] item: Black Sludge
|-damage|p2a: Skarmory|189\/334 brn|[from] brn
|turn|10
|
|move|p1a: Gengar|Substitute|p1a: Gengar
|-start|p1a: Gengar|Substitute
|-damage|p1a: Gengar|128\/268
|move|p2a: Skarmory|Brave Bird|p1a: Gengar
|-end|p1a: Gengar|Substitute
|-damage|p2a: Skarmory|167\/334 brn|[from] recoil|[of] p1a: Gengar
|
|-heal|p1a: Gengar|144\/268|[from] item: Black Sludge
|-damage|p2a: Skarmory|126\/334 brn|[from] brn
|-end|p2a: Skarmory|move: Taunt
|turn|11
|
|switch|p2a: Landorus|Landorus, M|320\/320
|move|p1a: Gengar|Shadow Ball|p2a: Landorus
|-crit|p2a: Landorus
|-damage|p2a: Landorus|76\/320
|
|-heal|p1a: Gengar|160\/268|[from] item: Black Sludge
|turn|12
|
|move|p1a: Gengar|Substitute|p1a: Gengar
|-start|p1a: Gengar|Substitute
|-damage|p1a: Gengar|93\/268
|move|p2a: Landorus|Psychic|p1a: Gengar
|-supereffective|p1a: Gengar
|-end|p1a: Gengar|Substitute
|
|-heal|p1a: Gengar|109\/268|[from] item: Black Sludge
|turn|13
|
|switch|p2a: Tyranitar|Tyranitar, M|404\/404
|-weather|Sandstorm
|move|p1a: Gengar|Shadow Ball|p2a: Tyranitar
|-resisted|p2a: Tyranitar
|-damage|p2a: Tyranitar|362\/404
|
|-weather|Sandstorm|[upkeep]
|-damage|p1a: Gengar|93\/268|[from] sandstorm
|-heal|p1a: Gengar|109\/268|[from] item: Black Sludge
|turn|14
|
|move|p2a: Tyranitar|Pursuit|p1a: Gengar|[from]Pursuit
|-supereffective|p1a: Gengar
|-damage|p1a: Gengar|0 fnt
|faint|p1a: Gengar
|
|-weather|Sandstorm|[upkeep]
|
|switch|p1a: Scizor|Scizor-Mega, M|112\/344
|turn|15
|
|switch|p2a: Rotom-Wash|Rotom-Wash|166\/304
|move|p1a: Scizor|Roost|p1a: Scizor
|-heal|p1a: Scizor|284\/344
|
|-weather|Sandstorm|[upkeep]
|-damage|p2a: Rotom-Wash|147\/304|[from] sandstorm
|turn|16
|
|switch|p1a: Conkeldurr|Conkeldurr, M|283\/414 brn
|move|p2a: Rotom-Wash|Pain Split|p1a: Conkeldurr
|-sethp|p1a: Conkeldurr|215\/414 brn|p2a: Rotom-Wash|215\/304|[from] move: Pain Split
|
|-weather|Sandstorm|[upkeep]
|-damage|p2a: Rotom-Wash|196\/304|[from] sandstorm
|-damage|p1a: Conkeldurr|190\/414 brn|[from] sandstorm
|-damage|p1a: Conkeldurr|139\/414 brn|[from] brn
|turn|17
|
|move|p2a: Rotom-Wash|Volt Switch|p1a: Conkeldurr
|-damage|p1a: Conkeldurr|60\/414 brn
|
|switch|p2a: Skarmory|Skarmory, M|126\/334 brn
|move|p1a: Conkeldurr|Drain Punch|p2a: Skarmory
|-damage|p2a: Skarmory|0 fnt
|-heal|p1a: Conkeldurr|123\/414 brn|[from] drain|[of] p2a: Skarmory
|faint|p2a: Skarmory
|
|-weather|none
|-damage|p1a: Conkeldurr|72\/414 brn|[from] brn
|
|switch|p2a: Venusaur|Venusaur-Mega, F|209\/363
|turn|18
|
|move|p1a: Conkeldurr|Mach Punch|p2a: Venusaur
|-resisted|p2a: Venusaur
|-damage|p2a: Venusaur|166\/363
|move|p2a: Venusaur|Synthesis|p2a: Venusaur
|-heal|p2a: Venusaur|347\/363
|
|-damage|p1a: Conkeldurr|21\/414 brn|[from] brn
|turn|19
|
|move|p1a: Conkeldurr|Mach Punch|p2a: Venusaur
|-resisted|p2a: Venusaur
|-damage|p2a: Venusaur|303\/363
|move|p2a: Venusaur|Giga Drain|p1a: Conkeldurr
|-damage|p1a: Conkeldurr|0 fnt
|-heal|p2a: Venusaur|314\/363|[from] drain|[of] p1a: Conkeldurr
|faint|p1a: Conkeldurr
|
|
|switch|p1a: Landorus|Landorus, M|319\/319
|turn|20
|
|move|p1a: Landorus|Psychic|p2a: Venusaur
|-supereffective|p2a: Venusaur
|-damage|p2a: Venusaur|44\/363
|move|p2a: Venusaur|Giga Drain|p1a: Landorus
|-damage|p1a: Landorus|184\/319
|-heal|p2a: Venusaur|112\/363|[from] drain|[of] p1a: Landorus
|
|turn|21
|
|switch|p2a: Kyurem-Black|Kyurem-Black|392\/392
|-ability|p2a: Kyurem-Black|Teravolt
|move|p1a: Landorus|Earth Power|p2a: Kyurem-Black
|-damage|p2a: Kyurem-Black|126\/392
|
|turn|22
|
|switch|p1a: Scizor|Scizor-Mega, M|284\/344
|move|p2a: Kyurem-Black|Fusion Bolt|p1a: Scizor
|-damage|p1a: Scizor|192\/344
|
|turn|23
|
|move|p2a: Kyurem-Black|Fusion Bolt|p1a: Scizor
|-damage|p1a: Scizor|93\/344
|move|p1a: Scizor|Roost|p1a: Scizor
|-heal|p1a: Scizor|265\/344
|
|turn|24
|
|switch|p2a: Rotom-Wash|Rotom-Wash|196\/304
|move|p1a: Scizor|Bullet Punch|p2a: Rotom-Wash
|-resisted|p2a: Rotom-Wash
|-damage|p2a: Rotom-Wash|177\/304
|
|turn|25
|
|switch|p1a: Slowbro|Slowbro, M|394\/394
|move|p2a: Rotom-Wash|Will-O-Wisp|p1a: Slowbro
|-status|p1a: Slowbro|brn
|
|-damage|p1a: Slowbro|345\/394 brn|[from] brn
|turn|26
|
|move|p2a: Rotom-Wash|Volt Switch|p1a: Slowbro
|-supereffective|p1a: Slowbro
|-damage|p1a: Slowbro|141\/394 brn
|
|switch|p2a: Tyranitar|Tyranitar, M|362\/404
|-weather|Sandstorm
|move|p1a: Slowbro|Psyshock|p2a: Tyranitar
|-immune|p2a: Tyranitar|[msg]
|
|-weather|Sandstorm|[upkeep]
|-damage|p1a: Slowbro|117\/394 brn|[from] sandstorm
|-heal|p1a: Slowbro|141\/394 brn|[from] item: Leftovers
|-damage|p1a: Slowbro|92\/394 brn|[from] brn
|turn|27
|
|move|p2a: Tyranitar|Pursuit|p1a: Slowbro
|-supereffective|p1a: Slowbro
|-damage|p1a: Slowbro|0 fnt
|faint|p1a: Slowbro
|
|-weather|Sandstorm|[upkeep]
|
|switch|p1a: Scizor|Scizor-Mega, M|265\/344
|turn|28
|
|switch|p2a: Rotom-Wash|Rotom-Wash|177\/304
|move|p1a: Scizor|Swords Dance|p1a: Scizor
|-boost|p1a: Scizor|atk|2
|
|-weather|Sandstorm|[upkeep]
|-damage|p2a: Rotom-Wash|158\/304|[from] sandstorm
|turn|29
|
|move|p2a: Rotom-Wash|Will-O-Wisp|p1a: Scizor
|-status|p1a: Scizor|brn
|move|p1a: Scizor|Knock Off|p2a: Rotom-Wash
|-damage|p2a: Rotom-Wash|96\/304
|
|-weather|Sandstorm|[upkeep]
|-damage|p2a: Rotom-Wash|77\/304|[from] sandstorm
|-damage|p1a: Scizor|222\/344 brn|[from] brn
|turn|30
|
|move|p2a: Rotom-Wash|Pain Split|p1a: Scizor
|-sethp|p1a: Scizor|149\/344 brn|p2a: Rotom-Wash|149\/304|[from] move: Pain Split
|move|p1a: Scizor|Roost|p1a: Scizor
|-heal|p1a: Scizor|321\/344 brn
|
|-weather|none
|-damage|p1a: Scizor|278\/344 brn|[from] brn
|turn|31
|
|move|p2a: Rotom-Wash|Pain Split|p1a: Scizor
|-sethp|p1a: Scizor|213\/344 brn|p2a: Rotom-Wash|213\/304|[from] move: Pain Split
|move|p1a: Scizor|Swords Dance|p1a: Scizor
|-boost|p1a: Scizor|atk|2
|
|-damage|p1a: Scizor|170\/344 brn|[from] brn
|turn|32
|
|move|p2a: Rotom-Wash|Hydro Pump|p1a: Scizor
|-damage|p1a: Scizor|44\/344 brn
|move|p1a: Scizor|Roost|p1a: Scizor
|-heal|p1a: Scizor|216\/344 brn
|
|-damage|p1a: Scizor|173\/344 brn|[from] brn
|turn|33
|
|move|p2a: Rotom-Wash|Hydro Pump|p1a: Scizor
|-damage|p1a: Scizor|35\/344 brn
|move|p1a: Scizor|Roost|p1a: Scizor
|-heal|p1a: Scizor|207\/344 brn
|
|-damage|p1a: Scizor|164\/344 brn|[from] brn
|turn|34
|
|move|p2a: Rotom-Wash|Volt Switch|p1a: Scizor
|-damage|p1a: Scizor|71\/344 brn
|
|switch|p2a: Venusaur|Venusaur-Mega, F|112\/363
|move|p1a: Scizor|Knock Off|p2a: Venusaur
|-damage|p2a: Venusaur|24\/363
|
|-damage|p1a: Scizor|28\/344 brn|[from] brn
|turn|35
|
|move|p2a: Venusaur|Synthesis|p2a: Venusaur
|-heal|p2a: Venusaur|205\/363
|move|p1a: Scizor|Roost|p1a: Scizor
|-heal|p1a: Scizor|200\/344 brn
|
|-damage|p1a: Scizor|157\/344 brn|[from] brn
|turn|36
|
|move|p1a: Scizor|Bullet Punch|p2a: Venusaur
|-damage|p2a: Venusaur|91\/363
|move|p2a: Venusaur|Hidden Power|p1a: Scizor
|-supereffective|p1a: Scizor
|-damage|p1a: Scizor|0 fnt
|faint|p1a: Scizor
|
|
|switch|p1a: Landorus|Landorus, M|184\/319
|turn|37
|
|move|p1a: Landorus|Earth Power|p2a: Venusaur
|-damage|p2a: Venusaur|0 fnt
|faint|p2a: Venusaur
|
|
|switch|p2a: Kyurem-Black|Kyurem-Black|126\/392
|-ability|p2a: Kyurem-Black|Teravolt
|turn|38
|c|âAlkov|gg 
|
|move|p2a: Kyurem-Black|Outrage|p1a: Landorus
|-damage|p1a: Landorus|0 fnt
|faint|p1a: Landorus
|
|win|mohitsenapaty
|raw|Ladder updating...
|raw|Alkov's rating: 1764 &rarr; <strong>1735<\/strong><br \/>(-29 for losing)
|raw|mohitsenapaty's rating: 1597 &rarr; <strong>1626<\/strong><br \/>(+29 for winning)
|c|âmohitsenapaty|gg
|leave|Alkov
|player|p1