|join|MoB Barley
|join|Alkov
|player|p1|MoB Barley|161
|player|p2|Alkov|256
|gametype|singles
|gen|6
|tier|OU
|rated
|clearpoke
|poke|p1|Garchomp, M
|poke|p1|Rotom-Wash
|poke|p1|Tyranitar, M, shiny
|poke|p1|Clefable, F, shiny
|poke|p1|Excadrill, M, shiny
|poke|p1|Greninja, M, shiny
|poke|p2|Gengar, M, shiny
|poke|p2|Scizor, M
|poke|p2|Landorus, M
|poke|p2|Heatran, F
|poke|p2|Slowbro, M
|poke|p2|Conkeldurr, M
|rule|Swagger Clause: Swagger is banned
|rule|Baton Pass Clause: Limit one PokÃ©mon knowing Baton Pass
|rule|Sleep Clause Mod: Limit one foe put to sleep
|rule|Species Clause: Limit one of each PokÃ©mon
|rule|OHKO Clause: OHKO moves are banned
|rule|Moody Clause: Moody is banned
|rule|Evasion Moves Clause: Evasion moves are banned
|rule|Endless Battle Clause: Forcing endless battles is banned
|rule|HP Percentage Mod: HP is shown in percentages
|teampreview
|
|start
|switch|p1a: Bounty|Rotom-Wash|303\/303
|switch|p2a: Conkeldurr|Conkeldurr, M|414\/414
|turn|1
|
|move|p1a: Bounty|Will-O-Wisp|p2a: Conkeldurr
|-status|p2a: Conkeldurr|brn
|move|p2a: Conkeldurr|Knock Off|p1a: Bounty
|-damage|p1a: Bounty|158\/303
|-enditem|p1a: Bounty|Leftovers|[from] move: Knock Off|[of] p2a: Conkeldurr
|
|-damage|p2a: Conkeldurr|363\/414 brn|[from] brn
|turn|2
|join|Khaliem
|join|MoldyLunchbox
|
|move|p1a: Bounty|Volt Switch|p2a: Conkeldurr
|-damage|p2a: Conkeldurr|285\/414 brn
|
|switch|p1a: Fairy Land|Clefable, F, shiny|391\/391
|move|p2a: Conkeldurr|Knock Off|p1a: Fairy Land
|-resisted|p1a: Fairy Land
|-damage|p1a: Fairy Land|306\/391
|-enditem|p1a: Fairy Land|Leftovers|[from] move: Knock Off|[of] p2a: Conkeldurr
|
|-damage|p2a: Conkeldurr|234\/414 brn|[from] brn
|turn|3
|
|switch|p2a: Heatran|Heatran, F|386\/386
|move|p1a: Fairy Land|Moonblast|p2a: Heatran
|-resisted|p2a: Heatran
|-damage|p2a: Heatran|368\/386
|
|-heal|p2a: Heatran|386\/386|[from] item: Leftovers
|turn|4
|join|nigvsger
|
|switch|p1a: Rept4r|Tyranitar, M, shiny|404\/404
|-weather|Sandstorm
|move|p2a: Heatran|Stealth Rock|p1a: Rept4r
|-sidestart|p1: MoB Barley|move: Stealth Rock
|
|-weather|Sandstorm|[upkeep]
|turn|5
|
|move|p2a: Heatran|Toxic|p1a: Rept4r
|-status|p1a: Rept4r|tox
|move|p1a: Rept4r|Stealth Rock|p2a: Heatran
|-sidestart|p2: Alkov|move: Stealth Rock
|
|-weather|Sandstorm|[upkeep]
|-damage|p1a: Rept4r|379\/404 tox|[from] psn
|turn|6
|
|switch|p2a: Scizor|Scizor, M|344\/344
|-damage|p2a: Scizor|301\/344|[from] Stealth Rock
|switch|p1a: Dig Dug|Excadrill, M, shiny|361\/361
|-damage|p1a: Dig Dug|350\/361|[from] Stealth Rock
|
|-weather|Sandstorm|[upkeep]
|turn|7
|
|detailschange|p2a: Scizor|Scizor-Mega, M
|message|Scizor has Mega Evolved into Mega Scizor!
|move|p1a: Dig Dug|Earthquake|p2a: Scizor
|-damage|p2a: Scizor|152\/344
|-damage|p1a: Dig Dug|314\/361|[from] item: Life Orb
|move|p2a: Scizor|Roost|p2a: Scizor
|-heal|p2a: Scizor|324\/344
|
|-weather|Sandstorm|[upkeep]
|turn|8
|join|The Boi Wonder
|
|switch|p1a: Bounty|Rotom-Wash|158\/303
|-damage|p1a: Bounty|121\/303|[from] Stealth Rock
|move|p2a: Scizor|Knock Off|p1a: Bounty
|-crit|p1a: Bounty
|-damage|p1a: Bounty|34\/303
|
|-weather|Sandstorm|[upkeep]
|-damage|p1a: Bounty|16\/303|[from] sandstorm
|turn|9
|join|AlldaHax
|
|move|p2a: Scizor|Bullet Punch|p1a: Bounty
|-resisted|p1a: Bounty
|-damage|p1a: Bounty|0 fnt
|faint|p1a: Bounty
|
|-weather|Sandstorm|[upkeep]
|
|switch|p1a: Gargantuar|Garchomp, M|358\/358
|-damage|p1a: Gargantuar|336\/358|[from] Stealth Rock
|turn|10
|join|Lil Stain
|
|detailschange|p1a: Gargantuar|Garchomp-Mega, M
|message|Garchomp has Mega Evolved into Mega Garchomp!
|move|p1a: Gargantuar|Earthquake|p2a: Scizor
|-damage|p2a: Scizor|141\/344
|move|p2a: Scizor|Roost|p2a: Scizor
|-heal|p2a: Scizor|313\/344
|
|-weather|Sandstorm|[upkeep]
|turn|11
|
|move|p1a: Gargantuar|Swords Dance|p1a: Gargantuar
|-boost|p1a: Gargantuar|atk|2
|move|p2a: Scizor|Roost|p2a: Scizor
|-heal|p2a: Scizor|344\/344
|
|-weather|none
|turn|12
|
|move|p2a: Scizor|Bullet Punch|p1a: Gargantuar
|-damage|p1a: Gargantuar|245\/358
|move|p1a: Gargantuar|Stone Edge|p2a: Scizor
|-damage|p2a: Scizor|156\/344
|
|turn|13
|
|move|p2a: Scizor|Bullet Punch|p1a: Gargantuar
|-damage|p1a: Gargantuar|154\/358
|move|p1a: Gargantuar|Earthquake|p2a: Scizor
|-damage|p2a: Scizor|0 fnt
|faint|p2a: Scizor
|
|
|switch|p2a: Landorus|Landorus, M|319\/319
|-damage|p2a: Landorus|280\/319|[from] Stealth Rock
|turn|14
|
|switch|p1a: Rept4r|Tyranitar, M, shiny|379\/404 tox
|-damage|p1a: Rept4r|329\/404 tox|[from] Stealth Rock
|-weather|Sandstorm
|move|p2a: Landorus|Earth Power|p1a: Rept4r
|-supereffective|p1a: Rept4r
|-damage|p1a: Rept4r|79\/404 tox
|
|-weather|Sandstorm|[upkeep]
|-damage|p1a: Rept4r|54\/404 tox|[from] psn
|turn|15
|
|switch|p1a: Fairy Land|Clefable, F, shiny|306\/391
|move|p2a: Landorus|Substitute|p2a: Landorus
|-start|p2a: Landorus|Substitute
|-damage|p2a: Landorus|201\/319
|
|-weather|Sandstorm|[upkeep]
|turn|16
|
|move|p2a: Landorus|Earth Power|p1a: Fairy Land
|-damage|p1a: Fairy Land|37\/391
|move|p1a: Fairy Land|Moonblast|p2a: Landorus
|-end|p2a: Landorus|Substitute
|
|-weather|Sandstorm|[upkeep]
|turn|17
|
|move|p2a: Landorus|Earth Power|p1a: Fairy Land
|-damage|p1a: Fairy Land|0 fnt
|faint|p1a: Fairy Land
|
|-weather|Sandstorm|[upkeep]
|
|switch|p1a: Dig Dug|Excadrill, M, shiny|314\/361
|-damage|p1a: Dig Dug|303\/361|[from] Stealth Rock
|turn|18
|
|switch|p2a: Slowbro|Slowbro, M|394\/394
|-damage|p2a: Slowbro|345\/394|[from] Stealth Rock
|move|p1a: Dig Dug|Iron Head|p2a: Slowbro
|-resisted|p2a: Slowbro
|-damage|p2a: Slowbro|268\/394
|-damage|p1a: Dig Dug|267\/361|[from] item: Life Orb
|
|-weather|Sandstorm|[upkeep]
|-damage|p2a: Slowbro|244\/394|[from] sandstorm
|-heal|p2a: Slowbro|268\/394|[from] item: Leftovers
|turn|19
|
|switch|p1a: Gargantuar|Garchomp-Mega, M|154\/358
|-damage|p1a: Gargantuar|132\/358|[from] Stealth Rock
|move|p2a: Slowbro|Slack Off|p2a: Slowbro
|-heal|p2a: Slowbro|394\/394
|
|-weather|Sandstorm|[upkeep]
|-damage|p2a: Slowbro|370\/394|[from] sandstorm
|-heal|p2a: Slowbro|394\/394|[from] item: Leftovers
|turn|20
|
|move|p1a: Gargantuar|Earthquake|p2a: Slowbro
|-damage|p2a: Slowbro|211\/394
|move|p2a: Slowbro|Scald|p1a: Gargantuar
|-damage|p1a: Gargantuar|39\/358
|
|-weather|Sandstorm|[upkeep]
|-damage|p2a: Slowbro|187\/394|[from] sandstorm
|-heal|p2a: Slowbro|211\/394|[from] item: Leftovers
|turn|21
|
|move|p1a: Gargantuar|Earthquake|p2a: Slowbro
|-damage|p2a: Slowbro|7\/394
|move|p2a: Slowbro|Slack Off|p2a: Slowbro
|-heal|p2a: Slowbro|204\/394
|
|-weather|none
|-heal|p2a: Slowbro|228\/394|[from] item: Leftovers
|turn|22
|
|move|p1a: Gargantuar|Outrage|p2a: Slowbro
|-damage|p2a: Slowbro|45\/394
|move|p2a: Slowbro|Scald|p1a: Gargantuar
|-damage|p1a: Gargantuar|0 fnt
|faint|p1a: Gargantuar
|
|-heal|p2a: Slowbro|69\/394|[from] item: Leftovers
|join|Disorient3
|
|switch|p1a: Rept4r|Tyranitar, M, shiny|54\/404 tox
|-damage|p1a: Rept4r|4\/404 tox|[from] Stealth Rock
|-weather|Sandstorm
|turn|23
|
|move|p1a: Rept4r|Pursuit|p2a: Slowbro|[from]Pursuit
|-supereffective|p2a: Slowbro
|-damage|p2a: Slowbro|0 fnt
|faint|p2a: Slowbro
|
|-weather|Sandstorm|[upkeep]
|-damage|p1a: Rept4r|0 fnt|[from] psn
|faint|p1a: Rept4r
|
|switch|p1a: Dig Dug|Excadrill, M, shiny|267\/361
|-damage|p1a: Dig Dug|256\/361|[from] Stealth Rock
|switch|p2a: Conkeldurr|Conkeldurr, M|234\/414 brn
|-damage|p2a: Conkeldurr|209\/414 brn|[from] Stealth Rock
|turn|24
|c|âMoB Barley|qh fuck i burned it
|-message|MoB Barley forfeited.
|
|win|Alkov
|raw|Ladder updating...
|leave|MoB Barley
|player|p1
|raw|MoB Barley's rating: 1891 &rarr; <strong>1860<\/strong><br \/>(-31 for losing)
|raw|Alkov's rating: 1689 &rarr; <strong>1720<\/strong><br \/>(+31 for winning)
|c|âAlkov|lel
|leave|Alkov
|player|p2
|leave|nigvsger
|leave|Disorient3
|join|Lord Xen IV
|leave|The Boi Wonder
|leave|Lil Stain
|leave|AlldaHax
|leave|Lord Xen IV