|join|Alkov
|join|Yuttt.annual
|player|p1|Alkov|256
|player|p2|Yuttt.annual|113
|gametype|singles
|gen|6
|tier|OU
|rated
|clearpoke
|poke|p1|Gothitelle, F
|poke|p1|Skarmory, M
|poke|p1|Cresselia, F
|poke|p1|Quagsire, M
|poke|p1|Sableye, M
|poke|p1|Chansey, F
|poke|p2|Serperior, F, shiny
|poke|p2|Pidgeot, M, shiny
|poke|p2|Dugtrio, M, shiny
|poke|p2|Talonflame, M, shiny
|poke|p2|Latias, F, shiny
|poke|p2|Heatran, F, shiny
|rule|Swagger Clause: Swagger is banned
|rule|Baton Pass Clause: Limit one PokÃ©mon knowing Baton Pass
|rule|Sleep Clause Mod: Limit one foe put to sleep
|rule|Species Clause: Limit one of each PokÃ©mon
|rule|OHKO Clause: OHKO moves are banned
|rule|Moody Clause: Moody is banned
|rule|Evasion Moves Clause: Evasion moves are banned
|rule|Endless Battle Clause: Forcing endless battles is banned
|rule|HP Percentage Mod: HP is shown in percentages
|teampreview
|c|âYuttt.annual|yo
|c|âYuttt.annual|have fun
|c|âYuttt.annual|wait no
|c|âAlkov|hahaha
|c|âYuttt.annual|i retract that statement
|c|âYuttt.annual|after seeing your team
|c|âAlkov|contrary serperior is out?!
|c|âAlkov|thats cool mang
|c|âYuttt.annual|yeah u know it
|c|âYuttt.annual|wow
|c|âYuttt.annual|rude
|
|start
|switch|p1a: Quagsire|Quagsire, M|394\/394
|switch|p2a: THE SECOND COMING|Pidgeot, M, shiny|307\/307
|turn|1
|c|âAlkov|what?
|c|âAlkov|o.o
|c|âYuttt.annual|Battle timer is now ON: inactive players will automatically lose when time's up. (requested by Alkov)
|c|âAlkov|lol
|
|detailschange|p2a: THE SECOND COMING|Pidgeot-Mega, M, shiny
|-mega|p2a: THE SECOND COMING|Pidgeot|Pidgeotite
|move|p2a: THE SECOND COMING|Hurricane|p1a: Quagsire
|-damage|p1a: Quagsire|112\/394
|-start|p1a: Quagsire|confusion
|-activate|p1a: Quagsire|confusion
|move|p1a: Quagsire|Toxic|p2a: THE SECOND COMING
|-status|p2a: THE SECOND COMING|tox
|
|-heal|p1a: Quagsire|136\/394|[from] item: Leftovers
|-damage|p2a: THE SECOND COMING|288\/307 tox|[from] psn
|turn|2
|c|âYuttt.annual|>hit toxic
|c|âYuttt.annual|wow...
|
|switch|p1a: Chansey|Chansey, F|704\/704
|move|p2a: THE SECOND COMING|U-turn|p1a: Chansey
|-damage|p1a: Chansey|652\/704
|c|âYuttt.annual|da q of the day is
|c|âYuttt.annual|dugtrio here?
|
|switch|p2a: tRApPED|Dugtrio, M, shiny|201\/201
|
|turn|3
|join|as33c4kdls
|
|move|p2a: tRApPED|Stealth Rock|p1a: Chansey
|-sidestart|p1: Alkov|move: Stealth Rock
|move|p1a: Chansey|Stealth Rock|p2a: tRApPED
|-sidestart|p2: Yuttt.annual|move: Stealth Rock
|
|turn|4
|
|move|p2a: tRApPED|Earthquake|p1a: Chansey
|-damage|p1a: Chansey|480\/704
|move|p1a: Chansey|Seismic Toss|p2a: tRApPED
|-damage|p2a: tRApPED|101\/201
|
|turn|5
|
|move|p2a: tRApPED|Earthquake|p1a: Chansey
|-damage|p1a: Chansey|309\/704
|move|p1a: Chansey|Soft-Boiled|p1a: Chansey
|-heal|p1a: Chansey|661\/704
|
|turn|6
|
|move|p2a: tRApPED|Earthquake|p1a: Chansey
|-damage|p1a: Chansey|501\/704
|move|p1a: Chansey|Seismic Toss|p2a: tRApPED
|-damage|p2a: tRApPED|1\/201
|
|turn|7
|
|move|p2a: tRApPED|Reversal|p1a: Chansey
|-supereffective|p1a: Chansey
|-damage|p1a: Chansey|19\/704
|move|p1a: Chansey|Soft-Boiled|p1a: Chansey
|-heal|p1a: Chansey|371\/704
|
|turn|8
|c|âYuttt.annual|nice
|c|âYuttt.annual|choice
|c|âAlkov|damn
|
|move|p2a: tRApPED|Reversal|p1a: Chansey
|-supereffective|p1a: Chansey
|-damage|p1a: Chansey|0 fnt
|faint|p1a: Chansey
|
|
|switch|p1a: Gothitelle|Gothitelle, F|301\/301
|-damage|p1a: Gothitelle|264\/301|[from] Stealth Rock
|turn|9
|
|move|p1a: Gothitelle|Psyshock|p2a: tRApPED
|-damage|p2a: tRApPED|0 fnt
|faint|p2a: tRApPED
|
|c|âYuttt.annual|yo
|c|âYuttt.annual|ghost me
|c|âAlkov|dafuq , a 252modest +6 leaf storm on chansey does 51-60%
|c|âAlkov|what a fucking beast
|
|switch|p2a: Mary Mary|Serperior, F, shiny|291\/291
|-damage|p2a: Mary Mary|255\/291|[from] Stealth Rock
|turn|10
|c|âYuttt.annual|nice life orb calc
|c|âYuttt.annual|!
|
|move|p1a: Gothitelle|Psyshock|p2a: Mary Mary
|-damage|p2a: Mary Mary|161\/291
|move|p2a: Mary Mary|Leaf Storm|p1a: Gothitelle
|-damage|p1a: Gothitelle|85\/301
|-boost|p2a: Mary Mary|spa|2
|-damage|p2a: Mary Mary|132\/291|[from] item: Life Orb
|
|turn|11
|c|âYuttt.annual|PSYSHOCK ME AGAIN
|c|âYuttt.annual|I DARE YOU
|
|move|p1a: Gothitelle|Psyshock|p2a: Mary Mary
|-damage|p2a: Mary Mary|44\/291
|move|p2a: Mary Mary|Synthesis|p2a: Mary Mary
|-heal|p2a: Mary Mary|189\/291
|
|turn|12
|c|âAlkov|some berry?
|c|âYuttt.annual|WE GOTTEM
|c|âAlkov|oh ok
|c|âAlkov|you scared me mang
|
|switch|p1a: Cresselia|Cresselia, F|444\/444
|-damage|p1a: Cresselia|389\/444|[from] Stealth Rock
|move|p2a: Mary Mary|Leaf Storm|p1a: Cresselia|[miss]
|-miss|p2a: Mary Mary|p1a: Cresselia
|
|-heal|p1a: Cresselia|416\/444|[from] item: Leftovers
|turn|13
|c|âYuttt.annual|....
|c|âYuttt.annual|are you fucking
|c|âYuttt.annual|srs
|c|âAlkov|trained cress
|
|move|p2a: Mary Mary|Taunt|p1a: Cresselia
|-start|p1a: Cresselia|move: Taunt
|cant|p1a: Cresselia|move: Taunt|Thunder Wave
|
|-heal|p1a: Cresselia|443\/444|[from] item: Leftovers
|turn|14
|c|âYuttt.annual|m8
|c|âAlkov|~!@#$%^&*()_
|c|âAlkov|WUUUUTTT
|c|âYuttt.annual|im mr stallbreaker
|
|move|p2a: Mary Mary|Leaf Storm|p1a: Cresselia|[miss]
|-miss|p2a: Mary Mary|p1a: Cresselia
|move|p1a: Cresselia|Moonblast|p2a: Mary Mary
|-damage|p2a: Mary Mary|127\/291
|
|-heal|p1a: Cresselia|444\/444|[from] item: Leftovers
|turn|15
|c|âYuttt.annual|fucking
|c|âYuttt.annual|hell
|c|âAlkov|lol
|
|switch|p1a: Gothitelle|Gothitelle, F|85\/301
|-damage|p1a: Gothitelle|48\/301|[from] Stealth Rock
|move|p2a: Mary Mary|Leaf Storm|p1a: Gothitelle
|-damage|p1a: Gothitelle|0 fnt
|-boost|p2a: Mary Mary|spa|2
|-damage|p2a: Mary Mary|98\/291|[from] item: Life Orb
|faint|p1a: Gothitelle
|
|c|âYuttt.annual|are you brightpowder
|c|âYuttt.annual|nie
|c|âAlkov|i might be
|c|âYuttt.annual|choke
|
|switch|p1a: Skarmory|Skarmory, M|334\/334
|-damage|p1a: Skarmory|293\/334|[from] Stealth Rock
|turn|16
|c|âAlkov|:[
|
|move|p2a: Mary Mary|Hidden Power|p1a: Skarmory
|-supereffective|p1a: Skarmory
|-damage|p1a: Skarmory|0 fnt
|-damage|p2a: Mary Mary|69\/291|[from] item: Life Orb
|faint|p1a: Skarmory
|
|c|âYuttt.annual|u rly think
|c|âAlkov|lmfao
|c|âAlkov|gg
|c|âYuttt.annual|gg
|c|âYuttt.annual|serperior
|-message|Alkov forfeited.
|
|win|Yuttt.annual
|raw|Ladder updating...
|c|âYuttt.annual|wrecks
|leave|Alkov
|player|p1
|raw|Alkov's rating: 1556 &rarr; <strong>1534<\/strong><br \/>(-22 for losing)
|raw|Yuttt.annual's rating: 1510 &rarr; <strong>1533<\/strong><br \/>(+23 for winning)
|leave|Yuttt.annual
|player|p2
|join|Yuttt.annual
|join|Alkov
|join|Arcanine is Regal
|join|Void
|join|Wiz BITG
|leave|Wiz BITG
|leave|Yuttt.annual
|leave|Void
|leave|Arcanine is Regal
|leave|Alkov
|join|habajiga
|leave|habajiga
|join|ugotslowbro'ed
|leave|ugotslowbro'ed