|join|Zensha
|join|Alkov
|player|p1|Zensha|283
|player|p2|Alkov|256
|gametype|singles
|gen|6
|tier|OU
|rated
|clearpoke
|poke|p1|Lopunny, F, shiny
|poke|p1|Diggersby, F, shiny
|poke|p1|Greninja, F, shiny
|poke|p1|Garchomp, F
|poke|p1|Thundurus, M
|poke|p1|Azumarill, F
|poke|p2|Kyurem-Black, shiny
|poke|p2|Slowbro, M
|poke|p2|Gardevoir, F, shiny
|poke|p2|Cobalion
|poke|p2|Landorus-Therian, M
|poke|p2|Zapdos
|rule|Swagger Clause: Swagger is banned
|rule|Baton Pass Clause: Limit one PokÃ©mon knowing Baton Pass
|rule|Sleep Clause Mod: Limit one foe put to sleep
|rule|Species Clause: Limit one of each PokÃ©mon
|rule|OHKO Clause: OHKO moves are banned
|rule|Moody Clause: Moody is banned
|rule|Evasion Moves Clause: Evasion moves are banned
|rule|Endless Battle Clause: Forcing endless battles is banned
|rule|HP Percentage Mod: HP is shown in percentages
|teampreview
|join|CycloTJ
|
|start
|switch|p1a: Heavily Clawed|Garchomp, F|358\/358
|switch|p2a: Slowbro|Slowbro, M|394\/394
|turn|1
|
|move|p1a: Heavily Clawed|Stealth Rock|p2a: Slowbro
|-sidestart|p2: Alkov|move: Stealth Rock
|move|p2a: Slowbro|Scald|p1a: Heavily Clawed
|-damage|p1a: Heavily Clawed|249\/358
|
|turn|2
|
|move|p1a: Heavily Clawed|Swords Dance|p1a: Heavily Clawed
|-boost|p1a: Heavily Clawed|atk|2
|move|p2a: Slowbro|Scald|p1a: Heavily Clawed
|-damage|p1a: Heavily Clawed|147\/358
|
|turn|3
|
|move|p1a: Heavily Clawed|Dragon Claw|p2a: Slowbro
|-damage|p2a: Slowbro|211\/394
|move|p2a: Slowbro|Scald|p1a: Heavily Clawed
|-damage|p1a: Heavily Clawed|33\/358
|
|-heal|p2a: Slowbro|235\/394|[from] item: Leftovers
|turn|4
|c|âAlkov|zzzzz
|c|âAlkov|where's my burn
|
|move|p1a: Heavily Clawed|Earthquake|p2a: Slowbro
|-crit|p2a: Slowbro
|-damage|p2a: Slowbro|0 fnt
|faint|p2a: Slowbro
|
|c|âAlkov|and a crit
|c|âAlkov|wow
|
|switch|p2a: Cobalion|Cobalion|351\/351
|-damage|p2a: Cobalion|341\/351|[from] Stealth Rock
|turn|5
|
|move|p2a: Cobalion|Iron Head|p1a: Heavily Clawed
|-damage|p1a: Heavily Clawed|0 fnt
|-damage|p2a: Cobalion|298\/351|[from] ability: Rough Skin|[of] p1a: Heavily Clawed
|faint|p1a: Heavily Clawed
|
|-heal|p2a: Cobalion|319\/351|[from] item: Leftovers
|
|switch|p1a: Heavily Tailed|Thundurus, M|299\/299
|turn|6
|
|move|p1a: Heavily Tailed|Focus Blast|p2a: Cobalion
|-supereffective|p2a: Cobalion
|-damage|p2a: Cobalion|0 fnt
|-damage|p1a: Heavily Tailed|270\/299|[from] item: Life Orb
|faint|p2a: Cobalion
|
|
|switch|p2a: Landorus-Therian|Landorus-Therian, M|328\/328
|-damage|p2a: Landorus-Therian|287\/328|[from] Stealth Rock
|-ability|p2a: Landorus-Therian|Intimidate|[of] p1a: Heavily Tailed
|-unboost|p1a: Heavily Tailed|atk|1
|turn|7
|
|switch|p1a: Heavily Armed|Diggersby, F, shiny|311\/311
|move|p2a: Landorus-Therian|Stone Edge|p1a: Heavily Armed|[miss]
|-miss|p2a: Landorus-Therian|p1a: Heavily Armed
|
|turn|8
|
|switch|p2a: Zapdos|Zapdos|383\/383
|-damage|p2a: Zapdos|288\/383|[from] Stealth Rock
|-ability|p2a: Zapdos|Pressure
|move|p1a: Heavily Armed|Frustration|p2a: Zapdos
|-damage|p2a: Zapdos|78\/383
|
|-heal|p2a: Zapdos|101\/383|[from] item: Leftovers
|turn|9
|
|move|p1a: Heavily Armed|Frustration|p2a: Zapdos
|-damage|p2a: Zapdos|0 fnt
|faint|p2a: Zapdos
|
|
|switch|p2a: Gardevoir|Gardevoir, F, shiny|277\/277
|-damage|p2a: Gardevoir|243\/277|[from] Stealth Rock
|-ability|p2a: Gardevoir|Huge Power|[from] ability: Trace|[of] p1a: Heavily Armed
|turn|10
|
|detailschange|p2a: Gardevoir|Gardevoir-Mega, F, shiny
|-mega|p2a: Gardevoir|Gardevoir|Gardevoirite
|move|p1a: Heavily Armed|Quick Attack|p2a: Gardevoir
|-damage|p2a: Gardevoir|111\/277
|move|p2a: Gardevoir|Hyper Voice|p1a: Heavily Armed
|-damage|p1a: Heavily Armed|0 fnt
|faint|p1a: Heavily Armed
|
|
|switch|p1a: Heavily Dressed|Lopunny, F, shiny|271\/271
|turn|11
|
|switch|p2a: Landorus-Therian|Landorus-Therian, M|287\/328
|-damage|p2a: Landorus-Therian|246\/328|[from] Stealth Rock
|-ability|p2a: Landorus-Therian|Intimidate|[of] p1a: Heavily Dressed
|-unboost|p1a: Heavily Dressed|atk|1
|detailschange|p1a: Heavily Dressed|Lopunny-Mega, F, shiny
|-mega|p1a: Heavily Dressed|Lopunny|Lopunnite
|move|p1a: Heavily Dressed|Frustration|p2a: Landorus-Therian
|-damage|p2a: Landorus-Therian|111\/328
|
|turn|12
|
|switch|p1a: Heavily Tailed|Thundurus, M|270\/299
|move|p2a: Landorus-Therian|U-turn|p1a: Heavily Tailed
|-resisted|p1a: Heavily Tailed
|-damage|p1a: Heavily Tailed|206\/299
|
|switch|p2a: Gardevoir|Gardevoir-Mega, F, shiny|111\/277
|-damage|p2a: Gardevoir|77\/277|[from] Stealth Rock
|
|turn|13
|
|switch|p2a: Landorus-Therian|Landorus-Therian, M|111\/328
|-damage|p2a: Landorus-Therian|70\/328|[from] Stealth Rock
|-ability|p2a: Landorus-Therian|Intimidate|[of] p1a: Heavily Tailed
|-unboost|p1a: Heavily Tailed|atk|1
|move|p1a: Heavily Tailed|Thunderbolt|p2a: Landorus-Therian
|-immune|p2a: Landorus-Therian|[msg]
|
|turn|14
|
|switch|p1a: Heavily Tongued|Greninja, F, shiny|285\/285
|move|p2a: Landorus-Therian|Stone Edge|p1a: Heavily Tongued
|-damage|p1a: Heavily Tongued|95\/285
|
|turn|15
|
|move|p2a: Landorus-Therian|Stone Edge|p1a: Heavily Tongued
|-damage|p1a: Heavily Tongued|0 fnt
|faint|p1a: Heavily Tongued
|
|
|switch|p1a: Heavily Dressed|Lopunny-Mega, F, shiny|271\/271
|turn|16
|
|switch|p2a: Gardevoir|Gardevoir-Mega, F, shiny|77\/277
|-damage|p2a: Gardevoir|43\/277|[from] Stealth Rock
|move|p1a: Heavily Dressed|Frustration|p2a: Gardevoir
|-damage|p2a: Gardevoir|0 fnt
|faint|p2a: Gardevoir
|
|
|switch|p2a: Landorus-Therian|Landorus-Therian, M|70\/328
|-damage|p2a: Landorus-Therian|29\/328|[from] Stealth Rock
|-ability|p2a: Landorus-Therian|Intimidate|[of] p1a: Heavily Dressed
|-unboost|p1a: Heavily Dressed|atk|1
|turn|17
|
|switch|p1a: Heavily Eared|Azumarill, F|363\/363
|move|p2a: Landorus-Therian|Stone Edge|p1a: Heavily Eared|[miss]
|-miss|p2a: Landorus-Therian|p1a: Heavily Eared
|
|turn|18
|
|move|p2a: Landorus-Therian|Stone Edge|p1a: Heavily Eared
|-damage|p1a: Heavily Eared|205\/363
|move|p1a: Heavily Eared|Play Rough|p2a: Landorus-Therian
|-damage|p2a: Landorus-Therian|0 fnt
|faint|p2a: Landorus-Therian
|
|-message|Alkov forfeited.
|
|win|Zensha
|raw|Ladder updating...
|leave|Alkov
|player|p2
|raw|Zensha's rating: 1563 &rarr; <strong>1584<\/strong><br \/>(+21 for winning)
|raw|Alkov's rating: 1570 &rarr; <strong>1550<\/strong><br \/>(-20 for losing)