|join|Alkov
|join|maxilla
|player|p1|Alkov|256
|player|p2|maxilla|2
|gametype|singles
|gen|6
|tier|OU
|rated
|clearpoke
|poke|p1|Scizor, M
|poke|p1|Heatran, F
|poke|p1|Serperior, M
|poke|p1|Keldeo
|poke|p1|Zapdos
|poke|p1|Landorus, M
|poke|p2|Froslass, F
|poke|p2|Talonflame, F
|poke|p2|Bisharp, F
|poke|p2|Weavile, M
|poke|p2|Thundurus, M
|poke|p2|Diancie
|rule|Swagger Clause: Swagger is banned
|rule|Baton Pass Clause: Limit one PokÃ©mon knowing Baton Pass
|rule|Sleep Clause Mod: Limit one foe put to sleep
|rule|Species Clause: Limit one of each PokÃ©mon
|rule|OHKO Clause: OHKO moves are banned
|rule|Moody Clause: Moody is banned
|rule|Evasion Moves Clause: Evasion moves are banned
|rule|Endless Battle Clause: Forcing endless battles is banned
|rule|HP Percentage Mod: HP is shown in percentages
|teampreview
|
|start
|switch|p1a: Heatran|Heatran, F|385\/385
|switch|p2a: easy game|Talonflame, F|297\/297
|turn|1
|
|move|p2a: easy game|Taunt|p1a: Heatran
|-start|p1a: Heatran|move: Taunt
|cant|p1a: Heatran|move: Taunt|Stealth Rock
|
|turn|2
|
|switch|p2a: Diancie|Diancie|241\/241
|switch|p1a: Zapdos|Zapdos|383\/383
|-ability|p1a: Zapdos|Pressure
|
|turn|3
|
|move|p1a: Zapdos|Volt Switch|p2a: Diancie
|-damage|p2a: Diancie|165\/241
|
|switch|p1a: Scizor|Scizor, M|290\/290
|move|p2a: Diancie|Stealth Rock|p1a: Scizor
|-sidestart|p1: Alkov|move: Stealth Rock
|
|turn|4
|
|switch|p1a: Zapdos|Zapdos|383\/383
|-damage|p1a: Zapdos|288\/383|[from] Stealth Rock
|-ability|p1a: Zapdos|Pressure
|detailschange|p2a: Diancie|Diancie-Mega
|-mega|p2a: Diancie|Diancie|Diancite
|move|p2a: Diancie|Protect|p2a: Diancie
|-fail|p2a: Diancie
|
|-heal|p1a: Zapdos|311\/383|[from] item: Leftovers
|turn|5
|
|move|p2a: Diancie|Moonblast|p1a: Zapdos
|-damage|p1a: Zapdos|101\/383
|-unboost|p1a: Zapdos|spa|1
|move|p1a: Zapdos|Volt Switch|p2a: Diancie
|-damage|p2a: Diancie|101\/241
|c|âAlkov|.....
|
|switch|p1a: Keldeo|Keldeo|323\/323
|-damage|p1a: Keldeo|303\/323|[from] Stealth Rock
|
|turn|6
|
|move|p2a: Diancie|Protect|p2a: Diancie
|-singleturn|p2a: Diancie|Protect
|move|p1a: Keldeo|Scald|p2a: Diancie
|-activate|p2a: Diancie|Protect
|
|turn|7
|
|move|p1a: Keldeo|Scald|p2a: Diancie
|-supereffective|p2a: Diancie
|-damage|p2a: Diancie|0 fnt
|faint|p2a: Diancie
|
|
|switch|p2a: Froslass|Froslass, F|281\/281
|turn|8
|
|move|p1a: Keldeo|Scald|p2a: Froslass
|-damage|p2a: Froslass|101\/281
|-start|p1a: Keldeo|Disable|Scald
|-status|p2a: Froslass|brn
|move|p2a: Froslass|Destiny Bond|p2a: Froslass
|-singlemove|p2a: Froslass|Destiny Bond
|
|-damage|p2a: Froslass|66\/281 brn|[from] brn
|turn|9
|
|switch|p1a: Zapdos|Zapdos|101\/383
|-damage|p1a: Zapdos|6\/383|[from] Stealth Rock
|-ability|p1a: Zapdos|Pressure
|move|p2a: Froslass|Spikes|p1a: Zapdos
|-sidestart|p1: Alkov|Spikes
|
|-heal|p1a: Zapdos|29\/383|[from] item: Leftovers
|-damage|p2a: Froslass|31\/281 brn|[from] brn
|turn|10
|
|move|p2a: Froslass|Ice Beam|p1a: Zapdos
|-supereffective|p1a: Zapdos
|-damage|p1a: Zapdos|0 fnt
|faint|p1a: Zapdos
|
|-damage|p2a: Froslass|0 fnt|[from] brn
|faint|p2a: Froslass
|
|switch|p2a: Thundurus|Thundurus, M|299\/299
|switch|p1a: Heatran|Heatran, F|385\/385
|-damage|p1a: Heatran|337\/385|[from] Stealth Rock
|-damage|p1a: Heatran|289\/385|[from] Spikes
|turn|11
|
|move|p2a: Thundurus|Taunt|p1a: Heatran
|-start|p1a: Heatran|move: Taunt
|cant|p1a: Heatran|move: Taunt|Stealth Rock
|
|-heal|p1a: Heatran|313\/385|[from] item: Leftovers
|turn|12
|
|move|p2a: Thundurus|Thunderbolt|p1a: Heatran
|-damage|p1a: Heatran|165\/385
|-status|p1a: Heatran|par
|-damage|p2a: Thundurus|270\/299|[from] item: Life Orb
|move|p1a: Heatran|Lava Plume|p2a: Thundurus
|-damage|p2a: Thundurus|123\/299
|-status|p2a: Thundurus|brn
|
|-heal|p1a: Heatran|189\/385 par|[from] item: Leftovers
|-damage|p2a: Thundurus|86\/299 brn|[from] brn
|turn|13
|c|âAlkov|how many taunt users man
|
|switch|p1a: Landorus|Landorus, M|319\/319
|-damage|p1a: Landorus|280\/319|[from] Stealth Rock
|move|p2a: Thundurus|Thunderbolt|p1a: Landorus
|-immune|p1a: Landorus|[msg]
|
|-damage|p2a: Thundurus|49\/299 brn|[from] brn
|turn|14
|
|switch|p1a: Scizor|Scizor, M|290\/290
|-damage|p1a: Scizor|254\/290|[from] Spikes
|-damage|p1a: Scizor|218\/290|[from] Stealth Rock
|move|p2a: Thundurus|Thunderbolt|p1a: Scizor
|-damage|p1a: Scizor|0 fnt
|-damage|p2a: Thundurus|20\/299 brn|[from] item: Life Orb
|faint|p1a: Scizor
|
|-damage|p2a: Thundurus|0 fnt|[from] brn
|faint|p2a: Thundurus
|
|switch|p1a: Keldeo|Keldeo|303\/323
|switch|p2a: easy game|Talonflame, F|297\/297
|-damage|p1a: Keldeo|263\/323|[from] Spikes
|-damage|p1a: Keldeo|243\/323|[from] Stealth Rock
|turn|15
|
|switch|p1a: Landorus|Landorus, M|280\/319
|-damage|p1a: Landorus|241\/319|[from] Stealth Rock
|move|p2a: easy game|Brave Bird|p1a: Landorus
|-damage|p1a: Landorus|0 fnt
|-damage|p2a: easy game|217\/297|[from] recoil|[of] p1a: Landorus
|faint|p1a: Landorus
|
|
|switch|p1a: Heatran|Heatran, F|189\/385 par
|-damage|p1a: Heatran|141\/385 par|[from] Spikes
|-damage|p1a: Heatran|93\/385 par|[from] Stealth Rock
|turn|16
|
|move|p2a: easy game|Brave Bird|p1a: Heatran
|-resisted|p1a: Heatran
|-damage|p1a: Heatran|0 fnt
|-damage|p2a: easy game|186\/297|[from] recoil|[of] p1a: Heatran
|faint|p1a: Heatran
|
|
|switch|p1a: Serperior|Serperior, M|291\/291
|-damage|p1a: Serperior|255\/291|[from] Spikes
|-damage|p1a: Serperior|219\/291|[from] Stealth Rock
|turn|17
|
|move|p2a: easy game|Brave Bird|p1a: Serperior
|-supereffective|p1a: Serperior
|-damage|p1a: Serperior|0 fnt
|-damage|p2a: easy game|114\/297|[from] recoil|[of] p1a: Serperior
|faint|p1a: Serperior
|
|
|switch|p1a: Keldeo|Keldeo|243\/323
|-damage|p1a: Keldeo|223\/323|[from] Stealth Rock
|-damage|p1a: Keldeo|183\/323|[from] Spikes
|turn|18
|
|move|p2a: easy game|Brave Bird|p1a: Keldeo
|-supereffective|p1a: Keldeo
|-damage|p1a: Keldeo|0 fnt
|-damage|p2a: easy game|54\/297|[from] recoil|[of] p1a: Keldeo
|faint|p1a: Keldeo
|
|win|maxilla
|raw|Ladder updating...
|raw|Alkov's rating: 1674 &rarr; <strong>1648<\/strong><br \/>(-26 for losing)
|raw|maxilla's rating: 1577 &rarr; <strong>1602<\/strong><br \/>(+25 for winning)
|leave|Alkov
|player|p1
|leave|maxilla
|player|p2
|join|maxilla