|join|Jefo
|join|Alkov
|player|p1|Jefo|#cpgtan
|player|p2|Alkov|256
|gametype|singles
|gen|6
|tier|OU
|clearpoke
|poke|p1|Diancie
|poke|p1|Magnezone
|poke|p1|Rotom-Wash
|poke|p1|Diggersby, F
|poke|p1|Landorus-Therian, M
|poke|p1|Ferrothorn, F
|poke|p2|Scizor, M
|poke|p2|Heatran, F
|poke|p2|Serperior, M
|poke|p2|Keldeo
|poke|p2|Zapdos
|poke|p2|Landorus, M
|rule|Swagger Clause: Swagger is banned
|rule|Baton Pass Clause: Limit one PokÃ©mon knowing Baton Pass
|rule|Sleep Clause Mod: Limit one foe put to sleep
|rule|Species Clause: Limit one of each PokÃ©mon
|rule|OHKO Clause: OHKO moves are banned
|rule|Moody Clause: Moody is banned
|rule|Evasion Moves Clause: Evasion moves are banned
|rule|Endless Battle Clause: Forcing endless battles is banned
|rule|HP Percentage Mod: HP is shown in percentages
|teampreview
|join|AstroChesnaught
|join|Attribute
|join|Jupiter Ascending
|join|resh bully me
|join|Sir Slaking
|c|âAlkov|GL :]
|join|Pure Demize
|join|Rawk Hawk
|join|Percentage
|join|UnderDoge42
|join|IamChow
|c|âJefo|uq^_^
|join|TFL
|join|The Ess of Johan
|join|Alldaalts
|c| AstroChesnaught|Its Diggersby. oh fuck
|
|start
|switch|p1a: Landorus-Therian|Landorus-Therian, M|382\/382
|switch|p2a: Serperior|Serperior, M|291\/291
|-ability|p1a: Landorus-Therian|Intimidate|[of] p2a: Serperior
|-boost|p2a: Serperior|atk|1
|turn|1
|c|âAlkov|TFL scoutting :o ohmy
|join|5th
|c| TFL|SCOUT
|join|stockholm negro
|c| TFL|SCOUT
|c| TFL|SCOUT
|c| Sir Slaking|serperior literally shits on this team
|
|move|p2a: Serperior|Leaf Storm|p1a: Landorus-Therian
|-damage|p1a: Landorus-Therian|187\/382
|-boost|p2a: Serperior|spa|2
|move|p1a: Landorus-Therian|U-turn|p2a: Serperior
|-supereffective|p2a: Serperior
|-damage|p2a: Serperior|121\/291
|join|Breeloom
|join|JelloPiranha
|
|switch|p1a: Magnezone|Magnezone|281\/281
|
|-heal|p2a: Serperior|139\/291|[from] item: Leftovers
|turn|2
|join|Bloodz
|
|switch|p2a: Landorus|Landorus, M|319\/319
|move|p1a: Magnezone|Volt Switch|p2a: Landorus
|-immune|p2a: Landorus|[msg]
|
|turn|3
|join|MaskedMan
|join|trainernickmmmx
|c| Breeloom|donkerd ;__;
|
|switch|p1a: Landorus-Therian|Landorus-Therian, M|187\/382
|-ability|p1a: Landorus-Therian|Intimidate|[of] p2a: Landorus
|-unboost|p2a: Landorus|atk|1
|move|p2a: Landorus|Earth Power|p1a: Landorus-Therian
|-immune|p1a: Landorus-Therian|[msg]
|
|-heal|p1a: Landorus-Therian|210\/382|[from] item: Leftovers
|turn|4
|c|âAlkov|:[
|leave|trainernickmmmx
|
|move|p2a: Landorus|Psychic|p1a: Landorus-Therian
|-damage|p1a: Landorus-Therian|2\/382
|move|p1a: Landorus-Therian|Stealth Rock|p2a: Landorus
|-sidestart|p2: Alkov|move: Stealth Rock
|
|-heal|p1a: Landorus-Therian|25\/382|[from] item: Leftovers
|turn|5
|c|âAlkov|!!!!!
|c| Breeloom|ayy lmao
|c|âAlkov|gay roll
|
|move|p2a: Landorus|Psychic|p1a: Landorus-Therian
|-damage|p1a: Landorus-Therian|0 fnt
|faint|p1a: Landorus-Therian
|
|c| AstroChesnaught|oo
|c| UnderDoge42|lando battle
|
|switch|p1a: Rotom-Wash|Rotom-Wash|304\/304
|turn|6
|join|wish killer
|
|switch|p2a: Serperior|Serperior, M|139\/291
|-damage|p2a: Serperior|103\/291|[from] Stealth Rock
|move|p1a: Rotom-Wash|Hydro Pump|p2a: Serperior
|-resisted|p2a: Serperior
|-damage|p2a: Serperior|37\/291
|
|-heal|p2a: Serperior|55\/291|[from] item: Leftovers
|turn|7
|join|czbvnvd
|
|switch|p1a: Magnezone|Magnezone|281\/281
|move|p2a: Serperior|Leaf Storm|p1a: Magnezone
|-resisted|p1a: Magnezone
|-damage|p1a: Magnezone|190\/281
|-boost|p2a: Serperior|spa|2
|
|-heal|p2a: Serperior|73\/291|[from] item: Leftovers
|turn|8
|
|switch|p2a: Heatran|Heatran, F|385\/385
|-damage|p2a: Heatran|337\/385|[from] Stealth Rock
|move|p1a: Magnezone|Flash Cannon|p2a: Heatran
|-resisted|p2a: Heatran
|-damage|p2a: Heatran|313\/385
|
|-heal|p2a: Heatran|337\/385|[from] item: Leftovers
|turn|9
|join|BigPimpin12
|c| AstroChesnaught|See, when its Lando vs Lando, Lando always wins
|
|switch|p1a: Rotom-Wash|Rotom-Wash|304\/304
|move|p2a: Heatran|Will-O-Wisp|p1a: Rotom-Wash
|-status|p1a: Rotom-Wash|brn
|
|-heal|p2a: Heatran|361\/385|[from] item: Leftovers
|-damage|p1a: Rotom-Wash|266\/304 brn|[from] brn
|turn|10
|
|move|p1a: Rotom-Wash|Hydro Pump|p2a: Heatran
|-supereffective|p2a: Heatran
|-damage|p2a: Heatran|185\/385
|move|p2a: Heatran|Stealth Rock|p1a: Rotom-Wash
|-sidestart|p1: Jefo|move: Stealth Rock
|
|-heal|p1a: Rotom-Wash|285\/304 brn|[from] item: Leftovers
|-heal|p2a: Heatran|209\/385|[from] item: Leftovers
|-damage|p1a: Rotom-Wash|247\/304 brn|[from] brn
|turn|11
|c| AstroChesnaught|its unfair
|join|pkmntrainur
|join|Apathos
|leave|pkmntrainur
|
|switch|p2a: Serperior|Serperior, M|73\/291
|-damage|p2a: Serperior|37\/291|[from] Stealth Rock
|move|p1a: Rotom-Wash|Hydro Pump|p2a: Serperior
|-resisted|p2a: Serperior
|-damage|p2a: Serperior|0 fnt
|faint|p2a: Serperior
|
|-heal|p1a: Rotom-Wash|266\/304 brn|[from] item: Leftovers
|-damage|p1a: Rotom-Wash|228\/304 brn|[from] brn
|
|switch|p2a: Zapdos|Zapdos|383\/383
|-damage|p2a: Zapdos|288\/383|[from] Stealth Rock
|-ability|p2a: Zapdos|Pressure
|turn|12
|join|wizardo
|c| Sir Slaking|why sack
|
|move|p2a: Zapdos|Roost|p2a: Zapdos
|-heal|p2a: Zapdos|383\/383
|move|p1a: Rotom-Wash|Volt Switch|p2a: Zapdos
|-resisted|p2a: Zapdos
|-damage|p2a: Zapdos|332\/383
|join|Cal Clutterbuck
|
|switch|p1a: Diggersby|Diggersby, F|311\/311
|-damage|p1a: Diggersby|292\/311|[from] Stealth Rock
|
|-heal|p2a: Zapdos|355\/383|[from] item: Leftovers
|turn|13
|c|âJefo|stay in
|
|switch|p2a: Heatran|Heatran, F|209\/385
|-damage|p2a: Heatran|161\/385|[from] Stealth Rock
|move|p1a: Diggersby|Return|p2a: Heatran
|-resisted|p2a: Heatran
|-damage|p2a: Heatran|10\/385
|-damage|p1a: Diggersby|261\/311|[from] item: Life Orb
|
|-heal|p2a: Heatran|34\/385|[from] item: Leftovers
|turn|14
|
|move|p1a: Diggersby|Quick Attack|p2a: Heatran
|-resisted|p2a: Heatran
|-damage|p2a: Heatran|0 fnt
|-damage|p1a: Diggersby|230\/311|[from] item: Life Orb
|faint|p2a: Heatran
|
|
|switch|p2a: Keldeo|Keldeo|323\/323
|-damage|p2a: Keldeo|303\/323|[from] Stealth Rock
|turn|15
|
|switch|p1a: Rotom-Wash|Rotom-Wash|228\/304 brn
|-damage|p1a: Rotom-Wash|190\/304 brn|[from] Stealth Rock
|move|p2a: Keldeo|Secret Sword|p1a: Rotom-Wash
|-damage|p1a: Rotom-Wash|73\/304 brn
|
|-heal|p1a: Rotom-Wash|92\/304 brn|[from] item: Leftovers
|-damage|p1a: Rotom-Wash|54\/304 brn|[from] brn
|turn|16
|
|move|p2a: Keldeo|Secret Sword|p1a: Rotom-Wash
|-damage|p1a: Rotom-Wash|0 fnt
|faint|p1a: Rotom-Wash
|
|
|switch|p1a: Diancie|Diancie|241\/241
|-damage|p1a: Diancie|211\/241|[from] Stealth Rock
|turn|17
|
|switch|p2a: Scizor|Scizor, M|290\/290
|-damage|p2a: Scizor|254\/290|[from] Stealth Rock
|switch|p1a: Ferrothorn|Ferrothorn, F|352\/352
|-damage|p1a: Ferrothorn|330\/352|[from] Stealth Rock
|
|turn|18
|
|detailschange|p2a: Scizor|Scizor-Mega, M
|-mega|p2a: Scizor|Scizor|Scizorite
|move|p2a: Scizor|Swords Dance|p2a: Scizor
|-boost|p2a: Scizor|atk|2
|move|p1a: Ferrothorn|Leech Seed|p2a: Scizor
|-start|p2a: Scizor|move: Leech Seed
|
|-damage|p2a: Scizor|218\/290|[from] Leech Seed|[of] p1a: Ferrothorn
|-heal|p1a: Ferrothorn|352\/352|[silent]
|turn|19
|c| Breeloom|!!!!!!
|
|move|p2a: Scizor|Superpower|p1a: Ferrothorn
|-supereffective|p1a: Ferrothorn
|-damage|p1a: Ferrothorn|0 fnt
|-damage|p2a: Scizor|182\/290|[from] ability: Iron Barbs|[of] p1a: Ferrothorn
|-unboost|p2a: Scizor|atk|1
|-unboost|p2a: Scizor|def|1
|faint|p1a: Ferrothorn
|
|c| Breeloom|NOT ZONE
|
|switch|p1a: Magnezone|Magnezone|190\/281
|-damage|p1a: Magnezone|173\/281|[from] Stealth Rock
|turn|20
|c| Breeloom|RIP PAL..
|leave|Attribute
|c| AstroChesnaught|we
|c| AstroChesnaught|will miss u scizor
|c| Sir Slaking|unless scizor outspeeds
|c|âAlkov|his mag
|c| czbvnvd|it wont
|c|âAlkov|is scarfed
|c| AstroChesnaught|Its scarfed Mega Scizor
|c| AstroChesnaught|:^)
|join|Yuttt.annual
|c| UnderDoge42|lol
|c| Percentage|nah, shed shell
|leave|Rawk Hawk
|c| Sir Slaking|it is?
|
|move|p2a: Scizor|Bullet Punch|p1a: Magnezone
|-resisted|p1a: Magnezone
|-damage|p1a: Magnezone|132\/281
|move|p1a: Magnezone|Hidden Power|p2a: Scizor
|-supereffective|p2a: Scizor
|-damage|p2a: Scizor|0 fnt
|faint|p2a: Scizor
|
|c| AstroChesnaught|oooo
|c| Percentage|yup
|
|switch|p2a: Keldeo|Keldeo|303\/323
|-damage|p2a: Keldeo|283\/323|[from] Stealth Rock
|turn|21
|
|move|p2a: Keldeo|Scald|p1a: Magnezone
|-damage|p1a: Magnezone|0 fnt
|faint|p1a: Magnezone
|
|
|switch|p1a: Diancie|Diancie|211\/241
|-damage|p1a: Diancie|181\/241|[from] Stealth Rock
|turn|22
|
|move|p2a: Keldeo|Scald|p1a: Diancie
|-supereffective|p1a: Diancie
|-damage|p1a: Diancie|0 fnt
|faint|p1a: Diancie
|
|c|âAlkov|gg
|
|switch|p1a: Diggersby|Diggersby, F|230\/311
|-damage|p1a: Diggersby|211\/311|[from] Stealth Rock
|turn|23
|
|move|p1a: Diggersby|Quick Attack|p2a: Keldeo
|-damage|p2a: Keldeo|154\/323
|-damage|p1a: Diggersby|180\/311|[from] item: Life Orb
|move|p2a: Keldeo|Scald|p1a: Diggersby
|-supereffective|p1a: Diggersby
|-damage|p1a: Diggersby|0 fnt
|faint|p1a: Diggersby
|
|win|Alkov
|c|âJefo|im so keld weak
|c|âJefo|gg
|c|âAlkov|:]
|leave|Alkov
|leave|Jefo
|leave|TFL
|player|p2
|leave|Bloodz
|player|p1
|leave|stockholm negro