|join|Alkov
|join|Xenium
|player|p1|Alkov|256
|player|p2|Xenium|266
|gametype|singles
|gen|6
|tier|OU
|rated
|clearpoke
|poke|p1|Gothitelle, F
|poke|p1|Skarmory, M
|poke|p1|Cresselia, F
|poke|p1|Quagsire, M
|poke|p1|Sableye, M
|poke|p1|Chansey, F
|poke|p2|Altaria, F
|poke|p2|Heatran, M
|poke|p2|Slowbro, F
|poke|p2|Ferrothorn, M
|poke|p2|Tyranitar, F, shiny
|poke|p2|Gliscor, M
|rule|Swagger Clause: Swagger is banned
|rule|Baton Pass Clause: Limit one PokÃ©mon knowing Baton Pass
|rule|Sleep Clause Mod: Limit one foe put to sleep
|rule|Species Clause: Limit one of each PokÃ©mon
|rule|OHKO Clause: OHKO moves are banned
|rule|Moody Clause: Moody is banned
|rule|Evasion Moves Clause: Evasion moves are banned
|rule|Endless Battle Clause: Forcing endless battles is banned
|rule|HP Percentage Mod: HP is shown in percentages
|teampreview
|
|start
|switch|p1a: Chansey|Chansey, F|704\/704
|switch|p2a: Altaria|Altaria, F|327\/327
|-ability|p2a: Altaria|Cloud Nine
|turn|1
|
|switch|p2a: Heatran|Heatran, M|385\/385
|move|p1a: Chansey|Stealth Rock|p2a: Heatran
|-sidestart|p2: Xenium|move: Stealth Rock
|
|turn|2
|
|move|p2a: Heatran|Stealth Rock|p1a: Chansey
|-sidestart|p1: Alkov|move: Stealth Rock
|move|p1a: Chansey|Seismic Toss|p2a: Heatran
|-damage|p2a: Heatran|285\/385
|
|-heal|p2a: Heatran|309\/385|[from] item: Leftovers
|turn|3
|
|switch|p2a: Ferrothorn|Ferrothorn, M|352\/352
|-damage|p2a: Ferrothorn|330\/352|[from] Stealth Rock
|switch|p1a: Quagsire|Quagsire, M|394\/394
|-damage|p1a: Quagsire|370\/394|[from] Stealth Rock
|
|-heal|p1a: Quagsire|394\/394|[from] item: Leftovers
|turn|4
|
|switch|p1a: Sableye|Sableye, M|303\/303
|-damage|p1a: Sableye|266\/303|[from] Stealth Rock
|move|p2a: Ferrothorn|Leech Seed|p1a: Sableye
|-start|p1a: Sableye|move: Leech Seed
|
|-damage|p1a: Sableye|229\/303|[from] Leech Seed|[of] p2a: Ferrothorn
|-heal|p2a: Ferrothorn|352\/352|[silent]
|turn|5
|
|detailschange|p1a: Sableye|Sableye-Mega, M
|-mega|p1a: Sableye|Sableye|Sablenite
|move|p2a: Ferrothorn|Protect|p2a: Ferrothorn
|-singleturn|p2a: Ferrothorn|Protect
|move|p1a: Sableye|Snarl|p2a: Ferrothorn
|-activate|p2a: Ferrothorn|Protect
|
|-damage|p1a: Sableye|192\/303|[from] Leech Seed|[of] p2a: Ferrothorn
|turn|6
|
|switch|p2a: Altaria|Altaria, F|327\/327
|-damage|p2a: Altaria|246\/327|[from] Stealth Rock
|-ability|p2a: Altaria|Cloud Nine
|move|p1a: Sableye|Recover|p1a: Sableye
|-heal|p1a: Sableye|303\/303
|
|-damage|p1a: Sableye|266\/303|[from] Leech Seed|[of] p2a: Altaria
|-heal|p2a: Altaria|283\/327|[silent]
|turn|7
|
|switch|p1a: Quagsire|Quagsire, M|394\/394
|-damage|p1a: Quagsire|370\/394|[from] Stealth Rock
|detailschange|p2a: Altaria|Altaria-Mega, F
|-mega|p2a: Altaria|Altaria|Altarianite
|move|p2a: Altaria|Roost|p2a: Altaria
|-heal|p2a: Altaria|327\/327
|
|-heal|p1a: Quagsire|394\/394|[from] item: Leftovers
|turn|8
|
|move|p2a: Altaria|Hyper Voice|p1a: Quagsire
|-crit|p1a: Quagsire
|-damage|p1a: Quagsire|0 fnt
|faint|p1a: Quagsire
|
|c|âAlkov|zzzz
|c|âAlkov|crit
|c|âAlkov|seriously
|
|switch|p1a: Cresselia|Cresselia, F|444\/444
|-damage|p1a: Cresselia|389\/444|[from] Stealth Rock
|turn|9
|c|âXenium|too bad it's a 2hko
|c|âAlkov|still ....
|c|âAlkov|i just needed to get off the toxic before i switch
|c|âAlkov|i dont even care if its 2HKO or not
|c|âXenium|my nigga i have heal bell
|c|âXenium|it didn't matter what u did
|c|âXenium|lol
|
|switch|p2a: Gliscor|Gliscor, M|353\/353
|-damage|p2a: Gliscor|309\/353|[from] Stealth Rock
|move|p1a: Cresselia|Thunder Wave|p2a: Gliscor
|-immune|p2a: Gliscor|[msg]
|
|-heal|p1a: Cresselia|416\/444|[from] item: Leftovers
|-status|p2a: Gliscor|tox|[from] item: Toxic Orb
|turn|10
|
|switch|p2a: Heatran|Heatran, M|309\/385
|-damage|p2a: Heatran|261\/385|[from] Stealth Rock
|switch|p1a: Sableye|Sableye-Mega, M|266\/303
|-damage|p1a: Sableye|229\/303|[from] Stealth Rock
|
|-heal|p2a: Heatran|285\/385|[from] item: Leftovers
|turn|11
|
|switch|p2a: Altaria|Altaria-Mega, F|327\/327
|-damage|p2a: Altaria|287\/327|[from] Stealth Rock
|switch|p1a: Chansey|Chansey, F|704\/704
|-damage|p1a: Chansey|616\/704|[from] Stealth Rock
|
|turn|12
|
|switch|p2a: Ferrothorn|Ferrothorn, M|352\/352
|-damage|p2a: Ferrothorn|330\/352|[from] Stealth Rock
|move|p1a: Chansey|Seismic Toss|p2a: Ferrothorn
|-damage|p2a: Ferrothorn|230\/352
|-damage|p1a: Chansey|528\/704|[from] ability: Iron Barbs|[of] p2a: Ferrothorn
|
|turn|13
|
|switch|p1a: Sableye|Sableye-Mega, M|229\/303
|-damage|p1a: Sableye|192\/303|[from] Stealth Rock
|move|p2a: Ferrothorn|Leech Seed|p1a: Sableye
|move|p1a: Sableye|Leech Seed|p2a: Ferrothorn|[from]Magic Bounce
|-immune|p2a: Ferrothorn|[msg]
|
|turn|14
|
|switch|p2a: Altaria|Altaria-Mega, F|287\/327
|-damage|p2a: Altaria|247\/327|[from] Stealth Rock
|move|p1a: Sableye|Recover|p1a: Sableye
|-heal|p1a: Sableye|303\/303
|
|turn|15
|
|switch|p2a: Gliscor|Gliscor, M|309\/353 tox
|-damage|p2a: Gliscor|265\/353 tox|[from] Stealth Rock
|switch|p1a: Chansey|Chansey, F|528\/704
|-damage|p1a: Chansey|440\/704|[from] Stealth Rock
|
|-heal|p2a: Gliscor|309\/353 tox|[from] ability: Poison Heal
|turn|16
|
|switch|p1a: Sableye|Sableye-Mega, M|303\/303
|-damage|p1a: Sableye|266\/303|[from] Stealth Rock
|move|p2a: Gliscor|Swords Dance|p2a: Gliscor
|-boost|p2a: Gliscor|atk|2
|
|-heal|p2a: Gliscor|353\/353 tox|[from] ability: Poison Heal
|turn|17
|
|switch|p1a: Skarmory|Skarmory, M|334\/334
|-damage|p1a: Skarmory|293\/334|[from] Stealth Rock
|move|p2a: Gliscor|Earthquake|p1a: Skarmory
|-immune|p1a: Skarmory|[msg]
|
|turn|18
|
|move|p2a: Gliscor|Facade|p1a: Skarmory
|-resisted|p1a: Skarmory
|-damage|p1a: Skarmory|234\/334
|move|p1a: Skarmory|Brave Bird|p2a: Gliscor
|-damage|p2a: Gliscor|256\/353 tox
|-damage|p1a: Skarmory|202\/334|[from] recoil|[of] p2a: Gliscor
|
|-heal|p2a: Gliscor|300\/353 tox|[from] ability: Poison Heal
|turn|19
|
|switch|p2a: Heatran|Heatran, M|285\/385
|-damage|p2a: Heatran|237\/385|[from] Stealth Rock
|move|p1a: Skarmory|Roost|p1a: Skarmory
|-heal|p1a: Skarmory|334\/334
|
|-heal|p2a: Heatran|261\/385|[from] item: Leftovers
|turn|20
|
|switch|p1a: Chansey|Chansey, F|440\/704
|-damage|p1a: Chansey|352\/704|[from] Stealth Rock
|move|p2a: Heatran|Lava Plume|p1a: Chansey
|-damage|p1a: Chansey|276\/704
|
|-heal|p2a: Heatran|285\/385|[from] item: Leftovers
|turn|21
|
|move|p2a: Heatran|Taunt|p1a: Chansey
|-start|p1a: Chansey|move: Taunt
|cant|p1a: Chansey|move: Taunt|Soft-Boiled
|
|-heal|p2a: Heatran|309\/385|[from] item: Leftovers
|turn|22
|-message|Alkov forfeited.
|
|win|Xenium
|raw|Ladder updating...
|leave|Alkov
|player|p1
|raw|Alkov's rating: 1674 &rarr; <strong>1651<\/strong><br \/>(-23 for losing)
|raw|Xenium's rating: 1611 &rarr; <strong>1635<\/strong><br \/>(+24 for winning)