|join|lil manaphy
|join|Alkov
|player|p1|lil manaphy|9
|player|p2|Alkov|256
|gametype|singles
|gen|6
|tier|OU
|rated
|clearpoke
|poke|p1|Gardevoir, M
|poke|p1|Keldeo
|poke|p1|Amoonguss, M
|poke|p1|Chansey, F
|poke|p1|Mandibuzz, F
|poke|p1|Landorus-Therian, M
|poke|p2|Scizor, M
|poke|p2|Heatran, F
|poke|p2|Serperior, M
|poke|p2|Keldeo
|poke|p2|Zapdos
|poke|p2|Landorus, M
|rule|Swagger Clause: Swagger is banned
|rule|Baton Pass Clause: Limit one PokÃ©mon knowing Baton Pass
|rule|Sleep Clause Mod: Limit one foe put to sleep
|rule|Species Clause: Limit one of each PokÃ©mon
|rule|OHKO Clause: OHKO moves are banned
|rule|Moody Clause: Moody is banned
|rule|Evasion Moves Clause: Evasion moves are banned
|rule|Endless Battle Clause: Forcing endless battles is banned
|rule|HP Percentage Mod: HP is shown in percentages
|teampreview
|c|âAlkov|dammit
|c|âAlkov|Nuuuuu
|
|start
|switch|p1a: Keldeo|Keldeo|323\/323
|switch|p2a: Heatran|Heatran, F|385\/385
|turn|1
|
|switch|p2a: Zapdos|Zapdos|383\/383
|-ability|p2a: Zapdos|Pressure
|move|p1a: Keldeo|Secret Sword|p2a: Zapdos
|-resisted|p2a: Zapdos
|-damage|p2a: Zapdos|320\/383
|
|-heal|p2a: Zapdos|343\/383|[from] item: Leftovers
|turn|2
|
|switch|p1a: Landorus-Therian|Landorus-Therian, M|382\/382
|-ability|p1a: Landorus-Therian|Intimidate|[of] p2a: Zapdos
|-unboost|p2a: Zapdos|atk|1
|move|p2a: Zapdos|Volt Switch|p1a: Landorus-Therian
|-immune|p1a: Landorus-Therian|[msg]
|
|-heal|p2a: Zapdos|366\/383|[from] item: Leftovers
|turn|3
|
|move|p2a: Zapdos|Heat Wave|p1a: Landorus-Therian
|-damage|p1a: Landorus-Therian|266\/382
|move|p1a: Landorus-Therian|Stealth Rock|p2a: Zapdos
|-sidestart|p2: Alkov|move: Stealth Rock
|
|-heal|p2a: Zapdos|383\/383|[from] item: Leftovers
|-heal|p1a: Landorus-Therian|289\/382|[from] item: Leftovers
|turn|4
|
|move|p2a: Zapdos|Heat Wave|p1a: Landorus-Therian
|-damage|p1a: Landorus-Therian|186\/382
|move|p1a: Landorus-Therian|U-turn|p2a: Zapdos
|-resisted|p2a: Zapdos
|-damage|p2a: Zapdos|352\/383
|
|switch|p1a: Gardevoir|Gardevoir, M|277\/277
|-ability|p1a: Gardevoir|Pressure|[from] ability: Trace|[of] p2a: Zapdos
|-ability|p1a: Gardevoir|Pressure
|
|-heal|p2a: Zapdos|375\/383|[from] item: Leftovers
|turn|5
|
|switch|p2a: Scizor|Scizor, M|290\/290
|-damage|p2a: Scizor|254\/290|[from] Stealth Rock
|detailschange|p1a: Gardevoir|Gardevoir-Mega, M
|-mega|p1a: Gardevoir|Gardevoir|Gardevoirite
|move|p1a: Gardevoir|Hyper Voice|p2a: Scizor
|-resisted|p2a: Scizor
|-damage|p2a: Scizor|108\/290
|
|turn|6
|
|switch|p1a: Mandibuzz|Mandibuzz, F|423\/423
|switch|p2a: Zapdos|Zapdos|375\/383
|-damage|p2a: Zapdos|280\/383|[from] Stealth Rock
|-ability|p2a: Zapdos|Pressure
|
|-heal|p2a: Zapdos|303\/383|[from] item: Leftovers
|turn|7
|
|switch|p1a: Gardevoir|Gardevoir-Mega, M|277\/277
|move|p2a: Zapdos|Defog|p1a: Gardevoir
|-unboost|p1a: Gardevoir|evasion|1
|-sideend|p2: Alkov|Stealth Rock|[from] move: Defog|[of] p2a: Zapdos
|
|-heal|p2a: Zapdos|326\/383|[from] item: Leftovers
|turn|8
|
|move|p1a: Gardevoir|Hyper Voice|p2a: Zapdos
|-damage|p2a: Zapdos|49\/383
|move|p2a: Zapdos|Volt Switch|p1a: Gardevoir
|-damage|p1a: Gardevoir|202\/277
|
|switch|p2a: Scizor|Scizor, M|108\/290
|
|turn|9
|
|switch|p1a: Mandibuzz|Mandibuzz, F|423\/423
|switch|p2a: Heatran|Heatran, F|385\/385
|
|turn|10
|
|switch|p1a: Keldeo|Keldeo|323\/323
|move|p2a: Heatran|Stealth Rock|p1a: Keldeo
|-sidestart|p1: lil manaphy|move: Stealth Rock
|
|turn|11
|
|switch|p2a: Zapdos|Zapdos|49\/383
|-ability|p2a: Zapdos|Pressure
|move|p1a: Keldeo|Secret Sword|p2a: Zapdos
|-resisted|p2a: Zapdos
|-damage|p2a: Zapdos|0 fnt
|faint|p2a: Zapdos
|
|
|switch|p2a: Serperior|Serperior, M|291\/291
|turn|12
|
|switch|p2a: Heatran|Heatran, F|385\/385
|switch|p1a: Amoonguss|Amoonguss, M|432\/432
|-damage|p1a: Amoonguss|378\/432|[from] Stealth Rock
|
|-heal|p1a: Amoonguss|405\/432|[from] item: Black Sludge
|turn|13
|
|move|p2a: Heatran|Lava Plume|p1a: Amoonguss
|-supereffective|p1a: Amoonguss
|-damage|p1a: Amoonguss|145\/432
|move|p1a: Amoonguss|Spore|p2a: Heatran
|-status|p2a: Heatran|slp
|
|-heal|p1a: Amoonguss|172\/432|[from] item: Black Sludge
|turn|14
|
|cant|p2a: Heatran|slp
|move|p1a: Amoonguss|Clear Smog|p2a: Heatran
|-immune|p2a: Heatran|[msg]
|
|-heal|p1a: Amoonguss|199\/432|[from] item: Black Sludge
|turn|15
|c|âAlkov|Y DO I ALWAYS FORGET SPORE
|c|âAlkov|AND TAUNT
|c|âAlkov|:[
|
|switch|p1a: Keldeo|Keldeo|323\/323
|-damage|p1a: Keldeo|303\/323|[from] Stealth Rock
|-curestatus|p2a: Heatran|slp
|move|p2a: Heatran|Will-O-Wisp|p1a: Keldeo
|-status|p1a: Keldeo|brn
|
|-heal|p1a: Keldeo|323\/323 brn|[from] item: Leftovers
|-damage|p1a: Keldeo|283\/323 brn|[from] brn
|turn|16
|
|switch|p2a: Serperior|Serperior, M|291\/291
|move|p1a: Keldeo|Secret Sword|p2a: Serperior
|-damage|p2a: Serperior|128\/291
|
|-heal|p2a: Serperior|146\/291|[from] item: Leftovers
|-heal|p1a: Keldeo|303\/323 brn|[from] item: Leftovers
|-damage|p1a: Keldeo|263\/323 brn|[from] brn
|turn|17
|
|switch|p1a: Amoonguss|Amoonguss, M|343\/432
|-damage|p1a: Amoonguss|289\/432|[from] Stealth Rock
|move|p2a: Serperior|Leaf Storm|p1a: Amoonguss
|-resisted|p1a: Amoonguss
|-damage|p1a: Amoonguss|241\/432
|-boost|p2a: Serperior|spa|2
|
|-heal|p2a: Serperior|164\/291|[from] item: Leftovers
|-heal|p1a: Amoonguss|268\/432|[from] item: Black Sludge
|turn|18
|
|move|p2a: Serperior|Hidden Power|p1a: Amoonguss
|-crit|p1a: Amoonguss
|-supereffective|p1a: Amoonguss
|-damage|p1a: Amoonguss|0 fnt
|faint|p1a: Amoonguss
|
|-heal|p2a: Serperior|182\/291|[from] item: Leftovers
|
|switch|p1a: Chansey|Chansey, F|703\/703
|-damage|p1a: Chansey|616\/703|[from] Stealth Rock
|turn|19
|
|move|p2a: Serperior|Leaf Storm|p1a: Chansey|[miss]
|-miss|p2a: Serperior|p1a: Chansey
|move|p1a: Chansey|Seismic Toss|p2a: Serperior
|-damage|p2a: Serperior|82\/291
|
|-heal|p2a: Serperior|100\/291|[from] item: Leftovers
|turn|20
|
|move|p2a: Serperior|Leaf Storm|p1a: Chansey|[miss]
|-miss|p2a: Serperior|p1a: Chansey
|move|p1a: Chansey|Seismic Toss|p2a: Serperior
|-damage|p2a: Serperior|0 fnt
|faint|p2a: Serperior
|
|c|âAlkov|ZZZZ
|c|âAlkov|wow
|c|âAlkov|not cool mang
|
|switch|p2a: Scizor|Scizor, M|108\/290
|turn|21
|
|detailschange|p2a: Scizor|Scizor-Mega, M
|-mega|p2a: Scizor|Scizor|Scizorite
|move|p2a: Scizor|Swords Dance|p2a: Scizor
|-boost|p2a: Scizor|atk|2
|move|p1a: Chansey|Seismic Toss|p2a: Scizor
|-damage|p2a: Scizor|8\/290
|
|turn|22
|
|switch|p1a: Mandibuzz|Mandibuzz, F|423\/423
|-damage|p1a: Mandibuzz|318\/423|[from] Stealth Rock
|move|p2a: Scizor|Bug Bite|p1a: Mandibuzz
|-damage|p1a: Mandibuzz|21\/423
|-damage|p2a: Scizor|0 fnt|[from] item: Rocky Helmet|[of] p1a: Mandibuzz
|faint|p2a: Scizor
|
|c|âAlkov|zzzzzzzz
|
|switch|p2a: Keldeo|Keldeo|323\/323
|turn|23
|
|move|p2a: Keldeo|Scald|p1a: Mandibuzz
|-damage|p1a: Mandibuzz|0 fnt
|faint|p1a: Mandibuzz
|
|
|switch|p1a: Chansey|Chansey, F|616\/703
|-damage|p1a: Chansey|529\/703|[from] Stealth Rock
|turn|24
|
|switch|p2a: Heatran|Heatran, F|385\/385
|move|p1a: Chansey|Seismic Toss|p2a: Heatran
|-damage|p2a: Heatran|285\/385
|
|-heal|p2a: Heatran|309\/385|[from] item: Leftovers
|turn|25
|
|move|p2a: Heatran|Will-O-Wisp|p1a: Chansey
|-status|p1a: Chansey|brn
|move|p1a: Chansey|Wish|p1a: Chansey
|
|-heal|p2a: Heatran|333\/385|[from] item: Leftovers
|-damage|p1a: Chansey|442\/703 brn|[from] brn
|turn|26
|
|switch|p1a: Keldeo|Keldeo|263\/323 brn
|-damage|p1a: Keldeo|243\/323 brn|[from] Stealth Rock
|move|p2a: Heatran|Lava Plume|p1a: Keldeo
|-resisted|p1a: Keldeo
|-damage|p1a: Keldeo|177\/323 brn
|
|-heal|p1a: Keldeo|323\/323 brn|[from] move: Wish|[wisher] Chansey
|-heal|p2a: Heatran|357\/385|[from] item: Leftovers
|-damage|p1a: Keldeo|283\/323 brn|[from] brn
|turn|27
|
|switch|p2a: Keldeo|Keldeo|323\/323
|move|p1a: Keldeo|Secret Sword|p2a: Keldeo
|-damage|p2a: Keldeo|148\/323
|
|-heal|p1a: Keldeo|303\/323 brn|[from] item: Leftovers
|-damage|p1a: Keldeo|263\/323 brn|[from] brn
|turn|28
|
|switch|p1a: Chansey|Chansey, F|442\/703
|-damage|p1a: Chansey|355\/703|[from] Stealth Rock
|move|p2a: Keldeo|Secret Sword|p1a: Chansey
|-supereffective|p1a: Chansey
|-damage|p1a: Chansey|0 fnt
|faint|p1a: Chansey
|
|
|switch|p1a: Gardevoir|Gardevoir-Mega, M|202\/277
|-damage|p1a: Gardevoir|168\/277|[from] Stealth Rock
|turn|29
|
|switch|p2a: Heatran|Heatran, F|357\/385
|move|p1a: Gardevoir|Hyper Voice|p2a: Heatran
|-resisted|p2a: Heatran
|-damage|p2a: Heatran|317\/385
|
|-heal|p2a: Heatran|341\/385|[from] item: Leftovers
|turn|30
|
|move|p1a: Gardevoir|Focus Blast|p2a: Heatran
|-supereffective|p2a: Heatran
|-damage|p2a: Heatran|117\/385
|move|p2a: Heatran|Lava Plume|p1a: Gardevoir
|-damage|p1a: Gardevoir|75\/277
|-status|p1a: Gardevoir|brn
|
|-heal|p2a: Heatran|141\/385|[from] item: Leftovers
|-damage|p1a: Gardevoir|41\/277 brn|[from] brn
|turn|31
|
|move|p1a: Gardevoir|Focus Blast|p2a: Heatran
|-supereffective|p2a: Heatran
|-damage|p2a: Heatran|0 fnt
|faint|p2a: Heatran
|
|-damage|p1a: Gardevoir|7\/277 brn|[from] brn
|
|switch|p2a: Keldeo|Keldeo|148\/323
|turn|32
|
|move|p2a: Keldeo|Scald|p1a: Gardevoir
|-damage|p1a: Gardevoir|0 fnt
|faint|p1a: Gardevoir
|
|
|switch|p1a: Keldeo|Keldeo|263\/323 brn
|-damage|p1a: Keldeo|243\/323 brn|[from] Stealth Rock
|turn|33
|c|âAlkov|fuck i misclick
|c|âAlkov|zzzz
|
|switch|p2a: Landorus|Landorus, M|319\/319
|move|p1a: Keldeo|Secret Sword|p2a: Landorus
|-resisted|p2a: Landorus
|-damage|p2a: Landorus|233\/319
|
|-heal|p1a: Keldeo|263\/323 brn|[from] item: Leftovers
|-damage|p1a: Keldeo|223\/323 brn|[from] brn
|turn|34
|
|switch|p2a: Keldeo|Keldeo|148\/323
|move|p1a: Keldeo|Scald|p2a: Keldeo
|-resisted|p2a: Keldeo
|-damage|p2a: Keldeo|66\/323
|
|-heal|p1a: Keldeo|243\/323 brn|[from] item: Leftovers
|-damage|p1a: Keldeo|203\/323 brn|[from] brn
|turn|35
|
|move|p2a: Keldeo|Secret Sword|p1a: Keldeo
|-damage|p1a: Keldeo|52\/323 brn
|move|p1a: Keldeo|Scald|p2a: Keldeo
|-resisted|p2a: Keldeo
|-damage|p2a: Keldeo|0 fnt
|faint|p2a: Keldeo
|
|-heal|p1a: Keldeo|72\/323 brn|[from] item: Leftovers
|-damage|p1a: Keldeo|32\/323 brn|[from] brn
|
|switch|p2a: Landorus|Landorus, M|233\/319
|turn|36
|c|âAlkov|!!!
|c|âAlkov|MIN ROLLED
|
|move|p1a: Keldeo|Scald|p2a: Landorus
|-supereffective|p2a: Landorus
|-damage|p2a: Landorus|0 fnt
|faint|p2a: Landorus
|
|win|lil manaphy
|raw|Ladder updating...
|raw|lil manaphy's rating: 1634 &rarr; <strong>1659<\/strong><br \/>(+25 for winning)
|raw|Alkov's rating: 1720 &rarr; <strong>1695<\/strong><br \/>(-25 for losing)
|c|âAlkov|zzzz
|c|âAlkov|that 2 leafstorm miss
|c|âAlkov|was garbage man