|join|Dragon Stone
|join|Alkov
|player|p1|Dragon Stone|151
|player|p2|Alkov|256
|gametype|singles
|gen|6
|tier|OU
|rated
|clearpoke
|poke|p1|Gengar, M
|poke|p1|Meloetta
|poke|p1|Conkeldurr, M
|poke|p1|Ferrothorn, M
|poke|p1|Swampert, M
|poke|p1|Landorus, M
|poke|p2|Scizor, M
|poke|p2|Heatran, F
|poke|p2|Serperior, M
|poke|p2|Keldeo
|poke|p2|Zapdos
|poke|p2|Landorus, M
|rule|Swagger Clause: Swagger is banned
|rule|Baton Pass Clause: Limit one PokÃ©mon knowing Baton Pass
|rule|Sleep Clause Mod: Limit one foe put to sleep
|rule|Species Clause: Limit one of each PokÃ©mon
|rule|OHKO Clause: OHKO moves are banned
|rule|Moody Clause: Moody is banned
|rule|Evasion Moves Clause: Evasion moves are banned
|rule|Endless Battle Clause: Forcing endless battles is banned
|rule|HP Percentage Mod: HP is shown in percentages
|teampreview
|join|Bâ¥aâ¥uâ¥eâ¥râ¥
|c|âAlkov|you're ifenrear?
|c|âDragon Stone|Yes.. Lol
|c|âAlkov|only you use such an interesting looking team
|c|âAlkov|:]
|
|start
|switch|p1a: Heihachi|Conkeldurr, M|383\/383
|switch|p2a: Serperior|Serperior, M|291\/291
|turn|1
|
|move|p2a: Serperior|Leaf Storm|p1a: Heihachi
|-damage|p1a: Heihachi|280\/383
|-boost|p2a: Serperior|spa|2
|move|p1a: Heihachi|Ice Punch|p2a: Serperior
|-supereffective|p2a: Serperior
|-damage|p2a: Serperior|111\/291
|
|-heal|p2a: Serperior|129\/291|[from] item: Leftovers
|turn|2
|c| Bâ¥aâ¥uâ¥eâ¥râ¥|laddering alone so boring, isnt it?
|
|move|p2a: Serperior|Leaf Storm|p1a: Heihachi
|-damage|p1a: Heihachi|94\/383
|-boost|p2a: Serperior|spa|2
|move|p1a: Heihachi|Ice Punch|p2a: Serperior
|-supereffective|p2a: Serperior
|-damage|p2a: Serperior|0 fnt
|faint|p2a: Serperior
|
|c|âDragon Stone|Yes.. Its Good To Have Spectators..
|c|âDragon Stone|And GG lol...
|
|switch|p2a: Landorus|Landorus, M|319\/319
|turn|3
|
|move|p2a: Landorus|Psychic|p1a: Heihachi
|-supereffective|p1a: Heihachi
|-damage|p1a: Heihachi|0 fnt
|faint|p1a: Heihachi
|
|
|switch|p1a: Enten|Landorus, M|319\/319
|turn|4
|c|âDragon Stone|is that scarf keldeo?
|c| Bâ¥aâ¥uâ¥eâ¥râ¥|gen5ou tour in ou room
|c|âAlkov|maybe
|c| Bâ¥aâ¥uâ¥eâ¥râ¥|raping y\/n
|
|move|p1a: Enten|Psychic|p2a: Landorus
|-damage|p2a: Landorus|95\/319
|move|p2a: Landorus|Psychic|p1a: Enten
|-damage|p1a: Enten|90\/319
|
|turn|5
|
|move|p1a: Enten|Psychic|p2a: Landorus
|-damage|p2a: Landorus|0 fnt
|faint|p2a: Landorus
|
|
|switch|p2a: Scizor|Scizor, M|290\/290
|turn|6
|
|detailschange|p2a: Scizor|Scizor-Mega, M
|-mega|p2a: Scizor|Scizor|Scizorite
|move|p2a: Scizor|Bullet Punch|p1a: Enten
|-crit|p1a: Enten
|-damage|p1a: Enten|0 fnt
|faint|p1a: Enten
|
|
|switch|p1a: Phantom|Gengar, M|262\/262
|turn|7
|
|switch|p2a: Heatran|Heatran, F|385\/385
|move|p1a: Phantom|Shadow Ball|p2a: Heatran
|-damage|p2a: Heatran|251\/385
|-damage|p1a: Phantom|236\/262|[from] item: Life Orb
|
|-heal|p2a: Heatran|275\/385|[from] item: Leftovers
|turn|8
|
|move|p1a: Phantom|Focus Blast|p2a: Heatran
|-supereffective|p2a: Heatran
|-damage|p2a: Heatran|31\/385
|-damage|p1a: Phantom|210\/262|[from] item: Life Orb
|move|p2a: Heatran|Lava Plume|p1a: Phantom
|-damage|p1a: Phantom|66\/262
|
|-heal|p2a: Heatran|55\/385|[from] item: Leftovers
|turn|9
|
|move|p1a: Phantom|Taunt|p2a: Heatran
|-start|p2a: Heatran|move: Taunt
|move|p2a: Heatran|Lava Plume|p1a: Phantom
|-damage|p1a: Phantom|0 fnt
|faint|p1a: Phantom
|
|-heal|p2a: Heatran|79\/385|[from] item: Leftovers
|
|switch|p1a: Predator|Swampert, M|404\/404
|turn|10
|
|detailschange|p1a: Predator|Swampert-Mega, M
|-mega|p1a: Predator|Swampert|Swampertite
|move|p2a: Heatran|Lava Plume|p1a: Predator
|-resisted|p1a: Predator
|-damage|p1a: Predator|365\/404
|-status|p1a: Predator|brn
|move|p1a: Predator|Curse|p1a: Predator
|-boost|p1a: Predator|atk|1
|-boost|p1a: Predator|def|1
|-unboost|p1a: Predator|spe|1
|
|-heal|p2a: Heatran|103\/385|[from] item: Leftovers
|-damage|p1a: Predator|315\/404 brn|[from] brn
|turn|11
|c| Bâ¥aâ¥uâ¥eâ¥râ¥|what
|c| Bâ¥aâ¥uâ¥eâ¥râ¥|whas
|c| Bâ¥aâ¥uâ¥eâ¥râ¥|that
|c| Bâ¥aâ¥uâ¥eâ¥râ¥|T9
|
|move|p2a: Heatran|Lava Plume|p1a: Predator
|-crit|p1a: Predator
|-resisted|p1a: Predator
|-damage|p1a: Predator|252\/404 brn
|move|p1a: Predator|Curse|p1a: Predator
|-boost|p1a: Predator|atk|1
|-boost|p1a: Predator|def|1
|-unboost|p1a: Predator|spe|1
|
|-heal|p2a: Heatran|127\/385|[from] item: Leftovers
|-damage|p1a: Predator|202\/404 brn|[from] brn
|-end|p2a: Heatran|move: Taunt
|turn|12
|c|âDragon Stone|does ur tran got roar?
|c|âAlkov|maybe
|
|move|p2a: Heatran|Taunt|p1a: Predator
|-start|p1a: Predator|move: Taunt
|cant|p1a: Predator|move: Taunt|Rest
|
|-heal|p2a: Heatran|151\/385|[from] item: Leftovers
|-damage|p1a: Predator|152\/404 brn|[from] brn
|turn|13
|c|âAlkov|;]
|c| Bâ¥aâ¥uâ¥eâ¥râ¥|meh
|
|switch|p1a: Zelda|Meloetta|404\/404
|move|p2a: Heatran|Lava Plume|p1a: Zelda
|-damage|p1a: Zelda|302\/404
|
|-heal|p1a: Zelda|327\/404|[from] item: Leftovers
|-heal|p2a: Heatran|175\/385|[from] item: Leftovers
|turn|14
|c| Bâ¥aâ¥uâ¥eâ¥râ¥|gg :[
|
|move|p1a: Zelda|Skill Swap|p2a: Heatran
|-activate|p1a: Zelda|move: Skill Swap|Flash Fire|Serene Grace|[of] p2a: Heatran
|move|p2a: Heatran|Stealth Rock|p1a: Zelda
|-sidestart|p1: Dragon Stone|move: Stealth Rock
|
|-heal|p1a: Zelda|352\/404|[from] item: Leftovers
|-heal|p2a: Heatran|199\/385|[from] item: Leftovers
|turn|15
|c|âAlkov|:[
|
|switch|p2a: Zapdos|Zapdos|383\/383
|-ability|p2a: Zapdos|Pressure
|move|p1a: Zelda|Calm Mind|p1a: Zelda
|-boost|p1a: Zelda|spa|1
|-boost|p1a: Zelda|spd|1
|
|-heal|p1a: Zelda|377\/404|[from] item: Leftovers
|turn|16
|c|âAlkov|holyshit
|c|âAlkov|no
|
|move|p2a: Zapdos|Volt Switch|p1a: Zelda
|-damage|p1a: Zelda|326\/404
|
|switch|p2a: Scizor|Scizor-Mega, M|290\/290
|move|p1a: Zelda|Calm Mind|p1a: Zelda
|-boost|p1a: Zelda|spa|1
|-boost|p1a: Zelda|spd|1
|
|-heal|p1a: Zelda|351\/404|[from] item: Leftovers
|turn|17
|
|switch|p1a: Tytannial|Ferrothorn, M|352\/352
|-damage|p1a: Tytannial|330\/352|[from] Stealth Rock
|move|p2a: Scizor|Bug Bite|p1a: Tytannial
|-damage|p1a: Tytannial|219\/352
|-damage|p2a: Scizor|254\/290|[from] ability: Iron Barbs|[of] p1a: Tytannial
|-damage|p2a: Scizor|206\/290|[from] item: Rocky Helmet|[of] p1a: Tytannial
|
|turn|18
|
|move|p2a: Scizor|Swords Dance|p2a: Scizor
|-boost|p2a: Scizor|atk|2
|move|p1a: Tytannial|Leech Seed|p2a: Scizor
|-start|p2a: Scizor|move: Leech Seed
|
|-damage|p2a: Scizor|170\/290|[from] Leech Seed|[of] p1a: Tytannial
|-heal|p1a: Tytannial|255\/352|[silent]
|turn|19
|
|move|p2a: Scizor|Swords Dance|p2a: Scizor
|-boost|p2a: Scizor|atk|2
|move|p1a: Tytannial|Gyro Ball|p2a: Scizor
|-resisted|p2a: Scizor
|-damage|p2a: Scizor|113\/290
|
|-damage|p2a: Scizor|77\/290|[from] Leech Seed|[of] p1a: Tytannial
|-heal|p1a: Tytannial|291\/352|[silent]
|turn|20
|c| Bâ¥aâ¥uâ¥eâ¥râ¥|dra
|
|move|p2a: Scizor|Superpower|p1a: Tytannial
|-supereffective|p1a: Tytannial
|-damage|p1a: Tytannial|0 fnt
|-damage|p2a: Scizor|41\/290|[from] ability: Iron Barbs|[of] p1a: Tytannial
|-damage|p2a: Scizor|0 fnt|[from] item: Rocky Helmet|[of] p1a: Tytannial
|faint|p2a: Scizor
|faint|p1a: Tytannial
|
|c| Bâ¥aâ¥uâ¥eâ¥râ¥|ur playing gen5ou tour y\/n
|c|âDragon Stone|idk
|c|âDragon Stone|His Scizor is dead..
|
|switch|p1a: Zelda|Meloetta|351\/404
|switch|p2a: Heatran|Heatran, F|199\/385
|-damage|p1a: Zelda|301\/404|[from] Stealth Rock
|turn|21
|c| Bâ¥aâ¥uâ¥eâ¥râ¥|but im playing *-*
|
|move|p1a: Zelda|Skill Swap|p2a: Heatran
|-activate|p1a: Zelda|move: Skill Swap|Flash Fire|Serene Grace|[of] p2a: Heatran
|move|p2a: Heatran|Taunt|p1a: Zelda
|-start|p1a: Zelda|move: Taunt
|
|-heal|p1a: Zelda|326\/404|[from] item: Leftovers
|-heal|p2a: Heatran|223\/385|[from] item: Leftovers
|turn|22
|
|switch|p2a: Zapdos|Zapdos|383\/383
|-ability|p2a: Zapdos|Pressure
|move|p1a: Zelda|Psyshock|p2a: Zapdos
|-damage|p2a: Zapdos|293\/383
|
|-heal|p2a: Zapdos|316\/383|[from] item: Leftovers
|-heal|p1a: Zelda|351\/404|[from] item: Leftovers
|turn|23
|
|switch|p1a: Predator|Swampert-Mega, M|152\/404 brn
|-damage|p1a: Predator|127\/404 brn|[from] Stealth Rock
|move|p2a: Zapdos|Heat Wave|p1a: Predator
|-resisted|p1a: Predator
|-damage|p1a: Predator|95\/404 brn
|
|-heal|p2a: Zapdos|339\/383|[from] item: Leftovers
|-damage|p1a: Predator|45\/404 brn|[from] brn
|turn|24
|
|move|p2a: Zapdos|Heat Wave|p1a: Predator
|-resisted|p1a: Predator
|-damage|p1a: Predator|15\/404 brn
|move|p1a: Predator|Rest|p1a: Predator
|-status|p1a: Predator|slp
|-heal|p1a: Predator|404\/404 slp|[silent]
|-status|p1a: Predator|slp|[from] move: Rest
|
|-heal|p2a: Zapdos|362\/383|[from] item: Leftovers
|turn|25
|c|âAlkov|!!!!
|
|switch|p2a: Keldeo|Keldeo|323\/323
|cant|p1a: Predator|slp
|move|p1a: Predator|Sleep Talk|p1a: Predator
|move|p1a: Predator|Curse|p1a: Predator|[from]Sleep Talk
|-boost|p1a: Predator|atk|1
|-boost|p1a: Predator|def|1
|-unboost|p1a: Predator|spe|1
|
|turn|26
|c| Bâ¥aâ¥uâ¥eâ¥râ¥|TOPKEK
|
|move|p2a: Keldeo|Hydro Pump|p1a: Predator
|-damage|p1a: Predator|269\/404 slp
|cant|p1a: Predator|slp
|move|p1a: Predator|Sleep Talk|p1a: Predator
|move|p1a: Predator|Curse|p1a: Predator|[from]Sleep Talk
|-boost|p1a: Predator|atk|1
|-boost|p1a: Predator|def|1
|-unboost|p1a: Predator|spe|1
|
|turn|27
|
|move|p2a: Keldeo|Hydro Pump|p1a: Predator
|-crit|p1a: Predator
|-damage|p1a: Predator|74\/404 slp
|-curestatus|p1a: Predator|slp
|move|p1a: Predator|Rest|p1a: Predator
|-status|p1a: Predator|slp
|-heal|p1a: Predator|404\/404 slp|[silent]
|-status|p1a: Predator|slp|[from] move: Rest
|
|turn|28
|c|âAlkov|:[
|
|move|p2a: Keldeo|Hydro Pump|p1a: Predator
|-damage|p1a: Predator|280\/404 slp
|cant|p1a: Predator|slp
|move|p1a: Predator|Sleep Talk|p1a: Predator
|move|p1a: Predator|Rest|p1a: Predator|[from]Sleep Talk
|-fail|p1a: Predator
|
|turn|29
|
|switch|p2a: Heatran|Heatran, F|223\/385
|cant|p1a: Predator|slp
|move|p1a: Predator|Sleep Talk|p1a: Predator
|move|p1a: Predator|Waterfall|p2a: Heatran|[from]Sleep Talk
|-supereffective|p2a: Heatran
|-damage|p2a: Heatran|0 fnt
|faint|p2a: Heatran
|
|c|âDragon Stone|GO TO HEATRAN AND TAUNT KEK
|c|âAlkov|-.-
|c|âDragon Stone|LOL
|
|switch|p2a: Keldeo|Keldeo|323\/323
|turn|30
|
|move|p2a: Keldeo|Scald|p1a: Predator
|-damage|p1a: Predator|186\/404 slp
|-curestatus|p1a: Predator|slp
|move|p1a: Predator|Rest|p1a: Predator
|-status|p1a: Predator|slp
|-heal|p1a: Predator|404\/404 slp|[silent]
|-status|p1a: Predator|slp|[from] move: Rest
|
|turn|31
|
|move|p2a: Keldeo|Scald|p1a: Predator
|-damage|p1a: Predator|305\/404 slp
|cant|p1a: Predator|slp
|move|p1a: Predator|Sleep Talk|p1a: Predator
|move|p1a: Predator|Rest|p1a: Predator|[from]Sleep Talk
|-fail|p1a: Predator
|
|turn|32
|c|âAlkov|that max spdef
|
|move|p2a: Keldeo|Scald|p1a: Predator
|-damage|p1a: Predator|208\/404 slp
|cant|p1a: Predator|slp
|move|p1a: Predator|Sleep Talk|p1a: Predator
|move|p1a: Predator|Rest|p1a: Predator|[from]Sleep Talk
|-fail|p1a: Predator
|
|turn|33
|c|âDragon Stone|yea
|c|âDragon Stone|curse
|c|âAlkov|my zapdos failed me :[
|
|move|p2a: Keldeo|Scald|p1a: Predator
|-damage|p1a: Predator|108\/404 slp
|-curestatus|p1a: Predator|slp
|move|p1a: Predator|Rest|p1a: Predator
|-status|p1a: Predator|slp
|-heal|p1a: Predator|404\/404 slp|[silent]
|-status|p1a: Predator|slp|[from] move: Rest
|
|turn|34
|c|âAlkov|gg
|
|move|p2a: Keldeo|Scald|p1a: Predator
|-damage|p1a: Predator|304\/404 slp
|cant|p1a: Predator|slp
|move|p1a: Predator|Sleep Talk|p1a: Predator
|move|p1a: Predator|Waterfall|p2a: Keldeo|[from]Sleep Talk
|-resisted|p2a: Keldeo
|-damage|p2a: Keldeo|178\/323
|
|turn|35
|c|âDragon Stone|gg
|
|move|p2a: Keldeo|Scald|p1a: Predator
|-damage|p1a: Predator|199\/404 slp
|cant|p1a: Predator|slp
|move|p1a: Predator|Sleep Talk|p1a: Predator
|move|p1a: Predator|Rest|p1a: Predator|[from]Sleep Talk
|-fail|p1a: Predator
|
|turn|36
|
|move|p2a: Keldeo|Scald|p1a: Predator
|-damage|p1a: Predator|108\/404 slp
|-curestatus|p1a: Predator|slp
|move|p1a: Predator|Rest|p1a: Predator
|-status|p1a: Predator|slp
|-heal|p1a: Predator|404\/404 slp|[silent]
|-status|p1a: Predator|slp|[from] move: Rest
|
|turn|37
|
|move|p2a: Keldeo|Scald|p1a: Predator
|-damage|p1a: Predator|302\/404 slp
|cant|p1a: Predator|slp
|move|p1a: Predator|Sleep Talk|p1a: Predator
|move|p1a: Predator|Waterfall|p2a: Keldeo|[from]Sleep Talk
|-resisted|p2a: Keldeo
|-damage|p2a: Keldeo|40\/323
|
|turn|38
|
|move|p2a: Keldeo|Scald|p1a: Predator
|-damage|p1a: Predator|202\/404 slp
|cant|p1a: Predator|slp
|move|p1a: Predator|Sleep Talk|p1a: Predator
|move|p1a: Predator|Curse|p1a: Predator|[from]Sleep Talk
|-boost|p1a: Predator|atk|1
|-boost|p1a: Predator|def|1
|-unboost|p1a: Predator|spe|1
|
|turn|39
|c| Bâ¥aâ¥uâ¥eâ¥râ¥|g
|c| Bâ¥aâ¥uâ¥eâ¥râ¥|g
|
|move|p2a: Keldeo|Scald|p1a: Predator
|-damage|p1a: Predator|108\/404 slp
|-curestatus|p1a: Predator|slp
|move|p1a: Predator|Waterfall|p2a: Keldeo
|-resisted|p2a: Keldeo
|-damage|p2a: Keldeo|0 fnt
|faint|p2a: Keldeo
|
|c| Bâ¥aâ¥uâ¥eâ¥râ¥|nice plays drag
|
|switch|p2a: Zapdos|Zapdos|362\/383
|-ability|p2a: Zapdos|Pressure
|turn|40
|c|âAlkov|gg
|-message|Alkov forfeited.
|
|win|Dragon Stone
|raw|Ladder updating...
|raw|Dragon Stone's rating: 1704 &rarr; <strong>1722<\/strong><br \/>(+18 for winning)
|raw|Alkov's rating: 1666 &rarr; <strong>1648<\/strong><br \/>(-18 for losing)
|c|âDragon Stone|:]
|leave|Alkov
|player|p2
|leave|Dragon Stone
|player|p1
|join|Dragon Stone