|join|Pachirisu Queen
|join|Alkov
|player|p1|Pachirisu Queen|138
|player|p2|Alkov|256
|gametype|singles
|gen|6
|tier|OU
|rated
|clearpoke
|poke|p1|Charizard, F
|poke|p1|Slowbro, M
|poke|p1|Togekiss, F
|poke|p1|Dugtrio, F
|poke|p1|Rotom-Wash
|poke|p1|Serperior, M
|poke|p2|Kyurem-Black, shiny
|poke|p2|Slowbro, M
|poke|p2|Gardevoir, F, shiny
|poke|p2|Cobalion
|poke|p2|Landorus-Therian, M
|poke|p2|Zapdos
|rule|Swagger Clause: Swagger is banned
|rule|Baton Pass Clause: Limit one PokÃ©mon knowing Baton Pass
|rule|Sleep Clause Mod: Limit one foe put to sleep
|rule|Species Clause: Limit one of each PokÃ©mon
|rule|OHKO Clause: OHKO moves are banned
|rule|Moody Clause: Moody is banned
|rule|Evasion Moves Clause: Evasion moves are banned
|rule|Endless Battle Clause: Forcing endless battles is banned
|rule|HP Percentage Mod: HP is shown in percentages
|teampreview
|join|Tom Bus
|join|iplaytennislol
|join|mouse de frank
|c| iplaytennislol|you have a zap
|c| iplaytennislol|its fine
|c| Tom Bus|This team looks so cool ._.
|c|âAlkov|errrr
|c|âAlkov|errrr
|c|âAlkov|:[
|c|âAlkov|its too threatening
|c|âAlkov|i got 6-0'ed while i was on my stall
|c| Tom Bus|It's cute, though :]
|c|âAlkov|by yutt's serperior
|join|lord ledian
|
|start
|switch|p1a: Sloth|Dugtrio, F|201\/201
|switch|p2a: Landorus-Therian|Landorus-Therian, M|328\/328
|-ability|p2a: Landorus-Therian|Intimidate|[of] p1a: Sloth
|-unboost|p1a: Sloth|atk|1
|turn|1
|c|âAlkov|i felt like a part of me died
|
|switch|p1a: Pterodactyl|Togekiss, F|369\/369
|move|p2a: Landorus-Therian|U-turn|p1a: Pterodactyl
|-resisted|p1a: Pterodactyl
|-damage|p1a: Pterodactyl|354\/369
|
|switch|p2a: Cobalion|Cobalion|351\/351
|
|-heal|p1a: Pterodactyl|369\/369|[from] item: Leftovers
|turn|2
|
|move|p2a: Cobalion|Stealth Rock|p1a: Pterodactyl
|-sidestart|p1: Pachirisu Queen|move: Stealth Rock
|move|p1a: Pterodactyl|Thunder Wave|p2a: Cobalion
|-status|p2a: Cobalion|par
|
|turn|3
|c|âAlkov|~!@#$%^&*()
|
|switch|p2a: Zapdos|Zapdos|383\/383
|-ability|p2a: Zapdos|Pressure
|move|p1a: Pterodactyl|Defog|p2a: Zapdos
|-unboost|p2a: Zapdos|evasion|1
|-sideend|p1: Pachirisu Queen|Stealth Rock|[from] move: Defog|[of] p1a: Pterodactyl
|
|turn|4
|c| Tom Bus|?
|c|âAlkov|always forget
|c|âAlkov|that thing learns
|c|âAlkov|twave
|
|switch|p1a: Ichthyosaurus|Rotom-Wash|303\/303
|move|p2a: Zapdos|Discharge|p1a: Ichthyosaurus
|-damage|p1a: Ichthyosaurus|197\/303
|
|-heal|p1a: Ichthyosaurus|215\/303|[from] item: Leftovers
|turn|5
|c| Tom Bus|,,
|
|switch|p2a: Cobalion|Cobalion|351\/351 par
|move|p1a: Ichthyosaurus|Volt Switch|p2a: Cobalion
|-crit|p2a: Cobalion
|-damage|p2a: Cobalion|171\/351 par
|c|âAlkov|:[
|leave|mouse de frank
|c| Tom Bus|trapd
|c| Tom Bus|yn
|join|Tricking
|c|âPachirisu Queen|I'm not really sure is ohko lmao
|
|switch|p1a: Stegosaurus|Serperior, M|291\/291
|
|-heal|p2a: Cobalion|192\/351 par|[from] item: Leftovers
|turn|6
|
|switch|p2a: Zapdos|Zapdos|383\/383
|-ability|p2a: Zapdos|Pressure
|move|p1a: Stegosaurus|Substitute|p1a: Stegosaurus
|-start|p1a: Stegosaurus|Substitute
|-damage|p1a: Stegosaurus|219\/291
|
|-heal|p1a: Stegosaurus|237\/291|[from] item: Leftovers
|turn|7
|
|move|p1a: Stegosaurus|Leaf Storm|p2a: Zapdos
|-resisted|p2a: Zapdos
|-damage|p2a: Zapdos|296\/383
|-boost|p1a: Stegosaurus|spa|2
|move|p2a: Zapdos|Heat Wave|p1a: Stegosaurus
|-supereffective|p1a: Stegosaurus
|-end|p1a: Stegosaurus|Substitute
|
|-heal|p1a: Stegosaurus|255\/291|[from] item: Leftovers
|-heal|p2a: Zapdos|319\/383|[from] item: Leftovers
|turn|8
|c|âAlkov|why is this man
|c| Tom Bus|are you sure that this was the
|c| Tom Bus|superior
|c|âAlkov|doing this to me
|c| Tom Bus|option
|
|move|p1a: Stegosaurus|Leaf Storm|p2a: Zapdos
|-resisted|p2a: Zapdos
|-damage|p2a: Zapdos|155\/383
|-boost|p1a: Stegosaurus|spa|2
|move|p2a: Zapdos|Heat Wave|p1a: Stegosaurus
|-supereffective|p1a: Stegosaurus
|-damage|p1a: Stegosaurus|57\/291
|
|-heal|p1a: Stegosaurus|75\/291|[from] item: Leftovers
|-heal|p2a: Zapdos|178\/383|[from] item: Leftovers
|turn|9
|c|âAlkov|fuck
|
|switch|p2a: Cobalion|Cobalion|192\/351 par
|move|p1a: Stegosaurus|Dragon Pulse|p2a: Cobalion
|-resisted|p2a: Cobalion
|-damage|p2a: Cobalion|44\/351 par
|
|-heal|p1a: Stegosaurus|93\/291|[from] item: Leftovers
|-heal|p2a: Cobalion|65\/351 par|[from] item: Leftovers
|turn|10
|c|âAlkov|STAHP
|c|âAlkov|GETTING THE BOOST
|c| iplaytennislol|lol
|
|move|p1a: Stegosaurus|Substitute|p1a: Stegosaurus
|-start|p1a: Stegosaurus|Substitute
|-damage|p1a: Stegosaurus|21\/291
|move|p2a: Cobalion|Stealth Rock|p1a: Stegosaurus
|-sidestart|p1: Pachirisu Queen|move: Stealth Rock
|
|-heal|p1a: Stegosaurus|39\/291|[from] item: Leftovers
|-heal|p2a: Cobalion|86\/351 par|[from] item: Leftovers
|turn|11
|join|KLT BRB
|c| iplaytennislol|o
|c|âAlkov|NOOOO
|c|âAlkov|STAHP
|
|move|p1a: Stegosaurus|Hidden Power|p2a: Cobalion
|-supereffective|p2a: Cobalion
|-damage|p2a: Cobalion|0 fnt
|faint|p2a: Cobalion
|
|-heal|p1a: Stegosaurus|57\/291|[from] item: Leftovers
|c| iplaytennislol|uh oh
|leave|KLT BRB
|
|switch|p2a: Landorus-Therian|Landorus-Therian, M|328\/328
|-activate|p1a: Stegosaurus|Substitute|ability: Intimidate|[of] p2a: Landorus-Therian
|turn|12
|c| Tom Bus|alkov
|c|âAlkov|?
|c| Tom Bus|you can't just set rocks up
|c| Tom Bus|in its face
|c| Tom Bus|hahaha
|
|move|p2a: Landorus-Therian|U-turn|p1a: Stegosaurus
|-supereffective|p1a: Stegosaurus
|-end|p1a: Stegosaurus|Substitute
|c| iplaytennislol|lolol
|c|âAlkov|i wanted to ironhead
|c|âAlkov|but i done goofed
|
|switch|p2a: Zapdos|Zapdos|178\/383
|-ability|p2a: Zapdos|Pressure
|move|p1a: Stegosaurus|Dragon Pulse|p2a: Zapdos
|-damage|p2a: Zapdos|0 fnt
|faint|p2a: Zapdos
|
|-heal|p1a: Stegosaurus|75\/291|[from] item: Leftovers
|
|switch|p2a: Landorus-Therian|Landorus-Therian, M|328\/328
|-ability|p2a: Landorus-Therian|Intimidate|[of] p1a: Stegosaurus
|-boost|p1a: Stegosaurus|atk|1
|turn|13
|
|switch|p1a: Pterodactyl|Togekiss, F|369\/369
|-damage|p1a: Pterodactyl|277\/369|[from] Stealth Rock
|move|p2a: Landorus-Therian|U-turn|p1a: Pterodactyl
|-resisted|p1a: Pterodactyl
|-damage|p1a: Pterodactyl|260\/369
|
|switch|p2a: Kyurem-Black|Kyurem-Black, shiny|391\/391
|-ability|p2a: Kyurem-Black|Teravolt
|
|-heal|p1a: Pterodactyl|283\/369|[from] item: Leftovers
|turn|14
|c|âAlkov|DO ME PROUD
|c|âAlkov|and dont get outsped
|
|move|p2a: Kyurem-Black|Fusion Bolt|p1a: Pterodactyl
|-supereffective|p1a: Pterodactyl
|-damage|p1a: Pterodactyl|33\/369
|-damage|p2a: Kyurem-Black|352\/391|[from] item: Life Orb
|move|p1a: Pterodactyl|Defog|p2a: Kyurem-Black
|-unboost|p2a: Kyurem-Black|evasion|1
|-sideend|p1: Pachirisu Queen|Stealth Rock|[from] move: Defog|[of] p1a: Pterodactyl
|
|-heal|p1a: Pterodactyl|56\/369|[from] item: Leftovers
|turn|15
|c| Tom Bus|,
|c|âAlkov|WTF
|c|âAlkov|WTF?
|c| iplaytennislol|weak af
|c|âPachirisu Queen|Who needs
|c| iplaytennislol|lol
|c|âPachirisu Queen|outspeed
|c|âAlkov|I GOT MIN ROLL
|c|âAlkov|MIN ROLLLL
|c|âAlkov|WUTTTTT
|
|move|p2a: Kyurem-Black|Ice Beam|p1a: Pterodactyl
|-supereffective|p1a: Pterodactyl
|-damage|p1a: Pterodactyl|0 fnt
|-damage|p2a: Kyurem-Black|313\/391|[from] item: Life Orb
|faint|p1a: Pterodactyl
|
|c| Tom Bus|delicious min roll
|c|âAlkov|NOOOOO
|
|switch|p1a: Tyrannosaurus|Charizard, F|315\/315
|turn|16
|c|âAlkov|FUCK
|
|switch|p2a: Slowbro|Slowbro, M|394\/394
|detailschange|p1a: Tyrannosaurus|Charizard-Mega-X, F
|-mega|p1a: Tyrannosaurus|Charizard|Charizardite X
|move|p1a: Tyrannosaurus|Flare Blitz|p2a: Slowbro
|-resisted|p2a: Slowbro
|-damage|p2a: Slowbro|296\/394
|-damage|p1a: Tyrannosaurus|283\/315|[from] recoil|[of] p2a: Slowbro
|
|-heal|p2a: Slowbro|320\/394|[from] item: Leftovers
|turn|17
|c|âAlkov|why is this happening to me
|c| Tom Bus|:]?
|
|switch|p1a: Stegosaurus|Serperior, M|75\/291
|switch|p2a: Landorus-Therian|Landorus-Therian, M|328\/328
|-ability|p2a: Landorus-Therian|Intimidate|[of] p1a: Stegosaurus
|-boost|p1a: Stegosaurus|atk|1
|
|-heal|p1a: Stegosaurus|93\/291|[from] item: Leftovers
|turn|18
|
|switch|p1a: Ankylosaurus|Slowbro, M|385\/385
|move|p2a: Landorus-Therian|U-turn|p1a: Ankylosaurus
|-supereffective|p1a: Ankylosaurus
|-damage|p1a: Ankylosaurus|267\/385
|c|âAlkov|DONT CONTRARY MY INTIMIDATE
|c|âAlkov|THATS NOT COOL
|
|switch|p2a: Gardevoir|Gardevoir, F, shiny|277\/277
|-ability|p2a: Gardevoir|Regenerator|[from] ability: Trace|[of] p1a: Ankylosaurus
|
|-heal|p1a: Ankylosaurus|291\/385|[from] item: Leftovers
|turn|19
|c| Tom Bus|why are none of them named funkasaurus?
|
|switch|p1a: Ichthyosaurus|Rotom-Wash|215\/303
|detailschange|p2a: Gardevoir|Gardevoir-Mega, F, shiny
|-mega|p2a: Gardevoir|Gardevoir|Gardevoirite
|move|p2a: Gardevoir|Hyper Voice|p1a: Ichthyosaurus
|-damage|p1a: Ichthyosaurus|0 fnt
|faint|p1a: Ichthyosaurus
|
|
|switch|p1a: Sloth|Dugtrio, F|201\/201
|turn|20
|c|âAlkov|why?
|
|move|p1a: Sloth|Earthquake|p2a: Gardevoir
|-damage|p2a: Gardevoir|94\/277
|move|p2a: Gardevoir|Psyshock|p1a: Sloth
|-enditem|p1a: Sloth|Focus Sash
|-damage|p1a: Sloth|1\/201
|
|turn|21
|c|âPachirisu Queen|For this
|
|move|p1a: Sloth|Earthquake|p2a: Gardevoir
|-damage|p2a: Gardevoir|0 fnt
|faint|p2a: Gardevoir
|
|c|âAlkov|:[
|
|switch|p2a: Landorus-Therian|Landorus-Therian, M|328\/328
|-ability|p2a: Landorus-Therian|Intimidate|[of] p1a: Sloth
|-unboost|p1a: Sloth|atk|1
|turn|22
|
|move|p2a: Landorus-Therian|Earthquake|p1a: Sloth
|-damage|p1a: Sloth|0 fnt
|faint|p1a: Sloth
|
|
|switch|p1a: Ankylosaurus|Slowbro, M|385\/385
|turn|23
|
|switch|p2a: Slowbro|Slowbro, M|394\/394
|move|p1a: Ankylosaurus|Thunder Wave|p2a: Slowbro
|-status|p2a: Slowbro|par
|
|turn|24
|c| Tom Bus|Nice!
|c| iplaytennislol|TELEGEND X2
|c| Tom Bus|now
|c| Tom Bus|kill the serperior
|c|âAlkov|he trapped my gardevoir
|c| Tom Bus|somehow
|
|switch|p1a: Tyrannosaurus|Charizard-Mega-X, F|283\/315
|move|p2a: Slowbro|Scald|p1a: Tyrannosaurus
|-damage|p1a: Tyrannosaurus|177\/315
|
|turn|25
|c|âAlkov|now how do i kill this slowbro
|c| Tom Bus|you burn it
|
|move|p1a: Tyrannosaurus|Flare Blitz|p2a: Slowbro
|-resisted|p2a: Slowbro
|-damage|p2a: Slowbro|290\/394 par
|-damage|p1a: Tyrannosaurus|143\/315|[from] recoil|[of] p2a: Slowbro
|move|p2a: Slowbro|Thunder Wave|p1a: Tyrannosaurus
|-status|p1a: Tyrannosaurus|par
|
|-heal|p2a: Slowbro|314\/394 par|[from] item: Leftovers
|turn|26
|c| Tom Bus|and he chose to paralyse you
|
|move|p1a: Tyrannosaurus|Roost|p1a: Tyrannosaurus
|-heal|p1a: Tyrannosaurus|301\/315 par
|move|p2a: Slowbro|Psyshock|p1a: Tyrannosaurus
|-damage|p1a: Tyrannosaurus|213\/315 par
|
|-heal|p2a: Slowbro|338\/394 par|[from] item: Leftovers
|turn|27
|c| Tom Bus|so now you win 1 vs 1
|join|Omegasization
|c| Tom Bus|a true telegend
|
|move|p1a: Tyrannosaurus|Dragon Claw|p2a: Slowbro
|-damage|p2a: Slowbro|190\/394 par
|cant|p2a: Slowbro|par
|
|-heal|p2a: Slowbro|214\/394 par|[from] item: Leftovers
|turn|28
|
|switch|p2a: Landorus-Therian|Landorus-Therian, M|328\/328
|-ability|p2a: Landorus-Therian|Intimidate|[of] p1a: Tyrannosaurus
|-unboost|p1a: Tyrannosaurus|atk|1
|move|p1a: Tyrannosaurus|Dragon Dance|p1a: Tyrannosaurus
|-boost|p1a: Tyrannosaurus|atk|1
|-boost|p1a: Tyrannosaurus|spe|1
|
|turn|29
|
|switch|p1a: Ankylosaurus|Slowbro, M|385\/385
|move|p2a: Landorus-Therian|Earthquake|p1a: Ankylosaurus
|-damage|p1a: Ankylosaurus|252\/385
|
|-heal|p1a: Ankylosaurus|276\/385|[from] item: Leftovers
|turn|30
|c| Omegasization|nice dd
|
|switch|p2a: Slowbro|Slowbro, M|345\/394 par
|switch|p1a: Stegosaurus|Serperior, M|93\/291
|
|-heal|p1a: Stegosaurus|111\/291|[from] item: Leftovers
|-heal|p2a: Slowbro|369\/394 par|[from] item: Leftovers
|turn|31
|c|âAlkov|!!!!!!
|c| Tom Bus|aw shit
|c| iplaytennislol|uh oh
|
|switch|p2a: Landorus-Therian|Landorus-Therian, M|328\/328
|-ability|p2a: Landorus-Therian|Intimidate|[of] p1a: Stegosaurus
|-boost|p1a: Stegosaurus|atk|1
|move|p1a: Stegosaurus|Leaf Storm|p2a: Landorus-Therian
|-crit|p2a: Landorus-Therian
|-damage|p2a: Landorus-Therian|55\/328
|-boost|p1a: Stegosaurus|spa|2
|
|-heal|p1a: Stegosaurus|129\/291|[from] item: Leftovers
|turn|32
|c|âAlkov|zzzz
|c| Tom Bus|pls
|c|âAlkov|come on
|c|âAlkov|dont crit me
|
|switch|p1a: Ankylosaurus|Slowbro, M|385\/385
|move|p2a: Landorus-Therian|U-turn|p1a: Ankylosaurus
|-supereffective|p1a: Ankylosaurus
|-damage|p1a: Ankylosaurus|269\/385
|c|âAlkov|alr
|c|âAlkov|:[
|c| iplaytennislol|;_;
|c|âPachirisu Queen|Sry dude
|
|switch|p2a: Kyurem-Black|Kyurem-Black, shiny|313\/391
|-ability|p2a: Kyurem-Black|Teravolt
|
|-heal|p1a: Ankylosaurus|293\/385|[from] item: Leftovers
|turn|33
|leave|iplaytennislol
|
|move|p2a: Kyurem-Black|Fusion Bolt|p1a: Ankylosaurus
|-supereffective|p1a: Ankylosaurus
|-damage|p1a: Ankylosaurus|77\/385
|-damage|p2a: Kyurem-Black|274\/391|[from] item: Life Orb
|move|p1a: Ankylosaurus|Thunder Wave|p2a: Kyurem-Black
|-status|p2a: Kyurem-Black|par
|
|-heal|p1a: Ankylosaurus|101\/385|[from] item: Leftovers
|turn|34
|c|âAlkov|that
|c|âAlkov|was
|c|âAlkov|weak af
|c| Omegasization|its a slowbro
|
|move|p1a: Ankylosaurus|Slack Off|p1a: Ankylosaurus
|-heal|p1a: Ankylosaurus|294\/385
|move|p2a: Kyurem-Black|Fusion Bolt|p1a: Ankylosaurus
|-supereffective|p1a: Ankylosaurus
|-damage|p1a: Ankylosaurus|78\/385
|-damage|p2a: Kyurem-Black|235\/391 par|[from] item: Life Orb
|
|-heal|p1a: Ankylosaurus|102\/385|[from] item: Leftovers
|turn|35
|c| Tom Bus|that did much more than I expected, lol
|c| Omegasization|that was pretty strong
|
|switch|p2a: Slowbro|Slowbro, M|394\/394 par
|move|p1a: Ankylosaurus|Slack Off|p1a: Ankylosaurus
|-heal|p1a: Ankylosaurus|295\/385
|
|-heal|p1a: Ankylosaurus|319\/385|[from] item: Leftovers
|turn|36
|c| Omegasization|if you dont want that to happen
|c| Omegasization|use ban
|c| Omegasization|d
|
|move|p1a: Ankylosaurus|Scald|p2a: Slowbro
|-resisted|p2a: Slowbro
|-damage|p2a: Slowbro|340\/394 par
|move|p2a: Slowbro|Scald|p1a: Ankylosaurus
|-resisted|p1a: Ankylosaurus
|-damage|p1a: Ankylosaurus|265\/385
|
|-heal|p1a: Ankylosaurus|289\/385|[from] item: Leftovers
|-heal|p2a: Slowbro|364\/394 par|[from] item: Leftovers
|turn|37
|
|switch|p1a: Tyrannosaurus|Charizard-Mega-X, F|213\/315 par
|move|p2a: Slowbro|Scald|p1a: Tyrannosaurus
|-damage|p1a: Tyrannosaurus|101\/315 par
|
|-heal|p2a: Slowbro|388\/394 par|[from] item: Leftovers
|turn|38
|
|cant|p1a: Tyrannosaurus|par
|cant|p2a: Slowbro|par
|
|-heal|p2a: Slowbro|394\/394 par|[from] item: Leftovers
|turn|39
|c| Tom Bus|para
|c|âAlkov|lol
|c| Tom Bus|pls
|c| Tom Bus|!
|
|move|p1a: Tyrannosaurus|Roost|p1a: Tyrannosaurus
|-heal|p1a: Tyrannosaurus|259\/315 par
|move|p2a: Slowbro|Scald|p1a: Tyrannosaurus
|-damage|p1a: Tyrannosaurus|147\/315 par
|
|turn|40
|c| Tom Bus|,,,,
|join|I'm Virus (~'o')~
|
|cant|p1a: Tyrannosaurus|par
|cant|p2a: Slowbro|par
|
|turn|41
|c| I'm Virus (~'o')~|hi alkov
|c|âPachirisu Queen|Lmao
|c|âAlkov|!!!!
|
|move|p1a: Tyrannosaurus|Roost|p1a: Tyrannosaurus
|-heal|p1a: Tyrannosaurus|305\/315 par
|move|p2a: Slowbro|Scald|p1a: Tyrannosaurus
|-crit|p1a: Tyrannosaurus
|-damage|p1a: Tyrannosaurus|154\/315 par
|
|turn|42
|c| I'm Virus (~'o')~|:l
|
|cant|p1a: Tyrannosaurus|par
|move|p2a: Slowbro|Scald|p1a: Tyrannosaurus
|-crit|p1a: Tyrannosaurus
|-damage|p1a: Tyrannosaurus|4\/315 par
|
|turn|43
|join|Bluwing
|c|âPachirisu Queen|Crot
|c| Tom Bus|achieve
|c|âPachirisu Queen|2 time
|c|âAlkov|1 MORE
|c| Tom Bus|slowbro
|c| I'm Virus (~'o')~|nb.
|c|âPachirisu Queen|D:
|c|âAlkov|PLEASE
|
|move|p1a: Tyrannosaurus|Dragon Claw|p2a: Slowbro
|-damage|p2a: Slowbro|249\/394 par
|move|p2a: Slowbro|Psyshock|p1a: Tyrannosaurus
|-damage|p1a: Tyrannosaurus|0 fnt
|faint|p1a: Tyrannosaurus
|
|-heal|p2a: Slowbro|273\/394 par|[from] item: Leftovers
|
|switch|p1a: Stegosaurus|Serperior, M|129\/291
|turn|44
|c| I'm Virus (~'o')~|l0l
|c| Tom Bus|gottem
|
|switch|p2a: Kyurem-Black|Kyurem-Black, shiny|235\/391 par
|-ability|p2a: Kyurem-Black|Teravolt
|move|p1a: Stegosaurus|Leaf Storm|p2a: Kyurem-Black
|-resisted|p2a: Kyurem-Black
|-damage|p2a: Kyurem-Black|136\/391 par
|-boost|p1a: Stegosaurus|spa|2
|
|-heal|p1a: Stegosaurus|147\/291|[from] item: Leftovers
|turn|45
|c|âAlkov|NOOOO
|c|âAlkov|STAHP
|c| I'm Virus (~'o')~|i am.
|
|move|p1a: Stegosaurus|Substitute|p1a: Stegosaurus
|-start|p1a: Stegosaurus|Substitute
|-damage|p1a: Stegosaurus|75\/291
|move|p2a: Kyurem-Black|Ice Beam|p1a: Stegosaurus
|-supereffective|p1a: Stegosaurus
|-end|p1a: Stegosaurus|Substitute
|-damage|p2a: Kyurem-Black|97\/391 par|[from] item: Life Orb
|
|-heal|p1a: Stegosaurus|93\/291|[from] item: Leftovers
|turn|46
|c|âAlkov|DONT DO THIS
|join|thepack
|c| I'm Virus (~'o')~|a stegosaurus.
|c|âPachirisu Queen|NO
|c|âPachirisu Queen|STEGO COME ON
|c| Tom Bus|n
|c|âAlkov|NO
|
|move|p1a: Stegosaurus|Dragon Pulse|p2a: Kyurem-Black
|-supereffective|p2a: Kyurem-Black
|-damage|p2a: Kyurem-Black|0 fnt
|faint|p2a: Kyurem-Black
|
|-heal|p1a: Stegosaurus|111\/291|[from] item: Leftovers
|
|switch|p2a: Landorus-Therian|Landorus-Therian, M|55\/328
|-ability|p2a: Landorus-Therian|Intimidate|[of] p1a: Stegosaurus
|-boost|p1a: Stegosaurus|atk|1
|turn|47
|
|switch|p1a: Ankylosaurus|Slowbro, M|385\/385
|move|p2a: Landorus-Therian|U-turn|p1a: Ankylosaurus
|-supereffective|p1a: Ankylosaurus
|-damage|p1a: Ankylosaurus|263\/385
|
|switch|p2a: Slowbro|Slowbro, M|394\/394 par
|
|-heal|p1a: Ankylosaurus|287\/385|[from] item: Leftovers
|turn|48
|leave|Omegasization
|c| I'm Virus (~'o')~|inception.
|
|switch|p1a: Stegosaurus|Serperior, M|111\/291
|move|p2a: Slowbro|Psyshock|p1a: Stegosaurus
|-damage|p1a: Stegosaurus|6\/291
|
|-heal|p1a: Stegosaurus|24\/291|[from] item: Leftovers
|turn|49
|join|Adiisfine
|c|âAlkov|IT LIVED
|c| Tom Bus|!
|c|âAlkov|WTF
|c| I'm Virus (~'o')~|l0l
|
|move|p1a: Stegosaurus|Leaf Storm|p2a: Slowbro
|-supereffective|p2a: Slowbro
|-damage|p2a: Slowbro|22\/394 par
|-boost|p1a: Stegosaurus|spa|2
|move|p2a: Slowbro|Psyshock|p1a: Stegosaurus
|-damage|p1a: Stegosaurus|0 fnt
|faint|p1a: Stegosaurus
|
|-heal|p2a: Slowbro|46\/394 par|[from] item: Leftovers
|c| Tom Bus|!
|c|âAlkov|BULK!
|c|âPachirisu Queen|WTF
|c|âAlkov|HAHAHAHAHA
|c| Tom Bus|!!!
|
|switch|p1a: Ankylosaurus|Slowbro, M|385\/385
|turn|50
|c| I'm Virus (~'o')~|baaalk
|
|switch|p2a: Landorus-Therian|Landorus-Therian, M|55\/328
|-ability|p2a: Landorus-Therian|Intimidate|[of] p1a: Ankylosaurus
|-unboost|p1a: Ankylosaurus|atk|1
|move|p1a: Ankylosaurus|Scald|p2a: Landorus-Therian
|-supereffective|p2a: Landorus-Therian
|-damage|p2a: Landorus-Therian|0 fnt
|faint|p2a: Landorus-Therian
|
|
|switch|p2a: Slowbro|Slowbro, M|177\/394 par
|turn|51
|
|move|p1a: Ankylosaurus|Scald|p2a: Slowbro
|-resisted|p2a: Slowbro
|-damage|p2a: Slowbro|124\/394 par
|move|p2a: Slowbro|Slack Off|p2a: Slowbro
|-heal|p2a: Slowbro|321\/394 par
|
|-heal|p2a: Slowbro|345\/394 par|[from] item: Leftovers
|turn|52
|c|âAlkov|dont get para'ed
|c|âAlkov|to death
|
|move|p1a: Ankylosaurus|Scald|p2a: Slowbro
|-resisted|p2a: Slowbro
|-damage|p2a: Slowbro|290\/394 par
|move|p2a: Slowbro|Scald|p1a: Ankylosaurus
|-resisted|p1a: Ankylosaurus
|-damage|p1a: Ankylosaurus|334\/385
|
|-heal|p1a: Ankylosaurus|358\/385|[from] item: Leftovers
|-heal|p2a: Slowbro|314\/394 par|[from] item: Leftovers
|turn|53
|c| Tom Bus|ahhhhh
|
|move|p1a: Ankylosaurus|Scald|p2a: Slowbro
|-resisted|p2a: Slowbro
|-damage|p2a: Slowbro|260\/394 par
|move|p2a: Slowbro|Scald|p1a: Ankylosaurus
|-resisted|p1a: Ankylosaurus
|-damage|p1a: Ankylosaurus|300\/385
|
|-heal|p1a: Ankylosaurus|324\/385|[from] item: Leftovers
|-heal|p2a: Slowbro|284\/394 par|[from] item: Leftovers
|turn|54
|c| I'm Virus (~'o')~|inb4.
|join|req'd by crobro
|
|move|p1a: Ankylosaurus|Scald|p2a: Slowbro
|-resisted|p2a: Slowbro
|-damage|p2a: Slowbro|230\/394 par
|move|p2a: Slowbro|Scald|p1a: Ankylosaurus
|-resisted|p1a: Ankylosaurus
|-damage|p1a: Ankylosaurus|264\/385
|-status|p1a: Ankylosaurus|brn
|
|-heal|p1a: Ankylosaurus|288\/385 brn|[from] item: Leftovers
|-heal|p2a: Slowbro|254\/394 par|[from] item: Leftovers
|-damage|p1a: Ankylosaurus|240\/385 brn|[from] brn
|turn|55
|c| I'm Virus (~'o')~|let
|
|move|p1a: Ankylosaurus|Slack Off|p1a: Ankylosaurus
|-heal|p1a: Ankylosaurus|385\/385 brn
|move|p2a: Slowbro|Slack Off|p2a: Slowbro
|-heal|p2a: Slowbro|394\/394 par
|
|-damage|p1a: Ankylosaurus|337\/385 brn|[from] brn
|turn|56
|c|âAlkov|ahh
|c| Bluwing|this is going to be boring to watch lol
|c| I'm Virus (~'o')~|the games begin
|c| Adiisfine|Lol down to hax match
|c|âAlkov|let the stall wall begin
|c| Tom Bus|the burn is coming
|leave|Bluwing
|
|move|p1a: Ankylosaurus|Thunder Wave|p2a: Slowbro
|-fail|p2a: Slowbro|par
|move|p2a: Slowbro|Psyshock|p1a: Ankylosaurus
|-resisted|p1a: Ankylosaurus
|-damage|p1a: Ankylosaurus|307\/385 brn
|
|-heal|p1a: Ankylosaurus|331\/385 brn|[from] item: Leftovers
|-damage|p1a: Ankylosaurus|283\/385 brn|[from] brn
|turn|57
|c| Tom Bus|]
|c| Tom Bus|:]
|
|move|p1a: Ankylosaurus|Thunder Wave|p2a: Slowbro
|-fail|p2a: Slowbro|par
|cant|p2a: Slowbro|par
|
|-heal|p1a: Ankylosaurus|307\/385 brn|[from] item: Leftovers
|-damage|p1a: Ankylosaurus|259\/385 brn|[from] brn
|turn|58
|
|move|p1a: Ankylosaurus|Thunder Wave|p2a: Slowbro
|-fail|p2a: Slowbro|par
|move|p2a: Slowbro|Thunder Wave|p1a: Ankylosaurus
|-fail|p1a: Ankylosaurus
|
|-heal|p1a: Ankylosaurus|283\/385 brn|[from] item: Leftovers
|-damage|p1a: Ankylosaurus|235\/385 brn|[from] brn
|turn|59
|c| I'm Virus (~'o')~|tom bus
|c| req'd by crobro|the parad one will win
|c| Adiisfine|will o wisp plus twave lol
|c|âPachirisu Queen|You won
|c|âAlkov|i'll have more pp right?
|c| req'd by crobro|cus itll get parad
|c| I'm Virus (~'o')~|confirmed predicting hax since 1969
|c|âPachirisu Queen|maybe
|c|âPachirisu Queen|o.o
|c| Tom Bus|Alkov wins
|c|âPachirisu Queen|i've to use
|c|âPachirisu Queen|slack off
|c| req'd by crobro|due to extra damage and less attacking turns
|c| req'd by crobro|alkov wins
|c|âPachirisu Queen|i needed a para bro
|c|âPachirisu Queen|gg
|-message|Pachirisu Queen forfeited.
|
|win|Alkov
|raw|Ladder updating...
|leave|Pachirisu Queen
|player|p1
|c| Tom Bus|Nice use of t wave
|raw|Pachirisu Queen's rating: 1633 &rarr; <strong>1614<\/strong><br \/>(-19 for losing)
|raw|Alkov's rating: 1652 &rarr; <strong>1671<\/strong><br \/>(+19 for winning)
|c| Tom Bus|on the slowbro
|c| I'm Virus (~'o')~|bruh.
|leave|req'd by crobro
|leave|Tom Bus
|leave|I'm Virus (~'o')~
|leave|lord ledian
|leave|thepack
|join|RedKingAlmighty
|leave|Adiisfine
|leave|Tricking
|leave|RedKingAlmighty
|join|Tom Bus
|leave|Tom Bus