|join|Alkov
|join|Acrokid098
|player|p1|Alkov|256
|player|p2|Acrokid098|164
|gametype|singles
|gen|6
|tier|OU (suspect test)
|rated
|clearpoke
|poke|p1|Kyurem-Black, shiny
|poke|p1|Slowbro, M
|poke|p1|Gardevoir, F, shiny
|poke|p1|Cobalion
|poke|p1|Landorus-Therian, M
|poke|p1|Zapdos
|poke|p2|Gyarados, M
|poke|p2|Garchomp, M
|poke|p2|Terrakion
|poke|p2|Thundurus, M
|poke|p2|Bisharp, F
|poke|p2|Azumarill, M
|rule|Swagger Clause: Swagger is banned
|rule|Baton Pass Clause: Limit one PokÃ©mon knowing Baton Pass
|rule|Sleep Clause Mod: Limit one foe put to sleep
|rule|Species Clause: Limit one of each PokÃ©mon
|rule|OHKO Clause: OHKO moves are banned
|rule|Moody Clause: Moody is banned
|rule|Evasion Moves Clause: Evasion moves are banned
|rule|Endless Battle Clause: Forcing endless battles is banned
|rule|HP Percentage Mod: HP is shown in percentages
|teampreview
|c|âAcrokid098|Oh hello there
|c|âAlkov|hello
|c|âAcrokid098|Gl hf xD
|c|âAlkov|gl
|c|âAcrokid098|I dunno if you remember me
|c|âAcrokid098|Oh well
|c|âAcrokid098|I was Pokehype11
|
|start
|switch|p1a: Slowbro|Slowbro, M|394\/394
|switch|p2a: Terrakion|Terrakion|323\/323
|turn|1
|
|move|p2a: Terrakion|Stealth Rock|p1a: Slowbro
|-sidestart|p1: Alkov|move: Stealth Rock
|move|p1a: Slowbro|Scald|p2a: Terrakion
|-supereffective|p2a: Terrakion
|-damage|p2a: Terrakion|107\/323
|
|turn|2
|c|âAlkov|not very sure
|c|âAcrokid098|Ah that's fine
|c|âAlkov|but i remember this alt
|c|âAlkov|instead of pokehype11
|
|switch|p2a: Thundurus|Thundurus, M|299\/299
|move|p1a: Slowbro|Scald|p2a: Thundurus
|-damage|p2a: Thundurus|191\/299
|
|turn|3
|
|switch|p1a: Landorus-Therian|Landorus-Therian, M|328\/328
|-damage|p1a: Landorus-Therian|287\/328|[from] Stealth Rock
|-ability|p1a: Landorus-Therian|Intimidate|[of] p2a: Thundurus
|-unboost|p2a: Thundurus|atk|1
|move|p2a: Thundurus|Hidden Power|p1a: Landorus-Therian
|-supereffective|p1a: Landorus-Therian
|-damage|p1a: Landorus-Therian|0 fnt
|-damage|p2a: Thundurus|162\/299|[from] item: Life Orb
|faint|p1a: Landorus-Therian
|
|
|switch|p1a: Cobalion|Cobalion|351\/351
|-damage|p1a: Cobalion|341\/351|[from] Stealth Rock
|turn|4
|
|switch|p2a: Terrakion|Terrakion|107\/323
|move|p1a: Cobalion|Stealth Rock|p2a: Terrakion
|-sidestart|p2: Acrokid098|move: Stealth Rock
|
|-heal|p1a: Cobalion|351\/351|[from] item: Leftovers
|turn|5
|
|switch|p1a: Slowbro|Slowbro, M|394\/394
|-damage|p1a: Slowbro|345\/394|[from] Stealth Rock
|move|p2a: Terrakion|Close Combat|p1a: Slowbro
|-resisted|p1a: Slowbro
|-damage|p1a: Slowbro|279\/394
|-unboost|p2a: Terrakion|def|1
|-unboost|p2a: Terrakion|spd|1
|
|-heal|p1a: Slowbro|303\/394|[from] item: Leftovers
|turn|6
|
|move|p2a: Terrakion|Stone Edge|p1a: Slowbro
|-crit|p1a: Slowbro
|-damage|p1a: Slowbro|108\/394
|move|p1a: Slowbro|Scald|p2a: Terrakion
|-supereffective|p2a: Terrakion
|-damage|p2a: Terrakion|0 fnt
|faint|p2a: Terrakion
|
|-heal|p1a: Slowbro|132\/394|[from] item: Leftovers
|
|switch|p2a: Thundurus|Thundurus, M|162\/299
|-damage|p2a: Thundurus|88\/299|[from] Stealth Rock
|turn|7
|
|switch|p1a: Cobalion|Cobalion|351\/351
|-damage|p1a: Cobalion|341\/351|[from] Stealth Rock
|move|p2a: Thundurus|Thunderbolt|p1a: Cobalion
|-damage|p1a: Cobalion|59\/351
|-damage|p2a: Thundurus|59\/299|[from] item: Life Orb
|
|-heal|p1a: Cobalion|80\/351|[from] item: Leftovers
|turn|8
|c|âAcrokid098|Oh at least you remembered that.. xD
|
|move|p2a: Thundurus|Thunderbolt|p1a: Cobalion
|-damage|p1a: Cobalion|0 fnt
|-damage|p2a: Thundurus|30\/299|[from] item: Life Orb
|faint|p1a: Cobalion
|
|
|switch|p1a: Zapdos|Zapdos|383\/383
|-damage|p1a: Zapdos|288\/383|[from] Stealth Rock
|-ability|p1a: Zapdos|Pressure
|turn|9
|
|move|p2a: Thundurus|Hidden Power|p1a: Zapdos
|-supereffective|p1a: Zapdos
|-damage|p1a: Zapdos|98\/383
|-damage|p2a: Thundurus|1\/299|[from] item: Life Orb
|move|p1a: Zapdos|Roost|p1a: Zapdos
|-heal|p1a: Zapdos|290\/383
|
|-heal|p1a: Zapdos|313\/383|[from] item: Leftovers
|turn|10
|
|move|p2a: Thundurus|Hidden Power|p1a: Zapdos
|-supereffective|p1a: Zapdos
|-damage|p1a: Zapdos|102\/383
|-damage|p2a: Thundurus|0 fnt|[from] item: Life Orb
|faint|p2a: Thundurus
|move|p1a: Zapdos|Roost|p1a: Zapdos
|-heal|p1a: Zapdos|294\/383
|
|-heal|p1a: Zapdos|317\/383|[from] item: Leftovers
|
|switch|p2a: Garchomp|Garchomp, M|357\/357
|-damage|p2a: Garchomp|335\/357|[from] Stealth Rock
|turn|11
|
|switch|p1a: Slowbro|Slowbro, M|263\/394
|-damage|p1a: Slowbro|214\/394|[from] Stealth Rock
|move|p2a: Garchomp|Stone Edge|p1a: Slowbro|[miss]
|-miss|p2a: Garchomp|p1a: Slowbro
|
|-heal|p1a: Slowbro|238\/394|[from] item: Leftovers
|turn|12
|
|switch|p2a: Gyarados|Gyarados, M|331\/331
|-damage|p2a: Gyarados|249\/331|[from] Stealth Rock
|-ability|p2a: Gyarados|Intimidate|[of] p1a: Slowbro
|-unboost|p1a: Slowbro|atk|1
|move|p1a: Slowbro|Slack Off|p1a: Slowbro
|-heal|p1a: Slowbro|394\/394
|
|turn|13
|
|detailschange|p2a: Gyarados|Gyarados-Mega, M
|-mega|p2a: Gyarados|Gyarados|Gyaradosite
|-ability|p2a: Gyarados|Mold Breaker
|move|p2a: Gyarados|Substitute|p2a: Gyarados
|-start|p2a: Gyarados|Substitute
|-damage|p2a: Gyarados|167\/331
|move|p1a: Slowbro|Thunder Wave|p2a: Gyarados
|
|turn|14
|
|switch|p1a: Kyurem-Black|Kyurem-Black, shiny|391\/391
|-damage|p1a: Kyurem-Black|294\/391|[from] Stealth Rock
|-ability|p1a: Kyurem-Black|Teravolt
|move|p2a: Gyarados|Dragon Dance|p2a: Gyarados
|-boost|p2a: Gyarados|atk|1
|-boost|p2a: Gyarados|spe|1
|
|turn|15
|c|âAlkov|dammit , i hate sub gyara the most ....
|c|âAlkov|my one and only weakness that i'll always fall for
|
|move|p1a: Kyurem-Black|Fusion Bolt|p2a: Gyarados
|-supereffective|p2a: Gyarados
|-end|p2a: Gyarados|Substitute
|move|p2a: Gyarados|Dragon Dance|p2a: Gyarados
|-boost|p2a: Gyarados|atk|1
|-boost|p2a: Gyarados|spe|1
|
|turn|16
|
|move|p2a: Gyarados|Crunch|p1a: Kyurem-Black
|-damage|p1a: Kyurem-Black|0 fnt
|faint|p1a: Kyurem-Black
|
|c|âAlkov|thats gg i guess
|
|switch|p1a: Zapdos|Zapdos|317\/383
|-damage|p1a: Zapdos|222\/383|[from] Stealth Rock
|-ability|p1a: Zapdos|Pressure
|turn|17
|c|âAcrokid098|sorry :(
|
|move|p2a: Gyarados|Waterfall|p1a: Zapdos
|-damage|p1a: Zapdos|0 fnt
|faint|p1a: Zapdos
|
|c|âAlkov|gg
|c|âAlkov|well played :]
|c|âAcrokid098|gg dude
|-message|Alkov forfeited.
|
|win|Acrokid098
|raw|Ladder updating...
|raw|Alkov's rating: 1049 &rarr; <strong>1035<\/strong><br \/>(-14 for losing)
|raw|Acrokid098's rating: 1117 &rarr; <strong>1137<\/strong><br \/>(+20 for winning)
|leave|Alkov
|player|p1