|join|Alkov
|join|RAORoman
|player|p1|Alkov|256
|player|p2|RAORoman|170
|gametype|singles
|gen|6
|tier|OU (suspect test)
|rated
|clearpoke
|poke|p1|Kyurem-Black, shiny
|poke|p1|Slowbro, M
|poke|p1|Gardevoir, F, shiny
|poke|p1|Cobalion
|poke|p1|Landorus-Therian, M
|poke|p1|Zapdos
|poke|p2|Sableye, M
|poke|p2|Rotom-Wash
|poke|p2|Latios, M
|poke|p2|Sylveon, M, shiny
|poke|p2|Landorus-Therian, M
|poke|p2|Azumarill, F
|rule|Swagger Clause: Swagger is banned
|rule|Baton Pass Clause: Limit one PokÃ©mon knowing Baton Pass
|rule|Sleep Clause Mod: Limit one foe put to sleep
|rule|Species Clause: Limit one of each PokÃ©mon
|rule|OHKO Clause: OHKO moves are banned
|rule|Moody Clause: Moody is banned
|rule|Evasion Moves Clause: Evasion moves are banned
|rule|Endless Battle Clause: Forcing endless battles is banned
|rule|HP Percentage Mod: HP is shown in percentages
|teampreview
|
|start
|switch|p1a: Kyurem-Black|Kyurem-Black, shiny|391\/391
|switch|p2a: Sableye|Sableye, M|304\/304
|-ability|p1a: Kyurem-Black|Teravolt
|turn|1
|
|switch|p1a: Gardevoir|Gardevoir, F, shiny|277\/277
|-ability|p1a: Gardevoir|Prankster|[from] ability: Trace|[of] p2a: Sableye
|move|p2a: Sableye|Calm Mind|p2a: Sableye
|-boost|p2a: Sableye|spa|1
|-boost|p2a: Sableye|spd|1
|
|turn|2
|
|switch|p2a: Sylveon|Sylveon, M, shiny|394\/394
|detailschange|p1a: Gardevoir|Gardevoir-Mega, F, shiny
|-mega|p1a: Gardevoir|Gardevoir|Gardevoirite
|move|p1a: Gardevoir|Hyper Voice|p2a: Sylveon
|-damage|p2a: Sylveon|255\/394
|
|turn|3
|
|move|p1a: Gardevoir|Psyshock|p2a: Sylveon
|-damage|p2a: Sylveon|8\/394
|move|p2a: Sylveon|Hyper Voice|p1a: Gardevoir
|-damage|p1a: Gardevoir|109\/277
|
|turn|4
|
|move|p1a: Gardevoir|Hyper Voice|p2a: Sylveon
|-damage|p2a: Sylveon|0 fnt
|faint|p2a: Sylveon
|
|
|switch|p2a: Landorus-Therian|Landorus-Therian, M|319\/319
|-ability|p2a: Landorus-Therian|Intimidate|[of] p1a: Gardevoir
|-unboost|p1a: Gardevoir|atk|1
|turn|5
|c|âAlkov|wait ... how did my hypervoice did only 62%
|c|âAlkov|it means you're 252\/252+ spdef and so psyshock should do more
|c|âAlkov|im confused af
|
|switch|p1a: Landorus-Therian|Landorus-Therian, M|328\/328
|-ability|p1a: Landorus-Therian|Intimidate|[of] p2a: Landorus-Therian
|-unboost|p2a: Landorus-Therian|atk|1
|move|p2a: Landorus-Therian|U-turn|p1a: Landorus-Therian
|-resisted|p1a: Landorus-Therian
|-damage|p1a: Landorus-Therian|295\/328
|
|switch|p2a: Sableye|Sableye, M|304\/304
|
|turn|6
|
|switch|p1a: Gardevoir|Gardevoir-Mega, F, shiny|109\/277
|detailschange|p2a: Sableye|Sableye-Mega, M
|-mega|p2a: Sableye|Sableye|Sablenite
|move|p2a: Sableye|Will-O-Wisp|p1a: Gardevoir
|-status|p1a: Gardevoir|brn
|
|-damage|p1a: Gardevoir|75\/277 brn|[from] brn
|turn|7
|
|switch|p2a: Azumarill|Azumarill, F|401\/401
|move|p1a: Gardevoir|Hyper Voice|p2a: Azumarill
|-damage|p2a: Azumarill|200\/401
|
|-damage|p1a: Gardevoir|41\/277 brn|[from] brn
|turn|8
|
|switch|p1a: Cobalion|Cobalion|351\/351
|move|p2a: Azumarill|Aqua Jet|p1a: Cobalion
|-damage|p1a: Cobalion|281\/351
|
|-heal|p1a: Cobalion|302\/351|[from] item: Leftovers
|turn|9
|
|switch|p2a: Sableye|Sableye-Mega, M|304\/304
|move|p1a: Cobalion|Stealth Rock|p2a: Sableye
|move|p2a: Sableye|Stealth Rock|p1a: Cobalion|[from]Magic Bounce
|-sidestart|p1: Alkov|move: Stealth Rock
|
|-heal|p1a: Cobalion|323\/351|[from] item: Leftovers
|turn|10
|
|move|p1a: Cobalion|Volt Switch|p2a: Sableye
|-damage|p2a: Sableye|264\/304
|
|switch|p1a: Kyurem-Black|Kyurem-Black, shiny|391\/391
|-damage|p1a: Kyurem-Black|294\/391|[from] Stealth Rock
|-ability|p1a: Kyurem-Black|Teravolt
|move|p2a: Sableye|Dark Pulse|p1a: Kyurem-Black
|-damage|p1a: Kyurem-Black|201\/391
|
|turn|11
|
|move|p1a: Kyurem-Black|Ice Beam|p2a: Sableye
|-damage|p2a: Sableye|73\/304
|-damage|p1a: Kyurem-Black|162\/391|[from] item: Life Orb
|move|p2a: Sableye|Will-O-Wisp|p1a: Kyurem-Black
|-status|p1a: Kyurem-Black|brn
|
|-damage|p1a: Kyurem-Black|114\/391 brn|[from] brn
|turn|12
|
|move|p1a: Kyurem-Black|Ice Beam|p2a: Sableye
|-damage|p2a: Sableye|0 fnt
|-damage|p1a: Kyurem-Black|75\/391 brn|[from] item: Life Orb
|faint|p2a: Sableye
|
|-damage|p1a: Kyurem-Black|27\/391 brn|[from] brn
|
|switch|p2a: Azumarill|Azumarill, F|200\/401
|turn|13
|
|move|p2a: Azumarill|Aqua Jet|p1a: Kyurem-Black
|-resisted|p1a: Kyurem-Black
|-damage|p1a: Kyurem-Black|0 fnt
|faint|p1a: Kyurem-Black
|
|
|switch|p1a: Zapdos|Zapdos|383\/383
|-damage|p1a: Zapdos|288\/383|[from] Stealth Rock
|-ability|p1a: Zapdos|Pressure
|turn|14
|
|move|p1a: Zapdos|Discharge|p2a: Azumarill
|-supereffective|p2a: Azumarill
|-damage|p2a: Azumarill|0 fnt
|faint|p2a: Azumarill
|
|-heal|p1a: Zapdos|311\/383|[from] item: Leftovers
|join|gay af
|
|switch|p2a: Landorus-Therian|Landorus-Therian, M|319\/319
|-ability|p2a: Landorus-Therian|Intimidate|[of] p1a: Zapdos
|-unboost|p1a: Zapdos|atk|1
|turn|15
|
|move|p2a: Landorus-Therian|U-turn|p1a: Zapdos
|-resisted|p1a: Zapdos
|-damage|p1a: Zapdos|270\/383
|
|switch|p2a: Latios|Latios, M|301\/301
|move|p1a: Zapdos|Roost|p1a: Zapdos
|-heal|p1a: Zapdos|383\/383
|
|turn|16
|
|move|p2a: Latios|Thunderbolt|p1a: Zapdos
|-damage|p1a: Zapdos|268\/383
|move|p1a: Zapdos|Roost|p1a: Zapdos
|-heal|p1a: Zapdos|383\/383
|
|turn|17
|
|move|p2a: Latios|Thunderbolt|p1a: Zapdos
|-damage|p1a: Zapdos|269\/383
|move|p1a: Zapdos|Defog|p2a: Latios
|-unboost|p2a: Latios|evasion|1
|-sideend|p1: Alkov|Stealth Rock|[from] move: Defog|[of] p1a: Zapdos
|
|-heal|p1a: Zapdos|292\/383|[from] item: Leftovers
|turn|18
|
|switch|p2a: Rotom-Wash|Rotom-Wash|304\/304
|switch|p1a: Landorus-Therian|Landorus-Therian, M|295\/328
|-ability|p1a: Landorus-Therian|Intimidate|[of] p2a: Rotom-Wash
|-unboost|p2a: Rotom-Wash|atk|1
|
|turn|19
|
|move|p1a: Landorus-Therian|U-turn|p2a: Rotom-Wash
|-damage|p2a: Rotom-Wash|242\/304
|
|switch|p1a: Cobalion|Cobalion|323\/351
|move|p2a: Rotom-Wash|Hydro Pump|p1a: Cobalion
|-damage|p1a: Cobalion|149\/351
|
|-heal|p1a: Cobalion|170\/351|[from] item: Leftovers
|turn|20
|
|move|p1a: Cobalion|Stealth Rock|p2a: Rotom-Wash
|-sidestart|p2: RAORoman|move: Stealth Rock
|move|p2a: Rotom-Wash|Hydro Pump|p1a: Cobalion
|-damage|p1a: Cobalion|0 fnt
|faint|p1a: Cobalion
|
|join|Mistaken
|c| Mistaken|alcove nice cobalion
|c|âAlkov|ty :]
|
|switch|p1a: Gardevoir|Gardevoir-Mega, F, shiny|41\/277 brn
|turn|21
|
|move|p2a: Rotom-Wash|Hydro Pump|p1a: Gardevoir
|-damage|p1a: Gardevoir|0 fnt
|faint|p1a: Gardevoir
|
|c|âAlkov|lol scarfed lati and scarfed rotom
|c| gay af|nice n speedy
|c|âAlkov|interesting
|
|switch|p1a: Slowbro|Slowbro, M|394\/394
|turn|22
|
|switch|p2a: Latios|Latios, M|301\/301
|-damage|p2a: Latios|264\/301|[from] Stealth Rock
|move|p1a: Slowbro|Scald|p2a: Latios
|-resisted|p2a: Latios
|-damage|p2a: Latios|223\/301
|
|turn|23
|
|switch|p1a: Zapdos|Zapdos|292\/383
|-ability|p1a: Zapdos|Pressure
|move|p2a: Latios|Ice Beam|p1a: Zapdos
|-supereffective|p1a: Zapdos
|-damage|p1a: Zapdos|0 fnt
|faint|p1a: Zapdos
|
|
|switch|p1a: Landorus-Therian|Landorus-Therian, M|295\/328
|-ability|p1a: Landorus-Therian|Intimidate|[of] p2a: Latios
|-unboost|p2a: Latios|atk|1
|turn|24
|c| Mistaken|damn
|c|âAlkov|fuck misclick
|
|switch|p1a: Slowbro|Slowbro, M|394\/394
|switch|p2a: Landorus-Therian|Landorus-Therian, M|319\/319
|-damage|p2a: Landorus-Therian|280\/319|[from] Stealth Rock
|-ability|p2a: Landorus-Therian|Intimidate|[of] p1a: Slowbro
|-unboost|p1a: Slowbro|atk|1
|
|turn|25
|
|move|p2a: Landorus-Therian|U-turn|p1a: Slowbro
|-supereffective|p1a: Slowbro
|-damage|p1a: Slowbro|270\/394
|c| Mistaken|twave
|
|switch|p2a: Rotom-Wash|Rotom-Wash|242\/304
|-damage|p2a: Rotom-Wash|204\/304|[from] Stealth Rock
|move|p1a: Slowbro|Scald|p2a: Rotom-Wash
|-resisted|p2a: Rotom-Wash
|-damage|p2a: Rotom-Wash|162\/304
|
|-heal|p1a: Slowbro|294\/394|[from] item: Leftovers
|turn|26
|c| Mistaken|plz
|
|move|p2a: Rotom-Wash|Trick|p1a: Slowbro
|-activate|p2a: Rotom-Wash|move: Trick|[of] p1a: Slowbro
|-item|p1a: Slowbro|Choice Scarf|[from] move: Trick
|-item|p2a: Rotom-Wash|Leftovers|[from] move: Trick
|move|p1a: Slowbro|Slack Off|p1a: Slowbro
|-heal|p1a: Slowbro|394\/394
|
|-heal|p2a: Rotom-Wash|181\/304|[from] item: Leftovers
|turn|27
|c|âAlkov|rip
|
|move|p2a: Rotom-Wash|Hydro Pump|p1a: Slowbro
|-resisted|p1a: Slowbro
|-damage|p1a: Slowbro|307\/394
|move|p1a: Slowbro|Slack Off|p1a: Slowbro
|-heal|p1a: Slowbro|394\/394
|
|-heal|p2a: Rotom-Wash|200\/304|[from] item: Leftovers
|turn|28
|
|move|p2a: Rotom-Wash|Thunder Wave|p1a: Slowbro
|-status|p1a: Slowbro|par
|move|p1a: Slowbro|Slack Off|p1a: Slowbro
|-fail|p1a: Slowbro
|
|-heal|p2a: Rotom-Wash|219\/304|[from] item: Leftovers
|turn|29
|
|switch|p1a: Landorus-Therian|Landorus-Therian, M|295\/328
|-ability|p1a: Landorus-Therian|Intimidate|[of] p2a: Rotom-Wash
|-unboost|p2a: Rotom-Wash|atk|1
|move|p2a: Rotom-Wash|Hydro Pump|p1a: Landorus-Therian
|-supereffective|p1a: Landorus-Therian
|-damage|p1a: Landorus-Therian|0 fnt
|faint|p1a: Landorus-Therian
|
|-heal|p2a: Rotom-Wash|238\/304|[from] item: Leftovers
|
|switch|p1a: Slowbro|Slowbro, M|394\/394 par
|turn|30
|c|âAlkov|gg
|-message|Alkov forfeited.
|
|win|RAORoman
|raw|Ladder updating...
|raw|Alkov's rating: 1430 &rarr; <strong>1403<\/strong><br \/>(-27 for losing)
|raw|RAORoman's rating: 1313 &rarr; <strong>1339<\/strong><br \/>(+26 for winning)
|c|âRAORoman|gg
|c|âAlkov|dual scarfer team and a weird sylveon
|c|âAlkov|that tanked psyshock + hypervoice
|c|âAlkov|the calc lied to me ....
|leave|Alkov
|player|p1
|leave|gay af
|leave|Mistaken