|join|mslowtest
|join|Mikasa1337
|player|p1|mslowtest|1
|player|p2|Mikasa1337|169
|gametype|singles
|gen|6
|tier|ORAS OU
|rated
|rule|Sleep Clause Mod: Limit one foe put to sleep
|rule|Species Clause: Limit one of each PokÃ©mon
|rule|OHKO Clause: OHKO moves are banned
|rule|Moody Clause: Moody is banned
|rule|Evasion Moves Clause: Evasion moves are banned
|rule|Endless Battle Clause: Forcing endless battles is banned
|rule|HP Percentage Mod: HP is shown in percentages
|clearpoke
|poke|p1|Garchomp, F
|poke|p1|Slurpuff, F
|poke|p1|Latios, M
|poke|p1|Salamence, M
|poke|p1|Conkeldurr, M
|poke|p1|Mamoswine, F
|poke|p2|Salamence, F
|poke|p2|Azumarill, F
|poke|p2|Latios, M
|poke|p2|Volcarona, M
|poke|p2|Dugtrio, F
|poke|p2|Bisharp, M
|rule|Swagger Clause: Swagger is banned
|rule|Baton Pass Clause: Limit one PokÃ©mon knowing Baton Pass
|teampreview
|join|GigaPlease
|join|simonsaysz
|join|travvy321
|
|start
|switch|p1a: Garchomp|Garchomp, F|419\/419
|switch|p2a: Azumarill|Azumarill, F|404\/404
|turn|1
|c|âmslowtest|so many stalker
|c|âMikasa1337|have you ever watched entourage?
|
|move|p1a: Garchomp|Stealth Rock|p2a: Azumarill
|-sidestart|p2: Mikasa1337|move: Stealth Rock
|move|p2a: Azumarill|Play Rough|p1a: Garchomp
|-supereffective|p1a: Garchomp
|-damage|p1a: Garchomp|87\/419
|-damage|p2a: Azumarill|354\/404|[from] ability: Rough Skin|[of] p1a: Garchomp
|-damage|p2a: Azumarill|287\/404|[from] item: Rocky Helmet|[of] p1a: Garchomp
|
|turn|2
|c|âmslowtest|never heard of
|
|move|p2a: Azumarill|Aqua Jet|p1a: Garchomp
|-damage|p1a: Garchomp|11\/419
|-damage|p2a: Azumarill|237\/404|[from] ability: Rough Skin|[of] p1a: Garchomp
|-damage|p2a: Azumarill|170\/404|[from] item: Rocky Helmet|[of] p1a: Garchomp
|-enditem|p2a: Azumarill|Sitrus Berry|[eat]
|-heal|p2a: Azumarill|271\/404|[from] item: Sitrus Berry
|move|p1a: Garchomp|Earthquake|p2a: Azumarill
|-damage|p2a: Azumarill|106\/404
|
|turn|3
|
|move|p2a: Azumarill|Aqua Jet|p1a: Garchomp
|-crit|p1a: Garchomp
|-damage|p1a: Garchomp|0 fnt
|-damage|p2a: Azumarill|56\/404|[from] ability: Rough Skin|[of] p1a: Garchomp
|-damage|p2a: Azumarill|0 fnt|[from] item: Rocky Helmet|[of] p1a: Garchomp
|faint|p2a: Azumarill
|faint|p1a: Garchomp
|
|
|switch|p1a: Latios|Latios, M|301\/301
|switch|p2a: Salamence|Salamence, F|332\/332
|-damage|p2a: Salamence|249\/332|[from] Stealth Rock
|-ability|p2a: Salamence|Intimidate|[of] p1a: Latios
|-unboost|p1a: Latios|atk|1
|turn|4
|
|switch|p2a: Bisharp|Bisharp, M|272\/272
|-damage|p2a: Bisharp|255\/272|[from] Stealth Rock
|move|p1a: Latios|Memento|p2a: Bisharp
|-unboost|p2a: Bisharp|atk|2
|-boost|p2a: Bisharp|atk|2|[from] ability: Defiant
|-unboost|p2a: Bisharp|spa|2
|-boost|p2a: Bisharp|atk|2|[from] ability: Defiant
|faint|p1a: Latios
|
|c|âmslowtest|shit
|
|switch|p1a: Conkeldurr|Conkeldurr, M|401\/401
|turn|5
|join|thegeekinside_
|
|switch|p2a: Salamence|Salamence, F|249\/332
|-damage|p2a: Salamence|166\/332|[from] Stealth Rock
|-ability|p2a: Salamence|Intimidate|[of] p1a: Conkeldurr
|-unboost|p1a: Conkeldurr|atk|1
|move|p1a: Conkeldurr|Mach Punch|p2a: Salamence
|-resisted|p2a: Salamence
|-damage|p2a: Salamence|136\/332
|
|turn|6
|
|switch|p1a: Mamoswine|Mamoswine, F|361\/361
|detailschange|p2a: Salamence|Salamence-Mega, F
|message|Salamence has Mega Evolved into Mega Salamence!
|move|p2a: Salamence|Return|p1a: Mamoswine
|-damage|p1a: Mamoswine|105\/361
|
|turn|7
|
|switch|p2a: Bisharp|Bisharp, M|255\/272
|-damage|p2a: Bisharp|238\/272|[from] Stealth Rock
|move|p1a: Mamoswine|Ice Shard|p2a: Bisharp
|-resisted|p2a: Bisharp
|-damage|p2a: Bisharp|189\/272
|-damage|p1a: Mamoswine|69\/361|[from] item: Life Orb
|
|turn|8
|
|move|p1a: Mamoswine|Earthquake|p2a: Bisharp
|-crit|p2a: Bisharp
|-supereffective|p2a: Bisharp
|-damage|p2a: Bisharp|0 fnt
|-damage|p1a: Mamoswine|33\/361|[from] item: Life Orb
|faint|p2a: Bisharp
|
|
|switch|p2a: Dugtrio|Dugtrio, F|212\/212
|-damage|p2a: Dugtrio|199\/212|[from] Stealth Rock
|turn|9
|
|move|p2a: Dugtrio|Sucker Punch|p1a: Mamoswine
|-damage|p1a: Mamoswine|0 fnt
|faint|p1a: Mamoswine
|
|
|switch|p1a: Salamence|Salamence, M|331\/331
|-ability|p1a: Salamence|Intimidate|[of] p2a: Dugtrio
|-unboost|p2a: Dugtrio|atk|1
|turn|10
|
|detailschange|p1a: Salamence|Salamence-Mega, M
|message|Salamence has Mega Evolved into Mega Salamence!
|move|p2a: Dugtrio|Memento|p1a: Salamence
|-unboost|p1a: Salamence|atk|2
|-unboost|p1a: Salamence|spa|2
|faint|p2a: Dugtrio
|move|p1a: Salamence|Return|p2: Dugtrio|[notarget]
|-notarget
|
|
|switch|p2a: Latios|Latios, M|302\/302
|-damage|p2a: Latios|265\/302|[from] Stealth Rock
|turn|11
|
|switch|p1a: Slurpuff|Slurpuff, F|308\/308
|move|p2a: Latios|Trick|p1a: Slurpuff
|-activate|p2a: Latios|move: Trick|[of] p1a: Slurpuff
|-item|p1a: Slurpuff|Choice Scarf|[from] move: Trick
|-item|p2a: Latios|Sitrus Berry|[from] move: Trick
|
|turn|12
|
|switch|p2a: Volcarona|Volcarona, M|312\/312
|-damage|p2a: Volcarona|156\/312|[from] Stealth Rock
|-enditem|p2a: Volcarona|Sitrus Berry|[eat]
|-heal|p2a: Volcarona|234\/312|[from] item: Sitrus Berry
|move|p1a: Slurpuff|Play Rough|p2a: Volcarona
|-resisted|p2a: Volcarona
|-damage|p2a: Volcarona|140\/312
|
|turn|13
|
|switch|p1a: Salamence|Salamence-Mega, M|331\/331
|move|p2a: Volcarona|Quiver Dance|p2a: Volcarona
|-boost|p2a: Volcarona|spa|1
|-boost|p2a: Volcarona|spd|1
|-boost|p2a: Volcarona|spe|1
|
|turn|14
|join|Lil D' Skeet Skeet
|
|move|p2a: Volcarona|Hidden Power|p1a: Salamence
|-supereffective|p1a: Salamence
|-damage|p1a: Salamence|0 fnt
|faint|p1a: Salamence
|
|
|switch|p1a: Conkeldurr|Conkeldurr, M|401\/401
|turn|15
|
|move|p2a: Volcarona|Fiery Dance|p1a: Conkeldurr
|-damage|p1a: Conkeldurr|208\/401
|move|p1a: Conkeldurr|Poison Jab|p2a: Volcarona
|-damage|p2a: Volcarona|0 fnt
|-status|p1a: Conkeldurr|brn
|faint|p2a: Volcarona
|
|-damage|p1a: Conkeldurr|158\/401 brn|[from] brn
|
|switch|p2a: Latios|Latios, M|265\/302
|-damage|p2a: Latios|228\/302|[from] Stealth Rock
|turn|16
|
|move|p2a: Latios|Psyshock|p1a: Conkeldurr
|-supereffective|p1a: Conkeldurr
|-damage|p1a: Conkeldurr|0 fnt
|faint|p1a: Conkeldurr
|
|
|switch|p1a: Slurpuff|Slurpuff, F|308\/308
|turn|17
|
|move|p1a: Slurpuff|Play Rough|p2a: Latios
|-supereffective|p2a: Latios
|-damage|p2a: Latios|0 fnt
|faint|p2a: Latios
|
|
|switch|p2a: Salamence|Salamence-Mega, F|136\/332
|-damage|p2a: Salamence|53\/332|[from] Stealth Rock
|turn|18
|
|move|p1a: Slurpuff|Play Rough|p2a: Salamence
|-supereffective|p2a: Salamence
|-damage|p2a: Salamence|0 fnt
|faint|p2a: Salamence
|
|win|mslowtest
|raw|Ladder updating...
|raw|mslowtest's rating: 1549 &rarr; <strong>1562<\/strong><br \/>(+13 for winning)
|raw|Mikasa1337's rating: 1428 &rarr; <strong>1414<\/strong><br \/>(-14 for losing)
|c|âmslowtest|gg
|c|âMikasa1337|so many
|c|âMikasa1337|so many people
|c|âMikasa1337|i see their faces
|c|âMikasa1337|i have dishonored my country
|leave|GigaPlease
|leave|Mikasa1337
|player|p2
|leave|thegeekinside_
|leave|Lil D' Skeet Skeet