|join|sav
|join|Mikasa1337
|player|p1|sav|2
|player|p2|Mikasa1337|265
|gametype|singles
|gen|6
|tier|ORAS OU
|rated
|rule|Sleep Clause Mod: Limit one foe put to sleep
|rule|Species Clause: Limit one of each PokÃ©mon
|rule|OHKO Clause: OHKO moves are banned
|rule|Moody Clause: Moody is banned
|rule|Evasion Moves Clause: Evasion moves are banned
|rule|Endless Battle Clause: Forcing endless battles is banned
|rule|HP Percentage Mod: HP is shown in percentages
|clearpoke
|poke|p1|Azumarill, F
|poke|p1|Altaria, F
|poke|p1|Landorus, M
|poke|p1|Heatran, F
|poke|p1|Slowbro, M
|poke|p1|Ferrothorn, M
|poke|p2|Salamence, M
|poke|p2|Scizor, F
|poke|p2|Latios, M
|poke|p2|Volcarona, M
|poke|p2|Dugtrio, F
|poke|p2|Bisharp, M
|rule|Swagger Clause: Swagger is banned
|rule|Baton Pass Clause: Limit one PokÃ©mon knowing Baton Pass
|teampreview
|
|start
|switch|p1a: Altaria|Altaria, F|334\/334
|switch|p2a: Dugtrio|Dugtrio, F|212\/212
|-ability|p1a: Altaria|Cloud Nine
|turn|1
|
|switch|p2a: Bisharp|Bisharp, M|272\/272
|detailschange|p1a: Altaria|Altaria-Mega, F
|message|Altaria has Mega Evolved into Mega Altaria!
|move|p1a: Altaria|Hyper Voice|p2a: Bisharp
|-crit|p2a: Bisharp
|-damage|p2a: Bisharp|0 fnt
|faint|p2a: Bisharp
|
|
|switch|p2a: Salamence|Salamence, M|332\/332
|-ability|p2a: Salamence|Intimidate|[of] p1a: Altaria
|-unboost|p1a: Altaria|atk|1
|turn|2
|
|switch|p2a: Volcarona|Volcarona, M|312\/312
|move|p1a: Altaria|Hyper Voice|p2a: Volcarona
|-resisted|p2a: Volcarona
|-damage|p2a: Volcarona|210\/312
|
|turn|3
|
|switch|p1a: Azumarill|Azumarill, F|404\/404
|move|p2a: Volcarona|Quiver Dance|p2a: Volcarona
|-boost|p2a: Volcarona|spa|1
|-boost|p2a: Volcarona|spd|1
|-boost|p2a: Volcarona|spe|1
|
|turn|4
|
|move|p2a: Volcarona|Giga Drain|p1a: Azumarill
|-supereffective|p1a: Azumarill
|-damage|p1a: Azumarill|200\/404
|-heal|p2a: Volcarona|312\/312|[from] drain|[of] p1a: Azumarill
|move|p1a: Azumarill|Knock Off|p2a: Volcarona
|-damage|p2a: Volcarona|109\/312
|-status|p1a: Azumarill|brn
|-enditem|p2a: Volcarona|Sitrus Berry|[from] move: Knock Off|[of] p1a: Azumarill
|
|-damage|p1a: Azumarill|150\/404 brn|[from] brn
|turn|5
|
|switch|p2a: Salamence|Salamence, M|332\/332
|-ability|p2a: Salamence|Intimidate|[of] p1a: Azumarill
|-unboost|p1a: Azumarill|atk|1
|move|p1a: Azumarill|Aqua Jet|p2a: Salamence
|-resisted|p2a: Salamence
|-damage|p2a: Salamence|314\/332
|
|-damage|p1a: Azumarill|100\/404 brn|[from] brn
|turn|6
|
|detailschange|p2a: Salamence|Salamence-Mega, M
|message|Salamence has Mega Evolved into Mega Salamence!
|move|p2a: Salamence|Return|p1a: Azumarill
|-damage|p1a: Azumarill|0 fnt
|faint|p1a: Azumarill
|
|
|switch|p1a: Altaria|Altaria-Mega, F|334\/334
|turn|7
|
|move|p2a: Salamence|Return|p1a: Altaria
|-damage|p1a: Altaria|150\/334
|move|p1a: Altaria|Hyper Voice|p2a: Salamence
|-supereffective|p2a: Salamence
|-damage|p2a: Salamence|0 fnt
|faint|p2a: Salamence
|
|
|switch|p2a: Scizor|Scizor, F|344\/344
|turn|8
|
|switch|p1a: Heatran|Heatran, F|323\/323
|switch|p2a: Dugtrio|Dugtrio, F|212\/212
|
|turn|9
|
|move|p1a: Heatran|Hidden Power|p2a: Dugtrio
|-crit|p2a: Dugtrio
|-supereffective|p2a: Dugtrio
|-enditem|p2a: Dugtrio|Focus Sash
|-damage|p2a: Dugtrio|1\/212
|move|p2a: Dugtrio|Earthquake|p1a: Heatran
|-supereffective|p1a: Heatran
|-damage|p1a: Heatran|0 fnt
|faint|p1a: Heatran
|
|
|switch|p1a: Ferrothorn|Ferrothorn, M|352\/352
|turn|10
|
|switch|p2a: Volcarona|Volcarona, M|109\/312
|move|p1a: Ferrothorn|Stealth Rock|p2a: Volcarona
|-sidestart|p2: Mikasa1337|move: Stealth Rock
|
|turn|11
|
|move|p2a: Volcarona|Quiver Dance|p2a: Volcarona
|-boost|p2a: Volcarona|spa|1
|-boost|p2a: Volcarona|spd|1
|-boost|p2a: Volcarona|spe|1
|move|p1a: Ferrothorn|Leech Seed|p2a: Volcarona
|-start|p2a: Volcarona|move: Leech Seed
|
|-damage|p2a: Volcarona|70\/312|[from] Leech Seed|[of] p1a: Ferrothorn
|turn|12
|
|move|p1a: Ferrothorn|Protect|p1a: Ferrothorn
|-singleturn|p1a: Ferrothorn|Protect
|move|p2a: Volcarona|Fiery Dance|p1a: Ferrothorn
|-activate|p1a: Ferrothorn|Protect
|
|-damage|p2a: Volcarona|31\/312|[from] Leech Seed|[of] p1a: Ferrothorn
|turn|13
|
|switch|p1a: Slowbro|Slowbro, M|394\/394
|move|p2a: Volcarona|Giga Drain|p1a: Slowbro
|-supereffective|p1a: Slowbro
|-damage|p1a: Slowbro|84\/394
|-heal|p2a: Volcarona|186\/312|[from] drain|[of] p1a: Slowbro
|
|-heal|p1a: Slowbro|108\/394|[from] item: Leftovers
|-damage|p2a: Volcarona|147\/312|[from] Leech Seed|[of] p1a: Slowbro
|-heal|p1a: Slowbro|147\/394|[silent]
|turn|14
|
|switch|p1a: Ferrothorn|Ferrothorn, M|352\/352
|move|p2a: Volcarona|Fiery Dance|p1a: Ferrothorn
|-supereffective|p1a: Ferrothorn
|-damage|p1a: Ferrothorn|0 fnt
|-boost|p2a: Volcarona|spa|1
|faint|p1a: Ferrothorn
|
|
|switch|p1a: Altaria|Altaria-Mega, F|150\/334
|turn|15
|
|move|p2a: Volcarona|Hidden Power|p1a: Altaria
|-supereffective|p1a: Altaria
|-damage|p1a: Altaria|0 fnt
|faint|p1a: Altaria
|
|-message|sav forfeited.
|
|win|Mikasa1337
|raw|Ladder updating...
|c|âMikasa1337|gg
|leave|sav
|player|p1
|raw|sav's rating: 1488 &rarr; <strong>1469<\/strong><br \/>(-19 for losing)
|raw|Mikasa1337's rating: 1492 &rarr; <strong>1512<\/strong><br \/>(+20 for winning)