|join|PitchDarkSky
|join|Mikasa1337
|player|p1|PitchDarkSky|102
|player|p2|Mikasa1337|266
|gametype|singles
|gen|6
|tier|OU
|rated
|clearpoke
|poke|p1|Charizard, F
|poke|p1|Ferrothorn, M
|poke|p1|Azumarill, M
|poke|p1|Greninja, F
|poke|p1|Mamoswine, M
|poke|p1|Excadrill, F
|poke|p2|Chansey, F
|poke|p2|Greninja, F
|poke|p2|Starmie
|poke|p2|Landorus-Therian, M
|poke|p2|Venusaur, F
|poke|p2|Garchomp, F
|rule|Swagger Clause: Swagger is banned
|rule|Baton Pass Clause: Limit one PokÃ©mon knowing Baton Pass
|rule|Sleep Clause Mod: Limit one foe put to sleep
|rule|Species Clause: Limit one of each PokÃ©mon
|rule|OHKO Clause: OHKO moves are banned
|rule|Moody Clause: Moody is banned
|rule|Evasion Moves Clause: Evasion moves are banned
|rule|Endless Battle Clause: Forcing endless battles is banned
|rule|HP Percentage Mod: HP is shown in percentages
|teampreview
|
|start
|switch|p1a: Ferrothorn|Ferrothorn, M|352\/352
|switch|p2a: Greninja|Greninja, F|286\/286
|turn|1
|
|move|p2a: Greninja|Hidden Power|p1a: Ferrothorn
|-start|p2a: Greninja|typechange|Fire|[from] Protean
|-supereffective|p1a: Ferrothorn
|-damage|p1a: Ferrothorn|50\/352
|-damage|p2a: Greninja|258\/286|[from] item: Life Orb
|move|p1a: Ferrothorn|Thunder Wave|p2a: Greninja
|-status|p2a: Greninja|par
|
|-heal|p1a: Ferrothorn|72\/352|[from] item: Leftovers
|turn|2
|
|move|p2a: Greninja|Scald|p1a: Ferrothorn
|-start|p2a: Greninja|typechange|Water|[from] Protean
|-resisted|p1a: Ferrothorn
|-damage|p1a: Ferrothorn|25\/352
|-damage|p2a: Greninja|230\/286 par|[from] item: Life Orb
|move|p1a: Ferrothorn|Stealth Rock|p2a: Greninja
|-sidestart|p2: Mikasa1337|move: Stealth Rock
|
|-heal|p1a: Ferrothorn|47\/352|[from] item: Leftovers
|turn|3
|
|move|p2a: Greninja|Dark Pulse|p1a: Ferrothorn
|-start|p2a: Greninja|typechange|Dark|[from] Protean
|-damage|p1a: Ferrothorn|0 fnt
|-damage|p2a: Greninja|202\/286 par|[from] item: Life Orb
|faint|p1a: Ferrothorn
|
|
|switch|p1a: Azumarill|Azumarill, M|401\/401
|turn|4
|
|switch|p2a: Venusaur|Venusaur, F|364\/364
|-damage|p2a: Venusaur|319\/364|[from] Stealth Rock
|move|p1a: Azumarill|Play Rough|p2a: Venusaur
|-resisted|p2a: Venusaur
|-damage|p2a: Venusaur|199\/364
|
|turn|5
|
|switch|p1a: Mamoswine|Mamoswine, M|361\/361
|detailschange|p2a: Venusaur|Venusaur-Mega, F
|message|Venusaur has Mega Evolved into Mega Venusaur!
|move|p2a: Venusaur|Earthquake|p1a: Mamoswine
|-damage|p1a: Mamoswine|264\/361
|
|-heal|p1a: Mamoswine|286\/361|[from] item: Leftovers
|turn|6
|
|move|p2a: Venusaur|Synthesis|p2a: Venusaur
|-heal|p2a: Venusaur|364\/364
|move|p1a: Mamoswine|Icicle Crash|p2a: Venusaur
|-supereffective|p2a: Venusaur
|-damage|p2a: Venusaur|208\/364
|
|-heal|p1a: Mamoswine|308\/361|[from] item: Leftovers
|turn|7
|
|move|p2a: Venusaur|Leech Seed|p1a: Mamoswine
|-start|p1a: Mamoswine|move: Leech Seed
|move|p1a: Mamoswine|Icicle Crash|p2a: Venusaur
|-supereffective|p2a: Venusaur
|-damage|p2a: Venusaur|44\/364
|
|-heal|p1a: Mamoswine|330\/361|[from] item: Leftovers
|-damage|p1a: Mamoswine|285\/361|[from] Leech Seed|[of] p2a: Venusaur
|-heal|p2a: Venusaur|89\/364|[silent]
|turn|8
|
|move|p2a: Venusaur|Synthesis|p2a: Venusaur
|-heal|p2a: Venusaur|271\/364
|move|p1a: Mamoswine|Icicle Crash|p2a: Venusaur
|-supereffective|p2a: Venusaur
|-damage|p2a: Venusaur|109\/364
|
|-heal|p1a: Mamoswine|307\/361|[from] item: Leftovers
|-damage|p1a: Mamoswine|262\/361|[from] Leech Seed|[of] p2a: Venusaur
|-heal|p2a: Venusaur|154\/364|[silent]
|turn|9
|
|switch|p1a: Greninja|Greninja, F|286\/286
|move|p2a: Venusaur|Synthesis|p2a: Venusaur
|-heal|p2a: Venusaur|336\/364
|
|turn|10
|
|move|p1a: Greninja|Extrasensory|p2a: Venusaur
|-start|p1a: Greninja|typechange|Psychic|[from] Protean
|-supereffective|p2a: Venusaur
|-damage|p2a: Venusaur|98\/364
|move|p2a: Venusaur|Sludge Bomb|p1a: Greninja
|-damage|p1a: Greninja|106\/286
|
|turn|11
|
|switch|p2a: Greninja|Greninja, F|202\/286 par
|-damage|p2a: Greninja|167\/286 par|[from] Stealth Rock
|move|p1a: Greninja|Extrasensory|p2a: Greninja
|-immune|p2a: Greninja|[msg]
|
|turn|12
|
|move|p1a: Greninja|Dark Pulse|p2a: Greninja
|-start|p1a: Greninja|typechange|Dark|[from] Protean
|-crit|p2a: Greninja
|-resisted|p2a: Greninja
|-damage|p2a: Greninja|44\/286 par
|cant|p2a: Greninja|flinch
|
|turn|13
|
|move|p1a: Greninja|Dark Pulse|p2a: Greninja
|-resisted|p2a: Greninja
|-damage|p2a: Greninja|0 fnt
|faint|p2a: Greninja
|
|
|switch|p2a: Chansey|Chansey, F|704\/704
|-damage|p2a: Chansey|616\/704|[from] Stealth Rock
|turn|14
|
|switch|p1a: Mamoswine|Mamoswine, M|262\/361
|move|p2a: Chansey|Seismic Toss|p1a: Mamoswine
|-damage|p1a: Mamoswine|162\/361
|
|-heal|p1a: Mamoswine|184\/361|[from] item: Leftovers
|turn|15
|
|move|p1a: Mamoswine|Icicle Crash|p2a: Chansey
|-damage|p2a: Chansey|408\/704
|cant|p2a: Chansey|flinch
|
|-heal|p1a: Mamoswine|206\/361|[from] item: Leftovers
|turn|16
|
|move|p1a: Mamoswine|Earthquake|p2a: Chansey
|-damage|p2a: Chansey|171\/704
|move|p2a: Chansey|Soft-Boiled|p2a: Chansey
|-heal|p2a: Chansey|523\/704
|
|-heal|p1a: Mamoswine|228\/361|[from] item: Leftovers
|turn|17
|
|switch|p2a: Starmie|Starmie|324\/324
|-damage|p2a: Starmie|284\/324|[from] Stealth Rock
|move|p1a: Mamoswine|Earthquake|p2a: Starmie
|-damage|p2a: Starmie|56\/324
|
|-heal|p2a: Starmie|76\/324|[from] item: Leftovers
|-heal|p1a: Mamoswine|250\/361|[from] item: Leftovers
|turn|18
|
|move|p2a: Starmie|Rapid Spin|p1a: Mamoswine
|-damage|p1a: Mamoswine|237\/361
|-sideend|p2: Mikasa1337|Stealth Rock|[from] move: Rapid Spin|[of] p2a: Starmie
|move|p1a: Mamoswine|Earthquake|p2a: Starmie
|-damage|p2a: Starmie|0 fnt
|faint|p2a: Starmie
|
|-heal|p1a: Mamoswine|259\/361|[from] item: Leftovers
|
|switch|p2a: Venusaur|Venusaur-Mega, F|98\/364
|turn|19
|
|move|p1a: Mamoswine|Ice Shard|p2a: Venusaur
|-supereffective|p2a: Venusaur
|-damage|p2a: Venusaur|20\/364
|move|p2a: Venusaur|Synthesis|p2a: Venusaur
|-heal|p2a: Venusaur|202\/364
|
|-heal|p1a: Mamoswine|281\/361|[from] item: Leftovers
|turn|20
|
|move|p2a: Venusaur|Synthesis|p2a: Venusaur
|-heal|p2a: Venusaur|364\/364
|move|p1a: Mamoswine|Stealth Rock|p2a: Venusaur
|-sidestart|p2: Mikasa1337|move: Stealth Rock
|
|-heal|p1a: Mamoswine|303\/361|[from] item: Leftovers
|turn|21
|
|move|p2a: Venusaur|Sludge Bomb|p1a: Mamoswine
|-resisted|p1a: Mamoswine
|-damage|p1a: Mamoswine|232\/361
|move|p1a: Mamoswine|Icicle Crash|p2a: Venusaur
|-supereffective|p2a: Venusaur
|-damage|p2a: Venusaur|200\/364
|
|-heal|p1a: Mamoswine|254\/361|[from] item: Leftovers
|turn|22
|
|switch|p1a: Charizard|Charizard, F|298\/298
|move|p2a: Venusaur|Leech Seed|p1a: Charizard
|-start|p1a: Charizard|move: Leech Seed
|
|-damage|p1a: Charizard|261\/298|[from] Leech Seed|[of] p2a: Venusaur
|-heal|p2a: Venusaur|237\/364|[silent]
|turn|23
|
|detailschange|p1a: Charizard|Charizard-Mega-Y, F
|message|Charizard has Mega Evolved into Mega Charizard!
|-weather|SunnyDay
|move|p1a: Charizard|Fire Blast|p2a: Venusaur|[miss]
|-miss|p1a: Charizard|p2a: Venusaur
|move|p2a: Venusaur|Sludge Bomb|p1a: Charizard
|-damage|p1a: Charizard|158\/298
|
|-weather|SunnyDay|[upkeep]
|-damage|p1a: Charizard|121\/298|[from] Leech Seed|[of] p2a: Venusaur
|-heal|p2a: Venusaur|274\/364|[silent]
|turn|24
|
|move|p1a: Charizard|Fire Blast|p2a: Venusaur
|-supereffective|p2a: Venusaur
|-damage|p2a: Venusaur|44\/364
|move|p2a: Venusaur|Sludge Bomb|p1a: Charizard
|-damage|p1a: Charizard|16\/298
|
|-weather|SunnyDay|[upkeep]
|-damage|p1a: Charizard|0 fnt|[from] Leech Seed|[of] p2a: Venusaur
|-heal|p2a: Venusaur|60\/364|[silent]
|faint|p1a: Charizard
|
|switch|p1a: Mamoswine|Mamoswine, M|254\/361
|turn|25
|
|move|p1a: Mamoswine|Ice Shard|p2a: Venusaur
|-supereffective|p2a: Venusaur
|-damage|p2a: Venusaur|0 fnt
|faint|p2a: Venusaur
|
|-weather|SunnyDay|[upkeep]
|-heal|p1a: Mamoswine|276\/361|[from] item: Leftovers
|
|switch|p2a: Chansey|Chansey, F|523\/704
|-damage|p2a: Chansey|435\/704|[from] Stealth Rock
|turn|26
|
|move|p1a: Mamoswine|Earthquake|p2a: Chansey
|-damage|p2a: Chansey|176\/704
|move|p2a: Chansey|Seismic Toss|p1a: Mamoswine
|-damage|p1a: Mamoswine|176\/361
|
|-weather|SunnyDay|[upkeep]
|-heal|p1a: Mamoswine|198\/361|[from] item: Leftovers
|turn|27
|
|switch|p2a: Landorus-Therian|Landorus-Therian, M|330\/330
|-damage|p2a: Landorus-Therian|289\/330|[from] Stealth Rock
|-ability|p2a: Landorus-Therian|Intimidate|[of] p1a: Mamoswine
|-unboost|p1a: Mamoswine|atk|1
|move|p1a: Mamoswine|Earthquake|p2a: Landorus-Therian
|-immune|p2a: Landorus-Therian|[msg]
|
|-weather|none
|-heal|p1a: Mamoswine|220\/361|[from] item: Leftovers
|turn|28
|
|move|p2a: Landorus-Therian|Earthquake|p1a: Mamoswine
|-damage|p1a: Mamoswine|0 fnt
|faint|p1a: Mamoswine
|
|
|switch|p1a: Greninja|Greninja, F|106\/286
|turn|29
|
|move|p2a: Landorus-Therian|Earthquake|p1a: Greninja
|-damage|p1a: Greninja|0 fnt
|faint|p1a: Greninja
|
|
|switch|p1a: Azumarill|Azumarill, M|401\/401
|turn|30
|
|switch|p2a: Garchomp|Garchomp, F|358\/358
|-damage|p2a: Garchomp|336\/358|[from] Stealth Rock
|move|p1a: Azumarill|Waterfall|p2a: Garchomp
|-crit|p2a: Garchomp
|-damage|p2a: Garchomp|48\/358
|-damage|p1a: Azumarill|351\/401|[from] ability: Rough Skin|[of] p2a: Garchomp
|-damage|p1a: Azumarill|285\/401|[from] item: Rocky Helmet|[of] p2a: Garchomp
|
|turn|31
|c|âMikasa1337|.....................................
|
|move|p1a: Azumarill|Aqua Jet|p2a: Garchomp
|-damage|p2a: Garchomp|0 fnt
|-damage|p1a: Azumarill|235\/401|[from] ability: Rough Skin|[of] p2a: Garchomp
|-damage|p1a: Azumarill|169\/401|[from] item: Rocky Helmet|[of] p2a: Garchomp
|faint|p2a: Garchomp
|
|
|switch|p2a: Landorus-Therian|Landorus-Therian, M|289\/330
|-damage|p2a: Landorus-Therian|248\/330|[from] Stealth Rock
|-ability|p2a: Landorus-Therian|Intimidate|[of] p1a: Azumarill
|-unboost|p1a: Azumarill|atk|1
|turn|32
|
|move|p1a: Azumarill|Aqua Jet|p2a: Landorus-Therian
|-supereffective|p2a: Landorus-Therian
|-damage|p2a: Landorus-Therian|122\/330
|move|p2a: Landorus-Therian|Earthquake|p1a: Azumarill
|-damage|p1a: Azumarill|0 fnt
|faint|p1a: Azumarill
|
|
|switch|p1a: Excadrill|Excadrill, F|362\/362
|-ability|p1a: Excadrill|Mold Breaker
|turn|33
|
|move|p2a: Landorus-Therian|Earthquake|p1a: Excadrill
|-supereffective|p1a: Excadrill
|-enditem|p1a: Excadrill|Focus Sash
|-damage|p1a: Excadrill|1\/362
|move|p1a: Excadrill|Iron Head|p2a: Landorus-Therian
|-damage|p2a: Landorus-Therian|0 fnt
|faint|p2a: Landorus-Therian
|
|
|switch|p2a: Chansey|Chansey, F|176\/704
|-damage|p2a: Chansey|88\/704|[from] Stealth Rock
|turn|34
|
|move|p1a: Excadrill|Earthquake|p2a: Chansey
|-damage|p2a: Chansey|0 fnt
|faint|p2a: Chansey
|
|win|PitchDarkSky
|raw|Ladder updating...
|raw|PitchDarkSky's rating: 1432 &rarr; <strong>1455<\/strong><br \/>(+23 for winning)
|raw|Mikasa1337's rating: 1472 &rarr; <strong>1450<\/strong><br \/>(-22 for losing)