|join|mikasa1337
|join|Gold-PM
|player|p1|mikasa1337|102
|player|p2|Gold-PM|92
|gametype|singles
|gen|6
|tier|OU
|rated
|clearpoke
|poke|p1|Kyurem-Black
|poke|p1|Talonflame, M
|poke|p1|Scizor, M
|poke|p1|Rotom-Wash
|poke|p1|Garchomp, F
|poke|p1|Tyranitar, M
|poke|p2|Talonflame, M
|poke|p2|Mandibuzz, F
|poke|p2|Blissey, F
|poke|p2|Manectric, M
|poke|p2|Gastrodon, F
|poke|p2|Excadrill, M
|rule|Sleep Clause Mod: Limit one foe put to sleep
|rule|Species Clause: Limit one of each Pokemon
|rule|OHKO Clause: OHKO moves are banned
|rule|Moody Clause: Moody is banned
|rule|Evasion Moves Clause: Evasion moves are banned
|rule|Endless Battle Clause: Forcing endless battles is banned.
|rule|HP Percentage Mod: HP is reported as percentages
|teampreview
|join|Travvy321
|
|start
|switch|p1a: Talonflame|Talonflame, M|298\/298
|switch|p2a: Manectric|Manectric, M|281\/281
|turn|1
|join|OpieOPTooOP
|
|detailschange|p2a: Manectric|Manectric-Mega, M
|message|Manectric has Mega Evolved into Mega Manectric!
|-ability|p2a: Manectric|Intimidate|[of] p1a: Talonflame
|-unboost|p1a: Talonflame|atk|1
|move|p1a: Talonflame|U-turn|p2a: Manectric
|-damage|p2a: Manectric|205\/281
|
|switch|p1a: Garchomp|Garchomp, F|420\/420
|move|p2a: Manectric|Volt Switch|p1a: Garchomp
|-immune|p1a: Garchomp|[msg]
|
|turn|2
|
|detailschange|p1a: Garchomp|Garchomp-Mega, F
|message|Garchomp has Mega Evolved into Mega Garchomp!
|move|p2a: Manectric|Hidden Power|p1a: Garchomp
|-supereffective|p1a: Garchomp
|-damage|p1a: Garchomp|120\/420
|move|p1a: Garchomp|Earthquake|p2a: Manectric
|-supereffective|p2a: Manectric
|-damage|p2a: Manectric|0 fnt
|faint|p2a: Manectric
|
|
|switch|p2a: Talonflame|Talonflame, M|298\/298
|turn|3
|
|move|p2a: Talonflame|Brave Bird|p1a: Garchomp
|-damage|p1a: Garchomp|0 fnt
|-damage|p2a: Talonflame|258\/298|[from] recoil|[of] p1a: Garchomp
|faint|p1a: Garchomp
|
|
|switch|p1a: Tyranitar|Tyranitar, M|404\/404
|-weather|Sandstorm
|turn|4
|
|move|p1a: Tyranitar|Pursuit|p2a: Talonflame|[from]Pursuit
|-crit|p2a: Talonflame
|-damage|p2a: Talonflame|35\/298
|switch|p2a: Gastrodon|Gastrodon, F|426\/426
|
|-weather|Sandstorm|[upkeep]
|turn|5
|
|move|p1a: Tyranitar|Crunch|p2a: Gastrodon
|-damage|p2a: Gastrodon|312\/426
|move|p2a: Gastrodon|Scald|p1a: Tyranitar
|-supereffective|p1a: Tyranitar
|-damage|p1a: Tyranitar|318\/404
|-enditem|p1a: Tyranitar|Weakness Policy
|-boost|p1a: Tyranitar|atk|2|[from] item: Weakness Policy
|-boost|p1a: Tyranitar|spa|2|[from] item: Weakness Policy
|
|-weather|Sandstorm|[upkeep]
|-heal|p2a: Gastrodon|338\/426|[from] item: Leftovers
|turn|6
|
|move|p1a: Tyranitar|Crunch|p2a: Gastrodon
|-damage|p2a: Gastrodon|122\/426
|move|p2a: Gastrodon|Toxic|p1a: Tyranitar
|-status|p1a: Tyranitar|tox
|
|-weather|Sandstorm|[upkeep]
|-heal|p2a: Gastrodon|148\/426|[from] item: Leftovers
|-damage|p1a: Tyranitar|293\/404 tox|[from] psn
|turn|7
|
|switch|p2a: Mandibuzz|Mandibuzz, F|424\/424
|move|p1a: Tyranitar|Ice Beam|p2a: Mandibuzz
|-supereffective|p2a: Mandibuzz
|-damage|p2a: Mandibuzz|138\/424
|
|-weather|Sandstorm|[upkeep]
|-heal|p2a: Mandibuzz|164\/424|[from] item: Leftovers
|-damage|p1a: Tyranitar|243\/404 tox|[from] psn
|turn|8
|
|move|p2a: Mandibuzz|Roost|p2a: Mandibuzz
|-heal|p2a: Mandibuzz|376\/424
|move|p1a: Tyranitar|Ice Beam|p2a: Mandibuzz
|-damage|p2a: Mandibuzz|245\/424
|
|-weather|none
|-heal|p2a: Mandibuzz|271\/424|[from] item: Leftovers
|-damage|p1a: Tyranitar|168\/404 tox|[from] psn
|turn|9
|
|switch|p1a: Rotom-Wash|Rotom-Wash|304\/304
|move|p2a: Mandibuzz|Roost|p2a: Mandibuzz
|-heal|p2a: Mandibuzz|424\/424
|
|turn|10
|
|move|p1a: Rotom-Wash|Will-O-Wisp|p2a: Mandibuzz
|-status|p2a: Mandibuzz|brn
|move|p2a: Mandibuzz|Knock Off|p1a: Rotom-Wash
|-damage|p1a: Rotom-Wash|276\/304
|-enditem|p1a: Rotom-Wash|Chesto Berry|[from] move: Knock Off|[of] p2a: Mandibuzz
|
|-damage|p2a: Mandibuzz|371\/424 brn|[from] brn
|turn|11
|
|switch|p2a: Gastrodon|Gastrodon, F|148\/426
|move|p1a: Rotom-Wash|Hydro Pump|p2a: Gastrodon
|-boost|p2a: Gastrodon|spa|1|[from] ability: Storm Drain
|
|-heal|p2a: Gastrodon|174\/426|[from] item: Leftovers
|turn|12
|
|move|p1a: Rotom-Wash|Will-O-Wisp|p2a: Gastrodon
|-status|p2a: Gastrodon|brn
|move|p2a: Gastrodon|Recover|p2a: Gastrodon
|-heal|p2a: Gastrodon|387\/426 brn
|
|-heal|p2a: Gastrodon|413\/426 brn|[from] item: Leftovers
|-damage|p2a: Gastrodon|360\/426 brn|[from] brn
|turn|13
|
|switch|p1a: Scizor|Scizor, M|344\/344
|move|p2a: Gastrodon|Toxic|p1a: Scizor
|-fail|p1a: Scizor
|
|-heal|p2a: Gastrodon|386\/426 brn|[from] item: Leftovers
|-damage|p2a: Gastrodon|333\/426 brn|[from] brn
|turn|14
|
|move|p1a: Scizor|X-Scissor|p2a: Gastrodon
|-damage|p2a: Gastrodon|200\/426 brn
|move|p2a: Gastrodon|Scald|p1a: Scizor
|-damage|p1a: Scizor|181\/344
|
|-heal|p2a: Gastrodon|226\/426 brn|[from] item: Leftovers
|-damage|p2a: Gastrodon|173\/426 brn|[from] brn
|turn|15
|
|move|p1a: Scizor|X-Scissor|p2a: Gastrodon
|-damage|p2a: Gastrodon|38\/426 brn
|move|p2a: Gastrodon|Recover|p2a: Gastrodon
|-heal|p2a: Gastrodon|251\/426 brn
|
|-heal|p2a: Gastrodon|277\/426 brn|[from] item: Leftovers
|-damage|p2a: Gastrodon|224\/426 brn|[from] brn
|turn|16
|
|move|p1a: Scizor|Swords Dance|p1a: Scizor
|-boost|p1a: Scizor|atk|2
|move|p2a: Gastrodon|Recover|p2a: Gastrodon
|-heal|p2a: Gastrodon|426\/426 brn
|
|-damage|p2a: Gastrodon|373\/426 brn|[from] brn
|turn|17
|
|move|p1a: Scizor|X-Scissor|p2a: Gastrodon
|-damage|p2a: Gastrodon|63\/426 brn
|move|p2a: Gastrodon|Scald|p1a: Scizor
|-damage|p1a: Scizor|36\/344
|-status|p1a: Scizor|brn
|-enditem|p1a: Scizor|Lum Berry|[eat]
|-curestatus|p1a: Scizor|brn
|
|-heal|p2a: Gastrodon|89\/426 brn|[from] item: Leftovers
|-damage|p2a: Gastrodon|36\/426 brn|[from] brn
|turn|18
|
|move|p1a: Scizor|Bullet Punch|p2a: Gastrodon
|-resisted|p2a: Gastrodon
|-damage|p2a: Gastrodon|0 fnt
|faint|p2a: Gastrodon
|
|
|switch|p2a: Talonflame|Talonflame, M|35\/298
|turn|19
|
|switch|p1a: Tyranitar|Tyranitar, M|168\/404 tox
|-weather|Sandstorm
|move|p2a: Talonflame|Brave Bird|p1a: Tyranitar
|-resisted|p1a: Tyranitar
|-damage|p1a: Tyranitar|51\/404 tox
|-damage|p2a: Talonflame|0 fnt|[from] recoil|[of] p1a: Tyranitar
|faint|p2a: Talonflame
|
|-weather|Sandstorm|[upkeep]
|-damage|p1a: Tyranitar|26\/404 tox|[from] psn
|
|switch|p2a: Excadrill|Excadrill, M|362\/362
|-ability|p2a: Excadrill|Mold Breaker
|turn|20
|
|move|p2a: Excadrill|Rock Slide|p1a: Tyranitar
|-damage|p1a: Tyranitar|0 fnt
|faint|p1a: Tyranitar
|
|-weather|Sandstorm|[upkeep]
|
|switch|p1a: Talonflame|Talonflame, M|298\/298
|turn|21
|
|move|p2a: Excadrill|Rock Slide|p1a: Talonflame
|-supereffective|p1a: Talonflame
|-damage|p1a: Talonflame|0 fnt
|faint|p1a: Talonflame
|
|-weather|Sandstorm|[upkeep]
|
|switch|p1a: Rotom-Wash|Rotom-Wash|276\/304
|turn|22
|
|switch|p2a: Blissey|Blissey, F|714\/714
|move|p1a: Rotom-Wash|Volt Switch|p2a: Blissey
|-damage|p2a: Blissey|641\/714
|
|switch|p1a: Scizor|Scizor, M|36\/344
|
|-weather|Sandstorm|[upkeep]
|-damage|p2a: Blissey|597\/714|[from] sandstorm
|-heal|p2a: Blissey|641\/714|[from] item: Leftovers
|turn|23
|
|move|p1a: Scizor|X-Scissor|p2a: Blissey
|-damage|p2a: Blissey|344\/714
|move|p2a: Blissey|Seismic Toss|p1a: Scizor
|-damage|p1a: Scizor|0 fnt
|faint|p1a: Scizor
|
|-weather|none
|-heal|p2a: Blissey|388\/714|[from] item: Leftovers
|chat|OpieOPTooOP|Burn the scizor :]
|
|switch|p1a: Kyurem-Black|Kyurem-Black|392\/392
|-ability|p1a: Kyurem-Black|Teravolt
|turn|24
|chat|OpieOPTooOP|Kappa
|
|move|p1a: Kyurem-Black|Outrage|p2a: Blissey
|-damage|p2a: Blissey|0 fnt
|faint|p2a: Blissey
|
|
|switch|p2a: Excadrill|Excadrill, M|362\/362
|-ability|p2a: Excadrill|Mold Breaker
|turn|25
|
|move|p2a: Excadrill|Iron Head|p1a: Kyurem-Black
|-supereffective|p1a: Kyurem-Black
|-damage|p1a: Kyurem-Black|110\/392
|move|p1a: Kyurem-Black|Outrage|p2a: Excadrill
|-resisted|p2a: Excadrill
|-damage|p2a: Excadrill|207\/362
|
|turn|26
|
|move|p2a: Excadrill|Iron Head|p1a: Kyurem-Black
|-supereffective|p1a: Kyurem-Black
|-damage|p1a: Kyurem-Black|0 fnt
|faint|p1a: Kyurem-Black
|
|
|switch|p1a: Rotom-Wash|Rotom-Wash|276\/304
|turn|27
|
|switch|p2a: Mandibuzz|Mandibuzz, F|371\/424 brn
|move|p1a: Rotom-Wash|Hydro Pump|p2a: Mandibuzz|[miss]
|-miss|p1a: Rotom-Wash|p2a: Mandibuzz
|
|-heal|p2a: Mandibuzz|397\/424 brn|[from] item: Leftovers
|-damage|p2a: Mandibuzz|344\/424 brn|[from] brn
|turn|28
|
|move|p1a: Rotom-Wash|Volt Switch|p2a: Mandibuzz
|-supereffective|p2a: Mandibuzz
|-damage|p2a: Mandibuzz|176\/424 brn
|move|p2a: Mandibuzz|Knock Off|p1a: Rotom-Wash
|-damage|p1a: Rotom-Wash|255\/304
|
|-heal|p2a: Mandibuzz|202\/424 brn|[from] item: Leftovers
|-damage|p2a: Mandibuzz|149\/424 brn|[from] brn
|turn|29
|
|move|p1a: Rotom-Wash|Volt Switch|p2a: Mandibuzz
|-supereffective|p2a: Mandibuzz
|-damage|p2a: Mandibuzz|0 fnt
|faint|p2a: Mandibuzz
|
|
|switch|p2a: Excadrill|Excadrill, M|207\/362
|-ability|p2a: Excadrill|Mold Breaker
|turn|30
|
|move|p2a: Excadrill|Earthquake|p1a: Rotom-Wash
|-supereffective|p1a: Rotom-Wash
|-damage|p1a: Rotom-Wash|9\/304
|move|p1a: Rotom-Wash|Hydro Pump|p2a: Excadrill
|-supereffective|p2a: Excadrill
|-damage|p2a: Excadrill|0 fnt
|faint|p2a: Excadrill
|
|win|mikasa1337
|raw|Ladder updating...
|raw|mikasa1337's rating: 1581 &rarr; <strong>1600<\/strong><br \/>(+19 for winning)
|raw|Gold-PM's rating: 1565 &rarr; <strong>1546<\/strong><br \/>(-19 for losing)
|chat|mikasa1337|that clutc htho
|leave|Gold-PM
|player|p2
|leave|OpieOPTooOP
|leave|mikasa1337
|player|p1