|join|TheHappening
|join|mikasa1337
|player|p1|TheHappening|226
|player|p2|mikasa1337|1
|gametype|singles
|gen|6
|tier|OU
|rated
|clearpoke
|poke|p1|Alakazam, M
|poke|p1|Talonflame, M
|poke|p1|Chesnaught, F
|poke|p1|Tyranitar, F
|poke|p1|Excadrill, M
|poke|p1|Jellicent, F
|poke|p2|Charizard, M
|poke|p2|Landorus, M
|poke|p2|Azumarill, M
|poke|p2|Garchomp, M
|poke|p2|Tyranitar, M
|poke|p2|Sableye, M
|rule|Swagger Clause: Swagger is banned
|rule|Baton Pass Clause: Limit one PokÃ©mon knowing Baton Pass
|rule|Sleep Clause Mod: Limit one foe put to sleep
|rule|Species Clause: Limit one of each PokÃ©mon
|rule|OHKO Clause: OHKO moves are banned
|rule|Moody Clause: Moody is banned
|rule|Evasion Moves Clause: Evasion moves are banned
|rule|Endless Battle Clause: Forcing endless battles is banned
|rule|HP Percentage Mod: HP is shown in percentages
|teampreview
|c|âmikasa1337|good movie
|
|start
|switch|p1a: Talonflame|Talonflame, M|298\/298
|switch|p2a: Landorus|Landorus, M|320\/320
|turn|1
|
|switch|p2a: Garchomp|Garchomp, M|420\/420
|move|p1a: Talonflame|U-turn|p2a: Garchomp
|-damage|p2a: Garchomp|347\/420
|-damage|p1a: Talonflame|261\/298|[from] ability: Rough Skin|[of] p2a: Garchomp
|-damage|p1a: Talonflame|212\/298|[from] item: Rocky Helmet|[of] p2a: Garchomp
|
|switch|p1a: Jellicent|Jellicent, F|404\/404
|
|turn|2
|
|switch|p2a: Tyranitar|Tyranitar, M|404\/404
|-weather|Sandstorm
|move|p1a: Jellicent|Will-O-Wisp|p2a: Tyranitar
|-status|p2a: Tyranitar|brn
|
|-weather|Sandstorm|[upkeep]
|-damage|p1a: Jellicent|379\/404|[from] sandstorm
|-heal|p1a: Jellicent|404\/404|[from] item: Leftovers
|-damage|p2a: Tyranitar|354\/404 brn|[from] brn
|turn|3
|
|move|p2a: Tyranitar|Dark Pulse|p1a: Jellicent
|-supereffective|p1a: Jellicent
|-damage|p1a: Jellicent|194\/404
|move|p1a: Jellicent|Taunt|p2a: Tyranitar
|-start|p2a: Tyranitar|move: Taunt
|
|-weather|Sandstorm|[upkeep]
|-damage|p1a: Jellicent|169\/404|[from] sandstorm
|-heal|p1a: Jellicent|194\/404|[from] item: Leftovers
|-damage|p2a: Tyranitar|304\/404 brn|[from] brn
|turn|4
|
|switch|p1a: Tyranitar|Tyranitar, F|404\/404
|move|p2a: Tyranitar|Fire Blast|p1a: Tyranitar
|-resisted|p1a: Tyranitar
|-damage|p1a: Tyranitar|381\/404
|
|-weather|Sandstorm|[upkeep]
|-damage|p2a: Tyranitar|254\/404 brn|[from] brn
|turn|5
|
|detailschange|p1a: Tyranitar|Tyranitar-Mega, F
|message|Tyranitar has Mega Evolved into Mega Tyranitar!
|move|p2a: Tyranitar|Earth Power|p1a: Tyranitar
|-supereffective|p1a: Tyranitar
|-damage|p1a: Tyranitar|311\/404
|move|p1a: Tyranitar|Stealth Rock|p2a: Tyranitar
|-sidestart|p2: mikasa1337|move: Stealth Rock
|
|-weather|Sandstorm|[upkeep]
|-damage|p2a: Tyranitar|204\/404 brn|[from] brn
|turn|6
|
|switch|p2a: Sableye|Sableye, M|304\/304
|-damage|p2a: Sableye|266\/304|[from] Stealth Rock
|move|p1a: Tyranitar|Stone Edge|p2a: Sableye|[miss]
|-miss|p1a: Tyranitar|p2a: Sableye
|
|-weather|none
|-heal|p2a: Sableye|285\/304|[from] item: Leftovers
|turn|7
|
|switch|p1a: Talonflame|Talonflame, M|212\/298
|move|p2a: Sableye|Toxic|p1a: Talonflame
|-status|p1a: Talonflame|tox
|
|-heal|p2a: Sableye|304\/304|[from] item: Leftovers
|-damage|p1a: Talonflame|194\/298 tox|[from] psn
|turn|8
|
|move|p1a: Talonflame|Brave Bird|p2a: Sableye
|-damage|p2a: Sableye|75\/304
|-damage|p1a: Talonflame|118\/298 tox|[from] recoil|[of] p2a: Sableye
|move|p2a: Sableye|Will-O-Wisp|p1a: Talonflame
|-fail|p1a: Talonflame
|
|-heal|p2a: Sableye|94\/304|[from] item: Leftovers
|-damage|p1a: Talonflame|82\/298 tox|[from] psn
|turn|9
|
|move|p1a: Talonflame|Brave Bird|p2a: Sableye
|-damage|p2a: Sableye|0 fnt
|-damage|p1a: Talonflame|51\/298 tox|[from] recoil|[of] p2a: Sableye
|faint|p2a: Sableye
|
|-damage|p1a: Talonflame|0 fnt|[from] psn
|faint|p1a: Talonflame
|
|switch|p2a: Landorus|Landorus, M|320\/320
|-damage|p2a: Landorus|280\/320|[from] Stealth Rock
|switch|p1a: Chesnaught|Chesnaught, F|380\/380
|turn|10
|
|move|p2a: Landorus|Psychic|p1a: Chesnaught
|-supereffective|p1a: Chesnaught
|-damage|p1a: Chesnaught|0 fnt
|faint|p1a: Chesnaught
|
|
|switch|p1a: Alakazam|Alakazam, M|252\/252
|turn|11
|
|move|p1a: Alakazam|Hidden Power|p2a: Landorus
|-supereffective|p2a: Landorus
|-damage|p2a: Landorus|0 fnt
|faint|p2a: Landorus
|
|
|switch|p2a: Azumarill|Azumarill, M|404\/404
|-damage|p2a: Azumarill|354\/404|[from] Stealth Rock
|turn|12
|
|switch|p1a: Jellicent|Jellicent, F|194\/404
|move|p2a: Azumarill|Play Rough|p1a: Jellicent
|-damage|p1a: Jellicent|16\/404
|
|-heal|p1a: Jellicent|41\/404|[from] item: Leftovers
|turn|13
|
|move|p1a: Jellicent|Recover|p1a: Jellicent
|-heal|p1a: Jellicent|243\/404
|move|p2a: Azumarill|Play Rough|p1a: Jellicent
|-crit|p1a: Jellicent
|-damage|p1a: Jellicent|0 fnt
|faint|p1a: Jellicent
|
|
|switch|p1a: Alakazam|Alakazam, M|252\/252
|turn|14
|
|switch|p1a: Excadrill|Excadrill, M|362\/362
|move|p2a: Azumarill|Play Rough|p1a: Excadrill
|-resisted|p1a: Excadrill
|-damage|p1a: Excadrill|221\/362
|
|turn|15
|
|move|p1a: Excadrill|Earthquake|p2a: Azumarill
|-damage|p2a: Azumarill|56\/404
|-damage|p1a: Excadrill|185\/362|[from] item: Life Orb
|move|p2a: Azumarill|Waterfall|p1a: Excadrill
|-supereffective|p1a: Excadrill
|-damage|p1a: Excadrill|0 fnt
|faint|p1a: Excadrill
|
|
|switch|p1a: Alakazam|Alakazam, M|252\/252
|turn|16
|
|move|p2a: Azumarill|Aqua Jet|p1a: Alakazam
|-damage|p1a: Alakazam|81\/252
|move|p1a: Alakazam|Psyshock|p2a: Azumarill
|-damage|p2a: Azumarill|0 fnt
|faint|p2a: Azumarill
|
|
|switch|p2a: Tyranitar|Tyranitar, M|204\/404 brn
|-damage|p2a: Tyranitar|154\/404 brn|[from] Stealth Rock
|-weather|Sandstorm
|turn|17
|
|switch|p1a: Tyranitar|Tyranitar-Mega, F|311\/404
|move|p2a: Tyranitar|Earth Power|p1a: Tyranitar
|-supereffective|p1a: Tyranitar
|-damage|p1a: Tyranitar|239\/404
|
|-weather|Sandstorm|[upkeep]
|-damage|p2a: Tyranitar|104\/404 brn|[from] brn
|turn|18
|
|move|p1a: Tyranitar|Stone Edge|p2a: Tyranitar|[miss]
|-miss|p1a: Tyranitar|p2a: Tyranitar
|move|p2a: Tyranitar|Earth Power|p1a: Tyranitar
|-supereffective|p1a: Tyranitar
|-damage|p1a: Tyranitar|167\/404
|
|-weather|Sandstorm|[upkeep]
|-damage|p2a: Tyranitar|54\/404 brn|[from] brn
|turn|19
|
|move|p1a: Tyranitar|Stone Edge|p2a: Tyranitar
|-damage|p2a: Tyranitar|0 fnt
|faint|p2a: Tyranitar
|
|-weather|Sandstorm|[upkeep]
|
|switch|p2a: Charizard|Charizard, M|298\/298
|-damage|p2a: Charizard|149\/298|[from] Stealth Rock
|turn|20
|
|detailschange|p2a: Charizard|Charizard-Mega-X, M
|message|Charizard has Mega Evolved into Mega Charizard!
|move|p2a: Charizard|Brick Break|p1a: Tyranitar
|-supereffective|p1a: Tyranitar
|-damage|p1a: Tyranitar|0 fnt
|faint|p1a: Tyranitar
|
|-weather|Sandstorm|[upkeep]
|-damage|p2a: Charizard|131\/298|[from] sandstorm
|
|switch|p1a: Alakazam|Alakazam, M|81\/252
|turn|21
|
|move|p1a: Alakazam|Psyshock|p2a: Charizard
|-damage|p2a: Charizard|0 fnt
|faint|p2a: Charizard
|
|-weather|none
|
|switch|p2a: Garchomp|Garchomp, M|347\/420
|-damage|p2a: Garchomp|321\/420|[from] Stealth Rock
|turn|22
|
|move|p1a: Alakazam|Hidden Power|p2a: Garchomp
|-supereffective|p2a: Garchomp
|-damage|p2a: Garchomp|0 fnt
|faint|p2a: Garchomp
|
|win|TheHappening
|raw|Ladder updating...
|raw|TheHappening's rating: 1466 &rarr; <strong>1487<\/strong><br \/>(+21 for winning)
|raw|mikasa1337's rating: 1476 &rarr; <strong>1455<\/strong><br \/>(-21 for losing)
|c|âmikasa1337|lucky bitch
|c|âTheHappening|yes
|c|âTheHappening|gg
|c|âmikasa1337|i'm sorry