|join|Mikasa1337
|join|Maxpoxer
|player|p1|Mikasa1337|1
|player|p2|Maxpoxer|1
|gametype|singles
|gen|6
|tier|OU
|rated
|clearpoke
|poke|p1|Azelf
|poke|p1|Smeargle, M
|poke|p1|Whimsicott, F
|poke|p1|Thundurus, M
|poke|p1|Espeon, F
|poke|p1|Charizard, F
|poke|p2|Charizard, M, shiny
|poke|p2|Azumarill, F, shiny
|poke|p2|Ferrothorn, M, shiny
|poke|p2|Greninja, M, shiny
|poke|p2|Latias, F, shiny
|poke|p2|Terrakion, shiny
|rule|Swagger Clause: Swagger is banned
|rule|Baton Pass Clause: Limit one PokÃ©mon knowing Baton Pass
|rule|Sleep Clause Mod: Limit one foe put to sleep
|rule|Species Clause: Limit one of each PokÃ©mon
|rule|OHKO Clause: OHKO moves are banned
|rule|Moody Clause: Moody is banned
|rule|Evasion Moves Clause: Evasion moves are banned
|rule|Endless Battle Clause: Forcing endless battles is banned
|rule|HP Percentage Mod: HP is shown in percentages
|teampreview
|
|start
|switch|p1a: Whimsicott|Whimsicott, F|324\/324
|switch|p2a: Greninja|Greninja, M, shiny|286\/286
|turn|1
|
|move|p1a: Whimsicott|Light Screen|p1a: Whimsicott
|-sidestart|p1: Mikasa1337|move: Light Screen
|move|p2a: Greninja|Ice Beam|p1a: Whimsicott
|-start|p2a: Greninja|typechange|Ice|[from] Protean
|-supereffective|p1a: Whimsicott
|-damage|p1a: Whimsicott|162\/324
|
|turn|2
|
|move|p1a: Whimsicott|Tailwind|p1a: Whimsicott
|-sidestart|p1: Mikasa1337|move: Tailwind
|move|p2a: Greninja|Ice Beam|p1a: Whimsicott
|-supereffective|p1a: Whimsicott
|-damage|p1a: Whimsicott|15\/324
|
|turn|3
|
|move|p1a: Whimsicott|Memento|p2a: Greninja
|-unboost|p2a: Greninja|atk|2
|-unboost|p2a: Greninja|spa|2
|faint|p1a: Whimsicott
|move|p2a: Greninja|Ice Beam|p1: Whimsicott|[notarget]
|-notarget
|
|
|switch|p1a: Smeargle|Smeargle, M|314\/314
|turn|4
|
|switch|p2a: Azumarill|Azumarill, F, shiny|404\/404
|move|p1a: Smeargle|Geomancy|p1a: Smeargle|[still]
|-prepare|p1a: Smeargle|Geomancy|p1a: Smeargle
|-enditem|p1a: Smeargle|Power Herb
|-anim|p1a: Smeargle|Geomancy|p1a: Smeargle
|-boost|p1a: Smeargle|spa|2
|-boost|p1a: Smeargle|spd|2
|-boost|p1a: Smeargle|spe|2
|
|turn|5
|
|move|p1a: Smeargle|Spore|p2a: Azumarill
|-boost|p2a: Azumarill|atk|1|[from] ability: Sap Sipper
|move|p2a: Azumarill|Play Rough|p1a: Smeargle
|-damage|p1a: Smeargle|0 fnt
|faint|p1a: Smeargle
|
|-sideend|p1: Mikasa1337|move: Light Screen
|-sideend|p1: Mikasa1337|move: Tailwind
|
|switch|p1a: Thundurus|Thundurus, M|299\/299
|turn|6
|
|move|p1a: Thundurus|Thunderbolt|p2a: Azumarill
|-supereffective|p2a: Azumarill
|-damage|p2a: Azumarill|0 fnt
|faint|p2a: Azumarill
|
|
|switch|p2a: Latias|Latias, F, shiny|302\/302
|turn|7
|
|move|p1a: Thundurus|Knock Off|p2a: Latias
|-supereffective|p2a: Latias
|-damage|p2a: Latias|81\/302
|-enditem|p2a: Latias|Leftovers|[from] move: Knock Off|[of] p1a: Thundurus
|move|p2a: Latias|Draco Meteor|p1a: Thundurus
|-crit|p1a: Thundurus
|-damage|p1a: Thundurus|0 fnt
|-unboost|p2a: Latias|spa|2
|faint|p1a: Thundurus
|
|
|switch|p1a: Espeon|Espeon, F|334\/334
|turn|8
|
|move|p2a: Latias|Psyshock|p1a: Espeon
|-resisted|p1a: Espeon
|-damage|p1a: Espeon|295\/334
|move|p1a: Espeon|Calm Mind|p1a: Espeon
|-boost|p1a: Espeon|spa|1
|-boost|p1a: Espeon|spd|1
|
|-heal|p1a: Espeon|315\/334|[from] item: Leftovers
|turn|9
|
|switch|p2a: Charizard|Charizard, M, shiny|298\/298
|move|p1a: Espeon|Calm Mind|p1a: Espeon
|-boost|p1a: Espeon|spa|1
|-boost|p1a: Espeon|spd|1
|
|-heal|p1a: Espeon|334\/334|[from] item: Leftovers
|turn|10
|
|detailschange|p2a: Charizard|Charizard-Mega-X, M, shiny
|message|Charizard has Mega Evolved into Mega Charizard!
|move|p2a: Charizard|Dragon Claw|p1a: Espeon
|-damage|p1a: Espeon|112\/334
|move|p1a: Espeon|Stored Power|p2a: Charizard
|-damage|p2a: Charizard|0 fnt
|faint|p2a: Charizard
|
|-heal|p1a: Espeon|132\/334|[from] item: Leftovers
|
|switch|p2a: Terrakion|Terrakion, shiny|323\/323
|turn|11
|
|switch|p1a: Azelf|Azelf|354\/354
|move|p2a: Terrakion|Earthquake|p1a: Azelf
|-immune|p1a: Azelf|[msg]
|
|turn|12
|
|switch|p2a: Ferrothorn|Ferrothorn, M, shiny|352\/352
|move|p1a: Azelf|Reflect|p1a: Azelf
|-sidestart|p1: Mikasa1337|Reflect
|
|turn|13
|
|move|p1a: Azelf|Taunt|p2a: Ferrothorn
|-start|p2a: Ferrothorn|move: Taunt
|move|p2a: Ferrothorn|Knock Off|p1a: Azelf
|-supereffective|p1a: Azelf
|-damage|p1a: Azelf|252\/354
|-enditem|p1a: Azelf|Light Clay|[from] move: Knock Off|[of] p2a: Ferrothorn
|
|turn|14
|
|switch|p2a: Latias|Latias, F, shiny|81\/302
|move|p1a: Azelf|Stealth Rock|p2a: Latias
|-sidestart|p2: Maxpoxer|move: Stealth Rock
|
|turn|15
|
|move|p1a: Azelf|Explosion|p2a: Latias
|-damage|p2a: Latias|0 fnt
|faint|p1a: Azelf
|faint|p2a: Latias
|
|
|switch|p2a: Terrakion|Terrakion, shiny|323\/323
|-damage|p2a: Terrakion|303\/323|[from] Stealth Rock
|switch|p1a: Charizard|Charizard, F|347\/347
|turn|16
|
|detailschange|p1a: Charizard|Charizard-Mega-X, F
|message|Charizard has Mega Evolved into Mega Charizard!
|move|p2a: Terrakion|Stone Edge|p1a: Charizard
|-supereffective|p1a: Charizard
|-damage|p1a: Charizard|179\/347
|move|p1a: Charizard|Earthquake|p2a: Terrakion
|-supereffective|p2a: Terrakion
|-damage|p2a: Terrakion|0 fnt
|faint|p2a: Terrakion
|
|
|switch|p2a: Greninja|Greninja, M, shiny|286\/286
|-damage|p2a: Greninja|251\/286|[from] Stealth Rock
|turn|17
|
|move|p2a: Greninja|Hydro Pump|p1a: Charizard
|-start|p2a: Greninja|typechange|Water|[from] Protean
|-damage|p1a: Charizard|0 fnt
|faint|p1a: Charizard
|
|
|switch|p1a: Espeon|Espeon, F|132\/334
|turn|18
|
|move|p2a: Greninja|Hydro Pump|p1a: Espeon
|-damage|p1a: Espeon|0 fnt
|faint|p1a: Espeon
|
|win|Maxpoxer
|raw|Ladder updating...
|raw|Mikasa1337's rating: 1564 &rarr; <strong>1540<\/strong><br \/>(-24 for losing)
|raw|Maxpoxer's rating: 1486 &rarr; <strong>1511<\/strong><br \/>(+25 for winning)
|leave|Mikasa1337
|player|p1