|join|mikasa1337
|join|hands free fappin
|player|p1|mikasa1337|2
|player|p2|hands free fappin|266
|gametype|singles
|gen|6
|tier|OU
|rated
|clearpoke
|poke|p1|Mawile, M
|poke|p1|Aegislash, F
|poke|p1|Landorus, M
|poke|p1|Dragonite, M
|poke|p1|Rotom-Wash
|poke|p1|Chansey, F
|poke|p2|Charizard, F
|poke|p2|Mandibuzz, F
|poke|p2|Ferrothorn, M
|poke|p2|Conkeldurr, F
|poke|p2|Aegislash, F
|poke|p2|Thundurus, M
|rule|Sleep Clause Mod: Limit one foe put to sleep
|rule|Species Clause: Limit one of each Pokemon
|rule|OHKO Clause: OHKO moves are banned
|rule|Moody Clause: Moody is banned
|rule|Evasion Moves Clause: Evasion moves are banned
|rule|Endless Battle Clause: Forcing endless battles is banned.
|rule|HP Percentage Mod: HP is reported as percentages
|teampreview
|
|start
|switch|p1a: Dragonite|Dragonite, M|324\/324
|switch|p2a: Ferrothorn|Ferrothorn, M|352\/352
|turn|1
|
|move|p1a: Dragonite|Earthquake|p2a: Ferrothorn
|-damage|p2a: Ferrothorn|272\/352
|move|p2a: Ferrothorn|Stealth Rock|p1a: Dragonite
|-sidestart|p1: mikasa1337|move: Stealth Rock
|
|turn|2
|
|switch|p1a: Mawile|Mawile, M|304\/304
|-damage|p1a: Mawile|285\/304|[from] Stealth Rock
|-ability|p1a: Mawile|Intimidate|[of] p2a: Ferrothorn
|-unboost|p2a: Ferrothorn|atk|1
|move|p2a: Ferrothorn|Leech Seed|p1a: Mawile
|-start|p1a: Mawile|move: Leech Seed
|
|-damage|p1a: Mawile|247\/304|[from] Leech Seed|[of] p2a: Ferrothorn
|-heal|p2a: Ferrothorn|310\/352|[silent]
|turn|3
|
|detailschange|p1a: Mawile|Mawile-Mega, M
|message|Mawile has Mega Evolved into Mega Mawile!
|move|p1a: Mawile|Fire Fang|p2a: Ferrothorn
|-crit|p2a: Ferrothorn
|-supereffective|p2a: Ferrothorn
|-damage|p2a: Ferrothorn|0 fnt
|-damage|p1a: Mawile|209\/304|[from] ability: Iron Barbs|[of] p2a: Ferrothorn
|-damage|p1a: Mawile|159\/304|[from] item: Rocky Helmet|[of] p2a: Ferrothorn
|faint|p2a: Ferrothorn
|
|
|switch|p2a: Conkeldurr|Conkeldurr, F|414\/414
|turn|4
|
|switch|p2a: Aegislash|Aegislash, F|324\/324
|move|p1a: Mawile|Play Rough|p2a: Aegislash
|-resisted|p2a: Aegislash
|-damage|p2a: Aegislash|225\/324
|
|-damage|p1a: Mawile|121\/304|[from] Leech Seed|[of] p2a: Aegislash
|-heal|p2a: Aegislash|263\/324|[silent]
|turn|5
|
|switch|p1a: Rotom-Wash|Rotom-Wash|304\/304
|-damage|p1a: Rotom-Wash|266\/304|[from] Stealth Rock
|-formechange|p2a: Aegislash|Aegislash-Blade
|move|p2a: Aegislash|Sacred Sword|p1a: Rotom-Wash
|-damage|p1a: Rotom-Wash|175\/304
|
|turn|6
|
|switch|p2a: Conkeldurr|Conkeldurr, F|414\/414
|move|p1a: Rotom-Wash|Hydro Pump|p2a: Conkeldurr
|-damage|p2a: Conkeldurr|278\/414
|
|turn|7
|
|move|p1a: Rotom-Wash|Volt Switch|p2a: Conkeldurr
|-damage|p2a: Conkeldurr|199\/414
|
|switch|p1a: Mawile|Mawile-Mega, M|121\/304
|-damage|p1a: Mawile|102\/304|[from] Stealth Rock
|move|p2a: Conkeldurr|Knock Off|p1a: Mawile
|-resisted|p1a: Mawile
|-damage|p1a: Mawile|65\/304
|
|turn|8
|
|switch|p2a: Aegislash|Aegislash, F|263\/324
|move|p1a: Mawile|Fire Fang|p2a: Aegislash
|-crit|p2a: Aegislash
|-supereffective|p2a: Aegislash
|-damage|p2a: Aegislash|0 fnt
|faint|p2a: Aegislash
|
|
|switch|p2a: Charizard|Charizard, F|297\/297
|turn|9
|
|switch|p1a: Chansey|Chansey, F|704\/704
|-damage|p1a: Chansey|616\/704|[from] Stealth Rock
|-weather|SunnyDay
|detailschange|p2a: Charizard|Charizard-Mega-Y, F
|message|Charizard has Mega Evolved into Mega Charizard!
|move|p2a: Charizard|Flamethrower|p1a: Chansey
|-damage|p1a: Chansey|444\/704
|
|-weather|SunnyDay|[upkeep]
|turn|10
|
|switch|p2a: Conkeldurr|Conkeldurr, F|199\/414
|move|p1a: Chansey|Toxic|p2a: Conkeldurr
|-status|p2a: Conkeldurr|tox
|
|-weather|SunnyDay|[upkeep]
|-damage|p2a: Conkeldurr|174\/414 tox|[from] psn
|turn|11
|
|move|p1a: Chansey|Seismic Toss|p2a: Conkeldurr
|-damage|p2a: Conkeldurr|74\/414 tox
|move|p2a: Conkeldurr|Knock Off|p1a: Chansey
|-damage|p1a: Chansey|173\/704
|-enditem|p1a: Chansey|Eviolite|[from] move: Knock Off|[of] p2a: Conkeldurr
|
|-weather|SunnyDay|[upkeep]
|-damage|p2a: Conkeldurr|24\/414 tox|[from] psn
|turn|12
|
|move|p2a: Conkeldurr|Mach Punch|p1a: Chansey
|-supereffective|p1a: Chansey
|-damage|p1a: Chansey|0 fnt
|faint|p1a: Chansey
|
|-weather|SunnyDay|[upkeep]
|-damage|p2a: Conkeldurr|0 fnt|[from] psn
|faint|p2a: Conkeldurr
|
|switch|p2a: Thundurus|Thundurus, M|300\/300
|switch|p1a: Mawile|Mawile-Mega, M|65\/304
|-damage|p1a: Mawile|46\/304|[from] Stealth Rock
|turn|13
|
|move|p1a: Mawile|Sucker Punch|p2a: Thundurus
|-damage|p2a: Thundurus|38\/300
|move|p2a: Thundurus|Thunderbolt|p1a: Mawile
|-damage|p1a: Mawile|0 fnt
|-damage|p2a: Thundurus|8\/300|[from] item: Life Orb
|faint|p1a: Mawile
|
|-weather|none
|
|switch|p1a: Aegislash|Aegislash, F|324\/324
|-damage|p1a: Aegislash|304\/324|[from] Stealth Rock
|turn|14
|
|switch|p2a: Mandibuzz|Mandibuzz, F|424\/424
|move|p1a: Aegislash|Substitute|p1a: Aegislash
|-start|p1a: Aegislash|Substitute
|-damage|p1a: Aegislash|223\/324
|
|-heal|p1a: Aegislash|243\/324|[from] item: Leftovers
|turn|15
|
|move|p1a: Aegislash|King's Shield|p1a: Aegislash
|-singleturn|p1a: Aegislash|Protect
|move|p2a: Mandibuzz|Foul Play|p1a: Aegislash
|-activate|p1a: Aegislash|Protect
|-unboost|p2a: Mandibuzz|atk|2
|
|-heal|p1a: Aegislash|263\/324|[from] item: Leftovers
|turn|16
|
|move|p2a: Mandibuzz|Foul Play|p1a: Aegislash
|-supereffective|p1a: Aegislash
|-end|p1a: Aegislash|Substitute
|-formechange|p1a: Aegislash|Aegislash-Blade
|move|p1a: Aegislash|Shadow Ball|p2a: Mandibuzz
|-resisted|p2a: Mandibuzz
|-damage|p2a: Mandibuzz|343\/424
|
|-heal|p2a: Mandibuzz|369\/424|[from] item: Leftovers
|-heal|p1a: Aegislash|283\/324|[from] item: Leftovers
|turn|17
|
|switch|p1a: Rotom-Wash|Rotom-Wash|175\/304
|-damage|p1a: Rotom-Wash|137\/304|[from] Stealth Rock
|move|p2a: Mandibuzz|Knock Off|p1a: Rotom-Wash
|-damage|p1a: Rotom-Wash|112\/304
|-enditem|p1a: Rotom-Wash|Chesto Berry|[from] move: Knock Off|[of] p2a: Mandibuzz
|
|-heal|p2a: Mandibuzz|395\/424|[from] item: Leftovers
|turn|18
|
|move|p1a: Rotom-Wash|Hydro Pump|p2a: Mandibuzz|[miss]
|-miss|p1a: Rotom-Wash|p2a: Mandibuzz
|move|p2a: Mandibuzz|Roost|p2a: Mandibuzz
|-heal|p2a: Mandibuzz|424\/424
|
|turn|19
|
|move|p1a: Rotom-Wash|Will-O-Wisp|p2a: Mandibuzz
|-status|p2a: Mandibuzz|brn
|move|p2a: Mandibuzz|Foul Play|p1a: Rotom-Wash
|-damage|p1a: Rotom-Wash|85\/304
|
|-damage|p2a: Mandibuzz|371\/424 brn|[from] brn
|turn|20
|
|move|p1a: Rotom-Wash|Hydro Pump|p2a: Mandibuzz
|-damage|p2a: Mandibuzz|236\/424 brn
|move|p2a: Mandibuzz|Foul Play|p1a: Rotom-Wash
|-damage|p1a: Rotom-Wash|60\/304
|
|-heal|p2a: Mandibuzz|262\/424 brn|[from] item: Leftovers
|-damage|p2a: Mandibuzz|209\/424 brn|[from] brn
|turn|21
|
|move|p1a: Rotom-Wash|Volt Switch|p2a: Mandibuzz
|-supereffective|p2a: Mandibuzz
|-damage|p2a: Mandibuzz|11\/424 brn
|
|switch|p1a: Landorus|Landorus, M|382\/382
|-damage|p1a: Landorus|335\/382|[from] Stealth Rock
|move|p2a: Mandibuzz|Roost|p2a: Mandibuzz
|-heal|p2a: Mandibuzz|223\/424 brn
|
|-heal|p2a: Mandibuzz|249\/424 brn|[from] item: Leftovers
|-damage|p2a: Mandibuzz|196\/424 brn|[from] brn
|turn|22
|
|move|p1a: Landorus|Rock Polish|p1a: Landorus
|-boost|p1a: Landorus|spe|2
|move|p2a: Mandibuzz|Roost|p2a: Mandibuzz
|-heal|p2a: Mandibuzz|408\/424 brn
|
|-heal|p2a: Mandibuzz|424\/424 brn|[from] item: Leftovers
|-damage|p2a: Mandibuzz|371\/424 brn|[from] brn
|turn|23
|
|move|p1a: Landorus|Hidden Power|p2a: Mandibuzz
|-supereffective|p2a: Mandibuzz
|-damage|p2a: Mandibuzz|225\/424 brn
|-damage|p1a: Landorus|297\/382|[from] item: Life Orb
|move|p2a: Mandibuzz|Foul Play|p1a: Landorus
|-damage|p1a: Landorus|248\/382
|
|-heal|p2a: Mandibuzz|251\/424 brn|[from] item: Leftovers
|-damage|p2a: Mandibuzz|198\/424 brn|[from] brn
|turn|24
|
|move|p1a: Landorus|Sludge Wave|p2a: Mandibuzz
|-damage|p2a: Mandibuzz|42\/424 brn
|move|p2a: Mandibuzz|Roost|p2a: Mandibuzz
|-heal|p2a: Mandibuzz|254\/424 brn
|
|-heal|p2a: Mandibuzz|280\/424 brn|[from] item: Leftovers
|-damage|p2a: Mandibuzz|227\/424 brn|[from] brn
|turn|25
|
|move|p1a: Landorus|Sludge Wave|p2a: Mandibuzz
|-crit|p2a: Mandibuzz
|-damage|p2a: Mandibuzz|18\/424 brn
|move|p2a: Mandibuzz|Roost|p2a: Mandibuzz
|-heal|p2a: Mandibuzz|230\/424 brn
|
|-heal|p2a: Mandibuzz|256\/424 brn|[from] item: Leftovers
|-damage|p2a: Mandibuzz|203\/424 brn|[from] brn
|turn|26
|
|move|p1a: Landorus|Sludge Wave|p2a: Mandibuzz
|-damage|p2a: Mandibuzz|46\/424 brn
|move|p2a: Mandibuzz|Roost|p2a: Mandibuzz
|-heal|p2a: Mandibuzz|258\/424 brn
|
|-heal|p2a: Mandibuzz|284\/424 brn|[from] item: Leftovers
|-damage|p2a: Mandibuzz|231\/424 brn|[from] brn
|turn|27
|
|move|p1a: Landorus|Sludge Wave|p2a: Mandibuzz
|-damage|p2a: Mandibuzz|95\/424 brn
|move|p2a: Mandibuzz|Roost|p2a: Mandibuzz
|-heal|p2a: Mandibuzz|307\/424 brn
|
|-heal|p2a: Mandibuzz|333\/424 brn|[from] item: Leftovers
|-damage|p2a: Mandibuzz|280\/424 brn|[from] brn
|turn|28
|
|move|p1a: Landorus|Sludge Wave|p2a: Mandibuzz
|-damage|p2a: Mandibuzz|128\/424 brn
|move|p2a: Mandibuzz|Roost|p2a: Mandibuzz
|-heal|p2a: Mandibuzz|340\/424 brn
|
|-heal|p2a: Mandibuzz|366\/424 brn|[from] item: Leftovers
|-damage|p2a: Mandibuzz|313\/424 brn|[from] brn
|turn|29
|
|move|p1a: Landorus|Sludge Wave|p2a: Mandibuzz
|-damage|p2a: Mandibuzz|169\/424 brn
|move|p2a: Mandibuzz|Roost|p2a: Mandibuzz
|-heal|p2a: Mandibuzz|381\/424 brn
|
|-heal|p2a: Mandibuzz|407\/424 brn|[from] item: Leftovers
|-damage|p2a: Mandibuzz|354\/424 brn|[from] brn
|turn|30
|
|move|p1a: Landorus|Sludge Wave|p2a: Mandibuzz
|-crit|p2a: Mandibuzz
|-damage|p2a: Mandibuzz|112\/424 brn
|move|p2a: Mandibuzz|Knock Off|p1a: Landorus
|-damage|p1a: Landorus|230\/382
|-enditem|p1a: Landorus|Life Orb|[from] move: Knock Off|[of] p2a: Mandibuzz
|
|-heal|p2a: Mandibuzz|138\/424 brn|[from] item: Leftovers
|-damage|p2a: Mandibuzz|85\/424 brn|[from] brn
|turn|31
|
|move|p1a: Landorus|Sludge Wave|p2a: Mandibuzz
|-damage|p2a: Mandibuzz|0 fnt
|faint|p2a: Mandibuzz
|
|
|switch|p2a: Charizard|Charizard-Mega-Y, F|297\/297
|-weather|SunnyDay
|turn|32
|
|move|p1a: Landorus|Sludge Wave|p2a: Charizard
|-damage|p2a: Charizard|207\/297
|move|p2a: Charizard|Flamethrower|p1a: Landorus
|-damage|p1a: Landorus|0 fnt
|faint|p1a: Landorus
|
|-weather|SunnyDay|[upkeep]
|
|switch|p1a: Dragonite|Dragonite, M|324\/324
|-damage|p1a: Dragonite|243\/324|[from] Stealth Rock
|turn|33
|
|move|p2a: Charizard|Flamethrower|p1a: Dragonite
|-resisted|p1a: Dragonite
|-damage|p1a: Dragonite|115\/324
|move|p1a: Dragonite|Dragon Dance|p1a: Dragonite
|-boost|p1a: Dragonite|atk|1
|-boost|p1a: Dragonite|spe|1
|
|-weather|SunnyDay|[upkeep]
|turn|34
|chat|mikasa1337|no dragon pulse?
|
|move|p1a: Dragonite|Dragon Claw|p2a: Charizard
|-damage|p2a: Charizard|0 fnt
|faint|p2a: Charizard
|
|-weather|SunnyDay|[upkeep]
|chat|hands free fappin|no
|
|switch|p2a: Thundurus|Thundurus, M|8\/300
|turn|35
|
|move|p1a: Dragonite|Extreme Speed|p2a: Thundurus
|-damage|p2a: Thundurus|0 fnt
|faint|p2a: Thundurus
|
|win|mikasa1337
|raw|Ladder updating...
|raw|mikasa1337's rating: 1691 &rarr; <strong>1707<\/strong><br \/>(+16 for winning)
|raw|hands free fappin's rating: 1624 &rarr; <strong>1608<\/strong><br \/>(-16 for losing)
|chat|mikasa1337|damn
|chat|mikasa1337|gg
|leave|hands free fappin
|player|p2