|join|based sam
|join|Mikasa1337
|player|p1|based sam|67
|player|p2|Mikasa1337|169
|gametype|singles
|gen|6
|tier|OU
|clearpoke
|poke|p1|Medicham, M
|poke|p1|Scizor, F
|poke|p1|Milotic, F
|poke|p1|Gliscor, F
|poke|p1|Zapdos
|poke|p1|Seismitoad, M, shiny
|poke|p2|Garchomp, F
|poke|p2|Tyranitar, F
|poke|p2|Mawile, M
|poke|p2|Greninja, F
|poke|p2|Rotom-Wash
|poke|p2|Alakazam, F
|rule|Swagger Clause: Swagger is banned
|rule|Baton Pass Clause: Limit three PokÃ©mon knowing Baton Pass
|rule|Sleep Clause Mod: Limit one foe put to sleep
|rule|Species Clause: Limit one of each PokÃ©mon
|rule|OHKO Clause: OHKO moves are banned
|rule|Moody Clause: Moody is banned
|rule|Evasion Moves Clause: Evasion moves are banned
|rule|Endless Battle Clause: Forcing endless battles is banned
|rule|HP Percentage Mod: HP is reported as percentages
|teampreview
|join|sp00kygh0st
|join|NigerianGamers
|
|start
|switch|p1a: Medicham|Medicham, M|261\/261
|switch|p2a: Alakazam|Alakazam, F|253\/253
|turn|1
|chat|NigerianGamers|HELLO MOM
|chat|NigerianGamers|IM ON MIKAS TEAM
|chat|NigerianGamers|stream*
|
|switch|p2a: Mawile|Mawile, M|304\/304
|-ability|p2a: Mawile|Intimidate|[of] p1a: Medicham
|-unboost|p1a: Medicham|atk|1
|detailschange|p1a: Medicham|Medicham-Mega, M
|message|Medicham has Mega Evolved into Mega Medicham!
|move|p1a: Medicham|Fake Out|p2a: Mawile
|-resisted|p2a: Mawile
|-damage|p2a: Mawile|273\/304
|
|turn|2
|chat|sp00kygh0st|Hi mikasa
|chat|NigerianGamers|shouit outs to my boi balsaknia
|join|GeniusMike
|
|switch|p1a: Gliscor|Gliscor, F|352\/352
|detailschange|p2a: Mawile|Mawile-Mega, M
|message|Mawile has Mega Evolved into Mega Mawile!
|move|p2a: Mawile|Fire Fang|p1a: Gliscor
|-crit|p1a: Gliscor
|-damage|p1a: Gliscor|181\/352
|
|-status|p1a: Gliscor|tox|[from] item: Toxic Orb
|turn|3
|
|move|p1a: Gliscor|U-turn|p2a: Mawile
|-resisted|p2a: Mawile
|-damage|p2a: Mawile|263\/304
|
|switch|p1a: Milotic|Milotic, F|394\/394
|move|p2a: Mawile|Play Rough|p1a: Milotic
|-damage|p1a: Milotic|156\/394
|
|-heal|p1a: Milotic|180\/394|[from] item: Leftovers
|turn|4
|
|switch|p1a: Zapdos|Zapdos|383\/383
|-ability|p1a: Zapdos|Pressure
|switch|p2a: Rotom-Wash|Rotom-Wash|304\/304
|
|turn|5
|
|switch|p1a: Seismitoad|Seismitoad, M, shiny|414\/414
|move|p2a: Rotom-Wash|Hydro Pump|p1a: Seismitoad
|-immune|p1a: Seismitoad|[msg]
|
|turn|6
|
|move|p2a: Rotom-Wash|Will-O-Wisp|p1a: Seismitoad|[miss]
|-miss|p2a: Rotom-Wash|p1a: Seismitoad
|move|p1a: Seismitoad|Stealth Rock|p2a: Rotom-Wash
|-sidestart|p2: Mikasa1337|move: Stealth Rock
|
|turn|7
|
|move|p1a: Seismitoad|Protect|p1a: Seismitoad
|-singleturn|p1a: Seismitoad|Protect
|move|p2a: Rotom-Wash|Will-O-Wisp|p1a: Seismitoad
|-activate|p1a: Seismitoad|Protect
|
|turn|8
|
|switch|p1a: Gliscor|Gliscor, F|181\/352 tox
|move|p2a: Rotom-Wash|Will-O-Wisp|p1a: Gliscor
|-fail|p1a: Gliscor
|
|-heal|p1a: Gliscor|225\/352 tox|[from] ability: Poison Heal
|turn|9
|
|move|p1a: Gliscor|U-turn|p2a: Rotom-Wash
|-damage|p2a: Rotom-Wash|268\/304
|
|switch|p1a: Seismitoad|Seismitoad, M, shiny|414\/414
|move|p2a: Rotom-Wash|Volt Switch|p1a: Seismitoad
|-immune|p1a: Seismitoad|[msg]
|
|turn|10
|
|switch|p1a: Zapdos|Zapdos|383\/383
|-ability|p1a: Zapdos|Pressure
|move|p2a: Rotom-Wash|Will-O-Wisp|p1a: Zapdos
|-status|p1a: Zapdos|brn
|
|-damage|p1a: Zapdos|336\/383 brn|[from] brn
|turn|11
|
|move|p1a: Zapdos|Discharge|p2a: Rotom-Wash
|-damage|p2a: Rotom-Wash|168\/304
|move|p2a: Rotom-Wash|Volt Switch|p1a: Zapdos
|-damage|p1a: Zapdos|248\/383 brn
|chat|NigerianGamers|dam how will our shiro mika handle this low tier team
|chat|NigerianGamers|i mean hero* Kappa
|
|switch|p2a: Alakazam|Alakazam, F|253\/253
|
|-heal|p1a: Zapdos|271\/383 brn|[from] item: Leftovers
|-damage|p1a: Zapdos|224\/383 brn|[from] brn
|turn|12
|chat|based sam|one way or the other its a lose lose
|
|move|p2a: Alakazam|Psychic|p1a: Zapdos
|-damage|p1a: Zapdos|55\/383 brn
|-unboost|p1a: Zapdos|spd|1
|move|p1a: Zapdos|Discharge|p2a: Alakazam
|-damage|p2a: Alakazam|135\/253
|-status|p2a: Alakazam|par
|
|-heal|p1a: Zapdos|78\/383 brn|[from] item: Leftovers
|-damage|p1a: Zapdos|31\/383 brn|[from] brn
|turn|13
|
|switch|p1a: Scizor|Scizor, F|292\/292
|move|p2a: Alakazam|Psychic|p1a: Scizor
|-resisted|p1a: Scizor
|-damage|p1a: Scizor|192\/292
|
|turn|14
|
|switch|p2a: Rotom-Wash|Rotom-Wash|168\/304
|-damage|p2a: Rotom-Wash|130\/304|[from] Stealth Rock
|move|p1a: Scizor|U-turn|p2a: Rotom-Wash
|-damage|p2a: Rotom-Wash|0 fnt
|faint|p2a: Rotom-Wash
|
|switch|p1a: Seismitoad|Seismitoad, M, shiny|414\/414
|
|chat|NigerianGamers|hey guys, wana take bets on what mika's excuse will be when he loses to this low tier team 
|chat|based sam|as seisimitoad has always said
|chat|based sam|ROOOAAGGG
|join|Lacsapje
|chat|Lacsapje|GOO MIKASA
|
|switch|p2a: Greninja|Greninja, F|286\/286
|-damage|p2a: Greninja|251\/286|[from] Stealth Rock
|turn|15
|
|move|p1a: Seismitoad|Protect|p1a: Seismitoad
|-singleturn|p1a: Seismitoad|Protect
|-start|p2a: Greninja|typechange|Grass|[from] Protean
|move|p2a: Greninja|Hidden Power|p1a: Seismitoad
|-activate|p1a: Seismitoad|Protect
|
|turn|16
|
|switch|p1a: Zapdos|Zapdos|31\/383 brn
|-ability|p1a: Zapdos|Pressure
|-start|p2a: Greninja|typechange|Water|[from] Protean
|move|p2a: Greninja|Scald|p1a: Zapdos
|-damage|p1a: Zapdos|0 fnt
|-damage|p2a: Greninja|223\/286|[from] item: Life Orb
|faint|p1a: Zapdos
|
|chat|NigerianGamers|gooo mik... ResidentSleeper
|
|switch|p1a: Medicham|Medicham-Mega, M|261\/261
|turn|17
|leave|Lacsapje
|
|switch|p2a: Alakazam|Alakazam, F|135\/253 par
|move|p1a: Medicham|Fake Out|p2a: Alakazam
|-damage|p2a: Alakazam|0 fnt
|faint|p2a: Alakazam
|
|join|TheIlluminatedOne
|chat|NigerianGamers|para hax Kappa 
|chat|TheIlluminatedOne|omg hi mikasa :]
|chat|TheIlluminatedOne|dont bring in ttar medicham knows high jump kick!
|chat|TheIlluminatedOne|lmao
|
|switch|p2a: Greninja|Greninja, F|223\/286
|-damage|p2a: Greninja|188\/286|[from] Stealth Rock
|turn|18
|chat|TheIlluminatedOne|bye frens
|leave|TheIlluminatedOne
|
|switch|p1a: Seismitoad|Seismitoad, M, shiny|414\/414
|-start|p2a: Greninja|typechange|Water|[from] Protean
|move|p2a: Greninja|Scald|p1a: Seismitoad
|-immune|p1a: Seismitoad|[msg]
|
|turn|19
|chat|NigerianGamers|what will a lowly seismitoad do vs greninja 
|
|move|p1a: Seismitoad|Protect|p1a: Seismitoad
|-singleturn|p1a: Seismitoad|Protect
|-start|p2a: Greninja|typechange|Ice|[from] Protean
|move|p2a: Greninja|Ice Beam|p1a: Seismitoad
|-activate|p1a: Seismitoad|Protect
|
|turn|20
|
|switch|p1a: Scizor|Scizor, F|192\/292
|-start|p2a: Greninja|typechange|Grass|[from] Protean
|move|p2a: Greninja|Hidden Power|p1a: Scizor
|-resisted|p1a: Scizor
|-damage|p1a: Scizor|154\/292
|-damage|p2a: Greninja|160\/286|[from] item: Life Orb
|
|turn|21
|
|switch|p2a: Garchomp|Garchomp, F|420\/420
|-damage|p2a: Garchomp|394\/420|[from] Stealth Rock
|move|p1a: Scizor|Bullet Punch|p2a: Garchomp
|-damage|p2a: Garchomp|249\/420
|-damage|p1a: Scizor|118\/292|[from] ability: Rough Skin|[of] p2a: Garchomp
|-damage|p1a: Scizor|70\/292|[from] item: Rocky Helmet|[of] p2a: Garchomp
|
|turn|22
|
|switch|p1a: Gliscor|Gliscor, F|225\/352 tox
|move|p2a: Garchomp|Swords Dance|p2a: Garchomp
|-boost|p2a: Garchomp|atk|2
|
|-heal|p1a: Gliscor|269\/352 tox|[from] ability: Poison Heal
|turn|23
|
|move|p1a: Gliscor|Knock Off|p2a: Garchomp
|-damage|p2a: Garchomp|188\/420
|-damage|p1a: Gliscor|225\/352 tox|[from] ability: Rough Skin|[of] p2a: Garchomp
|-damage|p1a: Gliscor|167\/352 tox|[from] item: Rocky Helmet|[of] p2a: Garchomp
|-enditem|p2a: Garchomp|Rocky Helmet|[from] move: Knock Off|[of] p1a: Gliscor
|move|p2a: Garchomp|Dragon Claw|p1a: Gliscor
|-damage|p1a: Gliscor|0 fnt
|faint|p1a: Gliscor
|
|
|switch|p1a: Seismitoad|Seismitoad, M, shiny|414\/414
|turn|24
|
|move|p2a: Garchomp|Earthquake|p1a: Seismitoad
|-damage|p1a: Seismitoad|24\/414
|move|p1a: Seismitoad|Ice Punch|p2a: Garchomp
|-supereffective|p2a: Garchomp
|-damage|p2a: Garchomp|8\/420
|-damage|p1a: Seismitoad|0 fnt|[from] ability: Rough Skin|[of] p2a: Garchomp
|faint|p1a: Seismitoad
|
|chat|NigerianGamers|hahaha
|chat|NigerianGamers|wow
|
|switch|p1a: Scizor|Scizor, F|70\/292
|turn|25
|
|move|p1a: Scizor|Bullet Punch|p2a: Garchomp
|-damage|p2a: Garchomp|0 fnt
|-damage|p1a: Scizor|34\/292|[from] ability: Rough Skin|[of] p2a: Garchomp
|faint|p2a: Garchomp
|
|
|switch|p2a: Greninja|Greninja, F|160\/286
|-damage|p2a: Greninja|125\/286|[from] Stealth Rock
|turn|26
|
|move|p1a: Scizor|Bullet Punch|p2a: Greninja
|-resisted|p2a: Greninja
|-damage|p2a: Greninja|2\/286
|-start|p2a: Greninja|typechange|Water|[from] Protean
|move|p2a: Greninja|Scald|p1a: Scizor
|-damage|p1a: Scizor|0 fnt
|-damage|p2a: Greninja|0 fnt|[from] item: Life Orb
|faint|p1a: Scizor
|faint|p2a: Greninja
|
|
|switch|p1a: Medicham|Medicham-Mega, M|261\/261
|switch|p2a: Tyranitar|Tyranitar, F|404\/404
|-damage|p2a: Tyranitar|354\/404|[from] Stealth Rock
|-weather|Sandstorm
|turn|27
|chat|NigerianGamers|lolol
|chat|NigerianGamers|sam will miss Kappa
|chat|NigerianGamers|bet it on the miss homies
|chat|based sam|WELL FOLKS IF THIS LANDS I WILL WIN FREE
|
|move|p1a: Medicham|High Jump Kick|p2a: Tyranitar
|-supereffective|p2a: Tyranitar
|-damage|p2a: Tyranitar|0 fnt
|faint|p2a: Tyranitar
|
|-weather|Sandstorm|[upkeep]
|-damage|p1a: Medicham|245\/261|[from] sandstorm
|
|switch|p2a: Mawile|Mawile-Mega, M|263\/304
|-damage|p2a: Mawile|244\/304|[from] Stealth Rock
|turn|28
|
|move|p2a: Mawile|Sucker Punch|p1a: Medicham
|-damage|p1a: Medicham|49\/261
|move|p1a: Medicham|Fire Punch|p2a: Mawile
|-supereffective|p2a: Mawile
|-damage|p2a: Mawile|0 fnt
|faint|p2a: Mawile
|
|win|based sam
|chat|based sam|GG I AM BETTER
|chat|NigerianGamers|thats rip in peace
|chat|based sam|NICE LOSING TO ASS TEAMS
|chat|Mikasa1337|lol