|join|Mikasa1337
|join|King0fKnights
|player|p1|Mikasa1337|1
|player|p2|King0fKnights|70
|gametype|singles
|gen|6
|tier|OU
|rated
|clearpoke
|poke|p1|Talonflame, F
|poke|p1|Excadrill, F
|poke|p1|Azumarill, F
|poke|p1|Chansey, F
|poke|p1|Rotom-Wash
|poke|p1|Alakazam, F
|poke|p2|Gardevoir, M
|poke|p2|Aegislash, M
|poke|p2|Keldeo
|poke|p2|Ferrothorn, M
|poke|p2|Rotom-Wash
|poke|p2|Gliscor, F
|rule|Baton Pass Clause: Limit 3 pokemon knowing Baton Pass
|rule|Sleep Clause Mod: Limit one foe put to sleep
|rule|Species Clause: Limit one of each Pokemon
|rule|OHKO Clause: OHKO moves are banned
|rule|Moody Clause: Moody is banned
|rule|Evasion Moves Clause: Evasion moves are banned
|rule|Endless Battle Clause: Forcing endless battles is banned
|rule|HP Percentage Mod: HP is reported as percentages
|teampreview
|chat|Mikasa1337|Fate Zero?
|chat|King0fKnights|yup
|chat|Mikasa1337|i might just give you this match for having such an awesome name
|chat|Mikasa1337|lol
|
|start
|switch|p1a: Talonflame|Talonflame, F|298\/298
|switch|p2a: Rotom-Wash|Rotom-Wash|304\/304
|turn|1
|chat|King0fKnights|thanks ^^ you're like the first ever to notice
|chat|Mikasa1337|i just watched it XD
|
|switch|p1a: Chansey|Chansey, F|704\/704
|move|p2a: Rotom-Wash|Volt Switch|p1a: Chansey
|-damage|p1a: Chansey|647\/704
|chat|King0fKnights|I never watched fate\/stay night, but fate\/zero was awesome
|
|switch|p2a: Keldeo|Keldeo|323\/323
|
|turn|2
|chat|Mikasa1337|yeah same
|chat|Mikasa1337|did you hear ufotable is remaking fate\/stay night tho?
|
|switch|p1a: Azumarill|Azumarill, F|404\/404
|move|p2a: Keldeo|Substitute|p2a: Keldeo
|-start|p2a: Keldeo|Substitute
|-damage|p2a: Keldeo|243\/323
|
|-heal|p2a: Keldeo|263\/323|[from] item: Leftovers
|turn|3
|chat|King0fKnights|no
|
|switch|p2a: Ferrothorn|Ferrothorn, M|352\/352
|move|p1a: Azumarill|Play Rough|p2a: Ferrothorn
|-resisted|p2a: Ferrothorn
|-damage|p2a: Ferrothorn|291\/352
|-damage|p1a: Azumarill|354\/404|[from] ability: Iron Barbs|[of] p2a: Ferrothorn
|-damage|p1a: Azumarill|287\/404|[from] item: Rocky Helmet|[of] p2a: Ferrothorn
|
|turn|4
|chat|Mikasa1337|yeah it's coming out in october
|chat|Mikasa1337|so hyped
|chat|King0fKnights|I really hope it doesn't suck
|chat|King0fKnights|I watche Unlimitted blad works, and it was decent, but no fate\/zero
|chat|Mikasa1337|nah, they made fate\/zero
|
|switch|p1a: Alakazam|Alakazam, F|252\/252
|move|p2a: Ferrothorn|Thunder Wave|p1a: Alakazam
|-status|p1a: Alakazam|par
|
|turn|5
|chat|Mikasa1337|so it should be of the same caliber
|
|switch|p2a: Aegislash|Aegislash, M|324\/324
|move|p1a: Alakazam|Hidden Power|p2a: Aegislash
|-supereffective|p2a: Aegislash
|-damage|p2a: Aegislash|224\/324
|
|-heal|p2a: Aegislash|244\/324|[from] item: Leftovers
|turn|6
|
|switch|p1a: Excadrill|Excadrill, F|362\/362
|-ability|p1a: Excadrill|Mold Breaker
|-item|p1a: Excadrill|Air Balloon
|-formechange|p2a: Aegislash|Aegislash-Blade
|move|p2a: Aegislash|Shadow Ball|p1a: Excadrill
|-damage|p1a: Excadrill|148\/362
|-enditem|p1a: Excadrill|Air Balloon
|
|-heal|p2a: Aegislash|264\/324|[from] item: Leftovers
|turn|7
|
|switch|p2a: Gliscor|Gliscor, F|354\/354
|move|p1a: Excadrill|Rock Slide|p2a: Gliscor
|-damage|p2a: Gliscor|286\/354
|
|-status|p2a: Gliscor|tox|[from] item: Toxic Orb
|turn|8
|chat|King0fKnights|the same EXcalibur ....
|chat|Mikasa1337|nice lol
|
|switch|p1a: Rotom-Wash|Rotom-Wash|304\/304
|move|p2a: Gliscor|Knock Off|p1a: Rotom-Wash
|-damage|p1a: Rotom-Wash|244\/304
|-enditem|p1a: Rotom-Wash|Chesto Berry|[from] move: Knock Off|[of] p2a: Gliscor
|
|-heal|p2a: Gliscor|330\/354 tox|[from] ability: Poison Heal
|turn|9
|
|switch|p2a: Rotom-Wash|Rotom-Wash|304\/304
|move|p1a: Rotom-Wash|Will-O-Wisp|p2a: Rotom-Wash
|-status|p2a: Rotom-Wash|brn
|
|-damage|p2a: Rotom-Wash|266\/304 brn|[from] brn
|turn|10
|
|move|p1a: Rotom-Wash|Volt Switch|p2a: Rotom-Wash
|-damage|p2a: Rotom-Wash|184\/304 brn
|
|switch|p1a: Excadrill|Excadrill, F|148\/362
|-ability|p1a: Excadrill|Mold Breaker
|move|p2a: Rotom-Wash|Volt Switch|p1a: Excadrill
|-immune|p1a: Excadrill|[msg]
|
|-heal|p2a: Rotom-Wash|203\/304 brn|[from] item: Leftovers
|-damage|p2a: Rotom-Wash|165\/304 brn|[from] brn
|turn|11
|
|switch|p1a: Rotom-Wash|Rotom-Wash|244\/304
|switch|p2a: Ferrothorn|Ferrothorn, M|291\/352
|
|turn|12
|
|move|p1a: Rotom-Wash|Volt Switch|p2a: Ferrothorn
|-resisted|p2a: Ferrothorn
|-damage|p2a: Ferrothorn|257\/352
|
|switch|p1a: Talonflame|Talonflame, F|298\/298
|move|p2a: Ferrothorn|Stealth Rock|p1a: Talonflame
|-sidestart|p1: Mikasa1337|move: Stealth Rock
|
|turn|13
|
|switch|p2a: Gliscor|Gliscor, F|330\/354 tox
|move|p1a: Talonflame|Swords Dance|p1a: Talonflame
|-boost|p1a: Talonflame|atk|2
|
|-heal|p2a: Gliscor|354\/354 tox|[from] ability: Poison Heal
|turn|14
|
|move|p1a: Talonflame|Flare Blitz|p2a: Gliscor
|-damage|p2a: Gliscor|156\/354 tox
|-damage|p1a: Talonflame|233\/298|[from] recoil|[of] p2a: Gliscor
|move|p2a: Gliscor|Toxic|p1a: Talonflame
|-status|p1a: Talonflame|tox
|
|-damage|p1a: Talonflame|215\/298 tox|[from] psn
|-heal|p2a: Gliscor|200\/354 tox|[from] ability: Poison Heal
|turn|15
|
|move|p1a: Talonflame|Flare Blitz|p2a: Gliscor
|-damage|p2a: Gliscor|4\/354 tox
|-damage|p1a: Talonflame|150\/298 tox|[from] recoil|[of] p2a: Gliscor
|move|p2a: Gliscor|Knock Off|p1a: Talonflame
|-damage|p1a: Talonflame|51\/298 tox
|-enditem|p1a: Talonflame|Sitrus Berry|[from] move: Knock Off|[of] p2a: Gliscor
|
|-damage|p1a: Talonflame|15\/298 tox|[from] psn
|-heal|p2a: Gliscor|48\/354 tox|[from] ability: Poison Heal
|turn|16
|
|move|p2a: Gliscor|Protect|p2a: Gliscor
|-singleturn|p2a: Gliscor|Protect
|move|p1a: Talonflame|Roost|p1a: Talonflame
|-heal|p1a: Talonflame|164\/298 tox
|
|-damage|p1a: Talonflame|110\/298 tox|[from] psn
|-heal|p2a: Gliscor|92\/354 tox|[from] ability: Poison Heal
|turn|17
|
|switch|p2a: Rotom-Wash|Rotom-Wash|165\/304 brn
|move|p1a: Talonflame|Flare Blitz|p2a: Rotom-Wash
|-resisted|p2a: Rotom-Wash
|-damage|p2a: Rotom-Wash|64\/304 brn
|-damage|p1a: Talonflame|77\/298 tox|[from] recoil|[of] p2a: Rotom-Wash
|
|-heal|p2a: Rotom-Wash|83\/304 brn|[from] item: Leftovers
|-damage|p1a: Talonflame|5\/298 tox|[from] psn
|-damage|p2a: Rotom-Wash|45\/304 brn|[from] brn
|turn|18
|
|move|p1a: Talonflame|Flare Blitz|p2a: Rotom-Wash
|-crit|p2a: Rotom-Wash
|-resisted|p2a: Rotom-Wash
|-damage|p2a: Rotom-Wash|0 fnt
|-damage|p1a: Talonflame|0 fnt|[from] recoil|[of] p2a: Rotom-Wash
|faint|p2a: Rotom-Wash
|faint|p1a: Talonflame
|
|
|switch|p2a: Gardevoir|Gardevoir, M|278\/278
|switch|p1a: Azumarill|Azumarill, F|287\/404
|-damage|p1a: Azumarill|237\/404|[from] Stealth Rock
|-ability|p2a: Gardevoir|Huge Power|[from] ability: Trace|[of] p1a: Azumarill
|turn|19
|
|switch|p1a: Chansey|Chansey, F|647\/704
|-damage|p1a: Chansey|559\/704|[from] Stealth Rock
|detailschange|p2a: Gardevoir|Gardevoir-Mega, M
|message|Gardevoir has Mega Evolved into Mega Gardevoir!
|move|p2a: Gardevoir|Psyshock|p1a: Chansey
|-damage|p1a: Chansey|336\/704
|
|turn|20
|
|move|p2a: Gardevoir|Taunt|p1a: Chansey
|-start|p1a: Chansey|move: Taunt
|cant|p1a: Chansey|move: Taunt|Wish
|
|turn|21
|
|switch|p2a: Keldeo|Keldeo|263\/323
|switch|p1a: Azumarill|Azumarill, F|237\/404
|-damage|p1a: Azumarill|187\/404|[from] Stealth Rock
|-enditem|p1a: Azumarill|Sitrus Berry|[eat]
|-heal|p1a: Azumarill|288\/404|[from] item: Sitrus Berry
|
|-heal|p2a: Keldeo|283\/323|[from] item: Leftovers
|turn|22
|
|switch|p2a: Ferrothorn|Ferrothorn, M|257\/352
|move|p1a: Azumarill|Waterfall|p2a: Ferrothorn
|-resisted|p2a: Ferrothorn
|-damage|p2a: Ferrothorn|210\/352
|-damage|p1a: Azumarill|238\/404|[from] ability: Iron Barbs|[of] p2a: Ferrothorn
|-damage|p1a: Azumarill|171\/404|[from] item: Rocky Helmet|[of] p2a: Ferrothorn
|
|turn|23
|
|switch|p1a: Rotom-Wash|Rotom-Wash|244\/304
|-damage|p1a: Rotom-Wash|206\/304|[from] Stealth Rock
|move|p2a: Ferrothorn|Leech Seed|p1a: Rotom-Wash
|-start|p1a: Rotom-Wash|move: Leech Seed
|
|-damage|p1a: Rotom-Wash|168\/304|[from] Leech Seed|[of] p2a: Ferrothorn
|-heal|p2a: Ferrothorn|248\/352|[silent]
|turn|24
|
|switch|p2a: Gardevoir|Gardevoir-Mega, M|278\/278
|move|p1a: Rotom-Wash|Will-O-Wisp|p2a: Gardevoir
|-status|p2a: Gardevoir|brn
|
|-damage|p1a: Rotom-Wash|130\/304|[from] Leech Seed|[of] p2a: Gardevoir
|-damage|p2a: Gardevoir|244\/278 brn|[from] brn
|turn|25
|
|switch|p1a: Chansey|Chansey, F|336\/704
|-damage|p1a: Chansey|248\/704|[from] Stealth Rock
|move|p2a: Gardevoir|Hyper Voice|p1a: Chansey
|-damage|p1a: Chansey|89\/704
|
|-damage|p2a: Gardevoir|210\/278 brn|[from] brn
|turn|26
|
|move|p2a: Gardevoir|Psyshock|p1a: Chansey
|-damage|p1a: Chansey|0 fnt
|faint|p1a: Chansey
|
|-damage|p2a: Gardevoir|176\/278 brn|[from] brn
|
|switch|p1a: Azumarill|Azumarill, F|171\/404
|-damage|p1a: Azumarill|121\/404|[from] Stealth Rock
|turn|27
|
|switch|p1a: Excadrill|Excadrill, F|148\/362
|-damage|p1a: Excadrill|137\/362|[from] Stealth Rock
|-ability|p1a: Excadrill|Mold Breaker
|move|p2a: Gardevoir|Psyshock|p1a: Excadrill
|-resisted|p1a: Excadrill
|-damage|p1a: Excadrill|0 fnt
|faint|p1a: Excadrill
|
|-damage|p2a: Gardevoir|142\/278 brn|[from] brn
|chat|Mikasa1337|gg
|-message|Mikasa1337 forfeited.
|
|win|King0fKnights
|raw|Ladder updating...
|raw|Mikasa1337's rating: 1620 &rarr; <strong>1601<\/strong><br \/>(-19 for losing)
|raw|King0fKnights's rating: 1633 &rarr; <strong>1652<\/strong><br \/>(+19 for winning)
|chat|King0fKnights|gg