|join|Mikasa1337
|join|Cbplayer15
|player|p1|Mikasa1337|101
|player|p2|Cbplayer15|102
|gametype|singles
|gen|6
|tier|OU
|rated
|clearpoke
|poke|p1|Scizor, F
|poke|p1|Talonflame, F
|poke|p1|Azumarill, F
|poke|p1|Thundurus, M
|poke|p1|Gengar, M
|poke|p1|Landorus, M
|poke|p2|Cloyster, F
|poke|p2|Ferrothorn, F
|poke|p2|Goodra, M
|poke|p2|Landorus-Therian, M
|poke|p2|Charizard, F
|poke|p2|Rotom-Wash
|rule|Swagger Clause: Swagger is banned
|rule|Baton Pass Clause: Limit one PokÃ©mon knowing Baton Pass
|rule|Sleep Clause Mod: Limit one foe put to sleep
|rule|Species Clause: Limit one of each PokÃ©mon
|rule|OHKO Clause: OHKO moves are banned
|rule|Moody Clause: Moody is banned
|rule|Evasion Moves Clause: Evasion moves are banned
|rule|Endless Battle Clause: Forcing endless battles is banned
|rule|HP Percentage Mod: HP is shown in percentages
|teampreview
|
|start
|switch|p1a: Thundurus|Thundurus, M|300\/300
|switch|p2a: Landorus-Therian|Landorus-Therian, M|320\/320
|-ability|p2a: Landorus-Therian|Intimidate|[of] p1a: Thundurus
|-unboost|p1a: Thundurus|atk|1
|turn|1
|
|switch|p1a: Azumarill|Azumarill, F|404\/404
|move|p2a: Landorus-Therian|Stone Edge|p1a: Azumarill
|-damage|p1a: Azumarill|250\/404
|
|turn|2
|
|switch|p2a: Ferrothorn|Ferrothorn, F|352\/352
|move|p1a: Azumarill|Superpower|p2a: Ferrothorn
|-supereffective|p2a: Ferrothorn
|-damage|p2a: Ferrothorn|128\/352
|-damage|p1a: Azumarill|200\/404|[from] ability: Iron Barbs|[of] p2a: Ferrothorn
|-unboost|p1a: Azumarill|atk|1
|-unboost|p1a: Azumarill|def|1
|
|-heal|p2a: Ferrothorn|150\/352|[from] item: Leftovers
|turn|3
|
|switch|p1a: Landorus|Landorus, M|320\/320
|move|p2a: Ferrothorn|Leech Seed|p1a: Landorus
|-start|p1a: Landorus|move: Leech Seed
|
|-heal|p2a: Ferrothorn|172\/352|[from] item: Leftovers
|-damage|p1a: Landorus|280\/320|[from] Leech Seed|[of] p2a: Ferrothorn
|-heal|p2a: Ferrothorn|212\/352|[silent]
|turn|4
|
|switch|p1a: Azumarill|Azumarill, F|200\/404
|move|p2a: Ferrothorn|Toxic|p1a: Azumarill
|-status|p1a: Azumarill|tox
|
|-heal|p2a: Ferrothorn|234\/352|[from] item: Leftovers
|-damage|p1a: Azumarill|175\/404 tox|[from] psn
|turn|5
|
|switch|p2a: Landorus-Therian|Landorus-Therian, M|320\/320
|-ability|p2a: Landorus-Therian|Intimidate|[of] p1a: Azumarill
|-unboost|p1a: Azumarill|atk|1
|move|p1a: Azumarill|Superpower|p2a: Landorus-Therian
|-resisted|p2a: Landorus-Therian
|-damage|p2a: Landorus-Therian|254\/320
|-unboost|p1a: Azumarill|atk|1
|-unboost|p1a: Azumarill|def|1
|
|-damage|p1a: Azumarill|125\/404 tox|[from] psn
|turn|6
|
|move|p1a: Azumarill|Aqua Jet|p2a: Landorus-Therian
|-supereffective|p2a: Landorus-Therian
|-damage|p2a: Landorus-Therian|152\/320
|move|p2a: Landorus-Therian|Stone Edge|p1a: Azumarill
|-damage|p1a: Azumarill|0 fnt
|faint|p1a: Azumarill
|
|
|switch|p1a: Landorus|Landorus, M|280\/320
|turn|7
|
|switch|p2a: Cloyster|Cloyster, F|253\/253
|move|p1a: Landorus|Earth Power|p2a: Cloyster
|-damage|p2a: Cloyster|0 fnt
|faint|p2a: Cloyster
|
|
|switch|p2a: Rotom-Wash|Rotom-Wash|304\/304
|turn|8
|
|switch|p1a: Gengar|Gengar, M|262\/262
|move|p2a: Rotom-Wash|Will-O-Wisp|p1a: Gengar
|-status|p1a: Gengar|brn
|
|-damage|p1a: Gengar|230\/262 brn|[from] brn
|turn|9
|
|move|p1a: Gengar|Sludge Bomb|p2a: Rotom-Wash
|-damage|p2a: Rotom-Wash|187\/304
|move|p2a: Rotom-Wash|Volt Switch|p1a: Gengar
|-damage|p1a: Gengar|122\/262 brn
|
|switch|p2a: Goodra|Goodra, M|368\/368
|
|-heal|p1a: Gengar|138\/262 brn|[from] item: Leftovers
|-damage|p1a: Gengar|106\/262 brn|[from] brn
|turn|10
|
|move|p1a: Gengar|Substitute|p1a: Gengar
|-start|p1a: Gengar|Substitute
|-damage|p1a: Gengar|41\/262 brn
|move|p2a: Goodra|Dragon Pulse|p1a: Gengar
|-end|p1a: Gengar|Substitute
|
|-heal|p1a: Gengar|57\/262 brn|[from] item: Leftovers
|-damage|p1a: Gengar|25\/262 brn|[from] brn
|turn|11
|
|move|p1a: Gengar|Destiny Bond|p1a: Gengar
|-singlemove|p1a: Gengar|Destiny Bond
|move|p2a: Goodra|Dragon Pulse|p1a: Gengar
|-damage|p1a: Gengar|0 fnt
|faint|p1a: Gengar
|-activate|p1a: Gengar|Destiny Bond
|faint|p2a: Goodra
|
|
|switch|p1a: Thundurus|Thundurus, M|300\/300
|switch|p2a: Ferrothorn|Ferrothorn, F|234\/352
|turn|12
|
|move|p1a: Thundurus|Focus Blast|p2a: Ferrothorn
|-supereffective|p2a: Ferrothorn
|-damage|p2a: Ferrothorn|0 fnt
|-damage|p1a: Thundurus|270\/300|[from] item: Life Orb
|faint|p2a: Ferrothorn
|
|
|switch|p2a: Landorus-Therian|Landorus-Therian, M|152\/320
|-ability|p2a: Landorus-Therian|Intimidate|[of] p1a: Thundurus
|-unboost|p1a: Thundurus|atk|1
|turn|13
|
|switch|p1a: Scizor|Scizor, F|344\/344
|move|p2a: Landorus-Therian|Stone Edge|p1a: Scizor
|-damage|p1a: Scizor|247\/344
|
|turn|14
|
|switch|p2a: Rotom-Wash|Rotom-Wash|187\/304
|switch|p1a: Thundurus|Thundurus, M|270\/300
|
|-heal|p2a: Rotom-Wash|206\/304|[from] item: Leftovers
|turn|15
|
|move|p1a: Thundurus|Thunderbolt|p2a: Rotom-Wash
|-damage|p2a: Rotom-Wash|73\/304
|-damage|p1a: Thundurus|240\/300|[from] item: Life Orb
|move|p2a: Rotom-Wash|Pain Split|p1a: Thundurus
|-sethp|p1a: Thundurus|156\/300|p2a: Rotom-Wash|156\/304|[from] move: Pain Split
|
|-heal|p2a: Rotom-Wash|175\/304|[from] item: Leftovers
|turn|16
|
|move|p1a: Thundurus|Nasty Plot|p1a: Thundurus
|-boost|p1a: Thundurus|spa|2
|move|p2a: Rotom-Wash|Hydro Pump|p1a: Thundurus
|-damage|p1a: Thundurus|0 fnt
|faint|p1a: Thundurus
|
|-heal|p2a: Rotom-Wash|194\/304|[from] item: Leftovers
|
|switch|p1a: Landorus|Landorus, M|280\/320
|turn|17
|
|move|p1a: Landorus|Sludge Wave|p2a: Rotom-Wash
|-damage|p2a: Rotom-Wash|73\/304
|move|p2a: Rotom-Wash|Hydro Pump|p1a: Landorus
|-supereffective|p1a: Landorus
|-damage|p1a: Landorus|0 fnt
|faint|p1a: Landorus
|
|-heal|p2a: Rotom-Wash|92\/304|[from] item: Leftovers
|
|switch|p1a: Talonflame|Talonflame, F|298\/298
|turn|18
|
|move|p1a: Talonflame|Brave Bird|p2a: Rotom-Wash
|-resisted|p2a: Rotom-Wash
|-damage|p2a: Rotom-Wash|0 fnt
|-damage|p1a: Talonflame|268\/298|[from] recoil|[of] p2a: Rotom-Wash
|faint|p2a: Rotom-Wash
|
|
|switch|p2a: Landorus-Therian|Landorus-Therian, M|152\/320
|-ability|p2a: Landorus-Therian|Intimidate|[of] p1a: Talonflame
|-unboost|p1a: Talonflame|atk|1
|turn|19
|
|switch|p2a: Charizard|Charizard, F|307\/307
|move|p1a: Talonflame|Brave Bird|p2a: Charizard
|-damage|p2a: Charizard|103\/307
|-damage|p1a: Talonflame|201\/298|[from] recoil|[of] p2a: Charizard
|
|turn|20
|c|âMikasa1337|gg
|
|switch|p2a: Landorus-Therian|Landorus-Therian, M|152\/320
|-ability|p2a: Landorus-Therian|Intimidate|[of] p1a: Talonflame
|-unboost|p1a: Talonflame|atk|1
|move|p1a: Talonflame|Brave Bird|p2a: Landorus-Therian
|-damage|p2a: Landorus-Therian|23\/320
|-damage|p1a: Talonflame|158\/298|[from] recoil|[of] p2a: Landorus-Therian
|
|turn|21
|c|âCbplayer15|I may have fucked up
|
|switch|p1a: Scizor|Scizor, F|247\/344
|move|p2a: Landorus-Therian|Knock Off|p1a: Scizor
|-damage|p1a: Scizor|183\/344
|
|turn|22
|
|detailschange|p1a: Scizor|Scizor-Mega, F
|message|Scizor has Mega Evolved into Mega Scizor!
|move|p1a: Scizor|Bullet Punch|p2a: Landorus-Therian
|-damage|p2a: Landorus-Therian|0 fnt
|faint|p2a: Landorus-Therian
|
|
|switch|p2a: Charizard|Charizard, F|103\/307
|turn|23
|
|detailschange|p2a: Charizard|Charizard-Mega-Y, F
|message|Charizard has Mega Evolved into Mega Charizard!
|-weather|SunnyDay
|move|p1a: Scizor|Bullet Punch|p2a: Charizard
|-resisted|p2a: Charizard
|-damage|p2a: Charizard|46\/307
|move|p2a: Charizard|Roost|p2a: Charizard
|-heal|p2a: Charizard|200\/307
|
|-weather|SunnyDay|[upkeep]
|turn|24
|
|switch|p1a: Talonflame|Talonflame, F|158\/298
|move|p2a: Charizard|Roost|p2a: Charizard
|-heal|p2a: Charizard|307\/307
|
|-weather|SunnyDay|[upkeep]
|turn|25
|
|move|p1a: Talonflame|Brave Bird|p2a: Charizard
|-damage|p2a: Charizard|28\/307
|-damage|p1a: Talonflame|66\/298|[from] recoil|[of] p2a: Charizard
|move|p2a: Charizard|Flamethrower|p1a: Talonflame
|-resisted|p1a: Talonflame
|-damage|p1a: Talonflame|0 fnt
|faint|p1a: Talonflame
|
|-weather|SunnyDay|[upkeep]
|
|switch|p1a: Scizor|Scizor-Mega, F|183\/344
|turn|26
|
|move|p1a: Scizor|Bullet Punch|p2a: Charizard
|-resisted|p2a: Charizard
|-damage|p2a: Charizard|0 fnt
|faint|p2a: Charizard
|
|win|Mikasa1337
|raw|Ladder updating...
|raw|Mikasa1337's rating: 1462 &rarr; <strong>1479<\/strong><br \/>(+17 for winning)
|raw|Cbplayer15's rating: 1420 &rarr; <strong>1402<\/strong><br \/>(-18 for losing)
|c|âMikasa1337|really good game
|leave|Cbplayer15
|player|p2