|join|BACONtators
|join|Mikasa1337
|player|p1|BACONtators|153
|player|p2|Mikasa1337|102
|gametype|singles
|gen|6
|tier|OU
|rated
|clearpoke
|poke|p1|Heracross, M
|poke|p1|Crobat, F
|poke|p1|Weavile, M
|poke|p1|Rotom-Wash
|poke|p1|Heatran, F
|poke|p1|Garchomp, F
|poke|p2|Landorus, M
|poke|p2|Garchomp, M
|poke|p2|Goodra, F
|poke|p2|Rotom-Wash
|poke|p2|Greninja, F
|poke|p2|Skarmory, F
|rule|Swagger Clause: Swagger is banned
|rule|Baton Pass Clause: Limit one PokÃ©mon knowing Baton Pass
|rule|Sleep Clause Mod: Limit one foe put to sleep
|rule|Species Clause: Limit one of each PokÃ©mon
|rule|OHKO Clause: OHKO moves are banned
|rule|Moody Clause: Moody is banned
|rule|Evasion Moves Clause: Evasion moves are banned
|rule|Endless Battle Clause: Forcing endless battles is banned
|rule|HP Percentage Mod: HP is shown in percentages
|teampreview
|
|start
|switch|p1a: Crobat|Crobat, F|374\/374
|switch|p2a: Greninja|Greninja, F|286\/286
|turn|1
|
|switch|p1a: Rotom-Wash|Rotom-Wash|304\/304
|move|p2a: Greninja|Ice Beam|p1a: Rotom-Wash
|-start|p2a: Greninja|typechange|Ice|[from] Protean
|-resisted|p1a: Rotom-Wash
|-damage|p1a: Rotom-Wash|222\/304
|-damage|p2a: Greninja|258\/286|[from] item: Life Orb
|
|-heal|p1a: Rotom-Wash|241\/304|[from] item: Leftovers
|turn|2
|
|move|p2a: Greninja|Hidden Power|p1a: Rotom-Wash
|-start|p2a: Greninja|typechange|Grass|[from] Protean
|-supereffective|p1a: Rotom-Wash
|-damage|p1a: Rotom-Wash|4\/304
|-damage|p2a: Greninja|230\/286|[from] item: Life Orb
|move|p1a: Rotom-Wash|Will-O-Wisp|p2a: Greninja
|-status|p2a: Greninja|brn
|
|-heal|p1a: Rotom-Wash|23\/304|[from] item: Leftovers
|-damage|p2a: Greninja|195\/286 brn|[from] brn
|turn|3
|
|move|p2a: Greninja|Scald|p1a: Rotom-Wash
|-start|p2a: Greninja|typechange|Water|[from] Protean
|-resisted|p1a: Rotom-Wash
|-damage|p1a: Rotom-Wash|0 fnt
|-damage|p2a: Greninja|167\/286 brn|[from] item: Life Orb
|faint|p1a: Rotom-Wash
|
|-damage|p2a: Greninja|132\/286 brn|[from] brn
|
|switch|p1a: Weavile|Weavile, M|281\/281
|turn|4
|
|switch|p2a: Skarmory|Skarmory, F|334\/334
|move|p1a: Weavile|Knock Off|p2a: Skarmory
|-damage|p2a: Skarmory|237\/334
|-damage|p1a: Weavile|235\/281|[from] item: Rocky Helmet|[of] p2a: Skarmory
|-enditem|p2a: Skarmory|Rocky Helmet|[from] move: Knock Off|[of] p1a: Weavile
|
|turn|5
|
|switch|p1a: Crobat|Crobat, F|374\/374
|move|p2a: Skarmory|Stealth Rock|p1a: Crobat
|-sidestart|p1: BACONtators|move: Stealth Rock
|
|turn|6
|
|move|p1a: Crobat|Defog|p2a: Skarmory
|-unboost|p2a: Skarmory|evasion|1
|-sideend|p1: BACONtators|Stealth Rock|[from] move: Defog|[of] p1a: Crobat
|move|p2a: Skarmory|Spikes|p1a: Crobat
|-sidestart|p1: BACONtators|Spikes
|
|turn|7
|
|move|p1a: Crobat|Taunt|p2a: Skarmory
|-start|p2a: Skarmory|move: Taunt
|cant|p2a: Skarmory|move: Taunt|Stealth Rock
|
|turn|8
|
|switch|p2a: Garchomp|Garchomp, M|420\/420
|move|p1a: Crobat|Defog|p2a: Garchomp
|-unboost|p2a: Garchomp|evasion|1
|-sideend|p1: BACONtators|Spikes|[from] move: Defog|[of] p1a: Crobat
|
|turn|9
|
|switch|p1a: Heracross|Heracross, M|309\/309
|move|p2a: Garchomp|Swords Dance|p2a: Garchomp
|-boost|p2a: Garchomp|atk|2
|
|turn|10
|
|detailschange|p1a: Heracross|Heracross-Mega, M
|message|Heracross has Mega Evolved into Mega Heracross!
|move|p1a: Heracross|Close Combat|p2a: Garchomp
|-damage|p2a: Garchomp|111\/420
|-damage|p1a: Heracross|271\/309|[from] ability: Rough Skin|[of] p2a: Garchomp
|-damage|p1a: Heracross|220\/309|[from] item: Rocky Helmet|[of] p2a: Garchomp
|-unboost|p1a: Heracross|def|1
|-unboost|p1a: Heracross|spd|1
|move|p2a: Garchomp|Earthquake|p1a: Heracross
|-resisted|p1a: Heracross
|-damage|p1a: Heracross|9\/309
|
|turn|11
|
|move|p2a: Garchomp|Dragon Claw|p1a: Heracross
|-damage|p1a: Heracross|0 fnt
|faint|p1a: Heracross
|
|
|switch|p1a: Weavile|Weavile, M|235\/281
|turn|12
|
|switch|p2a: Skarmory|Skarmory, F|237\/334
|move|p1a: Weavile|Ice Punch|p2a: Skarmory
|-damage|p2a: Skarmory|167\/334
|
|turn|13
|
|switch|p1a: Crobat|Crobat, F|374\/374
|move|p2a: Skarmory|Roost|p2a: Skarmory
|-heal|p2a: Skarmory|334\/334
|
|turn|14
|
|switch|p2a: Rotom-Wash|Rotom-Wash|304\/304
|move|p1a: Crobat|Brave Bird|p2a: Rotom-Wash
|-resisted|p2a: Rotom-Wash
|-damage|p2a: Rotom-Wash|238\/304
|-damage|p1a: Crobat|352\/374|[from] recoil|[of] p2a: Rotom-Wash
|
|-heal|p1a: Crobat|374\/374|[from] item: Black Sludge
|turn|15
|
|move|p1a: Crobat|Taunt|p2a: Rotom-Wash
|-start|p2a: Rotom-Wash|move: Taunt
|cant|p2a: Rotom-Wash|move: Taunt|Will-O-Wisp
|
|turn|16
|
|switch|p1a: Garchomp|Garchomp, F|358\/358
|move|p2a: Rotom-Wash|Volt Switch|p1a: Garchomp
|-immune|p1a: Garchomp|[msg]
|
|turn|17
|
|move|p1a: Garchomp|Dragon Claw|p2a: Rotom-Wash
|-damage|p2a: Rotom-Wash|46\/304
|move|p2a: Rotom-Wash|Hydro Pump|p1a: Garchomp
|-crit|p1a: Garchomp
|-damage|p1a: Garchomp|106\/358
|
|-end|p2a: Rotom-Wash|move: Taunt
|turn|18
|
|switch|p2a: Skarmory|Skarmory, F|334\/334
|move|p1a: Garchomp|Dragon Claw|p2a: Skarmory
|-resisted|p2a: Skarmory
|-damage|p2a: Skarmory|272\/334
|
|turn|19
|
|switch|p1a: Crobat|Crobat, F|374\/374
|move|p2a: Skarmory|Stealth Rock|p1a: Crobat
|-sidestart|p1: BACONtators|move: Stealth Rock
|
|turn|20
|
|switch|p2a: Landorus|Landorus, M|320\/320
|move|p1a: Crobat|Brave Bird|p2a: Landorus
|-damage|p2a: Landorus|176\/320
|-damage|p1a: Crobat|326\/374|[from] recoil|[of] p2a: Landorus
|
|-heal|p1a: Crobat|349\/374|[from] item: Black Sludge
|turn|21
|join|KawaiiPrincess93
|
|switch|p1a: Garchomp|Garchomp, F|106\/358
|-damage|p1a: Garchomp|84\/358|[from] Stealth Rock
|move|p2a: Landorus|Earth Power|p1a: Garchomp
|-damage|p1a: Garchomp|0 fnt
|faint|p1a: Garchomp
|
|
|switch|p1a: Weavile|Weavile, M|235\/281
|-damage|p1a: Weavile|165\/281|[from] Stealth Rock
|turn|22
|
|move|p1a: Weavile|Pursuit|p2a: Landorus|[from]Pursuit
|-damage|p2a: Landorus|23\/320
|switch|p2a: Skarmory|Skarmory, F|272\/334
|
|turn|23
|
|switch|p1a: Crobat|Crobat, F|349\/374
|-damage|p1a: Crobat|256\/374|[from] Stealth Rock
|switch|p2a: Goodra|Goodra, F|384\/384
|
|-heal|p1a: Crobat|279\/374|[from] item: Black Sludge
|turn|24
|
|move|p1a: Crobat|Defog|p2a: Goodra
|-unboost|p2a: Goodra|evasion|1
|-sideend|p1: BACONtators|Stealth Rock|[from] move: Defog|[of] p1a: Crobat
|move|p2a: Goodra|Outrage|p1a: Crobat
|-damage|p1a: Crobat|53\/374
|
|-heal|p1a: Crobat|76\/374|[from] item: Black Sludge
|turn|25
|
|move|p1a: Crobat|Roost|p1a: Crobat
|-heal|p1a: Crobat|263\/374
|move|p2a: Goodra|Outrage|p1a: Crobat
|-damage|p1a: Crobat|37\/374
|
|-end|p2a: Goodra|rampage
|-start|p2a: Goodra|confusion
|-heal|p1a: Crobat|60\/374|[from] item: Black Sludge
|turn|26
|
|move|p1a: Crobat|Roost|p1a: Crobat
|-heal|p1a: Crobat|247\/374
|-activate|p2a: Goodra|confusion
|move|p2a: Goodra|Outrage|p1a: Crobat
|-damage|p1a: Crobat|18\/374
|
|-heal|p1a: Crobat|41\/374|[from] item: Black Sludge
|turn|27
|
|move|p1a: Crobat|Roost|p1a: Crobat
|-heal|p1a: Crobat|228\/374
|-activate|p2a: Goodra|confusion
|-damage|p2a: Goodra|316\/384|[from] confusion
|
|-heal|p1a: Crobat|251\/374|[from] item: Black Sludge
|turn|28
|
|move|p1a: Crobat|Roost|p1a: Crobat
|-heal|p1a: Crobat|374\/374
|-end|p2a: Goodra|confusion
|move|p2a: Goodra|Fire Blast|p1a: Crobat
|-damage|p1a: Crobat|256\/374
|
|-heal|p1a: Crobat|279\/374|[from] item: Black Sludge
|turn|29
|
|move|p1a: Crobat|Roost|p1a: Crobat
|-heal|p1a: Crobat|374\/374
|move|p2a: Goodra|Muddy Water|p1a: Crobat
|-damage|p1a: Crobat|276\/374
|
|-heal|p1a: Crobat|299\/374|[from] item: Black Sludge
|turn|30
|
|move|p1a: Crobat|Brave Bird|p2a: Goodra
|-damage|p2a: Goodra|132\/384
|-damage|p1a: Crobat|238\/374|[from] recoil|[of] p2a: Goodra
|move|p2a: Goodra|Muddy Water|p1a: Crobat
|-damage|p1a: Crobat|150\/374
|-unboost|p1a: Crobat|accuracy|1
|
|-heal|p1a: Crobat|173\/374|[from] item: Black Sludge
|turn|31
|
|switch|p2a: Garchomp|Garchomp, M|111\/420
|move|p1a: Crobat|Brave Bird|p2a: Garchomp
|-crit|p2a: Garchomp
|-damage|p2a: Garchomp|0 fnt
|-damage|p1a: Crobat|127\/374|[from] ability: Rough Skin|[of] p2a: Garchomp
|-damage|p1a: Crobat|65\/374|[from] item: Rocky Helmet|[of] p2a: Garchomp
|-damage|p1a: Crobat|28\/374|[from] recoil|[of] p2a: Garchomp
|faint|p2a: Garchomp
|
|-heal|p1a: Crobat|51\/374|[from] item: Black Sludge
|
|switch|p2a: Goodra|Goodra, F|132\/384
|turn|32
|
|switch|p1a: Heatran|Heatran, F|379\/379
|-item|p1a: Heatran|Air Balloon
|move|p2a: Goodra|Outrage|p1a: Heatran
|-resisted|p1a: Heatran
|-damage|p1a: Heatran|280\/379
|-enditem|p1a: Heatran|Air Balloon
|
|turn|33
|
|move|p1a: Heatran|Flash Cannon|p2a: Goodra
|-damage|p2a: Goodra|59\/384
|move|p2a: Goodra|Outrage|p1a: Heatran
|-resisted|p1a: Heatran
|-damage|p1a: Heatran|184\/379
|
|turn|34
|
|move|p1a: Heatran|Flash Cannon|p2a: Goodra
|-damage|p2a: Goodra|0 fnt
|faint|p2a: Goodra
|
|
|switch|p2a: Landorus|Landorus, M|23\/320
|turn|35
|
|switch|p1a: Crobat|Crobat, F|51\/374
|move|p2a: Landorus|Earth Power|p1a: Crobat
|-immune|p1a: Crobat|[msg]
|
|-heal|p1a: Crobat|74\/374|[from] item: Black Sludge
|turn|36
|
|move|p1a: Crobat|Brave Bird|p2a: Landorus
|-damage|p2a: Landorus|0 fnt
|-damage|p1a: Crobat|66\/374|[from] recoil|[of] p2a: Landorus
|faint|p2a: Landorus
|
|-heal|p1a: Crobat|89\/374|[from] item: Black Sludge
|
|switch|p2a: Rotom-Wash|Rotom-Wash|46\/304
|turn|37
|
|move|p1a: Crobat|Brave Bird|p2a: Rotom-Wash
|-resisted|p2a: Rotom-Wash
|-damage|p2a: Rotom-Wash|0 fnt
|-damage|p1a: Crobat|74\/374|[from] recoil|[of] p2a: Rotom-Wash
|faint|p2a: Rotom-Wash
|
|-heal|p1a: Crobat|97\/374|[from] item: Black Sludge
|c|âMikasa1337|gg
|-message|Mikasa1337 forfeited.
|
|win|BACONtators
|raw|Ladder updating...
|raw|BACONtators's rating: 1501 &rarr; <strong>1518<\/strong><br \/>(+17 for winning)
|raw|Mikasa1337's rating: 1455 &rarr; <strong>1438<\/strong><br \/>(-17 for losing)
|c|âBACONtators|gg finish
|c|âMikasa1337|overpredicted
|c|âMikasa1337|a lot :\/
|c|âBACONtators|it was really close
|leave|Mikasa1337
|player|p2