|join|Mikasa1337
|join|LT5Y Widetomato
|player|p1|Mikasa1337|102
|player|p2|LT5Y Widetomato|265
|gametype|singles
|gen|6
|tier|OU
|rated
|clearpoke
|poke|p1|Azelf
|poke|p1|Smeargle, F
|poke|p1|Whimsicott, F
|poke|p1|Thundurus, M
|poke|p1|Espeon, F
|poke|p1|Charizard, F
|poke|p2|Keldeo
|poke|p2|Bisharp, F
|poke|p2|Gyarados, F
|poke|p2|Latios, M
|poke|p2|Ferrothorn, F
|poke|p2|Gardevoir, F
|rule|Swagger Clause: Swagger is banned
|rule|Baton Pass Clause: Limit one PokÃ©mon knowing Baton Pass
|rule|Sleep Clause Mod: Limit one foe put to sleep
|rule|Species Clause: Limit one of each PokÃ©mon
|rule|OHKO Clause: OHKO moves are banned
|rule|Moody Clause: Moody is banned
|rule|Evasion Moves Clause: Evasion moves are banned
|rule|Endless Battle Clause: Forcing endless battles is banned
|rule|HP Percentage Mod: HP is shown in percentages
|teampreview
|c|âLT5Y Widetomato|fucking aids
|
|start
|switch|p1a: Azelf|Azelf|354\/354
|switch|p2a: Bisharp|Bisharp, F|271\/271
|turn|1
|
|move|p1a: Azelf|Reflect|p1a: Azelf
|-sidestart|p1: Mikasa1337|Reflect
|move|p2a: Bisharp|Knock Off|p1a: Azelf
|-supereffective|p1a: Azelf
|-damage|p1a: Azelf|92\/354
|-enditem|p1a: Azelf|Light Clay|[from] move: Knock Off|[of] p2a: Bisharp
|
|turn|2
|
|switch|p2a: Ferrothorn|Ferrothorn, F|352\/352
|move|p1a: Azelf|Explosion|p2a: Ferrothorn
|-resisted|p2a: Ferrothorn
|-damage|p2a: Ferrothorn|268\/352
|faint|p1a: Azelf
|
|-heal|p2a: Ferrothorn|290\/352|[from] item: Leftovers
|
|switch|p1a: Whimsicott|Whimsicott, F|324\/324
|turn|3
|
|move|p1a: Whimsicott|Taunt|p2a: Ferrothorn
|-start|p2a: Ferrothorn|move: Taunt
|move|p2a: Ferrothorn|Gyro Ball|p1a: Whimsicott
|-supereffective|p1a: Whimsicott
|-damage|p1a: Whimsicott|165\/324
|
|-heal|p2a: Ferrothorn|312\/352|[from] item: Leftovers
|turn|4
|
|move|p1a: Whimsicott|Tailwind|p1a: Whimsicott
|-sidestart|p1: Mikasa1337|move: Tailwind
|move|p2a: Ferrothorn|Gyro Ball|p1a: Whimsicott
|-supereffective|p1a: Whimsicott
|-damage|p1a: Whimsicott|24\/324
|
|-heal|p2a: Ferrothorn|334\/352|[from] item: Leftovers
|turn|5
|
|switch|p2a: Bisharp|Bisharp, F|271\/271
|move|p1a: Whimsicott|Memento|p2a: Bisharp
|-unboost|p2a: Bisharp|atk|2
|-boost|p2a: Bisharp|atk|2|[from] ability: Defiant
|-unboost|p2a: Bisharp|spa|2
|-boost|p2a: Bisharp|atk|2|[from] ability: Defiant
|faint|p1a: Whimsicott
|
|
|switch|p1a: Smeargle|Smeargle, F|314\/314
|turn|6
|
|move|p1a: Smeargle|Spore|p2a: Bisharp
|-status|p2a: Bisharp|slp
|-enditem|p2a: Bisharp|Lum Berry|[eat]
|-curestatus|p2a: Bisharp|slp
|move|p2a: Bisharp|Knock Off|p1a: Smeargle
|-damage|p1a: Smeargle|0 fnt
|-enditem|p1a: Smeargle|Power Herb|[from] move: Knock Off|[of] p2a: Bisharp
|faint|p1a: Smeargle
|
|c|âLT5Y Widetomato|rekt
|c|âMikasa1337|nice
|
|switch|p1a: Charizard|Charizard, F|347\/347
|turn|7
|
|detailschange|p1a: Charizard|Charizard-Mega-X, F
|message|Charizard has Mega Evolved into Mega Charizard!
|move|p1a: Charizard|Roost|p1a: Charizard
|-fail|p1a: Charizard
|move|p2a: Bisharp|Knock Off|p1a: Charizard
|-damage|p1a: Charizard|228\/347
|
|-sideend|p1: Mikasa1337|move: Tailwind
|turn|8
|
|switch|p2a: Gyarados|Gyarados, F|332\/332
|-ability|p2a: Gyarados|Intimidate|[of] p1a: Charizard
|-unboost|p1a: Charizard|atk|1
|move|p1a: Charizard|Flare Blitz|p2a: Gyarados
|-resisted|p2a: Gyarados
|-damage|p2a: Gyarados|200\/332
|-damage|p1a: Charizard|184\/347|[from] recoil|[of] p2a: Gyarados
|
|-heal|p2a: Gyarados|220\/332|[from] item: Leftovers
|-sideend|p1: Mikasa1337|Reflect
|turn|9
|
|move|p2a: Gyarados|Dragon Dance|p2a: Gyarados
|-boost|p2a: Gyarados|atk|1
|-boost|p2a: Gyarados|spe|1
|move|p1a: Charizard|Roost|p1a: Charizard
|-heal|p1a: Charizard|347\/347
|
|-heal|p2a: Gyarados|240\/332|[from] item: Leftovers
|turn|10
|
|move|p2a: Gyarados|Waterfall|p1a: Charizard
|-damage|p1a: Charizard|154\/347
|move|p1a: Charizard|Dragon Claw|p2a: Gyarados
|-damage|p2a: Gyarados|71\/332
|
|-heal|p2a: Gyarados|91\/332|[from] item: Leftovers
|turn|11
|
|move|p2a: Gyarados|Waterfall|p1a: Charizard
|-damage|p1a: Charizard|0 fnt
|faint|p1a: Charizard
|
|-heal|p2a: Gyarados|111\/332|[from] item: Leftovers
|
|switch|p1a: Thundurus|Thundurus, M|299\/299
|turn|12
|c|âLT5Y Widetomato|how does it feel?
|
|move|p2a: Gyarados|Waterfall|p1a: Thundurus
|-damage|p1a: Thundurus|17\/299
|move|p1a: Thundurus|Thunderbolt|p2a: Gyarados
|-supereffective|p2a: Gyarados
|-damage|p2a: Gyarados|0 fnt
|faint|p2a: Gyarados
|
|c|âMikasa1337|how does what feel
|c|âMikasa1337|if i took pokemon seriously i would probably be raging right now i guess
|c|âLT5Y Widetomato|using geopass knowing it involves no particular skill?
|
|switch|p2a: Keldeo|Keldeo|323\/323
|turn|13
|c|âMikasa1337|i just use this team bc it's fun
|c|âMikasa1337|showdown people are so funny
|
|move|p2a: Keldeo|Scald|p1a: Thundurus
|-damage|p1a: Thundurus|0 fnt
|faint|p1a: Thundurus
|
|c|âLT5Y Widetomato|i see
|
|switch|p1a: Espeon|Espeon, F|334\/334
|turn|14
|
|switch|p2a: Bisharp|Bisharp, F|271\/271
|move|p1a: Espeon|Dazzling Gleam|p2a: Bisharp
|-damage|p2a: Bisharp|173\/271
|
|turn|15
|
|move|p1a: Espeon|Dazzling Gleam|p2a: Bisharp
|-damage|p2a: Bisharp|72\/271
|move|p2a: Bisharp|Knock Off|p1a: Espeon
|-supereffective|p1a: Espeon
|-damage|p1a: Espeon|0 fnt
|-enditem|p1a: Espeon|Leftovers|[from] move: Knock Off|[of] p2a: Bisharp
|faint|p1a: Espeon
|
|win|LT5Y Widetomato
|raw|Ladder updating...
|raw|Mikasa1337's rating: 1616 &rarr; <strong>1598<\/strong><br \/>(-18 for losing)
|raw|LT5Y Widetomato's rating: 1655 &rarr; <strong>1673<\/strong><br \/>(+18 for winning)
|c|âLT5Y Widetomato|gg
|c|âMikasa1337|gg
|c|âMikasa1337|i would argue tho
|c|âMikasa1337|that it still takes skill
|c|âLT5Y Widetomato|lol how?
|c|âMikasa1337|timing
|c|âMikasa1337|the entire team is based on timing and lead prediction
|c|âMikasa1337|but yeah other than that, the formula is basically the same
|c|âLT5Y Widetomato|maybe if you have no arms it takes skill to press bottoms, otherwise not