|join|Mikasa1337
|join|jibhuhb
|player|p1|Mikasa1337|1
|player|p2|jibhuhb|167
|gametype|singles
|gen|6
|tier|OU
|rated
|clearpoke
|poke|p1|Excadrill, M
|poke|p1|Talonflame, F
|poke|p1|Greninja, M
|poke|p1|Goodra, F
|poke|p1|Garchomp, F
|poke|p1|Mawile, M
|poke|p2|Landorus, M
|poke|p2|Suicune
|poke|p2|Gliscor, M
|poke|p2|Virizion
|poke|p2|Pinsir, F
|poke|p2|Tyranitar, M
|rule|Baton Pass Clause: Limit 3 pokemon knowing Baton Pass
|rule|Sleep Clause Mod: Limit one foe put to sleep
|rule|Species Clause: Limit one of each Pokemon
|rule|OHKO Clause: OHKO moves are banned
|rule|Moody Clause: Moody is banned
|rule|Evasion Moves Clause: Evasion moves are banned
|rule|Endless Battle Clause: Forcing endless battles is banned
|rule|HP Percentage Mod: HP is reported as percentages
|teampreview
|
|start
|switch|p1a: Mawile|Mawile, M|304\/304
|switch|p2a: Tyranitar|Tyranitar, M|373\/373
|-weather|Sandstorm
|-ability|p1a: Mawile|Intimidate|[of] p2a: Tyranitar
|-unboost|p2a: Tyranitar|atk|1
|turn|1
|
|detailschange|p1a: Mawile|Mawile-Mega, M
|message|Mawile has Mega Evolved into Mega Mawile!
|move|p2a: Tyranitar|Fire Blast|p1a: Mawile
|-supereffective|p1a: Mawile
|-damage|p1a: Mawile|86\/304
|move|p1a: Mawile|Play Rough|p2a: Tyranitar
|-supereffective|p2a: Tyranitar
|-damage|p2a: Tyranitar|0 fnt
|faint|p2a: Tyranitar
|
|-weather|Sandstorm|[upkeep]
|
|switch|p2a: Gliscor|Gliscor, M|323\/323
|turn|2
|
|switch|p1a: Excadrill|Excadrill, M|362\/362
|-ability|p1a: Excadrill|Mold Breaker
|-item|p1a: Excadrill|Air Balloon
|move|p2a: Gliscor|Earthquake|p1a: Excadrill
|-immune|p1a: Excadrill|[msg]
|
|-weather|Sandstorm|[upkeep]
|-status|p2a: Gliscor|tox|[from] item: Toxic Orb
|turn|3
|
|move|p1a: Excadrill|Stealth Rock|p2a: Gliscor
|-sidestart|p2: jibhuhb|move: Stealth Rock
|move|p2a: Gliscor|Fling|p1a: Excadrill
|-enditem|p2a: Gliscor|Toxic Orb|[from] move: Fling
|-damage|p1a: Excadrill|314\/362
|-enditem|p1a: Excadrill|Air Balloon
|
|-weather|Sandstorm|[upkeep]
|turn|4
|
|switch|p1a: Garchomp|Garchomp, F|420\/420
|move|p2a: Gliscor|Earthquake|p1a: Garchomp
|-damage|p1a: Garchomp|299\/420
|
|-weather|Sandstorm|[upkeep]
|turn|5
|
|move|p1a: Garchomp|Swords Dance|p1a: Garchomp
|-boost|p1a: Garchomp|atk|2
|move|p2a: Gliscor|Acrobatics|p1a: Garchomp
|-damage|p1a: Garchomp|157\/420
|-damage|p2a: Gliscor|283\/323 tox|[from] ability: Rough Skin|[of] p1a: Garchomp
|-damage|p2a: Gliscor|230\/323 tox|[from] item: Rocky Helmet|[of] p1a: Garchomp
|
|-weather|none
|-heal|p2a: Gliscor|270\/323 tox|[from] ability: Poison Heal
|turn|6
|
|move|p1a: Garchomp|Dragon Claw|p2a: Gliscor
|-damage|p2a: Gliscor|71\/323 tox
|move|p2a: Gliscor|Acrobatics|p1a: Garchomp
|-crit|p1a: Garchomp
|-damage|p1a: Garchomp|0 fnt
|-damage|p2a: Gliscor|31\/323 tox|[from] ability: Rough Skin|[of] p1a: Garchomp
|-damage|p2a: Gliscor|0 fnt|[from] item: Rocky Helmet|[of] p1a: Garchomp
|faint|p1a: Garchomp
|faint|p2a: Gliscor
|
|
|switch|p1a: Greninja|Greninja, M|286\/286
|switch|p2a: Suicune|Suicune|373\/373
|-damage|p2a: Suicune|327\/373|[from] Stealth Rock
|-ability|p2a: Suicune|Pressure
|turn|7
|
|-start|p1a: Greninja|typechange|Grass|[from] Protean
|move|p1a: Greninja|Hidden Power|p2a: Suicune
|-supereffective|p2a: Suicune
|-damage|p2a: Suicune|153\/373
|-damage|p1a: Greninja|258\/286|[from] item: Life Orb
|move|p2a: Suicune|Mirror Coat|p1a: Greninja
|-damage|p1a: Greninja|0 fnt
|faint|p1a: Greninja
|
|-heal|p2a: Suicune|176\/373|[from] item: Leftovers
|
|switch|p1a: Talonflame|Talonflame, F|298\/298
|turn|8
|
|move|p1a: Talonflame|Brave Bird|p2a: Suicune
|-damage|p2a: Suicune|0 fnt
|-damage|p1a: Talonflame|240\/298|[from] recoil|[of] p2a: Suicune
|faint|p2a: Suicune
|
|
|switch|p2a: Virizion|Virizion|324\/324
|-damage|p2a: Virizion|304\/324|[from] Stealth Rock
|turn|9
|
|move|p2a: Virizion|Quick Guard|p2a: Virizion
|-singleturn|p2a: Virizion|Quick Guard
|move|p1a: Talonflame|Brave Bird|p2a: Virizion
|-activate|p2a: Virizion|Quick Guard
|
|turn|10
|
|move|p2a: Virizion|Quick Guard|p2a: Virizion
|-singleturn|p2a: Virizion|Quick Guard
|move|p1a: Talonflame|Brave Bird|p2a: Virizion
|-activate|p2a: Virizion|Quick Guard
|
|turn|11
|
|move|p2a: Virizion|Quick Guard|p2a: Virizion
|-singleturn|p2a: Virizion|Quick Guard
|move|p1a: Talonflame|Brave Bird|p2a: Virizion
|-activate|p2a: Virizion|Quick Guard
|
|turn|12
|
|move|p2a: Virizion|Quick Guard|p2a: Virizion
|-singleturn|p2a: Virizion|Quick Guard
|move|p1a: Talonflame|Brave Bird|p2a: Virizion
|-activate|p2a: Virizion|Quick Guard
|
|turn|13
|
|move|p2a: Virizion|Quick Guard|p2a: Virizion
|-singleturn|p2a: Virizion|Quick Guard
|move|p1a: Talonflame|Brave Bird|p2a: Virizion
|-activate|p2a: Virizion|Quick Guard
|
|turn|14
|
|switch|p1a: Mawile|Mawile-Mega, M|86\/304
|move|p2a: Virizion|Quick Guard|p2a: Virizion
|
|turn|15
|
|move|p2a: Virizion|Sacred Sword|p1a: Mawile
|-damage|p1a: Mawile|0 fnt
|faint|p1a: Mawile
|
|
|switch|p1a: Talonflame|Talonflame, F|240\/298
|turn|16
|
|switch|p2a: Landorus|Landorus, M|319\/319
|-damage|p2a: Landorus|280\/319|[from] Stealth Rock
|move|p1a: Talonflame|Flare Blitz|p2a: Landorus
|-damage|p2a: Landorus|0 fnt
|-damage|p1a: Talonflame|148\/298|[from] recoil|[of] p2a: Landorus
|faint|p2a: Landorus
|
|
|switch|p2a: Pinsir|Pinsir, F|272\/272
|-damage|p2a: Pinsir|204\/272|[from] Stealth Rock
|turn|17
|
|switch|p1a: Excadrill|Excadrill, M|314\/362
|-ability|p1a: Excadrill|Mold Breaker
|detailschange|p2a: Pinsir|Pinsir-Mega, F
|message|Pinsir has Mega Evolved into Mega Pinsir!
|move|p2a: Pinsir|Feint|p1a: Excadrill
|-resisted|p1a: Excadrill
|-damage|p1a: Excadrill|258\/362
|
|turn|18
|
|move|p2a: Pinsir|Close Combat|p1a: Excadrill
|-supereffective|p1a: Excadrill
|-damage|p1a: Excadrill|0 fnt
|-unboost|p2a: Pinsir|def|1
|-unboost|p2a: Pinsir|spd|1
|faint|p1a: Excadrill
|
|
|switch|p1a: Talonflame|Talonflame, F|148\/298
|turn|19
|
|move|p2a: Pinsir|Feint|p1a: Talonflame
|-damage|p1a: Talonflame|34\/298
|move|p1a: Talonflame|Brave Bird|p2a: Pinsir
|-supereffective|p2a: Pinsir
|-damage|p2a: Pinsir|0 fnt
|-damage|p1a: Talonflame|0 fnt|[from] recoil|[of] p2a: Pinsir
|faint|p2a: Pinsir
|faint|p1a: Talonflame
|
|
|switch|p2a: Virizion|Virizion|304\/324
|-damage|p2a: Virizion|284\/324|[from] Stealth Rock
|switch|p1a: Goodra|Goodra, F|384\/384
|turn|20
|
|move|p2a: Virizion|Sacred Sword|p1a: Goodra
|-crit|p1a: Goodra
|-damage|p1a: Goodra|122\/384
|move|p1a: Goodra|Fire Blast|p2a: Virizion
|-supereffective|p2a: Virizion
|-damage|p2a: Virizion|136\/324
|
|turn|21
|
|move|p2a: Virizion|Sacred Sword|p1a: Goodra
|-damage|p1a: Goodra|0 fnt
|faint|p1a: Goodra
|
|win|jibhuhb
|raw|Ladder updating...
|raw|Mikasa1337's rating: 1618 &rarr; <strong>1596<\/strong><br \/>(-22 for losing)
|raw|jibhuhb's rating: 1573 &rarr; <strong>1596<\/strong><br \/>(+23 for winning)
|chat|Mikasa1337|wow
|chat|Mikasa1337|that crit
|chat|jibhuhb|gg
|leave|Mikasa1337
|player|p1