|join|mikasa1337
|join|RayCharls
|player|p1|mikasa1337|2
|player|p2|RayCharls|156
|gametype|singles
|gen|6
|tier|OU
|rated
|clearpoke
|poke|p1|Kyurem-Black
|poke|p1|Talonflame, F
|poke|p1|Scizor, M
|poke|p1|Rotom-Wash
|poke|p1|Garchomp, F
|poke|p1|Bisharp, F
|poke|p2|Kingdra, M
|poke|p2|Politoed, F
|poke|p2|Tornadus-Therian, M
|poke|p2|Ferrothorn, F
|poke|p2|Kabutops, F
|poke|p2|Manectric, F
|rule|Sleep Clause Mod: Limit one foe put to sleep
|rule|Species Clause: Limit one of each Pokemon
|rule|OHKO Clause: OHKO moves are banned
|rule|Moody Clause: Moody is banned
|rule|Evasion Moves Clause: Evasion moves are banned
|rule|Endless Battle Clause: Forcing endless battles is banned.
|rule|HP Percentage Mod: HP is reported as percentages
|teampreview
|join|Osu Is Better
|
|start
|switch|p1a: Talonflame|Talonflame, F|298\/298
|switch|p2a: Ferrothorn|Ferrothorn, F|352\/352
|turn|1
|
|move|p1a: Talonflame|U-turn|p2a: Ferrothorn
|-damage|p2a: Ferrothorn|293\/352
|-damage|p1a: Talonflame|261\/298|[from] ability: Iron Barbs|[of] p2a: Ferrothorn
|
|switch|p1a: Scizor|Scizor, M|344\/344
|move|p2a: Ferrothorn|Stealth Rock|p1a: Scizor
|-sidestart|p1: mikasa1337|move: Stealth Rock
|
|-heal|p2a: Ferrothorn|315\/352|[from] item: Leftovers
|turn|2
|
|move|p1a: Scizor|Defog|p2a: Ferrothorn
|-unboost|p2a: Ferrothorn|evasion|1
|-sideend|p1: mikasa1337|Stealth Rock|[from] move: Defog|[of] p1a: Scizor
|move|p2a: Ferrothorn|Leech Seed|p1a: Scizor
|-start|p1a: Scizor|move: Leech Seed
|
|-heal|p2a: Ferrothorn|337\/352|[from] item: Leftovers
|-damage|p1a: Scizor|301\/344|[from] Leech Seed|[of] p2a: Ferrothorn
|-heal|p2a: Ferrothorn|352\/352|[silent]
|turn|3
|
|switch|p1a: Talonflame|Talonflame, F|261\/298
|move|p2a: Ferrothorn|Stealth Rock|p1a: Talonflame
|-sidestart|p1: mikasa1337|move: Stealth Rock
|
|turn|4
|
|switch|p2a: Politoed|Politoed, F|384\/384
|-weather|RainDance
|move|p1a: Talonflame|Flare Blitz|p2a: Politoed
|-resisted|p2a: Politoed
|-damage|p2a: Politoed|327\/384
|-damage|p1a: Talonflame|242\/298|[from] recoil|[of] p2a: Politoed
|
|-weather|RainDance|[upkeep]
|turn|5
|
|switch|p1a: Rotom-Wash|Rotom-Wash|304\/304
|-damage|p1a: Rotom-Wash|266\/304|[from] Stealth Rock
|move|p2a: Politoed|Scald|p1a: Rotom-Wash
|-resisted|p1a: Rotom-Wash
|-damage|p1a: Rotom-Wash|204\/304
|-status|p1a: Rotom-Wash|brn
|
|-weather|RainDance|[upkeep]
|-damage|p1a: Rotom-Wash|166\/304 brn|[from] brn
|turn|6
|
|switch|p2a: Ferrothorn|Ferrothorn, F|352\/352
|move|p1a: Rotom-Wash|Will-O-Wisp|p2a: Ferrothorn
|-status|p2a: Ferrothorn|brn
|
|-weather|RainDance|[upkeep]
|-damage|p1a: Rotom-Wash|128\/304 brn|[from] brn
|-damage|p2a: Ferrothorn|308\/352 brn|[from] brn
|turn|7
|
|switch|p2a: Manectric|Manectric, F|281\/281
|move|p1a: Rotom-Wash|Rest|p1a: Rotom-Wash
|-status|p1a: Rotom-Wash|slp
|-heal|p1a: Rotom-Wash|304\/304 slp|[silent]
|-status|p1a: Rotom-Wash|slp|[from] move: Rest
|-enditem|p1a: Rotom-Wash|Chesto Berry|[eat]
|-curestatus|p1a: Rotom-Wash|slp
|
|-weather|RainDance|[upkeep]
|turn|8
|join|Nightowl93
|
|-ability|p2a: Manectric|Intimidate|[of] p1a: Rotom-Wash
|-unboost|p1a: Rotom-Wash|atk|1
|detailschange|p2a: Manectric|Manectric-Mega, F
|message|Manectric has Mega Evolved into Mega Manectric!
|move|p2a: Manectric|Volt Switch|p1a: Rotom-Wash
|-damage|p1a: Rotom-Wash|177\/304
|chat|Nightowl93|#HPDig 
|
|switch|p2a: Kingdra|Kingdra, M|298\/298
|move|p1a: Rotom-Wash|Will-O-Wisp|p2a: Kingdra
|-status|p2a: Kingdra|brn
|
|-weather|RainDance|[upkeep]
|-damage|p2a: Kingdra|261\/298 brn|[from] brn
|turn|9
|chat|Nightowl93|#HPBanNightowl
|chat|Nightowl93|ok that's enough hp Kappa
|chat|RayCharls|#shutthefuckupfilthycasual
|chat|Nightowl93|lol
|
|move|p2a: Kingdra|Hydro Pump|p1a: Rotom-Wash
|-resisted|p1a: Rotom-Wash
|-damage|p1a: Rotom-Wash|0 fnt
|faint|p1a: Rotom-Wash
|
|-weather|RainDance|[upkeep]
|-damage|p2a: Kingdra|224\/298 brn|[from] brn
|
|switch|p1a: Scizor|Scizor, M|301\/344
|-damage|p1a: Scizor|258\/344|[from] Stealth Rock
|turn|10
|
|move|p2a: Kingdra|Hydro Pump|p1a: Scizor
|-crit|p1a: Scizor
|-damage|p1a: Scizor|0 fnt
|faint|p1a: Scizor
|
|-weather|RainDance|[upkeep]
|-damage|p2a: Kingdra|187\/298 brn|[from] brn
|
|switch|p1a: Talonflame|Talonflame, F|242\/298
|-damage|p1a: Talonflame|93\/298|[from] Stealth Rock
|turn|11
|
|switch|p2a: Manectric|Manectric-Mega, F|281\/281
|-ability|p2a: Manectric|Intimidate|[of] p1a: Talonflame
|-unboost|p1a: Talonflame|atk|1
|move|p1a: Talonflame|Brave Bird|p2a: Manectric
|-resisted|p2a: Manectric
|-damage|p2a: Manectric|181\/281
|-damage|p1a: Talonflame|60\/298|[from] recoil|[of] p2a: Manectric
|
|-weather|none
|turn|12
|
|move|p1a: Talonflame|Brave Bird|p2a: Manectric
|-resisted|p2a: Manectric
|-damage|p2a: Manectric|84\/281
|-damage|p1a: Talonflame|28\/298|[from] recoil|[of] p2a: Manectric
|move|p2a: Manectric|Volt Switch|p1a: Talonflame
|-supereffective|p1a: Talonflame
|-damage|p1a: Talonflame|0 fnt
|faint|p1a: Talonflame
|
|switch|p2a: Politoed|Politoed, F|327\/384
|-weather|RainDance
|
|-weather|RainDance|[upkeep]
|chat|mikasa1337|this rain team tho
|
|switch|p1a: Kyurem-Black|Kyurem-Black|392\/392
|-damage|p1a: Kyurem-Black|294\/392|[from] Stealth Rock
|-ability|p1a: Kyurem-Black|Teravolt
|turn|13
|chat|Nightowl93|Get rekt mikasa Kappa
|
|switch|p2a: Manectric|Manectric-Mega, F|84\/281
|-ability|p2a: Manectric|Intimidate|[of] p1a: Kyurem-Black
|-unboost|p1a: Kyurem-Black|atk|1
|move|p1a: Kyurem-Black|Outrage|p2a: Manectric
|-damage|p2a: Manectric|0 fnt
|faint|p2a: Manectric
|
|-weather|RainDance|[upkeep]
|
|switch|p2a: Kingdra|Kingdra, M|187\/298 brn
|turn|14
|
|move|p2a: Kingdra|Dragon Pulse|p1a: Kyurem-Black
|-supereffective|p1a: Kyurem-Black
|-damage|p1a: Kyurem-Black|0 fnt
|faint|p1a: Kyurem-Black
|
|-weather|RainDance|[upkeep]
|-damage|p2a: Kingdra|150\/298 brn|[from] brn
|
|switch|p1a: Bisharp|Bisharp, F|272\/272
|-damage|p1a: Bisharp|255\/272|[from] Stealth Rock
|turn|15
|
|move|p1a: Bisharp|Sucker Punch|p2a: Kingdra
|-damage|p2a: Kingdra|3\/298 brn
|move|p2a: Kingdra|Dragon Pulse|p1a: Bisharp
|-crit|p1a: Bisharp
|-resisted|p1a: Bisharp
|-damage|p1a: Bisharp|66\/272
|
|-weather|RainDance|[upkeep]
|-damage|p2a: Kingdra|0 fnt|[from] brn
|faint|p2a: Kingdra
|
|switch|p2a: Kabutops|Kabutops, F|268\/268
|turn|16
|
|move|p2a: Kabutops|Aqua Jet|p1a: Bisharp
|-damage|p1a: Bisharp|0 fnt
|-damage|p2a: Kabutops|242\/268|[from] item: Life Orb
|faint|p1a: Bisharp
|
|-weather|RainDance|[upkeep]
|
|switch|p1a: Garchomp|Garchomp, F|420\/420
|-damage|p1a: Garchomp|394\/420|[from] Stealth Rock
|turn|17
|
|detailschange|p1a: Garchomp|Garchomp-Mega, F
|message|Garchomp has Mega Evolved into Mega Garchomp!
|move|p2a: Kabutops|Waterfall|p1a: Garchomp
|-damage|p1a: Garchomp|211\/420
|-damage|p2a: Kabutops|216\/268|[from] item: Life Orb
|move|p1a: Garchomp|Earthquake|p2a: Kabutops
|-supereffective|p2a: Kabutops
|-damage|p2a: Kabutops|0 fnt
|faint|p2a: Kabutops
|
|-weather|RainDance|[upkeep]
|
|switch|p2a: Tornadus-Therian|Tornadus-Therian, M|299\/299
|turn|18
|
|move|p2a: Tornadus-Therian|Hurricane|p1a: Garchomp
|-damage|p1a: Garchomp|0 fnt
|-damage|p2a: Tornadus-Therian|270\/299|[from] item: Life Orb
|faint|p1a: Garchomp
|
|win|RayCharls
|raw|Ladder updating...
|raw|mikasa1337's rating: 1587 &rarr; <strong>1568<\/strong><br \/>(-19 for losing)
|raw|RayCharls's rating: 1600 &rarr; <strong>1620<\/strong><br \/>(+20 for winning)
|chat|mikasa1337|gg
|chat|RayCharls|gg