|join|LT5A Beardy
|join|Mikasa1337
|player|p1|LT5A Beardy|35
|player|p2|Mikasa1337|170
|gametype|singles
|gen|6
|tier|OU
|rated
|clearpoke
|poke|p1|Azelf
|poke|p1|Smeargle, M
|poke|p1|Whimsicott, M
|poke|p1|Thundurus, M
|poke|p1|Espeon, M
|poke|p1|Charizard, F
|poke|p2|Kyurem-Black
|poke|p2|Greninja, F
|poke|p2|Landorus-Therian, M
|poke|p2|Rotom-Heat
|poke|p2|Medicham, F
|poke|p2|Bisharp, M
|rule|Swagger Clause: Swagger is banned
|rule|Baton Pass Clause: Limit one PokÃ©mon knowing Baton Pass
|rule|Sleep Clause Mod: Limit one foe put to sleep
|rule|Species Clause: Limit one of each PokÃ©mon
|rule|OHKO Clause: OHKO moves are banned
|rule|Moody Clause: Moody is banned
|rule|Evasion Moves Clause: Evasion moves are banned
|rule|Endless Battle Clause: Forcing endless battles is banned
|rule|HP Percentage Mod: HP is shown in percentages
|teampreview
|c|âMikasa1337|damn it beardy
|c|âLT5A Beardy|lol
|join|GaryOak452
|c|âLT5A Beardy|u have 4 members of ur team that can singlehandedly dismantle geopass, u should b happy
|c|âMikasa1337|lol
|
|start
|switch|p1a: Azelf|Azelf|354\/354
|switch|p2a: Greninja|Greninja, F|286\/286
|turn|1
|
|switch|p1a: Thundurus|Thundurus, M|299\/299
|move|p2a: Greninja|Dark Pulse|p1a: Thundurus
|-start|p2a: Greninja|typechange|Dark|[from] Protean
|-damage|p1a: Thundurus|91\/299
|-damage|p2a: Greninja|258\/286|[from] item: Life Orb
|
|turn|2
|
|move|p2a: Greninja|Ice Beam|p1a: Thundurus
|-start|p2a: Greninja|typechange|Ice|[from] Protean
|-supereffective|p1a: Thundurus
|-damage|p1a: Thundurus|0 fnt
|-damage|p2a: Greninja|230\/286|[from] item: Life Orb
|faint|p1a: Thundurus
|
|
|switch|p1a: Charizard|Charizard, F|333\/333
|turn|3
|
|switch|p2a: Landorus-Therian|Landorus-Therian, M|382\/382
|-ability|p2a: Landorus-Therian|Intimidate|[of] p1a: Charizard
|-unboost|p1a: Charizard|atk|1
|switch|p1a: Azelf|Azelf|354\/354
|
|turn|4
|
|move|p1a: Azelf|Reflect|p1a: Azelf
|-sidestart|p1: LT5A Beardy|Reflect
|move|p2a: Landorus-Therian|U-turn|p1a: Azelf
|-supereffective|p1a: Azelf
|-damage|p1a: Azelf|231\/354
|
|switch|p2a: Greninja|Greninja, F|230\/286
|
|turn|5
|
|move|p2a: Greninja|Dark Pulse|p1a: Azelf
|-start|p2a: Greninja|typechange|Dark|[from] Protean
|-supereffective|p1a: Azelf
|-damage|p1a: Azelf|0 fnt
|-damage|p2a: Greninja|202\/286|[from] item: Life Orb
|faint|p1a: Azelf
|
|
|switch|p1a: Whimsicott|Whimsicott, M|324\/324
|turn|6
|
|switch|p2a: Bisharp|Bisharp, M|272\/272
|move|p1a: Whimsicott|Light Screen|p1a: Whimsicott
|-sidestart|p1: LT5A Beardy|move: Light Screen
|
|turn|7
|
|move|p1a: Whimsicott|Taunt|p2a: Bisharp
|-start|p2a: Bisharp|move: Taunt
|cant|p2a: Bisharp|move: Taunt|Swords Dance
|
|turn|8
|
|move|p1a: Whimsicott|Tailwind|p1a: Whimsicott
|-sidestart|p1: LT5A Beardy|move: Tailwind
|move|p2a: Bisharp|Iron Head|p1a: Whimsicott
|-supereffective|p1a: Whimsicott
|-damage|p1a: Whimsicott|155\/324
|-damage|p2a: Bisharp|245\/272|[from] item: Life Orb
|
|turn|9
|
|switch|p1a: Charizard|Charizard, F|333\/333
|move|p2a: Bisharp|Iron Head|p1a: Charizard
|-resisted|p1a: Charizard
|-damage|p1a: Charizard|273\/333
|-damage|p2a: Bisharp|218\/272|[from] item: Life Orb
|
|-end|p2a: Bisharp|move: Taunt
|turn|10
|
|switch|p1a: Smeargle|Smeargle, M|243\/243
|move|p2a: Bisharp|Knock Off|p1a: Smeargle
|-damage|p1a: Smeargle|73\/243
|-enditem|p1a: Smeargle|Power Herb|[from] move: Knock Off|[of] p2a: Bisharp
|-damage|p2a: Bisharp|191\/272|[from] item: Life Orb
|
|-sideend|p1: LT5A Beardy|move: Light Screen
|turn|11
|c|âMikasa1337|phew
|-message|LT5A Beardy forfeited.
|leave|LT5A Beardy
|
|win|Mikasa1337
|raw|Ladder updating...
|player|p1
|raw|LT5A Beardy's rating: 1620 &rarr; <strong>1595<\/strong><br \/>(-25 for losing)
|raw|Mikasa1337's rating: 1538 &rarr; <strong>1563<\/strong><br \/>(+25 for winning)
|leave|GaryOak452