|join|Mikasa1337
|join|pepperonipizza
|player|p1|Mikasa1337|102
|player|p2|pepperonipizza|266
|gametype|singles
|gen|6
|tier|OU
|rated
|clearpoke
|poke|p1|Mawile, F
|poke|p1|Aegislash, M
|poke|p1|Landorus, M
|poke|p1|Dragonite, F
|poke|p1|Rotom-Wash
|poke|p1|Chansey, F
|poke|p2|Gyarados, F, shiny
|poke|p2|Talonflame, F
|poke|p2|Aegislash, M, shiny
|poke|p2|Scizor, M
|poke|p2|Rotom-Wash
|poke|p2|Gliscor, F
|rule|Sleep Clause Mod: Limit one foe put to sleep
|rule|Species Clause: Limit one of each Pokemon
|rule|OHKO Clause: OHKO moves are banned
|rule|Moody Clause: Moody is banned
|rule|Evasion Moves Clause: Evasion moves are banned
|rule|Endless Battle Clause: Forcing endless battles is banned.
|rule|HP Percentage Mod: HP is reported as percentages
|teampreview
|
|start
|switch|p1a: Aegislash|Aegislash, M|324\/324
|switch|p2a: DishDush|Rotom-Wash|304\/304
|turn|1
|
|move|p2a: DishDush|Volt Switch|p1a: Aegislash
|-damage|p1a: Aegislash|237\/324
|
|switch|p2a: Xscy2.0|Scizor, M|344\/344
|-formechange|p1a: Aegislash|Aegislash-Blade
|move|p1a: Aegislash|Shadow Ball|p2a: Xscy2.0
|-crit|p2a: Xscy2.0
|-damage|p2a: Xscy2.0|62\/344
|
|-heal|p1a: Aegislash|257\/324|[from] item: Leftovers
|turn|2
|
|switch|p2a: Wampire|Gliscor, F|354\/354
|-formechange|p1a: Aegislash|Aegislash
|move|p1a: Aegislash|King's Shield|p1a: Aegislash
|-fail|p1a: Aegislash
|
|-heal|p1a: Aegislash|277\/324|[from] item: Leftovers
|-status|p2a: Wampire|tox|[from] item: Toxic Orb
|turn|3
|
|move|p2a: Wampire|Earthquake|p1a: Aegislash
|-supereffective|p1a: Aegislash
|-damage|p1a: Aegislash|119\/324
|-formechange|p1a: Aegislash|Aegislash-Blade
|move|p1a: Aegislash|Shadow Ball|p2a: Wampire
|-damage|p2a: Wampire|135\/354 tox
|
|-heal|p1a: Aegislash|139\/324|[from] item: Leftovers
|-heal|p2a: Wampire|179\/354 tox|[from] ability: Poison Heal
|turn|4
|
|switch|p1a: Rotom-Wash|Rotom-Wash|304\/304
|move|p2a: Wampire|Earthquake|p1a: Rotom-Wash
|-immune|p1a: Rotom-Wash|[msg]
|
|-heal|p2a: Wampire|223\/354 tox|[from] ability: Poison Heal
|turn|5
|
|move|p2a: Wampire|Protect|p2a: Wampire
|-singleturn|p2a: Wampire|Protect
|move|p1a: Rotom-Wash|Volt Switch|p2a: Wampire
|-immune|p2a: Wampire|[msg]
|
|-heal|p2a: Wampire|267\/354 tox|[from] ability: Poison Heal
|turn|6
|
|move|p2a: Wampire|Toxic|p1a: Rotom-Wash
|-status|p1a: Rotom-Wash|tox
|move|p1a: Rotom-Wash|Volt Switch|p2a: Wampire
|-immune|p2a: Wampire|[msg]
|
|-heal|p2a: Wampire|311\/354 tox|[from] ability: Poison Heal
|-damage|p1a: Rotom-Wash|285\/304 tox|[from] psn
|turn|7
|
|move|p2a: Wampire|Protect|p2a: Wampire
|-singleturn|p2a: Wampire|Protect
|move|p1a: Rotom-Wash|Volt Switch|p2a: Wampire
|-immune|p2a: Wampire|[msg]
|
|-heal|p2a: Wampire|354\/354 tox|[from] ability: Poison Heal
|-damage|p1a: Rotom-Wash|247\/304 tox|[from] psn
|turn|8
|
|move|p2a: Wampire|Taunt|p1a: Rotom-Wash
|-start|p1a: Rotom-Wash|move: Taunt
|move|p1a: Rotom-Wash|Hydro Pump|p2a: Wampire
|-supereffective|p2a: Wampire
|-damage|p2a: Wampire|10\/354 tox
|
|-heal|p2a: Wampire|54\/354 tox|[from] ability: Poison Heal
|-damage|p1a: Rotom-Wash|190\/304 tox|[from] psn
|turn|9
|
|switch|p1a: Landorus|Landorus, M|320\/320
|move|p2a: Wampire|Protect|p2a: Wampire
|-fail|p2a: Wampire
|
|-heal|p2a: Wampire|98\/354 tox|[from] ability: Poison Heal
|turn|10
|join|nightowl93
|
|move|p2a: Wampire|Protect|p2a: Wampire
|-singleturn|p2a: Wampire|Protect
|move|p1a: Landorus|Sludge Wave|p2a: Wampire
|-activate|p2a: Wampire|Protect
|
|-heal|p2a: Wampire|142\/354 tox|[from] ability: Poison Heal
|turn|11
|
|switch|p2a: Alexandria|Aegislash, M, shiny|324\/324
|move|p1a: Landorus|Hidden Power|p2a: Alexandria
|-resisted|p2a: Alexandria
|-damage|p2a: Alexandria|294\/324
|-damage|p1a: Landorus|288\/320|[from] item: Life Orb
|
|turn|12
|
|switch|p2a: Leviathan|Gyarados, F, shiny|332\/332
|move|p1a: Landorus|Earth Power|p2a: Leviathan
|-immune|p2a: Leviathan|[msg]
|
|turn|13
|
|move|p1a: Landorus|Sludge Wave|p2a: Leviathan
|-damage|p2a: Leviathan|171\/332
|move|p2a: Leviathan|Waterfall|p1a: Landorus
|-crit|p1a: Landorus
|-supereffective|p1a: Landorus
|-damage|p1a: Landorus|0 fnt
|faint|p1a: Landorus
|-boost|p2a: Leviathan|atk|1|[from] ability: Moxie
|
|
|switch|p1a: Rotom-Wash|Rotom-Wash|190\/304 tox
|turn|14
|
|-ability|p2a: Leviathan|Mold Breaker
|detailschange|p2a: Leviathan|Gyarados-Mega, F, shiny
|message|Gyarados has Mega Evolved into Mega Gyarados!
|move|p2a: Leviathan|Earthquake|p1a: Rotom-Wash
|-supereffective|p1a: Rotom-Wash
|-damage|p1a: Rotom-Wash|0 fnt
|faint|p1a: Rotom-Wash
|
|
|switch|p1a: Mawile|Mawile, F|304\/304
|-ability|p1a: Mawile|Intimidate|[of] p2a: Leviathan
|-unboost|p2a: Leviathan|atk|1
|turn|15
|
|detailschange|p1a: Mawile|Mawile-Mega, F
|message|Mawile has Mega Evolved into Mega Mawile!
|move|p2a: Leviathan|Earthquake|p1a: Mawile
|-supereffective|p1a: Mawile
|-damage|p1a: Mawile|66\/304
|move|p1a: Mawile|Play Rough|p2a: Leviathan
|-supereffective|p2a: Leviathan
|-damage|p2a: Leviathan|0 fnt
|faint|p2a: Leviathan
|
|
|switch|p2a: Xscy2.0|Scizor, M|62\/344
|turn|16
|
|move|p2a: Xscy2.0|Bullet Punch|p1a: Mawile
|-damage|p1a: Mawile|0 fnt
|faint|p1a: Mawile
|
|
|switch|p1a: Chansey|Chansey, F|704\/704
|turn|17
|
|switch|p2a: DishDush|Rotom-Wash|304\/304
|move|p1a: Chansey|Wish|p1a: Chansey
|
|turn|18
|
|switch|p1a: Aegislash|Aegislash, M|139\/324
|move|p2a: DishDush|Trick|p1a: Aegislash
|-activate|p2a: DishDush|move: Trick|[of] p1a: Aegislash
|-item|p1a: Aegislash|Choice Specs|[from] move: Trick
|-item|p2a: DishDush|Leftovers|[from] move: Trick
|
|-heal|p1a: Aegislash|324\/324|[from] move: Wish|[wisher] Chansey
|turn|19
|
|move|p2a: DishDush|Will-O-Wisp|p1a: Aegislash|[miss]
|-miss|p2a: DishDush|p1a: Aegislash
|-formechange|p1a: Aegislash|Aegislash-Blade
|move|p1a: Aegislash|Shadow Ball|p2a: DishDush
|-damage|p2a: DishDush|148\/304
|
|-heal|p2a: DishDush|167\/304|[from] item: Leftovers
|turn|20
|
|move|p2a: DishDush|Volt Switch|p1a: Aegislash
|-damage|p1a: Aegislash|173\/324
|
|switch|p2a: Xscy2.0|Scizor, M|62\/344
|move|p1a: Aegislash|Shadow Ball|p2a: Xscy2.0
|-damage|p2a: Xscy2.0|0 fnt
|faint|p2a: Xscy2.0
|
|
|switch|p2a: Wampire|Gliscor, F|142\/354 tox
|turn|21
|leave|nightowl93
|
|move|p2a: Wampire|Toxic|p1a: Aegislash
|-fail|p1a: Aegislash
|move|p1a: Aegislash|Shadow Ball|p2a: Wampire
|-damage|p2a: Wampire|0 fnt
|faint|p2a: Wampire
|
|join|nightowl93
|
|switch|p2a: Prius|Talonflame, F|360\/360
|turn|22
|
|switch|p1a: Chansey|Chansey, F|704\/704
|move|p2a: Prius|Brave Bird|p1a: Chansey
|-damage|p1a: Chansey|463\/704
|-damage|p2a: Prius|280\/360|[from] recoil|[of] p1a: Chansey
|
|turn|23
|
|move|p2a: Prius|Swords Dance|p2a: Prius
|-boost|p2a: Prius|atk|2
|move|p1a: Chansey|Counter|p2a: Prius
|-fail|p2a: Prius
|
|turn|24
|
|move|p2a: Prius|Swords Dance|p2a: Prius
|-boost|p2a: Prius|atk|2
|move|p1a: Chansey|Seismic Toss|p2a: Prius
|-damage|p2a: Prius|180\/360
|-enditem|p2a: Prius|Sitrus Berry|[eat]
|-heal|p2a: Prius|270\/360|[from] item: Sitrus Berry
|
|turn|25
|
|move|p2a: Prius|Flare Blitz|p1a: Chansey
|-damage|p1a: Chansey|0 fnt
|-damage|p2a: Prius|117\/360|[from] recoil|[of] p1a: Chansey
|faint|p1a: Chansey
|
|
|switch|p1a: Dragonite|Dragonite, F|324\/324
|turn|26
|
|move|p1a: Dragonite|Extreme Speed|p2a: Prius
|-damage|p2a: Prius|0 fnt
|faint|p2a: Prius
|
|
|switch|p2a: DishDush|Rotom-Wash|167\/304
|turn|27
|
|move|p1a: Dragonite|Dragon Dance|p1a: Dragonite
|-boost|p1a: Dragonite|atk|1
|-boost|p1a: Dragonite|spe|1
|move|p2a: DishDush|Will-O-Wisp|p1a: Dragonite
|-status|p1a: Dragonite|brn
|
|-heal|p2a: DishDush|186\/304|[from] item: Leftovers
|-damage|p1a: Dragonite|284\/324 brn|[from] brn
|turn|28
|
|move|p1a: Dragonite|Dragon Dance|p1a: Dragonite
|-boost|p1a: Dragonite|atk|1
|-boost|p1a: Dragonite|spe|1
|move|p2a: DishDush|Hydro Pump|p1a: Dragonite|[miss]
|-miss|p2a: DishDush|p1a: Dragonite
|
|-heal|p2a: DishDush|205\/304|[from] item: Leftovers
|-damage|p1a: Dragonite|244\/324 brn|[from] brn
|turn|29
|
|move|p1a: Dragonite|Dragon Claw|p2a: DishDush
|-damage|p2a: DishDush|49\/304
|move|p2a: DishDush|Hydro Pump|p1a: Dragonite|[miss]
|-miss|p2a: DishDush|p1a: Dragonite
|
|-heal|p2a: DishDush|68\/304|[from] item: Leftovers
|-damage|p1a: Dragonite|204\/324 brn|[from] brn
|turn|30
|
|move|p1a: Dragonite|Dragon Claw|p2a: DishDush
|-damage|p2a: DishDush|0 fnt
|faint|p2a: DishDush
|
|-damage|p1a: Dragonite|164\/324 brn|[from] brn
|
|switch|p2a: Alexandria|Aegislash, M, shiny|294\/324
|turn|31
|
|move|p1a: Dragonite|Earthquake|p2a: Alexandria
|-supereffective|p2a: Alexandria
|-damage|p2a: Alexandria|96\/324
|-enditem|p2a: Alexandria|Weakness Policy
|-boost|p2a: Alexandria|atk|2|[from] item: Weakness Policy
|-boost|p2a: Alexandria|spa|2|[from] item: Weakness Policy
|-formechange|p2a: Alexandria|Aegislash-Blade
|move|p2a: Alexandria|Shadow Ball|p1a: Dragonite
|-damage|p1a: Dragonite|0 fnt
|faint|p1a: Dragonite
|
|
|switch|p1a: Aegislash|Aegislash, M|173\/324
|turn|32
|
|-formechange|p2a: Alexandria|Aegislash
|move|p2a: Alexandria|King's Shield|p2a: Alexandria
|-singleturn|p2a: Alexandria|Protect
|-formechange|p1a: Aegislash|Aegislash-Blade
|move|p1a: Aegislash|Shadow Ball|p2a: Alexandria
|-activate|p2a: Alexandria|Protect
|
|turn|33
|
|-formechange|p2a: Alexandria|Aegislash-Blade
|move|p2a: Alexandria|Shadow Sneak|p1a: Aegislash
|-supereffective|p1a: Aegislash
|-damage|p1a: Aegislash|0 fnt
|faint|p1a: Aegislash
|
|win|pepperonipizza
|raw|Ladder updating...
|raw|Mikasa1337's rating: 1646 &rarr; <strong>1625<\/strong><br \/>(-21 for losing)
|raw|pepperonipizza's rating: 1626 &rarr; <strong>1647<\/strong><br \/>(+21 for winning)
|chat|pepperonipizza|gg
|chat|Mikasa1337|gg
|leave|Mikasa1337
|player|p1