|join|mikasa1337
|join|Loppity
|player|p1|mikasa1337|266
|player|p2|Loppity|6
|gametype|singles
|gen|6
|tier|OU
|rated
|clearpoke
|poke|p1|Scizor, M
|poke|p1|Talonflame, M
|poke|p1|Azumarill, M
|poke|p1|Thundurus, M
|poke|p1|Gengar, M
|poke|p1|Landorus, M
|poke|p2|Aron, L1, F
|poke|p2|Magnezone
|poke|p2|Bisharp, M
|poke|p2|Hippowdon, F
|poke|p2|Excadrill, M
|poke|p2|Celebi
|rule|Swagger Clause: Swagger is banned
|rule|Baton Pass Clause: Limit one PokÃ©mon knowing Baton Pass
|rule|Sleep Clause Mod: Limit one foe put to sleep
|rule|Species Clause: Limit one of each PokÃ©mon
|rule|OHKO Clause: OHKO moves are banned
|rule|Moody Clause: Moody is banned
|rule|Evasion Moves Clause: Evasion moves are banned
|rule|Endless Battle Clause: Forcing endless battles is banned
|rule|HP Percentage Mod: HP is shown in percentages
|teampreview
|
|start
|switch|p1a: Landorus|Landorus, M|320\/320
|switch|p2a: Magnezone|Magnezone|313\/313
|turn|1
|
|switch|p2a: Celebi|Celebi|404\/404
|move|p1a: Landorus|Earth Power|p2a: Celebi
|-crit|p2a: Celebi
|-resisted|p2a: Celebi
|-damage|p2a: Celebi|264\/404
|
|-heal|p2a: Celebi|289\/404|[from] item: Leftovers
|turn|2
|
|move|p1a: Landorus|Sludge Wave|p2a: Celebi
|-supereffective|p2a: Celebi
|-damage|p2a: Celebi|42\/404
|move|p2a: Celebi|Substitute|p2a: Celebi
|-fail|p2a: Celebi|move: Substitute|[weak]
|
|-heal|p2a: Celebi|67\/404|[from] item: Leftovers
|turn|3
|
|move|p1a: Landorus|Earth Power|p2a: Celebi
|-resisted|p2a: Celebi
|-damage|p2a: Celebi|0 fnt
|faint|p2a: Celebi
|
|
|switch|p2a: Aron|Aron, L1, F|12\/12
|turn|4
|
|switch|p1a: Gengar|Gengar, M|262\/262
|move|p2a: Aron|Endeavor|p1a: Gengar
|-immune|p1a: Gengar|[msg]
|
|turn|5
|
|switch|p2a: Hippowdon|Hippowdon, F|420\/420
|-weather|Sandstorm
|move|p1a: Gengar|Substitute|p1a: Gengar
|-start|p1a: Gengar|Substitute
|-damage|p1a: Gengar|197\/262
|
|-weather|Sandstorm|[upkeep]
|-damage|p1a: Gengar|181\/262|[from] sandstorm
|-heal|p1a: Gengar|197\/262|[from] item: Leftovers
|turn|6
|
|switch|p2a: Bisharp|Bisharp, M|287\/287
|move|p1a: Gengar|Shadow Ball|p2a: Bisharp
|-resisted|p2a: Bisharp
|-damage|p2a: Bisharp|239\/287
|
|-weather|Sandstorm|[upkeep]
|-damage|p1a: Gengar|181\/262|[from] sandstorm
|-heal|p1a: Gengar|197\/262|[from] item: Leftovers
|turn|7
|
|move|p1a: Gengar|Shadow Ball|p2a: Bisharp
|-resisted|p2a: Bisharp
|-damage|p2a: Bisharp|193\/287
|-unboost|p2a: Bisharp|spd|1
|-boost|p2a: Bisharp|atk|2|[from] ability: Defiant
|move|p2a: Bisharp|Knock Off|p1a: Gengar
|-supereffective|p1a: Gengar
|-end|p1a: Gengar|Substitute
|
|-weather|Sandstorm|[upkeep]
|-damage|p1a: Gengar|181\/262|[from] sandstorm
|-heal|p1a: Gengar|197\/262|[from] item: Leftovers
|turn|8
|
|move|p1a: Gengar|Destiny Bond|p1a: Gengar
|-singlemove|p1a: Gengar|Destiny Bond
|move|p2a: Bisharp|Pursuit|p1a: Gengar
|-supereffective|p1a: Gengar
|-damage|p1a: Gengar|0 fnt
|faint|p1a: Gengar
|-activate|p1a: Gengar|Destiny Bond
|faint|p2a: Bisharp
|
|-weather|Sandstorm|[upkeep]
|
|switch|p1a: Azumarill|Azumarill, M|404\/404
|switch|p2a: Aron|Aron, L1, F|12\/12
|turn|9
|
|move|p1a: Azumarill|Play Rough|p2a: Aron
|-resisted|p2a: Aron
|-activate|p2a: Aron|Sturdy
|-damage|p2a: Aron|1\/12
|move|p2a: Aron|Endeavor|p1a: Azumarill
|-damage|p1a: Azumarill|1\/404
|-heal|p2a: Aron|12\/12|[from] item: Shell Bell|[of] p1a: Azumarill
|
|-weather|none
|turn|10
|
|switch|p1a: Thundurus|Thundurus, M|300\/300
|switch|p2a: Hippowdon|Hippowdon, F|420\/420
|-weather|Sandstorm
|
|-weather|Sandstorm|[upkeep]
|-damage|p1a: Thundurus|282\/300|[from] sandstorm
|turn|11
|
|move|p1a: Thundurus|Hidden Power|p2a: Hippowdon
|-supereffective|p2a: Hippowdon
|-damage|p2a: Hippowdon|170\/420
|-enditem|p2a: Hippowdon|Eject Button
|-damage|p1a: Thundurus|252\/300|[from] item: Life Orb
|
|switch|p2a: Excadrill|Excadrill, M|362\/362
|
|-weather|Sandstorm|[upkeep]
|-damage|p1a: Thundurus|234\/300|[from] sandstorm
|turn|12
|
|switch|p1a: Scizor|Scizor, M|344\/344
|move|p2a: Excadrill|Rock Slide|p1a: Scizor
|-damage|p1a: Scizor|241\/344
|-damage|p2a: Excadrill|326\/362|[from] item: Life Orb
|
|-weather|Sandstorm|[upkeep]
|turn|13
|
|switch|p2a: Magnezone|Magnezone|313\/313
|detailschange|p1a: Scizor|Scizor-Mega, M
|message|Scizor has Mega Evolved into Mega Scizor!
|move|p1a: Scizor|Roost|p1a: Scizor
|-heal|p1a: Scizor|344\/344
|
|-weather|Sandstorm|[upkeep]
|turn|14
|
|move|p1a: Scizor|Bullet Punch|p2a: Magnezone
|-resisted|p2a: Magnezone
|-damage|p2a: Magnezone|291\/313
|move|p2a: Magnezone|Hidden Power|p1a: Scizor
|-supereffective|p1a: Scizor
|-damage|p1a: Scizor|0 fnt
|faint|p1a: Scizor
|
|-weather|none
|
|switch|p1a: Landorus|Landorus, M|320\/320
|turn|15
|
|move|p1a: Landorus|Earth Power|p2a: Magnezone
|-supereffective|p2a: Magnezone
|-damage|p2a: Magnezone|0 fnt
|faint|p2a: Magnezone
|
|
|switch|p2a: Aron|Aron, L1, F|12\/12
|turn|16
|
|switch|p1a: Azumarill|Azumarill, M|1\/404
|switch|p2a: Hippowdon|Hippowdon, F|170\/420
|-weather|Sandstorm
|
|-weather|Sandstorm|[upkeep]
|-damage|p1a: Azumarill|0 fnt|[from] sandstorm
|faint|p1a: Azumarill
|
|switch|p1a: Landorus|Landorus, M|320\/320
|turn|17
|
|switch|p2a: Aron|Aron, L1, F|12\/12
|move|p1a: Landorus|Earth Power|p2a: Aron
|-supereffective|p2a: Aron
|-activate|p2a: Aron|Sturdy
|-damage|p2a: Aron|1\/12
|
|-weather|Sandstorm|[upkeep]
|turn|18
|
|move|p2a: Aron|Protect|p2a: Aron
|-singleturn|p2a: Aron|Protect
|move|p1a: Landorus|Earth Power|p2a: Aron
|-activate|p2a: Aron|Protect
|
|-weather|Sandstorm|[upkeep]
|turn|19
|
|move|p1a: Landorus|Earth Power|p2a: Aron
|-supereffective|p2a: Aron
|-damage|p2a: Aron|0 fnt
|faint|p2a: Aron
|
|-weather|Sandstorm|[upkeep]
|
|switch|p2a: Excadrill|Excadrill, M|326\/362
|turn|20
|c|âmikasa1337|lvl 1 aron is so gimmicky
|
|move|p2a: Excadrill|Iron Head|p1a: Landorus
|-damage|p1a: Landorus|70\/320
|-damage|p2a: Excadrill|290\/362|[from] item: Life Orb
|cant|p1a: Landorus|flinch
|
|-weather|none
|turn|21
|
|switch|p2a: Hippowdon|Hippowdon, F|170\/420
|-weather|Sandstorm
|move|p1a: Landorus|Earth Power|p2a: Hippowdon
|-damage|p2a: Hippowdon|0 fnt
|faint|p2a: Hippowdon
|
|-weather|Sandstorm|[upkeep]
|
|switch|p2a: Excadrill|Excadrill, M|290\/362
|turn|22
|
|switch|p1a: Thundurus|Thundurus, M|234\/300
|move|p2a: Excadrill|Iron Head|p1a: Thundurus
|-resisted|p1a: Thundurus
|-damage|p1a: Thundurus|86\/300
|-damage|p2a: Excadrill|254\/362|[from] item: Life Orb
|
|-weather|Sandstorm|[upkeep]
|-damage|p1a: Thundurus|68\/300|[from] sandstorm
|turn|23
|
|move|p2a: Excadrill|Rock Slide|p1a: Thundurus
|-supereffective|p1a: Thundurus
|-damage|p1a: Thundurus|0 fnt
|-damage|p2a: Excadrill|218\/362|[from] item: Life Orb
|faint|p1a: Thundurus
|
|-weather|Sandstorm|[upkeep]
|
|switch|p1a: Landorus|Landorus, M|70\/320
|turn|24
|
|move|p2a: Excadrill|Rock Slide|p1a: Landorus
|-damage|p1a: Landorus|0 fnt
|-damage|p2a: Excadrill|182\/362|[from] item: Life Orb
|faint|p1a: Landorus
|
|-weather|Sandstorm|[upkeep]
|
|switch|p1a: Talonflame|Talonflame, M|298\/298
|turn|25
|
|move|p1a: Talonflame|Brave Bird|p2a: Excadrill
|-resisted|p2a: Excadrill
|-damage|p2a: Excadrill|4\/362
|-damage|p1a: Talonflame|239\/298|[from] recoil|[of] p2a: Excadrill
|move|p2a: Excadrill|Rock Slide|p1a: Talonflame
|-supereffective|p1a: Talonflame
|-damage|p1a: Talonflame|0 fnt
|-damage|p2a: Excadrill|0 fnt|[from] item: Life Orb
|faint|p1a: Talonflame
|faint|p2a: Excadrill
|
|win|Loppity
|raw|Ladder updating...
|raw|mikasa1337's rating: 1403 &rarr; <strong>1385<\/strong><br \/>(-18 for losing)
|raw|Loppity's rating: 1431 &rarr; <strong>1449<\/strong><br \/>(+18 for winning)
|c|âmikasa1337|so stupid