|join|Mikasa1337
|join|Richard_Blaziken
|player|p1|Mikasa1337|170
|player|p2|Richard_Blaziken|163
|gametype|singles
|gen|6
|tier|OU
|rated
|clearpoke
|poke|p1|Conkeldurr, F
|poke|p1|Weavile, F
|poke|p1|Venusaur, M
|poke|p1|Landorus, M
|poke|p1|Garchomp, M
|poke|p1|Rotom-Wash
|poke|p2|Landorus-Therian, M
|poke|p2|Conkeldurr, M
|poke|p2|Latias, F, shiny
|poke|p2|Rotom-Wash
|poke|p2|Venusaur, M
|poke|p2|Heatran, M
|rule|Swagger Clause: Swagger is banned
|rule|Baton Pass Clause: Limit one PokÃ©mon knowing Baton Pass
|rule|Sleep Clause Mod: Limit one foe put to sleep
|rule|Species Clause: Limit one of each PokÃ©mon
|rule|OHKO Clause: OHKO moves are banned
|rule|Moody Clause: Moody is banned
|rule|Evasion Moves Clause: Evasion moves are banned
|rule|Endless Battle Clause: Forcing endless battles is banned
|rule|HP Percentage Mod: HP is reported as percentages
|teampreview
|
|start
|switch|p1a: Venusaur|Venusaur, M|364\/364
|switch|p2a: Captain Punchy|Conkeldurr, M|414\/414
|turn|1
|
|switch|p2a: Lavasaur|Heatran, M|385\/385
|detailschange|p1a: Venusaur|Venusaur-Mega, M
|message|Venusaur has Mega Evolved into Mega Venusaur!
|move|p1a: Venusaur|Giga Drain|p2a: Lavasaur
|-resisted|p2a: Lavasaur
|-damage|p2a: Lavasaur|366\/385
|
|-heal|p2a: Lavasaur|385\/385|[from] item: Leftovers
|turn|2
|
|switch|p2a: Venom|Venusaur, M|364\/364
|move|p1a: Venusaur|Earthquake|p2a: Venom
|-damage|p2a: Venom|265\/364
|
|turn|3
|
|detailschange|p2a: Venom|Venusaur-Mega, M
|message|Venusaur has Mega Evolved into Mega Venusaur!
|move|p1a: Venusaur|Sludge Bomb|p2a: Venom
|-crit|p2a: Venom
|-damage|p2a: Venom|102\/364
|move|p2a: Venom|Synthesis|p2a: Venom
|-heal|p2a: Venom|284\/364
|
|turn|4
|
|switch|p1a: Landorus|Landorus, M|320\/320
|move|p2a: Venom|Sludge Bomb|p1a: Landorus
|-resisted|p1a: Landorus
|-damage|p1a: Landorus|212\/320
|
|turn|5
|
|switch|p2a: Sierra|Latias, F, shiny|364\/364
|move|p1a: Landorus|Earth Power|p2a: Sierra
|-immune|p2a: Sierra|[msg]
|
|turn|6
|
|switch|p1a: Rotom-Wash|Rotom-Wash|304\/304
|move|p2a: Sierra|Draco Meteor|p1a: Rotom-Wash|[miss]
|-miss|p2a: Sierra|p1a: Rotom-Wash
|
|turn|7
|
|move|p2a: Sierra|Protect|p2a: Sierra
|-singleturn|p2a: Sierra|Protect
|move|p1a: Rotom-Wash|Volt Switch|p2a: Sierra
|-activate|p2a: Sierra|Protect
|
|turn|8
|
|switch|p2a: Lavasaur|Heatran, M|385\/385
|move|p1a: Rotom-Wash|Volt Switch|p2a: Lavasaur
|-damage|p2a: Lavasaur|325\/385
|
|switch|p1a: Landorus|Landorus, M|212\/320
|
|-heal|p2a: Lavasaur|349\/385|[from] item: Leftovers
|turn|9
|
|switch|p1a: Weavile|Weavile, F|282\/282
|-ability|p1a: Weavile|Pressure
|switch|p2a: Sierra|Latias, F, shiny|364\/364
|
|turn|10
|
|move|p2a: Sierra|Protect|p2a: Sierra
|-singleturn|p2a: Sierra|Protect
|move|p1a: Weavile|Ice Punch|p2a: Sierra
|-activate|p2a: Sierra|Protect
|
|turn|11
|
|move|p1a: Weavile|Knock Off|p2a: Sierra
|-supereffective|p2a: Sierra
|-damage|p2a: Sierra|0 fnt
|-enditem|p2a: Sierra|Leftovers|[from] move: Knock Off|[of] p1a: Weavile
|-damage|p1a: Weavile|254\/282|[from] item: Life Orb
|faint|p2a: Sierra
|
|
|switch|p2a: Derpliance|Rotom-Wash|304\/304
|turn|12
|
|switch|p1a: Conkeldurr|Conkeldurr, F|414\/414
|move|p2a: Derpliance|Volt Switch|p1a: Conkeldurr
|-damage|p1a: Conkeldurr|333\/414
|
|switch|p2a: Venom|Venusaur-Mega, M|284\/364
|
|turn|13
|
|move|p2a: Venom|Giga Drain|p1a: Conkeldurr
|-crit|p1a: Conkeldurr
|-damage|p1a: Conkeldurr|143\/414
|-heal|p2a: Venom|364\/364|[from] drain|[of] p1a: Conkeldurr
|move|p1a: Conkeldurr|Ice Punch|p2a: Venom
|-supereffective|p2a: Venom
|-damage|p2a: Venom|282\/364
|
|turn|14
|
|switch|p1a: Venusaur|Venusaur-Mega, M|364\/364
|move|p2a: Venom|Sludge Bomb|p1a: Venusaur
|-damage|p1a: Venusaur|190\/364
|
|turn|15
|
|move|p1a: Venusaur|Sludge Bomb|p2a: Venom
|-damage|p2a: Venom|158\/364
|move|p2a: Venom|Sludge Bomb|p1a: Venusaur
|-damage|p1a: Venusaur|24\/364
|
|turn|16
|
|move|p1a: Venusaur|Synthesis|p1a: Venusaur
|-heal|p1a: Venusaur|206\/364
|move|p2a: Venom|Synthesis|p2a: Venom
|-heal|p2a: Venom|340\/364
|
|turn|17
|
|move|p1a: Venusaur|Synthesis|p1a: Venusaur
|-heal|p1a: Venusaur|364\/364
|move|p2a: Venom|Sludge Bomb|p1a: Venusaur
|-damage|p1a: Venusaur|208\/364
|
|turn|18
|
|move|p1a: Venusaur|Sludge Bomb|p2a: Venom
|-damage|p2a: Venom|225\/364
|move|p2a: Venom|Sludge Bomb|p1a: Venusaur
|-damage|p1a: Venusaur|55\/364
|
|turn|19
|
|move|p1a: Venusaur|Synthesis|p1a: Venusaur
|-heal|p1a: Venusaur|237\/364
|move|p2a: Venom|Synthesis|p2a: Venom
|-heal|p2a: Venom|364\/364
|
|turn|20
|
|move|p1a: Venusaur|Sludge Bomb|p2a: Venom
|-damage|p2a: Venom|247\/364
|move|p2a: Venom|Sludge Bomb|p1a: Venusaur
|-damage|p1a: Venusaur|80\/364
|
|turn|21
|
|move|p1a: Venusaur|Sludge Bomb|p2a: Venom
|-damage|p2a: Venom|129\/364
|move|p2a: Venom|Sludge Bomb|p1a: Venusaur
|-damage|p1a: Venusaur|0 fnt
|faint|p1a: Venusaur
|
|
|switch|p1a: Landorus|Landorus, M|212\/320
|turn|22
|
|switch|p2a: Derpliance|Rotom-Wash|304\/304
|move|p1a: Landorus|Psychic|p2a: Derpliance
|-damage|p2a: Derpliance|148\/304
|
|-heal|p2a: Derpliance|167\/304|[from] item: Leftovers
|turn|23
|
|move|p1a: Landorus|Sludge Wave|p2a: Derpliance
|-damage|p2a: Derpliance|7\/304
|move|p2a: Derpliance|Hydro Pump|p1a: Landorus
|-supereffective|p1a: Landorus
|-damage|p1a: Landorus|0 fnt
|faint|p1a: Landorus
|
|-heal|p2a: Derpliance|26\/304|[from] item: Leftovers
|
|switch|p1a: Weavile|Weavile, F|254\/282
|-ability|p1a: Weavile|Pressure
|turn|24
|
|move|p1a: Weavile|Knock Off|p2a: Derpliance
|-damage|p2a: Derpliance|0 fnt
|-enditem|p2a: Derpliance|Leftovers|[from] move: Knock Off|[of] p1a: Weavile
|-damage|p1a: Weavile|226\/282|[from] item: Life Orb
|faint|p2a: Derpliance
|
|
|switch|p2a: Captain Punchy|Conkeldurr, M|414\/414
|turn|25
|
|switch|p1a: Garchomp|Garchomp, M|420\/420
|move|p2a: Captain Punchy|Drain Punch|p1a: Garchomp
|-damage|p1a: Garchomp|293\/420
|-damage|p2a: Captain Punchy|363\/414|[from] ability: Rough Skin|[of] p1a: Garchomp
|-damage|p2a: Captain Punchy|294\/414|[from] item: Rocky Helmet|[of] p1a: Garchomp
|
|turn|26
|
|switch|p2a: Simba|Landorus-Therian, M|381\/381
|-ability|p2a: Simba|Intimidate|[of] p1a: Garchomp
|-unboost|p1a: Garchomp|atk|1
|move|p1a: Garchomp|Earthquake|p2a: Simba
|-immune|p2a: Simba|[msg]
|
|turn|27
|
|move|p1a: Garchomp|Swords Dance|p1a: Garchomp
|-boost|p1a: Garchomp|atk|2
|move|p2a: Simba|Stealth Rock|p1a: Garchomp
|-sidestart|p1: Mikasa1337|move: Stealth Rock
|
|turn|28
|
|move|p1a: Garchomp|Swords Dance|p1a: Garchomp
|-boost|p1a: Garchomp|atk|2
|move|p2a: Simba|Earthquake|p1a: Garchomp
|-damage|p1a: Garchomp|154\/420
|
|turn|29
|
|move|p1a: Garchomp|Dragon Claw|p2a: Simba
|-damage|p2a: Simba|146\/381
|move|p2a: Simba|Earthquake|p1a: Garchomp
|-damage|p1a: Garchomp|18\/420
|
|-heal|p2a: Simba|169\/381|[from] item: Leftovers
|turn|30
|
|move|p1a: Garchomp|Dragon Claw|p2a: Simba
|-damage|p2a: Simba|0 fnt
|faint|p2a: Simba
|
|
|switch|p2a: Captain Punchy|Conkeldurr, M|294\/414
|turn|31
|
|move|p2a: Captain Punchy|Mach Punch|p1a: Garchomp
|-damage|p1a: Garchomp|0 fnt
|-damage|p2a: Captain Punchy|243\/414|[from] ability: Rough Skin|[of] p1a: Garchomp
|-damage|p2a: Captain Punchy|174\/414|[from] item: Rocky Helmet|[of] p1a: Garchomp
|faint|p1a: Garchomp
|
|
|switch|p1a: Conkeldurr|Conkeldurr, F|143\/414
|-damage|p1a: Conkeldurr|118\/414|[from] Stealth Rock
|turn|32
|
|move|p2a: Captain Punchy|Drain Punch|p1a: Conkeldurr
|-damage|p1a: Conkeldurr|0 fnt
|-heal|p2a: Captain Punchy|233\/414|[from] drain|[of] p1a: Conkeldurr
|faint|p1a: Conkeldurr
|
|
|switch|p1a: Rotom-Wash|Rotom-Wash|304\/304
|-damage|p1a: Rotom-Wash|266\/304|[from] Stealth Rock
|turn|33
|
|move|p1a: Rotom-Wash|Hydro Pump|p2a: Captain Punchy
|-damage|p2a: Captain Punchy|112\/414
|move|p2a: Captain Punchy|Drain Punch|p1a: Rotom-Wash
|-damage|p1a: Rotom-Wash|118\/304
|-heal|p2a: Captain Punchy|186\/414|[from] drain|[of] p1a: Rotom-Wash
|
|turn|34
|chat|Mikasa1337|gg
|-message|Mikasa1337 forfeited.
|
|win|Richard_Blaziken
|raw|Ladder updating...
|raw|Mikasa1337's rating: 1554 &rarr; <strong>1533<\/strong><br \/>(-21 for losing)
|raw|Richard_Blaziken's rating: 1547 &rarr; <strong>1567<\/strong><br \/>(+20 for winning)