|join|Mikasa1337
|join|collywobbles
|player|p1|Mikasa1337|265
|player|p2|collywobbles|42
|gametype|singles
|gen|6
|tier|OU
|rated
|clearpoke
|poke|p1|Alakazam, M, shiny
|poke|p1|Weavile, M, shiny
|poke|p1|Landorus-Therian, M, shiny
|poke|p1|Tyranitar, F, shiny
|poke|p1|Manectric, M, shiny
|poke|p1|Azumarill, M
|poke|p2|Scolipede, M
|poke|p2|Mr. Mime, F
|poke|p2|Espeon, M
|poke|p2|Smeargle, M
|poke|p2|Vaporeon, M
|poke|p2|Zapdos
|rule|Sleep Clause Mod: Limit one foe put to sleep
|rule|Species Clause: Limit one of each Pokemon
|rule|OHKO Clause: OHKO moves are banned
|rule|Moody Clause: Moody is banned
|rule|Evasion Moves Clause: Evasion moves are banned
|rule|Endless Battle Clause: Forcing endless battles is banned.
|rule|HP Percentage Mod: HP is reported as percentages
|teampreview
|
|start
|switch|p1a: Manectric|Manectric, M, shiny|282\/282
|switch|p2a: Scolipede|Scolipede, M|324\/324
|turn|1
|
|-formechange|p1a: Manectric|Manectric-Mega
|message|Manectric has Mega Evolved into Mega Manectric!
|-ability|p1a: Manectric|Intimidate|[of] p2a: Scolipede
|-unboost|p2a: Scolipede|atk|1
|move|p2a: Scolipede|Protect|p2a: Scolipede
|-singleturn|p2a: Scolipede|Protect
|move|p1a: Manectric|Flamethrower|p2a: Scolipede
|-activate|p2a: Scolipede|Protect
|
|-boost|p2a: Scolipede|spe|1|[from] ability: Speed Boost
|turn|2
|
|move|p1a: Manectric|Flamethrower|p2a: Scolipede
|-supereffective|p2a: Scolipede
|-damage|p2a: Scolipede|26\/324
|move|p2a: Scolipede|Substitute|p2a: Scolipede
|-fail|p2a: Scolipede|move: Substitute|[weak]
|
|-heal|p2a: Scolipede|46\/324|[from] item: Leftovers
|-boost|p2a: Scolipede|spe|1|[from] ability: Speed Boost
|turn|3
|
|move|p2a: Scolipede|Protect|p2a: Scolipede
|-singleturn|p2a: Scolipede|Protect
|move|p1a: Manectric|Flamethrower|p2a: Scolipede
|-activate|p2a: Scolipede|Protect
|
|-heal|p2a: Scolipede|66\/324|[from] item: Leftovers
|-boost|p2a: Scolipede|spe|1|[from] ability: Speed Boost
|turn|4
|
|move|p2a: Scolipede|Baton Pass|p2a: Scolipede
|
|switch|p2a: Espeon|Espeon, M|334\/334
|move|p1a: Manectric|Flamethrower|p2a: Espeon
|-damage|p2a: Espeon|212\/334
|-status|p2a: Espeon|brn
|
|-heal|p2a: Espeon|232\/334 brn|[from] item: Leftovers
|-damage|p2a: Espeon|191\/334 brn|[from] brn
|turn|5
|
|move|p2a: Espeon|Calm Mind|p2a: Espeon
|-boost|p2a: Espeon|spa|1
|-boost|p2a: Espeon|spd|1
|move|p1a: Manectric|Volt Switch|p2a: Espeon
|-damage|p2a: Espeon|106\/334 brn
|
|switch|p1a: Weavile|Weavile, M, shiny|282\/282
|-ability|p1a: Weavile|Pressure
|
|-heal|p2a: Espeon|126\/334 brn|[from] item: Leftovers
|-damage|p2a: Espeon|85\/334 brn|[from] brn
|turn|6
|
|move|p1a: Weavile|Ice Shard|p2a: Espeon
|-damage|p2a: Espeon|6\/334 brn
|-damage|p1a: Weavile|254\/282|[from] item: Life Orb
|move|p2a: Espeon|Baton Pass|p2a: Espeon
|
|switch|p2a: Vaporeon|Vaporeon, M|463\/463
|
|turn|7
|
|move|p2a: Vaporeon|Acid Armor|p2a: Vaporeon
|-boost|p2a: Vaporeon|def|2
|move|p1a: Weavile|Knock Off|p2a: Vaporeon
|-damage|p2a: Vaporeon|364\/463
|-enditem|p2a: Vaporeon|Leftovers|[from] move: Knock Off|[of] p1a: Weavile
|-damage|p1a: Weavile|226\/282|[from] item: Life Orb
|
|turn|8
|
|switch|p1a: Tyranitar|Tyranitar, F, shiny|342\/342
|-weather|Sandstorm
|move|p2a: Vaporeon|Acid Armor|p2a: Vaporeon
|-boost|p2a: Vaporeon|def|2
|
|-weather|Sandstorm|[upkeep]
|-damage|p2a: Vaporeon|336\/463|[from] sandstorm
|turn|9
|
|move|p2a: Vaporeon|Substitute|p2a: Vaporeon
|-start|p2a: Vaporeon|Substitute
|-damage|p2a: Vaporeon|221\/463
|move|p1a: Tyranitar|Stealth Rock|p2a: Vaporeon
|-sidestart|p2: collywobbles|move: Stealth Rock
|
|-weather|Sandstorm|[upkeep]
|-damage|p2a: Vaporeon|193\/463|[from] sandstorm
|turn|10
|
|move|p2a: Vaporeon|Baton Pass|p2a: Vaporeon
|
|switch|p2a: Smeargle|Smeargle, M|314\/314
|-damage|p2a: Smeargle|275\/314|[from] Stealth Rock
|move|p1a: Tyranitar|Pursuit|p2a: Smeargle
|-activate|p2a: Smeargle|Substitute|[damage]
|
|-weather|Sandstorm|[upkeep]
|-damage|p2a: Smeargle|256\/314|[from] sandstorm
|turn|11
|
|move|p2a: Smeargle|Ingrain|p2a: Smeargle
|-start|p2a: Smeargle|move: Ingrain
|move|p1a: Tyranitar|Stone Edge|p2a: Smeargle
|-end|p2a: Smeargle|Substitute
|
|-weather|Sandstorm|[upkeep]
|-damage|p2a: Smeargle|237\/314|[from] sandstorm
|-heal|p2a: Smeargle|256\/314|[from] Ingrain
|turn|12
|
|move|p2a: Smeargle|Quiver Dance|p2a: Smeargle
|-boost|p2a: Smeargle|spa|1
|-boost|p2a: Smeargle|spd|1
|-boost|p2a: Smeargle|spe|1
|move|p1a: Tyranitar|Stone Edge|p2a: Smeargle
|-damage|p2a: Smeargle|130\/314
|
|-weather|none
|-heal|p2a: Smeargle|149\/314|[from] Ingrain
|turn|13
|
|move|p2a: Smeargle|Baton Pass|p2a: Smeargle
|
|switch|p2a: Zapdos|Zapdos|383\/383
|-damage|p2a: Zapdos|288\/383|[from] Stealth Rock
|-ability|p2a: Zapdos|Pressure
|move|p1a: Tyranitar|Stone Edge|p2a: Zapdos
|-supereffective|p2a: Zapdos
|-damage|p2a: Zapdos|144\/383
|
|-heal|p2a: Zapdos|167\/383|[from] item: Leftovers
|-heal|p2a: Zapdos|190\/383|[from] Ingrain
|turn|14
|
|switch|p1a: Weavile|Weavile, M, shiny|226\/282
|-ability|p1a: Weavile|Pressure
|move|p2a: Zapdos|Thunderbolt|p1a: Weavile
|-damage|p1a: Weavile|0 fnt
|faint|p1a: Weavile
|
|-heal|p2a: Zapdos|213\/383|[from] item: Leftovers
|-heal|p2a: Zapdos|236\/383|[from] Ingrain
|
|switch|p1a: Tyranitar|Tyranitar, F, shiny|342\/342
|-weather|Sandstorm
|turn|15
|
|move|p2a: Zapdos|Thunderbolt|p1a: Tyranitar
|-damage|p1a: Tyranitar|122\/342
|move|p1a: Tyranitar|Stone Edge|p2a: Zapdos
|-supereffective|p2a: Zapdos
|-damage|p2a: Zapdos|90\/383
|
|-weather|Sandstorm|[upkeep]
|-damage|p2a: Zapdos|67\/383|[from] sandstorm
|-heal|p2a: Zapdos|90\/383|[from] item: Leftovers
|-heal|p2a: Zapdos|113\/383|[from] Ingrain
|turn|16
|
|move|p2a: Zapdos|Thunderbolt|p1a: Tyranitar
|-damage|p1a: Tyranitar|0 fnt
|faint|p1a: Tyranitar
|
|-weather|Sandstorm|[upkeep]
|-damage|p2a: Zapdos|90\/383|[from] sandstorm
|-heal|p2a: Zapdos|113\/383|[from] item: Leftovers
|-heal|p2a: Zapdos|136\/383|[from] Ingrain
|
|switch|p1a: Alakazam|Alakazam, M, shiny|252\/252
|turn|17
|
|move|p2a: Zapdos|Thunderbolt|p1a: Alakazam
|-enditem|p1a: Alakazam|Focus Sash
|-damage|p1a: Alakazam|1\/252
|move|p1a: Alakazam|Psychic|p2a: Zapdos
|-damage|p2a: Zapdos|43\/383
|
|-weather|Sandstorm|[upkeep]
|-damage|p2a: Zapdos|20\/383|[from] sandstorm
|-heal|p2a: Zapdos|43\/383|[from] item: Leftovers
|-heal|p2a: Zapdos|66\/383|[from] Ingrain
|turn|18
|
|move|p2a: Zapdos|Hidden Power|p1a: Alakazam
|-damage|p1a: Alakazam|0 fnt
|faint|p1a: Alakazam
|
|-weather|Sandstorm|[upkeep]
|-damage|p2a: Zapdos|43\/383|[from] sandstorm
|-heal|p2a: Zapdos|66\/383|[from] item: Leftovers
|-heal|p2a: Zapdos|89\/383|[from] Ingrain
|
|switch|p1a: Landorus-Therian|Landorus-Therian, M, shiny|330\/330
|-ability|p1a: Landorus-Therian|Intimidate|[of] p2a: Zapdos
|-unboost|p2a: Zapdos|atk|1
|turn|19
|
|move|p2a: Zapdos|Hidden Power|p1a: Landorus-Therian
|-crit|p1a: Landorus-Therian
|-supereffective|p1a: Landorus-Therian
|-damage|p1a: Landorus-Therian|0 fnt
|faint|p1a: Landorus-Therian
|
|-weather|none
|-heal|p2a: Zapdos|112\/383|[from] item: Leftovers
|-heal|p2a: Zapdos|135\/383|[from] Ingrain
|
|switch|p1a: Azumarill|Azumarill, M|404\/404
|turn|20
|
|move|p1a: Azumarill|Aqua Jet|p2a: Zapdos
|-damage|p2a: Zapdos|99\/383
|move|p2a: Zapdos|Thunderbolt|p1a: Azumarill
|-supereffective|p1a: Azumarill
|-damage|p1a: Azumarill|0 fnt
|faint|p1a: Azumarill
|
|-heal|p2a: Zapdos|122\/383|[from] item: Leftovers
|-heal|p2a: Zapdos|145\/383|[from] Ingrain
|
|switch|p1a: Manectric|Manectric, M, shiny|282\/282
|-formechange|p1a: Manectric|Manectric-Mega
|-ability|p1a: Manectric|Intimidate|[of] p2a: Zapdos
|-unboost|p2a: Zapdos|atk|1
|turn|21
|chat|Mikasa1337|sucks that i got pretty close twice to cancelling this baton siht
|
|move|p2a: Zapdos|Heat Wave|p1a: Manectric
|-damage|p1a: Manectric|4\/282
|move|p1a: Manectric|Hidden Power|p2a: Zapdos
|-crit|p2a: Zapdos
|-supereffective|p2a: Zapdos
|-damage|p2a: Zapdos|0 fnt
|faint|p2a: Zapdos
|
|
|switch|p2a: Mr. Mime|Mr. Mime, F|283\/283
|-damage|p2a: Mr. Mime|248\/283|[from] Stealth Rock
|turn|22
|
|move|p1a: Manectric|Thunderbolt|p2a: Mr. Mime
|-damage|p2a: Mr. Mime|101\/283
|-enditem|p2a: Mr. Mime|Red Card|[of] p1a: Manectric
|move|p2a: Mr. Mime|Calm Mind|p2a: Mr. Mime
|-boost|p2a: Mr. Mime|spa|1
|-boost|p2a: Mr. Mime|spd|1
|
|turn|23
|
|move|p1a: Manectric|Thunderbolt|p2a: Mr. Mime
|-damage|p2a: Mr. Mime|0 fnt
|faint|p2a: Mr. Mime
|
|
|switch|p2a: Smeargle|Smeargle, M|149\/314
|-damage|p2a: Smeargle|110\/314|[from] Stealth Rock
|turn|24
|-message|collywobbles forfeited.
|
|win|Mikasa1337
|raw|Ladder updating...
|leave|collywobbles
|player|p2
|raw|Mikasa1337's rating: 1609 &rarr; <strong>1628<\/strong><br \/>(+19 for winning)
|raw|collywobbles's rating: 1594 &rarr; <strong>1575<\/strong><br \/>(-19 for losing)