|join|Mikasa1337
|join|foncused
|player|p1|Mikasa1337|265
|player|p2|foncused|169
|gametype|singles
|gen|6
|tier|OU
|rated
|clearpoke
|poke|p1|Azumarill, M
|poke|p1|Rotom-Wash
|poke|p1|Dragonite, F
|poke|p1|Metagross
|poke|p1|Gengar, F
|poke|p1|Landorus, M
|poke|p2|Gyarados, M
|poke|p2|Talonflame, M
|poke|p2|Latias, F
|poke|p2|Slowking, F
|poke|p2|Gliscor, F
|poke|p2|Kyurem-Black
|rule|Swagger Clause: Swagger is banned
|rule|Baton Pass Clause: Limit one PokÃ©mon knowing Baton Pass
|rule|Sleep Clause Mod: Limit one foe put to sleep
|rule|Species Clause: Limit one of each PokÃ©mon
|rule|OHKO Clause: OHKO moves are banned
|rule|Moody Clause: Moody is banned
|rule|Evasion Moves Clause: Evasion moves are banned
|rule|Endless Battle Clause: Forcing endless battles is banned
|rule|HP Percentage Mod: HP is shown in percentages
|teampreview
|join|AkuTime
|
|start
|switch|p1a: Rotom-Wash|Rotom-Wash|242\/242
|switch|p2a: Kyurem-Black|Kyurem-Black|413\/413
|-ability|p2a: Kyurem-Black|Teravolt
|turn|1
|
|move|p1a: Rotom-Wash|Volt Switch|p2a: Kyurem-Black
|-resisted|p2a: Kyurem-Black
|-damage|p2a: Kyurem-Black|347\/413
|
|switch|p1a: Azumarill|Azumarill, M|404\/404
|move|p2a: Kyurem-Black|Earth Power|p1a: Azumarill
|-damage|p1a: Azumarill|243\/404
|-damage|p2a: Kyurem-Black|306\/413|[from] item: Life Orb
|
|turn|2
|
|switch|p1a: Landorus|Landorus, M|340\/340
|move|p2a: Kyurem-Black|Fusion Bolt|p1a: Landorus
|-immune|p1a: Landorus|[msg]
|
|turn|3
|
|switch|p2a: Slowking|Slowking, F|393\/393
|move|p1a: Landorus|Earth Power|p2a: Slowking
|-damage|p2a: Slowking|294\/393
|
|turn|4
|
|switch|p1a: Rotom-Wash|Rotom-Wash|242\/242
|move|p2a: Slowking|Scald|p1a: Rotom-Wash
|-resisted|p1a: Rotom-Wash
|-damage|p1a: Rotom-Wash|200\/242
|
|turn|5
|join|LordKappa69
|
|move|p1a: Rotom-Wash|Hydro Pump|p2a: Slowking
|-resisted|p2a: Slowking
|-damage|p2a: Slowking|255\/393
|move|p2a: Slowking|Grass Knot|p1a: Rotom-Wash
|-supereffective|p1a: Rotom-Wash
|-damage|p1a: Rotom-Wash|172\/242
|
|turn|6
|join|KoreyTheWizard
|c| LordKappa69|Go into latias m8
|
|switch|p1a: Metagross|Metagross|302\/302
|move|p2a: Slowking|Scald|p1a: Metagross
|-damage|p1a: Metagross|203\/302
|-status|p1a: Metagross|brn
|
|-damage|p1a: Metagross|166\/302 brn|[from] brn
|turn|7
|c| LordKappa69|It resist :]
|
|detailschange|p1a: Metagross|Metagross-Mega
|-mega|p1a: Metagross|Metagross|Metagrossite
|move|p1a: Metagross|Earthquake|p2a: Slowking
|-damage|p2a: Slowking|177\/393
|move|p2a: Slowking|Flamethrower|p1a: Metagross
|-supereffective|p1a: Metagross
|-damage|p1a: Metagross|34\/302 brn
|
|-damage|p1a: Metagross|0 fnt|[from] brn
|faint|p1a: Metagross
|
|switch|p1a: Gengar|Gengar, F|262\/262
|turn|8
|
|switch|p2a: Gliscor|Gliscor, F|352\/352
|move|p1a: Gengar|Substitute|p1a: Gengar
|-start|p1a: Gengar|Substitute
|-damage|p1a: Gengar|197\/262
|
|-heal|p1a: Gengar|213\/262|[from] item: Leftovers
|-status|p2a: Gliscor|tox|[from] item: Toxic Orb
|turn|9
|
|switch|p2a: Slowking|Slowking, F|308\/393
|move|p1a: Gengar|Shadow Ball|p2a: Slowking
|-supereffective|p2a: Slowking
|-damage|p2a: Slowking|188\/393
|
|-heal|p1a: Gengar|229\/262|[from] item: Leftovers
|turn|10
|
|move|p1a: Gengar|Will-O-Wisp|p2a: Slowking
|-status|p2a: Slowking|brn
|move|p2a: Slowking|Scald|p1a: Gengar
|-end|p1a: Gengar|Substitute
|
|-heal|p1a: Gengar|245\/262|[from] item: Leftovers
|-damage|p2a: Slowking|139\/393 brn|[from] brn
|turn|11
|
|switch|p2a: Gliscor|Gliscor, F|352\/352 tox
|move|p1a: Gengar|Substitute|p1a: Gengar
|-start|p1a: Gengar|Substitute
|-damage|p1a: Gengar|180\/262
|
|-heal|p1a: Gengar|196\/262|[from] item: Leftovers
|turn|12
|
|move|p1a: Gengar|Shadow Ball|p2a: Gliscor
|-crit|p2a: Gliscor
|-damage|p2a: Gliscor|154\/352 tox
|move|p2a: Gliscor|Stealth Rock|p1a: Gengar
|-sidestart|p1: Mikasa1337|move: Stealth Rock
|
|-heal|p1a: Gengar|212\/262|[from] item: Leftovers
|-heal|p2a: Gliscor|198\/352 tox|[from] ability: Poison Heal
|turn|13
|
|move|p1a: Gengar|Shadow Ball|p2a: Gliscor
|-damage|p2a: Gliscor|56\/352 tox
|move|p2a: Gliscor|Roost|p2a: Gliscor
|-heal|p2a: Gliscor|232\/352 tox
|
|-heal|p1a: Gengar|228\/262|[from] item: Leftovers
|-heal|p2a: Gliscor|276\/352 tox|[from] ability: Poison Heal
|turn|14
|
|move|p1a: Gengar|Shadow Ball|p2a: Gliscor
|-damage|p2a: Gliscor|155\/352 tox
|move|p2a: Gliscor|Roost|p2a: Gliscor
|-heal|p2a: Gliscor|331\/352 tox
|
|-heal|p1a: Gengar|244\/262|[from] item: Leftovers
|-heal|p2a: Gliscor|352\/352 tox|[from] ability: Poison Heal
|turn|15
|
|switch|p2a: Slowking|Slowking, F|270\/393 brn
|move|p1a: Gengar|Shadow Ball|p2a: Slowking
|-supereffective|p2a: Slowking
|-damage|p2a: Slowking|136\/393 brn
|
|-heal|p1a: Gengar|260\/262|[from] item: Leftovers
|-damage|p2a: Slowking|87\/393 brn|[from] brn
|turn|16
|
|move|p1a: Gengar|Shadow Ball|p2a: Slowking
|-crit|p2a: Slowking
|-supereffective|p2a: Slowking
|-damage|p2a: Slowking|0 fnt
|faint|p2a: Slowking
|
|-heal|p1a: Gengar|262\/262|[from] item: Leftovers
|
|switch|p2a: Talonflame|Talonflame, M|345\/345
|turn|17
|
|move|p2a: Talonflame|Brave Bird|p1a: Gengar
|-end|p1a: Gengar|Substitute
|-damage|p2a: Talonflame|324\/345|[from] recoil|[of] p1a: Gengar
|move|p1a: Gengar|Shadow Ball|p2a: Talonflame
|-damage|p2a: Talonflame|134\/345
|
|turn|18
|
|switch|p1a: Rotom-Wash|Rotom-Wash|172\/242
|-damage|p1a: Rotom-Wash|142\/242|[from] Stealth Rock
|move|p2a: Talonflame|Roost|p2a: Talonflame
|-heal|p2a: Talonflame|307\/345
|
|turn|19
|
|switch|p2a: Gliscor|Gliscor, F|352\/352 tox
|move|p1a: Rotom-Wash|Volt Switch|p2a: Gliscor
|-immune|p2a: Gliscor|[msg]
|
|turn|20
|
|switch|p1a: Gengar|Gengar, F|262\/262
|-damage|p1a: Gengar|230\/262|[from] Stealth Rock
|switch|p2a: Gyarados|Gyarados, M|331\/331
|-ability|p2a: Gyarados|Intimidate|[of] p1a: Gengar
|-unboost|p1a: Gengar|atk|1
|
|-heal|p1a: Gengar|246\/262|[from] item: Leftovers
|turn|21
|
|move|p1a: Gengar|Will-O-Wisp|p2a: Gyarados
|-status|p2a: Gyarados|brn
|move|p2a: Gyarados|Dragon Dance|p2a: Gyarados
|-boost|p2a: Gyarados|atk|1
|-boost|p2a: Gyarados|spe|1
|
|-heal|p1a: Gengar|262\/262|[from] item: Leftovers
|-damage|p2a: Gyarados|290\/331 brn|[from] brn
|turn|22
|
|move|p2a: Gyarados|Crunch|p1a: Gengar
|-supereffective|p1a: Gengar
|-damage|p1a: Gengar|38\/262
|move|p1a: Gengar|Substitute|p1a: Gengar
|-fail|p1a: Gengar|move: Substitute|[weak]
|
|-heal|p1a: Gengar|54\/262|[from] item: Leftovers
|-damage|p2a: Gyarados|249\/331 brn|[from] brn
|turn|23
|
|switch|p2a: Kyurem-Black|Kyurem-Black|306\/413
|-ability|p2a: Kyurem-Black|Teravolt
|switch|p1a: Azumarill|Azumarill, M|243\/404
|-damage|p1a: Azumarill|193\/404|[from] Stealth Rock
|-enditem|p1a: Azumarill|Sitrus Berry|[eat]
|-heal|p1a: Azumarill|294\/404|[from] item: Sitrus Berry
|
|turn|24
|
|move|p2a: Kyurem-Black|Fusion Bolt|p1a: Azumarill
|-supereffective|p1a: Azumarill
|-damage|p1a: Azumarill|0 fnt
|-damage|p2a: Kyurem-Black|265\/413|[from] item: Life Orb
|faint|p1a: Azumarill
|
|
|switch|p1a: Gengar|Gengar, F|54\/262
|-damage|p1a: Gengar|22\/262|[from] Stealth Rock
|turn|25
|
|switch|p2a: Talonflame|Talonflame, M|307\/345
|move|p1a: Gengar|Destiny Bond|p1a: Gengar
|-singlemove|p1a: Gengar|Destiny Bond
|
|-heal|p1a: Gengar|38\/262|[from] item: Leftovers
|turn|26
|
|move|p1a: Gengar|Shadow Ball|p2a: Talonflame
|-damage|p2a: Talonflame|111\/345
|move|p2a: Talonflame|Swords Dance|p2a: Talonflame
|-boost|p2a: Talonflame|atk|2
|
|-heal|p1a: Gengar|54\/262|[from] item: Leftovers
|turn|27
|leave|AkuTime
|
|move|p2a: Talonflame|Brave Bird|p1a: Gengar
|-damage|p1a: Gengar|0 fnt
|-damage|p2a: Talonflame|93\/345|[from] recoil|[of] p1a: Gengar
|faint|p1a: Gengar
|
|
|switch|p1a: Dragonite|Dragonite, F|324\/324
|-damage|p1a: Dragonite|243\/324|[from] Stealth Rock
|turn|28
|leave|KoreyTheWizard
|
|switch|p2a: Gliscor|Gliscor, F|352\/352 tox
|move|p1a: Dragonite|Extreme Speed|p2a: Gliscor
|-crit|p2a: Gliscor
|-damage|p2a: Gliscor|145\/352 tox
|
|-heal|p2a: Gliscor|189\/352 tox|[from] ability: Poison Heal
|turn|29
|
|switch|p1a: Landorus|Landorus, M|340\/340
|-damage|p1a: Landorus|298\/340|[from] Stealth Rock
|switch|p2a: Latias|Latias, F|319\/319
|
|turn|30
|
|move|p2a: Latias|Healing Wish|p2a: Latias
|faint|p2a: Latias
|move|p1a: Landorus|Knock Off|p2: Latias|[notarget]
|-notarget
|
|
|switch|p2a: Gyarados|Gyarados, M|249\/331 brn
|-heal|p2a: Gyarados|331\/331|[from] move: Healing Wish
|-ability|p2a: Gyarados|Intimidate|[of] p1a: Landorus
|-unboost|p1a: Landorus|atk|1
|turn|31
|
|detailschange|p2a: Gyarados|Gyarados-Mega, M
|-mega|p2a: Gyarados|Gyarados|Gyaradosite
|-ability|p2a: Gyarados|Mold Breaker
|move|p2a: Gyarados|Dragon Dance|p2a: Gyarados
|-boost|p2a: Gyarados|atk|1
|-boost|p2a: Gyarados|spe|1
|move|p1a: Landorus|Earth Power|p2a: Gyarados
|-damage|p2a: Gyarados|152\/331
|
|turn|32
|
|move|p2a: Gyarados|Waterfall|p1a: Landorus
|-supereffective|p1a: Landorus
|-damage|p1a: Landorus|0 fnt
|faint|p1a: Landorus
|
|
|switch|p1a: Rotom-Wash|Rotom-Wash|142\/242
|-damage|p1a: Rotom-Wash|112\/242|[from] Stealth Rock
|turn|33
|
|move|p2a: Gyarados|Crunch|p1a: Rotom-Wash
|-damage|p1a: Rotom-Wash|0 fnt
|faint|p1a: Rotom-Wash
|
|
|switch|p1a: Dragonite|Dragonite, F|243\/324
|-damage|p1a: Dragonite|162\/324|[from] Stealth Rock
|turn|34
|
|move|p1a: Dragonite|Extreme Speed|p2a: Gyarados
|-damage|p2a: Gyarados|4\/331
|move|p2a: Gyarados|Crunch|p1a: Dragonite
|-damage|p1a: Dragonite|0 fnt
|faint|p1a: Dragonite
|
|win|foncused
|raw|Ladder updating...
|raw|Mikasa1337's rating: 1455 &rarr; <strong>1436<\/strong><br \/>(-19 for losing)
|raw|foncused's rating: 1474 &rarr; <strong>1493<\/strong><br \/>(+19 for winning)