|join|Dannyboy71
|join|Mikasa1337
|player|p1|Dannyboy71|275
|player|p2|Mikasa1337|1
|gametype|singles
|tier|OU
|rated
|clearpoke
|poke|p1|Staraptor, F, shiny
|poke|p1|Garchomp, F, shiny
|poke|p1|Deoxys-Defense, shiny
|poke|p1|Genesect, shiny
|poke|p1|Terrakion, shiny
|poke|p1|Politoed, F, shiny
|poke|p2|Charizard, M
|poke|p2|Aegislash, M
|poke|p2|Jolteon, M
|poke|p2|Garchomp, M
|poke|p2|Tyranitar, F
|poke|p2|Greninja, M
|rule|Sleep Clause Mod: Limit one foe put to sleep
|rule|Species Clause: Limit one of each Pokemon
|rule|OHKO Clause: OHKO moves are banned
|rule|Moody Clause: Moody is banned
|rule|Evasion Moves Clause: Evasion moves are banned
|rule|Endless Battle Clause: Forcing endless battles is banned.
|rule|HP Percentage Mod: HP is reported as percentages
|teampreview
|callback|decision
|
|start
|switch|p1a: Garchomp|Garchomp, F, shiny|358\/358
|switch|p2a: Tyranitar|Tyranitar, F|341\/341
|-weather|Sandstorm
|turn|1
|callback|decision
|
|switch|p2a: Charizard|Charizard, M|297\/297
|move|p1a: Garchomp|Earthquake|p2a: Charizard
|-immune|p2a: Charizard|[msg]
|
|-weather|Sandstorm|[upkeep]
|-damage|p2a: Charizard|279\/297|[from] sandstorm
|turn|2
|callback|decision
|
|switch|p1a: Politoed|Politoed, F, shiny|322\/322
|-weather|RainDance
|-formechange|p2a: Charizard|Charizard-Mega-X
|message|Charizard has Mega Evolved into Mega Charizard!
|move|p2a: Charizard|Outrage|p1a: Politoed
|-damage|p1a: Politoed|0 fnt
|faint|p1a: Politoed
|
|-weather|RainDance|[upkeep]
|callback|decision
|
|switch|p1a: Garchomp|Garchomp, F, shiny|358\/358
|turn|3
|callback|decision
|
|move|p1a: Garchomp|Outrage|p2a: Charizard
|-crit|p2a: Charizard
|-supereffective|p2a: Charizard
|-damage|p2a: Charizard|0 fnt
|faint|p2a: Charizard
|
|-weather|RainDance|[upkeep]
|callback|decision
|
|switch|p2a: Jolteon|Jolteon, M|271\/271
|turn|4
|callback|decision
|
|move|p1a: Garchomp|Outrage|p2a: Jolteon
|-damage|p2a: Jolteon|0 fnt
|faint|p2a: Jolteon
|
|-end|p1a: Garchomp|rampage
|-start|p1a: Garchomp|confusion
|-weather|RainDance|[upkeep]
|callback|decision
|
|switch|p2a: Aegislash|Aegislash, M|261\/261
|turn|5
|callback|decision
|
|switch|p1a: Deoxys-Defense|Deoxys-Defense, shiny|241\/241
|-ability|p1a: Deoxys-Defense|Pressure
|move|p2a: Aegislash|Swords Dance|p2a: Aegislash
|-boost|p2a: Aegislash|atk|2
|
|-weather|RainDance|[upkeep]
|turn|6
|callback|decision
|
|move|p1a: Deoxys-Defense|Psycho Boost|p2a: Aegislash
|-resisted|p2a: Aegislash
|-damage|p2a: Aegislash|196\/261
|-unboost|p1a: Deoxys-Defense|spa|2
|-damage|p1a: Deoxys-Defense|217\/241|[from] item: Life Orb
|move|p2a: Aegislash|Swords Dance|p2a: Aegislash
|-boost|p2a: Aegislash|atk|2
|
|-weather|none
|turn|7
|callback|decision
|
|-formechange|p2a: Aegislash|Aegislash-Blade
|move|p2a: Aegislash|Shadow Sneak|p1a: Deoxys-Defense
|-supereffective|p1a: Deoxys-Defense
|-damage|p1a: Deoxys-Defense|0 fnt
|faint|p1a: Deoxys-Defense
|
|callback|decision
|
|switch|p1a: Garchomp|Garchomp, F, shiny|358\/358
|turn|8
|callback|decision
|
|-formechange|p2a: Aegislash|Aegislash
|move|p2a: Aegislash|King's Shield|p2a: Aegislash
|-singleturn|p2a: Aegislash|Protect
|move|p1a: Garchomp|Earthquake|p2a: Aegislash
|-activate|p2a: Aegislash|Protect
|
|turn|9
|callback|decision
|
|-formechange|p2a: Aegislash|Aegislash-Blade
|move|p2a: Aegislash|Shadow Sneak|p1a: Garchomp
|-damage|p1a: Garchomp|121\/358
|-damage|p2a: Aegislash|164\/261|[from] ability: Rough Skin|[of] p1a: Garchomp
|move|p1a: Garchomp|Earthquake|p2a: Aegislash
|-supereffective|p2a: Aegislash
|-damage|p2a: Aegislash|0 fnt
|faint|p2a: Aegislash
|
|callback|decision
|
|switch|p2a: Garchomp|Garchomp, M|358\/358
|turn|10
|callback|decision
|
|move|p1a: Garchomp|Earthquake|p2a: Garchomp
|-damage|p2a: Garchomp|163\/358
|move|p2a: Garchomp|Dragon Claw|p1a: Garchomp
|-supereffective|p1a: Garchomp
|-damage|p1a: Garchomp|0 fnt
|-damage|p2a: Garchomp|119\/358|[from] ability: Rough Skin|[of] p1a: Garchomp
|faint|p1a: Garchomp
|
|callback|decision
|
|switch|p1a: Genesect|Genesect, shiny|283\/283
|-boost|p1a: Genesect|spa|1|[from] ability: Download
|turn|11
|callback|decision
|
|move|p1a: Genesect|Ice Beam|p2a: Garchomp
|-supereffective|p2a: Garchomp
|-damage|p2a: Garchomp|0 fnt
|faint|p2a: Garchomp
|
|callback|decision
|
|switch|p2a: Greninja|Greninja, M|286\/286
|turn|12
|callback|decision
|
|switch|p1a: Terrakion|Terrakion, shiny|323\/323
|-start|p2a: Greninja|typechange|Fire|[from] Protean
|move|p2a: Greninja|Hidden Power|p1a: Terrakion
|-resisted|p1a: Terrakion
|-damage|p1a: Terrakion|278\/323
|
|turn|13
|callback|decision
|
|-start|p2a: Greninja|typechange|Psychic|[from] Protean
|move|p2a: Greninja|Extrasensory|p1a: Terrakion
|-supereffective|p1a: Terrakion
|-damage|p1a: Terrakion|32\/323
|move|p1a: Terrakion|Sacred Sword|p2a: Greninja
|-resisted|p2a: Greninja
|-damage|p2a: Greninja|135\/286
|-damage|p1a: Terrakion|0 fnt|[from] item: Life Orb
|faint|p1a: Terrakion
|
|callback|decision
|
|switch|p1a: Genesect|Genesect, shiny|283\/283
|-boost|p1a: Genesect|atk|1|[from] ability: Download
|turn|14
|callback|decision
|
|move|p1a: Genesect|U-turn|p2a: Greninja
|-supereffective|p2a: Greninja
|-damage|p2a: Greninja|0 fnt
|faint|p2a: Greninja
|callback|decision
|
|switch|p1a: Staraptor|Staraptor, F, shiny|311\/311
|
|callback|decision
|
|switch|p2a: Tyranitar|Tyranitar, F|341\/341
|-weather|Sandstorm
|turn|15
|callback|decision
|
|move|p1a: Staraptor|Close Combat|p2a: Tyranitar
|-supereffective|p2a: Tyranitar
|-enditem|p2a: Tyranitar|Chople Berry|[eat]
|-damage|p2a: Tyranitar|94\/341
|-unboost|p1a: Staraptor|def|1
|-unboost|p1a: Staraptor|spd|1
|-damage|p1a: Staraptor|280\/311|[from] item: Life Orb
|move|p2a: Tyranitar|Stone Edge|p1a: Staraptor
|-supereffective|p1a: Staraptor
|-damage|p1a: Staraptor|0 fnt
|faint|p1a: Staraptor
|
|-weather|Sandstorm|[upkeep]
|callback|decision
|
|switch|p1a: Genesect|Genesect, shiny|283\/283
|-boost|p1a: Genesect|spa|1|[from] ability: Download
|turn|16
|callback|decision
|
|move|p1a: Genesect|Flamethrower|p2a: Tyranitar
|-resisted|p2a: Tyranitar
|-damage|p2a: Tyranitar|55\/341
|move|p2a: Tyranitar|Crunch|p1a: Genesect
|-damage|p1a: Genesect|160\/283
|
|-weather|Sandstorm|[upkeep]
|turn|17
|callback|decision
|
|move|p1a: Genesect|Flamethrower|p2a: Tyranitar
|-resisted|p2a: Tyranitar
|-damage|p2a: Tyranitar|17\/341
|move|p2a: Tyranitar|Crunch|p1a: Genesect
|-crit|p1a: Genesect
|-damage|p1a: Genesect|0 fnt
|faint|p1a: Genesect
|
|win|Mikasa1337
|raw|Ladder updating...
|raw|Dannyboy71's rating: 1393 &rarr; <strong>1387<\/strong><br \/>(-6 for losing)
|raw|Mikasa1337's rating: 1416 &rarr; <strong>1437<\/strong><br \/>(+21 for winning)
|chat|Dannyboy71|gg
|leave|Dannyboy71
|player|p1