|join|mikasa1337
|join|wildtar
|player|p1|mikasa1337|265
|player|p2|wildtar|11
|gametype|singles
|tier|OU
|rated
|clearpoke
|poke|p1|Charizard, M
|poke|p1|Jolteon, F
|poke|p1|Noivern, F
|poke|p1|Tyranitar, F
|poke|p1|Greninja, F
|poke|p1|Aegislash, M
|poke|p2|Charizard, M
|poke|p2|Aegislash, F
|poke|p2|Excadrill, F
|poke|p2|Garchomp, F
|poke|p2|Azumarill, F
|poke|p2|Rotom-Wash
|rule|Sleep Clause Mod: Limit one foe put to sleep
|rule|Species Clause: Limit one of each Pokemon
|rule|OHKO Clause: OHKO moves are banned
|rule|Moody Clause: Moody is banned
|rule|Evasion Moves Clause: Evasion moves are banned
|rule|Endless Battle Clause: Forcing endless battles is banned.
|rule|HP Percentage Mod: HP is reported as percentages
|teampreview
|callback|decision
|
|start
|switch|p1a: Jolteon|Jolteon, F|271\/271
|switch|p2a: Rotom-Wash|Rotom-Wash|241\/241
|-item|p1a: Jolteon|Air Balloon
|turn|1
|callback|decision
|
|move|p2a: Rotom-Wash|Will-O-Wisp|p1a: Jolteon
|-status|p1a: Jolteon|brn
|move|p1a: Jolteon|Volt Switch|p2a: Rotom-Wash
|-damage|p2a: Rotom-Wash|130\/241
|callback|decision
|
|switch|p1a: Tyranitar|Tyranitar, F|341\/341
|-weather|Sandstorm
|
|-weather|Sandstorm|[upkeep]
|-damage|p2a: Rotom-Wash|115\/241|[from] sandstorm
|turn|2
|callback|decision
|
|switch|p2a: Excadrill|Excadrill, F|404\/404
|move|p1a: Tyranitar|Stealth Rock|p2a: Excadrill
|-sidestart|p2: wildtar|move: Stealth Rock
|
|-weather|Sandstorm|[upkeep]
|turn|3
|callback|decision
|
|switch|p1a: Noivern|Noivern, F|312\/312
|move|p2a: Excadrill|Iron Head|p1a: Noivern
|-damage|p1a: Noivern|152\/312
|
|-weather|Sandstorm|[upkeep]
|-damage|p1a: Noivern|133\/312|[from] sandstorm
|turn|4
|callback|decision
|
|switch|p2a: Rotom-Wash|Rotom-Wash|115\/241
|-damage|p2a: Rotom-Wash|85\/241|[from] Stealth Rock
|move|p1a: Noivern|Super Fang|p2a: Rotom-Wash
|-damage|p2a: Rotom-Wash|43\/241
|
|-weather|Sandstorm|[upkeep]
|-damage|p2a: Rotom-Wash|28\/241|[from] sandstorm
|-damage|p1a: Noivern|114\/312|[from] sandstorm
|turn|5
|callback|decision
|
|move|p2a: Rotom-Wash|Hydro Pump|p1a: Noivern
|-resisted|p1a: Noivern
|-damage|p1a: Noivern|20\/312
|move|p1a: Noivern|Boomburst|p2a: Rotom-Wash
|-crit|p2a: Rotom-Wash
|-damage|p2a: Rotom-Wash|0 fnt
|faint|p2a: Rotom-Wash
|
|-weather|none
|callback|decision
|
|switch|p2a: Excadrill|Excadrill, F|404\/404
|-damage|p2a: Excadrill|392\/404|[from] Stealth Rock
|turn|6
|callback|decision
|
|move|p1a: Noivern|Flamethrower|p2a: Excadrill
|-supereffective|p2a: Excadrill
|-damage|p2a: Excadrill|288\/404
|move|p2a: Excadrill|Iron Head|p1a: Noivern
|-crit|p1a: Noivern
|-damage|p1a: Noivern|0 fnt
|faint|p1a: Noivern
|
|callback|decision
|
|switch|p1a: Charizard|Charizard, M|297\/297
|turn|7
|callback|decision
|
|-formechange|p1a: Charizard|Charizard-Mega-X
|message|Charizard has Mega Evolved into Mega Charizard!
|move|p1a: Charizard|Brick Break|p2a: Excadrill
|-supereffective|p2a: Excadrill
|-damage|p2a: Excadrill|0 fnt
|faint|p2a: Excadrill
|
|callback|decision
|
|switch|p2a: Aegislash|Aegislash, F|261\/261
|-damage|p2a: Aegislash|245\/261|[from] Stealth Rock
|turn|8
|callback|decision
|
|move|p1a: Charizard|Dragon Dance|p1a: Charizard
|-boost|p1a: Charizard|atk|1
|-boost|p1a: Charizard|spe|1
|-formechange|p2a: Aegislash|Aegislash-Blade
|move|p2a: Aegislash|Shadow Ball|p1a: Charizard
|-damage|p1a: Charizard|108\/297
|
|-heal|p2a: Aegislash|261\/261|[from] item: Leftovers
|turn|9
|callback|decision
|
|move|p2a: Aegislash|Shadow Sneak|p1a: Charizard
|-damage|p1a: Charizard|26\/297
|move|p1a: Charizard|Dragon Dance|p1a: Charizard
|-boost|p1a: Charizard|atk|1
|-boost|p1a: Charizard|spe|1
|
|turn|10
|callback|decision
|
|switch|p1a: Aegislash|Aegislash, M|261\/261
|move|p2a: Aegislash|Shadow Sneak|p1a: Aegislash
|-supereffective|p1a: Aegislash
|-damage|p1a: Aegislash|151\/261
|-enditem|p1a: Aegislash|Weakness Policy
|-boost|p1a: Aegislash|atk|2|[from] item: Weakness Policy
|-boost|p1a: Aegislash|spa|2|[from] item: Weakness Policy
|
|turn|11
|callback|decision
|
|-formechange|p2a: Aegislash|Aegislash
|move|p2a: Aegislash|King's Shield|p2a: Aegislash
|-singleturn|p2a: Aegislash|Protect
|-formechange|p1a: Aegislash|Aegislash-Blade
|move|p1a: Aegislash|Shadow Sneak|p2a: Aegislash
|-activate|p2a: Aegislash|Protect
|-unboost|p1a: Aegislash|atk|2
|
|turn|12
|callback|decision
|
|-formechange|p2a: Aegislash|Aegislash-Blade
|move|p2a: Aegislash|Shadow Ball|p1a: Aegislash
|-supereffective|p1a: Aegislash
|-damage|p1a: Aegislash|0 fnt
|faint|p1a: Aegislash
|
|callback|decision
|
|switch|p1a: Tyranitar|Tyranitar, F|341\/341
|-weather|Sandstorm
|turn|13
|callback|decision
|
|-formechange|p2a: Aegislash|Aegislash
|move|p2a: Aegislash|King's Shield|p2a: Aegislash
|-singleturn|p2a: Aegislash|Protect
|move|p1a: Tyranitar|Crunch|p2a: Aegislash
|-activate|p2a: Aegislash|Protect
|-unboost|p1a: Tyranitar|atk|2
|
|-weather|Sandstorm|[upkeep]
|turn|14
|callback|decision
|
|switch|p1a: Greninja|Greninja, F|286\/286
|-formechange|p2a: Aegislash|Aegislash-Blade
|move|p2a: Aegislash|Sacred Sword|p1a: Greninja
|-supereffective|p1a: Greninja
|-damage|p1a: Greninja|0 fnt
|faint|p1a: Greninja
|
|-weather|Sandstorm|[upkeep]
|callback|decision
|
|switch|p1a: Tyranitar|Tyranitar, F|341\/341
|turn|15
|callback|decision
|
|-formechange|p2a: Aegislash|Aegislash
|move|p2a: Aegislash|King's Shield|p2a: Aegislash
|-singleturn|p2a: Aegislash|Protect
|move|p1a: Tyranitar|Dragon Dance|p1a: Tyranitar
|-boost|p1a: Tyranitar|atk|1
|-boost|p1a: Tyranitar|spe|1
|
|-weather|Sandstorm|[upkeep]
|turn|16
|callback|decision
|
|move|p1a: Tyranitar|Crunch|p2a: Aegislash
|-supereffective|p2a: Aegislash
|-damage|p2a: Aegislash|0 fnt
|faint|p2a: Aegislash
|
|-weather|Sandstorm|[upkeep]
|callback|decision
|
|switch|p2a: Azumarill|Azumarill, F|341\/341
|-damage|p2a: Azumarill|299\/341|[from] Stealth Rock
|turn|17
|callback|decision
|
|move|p2a: Azumarill|Aqua Jet|p1a: Tyranitar
|-supereffective|p1a: Tyranitar
|-damage|p1a: Tyranitar|225\/341
|-enditem|p1a: Tyranitar|Weakness Policy
|-boost|p1a: Tyranitar|atk|2|[from] item: Weakness Policy
|-boost|p1a: Tyranitar|spa|2|[from] item: Weakness Policy
|move|p1a: Tyranitar|Stone Edge|p2a: Azumarill
|-damage|p2a: Azumarill|0 fnt
|faint|p2a: Azumarill
|
|-weather|none
|callback|decision
|
|switch|p2a: Garchomp|Garchomp, F|357\/357
|-damage|p2a: Garchomp|335\/357|[from] Stealth Rock
|turn|18
|callback|decision
|
|move|p2a: Garchomp|Earthquake|p1a: Tyranitar
|-supereffective|p1a: Tyranitar
|-damage|p1a: Tyranitar|0 fnt
|faint|p1a: Tyranitar
|
|callback|decision
|
|switch|p1a: Jolteon|Jolteon, F|271\/271 brn
|-item|p1a: Jolteon|Air Balloon
|turn|19
|callback|decision
|
|move|p2a: Garchomp|Earthquake|p1a: Jolteon
|-immune|p1a: Jolteon|[msg]
|move|p1a: Jolteon|Hidden Power|p2a: Garchomp
|-supereffective|p2a: Garchomp
|-damage|p2a: Garchomp|23\/357
|
|-damage|p1a: Jolteon|238\/271 brn|[from] brn
|turn|20
|callback|decision
|
|switch|p2a: Charizard|Charizard, M|297\/297
|-damage|p2a: Charizard|149\/297|[from] Stealth Rock
|move|p1a: Jolteon|Thunderbolt|p2a: Charizard
|-supereffective|p2a: Charizard
|-damage|p2a: Charizard|0 fnt
|faint|p2a: Charizard
|
|-damage|p1a: Jolteon|205\/271 brn|[from] brn
|callback|decision
|
|switch|p2a: Garchomp|Garchomp, F|23\/357
|-damage|p2a: Garchomp|1\/357|[from] Stealth Rock
|turn|21
|callback|decision
|
|switch|p1a: Charizard|Charizard, M|26\/297
|-formechange|p1a: Charizard|Charizard-Mega-X
|move|p2a: Garchomp|Dragon Claw|p1a: Charizard
|-supereffective|p1a: Charizard
|-damage|p1a: Charizard|0 fnt
|faint|p1a: Charizard
|
|callback|decision
|
|switch|p1a: Jolteon|Jolteon, F|205\/271 brn
|-item|p1a: Jolteon|Air Balloon
|turn|22
|callback|decision
|chat|mikasa1337|what a game
|chat|wildtar|lol
|
|move|p2a: Garchomp|Dragon Claw|p1a: Jolteon
|-damage|p1a: Jolteon|0 fnt
|-enditem|p1a: Jolteon|Air Balloon
|faint|p1a: Jolteon
|
|win|wildtar
|raw|Ladder updating...
|raw|mikasa1337's rating: 1657 &rarr; <strong>1653<\/strong><br \/>(-4 for losing)
|raw|wildtar's rating: 1561 &rarr; <strong>1567<\/strong><br \/>(+6 for winning)
|leave|mikasa1337
|chat|wildtar|good game tho
|player|p1