|join|Mikasa1337
|join|Ace Snorlax
|player|p1|Mikasa1337|2
|player|p2|Ace Snorlax|1
|gametype|singles
|tier|OU
|rated
|clearpoke
|poke|p1|Charizard, M
|poke|p1|Aegislash, M
|poke|p1|Jolteon, F
|poke|p1|Garchomp, M
|poke|p1|Tyranitar, M
|poke|p1|Greninja, F
|poke|p2|Cofagrigus, F, shiny
|poke|p2|Reuniclus, M
|poke|p2|Conkeldurr, M, shiny
|poke|p2|Donphan, M
|poke|p2|Porygon2
|poke|p2|Heatran, M, shiny
|rule|Sleep Clause Mod: Limit one foe put to sleep
|rule|Species Clause: Limit one of each Pokemon
|rule|OHKO Clause: OHKO moves are banned
|rule|Moody Clause: Moody is banned
|rule|Evasion Moves Clause: Evasion moves are banned
|rule|Endless Battle Clause: Forcing endless battles is banned.
|rule|HP Percentage Mod: HP is reported as percentages
|teampreview
|callback|decision
|
|start
|switch|p1a: Charizard|Charizard, M|297\/297
|switch|p2a: Umbel|Cofagrigus, F, shiny|320\/320
|turn|1
|callback|decision
|
|-formechange|p1a: Charizard|Charizard-Mega-X
|message|Charizard has Mega Evolved into Mega Charizard!
|move|p1a: Charizard|Outrage|p2a: Umbel
|-damage|p2a: Umbel|112\/320
|-ability|p1a: Charizard|Mummy|[from] Mummy
|move|p2a: Umbel|Trick Room|p2a: Umbel
|-fieldstart|move: Trick Room|[of] p2a: Umbel
|
|-heal|p2a: Umbel|132\/320|[from] item: Leftovers
|turn|2
|callback|decision
|
|move|p2a: Umbel|Shadow Ball|p1a: Charizard
|-damage|p1a: Charizard|159\/297
|move|p1a: Charizard|Outrage|p2a: Umbel
|-damage|p2a: Umbel|0 fnt
|-ability|p1a: Charizard|Mummy|[from] Mummy
|faint|p2a: Umbel
|
|-end|p1a: Charizard|rampage
|-start|p1a: Charizard|confusion
|callback|decision
|
|switch|p2a: Sunny|Reuniclus, M|424\/424
|turn|3
|callback|decision
|
|switch|p1a: Tyranitar|Tyranitar, M|341\/341
|-weather|Sandstorm
|move|p2a: Sunny|Psychic|p1a: Tyranitar
|-immune|p1a: Tyranitar|[msg]
|
|-weather|Sandstorm|[upkeep]
|turn|4
|callback|decision
|
|move|p2a: Sunny|Focus Blast|p1a: Tyranitar|[miss]
|-miss|p2a: Sunny|p1a: Tyranitar
|move|p1a: Tyranitar|Dragon Dance|p1a: Tyranitar
|-boost|p1a: Tyranitar|atk|1
|-boost|p1a: Tyranitar|spe|1
|
|-weather|Sandstorm|[upkeep]
|turn|5
|callback|decision
|
|move|p2a: Sunny|Focus Blast|p1a: Tyranitar
|-supereffective|p1a: Tyranitar
|-damage|p1a: Tyranitar|0 fnt
|faint|p1a: Tyranitar
|
|-weather|Sandstorm|[upkeep]
|-fieldend|move: Trick Room
|callback|decision
|
|switch|p1a: Aegislash|Aegislash, M|261\/261
|turn|6
|callback|decision
|
|move|p1a: Aegislash|Swords Dance|p1a: Aegislash
|-boost|p1a: Aegislash|atk|2
|move|p2a: Sunny|Trick Room|p2a: Sunny
|-fieldstart|move: Trick Room|[of] p2a: Sunny
|
|-weather|Sandstorm|[upkeep]
|turn|7
|callback|decision
|
|-formechange|p1a: Aegislash|Aegislash-Blade
|move|p1a: Aegislash|Shadow Sneak|p2a: Sunny
|-supereffective|p2a: Sunny
|-damage|p2a: Sunny|70\/424
|move|p2a: Sunny|Psychic|p1a: Aegislash
|-resisted|p1a: Aegislash
|-damage|p1a: Aegislash|132\/261
|
|-weather|none
|turn|8
|callback|decision
|
|switch|p2a: Oink|Porygon2|374\/374
|move|p1a: Aegislash|Shadow Sneak|p2a: Oink
|-immune|p2a: Oink|[msg]
|
|turn|9
|callback|decision
|
|move|p1a: Aegislash|Sacred Sword|p2a: Oink
|-supereffective|p2a: Oink
|-damage|p2a: Oink|158\/374
|move|p2a: Oink|Ice Beam|p1a: Aegislash
|-resisted|p1a: Aegislash
|-damage|p1a: Aegislash|84\/261
|-status|p1a: Aegislash|frz
|
|turn|10
|callback|decision
|
|cant|p1a: Aegislash|frz
|move|p2a: Oink|Thunderbolt|p1a: Aegislash
|-damage|p1a: Aegislash|0 fnt
|faint|p1a: Aegislash
|
|-fieldend|move: Trick Room
|callback|decision
|chat|Ace Snorlax|Wow
|chat|Mikasa1337|wow
|chat|Mikasa1337|lol thnking the same thing
|
|switch|p1a: Charizard|Charizard, M|159\/297
|-formechange|p1a: Charizard|Charizard-Mega-X
|-ability|p2a: Oink|Tough Claws|[from] ability: Trace|[of] p1a: Charizard
|turn|11
|callback|decision
|
|switch|p2a: Butterz|Heatran, M, shiny|386\/386
|move|p1a: Charizard|Dragon Dance|p1a: Charizard
|-boost|p1a: Charizard|atk|1
|-boost|p1a: Charizard|spe|1
|
|turn|12
|callback|decision
|
|move|p1a: Charizard|Brick Break|p2a: Butterz
|-supereffective|p2a: Butterz
|-damage|p2a: Butterz|58\/386
|move|p2a: Butterz|Dragon Pulse|p1a: Charizard
|-supereffective|p1a: Charizard
|-damage|p1a: Charizard|0 fnt
|faint|p1a: Charizard
|
|callback|decision
|
|switch|p1a: Jolteon|Jolteon, F|271\/271
|-item|p1a: Jolteon|Air Balloon
|turn|13
|callback|decision
|
|switch|p2a: Obisi|Donphan, M|384\/384
|move|p1a: Jolteon|Thunderbolt|p2a: Obisi
|-immune|p2a: Obisi|[msg]
|
|turn|14
|callback|decision
|
|move|p2a: Obisi|Ice Shard|p1a: Jolteon
|-damage|p1a: Jolteon|190\/271
|-enditem|p1a: Jolteon|Air Balloon
|move|p1a: Jolteon|Hidden Power|p2a: Obisi
|-supereffective|p2a: Obisi
|-damage|p2a: Obisi|200\/384
|
|-heal|p2a: Obisi|224\/384|[from] item: Leftovers
|turn|15
|callback|decision
|
|switch|p2a: Sunny|Reuniclus, M|70\/424
|move|p1a: Jolteon|Hidden Power|p2a: Sunny
|-damage|p2a: Sunny|0 fnt
|faint|p2a: Sunny
|
|callback|decision
|
|switch|p2a: Oink|Porygon2|158\/374
|-ability|p2a: Oink|Volt Absorb|[from] ability: Trace|[of] p1a: Jolteon
|turn|16
|callback|decision
|
|move|p1a: Jolteon|Thunderbolt|p2a: Oink
|-heal|p2a: Oink|251\/374|[from] ability: Volt Absorb|[of] p1a: Jolteon
|move|p2a: Oink|Trick Room|p2a: Oink
|-fieldstart|move: Trick Room|[of] p2a: Oink
|
|turn|17
|callback|decision
|chat|Mikasa1337|oh shit
|chat|Ace Snorlax|Trace man
|chat|Mikasa1337|yeah forgot about that
|chat|Mikasa1337|nice move
|
|switch|p2a: Obisi|Donphan, M|224\/384
|switch|p1a: Garchomp|Garchomp, M|358\/358
|
|-heal|p2a: Obisi|248\/384|[from] item: Leftovers
|turn|18
|callback|decision
|chat|Ace Snorlax|Thanks
|
|move|p2a: Obisi|Ice Shard|p1a: Garchomp
|-supereffective|p1a: Garchomp
|-damage|p1a: Garchomp|150\/358
|move|p1a: Garchomp|Earthquake|p2a: Obisi
|-damage|p2a: Obisi|97\/384
|
|-heal|p2a: Obisi|121\/384|[from] item: Leftovers
|turn|19
|callback|decision
|
|move|p2a: Obisi|Ice Shard|p1a: Garchomp
|-supereffective|p1a: Garchomp
|-damage|p1a: Garchomp|0 fnt
|faint|p1a: Garchomp
|
|-heal|p2a: Obisi|145\/384|[from] item: Leftovers
|callback|decision
|
|switch|p1a: Jolteon|Jolteon, F|190\/271
|turn|20
|callback|decision
|
|move|p2a: Obisi|Earthquake|p1a: Jolteon
|-supereffective|p1a: Jolteon
|-damage|p1a: Jolteon|0 fnt
|faint|p1a: Jolteon
|
|-heal|p2a: Obisi|169\/384|[from] item: Leftovers
|-fieldend|move: Trick Room
|callback|decision
|
|switch|p1a: Greninja|Greninja, F|286\/286
|turn|21
|callback|decision
|
|move|p2a: Obisi|Ice Shard|p1a: Greninja
|-resisted|p1a: Greninja
|-damage|p1a: Greninja|254\/286
|-start|p1a: Greninja|typechange|Psychic|[from] Protean
|move|p1a: Greninja|Extrasensory|p2a: Obisi
|-damage|p2a: Obisi|0 fnt
|faint|p2a: Obisi
|
|callback|decision
|
|switch|p2a: Oink|Porygon2|251\/374
|-ability|p2a: Oink|Protean|[from] ability: Trace|[of] p1a: Greninja
|turn|22
|callback|decision
|
|-start|p1a: Greninja|typechange|Ice|[from] Protean
|move|p1a: Greninja|Ice Beam|p2a: Oink
|-damage|p2a: Oink|154\/374
|-start|p2a: Oink|typechange|Psychic|[from] Protean
|move|p2a: Oink|Trick Room|p2a: Oink
|-fieldstart|move: Trick Room|[of] p2a: Oink
|
|turn|23
|callback|decision
|
|-start|p2a: Oink|typechange|Electric|[from] Protean
|move|p2a: Oink|Thunderbolt|p1a: Greninja
|-damage|p1a: Greninja|88\/286
|move|p1a: Greninja|Ice Beam|p2a: Oink
|-damage|p2a: Oink|61\/374
|
|turn|24
|callback|decision
|
|move|p2a: Oink|Thunderbolt|p1a: Greninja
|-damage|p1a: Greninja|0 fnt
|faint|p1a: Greninja
|
|win|Ace Snorlax
|raw|Ladder updating...
|chat|Ace Snorlax|gg
|chat|Mikasa1337|gg
|raw|Mikasa1337's rating: 1622 &rarr; <strong>1617<\/strong><br \/>(-5 for losing)
|raw|Ace Snorlax's rating: 1415 &rarr; <strong>1449<\/strong><br \/>(+34 for winning)
|leave|Mikasa1337
|player|p1