|join|Mikasa1337
|join|The_Bread_Lover
|player|p1|Mikasa1337|265
|player|p2|The_Bread_Lover|80
|gametype|singles
|gen|6
|tier|OU
|rated
|clearpoke
|poke|p1|Charizard, F
|poke|p1|Jolteon, F
|poke|p1|Tyranitar, M
|poke|p1|Greninja, F
|poke|p1|Aegislash, F
|poke|p1|Garchomp, M
|poke|p2|Darmanitan, M
|poke|p2|Mamoswine, M
|poke|p2|Weavile, F
|poke|p2|Azumarill, F
|poke|p2|Lucario, M
|poke|p2|Scizor, M
|rule|Sleep Clause Mod: Limit one foe put to sleep
|rule|Species Clause: Limit one of each Pokemon
|rule|OHKO Clause: OHKO moves are banned
|rule|Moody Clause: Moody is banned
|rule|Evasion Moves Clause: Evasion moves are banned
|rule|Endless Battle Clause: Forcing endless battles is banned.
|rule|HP Percentage Mod: HP is reported as percentages
|teampreview
|callback|decision
|
|start
|switch|p1a: Jolteon|Jolteon, F|272\/272
|switch|p2a: Mamoswine|Mamoswine, M|424\/424
|-item|p1a: Jolteon|Air Balloon
|turn|1
|callback|decision
|
|move|p1a: Jolteon|Hidden Power|p2a: Mamoswine
|-damage|p2a: Mamoswine|375\/424
|move|p2a: Mamoswine|Stealth Rock|p1a: Jolteon
|-sidestart|p1: Mikasa1337|move: Stealth Rock
|
|turn|2
|callback|decision
|
|move|p2a: Mamoswine|Ice Shard|p1a: Jolteon
|-damage|p1a: Jolteon|166\/272
|-enditem|p1a: Jolteon|Air Balloon
|move|p1a: Jolteon|Toxic|p2a: Mamoswine
|-status|p2a: Mamoswine|tox
|
|-damage|p2a: Mamoswine|349\/424 tox|[from] psn
|turn|3
|callback|decision
|
|switch|p1a: Aegislash|Aegislash, F|261\/261
|-damage|p1a: Aegislash|245\/261|[from] Stealth Rock
|move|p2a: Mamoswine|Earthquake|p1a: Aegislash
|-supereffective|p1a: Aegislash
|-damage|p1a: Aegislash|51\/261
|-enditem|p1a: Aegislash|Weakness Policy
|-boost|p1a: Aegislash|atk|2|[from] item: Weakness Policy
|-boost|p1a: Aegislash|spa|2|[from] item: Weakness Policy
|
|-damage|p2a: Mamoswine|297\/424 tox|[from] psn
|turn|4
|callback|decision
|
|move|p2a: Mamoswine|Ice Shard|p1a: Aegislash
|-resisted|p1a: Aegislash
|-damage|p1a: Aegislash|30\/261
|-formechange|p1a: Aegislash|Aegislash-Blade
|move|p1a: Aegislash|Shadow Sneak|p2a: Mamoswine
|-damage|p2a: Mamoswine|77\/424 tox
|
|-damage|p2a: Mamoswine|0 fnt|[from] psn
|faint|p2a: Mamoswine
|callback|decision
|
|switch|p2a: Weavile|Weavile, F|282\/282
|turn|5
|callback|decision
|
|move|p2a: Weavile|Swords Dance|p2a: Weavile
|-boost|p2a: Weavile|atk|2
|move|p1a: Aegislash|Sacred Sword|p2a: Weavile
|-supereffective|p2a: Weavile
|-enditem|p2a: Weavile|Focus Sash
|-damage|p2a: Weavile|1\/282
|
|turn|6
|callback|decision
|
|-formechange|p1a: Aegislash|Aegislash
|move|p1a: Aegislash|King's Shield|p1a: Aegislash
|-singleturn|p1a: Aegislash|Protect
|move|p2a: Weavile|Ice Shard|p1a: Aegislash
|-activate|p1a: Aegislash|Protect
|
|turn|7
|callback|decision
|
|move|p2a: Weavile|Ice Shard|p1a: Aegislash
|-resisted|p1a: Aegislash
|-damage|p1a: Aegislash|0 fnt
|faint|p1a: Aegislash
|
|callback|decision
|
|switch|p1a: Tyranitar|Tyranitar, M|341\/341
|-damage|p1a: Tyranitar|299\/341|[from] Stealth Rock
|-weather|Sandstorm
|turn|8
|callback|decision
|
|move|p2a: Weavile|Icicle Crash|p1a: Tyranitar
|-damage|p1a: Tyranitar|89\/341
|cant|p1a: Tyranitar|flinch
|
|-weather|Sandstorm|[upkeep]
|-damage|p2a: Weavile|0 fnt|[from] sandstorm
|faint|p2a: Weavile
|callback|decision
|
|switch|p2a: Scizor|Scizor, M|344\/344
|turn|9
|callback|decision
|
|move|p2a: Scizor|Bug Bite|p1a: Tyranitar
|-supereffective|p1a: Tyranitar
|-damage|p1a: Tyranitar|0 fnt
|faint|p1a: Tyranitar
|
|-weather|Sandstorm|[upkeep]
|callback|decision
|
|switch|p1a: Charizard|Charizard, F|297\/297
|-damage|p1a: Charizard|149\/297|[from] Stealth Rock
|turn|10
|callback|decision
|
|switch|p2a: Darmanitan|Darmanitan, M|351\/351
|-formechange|p1a: Charizard|Charizard-Mega-X
|message|Charizard has Mega Evolved into Mega Charizard!
|move|p1a: Charizard|Flare Blitz|p2a: Darmanitan
|-resisted|p2a: Darmanitan
|-damage|p2a: Darmanitan|135\/351
|-damage|p1a: Charizard|78\/297|[from] recoil|[of] p2a: Darmanitan
|
|-weather|Sandstorm|[upkeep]
|-damage|p1a: Charizard|60\/297|[from] sandstorm
|-damage|p2a: Darmanitan|114\/351|[from] sandstorm
|turn|11
|callback|decision
|
|move|p1a: Charizard|Brick Break|p2a: Darmanitan
|-damage|p2a: Darmanitan|0 fnt
|faint|p2a: Darmanitan
|
|-weather|Sandstorm|[upkeep]
|-damage|p1a: Charizard|42\/297|[from] sandstorm
|callback|decision
|
|switch|p2a: Scizor|Scizor, M|344\/344
|turn|12
|callback|decision
|
|move|p2a: Scizor|Bullet Punch|p1a: Charizard
|-resisted|p1a: Charizard
|-damage|p1a: Charizard|0 fnt
|faint|p1a: Charizard
|
|-weather|none
|callback|decision
|
|switch|p1a: Greninja|Greninja, F|286\/286
|-damage|p1a: Greninja|251\/286|[from] Stealth Rock
|turn|13
|callback|decision
|
|move|p2a: Scizor|Bullet Punch|p1a: Greninja
|-resisted|p1a: Greninja
|-damage|p1a: Greninja|125\/286
|-start|p1a: Greninja|typechange|Fire|[from] Protean
|move|p1a: Greninja|Hidden Power|p2a: Scizor
|-supereffective|p2a: Scizor
|-damage|p2a: Scizor|0 fnt
|faint|p2a: Scizor
|
|callback|decision
|
|switch|p2a: Azumarill|Azumarill, F|404\/404
|turn|14
|callback|decision
|
|move|p2a: Azumarill|Aqua Jet|p1a: Greninja
|-supereffective|p1a: Greninja
|-damage|p1a: Greninja|0 fnt
|faint|p1a: Greninja
|
|callback|decision
|
|switch|p1a: Jolteon|Jolteon, F|166\/272
|-damage|p1a: Jolteon|132\/272|[from] Stealth Rock
|turn|15
|callback|decision
|
|switch|p2a: Lucario|Lucario, M|281\/281
|move|p1a: Jolteon|Thunderbolt|p2a: Lucario
|-damage|p2a: Lucario|101\/281
|
|turn|16
|callback|decision
|
|-formechange|p2a: Lucario|Lucario-Mega
|message|Lucario has Mega Evolved into Mega Lucario!
|move|p2a: Lucario|Vacuum Wave|p1a: Jolteon
|-damage|p1a: Jolteon|20\/272
|move|p1a: Jolteon|Thunderbolt|p2a: Lucario
|-damage|p2a: Lucario|0 fnt
|faint|p2a: Lucario
|
|callback|decision
|
|switch|p2a: Azumarill|Azumarill, F|404\/404
|turn|17
|callback|decision
|
|move|p2a: Azumarill|Aqua Jet|p1a: Jolteon
|-damage|p1a: Jolteon|0 fnt
|faint|p1a: Jolteon
|
|callback|decision
|
|switch|p1a: Garchomp|Garchomp, M|358\/358
|-damage|p1a: Garchomp|336\/358|[from] Stealth Rock
|turn|18
|callback|decision
|
|move|p1a: Garchomp|Earthquake|p2a: Azumarill
|-damage|p2a: Azumarill|118\/404
|-damage|p1a: Garchomp|301\/358|[from] item: Life Orb
|move|p2a: Azumarill|Play Rough|p1a: Garchomp
|-supereffective|p1a: Garchomp
|-damage|p1a: Garchomp|0 fnt
|-damage|p2a: Azumarill|68\/404|[from] ability: Rough Skin|[of] p1a: Garchomp
|faint|p1a: Garchomp
|
|win|The_Bread_Lover
|raw|Ladder updating...
|raw|Mikasa1337's rating: 1140 &rarr; <strong>1112<\/strong><br \/>(-28 for losing)
|raw|The_Bread_Lover's rating: 1100 &rarr; <strong>1127<\/strong><br \/>(+27 for winning)
|chat|Mikasa1337|gg
|chat|The_Bread_Lover|gg