|join|Mikasa1337
|join|Lance4963
|player|p1|Mikasa1337|266
|player|p2|Lance4963|145
|gametype|singles
|tier|OU
|rated
|clearpoke
|poke|p1|Charizard, F
|poke|p1|Jolteon, M
|poke|p1|Tyranitar, M
|poke|p1|Greninja, M
|poke|p1|Aegislash, M
|poke|p1|Garchomp, M
|poke|p2|Tyranitar, F
|poke|p2|Genesect
|poke|p2|Conkeldurr, M
|poke|p2|Excadrill, F
|poke|p2|Goodra, M
|poke|p2|Rotom-Wash
|rule|Sleep Clause Mod: Limit one foe put to sleep
|rule|Species Clause: Limit one of each Pokemon
|rule|OHKO Clause: OHKO moves are banned
|rule|Moody Clause: Moody is banned
|rule|Evasion Moves Clause: Evasion moves are banned
|rule|Endless Battle Clause: Forcing endless battles is banned.
|rule|HP Percentage Mod: HP is reported as percentages
|teampreview
|callback|decision
|
|start
|switch|p1a: Charizard|Charizard, F|297\/297
|switch|p2a: Conkeldurr|Conkeldurr, M|414\/414
|turn|1
|callback|decision
|
|move|p1a: Charizard|Dragon Dance|p1a: Charizard
|-boost|p1a: Charizard|atk|1
|-boost|p1a: Charizard|spe|1
|move|p2a: Conkeldurr|Ice Punch|p1a: Charizard
|-crit|p1a: Charizard
|-damage|p1a: Charizard|64\/297
|
|turn|2
|callback|decision
|
|-formechange|p1a: Charizard|Charizard-Mega-X
|message|Charizard has Mega Evolved into Mega Charizard!
|move|p1a: Charizard|Outrage|p2a: Conkeldurr
|-damage|p2a: Conkeldurr|0 fnt
|faint|p2a: Conkeldurr
|
|callback|decision
|
|switch|p2a: Genesect|Genesect|283\/283
|-boost|p2a: Genesect|spa|1|[from] ability: Download
|turn|3
|callback|decision
|
|move|p1a: Charizard|Outrage|p2a: Genesect
|-resisted|p2a: Genesect
|-damage|p2a: Genesect|60\/283
|move|p2a: Genesect|Ice Beam|p1a: Charizard
|-damage|p1a: Charizard|0 fnt
|faint|p1a: Charizard
|
|callback|decision
|
|switch|p1a: Greninja|Greninja, M|286\/286
|turn|4
|callback|decision
|
|switch|p2a: Goodra|Goodra, M|321\/321
|-start|p1a: Greninja|typechange|Fire|[from] Protean
|move|p1a: Greninja|Hidden Power|p2a: Goodra
|-resisted|p2a: Goodra
|-damage|p2a: Goodra|300\/321
|
|turn|5
|callback|decision
|
|-start|p1a: Greninja|typechange|Ice|[from] Protean
|move|p1a: Greninja|Ice Beam|p2a: Goodra
|-supereffective|p2a: Goodra
|-damage|p2a: Goodra|174\/321
|move|p2a: Goodra|Focus Blast|p1a: Greninja
|-supereffective|p1a: Greninja
|-damage|p1a: Greninja|36\/286
|
|turn|6
|callback|decision
|
|-start|p1a: Greninja|typechange|Water|[from] Protean
|move|p1a: Greninja|Scald|p2a: Goodra
|-resisted|p2a: Goodra
|-damage|p2a: Goodra|147\/321
|move|p2a: Goodra|Dragon Pulse|p1a: Greninja
|-damage|p1a: Greninja|0 fnt
|faint|p1a: Greninja
|
|callback|decision
|
|switch|p1a: Tyranitar|Tyranitar, M|341\/341
|-weather|Sandstorm
|turn|7
|callback|decision
|
|move|p2a: Goodra|Focus Blast|p1a: Tyranitar
|-supereffective|p1a: Tyranitar
|-damage|p1a: Tyranitar|129\/341
|-enditem|p1a: Tyranitar|Weakness Policy
|-boost|p1a: Tyranitar|atk|2|[from] item: Weakness Policy
|-boost|p1a: Tyranitar|spa|2|[from] item: Weakness Policy
|move|p1a: Tyranitar|Stone Edge|p2a: Goodra
|-damage|p2a: Goodra|0 fnt
|faint|p2a: Goodra
|
|-weather|Sandstorm|[upkeep]
|callback|decision
|
|switch|p2a: Excadrill|Excadrill, F|362\/362
|-ability|p2a: Excadrill|Mold Breaker
|-item|p2a: Excadrill|Air Balloon
|turn|8
|callback|decision
|
|move|p2a: Excadrill|Earthquake|p1a: Tyranitar
|-supereffective|p1a: Tyranitar
|-damage|p1a: Tyranitar|0 fnt
|faint|p1a: Tyranitar
|
|-weather|Sandstorm|[upkeep]
|callback|decision
|
|switch|p1a: Aegislash|Aegislash, M|261\/261
|turn|9
|callback|decision
|
|move|p2a: Excadrill|Earthquake|p1a: Aegislash
|-supereffective|p1a: Aegislash
|-damage|p1a: Aegislash|15\/261
|-enditem|p1a: Aegislash|Weakness Policy
|-boost|p1a: Aegislash|atk|2|[from] item: Weakness Policy
|-boost|p1a: Aegislash|spa|2|[from] item: Weakness Policy
|-formechange|p1a: Aegislash|Aegislash-Blade
|move|p1a: Aegislash|Sacred Sword|p2a: Excadrill
|-supereffective|p2a: Excadrill
|-damage|p2a: Excadrill|0 fnt
|-enditem|p2a: Excadrill|Air Balloon
|faint|p2a: Excadrill
|
|-weather|Sandstorm|[upkeep]
|callback|decision
|
|switch|p2a: Tyranitar|Tyranitar, F|404\/404
|turn|10
|callback|decision
|
|-formechange|p2a: Tyranitar|Tyranitar-Mega
|message|Tyranitar has Mega Evolved into Mega Tyranitar!
|move|p2a: Tyranitar|Earthquake|p1a: Aegislash
|-supereffective|p1a: Aegislash
|-damage|p1a: Aegislash|0 fnt
|faint|p1a: Aegislash
|
|-weather|Sandstorm|[upkeep]
|callback|decision
|
|switch|p1a: Garchomp|Garchomp, M|358\/358
|turn|11
|callback|decision
|
|move|p1a: Garchomp|Earthquake|p2a: Tyranitar
|-crit|p2a: Tyranitar
|-supereffective|p2a: Tyranitar
|-damage|p2a: Tyranitar|54\/404
|move|p2a: Tyranitar|Ice Punch|p1a: Garchomp
|-supereffective|p1a: Garchomp
|-damage|p1a: Garchomp|0 fnt
|-damage|p2a: Tyranitar|4\/404|[from] ability: Rough Skin|[of] p1a: Garchomp
|-damage|p2a: Tyranitar|0 fnt|[from] item: Rocky Helmet|[of] p1a: Garchomp
|faint|p1a: Garchomp
|faint|p2a: Tyranitar
|
|-weather|none
|callback|decision
|
|switch|p1a: Jolteon|Jolteon, M|271\/271
|switch|p2a: Genesect|Genesect|60\/283
|-item|p1a: Jolteon|Air Balloon
|-boost|p2a: Genesect|atk|1|[from] ability: Download
|turn|12
|callback|decision
|
|move|p1a: Jolteon|Thunderbolt|p2a: Genesect
|-damage|p2a: Genesect|0 fnt
|faint|p2a: Genesect
|
|callback|decision
|
|switch|p2a: Rotom-Wash|Rotom-Wash|241\/241
|turn|13
|callback|decision
|
|move|p1a: Jolteon|Toxic|p2a: Rotom-Wash
|-status|p2a: Rotom-Wash|tox
|move|p2a: Rotom-Wash|Will-O-Wisp|p1a: Jolteon
|-status|p1a: Jolteon|brn
|
|-damage|p1a: Jolteon|238\/271 brn|[from] brn
|-damage|p2a: Rotom-Wash|226\/241 tox|[from] psn
|turn|14
|callback|decision
|
|move|p1a: Jolteon|Thunderbolt|p2a: Rotom-Wash
|-damage|p2a: Rotom-Wash|81\/241 tox
|move|p2a: Rotom-Wash|Pain Split|p1a: Jolteon
|-sethp|p1a: Jolteon|159\/271 brn|p2a: Rotom-Wash|159\/241 tox|[from] move: Pain Split
|
|-heal|p2a: Rotom-Wash|174\/241 tox|[from] item: Leftovers
|-damage|p1a: Jolteon|126\/271 brn|[from] brn
|-damage|p2a: Rotom-Wash|144\/241 tox|[from] psn
|turn|15
|callback|decision
|
|move|p1a: Jolteon|Thunderbolt|p2a: Rotom-Wash
|-damage|p2a: Rotom-Wash|15\/241 tox
|move|p2a: Rotom-Wash|Pain Split|p1a: Jolteon
|-sethp|p1a: Jolteon|70\/271 brn|p2a: Rotom-Wash|70\/241 tox|[from] move: Pain Split
|
|-heal|p2a: Rotom-Wash|85\/241 tox|[from] item: Leftovers
|-damage|p1a: Jolteon|37\/271 brn|[from] brn
|-damage|p2a: Rotom-Wash|40\/241 tox|[from] psn
|turn|16
|callback|decision
|-message|Lance4963 forfeited.
|
|win|Mikasa1337
|raw|Ladder updating...
|leave|Lance4963
|player|p2
|chat|Mikasa1337|great game
|raw|Mikasa1337's rating: 1675 &rarr; <strong>1678<\/strong><br \/>(+3 for winning)
|raw|Lance4963's rating: 1293 &rarr; <strong>1243<\/strong><br \/>(-50 for losing)
|leave|Mikasa1337
|player|p1