|join|Mikasa1337
|join|Kith
|player|p1|Mikasa1337|1
|player|p2|Kith|1
|gametype|singles
|gen|6
|tier|OU
|rated
|clearpoke
|poke|p1|Ambipom, F
|poke|p1|Lanturn, F
|poke|p1|Mandibuzz, F, shiny
|poke|p1|Landorus-Therian, M, shiny
|poke|p1|Charizard, M, shiny
|poke|p1|Trevenant, F, shiny
|poke|p2|Aegislash, M
|poke|p2|Tyranitar, F
|poke|p2|Landorus-Therian, M
|poke|p2|Rotom-Wash
|poke|p2|Forretress, F
|poke|p2|Conkeldurr, M
|rule|Sleep Clause Mod: Limit one foe put to sleep
|rule|Species Clause: Limit one of each Pokemon
|rule|OHKO Clause: OHKO moves are banned
|rule|Moody Clause: Moody is banned
|rule|Evasion Moves Clause: Evasion moves are banned
|rule|Endless Battle Clause: Forcing endless battles is banned.
|rule|HP Percentage Mod: HP is reported as percentages
|teampreview
|
|start
|switch|p1a: Lanturn|Lanturn, F|454\/454
|switch|p2a: Landorus-Therian|Landorus-Therian, M|320\/320
|-ability|p2a: Landorus-Therian|Intimidate|[of] p1a: Lanturn
|-unboost|p1a: Lanturn|atk|1
|turn|1
|
|move|p2a: Landorus-Therian|Earthquake|p1a: Lanturn
|-supereffective|p1a: Lanturn
|-damage|p1a: Lanturn|0 fnt
|faint|p1a: Lanturn
|
|
|switch|p1a: Landorus-Therian|Landorus-Therian, M, shiny|349\/349
|-ability|p1a: Landorus-Therian|Intimidate|[of] p2a: Landorus-Therian
|-unboost|p2a: Landorus-Therian|atk|1
|turn|2
|
|switch|p2a: Forretress|Forretress, F|354\/354
|move|p1a: Landorus-Therian|Earthquake|p2a: Forretress
|-damage|p2a: Forretress|224\/354
|
|-heal|p2a: Forretress|246\/354|[from] item: Leftovers
|turn|3
|
|switch|p1a: Charizard|Charizard, M, shiny|298\/298
|move|p2a: Forretress|Stealth Rock|p1a: Charizard
|-sidestart|p1: Mikasa1337|move: Stealth Rock
|
|-heal|p2a: Forretress|268\/354|[from] item: Leftovers
|turn|4
|
|switch|p2a: Rotom-Wash|Rotom-Wash|304\/304
|-formechange|p1a: Charizard|Charizard-Mega-X
|message|Charizard has Mega Evolved into Mega Charizard!
|move|p1a: Charizard|Dragon Dance|p1a: Charizard
|-boost|p1a: Charizard|atk|1
|-boost|p1a: Charizard|spe|1
|
|turn|5
|
|move|p1a: Charizard|Brick Break|p2a: Rotom-Wash
|-damage|p2a: Rotom-Wash|191\/304
|move|p2a: Rotom-Wash|Volt Switch|p1a: Charizard
|-resisted|p1a: Charizard
|-damage|p1a: Charizard|245\/298
|
|switch|p2a: Landorus-Therian|Landorus-Therian, M|320\/320
|-ability|p2a: Landorus-Therian|Intimidate|[of] p1a: Charizard
|-unboost|p1a: Charizard|atk|1
|
|turn|6
|
|move|p1a: Charizard|Outrage|p2a: Landorus-Therian
|-crit|p2a: Landorus-Therian
|-damage|p2a: Landorus-Therian|0 fnt
|faint|p2a: Landorus-Therian
|
|
|switch|p2a: Aegislash|Aegislash, M|261\/261
|turn|7
|
|move|p1a: Charizard|Outrage|p2a: Aegislash
|-resisted|p2a: Aegislash
|-damage|p2a: Aegislash|168\/261
|-formechange|p2a: Aegislash|Aegislash-Blade
|move|p2a: Aegislash|Shadow Ball|p1a: Charizard
|-damage|p1a: Charizard|0 fnt
|-damage|p2a: Aegislash|142\/261|[from] item: Life Orb
|faint|p1a: Charizard
|
|
|switch|p1a: Mandibuzz|Mandibuzz, F, shiny|362\/362
|-damage|p1a: Mandibuzz|272\/362|[from] Stealth Rock
|turn|8
|
|switch|p2a: Tyranitar|Tyranitar, F|342\/342
|-weather|Sandstorm
|move|p1a: Mandibuzz|Defog|p2a: Tyranitar
|-unboost|p2a: Tyranitar|evasion|1
|-sideend|p1: Mikasa1337|Stealth Rock|[from] move: Defog|[of] p1a: Mandibuzz
|
|-weather|Sandstorm|[upkeep]
|-heal|p1a: Mandibuzz|294\/362|[from] item: Leftovers
|turn|9
|
|switch|p1a: Ambipom|Ambipom, F|292\/292
|-formechange|p2a: Tyranitar|Tyranitar-Mega
|message|Tyranitar has Mega Evolved into Mega Tyranitar!
|move|p2a: Tyranitar|Dragon Dance|p2a: Tyranitar
|-boost|p2a: Tyranitar|atk|1
|-boost|p2a: Tyranitar|spe|1
|
|-weather|Sandstorm|[upkeep]
|-damage|p1a: Ambipom|274\/292|[from] sandstorm
|turn|10
|
|move|p1a: Ambipom|Fake Out|p2a: Tyranitar
|-resisted|p2a: Tyranitar
|-damage|p2a: Tyranitar|302\/342
|-damage|p1a: Ambipom|245\/292|[from] item: Life Orb
|cant|p2a: Tyranitar|flinch
|
|-weather|Sandstorm|[upkeep]
|-damage|p1a: Ambipom|227\/292|[from] sandstorm
|turn|11
|
|move|p2a: Tyranitar|Crunch|p1a: Ambipom
|-damage|p1a: Ambipom|0 fnt
|faint|p1a: Ambipom
|
|-weather|Sandstorm|[upkeep]
|
|switch|p1a: Landorus-Therian|Landorus-Therian, M, shiny|349\/349
|-ability|p1a: Landorus-Therian|Intimidate|[of] p2a: Tyranitar
|-unboost|p2a: Tyranitar|atk|1
|turn|12
|
|switch|p2a: Rotom-Wash|Rotom-Wash|191\/304
|move|p1a: Landorus-Therian|Earthquake|p2a: Rotom-Wash
|-immune|p2a: Rotom-Wash|[msg]
|
|-weather|none
|-heal|p2a: Rotom-Wash|210\/304|[from] item: Leftovers
|turn|13
|
|switch|p1a: Trevenant|Trevenant, F, shiny|374\/374
|move|p2a: Rotom-Wash|Will-O-Wisp|p1a: Trevenant
|-status|p1a: Trevenant|brn
|-enditem|p1a: Trevenant|Lum Berry|[eat]
|-curestatus|p1a: Trevenant|brn
|
|-heal|p2a: Rotom-Wash|229\/304|[from] item: Leftovers
|turn|14
|
|move|p2a: Rotom-Wash|Volt Switch|p1a: Trevenant
|-resisted|p1a: Trevenant
|-damage|p1a: Trevenant|328\/374
|
|switch|p2a: Forretress|Forretress, F|268\/354
|move|p1a: Trevenant|Will-O-Wisp|p2a: Forretress
|-status|p2a: Forretress|brn
|
|-heal|p2a: Forretress|290\/354 brn|[from] item: Leftovers
|-damage|p2a: Forretress|246\/354 brn|[from] brn
|-item|p1a: Trevenant|Lum Berry|[from] ability: Harvest
|turn|15
|
|switch|p1a: Landorus-Therian|Landorus-Therian, M, shiny|349\/349
|-ability|p1a: Landorus-Therian|Intimidate|[of] p2a: Forretress
|-unboost|p2a: Forretress|atk|1
|move|p2a: Forretress|Stealth Rock|p1a: Landorus-Therian
|-sidestart|p1: Mikasa1337|move: Stealth Rock
|
|-heal|p2a: Forretress|268\/354 brn|[from] item: Leftovers
|-damage|p2a: Forretress|224\/354 brn|[from] brn
|turn|16
|
|switch|p2a: Rotom-Wash|Rotom-Wash|229\/304
|move|p1a: Landorus-Therian|U-turn|p2a: Rotom-Wash
|-damage|p2a: Rotom-Wash|166\/304
|
|switch|p1a: Trevenant|Trevenant, F, shiny|328\/374
|-damage|p1a: Trevenant|282\/374|[from] Stealth Rock
|
|-heal|p2a: Rotom-Wash|185\/304|[from] item: Leftovers
|turn|17
|
|move|p2a: Rotom-Wash|Volt Switch|p1a: Trevenant
|-resisted|p1a: Trevenant
|-damage|p1a: Trevenant|234\/374
|
|switch|p2a: Conkeldurr|Conkeldurr, M|414\/414
|move|p1a: Trevenant|Horn Leech|p2a: Conkeldurr
|-damage|p2a: Conkeldurr|309\/414
|-heal|p1a: Trevenant|287\/374|[from] drain|[of] p2a: Conkeldurr
|
|turn|18
|
|move|p2a: Conkeldurr|Knock Off|p1a: Trevenant
|-supereffective|p1a: Trevenant
|-damage|p1a: Trevenant|43\/374
|-enditem|p1a: Trevenant|Lum Berry|[from] move: Knock Off|[of] p2a: Conkeldurr
|move|p1a: Trevenant|Will-O-Wisp|p2a: Conkeldurr
|-status|p2a: Conkeldurr|brn
|
|-damage|p2a: Conkeldurr|258\/414 brn|[from] brn
|turn|19
|chat|Mikasa1337|do you have any speed EVs
|chat|Kith|4
|chat|Mikasa1337|idk why but it seems conk always outspeeds trevenant when it shouldn't
|chat|Mikasa1337|second time today this happened
|
|move|p2a: Conkeldurr|Ice Punch|p1a: Trevenant
|-supereffective|p1a: Trevenant
|-damage|p1a: Trevenant|0 fnt
|faint|p1a: Trevenant
|
|-damage|p2a: Conkeldurr|207\/414 brn|[from] brn
|
|switch|p1a: Landorus-Therian|Landorus-Therian, M, shiny|349\/349
|-damage|p1a: Landorus-Therian|306\/349|[from] Stealth Rock
|-ability|p1a: Landorus-Therian|Intimidate|[of] p2a: Conkeldurr
|-unboost|p2a: Conkeldurr|atk|1
|turn|20
|chat|Kith|i seen kyub out speed scraf positive max speed 100
|
|move|p1a: Landorus-Therian|Stone Edge|p2a: Conkeldurr
|-crit|p2a: Conkeldurr
|-resisted|p2a: Conkeldurr
|-damage|p2a: Conkeldurr|104\/414 brn
|move|p2a: Conkeldurr|Ice Punch|p1a: Landorus-Therian
|-supereffective|p1a: Landorus-Therian
|-damage|p1a: Landorus-Therian|0 fnt
|faint|p1a: Landorus-Therian
|
|-damage|p2a: Conkeldurr|53\/414 brn|[from] brn
|chat|Mikasa1337|must be a glitch in the code
|chat|Mikasa1337|gg tho
|-message|Mikasa1337 forfeited.
|
|win|Kith
|raw|Ladder updating...
|raw|Mikasa1337's rating: 1425 &rarr; <strong>1408<\/strong><br \/>(-17 for losing)
|raw|Kith's rating: 1483 &rarr; <strong>1500<\/strong><br \/>(+17 for winning)
|leave|Mikasa1337
|player|p1