|join|KrunkPunk
|join|Mikasa1337
|player|p1|KrunkPunk|125
|player|p2|Mikasa1337|169
|gametype|singles
|gen|6
|tier|OU
|rated
|clearpoke
|poke|p1|Cloyster, F
|poke|p1|Houndoom, F
|poke|p1|Misdreavus, F
|poke|p1|Empoleon, M
|poke|p1|Breloom, F
|poke|p1|Dragonite, F
|poke|p2|Ambipom, M
|poke|p2|Lanturn, F
|poke|p2|Mandibuzz, F, shiny
|poke|p2|Landorus-Therian, M, shiny
|poke|p2|Charizard, M, shiny
|poke|p2|Trevenant, F, shiny
|rule|Sleep Clause Mod: Limit one foe put to sleep
|rule|Species Clause: Limit one of each Pokemon
|rule|OHKO Clause: OHKO moves are banned
|rule|Moody Clause: Moody is banned
|rule|Evasion Moves Clause: Evasion moves are banned
|rule|Endless Battle Clause: Forcing endless battles is banned.
|rule|HP Percentage Mod: HP is reported as percentages
|teampreview
|
|start
|switch|p1a: Misdreavus|Misdreavus, F|262\/262
|switch|p2a: Trevenant|Trevenant, F, shiny|374\/374
|turn|1
|
|move|p1a: Misdreavus|Thunder Wave|p2a: Trevenant
|-status|p2a: Trevenant|par
|-enditem|p2a: Trevenant|Lum Berry|[eat]
|-curestatus|p2a: Trevenant|par
|move|p2a: Trevenant|Will-O-Wisp|p1a: Misdreavus
|-status|p1a: Misdreavus|brn
|
|-damage|p1a: Misdreavus|230\/262 brn|[from] brn
|turn|2
|
|move|p1a: Misdreavus|Thunder Wave|p2a: Trevenant
|-status|p2a: Trevenant|par
|move|p2a: Trevenant|Horn Leech|p1a: Misdreavus
|-damage|p1a: Misdreavus|163\/262 brn
|
|-damage|p1a: Misdreavus|131\/262 brn|[from] brn
|-item|p2a: Trevenant|Lum Berry|[from] ability: Harvest
|-enditem|p2a: Trevenant|Lum Berry|[eat]
|-curestatus|p2a: Trevenant|par
|turn|3
|
|move|p1a: Misdreavus|Pain Split|p2a: Trevenant
|-sethp|p2a: Trevenant|252\/374|p1a: Misdreavus|252\/262 brn|[from] move: Pain Split
|move|p2a: Trevenant|Horn Leech|p1a: Misdreavus
|-damage|p1a: Misdreavus|179\/262 brn
|-heal|p2a: Trevenant|289\/374|[from] drain|[of] p1a: Misdreavus
|
|-damage|p1a: Misdreavus|147\/262 brn|[from] brn
|turn|4
|
|move|p1a: Misdreavus|Confuse Ray|p2a: Trevenant
|-start|p2a: Trevenant|confusion
|-activate|p2a: Trevenant|confusion
|-damage|p2a: Trevenant|261\/374|[from] confusion
|
|-damage|p1a: Misdreavus|115\/262 brn|[from] brn
|-item|p2a: Trevenant|Lum Berry|[from] ability: Harvest
|-enditem|p2a: Trevenant|Lum Berry|[eat]
|-end|p2a: Trevenant|confusion
|turn|5
|
|move|p1a: Misdreavus|Heal Bell|p1a: Misdreavus
|-cureteam|p1a: Misdreavus|[from] move: HealBell
|move|p2a: Trevenant|Horn Leech|p1a: Misdreavus
|-damage|p1a: Misdreavus|45\/262
|-heal|p2a: Trevenant|296\/374|[from] drain|[of] p1a: Misdreavus
|
|-item|p2a: Trevenant|Lum Berry|[from] ability: Harvest
|turn|6
|
|move|p1a: Misdreavus|Pain Split|p2a: Trevenant
|-sethp|p2a: Trevenant|170\/374|p1a: Misdreavus|170\/262|[from] move: Pain Split
|move|p2a: Trevenant|Horn Leech|p1a: Misdreavus
|-damage|p1a: Misdreavus|94\/262
|-heal|p2a: Trevenant|208\/374|[from] drain|[of] p1a: Misdreavus
|
|turn|7
|
|switch|p1a: Houndoom|Houndoom, F|292\/292
|move|p2a: Trevenant|Trick Room|p2a: Trevenant
|-fieldstart|move: Trick Room|[of] p2a: Trevenant
|
|turn|8
|
|switch|p2a: Lanturn|Lanturn, F|454\/454
|-formechange|p1a: Houndoom|Houndoom-Mega
|message|Houndoom has Mega Evolved into Mega Houndoom!
|move|p1a: Houndoom|Dark Pulse|p2a: Lanturn
|-damage|p2a: Lanturn|318\/454
|
|-heal|p2a: Lanturn|346\/454|[from] item: Leftovers
|turn|9
|
|switch|p1a: Dragonite|Dragonite, F|324\/324
|move|p2a: Lanturn|Scald|p1a: Dragonite
|-resisted|p1a: Dragonite
|-damage|p1a: Dragonite|306\/324
|-status|p1a: Dragonite|brn
|
|-heal|p2a: Lanturn|374\/454|[from] item: Leftovers
|-damage|p1a: Dragonite|266\/324 brn|[from] brn
|turn|10
|
|switch|p2a: Landorus-Therian|Landorus-Therian, M, shiny|350\/350
|-ability|p2a: Landorus-Therian|Intimidate|[of] p1a: Dragonite
|-unboost|p1a: Dragonite|atk|1
|switch|p1a: Misdreavus|Misdreavus, F|94\/262
|
|turn|11
|
|move|p1a: Misdreavus|Pain Split|p2a: Landorus-Therian
|-sethp|p2a: Landorus-Therian|222\/350|p1a: Misdreavus|222\/262|[from] move: Pain Split
|move|p2a: Landorus-Therian|U-turn|p1a: Misdreavus
|-resisted|p1a: Misdreavus
|-damage|p1a: Misdreavus|189\/262
|
|switch|p2a: Mandibuzz|Mandibuzz, F, shiny|362\/362
|
|-fieldend|move: Trick Room
|turn|12
|c|âMikasa1337|!data misdreavus
|c|~|\/data-pokemon Misdreavus

|
|switch|p1a: Cloyster|Cloyster, F|242\/242
|move|p2a: Mandibuzz|Knock Off|p1a: Cloyster
|-damage|p1a: Cloyster|179\/242
|-enditem|p1a: Cloyster|White Herb|[from] move: Knock Off|[of] p2a: Mandibuzz
|
|turn|13
|
|move|p2a: Mandibuzz|Foul Play|p1a: Cloyster
|-damage|p1a: Cloyster|94\/242
|move|p1a: Cloyster|Shell Smash|p1a: Cloyster
|-boost|p1a: Cloyster|atk|2
|-boost|p1a: Cloyster|spa|2
|-boost|p1a: Cloyster|spe|2
|-unboost|p1a: Cloyster|def|1
|-unboost|p1a: Cloyster|spd|1
|
|turn|14
|
|switch|p2a: Trevenant|Trevenant, F, shiny|208\/374
|move|p1a: Cloyster|Icicle Spear|p2a: Trevenant
|-supereffective|p2a: Trevenant
|-damage|p2a: Trevenant|68\/374
|-supereffective|p2a: Trevenant
|-damage|p2a: Trevenant|0 fnt
|-hitcount|p2a: Trevenant|2
|faint|p2a: Trevenant
|
|
|switch|p2a: Ambipom|Ambipom, M|292\/292
|turn|15
|
|move|p2a: Ambipom|Fake Out|p1a: Cloyster
|-damage|p1a: Cloyster|0 fnt
|-damage|p2a: Ambipom|263\/292|[from] item: Life Orb
|faint|p1a: Cloyster
|
|
|switch|p1a: Misdreavus|Misdreavus, F|189\/262
|turn|16
|
|move|p2a: Ambipom|Pursuit|p1a: Misdreavus
|-supereffective|p1a: Misdreavus
|-damage|p1a: Misdreavus|72\/262
|-damage|p2a: Ambipom|234\/292|[from] item: Life Orb
|move|p1a: Misdreavus|Heal Bell|p1a: Misdreavus
|-cureteam|p1a: Misdreavus|[from] move: HealBell
|
|turn|17
|
|move|p2a: Ambipom|Pursuit|p1a: Misdreavus|[from]Pursuit
|-supereffective|p1a: Misdreavus
|-damage|p1a: Misdreavus|0 fnt
|-damage|p2a: Ambipom|205\/292|[from] item: Life Orb
|faint|p1a: Misdreavus
|
|
|switch|p1a: Breloom|Breloom, F|262\/262
|turn|18
|
|switch|p2a: Landorus-Therian|Landorus-Therian, M, shiny|222\/350
|-ability|p2a: Landorus-Therian|Intimidate|[of] p1a: Breloom
|-unboost|p1a: Breloom|atk|1
|move|p1a: Breloom|Spore|p2a: Landorus-Therian
|-status|p2a: Landorus-Therian|slp
|
|turn|19
|
|cant|p2a: Landorus-Therian|slp
|move|p1a: Breloom|Swords Dance|p1a: Breloom
|-boost|p1a: Breloom|atk|2
|
|turn|20
|
|switch|p2a: Charizard|Charizard, M, shiny|298\/298
|move|p1a: Breloom|Bullet Seed|p2a: Charizard
|-resisted|p2a: Charizard
|-damage|p2a: Charizard|267\/298
|-resisted|p2a: Charizard
|-damage|p2a: Charizard|231\/298
|-resisted|p2a: Charizard
|-damage|p2a: Charizard|200\/298
|-resisted|p2a: Charizard
|-damage|p2a: Charizard|164\/298
|-hitcount|p2a: Charizard|4
|
|turn|21
|
|-formechange|p2a: Charizard|Charizard-Mega-X
|message|Charizard has Mega Evolved into Mega Charizard!
|move|p2a: Charizard|Outrage|p1a: Breloom
|-enditem|p1a: Breloom|Focus Sash
|-damage|p1a: Breloom|1\/262
|move|p1a: Breloom|Bullet Seed|p2a: Charizard
|-resisted|p2a: Charizard
|-damage|p2a: Charizard|139\/298
|-resisted|p2a: Charizard
|-damage|p2a: Charizard|115\/298
|-resisted|p2a: Charizard
|-damage|p2a: Charizard|91\/298
|-resisted|p2a: Charizard
|-damage|p2a: Charizard|66\/298
|-hitcount|p2a: Charizard|4
|
|turn|22
|
|move|p1a: Breloom|Mach Punch|p2a: Charizard
|-damage|p2a: Charizard|0 fnt
|faint|p2a: Charizard
|
|
|switch|p2a: Ambipom|Ambipom, M|205\/292
|turn|23
|
|switch|p1a: Empoleon|Empoleon, M|310\/310
|move|p2a: Ambipom|Fake Out|p1a: Empoleon
|-resisted|p1a: Empoleon
|-damage|p1a: Empoleon|259\/310
|-damage|p2a: Ambipom|176\/292|[from] item: Life Orb
|
|turn|24
|
|move|p2a: Ambipom|Power-Up Punch|p1a: Empoleon
|-supereffective|p1a: Empoleon
|-damage|p1a: Empoleon|129\/310
|-enditem|p1a: Empoleon|Weakness Policy
|-boost|p1a: Empoleon|atk|2|[from] item: Weakness Policy
|-boost|p1a: Empoleon|spa|2|[from] item: Weakness Policy
|-boost|p2a: Ambipom|atk|1
|-damage|p2a: Ambipom|147\/292|[from] item: Life Orb
|move|p1a: Empoleon|Waterfall|p2a: Ambipom
|-damage|p2a: Ambipom|0 fnt
|faint|p2a: Ambipom
|
|
|switch|p2a: Lanturn|Lanturn, F|374\/454
|turn|25
|c|âKrunkPunk|!data lanturn
|c|~|\/data-pokemon Lanturn

|c|âKrunkPunk|!data empoleon
|c|~|\/data-pokemon Empoleon

|
|move|p1a: Empoleon|Aqua Jet|p2a: Lanturn
|-heal|p2a: Lanturn|454\/454|[from] ability: Water Absorb|[of] p1a: Empoleon
|move|p2a: Lanturn|Thunderbolt|p1a: Empoleon
|-supereffective|p1a: Empoleon
|-damage|p1a: Empoleon|0 fnt
|faint|p1a: Empoleon
|
|
|switch|p1a: Breloom|Breloom, F|1\/262
|turn|26
|
|switch|p2a: Landorus-Therian|Landorus-Therian, M, shiny|222\/350 slp
|-ability|p2a: Landorus-Therian|Intimidate|[of] p1a: Breloom
|-unboost|p1a: Breloom|atk|1
|move|p1a: Breloom|Bullet Seed|p2a: Landorus-Therian
|-damage|p2a: Landorus-Therian|164\/350 slp
|-damage|p2a: Landorus-Therian|110\/350 slp
|-hitcount|p2a: Landorus-Therian|2
|
|turn|27
|
|cant|p2a: Landorus-Therian|slp
|move|p1a: Breloom|Swords Dance|p1a: Breloom
|-boost|p1a: Breloom|atk|2
|
|turn|28
|
|move|p1a: Breloom|Mach Punch|p2a: Landorus-Therian
|-resisted|p2a: Landorus-Therian
|-damage|p2a: Landorus-Therian|14\/350 slp
|-curestatus|p2a: Landorus-Therian|slp
|move|p2a: Landorus-Therian|U-turn|p1a: Breloom
|-damage|p1a: Breloom|0 fnt
|faint|p1a: Breloom
|
|switch|p2a: Lanturn|Lanturn, F|454\/454
|
|
|switch|p1a: Dragonite|Dragonite, F|266\/324
|turn|29
|
|move|p1a: Dragonite|Dragon Dance|p1a: Dragonite
|-boost|p1a: Dragonite|atk|1
|-boost|p1a: Dragonite|spe|1
|move|p2a: Lanturn|Toxic|p1a: Dragonite
|-status|p1a: Dragonite|tox
|
|-damage|p1a: Dragonite|246\/324 tox|[from] psn
|turn|30
|
|move|p1a: Dragonite|Earthquake|p2a: Lanturn
|-supereffective|p2a: Lanturn
|-damage|p2a: Lanturn|0 fnt
|faint|p2a: Lanturn
|
|-damage|p1a: Dragonite|206\/324 tox|[from] psn
|
|switch|p2a: Landorus-Therian|Landorus-Therian, M, shiny|14\/350
|-ability|p2a: Landorus-Therian|Intimidate|[of] p1a: Dragonite
|-unboost|p1a: Dragonite|atk|1
|turn|31
|
|switch|p2a: Mandibuzz|Mandibuzz, F, shiny|362\/362
|move|p1a: Dragonite|Extreme Speed|p2a: Mandibuzz
|-damage|p2a: Mandibuzz|289\/362
|
|-heal|p2a: Mandibuzz|311\/362|[from] item: Leftovers
|-damage|p1a: Dragonite|146\/324 tox|[from] psn
|turn|32
|
|move|p1a: Dragonite|Dragon Claw|p2a: Mandibuzz
|-damage|p2a: Mandibuzz|202\/362
|move|p2a: Mandibuzz|Foul Play|p1a: Dragonite
|-damage|p1a: Dragonite|1\/324 tox
|
|-heal|p2a: Mandibuzz|224\/362|[from] item: Leftovers
|-damage|p1a: Dragonite|0 fnt|[from] psn
|faint|p1a: Dragonite
|
|switch|p1a: Houndoom|Houndoom, F|292\/292
|-formechange|p1a: Houndoom|Houndoom-Mega
|turn|33
|c|âMikasa1337|!data mega houndoom
|c|~|\/data-pokemon Houndoom-Mega

|
|move|p1a: Houndoom|Nasty Plot|p1a: Houndoom
|-boost|p1a: Houndoom|spa|2
|move|p2a: Mandibuzz|Foul Play|p1a: Houndoom
|-resisted|p1a: Houndoom
|-damage|p1a: Houndoom|235\/292
|
|-heal|p2a: Mandibuzz|246\/362|[from] item: Leftovers
|turn|34
|
|move|p1a: Houndoom|Nasty Plot|p1a: Houndoom
|-boost|p1a: Houndoom|spa|2
|move|p2a: Mandibuzz|Foul Play|p1a: Houndoom
|-resisted|p1a: Houndoom
|-damage|p1a: Houndoom|184\/292
|
|-heal|p2a: Mandibuzz|268\/362|[from] item: Leftovers
|turn|35
|
|move|p1a: Houndoom|Flame Charge|p2a: Mandibuzz
|-damage|p2a: Mandibuzz|216\/362
|-boost|p1a: Houndoom|spe|1
|move|p2a: Mandibuzz|Foul Play|p1a: Houndoom
|-resisted|p1a: Houndoom
|-damage|p1a: Houndoom|130\/292
|
|-heal|p2a: Mandibuzz|238\/362|[from] item: Leftovers
|turn|36
|
|move|p1a: Houndoom|Flamethrower|p2a: Mandibuzz
|-damage|p2a: Mandibuzz|0 fnt
|faint|p2a: Mandibuzz
|
|
|switch|p2a: Landorus-Therian|Landorus-Therian, M, shiny|14\/350
|-ability|p2a: Landorus-Therian|Intimidate|[of] p1a: Houndoom
|-unboost|p1a: Houndoom|atk|1
|turn|37
|
|move|p1a: Houndoom|Flamethrower|p2a: Landorus-Therian
|-damage|p2a: Landorus-Therian|0 fnt
|faint|p2a: Landorus-Therian
|
|win|KrunkPunk
|raw|Ladder updating...
|raw|KrunkPunk's rating: 1334 &rarr; <strong>1355<\/strong><br \/>(+21 for winning)
|raw|Mikasa1337's rating: 1280 &rarr; <strong>1259<\/strong><br \/>(-21 for losing)
|chat|KrunkPunk|gg
|chat|Mikasa1337|gg
|chat|KrunkPunk|awesome match
|chat|Mikasa1337|yeah i thought i had it for a min
|chat|Mikasa1337|then you did flame charge and i was like nuuuuu
|chat|KrunkPunk|you definitely had me sweatin
|chat|KrunkPunk|haha scarfed landorus?
|chat|Mikasa1337|yeah lol
|chat|Mikasa1337|i'll see you around
|chat|KrunkPunk|aight take care
|leave|Mikasa1337
|player|p2