|join|Mikasa1337
|join|DatBoi012
|player|p1|Mikasa1337|101
|player|p2|DatBoi012|274
|gametype|singles
|gen|6
|tier|OU
|rated
|clearpoke
|poke|p1|Ambipom, M
|poke|p1|Greninja, M
|poke|p1|Mandibuzz, F, shiny
|poke|p1|Landorus-Therian, M, shiny
|poke|p1|Charizard, M, shiny
|poke|p1|Vivillon, M, shiny
|poke|p2|Mamoswine, M, shiny
|poke|p2|Aegislash, M, shiny
|poke|p2|Goodra, M, shiny
|poke|p2|Gardevoir, M, shiny
|poke|p2|Gyarados, F, shiny
|poke|p2|Talonflame, F, shiny
|rule|Sleep Clause Mod: Limit one foe put to sleep
|rule|Species Clause: Limit one of each Pokemon
|rule|OHKO Clause: OHKO moves are banned
|rule|Moody Clause: Moody is banned
|rule|Evasion Moves Clause: Evasion moves are banned
|rule|Endless Battle Clause: Forcing endless battles is banned.
|rule|HP Percentage Mod: HP is reported as percentages
|teampreview
|join|i like titties
|
|start
|switch|p1a: Vivillon|Vivillon, M, shiny|302\/302
|switch|p2a: Mamoswine|Mamoswine, M, shiny|361\/361
|turn|1
|
|move|p2a: Mamoswine|Icicle Crash|p1a: Vivillon|[miss]
|-miss|p2a: Mamoswine|p1a: Vivillon
|move|p1a: Vivillon|Sleep Powder|p2a: Mamoswine
|-status|p2a: Mamoswine|slp
|
|turn|2
|leave|i like titties
|
|cant|p2a: Mamoswine|slp
|move|p1a: Vivillon|Hurricane|p2a: Mamoswine
|-damage|p2a: Mamoswine|132\/361 slp
|
|turn|3
|
|-curestatus|p2a: Mamoswine|slp
|move|p2a: Mamoswine|Ice Shard|p1a: Vivillon
|-supereffective|p1a: Vivillon
|-damage|p1a: Vivillon|74\/302
|move|p1a: Vivillon|Hurricane|p2a: Mamoswine|[miss]
|-miss|p1a: Vivillon|p2a: Mamoswine
|
|turn|4
|chat|Mikasa1337|compound eyes fail
|
|move|p2a: Mamoswine|Ice Shard|p1a: Vivillon
|-supereffective|p1a: Vivillon
|-damage|p1a: Vivillon|0 fnt
|faint|p1a: Vivillon
|
|
|switch|p1a: Greninja|Greninja, M|285\/285
|turn|5
|
|move|p2a: Mamoswine|Ice Shard|p1a: Greninja
|-resisted|p1a: Greninja
|-damage|p1a: Greninja|231\/285
|-start|p1a: Greninja|typechange|Water|[from] Protean
|move|p1a: Greninja|Scald|p2a: Mamoswine
|-supereffective|p2a: Mamoswine
|-damage|p2a: Mamoswine|0 fnt
|-damage|p1a: Greninja|203\/285|[from] item: Life Orb
|faint|p2a: Mamoswine
|
|
|switch|p2a: Gyarados|Gyarados, F, shiny|332\/332
|turn|6
|
|switch|p1a: Mandibuzz|Mandibuzz, F, shiny|362\/362
|move|p2a: Gyarados|Dragon Dance|p2a: Gyarados
|-boost|p2a: Gyarados|atk|1
|-boost|p2a: Gyarados|spe|1
|
|turn|7
|
|move|p2a: Gyarados|Waterfall|p1a: Mandibuzz
|-crit|p1a: Mandibuzz
|-damage|p1a: Mandibuzz|86\/362
|move|p1a: Mandibuzz|Foul Play|p2a: Gyarados
|-damage|p2a: Gyarados|28\/332
|
|-heal|p1a: Mandibuzz|108\/362|[from] item: Leftovers
|turn|8
|
|move|p2a: Gyarados|Waterfall|p1a: Mandibuzz
|-damage|p1a: Mandibuzz|0 fnt
|faint|p1a: Mandibuzz
|-boost|p2a: Gyarados|atk|1|[from] ability: Moxie
|
|
|switch|p1a: Ambipom|Ambipom, M|292\/292
|turn|9
|
|move|p1a: Ambipom|Fake Out|p2a: Gyarados
|-damage|p2a: Gyarados|0 fnt
|-damage|p1a: Ambipom|263\/292|[from] item: Life Orb
|faint|p2a: Gyarados
|
|
|switch|p2a: Talonflame|Talonflame, F, shiny|348\/348
|turn|10
|
|switch|p1a: Landorus-Therian|Landorus-Therian, M, shiny|350\/350
|-ability|p1a: Landorus-Therian|Intimidate|[of] p2a: Talonflame
|-unboost|p2a: Talonflame|atk|1
|move|p2a: Talonflame|Swords Dance|p2a: Talonflame
|-boost|p2a: Talonflame|atk|2
|
|turn|11
|
|move|p1a: Landorus-Therian|Stone Edge|p2a: Talonflame
|-supereffective|p2a: Talonflame
|-damage|p2a: Talonflame|0 fnt
|faint|p2a: Talonflame
|
|
|switch|p2a: Gardevoir|Gardevoir, M, shiny|278\/278
|-ability|p2a: Gardevoir|Intimidate|[from] ability: Trace|[of] p1a: Landorus-Therian
|-ability|p2a: Gardevoir|Intimidate|[of] p1a: Landorus-Therian
|-unboost|p1a: Landorus-Therian|atk|1
|turn|12
|
|switch|p1a: Ambipom|Ambipom, M|263\/292
|-formechange|p2a: Gardevoir|Gardevoir-Mega
|message|Gardevoir has Mega Evolved into Mega Gardevoir!
|move|p2a: Gardevoir|Psyshock|p1a: Ambipom
|-damage|p1a: Ambipom|34\/292
|
|turn|13
|
|switch|p2a: Aegislash|Aegislash, M, shiny|324\/324
|move|p1a: Ambipom|Fake Out|p2a: Aegislash
|-immune|p2a: Aegislash|[msg]
|
|turn|14
|
|move|p1a: Ambipom|Pursuit|p2a: Aegislash
|-supereffective|p2a: Aegislash
|-damage|p2a: Aegislash|220\/324
|-damage|p1a: Ambipom|5\/292|[from] item: Life Orb
|move|p2a: Aegislash|Swords Dance|p2a: Aegislash
|-boost|p2a: Aegislash|atk|2
|
|-heal|p2a: Aegislash|240\/324|[from] item: Leftovers
|turn|15
|
|move|p1a: Ambipom|Pursuit|p2a: Aegislash
|-supereffective|p2a: Aegislash
|-damage|p2a: Aegislash|120\/324
|-damage|p1a: Ambipom|0 fnt|[from] item: Life Orb
|faint|p1a: Ambipom
|move|p2a: Aegislash|Swords Dance|p2a: Aegislash
|-boost|p2a: Aegislash|atk|2
|
|-heal|p2a: Aegislash|140\/324|[from] item: Leftovers
|
|switch|p1a: Greninja|Greninja, M|203\/285
|turn|16
|
|move|p2a: Aegislash|King's Shield|p2a: Aegislash
|-singleturn|p2a: Aegislash|Protect
|-start|p1a: Greninja|typechange|Ghost|[from] Protean
|move|p1a: Greninja|Shadow Sneak|p2a: Aegislash
|-activate|p2a: Aegislash|Protect
|-unboost|p1a: Greninja|atk|2
|
|-heal|p2a: Aegislash|160\/324|[from] item: Leftovers
|turn|17
|
|switch|p1a: Landorus-Therian|Landorus-Therian, M, shiny|350\/350
|-ability|p1a: Landorus-Therian|Intimidate|[of] p2a: Aegislash
|-unboost|p2a: Aegislash|atk|1
|-formechange|p2a: Aegislash|Aegislash-Blade
|move|p2a: Aegislash|Shadow Sneak|p1a: Landorus-Therian
|-damage|p1a: Landorus-Therian|130\/350
|
|-heal|p2a: Aegislash|180\/324|[from] item: Leftovers
|turn|18
|
|move|p2a: Aegislash|Shadow Sneak|p1a: Landorus-Therian
|-damage|p1a: Landorus-Therian|0 fnt
|faint|p1a: Landorus-Therian
|
|-heal|p2a: Aegislash|200\/324|[from] item: Leftovers
|
|switch|p1a: Greninja|Greninja, M|203\/285
|turn|19
|
|-formechange|p2a: Aegislash|Aegislash
|move|p2a: Aegislash|King's Shield|p2a: Aegislash
|-singleturn|p2a: Aegislash|Protect
|-start|p1a: Greninja|typechange|Dark|[from] Protean
|move|p1a: Greninja|Dark Pulse|p2a: Aegislash
|-activate|p2a: Aegislash|Protect
|
|-heal|p2a: Aegislash|220\/324|[from] item: Leftovers
|turn|20
|
|-formechange|p2a: Aegislash|Aegislash-Blade
|move|p2a: Aegislash|Shadow Sneak|p1a: Greninja
|-resisted|p1a: Greninja
|-damage|p1a: Greninja|44\/285
|move|p1a: Greninja|Dark Pulse|p2a: Aegislash
|-supereffective|p2a: Aegislash
|-damage|p2a: Aegislash|0 fnt
|-damage|p1a: Greninja|16\/285|[from] item: Life Orb
|faint|p2a: Aegislash
|
|
|switch|p2a: Goodra|Goodra, M, shiny|322\/322
|turn|21
|
|switch|p1a: Charizard|Charizard, M, shiny|298\/298
|move|p2a: Goodra|Thunderbolt|p1a: Charizard
|-supereffective|p1a: Charizard
|-damage|p1a: Charizard|68\/298
|
|turn|22
|
|-formechange|p1a: Charizard|Charizard-Mega-X
|message|Charizard has Mega Evolved into Mega Charizard!
|move|p1a: Charizard|Outrage|p2a: Goodra
|-supereffective|p2a: Goodra
|-damage|p2a: Goodra|0 fnt
|faint|p2a: Goodra
|
|
|switch|p2a: Gardevoir|Gardevoir, M, shiny|278\/278
|-formechange|p2a: Gardevoir|Gardevoir-Mega
|turn|23
|
|move|p1a: Charizard|Outrage|p2a: Gardevoir
|-immune|p2a: Gardevoir|[msg]
|move|p2a: Gardevoir|Hyper Voice|p1a: Charizard
|-crit|p1a: Charizard
|-damage|p1a: Charizard|0 fnt
|faint|p1a: Charizard
|
|
|switch|p1a: Greninja|Greninja, M|16\/285
|turn|24
|
|-start|p1a: Greninja|typechange|Ghost|[from] Protean
|move|p1a: Greninja|Shadow Sneak|p2a: Gardevoir
|-supereffective|p2a: Gardevoir
|-damage|p2a: Gardevoir|119\/278
|-damage|p1a: Greninja|0 fnt|[from] item: Life Orb
|faint|p1a: Greninja
|
|win|DatBoi012
|raw|Ladder updating...
|raw|Mikasa1337's rating: 1425 &rarr; <strong>1408<\/strong><br \/>(-17 for losing)
|raw|DatBoi012's rating: 1471 &rarr; <strong>1488<\/strong><br \/>(+17 for winning)