|join|mikasa1337
|join|Travvy321
|player|p1|mikasa1337|102
|player|p2|Travvy321|143
|gametype|singles
|gen|6
|tier|OU (suspect test)
|rated
|clearpoke
|poke|p1|Mawile, M
|poke|p1|Aegislash, M
|poke|p1|Landorus, M
|poke|p1|Dragonite, M
|poke|p1|Rotom-Wash
|poke|p1|Chansey, F
|poke|p2|Greninja, M
|poke|p2|Keldeo
|poke|p2|Charizard, F
|poke|p2|Zapdos
|poke|p2|Clefable, M
|poke|p2|Landorus-Therian, M
|rule|Sleep Clause Mod: Limit one foe put to sleep
|rule|Species Clause: Limit one of each Pokemon
|rule|OHKO Clause: OHKO moves are banned
|rule|Moody Clause: Moody is banned
|rule|Evasion Moves Clause: Evasion moves are banned
|rule|Endless Battle Clause: Forcing endless battles is banned.
|rule|HP Percentage Mod: HP is reported as percentages
|teampreview
|join|Blakdragon7
|
|start
|switch|p1a: Landorus|Landorus, M|320\/320
|switch|p2a: Zapdos|Zapdos|384\/384
|-ability|p2a: Zapdos|Pressure
|turn|1
|
|switch|p1a: Chansey|Chansey, F|704\/704
|move|p2a: Zapdos|Heat Wave|p1a: Chansey
|-damage|p1a: Chansey|626\/704
|
|turn|2
|
|switch|p2a: Clefable|Clefable, M|394\/394
|move|p1a: Chansey|Toxic|p2a: Clefable|[miss]
|-miss|p1a: Chansey|p2a: Clefable
|
|turn|3
|
|switch|p1a: Landorus|Landorus, M|320\/320
|move|p2a: Clefable|Cosmic Power|p2a: Clefable
|-boost|p2a: Clefable|def|1
|-boost|p2a: Clefable|spd|1
|
|turn|4
|
|switch|p2a: Landorus-Therian|Landorus-Therian, M|339\/339
|-ability|p2a: Landorus-Therian|Intimidate|[of] p1a: Landorus
|-unboost|p1a: Landorus|atk|1
|move|p1a: Landorus|Sludge Wave|p2a: Landorus-Therian
|-resisted|p2a: Landorus-Therian
|-damage|p2a: Landorus-Therian|229\/339
|
|turn|5
|
|move|p1a: Landorus|Hidden Power|p2a: Landorus-Therian
|-supereffective|p2a: Landorus-Therian
|-enditem|p2a: Landorus-Therian|Yache Berry|[eat]
|-damage|p2a: Landorus-Therian|5\/339
|-damage|p1a: Landorus|288\/320|[from] item: Life Orb
|move|p2a: Landorus-Therian|Stealth Rock|p1a: Landorus
|-sidestart|p1: mikasa1337|move: Stealth Rock
|
|turn|6
|
|move|p1a: Landorus|Sludge Wave|p2a: Landorus-Therian
|-resisted|p2a: Landorus-Therian
|-damage|p2a: Landorus-Therian|0 fnt
|faint|p2a: Landorus-Therian
|
|
|switch|p2a: Keldeo|Keldeo|323\/323
|turn|7
|
|switch|p1a: Rotom-Wash|Rotom-Wash|304\/304
|-damage|p1a: Rotom-Wash|266\/304|[from] Stealth Rock
|move|p2a: Keldeo|Secret Sword|p1a: Rotom-Wash
|-damage|p1a: Rotom-Wash|118\/304
|
|turn|8
|join|OpieOPTooOP
|chat|OpieOPTooOP|OpieOP
|chat|OpieOPTooOP|It's me owl Kappa
|chat|Travvy321|xD
|
|switch|p2a: Clefable|Clefable, M|394\/394
|switch|p1a: Aegislash|Aegislash, M|324\/324
|-damage|p1a: Aegislash|304\/324|[from] Stealth Rock
|
|-heal|p1a: Aegislash|324\/324|[from] item: Leftovers
|turn|9
|chat|Blakdragon7|XD
|
|move|p2a: Clefable|Cosmic Power|p2a: Clefable
|-boost|p2a: Clefable|def|1
|-boost|p2a: Clefable|spd|1
|-formechange|p1a: Aegislash|Aegislash-Blade
|move|p1a: Aegislash|Shadow Ball|p2a: Clefable
|-damage|p2a: Clefable|307\/394
|-unboost|p2a: Clefable|spd|1
|
|-heal|p2a: Clefable|331\/394|[from] item: Leftovers
|turn|10
|chat|OpieOPTooOP|This is my brand new account
|
|switch|p1a: Landorus|Landorus, M|288\/320
|-damage|p1a: Landorus|248\/320|[from] Stealth Rock
|move|p2a: Clefable|Charge Beam|p1a: Landorus
|-immune|p1a: Landorus|[msg]
|
|-heal|p2a: Clefable|355\/394|[from] item: Leftovers
|turn|11
|
|move|p1a: Landorus|Sludge Wave|p2a: Clefable
|-supereffective|p2a: Clefable
|-damage|p2a: Clefable|69\/394
|move|p2a: Clefable|Cosmic Power|p2a: Clefable
|-boost|p2a: Clefable|def|1
|-boost|p2a: Clefable|spd|1
|
|-heal|p2a: Clefable|93\/394|[from] item: Leftovers
|turn|12
|
|move|p1a: Landorus|Sludge Wave|p2a: Clefable
|-supereffective|p2a: Clefable
|-damage|p2a: Clefable|0 fnt
|faint|p2a: Clefable
|
|
|switch|p2a: Keldeo|Keldeo|323\/323
|turn|13
|
|move|p2a: Keldeo|Secret Sword|p1a: Landorus
|-resisted|p1a: Landorus
|-damage|p1a: Landorus|116\/320
|move|p1a: Landorus|Earth Power|p2a: Keldeo
|-damage|p2a: Keldeo|33\/323
|
|turn|14
|
|move|p2a: Keldeo|Secret Sword|p1a: Landorus
|-resisted|p1a: Landorus
|-damage|p1a: Landorus|0 fnt
|faint|p1a: Landorus
|
|
|switch|p1a: Aegislash|Aegislash, M|324\/324
|-damage|p1a: Aegislash|304\/324|[from] Stealth Rock
|turn|15
|
|switch|p2a: Zapdos|Zapdos|384\/384
|-ability|p2a: Zapdos|Pressure
|move|p1a: Aegislash|Substitute|p1a: Aegislash
|-start|p1a: Aegislash|Substitute
|-damage|p1a: Aegislash|223\/324
|
|-heal|p1a: Aegislash|243\/324|[from] item: Leftovers
|turn|16
|
|move|p2a: Zapdos|Heat Wave|p1a: Aegislash
|-supereffective|p1a: Aegislash
|-end|p1a: Aegislash|Substitute
|-formechange|p1a: Aegislash|Aegislash-Blade
|move|p1a: Aegislash|Shadow Ball|p2a: Zapdos
|-damage|p2a: Zapdos|225\/384
|
|-heal|p2a: Zapdos|249\/384|[from] item: Leftovers
|-heal|p1a: Aegislash|263\/324|[from] item: Leftovers
|turn|17
|
|switch|p1a: Chansey|Chansey, F|626\/704
|-damage|p1a: Chansey|538\/704|[from] Stealth Rock
|move|p2a: Zapdos|Roost|p2a: Zapdos
|-heal|p2a: Zapdos|384\/384
|
|turn|18
|
|switch|p2a: Keldeo|Keldeo|33\/323
|move|p1a: Chansey|Toxic|p2a: Keldeo
|-status|p2a: Keldeo|tox
|
|-damage|p2a: Keldeo|13\/323 tox|[from] psn
|turn|19
|
|move|p2a: Keldeo|Hydro Pump|p1a: Chansey|[miss]
|-miss|p2a: Keldeo|p1a: Chansey
|move|p1a: Chansey|Wish|p1a: Chansey
|
|-damage|p2a: Keldeo|0 fnt|[from] psn
|faint|p2a: Keldeo
|
|switch|p2a: Charizard|Charizard, F|360\/360
|turn|20
|
|detailschange|p2a: Charizard|Charizard-Mega-X, F
|message|Charizard has Mega Evolved into Mega Charizard!
|move|p2a: Charizard|Belly Drum|p2a: Charizard
|-damage|p2a: Charizard|180\/360
|-setboost|p2a: Charizard|atk|6|[from] move: Belly Drum
|move|p1a: Chansey|Toxic|p2a: Charizard
|-status|p2a: Charizard|tox
|
|-heal|p1a: Chansey|704\/704|[from] move: Wish|[wisher] Chansey
|-damage|p2a: Charizard|158\/360 tox|[from] psn
|turn|21
|
|move|p2a: Charizard|Roost|p2a: Charizard
|-heal|p2a: Charizard|338\/360 tox
|move|p1a: Chansey|Seismic Toss|p2a: Charizard
|-damage|p2a: Charizard|238\/360 tox
|
|-damage|p2a: Charizard|194\/360 tox|[from] psn
|turn|22
|
|move|p2a: Charizard|Dragon Claw|p1a: Chansey
|-damage|p1a: Chansey|0 fnt
|faint|p1a: Chansey
|
|-damage|p2a: Charizard|128\/360 tox|[from] psn
|chat|Blakdragon7|woooo  mega charizard x + special capacity + max attack
|
|switch|p1a: Mawile|Mawile, M|304\/304
|-damage|p1a: Mawile|285\/304|[from] Stealth Rock
|-ability|p1a: Mawile|Intimidate|[of] p2a: Charizard
|-unboost|p2a: Charizard|atk|1
|turn|23
|
|detailschange|p1a: Mawile|Mawile-Mega, M
|message|Mawile has Mega Evolved into Mega Mawile!
|move|p2a: Charizard|Flame Charge|p1a: Mawile
|-supereffective|p1a: Mawile
|-damage|p1a: Mawile|0 fnt
|-boost|p2a: Charizard|spe|1
|faint|p1a: Mawile
|
|-damage|p2a: Charizard|40\/360 tox|[from] psn
|
|switch|p1a: Dragonite|Dragonite, M|324\/324
|-damage|p1a: Dragonite|243\/324|[from] Stealth Rock
|turn|24
|
|move|p1a: Dragonite|Extreme Speed|p2a: Charizard
|-damage|p2a: Charizard|0 fnt
|faint|p2a: Charizard
|
|
|switch|p2a: Zapdos|Zapdos|384\/384
|-ability|p2a: Zapdos|Pressure
|turn|25
|
|move|p1a: Dragonite|Dragon Dance|p1a: Dragonite
|-boost|p1a: Dragonite|atk|1
|-boost|p1a: Dragonite|spe|1
|move|p2a: Zapdos|Thunderbolt|p1a: Dragonite
|-damage|p1a: Dragonite|65\/324
|
|turn|26
|
|move|p1a: Dragonite|Dragon Claw|p2a: Zapdos
|-damage|p2a: Zapdos|104\/384
|move|p2a: Zapdos|Thunderbolt|p1a: Dragonite
|-damage|p1a: Dragonite|0 fnt
|faint|p1a: Dragonite
|
|-heal|p2a: Zapdos|128\/384|[from] item: Leftovers
|
|switch|p1a: Rotom-Wash|Rotom-Wash|118\/304
|-damage|p1a: Rotom-Wash|80\/304|[from] Stealth Rock
|turn|27
|
|move|p2a: Zapdos|Roost|p2a: Zapdos
|-heal|p2a: Zapdos|320\/384
|move|p1a: Rotom-Wash|Rest|p1a: Rotom-Wash
|-status|p1a: Rotom-Wash|slp
|-heal|p1a: Rotom-Wash|304\/304 slp|[silent]
|-status|p1a: Rotom-Wash|slp|[from] move: Rest
|-enditem|p1a: Rotom-Wash|Chesto Berry|[eat]
|-curestatus|p1a: Rotom-Wash|slp
|
|-heal|p2a: Zapdos|344\/384|[from] item: Leftovers
|turn|28
|
|move|p2a: Zapdos|Thunderbolt|p1a: Rotom-Wash
|-damage|p1a: Rotom-Wash|148\/304
|move|p1a: Rotom-Wash|Will-O-Wisp|p2a: Zapdos
|-status|p2a: Zapdos|brn
|
|-heal|p2a: Zapdos|368\/384 brn|[from] item: Leftovers
|-damage|p2a: Zapdos|320\/384 brn|[from] brn
|turn|29
|
|move|p2a: Zapdos|Thunderbolt|p1a: Rotom-Wash
|-damage|p1a: Rotom-Wash|0 fnt
|faint|p1a: Rotom-Wash
|
|-heal|p2a: Zapdos|344\/384 brn|[from] item: Leftovers
|-damage|p2a: Zapdos|296\/384 brn|[from] brn
|
|switch|p1a: Aegislash|Aegislash, M|263\/324
|-damage|p1a: Aegislash|243\/324|[from] Stealth Rock
|turn|30
|
|move|p1a: Aegislash|King's Shield|p1a: Aegislash
|-singleturn|p1a: Aegislash|Protect
|move|p2a: Zapdos|Heat Wave|p1a: Aegislash
|-activate|p1a: Aegislash|Protect
|
|-heal|p2a: Zapdos|320\/384 brn|[from] item: Leftovers
|-heal|p1a: Aegislash|263\/324|[from] item: Leftovers
|-damage|p2a: Zapdos|272\/384 brn|[from] brn
|turn|31
|
|move|p2a: Zapdos|Heat Wave|p1a: Aegislash
|-crit|p1a: Aegislash
|-supereffective|p1a: Aegislash
|-damage|p1a: Aegislash|5\/324
|-formechange|p1a: Aegislash|Aegislash-Blade
|move|p1a: Aegislash|Shadow Ball|p2a: Zapdos
|-damage|p2a: Zapdos|95\/384 brn
|
|-heal|p2a: Zapdos|119\/384 brn|[from] item: Leftovers
|-heal|p1a: Aegislash|25\/324|[from] item: Leftovers
|-damage|p2a: Zapdos|71\/384 brn|[from] brn
|turn|32
|
|-formechange|p1a: Aegislash|Aegislash
|move|p1a: Aegislash|King's Shield|p1a: Aegislash
|-singleturn|p1a: Aegislash|Protect
|move|p2a: Zapdos|Heat Wave|p1a: Aegislash
|-activate|p1a: Aegislash|Protect
|
|-heal|p2a: Zapdos|95\/384 brn|[from] item: Leftovers
|-heal|p1a: Aegislash|45\/324|[from] item: Leftovers
|-damage|p2a: Zapdos|47\/384 brn|[from] brn
|turn|33
|
|move|p2a: Zapdos|Heat Wave|p1a: Aegislash
|-supereffective|p1a: Aegislash
|-damage|p1a: Aegislash|0 fnt
|faint|p1a: Aegislash
|
|win|Travvy321
|raw|Ladder updating...
|raw|mikasa1337's rating: 1000 &rarr; <strong>1000<\/strong><br \/>(+0 for losing)
|raw|Travvy321's rating: 1000 &rarr; <strong>1040<\/strong><br \/>(+40 for winning)