|join|NYChillen
|join|revoluti0n
|player|p1|NYChillen|135
|player|p2|revoluti0n|1
|gametype|singles
|gen|6
|tier|OU
|rated
|clearpoke
|poke|p1|Cloyster, M, shiny
|poke|p1|Greninja, F, shiny
|poke|p1|Gengar, M
|poke|p1|Aerodactyl, M
|poke|p1|Azelf
|poke|p1|Bisharp, F
|poke|p2|Pinsir, F
|poke|p2|Landorus-Therian, M
|poke|p2|Heatran, F
|poke|p2|Sylveon, F
|poke|p2|Azumarill, F
|poke|p2|Zapdos
|rule|Swagger Clause: Swagger is banned
|rule|Baton Pass Clause: Limit one PokÃ©mon knowing Baton Pass
|rule|Sleep Clause Mod: Limit one foe put to sleep
|rule|Species Clause: Limit one of each PokÃ©mon
|rule|OHKO Clause: OHKO moves are banned
|rule|Moody Clause: Moody is banned
|rule|Evasion Moves Clause: Evasion moves are banned
|rule|Endless Battle Clause: Forcing endless battles is banned
|rule|HP Percentage Mod: HP is shown in percentages
|teampreview
|
|start
|switch|p1a: Azelf|Azelf|291\/291
|switch|p2a: Heatran|Heatran, F|386\/386
|turn|1
|
|switch|p2a: Landorus-Therian|Landorus-Therian, M|382\/382
|-ability|p2a: Landorus-Therian|Intimidate|[of] p1a: Azelf
|-unboost|p1a: Azelf|atk|1
|move|p1a: Azelf|Taunt|p2a: Landorus-Therian
|-start|p2a: Landorus-Therian|move: Taunt
|
|turn|2
|
|move|p1a: Azelf|Stealth Rock|p2a: Landorus-Therian
|-sidestart|p2: revoluti0n|move: Stealth Rock
|move|p2a: Landorus-Therian|Knock Off|p1a: Azelf
|-supereffective|p1a: Azelf
|-enditem|p1a: Azelf|Focus Sash
|-damage|p1a: Azelf|1\/291
|
|turn|3
|
|move|p1a: Azelf|Explosion|p2a: Landorus-Therian
|-damage|p2a: Landorus-Therian|167\/382
|faint|p1a: Azelf
|move|p2a: Landorus-Therian|U-turn|p1: Azelf|[notarget]
|-notarget
|
|-heal|p2a: Landorus-Therian|190\/382|[from] item: Leftovers
|
|switch|p1a: Gengar|Gengar, M|261\/261
|turn|4
|
|switch|p1a: Bisharp|Bisharp, F|271\/271
|move|p2a: Landorus-Therian|Knock Off|p1a: Bisharp
|-resisted|p1a: Bisharp
|-damage|p1a: Bisharp|206\/271
|-enditem|p1a: Bisharp|Life Orb|[from] move: Knock Off|[of] p2a: Landorus-Therian
|
|-heal|p2a: Landorus-Therian|213\/382|[from] item: Leftovers
|-end|p2a: Landorus-Therian|move: Taunt
|turn|5
|
|move|p1a: Bisharp|Swords Dance|p1a: Bisharp
|-boost|p1a: Bisharp|atk|2
|move|p2a: Landorus-Therian|Earthquake|p1a: Bisharp
|-supereffective|p1a: Bisharp
|-damage|p1a: Bisharp|0 fnt
|faint|p1a: Bisharp
|
|-heal|p2a: Landorus-Therian|236\/382|[from] item: Leftovers
|
|switch|p1a: Greninja|Greninja, F, shiny|286\/286
|turn|6
|
|move|p1a: Greninja|U-turn|p2a: Landorus-Therian
|-start|p1a: Greninja|typechange|Bug|[from] Protean
|-resisted|p2a: Landorus-Therian
|-damage|p2a: Landorus-Therian|185\/382
|-damage|p1a: Greninja|258\/286|[from] item: Life Orb
|
|switch|p1a: Aerodactyl|Aerodactyl, M|301\/301
|-ability|p1a: Aerodactyl|Unnerve|p2: revoluti0n
|move|p2a: Landorus-Therian|U-turn|p1a: Aerodactyl
|-resisted|p1a: Aerodactyl
|-damage|p1a: Aerodactyl|226\/301
|
|switch|p2a: Sylveon|Sylveon, F|363\/363
|-damage|p2a: Sylveon|318\/363|[from] Stealth Rock
|
|-heal|p2a: Sylveon|340\/363|[from] item: Leftovers
|turn|7
|
|detailschange|p1a: Aerodactyl|Aerodactyl-Mega, M
|message|Aerodactyl has Mega Evolved into Mega Aerodactyl!
|move|p1a: Aerodactyl|Stone Edge|p2a: Sylveon|[miss]
|-miss|p1a: Aerodactyl|p2a: Sylveon
|move|p2a: Sylveon|Hyper Voice|p1a: Aerodactyl
|-damage|p1a: Aerodactyl|43\/301
|
|-heal|p2a: Sylveon|362\/363|[from] item: Leftovers
|turn|8
|
|move|p1a: Aerodactyl|Taunt|p2a: Sylveon
|-start|p2a: Sylveon|move: Taunt
|move|p2a: Sylveon|Hyper Voice|p1a: Aerodactyl
|-damage|p1a: Aerodactyl|0 fnt
|faint|p1a: Aerodactyl
|
|-heal|p2a: Sylveon|363\/363|[from] item: Leftovers
|
|switch|p1a: Cloyster|Cloyster, M, shiny|241\/241
|turn|9
|
|move|p1a: Cloyster|Shell Smash|p1a: Cloyster
|-boost|p1a: Cloyster|atk|2
|-boost|p1a: Cloyster|spa|2
|-boost|p1a: Cloyster|spe|2
|-unboost|p1a: Cloyster|def|1
|-unboost|p1a: Cloyster|spd|1
|move|p2a: Sylveon|Hyper Voice|p1a: Cloyster
|-enditem|p1a: Cloyster|Focus Sash
|-damage|p1a: Cloyster|1\/241
|
|turn|10
|
|switch|p2a: Landorus-Therian|Landorus-Therian, M|185\/382
|-damage|p2a: Landorus-Therian|138\/382|[from] Stealth Rock
|-ability|p2a: Landorus-Therian|Intimidate|[of] p1a: Cloyster
|-unboost|p1a: Cloyster|atk|1
|move|p1a: Cloyster|Icicle Spear|p2a: Landorus-Therian
|-supereffective|p2a: Landorus-Therian
|-damage|p2a: Landorus-Therian|0 fnt
|-hitcount|p2a: Landorus-Therian|1
|faint|p2a: Landorus-Therian
|
|c|âNYChillen|well
|c|âNYChillen|i got one
|
|switch|p2a: Pinsir|Pinsir, F|272\/272
|-damage|p2a: Pinsir|204\/272|[from] Stealth Rock
|-ability|p2a: Pinsir|Mold Breaker
|turn|11
|
|move|p1a: Cloyster|Ice Shard|p2a: Pinsir
|-damage|p2a: Pinsir|105\/272
|move|p2a: Pinsir|Quick Attack|p1a: Cloyster
|-damage|p1a: Cloyster|0 fnt
|faint|p1a: Cloyster
|
|
|switch|p1a: Gengar|Gengar, M|261\/261
|turn|12
|
|detailschange|p2a: Pinsir|Pinsir-Mega, F
|message|Pinsir has Mega Evolved into Mega Pinsir!
|move|p2a: Pinsir|Quick Attack|p1a: Gengar
|-damage|p1a: Gengar|98\/261
|move|p1a: Gengar|Shadow Ball|p2a: Pinsir
|-damage|p2a: Pinsir|0 fnt
|-damage|p1a: Gengar|72\/261|[from] item: Life Orb
|faint|p2a: Pinsir
|
|
|switch|p2a: Azumarill|Azumarill, F|404\/404
|-damage|p2a: Azumarill|354\/404|[from] Stealth Rock
|turn|13
|c|âNYChillen|if gren had gunk shot now imagine how diff this match would look xD
|
|move|p2a: Azumarill|Aqua Jet|p1a: Gengar
|-damage|p1a: Gengar|0 fnt
|faint|p1a: Gengar
|
|c|âNYChillen|gg
|
|switch|p1a: Greninja|Greninja, F, shiny|258\/286
|turn|14
|
|move|p1a: Greninja|Ice Beam|p2a: Azumarill
|-start|p1a: Greninja|typechange|Ice|[from] Protean
|-resisted|p2a: Azumarill
|-damage|p2a: Azumarill|257\/404
|-damage|p1a: Greninja|230\/286|[from] item: Life Orb
|move|p2a: Azumarill|Play Rough|p1a: Greninja
|-damage|p1a: Greninja|0 fnt
|faint|p1a: Greninja
|
|win|revoluti0n
|raw|Ladder updating...
|raw|NYChillen's rating: 1582 &rarr; <strong>1563<\/strong><br \/>(-19 for losing)
|raw|revoluti0n's rating: 1593 &rarr; <strong>1613<\/strong><br \/>(+20 for winning)
|leave|NYChillen
|player|p1