|join|NYChillen
|join|AlexXxis115
|player|p1|NYChillen|135
|player|p2|AlexXxis115|169
|gametype|singles
|gen|6
|tier|OU
|clearpoke
|poke|p1|Bisharp, F
|poke|p1|Gardevoir, M
|poke|p1|Landorus-Therian, M
|poke|p1|Thundurus, M
|poke|p1|Greninja, M
|poke|p1|Lucario, F
|poke|p2|Charizard, F
|poke|p2|Tyranitar, M
|poke|p2|Excadrill, F
|poke|p2|Azumarill, M
|poke|p2|Skarmory, F
|poke|p2|Espeon, M
|rule|Swagger Clause: Swagger is banned
|rule|Baton Pass Clause: Limit one PokÃ©mon knowing Baton Pass
|rule|Sleep Clause Mod: Limit one foe put to sleep
|rule|Species Clause: Limit one of each PokÃ©mon
|rule|OHKO Clause: OHKO moves are banned
|rule|Moody Clause: Moody is banned
|rule|Evasion Moves Clause: Evasion moves are banned
|rule|Endless Battle Clause: Forcing endless battles is banned
|rule|HP Percentage Mod: HP is shown in percentages
|teampreview
|c|âNYChillen|ahhhh the core
|c|âNYChillen|exca\/zard is serious
|c|âAlexXxis115|hehe I guess, GL HF
|c|âNYChillen|HF homie
|
|start
|switch|p1a: Landorus-Therian|Landorus-Therian, M|327\/327
|switch|p2a: Tyranitar|Tyranitar, M|403\/403
|-ability|p1a: Landorus-Therian|Intimidate|[of] p2a: Tyranitar
|-unboost|p2a: Tyranitar|atk|1
|-weather|Sandstorm
|turn|1
|
|switch|p2a: Skarmory|Skarmory, F|333\/333
|move|p1a: Landorus-Therian|Stealth Rock|p2a: Skarmory
|-sidestart|p2: AlexXxis115|move: Stealth Rock
|
|-weather|Sandstorm|[upkeep]
|turn|2
|
|move|p1a: Landorus-Therian|Knock Off|p2a: Skarmory
|-damage|p2a: Skarmory|258\/333
|-damage|p1a: Landorus-Therian|273\/327|[from] item: Rocky Helmet|[of] p2a: Skarmory
|-enditem|p2a: Skarmory|Rocky Helmet|[from] move: Knock Off|[of] p1a: Landorus-Therian
|move|p2a: Skarmory|Stealth Rock|p1a: Landorus-Therian
|-sidestart|p1: NYChillen|move: Stealth Rock
|
|-weather|Sandstorm|[upkeep]
|turn|3
|join|cliffdsixx
|
|switch|p1a: Bisharp|Bisharp, F|319\/319
|-damage|p1a: Bisharp|300\/319|[from] Stealth Rock
|move|p2a: Skarmory|Brave Bird|p1a: Bisharp
|-resisted|p1a: Bisharp
|-damage|p1a: Bisharp|237\/319
|-damage|p2a: Skarmory|237\/333|[from] recoil|[of] p1a: Bisharp
|
|-weather|Sandstorm|[upkeep]
|turn|4
|
|switch|p1a: Mega Gardevoir|Gardevoir, M|277\/277
|-damage|p1a: Mega Gardevoir|243\/277|[from] Stealth Rock
|-ability|p1a: Mega Gardevoir|Sturdy|[from] ability: Trace|[of] p2a: Skarmory
|move|p2a: Skarmory|Taunt|p1a: Mega Gardevoir
|-start|p1a: Mega Gardevoir|move: Taunt
|
|-weather|Sandstorm|[upkeep]
|-damage|p1a: Mega Gardevoir|226\/277|[from] sandstorm
|turn|5
|
|switch|p2a: Espeon|Espeon, M|271\/271
|-damage|p2a: Espeon|238\/271|[from] Stealth Rock
|detailschange|p1a: Mega Gardevoir|Gardevoir-Mega, M
|message|Gardevoir has Mega Evolved into Mega Gardevoir!
|move|p1a: Mega Gardevoir|Focus Blast|p2a: Espeon|[miss]
|-miss|p1a: Mega Gardevoir|p2a: Espeon
|
|-weather|none
|turn|6
|
|move|p2a: Espeon|Yawn|p1a: Mega Gardevoir
|-start|p1a: Mega Gardevoir|move: Yawn|[of] p2a: Espeon
|move|p1a: Mega Gardevoir|Hyper Voice|p2a: Espeon
|-damage|p2a: Espeon|0 fnt
|faint|p2a: Espeon
|
|
|switch|p2a: Excadrill|Excadrill, F|361\/361
|-damage|p2a: Excadrill|350\/361|[from] Stealth Rock
|-ability|p2a: Excadrill|Mold Breaker
|turn|7
|c|âAlexXxis115|Bad predictions are bad
|
|switch|p2a: Azumarill|Azumarill, M|401\/401
|-damage|p2a: Azumarill|351\/401|[from] Stealth Rock
|switch|p1a: Landorus-Therian|Landorus-Therian, M|273\/327
|-damage|p1a: Landorus-Therian|233\/327|[from] Stealth Rock
|-ability|p1a: Landorus-Therian|Intimidate|[of] p2a: Azumarill
|-unboost|p2a: Azumarill|atk|1
|
|turn|8
|c|âNYChillen|yawn is interesting
|c|âNYChillen|its a legit move
|c|âNYChillen|just dont see it much
|
|switch|p1a: Bisharp|Bisharp, F|237\/319
|-damage|p1a: Bisharp|218\/319|[from] Stealth Rock
|move|p2a: Azumarill|Waterfall|p1a: Bisharp
|-damage|p1a: Bisharp|109\/319
|
|turn|9
|
|move|p1a: Bisharp|Knock Off|p2a: Azumarill
|-crit|p2a: Azumarill
|-resisted|p2a: Azumarill
|-damage|p2a: Azumarill|162\/401
|-enditem|p2a: Azumarill|Assault Vest|[from] move: Knock Off|[of] p1a: Bisharp
|move|p2a: Azumarill|Play Rough|p1a: Bisharp
|-damage|p1a: Bisharp|0 fnt
|faint|p1a: Bisharp
|
|
|switch|p1a: Mega Gardevoir|Gardevoir-Mega, M|226\/277
|-damage|p1a: Mega Gardevoir|192\/277|[from] Stealth Rock
|turn|10
|
|switch|p2a: Excadrill|Excadrill, F|350\/361
|-damage|p2a: Excadrill|339\/361|[from] Stealth Rock
|-ability|p2a: Excadrill|Mold Breaker
|move|p1a: Mega Gardevoir|Hyper Voice|p2a: Excadrill
|-resisted|p2a: Excadrill
|-damage|p2a: Excadrill|132\/361
|
|turn|11
|
|move|p2a: Excadrill|Rapid Spin|p1a: Mega Gardevoir
|-damage|p1a: Mega Gardevoir|153\/277
|-sideend|p2: AlexXxis115|Stealth Rock|[from] move: Rapid Spin|[of] p2a: Excadrill
|move|p1a: Mega Gardevoir|Hyper Voice|p2a: Excadrill
|-resisted|p2a: Excadrill
|-damage|p2a: Excadrill|0 fnt
|faint|p2a: Excadrill
|
|
|switch|p2a: Charizard|Charizard, F|297\/297
|turn|12
|
|detailschange|p2a: Charizard|Charizard-Mega-Y, F
|message|Charizard has Mega Evolved into Mega Charizard!
|-weather|SunnyDay
|move|p2a: Charizard|Fire Blast|p1a: Mega Gardevoir
|-damage|p1a: Mega Gardevoir|0 fnt
|faint|p1a: Mega Gardevoir
|
|-weather|SunnyDay|[upkeep]
|
|switch|p1a: Thundurus|Thundurus, M|299\/299
|-damage|p1a: Thundurus|225\/299|[from] Stealth Rock
|turn|13
|
|move|p1a: Thundurus|Thunderbolt|p2a: Charizard
|-supereffective|p2a: Charizard
|-damage|p2a: Charizard|13\/297
|move|p2a: Charizard|Fire Blast|p1a: Thundurus
|-damage|p1a: Thundurus|0 fnt
|faint|p1a: Thundurus
|
|-weather|SunnyDay|[upkeep]
|
|switch|p1a: Lucario|Lucario, F|281\/281
|-damage|p1a: Lucario|273\/281|[from] Stealth Rock
|turn|14
|
|switch|p2a: Skarmory|Skarmory, F|237\/333
|move|p1a: Lucario|Extreme Speed|p2a: Skarmory
|-resisted|p2a: Skarmory
|-damage|p2a: Skarmory|199\/333
|-damage|p1a: Lucario|245\/281|[from] item: Life Orb
|
|-weather|SunnyDay|[upkeep]
|turn|15
|
|switch|p1a: Landorus-Therian|Landorus-Therian, M|233\/327
|-damage|p1a: Landorus-Therian|193\/327|[from] Stealth Rock
|-ability|p1a: Landorus-Therian|Intimidate|[of] p2a: Skarmory
|-unboost|p2a: Skarmory|atk|1
|move|p2a: Skarmory|Brave Bird|p1a: Landorus-Therian
|-damage|p1a: Landorus-Therian|114\/327
|-damage|p2a: Skarmory|173\/333|[from] recoil|[of] p1a: Landorus-Therian
|
|-weather|SunnyDay|[upkeep]
|turn|16
|
|switch|p2a: Charizard|Charizard-Mega-Y, F|13\/297
|move|p1a: Landorus-Therian|Stealth Rock|p2a: Charizard
|-sidestart|p2: AlexXxis115|move: Stealth Rock
|
|-weather|none
|turn|17
|
|move|p2a: Charizard|Fire Blast|p1a: Landorus-Therian
|-damage|p1a: Landorus-Therian|0 fnt
|faint|p1a: Landorus-Therian
|
|c| cliffdsixx|so thinking hard or lag?
|c|âNYChillen|calcs
|
|switch|p1a: Greninja|Greninja, M|285\/285
|-damage|p1a: Greninja|250\/285|[from] Stealth Rock
|turn|18
|
|move|p1a: Greninja|Extrasensory|p2a: Charizard
|-start|p1a: Greninja|typechange|Psychic|[from] Protean
|-damage|p2a: Charizard|0 fnt
|-damage|p1a: Greninja|222\/285|[from] item: Life Orb
|faint|p2a: Charizard
|
|
|switch|p2a: Tyranitar|Tyranitar, M|403\/403
|-damage|p2a: Tyranitar|353\/403|[from] Stealth Rock
|-weather|Sandstorm
|turn|19
|
|move|p1a: Greninja|Hydro Pump|p2a: Tyranitar
|-start|p1a: Greninja|typechange|Water|[from] Protean
|-supereffective|p2a: Tyranitar
|-damage|p2a: Tyranitar|142\/403
|-damage|p1a: Greninja|194\/285|[from] item: Life Orb
|move|p2a: Tyranitar|Earthquake|p1a: Greninja
|-crit|p1a: Greninja
|-damage|p1a: Greninja|0 fnt
|faint|p1a: Greninja
|
|-weather|Sandstorm|[upkeep]
|-heal|p2a: Tyranitar|167\/403|[from] item: Leftovers
|
|switch|p1a: Lucario|Lucario, F|245\/281
|-damage|p1a: Lucario|237\/281|[from] Stealth Rock
|turn|20
|
|switch|p2a: Azumarill|Azumarill, M|162\/401
|-damage|p2a: Azumarill|112\/401|[from] Stealth Rock
|move|p1a: Lucario|Close Combat|p2a: Azumarill
|-crit|p2a: Azumarill
|-resisted|p2a: Azumarill
|-damage|p2a: Azumarill|0 fnt
|-unboost|p1a: Lucario|def|1
|-unboost|p1a: Lucario|spd|1
|-damage|p1a: Lucario|209\/281|[from] item: Life Orb
|faint|p2a: Azumarill
|
|-weather|Sandstorm|[upkeep]
|
|switch|p2a: Tyranitar|Tyranitar, M|167\/403
|-damage|p2a: Tyranitar|117\/403|[from] Stealth Rock
|turn|21
|
|move|p1a: Lucario|Close Combat|p2a: Tyranitar
|-supereffective|p2a: Tyranitar
|-damage|p2a: Tyranitar|0 fnt
|-unboost|p1a: Lucario|def|1
|-unboost|p1a: Lucario|spd|1
|-damage|p1a: Lucario|181\/281|[from] item: Life Orb
|faint|p2a: Tyranitar
|
|-weather|Sandstorm|[upkeep]
|
|switch|p2a: Skarmory|Skarmory, F|173\/333
|-damage|p2a: Skarmory|132\/333|[from] Stealth Rock
|turn|22
|c|âAlexXxis115|that stealth rock made it
|c|âAlexXxis115|gg
|c|âNYChillen|gg
|c|âNYChillen|yea 42-51
|
|move|p1a: Lucario|Close Combat|p2a: Skarmory
|-damage|p2a: Skarmory|0 fnt
|-unboost|p1a: Lucario|def|1
|-unboost|p1a: Lucario|spd|1
|-damage|p1a: Lucario|153\/281|[from] item: Life Orb
|faint|p2a: Skarmory
|
|win|NYChillen
|c|âAlexXxis115|mjm
|c|âNYChillen|great matches
|c|âAlexXxis115|Yeah I guess