|join|NYChillen
|join|edustanna
|player|p1|NYChillen|135
|player|p2|edustanna|52
|gametype|singles
|gen|6
|tier|OU
|rated
|clearpoke
|poke|p1|Breloom, M
|poke|p1|Bisharp, M
|poke|p1|Heatran, F
|poke|p1|Sylveon, F
|poke|p1|Heracross, M
|poke|p1|Garchomp, M
|poke|p2|Chansey, F
|poke|p2|Gliscor, M
|poke|p2|Azumarill, F
|poke|p2|Ferrothorn, M
|poke|p2|Latias, F
|poke|p2|Medicham, F
|rule|Swagger Clause: Swagger is banned
|rule|Baton Pass Clause: Limit one PokÃ©mon knowing Baton Pass
|rule|Sleep Clause Mod: Limit one foe put to sleep
|rule|Species Clause: Limit one of each PokÃ©mon
|rule|OHKO Clause: OHKO moves are banned
|rule|Moody Clause: Moody is banned
|rule|Evasion Moves Clause: Evasion moves are banned
|rule|Endless Battle Clause: Forcing endless battles is banned
|rule|HP Percentage Mod: HP is shown in percentages
|teampreview
|
|start
|switch|p1a: Peach|Sylveon, F|392\/392
|switch|p2a: Medicham|Medicham, F|261\/261
|turn|1
|join|King of the Planet
|
|detailschange|p2a: Medicham|Medicham-Mega, F
|message|Medicham has Mega Evolved into Mega Medicham!
|move|p2a: Medicham|Fake Out|p1a: Peach
|-damage|p1a: Peach|278\/392
|cant|p1a: Peach|flinch
|
|turn|2
|
|switch|p2a: Chansey|Chansey, F|704\/704
|move|p1a: Peach|Baton Pass|p1a: Peach
|
|switch|p1a: Wario|Heracross, M|301\/301
|
|turn|3
|
|switch|p2a: Ferrothorn|Ferrothorn, M|352\/352
|detailschange|p1a: Wario|Heracross-Mega, M
|message|Heracross has Mega Evolved into Mega Heracross!
|move|p1a: Wario|Rock Blast|p2a: Ferrothorn
|-resisted|p2a: Ferrothorn
|-damage|p2a: Ferrothorn|341\/352
|-resisted|p2a: Ferrothorn
|-damage|p2a: Ferrothorn|329\/352
|-resisted|p2a: Ferrothorn
|-damage|p2a: Ferrothorn|317\/352
|-resisted|p2a: Ferrothorn
|-damage|p2a: Ferrothorn|305\/352
|-resisted|p2a: Ferrothorn
|-damage|p2a: Ferrothorn|292\/352
|-hitcount|p2a: Ferrothorn|5
|
|turn|4
|
|move|p1a: Wario|Substitute|p1a: Wario
|-start|p1a: Wario|Substitute
|-damage|p1a: Wario|226\/301
|move|p2a: Ferrothorn|Gyro Ball|p1a: Wario
|-end|p1a: Wario|Substitute
|
|turn|5
|
|move|p1a: Wario|Close Combat|p2a: Ferrothorn
|-supereffective|p2a: Ferrothorn
|-damage|p2a: Ferrothorn|0 fnt
|-damage|p1a: Wario|189\/301|[from] ability: Iron Barbs|[of] p2a: Ferrothorn
|-damage|p1a: Wario|139\/301|[from] item: Rocky Helmet|[of] p2a: Ferrothorn
|-unboost|p1a: Wario|def|1
|-unboost|p1a: Wario|spd|1
|faint|p2a: Ferrothorn
|
|
|switch|p2a: Medicham|Medicham-Mega, F|261\/261
|turn|6
|
|switch|p1a: Deze Nuts|Garchomp, M|357\/357
|move|p2a: Medicham|Fake Out|p1a: Deze Nuts
|-damage|p1a: Deze Nuts|270\/357
|-damage|p2a: Medicham|229\/261|[from] ability: Rough Skin|[of] p1a: Deze Nuts
|-damage|p2a: Medicham|186\/261|[from] item: Rocky Helmet|[of] p1a: Deze Nuts
|
|turn|7
|
|move|p1a: Deze Nuts|Stealth Rock|p2a: Medicham
|-sidestart|p2: edustanna|move: Stealth Rock
|move|p2a: Medicham|Ice Punch|p1a: Deze Nuts
|-supereffective|p1a: Deze Nuts
|-damage|p1a: Deze Nuts|0 fnt
|-damage|p2a: Medicham|154\/261|[from] ability: Rough Skin|[of] p1a: Deze Nuts
|-damage|p2a: Medicham|111\/261|[from] item: Rocky Helmet|[of] p1a: Deze Nuts
|faint|p1a: Deze Nuts
|
|
|switch|p1a: Mario|Bisharp, M|271\/271
|turn|8
|
|switch|p2a: Gliscor|Gliscor, M|312\/312
|-damage|p2a: Gliscor|273\/312|[from] Stealth Rock
|move|p1a: Mario|Sucker Punch|p2a: Gliscor
|-fail|p2a: Gliscor
|
|-status|p2a: Gliscor|tox|[from] item: Toxic Orb
|turn|9
|
|switch|p1a: Bowser|Heatran, F|326\/326
|-item|p1a: Bowser|Air Balloon
|move|p2a: Gliscor|Earthquake|p1a: Bowser
|-immune|p1a: Bowser|[msg]
|
|-heal|p2a: Gliscor|312\/312 tox|[from] ability: Poison Heal
|turn|10
|
|move|p1a: Bowser|Taunt|p2a: Gliscor
|-start|p2a: Gliscor|move: Taunt
|move|p2a: Gliscor|Knock Off|p1a: Bowser
|-damage|p1a: Bowser|248\/326
|-enditem|p1a: Bowser|Air Balloon
|
|turn|11
|
|move|p1a: Bowser|Hidden Power|p2a: Gliscor
|-crit|p2a: Gliscor
|-supereffective|p2a: Gliscor
|-damage|p2a: Gliscor|0 fnt
|faint|p2a: Gliscor
|
|
|switch|p2a: Medicham|Medicham-Mega, F|111\/261
|-damage|p2a: Medicham|95\/261|[from] Stealth Rock
|turn|12
|
|switch|p1a: Wario|Heracross-Mega, M|139\/301
|move|p2a: Medicham|Drain Punch|p1a: Wario
|-resisted|p1a: Wario
|-damage|p1a: Wario|32\/301
|-heal|p2a: Medicham|149\/261|[from] drain|[of] p1a: Wario
|
|turn|13
|
|move|p2a: Medicham|Drain Punch|p1a: Wario
|-resisted|p1a: Wario
|-damage|p1a: Wario|0 fnt
|-heal|p2a: Medicham|165\/261|[from] drain|[of] p1a: Wario
|faint|p1a: Wario
|
|
|switch|p1a: Mario|Bisharp, M|271\/271
|turn|14
|
|switch|p2a: Azumarill|Azumarill, F|404\/404
|-damage|p2a: Azumarill|354\/404|[from] Stealth Rock
|move|p1a: Mario|Sucker Punch|p2a: Azumarill
|-fail|p2a: Azumarill
|
|turn|15
|
|switch|p1a: Peach|Sylveon, F|278\/392
|move|p2a: Azumarill|Superpower|p1a: Peach
|-resisted|p1a: Peach
|-damage|p1a: Peach|160\/392
|-unboost|p2a: Azumarill|atk|1
|-unboost|p2a: Azumarill|def|1
|
|turn|16
|
|move|p1a: Peach|Psyshock|p2a: Azumarill
|-damage|p2a: Azumarill|118\/404
|move|p2a: Azumarill|Play Rough|p1a: Peach
|-damage|p1a: Peach|0 fnt
|faint|p1a: Peach
|
|
|switch|p1a: Mario|Bisharp, M|271\/271
|turn|17
|
|switch|p2a: Latias|Latias, F|364\/364
|-damage|p2a: Latias|319\/364|[from] Stealth Rock
|move|p1a: Mario|Iron Head|p2a: Latias
|-damage|p2a: Latias|111\/364
|-damage|p1a: Mario|244\/271|[from] item: Life Orb
|
|-heal|p2a: Latias|133\/364|[from] item: Leftovers
|turn|18
|
|move|p1a: Mario|Sucker Punch|p2a: Latias
|-fail|p2a: Latias
|move|p2a: Latias|Roost|p2a: Latias
|-heal|p2a: Latias|315\/364
|
|-heal|p2a: Latias|337\/364|[from] item: Leftovers
|turn|19
|
|move|p1a: Mario|Sucker Punch|p2a: Latias
|-supereffective|p2a: Latias
|-damage|p2a: Latias|0 fnt
|-damage|p1a: Mario|217\/271|[from] item: Life Orb
|faint|p2a: Latias
|
|
|switch|p2a: Azumarill|Azumarill, F|118\/404
|-damage|p2a: Azumarill|68\/404|[from] Stealth Rock
|turn|20
|
|switch|p1a: Bowser|Heatran, F|248\/326
|move|p2a: Azumarill|Superpower|p1a: Bowser
|-supereffective|p1a: Bowser
|-damage|p1a: Bowser|0 fnt
|-unboost|p2a: Azumarill|atk|1
|-unboost|p2a: Azumarill|def|1
|faint|p1a: Bowser
|
|leave|King of the Planet
|
|switch|p1a: Mario|Bisharp, M|217\/271
|turn|21
|
|switch|p2a: Chansey|Chansey, F|704\/704
|-damage|p2a: Chansey|616\/704|[from] Stealth Rock
|move|p1a: Mario|Knock Off|p2a: Chansey
|-damage|p2a: Chansey|318\/704
|-enditem|p2a: Chansey|Eviolite|[from] move: Knock Off|[of] p1a: Mario
|-damage|p1a: Mario|190\/271|[from] item: Life Orb
|
|turn|22
|
|move|p1a: Mario|Swords Dance|p1a: Mario
|-boost|p1a: Mario|atk|2
|move|p2a: Chansey|Soft-Boiled|p2a: Chansey
|-heal|p2a: Chansey|670\/704
|
|turn|23
|
|move|p1a: Mario|Iron Head|p2a: Chansey
|-damage|p2a: Chansey|0 fnt
|-damage|p1a: Mario|163\/271|[from] item: Life Orb
|faint|p2a: Chansey
|
|
|switch|p2a: Medicham|Medicham-Mega, F|165\/261
|-damage|p2a: Medicham|149\/261|[from] Stealth Rock
|turn|24
|c|âedustanna|gg
|c|âNYChillen|gg
|
|move|p2a: Medicham|Fake Out|p1a: Mario
|-resisted|p1a: Mario
|-damage|p1a: Mario|123\/271
|cant|p1a: Mario|flinch
|
|turn|25
|
|switch|p2a: Azumarill|Azumarill, F|68\/404
|-damage|p2a: Azumarill|18\/404|[from] Stealth Rock
|move|p1a: Mario|Sucker Punch|p2a: Azumarill
|-fail|p2a: Azumarill
|
|turn|26
|
|move|p1a: Mario|Sucker Punch|p2a: Azumarill
|-resisted|p2a: Azumarill
|-damage|p2a: Azumarill|0 fnt
|-damage|p1a: Mario|96\/271|[from] item: Life Orb
|faint|p2a: Azumarill
|
|
|switch|p2a: Medicham|Medicham-Mega, F|149\/261
|-damage|p2a: Medicham|133\/261|[from] Stealth Rock
|turn|27
|
|move|p2a: Medicham|Fake Out|p1a: Mario
|-resisted|p1a: Mario
|-damage|p1a: Mario|59\/271
|cant|p1a: Mario|flinch
|
|turn|28
|
|move|p2a: Medicham|Bullet Punch|p1a: Mario
|-resisted|p1a: Mario
|-damage|p1a: Mario|21\/271
|move|p1a: Mario|Sucker Punch|p2a: Medicham
|-fail|p2a: Medicham
|
|turn|29
|
|move|p2a: Medicham|Bullet Punch|p1a: Mario
|-resisted|p1a: Mario
|-damage|p1a: Mario|0 fnt
|faint|p1a: Mario
|
|
|switch|p1a: Luigi|Breloom, M|261\/261
|turn|30
|
|move|p2a: Medicham|Ice Punch|p1a: Luigi
|-supereffective|p1a: Luigi
|-enditem|p1a: Luigi|Focus Sash
|-damage|p1a: Luigi|1\/261
|move|p1a: Luigi|Spore|p2a: Medicham
|-status|p2a: Medicham|slp
|
|turn|31
|
|cant|p2a: Medicham|slp
|move|p1a: Luigi|Bullet Seed|p2a: Medicham
|-damage|p2a: Medicham|54\/261 slp
|-damage|p2a: Medicham|0 fnt
|-hitcount|p2a: Medicham|2
|faint|p2a: Medicham
|
|win|NYChillen
|raw|Ladder updating...
|raw|NYChillen's rating: 1613 &rarr; <strong>1624<\/strong><br \/>(+11 for winning)
|raw|edustanna's rating: 1444 &rarr; <strong>1433<\/strong><br \/>(-11 for losing)
|c|âedustanna|gg
|c|âNYChillen|gg
|leave|edustanna
|player|p2