|join|Hasshole
|join|NYChillen
|player|p1|Hasshole|99
|player|p2|NYChillen|135
|gametype|singles
|gen|6
|tier|OU
|clearpoke
|poke|p1|Charizard, M
|poke|p1|Ferrothorn, F
|poke|p1|Diancie
|poke|p1|Keldeo
|poke|p1|Krookodile, F
|poke|p1|Crobat, M
|poke|p2|Dragonite, F, shiny
|poke|p2|Landorus, M
|poke|p2|Greninja, M
|poke|p2|Medicham, F
|poke|p2|Bisharp, M
|poke|p2|Terrakion
|rule|Swagger Clause: Swagger is banned
|rule|Baton Pass Clause: Limit one PokÃ©mon knowing Baton Pass
|rule|Sleep Clause Mod: Limit one foe put to sleep
|rule|Species Clause: Limit one of each PokÃ©mon
|rule|OHKO Clause: OHKO moves are banned
|rule|Moody Clause: Moody is banned
|rule|Evasion Moves Clause: Evasion moves are banned
|rule|Endless Battle Clause: Forcing endless battles is banned
|rule|HP Percentage Mod: HP is shown in percentages
|teampreview
|
|start
|switch|p1a: Crobat|Crobat, M|311\/311
|switch|p2a: Terrakion|Terrakion|324\/324
|turn|1
|
|move|p1a: Crobat|Zen Headbutt|p2a: Terrakion
|-supereffective|p2a: Terrakion
|-damage|p2a: Terrakion|100\/324
|move|p2a: Terrakion|Stealth Rock|p1a: Crobat
|-sidestart|p1: Hasshole|move: Stealth Rock
|
|turn|2
|
|switch|p1a: Ferrothorn|Ferrothorn, F|352\/352
|-damage|p1a: Ferrothorn|330\/352|[from] Stealth Rock
|switch|p2a: Bisharp|Bisharp, M|271\/271
|
|-heal|p1a: Ferrothorn|352\/352|[from] item: Leftovers
|turn|3
|
|switch|p2a: Landorus|Landorus, M|319\/319
|move|p1a: Ferrothorn|Stealth Rock|p2a: Landorus
|-sidestart|p2: NYChillen|move: Stealth Rock
|
|turn|4
|
|move|p2a: Landorus|Psychic|p1a: Ferrothorn
|-resisted|p1a: Ferrothorn
|-damage|p1a: Ferrothorn|283\/352
|move|p1a: Ferrothorn|Gyro Ball|p2a: Landorus
|-damage|p2a: Landorus|136\/319
|
|-heal|p1a: Ferrothorn|305\/352|[from] item: Leftovers
|turn|5
|
|move|p2a: Landorus|Focus Blast|p1a: Ferrothorn|[miss]
|-miss|p2a: Landorus|p1a: Ferrothorn
|move|p1a: Ferrothorn|Gyro Ball|p2a: Landorus
|-crit|p2a: Landorus
|-damage|p2a: Landorus|0 fnt
|faint|p2a: Landorus
|
|-heal|p1a: Ferrothorn|327\/352|[from] item: Leftovers
|
|switch|p2a: Greninja|Greninja, M|285\/285
|-damage|p2a: Greninja|250\/285|[from] Stealth Rock
|turn|6
|
|move|p2a: Greninja|Hidden Power|p1a: Ferrothorn
|-start|p2a: Greninja|typechange|Fire|[from] Protean
|-supereffective|p1a: Ferrothorn
|-damage|p1a: Ferrothorn|0 fnt
|-damage|p2a: Greninja|222\/285|[from] item: Life Orb
|faint|p1a: Ferrothorn
|
|
|switch|p1a: Krookodile|Krookodile, F|332\/332
|-damage|p1a: Krookodile|312\/332|[from] Stealth Rock
|turn|7
|
|switch|p2a: Dragonite|Dragonite, F, shiny|323\/323
|-damage|p2a: Dragonite|243\/323|[from] Stealth Rock
|move|p1a: Krookodile|Stone Edge|p2a: Dragonite
|-supereffective|p2a: Dragonite
|-damage|p2a: Dragonite|7\/323
|
|turn|8
|
|move|p2a: Dragonite|Extreme Speed|p1a: Krookodile
|-damage|p1a: Krookodile|126\/332
|move|p1a: Krookodile|Stone Edge|p2a: Dragonite
|-supereffective|p2a: Dragonite
|-damage|p2a: Dragonite|0 fnt
|faint|p2a: Dragonite
|-boost|p1a: Krookodile|atk|1|[from] ability: Moxie
|
|
|switch|p2a: Bisharp|Bisharp, M|271\/271
|-damage|p2a: Bisharp|255\/271|[from] Stealth Rock
|turn|9
|
|switch|p1a: Keldeo|Keldeo|323\/323
|-damage|p1a: Keldeo|303\/323|[from] Stealth Rock
|move|p2a: Bisharp|Iron Head|p1a: Keldeo
|-resisted|p1a: Keldeo
|-damage|p1a: Keldeo|216\/323
|
|turn|10
|
|switch|p2a: Terrakion|Terrakion|100\/324
|-damage|p2a: Terrakion|80\/324|[from] Stealth Rock
|move|p1a: Keldeo|Focus Blast|p2a: Terrakion
|-supereffective|p2a: Terrakion
|-damage|p2a: Terrakion|0 fnt
|-damage|p1a: Keldeo|184\/323|[from] item: Life Orb
|faint|p2a: Terrakion
|
|
|switch|p2a: Greninja|Greninja, M|222\/285
|-damage|p2a: Greninja|187\/285|[from] Stealth Rock
|turn|11
|
|move|p2a: Greninja|Extrasensory|p1a: Keldeo
|-start|p2a: Greninja|typechange|Psychic|[from] Protean
|-supereffective|p1a: Keldeo
|-damage|p1a: Keldeo|0 fnt
|-damage|p2a: Greninja|159\/285|[from] item: Life Orb
|faint|p1a: Keldeo
|
|
|switch|p1a: Krookodile|Krookodile, F|126\/332
|-damage|p1a: Krookodile|106\/332|[from] Stealth Rock
|turn|12
|
|move|p1a: Krookodile|Earthquake|p2a: Greninja
|-damage|p2a: Greninja|0 fnt
|faint|p2a: Greninja
|-boost|p1a: Krookodile|atk|1|[from] ability: Moxie
|
|
|switch|p2a: Medicham|Medicham, F|262\/262
|-damage|p2a: Medicham|246\/262|[from] Stealth Rock
|turn|13
|c|âNYChillen|the lag is serious
|
|detailschange|p2a: Medicham|Medicham-Mega, F
|message|Medicham has Mega Evolved into Mega Medicham!
|move|p2a: Medicham|Fake Out|p1a: Krookodile
|-damage|p1a: Krookodile|15\/332
|cant|p1a: Krookodile|flinch
|
|turn|14
|
|move|p2a: Medicham|Bullet Punch|p1a: Krookodile
|-damage|p1a: Krookodile|0 fnt
|faint|p1a: Krookodile
|
|
|switch|p1a: Charizard|Charizard, M|298\/298
|-damage|p1a: Charizard|149\/298|[from] Stealth Rock
|turn|15
|
|detailschange|p1a: Charizard|Charizard-Mega-X, M
|message|Charizard has Mega Evolved into Mega Charizard!
|move|p1a: Charizard|Flare Blitz|p2a: Medicham
|-damage|p2a: Medicham|0 fnt
|-damage|p1a: Charizard|68\/298|[from] recoil|[of] p2a: Medicham
|faint|p2a: Medicham
|
|
|switch|p2a: Bisharp|Bisharp, M|255\/271
|-damage|p2a: Bisharp|239\/271|[from] Stealth Rock
|turn|16
|
|move|p1a: Charizard|Dragon Dance|p1a: Charizard
|-boost|p1a: Charizard|atk|1
|-boost|p1a: Charizard|spe|1
|move|p2a: Bisharp|Knock Off|p1a: Charizard
|-crit|p1a: Charizard
|-damage|p1a: Charizard|0 fnt
|faint|p1a: Charizard
|
|
|switch|p1a: Crobat|Crobat, M|311\/311
|-damage|p1a: Crobat|234\/311|[from] Stealth Rock
|turn|17
|
|move|p1a: Crobat|U-turn|p2a: Bisharp
|-damage|p2a: Bisharp|133\/271
|
|switch|p1a: Diancie|Diancie|304\/304
|-damage|p1a: Diancie|266\/304|[from] Stealth Rock
|move|p2a: Bisharp|Knock Off|p1a: Diancie
|-resisted|p1a: Diancie
|-damage|p1a: Diancie|206\/304
|-enditem|p1a: Diancie|Leftovers|[from] move: Knock Off|[of] p2a: Bisharp
|
|turn|18
|
|move|p2a: Bisharp|Iron Head|p1a: Diancie
|-supereffective|p1a: Diancie
|-damage|p1a: Diancie|0 fnt
|faint|p1a: Diancie
|
|
|switch|p1a: Crobat|Crobat, M|234\/311
|-damage|p1a: Crobat|157\/311|[from] Stealth Rock
|turn|19
|
|move|p1a: Crobat|Brave Bird|p2a: Bisharp
|-resisted|p2a: Bisharp
|-damage|p2a: Bisharp|12\/271
|-damage|p1a: Crobat|117\/311|[from] recoil|[of] p2a: Bisharp
|move|p2a: Bisharp|Knock Off|p1a: Crobat
|-damage|p1a: Crobat|0 fnt
|-enditem|p1a: Crobat|Choice Band|[from] move: Knock Off|[of] p2a: Bisharp
|faint|p1a: Crobat
|
|win|NYChillen
|c|âNYChillen|gg
|join|cliffdsixx
|leave|Hasshole
|player|p1