|join|NYChillen
|join|Xant
|player|p1|NYChillen|135
|player|p2|Xant|209
|gametype|singles
|gen|6
|tier|OU
|rated
|clearpoke
|poke|p1|Cloyster, M, shiny
|poke|p1|Greninja, F, shiny
|poke|p1|Gengar, M
|poke|p1|Aerodactyl, M
|poke|p1|Azelf
|poke|p1|Bisharp, F
|poke|p2|Garchomp, F
|poke|p2|Landorus, M
|poke|p2|Weavile, M
|poke|p2|Breloom, F
|poke|p2|Keldeo-Resolute
|poke|p2|Scizor, M
|rule|Swagger Clause: Swagger is banned
|rule|Baton Pass Clause: Limit one PokÃ©mon knowing Baton Pass
|rule|Sleep Clause Mod: Limit one foe put to sleep
|rule|Species Clause: Limit one of each PokÃ©mon
|rule|OHKO Clause: OHKO moves are banned
|rule|Moody Clause: Moody is banned
|rule|Evasion Moves Clause: Evasion moves are banned
|rule|Endless Battle Clause: Forcing endless battles is banned
|rule|HP Percentage Mod: HP is shown in percentages
|teampreview
|
|start
|switch|p1a: Gengar|Gengar, M|261\/261
|switch|p2a: Scizor|Scizor, M|331\/331
|turn|1
|
|switch|p1a: Bisharp|Bisharp, F|271\/271
|switch|p2a: Keldeo-Resolute|Keldeo-Resolute|323\/323
|
|turn|2
|
|move|p1a: Bisharp|Sucker Punch|p2a: Keldeo-Resolute
|-resisted|p2a: Keldeo-Resolute
|-damage|p2a: Keldeo-Resolute|220\/323
|-boost|p2a: Keldeo-Resolute|atk|1|[from] ability: Justified
|-damage|p1a: Bisharp|244\/271|[from] item: Life Orb
|move|p2a: Keldeo-Resolute|Surf|p1a: Bisharp
|-damage|p1a: Bisharp|24\/271
|
|turn|3
|
|switch|p2a: Scizor|Scizor, M|331\/331
|move|p1a: Bisharp|Knock Off|p2a: Scizor
|-damage|p2a: Scizor|97\/331
|-enditem|p2a: Scizor|Iron Plate|[from] move: Knock Off|[of] p1a: Bisharp
|-damage|p1a: Bisharp|0 fnt|[from] item: Life Orb
|faint|p1a: Bisharp
|
|
|switch|p1a: Azelf|Azelf|291\/291
|turn|4
|
|switch|p2a: Landorus|Landorus, M|319\/319
|move|p1a: Azelf|Stealth Rock|p2a: Landorus
|-sidestart|p2: Xant|move: Stealth Rock
|
|turn|5
|
|move|p1a: Azelf|Taunt|p2a: Landorus
|-start|p2a: Landorus|move: Taunt
|move|p2a: Landorus|U-turn|p1a: Azelf
|-supereffective|p1a: Azelf
|-damage|p1a: Azelf|67\/291
|-damage|p2a: Landorus|288\/319|[from] item: Life Orb
|
|switch|p2a: Keldeo-Resolute|Keldeo-Resolute|220\/323
|-damage|p2a: Keldeo-Resolute|200\/323|[from] Stealth Rock
|
|turn|6
|
|move|p2a: Keldeo-Resolute|Surf|p1a: Azelf
|-crit|p1a: Azelf
|-damage|p1a: Azelf|0 fnt
|faint|p1a: Azelf
|
|
|switch|p1a: Greninja|Greninja, F, shiny|286\/286
|turn|7
|
|switch|p2a: Landorus|Landorus, M|288\/319
|-damage|p2a: Landorus|249\/319|[from] Stealth Rock
|move|p1a: Greninja|Hydro Pump|p2a: Landorus
|-start|p1a: Greninja|typechange|Water|[from] Protean
|-supereffective|p2a: Landorus
|-damage|p2a: Landorus|0 fnt
|-damage|p1a: Greninja|258\/286|[from] item: Life Orb
|faint|p2a: Landorus
|
|
|switch|p2a: Breloom|Breloom, F|289\/289
|-damage|p2a: Breloom|271\/289|[from] Stealth Rock
|turn|8
|
|move|p2a: Breloom|Mach Punch|p1a: Greninja
|-damage|p1a: Greninja|78\/286
|move|p1a: Greninja|Ice Beam|p2a: Breloom
|-start|p1a: Greninja|typechange|Ice|[from] Protean
|-supereffective|p2a: Breloom
|-damage|p2a: Breloom|0 fnt
|-damage|p1a: Greninja|50\/286|[from] item: Life Orb
|faint|p2a: Breloom
|
|
|switch|p2a: Scizor|Scizor, M|97\/331
|-damage|p2a: Scizor|56\/331|[from] Stealth Rock
|turn|9
|
|move|p2a: Scizor|Bullet Punch|p1a: Greninja
|-supereffective|p1a: Greninja
|-damage|p1a: Greninja|0 fnt
|faint|p1a: Greninja
|
|
|switch|p1a: Aerodactyl|Aerodactyl, M|301\/301
|-ability|p1a: Aerodactyl|Unnerve|p2: Xant
|turn|10
|
|detailschange|p1a: Aerodactyl|Aerodactyl-Mega, M
|message|Aerodactyl has Mega Evolved into Mega Aerodactyl!
|move|p2a: Scizor|Bullet Punch|p1a: Aerodactyl
|-crit|p1a: Aerodactyl
|-supereffective|p1a: Aerodactyl
|-damage|p1a: Aerodactyl|0 fnt
|faint|p1a: Aerodactyl
|
|
|switch|p1a: Cloyster|Cloyster, M, shiny|241\/241
|turn|11
|
|move|p2a: Scizor|Bullet Punch|p1a: Cloyster
|-damage|p1a: Cloyster|171\/241
|move|p1a: Cloyster|Icicle Spear|p2a: Scizor
|-resisted|p2a: Scizor
|-damage|p2a: Scizor|35\/331
|-resisted|p2a: Scizor
|-damage|p2a: Scizor|15\/331
|-resisted|p2a: Scizor
|-damage|p2a: Scizor|0 fnt
|-hitcount|p2a: Scizor|3
|faint|p2a: Scizor
|
|
|switch|p2a: Weavile|Weavile, M|289\/289
|-damage|p2a: Weavile|217\/289|[from] Stealth Rock
|-ability|p2a: Weavile|Pressure
|turn|12
|
|move|p2a: Weavile|Power-Up Punch|p1a: Cloyster
|-supereffective|p1a: Cloyster
|-damage|p1a: Cloyster|96\/241
|-boost|p2a: Weavile|atk|1
|-damage|p2a: Weavile|189\/289|[from] item: Life Orb
|move|p1a: Cloyster|Explosion|p2a: Weavile
|-damage|p2a: Weavile|0 fnt
|faint|p1a: Cloyster
|faint|p2a: Weavile
|
|
|switch|p2a: Keldeo-Resolute|Keldeo-Resolute|200\/323
|-damage|p2a: Keldeo-Resolute|180\/323|[from] Stealth Rock
|switch|p1a: Gengar|Gengar, M|261\/261
|turn|13
|
|move|p2a: Keldeo-Resolute|Surf|p1a: Gengar
|-damage|p1a: Gengar|47\/261
|move|p1a: Gengar|Shadow Ball|p2a: Keldeo-Resolute
|-damage|p2a: Keldeo-Resolute|0 fnt
|-damage|p1a: Gengar|21\/261|[from] item: Life Orb
|faint|p2a: Keldeo-Resolute
|
|
|switch|p2a: Garchomp|Garchomp, F|358\/358
|-damage|p2a: Garchomp|336\/358|[from] Stealth Rock
|turn|14
|
|move|p1a: Gengar|Icy Wind|p2a: Garchomp
|-supereffective|p2a: Garchomp
|-damage|p2a: Garchomp|0 fnt
|-damage|p1a: Gengar|0 fnt|[from] item: Life Orb
|faint|p2a: Garchomp
|faint|p1a: Gengar
|
|win|NYChillen
|raw|Ladder updating...
|c|âNYChillen|gg
|c|âXant|gg