|join|RSMessiii
|join|NYChillen
|player|p1|RSMessiii|2
|player|p2|NYChillen|135
|gametype|singles
|gen|6
|tier|OU
|clearpoke
|poke|p1|Kabutops, F
|poke|p1|Kingdra, M
|poke|p1|Politoed, F
|poke|p1|Medicham, M
|poke|p1|Latias, F
|poke|p1|Ferrothorn, M
|poke|p2|Dragonite, F, shiny
|poke|p2|Landorus, M
|poke|p2|Greninja, M
|poke|p2|Medicham, F
|poke|p2|Bisharp, M
|poke|p2|Terrakion
|rule|Swagger Clause: Swagger is banned
|rule|Baton Pass Clause: Limit one PokÃ©mon knowing Baton Pass
|rule|Sleep Clause Mod: Limit one foe put to sleep
|rule|Species Clause: Limit one of each PokÃ©mon
|rule|OHKO Clause: OHKO moves are banned
|rule|Moody Clause: Moody is banned
|rule|Evasion Moves Clause: Evasion moves are banned
|rule|Endless Battle Clause: Forcing endless battles is banned
|rule|HP Percentage Mod: HP is shown in percentages
|teampreview
|c|âNYChillen|sheeit
|c|âRSMessiii|hyper offense :O
|
|start
|switch|p1a: Medicham|Medicham, M|261\/261
|switch|p2a: Terrakion|Terrakion|324\/324
|turn|1
|c|âNYChillen|my fav playstyle
|c|âRSMessiii|i see :)
|c|âNYChillen|but rain offense is terrifying as well
|
|switch|p2a: Landorus|Landorus, M|319\/319
|detailschange|p1a: Medicham|Medicham-Mega, M
|message|Medicham has Mega Evolved into Mega Medicham!
|move|p1a: Medicham|Fake Out|p2a: Landorus
|-damage|p2a: Landorus|223\/319
|
|turn|2
|c|âRSMessiii|yea i battled ome guy a few days ago wo reached 2000 pts with rain hper offense
|
|switch|p2a: Bisharp|Bisharp, M|271\/271
|switch|p1a: Latias|Latias, F|301\/301
|
|turn|3
|
|move|p2a: Bisharp|Pursuit|p1a: Latias|[from]Pursuit
|-supereffective|p1a: Latias
|-damage|p1a: Latias|0 fnt
|faint|p1a: Latias
|
|
|switch|p1a: Medicham|Medicham-Mega, M|261\/261
|turn|4
|
|move|p2a: Bisharp|Sucker Punch|p1a: Medicham
|-crit|p1a: Medicham
|-damage|p1a: Medicham|0 fnt
|faint|p1a: Medicham
|
|c|âNYChillen|not bad
|c|âRSMessiii|ouch
|
|switch|p1a: Politoed|Politoed, F|383\/383
|-weather|RainDance
|turn|5
|
|move|p2a: Bisharp|Sucker Punch|p1a: Politoed
|-damage|p1a: Politoed|236\/383
|move|p1a: Politoed|Scald|p2a: Bisharp
|-crit|p2a: Bisharp
|-damage|p2a: Bisharp|13\/271
|-status|p2a: Bisharp|brn
|
|-weather|RainDance|[upkeep]
|-damage|p2a: Bisharp|0 fnt|[from] brn
|faint|p2a: Bisharp
|
|switch|p2a: Terrakion|Terrakion|324\/324
|turn|6
|c|âNYChillen|smh
|c|âNYChillen|i messed up lol
|
|switch|p2a: Landorus|Landorus, M|223\/319
|move|p1a: Politoed|Scald|p2a: Landorus
|-supereffective|p2a: Landorus
|-damage|p2a: Landorus|0 fnt
|faint|p2a: Landorus
|
|-weather|RainDance|[upkeep]
|
|switch|p2a: Medicham|Medicham, F|262\/262
|turn|7
|
|switch|p1a: Ferrothorn|Ferrothorn, M|339\/339
|detailschange|p2a: Medicham|Medicham-Mega, F
|message|Medicham has Mega Evolved into Mega Medicham!
|move|p2a: Medicham|Fake Out|p1a: Ferrothorn
|-crit|p1a: Ferrothorn
|-resisted|p1a: Ferrothorn
|-damage|p1a: Ferrothorn|304\/339
|-damage|p2a: Medicham|230\/262|[from] ability: Iron Barbs|[of] p1a: Ferrothorn
|
|-weather|RainDance|[upkeep]
|-heal|p1a: Ferrothorn|325\/339|[from] item: Leftovers
|turn|8
|
|move|p2a: Medicham|Zen Headbutt|p1a: Ferrothorn
|-resisted|p1a: Ferrothorn
|-damage|p1a: Ferrothorn|254\/339
|-damage|p2a: Medicham|198\/262|[from] ability: Iron Barbs|[of] p1a: Ferrothorn
|move|p1a: Ferrothorn|Stealth Rock|p2a: Medicham
|-sidestart|p2: NYChillen|move: Stealth Rock
|
|-weather|RainDance|[upkeep]
|-heal|p1a: Ferrothorn|275\/339|[from] item: Leftovers
|turn|9
|c|âNYChillen|thats gg
|c|âNYChillen|unbelievable
|c|âRSMessiii|were u afraid of the protect?
|c|âNYChillen|i missclicked
|c|âRSMessiii|but u can def still do it
|c|âRSMessiii|oh
|c|âRSMessiii|that sucks
|c|âRSMessiii|and cancel button can be a bitch too
|c|âNYChillen|mhmm
|
|move|p2a: Medicham|High Jump Kick|p1a: Ferrothorn|[miss]
|-miss|p2a: Medicham|p1a: Ferrothorn
|-damage|p2a: Medicham|67\/262|[from] highjumpkick
|move|p1a: Ferrothorn|Thunder Wave|p2a: Medicham
|-status|p2a: Medicham|par
|
|-weather|RainDance|[upkeep]
|-heal|p1a: Ferrothorn|296\/339|[from] item: Leftovers
|turn|10
|c|âRSMessiii|omg
|c|âRSMessiii|sorry man
|
|switch|p2a: Dragonite|Dragonite, F, shiny|323\/323
|-damage|p2a: Dragonite|243\/323|[from] Stealth Rock
|move|p1a: Ferrothorn|Power Whip|p2a: Dragonite
|-resisted|p2a: Dragonite
|-damage|p2a: Dragonite|209\/323
|
|-weather|RainDance|[upkeep]
|-heal|p1a: Ferrothorn|317\/339|[from] item: Leftovers
|turn|11
|c|âNYChillen|it'd cool hax is hax
|
|move|p2a: Dragonite|Earthquake|p1a: Ferrothorn
|-damage|p1a: Ferrothorn|205\/339
|move|p1a: Ferrothorn|Leech Seed|p2a: Dragonite
|-start|p2a: Dragonite|move: Leech Seed
|
|-weather|RainDance|[upkeep]
|-heal|p1a: Ferrothorn|226\/339|[from] item: Leftovers
|-damage|p2a: Dragonite|169\/323|[from] Leech Seed|[of] p1a: Ferrothorn
|-heal|p1a: Ferrothorn|266\/339|[silent]
|turn|12
|
|switch|p2a: Medicham|Medicham-Mega, F|67\/262 par
|-damage|p2a: Medicham|51\/262 par|[from] Stealth Rock
|move|p1a: Ferrothorn|Thunder Wave|p2a: Medicham
|-fail|p2a: Medicham|par
|
|-weather|none
|-heal|p1a: Ferrothorn|287\/339|[from] item: Leftovers
|turn|13
|
|switch|p2a: Dragonite|Dragonite, F, shiny|169\/323
|-damage|p2a: Dragonite|89\/323|[from] Stealth Rock
|switch|p1a: Politoed|Politoed, F|236\/383
|-weather|RainDance
|
|-weather|RainDance|[upkeep]
|turn|14
|
|switch|p1a: Ferrothorn|Ferrothorn, M|287\/339
|move|p2a: Dragonite|Outrage|p1a: Ferrothorn
|-resisted|p1a: Ferrothorn
|-damage|p1a: Ferrothorn|175\/339
|-damage|p2a: Dragonite|49\/323|[from] ability: Iron Barbs|[of] p1a: Ferrothorn
|
|-weather|RainDance|[upkeep]
|-heal|p1a: Ferrothorn|196\/339|[from] item: Leftovers
|turn|15
|
|move|p2a: Dragonite|Outrage|p1a: Ferrothorn
|-resisted|p1a: Ferrothorn
|-damage|p1a: Ferrothorn|88\/339
|-damage|p2a: Dragonite|9\/323|[from] ability: Iron Barbs|[of] p1a: Ferrothorn
|move|p1a: Ferrothorn|Leech Seed|p2a: Dragonite
|-start|p2a: Dragonite|move: Leech Seed
|
|-end|p2a: Dragonite|rampage
|-start|p2a: Dragonite|confusion
|-weather|RainDance|[upkeep]
|-heal|p1a: Ferrothorn|109\/339|[from] item: Leftovers
|-damage|p2a: Dragonite|0 fnt|[from] Leech Seed|[of] p1a: Ferrothorn
|-heal|p1a: Ferrothorn|118\/339|[silent]
|faint|p2a: Dragonite
|
|switch|p2a: Terrakion|Terrakion|324\/324
|-damage|p2a: Terrakion|304\/324|[from] Stealth Rock
|turn|16
|
|move|p2a: Terrakion|Close Combat|p1a: Ferrothorn
|-crit|p1a: Ferrothorn
|-supereffective|p1a: Ferrothorn
|-damage|p1a: Ferrothorn|0 fnt
|-damage|p2a: Terrakion|264\/324|[from] ability: Iron Barbs|[of] p1a: Ferrothorn
|-unboost|p2a: Terrakion|def|1
|-unboost|p2a: Terrakion|spd|1
|faint|p1a: Ferrothorn
|
|-weather|RainDance|[upkeep]
|
|switch|p1a: Kabutops|Kabutops, F|261\/261
|turn|17
|c|âNYChillen|gg
|
|move|p1a: Kabutops|Waterfall|p2a: Terrakion
|-supereffective|p2a: Terrakion
|-damage|p2a: Terrakion|0 fnt
|-damage|p1a: Kabutops|235\/261|[from] item: Life Orb
|faint|p2a: Terrakion
|
|-weather|RainDance|[upkeep]
|c|âRSMessiii|gg, but that one pretty much sucked due to missclick and hax
|
|switch|p2a: Medicham|Medicham-Mega, F|51\/262 par
|-damage|p2a: Medicham|35\/262 par|[from] Stealth Rock
|turn|18
|
|move|p2a: Medicham|Fake Out|p1a: Kabutops
|-resisted|p1a: Kabutops
|-damage|p1a: Kabutops|195\/261
|cant|p1a: Kabutops|flinch
|
|-weather|RainDance|[upkeep]
|turn|19
|
|move|p1a: Kabutops|Aqua Jet|p2a: Medicham
|-damage|p2a: Medicham|0 fnt
|-damage|p1a: Kabutops|169\/261|[from] item: Life Orb
|faint|p2a: Medicham
|
|-weather|RainDance|[upkeep]
|
|switch|p2a: Greninja|Greninja, M|285\/285
|-damage|p2a: Greninja|250\/285|[from] Stealth Rock
|turn|20
|
|move|p1a: Kabutops|Waterfall|p2a: Greninja
|-resisted|p2a: Greninja
|-damage|p2a: Greninja|55\/285
|-damage|p1a: Kabutops|143\/261|[from] item: Life Orb
|move|p2a: Greninja|Hydro Pump|p1a: Kabutops
|-start|p2a: Greninja|typechange|Water|[from] Protean
|-damage|p1a: Kabutops|0 fnt
|-damage|p2a: Greninja|27\/285|[from] item: Life Orb
|faint|p1a: Kabutops
|
|-weather|none
|
|switch|p1a: Politoed|Politoed, F|236\/383
|-weather|RainDance
|turn|21
|
|move|p2a: Greninja|Hydro Pump|p1a: Politoed|[miss]
|-miss|p2a: Greninja|p1a: Politoed
|move|p1a: Politoed|Scald|p2a: Greninja
|-resisted|p2a: Greninja
|-damage|p2a: Greninja|0 fnt
|faint|p2a: Greninja
|
|win|RSMessiii
|c|âRSMessiii|fitting end lol
|c|âNYChillen|those were some good games
|c|âRSMessiii|for this match
|c|âRSMessiii|yup
|c|âNYChillen|aside from this but it be like that lol
|c|âRSMessiii|definitely
|c|âNYChillen|congrats on getting up there in rank
|c|âRSMessiii|thanks
|c|âNYChillen|you coulda made it into the ladder tourney
|c|âRSMessiii|what are the requirements?
|c|âNYChillen|top 8
|c|âRSMessiii|oh until when?