|join|SPIK0
|join|NYChillen
|player|p1|SPIK0|161
|player|p2|NYChillen|1
|gametype|singles
|gen|6
|tier|OU
|rated
|clearpoke
|poke|p1|Drapion, M
|poke|p1|Gliscor, M
|poke|p1|Heracross, M
|poke|p1|Mew
|poke|p1|Garchomp, M
|poke|p1|Chansey, F
|poke|p2|Beedrill, F
|poke|p2|Greninja, M
|poke|p2|Latios, M, shiny
|poke|p2|Ferrothorn, M, shiny
|poke|p2|Landorus-Therian, M
|poke|p2|Rotom-Wash, shiny
|rule|Swagger Clause: Swagger is banned
|rule|Baton Pass Clause: Limit one PokÃ©mon knowing Baton Pass
|rule|Sleep Clause Mod: Limit one foe put to sleep
|rule|Species Clause: Limit one of each PokÃ©mon
|rule|OHKO Clause: OHKO moves are banned
|rule|Moody Clause: Moody is banned
|rule|Evasion Moves Clause: Evasion moves are banned
|rule|Endless Battle Clause: Forcing endless battles is banned
|rule|HP Percentage Mod: HP is shown in percentages
|teampreview
|
|start
|switch|p1a: Gliscor|Gliscor, M|354\/354
|switch|p2a: Beedrill|Beedrill, F|271\/271
|turn|1
|
|detailschange|p2a: Beedrill|Beedrill-Mega, F
|message|Beedrill has Mega Evolved into Mega Beedrill!
|move|p2a: Beedrill|Poison Jab|p1a: Gliscor
|-resisted|p1a: Gliscor
|-damage|p1a: Gliscor|288\/354
|move|p1a: Gliscor|Earthquake|p2a: Beedrill
|-damage|p2a: Beedrill|46\/271
|
|-status|p1a: Gliscor|tox|[from] item: Toxic Orb
|turn|2
|
|move|p2a: Beedrill|U-turn|p1a: Gliscor
|-resisted|p1a: Gliscor
|-damage|p1a: Gliscor|222\/354 tox
|
|switch|p2a: Latios|Latios, M, shiny|299\/299
|move|p1a: Gliscor|Toxic|p2a: Latios
|-status|p2a: Latios|tox
|
|-damage|p2a: Latios|281\/299 tox|[from] psn
|-heal|p1a: Gliscor|266\/354 tox|[from] ability: Poison Heal
|turn|3
|
|move|p1a: Gliscor|Protect|p1a: Gliscor
|-singleturn|p1a: Gliscor|Protect
|move|p2a: Latios|Draco Meteor|p1a: Gliscor
|-activate|p1a: Gliscor|Protect
|
|-damage|p2a: Latios|245\/299 tox|[from] psn
|-heal|p1a: Gliscor|310\/354 tox|[from] ability: Poison Heal
|turn|4
|
|switch|p1a: Cherry|Chansey, F|704\/704
|move|p2a: Latios|Psyshock|p1a: Cherry
|-damage|p1a: Cherry|447\/704
|-damage|p2a: Latios|216\/299 tox|[from] item: Life Orb
|
|-damage|p2a: Latios|162\/299 tox|[from] psn
|turn|5
|
|switch|p2a: Ferrothorn|Ferrothorn, M, shiny|352\/352
|move|p1a: Cherry|Soft-Boiled|p1a: Cherry
|-heal|p1a: Cherry|704\/704
|
|turn|6
|
|move|p1a: Cherry|Stealth Rock|p2a: Ferrothorn
|-sidestart|p2: NYChillen|move: Stealth Rock
|move|p2a: Ferrothorn|Leech Seed|p1a: Cherry|[miss]
|-miss|p2a: Ferrothorn|p1a: Cherry
|
|turn|7
|
|switch|p1a: Gliscor|Gliscor, M|310\/354 tox
|move|p2a: Ferrothorn|Leech Seed|p1a: Gliscor
|-start|p1a: Gliscor|move: Leech Seed
|
|-damage|p1a: Gliscor|266\/354 tox|[from] Leech Seed|[of] p2a: Ferrothorn
|-heal|p1a: Gliscor|310\/354 tox|[from] ability: Poison Heal
|turn|8
|
|move|p1a: Gliscor|Taunt|p2a: Ferrothorn
|-start|p2a: Ferrothorn|move: Taunt
|cant|p2a: Ferrothorn|move: Taunt|Spikes
|
|-damage|p1a: Gliscor|266\/354 tox|[from] Leech Seed|[of] p2a: Ferrothorn
|-heal|p1a: Gliscor|310\/354 tox|[from] ability: Poison Heal
|turn|9
|
|switch|p1a: Heracross|Heracross, M|301\/301
|move|p2a: Ferrothorn|Gyro Ball|p1a: Heracross
|-crit|p1a: Heracross
|-damage|p1a: Heracross|0 fnt
|faint|p1a: Heracross
|
|
|switch|p1a: J|Mew|392\/392
|turn|10
|
|switch|p2a: Rotom-Wash|Rotom-Wash, shiny|303\/303
|-damage|p2a: Rotom-Wash|266\/303|[from] Stealth Rock
|move|p1a: J|Will-O-Wisp|p2a: Rotom-Wash
|-status|p2a: Rotom-Wash|brn
|
|-heal|p2a: Rotom-Wash|284\/303 brn|[from] item: Leftovers
|-damage|p2a: Rotom-Wash|247\/303 brn|[from] brn
|turn|11
|
|switch|p1a: Cherry|Chansey, F|704\/704
|move|p2a: Rotom-Wash|Will-O-Wisp|p1a: Cherry
|-status|p1a: Cherry|brn
|
|-heal|p2a: Rotom-Wash|265\/303 brn|[from] item: Leftovers
|-damage|p2a: Rotom-Wash|228\/303 brn|[from] brn
|-damage|p1a: Cherry|616\/704 brn|[from] brn
|turn|12
|
|move|p2a: Rotom-Wash|Pain Split|p1a: Cherry
|-sethp|p1a: Cherry|422\/704 brn|p2a: Rotom-Wash|303\/303 brn|[from] move: Pain Split
|move|p1a: Cherry|Wish|p1a: Cherry
|
|-damage|p2a: Rotom-Wash|266\/303 brn|[from] brn
|-damage|p1a: Cherry|334\/704 brn|[from] brn
|turn|13
|
|switch|p2a: Ferrothorn|Ferrothorn, M, shiny|352\/352
|-damage|p2a: Ferrothorn|330\/352|[from] Stealth Rock
|move|p1a: Cherry|Seismic Toss|p2a: Ferrothorn
|-damage|p2a: Ferrothorn|230\/352
|-damage|p1a: Cherry|246\/704 brn|[from] ability: Iron Barbs|[of] p2a: Ferrothorn
|
|-heal|p1a: Cherry|598\/704 brn|[from] move: Wish|[wisher] Cherry
|-heal|p2a: Ferrothorn|252\/352|[from] item: Leftovers
|-damage|p1a: Cherry|510\/704 brn|[from] brn
|turn|14
|
|switch|p1a: Gliscor|Gliscor, M|310\/354 tox
|move|p2a: Ferrothorn|Leech Seed|p1a: Gliscor
|-start|p1a: Gliscor|move: Leech Seed
|
|-heal|p2a: Ferrothorn|274\/352|[from] item: Leftovers
|-damage|p1a: Gliscor|266\/354 tox|[from] Leech Seed|[of] p2a: Ferrothorn
|-heal|p2a: Ferrothorn|318\/352|[silent]
|-heal|p1a: Gliscor|310\/354 tox|[from] ability: Poison Heal
|turn|15
|
|switch|p2a: Latios|Latios, M, shiny|162\/299 tox
|-damage|p2a: Latios|125\/299 tox|[from] Stealth Rock
|move|p1a: Gliscor|Taunt|p2a: Latios
|-start|p2a: Latios|move: Taunt
|
|-damage|p1a: Gliscor|266\/354 tox|[from] Leech Seed|[of] p2a: Latios
|-heal|p2a: Latios|169\/299 tox|[silent]
|-damage|p2a: Latios|151\/299 tox|[from] psn
|-heal|p1a: Gliscor|310\/354 tox|[from] ability: Poison Heal
|turn|16
|
|move|p1a: Gliscor|Protect|p1a: Gliscor
|-singleturn|p1a: Gliscor|Protect
|move|p2a: Latios|Draco Meteor|p1a: Gliscor
|-activate|p1a: Gliscor|Protect
|
|-damage|p1a: Gliscor|266\/354 tox|[from] Leech Seed|[of] p2a: Latios
|-heal|p2a: Latios|195\/299 tox|[silent]
|-damage|p2a: Latios|159\/299 tox|[from] psn
|-heal|p1a: Gliscor|310\/354 tox|[from] ability: Poison Heal
|turn|17
|
|switch|p2a: Rotom-Wash|Rotom-Wash, shiny|266\/303 brn
|-damage|p2a: Rotom-Wash|229\/303 brn|[from] Stealth Rock
|switch|p1a: Cherry|Chansey, F|510\/704
|
|-heal|p2a: Rotom-Wash|247\/303 brn|[from] item: Leftovers
|-damage|p2a: Rotom-Wash|210\/303 brn|[from] brn
|turn|18
|
|switch|p1a: Gliscor|Gliscor, M|310\/354 tox
|move|p2a: Rotom-Wash|Will-O-Wisp|p1a: Gliscor
|-fail|p1a: Gliscor
|
|-heal|p2a: Rotom-Wash|228\/303 brn|[from] item: Leftovers
|-heal|p1a: Gliscor|354\/354 tox|[from] ability: Poison Heal
|-damage|p2a: Rotom-Wash|191\/303 brn|[from] brn
|turn|19
|
|move|p1a: Gliscor|Protect|p1a: Gliscor
|-singleturn|p1a: Gliscor|Protect
|move|p2a: Rotom-Wash|Pain Split|p1a: Gliscor
|-activate|p1a: Gliscor|Protect
|
|-heal|p2a: Rotom-Wash|209\/303 brn|[from] item: Leftovers
|-damage|p2a: Rotom-Wash|172\/303 brn|[from] brn
|turn|20
|
|switch|p1a: J|Mew|392\/392
|move|p2a: Rotom-Wash|Pain Split|p1a: J
|-sethp|p1a: J|282\/392|p2a: Rotom-Wash|282\/303 brn|[from] move: Pain Split
|
|-heal|p1a: J|306\/392|[from] item: Leftovers
|-heal|p2a: Rotom-Wash|300\/303 brn|[from] item: Leftovers
|-damage|p2a: Rotom-Wash|263\/303 brn|[from] brn
|turn|21
|
|move|p1a: J|Knock Off|p2a: Rotom-Wash
|-damage|p2a: Rotom-Wash|204\/303 brn
|-enditem|p2a: Rotom-Wash|Leftovers|[from] move: Knock Off|[of] p1a: J
|move|p2a: Rotom-Wash|Will-O-Wisp|p1a: J
|-status|p1a: J|brn
|
|-heal|p1a: J|330\/392 brn|[from] item: Leftovers
|-damage|p1a: J|281\/392 brn|[from] brn
|-damage|p2a: Rotom-Wash|167\/303 brn|[from] brn
|turn|22
|
|move|p1a: J|Roost|p1a: J
|-heal|p1a: J|392\/392 brn
|move|p2a: Rotom-Wash|Pain Split|p1a: J
|-sethp|p1a: J|279\/392 brn|p2a: Rotom-Wash|279\/303 brn|[from] move: Pain Split
|
|-heal|p1a: J|303\/392 brn|[from] item: Leftovers
|-damage|p1a: J|254\/392 brn|[from] brn
|-damage|p2a: Rotom-Wash|242\/303 brn|[from] brn
|turn|23
|-message|SPIK0 forfeited.
|
|win|NYChillen
|raw|Ladder updating...
|leave|SPIK0
|player|p1
|raw|SPIK0's rating: 1267 &rarr; <strong>1247<\/strong><br \/>(-20 for losing)
|raw|NYChillen's rating: 1336 &rarr; <strong>1352<\/strong><br \/>(+16 for winning)