|join|Daigo Trumm
|join|NYChillen
|player|p1|Daigo Trumm|290
|player|p2|NYChillen|135
|gametype|singles
|gen|6
|tier|OU
|rated
|clearpoke
|poke|p1|Metagross
|poke|p1|Landorus-Therian, M
|poke|p1|Greninja, M, shiny
|poke|p1|Rotom-Wash, shiny
|poke|p1|Keldeo
|poke|p1|Heatran, F
|poke|p2|Breloom, M
|poke|p2|Bisharp, M
|poke|p2|Heatran, M
|poke|p2|Sylveon, F
|poke|p2|Heracross, M
|poke|p2|Garchomp, F
|rule|Swagger Clause: Swagger is banned
|rule|Baton Pass Clause: Limit one PokÃ©mon knowing Baton Pass
|rule|Sleep Clause Mod: Limit one foe put to sleep
|rule|Species Clause: Limit one of each PokÃ©mon
|rule|OHKO Clause: OHKO moves are banned
|rule|Moody Clause: Moody is banned
|rule|Evasion Moves Clause: Evasion moves are banned
|rule|Endless Battle Clause: Forcing endless battles is banned
|rule|HP Percentage Mod: HP is shown in percentages
|teampreview
|
|start
|switch|p1a: Landorus-Therian|Landorus-Therian, M|320\/320
|switch|p2a: Deze Nuts|Garchomp, F|357\/357
|-ability|p1a: Landorus-Therian|Intimidate|[of] p2a: Deze Nuts
|-unboost|p2a: Deze Nuts|atk|1
|turn|1
|
|move|p1a: Landorus-Therian|Stealth Rock|p2a: Deze Nuts
|-sidestart|p2: NYChillen|move: Stealth Rock
|move|p2a: Deze Nuts|Stealth Rock|p1a: Landorus-Therian
|-sidestart|p1: Daigo Trumm|move: Stealth Rock
|
|turn|2
|
|switch|p1a: Rotom-Wash|Rotom-Wash, shiny|304\/304
|-damage|p1a: Rotom-Wash|266\/304|[from] Stealth Rock
|move|p2a: Deze Nuts|Earthquake|p1a: Rotom-Wash
|-immune|p1a: Rotom-Wash|[msg]
|
|-heal|p1a: Rotom-Wash|285\/304|[from] item: Leftovers
|turn|3
|
|move|p2a: Deze Nuts|Dragon Claw|p1a: Rotom-Wash
|-damage|p1a: Rotom-Wash|219\/304
|move|p1a: Rotom-Wash|Will-O-Wisp|p2a: Deze Nuts
|-status|p2a: Deze Nuts|brn
|
|-heal|p1a: Rotom-Wash|238\/304|[from] item: Leftovers
|-damage|p2a: Deze Nuts|313\/357 brn|[from] brn
|turn|4
|
|move|p2a: Deze Nuts|Dragon Claw|p1a: Rotom-Wash
|-damage|p1a: Rotom-Wash|204\/304
|move|p1a: Rotom-Wash|Will-O-Wisp|p2a: Deze Nuts
|-fail|p2a: Deze Nuts|brn
|
|-heal|p1a: Rotom-Wash|223\/304|[from] item: Leftovers
|-damage|p2a: Deze Nuts|269\/357 brn|[from] brn
|turn|5
|
|move|p2a: Deze Nuts|Dragon Claw|p1a: Rotom-Wash
|-damage|p1a: Rotom-Wash|187\/304
|move|p1a: Rotom-Wash|Hydro Pump|p2a: Deze Nuts
|-damage|p2a: Deze Nuts|118\/357 brn
|
|-heal|p1a: Rotom-Wash|206\/304|[from] item: Leftovers
|-damage|p2a: Deze Nuts|74\/357 brn|[from] brn
|turn|6
|
|switch|p2a: Luigi|Breloom, M|261\/261
|-damage|p2a: Luigi|245\/261|[from] Stealth Rock
|move|p1a: Rotom-Wash|Hydro Pump|p2a: Luigi
|-resisted|p2a: Luigi
|-damage|p2a: Luigi|146\/261
|
|-heal|p1a: Rotom-Wash|225\/304|[from] item: Leftovers
|turn|7
|
|switch|p1a: Landorus-Therian|Landorus-Therian, M|320\/320
|-damage|p1a: Landorus-Therian|280\/320|[from] Stealth Rock
|-ability|p1a: Landorus-Therian|Intimidate|[of] p2a: Luigi
|-unboost|p2a: Luigi|atk|1
|move|p2a: Luigi|Spore|p1a: Landorus-Therian
|-status|p1a: Landorus-Therian|slp
|
|turn|8
|
|switch|p2a: Bowser|Heatran, M|326\/326
|-damage|p2a: Bowser|286\/326|[from] Stealth Rock
|-item|p2a: Bowser|Air Balloon
|cant|p1a: Landorus-Therian|slp
|
|turn|9
|
|switch|p2a: Deze Nuts|Garchomp, F|74\/357 brn
|-damage|p2a: Deze Nuts|52\/357 brn|[from] Stealth Rock
|-curestatus|p1a: Landorus-Therian|slp
|move|p1a: Landorus-Therian|U-turn|p2a: Deze Nuts
|-damage|p2a: Deze Nuts|0 fnt
|-damage|p1a: Landorus-Therian|240\/320|[from] ability: Rough Skin|[of] p2a: Deze Nuts
|-damage|p1a: Landorus-Therian|187\/320|[from] item: Rocky Helmet|[of] p2a: Deze Nuts
|faint|p2a: Deze Nuts
|
|switch|p1a: Keldeo|Keldeo|324\/324
|-damage|p1a: Keldeo|304\/324|[from] Stealth Rock
|
|
|switch|p2a: Peach|Sylveon, F|392\/392
|-damage|p2a: Peach|343\/392|[from] Stealth Rock
|turn|10
|
|switch|p1a: Heatran|Heatran, F|386\/386
|-damage|p1a: Heatran|338\/386|[from] Stealth Rock
|move|p2a: Peach|Baton Pass|p2a: Peach
|
|switch|p2a: Wario|Heracross, M|301\/301
|-damage|p2a: Wario|264\/301|[from] Stealth Rock
|
|-heal|p1a: Heatran|362\/386|[from] item: Leftovers
|turn|11
|
|switch|p1a: Landorus-Therian|Landorus-Therian, M|187\/320
|-damage|p1a: Landorus-Therian|147\/320|[from] Stealth Rock
|-ability|p1a: Landorus-Therian|Intimidate|[of] p2a: Wario
|-unboost|p2a: Wario|atk|1
|detailschange|p2a: Wario|Heracross-Mega, M
|message|Heracross has Mega Evolved into Mega Heracross!
|move|p2a: Wario|Substitute|p2a: Wario
|-start|p2a: Wario|Substitute
|-damage|p2a: Wario|189\/301
|
|turn|12
|
|move|p1a: Landorus-Therian|Earthquake|p2a: Wario
|-resisted|p2a: Wario
|-end|p2a: Wario|Substitute
|move|p2a: Wario|Rock Blast|p1a: Landorus-Therian
|-damage|p1a: Landorus-Therian|118\/320
|-damage|p1a: Landorus-Therian|91\/320
|-damage|p1a: Landorus-Therian|62\/320
|-damage|p1a: Landorus-Therian|31\/320
|-damage|p1a: Landorus-Therian|2\/320
|-hitcount|p1a: Landorus-Therian|5
|
|turn|13
|
|move|p1a: Landorus-Therian|Earthquake|p2a: Wario
|-resisted|p2a: Wario
|-damage|p2a: Wario|103\/301
|move|p2a: Wario|Substitute|p2a: Wario
|-start|p2a: Wario|Substitute
|-damage|p2a: Wario|28\/301
|
|turn|14
|
|move|p1a: Landorus-Therian|Earthquake|p2a: Wario
|-resisted|p2a: Wario
|-end|p2a: Wario|Substitute
|move|p2a: Wario|Pin Missile|p1a: Landorus-Therian
|-resisted|p1a: Landorus-Therian
|-damage|p1a: Landorus-Therian|0 fnt
|-hitcount|p1a: Landorus-Therian|1
|faint|p1a: Landorus-Therian
|
|
|switch|p1a: Keldeo|Keldeo|304\/324
|-damage|p1a: Keldeo|284\/324|[from] Stealth Rock
|turn|15
|
|move|p1a: Keldeo|Secret Sword|p2a: Wario
|-resisted|p2a: Wario
|-damage|p2a: Wario|0 fnt
|faint|p2a: Wario
|
|
|switch|p2a: Peach|Sylveon, F|343\/392
|-damage|p2a: Peach|294\/392|[from] Stealth Rock
|turn|16
|
|switch|p1a: Heatran|Heatran, F|362\/386
|-damage|p1a: Heatran|314\/386|[from] Stealth Rock
|move|p2a: Peach|Hyper Voice|p1a: Heatran
|-resisted|p1a: Heatran
|-damage|p1a: Heatran|263\/386
|
|-heal|p1a: Heatran|287\/386|[from] item: Leftovers
|turn|17
|
|switch|p2a: Bowser|Heatran, M|286\/326
|-damage|p2a: Bowser|246\/326|[from] Stealth Rock
|-item|p2a: Bowser|Air Balloon
|move|p1a: Heatran|Substitute|p1a: Heatran
|-start|p1a: Heatran|Substitute
|-damage|p1a: Heatran|191\/386
|
|-heal|p1a: Heatran|215\/386|[from] item: Leftovers
|turn|18
|
|move|p1a: Heatran|Protect|p1a: Heatran
|-singleturn|p1a: Heatran|Protect
|move|p2a: Bowser|Taunt|p1a: Heatran
|-activate|p1a: Heatran|Protect
|
|-heal|p1a: Heatran|239\/386|[from] item: Leftovers
|turn|19
|
|switch|p1a: Keldeo|Keldeo|284\/324
|-damage|p1a: Keldeo|264\/324|[from] Stealth Rock
|move|p2a: Bowser|Earth Power|p1a: Keldeo
|-damage|p1a: Keldeo|149\/324
|
|turn|20
|
|switch|p2a: Peach|Sylveon, F|294\/392
|-damage|p2a: Peach|245\/392|[from] Stealth Rock
|move|p1a: Keldeo|Secret Sword|p2a: Peach
|-resisted|p2a: Peach
|-damage|p2a: Peach|126\/392
|
|turn|21
|
|move|p1a: Keldeo|Secret Sword|p2a: Peach
|-resisted|p2a: Peach
|-damage|p2a: Peach|7\/392
|move|p2a: Peach|Hidden Power|p1a: Keldeo
|-damage|p1a: Keldeo|27\/324
|
|turn|22
|
|move|p1a: Keldeo|Secret Sword|p2a: Peach
|-resisted|p2a: Peach
|-damage|p2a: Peach|0 fnt
|faint|p2a: Peach
|
|
|switch|p2a: Mario|Bisharp, M|271\/271
|-damage|p2a: Mario|255\/271|[from] Stealth Rock
|turn|23
|
|switch|p1a: Heatran|Heatran, F|239\/386
|-damage|p1a: Heatran|191\/386|[from] Stealth Rock
|move|p2a: Mario|Sucker Punch|p1a: Heatran
|-fail|p1a: Heatran
|
|-heal|p1a: Heatran|215\/386|[from] item: Leftovers
|turn|24
|
|move|p1a: Heatran|Protect|p1a: Heatran
|-singleturn|p1a: Heatran|Protect
|move|p2a: Mario|Swords Dance|p2a: Mario
|-boost|p2a: Mario|atk|2
|
|-heal|p1a: Heatran|239\/386|[from] item: Leftovers
|turn|25
|
|move|p2a: Mario|Knock Off|p1a: Heatran
|-damage|p1a: Heatran|0 fnt
|-enditem|p1a: Heatran|Leftovers|[from] move: Knock Off|[of] p2a: Mario
|-damage|p2a: Mario|228\/271|[from] item: Life Orb
|faint|p1a: Heatran
|
|
|switch|p1a: Greninja|Greninja, M, shiny|285\/285
|-damage|p1a: Greninja|250\/285|[from] Stealth Rock
|turn|26
|
|move|p2a: Mario|Sucker Punch|p1a: Greninja
|-resisted|p1a: Greninja
|-damage|p1a: Greninja|0 fnt
|-damage|p2a: Mario|201\/271|[from] item: Life Orb
|faint|p1a: Greninja
|
|
|switch|p1a: Rotom-Wash|Rotom-Wash, shiny|225\/304
|-damage|p1a: Rotom-Wash|187\/304|[from] Stealth Rock
|turn|27
|
|move|p2a: Mario|Knock Off|p1a: Rotom-Wash
|-damage|p1a: Rotom-Wash|0 fnt
|-enditem|p1a: Rotom-Wash|Leftovers|[from] move: Knock Off|[of] p2a: Mario
|-damage|p2a: Mario|174\/271|[from] item: Life Orb
|faint|p1a: Rotom-Wash
|
|-message|Daigo Trumm forfeited.
|
|win|NYChillen
|raw|Ladder updating...
|leave|Daigo Trumm
|player|p1
|raw|Daigo Trumm's rating: 1631 &rarr; <strong>1607<\/strong><br \/>(-24 for losing)
|raw|NYChillen's rating: 1568 &rarr; <strong>1591<\/strong><br \/>(+23 for winning)