|join|NYChillen
|join|RSMessiii
|player|p1|NYChillen|135
|player|p2|RSMessiii|2
|gametype|singles
|gen|6
|tier|OU
|clearpoke
|poke|p1|Greninja, M
|poke|p1|Charizard, M
|poke|p1|Venusaur, F
|poke|p1|Tyranitar, M
|poke|p1|Excadrill, F
|poke|p1|Mew
|poke|p2|Alakazam, M
|poke|p2|Manaphy
|poke|p2|Zapdos
|poke|p2|Landorus-Therian, M
|poke|p2|Ferrothorn, M
|poke|p2|Kyurem-Black
|rule|Swagger Clause: Swagger is banned
|rule|Baton Pass Clause: Limit one PokÃ©mon knowing Baton Pass
|rule|Sleep Clause Mod: Limit one foe put to sleep
|rule|Species Clause: Limit one of each PokÃ©mon
|rule|OHKO Clause: OHKO moves are banned
|rule|Moody Clause: Moody is banned
|rule|Evasion Moves Clause: Evasion moves are banned
|rule|Endless Battle Clause: Forcing endless battles is banned
|rule|HP Percentage Mod: HP is shown in percentages
|teampreview
|c|âNYChillen|fuck manaphy lol
|c|âRSMessiii|xD
|
|start
|switch|p1a: Tyranitar|Tyranitar, M|365\/365
|switch|p2a: Kyurem-Black|Kyurem-Black|415\/415
|-ability|p2a: Kyurem-Black|Teravolt
|-weather|Sandstorm
|turn|1
|
|move|p2a: Kyurem-Black|Substitute|p2a: Kyurem-Black
|-start|p2a: Kyurem-Black|Substitute
|-damage|p2a: Kyurem-Black|312\/415
|move|p1a: Tyranitar|Stealth Rock|p2a: Kyurem-Black
|-sidestart|p2: RSMessiii|move: Stealth Rock
|
|-weather|Sandstorm|[upkeep]
|-damage|p2a: Kyurem-Black|287\/415|[from] sandstorm
|-heal|p2a: Kyurem-Black|312\/415|[from] item: Leftovers
|turn|2
|
|move|p2a: Kyurem-Black|Dragon Claw|p1a: Tyranitar
|-damage|p1a: Tyranitar|173\/365
|move|p1a: Tyranitar|Earthquake|p2a: Kyurem-Black
|-end|p2a: Kyurem-Black|Substitute
|
|-weather|Sandstorm|[upkeep]
|-damage|p2a: Kyurem-Black|287\/415|[from] sandstorm
|-heal|p2a: Kyurem-Black|312\/415|[from] item: Leftovers
|-heal|p1a: Tyranitar|195\/365|[from] item: Leftovers
|turn|3
|
|switch|p2a: Landorus-Therian|Landorus-Therian, M|329\/329
|-damage|p2a: Landorus-Therian|288\/329|[from] Stealth Rock
|-ability|p2a: Landorus-Therian|Intimidate|[of] p1a: Tyranitar
|-unboost|p1a: Tyranitar|atk|1
|switch|p1a: Mew|Mew|403\/403
|
|-weather|Sandstorm|[upkeep]
|-damage|p1a: Mew|378\/403|[from] sandstorm
|-heal|p1a: Mew|403\/403|[from] item: Leftovers
|turn|4
|
|move|p2a: Landorus-Therian|U-turn|p1a: Mew
|-supereffective|p1a: Mew
|-damage|p1a: Mew|205\/403
|
|switch|p2a: Alakazam|Alakazam, M|251\/251
|move|p1a: Mew|Will-O-Wisp|p2a: Alakazam
|-status|p2a: Alakazam|brn
|
|-weather|Sandstorm|[upkeep]
|-damage|p1a: Mew|180\/403|[from] sandstorm
|-heal|p1a: Mew|205\/403|[from] item: Leftovers
|turn|5
|
|detailschange|p2a: Alakazam|Alakazam-Mega, M
|message|Alakazam has Mega Evolved into Mega Alakazam!
|-ability|p2a: Alakazam|Synchronize|[from] ability: Trace|[of] p1a: Mew
|move|p2a: Alakazam|Shadow Ball|p1a: Mew
|-supereffective|p1a: Mew
|-damage|p1a: Mew|0 fnt
|faint|p1a: Mew
|
|-weather|none
|-damage|p2a: Alakazam|220\/251 brn|[from] brn
|
|switch|p1a: Tyranitar|Tyranitar, M|195\/365
|-weather|Sandstorm
|turn|6
|
|move|p2a: Alakazam|Focus Blast|p1a: Tyranitar
|-crit|p1a: Tyranitar
|-supereffective|p1a: Tyranitar
|-damage|p1a: Tyranitar|0 fnt
|faint|p1a: Tyranitar
|
|-weather|Sandstorm|[upkeep]
|-damage|p2a: Alakazam|205\/251 brn|[from] sandstorm
|-damage|p2a: Alakazam|174\/251 brn|[from] brn
|
|switch|p1a: Excadrill|Excadrill, F|362\/362
|-item|p1a: Excadrill|Air Balloon
|turn|7
|
|switch|p1a: Charizard|Charizard, M|335\/335
|switch|p2a: Landorus-Therian|Landorus-Therian, M|288\/329
|-damage|p2a: Landorus-Therian|247\/329|[from] Stealth Rock
|-ability|p2a: Landorus-Therian|Intimidate|[of] p1a: Charizard
|-unboost|p1a: Charizard|atk|1
|
|-weather|Sandstorm|[upkeep]
|-damage|p1a: Charizard|315\/335|[from] sandstorm
|turn|8
|
|detailschange|p1a: Charizard|Charizard-Mega-Y, M
|message|Charizard has Mega Evolved into Mega Charizard!
|-weather|SunnyDay
|move|p2a: Landorus-Therian|Stone Edge|p1a: Charizard
|-supereffective|p1a: Charizard
|-damage|p1a: Charizard|0 fnt
|faint|p1a: Charizard
|
|-weather|SunnyDay|[upkeep]
|
|switch|p1a: Venusaur|Venusaur, F|301\/301
|turn|9
|
|switch|p2a: Zapdos|Zapdos|383\/383
|-damage|p2a: Zapdos|288\/383|[from] Stealth Rock
|-ability|p2a: Zapdos|Pressure
|move|p1a: Venusaur|Hidden Power|p2a: Zapdos
|-damage|p2a: Zapdos|139\/383
|-damage|p1a: Venusaur|271\/301|[from] item: Life Orb
|
|-weather|SunnyDay|[upkeep]
|-heal|p2a: Zapdos|162\/383|[from] item: Leftovers
|turn|10
|
|move|p1a: Venusaur|Sludge Bomb|p2a: Zapdos
|-damage|p2a: Zapdos|0 fnt
|-damage|p1a: Venusaur|241\/301|[from] item: Life Orb
|faint|p2a: Zapdos
|
|-weather|SunnyDay|[upkeep]
|
|switch|p2a: Alakazam|Alakazam-Mega, M|174\/251 brn
|-damage|p2a: Alakazam|143\/251 brn|[from] Stealth Rock
|-ability|p2a: Alakazam|Chlorophyll|[from] ability: Trace|[of] p1a: Venusaur
|turn|11
|c|âNYChillen|the one team mega zam can murk 1lv1
|c|âNYChillen|lol
|c|âRSMessiii|^^
|
|move|p2a: Alakazam|Psychic|p1a: Venusaur
|-supereffective|p1a: Venusaur
|-damage|p1a: Venusaur|0 fnt
|faint|p1a: Venusaur
|
|-weather|SunnyDay|[upkeep]
|-damage|p2a: Alakazam|112\/251 brn|[from] brn
|
|switch|p1a: Greninja|Greninja, M|285\/285
|turn|12
|
|move|p2a: Alakazam|Focus Blast|p1a: Greninja
|-supereffective|p1a: Greninja
|-damage|p1a: Greninja|0 fnt
|faint|p1a: Greninja
|
|-weather|none
|-damage|p2a: Alakazam|81\/251 brn|[from] brn
|
|switch|p1a: Excadrill|Excadrill, F|362\/362
|-item|p1a: Excadrill|Air Balloon
|turn|13
|c|âRSMessiii|ok focus blast gods likes me
|
|move|p2a: Alakazam|Focus Blast|p1a: Excadrill|[miss]
|-miss|p2a: Alakazam|p1a: Excadrill
|move|p1a: Excadrill|Iron Head|p2a: Alakazam
|-damage|p2a: Alakazam|0 fnt
|faint|p2a: Alakazam
|
|
|switch|p2a: Ferrothorn|Ferrothorn, M|351\/351
|-damage|p2a: Ferrothorn|330\/351|[from] Stealth Rock
|turn|14
|
|move|p1a: Excadrill|Earthquake|p2a: Ferrothorn
|-damage|p2a: Ferrothorn|222\/351
|move|p2a: Ferrothorn|Gyro Ball|p1a: Excadrill
|-resisted|p1a: Excadrill
|-damage|p1a: Excadrill|226\/362
|-enditem|p1a: Excadrill|Air Balloon
|
|turn|15
|
|switch|p2a: Landorus-Therian|Landorus-Therian, M|247\/329
|-damage|p2a: Landorus-Therian|206\/329|[from] Stealth Rock
|-ability|p2a: Landorus-Therian|Intimidate|[of] p1a: Excadrill
|-unboost|p1a: Excadrill|atk|1
|move|p1a: Excadrill|Earthquake|p2a: Landorus-Therian
|-immune|p2a: Landorus-Therian|[msg]
|
|turn|16
|c|âNYChillen|gg
|c|âRSMessiii|gg
|
|move|p2a: Landorus-Therian|Explosion|p1a: Excadrill
|-resisted|p1a: Excadrill
|-damage|p1a: Excadrill|0 fnt
|faint|p2a: Landorus-Therian
|faint|p1a: Excadrill
|
|win|RSMessiii
|c|âNYChillen|i got bodied smh
|c|âNYChillen|lol
|c|âRSMessiii|it was  abit risky to stay in lando t with chari
|c|âRSMessiii|as it is so popular with scrf lately
|c|âRSMessiii|but i got bodied in the seocnd match ^^
|c|âNYChillen|i thought ferro would switch in
|c|âNYChillen|i forgot about lando-T
|c|âRSMessiii|ah okay
|c|âNYChillen|i was honestly fearing mega zam
|c|âNYChillen|it could revenge everything
|c|âRSMessiii|yea with that trace :D
|c|âNYChillen|word
|c|âRSMessiii|normally i always think magic guard would still bebbetter
|c|âNYChillen|wanna get 1 more
|c|âRSMessiii|but sometimes trace is so nice
|c|âRSMessiii|ok
|c|âNYChillen|i like it for intimidate
|c|âRSMessiii|yea thats also nice