|join|NYChillen
|join|Captain Jiggs
|player|p1|NYChillen|135
|player|p2|Captain Jiggs|260
|gametype|singles
|gen|6
|tier|OU
|rated
|clearpoke
|poke|p1|Azumarill, M
|poke|p1|Talonflame, M
|poke|p1|Rotom-Wash, shiny
|poke|p1|Latias, F
|poke|p1|Bisharp, F
|poke|p1|Azelf
|poke|p2|Heatran, M
|poke|p2|Gardevoir, F
|poke|p2|Keldeo
|poke|p2|Landorus-Therian, M
|poke|p2|Raikou
|poke|p2|Celebi
|rule|Swagger Clause: Swagger is banned
|rule|Baton Pass Clause: Limit one PokÃ©mon knowing Baton Pass
|rule|Sleep Clause Mod: Limit one foe put to sleep
|rule|Species Clause: Limit one of each PokÃ©mon
|rule|OHKO Clause: OHKO moves are banned
|rule|Moody Clause: Moody is banned
|rule|Evasion Moves Clause: Evasion moves are banned
|rule|Endless Battle Clause: Forcing endless battles is banned
|rule|HP Percentage Mod: HP is shown in percentages
|teampreview
|
|start
|switch|p1a: Azelf|Azelf|291\/291
|switch|p2a: Landorus-Therian|Landorus-Therian, M|325\/325
|-ability|p2a: Landorus-Therian|Intimidate|[of] p1a: Azelf
|-unboost|p1a: Azelf|atk|1
|turn|1
|
|move|p2a: Landorus-Therian|Knock Off|p1a: Azelf
|-supereffective|p1a: Azelf
|-enditem|p1a: Azelf|Focus Sash
|-damage|p1a: Azelf|1\/291
|move|p1a: Azelf|Stealth Rock|p2a: Landorus-Therian
|-sidestart|p2: Captain Jiggs|move: Stealth Rock
|
|turn|2
|
|move|p2a: Landorus-Therian|Knock Off|p1a: Azelf
|-supereffective|p1a: Azelf
|-damage|p1a: Azelf|0 fnt
|faint|p1a: Azelf
|
|
|switch|p1a: Rotom-Wash|Rotom-Wash, shiny|241\/241
|turn|3
|
|switch|p2a: Celebi|Celebi|404\/404
|-damage|p2a: Celebi|354\/404|[from] Stealth Rock
|move|p1a: Rotom-Wash|Hydro Pump|p2a: Celebi
|-resisted|p2a: Celebi
|-damage|p2a: Celebi|206\/404
|
|-heal|p2a: Celebi|231\/404|[from] item: Leftovers
|turn|4
|
|switch|p1a: Talonflame|Talonflame, M|297\/297
|move|p2a: Celebi|Substitute|p2a: Celebi
|-start|p2a: Celebi|Substitute
|-damage|p2a: Celebi|130\/404
|
|-heal|p2a: Celebi|155\/404|[from] item: Leftovers
|turn|5
|
|move|p1a: Talonflame|U-turn|p2a: Celebi
|-supereffective|p2a: Celebi
|-end|p2a: Celebi|Substitute
|
|switch|p1a: Bisharp|Bisharp, F|271\/271
|move|p2a: Celebi|Recover|p2a: Celebi
|-heal|p2a: Celebi|357\/404
|
|-heal|p2a: Celebi|382\/404|[from] item: Leftovers
|turn|6
|
|switch|p2a: Keldeo|Keldeo|323\/323
|-damage|p2a: Keldeo|303\/323|[from] Stealth Rock
|switch|p1a: Talonflame|Talonflame, M|297\/297
|
|turn|7
|
|switch|p2a: Landorus-Therian|Landorus-Therian, M|325\/325
|-damage|p2a: Landorus-Therian|285\/325|[from] Stealth Rock
|-ability|p2a: Landorus-Therian|Intimidate|[of] p1a: Talonflame
|-unboost|p1a: Talonflame|atk|1
|move|p1a: Talonflame|U-turn|p2a: Landorus-Therian
|-resisted|p2a: Landorus-Therian
|-damage|p2a: Landorus-Therian|247\/325
|
|switch|p1a: Rotom-Wash|Rotom-Wash, shiny|241\/241
|
|turn|8
|
|move|p2a: Landorus-Therian|U-turn|p1a: Rotom-Wash
|-damage|p1a: Rotom-Wash|154\/241
|
|switch|p2a: Celebi|Celebi|382\/404
|-damage|p2a: Celebi|332\/404|[from] Stealth Rock
|move|p1a: Rotom-Wash|Volt Switch|p2a: Celebi
|-resisted|p2a: Celebi
|-damage|p2a: Celebi|246\/404
|
|switch|p1a: Talonflame|Talonflame, M|297\/297
|
|-heal|p2a: Celebi|271\/404|[from] item: Leftovers
|turn|9
|
|switch|p2a: Heatran|Heatran, M|386\/386
|-damage|p2a: Heatran|338\/386|[from] Stealth Rock
|move|p1a: Talonflame|U-turn|p2a: Heatran
|-resisted|p2a: Heatran
|-damage|p2a: Heatran|317\/386
|
|switch|p1a: Rotom-Wash|Rotom-Wash, shiny|154\/241
|
|-heal|p2a: Heatran|341\/386|[from] item: Leftovers
|turn|10
|
|move|p1a: Rotom-Wash|Hydro Pump|p2a: Heatran|[miss]
|-miss|p1a: Rotom-Wash|p2a: Heatran
|move|p2a: Heatran|Stealth Rock|p1a: Rotom-Wash
|-sidestart|p1: NYChillen|move: Stealth Rock
|
|-heal|p2a: Heatran|365\/386|[from] item: Leftovers
|turn|11
|c|âCaptain Jiggs|srry :l
|
|move|p1a: Rotom-Wash|Hydro Pump|p2a: Heatran
|-supereffective|p2a: Heatran
|-damage|p2a: Heatran|0 fnt
|faint|p2a: Heatran
|
|c|âNYChillen|dont apologize lol
|c|âNYChillen|i decided to use hydro
|c|âCaptain Jiggs|lol
|c|âCaptain Jiggs|oml
|c|âCaptain Jiggs|scarfed rotom
|c|âCaptain Jiggs|havent seen that in a while
|c|âNYChillen|knowing it can miss 15% of the tie
|c|âNYChillen|lol
|c|âNYChillen|yea its ok
|
|switch|p2a: Celebi|Celebi|271\/404
|-damage|p2a: Celebi|221\/404|[from] Stealth Rock
|turn|12
|
|switch|p1a: Talonflame|Talonflame, M|297\/297
|-damage|p1a: Talonflame|149\/297|[from] Stealth Rock
|move|p2a: Celebi|Baton Pass|p2a: Celebi
|
|switch|p2a: Raikou|Raikou|322\/322
|-damage|p2a: Raikou|282\/322|[from] Stealth Rock
|-ability|p2a: Raikou|Pressure
|
|-heal|p2a: Raikou|302\/322|[from] item: Leftovers
|turn|13
|
|switch|p1a: Rotom-Wash|Rotom-Wash, shiny|154\/241
|-damage|p1a: Rotom-Wash|124\/241|[from] Stealth Rock
|move|p2a: Raikou|Volt Switch|p1a: Rotom-Wash
|-damage|p1a: Rotom-Wash|9\/241
|
|switch|p2a: Landorus-Therian|Landorus-Therian, M|247\/325
|-damage|p2a: Landorus-Therian|207\/325|[from] Stealth Rock
|-ability|p2a: Landorus-Therian|Intimidate|[of] p1a: Rotom-Wash
|-unboost|p1a: Rotom-Wash|atk|1
|
|turn|14
|
|move|p2a: Landorus-Therian|U-turn|p1a: Rotom-Wash
|-damage|p1a: Rotom-Wash|0 fnt
|faint|p1a: Rotom-Wash
|
|switch|p2a: Gardevoir|Gardevoir, F|277\/277
|-damage|p2a: Gardevoir|243\/277|[from] Stealth Rock
|
|
|switch|p1a: Azumarill|Azumarill, M|401\/401
|-ability|p2a: Gardevoir|Huge Power|[from] ability: Trace|[of] p1a: Azumarill
|-damage|p1a: Azumarill|351\/401|[from] Stealth Rock
|turn|15
|
|detailschange|p2a: Gardevoir|Gardevoir-Mega, F
|-mega|p2a: Gardevoir|Gardevoir|Gardevoirite
|move|p2a: Gardevoir|Hyper Voice|p1a: Azumarill
|-damage|p1a: Azumarill|138\/401
|move|p1a: Azumarill|Play Rough|p2a: Gardevoir
|-damage|p2a: Gardevoir|0 fnt
|faint|p2a: Gardevoir
|
|c|âCaptain Jiggs|ok
|
|switch|p2a: Celebi|Celebi|221\/404
|-damage|p2a: Celebi|171\/404|[from] Stealth Rock
|turn|16
|c|âCaptain Jiggs|smogon pls go faster lel
|
|move|p2a: Celebi|Giga Drain|p1a: Azumarill
|-supereffective|p1a: Azumarill
|-damage|p1a: Azumarill|0 fnt
|-heal|p2a: Celebi|240\/404|[from] drain|[of] p1a: Azumarill
|faint|p1a: Azumarill
|
|-heal|p2a: Celebi|265\/404|[from] item: Leftovers
|c|âNYChillen|lag sucks lol
|c|âCaptain Jiggs|ikr xD
|
|switch|p1a: Bisharp|Bisharp, F|271\/271
|-damage|p1a: Bisharp|255\/271|[from] Stealth Rock
|turn|17
|
|move|p2a: Celebi|Substitute|p2a: Celebi
|-start|p2a: Celebi|Substitute
|-damage|p2a: Celebi|164\/404
|move|p1a: Bisharp|Knock Off|p2a: Celebi
|-supereffective|p2a: Celebi
|-end|p2a: Celebi|Substitute
|
|-heal|p2a: Celebi|189\/404|[from] item: Leftovers
|turn|18
|
|move|p2a: Celebi|Baton Pass|p2a: Celebi
|
|switch|p2a: Keldeo|Keldeo|303\/323
|-damage|p2a: Keldeo|283\/323|[from] Stealth Rock
|move|p1a: Bisharp|Knock Off|p2a: Keldeo
|-resisted|p2a: Keldeo
|-damage|p2a: Keldeo|163\/323
|-boost|p2a: Keldeo|atk|1|[from] ability: Justified
|-enditem|p2a: Keldeo|Choice Specs|[from] move: Knock Off|[of] p1a: Bisharp
|
|turn|19
|
|switch|p2a: Landorus-Therian|Landorus-Therian, M|207\/325
|-damage|p2a: Landorus-Therian|167\/325|[from] Stealth Rock
|-ability|p2a: Landorus-Therian|Intimidate|[of] p1a: Bisharp
|-unboost|p1a: Bisharp|atk|1
|-boost|p1a: Bisharp|atk|2|[from] ability: Defiant
|switch|p1a: Latias|Latias, F|319\/319
|-damage|p1a: Latias|280\/319|[from] Stealth Rock
|
|turn|20
|
|switch|p1a: Talonflame|Talonflame, M|149\/297
|-damage|p1a: Talonflame|1\/297|[from] Stealth Rock
|move|p2a: Landorus-Therian|Knock Off|p1a: Talonflame
|-damage|p1a: Talonflame|0 fnt
|-enditem|p1a: Talonflame|Choice Band|[from] move: Knock Off|[of] p2a: Landorus-Therian
|faint|p1a: Talonflame
|
|
|switch|p1a: Bisharp|Bisharp, F|255\/271
|-damage|p1a: Bisharp|239\/271|[from] Stealth Rock
|turn|21
|c|âCaptain Jiggs|if ur SD i lost lol
|c|âNYChillen|nah
|
|switch|p2a: Celebi|Celebi|189\/404
|-damage|p2a: Celebi|139\/404|[from] Stealth Rock
|move|p1a: Bisharp|Swords Dance|p1a: Bisharp
|-boost|p1a: Bisharp|atk|2
|
|-heal|p2a: Celebi|164\/404|[from] item: Leftovers
|turn|22
|c|âCaptain Jiggs|yup gg xD
|c|âNYChillen|lol
|c|âCaptain Jiggs|shoulda u turned
|c|âCaptain Jiggs|horrible play by me ;-;
|
|move|p2a: Celebi|Substitute|p2a: Celebi
|-start|p2a: Celebi|Substitute
|-damage|p2a: Celebi|63\/404
|move|p1a: Bisharp|Knock Off|p2a: Celebi
|-supereffective|p2a: Celebi
|-end|p2a: Celebi|Substitute
|
|-heal|p2a: Celebi|88\/404|[from] item: Leftovers
|turn|23
|c|âNYChillen|lati coulda came in on everything and ohkoe'd with draco i think
|c|âCaptain Jiggs|unless for some reason u dont have sucker punch lel
|
|move|p2a: Celebi|Giga Drain|p1a: Bisharp
|-resisted|p1a: Bisharp
|-damage|p1a: Bisharp|176\/271
|-heal|p2a: Celebi|120\/404|[from] drain|[of] p1a: Bisharp
|move|p1a: Bisharp|Knock Off|p2a: Celebi
|-supereffective|p2a: Celebi
|-damage|p2a: Celebi|0 fnt
|-enditem|p2a: Celebi|Leftovers|[from] move: Knock Off|[of] p1a: Bisharp
|faint|p2a: Celebi
|
|c|âCaptain Jiggs|well
|c|âCaptain Jiggs|nvm
|c|âCaptain Jiggs|its a 50 50 here
|
|switch|p2a: Raikou|Raikou|302\/322
|-damage|p2a: Raikou|262\/322|[from] Stealth Rock
|-ability|p2a: Raikou|Pressure
|turn|24
|c|âCaptain Jiggs|with raikoie
|c|âNYChillen|i like sub pass on celebi
|c|âCaptain Jiggs|ye its fun xD
|c|âCaptain Jiggs|dam if only this team had sub cm raikou lel
|
|move|p1a: Bisharp|Sucker Punch|p2a: Raikou
|-damage|p2a: Raikou|0 fnt
|faint|p2a: Raikou
|
|
|switch|p2a: Keldeo|Keldeo|163\/323
|-damage|p2a: Keldeo|143\/323|[from] Stealth Rock
|turn|25
|
|switch|p2a: Landorus-Therian|Landorus-Therian, M|167\/325
|-damage|p2a: Landorus-Therian|127\/325|[from] Stealth Rock
|-ability|p2a: Landorus-Therian|Intimidate|[of] p1a: Bisharp
|-unboost|p1a: Bisharp|atk|1
|-boost|p1a: Bisharp|atk|2|[from] ability: Defiant
|switch|p1a: Latias|Latias, F|280\/319
|-damage|p1a: Latias|241\/319|[from] Stealth Rock
|
|turn|26
|c|âCaptain Jiggs|u know +2 sucker kills keldeo right?
|c|âNYChillen|yea
|c|âNYChillen|coulda been sub+cm
|c|âCaptain Jiggs|remeber u knocked off my specs
|c|âNYChillen|forgot xD
|c|âCaptain Jiggs|u still win tho lel
|c|âCaptain Jiggs|unless u turn crit
|
|switch|p1a: Bisharp|Bisharp, F|176\/271
|-damage|p1a: Bisharp|160\/271|[from] Stealth Rock
|move|p2a: Landorus-Therian|U-turn|p1a: Bisharp
|-damage|p1a: Bisharp|72\/271
|
|switch|p2a: Keldeo|Keldeo|143\/323
|-damage|p2a: Keldeo|123\/323|[from] Stealth Rock
|
|turn|27
|
|switch|p1a: Latias|Latias, F|241\/319
|-damage|p1a: Latias|202\/319|[from] Stealth Rock
|move|p2a: Keldeo|Scald|p1a: Latias
|-resisted|p1a: Latias
|-damage|p1a: Latias|150\/319
|-status|p1a: Latias|brn
|
|-damage|p1a: Latias|111\/319 brn|[from] brn
|turn|28
|
|move|p1a: Latias|Psyshock|p2a: Keldeo
|-supereffective|p2a: Keldeo
|-damage|p2a: Keldeo|0 fnt
|-damage|p1a: Latias|80\/319 brn|[from] item: Life Orb
|faint|p2a: Keldeo
|
|-damage|p1a: Latias|41\/319 brn|[from] brn
|c|âNYChillen|gg
|c|âCaptain Jiggs|gg
|
|switch|p2a: Landorus-Therian|Landorus-Therian, M|127\/325
|-damage|p2a: Landorus-Therian|87\/325|[from] Stealth Rock
|-ability|p2a: Landorus-Therian|Intimidate|[of] p1a: Latias
|-unboost|p1a: Latias|atk|1
|turn|29
|
|move|p2a: Landorus-Therian|U-turn|p1a: Latias
|-supereffective|p1a: Latias
|-damage|p1a: Latias|0 fnt
|faint|p1a: Latias
|
|
|switch|p1a: Bisharp|Bisharp, F|72\/271
|-damage|p1a: Bisharp|56\/271|[from] Stealth Rock
|turn|30
|c|âCaptain Jiggs|inb4 misclick
|c|âNYChillen|you played very well toward the end my dude
|
|move|p1a: Bisharp|Sucker Punch|p2a: Landorus-Therian
|-damage|p2a: Landorus-Therian|0 fnt
|faint|p2a: Landorus-Therian
|
|win|NYChillen
|raw|Ladder updating...
|raw|NYChillen's rating: 1576 &rarr; <strong>1594<\/strong><br \/>(+18 for winning)
|raw|Captain Jiggs's rating: 1538 &rarr; <strong>1520<\/strong><br \/>(-18 for losing)
|c|âCaptain Jiggs|thx lol
|c|âCaptain Jiggs|doesnt matter tho ;-;
|c|âNYChillen|meh i had better matchup
|c|âCaptain Jiggs|that rotom caught me off guard XD
|c|âNYChillen|gg tho