|join|Terra-Freak
|join|NYChillen
|player|p1|Terra-Freak|169
|player|p2|NYChillen|135
|gametype|singles
|gen|6
|tier|OU (suspect test)
|rated
|clearpoke
|poke|p1|Altaria, F
|poke|p1|Tyranitar, F
|poke|p1|Excadrill, F
|poke|p1|Keldeo-Resolute
|poke|p1|Ferrothorn, F
|poke|p1|Celebi
|poke|p2|Pinsir, F
|poke|p2|Thundurus, M, shiny
|poke|p2|Excadrill, F
|poke|p2|Keldeo-Resolute
|poke|p2|Azelf
|poke|p2|Kyurem-Black, shiny
|rule|Swagger Clause: Swagger is banned
|rule|Baton Pass Clause: Limit one PokÃ©mon knowing Baton Pass
|rule|Sleep Clause Mod: Limit one foe put to sleep
|rule|Species Clause: Limit one of each PokÃ©mon
|rule|OHKO Clause: OHKO moves are banned
|rule|Moody Clause: Moody is banned
|rule|Evasion Moves Clause: Evasion moves are banned
|rule|Endless Battle Clause: Forcing endless battles is banned
|rule|HP Percentage Mod: HP is shown in percentages
|teampreview
|
|start
|switch|p1a: Tyranitar|Tyranitar, F|404\/404
|switch|p2a: Azelf|Azelf|291\/291
|-weather|Sandstorm
|turn|1
|
|move|p2a: Azelf|Stealth Rock|p1a: Tyranitar
|-sidestart|p1: Terra-Freak|move: Stealth Rock
|move|p1a: Tyranitar|Stone Edge|p2a: Azelf
|-damage|p2a: Azelf|62\/291
|
|-weather|Sandstorm|[upkeep]
|-damage|p2a: Azelf|44\/291|[from] sandstorm
|turn|2
|join|AvShip on ladder
|
|move|p2a: Azelf|Taunt|p1a: Tyranitar
|-start|p1a: Tyranitar|move: Taunt
|cant|p1a: Tyranitar|move: Taunt|Stealth Rock
|
|-weather|Sandstorm|[upkeep]
|-damage|p2a: Azelf|26\/291|[from] sandstorm
|turn|3
|c|âNYChillen|focus blast
|
|move|p2a: Azelf|Explosion|p1a: Tyranitar
|-resisted|p1a: Tyranitar
|-damage|p1a: Tyranitar|304\/404
|faint|p2a: Azelf
|move|p1a: Tyranitar|Ice Beam|p2: Azelf|[notarget]
|-notarget
|
|-weather|Sandstorm|[upkeep]
|
|switch|p2a: Pinsir|Pinsir, F|271\/271
|turn|4
|
|switch|p1a: Celebi|Celebi|403\/403
|-damage|p1a: Celebi|353\/403|[from] Stealth Rock
|detailschange|p2a: Pinsir|Pinsir-Mega, F
|-mega|p2a: Pinsir|Pinsir|Pinsirite
|move|p2a: Pinsir|Close Combat|p1a: Celebi
|-resisted|p1a: Celebi
|-damage|p1a: Celebi|292\/403
|-unboost|p2a: Pinsir|def|1
|-unboost|p2a: Pinsir|spd|1
|
|-weather|Sandstorm|[upkeep]
|-damage|p2a: Pinsir|255\/271|[from] sandstorm
|-damage|p1a: Celebi|267\/403|[from] sandstorm
|-heal|p1a: Celebi|292\/403|[from] item: Leftovers
|turn|5
|
|switch|p1a: Excadrill|Excadrill, F|361\/361
|-damage|p1a: Excadrill|350\/361|[from] Stealth Rock
|move|p2a: Pinsir|Return|p1a: Excadrill
|-resisted|p1a: Excadrill
|-damage|p1a: Excadrill|139\/361
|
|-weather|Sandstorm|[upkeep]
|-damage|p2a: Pinsir|239\/271|[from] sandstorm
|turn|6
|
|switch|p2a: Thundurus|Thundurus, M, shiny|299\/299
|move|p1a: Excadrill|Iron Head|p2a: Thundurus
|-resisted|p2a: Thundurus
|-damage|p2a: Thundurus|148\/299
|-damage|p1a: Excadrill|103\/361|[from] item: Life Orb
|
|-weather|Sandstorm|[upkeep]
|-damage|p2a: Thundurus|130\/299|[from] sandstorm
|turn|7
|
|switch|p2a: Keldeo-Resolute|Keldeo-Resolute|322\/322
|move|p1a: Excadrill|Iron Head|p2a: Keldeo-Resolute
|-resisted|p2a: Keldeo-Resolute
|-damage|p2a: Keldeo-Resolute|210\/322
|-damage|p1a: Excadrill|67\/361|[from] item: Life Orb
|
|-weather|Sandstorm|[upkeep]
|-damage|p2a: Keldeo-Resolute|190\/322|[from] sandstorm
|turn|8
|
|switch|p2a: Thundurus|Thundurus, M, shiny|130\/299
|move|p1a: Excadrill|Iron Head|p2a: Thundurus
|-resisted|p2a: Thundurus
|-damage|p2a: Thundurus|0 fnt
|-damage|p1a: Excadrill|31\/361|[from] item: Life Orb
|faint|p2a: Thundurus
|
|-weather|none
|
|switch|p2a: Keldeo-Resolute|Keldeo-Resolute|190\/322
|turn|9
|
|switch|p1a: Celebi|Celebi|292\/403
|-damage|p1a: Celebi|242\/403|[from] Stealth Rock
|move|p2a: Keldeo-Resolute|Secret Sword|p1a: Celebi
|-resisted|p1a: Celebi
|-damage|p1a: Celebi|158\/403
|
|-heal|p1a: Celebi|183\/403|[from] item: Leftovers
|turn|10
|
|switch|p2a: Kyurem-Black|Kyurem-Black, shiny|391\/391
|-ability|p2a: Kyurem-Black|Teravolt
|move|p1a: Celebi|Recover|p1a: Celebi
|-heal|p1a: Celebi|385\/403
|
|-heal|p1a: Celebi|403\/403|[from] item: Leftovers
|turn|11
|
|switch|p1a: Tyranitar|Tyranitar, F|304\/404
|-damage|p1a: Tyranitar|254\/404|[from] Stealth Rock
|-weather|Sandstorm
|move|p2a: Kyurem-Black|Ice Beam|p1a: Tyranitar
|-damage|p1a: Tyranitar|118\/404
|-damage|p2a: Kyurem-Black|352\/391|[from] item: Life Orb
|
|-weather|Sandstorm|[upkeep]
|-damage|p2a: Kyurem-Black|328\/391|[from] sandstorm
|turn|12
|
|move|p2a: Kyurem-Black|Earth Power|p1a: Tyranitar
|-supereffective|p1a: Tyranitar
|-damage|p1a: Tyranitar|0 fnt
|-damage|p2a: Kyurem-Black|289\/391|[from] item: Life Orb
|faint|p1a: Tyranitar
|
|-weather|Sandstorm|[upkeep]
|-damage|p2a: Kyurem-Black|265\/391|[from] sandstorm
|
|switch|p1a: Excadrill|Excadrill, F|31\/361
|-damage|p1a: Excadrill|20\/361|[from] Stealth Rock
|turn|13
|
|switch|p2a: Keldeo-Resolute|Keldeo-Resolute|190\/322
|move|p1a: Excadrill|Iron Head|p2a: Keldeo-Resolute
|-resisted|p2a: Keldeo-Resolute
|-damage|p2a: Keldeo-Resolute|72\/322
|-damage|p1a: Excadrill|0 fnt|[from] item: Life Orb
|faint|p1a: Excadrill
|
|-weather|Sandstorm|[upkeep]
|-damage|p2a: Keldeo-Resolute|52\/322|[from] sandstorm
|
|switch|p1a: Altaria|Altaria, F|311\/311
|-damage|p1a: Altaria|234\/311|[from] Stealth Rock
|turn|14
|
|switch|p2a: Excadrill|Excadrill, F|361\/361
|-ability|p2a: Excadrill|Mold Breaker
|detailschange|p1a: Altaria|Altaria-Mega, F
|-mega|p1a: Altaria|Altaria|Altarianite
|move|p1a: Altaria|Roost|p1a: Altaria
|-heal|p1a: Altaria|311\/311
|
|-weather|Sandstorm|[upkeep]
|-damage|p1a: Altaria|292\/311|[from] sandstorm
|turn|15
|
|switch|p2a: Keldeo-Resolute|Keldeo-Resolute|52\/322
|switch|p1a: Ferrothorn|Ferrothorn, F|352\/352
|-damage|p1a: Ferrothorn|330\/352|[from] Stealth Rock
|
|-weather|Sandstorm|[upkeep]
|-damage|p2a: Keldeo-Resolute|32\/322|[from] sandstorm
|-heal|p1a: Ferrothorn|352\/352|[from] item: Leftovers
|turn|16
|
|move|p1a: Ferrothorn|Protect|p1a: Ferrothorn
|-singleturn|p1a: Ferrothorn|Protect
|move|p2a: Keldeo-Resolute|Hidden Power|p1a: Ferrothorn
|-activate|p1a: Ferrothorn|Protect
|
|-weather|Sandstorm|[upkeep]
|-damage|p2a: Keldeo-Resolute|12\/322|[from] sandstorm
|turn|17
|
|switch|p2a: Kyurem-Black|Kyurem-Black, shiny|265\/391
|-ability|p2a: Kyurem-Black|Teravolt
|move|p1a: Ferrothorn|Spikes|p2a: Kyurem-Black
|-sidestart|p2: NYChillen|Spikes
|
|-weather|Sandstorm|[upkeep]
|-damage|p2a: Kyurem-Black|241\/391|[from] sandstorm
|turn|18
|
|move|p1a: Ferrothorn|Protect|p1a: Ferrothorn
|-singleturn|p1a: Ferrothorn|Protect
|move|p2a: Kyurem-Black|Ice Beam|p1a: Ferrothorn
|-activate|p1a: Ferrothorn|Protect
|
|-weather|none
|turn|19
|
|move|p2a: Kyurem-Black|Ice Beam|p1a: Ferrothorn
|-damage|p1a: Ferrothorn|210\/352
|-damage|p2a: Kyurem-Black|202\/391|[from] item: Life Orb
|move|p1a: Ferrothorn|Leech Seed|p2a: Kyurem-Black
|-start|p2a: Kyurem-Black|move: Leech Seed
|
|-heal|p1a: Ferrothorn|232\/352|[from] item: Leftovers
|-damage|p2a: Kyurem-Black|154\/391|[from] Leech Seed|[of] p1a: Ferrothorn
|-heal|p1a: Ferrothorn|280\/352|[silent]
|turn|20
|
|move|p1a: Ferrothorn|Protect|p1a: Ferrothorn
|-singleturn|p1a: Ferrothorn|Protect
|move|p2a: Kyurem-Black|Roost|p2a: Kyurem-Black
|-heal|p2a: Kyurem-Black|350\/391
|
|-heal|p1a: Ferrothorn|302\/352|[from] item: Leftovers
|-damage|p2a: Kyurem-Black|302\/391|[from] Leech Seed|[of] p1a: Ferrothorn
|-heal|p1a: Ferrothorn|350\/352|[silent]
|turn|21
|
|switch|p1a: Keldeo-Resolute|Keldeo-Resolute|323\/323
|-damage|p1a: Keldeo-Resolute|303\/323|[from] Stealth Rock
|move|p2a: Kyurem-Black|Ice Beam|p1a: Keldeo-Resolute
|-resisted|p1a: Keldeo-Resolute
|-damage|p1a: Keldeo-Resolute|194\/323
|-damage|p2a: Kyurem-Black|263\/391|[from] item: Life Orb
|
|-damage|p2a: Kyurem-Black|215\/391|[from] Leech Seed|[of] p1a: Keldeo-Resolute
|-heal|p1a: Keldeo-Resolute|242\/323|[silent]
|turn|22
|
|move|p1a: Keldeo-Resolute|Scald|p2a: Kyurem-Black
|-resisted|p2a: Kyurem-Black
|-damage|p2a: Kyurem-Black|92\/391
|move|p2a: Kyurem-Black|Fusion Bolt|p1a: Keldeo-Resolute
|-supereffective|p1a: Keldeo-Resolute
|-damage|p1a: Keldeo-Resolute|0 fnt
|-damage|p2a: Kyurem-Black|53\/391|[from] item: Life Orb
|faint|p1a: Keldeo-Resolute
|
|
|switch|p1a: Celebi|Celebi|403\/403
|-damage|p1a: Celebi|353\/403|[from] Stealth Rock
|turn|23
|
|move|p2a: Kyurem-Black|Ice Beam|p1a: Celebi
|-supereffective|p1a: Celebi
|-damage|p1a: Celebi|0 fnt
|-damage|p2a: Kyurem-Black|14\/391|[from] item: Life Orb
|faint|p1a: Celebi
|
|
|switch|p1a: Ferrothorn|Ferrothorn, F|350\/352
|-damage|p1a: Ferrothorn|328\/352|[from] Stealth Rock
|turn|24
|
|move|p1a: Ferrothorn|Protect|p1a: Ferrothorn
|-singleturn|p1a: Ferrothorn|Protect
|move|p2a: Kyurem-Black|Roost|p2a: Kyurem-Black
|-heal|p2a: Kyurem-Black|210\/391
|
|-heal|p1a: Ferrothorn|350\/352|[from] item: Leftovers
|-damage|p2a: Kyurem-Black|162\/391|[from] Leech Seed|[of] p1a: Ferrothorn
|-heal|p1a: Ferrothorn|352\/352|[silent]
|turn|25
|
|move|p2a: Kyurem-Black|Ice Beam|p1a: Ferrothorn
|-damage|p1a: Ferrothorn|216\/352
|-damage|p2a: Kyurem-Black|123\/391|[from] item: Life Orb
|move|p1a: Ferrothorn|Gyro Ball|p2a: Kyurem-Black
|-supereffective|p2a: Kyurem-Black
|-damage|p2a: Kyurem-Black|0 fnt
|faint|p2a: Kyurem-Black
|
|-heal|p1a: Ferrothorn|238\/352|[from] item: Leftovers
|
|switch|p2a: Pinsir|Pinsir-Mega, F|239\/271
|turn|26
|
|move|p1a: Ferrothorn|Protect|p1a: Ferrothorn
|-singleturn|p1a: Ferrothorn|Protect
|move|p2a: Pinsir|Swords Dance|p2a: Pinsir
|-boost|p2a: Pinsir|atk|2
|
|-heal|p1a: Ferrothorn|260\/352|[from] item: Leftovers
|turn|27
|c|âTerra-Freak|FUCK
|c|âNYChillen|gg
|c|âTerra-Freak|CANCEL MISSKLICK
|c|âNYChillen|what were you gonna do?
|c|âTerra-Freak|i klick on gyro ball
|c|âTerra-Freak|well
|c|âTerra-Freak|gg
|
|move|p1a: Ferrothorn|Protect|p1a: Ferrothorn
|-fail|p1a: Ferrothorn
|move|p2a: Pinsir|Close Combat|p1a: Ferrothorn
|-supereffective|p1a: Ferrothorn
|-damage|p1a: Ferrothorn|0 fnt
|-damage|p2a: Pinsir|206\/271|[from] ability: Iron Barbs|[of] p1a: Ferrothorn
|-unboost|p2a: Pinsir|def|1
|-unboost|p2a: Pinsir|spd|1
|faint|p1a: Ferrothorn
|
|c|âNYChillen|0 Atk Ferrothorn Gyro Ball (111 BP) vs. 0 HP \/ 4 Def Mega Pinsir: 97-115 (35.7 - 42.4%) -- guaranteed 3HKO
|
|switch|p1a: Altaria|Altaria-Mega, F|292\/311
|-damage|p1a: Altaria|254\/311|[from] Stealth Rock
|turn|28
|c|âTerra-Freak|k
|c|âNYChillen|gg
|c|âTerra-Freak|gg
|
|move|p2a: Pinsir|Return|p1a: Altaria
|-damage|p1a: Altaria|0 fnt
|faint|p1a: Altaria
|
|win|NYChillen
|raw|Ladder updating...
|leave|Terra-Freak
|raw|Terra-Freak's rating: 1423 &rarr; <strong>1399<\/strong><br \/>(-24 for losing)
|raw|NYChillen's rating: 1351 &rarr; <strong>1375<\/strong><br \/>(+24 for winning)