|join|NYChillen
|join|CheckmateWeee
|player|p1|NYChillen|135
|player|p2|CheckmateWeee|266
|gametype|singles
|gen|6
|tier|OU (suspect test)
|rated
|clearpoke
|poke|p1|Pinsir, M
|poke|p1|Thundurus, M, shiny
|poke|p1|Excadrill, F
|poke|p1|Keldeo-Resolute
|poke|p1|Azelf
|poke|p1|Kyurem-Black, shiny
|poke|p2|Gyarados, M
|poke|p2|Talonflame, M
|poke|p2|Sylveon, F
|poke|p2|Gliscor, M
|poke|p2|Latias, F
|poke|p2|Kyurem-Black
|rule|Swagger Clause: Swagger is banned
|rule|Baton Pass Clause: Limit one PokÃ©mon knowing Baton Pass
|rule|Sleep Clause Mod: Limit one foe put to sleep
|rule|Species Clause: Limit one of each PokÃ©mon
|rule|OHKO Clause: OHKO moves are banned
|rule|Moody Clause: Moody is banned
|rule|Evasion Moves Clause: Evasion moves are banned
|rule|Endless Battle Clause: Forcing endless battles is banned
|rule|HP Percentage Mod: HP is shown in percentages
|teampreview
|
|start
|switch|p1a: Azelf|Azelf|291\/291
|switch|p2a: Talonflame|Talonflame, M|345\/345
|turn|1
|
|move|p2a: Talonflame|Brave Bird|p1a: Azelf
|-damage|p1a: Azelf|29\/291
|-damage|p2a: Talonflame|259\/345|[from] recoil|[of] p1a: Azelf
|move|p1a: Azelf|Stealth Rock|p2a: Talonflame
|-sidestart|p2: CheckmateWeee|move: Stealth Rock
|
|turn|2
|
|move|p2a: Talonflame|Brave Bird|p1a: Azelf
|-damage|p1a: Azelf|0 fnt
|-damage|p2a: Talonflame|249\/345|[from] recoil|[of] p1a: Azelf
|faint|p1a: Azelf
|
|
|switch|p1a: Thundurus|Thundurus, M, shiny|299\/299
|turn|3
|
|switch|p2a: Sylveon|Sylveon, F|394\/394
|-damage|p2a: Sylveon|345\/394|[from] Stealth Rock
|move|p1a: Thundurus|Knock Off|p2a: Sylveon
|-resisted|p2a: Sylveon
|-damage|p2a: Sylveon|288\/394
|-enditem|p2a: Sylveon|Leftovers|[from] move: Knock Off|[of] p1a: Thundurus
|-damage|p1a: Thundurus|270\/299|[from] item: Life Orb
|
|turn|4
|
|switch|p1a: Excadrill|Excadrill, F|361\/361
|-ability|p1a: Excadrill|Mold Breaker
|move|p2a: Sylveon|Baton Pass|p2a: Sylveon
|
|switch|p2a: Gliscor|Gliscor, M|352\/352
|-damage|p2a: Gliscor|308\/352|[from] Stealth Rock
|
|-status|p2a: Gliscor|tox|[from] item: Toxic Orb
|turn|5
|c|âNYChillen|nice
|
|switch|p1a: Kyurem-Black|Kyurem-Black, shiny|391\/391
|-ability|p1a: Kyurem-Black|Teravolt
|move|p2a: Gliscor|Stealth Rock|p1a: Kyurem-Black
|-sidestart|p1: NYChillen|move: Stealth Rock
|
|-heal|p2a: Gliscor|352\/352 tox|[from] ability: Poison Heal
|turn|6
|
|switch|p2a: Sylveon|Sylveon, F|288\/394
|-damage|p2a: Sylveon|239\/394|[from] Stealth Rock
|move|p1a: Kyurem-Black|Ice Beam|p2a: Sylveon
|-damage|p2a: Sylveon|82\/394
|-damage|p1a: Kyurem-Black|352\/391|[from] item: Life Orb
|
|turn|7
|
|move|p1a: Kyurem-Black|Ice Beam|p2a: Sylveon
|-crit|p2a: Sylveon
|-damage|p2a: Sylveon|0 fnt
|-damage|p1a: Kyurem-Black|313\/391|[from] item: Life Orb
|faint|p2a: Sylveon
|
|
|switch|p2a: Latias|Latias, F|319\/319
|-damage|p2a: Latias|280\/319|[from] Stealth Rock
|turn|8
|
|move|p2a: Latias|Draco Meteor|p1a: Kyurem-Black
|-supereffective|p1a: Kyurem-Black
|-damage|p1a: Kyurem-Black|0 fnt
|-unboost|p2a: Latias|spa|2
|-damage|p2a: Latias|249\/319|[from] item: Life Orb
|faint|p1a: Kyurem-Black
|
|
|switch|p1a: Thundurus|Thundurus, M, shiny|270\/299
|-damage|p1a: Thundurus|196\/299|[from] Stealth Rock
|turn|9
|
|switch|p2a: Kyurem-Black|Kyurem-Black|391\/391
|-damage|p2a: Kyurem-Black|294\/391|[from] Stealth Rock
|-ability|p2a: Kyurem-Black|Teravolt
|move|p1a: Thundurus|Knock Off|p2a: Kyurem-Black
|-damage|p2a: Kyurem-Black|178\/391
|-enditem|p2a: Kyurem-Black|Life Orb|[from] move: Knock Off|[of] p1a: Thundurus
|-damage|p1a: Thundurus|167\/299|[from] item: Life Orb
|
|turn|10
|
|move|p1a: Thundurus|Thunder Wave|p2a: Kyurem-Black
|-status|p2a: Kyurem-Black|par
|move|p2a: Kyurem-Black|Roost|p2a: Kyurem-Black
|-heal|p2a: Kyurem-Black|374\/391 par
|
|turn|11
|
|switch|p1a: Keldeo-Resolute|Keldeo-Resolute|322\/322
|-damage|p1a: Keldeo-Resolute|302\/322|[from] Stealth Rock
|cant|p2a: Kyurem-Black|par
|
|turn|12
|
|move|p1a: Keldeo-Resolute|Secret Sword|p2a: Kyurem-Black
|-supereffective|p2a: Kyurem-Black
|-damage|p2a: Kyurem-Black|0 fnt
|faint|p2a: Kyurem-Black
|
|
|switch|p2a: Gyarados|Gyarados, M|331\/331
|-damage|p2a: Gyarados|249\/331|[from] Stealth Rock
|-ability|p2a: Gyarados|Intimidate|[of] p1a: Keldeo-Resolute
|-unboost|p1a: Keldeo-Resolute|atk|1
|turn|13
|
|move|p1a: Keldeo-Resolute|Secret Sword|p2a: Gyarados
|-resisted|p2a: Gyarados
|-damage|p2a: Gyarados|108\/331
|move|p2a: Gyarados|Dragon Dance|p2a: Gyarados
|-boost|p2a: Gyarados|atk|1
|-boost|p2a: Gyarados|spe|1
|
|turn|14
|
|move|p2a: Gyarados|Waterfall|p1a: Keldeo-Resolute
|-resisted|p1a: Keldeo-Resolute
|-damage|p1a: Keldeo-Resolute|180\/322
|cant|p1a: Keldeo-Resolute|flinch
|
|turn|15
|
|switch|p2a: Gliscor|Gliscor, M|352\/352 tox
|-damage|p2a: Gliscor|308\/352 tox|[from] Stealth Rock
|move|p1a: Keldeo-Resolute|Secret Sword|p2a: Gliscor
|-resisted|p2a: Gliscor
|-damage|p2a: Gliscor|218\/352 tox
|
|-heal|p2a: Gliscor|262\/352 tox|[from] ability: Poison Heal
|turn|16
|
|switch|p1a: Pinsir|Pinsir, M|271\/271
|-damage|p1a: Pinsir|204\/271|[from] Stealth Rock
|move|p2a: Gliscor|Earthquake|p1a: Pinsir
|-resisted|p1a: Pinsir
|-damage|p1a: Pinsir|148\/271
|
|-heal|p2a: Gliscor|306\/352 tox|[from] ability: Poison Heal
|turn|17
|
|switch|p2a: Gyarados|Gyarados, M|108\/331
|-damage|p2a: Gyarados|26\/331|[from] Stealth Rock
|-ability|p2a: Gyarados|Intimidate|[of] p1a: Pinsir
|-fail|p1a: Pinsir|unboost|Attack|[from] ability: Hyper Cutter|[of] p1a: Pinsir
|detailschange|p1a: Pinsir|Pinsir-Mega, M
|-mega|p1a: Pinsir|Pinsir|Pinsirite
|move|p1a: Pinsir|Return|p2a: Gyarados
|-damage|p2a: Gyarados|0 fnt
|faint|p2a: Gyarados
|
|
|switch|p2a: Latias|Latias, F|249\/319
|-damage|p2a: Latias|210\/319|[from] Stealth Rock
|turn|18
|
|move|p2a: Latias|Draco Meteor|p1a: Pinsir
|-damage|p1a: Pinsir|0 fnt
|-unboost|p2a: Latias|spa|2
|-damage|p2a: Latias|179\/319|[from] item: Life Orb
|faint|p1a: Pinsir
|
|
|switch|p1a: Excadrill|Excadrill, F|361\/361
|-damage|p1a: Excadrill|350\/361|[from] Stealth Rock
|-ability|p1a: Excadrill|Mold Breaker
|turn|19
|
|switch|p1a: Keldeo-Resolute|Keldeo-Resolute|180\/322
|-damage|p1a: Keldeo-Resolute|160\/322|[from] Stealth Rock
|move|p2a: Latias|Defog|p1a: Keldeo-Resolute
|-unboost|p1a: Keldeo-Resolute|evasion|1
|-sideend|p1: NYChillen|Stealth Rock|[from] move: Defog|[of] p1a: Keldeo-Resolute
|-sideend|p2: CheckmateWeee|Stealth Rock|[from] move: Defog|[of] p2a: Latias
|
|turn|20
|
|move|p2a: Latias|Draco Meteor|p1a: Keldeo-Resolute
|-damage|p1a: Keldeo-Resolute|16\/322
|-unboost|p2a: Latias|spa|2
|-damage|p2a: Latias|148\/319|[from] item: Life Orb
|move|p1a: Keldeo-Resolute|Hydro Pump|p2a: Latias
|-resisted|p2a: Latias
|-damage|p2a: Latias|25\/319
|
|turn|21
|
|move|p2a: Latias|Healing Wish|p2a: Latias
|faint|p2a: Latias
|move|p1a: Keldeo-Resolute|Hydro Pump|p2: Latias|[notarget]
|-notarget
|
|
|switch|p2a: Talonflame|Talonflame, M|249\/345
|-heal|p2a: Talonflame|345\/345|[from] move: Healing Wish
|turn|22
|
|move|p2a: Talonflame|Brave Bird|p1a: Keldeo-Resolute
|-supereffective|p1a: Keldeo-Resolute
|-damage|p1a: Keldeo-Resolute|0 fnt
|-damage|p2a: Talonflame|340\/345|[from] recoil|[of] p1a: Keldeo-Resolute
|faint|p1a: Keldeo-Resolute
|
|
|switch|p1a: Excadrill|Excadrill, F|350\/361
|-ability|p1a: Excadrill|Mold Breaker
|turn|23
|
|switch|p1a: Thundurus|Thundurus, M, shiny|167\/299
|move|p2a: Talonflame|Flare Blitz|p1a: Thundurus
|-damage|p1a: Thundurus|0 fnt
|-damage|p2a: Talonflame|285\/345|[from] recoil|[of] p1a: Thundurus
|faint|p1a: Thundurus
|
|c|âNYChillen|gg
|
|switch|p1a: Excadrill|Excadrill, F|350\/361
|-ability|p1a: Excadrill|Mold Breaker
|turn|24
|
|move|p1a: Excadrill|Rock Slide|p2a: Talonflame
|-supereffective|p2a: Talonflame
|-damage|p2a: Talonflame|0 fnt
|faint|p2a: Talonflame
|
|c|âCheckmateWeee|why not just thundurus immediately?
|
|switch|p2a: Gliscor|Gliscor, M|306\/352 tox
|turn|25
|c|âNYChillen|i think it dies to BB
|c|âNYChillen|thought it was a 50\/50
|
|move|p1a: Excadrill|Rock Slide|p2a: Gliscor
|-damage|p2a: Gliscor|228\/352 tox
|move|p2a: Gliscor|Earthquake|p1a: Excadrill
|-supereffective|p1a: Excadrill
|-damage|p1a: Excadrill|0 fnt
|faint|p1a: Excadrill
|
|win|CheckmateWeee
|raw|Ladder updating...
|raw|NYChillen's rating: 1412 &rarr; <strong>1387<\/strong><br \/>(-25 for losing)
|raw|CheckmateWeee's rating: 1338 &rarr; <strong>1362<\/strong><br \/>(+24 for winning)
|c|âNYChillen|you didn't kno i was scarf?
|c|âCheckmateWeee|doesn't quite die to bb
|c|âNYChillen|i'll check
|c|âNYChillen|gg tho
|c|âCheckmateWeee|gg
|c|âNYChillen|want me to post the calc?
|c|âCheckmateWeee|252 Atk Sharp Beak Talonflame Brave Bird vs. 0 HP \/ 4 Def Thundurus: 114-135 (38.1 - 45.1%) -- guaranteed 3HKO
|c|âCheckmateWeee|actually
|c|âCheckmateWeee|252+ Atk Sharp Beak Talonflame Brave Bird vs. 0 HP \/ 4 Def Thundurus: 126-148 (42.1 - 49.4%) -- guaranteed 3HKO
|c|âNYChillen|252+ Atk Choice Band Talonflame Brave Bird vs. 0 HP \/ 0 Def Thundurus: 157-186 (52.5 - 62.2%) -- guaranteed 2HKO
|c|âCheckmateWeee|ah ok
|c|âCheckmateWeee|thought it was band
|c|âNYChillen|you were band right?
|c|âCheckmateWeee|nope lol
|c|âNYChillen|or sharp beak?
|c|âCheckmateWeee|sharp beak
|c|âNYChillen|wow lol
|c|âCheckmateWeee|lol
|c|âNYChillen|nice
|c|âCheckmateWeee|gg anyway
|leave|NYChillen
|player|p1