|join|Trumaerd
|join|Efsile
|player|p1|Trumaerd|170
|player|p2|Efsile|265
|gametype|singles
|gen|6
|tier|OU (suspect test)
|rated
|clearpoke
|poke|p1|Scizor, F
|poke|p1|Kingdra, M
|poke|p1|Gothitelle, M
|poke|p1|Politoed, M
|poke|p1|Kabutops, M
|poke|p1|Seismitoad, F
|poke|p2|Donphan, F
|poke|p2|Medicham, M
|poke|p2|Ferrothorn, M
|poke|p2|Chansey, F
|poke|p2|Gengar, F
|poke|p2|Rotom-Wash
|rule|Swagger Clause: Swagger is banned
|rule|Baton Pass Clause: Limit one PokÃ©mon knowing Baton Pass
|rule|Sleep Clause Mod: Limit one foe put to sleep
|rule|Species Clause: Limit one of each PokÃ©mon
|rule|OHKO Clause: OHKO moves are banned
|rule|Moody Clause: Moody is banned
|rule|Evasion Moves Clause: Evasion moves are banned
|rule|Endless Battle Clause: Forcing endless battles is banned
|rule|HP Percentage Mod: HP is shown in percentages
|teampreview
|
|start
|switch|p1a: Gothitelle|Gothitelle, M|282\/282
|switch|p2a: Ferrothorn|Ferrothorn, M|352\/352
|turn|1
|
|move|p1a: Gothitelle|Hidden Power|p2a: Ferrothorn
|-supereffective|p2a: Ferrothorn
|-damage|p2a: Ferrothorn|28\/352
|move|p2a: Ferrothorn|Leech Seed|p1a: Gothitelle|[miss]
|-miss|p2a: Ferrothorn|p1a: Gothitelle
|
|-heal|p2a: Ferrothorn|50\/352|[from] item: Leftovers
|turn|2
|
|move|p1a: Gothitelle|Hidden Power|p2a: Ferrothorn
|-supereffective|p2a: Ferrothorn
|-damage|p2a: Ferrothorn|0 fnt
|faint|p2a: Ferrothorn
|
|
|switch|p2a: Donphan|Donphan, F|383\/383
|turn|3
|
|switch|p1a: Scizor|Scizor, F|343\/343
|move|p2a: Donphan|Knock Off|p1a: Scizor
|-damage|p1a: Scizor|266\/343
|
|turn|4
|
|switch|p2a: Rotom-Wash|Rotom-Wash|303\/303
|detailschange|p1a: Scizor|Scizor-Mega, F
|-mega|p1a: Scizor|Scizor|Scizorite
|move|p1a: Scizor|Superpower|p2a: Rotom-Wash
|-crit|p2a: Rotom-Wash
|-damage|p2a: Rotom-Wash|114\/303
|-unboost|p1a: Scizor|atk|1
|-unboost|p1a: Scizor|def|1
|
|-heal|p2a: Rotom-Wash|132\/303|[from] item: Leftovers
|turn|5
|
|switch|p1a: Seismitoad|Seismitoad, F|414\/414
|move|p2a: Rotom-Wash|Pain Split|p1a: Seismitoad
|-sethp|p1a: Seismitoad|273\/414|p2a: Rotom-Wash|273\/303|[from] move: Pain Split
|
|-heal|p2a: Rotom-Wash|291\/303|[from] item: Leftovers
|-heal|p1a: Seismitoad|298\/414|[from] item: Leftovers
|turn|6
|
|move|p2a: Rotom-Wash|Will-O-Wisp|p1a: Seismitoad
|-status|p1a: Seismitoad|brn
|move|p1a: Seismitoad|Stealth Rock|p2a: Rotom-Wash
|-sidestart|p2: Efsile|move: Stealth Rock
|
|-heal|p2a: Rotom-Wash|303\/303|[from] item: Leftovers
|-heal|p1a: Seismitoad|323\/414 brn|[from] item: Leftovers
|-damage|p1a: Seismitoad|272\/414 brn|[from] brn
|turn|7
|
|switch|p2a: Chansey|Chansey, F|703\/703
|-damage|p2a: Chansey|616\/703|[from] Stealth Rock
|move|p1a: Seismitoad|Toxic|p2a: Chansey
|-status|p2a: Chansey|tox
|
|-heal|p1a: Seismitoad|297\/414 brn|[from] item: Leftovers
|-damage|p1a: Seismitoad|246\/414 brn|[from] brn
|-damage|p2a: Chansey|573\/703 tox|[from] psn
|turn|8
|
|move|p1a: Seismitoad|Knock Off|p2a: Chansey
|-damage|p2a: Chansey|527\/703 tox
|-enditem|p2a: Chansey|Eviolite|[from] move: Knock Off|[of] p1a: Seismitoad
|move|p2a: Chansey|Wish|p2a: Chansey
|
|-heal|p1a: Seismitoad|271\/414 brn|[from] item: Leftovers
|-damage|p1a: Seismitoad|220\/414 brn|[from] brn
|-damage|p2a: Chansey|441\/703 tox|[from] psn
|turn|9
|
|move|p1a: Seismitoad|Toxic|p2a: Chansey
|-fail|p2a: Chansey|tox
|move|p2a: Chansey|Heal Bell|p2a: Chansey
|-cureteam|p2a: Chansey|[from] move: HealBell
|
|-heal|p2a: Chansey|703\/703|[from] move: Wish|[wisher] Chansey
|-heal|p1a: Seismitoad|245\/414 brn|[from] item: Leftovers
|-damage|p1a: Seismitoad|194\/414 brn|[from] brn
|turn|10
|
|switch|p1a: Gothitelle|Gothitelle, M|282\/282
|move|p2a: Chansey|Seismic Toss|p1a: Gothitelle
|-damage|p1a: Gothitelle|182\/282
|
|turn|11
|
|move|p1a: Gothitelle|Trick|p2a: Chansey
|-activate|p1a: Gothitelle|move: Trick|[of] p2a: Chansey
|-item|p2a: Chansey|Choice Specs|[from] move: Trick
|move|p2a: Chansey|Wish|p2a: Chansey
|
|turn|12
|c|âEfsile|i seismic omg
|
|move|p1a: Gothitelle|Psychic|p2a: Chansey
|-crit|p2a: Chansey
|-damage|p2a: Chansey|529\/703
|move|p2a: Chansey|Wish|p2a: Chansey
|-fail|p2a: Chansey
|
|-heal|p2a: Chansey|703\/703|[from] move: Wish|[wisher] Chansey
|turn|13
|
|switch|p1a: Politoed|Politoed, M|384\/384
|-weather|RainDance
|move|p2a: Chansey|Wish|p2a: Chansey
|
|-weather|RainDance|[upkeep]
|turn|14
|
|switch|p2a: Donphan|Donphan, F|383\/383
|-damage|p2a: Donphan|360\/383|[from] Stealth Rock
|move|p1a: Politoed|Hypnosis|p2a: Donphan
|-status|p2a: Donphan|slp
|
|-weather|RainDance|[upkeep]
|-heal|p2a: Donphan|383\/383 slp|[from] move: Wish|[wisher] Chansey
|turn|15
|
|switch|p2a: Chansey|Chansey, F|703\/703
|-damage|p2a: Chansey|616\/703|[from] Stealth Rock
|move|p1a: Politoed|Scald|p2a: Chansey
|-damage|p2a: Chansey|486\/703
|-status|p2a: Chansey|brn
|
|-weather|RainDance|[upkeep]
|-damage|p2a: Chansey|399\/703 brn|[from] brn
|turn|16
|
|move|p1a: Politoed|Encore|p2a: Chansey
|-fail|p2a: Chansey
|move|p2a: Chansey|Heal Bell|p2a: Chansey
|-cureteam|p2a: Chansey|[from] move: HealBell
|
|-weather|RainDance|[upkeep]
|turn|17
|
|switch|p2a: Rotom-Wash|Rotom-Wash|303\/303
|-damage|p2a: Rotom-Wash|266\/303|[from] Stealth Rock
|move|p1a: Politoed|Scald|p2a: Rotom-Wash
|-resisted|p2a: Rotom-Wash
|-damage|p2a: Rotom-Wash|209\/303
|-status|p2a: Rotom-Wash|brn
|
|-weather|RainDance|[upkeep]
|-heal|p2a: Rotom-Wash|227\/303 brn|[from] item: Leftovers
|-damage|p2a: Rotom-Wash|190\/303 brn|[from] brn
|turn|18
|
|switch|p2a: Chansey|Chansey, F|399\/703
|-damage|p2a: Chansey|312\/703|[from] Stealth Rock
|switch|p1a: Seismitoad|Seismitoad, F|194\/414 brn
|
|-weather|RainDance|[upkeep]
|-heal|p1a: Seismitoad|219\/414 brn|[from] item: Leftovers
|-damage|p1a: Seismitoad|168\/414 brn|[from] brn
|turn|19
|
|switch|p1a: Gothitelle|Gothitelle, M|182\/282
|move|p2a: Chansey|Seismic Toss|p1a: Gothitelle
|-damage|p1a: Gothitelle|82\/282
|
|-weather|RainDance|[upkeep]
|turn|20
|
|move|p1a: Gothitelle|Psychic|p2a: Chansey
|-damage|p2a: Chansey|194\/703
|move|p2a: Chansey|Seismic Toss|p1a: Gothitelle
|-damage|p1a: Gothitelle|0 fnt
|faint|p1a: Gothitelle
|
|-weather|none
|
|switch|p1a: Politoed|Politoed, M|384\/384
|-weather|RainDance
|turn|21
|
|switch|p1a: Kingdra|Kingdra, M|311\/311
|move|p2a: Chansey|Seismic Toss|p1a: Kingdra
|-damage|p1a: Kingdra|211\/311
|
|-weather|RainDance|[upkeep]
|turn|22
|
|move|p1a: Kingdra|Surf|p2a: Chansey
|-damage|p2a: Chansey|0 fnt
|faint|p2a: Chansey
|
|-weather|RainDance|[upkeep]
|
|switch|p2a: Medicham|Medicham, M|265\/265
|-damage|p2a: Medicham|249\/265|[from] Stealth Rock
|turn|23
|
|detailschange|p2a: Medicham|Medicham-Mega, M
|-mega|p2a: Medicham|Medicham|Medichamite
|move|p2a: Medicham|Fake Out|p1a: Kingdra
|-damage|p1a: Kingdra|112\/311
|cant|p1a: Kingdra|flinch
|
|-weather|RainDance|[upkeep]
|turn|24
|
|switch|p2a: Rotom-Wash|Rotom-Wash|190\/303 brn
|-damage|p2a: Rotom-Wash|153\/303 brn|[from] Stealth Rock
|move|p1a: Kingdra|Surf|p2a: Rotom-Wash
|-resisted|p2a: Rotom-Wash
|-damage|p2a: Rotom-Wash|0 fnt
|faint|p2a: Rotom-Wash
|
|-weather|RainDance|[upkeep]
|
|switch|p2a: Medicham|Medicham-Mega, M|249\/265
|-damage|p2a: Medicham|233\/265|[from] Stealth Rock
|turn|25
|
|move|p2a: Medicham|Fake Out|p1a: Kingdra
|-damage|p1a: Kingdra|25\/311
|cant|p1a: Kingdra|flinch
|
|-weather|RainDance|[upkeep]
|turn|26
|
|move|p2a: Medicham|Bullet Punch|p1a: Kingdra
|-resisted|p1a: Kingdra
|-damage|p1a: Kingdra|0 fnt
|faint|p1a: Kingdra
|
|-weather|RainDance|[upkeep]
|
|switch|p1a: Kabutops|Kabutops, M|271\/271
|turn|27
|
|move|p1a: Kabutops|Waterfall|p2a: Medicham
|-damage|p2a: Medicham|0 fnt
|-damage|p1a: Kabutops|244\/271|[from] item: Life Orb
|faint|p2a: Medicham
|
|-weather|RainDance|[upkeep]
|
|switch|p2a: Gengar|Gengar, F|261\/261
|-damage|p2a: Gengar|229\/261|[from] Stealth Rock
|turn|28
|
|switch|p2a: Donphan|Donphan, F|383\/383
|-damage|p2a: Donphan|360\/383|[from] Stealth Rock
|move|p1a: Kabutops|Waterfall|p2a: Donphan
|-supereffective|p2a: Donphan
|-damage|p2a: Donphan|0 fnt
|-damage|p1a: Kabutops|217\/271|[from] item: Life Orb
|faint|p2a: Donphan
|
|-weather|none
|
|switch|p2a: Gengar|Gengar, F|229\/261
|-damage|p2a: Gengar|197\/261|[from] Stealth Rock
|turn|29
|
|move|p1a: Kabutops|Aqua Jet|p2a: Gengar
|-damage|p2a: Gengar|33\/261
|-damage|p1a: Kabutops|190\/271|[from] item: Life Orb
|move|p2a: Gengar|Energy Ball|p1a: Kabutops
|-supereffective|p1a: Kabutops
|-damage|p1a: Kabutops|0 fnt
|faint|p1a: Kabutops
|
|
|switch|p1a: Scizor|Scizor-Mega, F|266\/343
|turn|30
|
|move|p1a: Scizor|Bullet Punch|p2a: Gengar
|-damage|p2a: Gengar|0 fnt
|faint|p2a: Gengar
|
|win|Trumaerd
|raw|Ladder updating...
|raw|Trumaerd's rating: 1422 &rarr; <strong>1439<\/strong><br \/>(+17 for winning)
|raw|Efsile's rating: 1379 &rarr; <strong>1361<\/strong><br \/>(-18 for losing)
|leave|Efsile
|player|p2