|join|CSS)bleachzxzx
|join|Trumaerd
|player|p1|CSS)bleachzxzx|102
|player|p2|Trumaerd|1
|gametype|singles
|gen|6
|tier|OU (suspect test)
|rated
|clearpoke
|poke|p1|Metagross
|poke|p1|Keldeo
|poke|p1|Thundurus, M
|poke|p1|Bisharp, F
|poke|p1|Dragonite, M
|poke|p1|Azelf
|poke|p2|Scizor, F
|poke|p2|Mandibuzz, F
|poke|p2|Alomomola, M
|poke|p2|Quagsire, M
|poke|p2|Chansey, F
|poke|p2|Wobbuffet, M
|rule|Swagger Clause: Swagger is banned
|rule|Baton Pass Clause: Limit one PokÃ©mon knowing Baton Pass
|rule|Sleep Clause Mod: Limit one foe put to sleep
|rule|Species Clause: Limit one of each PokÃ©mon
|rule|OHKO Clause: OHKO moves are banned
|rule|Moody Clause: Moody is banned
|rule|Evasion Moves Clause: Evasion moves are banned
|rule|Endless Battle Clause: Forcing endless battles is banned
|rule|HP Percentage Mod: HP is shown in percentages
|teampreview
|
|start
|switch|p1a: Azelf|Azelf|353\/353
|switch|p2a: Chansey|Chansey, F|642\/642
|turn|1
|
|switch|p2a: Wobbuffet|Wobbuffet, M|522\/522
|move|p1a: Azelf|Taunt|p2a: Wobbuffet
|-start|p2a: Wobbuffet|move: Taunt
|
|turn|2
|
|switch|p2a: Mandibuzz|Mandibuzz, F|423\/423
|move|p1a: Azelf|Stealth Rock|p2a: Mandibuzz
|-sidestart|p2: Trumaerd|move: Stealth Rock
|
|turn|3
|
|move|p1a: Azelf|Taunt|p2a: Mandibuzz
|-start|p2a: Mandibuzz|move: Taunt
|move|p2a: Mandibuzz|Foul Play|p1a: Azelf
|-supereffective|p1a: Azelf
|-enditem|p1a: Azelf|Focus Sash
|-damage|p1a: Azelf|1\/353
|
|turn|4
|
|switch|p2a: Scizor|Scizor, F|343\/343
|-damage|p2a: Scizor|301\/343|[from] Stealth Rock
|move|p1a: Azelf|Explosion|p2a: Scizor
|-resisted|p2a: Scizor
|-damage|p2a: Scizor|185\/343
|faint|p1a: Azelf
|
|
|switch|p1a: Keldeo|Keldeo|323\/323
|turn|5
|
|switch|p2a: Wobbuffet|Wobbuffet, M|522\/522
|-damage|p2a: Wobbuffet|457\/522|[from] Stealth Rock
|move|p1a: Keldeo|Hydro Pump|p2a: Wobbuffet
|-damage|p2a: Wobbuffet|147\/522
|
|-heal|p2a: Wobbuffet|179\/522|[from] item: Leftovers
|turn|6
|
|switch|p2a: Chansey|Chansey, F|642\/642
|-damage|p2a: Chansey|562\/642|[from] Stealth Rock
|move|p1a: Keldeo|Hydro Pump|p2a: Chansey
|-damage|p2a: Chansey|411\/642
|
|turn|7
|
|switch|p1a: Thundurus|Thundurus, M|299\/299
|move|p2a: Chansey|Stealth Rock|p1a: Thundurus
|-sidestart|p1: CSS)bleachzxzx|move: Stealth Rock
|
|turn|8
|
|switch|p2a: Wobbuffet|Wobbuffet, M|179\/522
|-damage|p2a: Wobbuffet|114\/522|[from] Stealth Rock
|move|p1a: Thundurus|Superpower|p2a: Wobbuffet
|-resisted|p2a: Wobbuffet
|-damage|p2a: Wobbuffet|48\/522
|-unboost|p1a: Thundurus|atk|1
|-unboost|p1a: Thundurus|def|1
|-damage|p1a: Thundurus|270\/299|[from] item: Life Orb
|
|-heal|p2a: Wobbuffet|80\/522|[from] item: Leftovers
|turn|9
|
|move|p1a: Thundurus|Thunderbolt|p2a: Wobbuffet
|-damage|p2a: Wobbuffet|0 fnt
|-damage|p1a: Thundurus|241\/299|[from] item: Life Orb
|faint|p2a: Wobbuffet
|
|
|switch|p2a: Quagsire|Quagsire, M|394\/394
|-damage|p2a: Quagsire|370\/394|[from] Stealth Rock
|turn|10
|
|switch|p1a: Dragonite|Dragonite, M|323\/323
|-damage|p1a: Dragonite|243\/323|[from] Stealth Rock
|move|p2a: Quagsire|Toxic|p1a: Dragonite
|-status|p1a: Dragonite|tox
|
|-heal|p2a: Quagsire|394\/394|[from] item: Leftovers
|-damage|p1a: Dragonite|223\/323 tox|[from] psn
|turn|11
|
|move|p1a: Dragonite|Outrage|p2a: Quagsire
|-damage|p2a: Quagsire|108\/394
|move|p2a: Quagsire|Recover|p2a: Quagsire
|-heal|p2a: Quagsire|305\/394
|
|-heal|p2a: Quagsire|329\/394|[from] item: Leftovers
|-damage|p1a: Dragonite|183\/323 tox|[from] psn
|turn|12
|
|move|p1a: Dragonite|Outrage|p2a: Quagsire
|-damage|p2a: Quagsire|34\/394
|move|p2a: Quagsire|Recover|p2a: Quagsire
|-heal|p2a: Quagsire|231\/394
|
|-heal|p2a: Quagsire|255\/394|[from] item: Leftovers
|-damage|p1a: Dragonite|123\/323 tox|[from] psn
|turn|13
|
|switch|p2a: Scizor|Scizor, F|185\/343
|-damage|p2a: Scizor|143\/343|[from] Stealth Rock
|move|p1a: Dragonite|Outrage|p2a: Scizor
|-resisted|p2a: Scizor
|-damage|p2a: Scizor|0 fnt
|faint|p2a: Scizor
|
|-end|p1a: Dragonite|rampage
|-start|p1a: Dragonite|confusion
|-damage|p1a: Dragonite|43\/323 tox|[from] psn
|
|switch|p2a: Alomomola|Alomomola, M|533\/533
|-damage|p2a: Alomomola|467\/533|[from] Stealth Rock
|turn|14
|
|-activate|p1a: Dragonite|confusion
|move|p1a: Dragonite|Outrage|p2a: Alomomola
|-damage|p2a: Alomomola|190\/533
|move|p2a: Alomomola|Wish|p2a: Alomomola
|
|-heal|p2a: Alomomola|223\/533|[from] item: Leftovers
|-damage|p1a: Dragonite|0 fnt|[from] psn
|faint|p1a: Dragonite
|
|switch|p1a: Bisharp|Bisharp, F|271\/271
|-damage|p1a: Bisharp|255\/271|[from] Stealth Rock
|turn|15
|
|switch|p2a: Quagsire|Quagsire, M|255\/394
|-damage|p2a: Quagsire|231\/394|[from] Stealth Rock
|move|p1a: Bisharp|Knock Off|p2a: Quagsire
|-damage|p2a: Quagsire|23\/394
|-enditem|p2a: Quagsire|Leftovers|[from] move: Knock Off|[of] p1a: Bisharp
|-damage|p1a: Bisharp|228\/271|[from] item: Life Orb
|
|-heal|p2a: Quagsire|289\/394|[from] move: Wish|[wisher] Alomomola
|turn|16
|
|switch|p1a: Metagross|Metagross|301\/301
|-damage|p1a: Metagross|283\/301|[from] Stealth Rock
|move|p2a: Quagsire|Scald|p1a: Metagross
|-damage|p1a: Metagross|213\/301
|
|turn|17
|
|switch|p2a: Mandibuzz|Mandibuzz, F|423\/423
|-damage|p2a: Mandibuzz|318\/423|[from] Stealth Rock
|detailschange|p1a: Metagross|Metagross-Mega
|-mega|p1a: Metagross|Metagross|Metagrossite
|move|p1a: Metagross|Meteor Mash|p2a: Mandibuzz|[miss]
|-miss|p1a: Metagross|p2a: Mandibuzz
|
|-heal|p2a: Mandibuzz|344\/423|[from] item: Leftovers
|turn|18
|
|switch|p1a: Bisharp|Bisharp, F|228\/271
|-damage|p1a: Bisharp|212\/271|[from] Stealth Rock
|move|p2a: Mandibuzz|Defog|p1a: Bisharp
|-unboost|p1a: Bisharp|evasion|1
|-boost|p1a: Bisharp|atk|2|[from] ability: Defiant
|-sideend|p1: CSS)bleachzxzx|Stealth Rock|[from] move: Defog|[of] p1a: Bisharp
|-sideend|p2: Trumaerd|Stealth Rock|[from] move: Defog|[of] p2a: Mandibuzz
|
|-heal|p2a: Mandibuzz|370\/423|[from] item: Leftovers
|turn|19
|
|switch|p2a: Quagsire|Quagsire, M|289\/394
|move|p1a: Bisharp|Iron Head|p2a: Quagsire
|-resisted|p2a: Quagsire
|-damage|p2a: Quagsire|208\/394
|-damage|p1a: Bisharp|185\/271|[from] item: Life Orb
|
|turn|20
|
|move|p1a: Bisharp|Knock Off|p2a: Quagsire
|-damage|p2a: Quagsire|70\/394
|-damage|p1a: Bisharp|158\/271|[from] item: Life Orb
|move|p2a: Quagsire|Recover|p2a: Quagsire
|-heal|p2a: Quagsire|267\/394
|
|turn|21
|
|switch|p1a: Keldeo|Keldeo|323\/323
|move|p2a: Quagsire|Recover|p2a: Quagsire
|-heal|p2a: Quagsire|394\/394
|
|turn|22
|
|move|p1a: Keldeo|Hydro Pump|p2a: Quagsire
|-damage|p2a: Quagsire|0 fnt
|faint|p2a: Quagsire
|
|
|switch|p2a: Chansey|Chansey, F|411\/642
|turn|23
|
|switch|p1a: Bisharp|Bisharp, F|158\/271
|move|p2a: Chansey|Stealth Rock|p1a: Bisharp
|-sidestart|p1: CSS)bleachzxzx|move: Stealth Rock
|
|turn|24
|
|switch|p2a: Mandibuzz|Mandibuzz, F|370\/423
|move|p1a: Bisharp|Swords Dance|p1a: Bisharp
|-boost|p1a: Bisharp|atk|2
|
|-heal|p2a: Mandibuzz|396\/423|[from] item: Leftovers
|turn|25
|
|move|p1a: Bisharp|Iron Head|p2a: Mandibuzz
|-damage|p2a: Mandibuzz|123\/423
|-damage|p1a: Bisharp|131\/271|[from] item: Life Orb
|move|p2a: Mandibuzz|Foul Play|p1a: Bisharp
|-resisted|p1a: Bisharp
|-damage|p1a: Bisharp|0 fnt
|faint|p1a: Bisharp
|
|-heal|p2a: Mandibuzz|149\/423|[from] item: Leftovers
|
|switch|p1a: Thundurus|Thundurus, M|241\/299
|-damage|p1a: Thundurus|167\/299|[from] Stealth Rock
|turn|26
|c|âCSS)bleachzxzx|gg
|
|move|p1a: Thundurus|Thunderbolt|p2a: Mandibuzz
|-supereffective|p2a: Mandibuzz
|-damage|p2a: Mandibuzz|0 fnt
|-damage|p1a: Thundurus|138\/299|[from] item: Life Orb
|faint|p2a: Mandibuzz
|
|
|switch|p2a: Chansey|Chansey, F|411\/642
|turn|27
|
|move|p1a: Thundurus|Superpower|p2a: Chansey
|-supereffective|p2a: Chansey
|-damage|p2a: Chansey|3\/642
|-unboost|p1a: Thundurus|atk|1
|-unboost|p1a: Thundurus|def|1
|-damage|p1a: Thundurus|109\/299|[from] item: Life Orb
|move|p2a: Chansey|Soft-Boiled|p2a: Chansey
|-heal|p2a: Chansey|324\/642
|
|turn|28
|
|switch|p1a: Keldeo|Keldeo|323\/323
|-damage|p1a: Keldeo|303\/323|[from] Stealth Rock
|move|p2a: Chansey|Soft-Boiled|p2a: Chansey
|-heal|p2a: Chansey|642\/642
|
|turn|29
|
|switch|p2a: Alomomola|Alomomola, M|400\/533
|move|p1a: Keldeo|Secret Sword|p2a: Alomomola
|-damage|p2a: Alomomola|216\/533
|
|-heal|p2a: Alomomola|249\/533|[from] item: Leftovers
|turn|30
|
|switch|p1a: Thundurus|Thundurus, M|109\/299
|-damage|p1a: Thundurus|35\/299|[from] Stealth Rock
|move|p2a: Alomomola|Toxic|p1a: Thundurus
|-status|p1a: Thundurus|tox
|
|-heal|p2a: Alomomola|282\/533|[from] item: Leftovers
|-damage|p1a: Thundurus|17\/299 tox|[from] psn
|turn|31
|
|move|p2a: Alomomola|Protect|p2a: Alomomola
|-singleturn|p2a: Alomomola|Protect
|move|p1a: Thundurus|Thunderbolt|p2a: Alomomola
|-activate|p2a: Alomomola|Protect
|
|-heal|p2a: Alomomola|315\/533|[from] item: Leftovers
|-damage|p1a: Thundurus|0 fnt|[from] psn
|faint|p1a: Thundurus
|
|switch|p1a: Metagross|Metagross-Mega|213\/301
|-damage|p1a: Metagross|195\/301|[from] Stealth Rock
|turn|32
|
|move|p1a: Metagross|Thunder Punch|p2a: Alomomola
|-supereffective|p2a: Alomomola
|-damage|p2a: Alomomola|115\/533
|move|p2a: Alomomola|Wish|p2a: Alomomola
|
|-heal|p2a: Alomomola|148\/533|[from] item: Leftovers
|turn|33
|
|move|p2a: Alomomola|Protect|p2a: Alomomola
|-singleturn|p2a: Alomomola|Protect
|move|p1a: Metagross|Thunder Punch|p2a: Alomomola
|-activate|p2a: Alomomola|Protect
|
|-heal|p2a: Alomomola|414\/533|[from] move: Wish|[wisher] Alomomola
|-heal|p2a: Alomomola|447\/533|[from] item: Leftovers
|turn|34
|
|move|p1a: Metagross|Meteor Mash|p2a: Alomomola
|-resisted|p2a: Alomomola
|-damage|p2a: Alomomola|348\/533
|move|p2a: Alomomola|Scald|p1a: Metagross
|-damage|p1a: Metagross|149\/301
|
|-heal|p2a: Alomomola|381\/533|[from] item: Leftovers
|turn|35
|
|move|p1a: Metagross|Zen Headbutt|p2a: Alomomola
|-damage|p2a: Alomomola|203\/533
|cant|p2a: Alomomola|flinch
|
|-heal|p2a: Alomomola|236\/533|[from] item: Leftovers
|turn|36
|
|move|p2a: Alomomola|Protect|p2a: Alomomola
|-singleturn|p2a: Alomomola|Protect
|move|p1a: Metagross|Zen Headbutt|p2a: Alomomola
|-activate|p2a: Alomomola|Protect
|
|-heal|p2a: Alomomola|269\/533|[from] item: Leftovers
|turn|37
|
|move|p1a: Metagross|Zen Headbutt|p2a: Alomomola|[miss]
|-miss|p1a: Metagross|p2a: Alomomola
|move|p2a: Alomomola|Wish|p2a: Alomomola
|
|-heal|p2a: Alomomola|302\/533|[from] item: Leftovers
|turn|38
|
|move|p1a: Metagross|Zen Headbutt|p2a: Alomomola|[miss]
|-miss|p1a: Metagross|p2a: Alomomola
|move|p2a: Alomomola|Scald|p1a: Metagross
|-damage|p1a: Metagross|106\/301
|
|-heal|p2a: Alomomola|533\/533|[from] move: Wish|[wisher] Alomomola
|turn|39
|
|move|p1a: Metagross|Zen Headbutt|p2a: Alomomola
|-damage|p2a: Alomomola|353\/533
|move|p2a: Alomomola|Wish|p2a: Alomomola
|
|-heal|p2a: Alomomola|386\/533|[from] item: Leftovers
|turn|40
|
|move|p1a: Metagross|Zen Headbutt|p2a: Alomomola
|-damage|p2a: Alomomola|214\/533
|cant|p2a: Alomomola|flinch
|
|-heal|p2a: Alomomola|480\/533|[from] move: Wish|[wisher] Alomomola
|-heal|p2a: Alomomola|513\/533|[from] item: Leftovers
|turn|41
|
|move|p1a: Metagross|Zen Headbutt|p2a: Alomomola|[miss]
|-miss|p1a: Metagross|p2a: Alomomola
|move|p2a: Alomomola|Wish|p2a: Alomomola
|
|-heal|p2a: Alomomola|533\/533|[from] item: Leftovers
|turn|42
|
|move|p1a: Metagross|Zen Headbutt|p2a: Alomomola|[miss]
|-miss|p1a: Metagross|p2a: Alomomola
|move|p2a: Alomomola|Scald|p1a: Metagross
|-damage|p1a: Metagross|60\/301
|
|turn|43
|
|move|p1a: Metagross|Zen Headbutt|p2a: Alomomola
|-damage|p2a: Alomomola|376\/533
|move|p2a: Alomomola|Wish|p2a: Alomomola
|
|-heal|p2a: Alomomola|409\/533|[from] item: Leftovers
|turn|44
|
|move|p1a: Metagross|Zen Headbutt|p2a: Alomomola
|-damage|p2a: Alomomola|249\/533
|move|p2a: Alomomola|Scald|p1a: Metagross
|-damage|p1a: Metagross|15\/301
|
|-heal|p2a: Alomomola|515\/533|[from] move: Wish|[wisher] Alomomola
|-heal|p2a: Alomomola|533\/533|[from] item: Leftovers
|turn|45
|
|move|p1a: Metagross|Zen Headbutt|p2a: Alomomola
|-crit|p2a: Alomomola
|-damage|p2a: Alomomola|280\/533
|move|p2a: Alomomola|Wish|p2a: Alomomola
|
|-heal|p2a: Alomomola|313\/533|[from] item: Leftovers
|turn|46
|
|move|p2a: Alomomola|Protect|p2a: Alomomola
|-singleturn|p2a: Alomomola|Protect
|move|p1a: Metagross|Zen Headbutt|p2a: Alomomola
|-activate|p2a: Alomomola|Protect
|
|-heal|p2a: Alomomola|533\/533|[from] move: Wish|[wisher] Alomomola
|turn|47
|
|move|p1a: Metagross|Zen Headbutt|p2a: Alomomola
|-damage|p2a: Alomomola|367\/533
|cant|p2a: Alomomola|flinch
|
|-heal|p2a: Alomomola|400\/533|[from] item: Leftovers
|turn|48
|
|move|p2a: Alomomola|Protect|p2a: Alomomola
|-singleturn|p2a: Alomomola|Protect
|move|p1a: Metagross|Zen Headbutt|p2a: Alomomola
|-activate|p2a: Alomomola|Protect
|
|-heal|p2a: Alomomola|433\/533|[from] item: Leftovers
|turn|49
|
|move|p1a: Metagross|Zen Headbutt|p2a: Alomomola
|-damage|p2a: Alomomola|264\/533
|cant|p2a: Alomomola|flinch
|
|-heal|p2a: Alomomola|297\/533|[from] item: Leftovers
|turn|50
|
|move|p2a: Alomomola|Protect|p2a: Alomomola
|-singleturn|p2a: Alomomola|Protect
|move|p1a: Metagross|Zen Headbutt|p2a: Alomomola
|-activate|p2a: Alomomola|Protect
|
|-heal|p2a: Alomomola|330\/533|[from] item: Leftovers
|turn|51
|
|move|p1a: Metagross|Zen Headbutt|p2a: Alomomola
|-damage|p2a: Alomomola|156\/533
|cant|p2a: Alomomola|flinch
|
|-heal|p2a: Alomomola|189\/533|[from] item: Leftovers
|turn|52
|
|move|p2a: Alomomola|Protect|p2a: Alomomola
|-singleturn|p2a: Alomomola|Protect
|move|p1a: Metagross|Thunder Punch|p2a: Alomomola
|-activate|p2a: Alomomola|Protect
|
|-heal|p2a: Alomomola|222\/533|[from] item: Leftovers
|turn|53
|
|move|p1a: Metagross|Zen Headbutt|p2a: Alomomola
|-damage|p2a: Alomomola|38\/533
|move|p2a: Alomomola|Wish|p2a: Alomomola
|
|-heal|p2a: Alomomola|71\/533|[from] item: Leftovers
|turn|54
|
|move|p2a: Alomomola|Protect|p2a: Alomomola
|-singleturn|p2a: Alomomola|Protect
|move|p1a: Metagross|Thunder Punch|p2a: Alomomola
|-activate|p2a: Alomomola|Protect
|
|-heal|p2a: Alomomola|337\/533|[from] move: Wish|[wisher] Alomomola
|-heal|p2a: Alomomola|370\/533|[from] item: Leftovers
|turn|55
|
|move|p1a: Metagross|Zen Headbutt|p2a: Alomomola
|-damage|p2a: Alomomola|204\/533
|move|p2a: Alomomola|Wish|p2a: Alomomola
|
|-heal|p2a: Alomomola|237\/533|[from] item: Leftovers
|turn|56
|
|move|p2a: Alomomola|Protect|p2a: Alomomola
|-singleturn|p2a: Alomomola|Protect
|move|p1a: Metagross|Zen Headbutt|p2a: Alomomola
|-activate|p2a: Alomomola|Protect
|
|-heal|p2a: Alomomola|503\/533|[from] move: Wish|[wisher] Alomomola
|-heal|p2a: Alomomola|533\/533|[from] item: Leftovers
|turn|57
|
|move|p1a: Metagross|Zen Headbutt|p2a: Alomomola
|-damage|p2a: Alomomola|368\/533
|cant|p2a: Alomomola|flinch
|
|-heal|p2a: Alomomola|401\/533|[from] item: Leftovers
|turn|58
|
|move|p1a: Metagross|Zen Headbutt|p2a: Alomomola
|-damage|p2a: Alomomola|239\/533
|move|p2a: Alomomola|Wish|p2a: Alomomola
|
|-heal|p2a: Alomomola|272\/533|[from] item: Leftovers
|turn|59
|
|move|p2a: Alomomola|Protect|p2a: Alomomola
|-singleturn|p2a: Alomomola|Protect
|move|p1a: Metagross|Zen Headbutt|p2a: Alomomola
|-activate|p2a: Alomomola|Protect
|
|-heal|p2a: Alomomola|533\/533|[from] move: Wish|[wisher] Alomomola
|turn|60
|
|move|p1a: Metagross|Zen Headbutt|p2a: Alomomola
|-damage|p2a: Alomomola|377\/533
|move|p2a: Alomomola|Scald|p1a: Metagross
|-damage|p1a: Metagross|0 fnt
|faint|p1a: Metagross
|
|-heal|p2a: Alomomola|410\/533|[from] item: Leftovers
|
|switch|p1a: Keldeo|Keldeo|303\/323
|-damage|p1a: Keldeo|283\/323|[from] Stealth Rock
|turn|61
|
|move|p2a: Alomomola|Protect|p2a: Alomomola
|-singleturn|p2a: Alomomola|Protect
|move|p1a: Keldeo|Secret Sword|p2a: Alomomola
|-activate|p2a: Alomomola|Protect
|
|-heal|p2a: Alomomola|443\/533|[from] item: Leftovers
|turn|62
|
|move|p1a: Keldeo|Secret Sword|p2a: Alomomola
|-damage|p2a: Alomomola|259\/533
|move|p2a: Alomomola|Wish|p2a: Alomomola
|
|-heal|p2a: Alomomola|292\/533|[from] item: Leftovers
|turn|63
|
|move|p1a: Keldeo|Secret Sword|p2a: Alomomola
|-damage|p2a: Alomomola|99\/533
|move|p2a: Alomomola|Toxic|p1a: Keldeo
|-status|p1a: Keldeo|tox
|
|-heal|p2a: Alomomola|365\/533|[from] move: Wish|[wisher] Alomomola
|-heal|p2a: Alomomola|398\/533|[from] item: Leftovers
|-damage|p1a: Keldeo|263\/323 tox|[from] psn
|turn|64
|
|move|p1a: Keldeo|Secret Sword|p2a: Alomomola
|-damage|p2a: Alomomola|202\/533
|move|p2a: Alomomola|Wish|p2a: Alomomola
|
|-heal|p2a: Alomomola|235\/533|[from] item: Leftovers
|-damage|p1a: Keldeo|223\/323 tox|[from] psn
|turn|65
|
|move|p2a: Alomomola|Protect|p2a: Alomomola
|-singleturn|p2a: Alomomola|Protect
|move|p1a: Keldeo|Secret Sword|p2a: Alomomola
|-activate|p2a: Alomomola|Protect
|
|-heal|p2a: Alomomola|501\/533|[from] move: Wish|[wisher] Alomomola
|-heal|p2a: Alomomola|533\/533|[from] item: Leftovers
|-damage|p1a: Keldeo|163\/323 tox|[from] psn
|turn|66
|
|move|p1a: Keldeo|Secret Sword|p2a: Alomomola
|-damage|p2a: Alomomola|340\/533
|move|p2a: Alomomola|Wish|p2a: Alomomola
|
|-heal|p2a: Alomomola|373\/533|[from] item: Leftovers
|-damage|p1a: Keldeo|83\/323 tox|[from] psn
|turn|67
|-message|CSS)bleachzxzx forfeited.
|
|win|Trumaerd
|raw|Ladder updating...
|leave|CSS)bleachzxzx
|player|p1
|raw|CSS)bleachzxzx's rating: 1216 &rarr; <strong>1194<\/strong><br \/>(-22 for losing)
|raw|Trumaerd's rating: 1260 &rarr; <strong>1282<\/strong><br \/>(+22 for winning)