|join|Trumaerd
|join|spinozascandelabra
|player|p1|Trumaerd|266
|player|p2|spinozascandelabra|1
|gametype|singles
|gen|6
|tier|OU (suspect test)
|rated
|clearpoke
|poke|p1|Infernape, F
|poke|p1|Dragonite, F
|poke|p1|Bisharp, F
|poke|p1|Keldeo
|poke|p1|Metagross
|poke|p1|Thundurus, M
|poke|p2|Diancie
|poke|p2|Talonflame, M
|poke|p2|Latios, M
|poke|p2|Breloom, M
|poke|p2|Landorus-Therian, M
|poke|p2|Bisharp, F
|rule|Swagger Clause: Swagger is banned
|rule|Baton Pass Clause: Limit one PokÃ©mon knowing Baton Pass
|rule|Sleep Clause Mod: Limit one foe put to sleep
|rule|Species Clause: Limit one of each PokÃ©mon
|rule|OHKO Clause: OHKO moves are banned
|rule|Moody Clause: Moody is banned
|rule|Evasion Moves Clause: Evasion moves are banned
|rule|Endless Battle Clause: Forcing endless battles is banned
|rule|HP Percentage Mod: HP is shown in percentages
|teampreview
|
|start
|switch|p1a: Metagross|Metagross|301\/301
|switch|p2a: Diancie|Diancie|241\/241
|turn|1
|
|detailschange|p1a: Metagross|Metagross-Mega
|-mega|p1a: Metagross|Metagross|Metagrossite
|detailschange|p2a: Diancie|Diancie-Mega
|-mega|p2a: Diancie|Diancie|Diancite
|move|p2a: Diancie|Protect|p2a: Diancie
|-singleturn|p2a: Diancie|Protect
|move|p1a: Metagross|Meteor Mash|p2a: Diancie
|-activate|p2a: Diancie|Protect
|
|turn|2
|
|switch|p1a: Keldeo|Keldeo|323\/323
|switch|p2a: Landorus-Therian|Landorus-Therian, M|382\/382
|-ability|p2a: Landorus-Therian|Intimidate|[of] p1a: Keldeo
|-unboost|p1a: Keldeo|atk|1
|
|turn|3
|
|switch|p2a: Latios|Latios, M|301\/301
|move|p1a: Keldeo|Scald|p2a: Latios
|-resisted|p2a: Latios
|-damage|p2a: Latios|206\/301
|
|turn|4
|
|switch|p1a: Dragonite|Dragonite, F|323\/323
|move|p2a: Latios|Earthquake|p1a: Dragonite
|-immune|p1a: Dragonite|[msg]
|
|turn|5
|
|switch|p2a: Diancie|Diancie-Mega|241\/241
|move|p1a: Dragonite|Earthquake|p2a: Diancie
|-supereffective|p2a: Diancie
|-damage|p2a: Diancie|0 fnt
|faint|p2a: Diancie
|
|
|switch|p2a: Breloom|Breloom, M|262\/262
|turn|6
|
|switch|p1a: Bisharp|Bisharp, F|272\/272
|move|p2a: Breloom|Spore|p1a: Bisharp
|-status|p1a: Bisharp|slp
|
|turn|7
|
|switch|p1a: Dragonite|Dragonite, F|323\/323
|move|p2a: Breloom|Force Palm|p1a: Dragonite
|-resisted|p1a: Dragonite
|-damage|p1a: Dragonite|284\/323
|-status|p1a: Dragonite|par
|
|turn|8
|
|switch|p2a: Landorus-Therian|Landorus-Therian, M|382\/382
|-ability|p2a: Landorus-Therian|Intimidate|[of] p1a: Dragonite
|-unboost|p1a: Dragonite|atk|1
|move|p1a: Dragonite|Fire Punch|p2a: Landorus-Therian
|-damage|p2a: Landorus-Therian|263\/382
|
|-heal|p2a: Landorus-Therian|286\/382|[from] item: Leftovers
|turn|9
|
|switch|p1a: Infernape|Infernape, F|293\/293
|move|p2a: Landorus-Therian|U-turn|p1a: Infernape
|-resisted|p1a: Infernape
|-damage|p1a: Infernape|268\/293
|
|switch|p2a: Latios|Latios, M|206\/301
|
|turn|10
|
|move|p2a: Latios|Psyshock|p1a: Infernape
|-supereffective|p1a: Infernape
|-damage|p1a: Infernape|0 fnt
|-damage|p2a: Latios|176\/301|[from] item: Life Orb
|faint|p1a: Infernape
|
|
|switch|p1a: Thundurus|Thundurus, M|299\/299
|turn|11
|
|switch|p2a: Bisharp|Bisharp, F|272\/272
|move|p1a: Thundurus|Hidden Power|p2a: Bisharp
|-resisted|p2a: Bisharp
|-damage|p2a: Bisharp|216\/272
|-damage|p1a: Thundurus|270\/299|[from] item: Life Orb
|
|turn|12
|
|switch|p1a: Keldeo|Keldeo|323\/323
|move|p2a: Bisharp|Sucker Punch|p1a: Keldeo
|-fail|p1a: Keldeo
|
|turn|13
|
|switch|p2a: Latios|Latios, M|176\/301
|move|p1a: Keldeo|Secret Sword|p2a: Latios
|-crit|p2a: Latios
|-resisted|p2a: Latios
|-damage|p2a: Latios|0 fnt
|faint|p2a: Latios
|
|
|switch|p2a: Talonflame|Talonflame, M|298\/298
|turn|14
|
|switch|p1a: Bisharp|Bisharp, F|272\/272 slp
|move|p2a: Talonflame|U-turn|p1a: Bisharp
|-damage|p1a: Bisharp|177\/272 slp
|
|switch|p2a: Landorus-Therian|Landorus-Therian, M|286\/382
|-ability|p2a: Landorus-Therian|Intimidate|[of] p1a: Bisharp
|-unboost|p1a: Bisharp|atk|1
|-boost|p1a: Bisharp|atk|2|[from] ability: Defiant
|
|-heal|p2a: Landorus-Therian|309\/382|[from] item: Leftovers
|turn|15
|
|switch|p1a: Dragonite|Dragonite, F|284\/323 par
|move|p2a: Landorus-Therian|Stealth Rock|p1a: Dragonite
|-sidestart|p1: Trumaerd|move: Stealth Rock
|
|-heal|p2a: Landorus-Therian|332\/382|[from] item: Leftovers
|turn|16
|
|move|p2a: Landorus-Therian|Knock Off|p1a: Dragonite
|-damage|p1a: Dragonite|162\/323 par
|-enditem|p1a: Dragonite|Choice Band|[from] move: Knock Off|[of] p2a: Landorus-Therian
|move|p1a: Dragonite|Fire Punch|p2a: Landorus-Therian
|-crit|p2a: Landorus-Therian
|-damage|p2a: Landorus-Therian|156\/382
|
|-heal|p2a: Landorus-Therian|179\/382|[from] item: Leftovers
|turn|17
|
|move|p2a: Landorus-Therian|Knock Off|p1a: Dragonite
|-damage|p1a: Dragonite|83\/323 par
|move|p1a: Dragonite|Outrage|p2a: Landorus-Therian
|-damage|p2a: Landorus-Therian|0 fnt
|faint|p2a: Landorus-Therian
|
|
|switch|p2a: Talonflame|Talonflame, M|298\/298
|turn|18
|
|move|p2a: Talonflame|Brave Bird|p1a: Dragonite
|-damage|p1a: Dragonite|0 fnt
|-damage|p2a: Talonflame|271\/298|[from] recoil|[of] p1a: Dragonite
|faint|p1a: Dragonite
|
|
|switch|p1a: Metagross|Metagross-Mega|301\/301
|-damage|p1a: Metagross|283\/301|[from] Stealth Rock
|turn|19
|
|switch|p2a: Bisharp|Bisharp, F|216\/272
|move|p1a: Metagross|Hammer Arm|p2a: Bisharp
|-supereffective|p2a: Bisharp
|-damage|p2a: Bisharp|0 fnt
|-unboost|p1a: Metagross|spe|1
|faint|p2a: Bisharp
|
|
|switch|p2a: Breloom|Breloom, M|262\/262
|turn|20
|
|move|p2a: Breloom|Force Palm|p1a: Metagross
|-damage|p1a: Metagross|175\/301
|-status|p1a: Metagross|par
|move|p1a: Metagross|Meteor Mash|p2a: Breloom
|-crit|p2a: Breloom
|-enditem|p2a: Breloom|Focus Sash
|-damage|p2a: Breloom|1\/262
|-boost|p1a: Metagross|atk|1
|
|turn|21
|
|switch|p2a: Talonflame|Talonflame, M|271\/298
|move|p1a: Metagross|Bullet Punch|p2a: Talonflame
|-resisted|p2a: Talonflame
|-damage|p2a: Talonflame|163\/298
|
|turn|22
|
|move|p1a: Metagross|Bullet Punch|p2a: Talonflame
|-resisted|p2a: Talonflame
|-damage|p2a: Talonflame|67\/298
|move|p2a: Talonflame|Flare Blitz|p1a: Metagross
|-supereffective|p1a: Metagross
|-damage|p1a: Metagross|0 fnt
|-damage|p2a: Talonflame|9\/298|[from] recoil|[of] p1a: Metagross
|faint|p1a: Metagross
|
|
|switch|p1a: Keldeo|Keldeo|323\/323
|-damage|p1a: Keldeo|303\/323|[from] Stealth Rock
|turn|23
|
|move|p2a: Talonflame|Flare Blitz|p1a: Keldeo
|-crit|p1a: Keldeo
|-resisted|p1a: Keldeo
|-damage|p1a: Keldeo|111\/323
|-damage|p2a: Talonflame|0 fnt|[from] recoil|[of] p1a: Keldeo
|faint|p2a: Talonflame
|move|p1a: Keldeo|Secret Sword|p2: Talonflame|[notarget]
|-notarget
|
|
|switch|p2a: Breloom|Breloom, M|1\/262
|turn|24
|
|move|p2a: Breloom|Mach Punch|p1a: Keldeo
|-damage|p1a: Keldeo|0 fnt
|faint|p1a: Keldeo
|
|
|switch|p1a: Thundurus|Thundurus, M|270\/299
|-damage|p1a: Thundurus|196\/299|[from] Stealth Rock
|turn|25
|
|move|p2a: Breloom|Mach Punch|p1a: Thundurus
|-crit|p1a: Thundurus
|-resisted|p1a: Thundurus
|-damage|p1a: Thundurus|79\/299
|move|p1a: Thundurus|Thunderbolt|p2a: Breloom
|-resisted|p2a: Breloom
|-damage|p2a: Breloom|0 fnt
|-damage|p1a: Thundurus|50\/299|[from] item: Life Orb
|faint|p2a: Breloom
|
|win|Trumaerd
|raw|Ladder updating...
|raw|Trumaerd's rating: 1535 &rarr; <strong>1550<\/strong><br \/>(+15 for winning)
|raw|spinozascandelabra's rating: 1453 &rarr; <strong>1438<\/strong><br \/>(-15 for losing)
|leave|spinozascandelabra
|player|p2