|join|Trumaerd
|join|Caotic
|player|p1|Trumaerd|170
|player|p2|Caotic|124
|gametype|singles
|gen|6
|tier|OU (suspect test)
|rated
|clearpoke
|poke|p1|Scizor, F
|poke|p1|Kingdra, M
|poke|p1|Gothitelle, F
|poke|p1|Politoed, M
|poke|p1|Kabutops, M
|poke|p1|Seismitoad, M
|poke|p2|Ferrothorn, F
|poke|p2|Keldeo-Resolute
|poke|p2|Charizard, M
|poke|p2|Gliscor, F
|poke|p2|Excadrill, F, shiny
|poke|p2|Gothitelle, M
|rule|Swagger Clause: Swagger is banned
|rule|Baton Pass Clause: Limit one PokÃ©mon knowing Baton Pass
|rule|Sleep Clause Mod: Limit one foe put to sleep
|rule|Species Clause: Limit one of each PokÃ©mon
|rule|OHKO Clause: OHKO moves are banned
|rule|Moody Clause: Moody is banned
|rule|Evasion Moves Clause: Evasion moves are banned
|rule|Endless Battle Clause: Forcing endless battles is banned
|rule|HP Percentage Mod: HP is shown in percentages
|teampreview
|
|start
|switch|p1a: Gothitelle|Gothitelle, F|282\/282
|switch|p2a: Gothitelle|Gothitelle, M|281\/281
|turn|1
|
|move|p1a: Gothitelle|Hidden Power|p2a: Gothitelle
|-damage|p2a: Gothitelle|204\/281
|move|p2a: Gothitelle|Energy Ball|p1a: Gothitelle
|-damage|p1a: Gothitelle|149\/282
|
|turn|2
|
|switch|p1a: Scizor|Scizor, F|343\/343
|move|p2a: Gothitelle|Energy Ball|p1a: Scizor
|-resisted|p1a: Scizor
|-damage|p1a: Scizor|298\/343
|
|turn|3
|
|switch|p2a: Ferrothorn|Ferrothorn, F|352\/352
|detailschange|p1a: Scizor|Scizor-Mega, F
|-mega|p1a: Scizor|Scizor|Scizorite
|move|p1a: Scizor|Swords Dance|p1a: Scizor
|-boost|p1a: Scizor|atk|2
|
|turn|4
|
|move|p1a: Scizor|Superpower|p2a: Ferrothorn
|-supereffective|p2a: Ferrothorn
|-damage|p2a: Ferrothorn|0 fnt
|-damage|p1a: Scizor|256\/343|[from] ability: Iron Barbs|[of] p2a: Ferrothorn
|-unboost|p1a: Scizor|atk|1
|-unboost|p1a: Scizor|def|1
|faint|p2a: Ferrothorn
|
|
|switch|p2a: Charizard|Charizard, M|297\/297
|turn|5
|
|switch|p1a: Politoed|Politoed, M|384\/384
|-weather|RainDance
|detailschange|p2a: Charizard|Charizard-Mega-Y, M
|-mega|p2a: Charizard|Charizard|Charizardite Y
|-weather|SunnyDay
|move|p2a: Charizard|Fire Blast|p1a: Politoed|[miss]
|-miss|p2a: Charizard|p1a: Politoed
|
|-weather|SunnyDay|[upkeep]
|turn|6
|
|switch|p1a: Gothitelle|Gothitelle, F|149\/282
|move|p2a: Charizard|Solar Beam|p1a: Gothitelle|[still]
|-prepare|p2a: Charizard|Solar Beam|p1a: Gothitelle
|-anim|p2a: Charizard|Solar Beam|p1a: Gothitelle
|-crit|p1a: Gothitelle
|-damage|p1a: Gothitelle|0 fnt
|faint|p1a: Gothitelle
|
|-weather|SunnyDay|[upkeep]
|
|switch|p1a: Politoed|Politoed, M|384\/384
|-weather|RainDance
|turn|7
|
|switch|p2a: Keldeo-Resolute|Keldeo-Resolute|323\/323
|switch|p1a: Kingdra|Kingdra, M|311\/311
|
|-weather|RainDance|[upkeep]
|turn|8
|
|move|p1a: Kingdra|Dragon Pulse|p2a: Keldeo-Resolute
|-damage|p2a: Keldeo-Resolute|101\/323
|move|p2a: Keldeo-Resolute|Secret Sword|p1a: Kingdra
|-damage|p1a: Kingdra|89\/311
|
|-weather|RainDance|[upkeep]
|turn|9
|
|switch|p2a: Excadrill|Excadrill, F, shiny|361\/361
|-ability|p2a: Excadrill|Mold Breaker
|move|p1a: Kingdra|Dragon Pulse|p2a: Excadrill
|-resisted|p2a: Excadrill
|-damage|p2a: Excadrill|229\/361
|
|-weather|RainDance|[upkeep]
|turn|10
|
|switch|p1a: Seismitoad|Seismitoad, M|414\/414
|move|p2a: Excadrill|Earthquake|p1a: Seismitoad
|-damage|p1a: Seismitoad|245\/414
|
|-weather|RainDance|[upkeep]
|-heal|p1a: Seismitoad|270\/414|[from] item: Leftovers
|turn|11
|
|switch|p2a: Charizard|Charizard-Mega-Y, M|297\/297
|-weather|SunnyDay
|move|p1a: Seismitoad|Knock Off|p2a: Charizard
|-damage|p2a: Charizard|237\/297
|
|-weather|SunnyDay|[upkeep]
|-heal|p1a: Seismitoad|295\/414|[from] item: Leftovers
|turn|12
|
|switch|p1a: Politoed|Politoed, M|384\/384
|-weather|RainDance
|move|p2a: Charizard|Focus Blast|p1a: Politoed
|-damage|p1a: Politoed|208\/384
|
|-weather|RainDance|[upkeep]
|turn|13
|
|switch|p2a: Gliscor|Gliscor, F|352\/352
|switch|p1a: Seismitoad|Seismitoad, M|295\/414
|
|-weather|RainDance|[upkeep]
|-heal|p1a: Seismitoad|320\/414|[from] item: Leftovers
|-status|p2a: Gliscor|tox|[from] item: Toxic Orb
|turn|14
|
|switch|p2a: Gothitelle|Gothitelle, M|204\/281
|move|p1a: Seismitoad|Stealth Rock|p2a: Gothitelle
|-sidestart|p2: Caotic|move: Stealth Rock
|
|-weather|RainDance|[upkeep]
|-heal|p1a: Seismitoad|345\/414|[from] item: Leftovers
|turn|15
|
|move|p2a: Gothitelle|Energy Ball|p1a: Seismitoad
|-supereffective|p1a: Seismitoad
|-damage|p1a: Seismitoad|0 fnt
|faint|p1a: Seismitoad
|
|-weather|RainDance|[upkeep]
|
|switch|p1a: Scizor|Scizor-Mega, F|256\/343
|turn|16
|
|switch|p2a: Gliscor|Gliscor, F|352\/352 tox
|-damage|p2a: Gliscor|308\/352 tox|[from] Stealth Rock
|move|p1a: Scizor|Swords Dance|p1a: Scizor
|-boost|p1a: Scizor|atk|2
|
|-weather|RainDance|[upkeep]
|-heal|p2a: Gliscor|352\/352 tox|[from] ability: Poison Heal
|turn|17
|
|move|p2a: Gliscor|Taunt|p1a: Scizor
|-start|p1a: Scizor|move: Taunt
|cant|p1a: Scizor|move: Taunt|Swords Dance
|
|-weather|RainDance|[upkeep]
|turn|18
|
|move|p1a: Scizor|Bullet Punch|p2a: Gliscor
|-damage|p2a: Gliscor|151\/352 tox
|move|p2a: Gliscor|Earthquake|p1a: Scizor
|-damage|p1a: Scizor|169\/343
|
|-weather|RainDance|[upkeep]
|-heal|p2a: Gliscor|195\/352 tox|[from] ability: Poison Heal
|turn|19
|
|move|p1a: Scizor|Bullet Punch|p2a: Gliscor
|-damage|p2a: Gliscor|0 fnt
|faint|p2a: Gliscor
|
|-weather|none
|-end|p1a: Scizor|move: Taunt
|
|switch|p2a: Excadrill|Excadrill, F, shiny|229\/361
|-damage|p2a: Excadrill|218\/361|[from] Stealth Rock
|-ability|p2a: Excadrill|Mold Breaker
|turn|20
|
|move|p2a: Excadrill|Earthquake|p1a: Scizor
|-damage|p1a: Scizor|27\/343
|move|p1a: Scizor|Roost|p1a: Scizor
|-heal|p1a: Scizor|199\/343
|
|turn|21
|
|move|p2a: Excadrill|Earthquake|p1a: Scizor
|-damage|p1a: Scizor|58\/343
|move|p1a: Scizor|Roost|p1a: Scizor
|-heal|p1a: Scizor|230\/343
|
|turn|22
|
|switch|p2a: Gothitelle|Gothitelle, M|204\/281
|-damage|p2a: Gothitelle|169\/281|[from] Stealth Rock
|move|p1a: Scizor|Bullet Punch|p2a: Gothitelle
|-damage|p2a: Gothitelle|0 fnt
|faint|p2a: Gothitelle
|
|
|switch|p2a: Excadrill|Excadrill, F, shiny|218\/361
|-damage|p2a: Excadrill|207\/361|[from] Stealth Rock
|-ability|p2a: Excadrill|Mold Breaker
|turn|23
|
|move|p2a: Excadrill|Rapid Spin|p1a: Scizor
|-resisted|p1a: Scizor
|-damage|p1a: Scizor|221\/343
|-sideend|p2: Caotic|Stealth Rock|[from] move: Rapid Spin|[of] p2a: Excadrill
|move|p1a: Scizor|Roost|p1a: Scizor
|-heal|p1a: Scizor|343\/343
|
|turn|24
|
|switch|p2a: Keldeo-Resolute|Keldeo-Resolute|101\/323
|move|p1a: Scizor|Swords Dance|p1a: Scizor
|-boost|p1a: Scizor|atk|2
|
|turn|25
|
|move|p1a: Scizor|Bullet Punch|p2a: Keldeo-Resolute
|-resisted|p2a: Keldeo-Resolute
|-damage|p2a: Keldeo-Resolute|0 fnt
|faint|p2a: Keldeo-Resolute
|
|
|switch|p2a: Charizard|Charizard-Mega-Y, M|237\/297
|-weather|SunnyDay
|turn|26
|
|move|p1a: Scizor|Bullet Punch|p2a: Charizard
|-resisted|p2a: Charizard
|-damage|p2a: Charizard|0 fnt
|faint|p2a: Charizard
|
|-weather|SunnyDay|[upkeep]
|-message|Caotic forfeited.
|
|win|Trumaerd
|raw|Ladder updating...
|leave|Caotic
|player|p2
|raw|Trumaerd's rating: 1420 &rarr; <strong>1436<\/strong><br \/>(+16 for winning)
|raw|Caotic's rating: 1355 &rarr; <strong>1339<\/strong><br \/>(-16 for losing)