|join|Trumaerd
|join|shining milkyway
|player|p1|Trumaerd|1
|player|p2|shining milkyway|2
|gametype|singles
|gen|6
|tier|OU (suspect test)
|rated
|clearpoke
|poke|p1|Infernape, F
|poke|p1|Bisharp, F
|poke|p1|Diancie
|poke|p1|Keldeo
|poke|p1|Dragonite, M
|poke|p1|Thundurus, M
|poke|p2|Altaria, M
|poke|p2|Gothitelle, M
|poke|p2|Magnezone
|poke|p2|Landorus-Therian, M
|poke|p2|Sylveon, F
|poke|p2|Diggersby, F
|rule|Swagger Clause: Swagger is banned
|rule|Baton Pass Clause: Limit one PokÃ©mon knowing Baton Pass
|rule|Sleep Clause Mod: Limit one foe put to sleep
|rule|Species Clause: Limit one of each PokÃ©mon
|rule|OHKO Clause: OHKO moves are banned
|rule|Moody Clause: Moody is banned
|rule|Evasion Moves Clause: Evasion moves are banned
|rule|Endless Battle Clause: Forcing endless battles is banned
|rule|HP Percentage Mod: HP is shown in percentages
|teampreview
|
|start
|switch|p1a: Infernape|Infernape, F|293\/293
|switch|p2a: arf arf|Landorus-Therian, M|382\/382
|-ability|p2a: arf arf|Intimidate|[of] p1a: Infernape
|-unboost|p1a: Infernape|atk|1
|turn|1
|
|move|p1a: Infernape|Stealth Rock|p2a: arf arf
|-sidestart|p2: shining milkyway|move: Stealth Rock
|move|p2a: arf arf|Earthquake|p1a: Infernape
|-supereffective|p1a: Infernape
|-enditem|p1a: Infernape|Focus Sash
|-damage|p1a: Infernape|1\/293
|
|turn|2
|
|move|p1a: Infernape|Endeavor|p2a: arf arf
|-damage|p2a: arf arf|1\/382
|move|p2a: arf arf|Stealth Rock|p1a: Infernape
|-sidestart|p1: Trumaerd|move: Stealth Rock
|
|-heal|p2a: arf arf|24\/382|[from] item: Leftovers
|turn|3
|
|move|p1a: Infernape|Fire Blast|p2a: arf arf
|-damage|p2a: arf arf|0 fnt
|faint|p2a: arf arf
|
|
|switch|p2a: niggersby|Diggersby, F|311\/311
|-damage|p2a: niggersby|292\/311|[from] Stealth Rock
|turn|4
|
|move|p1a: Infernape|Vacuum Wave|p2a: niggersby
|-supereffective|p2a: niggersby
|-damage|p2a: niggersby|142\/311
|move|p2a: niggersby|U-turn|p1a: Infernape
|-resisted|p1a: Infernape
|-damage|p1a: Infernape|0 fnt
|faint|p1a: Infernape
|
|switch|p2a: magnets pls|Magnezone|281\/281
|-damage|p2a: magnets pls|264\/281|[from] Stealth Rock
|
|
|switch|p1a: Bisharp|Bisharp, F|291\/291
|-damage|p1a: Bisharp|273\/291|[from] Stealth Rock
|turn|5
|
|move|p2a: magnets pls|Hidden Power|p1a: Bisharp
|-supereffective|p1a: Bisharp
|-damage|p1a: Bisharp|91\/291
|move|p1a: Bisharp|Knock Off|p2a: magnets pls
|-damage|p2a: magnets pls|65\/281
|-enditem|p2a: magnets pls|Choice Scarf|[from] move: Knock Off|[of] p1a: Bisharp
|-damage|p1a: Bisharp|62\/291|[from] item: Life Orb
|
|turn|6
|
|switch|p2a: malt beer|Altaria, M|353\/353
|-damage|p2a: malt beer|265\/353|[from] Stealth Rock
|move|p1a: Bisharp|Sucker Punch|p2a: malt beer
|-fail|p2a: malt beer
|
|turn|7
|
|move|p1a: Bisharp|Iron Head|p2a: malt beer
|-damage|p2a: malt beer|104\/353
|-damage|p1a: Bisharp|33\/291|[from] item: Life Orb
|move|p2a: malt beer|Dragon Dance|p2a: malt beer
|-boost|p2a: malt beer|atk|1
|-boost|p2a: malt beer|spe|1
|
|turn|8
|
|detailschange|p2a: malt beer|Altaria-Mega, M
|-mega|p2a: malt beer|Altaria|Altarianite
|move|p2a: malt beer|Roost|p2a: malt beer
|-heal|p2a: malt beer|281\/353
|move|p1a: Bisharp|Iron Head|p2a: malt beer
|-crit|p2a: malt beer
|-supereffective|p2a: malt beer
|-damage|p2a: malt beer|0 fnt
|-damage|p1a: Bisharp|4\/291|[from] item: Life Orb
|faint|p2a: malt beer
|
|
|switch|p2a: niggersby|Diggersby, F|142\/311
|-damage|p2a: niggersby|123\/311|[from] Stealth Rock
|turn|9
|
|move|p2a: niggersby|U-turn|p1a: Bisharp
|-damage|p1a: Bisharp|0 fnt
|faint|p1a: Bisharp
|
|switch|p2a: arf arf|Sylveon, F|393\/393
|-damage|p2a: arf arf|344\/393|[from] Stealth Rock
|
|
|switch|p1a: Diancie|Diancie|241\/241
|-damage|p1a: Diancie|211\/241|[from] Stealth Rock
|turn|10
|
|detailschange|p1a: Diancie|Diancie-Mega
|-mega|p1a: Diancie|Diancie|Diancite
|move|p1a: Diancie|Protect|p1a: Diancie
|-singleturn|p1a: Diancie|Protect
|move|p2a: arf arf|Hyper Voice|p1a: Diancie
|-activate|p1a: Diancie|Protect
|
|turn|11
|
|move|p1a: Diancie|Diamond Storm|p2a: arf arf
|-miss|p1a: Diancie|p2a: arf arf
|move|p2a: arf arf|Hyper Voice|p1a: Diancie
|-damage|p1a: Diancie|0 fnt
|faint|p1a: Diancie
|
|
|switch|p1a: Keldeo|Keldeo|324\/324
|-damage|p1a: Keldeo|304\/324|[from] Stealth Rock
|turn|12
|
|move|p1a: Keldeo|Scald|p2a: arf arf
|-damage|p2a: arf arf|239\/393
|move|p2a: arf arf|Hyper Voice|p1a: Keldeo
|-supereffective|p1a: Keldeo
|-damage|p1a: Keldeo|0 fnt
|faint|p1a: Keldeo
|
|
|switch|p1a: Thundurus|Thundurus, M|299\/299
|-damage|p1a: Thundurus|225\/299|[from] Stealth Rock
|turn|13
|
|move|p1a: Thundurus|Superpower|p2a: arf arf
|-resisted|p2a: arf arf
|-damage|p2a: arf arf|140\/393
|-unboost|p1a: Thundurus|atk|1
|-unboost|p1a: Thundurus|def|1
|-damage|p1a: Thundurus|196\/299|[from] item: Life Orb
|move|p2a: arf arf|Hyper Voice|p1a: Thundurus
|-damage|p1a: Thundurus|0 fnt
|faint|p1a: Thundurus
|
|
|switch|p1a: Dragonite|Dragonite, M|323\/323
|-damage|p1a: Dragonite|243\/323|[from] Stealth Rock
|turn|14
|
|move|p1a: Dragonite|Extreme Speed|p2a: arf arf
|-damage|p2a: arf arf|0 fnt
|faint|p2a: arf arf
|
|
|switch|p2a: wobb pls|Gothitelle, M|306\/306
|-damage|p2a: wobb pls|268\/306|[from] Stealth Rock
|turn|15
|
|move|p1a: Dragonite|Extreme Speed|p2a: wobb pls
|-damage|p2a: wobb pls|109\/306
|move|p2a: wobb pls|Psyshock|p1a: Dragonite
|-damage|p1a: Dragonite|39\/323
|
|turn|16
|
|move|p1a: Dragonite|Extreme Speed|p2a: wobb pls
|-damage|p2a: wobb pls|0 fnt
|faint|p2a: wobb pls
|
|
|switch|p2a: magnets pls|Magnezone|65\/281
|-damage|p2a: magnets pls|48\/281|[from] Stealth Rock
|turn|17
|
|move|p1a: Dragonite|Extreme Speed|p2a: magnets pls
|-resisted|p2a: magnets pls
|-damage|p2a: magnets pls|0 fnt
|faint|p2a: magnets pls
|
|-message|shining milkyway forfeited.
|
|win|Trumaerd
|raw|Ladder updating...
|leave|shining milkyway
|player|p2
|raw|Trumaerd's rating: 1506 &rarr; <strong>1520<\/strong><br \/>(+14 for winning)
|raw|shining milkyway's rating: 1407 &rarr; <strong>1393<\/strong><br \/>(-14 for losing)