|join|utalawea
|join|Trumaerd
|player|p1|utalawea|162
|player|p2|Trumaerd|1
|gametype|singles
|gen|6
|tier|OU (suspect test)
|rated
|clearpoke
|poke|p1|Talonflame, M
|poke|p1|Staraptor, M
|poke|p1|Pinsir, M
|poke|p1|Honchkrow, M
|poke|p1|Empoleon, M
|poke|p1|Landorus-Therian, M
|poke|p2|Scizor, M
|poke|p2|Kingdra, F
|poke|p2|Gothitelle, F
|poke|p2|Politoed, F
|poke|p2|Ferrothorn, F
|poke|p2|Crawdaunt, F
|rule|Swagger Clause: Swagger is banned
|rule|Baton Pass Clause: Limit one PokÃ©mon knowing Baton Pass
|rule|Sleep Clause Mod: Limit one foe put to sleep
|rule|Species Clause: Limit one of each PokÃ©mon
|rule|OHKO Clause: OHKO moves are banned
|rule|Moody Clause: Moody is banned
|rule|Evasion Moves Clause: Evasion moves are banned
|rule|Endless Battle Clause: Forcing endless battles is banned
|rule|HP Percentage Mod: HP is shown in percentages
|teampreview
|
|start
|switch|p1a: Pinsir|Pinsir, M|271\/271
|switch|p2a: Politoed|Politoed, F|384\/384
|-weather|RainDance
|turn|1
|
|detailschange|p1a: Pinsir|Pinsir-Mega, M
|-mega|p1a: Pinsir|Pinsir|Pinsirite
|move|p1a: Pinsir|Swords Dance|p1a: Pinsir
|-boost|p1a: Pinsir|atk|2
|move|p2a: Politoed|Encore|p1a: Pinsir
|-start|p1a: Pinsir|Encore
|
|-weather|RainDance|[upkeep]
|turn|2
|
|switch|p1a: Empoleon|Empoleon, M|372\/372
|switch|p2a: Gothitelle|Gothitelle, F|282\/282
|
|-weather|RainDance|[upkeep]
|turn|3
|
|move|p2a: Gothitelle|Trick|p1a: Empoleon
|-activate|p2a: Gothitelle|move: Trick|[of] p1a: Empoleon
|-item|p1a: Empoleon|Choice Specs|[from] move: Trick
|-item|p2a: Gothitelle|Leftovers|[from] move: Trick
|move|p1a: Empoleon|Stealth Rock|p2a: Gothitelle
|-sidestart|p2: Trumaerd|move: Stealth Rock
|
|-weather|RainDance|[upkeep]
|turn|4
|c|âutalawea|si hubiese usdo scald..xd
|
|move|p2a: Gothitelle|Calm Mind|p2a: Gothitelle
|-boost|p2a: Gothitelle|spa|1
|-boost|p2a: Gothitelle|spd|1
|move|p1a: Empoleon|Stealth Rock|p2a: Gothitelle
|-fail|p2a: Gothitelle
|
|-weather|RainDance|[upkeep]
|turn|5
|
|move|p2a: Gothitelle|Calm Mind|p2a: Gothitelle
|-boost|p2a: Gothitelle|spa|1
|-boost|p2a: Gothitelle|spd|1
|move|p1a: Empoleon|Stealth Rock|p2a: Gothitelle
|-fail|p2a: Gothitelle
|
|-weather|RainDance|[upkeep]
|turn|6
|
|move|p2a: Gothitelle|Calm Mind|p2a: Gothitelle
|-boost|p2a: Gothitelle|spa|1
|-boost|p2a: Gothitelle|spd|1
|move|p1a: Empoleon|Stealth Rock|p2a: Gothitelle
|-fail|p2a: Gothitelle
|
|-weather|RainDance|[upkeep]
|turn|7
|
|move|p2a: Gothitelle|Calm Mind|p2a: Gothitelle
|-boost|p2a: Gothitelle|spa|1
|-boost|p2a: Gothitelle|spd|1
|move|p1a: Empoleon|Stealth Rock|p2a: Gothitelle
|-fail|p2a: Gothitelle
|
|-weather|RainDance|[upkeep]
|turn|8
|
|move|p2a: Gothitelle|Calm Mind|p2a: Gothitelle
|-boost|p2a: Gothitelle|spa|1
|-boost|p2a: Gothitelle|spd|1
|move|p1a: Empoleon|Stealth Rock|p2a: Gothitelle
|-fail|p2a: Gothitelle
|
|-weather|none
|turn|9
|
|move|p2a: Gothitelle|Calm Mind|p2a: Gothitelle
|-boost|p2a: Gothitelle|spa|1
|-boost|p2a: Gothitelle|spd|1
|move|p1a: Empoleon|Stealth Rock|p2a: Gothitelle
|-fail|p2a: Gothitelle
|
|turn|10
|
|move|p2a: Gothitelle|Thunderbolt|p1a: Empoleon
|-supereffective|p1a: Empoleon
|-damage|p1a: Empoleon|0 fnt
|faint|p1a: Empoleon
|
|
|switch|p1a: Staraptor|Staraptor, M|311\/311
|turn|11
|
|switch|p2a: Ferrothorn|Ferrothorn, F|352\/352
|-damage|p2a: Ferrothorn|330\/352|[from] Stealth Rock
|move|p1a: Staraptor|Brave Bird|p2a: Ferrothorn
|-damage|p2a: Ferrothorn|170\/352
|-damage|p1a: Staraptor|273\/311|[from] ability: Iron Barbs|[of] p2a: Ferrothorn
|-damage|p1a: Staraptor|222\/311|[from] item: Rocky Helmet|[of] p2a: Ferrothorn
|-damage|p1a: Staraptor|169\/311|[from] recoil|[of] p2a: Ferrothorn
|
|turn|12
|
|switch|p1a: Honchkrow|Honchkrow, M|341\/341
|move|p2a: Ferrothorn|Stealth Rock|p1a: Honchkrow
|-sidestart|p1: utalawea|move: Stealth Rock
|
|turn|13
|
|switch|p2a: Politoed|Politoed, F|384\/384
|-damage|p2a: Politoed|336\/384|[from] Stealth Rock
|-weather|RainDance
|move|p1a: Honchkrow|Heat Wave|p2a: Politoed
|-resisted|p2a: Politoed
|-damage|p2a: Politoed|311\/384
|-damage|p1a: Honchkrow|307\/341|[from] item: Life Orb
|
|-weather|RainDance|[upkeep]
|turn|14
|
|switch|p2a: Ferrothorn|Ferrothorn, F|170\/352
|-damage|p2a: Ferrothorn|148\/352|[from] Stealth Rock
|move|p1a: Honchkrow|Brave Bird|p2a: Ferrothorn
|-damage|p2a: Ferrothorn|0 fnt
|-damage|p1a: Honchkrow|265\/341|[from] ability: Iron Barbs|[of] p2a: Ferrothorn
|-damage|p1a: Honchkrow|209\/341|[from] item: Rocky Helmet|[of] p2a: Ferrothorn
|-damage|p1a: Honchkrow|160\/341|[from] recoil|[of] p2a: Ferrothorn
|-damage|p1a: Honchkrow|126\/341|[from] item: Life Orb
|faint|p2a: Ferrothorn
|
|-weather|RainDance|[upkeep]
|
|switch|p2a: Kingdra|Kingdra, F|311\/311
|-damage|p2a: Kingdra|273\/311|[from] Stealth Rock
|turn|15
|
|move|p1a: Honchkrow|Sucker Punch|p2a: Kingdra
|-damage|p2a: Kingdra|53\/311
|-damage|p1a: Honchkrow|92\/341|[from] item: Life Orb
|move|p2a: Kingdra|Surf|p1a: Honchkrow
|-damage|p1a: Honchkrow|0 fnt
|faint|p1a: Honchkrow
|
|-weather|RainDance|[upkeep]
|
|switch|p1a: Talonflame|Talonflame, M|309\/309
|-damage|p1a: Talonflame|155\/309|[from] Stealth Rock
|turn|16
|
|move|p1a: Talonflame|Brave Bird|p2a: Kingdra
|-damage|p2a: Kingdra|0 fnt
|-damage|p1a: Talonflame|138\/309|[from] recoil|[of] p2a: Kingdra
|faint|p2a: Kingdra
|
|-weather|RainDance|[upkeep]
|
|switch|p2a: Gothitelle|Gothitelle, F|282\/282
|-damage|p2a: Gothitelle|247\/282|[from] Stealth Rock
|turn|17
|
|move|p1a: Talonflame|Brave Bird|p2a: Gothitelle
|-damage|p2a: Gothitelle|0 fnt
|-damage|p1a: Talonflame|56\/309|[from] recoil|[of] p2a: Gothitelle
|faint|p2a: Gothitelle
|
|-weather|RainDance|[upkeep]
|
|switch|p2a: Scizor|Scizor, M|343\/343
|-damage|p2a: Scizor|301\/343|[from] Stealth Rock
|turn|18
|
|detailschange|p2a: Scizor|Scizor-Mega, M
|-mega|p2a: Scizor|Scizor|Scizorite
|move|p1a: Talonflame|Brave Bird|p2a: Scizor
|-crit|p2a: Scizor
|-damage|p2a: Scizor|0 fnt
|-damage|p1a: Talonflame|0 fnt|[from] recoil|[of] p2a: Scizor
|faint|p2a: Scizor
|faint|p1a: Talonflame
|
|-weather|RainDance|[upkeep]
|
|switch|p1a: Staraptor|Staraptor, M|169\/311
|switch|p2a: Crawdaunt|Crawdaunt, F|268\/268
|-damage|p1a: Staraptor|92\/311|[from] Stealth Rock
|-damage|p2a: Crawdaunt|235\/268|[from] Stealth Rock
|turn|19
|
|move|p2a: Crawdaunt|Aqua Jet|p1a: Staraptor
|-damage|p1a: Staraptor|0 fnt
|-damage|p2a: Crawdaunt|209\/268|[from] item: Life Orb
|faint|p1a: Staraptor
|
|-weather|RainDance|[upkeep]
|
|switch|p1a: Pinsir|Pinsir-Mega, M|271\/271
|-damage|p1a: Pinsir|136\/271|[from] Stealth Rock
|turn|20
|
|move|p1a: Pinsir|Quick Attack|p2a: Crawdaunt
|-damage|p2a: Crawdaunt|91\/268
|move|p2a: Crawdaunt|Aqua Jet|p1a: Pinsir
|-damage|p1a: Pinsir|0 fnt
|-damage|p2a: Crawdaunt|65\/268|[from] item: Life Orb
|faint|p1a: Pinsir
|
|-weather|none
|
|switch|p1a: Landorus-Therian|Landorus-Therian, M|381\/381
|-damage|p1a: Landorus-Therian|334\/381|[from] Stealth Rock
|-ability|p1a: Landorus-Therian|Intimidate|[of] p2a: Crawdaunt
|-unboost|p2a: Crawdaunt|atk|1
|turn|21
|
|switch|p2a: Politoed|Politoed, F|311\/384
|-damage|p2a: Politoed|263\/384|[from] Stealth Rock
|-weather|RainDance
|move|p1a: Landorus-Therian|Earthquake|p2a: Politoed
|-damage|p2a: Politoed|97\/384
|
|-weather|RainDance|[upkeep]
|turn|22
|
|move|p1a: Landorus-Therian|Earthquake|p2a: Politoed
|-damage|p2a: Politoed|0 fnt
|faint|p2a: Politoed
|
|-weather|RainDance|[upkeep]
|
|switch|p2a: Crawdaunt|Crawdaunt, F|65\/268
|-damage|p2a: Crawdaunt|32\/268|[from] Stealth Rock
|turn|23
|
|move|p2a: Crawdaunt|Aqua Jet|p1a: Landorus-Therian
|-supereffective|p1a: Landorus-Therian
|-damage|p1a: Landorus-Therian|0 fnt
|-damage|p2a: Crawdaunt|6\/268|[from] item: Life Orb
|faint|p1a: Landorus-Therian
|
|win|Trumaerd
|raw|Ladder updating...
|raw|utalawea's rating: 1324 &rarr; <strong>1309<\/strong><br \/>(-15 for losing)
|raw|Trumaerd's rating: 1401 &rarr; <strong>1417<\/strong><br \/>(+16 for winning)
|c|âutalawea|gg