|join|marthsmogon
|join|Trumaerd
|join|rhtrjwr
|player|p1|marthsmogon|169
|player|p2|Trumaerd|2
|gametype|singles
|gen|6
|tier|OU (suspect test)
|rated
|clearpoke
|poke|p1|Slowbro, F
|poke|p1|Tyranitar, F
|poke|p1|Clefable, F
|poke|p1|Landorus-Therian, M
|poke|p1|Jirachi
|poke|p1|Keldeo
|poke|p2|Seismitoad, M
|poke|p2|Politoed, M
|poke|p2|Kingdra, M
|poke|p2|Kabutops, F
|poke|p2|Scizor, M
|poke|p2|Gothitelle, F
|rule|Swagger Clause: Swagger is banned
|rule|Baton Pass Clause: Limit one PokÃ©mon knowing Baton Pass
|rule|Sleep Clause Mod: Limit one foe put to sleep
|rule|Species Clause: Limit one of each PokÃ©mon
|rule|OHKO Clause: OHKO moves are banned
|rule|Moody Clause: Moody is banned
|rule|Evasion Moves Clause: Evasion moves are banned
|rule|Endless Battle Clause: Forcing endless battles is banned
|rule|HP Percentage Mod: HP is shown in percentages
|teampreview
|join|test4999
|join|Sinclair
|
|start
|switch|p1a: Jirachi|Jirachi|403\/403
|switch|p2a: Gothitelle|Gothitelle, F|282\/282
|turn|1
|c|âmarthsmogon|REPRESENT REPRESENT
|
|move|p1a: Jirachi|U-turn|p2a: Gothitelle
|-supereffective|p2a: Gothitelle
|-damage|p2a: Gothitelle|176\/282
|
|switch|p1a: Landorus-Therian|Landorus-Therian, M|319\/319
|-ability|p1a: Landorus-Therian|Intimidate|[of] p2a: Gothitelle
|-unboost|p2a: Gothitelle|atk|1
|move|p2a: Gothitelle|Trick|p1a: Landorus-Therian
|-activate|p2a: Gothitelle|move: Trick|[of] p1a: Landorus-Therian
|-item|p1a: Landorus-Therian|Choice Specs|[from] move: Trick
|-item|p2a: Gothitelle|Choice Scarf|[from] move: Trick
|
|turn|2
|
|switch|p2a: Seismitoad|Seismitoad, M|414\/414
|move|p1a: Landorus-Therian|Earthquake|p2a: Seismitoad
|-damage|p2a: Seismitoad|254\/414
|
|-heal|p2a: Seismitoad|279\/414|[from] item: Leftovers
|turn|3
|
|switch|p1a: Jirachi|Jirachi|403\/403
|move|p2a: Seismitoad|Stealth Rock|p1a: Jirachi
|-sidestart|p1: marthsmogon|move: Stealth Rock
|
|-heal|p2a: Seismitoad|304\/414|[from] item: Leftovers
|turn|4
|
|move|p1a: Jirachi|Stealth Rock|p2a: Seismitoad
|-sidestart|p2: Trumaerd|move: Stealth Rock
|move|p2a: Seismitoad|Knock Off|p1a: Jirachi
|-supereffective|p1a: Jirachi
|-damage|p1a: Jirachi|269\/403
|-enditem|p1a: Jirachi|Leftovers|[from] move: Knock Off|[of] p2a: Seismitoad
|
|-heal|p2a: Seismitoad|329\/414|[from] item: Leftovers
|turn|5
|
|move|p1a: Jirachi|U-turn|p2a: Seismitoad
|-damage|p2a: Seismitoad|284\/414
|
|switch|p1a: Keldeo|Keldeo|323\/323
|-damage|p1a: Keldeo|303\/323|[from] Stealth Rock
|move|p2a: Seismitoad|Scald|p1a: Keldeo
|-resisted|p1a: Keldeo
|-damage|p1a: Keldeo|259\/323
|
|-heal|p1a: Keldeo|279\/323|[from] item: Leftovers
|-heal|p2a: Seismitoad|309\/414|[from] item: Leftovers
|turn|6
|
|switch|p2a: Gothitelle|Gothitelle, F|176\/282
|-damage|p2a: Gothitelle|141\/282|[from] Stealth Rock
|move|p1a: Keldeo|Substitute|p1a: Keldeo
|-start|p1a: Keldeo|Substitute
|-damage|p1a: Keldeo|199\/323
|
|-heal|p1a: Keldeo|219\/323|[from] item: Leftovers
|turn|7
|
|move|p1a: Keldeo|Scald|p2a: Gothitelle
|-crit|p2a: Gothitelle
|-damage|p2a: Gothitelle|0 fnt
|faint|p2a: Gothitelle
|
|-heal|p1a: Keldeo|239\/323|[from] item: Leftovers
|
|switch|p2a: Politoed|Politoed, M|384\/384
|-damage|p2a: Politoed|336\/384|[from] Stealth Rock
|-weather|RainDance
|turn|8
|
|move|p1a: Keldeo|Scald|p2a: Politoed
|-resisted|p2a: Politoed
|-damage|p2a: Politoed|237\/384
|move|p2a: Politoed|Encore|p1a: Keldeo
|-start|p1a: Keldeo|Encore
|
|-weather|RainDance|[upkeep]
|-heal|p1a: Keldeo|259\/323|[from] item: Leftovers
|turn|9
|
|switch|p1a: Slowbro|Slowbro, F|394\/394
|-damage|p1a: Slowbro|345\/394|[from] Stealth Rock
|switch|p2a: Seismitoad|Seismitoad, M|309\/414
|-damage|p2a: Seismitoad|284\/414|[from] Stealth Rock
|
|-weather|RainDance|[upkeep]
|-heal|p2a: Seismitoad|309\/414|[from] item: Leftovers
|turn|10
|
|detailschange|p1a: Slowbro|Slowbro-Mega, F
|-mega|p1a: Slowbro|Slowbro|Slowbronite
|move|p2a: Seismitoad|Toxic|p1a: Slowbro
|-status|p1a: Slowbro|tox
|move|p1a: Slowbro|Calm Mind|p1a: Slowbro
|-boost|p1a: Slowbro|spa|1
|-boost|p1a: Slowbro|spd|1
|
|-weather|RainDance|[upkeep]
|-heal|p2a: Seismitoad|334\/414|[from] item: Leftovers
|-damage|p1a: Slowbro|321\/394 tox|[from] psn
|turn|11
|join|Key
|
|switch|p2a: Politoed|Politoed, M|237\/384
|-damage|p2a: Politoed|189\/384|[from] Stealth Rock
|move|p1a: Slowbro|Psyshock|p2a: Politoed
|-damage|p2a: Politoed|35\/384
|
|-weather|RainDance|[upkeep]
|-damage|p1a: Slowbro|273\/394 tox|[from] psn
|turn|12
|
|move|p2a: Politoed|Encore|p1a: Slowbro
|-start|p1a: Slowbro|Encore
|move|p1a: Slowbro|Psyshock|p2a: Politoed
|-damage|p2a: Politoed|0 fnt
|faint|p2a: Politoed
|
|-weather|RainDance|[upkeep]
|-damage|p1a: Slowbro|201\/394 tox|[from] psn
|
|switch|p2a: Kingdra|Kingdra, M|298\/298
|-damage|p2a: Kingdra|261\/298|[from] Stealth Rock
|turn|13
|
|switch|p2a: Scizor|Scizor, M|344\/344
|-damage|p2a: Scizor|301\/344|[from] Stealth Rock
|move|p1a: Slowbro|Psyshock|p2a: Scizor
|-resisted|p2a: Scizor
|-damage|p2a: Scizor|205\/344
|
|-weather|RainDance|[upkeep]
|-damage|p1a: Slowbro|105\/394 tox|[from] psn
|turn|14
|
|detailschange|p2a: Scizor|Scizor-Mega, M
|-mega|p2a: Scizor|Scizor|Scizorite
|move|p2a: Scizor|Swords Dance|p2a: Scizor
|-boost|p2a: Scizor|atk|2
|move|p1a: Slowbro|Psyshock|p2a: Scizor
|-resisted|p2a: Scizor
|-damage|p2a: Scizor|134\/344
|
|-weather|RainDance|[upkeep]
|-damage|p1a: Slowbro|0 fnt|[from] psn
|faint|p1a: Slowbro
|
|switch|p1a: Keldeo|Keldeo|259\/323
|-damage|p1a: Keldeo|239\/323|[from] Stealth Rock
|turn|15
|
|move|p2a: Scizor|Bullet Punch|p1a: Keldeo
|-resisted|p1a: Keldeo
|-damage|p1a: Keldeo|94\/323
|move|p1a: Keldeo|Scald|p2a: Scizor
|-damage|p2a: Scizor|0 fnt
|faint|p2a: Scizor
|
|-weather|none
|-heal|p1a: Keldeo|114\/323|[from] item: Leftovers
|
|switch|p2a: Kingdra|Kingdra, M|261\/298
|-damage|p2a: Kingdra|224\/298|[from] Stealth Rock
|turn|16
|
|move|p1a: Keldeo|Secret Sword|p2a: Kingdra
|-damage|p2a: Kingdra|53\/298
|move|p2a: Kingdra|Dragon Pulse|p1a: Keldeo
|-damage|p1a: Keldeo|0 fnt
|faint|p1a: Keldeo
|
|
|switch|p1a: Tyranitar|Tyranitar, F|341\/341
|-damage|p1a: Tyranitar|299\/341|[from] Stealth Rock
|-weather|Sandstorm
|turn|17
|
|move|p1a: Tyranitar|Crunch|p2a: Kingdra
|-damage|p2a: Kingdra|0 fnt
|faint|p2a: Kingdra
|
|-weather|Sandstorm|[upkeep]
|
|switch|p2a: Seismitoad|Seismitoad, M|334\/414
|-damage|p2a: Seismitoad|309\/414|[from] Stealth Rock
|turn|18
|
|move|p1a: Tyranitar|Crunch|p2a: Seismitoad
|-damage|p2a: Seismitoad|176\/414
|-unboost|p2a: Seismitoad|def|1
|move|p2a: Seismitoad|Scald|p1a: Tyranitar
|-supereffective|p1a: Tyranitar
|-damage|p1a: Tyranitar|197\/341
|
|-weather|Sandstorm|[upkeep]
|-heal|p2a: Seismitoad|201\/414|[from] item: Leftovers
|turn|19
|
|move|p1a: Tyranitar|Crunch|p2a: Seismitoad
|-damage|p2a: Seismitoad|12\/414
|move|p2a: Seismitoad|Scald|p1a: Tyranitar
|-supereffective|p1a: Tyranitar
|-damage|p1a: Tyranitar|95\/341
|
|-weather|Sandstorm|[upkeep]
|-heal|p2a: Seismitoad|37\/414|[from] item: Leftovers
|turn|20
|
|move|p1a: Tyranitar|Crunch|p2a: Seismitoad
|-damage|p2a: Seismitoad|0 fnt
|faint|p2a: Seismitoad
|
|-weather|Sandstorm|[upkeep]
|
|switch|p2a: Kabutops|Kabutops, F|271\/271
|-damage|p2a: Kabutops|238\/271|[from] Stealth Rock
|turn|21
|
|move|p1a: Tyranitar|Crunch|p2a: Kabutops
|-damage|p2a: Kabutops|105\/271
|move|p2a: Kabutops|Swords Dance|p2a: Kabutops
|-boost|p2a: Kabutops|atk|2
|
|-weather|none
|turn|22
|
|move|p2a: Kabutops|Aqua Jet|p1a: Tyranitar
|-supereffective|p1a: Tyranitar
|-damage|p1a: Tyranitar|0 fnt
|-damage|p2a: Kabutops|78\/271|[from] item: Life Orb
|faint|p1a: Tyranitar
|
|
|switch|p1a: Landorus-Therian|Landorus-Therian, M|319\/319
|-damage|p1a: Landorus-Therian|280\/319|[from] Stealth Rock
|-ability|p1a: Landorus-Therian|Intimidate|[of] p2a: Kabutops
|-unboost|p2a: Kabutops|atk|1
|turn|23
|
|move|p2a: Kabutops|Aqua Jet|p1a: Landorus-Therian
|-supereffective|p1a: Landorus-Therian
|-damage|p1a: Landorus-Therian|0 fnt
|-damage|p2a: Kabutops|51\/271|[from] item: Life Orb
|faint|p1a: Landorus-Therian
|
|
|switch|p1a: Clefable|Clefable, F|394\/394
|-damage|p1a: Clefable|345\/394|[from] Stealth Rock
|turn|24
|
|move|p2a: Kabutops|Waterfall|p1a: Clefable
|-damage|p1a: Clefable|189\/394
|-damage|p2a: Kabutops|24\/271|[from] item: Life Orb
|move|p1a: Clefable|Moonblast|p2a: Kabutops
|-damage|p2a: Kabutops|0 fnt
|faint|p2a: Kabutops
|
|win|marthsmogon
|raw|Ladder updating...
|raw|marthsmogon's rating: 1688 &rarr; <strong>1697<\/strong><br \/>(+9 for winning)
|raw|Trumaerd's rating: 1479 &rarr; <strong>1470<\/strong><br \/>(-9 for losing)