|join|Im Not A Pedohile
|join|Trumaerd
|player|p1|Im Not A Pedohile|101
|player|p2|Trumaerd|266
|gametype|singles
|gen|6
|tier|OU (suspect test)
|rated
|clearpoke
|poke|p1|Charizard, F
|poke|p1|Mienshao, F
|poke|p1|Kyurem-Black
|poke|p1|Rotom-Wash
|poke|p1|Togekiss, F
|poke|p1|Landorus-Therian, M
|poke|p2|Infernape, M
|poke|p2|Dragonite, M
|poke|p2|Bisharp, M
|poke|p2|Keldeo
|poke|p2|Metagross
|poke|p2|Thundurus, M
|rule|Swagger Clause: Swagger is banned
|rule|Baton Pass Clause: Limit one PokÃ©mon knowing Baton Pass
|rule|Sleep Clause Mod: Limit one foe put to sleep
|rule|Species Clause: Limit one of each PokÃ©mon
|rule|OHKO Clause: OHKO moves are banned
|rule|Moody Clause: Moody is banned
|rule|Evasion Moves Clause: Evasion moves are banned
|rule|Endless Battle Clause: Forcing endless battles is banned
|rule|HP Percentage Mod: HP is shown in percentages
|teampreview
|c|âIm Not A Pedohile|glhf
|c|âIm Not A Pedohile|power squad i see :)
|c|âTrumaerd|youtoo
|
|start
|switch|p1a: Rotom-Wash|Rotom-Wash|304\/304
|switch|p2a: Metagross|Metagross|301\/301
|turn|1
|
|switch|p2a: Infernape|Infernape, M|293\/293
|move|p1a: Rotom-Wash|Will-O-Wisp|p2a: Infernape
|-fail|p2a: Infernape
|
|turn|2
|
|move|p2a: Infernape|Stealth Rock|p1a: Rotom-Wash
|-sidestart|p1: Im Not A Pedohile|move: Stealth Rock
|move|p1a: Rotom-Wash|Volt Switch|p2a: Infernape
|-damage|p2a: Infernape|181\/293
|
|switch|p1a: Landorus-Therian|Landorus-Therian, M|382\/382
|-damage|p1a: Landorus-Therian|335\/382|[from] Stealth Rock
|-ability|p1a: Landorus-Therian|Intimidate|[of] p2a: Infernape
|-unboost|p2a: Infernape|atk|1
|
|-heal|p1a: Landorus-Therian|358\/382|[from] item: Leftovers
|turn|3
|
|move|p2a: Infernape|Fire Blast|p1a: Landorus-Therian
|-damage|p1a: Landorus-Therian|156\/382
|move|p1a: Landorus-Therian|U-turn|p2a: Infernape
|-resisted|p2a: Infernape
|-damage|p2a: Infernape|158\/293
|
|switch|p1a: Mienshao|Mienshao, F|271\/271
|-damage|p1a: Mienshao|255\/271|[from] Stealth Rock
|
|turn|4
|
|move|p1a: Mienshao|Stone Edge|p2a: Infernape
|-damage|p2a: Infernape|7\/293
|move|p2a: Infernape|Fire Blast|p1a: Mienshao|[miss]
|-miss|p2a: Infernape|p1a: Mienshao
|
|turn|5
|c|âIm Not A Pedohile|success
|
|switch|p2a: Metagross|Metagross|301\/301
|move|p1a: Mienshao|Stone Edge|p2a: Metagross|[miss]
|-miss|p1a: Mienshao|p2a: Metagross
|
|turn|6
|
|switch|p1a: Rotom-Wash|Rotom-Wash|304\/304
|-damage|p1a: Rotom-Wash|266\/304|[from] Stealth Rock
|switch|p2a: Infernape|Infernape, M|7\/293
|
|-heal|p1a: Rotom-Wash|285\/304|[from] item: Leftovers
|turn|7
|
|move|p2a: Infernape|Endeavor|p1a: Rotom-Wash
|-damage|p1a: Rotom-Wash|7\/304
|move|p1a: Rotom-Wash|Volt Switch|p2a: Infernape
|-damage|p2a: Infernape|0 fnt
|faint|p2a: Infernape
|
|switch|p1a: Kyurem-Black|Kyurem-Black|391\/391
|-damage|p1a: Kyurem-Black|294\/391|[from] Stealth Rock
|-ability|p1a: Kyurem-Black|Teravolt
|
|-heal|p1a: Kyurem-Black|318\/391|[from] item: Leftovers
|
|switch|p2a: Keldeo|Keldeo|323\/323
|turn|8
|c|âIm Not A Pedohile|how r u liking that nape set
|
|switch|p1a: Togekiss|Togekiss, F|374\/374
|-damage|p1a: Togekiss|281\/374|[from] Stealth Rock
|move|p2a: Keldeo|Secret Sword|p1a: Togekiss
|-resisted|p1a: Togekiss
|-damage|p1a: Togekiss|232\/374
|
|-heal|p1a: Togekiss|255\/374|[from] item: Leftovers
|turn|9
|
|switch|p2a: Thundurus|Thundurus, M|299\/299
|move|p1a: Togekiss|Thunder Wave|p2a: Thundurus
|-fail|p2a: Thundurus
|
|-heal|p1a: Togekiss|278\/374|[from] item: Leftovers
|turn|10
|
|move|p2a: Thundurus|Thunderbolt|p1a: Togekiss
|-supereffective|p1a: Togekiss
|-damage|p1a: Togekiss|0 fnt
|-damage|p2a: Thundurus|270\/299|[from] item: Life Orb
|faint|p1a: Togekiss
|
|
|switch|p1a: Kyurem-Black|Kyurem-Black|318\/391
|-damage|p1a: Kyurem-Black|221\/391|[from] Stealth Rock
|-ability|p1a: Kyurem-Black|Teravolt
|turn|11
|
|move|p2a: Thundurus|Superpower|p1a: Kyurem-Black
|-supereffective|p1a: Kyurem-Black
|-damage|p1a: Kyurem-Black|0 fnt
|-unboost|p2a: Thundurus|atk|1
|-unboost|p2a: Thundurus|def|1
|-damage|p2a: Thundurus|241\/299|[from] item: Life Orb
|faint|p1a: Kyurem-Black
|
|-message|Im Not A Pedohile forfeited.
|
|win|Trumaerd
|raw|Ladder updating...
|leave|Im Not A Pedohile
|player|p1
|raw|Im Not A Pedohile's rating: 1510 &rarr; <strong>1489<\/strong><br \/>(-21 for losing)
|raw|Trumaerd's rating: 1490 &rarr; <strong>1511<\/strong><br \/>(+21 for winning)