|join|spinozascandelabra
|join|Trumaerd
|player|p1|spinozascandelabra|1
|player|p2|Trumaerd|266
|gametype|singles
|gen|6
|tier|OU (suspect test)
|rated
|clearpoke
|poke|p1|Diancie
|poke|p1|Talonflame, M
|poke|p1|Latios, M
|poke|p1|Breloom, F
|poke|p1|Landorus-Therian, M
|poke|p1|Bisharp, M
|poke|p2|Infernape, F
|poke|p2|Dragonite, M
|poke|p2|Bisharp, M
|poke|p2|Keldeo
|poke|p2|Metagross
|poke|p2|Thundurus, M
|rule|Swagger Clause: Swagger is banned
|rule|Baton Pass Clause: Limit one PokÃ©mon knowing Baton Pass
|rule|Sleep Clause Mod: Limit one foe put to sleep
|rule|Species Clause: Limit one of each PokÃ©mon
|rule|OHKO Clause: OHKO moves are banned
|rule|Moody Clause: Moody is banned
|rule|Evasion Moves Clause: Evasion moves are banned
|rule|Endless Battle Clause: Forcing endless battles is banned
|rule|HP Percentage Mod: HP is shown in percentages
|teampreview
|
|start
|switch|p1a: Diancie|Diancie|241\/241
|switch|p2a: Metagross|Metagross|301\/301
|turn|1
|
|detailschange|p2a: Metagross|Metagross-Mega
|-mega|p2a: Metagross|Metagross|Metagrossite
|detailschange|p1a: Diancie|Diancie-Mega
|-mega|p1a: Diancie|Diancie|Diancite
|move|p1a: Diancie|Protect|p1a: Diancie
|-singleturn|p1a: Diancie|Protect
|move|p2a: Metagross|Meteor Mash|p1a: Diancie
|-activate|p1a: Diancie|Protect
|
|turn|2
|
|switch|p2a: Dragonite|Dragonite, M|323\/323
|switch|p1a: Landorus-Therian|Landorus-Therian, M|382\/382
|-ability|p1a: Landorus-Therian|Intimidate|[of] p2a: Dragonite
|-unboost|p2a: Dragonite|atk|1
|
|turn|3
|
|switch|p2a: Infernape|Infernape, F|293\/293
|move|p1a: Landorus-Therian|U-turn|p2a: Infernape
|-resisted|p2a: Infernape
|-damage|p2a: Infernape|268\/293
|
|switch|p1a: Diancie|Diancie-Mega|241\/241
|
|turn|4
|
|move|p1a: Diancie|Earth Power|p2a: Infernape
|-supereffective|p2a: Infernape
|-damage|p2a: Infernape|0 fnt
|faint|p2a: Infernape
|
|
|switch|p2a: Metagross|Metagross-Mega|301\/301
|turn|5
|
|move|p2a: Metagross|Meteor Mash|p1a: Diancie
|-supereffective|p1a: Diancie
|-damage|p1a: Diancie|0 fnt
|-boost|p2a: Metagross|atk|1
|faint|p1a: Diancie
|
|
|switch|p1a: Breloom|Breloom, F|262\/262
|turn|6
|
|move|p2a: Metagross|Bullet Punch|p1a: Breloom
|-crit|p1a: Breloom
|-enditem|p1a: Breloom|Focus Sash
|-damage|p1a: Breloom|1\/262
|move|p1a: Breloom|Spore|p2a: Metagross
|-status|p2a: Metagross|slp
|
|turn|7
|
|cant|p2a: Metagross|slp
|move|p1a: Breloom|Force Palm|p2a: Metagross
|-damage|p2a: Metagross|193\/301 slp
|
|turn|8
|
|cant|p2a: Metagross|slp
|move|p1a: Breloom|Force Palm|p2a: Metagross
|-crit|p2a: Metagross
|-damage|p2a: Metagross|22\/301 slp
|
|turn|9
|
|switch|p1a: Bisharp|Bisharp, M|272\/272
|cant|p2a: Metagross|slp
|
|turn|10
|
|-curestatus|p2a: Metagross|slp
|move|p2a: Metagross|Bullet Punch|p1a: Bisharp
|-resisted|p1a: Bisharp
|-damage|p1a: Bisharp|200\/272
|move|p1a: Bisharp|Sucker Punch|p2a: Metagross
|-fail|p2a: Metagross
|
|turn|11
|
|move|p2a: Metagross|Bullet Punch|p1a: Bisharp
|-resisted|p1a: Bisharp
|-damage|p1a: Bisharp|117\/272
|move|p1a: Bisharp|Sucker Punch|p2a: Metagross
|-fail|p2a: Metagross
|
|turn|12
|
|move|p1a: Bisharp|Sucker Punch|p2a: Metagross
|-supereffective|p2a: Metagross
|-damage|p2a: Metagross|0 fnt
|-damage|p1a: Bisharp|90\/272|[from] item: Life Orb
|faint|p2a: Metagross
|
|
|switch|p2a: Keldeo|Keldeo|323\/323
|turn|13
|
|move|p1a: Bisharp|Sucker Punch|p2a: Keldeo
|-resisted|p2a: Keldeo
|-damage|p2a: Keldeo|222\/323
|-boost|p2a: Keldeo|atk|1|[from] ability: Justified
|-damage|p1a: Bisharp|63\/272|[from] item: Life Orb
|move|p2a: Keldeo|Scald|p1a: Bisharp
|-damage|p1a: Bisharp|0 fnt
|faint|p1a: Bisharp
|
|
|switch|p1a: Latios|Latios, M|301\/301
|turn|14
|
|switch|p2a: Bisharp|Bisharp, M|272\/272
|move|p1a: Latios|Thunderbolt|p2a: Bisharp
|-damage|p2a: Bisharp|97\/272
|-status|p2a: Bisharp|par
|-damage|p1a: Latios|271\/301|[from] item: Life Orb
|
|turn|15
|
|switch|p1a: Breloom|Breloom, F|1\/262
|move|p2a: Bisharp|Knock Off|p1a: Breloom
|-resisted|p1a: Breloom
|-damage|p1a: Breloom|0 fnt
|-damage|p2a: Bisharp|70\/272 par|[from] item: Life Orb
|faint|p1a: Breloom
|
|
|switch|p1a: Talonflame|Talonflame, M|298\/298
|turn|16
|
|move|p1a: Talonflame|Brave Bird|p2a: Bisharp
|-resisted|p2a: Bisharp
|-damage|p2a: Bisharp|0 fnt
|-damage|p1a: Talonflame|275\/298|[from] recoil|[of] p2a: Bisharp
|faint|p2a: Bisharp
|
|
|switch|p2a: Thundurus|Thundurus, M|299\/299
|turn|17
|
|switch|p1a: Landorus-Therian|Landorus-Therian, M|382\/382
|-ability|p1a: Landorus-Therian|Intimidate|[of] p2a: Thundurus
|-unboost|p2a: Thundurus|atk|1
|move|p2a: Thundurus|Hidden Power|p1a: Landorus-Therian
|-supereffective|p1a: Landorus-Therian
|-damage|p1a: Landorus-Therian|0 fnt
|-damage|p2a: Thundurus|270\/299|[from] item: Life Orb
|faint|p1a: Landorus-Therian
|
|
|switch|p1a: Talonflame|Talonflame, M|275\/298
|turn|18
|
|switch|p2a: Keldeo|Keldeo|222\/323
|move|p1a: Talonflame|Flare Blitz|p2a: Keldeo
|-resisted|p2a: Keldeo
|-damage|p2a: Keldeo|88\/323
|-damage|p1a: Talonflame|231\/298|[from] recoil|[of] p2a: Keldeo
|
|turn|19
|
|switch|p1a: Latios|Latios, M|271\/301
|switch|p2a: Dragonite|Dragonite, M|323\/323
|
|turn|20
|
|move|p2a: Dragonite|Extreme Speed|p1a: Latios
|-damage|p1a: Latios|51\/301
|move|p1a: Latios|Draco Meteor|p2a: Dragonite
|-supereffective|p2a: Dragonite
|-damage|p2a: Dragonite|29\/323
|-unboost|p1a: Latios|spa|2
|-damage|p1a: Latios|21\/301|[from] item: Life Orb
|
|turn|21
|
|move|p2a: Dragonite|Extreme Speed|p1a: Latios
|-crit|p1a: Latios
|-damage|p1a: Latios|0 fnt
|faint|p1a: Latios
|
|
|switch|p1a: Talonflame|Talonflame, M|231\/298
|turn|22
|
|switch|p2a: Keldeo|Keldeo|88\/323
|move|p1a: Talonflame|Flare Blitz|p2a: Keldeo
|-crit|p2a: Keldeo
|-resisted|p2a: Keldeo
|-damage|p2a: Keldeo|0 fnt
|-damage|p1a: Talonflame|202\/298|[from] recoil|[of] p2a: Keldeo
|faint|p2a: Keldeo
|
|
|switch|p2a: Thundurus|Thundurus, M|270\/299
|turn|23
|
|move|p2a: Thundurus|Thunder Wave|p1a: Talonflame
|-status|p1a: Talonflame|par
|move|p1a: Talonflame|Flare Blitz|p2a: Thundurus
|-damage|p2a: Thundurus|0 fnt
|-damage|p1a: Talonflame|113\/298 par|[from] recoil|[of] p2a: Thundurus
|faint|p2a: Thundurus
|
|
|switch|p2a: Dragonite|Dragonite, M|29\/323
|turn|24
|
|move|p2a: Dragonite|Extreme Speed|p1a: Talonflame
|-damage|p1a: Talonflame|0 fnt
|faint|p1a: Talonflame
|
|win|Trumaerd
|raw|Ladder updating...
|leave|spinozascandelabra
|player|p1
|raw|spinozascandelabra's rating: 1498 &rarr; <strong>1478<\/strong><br \/>(-20 for losing)
|raw|Trumaerd's rating: 1497 &rarr; <strong>1517<\/strong><br \/>(+20 for winning)