|join|njjj
|join|Trumaerd
|player|p1|njjj|148
|player|p2|Trumaerd|170
|gametype|singles
|gen|6
|tier|OU (suspect test)
|rated
|clearpoke
|poke|p1|Latios, M
|poke|p1|Landorus-Therian, M
|poke|p1|Heatran, M
|poke|p1|Manectric, M
|poke|p1|Gyarados, F
|poke|p1|Clefable, F
|poke|p2|Seismitoad, M
|poke|p2|Politoed, F
|poke|p2|Kingdra, F
|poke|p2|Kabutops, M
|poke|p2|Scizor, F
|poke|p2|Gothitelle, F
|rule|Swagger Clause: Swagger is banned
|rule|Baton Pass Clause: Limit one PokÃ©mon knowing Baton Pass
|rule|Sleep Clause Mod: Limit one foe put to sleep
|rule|Species Clause: Limit one of each PokÃ©mon
|rule|OHKO Clause: OHKO moves are banned
|rule|Moody Clause: Moody is banned
|rule|Evasion Moves Clause: Evasion moves are banned
|rule|Endless Battle Clause: Forcing endless battles is banned
|rule|HP Percentage Mod: HP is shown in percentages
|teampreview
|
|start
|switch|p1a: Manectric|Manectric, M|282\/282
|switch|p2a: Seismitoad|Seismitoad, M|414\/414
|turn|1
|
|switch|p1a: Latios|Latios, M|301\/301
|move|p2a: Seismitoad|Knock Off|p1a: Latios
|-supereffective|p1a: Latios
|-damage|p1a: Latios|127\/301
|-enditem|p1a: Latios|Choice Scarf|[from] move: Knock Off|[of] p2a: Seismitoad
|
|turn|2
|
|switch|p2a: Scizor|Scizor, F|344\/344
|move|p1a: Latios|Draco Meteor|p2a: Scizor
|-resisted|p2a: Scizor
|-damage|p2a: Scizor|195\/344
|-unboost|p1a: Latios|spa|2
|
|turn|3
|
|switch|p1a: Heatran|Heatran, M|385\/385
|switch|p2a: Seismitoad|Seismitoad, M|414\/414
|
|turn|4
|
|move|p1a: Heatran|Stealth Rock|p2a: Seismitoad
|-sidestart|p2: Trumaerd|move: Stealth Rock
|move|p2a: Seismitoad|Stealth Rock|p1a: Heatran
|-sidestart|p1: njjj|move: Stealth Rock
|
|turn|5
|
|switch|p1a: Clefable|Clefable, F|394\/394
|move|p2a: Seismitoad|Scald|p1a: Clefable
|-damage|p1a: Clefable|303\/394
|
|-heal|p1a: Clefable|327\/394|[from] item: Leftovers
|turn|6
|
|switch|p2a: Gothitelle|Gothitelle, F|301\/301
|-damage|p2a: Gothitelle|264\/301|[from] Stealth Rock
|move|p1a: Clefable|Moonblast|p2a: Gothitelle
|-damage|p2a: Gothitelle|171\/301
|
|-heal|p1a: Clefable|351\/394|[from] item: Leftovers
|turn|7
|
|move|p2a: Gothitelle|Trick|p1a: Clefable
|-activate|p2a: Gothitelle|move: Trick|[of] p1a: Clefable
|-item|p1a: Clefable|Choice Scarf|[from] move: Trick
|-item|p2a: Gothitelle|Leftovers|[from] move: Trick
|move|p1a: Clefable|Moonblast|p2a: Gothitelle
|-damage|p2a: Gothitelle|77\/301
|
|-heal|p2a: Gothitelle|95\/301|[from] item: Leftovers
|turn|8
|
|move|p2a: Gothitelle|Rest|p2a: Gothitelle
|-status|p2a: Gothitelle|slp
|-heal|p2a: Gothitelle|301\/301 slp|[silent]
|-status|p2a: Gothitelle|slp|[from] move: Rest
|move|p1a: Clefable|Moonblast|p2a: Gothitelle
|-damage|p2a: Gothitelle|193\/301 slp
|-unboost|p2a: Gothitelle|spa|1
|
|-heal|p2a: Gothitelle|211\/301 slp|[from] item: Leftovers
|turn|9
|
|cant|p2a: Gothitelle|slp
|move|p1a: Clefable|Moonblast|p2a: Gothitelle
|-damage|p2a: Gothitelle|120\/301 slp
|-unboost|p2a: Gothitelle|spa|1
|
|-heal|p2a: Gothitelle|138\/301 slp|[from] item: Leftovers
|turn|10
|
|cant|p2a: Gothitelle|slp
|move|p1a: Clefable|Moonblast|p2a: Gothitelle
|-damage|p2a: Gothitelle|35\/301 slp
|
|-heal|p2a: Gothitelle|53\/301 slp|[from] item: Leftovers
|turn|11
|
|-curestatus|p2a: Gothitelle|slp
|move|p2a: Gothitelle|Rest|p2a: Gothitelle
|-status|p2a: Gothitelle|slp
|-heal|p2a: Gothitelle|301\/301 slp|[silent]
|-status|p2a: Gothitelle|slp|[from] move: Rest
|move|p1a: Clefable|Moonblast|p2a: Gothitelle
|-damage|p2a: Gothitelle|210\/301 slp
|
|-heal|p2a: Gothitelle|228\/301 slp|[from] item: Leftovers
|turn|12
|
|cant|p2a: Gothitelle|slp
|move|p1a: Clefable|Moonblast|p2a: Gothitelle
|-damage|p2a: Gothitelle|123\/301 slp
|
|-heal|p2a: Gothitelle|141\/301 slp|[from] item: Leftovers
|turn|13
|
|cant|p2a: Gothitelle|slp
|move|p1a: Clefable|Moonblast|p2a: Gothitelle
|-damage|p2a: Gothitelle|36\/301 slp
|
|-heal|p2a: Gothitelle|54\/301 slp|[from] item: Leftovers
|turn|14
|
|-curestatus|p2a: Gothitelle|slp
|move|p2a: Gothitelle|Rest|p2a: Gothitelle
|-status|p2a: Gothitelle|slp
|-heal|p2a: Gothitelle|301\/301 slp|[silent]
|-status|p2a: Gothitelle|slp|[from] move: Rest
|move|p1a: Clefable|Moonblast|p2a: Gothitelle
|-damage|p2a: Gothitelle|195\/301 slp
|
|-heal|p2a: Gothitelle|213\/301 slp|[from] item: Leftovers
|turn|15
|
|cant|p2a: Gothitelle|slp
|move|p1a: Clefable|Moonblast|p2a: Gothitelle
|-damage|p2a: Gothitelle|108\/301 slp
|-unboost|p2a: Gothitelle|spa|1
|
|-heal|p2a: Gothitelle|126\/301 slp|[from] item: Leftovers
|turn|16
|
|cant|p2a: Gothitelle|slp
|move|p1a: Clefable|Moonblast|p2a: Gothitelle
|-damage|p2a: Gothitelle|20\/301 slp
|
|-heal|p2a: Gothitelle|38\/301 slp|[from] item: Leftovers
|turn|17
|
|-curestatus|p2a: Gothitelle|slp
|move|p2a: Gothitelle|Rest|p2a: Gothitelle
|-status|p2a: Gothitelle|slp
|-heal|p2a: Gothitelle|301\/301 slp|[silent]
|-status|p2a: Gothitelle|slp|[from] move: Rest
|move|p1a: Clefable|Moonblast|p2a: Gothitelle
|-damage|p2a: Gothitelle|205\/301 slp
|-unboost|p2a: Gothitelle|spa|1
|
|-heal|p2a: Gothitelle|223\/301 slp|[from] item: Leftovers
|turn|18
|
|cant|p2a: Gothitelle|slp
|move|p1a: Clefable|Moonblast|p2a: Gothitelle
|-damage|p2a: Gothitelle|118\/301 slp
|
|-heal|p2a: Gothitelle|136\/301 slp|[from] item: Leftovers
|turn|19
|
|cant|p2a: Gothitelle|slp
|move|p1a: Clefable|Moonblast|p2a: Gothitelle
|-damage|p2a: Gothitelle|40\/301 slp
|-unboost|p2a: Gothitelle|spa|1
|
|-heal|p2a: Gothitelle|58\/301 slp|[from] item: Leftovers
|turn|20
|
|-curestatus|p2a: Gothitelle|slp
|move|p2a: Gothitelle|Rest|p2a: Gothitelle
|-status|p2a: Gothitelle|slp
|-heal|p2a: Gothitelle|301\/301 slp|[silent]
|-status|p2a: Gothitelle|slp|[from] move: Rest
|move|p1a: Clefable|Moonblast|p2a: Gothitelle
|-damage|p2a: Gothitelle|196\/301 slp
|-unboost|p2a: Gothitelle|spa|1
|
|-heal|p2a: Gothitelle|214\/301 slp|[from] item: Leftovers
|turn|21
|
|cant|p2a: Gothitelle|slp
|move|p1a: Clefable|Moonblast|p2a: Gothitelle
|-damage|p2a: Gothitelle|106\/301 slp
|
|-heal|p2a: Gothitelle|124\/301 slp|[from] item: Leftovers
|turn|22
|
|cant|p2a: Gothitelle|slp
|move|p1a: Clefable|Moonblast|p2a: Gothitelle
|-crit|p2a: Gothitelle
|-damage|p2a: Gothitelle|0 fnt
|faint|p2a: Gothitelle
|
|
|switch|p2a: Scizor|Scizor, F|195\/344
|-damage|p2a: Scizor|152\/344|[from] Stealth Rock
|turn|23
|
|detailschange|p2a: Scizor|Scizor-Mega, F
|-mega|p2a: Scizor|Scizor|Scizorite
|move|p1a: Clefable|Moonblast|p2a: Scizor
|-resisted|p2a: Scizor
|-damage|p2a: Scizor|100\/344
|move|p2a: Scizor|Roost|p2a: Scizor
|-heal|p2a: Scizor|272\/344
|
|turn|24
|
|switch|p1a: Heatran|Heatran, M|385\/385
|-damage|p1a: Heatran|337\/385|[from] Stealth Rock
|move|p2a: Scizor|Superpower|p1a: Heatran
|-supereffective|p1a: Heatran
|-damage|p1a: Heatran|31\/385
|-unboost|p2a: Scizor|atk|1
|-unboost|p2a: Scizor|def|1
|
|-heal|p1a: Heatran|55\/385|[from] item: Leftovers
|turn|25
|
|switch|p2a: Politoed|Politoed, F|384\/384
|-damage|p2a: Politoed|336\/384|[from] Stealth Rock
|-weather|RainDance
|move|p1a: Heatran|Lava Plume|p2a: Politoed
|-crit|p2a: Politoed
|-resisted|p2a: Politoed
|-damage|p2a: Politoed|293\/384
|
|-weather|RainDance|[upkeep]
|-heal|p1a: Heatran|79\/385|[from] item: Leftovers
|turn|26
|
|switch|p2a: Kingdra|Kingdra, F|298\/298
|-damage|p2a: Kingdra|261\/298|[from] Stealth Rock
|move|p1a: Heatran|Lava Plume|p2a: Kingdra
|-resisted|p2a: Kingdra
|-damage|p2a: Kingdra|245\/298
|
|-weather|RainDance|[upkeep]
|-heal|p1a: Heatran|103\/385|[from] item: Leftovers
|turn|27
|
|move|p2a: Kingdra|Surf|p1a: Heatran
|-supereffective|p1a: Heatran
|-damage|p1a: Heatran|0 fnt
|faint|p1a: Heatran
|
|-weather|RainDance|[upkeep]
|
|switch|p1a: Clefable|Clefable, F|351\/394
|turn|28
|
|switch|p1a: Manectric|Manectric, M|282\/282
|-damage|p1a: Manectric|247\/282|[from] Stealth Rock
|move|p2a: Kingdra|Surf|p1a: Manectric
|-damage|p1a: Manectric|0 fnt
|faint|p1a: Manectric
|
|-weather|RainDance|[upkeep]
|
|switch|p1a: Clefable|Clefable, F|351\/394
|turn|29
|
|move|p2a: Kingdra|Surf|p1a: Clefable
|-crit|p1a: Clefable
|-damage|p1a: Clefable|0 fnt
|faint|p1a: Clefable
|
|-weather|RainDance|[upkeep]
|
|switch|p1a: Latios|Latios, M|127\/301
|-damage|p1a: Latios|90\/301|[from] Stealth Rock
|turn|30
|
|move|p2a: Kingdra|Surf|p1a: Latios
|-resisted|p1a: Latios
|-damage|p1a: Latios|0 fnt
|faint|p1a: Latios
|
|-weather|RainDance|[upkeep]
|
|switch|p1a: Landorus-Therian|Landorus-Therian, M|319\/319
|-damage|p1a: Landorus-Therian|280\/319|[from] Stealth Rock
|-ability|p1a: Landorus-Therian|Intimidate|[of] p2a: Kingdra
|-unboost|p2a: Kingdra|atk|1
|turn|31
|
|move|p2a: Kingdra|Surf|p1a: Landorus-Therian
|-supereffective|p1a: Landorus-Therian
|-damage|p1a: Landorus-Therian|0 fnt
|faint|p1a: Landorus-Therian
|
|-weather|RainDance|[upkeep]
|
|switch|p1a: Gyarados|Gyarados, F|353\/353
|-damage|p1a: Gyarados|265\/353|[from] Stealth Rock
|-ability|p1a: Gyarados|Intimidate|[of] p2a: Kingdra
|-unboost|p2a: Kingdra|atk|1
|turn|32
|
|move|p2a: Kingdra|Surf|p1a: Gyarados
|-resisted|p1a: Gyarados
|-damage|p1a: Gyarados|119\/353
|move|p1a: Gyarados|Dragon Dance|p1a: Gyarados
|-boost|p1a: Gyarados|atk|1
|-boost|p1a: Gyarados|spe|1
|
|-weather|none
|-heal|p1a: Gyarados|141\/353|[from] item: Leftovers
|turn|33
|
|switch|p2a: Politoed|Politoed, F|293\/384
|-damage|p2a: Politoed|245\/384|[from] Stealth Rock
|-weather|RainDance
|move|p1a: Gyarados|Dragon Dance|p1a: Gyarados
|-boost|p1a: Gyarados|atk|1
|-boost|p1a: Gyarados|spe|1
|
|-weather|RainDance|[upkeep]
|-heal|p1a: Gyarados|163\/353|[from] item: Leftovers
|turn|34
|
|move|p1a: Gyarados|Substitute|p1a: Gyarados
|-start|p1a: Gyarados|Substitute
|-damage|p1a: Gyarados|75\/353
|move|p2a: Politoed|Encore|p1a: Gyarados
|-start|p1a: Gyarados|Encore
|
|-weather|RainDance|[upkeep]
|-heal|p1a: Gyarados|97\/353|[from] item: Leftovers
|turn|35
|
|switch|p2a: Kingdra|Kingdra, F|245\/298
|-damage|p2a: Kingdra|208\/298|[from] Stealth Rock
|move|p1a: Gyarados|Substitute|p1a: Gyarados
|-fail|p1a: Gyarados|move: Substitute
|
|-weather|RainDance|[upkeep]
|-heal|p1a: Gyarados|119\/353|[from] item: Leftovers
|turn|36
|
|move|p1a: Gyarados|Substitute|p1a: Gyarados
|-fail|p1a: Gyarados|move: Substitute
|move|p2a: Kingdra|Dragon Pulse|p1a: Gyarados
|-end|p1a: Gyarados|Substitute
|
|-weather|RainDance|[upkeep]
|-heal|p1a: Gyarados|141\/353|[from] item: Leftovers
|turn|37
|
|move|p1a: Gyarados|Substitute|p1a: Gyarados
|-start|p1a: Gyarados|Substitute
|-damage|p1a: Gyarados|53\/353
|move|p2a: Kingdra|Dragon Pulse|p1a: Gyarados
|-end|p1a: Gyarados|Substitute
|
|-weather|RainDance|[upkeep]
|-heal|p1a: Gyarados|75\/353|[from] item: Leftovers
|-end|p1a: Gyarados|Encore
|turn|38
|
|move|p1a: Gyarados|Bounce|p2a: Kingdra|[still]
|-prepare|p1a: Gyarados|Bounce|p2a: Kingdra
|move|p2a: Kingdra|Dragon Pulse|p1a: Gyarados|[miss]
|-miss|p2a: Kingdra|p1a: Gyarados
|
|-weather|RainDance|[upkeep]
|-heal|p1a: Gyarados|97\/353|[from] item: Leftovers
|turn|39
|
|move|p1a: Gyarados|Bounce|p2a: Kingdra
|-damage|p2a: Kingdra|0 fnt
|faint|p2a: Kingdra
|
|-weather|RainDance|[upkeep]
|-heal|p1a: Gyarados|119\/353|[from] item: Leftovers
|
|switch|p2a: Kabutops|Kabutops, M|271\/271
|-damage|p2a: Kabutops|238\/271|[from] Stealth Rock
|turn|40
|
|move|p2a: Kabutops|Aqua Jet|p1a: Gyarados
|-resisted|p1a: Gyarados
|-damage|p1a: Gyarados|37\/353
|-damage|p2a: Kabutops|211\/271|[from] item: Life Orb
|move|p1a: Gyarados|Waterfall|p2a: Kabutops
|-damage|p2a: Kabutops|0 fnt
|faint|p2a: Kabutops
|
|-weather|none
|-heal|p1a: Gyarados|59\/353|[from] item: Leftovers
|
|switch|p2a: Scizor|Scizor-Mega, F|272\/344
|-damage|p2a: Scizor|229\/344|[from] Stealth Rock
|turn|41
|
|move|p2a: Scizor|Bullet Punch|p1a: Gyarados
|-resisted|p1a: Gyarados
|-damage|p1a: Gyarados|0 fnt
|faint|p1a: Gyarados
|
|win|Trumaerd
|raw|Ladder updating...
|raw|njjj's rating: 1399 &rarr; <strong>1381<\/strong><br \/>(-18 for losing)
|raw|Trumaerd's rating: 1431 &rarr; <strong>1449<\/strong><br \/>(+18 for winning)
|leave|njjj
|player|p1