|join|Magalli Presidente
|join|Dyanna
|player|p1|Magalli Presidente|2
|player|p2|Dyanna|55
|gametype|singles
|gen|6
|tier|OU
|rated
|clearpoke
|poke|p1|Scizor, M
|poke|p1|Dugtrio, F
|poke|p1|Celebi
|poke|p1|Heatran, F
|poke|p1|Talonflame, M
|poke|p1|Keldeo-Resolute
|poke|p2|Scizor, F
|poke|p2|Slowbro, F
|poke|p2|Zapdos
|poke|p2|Chansey, F
|poke|p2|Clefable, F
|poke|p2|Gliscor, F
|rule|Swagger Clause: Swagger is banned
|rule|Baton Pass Clause: Limit one PokÃ©mon knowing Baton Pass
|rule|Sleep Clause Mod: Limit one foe put to sleep
|rule|Species Clause: Limit one of each PokÃ©mon
|rule|OHKO Clause: OHKO moves are banned
|rule|Moody Clause: Moody is banned
|rule|Evasion Moves Clause: Evasion moves are banned
|rule|Endless Battle Clause: Forcing endless battles is banned
|rule|HP Percentage Mod: HP is shown in percentages
|teampreview
|
|start
|switch|p1a: Heatran|Heatran, F|385\/385
|switch|p2a: Gliscor|Gliscor, F|354\/354
|turn|1
|
|switch|p1a: Scizor|Scizor, M|343\/343
|move|p2a: Gliscor|Earthquake|p1a: Scizor
|-damage|p1a: Scizor|255\/343
|
|-status|p2a: Gliscor|tox|[from] item: Toxic Orb
|turn|2
|
|switch|p2a: Zapdos|Zapdos|384\/384
|-ability|p2a: Zapdos|Pressure
|detailschange|p1a: Scizor|Scizor-Mega, M
|-mega|p1a: Scizor|Scizor|Scizorite
|move|p1a: Scizor|U-turn|p2a: Zapdos
|-resisted|p2a: Zapdos
|-damage|p2a: Zapdos|334\/384
|
|switch|p1a: Heatran|Heatran, F|385\/385
|
|-heal|p2a: Zapdos|358\/384|[from] item: Leftovers
|turn|3
|
|switch|p2a: Chansey|Chansey, F|642\/642
|move|p1a: Heatran|Stealth Rock|p2a: Chansey
|-sidestart|p2: Dyanna|move: Stealth Rock
|
|turn|4
|
|move|p1a: Heatran|Taunt|p2a: Chansey
|-start|p2a: Chansey|move: Taunt
|cant|p2a: Chansey|move: Taunt|Stealth Rock
|
|turn|5
|
|switch|p2a: Gliscor|Gliscor, F|354\/354 tox
|-damage|p2a: Gliscor|310\/354 tox|[from] Stealth Rock
|move|p1a: Heatran|Lava Plume|p2a: Gliscor
|-damage|p2a: Gliscor|192\/354 tox
|
|-heal|p2a: Gliscor|236\/354 tox|[from] ability: Poison Heal
|turn|6
|
|switch|p1a: Scizor|Scizor-Mega, M|255\/343
|move|p2a: Gliscor|Knock Off|p1a: Scizor
|-damage|p1a: Scizor|228\/343
|
|-heal|p2a: Gliscor|280\/354 tox|[from] ability: Poison Heal
|turn|7
|
|switch|p2a: Zapdos|Zapdos|358\/384
|-damage|p2a: Zapdos|262\/384|[from] Stealth Rock
|-ability|p2a: Zapdos|Pressure
|move|p1a: Scizor|U-turn|p2a: Zapdos
|-resisted|p2a: Zapdos
|-damage|p2a: Zapdos|212\/384
|
|switch|p1a: Keldeo-Resolute|Keldeo-Resolute|323\/323
|
|-heal|p2a: Zapdos|236\/384|[from] item: Leftovers
|turn|8
|
|switch|p2a: Slowbro|Slowbro, F|394\/394
|-damage|p2a: Slowbro|345\/394|[from] Stealth Rock
|move|p1a: Keldeo-Resolute|Hydro Pump|p2a: Slowbro
|-crit|p2a: Slowbro
|-resisted|p2a: Slowbro
|-damage|p2a: Slowbro|160\/394
|
|-heal|p2a: Slowbro|184\/394|[from] item: Leftovers
|turn|9
|
|switch|p1a: Celebi|Celebi|403\/403
|move|p2a: Slowbro|Slack Off|p2a: Slowbro
|-heal|p2a: Slowbro|381\/394
|
|-heal|p2a: Slowbro|394\/394|[from] item: Leftovers
|turn|10
|
|switch|p2a: Scizor|Scizor, F|344\/344
|-damage|p2a: Scizor|301\/344|[from] Stealth Rock
|move|p1a: Celebi|Giga Drain|p2a: Scizor
|-resisted|p2a: Scizor
|-damage|p2a: Scizor|273\/344
|
|turn|11
|
|switch|p1a: Heatran|Heatran, F|385\/385
|detailschange|p2a: Scizor|Scizor-Mega, F
|-mega|p2a: Scizor|Scizor|Scizorite
|move|p2a: Scizor|Superpower|p1a: Heatran
|-supereffective|p1a: Heatran
|-damage|p1a: Heatran|147\/385
|-unboost|p2a: Scizor|atk|1
|-unboost|p2a: Scizor|def|1
|
|-heal|p1a: Heatran|171\/385|[from] item: Leftovers
|turn|12
|
|switch|p1a: Talonflame|Talonflame, M|359\/359
|switch|p2a: Gliscor|Gliscor, F|280\/354 tox
|-damage|p2a: Gliscor|236\/354 tox|[from] Stealth Rock
|
|-heal|p2a: Gliscor|280\/354 tox|[from] ability: Poison Heal
|turn|13
|
|switch|p1a: Scizor|Scizor-Mega, M|228\/343
|switch|p2a: Slowbro|Slowbro, F|394\/394
|-damage|p2a: Slowbro|345\/394|[from] Stealth Rock
|
|-heal|p2a: Slowbro|369\/394|[from] item: Leftovers
|turn|14
|
|move|p1a: Scizor|U-turn|p2a: Slowbro
|-supereffective|p2a: Slowbro
|-damage|p2a: Slowbro|205\/394
|
|switch|p1a: Celebi|Celebi|403\/403
|move|p2a: Slowbro|Thunder Wave|p1a: Celebi
|-status|p1a: Celebi|par
|
|-heal|p2a: Slowbro|229\/394|[from] item: Leftovers
|turn|15
|
|switch|p2a: Chansey|Chansey, F|642\/642
|-damage|p2a: Chansey|562\/642|[from] Stealth Rock
|move|p1a: Celebi|Giga Drain|p2a: Chansey
|-damage|p2a: Chansey|516\/642
|
|turn|16
|
|switch|p1a: Dugtrio|Dugtrio, F|211\/211
|move|p2a: Chansey|Stealth Rock|p1a: Dugtrio
|-sidestart|p1: Magalli Presidente|move: Stealth Rock
|
|turn|17
|
|move|p1a: Dugtrio|Earthquake|p2a: Chansey
|-damage|p2a: Chansey|333\/642
|move|p2a: Chansey|Seismic Toss|p1a: Dugtrio
|-damage|p1a: Dugtrio|111\/211
|
|turn|18
|
|move|p1a: Dugtrio|Reversal|p2a: Chansey
|-supereffective|p2a: Chansey
|-damage|p2a: Chansey|235\/642
|move|p2a: Chansey|Soft-Boiled|p2a: Chansey
|-heal|p2a: Chansey|556\/642
|
|turn|19
|
|move|p1a: Dugtrio|Earthquake|p2a: Chansey
|-damage|p2a: Chansey|375\/642
|move|p2a: Chansey|Seismic Toss|p1a: Dugtrio
|-damage|p1a: Dugtrio|11\/211
|
|turn|20
|
|move|p1a: Dugtrio|Reversal|p2a: Chansey
|-supereffective|p2a: Chansey
|-damage|p2a: Chansey|25\/642
|move|p2a: Chansey|Soft-Boiled|p2a: Chansey
|-heal|p2a: Chansey|346\/642
|
|turn|21
|
|move|p1a: Dugtrio|Reversal|p2a: Chansey
|-crit|p2a: Chansey
|-supereffective|p2a: Chansey
|-damage|p2a: Chansey|0 fnt
|faint|p2a: Chansey
|
|
|switch|p2a: Scizor|Scizor-Mega, F|273\/344
|-damage|p2a: Scizor|230\/344|[from] Stealth Rock
|turn|22
|
|move|p1a: Dugtrio|Sucker Punch|p2a: Scizor
|-damage|p2a: Scizor|189\/344
|move|p2a: Scizor|Bullet Punch|p1a: Dugtrio
|-damage|p1a: Dugtrio|0 fnt
|faint|p1a: Dugtrio
|
|
|switch|p1a: Scizor|Scizor-Mega, M|228\/343
|-damage|p1a: Scizor|186\/343|[from] Stealth Rock
|turn|23
|
|move|p1a: Scizor|Defog|p2a: Scizor
|-unboost|p2a: Scizor|evasion|1
|-sideend|p2: Dyanna|Stealth Rock|[from] move: Defog|[of] p2a: Scizor
|-sideend|p1: Magalli Presidente|Stealth Rock|[from] move: Defog|[of] p1a: Scizor
|move|p2a: Scizor|Superpower|p1a: Scizor
|-damage|p1a: Scizor|109\/343
|-unboost|p2a: Scizor|atk|1
|-unboost|p2a: Scizor|def|1
|
|turn|24
|
|switch|p2a: Gliscor|Gliscor, F|280\/354 tox
|move|p1a: Scizor|Roost|p1a: Scizor
|-heal|p1a: Scizor|281\/343
|
|-heal|p2a: Gliscor|324\/354 tox|[from] ability: Poison Heal
|turn|25
|
|move|p2a: Gliscor|Knock Off|p1a: Scizor
|-damage|p1a: Scizor|252\/343
|move|p1a: Scizor|U-turn|p2a: Gliscor
|-resisted|p2a: Gliscor
|-damage|p2a: Gliscor|279\/354 tox
|
|switch|p1a: Keldeo-Resolute|Keldeo-Resolute|323\/323
|
|-heal|p2a: Gliscor|323\/354 tox|[from] ability: Poison Heal
|turn|26
|
|switch|p2a: Slowbro|Slowbro, F|360\/394
|move|p1a: Keldeo-Resolute|Hydro Pump|p2a: Slowbro
|-resisted|p2a: Slowbro
|-damage|p2a: Slowbro|242\/394
|
|-heal|p2a: Slowbro|266\/394|[from] item: Leftovers
|turn|27
|c|âDyanna|scizor ta invisivel ai pra ti tb?
|
|switch|p1a: Scizor|Scizor-Mega, M|252\/343
|move|p2a: Slowbro|Psyshock|p1a: Scizor
|-resisted|p1a: Scizor
|-damage|p1a: Scizor|225\/343
|
|-heal|p2a: Slowbro|290\/394|[from] item: Leftovers
|turn|28
|c|âMagalli Presidente|what?
|
|move|p1a: Scizor|U-turn|p2a: Slowbro
|-supereffective|p2a: Slowbro
|-damage|p2a: Slowbro|132\/394
|c|âDyanna|uÃ© vc nÃ£o Ã© br?
|c|âDyanna|o.O
|c|âDyanna|hsuahsa
|
|switch|p1a: Celebi|Celebi|403\/403
|move|p2a: Slowbro|Slack Off|p2a: Slowbro
|-heal|p2a: Slowbro|329\/394
|
|-heal|p2a: Slowbro|353\/394|[from] item: Leftovers
|turn|29
|
|switch|p2a: Scizor|Scizor-Mega, F|189\/344
|move|p1a: Celebi|Giga Drain|p2a: Scizor
|-resisted|p2a: Scizor
|-damage|p2a: Scizor|169\/344
|
|turn|30
|
|switch|p1a: Talonflame|Talonflame, M|359\/359
|move|p2a: Scizor|Roost|p2a: Scizor
|-heal|p2a: Scizor|341\/344
|
|turn|31
|
|switch|p2a: Slowbro|Slowbro, F|394\/394
|move|p1a: Talonflame|Will-O-Wisp|p2a: Slowbro|[miss]
|-miss|p1a: Talonflame|p2a: Slowbro
|
|turn|32
|
|move|p1a: Talonflame|Will-O-Wisp|p2a: Slowbro
|-status|p2a: Slowbro|brn
|move|p2a: Slowbro|Thunder Wave|p1a: Talonflame
|-status|p1a: Talonflame|par
|
|-damage|p2a: Slowbro|345\/394 brn|[from] brn
|turn|33
|
|move|p2a: Slowbro|Scald|p1a: Talonflame
|-supereffective|p1a: Talonflame
|-damage|p1a: Talonflame|171\/359 par
|move|p1a: Talonflame|Bulk Up|p1a: Talonflame
|-boost|p1a: Talonflame|atk|1
|-boost|p1a: Talonflame|def|1
|
|-heal|p2a: Slowbro|369\/394 brn|[from] item: Leftovers
|-heal|p1a: Talonflame|193\/359 par|[from] item: Leftovers
|-damage|p2a: Slowbro|320\/394 brn|[from] brn
|turn|34
|
|move|p1a: Talonflame|Roost|p1a: Talonflame
|-heal|p1a: Talonflame|359\/359 par
|move|p2a: Slowbro|Scald|p1a: Talonflame
|-supereffective|p1a: Talonflame
|-damage|p1a: Talonflame|189\/359 par
|
|-heal|p2a: Slowbro|344\/394 brn|[from] item: Leftovers
|-heal|p1a: Talonflame|211\/359 par|[from] item: Leftovers
|-damage|p2a: Slowbro|295\/394 brn|[from] brn
|turn|35
|join|getrektlolo
|c|âMagalli Presidente|puttana eva laida se fa male
|
|cant|p1a: Talonflame|par
|move|p2a: Slowbro|Scald|p1a: Talonflame
|-supereffective|p1a: Talonflame
|-damage|p1a: Talonflame|49\/359 par
|
|-heal|p2a: Slowbro|319\/394 brn|[from] item: Leftovers
|-heal|p1a: Talonflame|71\/359 par|[from] item: Leftovers
|-damage|p2a: Slowbro|270\/394 brn|[from] brn
|turn|36
|
|move|p1a: Talonflame|Roost|p1a: Talonflame
|-heal|p1a: Talonflame|251\/359 par
|move|p2a: Slowbro|Scald|p1a: Talonflame
|-supereffective|p1a: Talonflame
|-damage|p1a: Talonflame|71\/359 par
|
|-heal|p2a: Slowbro|294\/394 brn|[from] item: Leftovers
|-heal|p1a: Talonflame|93\/359 par|[from] item: Leftovers
|-damage|p2a: Slowbro|245\/394 brn|[from] brn
|turn|37
|c| getrektlolo|Cazzo bestemmi
|c|âMagalli Presidente|plz
|c| getrektlolo|kek
|c|âMagalli Presidente|sei polentone e mi fai la predica
|
|cant|p1a: Talonflame|par
|move|p2a: Slowbro|Scald|p1a: Talonflame
|-supereffective|p1a: Talonflame
|-damage|p1a: Talonflame|0 fnt
|faint|p1a: Talonflame
|
|-heal|p2a: Slowbro|269\/394 brn|[from] item: Leftovers
|-damage|p2a: Slowbro|220\/394 brn|[from] brn
|c|âMagalli Presidente|lolvab
|
|switch|p1a: Celebi|Celebi|403\/403
|turn|38
|c| getrektlolo|heuheu
|
|switch|p2a: Scizor|Scizor-Mega, F|341\/344
|move|p1a: Celebi|Giga Drain|p2a: Scizor
|-resisted|p2a: Scizor
|-damage|p2a: Scizor|321\/344
|
|turn|39
|c|âMagalli Presidente|azzo se mi sto rompendo le palle
|
|switch|p1a: Scizor|Scizor-Mega, M|225\/343
|move|p2a: Scizor|Swords Dance|p2a: Scizor
|-boost|p2a: Scizor|atk|2
|
|turn|40
|
|move|p1a: Scizor|U-turn|p2a: Scizor
|-resisted|p2a: Scizor
|-damage|p2a: Scizor|288\/344
|c| getrektlolo|PerchÃ¨ non lo usi con sd?
|
|switch|p1a: Keldeo-Resolute|Keldeo-Resolute|323\/323
|move|p2a: Scizor|Swords Dance|p2a: Scizor
|-boost|p2a: Scizor|atk|2
|
|turn|41
|c|âMagalli Presidente|no ora mi crepa
|c|âMagalli Presidente|perchÃ¨ mi serve uturn
|c|âMagalli Presidente|cosa cazzo si statuppa che ho tran
|
|switch|p2a: Slowbro|Slowbro, F|351\/394 brn
|move|p1a: Keldeo-Resolute|Scald|p2a: Slowbro
|-resisted|p2a: Slowbro
|-damage|p2a: Slowbro|258\/394 brn
|
|-heal|p2a: Slowbro|282\/394 brn|[from] item: Leftovers
|-damage|p2a: Slowbro|233\/394 brn|[from] brn
|turn|42
|c|âMagalli Presidente|coglione
|
|switch|p1a: Celebi|Celebi|403\/403
|move|p2a: Slowbro|Slack Off|p2a: Slowbro
|-heal|p2a: Slowbro|394\/394 brn
|
|-damage|p2a: Slowbro|345\/394 brn|[from] brn
|turn|43
|c| getrektlolo|Ma hai giÃ  Bi per trappar Tran
|c|âMagalli Presidente|non dico a te crok
|c|âMagalli Presidente|lol
|c| getrektlolo|loxo
|
|switch|p2a: Scizor|Scizor-Mega, F|288\/344
|move|p1a: Celebi|Baton Pass|p1a: Celebi
|
|switch|p1a: Heatran|Heatran, F|171\/385
|
|-heal|p1a: Heatran|195\/385|[from] item: Leftovers
|turn|44
|
|switch|p2a: Gliscor|Gliscor, F|323\/354 tox
|move|p1a: Heatran|Lava Plume|p2a: Gliscor
|-damage|p2a: Gliscor|212\/354 tox
|
|-heal|p1a: Heatran|219\/385|[from] item: Leftovers
|-heal|p2a: Gliscor|256\/354 tox|[from] ability: Poison Heal
|turn|45
|
|switch|p1a: Scizor|Scizor-Mega, M|225\/343
|move|p2a: Gliscor|Earthquake|p1a: Scizor
|-damage|p1a: Scizor|165\/343
|
|-heal|p2a: Gliscor|300\/354 tox|[from] ability: Poison Heal
|turn|46
|
|move|p2a: Gliscor|Taunt|p1a: Scizor
|-start|p1a: Scizor|move: Taunt
|cant|p1a: Scizor|move: Taunt|Roost
|
|-heal|p2a: Gliscor|344\/354 tox|[from] ability: Poison Heal
|turn|47
|c|âMagalli Presidente|il cancro
|
|switch|p1a: Keldeo-Resolute|Keldeo-Resolute|323\/323
|move|p2a: Gliscor|Earthquake|p1a: Keldeo-Resolute
|-damage|p1a: Keldeo-Resolute|208\/323
|
|-heal|p2a: Gliscor|354\/354 tox|[from] ability: Poison Heal
|turn|48
|
|switch|p1a: Scizor|Scizor-Mega, M|165\/343
|switch|p2a: Slowbro|Slowbro, F|394\/394 brn
|
|-damage|p2a: Slowbro|345\/394 brn|[from] brn
|turn|49
|
|move|p1a: Scizor|U-turn|p2a: Slowbro
|-supereffective|p2a: Slowbro
|-damage|p2a: Slowbro|177\/394 brn
|
|switch|p1a: Celebi|Celebi|403\/403
|move|p2a: Slowbro|Thunder Wave|p1a: Celebi
|-status|p1a: Celebi|par
|
|-heal|p2a: Slowbro|201\/394 brn|[from] item: Leftovers
|-damage|p2a: Slowbro|152\/394 brn|[from] brn
|turn|50
|
|switch|p2a: Scizor|Scizor-Mega, F|288\/344
|move|p1a: Celebi|Baton Pass|p1a: Celebi
|
|switch|p1a: Heatran|Heatran, F|219\/385
|
|-heal|p1a: Heatran|243\/385|[from] item: Leftovers
|turn|51
|c|âDyanna|hmm
|c|âMagalli Presidente|minchia croak questo Ã¨ strong
|c| getrektlolo|Devo pure postar il team per la core della week
|c| getrektlolo|Maronn
|
|switch|p2a: Gliscor|Gliscor, F|354\/354 tox
|move|p1a: Heatran|Lava Plume|p2a: Gliscor
|-damage|p2a: Gliscor|234\/354 tox
|
|-heal|p1a: Heatran|267\/385|[from] item: Leftovers
|-heal|p2a: Gliscor|278\/354 tox|[from] ability: Poison Heal
|turn|52
|
|switch|p1a: Celebi|Celebi|403\/403
|move|p2a: Gliscor|Earthquake|p1a: Celebi
|-resisted|p1a: Celebi
|-damage|p1a: Celebi|342\/403
|
|-heal|p1a: Celebi|367\/403|[from] item: Leftovers
|-heal|p2a: Gliscor|322\/354 tox|[from] ability: Poison Heal
|turn|53
|
|switch|p1a: Keldeo-Resolute|Keldeo-Resolute|208\/323
|move|p2a: Gliscor|Knock Off|p1a: Keldeo-Resolute
|-resisted|p1a: Keldeo-Resolute
|-damage|p1a: Keldeo-Resolute|168\/323
|-boost|p1a: Keldeo-Resolute|atk|1|[from] ability: Justified
|-enditem|p1a: Keldeo-Resolute|Choice Scarf|[from] move: Knock Off|[of] p2a: Gliscor
|
|-heal|p2a: Gliscor|354\/354 tox|[from] ability: Poison Heal
|turn|54
|
|switch|p2a: Slowbro|Slowbro, F|283\/394 brn
|move|p1a: Keldeo-Resolute|Hydro Pump|p2a: Slowbro
|-crit|p2a: Slowbro
|-resisted|p2a: Slowbro
|-damage|p2a: Slowbro|121\/394 brn
|
|-heal|p2a: Slowbro|145\/394 brn|[from] item: Leftovers
|-damage|p2a: Slowbro|96\/394 brn|[from] brn
|turn|55
|c| getrektlolo|Wut
|c|âMagalli Presidente|lagga
|c| getrektlolo|Si ma
|
|switch|p2a: Zapdos|Zapdos|236\/384
|-ability|p2a: Zapdos|Pressure
|move|p1a: Keldeo-Resolute|Hydro Pump|p2a: Zapdos|[miss]
|-miss|p1a: Keldeo-Resolute|p2a: Zapdos
|
|-heal|p2a: Zapdos|260\/384|[from] item: Leftovers
|turn|56
|c| getrektlolo|Quel danno
|c|âMagalli Presidente|crit croak
|c| getrektlolo|Appunto
|c|âDyanna|2 criticals hydros
|
|switch|p1a: Heatran|Heatran, F|267\/385
|move|p2a: Zapdos|Volt Switch|p1a: Heatran
|-damage|p1a: Heatran|189\/385
|
|switch|p2a: Gliscor|Gliscor, F|354\/354 tox
|
|-heal|p1a: Heatran|213\/385|[from] item: Leftovers
|turn|57
|
|switch|p1a: Celebi|Celebi|367\/403
|move|p2a: Gliscor|Earthquake|p1a: Celebi
|-resisted|p1a: Celebi
|-damage|p1a: Celebi|310\/403
|
|-heal|p1a: Celebi|335\/403|[from] item: Leftovers
|turn|58
|c|âMagalli Presidente|sd merda
|c|âMagalli Presidente|guarda madonna mia
|
|move|p1a: Celebi|Giga Drain|p2a: Gliscor
|-damage|p2a: Gliscor|273\/354 tox
|-heal|p1a: Celebi|376\/403|[from] drain|[of] p2a: Gliscor
|move|p2a: Gliscor|Earthquake|p1a: Celebi
|-resisted|p1a: Celebi
|-damage|p1a: Celebi|321\/403
|
|-heal|p1a: Celebi|346\/403|[from] item: Leftovers
|-heal|p2a: Gliscor|317\/354 tox|[from] ability: Poison Heal
|turn|59
|c|âMagalli Presidente|tre ore
|
|switch|p2a: Scizor|Scizor-Mega, F|288\/344
|move|p1a: Celebi|Recover|p1a: Celebi
|-heal|p1a: Celebi|403\/403
|
|turn|60
|
|move|p1a: Celebi|Baton Pass|p1a: Celebi
|c| getrektlolo|lolz
|c|âDyanna|wtf
|
|switch|p1a: Scizor|Scizor-Mega, M|165\/343
|move|p2a: Scizor|Superpower|p1a: Scizor
|-damage|p1a: Scizor|94\/343
|-unboost|p2a: Scizor|atk|1
|-unboost|p2a: Scizor|def|1
|
|turn|61
|
|switch|p2a: Zapdos|Zapdos|260\/384
|-ability|p2a: Zapdos|Pressure
|move|p1a: Scizor|Roost|p1a: Scizor
|-heal|p1a: Scizor|266\/343
|
|-heal|p2a: Zapdos|284\/384|[from] item: Leftovers
|turn|62
|
|switch|p1a: Celebi|Celebi|403\/403
|move|p2a: Zapdos|Volt Switch|p1a: Celebi
|-resisted|p1a: Celebi
|-damage|p1a: Celebi|370\/403
|
|switch|p2a: Scizor|Scizor-Mega, F|288\/344
|
|-heal|p1a: Celebi|395\/403|[from] item: Leftovers
|turn|63
|
|switch|p1a: Scizor|Scizor-Mega, M|266\/343
|move|p2a: Scizor|Superpower|p1a: Scizor
|-damage|p1a: Scizor|183\/343
|-unboost|p2a: Scizor|atk|1
|-unboost|p2a: Scizor|def|1
|
|turn|64
|
|switch|p2a: Zapdos|Zapdos|284\/384
|-ability|p2a: Zapdos|Pressure
|move|p1a: Scizor|Roost|p1a: Scizor
|-heal|p1a: Scizor|343\/343
|
|-heal|p2a: Zapdos|308\/384|[from] item: Leftovers
|turn|65
|
|switch|p1a: Celebi|Celebi|395\/403
|move|p2a: Zapdos|Volt Switch|p1a: Celebi
|-resisted|p1a: Celebi
|-damage|p1a: Celebi|358\/403
|
|switch|p2a: Scizor|Scizor-Mega, F|288\/344
|
|-heal|p1a: Celebi|383\/403|[from] item: Leftovers
|turn|66
|
|switch|p1a: Scizor|Scizor-Mega, M|343\/343
|move|p2a: Scizor|Swords Dance|p2a: Scizor
|-boost|p2a: Scizor|atk|2
|
|turn|67
|
|move|p1a: Scizor|U-turn|p2a: Scizor
|-crit|p2a: Scizor
|-resisted|p2a: Scizor
|-damage|p2a: Scizor|240\/344
|c|âDyanna|haahah
|
|switch|p1a: Keldeo-Resolute|Keldeo-Resolute|168\/323
|move|p2a: Scizor|Swords Dance|p2a: Scizor
|-boost|p2a: Scizor|atk|2
|
|turn|68
|c|âDyanna|go heatran
|
|move|p2a: Scizor|Bullet Punch|p1a: Keldeo-Resolute
|-resisted|p1a: Keldeo-Resolute
|-damage|p1a: Keldeo-Resolute|5\/323
|move|p1a: Keldeo-Resolute|Scald|p2a: Scizor
|-damage|p2a: Scizor|101\/344
|
|turn|69
|c|âMagalli Presidente|ahahahha
|c|âMagalli Presidente|very funny
|c|âDyanna|kkk
|
|move|p2a: Scizor|Bullet Punch|p1a: Keldeo-Resolute
|-resisted|p1a: Keldeo-Resolute
|-damage|p1a: Keldeo-Resolute|0 fnt
|faint|p1a: Keldeo-Resolute
|
|c| getrektlolo|si bao, Ã¨ brasiliano
|
|switch|p1a: Heatran|Heatran, F|213\/385
|turn|70
|c|âMagalli Presidente|rofl
|c|âDyanna|hue
|
|switch|p2a: Gliscor|Gliscor, F|317\/354 tox
|move|p1a: Heatran|Lava Plume|p2a: Gliscor
|-damage|p2a: Gliscor|208\/354 tox
|
|-heal|p1a: Heatran|237\/385|[from] item: Leftovers
|-heal|p2a: Gliscor|252\/354 tox|[from] ability: Poison Heal
|turn|71
|c|âDyanna|language?
|c| getrektlolo|espanol
|
|switch|p1a: Celebi|Celebi|383\/403
|move|p2a: Gliscor|Earthquake|p1a: Celebi
|-resisted|p1a: Celebi
|-damage|p1a: Celebi|331\/403
|
|-heal|p1a: Celebi|356\/403|[from] item: Leftovers
|-heal|p2a: Gliscor|296\/354 tox|[from] ability: Poison Heal
|turn|72
|c|âDyanna|hm si
|
|switch|p1a: Heatran|Heatran, F|237\/385
|move|p2a: Gliscor|Knock Off|p1a: Heatran
|-damage|p1a: Heatran|167\/385
|-enditem|p1a: Heatran|Leftovers|[from] move: Knock Off|[of] p2a: Gliscor
|
|-heal|p2a: Gliscor|340\/354 tox|[from] ability: Poison Heal
|turn|73
|c|âMagalli Presidente|ma ho fatto cancel
|c|âMagalli Presidente|ma dioporco
|c|âMagalli Presidente|sd
|
|switch|p1a: Scizor|Scizor-Mega, M|343\/343
|move|p2a: Gliscor|Earthquake|p1a: Scizor
|-damage|p1a: Scizor|283\/343
|
|-heal|p2a: Gliscor|354\/354 tox|[from] ability: Poison Heal
|turn|74
|
|move|p2a: Gliscor|Taunt|p1a: Scizor
|-start|p1a: Scizor|move: Taunt
|move|p1a: Scizor|U-turn|p2a: Gliscor
|-resisted|p2a: Gliscor
|-damage|p2a: Gliscor|315\/354 tox
|
|switch|p1a: Celebi|Celebi|356\/403
|
|-heal|p1a: Celebi|381\/403|[from] item: Leftovers
|-heal|p2a: Gliscor|354\/354 tox|[from] ability: Poison Heal
|turn|75
|
|move|p1a: Celebi|Perish Song|p1a: Celebi
|-fieldactivate|move: Perish Song
|move|p2a: Gliscor|Knock Off|p1a: Celebi
|-supereffective|p1a: Celebi
|-damage|p1a: Celebi|243\/403
|-enditem|p1a: Celebi|Leftovers|[from] move: Knock Off|[of] p2a: Gliscor
|
|-start|p1a: Celebi|perish3
|-start|p2a: Gliscor|perish3
|turn|76
|
|move|p1a: Celebi|Recover|p1a: Celebi
|-heal|p1a: Celebi|403\/403
|move|p2a: Gliscor|Earthquake|p1a: Celebi
|-resisted|p1a: Celebi
|-damage|p1a: Celebi|348\/403
|
|-start|p1a: Celebi|perish2
|-start|p2a: Gliscor|perish2
|turn|77
|c|âDyanna|lol baton pass?
|c|âDyanna|shasa
|
|switch|p1a: Scizor|Scizor-Mega, M|283\/343
|switch|p2a: Scizor|Scizor-Mega, F|101\/344
|
|turn|78
|
|move|p1a: Scizor|U-turn|p2a: Scizor
|-resisted|p2a: Scizor
|-damage|p2a: Scizor|67\/344
|
|switch|p1a: Celebi|Celebi|348\/403
|move|p2a: Scizor|Roost|p2a: Scizor
|-heal|p2a: Scizor|239\/344
|
|turn|79
|
|move|p1a: Celebi|Perish Song|p1a: Celebi
|-fieldactivate|move: Perish Song
|move|p2a: Scizor|Swords Dance|p2a: Scizor
|-boost|p2a: Scizor|atk|2
|
|-start|p1a: Celebi|perish3
|-start|p2a: Scizor|perish3
|turn|80
|
|switch|p1a: Scizor|Scizor-Mega, M|283\/343
|move|p2a: Scizor|Bullet Punch|p1a: Scizor
|-resisted|p1a: Scizor
|-damage|p1a: Scizor|226\/343
|
|-start|p2a: Scizor|perish2
|turn|81
|
|move|p1a: Scizor|Roost|p1a: Scizor
|-heal|p1a: Scizor|343\/343
|move|p2a: Scizor|Superpower|p1a: Scizor
|-damage|p1a: Scizor|200\/343
|-unboost|p2a: Scizor|atk|1
|-unboost|p2a: Scizor|def|1
|
|-start|p2a: Scizor|perish1
|turn|82
|
|switch|p1a: Heatran|Heatran, F|167\/385
|switch|p2a: Gliscor|Gliscor, F|354\/354 tox
|
|turn|83
|
|switch|p1a: Celebi|Celebi|348\/403
|move|p2a: Gliscor|Earthquake|p1a: Celebi
|-resisted|p1a: Celebi
|-damage|p1a: Celebi|293\/403
|
|turn|84
|
|move|p1a: Celebi|Baton Pass|p1a: Celebi
|
|switch|p1a: Scizor|Scizor-Mega, M|200\/343
|move|p2a: Gliscor|Knock Off|p1a: Scizor
|-damage|p1a: Scizor|172\/343
|
|turn|85
|
|switch|p1a: Celebi|Celebi|293\/403
|move|p2a: Gliscor|Taunt|p1a: Celebi
|-start|p1a: Celebi|move: Taunt
|
|turn|86
|
|move|p1a: Celebi|Giga Drain|p2a: Gliscor
|-damage|p2a: Gliscor|275\/354 tox
|-heal|p1a: Celebi|333\/403|[from] drain|[of] p2a: Gliscor
|move|p2a: Gliscor|Knock Off|p1a: Celebi
|-supereffective|p1a: Celebi
|-damage|p1a: Celebi|237\/403
|
|-heal|p2a: Gliscor|319\/354 tox|[from] ability: Poison Heal
|turn|87
|
|switch|p1a: Scizor|Scizor-Mega, M|172\/343
|switch|p2a: Scizor|Scizor-Mega, F|239\/344
|
|turn|88
|
|move|p1a: Scizor|U-turn|p2a: Scizor
|-resisted|p2a: Scizor
|-damage|p2a: Scizor|206\/344
|c|âMagalli Presidente|sto perdendo per gli 8 spd di zor
|c|âMagalli Presidente|messi a cazzo
|
|switch|p1a: Heatran|Heatran, F|167\/385
|move|p2a: Scizor|Swords Dance|p2a: Scizor
|-boost|p2a: Scizor|atk|2
|
|turn|89
|
|switch|p2a: Gliscor|Gliscor, F|319\/354 tox
|move|p1a: Heatran|Lava Plume|p2a: Gliscor
|-damage|p2a: Gliscor|201\/354 tox
|
|-heal|p2a: Gliscor|245\/354 tox|[from] ability: Poison Heal
|turn|90
|
|switch|p1a: Celebi|Celebi|237\/403
|move|p2a: Gliscor|Taunt|p1a: Celebi
|-start|p1a: Celebi|move: Taunt
|
|-heal|p2a: Gliscor|289\/354 tox|[from] ability: Poison Heal
|turn|91
|
|switch|p1a: Scizor|Scizor-Mega, M|172\/343
|switch|p2a: Scizor|Scizor-Mega, F|206\/344
|
|turn|92
|
|move|p1a: Scizor|U-turn|p2a: Scizor
|-resisted|p2a: Scizor
|-damage|p2a: Scizor|171\/344
|
|switch|p1a: Celebi|Celebi|237\/403
|move|p2a: Scizor|Swords Dance|p2a: Scizor
|-boost|p2a: Scizor|atk|2
|
|turn|93
|
|switch|p1a: Scizor|Scizor-Mega, M|172\/343
|move|p2a: Scizor|Roost|p2a: Scizor
|-heal|p2a: Scizor|343\/344
|
|turn|94
|
|move|p1a: Scizor|Roost|p1a: Scizor
|-heal|p1a: Scizor|343\/343
|move|p2a: Scizor|Swords Dance|p2a: Scizor
|-boost|p2a: Scizor|atk|2
|
|turn|95
|
|switch|p1a: Celebi|Celebi|237\/403
|move|p2a: Scizor|Superpower|p1a: Celebi
|-resisted|p1a: Celebi
|-damage|p1a: Celebi|51\/403
|-unboost|p2a: Scizor|atk|1
|-unboost|p2a: Scizor|def|1
|
|turn|96
|
|switch|p1a: Heatran|Heatran, F|167\/385
|move|p2a: Scizor|Bullet Punch|p1a: Heatran
|-resisted|p1a: Heatran
|-damage|p1a: Heatran|111\/385
|
|turn|97
|
|switch|p2a: Gliscor|Gliscor, F|289\/354 tox
|move|p1a: Heatran|Lava Plume|p2a: Gliscor
|-damage|p2a: Gliscor|166\/354 tox
|
|-heal|p2a: Gliscor|210\/354 tox|[from] ability: Poison Heal
|turn|98
|
|switch|p1a: Scizor|Scizor-Mega, M|343\/343
|move|p2a: Gliscor|Earthquake|p1a: Scizor
|-damage|p1a: Scizor|277\/343
|
|-heal|p2a: Gliscor|254\/354 tox|[from] ability: Poison Heal
|turn|99
|
|move|p2a: Gliscor|Taunt|p1a: Scizor
|-start|p1a: Scizor|move: Taunt
|move|p1a: Scizor|U-turn|p2a: Gliscor
|-resisted|p2a: Gliscor
|-damage|p2a: Gliscor|210\/354 tox
|
|switch|p1a: Celebi|Celebi|51\/403
|
|-heal|p2a: Gliscor|254\/354 tox|[from] ability: Poison Heal
|turn|100
|
|switch|p2a: Scizor|Scizor-Mega, F|343\/344
|move|p1a: Celebi|Recover|p1a: Celebi
|-heal|p1a: Celebi|253\/403
|
|turn|101
|
|move|p1a: Celebi|Perish Song|p1a: Celebi
|-fieldactivate|move: Perish Song
|move|p2a: Scizor|Swords Dance|p2a: Scizor
|-boost|p2a: Scizor|atk|2
|
|-start|p1a: Celebi|perish3
|-start|p2a: Scizor|perish3
|turn|102
|
|switch|p1a: Scizor|Scizor-Mega, M|277\/343
|move|p2a: Scizor|Swords Dance|p2a: Scizor
|-boost|p2a: Scizor|atk|2
|
|-start|p2a: Scizor|perish2
|turn|103
|
|move|p1a: Scizor|Roost|p1a: Scizor
|-heal|p1a: Scizor|343\/343
|move|p2a: Scizor|Superpower|p1a: Scizor
|-damage|p1a: Scizor|129\/343
|-unboost|p2a: Scizor|atk|1
|-unboost|p2a: Scizor|def|1
|
|-start|p2a: Scizor|perish1
|turn|104
|
|switch|p2a: Zapdos|Zapdos|308\/384
|-ability|p2a: Zapdos|Pressure
|move|p1a: Scizor|Roost|p1a: Scizor
|-heal|p1a: Scizor|301\/343
|
|-heal|p2a: Zapdos|332\/384|[from] item: Leftovers
|turn|105
|c| getrektlolo|Prepara la chemio
|
|move|p2a: Zapdos|Volt Switch|p1a: Scizor
|-damage|p1a: Scizor|199\/343
|c|âMagalli Presidente|lol
|c|âMagalli Presidente|ma son coglione io a dare la speed a zor
|
|switch|p2a: Gliscor|Gliscor, F|254\/354 tox
|move|p1a: Scizor|U-turn|p2a: Gliscor
|-resisted|p2a: Gliscor
|-damage|p2a: Gliscor|209\/354 tox
|c|âMagalli Presidente|e coglione lui a giocare spower senza speed
|
|switch|p1a: Celebi|Celebi|253\/403
|
|-heal|p2a: Gliscor|253\/354 tox|[from] ability: Poison Heal
|turn|106
|c| getrektlolo|eh oh
|
|move|p1a: Celebi|Recover|p1a: Celebi
|-heal|p1a: Celebi|403\/403
|move|p2a: Gliscor|Earthquake|p1a: Celebi
|-crit|p1a: Celebi
|-resisted|p1a: Celebi
|-damage|p1a: Celebi|319\/403
|
|-heal|p2a: Gliscor|297\/354 tox|[from] ability: Poison Heal
|turn|107
|c|âMagalli Presidente|missclicko e mi koffa tran
|c|âMagalli Presidente|sono scemo
|
|move|p1a: Celebi|Perish Song|p1a: Celebi
|-fieldactivate|move: Perish Song
|move|p2a: Gliscor|Taunt|p1a: Celebi
|-start|p1a: Celebi|move: Taunt
|
|-start|p1a: Celebi|perish3
|-start|p2a: Gliscor|perish3
|-heal|p2a: Gliscor|341\/354 tox|[from] ability: Poison Heal
|turn|108
|
|switch|p1a: Scizor|Scizor-Mega, M|199\/343
|switch|p2a: Zapdos|Zapdos|332\/384
|-ability|p2a: Zapdos|Pressure
|
|-heal|p2a: Zapdos|356\/384|[from] item: Leftovers
|turn|109
|
|switch|p1a: Celebi|Celebi|319\/403
|move|p2a: Zapdos|Volt Switch|p1a: Celebi
|-resisted|p1a: Celebi
|-damage|p1a: Celebi|285\/403
|
|switch|p2a: Scizor|Scizor-Mega, F|343\/344
|
|turn|110
|
|move|p1a: Celebi|Perish Song|p1a: Celebi
|-fieldactivate|move: Perish Song
|move|p2a: Scizor|Swords Dance|p2a: Scizor
|-boost|p2a: Scizor|atk|2
|
|-start|p1a: Celebi|perish3
|-start|p2a: Scizor|perish3
|turn|111
|
|move|p1a: Celebi|Recover|p1a: Celebi
|-heal|p1a: Celebi|403\/403
|move|p2a: Scizor|Superpower|p1a: Celebi
|-resisted|p1a: Celebi
|-damage|p1a: Celebi|259\/403
|-unboost|p2a: Scizor|atk|1
|-unboost|p2a: Scizor|def|1
|
|-start|p1a: Celebi|perish2
|-start|p2a: Scizor|perish2
|turn|112
|
|switch|p2a: Zapdos|Zapdos|356\/384
|-ability|p2a: Zapdos|Pressure
|move|p1a: Celebi|Recover|p1a: Celebi
|-heal|p1a: Celebi|403\/403
|
|-start|p1a: Celebi|perish1
|-heal|p2a: Zapdos|380\/384|[from] item: Leftovers
|turn|113
|
|move|p1a: Celebi|Baton Pass|p1a: Celebi
|c|âMagalli Presidente|nono don't lag
|c|âMagalli Presidente|cazzo
|-message|Magalli Presidente forfeited.
|leave|Magalli Presidente
|c|âDyanna|lol
|c|âDyanna|kkkkk
|
|win|Dyanna
|raw|Ladder updating...
|player|p1
|raw|Magalli Presidente's rating: 1586 &rarr; <strong>1573<\/strong><br \/>(-13 for losing)
|raw|Dyanna's rating: 1709 &rarr; <strong>1722<\/strong><br \/>(+13 for winning)
|leave|Dyanna
|player|p2
|join|ricardopaleari
|leave|getrektlolo
|join|Dyanna