|join|Arqan
|join|Sick Ass Play
|player|p1|Arqan|238
|player|p2|Sick Ass Play|143
|gametype|singles
|gen|6
|tier|UU
|rated
|rule|Sleep Clause Mod: Limit one foe put to sleep
|rule|Species Clause: Limit one of each PokÃ©mon
|rule|OHKO Clause: OHKO moves are banned
|rule|Moody Clause: Moody is banned
|rule|Evasion Moves Clause: Evasion moves are banned
|rule|Endless Battle Clause: Forcing endless battles is banned
|rule|HP Percentage Mod: HP is shown in percentages
|clearpoke
|poke|p1|Umbreon, F
|poke|p1|Cresselia, F
|poke|p1|Infernape, F
|poke|p1|Aerodactyl, F
|poke|p1|Goodra, F
|poke|p1|Donphan, F
|poke|p2|Tornadus, M
|poke|p2|Swampert, F
|poke|p2|Celebi
|poke|p2|Raikou
|poke|p2|Kingdra, F
|poke|p2|Crobat, M
|rule|Swagger Clause: Swagger is banned
|rule|Baton Pass Clause: Limit one PokÃ©mon knowing Baton Pass
|teampreview
|
|start
|switch|p1a: Cresselia|Cresselia, F|444\/444
|switch|p2a: Swampert|Swampert, F|391\/391
|turn|1
|
|detailschange|p2a: Swampert|Swampert-Mega, F
|-mega|p2a: Swampert|Swampert|Swampertite
|move|p1a: Cresselia|Toxic|p2a: Swampert
|-status|p2a: Swampert|tox
|move|p2a: Swampert|Toxic|p1a: Cresselia
|-status|p1a: Cresselia|tox
|
|-damage|p1a: Cresselia|417\/444 tox|[from] psn
|-damage|p2a: Swampert|367\/391 tox|[from] psn
|turn|2
|
|move|p1a: Cresselia|Psyshock|p2a: Swampert
|-damage|p2a: Swampert|295\/391 tox
|move|p2a: Swampert|Waterfall|p1a: Cresselia
|-damage|p1a: Cresselia|305\/444 tox
|
|-heal|p1a: Cresselia|332\/444 tox|[from] item: Leftovers
|-damage|p1a: Cresselia|278\/444 tox|[from] psn
|-damage|p2a: Swampert|247\/391 tox|[from] psn
|turn|3
|
|switch|p2a: Tornadus|Tornadus, M|299\/299
|move|p1a: Cresselia|Psyshock|p2a: Tornadus
|-damage|p2a: Tornadus|182\/299
|
|-heal|p1a: Cresselia|305\/444 tox|[from] item: Leftovers
|-damage|p1a: Cresselia|224\/444 tox|[from] psn
|turn|4
|
|move|p2a: Tornadus|Knock Off|p1a: Cresselia
|-supereffective|p1a: Cresselia
|-damage|p1a: Cresselia|82\/444 tox
|-enditem|p1a: Cresselia|Leftovers|[from] move: Knock Off|[of] p2a: Tornadus
|move|p1a: Cresselia|Moonlight|p1a: Cresselia
|-heal|p1a: Cresselia|304\/444 tox
|
|-damage|p1a: Cresselia|196\/444 tox|[from] psn
|turn|5
|
|switch|p1a: Donphan|Donphan, F|364\/364
|move|p2a: Tornadus|Knock Off|p1a: Donphan
|-damage|p1a: Donphan|283\/364
|-enditem|p1a: Donphan|Leftovers|[from] move: Knock Off|[of] p2a: Tornadus
|
|turn|6
|
|switch|p2a: Kingdra|Kingdra, F|298\/298
|move|p1a: Donphan|Stealth Rock|p2a: Kingdra
|-sidestart|p2: Sick Ass Play|move: Stealth Rock
|
|turn|7
|
|switch|p1a: Umbreon|Umbreon, F|394\/394
|move|p2a: Kingdra|Ice Beam|p1a: Umbreon
|-crit|p1a: Umbreon
|-damage|p1a: Umbreon|277\/394
|-damage|p2a: Kingdra|269\/298|[from] item: Life Orb
|
|-heal|p1a: Umbreon|301\/394|[from] item: Leftovers
|turn|8
|
|switch|p2a: Crobat|Crobat, M|373\/373
|-damage|p2a: Crobat|280\/373|[from] Stealth Rock
|move|p1a: Umbreon|Heal Bell|p1a: Umbreon
|-cureteam|p1a: Umbreon|[from] move: HealBell
|
|-heal|p2a: Crobat|303\/373|[from] item: Black Sludge
|-heal|p1a: Umbreon|325\/394|[from] item: Leftovers
|turn|9
|
|switch|p1a: Cresselia|Cresselia, F|196\/444
|move|p2a: Crobat|Defog|p1a: Cresselia
|-unboost|p1a: Cresselia|evasion|1
|-sideend|p2: Sick Ass Play|Stealth Rock|[from] move: Defog|[of] p2a: Crobat
|
|-heal|p2a: Crobat|326\/373|[from] item: Black Sludge
|turn|10
|
|move|p2a: Crobat|Brave Bird|p1a: Cresselia
|-damage|p1a: Cresselia|106\/444
|-damage|p2a: Crobat|296\/373|[from] recoil|[of] p1a: Cresselia
|move|p1a: Cresselia|Moonlight|p1a: Cresselia
|-heal|p1a: Cresselia|328\/444
|
|-heal|p2a: Crobat|319\/373|[from] item: Black Sludge
|turn|11
|
|move|p2a: Crobat|U-turn|p1a: Cresselia
|-supereffective|p1a: Cresselia
|-damage|p1a: Cresselia|256\/444
|
|switch|p2a: Swampert|Swampert-Mega, F|247\/391 tox
|move|p1a: Cresselia|Toxic|p2a: Swampert
|-fail|p2a: Swampert|tox
|
|-damage|p2a: Swampert|223\/391 tox|[from] psn
|turn|12
|
|move|p1a: Cresselia|Psyshock|p2a: Swampert
|-damage|p2a: Swampert|153\/391 tox
|move|p2a: Swampert|Toxic|p1a: Cresselia
|-status|p1a: Cresselia|tox
|
|-damage|p1a: Cresselia|229\/444 tox|[from] psn
|-damage|p2a: Swampert|105\/391 tox|[from] psn
|turn|13
|
|switch|p2a: Celebi|Celebi|404\/404
|move|p1a: Cresselia|Psyshock|p2a: Celebi
|-resisted|p2a: Celebi
|-damage|p2a: Celebi|368\/404
|
|-heal|p2a: Celebi|393\/404|[from] item: Leftovers
|-damage|p1a: Cresselia|175\/444 tox|[from] psn
|turn|14
|
|switch|p1a: Goodra|Goodra, F|384\/384
|move|p2a: Celebi|Healing Wish|p2a: Celebi
|faint|p2a: Celebi
|
|
|switch|p2a: Swampert|Swampert-Mega, F|105\/391 tox
|-heal|p2a: Swampert|391\/391|[from] move: Healing Wish
|turn|15
|
|switch|p1a: Umbreon|Umbreon, F|325\/394
|switch|p2a: Crobat|Crobat, M|319\/373
|
|-heal|p2a: Crobat|342\/373|[from] item: Black Sludge
|-heal|p1a: Umbreon|349\/394|[from] item: Leftovers
|turn|16
|
|move|p2a: Crobat|U-turn|p1a: Umbreon
|-supereffective|p1a: Umbreon
|-damage|p1a: Umbreon|257\/394
|
|switch|p2a: Kingdra|Kingdra, F|269\/298
|move|p1a: Umbreon|Heal Bell|p1a: Umbreon
|-cureteam|p1a: Umbreon|[from] move: HealBell
|
|-heal|p1a: Umbreon|281\/394|[from] item: Leftovers
|turn|17
|
|move|p2a: Kingdra|Rain Dance|p2a: Kingdra
|-weather|RainDance
|move|p1a: Umbreon|Wish|p1a: Umbreon
|
|-weather|RainDance|[upkeep]
|-heal|p1a: Umbreon|305\/394|[from] item: Leftovers
|turn|18
|
|switch|p1a: Cresselia|Cresselia, F|175\/444
|move|p2a: Kingdra|Surf|p1a: Cresselia
|-damage|p1a: Cresselia|0 fnt
|-damage|p2a: Kingdra|240\/298|[from] item: Life Orb
|faint|p1a: Cresselia
|
|-weather|RainDance|[upkeep]
|
|switch|p1a: Umbreon|Umbreon, F|305\/394
|turn|19
|
|move|p2a: Kingdra|Surf|p1a: Umbreon
|-damage|p1a: Umbreon|133\/394
|-damage|p2a: Kingdra|211\/298|[from] item: Life Orb
|move|p1a: Umbreon|Foul Play|p2a: Kingdra
|-damage|p2a: Kingdra|130\/298
|
|-weather|RainDance|[upkeep]
|-heal|p1a: Umbreon|157\/394|[from] item: Leftovers
|turn|20
|
|switch|p1a: Goodra|Goodra, F|384\/384
|move|p2a: Kingdra|Surf|p1a: Goodra
|-resisted|p1a: Goodra
|-damage|p1a: Goodra|315\/384
|-damage|p2a: Kingdra|101\/298|[from] item: Life Orb
|
|-weather|RainDance|[upkeep]
|turn|21
|
|move|p2a: Kingdra|Draco Meteor|p1a: Goodra
|-supereffective|p1a: Goodra
|-damage|p1a: Goodra|65\/384
|-unboost|p2a: Kingdra|spa|2
|-damage|p2a: Kingdra|72\/298|[from] item: Life Orb
|move|p1a: Goodra|Draco Meteor|p2a: Kingdra
|-supereffective|p2a: Kingdra
|-damage|p2a: Kingdra|0 fnt
|-unboost|p1a: Goodra|spa|2
|faint|p2a: Kingdra
|
|-weather|none
|
|switch|p2a: Tornadus|Tornadus, M|182\/299
|turn|22
|
|switch|p1a: Donphan|Donphan, F|283\/364
|move|p2a: Tornadus|Knock Off|p1a: Donphan
|-damage|p1a: Donphan|227\/364
|
|turn|23
|
|switch|p2a: Crobat|Crobat, M|342\/373
|move|p1a: Donphan|Knock Off|p2a: Crobat
|-damage|p2a: Crobat|193\/373
|-enditem|p2a: Crobat|Black Sludge|[from] move: Knock Off|[of] p1a: Donphan
|
|turn|24
|
|move|p2a: Crobat|Brave Bird|p1a: Donphan
|-damage|p1a: Donphan|112\/364
|-damage|p2a: Crobat|155\/373|[from] recoil|[of] p1a: Donphan
|move|p1a: Donphan|Knock Off|p2a: Crobat
|-damage|p2a: Crobat|57\/373
|
|turn|25
|
|switch|p1a: Aerodactyl|Aerodactyl, F|311\/311
|-ability|p1a: Aerodactyl|Pressure
|move|p2a: Crobat|Brave Bird|p1a: Aerodactyl
|-resisted|p1a: Aerodactyl
|-damage|p1a: Aerodactyl|215\/311
|-damage|p2a: Crobat|25\/373|[from] recoil|[of] p1a: Aerodactyl
|
|turn|26
|
|switch|p1a: Donphan|Donphan, F|112\/364
|move|p2a: Crobat|Brave Bird|p1a: Donphan
|-damage|p1a: Donphan|1\/364
|-damage|p2a: Crobat|0 fnt|[from] recoil|[of] p1a: Donphan
|faint|p2a: Crobat
|
|
|switch|p2a: Tornadus|Tornadus, M|182\/299
|turn|27
|
|move|p2a: Tornadus|Knock Off|p1a: Donphan
|-damage|p1a: Donphan|0 fnt
|faint|p1a: Donphan
|
|
|switch|p1a: Umbreon|Umbreon, F|157\/394
|turn|28
|
|move|p2a: Tornadus|Superpower|p1a: Umbreon
|-supereffective|p1a: Umbreon
|-damage|p1a: Umbreon|0 fnt
|-unboost|p2a: Tornadus|atk|1
|-unboost|p2a: Tornadus|def|1
|faint|p1a: Umbreon
|
|
|switch|p1a: Aerodactyl|Aerodactyl, F|215\/311
|-ability|p1a: Aerodactyl|Pressure
|turn|29
|
|detailschange|p1a: Aerodactyl|Aerodactyl-Mega, F
|-mega|p1a: Aerodactyl|Aerodactyl|Aerodactylite
|move|p2a: Tornadus|Rain Dance|p2a: Tornadus
|-weather|RainDance
|move|p1a: Aerodactyl|Aerial Ace|p2a: Tornadus
|-damage|p2a: Tornadus|0 fnt
|faint|p2a: Tornadus
|
|-weather|RainDance|[upkeep]
|
|switch|p2a: Swampert|Swampert-Mega, F|391\/391
|turn|30
|
|move|p1a: Aerodactyl|Aerial Ace|p2a: Swampert
|-damage|p2a: Swampert|264\/391
|move|p2a: Swampert|Waterfall|p1a: Aerodactyl
|-supereffective|p1a: Aerodactyl
|-damage|p1a: Aerodactyl|0 fnt
|faint|p1a: Aerodactyl
|
|-weather|RainDance|[upkeep]
|
|switch|p1a: Infernape|Infernape, F|293\/293
|turn|31
|
|move|p2a: Swampert|Earthquake|p1a: Infernape
|-supereffective|p1a: Infernape
|-damage|p1a: Infernape|0 fnt
|faint|p1a: Infernape
|
|-weather|RainDance|[upkeep]
|-message|Arqan forfeited.
|leave|Arqan
|
|win|Sick Ass Play
|raw|Ladder updating...
|player|p1
|raw|Arqan's rating: 1328 &rarr; <strong>1304<\/strong><br \/>(-24 for losing)
|raw|Sick Ass Play's rating: 1243 &rarr; <strong>1274<\/strong><br \/>(+31 for winning)