|join|robofiend
|join|Arqan
|player|p1|robofiend|51
|player|p2|Arqan|238
|gametype|singles
|gen|6
|tier|UU
|rated
|rule|Sleep Clause Mod: Limit one foe put to sleep
|rule|Species Clause: Limit one of each PokÃ©mon
|rule|OHKO Clause: OHKO moves are banned
|rule|Moody Clause: Moody is banned
|rule|Evasion Moves Clause: Evasion moves are banned
|rule|Endless Battle Clause: Forcing endless battles is banned
|rule|HP Percentage Mod: HP is shown in percentages
|clearpoke
|poke|p1|Trevenant, M
|poke|p1|Granbull, M
|poke|p1|Forretress, F
|poke|p1|Ampharos, F
|poke|p1|Infernape, F
|poke|p1|Porygon2
|poke|p2|Roserade, M
|poke|p2|Tentacruel, M
|poke|p2|Cofagrigus, M
|poke|p2|Aerodactyl, M
|poke|p2|Hydreigon, M
|poke|p2|Machamp, M
|rule|Swagger Clause: Swagger is banned
|rule|Baton Pass Clause: Limit one PokÃ©mon knowing Baton Pass
|teampreview
|
|start
|switch|p1a: Granbull|Granbull, M|384\/384
|switch|p2a: Tentacruel|Tentacruel, M|364\/364
|-ability|p1a: Granbull|Intimidate|[of] p2a: Tentacruel
|-unboost|p2a: Tentacruel|atk|1
|turn|1
|
|move|p2a: Tentacruel|Toxic Spikes|p1a: Granbull
|-sidestart|p1: robofiend|move: Toxic Spikes
|move|p1a: Granbull|Thunder Wave|p2a: Tentacruel
|-status|p2a: Tentacruel|par
|
|turn|2
|
|switch|p1a: Forretress|Forretress, F|354\/354
|switch|p2a: Roserade|Roserade, M|261\/261
|
|turn|3
|
|move|p2a: Roserade|Hidden Power|p1a: Forretress
|-supereffective|p1a: Forretress
|-activate|p1a: Forretress|Sturdy
|-damage|p1a: Forretress|1\/354
|-damage|p2a: Roserade|235\/261|[from] item: Life Orb
|move|p1a: Forretress|Stealth Rock|p2a: Roserade
|-sidestart|p2: Arqan|move: Stealth Rock
|
|-heal|p1a: Forretress|23\/354|[from] item: Leftovers
|turn|4
|c|ârobofiend|god damn
|c|ârobofiend|the glitch
|
|switch|p1a: Infernape|Infernape, F|293\/293
|-status|p1a: Infernape|psn
|move|p2a: Roserade|Hidden Power|p1a: Infernape
|-crit|p1a: Infernape
|-resisted|p1a: Infernape
|-damage|p1a: Infernape|210\/293 psn
|-damage|p2a: Roserade|209\/261|[from] item: Life Orb
|
|-damage|p1a: Infernape|174\/293 psn|[from] psn
|turn|5
|
|switch|p2a: Tentacruel|Tentacruel, M|364\/364 par
|-damage|p2a: Tentacruel|319\/364 par|[from] Stealth Rock
|move|p1a: Infernape|Fire Punch|p2a: Tentacruel
|-resisted|p2a: Tentacruel
|-damage|p2a: Tentacruel|220\/364 par
|
|-heal|p2a: Tentacruel|242\/364 par|[from] item: Black Sludge
|-damage|p1a: Infernape|138\/293 psn|[from] psn
|turn|6
|
|switch|p1a: Forretress|Forretress, F|23\/354
|move|p2a: Tentacruel|Rapid Spin|p1a: Forretress
|-resisted|p1a: Forretress
|-damage|p1a: Forretress|20\/354
|-sideend|p2: Arqan|Stealth Rock|[from] move: Rapid Spin|[of] p2a: Tentacruel
|
|-heal|p1a: Forretress|42\/354|[from] item: Leftovers
|-heal|p2a: Tentacruel|264\/364 par|[from] item: Black Sludge
|turn|7
|
|move|p1a: Forretress|Stealth Rock|p2a: Tentacruel
|-sidestart|p2: Arqan|move: Stealth Rock
|move|p2a: Tentacruel|Scald|p1a: Forretress
|-damage|p1a: Forretress|0 fnt
|faint|p1a: Forretress
|
|-heal|p2a: Tentacruel|286\/364 par|[from] item: Black Sludge
|-message|robofiend forfeited.
|leave|robofiend
|
|win|Arqan
|raw|Ladder updating...
|player|p1
|raw|robofiend's rating: 1213 &rarr; <strong>1191<\/strong><br \/>(-22 for losing)
|raw|Arqan's rating: 1243 &rarr; <strong>1266<\/strong><br \/>(+23 for winning)