|join|Arqan
|join|andgion
|player|p1|Arqan|169
|player|p2|andgion|257
|gametype|singles
|gen|6
|tier|UU
|rated
|rule|Sleep Clause Mod: Limit one foe put to sleep
|rule|Species Clause: Limit one of each PokÃ©mon
|rule|OHKO Clause: OHKO moves are banned
|rule|Moody Clause: Moody is banned
|rule|Evasion Moves Clause: Evasion moves are banned
|rule|Endless Battle Clause: Forcing endless battles is banned
|rule|HP Percentage Mod: HP is shown in percentages
|clearpoke
|poke|p1|Umbreon, M
|poke|p1|Suicune
|poke|p1|Infernape, M
|poke|p1|Aggron, F
|poke|p1|Raikou
|poke|p1|Celebi
|poke|p2|Suicune
|poke|p2|Raikou
|poke|p2|Lucario, F
|poke|p2|Flygon, M
|poke|p2|Bronzong
|poke|p2|Alakazam, M
|rule|Swagger Clause: Swagger is banned
|rule|Baton Pass Clause: Limit one PokÃ©mon knowing Baton Pass
|teampreview
|
|start
|switch|p1a: Aggron|Aggron, F|344\/344
|switch|p2a: Bronzong|Bronzong|337\/337
|turn|1
|
|move|p1a: Aggron|Earthquake|p2a: Bronzong
|-immune|p2a: Bronzong|[msg]
|move|p2a: Bronzong|Stealth Rock|p1a: Aggron
|-sidestart|p1: Arqan|move: Stealth Rock
|
|turn|2
|
|move|p1a: Aggron|Stealth Rock|p2a: Bronzong
|-sidestart|p2: andgion|move: Stealth Rock
|move|p2a: Bronzong|Reflect|p2a: Bronzong
|-sidestart|p2: andgion|Reflect
|
|turn|3
|
|detailschange|p1a: Aggron|Aggron-Mega, F
|-mega|p1a: Aggron|Aggron|Aggronite
|move|p1a: Aggron|Iron Head|p2a: Bronzong
|-resisted|p2a: Bronzong
|-damage|p2a: Bronzong|308\/337
|move|p2a: Bronzong|Light Screen|p2a: Bronzong
|-sidestart|p2: andgion|move: Light Screen
|
|turn|4
|
|switch|p2a: Suicune|Suicune|404\/404
|-damage|p2a: Suicune|354\/404|[from] Stealth Rock
|-ability|p2a: Suicune|Pressure
|move|p1a: Aggron|Thunder Wave|p2a: Suicune
|-status|p2a: Suicune|par
|
|-heal|p2a: Suicune|379\/404 par|[from] item: Leftovers
|turn|5
|
|switch|p1a: Raikou|Raikou|321\/321
|-damage|p1a: Raikou|281\/321|[from] Stealth Rock
|-ability|p1a: Raikou|Pressure
|move|p2a: Suicune|Scald|p1a: Raikou
|-damage|p1a: Raikou|227\/321
|-status|p1a: Raikou|brn
|
|-heal|p2a: Suicune|404\/404 par|[from] item: Leftovers
|-damage|p1a: Raikou|187\/321 brn|[from] brn
|turn|6
|
|switch|p2a: Raikou|Raikou|321\/321
|-damage|p2a: Raikou|281\/321|[from] Stealth Rock
|-ability|p2a: Raikou|Pressure
|move|p1a: Raikou|Thunderbolt|p2a: Raikou
|-resisted|p2a: Raikou
|-damage|p2a: Raikou|244\/321
|
|-damage|p1a: Raikou|147\/321 brn|[from] brn
|turn|7
|
|move|p2a: Raikou|Volt Switch|p1a: Raikou
|-resisted|p1a: Raikou
|-damage|p1a: Raikou|89\/321 brn
|
|switch|p2a: Flygon|Flygon, M|301\/301
|-damage|p2a: Flygon|283\/301|[from] Stealth Rock
|move|p1a: Raikou|Volt Switch|p2a: Flygon
|-immune|p2a: Flygon|[msg]
|
|-damage|p1a: Raikou|49\/321 brn|[from] brn
|turn|8
|
|switch|p1a: Infernape|Infernape, M|293\/293
|-damage|p1a: Infernape|257\/293|[from] Stealth Rock
|move|p2a: Flygon|U-turn|p1a: Infernape
|-crit|p1a: Infernape
|-resisted|p1a: Infernape
|-damage|p1a: Infernape|221\/293
|
|switch|p2a: Suicune|Suicune|404\/404 par
|-damage|p2a: Suicune|354\/404 par|[from] Stealth Rock
|-ability|p2a: Suicune|Pressure
|
|-heal|p2a: Suicune|379\/404 par|[from] item: Leftovers
|turn|9
|
|move|p1a: Infernape|Grass Knot|p2a: Suicune
|-supereffective|p2a: Suicune
|-damage|p2a: Suicune|291\/404 par
|-damage|p1a: Infernape|192\/293|[from] item: Life Orb
|move|p2a: Suicune|Scald|p1a: Infernape
|-supereffective|p1a: Infernape
|-damage|p1a: Infernape|0 fnt
|faint|p1a: Infernape
|
|-heal|p2a: Suicune|316\/404 par|[from] item: Leftovers
|-sideend|p2: andgion|Reflect
|
|switch|p1a: Celebi|Celebi|341\/341
|-damage|p1a: Celebi|299\/341|[from] Stealth Rock
|turn|10
|
|switch|p2a: Bronzong|Bronzong|308\/337
|-damage|p2a: Bronzong|287\/337|[from] Stealth Rock
|move|p1a: Celebi|Ancient Power|p2a: Bronzong
|-resisted|p2a: Bronzong
|-damage|p2a: Bronzong|278\/337
|
|-sideend|p2: andgion|move: Light Screen
|turn|11
|
|move|p1a: Celebi|Psychic|p2a: Bronzong
|-resisted|p2a: Bronzong
|-damage|p2a: Bronzong|255\/337
|move|p2a: Bronzong|Light Screen|p2a: Bronzong
|-sidestart|p2: andgion|move: Light Screen
|
|turn|12
|
|move|p1a: Celebi|Giga Drain|p2a: Bronzong
|-resisted|p2a: Bronzong
|-damage|p2a: Bronzong|234\/337
|-heal|p1a: Celebi|310\/341|[from] drain|[of] p2a: Bronzong
|move|p2a: Bronzong|Reflect|p2a: Bronzong
|-sidestart|p2: andgion|Reflect
|
|turn|13
|
|switch|p1a: Suicune|Suicune|404\/404
|-damage|p1a: Suicune|354\/404|[from] Stealth Rock
|-ability|p1a: Suicune|Pressure
|switch|p2a: Flygon|Flygon, M|283\/301
|-damage|p2a: Flygon|265\/301|[from] Stealth Rock
|
|-heal|p1a: Suicune|379\/404|[from] item: Leftovers
|turn|14
|
|switch|p1a: Umbreon|Umbreon, M|394\/394
|-damage|p1a: Umbreon|345\/394|[from] Stealth Rock
|move|p2a: Flygon|U-turn|p1a: Umbreon
|-supereffective|p1a: Umbreon
|-damage|p1a: Umbreon|211\/394
|
|switch|p2a: Lucario|Lucario, F|281\/281
|-damage|p2a: Lucario|273\/281|[from] Stealth Rock
|
|-heal|p1a: Umbreon|235\/394|[from] item: Leftovers
|turn|15
|
|move|p2a: Lucario|Swords Dance|p2a: Lucario
|-boost|p2a: Lucario|atk|2
|move|p1a: Umbreon|Foul Play|p2a: Lucario
|-resisted|p2a: Lucario
|-damage|p2a: Lucario|180\/281
|-boost|p2a: Lucario|atk|1|[from] ability: Justified
|
|-heal|p1a: Umbreon|259\/394|[from] item: Leftovers
|turn|16
|
|move|p2a: Lucario|Close Combat|p1a: Umbreon
|-supereffective|p1a: Umbreon
|-damage|p1a: Umbreon|0 fnt
|-unboost|p2a: Lucario|def|1
|-unboost|p2a: Lucario|spd|1
|-damage|p2a: Lucario|152\/281|[from] item: Life Orb
|faint|p1a: Umbreon
|
|
|switch|p1a: Aggron|Aggron-Mega, F|344\/344
|-damage|p1a: Aggron|323\/344|[from] Stealth Rock
|turn|17
|
|move|p2a: Lucario|Close Combat|p1a: Aggron
|-supereffective|p1a: Aggron
|-damage|p1a: Aggron|0 fnt
|-unboost|p2a: Lucario|def|1
|-unboost|p2a: Lucario|spd|1
|-damage|p2a: Lucario|124\/281|[from] item: Life Orb
|faint|p1a: Aggron
|
|
|switch|p1a: Suicune|Suicune|379\/404
|-damage|p1a: Suicune|329\/404|[from] Stealth Rock
|-ability|p1a: Suicune|Pressure
|turn|18
|
|move|p2a: Lucario|Close Combat|p1a: Suicune
|-damage|p1a: Suicune|0 fnt
|-unboost|p2a: Lucario|def|1
|-unboost|p2a: Lucario|spd|1
|-damage|p2a: Lucario|96\/281|[from] item: Life Orb
|faint|p1a: Suicune
|
|-sideend|p2: andgion|move: Light Screen
|-message|Arqan forfeited.
|
|win|andgion
|raw|Ladder updating...
|leave|Arqan
|player|p1
|raw|Arqan's rating: 1000 &rarr; <strong>1000<\/strong><br \/>(+0 for losing)
|raw|andgion's rating: 1064 &rarr; <strong>1089<\/strong><br \/>(+25 for winning)