|join|Arqan
|join|Tiakh
|player|p1|Arqan|238
|player|p2|Tiakh|247
|gametype|singles
|gen|6
|tier|UU
|rated
|rule|Sleep Clause Mod: Limit one foe put to sleep
|rule|Species Clause: Limit one of each PokÃ©mon
|rule|OHKO Clause: OHKO moves are banned
|rule|Moody Clause: Moody is banned
|rule|Evasion Moves Clause: Evasion moves are banned
|rule|Endless Battle Clause: Forcing endless battles is banned
|rule|HP Percentage Mod: HP is shown in percentages
|clearpoke
|poke|p1|Roserade, F
|poke|p1|Tentacruel, M
|poke|p1|Cofagrigus, M
|poke|p1|Aerodactyl, M
|poke|p1|Hydreigon, M
|poke|p1|Machamp, M
|poke|p2|Nidoking, M
|poke|p2|Beedrill, M
|poke|p2|Entei, shiny
|poke|p2|Kingdra, F
|poke|p2|Cobalion
|poke|p2|Xatu, F
|rule|Swagger Clause: Swagger is banned
|rule|Baton Pass Clause: Limit one PokÃ©mon knowing Baton Pass
|teampreview
|
|start
|switch|p1a: Cofagrigus|Cofagrigus, M|320\/320
|switch|p2a: Queendra|Kingdra, F|291\/291
|turn|1
|
|switch|p1a: Roserade|Roserade, F|261\/261
|move|p2a: Queendra|Draco Meteor|p1a: Roserade
|-damage|p1a: Roserade|83\/261
|-unboost|p2a: Queendra|spa|2
|
|turn|2
|
|move|p2a: Queendra|Draco Meteor|p1a: Roserade
|-damage|p1a: Roserade|0 fnt
|-unboost|p2a: Queendra|spa|2
|faint|p1a: Roserade
|
|
|switch|p1a: Machamp|Machamp, M|364\/364
|turn|3
|
|switch|p2a: Bouncy|Xatu, F|334\/334
|move|p1a: Machamp|Dynamic Punch|p2a: Bouncy
|-resisted|p2a: Bouncy
|-damage|p2a: Bouncy|293\/334
|-start|p2a: Bouncy|confusion
|
|-heal|p2a: Bouncy|313\/334|[from] item: Leftovers
|turn|4
|
|switch|p1a: Cofagrigus|Cofagrigus, M|320\/320
|-activate|p2a: Bouncy|confusion
|-damage|p2a: Bouncy|294\/334|[from] confusion
|
|-heal|p2a: Bouncy|314\/334|[from] item: Leftovers
|turn|5
|
|-activate|p2a: Bouncy|confusion
|move|p2a: Bouncy|Toxic|p1a: Cofagrigus
|-status|p1a: Cofagrigus|tox
|move|p1a: Cofagrigus|Will-O-Wisp|p2a: Bouncy
|move|p2a: Bouncy|Will-O-Wisp|p1a: Cofagrigus|[from]Magic Bounce
|-fail|p1a: Cofagrigus
|
|-heal|p2a: Bouncy|334\/334|[from] item: Leftovers
|-damage|p1a: Cofagrigus|300\/320 tox|[from] psn
|turn|6
|
|-activate|p2a: Bouncy|confusion
|move|p2a: Bouncy|Protect|p2a: Bouncy
|-singleturn|p2a: Bouncy|Protect
|move|p1a: Cofagrigus|Hex|p2a: Bouncy
|-activate|p2a: Bouncy|Protect
|
|-heal|p1a: Cofagrigus|320\/320 tox|[from] item: Leftovers
|-damage|p1a: Cofagrigus|280\/320 tox|[from] psn
|turn|7
|
|-activate|p2a: Bouncy|confusion
|-damage|p2a: Bouncy|318\/334|[from] confusion
|move|p1a: Cofagrigus|Hex|p2a: Bouncy
|-supereffective|p2a: Bouncy
|-damage|p2a: Bouncy|126\/334
|
|-heal|p2a: Bouncy|146\/334|[from] item: Leftovers
|-heal|p1a: Cofagrigus|300\/320 tox|[from] item: Leftovers
|-damage|p1a: Cofagrigus|240\/320 tox|[from] psn
|turn|8
|
|-end|p2a: Bouncy|confusion
|move|p2a: Bouncy|Protect|p2a: Bouncy
|-singleturn|p2a: Bouncy|Protect
|move|p1a: Cofagrigus|Hex|p2a: Bouncy
|-activate|p2a: Bouncy|Protect
|
|-heal|p2a: Bouncy|166\/334|[from] item: Leftovers
|-heal|p1a: Cofagrigus|260\/320 tox|[from] item: Leftovers
|-damage|p1a: Cofagrigus|180\/320 tox|[from] psn
|turn|9
|
|switch|p1a: Hydreigon|Hydreigon, M|325\/325
|move|p2a: Bouncy|Roost|p2a: Bouncy
|-heal|p2a: Bouncy|333\/334
|
|-heal|p2a: Bouncy|334\/334|[from] item: Leftovers
|turn|10
|
|move|p2a: Bouncy|Protect|p2a: Bouncy
|-singleturn|p2a: Bouncy|Protect
|move|p1a: Hydreigon|Dark Pulse|p2a: Bouncy
|-activate|p2a: Bouncy|Protect
|
|turn|11
|
|switch|p2a: Pride|Cobalion|385\/385
|move|p1a: Hydreigon|Dark Pulse|p2a: Pride
|-resisted|p2a: Pride
|-damage|p2a: Pride|313\/385
|-boost|p2a: Pride|atk|1|[from] ability: Justified
|
|turn|12
|
|switch|p1a: Cofagrigus|Cofagrigus, M|180\/320 tox
|move|p2a: Pride|Stealth Rock|p1a: Cofagrigus
|-sidestart|p1: Arqan|move: Stealth Rock
|
|-heal|p1a: Cofagrigus|200\/320 tox|[from] item: Leftovers
|-damage|p1a: Cofagrigus|180\/320 tox|[from] psn
|turn|13
|
|switch|p2a: Entei|Entei, shiny|391\/391
|-ability|p2a: Entei|Pressure
|move|p1a: Cofagrigus|Pain Split|p2a: Entei
|-sethp|p2a: Entei|285\/391|p1a: Cofagrigus|285\/320 tox|[from] move: Pain Split
|
|-heal|p1a: Cofagrigus|305\/320 tox|[from] item: Leftovers
|-damage|p1a: Cofagrigus|265\/320 tox|[from] psn
|turn|14
|
|switch|p1a: Tentacruel|Tentacruel, M|364\/364
|-damage|p1a: Tentacruel|319\/364|[from] Stealth Rock
|move|p2a: Entei|Sacred Fire|p1a: Tentacruel
|-resisted|p1a: Tentacruel
|-damage|p1a: Tentacruel|241\/364
|
|-heal|p1a: Tentacruel|263\/364|[from] item: Black Sludge
|turn|15
|
|move|p2a: Entei|Extreme Speed|p1a: Tentacruel
|-damage|p1a: Tentacruel|174\/364
|move|p1a: Tentacruel|Rapid Spin|p2a: Entei
|-damage|p2a: Entei|275\/391
|-sideend|p1: Arqan|Stealth Rock|[from] move: Rapid Spin|[of] p1a: Tentacruel
|
|-heal|p1a: Tentacruel|196\/364|[from] item: Black Sludge
|turn|16
|
|switch|p2a: Pride|Cobalion|313\/385
|move|p1a: Tentacruel|Scald|p2a: Pride
|-damage|p2a: Pride|220\/385
|
|-heal|p1a: Tentacruel|218\/364|[from] item: Black Sludge
|turn|17
|
|switch|p1a: Machamp|Machamp, M|364\/364
|move|p2a: Pride|Thunder Wave|p1a: Machamp
|-status|p1a: Machamp|par
|
|turn|18
|
|switch|p2a: Bouncy|Xatu, F|334\/334
|cant|p1a: Machamp|par
|
|turn|19
|
|move|p2a: Bouncy|Night Shade|p1a: Machamp
|-damage|p1a: Machamp|264\/364 par
|move|p1a: Machamp|Knock Off|p2a: Bouncy
|-supereffective|p2a: Bouncy
|-damage|p2a: Bouncy|110\/334
|-enditem|p2a: Bouncy|Leftovers|[from] move: Knock Off|[of] p1a: Machamp
|
|turn|20
|
|switch|p1a: Hydreigon|Hydreigon, M|325\/325
|move|p2a: Bouncy|Roost|p2a: Bouncy
|-heal|p2a: Bouncy|277\/334
|
|turn|21
|
|move|p2a: Bouncy|Protect|p2a: Bouncy
|-singleturn|p2a: Bouncy|Protect
|move|p1a: Hydreigon|Draco Meteor|p2a: Bouncy
|-activate|p2a: Bouncy|Protect
|
|turn|22
|
|switch|p2a: Pride|Cobalion|220\/385
|move|p1a: Hydreigon|Draco Meteor|p2a: Pride
|-resisted|p2a: Pride
|-damage|p2a: Pride|87\/385
|-unboost|p1a: Hydreigon|spa|2
|
|turn|23
|
|switch|p1a: Cofagrigus|Cofagrigus, M|265\/320 tox
|move|p2a: Pride|Stealth Rock|p1a: Cofagrigus
|-sidestart|p1: Arqan|move: Stealth Rock
|
|-heal|p1a: Cofagrigus|285\/320 tox|[from] item: Leftovers
|-damage|p1a: Cofagrigus|265\/320 tox|[from] psn
|turn|24
|
|switch|p2a: Bouncy|Xatu, F|277\/334
|move|p1a: Cofagrigus|Hex|p2a: Bouncy
|-supereffective|p2a: Bouncy
|-damage|p2a: Bouncy|73\/334
|
|-heal|p1a: Cofagrigus|285\/320 tox|[from] item: Leftovers
|-damage|p1a: Cofagrigus|245\/320 tox|[from] psn
|turn|25
|
|switch|p1a: Tentacruel|Tentacruel, M|218\/364
|-damage|p1a: Tentacruel|173\/364|[from] Stealth Rock
|move|p2a: Bouncy|Roost|p2a: Bouncy
|-heal|p2a: Bouncy|240\/334
|
|-heal|p1a: Tentacruel|195\/364|[from] item: Black Sludge
|turn|26
|
|move|p1a: Tentacruel|Toxic Spikes|p2a: Bouncy
|move|p2a: Bouncy|Toxic Spikes|p1a: Tentacruel|[from]Magic Bounce
|-sidestart|p1: Arqan|move: Toxic Spikes
|move|p2a: Bouncy|Night Shade|p1a: Tentacruel
|-damage|p1a: Tentacruel|95\/364
|
|-heal|p1a: Tentacruel|117\/364|[from] item: Black Sludge
|turn|27
|
|move|p1a: Tentacruel|Rapid Spin|p2a: Bouncy
|-damage|p2a: Bouncy|229\/334
|-sideend|p1: Arqan|Toxic Spikes|[from] move: Rapid Spin|[of] p1a: Tentacruel
|-sideend|p1: Arqan|Stealth Rock|[from] move: Rapid Spin|[of] p1a: Tentacruel
|move|p2a: Bouncy|Night Shade|p1a: Tentacruel
|-damage|p1a: Tentacruel|17\/364
|
|-heal|p1a: Tentacruel|39\/364|[from] item: Black Sludge
|turn|28
|
|switch|p1a: Aerodactyl|Aerodactyl, M|311\/311
|-ability|p1a: Aerodactyl|Pressure
|move|p2a: Bouncy|Night Shade|p1a: Aerodactyl
|-damage|p1a: Aerodactyl|211\/311
|
|turn|29
|
|switch|p2a: Pride|Cobalion|87\/385
|detailschange|p1a: Aerodactyl|Aerodactyl-Mega, M
|-mega|p1a: Aerodactyl|Aerodactyl|Aerodactylite
|move|p1a: Aerodactyl|Hone Claws|p1a: Aerodactyl
|-boost|p1a: Aerodactyl|atk|1
|-boost|p1a: Aerodactyl|accuracy|1
|
|turn|30
|
|move|p1a: Aerodactyl|Aerial Ace|p2a: Pride
|-damage|p2a: Pride|0 fnt
|-damage|p1a: Aerodactyl|160\/311|[from] item: Rocky Helmet|[of] p2a: Pride
|faint|p2a: Pride
|
|
|switch|p2a: Queendra|Kingdra, F|291\/291
|turn|31
|
|move|p2a: Queendra|Draco Meteor|p1a: Aerodactyl
|-damage|p1a: Aerodactyl|0 fnt
|-unboost|p2a: Queendra|spa|2
|faint|p1a: Aerodactyl
|
|
|switch|p1a: Hydreigon|Hydreigon, M|325\/325
|turn|32
|
|move|p1a: Hydreigon|Draco Meteor|p2a: Queendra
|-supereffective|p2a: Queendra
|-damage|p2a: Queendra|0 fnt
|-unboost|p1a: Hydreigon|spa|2
|faint|p2a: Queendra
|
|
|switch|p2a: ToTheSky|Beedrill, M|271\/271
|turn|33
|
|switch|p1a: Cofagrigus|Cofagrigus, M|245\/320 tox
|detailschange|p2a: ToTheSky|Beedrill-Mega, M
|-mega|p2a: ToTheSky|Beedrill|Beedrillite
|move|p2a: ToTheSky|Protect|p2a: ToTheSky
|-fail|p2a: ToTheSky
|
|-heal|p1a: Cofagrigus|265\/320 tox|[from] item: Leftovers
|-damage|p1a: Cofagrigus|245\/320 tox|[from] psn
|turn|34
|
|move|p2a: ToTheSky|Protect|p2a: ToTheSky
|-singleturn|p2a: ToTheSky|Protect
|move|p1a: Cofagrigus|Pain Split|p2a: ToTheSky
|-activate|p2a: ToTheSky|Protect
|
|-heal|p1a: Cofagrigus|265\/320 tox|[from] item: Leftovers
|-damage|p1a: Cofagrigus|225\/320 tox|[from] psn
|turn|35
|
|move|p2a: ToTheSky|U-turn|p1a: Cofagrigus
|-resisted|p1a: Cofagrigus
|-damage|p1a: Cofagrigus|163\/320 tox
|-endability|p2a: ToTheSky|adaptability|[from] Mummy
|-ability|p2a: ToTheSky|Mummy|[from] Mummy
|
|switch|p2a: Bouncy|Xatu, F|229\/334
|move|p1a: Cofagrigus|Pain Split|p2a: Bouncy
|-sethp|p2a: Bouncy|196\/334|p1a: Cofagrigus|196\/320 tox|[from] move: Pain Split
|
|-heal|p1a: Cofagrigus|216\/320 tox|[from] item: Leftovers
|-damage|p1a: Cofagrigus|156\/320 tox|[from] psn
|turn|36
|
|switch|p1a: Hydreigon|Hydreigon, M|325\/325
|move|p2a: Bouncy|Toxic|p1a: Hydreigon
|-status|p1a: Hydreigon|tox
|
|-damage|p1a: Hydreigon|305\/325 tox|[from] psn
|turn|37
|c|âTiakh|yeeees
|
|move|p2a: Bouncy|Protect|p2a: Bouncy
|-singleturn|p2a: Bouncy|Protect
|move|p1a: Hydreigon|Draco Meteor|p2a: Bouncy
|-activate|p2a: Bouncy|Protect
|
|-damage|p1a: Hydreigon|265\/325 tox|[from] psn
|turn|38
|
|move|p1a: Hydreigon|Draco Meteor|p2a: Bouncy
|-damage|p2a: Bouncy|0 fnt
|-unboost|p1a: Hydreigon|spa|2
|faint|p2a: Bouncy
|
|-damage|p1a: Hydreigon|205\/325 tox|[from] psn
|
|switch|p2a: Entei|Entei, shiny|275\/391
|-ability|p2a: Entei|Pressure
|turn|39
|
|switch|p1a: Tentacruel|Tentacruel, M|39\/364
|move|p2a: Entei|Sacred Fire|p1a: Tentacruel
|-resisted|p1a: Tentacruel
|-damage|p1a: Tentacruel|0 fnt
|faint|p1a: Tentacruel
|
|
|switch|p1a: Hydreigon|Hydreigon, M|205\/325 tox
|turn|40
|
|move|p2a: Entei|Extreme Speed|p1a: Hydreigon
|-damage|p1a: Hydreigon|114\/325 tox
|move|p1a: Hydreigon|Draco Meteor|p2a: Entei
|-crit|p2a: Entei
|-damage|p2a: Entei|13\/391
|-unboost|p1a: Hydreigon|spa|2
|
|-damage|p1a: Hydreigon|94\/325 tox|[from] psn
|turn|41
|
|switch|p1a: Machamp|Machamp, M|264\/364 par
|move|p2a: Entei|Extreme Speed|p1a: Machamp
|-crit|p1a: Machamp
|-damage|p1a: Machamp|100\/364 par
|
|turn|42
|
|move|p2a: Entei|Extreme Speed|p1a: Machamp
|-damage|p1a: Machamp|0 fnt
|faint|p1a: Machamp
|
|
|switch|p1a: Cofagrigus|Cofagrigus, M|156\/320 tox
|turn|43
|
|move|p2a: Entei|Sacred Fire|p1a: Cofagrigus
|-damage|p1a: Cofagrigus|54\/320 tox
|move|p1a: Cofagrigus|Hex|p2a: Entei
|-damage|p2a: Entei|0 fnt
|faint|p2a: Entei
|
|-heal|p1a: Cofagrigus|74\/320 tox|[from] item: Leftovers
|-damage|p1a: Cofagrigus|54\/320 tox|[from] psn
|
|switch|p2a: ToTheSky|Beedrill-Mega, M|271\/271
|turn|44
|
|move|p2a: ToTheSky|Poison Jab|p1a: Cofagrigus
|-resisted|p1a: Cofagrigus
|-damage|p1a: Cofagrigus|0 fnt
|-endability|p2a: ToTheSky|adaptability|[from] Mummy
|-ability|p2a: ToTheSky|Mummy|[from] Mummy
|faint|p1a: Cofagrigus
|
|c|âTiakh|intense
|
|switch|p1a: Hydreigon|Hydreigon, M|94\/325 tox
|turn|45
|
|move|p2a: ToTheSky|Protect|p2a: ToTheSky
|-singleturn|p2a: ToTheSky|Protect
|move|p1a: Hydreigon|Fire Blast|p2a: ToTheSky
|-activate|p2a: ToTheSky|Protect
|
|-damage|p1a: Hydreigon|74\/325 tox|[from] psn
|turn|46
|
|switch|p2a: Vendrick|Nidoking, M|303\/303
|move|p1a: Hydreigon|Fire Blast|p2a: Vendrick
|-damage|p2a: Vendrick|135\/303
|
|-damage|p1a: Hydreigon|34\/325 tox|[from] psn
|turn|47
|c|âTiakh|gg
|
|move|p1a: Hydreigon|Fire Blast|p2a: Vendrick
|-damage|p2a: Vendrick|0 fnt
|faint|p2a: Vendrick
|
|-damage|p1a: Hydreigon|0 fnt|[from] psn
|faint|p1a: Hydreigon
|
|win|Tiakh
|raw|Ladder updating...
|raw|Arqan's rating: 1224 &rarr; <strong>1202<\/strong><br \/>(-22 for losing)
|raw|Tiakh's rating: 1271 &rarr; <strong>1293<\/strong><br \/>(+22 for winning)
|leave|Arqan
|player|p1