|join|Arqan
|join|part time dragon
|player|p1|Arqan|238
|player|p2|part time dragon|124
|gametype|singles
|gen|6
|tier|UU
|rated
|rule|Sleep Clause Mod: Limit one foe put to sleep
|rule|Species Clause: Limit one of each PokÃ©mon
|rule|OHKO Clause: OHKO moves are banned
|rule|Moody Clause: Moody is banned
|rule|Evasion Moves Clause: Evasion moves are banned
|rule|Endless Battle Clause: Forcing endless battles is banned
|rule|HP Percentage Mod: HP is shown in percentages
|clearpoke
|poke|p1|Umbreon, M
|poke|p1|Reuniclus, M
|poke|p1|Infernape, F
|poke|p1|Arcanine, M
|poke|p1|Shaymin
|poke|p1|Sharpedo, F
|poke|p2|Mienshao, M
|poke|p2|Whimsicott, F
|poke|p2|Dragalge, M
|poke|p2|Jellicent, M
|poke|p2|Forretress, M
|poke|p2|Chandelure, M
|rule|Swagger Clause: Swagger is banned
|rule|Baton Pass Clause: Limit one PokÃ©mon knowing Baton Pass
|teampreview
|
|start
|switch|p1a: Sharpedo|Sharpedo, F|282\/282
|switch|p2a: Jellicent|Jellicent, M|404\/404
|turn|1
|
|switch|p2a: Whimsicott|Whimsicott, F|324\/324
|move|p1a: Sharpedo|Protect|p1a: Sharpedo
|-fail|p1a: Sharpedo
|
|-boost|p1a: Sharpedo|spe|1|[from] ability: Speed Boost
|turn|2
|
|detailschange|p1a: Sharpedo|Sharpedo-Mega, F
|-mega|p1a: Sharpedo|Sharpedo|Sharpedonite
|move|p2a: Whimsicott|Toxic|p1a: Sharpedo
|-status|p1a: Sharpedo|tox
|move|p1a: Sharpedo|Ice Fang|p2a: Whimsicott
|-supereffective|p2a: Whimsicott
|-damage|p2a: Whimsicott|70\/324
|
|-heal|p2a: Whimsicott|90\/324|[from] item: Leftovers
|-damage|p1a: Sharpedo|265\/282 tox|[from] psn
|turn|3
|
|switch|p1a: Umbreon|Umbreon, M|394\/394
|switch|p2a: Forretress|Forretress, M|354\/354
|
|turn|4
|
|move|p1a: Umbreon|Heal Bell|p1a: Umbreon
|-cureteam|p1a: Umbreon|[from] move: HealBell
|move|p2a: Forretress|Stealth Rock|p1a: Umbreon
|-sidestart|p1: Arqan|move: Stealth Rock
|
|turn|5
|
|switch|p1a: Reuniclus|Reuniclus, M|424\/424
|move|p2a: Forretress|Spikes|p1a: Reuniclus
|-sidestart|p1: Arqan|Spikes
|
|turn|6
|
|switch|p2a: Jellicent|Jellicent, M|404\/404
|move|p1a: Reuniclus|Calm Mind|p1a: Reuniclus
|-boost|p1a: Reuniclus|spa|1
|-boost|p1a: Reuniclus|spd|1
|
|turn|7
|
|move|p2a: Jellicent|Taunt|p1a: Reuniclus
|-start|p1a: Reuniclus|move: Taunt
|cant|p1a: Reuniclus|move: Taunt|Calm Mind
|
|turn|8
|
|move|p2a: Jellicent|Scald|p1a: Reuniclus
|-damage|p1a: Reuniclus|360\/424
|-status|p1a: Reuniclus|brn
|move|p1a: Reuniclus|Psyshock|p2a: Jellicent
|-damage|p2a: Jellicent|190\/404
|
|-heal|p2a: Jellicent|215\/404|[from] item: Leftovers
|-heal|p1a: Reuniclus|386\/424 brn|[from] item: Leftovers
|turn|9
|
|switch|p2a: Whimsicott|Whimsicott, F|90\/324
|move|p1a: Reuniclus|Psyshock|p2a: Whimsicott
|-damage|p2a: Whimsicott|0 fnt
|faint|p2a: Whimsicott
|
|-heal|p1a: Reuniclus|412\/424 brn|[from] item: Leftovers
|-end|p1a: Reuniclus|move: Taunt
|
|switch|p2a: Chandelure|Chandelure, M|261\/261
|turn|10
|
|move|p2a: Chandelure|Trick|p1a: Reuniclus
|-activate|p2a: Chandelure|move: Trick|[of] p1a: Reuniclus
|-item|p1a: Reuniclus|Choice Scarf|[from] move: Trick
|-item|p2a: Chandelure|Leftovers|[from] move: Trick
|move|p1a: Reuniclus|Calm Mind|p1a: Reuniclus
|-boost|p1a: Reuniclus|spa|1
|-boost|p1a: Reuniclus|spd|1
|
|turn|11
|
|switch|p1a: Umbreon|Umbreon, M|394\/394
|-damage|p1a: Umbreon|345\/394|[from] Spikes
|-damage|p1a: Umbreon|296\/394|[from] Stealth Rock
|move|p2a: Chandelure|Shadow Ball|p1a: Umbreon
|-resisted|p1a: Umbreon
|-damage|p1a: Umbreon|245\/394
|
|-heal|p1a: Umbreon|269\/394|[from] item: Leftovers
|turn|12
|
|switch|p2a: Forretress|Forretress, M|354\/354
|move|p1a: Umbreon|Toxic|p2a: Forretress
|-fail|p2a: Forretress
|
|-heal|p1a: Umbreon|293\/394|[from] item: Leftovers
|turn|13
|
|switch|p1a: Sharpedo|Sharpedo-Mega, F|265\/282
|-damage|p1a: Sharpedo|230\/282|[from] Stealth Rock
|-damage|p1a: Sharpedo|195\/282|[from] Spikes
|move|p2a: Forretress|Spikes|p1a: Sharpedo
|-sidestart|p1: Arqan|Spikes
|
|turn|14
|
|move|p1a: Sharpedo|Waterfall|p2a: Forretress
|-damage|p2a: Forretress|261\/354
|cant|p2a: Forretress|flinch
|
|-heal|p2a: Forretress|283\/354|[from] item: Leftovers
|turn|15
|
|move|p1a: Sharpedo|Crunch|p2a: Forretress
|-crit|p2a: Forretress
|-damage|p2a: Forretress|79\/354
|move|p2a: Forretress|Counter|p1a: Sharpedo
|-damage|p1a: Sharpedo|0 fnt
|faint|p1a: Sharpedo
|
|-heal|p2a: Forretress|101\/354|[from] item: Leftovers
|
|switch|p1a: Reuniclus|Reuniclus, M|412\/424 brn
|turn|16
|
|switch|p2a: Chandelure|Chandelure, M|261\/261
|move|p1a: Reuniclus|Focus Blast|p2a: Chandelure
|-immune|p2a: Chandelure|[msg]
|
|turn|17
|
|switch|p1a: Umbreon|Umbreon, M|293\/394
|-damage|p1a: Umbreon|228\/394|[from] Spikes
|-damage|p1a: Umbreon|179\/394|[from] Stealth Rock
|move|p2a: Chandelure|Heat Wave|p1a: Umbreon
|-damage|p1a: Umbreon|53\/394
|
|-heal|p1a: Umbreon|77\/394|[from] item: Leftovers
|turn|18
|
|switch|p2a: Dragalge|Dragalge, M|334\/334
|switch|p1a: Reuniclus|Reuniclus, M|412\/424 brn
|
|turn|19
|
|switch|p2a: Forretress|Forretress, M|101\/354
|move|p1a: Reuniclus|Psyshock|p2a: Forretress
|-resisted|p2a: Forretress
|-damage|p2a: Forretress|68\/354
|
|-heal|p2a: Forretress|90\/354|[from] item: Leftovers
|turn|20
|
|switch|p1a: Arcanine|Arcanine, M|384\/384
|-damage|p1a: Arcanine|320\/384|[from] Spikes
|-damage|p1a: Arcanine|224\/384|[from] Stealth Rock
|-ability|p1a: Arcanine|Intimidate|[of] p2a: Forretress
|-unboost|p2a: Forretress|atk|1
|move|p2a: Forretress|Spikes|p1a: Arcanine
|-sidestart|p1: Arqan|Spikes
|
|-heal|p1a: Arcanine|248\/384|[from] item: Leftovers
|-heal|p2a: Forretress|112\/354|[from] item: Leftovers
|turn|21
|
|switch|p2a: Chandelure|Chandelure, M|261\/261
|move|p1a: Arcanine|Will-O-Wisp|p2a: Chandelure
|-start|p2a: Chandelure|ability: Flash Fire
|
|-heal|p1a: Arcanine|272\/384|[from] item: Leftovers
|turn|22
|
|switch|p1a: Reuniclus|Reuniclus, M|412\/424 brn
|move|p2a: Chandelure|Shadow Ball|p1a: Reuniclus
|-supereffective|p1a: Reuniclus
|-damage|p1a: Reuniclus|44\/424 brn
|
|turn|23
|
|move|p2a: Chandelure|Heat Wave|p1a: Reuniclus
|-damage|p1a: Reuniclus|0 fnt
|faint|p1a: Reuniclus
|
|
|switch|p1a: Infernape|Infernape, F|293\/293
|-damage|p1a: Infernape|257\/293|[from] Stealth Rock
|-damage|p1a: Infernape|184\/293|[from] Spikes
|turn|24
|
|move|p1a: Infernape|Earthquake|p2a: Chandelure
|-supereffective|p2a: Chandelure
|-damage|p2a: Chandelure|0 fnt
|-damage|p1a: Infernape|155\/293|[from] item: Life Orb
|faint|p2a: Chandelure
|
|
|switch|p2a: Jellicent|Jellicent, M|215\/404
|turn|25
|
|move|p1a: Infernape|Grass Knot|p2a: Jellicent
|-supereffective|p2a: Jellicent
|-damage|p2a: Jellicent|64\/404
|-damage|p1a: Infernape|126\/293|[from] item: Life Orb
|move|p2a: Jellicent|Recover|p2a: Jellicent
|-heal|p2a: Jellicent|266\/404
|
|-heal|p2a: Jellicent|291\/404|[from] item: Leftovers
|turn|26
|
|switch|p1a: Shaymin|Shaymin|404\/404
|-damage|p1a: Shaymin|303\/404|[from] Spikes
|-damage|p1a: Shaymin|253\/404|[from] Stealth Rock
|move|p2a: Jellicent|Recover|p2a: Jellicent
|-heal|p2a: Jellicent|404\/404
|
|-heal|p1a: Shaymin|278\/404|[from] item: Leftovers
|turn|27
|
|switch|p2a: Dragalge|Dragalge, M|334\/334
|move|p1a: Shaymin|Substitute|p1a: Shaymin
|-start|p1a: Shaymin|Substitute
|-damage|p1a: Shaymin|177\/404
|
|-heal|p1a: Shaymin|202\/404|[from] item: Leftovers
|turn|28
|
|move|p1a: Shaymin|Leech Seed|p2a: Dragalge
|-start|p2a: Dragalge|move: Leech Seed
|move|p2a: Dragalge|Sludge Wave|p1a: Shaymin
|-supereffective|p1a: Shaymin
|-end|p1a: Shaymin|Substitute
|
|-heal|p1a: Shaymin|227\/404|[from] item: Leftovers
|-damage|p2a: Dragalge|293\/334|[from] Leech Seed|[of] p1a: Shaymin
|-heal|p1a: Shaymin|268\/404|[silent]
|turn|29
|
|move|p1a: Shaymin|Protect|p1a: Shaymin
|-singleturn|p1a: Shaymin|Protect
|move|p2a: Dragalge|Sludge Wave|p1a: Shaymin
|-activate|p1a: Shaymin|Protect
|
|-heal|p1a: Shaymin|293\/404|[from] item: Leftovers
|-heal|p2a: Dragalge|313\/334|[from] item: Black Sludge
|-damage|p2a: Dragalge|272\/334|[from] Leech Seed|[of] p1a: Shaymin
|-heal|p1a: Shaymin|334\/404|[silent]
|turn|30
|
|move|p1a: Shaymin|Substitute|p1a: Shaymin
|-start|p1a: Shaymin|Substitute
|-damage|p1a: Shaymin|233\/404
|move|p2a: Dragalge|Sludge Wave|p1a: Shaymin
|-supereffective|p1a: Shaymin
|-end|p1a: Shaymin|Substitute
|
|-heal|p1a: Shaymin|258\/404|[from] item: Leftovers
|-heal|p2a: Dragalge|292\/334|[from] item: Black Sludge
|-damage|p2a: Dragalge|251\/334|[from] Leech Seed|[of] p1a: Shaymin
|-heal|p1a: Shaymin|299\/404|[silent]
|turn|31
|
|move|p1a: Shaymin|Substitute|p1a: Shaymin
|-start|p1a: Shaymin|Substitute
|-damage|p1a: Shaymin|198\/404
|move|p2a: Dragalge|Toxic Spikes|p1a: Shaymin
|-sidestart|p1: Arqan|move: Toxic Spikes
|
|-heal|p1a: Shaymin|223\/404|[from] item: Leftovers
|-heal|p2a: Dragalge|271\/334|[from] item: Black Sludge
|-damage|p2a: Dragalge|230\/334|[from] Leech Seed|[of] p1a: Shaymin
|-heal|p1a: Shaymin|264\/404|[silent]
|turn|32
|
|move|p1a: Shaymin|Seed Flare|p2a: Dragalge
|-resisted|p2a: Dragalge
|-damage|p2a: Dragalge|209\/334
|move|p2a: Dragalge|Toxic Spikes|p1a: Shaymin
|-sidestart|p1: Arqan|move: Toxic Spikes
|
|-heal|p1a: Shaymin|289\/404|[from] item: Leftovers
|-heal|p2a: Dragalge|229\/334|[from] item: Black Sludge
|-damage|p2a: Dragalge|188\/334|[from] Leech Seed|[of] p1a: Shaymin
|-heal|p1a: Shaymin|330\/404|[silent]
|turn|33
|
|switch|p2a: Jellicent|Jellicent, M|404\/404
|move|p1a: Shaymin|Leech Seed|p2a: Jellicent
|-start|p2a: Jellicent|move: Leech Seed
|
|-heal|p1a: Shaymin|355\/404|[from] item: Leftovers
|-damage|p2a: Jellicent|354\/404|[from] Leech Seed|[of] p1a: Shaymin
|-heal|p1a: Shaymin|404\/404|[silent]
|turn|34
|
|move|p1a: Shaymin|Seed Flare|p2a: Jellicent
|-supereffective|p2a: Jellicent
|-damage|p2a: Jellicent|160\/404
|move|p2a: Jellicent|Taunt|p1a: Shaymin
|-start|p1a: Shaymin|move: Taunt
|
|-heal|p2a: Jellicent|185\/404|[from] item: Leftovers
|-damage|p2a: Jellicent|135\/404|[from] Leech Seed|[of] p1a: Shaymin
|turn|35
|
|switch|p2a: Dragalge|Dragalge, M|188\/334
|move|p1a: Shaymin|Seed Flare|p2a: Dragalge
|-crit|p2a: Dragalge
|-resisted|p2a: Dragalge
|-damage|p2a: Dragalge|157\/334
|-unboost|p2a: Dragalge|spd|2
|
|-heal|p2a: Dragalge|177\/334|[from] item: Black Sludge
|turn|36
|
|switch|p1a: Umbreon|Umbreon, M|77\/394
|-status|p1a: Umbreon|tox
|-damage|p1a: Umbreon|0 fnt|[from] Spikes
|faint|p1a: Umbreon
|move|p2a: Dragalge|Sludge Wave|p1: Umbreon|[notarget]
|-notarget
|
|-heal|p2a: Dragalge|197\/334|[from] item: Black Sludge
|
|switch|p1a: Arcanine|Arcanine, M|272\/384
|-damage|p1a: Arcanine|176\/384|[from] Stealth Rock
|-damage|p1a: Arcanine|80\/384|[from] Spikes
|-status|p1a: Arcanine|tox
|-ability|p1a: Arcanine|Intimidate|[of] p2a: Dragalge
|-unboost|p2a: Dragalge|atk|1
|turn|37
|
|switch|p2a: Forretress|Forretress, M|112\/354
|move|p1a: Arcanine|Flare Blitz|p2a: Forretress
|-supereffective|p2a: Forretress
|-damage|p2a: Forretress|0 fnt
|-damage|p1a: Arcanine|43\/384 tox|[from] recoil|[of] p2a: Forretress
|faint|p2a: Forretress
|
|-heal|p1a: Arcanine|67\/384 tox|[from] item: Leftovers
|-damage|p1a: Arcanine|43\/384 tox|[from] psn
|
|switch|p2a: Mienshao|Mienshao, M|271\/271
|turn|38
|
|move|p2a: Mienshao|Knock Off|p1a: Arcanine
|-damage|p1a: Arcanine|0 fnt
|-enditem|p1a: Arcanine|Leftovers|[from] move: Knock Off|[of] p2a: Mienshao
|-damage|p2a: Mienshao|244\/271|[from] item: Life Orb
|faint|p1a: Arcanine
|
|-message|Arqan forfeited.
|leave|Arqan
|
|win|part time dragon
|raw|Ladder updating...
|player|p1
|raw|Arqan's rating: 1295 &rarr; <strong>1263<\/strong><br \/>(-32 for losing)
|raw|part time dragon's rating: 1196 &rarr; <strong>1228<\/strong><br \/>(+32 for winning)