|join|pokemonisfun
|join|EchoDjinn
|player|p1|pokemonisfun|184
|player|p2|EchoDjinn|2
|gametype|singles
|gen|6
|tier|UU
|rated
|rule|Sleep Clause Mod: Limit one foe put to sleep
|rule|Species Clause: Limit one of each Pokemon
|rule|OHKO Clause: OHKO moves are banned
|rule|Moody Clause: Moody is banned
|rule|Evasion Moves Clause: Evasion moves are banned
|rule|Endless Battle Clause: Forcing endless battles is banned.
|rule|HP Percentage Mod: HP is reported as percentages
|clearpoke
|poke|p1|Florges, F
|poke|p1|Celebi
|poke|p1|Quagsire, M
|poke|p1|Forretress, F
|poke|p1|Sableye, M
|poke|p1|Snorlax, M
|poke|p2|Heracross, M
|poke|p2|Rotom-Heat
|poke|p2|Vaporeon, F
|poke|p2|Jirachi
|poke|p2|Crobat, F
|poke|p2|Absol, F
|teampreview
|
|start
|switch|p1a: Sableye|Sableye, M|304\/304
|switch|p2a: Absol|Absol, F|271\/271
|turn|1
|
|switch|p1a: Quagsire|Quagsire, M|394\/394
|-formechange|p2a: Absol|Absol-Mega
|message|Absol has Mega Evolved into Mega Absol!
|move|p2a: Absol|Knock Off|p1a: Quagsire
|-damage|p1a: Quagsire|226\/394
|-enditem|p1a: Quagsire|Leftovers|[from] move: Knock Off|[of] p2a: Absol
|
|turn|2
|
|switch|p2a: Rotom-Heat|Rotom-Heat|242\/242
|move|p1a: Quagsire|Recover|p1a: Quagsire
|-heal|p1a: Quagsire|394\/394
|
|turn|3
|
|switch|p1a: Snorlax|Snorlax, M|481\/481
|move|p2a: Rotom-Heat|Trick|p1a: Snorlax
|-activate|p2a: Rotom-Heat|move: Trick|[of] p1a: Snorlax
|-item|p1a: Snorlax|Choice Scarf|[from] move: Trick
|-item|p2a: Rotom-Heat|Leftovers|[from] move: Trick
|
|turn|4
|
|move|p2a: Rotom-Heat|Volt Switch|p1a: Snorlax
|-damage|p1a: Snorlax|414\/481
|
|switch|p2a: Jirachi|Jirachi|397\/397
|move|p1a: Snorlax|Body Slam|p2a: Jirachi
|-resisted|p2a: Jirachi
|-damage|p2a: Jirachi|346\/397
|-status|p2a: Jirachi|par
|
|-heal|p2a: Jirachi|370\/397 par|[from] item: Leftovers
|turn|5
|
|switch|p1a: Forretress|Forretress, F|354\/354
|cant|p2a: Jirachi|par
|
|-heal|p2a: Jirachi|394\/397 par|[from] item: Leftovers
|turn|6
|
|move|p1a: Forretress|Gyro Ball|p2a: Jirachi
|-crit|p2a: Jirachi
|-resisted|p2a: Jirachi
|-damage|p2a: Jirachi|377\/397 par
|move|p2a: Jirachi|Stealth Rock|p1a: Forretress
|-sidestart|p1: pokemonisfun|move: Stealth Rock
|
|-heal|p2a: Jirachi|397\/397 par|[from] item: Leftovers
|turn|7
|
|move|p1a: Forretress|Rapid Spin|p2a: Jirachi
|-resisted|p2a: Jirachi
|-damage|p2a: Jirachi|389\/397 par
|-sideend|p1: pokemonisfun|Stealth Rock|[from] move: Rapid Spin|[of] p1a: Forretress
|move|p2a: Jirachi|U-turn|p1a: Forretress
|-resisted|p1a: Forretress
|-damage|p1a: Forretress|338\/354
|
|switch|p2a: Rotom-Heat|Rotom-Heat|242\/242
|
|-heal|p1a: Forretress|354\/354|[from] item: Leftovers
|turn|8
|
|switch|p1a: Florges|Florges, F|360\/360
|move|p2a: Rotom-Heat|Volt Switch|p1a: Florges
|-damage|p1a: Florges|300\/360
|
|switch|p2a: Jirachi|Jirachi|389\/397 par
|
|-heal|p1a: Florges|322\/360|[from] item: Leftovers
|-heal|p2a: Jirachi|397\/397 par|[from] item: Leftovers
|turn|9
|
|switch|p1a: Forretress|Forretress, F|354\/354
|move|p2a: Jirachi|U-turn|p1a: Forretress
|-resisted|p1a: Forretress
|-damage|p1a: Forretress|338\/354
|
|switch|p2a: Rotom-Heat|Rotom-Heat|242\/242
|
|-heal|p1a: Forretress|354\/354|[from] item: Leftovers
|turn|10
|
|switch|p1a: Florges|Florges, F|322\/360
|move|p2a: Rotom-Heat|Volt Switch|p1a: Florges
|-damage|p1a: Florges|262\/360
|
|switch|p2a: Jirachi|Jirachi|397\/397 par
|
|-heal|p1a: Florges|284\/360|[from] item: Leftovers
|turn|11
|
|switch|p1a: Forretress|Forretress, F|354\/354
|move|p2a: Jirachi|Stealth Rock|p1a: Forretress
|-sidestart|p1: pokemonisfun|move: Stealth Rock
|
|turn|12
|
|move|p1a: Forretress|Rapid Spin|p2a: Jirachi
|-resisted|p2a: Jirachi
|-damage|p2a: Jirachi|390\/397 par
|-sideend|p1: pokemonisfun|Stealth Rock|[from] move: Rapid Spin|[of] p1a: Forretress
|move|p2a: Jirachi|Body Slam|p1a: Forretress
|-resisted|p1a: Forretress
|-damage|p1a: Forretress|334\/354
|-status|p1a: Forretress|par
|
|-heal|p2a: Jirachi|397\/397 par|[from] item: Leftovers
|-heal|p1a: Forretress|354\/354 par|[from] item: Leftovers
|turn|13
|
|move|p2a: Jirachi|Iron Head|p1a: Forretress
|-resisted|p1a: Forretress
|-damage|p1a: Forretress|325\/354 par
|cant|p1a: Forretress|flinch
|
|-heal|p1a: Forretress|347\/354 par|[from] item: Leftovers
|turn|14
|
|move|p2a: Jirachi|Iron Head|p1a: Forretress
|-resisted|p1a: Forretress
|-damage|p1a: Forretress|319\/354 par
|cant|p1a: Forretress|flinch
|
|-heal|p1a: Forretress|341\/354 par|[from] item: Leftovers
|turn|15
|
|cant|p2a: Jirachi|par
|move|p1a: Forretress|Spikes|p2a: Jirachi
|-sidestart|p2: EchoDjinn|Spikes
|
|-heal|p1a: Forretress|354\/354 par|[from] item: Leftovers
|turn|16
|
|move|p2a: Jirachi|Iron Head|p1a: Forretress
|-resisted|p1a: Forretress
|-damage|p1a: Forretress|329\/354 par
|cant|p1a: Forretress|par
|
|-heal|p1a: Forretress|351\/354 par|[from] item: Leftovers
|turn|17
|
|cant|p2a: Jirachi|par
|move|p1a: Forretress|Spikes|p2a: Jirachi
|-sidestart|p2: EchoDjinn|Spikes
|
|-heal|p1a: Forretress|354\/354 par|[from] item: Leftovers
|turn|18
|
|move|p2a: Jirachi|U-turn|p1a: Forretress
|-resisted|p1a: Forretress
|-damage|p1a: Forretress|338\/354 par
|
|switch|p2a: Crobat|Crobat, F|355\/355
|move|p1a: Forretress|Gyro Ball|p2a: Crobat
|-crit|p2a: Crobat
|-damage|p2a: Crobat|72\/355
|
|-heal|p2a: Crobat|94\/355|[from] item: Black Sludge
|-heal|p1a: Forretress|354\/354 par|[from] item: Leftovers
|turn|19
|
|switch|p1a: Sableye|Sableye, M|304\/304
|move|p2a: Crobat|Roost|p2a: Crobat
|-heal|p2a: Crobat|272\/355
|
|-heal|p2a: Crobat|294\/355|[from] item: Black Sludge
|turn|20
|
|switch|p2a: Rotom-Heat|Rotom-Heat|242\/242
|move|p1a: Sableye|Knock Off|p2a: Rotom-Heat
|-damage|p2a: Rotom-Heat|161\/242
|-enditem|p2a: Rotom-Heat|Leftovers|[from] move: Knock Off|[of] p1a: Sableye
|
|turn|21
|
|switch|p1a: Snorlax|Snorlax, M|414\/481
|move|p2a: Rotom-Heat|Volt Switch|p1a: Snorlax
|-damage|p1a: Snorlax|341\/481
|
|switch|p2a: Heracross|Heracross, M|302\/302
|-damage|p2a: Heracross|252\/302|[from] Spikes
|
|turn|22
|
|switch|p1a: Florges|Florges, F|284\/360
|move|p2a: Heracross|Close Combat|p1a: Florges
|-crit|p1a: Florges
|-resisted|p1a: Florges
|-damage|p1a: Florges|108\/360
|-unboost|p2a: Heracross|def|1
|-unboost|p2a: Heracross|spd|1
|
|-heal|p1a: Florges|130\/360|[from] item: Leftovers
|turn|23
|
|switch|p2a: Crobat|Crobat, F|294\/355
|move|p1a: Florges|Wish|p1a: Florges
|
|-heal|p2a: Crobat|316\/355|[from] item: Black Sludge
|-heal|p1a: Florges|152\/360|[from] item: Leftovers
|turn|24
|
|move|p1a: Florges|Protect|p1a: Florges
|-singleturn|p1a: Florges|Protect
|move|p2a: Crobat|Defog|p1a: Florges
|-activate|p1a: Florges|Protect
|
|-heal|p1a: Florges|332\/360|[from] move: Wish|[wisher] Florges
|-heal|p2a: Crobat|338\/355|[from] item: Black Sludge
|-heal|p1a: Florges|354\/360|[from] item: Leftovers
|turn|25
|
|switch|p1a: Sableye|Sableye, M|304\/304
|move|p2a: Crobat|Defog|p1a: Sableye
|-unboost|p1a: Sableye|evasion|1
|-sideend|p2: EchoDjinn|Spikes|[from] move: Defog|[of] p2a: Crobat
|
|-heal|p2a: Crobat|355\/355|[from] item: Black Sludge
|turn|26
|
|switch|p2a: Rotom-Heat|Rotom-Heat|161\/242
|move|p1a: Sableye|Knock Off|p2a: Rotom-Heat
|-damage|p2a: Rotom-Heat|103\/242
|
|turn|27
|
|switch|p1a: Florges|Florges, F|354\/360
|move|p2a: Rotom-Heat|Volt Switch|p1a: Florges
|-damage|p1a: Florges|297\/360
|
|switch|p2a: Jirachi|Jirachi|397\/397 par
|
|-heal|p1a: Florges|319\/360|[from] item: Leftovers
|turn|28
|
|switch|p1a: Sableye|Sableye, M|304\/304
|move|p2a: Jirachi|Stealth Rock|p1a: Sableye
|-sidestart|p1: pokemonisfun|move: Stealth Rock
|
|turn|29
|
|switch|p2a: Rotom-Heat|Rotom-Heat|103\/242
|move|p1a: Sableye|Knock Off|p2a: Rotom-Heat
|-damage|p2a: Rotom-Heat|45\/242
|
|turn|30
|
|move|p2a: Rotom-Heat|Volt Switch|p1a: Sableye
|-damage|p1a: Sableye|196\/304
|
|switch|p2a: Absol|Absol, F|271\/271
|-formechange|p2a: Absol|Absol-Mega
|move|p1a: Sableye|Knock Off|p2a: Absol
|-resisted|p2a: Absol
|-damage|p2a: Absol|217\/271
|
|-heal|p1a: Sableye|215\/304|[from] item: Leftovers
|turn|31
|
|switch|p1a: Quagsire|Quagsire, M|394\/394
|-damage|p1a: Quagsire|370\/394|[from] Stealth Rock
|move|p2a: Absol|Knock Off|p1a: Quagsire
|-damage|p1a: Quagsire|273\/394
|
|turn|32
|
|switch|p2a: Vaporeon|Vaporeon, F|464\/464
|move|p1a: Quagsire|Waterfall|p2a: Vaporeon
|-immune|p2a: Vaporeon|[msg]
|
|turn|33
|
|switch|p1a: Florges|Florges, F|319\/360
|-damage|p1a: Florges|274\/360|[from] Stealth Rock
|move|p2a: Vaporeon|Heal Bell|p2a: Vaporeon
|-cureteam|p2a: Vaporeon|[from] move: HealBell
|
|-heal|p1a: Florges|296\/360|[from] item: Leftovers
|turn|34
|
|move|p1a: Florges|Wish|p1a: Florges
|move|p2a: Vaporeon|Wish|p2a: Vaporeon
|
|-heal|p1a: Florges|318\/360|[from] item: Leftovers
|turn|35
|
|switch|p2a: Rotom-Heat|Rotom-Heat|45\/242
|move|p1a: Florges|Moonblast|p2a: Rotom-Heat
|-resisted|p2a: Rotom-Heat
|-damage|p2a: Rotom-Heat|0 fnt
|faint|p2a: Rotom-Heat
|
|-heal|p1a: Florges|360\/360|[from] move: Wish|[wisher] Florges
|
|switch|p2a: Jirachi|Jirachi|397\/397
|turn|36
|
|switch|p1a: Forretress|Forretress, F|354\/354 par
|-damage|p1a: Forretress|310\/354 par|[from] Stealth Rock
|move|p2a: Jirachi|U-turn|p1a: Forretress
|-resisted|p1a: Forretress
|-damage|p1a: Forretress|295\/354 par
|
|switch|p2a: Absol|Absol, F|217\/271
|-formechange|p2a: Absol|Absol-Mega
|
|-heal|p1a: Forretress|317\/354 par|[from] item: Leftovers
|turn|37
|
|switch|p1a: Quagsire|Quagsire, M|273\/394
|-damage|p1a: Quagsire|249\/394|[from] Stealth Rock
|move|p2a: Absol|Fire Blast|p1a: Quagsire
|-resisted|p1a: Quagsire
|-damage|p1a: Quagsire|176\/394
|
|turn|38
|
|switch|p2a: Vaporeon|Vaporeon, F|464\/464
|move|p1a: Quagsire|Recover|p1a: Quagsire
|-heal|p1a: Quagsire|373\/394
|
|turn|39
|
|switch|p1a: Florges|Florges, F|360\/360
|-damage|p1a: Florges|315\/360|[from] Stealth Rock
|move|p2a: Vaporeon|Scald|p1a: Florges
|-damage|p1a: Florges|260\/360
|-status|p1a: Florges|brn
|
|-heal|p1a: Florges|282\/360 brn|[from] item: Leftovers
|-damage|p1a: Florges|237\/360 brn|[from] brn
|turn|40
|
|switch|p2a: Jirachi|Jirachi|397\/397
|move|p1a: Florges|Aromatherapy|p1a: Florges
|-cureteam|p1a: Florges|[from] move: Aromatherapy
|
|-heal|p1a: Florges|259\/360|[from] item: Leftovers
|turn|41
|
|move|p1a: Florges|Protect|p1a: Florges
|-singleturn|p1a: Florges|Protect
|move|p2a: Jirachi|Iron Head|p1a: Florges
|-activate|p1a: Florges|Protect
|
|-heal|p1a: Florges|281\/360|[from] item: Leftovers
|turn|42
|
|switch|p1a: Forretress|Forretress, F|317\/354
|-damage|p1a: Forretress|273\/354|[from] Stealth Rock
|move|p2a: Jirachi|U-turn|p1a: Forretress
|-resisted|p1a: Forretress
|-damage|p1a: Forretress|256\/354
|
|switch|p2a: Heracross|Heracross, M|252\/302
|
|-heal|p1a: Forretress|278\/354|[from] item: Leftovers
|turn|43
|
|move|p2a: Heracross|Knock Off|p1a: Forretress
|-damage|p1a: Forretress|210\/354
|-enditem|p1a: Forretress|Leftovers|[from] move: Knock Off|[of] p2a: Heracross
|move|p1a: Forretress|Gyro Ball|p2a: Heracross
|-damage|p2a: Heracross|65\/302
|
|turn|44
|
|switch|p2a: Vaporeon|Vaporeon, F|464\/464
|move|p1a: Forretress|Rapid Spin|p2a: Vaporeon
|-damage|p2a: Vaporeon|449\/464
|-sideend|p1: pokemonisfun|Stealth Rock|[from] move: Rapid Spin|[of] p1a: Forretress
|
|-heal|p2a: Vaporeon|464\/464|[from] item: Leftovers
|turn|45
|
|switch|p2a: Jirachi|Jirachi|397\/397
|switch|p1a: Florges|Florges, F|281\/360
|
|-heal|p1a: Florges|303\/360|[from] item: Leftovers
|turn|46
|
|switch|p1a: Forretress|Forretress, F|210\/354
|move|p2a: Jirachi|Stealth Rock|p1a: Forretress
|-sidestart|p1: pokemonisfun|move: Stealth Rock
|
|turn|47
|
|move|p2a: Jirachi|Body Slam|p1a: Forretress
|-resisted|p1a: Forretress
|-damage|p1a: Forretress|190\/354
|-status|p1a: Forretress|par
|move|p1a: Forretress|Spikes|p2a: Jirachi
|-sidestart|p2: EchoDjinn|Spikes
|
|turn|48
|
|switch|p1a: Sableye|Sableye, M|215\/304
|-damage|p1a: Sableye|177\/304|[from] Stealth Rock
|move|p2a: Jirachi|Iron Head|p1a: Sableye
|-damage|p1a: Sableye|47\/304
|
|-heal|p1a: Sableye|66\/304|[from] item: Leftovers
|turn|49
|
|move|p1a: Sableye|Recover|p1a: Sableye
|-heal|p1a: Sableye|218\/304
|move|p2a: Jirachi|U-turn|p1a: Sableye
|-damage|p1a: Sableye|143\/304
|
|switch|p2a: Absol|Absol, F|217\/271
|-formechange|p2a: Absol|Absol-Mega
|-damage|p2a: Absol|184\/271|[from] Spikes
|
|-heal|p1a: Sableye|162\/304|[from] item: Leftovers
|turn|50
|
|switch|p1a: Quagsire|Quagsire, M|373\/394
|-damage|p1a: Quagsire|349\/394|[from] Stealth Rock
|move|p2a: Absol|Knock Off|p1a: Quagsire
|-damage|p1a: Quagsire|241\/394
|
|turn|51
|
|switch|p2a: Vaporeon|Vaporeon, F|464\/464
|-damage|p2a: Vaporeon|406\/464|[from] Spikes
|move|p1a: Quagsire|Recover|p1a: Quagsire
|-heal|p1a: Quagsire|394\/394
|
|-heal|p2a: Vaporeon|435\/464|[from] item: Leftovers
|turn|52
|
|switch|p1a: Florges|Florges, F|303\/360
|-damage|p1a: Florges|258\/360|[from] Stealth Rock
|move|p2a: Vaporeon|Wish|p2a: Vaporeon
|
|-heal|p1a: Florges|280\/360|[from] item: Leftovers
|-heal|p2a: Vaporeon|464\/464|[from] item: Leftovers
|turn|53
|
|switch|p2a: Crobat|Crobat, F|355\/355
|move|p1a: Florges|Wish|p1a: Florges
|
|-heal|p1a: Florges|302\/360|[from] item: Leftovers
|turn|54
|
|switch|p1a: Forretress|Forretress, F|190\/354 par
|-damage|p1a: Forretress|146\/354 par|[from] Stealth Rock
|move|p2a: Crobat|Brave Bird|p1a: Forretress
|-damage|p1a: Forretress|58\/354 par
|-damage|p2a: Crobat|326\/355|[from] recoil|[of] p1a: Forretress
|
|-heal|p1a: Forretress|238\/354 par|[from] move: Wish|[wisher] Florges
|-heal|p2a: Crobat|348\/355|[from] item: Black Sludge
|turn|55
|
|move|p2a: Crobat|U-turn|p1a: Forretress
|-resisted|p1a: Forretress
|-damage|p1a: Forretress|220\/354 par
|
|switch|p2a: Vaporeon|Vaporeon, F|464\/464
|-damage|p2a: Vaporeon|406\/464|[from] Spikes
|move|p1a: Forretress|Gyro Ball|p2a: Vaporeon
|-resisted|p2a: Vaporeon
|-damage|p2a: Vaporeon|334\/464
|
|-heal|p2a: Vaporeon|363\/464|[from] item: Leftovers
|turn|56
|
|switch|p2a: Jirachi|Jirachi|397\/397
|-damage|p2a: Jirachi|348\/397|[from] Spikes
|switch|p1a: Florges|Florges, F|302\/360
|-damage|p1a: Florges|257\/360|[from] Stealth Rock
|
|-heal|p2a: Jirachi|372\/397|[from] item: Leftovers
|-heal|p1a: Florges|279\/360|[from] item: Leftovers
|turn|57
|
|move|p1a: Florges|Protect|p1a: Florges
|-singleturn|p1a: Florges|Protect
|move|p2a: Jirachi|Body Slam|p1a: Florges
|-activate|p1a: Florges|Protect
|
|-heal|p2a: Jirachi|396\/397|[from] item: Leftovers
|-heal|p1a: Florges|301\/360|[from] item: Leftovers
|turn|58
|
|switch|p1a: Celebi|Celebi|404\/404
|-damage|p1a: Celebi|354\/404|[from] Stealth Rock
|move|p2a: Jirachi|U-turn|p1a: Celebi
|-supereffective|p1a: Celebi
|-damage|p1a: Celebi|186\/404
|
|switch|p2a: Crobat|Crobat, F|348\/355
|
|-heal|p2a: Crobat|355\/355|[from] item: Black Sludge
|-heal|p1a: Celebi|211\/404|[from] item: Leftovers
|turn|59
|
|switch|p1a: Quagsire|Quagsire, M|394\/394
|-damage|p1a: Quagsire|370\/394|[from] Stealth Rock
|move|p2a: Crobat|U-turn|p1a: Quagsire
|-damage|p1a: Quagsire|324\/394
|
|switch|p2a: Vaporeon|Vaporeon, F|363\/464
|-damage|p2a: Vaporeon|305\/464|[from] Spikes
|
|-heal|p2a: Vaporeon|334\/464|[from] item: Leftovers
|turn|60
|
|switch|p1a: Celebi|Celebi|211\/404
|-damage|p1a: Celebi|161\/404|[from] Stealth Rock
|move|p2a: Vaporeon|Wish|p2a: Vaporeon
|
|-heal|p1a: Celebi|186\/404|[from] item: Leftovers
|-heal|p2a: Vaporeon|363\/464|[from] item: Leftovers
|turn|61
|
|switch|p2a: Crobat|Crobat, F|355\/355
|move|p1a: Celebi|Recover|p1a: Celebi
|-heal|p1a: Celebi|388\/404
|
|-heal|p1a: Celebi|404\/404|[from] item: Leftovers
|turn|62
|
|move|p2a: Crobat|Defog|p1a: Celebi
|-unboost|p1a: Celebi|evasion|1
|-sideend|p1: pokemonisfun|Stealth Rock|[from] move: Defog|[of] p1a: Celebi
|-sideend|p2: EchoDjinn|Spikes|[from] move: Defog|[of] p2a: Crobat
|move|p1a: Celebi|Stealth Rock|p2a: Crobat
|-sidestart|p2: EchoDjinn|move: Stealth Rock
|
|turn|63
|chat|EchoDjinn|i presed BB
|chat|EchoDjinn|lol cancel fail me
|
|switch|p1a: Quagsire|Quagsire, M|324\/394
|move|p2a: Crobat|Defog|p1a: Quagsire
|-unboost|p1a: Quagsire|evasion|1
|-sideend|p2: EchoDjinn|Stealth Rock|[from] move: Defog|[of] p2a: Crobat
|
|turn|64
|chat|EchoDjinn|this team though
|chat|EchoDjinn|seems like a 6ft hax stall team
|chat|EchoDjinn|if only I had my rotom
|chat|EchoDjinn|hello?
|-message|pokemonisfun lost due to inactivity.
|
|win|EchoDjinn
|raw|Ladder updating...
|raw|pokemonisfun's rating: 1701 &rarr; <strong>1670<\/strong><br \/>(-31 for losing)
|raw|EchoDjinn's rating: 1489 &rarr; <strong>1520<\/strong><br \/>(+31 for winning)
|join|kinq uu
|leave|EchoDjinn
|player|p2
|join|ÃasedÃleve
|join|sniperaim