|join|EchoDjinn
|join|SteveNashIsOld
|player|p1|EchoDjinn|170
|player|p2|SteveNashIsOld|102
|gametype|singles
|tier|UU
|rated
|rule|Sleep Clause Mod: Limit one foe put to sleep
|rule|Species Clause: Limit one of each Pokemon
|rule|OHKO Clause: OHKO moves are banned
|rule|Moody Clause: Moody is banned
|rule|Evasion Moves Clause: Evasion moves are banned
|rule|HP Percentage Mod: HP is reported as percentages
|rule|Evasion Abilities Clause: Evasion abilities are banned
|clearpoke
|poke|p1|Heracross, F
|poke|p1|Zapdos
|poke|p1|Chandelure, M
|poke|p1|Ferroseed, F
|poke|p1|Kingdra, M
|poke|p1|Umbreon, F
|poke|p2|Lanturn, F
|poke|p2|Snorlax, M, shiny
|poke|p2|Mienshao, M
|poke|p2|Chandelure, M
|poke|p2|Suicune, shiny
|poke|p2|Bronzong
|teampreview
|callback|decision
|
|start
|switch|p1a: Ferroseed|Ferroseed, F|292\/292
|switch|p2a: Mienshao|Mienshao, M|271\/271
|turn|1
|callback|decision
|
|switch|p1a: Zapdos|Zapdos|382\/382
|-ability|p1a: Zapdos|Pressure
|move|p2a: Mienshao|Hi Jump Kick|p1a: Zapdos
|-resisted|p1a: Zapdos
|-damage|p1a: Zapdos|271\/382
|
|-heal|p1a: Zapdos|294\/382|[from] item: Leftovers
|turn|2
|callback|decision
|
|switch|p2a: Lanturn|Lanturn, F|405\/405
|move|p1a: Zapdos|Roost|p1a: Zapdos
|-heal|p1a: Zapdos|382\/382
|
|turn|3
|callback|decision
|
|switch|p1a: Umbreon|Umbreon, F|394\/394
|move|p2a: Lanturn|Scald|p1a: Umbreon
|-damage|p1a: Umbreon|336\/394
|
|-heal|p1a: Umbreon|360\/394|[from] item: Leftovers
|turn|4
|callback|decision
|
|switch|p1a: Zapdos|Zapdos|382\/382
|-ability|p1a: Zapdos|Pressure
|move|p2a: Lanturn|Volt Switch|p1a: Zapdos
|-damage|p1a: Zapdos|292\/382
|callback|decision
|
|switch|p2a: Chandelure|Chandelure, M|262\/262
|
|-heal|p1a: Zapdos|315\/382|[from] item: Leftovers
|turn|5
|callback|decision
|
|switch|p1a: Umbreon|Umbreon, F|360\/394
|move|p2a: Chandelure|Fire Blast|p1a: Umbreon
|-damage|p1a: Umbreon|140\/394
|
|-heal|p1a: Umbreon|164\/394|[from] item: Leftovers
|turn|6
|callback|decision
|
|switch|p1a: Chandelure|Chandelure, M|261\/261
|move|p2a: Chandelure|Fire Blast|p1a: Chandelure
|-start|p1a: Chandelure|ability: Flash Fire
|
|turn|7
|callback|decision
|
|switch|p1a: Heracross|Heracross, F|301\/301
|switch|p2a: Snorlax|Snorlax, M, shiny|497\/497
|
|turn|8
|callback|decision
|
|switch|p2a: Bronzong|Bronzong|338\/338
|move|p1a: Heracross|Stone Edge|p2a: Bronzong
|-crit|p2a: Bronzong
|-resisted|p2a: Bronzong
|-damage|p2a: Bronzong|204\/338
|
|-heal|p2a: Bronzong|225\/338|[from] item: Leftovers
|turn|9
|callback|decision
|
|switch|p1a: Umbreon|Umbreon, F|164\/394
|move|p2a: Bronzong|Stealth Rock|p1a: Umbreon
|-sidestart|p1: EchoDjinn|move: Stealth Rock
|
|-heal|p1a: Umbreon|188\/394|[from] item: Leftovers
|-heal|p2a: Bronzong|246\/338|[from] item: Leftovers
|turn|10
|callback|decision
|
|switch|p2a: Lanturn|Lanturn, F|405\/405
|move|p1a: Umbreon|Wish|p1a: Umbreon
|
|-heal|p1a: Umbreon|212\/394|[from] item: Leftovers
|turn|11
|callback|decision
|
|move|p1a: Umbreon|Protect|p1a: Umbreon
|-singleturn|p1a: Umbreon|Protect
|move|p2a: Lanturn|Volt Switch|p1a: Umbreon
|-activate|p1a: Umbreon|Protect
|
|-heal|p1a: Umbreon|394\/394|[from] move: Wish|[wisher] Umbreon
|turn|12
|callback|decision
|
|move|p2a: Lanturn|Volt Switch|p1a: Umbreon
|-damage|p1a: Umbreon|345\/394
|callback|decision
|
|switch|p2a: Mienshao|Mienshao, M|271\/271
|move|p1a: Umbreon|Wish|p1a: Umbreon
|
|-heal|p1a: Umbreon|369\/394|[from] item: Leftovers
|turn|13
|callback|decision
|
|switch|p1a: Zapdos|Zapdos|315\/382
|-damage|p1a: Zapdos|220\/382|[from] Stealth Rock
|-ability|p1a: Zapdos|Pressure
|move|p2a: Mienshao|U-turn|p1a: Zapdos
|-resisted|p1a: Zapdos
|-damage|p1a: Zapdos|189\/382
|callback|decision
|
|switch|p2a: Lanturn|Lanturn, F|405\/405
|
|-heal|p1a: Zapdos|382\/382|[from] move: Wish|[wisher] Umbreon
|turn|14
|callback|decision
|
|switch|p1a: Ferroseed|Ferroseed, F|292\/292
|-damage|p1a: Ferroseed|274\/292|[from] Stealth Rock
|move|p2a: Lanturn|Scald|p1a: Ferroseed
|-resisted|p1a: Ferroseed
|-damage|p1a: Ferroseed|235\/292
|-status|p1a: Ferroseed|brn
|
|-damage|p1a: Ferroseed|199\/292 brn|[from] brn
|turn|15
|callback|decision
|
|move|p2a: Lanturn|Volt Switch|p1a: Ferroseed
|-resisted|p1a: Ferroseed
|-damage|p1a: Ferroseed|166\/292 brn
|callback|decision
|
|switch|p2a: Chandelure|Chandelure, M|262\/262
|move|p1a: Ferroseed|Stealth Rock|p2a: Chandelure
|-sidestart|p2: SteveNashIsOld|move: Stealth Rock
|
|-damage|p1a: Ferroseed|130\/292 brn|[from] brn
|turn|16
|callback|decision
|
|switch|p1a: Chandelure|Chandelure, M|261\/261
|-damage|p1a: Chandelure|196\/261|[from] Stealth Rock
|move|p2a: Chandelure|Overheat|p1a: Chandelure
|-start|p1a: Chandelure|ability: Flash Fire
|
|turn|17
|callback|decision
|
|switch|p2a: Snorlax|Snorlax, M, shiny|497\/497
|-damage|p2a: Snorlax|435\/497|[from] Stealth Rock
|move|p1a: Chandelure|Trick|p2a: Snorlax
|-activate|p1a: Chandelure|move: Trick|[of] p2a: Snorlax
|-item|p2a: Snorlax|Choice Scarf|[from] move: Trick
|-item|p1a: Chandelure|Leftovers|[from] move: Trick
|
|-heal|p1a: Chandelure|212\/261|[from] item: Leftovers
|turn|18
|callback|decision
|
|move|p2a: Snorlax|Pursuit|p1a: Chandelure|[from]Pursuit
|-supereffective|p1a: Chandelure
|-damage|p1a: Chandelure|32\/261
|switch|p1a: Zapdos|Zapdos|382\/382
|-damage|p1a: Zapdos|287\/382|[from] Stealth Rock
|-ability|p1a: Zapdos|Pressure
|
|-heal|p1a: Zapdos|310\/382|[from] item: Leftovers
|turn|19
|callback|decision
|
|switch|p2a: Lanturn|Lanturn, F|405\/405
|-damage|p2a: Lanturn|355\/405|[from] Stealth Rock
|move|p1a: Zapdos|Roar|p2a: Lanturn
|drag|p2a: Chandelure|Chandelure, M|262\/262
|-damage|p2a: Chandelure|197\/262|[from] Stealth Rock
|
|-heal|p1a: Zapdos|333\/382|[from] item: Leftovers
|turn|20
|callback|decision
|
|switch|p1a: Chandelure|Chandelure, M|32\/261
|-damage|p1a: Chandelure|0 fnt|[from] Stealth Rock
|faint|p1a: Chandelure
|move|p2a: Chandelure|Overheat|p1: Chandelure|[notarget]
|-notarget
|
|callback|decision
|
|switch|p1a: Umbreon|Umbreon, F|369\/394
|-damage|p1a: Umbreon|320\/394|[from] Stealth Rock
|turn|21
|callback|decision
|
|move|p2a: Chandelure|Overheat|p1a: Umbreon
|-damage|p1a: Umbreon|86\/394
|-unboost|p2a: Chandelure|spa|2
|move|p1a: Umbreon|Heal Bell|p1a: Umbreon
|-cureteam|p1a: Umbreon|[from] move: HealBell
|
|-heal|p1a: Umbreon|110\/394|[from] item: Leftovers
|turn|22
|callback|decision
|
|move|p1a: Umbreon|Protect|p1a: Umbreon
|-singleturn|p1a: Umbreon|Protect
|move|p2a: Chandelure|Overheat|p1a: Umbreon
|-activate|p1a: Umbreon|Protect
|
|-heal|p1a: Umbreon|134\/394|[from] item: Leftovers
|turn|23
|callback|decision
|
|switch|p1a: Kingdra|Kingdra, M|291\/291
|-damage|p1a: Kingdra|255\/291|[from] Stealth Rock
|move|p2a: Chandelure|Overheat|p1a: Kingdra
|-resisted|p1a: Kingdra
|-damage|p1a: Kingdra|201\/291
|-unboost|p2a: Chandelure|spa|2
|
|turn|24
|callback|decision
|
|switch|p2a: Bronzong|Bronzong|246\/338
|-damage|p2a: Bronzong|225\/338|[from] Stealth Rock
|switch|p1a: Ferroseed|Ferroseed, F|130\/292
|-damage|p1a: Ferroseed|112\/292|[from] Stealth Rock
|
|-heal|p2a: Bronzong|246\/338|[from] item: Leftovers
|turn|25
|callback|decision
|
|switch|p2a: Chandelure|Chandelure, M|197\/262
|-damage|p2a: Chandelure|132\/262|[from] Stealth Rock
|move|p1a: Ferroseed|Leech Seed|p2a: Chandelure|[miss]
|-miss|p1a: Ferroseed|p2a: Chandelure
|
|turn|26
|callback|decision
|
|move|p2a: Chandelure|Fire Blast|p1a: Ferroseed
|-supereffective|p1a: Ferroseed
|-damage|p1a: Ferroseed|0 fnt
|faint|p1a: Ferroseed
|
|callback|decision
|
|switch|p1a: Kingdra|Kingdra, M|201\/291
|-damage|p1a: Kingdra|165\/291|[from] Stealth Rock
|turn|27
|callback|decision
|
|switch|p2a: Lanturn|Lanturn, F|355\/405
|-damage|p2a: Lanturn|305\/405|[from] Stealth Rock
|move|p1a: Kingdra|Surf|p2a: Lanturn
|-resisted|p2a: Lanturn
|-damage|p2a: Lanturn|210\/405
|-damage|p1a: Kingdra|136\/291|[from] item: Life Orb
|
|-heal|p2a: Lanturn|235\/405|[from] item: Leftovers
|turn|28
|callback|decision
|
|move|p1a: Kingdra|Draco Meteor|p2a: Lanturn
|-damage|p2a: Lanturn|0 fnt
|-unboost|p1a: Kingdra|spa|2
|-damage|p1a: Kingdra|107\/291|[from] item: Life Orb
|faint|p2a: Lanturn
|
|callback|decision
|
|switch|p2a: Mienshao|Mienshao, M|271\/271
|-damage|p2a: Mienshao|255\/271|[from] Stealth Rock
|turn|29
|callback|decision
|
|move|p2a: Mienshao|U-turn|p1a: Kingdra
|-damage|p1a: Kingdra|18\/291
|callback|decision
|
|switch|p2a: Snorlax|Snorlax, M, shiny|435\/497
|-damage|p2a: Snorlax|373\/497|[from] Stealth Rock
|move|p1a: Kingdra|Surf|p2a: Snorlax
|-damage|p2a: Snorlax|297\/497
|-damage|p1a: Kingdra|0 fnt|[from] item: Life Orb
|faint|p1a: Kingdra
|
|callback|decision
|
|switch|p1a: Heracross|Heracross, F|301\/301
|-damage|p1a: Heracross|264\/301|[from] Stealth Rock
|turn|30
|callback|decision
|
|switch|p2a: Bronzong|Bronzong|246\/338
|-damage|p2a: Bronzong|225\/338|[from] Stealth Rock
|move|p1a: Heracross|Megahorn|p2a: Bronzong
|-damage|p2a: Bronzong|0 fnt
|faint|p2a: Bronzong
|
|callback|decision
|
|switch|p2a: Mienshao|Mienshao, M|255\/271
|-damage|p2a: Mienshao|239\/271|[from] Stealth Rock
|turn|31
|callback|decision
|
|switch|p1a: Zapdos|Zapdos|333\/382
|-damage|p1a: Zapdos|238\/382|[from] Stealth Rock
|-ability|p1a: Zapdos|Pressure
|move|p2a: Mienshao|Aerial Ace|p1a: Zapdos
|-resisted|p1a: Zapdos
|-damage|p1a: Zapdos|209\/382
|
|-heal|p1a: Zapdos|232\/382|[from] item: Leftovers
|turn|32
|callback|decision
|
|switch|p2a: Snorlax|Snorlax, M, shiny|297\/497
|-damage|p2a: Snorlax|235\/497|[from] Stealth Rock
|move|p1a: Zapdos|Roost|p1a: Zapdos
|-heal|p1a: Zapdos|382\/382
|
|turn|33
|callback|decision
|
|move|p1a: Zapdos|Discharge|p2a: Snorlax
|-damage|p2a: Snorlax|142\/497
|move|p2a: Snorlax|Frustration|p1a: Zapdos
|-crit|p1a: Zapdos
|-damage|p1a: Zapdos|378\/382
|
|-heal|p1a: Zapdos|382\/382|[from] item: Leftovers
|turn|34
|callback|decision
|
|move|p1a: Zapdos|Discharge|p2a: Snorlax
|-damage|p2a: Snorlax|57\/497
|-status|p2a: Snorlax|par
|move|p2a: Snorlax|Frustration|p1a: Zapdos
|-damage|p1a: Zapdos|381\/382
|
|-heal|p1a: Zapdos|382\/382|[from] item: Leftovers
|turn|35
|callback|decision
|
|move|p1a: Zapdos|Discharge|p2a: Snorlax
|-damage|p2a: Snorlax|0 fnt
|faint|p2a: Snorlax
|
|callback|decision
|
|switch|p2a: Chandelure|Chandelure, M|132\/262
|-damage|p2a: Chandelure|67\/262|[from] Stealth Rock
|turn|36
|callback|decision
|
|move|p2a: Chandelure|Fire Blast|p1a: Zapdos
|-damage|p1a: Zapdos|0 fnt
|faint|p1a: Zapdos
|
|callback|decision
|
|switch|p1a: Heracross|Heracross, F|264\/301
|-damage|p1a: Heracross|227\/301|[from] Stealth Rock
|turn|37
|callback|decision
|
|move|p2a: Chandelure|Fire Blast|p1a: Heracross
|-supereffective|p1a: Heracross
|-damage|p1a: Heracross|0 fnt
|faint|p1a: Heracross
|
|callback|decision
|
|switch|p1a: Umbreon|Umbreon, F|134\/394
|-damage|p1a: Umbreon|85\/394|[from] Stealth Rock
|turn|38
|callback|decision
|
|move|p2a: Chandelure|Fire Blast|p1a: Umbreon
|-damage|p1a: Umbreon|0 fnt
|faint|p1a: Umbreon
|
|win|SteveNashIsOld
|raw|Ladder updating...
|raw|EchoDjinn's rating: 1771 &rarr; <strong>1767<\/strong><br \/>(-4 for losing)
|raw|SteveNashIsOld's rating: 1700 &rarr; <strong>1736<\/strong><br \/>(+36 for winning)
|chat|EchoDjinn|choice specs
|chat|SteveNashIsOld|yep
|chat|EchoDjinn|so much power
|chat|EchoDjinn|gg