|join|mehafsdfsa
|join|EchoDjinn
|player|p1|mehafsdfsa|289
|player|p2|EchoDjinn|101
|gametype|singles
|tier|UU
|rated
|rule|Sleep Clause: Limit one foe put to sleep
|rule|Species Clause: Limit one of each Pokemon
|rule|OHKO Clause: OHKO moves are banned
|rule|Moody Clause: Moody is banned
|rule|Evasion Moves Clause: Evasion moves are banned
|rule|Evasion Abilities Clause: Evasion abilities are banned
|clearpoke
|poke|p1|Venomoth, M
|poke|p1|Chandelure, M
|poke|p1|Azelf
|poke|p1|Cobalion
|poke|p1|Kingdra, M
|poke|p1|Weavile, M
|poke|p2|Heracross, M
|poke|p2|Gligar, M
|poke|p2|Chandelure, M
|poke|p2|Blastoise, F
|poke|p2|Kingdra, F
|poke|p2|Umbreon, M
|teampreview
|callback|decision
|
|start
|switch|p1a: Azelf|Azelf|292\/292
|switch|p2a: Umbreon|Umbreon, M|394\/394
|turn|1
|callback|decision
|
|move|p1a: Azelf|Taunt|p2a: Umbreon
|-start|p2a: Umbreon|move: Taunt
|move|p2a: Umbreon|Foul Play|p1a: Azelf
|-supereffective|p1a: Azelf
|-enditem|p1a: Azelf|Focus Sash
|-damage|p1a: Azelf|1\/292
|
|turn|2
|callback|decision
|
|switch|p1a: Venomoth|Venomoth, M|344\/344
|move|p2a: Umbreon|Foul Play|p1a: Venomoth
|-damage|p1a: Venomoth|265\/344
|
|-heal|p1a: Venomoth|286\/344|[from] item: Leftovers
|turn|3
|callback|decision
|
|switch|p2a: Chandelure|Chandelure, M|261\/261
|move|p1a: Venomoth|Quiver Dance|p1a: Venomoth
|-boost|p1a: Venomoth|spa|1
|-boost|p1a: Venomoth|spd|1
|-boost|p1a: Venomoth|spe|1
|
|-heal|p1a: Venomoth|307\/344|[from] item: Leftovers
|turn|4
|callback|decision
|
|move|p1a: Venomoth|Sleep Powder|p2a: Chandelure
|-status|p2a: Chandelure|slp
|cant|p2a: Chandelure|slp
|
|-heal|p1a: Venomoth|328\/344|[from] item: Leftovers
|turn|5
|callback|decision
|
|switch|p2a: Blastoise|Blastoise, F|362\/362
|move|p1a: Venomoth|Quiver Dance|p1a: Venomoth
|-boost|p1a: Venomoth|spa|1
|-boost|p1a: Venomoth|spd|1
|-boost|p1a: Venomoth|spe|1
|
|-heal|p1a: Venomoth|344\/344|[from] item: Leftovers
|turn|6
|callback|decision
|
|move|p1a: Venomoth|Bug Buzz|p2a: Blastoise
|-damage|p2a: Blastoise|185\/362
|move|p2a: Blastoise|Roar|p1a: Venomoth|[miss]
|-miss|p2a: Blastoise|p1a: Venomoth
|
|-heal|p2a: Blastoise|207\/362|[from] item: Leftovers
|turn|7
|callback|decision
|
|move|p1a: Venomoth|Bug Buzz|p2a: Blastoise
|-damage|p2a: Blastoise|30\/362
|move|p2a: Blastoise|Roar|p1a: Venomoth
|drag|p1a: Chandelure|Chandelure, M|262\/262
|
|-heal|p2a: Blastoise|52\/362|[from] item: Leftovers
|turn|8
|callback|decision
|
|switch|p2a: Umbreon|Umbreon, M|394\/394
|move|p1a: Chandelure|Energy Ball|p2a: Umbreon
|-damage|p2a: Umbreon|328\/394
|
|-heal|p2a: Umbreon|352\/394|[from] item: Leftovers
|turn|9
|callback|decision
|
|switch|p1a: Azelf|Azelf|1\/292
|switch|p2a: Heracross|Heracross, M|301\/301
|
|turn|10
|callback|decision
|
|switch|p2a: Umbreon|Umbreon, M|352\/394
|move|p1a: Azelf|Psychic|p2a: Umbreon
|-immune|p2a: Umbreon|[msg]
|
|-heal|p2a: Umbreon|376\/394|[from] item: Leftovers
|turn|11
|callback|decision
|
|move|p1a: Azelf|Stealth Rock|p2a: Umbreon
|-sidestart|p2: EchoDjinn|move: Stealth Rock
|move|p2a: Umbreon|Heal Bell|p2a: Umbreon
|-cureteam|p2a: Umbreon|[from] move: HealBell
|
|-heal|p2a: Umbreon|394\/394|[from] item: Leftovers
|turn|12
|callback|decision
|
|move|p1a: Azelf|Taunt|p2a: Umbreon
|-start|p2a: Umbreon|move: Taunt
|move|p2a: Umbreon|Foul Play|p1a: Azelf
|-supereffective|p1a: Azelf
|-damage|p1a: Azelf|0 fnt
|faint|p1a: Azelf
|
|callback|decision
|
|switch|p1a: Venomoth|Venomoth, M|344\/344
|turn|13
|callback|decision
|
|move|p1a: Venomoth|Quiver Dance|p1a: Venomoth
|-boost|p1a: Venomoth|spa|1
|-boost|p1a: Venomoth|spd|1
|-boost|p1a: Venomoth|spe|1
|move|p2a: Umbreon|Foul Play|p1a: Venomoth
|-damage|p1a: Venomoth|265\/344
|
|-heal|p1a: Venomoth|286\/344|[from] item: Leftovers
|turn|14
|callback|decision
|
|switch|p2a: Blastoise|Blastoise, F|52\/362
|-damage|p2a: Blastoise|7\/362|[from] Stealth Rock
|move|p1a: Venomoth|Quiver Dance|p1a: Venomoth
|-boost|p1a: Venomoth|spa|1
|-boost|p1a: Venomoth|spd|1
|-boost|p1a: Venomoth|spe|1
|
|-heal|p1a: Venomoth|307\/344|[from] item: Leftovers
|-heal|p2a: Blastoise|29\/362|[from] item: Leftovers
|turn|15
|callback|decision
|
|move|p1a: Venomoth|Bug Buzz|p2a: Blastoise
|-damage|p2a: Blastoise|0 fnt
|faint|p2a: Blastoise
|
|-heal|p1a: Venomoth|328\/344|[from] item: Leftovers
|callback|decision
|
|switch|p2a: Heracross|Heracross, M|301\/301
|-damage|p2a: Heracross|264\/301|[from] Stealth Rock
|turn|16
|callback|decision
|
|move|p1a: Venomoth|Sleep Powder|p2a: Heracross
|-status|p2a: Heracross|slp
|cant|p2a: Heracross|slp
|move|p2a: Heracross|Sleep Talk|p2a: Heracross
|move|p2a: Heracross|Close Combat|p1a: Venomoth|[from]Sleep Talk
|-resisted|p1a: Venomoth
|-damage|p1a: Venomoth|134\/344
|-unboost|p2a: Heracross|def|1
|-unboost|p2a: Heracross|spd|1
|
|-heal|p1a: Venomoth|155\/344|[from] item: Leftovers
|turn|17
|callback|decision
|
|switch|p2a: Gligar|Gligar, M|334\/334
|-damage|p2a: Gligar|293\/334|[from] Stealth Rock
|move|p1a: Venomoth|Baton Pass|p1a: Venomoth
|callback|decision
|
|switch|p1a: Chandelure|Chandelure, M|262\/262
|
|turn|18
|callback|decision
|
|move|p1a: Chandelure|Shadow Ball|p2a: Gligar
|-damage|p2a: Gligar|10\/334
|move|p2a: Gligar|Stealth Rock|p1a: Chandelure
|-sidestart|p1: mehafsdfsa|move: Stealth Rock
|
|turn|19
|callback|decision
|
|move|p1a: Chandelure|Shadow Ball|p2a: Gligar
|-damage|p2a: Gligar|0 fnt
|faint|p2a: Gligar
|
|callback|decision
|
|switch|p2a: Umbreon|Umbreon, M|394\/394
|-damage|p2a: Umbreon|345\/394|[from] Stealth Rock
|turn|20
|callback|decision
|
|move|p1a: Chandelure|Hidden Power|p2a: Umbreon
|-supereffective|p2a: Umbreon
|-damage|p2a: Umbreon|133\/394
|move|p2a: Umbreon|Foul Play|p1a: Chandelure
|-supereffective|p1a: Chandelure
|-damage|p1a: Chandelure|100\/262
|
|-heal|p1a: Chandelure|116\/262|[from] item: Leftovers
|-heal|p2a: Umbreon|157\/394|[from] item: Leftovers
|turn|21
|callback|decision
|
|move|p2a: Umbreon|Protect|p2a: Umbreon
|-singleturn|p2a: Umbreon|Protect
|move|p1a: Chandelure|Fire Blast|p2a: Umbreon
|-activate|p2a: Umbreon|Protect
|
|-heal|p1a: Chandelure|132\/262|[from] item: Leftovers
|-heal|p2a: Umbreon|181\/394|[from] item: Leftovers
|turn|22
|callback|decision
|
|switch|p2a: Chandelure|Chandelure, M|261\/261
|-damage|p2a: Chandelure|196\/261|[from] Stealth Rock
|move|p1a: Chandelure|Hidden Power|p2a: Chandelure
|-immune|p2a: Chandelure|[msg]
|
|-heal|p1a: Chandelure|148\/262|[from] item: Leftovers
|turn|23
|callback|decision
|
|move|p1a: Chandelure|Shadow Ball|p2a: Chandelure
|-supereffective|p2a: Chandelure
|-damage|p2a: Chandelure|0 fnt
|faint|p2a: Chandelure
|
|-heal|p1a: Chandelure|164\/262|[from] item: Leftovers
|callback|decision
|
|switch|p2a: Kingdra|Kingdra, F|291\/291
|-damage|p2a: Kingdra|255\/291|[from] Stealth Rock
|turn|24
|callback|decision
|
|move|p1a: Chandelure|Shadow Ball|p2a: Kingdra
|-damage|p2a: Kingdra|0 fnt
|faint|p2a: Kingdra
|
|-heal|p1a: Chandelure|180\/262|[from] item: Leftovers
|callback|decision
|
|switch|p2a: Umbreon|Umbreon, M|181\/394
|-damage|p2a: Umbreon|132\/394|[from] Stealth Rock
|turn|25
|callback|decision
|
|move|p1a: Chandelure|Hidden Power|p2a: Umbreon
|-supereffective|p2a: Umbreon
|-damage|p2a: Umbreon|0 fnt
|faint|p2a: Umbreon
|
|-heal|p1a: Chandelure|196\/262|[from] item: Leftovers
|callback|decision
|
|switch|p2a: Heracross|Heracross, M|264\/301 slp
|-damage|p2a: Heracross|227\/301 slp|[from] Stealth Rock
|turn|26
|callback|decision
|
|move|p1a: Chandelure|Fire Blast|p2a: Heracross
|-supereffective|p2a: Heracross
|-damage|p2a: Heracross|0 fnt
|faint|p2a: Heracross
|
|win|mehafsdfsa
|raw|Ladder updating...
|raw|mehafsdfsa's rating: 1432 &rarr; <strong>1462<\/strong><br \/>(+30 for winning)
|raw|EchoDjinn's rating: 1767 &rarr; <strong>1758<\/strong><br \/>(-9 for losing)
|player|p2