|join|EchoDjinn
|join|Blastar
|player|p1|EchoDjinn|170
|player|p2|Blastar|156
|gametype|singles
|tier|UU
|rated
|rule|Sleep Clause Mod: Limit one foe put to sleep
|rule|Species Clause: Limit one of each Pokemon
|rule|OHKO Clause: OHKO moves are banned
|rule|Moody Clause: Moody is banned
|rule|Evasion Moves Clause: Evasion moves are banned
|rule|HP Percentage Mod: HP is reported as percentages
|rule|Evasion Abilities Clause: Evasion abilities are banned
|clearpoke
|poke|p1|Heracross, F
|poke|p1|Zapdos
|poke|p1|Chandelure, M
|poke|p1|Ferroseed, F
|poke|p1|Kingdra, F
|poke|p1|Umbreon, M
|poke|p2|Empoleon, M
|poke|p2|Sharpedo, M
|poke|p2|Ditto
|poke|p2|Mienshao, M
|poke|p2|Machamp, M
|poke|p2|Gligar, M
|teampreview
|callback|decision
|
|start
|switch|p1a: Zapdos|Zapdos|382\/382
|switch|p2a: Machamp|Machamp, M|374\/374
|-ability|p1a: Zapdos|Pressure
|turn|1
|callback|decision
|
|move|p1a: Zapdos|Hidden Power|p2a: Machamp
|-supereffective|p2a: Machamp
|-damage|p2a: Machamp|126\/374
|move|p2a: Machamp|Stone Edge|p1a: Zapdos
|-supereffective|p1a: Zapdos
|-damage|p1a: Zapdos|150\/382
|
|-heal|p2a: Machamp|149\/374|[from] item: Leftovers
|turn|2
|callback|decision
|
|move|p1a: Zapdos|Hidden Power|p2a: Machamp
|-supereffective|p2a: Machamp
|-damage|p2a: Machamp|0 fnt
|faint|p2a: Machamp
|
|callback|decision
|
|switch|p2a: Ditto|Ditto|300\/300
|-transform|p2a: Ditto|p1a: Zapdos
|turn|3
|callback|decision
|
|switch|p1a: Ferroseed|Ferroseed, F|292\/292
|move|p2a: Ditto|Discharge|p1a: Ferroseed
|-resisted|p1a: Ferroseed
|-damage|p1a: Ferroseed|252\/292
|
|turn|4
|callback|decision
|
|switch|p2a: Mienshao|Mienshao, M|271\/271
|move|p1a: Ferroseed|Stealth Rock|p2a: Mienshao
|-sidestart|p2: Blastar|move: Stealth Rock
|
|turn|5
|callback|decision
|
|move|p2a: Mienshao|U-turn|p1a: Ferroseed
|-damage|p1a: Ferroseed|207\/292
|-damage|p2a: Mienshao|238\/271|[from] ability: Iron Barbs|[of] p1a: Ferroseed
|callback|decision
|
|switch|p2a: Ditto|Ditto|300\/300
|-damage|p2a: Ditto|263\/300|[from] Stealth Rock
|-transform|p2a: Ditto|p1a: Ferroseed
|move|p1a: Ferroseed|Thunder Wave|p2a: Ditto
|-status|p2a: Ditto|par
|
|turn|6
|callback|decision
|
|move|p1a: Ferroseed|Spikes|p2a: Ditto
|-sidestart|p2: Blastar|Spikes
|move|p2a: Ditto|Spikes|p1a: Ferroseed
|-sidestart|p1: EchoDjinn|Spikes
|
|turn|7
|callback|decision
|
|switch|p1a: Chandelure|Chandelure, M|261\/261
|-damage|p1a: Chandelure|229\/261|[from] Spikes
|cant|p2a: Ditto|par
|
|turn|8
|callback|decision
|
|switch|p2a: Sharpedo|Sharpedo, M|281\/281
|-damage|p2a: Sharpedo|246\/281|[from] Stealth Rock
|-damage|p2a: Sharpedo|211\/281|[from] Spikes
|move|p1a: Chandelure|Fire Blast|p2a: Sharpedo
|-resisted|p2a: Sharpedo
|-damage|p2a: Sharpedo|0 fnt
|faint|p2a: Sharpedo
|
|callback|decision
|
|switch|p2a: Empoleon|Empoleon, M|308\/308
|-damage|p2a: Empoleon|289\/308|[from] Stealth Rock
|-damage|p2a: Empoleon|251\/308|[from] Spikes
|turn|9
|callback|decision
|
|switch|p1a: Ferroseed|Ferroseed, F|207\/292
|-damage|p1a: Ferroseed|171\/292|[from] Spikes
|move|p2a: Empoleon|Ice Beam|p1a: Ferroseed
|-damage|p1a: Ferroseed|82\/292
|
|turn|10
|callback|decision
|
|move|p2a: Empoleon|Ice Beam|p1a: Ferroseed
|-damage|p1a: Ferroseed|0 fnt
|faint|p1a: Ferroseed
|
|callback|decision
|
|switch|p1a: Zapdos|Zapdos|150\/382
|-ability|p1a: Zapdos|Pressure
|turn|11
|callback|decision
|
|switch|p2a: Gligar|Gligar, M|334\/334
|-damage|p2a: Gligar|293\/334|[from] Stealth Rock
|move|p1a: Zapdos|Roost|p1a: Zapdos
|-heal|p1a: Zapdos|341\/382
|
|turn|12
|callback|decision
|
|switch|p1a: Kingdra|Kingdra, F|291\/291
|-damage|p1a: Kingdra|255\/291|[from] Spikes
|move|p2a: Gligar|Stealth Rock|p1a: Kingdra
|-sidestart|p1: EchoDjinn|move: Stealth Rock
|
|turn|13
|callback|decision
|
|move|p1a: Kingdra|Draco Meteor|p2a: Gligar
|-damage|p2a: Gligar|44\/334
|-unboost|p1a: Kingdra|spa|2
|-damage|p1a: Kingdra|226\/291|[from] item: Life Orb
|move|p2a: Gligar|U-turn|p1a: Kingdra
|-damage|p1a: Kingdra|180\/291
|callback|decision
|
|switch|p2a: Empoleon|Empoleon, M|251\/308
|-damage|p2a: Empoleon|232\/308|[from] Stealth Rock
|-damage|p2a: Empoleon|194\/308|[from] Spikes
|
|turn|14
|callback|decision
|
|switch|p1a: Umbreon|Umbreon, M|394\/394
|-damage|p1a: Umbreon|345\/394|[from] Stealth Rock
|-damage|p1a: Umbreon|296\/394|[from] Spikes
|move|p2a: Empoleon|Agility|p2a: Empoleon
|-boost|p2a: Empoleon|spe|2
|
|-heal|p1a: Umbreon|320\/394|[from] item: Leftovers
|turn|15
|callback|decision
|
|move|p2a: Empoleon|Substitute|p2a: Empoleon
|-start|p2a: Empoleon|Substitute
|-damage|p2a: Empoleon|117\/308
|move|p1a: Umbreon|Wish|p1a: Umbreon
|
|-heal|p1a: Umbreon|344\/394|[from] item: Leftovers
|turn|16
|callback|decision
|
|move|p2a: Empoleon|Surf|p1a: Umbreon
|-damage|p1a: Umbreon|241\/394
|move|p1a: Umbreon|Foul Play|p2a: Empoleon
|-resisted|p2a: Empoleon
|-activate|p2a: Empoleon|Substitute|[damage]
|
|-heal|p1a: Umbreon|394\/394|[from] move: Wish|[wisher] Umbreon
|turn|17
|callback|decision
|
|move|p2a: Empoleon|Surf|p1a: Umbreon
|-damage|p1a: Umbreon|297\/394
|move|p1a: Umbreon|Foul Play|p2a: Empoleon
|-resisted|p2a: Empoleon
|-end|p2a: Empoleon|Substitute
|
|-heal|p1a: Umbreon|321\/394|[from] item: Leftovers
|turn|18
|callback|decision
|
|move|p2a: Empoleon|Surf|p1a: Umbreon
|-damage|p1a: Umbreon|227\/394
|move|p1a: Umbreon|Foul Play|p2a: Empoleon
|-resisted|p2a: Empoleon
|-damage|p2a: Empoleon|68\/308
|-enditem|p2a: Empoleon|Petaya Berry|[eat]
|-boost|p2a: Empoleon|spa|1|[from] item: Petaya Berry
|
|-heal|p1a: Umbreon|251\/394|[from] item: Leftovers
|turn|19
|callback|decision
|
|move|p2a: Empoleon|Surf|p1a: Umbreon
|-damage|p1a: Umbreon|11\/394
|move|p1a: Umbreon|Wish|p1a: Umbreon
|
|-heal|p1a: Umbreon|35\/394|[from] item: Leftovers
|turn|20
|callback|decision
|
|move|p1a: Umbreon|Protect|p1a: Umbreon
|-singleturn|p1a: Umbreon|Protect
|move|p2a: Empoleon|Surf|p1a: Umbreon
|-activate|p1a: Umbreon|Protect
|
|-heal|p1a: Umbreon|232\/394|[from] move: Wish|[wisher] Umbreon
|-heal|p1a: Umbreon|256\/394|[from] item: Leftovers
|turn|21
|callback|decision
|
|move|p2a: Empoleon|Surf|p1a: Umbreon
|-damage|p1a: Umbreon|46\/394
|move|p1a: Umbreon|Wish|p1a: Umbreon
|
|-heal|p1a: Umbreon|70\/394|[from] item: Leftovers
|turn|22
|callback|decision
|
|move|p1a: Umbreon|Protect|p1a: Umbreon
|-singleturn|p1a: Umbreon|Protect
|move|p2a: Empoleon|Ice Beam|p1a: Umbreon
|-activate|p1a: Umbreon|Protect
|
|-heal|p1a: Umbreon|267\/394|[from] move: Wish|[wisher] Umbreon
|-heal|p1a: Umbreon|291\/394|[from] item: Leftovers
|turn|23
|callback|decision
|
|move|p2a: Empoleon|Surf|p1a: Umbreon
|-damage|p1a: Umbreon|74\/394
|move|p1a: Umbreon|Foul Play|p2a: Empoleon
|-resisted|p2a: Empoleon
|-damage|p2a: Empoleon|23\/308
|
|-heal|p1a: Umbreon|98\/394|[from] item: Leftovers
|turn|24
|callback|decision
|
|move|p1a: Umbreon|Protect|p1a: Umbreon
|-singleturn|p1a: Umbreon|Protect
|move|p2a: Empoleon|Surf|p1a: Umbreon
|-activate|p1a: Umbreon|Protect
|
|-heal|p1a: Umbreon|122\/394|[from] item: Leftovers
|turn|25
|callback|decision
|
|switch|p1a: Heracross|Heracross, F|301\/301
|-damage|p1a: Heracross|264\/301|[from] Stealth Rock
|-damage|p1a: Heracross|227\/301|[from] Spikes
|move|p2a: Empoleon|Surf|p1a: Heracross
|-damage|p1a: Heracross|0 fnt
|faint|p1a: Heracross
|
|callback|decision
|
|switch|p1a: Kingdra|Kingdra, F|180\/291
|-damage|p1a: Kingdra|144\/291|[from] Stealth Rock
|-damage|p1a: Kingdra|108\/291|[from] Spikes
|turn|26
|callback|decision
|
|move|p2a: Empoleon|Ice Beam|p1a: Kingdra
|-damage|p1a: Kingdra|0 fnt
|faint|p1a: Kingdra
|
|callback|decision
|
|switch|p1a: Zapdos|Zapdos|341\/382
|-damage|p1a: Zapdos|246\/382|[from] Stealth Rock
|-ability|p1a: Zapdos|Pressure
|turn|27
|callback|decision
|
|move|p2a: Empoleon|Ice Beam|p1a: Zapdos
|-supereffective|p1a: Zapdos
|-damage|p1a: Zapdos|0 fnt
|faint|p1a: Zapdos
|
|callback|decision
|
|switch|p1a: Chandelure|Chandelure, M|229\/261
|-damage|p1a: Chandelure|164\/261|[from] Stealth Rock
|-damage|p1a: Chandelure|132\/261|[from] Spikes
|turn|28
|callback|decision
|
|move|p2a: Empoleon|Surf|p1a: Chandelure
|-supereffective|p1a: Chandelure
|-damage|p1a: Chandelure|0 fnt
|faint|p1a: Chandelure
|
|callback|decision
|
|switch|p1a: Umbreon|Umbreon, M|122\/394
|-damage|p1a: Umbreon|73\/394|[from] Spikes
|-damage|p1a: Umbreon|24\/394|[from] Stealth Rock
|turn|29
|callback|decision
|
|move|p2a: Empoleon|Surf|p1a: Umbreon
|-damage|p1a: Umbreon|0 fnt
|faint|p1a: Umbreon
|
|win|Blastar
|raw|Ladder updating...
|raw|EchoDjinn's rating: 1777 &rarr; <strong>1771<\/strong><br \/>(-6 for losing)
|raw|Blastar's rating: 1600 &rarr; <strong>1630<\/strong><br \/>(+30 for winning)
|player|p1