|join|PatoM
|join|EchoDjinn
|player|p1|PatoM|1
|player|p2|EchoDjinn|170
|gametype|singles
|tier|UU
|rated
|rule|Sleep Clause Mod: Limit one foe put to sleep
|rule|Species Clause: Limit one of each Pokemon
|rule|OHKO Clause: OHKO moves are banned
|rule|Moody Clause: Moody is banned
|rule|Evasion Moves Clause: Evasion moves are banned
|rule|HP Percentage Mod: HP is reported as percentages
|rule|Evasion Abilities Clause: Evasion abilities are banned
|clearpoke
|poke|p1|Ambipom, M
|poke|p1|Zapdos
|poke|p1|Blastoise, M
|poke|p1|Milotic, M
|poke|p1|Cobalion
|poke|p1|Nidoking, M
|poke|p2|Heracross, F
|poke|p2|Zapdos
|poke|p2|Chandelure, M
|poke|p2|Ferroseed, F
|poke|p2|Kingdra, M
|poke|p2|Umbreon, F
|teampreview
|callback|decision
|
|start
|switch|p1a: Turtle|Blastoise, M|362\/362
|switch|p2a: Zapdos|Zapdos|382\/382
|-ability|p2a: Zapdos|Pressure
|turn|1
|callback|decision
|
|switch|p1a: Gorilla|Nidoking, M|304\/304
|move|p2a: Zapdos|Discharge|p1a: Gorilla
|-immune|p1a: Gorilla|[msg]
|
|turn|2
|callback|decision
|
|switch|p2a: Umbreon|Umbreon, F|394\/394
|move|p1a: Gorilla|Ice Beam|p2a: Umbreon
|-damage|p2a: Umbreon|319\/394
|
|-heal|p2a: Umbreon|343\/394|[from] item: Leftovers
|turn|3
|callback|decision
|
|switch|p1a: Dog|Cobalion|324\/324
|switch|p2a: Zapdos|Zapdos|382\/382
|-ability|p2a: Zapdos|Pressure
|
|turn|4
|callback|decision
|
|move|p1a: Dog|Stone Edge|p2a: Zapdos
|-supereffective|p2a: Zapdos
|-damage|p2a: Zapdos|188\/382
|-damage|p1a: Dog|292\/324|[from] item: Life Orb
|move|p2a: Zapdos|Hidden Power|p1a: Dog
|-damage|p1a: Dog|165\/324
|
|-heal|p2a: Zapdos|211\/382|[from] item: Leftovers
|turn|5
|callback|decision
|chat|PatoM|bulky zapdos?
|
|switch|p1a: Monkey|Ambipom, M|291\/291
|switch|p2a: Umbreon|Umbreon, F|343\/394
|
|-heal|p2a: Umbreon|367\/394|[from] item: Leftovers
|turn|6
|callback|decision
|
|move|p2a: Umbreon|Protect|p2a: Umbreon
|-singleturn|p2a: Umbreon|Protect
|move|p1a: Monkey|Fake Out|p2a: Umbreon
|-activate|p2a: Umbreon|Protect
|
|-heal|p2a: Umbreon|391\/394|[from] item: Leftovers
|turn|7
|callback|decision
|
|move|p1a: Monkey|Low Sweep|p2a: Umbreon
|-supereffective|p2a: Umbreon
|-damage|p2a: Umbreon|191\/394
|-unboost|p2a: Umbreon|spe|1
|-damage|p1a: Monkey|262\/291|[from] item: Life Orb
|move|p2a: Umbreon|Wish|p2a: Umbreon
|
|-heal|p2a: Umbreon|215\/394|[from] item: Leftovers
|turn|8
|callback|decision
|
|switch|p1a: Dog|Cobalion|165\/324
|move|p2a: Umbreon|Protect|p2a: Umbreon
|-fail|p2a: Umbreon
|
|-heal|p2a: Umbreon|394\/394|[from] move: Wish|[wisher] Umbreon
|turn|9
|callback|decision
|
|move|p2a: Umbreon|Protect|p2a: Umbreon
|-singleturn|p2a: Umbreon|Protect
|move|p1a: Dog|Close Combat|p2a: Umbreon
|-activate|p2a: Umbreon|Protect
|
|turn|10
|callback|decision
|
|move|p1a: Dog|Stone Edge|p2a: Umbreon
|-damage|p2a: Umbreon|284\/394
|-damage|p1a: Dog|133\/324|[from] item: Life Orb
|move|p2a: Umbreon|Wish|p2a: Umbreon
|
|-heal|p2a: Umbreon|308\/394|[from] item: Leftovers
|turn|11
|callback|decision
|chat|PatoM|fck
|
|switch|p2a: Zapdos|Zapdos|211\/382
|-ability|p2a: Zapdos|Pressure
|move|p1a: Dog|Iron Head|p2a: Zapdos
|-resisted|p2a: Zapdos
|-damage|p2a: Zapdos|148\/382
|-damage|p1a: Dog|101\/324|[from] item: Life Orb
|
|-heal|p2a: Zapdos|345\/382|[from] move: Wish|[wisher] Umbreon
|-heal|p2a: Zapdos|368\/382|[from] item: Leftovers
|turn|12
|callback|decision
|
|move|p1a: Dog|Stone Edge|p2a: Zapdos
|-supereffective|p2a: Zapdos
|-damage|p2a: Zapdos|184\/382
|-damage|p1a: Dog|69\/324|[from] item: Life Orb
|move|p2a: Zapdos|Hidden Power|p1a: Dog
|-damage|p1a: Dog|0 fnt
|faint|p1a: Dog
|
|-heal|p2a: Zapdos|207\/382|[from] item: Leftovers
|callback|decision
|
|switch|p1a: Turtle|Blastoise, M|362\/362
|turn|13
|callback|decision
|
|move|p2a: Zapdos|Roost|p2a: Zapdos
|-heal|p2a: Zapdos|382\/382
|move|p1a: Turtle|Surf|p2a: Zapdos
|-crit|p2a: Zapdos
|-damage|p2a: Zapdos|0 fnt
|faint|p2a: Zapdos
|
|callback|decision
|
|switch|p2a: Ferroseed|Ferroseed, F|292\/292
|turn|14
|callback|decision
|
|move|p1a: Turtle|Surf|p2a: Ferroseed
|-resisted|p2a: Ferroseed
|-damage|p2a: Ferroseed|216\/292
|move|p2a: Ferroseed|Thunder Wave|p1a: Turtle
|-status|p1a: Turtle|par
|
|turn|15
|callback|decision
|
|switch|p1a: Gorilla|Nidoking, M|304\/304
|move|p2a: Ferroseed|Leech Seed|p1a: Gorilla
|-start|p1a: Gorilla|move: Leech Seed
|
|-damage|p1a: Gorilla|266\/304|[from] Leech Seed|[of] p2a: Ferroseed
|-heal|p2a: Ferroseed|254\/292|[silent]
|turn|16
|callback|decision
|
|switch|p2a: Umbreon|Umbreon, F|308\/394
|move|p1a: Gorilla|Fire Blast|p2a: Umbreon
|-damage|p2a: Umbreon|211\/394
|
|-heal|p2a: Umbreon|235\/394|[from] item: Leftovers
|-damage|p1a: Gorilla|228\/304|[from] Leech Seed|[of] p2a: Umbreon
|-heal|p2a: Umbreon|273\/394|[silent]
|turn|17
|callback|decision
|
|switch|p1a: Monkey|Ambipom, M|262\/291
|move|p2a: Umbreon|Wish|p2a: Umbreon
|
|-heal|p2a: Umbreon|297\/394|[from] item: Leftovers
|turn|18
|callback|decision
|chat|PatoM|I hate Umbreon
|
|switch|p2a: Ferroseed|Ferroseed, F|254\/292
|move|p1a: Monkey|Fake Out|p2a: Ferroseed
|-resisted|p2a: Ferroseed
|-damage|p2a: Ferroseed|224\/292
|-damage|p1a: Monkey|226\/291|[from] ability: Iron Barbs|[of] p2a: Ferroseed
|-damage|p1a: Monkey|197\/291|[from] item: Life Orb
|
|-heal|p2a: Ferroseed|292\/292|[from] move: Wish|[wisher] Umbreon
|turn|19
|callback|decision
|
|switch|p2a: Chandelure|Chandelure, M|261\/261
|move|p1a: Monkey|U-turn|p2a: Chandelure
|-resisted|p2a: Chandelure
|-damage|p2a: Chandelure|235\/261
|-damage|p1a: Monkey|168\/291|[from] item: Life Orb
|callback|decision
|
|switch|p1a: Turtle|Blastoise, M|362\/362 par
|
|turn|20
|callback|decision
|
|switch|p2a: Ferroseed|Ferroseed, F|292\/292
|cant|p1a: Turtle|par
|
|turn|21
|callback|decision
|
|cant|p1a: Turtle|par
|move|p2a: Ferroseed|Stealth Rock|p1a: Turtle
|-sidestart|p1: PatoM|move: Stealth Rock
|
|turn|22
|callback|decision
|
|move|p1a: Turtle|Hidden Power|p2a: Ferroseed
|-supereffective|p2a: Ferroseed
|-damage|p2a: Ferroseed|0 fnt
|faint|p2a: Ferroseed
|
|callback|decision
|
|switch|p2a: Chandelure|Chandelure, M|235\/261
|turn|23
|callback|decision
|chat|PatoM|finally
|
|switch|p1a: Sea Serpent|Milotic, M|394\/394
|-damage|p1a: Sea Serpent|345\/394|[from] Stealth Rock
|move|p2a: Chandelure|Energy Ball|p1a: Sea Serpent
|-supereffective|p1a: Sea Serpent
|-damage|p1a: Sea Serpent|147\/394
|
|-heal|p1a: Sea Serpent|171\/394|[from] item: Leftovers
|turn|24
|callback|decision
|
|move|p2a: Chandelure|Energy Ball|p1a: Sea Serpent
|-supereffective|p1a: Sea Serpent
|-damage|p1a: Sea Serpent|0 fnt
|faint|p1a: Sea Serpent
|
|callback|decision
|
|switch|p1a: Turtle|Blastoise, M|362\/362 par
|-damage|p1a: Turtle|317\/362 par|[from] Stealth Rock
|turn|25
|callback|decision
|
|switch|p2a: Kingdra|Kingdra, M|291\/291
|move|p1a: Turtle|Surf|p2a: Kingdra
|-resisted|p2a: Kingdra
|-damage|p2a: Kingdra|240\/291
|
|turn|26
|callback|decision
|
|move|p2a: Kingdra|Draco Meteor|p1a: Turtle
|-damage|p1a: Turtle|20\/362 par
|-unboost|p2a: Kingdra|spa|2
|-damage|p2a: Kingdra|211\/291|[from] item: Life Orb
|cant|p1a: Turtle|par
|
|turn|27
|callback|decision
|
|move|p2a: Kingdra|Surf|p1a: Turtle
|-resisted|p1a: Turtle
|-damage|p1a: Turtle|0 fnt
|-damage|p2a: Kingdra|182\/291|[from] item: Life Orb
|faint|p1a: Turtle
|
|callback|decision
|
|switch|p1a: Bird|Zapdos|322\/322
|-damage|p1a: Bird|242\/322|[from] Stealth Rock
|-ability|p1a: Bird|Pressure
|turn|28
|callback|decision
|
|switch|p2a: Umbreon|Umbreon, F|297\/394
|move|p1a: Bird|Thunderbolt|p2a: Umbreon
|-damage|p2a: Umbreon|168\/394
|-damage|p1a: Bird|210\/322|[from] item: Life Orb
|
|-heal|p2a: Umbreon|192\/394|[from] item: Leftovers
|turn|29
|callback|decision
|
|move|p1a: Bird|Thunderbolt|p2a: Umbreon
|-crit|p2a: Umbreon
|-damage|p2a: Umbreon|0 fnt
|-damage|p1a: Bird|178\/322|[from] item: Life Orb
|faint|p2a: Umbreon
|
|callback|decision
|chat|PatoM|finally
|
|switch|p2a: Chandelure|Chandelure, M|235\/261
|turn|30
|callback|decision
|
|move|p2a: Chandelure|Fire Blast|p1a: Bird
|-crit|p1a: Bird
|-damage|p1a: Bird|0 fnt
|faint|p1a: Bird
|
|callback|decision
|
|switch|p1a: Gorilla|Nidoking, M|228\/304
|-damage|p1a: Gorilla|209\/304|[from] Stealth Rock
|turn|31
|callback|decision
|
|move|p1a: Gorilla|Earth Power|p2a: Chandelure
|-supereffective|p2a: Chandelure
|-damage|p2a: Chandelure|0 fnt
|faint|p2a: Chandelure
|
|callback|decision
|
|switch|p2a: Heracross|Heracross, F|301\/301
|turn|32
|callback|decision
|
|move|p1a: Gorilla|Earth Power|p2a: Heracross
|-resisted|p2a: Heracross
|-damage|p2a: Heracross|219\/301
|move|p2a: Heracross|Megahorn|p1a: Gorilla
|-resisted|p1a: Gorilla
|-damage|p1a: Gorilla|11\/304
|
|turn|33
|callback|decision
|
|move|p1a: Gorilla|Earth Power|p2a: Heracross
|-resisted|p2a: Heracross
|-damage|p2a: Heracross|125\/301
|move|p2a: Heracross|Megahorn|p1a: Gorilla
|-resisted|p1a: Gorilla
|-damage|p1a: Gorilla|0 fnt
|faint|p1a: Gorilla
|
|callback|decision
|
|switch|p1a: Monkey|Ambipom, M|168\/291
|-damage|p1a: Monkey|132\/291|[from] Stealth Rock
|turn|34
|callback|decision
|
|move|p1a: Monkey|Fake Out|p2a: Heracross
|-damage|p2a: Heracross|0 fnt
|-damage|p1a: Monkey|103\/291|[from] item: Life Orb
|faint|p2a: Heracross
|
|callback|decision
|
|switch|p2a: Kingdra|Kingdra, M|182\/291
|turn|35
|callback|decision
|
|move|p1a: Monkey|Return|p2a: Kingdra
|-damage|p2a: Kingdra|0 fnt
|-damage|p1a: Monkey|74\/291|[from] item: Life Orb
|faint|p2a: Kingdra
|
|win|PatoM
|raw|Ladder updating...
|raw|PatoM's rating: 1571 &rarr; <strong>1589<\/strong><br \/>(+18 for winning)
|raw|EchoDjinn's rating: 1778 &rarr; <strong>1771<\/strong><br \/>(-7 for losing)
|chat|PatoM|GG
|chat|PatoM|nice
|chat|PatoM|game
|chat|EchoDjinn|gg
|chat|PatoM|yeah
|player|p1