|join|BlackPanther10
|join|EchoDjinn
|player|p1|BlackPanther10|165
|player|p2|EchoDjinn|214
|gametype|singles
|tier|UU
|rated
|rule|Sleep Clause Mod: Limit one foe put to sleep
|rule|Species Clause: Limit one of each Pokemon
|rule|OHKO Clause: OHKO moves are banned
|rule|Moody Clause: Moody is banned
|rule|Evasion Moves Clause: Evasion moves are banned
|rule|HP Percentage Mod: HP is reported as percentages
|rule|Evasion Abilities Clause: Evasion abilities are banned
|clearpoke
|poke|p1|Gligar, M
|poke|p1|Empoleon, M
|poke|p1|Roserade, M
|poke|p1|Hitmontop, M
|poke|p1|Chandelure, M
|poke|p1|Krookodile, F
|poke|p2|Mienshao, F
|poke|p2|Roserade, F
|poke|p2|Blastoise, M
|poke|p2|Snorlax, F
|poke|p2|Gligar, F
|poke|p2|Victini
|teampreview
|callback|decision
|
|start
|switch|p1a: Gligar|Gligar, M|334\/334
|switch|p2a: Victini|Victini|341\/341
|turn|1
|callback|decision
|
|move|p2a: Victini|Hidden Power|p1a: Gligar
|-supereffective|p1a: Gligar
|-damage|p1a: Gligar|42\/334
|move|p1a: Gligar|Earthquake|p2a: Victini
|-supereffective|p2a: Victini
|-damage|p2a: Victini|135\/341
|
|turn|2
|callback|decision
|
|switch|p2a: Blastoise|Blastoise, M|362\/362
|switch|p1a: Empoleon|Empoleon, M|372\/372
|
|turn|3
|callback|decision
|
|move|p2a: Blastoise|Scald|p1a: Empoleon
|-resisted|p1a: Empoleon
|-damage|p1a: Empoleon|341\/372
|move|p1a: Empoleon|Scald|p2a: Blastoise
|-resisted|p2a: Blastoise
|-damage|p2a: Blastoise|309\/362
|
|-heal|p2a: Blastoise|331\/362|[from] item: Leftovers
|-heal|p1a: Empoleon|364\/372|[from] item: Leftovers
|turn|4
|callback|decision
|
|switch|p2a: Roserade|Roserade, F|324\/324
|move|p1a: Empoleon|Scald|p2a: Roserade
|-resisted|p2a: Roserade
|-damage|p2a: Roserade|284\/324
|
|-heal|p2a: Roserade|304\/324|[from] item: Black Sludge
|-heal|p1a: Empoleon|372\/372|[from] item: Leftovers
|turn|5
|callback|decision
|
|move|p2a: Roserade|Spikes|p1a: Empoleon
|-sidestart|p1: BlackPanther10|Spikes
|move|p1a: Empoleon|Ice Beam|p2a: Roserade
|-supereffective|p2a: Roserade
|-damage|p2a: Roserade|168\/324
|
|-heal|p2a: Roserade|188\/324|[from] item: Black Sludge
|turn|6
|callback|decision
|
|move|p2a: Roserade|Giga Drain|p1a: Empoleon
|-damage|p1a: Empoleon|294\/372
|-heal|p2a: Roserade|227\/324|[from] drain|[of] p1a: Empoleon
|move|p1a: Empoleon|Stealth Rock|p2a: Roserade
|-sidestart|p2: EchoDjinn|move: Stealth Rock
|
|-heal|p2a: Roserade|247\/324|[from] item: Black Sludge
|-heal|p1a: Empoleon|317\/372|[from] item: Leftovers
|turn|7
|callback|decision
|
|move|p2a: Roserade|Spikes|p1a: Empoleon
|-sidestart|p1: BlackPanther10|Spikes
|move|p1a: Empoleon|Ice Beam|p2a: Roserade
|-supereffective|p2a: Roserade
|-damage|p2a: Roserade|127\/324
|
|-heal|p2a: Roserade|147\/324|[from] item: Black Sludge
|-heal|p1a: Empoleon|340\/372|[from] item: Leftovers
|turn|8
|callback|decision
|
|move|p2a: Roserade|Spikes|p1a: Empoleon
|-sidestart|p1: BlackPanther10|Spikes
|move|p1a: Empoleon|Ice Beam|p2a: Roserade
|-supereffective|p2a: Roserade
|-damage|p2a: Roserade|27\/324
|
|-heal|p2a: Roserade|47\/324|[from] item: Black Sludge
|-heal|p1a: Empoleon|363\/372|[from] item: Leftovers
|turn|9
|callback|decision
|
|move|p2a: Roserade|Synthesis|p2a: Roserade
|-heal|p2a: Roserade|209\/324
|move|p1a: Empoleon|Ice Beam|p2a: Roserade
|-supereffective|p2a: Roserade
|-damage|p2a: Roserade|77\/324
|-status|p2a: Roserade|frz
|
|-heal|p2a: Roserade|97\/324 frz|[from] item: Black Sludge
|-heal|p1a: Empoleon|372\/372|[from] item: Leftovers
|turn|10
|callback|decision
|
|switch|p2a: Blastoise|Blastoise, M|331\/362
|-damage|p2a: Blastoise|286\/362|[from] Stealth Rock
|move|p1a: Empoleon|Ice Beam|p2a: Blastoise
|-resisted|p2a: Blastoise
|-damage|p2a: Blastoise|247\/362
|
|-heal|p2a: Blastoise|269\/362|[from] item: Leftovers
|turn|11
|callback|decision
|
|move|p1a: Empoleon|Scald|p2a: Blastoise
|-resisted|p2a: Blastoise
|-damage|p2a: Blastoise|217\/362
|move|p2a: Blastoise|Roar|p1a: Empoleon
|drag|p1a: Gligar|Gligar, M|42\/334
|
|-heal|p2a: Blastoise|239\/362|[from] item: Leftovers
|turn|12
|callback|decision
|
|move|p1a: Gligar|Toxic|p2a: Blastoise
|-status|p2a: Blastoise|tox
|move|p2a: Blastoise|Rapid Spin|p1a: Gligar
|-damage|p1a: Gligar|36\/334
|-sideend|p2: EchoDjinn|Stealth Rock|[from] move: Rapid Spin|[of] p2a: Blastoise
|
|-heal|p2a: Blastoise|261\/362 tox|[from] item: Leftovers
|-damage|p2a: Blastoise|239\/362 tox|[from] psn
|turn|13
|callback|decision
|
|switch|p2a: Gligar|Gligar, F|334\/334
|move|p1a: Gligar|U-turn|p2a: Gligar
|-resisted|p2a: Gligar
|-damage|p2a: Gligar|324\/334
|callback|decision
|
|switch|p1a: Hitmontop|Hitmontop, M|304\/304
|-damage|p1a: Hitmontop|228\/304|[from] Spikes
|-ability|p1a: Hitmontop|Intimidate|[of] p2a: Gligar
|-unboost|p2a: Gligar|atk|1
|
|-heal|p1a: Hitmontop|247\/304|[from] item: Leftovers
|turn|14
|callback|decision
|
|move|p2a: Gligar|U-turn|p1a: Hitmontop
|-resisted|p1a: Hitmontop
|-damage|p1a: Hitmontop|236\/304
|callback|decision
|
|switch|p2a: Roserade|Roserade, F|97\/324
|move|p1a: Hitmontop|Rapid Spin|p2a: Roserade
|-crit|p2a: Roserade
|-damage|p2a: Roserade|42\/324
|-sideend|p1: BlackPanther10|Spikes|[from] move: Rapid Spin|[of] p1a: Hitmontop
|
|-heal|p2a: Roserade|62\/324|[from] item: Black Sludge
|-heal|p1a: Hitmontop|255\/304|[from] item: Leftovers
|turn|15
|callback|decision
|
|switch|p1a: Chandelure|Chandelure, M|278\/278
|move|p2a: Roserade|Synthesis|p2a: Roserade
|-heal|p2a: Roserade|224\/324
|
|-heal|p2a: Roserade|244\/324|[from] item: Black Sludge
|turn|16
|callback|decision
|
|switch|p2a: Snorlax|Snorlax, F|497\/497
|move|p1a: Chandelure|Substitute|p1a: Chandelure
|-start|p1a: Chandelure|Substitute
|-damage|p1a: Chandelure|209\/278
|
|turn|17
|callback|decision
|
|move|p1a: Chandelure|Pain Split|p2a: Snorlax
|-sethp|p2a: Snorlax|353\/497|p1a: Chandelure|278\/278|[from] move: Pain Split
|move|p2a: Snorlax|Whirlwind|p1a: Chandelure
|drag|p1a: Empoleon|Empoleon, M|372\/372
|
|-heal|p2a: Snorlax|384\/497|[from] item: Leftovers
|turn|18
|callback|decision
|
|switch|p1a: Hitmontop|Hitmontop, M|255\/304
|-ability|p1a: Hitmontop|Intimidate|[of] p2a: Snorlax
|-unboost|p2a: Snorlax|atk|1
|switch|p2a: Mienshao|Mienshao, F|271\/271
|
|-heal|p1a: Hitmontop|274\/304|[from] item: Leftovers
|turn|19
|callback|decision
|
|move|p2a: Mienshao|U-turn|p1a: Hitmontop
|-resisted|p1a: Hitmontop
|-damage|p1a: Hitmontop|244\/304
|callback|decision
|
|switch|p2a: Gligar|Gligar, F|324\/334
|move|p1a: Hitmontop|Toxic|p2a: Gligar
|
|-heal|p1a: Hitmontop|263\/304|[from] item: Leftovers
|turn|20
|callback|decision
|
|switch|p1a: Empoleon|Empoleon, M|372\/372
|move|p2a: Gligar|Earthquake|p1a: Empoleon
|-supereffective|p1a: Empoleon
|-damage|p1a: Empoleon|166\/372
|
|-heal|p1a: Empoleon|189\/372|[from] item: Leftovers
|turn|21
|callback|decision
|
|switch|p2a: Snorlax|Snorlax, F|384\/497
|switch|p1a: Hitmontop|Hitmontop, M|263\/304
|-ability|p1a: Hitmontop|Intimidate|[of] p2a: Snorlax
|-unboost|p2a: Snorlax|atk|1
|
|-heal|p1a: Hitmontop|282\/304|[from] item: Leftovers
|-heal|p2a: Snorlax|415\/497|[from] item: Leftovers
|turn|22
|callback|decision
|
|switch|p2a: Gligar|Gligar, F|324\/334
|move|p1a: Hitmontop|Close Combat|p2a: Gligar
|-resisted|p2a: Gligar
|-damage|p2a: Gligar|291\/334
|-unboost|p1a: Hitmontop|def|1
|-unboost|p1a: Hitmontop|spd|1
|
|-heal|p1a: Hitmontop|301\/304|[from] item: Leftovers
|turn|23
|callback|decision
|
|switch|p1a: Gligar|Gligar, M|36\/334
|move|p2a: Gligar|Stealth Rock|p1a: Gligar
|-sidestart|p1: BlackPanther10|move: Stealth Rock
|
|turn|24
|callback|decision
|
|move|p1a: Gligar|Roost|p1a: Gligar
|-heal|p1a: Gligar|203\/334
|move|p2a: Gligar|U-turn|p1a: Gligar
|-damage|p1a: Gligar|183\/334
|callback|decision
|
|switch|p2a: Victini|Victini|135\/341
|
|turn|25
|callback|decision
|
|switch|p1a: Empoleon|Empoleon, M|189\/372
|-damage|p1a: Empoleon|166\/372|[from] Stealth Rock
|move|p2a: Victini|Hidden Power|p1a: Empoleon
|-resisted|p1a: Empoleon
|-damage|p1a: Empoleon|154\/372
|
|-heal|p1a: Empoleon|177\/372|[from] item: Leftovers
|turn|26
|callback|decision
|
|move|p2a: Victini|V-create|p1a: Empoleon
|-damage|p1a: Empoleon|0 fnt
|-unboost|p2a: Victini|def|1
|-unboost|p2a: Victini|spd|1
|-unboost|p2a: Victini|spe|1
|faint|p1a: Empoleon
|
|callback|decision
|
|switch|p1a: Krookodile|Krookodile, F|331\/331
|-damage|p1a: Krookodile|311\/331|[from] Stealth Rock
|turn|27
|callback|decision
|
|move|p1a: Krookodile|Pursuit|p2a: Victini|[from]Pursuit
|-supereffective|p2a: Victini
|-damage|p2a: Victini|0 fnt
|faint|p2a: Victini
|-boost|p1a: Krookodile|atk|1|[from] ability: Moxie
|
|callback|decision
|
|switch|p2a: Mienshao|Mienshao, F|271\/271
|turn|28
|callback|decision
|
|switch|p1a: Hitmontop|Hitmontop, M|301\/304
|-damage|p1a: Hitmontop|282\/304|[from] Stealth Rock
|-ability|p1a: Hitmontop|Intimidate|[of] p2a: Mienshao
|-unboost|p2a: Mienshao|atk|1
|move|p2a: Mienshao|U-turn|p1a: Hitmontop
|-resisted|p1a: Hitmontop
|-damage|p1a: Hitmontop|262\/304
|callback|decision
|
|switch|p2a: Blastoise|Blastoise, M|239\/362 tox
|
|-heal|p2a: Blastoise|261\/362 tox|[from] item: Leftovers
|-heal|p1a: Hitmontop|281\/304|[from] item: Leftovers
|-damage|p2a: Blastoise|239\/362 tox|[from] psn
|turn|29
|callback|decision
|
|move|p2a: Blastoise|Toxic|p1a: Hitmontop
|-status|p1a: Hitmontop|tox
|move|p1a: Hitmontop|Rapid Spin|p2a: Blastoise
|-damage|p2a: Blastoise|227\/362 tox
|-sideend|p1: BlackPanther10|Stealth Rock|[from] move: Rapid Spin|[of] p1a: Hitmontop
|
|-heal|p2a: Blastoise|249\/362 tox|[from] item: Leftovers
|-heal|p1a: Hitmontop|300\/304 tox|[from] item: Leftovers
|-damage|p2a: Blastoise|205\/362 tox|[from] psn
|-damage|p1a: Hitmontop|281\/304 tox|[from] psn
|turn|30
|callback|decision
|
|switch|p2a: Gligar|Gligar, F|291\/334
|move|p1a: Hitmontop|Close Combat|p2a: Gligar
|-resisted|p2a: Gligar
|-damage|p2a: Gligar|260\/334
|-unboost|p1a: Hitmontop|def|1
|-unboost|p1a: Hitmontop|spd|1
|
|-heal|p1a: Hitmontop|300\/304 tox|[from] item: Leftovers
|-damage|p1a: Hitmontop|262\/304 tox|[from] psn
|turn|31
|callback|decision
|
|switch|p1a: Roserade|Roserade, M|324\/324
|move|p2a: Gligar|U-turn|p1a: Roserade
|-damage|p1a: Roserade|251\/324
|callback|decision
|
|switch|p2a: Mienshao|Mienshao, F|271\/271
|
|-heal|p1a: Roserade|271\/324|[from] item: Black Sludge
|turn|32
|callback|decision
|
|switch|p1a: Hitmontop|Hitmontop, M|262\/304 tox
|-ability|p1a: Hitmontop|Intimidate|[of] p2a: Mienshao
|-unboost|p2a: Mienshao|atk|1
|move|p2a: Mienshao|U-turn|p1a: Hitmontop
|-resisted|p1a: Hitmontop
|-damage|p1a: Hitmontop|240\/304 tox
|callback|decision
|
|switch|p2a: Gligar|Gligar, F|260\/334
|
|-heal|p1a: Hitmontop|259\/304 tox|[from] item: Leftovers
|-damage|p1a: Hitmontop|240\/304 tox|[from] psn
|turn|33
|callback|decision
|
|switch|p1a: Roserade|Roserade, M|271\/324
|move|p2a: Gligar|Stealth Rock|p1a: Roserade
|-sidestart|p1: BlackPanther10|move: Stealth Rock
|
|-heal|p1a: Roserade|291\/324|[from] item: Black Sludge
|turn|34
|callback|decision
|
|switch|p2a: Snorlax|Snorlax, F|415\/497
|move|p1a: Roserade|Spikes|p2a: Snorlax
|-sidestart|p2: EchoDjinn|Spikes
|
|-heal|p1a: Roserade|311\/324|[from] item: Black Sludge
|-heal|p2a: Snorlax|446\/497|[from] item: Leftovers
|turn|35
|callback|decision
|
|move|p1a: Roserade|Spikes|p2a: Snorlax
|-sidestart|p2: EchoDjinn|Spikes
|move|p2a: Snorlax|Body Slam|p1a: Roserade
|-damage|p1a: Roserade|145\/324
|
|-heal|p1a: Roserade|165\/324|[from] item: Black Sludge
|-heal|p2a: Snorlax|477\/497|[from] item: Leftovers
|turn|36
|callback|decision
|
|switch|p1a: Gligar|Gligar, M|183\/334
|-damage|p1a: Gligar|142\/334|[from] Stealth Rock
|move|p2a: Snorlax|Body Slam|p1a: Gligar
|-damage|p1a: Gligar|93\/334
|
|-heal|p2a: Snorlax|497\/497|[from] item: Leftovers
|turn|37
|callback|decision
|
|switch|p2a: Blastoise|Blastoise, M|205\/362 tox
|-damage|p2a: Blastoise|145\/362 tox|[from] Spikes
|move|p1a: Gligar|Roost|p1a: Gligar
|-heal|p1a: Gligar|260\/334
|
|-heal|p2a: Blastoise|167\/362 tox|[from] item: Leftovers
|-damage|p2a: Blastoise|145\/362 tox|[from] psn
|turn|38
|callback|decision
|
|move|p1a: Gligar|U-turn|p2a: Blastoise
|-damage|p2a: Blastoise|111\/362 tox
|callback|decision
|
|switch|p1a: Roserade|Roserade, M|165\/324
|-damage|p1a: Roserade|125\/324|[from] Stealth Rock
|move|p2a: Blastoise|Scald|p1a: Roserade
|-resisted|p1a: Roserade
|-damage|p1a: Roserade|81\/324
|-status|p1a: Roserade|brn
|
|-heal|p1a: Roserade|101\/324 brn|[from] item: Black Sludge
|-heal|p2a: Blastoise|133\/362 tox|[from] item: Leftovers
|-damage|p1a: Roserade|61\/324 brn|[from] brn
|-damage|p2a: Blastoise|89\/362 tox|[from] psn
|turn|39
|callback|decision
|
|switch|p2a: Roserade|Roserade, F|244\/324
|-damage|p2a: Roserade|190\/324|[from] Spikes
|move|p1a: Roserade|Rest|p1a: Roserade
|-status|p1a: Roserade|slp
|-heal|p1a: Roserade|324\/324 slp|[silent]
|-status|p1a: Roserade|slp|[from] move: Rest
|
|-heal|p2a: Roserade|210\/324|[from] item: Black Sludge
|turn|40
|callback|decision
|
|switch|p1a: Chandelure|Chandelure, M|278\/278
|-damage|p1a: Chandelure|209\/278|[from] Stealth Rock
|move|p2a: Roserade|Spikes|p1a: Chandelure
|-sidestart|p1: BlackPanther10|Spikes
|
|-heal|p2a: Roserade|230\/324|[from] item: Black Sludge
|turn|41
|callback|decision
|
|switch|p2a: Snorlax|Snorlax, F|497\/497
|-damage|p2a: Snorlax|415\/497|[from] Spikes
|move|p1a: Chandelure|Fire Blast|p2a: Snorlax
|-damage|p2a: Snorlax|186\/497
|-damage|p1a: Chandelure|182\/278|[from] item: Life Orb
|
|-heal|p2a: Snorlax|217\/497|[from] item: Leftovers
|turn|42
|callback|decision
|
|move|p1a: Chandelure|Fire Blast|p2a: Snorlax
|-damage|p2a: Snorlax|0 fnt
|-damage|p1a: Chandelure|155\/278|[from] item: Life Orb
|faint|p2a: Snorlax
|
|callback|decision
|
|switch|p2a: Mienshao|Mienshao, F|271\/271
|-damage|p2a: Mienshao|226\/271|[from] Spikes
|turn|43
|callback|decision
|
|switch|p1a: Hitmontop|Hitmontop, M|240\/304 tox
|-damage|p1a: Hitmontop|202\/304 tox|[from] Spikes
|-damage|p1a: Hitmontop|183\/304 tox|[from] Stealth Rock
|-ability|p1a: Hitmontop|Intimidate|[of] p2a: Mienshao
|-unboost|p2a: Mienshao|atk|1
|move|p2a: Mienshao|U-turn|p1a: Hitmontop
|-resisted|p1a: Hitmontop
|-damage|p1a: Hitmontop|164\/304 tox
|callback|decision
|
|switch|p2a: Blastoise|Blastoise, M|89\/362 tox
|-damage|p2a: Blastoise|29\/362 tox|[from] Spikes
|
|-heal|p2a: Blastoise|51\/362 tox|[from] item: Leftovers
|-heal|p1a: Hitmontop|183\/304 tox|[from] item: Leftovers
|-damage|p2a: Blastoise|29\/362 tox|[from] psn
|-damage|p1a: Hitmontop|164\/304 tox|[from] psn
|turn|44
|callback|decision
|
|move|p1a: Hitmontop|Sucker Punch|p2a: Blastoise
|-damage|p2a: Blastoise|0 fnt
|faint|p2a: Blastoise
|
|-heal|p1a: Hitmontop|183\/304 tox|[from] item: Leftovers
|-damage|p1a: Hitmontop|145\/304 tox|[from] psn
|callback|decision
|
|switch|p2a: Mienshao|Mienshao, F|226\/271
|-damage|p2a: Mienshao|181\/271|[from] Spikes
|turn|45
|callback|decision
|
|switch|p1a: Gligar|Gligar, M|260\/334
|-damage|p1a: Gligar|219\/334|[from] Stealth Rock
|move|p2a: Mienshao|Aerial Ace|p1a: Gligar
|-damage|p1a: Gligar|187\/334
|
|turn|46
|callback|decision
|
|move|p2a: Mienshao|Aerial Ace|p1a: Gligar
|-damage|p1a: Gligar|152\/334
|move|p1a: Gligar|Roost|p1a: Gligar
|-heal|p1a: Gligar|319\/334
|
|turn|47
|callback|decision
|
|switch|p2a: Gligar|Gligar, F|260\/334
|move|p1a: Gligar|Toxic|p2a: Gligar
|
|turn|48
|callback|decision
|
|move|p1a: Gligar|Roost|p1a: Gligar
|-heal|p1a: Gligar|334\/334
|move|p2a: Gligar|Earthquake|p1a: Gligar
|-damage|p1a: Gligar|291\/334
|
|turn|49
|callback|decision
|
|move|p1a: Gligar|U-turn|p2a: Gligar
|-resisted|p2a: Gligar
|-damage|p2a: Gligar|251\/334
|callback|decision
|
|switch|p1a: Hitmontop|Hitmontop, M|145\/304 tox
|-damage|p1a: Hitmontop|126\/304 tox|[from] Stealth Rock
|-damage|p1a: Hitmontop|88\/304 tox|[from] Spikes
|-ability|p1a: Hitmontop|Intimidate|[of] p2a: Gligar
|-unboost|p2a: Gligar|atk|1
|move|p2a: Gligar|Roost|p2a: Gligar
|-heal|p2a: Gligar|334\/334
|
|-heal|p1a: Hitmontop|107\/304 tox|[from] item: Leftovers
|-damage|p1a: Hitmontop|88\/304 tox|[from] psn
|turn|50
|callback|decision
|
|move|p2a: Gligar|Earthquake|p1a: Hitmontop
|-damage|p1a: Hitmontop|45\/304 tox
|move|p1a: Hitmontop|Rapid Spin|p2a: Gligar
|-damage|p2a: Gligar|326\/334
|-sideend|p1: BlackPanther10|Spikes|[from] move: Rapid Spin|[of] p1a: Hitmontop
|-sideend|p1: BlackPanther10|Stealth Rock|[from] move: Rapid Spin|[of] p1a: Hitmontop
|
|-heal|p1a: Hitmontop|64\/304 tox|[from] item: Leftovers
|-damage|p1a: Hitmontop|26\/304 tox|[from] psn
|turn|51
|callback|decision
|
|switch|p1a: Roserade|Roserade, M|324\/324
|move|p2a: Gligar|Earthquake|p1a: Roserade
|-damage|p1a: Roserade|215\/324
|
|-heal|p1a: Roserade|235\/324|[from] item: Black Sludge
|turn|52
|callback|decision
|
|move|p1a: Roserade|Spikes|p2a: Gligar
|-sidestart|p2: EchoDjinn|Spikes
|move|p2a: Gligar|Earthquake|p1a: Roserade
|-damage|p1a: Roserade|142\/324
|
|-heal|p1a: Roserade|162\/324|[from] item: Black Sludge
|turn|53
|callback|decision
|
|move|p1a: Roserade|Giga Drain|p2a: Gligar
|-damage|p2a: Gligar|218\/334
|-heal|p1a: Roserade|216\/324|[from] drain|[of] p2a: Gligar
|move|p2a: Gligar|U-turn|p1a: Roserade
|-damage|p1a: Roserade|165\/324
|callback|decision
|
|switch|p2a: Roserade|Roserade, F|230\/324
|-damage|p2a: Roserade|149\/324|[from] Spikes
|
|-heal|p2a: Roserade|169\/324|[from] item: Black Sludge
|-heal|p1a: Roserade|185\/324|[from] item: Black Sludge
|turn|54
|callback|decision
|
|move|p2a: Roserade|Spikes|p1a: Roserade
|-sidestart|p1: BlackPanther10|Spikes
|move|p1a: Roserade|Sludge Bomb|p2a: Roserade
|-damage|p2a: Roserade|78\/324
|
|-heal|p2a: Roserade|98\/324|[from] item: Black Sludge
|-heal|p1a: Roserade|205\/324|[from] item: Black Sludge
|turn|55
|callback|decision
|
|move|p2a: Roserade|Synthesis|p2a: Roserade
|-heal|p2a: Roserade|260\/324
|move|p1a: Roserade|Sludge Bomb|p2a: Roserade
|-damage|p2a: Roserade|155\/324
|
|-heal|p2a: Roserade|175\/324|[from] item: Black Sludge
|-heal|p1a: Roserade|225\/324|[from] item: Black Sludge
|turn|56
|callback|decision
|
|switch|p1a: Chandelure|Chandelure, M|155\/278
|-damage|p1a: Chandelure|121\/278|[from] Spikes
|move|p2a: Roserade|Spikes|p1a: Chandelure
|-sidestart|p1: BlackPanther10|Spikes
|
|-heal|p2a: Roserade|195\/324|[from] item: Black Sludge
|turn|57
|callback|decision
|
|move|p2a: Roserade|Sludge Bomb|p1a: Chandelure
|-resisted|p1a: Chandelure
|-damage|p1a: Chandelure|55\/278
|move|p1a: Chandelure|Fire Blast|p2a: Roserade
|-supereffective|p2a: Roserade
|-damage|p2a: Roserade|0 fnt
|-damage|p1a: Chandelure|28\/278|[from] item: Life Orb
|faint|p2a: Roserade
|
|callback|decision
|
|switch|p2a: Mienshao|Mienshao, F|181\/271
|-damage|p2a: Mienshao|114\/271|[from] Spikes
|turn|58
|callback|decision
|
|move|p2a: Mienshao|Aerial Ace|p1a: Chandelure
|-damage|p1a: Chandelure|0 fnt
|faint|p1a: Chandelure
|
|callback|decision
|
|switch|p1a: Gligar|Gligar, M|291\/334
|turn|59
|callback|decision
|
|switch|p2a: Gligar|Gligar, F|218\/334
|move|p1a: Gligar|Toxic|p2a: Gligar
|
|turn|60
|callback|decision
|
|move|p1a: Gligar|U-turn|p2a: Gligar
|-crit|p2a: Gligar
|-resisted|p2a: Gligar
|-damage|p2a: Gligar|198\/334
|callback|decision
|
|switch|p1a: Roserade|Roserade, M|225\/324
|-damage|p1a: Roserade|171\/324|[from] Spikes
|move|p2a: Gligar|Earthquake|p1a: Roserade
|-damage|p1a: Roserade|8\/324
|
|-heal|p1a: Roserade|28\/324|[from] item: Black Sludge
|turn|61
|callback|decision
|
|move|p1a: Roserade|Rest|p1a: Roserade
|-status|p1a: Roserade|slp
|-heal|p1a: Roserade|324\/324 slp|[silent]
|-status|p1a: Roserade|slp|[from] move: Rest
|move|p2a: Gligar|Earthquake|p1a: Roserade
|-damage|p1a: Roserade|183\/324 slp
|
|-heal|p1a: Roserade|203\/324 slp|[from] item: Black Sludge
|turn|62
|callback|decision
|
|switch|p1a: Gligar|Gligar, M|291\/334
|move|p2a: Gligar|Stealth Rock|p1a: Gligar
|-sidestart|p1: BlackPanther10|move: Stealth Rock
|
|turn|63
|callback|decision
|
|move|p1a: Gligar|U-turn|p2a: Gligar
|-resisted|p2a: Gligar
|-damage|p2a: Gligar|188\/334
|callback|decision
|
|switch|p1a: Krookodile|Krookodile, F|311\/331
|-damage|p1a: Krookodile|291\/331|[from] Stealth Rock
|-damage|p1a: Krookodile|236\/331|[from] Spikes
|move|p2a: Gligar|Roost|p2a: Gligar
|-heal|p2a: Gligar|334\/334
|
|turn|64
|callback|decision
|
|switch|p1a: Gligar|Gligar, M|291\/334
|-damage|p1a: Gligar|250\/334|[from] Stealth Rock
|move|p2a: Gligar|Earthquake|p1a: Gligar
|-immune|p1a: Gligar|[msg]
|
|turn|65
|callback|decision
|
|move|p1a: Gligar|Toxic|p2a: Gligar
|move|p2a: Gligar|Earthquake|p1a: Gligar
|-immune|p1a: Gligar|[msg]
|
|turn|66
|callback|decision
|
|move|p1a: Gligar|Toxic|p2a: Gligar
|move|p2a: Gligar|U-turn|p1a: Gligar
|-resisted|p1a: Gligar
|-damage|p1a: Gligar|239\/334
|callback|decision
|
|switch|p2a: Mienshao|Mienshao, F|114\/271
|-damage|p2a: Mienshao|47\/271|[from] Spikes
|
|turn|67
|callback|decision
|
|move|p2a: Mienshao|Hi Jump Kick|p1a: Gligar
|-resisted|p1a: Gligar
|-damage|p1a: Gligar|175\/334
|move|p1a: Gligar|Earthquake|p2a: Mienshao
|-damage|p2a: Mienshao|0 fnt
|faint|p2a: Mienshao
|
|callback|decision
|-message|EchoDjinn forfeited.
|
|win|BlackPanther10
|raw|Ladder updating...
|raw|BlackPanther10's rating: 1637 &rarr; <strong>1668<\/strong><br \/>(+31 for winning)
|raw|EchoDjinn's rating: 1743 &rarr; <strong>1731<\/strong><br \/>(-12 for losing)
|leave|EchoDjinn
|player|p2