|join|was banned by
|join|EchoDjinn
|player|p1|was banned by|185
|player|p2|EchoDjinn|214
|gametype|singles
|tier|UU
|rated
|rule|Sleep Clause Mod: Limit one foe put to sleep
|rule|Species Clause: Limit one of each Pokemon
|rule|OHKO Clause: OHKO moves are banned
|rule|Moody Clause: Moody is banned
|rule|Evasion Moves Clause: Evasion moves are banned
|rule|HP Percentage Mod: HP is reported as percentages
|rule|Evasion Abilities Clause: Evasion abilities are banned
|clearpoke
|poke|p1|Aerodactyl, F
|poke|p1|Smeargle, F
|poke|p1|Victini
|poke|p1|Pineco, L1, F
|poke|p1|Azumarill, F
|poke|p1|Sableye, F
|poke|p2|Porygon-Z
|poke|p2|Umbreon, F
|poke|p2|Mienshao, M
|poke|p2|Blastoise, M
|poke|p2|Victini
|poke|p2|Gligar, M
|teampreview
|callback|decision
|
|start
|switch|p1a: bulkywater|Aerodactyl, F|301\/301
|switch|p2a: Mienshao|Mienshao, M|271\/271
|-ability|p1a: bulkywater|Unnerve|p2: EchoDjinn
|turn|1
|callback|decision
|
|move|p1a: bulkywater|Protect|p1a: bulkywater
|-singleturn|p1a: bulkywater|Protect
|move|p2a: Mienshao|U-turn|p1a: bulkywater
|-activate|p1a: bulkywater|Protect
|
|turn|2
|callback|decision
|
|move|p2a: Mienshao|U-turn|p1a: bulkywater
|-resisted|p1a: bulkywater
|-damage|p1a: bulkywater|245\/301
|callback|decision
|
|switch|p2a: Blastoise|Blastoise, M|362\/362
|move|p1a: bulkywater|Stealth Rock|p2a: Blastoise
|-sidestart|p2: EchoDjinn|move: Stealth Rock
|
|turn|3
|callback|decision
|
|move|p1a: bulkywater|Taunt|p2a: Blastoise
|-start|p2a: Blastoise|move: Taunt
|cant|p2a: Blastoise|move: Taunt|Toxic
|
|turn|4
|callback|decision
|
|move|p1a: bulkywater|Rock Slide|p2a: Blastoise
|-damage|p2a: Blastoise|278\/362
|move|p2a: Blastoise|Scald|p1a: bulkywater
|-supereffective|p1a: bulkywater
|-damage|p1a: bulkywater|29\/301
|-status|p1a: bulkywater|brn
|
|-heal|p2a: Blastoise|300\/362|[from] item: Leftovers
|-damage|p1a: bulkywater|0 fnt|[from] brn
|faint|p1a: bulkywater
|callback|decision
|
|switch|p1a: choiceuser|Smeargle, F|314\/314
|turn|5
|callback|decision
|
|switch|p2a: Gligar|Gligar, M|334\/334
|-damage|p2a: Gligar|293\/334|[from] Stealth Rock
|move|p1a: choiceuser|Shell Smash|p1a: choiceuser
|-boost|p1a: choiceuser|atk|2
|-boost|p1a: choiceuser|spa|2
|-boost|p1a: choiceuser|spe|2
|-unboost|p1a: choiceuser|def|1
|-unboost|p1a: choiceuser|spd|1
|
|turn|6
|callback|decision
|
|move|p1a: choiceuser|Spore|p2a: Gligar
|-status|p2a: Gligar|slp
|cant|p2a: Gligar|slp
|
|turn|7
|callback|decision
|
|switch|p2a: Blastoise|Blastoise, M|300\/362
|-damage|p2a: Blastoise|255\/362|[from] Stealth Rock
|move|p1a: choiceuser|Baton Pass|p1a: choiceuser
|callback|decision
|
|switch|p1a: suicidelead|Victini|341\/341
|
|-heal|p2a: Blastoise|277\/362|[from] item: Leftovers
|turn|8
|callback|decision
|
|switch|p2a: Umbreon|Umbreon, F|394\/394
|-damage|p2a: Umbreon|345\/394|[from] Stealth Rock
|move|p1a: suicidelead|Bolt Strike|p2a: Umbreon
|-crit|p2a: Umbreon
|-damage|p2a: Umbreon|0 fnt
|-damage|p1a: suicidelead|307\/341|[from] item: Life Orb
|faint|p2a: Umbreon
|
|callback|decision
|
|switch|p2a: Gligar|Gligar, M|293\/334 slp
|-damage|p2a: Gligar|252\/334 slp|[from] Stealth Rock
|turn|9
|callback|decision
|
|move|p1a: suicidelead|Stored Power|p2a: Gligar
|-damage|p2a: Gligar|0 fnt
|-damage|p1a: suicidelead|273\/341|[from] item: Life Orb
|faint|p2a: Gligar
|
|callback|decision
|
|switch|p2a: Porygon-Z|Porygon-Z|311\/311
|-damage|p2a: Porygon-Z|273\/311|[from] Stealth Rock
|turn|10
|callback|decision
|
|move|p1a: suicidelead|Stored Power|p2a: Porygon-Z
|-damage|p2a: Porygon-Z|0 fnt
|-damage|p1a: suicidelead|239\/341|[from] item: Life Orb
|faint|p2a: Porygon-Z
|
|callback|decision
|
|switch|p2a: Mienshao|Mienshao, M|271\/271
|-damage|p2a: Mienshao|255\/271|[from] Stealth Rock
|turn|11
|callback|decision
|
|move|p1a: suicidelead|Stored Power|p2a: Mienshao
|-supereffective|p2a: Mienshao
|-damage|p2a: Mienshao|0 fnt
|-damage|p1a: suicidelead|205\/341|[from] item: Life Orb
|faint|p2a: Mienshao
|
|callback|decision
|
|switch|p2a: Victini|Victini|341\/341
|-damage|p2a: Victini|256\/341|[from] Stealth Rock
|turn|12
|callback|decision
|
|move|p1a: suicidelead|Bolt Strike|p2a: Victini
|-damage|p2a: Victini|0 fnt
|-damage|p1a: suicidelead|171\/341|[from] item: Life Orb
|faint|p2a: Victini
|
|callback|decision
|-message|EchoDjinn forfeited.
|
|win|was banned by
|raw|Ladder updating...
|leave|EchoDjinn
|player|p2