|join|The Big Ragu
|join|Patrick1088
|player|p1|The Big Ragu|126
|player|p2|Patrick1088|266
|gametype|singles
|gen|6
|tier|UU
|rated
|rule|Sleep Clause Mod: Limit one foe put to sleep
|rule|Species Clause: Limit one of each PokÃ©mon
|rule|OHKO Clause: OHKO moves are banned
|rule|Moody Clause: Moody is banned
|rule|Evasion Moves Clause: Evasion moves are banned
|rule|Endless Battle Clause: Forcing endless battles is banned
|rule|HP Percentage Mod: HP is shown in percentages
|clearpoke
|poke|p1|Chesnaught, M
|poke|p1|Blissey, F
|poke|p1|Tentacruel, M
|poke|p1|Arcanine, F
|poke|p1|Krookodile, F
|poke|p1|Jirachi
|poke|p2|Emboar, M
|poke|p2|Alomomola, M
|poke|p2|Shuckle, M
|poke|p2|Froslass, F
|poke|p2|Sharpedo, M
|poke|p2|Serperior, M
|rule|Swagger Clause: Swagger is banned
|rule|Baton Pass Clause: Limit one PokÃ©mon knowing Baton Pass
|teampreview
|
|start
|switch|p1a: Arcanine|Arcanine, F|383\/383
|switch|p2a: Shuckle|Shuckle, M|243\/243
|-ability|p1a: Arcanine|Intimidate|[of] p2a: Shuckle
|-unboost|p2a: Shuckle|atk|1
|turn|1
|
|switch|p1a: Tentacruel|Tentacruel, M|361\/361
|move|p2a: Shuckle|Sticky Web|p1a: Tentacruel
|-sidestart|p1: The Big Ragu|move: Sticky Web
|
|turn|2
|
|switch|p2a: Serperior|Serperior, M|291\/291
|move|p1a: Tentacruel|Knock Off|p2a: Serperior
|-damage|p2a: Serperior|234\/291
|-enditem|p2a: Serperior|Leftovers|[from] move: Knock Off|[of] p1a: Tentacruel
|
|turn|3
|
|switch|p1a: Jirachi|Jirachi|404\/404
|-activate|p1a: Jirachi|move: Sticky Web
|-unboost|p1a: Jirachi|spe|1
|move|p2a: Serperior|Leaf Storm|p1a: Jirachi
|-resisted|p1a: Jirachi
|-damage|p1a: Jirachi|347\/404
|-boost|p2a: Serperior|spa|2
|
|-heal|p1a: Jirachi|372\/404|[from] item: Leftovers
|turn|4
|
|move|p1a: Jirachi|Protect|p1a: Jirachi
|-singleturn|p1a: Jirachi|Protect
|move|p2a: Serperior|Taunt|p1a: Jirachi
|-activate|p1a: Jirachi|Protect
|
|-heal|p1a: Jirachi|397\/404|[from] item: Leftovers
|turn|5
|
|move|p2a: Serperior|Leaf Storm|p1a: Jirachi
|-resisted|p1a: Jirachi
|-damage|p1a: Jirachi|282\/404
|-boost|p2a: Serperior|spa|2
|move|p1a: Jirachi|Iron Head|p2a: Serperior
|-damage|p2a: Serperior|138\/291
|
|-heal|p1a: Jirachi|307\/404|[from] item: Leftovers
|turn|6
|
|move|p1a: Jirachi|Protect|p1a: Jirachi
|-singleturn|p1a: Jirachi|Protect
|move|p2a: Serperior|Leaf Storm|p1a: Jirachi
|-activate|p1a: Jirachi|Protect
|
|-heal|p1a: Jirachi|332\/404|[from] item: Leftovers
|turn|7
|
|move|p2a: Serperior|Leaf Storm|p1a: Jirachi
|-resisted|p1a: Jirachi
|-damage|p1a: Jirachi|150\/404
|-boost|p2a: Serperior|spa|2
|move|p1a: Jirachi|U-turn|p2a: Serperior
|-supereffective|p2a: Serperior
|-damage|p2a: Serperior|26\/291
|
|switch|p1a: Blissey|Blissey, F|714\/714
|-activate|p1a: Blissey|move: Sticky Web
|-unboost|p1a: Blissey|spe|1
|
|turn|8
|
|move|p2a: Serperior|Synthesis|p2a: Serperior
|-heal|p2a: Serperior|171\/291
|move|p1a: Blissey|Seismic Toss|p2a: Serperior
|-damage|p2a: Serperior|71\/291
|
|turn|9
|
|switch|p2a: Froslass|Froslass, F|343\/343
|move|p1a: Blissey|Toxic|p2a: Froslass|[miss]
|-miss|p1a: Blissey|p2a: Froslass
|
|turn|10
|
|switch|p1a: Tentacruel|Tentacruel, M|361\/361
|-activate|p1a: Tentacruel|move: Sticky Web
|-unboost|p1a: Tentacruel|spe|1
|move|p2a: Froslass|Taunt|p1a: Tentacruel
|-start|p1a: Tentacruel|move: Taunt
|
|turn|11
|
|move|p2a: Froslass|Spikes|p1a: Tentacruel
|-sidestart|p1: The Big Ragu|Spikes
|move|p1a: Tentacruel|Knock Off|p2a: Froslass
|-supereffective|p2a: Froslass
|-damage|p2a: Froslass|207\/343
|-enditem|p2a: Froslass|Focus Sash|[from] move: Knock Off|[of] p1a: Tentacruel
|
|turn|12
|
|move|p2a: Froslass|Spikes|p1a: Tentacruel
|-sidestart|p1: The Big Ragu|Spikes
|move|p1a: Tentacruel|Scald|p2a: Froslass
|-damage|p2a: Froslass|101\/343
|
|turn|13
|
|switch|p1a: Arcanine|Arcanine, F|383\/383
|-damage|p1a: Arcanine|320\/383|[from] Spikes
|-activate|p1a: Arcanine|move: Sticky Web
|-unboost|p1a: Arcanine|spe|1
|-ability|p1a: Arcanine|Intimidate|[of] p2a: Froslass
|-unboost|p2a: Froslass|atk|1
|move|p2a: Froslass|Destiny Bond|p2a: Froslass
|-singlemove|p2a: Froslass|Destiny Bond
|
|-heal|p1a: Arcanine|343\/383|[from] item: Leftovers
|turn|14
|
|switch|p2a: Alomomola|Alomomola, M|472\/472
|move|p1a: Arcanine|Will-O-Wisp|p2a: Alomomola
|-status|p2a: Alomomola|brn
|
|-heal|p1a: Arcanine|366\/383|[from] item: Leftovers
|-damage|p2a: Alomomola|413\/472 brn|[from] brn
|turn|15
|
|switch|p1a: Chesnaught|Chesnaught, M|380\/380
|-damage|p1a: Chesnaught|317\/380|[from] Spikes
|-activate|p1a: Chesnaught|move: Sticky Web
|-unboost|p1a: Chesnaught|spe|1
|move|p2a: Alomomola|Wish|p2a: Alomomola
|
|-heal|p2a: Alomomola|442\/472 brn|[from] item: Leftovers
|-heal|p1a: Chesnaught|340\/380|[from] item: Leftovers
|-damage|p2a: Alomomola|383\/472 brn|[from] brn
|turn|16
|
|switch|p2a: Froslass|Froslass, F|101\/343
|move|p1a: Chesnaught|Hammer Arm|p2a: Froslass
|-immune|p2a: Froslass|[msg]
|
|-heal|p2a: Froslass|337\/343|[from] move: Wish|[wisher] Alomomola
|-heal|p1a: Chesnaught|363\/380|[from] item: Leftovers
|turn|17
|
|move|p2a: Froslass|Taunt|p1a: Chesnaught
|-start|p1a: Chesnaught|move: Taunt
|cant|p1a: Chesnaught|move: Taunt|Leech Seed
|
|-heal|p1a: Chesnaught|380\/380|[from] item: Leftovers
|turn|18
|
|switch|p1a: Tentacruel|Tentacruel, M|361\/361
|-damage|p1a: Tentacruel|301\/361|[from] Spikes
|-activate|p1a: Tentacruel|move: Sticky Web
|-unboost|p1a: Tentacruel|spe|1
|move|p2a: Froslass|Spikes|p1a: Tentacruel
|-sidestart|p1: The Big Ragu|Spikes
|
|-heal|p1a: Tentacruel|323\/361|[from] item: Black Sludge
|turn|19
|
|move|p2a: Froslass|Taunt|p1a: Tentacruel
|-start|p1a: Tentacruel|move: Taunt
|move|p1a: Tentacruel|Scald|p2a: Froslass
|-crit|p2a: Froslass
|-damage|p2a: Froslass|166\/343
|
|-heal|p1a: Tentacruel|345\/361|[from] item: Black Sludge
|turn|20
|
|switch|p2a: Emboar|Emboar, M|361\/361
|move|p1a: Tentacruel|Scald|p2a: Emboar
|-supereffective|p2a: Emboar
|-damage|p2a: Emboar|137\/361
|
|-heal|p1a: Tentacruel|361\/361|[from] item: Black Sludge
|turn|21
|
|switch|p1a: Chesnaught|Chesnaught, M|380\/380
|-damage|p1a: Chesnaught|285\/380|[from] Spikes
|-activate|p1a: Chesnaught|move: Sticky Web
|-unboost|p1a: Chesnaught|spe|1
|move|p2a: Emboar|Wild Charge|p1a: Chesnaught
|-resisted|p1a: Chesnaught
|-damage|p1a: Chesnaught|223\/380
|-damage|p2a: Emboar|121\/361|[from] recoil|[of] p1a: Chesnaught
|
|-heal|p1a: Chesnaught|246\/380|[from] item: Leftovers
|turn|22
|
|switch|p2a: Serperior|Serperior, M|71\/291
|move|p1a: Chesnaught|Leech Seed|p2a: Serperior
|-immune|p2a: Serperior|[msg]
|
|-heal|p1a: Chesnaught|269\/380|[from] item: Leftovers
|turn|23
|
|move|p2a: Serperior|Synthesis|p2a: Serperior
|-heal|p2a: Serperior|216\/291
|move|p1a: Chesnaught|Hammer Arm|p2a: Serperior
|-damage|p2a: Serperior|80\/291
|-unboost|p1a: Chesnaught|spe|1
|
|-heal|p1a: Chesnaught|292\/380|[from] item: Leftovers
|turn|24
|
|move|p2a: Serperior|Synthesis|p2a: Serperior
|-heal|p2a: Serperior|225\/291
|move|p1a: Chesnaught|Hammer Arm|p2a: Serperior
|-damage|p2a: Serperior|98\/291
|-unboost|p1a: Chesnaught|spe|1
|
|-heal|p1a: Chesnaught|315\/380|[from] item: Leftovers
|turn|25
|
|switch|p1a: Arcanine|Arcanine, F|366\/383
|-activate|p1a: Arcanine|move: Sticky Web
|-unboost|p1a: Arcanine|spe|1
|-damage|p1a: Arcanine|271\/383|[from] Spikes
|-ability|p1a: Arcanine|Intimidate|[of] p2a: Serperior
|-boost|p2a: Serperior|atk|1
|move|p2a: Serperior|Hidden Power|p1a: Arcanine
|-resisted|p1a: Arcanine
|-damage|p1a: Arcanine|242\/383
|
|-heal|p1a: Arcanine|265\/383|[from] item: Leftovers
|turn|26
|
|switch|p2a: Alomomola|Alomomola, M|472\/472 brn
|move|p1a: Arcanine|Flare Blitz|p2a: Alomomola
|-resisted|p2a: Alomomola
|-damage|p2a: Alomomola|405\/472 brn
|-damage|p1a: Arcanine|243\/383|[from] recoil|[of] p2a: Alomomola
|
|-heal|p2a: Alomomola|434\/472 brn|[from] item: Leftovers
|-heal|p1a: Arcanine|266\/383|[from] item: Leftovers
|-damage|p2a: Alomomola|375\/472 brn|[from] brn
|turn|27
|
|switch|p1a: Tentacruel|Tentacruel, M|361\/361
|-activate|p1a: Tentacruel|move: Sticky Web
|-unboost|p1a: Tentacruel|spe|1
|-damage|p1a: Tentacruel|271\/361|[from] Spikes
|move|p2a: Alomomola|Healing Wish|p2a: Alomomola
|faint|p2a: Alomomola
|
|-heal|p1a: Tentacruel|293\/361|[from] item: Black Sludge
|
|switch|p2a: Emboar|Emboar, M|121\/361
|-heal|p2a: Emboar|361\/361|[from] move: Healing Wish
|turn|28
|
|switch|p2a: Froslass|Froslass, F|166\/343
|switch|p1a: Krookodile|Krookodile, F|394\/394
|-damage|p1a: Krookodile|296\/394|[from] Spikes
|-activate|p1a: Krookodile|move: Sticky Web
|-unboost|p1a: Krookodile|spe|1
|-ability|p1a: Krookodile|Intimidate|[of] p2a: Froslass
|-unboost|p2a: Froslass|atk|1
|
|-heal|p1a: Krookodile|320\/394|[from] item: Leftovers
|turn|29
|
|move|p2a: Froslass|Taunt|p1a: Krookodile
|-start|p1a: Krookodile|move: Taunt
|move|p1a: Krookodile|Knock Off|p2a: Froslass
|-supereffective|p2a: Froslass
|-damage|p2a: Froslass|0 fnt
|faint|p2a: Froslass
|
|-heal|p1a: Krookodile|344\/394|[from] item: Leftovers
|
|switch|p2a: Serperior|Serperior, M|98\/291
|turn|30
|
|switch|p1a: Jirachi|Jirachi|150\/404
|-damage|p1a: Jirachi|49\/404|[from] Spikes
|-activate|p1a: Jirachi|move: Sticky Web
|-unboost|p1a: Jirachi|spe|1
|move|p2a: Serperior|Leaf Storm|p1a: Jirachi
|-resisted|p1a: Jirachi
|-damage|p1a: Jirachi|0 fnt
|-boost|p2a: Serperior|spa|2
|faint|p1a: Jirachi
|
|
|switch|p1a: Blissey|Blissey, F|714\/714
|-damage|p1a: Blissey|536\/714|[from] Spikes
|-activate|p1a: Blissey|move: Sticky Web
|-unboost|p1a: Blissey|spe|1
|turn|31
|
|move|p2a: Serperior|Synthesis|p2a: Serperior
|-heal|p2a: Serperior|243\/291
|move|p1a: Blissey|Seismic Toss|p2a: Serperior
|-damage|p2a: Serperior|143\/291
|
|-heal|p1a: Blissey|580\/714|[from] item: Leftovers
|turn|32
|
|move|p2a: Serperior|Taunt|p1a: Blissey
|-start|p1a: Blissey|move: Taunt
|cant|p1a: Blissey|move: Taunt|Toxic
|
|-heal|p1a: Blissey|624\/714|[from] item: Leftovers
|turn|33
|
|move|p2a: Serperior|Leaf Storm|p1a: Blissey
|-crit|p1a: Blissey
|-damage|p1a: Blissey|255\/714
|-boost|p2a: Serperior|spa|2
|move|p1a: Blissey|Seismic Toss|p2a: Serperior
|-damage|p2a: Serperior|43\/291
|
|-heal|p1a: Blissey|299\/714|[from] item: Leftovers
|turn|34
|
|move|p2a: Serperior|Leaf Storm|p1a: Blissey
|-damage|p1a: Blissey|0 fnt
|-boost|p2a: Serperior|spa|2
|faint|p1a: Blissey
|
|-message|The Big Ragu forfeited.
|leave|The Big Ragu
|
|win|Patrick1088
|raw|Ladder updating...
|raw|The Big Ragu's rating: 1408 &rarr; <strong>1391<\/strong><br \/>(-17 for losing)
|raw|Patrick1088's rating: 1452 &rarr; <strong>1470<\/strong><br \/>(+18 for winning)
|player|p1