|join|BFoxy
|join|roast toast
|player|p1|BFoxy|172
|player|p2|roast toast|212
|gametype|singles
|gen|6
|tier|UU
|rated
|rule|Sleep Clause Mod: Limit one foe put to sleep
|rule|Species Clause: Limit one of each PokÃ©mon
|rule|OHKO Clause: OHKO moves are banned
|rule|Moody Clause: Moody is banned
|rule|Evasion Moves Clause: Evasion moves are banned
|rule|Endless Battle Clause: Forcing endless battles is banned
|rule|HP Percentage Mod: HP is shown in percentages
|clearpoke
|poke|p1|Jellicent, M
|poke|p1|Zygarde
|poke|p1|Aggron, F
|poke|p1|Blissey, F
|poke|p1|Forretress, M, shiny
|poke|p1|Aromatisse, F
|poke|p2|Diggersby, M
|poke|p2|Darmanitan, F
|poke|p2|Hydreigon, F
|poke|p2|Jirachi
|poke|p2|Azelf
|poke|p2|Celebi
|rule|Swagger Clause: Swagger is banned
|rule|Baton Pass Clause: Limit one PokÃ©mon knowing Baton Pass
|teampreview
|
|start
|switch|p1a: Aggron|Aggron, F|344\/344
|switch|p2a: Azelf|Azelf|292\/292
|turn|1
|
|detailschange|p1a: Aggron|Aggron-Mega, F
|message|Aggron has Mega Evolved into Mega Aggron!
|move|p2a: Azelf|Taunt|p1a: Aggron
|-start|p1a: Aggron|move: Taunt
|move|p1a: Aggron|Heavy Slam|p2a: Azelf
|-damage|p2a: Azelf|21\/292
|
|turn|2
|
|move|p2a: Azelf|Stealth Rock|p1a: Aggron
|-sidestart|p1: BFoxy|move: Stealth Rock
|move|p1a: Aggron|Heavy Slam|p2a: Azelf
|-damage|p2a: Azelf|0 fnt
|faint|p2a: Azelf
|
|
|switch|p2a: Darmanitan|Darmanitan, F|351\/351
|turn|3
|
|move|p2a: Darmanitan|Flare Blitz|p1a: Aggron
|-supereffective|p1a: Aggron
|-damage|p1a: Aggron|14\/344
|-damage|p2a: Darmanitan|242\/351|[from] recoil|[of] p1a: Aggron
|move|p1a: Aggron|Metal Burst|p2a: Darmanitan
|-damage|p2a: Darmanitan|0 fnt
|faint|p2a: Darmanitan
|
|-end|p1a: Aggron|move: Taunt
|
|switch|p2a: Hydreigon|Hydreigon, F|325\/325
|turn|4
|
|move|p2a: Hydreigon|U-turn|p1a: Aggron
|-resisted|p1a: Aggron
|-damage|p1a: Aggron|2\/344
|c|âroast toast|;o;
|
|switch|p2a: Jirachi|Jirachi|341\/341
|move|p1a: Aggron|Stealth Rock|p2a: Jirachi
|-sidestart|p2: roast toast|move: Stealth Rock
|
|turn|5
|
|move|p2a: Jirachi|Iron Head|p1a: Aggron
|-resisted|p1a: Aggron
|-damage|p1a: Aggron|0 fnt
|faint|p1a: Aggron
|
|
|switch|p1a: Pringles|Jellicent, M|403\/403
|-damage|p1a: Pringles|353\/403|[from] Stealth Rock
|turn|6
|
|move|p2a: Jirachi|U-turn|p1a: Pringles
|-resisted|p1a: Pringles
|-damage|p1a: Pringles|318\/403
|
|switch|p2a: Celebi|Celebi|403\/403
|-damage|p2a: Celebi|353\/403|[from] Stealth Rock
|move|p1a: Pringles|Will-O-Wisp|p2a: Celebi
|-status|p2a: Celebi|brn
|
|-heal|p1a: Pringles|343\/403|[from] item: Leftovers
|-damage|p2a: Celebi|303\/403 brn|[from] brn
|turn|7
|
|switch|p2a: Hydreigon|Hydreigon, F|325\/325
|-damage|p2a: Hydreigon|285\/325|[from] Stealth Rock
|switch|p1a: Walnut|Forretress, M, shiny|312\/312
|-damage|p1a: Walnut|273\/312|[from] Stealth Rock
|
|-heal|p1a: Walnut|292\/312|[from] item: Leftovers
|turn|8
|
|switch|p1a: Gooch|Aromatisse, F|405\/405
|-damage|p1a: Gooch|355\/405|[from] Stealth Rock
|move|p2a: Hydreigon|Flamethrower|p1a: Gooch
|-damage|p1a: Gooch|231\/405
|
|-heal|p1a: Gooch|256\/405|[from] item: Leftovers
|turn|9
|
|switch|p2a: Jirachi|Jirachi|341\/341
|-damage|p2a: Jirachi|320\/341|[from] Stealth Rock
|move|p1a: Gooch|Wish|p1a: Gooch
|
|-heal|p2a: Jirachi|341\/341|[from] item: Leftovers
|-heal|p1a: Gooch|281\/405|[from] item: Leftovers
|turn|10
|
|switch|p1a: Pringles|Jellicent, M|343\/403
|-damage|p1a: Pringles|293\/403|[from] Stealth Rock
|move|p2a: Jirachi|U-turn|p1a: Pringles
|-resisted|p1a: Pringles
|-damage|p1a: Pringles|261\/403
|
|switch|p2a: Celebi|Celebi|303\/403
|-damage|p2a: Celebi|253\/403|[from] Stealth Rock
|
|-heal|p1a: Pringles|403\/403|[from] move: Wish|[wisher] Gooch
|turn|11
|
|switch|p1a: Walnut|Forretress, M, shiny|292\/312
|-damage|p1a: Walnut|253\/312|[from] Stealth Rock
|move|p2a: Celebi|Swords Dance|p2a: Celebi
|-boost|p2a: Celebi|atk|2
|
|-heal|p1a: Walnut|272\/312|[from] item: Leftovers
|turn|12
|
|move|p2a: Celebi|Baton Pass|p2a: Celebi
|
|switch|p2a: Diggersby|Diggersby, M|311\/311
|-damage|p2a: Diggersby|292\/311|[from] Stealth Rock
|move|p1a: Walnut|Toxic|p2a: Diggersby
|-status|p2a: Diggersby|tox
|
|-heal|p1a: Walnut|291\/312|[from] item: Leftovers
|-damage|p2a: Diggersby|273\/311 tox|[from] psn
|turn|13
|
|move|p2a: Diggersby|Earthquake|p1a: Walnut
|-damage|p1a: Walnut|0 fnt
|-damage|p2a: Diggersby|242\/311 tox|[from] item: Life Orb
|faint|p1a: Walnut
|
|-damage|p2a: Diggersby|204\/311 tox|[from] psn
|
|switch|p1a: Terramorphous|Zygarde|404\/404
|-damage|p1a: Terramorphous|379\/404|[from] Stealth Rock
|-ability|p1a: Terramorphous|Aura Break
|turn|14
|
|move|p1a: Terramorphous|Earthquake|p2a: Diggersby
|-damage|p2a: Diggersby|45\/311 tox
|move|p2a: Diggersby|Frustration|p1a: Terramorphous
|-damage|p1a: Terramorphous|0 fnt
|-damage|p2a: Diggersby|14\/311 tox|[from] item: Life Orb
|faint|p1a: Terramorphous
|
|-damage|p2a: Diggersby|0 fnt|[from] psn
|faint|p2a: Diggersby
|
|switch|p2a: Celebi|Celebi|253\/403
|-damage|p2a: Celebi|203\/403|[from] Stealth Rock
|switch|p1a: Pringles|Jellicent, M|403\/403
|-damage|p1a: Pringles|353\/403|[from] Stealth Rock
|turn|15
|
|move|p2a: Celebi|Recover|p2a: Celebi
|-heal|p2a: Celebi|403\/403
|move|p1a: Pringles|Will-O-Wisp|p2a: Celebi
|-status|p2a: Celebi|brn
|
|-heal|p1a: Pringles|378\/403|[from] item: Leftovers
|-damage|p2a: Celebi|353\/403 brn|[from] brn
|turn|16
|
|switch|p2a: Hydreigon|Hydreigon, F|285\/325
|-damage|p2a: Hydreigon|245\/325|[from] Stealth Rock
|move|p1a: Pringles|Will-O-Wisp|p2a: Hydreigon
|-status|p2a: Hydreigon|brn
|
|-heal|p1a: Pringles|403\/403|[from] item: Leftovers
|-damage|p2a: Hydreigon|205\/325 brn|[from] brn
|turn|17
|
|switch|p1a: Gooch|Aromatisse, F|281\/405
|-damage|p1a: Gooch|231\/405|[from] Stealth Rock
|move|p2a: Hydreigon|U-turn|p1a: Gooch
|-resisted|p1a: Gooch
|-damage|p1a: Gooch|220\/405
|
|switch|p2a: Celebi|Celebi|353\/403
|-damage|p2a: Celebi|303\/403|[from] Stealth Rock
|
|-heal|p1a: Gooch|245\/405|[from] item: Leftovers
|turn|18
|
|switch|p1a: Pringles|Jellicent, M|403\/403
|-damage|p1a: Pringles|353\/403|[from] Stealth Rock
|move|p2a: Celebi|Swords Dance|p2a: Celebi
|-boost|p2a: Celebi|atk|2
|
|-heal|p1a: Pringles|378\/403|[from] item: Leftovers
|turn|19
|
|move|p2a: Celebi|Seed Bomb|p1a: Pringles
|-supereffective|p1a: Pringles
|-damage|p1a: Pringles|10\/403
|move|p1a: Pringles|Will-O-Wisp|p2a: Celebi|[miss]
|-miss|p1a: Pringles|p2a: Celebi
|
|-heal|p1a: Pringles|35\/403|[from] item: Leftovers
|turn|20
|
|move|p2a: Celebi|Seed Bomb|p1a: Pringles
|-supereffective|p1a: Pringles
|-damage|p1a: Pringles|0 fnt
|faint|p1a: Pringles
|
|
|switch|p1a: Teen Mom|Blissey, F|714\/714
|-damage|p1a: Teen Mom|625\/714|[from] Stealth Rock
|turn|21
|
|move|p2a: Celebi|Seed Bomb|p1a: Teen Mom
|-crit|p1a: Teen Mom
|-damage|p1a: Teen Mom|130\/714
|move|p1a: Teen Mom|Counter|p2a: Celebi
|-damage|p2a: Celebi|0 fnt
|faint|p2a: Celebi
|
|-heal|p1a: Teen Mom|174\/714|[from] item: Leftovers
|c|âBFoxy|will o miss cost me the gtame
|c|âroast toast|lol
|
|switch|p2a: Jirachi|Jirachi|341\/341
|-damage|p2a: Jirachi|320\/341|[from] Stealth Rock
|turn|22
|c|âroast toast|hint
|c|âroast toast|it didn't
|
|move|p1a: Teen Mom|Protect|p1a: Teen Mom
|-singleturn|p1a: Teen Mom|Protect
|move|p2a: Jirachi|Iron Head|p1a: Teen Mom
|-activate|p1a: Teen Mom|Protect
|
|-heal|p2a: Jirachi|341\/341|[from] item: Leftovers
|-heal|p1a: Teen Mom|218\/714|[from] item: Leftovers
|turn|23
|c|âBFoxy|bliss could stall out both hydra and rachi if seed bomb didnt crit
|c|âBFoxy|you would have had to rely on flinching me which let's face it is a scrub strategy
|
|move|p2a: Jirachi|Iron Head|p1a: Teen Mom
|-damage|p1a: Teen Mom|8\/714
|move|p1a: Teen Mom|Counter|p2a: Jirachi
|-damage|p2a: Jirachi|0 fnt
|faint|p2a: Jirachi
|
|-heal|p1a: Teen Mom|52\/714|[from] item: Leftovers
|c|âroast toast|>natural cure
|
|switch|p2a: Hydreigon|Hydreigon, F|205\/325 brn
|-damage|p2a: Hydreigon|165\/325 brn|[from] Stealth Rock
|turn|24
|c|âroast toast|kek
|-message|roast toast forfeited.
|
|win|BFoxy
|raw|Ladder updating...
|raw|BFoxy's rating: 1601 &rarr; <strong>1614<\/strong><br \/>(+13 for winning)
|raw|roast toast's rating: 1463 &rarr; <strong>1450<\/strong><br \/>(-13 for losing)