|join|BFoxy
|join|Heraboss44
|player|p1|BFoxy|172
|player|p2|Heraboss44|127
|gametype|singles
|gen|6
|tier|UU
|rated
|rule|Sleep Clause Mod: Limit one foe put to sleep
|rule|Species Clause: Limit one of each PokÃ©mon
|rule|OHKO Clause: OHKO moves are banned
|rule|Moody Clause: Moody is banned
|rule|Evasion Moves Clause: Evasion moves are banned
|rule|Endless Battle Clause: Forcing endless battles is banned
|rule|HP Percentage Mod: HP is shown in percentages
|clearpoke
|poke|p1|Alakazam, M
|poke|p1|Arcanine, M
|poke|p1|Florges, F
|poke|p1|Doublade, F
|poke|p1|Hitmonlee, M
|poke|p1|Jirachi
|poke|p2|Jirachi
|poke|p2|Zygarde
|poke|p2|Suicune
|poke|p2|Aerodactyl, F
|poke|p2|Machamp, M
|poke|p2|Roserade, M
|rule|Swagger Clause: Swagger is banned
|rule|Baton Pass Clause: Limit one PokÃ©mon knowing Baton Pass
|teampreview
|
|start
|switch|p1a: Stardust|Jirachi|341\/341
|switch|p2a: Aerodactyl|Aerodactyl, F|301\/301
|turn|1
|
|switch|p2a: Suicune|Suicune|404\/404
|-ability|p2a: Suicune|Pressure
|move|p1a: Stardust|Stealth Rock|p2a: Suicune
|-sidestart|p2: Heraboss44|move: Stealth Rock
|
|turn|2
|
|move|p1a: Stardust|Energy Ball|p2a: Suicune
|-supereffective|p2a: Suicune
|-damage|p2a: Suicune|198\/404
|-unboost|p2a: Suicune|spd|1
|move|p2a: Suicune|Calm Mind|p2a: Suicune
|-boost|p2a: Suicune|spa|1
|-boost|p2a: Suicune|spd|1
|
|-heal|p2a: Suicune|223\/404|[from] item: Leftovers
|turn|3
|
|switch|p2a: Jirachi|Jirachi|397\/397
|-damage|p2a: Jirachi|373\/397|[from] Stealth Rock
|move|p1a: Stardust|Energy Ball|p2a: Jirachi
|-resisted|p2a: Jirachi
|-damage|p2a: Jirachi|331\/397
|
|-heal|p2a: Jirachi|355\/397|[from] item: Leftovers
|turn|4
|
|switch|p1a: Lionheart|Arcanine, M|383\/383
|-ability|p1a: Lionheart|Intimidate|[of] p2a: Jirachi
|-unboost|p2a: Jirachi|atk|1
|move|p2a: Jirachi|Body Slam|p1a: Lionheart
|-crit|p1a: Lionheart
|-damage|p1a: Lionheart|274\/383
|-damage|p2a: Jirachi|289\/397|[from] item: Rocky Helmet|[of] p1a: Lionheart
|
|-heal|p2a: Jirachi|313\/397|[from] item: Leftovers
|turn|5
|
|switch|p2a: Suicune|Suicune|223\/404
|-damage|p2a: Suicune|173\/404|[from] Stealth Rock
|-ability|p2a: Suicune|Pressure
|switch|p1a: Stardust|Jirachi|341\/341
|
|-heal|p2a: Suicune|198\/404|[from] item: Leftovers
|turn|6
|
|move|p1a: Stardust|Energy Ball|p2a: Suicune
|-supereffective|p2a: Suicune
|-damage|p2a: Suicune|23\/404
|move|p2a: Suicune|Rest|p2a: Suicune
|-status|p2a: Suicune|slp
|-heal|p2a: Suicune|404\/404 slp|[silent]
|-status|p2a: Suicune|slp|[from] move: Rest
|
|turn|7
|
|switch|p2a: Jirachi|Jirachi|313\/397
|-damage|p2a: Jirachi|289\/397|[from] Stealth Rock
|move|p1a: Stardust|Energy Ball|p2a: Jirachi
|-resisted|p2a: Jirachi
|-damage|p2a: Jirachi|246\/397
|
|-heal|p2a: Jirachi|270\/397|[from] item: Leftovers
|turn|8
|
|switch|p1a: Lionheart|Arcanine, M|274\/383
|-ability|p1a: Lionheart|Intimidate|[of] p2a: Jirachi
|-unboost|p2a: Jirachi|atk|1
|move|p2a: Jirachi|Stealth Rock|p1a: Lionheart
|-sidestart|p1: BFoxy|move: Stealth Rock
|
|-heal|p2a: Jirachi|294\/397|[from] item: Leftovers
|turn|9
|
|switch|p1a: Mad Dog|Hitmonlee, M|304\/304
|-damage|p1a: Mad Dog|285\/304|[from] Stealth Rock
|move|p2a: Jirachi|Body Slam|p1a: Mad Dog
|-damage|p1a: Mad Dog|178\/304
|
|-heal|p2a: Jirachi|318\/397|[from] item: Leftovers
|turn|10
|
|move|p2a: Jirachi|Body Slam|p1a: Mad Dog
|-damage|p1a: Mad Dog|67\/304
|move|p1a: Mad Dog|Knock Off|p2a: Jirachi
|-supereffective|p2a: Jirachi
|-damage|p2a: Jirachi|80\/397
|-enditem|p2a: Jirachi|Leftovers|[from] move: Knock Off|[of] p1a: Mad Dog
|
|turn|11
|
|switch|p1a: Lionheart|Arcanine, M|274\/383
|-damage|p1a: Lionheart|179\/383|[from] Stealth Rock
|-ability|p1a: Lionheart|Intimidate|[of] p2a: Jirachi
|-unboost|p2a: Jirachi|atk|1
|move|p2a: Jirachi|Body Slam|p1a: Lionheart
|-damage|p1a: Lionheart|139\/383
|-damage|p2a: Jirachi|14\/397|[from] item: Rocky Helmet|[of] p1a: Lionheart
|
|turn|12
|
|move|p2a: Jirachi|Body Slam|p1a: Lionheart
|-damage|p1a: Lionheart|103\/383
|-damage|p2a: Jirachi|0 fnt|[from] item: Rocky Helmet|[of] p1a: Lionheart
|faint|p2a: Jirachi
|move|p1a: Lionheart|Morning Sun|p1a: Lionheart
|-heal|p1a: Lionheart|294\/383
|
|c|âHeraboss44|that was 5 60% chances missed
|
|switch|p2a: Aerodactyl|Aerodactyl, F|301\/301
|-damage|p2a: Aerodactyl|226\/301|[from] Stealth Rock
|turn|13
|c|âBFoxy|no it wasnt
|c|âHeraboss44|nvm 4
|c|âHeraboss44|i used body slam 4 times in battle lol
|
|detailschange|p2a: Aerodactyl|Aerodactyl-Mega, F
|-mega|p2a: Aerodactyl|Aerodactyl|Aerodactylite
|move|p2a: Aerodactyl|Stone Edge|p1a: Lionheart|[miss]
|-miss|p2a: Aerodactyl|p1a: Lionheart
|move|p1a: Lionheart|Will-O-Wisp|p2a: Aerodactyl
|-status|p2a: Aerodactyl|brn
|
|-damage|p2a: Aerodactyl|189\/301 brn|[from] brn
|turn|14
|c|âBFoxy|limber...
|
|switch|p1a: Stardust|Jirachi|341\/341
|-damage|p1a: Stardust|320\/341|[from] Stealth Rock
|move|p2a: Aerodactyl|Stone Edge|p1a: Stardust
|-resisted|p1a: Stardust
|-damage|p1a: Stardust|276\/341
|
|-damage|p2a: Aerodactyl|152\/301 brn|[from] brn
|turn|15
|c|âHeraboss44|oh lol
|
|move|p2a: Aerodactyl|Earthquake|p1a: Stardust
|-supereffective|p1a: Stardust
|-damage|p1a: Stardust|146\/341
|move|p1a: Stardust|Psychic|p2a: Aerodactyl
|-damage|p2a: Aerodactyl|22\/301 brn
|
|-damage|p2a: Aerodactyl|0 fnt|[from] brn
|faint|p2a: Aerodactyl
|
|switch|p2a: Zygarde|Zygarde|357\/357
|-damage|p2a: Zygarde|335\/357|[from] Stealth Rock
|-ability|p2a: Zygarde|Aura Break
|turn|16
|
|switch|p1a: Freya|Florges, F|360\/360
|-damage|p1a: Freya|315\/360|[from] Stealth Rock
|move|p2a: Zygarde|Dragon Dance|p2a: Zygarde
|-boost|p2a: Zygarde|atk|1
|-boost|p2a: Zygarde|spe|1
|
|-heal|p1a: Freya|337\/360|[from] item: Leftovers
|turn|17
|
|move|p2a: Zygarde|Earthquake|p1a: Freya
|-damage|p1a: Freya|71\/360
|-damage|p2a: Zygarde|300\/357|[from] item: Life Orb
|move|p1a: Freya|Moonblast|p2a: Zygarde
|-supereffective|p2a: Zygarde
|-damage|p2a: Zygarde|52\/357
|-unboost|p2a: Zygarde|spa|1
|
|-heal|p1a: Freya|93\/360|[from] item: Leftovers
|turn|18
|
|move|p2a: Zygarde|Earthquake|p1a: Freya
|-damage|p1a: Freya|0 fnt
|-damage|p2a: Zygarde|17\/357|[from] item: Life Orb
|faint|p1a: Freya
|
|
|switch|p1a: Venetia Shield|Doublade, F|322\/322
|-damage|p1a: Venetia Shield|302\/322|[from] Stealth Rock
|turn|19
|
|move|p1a: Venetia Shield|Shadow Sneak|p2a: Zygarde
|-damage|p2a: Zygarde|0 fnt
|faint|p2a: Zygarde
|
|
|switch|p2a: Suicune|Suicune|404\/404 slp
|-damage|p2a: Suicune|354\/404 slp|[from] Stealth Rock
|-ability|p2a: Suicune|Pressure
|turn|20
|
|cant|p2a: Suicune|slp
|move|p2a: Suicune|Sleep Talk|p2a: Suicune
|move|p2a: Suicune|Rest|p2a: Suicune|[from]Sleep Talk
|-fail|p2a: Suicune
|move|p1a: Venetia Shield|Swords Dance|p1a: Venetia Shield
|-boost|p1a: Venetia Shield|atk|2
|
|-heal|p2a: Suicune|379\/404 slp|[from] item: Leftovers
|turn|21
|
|cant|p2a: Suicune|slp
|move|p2a: Suicune|Sleep Talk|p2a: Suicune
|move|p2a: Suicune|Calm Mind|p2a: Suicune|[from]Sleep Talk
|-boost|p2a: Suicune|spa|1
|-boost|p2a: Suicune|spd|1
|move|p1a: Venetia Shield|Sacred Sword|p2a: Suicune
|-damage|p2a: Suicune|237\/404 slp
|
|-heal|p2a: Suicune|262\/404 slp|[from] item: Leftovers
|turn|22
|
|-curestatus|p2a: Suicune|slp
|move|p2a: Suicune|Scald|p1a: Venetia Shield
|-damage|p1a: Venetia Shield|143\/322
|-status|p1a: Venetia Shield|brn
|move|p1a: Venetia Shield|Sacred Sword|p2a: Suicune
|-damage|p2a: Suicune|199\/404
|
|-heal|p2a: Suicune|224\/404|[from] item: Leftovers
|-damage|p1a: Venetia Shield|103\/322 brn|[from] brn
|turn|23
|c|âBFoxy|every fucking time
|
|move|p2a: Suicune|Calm Mind|p2a: Suicune
|-boost|p2a: Suicune|spa|1
|-boost|p2a: Suicune|spd|1
|move|p1a: Venetia Shield|Swords Dance|p1a: Venetia Shield
|-boost|p1a: Venetia Shield|atk|2
|
|-heal|p2a: Suicune|249\/404|[from] item: Leftovers
|-damage|p1a: Venetia Shield|63\/322 brn|[from] brn
|turn|24
|
|move|p1a: Venetia Shield|Shadow Sneak|p2a: Suicune
|-damage|p2a: Suicune|186\/404
|move|p2a: Suicune|Scald|p1a: Venetia Shield
|-damage|p1a: Venetia Shield|0 fnt
|faint|p1a: Venetia Shield
|
|-heal|p2a: Suicune|211\/404|[from] item: Leftovers
|
|switch|p1a: Hagen-Dazs|Alakazam, M|251\/251
|turn|25
|
|detailschange|p1a: Hagen-Dazs|Alakazam-Mega, M
|-mega|p1a: Hagen-Dazs|Alakazam|Alakazite
|-ability|p1a: Hagen-Dazs|Pressure|[from] ability: Trace|[of] p2a: Suicune
|-ability|p1a: Hagen-Dazs|Pressure
|move|p1a: Hagen-Dazs|Psyshock|p2a: Suicune
|-damage|p2a: Suicune|85\/404
|move|p2a: Suicune|Rest|p2a: Suicune
|-status|p2a: Suicune|slp
|-heal|p2a: Suicune|404\/404 slp|[silent]
|-status|p2a: Suicune|slp|[from] move: Rest
|
|turn|26
|
|move|p1a: Hagen-Dazs|Psyshock|p2a: Suicune
|-damage|p2a: Suicune|278\/404 slp
|cant|p2a: Suicune|slp
|move|p2a: Suicune|Sleep Talk|p2a: Suicune
|move|p2a: Suicune|Calm Mind|p2a: Suicune|[from]Sleep Talk
|-boost|p2a: Suicune|spa|1
|-boost|p2a: Suicune|spd|1
|
|-heal|p2a: Suicune|303\/404 slp|[from] item: Leftovers
|turn|27
|
|move|p1a: Hagen-Dazs|Psyshock|p2a: Suicune
|-damage|p2a: Suicune|165\/404 slp
|cant|p2a: Suicune|slp
|move|p2a: Suicune|Sleep Talk|p2a: Suicune
|move|p2a: Suicune|Rest|p2a: Suicune|[from]Sleep Talk
|-fail|p2a: Suicune
|
|-heal|p2a: Suicune|190\/404 slp|[from] item: Leftovers
|turn|28
|
|move|p1a: Hagen-Dazs|Psyshock|p2a: Suicune
|-damage|p2a: Suicune|63\/404 slp
|-curestatus|p2a: Suicune|slp
|move|p2a: Suicune|Rest|p2a: Suicune
|-status|p2a: Suicune|slp
|-heal|p2a: Suicune|404\/404 slp|[silent]
|-status|p2a: Suicune|slp|[from] move: Rest
|
|turn|29
|
|move|p1a: Hagen-Dazs|Psyshock|p2a: Suicune
|-damage|p2a: Suicune|272\/404 slp
|cant|p2a: Suicune|slp
|move|p2a: Suicune|Sleep Talk|p2a: Suicune
|move|p2a: Suicune|Calm Mind|p2a: Suicune|[from]Sleep Talk
|-boost|p2a: Suicune|spa|1
|-boost|p2a: Suicune|spd|1
|
|-heal|p2a: Suicune|297\/404 slp|[from] item: Leftovers
|turn|30
|
|move|p1a: Hagen-Dazs|Psyshock|p2a: Suicune
|-damage|p2a: Suicune|173\/404 slp
|cant|p2a: Suicune|slp
|move|p2a: Suicune|Sleep Talk|p2a: Suicune
|move|p2a: Suicune|Scald|p1a: Hagen-Dazs|[from]Sleep Talk
|-damage|p1a: Hagen-Dazs|0 fnt
|faint|p1a: Hagen-Dazs
|
|-heal|p2a: Suicune|198\/404 slp|[from] item: Leftovers
|
|switch|p1a: Mad Dog|Hitmonlee, M|67\/304
|-damage|p1a: Mad Dog|48\/304|[from] Stealth Rock
|turn|31
|
|move|p1a: Mad Dog|Knock Off|p2a: Suicune
|-damage|p2a: Suicune|119\/404 slp
|-enditem|p2a: Suicune|Leftovers|[from] move: Knock Off|[of] p1a: Mad Dog
|-curestatus|p2a: Suicune|slp
|move|p2a: Suicune|Rest|p2a: Suicune
|-status|p2a: Suicune|slp
|-heal|p2a: Suicune|404\/404 slp|[silent]
|-status|p2a: Suicune|slp|[from] move: Rest
|
|turn|32
|
|move|p1a: Mad Dog|High Jump Kick|p2a: Suicune
|-damage|p2a: Suicune|260\/404 slp
|cant|p2a: Suicune|slp
|move|p2a: Suicune|Sleep Talk|p2a: Suicune
|move|p2a: Suicune|Rest|p2a: Suicune|[from]Sleep Talk
|-fail|p2a: Suicune
|
|turn|33
|
|move|p1a: Mad Dog|High Jump Kick|p2a: Suicune
|-damage|p2a: Suicune|112\/404 slp
|cant|p2a: Suicune|slp
|move|p2a: Suicune|Sleep Talk|p2a: Suicune
|move|p2a: Suicune|Rest|p2a: Suicune|[from]Sleep Talk
|-fail|p2a: Suicune
|
|turn|34
|
|move|p1a: Mad Dog|High Jump Kick|p2a: Suicune
|-damage|p2a: Suicune|0 fnt
|faint|p2a: Suicune
|
|
|switch|p2a: Roserade|Roserade, M|261\/261
|-damage|p2a: Roserade|229\/261|[from] Stealth Rock
|turn|35
|
|move|p2a: Roserade|Hidden Power|p1a: Mad Dog
|-damage|p1a: Mad Dog|0 fnt
|-damage|p2a: Roserade|203\/261|[from] item: Life Orb
|faint|p1a: Mad Dog
|
|
|switch|p1a: Stardust|Jirachi|146\/341
|-damage|p1a: Stardust|125\/341|[from] Stealth Rock
|turn|36
|
|move|p1a: Stardust|Psychic|p2a: Roserade
|-supereffective|p2a: Roserade
|-damage|p2a: Roserade|0 fnt
|faint|p2a: Roserade
|
|
|switch|p2a: Machamp|Machamp, M|364\/364
|-damage|p2a: Machamp|342\/364|[from] Stealth Rock
|turn|37
|c|âHeraboss44|are you specs?
|
|move|p1a: Stardust|Psychic|p2a: Machamp
|-supereffective|p2a: Machamp
|-damage|p2a: Machamp|97\/364
|move|p2a: Machamp|Knock Off|p1a: Stardust
|-supereffective|p1a: Stardust
|-damage|p1a: Stardust|0 fnt
|-enditem|p1a: Stardust|Expert Belt|[from] move: Knock Off|[of] p2a: Machamp
|faint|p1a: Stardust
|
|
|switch|p1a: Lionheart|Arcanine, M|294\/383
|-damage|p1a: Lionheart|199\/383|[from] Stealth Rock
|-ability|p1a: Lionheart|Intimidate|[of] p2a: Machamp
|-unboost|p2a: Machamp|atk|1
|turn|38
|c|âHeraboss44|gg
|
|move|p1a: Lionheart|Flare Blitz|p2a: Machamp
|-damage|p2a: Machamp|0 fnt
|-damage|p1a: Lionheart|167\/383|[from] recoil|[of] p2a: Machamp
|faint|p2a: Machamp
|
|win|BFoxy
|raw|Ladder updating...
|c|âBFoxy|gg
|raw|BFoxy's rating: 1467 &rarr; <strong>1484<\/strong><br \/>(+17 for winning)
|raw|Heraboss44's rating: 1418 &rarr; <strong>1401<\/strong><br \/>(-17 for losing)