|join|tfw ult
|join|BFoxy
|player|p1|tfw ult|171
|player|p2|BFoxy|154
|gametype|singles
|gen|6
|tier|UU
|rated
|rule|Sleep Clause Mod: Limit one foe put to sleep
|rule|Species Clause: Limit one of each PokÃ©mon
|rule|OHKO Clause: OHKO moves are banned
|rule|Moody Clause: Moody is banned
|rule|Evasion Moves Clause: Evasion moves are banned
|rule|Endless Battle Clause: Forcing endless battles is banned
|rule|HP Percentage Mod: HP is shown in percentages
|clearpoke
|poke|p1|Victini
|poke|p1|Krookodile, F
|poke|p1|Noivern, M
|poke|p1|Forretress, F
|poke|p1|Slowbro, F
|poke|p1|Blissey, F
|poke|p2|Doublade, F, shiny
|poke|p2|Granbull, M
|poke|p2|Blissey, F
|poke|p2|Houndoom, M
|poke|p2|Tentacruel, M
|poke|p2|Rotom-Mow
|rule|Swagger Clause: Swagger is banned
|rule|Baton Pass Clause: Limit one PokÃ©mon knowing Baton Pass
|teampreview
|
|start
|switch|p1a: Victini|Victini|341\/341
|switch|p2a: Kraken|Tentacruel, M|361\/361
|turn|1
|
|move|p2a: Kraken|Protect|p2a: Kraken
|-singleturn|p2a: Kraken|Protect
|move|p1a: Victini|Bolt Strike|p2a: Kraken
|-activate|p2a: Kraken|Protect
|
|turn|2
|
|switch|p1a: Forretress|Forretress, F|354\/354
|move|p2a: Kraken|Toxic Spikes|p1a: Forretress
|-sidestart|p1: tfw ult|move: Toxic Spikes
|
|turn|3
|
|move|p2a: Kraken|Scald|p1a: Forretress
|-damage|p1a: Forretress|240\/354
|-status|p1a: Forretress|brn
|move|p1a: Forretress|Stealth Rock|p2a: Kraken
|-sidestart|p2: BFoxy|move: Stealth Rock
|
|-heal|p1a: Forretress|262\/354 brn|[from] item: Leftovers
|-damage|p1a: Forretress|218\/354 brn|[from] brn
|turn|4
|
|move|p2a: Kraken|Protect|p2a: Kraken
|-singleturn|p2a: Kraken|Protect
|move|p1a: Forretress|Rapid Spin|p2a: Kraken
|-activate|p2a: Kraken|Protect
|
|-heal|p1a: Forretress|240\/354 brn|[from] item: Leftovers
|-damage|p1a: Forretress|196\/354 brn|[from] brn
|turn|5
|
|move|p2a: Kraken|Scald|p1a: Forretress
|-damage|p1a: Forretress|85\/354 brn
|move|p1a: Forretress|Rapid Spin|p2a: Kraken
|-damage|p2a: Kraken|354\/361
|-sideend|p1: tfw ult|Toxic Spikes|[from] move: Rapid Spin|[of] p1a: Forretress
|
|-heal|p2a: Kraken|361\/361|[from] item: Leftovers
|-heal|p1a: Forretress|107\/354 brn|[from] item: Leftovers
|-damage|p1a: Forretress|63\/354 brn|[from] brn
|turn|6
|
|move|p2a: Kraken|Rapid Spin|p1a: Forretress
|-resisted|p1a: Forretress
|-damage|p1a: Forretress|60\/354 brn
|-sideend|p2: BFoxy|Stealth Rock|[from] move: Rapid Spin|[of] p2a: Kraken
|move|p1a: Forretress|Volt Switch|p2a: Kraken
|-supereffective|p2a: Kraken
|-damage|p2a: Kraken|299\/361
|
|switch|p1a: Krookodile|Krookodile, F|331\/331
|-ability|p1a: Krookodile|Intimidate|[of] p2a: Kraken
|-unboost|p2a: Kraken|atk|1
|
|-heal|p2a: Kraken|321\/361|[from] item: Leftovers
|turn|7
|
|move|p2a: Kraken|Protect|p2a: Kraken
|-singleturn|p2a: Kraken|Protect
|move|p1a: Krookodile|Knock Off|p2a: Kraken
|-activate|p2a: Kraken|Protect
|
|-heal|p2a: Kraken|343\/361|[from] item: Leftovers
|turn|8
|
|switch|p2a: Boodro|Granbull, M|377\/377
|-ability|p2a: Boodro|Intimidate|[of] p1a: Krookodile
|-unboost|p1a: Krookodile|atk|1
|move|p1a: Krookodile|Knock Off|p2a: Boodro
|-resisted|p2a: Boodro
|-damage|p2a: Boodro|304\/377
|-enditem|p2a: Boodro|Leftovers|[from] move: Knock Off|[of] p1a: Krookodile
|
|turn|9
|
|switch|p1a: Victini|Victini|341\/341
|switch|p2a: Landing Strip?|Rotom-Mow|241\/241
|
|turn|10
|
|move|p2a: Landing Strip?|Volt Switch|p1a: Victini
|-damage|p1a: Victini|239\/341
|
|switch|p2a: Boodro|Granbull, M|304\/377
|-ability|p2a: Boodro|Intimidate|[of] p1a: Victini
|-unboost|p1a: Victini|atk|1
|move|p1a: Victini|V-create|p2a: Boodro
|-damage|p2a: Boodro|87\/377
|-unboost|p1a: Victini|def|1
|-unboost|p1a: Victini|spd|1
|-unboost|p1a: Victini|spe|1
|
|turn|11
|
|switch|p2a: Cerberus|Houndoom, M|291\/291
|move|p1a: Victini|V-create|p2a: Cerberus
|-start|p2a: Cerberus|ability: Flash Fire
|
|turn|12
|
|switch|p2a: Teen Mom|Blissey, F|651\/651
|switch|p1a: Blissey|Blissey, F|714\/714
|
|turn|13
|
|move|p2a: Teen Mom|Stealth Rock|p1a: Blissey
|-sidestart|p1: tfw ult|move: Stealth Rock
|move|p1a: Blissey|Wish|p1a: Blissey
|
|turn|14
|
|switch|p1a: Victini|Victini|239\/341
|-damage|p1a: Victini|154\/341|[from] Stealth Rock
|move|p2a: Teen Mom|Seismic Toss|p1a: Victini
|-damage|p1a: Victini|54\/341
|
|-heal|p1a: Victini|341\/341|[from] move: Wish|[wisher] Blissey
|turn|15
|
|switch|p2a: Boodro|Granbull, M|87\/377
|-ability|p2a: Boodro|Intimidate|[of] p1a: Victini
|-unboost|p1a: Victini|atk|1
|move|p1a: Victini|V-create|p2a: Boodro
|-damage|p2a: Boodro|0 fnt
|-unboost|p1a: Victini|def|1
|-unboost|p1a: Victini|spd|1
|-unboost|p1a: Victini|spe|1
|faint|p2a: Boodro
|
|
|switch|p2a: Kraken|Tentacruel, M|343\/361
|turn|16
|
|switch|p1a: Forretress|Forretress, F|60\/354 brn
|-damage|p1a: Forretress|16\/354 brn|[from] Stealth Rock
|move|p2a: Kraken|Toxic Spikes|p1a: Forretress
|-sidestart|p1: tfw ult|move: Toxic Spikes
|
|-heal|p2a: Kraken|361\/361|[from] item: Leftovers
|-heal|p1a: Forretress|38\/354 brn|[from] item: Leftovers
|-damage|p1a: Forretress|0 fnt|[from] brn
|faint|p1a: Forretress
|
|switch|p1a: Krookodile|Krookodile, F|331\/331
|-status|p1a: Krookodile|psn
|-damage|p1a: Krookodile|311\/331 psn|[from] Stealth Rock
|-ability|p1a: Krookodile|Intimidate|[of] p2a: Kraken
|-unboost|p2a: Kraken|atk|1
|turn|17
|
|move|p2a: Kraken|Protect|p2a: Kraken
|-singleturn|p2a: Kraken|Protect
|move|p1a: Krookodile|Knock Off|p2a: Kraken
|-activate|p2a: Kraken|Protect
|
|-damage|p1a: Krookodile|270\/331 psn|[from] psn
|turn|18
|
|move|p1a: Krookodile|Knock Off|p2a: Kraken
|-crit|p2a: Kraken
|-damage|p2a: Kraken|25\/361
|-enditem|p2a: Kraken|Leftovers|[from] move: Knock Off|[of] p1a: Krookodile
|move|p2a: Kraken|Scald|p1a: Krookodile
|-supereffective|p1a: Krookodile
|-damage|p1a: Krookodile|70\/331 psn
|
|-damage|p1a: Krookodile|29\/331 psn|[from] psn
|turn|19
|
|switch|p1a: Noivern|Noivern, M|311\/311
|-damage|p1a: Noivern|234\/311|[from] Stealth Rock
|move|p2a: Kraken|Protect|p2a: Kraken
|-fail|p2a: Kraken
|
|turn|20
|
|move|p1a: Noivern|Boomburst|p2a: Kraken
|-damage|p2a: Kraken|0 fnt
|faint|p2a: Kraken
|
|
|switch|p2a: Teen Mom|Blissey, F|651\/651
|turn|21
|
|switch|p1a: Blissey|Blissey, F|714\/714
|-damage|p1a: Blissey|625\/714|[from] Stealth Rock
|-status|p1a: Blissey|psn
|move|p2a: Teen Mom|Seismic Toss|p1a: Blissey
|-damage|p1a: Blissey|525\/714 psn
|
|-heal|p1a: Blissey|569\/714 psn|[from] item: Leftovers
|-damage|p1a: Blissey|480\/714 psn|[from] psn
|turn|22
|
|switch|p2a: Venetia Shield|Doublade, F, shiny|309\/309
|move|p1a: Blissey|Wish|p1a: Blissey
|
|-heal|p1a: Blissey|524\/714 psn|[from] item: Leftovers
|-damage|p1a: Blissey|435\/714 psn|[from] psn
|turn|23
|
|switch|p1a: Victini|Victini|341\/341
|-damage|p1a: Victini|256\/341|[from] Stealth Rock
|-status|p1a: Victini|psn
|move|p2a: Venetia Shield|Swords Dance|p2a: Venetia Shield
|-boost|p2a: Venetia Shield|atk|2
|
|-heal|p1a: Victini|341\/341 psn|[from] move: Wish|[wisher] Blissey
|-damage|p1a: Victini|299\/341 psn|[from] psn
|turn|24
|
|switch|p2a: Cerberus|Houndoom, M|291\/291
|move|p1a: Victini|V-create|p2a: Cerberus
|-start|p2a: Cerberus|ability: Flash Fire
|
|-damage|p1a: Victini|257\/341 psn|[from] psn
|turn|25
|
|switch|p1a: Blissey|Blissey, F|435\/714
|-damage|p1a: Blissey|346\/714|[from] Stealth Rock
|-status|p1a: Blissey|psn
|move|p2a: Cerberus|Dark Pulse|p1a: Blissey
|-damage|p1a: Blissey|241\/714 psn
|
|-heal|p1a: Blissey|285\/714 psn|[from] item: Leftovers
|-damage|p1a: Blissey|196\/714 psn|[from] psn
|turn|26
|
|switch|p2a: Venetia Shield|Doublade, F, shiny|309\/309
|move|p1a: Blissey|Wish|p1a: Blissey
|
|-heal|p1a: Blissey|240\/714 psn|[from] item: Leftovers
|-damage|p1a: Blissey|151\/714 psn|[from] psn
|turn|27
|
|switch|p1a: Victini|Victini|257\/341 psn
|-damage|p1a: Victini|172\/341 psn|[from] Stealth Rock
|move|p2a: Venetia Shield|Swords Dance|p2a: Venetia Shield
|-boost|p2a: Venetia Shield|atk|2
|
|-heal|p1a: Victini|341\/341 psn|[from] move: Wish|[wisher] Blissey
|-damage|p1a: Victini|299\/341 psn|[from] psn
|turn|28
|
|switch|p2a: Cerberus|Houndoom, M|291\/291
|move|p1a: Victini|V-create|p2a: Cerberus
|-start|p2a: Cerberus|ability: Flash Fire
|
|-damage|p1a: Victini|257\/341 psn|[from] psn
|turn|29
|
|switch|p1a: Blissey|Blissey, F|151\/714
|-status|p1a: Blissey|psn
|-damage|p1a: Blissey|62\/714 psn|[from] Stealth Rock
|move|p2a: Cerberus|Dark Pulse|p1a: Blissey
|-damage|p1a: Blissey|0 fnt
|faint|p1a: Blissey
|
|
|switch|p1a: Noivern|Noivern, M|234\/311
|-damage|p1a: Noivern|157\/311|[from] Stealth Rock
|turn|30
|
|detailschange|p2a: Cerberus|Houndoom-Mega, M
|message|Houndoom has Mega Evolved into Mega Houndoom!
|move|p2a: Cerberus|Sucker Punch|p1a: Noivern
|-fail|p1a: Noivern
|move|p1a: Noivern|Switcheroo|p2a: Cerberus
|-fail|p2a: Cerberus
|
|turn|31
|-message|tfw ult forfeited.
|
|win|BFoxy
|raw|Ladder updating...
|leave|tfw ult
|player|p1
|raw|tfw ult's rating: 1744 &rarr; <strong>1717<\/strong><br \/>(-27 for losing)
|raw|BFoxy's rating: 1619 &rarr; <strong>1646<\/strong><br \/>(+27 for winning)