|join|BFoxy
|join|Colbrushie
|player|p1|BFoxy|161
|player|p2|Colbrushie|234
|gametype|singles
|gen|6
|tier|UU
|rated
|rule|Sleep Clause Mod: Limit one foe put to sleep
|rule|Species Clause: Limit one of each PokÃ©mon
|rule|OHKO Clause: OHKO moves are banned
|rule|Moody Clause: Moody is banned
|rule|Evasion Moves Clause: Evasion moves are banned
|rule|Endless Battle Clause: Forcing endless battles is banned
|rule|HP Percentage Mod: HP is shown in percentages
|clearpoke
|poke|p1|Doublade, F, shiny
|poke|p1|Granbull, M
|poke|p1|Blissey, F
|poke|p1|Houndoom, M
|poke|p1|Tentacruel, M
|poke|p1|Rotom-Mow
|poke|p2|Krookodile, M
|poke|p2|Azelf
|poke|p2|Victini
|poke|p2|Nidoqueen, F
|poke|p2|Ampharos, F, shiny
|poke|p2|Crobat, F
|rule|Swagger Clause: Swagger is banned
|rule|Baton Pass Clause: Limit one PokÃ©mon knowing Baton Pass
|teampreview
|
|start
|switch|p1a: Kraken|Tentacruel, M|361\/361
|switch|p2a: elf|Azelf|291\/291
|turn|1
|
|move|p2a: elf|Knock Off|p1a: Kraken
|-damage|p1a: Kraken|248\/361
|-enditem|p1a: Kraken|Leftovers|[from] move: Knock Off|[of] p2a: elf
|move|p1a: Kraken|Scald|p2a: elf
|-damage|p2a: elf|183\/291
|-status|p2a: elf|brn
|
|-damage|p2a: elf|147\/291 brn|[from] brn
|turn|2
|
|move|p2a: elf|Stealth Rock|p1a: Kraken
|-sidestart|p1: BFoxy|move: Stealth Rock
|move|p1a: Kraken|Rapid Spin|p2a: elf
|-crit|p2a: elf
|-damage|p2a: elf|129\/291 brn
|-sideend|p1: BFoxy|Stealth Rock|[from] move: Rapid Spin|[of] p1a: Kraken
|
|-damage|p2a: elf|93\/291 brn|[from] brn
|turn|3
|join|BarnWell
|
|move|p2a: elf|U-turn|p1a: Kraken
|-resisted|p1a: Kraken
|-damage|p1a: Kraken|229\/361
|c|âBFoxy|i thought victini was bl
|
|switch|p2a: glorious mane|Ampharos, F, shiny|367\/367
|move|p1a: Kraken|Rapid Spin|p2a: glorious mane
|-damage|p2a: glorious mane|356\/367
|
|turn|4
|c|âColbrushie|is being retested
|
|switch|p1a: Teen Mom|Blissey, F|651\/651
|detailschange|p2a: glorious mane|Ampharos-Mega, F, shiny
|message|Ampharos has Mega Evolved into Mega Ampharos!
|-ability|p2a: glorious mane|Mold Breaker
|move|p2a: glorious mane|Volt Switch|p1a: Teen Mom
|-damage|p1a: Teen Mom|537\/651
|c| BarnWell|me too
|
|switch|p2a: elf|Azelf|93\/291 brn
|
|-heal|p1a: Teen Mom|577\/651|[from] item: Leftovers
|-damage|p2a: elf|57\/291 brn|[from] brn
|turn|5
|c|âBFoxy|think it will stay?
|
|move|p2a: elf|Stealth Rock|p1a: Teen Mom
|-sidestart|p1: BFoxy|move: Stealth Rock
|move|p1a: Teen Mom|Stealth Rock|p2a: elf
|-sidestart|p2: Colbrushie|move: Stealth Rock
|
|-heal|p1a: Teen Mom|617\/651|[from] item: Leftovers
|-damage|p2a: elf|21\/291 brn|[from] brn
|turn|6
|c| BarnWell|I hope it does
|
|move|p2a: elf|Knock Off|p1a: Teen Mom
|-damage|p1a: Teen Mom|513\/651
|-enditem|p1a: Teen Mom|Leftovers|[from] move: Knock Off|[of] p2a: elf
|move|p1a: Teen Mom|Soft-Boiled|p1a: Teen Mom
|-heal|p1a: Teen Mom|651\/651
|
|-damage|p2a: elf|0 fnt|[from] brn
|faint|p2a: elf
|
|switch|p2a: back again|Victini|341\/341
|-damage|p2a: back again|256\/341|[from] Stealth Rock
|turn|7
|
|switch|p2a: dilekrook 4 kill|Krookodile, M|360\/360
|-damage|p2a: dilekrook 4 kill|338\/360|[from] Stealth Rock
|-ability|p2a: dilekrook 4 kill|Intimidate|[of] p1a: Teen Mom
|-unboost|p1a: Teen Mom|atk|1
|switch|p1a: Boodro|Granbull, M|377\/377
|-damage|p1a: Boodro|330\/377|[from] Stealth Rock
|-ability|p1a: Boodro|Intimidate|[of] p2a: dilekrook 4 kill
|-unboost|p2a: dilekrook 4 kill|atk|1
|
|-heal|p1a: Boodro|353\/377|[from] item: Leftovers
|turn|8
|
|switch|p2a: feminism|Nidoqueen, F|326\/326
|-damage|p2a: feminism|306\/326|[from] Stealth Rock
|move|p1a: Boodro|Earthquake|p2a: feminism
|-supereffective|p2a: feminism
|-damage|p2a: feminism|112\/326
|
|-heal|p1a: Boodro|376\/377|[from] item: Leftovers
|turn|9
|
|switch|p1a: Teen Mom|Blissey, F|651\/651
|-damage|p1a: Teen Mom|570\/651|[from] Stealth Rock
|move|p2a: feminism|Earth Power|p1a: Teen Mom
|-damage|p1a: Teen Mom|428\/651
|
|turn|10
|
|switch|p2a: back again|Victini|256\/341
|-damage|p2a: back again|171\/341|[from] Stealth Rock
|move|p1a: Teen Mom|Seismic Toss|p2a: back again
|-damage|p2a: back again|71\/341
|
|turn|11
|
|switch|p1a: Cerberus|Houndoom, M|291\/291
|-damage|p1a: Cerberus|219\/291|[from] Stealth Rock
|move|p2a: back again|V-create|p1a: Cerberus
|-start|p1a: Cerberus|ability: Flash Fire
|
|turn|12
|
|move|p2a: back again|Bolt Strike|p1a: Cerberus
|-damage|p1a: Cerberus|0 fnt
|-damage|p2a: back again|37\/341|[from] item: Life Orb
|faint|p1a: Cerberus
|
|
|switch|p1a: Venetia Shield|Doublade, F, shiny|309\/309
|-damage|p1a: Venetia Shield|290\/309|[from] Stealth Rock
|turn|13
|
|move|p1a: Venetia Shield|Shadow Sneak|p2a: back again
|-supereffective|p2a: back again
|-damage|p2a: back again|0 fnt
|faint|p2a: back again
|
|
|switch|p2a: dilekrook 4 kill|Krookodile, M|338\/360
|-damage|p2a: dilekrook 4 kill|316\/360|[from] Stealth Rock
|-ability|p2a: dilekrook 4 kill|Intimidate|[of] p1a: Venetia Shield
|-unboost|p1a: Venetia Shield|atk|1
|turn|14
|
|switch|p1a: Boodro|Granbull, M|376\/377
|-damage|p1a: Boodro|329\/377|[from] Stealth Rock
|-ability|p1a: Boodro|Intimidate|[of] p2a: dilekrook 4 kill
|-unboost|p2a: dilekrook 4 kill|atk|1
|move|p2a: dilekrook 4 kill|Knock Off|p1a: Boodro
|-resisted|p1a: Boodro
|-damage|p1a: Boodro|260\/377
|-enditem|p1a: Boodro|Leftovers|[from] move: Knock Off|[of] p2a: dilekrook 4 kill
|-damage|p2a: dilekrook 4 kill|280\/360|[from] item: Life Orb
|
|turn|15
|
|switch|p2a: imustaccelerate|Crobat, F|374\/374
|-damage|p2a: imustaccelerate|281\/374|[from] Stealth Rock
|move|p1a: Boodro|Thunder Wave|p2a: imustaccelerate
|-status|p2a: imustaccelerate|par
|
|-heal|p2a: imustaccelerate|304\/374 par|[from] item: Black Sludge
|turn|16
|
|switch|p1a: Venetia Shield|Doublade, F, shiny|290\/309
|-damage|p1a: Venetia Shield|271\/309|[from] Stealth Rock
|cant|p2a: imustaccelerate|par
|
|-heal|p2a: imustaccelerate|327\/374 par|[from] item: Black Sludge
|turn|17
|
|switch|p2a: dilekrook 4 kill|Krookodile, M|280\/360
|-damage|p2a: dilekrook 4 kill|258\/360|[from] Stealth Rock
|-ability|p2a: dilekrook 4 kill|Intimidate|[of] p1a: Venetia Shield
|-unboost|p1a: Venetia Shield|atk|1
|move|p1a: Venetia Shield|Shadow Claw|p2a: dilekrook 4 kill
|-resisted|p2a: dilekrook 4 kill
|-damage|p2a: dilekrook 4 kill|209\/360
|
|turn|18
|
|switch|p1a: Boodro|Granbull, M|260\/377
|-damage|p1a: Boodro|213\/377|[from] Stealth Rock
|-ability|p1a: Boodro|Intimidate|[of] p2a: dilekrook 4 kill
|-unboost|p2a: dilekrook 4 kill|atk|1
|move|p2a: dilekrook 4 kill|Earthquake|p1a: Boodro
|-damage|p1a: Boodro|64\/377
|-damage|p2a: dilekrook 4 kill|173\/360|[from] item: Life Orb
|
|turn|19
|
|move|p2a: dilekrook 4 kill|Earthquake|p1a: Boodro
|-damage|p1a: Boodro|0 fnt
|-damage|p2a: dilekrook 4 kill|137\/360|[from] item: Life Orb
|faint|p1a: Boodro
|
|
|switch|p1a: Landing Strip?|Rotom-Mow|241\/241
|-damage|p1a: Landing Strip?|211\/241|[from] Stealth Rock
|turn|20
|
|switch|p2a: glorious mane|Ampharos-Mega, F, shiny|356\/367
|-damage|p2a: glorious mane|311\/367|[from] Stealth Rock
|-ability|p2a: glorious mane|Mold Breaker
|move|p1a: Landing Strip?|Will-O-Wisp|p2a: glorious mane
|-status|p2a: glorious mane|brn
|
|-damage|p2a: glorious mane|266\/367 brn|[from] brn
|turn|21
|
|move|p1a: Landing Strip?|Will-O-Wisp|p2a: glorious mane
|-fail|p2a: glorious mane|brn
|move|p2a: glorious mane|Volt Switch|p1a: Landing Strip?
|-resisted|p1a: Landing Strip?
|-damage|p1a: Landing Strip?|173\/241
|
|switch|p2a: imustaccelerate|Crobat, F|327\/374 par
|-damage|p2a: imustaccelerate|234\/374 par|[from] Stealth Rock
|
|-heal|p2a: imustaccelerate|257\/374 par|[from] item: Black Sludge
|turn|22
|
|switch|p1a: Kraken|Tentacruel, M|229\/361
|-damage|p1a: Kraken|184\/361|[from] Stealth Rock
|cant|p2a: imustaccelerate|par
|
|-heal|p2a: imustaccelerate|280\/374 par|[from] item: Black Sludge
|turn|23
|
|move|p1a: Kraken|Rapid Spin|p2a: imustaccelerate
|-damage|p2a: imustaccelerate|269\/374 par
|-sideend|p1: BFoxy|Stealth Rock|[from] move: Rapid Spin|[of] p1a: Kraken
|move|p2a: imustaccelerate|Tailwind|p2a: imustaccelerate
|-sidestart|p2: Colbrushie|move: Tailwind
|
|-heal|p2a: imustaccelerate|292\/374 par|[from] item: Black Sludge
|turn|24
|
|move|p1a: Kraken|Scald|p2a: imustaccelerate
|-damage|p2a: imustaccelerate|204\/374 par
|move|p2a: imustaccelerate|Brave Bird|p1a: Kraken
|-damage|p1a: Kraken|66\/361
|-damage|p2a: imustaccelerate|165\/374 par|[from] recoil|[of] p1a: Kraken
|
|-heal|p2a: imustaccelerate|188\/374 par|[from] item: Black Sludge
|turn|25
|
|move|p1a: Kraken|Protect|p1a: Kraken
|-singleturn|p1a: Kraken|Protect
|move|p2a: imustaccelerate|Defog|p1a: Kraken
|-activate|p1a: Kraken|Protect
|
|-heal|p2a: imustaccelerate|211\/374 par|[from] item: Black Sludge
|turn|26
|
|move|p1a: Kraken|Scald|p2a: imustaccelerate
|-damage|p2a: imustaccelerate|118\/374 par
|cant|p2a: imustaccelerate|par
|
|-heal|p2a: imustaccelerate|141\/374 par|[from] item: Black Sludge
|-sideend|p2: Colbrushie|move: Tailwind
|turn|27
|leave|BarnWell
|
|move|p1a: Kraken|Scald|p2a: imustaccelerate
|-crit|p2a: imustaccelerate
|-damage|p2a: imustaccelerate|0 fnt
|faint|p2a: imustaccelerate
|
|join|ban victini
|join|SuperSawgy
|
|switch|p2a: feminism|Nidoqueen, F|112\/326
|-damage|p2a: feminism|92\/326|[from] Stealth Rock
|turn|28
|c| ban victini|hi colbrushie
|
|move|p2a: feminism|Thunderbolt|p1a: Kraken
|-supereffective|p1a: Kraken
|-damage|p1a: Kraken|0 fnt
|faint|p1a: Kraken
|
|c|âColbrushie|hi
|
|switch|p1a: Teen Mom|Blissey, F|428\/651
|turn|29
|c| ban victini|am dynamic btw
|
|switch|p2a: dilekrook 4 kill|Krookodile, M|137\/360
|-damage|p2a: dilekrook 4 kill|115\/360|[from] Stealth Rock
|-ability|p2a: dilekrook 4 kill|Intimidate|[of] p1a: Teen Mom
|-unboost|p1a: Teen Mom|atk|1
|move|p1a: Teen Mom|Seismic Toss|p2a: dilekrook 4 kill
|-damage|p2a: dilekrook 4 kill|15\/360
|
|turn|30
|c|âColbrushie|hi
|
|move|p2a: dilekrook 4 kill|Pursuit|p1a: Teen Mom|[from]Pursuit
|-damage|p1a: Teen Mom|68\/651
|-damage|p2a: dilekrook 4 kill|0 fnt|[from] item: Life Orb
|switch|p1a: Landing Strip?|Rotom-Mow|173\/241
|faint|p2a: dilekrook 4 kill
|
|
|switch|p2a: glorious mane|Ampharos-Mega, F, shiny|266\/367 brn
|-damage|p2a: glorious mane|221\/367 brn|[from] Stealth Rock
|-ability|p2a: glorious mane|Mold Breaker
|turn|31
|join|OG_Wanka
|
|move|p1a: Landing Strip?|Leaf Storm|p2a: glorious mane
|-resisted|p2a: glorious mane
|-damage|p2a: glorious mane|130\/367 brn
|-unboost|p1a: Landing Strip?|spa|2
|move|p2a: glorious mane|Dragon Pulse|p1a: Landing Strip?
|-damage|p1a: Landing Strip?|2\/241
|
|-damage|p2a: glorious mane|85\/367 brn|[from] brn
|turn|32
|c| OG_Wanka|YOU CAN DO IT BRUSHIE
|
|move|p1a: Landing Strip?|Leaf Storm|p2a: glorious mane
|-resisted|p2a: glorious mane
|-damage|p2a: glorious mane|40\/367 brn
|-unboost|p1a: Landing Strip?|spa|2
|move|p2a: glorious mane|Dragon Pulse|p1a: Landing Strip?
|-damage|p1a: Landing Strip?|0 fnt
|faint|p1a: Landing Strip?
|
|-damage|p2a: glorious mane|0 fnt|[from] brn
|faint|p2a: glorious mane
|c|âColbrushie|maybe
|c|âColbrushie|idk
|c| ban victini|queen kils
|c| OG_Wanka|blissey sucks
|
|switch|p2a: feminism|Nidoqueen, F|92\/326
|-damage|p2a: feminism|72\/326|[from] Stealth Rock
|switch|p1a: Teen Mom|Blissey, F|68\/651
|turn|33
|c|âColbrushie|idk if sneak kills
|c| ban victini|it doesnt
|
|move|p2a: feminism|Sludge Wave|p1a: Teen Mom
|-damage|p1a: Teen Mom|0 fnt
|faint|p1a: Teen Mom
|
|c| OG_Wanka|sneak wont
|c|âColbrushie|eh
|
|switch|p1a: Venetia Shield|Doublade, F, shiny|271\/309
|turn|34
|c| ban victini|cause weak sword
|c|âColbrushie|he'll crit me
|c|âColbrushie|ez
|c| OG_Wanka|BLEVE
|
|move|p1a: Venetia Shield|Shadow Sneak|p2a: feminism
|-damage|p2a: feminism|0 fnt
|faint|p2a: feminism
|
|win|BFoxy
|raw|Ladder updating...
|raw|BFoxy's rating: 1542 &rarr; <strong>1558<\/strong><br \/>(+16 for winning)
|raw|Colbrushie's rating: 1473 &rarr; <strong>1457<\/strong><br \/>(-16 for losing)
|c|âColbrushie|FUK
|c| ban victini|o
|c| OG_Wanka|):