|join|Wolfhead69
|join|BFoxy
|player|p1|Wolfhead69|170
|player|p2|BFoxy|172
|gametype|singles
|gen|6
|tier|UU
|rated
|rule|Sleep Clause Mod: Limit one foe put to sleep
|rule|Species Clause: Limit one of each PokÃ©mon
|rule|OHKO Clause: OHKO moves are banned
|rule|Moody Clause: Moody is banned
|rule|Evasion Moves Clause: Evasion moves are banned
|rule|Endless Battle Clause: Forcing endless battles is banned
|rule|HP Percentage Mod: HP is shown in percentages
|clearpoke
|poke|p1|Aerodactyl, F
|poke|p1|Lucario, M
|poke|p1|Chandelure, F
|poke|p1|Galvantula, F
|poke|p1|Donphan, M
|poke|p1|Empoleon, M
|poke|p2|Jellicent, M
|poke|p2|Zygarde
|poke|p2|Aggron, M
|poke|p2|Blissey, F
|poke|p2|Forretress, M, shiny
|poke|p2|Aromatisse, F
|rule|Swagger Clause: Swagger is banned
|rule|Baton Pass Clause: Limit one PokÃ©mon knowing Baton Pass
|teampreview
|
|start
|switch|p1a: Empoleon|Empoleon, M|372\/372
|switch|p2a: Terramorphous|Zygarde|404\/404
|-ability|p2a: Terramorphous|Aura Break
|turn|1
|
|switch|p2a: Teen Mom|Blissey, F|714\/714
|move|p1a: Empoleon|Yawn|p2a: Teen Mom
|-start|p2a: Teen Mom|move: Yawn|[of] p1a: Empoleon
|
|turn|2
|
|switch|p2a: Pringles|Jellicent, M|403\/403
|move|p1a: Empoleon|Stealth Rock|p2a: Pringles
|-sidestart|p2: BFoxy|move: Stealth Rock
|
|turn|3
|
|move|p2a: Pringles|Will-O-Wisp|p1a: Empoleon
|-status|p1a: Empoleon|brn
|move|p1a: Empoleon|Yawn|p2a: Pringles
|-start|p2a: Pringles|move: Yawn|[of] p1a: Empoleon
|
|-damage|p1a: Empoleon|326\/372 brn|[from] brn
|turn|4
|
|switch|p2a: Teen Mom|Blissey, F|714\/714
|-damage|p2a: Teen Mom|625\/714|[from] Stealth Rock
|switch|p1a: Chandelure|Chandelure, F|261\/261
|
|-heal|p2a: Teen Mom|669\/714|[from] item: Leftovers
|turn|5
|
|move|p2a: Teen Mom|Protect|p2a: Teen Mom
|-singleturn|p2a: Teen Mom|Protect
|move|p1a: Chandelure|Trick|p2a: Teen Mom
|-activate|p2a: Teen Mom|Protect
|
|-heal|p2a: Teen Mom|713\/714|[from] item: Leftovers
|turn|6
|
|switch|p1a: Donphan|Donphan, M|384\/384
|switch|p2a: Aggron|Aggron, M|344\/344
|-damage|p2a: Aggron|323\/344|[from] Stealth Rock
|
|turn|7
|
|switch|p2a: Walnut|Forretress, M, shiny|353\/353
|-damage|p2a: Walnut|309\/353|[from] Stealth Rock
|move|p1a: Donphan|Earthquake|p2a: Walnut
|-damage|p2a: Walnut|194\/353
|
|-heal|p2a: Walnut|216\/353|[from] item: Leftovers
|turn|8
|
|move|p1a: Donphan|Knock Off|p2a: Walnut
|-damage|p2a: Walnut|152\/353
|-enditem|p2a: Walnut|Leftovers|[from] move: Knock Off|[of] p1a: Donphan
|move|p2a: Walnut|Toxic|p1a: Donphan
|-status|p1a: Donphan|tox
|
|-damage|p1a: Donphan|360\/384 tox|[from] psn
|turn|9
|
|move|p1a: Donphan|Earthquake|p2a: Walnut
|-damage|p2a: Walnut|49\/353
|move|p2a: Walnut|Rapid Spin|p1a: Donphan
|-damage|p1a: Donphan|349\/384 tox
|-sideend|p2: BFoxy|Stealth Rock|[from] move: Rapid Spin|[of] p2a: Walnut
|
|-heal|p1a: Donphan|373\/384 tox|[from] item: Leftovers
|-damage|p1a: Donphan|325\/384 tox|[from] psn
|turn|10
|
|move|p1a: Donphan|Earthquake|p2a: Walnut
|-damage|p2a: Walnut|0 fnt
|faint|p2a: Walnut
|
|-heal|p1a: Donphan|349\/384 tox|[from] item: Leftovers
|-damage|p1a: Donphan|277\/384 tox|[from] psn
|
|switch|p2a: Pringles|Jellicent, M|403\/403
|turn|11
|
|move|p2a: Pringles|Scald|p1a: Donphan
|-supereffective|p1a: Donphan
|-damage|p1a: Donphan|17\/384 tox
|move|p1a: Donphan|Knock Off|p2a: Pringles
|-crit|p2a: Pringles
|-supereffective|p2a: Pringles
|-damage|p2a: Pringles|59\/403
|-enditem|p2a: Pringles|Leftovers|[from] move: Knock Off|[of] p1a: Donphan
|
|-heal|p1a: Donphan|41\/384 tox|[from] item: Leftovers
|-damage|p1a: Donphan|0 fnt|[from] psn
|faint|p1a: Donphan
|
|switch|p1a: Galvantula|Galvantula, F|282\/282
|turn|12
|
|move|p1a: Galvantula|Giga Drain|p2a: Pringles
|-supereffective|p2a: Pringles
|-damage|p2a: Pringles|0 fnt
|faint|p2a: Pringles
|
|
|switch|p2a: Aggron|Aggron, M|323\/344
|turn|13
|
|detailschange|p2a: Aggron|Aggron-Mega, M
|message|Aggron has Mega Evolved into Mega Aggron!
|move|p1a: Galvantula|Thunder|p2a: Aggron
|-damage|p2a: Aggron|188\/344
|-status|p2a: Aggron|par
|move|p2a: Aggron|Stealth Rock|p1a: Galvantula
|-sidestart|p1: Wolfhead69|move: Stealth Rock
|
|turn|14
|
|switch|p2a: Teen Mom|Blissey, F|713\/714
|move|p1a: Galvantula|Sticky Web|p2a: Teen Mom
|-sidestart|p2: BFoxy|move: Sticky Web
|
|-heal|p2a: Teen Mom|714\/714|[from] item: Leftovers
|turn|15
|
|switch|p1a: Empoleon|Empoleon, M|326\/372 brn
|-damage|p1a: Empoleon|303\/372 brn|[from] Stealth Rock
|move|p2a: Teen Mom|Seismic Toss|p1a: Empoleon
|-damage|p1a: Empoleon|203\/372 brn
|
|-heal|p1a: Empoleon|226\/372 brn|[from] item: Leftovers
|-damage|p1a: Empoleon|180\/372 brn|[from] brn
|turn|16
|
|move|p1a: Empoleon|Stealth Rock|p2a: Teen Mom
|-sidestart|p2: BFoxy|move: Stealth Rock
|move|p2a: Teen Mom|Seismic Toss|p1a: Empoleon
|-damage|p1a: Empoleon|80\/372 brn
|
|-heal|p1a: Empoleon|103\/372 brn|[from] item: Leftovers
|-damage|p1a: Empoleon|57\/372 brn|[from] brn
|turn|17
|
|move|p1a: Empoleon|Yawn|p2a: Teen Mom
|-start|p2a: Teen Mom|move: Yawn|[of] p1a: Empoleon
|move|p2a: Teen Mom|Seismic Toss|p1a: Empoleon
|-damage|p1a: Empoleon|0 fnt
|faint|p1a: Empoleon
|
|
|switch|p1a: Lucario|Lucario, M|282\/282
|-damage|p1a: Lucario|274\/282|[from] Stealth Rock
|turn|18
|
|move|p1a: Lucario|Close Combat|p2a: Teen Mom
|-supereffective|p2a: Teen Mom
|-damage|p2a: Teen Mom|0 fnt
|-unboost|p1a: Lucario|def|1
|-unboost|p1a: Lucario|spd|1
|-damage|p1a: Lucario|246\/282|[from] item: Life Orb
|faint|p2a: Teen Mom
|
|
|switch|p2a: Terramorphous|Zygarde|404\/404
|-activate|p2a: Terramorphous|move: Sticky Web
|-unboost|p2a: Terramorphous|spe|1
|-damage|p2a: Terramorphous|379\/404|[from] Stealth Rock
|-ability|p2a: Terramorphous|Aura Break
|turn|19
|
|move|p1a: Lucario|Close Combat|p2a: Terramorphous
|-damage|p2a: Terramorphous|184\/404
|-unboost|p1a: Lucario|def|1
|-unboost|p1a: Lucario|spd|1
|-damage|p1a: Lucario|218\/282|[from] item: Life Orb
|move|p2a: Terramorphous|Earthquake|p1a: Lucario
|-supereffective|p1a: Lucario
|-damage|p1a: Lucario|0 fnt
|faint|p1a: Lucario
|
|-heal|p2a: Terramorphous|209\/404|[from] item: Leftovers
|
|switch|p1a: Chandelure|Chandelure, F|261\/261
|-damage|p1a: Chandelure|196\/261|[from] Stealth Rock
|turn|20
|
|move|p1a: Chandelure|Trick|p2a: Terramorphous
|-activate|p1a: Chandelure|move: Trick|[of] p2a: Terramorphous
|-item|p2a: Terramorphous|Choice Scarf|[from] move: Trick
|-item|p1a: Chandelure|Leftovers|[from] move: Trick
|move|p2a: Terramorphous|Earthquake|p1a: Chandelure
|-supereffective|p1a: Chandelure
|-damage|p1a: Chandelure|0 fnt
|faint|p1a: Chandelure
|
|
|switch|p1a: Aerodactyl|Aerodactyl, F|302\/302
|-damage|p1a: Aerodactyl|227\/302|[from] Stealth Rock
|-ability|p1a: Aerodactyl|Pressure
|turn|21
|
|switch|p2a: Gooch|Aromatisse, F|405\/405
|-activate|p2a: Gooch|move: Sticky Web
|-unboost|p2a: Gooch|spe|1
|-damage|p2a: Gooch|355\/405|[from] Stealth Rock
|detailschange|p1a: Aerodactyl|Aerodactyl-Mega, F
|message|Aerodactyl has Mega Evolved into Mega Aerodactyl!
|move|p1a: Aerodactyl|Hone Claws|p1a: Aerodactyl
|-boost|p1a: Aerodactyl|atk|1
|-boost|p1a: Aerodactyl|accuracy|1
|
|-heal|p2a: Gooch|380\/405|[from] item: Leftovers
|turn|22
|
|move|p1a: Aerodactyl|Stone Edge|p2a: Gooch
|-damage|p2a: Gooch|155\/405
|move|p2a: Gooch|Moonblast|p1a: Aerodactyl
|-damage|p1a: Aerodactyl|101\/302
|
|-heal|p2a: Gooch|180\/405|[from] item: Leftovers
|turn|23
|
|move|p1a: Aerodactyl|Stone Edge|p2a: Gooch
|-damage|p2a: Gooch|0 fnt
|faint|p2a: Gooch
|
|
|switch|p2a: Aggron|Aggron-Mega, M|188\/344 par
|-activate|p2a: Aggron|move: Sticky Web
|-unboost|p2a: Aggron|spe|1
|-damage|p2a: Aggron|167\/344 par|[from] Stealth Rock
|turn|24
|
|move|p1a: Aerodactyl|Earthquake|p2a: Aggron
|-supereffective|p2a: Aggron
|-damage|p2a: Aggron|43\/344 par
|move|p2a: Aggron|Heavy Slam|p1a: Aerodactyl
|-supereffective|p1a: Aerodactyl
|-damage|p1a: Aerodactyl|0 fnt
|faint|p1a: Aerodactyl
|
|
|switch|p1a: Galvantula|Galvantula, F|282\/282
|-damage|p1a: Galvantula|212\/282|[from] Stealth Rock
|turn|25
|
|move|p1a: Galvantula|Thunder|p2a: Aggron
|-damage|p2a: Aggron|0 fnt
|faint|p2a: Aggron
|
|
|switch|p2a: Terramorphous|Zygarde|209\/404
|-damage|p2a: Terramorphous|184\/404|[from] Stealth Rock
|-activate|p2a: Terramorphous|move: Sticky Web
|-unboost|p2a: Terramorphous|spe|1
|-ability|p2a: Terramorphous|Aura Break
|turn|26
|
|move|p1a: Galvantula|Giga Drain|p2a: Terramorphous
|-damage|p2a: Terramorphous|117\/404
|-heal|p1a: Galvantula|246\/282|[from] drain|[of] p2a: Terramorphous
|move|p2a: Terramorphous|Earthquake|p1a: Galvantula
|-damage|p1a: Galvantula|83\/282
|
|turn|27
|
|move|p1a: Galvantula|Bug Buzz|p2a: Terramorphous
|-damage|p2a: Terramorphous|8\/404
|move|p2a: Terramorphous|Earthquake|p1a: Galvantula
|-damage|p1a: Galvantula|0 fnt
|faint|p1a: Galvantula
|
|win|BFoxy
|raw|Ladder updating...
|c|âBFoxy|gg
|c|âWolfhead69|gg
|raw|Wolfhead69's rating: 1502 &rarr; <strong>1479<\/strong><br \/>(-23 for losing)
|raw|BFoxy's rating: 1449 &rarr; <strong>1472<\/strong><br \/>(+23 for winning)
|leave|Wolfhead69
|player|p1