|join|BFoxy
|join|dudman
|player|p1|BFoxy|154
|player|p2|dudman|171
|gametype|singles
|gen|6
|tier|UU
|rated
|rule|Sleep Clause Mod: Limit one foe put to sleep
|rule|Species Clause: Limit one of each PokÃ©mon
|rule|OHKO Clause: OHKO moves are banned
|rule|Moody Clause: Moody is banned
|rule|Evasion Moves Clause: Evasion moves are banned
|rule|Endless Battle Clause: Forcing endless battles is banned
|rule|HP Percentage Mod: HP is shown in percentages
|clearpoke
|poke|p1|Doublade, F, shiny
|poke|p1|Granbull, M
|poke|p1|Blissey, F
|poke|p1|Houndoom, M
|poke|p1|Tentacruel, M
|poke|p1|Rotom-Mow
|poke|p2|Suicune
|poke|p2|Nidoqueen, F
|poke|p2|Dugtrio, M
|poke|p2|Aerodactyl, F
|poke|p2|Lucario, M
|poke|p2|Infernape, M
|rule|Swagger Clause: Swagger is banned
|rule|Baton Pass Clause: Limit one PokÃ©mon knowing Baton Pass
|teampreview
|
|start
|switch|p1a: Kraken|Tentacruel, M|361\/361
|switch|p2a: Infernape|Infernape, M|293\/293
|turn|1
|
|move|p1a: Kraken|Protect|p1a: Kraken
|-singleturn|p1a: Kraken|Protect
|move|p2a: Infernape|Taunt|p1a: Kraken
|-activate|p1a: Kraken|Protect
|
|turn|2
|
|move|p2a: Infernape|Stealth Rock|p1a: Kraken
|-sidestart|p1: BFoxy|move: Stealth Rock
|move|p1a: Kraken|Scald|p2a: Infernape
|-supereffective|p2a: Infernape
|-damage|p2a: Infernape|83\/293
|
|turn|3
|
|move|p2a: Infernape|Endeavor|p1a: Kraken
|-damage|p1a: Kraken|83\/361
|move|p1a: Kraken|Scald|p2a: Infernape
|-supereffective|p2a: Infernape
|-damage|p2a: Infernape|0 fnt
|faint|p2a: Infernape
|
|-heal|p1a: Kraken|105\/361|[from] item: Leftovers
|
|switch|p2a: Dugtrio|Dugtrio, M|211\/211
|turn|4
|
|move|p1a: Kraken|Protect|p1a: Kraken
|-singleturn|p1a: Kraken|Protect
|move|p2a: Dugtrio|Earthquake|p1a: Kraken
|-activate|p1a: Kraken|Protect
|
|-heal|p1a: Kraken|127\/361|[from] item: Leftovers
|turn|5
|
|move|p2a: Dugtrio|Earthquake|p1a: Kraken
|-supereffective|p1a: Kraken
|-damage|p1a: Kraken|0 fnt
|-damage|p2a: Dugtrio|190\/211|[from] item: Life Orb
|faint|p1a: Kraken
|
|
|switch|p1a: Boodro|Granbull, M|377\/377
|-damage|p1a: Boodro|330\/377|[from] Stealth Rock
|-ability|p1a: Boodro|Intimidate|[of] p2a: Dugtrio
|-unboost|p2a: Dugtrio|atk|1
|turn|6
|
|switch|p2a: Suicune|Suicune|404\/404
|-ability|p2a: Suicune|Pressure
|move|p1a: Boodro|Earthquake|p2a: Suicune
|-damage|p2a: Suicune|345\/404
|
|-heal|p2a: Suicune|370\/404|[from] item: Leftovers
|-heal|p1a: Boodro|353\/377|[from] item: Leftovers
|turn|7
|
|switch|p1a: Landing Strip?|Rotom-Mow|241\/241
|-damage|p1a: Landing Strip?|211\/241|[from] Stealth Rock
|move|p2a: Suicune|Scald|p1a: Landing Strip?
|-resisted|p1a: Landing Strip?
|-damage|p1a: Landing Strip?|169\/241
|
|-heal|p2a: Suicune|395\/404|[from] item: Leftovers
|turn|8
|
|switch|p2a: Nidoqueen|Nidoqueen, F|365\/365
|move|p1a: Landing Strip?|Leaf Storm|p2a: Nidoqueen
|-damage|p2a: Nidoqueen|143\/365
|-unboost|p1a: Landing Strip?|spa|2
|
|turn|9
|
|switch|p1a: Teen Mom|Blissey, F|651\/651
|-damage|p1a: Teen Mom|570\/651|[from] Stealth Rock
|switch|p2a: Aerodactyl|Aerodactyl, F|301\/301
|-ability|p2a: Aerodactyl|Pressure
|
|-heal|p1a: Teen Mom|610\/651|[from] item: Leftovers
|turn|10
|
|switch|p2a: Nidoqueen|Nidoqueen, F|143\/365
|switch|p1a: Boodro|Granbull, M|353\/377
|-damage|p1a: Boodro|306\/377|[from] Stealth Rock
|-ability|p1a: Boodro|Intimidate|[of] p2a: Nidoqueen
|-unboost|p2a: Nidoqueen|atk|1
|
|-heal|p1a: Boodro|329\/377|[from] item: Leftovers
|turn|11
|
|switch|p1a: Teen Mom|Blissey, F|610\/651
|-damage|p1a: Teen Mom|529\/651|[from] Stealth Rock
|move|p2a: Nidoqueen|Toxic Spikes|p1a: Teen Mom
|-sidestart|p1: BFoxy|move: Toxic Spikes
|
|-heal|p1a: Teen Mom|569\/651|[from] item: Leftovers
|turn|12
|
|switch|p2a: Suicune|Suicune|395\/404
|-ability|p2a: Suicune|Pressure
|move|p1a: Teen Mom|Toxic|p2a: Suicune
|-status|p2a: Suicune|tox
|
|-heal|p2a: Suicune|404\/404 tox|[from] item: Leftovers
|-heal|p1a: Teen Mom|609\/651|[from] item: Leftovers
|-damage|p2a: Suicune|379\/404 tox|[from] psn
|turn|13
|
|move|p2a: Suicune|Scald|p1a: Teen Mom
|-damage|p1a: Teen Mom|557\/651
|move|p1a: Teen Mom|Stealth Rock|p2a: Suicune
|-sidestart|p2: dudman|move: Stealth Rock
|
|-heal|p2a: Suicune|404\/404 tox|[from] item: Leftovers
|-heal|p1a: Teen Mom|597\/651|[from] item: Leftovers
|-damage|p2a: Suicune|354\/404 tox|[from] psn
|turn|14
|
|switch|p1a: Landing Strip?|Rotom-Mow|169\/241
|-damage|p1a: Landing Strip?|139\/241|[from] Stealth Rock
|move|p2a: Suicune|Rest|p2a: Suicune
|-status|p2a: Suicune|slp
|-heal|p2a: Suicune|404\/404 slp|[silent]
|-status|p2a: Suicune|slp|[from] move: Rest
|
|turn|15
|
|switch|p2a: Lucario|Lucario, M|281\/281
|-damage|p2a: Lucario|273\/281|[from] Stealth Rock
|move|p1a: Landing Strip?|Leaf Storm|p2a: Lucario
|-resisted|p2a: Lucario
|-damage|p2a: Lucario|141\/281
|-unboost|p1a: Landing Strip?|spa|2
|
|turn|16
|
|switch|p1a: Boodro|Granbull, M|329\/377
|-damage|p1a: Boodro|282\/377|[from] Stealth Rock
|-status|p1a: Boodro|psn
|-ability|p1a: Boodro|Intimidate|[of] p2a: Lucario
|-unboost|p2a: Lucario|atk|1
|switch|p2a: Nidoqueen|Nidoqueen, F|143\/365
|-damage|p2a: Nidoqueen|121\/365|[from] Stealth Rock
|
|-heal|p1a: Boodro|305\/377 psn|[from] item: Leftovers
|-damage|p1a: Boodro|258\/377 psn|[from] psn
|turn|17
|
|switch|p1a: Teen Mom|Blissey, F|597\/651
|-damage|p1a: Teen Mom|516\/651|[from] Stealth Rock
|-status|p1a: Teen Mom|psn
|move|p2a: Nidoqueen|Sludge Wave|p1a: Teen Mom
|-damage|p1a: Teen Mom|387\/651 psn
|
|-heal|p1a: Teen Mom|427\/651 psn|[from] item: Leftovers
|-damage|p1a: Teen Mom|346\/651 psn|[from] psn
|turn|18
|
|switch|p2a: Dugtrio|Dugtrio, M|190\/211
|-damage|p2a: Dugtrio|177\/211|[from] Stealth Rock
|switch|p1a: Landing Strip?|Rotom-Mow|139\/241
|-damage|p1a: Landing Strip?|109\/241|[from] Stealth Rock
|
|turn|19
|
|switch|p2a: Nidoqueen|Nidoqueen, F|121\/365
|-damage|p2a: Nidoqueen|99\/365|[from] Stealth Rock
|move|p1a: Landing Strip?|Leaf Storm|p2a: Nidoqueen
|-damage|p2a: Nidoqueen|0 fnt
|-unboost|p1a: Landing Strip?|spa|2
|faint|p2a: Nidoqueen
|
|
|switch|p2a: Lucario|Lucario, M|141\/281
|-damage|p2a: Lucario|133\/281|[from] Stealth Rock
|turn|20
|
|switch|p1a: Boodro|Granbull, M|258\/377 psn
|-damage|p1a: Boodro|211\/377 psn|[from] Stealth Rock
|-ability|p1a: Boodro|Intimidate|[of] p2a: Lucario
|-unboost|p2a: Lucario|atk|1
|move|p2a: Lucario|Swords Dance|p2a: Lucario
|-boost|p2a: Lucario|atk|2
|
|-heal|p1a: Boodro|234\/377 psn|[from] item: Leftovers
|-damage|p1a: Boodro|187\/377 psn|[from] psn
|turn|21
|
|move|p2a: Lucario|Bullet Punch|p1a: Boodro
|-supereffective|p1a: Boodro
|-damage|p1a: Boodro|0 fnt
|-damage|p2a: Lucario|105\/281|[from] item: Life Orb
|faint|p1a: Boodro
|
|
|switch|p1a: Venetia Shield|Doublade, F, shiny|309\/309
|-damage|p1a: Venetia Shield|290\/309|[from] Stealth Rock
|turn|22
|
|switch|p2a: Suicune|Suicune|404\/404 slp
|-damage|p2a: Suicune|354\/404 slp|[from] Stealth Rock
|-ability|p2a: Suicune|Pressure
|move|p1a: Venetia Shield|Swords Dance|p1a: Venetia Shield
|-boost|p1a: Venetia Shield|atk|2
|
|-heal|p2a: Suicune|379\/404 slp|[from] item: Leftovers
|turn|23
|join|blitzfiend
|
|cant|p2a: Suicune|slp
|move|p2a: Suicune|Sleep Talk|p2a: Suicune
|move|p2a: Suicune|Scald|p1a: Venetia Shield|[from]Sleep Talk
|-damage|p1a: Venetia Shield|190\/309
|move|p1a: Venetia Shield|Shadow Claw|p2a: Suicune
|-crit|p2a: Suicune
|-damage|p2a: Suicune|127\/404 slp
|
|-heal|p2a: Suicune|152\/404 slp|[from] item: Leftovers
|turn|24
|
|cant|p2a: Suicune|slp
|move|p2a: Suicune|Sleep Talk|p2a: Suicune
|move|p2a: Suicune|Calm Mind|p2a: Suicune|[from]Sleep Talk
|-boost|p2a: Suicune|spa|1
|-boost|p2a: Suicune|spd|1
|move|p1a: Venetia Shield|Shadow Claw|p2a: Suicune
|-damage|p2a: Suicune|0 fnt
|faint|p2a: Suicune
|
|
|switch|p2a: Aerodactyl|Aerodactyl, F|301\/301
|-damage|p2a: Aerodactyl|226\/301|[from] Stealth Rock
|-ability|p2a: Aerodactyl|Pressure
|turn|25
|chat|BFoxy|gg?
|
|detailschange|p2a: Aerodactyl|Aerodactyl-Mega, F
|message|Aerodactyl has Mega Evolved into Mega Aerodactyl!
|move|p2a: Aerodactyl|Crunch|p1a: Venetia Shield
|-supereffective|p1a: Venetia Shield
|-damage|p1a: Venetia Shield|54\/309
|move|p1a: Venetia Shield|Iron Head|p2a: Aerodactyl
|-supereffective|p2a: Aerodactyl
|-damage|p2a: Aerodactyl|0 fnt
|faint|p2a: Aerodactyl
|
|
|switch|p2a: Dugtrio|Dugtrio, M|177\/211
|-damage|p2a: Dugtrio|164\/211|[from] Stealth Rock
|turn|26
|
|move|p2a: Dugtrio|Earthquake|p1a: Venetia Shield
|-supereffective|p1a: Venetia Shield
|-damage|p1a: Venetia Shield|0 fnt
|-damage|p2a: Dugtrio|143\/211|[from] item: Life Orb
|faint|p1a: Venetia Shield
|
|
|switch|p1a: Landing Strip?|Rotom-Mow|109\/241
|-damage|p1a: Landing Strip?|79\/241|[from] Stealth Rock
|turn|27
|
|move|p1a: Landing Strip?|Leaf Storm|p2a: Dugtrio
|-crit|p2a: Dugtrio
|-supereffective|p2a: Dugtrio
|-damage|p2a: Dugtrio|0 fnt
|-unboost|p1a: Landing Strip?|spa|2
|faint|p2a: Dugtrio
|
|
|switch|p2a: Lucario|Lucario, M|105\/281
|-damage|p2a: Lucario|97\/281|[from] Stealth Rock
|turn|28
|
|move|p2a: Lucario|Extreme Speed|p1a: Landing Strip?
|-damage|p1a: Landing Strip?|0 fnt
|-damage|p2a: Lucario|69\/281|[from] item: Life Orb
|faint|p1a: Landing Strip?
|
|
|switch|p1a: Teen Mom|Blissey, F|346\/651
|-status|p1a: Teen Mom|psn
|-damage|p1a: Teen Mom|265\/651 psn|[from] Stealth Rock
|turn|29
|
|move|p2a: Lucario|Close Combat|p1a: Teen Mom
|-supereffective|p1a: Teen Mom
|-damage|p1a: Teen Mom|0 fnt
|-unboost|p2a: Lucario|def|1
|-unboost|p2a: Lucario|spd|1
|-damage|p2a: Lucario|41\/281|[from] item: Life Orb
|faint|p1a: Teen Mom
|
|
|switch|p1a: Cerberus|Houndoom, M|291\/291
|-damage|p1a: Cerberus|219\/291|[from] Stealth Rock
|-status|p1a: Cerberus|psn
|turn|30
|
|detailschange|p1a: Cerberus|Houndoom-Mega, M
|message|Houndoom has Mega Evolved into Mega Houndoom!
|move|p2a: Lucario|Extreme Speed|p1a: Cerberus
|-crit|p1a: Cerberus
|-damage|p1a: Cerberus|2\/291 psn
|-damage|p2a: Lucario|13\/281|[from] item: Life Orb
|move|p1a: Cerberus|Dark Pulse|p2a: Lucario
|-resisted|p2a: Lucario
|-damage|p2a: Lucario|0 fnt
|faint|p2a: Lucario
|
|win|BFoxy
|raw|Ladder updating...
|raw|BFoxy's rating: 1585 &rarr; <strong>1604<\/strong><br \/>(+19 for winning)
|raw|dudman's rating: 1560 &rarr; <strong>1542<\/strong><br \/>(-18 for losing)
|chat|dudman|o
|chat|dudman|lol
|chat|dudman|gg
|chat|BFoxy|gg