|join|TheAmphy
|join|BFoxy
|player|p1|TheAmphy|146
|player|p2|BFoxy|172
|gametype|singles
|gen|6
|tier|UU
|rated
|rule|Sleep Clause Mod: Limit one foe put to sleep
|rule|Species Clause: Limit one of each PokÃ©mon
|rule|OHKO Clause: OHKO moves are banned
|rule|Moody Clause: Moody is banned
|rule|Evasion Moves Clause: Evasion moves are banned
|rule|Endless Battle Clause: Forcing endless battles is banned
|rule|HP Percentage Mod: HP is shown in percentages
|clearpoke
|poke|p1|Honchkrow, M
|poke|p1|Chandelure, F, shiny
|poke|p1|Roserade, M
|poke|p1|Swampert, F
|poke|p1|Mienshao, F
|poke|p1|Forretress, M
|poke|p2|Jellicent, M
|poke|p2|Zygarde
|poke|p2|Aggron, M
|poke|p2|Blissey, F
|poke|p2|Forretress, M, shiny
|poke|p2|Aromatisse, F
|rule|Swagger Clause: Swagger is banned
|rule|Baton Pass Clause: Limit one PokÃ©mon knowing Baton Pass
|teampreview
|
|start
|switch|p1a: Mienshao|Mienshao, F|271\/271
|switch|p2a: Walnut|Forretress, M, shiny|353\/353
|turn|1
|
|move|p1a: Mienshao|U-turn|p2a: Walnut
|-resisted|p2a: Walnut
|-damage|p2a: Walnut|329\/353
|
|switch|p1a: Lumiere|Chandelure, F, shiny|261\/261
|move|p2a: Walnut|Spikes|p1a: Lumiere
|-sidestart|p1: TheAmphy|Spikes
|
|-heal|p2a: Walnut|351\/353|[from] item: Leftovers
|turn|2
|
|switch|p2a: Terramorphous|Zygarde|404\/404
|-ability|p2a: Terramorphous|Aura Break
|move|p1a: Lumiere|Trick|p2a: Terramorphous
|-activate|p1a: Lumiere|move: Trick|[of] p2a: Terramorphous
|-item|p2a: Terramorphous|Choice Specs|[from] move: Trick
|-item|p1a: Lumiere|Leftovers|[from] move: Trick
|
|turn|3
|
|switch|p2a: Pringles|Jellicent, M|403\/403
|switch|p1a: Fort Knox|Forretress, M|354\/354
|-damage|p1a: Fort Knox|310\/354|[from] Spikes
|
|-heal|p1a: Fort Knox|332\/354|[from] item: Leftovers
|turn|4
|
|switch|p1a: I'm Fabulous|Roserade, M|261\/261
|-damage|p1a: I'm Fabulous|229\/261|[from] Spikes
|move|p2a: Pringles|Taunt|p1a: I'm Fabulous
|-start|p1a: I'm Fabulous|move: Taunt
|
|turn|5
|
|switch|p1a: Tsunami|Swampert, F|401\/401
|-damage|p1a: Tsunami|351\/401|[from] Spikes
|switch|p2a: Teen Mom|Blissey, F|714\/714
|
|-heal|p1a: Tsunami|376\/401|[from] item: Leftovers
|turn|6
|
|move|p2a: Teen Mom|Seismic Toss|p1a: Tsunami
|-damage|p1a: Tsunami|276\/401
|move|p1a: Tsunami|Stealth Rock|p2a: Teen Mom
|-sidestart|p2: BFoxy|move: Stealth Rock
|
|-heal|p1a: Tsunami|301\/401|[from] item: Leftovers
|turn|7
|
|move|p2a: Teen Mom|Seismic Toss|p1a: Tsunami
|-damage|p1a: Tsunami|201\/401
|move|p1a: Tsunami|Earthquake|p2a: Teen Mom
|-damage|p2a: Teen Mom|459\/714
|
|-heal|p2a: Teen Mom|503\/714|[from] item: Leftovers
|-heal|p1a: Tsunami|226\/401|[from] item: Leftovers
|turn|8
|
|switch|p1a: Lumiere|Chandelure, F, shiny|261\/261
|-damage|p1a: Lumiere|229\/261|[from] Spikes
|move|p2a: Teen Mom|Wish|p2a: Teen Mom
|
|-heal|p1a: Lumiere|245\/261|[from] item: Leftovers
|-heal|p2a: Teen Mom|547\/714|[from] item: Leftovers
|turn|9
|
|switch|p2a: Terramorphous|Zygarde|404\/404
|-damage|p2a: Terramorphous|379\/404|[from] Stealth Rock
|-ability|p2a: Terramorphous|Aura Break
|move|p1a: Lumiere|Fire Blast|p2a: Terramorphous|[miss]
|-miss|p1a: Lumiere|p2a: Terramorphous
|
|-heal|p2a: Terramorphous|404\/404|[from] move: Wish|[wisher] Teen Mom
|-heal|p1a: Lumiere|261\/261|[from] item: Leftovers
|turn|10
|
|switch|p2a: Walnut|Forretress, M, shiny|351\/353
|-damage|p2a: Walnut|307\/353|[from] Stealth Rock
|switch|p1a: Fort Knox|Forretress, M|332\/354
|-damage|p1a: Fort Knox|288\/354|[from] Spikes
|
|-heal|p2a: Walnut|329\/353|[from] item: Leftovers
|-heal|p1a: Fort Knox|310\/354|[from] item: Leftovers
|turn|11
|
|move|p2a: Walnut|Volt Switch|p1a: Fort Knox
|-damage|p1a: Fort Knox|253\/354
|
|switch|p2a: Pringles|Jellicent, M|403\/403
|-damage|p2a: Pringles|353\/403|[from] Stealth Rock
|move|p1a: Fort Knox|Rapid Spin|p2a: Pringles
|-immune|p2a: Pringles|[msg]
|
|-heal|p2a: Pringles|378\/403|[from] item: Leftovers
|-heal|p1a: Fort Knox|275\/354|[from] item: Leftovers
|turn|12
|-message|TheAmphy forfeited.
|
|win|BFoxy
|raw|Ladder updating...
|leave|TheAmphy
|player|p1
|raw|TheAmphy's rating: 1680 &rarr; <strong>1654<\/strong><br \/>(-26 for losing)
|raw|BFoxy's rating: 1576 &rarr; <strong>1602<\/strong><br \/>(+26 for winning)