|join|BFoxy
|join|SuperSawgy
|player|p1|BFoxy|161
|player|p2|SuperSawgy|150
|gametype|singles
|gen|6
|tier|UU
|rated
|rule|Sleep Clause Mod: Limit one foe put to sleep
|rule|Species Clause: Limit one of each PokÃ©mon
|rule|OHKO Clause: OHKO moves are banned
|rule|Moody Clause: Moody is banned
|rule|Evasion Moves Clause: Evasion moves are banned
|rule|Endless Battle Clause: Forcing endless battles is banned
|rule|HP Percentage Mod: HP is shown in percentages
|clearpoke
|poke|p1|Doublade, M, shiny
|poke|p1|Granbull, M
|poke|p1|Blissey, F
|poke|p1|Houndoom, M
|poke|p1|Tentacruel, M
|poke|p1|Rotom-Mow
|poke|p2|Mienshao, M
|poke|p2|Jirachi
|poke|p2|Crobat, M
|poke|p2|Ampharos, F
|poke|p2|Swampert, F
|poke|p2|Umbreon, F
|rule|Swagger Clause: Swagger is banned
|rule|Baton Pass Clause: Limit one PokÃ©mon knowing Baton Pass
|teampreview
|
|start
|switch|p1a: Kraken|Tentacruel, M|361\/361
|switch|p2a: Ampharos|Ampharos, F|351\/351
|turn|1
|
|switch|p1a: Teen Mom|Blissey, F|651\/651
|detailschange|p2a: Ampharos|Ampharos-Mega, F
|message|Ampharos has Mega Evolved into Mega Ampharos!
|-ability|p2a: Ampharos|Mold Breaker
|move|p2a: Ampharos|Volt Switch|p1a: Teen Mom
|-damage|p1a: Teen Mom|542\/651
|
|switch|p2a: Mienshao|Mienshao, M|271\/271
|
|-heal|p1a: Teen Mom|582\/651|[from] item: Leftovers
|turn|2
|
|switch|p1a: Boodro|Granbull, M|377\/377
|-ability|p1a: Boodro|Intimidate|[of] p2a: Mienshao
|-unboost|p2a: Mienshao|atk|1
|move|p2a: Mienshao|U-turn|p1a: Boodro
|-resisted|p1a: Boodro
|-damage|p1a: Boodro|354\/377
|
|switch|p2a: Jirachi|Jirachi|342\/342
|
|-heal|p1a: Boodro|377\/377|[from] item: Leftovers
|turn|3
|
|switch|p2a: Ampharos|Ampharos-Mega, F|351\/351
|-ability|p2a: Ampharos|Mold Breaker
|move|p1a: Boodro|Earthquake|p2a: Ampharos
|-supereffective|p2a: Ampharos
|-damage|p2a: Ampharos|167\/351
|
|turn|4
|
|switch|p2a: Crobat|Crobat, M|342\/342
|switch|p1a: Teen Mom|Blissey, F|582\/651
|
|-heal|p1a: Teen Mom|622\/651|[from] item: Leftovers
|turn|5
|
|move|p2a: Crobat|U-turn|p1a: Teen Mom
|-damage|p1a: Teen Mom|506\/651
|
|switch|p2a: Jirachi|Jirachi|342\/342
|move|p1a: Teen Mom|Stealth Rock|p2a: Jirachi
|-sidestart|p2: SuperSawgy|move: Stealth Rock
|
|-heal|p1a: Teen Mom|546\/651|[from] item: Leftovers
|turn|6
|
|switch|p1a: Kraken|Tentacruel, M|361\/361
|move|p2a: Jirachi|Substitute|p2a: Jirachi
|-start|p2a: Jirachi|Substitute
|-damage|p2a: Jirachi|257\/342
|
|-heal|p2a: Jirachi|278\/342|[from] item: Leftovers
|turn|7
|
|move|p2a: Jirachi|Fire Punch|p1a: Kraken
|-resisted|p1a: Kraken
|-damage|p1a: Kraken|327\/361
|-status|p1a: Kraken|brn
|move|p1a: Kraken|Scald|p2a: Jirachi
|-activate|p2a: Jirachi|Substitute|[damage]
|
|-heal|p2a: Jirachi|299\/342|[from] item: Leftovers
|-heal|p1a: Kraken|349\/361 brn|[from] item: Leftovers
|-damage|p1a: Kraken|304\/361 brn|[from] brn
|turn|8
|
|switch|p1a: Cerberus|Houndoom, M|291\/291
|move|p2a: Jirachi|Iron Head|p1a: Cerberus
|-resisted|p1a: Cerberus
|-damage|p1a: Cerberus|186\/291
|
|-heal|p2a: Jirachi|320\/342|[from] item: Leftovers
|turn|9
|
|detailschange|p1a: Cerberus|Houndoom-Mega, M
|message|Houndoom has Mega Evolved into Mega Houndoom!
|move|p2a: Jirachi|Iron Head|p1a: Cerberus
|-resisted|p1a: Cerberus
|-damage|p1a: Cerberus|108\/291
|cant|p1a: Cerberus|flinch
|
|-heal|p2a: Jirachi|341\/342|[from] item: Leftovers
|turn|10
|
|move|p1a: Cerberus|Dark Pulse|p2a: Jirachi
|-supereffective|p2a: Jirachi
|-end|p2a: Jirachi|Substitute
|move|p2a: Jirachi|Toxic|p1a: Cerberus
|-status|p1a: Cerberus|tox
|
|-heal|p2a: Jirachi|342\/342|[from] item: Leftovers
|-damage|p1a: Cerberus|90\/291 tox|[from] psn
|turn|11
|
|switch|p1a: Boodro|Granbull, M|377\/377
|-ability|p1a: Boodro|Intimidate|[of] p2a: Jirachi
|-unboost|p2a: Jirachi|atk|1
|switch|p2a: Umbreon|Umbreon, F|394\/394
|-damage|p2a: Umbreon|345\/394|[from] Stealth Rock
|
|-heal|p2a: Umbreon|369\/394|[from] item: Leftovers
|turn|12
|
|move|p2a: Umbreon|Wish|p2a: Umbreon
|move|p1a: Boodro|Heal Bell|p1a: Boodro
|-cureteam|p1a: Boodro|[from] move: HealBell
|
|-heal|p2a: Umbreon|393\/394|[from] item: Leftovers
|turn|13
|
|switch|p2a: Swampert|Swampert, F|404\/404
|-damage|p2a: Swampert|379\/404|[from] Stealth Rock
|move|p1a: Boodro|Earthquake|p2a: Swampert
|-crit|p2a: Swampert
|-damage|p2a: Swampert|247\/404
|
|-heal|p2a: Swampert|404\/404|[from] move: Wish|[wisher] Umbreon
|turn|14
|
|switch|p1a: Landing Strip?|Rotom-Mow|241\/241
|move|p2a: Swampert|Stealth Rock|p1a: Landing Strip?
|-sidestart|p1: BFoxy|move: Stealth Rock
|
|turn|15
|
|move|p1a: Landing Strip?|Volt Switch|p2a: Swampert
|-immune|p2a: Swampert|[msg]
|move|p2a: Swampert|Scald|p1a: Landing Strip?
|-resisted|p1a: Landing Strip?
|-damage|p1a: Landing Strip?|202\/241
|-status|p1a: Landing Strip?|brn
|
|-damage|p1a: Landing Strip?|172\/241 brn|[from] brn
|turn|16
|
|switch|p1a: Teen Mom|Blissey, F|546\/651
|-damage|p1a: Teen Mom|465\/651|[from] Stealth Rock
|move|p2a: Swampert|Roar|p1a: Teen Mom
|drag|p1a: Cerberus|Houndoom-Mega, M|90\/291
|-damage|p1a: Cerberus|18\/291|[from] Stealth Rock
|
|turn|17
|
|switch|p1a: Teen Mom|Blissey, F|465\/651
|-damage|p1a: Teen Mom|384\/651|[from] Stealth Rock
|move|p2a: Swampert|Scald|p1a: Teen Mom
|-damage|p1a: Teen Mom|332\/651
|
|-heal|p1a: Teen Mom|372\/651|[from] item: Leftovers
|turn|18
|
|switch|p2a: Jirachi|Jirachi|342\/342
|-damage|p2a: Jirachi|321\/342|[from] Stealth Rock
|move|p1a: Teen Mom|Toxic|p2a: Jirachi
|-fail|p2a: Jirachi
|
|-heal|p2a: Jirachi|342\/342|[from] item: Leftovers
|-heal|p1a: Teen Mom|412\/651|[from] item: Leftovers
|turn|19
|
|switch|p1a: Kraken|Tentacruel, M|304\/361
|-damage|p1a: Kraken|259\/361|[from] Stealth Rock
|move|p2a: Jirachi|Substitute|p2a: Jirachi
|-start|p2a: Jirachi|Substitute
|-damage|p2a: Jirachi|257\/342
|
|-heal|p2a: Jirachi|278\/342|[from] item: Leftovers
|-heal|p1a: Kraken|281\/361|[from] item: Leftovers
|turn|20
|
|move|p2a: Jirachi|Fire Punch|p1a: Kraken
|-resisted|p1a: Kraken
|-damage|p1a: Kraken|244\/361
|move|p1a: Kraken|Rapid Spin|p2a: Jirachi
|-resisted|p2a: Jirachi
|-activate|p2a: Jirachi|Substitute|[damage]
|-sideend|p1: BFoxy|Stealth Rock|[from] move: Rapid Spin|[of] p1a: Kraken
|
|-heal|p2a: Jirachi|299\/342|[from] item: Leftovers
|-heal|p1a: Kraken|266\/361|[from] item: Leftovers
|turn|21
|
|move|p1a: Kraken|Protect|p1a: Kraken
|-singleturn|p1a: Kraken|Protect
|move|p2a: Jirachi|Fire Punch|p1a: Kraken
|-activate|p1a: Kraken|Protect
|
|-heal|p2a: Jirachi|320\/342|[from] item: Leftovers
|-heal|p1a: Kraken|288\/361|[from] item: Leftovers
|turn|22
|
|move|p2a: Jirachi|Fire Punch|p1a: Kraken
|-resisted|p1a: Kraken
|-damage|p1a: Kraken|255\/361
|move|p1a: Kraken|Scald|p2a: Jirachi
|-activate|p2a: Jirachi|Substitute|[damage]
|
|-heal|p2a: Jirachi|341\/342|[from] item: Leftovers
|-heal|p1a: Kraken|277\/361|[from] item: Leftovers
|turn|23
|
|move|p1a: Kraken|Protect|p1a: Kraken
|-singleturn|p1a: Kraken|Protect
|move|p2a: Jirachi|Fire Punch|p1a: Kraken
|-activate|p1a: Kraken|Protect
|
|-heal|p2a: Jirachi|342\/342|[from] item: Leftovers
|-heal|p1a: Kraken|299\/361|[from] item: Leftovers
|turn|24
|
|move|p2a: Jirachi|Fire Punch|p1a: Kraken
|-resisted|p1a: Kraken
|-damage|p1a: Kraken|262\/361
|move|p1a: Kraken|Scald|p2a: Jirachi
|-end|p2a: Jirachi|Substitute
|
|-heal|p1a: Kraken|284\/361|[from] item: Leftovers
|turn|25
|
|move|p2a: Jirachi|Substitute|p2a: Jirachi
|-start|p2a: Jirachi|Substitute
|-damage|p2a: Jirachi|257\/342
|move|p1a: Kraken|Scald|p2a: Jirachi
|-activate|p2a: Jirachi|Substitute|[damage]
|
|-heal|p2a: Jirachi|278\/342|[from] item: Leftovers
|-heal|p1a: Kraken|306\/361|[from] item: Leftovers
|turn|26
|
|move|p1a: Kraken|Protect|p1a: Kraken
|-singleturn|p1a: Kraken|Protect
|move|p2a: Jirachi|Fire Punch|p1a: Kraken
|-activate|p1a: Kraken|Protect
|
|-heal|p2a: Jirachi|299\/342|[from] item: Leftovers
|-heal|p1a: Kraken|328\/361|[from] item: Leftovers
|turn|27
|
|move|p2a: Jirachi|Fire Punch|p1a: Kraken
|-resisted|p1a: Kraken
|-damage|p1a: Kraken|294\/361
|move|p1a: Kraken|Scald|p2a: Jirachi
|-end|p2a: Jirachi|Substitute
|
|-heal|p2a: Jirachi|320\/342|[from] item: Leftovers
|-heal|p1a: Kraken|316\/361|[from] item: Leftovers
|turn|28
|
|switch|p2a: Umbreon|Umbreon, F|393\/394
|-damage|p2a: Umbreon|344\/394|[from] Stealth Rock
|move|p1a: Kraken|Toxic Spikes|p2a: Umbreon
|-sidestart|p2: SuperSawgy|move: Toxic Spikes
|
|-heal|p1a: Kraken|338\/361|[from] item: Leftovers
|-heal|p2a: Umbreon|368\/394|[from] item: Leftovers
|turn|29
|
|switch|p1a: Teen Mom|Blissey, F|412\/651
|move|p2a: Umbreon|Wish|p2a: Umbreon
|
|-heal|p2a: Umbreon|392\/394|[from] item: Leftovers
|-heal|p1a: Teen Mom|452\/651|[from] item: Leftovers
|turn|30
|
|switch|p2a: Crobat|Crobat, M|342\/342
|-damage|p2a: Crobat|257\/342|[from] Stealth Rock
|move|p1a: Teen Mom|Toxic|p2a: Crobat
|-fail|p2a: Crobat
|
|-heal|p2a: Crobat|342\/342|[from] move: Wish|[wisher] Umbreon
|-heal|p1a: Teen Mom|492\/651|[from] item: Leftovers
|turn|31
|
|move|p2a: Crobat|Defog|p1a: Teen Mom
|-unboost|p1a: Teen Mom|evasion|1
|-sideend|p2: SuperSawgy|Toxic Spikes|[from] move: Defog|[of] p2a: Crobat
|-sideend|p2: SuperSawgy|Stealth Rock|[from] move: Defog|[of] p2a: Crobat
|move|p1a: Teen Mom|Stealth Rock|p2a: Crobat
|-sidestart|p2: SuperSawgy|move: Stealth Rock
|
|-heal|p1a: Teen Mom|532\/651|[from] item: Leftovers
|turn|32
|
|move|p2a: Crobat|Defog|p1a: Teen Mom
|-unboost|p1a: Teen Mom|evasion|1
|-sideend|p2: SuperSawgy|Stealth Rock|[from] move: Defog|[of] p2a: Crobat
|move|p1a: Teen Mom|Seismic Toss|p2a: Crobat
|-damage|p2a: Crobat|242\/342
|
|-heal|p2a: Crobat|263\/342|[from] item: Black Sludge
|-heal|p1a: Teen Mom|572\/651|[from] item: Leftovers
|turn|33
|
|switch|p2a: Jirachi|Jirachi|320\/342
|move|p1a: Teen Mom|Seismic Toss|p2a: Jirachi
|-damage|p2a: Jirachi|220\/342
|
|-heal|p2a: Jirachi|241\/342|[from] item: Leftovers
|-heal|p1a: Teen Mom|612\/651|[from] item: Leftovers
|turn|34
|
|switch|p2a: Ampharos|Ampharos-Mega, F|167\/351
|-ability|p2a: Ampharos|Mold Breaker
|move|p1a: Teen Mom|Stealth Rock|p2a: Ampharos
|-sidestart|p2: SuperSawgy|move: Stealth Rock
|
|-heal|p1a: Teen Mom|651\/651|[from] item: Leftovers
|turn|35
|
|move|p2a: Ampharos|Volt Switch|p1a: Teen Mom
|-damage|p1a: Teen Mom|549\/651
|
|switch|p2a: Umbreon|Umbreon, F|392\/394
|-damage|p2a: Umbreon|343\/394|[from] Stealth Rock
|move|p1a: Teen Mom|Seismic Toss|p2a: Umbreon
|-damage|p2a: Umbreon|243\/394
|
|-heal|p2a: Umbreon|267\/394|[from] item: Leftovers
|-heal|p1a: Teen Mom|589\/651|[from] item: Leftovers
|turn|36
|
|move|p2a: Umbreon|Wish|p2a: Umbreon
|move|p1a: Teen Mom|Toxic|p2a: Umbreon
|-status|p2a: Umbreon|tox
|-status|p1a: Teen Mom|tox
|
|-heal|p2a: Umbreon|291\/394 tox|[from] item: Leftovers
|-heal|p1a: Teen Mom|629\/651 tox|[from] item: Leftovers
|-damage|p2a: Umbreon|267\/394 tox|[from] psn
|-damage|p1a: Teen Mom|589\/651 tox|[from] psn
|turn|37
|
|move|p2a: Umbreon|Heal Bell|p2a: Umbreon
|-cureteam|p2a: Umbreon|[from] move: HealBell
|move|p1a: Teen Mom|Seismic Toss|p2a: Umbreon
|-damage|p2a: Umbreon|167\/394
|
|-heal|p2a: Umbreon|364\/394|[from] move: Wish|[wisher] Umbreon
|-heal|p2a: Umbreon|388\/394|[from] item: Leftovers
|-heal|p1a: Teen Mom|629\/651 tox|[from] item: Leftovers
|-damage|p1a: Teen Mom|549\/651 tox|[from] psn
|turn|38
|
|move|p2a: Umbreon|Wish|p2a: Umbreon
|move|p1a: Teen Mom|Toxic|p2a: Umbreon
|-status|p2a: Umbreon|tox
|
|-heal|p2a: Umbreon|394\/394 tox|[from] item: Leftovers
|-heal|p1a: Teen Mom|589\/651 tox|[from] item: Leftovers
|-damage|p2a: Umbreon|370\/394 tox|[from] psn
|-damage|p1a: Teen Mom|469\/651 tox|[from] psn
|turn|39
|
|switch|p2a: Ampharos|Ampharos-Mega, F|167\/351
|-damage|p2a: Ampharos|124\/351|[from] Stealth Rock
|-ability|p2a: Ampharos|Mold Breaker
|move|p1a: Teen Mom|Seismic Toss|p2a: Ampharos
|-damage|p2a: Ampharos|24\/351
|
|-heal|p2a: Ampharos|221\/351|[from] move: Wish|[wisher] Umbreon
|-heal|p1a: Teen Mom|509\/651 tox|[from] item: Leftovers
|-damage|p1a: Teen Mom|349\/651 tox|[from] psn
|turn|40
|
|move|p2a: Ampharos|Focus Blast|p1a: Teen Mom
|-supereffective|p1a: Teen Mom
|-damage|p1a: Teen Mom|119\/651 tox
|move|p1a: Teen Mom|Soft-Boiled|p1a: Teen Mom
|-heal|p1a: Teen Mom|445\/651 tox
|
|-heal|p1a: Teen Mom|485\/651 tox|[from] item: Leftovers
|-damage|p1a: Teen Mom|285\/651 tox|[from] psn
|turn|41
|
|switch|p1a: Landing Strip?|Rotom-Mow|172\/241 brn
|move|p2a: Ampharos|Volt Switch|p1a: Landing Strip?
|-resisted|p1a: Landing Strip?
|-damage|p1a: Landing Strip?|131\/241 brn
|
|switch|p2a: Crobat|Crobat, M|263\/342
|-damage|p2a: Crobat|178\/342|[from] Stealth Rock
|
|-heal|p2a: Crobat|199\/342|[from] item: Black Sludge
|-damage|p1a: Landing Strip?|101\/241 brn|[from] brn
|turn|42
|
|switch|p2a: Swampert|Swampert, F|404\/404
|-damage|p2a: Swampert|379\/404|[from] Stealth Rock
|move|p1a: Landing Strip?|Leaf Storm|p2a: Swampert
|-supereffective|p2a: Swampert
|-damage|p2a: Swampert|0 fnt
|-unboost|p1a: Landing Strip?|spa|2
|faint|p2a: Swampert
|
|-damage|p1a: Landing Strip?|71\/241 brn|[from] brn
|c|âBFoxy|lol nice try
|c|âSuperSawgy|=(
|c|âSuperSawgy|I actually thought you would switch
|
|switch|p2a: Mienshao|Mienshao, M|271\/271
|-damage|p2a: Mienshao|255\/271|[from] Stealth Rock
|turn|43
|c|âBFoxy|bc crobat threatens rotom how?
|c|âSuperSawgy|I thought you were specs
|
|switch|p1a: Boodro|Granbull, M|377\/377
|-ability|p1a: Boodro|Intimidate|[of] p2a: Mienshao
|-unboost|p2a: Mienshao|atk|1
|move|p2a: Mienshao|U-turn|p1a: Boodro
|-resisted|p1a: Boodro
|-damage|p1a: Boodro|354\/377
|c|âBFoxy|i swithc back and forth
|
|switch|p2a: Jirachi|Jirachi|241\/342
|-damage|p2a: Jirachi|220\/342|[from] Stealth Rock
|
|-heal|p2a: Jirachi|241\/342|[from] item: Leftovers
|-heal|p1a: Boodro|377\/377|[from] item: Leftovers
|turn|44
|c|âSuperSawgy|wow lol
|
|move|p2a: Jirachi|Iron Head|p1a: Boodro
|-supereffective|p1a: Boodro
|-damage|p1a: Boodro|167\/377
|cant|p1a: Boodro|flinch
|
|-heal|p2a: Jirachi|262\/342|[from] item: Leftovers
|-heal|p1a: Boodro|190\/377|[from] item: Leftovers
|turn|45
|c|âBFoxy|can't have people thinking they can read my team lol
|c|âSuperSawgy|lol well it worked
|
|switch|p2a: Ampharos|Ampharos-Mega, F|221\/351
|-damage|p2a: Ampharos|178\/351|[from] Stealth Rock
|-ability|p2a: Ampharos|Mold Breaker
|switch|p1a: Kraken|Tentacruel, M|338\/361
|
|-heal|p1a: Kraken|360\/361|[from] item: Leftovers
|turn|46
|
|switch|p1a: Cerberus|Houndoom-Mega, M|18\/291
|move|p2a: Ampharos|Volt Switch|p1a: Cerberus
|-damage|p1a: Cerberus|0 fnt
|faint|p1a: Cerberus
|
|switch|p2a: Mienshao|Mienshao, M|255\/271
|-damage|p2a: Mienshao|239\/271|[from] Stealth Rock
|
|
|switch|p1a: Boodro|Granbull, M|190\/377
|-ability|p1a: Boodro|Intimidate|[of] p2a: Mienshao
|-unboost|p2a: Mienshao|atk|1
|turn|47
|
|move|p2a: Mienshao|U-turn|p1a: Boodro
|-resisted|p1a: Boodro
|-damage|p1a: Boodro|166\/377
|
|switch|p2a: Crobat|Crobat, M|199\/342
|-damage|p2a: Crobat|114\/342|[from] Stealth Rock
|move|p1a: Boodro|Thunder Wave|p2a: Crobat
|-status|p2a: Crobat|par
|
|-heal|p1a: Boodro|189\/377|[from] item: Leftovers
|-heal|p2a: Crobat|135\/342 par|[from] item: Black Sludge
|turn|48
|
|switch|p1a: Teen Mom|Blissey, F|285\/651
|cant|p2a: Crobat|par
|
|-heal|p1a: Teen Mom|325\/651|[from] item: Leftovers
|-heal|p2a: Crobat|156\/342 par|[from] item: Black Sludge
|turn|49
|c|âSuperSawgy|ughhh I don't have time for this
|c|âSuperSawgy|gg
|c|âBFoxy|gg
|-message|SuperSawgy forfeited.
|leave|SuperSawgy
|
|win|BFoxy
|raw|Ladder updating...
|raw|BFoxy's rating: 1558 &rarr; <strong>1573<\/strong><br \/>(+15 for winning)
|raw|SuperSawgy's rating: 1472 &rarr; <strong>1457<\/strong><br \/>(-15 for losing)
|player|p2