|join|COMESTOANEND
|join|BFoxy
|player|p1|COMESTOANEND|168
|player|p2|BFoxy|172
|gametype|singles
|gen|6
|tier|UU
|rated
|rule|Sleep Clause Mod: Limit one foe put to sleep
|rule|Species Clause: Limit one of each PokÃ©mon
|rule|OHKO Clause: OHKO moves are banned
|rule|Moody Clause: Moody is banned
|rule|Evasion Moves Clause: Evasion moves are banned
|rule|Endless Battle Clause: Forcing endless battles is banned
|rule|HP Percentage Mod: HP is shown in percentages
|clearpoke
|poke|p1|Alakazam, M
|poke|p1|Whimsicott, F
|poke|p1|Blastoise, F
|poke|p1|Blissey, F, shiny
|poke|p1|Nidoqueen, F
|poke|p1|Krookodile, M
|poke|p2|Jellicent, M
|poke|p2|Zygarde
|poke|p2|Aggron, F
|poke|p2|Blissey, F
|poke|p2|Forretress, M, shiny
|poke|p2|Aromatisse, F
|rule|Swagger Clause: Swagger is banned
|rule|Baton Pass Clause: Limit one PokÃ©mon knowing Baton Pass
|teampreview
|c|âCOMESTOANEND|hi lol
|c|âCOMESTOANEND|gl
|c|âBFoxy|thanks u2
|
|start
|switch|p1a: Nidoqueen|Nidoqueen, F|383\/383
|switch|p2a: Pringles|Jellicent, M|403\/403
|turn|1
|
|switch|p1a: Blissey|Blissey, F, shiny|713\/713
|move|p2a: Pringles|Scald|p1a: Blissey
|-crit|p1a: Blissey
|-damage|p1a: Blissey|619\/713
|
|-heal|p1a: Blissey|663\/713|[from] item: Leftovers
|turn|2
|
|switch|p1a: Blastoise|Blastoise, F|359\/359
|move|p2a: Pringles|Taunt|p1a: Blastoise
|-start|p1a: Blastoise|move: Taunt
|
|turn|3
|
|detailschange|p1a: Blastoise|Blastoise-Mega, F
|message|Blastoise has Mega Evolved into Mega Blastoise!
|move|p1a: Blastoise|Dark Pulse|p2a: Pringles
|-supereffective|p2a: Pringles
|-damage|p2a: Pringles|125\/403
|move|p2a: Pringles|Will-O-Wisp|p1a: Blastoise
|-status|p1a: Blastoise|brn
|
|-heal|p2a: Pringles|150\/403|[from] item: Leftovers
|-damage|p1a: Blastoise|315\/359 brn|[from] brn
|turn|4
|
|switch|p1a: Blissey|Blissey, F, shiny|663\/713
|switch|p2a: Teen Mom|Blissey, F|714\/714
|
|-heal|p1a: Blissey|707\/713|[from] item: Leftovers
|turn|5
|
|move|p1a: Blissey|Stealth Rock|p2a: Teen Mom
|-sidestart|p2: BFoxy|move: Stealth Rock
|move|p2a: Teen Mom|Wish|p2a: Teen Mom
|
|-heal|p1a: Blissey|713\/713|[from] item: Leftovers
|turn|6
|
|switch|p2a: Pringles|Jellicent, M|150\/403
|-damage|p2a: Pringles|100\/403|[from] Stealth Rock
|switch|p1a: Krookodile|Krookodile, M|331\/331
|-ability|p1a: Krookodile|Intimidate|[of] p2a: Pringles
|-unboost|p2a: Pringles|atk|1
|
|-heal|p2a: Pringles|403\/403|[from] move: Wish|[wisher] Teen Mom
|turn|7
|
|switch|p2a: Gooch|Aromatisse, F|405\/405
|-damage|p2a: Gooch|355\/405|[from] Stealth Rock
|move|p1a: Krookodile|Knock Off|p2a: Gooch
|-resisted|p2a: Gooch
|-damage|p2a: Gooch|247\/405
|-enditem|p2a: Gooch|Leftovers|[from] move: Knock Off|[of] p1a: Krookodile
|
|turn|8
|c|âBFoxy|thank god you didnt pursuit
|
|switch|p1a: Nidoqueen|Nidoqueen, F|383\/383
|switch|p2a: Teen Mom|Blissey, F|714\/714
|-damage|p2a: Teen Mom|625\/714|[from] Stealth Rock
|
|-heal|p2a: Teen Mom|669\/714|[from] item: Leftovers
|turn|9
|
|move|p1a: Nidoqueen|Toxic Spikes|p2a: Teen Mom
|-sidestart|p2: BFoxy|move: Toxic Spikes
|move|p2a: Teen Mom|Seismic Toss|p1a: Nidoqueen
|-damage|p1a: Nidoqueen|283\/383
|
|-heal|p1a: Nidoqueen|306\/383|[from] item: Black Sludge
|-heal|p2a: Teen Mom|713\/714|[from] item: Leftovers
|turn|10
|
|switch|p1a: Blissey|Blissey, F, shiny|713\/713
|move|p2a: Teen Mom|Seismic Toss|p1a: Blissey
|-damage|p1a: Blissey|613\/713
|
|-heal|p2a: Teen Mom|714\/714|[from] item: Leftovers
|-heal|p1a: Blissey|657\/713|[from] item: Leftovers
|turn|11
|
|switch|p1a: Krookodile|Krookodile, M|331\/331
|-ability|p1a: Krookodile|Intimidate|[of] p2a: Teen Mom
|-unboost|p2a: Teen Mom|atk|1
|switch|p2a: Walnut|Forretress, M, shiny|353\/353
|-damage|p2a: Walnut|309\/353|[from] Stealth Rock
|
|-heal|p2a: Walnut|331\/353|[from] item: Leftovers
|turn|12
|
|move|p1a: Krookodile|Knock Off|p2a: Walnut
|-damage|p2a: Walnut|187\/353
|-enditem|p2a: Walnut|Leftovers|[from] move: Knock Off|[of] p1a: Krookodile
|move|p2a: Walnut|Rapid Spin|p1a: Krookodile
|-damage|p1a: Krookodile|317\/331
|-sideend|p2: BFoxy|Toxic Spikes|[from] move: Rapid Spin|[of] p2a: Walnut
|-sideend|p2: BFoxy|Stealth Rock|[from] move: Rapid Spin|[of] p2a: Walnut
|
|turn|13
|
|switch|p1a: Blissey|Blissey, F, shiny|657\/713
|move|p2a: Walnut|Spikes|p1a: Blissey
|-sidestart|p1: COMESTOANEND|Spikes
|
|-heal|p1a: Blissey|701\/713|[from] item: Leftovers
|turn|14
|
|move|p1a: Blissey|Stealth Rock|p2a: Walnut
|-sidestart|p2: BFoxy|move: Stealth Rock
|move|p2a: Walnut|Toxic|p1a: Blissey
|-status|p1a: Blissey|tox
|
|-heal|p1a: Blissey|713\/713 tox|[from] item: Leftovers
|-damage|p1a: Blissey|669\/713 tox|[from] psn
|turn|15
|
|move|p1a: Blissey|Seismic Toss|p2a: Walnut
|-damage|p2a: Walnut|87\/353
|move|p2a: Walnut|Rapid Spin|p1a: Blissey
|-damage|p1a: Blissey|647\/713 tox
|-sideend|p2: BFoxy|Stealth Rock|[from] move: Rapid Spin|[of] p2a: Walnut
|
|-heal|p1a: Blissey|691\/713 tox|[from] item: Leftovers
|-damage|p1a: Blissey|603\/713 tox|[from] psn
|turn|16
|
|switch|p2a: Aggron|Aggron, F|344\/344
|move|p1a: Blissey|Seismic Toss|p2a: Aggron
|-damage|p2a: Aggron|244\/344
|
|-heal|p1a: Blissey|647\/713 tox|[from] item: Leftovers
|-damage|p1a: Blissey|515\/713 tox|[from] psn
|turn|17
|
|switch|p1a: Nidoqueen|Nidoqueen, F|306\/383
|-damage|p1a: Nidoqueen|259\/383|[from] Spikes
|detailschange|p2a: Aggron|Aggron-Mega, F
|message|Aggron has Mega Evolved into Mega Aggron!
|move|p2a: Aggron|Stealth Rock|p1a: Nidoqueen
|-sidestart|p1: COMESTOANEND|move: Stealth Rock
|
|-heal|p1a: Nidoqueen|282\/383|[from] item: Black Sludge
|turn|18
|
|switch|p2a: Teen Mom|Blissey, F|714\/714
|move|p1a: Nidoqueen|Toxic Spikes|p2a: Teen Mom
|-sidestart|p2: BFoxy|move: Toxic Spikes
|
|-heal|p1a: Nidoqueen|305\/383|[from] item: Black Sludge
|turn|19
|
|switch|p1a: Blissey|Blissey, F, shiny|515\/713
|-damage|p1a: Blissey|426\/713|[from] Spikes
|-damage|p1a: Blissey|337\/713|[from] Stealth Rock
|move|p2a: Teen Mom|Wish|p2a: Teen Mom
|
|-heal|p1a: Blissey|381\/713|[from] item: Leftovers
|turn|20
|
|switch|p2a: Aggron|Aggron-Mega, F|244\/344
|move|p1a: Blissey|Seismic Toss|p2a: Aggron
|-damage|p2a: Aggron|144\/344
|
|-heal|p2a: Aggron|344\/344|[from] move: Wish|[wisher] Teen Mom
|-heal|p1a: Blissey|425\/713|[from] item: Leftovers
|turn|21
|
|move|p1a: Blissey|Stealth Rock|p2a: Aggron
|-sidestart|p2: BFoxy|move: Stealth Rock
|move|p2a: Aggron|Roar|p1a: Blissey
|drag|p1a: Krookodile|Krookodile, M|317\/331
|-damage|p1a: Krookodile|297\/331|[from] Stealth Rock
|-damage|p1a: Krookodile|256\/331|[from] Spikes
|-ability|p1a: Krookodile|Intimidate|[of] p2a: Aggron
|-unboost|p2a: Aggron|atk|1
|
|turn|22
|
|move|p1a: Krookodile|Earthquake|p2a: Aggron
|-supereffective|p2a: Aggron
|-damage|p2a: Aggron|173\/344
|move|p2a: Aggron|Metal Burst|p1a: Krookodile
|-damage|p1a: Krookodile|0 fnt
|faint|p1a: Krookodile
|
|c|âCOMESTOANEND|lol gg
|
|switch|p1a: Nidoqueen|Nidoqueen, F|305\/383
|-damage|p1a: Nidoqueen|258\/383|[from] Spikes
|-damage|p1a: Nidoqueen|235\/383|[from] Stealth Rock
|turn|23
|c|âBFoxy|lol
|c|âCOMESTOANEND|I dont know why I EQ there
|c|âCOMESTOANEND|rip wincon
|
|switch|p1a: Whimsicott|Whimsicott, F|322\/322
|-damage|p1a: Whimsicott|282\/322|[from] Spikes
|-damage|p1a: Whimsicott|242\/322|[from] Stealth Rock
|switch|p2a: Teen Mom|Blissey, F|714\/714
|-status|p2a: Teen Mom|psn
|-damage|p2a: Teen Mom|625\/714 psn|[from] Stealth Rock
|
|-heal|p1a: Whimsicott|262\/322|[from] item: Leftovers
|-heal|p2a: Teen Mom|669\/714 psn|[from] item: Leftovers
|-damage|p2a: Teen Mom|580\/714 psn|[from] psn
|turn|24
|c|âBFoxy|predicting aromatisse
|c|âBFoxy|eq 2hkoed
|
|move|p1a: Whimsicott|Taunt|p2a: Teen Mom
|-start|p2a: Teen Mom|move: Taunt
|move|p2a: Teen Mom|Seismic Toss|p1a: Whimsicott
|-damage|p1a: Whimsicott|162\/322
|
|-heal|p1a: Whimsicott|182\/322|[from] item: Leftovers
|-heal|p2a: Teen Mom|624\/714 psn|[from] item: Leftovers
|-damage|p2a: Teen Mom|535\/714 psn|[from] psn
|turn|25
|
|move|p1a: Whimsicott|U-turn|p2a: Teen Mom
|-damage|p2a: Teen Mom|484\/714 psn
|
|switch|p1a: Blastoise|Blastoise-Mega, F|315\/359 brn
|-damage|p1a: Blastoise|271\/359 brn|[from] Spikes
|-damage|p1a: Blastoise|227\/359 brn|[from] Stealth Rock
|move|p2a: Teen Mom|Seismic Toss|p1a: Blastoise
|-damage|p1a: Blastoise|127\/359 brn
|
|-heal|p2a: Teen Mom|528\/714 psn|[from] item: Leftovers
|-damage|p1a: Blastoise|83\/359 brn|[from] brn
|-damage|p2a: Teen Mom|439\/714 psn|[from] psn
|turn|26
|
|switch|p2a: Pringles|Jellicent, M|403\/403
|-status|p2a: Pringles|psn
|-damage|p2a: Pringles|353\/403 psn|[from] Stealth Rock
|move|p1a: Blastoise|Dark Pulse|p2a: Pringles
|-supereffective|p2a: Pringles
|-damage|p2a: Pringles|79\/403 psn
|
|-heal|p2a: Pringles|104\/403 psn|[from] item: Leftovers
|-damage|p1a: Blastoise|39\/359 brn|[from] brn
|-damage|p2a: Pringles|54\/403 psn|[from] psn
|turn|27
|
|move|p1a: Blastoise|Rapid Spin|p2a: Pringles
|-immune|p2a: Pringles|[msg]
|move|p2a: Pringles|Recover|p2a: Pringles
|-heal|p2a: Pringles|256\/403 psn
|
|-heal|p2a: Pringles|281\/403 psn|[from] item: Leftovers
|-damage|p1a: Blastoise|0 fnt|[from] brn
|-damage|p2a: Pringles|231\/403 psn|[from] psn
|faint|p1a: Blastoise
|c|âCOMESTOANEND|had to try it xd
|c|âBFoxy|had to risk it myself lol
|c|âCOMESTOANEND|despite the fact that recover was your best play
|
|switch|p1a: Whimsicott|Whimsicott, F|182\/322
|-damage|p1a: Whimsicott|142\/322|[from] Spikes
|-damage|p1a: Whimsicott|102\/322|[from] Stealth Rock
|turn|28
|
|move|p1a: Whimsicott|Moonblast|p2a: Pringles
|-damage|p2a: Pringles|150\/403 psn
|move|p2a: Pringles|Will-O-Wisp|p1a: Whimsicott
|-status|p1a: Whimsicott|brn
|
|-heal|p1a: Whimsicott|122\/322 brn|[from] item: Leftovers
|-heal|p2a: Pringles|175\/403 psn|[from] item: Leftovers
|-damage|p1a: Whimsicott|82\/322 brn|[from] brn
|-damage|p2a: Pringles|125\/403 psn|[from] psn
|turn|29
|
|switch|p2a: Teen Mom|Blissey, F|439\/714
|-damage|p2a: Teen Mom|350\/714|[from] Stealth Rock
|-status|p2a: Teen Mom|psn
|move|p1a: Whimsicott|Encore|p2a: Teen Mom
|-fail|p2a: Teen Mom
|
|-heal|p1a: Whimsicott|102\/322 brn|[from] item: Leftovers
|-heal|p2a: Teen Mom|394\/714 psn|[from] item: Leftovers
|-damage|p1a: Whimsicott|62\/322 brn|[from] brn
|-damage|p2a: Teen Mom|305\/714 psn|[from] psn
|turn|30
|
|move|p1a: Whimsicott|Taunt|p2a: Teen Mom
|-start|p2a: Teen Mom|move: Taunt
|move|p2a: Teen Mom|Seismic Toss|p1a: Whimsicott
|-damage|p1a: Whimsicott|0 fnt
|faint|p1a: Whimsicott
|
|-heal|p2a: Teen Mom|349\/714 psn|[from] item: Leftovers
|-damage|p2a: Teen Mom|260\/714 psn|[from] psn
|
|switch|p1a: Blissey|Blissey, F, shiny|425\/713
|-damage|p1a: Blissey|336\/713|[from] Stealth Rock
|-damage|p1a: Blissey|247\/713|[from] Spikes
|turn|31
|
|switch|p2a: Aggron|Aggron-Mega, F|173\/344
|-damage|p2a: Aggron|152\/344|[from] Stealth Rock
|move|p1a: Blissey|Seismic Toss|p2a: Aggron
|-damage|p2a: Aggron|52\/344
|
|-heal|p1a: Blissey|291\/713|[from] item: Leftovers
|turn|32
|
|move|p1a: Blissey|Seismic Toss|p2a: Aggron
|-damage|p2a: Aggron|0 fnt
|faint|p2a: Aggron
|
|-heal|p1a: Blissey|335\/713|[from] item: Leftovers
|
|switch|p2a: Teen Mom|Blissey, F|260\/714
|-status|p2a: Teen Mom|psn
|-damage|p2a: Teen Mom|171\/714 psn|[from] Stealth Rock
|turn|33
|
|move|p1a: Blissey|Soft-Boiled|p1a: Blissey
|-heal|p1a: Blissey|692\/713
|move|p2a: Teen Mom|Wish|p2a: Teen Mom
|
|-heal|p1a: Blissey|713\/713|[from] item: Leftovers
|-heal|p2a: Teen Mom|215\/714 psn|[from] item: Leftovers
|-damage|p2a: Teen Mom|126\/714 psn|[from] psn
|turn|34
|
|move|p2a: Teen Mom|Protect|p2a: Teen Mom
|-singleturn|p2a: Teen Mom|Protect
|move|p1a: Blissey|Seismic Toss|p2a: Teen Mom
|-activate|p2a: Teen Mom|Protect
|
|-heal|p2a: Teen Mom|483\/714 psn|[from] move: Wish|[wisher] Teen Mom
|-heal|p2a: Teen Mom|527\/714 psn|[from] item: Leftovers
|-damage|p2a: Teen Mom|438\/714 psn|[from] psn
|turn|35
|
|move|p2a: Teen Mom|Wish|p2a: Teen Mom
|move|p1a: Blissey|Seismic Toss|p2a: Teen Mom
|-damage|p2a: Teen Mom|338\/714 psn
|
|-heal|p2a: Teen Mom|382\/714 psn|[from] item: Leftovers
|-damage|p2a: Teen Mom|293\/714 psn|[from] psn
|turn|36
|
|move|p2a: Teen Mom|Protect|p2a: Teen Mom
|-singleturn|p2a: Teen Mom|Protect
|move|p1a: Blissey|Seismic Toss|p2a: Teen Mom
|-activate|p2a: Teen Mom|Protect
|
|-heal|p2a: Teen Mom|650\/714 psn|[from] move: Wish|[wisher] Teen Mom
|-heal|p2a: Teen Mom|694\/714 psn|[from] item: Leftovers
|-damage|p2a: Teen Mom|605\/714 psn|[from] psn
|turn|37
|
|move|p1a: Blissey|Seismic Toss|p2a: Teen Mom
|-damage|p2a: Teen Mom|505\/714 psn
|move|p2a: Teen Mom|Wish|p2a: Teen Mom
|
|-heal|p2a: Teen Mom|549\/714 psn|[from] item: Leftovers
|-damage|p2a: Teen Mom|460\/714 psn|[from] psn
|turn|38
|
|switch|p2a: Pringles|Jellicent, M|125\/403 psn
|-damage|p2a: Pringles|75\/403 psn|[from] Stealth Rock
|move|p1a: Blissey|Seismic Toss|p2a: Pringles
|-immune|p2a: Pringles|[msg]
|
|-heal|p2a: Pringles|403\/403 psn|[from] move: Wish|[wisher] Teen Mom
|-damage|p2a: Pringles|353\/403 psn|[from] psn
|turn|39
|
|switch|p1a: Nidoqueen|Nidoqueen, F|235\/383
|-damage|p1a: Nidoqueen|188\/383|[from] Spikes
|-damage|p1a: Nidoqueen|165\/383|[from] Stealth Rock
|move|p2a: Pringles|Scald|p1a: Nidoqueen
|-supereffective|p1a: Nidoqueen
|-damage|p1a: Nidoqueen|0 fnt
|faint|p1a: Nidoqueen
|
|-heal|p2a: Pringles|378\/403 psn|[from] item: Leftovers
|-damage|p2a: Pringles|328\/403 psn|[from] psn
|
|switch|p1a: Alakazam|Alakazam, M|251\/251
|turn|40
|
|switch|p2a: Walnut|Forretress, M, shiny|87\/353
|-damage|p2a: Walnut|43\/353|[from] Stealth Rock
|move|p1a: Alakazam|Calm Mind|p1a: Alakazam
|-boost|p1a: Alakazam|spa|1
|-boost|p1a: Alakazam|spd|1
|
|turn|41
|
|move|p1a: Alakazam|Psyshock|p2a: Walnut
|-resisted|p2a: Walnut
|-damage|p2a: Walnut|0 fnt
|faint|p2a: Walnut
|
|
|switch|p2a: Gooch|Aromatisse, F|247\/405
|-status|p2a: Gooch|psn
|-damage|p2a: Gooch|197\/405 psn|[from] Stealth Rock
|turn|42
|
|move|p1a: Alakazam|Psyshock|p2a: Gooch
|-damage|p2a: Gooch|1\/405 psn
|move|p2a: Gooch|Moonblast|p1a: Alakazam
|-damage|p1a: Alakazam|178\/251
|-unboost|p1a: Alakazam|spa|1
|
|-damage|p2a: Gooch|0 fnt|[from] psn
|faint|p2a: Gooch
|c|âCOMESTOANEND|fuck lol
|c|âCOMESTOANEND|THE DROP
|c|âCOMESTOANEND|NOOOOOOO
|
|switch|p2a: Terramorphous|Zygarde|404\/404
|-status|p2a: Terramorphous|psn
|-damage|p2a: Terramorphous|379\/404 psn|[from] Stealth Rock
|-ability|p2a: Terramorphous|Aura Break
|turn|43
|
|move|p1a: Alakazam|Dazzling Gleam|p2a: Terramorphous
|-supereffective|p2a: Terramorphous
|-damage|p2a: Terramorphous|189\/404 psn
|move|p2a: Terramorphous|Earthquake|p1a: Alakazam
|-crit|p1a: Alakazam
|-damage|p1a: Alakazam|0 fnt
|faint|p1a: Alakazam
|
|-heal|p2a: Terramorphous|214\/404 psn|[from] item: Leftovers
|-damage|p2a: Terramorphous|164\/404 psn|[from] psn
|
|switch|p1a: Blissey|Blissey, F, shiny|713\/713
|-damage|p1a: Blissey|624\/713|[from] Spikes
|-damage|p1a: Blissey|535\/713|[from] Stealth Rock
|turn|44
|c|âBFoxy|yikes. idk if that mattered
|c|âCOMESTOANEND|gg
|c|âBFoxy|gg
|
|move|p2a: Terramorphous|Earthquake|p1a: Blissey
|-damage|p1a: Blissey|315\/713
|move|p1a: Blissey|Seismic Toss|p2a: Terramorphous
|-damage|p2a: Terramorphous|64\/404 psn
|
|-heal|p2a: Terramorphous|89\/404 psn|[from] item: Leftovers
|-heal|p1a: Blissey|359\/713|[from] item: Leftovers
|-damage|p2a: Terramorphous|39\/404 psn|[from] psn
|turn|45
|-message|COMESTOANEND forfeited.
|
|win|BFoxy
|raw|Ladder updating...
|raw|COMESTOANEND's rating: 1428 &rarr; <strong>1405<\/strong><br \/>(-23 for losing)
|raw|BFoxy's rating: 1375 &rarr; <strong>1398<\/strong><br \/>(+23 for winning)
|c|âCOMESTOANEND|it was just
|c|âCOMESTOANEND|the roll
|c|âCOMESTOANEND|without the 1%
|c|âCOMESTOANEND|I won
|c|âCOMESTOANEND|but, happens
|c|âCOMESTOANEND|gg
|c|âBFoxy|gg. yea when you predicted aggron i was up against it