|join|COMESTOANEND
|join|BFoxy
|player|p1|COMESTOANEND|2
|player|p2|BFoxy|161
|gametype|singles
|gen|6
|tier|UU
|rated
|rule|Sleep Clause Mod: Limit one foe put to sleep
|rule|Species Clause: Limit one of each PokÃ©mon
|rule|OHKO Clause: OHKO moves are banned
|rule|Moody Clause: Moody is banned
|rule|Evasion Moves Clause: Evasion moves are banned
|rule|Endless Battle Clause: Forcing endless battles is banned
|rule|HP Percentage Mod: HP is shown in percentages
|clearpoke
|poke|p1|Cobalion
|poke|p1|Raikou
|poke|p1|Gligar, F
|poke|p1|Umbreon, F
|poke|p1|Clefairy, M
|poke|p1|Blastoise, M
|poke|p2|Doublade, M, shiny
|poke|p2|Granbull, M
|poke|p2|Blissey, F
|poke|p2|Houndoom, M
|poke|p2|Tentacruel, M
|poke|p2|Rotom-Mow
|rule|Swagger Clause: Swagger is banned
|rule|Baton Pass Clause: Limit one PokÃ©mon knowing Baton Pass
|teampreview
|
|start
|switch|p1a: Raikou|Raikou|322\/322
|switch|p2a: Kraken|Tentacruel, M|361\/361
|-ability|p1a: Raikou|Pressure
|turn|1
|
|switch|p2a: Landing Strip?|Rotom-Mow|241\/241
|move|p1a: Raikou|Volt Switch|p2a: Landing Strip?
|-resisted|p2a: Landing Strip?
|-damage|p2a: Landing Strip?|199\/241
|
|switch|p1a: Gligar|Gligar, F|333\/333
|
|turn|2
|
|switch|p1a: Raikou|Raikou|322\/322
|-ability|p1a: Raikou|Pressure
|move|p2a: Landing Strip?|Will-O-Wisp|p1a: Raikou
|-status|p1a: Raikou|brn
|
|-damage|p1a: Raikou|282\/322 brn|[from] brn
|turn|3
|
|move|p2a: Landing Strip?|Will-O-Wisp|p1a: Raikou
|-fail|p1a: Raikou|brn
|move|p1a: Raikou|Volt Switch|p2a: Landing Strip?
|-resisted|p2a: Landing Strip?
|-damage|p2a: Landing Strip?|160\/241
|
|switch|p1a: Clefairy|Clefairy, M|344\/344
|
|turn|4
|
|switch|p2a: Kraken|Tentacruel, M|361\/361
|switch|p1a: Gligar|Gligar, F|333\/333
|
|turn|5
|
|switch|p1a: Umbreon|Umbreon, F|394\/394
|move|p2a: Kraken|Scald|p1a: Umbreon
|-damage|p1a: Umbreon|343\/394
|
|-heal|p1a: Umbreon|367\/394|[from] item: Leftovers
|turn|6
|
|move|p2a: Kraken|Toxic Spikes|p1a: Umbreon
|-sidestart|p1: COMESTOANEND|move: Toxic Spikes
|move|p1a: Umbreon|Heal Bell|p1a: Umbreon
|-cureteam|p1a: Umbreon|[from] move: HealBell
|
|-heal|p1a: Umbreon|391\/394|[from] item: Leftovers
|turn|7
|
|switch|p2a: Boodro|Granbull, M|377\/377
|-ability|p2a: Boodro|Intimidate|[of] p1a: Umbreon
|-unboost|p1a: Umbreon|atk|1
|move|p1a: Umbreon|Foul Play|p2a: Boodro
|-resisted|p2a: Boodro
|-damage|p2a: Boodro|323\/377
|
|-heal|p1a: Umbreon|394\/394|[from] item: Leftovers
|-heal|p2a: Boodro|346\/377|[from] item: Leftovers
|turn|8
|
|switch|p1a: Gligar|Gligar, F|333\/333
|switch|p2a: Kraken|Tentacruel, M|361\/361
|
|turn|9
|
|switch|p1a: Umbreon|Umbreon, F|394\/394
|-status|p1a: Umbreon|psn
|move|p2a: Kraken|Scald|p1a: Umbreon
|-damage|p1a: Umbreon|348\/394 psn
|
|-heal|p1a: Umbreon|372\/394 psn|[from] item: Leftovers
|-damage|p1a: Umbreon|323\/394 psn|[from] psn
|turn|10
|
|switch|p2a: Boodro|Granbull, M|346\/377
|-ability|p2a: Boodro|Intimidate|[of] p1a: Umbreon
|-unboost|p1a: Umbreon|atk|1
|move|p1a: Umbreon|Wish|p1a: Umbreon
|
|-heal|p1a: Umbreon|347\/394 psn|[from] item: Leftovers
|-heal|p2a: Boodro|369\/377|[from] item: Leftovers
|-damage|p1a: Umbreon|298\/394 psn|[from] psn
|turn|11
|
|switch|p1a: Gligar|Gligar, F|333\/333
|switch|p2a: Teen Mom|Blissey, F|651\/651
|
|turn|12
|
|move|p1a: Gligar|Stealth Rock|p2a: Teen Mom
|-sidestart|p2: BFoxy|move: Stealth Rock
|move|p2a: Teen Mom|Stealth Rock|p1a: Gligar
|-sidestart|p1: COMESTOANEND|move: Stealth Rock
|
|turn|13
|
|move|p1a: Gligar|U-turn|p2a: Teen Mom
|-damage|p2a: Teen Mom|578\/651
|
|switch|p1a: Blastoise|Blastoise, M|361\/361
|-status|p1a: Blastoise|psn
|-damage|p1a: Blastoise|316\/361 psn|[from] Stealth Rock
|move|p2a: Teen Mom|Seismic Toss|p1a: Blastoise
|-damage|p1a: Blastoise|216\/361 psn
|
|-heal|p2a: Teen Mom|618\/651|[from] item: Leftovers
|-damage|p1a: Blastoise|171\/361 psn|[from] psn
|turn|14
|
|detailschange|p1a: Blastoise|Blastoise-Mega, M
|message|Blastoise has Mega Evolved into Mega Blastoise!
|move|p1a: Blastoise|Rapid Spin|p2a: Teen Mom
|-damage|p2a: Teen Mom|592\/651
|-sideend|p1: COMESTOANEND|Toxic Spikes|[from] move: Rapid Spin|[of] p1a: Blastoise
|-sideend|p1: COMESTOANEND|Stealth Rock|[from] move: Rapid Spin|[of] p1a: Blastoise
|move|p2a: Teen Mom|Seismic Toss|p1a: Blastoise
|-damage|p1a: Blastoise|71\/361 psn
|
|-heal|p2a: Teen Mom|632\/651|[from] item: Leftovers
|-damage|p1a: Blastoise|26\/361 psn|[from] psn
|turn|15
|
|switch|p1a: Cobalion|Cobalion|323\/323
|move|p2a: Teen Mom|Stealth Rock|p1a: Cobalion
|-sidestart|p1: COMESTOANEND|move: Stealth Rock
|
|-heal|p2a: Teen Mom|651\/651|[from] item: Leftovers
|turn|16
|c|âCOMESTOANEND|the chokes
|c|âCOMESTOANEND|lol
|
|switch|p1a: Raikou|Raikou|282\/322
|-damage|p1a: Raikou|242\/322|[from] Stealth Rock
|-ability|p1a: Raikou|Pressure
|switch|p2a: Kraken|Tentacruel, M|361\/361
|-damage|p2a: Kraken|316\/361|[from] Stealth Rock
|
|-heal|p2a: Kraken|338\/361|[from] item: Leftovers
|turn|17
|
|move|p2a: Kraken|Protect|p2a: Kraken
|-singleturn|p2a: Kraken|Protect
|move|p1a: Raikou|Volt Switch|p2a: Kraken
|-activate|p2a: Kraken|Protect
|
|-heal|p2a: Kraken|360\/361|[from] item: Leftovers
|turn|18
|
|switch|p2a: Teen Mom|Blissey, F|651\/651
|-damage|p2a: Teen Mom|570\/651|[from] Stealth Rock
|move|p1a: Raikou|Volt Switch|p2a: Teen Mom
|-damage|p2a: Teen Mom|450\/651
|
|switch|p1a: Cobalion|Cobalion|323\/323
|-damage|p1a: Cobalion|313\/323|[from] Stealth Rock
|
|-heal|p1a: Cobalion|323\/323|[from] item: Leftovers
|-heal|p2a: Teen Mom|490\/651|[from] item: Leftovers
|turn|19
|
|switch|p2a: Kraken|Tentacruel, M|360\/361
|-damage|p2a: Kraken|315\/361|[from] Stealth Rock
|move|p1a: Cobalion|Swords Dance|p1a: Cobalion
|-boost|p1a: Cobalion|atk|2
|
|-heal|p2a: Kraken|337\/361|[from] item: Leftovers
|turn|20
|
|move|p1a: Cobalion|Iron Head|p2a: Kraken
|-crit|p2a: Kraken
|-resisted|p2a: Kraken
|-damage|p2a: Kraken|186\/361
|move|p2a: Kraken|Rapid Spin|p1a: Cobalion
|-resisted|p1a: Cobalion
|-damage|p1a: Cobalion|319\/323
|-sideend|p2: BFoxy|Stealth Rock|[from] move: Rapid Spin|[of] p2a: Kraken
|
|-heal|p1a: Cobalion|323\/323|[from] item: Leftovers
|-heal|p2a: Kraken|208\/361|[from] item: Leftovers
|turn|21
|
|switch|p2a: Venetia Shield|Doublade, M, shiny|309\/309
|move|p1a: Cobalion|Iron Head|p2a: Venetia Shield
|-resisted|p2a: Venetia Shield
|-damage|p2a: Venetia Shield|258\/309
|
|turn|22
|
|switch|p1a: Gligar|Gligar, F|333\/333
|-damage|p1a: Gligar|292\/333|[from] Stealth Rock
|switch|p2a: Kraken|Tentacruel, M|208\/361
|
|-heal|p2a: Kraken|230\/361|[from] item: Leftovers
|turn|23
|
|move|p2a: Kraken|Scald|p1a: Gligar
|-supereffective|p1a: Gligar
|-damage|p1a: Gligar|148\/333
|-status|p1a: Gligar|brn
|move|p1a: Gligar|Earthquake|p2a: Kraken
|-supereffective|p2a: Kraken
|-damage|p2a: Kraken|138\/361
|
|-heal|p2a: Kraken|160\/361|[from] item: Leftovers
|-damage|p1a: Gligar|107\/333 brn|[from] brn
|turn|24
|c|âCOMESTOANEND|gg
|c|âBFoxy|gg
|c|âCOMESTOANEND|shitty matchup
|-message|COMESTOANEND forfeited.
|
|win|BFoxy
|raw|Ladder updating...
|leave|COMESTOANEND
|player|p1
|raw|COMESTOANEND's rating: 1594 &rarr; <strong>1574<\/strong><br \/>(-20 for losing)
|raw|BFoxy's rating: 1587 &rarr; <strong>1608<\/strong><br \/>(+21 for winning)