|join|BFoxy
|join|so dynamic
|player|p1|BFoxy|172
|player|p2|so dynamic|5
|gametype|singles
|gen|6
|tier|UU
|rated
|rule|Sleep Clause Mod: Limit one foe put to sleep
|rule|Species Clause: Limit one of each PokÃ©mon
|rule|OHKO Clause: OHKO moves are banned
|rule|Moody Clause: Moody is banned
|rule|Evasion Moves Clause: Evasion moves are banned
|rule|Endless Battle Clause: Forcing endless battles is banned
|rule|HP Percentage Mod: HP is shown in percentages
|clearpoke
|poke|p1|Alakazam, M
|poke|p1|Arcanine, M
|poke|p1|Florges, F
|poke|p1|Doublade, F
|poke|p1|Hitmonlee, M
|poke|p1|Jirachi
|poke|p2|Chandelure, F
|poke|p2|Krookodile, M
|poke|p2|Cobalion
|poke|p2|Slowking, M
|poke|p2|Florges, F
|poke|p2|Gligar, M
|rule|Swagger Clause: Swagger is banned
|rule|Baton Pass Clause: Limit one PokÃ©mon knowing Baton Pass
|teampreview
|c|âso dynamic|hf
|c|âBFoxy|thanks
|
|start
|switch|p1a: Lionheart|Arcanine, M|383\/383
|switch|p2a: Chandelure|Chandelure, F|261\/261
|-ability|p1a: Lionheart|Intimidate|[of] p2a: Chandelure
|-unboost|p2a: Chandelure|atk|1
|turn|1
|join|BurstStream
|
|switch|p1a: Mad Dog|Hitmonlee, M|304\/304
|move|p2a: Chandelure|Shadow Ball|p1a: Mad Dog
|-damage|p1a: Mad Dog|159\/304
|-unboost|p1a: Mad Dog|spd|1
|
|turn|2
|
|switch|p2a: Slowking|Slowking, M|393\/393
|move|p1a: Mad Dog|Knock Off|p2a: Slowking
|-crit|p2a: Slowking
|-supereffective|p2a: Slowking
|-enditem|p2a: Slowking|Colbur Berry|[eat]
|-damage|p2a: Slowking|233\/393
|
|turn|3
|
|switch|p1a: Hagen-Dazs|Alakazam, M|251\/251
|move|p2a: Slowking|Scald|p1a: Hagen-Dazs
|-damage|p1a: Hagen-Dazs|157\/251
|
|turn|4
|
|switch|p2a: Gligar|Gligar, M|333\/333
|detailschange|p1a: Hagen-Dazs|Alakazam-Mega, M
|-mega|p1a: Hagen-Dazs|Alakazam|Alakazite
|-ability|p1a: Hagen-Dazs|Hyper Cutter|[from] ability: Trace|[of] p2a: Gligar
|move|p1a: Hagen-Dazs|Substitute|p1a: Hagen-Dazs
|-start|p1a: Hagen-Dazs|Substitute
|-damage|p1a: Hagen-Dazs|95\/251
|
|turn|5
|c|âso dynamic|so i clicked on a lonk
|c|âso dynamic|link
|c|âso dynamic|in the room
|c|âso dynamic|and couldnt click the tab
|c|âso dynamic|and
|c|âso dynamic|did u pick ur move?
|c|âBFoxy|yep
|c|âso dynamic|cause it says waiting for players
|c|âso dynamic|hold on
|leave|so dynamic
|join|so dynamic
|player|p2
|player|p2|so dynamic|5
|c|âso dynamic|thanks
|c|âBFoxy|np
|
|move|p1a: Hagen-Dazs|Shadow Ball|p2a: Gligar
|-damage|p2a: Gligar|207\/333
|move|p2a: Gligar|U-turn|p1a: Hagen-Dazs
|-supereffective|p1a: Hagen-Dazs
|-end|p1a: Hagen-Dazs|Substitute
|
|switch|p2a: Slowking|Slowking, M|364\/393
|
|turn|6
|c|âBFoxy|i turned timer off. idk why its still counting down
|c| BurstStream|Showdown
|c| BurstStream|has been
|c|âso dynamic|idk its np though
|c| BurstStream|really bugy
|c| BurstStream|and laggy lately
|c|âso dynamic|n i just couldnt click the tab
|c|âso dynamic|after i left it
|
|move|p1a: Hagen-Dazs|Shadow Ball|p2a: Slowking
|-supereffective|p2a: Slowking
|-damage|p2a: Slowking|142\/393
|move|p2a: Slowking|Scald|p1a: Hagen-Dazs
|-damage|p1a: Hagen-Dazs|0 fnt
|faint|p1a: Hagen-Dazs
|
|c|âso dynamic|megazam too strong
|
|switch|p1a: Stardust|Jirachi|341\/341
|turn|7
|c|âBFoxy|i thought i would live if i got a low roll
|
|switch|p2a: Chandelure|Chandelure, F|261\/261
|move|p1a: Stardust|Stealth Rock|p2a: Chandelure
|-sidestart|p2: so dynamic|move: Stealth Rock
|
|turn|8
|
|switch|p1a: Freya|Florges, F|360\/360
|move|p2a: Chandelure|Trick|p1a: Freya
|-activate|p2a: Chandelure|move: Trick|[of] p1a: Freya
|-item|p1a: Freya|Choice Specs|[from] move: Trick
|-item|p2a: Chandelure|Leftovers|[from] move: Trick
|
|turn|9
|
|move|p2a: Chandelure|Fire Blast|p1a: Freya
|-damage|p1a: Freya|206\/360
|move|p1a: Freya|Moonblast|p2a: Chandelure
|-crit|p2a: Chandelure
|-resisted|p2a: Chandelure
|-damage|p2a: Chandelure|115\/261
|
|-heal|p2a: Chandelure|131\/261|[from] item: Leftovers
|turn|10
|
|move|p2a: Chandelure|Fire Blast|p1a: Freya
|-damage|p1a: Freya|46\/360
|move|p1a: Freya|Moonblast|p2a: Chandelure
|-resisted|p2a: Chandelure
|-damage|p2a: Chandelure|31\/261
|-unboost|p2a: Chandelure|spa|1
|
|-heal|p2a: Chandelure|47\/261|[from] item: Leftovers
|turn|11
|c|âBFoxy|specs moonblast is stronk
|c|âso dynamic|yh
|
|move|p2a: Chandelure|Shadow Ball|p1a: Freya
|-damage|p1a: Freya|0 fnt
|faint|p1a: Freya
|
|-heal|p2a: Chandelure|63\/261|[from] item: Leftovers
|
|switch|p1a: Stardust|Jirachi|341\/341
|turn|12
|
|switch|p2a: Cobalion|Cobalion|323\/323
|-damage|p2a: Cobalion|313\/323|[from] Stealth Rock
|move|p1a: Stardust|Psychic|p2a: Cobalion
|-damage|p2a: Cobalion|150\/323
|
|-heal|p2a: Cobalion|170\/323|[from] item: Leftovers
|turn|13
|c|âso dynamic|oof
|c| BurstStream|Ouch
|c| BurstStream|that lure
|c|âso dynamic|that is
|c|âso dynamic|specs rocks
|c| BurstStream|Imb4 showdown buge
|c| BurstStream|and you have - SPdef Nature
|
|switch|p2a: Slowking|Slowking, M|273\/393
|-damage|p2a: Slowking|224\/393|[from] Stealth Rock
|switch|p1a: Lionheart|Arcanine, M|383\/383
|-ability|p1a: Lionheart|Intimidate|[of] p2a: Slowking
|-unboost|p2a: Slowking|atk|1
|
|turn|14
|c|âso dynamic|n its -spA
|c|âBFoxy|ah good play. thought for sure krook was coming in
|c|âso dynamic|o i didnt think of that
|
|move|p1a: Lionheart|Will-O-Wisp|p2a: Slowking
|-status|p2a: Slowking|brn
|move|p2a: Slowking|Slack Off|p2a: Slowking
|-heal|p2a: Slowking|393\/393 brn
|
|-damage|p2a: Slowking|344\/393 brn|[from] brn
|turn|15
|c|âso dynamic|plus king kinda goes in
|
|switch|p1a: Mad Dog|Hitmonlee, M|159\/304
|move|p2a: Slowking|Scald|p1a: Mad Dog
|-damage|p1a: Mad Dog|104\/304
|
|-damage|p2a: Slowking|295\/393 brn|[from] brn
|turn|16
|c|âso dynamic|ah almost shocked
|c| BurstStream|Is that like AV
|c| BurstStream|or something
|c|âso dynamic|ye
|
|move|p1a: Mad Dog|Knock Off|p2a: Slowking
|-supereffective|p2a: Slowking
|-damage|p2a: Slowking|163\/393 brn
|move|p2a: Slowking|Slack Off|p2a: Slowking
|-heal|p2a: Slowking|360\/393 brn
|
|-damage|p2a: Slowking|311\/393 brn|[from] brn
|turn|17
|c|âso dynamic|it took half from specs sball
|
|move|p1a: Mad Dog|Knock Off|p2a: Slowking
|-supereffective|p2a: Slowking
|-damage|p2a: Slowking|169\/393 brn
|move|p2a: Slowking|Psyshock|p1a: Mad Dog
|-supereffective|p1a: Mad Dog
|-damage|p1a: Mad Dog|0 fnt
|faint|p1a: Mad Dog
|
|-damage|p2a: Slowking|120\/393 brn|[from] brn
|c| BurstStream|Huh only 56% from a Zam Shadow Ball without AV
|c| BurstStream|not bad Slowking
|
|switch|p1a: Stardust|Jirachi|341\/341
|turn|18
|c| BurstStream|not Bad
|c|âso dynamic|thats actually
|c|âso dynamic|p reasonable
|c|âBFoxy|its bc they nerfed sball bp from last gen
|c|âBFoxy|i hate it so much
|c|âso dynamic|and im max phys def
|c|âso dynamic|i forgot they nerfed it
|c| BurstStream|Thats because Ghost kinda has a OP neutral Coverage
|c| BurstStream|nowadays
|
|switch|p2a: Florges|Florges, F|360\/360
|-damage|p2a: Florges|315\/360|[from] Stealth Rock
|move|p1a: Stardust|Energy Ball|p2a: Florges
|-damage|p2a: Florges|260\/360
|
|-heal|p2a: Florges|282\/360|[from] item: Leftovers
|turn|19
|
|move|p1a: Stardust|Iron Head|p2a: Florges
|-supereffective|p2a: Florges
|-damage|p2a: Florges|71\/360
|move|p2a: Florges|Wish|p2a: Florges
|
|-heal|p2a: Florges|93\/360|[from] item: Leftovers
|turn|20
|c|âso dynamic|oof
|c| BurstStream|dang the Ebelt
|c| BurstStream|Lure Rachi
|
|switch|p2a: Slowking|Slowking, M|251\/393 brn
|-damage|p2a: Slowking|202\/393 brn|[from] Stealth Rock
|move|p1a: Stardust|Psychic|p2a: Slowking
|-resisted|p2a: Slowking
|-damage|p2a: Slowking|144\/393 brn
|
|-heal|p2a: Slowking|324\/393 brn|[from] move: Wish|[wisher] Florges
|-damage|p2a: Slowking|275\/393 brn|[from] brn
|turn|21
|join|0rbital
|c|âBFoxy|swampert's worst nightmare :P
|c|âso dynamic|yh
|c| BurstStream|I know someone used that
|
|switch|p2a: Cobalion|Cobalion|170\/323
|-damage|p2a: Cobalion|160\/323|[from] Stealth Rock
|move|p1a: Stardust|Energy Ball|p2a: Cobalion
|-resisted|p2a: Cobalion
|-damage|p2a: Cobalion|106\/323
|
|-heal|p2a: Cobalion|126\/323|[from] item: Leftovers
|turn|22
|c| BurstStream|alongside Drill
|c| BurstStream|because it removed most of her checks
|leave|0rbital
|
|switch|p1a: Lionheart|Arcanine, M|383\/383
|-ability|p1a: Lionheart|Intimidate|[of] p2a: Cobalion
|-unboost|p2a: Cobalion|atk|1
|move|p2a: Cobalion|Close Combat|p1a: Lionheart
|-damage|p1a: Lionheart|295\/383
|-damage|p2a: Cobalion|73\/323|[from] item: Rocky Helmet|[of] p1a: Lionheart
|-unboost|p2a: Cobalion|def|1
|-unboost|p2a: Cobalion|spd|1
|
|-heal|p2a: Cobalion|93\/323|[from] item: Leftovers
|turn|23
|
|switch|p2a: Gligar|Gligar, M|207\/333
|-damage|p2a: Gligar|166\/333|[from] Stealth Rock
|switch|p1a: Stardust|Jirachi|341\/341
|
|turn|24
|
|move|p1a: Stardust|Psychic|p2a: Gligar
|-damage|p2a: Gligar|48\/333
|move|p2a: Gligar|Stealth Rock|p1a: Stardust
|-sidestart|p1: BFoxy|move: Stealth Rock
|
|turn|25
|
|move|p1a: Stardust|Energy Ball|p2a: Gligar
|-damage|p2a: Gligar|0 fnt
|faint|p2a: Gligar
|
|
|switch|p2a: Krookodile|Krookodile, M|331\/331
|-damage|p2a: Krookodile|311\/331|[from] Stealth Rock
|-ability|p2a: Krookodile|Intimidate|[of] p1a: Stardust
|-unboost|p1a: Stardust|atk|1
|turn|26
|c|âBFoxy|interesting play.
|c|âBFoxy|50\/50 time
|c|âso dynamic|im pursuiting
|c|âso dynamic|but im dread plate
|
|move|p1a: Stardust|Energy Ball|p2a: Krookodile
|-supereffective|p2a: Krookodile
|-damage|p2a: Krookodile|37\/331
|move|p2a: Krookodile|Earthquake|p1a: Stardust
|-supereffective|p1a: Stardust
|-damage|p1a: Stardust|0 fnt
|faint|p1a: Stardust
|
|
|switch|p1a: Lionheart|Arcanine, M|295\/383
|-damage|p1a: Lionheart|200\/383|[from] Stealth Rock
|-ability|p1a: Lionheart|Intimidate|[of] p2a: Krookodile
|-unboost|p2a: Krookodile|atk|1
|turn|27
|
|move|p1a: Lionheart|Extreme Speed|p2a: Krookodile
|-damage|p2a: Krookodile|0 fnt
|faint|p2a: Krookodile
|
|
|switch|p2a: Slowking|Slowking, M|393\/393 brn
|-damage|p2a: Slowking|344\/393 brn|[from] Stealth Rock
|turn|28
|
|move|p1a: Lionheart|Flare Blitz|p2a: Slowking
|-resisted|p2a: Slowking
|-damage|p2a: Slowking|281\/393 brn
|-damage|p1a: Lionheart|179\/383|[from] recoil|[of] p2a: Slowking
|move|p2a: Slowking|Scald|p1a: Lionheart
|-supereffective|p1a: Lionheart
|-damage|p1a: Lionheart|0 fnt
|faint|p1a: Lionheart
|
|-damage|p2a: Slowking|232\/393 brn|[from] brn
|c|âso dynamic|scald gods dont fail me
|c|âBFoxy|ugh i hit espeed but showdown said no
|c|âso dynamic|fb does more
|
|switch|p1a: Venetia Shield|Doublade, F|322\/322
|-damage|p1a: Venetia Shield|302\/322|[from] Stealth Rock
|turn|29
|c| BurstStream|now the lone Doublade
|c| BurstStream|vrs 5 mons
|c|âBFoxy|even if youre max def
|
|move|p2a: Slowking|Scald|p1a: Venetia Shield
|-damage|p1a: Venetia Shield|197\/322
|move|p1a: Venetia Shield|Swords Dance|p1a: Venetia Shield
|-boost|p1a: Venetia Shield|atk|2
|
|-damage|p2a: Slowking|183\/393 brn|[from] brn
|turn|30
|
|switch|p2a: Chandelure|Chandelure, F|63\/261
|-damage|p2a: Chandelure|0 fnt|[from] Stealth Rock
|faint|p2a: Chandelure
|move|p1a: Venetia Shield|Shadow Sneak|p2: Chandelure|[notarget]
|-notarget
|
|
|switch|p2a: Slowking|Slowking, M|314\/393 brn
|-damage|p2a: Slowking|265\/393 brn|[from] Stealth Rock
|turn|31
|
|move|p1a: Venetia Shield|Shadow Sneak|p2a: Slowking
|-supereffective|p2a: Slowking
|-damage|p2a: Slowking|47\/393 brn
|move|p2a: Slowking|Scald|p1a: Venetia Shield
|-damage|p1a: Venetia Shield|88\/322
|
|-damage|p2a: Slowking|0 fnt|[from] brn
|faint|p2a: Slowking
|c|âBFoxy|wow great game
|
|switch|p2a: Cobalion|Cobalion|93\/323
|-damage|p2a: Cobalion|83\/323|[from] Stealth Rock
|turn|32
|c|âBFoxy|close
|c|âso dynamic|ye
|c|âso dynamic|god im dumb
|
|move|p1a: Venetia Shield|Shadow Sneak|p2a: Cobalion
|-damage|p2a: Cobalion|0 fnt
|faint|p2a: Cobalion
|
|c| BurstStream|now imb4 he has brightpowder
|c|âBFoxy|why?
|c| BurstStream|and you miss shadow sneak
|c|âso dynamic|i let krook get weakned
|c|âso dynamic|but
|c|âso dynamic|u couldve haxed me w\/ rachi
|c|âso dynamic|vrs king
|c|âso dynamic|so nothing i can do
|
|switch|p2a: Florges|Florges, F|93\/360
|-damage|p2a: Florges|48\/360|[from] Stealth Rock
|turn|33
|c|âso dynamic|about hax
|c|âso dynamic|w\/e
|-message|so dynamic forfeited.
|
|move|p1a: Venetia Shield|Shadow Sneak|p2a: Florges
|-damage|p2a: Florges|0 fnt
|faint|p2a: Florges
|
|win|BFoxy
|raw|Ladder updating...
|leave|so dynamic
|raw|BFoxy's rating: 1505 &rarr; <strong>1519<\/strong><br \/>(+14 for winning)
|raw|so dynamic's rating: 1411 &rarr; <strong>1396<\/strong><br \/>(-15 for losing)
|c|âBFoxy|gg
|player|p2