|join|BFoxy
|join|ANGER MANAGEMENT
|player|p1|BFoxy|154
|player|p2|ANGER MANAGEMENT|123
|gametype|singles
|gen|6
|tier|UU
|rated
|rule|Sleep Clause Mod: Limit one foe put to sleep
|rule|Species Clause: Limit one of each PokÃ©mon
|rule|OHKO Clause: OHKO moves are banned
|rule|Moody Clause: Moody is banned
|rule|Evasion Moves Clause: Evasion moves are banned
|rule|Endless Battle Clause: Forcing endless battles is banned
|rule|HP Percentage Mod: HP is shown in percentages
|clearpoke
|poke|p1|Doublade, M, shiny
|poke|p1|Granbull, M
|poke|p1|Blissey, F
|poke|p1|Houndoom, M
|poke|p1|Tentacruel, M
|poke|p1|Rotom-Mow
|poke|p2|Haxorus, M
|poke|p2|Lucario, F
|poke|p2|Victini
|poke|p2|Crobat, M
|poke|p2|Azelf, shiny
|poke|p2|Absol, F
|rule|Swagger Clause: Swagger is banned
|rule|Baton Pass Clause: Limit one PokÃ©mon knowing Baton Pass
|teampreview
|
|start
|switch|p1a: Landing Strip?|Rotom-Mow|241\/241
|switch|p2a: Azelf|Azelf, shiny|291\/291
|turn|1
|
|move|p1a: Landing Strip?|Volt Switch|p2a: Azelf
|-damage|p2a: Azelf|155\/291
|
|switch|p1a: Venetia Shield|Doublade, M, shiny|309\/309
|move|p2a: Azelf|Knock Off|p1a: Venetia Shield
|-supereffective|p1a: Venetia Shield
|-damage|p1a: Venetia Shield|197\/309
|-enditem|p1a: Venetia Shield|Eviolite|[from] move: Knock Off|[of] p2a: Azelf
|
|turn|2
|
|switch|p2a: Haxorus|Haxorus, M|307\/307
|-ability|p2a: Haxorus|Mold Breaker
|move|p1a: Venetia Shield|Iron Head|p2a: Haxorus
|-damage|p2a: Haxorus|142\/307
|
|turn|3
|
|switch|p2a: Azelf|Azelf, shiny|155\/291
|move|p1a: Venetia Shield|Iron Head|p2a: Azelf
|-damage|p2a: Azelf|0 fnt
|faint|p2a: Azelf
|
|
|switch|p2a: Absol|Absol, F|281\/281
|turn|4
|
|switch|p1a: Boodro|Granbull, M|377\/377
|-ability|p1a: Boodro|Intimidate|[of] p2a: Absol
|-unboost|p2a: Absol|atk|1
|detailschange|p2a: Absol|Absol-Mega, F
|message|Absol has Mega Evolved into Mega Absol!
|move|p2a: Absol|Swords Dance|p2a: Absol
|-boost|p2a: Absol|atk|2
|
|turn|5
|
|move|p2a: Absol|Baton Pass|p2a: Absol
|
|switch|p2a: Victini|Victini|401\/401
|move|p1a: Boodro|Thunder Wave|p2a: Victini
|-status|p2a: Victini|par
|
|turn|6
|
|switch|p1a: Kraken|Tentacruel, M|361\/361
|move|p2a: Victini|Trick Room|p2a: Victini
|-fieldstart|move: Trick Room|[of] p2a: Victini
|
|turn|7
|
|move|p1a: Kraken|Protect|p1a: Kraken
|-singleturn|p1a: Kraken|Protect
|move|p2a: Victini|Bolt Strike|p1a: Kraken
|-activate|p1a: Kraken|Protect
|
|turn|8
|
|cant|p2a: Victini|par
|move|p1a: Kraken|Scald|p2a: Victini
|-supereffective|p2a: Victini
|-damage|p2a: Victini|245\/401 par
|-enditem|p2a: Victini|Weakness Policy
|-boost|p2a: Victini|atk|2|[from] item: Weakness Policy
|-boost|p2a: Victini|spa|2|[from] item: Weakness Policy
|
|turn|9
|
|move|p1a: Kraken|Protect|p1a: Kraken
|-singleturn|p1a: Kraken|Protect
|move|p2a: Victini|Bolt Strike|p1a: Kraken
|-activate|p1a: Kraken|Protect
|
|turn|10
|join|thunderkid max
|
|switch|p1a: Venetia Shield|Doublade, M, shiny|197\/309
|move|p2a: Victini|V-create|p1a: Venetia Shield
|-supereffective|p1a: Venetia Shield
|-damage|p1a: Venetia Shield|0 fnt
|-unboost|p2a: Victini|def|1
|-unboost|p2a: Victini|spd|1
|-unboost|p2a: Victini|spe|1
|faint|p1a: Venetia Shield
|
|-fieldend|move: Trick Room
|
|switch|p1a: Cerberus|Houndoom, M|291\/291
|turn|11
|
|detailschange|p1a: Cerberus|Houndoom-Mega, M
|message|Houndoom has Mega Evolved into Mega Houndoom!
|move|p1a: Cerberus|Dark Pulse|p2a: Victini
|-supereffective|p2a: Victini
|-damage|p2a: Victini|0 fnt
|faint|p2a: Victini
|
|
|switch|p2a: Crobat|Crobat, M|325\/325
|turn|12
|
|move|p2a: Crobat|Brave Bird|p1a: Cerberus
|-damage|p1a: Cerberus|0 fnt
|-damage|p2a: Crobat|229\/325|[from] recoil|[of] p1a: Cerberus
|faint|p1a: Cerberus
|
|
|switch|p1a: Landing Strip?|Rotom-Mow|241\/241
|turn|13
|
|switch|p2a: Haxorus|Haxorus, M|142\/307
|-ability|p2a: Haxorus|Mold Breaker
|move|p1a: Landing Strip?|Volt Switch|p2a: Haxorus
|-resisted|p2a: Haxorus
|-damage|p2a: Haxorus|74\/307
|
|switch|p1a: Boodro|Granbull, M|377\/377
|-ability|p1a: Boodro|Intimidate|[of] p2a: Haxorus
|-unboost|p2a: Haxorus|atk|1
|
|turn|14
|
|move|p2a: Haxorus|Earthquake|p1a: Boodro
|-damage|p1a: Boodro|305\/377
|move|p1a: Boodro|Play Rough|p2a: Haxorus
|-supereffective|p2a: Haxorus
|-damage|p2a: Haxorus|0 fnt
|faint|p2a: Haxorus
|
|-heal|p1a: Boodro|328\/377|[from] item: Leftovers
|
|switch|p2a: Crobat|Crobat, M|229\/325
|turn|15
|
|switch|p1a: Kraken|Tentacruel, M|361\/361
|move|p2a: Crobat|U-turn|p1a: Kraken
|-resisted|p1a: Kraken
|-damage|p1a: Kraken|311\/361
|
|switch|p2a: Absol|Absol-Mega, F|281\/281
|
|-heal|p1a: Kraken|333\/361|[from] item: Leftovers
|turn|16
|
|move|p2a: Absol|Swords Dance|p2a: Absol
|-boost|p2a: Absol|atk|2
|move|p1a: Kraken|Scald|p2a: Absol
|-damage|p2a: Absol|169\/281
|-status|p2a: Absol|brn
|
|-heal|p1a: Kraken|355\/361|[from] item: Leftovers
|-damage|p2a: Absol|134\/281 brn|[from] brn
|turn|17
|
|move|p2a: Absol|Swords Dance|p2a: Absol
|-boost|p2a: Absol|atk|2
|move|p1a: Kraken|Scald|p2a: Absol
|-damage|p2a: Absol|7\/281 brn
|
|-heal|p1a: Kraken|361\/361|[from] item: Leftovers
|-damage|p2a: Absol|0 fnt|[from] brn
|faint|p2a: Absol
|-message|ANGER MANAGEMENT forfeited.
|
|win|BFoxy
|raw|Ladder updating...
|leave|ANGER MANAGEMENT
|player|p2
|raw|BFoxy's rating: 1657 &rarr; <strong>1680<\/strong><br \/>(+23 for winning)
|raw|ANGER MANAGEMENT's rating: 1708 &rarr; <strong>1685<\/strong><br \/>(-23 for losing)