|join|feng
|join|BFoxy
|player|p1|feng|23
|player|p2|BFoxy|161
|gametype|singles
|gen|6
|tier|UU
|rated
|rule|Sleep Clause Mod: Limit one foe put to sleep
|rule|Species Clause: Limit one of each PokÃ©mon
|rule|OHKO Clause: OHKO moves are banned
|rule|Moody Clause: Moody is banned
|rule|Evasion Moves Clause: Evasion moves are banned
|rule|Endless Battle Clause: Forcing endless battles is banned
|rule|HP Percentage Mod: HP is shown in percentages
|clearpoke
|poke|p1|Kingdra, F
|poke|p1|Crobat, M
|poke|p1|Aggron, F
|poke|p1|Blissey, F
|poke|p1|Alomomola, M
|poke|p1|Krookodile, F
|poke|p2|Doublade, F, shiny
|poke|p2|Granbull, M
|poke|p2|Blissey, F
|poke|p2|Houndoom, M
|poke|p2|Tentacruel, M
|poke|p2|Rotom-Mow
|rule|Swagger Clause: Swagger is banned
|rule|Baton Pass Clause: Limit one PokÃ©mon knowing Baton Pass
|teampreview
|join|YOLO AMIRITE?
|c| YOLO AMIRITE?|cry
|c| YOLO AMIRITE?|http:\/\/replay.pokemonshowdown.com\/uu-168679652
|
|start
|switch|p1a: Phi|Krookodile, F|331\/331
|switch|p2a: Landing Strip?|Rotom-Mow|241\/241
|-ability|p1a: Phi|Intimidate|[of] p2a: Landing Strip?
|-unboost|p2a: Landing Strip?|atk|1
|turn|1
|
|switch|p1a: Rho|Aggron, F|344\/344
|move|p2a: Landing Strip?|Will-O-Wisp|p1a: Rho|[miss]
|-miss|p2a: Landing Strip?|p1a: Rho
|
|turn|2
|
|switch|p2a: Kraken|Tentacruel, M|361\/361
|switch|p1a: Tau|Blissey, F|714\/714
|
|turn|3
|
|switch|p1a: Phi|Krookodile, F|331\/331
|-ability|p1a: Phi|Intimidate|[of] p2a: Kraken
|-unboost|p2a: Kraken|atk|1
|move|p2a: Kraken|Toxic Spikes|p1a: Phi
|-sidestart|p1: feng|move: Toxic Spikes
|
|turn|4
|
|move|p2a: Kraken|Protect|p2a: Kraken
|-singleturn|p2a: Kraken|Protect
|move|p1a: Phi|Knock Off|p2a: Kraken
|-activate|p2a: Kraken|Protect
|
|turn|5
|
|switch|p2a: Boodro|Granbull, M|377\/377
|-ability|p2a: Boodro|Intimidate|[of] p1a: Phi
|-unboost|p1a: Phi|atk|1
|move|p1a: Phi|Knock Off|p2a: Boodro
|-resisted|p2a: Boodro
|-damage|p2a: Boodro|306\/377
|-enditem|p2a: Boodro|Leftovers|[from] move: Knock Off|[of] p1a: Phi
|
|turn|6
|
|switch|p1a: Beta|Crobat, M|325\/325
|move|p2a: Boodro|Earthquake|p1a: Beta
|-immune|p1a: Beta|[msg]
|
|turn|7
|leave|YOLO AMIRITE?
|
|move|p1a: Beta|Defog|p2a: Boodro
|-unboost|p2a: Boodro|evasion|1
|-sideend|p1: feng|Toxic Spikes|[from] move: Defog|[of] p1a: Beta
|move|p2a: Boodro|Thunder Wave|p1a: Beta
|-status|p1a: Beta|par
|
|turn|8
|
|switch|p2a: Venetia Shield|Doublade, F, shiny|309\/309
|switch|p1a: Rho|Aggron, F|344\/344
|
|turn|9
|
|switch|p1a: Delta|Alomomola, M|534\/534
|move|p2a: Venetia Shield|Swords Dance|p2a: Venetia Shield
|-boost|p2a: Venetia Shield|atk|2
|
|turn|10
|
|switch|p2a: Kraken|Tentacruel, M|361\/361
|move|p1a: Delta|Scald|p2a: Kraken
|-resisted|p2a: Kraken
|-damage|p2a: Kraken|343\/361
|
|-heal|p2a: Kraken|361\/361|[from] item: Leftovers
|turn|11
|
|move|p2a: Kraken|Toxic Spikes|p1a: Delta
|-sidestart|p1: feng|move: Toxic Spikes
|move|p1a: Delta|Knock Off|p2a: Kraken
|-damage|p2a: Kraken|303\/361
|-enditem|p2a: Kraken|Leftovers|[from] move: Knock Off|[of] p1a: Delta
|
|turn|12
|c|âBFoxy|bob's team?
|c|âfeng|i am bob
|
|move|p2a: Kraken|Scald|p1a: Delta
|-resisted|p1a: Delta
|-damage|p1a: Delta|460\/534
|move|p1a: Delta|Wish|p1a: Delta
|
|turn|13
|
|switch|p2a: Landing Strip?|Rotom-Mow|241\/241
|switch|p1a: Beta|Crobat, M|325\/325 par
|
|turn|14
|
|switch|p1a: Tau|Blissey, F|714\/714
|-status|p1a: Tau|psn
|move|p2a: Landing Strip?|Leaf Storm|p1a: Tau
|-damage|p1a: Tau|560\/714 psn
|-unboost|p2a: Landing Strip?|spa|2
|
|-heal|p1a: Tau|604\/714 psn|[from] item: Leftovers
|-damage|p1a: Tau|515\/714 psn|[from] psn
|turn|15
|
|switch|p2a: Teen Mom|Blissey, F|651\/651
|move|p1a: Tau|Heal Bell|p1a: Tau
|-cureteam|p1a: Tau|[from] move: HealBell
|
|-heal|p1a: Tau|559\/714|[from] item: Leftovers
|turn|16
|
|switch|p1a: Beta|Crobat, M|325\/325
|move|p2a: Teen Mom|Stealth Rock|p1a: Beta
|-sidestart|p1: feng|move: Stealth Rock
|
|turn|17
|
|move|p1a: Beta|Defog|p2a: Teen Mom
|-unboost|p2a: Teen Mom|evasion|1
|-sideend|p1: feng|Toxic Spikes|[from] move: Defog|[of] p1a: Beta
|-sideend|p1: feng|Stealth Rock|[from] move: Defog|[of] p1a: Beta
|move|p2a: Teen Mom|Stealth Rock|p1a: Beta
|-sidestart|p1: feng|move: Stealth Rock
|
|turn|18
|
|switch|p2a: Landing Strip?|Rotom-Mow|241\/241
|move|p1a: Beta|Defog|p2a: Landing Strip?
|-unboost|p2a: Landing Strip?|evasion|1
|-sideend|p1: feng|Stealth Rock|[from] move: Defog|[of] p1a: Beta
|
|turn|19
|
|switch|p1a: Rho|Aggron, F|344\/344
|move|p2a: Landing Strip?|Volt Switch|p1a: Rho
|-damage|p1a: Rho|238\/344
|
|switch|p2a: Kraken|Tentacruel, M|303\/361
|
|turn|20
|c|âBFoxy|bob's team?
|
|switch|p1a: Phi|Krookodile, F|331\/331
|-ability|p1a: Phi|Intimidate|[of] p2a: Kraken
|-unboost|p2a: Kraken|atk|1
|move|p2a: Kraken|Scald|p1a: Phi
|-supereffective|p1a: Phi
|-damage|p1a: Phi|103\/331
|-status|p1a: Phi|brn
|
|-damage|p1a: Phi|62\/331 brn|[from] brn
|turn|21
|
|switch|p1a: Tau|Blissey, F|559\/714
|move|p2a: Kraken|Protect|p2a: Kraken
|-fail|p2a: Kraken
|
|-heal|p1a: Tau|603\/714|[from] item: Leftovers
|turn|22
|
|switch|p1a: Kingdra|Kingdra, F|291\/291
|move|p2a: Kraken|Toxic Spikes|p1a: Kingdra
|-sidestart|p1: feng|move: Toxic Spikes
|
|turn|23
|
|switch|p2a: Landing Strip?|Rotom-Mow|241\/241
|move|p1a: Kingdra|Focus Energy|p1a: Kingdra
|-start|p1a: Kingdra|move: Focus Energy
|
|turn|24
|
|move|p2a: Landing Strip?|Volt Switch|p1a: Kingdra
|-damage|p1a: Kingdra|183\/291
|
|switch|p2a: Teen Mom|Blissey, F|651\/651
|move|p1a: Kingdra|Draco Meteor|p2a: Teen Mom
|-crit|p2a: Teen Mom
|-damage|p2a: Teen Mom|344\/651
|-unboost|p1a: Kingdra|spa|2
|
|-heal|p2a: Teen Mom|384\/651|[from] item: Leftovers
|turn|25
|
|move|p1a: Kingdra|Dragon Dance|p1a: Kingdra
|-boost|p1a: Kingdra|atk|1
|-boost|p1a: Kingdra|spe|1
|move|p2a: Teen Mom|Toxic|p1a: Kingdra|[miss]
|-miss|p2a: Teen Mom|p1a: Kingdra
|
|-heal|p2a: Teen Mom|424\/651|[from] item: Leftovers
|turn|26
|
|move|p1a: Kingdra|Waterfall|p2a: Teen Mom
|-crit|p2a: Teen Mom
|-damage|p2a: Teen Mom|0 fnt
|faint|p2a: Teen Mom
|
|
|switch|p2a: Landing Strip?|Rotom-Mow|241\/241
|turn|27
|c|âBFoxy|that miss hurt
|
|switch|p1a: Tau|Blissey, F|603\/714
|-status|p1a: Tau|psn
|move|p2a: Landing Strip?|Volt Switch|p1a: Tau
|-damage|p1a: Tau|518\/714 psn
|
|switch|p2a: Venetia Shield|Doublade, F, shiny|309\/309
|
|-heal|p1a: Tau|562\/714 psn|[from] item: Leftovers
|-damage|p1a: Tau|473\/714 psn|[from] psn
|turn|28
|
|switch|p1a: Delta|Alomomola, M|534\/534
|-status|p1a: Delta|psn
|move|p2a: Venetia Shield|Swords Dance|p2a: Venetia Shield
|-boost|p2a: Venetia Shield|atk|2
|
|-damage|p1a: Delta|468\/534 psn|[from] psn
|turn|29
|
|move|p1a: Delta|Scald|p2a: Venetia Shield
|-damage|p2a: Venetia Shield|263\/309
|move|p2a: Venetia Shield|Shadow Claw|p1a: Delta
|-damage|p1a: Delta|278\/534 psn
|-damage|p2a: Venetia Shield|212\/309|[from] item: Rocky Helmet|[of] p1a: Delta
|
|-damage|p1a: Delta|212\/534 psn|[from] psn
|turn|30
|
|move|p1a: Delta|Scald|p2a: Venetia Shield
|-damage|p2a: Venetia Shield|161\/309
|-status|p2a: Venetia Shield|brn
|move|p2a: Venetia Shield|Shadow Claw|p1a: Delta
|-damage|p1a: Delta|119\/534 psn
|-damage|p2a: Venetia Shield|110\/309 brn|[from] item: Rocky Helmet|[of] p1a: Delta
|
|-damage|p1a: Delta|53\/534 psn|[from] psn
|-damage|p2a: Venetia Shield|72\/309 brn|[from] brn
|turn|31
|
|switch|p2a: Cerberus|Houndoom, M|291\/291
|move|p1a: Delta|Wish|p1a: Delta
|
|-damage|p1a: Delta|0 fnt|[from] psn
|faint|p1a: Delta
|
|switch|p1a: Beta|Crobat, M|325\/325
|turn|32
|
|detailschange|p2a: Cerberus|Houndoom-Mega, M
|message|Houndoom has Mega Evolved into Mega Houndoom!
|move|p1a: Beta|Acrobatics|p2a: Cerberus
|-damage|p2a: Cerberus|122\/291
|move|p2a: Cerberus|Fire Blast|p1a: Beta
|-damage|p1a: Beta|69\/325
|
|-heal|p1a: Beta|325\/325|[from] move: Wish|[wisher] Delta
|turn|33
|
|switch|p2a: Boodro|Granbull, M|306\/377
|-ability|p2a: Boodro|Intimidate|[of] p1a: Beta
|-unboost|p1a: Beta|atk|1
|move|p1a: Beta|Acrobatics|p2a: Boodro
|-crit|p2a: Boodro
|-damage|p2a: Boodro|99\/377
|
|turn|34
|
|move|p1a: Beta|Taunt|p2a: Boodro
|-start|p2a: Boodro|move: Taunt
|cant|p2a: Boodro|move: Taunt|Thunder Wave
|
|turn|35
|
|switch|p2a: Kraken|Tentacruel, M|303\/361
|move|p1a: Beta|Defog|p2a: Kraken
|-unboost|p2a: Kraken|evasion|1
|-sideend|p1: feng|Toxic Spikes|[from] move: Defog|[of] p1a: Beta
|
|turn|36
|
|switch|p1a: Tau|Blissey, F|473\/714
|move|p2a: Kraken|Scald|p1a: Tau
|-damage|p1a: Tau|416\/714
|
|-heal|p1a: Tau|460\/714|[from] item: Leftovers
|turn|37
|
|move|p2a: Kraken|Toxic Spikes|p1a: Tau
|-sidestart|p1: feng|move: Toxic Spikes
|move|p1a: Tau|Heal Bell|p1a: Tau
|-cureteam|p1a: Tau|[from] move: HealBell
|
|-heal|p1a: Tau|504\/714|[from] item: Leftovers
|turn|38
|
|switch|p2a: Boodro|Granbull, M|99\/377
|-ability|p2a: Boodro|Intimidate|[of] p1a: Tau
|-unboost|p1a: Tau|atk|1
|move|p1a: Tau|Seismic Toss|p2a: Boodro
|-damage|p2a: Boodro|0 fnt
|faint|p2a: Boodro
|
|-heal|p1a: Tau|548\/714|[from] item: Leftovers
|
|switch|p2a: Landing Strip?|Rotom-Mow|241\/241
|turn|39
|
|move|p1a: Tau|Protect|p1a: Tau
|-singleturn|p1a: Tau|Protect
|move|p2a: Landing Strip?|Volt Switch|p1a: Tau
|-activate|p1a: Tau|Protect
|
|-heal|p1a: Tau|592\/714|[from] item: Leftovers
|turn|40
|
|move|p2a: Landing Strip?|Volt Switch|p1a: Tau
|-damage|p1a: Tau|514\/714
|
|switch|p2a: Kraken|Tentacruel, M|303\/361
|move|p1a: Tau|Wish|p1a: Tau
|
|-heal|p1a: Tau|558\/714|[from] item: Leftovers
|turn|41
|
|move|p2a: Kraken|Scald|p1a: Tau
|-damage|p1a: Tau|495\/714
|move|p1a: Tau|Seismic Toss|p2a: Kraken
|-damage|p2a: Kraken|203\/361
|
|-heal|p1a: Tau|714\/714|[from] move: Wish|[wisher] Tau
|turn|42
|
|move|p2a: Kraken|Scald|p1a: Tau
|-damage|p1a: Tau|657\/714
|move|p1a: Tau|Seismic Toss|p2a: Kraken
|-damage|p2a: Kraken|103\/361
|
|-heal|p1a: Tau|701\/714|[from] item: Leftovers
|turn|43
|c|âBFoxy|nice job stealing bob's team
|-message|BFoxy forfeited.
|
|win|feng
|raw|Ladder updating...
|raw|feng's rating: 1717 &rarr; <strong>1729<\/strong><br \/>(+12 for winning)
|raw|BFoxy's rating: 1560 &rarr; <strong>1548<\/strong><br \/>(-12 for losing)
|c|âfeng|i am bob
|leave|BFoxy
|player|p2