|join|Publikum
|join|BFoxy
|player|p1|Publikum|167
|player|p2|BFoxy|154
|gametype|singles
|gen|6
|tier|UU
|rated
|rule|Sleep Clause Mod: Limit one foe put to sleep
|rule|Species Clause: Limit one of each PokÃ©mon
|rule|OHKO Clause: OHKO moves are banned
|rule|Moody Clause: Moody is banned
|rule|Evasion Moves Clause: Evasion moves are banned
|rule|Endless Battle Clause: Forcing endless battles is banned
|rule|HP Percentage Mod: HP is shown in percentages
|clearpoke
|poke|p1|Raikou, shiny
|poke|p1|Mew, shiny
|poke|p1|Mienshao, M
|poke|p1|Donphan, M
|poke|p1|Victini
|poke|p1|Umbreon, F
|poke|p2|Doublade, F, shiny
|poke|p2|Granbull, M
|poke|p2|Blissey, F
|poke|p2|Houndoom, M
|poke|p2|Tentacruel, M
|poke|p2|Rotom-Mow
|rule|Swagger Clause: Swagger is banned
|rule|Baton Pass Clause: Limit one PokÃ©mon knowing Baton Pass
|teampreview
|
|start
|switch|p1a: Raikou|Raikou, shiny|321\/321
|switch|p2a: Kraken|Tentacruel, M|361\/361
|-ability|p1a: Raikou|Pressure
|turn|1
|
|move|p2a: Kraken|Protect|p2a: Kraken
|-singleturn|p2a: Kraken|Protect
|move|p1a: Raikou|Volt Switch|p2a: Kraken
|-activate|p2a: Kraken|Protect
|
|turn|2
|
|switch|p2a: Teen Mom|Blissey, F|651\/651
|move|p1a: Raikou|Volt Switch|p2a: Teen Mom
|-damage|p2a: Teen Mom|546\/651
|
|switch|p1a: Victini|Victini|341\/341
|
|-heal|p2a: Teen Mom|586\/651|[from] item: Leftovers
|turn|3
|
|move|p1a: Victini|V-create|p2a: Teen Mom
|-damage|p2a: Teen Mom|0 fnt
|-unboost|p1a: Victini|def|1
|-unboost|p1a: Victini|spd|1
|-unboost|p1a: Victini|spe|1
|faint|p2a: Teen Mom
|
|
|switch|p2a: Kraken|Tentacruel, M|361\/361
|turn|4
|
|switch|p1a: Raikou|Raikou, shiny|321\/321
|-ability|p1a: Raikou|Pressure
|move|p2a: Kraken|Toxic Spikes|p1a: Raikou
|-sidestart|p1: Publikum|move: Toxic Spikes
|
|turn|5
|
|switch|p2a: Landing Strip?|Rotom-Mow|241\/241
|move|p1a: Raikou|Volt Switch|p2a: Landing Strip?
|-resisted|p2a: Landing Strip?
|-damage|p2a: Landing Strip?|201\/241
|
|switch|p1a: Victini|Victini|341\/341
|-status|p1a: Victini|psn
|
|-damage|p1a: Victini|299\/341 psn|[from] psn
|turn|6
|
|move|p2a: Landing Strip?|Volt Switch|p1a: Victini
|-damage|p1a: Victini|200\/341 psn
|
|switch|p2a: Cerberus|Houndoom, M|291\/291
|move|p1a: Victini|U-turn|p2a: Cerberus
|-damage|p2a: Cerberus|98\/291
|
|switch|p1a: Mienshao|Mienshao, M|272\/272
|-status|p1a: Mienshao|psn
|
|-damage|p1a: Mienshao|238\/272 psn|[from] psn
|turn|7
|
|switch|p2a: Boodro|Granbull, M|377\/377
|-ability|p2a: Boodro|Intimidate|[of] p1a: Mienshao
|-unboost|p1a: Mienshao|atk|1
|move|p1a: Mienshao|U-turn|p2a: Boodro
|-resisted|p2a: Boodro
|-damage|p2a: Boodro|355\/377
|
|switch|p1a: Donphan|Donphan, M|378\/378
|-status|p1a: Donphan|psn
|
|-heal|p2a: Boodro|377\/377|[from] item: Leftovers
|-damage|p1a: Donphan|331\/378 psn|[from] psn
|turn|8
|
|switch|p2a: Venetia Shield|Doublade, F, shiny|309\/309
|move|p1a: Donphan|Earthquake|p2a: Venetia Shield
|-supereffective|p2a: Venetia Shield
|-damage|p2a: Venetia Shield|171\/309
|
|-heal|p1a: Donphan|354\/378 psn|[from] item: Leftovers
|-damage|p1a: Donphan|307\/378 psn|[from] psn
|turn|9
|
|switch|p2a: Landing Strip?|Rotom-Mow|201\/241
|move|p1a: Donphan|Stealth Rock|p2a: Landing Strip?
|-sidestart|p2: BFoxy|move: Stealth Rock
|
|-heal|p1a: Donphan|330\/378 psn|[from] item: Leftovers
|-damage|p1a: Donphan|283\/378 psn|[from] psn
|turn|10
|
|switch|p1a: Umbreon|Umbreon, F|394\/394
|-status|p1a: Umbreon|psn
|move|p2a: Landing Strip?|Trick|p1a: Umbreon
|-activate|p2a: Landing Strip?|move: Trick|[of] p1a: Umbreon
|-item|p1a: Umbreon|Choice Scarf|[from] move: Trick
|-item|p2a: Landing Strip?|Leftovers|[from] move: Trick
|
|-heal|p2a: Landing Strip?|216\/241|[from] item: Leftovers
|-damage|p1a: Umbreon|345\/394 psn|[from] psn
|turn|11
|
|move|p2a: Landing Strip?|Volt Switch|p1a: Umbreon
|-damage|p1a: Umbreon|251\/394 psn
|
|switch|p2a: Kraken|Tentacruel, M|361\/361
|-damage|p2a: Kraken|316\/361|[from] Stealth Rock
|move|p1a: Umbreon|Heal Bell|p1a: Umbreon
|-cureteam|p1a: Umbreon|[from] move: HealBell
|
|-heal|p2a: Kraken|338\/361|[from] item: Leftovers
|turn|12
|
|switch|p1a: Raikou|Raikou, shiny|321\/321
|-status|p1a: Raikou|psn
|-ability|p1a: Raikou|Pressure
|move|p2a: Kraken|Rapid Spin|p1a: Raikou
|-crit|p1a: Raikou
|-damage|p1a: Raikou|304\/321 psn
|-sideend|p2: BFoxy|Stealth Rock|[from] move: Rapid Spin|[of] p2a: Kraken
|
|-heal|p2a: Kraken|360\/361|[from] item: Leftovers
|-damage|p1a: Raikou|264\/321 psn|[from] psn
|turn|13
|
|move|p2a: Kraken|Protect|p2a: Kraken
|-singleturn|p2a: Kraken|Protect
|move|p1a: Raikou|Volt Switch|p2a: Kraken
|-activate|p2a: Kraken|Protect
|
|-heal|p2a: Kraken|361\/361|[from] item: Leftovers
|-damage|p1a: Raikou|224\/321 psn|[from] psn
|turn|14
|
|switch|p2a: Landing Strip?|Rotom-Mow|216\/241
|move|p1a: Raikou|Volt Switch|p2a: Landing Strip?
|-resisted|p2a: Landing Strip?
|-damage|p2a: Landing Strip?|176\/241
|
|switch|p1a: Victini|Victini|200\/341
|-status|p1a: Victini|psn
|
|-heal|p2a: Landing Strip?|191\/241|[from] item: Leftovers
|-damage|p1a: Victini|158\/341 psn|[from] psn
|turn|15
|
|switch|p2a: Boodro|Granbull, M|377\/377
|-ability|p2a: Boodro|Intimidate|[of] p1a: Victini
|-unboost|p1a: Victini|atk|1
|move|p1a: Victini|U-turn|p2a: Boodro
|-resisted|p2a: Boodro
|-damage|p2a: Boodro|348\/377
|
|switch|p1a: Donphan|Donphan, M|283\/378
|-status|p1a: Donphan|psn
|
|-heal|p1a: Donphan|306\/378 psn|[from] item: Leftovers
|-heal|p2a: Boodro|371\/377|[from] item: Leftovers
|-damage|p1a: Donphan|259\/378 psn|[from] psn
|turn|16
|
|switch|p2a: Venetia Shield|Doublade, F, shiny|171\/309
|move|p1a: Donphan|Rapid Spin|p2a: Venetia Shield
|-immune|p2a: Venetia Shield|[msg]
|
|-heal|p1a: Donphan|282\/378 psn|[from] item: Leftovers
|-damage|p1a: Donphan|235\/378 psn|[from] psn
|turn|17
|
|switch|p2a: Landing Strip?|Rotom-Mow|191\/241
|move|p1a: Donphan|Rapid Spin|p2a: Landing Strip?
|-damage|p2a: Landing Strip?|169\/241
|-sideend|p1: Publikum|Toxic Spikes|[from] move: Rapid Spin|[of] p1a: Donphan
|
|-heal|p2a: Landing Strip?|184\/241|[from] item: Leftovers
|-heal|p1a: Donphan|258\/378 psn|[from] item: Leftovers
|-damage|p1a: Donphan|211\/378 psn|[from] psn
|turn|18
|
|move|p1a: Donphan|Ice Shard|p2a: Landing Strip?
|-supereffective|p2a: Landing Strip?
|-damage|p2a: Landing Strip?|102\/241
|move|p2a: Landing Strip?|Leaf Storm|p1a: Donphan
|-supereffective|p1a: Donphan
|-damage|p1a: Donphan|0 fnt
|-unboost|p2a: Landing Strip?|spa|2
|faint|p1a: Donphan
|
|-heal|p2a: Landing Strip?|117\/241|[from] item: Leftovers
|
|switch|p1a: Mienshao|Mienshao, M|272\/272
|turn|19
|
|switch|p2a: Boodro|Granbull, M|371\/377
|-ability|p2a: Boodro|Intimidate|[of] p1a: Mienshao
|-unboost|p1a: Mienshao|atk|1
|move|p1a: Mienshao|U-turn|p2a: Boodro
|-resisted|p2a: Boodro
|-damage|p2a: Boodro|349\/377
|
|switch|p1a: Victini|Victini|158\/341 psn
|
|-heal|p2a: Boodro|372\/377|[from] item: Leftovers
|-damage|p1a: Victini|116\/341 psn|[from] psn
|turn|20
|
|switch|p2a: Cerberus|Houndoom, M|98\/291
|move|p1a: Victini|Bolt Strike|p2a: Cerberus
|-crit|p2a: Cerberus
|-damage|p2a: Cerberus|0 fnt
|faint|p2a: Cerberus
|
|-damage|p1a: Victini|74\/341 psn|[from] psn
|
|switch|p2a: Landing Strip?|Rotom-Mow|117\/241
|turn|21
|
|switch|p1a: Umbreon|Umbreon, F|251\/394
|move|p2a: Landing Strip?|Volt Switch|p1a: Umbreon
|-damage|p1a: Umbreon|161\/394
|
|switch|p2a: Kraken|Tentacruel, M|361\/361
|
|turn|22
|
|switch|p1a: Raikou|Raikou, shiny|224\/321 psn
|-ability|p1a: Raikou|Pressure
|move|p2a: Kraken|Toxic Spikes|p1a: Raikou
|-sidestart|p1: Publikum|move: Toxic Spikes
|
|-damage|p1a: Raikou|184\/321 psn|[from] psn
|turn|23
|
|move|p2a: Kraken|Protect|p2a: Kraken
|-singleturn|p2a: Kraken|Protect
|move|p1a: Raikou|Thunderbolt|p2a: Kraken
|-activate|p2a: Kraken|Protect
|
|-damage|p1a: Raikou|144\/321 psn|[from] psn
|turn|24
|
|switch|p2a: Landing Strip?|Rotom-Mow|117\/241
|move|p1a: Raikou|Thunderbolt|p2a: Landing Strip?
|-resisted|p2a: Landing Strip?
|-damage|p2a: Landing Strip?|65\/241
|
|-heal|p2a: Landing Strip?|80\/241|[from] item: Leftovers
|-damage|p1a: Raikou|104\/321 psn|[from] psn
|turn|25
|
|move|p1a: Raikou|Thunderbolt|p2a: Landing Strip?
|-resisted|p2a: Landing Strip?
|-damage|p2a: Landing Strip?|29\/241
|move|p2a: Landing Strip?|Leaf Storm|p1a: Raikou
|-damage|p1a: Raikou|0 fnt
|-unboost|p2a: Landing Strip?|spa|2
|faint|p1a: Raikou
|
|-heal|p2a: Landing Strip?|44\/241|[from] item: Leftovers
|
|switch|p1a: Mienshao|Mienshao, M|272\/272
|-status|p1a: Mienshao|psn
|turn|26
|
|switch|p2a: Boodro|Granbull, M|372\/377
|-ability|p2a: Boodro|Intimidate|[of] p1a: Mienshao
|-unboost|p1a: Mienshao|atk|1
|move|p1a: Mienshao|U-turn|p2a: Boodro
|-resisted|p2a: Boodro
|-damage|p2a: Boodro|347\/377
|
|switch|p1a: Victini|Victini|74\/341 psn
|
|-heal|p2a: Boodro|370\/377|[from] item: Leftovers
|-damage|p1a: Victini|32\/341 psn|[from] psn
|turn|27
|
|switch|p2a: Landing Strip?|Rotom-Mow|44\/241
|move|p1a: Victini|V-create|p2a: Landing Strip?
|-supereffective|p2a: Landing Strip?
|-damage|p2a: Landing Strip?|0 fnt
|-unboost|p1a: Victini|def|1
|-unboost|p1a: Victini|spd|1
|-unboost|p1a: Victini|spe|1
|faint|p2a: Landing Strip?
|
|-damage|p1a: Victini|0 fnt|[from] psn
|faint|p1a: Victini
|
|switch|p1a: Mienshao|Mienshao, M|272\/272 psn
|switch|p2a: Boodro|Granbull, M|370\/377
|-ability|p2a: Boodro|Intimidate|[of] p1a: Mienshao
|-unboost|p1a: Mienshao|atk|1
|turn|28
|
|move|p1a: Mienshao|U-turn|p2a: Boodro
|-resisted|p2a: Boodro
|-damage|p2a: Boodro|348\/377
|
|switch|p1a: Mew|Mew, shiny|404\/404
|-status|p1a: Mew|psn
|move|p2a: Boodro|Play Rough|p1a: Mew
|-damage|p1a: Mew|280\/404 psn
|
|-heal|p1a: Mew|305\/404 psn|[from] item: Leftovers
|-heal|p2a: Boodro|371\/377|[from] item: Leftovers
|-damage|p1a: Mew|255\/404 psn|[from] psn
|turn|29
|
|move|p1a: Mew|Will-O-Wisp|p2a: Boodro
|-status|p2a: Boodro|brn
|move|p2a: Boodro|Play Rough|p1a: Mew
|-damage|p1a: Mew|195\/404 psn
|
|-heal|p1a: Mew|220\/404 psn|[from] item: Leftovers
|-heal|p2a: Boodro|377\/377 brn|[from] item: Leftovers
|-damage|p1a: Mew|170\/404 psn|[from] psn
|-damage|p2a: Boodro|330\/377 brn|[from] brn
|turn|30
|
|switch|p2a: Kraken|Tentacruel, M|361\/361
|move|p1a: Mew|Taunt|p2a: Kraken
|-start|p2a: Kraken|move: Taunt
|
|-heal|p1a: Mew|195\/404 psn|[from] item: Leftovers
|-damage|p1a: Mew|145\/404 psn|[from] psn
|turn|31
|
|move|p1a: Mew|Roost|p1a: Mew
|-heal|p1a: Mew|347\/404 psn
|move|p2a: Kraken|Scald|p1a: Mew
|-damage|p1a: Mew|277\/404 psn
|
|-heal|p1a: Mew|302\/404 psn|[from] item: Leftovers
|-damage|p1a: Mew|252\/404 psn|[from] psn
|turn|32
|
|switch|p2a: Boodro|Granbull, M|330\/377 brn
|-ability|p2a: Boodro|Intimidate|[of] p1a: Mew
|-unboost|p1a: Mew|atk|1
|move|p1a: Mew|Will-O-Wisp|p2a: Boodro|[miss]
|-miss|p1a: Mew|p2a: Boodro
|
|-heal|p1a: Mew|277\/404 psn|[from] item: Leftovers
|-heal|p2a: Boodro|353\/377 brn|[from] item: Leftovers
|-damage|p1a: Mew|227\/404 psn|[from] psn
|-damage|p2a: Boodro|306\/377 brn|[from] brn
|turn|33
|
|switch|p2a: Venetia Shield|Doublade, F, shiny|171\/309
|move|p1a: Mew|Knock Off|p2a: Venetia Shield
|-supereffective|p2a: Venetia Shield
|-damage|p2a: Venetia Shield|123\/309
|-enditem|p2a: Venetia Shield|Eviolite|[from] move: Knock Off|[of] p1a: Mew
|
|-heal|p1a: Mew|252\/404 psn|[from] item: Leftovers
|-damage|p1a: Mew|202\/404 psn|[from] psn
|turn|34
|
|move|p2a: Venetia Shield|Shadow Sneak|p1a: Mew
|-supereffective|p1a: Mew
|-damage|p1a: Mew|68\/404 psn
|move|p1a: Mew|Roost|p1a: Mew
|-heal|p1a: Mew|270\/404 psn
|
|-heal|p1a: Mew|295\/404 psn|[from] item: Leftovers
|-damage|p1a: Mew|245\/404 psn|[from] psn
|turn|35
|
|move|p1a: Mew|Will-O-Wisp|p2a: Venetia Shield
|-status|p2a: Venetia Shield|brn
|move|p2a: Venetia Shield|Swords Dance|p2a: Venetia Shield
|-boost|p2a: Venetia Shield|atk|2
|
|-heal|p1a: Mew|270\/404 psn|[from] item: Leftovers
|-damage|p1a: Mew|220\/404 psn|[from] psn
|-damage|p2a: Venetia Shield|85\/309 brn|[from] brn
|turn|36
|
|switch|p1a: Umbreon|Umbreon, F|161\/394
|-status|p1a: Umbreon|psn
|move|p2a: Venetia Shield|Shadow Sneak|p1a: Umbreon
|-resisted|p1a: Umbreon
|-damage|p1a: Umbreon|138\/394 psn
|
|-damage|p1a: Umbreon|89\/394 psn|[from] psn
|-damage|p2a: Venetia Shield|47\/309 brn|[from] brn
|turn|37
|
|switch|p2a: Boodro|Granbull, M|306\/377 brn
|-ability|p2a: Boodro|Intimidate|[of] p1a: Umbreon
|-unboost|p1a: Umbreon|atk|1
|move|p1a: Umbreon|Foul Play|p2a: Boodro
|-resisted|p2a: Boodro
|-damage|p2a: Boodro|246\/377 brn
|
|-heal|p2a: Boodro|269\/377 brn|[from] item: Leftovers
|-damage|p1a: Umbreon|40\/394 psn|[from] psn
|-damage|p2a: Boodro|222\/377 brn|[from] brn
|turn|38
|
|move|p1a: Umbreon|Foul Play|p2a: Boodro
|-resisted|p2a: Boodro
|-damage|p2a: Boodro|165\/377 brn
|move|p2a: Boodro|Heal Bell|p2a: Boodro
|-cureteam|p2a: Boodro|[from] move: HealBell
|
|-heal|p2a: Boodro|188\/377|[from] item: Leftovers
|-damage|p1a: Umbreon|0 fnt|[from] psn
|faint|p1a: Umbreon
|
|switch|p1a: Mew|Mew, shiny|220\/404 psn
|turn|39
|
|move|p1a: Mew|Will-O-Wisp|p2a: Boodro
|-status|p2a: Boodro|brn
|move|p2a: Boodro|Play Rough|p1a: Mew
|-damage|p1a: Mew|151\/404 psn
|
|-heal|p1a: Mew|176\/404 psn|[from] item: Leftovers
|-heal|p2a: Boodro|211\/377 brn|[from] item: Leftovers
|-damage|p1a: Mew|126\/404 psn|[from] psn
|-damage|p2a: Boodro|164\/377 brn|[from] brn
|turn|40
|
|move|p1a: Mew|Knock Off|p2a: Boodro
|-resisted|p2a: Boodro
|-damage|p2a: Boodro|134\/377 brn
|-enditem|p2a: Boodro|Leftovers|[from] move: Knock Off|[of] p1a: Mew
|move|p2a: Boodro|Heal Bell|p2a: Boodro
|-cureteam|p2a: Boodro|[from] move: HealBell
|
|-heal|p1a: Mew|151\/404 psn|[from] item: Leftovers
|-damage|p1a: Mew|101\/404 psn|[from] psn
|turn|41
|
|move|p1a: Mew|Roost|p1a: Mew
|-heal|p1a: Mew|303\/404 psn
|move|p2a: Boodro|Play Rough|p1a: Mew
|-damage|p1a: Mew|185\/404 psn
|
|-heal|p1a: Mew|210\/404 psn|[from] item: Leftovers
|-damage|p1a: Mew|160\/404 psn|[from] psn
|turn|42
|
|move|p1a: Mew|Will-O-Wisp|p2a: Boodro|[miss]
|-miss|p1a: Mew|p2a: Boodro
|move|p2a: Boodro|Play Rough|p1a: Mew
|-damage|p1a: Mew|40\/404 psn
|
|-heal|p1a: Mew|65\/404 psn|[from] item: Leftovers
|-damage|p1a: Mew|15\/404 psn|[from] psn
|turn|43
|
|switch|p2a: Venetia Shield|Doublade, F, shiny|47\/309
|move|p1a: Mew|Roost|p1a: Mew
|-heal|p1a: Mew|217\/404 psn
|
|-heal|p1a: Mew|242\/404 psn|[from] item: Leftovers
|-damage|p1a: Mew|192\/404 psn|[from] psn
|turn|44
|
|move|p2a: Venetia Shield|Shadow Sneak|p1a: Mew
|-supereffective|p1a: Mew
|-damage|p1a: Mew|52\/404 psn
|move|p1a: Mew|Knock Off|p2a: Venetia Shield
|-supereffective|p2a: Venetia Shield
|-damage|p2a: Venetia Shield|0 fnt
|faint|p2a: Venetia Shield
|
|-heal|p1a: Mew|77\/404 psn|[from] item: Leftovers
|-damage|p1a: Mew|27\/404 psn|[from] psn
|
|switch|p2a: Kraken|Tentacruel, M|361\/361
|turn|45
|
|move|p1a: Mew|Roost|p1a: Mew
|-heal|p1a: Mew|229\/404 psn
|move|p2a: Kraken|Scald|p1a: Mew
|-damage|p1a: Mew|162\/404 psn
|
|-heal|p1a: Mew|187\/404 psn|[from] item: Leftovers
|-damage|p1a: Mew|137\/404 psn|[from] psn
|turn|46
|chat|BFoxy|do you have to win every fucking speed tie
|chat|Publikum|theres no spees tie
|chat|Publikum|im speed invested 
|chat|BFoxy|yeah there is. so am i...
|chat|Publikum|like all stall breaker mews
|
|move|p1a: Mew|Roost|p1a: Mew
|-heal|p1a: Mew|339\/404 psn
|move|p2a: Kraken|Scald|p1a: Mew
|-damage|p1a: Mew|270\/404 psn
|
|-heal|p1a: Mew|295\/404 psn|[from] item: Leftovers
|-damage|p1a: Mew|245\/404 psn|[from] psn
|turn|47
|
|move|p2a: Kraken|Protect|p2a: Kraken
|-singleturn|p2a: Kraken|Protect
|move|p1a: Mew|Will-O-Wisp|p2a: Kraken
|-activate|p2a: Kraken|Protect
|
|-heal|p1a: Mew|270\/404 psn|[from] item: Leftovers
|-damage|p1a: Mew|220\/404 psn|[from] psn
|turn|48
|
|move|p1a: Mew|Will-O-Wisp|p2a: Kraken
|-status|p2a: Kraken|brn
|move|p2a: Kraken|Scald|p1a: Mew
|-damage|p1a: Mew|151\/404 psn
|
|-heal|p1a: Mew|176\/404 psn|[from] item: Leftovers
|-damage|p1a: Mew|126\/404 psn|[from] psn
|-damage|p2a: Kraken|316\/361 brn|[from] brn
|turn|49
|
|switch|p2a: Boodro|Granbull, M|134\/377
|-ability|p2a: Boodro|Intimidate|[of] p1a: Mew
|-unboost|p1a: Mew|atk|1
|move|p1a: Mew|Roost|p1a: Mew
|-heal|p1a: Mew|328\/404 psn
|
|-heal|p1a: Mew|353\/404 psn|[from] item: Leftovers
|-damage|p1a: Mew|303\/404 psn|[from] psn
|turn|50
|
|move|p1a: Mew|Taunt|p2a: Boodro
|-start|p2a: Boodro|move: Taunt
|move|p2a: Boodro|Play Rough|p1a: Mew
|-damage|p1a: Mew|168\/404 psn
|
|-heal|p1a: Mew|193\/404 psn|[from] item: Leftovers
|-damage|p1a: Mew|143\/404 psn|[from] psn
|turn|51
|
|move|p1a: Mew|Roost|p1a: Mew
|-heal|p1a: Mew|345\/404 psn
|move|p2a: Boodro|Play Rough|p1a: Mew
|-damage|p1a: Mew|219\/404 psn
|
|-heal|p1a: Mew|244\/404 psn|[from] item: Leftovers
|-damage|p1a: Mew|194\/404 psn|[from] psn
|turn|52
|
|move|p1a: Mew|Will-O-Wisp|p2a: Boodro
|-status|p2a: Boodro|brn
|move|p2a: Boodro|Play Rough|p1a: Mew
|-damage|p1a: Mew|133\/404 psn
|
|-heal|p1a: Mew|158\/404 psn|[from] item: Leftovers
|-damage|p1a: Mew|108\/404 psn|[from] psn
|-damage|p2a: Boodro|87\/377 brn|[from] brn
|-end|p2a: Boodro|move: Taunt
|turn|53
|
|move|p1a: Mew|Roost|p1a: Mew
|-heal|p1a: Mew|310\/404 psn
|move|p2a: Boodro|Heal Bell|p2a: Boodro
|-cureteam|p2a: Boodro|[from] move: HealBell
|
|-heal|p1a: Mew|335\/404 psn|[from] item: Leftovers
|-damage|p1a: Mew|285\/404 psn|[from] psn
|turn|54
|
|move|p1a: Mew|Will-O-Wisp|p2a: Boodro
|-status|p2a: Boodro|brn
|move|p2a: Boodro|Play Rough|p1a: Mew|[miss]
|-miss|p2a: Boodro|p1a: Mew
|
|-heal|p1a: Mew|310\/404 psn|[from] item: Leftovers
|-damage|p1a: Mew|260\/404 psn|[from] psn
|-damage|p2a: Boodro|40\/377 brn|[from] brn
|turn|55
|
|move|p1a: Mew|Taunt|p2a: Boodro
|-start|p2a: Boodro|move: Taunt
|cant|p2a: Boodro|move: Taunt|Heal Bell
|
|-heal|p1a: Mew|285\/404 psn|[from] item: Leftovers
|-damage|p1a: Mew|235\/404 psn|[from] psn
|-damage|p2a: Boodro|0 fnt|[from] brn
|faint|p2a: Boodro
|
|switch|p2a: Kraken|Tentacruel, M|316\/361
|turn|56
|
|move|p2a: Kraken|Protect|p2a: Kraken
|-singleturn|p2a: Kraken|Protect
|move|p1a: Mew|Knock Off|p2a: Kraken
|-activate|p2a: Kraken|Protect
|
|-heal|p1a: Mew|260\/404 psn|[from] item: Leftovers
|-heal|p2a: Kraken|338\/361|[from] item: Leftovers
|-damage|p1a: Mew|210\/404 psn|[from] psn
|turn|57
|
|move|p1a: Mew|Knock Off|p2a: Kraken
|-damage|p2a: Kraken|291\/361
|-enditem|p2a: Kraken|Leftovers|[from] move: Knock Off|[of] p1a: Mew
|move|p2a: Kraken|Scald|p1a: Mew
|-damage|p1a: Mew|144\/404 psn
|
|-heal|p1a: Mew|169\/404 psn|[from] item: Leftovers
|-damage|p1a: Mew|119\/404 psn|[from] psn
|turn|58
|
|move|p1a: Mew|Will-O-Wisp|p2a: Kraken
|-status|p2a: Kraken|brn
|move|p2a: Kraken|Scald|p1a: Mew
|-damage|p1a: Mew|52\/404 psn
|
|-heal|p1a: Mew|77\/404 psn|[from] item: Leftovers
|-damage|p1a: Mew|27\/404 psn|[from] psn
|-damage|p2a: Kraken|246\/361 brn|[from] brn
|turn|59
|chat|BFoxy|nice hax win imo
|-message|BFoxy forfeited.
|
|win|Publikum
|raw|Ladder updating...
|raw|Publikum's rating: 1469 &rarr; <strong>1497<\/strong><br \/>(+28 for winning)
|raw|BFoxy's rating: 1601 &rarr; <strong>1573<\/strong><br \/>(-28 for losing)
|leave|BFoxy
|player|p2