|join|Dr N Trophy
|join|BFoxy
|player|p1|Dr N Trophy|121
|player|p2|BFoxy|161
|gametype|singles
|gen|6
|tier|UU
|rated
|rule|Sleep Clause Mod: Limit one foe put to sleep
|rule|Species Clause: Limit one of each PokÃ©mon
|rule|OHKO Clause: OHKO moves are banned
|rule|Moody Clause: Moody is banned
|rule|Evasion Moves Clause: Evasion moves are banned
|rule|Endless Battle Clause: Forcing endless battles is banned
|rule|HP Percentage Mod: HP is shown in percentages
|clearpoke
|poke|p1|Cresselia, F
|poke|p1|Krookodile, M
|poke|p1|Snorlax, F
|poke|p1|Virizion
|poke|p1|Ampharos, F
|poke|p1|Empoleon, F
|poke|p2|Doublade, M, shiny
|poke|p2|Granbull, M
|poke|p2|Blissey, F
|poke|p2|Houndoom, M
|poke|p2|Tentacruel, M
|poke|p2|Rotom-Mow
|rule|Swagger Clause: Swagger is banned
|rule|Baton Pass Clause: Limit one PokÃ©mon knowing Baton Pass
|teampreview
|
|start
|switch|p1a: Krookodile|Krookodile, M|332\/332
|switch|p2a: Kraken|Tentacruel, M|361\/361
|-ability|p1a: Krookodile|Intimidate|[of] p2a: Kraken
|-unboost|p2a: Kraken|atk|1
|turn|1
|
|move|p2a: Kraken|Protect|p2a: Kraken
|-singleturn|p2a: Kraken|Protect
|move|p1a: Krookodile|Knock Off|p2a: Kraken
|-activate|p2a: Kraken|Protect
|
|turn|2
|
|switch|p1a: Empoleon|Empoleon, F|372\/372
|switch|p2a: Boodro|Granbull, M|377\/377
|-ability|p2a: Boodro|Intimidate|[of] p1a: Empoleon
|-unboost|p1a: Empoleon|atk|1
|
|turn|3
|
|move|p1a: Empoleon|Stealth Rock|p2a: Boodro
|-sidestart|p2: BFoxy|move: Stealth Rock
|move|p2a: Boodro|Earthquake|p1a: Empoleon
|-supereffective|p1a: Empoleon
|-damage|p1a: Empoleon|168\/372
|
|-heal|p1a: Empoleon|191\/372|[from] item: Leftovers
|turn|4
|
|switch|p1a: Cresselia|Cresselia, F|443\/443
|move|p2a: Boodro|Earthquake|p1a: Cresselia
|-immune|p1a: Cresselia|[msg]
|
|turn|5
|
|switch|p1a: Krookodile|Krookodile, M|332\/332
|-ability|p1a: Krookodile|Intimidate|[of] p2a: Boodro
|-unboost|p2a: Boodro|atk|1
|switch|p2a: Landing Strip?|Rotom-Mow|241\/241
|-damage|p2a: Landing Strip?|211\/241|[from] Stealth Rock
|
|turn|6
|
|switch|p1a: Virizion|Virizion|324\/324
|move|p2a: Landing Strip?|Leaf Storm|p1a: Virizion|[miss]
|-miss|p2a: Landing Strip?|p1a: Virizion
|
|turn|7
|
|switch|p2a: Kraken|Tentacruel, M|361\/361
|-damage|p2a: Kraken|316\/361|[from] Stealth Rock
|switch|p1a: Krookodile|Krookodile, M|332\/332
|-ability|p1a: Krookodile|Intimidate|[of] p2a: Kraken
|-unboost|p2a: Kraken|atk|1
|
|-heal|p2a: Kraken|338\/361|[from] item: Leftovers
|turn|8
|
|move|p2a: Kraken|Protect|p2a: Kraken
|-singleturn|p2a: Kraken|Protect
|move|p1a: Krookodile|Earthquake|p2a: Kraken
|-activate|p2a: Kraken|Protect
|
|-heal|p2a: Kraken|360\/361|[from] item: Leftovers
|turn|9
|join|feng
|
|switch|p2a: Landing Strip?|Rotom-Mow|211\/241
|-damage|p2a: Landing Strip?|181\/241|[from] Stealth Rock
|move|p1a: Krookodile|Earthquake|p2a: Landing Strip?
|-immune|p2a: Landing Strip?|[msg]
|
|turn|10
|
|switch|p1a: Ampharos|Ampharos, F|384\/384
|move|p2a: Landing Strip?|Will-O-Wisp|p1a: Ampharos
|-status|p1a: Ampharos|brn
|
|-damage|p1a: Ampharos|336\/384 brn|[from] brn
|turn|11
|
|switch|p2a: Teen Mom|Blissey, F|651\/651
|-damage|p2a: Teen Mom|570\/651|[from] Stealth Rock
|detailschange|p1a: Ampharos|Ampharos-Mega, F
|message|Ampharos has Mega Evolved into Mega Ampharos!
|-ability|p1a: Ampharos|Mold Breaker
|move|p1a: Ampharos|Heal Bell|p1a: Ampharos
|-cureteam|p1a: Ampharos|[from] move: HealBell
|
|-heal|p2a: Teen Mom|610\/651|[from] item: Leftovers
|turn|12
|join|Colbrushie
|
|move|p2a: Teen Mom|Stealth Rock|p1a: Ampharos
|-sidestart|p1: Dr N Trophy|move: Stealth Rock
|move|p1a: Ampharos|Volt Switch|p2a: Teen Mom
|-damage|p2a: Teen Mom|508\/651
|
|switch|p1a: Empoleon|Empoleon, F|191\/372
|-damage|p1a: Empoleon|168\/372|[from] Stealth Rock
|
|-heal|p1a: Empoleon|191\/372|[from] item: Leftovers
|-heal|p2a: Teen Mom|548\/651|[from] item: Leftovers
|turn|13
|
|move|p1a: Empoleon|Defog|p2a: Teen Mom
|-unboost|p2a: Teen Mom|evasion|1
|-sideend|p2: BFoxy|Stealth Rock|[from] move: Defog|[of] p2a: Teen Mom
|-sideend|p1: Dr N Trophy|Stealth Rock|[from] move: Defog|[of] p1a: Empoleon
|move|p2a: Teen Mom|Seismic Toss|p1a: Empoleon
|-damage|p1a: Empoleon|91\/372
|
|-heal|p1a: Empoleon|114\/372|[from] item: Leftovers
|-heal|p2a: Teen Mom|588\/651|[from] item: Leftovers
|turn|14
|
|move|p1a: Empoleon|Stealth Rock|p2a: Teen Mom
|-sidestart|p2: BFoxy|move: Stealth Rock
|move|p2a: Teen Mom|Seismic Toss|p1a: Empoleon
|-damage|p1a: Empoleon|14\/372
|
|-heal|p1a: Empoleon|37\/372|[from] item: Leftovers
|-heal|p2a: Teen Mom|628\/651|[from] item: Leftovers
|turn|15
|
|switch|p1a: Virizion|Virizion|324\/324
|move|p2a: Teen Mom|Stealth Rock|p1a: Virizion
|-sidestart|p1: Dr N Trophy|move: Stealth Rock
|
|-heal|p2a: Teen Mom|651\/651|[from] item: Leftovers
|turn|16
|
|switch|p2a: Venetia Shield|Doublade, M, shiny|309\/309
|-damage|p2a: Venetia Shield|290\/309|[from] Stealth Rock
|move|p1a: Virizion|Close Combat|p2a: Venetia Shield
|-immune|p2a: Venetia Shield|[msg]
|
|turn|17
|
|switch|p1a: Krookodile|Krookodile, M|332\/332
|-damage|p1a: Krookodile|312\/332|[from] Stealth Rock
|-ability|p1a: Krookodile|Intimidate|[of] p2a: Venetia Shield
|-unboost|p2a: Venetia Shield|atk|1
|switch|p2a: Boodro|Granbull, M|377\/377
|-damage|p2a: Boodro|330\/377|[from] Stealth Rock
|-ability|p2a: Boodro|Intimidate|[of] p1a: Krookodile
|-unboost|p1a: Krookodile|atk|1
|
|-heal|p2a: Boodro|353\/377|[from] item: Leftovers
|turn|18
|
|switch|p1a: Cresselia|Cresselia, F|443\/443
|-damage|p1a: Cresselia|388\/443|[from] Stealth Rock
|move|p2a: Boodro|Thunder Wave|p1a: Cresselia
|-status|p1a: Cresselia|par
|
|-heal|p2a: Boodro|376\/377|[from] item: Leftovers
|-heal|p1a: Cresselia|415\/443 par|[from] item: Leftovers
|turn|19
|leave|Colbrushie
|
|switch|p2a: Kraken|Tentacruel, M|360\/361
|-damage|p2a: Kraken|315\/361|[from] Stealth Rock
|switch|p1a: Ampharos|Ampharos-Mega, F|336\/384
|-damage|p1a: Ampharos|288\/384|[from] Stealth Rock
|-ability|p1a: Ampharos|Mold Breaker
|
|-heal|p2a: Kraken|337\/361|[from] item: Leftovers
|turn|20
|
|move|p2a: Kraken|Rapid Spin|p1a: Ampharos
|-damage|p1a: Ampharos|280\/384
|-sideend|p2: BFoxy|Stealth Rock|[from] move: Rapid Spin|[of] p2a: Kraken
|move|p1a: Ampharos|Heal Bell|p1a: Ampharos
|-cureteam|p1a: Ampharos|[from] move: HealBell
|
|-heal|p2a: Kraken|359\/361|[from] item: Leftovers
|turn|21
|c| feng|can focus energy be passed?
|c|âDr N Trophy|maybe
|c|âDr N Trophy|dont know off the top of my head
|
|switch|p2a: Landing Strip?|Rotom-Mow|181\/241
|move|p1a: Ampharos|Volt Switch|p2a: Landing Strip?
|-resisted|p2a: Landing Strip?
|-damage|p2a: Landing Strip?|143\/241
|
|switch|p1a: Snorlax|Snorlax, F|461\/461
|-damage|p1a: Snorlax|404\/461|[from] Stealth Rock
|
|-heal|p1a: Snorlax|432\/461|[from] item: Leftovers
|turn|22
|
|switch|p1a: Ampharos|Ampharos-Mega, F|280\/384
|-damage|p1a: Ampharos|232\/384|[from] Stealth Rock
|-ability|p1a: Ampharos|Mold Breaker
|move|p2a: Landing Strip?|Volt Switch|p1a: Ampharos
|-resisted|p1a: Ampharos
|-damage|p1a: Ampharos|207\/384
|
|switch|p2a: Teen Mom|Blissey, F|651\/651
|
|turn|23
|
|move|p2a: Teen Mom|Seismic Toss|p1a: Ampharos
|-damage|p1a: Ampharos|107\/384
|move|p1a: Ampharos|Volt Switch|p2a: Teen Mom
|-damage|p2a: Teen Mom|542\/651
|join|EyanZ
|
|switch|p1a: Krookodile|Krookodile, M|312\/332
|-damage|p1a: Krookodile|292\/332|[from] Stealth Rock
|-ability|p1a: Krookodile|Intimidate|[of] p2a: Teen Mom
|-unboost|p2a: Teen Mom|atk|1
|
|-heal|p2a: Teen Mom|582\/651|[from] item: Leftovers
|turn|24
|
|switch|p2a: Boodro|Granbull, M|376\/377
|-ability|p2a: Boodro|Intimidate|[of] p1a: Krookodile
|-unboost|p1a: Krookodile|atk|1
|move|p1a: Krookodile|Knock Off|p2a: Boodro
|-resisted|p2a: Boodro
|-damage|p2a: Boodro|331\/377
|-enditem|p2a: Boodro|Leftovers|[from] move: Knock Off|[of] p1a: Krookodile
|
|turn|25
|leave|EyanZ
|
|switch|p1a: Snorlax|Snorlax, F|432\/461
|-damage|p1a: Snorlax|375\/461|[from] Stealth Rock
|switch|p2a: Cerberus|Houndoom, M|291\/291
|
|-heal|p1a: Snorlax|403\/461|[from] item: Leftovers
|turn|26
|
|switch|p2a: Venetia Shield|Doublade, M, shiny|290\/309
|move|p1a: Snorlax|Earthquake|p2a: Venetia Shield
|-supereffective|p2a: Venetia Shield
|-damage|p2a: Venetia Shield|210\/309
|
|-heal|p1a: Snorlax|431\/461|[from] item: Leftovers
|turn|27
|
|switch|p2a: Landing Strip?|Rotom-Mow|143\/241
|move|p1a: Snorlax|Earthquake|p2a: Landing Strip?
|-immune|p2a: Landing Strip?|[msg]
|
|-heal|p1a: Snorlax|459\/461|[from] item: Leftovers
|turn|28
|
|move|p2a: Landing Strip?|Will-O-Wisp|p1a: Snorlax
|-status|p1a: Snorlax|brn
|move|p1a: Snorlax|Body Slam|p2a: Landing Strip?
|-damage|p2a: Landing Strip?|89\/241
|
|-heal|p1a: Snorlax|461\/461 brn|[from] item: Leftovers
|-damage|p1a: Snorlax|404\/461 brn|[from] brn
|turn|29
|
|switch|p2a: Venetia Shield|Doublade, M, shiny|210\/309
|switch|p1a: Empoleon|Empoleon, F|37\/372
|-damage|p1a: Empoleon|14\/372|[from] Stealth Rock
|
|-heal|p1a: Empoleon|37\/372|[from] item: Leftovers
|turn|30
|
|switch|p2a: Landing Strip?|Rotom-Mow|89\/241
|move|p1a: Empoleon|Scald|p2a: Landing Strip?
|-resisted|p2a: Landing Strip?
|-damage|p2a: Landing Strip?|14\/241
|
|-heal|p1a: Empoleon|60\/372|[from] item: Leftovers
|turn|31
|
|move|p2a: Landing Strip?|Volt Switch|p1a: Empoleon
|-supereffective|p1a: Empoleon
|-damage|p1a: Empoleon|0 fnt
|faint|p1a: Empoleon
|
|switch|p2a: Teen Mom|Blissey, F|582\/651
|
|-heal|p2a: Teen Mom|622\/651|[from] item: Leftovers
|
|switch|p1a: Virizion|Virizion|324\/324
|-damage|p1a: Virizion|304\/324|[from] Stealth Rock
|turn|32
|
|switch|p2a: Venetia Shield|Doublade, M, shiny|210\/309
|move|p1a: Virizion|Swords Dance|p1a: Virizion
|-boost|p1a: Virizion|atk|2
|
|-heal|p1a: Virizion|324\/324|[from] item: Leftovers
|turn|33
|
|move|p1a: Virizion|Leaf Blade|p2a: Venetia Shield
|-crit|p2a: Venetia Shield
|-resisted|p2a: Venetia Shield
|-damage|p2a: Venetia Shield|122\/309
|move|p2a: Venetia Shield|Iron Head|p1a: Virizion
|-damage|p1a: Virizion|137\/324
|
|-heal|p1a: Virizion|157\/324|[from] item: Leftovers
|turn|34
|
|switch|p1a: Krookodile|Krookodile, M|292\/332
|-damage|p1a: Krookodile|272\/332|[from] Stealth Rock
|-ability|p1a: Krookodile|Intimidate|[of] p2a: Venetia Shield
|-unboost|p2a: Venetia Shield|atk|1
|move|p2a: Venetia Shield|Iron Head|p1a: Krookodile
|-crit|p1a: Krookodile
|-damage|p1a: Krookodile|34\/332
|
|turn|35
|
|move|p2a: Venetia Shield|Shadow Sneak|p1a: Krookodile
|-resisted|p1a: Krookodile
|-damage|p1a: Krookodile|4\/332
|move|p1a: Krookodile|Pursuit|p2a: Venetia Shield
|-supereffective|p2a: Venetia Shield
|-damage|p2a: Venetia Shield|50\/309
|
|turn|36
|
|move|p2a: Venetia Shield|Shadow Sneak|p1a: Krookodile
|-resisted|p1a: Krookodile
|-damage|p1a: Krookodile|0 fnt
|faint|p1a: Krookodile
|
|
|switch|p1a: Snorlax|Snorlax, F|404\/461 brn
|-damage|p1a: Snorlax|347\/461 brn|[from] Stealth Rock
|turn|37
|
|move|p2a: Venetia Shield|Swords Dance|p2a: Venetia Shield
|-boost|p2a: Venetia Shield|atk|2
|move|p1a: Snorlax|Rest|p1a: Snorlax
|-status|p1a: Snorlax|slp
|-heal|p1a: Snorlax|461\/461 slp|[silent]
|-status|p1a: Snorlax|slp|[from] move: Rest
|
|turn|38
|
|move|p2a: Venetia Shield|Iron Head|p1a: Snorlax
|-damage|p1a: Snorlax|230\/461 slp
|cant|p1a: Snorlax|slp
|move|p1a: Snorlax|Sleep Talk|p1a: Snorlax
|move|p1a: Snorlax|Earthquake|p2a: Venetia Shield|[from]Sleep Talk
|-supereffective|p2a: Venetia Shield
|-damage|p2a: Venetia Shield|0 fnt
|faint|p2a: Venetia Shield
|
|-heal|p1a: Snorlax|258\/461 slp|[from] item: Leftovers
|
|switch|p2a: Cerberus|Houndoom, M|291\/291
|turn|39
|
|detailschange|p2a: Cerberus|Houndoom-Mega, M
|message|Houndoom has Mega Evolved into Mega Houndoom!
|move|p2a: Cerberus|Nasty Plot|p2a: Cerberus
|-boost|p2a: Cerberus|spa|2
|cant|p1a: Snorlax|slp
|move|p1a: Snorlax|Sleep Talk|p1a: Snorlax
|move|p1a: Snorlax|Body Slam|p2a: Cerberus|[from]Sleep Talk
|-damage|p2a: Cerberus|165\/291
|
|-heal|p1a: Snorlax|286\/461 slp|[from] item: Leftovers
|turn|40
|
|move|p2a: Cerberus|Dark Pulse|p1a: Snorlax
|-damage|p1a: Snorlax|97\/461 slp
|-curestatus|p1a: Snorlax|slp
|move|p1a: Snorlax|Earthquake|p2a: Cerberus
|-supereffective|p2a: Cerberus
|-damage|p2a: Cerberus|0 fnt
|faint|p2a: Cerberus
|
|-heal|p1a: Snorlax|125\/461|[from] item: Leftovers
|
|switch|p2a: Landing Strip?|Rotom-Mow|14\/241
|turn|41
|
|move|p2a: Landing Strip?|Trick|p1a: Snorlax
|-activate|p2a: Landing Strip?|move: Trick|[of] p1a: Snorlax
|-item|p1a: Snorlax|Choice Scarf|[from] move: Trick
|-item|p2a: Landing Strip?|Leftovers|[from] move: Trick
|move|p1a: Snorlax|Rest|p1a: Snorlax
|-status|p1a: Snorlax|slp
|-heal|p1a: Snorlax|461\/461 slp|[silent]
|-status|p1a: Snorlax|slp|[from] move: Rest
|
|-heal|p2a: Landing Strip?|29\/241|[from] item: Leftovers
|turn|42
|
|switch|p1a: Virizion|Virizion|157\/324
|-damage|p1a: Virizion|137\/324|[from] Stealth Rock
|move|p2a: Landing Strip?|Volt Switch|p1a: Virizion
|-resisted|p1a: Virizion
|-damage|p1a: Virizion|97\/324
|
|switch|p2a: Boodro|Granbull, M|331\/377
|-ability|p2a: Boodro|Intimidate|[of] p1a: Virizion
|-unboost|p1a: Virizion|atk|1
|
|-heal|p1a: Virizion|117\/324|[from] item: Leftovers
|turn|43
|
|switch|p1a: Snorlax|Snorlax, F|461\/461 slp
|-damage|p1a: Snorlax|404\/461 slp|[from] Stealth Rock
|move|p2a: Boodro|Play Rough|p1a: Snorlax
|-damage|p1a: Snorlax|266\/461 slp
|
|turn|44
|
|cant|p1a: Snorlax|slp
|move|p1a: Snorlax|Sleep Talk|p1a: Snorlax
|move|p1a: Snorlax|Earthquake|p2a: Boodro|[from]Sleep Talk
|-damage|p2a: Boodro|257\/377
|move|p2a: Boodro|Play Rough|p1a: Snorlax
|-damage|p1a: Snorlax|139\/461 slp
|
|turn|45
|
|cant|p1a: Snorlax|slp
|move|p1a: Snorlax|Sleep Talk|p1a: Snorlax
|move|p1a: Snorlax|Earthquake|p2a: Boodro|[from]Sleep Talk
|-crit|p2a: Boodro
|-damage|p2a: Boodro|144\/377
|move|p2a: Boodro|Play Rough|p1a: Snorlax
|-damage|p1a: Snorlax|9\/461 slp
|
|turn|46
|
|-curestatus|p1a: Snorlax|slp
|move|p1a: Snorlax|Sleep Talk|p1a: Snorlax
|-fail|p1a: Snorlax
|move|p2a: Boodro|Play Rough|p1a: Snorlax
|-damage|p1a: Snorlax|0 fnt
|faint|p1a: Snorlax
|
|
|switch|p1a: Cresselia|Cresselia, F|415\/443
|-damage|p1a: Cresselia|360\/443|[from] Stealth Rock
|turn|47
|
|switch|p2a: Teen Mom|Blissey, F|622\/651
|move|p1a: Cresselia|Substitute|p1a: Cresselia
|-start|p1a: Cresselia|Substitute
|-damage|p1a: Cresselia|250\/443
|
|-heal|p1a: Cresselia|277\/443|[from] item: Leftovers
|-heal|p2a: Teen Mom|651\/651|[from] item: Leftovers
|turn|48
|join|ghtes
|
|switch|p1a: Virizion|Virizion|117\/324
|-damage|p1a: Virizion|97\/324|[from] Stealth Rock
|move|p2a: Teen Mom|Seismic Toss|p1a: Virizion
|-damage|p1a: Virizion|0 fnt
|faint|p1a: Virizion
|
|
|switch|p1a: Ampharos|Ampharos-Mega, F|107\/384
|-damage|p1a: Ampharos|59\/384|[from] Stealth Rock
|-ability|p1a: Ampharos|Mold Breaker
|turn|49
|
|-singleturn|p1a: Ampharos|move: Focus Punch
|move|p2a: Teen Mom|Seismic Toss|p1a: Ampharos
|-damage|p1a: Ampharos|0 fnt
|faint|p1a: Ampharos
|
|
|switch|p1a: Cresselia|Cresselia, F|277\/443
|-damage|p1a: Cresselia|222\/443|[from] Stealth Rock
|turn|50
|
|move|p1a: Cresselia|Substitute|p1a: Cresselia
|-start|p1a: Cresselia|Substitute
|-damage|p1a: Cresselia|112\/443
|move|p2a: Teen Mom|Seismic Toss|p1a: Cresselia
|-activate|p1a: Cresselia|Substitute|[damage]
|
|-heal|p1a: Cresselia|139\/443|[from] item: Leftovers
|turn|51
|
|move|p1a: Cresselia|Calm Mind|p1a: Cresselia
|-boost|p1a: Cresselia|spa|1
|-boost|p1a: Cresselia|spd|1
|move|p2a: Teen Mom|Seismic Toss|p1a: Cresselia
|-end|p1a: Cresselia|Substitute
|
|-heal|p1a: Cresselia|166\/443|[from] item: Leftovers
|turn|52
|
|move|p1a: Cresselia|Substitute|p1a: Cresselia
|-start|p1a: Cresselia|Substitute
|-damage|p1a: Cresselia|56\/443
|move|p2a: Teen Mom|Seismic Toss|p1a: Cresselia
|-activate|p1a: Cresselia|Substitute|[damage]
|
|-heal|p1a: Cresselia|83\/443|[from] item: Leftovers
|turn|53
|
|move|p1a: Cresselia|Moonlight|p1a: Cresselia
|-heal|p1a: Cresselia|304\/443
|move|p2a: Teen Mom|Seismic Toss|p1a: Cresselia
|-end|p1a: Cresselia|Substitute
|
|-heal|p1a: Cresselia|331\/443|[from] item: Leftovers
|turn|54
|c|âDr N Trophy|lets leave it there 
|c|âDr N Trophy|gg
|c|âBFoxy|gg
|-message|Dr N Trophy forfeited.
|
|win|BFoxy
|raw|Ladder updating...
|leave|Dr N Trophy
|player|p1
|raw|Dr N Trophy's rating: 1502 &rarr; <strong>1486<\/strong><br \/>(-16 for losing)
|raw|BFoxy's rating: 1569 &rarr; <strong>1585<\/strong><br \/>(+16 for winning)