|join|Latios pls
|join|BFoxy
|player|p1|Latios pls|217
|player|p2|BFoxy|161
|gametype|singles
|gen|6
|tier|UU
|rated
|rule|Sleep Clause Mod: Limit one foe put to sleep
|rule|Species Clause: Limit one of each PokÃ©mon
|rule|OHKO Clause: OHKO moves are banned
|rule|Moody Clause: Moody is banned
|rule|Evasion Moves Clause: Evasion moves are banned
|rule|Endless Battle Clause: Forcing endless battles is banned
|rule|HP Percentage Mod: HP is shown in percentages
|clearpoke
|poke|p1|Rhyperior, F
|poke|p1|Toxicroak, F
|poke|p1|Jirachi
|poke|p1|Shaymin
|poke|p1|Crobat, M
|poke|p1|Blastoise, M
|poke|p2|Doublade, F, shiny
|poke|p2|Granbull, M
|poke|p2|Blissey, F
|poke|p2|Houndoom, M
|poke|p2|Tentacruel, M
|poke|p2|Rotom-Mow
|rule|Swagger Clause: Swagger is banned
|rule|Baton Pass Clause: Limit one PokÃ©mon knowing Baton Pass
|teampreview
|
|start
|switch|p1a: Jirachi|Jirachi|341\/341
|switch|p2a: Landing Strip?|Rotom-Mow|241\/241
|turn|1
|
|move|p1a: Jirachi|U-turn|p2a: Landing Strip?
|-supereffective|p2a: Landing Strip?
|-damage|p2a: Landing Strip?|119\/241
|
|switch|p1a: Shaymin|Shaymin|345\/345
|move|p2a: Landing Strip?|Will-O-Wisp|p1a: Shaymin
|-status|p1a: Shaymin|brn
|
|-damage|p1a: Shaymin|302\/345 brn|[from] brn
|turn|2
|
|switch|p2a: Teen Mom|Blissey, F|651\/651
|move|p1a: Shaymin|Air Slash|p2a: Teen Mom
|-damage|p2a: Teen Mom|601\/651
|
|-heal|p1a: Shaymin|323\/345 brn|[from] item: Leftovers
|-heal|p2a: Teen Mom|641\/651|[from] item: Leftovers
|-damage|p1a: Shaymin|280\/345 brn|[from] brn
|turn|3
|join|EyanZ
|
|move|p1a: Shaymin|Leech Seed|p2a: Teen Mom
|-start|p2a: Teen Mom|move: Leech Seed
|move|p2a: Teen Mom|Stealth Rock|p1a: Shaymin
|-sidestart|p1: Latios pls|move: Stealth Rock
|
|-heal|p1a: Shaymin|301\/345 brn|[from] item: Leftovers
|-heal|p2a: Teen Mom|651\/651|[from] item: Leftovers
|-damage|p2a: Teen Mom|570\/651|[from] Leech Seed|[of] p1a: Shaymin
|-heal|p1a: Shaymin|345\/345 brn|[silent]
|-damage|p1a: Shaymin|302\/345 brn|[from] brn
|turn|4
|
|move|p1a: Shaymin|Seed Flare|p2a: Teen Mom
|-damage|p2a: Teen Mom|444\/651
|move|p2a: Teen Mom|Seismic Toss|p1a: Shaymin
|-damage|p1a: Shaymin|202\/345 brn
|
|-heal|p1a: Shaymin|223\/345 brn|[from] item: Leftovers
|-heal|p2a: Teen Mom|484\/651|[from] item: Leftovers
|-damage|p2a: Teen Mom|403\/651|[from] Leech Seed|[of] p1a: Shaymin
|-heal|p1a: Shaymin|304\/345 brn|[silent]
|-damage|p1a: Shaymin|261\/345 brn|[from] brn
|turn|5
|
|switch|p1a: Blastoise|Blastoise, M|354\/354
|-damage|p1a: Blastoise|310\/354|[from] Stealth Rock
|move|p2a: Teen Mom|Soft-Boiled|p2a: Teen Mom
|-heal|p2a: Teen Mom|651\/651
|
|-damage|p2a: Teen Mom|570\/651|[from] Leech Seed|[of] p1a: Blastoise
|-heal|p1a: Blastoise|354\/354|[silent]
|turn|6
|c|âLatios pls|crap
|c|âLatios pls|misclick
|c| EyanZ|reveal the physical stoise
|
|switch|p2a: Kraken|Tentacruel, M|361\/361
|detailschange|p1a: Blastoise|Blastoise-Mega, M
|message|Blastoise has Mega Evolved into Mega Blastoise!
|move|p1a: Blastoise|Rapid Spin|p2a: Kraken
|-damage|p2a: Kraken|346\/361
|-sideend|p1: Latios pls|Stealth Rock|[from] move: Rapid Spin|[of] p1a: Blastoise
|
|-heal|p2a: Kraken|361\/361|[from] item: Leftovers
|turn|7
|c|âLatios pls|y
|c|âLatios pls|CC toise
|
|switch|p1a: Toxicroak|Toxicroak, F|307\/307
|move|p2a: Kraken|Toxic Spikes|p1a: Toxicroak
|-sidestart|p1: Latios pls|move: Toxic Spikes
|
|turn|8
|
|switch|p2a: Venetia Shield|Doublade, F, shiny|309\/309
|move|p1a: Toxicroak|Drain Punch|p2a: Venetia Shield
|-immune|p2a: Venetia Shield|[msg]
|
|turn|9
|
|switch|p1a: Jirachi|Jirachi|341\/341
|switch|p2a: Landing Strip?|Rotom-Mow|119\/241
|
|turn|10
|
|switch|p2a: Kraken|Tentacruel, M|361\/361
|move|p1a: Jirachi|U-turn|p2a: Kraken
|-resisted|p2a: Kraken
|-damage|p2a: Kraken|330\/361
|
|switch|p1a: Toxicroak|Toxicroak, F|307\/307
|-sideend|p1: Latios pls|move: Toxic Spikes|[of] p1a: Toxicroak
|
|-heal|p2a: Kraken|352\/361|[from] item: Leftovers
|turn|11
|
|move|p1a: Toxicroak|Swords Dance|p1a: Toxicroak
|-boost|p1a: Toxicroak|atk|2
|move|p2a: Kraken|Toxic Spikes|p1a: Toxicroak
|-sidestart|p1: Latios pls|move: Toxic Spikes
|
|-heal|p2a: Kraken|361\/361|[from] item: Leftovers
|turn|12
|
|switch|p2a: Venetia Shield|Doublade, F, shiny|309\/309
|move|p1a: Toxicroak|Gunk Shot|p2a: Venetia Shield
|-immune|p2a: Venetia Shield|[msg]
|
|turn|13
|
|move|p1a: Toxicroak|Sucker Punch|p2a: Venetia Shield
|-fail|p2a: Venetia Shield
|move|p2a: Venetia Shield|Swords Dance|p2a: Venetia Shield
|-boost|p2a: Venetia Shield|atk|2
|
|turn|14
|c|âLatios pls|hmm
|
|move|p1a: Toxicroak|Sucker Punch|p2a: Venetia Shield
|-fail|p2a: Venetia Shield
|move|p2a: Venetia Shield|Swords Dance|p2a: Venetia Shield
|-boost|p2a: Venetia Shield|atk|2
|
|turn|15
|
|move|p1a: Toxicroak|Sucker Punch|p2a: Venetia Shield
|-fail|p2a: Venetia Shield
|move|p2a: Venetia Shield|Swords Dance|p2a: Venetia Shield
|-boost|p2a: Venetia Shield|atk|2
|
|turn|16
|
|move|p1a: Toxicroak|Swords Dance|p1a: Toxicroak
|-boost|p1a: Toxicroak|atk|2
|move|p2a: Venetia Shield|Swords Dance|p2a: Venetia Shield
|-fail|p2a: Venetia Shield
|
|turn|17
|
|move|p1a: Toxicroak|Sucker Punch|p2a: Venetia Shield
|-fail|p2a: Venetia Shield
|move|p2a: Venetia Shield|Swords Dance|p2a: Venetia Shield
|-fail|p2a: Venetia Shield
|
|turn|18
|
|move|p1a: Toxicroak|Swords Dance|p1a: Toxicroak
|-boost|p1a: Toxicroak|atk|2
|move|p2a: Venetia Shield|Swords Dance|p2a: Venetia Shield
|-fail|p2a: Venetia Shield
|
|turn|19
|
|move|p1a: Toxicroak|Swords Dance|p1a: Toxicroak
|-fail|p1a: Toxicroak
|move|p2a: Venetia Shield|Swords Dance|p2a: Venetia Shield
|-fail|p2a: Venetia Shield
|
|turn|20
|
|move|p1a: Toxicroak|Sucker Punch|p2a: Venetia Shield
|-fail|p2a: Venetia Shield
|move|p2a: Venetia Shield|Swords Dance|p2a: Venetia Shield
|-fail|p2a: Venetia Shield
|
|turn|21
|
|move|p1a: Toxicroak|Swords Dance|p1a: Toxicroak
|-fail|p1a: Toxicroak
|move|p2a: Venetia Shield|Iron Head|p1a: Toxicroak
|-damage|p1a: Toxicroak|0 fnt
|faint|p1a: Toxicroak
|
|
|switch|p1a: Blastoise|Blastoise-Mega, M|354\/354
|-status|p1a: Blastoise|psn
|turn|22
|
|switch|p2a: Teen Mom|Blissey, F|570\/651
|move|p1a: Blastoise|Dark Pulse|p2a: Teen Mom
|-damage|p2a: Teen Mom|469\/651
|
|-heal|p2a: Teen Mom|509\/651|[from] item: Leftovers
|-damage|p1a: Blastoise|310\/354 psn|[from] psn
|turn|23
|
|move|p1a: Blastoise|Rapid Spin|p2a: Teen Mom
|-crit|p2a: Teen Mom
|-damage|p2a: Teen Mom|469\/651
|-sideend|p1: Latios pls|Toxic Spikes|[from] move: Rapid Spin|[of] p1a: Blastoise
|move|p2a: Teen Mom|Seismic Toss|p1a: Blastoise
|-damage|p1a: Blastoise|210\/354 psn
|
|-heal|p2a: Teen Mom|509\/651|[from] item: Leftovers
|-damage|p1a: Blastoise|166\/354 psn|[from] psn
|turn|24
|
|switch|p1a: Crobat|Crobat, M|317\/317
|move|p2a: Teen Mom|Stealth Rock|p1a: Crobat
|-sidestart|p1: Latios pls|move: Stealth Rock
|
|-heal|p2a: Teen Mom|549\/651|[from] item: Leftovers
|turn|25
|
|switch|p2a: Venetia Shield|Doublade, F, shiny|309\/309
|move|p1a: Crobat|U-turn|p2a: Venetia Shield
|-resisted|p2a: Venetia Shield
|-damage|p2a: Venetia Shield|302\/309
|
|switch|p1a: Rhyperior|Rhyperior, F|433\/433
|-damage|p1a: Rhyperior|406\/433|[from] Stealth Rock
|
|-heal|p1a: Rhyperior|433\/433|[from] item: Leftovers
|turn|26
|
|switch|p2a: Kraken|Tentacruel, M|361\/361
|move|p1a: Rhyperior|Stealth Rock|p2a: Kraken
|-sidestart|p2: BFoxy|move: Stealth Rock
|
|turn|27
|
|move|p2a: Kraken|Scald|p1a: Rhyperior
|-supereffective|p1a: Rhyperior
|-damage|p1a: Rhyperior|172\/433
|move|p1a: Rhyperior|Earthquake|p2a: Kraken
|-supereffective|p2a: Kraken
|-damage|p2a: Kraken|71\/361
|
|-heal|p2a: Kraken|93\/361|[from] item: Leftovers
|-heal|p1a: Rhyperior|199\/433|[from] item: Leftovers
|turn|28
|
|move|p2a: Kraken|Rapid Spin|p1a: Rhyperior
|-resisted|p1a: Rhyperior
|-damage|p1a: Rhyperior|196\/433
|-sideend|p2: BFoxy|Stealth Rock|[from] move: Rapid Spin|[of] p2a: Kraken
|move|p1a: Rhyperior|Earthquake|p2a: Kraken
|-supereffective|p2a: Kraken
|-damage|p2a: Kraken|0 fnt
|faint|p2a: Kraken
|
|-heal|p1a: Rhyperior|223\/433|[from] item: Leftovers
|
|switch|p2a: Landing Strip?|Rotom-Mow|119\/241
|turn|29
|
|switch|p1a: Shaymin|Shaymin|261\/345
|-damage|p1a: Shaymin|218\/345|[from] Stealth Rock
|move|p2a: Landing Strip?|Leaf Storm|p1a: Shaymin
|-resisted|p1a: Shaymin
|-damage|p1a: Shaymin|124\/345
|-unboost|p2a: Landing Strip?|spa|2
|
|-heal|p1a: Shaymin|145\/345|[from] item: Leftovers
|turn|30
|
|switch|p2a: Cerberus|Houndoom, M|291\/291
|move|p1a: Shaymin|Leech Seed|p2a: Cerberus
|-start|p2a: Cerberus|move: Leech Seed
|
|-heal|p1a: Shaymin|166\/345|[from] item: Leftovers
|-damage|p2a: Cerberus|255\/291|[from] Leech Seed|[of] p1a: Shaymin
|-heal|p1a: Shaymin|202\/345|[silent]
|turn|31
|
|detailschange|p2a: Cerberus|Houndoom-Mega, M
|message|Houndoom has Mega Evolved into Mega Houndoom!
|move|p1a: Shaymin|Protect|p1a: Shaymin
|-singleturn|p1a: Shaymin|Protect
|move|p2a: Cerberus|Fire Blast|p1a: Shaymin
|-activate|p1a: Shaymin|Protect
|
|-heal|p1a: Shaymin|223\/345|[from] item: Leftovers
|-damage|p2a: Cerberus|219\/291|[from] Leech Seed|[of] p1a: Shaymin
|-heal|p1a: Shaymin|259\/345|[silent]
|turn|32
|
|switch|p1a: Blastoise|Blastoise-Mega, M|166\/354 psn
|-damage|p1a: Blastoise|122\/354 psn|[from] Stealth Rock
|move|p2a: Cerberus|Fire Blast|p1a: Blastoise
|-crit|p1a: Blastoise
|-resisted|p1a: Blastoise
|-damage|p1a: Blastoise|0 fnt
|faint|p1a: Blastoise
|
|
|switch|p1a: Crobat|Crobat, M|317\/317
|-damage|p1a: Crobat|238\/317|[from] Stealth Rock
|turn|33
|
|switch|p2a: Venetia Shield|Doublade, F, shiny|302\/309
|move|p1a: Crobat|U-turn|p2a: Venetia Shield
|-crit|p2a: Venetia Shield
|-resisted|p2a: Venetia Shield
|-damage|p2a: Venetia Shield|291\/309
|
|switch|p1a: Rhyperior|Rhyperior, F|223\/433
|-damage|p1a: Rhyperior|196\/433|[from] Stealth Rock
|
|-heal|p1a: Rhyperior|223\/433|[from] item: Leftovers
|turn|34
|
|move|p2a: Venetia Shield|Swords Dance|p2a: Venetia Shield
|-boost|p2a: Venetia Shield|atk|2
|move|p1a: Rhyperior|Stealth Rock|p2a: Venetia Shield
|-sidestart|p2: BFoxy|move: Stealth Rock
|
|-heal|p1a: Rhyperior|250\/433|[from] item: Leftovers
|turn|35
|
|move|p1a: Rhyperior|Earthquake|p2a: Venetia Shield
|-supereffective|p2a: Venetia Shield
|-damage|p2a: Venetia Shield|135\/309
|move|p2a: Venetia Shield|Iron Head|p1a: Rhyperior
|-supereffective|p1a: Rhyperior
|-damage|p1a: Rhyperior|0 fnt
|faint|p1a: Rhyperior
|
|
|switch|p1a: Jirachi|Jirachi|341\/341
|-damage|p1a: Jirachi|320\/341|[from] Stealth Rock
|turn|36
|
|move|p2a: Venetia Shield|Shadow Sneak|p1a: Jirachi
|-supereffective|p1a: Jirachi
|-damage|p1a: Jirachi|30\/341
|move|p1a: Jirachi|Trick|p2a: Venetia Shield
|-activate|p1a: Jirachi|move: Trick|[of] p2a: Venetia Shield
|-item|p2a: Venetia Shield|Choice Scarf|[from] move: Trick
|-item|p1a: Jirachi|Eviolite|[from] move: Trick
|
|turn|37
|-message|Latios pls forfeited.
|
|win|BFoxy
|raw|Ladder updating...
|raw|Latios pls's rating: 1499 &rarr; <strong>1482<\/strong><br \/>(-17 for losing)
|raw|BFoxy's rating: 1558 &rarr; <strong>1575<\/strong><br \/>(+17 for winning)
|leave|Latios pls
|player|p1