|join|YOLO AMIRITE?
|join|BFoxy
|player|p1|YOLO AMIRITE?|137
|player|p2|BFoxy|161
|gametype|singles
|gen|6
|tier|UU
|rated
|rule|Sleep Clause Mod: Limit one foe put to sleep
|rule|Species Clause: Limit one of each PokÃ©mon
|rule|OHKO Clause: OHKO moves are banned
|rule|Moody Clause: Moody is banned
|rule|Evasion Moves Clause: Evasion moves are banned
|rule|Endless Battle Clause: Forcing endless battles is banned
|rule|HP Percentage Mod: HP is shown in percentages
|clearpoke
|poke|p1|Honchkrow, M
|poke|p1|Suicune
|poke|p1|Krookodile, M
|poke|p1|Alomomola, F
|poke|p1|Nidoking, M
|poke|p1|Blissey, F
|poke|p2|Doublade, M, shiny
|poke|p2|Granbull, M
|poke|p2|Blissey, F
|poke|p2|Houndoom, M
|poke|p2|Tentacruel, M
|poke|p2|Rotom-Mow
|rule|Swagger Clause: Swagger is banned
|rule|Baton Pass Clause: Limit one PokÃ©mon knowing Baton Pass
|teampreview
|
|start
|switch|p1a: Krookodile|Krookodile, M|393\/393
|switch|p2a: Kraken|Tentacruel, M|361\/361
|-ability|p1a: Krookodile|Intimidate|[of] p2a: Kraken
|-unboost|p2a: Kraken|atk|1
|turn|1
|
|move|p2a: Kraken|Protect|p2a: Kraken
|-singleturn|p2a: Kraken|Protect
|move|p1a: Krookodile|Earthquake|p2a: Kraken
|-activate|p2a: Kraken|Protect
|
|turn|2
|
|switch|p2a: Landing Strip?|Rotom-Mow|241\/241
|move|p1a: Krookodile|Stealth Rock|p2a: Landing Strip?
|-sidestart|p2: BFoxy|move: Stealth Rock
|
|turn|3
|
|switch|p1a: Blissey|Blissey, F|713\/713
|move|p2a: Landing Strip?|Trick|p1a: Blissey
|-activate|p2a: Landing Strip?|move: Trick|[of] p1a: Blissey
|-item|p1a: Blissey|Choice Scarf|[from] move: Trick
|-item|p2a: Landing Strip?|Leftovers|[from] move: Trick
|
|turn|4
|
|move|p2a: Landing Strip?|Volt Switch|p1a: Blissey
|-damage|p1a: Blissey|637\/713
|
|switch|p2a: Kraken|Tentacruel, M|361\/361
|-damage|p2a: Kraken|316\/361|[from] Stealth Rock
|move|p1a: Blissey|Seismic Toss|p2a: Kraken
|-damage|p2a: Kraken|216\/361
|
|-heal|p2a: Kraken|238\/361|[from] item: Leftovers
|turn|5
|
|switch|p1a: Suicune|Suicune|403\/403
|-ability|p1a: Suicune|Pressure
|move|p2a: Kraken|Rapid Spin|p1a: Suicune
|-damage|p1a: Suicune|396\/403
|-sideend|p2: BFoxy|Stealth Rock|[from] move: Rapid Spin|[of] p2a: Kraken
|
|-heal|p2a: Kraken|260\/361|[from] item: Leftovers
|-heal|p1a: Suicune|403\/403|[from] item: Leftovers
|turn|6
|
|move|p2a: Kraken|Toxic Spikes|p1a: Suicune
|-sidestart|p1: YOLO AMIRITE?|move: Toxic Spikes
|move|p1a: Suicune|Calm Mind|p1a: Suicune
|-boost|p1a: Suicune|spa|1
|-boost|p1a: Suicune|spd|1
|
|-heal|p2a: Kraken|282\/361|[from] item: Leftovers
|turn|7
|
|switch|p2a: Teen Mom|Blissey, F|651\/651
|move|p1a: Suicune|Calm Mind|p1a: Suicune
|-boost|p1a: Suicune|spa|1
|-boost|p1a: Suicune|spd|1
|
|turn|8
|
|move|p1a: Suicune|Calm Mind|p1a: Suicune
|-boost|p1a: Suicune|spa|1
|-boost|p1a: Suicune|spd|1
|move|p2a: Teen Mom|Toxic|p1a: Suicune
|-status|p1a: Suicune|tox
|
|-damage|p1a: Suicune|378\/403 tox|[from] psn
|turn|9
|
|move|p1a: Suicune|Calm Mind|p1a: Suicune
|-boost|p1a: Suicune|spa|1
|-boost|p1a: Suicune|spd|1
|move|p2a: Teen Mom|Seismic Toss|p1a: Suicune
|-damage|p1a: Suicune|278\/403 tox
|
|-heal|p1a: Suicune|303\/403 tox|[from] item: Leftovers
|-damage|p1a: Suicune|253\/403 tox|[from] psn
|turn|10
|
|switch|p2a: Venetia Shield|Doublade, M, shiny|309\/309
|move|p1a: Suicune|Calm Mind|p1a: Suicune
|-boost|p1a: Suicune|spa|1
|-boost|p1a: Suicune|spd|1
|
|-heal|p1a: Suicune|278\/403 tox|[from] item: Leftovers
|-damage|p1a: Suicune|203\/403 tox|[from] psn
|turn|11
|
|move|p1a: Suicune|Rest|p1a: Suicune
|-status|p1a: Suicune|slp
|-heal|p1a: Suicune|403\/403 slp|[silent]
|-status|p1a: Suicune|slp|[from] move: Rest
|move|p2a: Venetia Shield|Swords Dance|p2a: Venetia Shield
|-boost|p2a: Venetia Shield|atk|2
|
|turn|12
|
|cant|p1a: Suicune|slp
|move|p1a: Suicune|Sleep Talk|p1a: Suicune
|move|p1a: Suicune|Scald|p2a: Venetia Shield|[from]Sleep Talk
|-damage|p2a: Venetia Shield|0 fnt
|faint|p2a: Venetia Shield
|
|c|âBFoxy|ofc
|c|âBFoxy|lucky roll scrub
|-message|BFoxy forfeited.
|
|win|YOLO AMIRITE?
|raw|Ladder updating...
|raw|YOLO AMIRITE?'s rating: 1441 &rarr; <strong>1469<\/strong><br \/>(+28 for winning)
|raw|BFoxy's rating: 1588 &rarr; <strong>1560<\/strong><br \/>(-28 for losing)
|leave|BFoxy
|player|p2