|join|Vaporeon for UU
|join|BFoxy
|player|p1|Vaporeon for UU|#cpgtan
|player|p2|BFoxy|172
|gametype|singles
|gen|6
|tier|UU
|rated
|rule|Sleep Clause Mod: Limit one foe put to sleep
|rule|Species Clause: Limit one of each PokÃ©mon
|rule|OHKO Clause: OHKO moves are banned
|rule|Moody Clause: Moody is banned
|rule|Evasion Moves Clause: Evasion moves are banned
|rule|Endless Battle Clause: Forcing endless battles is banned
|rule|HP Percentage Mod: HP is shown in percentages
|clearpoke
|poke|p1|Staraptor, M
|poke|p1|Fletchinder, M
|poke|p1|Crobat, F
|poke|p1|Vaporeon, M
|poke|p1|Ampharos, M
|poke|p1|Nidoqueen, F
|poke|p2|Jellicent, M
|poke|p2|Zygarde
|poke|p2|Aggron, M
|poke|p2|Blissey, F
|poke|p2|Forretress, M, shiny
|poke|p2|Aromatisse, F
|rule|Swagger Clause: Swagger is banned
|rule|Baton Pass Clause: Limit one PokÃ©mon knowing Baton Pass
|teampreview
|join|DOGE EBINEST
|c|âVaporeon for UU|>
|
|start
|switch|p1a: Meghan Trainor|Nidoqueen, F|361\/361
|switch|p2a: Pringles|Jellicent, M|403\/403
|turn|1
|c|âVaporeon for UU|>>
|c|âVaporeon for UU|holy shit the nickname
|
|switch|p1a: ayy lameow|Vaporeon, M|464\/464
|move|p2a: Pringles|Scald|p1a: ayy lameow
|-immune|p1a: ayy lameow|[msg]
|
|turn|2
|
|move|p2a: Pringles|Taunt|p1a: ayy lameow
|-start|p1a: ayy lameow|move: Taunt
|cant|p1a: ayy lameow|move: Taunt|Baton Pass
|
|turn|3
|
|switch|p1a: BIG CHUCK|Fletchinder, M|291\/291
|move|p2a: Pringles|Will-O-Wisp|p1a: BIG CHUCK
|-fail|p1a: BIG CHUCK
|
|turn|4
|
|switch|p1a: Tumblr Enthusiast|Ampharos, M|384\/384
|move|p2a: Pringles|Scald|p1a: Tumblr Enthusiast
|-damage|p1a: Tumblr Enthusiast|294\/384
|
|turn|5
|
|detailschange|p1a: Tumblr Enthusiast|Ampharos-Mega, M
|message|Ampharos has Mega Evolved into Mega Ampharos!
|-ability|p1a: Tumblr Enthusiast|Mold Breaker
|move|p2a: Pringles|Recover|p2a: Pringles
|-fail|p2a: Pringles
|move|p1a: Tumblr Enthusiast|Volt Switch|p2a: Pringles
|-supereffective|p2a: Pringles
|-damage|p2a: Pringles|77\/403
|
|switch|p1a: Meghan Trainor|Nidoqueen, F|361\/361
|
|-heal|p2a: Pringles|102\/403|[from] item: Leftovers
|turn|6
|
|switch|p2a: Teen Mom|Blissey, F|714\/714
|move|p1a: Meghan Trainor|Earth Power|p2a: Teen Mom
|-damage|p2a: Teen Mom|549\/714
|
|-heal|p2a: Teen Mom|593\/714|[from] item: Leftovers
|turn|7
|
|move|p1a: Meghan Trainor|Stealth Rock|p2a: Teen Mom
|-sidestart|p2: BFoxy|move: Stealth Rock
|move|p2a: Teen Mom|Seismic Toss|p1a: Meghan Trainor
|-damage|p1a: Meghan Trainor|261\/361
|
|-heal|p2a: Teen Mom|637\/714|[from] item: Leftovers
|turn|8
|
|switch|p1a: ayy lameow|Vaporeon, M|464\/464
|move|p2a: Teen Mom|Seismic Toss|p1a: ayy lameow
|-damage|p1a: ayy lameow|364\/464
|
|-heal|p1a: ayy lameow|393\/464|[from] item: Leftovers
|-heal|p2a: Teen Mom|681\/714|[from] item: Leftovers
|turn|9
|
|move|p1a: ayy lameow|Baton Pass|p1a: ayy lameow
|
|switch|p1a: bruh|Crobat, F|373\/373
|move|p2a: Teen Mom|Wish|p2a: Teen Mom
|
|-heal|p2a: Teen Mom|714\/714|[from] item: Leftovers
|turn|10
|
|move|p1a: bruh|U-turn|p2a: Teen Mom
|-damage|p2a: Teen Mom|613\/714
|
|switch|p1a: BIG CHUCK|Fletchinder, M|291\/291
|move|p2a: Teen Mom|Counter|p1a: BIG CHUCK
|-damage|p1a: BIG CHUCK|89\/291
|
|-heal|p2a: Teen Mom|714\/714|[from] move: Wish|[wisher] Teen Mom
|turn|11
|join|Eric Garner
|join|y4
|
|move|p1a: BIG CHUCK|Roost|p1a: BIG CHUCK
|-heal|p1a: BIG CHUCK|235\/291
|move|p2a: Teen Mom|Seismic Toss|p1a: BIG CHUCK
|-damage|p1a: BIG CHUCK|135\/291
|
|turn|12
|c| Eric Garner|tigerton was right
|join|pillowcase blue
|c| Eric Garner|FLETCH IS GOOD IN UU!
|c| y4|le small birde
|
|switch|p2a: Aggron|Aggron, M|344\/344
|-damage|p2a: Aggron|323\/344|[from] Stealth Rock
|move|p1a: BIG CHUCK|Will-O-Wisp|p2a: Aggron
|-status|p2a: Aggron|brn
|
|-damage|p2a: Aggron|280\/344 brn|[from] brn
|turn|13
|c|âVaporeon for UU|it's epic..
|c| Eric Garner|i like ur meme team
|c| Eric Garner|tbh
|
|switch|p1a: bruh|Crobat, F|373\/373
|detailschange|p2a: Aggron|Aggron-Mega, M
|message|Aggron has Mega Evolved into Mega Aggron!
|move|p2a: Aggron|Stealth Rock|p1a: bruh
|-sidestart|p1: Vaporeon for UU|move: Stealth Rock
|
|-damage|p2a: Aggron|237\/344 brn|[from] brn
|turn|14
|c| Eric Garner|unless i-it's not a meme team...
|c|âVaporeon for UU|thanks
|join|etaoi
|c|âVaporeon for UU|i too like memes
|c| DOGE EBINEST|__bruh
|
|switch|p2a: Teen Mom|Blissey, F|714\/714
|-damage|p2a: Teen Mom|625\/714|[from] Stealth Rock
|move|p1a: bruh|Defog|p2a: Teen Mom
|-unboost|p2a: Teen Mom|evasion|1
|-sideend|p2: BFoxy|Stealth Rock|[from] move: Defog|[of] p2a: Teen Mom
|-sideend|p1: Vaporeon for UU|Stealth Rock|[from] move: Defog|[of] p1a: bruh
|
|-heal|p2a: Teen Mom|669\/714|[from] item: Leftovers
|turn|15
|c| Eric Garner|i too am a meme
|c| DOGE EBINEST|ok
|c| y4|god i hate uu
|
|switch|p1a: ayy lameow|Vaporeon, M|393\/464
|move|p2a: Teen Mom|Wish|p2a: Teen Mom
|
|-heal|p1a: ayy lameow|422\/464|[from] item: Leftovers
|-heal|p2a: Teen Mom|713\/714|[from] item: Leftovers
|turn|16
|c| DOGE EBINEST|_-bruh0
|
|switch|p2a: Pringles|Jellicent, M|102\/403
|move|p1a: ayy lameow|Baton Pass|p1a: ayy lameow
|
|switch|p1a: Tumblr Enthusiast|Ampharos-Mega, M|294\/384
|-ability|p1a: Tumblr Enthusiast|Mold Breaker
|
|-heal|p2a: Pringles|403\/403|[from] move: Wish|[wisher] Teen Mom
|turn|17
|
|switch|p2a: Teen Mom|Blissey, F|713\/714
|move|p1a: Tumblr Enthusiast|Volt Switch|p2a: Teen Mom
|-damage|p2a: Teen Mom|589\/714
|c| y4|former ou retard stall archtypes
|
|switch|p1a: call me zygarde|Staraptor, M|311\/311
|
|-heal|p2a: Teen Mom|633\/714|[from] item: Leftovers
|turn|18
|
|move|p2a: Teen Mom|Protect|p2a: Teen Mom
|-singleturn|p2a: Teen Mom|Protect
|move|p1a: call me zygarde|Brave Bird|p2a: Teen Mom
|-activate|p2a: Teen Mom|Protect
|
|-heal|p2a: Teen Mom|677\/714|[from] item: Leftovers
|turn|19
|
|move|p1a: call me zygarde|Brave Bird|p2a: Teen Mom
|-damage|p2a: Teen Mom|23\/714
|-damage|p1a: call me zygarde|95\/311|[from] recoil|[of] p2a: Teen Mom
|move|p2a: Teen Mom|Wish|p2a: Teen Mom
|
|-heal|p2a: Teen Mom|67\/714|[from] item: Leftovers
|turn|20
|c|âVaporeon for UU|call me no switchins..
|c|âVaporeon for UU|>
|c|âVaporeon for UU|ok
|c| y4|call me dead burde
|
|move|p2a: Teen Mom|Protect|p2a: Teen Mom
|-singleturn|p2a: Teen Mom|Protect
|move|p1a: call me zygarde|Brave Bird|p2a: Teen Mom
|-activate|p2a: Teen Mom|Protect
|
|-heal|p2a: Teen Mom|424\/714|[from] move: Wish|[wisher] Teen Mom
|-heal|p2a: Teen Mom|468\/714|[from] item: Leftovers
|turn|21
|c| y4|muh recoil
|
|switch|p2a: Aggron|Aggron-Mega, M|237\/344 brn
|move|p1a: call me zygarde|Brave Bird|p2a: Aggron
|-resisted|p2a: Aggron
|-damage|p2a: Aggron|156\/344 brn
|-damage|p1a: call me zygarde|68\/311|[from] recoil|[of] p2a: Aggron
|
|-damage|p2a: Aggron|113\/344 brn|[from] brn
|turn|22
|
|switch|p1a: bruh|Crobat, F|373\/373
|move|p2a: Aggron|Stealth Rock|p1a: bruh
|-sidestart|p1: Vaporeon for UU|move: Stealth Rock
|
|-damage|p2a: Aggron|70\/344 brn|[from] brn
|turn|23
|c| DOGE EBINEST|keep rocking
|c| DOGE EBINEST|!
|
|switch|p2a: Pringles|Jellicent, M|403\/403
|move|p1a: bruh|Defog|p2a: Pringles
|-unboost|p2a: Pringles|evasion|1
|-sideend|p1: Vaporeon for UU|Stealth Rock|[from] move: Defog|[of] p1a: bruh
|
|turn|24
|c| DOGE EBINEST|no really..
|
|move|p1a: bruh|U-turn|p2a: Pringles
|-resisted|p2a: Pringles
|-damage|p2a: Pringles|377\/403
|
|switch|p1a: BIG CHUCK|Fletchinder, M|135\/291
|move|p2a: Pringles|Scald|p1a: BIG CHUCK
|-supereffective|p1a: BIG CHUCK
|-damage|p1a: BIG CHUCK|0 fnt
|faint|p1a: BIG CHUCK
|
|-heal|p2a: Pringles|402\/403|[from] item: Leftovers
|
|switch|p1a: Tumblr Enthusiast|Ampharos-Mega, M|294\/384
|-ability|p1a: Tumblr Enthusiast|Mold Breaker
|turn|25
|
|switch|p2a: Aggron|Aggron-Mega, M|70\/344 brn
|move|p1a: Tumblr Enthusiast|Volt Switch|p2a: Aggron
|-damage|p2a: Aggron|0 fnt
|faint|p2a: Aggron
|
|switch|p1a: Meghan Trainor|Nidoqueen, F|261\/361
|
|
|switch|p2a: Pringles|Jellicent, M|402\/403
|turn|26
|
|switch|p1a: ayy lameow|Vaporeon, M|422\/464
|move|p2a: Pringles|Scald|p1a: ayy lameow
|-heal|p1a: ayy lameow|464\/464|[from] ability: Water Absorb|[of] p2a: Pringles
|
|-heal|p2a: Pringles|403\/403|[from] item: Leftovers
|turn|27
|
|switch|p1a: Tumblr Enthusiast|Ampharos-Mega, M|294\/384
|-ability|p1a: Tumblr Enthusiast|Mold Breaker
|move|p2a: Pringles|Will-O-Wisp|p1a: Tumblr Enthusiast
|-status|p1a: Tumblr Enthusiast|brn
|
|-damage|p1a: Tumblr Enthusiast|246\/384 brn|[from] brn
|turn|28
|join|kektus
|
|switch|p2a: Teen Mom|Blissey, F|468\/714
|move|p1a: Tumblr Enthusiast|Volt Switch|p2a: Teen Mom
|-damage|p2a: Teen Mom|351\/714
|
|switch|p1a: ayy lameow|Vaporeon, M|464\/464
|
|-heal|p2a: Teen Mom|395\/714|[from] item: Leftovers
|turn|29
|leave|y4
|
|move|p1a: ayy lameow|Wish|p1a: ayy lameow
|move|p2a: Teen Mom|Wish|p2a: Teen Mom
|
|-heal|p2a: Teen Mom|439\/714|[from] item: Leftovers
|turn|30
|
|move|p1a: ayy lameow|Baton Pass|p1a: ayy lameow
|
|switch|p1a: Tumblr Enthusiast|Ampharos-Mega, M|246\/384 brn
|-ability|p1a: Tumblr Enthusiast|Mold Breaker
|move|p2a: Teen Mom|Seismic Toss|p1a: Tumblr Enthusiast
|-damage|p1a: Tumblr Enthusiast|146\/384 brn
|
|-heal|p1a: Tumblr Enthusiast|378\/384 brn|[from] move: Wish|[wisher] ayy lameow
|-heal|p2a: Teen Mom|714\/714|[from] move: Wish|[wisher] Teen Mom
|-damage|p1a: Tumblr Enthusiast|330\/384 brn|[from] brn
|turn|31
|
|switch|p1a: ayy lameow|Vaporeon, M|464\/464
|move|p2a: Teen Mom|Protect|p2a: Teen Mom
|-fail|p2a: Teen Mom
|
|turn|32
|
|move|p1a: ayy lameow|Wish|p1a: ayy lameow
|move|p2a: Teen Mom|Seismic Toss|p1a: ayy lameow
|-damage|p1a: ayy lameow|364\/464
|
|-heal|p1a: ayy lameow|393\/464|[from] item: Leftovers
|turn|33
|
|move|p1a: ayy lameow|Baton Pass|p1a: ayy lameow
|
|switch|p1a: Meghan Trainor|Nidoqueen, F|261\/361
|move|p2a: Teen Mom|Seismic Toss|p1a: Meghan Trainor
|-damage|p1a: Meghan Trainor|161\/361
|
|-heal|p1a: Meghan Trainor|361\/361|[from] move: Wish|[wisher] ayy lameow
|turn|34
|
|move|p1a: Meghan Trainor|Stealth Rock|p2a: Teen Mom
|-sidestart|p2: BFoxy|move: Stealth Rock
|move|p2a: Teen Mom|Seismic Toss|p1a: Meghan Trainor
|-damage|p1a: Meghan Trainor|261\/361
|
|turn|35
|
|switch|p1a: ayy lameow|Vaporeon, M|393\/464
|move|p2a: Teen Mom|Seismic Toss|p1a: ayy lameow
|-damage|p1a: ayy lameow|293\/464
|
|-heal|p1a: ayy lameow|322\/464|[from] item: Leftovers
|turn|36
|
|switch|p2a: Walnut|Forretress, M, shiny|353\/353
|-damage|p2a: Walnut|309\/353|[from] Stealth Rock
|move|p1a: ayy lameow|Wish|p1a: ayy lameow
|
|-heal|p1a: ayy lameow|351\/464|[from] item: Leftovers
|-heal|p2a: Walnut|331\/353|[from] item: Leftovers
|turn|37
|join|dirty smelly kid
|
|move|p1a: ayy lameow|Baton Pass|p1a: ayy lameow
|
|switch|p1a: Meghan Trainor|Nidoqueen, F|261\/361
|move|p2a: Walnut|Toxic|p1a: Meghan Trainor
|-fail|p1a: Meghan Trainor
|
|-heal|p1a: Meghan Trainor|361\/361|[from] move: Wish|[wisher] ayy lameow
|-heal|p2a: Walnut|353\/353|[from] item: Leftovers
|turn|38
|
|switch|p2a: Teen Mom|Blissey, F|714\/714
|-damage|p2a: Teen Mom|625\/714|[from] Stealth Rock
|move|p1a: Meghan Trainor|Earth Power|p2a: Teen Mom
|-damage|p2a: Teen Mom|453\/714
|
|-heal|p2a: Teen Mom|497\/714|[from] item: Leftovers
|turn|39
|join|strOKing
|
|move|p1a: Meghan Trainor|Earth Power|p2a: Teen Mom
|-crit|p2a: Teen Mom
|-damage|p2a: Teen Mom|238\/714
|move|p2a: Teen Mom|Seismic Toss|p1a: Meghan Trainor
|-damage|p1a: Meghan Trainor|261\/361
|
|-heal|p2a: Teen Mom|282\/714|[from] item: Leftovers
|turn|40
|join|DOGE EBINEST
|
|move|p1a: Meghan Trainor|Earth Power|p2a: Teen Mom
|-damage|p2a: Teen Mom|110\/714
|move|p2a: Teen Mom|Wish|p2a: Teen Mom
|
|-heal|p2a: Teen Mom|154\/714|[from] item: Leftovers
|turn|41
|
|move|p2a: Teen Mom|Protect|p2a: Teen Mom
|-singleturn|p2a: Teen Mom|Protect
|move|p1a: Meghan Trainor|Earth Power|p2a: Teen Mom
|-activate|p2a: Teen Mom|Protect
|
|-heal|p2a: Teen Mom|511\/714|[from] move: Wish|[wisher] Teen Mom
|-heal|p2a: Teen Mom|555\/714|[from] item: Leftovers
|turn|42
|
|move|p1a: Meghan Trainor|Earth Power|p2a: Teen Mom
|-damage|p2a: Teen Mom|403\/714
|move|p2a: Teen Mom|Wish|p2a: Teen Mom
|
|-heal|p2a: Teen Mom|447\/714|[from] item: Leftovers
|turn|43
|
|switch|p1a: ayy lameow|Vaporeon, M|351\/464
|move|p2a: Teen Mom|Seismic Toss|p1a: ayy lameow
|-damage|p1a: ayy lameow|251\/464
|
|-heal|p2a: Teen Mom|714\/714|[from] move: Wish|[wisher] Teen Mom
|-heal|p1a: ayy lameow|280\/464|[from] item: Leftovers
|turn|44
|
|switch|p2a: Pringles|Jellicent, M|403\/403
|-damage|p2a: Pringles|353\/403|[from] Stealth Rock
|move|p1a: ayy lameow|Wish|p1a: ayy lameow
|
|-heal|p2a: Pringles|378\/403|[from] item: Leftovers
|-heal|p1a: ayy lameow|309\/464|[from] item: Leftovers
|turn|45
|
|move|p2a: Pringles|Scald|p1a: ayy lameow
|-heal|p1a: ayy lameow|425\/464|[from] ability: Water Absorb|[of] p2a: Pringles
|move|p1a: ayy lameow|Baton Pass|p1a: ayy lameow
|
|switch|p1a: call me zygarde|Staraptor, M|68\/311
|
|-heal|p1a: call me zygarde|300\/311|[from] move: Wish|[wisher] ayy lameow
|-heal|p2a: Pringles|403\/403|[from] item: Leftovers
|turn|46
|c|âVaporeon for UU|yum
|
|move|p1a: call me zygarde|Brave Bird|p2a: Pringles
|-damage|p2a: Pringles|64\/403
|-damage|p1a: call me zygarde|188\/311|[from] recoil|[of] p2a: Pringles
|move|p2a: Pringles|Will-O-Wisp|p1a: call me zygarde
|-status|p1a: call me zygarde|brn
|
|-heal|p2a: Pringles|89\/403|[from] item: Leftovers
|-damage|p1a: call me zygarde|150\/311 brn|[from] brn
|turn|47
|
|switch|p2a: Gooch|Aromatisse, F|405\/405
|-damage|p2a: Gooch|355\/405|[from] Stealth Rock
|move|p1a: call me zygarde|Brave Bird|p2a: Gooch
|-damage|p2a: Gooch|204\/405
|-damage|p1a: call me zygarde|100\/311 brn|[from] recoil|[of] p2a: Gooch
|
|-heal|p2a: Gooch|229\/405|[from] item: Leftovers
|-damage|p1a: call me zygarde|62\/311 brn|[from] brn
|turn|48
|leave|strOKing
|
|switch|p1a: Meghan Trainor|Nidoqueen, F|261\/361
|move|p2a: Gooch|Wish|p2a: Gooch
|
|-heal|p2a: Gooch|254\/405|[from] item: Leftovers
|turn|49
|
|move|p2a: Gooch|Protect|p2a: Gooch
|-singleturn|p2a: Gooch|Protect
|move|p1a: Meghan Trainor|Sludge Wave|p2a: Gooch
|-activate|p2a: Gooch|Protect
|
|-heal|p2a: Gooch|405\/405|[from] move: Wish|[wisher] Gooch
|turn|50
|
|switch|p2a: Teen Mom|Blissey, F|714\/714
|-damage|p2a: Teen Mom|625\/714|[from] Stealth Rock
|move|p1a: Meghan Trainor|Sludge Wave|p2a: Teen Mom
|-damage|p2a: Teen Mom|446\/714
|
|-heal|p2a: Teen Mom|490\/714|[from] item: Leftovers
|turn|51
|leave|pillowcase blue
|
|switch|p1a: ayy lameow|Vaporeon, M|425\/464
|move|p2a: Teen Mom|Seismic Toss|p1a: ayy lameow
|-damage|p1a: ayy lameow|325\/464
|
|-heal|p1a: ayy lameow|354\/464|[from] item: Leftovers
|-heal|p2a: Teen Mom|534\/714|[from] item: Leftovers
|turn|52
|
|switch|p2a: Pringles|Jellicent, M|89\/403
|-damage|p2a: Pringles|39\/403|[from] Stealth Rock
|move|p1a: ayy lameow|Baton Pass|p1a: ayy lameow
|
|switch|p1a: bruh|Crobat, F|373\/373
|
|-heal|p2a: Pringles|64\/403|[from] item: Leftovers
|turn|53
|
|switch|p2a: Walnut|Forretress, M, shiny|353\/353
|-damage|p2a: Walnut|309\/353|[from] Stealth Rock
|move|p1a: bruh|Brave Bird|p2a: Walnut
|-damage|p2a: Walnut|225\/353
|-damage|p1a: bruh|345\/373|[from] recoil|[of] p2a: Walnut
|
|-heal|p1a: bruh|368\/373|[from] item: Black Sludge
|-heal|p2a: Walnut|247\/353|[from] item: Leftovers
|turn|54
|
|move|p1a: bruh|U-turn|p2a: Walnut
|-crit|p2a: Walnut
|-resisted|p2a: Walnut
|-damage|p2a: Walnut|222\/353
|
|switch|p1a: Meghan Trainor|Nidoqueen, F|261\/361
|move|p2a: Walnut|Spikes|p1a: Meghan Trainor
|-sidestart|p1: Vaporeon for UU|Spikes
|
|-heal|p2a: Walnut|244\/353|[from] item: Leftovers
|turn|55
|
|switch|p1a: bruh|Crobat, F|368\/373
|switch|p2a: Teen Mom|Blissey, F|534\/714
|-damage|p2a: Teen Mom|445\/714|[from] Stealth Rock
|
|-heal|p1a: bruh|373\/373|[from] item: Black Sludge
|-heal|p2a: Teen Mom|489\/714|[from] item: Leftovers
|turn|56
|
|move|p1a: bruh|Defog|p2a: Teen Mom
|-unboost|p2a: Teen Mom|evasion|1
|-sideend|p2: BFoxy|Stealth Rock|[from] move: Defog|[of] p2a: Teen Mom
|-sideend|p1: Vaporeon for UU|Spikes|[from] move: Defog|[of] p1a: bruh
|move|p2a: Teen Mom|Wish|p2a: Teen Mom
|
|-heal|p2a: Teen Mom|533\/714|[from] item: Leftovers
|turn|57
|
|switch|p1a: Meghan Trainor|Nidoqueen, F|261\/361
|move|p2a: Teen Mom|Counter|p1a: Meghan Trainor
|-fail|p1a: Meghan Trainor
|
|-heal|p2a: Teen Mom|714\/714|[from] move: Wish|[wisher] Teen Mom
|turn|58
|
|move|p1a: Meghan Trainor|Stealth Rock|p2a: Teen Mom
|-sidestart|p2: BFoxy|move: Stealth Rock
|move|p2a: Teen Mom|Seismic Toss|p1a: Meghan Trainor
|-damage|p1a: Meghan Trainor|161\/361
|
|turn|59
|
|move|p1a: Meghan Trainor|Earth Power|p2a: Teen Mom
|-damage|p2a: Teen Mom|554\/714
|move|p2a: Teen Mom|Seismic Toss|p1a: Meghan Trainor
|-damage|p1a: Meghan Trainor|61\/361
|
|-heal|p2a: Teen Mom|598\/714|[from] item: Leftovers
|turn|60
|
|switch|p1a: call me zygarde|Staraptor, M|62\/311 brn
|move|p2a: Teen Mom|Seismic Toss|p1a: call me zygarde
|-damage|p1a: call me zygarde|0 fnt
|faint|p1a: call me zygarde
|
|-heal|p2a: Teen Mom|642\/714|[from] item: Leftovers
|
|switch|p1a: ayy lameow|Vaporeon, M|354\/464
|turn|61
|
|move|p1a: ayy lameow|Wish|p1a: ayy lameow
|move|p2a: Teen Mom|Wish|p2a: Teen Mom
|
|-heal|p1a: ayy lameow|383\/464|[from] item: Leftovers
|-heal|p2a: Teen Mom|686\/714|[from] item: Leftovers
|turn|62
|
|switch|p2a: Pringles|Jellicent, M|64\/403
|-damage|p2a: Pringles|14\/403|[from] Stealth Rock
|move|p1a: ayy lameow|Baton Pass|p1a: ayy lameow
|
|switch|p1a: Meghan Trainor|Nidoqueen, F|61\/361
|
|-heal|p2a: Pringles|371\/403|[from] move: Wish|[wisher] Teen Mom
|-heal|p1a: Meghan Trainor|293\/361|[from] move: Wish|[wisher] ayy lameow
|-heal|p2a: Pringles|396\/403|[from] item: Leftovers
|turn|63
|
|move|p1a: Meghan Trainor|Earth Power|p2a: Pringles
|-damage|p2a: Pringles|208\/403
|move|p2a: Pringles|Scald|p1a: Meghan Trainor
|-supereffective|p1a: Meghan Trainor
|-damage|p1a: Meghan Trainor|101\/361
|
|-heal|p2a: Pringles|233\/403|[from] item: Leftovers
|turn|64
|
|switch|p1a: Tumblr Enthusiast|Ampharos-Mega, M|330\/384 brn
|-ability|p1a: Tumblr Enthusiast|Mold Breaker
|move|p2a: Pringles|Recover|p2a: Pringles
|-heal|p2a: Pringles|403\/403
|
|-damage|p1a: Tumblr Enthusiast|282\/384 brn|[from] brn
|turn|65
|
|switch|p2a: Teen Mom|Blissey, F|686\/714
|-damage|p2a: Teen Mom|597\/714|[from] Stealth Rock
|move|p1a: Tumblr Enthusiast|Volt Switch|p2a: Teen Mom
|-damage|p2a: Teen Mom|480\/714
|
|switch|p1a: ayy lameow|Vaporeon, M|383\/464
|
|-heal|p1a: ayy lameow|412\/464|[from] item: Leftovers
|-heal|p2a: Teen Mom|524\/714|[from] item: Leftovers
|turn|66
|
|switch|p2a: Pringles|Jellicent, M|403\/403
|-damage|p2a: Pringles|353\/403|[from] Stealth Rock
|move|p1a: ayy lameow|Wish|p1a: ayy lameow
|
|-heal|p2a: Pringles|378\/403|[from] item: Leftovers
|-heal|p1a: ayy lameow|441\/464|[from] item: Leftovers
|turn|67
|
|switch|p1a: Tumblr Enthusiast|Ampharos-Mega, M|282\/384 brn
|-ability|p1a: Tumblr Enthusiast|Mold Breaker
|move|p2a: Pringles|Taunt|p1a: Tumblr Enthusiast
|-start|p1a: Tumblr Enthusiast|move: Taunt
|
|-heal|p1a: Tumblr Enthusiast|384\/384 brn|[from] move: Wish|[wisher] ayy lameow
|-heal|p2a: Pringles|403\/403|[from] item: Leftovers
|-damage|p1a: Tumblr Enthusiast|336\/384 brn|[from] brn
|turn|68
|
|switch|p2a: Teen Mom|Blissey, F|524\/714
|-damage|p2a: Teen Mom|435\/714|[from] Stealth Rock
|move|p1a: Tumblr Enthusiast|Volt Switch|p2a: Teen Mom
|-damage|p2a: Teen Mom|305\/714
|
|switch|p1a: ayy lameow|Vaporeon, M|441\/464
|
|-heal|p1a: ayy lameow|464\/464|[from] item: Leftovers
|-heal|p2a: Teen Mom|349\/714|[from] item: Leftovers
|turn|69
|
|move|p1a: ayy lameow|Wish|p1a: ayy lameow
|move|p2a: Teen Mom|Wish|p2a: Teen Mom
|
|-heal|p2a: Teen Mom|393\/714|[from] item: Leftovers
|turn|70
|
|move|p1a: ayy lameow|Baton Pass|p1a: ayy lameow
|
|switch|p1a: Meghan Trainor|Nidoqueen, F|101\/361
|move|p2a: Teen Mom|Seismic Toss|p1a: Meghan Trainor
|-damage|p1a: Meghan Trainor|1\/361
|
|-heal|p2a: Teen Mom|714\/714|[from] move: Wish|[wisher] Teen Mom
|-heal|p1a: Meghan Trainor|233\/361|[from] move: Wish|[wisher] ayy lameow
|turn|71
|
|switch|p1a: ayy lameow|Vaporeon, M|464\/464
|move|p2a: Teen Mom|Seismic Toss|p1a: ayy lameow
|-damage|p1a: ayy lameow|364\/464
|
|-heal|p1a: ayy lameow|393\/464|[from] item: Leftovers
|turn|72
|
|switch|p2a: Terramorphous|Zygarde|404\/404
|-damage|p2a: Terramorphous|379\/404|[from] Stealth Rock
|-ability|p2a: Terramorphous|Aura Break
|move|p1a: ayy lameow|Scald|p2a: Terramorphous
|-damage|p2a: Terramorphous|285\/404
|-status|p2a: Terramorphous|brn
|
|-heal|p2a: Terramorphous|310\/404 brn|[from] item: Leftovers
|-heal|p1a: ayy lameow|422\/464|[from] item: Leftovers
|-damage|p2a: Terramorphous|260\/404 brn|[from] brn
|turn|73
|join|Rodocapopokemon9
|
|switch|p2a: Gooch|Aromatisse, F|405\/405
|-damage|p2a: Gooch|355\/405|[from] Stealth Rock
|move|p1a: ayy lameow|Wish|p1a: ayy lameow
|
|-heal|p1a: ayy lameow|451\/464|[from] item: Leftovers
|-heal|p2a: Gooch|380\/405|[from] item: Leftovers
|turn|74
|
|switch|p1a: Meghan Trainor|Nidoqueen, F|233\/361
|move|p2a: Gooch|Aromatherapy|p2a: Gooch
|-cureteam|p2a: Gooch|[from] move: Aromatherapy
|
|-heal|p1a: Meghan Trainor|361\/361|[from] move: Wish|[wisher] ayy lameow
|-heal|p2a: Gooch|405\/405|[from] item: Leftovers
|turn|75
|
|switch|p2a: Teen Mom|Blissey, F|714\/714
|-damage|p2a: Teen Mom|625\/714|[from] Stealth Rock
|move|p1a: Meghan Trainor|Sludge Wave|p2a: Teen Mom
|-damage|p2a: Teen Mom|468\/714
|
|-heal|p2a: Teen Mom|512\/714|[from] item: Leftovers
|turn|76
|
|switch|p1a: ayy lameow|Vaporeon, M|451\/464
|move|p2a: Teen Mom|Wish|p2a: Teen Mom
|
|-heal|p1a: ayy lameow|464\/464|[from] item: Leftovers
|-heal|p2a: Teen Mom|556\/714|[from] item: Leftovers
|turn|77
|
|switch|p2a: Terramorphous|Zygarde|260\/404
|-damage|p2a: Terramorphous|235\/404|[from] Stealth Rock
|-ability|p2a: Terramorphous|Aura Break
|move|p1a: ayy lameow|Baton Pass|p1a: ayy lameow
|
|switch|p1a: Meghan Trainor|Nidoqueen, F|361\/361
|
|-heal|p2a: Terramorphous|404\/404|[from] move: Wish|[wisher] Teen Mom
|turn|78
|c|âVaporeon for UU|literally
|c|âVaporeon for UU|im just trying to have some fun with bird spam
|c| Eric Garner|lmao
|c|âVaporeon for UU|and you gotta ruin everyone's fun with sweaty fullstall
|c|âVaporeon for UU|xd
|c| kektus|howd u lose star
|c| kektus|.__.
|c| kektus|?_?
|c| Eric Garner|kyle
|c| Eric Garner|ur bad
|c| Eric Garner|is all
|c|âVaporeon for UU|ary
|c|âVaporeon for UU|go text
|c|âVaporeon for UU|your emo gf
|c| kektus|haha!
|
|switch|p2a: Teen Mom|Blissey, F|556\/714
|-damage|p2a: Teen Mom|467\/714|[from] Stealth Rock
|move|p1a: Meghan Trainor|Ice Beam|p2a: Teen Mom
|-damage|p2a: Teen Mom|367\/714
|
|-heal|p2a: Teen Mom|411\/714|[from] item: Leftovers
|turn|79
|
|move|p1a: Meghan Trainor|Sludge Wave|p2a: Teen Mom
|-damage|p2a: Teen Mom|234\/714
|move|p2a: Teen Mom|Seismic Toss|p1a: Meghan Trainor
|-damage|p1a: Meghan Trainor|261\/361
|
|-heal|p2a: Teen Mom|278\/714|[from] item: Leftovers
|turn|80
|c|âVaporeon for UU|kektus
|c|âVaporeon for UU|jelli apparently eats up banded bird
|c|âVaporeon for UU|and it got burned
|
|move|p1a: Meghan Trainor|Sludge Wave|p2a: Teen Mom
|-damage|p2a: Teen Mom|106\/714
|move|p2a: Teen Mom|Wish|p2a: Teen Mom
|
|-heal|p2a: Teen Mom|150\/714|[from] item: Leftovers
|turn|81
|c|âVaporeon for UU|god i need taunt on bat..
|
|move|p2a: Teen Mom|Protect|p2a: Teen Mom
|-singleturn|p2a: Teen Mom|Protect
|move|p1a: Meghan Trainor|Sludge Wave|p2a: Teen Mom
|-activate|p2a: Teen Mom|Protect
|
|-heal|p2a: Teen Mom|507\/714|[from] move: Wish|[wisher] Teen Mom
|-heal|p2a: Teen Mom|551\/714|[from] item: Leftovers
|turn|82
|
|switch|p2a: Terramorphous|Zygarde|404\/404
|-damage|p2a: Terramorphous|379\/404|[from] Stealth Rock
|-ability|p2a: Terramorphous|Aura Break
|move|p1a: Meghan Trainor|Sludge Wave|p2a: Terramorphous
|-resisted|p2a: Terramorphous
|-damage|p2a: Terramorphous|282\/404
|
|-heal|p2a: Terramorphous|307\/404|[from] item: Leftovers
|turn|83
|
|move|p2a: Terramorphous|Earthquake|p1a: Meghan Trainor
|-supereffective|p1a: Meghan Trainor
|-damage|p1a: Meghan Trainor|0 fnt
|faint|p1a: Meghan Trainor
|
|-heal|p2a: Terramorphous|332\/404|[from] item: Leftovers
|-message|Vaporeon for UU forfeited.
|
|win|BFoxy
|raw|Ladder updating...
|leave|Vaporeon for UU
|player|p1
|raw|Vaporeon for UU's rating: 1460 &rarr; <strong>1441<\/strong><br \/>(-19 for losing)
|raw|BFoxy's rating: 1472 &rarr; <strong>1491<\/strong><br \/>(+19 for winning)