|join|Chow
|join|Giggling Grannie
|player|p1|Chow|94
|player|p2|Giggling Grannie|1
|gametype|singles
|gen|6
|tier|OU
|rated
|clearpoke
|poke|p1|Charizard, F, shiny
|poke|p1|Tentacruel, M
|poke|p1|Landorus-Therian, M
|poke|p1|Scizor, F
|poke|p1|Greninja, F
|poke|p1|Tyranitar, F
|poke|p2|Forretress, M
|poke|p2|Heracross, F, shiny
|poke|p2|Chansey, F
|poke|p2|Togekiss, F
|poke|p2|Gengar, F
|poke|p2|Mandibuzz, F, shiny
|rule|Sleep Clause Mod: Limit one foe put to sleep
|rule|Species Clause: Limit one of each Pokemon
|rule|OHKO Clause: OHKO moves are banned
|rule|Moody Clause: Moody is banned
|rule|Evasion Moves Clause: Evasion moves are banned
|rule|Endless Battle Clause: Forcing endless battles is banned.
|rule|HP Percentage Mod: HP is reported as percentages
|teampreview
|
|start
|switch|p1a: Charizard|Charizard, F, shiny|360\/360
|switch|p2a: Willy Wonka|Gengar, F|262\/262
|turn|1
|
|-formechange|p1a: Charizard|Charizard-Mega-X
|message|Charizard has Mega Evolved into Mega Charizard!
|move|p2a: Willy Wonka|Substitute|p2a: Willy Wonka
|-start|p2a: Willy Wonka|Substitute
|-damage|p2a: Willy Wonka|197\/262
|move|p1a: Charizard|Dragon Claw|p2a: Willy Wonka
|-crit|p2a: Willy Wonka
|-end|p2a: Willy Wonka|Substitute
|
|-heal|p2a: Willy Wonka|213\/262|[from] item: Black Sludge
|turn|2
|
|switch|p2a: Dodo|Mandibuzz, F, shiny|421\/421
|move|p1a: Charizard|Will-O-Wisp|p2a: Dodo
|-status|p2a: Dodo|brn
|
|-damage|p2a: Dodo|369\/421 brn|[from] brn
|turn|3
|
|switch|p1a: Scizor|Scizor, F|344\/344
|switch|p2a: KISS|Togekiss, F|372\/372
|
|turn|4
|
|switch|p2a: Shrapnel|Forretress, M|354\/354
|move|p1a: Scizor|Bullet Punch|p2a: Shrapnel
|-resisted|p2a: Shrapnel
|-damage|p2a: Shrapnel|327\/354
|
|-heal|p2a: Shrapnel|349\/354|[from] item: Leftovers
|turn|5
|join|fds s sdds
|
|move|p1a: Scizor|Swords Dance|p1a: Scizor
|-boost|p1a: Scizor|atk|2
|move|p2a: Shrapnel|Stealth Rock|p1a: Scizor
|-sidestart|p1: Chow|move: Stealth Rock
|
|-heal|p2a: Shrapnel|354\/354|[from] item: Leftovers
|turn|6
|-message|Giggling Grannie forfeited.
|leave|Giggling Grannie
|
|win|Chow
|raw|Ladder updating...
|player|p2
|raw|Chow's rating: 1662 &rarr; <strong>1685<\/strong><br \/>(+23 for winning)
|raw|Giggling Grannie's rating: 1713 &rarr; <strong>1690<\/strong><br \/>(-23 for losing)