|join|mariv
|join|Giggling Grannie
|player|p1|mariv|15
|player|p2|Giggling Grannie|69
|gametype|singles
|gen|6
|tier|OU
|rated
|clearpoke
|poke|p1|Rotom-Wash
|poke|p1|Keldeo, shiny
|poke|p1|Clefable, M
|poke|p1|Tyranitar, F
|poke|p1|Charizard, F
|poke|p1|Excadrill, F
|poke|p2|Gliscor, F
|poke|p2|Gothitelle, F
|poke|p2|Azumarill, M
|poke|p2|Ferrothorn, M
|poke|p2|Tentacruel, F
|poke|p2|Thundurus, M
|rule|Swagger Clause: Swagger is banned
|rule|Baton Pass Clause: Limit one PokÃ©mon knowing Baton Pass
|rule|Sleep Clause Mod: Limit one foe put to sleep
|rule|Species Clause: Limit one of each PokÃ©mon
|rule|OHKO Clause: OHKO moves are banned
|rule|Moody Clause: Moody is banned
|rule|Evasion Moves Clause: Evasion moves are banned
|rule|Endless Battle Clause: Forcing endless battles is banned
|rule|HP Percentage Mod: HP is shown in percentages
|teampreview
|
|start
|switch|p1a: Rotom-Wash|Rotom-Wash|304\/304
|switch|p2a: Scorvol|Gliscor, F|354\/354
|turn|1
|
|switch|p1a: Charizard|Charizard, F|299\/299
|move|p2a: Scorvol|Protect|p2a: Scorvol
|-fail|p2a: Scorvol
|
|-status|p2a: Scorvol|tox|[from] item: Toxic Orb
|turn|2
|
|detailschange|p1a: Charizard|Charizard-Mega-Y, F
|message|Charizard has Mega Evolved into Mega Charizard!
|-weather|SunnyDay
|move|p2a: Scorvol|Protect|p2a: Scorvol
|-singleturn|p2a: Scorvol|Protect
|move|p1a: Charizard|Solar Beam|p2a: Scorvol|[still]
|-prepare|p1a: Charizard|Solar Beam|p2a: Scorvol
|-anim|p1a: Charizard|Solar Beam|p2a: Scorvol
|-activate|p2a: Scorvol|Protect
|
|-weather|SunnyDay|[upkeep]
|turn|3
|
|switch|p2a: Squidward|Tentacruel, F|362\/362
|move|p1a: Charizard|Solar Beam|p2a: Squidward|[still]
|-prepare|p1a: Charizard|Solar Beam|p2a: Squidward
|-anim|p1a: Charizard|Solar Beam|p2a: Squidward
|-damage|p2a: Squidward|237\/362
|
|-weather|SunnyDay|[upkeep]
|-heal|p2a: Squidward|259\/362|[from] item: Black Sludge
|turn|4
|
|move|p1a: Charizard|Solar Beam|p2a: Squidward|[still]
|-prepare|p1a: Charizard|Solar Beam|p2a: Squidward
|-anim|p1a: Charizard|Solar Beam|p2a: Squidward
|-damage|p2a: Squidward|141\/362
|move|p2a: Squidward|Toxic Spikes|p1a: Charizard
|-sidestart|p1: mariv|move: Toxic Spikes
|
|-weather|SunnyDay|[upkeep]
|-heal|p2a: Squidward|163\/362|[from] item: Black Sludge
|turn|5
|
|move|p2a: Squidward|Protect|p2a: Squidward
|-singleturn|p2a: Squidward|Protect
|move|p1a: Charizard|Fire Blast|p2a: Squidward
|-activate|p2a: Squidward|Protect
|
|-weather|SunnyDay|[upkeep]
|-heal|p2a: Squidward|185\/362|[from] item: Black Sludge
|turn|6
|
|move|p2a: Squidward|Protect|p2a: Squidward
|-fail|p2a: Squidward
|move|p1a: Charizard|Solar Beam|p2a: Squidward|[still]
|-prepare|p1a: Charizard|Solar Beam|p2a: Squidward
|-anim|p1a: Charizard|Solar Beam|p2a: Squidward
|-damage|p2a: Squidward|62\/362
|
|-weather|none
|-heal|p2a: Squidward|84\/362|[from] item: Black Sludge
|turn|7
|
|switch|p1a: Rotom-Wash|Rotom-Wash|304\/304
|move|p2a: Squidward|Scald|p1a: Rotom-Wash
|-resisted|p1a: Rotom-Wash
|-damage|p1a: Rotom-Wash|265\/304
|
|-heal|p2a: Squidward|106\/362|[from] item: Black Sludge
|-heal|p1a: Rotom-Wash|284\/304|[from] item: Leftovers
|turn|8
|
|move|p2a: Squidward|Scald|p1a: Rotom-Wash
|-resisted|p1a: Rotom-Wash
|-damage|p1a: Rotom-Wash|248\/304
|move|p1a: Rotom-Wash|Volt Switch|p2a: Squidward
|-supereffective|p2a: Squidward
|-damage|p2a: Squidward|0 fnt
|faint|p2a: Squidward
|
|switch|p1a: Clefable|Clefable, M|394\/394
|-status|p1a: Clefable|psn
|
|
|switch|p2a: Lesbian|Gothitelle, F|301\/301
|turn|9
|
|move|p2a: Lesbian|Trick|p1a: Clefable
|-activate|p2a: Lesbian|move: Trick|[of] p1a: Clefable
|-item|p1a: Clefable|Choice Scarf|[from] move: Trick
|-item|p2a: Lesbian|Leftovers|[from] move: Trick
|move|p1a: Clefable|Moonblast|p2a: Lesbian
|-damage|p2a: Lesbian|196\/301
|
|-heal|p2a: Lesbian|214\/301|[from] item: Leftovers
|turn|10
|
|switch|p2a: Ferrothorn|Ferrothorn, M|352\/352
|move|p1a: Clefable|Moonblast|p2a: Ferrothorn
|-resisted|p2a: Ferrothorn
|-damage|p2a: Ferrothorn|311\/352
|
|-heal|p2a: Ferrothorn|333\/352|[from] item: Leftovers
|turn|11
|
|switch|p2a: Surge|Thundurus, M|305\/305
|move|p1a: Clefable|Moonblast|p2a: Surge
|-damage|p2a: Surge|178\/305
|
|turn|12
|
|switch|p2a: Ferrothorn|Ferrothorn, M|333\/352
|move|p1a: Clefable|Moonblast|p2a: Ferrothorn
|-resisted|p2a: Ferrothorn
|-damage|p2a: Ferrothorn|287\/352
|
|-heal|p2a: Ferrothorn|309\/352|[from] item: Leftovers
|turn|13
|
|switch|p1a: Excadrill|Excadrill, F|361\/361
|-item|p1a: Excadrill|Air Balloon
|move|p2a: Ferrothorn|Stealth Rock|p1a: Excadrill
|-sidestart|p1: mariv|move: Stealth Rock
|
|-heal|p2a: Ferrothorn|331\/352|[from] item: Leftovers
|turn|14
|
|move|p1a: Excadrill|Rapid Spin|p2a: Ferrothorn
|-resisted|p2a: Ferrothorn
|-damage|p2a: Ferrothorn|322\/352
|-damage|p1a: Excadrill|316\/361|[from] ability: Iron Barbs|[of] p2a: Ferrothorn
|-sideend|p1: mariv|Toxic Spikes|[from] move: Rapid Spin|[of] p1a: Excadrill
|-sideend|p1: mariv|Stealth Rock|[from] move: Rapid Spin|[of] p1a: Excadrill
|move|p2a: Ferrothorn|Gyro Ball|p1a: Excadrill
|-resisted|p1a: Excadrill
|-damage|p1a: Excadrill|197\/361
|-enditem|p1a: Excadrill|Air Balloon
|
|-heal|p2a: Ferrothorn|344\/352|[from] item: Leftovers
|turn|15
|
|switch|p1a: Charizard|Charizard-Mega-Y, F|299\/299
|-weather|SunnyDay
|switch|p2a: Surge|Thundurus, M|178\/305
|
|-weather|SunnyDay|[upkeep]
|turn|16
|
|switch|p1a: Clefable|Clefable, M|394\/394 psn
|move|p2a: Surge|Nasty Plot|p2a: Surge
|-boost|p2a: Surge|spa|2
|
|-weather|SunnyDay|[upkeep]
|turn|17
|
|move|p2a: Surge|Thunderbolt|p1a: Clefable
|-damage|p1a: Clefable|65\/394 psn
|-damage|p2a: Surge|148\/305|[from] item: Life Orb
|move|p1a: Clefable|Moonblast|p2a: Surge
|-damage|p2a: Surge|30\/305
|
|-weather|SunnyDay|[upkeep]
|turn|18
|
|move|p2a: Surge|Thunderbolt|p1a: Clefable
|-damage|p1a: Clefable|0 fnt
|-damage|p2a: Surge|0 fnt|[from] item: Life Orb
|faint|p1a: Clefable
|faint|p2a: Surge
|
|-weather|SunnyDay|[upkeep]
|
|switch|p2a: Scorvol|Gliscor, F|354\/354 tox
|switch|p1a: Tyranitar|Tyranitar, F|375\/375
|-weather|Sandstorm
|turn|19
|
|move|p2a: Scorvol|Substitute|p2a: Scorvol
|-start|p2a: Scorvol|Substitute
|-damage|p2a: Scorvol|266\/354 tox
|move|p1a: Tyranitar|Stealth Rock|p2a: Scorvol
|-sidestart|p2: Giggling Grannie|move: Stealth Rock
|
|-weather|Sandstorm|[upkeep]
|-heal|p2a: Scorvol|310\/354 tox|[from] ability: Poison Heal
|turn|20
|
|move|p2a: Scorvol|Earthquake|p1a: Tyranitar
|-supereffective|p1a: Tyranitar
|-damage|p1a: Tyranitar|171\/375
|move|p1a: Tyranitar|Stone Edge|p2a: Scorvol|[miss]
|-miss|p1a: Tyranitar|p2a: Scorvol
|
|-weather|Sandstorm|[upkeep]
|-heal|p2a: Scorvol|354\/354 tox|[from] ability: Poison Heal
|turn|21
|c|âGiggling Grannie|chickenshit
|
|switch|p1a: Keldeo|Keldeo, shiny|324\/324
|move|p2a: Scorvol|Earthquake|p1a: Keldeo
|-crit|p1a: Keldeo
|-damage|p1a: Keldeo|153\/324
|
|-weather|Sandstorm|[upkeep]
|-damage|p1a: Keldeo|133\/324|[from] sandstorm
|turn|22
|
|move|p2a: Scorvol|Protect|p2a: Scorvol
|-singleturn|p2a: Scorvol|Protect
|move|p1a: Keldeo|Scald|p2a: Scorvol
|-activate|p2a: Scorvol|Protect
|
|-weather|Sandstorm|[upkeep]
|-damage|p1a: Keldeo|113\/324|[from] sandstorm
|turn|23
|
|move|p1a: Keldeo|Scald|p2a: Scorvol
|-supereffective|p2a: Scorvol
|-end|p2a: Scorvol|Substitute
|move|p2a: Scorvol|Substitute|p2a: Scorvol
|-start|p2a: Scorvol|Substitute
|-damage|p2a: Scorvol|266\/354 tox
|
|-weather|Sandstorm|[upkeep]
|-damage|p1a: Keldeo|93\/324|[from] sandstorm
|-heal|p2a: Scorvol|310\/354 tox|[from] ability: Poison Heal
|turn|24
|
|move|p2a: Scorvol|Protect|p2a: Scorvol
|-singleturn|p2a: Scorvol|Protect
|move|p1a: Keldeo|Scald|p2a: Scorvol
|-activate|p2a: Scorvol|Protect
|
|-weather|Sandstorm|[upkeep]
|-damage|p1a: Keldeo|73\/324|[from] sandstorm
|-heal|p2a: Scorvol|354\/354 tox|[from] ability: Poison Heal
|turn|25
|
|move|p1a: Keldeo|Scald|p2a: Scorvol
|-supereffective|p2a: Scorvol
|-end|p2a: Scorvol|Substitute
|move|p2a: Scorvol|Earthquake|p1a: Keldeo
|-damage|p1a: Keldeo|0 fnt
|faint|p1a: Keldeo
|
|-weather|Sandstorm|[upkeep]
|
|switch|p1a: Charizard|Charizard-Mega-Y, F|299\/299
|-weather|SunnyDay
|turn|26
|
|move|p2a: Scorvol|Protect|p2a: Scorvol
|-singleturn|p2a: Scorvol|Protect
|move|p1a: Charizard|Solar Beam|p2a: Scorvol|[still]
|-prepare|p1a: Charizard|Solar Beam|p2a: Scorvol
|-anim|p1a: Charizard|Solar Beam|p2a: Scorvol
|-activate|p2a: Scorvol|Protect
|
|-weather|SunnyDay|[upkeep]
|turn|27
|
|switch|p2a: Lesbian|Gothitelle, F|214\/301
|-damage|p2a: Lesbian|177\/301|[from] Stealth Rock
|move|p1a: Charizard|Fire Blast|p2a: Lesbian|[miss]
|-miss|p1a: Charizard|p2a: Lesbian
|
|-weather|SunnyDay|[upkeep]
|-heal|p2a: Lesbian|195\/301|[from] item: Leftovers
|turn|28
|
|move|p1a: Charizard|Fire Blast|p2a: Lesbian
|-damage|p2a: Lesbian|0 fnt
|faint|p2a: Lesbian
|
|-weather|SunnyDay|[upkeep]
|
|switch|p2a: Scorvol|Gliscor, F|354\/354 tox
|-damage|p2a: Scorvol|310\/354 tox|[from] Stealth Rock
|turn|29
|
|move|p2a: Scorvol|Protect|p2a: Scorvol
|-singleturn|p2a: Scorvol|Protect
|move|p1a: Charizard|Solar Beam|p2a: Scorvol|[still]
|-prepare|p1a: Charizard|Solar Beam|p2a: Scorvol
|-anim|p1a: Charizard|Solar Beam|p2a: Scorvol
|-activate|p2a: Scorvol|Protect
|
|-weather|SunnyDay|[upkeep]
|-heal|p2a: Scorvol|354\/354 tox|[from] ability: Poison Heal
|turn|30
|
|switch|p2a: Ferrothorn|Ferrothorn, M|344\/352
|-damage|p2a: Ferrothorn|322\/352|[from] Stealth Rock
|move|p1a: Charizard|Solar Beam|p2a: Ferrothorn|[still]
|-prepare|p1a: Charizard|Solar Beam|p2a: Ferrothorn
|-anim|p1a: Charizard|Solar Beam|p2a: Ferrothorn
|-resisted|p2a: Ferrothorn
|-damage|p2a: Ferrothorn|283\/352
|
|-weather|none
|-heal|p2a: Ferrothorn|305\/352|[from] item: Leftovers
|turn|31
|
|switch|p2a: Azumarill|Azumarill, M|380\/380
|-damage|p2a: Azumarill|333\/380|[from] Stealth Rock
|move|p1a: Charizard|Fire Blast|p2a: Azumarill
|-resisted|p2a: Azumarill
|-damage|p2a: Azumarill|195\/380
|-status|p2a: Azumarill|brn
|
|-damage|p2a: Azumarill|148\/380 brn|[from] brn
|-enditem|p2a: Azumarill|Sitrus Berry|[eat]
|-heal|p2a: Azumarill|243\/380 brn|[from] item: Sitrus Berry
|turn|32
|
|switch|p1a: Rotom-Wash|Rotom-Wash|248\/304
|move|p2a: Azumarill|Waterfall|p1a: Rotom-Wash
|-resisted|p1a: Rotom-Wash
|-damage|p1a: Rotom-Wash|219\/304
|
|-heal|p1a: Rotom-Wash|238\/304|[from] item: Leftovers
|-damage|p2a: Azumarill|196\/380 brn|[from] brn
|turn|33
|-message|Giggling Grannie forfeited.
|
|win|mariv
|raw|Ladder updating...
|leave|Giggling Grannie
|player|p2
|raw|mariv's rating: 1848 &rarr; <strong>1859<\/strong><br \/>(+11 for winning)
|raw|Giggling Grannie's rating: 1675 &rarr; <strong>1664<\/strong><br \/>(-11 for losing)