|join|Giggling Grannie
|join|F U BP
|player|p1|Giggling Grannie|101
|player|p2|F U BP|290
|gametype|singles
|gen|6
|tier|OU
|rated
|clearpoke
|poke|p1|Gliscor, F
|poke|p1|Rhyperior, F
|poke|p1|Togekiss, F
|poke|p1|Tentacruel, F
|poke|p1|Gengar, F
|poke|p1|Cresselia, F
|poke|p2|Rotom-Wash
|poke|p2|Mandibuzz, F
|poke|p2|Aegislash, F
|poke|p2|Mamoswine, M
|poke|p2|Heatran, M
|poke|p2|Pinsir, M
|rule|Sleep Clause Mod: Limit one foe put to sleep
|rule|Species Clause: Limit one of each Pokemon
|rule|OHKO Clause: OHKO moves are banned
|rule|Moody Clause: Moody is banned
|rule|Evasion Moves Clause: Evasion moves are banned
|rule|Endless Battle Clause: Forcing endless battles is banned.
|rule|HP Percentage Mod: HP is reported as percentages
|teampreview
|
|start
|switch|p1a: Willy Wonka|Gengar, F|262\/262
|switch|p2a: Rotom-Wash|Rotom-Wash|304\/304
|turn|1
|
|switch|p1a: Magic|Cresselia, F|432\/432
|switch|p2a: Mandibuzz|Mandibuzz, F|423\/423
|
|turn|2
|
|switch|p1a: KISS|Togekiss, F|374\/374
|move|p2a: Mandibuzz|Knock Off|p1a: KISS
|-resisted|p1a: KISS
|-damage|p1a: KISS|332\/374
|-enditem|p1a: KISS|Leftovers|[from] move: Knock Off|[of] p2a: Mandibuzz
|
|turn|3
|
|switch|p2a: Rotom-Wash|Rotom-Wash|304\/304
|move|p1a: KISS|Nasty Plot|p1a: KISS
|-boost|p1a: KISS|spa|2
|
|turn|4
|
|move|p1a: KISS|Air Slash|p2a: Rotom-Wash
|-resisted|p2a: Rotom-Wash
|-damage|p2a: Rotom-Wash|199\/304
|move|p2a: Rotom-Wash|Volt Switch|p1a: KISS
|-supereffective|p1a: KISS
|-damage|p1a: KISS|204\/374
|
|switch|p2a: Mamoswine|Mamoswine, M|361\/361
|
|turn|5
|
|switch|p1a: Magic|Cresselia, F|432\/432
|move|p2a: Mamoswine|Ice Shard|p1a: Magic
|-damage|p1a: Magic|368\/432
|-damage|p2a: Mamoswine|325\/361|[from] item: Life Orb
|
|-heal|p1a: Magic|395\/432|[from] item: Leftovers
|turn|6
|
|switch|p2a: Mandibuzz|Mandibuzz, F|423\/423
|move|p1a: Magic|Psychic|p2a: Mandibuzz
|-immune|p2a: Mandibuzz|[msg]
|
|-heal|p1a: Magic|422\/432|[from] item: Leftovers
|turn|7
|
|move|p1a: Magic|Psychic|p2a: Mandibuzz
|-immune|p2a: Mandibuzz|[msg]
|move|p2a: Mandibuzz|Knock Off|p1a: Magic
|-supereffective|p1a: Magic
|-damage|p1a: Magic|312\/432
|-enditem|p1a: Magic|Leftovers|[from] move: Knock Off|[of] p2a: Mandibuzz
|
|turn|8
|
|move|p1a: Magic|Rest|p1a: Magic
|-status|p1a: Magic|slp
|-heal|p1a: Magic|432\/432 slp|[silent]
|-status|p1a: Magic|slp|[from] move: Rest
|move|p2a: Mandibuzz|Knock Off|p1a: Magic
|-supereffective|p1a: Magic
|-damage|p1a: Magic|354\/432 slp
|
|turn|9
|
|switch|p2a: Heatran|Heatran, M|386\/386
|cant|p1a: Magic|slp
|move|p1a: Magic|Sleep Talk|p1a: Magic
|move|p1a: Magic|Psychic|p2a: Heatran|[from]Sleep Talk
|-resisted|p2a: Heatran
|-damage|p2a: Heatran|356\/386
|
|-heal|p2a: Heatran|380\/386|[from] item: Leftovers
|turn|10
|
|switch|p1a: Dianabol|Rhyperior, F|410\/410
|move|p2a: Heatran|Stealth Rock|p1a: Dianabol
|-sidestart|p1: Giggling Grannie|move: Stealth Rock
|
|-heal|p2a: Heatran|386\/386|[from] item: Leftovers
|turn|11
|
|switch|p2a: Rotom-Wash|Rotom-Wash|199\/304
|move|p1a: Dianabol|Stone Edge|p2a: Rotom-Wash
|-damage|p2a: Rotom-Wash|18\/304
|-damage|p1a: Dianabol|369\/410|[from] item: Life Orb
|
|-heal|p2a: Rotom-Wash|37\/304|[from] item: Leftovers
|turn|12
|
|move|p2a: Rotom-Wash|Hydro Pump|p1a: Dianabol
|-supereffective|p1a: Dianabol
|-damage|p1a: Dianabol|0 fnt
|faint|p1a: Dianabol
|
|-heal|p2a: Rotom-Wash|56\/304|[from] item: Leftovers
|
|switch|p1a: Willy Wonka|Gengar, F|262\/262
|-damage|p1a: Willy Wonka|230\/262|[from] Stealth Rock
|turn|13
|
|switch|p2a: Heatran|Heatran, M|386\/386
|move|p1a: Willy Wonka|Substitute|p1a: Willy Wonka
|-start|p1a: Willy Wonka|Substitute
|-damage|p1a: Willy Wonka|165\/262
|
|-heal|p1a: Willy Wonka|181\/262|[from] item: Black Sludge
|turn|14
|
|move|p1a: Willy Wonka|Hypnosis|p2a: Heatran
|-status|p2a: Heatran|slp
|cant|p2a: Heatran|slp
|
|-heal|p1a: Willy Wonka|197\/262|[from] item: Black Sludge
|turn|15
|
|move|p1a: Willy Wonka|Focus Blast|p2a: Heatran
|-supereffective|p2a: Heatran
|-damage|p2a: Heatran|194\/386 slp
|cant|p2a: Heatran|slp
|
|-heal|p1a: Willy Wonka|213\/262|[from] item: Black Sludge
|-heal|p2a: Heatran|218\/386 slp|[from] item: Leftovers
|turn|16
|
|move|p1a: Willy Wonka|Shadow Ball|p2a: Heatran
|-damage|p2a: Heatran|115\/386 slp
|cant|p2a: Heatran|slp
|
|-heal|p1a: Willy Wonka|229\/262|[from] item: Black Sludge
|-heal|p2a: Heatran|139\/386 slp|[from] item: Leftovers
|turn|17
|
|switch|p2a: Mandibuzz|Mandibuzz, F|423\/423
|move|p1a: Willy Wonka|Focus Blast|p2a: Mandibuzz
|-damage|p2a: Mandibuzz|278\/423
|-unboost|p2a: Mandibuzz|spd|1
|
|-heal|p1a: Willy Wonka|245\/262|[from] item: Black Sludge
|turn|18
|
|switch|p1a: SquidWard|Tentacruel, F|360\/360
|-damage|p1a: SquidWard|315\/360|[from] Stealth Rock
|switch|p2a: Aegislash|Aegislash, F|324\/324
|
|-heal|p1a: SquidWard|337\/360|[from] item: Black Sludge
|turn|19
|
|move|p1a: SquidWard|Scald|p2a: Aegislash
|-damage|p2a: Aegislash|266\/324
|-formechange|p2a: Aegislash|Aegislash-Blade
|move|p2a: Aegislash|Shadow Ball|p1a: SquidWard
|-damage|p1a: SquidWard|181\/360
|-damage|p2a: Aegislash|234\/324|[from] item: Life Orb
|
|-heal|p1a: SquidWard|203\/360|[from] item: Black Sludge
|turn|20
|
|-formechange|p2a: Aegislash|Aegislash
|move|p2a: Aegislash|King's Shield|p2a: Aegislash
|-singleturn|p2a: Aegislash|Protect
|move|p1a: SquidWard|Scald|p2a: Aegislash
|-activate|p2a: Aegislash|Protect
|
|-heal|p1a: SquidWard|225\/360|[from] item: Black Sludge
|turn|21
|
|move|p1a: SquidWard|Protect|p1a: SquidWard
|-singleturn|p1a: SquidWard|Protect
|-formechange|p2a: Aegislash|Aegislash-Blade
|move|p2a: Aegislash|Shadow Ball|p1a: SquidWard
|-activate|p1a: SquidWard|Protect
|
|-heal|p1a: SquidWard|247\/360|[from] item: Black Sludge
|turn|22
|
|-formechange|p2a: Aegislash|Aegislash
|move|p2a: Aegislash|King's Shield|p2a: Aegislash
|-singleturn|p2a: Aegislash|Protect
|move|p1a: SquidWard|Scald|p2a: Aegislash
|-activate|p2a: Aegislash|Protect
|
|-heal|p1a: SquidWard|269\/360|[from] item: Black Sludge
|turn|23
|
|move|p1a: SquidWard|Scald|p2a: Aegislash
|-damage|p2a: Aegislash|167\/324
|-status|p2a: Aegislash|brn
|-formechange|p2a: Aegislash|Aegislash-Blade
|move|p2a: Aegislash|Shadow Ball|p1a: SquidWard
|-damage|p1a: SquidWard|105\/360
|-damage|p2a: Aegislash|135\/324 brn|[from] item: Life Orb
|
|-heal|p1a: SquidWard|127\/360|[from] item: Black Sludge
|-damage|p2a: Aegislash|95\/324 brn|[from] brn
|turn|24
|
|switch|p2a: Rotom-Wash|Rotom-Wash|56\/304
|move|p1a: SquidWard|Protect|p1a: SquidWard
|-fail|p1a: SquidWard
|
|-heal|p1a: SquidWard|149\/360|[from] item: Black Sludge
|-heal|p2a: Rotom-Wash|75\/304|[from] item: Leftovers
|turn|25
|
|move|p1a: SquidWard|Sludge Bomb|p2a: Rotom-Wash
|-damage|p2a: Rotom-Wash|0 fnt
|faint|p2a: Rotom-Wash
|
|-heal|p1a: SquidWard|171\/360|[from] item: Black Sludge
|
|switch|p2a: Mamoswine|Mamoswine, M|325\/361
|turn|26
|
|switch|p2a: Mandibuzz|Mandibuzz, F|278\/423
|move|p1a: SquidWard|Protect|p1a: SquidWard
|-fail|p1a: SquidWard
|
|-heal|p1a: SquidWard|193\/360|[from] item: Black Sludge
|turn|27
|
|move|p1a: SquidWard|Scald|p2a: Mandibuzz
|-damage|p2a: Mandibuzz|179\/423
|-status|p2a: Mandibuzz|brn
|move|p2a: Mandibuzz|Knock Off|p1a: SquidWard
|-crit|p1a: SquidWard
|-damage|p1a: SquidWard|108\/360
|-enditem|p1a: SquidWard|Black Sludge|[from] move: Knock Off|[of] p2a: Mandibuzz
|
|-damage|p2a: Mandibuzz|127\/423 brn|[from] brn
|turn|28
|
|move|p1a: SquidWard|Rapid Spin|p2a: Mandibuzz
|-damage|p2a: Mandibuzz|120\/423 brn
|-damage|p1a: SquidWard|48\/360|[from] item: Rocky Helmet|[of] p2a: Mandibuzz
|-sideend|p1: Giggling Grannie|Stealth Rock|[from] move: Rapid Spin|[of] p1a: SquidWard
|move|p2a: Mandibuzz|Roost|p2a: Mandibuzz
|-heal|p2a: Mandibuzz|332\/423 brn
|
|-damage|p2a: Mandibuzz|280\/423 brn|[from] brn
|turn|29
|
|move|p1a: SquidWard|Scald|p2a: Mandibuzz
|-damage|p2a: Mandibuzz|189\/423 brn
|move|p2a: Mandibuzz|Foul Play|p1a: SquidWard
|-damage|p1a: SquidWard|3\/360
|
|-damage|p2a: Mandibuzz|137\/423 brn|[from] brn
|turn|30
|
|move|p1a: SquidWard|Sludge Bomb|p2a: Mandibuzz
|-damage|p2a: Mandibuzz|32\/423 brn
|move|p2a: Mandibuzz|Roost|p2a: Mandibuzz
|-heal|p2a: Mandibuzz|244\/423 brn
|
|-damage|p2a: Mandibuzz|192\/423 brn|[from] brn
|turn|31
|
|move|p1a: SquidWard|Sludge Bomb|p2a: Mandibuzz
|-damage|p2a: Mandibuzz|92\/423 brn
|move|p2a: Mandibuzz|Roost|p2a: Mandibuzz
|-heal|p2a: Mandibuzz|304\/423 brn
|
|-damage|p2a: Mandibuzz|252\/423 brn|[from] brn
|turn|32
|
|switch|p1a: KISS|Togekiss, F|204\/374
|move|p2a: Mandibuzz|Knock Off|p1a: KISS
|-resisted|p1a: KISS
|-damage|p1a: KISS|192\/374
|
|-damage|p2a: Mandibuzz|200\/423 brn|[from] brn
|turn|33
|
|move|p1a: KISS|Roost|p1a: KISS
|-heal|p1a: KISS|374\/374
|move|p2a: Mandibuzz|Roost|p2a: Mandibuzz
|-heal|p2a: Mandibuzz|412\/423 brn
|
|-damage|p2a: Mandibuzz|360\/423 brn|[from] brn
|turn|34
|
|switch|p2a: Heatran|Heatran, M|139\/386 slp
|move|p1a: KISS|Air Slash|p2a: Heatran
|-resisted|p2a: Heatran
|-damage|p2a: Heatran|102\/386 slp
|
|-heal|p2a: Heatran|126\/386 slp|[from] item: Leftovers
|turn|35
|
|move|p1a: KISS|Nasty Plot|p1a: KISS
|-boost|p1a: KISS|spa|2
|-curestatus|p2a: Heatran|slp
|move|p2a: Heatran|Stealth Rock|p1a: KISS
|-sidestart|p1: Giggling Grannie|move: Stealth Rock
|
|-heal|p2a: Heatran|150\/386|[from] item: Leftovers
|turn|36
|
|move|p1a: KISS|Air Slash|p2a: Heatran
|-resisted|p2a: Heatran
|-damage|p2a: Heatran|83\/386
|cant|p2a: Heatran|flinch
|
|-heal|p2a: Heatran|107\/386|[from] item: Leftovers
|turn|37
|
|move|p1a: KISS|Air Slash|p2a: Heatran
|-resisted|p2a: Heatran
|-damage|p2a: Heatran|42\/386
|cant|p2a: Heatran|flinch
|
|-heal|p2a: Heatran|66\/386|[from] item: Leftovers
|turn|38
|
|move|p1a: KISS|Air Slash|p2a: Heatran
|-resisted|p2a: Heatran
|-damage|p2a: Heatran|0 fnt
|faint|p2a: Heatran
|
|
|switch|p2a: Mamoswine|Mamoswine, M|325\/361
|turn|39
|
|switch|p1a: SquidWard|Tentacruel, F|3\/360
|-damage|p1a: SquidWard|0 fnt|[from] Stealth Rock
|faint|p1a: SquidWard
|move|p2a: Mamoswine|Icicle Crash|p1: SquidWard|[notarget]
|-notarget
|
|
|switch|p1a: Willy Wonka|Gengar, F|245\/262
|-damage|p1a: Willy Wonka|213\/262|[from] Stealth Rock
|turn|40
|
|switch|p2a: Mandibuzz|Mandibuzz, F|360\/423 brn
|move|p1a: Willy Wonka|Focus Blast|p2a: Mandibuzz|[miss]
|-miss|p1a: Willy Wonka|p2a: Mandibuzz
|
|-heal|p1a: Willy Wonka|229\/262|[from] item: Black Sludge
|-damage|p2a: Mandibuzz|308\/423 brn|[from] brn
|turn|41
|
|switch|p1a: KISS|Togekiss, F|374\/374
|-damage|p1a: KISS|281\/374|[from] Stealth Rock
|switch|p2a: Mamoswine|Mamoswine, M|325\/361
|
|turn|42
|
|move|p2a: Mamoswine|Icicle Crash|p1a: KISS
|-supereffective|p1a: KISS
|-damage|p1a: KISS|0 fnt
|-damage|p2a: Mamoswine|289\/361|[from] item: Life Orb
|faint|p1a: KISS
|
|
|switch|p1a: Magic|Cresselia, F|354\/432 slp
|-damage|p1a: Magic|300\/432 slp|[from] Stealth Rock
|turn|43
|
|switch|p2a: Aegislash|Aegislash, F|95\/324 brn
|cant|p1a: Magic|slp
|move|p1a: Magic|Sleep Talk|p1a: Magic
|move|p1a: Magic|Psychic|p2a: Aegislash|[from]Sleep Talk
|-resisted|p2a: Aegislash
|-damage|p2a: Aegislash|60\/324 brn
|
|-damage|p2a: Aegislash|20\/324 brn|[from] brn
|turn|44
|
|-curestatus|p1a: Magic|slp
|move|p1a: Magic|Psychic|p2a: Aegislash
|-resisted|p2a: Aegislash
|-damage|p2a: Aegislash|0 fnt
|faint|p2a: Aegislash
|
|
|switch|p2a: Mandibuzz|Mandibuzz, F|308\/423 brn
|turn|45
|
|move|p1a: Magic|Rest|p1a: Magic
|-status|p1a: Magic|slp
|-heal|p1a: Magic|432\/432 slp|[silent]
|-status|p1a: Magic|slp|[from] move: Rest
|move|p2a: Mandibuzz|Knock Off|p1a: Magic
|-supereffective|p1a: Magic
|-damage|p1a: Magic|390\/432 slp
|
|-damage|p2a: Mandibuzz|256\/423 brn|[from] brn
|turn|46
|
|switch|p1a: Scorvol|Gliscor, F|354\/354
|-damage|p1a: Scorvol|310\/354|[from] Stealth Rock
|switch|p2a: Pinsir|Pinsir, M|271\/271
|-ability|p2a: Pinsir|Mold Breaker
|
|-status|p1a: Scorvol|tox|[from] item: Toxic Orb
|turn|47
|
|move|p2a: Pinsir|Swords Dance|p2a: Pinsir
|-boost|p2a: Pinsir|atk|2
|move|p1a: Scorvol|Toxic|p2a: Pinsir
|-status|p2a: Pinsir|tox
|
|-damage|p2a: Pinsir|255\/271 tox|[from] psn
|-heal|p1a: Scorvol|354\/354 tox|[from] ability: Poison Heal
|turn|48
|
|move|p1a: Scorvol|Protect|p1a: Scorvol
|-singleturn|p1a: Scorvol|Protect
|move|p2a: Pinsir|Swords Dance|p2a: Pinsir
|-boost|p2a: Pinsir|atk|2
|
|-damage|p2a: Pinsir|223\/271 tox|[from] psn
|turn|49
|
|switch|p1a: Magic|Cresselia, F|390\/432 slp
|-damage|p1a: Magic|336\/432 slp|[from] Stealth Rock
|-formechange|p2a: Pinsir|Pinsir-Mega
|message|Pinsir has Mega Evolved into Mega Pinsir!
|move|p2a: Pinsir|Return|p1a: Magic
|-damage|p1a: Magic|0 fnt
|faint|p1a: Magic
|
|-damage|p2a: Pinsir|175\/271 tox|[from] psn
|
|switch|p1a: Willy Wonka|Gengar, F|229\/262
|-damage|p1a: Willy Wonka|197\/262|[from] Stealth Rock
|turn|50
|
|switch|p1a: Scorvol|Gliscor, F|354\/354 tox
|-damage|p1a: Scorvol|310\/354 tox|[from] Stealth Rock
|move|p2a: Pinsir|Quick Attack|p1a: Scorvol
|-damage|p1a: Scorvol|103\/354 tox
|
|-damage|p2a: Pinsir|111\/271 tox|[from] psn
|-heal|p1a: Scorvol|147\/354 tox|[from] ability: Poison Heal
|turn|51
|
|move|p1a: Scorvol|Protect|p1a: Scorvol
|-singleturn|p1a: Scorvol|Protect
|move|p2a: Pinsir|Return|p1a: Scorvol
|-activate|p1a: Scorvol|Protect
|
|-damage|p2a: Pinsir|31\/271 tox|[from] psn
|-heal|p1a: Scorvol|191\/354 tox|[from] ability: Poison Heal
|turn|52
|
|move|p1a: Scorvol|Protect|p1a: Scorvol
|-singleturn|p1a: Scorvol|Protect
|move|p2a: Pinsir|Return|p1a: Scorvol
|-activate|p1a: Scorvol|Protect
|
|-damage|p2a: Pinsir|0 fnt|[from] psn
|-heal|p1a: Scorvol|235\/354 tox|[from] ability: Poison Heal
|faint|p2a: Pinsir
|
|switch|p2a: Mamoswine|Mamoswine, M|289\/361
|turn|53
|
|move|p2a: Mamoswine|Ice Shard|p1a: Scorvol
|-supereffective|p1a: Scorvol
|-damage|p1a: Scorvol|0 fnt
|-damage|p2a: Mamoswine|253\/361|[from] item: Life Orb
|faint|p1a: Scorvol
|
|
|switch|p1a: Willy Wonka|Gengar, F|197\/262
|-damage|p1a: Willy Wonka|165\/262|[from] Stealth Rock
|turn|54
|
|move|p2a: Mamoswine|Ice Shard|p1a: Willy Wonka
|-damage|p1a: Willy Wonka|32\/262
|-damage|p2a: Mamoswine|217\/361|[from] item: Life Orb
|move|p1a: Willy Wonka|Focus Blast|p2a: Mamoswine
|-crit|p2a: Mamoswine
|-supereffective|p2a: Mamoswine
|-damage|p2a: Mamoswine|0 fnt
|faint|p2a: Mamoswine
|
|-heal|p1a: Willy Wonka|48\/262|[from] item: Black Sludge
|
|switch|p2a: Mandibuzz|Mandibuzz, F|256\/423 brn
|turn|55
|
|move|p1a: Willy Wonka|Focus Blast|p2a: Mandibuzz
|-damage|p2a: Mandibuzz|101\/423 brn
|move|p2a: Mandibuzz|Foul Play|p1a: Willy Wonka
|-supereffective|p1a: Willy Wonka
|-damage|p1a: Willy Wonka|0 fnt
|faint|p1a: Willy Wonka
|
|win|F U BP
|raw|Ladder updating...
|raw|Giggling Grannie's rating: 1766 &rarr; <strong>1739<\/strong><br \/>(-27 for losing)
|raw|F U BP's rating: 1625 &rarr; <strong>1653<\/strong><br \/>(+28 for winning)
|leave|Giggling Grannie
|player|p1