|join|LT1A boudouche
|join|Giggling Grannie
|player|p1|LT1A boudouche|179
|player|p2|Giggling Grannie|69
|gametype|singles
|gen|6
|tier|OU
|rated
|clearpoke
|poke|p1|Pinsir, F
|poke|p1|Magnezone
|poke|p1|Latias, F
|poke|p1|Azumarill, M
|poke|p1|Diggersby, M
|poke|p1|Garchomp, F
|poke|p2|Gliscor, F
|poke|p2|Gothitelle, F
|poke|p2|Azumarill, M
|poke|p2|Ferrothorn, M
|poke|p2|Tentacruel, F
|poke|p2|Thundurus, M
|rule|Swagger Clause: Swagger is banned
|rule|Baton Pass Clause: Limit one PokÃ©mon knowing Baton Pass
|rule|Sleep Clause Mod: Limit one foe put to sleep
|rule|Species Clause: Limit one of each PokÃ©mon
|rule|OHKO Clause: OHKO moves are banned
|rule|Moody Clause: Moody is banned
|rule|Evasion Moves Clause: Evasion moves are banned
|rule|Endless Battle Clause: Forcing endless battles is banned
|rule|HP Percentage Mod: HP is shown in percentages
|teampreview
|
|start
|switch|p1a: Pinsir|Pinsir, F|271\/271
|switch|p2a: Scorvol|Gliscor, F|354\/354
|turn|1
|
|switch|p2a: Lesbian|Gothitelle, F|301\/301
|detailschange|p1a: Pinsir|Pinsir-Mega, F
|message|Pinsir has Mega Evolved into Mega Pinsir!
|move|p1a: Pinsir|Return|p2a: Lesbian
|-crit|p2a: Lesbian
|-damage|p2a: Lesbian|0 fnt
|faint|p2a: Lesbian
|
|
|switch|p2a: Surge|Thundurus, M|305\/305
|turn|2
|
|switch|p2a: Scorvol|Gliscor, F|354\/354
|switch|p1a: Diggersby|Diggersby, M|311\/311
|
|-status|p2a: Scorvol|tox|[from] item: Toxic Orb
|turn|3
|
|switch|p1a: Pinsir|Pinsir-Mega, F|271\/271
|move|p2a: Scorvol|Toxic|p1a: Pinsir
|-status|p1a: Pinsir|tox
|
|-damage|p1a: Pinsir|255\/271 tox|[from] psn
|turn|4
|
|move|p1a: Pinsir|Return|p2a: Scorvol
|-damage|p2a: Scorvol|182\/354 tox
|move|p2a: Scorvol|Substitute|p2a: Scorvol
|-start|p2a: Scorvol|Substitute
|-damage|p2a: Scorvol|94\/354 tox
|
|-damage|p1a: Pinsir|223\/271 tox|[from] psn
|-heal|p2a: Scorvol|138\/354 tox|[from] ability: Poison Heal
|turn|5
|c|âGiggling Grannie|why did u switch
|join|NollieTre
|c|âLT1A boudouche|whynot
|
|move|p2a: Scorvol|Protect|p2a: Scorvol
|-singleturn|p2a: Scorvol|Protect
|move|p1a: Pinsir|Return|p2a: Scorvol
|-activate|p2a: Scorvol|Protect
|
|-damage|p1a: Pinsir|175\/271 tox|[from] psn
|-heal|p2a: Scorvol|182\/354 tox|[from] ability: Poison Heal
|turn|6
|
|move|p1a: Pinsir|Return|p2a: Scorvol
|-end|p2a: Scorvol|Substitute
|move|p2a: Scorvol|Substitute|p2a: Scorvol
|-start|p2a: Scorvol|Substitute
|-damage|p2a: Scorvol|94\/354 tox
|
|-damage|p1a: Pinsir|111\/271 tox|[from] psn
|-heal|p2a: Scorvol|138\/354 tox|[from] ability: Poison Heal
|turn|7
|
|switch|p1a: Azumarill|Azumarill, M|403\/403
|move|p2a: Scorvol|Protect|p2a: Scorvol
|-fail|p2a: Scorvol
|
|-heal|p2a: Scorvol|182\/354 tox|[from] ability: Poison Heal
|turn|8
|
|move|p2a: Scorvol|Protect|p2a: Scorvol
|-singleturn|p2a: Scorvol|Protect
|move|p1a: Azumarill|Waterfall|p2a: Scorvol
|-activate|p2a: Scorvol|Protect
|
|-heal|p2a: Scorvol|226\/354 tox|[from] ability: Poison Heal
|turn|9
|
|move|p2a: Scorvol|Toxic|p1a: Azumarill
|-status|p1a: Azumarill|tox
|move|p1a: Azumarill|Waterfall|p2a: Scorvol
|-supereffective|p2a: Scorvol
|-end|p2a: Scorvol|Substitute
|
|-heal|p2a: Scorvol|270\/354 tox|[from] ability: Poison Heal
|-damage|p1a: Azumarill|378\/403 tox|[from] psn
|turn|10
|
|move|p2a: Scorvol|Substitute|p2a: Scorvol
|-start|p2a: Scorvol|Substitute
|-damage|p2a: Scorvol|182\/354 tox
|move|p1a: Azumarill|Waterfall|p2a: Scorvol
|-supereffective|p2a: Scorvol
|-end|p2a: Scorvol|Substitute
|
|-heal|p2a: Scorvol|226\/354 tox|[from] ability: Poison Heal
|-damage|p1a: Azumarill|328\/403 tox|[from] psn
|turn|11
|
|switch|p2a: Squidward|Tentacruel, F|362\/362
|switch|p1a: Latias|Latias, F|335\/335
|
|turn|12
|c| NollieTre|this gliscor is aids
|join|Leftiez
|c|âLT1A boudouche|y
|
|switch|p1a: Magnezone|Magnezone|281\/281
|move|p2a: Squidward|Protect|p2a: Squidward
|-fail|p2a: Squidward
|
|turn|13
|
|switch|p1a: Garchomp|Garchomp, F|361\/361
|move|p2a: Squidward|Toxic Spikes|p1a: Garchomp
|-sidestart|p1: LT1A boudouche|move: Toxic Spikes
|
|turn|14
|
|switch|p2a: Scorvol|Gliscor, F|226\/354 tox
|move|p1a: Garchomp|Swords Dance|p1a: Garchomp
|-boost|p1a: Garchomp|atk|2
|
|-heal|p2a: Scorvol|270\/354 tox|[from] ability: Poison Heal
|turn|15
|join|baenail
|
|move|p1a: Garchomp|Outrage|p2a: Scorvol
|-damage|p2a: Scorvol|0 fnt
|faint|p2a: Scorvol
|
|
|switch|p2a: Azumarill|Azumarill, M|380\/380
|turn|16
|
|move|p1a: Garchomp|Outrage|p2a: Azumarill
|-immune|p2a: Azumarill|[msg]
|move|p2a: Azumarill|Play Rough|p1a: Garchomp
|-supereffective|p1a: Garchomp
|-damage|p1a: Garchomp|0 fnt
|-damage|p2a: Azumarill|333\/380|[from] ability: Rough Skin|[of] p1a: Garchomp
|faint|p1a: Garchomp
|
|join|basedlord ctc
|
|switch|p1a: Magnezone|Magnezone|281\/281
|turn|17
|c| NollieTre|ctc
|
|switch|p2a: Nails|Ferrothorn, M|352\/352
|move|p1a: Magnezone|Thunderbolt|p2a: Nails
|-resisted|p2a: Nails
|-damage|p2a: Nails|292\/352
|
|-heal|p2a: Nails|314\/352|[from] item: Leftovers
|turn|18
|c| NollieTre|luv the temz
|
|switch|p1a: Latias|Latias, F|335\/335
|move|p2a: Nails|Gyro Ball|p1a: Latias
|-damage|p1a: Latias|149\/335
|
|-heal|p2a: Nails|336\/352|[from] item: Leftovers
|turn|19
|
|move|p1a: Latias|Defog|p2a: Nails
|-unboost|p2a: Nails|evasion|1
|-sideend|p1: LT1A boudouche|Toxic Spikes|[from] move: Defog|[of] p1a: Latias
|move|p2a: Nails|Gyro Ball|p1a: Latias
|-damage|p1a: Latias|0 fnt
|faint|p1a: Latias
|
|-heal|p2a: Nails|352\/352|[from] item: Leftovers
|
|switch|p1a: Magnezone|Magnezone|281\/281
|turn|20
|
|move|p1a: Magnezone|Hidden Power|p2a: Nails
|-supereffective|p2a: Nails
|-damage|p2a: Nails|132\/352
|move|p2a: Nails|Stealth Rock|p1a: Magnezone
|-sidestart|p1: LT1A boudouche|move: Stealth Rock
|
|-heal|p2a: Nails|154\/352|[from] item: Leftovers
|turn|21
|
|move|p1a: Magnezone|Hidden Power|p2a: Nails
|-supereffective|p2a: Nails
|-damage|p2a: Nails|0 fnt
|faint|p2a: Nails
|
|
|switch|p2a: Azumarill|Azumarill, M|333\/380
|turn|22
|
|switch|p1a: Pinsir|Pinsir-Mega, F|111\/271 tox
|-damage|p1a: Pinsir|0 fnt|[from] Stealth Rock
|faint|p1a: Pinsir
|move|p2a: Azumarill|Belly Drum|p2a: Azumarill
|-damage|p2a: Azumarill|143\/380
|-setboost|p2a: Azumarill|atk|6|[from] move: Belly Drum
|-enditem|p2a: Azumarill|Sitrus Berry|[eat]
|-heal|p2a: Azumarill|238\/380|[from] item: Sitrus Berry
|
|c| baenail|o
|c|âLT1A boudouche|gg
|
|switch|p1a: Azumarill|Azumarill, M|328\/403 tox
|-damage|p1a: Azumarill|278\/403 tox|[from] Stealth Rock
|turn|23
|c|âGiggling Grannie|what are the calcs for aj against mag
|
|move|p1a: Azumarill|Aqua Jet|p2a: Azumarill
|-resisted|p2a: Azumarill
|-damage|p2a: Azumarill|187\/380
|move|p2a: Azumarill|Play Rough|p1a: Azumarill
|-damage|p1a: Azumarill|0 fnt
|faint|p1a: Azumarill
|
|c|âLT1A boudouche|im lazy
|c|âLT1A boudouche|to calc
|join|Lukus
|
|switch|p1a: Diggersby|Diggersby, M|311\/311
|-damage|p1a: Diggersby|292\/311|[from] Stealth Rock
|turn|24
|c| NollieTre|+6 252+ Atk Huge Power Azumarill Aqua Jet vs. 4 HP \/ 0 Def Magneton: 331-391 (136.7 - 161.5%) -- guaranteed OHKO
|c| NollieTre|oh wait
|c| baenail|magneton
|c| baenail|lol
|join|ITriedToQuit
|c| NollieTre|+6 252+ Atk Huge Power Azumarill Waterfall vs. 172 HP \/ 0 Def Magnezone: 562-663 (173.4 - 204.6%) -- guaranteed OHKO
|c|âGiggling Grannie|+6 252+ Atk Huge Power Azumarill Aqua Jet vs. 0 HP \/ 0 Def Magnezone: 282-333 (100.3 - 118.5%) -- guaranteed OHKO
|join|lt1b ben gay
|c| NollieTre|yeah that
|
|move|p1a: Diggersby|Quick Attack|p2a: Azumarill
|-damage|p2a: Azumarill|76\/380
|move|p2a: Azumarill|Aqua Jet|p1a: Diggersby
|-supereffective|p1a: Diggersby
|-damage|p1a: Diggersby|0 fnt
|faint|p1a: Diggersby
|
|leave|ITriedToQuit
|
|switch|p1a: Magnezone|Magnezone|281\/281
|-damage|p1a: Magnezone|264\/281|[from] Stealth Rock
|turn|25
|
|move|p2a: Azumarill|Aqua Jet|p1a: Magnezone
|-damage|p1a: Magnezone|0 fnt
|faint|p1a: Magnezone
|
|win|Giggling Grannie
|raw|Ladder updating...
|join|sugarhigh
|leave|baenail
|join|jefo
|leave|LT1A boudouche
|player|p1
|raw|Ladder (probably) updated, but score could not be retrieved (timeout).
|raw|Ladder (probably) updated, but score could not be retrieved (Error: socket hang up).