|join|Giggling Grannie
|join|will-i-am2
|player|p1|Giggling Grannie|265
|player|p2|will-i-am2|170
|gametype|singles
|gen|6
|tier|OU
|rated
|clearpoke
|poke|p1|Thundurus, M
|poke|p1|Tyranitar, F
|poke|p1|Amoonguss, F
|poke|p1|Gliscor, F
|poke|p1|Forretress, M
|poke|p1|Charizard, M
|poke|p2|Registeel
|poke|p2|Donphan, M
|poke|p2|Hydreigon, F
|poke|p2|Mandibuzz, F
|poke|p2|Togekiss, F
|poke|p2|Ditto
|rule|Sleep Clause Mod: Limit one foe put to sleep
|rule|Species Clause: Limit one of each Pokemon
|rule|OHKO Clause: OHKO moves are banned
|rule|Moody Clause: Moody is banned
|rule|Evasion Moves Clause: Evasion moves are banned
|rule|Endless Battle Clause: Forcing endless battles is banned.
|rule|HP Percentage Mod: HP is reported as percentages
|teampreview
|chat|Giggling Grannie|why dont u battle at PO anymore?
|
|start
|switch|p1a: Shrooms|Amoonguss, F|424\/424
|switch|p2a: Donphan|Donphan, M|384\/384
|turn|1
|chat|will-i-am2|?
|chat|will-i-am2|oh, crashes
|
|switch|p1a: SURGE|Thundurus, M|305\/305
|move|p2a: Donphan|Earthquake|p1a: SURGE
|-immune|p1a: SURGE|[msg]
|
|turn|2
|
|switch|p1a: Shrapnel|Forretress, M|354\/354
|move|p2a: Donphan|Head Smash|p1a: Shrapnel
|-damage|p1a: Shrapnel|224\/354
|-damage|p2a: Donphan|319\/384|[from] recoil|[of] p1a: Shrapnel
|
|-heal|p2a: Donphan|343\/384|[from] item: Leftovers
|-heal|p1a: Shrapnel|246\/354|[from] item: Leftovers
|turn|3
|
|move|p2a: Donphan|Earthquake|p1a: Shrapnel
|-damage|p1a: Shrapnel|114\/354
|move|p1a: Shrapnel|Toxic|p2a: Donphan
|-status|p2a: Donphan|tox
|
|-heal|p2a: Donphan|367\/384 tox|[from] item: Leftovers
|-heal|p1a: Shrapnel|136\/354|[from] item: Leftovers
|-damage|p2a: Donphan|343\/384 tox|[from] psn
|turn|4
|
|switch|p2a: Togekiss|Togekiss, F|374\/374
|move|p1a: Shrapnel|Pain Split|p2a: Togekiss
|-sethp|p2a: Togekiss|255\/374|p1a: Shrapnel|255\/354|[from] move: Pain Split
|
|-heal|p2a: Togekiss|278\/374|[from] item: Leftovers
|-heal|p1a: Shrapnel|277\/354|[from] item: Leftovers
|turn|5
|
|switch|p1a: SURGE|Thundurus, M|305\/305
|move|p2a: Togekiss|Flamethrower|p1a: SURGE
|-crit|p1a: SURGE
|-damage|p1a: SURGE|140\/305
|
|-heal|p2a: Togekiss|301\/374|[from] item: Leftovers
|turn|6
|
|switch|p2a: Registeel|Registeel|364\/364
|move|p1a: SURGE|Grass Knot|p2a: Registeel
|-resisted|p2a: Registeel
|-damage|p2a: Registeel|315\/364
|-damage|p1a: SURGE|110\/305|[from] item: Life Orb
|
|-heal|p2a: Registeel|337\/364|[from] item: Leftovers
|turn|7
|
|move|p1a: SURGE|Taunt|p2a: Registeel
|-start|p2a: Registeel|move: Taunt
|move|p2a: Registeel|Seismic Toss|p1a: SURGE
|-damage|p1a: SURGE|10\/305
|
|-heal|p2a: Registeel|359\/364|[from] item: Leftovers
|turn|8
|
|switch|p2a: Togekiss|Togekiss, F|301\/374
|move|p1a: SURGE|Thunderbolt|p2a: Togekiss
|-supereffective|p2a: Togekiss
|-damage|p2a: Togekiss|25\/374
|-damage|p1a: SURGE|0 fnt|[from] item: Life Orb
|faint|p1a: SURGE
|
|-heal|p2a: Togekiss|48\/374|[from] item: Leftovers
|chat|will-i-am2|nice
|
|switch|p1a: Toasty|Charizard, M|350\/350
|turn|9
|
|switch|p2a: Mandibuzz|Mandibuzz, F|382\/382
|-formechange|p1a: Toasty|Charizard-Mega-X
|message|Charizard has Mega Evolved into Mega Charizard!
|move|p1a: Toasty|Flare Blitz|p2a: Mandibuzz
|-damage|p2a: Mandibuzz|129\/382
|-damage|p1a: Toasty|267\/350|[from] recoil|[of] p2a: Mandibuzz
|-damage|p1a: Toasty|209\/350|[from] item: Rocky Helmet|[of] p2a: Mandibuzz
|
|turn|10
|
|move|p1a: Toasty|Dragon Claw|p2a: Mandibuzz
|-damage|p2a: Mandibuzz|0 fnt
|-damage|p1a: Toasty|151\/350|[from] item: Rocky Helmet|[of] p2a: Mandibuzz
|faint|p2a: Mandibuzz
|
|
|switch|p2a: Ditto|Ditto|299\/299
|-transform|p2a: Ditto|p1a: Toasty
|turn|11
|
|switch|p1a: Scorvol|Gliscor, F|354\/354
|move|p2a: Ditto|Dragon Claw|p1a: Scorvol
|-damage|p1a: Scorvol|236\/354
|
|-status|p1a: Scorvol|tox|[from] item: Toxic Orb
|turn|12
|
|switch|p2a: Togekiss|Togekiss, F|48\/374
|switch|p1a: Toasty|Charizard, M|151\/350
|-formechange|p1a: Toasty|Charizard-Mega-X
|
|-heal|p2a: Togekiss|71\/374|[from] item: Leftovers
|turn|13
|
|switch|p2a: Ditto|Ditto|299\/299
|-transform|p2a: Ditto|p1a: Toasty
|move|p1a: Toasty|Flare Blitz|p2a: Ditto
|-resisted|p2a: Ditto
|-damage|p2a: Ditto|242\/299
|-damage|p1a: Toasty|132\/350|[from] recoil|[of] p2a: Ditto
|
|turn|14
|
|switch|p1a: Reptar|Tyranitar, F|404\/404
|-weather|Sandstorm
|move|p2a: Ditto|Dragon Claw|p1a: Reptar
|-damage|p1a: Reptar|220\/404
|
|-weather|Sandstorm|[upkeep]
|-damage|p2a: Ditto|224\/299|[from] sandstorm
|turn|15
|
|switch|p2a: Hydreigon|Hydreigon, F|340\/340
|move|p1a: Reptar|Stealth Rock|p2a: Hydreigon
|-sidestart|p2: will-i-am2|move: Stealth Rock
|
|-weather|Sandstorm|[upkeep]
|-damage|p2a: Hydreigon|319\/340|[from] sandstorm
|turn|16
|
|move|p2a: Hydreigon|Draco Meteor|p1a: Reptar
|-damage|p1a: Reptar|24\/404
|-unboost|p2a: Hydreigon|spa|2
|move|p1a: Reptar|Thunder Wave|p2a: Hydreigon
|-status|p2a: Hydreigon|par
|
|-weather|Sandstorm|[upkeep]
|-damage|p2a: Hydreigon|298\/340 par|[from] sandstorm
|turn|17
|
|switch|p1a: Shrapnel|Forretress, M|277\/354
|move|p2a: Hydreigon|Draco Meteor|p1a: Shrapnel
|-resisted|p1a: Shrapnel
|-damage|p1a: Shrapnel|184\/354
|-unboost|p2a: Hydreigon|spa|2
|
|-weather|Sandstorm|[upkeep]
|-damage|p2a: Hydreigon|277\/340 par|[from] sandstorm
|-heal|p1a: Shrapnel|206\/354|[from] item: Leftovers
|turn|18
|
|switch|p2a: Donphan|Donphan, M|343\/384 tox
|-damage|p2a: Donphan|319\/384 tox|[from] Stealth Rock
|move|p1a: Shrapnel|Spikes|p2a: Donphan
|-sidestart|p2: will-i-am2|Spikes
|
|-weather|none
|-heal|p2a: Donphan|343\/384 tox|[from] item: Leftovers
|-heal|p1a: Shrapnel|228\/354|[from] item: Leftovers
|-damage|p2a: Donphan|319\/384 tox|[from] psn
|turn|19
|
|move|p2a: Donphan|Rapid Spin|p1a: Shrapnel
|-resisted|p1a: Shrapnel
|-damage|p1a: Shrapnel|220\/354
|-sideend|p2: will-i-am2|Spikes|[from] move: Rapid Spin|[of] p2a: Donphan
|-sideend|p2: will-i-am2|Stealth Rock|[from] move: Rapid Spin|[of] p2a: Donphan
|move|p1a: Shrapnel|Pain Split|p2a: Donphan
|-sethp|p2a: Donphan|269\/384 tox|p1a: Shrapnel|269\/354|[from] move: Pain Split
|
|-heal|p2a: Donphan|293\/384 tox|[from] item: Leftovers
|-heal|p1a: Shrapnel|291\/354|[from] item: Leftovers
|-damage|p2a: Donphan|245\/384 tox|[from] psn
|turn|20
|
|switch|p2a: Togekiss|Togekiss, F|71\/374
|switch|p1a: Shrooms|Amoonguss, F|424\/424
|
|-heal|p2a: Togekiss|94\/374|[from] item: Leftovers
|turn|21
|
|move|p2a: Togekiss|Air Slash|p1a: Shrooms
|-supereffective|p1a: Shrooms
|-damage|p1a: Shrooms|254\/424
|cant|p1a: Shrooms|flinch
|
|-heal|p2a: Togekiss|117\/374|[from] item: Leftovers
|-heal|p1a: Shrooms|280\/424|[from] item: Black Sludge
|turn|22
|
|move|p2a: Togekiss|Heal Bell|p2a: Togekiss
|-cureteam|p2a: Togekiss|[from] move: HealBell
|move|p1a: Shrooms|Spore|p2a: Togekiss
|-status|p2a: Togekiss|slp
|
|-heal|p2a: Togekiss|140\/374 slp|[from] item: Leftovers
|-heal|p1a: Shrooms|306\/424|[from] item: Black Sludge
|turn|23
|
|switch|p1a: Shrapnel|Forretress, M|291\/354
|cant|p2a: Togekiss|slp
|
|-heal|p2a: Togekiss|163\/374 slp|[from] item: Leftovers
|-heal|p1a: Shrapnel|313\/354|[from] item: Leftovers
|turn|24
|
|switch|p1a: Toasty|Charizard, M|132\/350
|-formechange|p1a: Toasty|Charizard-Mega-X
|cant|p2a: Togekiss|slp
|
|-heal|p2a: Togekiss|186\/374 slp|[from] item: Leftovers
|turn|25
|
|switch|p2a: Donphan|Donphan, M|245\/384
|move|p1a: Toasty|Roost|p1a: Toasty
|-heal|p1a: Toasty|307\/350
|
|-heal|p2a: Donphan|269\/384|[from] item: Leftovers
|turn|26
|
|switch|p1a: Shrapnel|Forretress, M|313\/354
|move|p2a: Donphan|Earthquake|p1a: Shrapnel
|-damage|p1a: Shrapnel|190\/354
|
|-heal|p2a: Donphan|293\/384|[from] item: Leftovers
|-heal|p1a: Shrapnel|212\/354|[from] item: Leftovers
|turn|27
|
|move|p2a: Donphan|Earthquake|p1a: Shrapnel
|-crit|p1a: Shrapnel
|-damage|p1a: Shrapnel|17\/354
|move|p1a: Shrapnel|Spikes|p2a: Donphan
|-sidestart|p2: will-i-am2|Spikes
|
|-heal|p2a: Donphan|317\/384|[from] item: Leftovers
|-heal|p1a: Shrapnel|39\/354|[from] item: Leftovers
|turn|28
|
|move|p2a: Donphan|Earthquake|p1a: Shrapnel
|-damage|p1a: Shrapnel|0 fnt
|faint|p1a: Shrapnel
|
|-heal|p2a: Donphan|341\/384|[from] item: Leftovers
|
|switch|p1a: Shrooms|Amoonguss, F|424\/424
|turn|29
|
|switch|p2a: Registeel|Registeel|359\/364
|-damage|p2a: Registeel|314\/364|[from] Spikes
|move|p1a: Shrooms|Giga Drain|p2a: Registeel
|-resisted|p2a: Registeel
|-damage|p2a: Registeel|290\/364
|
|-heal|p2a: Registeel|312\/364|[from] item: Leftovers
|turn|30
|
|switch|p1a: Reptar|Tyranitar, F|24\/404
|-weather|Sandstorm
|move|p2a: Registeel|Stealth Rock|p1a: Reptar
|-sidestart|p1: Giggling Grannie|move: Stealth Rock
|
|-weather|Sandstorm|[upkeep]
|-heal|p2a: Registeel|334\/364|[from] item: Leftovers
|turn|31
|
|switch|p2a: Donphan|Donphan, M|341\/384
|-damage|p2a: Donphan|293\/384|[from] Spikes
|move|p1a: Reptar|Stealth Rock|p2a: Donphan
|-sidestart|p2: will-i-am2|move: Stealth Rock
|
|-weather|Sandstorm|[upkeep]
|-heal|p2a: Donphan|317\/384|[from] item: Leftovers
|turn|32
|
|switch|p1a: Scorvol|Gliscor, F|236\/354 tox
|-damage|p1a: Scorvol|192\/354 tox|[from] Stealth Rock
|move|p2a: Donphan|Rapid Spin|p1a: Scorvol
|-damage|p1a: Scorvol|176\/354 tox
|-sideend|p2: will-i-am2|Spikes|[from] move: Rapid Spin|[of] p2a: Donphan
|-sideend|p2: will-i-am2|Stealth Rock|[from] move: Rapid Spin|[of] p2a: Donphan
|
|-weather|Sandstorm|[upkeep]
|-heal|p2a: Donphan|341\/384|[from] item: Leftovers
|-heal|p1a: Scorvol|220\/354 tox|[from] ability: Poison Heal
|turn|33
|
|switch|p2a: Togekiss|Togekiss, F|186\/374 slp
|move|p1a: Scorvol|Protect|p1a: Scorvol
|-fail|p1a: Scorvol
|
|-weather|Sandstorm|[upkeep]
|-damage|p2a: Togekiss|163\/374 slp|[from] sandstorm
|-heal|p2a: Togekiss|186\/374 slp|[from] item: Leftovers
|-heal|p1a: Scorvol|264\/354 tox|[from] ability: Poison Heal
|turn|34
|
|move|p1a: Scorvol|Substitute|p1a: Scorvol
|-start|p1a: Scorvol|Substitute
|-damage|p1a: Scorvol|176\/354 tox
|cant|p2a: Togekiss|slp
|
|-weather|none
|-heal|p2a: Togekiss|209\/374 slp|[from] item: Leftovers
|-heal|p1a: Scorvol|220\/354 tox|[from] ability: Poison Heal
|turn|35
|
|move|p1a: Scorvol|Protect|p1a: Scorvol
|-singleturn|p1a: Scorvol|Protect
|-curestatus|p2a: Togekiss|slp
|move|p2a: Togekiss|Air Slash|p1a: Scorvol
|-activate|p1a: Scorvol|Protect
|
|-heal|p2a: Togekiss|232\/374|[from] item: Leftovers
|-heal|p1a: Scorvol|264\/354 tox|[from] ability: Poison Heal
|turn|36
|
|move|p1a: Scorvol|Toxic|p2a: Togekiss
|-status|p2a: Togekiss|tox
|move|p2a: Togekiss|Air Slash|p1a: Scorvol
|-end|p1a: Scorvol|Substitute
|
|-heal|p2a: Togekiss|255\/374 tox|[from] item: Leftovers
|-heal|p1a: Scorvol|308\/354 tox|[from] ability: Poison Heal
|-damage|p2a: Togekiss|232\/374 tox|[from] psn
|turn|37
|
|move|p1a: Scorvol|Protect|p1a: Scorvol
|-singleturn|p1a: Scorvol|Protect
|move|p2a: Togekiss|Heal Bell|p2a: Togekiss
|-cureteam|p2a: Togekiss|[from] move: HealBell
|
|-heal|p2a: Togekiss|255\/374|[from] item: Leftovers
|-heal|p1a: Scorvol|352\/354 tox|[from] ability: Poison Heal
|turn|38
|
|move|p1a: Scorvol|Toxic|p2a: Togekiss|[miss]
|-miss|p1a: Scorvol|p2a: Togekiss
|move|p2a: Togekiss|Air Slash|p1a: Scorvol
|-damage|p1a: Scorvol|219\/354 tox
|
|-heal|p2a: Togekiss|278\/374|[from] item: Leftovers
|-heal|p1a: Scorvol|263\/354 tox|[from] ability: Poison Heal
|turn|39
|
|move|p1a: Scorvol|Toxic|p2a: Togekiss
|-status|p2a: Togekiss|tox
|move|p2a: Togekiss|Air Slash|p1a: Scorvol
|-damage|p1a: Scorvol|140\/354 tox
|
|-heal|p2a: Togekiss|301\/374 tox|[from] item: Leftovers
|-heal|p1a: Scorvol|184\/354 tox|[from] ability: Poison Heal
|-damage|p2a: Togekiss|278\/374 tox|[from] psn
|turn|40
|
|move|p1a: Scorvol|Protect|p1a: Scorvol
|-singleturn|p1a: Scorvol|Protect
|move|p2a: Togekiss|Air Slash|p1a: Scorvol
|-activate|p1a: Scorvol|Protect
|
|-heal|p2a: Togekiss|301\/374 tox|[from] item: Leftovers
|-heal|p1a: Scorvol|228\/354 tox|[from] ability: Poison Heal
|-damage|p2a: Togekiss|255\/374 tox|[from] psn
|turn|41
|
|move|p1a: Scorvol|Substitute|p1a: Scorvol
|-start|p1a: Scorvol|Substitute
|-damage|p1a: Scorvol|140\/354 tox
|move|p2a: Togekiss|Air Slash|p1a: Scorvol
|-end|p1a: Scorvol|Substitute
|
|-heal|p2a: Togekiss|278\/374 tox|[from] item: Leftovers
|-heal|p1a: Scorvol|184\/354 tox|[from] ability: Poison Heal
|-damage|p2a: Togekiss|209\/374 tox|[from] psn
|turn|42
|
|move|p1a: Scorvol|Substitute|p1a: Scorvol
|-start|p1a: Scorvol|Substitute
|-damage|p1a: Scorvol|96\/354 tox
|move|p2a: Togekiss|Heal Bell|p2a: Togekiss
|-cureteam|p2a: Togekiss|[from] move: HealBell
|
|-heal|p2a: Togekiss|232\/374|[from] item: Leftovers
|-heal|p1a: Scorvol|140\/354 tox|[from] ability: Poison Heal
|turn|43
|
|move|p1a: Scorvol|Protect|p1a: Scorvol
|-singleturn|p1a: Scorvol|Protect
|move|p2a: Togekiss|Roost|p2a: Togekiss
|-heal|p2a: Togekiss|374\/374
|
|-heal|p1a: Scorvol|184\/354 tox|[from] ability: Poison Heal
|turn|44
|
|move|p1a: Scorvol|Toxic|p2a: Togekiss
|-status|p2a: Togekiss|tox
|move|p2a: Togekiss|Air Slash|p1a: Scorvol
|-end|p1a: Scorvol|Substitute
|
|-heal|p1a: Scorvol|228\/354 tox|[from] ability: Poison Heal
|-damage|p2a: Togekiss|351\/374 tox|[from] psn
|turn|45
|
|move|p1a: Scorvol|Protect|p1a: Scorvol
|-singleturn|p1a: Scorvol|Protect
|move|p2a: Togekiss|Heal Bell|p2a: Togekiss
|-cureteam|p2a: Togekiss|[from] move: HealBell
|
|-heal|p2a: Togekiss|374\/374|[from] item: Leftovers
|-heal|p1a: Scorvol|272\/354 tox|[from] ability: Poison Heal
|turn|46
|
|move|p1a: Scorvol|Toxic|p2a: Togekiss
|-status|p2a: Togekiss|tox
|move|p2a: Togekiss|Air Slash|p1a: Scorvol
|-damage|p1a: Scorvol|137\/354 tox
|
|-heal|p1a: Scorvol|181\/354 tox|[from] ability: Poison Heal
|-damage|p2a: Togekiss|351\/374 tox|[from] psn
|turn|47
|
|move|p1a: Scorvol|Protect|p1a: Scorvol
|-singleturn|p1a: Scorvol|Protect
|move|p2a: Togekiss|Air Slash|p1a: Scorvol
|-activate|p1a: Scorvol|Protect
|
|-heal|p2a: Togekiss|374\/374 tox|[from] item: Leftovers
|-heal|p1a: Scorvol|225\/354 tox|[from] ability: Poison Heal
|-damage|p2a: Togekiss|328\/374 tox|[from] psn
|turn|48
|
|move|p1a: Scorvol|Substitute|p1a: Scorvol
|-start|p1a: Scorvol|Substitute
|-damage|p1a: Scorvol|137\/354 tox
|move|p2a: Togekiss|Air Slash|p1a: Scorvol
|-end|p1a: Scorvol|Substitute
|
|-heal|p2a: Togekiss|351\/374 tox|[from] item: Leftovers
|-heal|p1a: Scorvol|181\/354 tox|[from] ability: Poison Heal
|-damage|p2a: Togekiss|282\/374 tox|[from] psn
|turn|49
|
|move|p1a: Scorvol|Substitute|p1a: Scorvol
|-start|p1a: Scorvol|Substitute
|-damage|p1a: Scorvol|93\/354 tox
|move|p2a: Togekiss|Heal Bell|p2a: Togekiss
|-cureteam|p2a: Togekiss|[from] move: HealBell
|
|-heal|p2a: Togekiss|305\/374|[from] item: Leftovers
|-heal|p1a: Scorvol|137\/354 tox|[from] ability: Poison Heal
|turn|50
|
|move|p1a: Scorvol|Protect|p1a: Scorvol
|-singleturn|p1a: Scorvol|Protect
|move|p2a: Togekiss|Flamethrower|p1a: Scorvol
|-activate|p1a: Scorvol|Protect
|
|-heal|p2a: Togekiss|328\/374|[from] item: Leftovers
|-heal|p1a: Scorvol|181\/354 tox|[from] ability: Poison Heal
|turn|51
|
|move|p1a: Scorvol|Toxic|p2a: Togekiss
|-status|p2a: Togekiss|tox
|move|p2a: Togekiss|Flamethrower|p1a: Scorvol
|-crit|p1a: Scorvol
|-end|p1a: Scorvol|Substitute
|
|-heal|p2a: Togekiss|351\/374 tox|[from] item: Leftovers
|-heal|p1a: Scorvol|225\/354 tox|[from] ability: Poison Heal
|-damage|p2a: Togekiss|328\/374 tox|[from] psn
|turn|52
|
|move|p1a: Scorvol|Protect|p1a: Scorvol
|-singleturn|p1a: Scorvol|Protect
|move|p2a: Togekiss|Air Slash|p1a: Scorvol
|-activate|p1a: Scorvol|Protect
|
|-heal|p2a: Togekiss|351\/374 tox|[from] item: Leftovers
|-heal|p1a: Scorvol|269\/354 tox|[from] ability: Poison Heal
|-damage|p2a: Togekiss|305\/374 tox|[from] psn
|turn|53
|
|move|p1a: Scorvol|Substitute|p1a: Scorvol
|-start|p1a: Scorvol|Substitute
|-damage|p1a: Scorvol|181\/354 tox
|move|p2a: Togekiss|Air Slash|p1a: Scorvol
|-end|p1a: Scorvol|Substitute
|
|-heal|p2a: Togekiss|328\/374 tox|[from] item: Leftovers
|-heal|p1a: Scorvol|225\/354 tox|[from] ability: Poison Heal
|-damage|p2a: Togekiss|259\/374 tox|[from] psn
|turn|54
|
|move|p1a: Scorvol|Protect|p1a: Scorvol
|-singleturn|p1a: Scorvol|Protect
|move|p2a: Togekiss|Heal Bell|p2a: Togekiss
|-cureteam|p2a: Togekiss|[from] move: HealBell
|
|-heal|p2a: Togekiss|282\/374|[from] item: Leftovers
|-heal|p1a: Scorvol|269\/354 tox|[from] ability: Poison Heal
|turn|55
|
|switch|p2a: Ditto|Ditto|224\/299
|-transform|p2a: Ditto|p1a: Scorvol
|move|p1a: Scorvol|Toxic|p2a: Ditto
|-status|p2a: Ditto|tox
|
|-heal|p2a: Ditto|261\/299 tox|[from] ability: Poison Heal
|-heal|p1a: Scorvol|313\/354 tox|[from] ability: Poison Heal
|turn|56
|
|move|p2a: Ditto|Earthquake|p1a: Scorvol
|-immune|p1a: Scorvol|[msg]
|move|p1a: Scorvol|Substitute|p1a: Scorvol
|-start|p1a: Scorvol|Substitute
|-damage|p1a: Scorvol|225\/354 tox
|
|-heal|p2a: Ditto|298\/299 tox|[from] ability: Poison Heal
|-heal|p1a: Scorvol|269\/354 tox|[from] ability: Poison Heal
|turn|57
|
|move|p2a: Ditto|Earthquake|p1a: Scorvol
|-immune|p1a: Scorvol|[msg]
|move|p1a: Scorvol|Earthquake|p2a: Ditto
|-immune|p2a: Ditto|[msg]
|
|-heal|p2a: Ditto|299\/299 tox|[from] ability: Poison Heal
|-heal|p1a: Scorvol|313\/354 tox|[from] ability: Poison Heal
|turn|58
|
|move|p2a: Ditto|Earthquake|p1a: Scorvol
|-immune|p1a: Scorvol|[msg]
|move|p1a: Scorvol|Earthquake|p2a: Ditto
|-immune|p2a: Ditto|[msg]
|
|-heal|p1a: Scorvol|354\/354 tox|[from] ability: Poison Heal
|turn|59
|
|move|p2a: Ditto|Earthquake|p1a: Scorvol
|-immune|p1a: Scorvol|[msg]
|move|p1a: Scorvol|Earthquake|p2a: Ditto
|-immune|p2a: Ditto|[msg]
|
|turn|60
|
|move|p2a: Ditto|Earthquake|p1a: Scorvol
|-immune|p1a: Scorvol|[msg]
|move|p1a: Scorvol|Toxic|p2a: Ditto
|-fail|p2a: Ditto|tox
|
|turn|61
|
|-activate|p2a: Ditto|move: Struggle
|move|p2a: Ditto|Struggle|p1a: Scorvol
|-activate|p1a: Scorvol|Substitute|[damage]
|-damage|p2a: Ditto|225\/299 tox
|move|p1a: Scorvol|Toxic|p2a: Ditto
|-fail|p2a: Ditto|tox
|
|-heal|p2a: Ditto|262\/299 tox|[from] ability: Poison Heal
|turn|62
|
|switch|p1a: Toasty|Charizard, M|307\/350
|-formechange|p1a: Toasty|Charizard-Mega-X
|-damage|p1a: Toasty|220\/350|[from] Stealth Rock
|-activate|p2a: Ditto|move: Struggle
|move|p2a: Ditto|Struggle|p1a: Toasty
|-damage|p1a: Toasty|188\/350
|-damage|p2a: Ditto|188\/299 tox
|
|-heal|p2a: Ditto|225\/299 tox|[from] ability: Poison Heal
|turn|63
|
|switch|p2a: Donphan|Donphan, M|341\/384
|move|p1a: Toasty|Roost|p1a: Toasty
|-heal|p1a: Toasty|350\/350
|
|-heal|p2a: Donphan|365\/384|[from] item: Leftovers
|turn|64
|
|switch|p1a: Reptar|Tyranitar, F|24\/404
|-damage|p1a: Reptar|0 fnt|[from] Stealth Rock
|faint|p1a: Reptar
|move|p2a: Donphan|Earthquake|p1: Reptar|[notarget]
|-notarget
|
|-heal|p2a: Donphan|384\/384|[from] item: Leftovers
|
|switch|p1a: Shrooms|Amoonguss, F|424\/424
|-damage|p1a: Shrooms|371\/424|[from] Stealth Rock
|turn|65
|
|switch|p2a: Ditto|Ditto|225\/299 tox
|-transform|p2a: Ditto|p1a: Shrooms
|move|p1a: Shrooms|Spore|p2a: Ditto
|-fail|p2a: Ditto
|
|-heal|p1a: Shrooms|397\/424|[from] item: Black Sludge
|-damage|p2a: Ditto|207\/299 tox|[from] psn
|turn|66
|chat|Giggling Grannie|lol i canceled that move
|
|switch|p2a: Hydreigon|Hydreigon, F|277\/340
|switch|p1a: Scorvol|Gliscor, F|354\/354 tox
|-damage|p1a: Scorvol|310\/354 tox|[from] Stealth Rock
|
|-heal|p1a: Scorvol|354\/354 tox|[from] ability: Poison Heal
|turn|67
|
|move|p1a: Scorvol|Protect|p1a: Scorvol
|-singleturn|p1a: Scorvol|Protect
|move|p2a: Hydreigon|Draco Meteor|p1a: Scorvol
|-activate|p1a: Scorvol|Protect
|
|turn|68
|
|switch|p1a: Shrooms|Amoonguss, F|424\/424
|-damage|p1a: Shrooms|371\/424|[from] Stealth Rock
|move|p2a: Hydreigon|Draco Meteor|p1a: Shrooms
|-damage|p1a: Shrooms|70\/424
|-unboost|p2a: Hydreigon|spa|2
|
|-heal|p1a: Shrooms|96\/424|[from] item: Black Sludge
|turn|69
|
|switch|p1a: Scorvol|Gliscor, F|354\/354 tox
|-damage|p1a: Scorvol|310\/354 tox|[from] Stealth Rock
|move|p2a: Hydreigon|Draco Meteor|p1a: Scorvol
|-damage|p1a: Scorvol|85\/354 tox
|-unboost|p2a: Hydreigon|spa|2
|
|-heal|p1a: Scorvol|129\/354 tox|[from] ability: Poison Heal
|turn|70
|
|switch|p2a: Ditto|Ditto|299\/299 tox
|-transform|p2a: Ditto|p1a: Scorvol
|move|p1a: Scorvol|Protect|p1a: Scorvol
|-fail|p1a: Scorvol
|
|-heal|p1a: Scorvol|173\/354 tox|[from] ability: Poison Heal
|turn|71
|
|switch|p1a: Shrooms|Amoonguss, F|237\/424
|-damage|p1a: Shrooms|184\/424|[from] Stealth Rock
|move|p2a: Ditto|Earthquake|p1a: Shrooms
|-damage|p1a: Shrooms|57\/424
|
|-heal|p1a: Shrooms|83\/424|[from] item: Black Sludge
|turn|72
|
|switch|p2a: Hydreigon|Hydreigon, F|277\/340
|move|p1a: Shrooms|Spore|p2a: Hydreigon
|-status|p2a: Hydreigon|slp
|
|-heal|p1a: Shrooms|109\/424|[from] item: Black Sludge
|turn|73
|chat|will-i-am2|nice
|
|switch|p2a: Togekiss|Togekiss, F|282\/374
|switch|p1a: Toasty|Charizard, M|350\/350
|-formechange|p1a: Toasty|Charizard-Mega-X
|-damage|p1a: Toasty|263\/350|[from] Stealth Rock
|
|-heal|p2a: Togekiss|305\/374|[from] item: Leftovers
|turn|74
|
|move|p1a: Toasty|Flare Blitz|p2a: Togekiss
|-damage|p2a: Togekiss|35\/374
|-damage|p1a: Toasty|174\/350|[from] recoil|[of] p2a: Togekiss
|move|p2a: Togekiss|Heal Bell|p2a: Togekiss
|-cureteam|p2a: Togekiss|[from] move: HealBell
|
|-heal|p2a: Togekiss|58\/374|[from] item: Leftovers
|turn|75
|
|switch|p2a: Donphan|Donphan, M|384\/384
|move|p1a: Toasty|Dragon Claw|p2a: Donphan
|-damage|p2a: Donphan|221\/384
|
|-heal|p2a: Donphan|245\/384|[from] item: Leftovers
|turn|76
|
|move|p1a: Toasty|Flare Blitz|p2a: Donphan
|-damage|p2a: Donphan|25\/384
|-damage|p1a: Toasty|101\/350|[from] recoil|[of] p2a: Donphan
|move|p2a: Donphan|Head Smash|p1a: Toasty
|-supereffective|p1a: Toasty
|-damage|p1a: Toasty|0 fnt
|-damage|p2a: Donphan|0 fnt|[from] recoil|[of] p1a: Toasty
|faint|p1a: Toasty
|faint|p2a: Donphan
|
|
|switch|p2a: Hydreigon|Hydreigon, F|277\/340
|switch|p1a: Scorvol|Gliscor, F|173\/354 tox
|-damage|p1a: Scorvol|129\/354 tox|[from] Stealth Rock
|turn|77
|
|move|p1a: Scorvol|Protect|p1a: Scorvol
|-singleturn|p1a: Scorvol|Protect
|move|p2a: Hydreigon|Fire Blast|p1a: Scorvol
|-activate|p1a: Scorvol|Protect
|
|-heal|p1a: Scorvol|173\/354 tox|[from] ability: Poison Heal
|turn|78
|chat|Giggling Grannie|gg
|
|move|p2a: Hydreigon|Fire Blast|p1a: Scorvol
|-damage|p1a: Scorvol|0 fnt
|faint|p1a: Scorvol
|
|chat|will-i-am2|gg
|
|switch|p1a: Shrooms|Amoonguss, F|250\/424
|-damage|p1a: Shrooms|197\/424|[from] Stealth Rock
|turn|79
|
|move|p2a: Hydreigon|Fire Blast|p1a: Shrooms
|-supereffective|p1a: Shrooms
|-damage|p1a: Shrooms|0 fnt
|faint|p1a: Shrooms
|
|win|will-i-am2
|raw|Ladder updating...
|raw|Giggling Grannie's rating: 1810 &rarr; <strong>1788<\/strong><br \/>(-22 for losing)
|raw|will-i-am2's rating: 1777 &rarr; <strong>1799<\/strong><br \/>(+22 for winning)
|leave|Giggling Grannie
|player|p1