|join|kullhadd hekk
|join|Giggling Grannie
|player|p1|kullhadd hekk|169
|player|p2|Giggling Grannie|265
|gametype|singles
|gen|6
|tier|OU
|rated
|clearpoke
|poke|p1|Krookodile, M
|poke|p1|Venusaur, M
|poke|p1|Skarmory, M
|poke|p1|Chansey, F
|poke|p1|Aegislash, M
|poke|p1|Quagsire, M
|poke|p2|Thundurus, M
|poke|p2|Tyranitar, F
|poke|p2|Amoonguss, F
|poke|p2|Gliscor, F
|poke|p2|Forretress, M
|poke|p2|Charizard, M
|rule|Sleep Clause Mod: Limit one foe put to sleep
|rule|Species Clause: Limit one of each Pokemon
|rule|OHKO Clause: OHKO moves are banned
|rule|Moody Clause: Moody is banned
|rule|Evasion Moves Clause: Evasion moves are banned
|rule|Endless Battle Clause: Forcing endless battles is banned.
|rule|HP Percentage Mod: HP is reported as percentages
|teampreview
|
|start
|switch|p1a: Krookodile|Krookodile, M|394\/394
|switch|p2a: Toasty|Charizard, M|350\/350
|-ability|p1a: Krookodile|Intimidate|[of] p2a: Toasty
|-unboost|p2a: Toasty|atk|1
|turn|1
|
|switch|p2a: Shrapnel|Forretress, M|354\/354
|switch|p1a: Chansey|Chansey, F|701\/701
|
|turn|2
|
|switch|p1a: Krookodile|Krookodile, M|394\/394
|-ability|p1a: Krookodile|Intimidate|[of] p2a: Shrapnel
|-unboost|p2a: Shrapnel|atk|1
|move|p2a: Shrapnel|Spikes|p1a: Krookodile
|-sidestart|p1: kullhadd hekk|Spikes
|
|turn|3
|
|move|p1a: Krookodile|Stealth Rock|p2a: Shrapnel
|-sidestart|p2: Giggling Grannie|move: Stealth Rock
|move|p2a: Shrapnel|Toxic|p1a: Krookodile
|-status|p1a: Krookodile|tox
|
|-damage|p1a: Krookodile|370\/394 tox|[from] psn
|turn|4
|
|move|p1a: Krookodile|Knock Off|p2a: Shrapnel
|-damage|p2a: Shrapnel|264\/354
|-enditem|p2a: Shrapnel|Leftovers|[from] move: Knock Off|[of] p1a: Krookodile
|move|p2a: Shrapnel|Spikes|p1a: Krookodile
|-sidestart|p1: kullhadd hekk|Spikes
|
|-heal|p1a: Krookodile|394\/394 tox|[from] item: Leftovers
|-damage|p1a: Krookodile|346\/394 tox|[from] psn
|turn|5
|
|switch|p1a: Aegislash|Aegislash, M|324\/324
|-damage|p1a: Aegislash|270\/324|[from] Spikes
|move|p2a: Shrapnel|Rapid Spin|p1a: Aegislash
|-immune|p1a: Aegislash|[msg]
|
|-heal|p1a: Aegislash|290\/324|[from] item: Leftovers
|turn|6
|
|switch|p2a: Reptar|Tyranitar, F|404\/404
|-damage|p2a: Reptar|354\/404|[from] Stealth Rock
|-weather|Sandstorm
|move|p1a: Aegislash|Substitute|p1a: Aegislash
|-start|p1a: Aegislash|Substitute
|-damage|p1a: Aegislash|209\/324
|
|-weather|Sandstorm|[upkeep]
|-heal|p1a: Aegislash|229\/324|[from] item: Leftovers
|turn|7
|
|move|p2a: Reptar|Stealth Rock|p1a: Aegislash
|-sidestart|p1: kullhadd hekk|move: Stealth Rock
|move|p1a: Aegislash|Toxic|p2a: Reptar
|-status|p2a: Reptar|tox
|
|-weather|Sandstorm|[upkeep]
|-heal|p1a: Aegislash|249\/324|[from] item: Leftovers
|-damage|p2a: Reptar|329\/404 tox|[from] psn
|turn|8
|
|move|p1a: Aegislash|King's Shield|p1a: Aegislash
|-singleturn|p1a: Aegislash|Protect
|move|p2a: Reptar|Pursuit|p1a: Aegislash
|-activate|p1a: Aegislash|Protect
|-unboost|p2a: Reptar|atk|2
|
|-weather|Sandstorm|[upkeep]
|-heal|p1a: Aegislash|269\/324|[from] item: Leftovers
|-damage|p2a: Reptar|279\/404 tox|[from] psn
|turn|9
|
|switch|p2a: Shrooms|Amoonguss, F|424\/424
|-damage|p2a: Shrooms|371\/424|[from] Stealth Rock
|-formechange|p1a: Aegislash|Aegislash-Blade
|move|p1a: Aegislash|Shadow Ball|p2a: Shrooms
|-damage|p2a: Shrooms|230\/424
|
|-weather|Sandstorm|[upkeep]
|-damage|p2a: Shrooms|204\/424|[from] sandstorm
|-heal|p1a: Aegislash|289\/324|[from] item: Leftovers
|-heal|p2a: Shrooms|230\/424|[from] item: Black Sludge
|turn|10
|
|move|p1a: Aegislash|Shadow Ball|p2a: Shrooms
|-crit|p2a: Shrooms
|-damage|p2a: Shrooms|16\/424
|move|p2a: Shrooms|Foul Play|p1a: Aegislash
|-supereffective|p1a: Aegislash
|-end|p1a: Aegislash|Substitute
|
|-weather|none
|-heal|p1a: Aegislash|309\/324|[from] item: Leftovers
|-heal|p2a: Shrooms|42\/424|[from] item: Black Sludge
|turn|11
|
|move|p1a: Aegislash|Substitute|p1a: Aegislash
|-start|p1a: Aegislash|Substitute
|-damage|p1a: Aegislash|228\/324
|move|p2a: Shrooms|Foul Play|p1a: Aegislash
|-supereffective|p1a: Aegislash
|-end|p1a: Aegislash|Substitute
|
|-heal|p1a: Aegislash|248\/324|[from] item: Leftovers
|-heal|p2a: Shrooms|68\/424|[from] item: Black Sludge
|turn|12
|
|switch|p2a: Scorvol|Gliscor, F|354\/354
|-damage|p2a: Scorvol|310\/354|[from] Stealth Rock
|move|p1a: Aegislash|Shadow Ball|p2a: Scorvol
|-crit|p2a: Scorvol
|-damage|p2a: Scorvol|1\/354
|
|-heal|p1a: Aegislash|268\/324|[from] item: Leftovers
|-status|p2a: Scorvol|tox|[from] item: Toxic Orb
|turn|13
|chat|Giggling Grannie|lol more crits
|chat|Giggling Grannie|MORE
|
|switch|p1a: Skarmory|Skarmory, M|333\/333
|-damage|p1a: Skarmory|292\/333|[from] Stealth Rock
|move|p2a: Scorvol|Earthquake|p1a: Skarmory
|-immune|p1a: Skarmory|[msg]
|
|-heal|p2a: Scorvol|45\/354 tox|[from] ability: Poison Heal
|turn|14
|
|switch|p2a: Shrapnel|Forretress, M|264\/354
|-damage|p2a: Shrapnel|220\/354|[from] Stealth Rock
|move|p1a: Skarmory|Defog|p2a: Shrapnel
|-unboost|p2a: Shrapnel|evasion|1
|-sideend|p2: Giggling Grannie|Stealth Rock|[from] move: Defog|[of] p2a: Shrapnel
|-sideend|p1: kullhadd hekk|Spikes|[from] move: Defog|[of] p1a: Skarmory
|-sideend|p1: kullhadd hekk|Stealth Rock|[from] move: Defog|[of] p1a: Skarmory
|
|turn|15
|
|move|p1a: Skarmory|Taunt|p2a: Shrapnel
|-start|p2a: Shrapnel|move: Taunt
|cant|p2a: Shrapnel|move: Taunt|Spikes
|
|turn|16
|
|switch|p1a: Krookodile|Krookodile, M|346\/394 tox
|-ability|p1a: Krookodile|Intimidate|[of] p2a: Shrapnel
|-unboost|p2a: Shrapnel|atk|1
|switch|p2a: Toasty|Charizard, M|350\/350
|
|-heal|p1a: Krookodile|370\/394 tox|[from] item: Leftovers
|-damage|p1a: Krookodile|346\/394 tox|[from] psn
|turn|17
|
|switch|p1a: Chansey|Chansey, F|701\/701
|move|p2a: Toasty|Dragon Dance|p2a: Toasty
|-boost|p2a: Toasty|atk|1
|-boost|p2a: Toasty|spe|1
|
|turn|18
|
|switch|p2a: Shrapnel|Forretress, M|220\/354
|switch|p1a: Quagsire|Quagsire, M|394\/394
|
|turn|19
|
|switch|p1a: Skarmory|Skarmory, M|292\/333
|move|p2a: Shrapnel|Spikes|p1a: Skarmory
|-sidestart|p1: kullhadd hekk|Spikes
|
|turn|20
|
|move|p1a: Skarmory|Defog|p2a: Shrapnel
|-unboost|p2a: Shrapnel|evasion|1
|-sideend|p1: kullhadd hekk|Spikes|[from] move: Defog|[of] p1a: Skarmory
|move|p2a: Shrapnel|Pain Split|p1a: Skarmory
|-sethp|p1a: Skarmory|256\/333|p2a: Shrapnel|256\/354|[from] move: Pain Split
|
|turn|21
|
|switch|p2a: Shrooms|Amoonguss, F|209\/424
|move|p1a: Skarmory|Taunt|p2a: Shrooms
|-start|p2a: Shrooms|move: Taunt
|
|-heal|p2a: Shrooms|235\/424|[from] item: Black Sludge
|turn|22
|
|switch|p1a: Venusaur|Venusaur, M|363\/363
|switch|p2a: Scorvol|Gliscor, F|45\/354 tox
|
|-heal|p2a: Scorvol|89\/354 tox|[from] ability: Poison Heal
|turn|23
|
|-formechange|p1a: Venusaur|Venusaur-Mega
|message|Venusaur has Mega Evolved into Mega Venusaur!
|move|p2a: Scorvol|Protect|p2a: Scorvol
|-singleturn|p2a: Scorvol|Protect
|move|p1a: Venusaur|Giga Drain|p2a: Scorvol
|-activate|p2a: Scorvol|Protect
|
|-heal|p2a: Scorvol|133\/354 tox|[from] ability: Poison Heal
|turn|24
|
|switch|p2a: Shrooms|Amoonguss, F|376\/424
|move|p1a: Venusaur|Giga Drain|p2a: Shrooms
|-resisted|p2a: Shrooms
|-damage|p2a: Shrooms|353\/424
|
|-heal|p2a: Shrooms|379\/424|[from] item: Black Sludge
|turn|25
|
|move|p1a: Venusaur|Sludge Bomb|p2a: Shrooms
|-damage|p2a: Shrooms|274\/424
|move|p2a: Shrooms|Spore|p1a: Venusaur
|-fail|p1a: Venusaur
|
|-heal|p2a: Shrooms|300\/424|[from] item: Black Sludge
|turn|26
|
|switch|p2a: Shrapnel|Forretress, M|256\/354
|move|p1a: Venusaur|Sludge Bomb|p2a: Shrapnel
|-immune|p2a: Shrapnel|[msg]
|
|turn|27
|
|switch|p1a: Skarmory|Skarmory, M|256\/333
|move|p2a: Shrapnel|Spikes|p1a: Skarmory
|-sidestart|p1: kullhadd hekk|Spikes
|
|turn|28
|
|switch|p2a: Scorvol|Gliscor, F|133\/354 tox
|move|p1a: Skarmory|Defog|p2a: Scorvol
|-unboost|p2a: Scorvol|evasion|1
|-sideend|p1: kullhadd hekk|Spikes|[from] move: Defog|[of] p1a: Skarmory
|
|-heal|p2a: Scorvol|177\/354 tox|[from] ability: Poison Heal
|turn|29
|
|switch|p2a: Toasty|Charizard, M|350\/350
|switch|p1a: Krookodile|Krookodile, M|346\/394 tox
|-ability|p1a: Krookodile|Intimidate|[of] p2a: Toasty
|-unboost|p2a: Toasty|atk|1
|
|-heal|p1a: Krookodile|370\/394 tox|[from] item: Leftovers
|-damage|p1a: Krookodile|346\/394 tox|[from] psn
|turn|30
|
|switch|p2a: Scorvol|Gliscor, F|177\/354 tox
|move|p1a: Krookodile|Stealth Rock|p2a: Scorvol
|-sidestart|p2: Giggling Grannie|move: Stealth Rock
|
|-heal|p1a: Krookodile|370\/394 tox|[from] item: Leftovers
|-heal|p2a: Scorvol|221\/354 tox|[from] ability: Poison Heal
|-damage|p1a: Krookodile|322\/394 tox|[from] psn
|turn|31
|
|switch|p1a: Skarmory|Skarmory, M|256\/333
|move|p2a: Scorvol|Toxic|p1a: Skarmory
|-fail|p1a: Skarmory
|
|-heal|p2a: Scorvol|265\/354 tox|[from] ability: Poison Heal
|turn|32
|
|switch|p2a: Toasty|Charizard, M|350\/350
|-damage|p2a: Toasty|175\/350|[from] Stealth Rock
|move|p1a: Skarmory|Taunt|p2a: Toasty
|-start|p2a: Toasty|move: Taunt
|
|turn|33
|
|switch|p1a: Quagsire|Quagsire, M|394\/394
|-formechange|p2a: Toasty|Charizard-Mega-X
|message|Charizard has Mega Evolved into Mega Charizard!
|move|p2a: Toasty|Flare Blitz|p1a: Quagsire
|-crit|p1a: Quagsire
|-resisted|p1a: Quagsire
|-damage|p1a: Quagsire|226\/394
|-damage|p2a: Toasty|120\/350|[from] recoil|[of] p1a: Quagsire
|
|-heal|p1a: Quagsire|250\/394|[from] item: Leftovers
|turn|34
|
|switch|p2a: Shrapnel|Forretress, M|256\/354
|-damage|p2a: Shrapnel|212\/354|[from] Stealth Rock
|move|p1a: Quagsire|Recover|p1a: Quagsire
|-heal|p1a: Quagsire|394\/394
|
|turn|35
|
|switch|p1a: Aegislash|Aegislash, M|268\/324
|move|p2a: Shrapnel|Spikes|p1a: Aegislash
|-sidestart|p1: kullhadd hekk|Spikes
|
|-heal|p1a: Aegislash|288\/324|[from] item: Leftovers
|turn|36
|
|-formechange|p1a: Aegislash|Aegislash-Blade
|move|p1a: Aegislash|Shadow Ball|p2a: Shrapnel
|-damage|p2a: Shrapnel|10\/354
|-unboost|p2a: Shrapnel|spd|1
|move|p2a: Shrapnel|Spikes|p1a: Aegislash
|-sidestart|p1: kullhadd hekk|Spikes
|
|-heal|p1a: Aegislash|308\/324|[from] item: Leftovers
|turn|37
|
|move|p1a: Aegislash|Substitute|p1a: Aegislash
|-start|p1a: Aegislash|Substitute
|-damage|p1a: Aegislash|227\/324
|move|p2a: Shrapnel|Spikes|p1a: Aegislash
|-sidestart|p1: kullhadd hekk|Spikes
|
|-heal|p1a: Aegislash|247\/324|[from] item: Leftovers
|turn|38
|
|switch|p2a: Reptar|Tyranitar, F|279\/404 tox
|-damage|p2a: Reptar|229\/404 tox|[from] Stealth Rock
|-weather|Sandstorm
|move|p1a: Aegislash|Shadow Ball|p2a: Reptar
|-resisted|p2a: Reptar
|-damage|p2a: Reptar|187\/404 tox
|
|-weather|Sandstorm|[upkeep]
|-heal|p1a: Aegislash|267\/324|[from] item: Leftovers
|-damage|p2a: Reptar|162\/404 tox|[from] psn
|turn|39
|
|-formechange|p1a: Aegislash|Aegislash
|move|p1a: Aegislash|King's Shield|p1a: Aegislash
|-singleturn|p1a: Aegislash|Protect
|move|p2a: Reptar|Stealth Rock|p1a: Aegislash
|-sidestart|p1: kullhadd hekk|move: Stealth Rock
|
|-weather|Sandstorm|[upkeep]
|-heal|p1a: Aegislash|287\/324|[from] item: Leftovers
|-damage|p2a: Reptar|112\/404 tox|[from] psn
|turn|40
|
|move|p2a: Reptar|Pursuit|p1a: Aegislash
|-supereffective|p1a: Aegislash
|-end|p1a: Aegislash|Substitute
|move|p1a: Aegislash|Substitute|p1a: Aegislash
|-start|p1a: Aegislash|Substitute
|-damage|p1a: Aegislash|206\/324
|
|-weather|Sandstorm|[upkeep]
|-heal|p1a: Aegislash|226\/324|[from] item: Leftovers
|-damage|p2a: Reptar|37\/404 tox|[from] psn
|turn|41
|
|switch|p2a: Shrooms|Amoonguss, F|424\/424
|-damage|p2a: Shrooms|371\/424|[from] Stealth Rock
|move|p1a: Aegislash|King's Shield|p1a: Aegislash
|-fail|p1a: Aegislash
|
|-weather|Sandstorm|[upkeep]
|-damage|p2a: Shrooms|345\/424|[from] sandstorm
|-heal|p1a: Aegislash|246\/324|[from] item: Leftovers
|-heal|p2a: Shrooms|371\/424|[from] item: Black Sludge
|turn|42
|
|-formechange|p1a: Aegislash|Aegislash-Blade
|move|p1a: Aegislash|Shadow Ball|p2a: Shrooms
|-damage|p2a: Shrooms|212\/424
|move|p2a: Shrooms|Giga Drain|p1a: Aegislash
|-resisted|p1a: Aegislash
|-activate|p1a: Aegislash|Substitute|[damage]
|-heal|p2a: Shrooms|246\/424|[from] drain|[of] p1a: Aegislash
|
|-weather|none
|-heal|p1a: Aegislash|266\/324|[from] item: Leftovers
|-heal|p2a: Shrooms|272\/424|[from] item: Black Sludge
|turn|43
|
|move|p1a: Aegislash|Shadow Ball|p2a: Shrooms
|-damage|p2a: Shrooms|122\/424
|move|p2a: Shrooms|Foul Play|p1a: Aegislash
|-supereffective|p1a: Aegislash
|-end|p1a: Aegislash|Substitute
|
|-heal|p1a: Aegislash|286\/324|[from] item: Leftovers
|-heal|p2a: Shrooms|148\/424|[from] item: Black Sludge
|turn|44
|
|switch|p2a: Shrapnel|Forretress, M|10\/354
|-damage|p2a: Shrapnel|0 fnt|[from] Stealth Rock
|faint|p2a: Shrapnel
|move|p1a: Aegislash|Shadow Ball|p2: Shrapnel|[notarget]
|-notarget
|
|-heal|p1a: Aegislash|306\/324|[from] item: Leftovers
|
|switch|p2a: SURGE|Thundurus, M|305\/305
|-damage|p2a: SURGE|229\/305|[from] Stealth Rock
|turn|45
|
|-formechange|p1a: Aegislash|Aegislash
|move|p1a: Aegislash|King's Shield|p1a: Aegislash
|-singleturn|p1a: Aegislash|Protect
|move|p2a: SURGE|Nasty Plot|p2a: SURGE
|-boost|p2a: SURGE|spa|2
|
|-heal|p1a: Aegislash|324\/324|[from] item: Leftovers
|turn|46
|
|move|p2a: SURGE|Thunderbolt|p1a: Aegislash
|-damage|p1a: Aegislash|35\/324
|-damage|p2a: SURGE|199\/305|[from] item: Life Orb
|-formechange|p1a: Aegislash|Aegislash-Blade
|move|p1a: Aegislash|Shadow Ball|p2a: SURGE
|-damage|p2a: SURGE|0 fnt
|faint|p2a: SURGE
|
|-heal|p1a: Aegislash|55\/324|[from] item: Leftovers
|
|switch|p2a: Toasty|Charizard, M|120\/350
|-formechange|p2a: Toasty|Charizard-Mega-X
|-damage|p2a: Toasty|33\/350|[from] Stealth Rock
|turn|47
|
|move|p2a: Toasty|Roost|p2a: Toasty
|-heal|p2a: Toasty|208\/350
|move|p1a: Aegislash|Shadow Ball|p2a: Toasty
|-damage|p2a: Toasty|10\/350
|-unboost|p2a: Toasty|spd|1
|
|-heal|p1a: Aegislash|75\/324|[from] item: Leftovers
|turn|48
|
|move|p2a: Toasty|Roost|p2a: Toasty
|-heal|p2a: Toasty|185\/350
|move|p1a: Aegislash|Shadow Ball|p2a: Toasty
|-damage|p2a: Toasty|0 fnt
|faint|p2a: Toasty
|
|-heal|p1a: Aegislash|95\/324|[from] item: Leftovers
|-message|Giggling Grannie forfeited.
|
|win|kullhadd hekk
|raw|Ladder updating...
|leave|Giggling Grannie
|player|p2
|raw|kullhadd hekk's rating: 1960 &rarr; <strong>1969<\/strong><br \/>(+9 for winning)
|raw|Giggling Grannie's rating: 1739 &rarr; <strong>1731<\/strong><br \/>(-8 for losing)