|join|Giggling Grannie
|join|psamesf
|player|p1|Giggling Grannie|121
|player|p2|psamesf|244
|gametype|singles
|gen|6
|tier|OU
|rated
|clearpoke
|poke|p1|Amoonguss, F
|poke|p1|Quagsire, M, shiny
|poke|p1|Charizard, F
|poke|p1|Gengar, M
|poke|p1|Chansey, F
|poke|p1|Skarmory, F
|poke|p2|Venusaur, M
|poke|p2|Gliscor, F
|poke|p2|Clefable, F
|poke|p2|Chansey, F
|poke|p2|Suicune
|poke|p2|Zapdos
|rule|Swagger Clause: Swagger is banned
|rule|Baton Pass Clause: Limit one PokÃ©mon knowing Baton Pass
|rule|Sleep Clause Mod: Limit one foe put to sleep
|rule|Species Clause: Limit one of each PokÃ©mon
|rule|OHKO Clause: OHKO moves are banned
|rule|Moody Clause: Moody is banned
|rule|Evasion Moves Clause: Evasion moves are banned
|rule|Endless Battle Clause: Forcing endless battles is banned
|rule|HP Percentage Mod: HP is shown in percentages
|teampreview
|
|start
|switch|p1a: Quagsire|Quagsire, M, shiny|392\/392
|switch|p2a: Venusaur|Venusaur, M|364\/364
|turn|1
|
|switch|p1a: Chansey|Chansey, F|700\/700
|detailschange|p2a: Venusaur|Venusaur-Mega, M
|message|Venusaur has Mega Evolved into Mega Venusaur!
|move|p2a: Venusaur|Knock Off|p1a: Chansey
|-damage|p1a: Chansey|593\/700
|-enditem|p1a: Chansey|Eviolite|[from] move: Knock Off|[of] p2a: Venusaur
|
|turn|2
|
|switch|p2a: Chansey|Chansey, F|642\/642
|move|p1a: Chansey|Seismic Toss|p2a: Chansey
|-damage|p2a: Chansey|542\/642
|
|turn|3
|
|switch|p1a: Charizard|Charizard, F|357\/357
|move|p2a: Chansey|Stealth Rock|p1a: Charizard
|-sidestart|p1: Giggling Grannie|move: Stealth Rock
|
|turn|4
|
|switch|p2a: Gliscor|Gliscor, F|354\/354
|detailschange|p1a: Charizard|Charizard-Mega-X, F
|message|Charizard has Mega Evolved into Mega Charizard!
|move|p1a: Charizard|Dragon Dance|p1a: Charizard
|-boost|p1a: Charizard|atk|1
|-boost|p1a: Charizard|spe|1
|
|turn|5
|
|move|p1a: Charizard|Flare Blitz|p2a: Gliscor
|-damage|p2a: Gliscor|99\/354
|-damage|p1a: Charizard|273\/357|[from] recoil|[of] p2a: Gliscor
|move|p2a: Gliscor|Earthquake|p1a: Charizard
|-supereffective|p1a: Charizard
|-damage|p1a: Charizard|79\/357
|
|-heal|p2a: Gliscor|121\/354|[from] item: Leftovers
|turn|6
|
|switch|p2a: Suicune|Suicune|404\/404
|-ability|p2a: Suicune|Pressure
|move|p1a: Charizard|Dragon Claw|p2a: Suicune
|-damage|p2a: Suicune|215\/404
|
|-heal|p2a: Suicune|240\/404|[from] item: Leftovers
|turn|7
|
|move|p1a: Charizard|Roost|p1a: Charizard
|-heal|p1a: Charizard|258\/357
|move|p2a: Suicune|Rest|p2a: Suicune
|-status|p2a: Suicune|slp
|-heal|p2a: Suicune|404\/404 slp|[silent]
|-status|p2a: Suicune|slp|[from] move: Rest
|
|turn|8
|c|âGiggling Grannie|gg man
|
|move|p1a: Charizard|Dragon Dance|p1a: Charizard
|-boost|p1a: Charizard|atk|1
|-boost|p1a: Charizard|spe|1
|cant|p2a: Suicune|slp
|move|p2a: Suicune|Sleep Talk|p2a: Suicune
|move|p2a: Suicune|Rest|p2a: Suicune|[from]Sleep Talk
|-fail|p2a: Suicune
|
|turn|9
|
|switch|p2a: Clefable|Clefable, F|394\/394
|move|p1a: Charizard|Dragon Claw|p2a: Clefable
|-immune|p2a: Clefable|[msg]
|
|turn|10
|
|move|p1a: Charizard|Flare Blitz|p2a: Clefable
|-damage|p2a: Clefable|157\/394
|-damage|p1a: Charizard|180\/357|[from] recoil|[of] p2a: Clefable
|move|p2a: Clefable|Wish|p2a: Clefable
|
|-heal|p2a: Clefable|181\/394|[from] item: Leftovers
|turn|11
|
|move|p2a: Clefable|Protect|p2a: Clefable
|-singleturn|p2a: Clefable|Protect
|move|p1a: Charizard|Roost|p1a: Charizard
|-heal|p1a: Charizard|357\/357
|
|-heal|p2a: Clefable|378\/394|[from] move: Wish|[wisher] Clefable
|-heal|p2a: Clefable|394\/394|[from] item: Leftovers
|turn|12
|
|move|p1a: Charizard|Dragon Dance|p1a: Charizard
|-boost|p1a: Charizard|atk|1
|-boost|p1a: Charizard|spe|1
|move|p2a: Clefable|Wish|p2a: Clefable
|
|turn|13
|
|move|p1a: Charizard|Dragon Dance|p1a: Charizard
|-boost|p1a: Charizard|atk|1
|-boost|p1a: Charizard|spe|1
|move|p2a: Clefable|Calm Mind|p2a: Clefable
|-boost|p2a: Clefable|spa|1
|-boost|p2a: Clefable|spd|1
|
|turn|14
|c|âGiggling Grannie|ooh
|
|switch|p1a: Skarmory|Skarmory, F|334\/334
|-damage|p1a: Skarmory|293\/334|[from] Stealth Rock
|move|p2a: Clefable|Wish|p2a: Clefable
|
|turn|15
|
|switch|p2a: Gliscor|Gliscor, F|121\/354
|move|p1a: Skarmory|Stealth Rock|p2a: Gliscor
|-sidestart|p2: psamesf|move: Stealth Rock
|
|-heal|p2a: Gliscor|318\/354|[from] move: Wish|[wisher] Clefable
|-heal|p2a: Gliscor|340\/354|[from] item: Leftovers
|turn|16
|
|switch|p1a: Gengar|Gengar, M|264\/264
|-damage|p1a: Gengar|231\/264|[from] Stealth Rock
|move|p2a: Gliscor|Defog|p1a: Gengar
|-unboost|p1a: Gengar|evasion|1
|-sideend|p1: Giggling Grannie|Stealth Rock|[from] move: Defog|[of] p1a: Gengar
|-sideend|p2: psamesf|Stealth Rock|[from] move: Defog|[of] p2a: Gliscor
|
|-heal|p1a: Gengar|247\/264|[from] item: Black Sludge
|-heal|p2a: Gliscor|354\/354|[from] item: Leftovers
|turn|17
|
|switch|p2a: Chansey|Chansey, F|542\/642
|move|p1a: Gengar|Will-O-Wisp|p2a: Chansey
|-status|p2a: Chansey|brn
|
|-heal|p1a: Gengar|263\/264|[from] item: Black Sludge
|-damage|p2a: Chansey|462\/642 brn|[from] brn
|turn|18
|
|move|p1a: Gengar|Taunt|p2a: Chansey
|-start|p2a: Chansey|move: Taunt
|cant|p2a: Chansey|move: Taunt|Stealth Rock
|
|-heal|p1a: Gengar|264\/264|[from] item: Black Sludge
|-damage|p2a: Chansey|382\/642 brn|[from] brn
|turn|19
|
|switch|p2a: Suicune|Suicune|404\/404 slp
|-ability|p2a: Suicune|Pressure
|move|p1a: Gengar|Will-O-Wisp|p2a: Suicune
|-fail|p2a: Suicune
|
|turn|20
|
|switch|p1a: Skarmory|Skarmory, F|293\/334
|cant|p2a: Suicune|slp
|move|p2a: Suicune|Sleep Talk|p2a: Suicune
|move|p2a: Suicune|Scald|p1a: Skarmory|[from]Sleep Talk
|-damage|p1a: Skarmory|179\/334
|
|turn|21
|
|switch|p2a: Gliscor|Gliscor, F|354\/354
|move|p1a: Skarmory|Stealth Rock|p2a: Gliscor
|-sidestart|p2: psamesf|move: Stealth Rock
|
|turn|22
|
|move|p2a: Gliscor|Defog|p1a: Skarmory
|-unboost|p1a: Skarmory|evasion|1
|-sideend|p2: psamesf|Stealth Rock|[from] move: Defog|[of] p2a: Gliscor
|move|p1a: Skarmory|Roost|p1a: Skarmory
|-heal|p1a: Skarmory|334\/334
|
|turn|23
|
|move|p2a: Gliscor|Fire Fang|p1a: Skarmory
|-supereffective|p1a: Skarmory
|-damage|p1a: Skarmory|280\/334
|-damage|p2a: Gliscor|295\/354|[from] item: Rocky Helmet|[of] p1a: Skarmory
|move|p1a: Skarmory|Stealth Rock|p2a: Gliscor
|-sidestart|p2: psamesf|move: Stealth Rock
|
|-heal|p2a: Gliscor|317\/354|[from] item: Leftovers
|turn|24
|
|switch|p1a: Quagsire|Quagsire, M, shiny|392\/392
|move|p2a: Gliscor|Defog|p1a: Quagsire
|-unboost|p1a: Quagsire|evasion|1
|-sideend|p2: psamesf|Stealth Rock|[from] move: Defog|[of] p2a: Gliscor
|
|-heal|p2a: Gliscor|339\/354|[from] item: Leftovers
|turn|25
|
|switch|p2a: Chansey|Chansey, F|382\/642
|move|p1a: Quagsire|Scald|p2a: Chansey
|-damage|p2a: Chansey|349\/642
|
|turn|26
|
|switch|p1a: Charizard|Charizard-Mega-X, F|357\/357
|move|p2a: Chansey|Soft-Boiled|p2a: Chansey
|-heal|p2a: Chansey|642\/642
|
|turn|27
|
|move|p1a: Charizard|Dragon Dance|p1a: Charizard
|-boost|p1a: Charizard|atk|1
|-boost|p1a: Charizard|spe|1
|move|p2a: Chansey|Stealth Rock|p1a: Charizard
|-sidestart|p1: Giggling Grannie|move: Stealth Rock
|
|turn|28
|
|switch|p2a: Suicune|Suicune|404\/404 slp
|-ability|p2a: Suicune|Pressure
|move|p1a: Charizard|Flare Blitz|p2a: Suicune
|-resisted|p2a: Suicune
|-damage|p2a: Suicune|265\/404 slp
|-damage|p1a: Charizard|311\/357|[from] recoil|[of] p2a: Suicune
|
|-heal|p2a: Suicune|290\/404 slp|[from] item: Leftovers
|turn|29
|
|move|p1a: Charizard|Flare Blitz|p2a: Suicune
|-resisted|p2a: Suicune
|-damage|p2a: Suicune|146\/404 slp
|-damage|p1a: Charizard|263\/357|[from] recoil|[of] p2a: Suicune
|-curestatus|p2a: Suicune|slp
|move|p2a: Suicune|Scald|p1a: Charizard
|-damage|p1a: Charizard|178\/357
|
|-heal|p2a: Suicune|171\/404|[from] item: Leftovers
|turn|30
|
|switch|p2a: Clefable|Clefable, F|394\/394
|move|p1a: Charizard|Flare Blitz|p2a: Clefable
|-damage|p2a: Clefable|150\/394
|-damage|p1a: Charizard|97\/357|[from] recoil|[of] p2a: Clefable
|
|-heal|p2a: Clefable|174\/394|[from] item: Leftovers
|turn|31
|
|move|p1a: Charizard|Flare Blitz|p2a: Clefable
|-damage|p2a: Clefable|0 fnt
|-damage|p1a: Charizard|40\/357|[from] recoil|[of] p2a: Clefable
|faint|p2a: Clefable
|
|
|switch|p2a: Gliscor|Gliscor, F|339\/354
|turn|32
|c|âGiggling Grannie|threat eliminated
|
|switch|p1a: Skarmory|Skarmory, F|280\/334
|-damage|p1a: Skarmory|239\/334|[from] Stealth Rock
|move|p2a: Gliscor|Earthquake|p1a: Skarmory
|-immune|p1a: Skarmory|[msg]
|
|-heal|p2a: Gliscor|354\/354|[from] item: Leftovers
|turn|33
|
|move|p2a: Gliscor|Fire Fang|p1a: Skarmory
|-supereffective|p1a: Skarmory
|-damage|p1a: Skarmory|183\/334
|-damage|p2a: Gliscor|295\/354|[from] item: Rocky Helmet|[of] p1a: Skarmory
|cant|p1a: Skarmory|flinch
|
|-heal|p2a: Gliscor|317\/354|[from] item: Leftovers
|turn|34
|
|move|p2a: Gliscor|Fire Fang|p1a: Skarmory
|-supereffective|p1a: Skarmory
|-damage|p1a: Skarmory|125\/334
|-damage|p2a: Gliscor|258\/354|[from] item: Rocky Helmet|[of] p1a: Skarmory
|move|p1a: Skarmory|Defog|p2a: Gliscor
|-unboost|p2a: Gliscor|evasion|1
|-sideend|p1: Giggling Grannie|Stealth Rock|[from] move: Defog|[of] p1a: Skarmory
|
|-heal|p2a: Gliscor|280\/354|[from] item: Leftovers
|turn|35
|
|move|p2a: Gliscor|Fire Fang|p1a: Skarmory
|-supereffective|p1a: Skarmory
|-damage|p1a: Skarmory|71\/334
|-damage|p2a: Gliscor|221\/354|[from] item: Rocky Helmet|[of] p1a: Skarmory
|move|p1a: Skarmory|Roost|p1a: Skarmory
|-heal|p1a: Skarmory|238\/334
|
|-heal|p2a: Gliscor|243\/354|[from] item: Leftovers
|turn|36
|
|move|p2a: Gliscor|Roost|p2a: Gliscor
|-heal|p2a: Gliscor|354\/354
|move|p1a: Skarmory|Stealth Rock|p2a: Gliscor
|-sidestart|p2: psamesf|move: Stealth Rock
|
|turn|37
|
|switch|p1a: Quagsire|Quagsire, M, shiny|392\/392
|move|p2a: Gliscor|Defog|p1a: Quagsire
|-unboost|p1a: Quagsire|evasion|1
|-sideend|p2: psamesf|Stealth Rock|[from] move: Defog|[of] p2a: Gliscor
|
|turn|38
|
|switch|p2a: Suicune|Suicune|171\/404
|-ability|p2a: Suicune|Pressure
|move|p1a: Quagsire|Scald|p2a: Suicune
|-crit|p2a: Suicune
|-resisted|p2a: Suicune
|-damage|p2a: Suicune|130\/404
|-status|p2a: Suicune|brn
|
|-heal|p2a: Suicune|155\/404 brn|[from] item: Leftovers
|-damage|p2a: Suicune|105\/404 brn|[from] brn
|turn|39
|
|move|p2a: Suicune|Rest|p2a: Suicune
|-status|p2a: Suicune|slp
|-heal|p2a: Suicune|404\/404 slp|[silent]
|-status|p2a: Suicune|slp|[from] move: Rest
|move|p1a: Quagsire|Curse|p1a: Quagsire
|-boost|p1a: Quagsire|atk|1
|-boost|p1a: Quagsire|def|1
|-unboost|p1a: Quagsire|spe|1
|
|turn|40
|
|switch|p2a: Zapdos|Zapdos|384\/384
|-ability|p2a: Zapdos|Pressure
|switch|p1a: Charizard|Charizard-Mega-X, F|40\/357
|
|turn|41
|
|move|p1a: Charizard|Roost|p1a: Charizard
|-heal|p1a: Charizard|219\/357
|move|p2a: Zapdos|Toxic|p1a: Charizard
|-status|p1a: Charizard|tox
|
|-damage|p1a: Charizard|197\/357 tox|[from] psn
|turn|42
|
|move|p1a: Charizard|Roost|p1a: Charizard
|-heal|p1a: Charizard|357\/357 tox
|move|p2a: Zapdos|Substitute|p2a: Zapdos
|-start|p2a: Zapdos|Substitute
|-damage|p2a: Zapdos|288\/384
|
|-heal|p2a: Zapdos|312\/384|[from] item: Leftovers
|-damage|p1a: Charizard|313\/357 tox|[from] psn
|turn|43
|c|âGiggling Grannie|oooh
|
|switch|p1a: Amoonguss|Amoonguss, F|424\/424
|move|p2a: Zapdos|Substitute|p2a: Zapdos
|-fail|p2a: Zapdos|move: Substitute
|
|-heal|p2a: Zapdos|336\/384|[from] item: Leftovers
|turn|44
|
|switch|p1a: Quagsire|Quagsire, M, shiny|392\/392
|move|p2a: Zapdos|Thunderbolt|p1a: Quagsire
|-immune|p1a: Quagsire|[msg]
|
|-heal|p2a: Zapdos|360\/384|[from] item: Leftovers
|turn|45
|
|switch|p1a: Amoonguss|Amoonguss, F|424\/424
|move|p2a: Zapdos|Toxic|p1a: Amoonguss
|-fail|p1a: Amoonguss
|
|-heal|p2a: Zapdos|384\/384|[from] item: Leftovers
|turn|46
|
|switch|p2a: Venusaur|Venusaur-Mega, M|364\/364
|move|p1a: Amoonguss|Foul Play|p2a: Venusaur
|-damage|p2a: Venusaur|306\/364
|
|turn|47
|
|switch|p1a: Chansey|Chansey, F|593\/700
|move|p2a: Venusaur|Knock Off|p1a: Chansey
|-damage|p1a: Chansey|482\/700
|
|turn|48
|
|switch|p2a: Chansey|Chansey, F|642\/642
|move|p1a: Chansey|Heal Bell|p1a: Chansey
|-cureteam|p1a: Chansey|[from] move: HealBell
|
|turn|49
|
|switch|p1a: Skarmory|Skarmory, F|238\/334
|move|p2a: Chansey|Stealth Rock|p1a: Skarmory
|-sidestart|p1: Giggling Grannie|move: Stealth Rock
|
|turn|50
|
|switch|p2a: Venusaur|Venusaur-Mega, M|306\/364
|move|p1a: Skarmory|Stealth Rock|p2a: Venusaur
|-sidestart|p2: psamesf|move: Stealth Rock
|
|turn|51
|
|switch|p1a: Chansey|Chansey, F|482\/700
|-damage|p1a: Chansey|395\/700|[from] Stealth Rock
|move|p2a: Venusaur|Knock Off|p1a: Chansey
|-damage|p1a: Chansey|299\/700
|
|turn|52
|
|switch|p2a: Suicune|Suicune|404\/404 slp
|-damage|p2a: Suicune|354\/404 slp|[from] Stealth Rock
|-ability|p2a: Suicune|Pressure
|move|p1a: Chansey|Soft-Boiled|p1a: Chansey
|-heal|p1a: Chansey|649\/700
|
|-heal|p2a: Suicune|379\/404 slp|[from] item: Leftovers
|turn|53
|
|switch|p1a: Amoonguss|Amoonguss, F|424\/424
|-damage|p1a: Amoonguss|371\/424|[from] Stealth Rock
|cant|p2a: Suicune|slp
|move|p2a: Suicune|Sleep Talk|p2a: Suicune
|move|p2a: Suicune|Calm Mind|p2a: Suicune|[from]Sleep Talk
|-boost|p2a: Suicune|spa|1
|-boost|p2a: Suicune|spd|1
|
|-heal|p2a: Suicune|404\/404 slp|[from] item: Leftovers
|-heal|p1a: Amoonguss|397\/424|[from] item: Black Sludge
|turn|54
|
|cant|p2a: Suicune|slp
|move|p2a: Suicune|Sleep Talk|p2a: Suicune
|move|p2a: Suicune|Calm Mind|p2a: Suicune|[from]Sleep Talk
|-boost|p2a: Suicune|spa|1
|-boost|p2a: Suicune|spd|1
|move|p1a: Amoonguss|Clear Smog|p2a: Suicune
|-damage|p2a: Suicune|382\/404 slp
|-clearboost|p2a: Suicune
|
|-heal|p2a: Suicune|404\/404 slp|[from] item: Leftovers
|-heal|p1a: Amoonguss|423\/424|[from] item: Black Sludge
|turn|55
|
|switch|p2a: Venusaur|Venusaur-Mega, M|306\/364
|-damage|p2a: Venusaur|261\/364|[from] Stealth Rock
|move|p1a: Amoonguss|Giga Drain|p2a: Venusaur
|-resisted|p2a: Venusaur
|-damage|p2a: Venusaur|250\/364
|-heal|p1a: Amoonguss|424\/424|[from] drain|[of] p2a: Venusaur
|
|turn|56
|
|switch|p2a: Gliscor|Gliscor, F|354\/354
|-damage|p2a: Gliscor|310\/354|[from] Stealth Rock
|switch|p1a: Chansey|Chansey, F|649\/700
|-damage|p1a: Chansey|562\/700|[from] Stealth Rock
|
|-heal|p2a: Gliscor|332\/354|[from] item: Leftovers
|turn|57
|
|move|p2a: Gliscor|Earthquake|p1a: Chansey
|-damage|p1a: Chansey|327\/700
|move|p1a: Chansey|Seismic Toss|p2a: Gliscor
|-damage|p2a: Gliscor|232\/354
|
|-heal|p2a: Gliscor|254\/354|[from] item: Leftovers
|turn|58
|
|move|p2a: Gliscor|Fire Fang|p1a: Chansey
|-damage|p1a: Chansey|235\/700
|cant|p1a: Chansey|flinch
|
|-heal|p2a: Gliscor|276\/354|[from] item: Leftovers
|turn|59
|c|âGiggling Grannie|0 Atk Gliscor Earthquake vs. 236 HP \/ 248+ Def Chansey: 205-243 (29.2 - 34.7%) -- 8.4% chance to 3HKO
|
|move|p2a: Gliscor|Earthquake|p1a: Chansey
|-damage|p1a: Chansey|12\/700
|move|p1a: Chansey|Soft-Boiled|p1a: Chansey
|-heal|p1a: Chansey|362\/700
|
|-heal|p2a: Gliscor|298\/354|[from] item: Leftovers
|turn|60
|
|move|p2a: Gliscor|Fire Fang|p1a: Chansey
|-damage|p1a: Chansey|265\/700
|move|p1a: Chansey|Soft-Boiled|p1a: Chansey
|-heal|p1a: Chansey|615\/700
|
|-heal|p2a: Gliscor|320\/354|[from] item: Leftovers
|turn|61
|
|switch|p1a: Quagsire|Quagsire, M, shiny|392\/392
|-damage|p1a: Quagsire|368\/392|[from] Stealth Rock
|move|p2a: Gliscor|Earthquake|p1a: Quagsire
|-damage|p1a: Quagsire|283\/392
|
|-heal|p2a: Gliscor|342\/354|[from] item: Leftovers
|-heal|p1a: Quagsire|307\/392|[from] item: Leftovers
|turn|62
|
|switch|p2a: Suicune|Suicune|404\/404 slp
|-damage|p2a: Suicune|354\/404 slp|[from] Stealth Rock
|-ability|p2a: Suicune|Pressure
|move|p1a: Quagsire|Curse|p1a: Quagsire
|-boost|p1a: Quagsire|atk|1
|-boost|p1a: Quagsire|def|1
|-unboost|p1a: Quagsire|spe|1
|
|-heal|p2a: Suicune|379\/404 slp|[from] item: Leftovers
|-heal|p1a: Quagsire|331\/392|[from] item: Leftovers
|turn|63
|
|-curestatus|p2a: Suicune|slp
|move|p2a: Suicune|Scald|p1a: Quagsire
|-damage|p1a: Quagsire|214\/392
|-status|p1a: Quagsire|brn
|move|p1a: Quagsire|Earthquake|p2a: Suicune
|-damage|p2a: Suicune|331\/404
|
|-heal|p2a: Suicune|356\/404|[from] item: Leftovers
|-heal|p1a: Quagsire|238\/392 brn|[from] item: Leftovers
|-damage|p1a: Quagsire|189\/392 brn|[from] brn
|turn|64
|
|move|p2a: Suicune|Scald|p1a: Quagsire
|-crit|p1a: Quagsire
|-damage|p1a: Quagsire|24\/392 brn
|move|p1a: Quagsire|Recover|p1a: Quagsire
|-heal|p1a: Quagsire|220\/392 brn
|
|-heal|p2a: Suicune|381\/404|[from] item: Leftovers
|-heal|p1a: Quagsire|244\/392 brn|[from] item: Leftovers
|-damage|p1a: Quagsire|195\/392 brn|[from] brn
|turn|65
|
|switch|p2a: Venusaur|Venusaur-Mega, M|250\/364
|-damage|p2a: Venusaur|205\/364|[from] Stealth Rock
|move|p1a: Quagsire|Recover|p1a: Quagsire
|-heal|p1a: Quagsire|391\/392 brn
|
|-heal|p1a: Quagsire|392\/392 brn|[from] item: Leftovers
|-damage|p1a: Quagsire|343\/392 brn|[from] brn
|turn|66
|
|switch|p1a: Skarmory|Skarmory, F|238\/334
|-damage|p1a: Skarmory|197\/334|[from] Stealth Rock
|move|p2a: Venusaur|Rest|p2a: Venusaur
|-status|p2a: Venusaur|slp
|-heal|p2a: Venusaur|364\/364 slp|[silent]
|-status|p2a: Venusaur|slp|[from] move: Rest
|
|turn|67
|
|switch|p1a: Gengar|Gengar, M|264\/264
|-damage|p1a: Gengar|231\/264|[from] Stealth Rock
|switch|p2a: Gliscor|Gliscor, F|342\/354
|-damage|p2a: Gliscor|298\/354|[from] Stealth Rock
|
|-heal|p1a: Gengar|247\/264|[from] item: Black Sludge
|-heal|p2a: Gliscor|320\/354|[from] item: Leftovers
|turn|68
|
|switch|p2a: Suicune|Suicune|381\/404
|-damage|p2a: Suicune|331\/404|[from] Stealth Rock
|-ability|p2a: Suicune|Pressure
|move|p1a: Gengar|Shadow Ball|p2a: Suicune
|-damage|p2a: Suicune|213\/404
|
|-heal|p1a: Gengar|263\/264|[from] item: Black Sludge
|-heal|p2a: Suicune|238\/404|[from] item: Leftovers
|turn|69
|
|move|p1a: Gengar|Shadow Ball|p2a: Suicune
|-damage|p2a: Suicune|115\/404
|move|p2a: Suicune|Scald|p1a: Gengar
|-crit|p1a: Gengar
|-damage|p1a: Gengar|107\/264
|
|-heal|p1a: Gengar|123\/264|[from] item: Black Sludge
|-heal|p2a: Suicune|140\/404|[from] item: Leftovers
|turn|70
|
|switch|p1a: Charizard|Charizard-Mega-X, F|313\/357
|-damage|p1a: Charizard|224\/357|[from] Stealth Rock
|move|p2a: Suicune|Scald|p1a: Charizard
|-damage|p1a: Charizard|130\/357
|
|-heal|p2a: Suicune|165\/404|[from] item: Leftovers
|turn|71
|
|switch|p2a: Gliscor|Gliscor, F|320\/354
|-damage|p2a: Gliscor|276\/354|[from] Stealth Rock
|move|p1a: Charizard|Dragon Dance|p1a: Charizard
|-boost|p1a: Charizard|atk|1
|-boost|p1a: Charizard|spe|1
|
|-heal|p2a: Gliscor|298\/354|[from] item: Leftovers
|turn|72
|
|switch|p1a: Gengar|Gengar, M|123\/264
|-damage|p1a: Gengar|90\/264|[from] Stealth Rock
|move|p2a: Gliscor|Earthquake|p1a: Gengar
|-immune|p1a: Gengar|[msg]
|
|-heal|p1a: Gengar|106\/264|[from] item: Black Sludge
|-heal|p2a: Gliscor|320\/354|[from] item: Leftovers
|turn|73
|join|FakeDragon
|
|switch|p2a: Chansey|Chansey, F|642\/642
|-damage|p2a: Chansey|562\/642|[from] Stealth Rock
|move|p1a: Gengar|Will-O-Wisp|p2a: Chansey
|-status|p2a: Chansey|brn
|
|-heal|p1a: Gengar|122\/264|[from] item: Black Sludge
|-damage|p2a: Chansey|482\/642 brn|[from] brn
|turn|74
|
|switch|p2a: Zapdos|Zapdos|384\/384
|-damage|p2a: Zapdos|288\/384|[from] Stealth Rock
|-ability|p2a: Zapdos|Pressure
|move|p1a: Gengar|Taunt|p2a: Zapdos
|-start|p2a: Zapdos|move: Taunt
|
|-heal|p1a: Gengar|138\/264|[from] item: Black Sludge
|-heal|p2a: Zapdos|312\/384|[from] item: Leftovers
|turn|75
|
|switch|p1a: Amoonguss|Amoonguss, F|424\/424
|-damage|p1a: Amoonguss|371\/424|[from] Stealth Rock
|move|p2a: Zapdos|Thunderbolt|p1a: Amoonguss
|-resisted|p1a: Amoonguss
|-damage|p1a: Amoonguss|306\/424
|
|-heal|p2a: Zapdos|336\/384|[from] item: Leftovers
|-heal|p1a: Amoonguss|332\/424|[from] item: Black Sludge
|turn|76
|leave|FakeDragon
|
|switch|p2a: Venusaur|Venusaur-Mega, M|364\/364 slp
|-damage|p2a: Venusaur|319\/364 slp|[from] Stealth Rock
|move|p1a: Amoonguss|Spore|p2a: Venusaur
|-fail|p2a: Venusaur
|
|-heal|p1a: Amoonguss|358\/424|[from] item: Black Sludge
|turn|77
|
|cant|p2a: Venusaur|slp
|move|p2a: Venusaur|Sleep Talk|p2a: Venusaur
|move|p2a: Venusaur|Knock Off|p1a: Amoonguss|[from]Sleep Talk
|-damage|p1a: Amoonguss|274\/424
|-enditem|p1a: Amoonguss|Black Sludge|[from] move: Knock Off|[of] p2a: Venusaur
|move|p1a: Amoonguss|Spore|p2a: Venusaur
|-fail|p2a: Venusaur
|
|turn|78
|join|Christcrusher
|
|switch|p1a: Skarmory|Skarmory, F|197\/334
|-damage|p1a: Skarmory|156\/334|[from] Stealth Rock
|cant|p2a: Venusaur|slp
|move|p2a: Venusaur|Sleep Talk|p2a: Venusaur
|move|p2a: Venusaur|Rest|p2a: Venusaur|[from]Sleep Talk
|-fail|p2a: Venusaur
|
|turn|79
|join|Dialgaa
|
|move|p1a: Skarmory|Defog|p2a: Venusaur
|-unboost|p2a: Venusaur|evasion|1
|-sideend|p2: psamesf|Stealth Rock|[from] move: Defog|[of] p2a: Venusaur
|-sideend|p1: Giggling Grannie|Stealth Rock|[from] move: Defog|[of] p1a: Skarmory
|-curestatus|p2a: Venusaur|slp
|move|p2a: Venusaur|Knock Off|p1a: Skarmory
|-damage|p1a: Skarmory|111\/334
|-damage|p2a: Venusaur|259\/364|[from] item: Rocky Helmet|[of] p1a: Skarmory
|-enditem|p1a: Skarmory|Rocky Helmet|[from] move: Knock Off|[of] p2a: Venusaur
|
|turn|80
|c| Christcrusher|yall some stallas
|c| Dialgaa|wow
|
|switch|p2a: Gliscor|Gliscor, F|320\/354
|move|p1a: Skarmory|Roost|p1a: Skarmory
|-heal|p1a: Skarmory|278\/334
|
|-heal|p2a: Gliscor|342\/354|[from] item: Leftovers
|turn|81
|join|abc9
|c| Dialgaa|you copied a team
|c|âpsamesf|who
|c| Christcrusher|who
|c| Dialgaa|its a defog gliscor
|c| Dialgaa|psamesf
|c| Dialgaa|you copied ateam
|c|âpsamesf|uhh
|c|âpsamesf|i posted that rmt
|c|âpsamesf|i'm porii sames
|
|move|p2a: Gliscor|Fire Fang|p1a: Skarmory
|-crit|p1a: Skarmory
|-supereffective|p1a: Skarmory
|-damage|p1a: Skarmory|188\/334
|move|p1a: Skarmory|Stealth Rock|p2a: Gliscor
|-sidestart|p2: psamesf|move: Stealth Rock
|
|-heal|p2a: Gliscor|354\/354|[from] item: Leftovers
|turn|82
|
|move|p2a: Gliscor|Defog|p1a: Skarmory
|-unboost|p1a: Skarmory|evasion|1
|-sideend|p2: psamesf|Stealth Rock|[from] move: Defog|[of] p2a: Gliscor
|move|p1a: Skarmory|Roost|p1a: Skarmory
|-heal|p1a: Skarmory|334\/334
|
|turn|83
|
|move|p2a: Gliscor|Fire Fang|p1a: Skarmory
|-supereffective|p1a: Skarmory
|-damage|p1a: Skarmory|276\/334
|move|p1a: Skarmory|Stealth Rock|p2a: Gliscor
|-sidestart|p2: psamesf|move: Stealth Rock
|
|turn|84
|join|JoseArH
|c| Dialgaa|Really?
|c| Dialgaa|:0000
|c| Christcrusher|porri sames
|join|rayray559
|c|âpsamesf|uh huh
|join|Luis2112
|c| Christcrusher|your name is porri?
|c| Christcrusher|are you italian>
|c|âpsamesf|un yeah
|c| Dialgaa|Senpai
|
|move|p2a: Gliscor|Defog|p1a: Skarmory
|-unboost|p1a: Skarmory|evasion|1
|-sideend|p2: psamesf|Stealth Rock|[from] move: Defog|[of] p2a: Gliscor
|move|p1a: Skarmory|Stealth Rock|p2a: Gliscor
|-sidestart|p2: psamesf|move: Stealth Rock
|
|turn|85
|c|âpsamesf|porii, get it right
|c| Dialgaa|I could learn from you
|c| Dialgaa|Ive been using your team
|c|âpsamesf|no shit?
|c| JoseArH|jus attack f*ck
|join|Toxicara
|c| Christcrusher|i like porri better
|
|move|p2a: Gliscor|Fire Fang|p1a: Skarmory
|-supereffective|p1a: Skarmory
|-damage|p1a: Skarmory|222\/334
|move|p1a: Skarmory|Stealth Rock|p2a: Gliscor
|-fail|p2a: Gliscor
|
|turn|86
|c| Dialgaa|taunt can really skrew this team
|
|move|p2a: Gliscor|Defog|p1a: Skarmory
|-unboost|p1a: Skarmory|evasion|1
|-sideend|p2: psamesf|Stealth Rock|[from] move: Defog|[of] p2a: Gliscor
|move|p1a: Skarmory|Roost|p1a: Skarmory
|-heal|p1a: Skarmory|334\/334
|
|turn|87
|c|âpsamesf|depends on who's taunting
|
|switch|p2a: Zapdos|Zapdos|336\/384
|-ability|p2a: Zapdos|Pressure
|move|p1a: Skarmory|Stealth Rock|p2a: Zapdos
|-sidestart|p2: psamesf|move: Stealth Rock
|
|-heal|p2a: Zapdos|360\/384|[from] item: Leftovers
|turn|88
|join|Pokati
|c| Dialgaa|Can you be my tutor
|
|switch|p2a: Chansey|Chansey, F|482\/642
|-damage|p2a: Chansey|402\/642|[from] Stealth Rock
|switch|p1a: Charizard|Charizard-Mega-X, F|130\/357
|
|turn|89
|c| Christcrusher|lol
|join|CorruptedBacon
|c|âpsamesf|college shit
|
|switch|p2a: Gliscor|Gliscor, F|354\/354
|-damage|p2a: Gliscor|310\/354|[from] Stealth Rock
|move|p1a: Charizard|Roost|p1a: Charizard
|-heal|p1a: Charizard|309\/357
|
|-heal|p2a: Gliscor|332\/354|[from] item: Leftovers
|turn|90
|c| Christcrusher|just suck his dick already dialgaa
|c|âpsamesf|i couldn't tutor myself
|
|switch|p1a: Gengar|Gengar, M|138\/264
|move|p2a: Gliscor|Earthquake|p1a: Gengar
|-immune|p1a: Gengar|[msg]
|
|-heal|p1a: Gengar|154\/264|[from] item: Black Sludge
|-heal|p2a: Gliscor|354\/354|[from] item: Leftovers
|turn|91
|
|switch|p2a: Venusaur|Venusaur-Mega, M|259\/364
|-damage|p2a: Venusaur|214\/364|[from] Stealth Rock
|move|p1a: Gengar|Will-O-Wisp|p2a: Venusaur
|-status|p2a: Venusaur|brn
|
|-heal|p1a: Gengar|170\/264|[from] item: Black Sludge
|-damage|p2a: Venusaur|169\/364 brn|[from] brn
|turn|92
|
|move|p1a: Gengar|Taunt|p2a: Venusaur
|-start|p2a: Venusaur|move: Taunt
|move|p2a: Venusaur|Knock Off|p1a: Gengar
|-supereffective|p1a: Gengar
|-damage|p1a: Gengar|48\/264
|-enditem|p1a: Gengar|Black Sludge|[from] move: Knock Off|[of] p2a: Venusaur
|
|-damage|p2a: Venusaur|124\/364 brn|[from] brn
|turn|93
|c| Dialgaa|I like Skarmory better with the team
|c|âpsamesf|i've been testing both
|c|âpsamesf|zap makes you not autolose to taunt mgard
|
|switch|p2a: Zapdos|Zapdos|360\/384
|-damage|p2a: Zapdos|264\/384|[from] Stealth Rock
|-ability|p2a: Zapdos|Pressure
|move|p1a: Gengar|Shadow Ball|p2a: Zapdos
|-damage|p2a: Zapdos|158\/384
|-unboost|p2a: Zapdos|spd|1
|
|-heal|p2a: Zapdos|182\/384|[from] item: Leftovers
|turn|94
|
|switch|p1a: Charizard|Charizard-Mega-X, F|309\/357
|move|p2a: Zapdos|Thunderbolt|p1a: Charizard
|-resisted|p1a: Charizard
|-damage|p1a: Charizard|241\/357
|
|-heal|p2a: Zapdos|206\/384|[from] item: Leftovers
|turn|95
|c| Dialgaa|Zapdos puts in a lot of work, especially with Pressure
|
|switch|p2a: Gliscor|Gliscor, F|354\/354
|-damage|p2a: Gliscor|310\/354|[from] Stealth Rock
|move|p1a: Charizard|Flare Blitz|p2a: Gliscor
|-damage|p2a: Gliscor|145\/354
|-damage|p1a: Charizard|187\/357|[from] recoil|[of] p2a: Gliscor
|
|-heal|p2a: Gliscor|167\/354|[from] item: Leftovers
|turn|96
|c|âpsamesf|skarm>glisc has potential nowadays
|join|Snuggle P. Wuggles
|c|âpsamesf|so does making a move
|join|Tutux5
|c| Dialgaa|Mega Mawile is gone in OU 
|join|paa-kun
|join|Eboniz
|join|Annie1712
|join|ShatterTid
|
|move|p1a: Charizard|Flare Blitz|p2a: Gliscor
|-damage|p2a: Gliscor|1\/354
|-damage|p1a: Charizard|132\/357|[from] recoil|[of] p2a: Gliscor
|move|p2a: Gliscor|Roost|p2a: Gliscor
|-heal|p2a: Gliscor|178\/354
|
|-heal|p2a: Gliscor|200\/354|[from] item: Leftovers
|turn|97
|join|Placenta
|c| Dialgaa|Where the people coming from?
|
|move|p1a: Charizard|Flare Blitz|p2a: Gliscor
|-damage|p2a: Gliscor|29\/354
|-damage|p1a: Charizard|76\/357|[from] recoil|[of] p2a: Gliscor
|move|p2a: Gliscor|Roost|p2a: Gliscor
|-heal|p2a: Gliscor|206\/354
|
|-heal|p2a: Gliscor|228\/354|[from] item: Leftovers
|turn|98
|c| Dialgaa|Your that famous?
|
|move|p1a: Charizard|Roost|p1a: Charizard
|-heal|p1a: Charizard|255\/357
|move|p2a: Gliscor|Earthquake|p1a: Charizard
|-supereffective|p1a: Charizard
|-damage|p1a: Charizard|73\/357
|
|-heal|p2a: Gliscor|250\/354|[from] item: Leftovers
|turn|99
|c|âpsamesf|nah, just high rated i guess
|c| Placenta|you guys are the first ones on watch a battle
|
|switch|p1a: Quagsire|Quagsire, M, shiny|343\/392 brn
|move|p2a: Gliscor|Earthquake|p1a: Quagsire
|-damage|p1a: Quagsire|259\/392 brn
|
|-heal|p2a: Gliscor|272\/354|[from] item: Leftovers
|-heal|p1a: Quagsire|283\/392 brn|[from] item: Leftovers
|-damage|p1a: Quagsire|234\/392 brn|[from] brn
|turn|100
|c|âpsamesf|shitty match for that
|
|switch|p2a: Chansey|Chansey, F|402\/642
|-damage|p2a: Chansey|322\/642|[from] Stealth Rock
|switch|p1a: Gengar|Gengar, M|48\/264
|
|turn|101
|join|abootman
|leave|Eboniz
|c| Dialgaa|Anyways, ive found that Gyro Ball from Ferrothorn can really do a lot of damage to the team
|c|âpsamesf|nah
|c| Snuggle P. Wuggles|powerful gengar
|join|gugaw37
|c|âpsamesf|you can pp stall it okay
|
|move|p1a: Gengar|Shadow Ball|p2a: Chansey
|-immune|p2a: Chansey|[msg]
|move|p2a: Chansey|Heal Bell|p2a: Chansey
|-cureteam|p2a: Chansey|[from] move: HealBell
|
|turn|102
|c| Snuggle P. Wuggles|POWERFUL GENGAR
|join|TheBeesh
|c| Dialgaa|Suicune is the only thing that can really take it but
|c| Snuggle P. Wuggles|WHAT HAVE YOU DONE?
|
|switch|p2a: Suicune|Suicune|165\/404
|-damage|p2a: Suicune|115\/404|[from] Stealth Rock
|-ability|p2a: Suicune|Pressure
|move|p1a: Gengar|Taunt|p2a: Suicune
|-start|p2a: Suicune|move: Taunt
|
|-heal|p2a: Suicune|140\/404|[from] item: Leftovers
|turn|103
|c| Dialgaa|Power Whip can do damage
|c|âGiggling Grannie|choking
|c|âpsamesf|nah
|c|âGiggling Grannie|the game away
|c|âGiggling Grannie|:(
|leave|Christcrusher
|c|âpsamesf|zap can pp stall it okay
|join|smam
|leave|smam
|c|âpsamesf|spikes gives me troubles sometimes
|leave|Tutux5
|c| Snuggle P. Wuggles|bruh why is your gengar some butt?
|join|ItzMike
|join|smam
|join|spino13
|join|gravitywells3482
|leave|ShatterTid
|leave|gugaw37
|leave|Annie1712
|join|ShatterTid
|join|tythenoob
|
|switch|p1a: Chansey|Chansey, F|615\/700
|move|p2a: Suicune|Scald|p1a: Chansey
|-damage|p1a: Chansey|530\/700
|-status|p1a: Chansey|brn
|
|-heal|p2a: Suicune|165\/404|[from] item: Leftovers
|-damage|p1a: Chansey|443\/700 brn|[from] brn
|turn|104
|c| Snuggle P. Wuggles|this is some high level stuff bruh
|join|Annie1712
|join|blazeaire
|
|switch|p1a: Charizard|Charizard-Mega-X, F|73\/357
|move|p2a: Suicune|Scald|p1a: Charizard
|-damage|p1a: Charizard|0 fnt
|faint|p1a: Charizard
|
|-heal|p2a: Suicune|190\/404|[from] item: Leftovers
|leave|CorruptedBacon
|-message|Giggling Grannie forfeited.
|
|win|psamesf
|raw|Ladder updating...
|leave|Giggling Grannie
|player|p1
|leave|ShatterTid
|c| Snuggle P. Wuggles|DAYUM
|raw|Giggling Grannie's rating: 1764 &rarr; <strong>1743<\/strong><br \/>(-21 for losing)
|raw|psamesf's rating: 1748 &rarr; <strong>1769<\/strong><br \/>(+21 for winning)
|c|âpsamesf|get raped
|leave|Annie1712
|leave|spino13
|leave|ItzMike
|leave|TheBeesh
|leave|Luis2112
|leave|paa-kun
|c| Snuggle P. Wuggles|BRUUUUH
|c| Dialgaa|Lord Psamesf
|leave|Placenta
|leave|tythenoob
|leave|psamesf
|player|p2
|c| Snuggle P. Wuggles|BRUUUUUUUUUUUUUUUUUUUUUUUH
|leave|abootman
|leave|smam
|leave|rayray559
|leave|Snuggle P. Wuggles
|leave|Pokati
|leave|JoseArH