|join|LT1A BLUNDER
|join|Giggling Grannie
|player|p1|LT1A BLUNDER|102
|player|p2|Giggling Grannie|69
|gametype|singles
|gen|6
|tier|OU
|rated
|clearpoke
|poke|p1|Diggersby, F
|poke|p1|Latias, F
|poke|p1|Azumarill, F
|poke|p1|Garchomp, F
|poke|p1|Magnezone
|poke|p1|Pinsir, M
|poke|p2|Amoonguss, F
|poke|p2|Charizard, F
|poke|p2|Chansey, F
|poke|p2|Gengar, F
|poke|p2|Suicune
|poke|p2|Skarmory, F
|rule|Swagger Clause: Swagger is banned
|rule|Baton Pass Clause: Limit one PokÃ©mon knowing Baton Pass
|rule|Sleep Clause Mod: Limit one foe put to sleep
|rule|Species Clause: Limit one of each PokÃ©mon
|rule|OHKO Clause: OHKO moves are banned
|rule|Moody Clause: Moody is banned
|rule|Evasion Moves Clause: Evasion moves are banned
|rule|Endless Battle Clause: Forcing endless battles is banned
|rule|HP Percentage Mod: HP is shown in percentages
|teampreview
|join|Omfuga
|join|FORNEVERWORLD
|join|lt1a kratosmana
|join|LT1A PadeliBR
|join|LT1A Lolprinze
|join|Soulgazer
|join|bouff
|join|Lolprinze
|join|Seismit0ad
|
|start
|switch|p1a: Garchomp|Garchomp, F|358\/358
|switch|p2a: Gengar|Gengar, F|264\/264
|turn|1
|join|Dudeman130498
|
|move|p2a: Gengar|Shadow Ball|p1a: Garchomp
|-damage|p1a: Garchomp|146\/358
|-damage|p2a: Gengar|238\/264|[from] item: Life Orb
|move|p1a: Garchomp|Stealth Rock|p2a: Gengar
|-sidestart|p2: Giggling Grannie|move: Stealth Rock
|
|turn|2
|leave|Lolprinze
|
|move|p2a: Gengar|Shadow Ball|p1a: Garchomp
|-damage|p1a: Garchomp|0 fnt
|-damage|p2a: Gengar|212\/264|[from] item: Life Orb
|faint|p1a: Garchomp
|
|
|switch|p1a: Magnezone|Magnezone|282\/282
|turn|3
|join|YoungLegend
|join|Shoxx
|
|move|p1a: Magnezone|Volt Switch|p2a: Gengar
|-damage|p2a: Gengar|62\/264
|join|gagfta
|
|switch|p1a: Azumarill|Azumarill, F|397\/397
|move|p2a: Gengar|Pain Split|p1a: Azumarill
|-sethp|p1a: Azumarill|229\/397|p2a: Gengar|229\/264|[from] move: Pain Split
|
|turn|4
|
|switch|p2a: Amoonguss|Amoonguss, F|424\/424
|-damage|p2a: Amoonguss|371\/424|[from] Stealth Rock
|move|p1a: Azumarill|Aqua Jet|p2a: Amoonguss
|-resisted|p2a: Amoonguss
|-damage|p2a: Amoonguss|323\/424
|
|-heal|p2a: Amoonguss|349\/424|[from] item: Black Sludge
|turn|5
|join|Rewer
|join|LT!A Bouff
|join|LT1A Bouff
|c| YoungLegend|hai bouff
|
|switch|p2a: Skarmory|Skarmory, F|334\/334
|-damage|p2a: Skarmory|293\/334|[from] Stealth Rock
|move|p1a: Azumarill|Knock Off|p2a: Skarmory
|-damage|p2a: Skarmory|212\/334
|-damage|p1a: Azumarill|163\/397|[from] item: Rocky Helmet|[of] p2a: Skarmory
|-enditem|p2a: Skarmory|Rocky Helmet|[from] move: Knock Off|[of] p1a: Azumarill
|
|turn|6
|
|switch|p1a: Magnezone|Magnezone|282\/282
|move|p2a: Skarmory|Defog|p1a: Magnezone
|-unboost|p1a: Magnezone|evasion|1
|-sideend|p2: Giggling Grannie|Stealth Rock|[from] move: Defog|[of] p2a: Skarmory
|
|turn|7
|join|aaape
|
|move|p1a: Magnezone|Volt Switch|p2a: Skarmory
|-supereffective|p2a: Skarmory
|-damage|p2a: Skarmory|0 fnt
|faint|p2a: Skarmory
|
|switch|p1a: Latias|Latias, F|302\/302
|
|
|switch|p2a: Chansey|Chansey, F|700\/700
|turn|8
|
|move|p1a: Latias|Psyshock|p2a: Chansey
|-crit|p2a: Chansey
|-damage|p2a: Chansey|367\/700
|-damage|p1a: Latias|272\/302|[from] item: Life Orb
|move|p2a: Chansey|Stealth Rock|p1a: Latias
|-sidestart|p1: LT1A BLUNDER|move: Stealth Rock
|
|turn|9
|
|move|p1a: Latias|Defog|p2a: Chansey
|-unboost|p2a: Chansey|evasion|1
|-sideend|p1: LT1A BLUNDER|Stealth Rock|[from] move: Defog|[of] p1a: Latias
|move|p2a: Chansey|Thunder Wave|p1a: Latias
|-status|p1a: Latias|par
|
|turn|10
|c| Omfuga|LOL
|
|switch|p1a: Diggersby|Diggersby, F|311\/311
|move|p2a: Chansey|Stealth Rock|p1a: Diggersby
|-sidestart|p1: LT1A BLUNDER|move: Stealth Rock
|
|turn|11
|c| Omfuga|giggling grannie suck my dick
|c| Omfuga|jesus
|
|switch|p1a: Azumarill|Azumarill, F|163\/397
|-damage|p1a: Azumarill|114\/397|[from] Stealth Rock
|switch|p2a: Amoonguss|Amoonguss, F|424\/424
|
|turn|12
|join|Pleasure Kitten
|
|move|p1a: Azumarill|Knock Off|p2a: Amoonguss
|-damage|p2a: Amoonguss|268\/424
|-enditem|p2a: Amoonguss|Black Sludge|[from] move: Knock Off|[of] p1a: Azumarill
|move|p2a: Amoonguss|Spore|p1a: Azumarill
|-status|p1a: Azumarill|slp
|
|turn|13
|c|+Pleasure Kitten|no sap sipper
|c|+Pleasure Kitten|=(
|
|switch|p1a: Latias|Latias, F|272\/302 par
|-damage|p1a: Latias|235\/302 par|[from] Stealth Rock
|switch|p2a: Charizard|Charizard, F|357\/357
|
|turn|14
|leave|aaape
|c| FORNEVERWORLD|DASH
|
|move|p2a: Charizard|Dragon Dance|p2a: Charizard
|-boost|p2a: Charizard|atk|1
|-boost|p2a: Charizard|spe|1
|cant|p1a: Latias|par
|
|turn|15
|
|detailschange|p2a: Charizard|Charizard-Mega-X, F
|message|Charizard has Mega Evolved into Mega Charizard!
|move|p2a: Charizard|Dragon Claw|p1a: Latias
|-supereffective|p1a: Latias
|-damage|p1a: Latias|0 fnt
|faint|p1a: Latias
|
|c|âLT1A BLUNDER|not like i won with pinsir when i fogged
|c|âLT1A BLUNDER|great game
|-message|LT1A BLUNDER forfeited.
|
|win|Giggling Grannie
|raw|Ladder updating...
|leave|LT1A BLUNDER
|player|p1
|join|Geomanzer Paw
|raw|LT1A BLUNDER's rating: 1875 &rarr; <strong>1855<\/strong><br \/>(-20 for losing)
|raw|Giggling Grannie's rating: 1886 &rarr; <strong>1906<\/strong><br \/>(+20 for winning)
|join|Ned Kelly
|leave|Giggling Grannie
|player|p2
|leave|YoungLegend
|leave|Pleasure Kitten
|leave|Geomanzer Paw
|leave|LT1A Bouff
|leave|FORNEVERWORLD
|leave|gagfta
|leave|LT1A Lolprinze
|leave|Omfuga
|leave|Dudeman130498
|join|SAGA
|leave|Ned Kelly
|leave|Soulgazer
|join|LT1A Sergi
|leave|LT1A PadeliBR
|leave|SAGA
|join|SAGA
|leave|SAGA
|leave|LT1A Sergi
|leave|Seismit0ad
|leave|Rewer
|leave|Shoxx
|join|LT1A PadeliBR
|join|uCan'tSeeMe
|join|SAGA
|leave|uCan'tSeeMe
|leave|SAGA
|leave|LT1A PadeliBR
|join|Rodri18
|leave|Rodri18
|join|ebin pu king
|leave|ebin pu king
|leave|lt1a kratosmana