|join|Giggling Grannie
|join|ferpderpp
|player|p1|Giggling Grannie|121
|player|p2|ferpderpp|170
|gametype|singles
|gen|6
|tier|OU
|rated
|clearpoke
|poke|p1|Thundurus, M
|poke|p1|Gothitelle, M
|poke|p1|Diancie
|poke|p1|Tentacruel, M
|poke|p1|Ferrothorn, F
|poke|p1|Gliscor, F
|poke|p2|Scizor, F
|poke|p2|Scolipede, F
|poke|p2|Landorus-Therian, M
|poke|p2|Latias, F
|poke|p2|Bisharp, F
|poke|p2|Keldeo
|rule|Swagger Clause: Swagger is banned
|rule|Baton Pass Clause: Limit one PokÃ©mon knowing Baton Pass
|rule|Sleep Clause Mod: Limit one foe put to sleep
|rule|Species Clause: Limit one of each PokÃ©mon
|rule|OHKO Clause: OHKO moves are banned
|rule|Moody Clause: Moody is banned
|rule|Evasion Moves Clause: Evasion moves are banned
|rule|Endless Battle Clause: Forcing endless battles is banned
|rule|HP Percentage Mod: HP is shown in percentages
|teampreview
|
|start
|switch|p1a: Surge|Thundurus, M|304\/304
|switch|p2a: Scolipede|Scolipede, F|261\/261
|turn|1
|
|move|p1a: Surge|Nasty Plot|p1a: Surge
|-boost|p1a: Surge|spa|2
|move|p2a: Scolipede|Spikes|p1a: Surge
|-sidestart|p1: Giggling Grannie|Spikes
|
|-boost|p2a: Scolipede|spe|1|[from] ability: Speed Boost
|turn|2
|
|move|p2a: Scolipede|Spikes|p1a: Surge
|-sidestart|p1: Giggling Grannie|Spikes
|move|p1a: Surge|Thunderbolt|p2a: Scolipede
|-enditem|p2a: Scolipede|Focus Sash
|-damage|p2a: Scolipede|1\/261
|-damage|p1a: Surge|274\/304|[from] item: Life Orb
|
|-boost|p2a: Scolipede|spe|1|[from] ability: Speed Boost
|turn|3
|
|move|p2a: Scolipede|Endeavor|p1a: Surge
|-damage|p1a: Surge|1\/304
|move|p1a: Surge|Hidden Power|p2a: Scolipede
|-damage|p2a: Scolipede|0 fnt
|-damage|p1a: Surge|0 fnt|[from] item: Life Orb
|faint|p2a: Scolipede
|faint|p1a: Surge
|
|
|switch|p2a: Latias|Latias, F|301\/301
|switch|p1a: Thorns|Ferrothorn, F|352\/352
|-damage|p1a: Thorns|294\/352|[from] Spikes
|turn|4
|
|switch|p2a: Scizor|Scizor, F|287\/287
|move|p1a: Thorns|Leech Seed|p2a: Scizor
|-start|p2a: Scizor|move: Leech Seed
|
|-heal|p1a: Thorns|316\/352|[from] item: Leftovers
|-damage|p2a: Scizor|252\/287|[from] Leech Seed|[of] p1a: Thorns
|-heal|p1a: Thorns|351\/352|[silent]
|turn|5
|
|switch|p2a: Keldeo|Keldeo|323\/323
|switch|p1a: Squidward|Tentacruel, M|362\/362
|-damage|p1a: Squidward|302\/362|[from] Spikes
|
|-heal|p1a: Squidward|324\/362|[from] item: Black Sludge
|turn|6
|
|move|p2a: Keldeo|Hidden Power|p1a: Squidward
|-supereffective|p1a: Squidward
|-damage|p1a: Squidward|184\/362
|move|p1a: Squidward|Rapid Spin|p2a: Keldeo
|-damage|p2a: Keldeo|311\/323
|-sideend|p1: Giggling Grannie|Spikes|[from] move: Rapid Spin|[of] p1a: Squidward
|
|-heal|p1a: Squidward|206\/362|[from] item: Black Sludge
|turn|7
|
|switch|p2a: Latias|Latias, F|301\/301
|move|p1a: Squidward|Toxic Spikes|p2a: Latias
|-sidestart|p2: ferpderpp|move: Toxic Spikes
|
|-heal|p1a: Squidward|228\/362|[from] item: Black Sludge
|turn|8
|
|switch|p1a: Thorns|Ferrothorn, F|351\/352
|move|p2a: Latias|Trick|p1a: Thorns
|-activate|p2a: Latias|move: Trick|[of] p1a: Thorns
|-item|p1a: Thorns|Choice Scarf|[from] move: Trick
|-item|p2a: Latias|Leftovers|[from] move: Trick
|
|turn|9
|
|switch|p2a: Scizor|Scizor, F|252\/287
|move|p1a: Thorns|Stealth Rock|p2a: Scizor
|-sidestart|p2: ferpderpp|move: Stealth Rock
|
|turn|10
|
|switch|p1a: Squidward|Tentacruel, M|228\/362
|detailschange|p2a: Scizor|Scizor-Mega, F
|-mega|p2a: Scizor|Scizor|Scizorite
|move|p2a: Scizor|Swords Dance|p2a: Scizor
|-boost|p2a: Scizor|atk|2
|
|-heal|p1a: Squidward|250\/362|[from] item: Black Sludge
|turn|11
|c|âGiggling Grannie|BURN
|
|move|p2a: Scizor|Bug Bite|p1a: Squidward
|-resisted|p1a: Squidward
|-damage|p1a: Squidward|21\/362
|move|p1a: Squidward|Scald|p2a: Scizor
|-damage|p2a: Scizor|179\/287
|
|-heal|p1a: Squidward|43\/362|[from] item: Black Sludge
|turn|12
|
|move|p2a: Scizor|Bug Bite|p1a: Squidward
|-resisted|p1a: Squidward
|-damage|p1a: Squidward|0 fnt
|faint|p1a: Squidward
|
|
|switch|p1a: Queer|Gothitelle, M|301\/301
|turn|13
|c|âGiggling Grannie|+2 252+ Atk Technician Mega Scizor Bullet Punch vs. 80 HP \/ 0 Def Gothitelle: 250-295 (83 - 98%) -- guaranteed 2HKO
|c|âGiggling Grannie|hurry up
|
|move|p2a: Scizor|Bullet Punch|p1a: Queer
|-damage|p1a: Queer|39\/301
|move|p1a: Queer|Hidden Power|p2a: Scizor
|-supereffective|p2a: Scizor
|-damage|p2a: Scizor|0 fnt
|faint|p2a: Scizor
|
|
|switch|p2a: Keldeo|Keldeo|311\/323
|-status|p2a: Keldeo|psn
|-damage|p2a: Keldeo|291\/323 psn|[from] Stealth Rock
|turn|14
|
|move|p1a: Queer|Hidden Power|p2a: Keldeo
|-resisted|p2a: Keldeo
|-damage|p2a: Keldeo|260\/323 psn
|move|p2a: Keldeo|Scald|p1a: Queer
|-damage|p1a: Queer|0 fnt
|faint|p1a: Queer
|
|-damage|p2a: Keldeo|220\/323 psn|[from] psn
|
|switch|p1a: Thorns|Ferrothorn, F|351\/352
|turn|15
|
|switch|p2a: Bisharp|Bisharp, F|271\/271
|-damage|p2a: Bisharp|255\/271|[from] Stealth Rock
|move|p1a: Thorns|Leech Seed|p2a: Bisharp
|-start|p2a: Bisharp|move: Leech Seed
|
|-damage|p2a: Bisharp|222\/271|[from] Leech Seed|[of] p1a: Thorns
|-heal|p1a: Thorns|352\/352|[silent]
|turn|16
|c|âGiggling Grannie|fuck
|
|move|p2a: Bisharp|Swords Dance|p2a: Bisharp
|-boost|p2a: Bisharp|atk|2
|move|p1a: Thorns|Leech Seed|p2a: Bisharp
|-fail|p2a: Bisharp
|
|-damage|p2a: Bisharp|189\/271|[from] Leech Seed|[of] p1a: Thorns
|turn|17
|
|move|p2a: Bisharp|Swords Dance|p2a: Bisharp
|-boost|p2a: Bisharp|atk|2
|move|p1a: Thorns|Leech Seed|p2a: Bisharp
|-fail|p2a: Bisharp
|
|-damage|p2a: Bisharp|156\/271|[from] Leech Seed|[of] p1a: Thorns
|turn|18
|
|switch|p1a: Diancie|Diancie|260\/260
|move|p2a: Bisharp|Knock Off|p1a: Diancie
|-resisted|p1a: Diancie
|-damage|p1a: Diancie|92\/260
|-damage|p2a: Bisharp|129\/271|[from] item: Life Orb
|
|-damage|p2a: Bisharp|96\/271|[from] Leech Seed|[of] p1a: Diancie
|-heal|p1a: Diancie|125\/260|[silent]
|turn|19
|
|detailschange|p1a: Diancie|Diancie-Mega
|-mega|p1a: Diancie|Diancie|Diancite
|move|p2a: Bisharp|Knock Off|p1a: Diancie
|-resisted|p1a: Diancie
|-damage|p1a: Diancie|0 fnt
|-damage|p2a: Bisharp|69\/271|[from] item: Life Orb
|faint|p1a: Diancie
|
|
|switch|p1a: Scorvol|Gliscor, F|354\/354
|turn|20
|
|move|p1a: Scorvol|Protect|p1a: Scorvol
|-singleturn|p1a: Scorvol|Protect
|move|p2a: Bisharp|Knock Off|p1a: Scorvol
|-activate|p1a: Scorvol|Protect
|
|-damage|p2a: Bisharp|36\/271|[from] Leech Seed|[of] p1a: Scorvol
|-status|p1a: Scorvol|tox|[from] item: Toxic Orb
|turn|21
|
|move|p2a: Bisharp|Knock Off|p1a: Scorvol
|-damage|p1a: Scorvol|0 fnt
|-enditem|p1a: Scorvol|Toxic Orb|[from] move: Knock Off|[of] p2a: Bisharp
|-damage|p2a: Bisharp|9\/271|[from] item: Life Orb
|faint|p1a: Scorvol
|
|-message|Giggling Grannie forfeited.
|leave|Giggling Grannie
|
|win|ferpderpp
|raw|Ladder updating...
|player|p1
|raw|Giggling Grannie's rating: 1607 &rarr; <strong>1583<\/strong><br \/>(-24 for losing)
|raw|ferpderpp's rating: 1535 &rarr; <strong>1559<\/strong><br \/>(+24 for winning)