|join|Mega-Nido
|join|Giggling Grannie
|player|p1|Mega-Nido|266
|player|p2|Giggling Grannie|121
|gametype|singles
|gen|6
|tier|OU
|rated
|clearpoke
|poke|p1|Gliscor, F
|poke|p1|Scizor, F
|poke|p1|Rotom-Wash
|poke|p1|Gothitelle, M
|poke|p1|Ditto
|poke|p1|Chansey, F
|poke|p2|Gardevoir, F
|poke|p2|Mandibuzz, F, shiny
|poke|p2|Azumarill, M
|poke|p2|Ferrothorn, F
|poke|p2|Gengar, M
|poke|p2|Chansey, F
|rule|Swagger Clause: Swagger is banned
|rule|Baton Pass Clause: Limit one PokÃ©mon knowing Baton Pass
|rule|Sleep Clause Mod: Limit one foe put to sleep
|rule|Species Clause: Limit one of each PokÃ©mon
|rule|OHKO Clause: OHKO moves are banned
|rule|Moody Clause: Moody is banned
|rule|Evasion Moves Clause: Evasion moves are banned
|rule|Endless Battle Clause: Forcing endless battles is banned
|rule|HP Percentage Mod: HP is shown in percentages
|teampreview
|c|âGiggling Grannie|lol what a faggy team bro
|c|âMega-Nido|lol nice mandibuzz and chansey bro
|
|start
|switch|p1a: Gothitelle|Gothitelle, M|301\/301
|switch|p2a: Chansey|Chansey, F|700\/700
|turn|1
|
|move|p1a: Gothitelle|Trick|p2a: Chansey
|-activate|p1a: Gothitelle|move: Trick|[of] p2a: Chansey
|-item|p2a: Chansey|Choice Scarf|[from] move: Trick
|-item|p1a: Gothitelle|Eviolite|[from] move: Trick
|move|p2a: Chansey|Stealth Rock|p1a: Gothitelle
|-sidestart|p1: Mega-Nido|move: Stealth Rock
|
|turn|2
|
|move|p1a: Gothitelle|Psychic|p2a: Chansey
|-damage|p2a: Chansey|585\/700
|move|p2a: Chansey|Stealth Rock|p1a: Gothitelle
|-fail|p1a: Gothitelle
|
|turn|3
|
|move|p1a: Gothitelle|Psychic|p2a: Chansey
|-crit|p2a: Chansey
|-damage|p2a: Chansey|405\/700
|move|p2a: Chansey|Stealth Rock|p1a: Gothitelle
|-fail|p1a: Gothitelle
|
|turn|4
|
|move|p1a: Gothitelle|Psychic|p2a: Chansey
|-damage|p2a: Chansey|285\/700
|move|p2a: Chansey|Stealth Rock|p1a: Gothitelle
|-fail|p1a: Gothitelle
|
|turn|5
|
|move|p1a: Gothitelle|Psychic|p2a: Chansey
|-crit|p2a: Chansey
|-damage|p2a: Chansey|101\/700
|move|p2a: Chansey|Stealth Rock|p1a: Gothitelle
|-fail|p1a: Gothitelle
|
|turn|6
|
|move|p1a: Gothitelle|Trick|p2a: Chansey
|-activate|p1a: Gothitelle|move: Trick|[of] p2a: Chansey
|-item|p2a: Chansey|Eviolite|[from] move: Trick
|-item|p1a: Gothitelle|Choice Scarf|[from] move: Trick
|move|p2a: Chansey|Stealth Rock|p1a: Gothitelle
|-fail|p1a: Gothitelle
|
|turn|7
|c|âMega-Nido|oop
|
|move|p1a: Gothitelle|Trick|p2a: Chansey
|-activate|p1a: Gothitelle|move: Trick|[of] p2a: Chansey
|-item|p2a: Chansey|Choice Scarf|[from] move: Trick
|-item|p1a: Gothitelle|Eviolite|[from] move: Trick
|move|p2a: Chansey|Soft-Boiled|p2a: Chansey
|-heal|p2a: Chansey|451\/700
|
|turn|8
|
|move|p1a: Gothitelle|Hidden Power|p2a: Chansey
|-damage|p2a: Chansey|395\/700
|move|p2a: Chansey|Soft-Boiled|p2a: Chansey
|-heal|p2a: Chansey|700\/700
|
|turn|9
|
|move|p1a: Gothitelle|Hidden Power|p2a: Chansey
|-damage|p2a: Chansey|646\/700
|move|p2a: Chansey|Soft-Boiled|p2a: Chansey
|-heal|p2a: Chansey|700\/700
|
|turn|10
|
|move|p1a: Gothitelle|Hidden Power|p2a: Chansey
|-damage|p2a: Chansey|648\/700
|move|p2a: Chansey|Soft-Boiled|p2a: Chansey
|-heal|p2a: Chansey|700\/700
|
|turn|11
|
|move|p1a: Gothitelle|Hidden Power|p2a: Chansey
|-damage|p2a: Chansey|645\/700
|move|p2a: Chansey|Soft-Boiled|p2a: Chansey
|-heal|p2a: Chansey|700\/700
|
|turn|12
|
|move|p1a: Gothitelle|Hidden Power|p2a: Chansey
|-crit|p2a: Chansey
|-damage|p2a: Chansey|622\/700
|move|p2a: Chansey|Soft-Boiled|p2a: Chansey
|-heal|p2a: Chansey|700\/700
|
|turn|13
|
|move|p1a: Gothitelle|Rest|p1a: Gothitelle
|-fail|p1a: Gothitelle
|move|p2a: Chansey|Soft-Boiled|p2a: Chansey
|-fail|p2a: Chansey
|
|turn|14
|
|move|p1a: Gothitelle|Rest|p1a: Gothitelle
|-fail|p1a: Gothitelle
|move|p2a: Chansey|Soft-Boiled|p2a: Chansey
|-fail|p2a: Chansey
|
|turn|15
|
|move|p1a: Gothitelle|Rest|p1a: Gothitelle
|-fail|p1a: Gothitelle
|move|p2a: Chansey|Soft-Boiled|p2a: Chansey
|-fail|p2a: Chansey
|
|turn|16
|
|move|p1a: Gothitelle|Rest|p1a: Gothitelle
|-fail|p1a: Gothitelle
|move|p2a: Chansey|Soft-Boiled|p2a: Chansey
|-fail|p2a: Chansey
|
|turn|17
|
|move|p1a: Gothitelle|Rest|p1a: Gothitelle
|-fail|p1a: Gothitelle
|move|p2a: Chansey|Soft-Boiled|p2a: Chansey
|-fail|p2a: Chansey
|
|turn|18
|
|move|p1a: Gothitelle|Rest|p1a: Gothitelle
|-fail|p1a: Gothitelle
|move|p2a: Chansey|Soft-Boiled|p2a: Chansey
|-fail|p2a: Chansey
|
|turn|19
|
|move|p1a: Gothitelle|Rest|p1a: Gothitelle
|-fail|p1a: Gothitelle
|move|p2a: Chansey|Soft-Boiled|p2a: Chansey
|-fail|p2a: Chansey
|
|turn|20
|
|move|p1a: Gothitelle|Rest|p1a: Gothitelle
|-fail|p1a: Gothitelle
|move|p2a: Chansey|Soft-Boiled|p2a: Chansey
|-fail|p2a: Chansey
|
|turn|21
|
|move|p1a: Gothitelle|Hidden Power|p2a: Chansey
|-damage|p2a: Chansey|651\/700
|move|p2a: Chansey|Soft-Boiled|p2a: Chansey
|-heal|p2a: Chansey|700\/700
|
|turn|22
|
|move|p1a: Gothitelle|Rest|p1a: Gothitelle
|-fail|p1a: Gothitelle
|move|p2a: Chansey|Soft-Boiled|p2a: Chansey
|-fail|p2a: Chansey
|
|turn|23
|
|move|p1a: Gothitelle|Hidden Power|p2a: Chansey
|-crit|p2a: Chansey
|-damage|p2a: Chansey|616\/700
|move|p2a: Chansey|Struggle|p1a: Gothitelle
|-damage|p1a: Gothitelle|292\/301
|-damage|p2a: Chansey|441\/700
|
|turn|24
|c|âGiggling Grannie|weird animation
|
|move|p1a: Gothitelle|Psychic|p2a: Chansey
|-damage|p2a: Chansey|324\/700
|move|p2a: Chansey|Struggle|p1a: Gothitelle
|-damage|p1a: Gothitelle|283\/301
|-damage|p2a: Chansey|149\/700
|
|turn|25
|c|âGiggling Grannie|it used to be faster
|
|move|p1a: Gothitelle|Trick|p2a: Chansey
|-activate|p1a: Gothitelle|move: Trick|[of] p2a: Chansey
|-item|p2a: Chansey|Eviolite|[from] move: Trick
|-item|p1a: Gothitelle|Choice Scarf|[from] move: Trick
|move|p2a: Chansey|Struggle|p1a: Gothitelle
|-damage|p1a: Gothitelle|275\/301
|-damage|p2a: Chansey|0 fnt
|faint|p2a: Chansey
|
|c|âMega-Nido|which one?
|
|switch|p2a: Gardevoir|Gardevoir, F|310\/310
|-ability|p2a: Gardevoir|Shadow Tag|[from] ability: Trace|[of] p1a: Gothitelle
|turn|26
|c|âGiggling Grannie|the struggle animation
|c|âMega-Nido|o.o
|c|âMega-Nido|it looks the same to me
|
|switch|p1a: Chansey|Chansey, F|641\/641
|-damage|p1a: Chansey|561\/641|[from] Stealth Rock
|detailschange|p2a: Gardevoir|Gardevoir-Mega, F
|-mega|p2a: Gardevoir|Gardevoir|Gardevoirite
|move|p2a: Gardevoir|Psyshock|p1a: Chansey
|-damage|p1a: Chansey|309\/641
|
|turn|27
|
|switch|p1a: Scizor|Scizor, F|344\/344
|-damage|p1a: Scizor|301\/344|[from] Stealth Rock
|move|p2a: Gardevoir|Taunt|p1a: Scizor
|-start|p1a: Scizor|move: Taunt
|
|turn|28
|
|detailschange|p1a: Scizor|Scizor-Mega, F
|-mega|p1a: Scizor|Scizor|Scizorite
|move|p1a: Scizor|Bullet Punch|p2a: Gardevoir
|-supereffective|p2a: Gardevoir
|-damage|p2a: Gardevoir|0 fnt
|faint|p2a: Gardevoir
|
|-message|Giggling Grannie forfeited.
|leave|Giggling Grannie
|
|win|Mega-Nido
|raw|Ladder updating...
|player|p2
|raw|Mega-Nido's rating: 1667 &rarr; <strong>1690<\/strong><br \/>(+23 for winning)
|raw|Giggling Grannie's rating: 1731 &rarr; <strong>1707<\/strong><br \/>(-24 for losing)