|join|Giggling Grannie
|join|Cholera90
|player|p1|Giggling Grannie|121
|player|p2|Cholera90|25
|gametype|singles
|gen|6
|tier|OU
|rated
|clearpoke
|poke|p1|Gardevoir, M
|poke|p1|Ferrothorn, M
|poke|p1|Talonflame, M
|poke|p1|Starmie, shiny
|poke|p1|Lucario, M
|poke|p1|Gliscor, F
|poke|p2|Gardevoir, F
|poke|p2|Thundurus, M
|poke|p2|Talonflame, F
|poke|p2|Conkeldurr, M
|poke|p2|Heatran, F
|poke|p2|Victini
|rule|Swagger Clause: Swagger is banned
|rule|Baton Pass Clause: Limit one PokÃ©mon knowing Baton Pass
|rule|Sleep Clause Mod: Limit one foe put to sleep
|rule|Species Clause: Limit one of each PokÃ©mon
|rule|OHKO Clause: OHKO moves are banned
|rule|Moody Clause: Moody is banned
|rule|Evasion Moves Clause: Evasion moves are banned
|rule|Endless Battle Clause: Forcing endless battles is banned
|rule|HP Percentage Mod: HP is shown in percentages
|teampreview
|join|Hipsterrific
|
|start
|switch|p1a: Scorvol|Gliscor, F|354\/354
|switch|p2a: Victini|Victini|404\/404
|turn|1
|
|move|p1a: Scorvol|Protect|p1a: Scorvol
|-singleturn|p1a: Scorvol|Protect
|move|p2a: Victini|Final Gambit|p1a: Scorvol
|-activate|p1a: Scorvol|Protect
|
|-status|p1a: Scorvol|tox|[from] item: Toxic Orb
|turn|2
|
|switch|p1a: Luke|Lucario, M|282\/282
|move|p2a: Victini|Final Gambit|p1a: Luke
|-damage|p1a: Luke|0 fnt
|faint|p2a: Victini
|faint|p1a: Luke
|
|
|switch|p2a: Gardevoir|Gardevoir, F|277\/277
|switch|p1a: SLUT|Gardevoir, M|304\/304
|turn|3
|
|detailschange|p2a: Gardevoir|Gardevoir-Mega, F
|-mega|p2a: Gardevoir|Gardevoir|Gardevoirite
|-ability|p1a: SLUT|Pixilate|[from] ability: Trace|[of] p2a: Gardevoir
|detailschange|p1a: SLUT|Gardevoir-Mega, M
|-mega|p1a: SLUT|Gardevoir|Gardevoirite
|move|p2a: Gardevoir|Hyper Voice|p1a: SLUT
|-damage|p1a: SLUT|82\/304
|move|p1a: SLUT|Hyper Voice|p2a: Gardevoir
|-damage|p2a: Gardevoir|72\/277
|
|turn|4
|
|switch|p1a: Sriracha|Talonflame, M|353\/353
|move|p2a: Gardevoir|Hyper Voice|p1a: Sriracha
|-resisted|p1a: Sriracha
|-damage|p1a: Sriracha|212\/353
|
|-heal|p1a: Sriracha|234\/353|[from] item: Leftovers
|turn|5
|
|switch|p1a: Starmie|Starmie, shiny|324\/324
|move|p2a: Gardevoir|Psyshock|p1a: Starmie
|-resisted|p1a: Starmie
|-damage|p1a: Starmie|228\/324
|
|-heal|p1a: Starmie|248\/324|[from] item: Leftovers
|turn|6
|
|switch|p2a: Talonflame|Talonflame, F|297\/297
|move|p1a: Starmie|Scald|p2a: Talonflame
|-supereffective|p2a: Talonflame
|-damage|p2a: Talonflame|21\/297
|
|-heal|p1a: Starmie|268\/324|[from] item: Leftovers
|turn|7
|
|switch|p2a: Heatran|Heatran, F|323\/323
|-item|p2a: Heatran|Air Balloon
|switch|p1a: Scorvol|Gliscor, F|354\/354 tox
|
|turn|8
|
|move|p2a: Heatran|Stealth Rock|p1a: Scorvol
|-sidestart|p1: Giggling Grannie|move: Stealth Rock
|move|p1a: Scorvol|U-turn|p2a: Heatran
|-resisted|p2a: Heatran
|-damage|p2a: Heatran|312\/323
|-enditem|p2a: Heatran|Air Balloon
|
|switch|p1a: Starmie|Starmie, shiny|268\/324
|-damage|p1a: Starmie|228\/324|[from] Stealth Rock
|
|-heal|p1a: Starmie|248\/324|[from] item: Leftovers
|turn|9
|
|move|p1a: Starmie|Scald|p2a: Heatran
|-supereffective|p2a: Heatran
|-damage|p2a: Heatran|124\/323
|move|p2a: Heatran|Lava Plume|p1a: Starmie
|-resisted|p1a: Starmie
|-damage|p1a: Starmie|155\/324
|-status|p1a: Starmie|brn
|
|-heal|p1a: Starmie|175\/324 brn|[from] item: Leftovers
|-damage|p1a: Starmie|135\/324 brn|[from] brn
|turn|10
|
|move|p1a: Starmie|Recover|p1a: Starmie
|-heal|p1a: Starmie|297\/324 brn
|move|p2a: Heatran|Earth Power|p1a: Starmie
|-damage|p1a: Starmie|154\/324 brn
|
|-heal|p1a: Starmie|174\/324 brn|[from] item: Leftovers
|-damage|p1a: Starmie|134\/324 brn|[from] brn
|turn|11
|
|move|p1a: Starmie|Rapid Spin|p2a: Heatran
|-resisted|p2a: Heatran
|-damage|p2a: Heatran|122\/323
|-sideend|p1: Giggling Grannie|Stealth Rock|[from] move: Rapid Spin|[of] p1a: Starmie
|move|p2a: Heatran|Earth Power|p1a: Starmie
|-damage|p1a: Starmie|0 fnt
|faint|p1a: Starmie
|
|
|switch|p1a: SLUT|Gardevoir-Mega, M|82\/304
|turn|12
|c|âCholera90|miss imo
|
|move|p1a: SLUT|Hidden Power|p2a: Heatran
|-crit|p2a: Heatran
|-supereffective|p2a: Heatran
|-damage|p2a: Heatran|0 fnt
|faint|p2a: Heatran
|
|c|âCholera90|oh, getting walled by ferro
|
|switch|p2a: Gardevoir|Gardevoir-Mega, F|72\/277
|turn|13
|
|switch|p1a: Scorvol|Gliscor, F|354\/354 tox
|move|p2a: Gardevoir|Psyshock|p1a: Scorvol
|-damage|p1a: Scorvol|233\/354 tox
|
|-heal|p1a: Scorvol|277\/354 tox|[from] ability: Poison Heal
|turn|14
|
|move|p1a: Scorvol|Protect|p1a: Scorvol
|-singleturn|p1a: Scorvol|Protect
|move|p2a: Gardevoir|Hyper Voice|p1a: Scorvol
|-activate|p1a: Scorvol|Protect
|
|-heal|p1a: Scorvol|321\/354 tox|[from] ability: Poison Heal
|turn|15
|
|move|p2a: Gardevoir|Encore|p1a: Scorvol
|-start|p1a: Scorvol|Encore
|move|p1a: Scorvol|Protect|p1a: Scorvol
|-fail|p1a: Scorvol
|
|-heal|p1a: Scorvol|354\/354 tox|[from] ability: Poison Heal
|turn|16
|
|switch|p1a: Thorns|Ferrothorn, M|352\/352
|move|p2a: Gardevoir|Hyper Voice|p1a: Thorns
|-resisted|p1a: Thorns
|-damage|p1a: Thorns|241\/352
|
|-heal|p1a: Thorns|263\/352|[from] item: Leftovers
|turn|17
|
|move|p2a: Gardevoir|Focus Blast|p1a: Thorns
|-crit|p1a: Thorns
|-supereffective|p1a: Thorns
|-damage|p1a: Thorns|0 fnt
|faint|p1a: Thorns
|
|
|switch|p1a: Scorvol|Gliscor, F|354\/354 tox
|turn|18
|
|move|p2a: Gardevoir|Hyper Voice|p1a: Scorvol
|-crit|p1a: Scorvol
|-damage|p1a: Scorvol|0 fnt
|faint|p1a: Scorvol
|
|-message|Giggling Grannie forfeited.
|leave|Giggling Grannie
|
|win|Cholera90
|raw|Ladder updating...
|player|p1
|leave|Hipsterrific
|raw|Giggling Grannie's rating: 1619 &rarr; <strong>1595<\/strong><br \/>(-24 for losing)
|raw|Cholera90's rating: 1560 &rarr; <strong>1583<\/strong><br \/>(+23 for winning)