|join|Giggling Grannie
|join|Aka DH
|player|p1|Giggling Grannie|121
|player|p2|Aka DH|1
|gametype|singles
|gen|6
|tier|OU
|rated
|clearpoke
|poke|p1|Gardevoir, M
|poke|p1|Ferrothorn, M
|poke|p1|Talonflame, M
|poke|p1|Starmie, shiny
|poke|p1|Lucario, M
|poke|p1|Gliscor, F
|poke|p2|Bisharp, F
|poke|p2|Venusaur, F
|poke|p2|Heatran, M
|poke|p2|Keldeo
|poke|p2|Chansey, F
|poke|p2|Skarmory, F
|rule|Swagger Clause: Swagger is banned
|rule|Baton Pass Clause: Limit one PokÃ©mon knowing Baton Pass
|rule|Sleep Clause Mod: Limit one foe put to sleep
|rule|Species Clause: Limit one of each PokÃ©mon
|rule|OHKO Clause: OHKO moves are banned
|rule|Moody Clause: Moody is banned
|rule|Evasion Moves Clause: Evasion moves are banned
|rule|Endless Battle Clause: Forcing endless battles is banned
|rule|HP Percentage Mod: HP is shown in percentages
|teampreview
|
|start
|switch|p1a: Lucario|Lucario, M|282\/282
|switch|p2a: Heatran|Heatran, M|340\/340
|-item|p2a: Heatran|Air Balloon
|turn|1
|join|Slowpoke Soda
|
|switch|p2a: Venusaur|Venusaur, F|364\/364
|move|p1a: Lucario|Close Combat|p2a: Venusaur
|-resisted|p2a: Venusaur
|-damage|p2a: Venusaur|263\/364
|-unboost|p1a: Lucario|def|1
|-unboost|p1a: Lucario|spd|1
|-damage|p1a: Lucario|254\/282|[from] item: Life Orb
|
|turn|2
|
|switch|p1a: Big Bird|Talonflame, M|353\/353
|detailschange|p2a: Venusaur|Venusaur-Mega, F
|-mega|p2a: Venusaur|Venusaur|Venusaurite
|move|p2a: Venusaur|Synthesis|p2a: Venusaur
|-heal|p2a: Venusaur|364\/364
|
|turn|3
|
|switch|p1a: Starmie|Starmie, shiny|324\/324
|switch|p2a: Skarmory|Skarmory, F|334\/334
|
|turn|4
|
|switch|p2a: Chansey|Chansey, F|684\/684
|move|p1a: Starmie|Scald|p2a: Chansey
|-damage|p2a: Chansey|630\/684
|
|turn|5
|
|switch|p1a: Thorns|Ferrothorn, M|352\/352
|switch|p2a: Heatran|Heatran, M|340\/340
|-item|p2a: Heatran|Air Balloon
|
|turn|6
|
|switch|p1a: Starmie|Starmie, shiny|324\/324
|move|p2a: Heatran|Stealth Rock|p1a: Starmie
|-sidestart|p1: Giggling Grannie|move: Stealth Rock
|
|turn|7
|
|move|p1a: Starmie|Rapid Spin|p2a: Heatran
|-resisted|p2a: Heatran
|-damage|p2a: Heatran|336\/340
|-enditem|p2a: Heatran|Air Balloon
|-sideend|p1: Giggling Grannie|Stealth Rock|[from] move: Rapid Spin|[of] p1a: Starmie
|move|p2a: Heatran|Toxic|p1a: Starmie
|-status|p1a: Starmie|tox
|
|-damage|p1a: Starmie|304\/324 tox|[from] psn
|turn|8
|
|move|p1a: Starmie|Scald|p2a: Heatran
|-supereffective|p2a: Heatran
|-damage|p2a: Heatran|166\/340
|move|p2a: Heatran|Stealth Rock|p1a: Starmie
|-sidestart|p1: Giggling Grannie|move: Stealth Rock
|
|-heal|p1a: Starmie|324\/324 tox|[from] item: Leftovers
|-damage|p1a: Starmie|284\/324 tox|[from] psn
|turn|9
|
|move|p1a: Starmie|Rapid Spin|p2a: Heatran
|-resisted|p2a: Heatran
|-damage|p2a: Heatran|162\/340
|-sideend|p1: Giggling Grannie|Stealth Rock|[from] move: Rapid Spin|[of] p1a: Starmie
|move|p2a: Heatran|Fire Blast|p1a: Starmie
|-resisted|p1a: Starmie
|-damage|p1a: Starmie|195\/324 tox
|
|-heal|p1a: Starmie|215\/324 tox|[from] item: Leftovers
|-damage|p1a: Starmie|155\/324 tox|[from] psn
|turn|10
|
|switch|p1a: Scorvol|Gliscor, F|354\/354
|switch|p2a: Chansey|Chansey, F|630\/684
|
|-status|p1a: Scorvol|tox|[from] item: Toxic Orb
|turn|11
|
|switch|p2a: Venusaur|Venusaur-Mega, F|364\/364
|move|p1a: Scorvol|Substitute|p1a: Scorvol
|-start|p1a: Scorvol|Substitute
|-damage|p1a: Scorvol|266\/354 tox
|
|-heal|p1a: Scorvol|310\/354 tox|[from] ability: Poison Heal
|turn|12
|
|move|p1a: Scorvol|Earthquake|p2a: Venusaur
|-damage|p2a: Venusaur|292\/364
|move|p2a: Venusaur|Giga Drain|p1a: Scorvol
|-end|p1a: Scorvol|Substitute
|-heal|p2a: Venusaur|336\/364|[from] drain|[of] p1a: Scorvol
|
|-heal|p1a: Scorvol|354\/354 tox|[from] ability: Poison Heal
|turn|13
|
|move|p1a: Scorvol|Protect|p1a: Scorvol
|-singleturn|p1a: Scorvol|Protect
|move|p2a: Venusaur|Leech Seed|p1a: Scorvol
|-activate|p1a: Scorvol|Protect
|
|turn|14
|
|switch|p2a: Skarmory|Skarmory, F|334\/334
|move|p1a: Scorvol|Substitute|p1a: Scorvol
|-start|p1a: Scorvol|Substitute
|-damage|p1a: Scorvol|266\/354 tox
|
|-heal|p1a: Scorvol|310\/354 tox|[from] ability: Poison Heal
|turn|15
|
|switch|p1a: Starmie|Starmie, shiny|155\/324
|move|p2a: Skarmory|Spikes|p1a: Starmie
|-sidestart|p1: Giggling Grannie|Spikes
|
|-heal|p1a: Starmie|175\/324|[from] item: Leftovers
|turn|16
|
|move|p1a: Starmie|Rapid Spin|p2a: Skarmory
|-resisted|p2a: Skarmory
|-damage|p2a: Skarmory|331\/334
|-damage|p1a: Starmie|121\/324|[from] item: Rocky Helmet|[of] p2a: Skarmory
|-sideend|p1: Giggling Grannie|Spikes|[from] move: Rapid Spin|[of] p1a: Starmie
|move|p2a: Skarmory|Brave Bird|p1a: Starmie
|-damage|p1a: Starmie|0 fnt
|-damage|p2a: Skarmory|291\/334|[from] recoil|[of] p1a: Starmie
|faint|p1a: Starmie
|
|-message|Giggling Grannie forfeited.
|leave|Giggling Grannie
|
|win|Aka DH
|raw|Ladder updating...
|player|p1
|raw|Giggling Grannie's rating: 1768 &rarr; <strong>1747<\/strong><br \/>(-21 for losing)
|raw|Aka DH's rating: 1757 &rarr; <strong>1777<\/strong><br \/>(+20 for winning)
|leave|Aka DH
|player|p2
|leave|Slowpoke Soda