|join|Giggling Grannie
|join|WECAMEASROMANS
|player|p1|Giggling Grannie|121
|player|p2|WECAMEASROMANS|9
|gametype|singles
|gen|6
|tier|OU
|rated
|clearpoke
|poke|p1|Gardevoir, M
|poke|p1|Ferrothorn, M
|poke|p1|Talonflame, M
|poke|p1|Starmie, shiny
|poke|p1|Lucario, M
|poke|p1|Gliscor, F
|poke|p2|Victini
|poke|p2|Altaria, F
|poke|p2|Starmie
|poke|p2|Hippowdon, F
|poke|p2|Tangrowth, F
|poke|p2|Zapdos
|rule|Swagger Clause: Swagger is banned
|rule|Baton Pass Clause: Limit one PokÃ©mon knowing Baton Pass
|rule|Sleep Clause Mod: Limit one foe put to sleep
|rule|Species Clause: Limit one of each PokÃ©mon
|rule|OHKO Clause: OHKO moves are banned
|rule|Moody Clause: Moody is banned
|rule|Evasion Moves Clause: Evasion moves are banned
|rule|Endless Battle Clause: Forcing endless battles is banned
|rule|HP Percentage Mod: HP is shown in percentages
|teampreview
|
|start
|switch|p1a: Scorvol|Gliscor, F|354\/354
|switch|p2a: Victini|Victini|393\/393
|turn|1
|
|move|p1a: Scorvol|Protect|p1a: Scorvol
|-singleturn|p1a: Scorvol|Protect
|move|p2a: Victini|Will-O-Wisp|p1a: Scorvol
|-activate|p1a: Scorvol|Protect
|
|-status|p1a: Scorvol|tox|[from] item: Toxic Orb
|turn|2
|
|switch|p2a: Tangrowth|Tangrowth, F|403\/403
|move|p1a: Scorvol|Earthquake|p2a: Tangrowth
|-resisted|p2a: Tangrowth
|-damage|p2a: Tangrowth|361\/403
|
|turn|3
|
|move|p1a: Scorvol|Toxic|p2a: Tangrowth
|-status|p2a: Tangrowth|tox
|move|p2a: Tangrowth|Hidden Power|p1a: Scorvol
|-supereffective|p1a: Scorvol
|-damage|p1a: Scorvol|130\/354 tox
|
|-heal|p1a: Scorvol|174\/354 tox|[from] ability: Poison Heal
|-damage|p2a: Tangrowth|336\/403 tox|[from] psn
|turn|4
|
|switch|p2a: Zapdos|Zapdos|371\/371
|-ability|p2a: Zapdos|Pressure
|move|p1a: Scorvol|U-turn|p2a: Zapdos
|-resisted|p2a: Zapdos
|-damage|p2a: Zapdos|341\/371
|
|switch|p1a: SLUT|Gardevoir, M|304\/304
|-ability|p1a: SLUT|Pressure|[from] ability: Trace|[of] p2a: Zapdos
|-ability|p1a: SLUT|Pressure
|
|-heal|p2a: Zapdos|364\/371|[from] item: Leftovers
|turn|5
|
|switch|p2a: Victini|Victini|393\/393
|detailschange|p1a: SLUT|Gardevoir-Mega, M
|-mega|p1a: SLUT|Gardevoir|Gardevoirite
|move|p1a: SLUT|Hyper Voice|p2a: Victini
|-resisted|p2a: Victini
|-damage|p2a: Victini|270\/393
|
|-heal|p2a: Victini|294\/393|[from] item: Leftovers
|turn|6
|
|switch|p1a: Sriracha|Talonflame, M|353\/353
|switch|p2a: Zapdos|Zapdos|364\/371
|-ability|p2a: Zapdos|Pressure
|
|-heal|p2a: Zapdos|371\/371|[from] item: Leftovers
|turn|7
|join|Alldaalts
|
|move|p1a: Sriracha|Will-O-Wisp|p2a: Zapdos
|-status|p2a: Zapdos|brn
|move|p2a: Zapdos|Thunderbolt|p1a: Sriracha
|-supereffective|p1a: Sriracha
|-damage|p1a: Sriracha|35\/353
|-status|p1a: Sriracha|par
|
|-heal|p1a: Sriracha|57\/353 par|[from] item: Leftovers
|-damage|p2a: Zapdos|325\/371 brn|[from] brn
|turn|8
|leave|Alldaalts
|c|âGiggling Grannie|good lord
|c|âGiggling Grannie|pleeze
|c|âGiggling Grannie|pleez
|c|âGiggling Grannie|pleez
|
|cant|p1a: Sriracha|par
|move|p2a: Zapdos|Thunderbolt|p1a: Sriracha
|-supereffective|p1a: Sriracha
|-damage|p1a: Sriracha|0 fnt
|faint|p1a: Sriracha
|
|-heal|p2a: Zapdos|348\/371 brn|[from] item: Leftovers
|-damage|p2a: Zapdos|302\/371 brn|[from] brn
|-message|Giggling Grannie forfeited.
|
|win|WECAMEASROMANS
|raw|Ladder updating...
|leave|Giggling Grannie
|player|p1
|raw|Giggling Grannie's rating: 1623 &rarr; <strong>1605<\/strong><br \/>(-18 for losing)
|raw|WECAMEASROMANS's rating: 1670 &rarr; <strong>1687<\/strong><br \/>(+17 for winning)
|leave|WECAMEASROMANS
|player|p2