|join|Giggling Grannie
|join|lil manaphy
|player|p1|Giggling Grannie|121
|player|p2|lil manaphy|272
|gametype|singles
|gen|6
|tier|OU
|rated
|clearpoke
|poke|p1|Tyranitar, F
|poke|p1|Venusaur, M
|poke|p1|Manaphy
|poke|p1|Terrakion
|poke|p1|Zoroark, F, shiny
|poke|p1|Skarmory, M
|poke|p2|Lopunny, F
|poke|p2|Manaphy
|poke|p2|Scizor, M
|poke|p2|Celebi
|poke|p2|Heatran, M
|poke|p2|Mandibuzz, F
|rule|Swagger Clause: Swagger is banned
|rule|Baton Pass Clause: Limit one PokÃ©mon knowing Baton Pass
|rule|Sleep Clause Mod: Limit one foe put to sleep
|rule|Species Clause: Limit one of each PokÃ©mon
|rule|OHKO Clause: OHKO moves are banned
|rule|Moody Clause: Moody is banned
|rule|Evasion Moves Clause: Evasion moves are banned
|rule|Endless Battle Clause: Forcing endless battles is banned
|rule|HP Percentage Mod: HP is shown in percentages
|teampreview
|join|UrsaReign
|c|âGiggling Grannie|ugh
|join|Collision Chaos
|c|âGiggling Grannie|this dumb ass server
|c| UrsaReign|lil y dont u use alts
|c|âlil manaphy|cause who cares
|c| UrsaReign|it drops ur elo like crazy if u wanna try a shit teamthough
|c|âlil manaphy|idc
|
|start
|switch|p1a: Venusaur|Venusaur, M|360\/360
|switch|p2a: bean curd puff|Heatran, M|386\/386
|turn|1
|join|Pure Demize
|
|detailschange|p1a: Venusaur|Venusaur-Mega, M
|-mega|p1a: Venusaur|Venusaur|Venusaurite
|move|p1a: Venusaur|Sleep Powder|p2a: bean curd puff
|-status|p2a: bean curd puff|slp
|cant|p2a: bean curd puff|slp
|
|turn|2
|
|switch|p1a: Manaphy|Manaphy|266\/266
|-curestatus|p2a: bean curd puff|slp
|move|p2a: bean curd puff|Lava Plume|p1a: Manaphy
|replace|p1a: Silly Rabbit|Zoroark, F, shiny|266\/266
|-damage|p1a: Silly Rabbit|101\/266
|-status|p1a: Silly Rabbit|brn
|
|-damage|p1a: Silly Rabbit|68\/266 brn|[from] brn
|turn|3
|join|AlbertDaEinstein
|
|move|p1a: Silly Rabbit|Trick|p2a: bean curd puff
|-activate|p1a: Silly Rabbit|move: Trick|[of] p2a: bean curd puff
|-item|p2a: bean curd puff|Choice Scarf|[from] move: Trick
|-item|p1a: Silly Rabbit|Leftovers|[from] move: Trick
|move|p2a: bean curd puff|Stealth Rock|p1a: Silly Rabbit
|-sidestart|p1: Giggling Grannie|move: Stealth Rock
|
|-heal|p1a: Silly Rabbit|84\/266 brn|[from] item: Leftovers
|-damage|p1a: Silly Rabbit|51\/266 brn|[from] brn
|turn|4
|c| UrsaReign|hax+2
|
|switch|p1a: Skarmory|Skarmory, M|334\/334
|-damage|p1a: Skarmory|293\/334|[from] Stealth Rock
|switch|p2a: im walling everyth|Mandibuzz, F|423\/423
|
|turn|5
|
|move|p2a: im walling everyth|Taunt|p1a: Skarmory
|-start|p1a: Skarmory|move: Taunt
|cant|p1a: Skarmory|move: Taunt|Defog
|
|turn|6
|join|CF Red Mx
|
|switch|p2a: still bigger than|Manaphy|341\/341
|switch|p1a: Manaphy|Manaphy|51\/266 brn
|-damage|p1a: Manaphy|18\/266 brn|[from] Stealth Rock
|
|-heal|p1a: Manaphy|34\/266 brn|[from] item: Leftovers
|-damage|p1a: Manaphy|1\/266 brn|[from] brn
|turn|7
|
|move|p1a: Manaphy|Dark Pulse|p2a: still bigger than
|-damage|p2a: still bigger than|203\/341
|move|p2a: still bigger than|Tail Glow|p2a: still bigger than
|-boost|p2a: still bigger than|spa|3
|
|-heal|p1a: Manaphy|17\/266 brn|[from] item: Leftovers
|-heal|p2a: still bigger than|224\/341|[from] item: Leftovers
|-damage|p1a: Manaphy|0 fnt|[from] brn
|faint|p1a: Manaphy
|
|switch|p1a: B.A.M.F.|Terrakion|329\/329
|-damage|p1a: B.A.M.F.|309\/329|[from] Stealth Rock
|turn|8
|
|move|p1a: B.A.M.F.|Close Combat|p2a: still bigger than
|-damage|p2a: still bigger than|0 fnt
|-unboost|p1a: B.A.M.F.|def|1
|-unboost|p1a: B.A.M.F.|spd|1
|-damage|p1a: B.A.M.F.|277\/329|[from] item: Life Orb
|faint|p2a: still bigger than
|
|
|switch|p2a: business|Scizor, M|343\/343
|turn|9
|
|move|p1a: B.A.M.F.|Close Combat|p2a: business
|-damage|p2a: business|80\/343
|-unboost|p1a: B.A.M.F.|def|1
|-unboost|p1a: B.A.M.F.|spd|1
|-damage|p1a: B.A.M.F.|245\/329|[from] item: Life Orb
|move|p2a: business|Superpower|p1a: B.A.M.F.
|-supereffective|p1a: B.A.M.F.
|-damage|p1a: B.A.M.F.|0 fnt
|-unboost|p2a: business|atk|1
|-unboost|p2a: business|def|1
|faint|p1a: B.A.M.F.
|
|
|switch|p1a: Skarmory|Skarmory, M|293\/334
|-damage|p1a: Skarmory|252\/334|[from] Stealth Rock
|turn|10
|
|switch|p2a: bean curd puff|Heatran, M|386\/386
|move|p1a: Skarmory|Spikes|p2a: bean curd puff
|-sidestart|p2: lil manaphy|Spikes
|
|turn|11
|
|switch|p1a: Tyranitar|Tyranitar, F|404\/404
|-damage|p1a: Tyranitar|354\/404|[from] Stealth Rock
|-weather|Sandstorm
|move|p2a: bean curd puff|Lava Plume|p1a: Tyranitar
|-resisted|p1a: Tyranitar
|-damage|p1a: Tyranitar|325\/404
|-status|p1a: Tyranitar|brn
|
|-weather|Sandstorm|[upkeep]
|-damage|p1a: Tyranitar|275\/404 brn|[from] brn
|turn|12
|c|âGiggling Grannie|more
|c|âGiggling Grannie|more
|
|switch|p2a: business|Scizor, M|80\/343
|-damage|p2a: business|38\/343|[from] Spikes
|move|p1a: Tyranitar|Thunder Wave|p2a: business
|-status|p2a: business|par
|
|-weather|Sandstorm|[upkeep]
|-damage|p1a: Tyranitar|225\/404 brn|[from] brn
|turn|13
|
|move|p1a: Tyranitar|Stealth Rock|p2a: business
|-sidestart|p2: lil manaphy|move: Stealth Rock
|move|p2a: business|Superpower|p1a: Tyranitar
|-crit|p1a: Tyranitar
|-supereffective|p1a: Tyranitar
|-enditem|p1a: Tyranitar|Chople Berry|[eat]
|-damage|p1a: Tyranitar|0 fnt
|-unboost|p2a: business|atk|1
|-unboost|p2a: business|def|1
|faint|p1a: Tyranitar
|
|-weather|Sandstorm|[upkeep]
|
|switch|p1a: Skarmory|Skarmory, M|252\/334
|-damage|p1a: Skarmory|211\/334|[from] Stealth Rock
|turn|14
|
|move|p2a: business|Superpower|p1a: Skarmory
|-damage|p1a: Skarmory|116\/334
|-damage|p2a: business|0 fnt|[from] item: Rocky Helmet|[of] p1a: Skarmory
|faint|p2a: business
|move|p1a: Skarmory|Whirlwind|p2: business|[notarget]
|-notarget
|
|-weather|Sandstorm|[upkeep]
|
|switch|p2a: im walling everyth|Mandibuzz, F|423\/423
|-damage|p2a: im walling everyth|318\/423|[from] Stealth Rock
|turn|15
|
|switch|p1a: Manaphy|Manaphy|404\/404
|-damage|p1a: Manaphy|354\/404|[from] Stealth Rock
|move|p2a: im walling everyth|Defog|p1a: Manaphy
|-unboost|p1a: Manaphy|evasion|1
|-sideend|p1: Giggling Grannie|Stealth Rock|[from] move: Defog|[of] p1a: Manaphy
|-sideend|p2: lil manaphy|Spikes|[from] move: Defog|[of] p2a: im walling everyth
|-sideend|p2: lil manaphy|Stealth Rock|[from] move: Defog|[of] p2a: im walling everyth
|
|-weather|none
|-heal|p1a: Manaphy|379\/404|[from] item: Leftovers
|turn|16
|
|switch|p1a: Venusaur|Venusaur-Mega, M|360\/360
|switch|p2a: just my onion|Celebi|404\/404
|
|turn|17
|
|move|p2a: just my onion|Baton Pass|p2a: just my onion
|
|switch|p2a: bean curd puff|Heatran, M|386\/386
|move|p1a: Venusaur|Sleep Powder|p2a: bean curd puff
|-status|p2a: bean curd puff|slp
|
|turn|18
|
|switch|p2a: Couture|Lopunny, F|271\/271
|switch|p1a: Skarmory|Skarmory, M|116\/334
|
|turn|19
|
|detailschange|p2a: Couture|Lopunny-Mega, F
|-mega|p2a: Couture|Lopunny|Lopunnite
|move|p2a: Couture|Fake Out|p1a: Skarmory
|-resisted|p1a: Skarmory
|-damage|p1a: Skarmory|96\/334
|-damage|p2a: Couture|226\/271|[from] item: Rocky Helmet|[of] p1a: Skarmory
|cant|p1a: Skarmory|flinch
|
|turn|20
|
|move|p2a: Couture|Power-Up Punch|p1a: Skarmory
|-damage|p1a: Skarmory|56\/334
|-damage|p2a: Couture|181\/271|[from] item: Rocky Helmet|[of] p1a: Skarmory
|-boost|p2a: Couture|atk|1
|move|p1a: Skarmory|Roost|p1a: Skarmory
|-heal|p1a: Skarmory|223\/334
|
|turn|21
|
|move|p2a: Couture|Drain Punch|p1a: Skarmory
|-damage|p1a: Skarmory|96\/334
|-heal|p2a: Couture|245\/271|[from] drain|[of] p1a: Skarmory
|-damage|p2a: Couture|200\/271|[from] item: Rocky Helmet|[of] p1a: Skarmory
|move|p1a: Skarmory|Roost|p1a: Skarmory
|-heal|p1a: Skarmory|263\/334
|
|turn|22
|
|move|p2a: Couture|Drain Punch|p1a: Skarmory
|-damage|p1a: Skarmory|145\/334
|-heal|p2a: Couture|259\/271|[from] drain|[of] p1a: Skarmory
|-damage|p2a: Couture|214\/271|[from] item: Rocky Helmet|[of] p1a: Skarmory
|move|p1a: Skarmory|Whirlwind|p2a: Couture
|drag|p2a: bean curd puff|Heatran, M|386\/386 slp
|
|turn|23
|
|cant|p2a: bean curd puff|slp
|move|p1a: Skarmory|Roost|p1a: Skarmory
|-heal|p1a: Skarmory|312\/334
|
|turn|24
|
|cant|p2a: bean curd puff|slp
|move|p1a: Skarmory|Spikes|p2a: bean curd puff
|-sidestart|p2: lil manaphy|Spikes
|
|turn|25
|
|switch|p1a: Venusaur|Venusaur-Mega, M|360\/360
|-curestatus|p2a: bean curd puff|slp
|move|p2a: bean curd puff|Lava Plume|p1a: Venusaur
|-supereffective|p1a: Venusaur
|-damage|p1a: Venusaur|270\/360
|
|turn|26
|c|âGiggling Grannie|WHAT NO BURN?
|c|âGiggling Grannie|WHAT IS THIS SORCERY?
|
|move|p2a: bean curd puff|Lava Plume|p1a: Venusaur
|-supereffective|p1a: Venusaur
|-damage|p1a: Venusaur|184\/360
|-status|p1a: Venusaur|brn
|move|p1a: Venusaur|Sleep Powder|p2a: bean curd puff
|-status|p2a: bean curd puff|slp
|
|-damage|p1a: Venusaur|139\/360 brn|[from] brn
|turn|27
|c| UrsaReign|there
|
|cant|p2a: bean curd puff|slp
|move|p1a: Venusaur|Synthesis|p1a: Venusaur
|-heal|p1a: Venusaur|319\/360 brn
|
|-damage|p1a: Venusaur|274\/360 brn|[from] brn
|turn|28
|join|MoB Barley
|
|switch|p1a: Manaphy|Manaphy|379\/404
|cant|p2a: bean curd puff|slp
|
|-heal|p1a: Manaphy|404\/404|[from] item: Leftovers
|turn|29
|
|switch|p2a: just my onion|Celebi|404\/404
|-damage|p2a: just my onion|354\/404|[from] Spikes
|switch|p1a: Skarmory|Skarmory, M|312\/334
|
|-heal|p2a: just my onion|379\/404|[from] item: Leftovers
|turn|30
|
|move|p2a: just my onion|Baton Pass|p2a: just my onion
|
|switch|p2a: im walling everyth|Mandibuzz, F|318\/423
|move|p1a: Skarmory|Spikes|p2a: im walling everyth
|-sidestart|p2: lil manaphy|Spikes
|
|turn|31
|
|switch|p1a: Manaphy|Manaphy|404\/404
|move|p2a: im walling everyth|Defog|p1a: Manaphy
|-unboost|p1a: Manaphy|evasion|1
|-sideend|p2: lil manaphy|Spikes|[from] move: Defog|[of] p2a: im walling everyth
|
|turn|32
|join|el capitan grande
|
|switch|p2a: just my onion|Celebi|379\/404
|move|p1a: Manaphy|Scald|p2a: just my onion
|-crit|p2a: just my onion
|-resisted|p2a: just my onion
|-damage|p2a: just my onion|317\/404
|-status|p2a: just my onion|brn
|
|-heal|p2a: just my onion|342\/404 brn|[from] item: Leftovers
|-damage|p2a: just my onion|292\/404 brn|[from] brn
|turn|33
|join|1800Rekt
|
|switch|p1a: Skarmory|Skarmory, M|312\/334
|move|p2a: just my onion|Recover|p2a: just my onion
|-heal|p2a: just my onion|404\/404 brn
|
|-damage|p2a: just my onion|354\/404 brn|[from] brn
|turn|34
|join|Chillingtilnoon
|
|move|p2a: just my onion|Baton Pass|p2a: just my onion
|
|switch|p2a: bean curd puff|Heatran, M|386\/386 slp
|move|p1a: Skarmory|Spikes|p2a: bean curd puff
|-sidestart|p2: lil manaphy|Spikes
|
|turn|35
|
|switch|p1a: Venusaur|Venusaur-Mega, M|274\/360 brn
|cant|p2a: bean curd puff|slp
|
|-damage|p1a: Venusaur|229\/360 brn|[from] brn
|turn|36
|
|switch|p2a: im walling everyth|Mandibuzz, F|318\/423
|move|p1a: Venusaur|Sleep Powder|p2a: im walling everyth
|-fail|p2a: im walling everyth
|
|-damage|p1a: Venusaur|184\/360 brn|[from] brn
|turn|37
|
|move|p1a: Venusaur|Sludge Bomb|p2a: im walling everyth
|-damage|p2a: im walling everyth|182\/423
|move|p2a: im walling everyth|Defog|p1a: Venusaur
|-unboost|p1a: Venusaur|evasion|1
|-sideend|p2: lil manaphy|Spikes|[from] move: Defog|[of] p2a: im walling everyth
|
|-damage|p1a: Venusaur|139\/360 brn|[from] brn
|turn|38
|
|move|p1a: Venusaur|Synthesis|p1a: Venusaur
|-heal|p1a: Venusaur|319\/360 brn
|move|p2a: im walling everyth|Roost|p2a: im walling everyth
|-heal|p2a: im walling everyth|394\/423
|
|-damage|p1a: Venusaur|274\/360 brn|[from] brn
|turn|39
|
|switch|p2a: bean curd puff|Heatran, M|386\/386 slp
|move|p1a: Venusaur|Giga Drain|p2a: bean curd puff
|-resisted|p2a: bean curd puff
|-damage|p2a: bean curd puff|365\/386 slp
|-heal|p1a: Venusaur|285\/360 brn|[from] drain|[of] p2a: bean curd puff
|
|-damage|p1a: Venusaur|240\/360 brn|[from] brn
|turn|40
|
|switch|p2a: im walling everyth|Mandibuzz, F|394\/423
|move|p1a: Venusaur|Sleep Powder|p2a: im walling everyth
|-fail|p2a: im walling everyth
|
|-damage|p1a: Venusaur|195\/360 brn|[from] brn
|turn|41
|
|move|p1a: Venusaur|Sludge Bomb|p2a: im walling everyth
|-damage|p2a: im walling everyth|250\/423
|move|p2a: im walling everyth|Taunt|p1a: Venusaur
|-start|p1a: Venusaur|move: Taunt
|
|-damage|p1a: Venusaur|150\/360 brn|[from] brn
|turn|42
|
|switch|p1a: Manaphy|Manaphy|404\/404
|move|p2a: im walling everyth|Foul Play|p1a: Manaphy
|-damage|p1a: Manaphy|319\/404
|
|-heal|p1a: Manaphy|344\/404|[from] item: Leftovers
|turn|43
|
|switch|p1a: Venusaur|Venusaur-Mega, M|150\/360 brn
|switch|p2a: just my onion|Celebi|354\/404
|
|-heal|p2a: just my onion|379\/404|[from] item: Leftovers
|-damage|p1a: Venusaur|105\/360 brn|[from] brn
|turn|44
|
|move|p2a: just my onion|Baton Pass|p2a: just my onion
|
|switch|p2a: Couture|Lopunny-Mega, F|214\/271
|move|p1a: Venusaur|Synthesis|p1a: Venusaur
|-heal|p1a: Venusaur|285\/360 brn
|
|-damage|p1a: Venusaur|240\/360 brn|[from] brn
|turn|45
|
|switch|p1a: Skarmory|Skarmory, M|312\/334
|move|p2a: Couture|Power-Up Punch|p1a: Skarmory
|-damage|p1a: Skarmory|270\/334
|-damage|p2a: Couture|169\/271|[from] item: Rocky Helmet|[of] p1a: Skarmory
|-boost|p2a: Couture|atk|1
|
|turn|46
|
|move|p2a: Couture|Power-Up Punch|p1a: Skarmory
|-damage|p1a: Skarmory|207\/334
|-damage|p2a: Couture|124\/271|[from] item: Rocky Helmet|[of] p1a: Skarmory
|-boost|p2a: Couture|atk|1
|move|p1a: Skarmory|Whirlwind|p2a: Couture
|drag|p2a: just my onion|Celebi|379\/404
|
|-heal|p2a: just my onion|404\/404|[from] item: Leftovers
|turn|47
|leave|Pure Demize
|
|switch|p2a: bean curd puff|Heatran, M|365\/386 slp
|move|p1a: Skarmory|Spikes|p2a: bean curd puff
|-sidestart|p2: lil manaphy|Spikes
|
|turn|48
|
|switch|p1a: Venusaur|Venusaur-Mega, M|240\/360 brn
|-curestatus|p2a: bean curd puff|slp
|move|p2a: bean curd puff|Lava Plume|p1a: Venusaur
|-supereffective|p1a: Venusaur
|-damage|p1a: Venusaur|144\/360 brn
|
|-damage|p1a: Venusaur|99\/360 brn|[from] brn
|turn|49
|
|move|p2a: bean curd puff|Lava Plume|p1a: Venusaur
|-supereffective|p1a: Venusaur
|-damage|p1a: Venusaur|13\/360 brn
|move|p1a: Venusaur|Synthesis|p1a: Venusaur
|-heal|p1a: Venusaur|193\/360 brn
|
|-damage|p1a: Venusaur|148\/360 brn|[from] brn
|turn|50
|
|move|p2a: bean curd puff|Lava Plume|p1a: Venusaur
|-supereffective|p1a: Venusaur
|-damage|p1a: Venusaur|50\/360 brn
|move|p1a: Venusaur|Synthesis|p1a: Venusaur
|-heal|p1a: Venusaur|230\/360 brn
|
|-damage|p1a: Venusaur|185\/360 brn|[from] brn
|turn|51
|
|move|p2a: bean curd puff|Lava Plume|p1a: Venusaur
|-supereffective|p1a: Venusaur
|-damage|p1a: Venusaur|101\/360 brn
|move|p1a: Venusaur|Sleep Powder|p2a: bean curd puff
|-status|p2a: bean curd puff|slp
|
|-damage|p1a: Venusaur|56\/360 brn|[from] brn
|turn|52
|
|cant|p2a: bean curd puff|slp
|move|p1a: Venusaur|Synthesis|p1a: Venusaur
|-heal|p1a: Venusaur|236\/360 brn
|
|-damage|p1a: Venusaur|191\/360 brn|[from] brn
|turn|53
|
|switch|p1a: Manaphy|Manaphy|344\/404
|cant|p2a: bean curd puff|slp
|
|-heal|p1a: Manaphy|369\/404|[from] item: Leftovers
|turn|54
|
|switch|p2a: just my onion|Celebi|404\/404
|-damage|p2a: just my onion|354\/404|[from] Spikes
|switch|p1a: Skarmory|Skarmory, M|207\/334
|
|-heal|p2a: just my onion|379\/404|[from] item: Leftovers
|turn|55
|
|move|p2a: just my onion|Baton Pass|p2a: just my onion
|
|switch|p2a: im walling everyth|Mandibuzz, F|250\/423
|move|p1a: Skarmory|Whirlwind|p2a: im walling everyth
|drag|p2a: Couture|Lopunny-Mega, F|124\/271
|-damage|p2a: Couture|91\/271|[from] Spikes
|
|turn|56
|
|switch|p2a: im walling everyth|Mandibuzz, F|250\/423
|move|p1a: Skarmory|Whirlwind|p2a: im walling everyth
|drag|p2a: Couture|Lopunny-Mega, F|91\/271
|-damage|p2a: Couture|58\/271|[from] Spikes
|
|turn|57
|
|switch|p2a: im walling everyth|Mandibuzz, F|250\/423
|move|p1a: Skarmory|Spikes|p2a: im walling everyth
|-sidestart|p2: lil manaphy|Spikes
|
|turn|58
|
|move|p2a: im walling everyth|Defog|p1a: Skarmory
|-unboost|p1a: Skarmory|evasion|1
|-sideend|p2: lil manaphy|Spikes|[from] move: Defog|[of] p2a: im walling everyth
|move|p1a: Skarmory|Roost|p1a: Skarmory
|-heal|p1a: Skarmory|334\/334
|
|turn|59
|
|switch|p1a: Manaphy|Manaphy|369\/404
|move|p2a: im walling everyth|Taunt|p1a: Manaphy
|-start|p1a: Manaphy|move: Taunt
|
|-heal|p1a: Manaphy|394\/404|[from] item: Leftovers
|turn|60
|c| UrsaReign|this could have been a lot easier if u had ice beam
|
|switch|p2a: just my onion|Celebi|379\/404
|move|p1a: Manaphy|Scald|p2a: just my onion
|-resisted|p2a: just my onion
|-damage|p2a: just my onion|335\/404
|-status|p2a: just my onion|brn
|
|-heal|p1a: Manaphy|404\/404|[from] item: Leftovers
|-heal|p2a: just my onion|360\/404 brn|[from] item: Leftovers
|-damage|p2a: just my onion|310\/404 brn|[from] brn
|turn|61
|
|switch|p1a: Skarmory|Skarmory, M|334\/334
|move|p2a: just my onion|Baton Pass|p2a: just my onion
|
|switch|p2a: bean curd puff|Heatran, M|365\/386 slp
|
|turn|62
|
|switch|p1a: Manaphy|Manaphy|404\/404
|-curestatus|p2a: bean curd puff|slp
|move|p2a: bean curd puff|Lava Plume|p1a: Manaphy
|-resisted|p1a: Manaphy
|-damage|p1a: Manaphy|344\/404
|
|-heal|p1a: Manaphy|369\/404|[from] item: Leftovers
|turn|63
|
|move|p2a: bean curd puff|Lava Plume|p1a: Manaphy
|-resisted|p1a: Manaphy
|-damage|p1a: Manaphy|306\/404
|move|p1a: Manaphy|Scald|p2a: bean curd puff
|-supereffective|p2a: bean curd puff
|-damage|p2a: bean curd puff|209\/386
|
|-heal|p1a: Manaphy|331\/404|[from] item: Leftovers
|turn|64
|
|switch|p2a: just my onion|Celebi|310\/404
|switch|p1a: Skarmory|Skarmory, M|334\/334
|
|-heal|p2a: just my onion|335\/404|[from] item: Leftovers
|turn|65
|
|switch|p2a: bean curd puff|Heatran, M|209\/386
|move|p1a: Skarmory|Spikes|p2a: bean curd puff
|-sidestart|p2: lil manaphy|Spikes
|
|turn|66
|c|âGiggling Grannie|i really am surprised lava plume is not burning anymore
|
|switch|p1a: Manaphy|Manaphy|331\/404
|move|p2a: bean curd puff|Lava Plume|p1a: Manaphy
|-resisted|p1a: Manaphy
|-damage|p1a: Manaphy|273\/404
|-status|p1a: Manaphy|brn
|
|-heal|p1a: Manaphy|298\/404 brn|[from] item: Leftovers
|-damage|p1a: Manaphy|248\/404 brn|[from] brn
|turn|67
|
|switch|p2a: just my onion|Celebi|335\/404
|-damage|p2a: just my onion|285\/404|[from] Spikes
|switch|p1a: Skarmory|Skarmory, M|334\/334
|
|-heal|p2a: just my onion|310\/404|[from] item: Leftovers
|turn|68
|c| UrsaReign|burn
|c| UrsaReign|nigga
|
|move|p2a: just my onion|Baton Pass|p2a: just my onion
|
|switch|p2a: im walling everyth|Mandibuzz, F|250\/423
|move|p1a: Skarmory|Whirlwind|p2a: im walling everyth
|drag|p2a: bean curd puff|Heatran, M|209\/386
|-damage|p2a: bean curd puff|161\/386|[from] Spikes
|
|turn|69
|
|switch|p1a: Manaphy|Manaphy|248\/404 brn
|move|p2a: bean curd puff|Stealth Rock|p1a: Manaphy
|-sidestart|p1: Giggling Grannie|move: Stealth Rock
|
|-heal|p1a: Manaphy|273\/404 brn|[from] item: Leftovers
|-damage|p1a: Manaphy|223\/404 brn|[from] brn
|turn|70
|
|switch|p2a: just my onion|Celebi|310\/404
|-damage|p2a: just my onion|260\/404|[from] Spikes
|switch|p1a: Skarmory|Skarmory, M|334\/334
|-damage|p1a: Skarmory|293\/334|[from] Stealth Rock
|
|-heal|p2a: just my onion|285\/404|[from] item: Leftovers
|turn|71
|
|move|p2a: just my onion|Recover|p2a: just my onion
|-heal|p2a: just my onion|404\/404
|move|p1a: Skarmory|Spikes|p2a: just my onion
|-sidestart|p2: lil manaphy|Spikes
|
|turn|72
|
|move|p2a: just my onion|Giga Drain|p1a: Skarmory
|-resisted|p1a: Skarmory
|-damage|p1a: Skarmory|262\/334
|move|p1a: Skarmory|Whirlwind|p2a: just my onion
|drag|p2a: im walling everyth|Mandibuzz, F|250\/423
|
|turn|73
|
|switch|p1a: Venusaur|Venusaur-Mega, M|191\/360 brn
|-damage|p1a: Venusaur|146\/360 brn|[from] Stealth Rock
|move|p2a: im walling everyth|Defog|p1a: Venusaur
|-unboost|p1a: Venusaur|evasion|1
|-sideend|p1: Giggling Grannie|Stealth Rock|[from] move: Defog|[of] p1a: Venusaur
|-sideend|p2: lil manaphy|Spikes|[from] move: Defog|[of] p2a: im walling everyth
|
|-damage|p1a: Venusaur|101\/360 brn|[from] brn
|turn|74
|c| UrsaReign|wtf is ur manaphy set anyways
|
|move|p1a: Venusaur|Synthesis|p1a: Venusaur
|-heal|p1a: Venusaur|281\/360 brn
|move|p2a: im walling everyth|Roost|p2a: im walling everyth
|-heal|p2a: im walling everyth|423\/423
|
|-damage|p1a: Venusaur|236\/360 brn|[from] brn
|turn|75
|leave|AlbertDaEinstein
|c|âGiggling Grannie|i cnnot reveal
|
|switch|p2a: bean curd puff|Heatran, M|161\/386
|move|p1a: Venusaur|Sludge Bomb|p2a: bean curd puff
|-immune|p2a: bean curd puff|[msg]
|
|-damage|p1a: Venusaur|191\/360 brn|[from] brn
|turn|76
|
|move|p2a: bean curd puff|Stealth Rock|p1a: Venusaur
|-sidestart|p1: Giggling Grannie|move: Stealth Rock
|move|p1a: Venusaur|Sleep Powder|p2a: bean curd puff
|-status|p2a: bean curd puff|slp
|
|-damage|p1a: Venusaur|146\/360 brn|[from] brn
|turn|77
|
|switch|p2a: im walling everyth|Mandibuzz, F|423\/423
|move|p1a: Venusaur|Sludge Bomb|p2a: im walling everyth
|-crit|p2a: im walling everyth
|-damage|p2a: im walling everyth|221\/423
|
|-damage|p1a: Venusaur|101\/360 brn|[from] brn
|turn|78
|
|move|p1a: Venusaur|Synthesis|p1a: Venusaur
|-heal|p1a: Venusaur|281\/360 brn
|move|p2a: im walling everyth|Roost|p2a: im walling everyth
|-heal|p2a: im walling everyth|423\/423
|
|-damage|p1a: Venusaur|236\/360 brn|[from] brn
|turn|79
|
|move|p1a: Venusaur|Sludge Bomb|p2a: im walling everyth
|-crit|p2a: im walling everyth
|-damage|p2a: im walling everyth|212\/423
|move|p2a: im walling everyth|Taunt|p1a: Venusaur
|-start|p1a: Venusaur|move: Taunt
|
|-damage|p1a: Venusaur|191\/360 brn|[from] brn
|turn|80
|c| UrsaReign|poison
|c|âGiggling Grannie|i rather have the poison
|c|âGiggling Grannie|than the crit
|
|move|p1a: Venusaur|Giga Drain|p2a: im walling everyth
|-resisted|p2a: im walling everyth
|-damage|p2a: im walling everyth|154\/423
|-heal|p1a: Venusaur|220\/360 brn|[from] drain|[of] p2a: im walling everyth
|move|p2a: im walling everyth|Roost|p2a: im walling everyth
|-heal|p2a: im walling everyth|366\/423
|
|-damage|p1a: Venusaur|175\/360 brn|[from] brn
|turn|81
|
|move|p1a: Venusaur|Sludge Bomb|p2a: im walling everyth
|-damage|p2a: im walling everyth|231\/423
|-status|p2a: im walling everyth|psn
|move|p2a: im walling everyth|Foul Play|p1a: Venusaur
|-damage|p1a: Venusaur|96\/360 brn
|
|-damage|p1a: Venusaur|51\/360 brn|[from] brn
|-damage|p2a: im walling everyth|179\/423 psn|[from] psn
|turn|82
|c| UrsaReign|play skills mon
|
|switch|p1a: Manaphy|Manaphy|223\/404 brn
|-damage|p1a: Manaphy|173\/404 brn|[from] Stealth Rock
|move|p2a: im walling everyth|Roost|p2a: im walling everyth
|-heal|p2a: im walling everyth|391\/423 psn
|
|-heal|p1a: Manaphy|198\/404 brn|[from] item: Leftovers
|-damage|p1a: Manaphy|148\/404 brn|[from] brn
|-damage|p2a: im walling everyth|339\/423 psn|[from] psn
|turn|83
|
|move|p1a: Manaphy|Tail Glow|p1a: Manaphy
|-boost|p1a: Manaphy|spa|3
|move|p2a: im walling everyth|Taunt|p1a: Manaphy
|-start|p1a: Manaphy|move: Taunt
|
|-heal|p1a: Manaphy|173\/404 brn|[from] item: Leftovers
|-damage|p1a: Manaphy|123\/404 brn|[from] brn
|-damage|p2a: im walling everyth|287\/423 psn|[from] psn
|turn|84
|c| UrsaReign|rest
|c| UrsaReign|if real
|
|switch|p2a: just my onion|Celebi|404\/404
|move|p1a: Manaphy|Scald|p2a: just my onion
|-resisted|p2a: just my onion
|-damage|p2a: just my onion|293\/404
|
|-heal|p1a: Manaphy|148\/404 brn|[from] item: Leftovers
|-heal|p2a: just my onion|318\/404|[from] item: Leftovers
|-damage|p1a: Manaphy|98\/404 brn|[from] brn
|turn|85
|c| UrsaReign|well
|
|move|p1a: Manaphy|Scald|p2a: just my onion
|-resisted|p2a: just my onion
|-damage|p2a: just my onion|215\/404
|move|p2a: just my onion|Baton Pass|p2a: just my onion
|
|switch|p2a: Couture|Lopunny-Mega, F|58\/271
|
|-heal|p1a: Manaphy|123\/404 brn|[from] item: Leftovers
|-damage|p1a: Manaphy|73\/404 brn|[from] brn
|turn|86
|
|switch|p1a: Skarmory|Skarmory, M|262\/334
|-damage|p1a: Skarmory|221\/334|[from] Stealth Rock
|move|p2a: Couture|Power-Up Punch|p1a: Skarmory
|-damage|p1a: Skarmory|178\/334
|-damage|p2a: Couture|13\/271|[from] item: Rocky Helmet|[of] p1a: Skarmory
|-boost|p2a: Couture|atk|1
|
|turn|87
|
|move|p2a: Couture|Drain Punch|p1a: Skarmory
|-damage|p1a: Skarmory|57\/334
|-heal|p2a: Couture|74\/271|[from] drain|[of] p1a: Skarmory
|-damage|p2a: Couture|29\/271|[from] item: Rocky Helmet|[of] p1a: Skarmory
|move|p1a: Skarmory|Defog|p2a: Couture
|-unboost|p2a: Couture|evasion|1
|-sideend|p1: Giggling Grannie|Stealth Rock|[from] move: Defog|[of] p1a: Skarmory
|
|turn|88
|c|âGiggling Grannie|gah game
|-message|Giggling Grannie forfeited.
|
|win|lil manaphy
|raw|Ladder updating...
|leave|Giggling Grannie
|player|p1
|raw|Giggling Grannie's rating: 1722 &rarr; <strong>1699<\/strong><br \/>(-23 for losing)
|raw|lil manaphy's rating: 1667 &rarr; <strong>1690<\/strong><br \/>(+23 for winning)
|leave|UrsaReign
|c|âlil manaphy|you deserved that
|leave|Collision Chaos
|join|Collision Chaos
|c|âlil manaphy|i mean honestly what was that jerkish garbage last game