|join|Kinglypuff
|join|Giggling Grannie
|player|p1|Kinglypuff|170
|player|p2|Giggling Grannie|121
|gametype|singles
|gen|6
|tier|OU
|rated
|clearpoke
|poke|p1|Charizard, M
|poke|p1|Bisharp, M
|poke|p1|Aegislash, F
|poke|p1|Scizor, M
|poke|p1|Landorus-Therian, M
|poke|p1|Azumarill, M
|poke|p2|Amoonguss, F
|poke|p2|Tyranitar, M
|poke|p2|Pinsir, F
|poke|p2|Zoroark, M
|poke|p2|Suicune
|poke|p2|Skarmory, M
|rule|Sleep Clause Mod: Limit one foe put to sleep
|rule|Species Clause: Limit one of each Pokemon
|rule|OHKO Clause: OHKO moves are banned
|rule|Moody Clause: Moody is banned
|rule|Evasion Moves Clause: Evasion moves are banned
|rule|Endless Battle Clause: Forcing endless battles is banned.
|rule|HP Percentage Mod: HP is reported as percentages
|teampreview
|join|fdasjhgsd
|
|start
|switch|p1a: Scizor|Scizor, M|344\/344
|switch|p2a: Reptar|Tyranitar, M|404\/404
|-weather|Sandstorm
|turn|1
|
|switch|p2a: Cold War|Suicune|404\/404
|-ability|p2a: Cold War|Pressure
|move|p1a: Scizor|U-turn|p2a: Cold War
|-damage|p2a: Cold War|314\/404
|
|switch|p1a: Bisharp|Bisharp, M|272\/272
|
|-weather|Sandstorm|[upkeep]
|-damage|p2a: Cold War|289\/404|[from] sandstorm
|-heal|p2a: Cold War|314\/404|[from] item: Leftovers
|turn|2
|
|move|p1a: Bisharp|Knock Off|p2a: Cold War
|-damage|p2a: Cold War|145\/404
|-enditem|p2a: Cold War|Leftovers|[from] move: Knock Off|[of] p1a: Bisharp
|-damage|p1a: Bisharp|245\/272|[from] item: Life Orb
|move|p2a: Cold War|Scald|p1a: Bisharp
|-damage|p1a: Bisharp|128\/272
|-status|p1a: Bisharp|brn
|
|-weather|Sandstorm|[upkeep]
|-damage|p2a: Cold War|120\/404|[from] sandstorm
|-damage|p1a: Bisharp|94\/272 brn|[from] brn
|turn|3
|chat|Giggling Grannie|wow bisharp is a good switch in to sucine?
|chat|Giggling Grannie|i didnt know what
|
|move|p1a: Bisharp|Swords Dance|p1a: Bisharp
|-boost|p1a: Bisharp|atk|2
|move|p2a: Cold War|Rest|p2a: Cold War
|-status|p2a: Cold War|slp
|-heal|p2a: Cold War|404\/404 slp|[silent]
|-status|p2a: Cold War|slp|[from] move: Rest
|
|-weather|Sandstorm|[upkeep]
|-damage|p2a: Cold War|379\/404 slp|[from] sandstorm
|-damage|p1a: Bisharp|60\/272 brn|[from] brn
|turn|4
|
|switch|p2a: Panzaeron|Skarmory, M|334\/334
|move|p1a: Bisharp|Knock Off|p2a: Panzaeron
|-damage|p2a: Panzaeron|204\/334
|-enditem|p2a: Panzaeron|Leftovers|[from] move: Knock Off|[of] p1a: Bisharp
|-damage|p1a: Bisharp|33\/272 brn|[from] item: Life Orb
|
|-weather|Sandstorm|[upkeep]
|-damage|p1a: Bisharp|0 fnt|[from] brn
|faint|p1a: Bisharp
|
|switch|p1a: Aegislash|Aegislash, F|261\/261
|turn|5
|
|switch|p2a: Shrooms|Amoonguss, F|424\/424
|-formechange|p1a: Aegislash|Aegislash-Blade
|move|p1a: Aegislash|Shadow Ball|p2a: Shrooms
|-damage|p2a: Shrooms|240\/424
|
|-weather|none
|-heal|p2a: Shrooms|266\/424|[from] item: Black Sludge
|turn|6
|
|switch|p1a: Scizor|Scizor, M|344\/344
|move|p2a: Shrooms|Spore|p1a: Scizor
|-status|p1a: Scizor|slp
|
|-heal|p2a: Shrooms|292\/424|[from] item: Black Sludge
|turn|7
|
|switch|p1a: Landorus-Therian|Landorus-Therian, M|382\/382
|-ability|p1a: Landorus-Therian|Intimidate|[of] p2a: Shrooms
|-unboost|p2a: Shrooms|atk|1
|switch|p2a: Panzaeron|Skarmory, M|204\/334
|
|turn|8
|
|move|p1a: Landorus-Therian|Stealth Rock|p2a: Panzaeron
|-sidestart|p2: Giggling Grannie|move: Stealth Rock
|move|p2a: Panzaeron|Spikes|p1a: Landorus-Therian
|-sidestart|p1: Kinglypuff|Spikes
|
|turn|9
|
|move|p1a: Landorus-Therian|U-turn|p2a: Panzaeron
|-resisted|p2a: Panzaeron
|-damage|p2a: Panzaeron|190\/334
|
|switch|p1a: Charizard|Charizard, M|297\/297
|move|p2a: Panzaeron|Spikes|p1a: Charizard
|-sidestart|p1: Kinglypuff|Spikes
|
|turn|10
|
|-formechange|p1a: Charizard|Charizard-Mega-X
|message|Charizard has Mega Evolved into Mega Charizard!
|move|p1a: Charizard|Flare Blitz|p2a: Panzaeron
|-supereffective|p2a: Panzaeron
|-damage|p2a: Panzaeron|0 fnt
|-damage|p1a: Charizard|234\/297|[from] recoil|[of] p2a: Panzaeron
|faint|p2a: Panzaeron
|
|
|switch|p2a: Reptar|Tyranitar, M|404\/404
|-damage|p2a: Reptar|354\/404|[from] Stealth Rock
|-weather|Sandstorm
|turn|11
|
|switch|p1a: Scizor|Scizor, M|344\/344 slp
|-damage|p1a: Scizor|287\/344 slp|[from] Spikes
|move|p2a: Reptar|Stealth Rock|p1a: Scizor
|-sidestart|p1: Kinglypuff|move: Stealth Rock
|
|-weather|Sandstorm|[upkeep]
|-heal|p1a: Scizor|308\/344 slp|[from] item: Leftovers
|turn|12
|
|switch|p2a: SLICE|Pinsir, F|266\/266
|-damage|p2a: SLICE|233\/266|[from] Stealth Rock
|cant|p1a: Scizor|slp
|
|-weather|Sandstorm|[upkeep]
|-damage|p2a: SLICE|217\/266|[from] sandstorm
|-heal|p1a: Scizor|329\/344 slp|[from] item: Leftovers
|turn|13
|
|switch|p1a: Landorus-Therian|Landorus-Therian, M|382\/382
|-damage|p1a: Landorus-Therian|335\/382|[from] Stealth Rock
|-ability|p1a: Landorus-Therian|Intimidate|[of] p2a: SLICE
|-unboost|p2a: SLICE|atk|1
|move|p2a: SLICE|Flamethrower|p1a: Landorus-Therian
|-damage|p1a: Landorus-Therian|215\/382
|
|-weather|Sandstorm|[upkeep]
|-damage|p2a: SLICE|201\/266|[from] sandstorm
|-heal|p1a: Landorus-Therian|238\/382|[from] item: Leftovers
|turn|14
|
|switch|p2a: Cold War|Suicune|379\/404 slp
|-damage|p2a: Cold War|329\/404 slp|[from] Stealth Rock
|-ability|p2a: Cold War|Pressure
|move|p1a: Landorus-Therian|U-turn|p2a: Cold War
|-damage|p2a: Cold War|261\/404 slp
|
|switch|p1a: Scizor|Scizor, M|329\/344 slp
|-damage|p1a: Scizor|286\/344 slp|[from] Stealth Rock
|-damage|p1a: Scizor|229\/344 slp|[from] Spikes
|
|-weather|Sandstorm|[upkeep]
|-damage|p2a: Cold War|236\/404 slp|[from] sandstorm
|-heal|p1a: Scizor|250\/344 slp|[from] item: Leftovers
|turn|15
|
|cant|p2a: Cold War|slp
|move|p2a: Cold War|Sleep Talk|p2a: Cold War
|move|p2a: Cold War|Rest|p2a: Cold War|[from]Sleep Talk
|-fail|p2a: Cold War
|cant|p1a: Scizor|slp
|
|-weather|none
|-heal|p1a: Scizor|271\/344 slp|[from] item: Leftovers
|turn|16
|
|cant|p2a: Cold War|slp
|move|p2a: Cold War|Sleep Talk|p2a: Cold War
|move|p2a: Cold War|Rest|p2a: Cold War|[from]Sleep Talk
|-fail|p2a: Cold War
|cant|p1a: Scizor|slp
|
|-heal|p1a: Scizor|292\/344 slp|[from] item: Leftovers
|turn|17
|
|-curestatus|p2a: Cold War|slp
|move|p2a: Cold War|Calm Mind|p2a: Cold War
|-boost|p2a: Cold War|spa|1
|-boost|p2a: Cold War|spd|1
|-curestatus|p1a: Scizor|slp
|move|p1a: Scizor|Defog|p2a: Cold War
|-unboost|p2a: Cold War|evasion|1
|-sideend|p2: Giggling Grannie|Stealth Rock|[from] move: Defog|[of] p2a: Cold War
|-sideend|p1: Kinglypuff|Spikes|[from] move: Defog|[of] p1a: Scizor
|-sideend|p1: Kinglypuff|Stealth Rock|[from] move: Defog|[of] p1a: Scizor
|
|-heal|p1a: Scizor|313\/344|[from] item: Leftovers
|turn|18
|
|move|p2a: Cold War|Calm Mind|p2a: Cold War
|-boost|p2a: Cold War|spa|1
|-boost|p2a: Cold War|spd|1
|move|p1a: Scizor|U-turn|p2a: Cold War
|-damage|p2a: Cold War|148\/404
|
|switch|p1a: Azumarill|Azumarill, M|382\/382
|
|turn|19
|
|move|p2a: Cold War|Scald|p1a: Azumarill
|-resisted|p1a: Azumarill
|-damage|p1a: Azumarill|272\/382
|move|p1a: Azumarill|Play Rough|p2a: Cold War
|-damage|p2a: Cold War|0 fnt
|faint|p2a: Cold War
|
|
|switch|p2a: SLICE|Pinsir, F|275\/275
|turn|20
|
|-formechange|p2a: SLICE|Pinsir-Mega
|message|Pinsir has Mega Evolved into Mega Pinsir!
|move|p2a: SLICE|Return|p1a: Azumarill
|-damage|p1a: Azumarill|0 fnt
|faint|p1a: Azumarill
|
|
|switch|p1a: Landorus-Therian|Landorus-Therian, M|238\/382
|-ability|p1a: Landorus-Therian|Intimidate|[of] p2a: SLICE
|-unboost|p2a: SLICE|atk|1
|turn|21
|
|move|p2a: SLICE|Return|p1a: Landorus-Therian
|-damage|p1a: Landorus-Therian|21\/382
|move|p1a: Landorus-Therian|Stone Edge|p2a: SLICE|[miss]
|-miss|p1a: Landorus-Therian|p2a: SLICE
|
|-heal|p1a: Landorus-Therian|44\/382|[from] item: Leftovers
|turn|22
|
|switch|p1a: Scizor|Scizor, M|313\/344
|move|p2a: SLICE|Return|p1a: Scizor
|-damage|p1a: Scizor|99\/344
|
|-heal|p1a: Scizor|120\/344|[from] item: Leftovers
|turn|23
|
|switch|p1a: Landorus-Therian|Landorus-Therian, M|44\/382
|-ability|p1a: Landorus-Therian|Intimidate|[of] p2a: SLICE
|-unboost|p2a: SLICE|atk|1
|move|p2a: SLICE|Return|p1a: Landorus-Therian
|-damage|p1a: Landorus-Therian|0 fnt
|faint|p1a: Landorus-Therian
|
|
|switch|p1a: Charizard|Charizard, M|234\/297
|-formechange|p1a: Charizard|Charizard-Mega-X
|turn|24
|
|move|p1a: Charizard|Dragon Dance|p1a: Charizard
|-boost|p1a: Charizard|atk|1
|-boost|p1a: Charizard|spe|1
|move|p2a: SLICE|Return|p1a: Charizard
|-damage|p1a: Charizard|89\/297
|
|turn|25
|
|move|p1a: Charizard|Flare Blitz|p2a: SLICE
|-supereffective|p2a: SLICE
|-damage|p2a: SLICE|0 fnt
|-damage|p1a: Charizard|0 fnt|[from] recoil|[of] p2a: SLICE
|faint|p2a: SLICE
|faint|p1a: Charizard
|
|
|switch|p2a: Shrooms|Amoonguss, F|201\/266
|switch|p1a: Scizor|Scizor, M|120\/344
|turn|26
|
|move|p2a: Shrooms|Flamethrower|p1a: Scizor
|-supereffective|p1a: Scizor
|-damage|p1a: Scizor|0 fnt
|faint|p1a: Scizor
|
|
|switch|p1a: Aegislash|Aegislash, F|261\/261
|turn|27
|
|switch|p2a: Reptar|Tyranitar, M|354\/404
|-weather|Sandstorm
|-formechange|p1a: Aegislash|Aegislash-Blade
|move|p1a: Aegislash|Sacred Sword|p2a: Reptar
|-supereffective|p2a: Reptar
|-enditem|p2a: Reptar|Chople Berry|[eat]
|-damage|p2a: Reptar|122\/404
|
|-weather|Sandstorm|[upkeep]
|turn|28
|
|-formechange|p1a: Aegislash|Aegislash
|move|p1a: Aegislash|King's Shield|p1a: Aegislash
|-singleturn|p1a: Aegislash|Protect
|move|p2a: Reptar|Thunder Wave|p1a: Aegislash
|-status|p1a: Aegislash|par
|
|-weather|Sandstorm|[upkeep]
|turn|29
|
|move|p2a: Reptar|Pursuit|p1a: Aegislash
|-supereffective|p1a: Aegislash
|-damage|p1a: Aegislash|163\/261 par
|-formechange|p1a: Aegislash|Aegislash-Blade
|move|p1a: Aegislash|Sacred Sword|p2a: Reptar
|-supereffective|p2a: Reptar
|-damage|p2a: Reptar|0 fnt
|faint|p2a: Reptar
|
|-weather|Sandstorm|[upkeep]
|
|switch|p2a: Shrooms|Amoonguss, F|201\/266
|turn|30
|
|-formechange|p1a: Aegislash|Aegislash
|move|p1a: Aegislash|King's Shield|p1a: Aegislash
|-singleturn|p1a: Aegislash|Protect
|move|p2a: Shrooms|Night Daze|p1a: Aegislash
|-activate|p1a: Aegislash|Protect
|
|-weather|Sandstorm|[upkeep]
|-damage|p2a: Shrooms|185\/266|[from] sandstorm
|turn|31
|
|move|p2a: Shrooms|Night Daze|p1a: Aegislash
|-supereffective|p1a: Aegislash
|-damage|p1a: Aegislash|0 fnt
|faint|p1a: Aegislash
|
|win|Giggling Grannie
|raw|Ladder updating...
|raw|Kinglypuff's rating: 1689 &rarr; <strong>1671<\/strong><br \/>(-18 for losing)
|raw|Giggling Grannie's rating: 1728 &rarr; <strong>1746<\/strong><br \/>(+18 for winning)