|join|NO MAS ELUGOTA
|join|Giggling Grannie
|player|p1|NO MAS ELUGOTA|65
|player|p2|Giggling Grannie|121
|gametype|singles
|gen|6
|tier|OU
|rated
|clearpoke
|poke|p1|Heracross, F
|poke|p1|Sableye, M
|poke|p1|Terrakion
|poke|p1|Latias, F
|poke|p1|Ferrothorn, F
|poke|p1|Landorus-Therian, M
|poke|p2|Amoonguss, F
|poke|p2|Tyranitar, M
|poke|p2|Pinsir, F
|poke|p2|Zoroark, M
|poke|p2|Suicune
|poke|p2|Skarmory, M
|rule|Sleep Clause Mod: Limit one foe put to sleep
|rule|Species Clause: Limit one of each Pokemon
|rule|OHKO Clause: OHKO moves are banned
|rule|Moody Clause: Moody is banned
|rule|Evasion Moves Clause: Evasion moves are banned
|rule|Endless Battle Clause: Forcing endless battles is banned.
|rule|HP Percentage Mod: HP is reported as percentages
|teampreview
|
|start
|switch|p1a: Terrakion|Terrakion|323\/323
|switch|p2a: Cold War|Suicune|404\/404
|-ability|p2a: Cold War|Pressure
|turn|1
|join|Tehi
|
|switch|p1a: Ferrothorn|Ferrothorn, F|352\/352
|move|p2a: Cold War|Scald|p1a: Ferrothorn
|-resisted|p1a: Ferrothorn
|-damage|p1a: Ferrothorn|324\/352
|-status|p1a: Ferrothorn|brn
|
|-heal|p1a: Ferrothorn|346\/352 brn|[from] item: Leftovers
|-damage|p1a: Ferrothorn|302\/352 brn|[from] brn
|turn|2
|
|switch|p2a: Panzaeron|Skarmory, M|334\/334
|move|p1a: Ferrothorn|Stealth Rock|p2a: Panzaeron
|-sidestart|p2: Giggling Grannie|move: Stealth Rock
|
|-heal|p1a: Ferrothorn|324\/352 brn|[from] item: Leftovers
|-damage|p1a: Ferrothorn|280\/352 brn|[from] brn
|turn|3
|
|switch|p1a: Sableye|Sableye, M|304\/304
|move|p2a: Panzaeron|Defog|p1a: Sableye
|-unboost|p1a: Sableye|evasion|1
|-sideend|p2: Giggling Grannie|Stealth Rock|[from] move: Defog|[of] p2a: Panzaeron
|
|turn|4
|
|switch|p2a: Cold War|Suicune|404\/404
|-ability|p2a: Cold War|Pressure
|move|p1a: Sableye|Will-O-Wisp|p2a: Cold War
|-status|p2a: Cold War|brn
|
|-damage|p2a: Cold War|354\/404 brn|[from] brn
|turn|5
|
|switch|p1a: Ferrothorn|Ferrothorn, F|280\/352 brn
|move|p2a: Cold War|Scald|p1a: Ferrothorn
|-resisted|p1a: Ferrothorn
|-damage|p1a: Ferrothorn|250\/352 brn
|
|-heal|p2a: Cold War|379\/404 brn|[from] item: Leftovers
|-heal|p1a: Ferrothorn|272\/352 brn|[from] item: Leftovers
|-damage|p2a: Cold War|329\/404 brn|[from] brn
|-damage|p1a: Ferrothorn|228\/352 brn|[from] brn
|turn|6
|
|switch|p2a: SLICE|Pinsir, F|275\/275
|move|p1a: Ferrothorn|Leech Seed|p2a: SLICE
|-start|p2a: SLICE|move: Leech Seed
|
|-heal|p1a: Ferrothorn|250\/352 brn|[from] item: Leftovers
|-damage|p2a: SLICE|241\/275|[from] Leech Seed|[of] p1a: Ferrothorn
|-heal|p1a: Ferrothorn|284\/352 brn|[silent]
|-damage|p1a: Ferrothorn|240\/352 brn|[from] brn
|turn|7
|
|switch|p1a: Landorus-Therian|Landorus-Therian, M|320\/320
|-ability|p1a: Landorus-Therian|Intimidate|[of] p2a: SLICE
|-fail|p2a: SLICE|unboost|Attack|[from] ability: Hyper Cutter|[of] p2a: SLICE
|-formechange|p2a: SLICE|Pinsir-Mega
|message|Pinsir has Mega Evolved into Mega Pinsir!
|move|p2a: SLICE|Swords Dance|p2a: SLICE
|-boost|p2a: SLICE|atk|2
|
|-damage|p2a: SLICE|207\/275|[from] Leech Seed|[of] p1a: Landorus-Therian
|turn|8
|
|move|p1a: Landorus-Therian|Stone Edge|p2a: SLICE
|-supereffective|p2a: SLICE
|-damage|p2a: SLICE|0 fnt
|faint|p2a: SLICE
|
|-message|Giggling Grannie forfeited.
|
|win|NO MAS ELUGOTA
|raw|Ladder updating...
|leave|Giggling Grannie
|player|p2
|raw|NO MAS ELUGOTA's rating: 1816 &rarr; <strong>1836<\/strong><br \/>(+20 for winning)
|raw|Giggling Grannie's rating: 1814 &rarr; <strong>1794<\/strong><br \/>(-20 for losing)
|leave|NO MAS ELUGOTA
|player|p1