|join|vDark
|join|ULT CLAN LEADER
|player|p1|vDark|99
|player|p2|ULT CLAN LEADER|87
|gametype|singles
|gen|6
|tier|UU
|rated
|rule|Sleep Clause Mod: Limit one foe put to sleep
|rule|Species Clause: Limit one of each PokÃ©mon
|rule|OHKO Clause: OHKO moves are banned
|rule|Moody Clause: Moody is banned
|rule|Evasion Moves Clause: Evasion moves are banned
|rule|Endless Battle Clause: Forcing endless battles is banned
|rule|HP Percentage Mod: HP is shown in percentages
|clearpoke
|poke|p1|Aerodactyl, F
|poke|p1|Slurpuff, M
|poke|p1|Chandelure, M
|poke|p1|Galvantula, M
|poke|p1|Honchkrow, M
|poke|p1|Entei, shiny
|poke|p2|Suicune
|poke|p2|Yanmega, F, shiny
|poke|p2|Jirachi, shiny
|poke|p2|Togetic, F
|poke|p2|Donphan, M
|poke|p2|Lucario, M
|rule|Swagger Clause: Swagger is banned
|rule|Baton Pass Clause: Limit one PokÃ©mon knowing Baton Pass
|teampreview
|
|start
|switch|p1a: Galvantula|Galvantula, M|281\/281
|switch|p2a: Jirachi|Jirachi, shiny|341\/341
|turn|1
|
|move|p2a: Jirachi|Trick|p1a: Galvantula
|-activate|p2a: Jirachi|move: Trick|[of] p1a: Galvantula
|-item|p1a: Galvantula|Choice Scarf|[from] move: Trick
|-item|p2a: Jirachi|Focus Sash|[from] move: Trick
|move|p1a: Galvantula|Sticky Web|p2a: Jirachi
|-sidestart|p2: ULT CLAN LEADER|move: Sticky Web
|
|turn|2
|
|switch|p1a: Chandelure|Chandelure, M|261\/261
|move|p2a: Jirachi|U-turn|p1a: Chandelure
|-resisted|p1a: Chandelure
|-damage|p1a: Chandelure|241\/261
|
|switch|p2a: Schweinsteiger|Donphan, M|382\/382
|-activate|p2a: Schweinsteiger|move: Sticky Web
|-unboost|p2a: Schweinsteiger|spe|1
|
|turn|3
|
|move|p1a: Chandelure|Energy Ball|p2a: Schweinsteiger
|-supereffective|p2a: Schweinsteiger
|-activate|p2a: Schweinsteiger|Sturdy
|-damage|p2a: Schweinsteiger|1\/382
|move|p2a: Schweinsteiger|Stealth Rock|p1a: Chandelure
|-sidestart|p1: vDark|move: Stealth Rock
|
|-heal|p2a: Schweinsteiger|24\/382|[from] item: Leftovers
|turn|4
|
|switch|p1a: Galvantula|Galvantula, M|281\/281
|-damage|p1a: Galvantula|211\/281|[from] Stealth Rock
|switch|p2a: Bravely Default|Togetic, F|313\/313
|
|turn|5
|
|switch|p2a: Schweinsteiger|Donphan, M|24\/382
|-activate|p2a: Schweinsteiger|move: Sticky Web
|-unboost|p2a: Schweinsteiger|spe|1
|move|p1a: Galvantula|Thunder|p2a: Schweinsteiger
|-immune|p2a: Schweinsteiger|[msg]
|
|-heal|p2a: Schweinsteiger|47\/382|[from] item: Leftovers
|turn|6
|
|switch|p1a: Honchkrow|Honchkrow, M|403\/403
|-damage|p1a: Honchkrow|303\/403|[from] Stealth Rock
|move|p2a: Schweinsteiger|Rapid Spin|p1a: Honchkrow
|-damage|p1a: Honchkrow|264\/403
|-sideend|p2: ULT CLAN LEADER|Sticky Web|[from] move: Rapid Spin|[of] p2a: Schweinsteiger
|
|-heal|p2a: Schweinsteiger|70\/382|[from] item: Leftovers
|turn|7
|
|move|p1a: Honchkrow|Brave Bird|p2a: Schweinsteiger
|-damage|p2a: Schweinsteiger|0 fnt
|-damage|p1a: Honchkrow|241\/403|[from] recoil|[of] p2a: Schweinsteiger
|-damage|p1a: Honchkrow|201\/403|[from] item: Life Orb
|faint|p2a: Schweinsteiger
|-boost|p1a: Honchkrow|atk|1|[from] ability: Moxie
|
|
|switch|p2a: Lucario|Lucario, M|289\/289
|turn|8
|
|move|p2a: Lucario|Flash Cannon|p1a: Honchkrow
|-damage|p1a: Honchkrow|0 fnt
|-damage|p2a: Lucario|261\/289|[from] item: Life Orb
|faint|p1a: Honchkrow
|
|
|switch|p1a: Galvantula|Galvantula, M|211\/281
|-damage|p1a: Galvantula|141\/281|[from] Stealth Rock
|turn|9
|
|move|p1a: Galvantula|Sticky Web|p2a: Lucario
|-sidestart|p2: ULT CLAN LEADER|move: Sticky Web
|move|p2a: Lucario|Nasty Plot|p2a: Lucario
|-boost|p2a: Lucario|spa|2
|
|turn|10
|c|âULT CLAN LEADER|was
|c|âULT CLAN LEADER|it
|c|âULT CLAN LEADER|worth
|c|âULT CLAN LEADER|it
|c|âULT CLAN LEADER|?
|c|âvDark|yes
|
|switch|p1a: Aerodactyl|Aerodactyl, F|301\/301
|-damage|p1a: Aerodactyl|226\/301|[from] Stealth Rock
|move|p2a: Lucario|Agility|p2a: Lucario
|-boost|p2a: Lucario|spe|2
|
|turn|11
|
|detailschange|p1a: Aerodactyl|Aerodactyl-Mega, F
|-mega|p1a: Aerodactyl|Aerodactyl|Aerodactylite
|move|p2a: Lucario|Flash Cannon|p1a: Aerodactyl
|-supereffective|p1a: Aerodactyl
|-damage|p1a: Aerodactyl|0 fnt
|-damage|p2a: Lucario|233\/289|[from] item: Life Orb
|faint|p1a: Aerodactyl
|
|
|switch|p1a: Galvantula|Galvantula, M|141\/281
|-damage|p1a: Galvantula|71\/281|[from] Stealth Rock
|turn|12
|
|move|p2a: Lucario|Flash Cannon|p1a: Galvantula
|-resisted|p1a: Galvantula
|-damage|p1a: Galvantula|0 fnt
|-damage|p2a: Lucario|205\/289|[from] item: Life Orb
|faint|p1a: Galvantula
|
|
|switch|p1a: Chandelure|Chandelure, M|241\/261
|-damage|p1a: Chandelure|176\/261|[from] Stealth Rock
|turn|13
|
|move|p2a: Lucario|Flash Cannon|p1a: Chandelure
|-resisted|p1a: Chandelure
|-damage|p1a: Chandelure|0 fnt
|-damage|p2a: Lucario|177\/289|[from] item: Life Orb
|faint|p1a: Chandelure
|
|
|switch|p1a: Entei|Entei, shiny|371\/371
|-damage|p1a: Entei|279\/371|[from] Stealth Rock
|-ability|p1a: Entei|Pressure
|turn|14
|
|move|p1a: Entei|Extreme Speed|p2a: Lucario
|-resisted|p2a: Lucario
|-damage|p2a: Lucario|80\/289
|move|p2a: Lucario|Aura Sphere|p1a: Entei
|-damage|p1a: Entei|0 fnt
|-damage|p2a: Lucario|52\/289|[from] item: Life Orb
|faint|p1a: Entei
|
|
|switch|p1a: Slurpuff|Slurpuff, M|306\/306
|-damage|p1a: Slurpuff|268\/306|[from] Stealth Rock
|turn|15
|
|move|p2a: Lucario|Flash Cannon|p1a: Slurpuff
|-supereffective|p1a: Slurpuff
|-damage|p1a: Slurpuff|0 fnt
|-damage|p2a: Lucario|24\/289|[from] item: Life Orb
|faint|p1a: Slurpuff
|
|win|ULT CLAN LEADER
|raw|Ladder updating...