|join|Linck129
|join|uCan'tSeeMe
|player|p1|Linck129|169
|player|p2|uCan'tSeeMe|211
|gametype|singles
|gen|6
|tier|ORAS OU
|rated
|rule|Sleep Clause Mod: Limit one foe put to sleep
|rule|Species Clause: Limit one of each PokÃ©mon
|rule|OHKO Clause: OHKO moves are banned
|rule|Moody Clause: Moody is banned
|rule|Evasion Moves Clause: Evasion moves are banned
|rule|Endless Battle Clause: Forcing endless battles is banned
|rule|HP Percentage Mod: HP is shown in percentages
|clearpoke
|poke|p1|Salamence, M
|poke|p1|Heatran, M
|poke|p1|Mamoswine, F
|poke|p1|Rotom-Wash
|poke|p1|Landorus-Therian, M
|poke|p1|Amoonguss, M
|poke|p2|Sceptile, M
|poke|p2|Talonflame, M, shiny
|poke|p2|Starmie
|poke|p2|Mamoswine, M
|poke|p2|Skarmory, F
|poke|p2|Heatran, M
|rule|Swagger Clause: Swagger is banned
|rule|Baton Pass Clause: Limit one PokÃ©mon knowing Baton Pass
|teampreview
|
|start
|switch|p1a: Heatran|Heatran, M|323\/323
|switch|p2a: Mamoswine|Mamoswine, M|362\/362
|turn|1
|
|move|p1a: Heatran|Flash Cannon|p2a: Mamoswine
|-supereffective|p2a: Mamoswine
|-damage|p2a: Mamoswine|0 fnt
|faint|p2a: Mamoswine
|
|
|switch|p2a: Heatran|Heatran, M|386\/386
|turn|2
|
|switch|p1a: Rotom-Wash|Rotom-Wash|304\/304
|move|p2a: Heatran|Stealth Rock|p1a: Rotom-Wash
|-sidestart|p1: Linck129|move: Stealth Rock
|
|turn|3
|
|move|p2a: Heatran|Toxic|p1a: Rotom-Wash
|-status|p1a: Rotom-Wash|tox
|move|p1a: Rotom-Wash|Hydro Pump|p2a: Heatran|[miss]
|-miss|p1a: Rotom-Wash|p2a: Heatran
|
|-damage|p1a: Rotom-Wash|285\/304 tox|[from] psn
|turn|4
|
|move|p2a: Heatran|Lava Plume|p1a: Rotom-Wash
|-resisted|p1a: Rotom-Wash
|-damage|p1a: Rotom-Wash|225\/304 tox
|move|p1a: Rotom-Wash|Volt Switch|p2a: Heatran
|-damage|p2a: Heatran|322\/386
|
|switch|p1a: Landorus-Therian|Landorus-Therian, M|382\/382
|-damage|p1a: Landorus-Therian|335\/382|[from] Stealth Rock
|-ability|p1a: Landorus-Therian|Intimidate|[of] p2a: Heatran
|-unboost|p2a: Heatran|atk|1
|
|-heal|p2a: Heatran|346\/386|[from] item: Leftovers
|-heal|p1a: Landorus-Therian|358\/382|[from] item: Leftovers
|turn|5
|
|move|p2a: Heatran|Lava Plume|p1a: Landorus-Therian
|-damage|p1a: Landorus-Therian|205\/382
|move|p1a: Landorus-Therian|Stealth Rock|p2a: Heatran
|-sidestart|p2: uCan'tSeeMe|move: Stealth Rock
|
|-heal|p2a: Heatran|370\/386|[from] item: Leftovers
|-heal|p1a: Landorus-Therian|228\/382|[from] item: Leftovers
|turn|6
|
|switch|p2a: Skarmory|Skarmory, F|334\/334
|-damage|p2a: Skarmory|293\/334|[from] Stealth Rock
|move|p1a: Landorus-Therian|Knock Off|p2a: Skarmory
|-damage|p2a: Skarmory|218\/334
|-enditem|p2a: Skarmory|Shed Shell|[from] move: Knock Off|[of] p1a: Landorus-Therian
|
|-heal|p1a: Landorus-Therian|251\/382|[from] item: Leftovers
|turn|7
|
|switch|p1a: Rotom-Wash|Rotom-Wash|225\/304 tox
|-damage|p1a: Rotom-Wash|187\/304 tox|[from] Stealth Rock
|move|p2a: Skarmory|Spikes|p1a: Rotom-Wash
|-sidestart|p1: Linck129|Spikes
|
|-heal|p1a: Rotom-Wash|206\/304 tox|[from] item: Leftovers
|-damage|p1a: Rotom-Wash|187\/304 tox|[from] psn
|turn|8
|
|switch|p2a: Heatran|Heatran, M|370\/386
|-damage|p2a: Heatran|322\/386|[from] Stealth Rock
|move|p1a: Rotom-Wash|Volt Switch|p2a: Heatran
|-damage|p2a: Heatran|250\/386
|
|switch|p1a: Landorus-Therian|Landorus-Therian, M|251\/382
|-damage|p1a: Landorus-Therian|204\/382|[from] Stealth Rock
|-ability|p1a: Landorus-Therian|Intimidate|[of] p2a: Heatran
|-unboost|p2a: Heatran|atk|1
|
|-heal|p2a: Heatran|274\/386|[from] item: Leftovers
|-heal|p1a: Landorus-Therian|227\/382|[from] item: Leftovers
|turn|9
|
|switch|p2a: Skarmory|Skarmory, F|218\/334
|-damage|p2a: Skarmory|177\/334|[from] Stealth Rock
|switch|p1a: Rotom-Wash|Rotom-Wash|187\/304 tox
|-damage|p1a: Rotom-Wash|149\/304 tox|[from] Stealth Rock
|
|-heal|p1a: Rotom-Wash|168\/304 tox|[from] item: Leftovers
|-damage|p1a: Rotom-Wash|149\/304 tox|[from] psn
|turn|10
|
|switch|p2a: Heatran|Heatran, M|274\/386
|-damage|p2a: Heatran|226\/386|[from] Stealth Rock
|move|p1a: Rotom-Wash|Volt Switch|p2a: Heatran
|-damage|p2a: Heatran|163\/386
|
|switch|p1a: Mamoswine|Mamoswine, F|361\/361
|-damage|p1a: Mamoswine|316\/361|[from] Stealth Rock
|-damage|p1a: Mamoswine|271\/361|[from] Spikes
|
|-heal|p2a: Heatran|187\/386|[from] item: Leftovers
|turn|11
|
|switch|p2a: Starmie|Starmie|317\/317
|-damage|p2a: Starmie|278\/317|[from] Stealth Rock
|move|p1a: Mamoswine|Icicle Crash|p2a: Starmie
|-resisted|p2a: Starmie
|-damage|p2a: Starmie|169\/317
|-damage|p1a: Mamoswine|235\/361|[from] item: Life Orb
|
|-heal|p2a: Starmie|188\/317|[from] item: Leftovers
|turn|12
|
|move|p2a: Starmie|Scald|p1a: Mamoswine
|-supereffective|p1a: Mamoswine
|-damage|p1a: Mamoswine|0 fnt
|faint|p1a: Mamoswine
|
|-heal|p2a: Starmie|207\/317|[from] item: Leftovers
|
|switch|p1a: Rotom-Wash|Rotom-Wash|149\/304 tox
|-damage|p1a: Rotom-Wash|111\/304 tox|[from] Stealth Rock
|turn|13
|
|move|p2a: Starmie|Rapid Spin|p1a: Rotom-Wash
|-damage|p1a: Rotom-Wash|104\/304 tox
|-sideend|p2: uCan'tSeeMe|Stealth Rock|[from] move: Rapid Spin|[of] p2a: Starmie
|move|p1a: Rotom-Wash|Volt Switch|p2a: Starmie
|-supereffective|p2a: Starmie
|-damage|p2a: Starmie|0 fnt
|faint|p2a: Starmie
|
|switch|p1a: Heatran|Heatran, M|323\/323
|-damage|p1a: Heatran|283\/323|[from] Spikes
|-damage|p1a: Heatran|243\/323|[from] Stealth Rock
|
|
|switch|p2a: Sceptile|Sceptile, M|281\/281
|turn|14
|
|switch|p2a: Heatran|Heatran, M|187\/386
|move|p1a: Heatran|Hidden Power|p2a: Heatran
|-crit|p2a: Heatran
|-resisted|p2a: Heatran
|-damage|p2a: Heatran|167\/386
|
|-heal|p2a: Heatran|191\/386|[from] item: Leftovers
|turn|15
|
|switch|p1a: Rotom-Wash|Rotom-Wash|104\/304 tox
|-damage|p1a: Rotom-Wash|66\/304 tox|[from] Stealth Rock
|move|p2a: Heatran|Lava Plume|p1a: Rotom-Wash
|-resisted|p1a: Rotom-Wash
|-damage|p1a: Rotom-Wash|13\/304 tox
|
|-heal|p2a: Heatran|215\/386|[from] item: Leftovers
|-heal|p1a: Rotom-Wash|32\/304 tox|[from] item: Leftovers
|-damage|p1a: Rotom-Wash|13\/304 tox|[from] psn
|turn|16
|
|move|p2a: Heatran|Lava Plume|p1a: Rotom-Wash
|-resisted|p1a: Rotom-Wash
|-damage|p1a: Rotom-Wash|0 fnt
|faint|p1a: Rotom-Wash
|
|-heal|p2a: Heatran|239\/386|[from] item: Leftovers
|
|switch|p1a: Landorus-Therian|Landorus-Therian, M|227\/382
|-damage|p1a: Landorus-Therian|180\/382|[from] Stealth Rock
|-ability|p1a: Landorus-Therian|Intimidate|[of] p2a: Heatran
|-unboost|p2a: Heatran|atk|1
|turn|17
|
|move|p2a: Heatran|Lava Plume|p1a: Landorus-Therian
|-damage|p1a: Landorus-Therian|48\/382
|move|p1a: Landorus-Therian|Stealth Rock|p2a: Heatran
|-sidestart|p2: uCan'tSeeMe|move: Stealth Rock
|
|-heal|p2a: Heatran|263\/386|[from] item: Leftovers
|-heal|p1a: Landorus-Therian|71\/382|[from] item: Leftovers
|turn|18
|
|switch|p1a: Heatran|Heatran, M|243\/323
|-damage|p1a: Heatran|203\/323|[from] Spikes
|-damage|p1a: Heatran|163\/323|[from] Stealth Rock
|move|p2a: Heatran|Lava Plume|p1a: Heatran
|-start|p1a: Heatran|ability: Flash Fire
|
|-heal|p2a: Heatran|287\/386|[from] item: Leftovers
|turn|19
|
|move|p1a: Heatran|Earth Power|p2a: Heatran
|-supereffective|p2a: Heatran
|-damage|p2a: Heatran|0 fnt
|faint|p2a: Heatran
|
|
|switch|p2a: Talonflame|Talonflame, M, shiny|298\/298
|-damage|p2a: Talonflame|149\/298|[from] Stealth Rock
|turn|20
|
|switch|p1a: Landorus-Therian|Landorus-Therian, M|71\/382
|-damage|p1a: Landorus-Therian|24\/382|[from] Stealth Rock
|-ability|p1a: Landorus-Therian|Intimidate|[of] p2a: Talonflame
|-unboost|p2a: Talonflame|atk|1
|move|p2a: Talonflame|Swords Dance|p2a: Talonflame
|-boost|p2a: Talonflame|atk|2
|
|-heal|p1a: Landorus-Therian|47\/382|[from] item: Leftovers
|turn|21
|
|move|p2a: Talonflame|Brave Bird|p1a: Landorus-Therian
|-damage|p1a: Landorus-Therian|0 fnt
|-damage|p2a: Talonflame|133\/298|[from] recoil|[of] p1a: Landorus-Therian
|faint|p1a: Landorus-Therian
|
|
|switch|p1a: Salamence|Salamence, M|381\/381
|-damage|p1a: Salamence|286\/381|[from] Stealth Rock
|-ability|p1a: Salamence|Intimidate|[of] p2a: Talonflame
|-unboost|p2a: Talonflame|atk|1
|turn|22
|
|detailschange|p1a: Salamence|Salamence-Mega, M
|message|Salamence has Mega Evolved into Mega Salamence!
|move|p2a: Talonflame|Brave Bird|p1a: Salamence
|-damage|p1a: Salamence|133\/381
|-damage|p2a: Talonflame|83\/298|[from] recoil|[of] p1a: Salamence
|move|p1a: Salamence|Frustration|p2a: Talonflame
|-damage|p2a: Talonflame|0 fnt
|faint|p2a: Talonflame
|
|
|switch|p2a: Sceptile|Sceptile, M|281\/281
|-damage|p2a: Sceptile|246\/281|[from] Stealth Rock
|turn|23
|
|detailschange|p2a: Sceptile|Sceptile-Mega, M
|message|Sceptile has Mega Evolved into Mega Sceptile!
|move|p2a: Sceptile|Dragon Pulse|p1a: Salamence
|-supereffective|p1a: Salamence
|-damage|p1a: Salamence|0 fnt
|faint|p1a: Salamence
|
|
|switch|p1a: Heatran|Heatran, M|163\/323
|-damage|p1a: Heatran|123\/323|[from] Spikes
|-damage|p1a: Heatran|83\/323|[from] Stealth Rock
|turn|24
|
|move|p2a: Sceptile|Earthquake|p1a: Heatran
|-supereffective|p1a: Heatran
|-damage|p1a: Heatran|0 fnt
|faint|p1a: Heatran
|
|
|switch|p1a: Amoonguss|Amoonguss, M|432\/432
|-damage|p1a: Amoonguss|378\/432|[from] Stealth Rock
|-damage|p1a: Amoonguss|324\/432|[from] Spikes
|turn|25
|
|move|p2a: Sceptile|Dragon Pulse|p1a: Amoonguss
|-damage|p1a: Amoonguss|177\/432
|move|p1a: Amoonguss|Sludge Bomb|p2a: Sceptile
|-supereffective|p2a: Sceptile
|-damage|p2a: Sceptile|34\/281
|-status|p2a: Sceptile|psn
|
|-heal|p1a: Amoonguss|204\/432|[from] item: Black Sludge
|-damage|p2a: Sceptile|0 fnt|[from] psn
|faint|p2a: Sceptile
|
|switch|p2a: Skarmory|Skarmory, F|177\/334
|-damage|p2a: Skarmory|136\/334|[from] Stealth Rock
|turn|26
|
|move|p2a: Skarmory|Brave Bird|p1a: Amoonguss
|-supereffective|p1a: Amoonguss
|-damage|p1a: Amoonguss|0 fnt
|-damage|p2a: Skarmory|69\/334|[from] recoil|[of] p1a: Amoonguss
|faint|p1a: Amoonguss
|
|win|uCan'tSeeMe
|raw|Ladder updating...
|raw|Linck129's rating: 1645 &rarr; <strong>1623<\/strong><br \/>(-22 for losing)
|raw|uCan&apos;tSeeMe's rating: 1614 &rarr; <strong>1636<\/strong><br \/>(+22 for winning)
|leave|Linck129
|player|p1