|join|The Based Mulan
|join|Linck129
|player|p1|The Based Mulan|167
|player|p2|Linck129|169
|gametype|singles
|gen|6
|tier|ORAS OU
|rated
|rule|Sleep Clause Mod: Limit one foe put to sleep
|rule|Species Clause: Limit one of each PokÃ©mon
|rule|OHKO Clause: OHKO moves are banned
|rule|Moody Clause: Moody is banned
|rule|Evasion Moves Clause: Evasion moves are banned
|rule|Endless Battle Clause: Forcing endless battles is banned
|rule|HP Percentage Mod: HP is shown in percentages
|clearpoke
|poke|p1|Camerupt, M
|poke|p1|Dragonite, M
|poke|p1|Slowbro, F
|poke|p1|Ferrothorn, F
|poke|p1|Porygon2
|poke|p1|Conkeldurr, F
|poke|p2|Sceptile, F
|poke|p2|Azumarill, F
|poke|p2|Landorus-Therian, M
|poke|p2|Mew
|poke|p2|Bisharp, M
|poke|p2|Heatran, F
|rule|Swagger Clause: Swagger is banned
|rule|Baton Pass Clause: Limit one PokÃ©mon knowing Baton Pass
|teampreview
|
|start
|switch|p1a: Conkeldurr|Conkeldurr, F|381\/381
|switch|p2a: Landorus-Therian|Landorus-Therian, M|320\/320
|-ability|p2a: Landorus-Therian|Intimidate|[of] p1a: Conkeldurr
|-unboost|p1a: Conkeldurr|atk|1
|turn|1
|
|move|p2a: Landorus-Therian|U-turn|p1a: Conkeldurr
|-resisted|p1a: Conkeldurr
|-damage|p1a: Conkeldurr|332\/381
|
|switch|p2a: Azumarill|Azumarill, F|404\/404
|move|p1a: Conkeldurr|Poison Jab|p2a: Azumarill
|-supereffective|p2a: Azumarill
|-damage|p2a: Azumarill|118\/404
|
|turn|2
|
|switch|p2a: Heatran|Heatran, F|386\/386
|switch|p1a: Ferrothorn|Ferrothorn, F|351\/351
|
|turn|3
|
|switch|p1a: Slowbro|Slowbro, F|391\/391
|move|p2a: Heatran|Toxic|p1a: Slowbro
|-status|p1a: Slowbro|tox
|
|-damage|p1a: Slowbro|367\/391 tox|[from] psn
|turn|4
|
|move|p2a: Heatran|Magma Storm|p1a: Slowbro|[miss]
|-miss|p2a: Heatran|p1a: Slowbro
|move|p1a: Slowbro|Trick Room|p1a: Slowbro
|-fieldstart|move: Trick Room|[of] p1a: Slowbro
|
|-damage|p1a: Slowbro|319\/391 tox|[from] psn
|turn|5
|
|move|p2a: Heatran|Protect|p2a: Heatran
|-singleturn|p2a: Heatran|Protect
|move|p1a: Slowbro|Scald|p2a: Heatran
|-activate|p2a: Heatran|Protect
|
|-damage|p1a: Slowbro|247\/391 tox|[from] psn
|turn|6
|
|move|p1a: Slowbro|Ice Beam|p2a: Heatran
|-resisted|p2a: Heatran
|-damage|p2a: Heatran|365\/386
|-damage|p1a: Slowbro|208\/391 tox|[from] item: Life Orb
|move|p2a: Heatran|Magma Storm|p1a: Slowbro
|-resisted|p1a: Slowbro
|-damage|p1a: Slowbro|117\/391 tox
|-activate|p1a: Slowbro|move: Magma Storm|[of] p2a: Heatran
|
|-heal|p2a: Heatran|386\/386|[from] item: Leftovers
|-damage|p1a: Slowbro|21\/391 tox|[from] psn
|-damage|p1a: Slowbro|0 fnt|[from] move: Magma Storm|[partiallytrapped]
|faint|p1a: Slowbro
|
|switch|p1a: Camerupt|Camerupt, M|343\/343
|turn|7
|
|switch|p2a: Mew|Mew|404\/404
|detailschange|p1a: Camerupt|Camerupt-Mega, M
|message|Camerupt has Mega Evolved into Mega Camerupt!
|move|p1a: Camerupt|Earth Power|p2a: Mew
|-damage|p2a: Mew|211\/404
|
|-heal|p2a: Mew|236\/404|[from] item: Leftovers
|turn|8
|
|move|p1a: Camerupt|Fire Blast|p2a: Mew|[miss]
|-miss|p1a: Camerupt|p2a: Mew
|move|p2a: Mew|Soft-Boiled|p2a: Mew
|-heal|p2a: Mew|404\/404
|
|-fieldend|move: Trick Room
|turn|9
|
|switch|p2a: Azumarill|Azumarill, F|118\/404
|move|p1a: Camerupt|Fire Blast|p2a: Azumarill|[miss]
|-miss|p1a: Camerupt|p2a: Azumarill
|
|turn|10
|
|switch|p2a: Sceptile|Sceptile, F|282\/282
|switch|p1a: Ferrothorn|Ferrothorn, F|351\/351
|
|turn|11
|
|detailschange|p2a: Sceptile|Sceptile-Mega, F
|message|Sceptile has Mega Evolved into Mega Sceptile!
|move|p2a: Sceptile|Focus Blast|p1a: Ferrothorn|[miss]
|-miss|p2a: Sceptile|p1a: Ferrothorn
|move|p1a: Ferrothorn|Stealth Rock|p2a: Sceptile
|-sidestart|p2: Linck129|move: Stealth Rock
|
|turn|12
|
|move|p2a: Sceptile|Focus Blast|p1a: Ferrothorn|[miss]
|-miss|p2a: Sceptile|p1a: Ferrothorn
|move|p1a: Ferrothorn|Gyro Ball|p2a: Sceptile
|-damage|p2a: Sceptile|68\/282
|
|turn|13
|
|move|p2a: Sceptile|Focus Blast|p1a: Ferrothorn
|-supereffective|p1a: Ferrothorn
|-damage|p1a: Ferrothorn|103\/351
|move|p1a: Ferrothorn|Gyro Ball|p2a: Sceptile
|-damage|p2a: Sceptile|0 fnt
|faint|p2a: Sceptile
|
|-heal|p1a: Ferrothorn|124\/351|[from] item: Leftovers
|
|switch|p2a: Bisharp|Bisharp, M|272\/272
|-damage|p2a: Bisharp|255\/272|[from] Stealth Rock
|turn|14
|
|switch|p1a: Conkeldurr|Conkeldurr, F|332\/381
|move|p2a: Bisharp|Knock Off|p1a: Conkeldurr
|-resisted|p1a: Conkeldurr
|-damage|p1a: Conkeldurr|219\/381
|-enditem|p1a: Conkeldurr|Life Orb|[from] move: Knock Off|[of] p2a: Bisharp
|-damage|p2a: Bisharp|228\/272|[from] item: Life Orb
|
|turn|15
|
|switch|p2a: Landorus-Therian|Landorus-Therian, M|320\/320
|-damage|p2a: Landorus-Therian|280\/320|[from] Stealth Rock
|-ability|p2a: Landorus-Therian|Intimidate|[of] p1a: Conkeldurr
|-unboost|p1a: Conkeldurr|atk|1
|move|p1a: Conkeldurr|Drain Punch|p2a: Landorus-Therian
|-resisted|p2a: Landorus-Therian
|-damage|p2a: Landorus-Therian|223\/320
|-heal|p1a: Conkeldurr|248\/381|[from] drain|[of] p2a: Landorus-Therian
|
|turn|16
|
|move|p2a: Landorus-Therian|Earthquake|p1a: Conkeldurr
|-damage|p1a: Conkeldurr|43\/381
|move|p1a: Conkeldurr|Ice Punch|p2a: Landorus-Therian
|-supereffective|p2a: Landorus-Therian
|-damage|p2a: Landorus-Therian|0 fnt
|faint|p2a: Landorus-Therian
|
|
|switch|p2a: Bisharp|Bisharp, M|228\/272
|-damage|p2a: Bisharp|211\/272|[from] Stealth Rock
|turn|17
|c|âThe Based Mulan|ready for mach punch?
|
|move|p2a: Bisharp|Sucker Punch|p1a: Conkeldurr
|-resisted|p1a: Conkeldurr
|-damage|p1a: Conkeldurr|0 fnt
|-damage|p2a: Bisharp|184\/272|[from] item: Life Orb
|faint|p1a: Conkeldurr
|
|
|switch|p1a: Dragonite|Dragonite, M|333\/333
|turn|18
|
|move|p2a: Bisharp|Knock Off|p1a: Dragonite
|-damage|p1a: Dragonite|217\/333
|-enditem|p1a: Dragonite|Choice Band|[from] move: Knock Off|[of] p2a: Bisharp
|-damage|p2a: Bisharp|157\/272|[from] item: Life Orb
|move|p1a: Dragonite|Superpower|p2a: Bisharp
|-supereffective|p2a: Bisharp
|-damage|p2a: Bisharp|0 fnt
|-unboost|p1a: Dragonite|atk|1
|-unboost|p1a: Dragonite|def|1
|faint|p2a: Bisharp
|
|
|switch|p2a: Mew|Mew|404\/404
|-damage|p2a: Mew|354\/404|[from] Stealth Rock
|turn|19
|
|switch|p1a: Porygon2|Porygon2|373\/373
|-boost|p1a: Porygon2|atk|1|[from] ability: Download
|move|p2a: Mew|Knock Off|p1a: Porygon2
|-damage|p1a: Porygon2|319\/373
|-enditem|p1a: Porygon2|Eviolite|[from] move: Knock Off|[of] p2a: Mew
|
|-heal|p2a: Mew|379\/404|[from] item: Leftovers
|turn|20
|
|move|p2a: Mew|Taunt|p1a: Porygon2
|-start|p1a: Porygon2|move: Taunt
|cant|p1a: Porygon2|move: Taunt|Trick Room
|
|-heal|p2a: Mew|404\/404|[from] item: Leftovers
|turn|21
|
|move|p2a: Mew|Will-O-Wisp|p1a: Porygon2
|-status|p1a: Porygon2|brn
|move|p1a: Porygon2|Thunderbolt|p2a: Mew
|-damage|p2a: Mew|330\/404
|
|-heal|p2a: Mew|355\/404|[from] item: Leftovers
|-damage|p1a: Porygon2|273\/373 brn|[from] brn
|turn|22
|
|switch|p1a: Camerupt|Camerupt-Mega, M|343\/343
|move|p2a: Mew|Knock Off|p1a: Camerupt
|-damage|p1a: Camerupt|295\/343
|
|-heal|p2a: Mew|380\/404|[from] item: Leftovers
|turn|23
|
|move|p2a: Mew|Knock Off|p1a: Camerupt
|-damage|p1a: Camerupt|241\/343
|move|p1a: Camerupt|Earth Power|p2a: Mew
|-damage|p2a: Mew|200\/404
|
|-heal|p2a: Mew|225\/404|[from] item: Leftovers
|turn|24
|
|move|p2a: Mew|Soft-Boiled|p2a: Mew
|-heal|p2a: Mew|404\/404
|move|p1a: Camerupt|Earth Power|p2a: Mew
|-damage|p2a: Mew|223\/404
|
|-heal|p2a: Mew|248\/404|[from] item: Leftovers
|turn|25
|
|move|p2a: Mew|Knock Off|p1a: Camerupt
|-damage|p1a: Camerupt|193\/343
|move|p1a: Camerupt|Earth Power|p2a: Mew
|-damage|p2a: Mew|68\/404
|
|-heal|p2a: Mew|93\/404|[from] item: Leftovers
|turn|26
|
|move|p2a: Mew|Soft-Boiled|p2a: Mew
|-heal|p2a: Mew|295\/404
|move|p1a: Camerupt|Fire Blast|p2a: Mew
|-damage|p2a: Mew|91\/404
|
|-heal|p2a: Mew|116\/404|[from] item: Leftovers
|turn|27
|
|move|p2a: Mew|Soft-Boiled|p2a: Mew
|-heal|p2a: Mew|318\/404
|move|p1a: Camerupt|Fire Blast|p2a: Mew|[miss]
|-miss|p1a: Camerupt|p2a: Mew
|
|-heal|p2a: Mew|343\/404|[from] item: Leftovers
|turn|28
|
|switch|p1a: Ferrothorn|Ferrothorn, F|124\/351
|move|p2a: Mew|Knock Off|p1a: Ferrothorn
|-damage|p1a: Ferrothorn|76\/351
|-damage|p2a: Mew|293\/404|[from] ability: Iron Barbs|[of] p1a: Ferrothorn
|-enditem|p1a: Ferrothorn|Leftovers|[from] move: Knock Off|[of] p2a: Mew
|
|-heal|p2a: Mew|318\/404|[from] item: Leftovers
|turn|29
|
|move|p2a: Mew|Will-O-Wisp|p1a: Ferrothorn
|-status|p1a: Ferrothorn|brn
|move|p1a: Ferrothorn|Leech Seed|p2a: Mew
|-start|p2a: Mew|move: Leech Seed
|
|-heal|p2a: Mew|343\/404|[from] item: Leftovers
|-damage|p2a: Mew|293\/404|[from] Leech Seed|[of] p1a: Ferrothorn
|-heal|p1a: Ferrothorn|126\/351 brn|[silent]
|-damage|p1a: Ferrothorn|83\/351 brn|[from] brn
|turn|30
|
|switch|p2a: Heatran|Heatran, F|386\/386
|-damage|p2a: Heatran|338\/386|[from] Stealth Rock
|switch|p1a: Camerupt|Camerupt-Mega, M|193\/343
|
|-heal|p2a: Heatran|362\/386|[from] item: Leftovers
|turn|31
|
|move|p2a: Heatran|Toxic|p1a: Camerupt
|-status|p1a: Camerupt|tox
|move|p1a: Camerupt|Earth Power|p2a: Heatran
|-supereffective|p2a: Heatran
|-damage|p2a: Heatran|0 fnt
|faint|p2a: Heatran
|
|-damage|p1a: Camerupt|172\/343 tox|[from] psn
|
|switch|p2a: Mew|Mew|293\/404
|-damage|p2a: Mew|243\/404|[from] Stealth Rock
|turn|32
|
|switch|p1a: Ferrothorn|Ferrothorn, F|83\/351 brn
|move|p2a: Mew|Soft-Boiled|p2a: Mew
|-heal|p2a: Mew|404\/404
|
|-damage|p1a: Ferrothorn|40\/351 brn|[from] brn
|turn|33
|
|move|p2a: Mew|Knock Off|p1a: Ferrothorn
|-damage|p1a: Ferrothorn|8\/351 brn
|-damage|p2a: Mew|354\/404|[from] ability: Iron Barbs|[of] p1a: Ferrothorn
|move|p1a: Ferrothorn|Leech Seed|p2a: Mew
|-start|p2a: Mew|move: Leech Seed
|
|-heal|p2a: Mew|379\/404|[from] item: Leftovers
|-damage|p2a: Mew|329\/404|[from] Leech Seed|[of] p1a: Ferrothorn
|-heal|p1a: Ferrothorn|58\/351 brn|[silent]
|-damage|p1a: Ferrothorn|15\/351 brn|[from] brn
|turn|34
|
|move|p2a: Mew|Knock Off|p1a: Ferrothorn
|-damage|p1a: Ferrothorn|0 fnt
|-damage|p2a: Mew|279\/404|[from] ability: Iron Barbs|[of] p1a: Ferrothorn
|faint|p1a: Ferrothorn
|
|-heal|p2a: Mew|304\/404|[from] item: Leftovers
|
|switch|p1a: Camerupt|Camerupt-Mega, M|172\/343 tox
|turn|35
|
|switch|p2a: Azumarill|Azumarill, F|118\/404
|-damage|p2a: Azumarill|68\/404|[from] Stealth Rock
|move|p1a: Camerupt|Earth Power|p2a: Azumarill
|-damage|p2a: Azumarill|0 fnt
|faint|p2a: Azumarill
|
|-damage|p1a: Camerupt|151\/343 tox|[from] psn
|
|switch|p2a: Mew|Mew|304\/404
|-damage|p2a: Mew|254\/404|[from] Stealth Rock
|turn|36
|
|move|p2a: Mew|Soft-Boiled|p2a: Mew
|-heal|p2a: Mew|404\/404
|move|p1a: Camerupt|Earth Power|p2a: Mew
|-damage|p2a: Mew|238\/404
|
|-heal|p2a: Mew|263\/404|[from] item: Leftovers
|-damage|p1a: Camerupt|109\/343 tox|[from] psn
|turn|37
|
|move|p2a: Mew|Soft-Boiled|p2a: Mew
|-heal|p2a: Mew|404\/404
|move|p1a: Camerupt|Earth Power|p2a: Mew
|-damage|p2a: Mew|223\/404
|
|-heal|p2a: Mew|248\/404|[from] item: Leftovers
|-damage|p1a: Camerupt|46\/343 tox|[from] psn
|turn|38
|
|move|p2a: Mew|Knock Off|p1a: Camerupt
|-damage|p1a: Camerupt|0 fnt
|faint|p1a: Camerupt
|
|-heal|p2a: Mew|273\/404|[from] item: Leftovers
|
|switch|p1a: Dragonite|Dragonite, M|217\/333
|turn|39
|
|move|p1a: Dragonite|Outrage|p2a: Mew
|-damage|p2a: Mew|15\/404
|move|p2a: Mew|Soft-Boiled|p2a: Mew
|-heal|p2a: Mew|217\/404
|
|-heal|p2a: Mew|242\/404|[from] item: Leftovers
|turn|40
|
|move|p1a: Dragonite|Outrage|p2a: Mew
|-damage|p2a: Mew|16\/404
|move|p2a: Mew|Soft-Boiled|p2a: Mew
|-heal|p2a: Mew|218\/404
|
|-heal|p2a: Mew|243\/404|[from] item: Leftovers
|turn|41
|
|move|p1a: Dragonite|Outrage|p2a: Mew
|-damage|p2a: Mew|9\/404
|move|p2a: Mew|Soft-Boiled|p2a: Mew
|-heal|p2a: Mew|211\/404
|
|-end|p1a: Dragonite|rampage
|-start|p1a: Dragonite|confusion
|-heal|p2a: Mew|236\/404|[from] item: Leftovers
|turn|42
|
|-activate|p1a: Dragonite|confusion
|-damage|p1a: Dragonite|161\/333|[from] confusion
|move|p2a: Mew|Soft-Boiled|p2a: Mew
|-heal|p2a: Mew|404\/404
|
|turn|43
|
|switch|p1a: Porygon2|Porygon2|273\/373 brn
|-boost|p1a: Porygon2|atk|1|[from] ability: Download
|move|p2a: Mew|Will-O-Wisp|p1a: Porygon2
|-fail|p1a: Porygon2|brn
|
|-damage|p1a: Porygon2|227\/373 brn|[from] brn
|turn|44
|
|move|p2a: Mew|Taunt|p1a: Porygon2
|-start|p1a: Porygon2|move: Taunt
|move|p1a: Porygon2|Ice Beam|p2a: Mew
|-damage|p2a: Mew|327\/404
|-status|p2a: Mew|frz
|
|-heal|p2a: Mew|352\/404 frz|[from] item: Leftovers
|-damage|p1a: Porygon2|181\/373 brn|[from] brn
|turn|45
|
|switch|p1a: Dragonite|Dragonite, M|161\/333
|cant|p2a: Mew|frz
|
|-heal|p2a: Mew|377\/404 frz|[from] item: Leftovers
|turn|46
|
|move|p1a: Dragonite|Outrage|p2a: Mew
|-damage|p2a: Mew|154\/404 frz
|cant|p2a: Mew|frz
|
|-heal|p2a: Mew|179\/404 frz|[from] item: Leftovers
|turn|47
|
|move|p1a: Dragonite|Outrage|p2a: Mew
|-damage|p2a: Mew|0 fnt
|faint|p2a: Mew
|
|win|The Based Mulan
|raw|Ladder updating...