|join|Linck129
|join|Arcanine is Regal
|player|p1|Linck129|170
|player|p2|Arcanine is Regal|126
|gametype|singles
|gen|6
|tier|ORAS OU
|rated
|rule|Sleep Clause Mod: Limit one foe put to sleep
|rule|Species Clause: Limit one of each PokÃ©mon
|rule|OHKO Clause: OHKO moves are banned
|rule|Moody Clause: Moody is banned
|rule|Evasion Moves Clause: Evasion moves are banned
|rule|Endless Battle Clause: Forcing endless battles is banned
|rule|HP Percentage Mod: HP is shown in percentages
|clearpoke
|poke|p1|Salamence, M
|poke|p1|Heatran, M
|poke|p1|Mamoswine, M
|poke|p1|Rotom-Wash
|poke|p1|Landorus-Therian, M
|poke|p1|Amoonguss, F
|poke|p2|Garchomp, F
|poke|p2|Tentacruel, F
|poke|p2|Gengar, F
|poke|p2|Metagross
|poke|p2|Talonflame, M
|poke|p2|Clefable, M
|rule|Swagger Clause: Swagger is banned
|rule|Baton Pass Clause: Limit one PokÃ©mon knowing Baton Pass
|teampreview
|join|Alldaalts
|join|Why am I Mr Pink
|
|start
|switch|p1a: Landorus-Therian|Landorus-Therian, M|382\/382
|switch|p2a: Garchomp|Garchomp, F|420\/420
|-ability|p1a: Landorus-Therian|Intimidate|[of] p2a: Garchomp
|-unboost|p2a: Garchomp|atk|1
|turn|1
|
|move|p2a: Garchomp|Stealth Rock|p1a: Landorus-Therian
|-sidestart|p1: Linck129|move: Stealth Rock
|move|p1a: Landorus-Therian|Stealth Rock|p2a: Garchomp
|-sidestart|p2: Arcanine is Regal|move: Stealth Rock
|
|turn|2
|
|move|p2a: Garchomp|Toxic|p1a: Landorus-Therian
|-status|p1a: Landorus-Therian|tox
|move|p1a: Landorus-Therian|Knock Off|p2a: Garchomp
|-damage|p2a: Garchomp|318\/420
|-damage|p1a: Landorus-Therian|335\/382 tox|[from] ability: Rough Skin|[of] p2a: Garchomp
|-damage|p1a: Landorus-Therian|272\/382 tox|[from] item: Rocky Helmet|[of] p2a: Garchomp
|-enditem|p2a: Garchomp|Rocky Helmet|[from] move: Knock Off|[of] p1a: Landorus-Therian
|
|-heal|p1a: Landorus-Therian|295\/382 tox|[from] item: Leftovers
|-damage|p1a: Landorus-Therian|272\/382 tox|[from] psn
|turn|3
|
|switch|p1a: Amoonguss|Amoonguss, F|432\/432
|-damage|p1a: Amoonguss|378\/432|[from] Stealth Rock
|move|p2a: Garchomp|Toxic|p1a: Amoonguss|[miss]
|-miss|p2a: Garchomp|p1a: Amoonguss
|
|-heal|p1a: Amoonguss|405\/432|[from] item: Black Sludge
|turn|4
|
|move|p2a: Garchomp|Earthquake|p1a: Amoonguss
|-crit|p1a: Amoonguss
|-damage|p1a: Amoonguss|107\/432
|move|p1a: Amoonguss|Spore|p2a: Garchomp
|-status|p2a: Garchomp|slp
|
|-heal|p1a: Amoonguss|134\/432|[from] item: Black Sludge
|turn|5
|
|switch|p2a: Tentacruel|Tentacruel, F|364\/364
|-damage|p2a: Tentacruel|319\/364|[from] Stealth Rock
|switch|p1a: Rotom-Wash|Rotom-Wash|304\/304
|-damage|p1a: Rotom-Wash|266\/304|[from] Stealth Rock
|
|-heal|p1a: Rotom-Wash|285\/304|[from] item: Leftovers
|turn|6
|
|move|p2a: Tentacruel|Rapid Spin|p1a: Rotom-Wash
|-damage|p1a: Rotom-Wash|277\/304
|-sideend|p2: Arcanine is Regal|Stealth Rock|[from] move: Rapid Spin|[of] p2a: Tentacruel
|move|p1a: Rotom-Wash|Will-O-Wisp|p2a: Tentacruel
|-status|p2a: Tentacruel|brn
|
|-heal|p1a: Rotom-Wash|296\/304|[from] item: Leftovers
|-damage|p2a: Tentacruel|274\/364 brn|[from] brn
|turn|7
|
|move|p2a: Tentacruel|Knock Off|p1a: Rotom-Wash
|-damage|p1a: Rotom-Wash|277\/304
|-enditem|p1a: Rotom-Wash|Leftovers|[from] move: Knock Off|[of] p2a: Tentacruel
|move|p1a: Rotom-Wash|Volt Switch|p2a: Tentacruel
|-supereffective|p2a: Tentacruel
|-damage|p2a: Tentacruel|176\/364 brn
|
|switch|p1a: Salamence|Salamence, M|381\/381
|-damage|p1a: Salamence|286\/381|[from] Stealth Rock
|-ability|p1a: Salamence|Intimidate|[of] p2a: Tentacruel
|-unboost|p2a: Tentacruel|atk|1
|
|-damage|p2a: Tentacruel|131\/364 brn|[from] brn
|turn|8
|
|detailschange|p1a: Salamence|Salamence-Mega, M
|message|Salamence has Mega Evolved into Mega Salamence!
|move|p1a: Salamence|Substitute|p1a: Salamence
|-start|p1a: Salamence|Substitute
|-damage|p1a: Salamence|191\/381
|move|p2a: Tentacruel|Sludge Bomb|p1a: Salamence
|-activate|p1a: Salamence|Substitute|[damage]
|
|-damage|p2a: Tentacruel|86\/364 brn|[from] brn
|turn|9
|
|move|p1a: Salamence|Roost|p1a: Salamence
|-heal|p1a: Salamence|381\/381
|move|p2a: Tentacruel|Sludge Bomb|p1a: Salamence
|-end|p1a: Salamence|Substitute
|
|-damage|p2a: Tentacruel|41\/364 brn|[from] brn
|turn|10
|
|switch|p2a: Metagross|Metagross|301\/301
|move|p1a: Salamence|Substitute|p1a: Salamence
|-start|p1a: Salamence|Substitute
|-damage|p1a: Salamence|286\/381
|
|turn|11
|
|detailschange|p2a: Metagross|Metagross-Mega
|message|Metagross has Mega Evolved into Mega Metagross!
|move|p1a: Salamence|Frustration|p2a: Metagross
|-resisted|p2a: Metagross
|-damage|p2a: Metagross|210\/301
|move|p2a: Metagross|Meteor Mash|p1a: Salamence
|-end|p1a: Salamence|Substitute
|
|turn|12
|
|switch|p1a: Heatran|Heatran, M|323\/323
|-damage|p1a: Heatran|283\/323|[from] Stealth Rock
|move|p2a: Metagross|Zen Headbutt|p1a: Heatran
|-resisted|p1a: Heatran
|-damage|p1a: Heatran|188\/323
|
|turn|13
|
|switch|p2a: Tentacruel|Tentacruel, F|41\/364 brn
|move|p1a: Heatran|Fire Blast|p2a: Tentacruel
|-resisted|p2a: Tentacruel
|-damage|p2a: Tentacruel|0 fnt
|faint|p2a: Tentacruel
|
|
|switch|p2a: Talonflame|Talonflame, M|298\/298
|turn|14
|
|switch|p1a: Rotom-Wash|Rotom-Wash|277\/304
|-damage|p1a: Rotom-Wash|239\/304|[from] Stealth Rock
|move|p2a: Talonflame|Swords Dance|p2a: Talonflame
|-boost|p2a: Talonflame|atk|2
|
|turn|15
|
|move|p2a: Talonflame|Swords Dance|p2a: Talonflame
|-boost|p2a: Talonflame|atk|2
|move|p1a: Rotom-Wash|Hydro Pump|p2a: Talonflame
|-supereffective|p2a: Talonflame
|-damage|p2a: Talonflame|0 fnt
|faint|p2a: Talonflame
|
|c|âArcanine is Regal|:(
|c|âArcanine is Regal|I have liechi berry
|c|âArcanine is Regal|but I forgot natural gift
|c|âArcanine is Regal|lol
|
|switch|p2a: Clefable|Clefable, M|394\/394
|turn|16
|c|âLinck129|bulky def
|
|move|p1a: Rotom-Wash|Volt Switch|p2a: Clefable
|-damage|p2a: Clefable|303\/394
|
|switch|p1a: Heatran|Heatran, M|188\/323
|-damage|p1a: Heatran|148\/323|[from] Stealth Rock
|move|p2a: Clefable|Calm Mind|p2a: Clefable
|-boost|p2a: Clefable|spa|1
|-boost|p2a: Clefable|spd|1
|
|-heal|p2a: Clefable|327\/394|[from] item: Leftovers
|turn|17
|
|move|p1a: Heatran|Flash Cannon|p2a: Clefable
|-supereffective|p2a: Clefable
|-damage|p2a: Clefable|129\/394
|move|p2a: Clefable|Hidden Power|p1a: Heatran
|-supereffective|p1a: Heatran
|-damage|p1a: Heatran|0 fnt
|faint|p1a: Heatran
|
|-heal|p2a: Clefable|153\/394|[from] item: Leftovers
|
|switch|p1a: Mamoswine|Mamoswine, M|361\/361
|-damage|p1a: Mamoswine|316\/361|[from] Stealth Rock
|turn|18
|
|move|p1a: Mamoswine|Icicle Crash|p2a: Clefable
|-damage|p2a: Clefable|0 fnt
|-damage|p1a: Mamoswine|280\/361|[from] item: Life Orb
|faint|p2a: Clefable
|
|join|averivhaeovu
|
|switch|p2a: Metagross|Metagross-Mega|210\/301
|turn|19
|
|switch|p1a: Landorus-Therian|Landorus-Therian, M|272\/382 tox
|-damage|p1a: Landorus-Therian|225\/382 tox|[from] Stealth Rock
|-ability|p1a: Landorus-Therian|Intimidate|[of] p2a: Metagross
|-unboost|p2a: Metagross|atk|1
|move|p2a: Metagross|Meteor Mash|p1a: Landorus-Therian
|-damage|p1a: Landorus-Therian|63\/382 tox
|-boost|p2a: Metagross|atk|1
|
|-heal|p1a: Landorus-Therian|86\/382 tox|[from] item: Leftovers
|-damage|p1a: Landorus-Therian|63\/382 tox|[from] psn
|turn|20
|
|move|p2a: Metagross|Bullet Punch|p1a: Landorus-Therian
|-damage|p1a: Landorus-Therian|0 fnt
|faint|p1a: Landorus-Therian
|
|
|switch|p1a: Rotom-Wash|Rotom-Wash|239\/304
|-damage|p1a: Rotom-Wash|201\/304|[from] Stealth Rock
|turn|21
|
|switch|p2a: Gengar|Gengar, F|262\/262
|move|p1a: Rotom-Wash|Will-O-Wisp|p2a: Gengar
|-status|p2a: Gengar|brn
|
|-damage|p2a: Gengar|230\/262 brn|[from] brn
|turn|22
|
|switch|p1a: Amoonguss|Amoonguss, F|278\/432
|-damage|p1a: Amoonguss|224\/432|[from] Stealth Rock
|move|p2a: Gengar|Shadow Ball|p1a: Amoonguss
|-damage|p1a: Amoonguss|100\/432
|
|-heal|p1a: Amoonguss|127\/432|[from] item: Black Sludge
|-damage|p2a: Gengar|198\/262 brn|[from] brn
|turn|23
|
|move|p2a: Gengar|Shadow Ball|p1a: Amoonguss
|-damage|p1a: Amoonguss|1\/432
|move|p1a: Amoonguss|Hidden Power|p2a: Gengar
|-damage|p2a: Gengar|144\/262 brn
|
|-heal|p1a: Amoonguss|28\/432|[from] item: Black Sludge
|-damage|p2a: Gengar|112\/262 brn|[from] brn
|turn|24
|
|move|p2a: Gengar|Shadow Ball|p1a: Amoonguss
|-damage|p1a: Amoonguss|0 fnt
|faint|p1a: Amoonguss
|
|-damage|p2a: Gengar|80\/262 brn|[from] brn
|join|FEARSOME MAW
|
|switch|p1a: Salamence|Salamence-Mega, M|286\/381
|-damage|p1a: Salamence|191\/381|[from] Stealth Rock
|turn|25
|
|move|p2a: Gengar|Shadow Ball|p1a: Salamence
|-damage|p1a: Salamence|29\/381
|move|p1a: Salamence|Dragon Dance|p1a: Salamence
|-boost|p1a: Salamence|atk|1
|-boost|p1a: Salamence|spe|1
|
|-damage|p2a: Gengar|48\/262 brn|[from] brn
|turn|26
|
|move|p2a: Gengar|Shadow Ball|p1a: Salamence
|-damage|p1a: Salamence|0 fnt
|faint|p1a: Salamence
|
|-damage|p2a: Gengar|16\/262 brn|[from] brn
|
|switch|p1a: Mamoswine|Mamoswine, M|280\/361
|-damage|p1a: Mamoswine|235\/361|[from] Stealth Rock
|turn|27
|
|switch|p2a: Garchomp|Garchomp, F|318\/420 slp
|move|p1a: Mamoswine|Ice Shard|p2a: Garchomp
|-supereffective|p2a: Garchomp
|-damage|p2a: Garchomp|6\/420 slp
|-damage|p1a: Mamoswine|199\/361|[from] item: Life Orb
|
|turn|28
|
|move|p1a: Mamoswine|Ice Shard|p2a: Garchomp
|-supereffective|p2a: Garchomp
|-damage|p2a: Garchomp|0 fnt
|-damage|p1a: Mamoswine|163\/361|[from] item: Life Orb
|faint|p2a: Garchomp
|
|
|switch|p2a: Metagross|Metagross-Mega|210\/301
|turn|29
|
|switch|p1a: Rotom-Wash|Rotom-Wash|201\/304
|-damage|p1a: Rotom-Wash|163\/304|[from] Stealth Rock
|move|p2a: Metagross|Meteor Mash|p1a: Rotom-Wash
|-resisted|p1a: Rotom-Wash
|-damage|p1a: Rotom-Wash|123\/304
|
|turn|30
|
|move|p2a: Metagross|Zen Headbutt|p1a: Rotom-Wash
|-damage|p1a: Rotom-Wash|0 fnt
|faint|p1a: Rotom-Wash
|
|
|switch|p1a: Mamoswine|Mamoswine, M|163\/361
|-damage|p1a: Mamoswine|118\/361|[from] Stealth Rock
|turn|31
|
|move|p2a: Metagross|Bullet Punch|p1a: Mamoswine
|-supereffective|p1a: Mamoswine
|-damage|p1a: Mamoswine|0 fnt
|faint|p1a: Mamoswine
|
|win|Arcanine is Regal
|raw|Ladder updating...
|raw|Linck129's rating: 1530 &rarr; <strong>1498<\/strong><br \/>(-32 for losing)
|raw|Arcanine is Regal's rating: 1298 &rarr; <strong>1337<\/strong><br \/>(+39 for winning)
|leave|Linck129
|player|p1
|leave|Why am I Mr Pink
|join|Why am I Mr Pink
|leave|Why am I Mr Pink
|leave|Alldaalts
|leave|averivhaeovu
|join|averivhaeovu
|leave|averivhaeovu
|leave|FEARSOME MAW