|join|CleanerThanRotom-W
|join|Linck129
|player|p1|CleanerThanRotom-W|226
|player|p2|Linck129|170
|gametype|singles
|gen|6
|tier|ORAS OU
|rated
|rule|Sleep Clause Mod: Limit one foe put to sleep
|rule|Species Clause: Limit one of each PokÃ©mon
|rule|OHKO Clause: OHKO moves are banned
|rule|Moody Clause: Moody is banned
|rule|Evasion Moves Clause: Evasion moves are banned
|rule|Endless Battle Clause: Forcing endless battles is banned
|rule|HP Percentage Mod: HP is shown in percentages
|clearpoke
|poke|p1|Sableye, F
|poke|p1|Chansey, F
|poke|p1|Cresselia, F
|poke|p1|Keldeo
|poke|p1|Skarmory, F
|poke|p1|Quagsire, M
|poke|p2|Salamence, F
|poke|p2|Heatran, F
|poke|p2|Mamoswine, M
|poke|p2|Rotom-Wash
|poke|p2|Landorus-Therian, M
|poke|p2|Amoonguss, F
|rule|Swagger Clause: Swagger is banned
|rule|Baton Pass Clause: Limit one PokÃ©mon knowing Baton Pass
|teampreview
|
|start
|switch|p1a: Sableye|Sableye, F|303\/303
|switch|p2a: Heatran|Heatran, F|323\/323
|turn|1
|
|detailschange|p1a: Sableye|Sableye-Mega, F
|message|Sableye has Mega Evolved into Mega Sableye!
|move|p2a: Heatran|Fire Blast|p1a: Sableye
|-damage|p1a: Sableye|174\/303
|move|p1a: Sableye|Knock Off|p2a: Heatran
|-damage|p2a: Heatran|220\/323
|-enditem|p2a: Heatran|Choice Scarf|[from] move: Knock Off|[of] p1a: Sableye
|
|turn|2
|
|move|p2a: Heatran|Fire Blast|p1a: Sableye|[miss]
|-miss|p2a: Heatran|p1a: Sableye
|move|p1a: Sableye|Recover|p1a: Sableye
|-heal|p1a: Sableye|303\/303
|
|turn|3
|
|switch|p2a: Salamence|Salamence, F|381\/381
|-ability|p2a: Salamence|Intimidate|[of] p1a: Sableye
|-unboost|p1a: Sableye|atk|1
|move|p1a: Sableye|Knock Off|p2a: Salamence
|-damage|p2a: Salamence|329\/381
|
|turn|4
|
|detailschange|p2a: Salamence|Salamence-Mega, F
|message|Salamence has Mega Evolved into Mega Salamence!
|move|p2a: Salamence|Substitute|p2a: Salamence
|-start|p2a: Salamence|Substitute
|-damage|p2a: Salamence|234\/381
|move|p1a: Sableye|Will-O-Wisp|p2a: Salamence
|
|turn|5
|
|switch|p1a: Skarmory|Skarmory, F|334\/334
|move|p2a: Salamence|Roost|p2a: Salamence
|-heal|p2a: Salamence|381\/381
|
|turn|6
|
|move|p2a: Salamence|Frustration|p1a: Skarmory
|-resisted|p1a: Skarmory
|-damage|p1a: Skarmory|259\/334
|move|p1a: Skarmory|Whirlwind|p2a: Salamence
|drag|p2a: Landorus-Therian|Landorus-Therian, M|382\/382
|-ability|p2a: Landorus-Therian|Intimidate|[of] p1a: Skarmory
|-unboost|p1a: Skarmory|atk|1
|
|turn|7
|
|move|p2a: Landorus-Therian|Knock Off|p1a: Skarmory
|-damage|p1a: Skarmory|185\/334
|-enditem|p1a: Skarmory|Shed Shell|[from] move: Knock Off|[of] p2a: Landorus-Therian
|move|p1a: Skarmory|Spikes|p2a: Landorus-Therian
|-sidestart|p2: Linck129|Spikes
|
|turn|8
|
|switch|p2a: Rotom-Wash|Rotom-Wash|304\/304
|move|p1a: Skarmory|Roost|p1a: Skarmory
|-heal|p1a: Skarmory|334\/334
|
|turn|9
|
|switch|p1a: Sableye|Sableye-Mega, F|303\/303
|move|p2a: Rotom-Wash|Volt Switch|p1a: Sableye
|-damage|p1a: Sableye|251\/303
|
|switch|p2a: Salamence|Salamence-Mega, F|381\/381
|
|turn|10
|
|switch|p2a: Rotom-Wash|Rotom-Wash|304\/304
|switch|p1a: Cresselia|Cresselia, F|444\/444
|
|turn|11
|
|move|p2a: Rotom-Wash|Volt Switch|p1a: Cresselia
|-damage|p1a: Cresselia|389\/444
|
|switch|p2a: Amoonguss|Amoonguss, F|432\/432
|-damage|p2a: Amoonguss|378\/432|[from] Spikes
|move|p1a: Cresselia|Toxic|p2a: Amoonguss
|-fail|p2a: Amoonguss
|
|-heal|p1a: Cresselia|416\/444|[from] item: Leftovers
|-heal|p2a: Amoonguss|405\/432|[from] item: Black Sludge
|turn|12
|
|switch|p1a: Sableye|Sableye-Mega, F|251\/303
|move|p2a: Amoonguss|Sludge Bomb|p1a: Sableye
|-resisted|p1a: Sableye
|-damage|p1a: Sableye|224\/303
|
|-heal|p2a: Amoonguss|432\/432|[from] item: Black Sludge
|turn|13
|
|switch|p2a: Heatran|Heatran, F|220\/323
|-damage|p2a: Heatran|180\/323|[from] Spikes
|move|p1a: Sableye|Will-O-Wisp|p2a: Heatran
|-start|p2a: Heatran|ability: Flash Fire
|
|turn|14
|
|switch|p2a: Landorus-Therian|Landorus-Therian, M|382\/382
|-ability|p2a: Landorus-Therian|Intimidate|[of] p1a: Sableye
|-unboost|p1a: Sableye|atk|1
|switch|p1a: Chansey|Chansey, F|703\/703
|
|turn|15
|
|move|p2a: Landorus-Therian|Stealth Rock|p1a: Chansey
|-sidestart|p1: CleanerThanRotom-W|move: Stealth Rock
|move|p1a: Chansey|Stealth Rock|p2a: Landorus-Therian
|-sidestart|p2: Linck129|move: Stealth Rock
|
|turn|16
|
|switch|p2a: Rotom-Wash|Rotom-Wash|304\/304
|-damage|p2a: Rotom-Wash|266\/304|[from] Stealth Rock
|move|p1a: Chansey|Seismic Toss|p2a: Rotom-Wash
|-damage|p2a: Rotom-Wash|166\/304
|
|-heal|p2a: Rotom-Wash|185\/304|[from] item: Leftovers
|turn|17
|
|move|p2a: Rotom-Wash|Pain Split|p1a: Chansey
|-sethp|p1a: Chansey|444\/703|p2a: Rotom-Wash|304\/304|[from] move: Pain Split
|move|p1a: Chansey|Seismic Toss|p2a: Rotom-Wash
|-damage|p2a: Rotom-Wash|204\/304
|
|-heal|p2a: Rotom-Wash|223\/304|[from] item: Leftovers
|turn|18
|
|move|p2a: Rotom-Wash|Volt Switch|p1a: Chansey
|-damage|p1a: Chansey|390\/703
|
|switch|p2a: Amoonguss|Amoonguss, F|432\/432
|-damage|p2a: Amoonguss|378\/432|[from] Stealth Rock
|-damage|p2a: Amoonguss|324\/432|[from] Spikes
|move|p1a: Chansey|Soft-Boiled|p1a: Chansey
|-heal|p1a: Chansey|703\/703
|
|-heal|p2a: Amoonguss|351\/432|[from] item: Black Sludge
|turn|19
|
|move|p1a: Chansey|Seismic Toss|p2a: Amoonguss
|-damage|p2a: Amoonguss|251\/432
|move|p2a: Amoonguss|Spore|p1a: Chansey
|-status|p1a: Chansey|slp
|
|-heal|p2a: Amoonguss|278\/432|[from] item: Black Sludge
|turn|20
|
|switch|p1a: Sableye|Sableye-Mega, F|224\/303
|-damage|p1a: Sableye|187\/303|[from] Stealth Rock
|move|p2a: Amoonguss|Sludge Bomb|p1a: Sableye
|-resisted|p1a: Sableye
|-damage|p1a: Sableye|159\/303
|
|-heal|p2a: Amoonguss|305\/432|[from] item: Black Sludge
|turn|21
|
|move|p2a: Amoonguss|Sludge Bomb|p1a: Sableye
|-resisted|p1a: Sableye
|-damage|p1a: Sableye|132\/303
|move|p1a: Sableye|Recover|p1a: Sableye
|-heal|p1a: Sableye|284\/303
|
|-heal|p2a: Amoonguss|332\/432|[from] item: Black Sludge
|turn|22
|
|move|p2a: Amoonguss|Sludge Bomb|p1a: Sableye
|-resisted|p1a: Sableye
|-damage|p1a: Sableye|252\/303
|-status|p1a: Sableye|psn
|move|p1a: Sableye|Knock Off|p2a: Amoonguss
|-damage|p2a: Amoonguss|194\/432
|-enditem|p2a: Amoonguss|Black Sludge|[from] move: Knock Off|[of] p1a: Sableye
|
|-damage|p1a: Sableye|215\/303 psn|[from] psn
|turn|23
|
|switch|p2a: Heatran|Heatran, F|180\/323
|-damage|p2a: Heatran|140\/323|[from] Stealth Rock
|-damage|p2a: Heatran|100\/323|[from] Spikes
|switch|p1a: Chansey|Chansey, F|703\/703
|-damage|p1a: Chansey|616\/703|[from] Stealth Rock
|
|turn|24
|
|switch|p2a: Landorus-Therian|Landorus-Therian, M|382\/382
|-damage|p2a: Landorus-Therian|335\/382|[from] Stealth Rock
|-ability|p2a: Landorus-Therian|Intimidate|[of] p1a: Chansey
|-unboost|p1a: Chansey|atk|1
|move|p1a: Chansey|Aromatherapy|p1a: Chansey
|-cureteam|p1a: Chansey|[from] move: Aromatherapy
|
|-heal|p2a: Landorus-Therian|358\/382|[from] item: Leftovers
|turn|25
|
|switch|p2a: Rotom-Wash|Rotom-Wash|223\/304
|-damage|p2a: Rotom-Wash|185\/304|[from] Stealth Rock
|switch|p1a: Skarmory|Skarmory, F|334\/334
|-damage|p1a: Skarmory|293\/334|[from] Stealth Rock
|
|-heal|p2a: Rotom-Wash|204\/304|[from] item: Leftovers
|turn|26
|
|switch|p1a: Chansey|Chansey, F|616\/703
|-damage|p1a: Chansey|529\/703|[from] Stealth Rock
|move|p2a: Rotom-Wash|Will-O-Wisp|p1a: Chansey
|-status|p1a: Chansey|brn
|
|-heal|p2a: Rotom-Wash|223\/304|[from] item: Leftovers
|-damage|p1a: Chansey|442\/703 brn|[from] brn
|turn|27
|
|move|p2a: Rotom-Wash|Volt Switch|p1a: Chansey
|-damage|p1a: Chansey|385\/703 brn
|
|switch|p2a: Mamoswine|Mamoswine, M|361\/361
|-damage|p2a: Mamoswine|316\/361|[from] Spikes
|-damage|p2a: Mamoswine|271\/361|[from] Stealth Rock
|move|p1a: Chansey|Soft-Boiled|p1a: Chansey
|-heal|p1a: Chansey|703\/703 brn
|
|-damage|p1a: Chansey|616\/703 brn|[from] brn
|turn|28
|
|switch|p1a: Skarmory|Skarmory, F|293\/334
|-damage|p1a: Skarmory|252\/334|[from] Stealth Rock
|move|p2a: Mamoswine|Knock Off|p1a: Skarmory
|-damage|p1a: Skarmory|195\/334
|-damage|p2a: Mamoswine|235\/361|[from] item: Life Orb
|
|turn|29
|
|move|p2a: Mamoswine|Icicle Crash|p1a: Skarmory
|-damage|p1a: Skarmory|92\/334
|-damage|p2a: Mamoswine|199\/361|[from] item: Life Orb
|move|p1a: Skarmory|Roost|p1a: Skarmory
|-heal|p1a: Skarmory|259\/334
|
|turn|30
|
|switch|p2a: Rotom-Wash|Rotom-Wash|223\/304
|-damage|p2a: Rotom-Wash|185\/304|[from] Stealth Rock
|move|p1a: Skarmory|Roost|p1a: Skarmory
|-heal|p1a: Skarmory|334\/334
|
|-heal|p2a: Rotom-Wash|204\/304|[from] item: Leftovers
|turn|31
|
|switch|p1a: Chansey|Chansey, F|616\/703
|-damage|p1a: Chansey|529\/703|[from] Stealth Rock
|move|p2a: Rotom-Wash|Hydro Pump|p1a: Chansey
|-damage|p1a: Chansey|448\/703
|
|-heal|p2a: Rotom-Wash|223\/304|[from] item: Leftovers
|turn|32
|
|move|p2a: Rotom-Wash|Will-O-Wisp|p1a: Chansey
|-status|p1a: Chansey|brn
|move|p1a: Chansey|Soft-Boiled|p1a: Chansey
|-heal|p1a: Chansey|703\/703 brn
|
|-heal|p2a: Rotom-Wash|242\/304|[from] item: Leftovers
|-damage|p1a: Chansey|616\/703 brn|[from] brn
|turn|33
|
|move|p2a: Rotom-Wash|Pain Split|p1a: Chansey
|-sethp|p1a: Chansey|429\/703 brn|p2a: Rotom-Wash|304\/304|[from] move: Pain Split
|move|p1a: Chansey|Seismic Toss|p2a: Rotom-Wash
|-damage|p2a: Rotom-Wash|204\/304
|
|-heal|p2a: Rotom-Wash|223\/304|[from] item: Leftovers
|-damage|p1a: Chansey|342\/703 brn|[from] brn
|turn|34
|
|move|p2a: Rotom-Wash|Volt Switch|p1a: Chansey
|-damage|p1a: Chansey|282\/703 brn
|
|switch|p2a: Mamoswine|Mamoswine, M|199\/361
|-damage|p2a: Mamoswine|154\/361|[from] Stealth Rock
|-damage|p2a: Mamoswine|109\/361|[from] Spikes
|move|p1a: Chansey|Soft-Boiled|p1a: Chansey
|-heal|p1a: Chansey|634\/703 brn
|
|-damage|p1a: Chansey|547\/703 brn|[from] brn
|turn|35
|
|switch|p1a: Skarmory|Skarmory, F|334\/334
|-damage|p1a: Skarmory|293\/334|[from] Stealth Rock
|move|p2a: Mamoswine|Icicle Crash|p1a: Skarmory
|-damage|p1a: Skarmory|172\/334
|-damage|p2a: Mamoswine|73\/361|[from] item: Life Orb
|
|turn|36
|
|move|p2a: Mamoswine|Icicle Crash|p1a: Skarmory
|-crit|p1a: Skarmory
|-damage|p1a: Skarmory|0 fnt
|-damage|p2a: Mamoswine|37\/361|[from] item: Life Orb
|faint|p1a: Skarmory
|
|
|switch|p1a: Keldeo|Keldeo|323\/323
|-damage|p1a: Keldeo|303\/323|[from] Stealth Rock
|turn|37
|
|move|p2a: Mamoswine|Ice Shard|p1a: Keldeo
|-resisted|p1a: Keldeo
|-damage|p1a: Keldeo|256\/323
|-damage|p2a: Mamoswine|1\/361|[from] item: Life Orb
|move|p1a: Keldeo|Scald|p2a: Mamoswine
|-supereffective|p2a: Mamoswine
|-damage|p2a: Mamoswine|0 fnt
|faint|p2a: Mamoswine
|
|-heal|p1a: Keldeo|276\/323|[from] item: Leftovers
|
|switch|p2a: Rotom-Wash|Rotom-Wash|223\/304
|-damage|p2a: Rotom-Wash|185\/304|[from] Stealth Rock
|turn|38
|
|move|p1a: Keldeo|Secret Sword|p2a: Rotom-Wash
|-crit|p2a: Rotom-Wash
|-damage|p2a: Rotom-Wash|20\/304
|move|p2a: Rotom-Wash|Volt Switch|p1a: Keldeo
|-supereffective|p1a: Keldeo
|-damage|p1a: Keldeo|88\/323
|
|switch|p2a: Amoonguss|Amoonguss, F|338\/432
|-damage|p2a: Amoonguss|284\/432|[from] Stealth Rock
|-damage|p2a: Amoonguss|230\/432|[from] Spikes
|
|-heal|p1a: Keldeo|108\/323|[from] item: Leftovers
|turn|39
|
|switch|p1a: Sableye|Sableye-Mega, F|215\/303
|-damage|p1a: Sableye|178\/303|[from] Stealth Rock
|move|p2a: Amoonguss|Giga Drain|p1a: Sableye
|-damage|p1a: Sableye|124\/303
|-heal|p2a: Amoonguss|257\/432|[from] drain|[of] p1a: Sableye
|
|turn|40
|
|move|p2a: Amoonguss|Sludge Bomb|p1a: Sableye
|-resisted|p1a: Sableye
|-damage|p1a: Sableye|96\/303
|move|p1a: Sableye|Recover|p1a: Sableye
|-heal|p1a: Sableye|248\/303
|
|turn|41
|
|switch|p2a: Heatran|Heatran, F|100\/323
|-damage|p2a: Heatran|60\/323|[from] Stealth Rock
|-damage|p2a: Heatran|20\/323|[from] Spikes
|move|p1a: Sableye|Will-O-Wisp|p2a: Heatran
|-start|p2a: Heatran|ability: Flash Fire
|
|turn|42
|
|switch|p1a: Chansey|Chansey, F|547\/703
|-damage|p1a: Chansey|460\/703|[from] Stealth Rock
|move|p2a: Heatran|Fire Blast|p1a: Chansey|[miss]
|-miss|p2a: Heatran|p1a: Chansey
|
|turn|43
|
|move|p2a: Heatran|Fire Blast|p1a: Chansey
|-damage|p1a: Chansey|259\/703
|move|p1a: Chansey|Soft-Boiled|p1a: Chansey
|-heal|p1a: Chansey|611\/703
|
|turn|44
|
|move|p2a: Heatran|Fire Blast|p1a: Chansey
|-damage|p1a: Chansey|421\/703
|move|p1a: Chansey|Soft-Boiled|p1a: Chansey
|-heal|p1a: Chansey|703\/703
|
|turn|45
|
|move|p2a: Heatran|Fire Blast|p1a: Chansey
|-damage|p1a: Chansey|531\/703
|move|p1a: Chansey|Seismic Toss|p2a: Heatran
|-damage|p2a: Heatran|0 fnt
|faint|p2a: Heatran
|
|
|switch|p2a: Landorus-Therian|Landorus-Therian, M|358\/382
|-damage|p2a: Landorus-Therian|311\/382|[from] Stealth Rock
|-ability|p2a: Landorus-Therian|Intimidate|[of] p1a: Chansey
|-unboost|p1a: Chansey|atk|1
|turn|46
|
|move|p2a: Landorus-Therian|Earthquake|p1a: Chansey
|-damage|p1a: Chansey|267\/703
|move|p1a: Chansey|Soft-Boiled|p1a: Chansey
|-heal|p1a: Chansey|619\/703
|
|-heal|p2a: Landorus-Therian|334\/382|[from] item: Leftovers
|turn|47
|
|move|p2a: Landorus-Therian|Earthquake|p1a: Chansey
|-damage|p1a: Chansey|358\/703
|move|p1a: Chansey|Seismic Toss|p2a: Landorus-Therian
|-damage|p2a: Landorus-Therian|234\/382
|
|-heal|p2a: Landorus-Therian|257\/382|[from] item: Leftovers
|turn|48
|
|move|p2a: Landorus-Therian|Earthquake|p1a: Chansey
|-damage|p1a: Chansey|73\/703
|move|p1a: Chansey|Soft-Boiled|p1a: Chansey
|-heal|p1a: Chansey|425\/703
|
|-heal|p2a: Landorus-Therian|280\/382|[from] item: Leftovers
|turn|49
|
|move|p2a: Landorus-Therian|Knock Off|p1a: Chansey
|-damage|p1a: Chansey|230\/703
|-enditem|p1a: Chansey|Eviolite|[from] move: Knock Off|[of] p2a: Landorus-Therian
|move|p1a: Chansey|Soft-Boiled|p1a: Chansey
|-heal|p1a: Chansey|582\/703
|
|-heal|p2a: Landorus-Therian|303\/382|[from] item: Leftovers
|turn|50
|
|switch|p1a: Cresselia|Cresselia, F|416\/444
|-damage|p1a: Cresselia|361\/444|[from] Stealth Rock
|move|p2a: Landorus-Therian|Earthquake|p1a: Cresselia
|-immune|p1a: Cresselia|[msg]
|
|-heal|p2a: Landorus-Therian|326\/382|[from] item: Leftovers
|-heal|p1a: Cresselia|388\/444|[from] item: Leftovers
|turn|51
|
|move|p2a: Landorus-Therian|Knock Off|p1a: Cresselia
|-supereffective|p1a: Cresselia
|-damage|p1a: Cresselia|148\/444
|-enditem|p1a: Cresselia|Leftovers|[from] move: Knock Off|[of] p2a: Landorus-Therian
|move|p1a: Cresselia|Toxic|p2a: Landorus-Therian
|-status|p2a: Landorus-Therian|tox
|
|-heal|p2a: Landorus-Therian|349\/382 tox|[from] item: Leftovers
|-damage|p2a: Landorus-Therian|326\/382 tox|[from] psn
|turn|52
|
|move|p2a: Landorus-Therian|Knock Off|p1a: Cresselia
|-supereffective|p1a: Cresselia
|-damage|p1a: Cresselia|0 fnt
|faint|p1a: Cresselia
|
|-heal|p2a: Landorus-Therian|349\/382 tox|[from] item: Leftovers
|-damage|p2a: Landorus-Therian|303\/382 tox|[from] psn
|
|switch|p1a: Keldeo|Keldeo|108\/323
|-damage|p1a: Keldeo|88\/323|[from] Stealth Rock
|turn|53
|
|switch|p2a: Rotom-Wash|Rotom-Wash|20\/304
|-damage|p2a: Rotom-Wash|0 fnt|[from] Stealth Rock
|faint|p2a: Rotom-Wash
|move|p1a: Keldeo|Scald|p2: Rotom-Wash|[notarget]
|-notarget
|
|-heal|p1a: Keldeo|108\/323|[from] item: Leftovers
|
|switch|p2a: Amoonguss|Amoonguss, F|401\/432
|-damage|p2a: Amoonguss|347\/432|[from] Stealth Rock
|-damage|p2a: Amoonguss|293\/432|[from] Spikes
|turn|54
|
|switch|p1a: Sableye|Sableye-Mega, F|248\/303
|-damage|p1a: Sableye|211\/303|[from] Stealth Rock
|move|p2a: Amoonguss|Giga Drain|p1a: Sableye
|-damage|p1a: Sableye|163\/303
|-heal|p2a: Amoonguss|317\/432|[from] drain|[of] p1a: Sableye
|
|turn|55
|
|move|p2a: Amoonguss|Sludge Bomb|p1a: Sableye
|-resisted|p1a: Sableye
|-damage|p1a: Sableye|132\/303
|move|p1a: Sableye|Recover|p1a: Sableye
|-heal|p1a: Sableye|284\/303
|
|turn|56
|
|move|p2a: Amoonguss|Sludge Bomb|p1a: Sableye
|-crit|p1a: Sableye
|-resisted|p1a: Sableye
|-damage|p1a: Sableye|236\/303
|move|p1a: Sableye|Will-O-Wisp|p2a: Amoonguss|[miss]
|-miss|p1a: Sableye|p2a: Amoonguss
|
|turn|57
|
|switch|p2a: Landorus-Therian|Landorus-Therian, M|303\/382 tox
|-damage|p2a: Landorus-Therian|256\/382 tox|[from] Stealth Rock
|-ability|p2a: Landorus-Therian|Intimidate|[of] p1a: Sableye
|-unboost|p1a: Sableye|atk|1
|move|p1a: Sableye|Will-O-Wisp|p2a: Landorus-Therian
|-fail|p2a: Landorus-Therian
|
|-heal|p2a: Landorus-Therian|279\/382 tox|[from] item: Leftovers
|-damage|p2a: Landorus-Therian|256\/382 tox|[from] psn
|turn|58
|
|move|p2a: Landorus-Therian|Earthquake|p1a: Sableye
|-damage|p1a: Sableye|73\/303
|move|p1a: Sableye|Recover|p1a: Sableye
|-heal|p1a: Sableye|225\/303
|
|-heal|p2a: Landorus-Therian|279\/382 tox|[from] item: Leftovers
|-damage|p2a: Landorus-Therian|233\/382 tox|[from] psn
|turn|59
|
|switch|p1a: Quagsire|Quagsire, M|393\/393
|-damage|p1a: Quagsire|369\/393|[from] Stealth Rock
|move|p2a: Landorus-Therian|Earthquake|p1a: Quagsire
|-damage|p1a: Quagsire|195\/393
|
|-heal|p2a: Landorus-Therian|256\/382 tox|[from] item: Leftovers
|-heal|p1a: Quagsire|219\/393|[from] item: Leftovers
|-damage|p2a: Landorus-Therian|187\/382 tox|[from] psn
|turn|60
|
|move|p2a: Landorus-Therian|Knock Off|p1a: Quagsire
|-damage|p1a: Quagsire|100\/393
|-enditem|p1a: Quagsire|Leftovers|[from] move: Knock Off|[of] p2a: Landorus-Therian
|move|p1a: Quagsire|Recover|p1a: Quagsire
|-heal|p1a: Quagsire|297\/393
|
|-heal|p2a: Landorus-Therian|210\/382 tox|[from] item: Leftovers
|-damage|p2a: Landorus-Therian|118\/382 tox|[from] psn
|turn|61
|
|switch|p2a: Amoonguss|Amoonguss, F|432\/432
|-damage|p2a: Amoonguss|378\/432|[from] Stealth Rock
|-damage|p2a: Amoonguss|324\/432|[from] Spikes
|move|p1a: Quagsire|Recover|p1a: Quagsire
|-heal|p1a: Quagsire|393\/393
|
|turn|62
|
|switch|p1a: Sableye|Sableye-Mega, F|225\/303
|-damage|p1a: Sableye|188\/303|[from] Stealth Rock
|switch|p2a: Salamence|Salamence-Mega, F|381\/381
|-damage|p2a: Salamence|286\/381|[from] Stealth Rock
|
|turn|63
|
|move|p2a: Salamence|Substitute|p2a: Salamence
|-start|p2a: Salamence|Substitute
|-damage|p2a: Salamence|191\/381
|move|p1a: Sableye|Taunt|p2a: Salamence
|-start|p2a: Salamence|move: Taunt
|
|turn|64
|
|switch|p1a: Quagsire|Quagsire, M|393\/393
|-damage|p1a: Quagsire|369\/393|[from] Stealth Rock
|move|p2a: Salamence|Frustration|p1a: Quagsire
|-damage|p1a: Quagsire|131\/393
|
|turn|65
|
|move|p2a: Salamence|Frustration|p1a: Quagsire
|-damage|p1a: Quagsire|0 fnt
|faint|p1a: Quagsire
|
|
|switch|p1a: Chansey|Chansey, F|582\/703
|-damage|p1a: Chansey|495\/703|[from] Stealth Rock
|turn|66
|c|âLinck129|gg
|
|move|p2a: Salamence|Frustration|p1a: Chansey
|-damage|p1a: Chansey|0 fnt
|faint|p1a: Chansey
|
|-end|p2a: Salamence|move: Taunt
|-message|CleanerThanRotom-W forfeited.
|
|win|Linck129
|raw|Ladder updating...
|leave|CleanerThanRotom-W
|player|p1
|raw|CleanerThanRotom-W's rating: 1624 &rarr; <strong>1598<\/strong><br \/>(-26 for losing)
|raw|Linck129's rating: 1522 &rarr; <strong>1548<\/strong><br \/>(+26 for winning)