|join|Fels
|join|Linck129
|player|p1|Fels|266
|player|p2|Linck129|169
|gametype|singles
|gen|6
|tier|ORAS OU
|rated
|rule|Sleep Clause Mod: Limit one foe put to sleep
|rule|Species Clause: Limit one of each PokÃ©mon
|rule|OHKO Clause: OHKO moves are banned
|rule|Moody Clause: Moody is banned
|rule|Evasion Moves Clause: Evasion moves are banned
|rule|Endless Battle Clause: Forcing endless battles is banned
|rule|HP Percentage Mod: HP is shown in percentages
|clearpoke
|poke|p1|Salamence, F
|poke|p1|Alomomola, F
|poke|p1|Mew, shiny
|poke|p1|Heatran, M
|poke|p1|Ferrothorn, M
|poke|p1|Bisharp, M
|poke|p2|Salamence, M
|poke|p2|Heatran, F
|poke|p2|Mamoswine, F
|poke|p2|Rotom-Wash
|poke|p2|Landorus-Therian, M
|poke|p2|Amoonguss, M
|rule|Swagger Clause: Swagger is banned
|rule|Baton Pass Clause: Limit one PokÃ©mon knowing Baton Pass
|teampreview
|
|start
|switch|p1a: Wem|Mew, shiny|404\/404
|switch|p2a: Salamence|Salamence, M|381\/381
|-ability|p2a: Salamence|Intimidate|[of] p1a: Wem
|-unboost|p1a: Wem|atk|1
|turn|1
|
|switch|p1a: Malacense|Salamence, F|394\/394
|-ability|p1a: Malacense|Intimidate|[of] p2a: Salamence
|-unboost|p2a: Salamence|atk|1
|switch|p2a: Heatran|Heatran, F|323\/323
|
|turn|2
|
|detailschange|p1a: Malacense|Salamence-Mega, F
|message|Salamence has Mega Evolved into Mega Salamence!
|move|p2a: Heatran|Hidden Power|p1a: Malacense
|-supereffective|p1a: Malacense
|-damage|p1a: Malacense|102\/394
|move|p1a: Malacense|Substitute|p1a: Malacense
|-start|p1a: Malacense|Substitute
|-damage|p1a: Malacense|4\/394
|
|turn|3
|
|move|p2a: Heatran|Hidden Power|p1a: Malacense
|-crit|p1a: Malacense
|-supereffective|p1a: Malacense
|-end|p1a: Malacense|Substitute
|move|p1a: Malacense|Roost|p1a: Malacense
|-heal|p1a: Malacense|201\/394
|
|turn|4
|
|switch|p2a: Amoonguss|Amoonguss, M|432\/432
|switch|p1a: Treanha|Heatran, M|386\/386
|
|turn|5
|
|move|p1a: Treanha|Earth Power|p2a: Amoonguss
|-damage|p2a: Amoonguss|337\/432
|move|p2a: Amoonguss|Spore|p1a: Treanha
|-status|p1a: Treanha|slp
|
|-heal|p2a: Amoonguss|364\/432|[from] item: Black Sludge
|turn|6
|c|âFels|:o why
|
|switch|p2a: Salamence|Salamence, M|381\/381
|-ability|p2a: Salamence|Intimidate|[of] p1a: Treanha
|-unboost|p1a: Treanha|atk|1
|cant|p1a: Treanha|slp
|
|turn|7
|
|switch|p1a: Therroforn|Ferrothorn, M|352\/352
|move|p2a: Salamence|Substitute|p2a: Salamence
|-start|p2a: Salamence|Substitute
|-damage|p2a: Salamence|286\/381
|
|turn|8
|
|detailschange|p2a: Salamence|Salamence-Mega, M
|message|Salamence has Mega Evolved into Mega Salamence!
|move|p2a: Salamence|Frustration|p1a: Therroforn
|-damage|p1a: Therroforn|150\/352
|-damage|p2a: Salamence|239\/381|[from] ability: Iron Barbs|[of] p1a: Therroforn
|move|p1a: Therroforn|Gyro Ball|p2a: Salamence
|-end|p2a: Salamence|Substitute
|
|-heal|p1a: Therroforn|172\/352|[from] item: Leftovers
|turn|9
|
|switch|p1a: Malacense|Salamence-Mega, F|201\/394
|move|p2a: Salamence|Dragon Dance|p2a: Salamence
|-boost|p2a: Salamence|atk|1
|-boost|p2a: Salamence|spe|1
|
|turn|10
|c|âLinck129|:\/
|
|switch|p1a: Therroforn|Ferrothorn, M|172\/352
|move|p2a: Salamence|Frustration|p1a: Therroforn
|-damage|p1a: Therroforn|0 fnt
|-damage|p2a: Salamence|192\/381|[from] ability: Iron Barbs|[of] p1a: Therroforn
|faint|p1a: Therroforn
|
|
|switch|p1a: Shiparb|Bisharp, M|272\/272
|turn|11
|
|move|p1a: Shiparb|Sucker Punch|p2a: Salamence
|-damage|p2a: Salamence|46\/381
|-damage|p1a: Shiparb|245\/272|[from] item: Life Orb
|move|p2a: Salamence|Frustration|p1a: Shiparb
|-resisted|p1a: Shiparb
|-damage|p1a: Shiparb|23\/272
|
|turn|12
|
|move|p1a: Shiparb|Sucker Punch|p2a: Salamence
|-fail|p2a: Salamence
|move|p2a: Salamence|Roost|p2a: Salamence
|-heal|p2a: Salamence|237\/381
|
|turn|13
|
|move|p1a: Shiparb|Sucker Punch|p2a: Salamence
|-damage|p2a: Salamence|65\/381
|-damage|p1a: Shiparb|0 fnt|[from] item: Life Orb
|faint|p1a: Shiparb
|move|p2a: Salamence|Frustration|p1: Shiparb|[notarget]
|-notarget
|
|
|switch|p1a: Amomolola|Alomomola, F|534\/534
|turn|14
|
|switch|p2a: Rotom-Wash|Rotom-Wash|304\/304
|move|p1a: Amomolola|Scald|p2a: Rotom-Wash
|-resisted|p2a: Rotom-Wash
|-damage|p2a: Rotom-Wash|280\/304
|-status|p2a: Rotom-Wash|brn
|
|-heal|p2a: Rotom-Wash|299\/304 brn|[from] item: Leftovers
|-damage|p2a: Rotom-Wash|261\/304 brn|[from] brn
|turn|15
|
|move|p1a: Amomolola|Protect|p1a: Amomolola
|-singleturn|p1a: Amomolola|Protect
|move|p2a: Rotom-Wash|Will-O-Wisp|p1a: Amomolola
|-activate|p1a: Amomolola|Protect
|
|-heal|p2a: Rotom-Wash|280\/304 brn|[from] item: Leftovers
|-damage|p2a: Rotom-Wash|242\/304 brn|[from] brn
|turn|16
|
|switch|p1a: Treanha|Heatran, M|386\/386 slp
|move|p2a: Rotom-Wash|Will-O-Wisp|p1a: Treanha
|-start|p1a: Treanha|ability: Flash Fire
|
|-heal|p2a: Rotom-Wash|261\/304 brn|[from] item: Leftovers
|-damage|p2a: Rotom-Wash|223\/304 brn|[from] brn
|turn|17
|
|move|p2a: Rotom-Wash|Hydro Pump|p1a: Treanha
|-supereffective|p1a: Treanha
|-damage|p1a: Treanha|218\/386 slp
|cant|p1a: Treanha|slp
|
|-heal|p2a: Rotom-Wash|242\/304 brn|[from] item: Leftovers
|-damage|p2a: Rotom-Wash|204\/304 brn|[from] brn
|turn|18
|
|move|p2a: Rotom-Wash|Volt Switch|p1a: Treanha
|-damage|p1a: Treanha|161\/386 slp
|
|switch|p2a: Landorus-Therian|Landorus-Therian, M|382\/382
|-ability|p2a: Landorus-Therian|Intimidate|[of] p1a: Treanha
|-unboost|p1a: Treanha|atk|1
|-curestatus|p1a: Treanha|slp
|move|p1a: Treanha|Lava Plume|p2a: Landorus-Therian
|-damage|p2a: Landorus-Therian|121\/382
|
|-heal|p2a: Landorus-Therian|144\/382|[from] item: Leftovers
|turn|19
|
|switch|p1a: Wem|Mew, shiny|404\/404
|move|p2a: Landorus-Therian|Earthquake|p1a: Wem
|-damage|p1a: Wem|227\/404
|
|-heal|p1a: Wem|252\/404|[from] item: Leftovers
|-heal|p2a: Landorus-Therian|167\/382|[from] item: Leftovers
|turn|20
|
|move|p1a: Wem|Soft-Boiled|p1a: Wem
|-heal|p1a: Wem|404\/404
|move|p2a: Landorus-Therian|Stealth Rock|p1a: Wem
|-sidestart|p1: Fels|move: Stealth Rock
|
|-heal|p2a: Landorus-Therian|190\/382|[from] item: Leftovers
|turn|21
|
|move|p1a: Wem|Knock Off|p2a: Landorus-Therian
|-damage|p2a: Landorus-Therian|111\/382
|-enditem|p2a: Landorus-Therian|Leftovers|[from] move: Knock Off|[of] p1a: Wem
|move|p2a: Landorus-Therian|Knock Off|p1a: Wem
|-supereffective|p1a: Wem
|-damage|p1a: Wem|170\/404
|-enditem|p1a: Wem|Leftovers|[from] move: Knock Off|[of] p2a: Landorus-Therian
|
|turn|22
|
|move|p1a: Wem|Will-O-Wisp|p2a: Landorus-Therian
|-status|p2a: Landorus-Therian|brn
|move|p2a: Landorus-Therian|Earthquake|p1a: Wem
|-damage|p1a: Wem|86\/404
|
|-damage|p2a: Landorus-Therian|64\/382 brn|[from] brn
|turn|23
|
|move|p1a: Wem|Soft-Boiled|p1a: Wem
|-heal|p1a: Wem|288\/404
|move|p2a: Landorus-Therian|Earthquake|p1a: Wem
|-damage|p1a: Wem|195\/404
|
|-damage|p2a: Landorus-Therian|17\/382 brn|[from] brn
|turn|24
|
|move|p1a: Wem|Defog|p2a: Landorus-Therian
|-unboost|p2a: Landorus-Therian|evasion|1
|-sideend|p1: Fels|Stealth Rock|[from] move: Defog|[of] p1a: Wem
|move|p2a: Landorus-Therian|Earthquake|p1a: Wem
|-damage|p1a: Wem|108\/404
|
|-damage|p2a: Landorus-Therian|0 fnt|[from] brn
|faint|p2a: Landorus-Therian
|
|switch|p2a: Mamoswine|Mamoswine, F|361\/361
|turn|25
|
|switch|p1a: Amomolola|Alomomola, F|534\/534
|move|p2a: Mamoswine|Earthquake|p1a: Amomolola
|-damage|p1a: Amomolola|347\/534
|-damage|p2a: Mamoswine|325\/361|[from] item: Life Orb
|
|-heal|p1a: Amomolola|380\/534|[from] item: Leftovers
|turn|26
|
|move|p2a: Mamoswine|Knock Off|p1a: Amomolola
|-damage|p1a: Amomolola|257\/534
|-enditem|p1a: Amomolola|Leftovers|[from] move: Knock Off|[of] p2a: Mamoswine
|-damage|p2a: Mamoswine|289\/361|[from] item: Life Orb
|move|p1a: Amomolola|Wish|p1a: Amomolola
|
|turn|27
|
|move|p2a: Mamoswine|Icicle Crash|p1a: Amomolola
|-resisted|p1a: Amomolola
|-damage|p1a: Amomolola|180\/534
|-damage|p2a: Mamoswine|253\/361|[from] item: Life Orb
|move|p1a: Amomolola|Scald|p2a: Mamoswine
|-supereffective|p2a: Mamoswine
|-damage|p2a: Mamoswine|113\/361
|
|-heal|p1a: Amomolola|447\/534|[from] move: Wish|[wisher] Amomolola
|turn|28
|
|switch|p2a: Rotom-Wash|Rotom-Wash|204\/304 brn
|move|p1a: Amomolola|Wish|p1a: Amomolola
|
|-heal|p2a: Rotom-Wash|223\/304 brn|[from] item: Leftovers
|-damage|p2a: Rotom-Wash|185\/304 brn|[from] brn
|turn|29
|
|switch|p1a: Wem|Mew, shiny|108\/404
|move|p2a: Rotom-Wash|Hydro Pump|p1a: Wem
|-damage|p1a: Wem|0 fnt
|faint|p1a: Wem
|
|-heal|p2a: Rotom-Wash|204\/304 brn|[from] item: Leftovers
|-damage|p2a: Rotom-Wash|166\/304 brn|[from] brn
|
|switch|p1a: Malacense|Salamence-Mega, F|201\/394
|turn|30
|
|move|p1a: Malacense|Substitute|p1a: Malacense
|-start|p1a: Malacense|Substitute
|-damage|p1a: Malacense|103\/394
|move|p2a: Rotom-Wash|Volt Switch|p1a: Malacense
|-activate|p1a: Malacense|Substitute|[damage]
|
|switch|p2a: Heatran|Heatran, F|323\/323
|
|turn|31
|
|move|p2a: Heatran|Hidden Power|p1a: Malacense
|-supereffective|p1a: Malacense
|-end|p1a: Malacense|Substitute
|move|p1a: Malacense|Roost|p1a: Malacense
|-heal|p1a: Malacense|300\/394
|
|turn|32
|
|switch|p1a: Treanha|Heatran, M|161\/386
|move|p2a: Heatran|Hidden Power|p1a: Treanha
|-resisted|p1a: Treanha
|-damage|p1a: Treanha|150\/386
|
|turn|33
|
|move|p2a: Heatran|Hidden Power|p1a: Treanha
|-resisted|p1a: Treanha
|-damage|p1a: Treanha|139\/386
|move|p1a: Treanha|Lava Plume|p2a: Heatran
|-start|p2a: Heatran|ability: Flash Fire
|
|turn|34
|
|switch|p2a: Rotom-Wash|Rotom-Wash|166\/304 brn
|move|p1a: Treanha|Earth Power|p2a: Rotom-Wash
|-immune|p2a: Rotom-Wash|[msg]
|
|-heal|p2a: Rotom-Wash|185\/304 brn|[from] item: Leftovers
|-damage|p2a: Rotom-Wash|147\/304 brn|[from] brn
|turn|35
|
|switch|p1a: Amomolola|Alomomola, F|534\/534
|move|p2a: Rotom-Wash|Hydro Pump|p1a: Amomolola
|-resisted|p1a: Amomolola
|-damage|p1a: Amomolola|418\/534
|
|-heal|p2a: Rotom-Wash|166\/304 brn|[from] item: Leftovers
|-damage|p2a: Rotom-Wash|128\/304 brn|[from] brn
|turn|36
|
|move|p1a: Amomolola|Protect|p1a: Amomolola
|-singleturn|p1a: Amomolola|Protect
|move|p2a: Rotom-Wash|Will-O-Wisp|p1a: Amomolola
|-activate|p1a: Amomolola|Protect
|
|-heal|p2a: Rotom-Wash|147\/304 brn|[from] item: Leftovers
|-damage|p2a: Rotom-Wash|109\/304 brn|[from] brn
|turn|37
|
|move|p2a: Rotom-Wash|Will-O-Wisp|p1a: Amomolola
|-status|p1a: Amomolola|brn
|move|p1a: Amomolola|Wish|p1a: Amomolola
|
|-heal|p2a: Rotom-Wash|128\/304 brn|[from] item: Leftovers
|-damage|p2a: Rotom-Wash|90\/304 brn|[from] brn
|-damage|p1a: Amomolola|352\/534 brn|[from] brn
|turn|38
|
|switch|p1a: Treanha|Heatran, M|139\/386
|move|p2a: Rotom-Wash|Hydro Pump|p1a: Treanha
|-crit|p1a: Treanha
|-supereffective|p1a: Treanha
|-damage|p1a: Treanha|0 fnt
|faint|p1a: Treanha
|
|-heal|p2a: Rotom-Wash|109\/304 brn|[from] item: Leftovers
|-damage|p2a: Rotom-Wash|71\/304 brn|[from] brn
|
|switch|p1a: Malacense|Salamence-Mega, F|300\/394
|turn|39
|
|move|p1a: Malacense|Return|p2a: Rotom-Wash
|-resisted|p2a: Rotom-Wash
|-damage|p2a: Rotom-Wash|0 fnt
|faint|p2a: Rotom-Wash
|
|
|switch|p2a: Heatran|Heatran, F|323\/323
|turn|40
|
|switch|p1a: Amomolola|Alomomola, F|530\/534 brn
|move|p2a: Heatran|Hidden Power|p1a: Amomolola
|-resisted|p1a: Amomolola
|-damage|p1a: Amomolola|460\/534 brn
|
|-damage|p1a: Amomolola|394\/534 brn|[from] brn
|turn|41
|
|switch|p2a: Amoonguss|Amoonguss, M|432\/432
|move|p1a: Amomolola|Scald|p2a: Amoonguss
|-resisted|p2a: Amoonguss
|-damage|p2a: Amoonguss|414\/432
|
|-heal|p2a: Amoonguss|432\/432|[from] item: Black Sludge
|-damage|p1a: Amomolola|328\/534 brn|[from] brn
|turn|42
|
|move|p1a: Amomolola|Wish|p1a: Amomolola
|move|p2a: Amoonguss|Giga Drain|p1a: Amomolola
|-supereffective|p1a: Amomolola
|-damage|p1a: Amomolola|34\/534 brn
|
|-damage|p1a: Amomolola|0 fnt|[from] brn
|faint|p1a: Amomolola
|
|switch|p1a: Malacense|Salamence-Mega, F|300\/394
|turn|43
|
|switch|p2a: Heatran|Heatran, F|323\/323
|move|p1a: Malacense|Dragon Dance|p1a: Malacense
|-boost|p1a: Malacense|atk|1
|-boost|p1a: Malacense|spe|1
|
|-heal|p1a: Malacense|394\/394|[from] move: Wish|[wisher] Amomolola
|turn|44
|c|âFels|gg
|
|move|p2a: Heatran|Hidden Power|p1a: Malacense
|-supereffective|p1a: Malacense
|-damage|p1a: Malacense|62\/394
|move|p1a: Malacense|Return|p2a: Heatran
|-resisted|p2a: Heatran
|-damage|p2a: Heatran|130\/323
|
|turn|45
|c|âLinck129|gg
|
|move|p2a: Heatran|Hidden Power|p1a: Malacense
|-supereffective|p1a: Malacense
|-damage|p1a: Malacense|0 fnt
|faint|p1a: Malacense
|
|win|Linck129
|raw|Ladder updating...
|raw|Fels's rating: 1525 &rarr; <strong>1511<\/strong><br \/>(-14 for losing)
|raw|Linck129's rating: 1631 &rarr; <strong>1645<\/strong><br \/>(+14 for winning)
|leave|Fels
|player|p1