|join|Linck129
|join|CrasherChase
|player|p1|Linck129|1
|player|p2|CrasherChase|76
|gametype|singles
|gen|6
|tier|ORAS OU
|rated
|rule|Sleep Clause Mod: Limit one foe put to sleep
|rule|Species Clause: Limit one of each PokÃ©mon
|rule|OHKO Clause: OHKO moves are banned
|rule|Moody Clause: Moody is banned
|rule|Evasion Moves Clause: Evasion moves are banned
|rule|Endless Battle Clause: Forcing endless battles is banned
|rule|HP Percentage Mod: HP is shown in percentages
|clearpoke
|poke|p1|Sceptile, M
|poke|p1|Azumarill, F
|poke|p1|Landorus-Therian, M
|poke|p1|Mew
|poke|p1|Bisharp, M
|poke|p1|Heatran, M
|poke|p2|Sableye, F, shiny
|poke|p2|Heatran, M, shiny
|poke|p2|Azumarill, F, shiny
|poke|p2|Garchomp, M, shiny
|poke|p2|Chansey, F, shiny
|poke|p2|Breloom, M, shiny
|rule|Swagger Clause: Swagger is banned
|rule|Baton Pass Clause: Limit one PokÃ©mon knowing Baton Pass
|teampreview
|
|start
|switch|p1a: Landorus-Therian|Landorus-Therian, M|320\/320
|switch|p2a: Trolldemort|Sableye, F, shiny|304\/304
|-ability|p1a: Landorus-Therian|Intimidate|[of] p2a: Trolldemort
|-unboost|p2a: Trolldemort|atk|1
|turn|1
|
|switch|p1a: Heatran|Heatran, M|386\/386
|detailschange|p2a: Trolldemort|Sableye-Mega, F, shiny
|message|Sableye has Mega Evolved into Mega Sableye!
|move|p2a: Trolldemort|Will-O-Wisp|p1a: Heatran
|-start|p1a: Heatran|ability: Flash Fire
|
|turn|2
|
|switch|p2a: Lava Dome|Heatran, M, shiny|324\/324
|move|p1a: Heatran|Magma Storm|p2a: Lava Dome
|-start|p2a: Lava Dome|ability: Flash Fire
|
|turn|3
|
|switch|p1a: Landorus-Therian|Landorus-Therian, M|320\/320
|-ability|p1a: Landorus-Therian|Intimidate|[of] p2a: Lava Dome
|-unboost|p2a: Lava Dome|atk|1
|move|p2a: Lava Dome|Lava Plume|p1a: Landorus-Therian
|-damage|p1a: Landorus-Therian|76\/320
|
|turn|4
|
|move|p1a: Landorus-Therian|U-turn|p2a: Lava Dome
|-resisted|p2a: Lava Dome
|-damage|p2a: Lava Dome|303\/324
|
|switch|p1a: Heatran|Heatran, M|386\/386
|move|p2a: Lava Dome|Stealth Rock|p1a: Heatran
|-sidestart|p1: Linck129|move: Stealth Rock
|
|-heal|p2a: Lava Dome|323\/324|[from] item: Leftovers
|turn|5
|
|move|p2a: Lava Dome|Earth Power|p1a: Heatran
|-supereffective|p1a: Heatran
|-damage|p1a: Heatran|62\/386
|move|p1a: Heatran|Magma Storm|p2a: Lava Dome
|-immune|p2a: Lava Dome|[msg]
|
|-heal|p2a: Lava Dome|324\/324|[from] item: Leftovers
|-heal|p1a: Heatran|86\/386|[from] item: Leftovers
|turn|6
|
|switch|p1a: Landorus-Therian|Landorus-Therian, M|76\/320
|-damage|p1a: Landorus-Therian|36\/320|[from] Stealth Rock
|-ability|p1a: Landorus-Therian|Intimidate|[of] p2a: Lava Dome
|-unboost|p2a: Lava Dome|atk|1
|move|p2a: Lava Dome|Earth Power|p1a: Landorus-Therian
|-immune|p1a: Landorus-Therian|[msg]
|
|turn|7
|
|move|p1a: Landorus-Therian|Earthquake|p2a: Lava Dome
|-supereffective|p2a: Lava Dome
|-damage|p2a: Lava Dome|0 fnt
|faint|p2a: Lava Dome
|
|
|switch|p2a: OP 4 OU|Azumarill, F, shiny|404\/404
|turn|8
|
|move|p2a: OP 4 OU|Aqua Jet|p1a: Landorus-Therian
|-supereffective|p1a: Landorus-Therian
|-damage|p1a: Landorus-Therian|0 fnt
|faint|p1a: Landorus-Therian
|
|
|switch|p1a: Mew|Mew|404\/404
|-damage|p1a: Mew|354\/404|[from] Stealth Rock
|turn|9
|
|switch|p2a: Trolldemort|Sableye-Mega, F, shiny|304\/304
|move|p1a: Mew|Knock Off|p2a: Trolldemort
|-damage|p2a: Trolldemort|275\/304
|
|-heal|p1a: Mew|379\/404|[from] item: Leftovers
|turn|10
|
|move|p1a: Mew|Will-O-Wisp|p2a: Trolldemort
|move|p2a: Trolldemort|Will-O-Wisp|p1a: Mew|[from]Magic Bounce
|-status|p1a: Mew|brn
|-status|p2a: Trolldemort|brn
|move|p2a: Trolldemort|Calm Mind|p2a: Trolldemort
|-boost|p2a: Trolldemort|spa|1
|-boost|p2a: Trolldemort|spd|1
|
|-heal|p1a: Mew|404\/404 brn|[from] item: Leftovers
|-damage|p1a: Mew|354\/404 brn|[from] brn
|-damage|p2a: Trolldemort|237\/304 brn|[from] brn
|turn|11
|
|switch|p1a: Bisharp|Bisharp, M|272\/272
|-damage|p1a: Bisharp|255\/272|[from] Stealth Rock
|move|p2a: Trolldemort|Calm Mind|p2a: Trolldemort
|-boost|p2a: Trolldemort|spa|1
|-boost|p2a: Trolldemort|spd|1
|
|-damage|p2a: Trolldemort|199\/304 brn|[from] brn
|turn|12
|
|move|p1a: Bisharp|Iron Head|p2a: Trolldemort
|-damage|p2a: Trolldemort|89\/304 brn
|-damage|p1a: Bisharp|228\/272|[from] item: Life Orb
|move|p2a: Trolldemort|Will-O-Wisp|p1a: Bisharp
|-status|p1a: Bisharp|brn
|
|-damage|p1a: Bisharp|194\/272 brn|[from] brn
|-damage|p2a: Trolldemort|51\/304 brn|[from] brn
|turn|13
|
|move|p1a: Bisharp|Knock Off|p2a: Trolldemort
|-damage|p2a: Trolldemort|8\/304 brn
|-damage|p1a: Bisharp|167\/272 brn|[from] item: Life Orb
|move|p2a: Trolldemort|Recover|p2a: Trolldemort
|-heal|p2a: Trolldemort|160\/304 brn
|
|-damage|p1a: Bisharp|133\/272 brn|[from] brn
|-damage|p2a: Trolldemort|122\/304 brn|[from] brn
|turn|14
|
|move|p1a: Bisharp|Iron Head|p2a: Trolldemort
|-damage|p2a: Trolldemort|70\/304 brn
|-damage|p1a: Bisharp|106\/272 brn|[from] item: Life Orb
|move|p2a: Trolldemort|Recover|p2a: Trolldemort
|-heal|p2a: Trolldemort|222\/304 brn
|
|-damage|p1a: Bisharp|72\/272 brn|[from] brn
|-damage|p2a: Trolldemort|184\/304 brn|[from] brn
|turn|15
|-message|Linck129 forfeited.
|
|win|CrasherChase
|raw|Ladder updating...
|leave|Linck129
|player|p1
|raw|Linck129's rating: 1312 &rarr; <strong>1291<\/strong><br \/>(-21 for losing)
|raw|CrasherChase's rating: 1291 &rarr; <strong>1318<\/strong><br \/>(+27 for winning)
|c|âCrasherChase|gg