|join|Linck129
|join|Dillon (Hedonist)
|player|p1|Linck129|118
|player|p2|Dillon (Hedonist)|150
|gametype|singles
|gen|6
|tier|OU
|rated
|clearpoke
|poke|p1|Medicham, F
|poke|p1|Azelf
|poke|p1|Cacturne, M
|poke|p1|Thundurus, M
|poke|p1|Heatran, F
|poke|p1|Latios, M
|poke|p2|Greninja, F, shiny
|poke|p2|Latios, M
|poke|p2|Mawile, F
|poke|p2|Dragonite, M
|poke|p2|Jirachi, shiny
|poke|p2|Garchomp, F
|rule|Swagger Clause: Swagger is banned
|rule|Baton Pass Clause: Limit one PokÃ©mon knowing Baton Pass
|rule|Sleep Clause Mod: Limit one foe put to sleep
|rule|Species Clause: Limit one of each PokÃ©mon
|rule|OHKO Clause: OHKO moves are banned
|rule|Moody Clause: Moody is banned
|rule|Evasion Moves Clause: Evasion moves are banned
|rule|Endless Battle Clause: Forcing endless battles is banned
|rule|HP Percentage Mod: HP is reported as percentages
|teampreview
|
|start
|switch|p1a: Azelf|Azelf|291\/291
|switch|p2a: Garchomp|Garchomp, F|357\/357
|turn|1
|
|switch|p2a: Jirachi|Jirachi, shiny|341\/341
|move|p1a: Azelf|Psychic|p2a: Jirachi
|-resisted|p2a: Jirachi
|-damage|p2a: Jirachi|305\/341
|
|turn|2
|
|move|p2a: Jirachi|U-turn|p1a: Azelf
|-supereffective|p1a: Azelf
|-damage|p1a: Azelf|79\/291
|
|switch|p2a: Garchomp|Garchomp, F|357\/357
|move|p1a: Azelf|Knock Off|p2a: Garchomp
|-damage|p2a: Garchomp|277\/357
|-damage|p1a: Azelf|43\/291|[from] ability: Rough Skin|[of] p2a: Garchomp
|-enditem|p2a: Garchomp|Focus Sash|[from] move: Knock Off|[of] p1a: Azelf
|
|turn|3
|
|move|p1a: Azelf|Stealth Rock|p2a: Garchomp
|-sidestart|p2: Dillon (Hedonist)|move: Stealth Rock
|move|p2a: Garchomp|Stealth Rock|p1a: Azelf
|-sidestart|p1: Linck129|move: Stealth Rock
|
|turn|4
|
|move|p1a: Azelf|Fire Blast|p2a: Garchomp
|-resisted|p2a: Garchomp
|-damage|p2a: Garchomp|202\/357
|move|p2a: Garchomp|Fire Blast|p1a: Azelf
|-damage|p1a: Azelf|0 fnt
|faint|p1a: Azelf
|
|
|switch|p1a: Thundurus|Thundurus, M|300\/300
|-damage|p1a: Thundurus|225\/300|[from] Stealth Rock
|turn|5
|
|move|p1a: Thundurus|Hidden Power|p2a: Garchomp
|-supereffective|p2a: Garchomp
|-damage|p2a: Garchomp|0 fnt
|faint|p2a: Garchomp
|
|-heal|p1a: Thundurus|243\/300|[from] item: Leftovers
|
|switch|p2a: Greninja|Greninja, F, shiny|285\/285
|-damage|p2a: Greninja|250\/285|[from] Stealth Rock
|turn|6
|
|switch|p1a: Heatran|Heatran, F|386\/386
|-damage|p1a: Heatran|338\/386|[from] Stealth Rock
|move|p2a: Greninja|Ice Beam|p1a: Heatran
|-start|p2a: Greninja|typechange|Ice|[from] Protean
|-resisted|p1a: Heatran
|-damage|p1a: Heatran|309\/386
|-damage|p2a: Greninja|222\/285|[from] item: Life Orb
|
|-heal|p1a: Heatran|333\/386|[from] item: Leftovers
|turn|7
|
|switch|p1a: Cacturne|Cacturne, M|281\/281
|-damage|p1a: Cacturne|246\/281|[from] Stealth Rock
|move|p2a: Greninja|Hydro Pump|p1a: Cacturne
|-start|p2a: Greninja|typechange|Water|[from] Protean
|-heal|p1a: Cacturne|281\/281|[from] ability: Water Absorb|[of] p2a: Greninja
|
|turn|8
|
|switch|p2a: Mawile|Mawile, F|272\/272
|-damage|p2a: Mawile|255\/272|[from] Stealth Rock
|-ability|p2a: Mawile|Intimidate|[of] p1a: Cacturne
|-unboost|p1a: Cacturne|atk|1
|move|p1a: Cacturne|Sucker Punch|p2a: Mawile
|-fail|p2a: Mawile
|
|turn|9
|
|detailschange|p2a: Mawile|Mawile-Mega, F
|message|Mawile has Mega Evolved into Mega Mawile!
|move|p1a: Cacturne|Hidden Power|p2a: Mawile
|-supereffective|p2a: Mawile
|-damage|p2a: Mawile|83\/272
|-damage|p1a: Cacturne|253\/281|[from] item: Life Orb
|move|p2a: Mawile|Substitute|p2a: Mawile
|-start|p2a: Mawile|Substitute
|-damage|p2a: Mawile|15\/272
|
|turn|10
|
|-singleturn|p2a: Mawile|move: Focus Punch
|move|p1a: Cacturne|Giga Drain|p2a: Mawile
|-resisted|p2a: Mawile
|-end|p2a: Mawile|Substitute
|-heal|p1a: Cacturne|281\/281|[from] drain|[of] p2a: Mawile
|-damage|p1a: Cacturne|253\/281|[from] item: Life Orb
|move|p2a: Mawile|Focus Punch|p1a: Cacturne
|-supereffective|p1a: Cacturne
|-damage|p1a: Cacturne|0 fnt
|faint|p1a: Cacturne
|
|
|switch|p1a: Medicham|Medicham, F|261\/261
|-damage|p1a: Medicham|245\/261|[from] Stealth Rock
|turn|11
|
|switch|p2a: Jirachi|Jirachi, shiny|305\/341
|-damage|p2a: Jirachi|284\/341|[from] Stealth Rock
|detailschange|p1a: Medicham|Medicham-Mega, F
|message|Medicham has Mega Evolved into Mega Medicham!
|move|p1a: Medicham|Substitute|p1a: Medicham
|-start|p1a: Medicham|Substitute
|-damage|p1a: Medicham|180\/261
|
|turn|12
|
|move|p2a: Jirachi|Iron Head|p1a: Medicham
|-end|p1a: Medicham|Substitute
|move|p1a: Medicham|Substitute|p1a: Medicham
|-start|p1a: Medicham|Substitute
|-damage|p1a: Medicham|115\/261
|
|turn|13
|
|move|p2a: Jirachi|Iron Head|p1a: Medicham
|-end|p1a: Medicham|Substitute
|move|p1a: Medicham|Drain Punch|p2a: Jirachi
|-damage|p2a: Jirachi|31\/341
|-heal|p1a: Medicham|242\/261|[from] drain|[of] p2a: Jirachi
|
|turn|14
|
|switch|p1a: Heatran|Heatran, F|333\/386
|-damage|p1a: Heatran|285\/386|[from] Stealth Rock
|move|p2a: Jirachi|Iron Head|p1a: Heatran
|-crit|p1a: Heatran
|-resisted|p1a: Heatran
|-damage|p1a: Heatran|246\/386
|
|-heal|p1a: Heatran|270\/386|[from] item: Leftovers
|turn|15
|
|switch|p2a: Greninja|Greninja, F, shiny|222\/285
|-damage|p2a: Greninja|187\/285|[from] Stealth Rock
|move|p1a: Heatran|Magma Storm|p2a: Greninja
|-resisted|p2a: Greninja
|-damage|p2a: Greninja|84\/285
|-activate|p2a: Greninja|move: Magma Storm|[of] p1a: Heatran
|
|-heal|p1a: Heatran|294\/386|[from] item: Leftovers
|-damage|p2a: Greninja|49\/285|[from] move: Magma Storm|[partiallytrapped]
|turn|16
|
|move|p1a: Heatran|Protect|p1a: Heatran
|-singleturn|p1a: Heatran|Protect
|move|p2a: Greninja|Hydro Pump|p1a: Heatran
|-start|p2a: Greninja|typechange|Water|[from] Protean
|-activate|p1a: Heatran|Protect
|
|-heal|p1a: Heatran|318\/386|[from] item: Leftovers
|-damage|p2a: Greninja|14\/285|[from] move: Magma Storm|[partiallytrapped]
|turn|17
|
|move|p1a: Heatran|Protect|p1a: Heatran
|-singleturn|p1a: Heatran|Protect
|move|p2a: Greninja|Hydro Pump|p1a: Heatran
|-activate|p1a: Heatran|Protect
|
|-heal|p1a: Heatran|342\/386|[from] item: Leftovers
|-damage|p2a: Greninja|0 fnt|[from] move: Magma Storm|[partiallytrapped]
|faint|p2a: Greninja
|
|switch|p2a: Dragonite|Dragonite, M|323\/323
|-damage|p2a: Dragonite|243\/323|[from] Stealth Rock
|turn|18
|
|move|p2a: Dragonite|Dragon Dance|p2a: Dragonite
|-boost|p2a: Dragonite|atk|1
|-boost|p2a: Dragonite|spe|1
|move|p1a: Heatran|Magma Storm|p2a: Dragonite
|-resisted|p2a: Dragonite
|-damage|p2a: Dragonite|171\/323
|-activate|p2a: Dragonite|move: Magma Storm|[of] p1a: Heatran
|
|-heal|p1a: Heatran|366\/386|[from] item: Leftovers
|-damage|p2a: Dragonite|131\/323|[from] move: Magma Storm|[partiallytrapped]
|turn|19
|
|move|p2a: Dragonite|Dragon Dance|p2a: Dragonite
|-boost|p2a: Dragonite|atk|1
|-boost|p2a: Dragonite|spe|1
|move|p1a: Heatran|Magma Storm|p2a: Dragonite
|-resisted|p2a: Dragonite
|-damage|p2a: Dragonite|53\/323
|
|-heal|p1a: Heatran|386\/386|[from] item: Leftovers
|-damage|p2a: Dragonite|13\/323|[from] move: Magma Storm|[partiallytrapped]
|turn|20
|chat|Linck129|yes
|
|move|p1a: Heatran|Protect|p1a: Heatran
|-singleturn|p1a: Heatran|Protect
|move|p2a: Dragonite|Earthquake|p1a: Heatran
|-activate|p1a: Heatran|Protect
|
|-damage|p2a: Dragonite|0 fnt|[from] move: Magma Storm|[partiallytrapped]
|faint|p2a: Dragonite
|-message|Dillon (Hedonist) forfeited.
|
|win|Linck129
|raw|Ladder updating...
|leave|Dillon (Hedonist)
|player|p2
|raw|Linck129's rating: 1608 &rarr; <strong>1629<\/strong><br \/>(+21 for winning)
|raw|Dillon (Hedonist)'s rating: 1626 &rarr; <strong>1605<\/strong><br \/>(-21 for losing)