|join|Linck129
|join|Mega-Altaria
|player|p1|Linck129|2
|player|p2|Mega-Altaria|54
|gametype|singles
|gen|6
|tier|OU
|rated
|clearpoke
|poke|p1|Landorus-Therian, M
|poke|p1|Latios, M
|poke|p1|Gardevoir, M
|poke|p1|Ferrothorn, F
|poke|p1|Hawlucha, F
|poke|p1|Rotom-Wash
|poke|p2|Rotom-Heat
|poke|p2|Venusaur, M
|poke|p2|Quagsire, M
|poke|p2|Skarmory, M
|poke|p2|Clefable, F
|poke|p2|Mew, shiny
|rule|Swagger Clause: Swagger is banned
|rule|Baton Pass Clause: Limit one PokÃ©mon knowing Baton Pass
|rule|Sleep Clause Mod: Limit one foe put to sleep
|rule|Species Clause: Limit one of each PokÃ©mon
|rule|OHKO Clause: OHKO moves are banned
|rule|Moody Clause: Moody is banned
|rule|Evasion Moves Clause: Evasion moves are banned
|rule|Endless Battle Clause: Forcing endless battles is banned
|rule|HP Percentage Mod: HP is shown in percentages
|teampreview
|
|start
|switch|p1a: Hawlucha|Hawlucha, F|328\/328
|switch|p2a: Sir Quag|Quagsire, M|394\/394
|turn|1
|
|switch|p1a: Ferrothorn|Ferrothorn, F|352\/352
|move|p2a: Sir Quag|Scald|p1a: Ferrothorn
|-resisted|p1a: Ferrothorn
|-damage|p1a: Ferrothorn|331\/352
|
|-heal|p1a: Ferrothorn|352\/352|[from] item: Leftovers
|turn|2
|
|switch|p1a: Mega Gardevoir|Gardevoir, M|277\/277
|-ability|p1a: Mega Gardevoir|Unaware|[from] ability: Trace|[of] p2a: Sir Quag
|move|p2a: Sir Quag|Scald|p1a: Mega Gardevoir
|-damage|p1a: Mega Gardevoir|222\/277
|-status|p1a: Mega Gardevoir|brn
|
|-damage|p1a: Mega Gardevoir|188\/277 brn|[from] brn
|turn|3
|
|switch|p2a: Skarm|Skarmory, M|333\/333
|detailschange|p1a: Mega Gardevoir|Gardevoir-Mega, M
|message|Gardevoir has Mega Evolved into Mega Gardevoir!
|move|p1a: Mega Gardevoir|Hyper Voice|p2a: Skarm
|-resisted|p2a: Skarm
|-damage|p2a: Skarm|207\/333
|
|-damage|p1a: Mega Gardevoir|154\/277 brn|[from] brn
|turn|4
|
|move|p1a: Mega Gardevoir|Focus Blast|p2a: Skarm
|-damage|p2a: Skarm|30\/333
|move|p2a: Skarm|Roost|p2a: Skarm
|-heal|p2a: Skarm|197\/333
|
|-damage|p1a: Mega Gardevoir|120\/277 brn|[from] brn
|turn|5
|
|switch|p1a: Rotom-W|Rotom-Wash|303\/303
|move|p2a: Skarm|Roost|p2a: Skarm
|-heal|p2a: Skarm|333\/333
|
|turn|6
|
|switch|p2a: Sir Quag|Quagsire, M|394\/394
|move|p1a: Rotom-W|Volt Switch|p2a: Sir Quag
|-immune|p2a: Sir Quag|[msg]
|
|turn|7
|
|switch|p1a: Ferrothorn|Ferrothorn, F|352\/352
|move|p2a: Sir Quag|Scald|p1a: Ferrothorn
|-resisted|p1a: Ferrothorn
|-damage|p1a: Ferrothorn|329\/352
|-status|p1a: Ferrothorn|brn
|
|-heal|p1a: Ferrothorn|351\/352 brn|[from] item: Leftovers
|-damage|p1a: Ferrothorn|307\/352 brn|[from] brn
|turn|8
|
|switch|p2a: Mew|Mew, shiny|403\/403
|switch|p1a: Latios|Latios, M|302\/302
|
|turn|9
|
|switch|p1a: Mega Gardevoir|Gardevoir-Mega, M|120\/277 brn
|move|p2a: Mew|Knock Off|p1a: Mega Gardevoir
|-damage|p1a: Mega Gardevoir|50\/277 brn
|
|-damage|p1a: Mega Gardevoir|16\/277 brn|[from] brn
|turn|10
|
|switch|p2a: Tostadora|Rotom-Heat|304\/304
|move|p1a: Mega Gardevoir|Will-O-Wisp|p2a: Tostadora
|-fail|p2a: Tostadora
|
|-damage|p1a: Mega Gardevoir|0 fnt|[from] brn
|faint|p1a: Mega Gardevoir
|
|switch|p1a: Latios|Latios, M|302\/302
|turn|11
|
|move|p1a: Latios|Psyshock|p2a: Tostadora
|-damage|p2a: Tostadora|151\/304
|-damage|p1a: Latios|272\/302|[from] item: Life Orb
|move|p2a: Tostadora|Will-O-Wisp|p1a: Latios|[miss]
|-miss|p2a: Tostadora|p1a: Latios
|
|-heal|p2a: Tostadora|170\/304|[from] item: Leftovers
|turn|12
|
|switch|p2a: Skarm|Skarmory, M|333\/333
|move|p1a: Latios|Psyshock|p2a: Skarm
|-resisted|p2a: Skarm
|-damage|p2a: Skarm|268\/333
|-damage|p1a: Latios|242\/302|[from] item: Life Orb
|
|turn|13
|
|move|p1a: Latios|Hidden Power|p2a: Skarm
|-supereffective|p2a: Skarm
|-damage|p2a: Skarm|115\/333
|-damage|p1a: Latios|212\/302|[from] item: Life Orb
|move|p2a: Skarm|Stealth Rock|p1a: Latios
|-sidestart|p1: Linck129|move: Stealth Rock
|
|turn|14
|
|switch|p2a: Mew|Mew, shiny|403\/403
|move|p1a: Latios|Psyshock|p2a: Mew
|-resisted|p2a: Mew
|-damage|p2a: Mew|309\/403
|-damage|p1a: Latios|182\/302|[from] item: Life Orb
|
|-heal|p2a: Mew|334\/403|[from] item: Leftovers
|turn|15
|
|move|p1a: Latios|Draco Meteor|p2a: Mew
|-damage|p2a: Mew|65\/403
|-unboost|p1a: Latios|spa|2
|-damage|p1a: Latios|152\/302|[from] item: Life Orb
|move|p2a: Mew|Roost|p2a: Mew
|-heal|p2a: Mew|267\/403
|
|-heal|p2a: Mew|292\/403|[from] item: Leftovers
|turn|16
|
|move|p1a: Latios|Memento|p2a: Mew
|-unboost|p2a: Mew|atk|2
|-unboost|p2a: Mew|spa|2
|faint|p1a: Latios
|move|p2a: Mew|Knock Off|p1: Latios|[notarget]
|-notarget
|
|-heal|p2a: Mew|317\/403|[from] item: Leftovers
|
|switch|p1a: Hawlucha|Hawlucha, F|328\/328
|-damage|p1a: Hawlucha|287\/328|[from] Stealth Rock
|turn|17
|
|switch|p2a: Fabiole|Clefable, F|394\/394
|move|p1a: Hawlucha|Substitute|p1a: Hawlucha
|-start|p1a: Hawlucha|Substitute
|-damage|p1a: Hawlucha|205\/328
|
|turn|18
|
|move|p1a: Hawlucha|Swords Dance|p1a: Hawlucha
|-boost|p1a: Hawlucha|atk|2
|move|p2a: Fabiole|Moonblast|p1a: Hawlucha
|-supereffective|p1a: Hawlucha
|-end|p1a: Hawlucha|Substitute
|
|turn|19
|
|move|p1a: Hawlucha|Substitute|p1a: Hawlucha
|-start|p1a: Hawlucha|Substitute
|-damage|p1a: Hawlucha|123\/328
|-enditem|p1a: Hawlucha|Sitrus Berry|[eat]
|-heal|p1a: Hawlucha|205\/328|[from] item: Sitrus Berry
|move|p2a: Fabiole|Moonblast|p1a: Hawlucha
|-supereffective|p1a: Hawlucha
|-end|p1a: Hawlucha|Substitute
|
|turn|20
|
|move|p1a: Hawlucha|Acrobatics|p2a: Fabiole
|-crit|p2a: Fabiole
|-damage|p2a: Fabiole|177\/394
|move|p2a: Fabiole|Moonblast|p1a: Hawlucha
|-supereffective|p1a: Hawlucha
|-damage|p1a: Hawlucha|0 fnt
|faint|p1a: Hawlucha
|
|-heal|p2a: Fabiole|201\/394|[from] item: Leftovers
|-message|Linck129 forfeited.
|
|win|Mega-Altaria
|raw|Ladder updating...
|leave|Linck129
|player|p1
|raw|Linck129's rating: 1777 &rarr; <strong>1756<\/strong><br \/>(-21 for losing)
|raw|Mega-Altaria's rating: 1746 &rarr; <strong>1768<\/strong><br \/>(+22 for winning)