|join|Pond red
|join|Linck129
|player|p1|Pond red|179
|player|p2|Linck129|118
|gametype|singles
|gen|6
|tier|OU
|rated
|clearpoke
|poke|p1|Sableye, M
|poke|p1|Espeon, F
|poke|p1|Azelf
|poke|p1|Dugtrio, F
|poke|p1|Smeargle, F
|poke|p1|Whimsicott, M
|poke|p2|Landorus-Therian, M
|poke|p2|Empoleon, F
|poke|p2|Ampharos, F
|poke|p2|Hawlucha, F
|poke|p2|Skarmory, M
|poke|p2|Sylveon, M
|rule|Swagger Clause: Swagger is banned
|rule|Baton Pass Clause: Limit one PokÃ©mon knowing Baton Pass
|rule|Sleep Clause Mod: Limit one foe put to sleep
|rule|Species Clause: Limit one of each PokÃ©mon
|rule|OHKO Clause: OHKO moves are banned
|rule|Moody Clause: Moody is banned
|rule|Evasion Moves Clause: Evasion moves are banned
|rule|Endless Battle Clause: Forcing endless battles is banned
|rule|HP Percentage Mod: HP is reported as percentages
|teampreview
|
|start
|switch|p1a: Sableye|Sableye, M|304\/304
|switch|p2a: Landorus-Therian|Landorus-Therian, M|330\/330
|-ability|p2a: Landorus-Therian|Intimidate|[of] p1a: Sableye
|-unboost|p1a: Sableye|atk|1
|turn|1
|
|switch|p2a: Sylveon|Sylveon, M|394\/394
|move|p1a: Sableye|Will-O-Wisp|p2a: Sylveon
|-status|p2a: Sylveon|brn
|
|-damage|p2a: Sylveon|345\/394 brn|[from] brn
|turn|2
|
|switch|p1a: Azelf|Azelf|292\/292
|move|p2a: Sylveon|Hyper Voice|p1a: Azelf
|-damage|p1a: Azelf|79\/292
|
|-heal|p2a: Sylveon|369\/394 brn|[from] item: Leftovers
|-damage|p2a: Sylveon|320\/394 brn|[from] brn
|turn|3
|
|switch|p2a: Empoleon|Empoleon, F|372\/372
|move|p1a: Azelf|Explosion|p2a: Empoleon
|-resisted|p2a: Empoleon
|-damage|p2a: Empoleon|216\/372
|faint|p1a: Azelf
|
|
|switch|p1a: Dugtrio|Dugtrio, F|212\/212
|turn|4
|
|move|p2a: Empoleon|Aqua Jet|p1a: Dugtrio
|-supereffective|p1a: Dugtrio
|-damage|p1a: Dugtrio|60\/212
|move|p1a: Dugtrio|Earthquake|p2a: Empoleon
|-supereffective|p2a: Empoleon
|-damage|p2a: Empoleon|0 fnt
|faint|p2a: Empoleon
|
|
|switch|p2a: Landorus-Therian|Landorus-Therian, M|330\/330
|-ability|p2a: Landorus-Therian|Intimidate|[of] p1a: Dugtrio
|-unboost|p1a: Dugtrio|atk|1
|turn|5
|
|move|p2a: Landorus-Therian|U-turn|p1a: Dugtrio
|-damage|p1a: Dugtrio|0 fnt
|faint|p1a: Dugtrio
|
|switch|p2a: Ampharos|Ampharos, F|384\/384
|
|
|switch|p1a: Whimsicott|Whimsicott, M|324\/324
|turn|6
|
|switch|p2a: Skarmory|Skarmory, M|327\/327
|move|p1a: Whimsicott|Tailwind|p1a: Whimsicott
|-sidestart|p1: Pond red|move: Tailwind
|
|turn|7
|
|move|p1a: Whimsicott|Taunt|p2a: Skarmory
|-start|p2a: Skarmory|move: Taunt
|move|p2a: Skarmory|Brave Bird|p1a: Whimsicott
|-supereffective|p1a: Whimsicott
|-damage|p1a: Whimsicott|40\/324
|-damage|p2a: Skarmory|233\/327|[from] recoil|[of] p1a: Whimsicott
|
|-heal|p2a: Skarmory|253\/327|[from] item: Leftovers
|turn|8
|
|switch|p1a: Sableye|Sableye, M|304\/304
|move|p2a: Skarmory|Brave Bird|p1a: Sableye
|-damage|p1a: Sableye|207\/304
|-damage|p2a: Skarmory|221\/327|[from] recoil|[of] p1a: Sableye
|
|-heal|p1a: Sableye|226\/304|[from] item: Leftovers
|-heal|p2a: Skarmory|241\/327|[from] item: Leftovers
|turn|9
|
|switch|p2a: Ampharos|Ampharos, F|384\/384
|move|p1a: Sableye|Knock Off|p2a: Ampharos
|-damage|p2a: Ampharos|338\/384
|
|-heal|p1a: Sableye|245\/304|[from] item: Leftovers
|-sideend|p1: Pond red|move: Tailwind
|turn|10
|
|detailschange|p2a: Ampharos|Ampharos-Mega, F
|message|Ampharos has Mega Evolved into Mega Ampharos!
|-ability|p2a: Ampharos|Mold Breaker
|move|p1a: Sableye|Will-O-Wisp|p2a: Ampharos
|-status|p2a: Ampharos|brn
|move|p2a: Ampharos|Discharge|p1a: Sableye
|-damage|p1a: Sableye|20\/304
|
|-heal|p1a: Sableye|39\/304|[from] item: Leftovers
|-damage|p2a: Ampharos|290\/384 brn|[from] brn
|turn|11
|
|move|p1a: Sableye|Recover|p1a: Sableye
|-heal|p1a: Sableye|191\/304
|move|p2a: Ampharos|Discharge|p1a: Sableye
|-damage|p1a: Sableye|0 fnt
|faint|p1a: Sableye
|
|-damage|p2a: Ampharos|242\/384 brn|[from] brn
|
|switch|p1a: Whimsicott|Whimsicott, M|40\/324
|turn|12
|
|move|p1a: Whimsicott|Memento|p2a: Ampharos
|-unboost|p2a: Ampharos|atk|2
|-unboost|p2a: Ampharos|spa|2
|faint|p1a: Whimsicott
|move|p2a: Ampharos|Discharge|p1: Whimsicott|[notarget]
|-notarget
|
|-damage|p2a: Ampharos|194\/384 brn|[from] brn
|
|switch|p1a: Smeargle|Smeargle, F|314\/314
|turn|13
|
|switch|p2a: Hawlucha|Hawlucha, F|300\/300
|move|p1a: Smeargle|Geomancy|p1a: Smeargle|[still]
|-prepare|p1a: Smeargle|Geomancy|p1a: Smeargle
|-enditem|p1a: Smeargle|Power Herb
|-anim|p1a: Smeargle|Geomancy|p1a: Smeargle
|-boost|p1a: Smeargle|spa|2
|-boost|p1a: Smeargle|spd|2
|-boost|p1a: Smeargle|spe|2
|
|turn|14
|
|move|p1a: Smeargle|Dark Void|p2a: Hawlucha
|-status|p2a: Hawlucha|slp
|cant|p2a: Hawlucha|slp
|
|turn|15
|
|move|p1a: Smeargle|Cotton Guard|p1a: Smeargle
|-boost|p1a: Smeargle|def|3
|cant|p2a: Hawlucha|slp
|
|turn|16
|
|move|p1a: Smeargle|Baton Pass|p1a: Smeargle
|
|switch|p1a: Espeon|Espeon, F|334\/334
|-curestatus|p2a: Hawlucha|slp
|move|p2a: Hawlucha|Substitute|p2a: Hawlucha
|-start|p2a: Hawlucha|Substitute
|-damage|p2a: Hawlucha|225\/300
|
|turn|17
|
|move|p1a: Espeon|Stored Power|p2a: Hawlucha
|-supereffective|p2a: Hawlucha
|-end|p2a: Hawlucha|Substitute
|move|p2a: Hawlucha|Substitute|p2a: Hawlucha
|-start|p2a: Hawlucha|Substitute
|-damage|p2a: Hawlucha|150\/300
|-enditem|p2a: Hawlucha|Sitrus Berry|[eat]
|-heal|p2a: Hawlucha|225\/300|[from] item: Sitrus Berry
|
|turn|18
|
|move|p2a: Hawlucha|Acrobatics|p1a: Espeon
|-damage|p1a: Espeon|256\/334
|move|p1a: Espeon|Stored Power|p2a: Hawlucha
|-supereffective|p2a: Hawlucha
|-end|p2a: Hawlucha|Substitute
|
|-heal|p1a: Espeon|276\/334|[from] item: Leftovers
|turn|19
|
|move|p2a: Hawlucha|Acrobatics|p1a: Espeon
|-damage|p1a: Espeon|201\/334
|move|p1a: Espeon|Stored Power|p2a: Hawlucha
|-supereffective|p2a: Hawlucha
|-damage|p2a: Hawlucha|0 fnt
|faint|p2a: Hawlucha
|
|-heal|p1a: Espeon|221\/334|[from] item: Leftovers
|
|switch|p2a: Landorus-Therian|Landorus-Therian, M|330\/330
|-ability|p2a: Landorus-Therian|Intimidate|[of] p1a: Espeon
|-unboost|p1a: Espeon|atk|1
|turn|20
|
|move|p1a: Espeon|Stored Power|p2a: Landorus-Therian
|-damage|p2a: Landorus-Therian|0 fnt
|faint|p2a: Landorus-Therian
|
|-heal|p1a: Espeon|241\/334|[from] item: Leftovers
|
|switch|p2a: Sylveon|Sylveon, M|320\/394 brn
|turn|21
|
|move|p1a: Espeon|Stored Power|p2a: Sylveon
|-damage|p2a: Sylveon|0 fnt
|faint|p2a: Sylveon
|
|-heal|p1a: Espeon|261\/334|[from] item: Leftovers
|-message|Linck129 forfeited.
|
|win|Pond red
|raw|Ladder updating...
|leave|Linck129
|player|p2
|raw|Pond red's rating: 1792 &rarr; <strong>1806<\/strong><br \/>(+14 for winning)
|raw|Linck129's rating: 1679 &rarr; <strong>1665<\/strong><br \/>(-14 for losing)