|join|PikachuCandy
|join|Linck129
|player|p1|PikachuCandy|285
|player|p2|Linck129|170
|gametype|singles
|gen|6
|tier|OU
|rated
|clearpoke
|poke|p1|Garchomp, M, shiny
|poke|p1|Mienshao, M, shiny
|poke|p1|Landorus-Therian, M
|poke|p1|Starmie, shiny
|poke|p1|Bisharp, M
|poke|p1|Breloom, M
|poke|p2|Conkeldurr, F
|poke|p2|Azumarill, M
|poke|p2|Magnezone
|poke|p2|Pinsir, M
|poke|p2|Empoleon, F
|poke|p2|Landorus-Therian, M
|rule|Swagger Clause: Swagger is banned
|rule|Baton Pass Clause: Limit one PokÃ©mon knowing Baton Pass
|rule|Sleep Clause Mod: Limit one foe put to sleep
|rule|Species Clause: Limit one of each PokÃ©mon
|rule|OHKO Clause: OHKO moves are banned
|rule|Moody Clause: Moody is banned
|rule|Evasion Moves Clause: Evasion moves are banned
|rule|Endless Battle Clause: Forcing endless battles is banned
|rule|HP Percentage Mod: HP is shown in percentages
|teampreview
|
|start
|switch|p1a: WishTailâ|Landorus-Therian, M|319\/319
|switch|p2a: Landorus-Therian|Landorus-Therian, M|325\/325
|-ability|p2a: Landorus-Therian|Intimidate|[of] p1a: WishTailâ
|-unboost|p1a: WishTailâ|atk|1
|-ability|p1a: WishTailâ|Intimidate|[of] p2a: Landorus-Therian
|-unboost|p2a: Landorus-Therian|atk|1
|turn|1
|
|move|p2a: Landorus-Therian|U-turn|p1a: WishTailâ
|-resisted|p1a: WishTailâ
|-damage|p1a: WishTailâ|285\/319
|
|switch|p2a: Pinsir|Pinsir, M|271\/271
|move|p1a: WishTailâ|U-turn|p2a: Pinsir
|-damage|p2a: Pinsir|210\/271
|
|switch|p1a: Jumparooã|Breloom, M|262\/262
|
|turn|2
|
|detailschange|p2a: Pinsir|Pinsir-Mega, M
|message|Pinsir has Mega Evolved into Mega Pinsir!
|move|p2a: Pinsir|Substitute|p2a: Pinsir
|-start|p2a: Pinsir|Substitute
|-damage|p2a: Pinsir|143\/271
|move|p1a: Jumparooã|Rock Tomb|p2a: Pinsir
|-supereffective|p2a: Pinsir
|-end|p2a: Pinsir|Substitute
|
|turn|3
|
|switch|p2a: Landorus-Therian|Landorus-Therian, M|325\/325
|-ability|p2a: Landorus-Therian|Intimidate|[of] p1a: Jumparooã
|-unboost|p1a: Jumparooã|atk|1
|move|p1a: Jumparooã|Rock Tomb|p2a: Landorus-Therian
|-crit|p2a: Landorus-Therian
|-damage|p2a: Landorus-Therian|154\/325
|-unboost|p2a: Landorus-Therian|spe|1
|
|turn|4
|
|switch|p1a: WishTailâ|Landorus-Therian, M|285\/319
|-ability|p1a: WishTailâ|Intimidate|[of] p2a: Landorus-Therian
|-unboost|p2a: Landorus-Therian|atk|1
|move|p2a: Landorus-Therian|U-turn|p1a: WishTailâ
|-resisted|p1a: WishTailâ
|-damage|p1a: WishTailâ|251\/319
|
|switch|p2a: Conkeldurr|Conkeldurr, F|351\/351
|
|turn|5
|
|move|p1a: WishTailâ|Earthquake|p2a: Conkeldurr
|-damage|p2a: Conkeldurr|147\/351
|move|p2a: Conkeldurr|Drain Punch|p1a: WishTailâ
|-resisted|p1a: WishTailâ
|-damage|p1a: WishTailâ|163\/319
|-heal|p2a: Conkeldurr|191\/351|[from] drain|[of] p1a: WishTailâ
|
|turn|6
|
|move|p1a: WishTailâ|Earthquake|p2a: Conkeldurr
|-damage|p2a: Conkeldurr|0 fnt
|faint|p2a: Conkeldurr
|
|
|switch|p2a: Pinsir|Pinsir-Mega, M|143\/271
|turn|7
|c|âPikachuCandy|think game goes hard
|
|move|p1a: WishTailâ|Earthquake|p2a: Pinsir
|-immune|p2a: Pinsir|[msg]
|move|p2a: Pinsir|Substitute|p2a: Pinsir
|-start|p2a: Pinsir|Substitute
|-damage|p2a: Pinsir|76\/271
|
|turn|8
|
|move|p1a: WishTailâ|Earthquake|p2a: Pinsir
|-immune|p2a: Pinsir|[msg]
|move|p2a: Pinsir|Frustration|p1a: WishTailâ
|-damage|p1a: WishTailâ|0 fnt
|faint|p1a: WishTailâ
|
|
|switch|p1a: RickRossâ|Bisharp, M|271\/271
|turn|9
|
|move|p2a: Pinsir|Earthquake|p1a: RickRossâ
|-supereffective|p1a: RickRossâ
|-enditem|p1a: RickRossâ|Focus Sash
|-damage|p1a: RickRossâ|1\/271
|move|p1a: RickRossâ|Knock Off|p2a: Pinsir
|-end|p2a: Pinsir|Substitute
|
|turn|10
|
|switch|p2a: Magnezone|Magnezone|281\/281
|move|p1a: RickRossâ|Knock Off|p2a: Magnezone
|-damage|p2a: Magnezone|130\/281
|-enditem|p2a: Magnezone|Choice Scarf|[from] move: Knock Off|[of] p1a: RickRossâ
|
|turn|11
|
|move|p2a: Magnezone|Flash Cannon|p1a: RickRossâ
|-resisted|p1a: RickRossâ
|-damage|p1a: RickRossâ|0 fnt
|faint|p1a: RickRossâ
|
|
|switch|p1a: Torpedoâ©|Garchomp, M, shiny|357\/357
|turn|12
|
|move|p1a: Torpedoâ©|Substitute|p1a: Torpedoâ©
|-start|p1a: Torpedoâ©|Substitute
|-damage|p1a: Torpedoâ©|268\/357
|move|p2a: Magnezone|Flash Cannon|p1a: Torpedoâ©
|-crit|p1a: Torpedoâ©
|-end|p1a: Torpedoâ©|Substitute
|
|turn|13
|
|switch|p2a: Landorus-Therian|Landorus-Therian, M|154\/325
|-ability|p2a: Landorus-Therian|Intimidate|[of] p1a: Torpedoâ©
|-unboost|p1a: Torpedoâ©|atk|1
|detailschange|p1a: Torpedoâ©|Garchomp-Mega, M, shiny
|message|Garchomp has Mega Evolved into Mega Garchomp!
|move|p1a: Torpedoâ©|Substitute|p1a: Torpedoâ©
|-start|p1a: Torpedoâ©|Substitute
|-damage|p1a: Torpedoâ©|179\/357
|
|turn|14
|
|move|p2a: Landorus-Therian|U-turn|p1a: Torpedoâ©
|-activate|p1a: Torpedoâ©|Substitute|[damage]
|
|switch|p2a: Magnezone|Magnezone|130\/281
|move|p1a: Torpedoâ©|Swords Dance|p1a: Torpedoâ©
|-boost|p1a: Torpedoâ©|atk|2
|
|turn|15
|
|move|p1a: Torpedoâ©|Earthquake|p2a: Magnezone
|-supereffective|p2a: Magnezone
|-damage|p2a: Magnezone|0 fnt
|faint|p2a: Magnezone
|
|
|switch|p2a: Landorus-Therian|Landorus-Therian, M|154\/325
|-activate|p1a: Torpedoâ©|Substitute|ability: Intimidate|[of] p2a: Landorus-Therian
|turn|16
|
|move|p2a: Landorus-Therian|U-turn|p1a: Torpedoâ©
|-end|p1a: Torpedoâ©|Substitute
|
|switch|p2a: Azumarill|Azumarill, M|363\/363
|move|p1a: Torpedoâ©|Earthquake|p2a: Azumarill
|-damage|p2a: Azumarill|0 fnt
|faint|p2a: Azumarill
|
|
|switch|p2a: Pinsir|Pinsir-Mega, M|76\/271
|turn|17
|
|move|p2a: Pinsir|Frustration|p1a: Torpedoâ©
|-damage|p1a: Torpedoâ©|0 fnt
|faint|p1a: Torpedoâ©
|
|
|switch|p1a: Jumparooã|Breloom, M|262\/262
|turn|18
|
|switch|p2a: Landorus-Therian|Landorus-Therian, M|154\/325
|-ability|p2a: Landorus-Therian|Intimidate|[of] p1a: Jumparooã
|-unboost|p1a: Jumparooã|atk|1
|move|p1a: Jumparooã|Rock Tomb|p2a: Landorus-Therian
|-damage|p2a: Landorus-Therian|76\/325
|-unboost|p2a: Landorus-Therian|spe|1
|
|turn|19
|
|switch|p1a: Mienshao|Mienshao, M, shiny|271\/271
|move|p2a: Landorus-Therian|U-turn|p1a: Mienshao
|-resisted|p1a: Mienshao
|-damage|p1a: Mienshao|203\/271
|
|switch|p2a: Empoleon|Empoleon, F|372\/372
|
|turn|20
|
|move|p1a: Mienshao|High Jump Kick|p2a: Empoleon
|-crit|p2a: Empoleon
|-supereffective|p2a: Empoleon
|-damage|p2a: Empoleon|0 fnt
|-damage|p1a: Mienshao|176\/271|[from] item: Life Orb
|faint|p2a: Empoleon
|
|
|switch|p2a: Pinsir|Pinsir-Mega, M|76\/271
|turn|21
|
|move|p1a: Mienshao|Acrobatics|p2a: Pinsir
|-supereffective|p2a: Pinsir
|-damage|p2a: Pinsir|0 fnt
|-damage|p1a: Mienshao|149\/271|[from] item: Life Orb
|faint|p2a: Pinsir
|
|c|âPikachuCandy|gg
|-message|Linck129 forfeited.
|
|win|PikachuCandy
|raw|Ladder updating...
|leave|Linck129
|player|p2
|raw|PikachuCandy's rating: 1702 &rarr; <strong>1722<\/strong><br \/>(+20 for winning)
|raw|Linck129's rating: 1709 &rarr; <strong>1689<\/strong><br \/>(-20 for losing)