|join|Linck129
|join|LT1A boudouche
|player|p1|Linck129|170
|player|p2|LT1A boudouche|201
|gametype|singles
|gen|6
|tier|OU
|rated
|clearpoke
|poke|p1|Weezing, F
|poke|p1|Medicham, M
|poke|p1|Bisharp, M
|poke|p1|Landorus-Therian, M
|poke|p1|Latios, M
|poke|p1|Alomomola, F
|poke|p2|Pinsir, M
|poke|p2|Magnezone
|poke|p2|Latias, F
|poke|p2|Azumarill, M
|poke|p2|Diggersby, F
|poke|p2|Garchomp, M
|rule|Swagger Clause: Swagger is banned
|rule|Baton Pass Clause: Limit one PokÃ©mon knowing Baton Pass
|rule|Sleep Clause Mod: Limit one foe put to sleep
|rule|Species Clause: Limit one of each PokÃ©mon
|rule|OHKO Clause: OHKO moves are banned
|rule|Moody Clause: Moody is banned
|rule|Evasion Moves Clause: Evasion moves are banned
|rule|Endless Battle Clause: Forcing endless battles is banned
|rule|HP Percentage Mod: HP is shown in percentages
|teampreview
|c|âLT1A boudouche|slt
|join|jake5alt5
|c|âLinck129|cc bb
|
|start
|switch|p1a: Weezing|Weezing, F|334\/334
|switch|p2a: Garchomp|Garchomp, M|361\/361
|turn|1
|c|âLinck129|smogogooooo
|
|move|p2a: Garchomp|Stealth Rock|p1a: Weezing
|-sidestart|p1: Linck129|move: Stealth Rock
|move|p1a: Weezing|Will-O-Wisp|p2a: Garchomp
|-status|p2a: Garchomp|brn
|-enditem|p2a: Garchomp|Lum Berry|[eat]
|-curestatus|p2a: Garchomp|brn
|
|turn|2
|
|switch|p2a: Latias|Latias, F|335\/335
|move|p1a: Weezing|Sludge Bomb|p2a: Latias
|-damage|p2a: Latias|257\/335
|
|turn|3
|
|switch|p2a: Garchomp|Garchomp, M|361\/361
|move|p1a: Weezing|Pain Split|p2a: Garchomp
|-sethp|p2a: Garchomp|347\/361|p1a: Weezing|334\/334|[from] move: Pain Split
|
|turn|4
|join|Wattwiller
|
|switch|p2a: Latias|Latias, F|257\/335
|move|p1a: Weezing|Will-O-Wisp|p2a: Latias
|-status|p2a: Latias|brn
|
|-damage|p2a: Latias|216\/335 brn|[from] brn
|turn|5
|
|switch|p1a: Bisharp|Bisharp, M|271\/271
|-damage|p1a: Bisharp|255\/271|[from] Stealth Rock
|move|p2a: Latias|Draco Meteor|p1a: Bisharp|[miss]
|-miss|p2a: Latias|p1a: Bisharp
|
|-damage|p2a: Latias|175\/335 brn|[from] brn
|turn|6
|
|move|p2a: Latias|Draco Meteor|p1a: Bisharp
|-resisted|p1a: Bisharp
|-damage|p1a: Bisharp|165\/271
|-unboost|p2a: Latias|spa|2
|-damage|p2a: Latias|142\/335 brn|[from] item: Life Orb
|move|p1a: Bisharp|Pursuit|p2a: Latias
|-supereffective|p2a: Latias
|-damage|p2a: Latias|0 fnt
|faint|p2a: Latias
|
|join|LT1A Qwil
|c|âLinck129|dis moi
|
|switch|p2a: Garchomp|Garchomp, M|347\/361
|turn|7
|c|âLinck129|c'est quoi LT1A
|c|âLT1A boudouche|c
|c|âLT1A boudouche|un tournoi sur smogon
|c|âLT1A boudouche|tournoi ladder
|join|NR Txh
|c|âLinck129|d'accord
|
|move|p1a: Bisharp|Sucker Punch|p2a: Garchomp
|-fail|p2a: Garchomp
|move|p2a: Garchomp|Swords Dance|p2a: Garchomp
|-boost|p2a: Garchomp|atk|2
|
|turn|8
|c|âLinck129|vous devez jouez avec la mÃªme team ?
|
|move|p1a: Bisharp|Sucker Punch|p2a: Garchomp
|-damage|p2a: Garchomp|185\/361
|-damage|p1a: Bisharp|132\/271|[from] ability: Rough Skin|[of] p2a: Garchomp
|move|p2a: Garchomp|Earthquake|p1a: Bisharp
|-supereffective|p1a: Bisharp
|-damage|p1a: Bisharp|0 fnt
|faint|p1a: Bisharp
|
|c|âLT1A boudouche|nan on peut changer
|
|switch|p1a: Latios|Latios, M|302\/302
|-damage|p1a: Latios|265\/302|[from] Stealth Rock
|turn|9
|
|move|p1a: Latios|Draco Meteor|p2a: Garchomp
|-supereffective|p2a: Garchomp
|-damage|p2a: Garchomp|0 fnt
|-unboost|p1a: Latios|spa|2
|-damage|p1a: Latios|235\/302|[from] item: Life Orb
|faint|p2a: Garchomp
|
|
|switch|p2a: Pinsir|Pinsir, M|271\/271
|turn|10
|
|move|p1a: Latios|Draco Meteor|p2a: Pinsir
|-damage|p2a: Pinsir|67\/271
|-unboost|p1a: Latios|spa|2
|-damage|p1a: Latios|205\/302|[from] item: Life Orb
|move|p2a: Pinsir|Swords Dance|p2a: Pinsir
|-boost|p2a: Pinsir|atk|2
|
|turn|11
|
|detailschange|p2a: Pinsir|Pinsir-Mega, M
|message|Pinsir has Mega Evolved into Mega Pinsir!
|move|p2a: Pinsir|Quick Attack|p1a: Latios
|-damage|p1a: Latios|0 fnt
|faint|p1a: Latios
|
|
|switch|p1a: Landorus-Therian|Landorus-Therian, M|320\/320
|-damage|p1a: Landorus-Therian|280\/320|[from] Stealth Rock
|-ability|p1a: Landorus-Therian|Intimidate|[of] p2a: Pinsir
|-unboost|p2a: Pinsir|atk|1
|turn|12
|
|move|p1a: Landorus-Therian|Knock Off|p2a: Pinsir
|-crit|p2a: Pinsir
|-damage|p2a: Pinsir|0 fnt
|faint|p2a: Pinsir
|
|
|switch|p2a: Azumarill|Azumarill, M|403\/403
|turn|13
|
|switch|p1a: Weezing|Weezing, F|334\/334
|-damage|p1a: Weezing|293\/334|[from] Stealth Rock
|switch|p2a: Diggersby|Diggersby, F|311\/311
|
|-heal|p1a: Weezing|313\/334|[from] item: Black Sludge
|turn|14
|
|move|p2a: Diggersby|Swords Dance|p2a: Diggersby
|-boost|p2a: Diggersby|atk|2
|move|p1a: Weezing|Fire Blast|p2a: Diggersby
|-damage|p2a: Diggersby|218\/311
|
|-heal|p1a: Weezing|333\/334|[from] item: Black Sludge
|turn|15
|
|move|p2a: Diggersby|Return|p1a: Weezing
|-crit|p1a: Weezing
|-damage|p1a: Weezing|0 fnt
|faint|p1a: Weezing
|
|c|âLT1A boudouche|lool
|
|switch|p1a: Medicham|Medicham, M|261\/261
|-damage|p1a: Medicham|245\/261|[from] Stealth Rock
|turn|16
|
|detailschange|p1a: Medicham|Medicham-Mega, M
|message|Medicham has Mega Evolved into Mega Medicham!
|move|p2a: Diggersby|Quick Attack|p1a: Medicham
|-crit|p1a: Medicham
|-damage|p1a: Medicham|0 fnt
|faint|p1a: Medicham
|
|c|âLinck129|putain
|c|âLT1A boudouche|o 
|c|âLT1A boudouche|k
|c|âLinck129|mais non :\/
|
|switch|p1a: Landorus-Therian|Landorus-Therian, M|280\/320
|-damage|p1a: Landorus-Therian|240\/320|[from] Stealth Rock
|-ability|p1a: Landorus-Therian|Intimidate|[of] p2a: Diggersby
|-unboost|p2a: Diggersby|atk|1
|turn|17
|
|move|p2a: Diggersby|Quick Attack|p1a: Landorus-Therian
|-damage|p1a: Landorus-Therian|83\/320
|move|p1a: Landorus-Therian|Earthquake|p2a: Diggersby
|-damage|p2a: Diggersby|0 fnt
|faint|p2a: Diggersby
|
|join|Pyrogon
|
|switch|p2a: Azumarill|Azumarill, M|403\/403
|turn|18
|c|âLinck129|jui bz
|c|âLT1A boudouche|un pe wÃ©
|c| Pyrogon|ok linck vs boud en ladd
|c| Pyrogon|chaud
|leave|NR Txh
|
|switch|p1a: Alomomola|Alomomola, F|534\/534
|-damage|p1a: Alomomola|468\/534|[from] Stealth Rock
|move|p2a: Azumarill|Knock Off|p1a: Alomomola
|-damage|p1a: Alomomola|303\/534
|-enditem|p1a: Alomomola|Leftovers|[from] move: Knock Off|[of] p2a: Azumarill
|
|turn|19
|join|Ho-Oh Jr.
|
|move|p1a: Alomomola|Scald|p2a: Azumarill
|-resisted|p2a: Azumarill
|-damage|p2a: Azumarill|385\/403
|-status|p2a: Azumarill|brn
|move|p2a: Azumarill|Play Rough|p1a: Alomomola|[miss]
|-miss|p2a: Azumarill|p1a: Alomomola
|
|-damage|p2a: Azumarill|335\/403 brn|[from] brn
|turn|20
|leave|Ho-Oh Jr.
|c|âLinck129|M-D-R
|
|move|p1a: Alomomola|Protect|p1a: Alomomola
|-singleturn|p1a: Alomomola|Protect
|move|p2a: Azumarill|Play Rough|p1a: Alomomola
|-activate|p1a: Alomomola|Protect
|
|-damage|p2a: Azumarill|285\/403 brn|[from] brn
|turn|21
|
|switch|p2a: Magnezone|Magnezone|281\/281
|move|p1a: Alomomola|Wish|p1a: Alomomola
|
|turn|22
|
|move|p1a: Alomomola|Protect|p1a: Alomomola
|-singleturn|p1a: Alomomola|Protect
|move|p2a: Magnezone|Flash Cannon|p1a: Alomomola
|-activate|p1a: Alomomola|Protect
|
|-heal|p1a: Alomomola|534\/534|[from] move: Wish|[wisher] Alomomola
|turn|23
|
|switch|p2a: Azumarill|Azumarill, M|285\/403 brn
|move|p1a: Alomomola|Mirror Coat|p2a: Azumarill
|-fail|p2a: Azumarill
|
|-damage|p2a: Azumarill|235\/403 brn|[from] brn
|turn|24
|c|âLinck129|ptin jvais rÃ©ussir Ã  gagner
|c|âLinck129|hahahaha
|
|switch|p2a: Magnezone|Magnezone|281\/281
|move|p1a: Alomomola|Protect|p1a: Alomomola
|-fail|p1a: Alomomola
|
|turn|25
|c|âLT1A boudouche|y
|
|move|p2a: Magnezone|Thunderbolt|p1a: Alomomola
|-crit|p1a: Alomomola
|-supereffective|p1a: Alomomola
|-damage|p1a: Alomomola|0 fnt
|faint|p1a: Alomomola
|
|c|âLT1A boudouche|LOL
|c| Pyrogon|mdr
|c|âLinck129|;...
|c|âLinck129|mdr
|
|switch|p1a: Landorus-Therian|Landorus-Therian, M|83\/320
|-damage|p1a: Landorus-Therian|43\/320|[from] Stealth Rock
|-ability|p1a: Landorus-Therian|Intimidate|[of] p2a: Magnezone
|-unboost|p2a: Magnezone|atk|1
|turn|26
|c|âLT1A boudouche|je pleure
|c|âLinck129|Ã§a ne pouvait tomber contre personne d'autre sauf toi
|
|move|p1a: Landorus-Therian|Earthquake|p2a: Magnezone
|-supereffective|p2a: Magnezone
|-damage|p2a: Magnezone|0 fnt
|faint|p2a: Magnezone
|
|c|âLT1A boudouche|jsuis lukEEEEE
|
|switch|p2a: Azumarill|Azumarill, M|235\/403 brn
|turn|27
|c|âLinck129|lucked
|
|move|p2a: Azumarill|Aqua Jet|p1a: Landorus-Therian
|-supereffective|p1a: Landorus-Therian
|-damage|p1a: Landorus-Therian|0 fnt
|faint|p1a: Landorus-Therian
|
|win|LT1A boudouche
|raw|Ladder updating...
|raw|Linck129's rating: 1703 &rarr; <strong>1687<\/strong><br \/>(-16 for losing)
|raw|LT1A boudouche's rating: 1789 &rarr; <strong>1804<\/strong><br \/>(+15 for winning)
|c|âLinck129|gg
|c|âLT1A boudouche|gg :'(