|join|JSTUD Lyle
|join|Linck129
|player|p1|JSTUD Lyle|101
|player|p2|Linck129|118
|gametype|singles
|gen|6
|tier|OU
|rated
|clearpoke
|poke|p1|Medicham, M, shiny
|poke|p1|Bisharp, M, shiny
|poke|p1|Thundurus, M, shiny
|poke|p1|Landorus-Therian, M, shiny
|poke|p1|Latios, M, shiny
|poke|p1|Talonflame, M, shiny
|poke|p2|Medicham, F
|poke|p2|Azelf
|poke|p2|Cacturne, M
|poke|p2|Thundurus, M
|poke|p2|Heatran, M
|poke|p2|Latios, M
|rule|Swagger Clause: Swagger is banned
|rule|Baton Pass Clause: Limit one PokÃ©mon knowing Baton Pass
|rule|Sleep Clause Mod: Limit one foe put to sleep
|rule|Species Clause: Limit one of each PokÃ©mon
|rule|OHKO Clause: OHKO moves are banned
|rule|Moody Clause: Moody is banned
|rule|Evasion Moves Clause: Evasion moves are banned
|rule|Endless Battle Clause: Forcing endless battles is banned
|rule|HP Percentage Mod: HP is reported as percentages
|teampreview
|
|start
|switch|p1a: Medicham|Medicham, M, shiny|261\/261
|switch|p2a: Azelf|Azelf|291\/291
|turn|1
|
|detailschange|p1a: Medicham|Medicham-Mega, M, shiny
|message|Medicham has Mega Evolved into Mega Medicham!
|move|p1a: Medicham|Fake Out|p2a: Azelf
|-damage|p2a: Azelf|181\/291
|cant|p2a: Azelf|flinch
|
|turn|2
|
|switch|p1a: Landorus-Therian|Landorus-Therian, M, shiny|349\/349
|-ability|p1a: Landorus-Therian|Intimidate|[of] p2a: Azelf
|-unboost|p2a: Azelf|atk|1
|move|p2a: Azelf|Stealth Rock|p1a: Landorus-Therian
|-sidestart|p1: JSTUD Lyle|move: Stealth Rock
|
|turn|3
|
|move|p2a: Azelf|Psychic|p1a: Landorus-Therian
|-damage|p1a: Landorus-Therian|156\/349
|-unboost|p1a: Landorus-Therian|spd|1
|move|p1a: Landorus-Therian|Knock Off|p2a: Azelf
|-supereffective|p2a: Azelf
|-damage|p2a: Azelf|0 fnt
|-enditem|p2a: Azelf|Focus Sash|[from] move: Knock Off|[of] p1a: Landorus-Therian
|faint|p2a: Azelf
|
|-heal|p1a: Landorus-Therian|177\/349|[from] item: Leftovers
|
|switch|p2a: Medicham|Medicham, F|261\/261
|turn|4
|
|switch|p1a: Bisharp|Bisharp, M, shiny|287\/287
|-damage|p1a: Bisharp|270\/287|[from] Stealth Rock
|detailschange|p2a: Medicham|Medicham-Mega, F
|message|Medicham has Mega Evolved into Mega Medicham!
|move|p2a: Medicham|Ice Punch|p1a: Bisharp
|-resisted|p1a: Bisharp
|-damage|p1a: Bisharp|194\/287
|
|turn|5
|
|move|p2a: Medicham|Substitute|p2a: Medicham
|-start|p2a: Medicham|Substitute
|-damage|p2a: Medicham|196\/261
|move|p1a: Bisharp|Knock Off|p2a: Medicham
|-end|p2a: Medicham|Substitute
|
|turn|6
|
|move|p2a: Medicham|Substitute|p2a: Medicham
|-start|p2a: Medicham|Substitute
|-damage|p2a: Medicham|131\/261
|move|p1a: Bisharp|Iron Head|p2a: Medicham
|-end|p2a: Medicham|Substitute
|
|turn|7
|
|move|p2a: Medicham|Drain Punch|p1a: Bisharp
|-crit|p1a: Bisharp
|-supereffective|p1a: Bisharp
|-damage|p1a: Bisharp|0 fnt
|-heal|p2a: Medicham|228\/261|[from] drain|[of] p1a: Bisharp
|faint|p1a: Bisharp
|
|
|switch|p1a: Medicham|Medicham-Mega, M, shiny|261\/261
|-damage|p1a: Medicham|245\/261|[from] Stealth Rock
|turn|8
|
|switch|p2a: Cacturne|Cacturne, M|281\/281
|move|p1a: Medicham|High Jump Kick|p2a: Cacturne
|-supereffective|p2a: Cacturne
|-damage|p2a: Cacturne|0 fnt
|faint|p2a: Cacturne
|
|
|switch|p2a: Latios|Latios, M|302\/302
|turn|9
|
|switch|p1a: Landorus-Therian|Landorus-Therian, M, shiny|177\/349
|-damage|p1a: Landorus-Therian|134\/349|[from] Stealth Rock
|-ability|p1a: Landorus-Therian|Intimidate|[of] p2a: Latios
|-unboost|p2a: Latios|atk|1
|move|p2a: Latios|Draco Meteor|p1a: Landorus-Therian
|-damage|p1a: Landorus-Therian|0 fnt
|-unboost|p2a: Latios|spa|2
|-damage|p2a: Latios|272\/302|[from] item: Life Orb
|faint|p1a: Landorus-Therian
|
|
|switch|p1a: Thundurus|Thundurus, M, shiny|318\/318
|-damage|p1a: Thundurus|239\/318|[from] Stealth Rock
|turn|10
|
|switch|p2a: Heatran|Heatran, M|386\/386
|move|p1a: Thundurus|Knock Off|p2a: Heatran
|-damage|p2a: Heatran|281\/386
|-enditem|p2a: Heatran|Leftovers|[from] move: Knock Off|[of] p1a: Thundurus
|-damage|p1a: Thundurus|208\/318|[from] item: Life Orb
|
|turn|11
|
|switch|p2a: Thundurus|Thundurus, M|300\/300
|move|p1a: Thundurus|Superpower|p2a: Thundurus
|-resisted|p2a: Thundurus
|-damage|p2a: Thundurus|216\/300
|-unboost|p1a: Thundurus|atk|1
|-unboost|p1a: Thundurus|def|1
|-damage|p1a: Thundurus|177\/318|[from] item: Life Orb
|
|-heal|p2a: Thundurus|234\/300|[from] item: Leftovers
|turn|12
|
|move|p1a: Thundurus|Thunderbolt|p2a: Thundurus
|-damage|p2a: Thundurus|0 fnt
|-damage|p1a: Thundurus|146\/318|[from] item: Life Orb
|faint|p2a: Thundurus
|
|chat|Linck129|lol
|
|switch|p2a: Heatran|Heatran, M|281\/386
|turn|13
|chat|Linck129|ofc
|chat|JSTUD Lyle|happens
|
|switch|p1a: Latios|Latios, M, shiny|301\/301
|-damage|p1a: Latios|264\/301|[from] Stealth Rock
|move|p2a: Heatran|Magma Storm|p1a: Latios|[miss]
|-miss|p2a: Heatran|p1a: Latios
|
|-heal|p1a: Latios|282\/301|[from] item: Leftovers
|turn|14
|chat|Linck129|yeeeah
|chat|JSTUD Lyle|lol
|
|move|p1a: Latios|Defog|p2a: Heatran
|-unboost|p2a: Heatran|evasion|1
|-sideend|p1: JSTUD Lyle|Stealth Rock|[from] move: Defog|[of] p1a: Latios
|move|p2a: Heatran|Magma Storm|p1a: Latios
|-resisted|p1a: Latios
|-damage|p1a: Latios|219\/301
|-activate|p1a: Latios|move: Magma Storm|[of] p2a: Heatran
|
|-heal|p1a: Latios|237\/301|[from] item: Leftovers
|-damage|p1a: Latios|200\/301|[from] move: Magma Storm|[partiallytrapped]
|turn|15
|
|move|p1a: Latios|Earthquake|p2a: Heatran
|-supereffective|p2a: Heatran
|-damage|p2a: Heatran|5\/386
|move|p2a: Heatran|Toxic|p1a: Latios
|-status|p1a: Latios|tox
|
|-heal|p1a: Latios|218\/301 tox|[from] item: Leftovers
|-damage|p1a: Latios|200\/301 tox|[from] psn
|-damage|p1a: Latios|163\/301 tox|[from] move: Magma Storm|[partiallytrapped]
|turn|16
|
|move|p2a: Heatran|Protect|p2a: Heatran
|-singleturn|p2a: Heatran|Protect
|move|p1a: Latios|Psyshock|p2a: Heatran
|-activate|p2a: Heatran|Protect
|
|-heal|p1a: Latios|181\/301 tox|[from] item: Leftovers
|-damage|p1a: Latios|145\/301 tox|[from] psn
|-damage|p1a: Latios|108\/301 tox|[from] move: Magma Storm|[partiallytrapped]
|turn|17
|
|move|p1a: Latios|Psyshock|p2a: Heatran
|-resisted|p2a: Heatran
|-damage|p2a: Heatran|0 fnt
|faint|p2a: Heatran
|
|-heal|p1a: Latios|126\/301 tox|[from] item: Leftovers
|-damage|p1a: Latios|72\/301 tox|[from] psn
|-end|p1a: Latios|Magma Storm|[partiallytrapped]
|-message|Linck129 forfeited.
|
|win|JSTUD Lyle
|raw|Ladder updating...
|leave|Linck129
|player|p2
|raw|JSTUD Lyle's rating: 1832 &rarr; <strong>1843<\/strong><br \/>(+11 for winning)
|raw|Linck129's rating: 1665 &rarr; <strong>1654<\/strong><br \/>(-11 for losing)