|join|Linck129
|join|Roxas feat Tougris
|player|p1|Linck129|118
|player|p2|Roxas feat Tougris|236
|gametype|singles
|gen|6
|tier|OU
|clearpoke
|poke|p1|Cacturne, F
|poke|p1|Heatran, F
|poke|p1|Rhyperior, M
|poke|p1|Thundurus, M
|poke|p1|Banette, M
|poke|p1|Latios, M
|poke|p2|Tyranitar, M
|poke|p2|Conkeldurr, F
|poke|p2|Kyurem-Black
|poke|p2|Zapdos
|poke|p2|Landorus-Therian, M
|poke|p2|Gothitelle, M
|rule|Swagger Clause: Swagger is banned
|rule|Baton Pass Clause: Limit one PokÃ©mon knowing Baton Pass
|rule|Sleep Clause Mod: Limit one foe put to sleep
|rule|Species Clause: Limit one of each PokÃ©mon
|rule|OHKO Clause: OHKO moves are banned
|rule|Moody Clause: Moody is banned
|rule|Evasion Moves Clause: Evasion moves are banned
|rule|Endless Battle Clause: Forcing endless battles is banned
|rule|HP Percentage Mod: HP is reported as percentages
|teampreview
|join|Zenadark
|chat|Roxas feat Tougris|gl
|
|start
|switch|p1a: Rhyperior|Rhyperior, M|434\/434
|switch|p2a: Kyurem-Black|Kyurem-Black|405\/405
|-ability|p2a: Kyurem-Black|Teravolt
|turn|1
|chat|Roxas feat Tougris|non
|chat|Roxas feat Tougris|phy WP+solid rock?
|
|switch|p2a: Landorus-Therian|Landorus-Therian, M|382\/382
|-ability|p2a: Landorus-Therian|Intimidate|[of] p1a: Rhyperior
|-unboost|p1a: Rhyperior|atk|1
|move|p1a: Rhyperior|Stone Edge|p2a: Landorus-Therian
|-damage|p2a: Landorus-Therian|280\/382
|
|-heal|p2a: Landorus-Therian|303\/382|[from] item: Leftovers
|turn|2
|chat|Roxas feat Tougris|ok
|
|move|p2a: Landorus-Therian|Stealth Rock|p1a: Rhyperior
|-sidestart|p1: Linck129|move: Stealth Rock
|move|p1a: Rhyperior|Toxic|p2a: Landorus-Therian|[miss]
|-miss|p1a: Rhyperior|p2a: Landorus-Therian
|
|-heal|p2a: Landorus-Therian|326\/382|[from] item: Leftovers
|turn|3
|chat|Linck129|ouais gÃ©nial
|
|move|p2a: Landorus-Therian|Knock Off|p1a: Rhyperior
|-crit|p1a: Rhyperior
|-damage|p1a: Rhyperior|344\/434
|-enditem|p1a: Rhyperior|Leftovers|[from] move: Knock Off|[of] p2a: Landorus-Therian
|move|p1a: Rhyperior|Stealth Rock|p2a: Landorus-Therian
|-sidestart|p2: Roxas feat Tougris|move: Stealth Rock
|
|-heal|p2a: Landorus-Therian|349\/382|[from] item: Leftovers
|turn|4
|
|switch|p1a: Banette|Banette, M|332\/332
|-damage|p1a: Banette|291\/332|[from] Stealth Rock
|move|p2a: Landorus-Therian|Earthquake|p1a: Banette
|-damage|p1a: Banette|63\/332
|
|-heal|p2a: Landorus-Therian|372\/382|[from] item: Leftovers
|turn|5
|
|switch|p2a: Conkeldurr|Conkeldurr, F|381\/381
|-damage|p2a: Conkeldurr|358\/381|[from] Stealth Rock
|detailschange|p1a: Banette|Banette-Mega, M
|message|Banette has Mega Evolved into Mega Banette!
|move|p1a: Banette|Shadow Sneak|p2a: Conkeldurr
|-damage|p2a: Conkeldurr|250\/381
|
|turn|6
|
|move|p1a: Banette|Destiny Bond|p1a: Banette
|-singlemove|p1a: Banette|Destiny Bond
|move|p2a: Conkeldurr|Ice Punch|p1a: Banette
|-damage|p1a: Banette|0 fnt
|faint|p1a: Banette
|-activate|p1a: Banette|Destiny Bond
|faint|p2a: Conkeldurr
|
|
|switch|p2a: Landorus-Therian|Landorus-Therian, M|372\/382
|-damage|p2a: Landorus-Therian|325\/382|[from] Stealth Rock
|switch|p1a: Rhyperior|Rhyperior, M|344\/434
|-damage|p1a: Rhyperior|317\/434|[from] Stealth Rock
|-ability|p2a: Landorus-Therian|Intimidate|[of] p1a: Rhyperior
|-unboost|p1a: Rhyperior|atk|1
|turn|7
|
|switch|p1a: Latios|Latios, M|302\/302
|-damage|p1a: Latios|265\/302|[from] Stealth Rock
|move|p2a: Landorus-Therian|U-turn|p1a: Latios
|-supereffective|p1a: Latios
|-damage|p1a: Latios|81\/302
|
|switch|p2a: Tyranitar|Tyranitar, M|347\/347
|-damage|p2a: Tyranitar|304\/347|[from] Stealth Rock
|-weather|Sandstorm
|
|-weather|Sandstorm|[upkeep]
|-damage|p1a: Latios|63\/302|[from] sandstorm
|turn|8
|
|detailschange|p2a: Tyranitar|Tyranitar-Mega, M
|message|Tyranitar has Mega Evolved into Mega Tyranitar!
|move|p1a: Latios|Hidden Power|p2a: Tyranitar
|-supereffective|p2a: Tyranitar
|-damage|p2a: Tyranitar|101\/347
|-damage|p1a: Latios|33\/302|[from] item: Life Orb
|move|p2a: Tyranitar|Dragon Dance|p2a: Tyranitar
|-boost|p2a: Tyranitar|atk|1
|-boost|p2a: Tyranitar|spe|1
|
|-weather|Sandstorm|[upkeep]
|-damage|p1a: Latios|15\/302|[from] sandstorm
|turn|9
|
|move|p2a: Tyranitar|Ice Punch|p1a: Latios
|-supereffective|p1a: Latios
|-damage|p1a: Latios|0 fnt
|faint|p1a: Latios
|
|-weather|Sandstorm|[upkeep]
|
|switch|p1a: Rhyperior|Rhyperior, M|317\/434
|-damage|p1a: Rhyperior|290\/434|[from] Stealth Rock
|turn|10
|
|move|p2a: Tyranitar|Earthquake|p1a: Rhyperior
|-supereffective|p1a: Rhyperior
|-damage|p1a: Rhyperior|104\/434
|move|p1a: Rhyperior|Earthquake|p2a: Tyranitar
|-supereffective|p2a: Tyranitar
|-damage|p2a: Tyranitar|0 fnt
|faint|p2a: Tyranitar
|
|-weather|Sandstorm|[upkeep]
|
|switch|p2a: Gothitelle|Gothitelle, M|289\/289
|-damage|p2a: Gothitelle|253\/289|[from] Stealth Rock
|turn|11
|
|move|p2a: Gothitelle|Energy Ball|p1a: Rhyperior
|-supereffective|p1a: Rhyperior
|-damage|p1a: Rhyperior|0 fnt
|faint|p1a: Rhyperior
|
|-weather|none
|
|switch|p1a: Heatran|Heatran, F|325\/325
|-damage|p1a: Heatran|285\/325|[from] Stealth Rock
|turn|12
|
|switch|p2a: Landorus-Therian|Landorus-Therian, M|325\/382
|-damage|p2a: Landorus-Therian|278\/382|[from] Stealth Rock
|-ability|p2a: Landorus-Therian|Intimidate|[of] p1a: Heatran
|-unboost|p1a: Heatran|atk|1
|move|p1a: Heatran|Flame Charge|p2a: Landorus-Therian
|-damage|p2a: Landorus-Therian|247\/382
|-boost|p1a: Heatran|spe|1
|
|-heal|p2a: Landorus-Therian|270\/382|[from] item: Leftovers
|turn|13
|
|move|p1a: Heatran|Hidden Power|p2a: Landorus-Therian
|-supereffective|p2a: Landorus-Therian
|-damage|p2a: Landorus-Therian|0 fnt
|faint|p2a: Landorus-Therian
|
|
|switch|p2a: Kyurem-Black|Kyurem-Black|405\/405
|-damage|p2a: Kyurem-Black|304\/405|[from] Stealth Rock
|-ability|p2a: Kyurem-Black|Teravolt
|turn|14
|
|move|p1a: Heatran|Fire Blast|p2a: Kyurem-Black
|-damage|p2a: Kyurem-Black|85\/405
|move|p2a: Kyurem-Black|Earth Power|p1a: Heatran
|-supereffective|p1a: Heatran
|-damage|p1a: Heatran|0 fnt
|faint|p1a: Heatran
|
|-heal|p2a: Kyurem-Black|110\/405|[from] item: Leftovers
|
|switch|p1a: Thundurus|Thundurus, M|299\/299
|-damage|p1a: Thundurus|225\/299|[from] Stealth Rock
|turn|15
|
|move|p1a: Thundurus|Focus Blast|p2a: Kyurem-Black|[miss]
|-miss|p1a: Thundurus|p2a: Kyurem-Black
|move|p2a: Kyurem-Black|Ice Beam|p1a: Thundurus
|-supereffective|p1a: Thundurus
|-damage|p1a: Thundurus|0 fnt
|faint|p1a: Thundurus
|
|-heal|p2a: Kyurem-Black|135\/405|[from] item: Leftovers
|chat|Linck129|bon aller
|chat|Linck129|enough bullshit
|leave|Linck129
|player|p1
|leave|Zenadark
|-message|Player 1 lost due to inactivity.
|
|win|Roxas feat Tougris