|join|belgrade
|join|Linck129
|player|p1|belgrade|214
|player|p2|Linck129|118
|gametype|singles
|gen|6
|tier|OU
|rated
|clearpoke
|poke|p1|Moltres
|poke|p1|Amoonguss, F
|poke|p1|Azumarill, F
|poke|p1|Tyranitar, M
|poke|p1|Skarmory, M
|poke|p1|Excadrill, M
|poke|p2|Garchomp, F
|poke|p2|Landorus-Therian, M
|poke|p2|Terrakion
|poke|p2|Empoleon, M
|poke|p2|Mew
|poke|p2|Thundurus, M
|rule|Swagger Clause: Swagger is banned
|rule|Baton Pass Clause: Limit one PokÃ©mon knowing Baton Pass
|rule|Sleep Clause Mod: Limit one foe put to sleep
|rule|Species Clause: Limit one of each PokÃ©mon
|rule|OHKO Clause: OHKO moves are banned
|rule|Moody Clause: Moody is banned
|rule|Evasion Moves Clause: Evasion moves are banned
|rule|Endless Battle Clause: Forcing endless battles is banned
|rule|HP Percentage Mod: HP is shown in percentages
|teampreview
|
|start
|switch|p1a: Skarmory|Skarmory, M|333\/333
|switch|p2a: Garchomp|Garchomp, F|375\/375
|turn|1
|
|move|p2a: Garchomp|Fire Blast|p1a: Skarmory
|-supereffective|p1a: Skarmory
|-damage|p1a: Skarmory|95\/333
|move|p1a: Skarmory|Stealth Rock|p2a: Garchomp
|-sidestart|p2: Linck129|move: Stealth Rock
|
|turn|2
|
|switch|p1a: Moltres|Moltres|383\/383
|-ability|p1a: Moltres|Pressure
|move|p2a: Garchomp|Earthquake|p1a: Moltres
|-immune|p1a: Moltres|[msg]
|
|turn|3
|
|move|p2a: Garchomp|Stealth Rock|p1a: Moltres
|-sidestart|p1: belgrade|move: Stealth Rock
|move|p1a: Moltres|Substitute|p1a: Moltres
|-start|p1a: Moltres|Substitute
|-damage|p1a: Moltres|288\/383
|
|-heal|p1a: Moltres|311\/383|[from] item: Leftovers
|turn|4
|
|switch|p2a: Thundurus|Thundurus, M|299\/299
|-damage|p2a: Thundurus|225\/299|[from] Stealth Rock
|move|p1a: Moltres|Toxic|p2a: Thundurus
|-status|p2a: Thundurus|tox
|
|-heal|p2a: Thundurus|243\/299 tox|[from] item: Leftovers
|-heal|p1a: Moltres|334\/383|[from] item: Leftovers
|-damage|p2a: Thundurus|225\/299 tox|[from] psn
|turn|5
|
|move|p2a: Thundurus|Volt Switch|p1a: Moltres
|-supereffective|p1a: Moltres
|-end|p1a: Moltres|Substitute
|
|switch|p2a: Terrakion|Terrakion|324\/324
|-damage|p2a: Terrakion|304\/324|[from] Stealth Rock
|move|p1a: Moltres|Substitute|p1a: Moltres
|-start|p1a: Moltres|Substitute
|-damage|p1a: Moltres|239\/383
|
|-heal|p1a: Moltres|262\/383|[from] item: Leftovers
|turn|6
|
|move|p2a: Terrakion|Substitute|p2a: Terrakion
|-start|p2a: Terrakion|Substitute
|-damage|p2a: Terrakion|223\/324
|move|p1a: Moltres|Toxic|p2a: Terrakion
|
|-heal|p1a: Moltres|285\/383|[from] item: Leftovers
|turn|7
|
|move|p2a: Terrakion|Close Combat|p1a: Moltres
|-resisted|p1a: Moltres
|-end|p1a: Moltres|Substitute
|-unboost|p2a: Terrakion|def|1
|-unboost|p2a: Terrakion|spd|1
|move|p1a: Moltres|Flamethrower|p2a: Terrakion
|-resisted|p2a: Terrakion
|-end|p2a: Terrakion|Substitute
|
|-heal|p1a: Moltres|308\/383|[from] item: Leftovers
|turn|8
|
|switch|p1a: Skarmory|Skarmory, M|95\/333
|-damage|p1a: Skarmory|54\/333|[from] Stealth Rock
|move|p2a: Terrakion|Substitute|p2a: Terrakion
|-start|p2a: Terrakion|Substitute
|-damage|p2a: Terrakion|142\/324
|
|turn|9
|
|move|p2a: Terrakion|Stone Edge|p1a: Skarmory
|-damage|p1a: Skarmory|0 fnt
|faint|p1a: Skarmory
|
|
|switch|p1a: Amoonguss|Amoonguss, F|429\/429
|-damage|p1a: Amoonguss|376\/429|[from] Stealth Rock
|turn|10
|
|move|p2a: Terrakion|Swords Dance|p2a: Terrakion
|-boost|p2a: Terrakion|atk|2
|move|p1a: Amoonguss|Giga Drain|p2a: Terrakion
|-supereffective|p2a: Terrakion
|-end|p2a: Terrakion|Substitute
|-heal|p1a: Amoonguss|417\/429|[from] drain|[of] p2a: Terrakion
|
|-heal|p1a: Amoonguss|429\/429|[from] item: Black Sludge
|turn|11
|
|move|p2a: Terrakion|Stone Edge|p1a: Amoonguss
|-damage|p1a: Amoonguss|0 fnt
|faint|p1a: Amoonguss
|
|
|switch|p1a: Azumarill|Azumarill, F|401\/401
|-damage|p1a: Azumarill|351\/401|[from] Stealth Rock
|turn|12
|
|switch|p2a: Garchomp|Garchomp, F|375\/375
|-damage|p2a: Garchomp|352\/375|[from] Stealth Rock
|move|p1a: Azumarill|Aqua Jet|p2a: Garchomp
|-damage|p2a: Garchomp|262\/375
|-damage|p1a: Azumarill|301\/401|[from] ability: Rough Skin|[of] p2a: Garchomp
|-damage|p1a: Azumarill|235\/401|[from] item: Rocky Helmet|[of] p2a: Garchomp
|
|turn|13
|
|switch|p2a: Terrakion|Terrakion|142\/324
|-damage|p2a: Terrakion|122\/324|[from] Stealth Rock
|switch|p1a: Moltres|Moltres|308\/383
|-damage|p1a: Moltres|117\/383|[from] Stealth Rock
|-ability|p1a: Moltres|Pressure
|
|-heal|p1a: Moltres|140\/383|[from] item: Leftovers
|turn|14
|
|move|p2a: Terrakion|Substitute|p2a: Terrakion
|-start|p2a: Terrakion|Substitute
|-damage|p2a: Terrakion|41\/324
|-enditem|p2a: Terrakion|Salac Berry|[eat]
|-boost|p2a: Terrakion|spe|1|[from] item: Salac Berry
|move|p1a: Moltres|Flamethrower|p2a: Terrakion
|-resisted|p2a: Terrakion
|-activate|p2a: Terrakion|Substitute|[damage]
|
|-heal|p1a: Moltres|163\/383|[from] item: Leftovers
|turn|15
|-message|belgrade forfeited.
|leave|belgrade
|
|move|p2a: Terrakion|Stone Edge|p1a: Moltres
|-supereffective|p1a: Moltres
|-damage|p1a: Moltres|0 fnt
|faint|p1a: Moltres
|
|
|win|Linck129
|raw|Ladder updating...
|player|p1
|raw|belgrade's rating: 1534 &rarr; <strong>1518<\/strong><br \/>(-16 for losing)
|raw|Linck129's rating: 1605 &rarr; <strong>1621<\/strong><br \/>(+16 for winning)