|join|Linck129
|join|ten second songs
|player|p1|Linck129|265
|player|p2|ten second songs|260
|gametype|singles
|gen|6
|tier|OU
|rated
|clearpoke
|poke|p1|Aerodactyl, M
|poke|p1|Lilligant, F
|poke|p1|Granbull, F
|poke|p1|Heatran, M
|poke|p1|Keldeo
|poke|p1|Gengar, M
|poke|p2|Ferrothorn, M
|poke|p2|Medicham, M
|poke|p2|Latias, F
|poke|p2|Politoed, M
|poke|p2|Kabutops, M
|poke|p2|Kingdra, M
|rule|Swagger Clause: Swagger is banned
|rule|Baton Pass Clause: Limit one PokÃ©mon knowing Baton Pass
|rule|Sleep Clause Mod: Limit one foe put to sleep
|rule|Species Clause: Limit one of each PokÃ©mon
|rule|OHKO Clause: OHKO moves are banned
|rule|Moody Clause: Moody is banned
|rule|Evasion Moves Clause: Evasion moves are banned
|rule|Endless Battle Clause: Forcing endless battles is banned
|rule|HP Percentage Mod: HP is shown in percentages
|teampreview
|
|start
|switch|p1a: Lilligant|Lilligant, F|281\/281
|switch|p2a: Medicham|Medicham, M|261\/261
|turn|1
|
|switch|p1a: Granbull|Granbull, F|383\/383
|-ability|p1a: Granbull|Intimidate|[of] p2a: Medicham
|-unboost|p2a: Medicham|atk|1
|detailschange|p2a: Medicham|Medicham-Mega, M
|message|Medicham has Mega Evolved into Mega Medicham!
|move|p2a: Medicham|Fake Out|p1a: Granbull
|-damage|p1a: Granbull|334\/383
|
|-heal|p1a: Granbull|357\/383|[from] item: Leftovers
|turn|2
|
|switch|p2a: Ferrothorn|Ferrothorn, M|352\/352
|switch|p1a: Lilligant|Lilligant, F|281\/281
|
|turn|3
|
|move|p1a: Lilligant|Quiver Dance|p1a: Lilligant
|-boost|p1a: Lilligant|spa|1
|-boost|p1a: Lilligant|spd|1
|-boost|p1a: Lilligant|spe|1
|move|p2a: Ferrothorn|Stealth Rock|p1a: Lilligant
|-sidestart|p1: Linck129|move: Stealth Rock
|
|turn|4
|
|move|p1a: Lilligant|Hidden Power|p2a: Ferrothorn
|-supereffective|p2a: Ferrothorn
|-damage|p2a: Ferrothorn|0 fnt
|-damage|p1a: Lilligant|253\/281|[from] item: Life Orb
|faint|p2a: Ferrothorn
|
|
|switch|p2a: Latias|Latias, F|319\/319
|turn|5
|
|move|p1a: Lilligant|Sleep Powder|p2a: Latias
|-status|p2a: Latias|slp
|cant|p2a: Latias|slp
|
|turn|6
|
|switch|p2a: Medicham|Medicham-Mega, M|261\/261
|move|p1a: Lilligant|Quiver Dance|p1a: Lilligant
|-boost|p1a: Lilligant|spa|1
|-boost|p1a: Lilligant|spd|1
|-boost|p1a: Lilligant|spe|1
|
|turn|7
|
|move|p1a: Lilligant|Petal Dance|p2a: Medicham
|-damage|p2a: Medicham|0 fnt
|-damage|p1a: Lilligant|225\/281|[from] item: Life Orb
|faint|p2a: Medicham
|
|-message|ten second songs forfeited.
|
|win|Linck129
|raw|Ladder updating...
|leave|ten second songs
|player|p2
|raw|Linck129's rating: 1617 &rarr; <strong>1643<\/strong><br \/>(+26 for winning)
|raw|ten second songs's rating: 1715 &rarr; <strong>1690<\/strong><br \/>(-25 for losing)