|join|Linck129
|join|The Name is Bob
|player|p1|Linck129|101
|player|p2|The Name is Bob|35
|gametype|singles
|gen|6
|tier|OU
|rated
|clearpoke
|poke|p1|Chesnaught, M
|poke|p1|Hydreigon, M
|poke|p1|Diancie
|poke|p1|Talonflame, F
|poke|p1|Thundurus, M
|poke|p1|Empoleon, F
|poke|p2|Pikachu, F
|poke|p2|Gyarados, F
|poke|p2|Mamoswine, F
|poke|p2|Scizor, M
|poke|p2|Excadrill, M
|poke|p2|Togekiss, M
|rule|Swagger Clause: Swagger is banned
|rule|Baton Pass Clause: Limit one PokÃ©mon knowing Baton Pass
|rule|Sleep Clause Mod: Limit one foe put to sleep
|rule|Species Clause: Limit one of each PokÃ©mon
|rule|OHKO Clause: OHKO moves are banned
|rule|Moody Clause: Moody is banned
|rule|Evasion Moves Clause: Evasion moves are banned
|rule|Endless Battle Clause: Forcing endless battles is banned
|rule|HP Percentage Mod: HP is shown in percentages
|teampreview
|
|start
|switch|p1a: Empoleon|Empoleon, F|372\/372
|switch|p2a: Mamoswine|Mamoswine, F|424\/424
|turn|1
|
|move|p2a: Mamoswine|Earthquake|p1a: Empoleon
|-supereffective|p1a: Empoleon
|-damage|p1a: Empoleon|84\/372
|move|p1a: Empoleon|Scald|p2a: Mamoswine
|-supereffective|p2a: Mamoswine
|-enditem|p2a: Mamoswine|Focus Sash
|-damage|p2a: Mamoswine|1\/424
|-status|p2a: Mamoswine|brn
|
|-heal|p1a: Empoleon|107\/372|[from] item: Leftovers
|-damage|p2a: Mamoswine|0 fnt|[from] brn
|faint|p2a: Mamoswine
|
|switch|p2a: Pikachu|Pikachu, F|212\/212
|turn|2
|
|switch|p1a: Chesnaught|Chesnaught, M|379\/379
|move|p2a: Pikachu|Volt Tackle|p1a: Chesnaught
|-resisted|p1a: Chesnaught
|-damage|p1a: Chesnaught|302\/379
|-damage|p2a: Pikachu|187\/212|[from] recoil|[of] p1a: Chesnaught
|
|-heal|p1a: Chesnaught|325\/379|[from] item: Leftovers
|turn|3
|
|switch|p2a: Togekiss|Togekiss, M|374\/374
|move|p1a: Chesnaught|Hammer Arm|p2a: Togekiss
|-resisted|p2a: Togekiss
|-damage|p2a: Togekiss|342\/374
|-unboost|p1a: Chesnaught|spe|1
|
|-heal|p2a: Togekiss|365\/374|[from] item: Leftovers
|-heal|p1a: Chesnaught|348\/379|[from] item: Leftovers
|turn|4
|
|switch|p2a: Pikachu|Pikachu, F|187\/212
|switch|p1a: Thundurus|Thundurus, M|299\/299
|
|turn|5
|
|move|p1a: Thundurus|Knock Off|p2a: Pikachu
|-damage|p2a: Pikachu|0 fnt
|-enditem|p2a: Pikachu|Light Ball|[from] move: Knock Off|[of] p1a: Thundurus
|-damage|p1a: Thundurus|270\/299|[from] item: Life Orb
|faint|p2a: Pikachu
|
|
|switch|p2a: Scizor|Scizor, M|344\/344
|turn|6
|
|move|p1a: Thundurus|Thunderbolt|p2a: Scizor
|-damage|p2a: Scizor|122\/344
|-damage|p1a: Thundurus|241\/299|[from] item: Life Orb
|move|p2a: Scizor|Knock Off|p1a: Thundurus
|-damage|p1a: Thundurus|0 fnt
|-enditem|p1a: Thundurus|Life Orb|[from] move: Knock Off|[of] p2a: Scizor
|faint|p1a: Thundurus
|
|
|switch|p1a: Empoleon|Empoleon, F|107\/372
|turn|7
|
|move|p2a: Scizor|Knock Off|p1a: Empoleon
|-damage|p1a: Empoleon|0 fnt
|-enditem|p1a: Empoleon|Leftovers|[from] move: Knock Off|[of] p2a: Scizor
|faint|p1a: Empoleon
|
|
|switch|p1a: Diancie|Diancie|241\/241
|turn|8
|
|switch|p2a: Gyarados|Gyarados, F|332\/332
|-ability|p2a: Gyarados|Intimidate|[of] p1a: Diancie
|-fail|p1a: Diancie|unboost|[from] ability: Clear Body|[of] p1a: Diancie
|move|p1a: Diancie|Moonblast|p2a: Gyarados
|-damage|p2a: Gyarados|178\/332
|-unboost|p2a: Gyarados|spa|1
|
|turn|9
|
|detailschange|p1a: Diancie|Diancie-Mega
|-mega|p1a: Diancie|Diancie|Diancite
|move|p2a: Gyarados|Waterfall|p1a: Diancie
|-supereffective|p1a: Diancie
|-damage|p1a: Diancie|0 fnt
|faint|p1a: Diancie
|
|
|switch|p1a: Talonflame|Talonflame, F|297\/297
|turn|10
|
|switch|p2a: Excadrill|Excadrill, M|362\/362
|-ability|p2a: Excadrill|Mold Breaker
|move|p1a: Talonflame|Brave Bird|p2a: Excadrill
|-resisted|p2a: Excadrill
|-damage|p2a: Excadrill|194\/362
|-damage|p1a: Talonflame|242\/297|[from] recoil|[of] p2a: Excadrill
|
|turn|11
|
|switch|p1a: Chesnaught|Chesnaught, M|348\/379
|move|p2a: Excadrill|Rock Slide|p1a: Chesnaught
|-resisted|p1a: Chesnaught
|-damage|p1a: Chesnaught|320\/379
|
|-heal|p1a: Chesnaught|343\/379|[from] item: Leftovers
|turn|12
|
|switch|p2a: Togekiss|Togekiss, M|365\/374
|move|p1a: Chesnaught|Leech Seed|p2a: Togekiss
|-start|p2a: Togekiss|move: Leech Seed
|
|-heal|p2a: Togekiss|374\/374|[from] item: Leftovers
|-heal|p1a: Chesnaught|366\/379|[from] item: Leftovers
|-damage|p2a: Togekiss|328\/374|[from] Leech Seed|[of] p1a: Chesnaught
|-heal|p1a: Chesnaught|379\/379|[silent]
|turn|13
|
|switch|p1a: Talonflame|Talonflame, F|242\/297
|move|p2a: Togekiss|Toxic|p1a: Talonflame
|-status|p1a: Talonflame|tox
|
|-heal|p2a: Togekiss|351\/374|[from] item: Leftovers
|-damage|p2a: Togekiss|305\/374|[from] Leech Seed|[of] p1a: Talonflame
|-heal|p1a: Talonflame|288\/297 tox|[silent]
|-damage|p1a: Talonflame|270\/297 tox|[from] psn
|turn|14
|
|switch|p2a: Excadrill|Excadrill, M|194\/362
|-ability|p2a: Excadrill|Mold Breaker
|move|p1a: Talonflame|Swords Dance|p1a: Talonflame
|-boost|p1a: Talonflame|atk|2
|
|-damage|p1a: Talonflame|234\/297 tox|[from] psn
|turn|15
|
|switch|p2a: Gyarados|Gyarados, F|178\/332
|-ability|p2a: Gyarados|Intimidate|[of] p1a: Talonflame
|-unboost|p1a: Talonflame|atk|1
|move|p1a: Talonflame|Brave Bird|p2a: Gyarados
|-damage|p2a: Gyarados|0 fnt
|-damage|p1a: Talonflame|175\/297 tox|[from] recoil|[of] p2a: Gyarados
|faint|p2a: Gyarados
|
|-damage|p1a: Talonflame|121\/297 tox|[from] psn
|
|switch|p2a: Excadrill|Excadrill, M|194\/362
|-ability|p2a: Excadrill|Mold Breaker
|turn|16
|
|switch|p1a: Chesnaught|Chesnaught, M|379\/379
|move|p2a: Excadrill|Rock Slide|p1a: Chesnaught
|-resisted|p1a: Chesnaught
|-damage|p1a: Chesnaught|352\/379
|
|-heal|p1a: Chesnaught|375\/379|[from] item: Leftovers
|turn|17
|
|switch|p2a: Scizor|Scizor, M|122\/344
|move|p1a: Chesnaught|Leech Seed|p2a: Scizor
|-start|p2a: Scizor|move: Leech Seed
|
|-heal|p1a: Chesnaught|379\/379|[from] item: Leftovers
|-damage|p2a: Scizor|79\/344|[from] Leech Seed|[of] p1a: Chesnaught
|turn|18
|
|move|p1a: Chesnaught|Spiky Shield|p1a: Chesnaught
|-singleturn|p1a: Chesnaught|move: Protect
|move|p2a: Scizor|U-turn|p1a: Chesnaught
|-activate|p1a: Chesnaught|move: Protect
|-damage|p2a: Scizor|36\/344|[from] Spiky Shield|[of] p1a: Chesnaught
|
|-damage|p2a: Scizor|0 fnt|[from] Leech Seed|[of] p1a: Chesnaught
|faint|p2a: Scizor
|
|switch|p2a: Togekiss|Togekiss, M|305\/374
|turn|19
|
|move|p2a: Togekiss|Air Slash|p1a: Chesnaught
|-supereffective|p1a: Chesnaught
|-damage|p1a: Chesnaught|0 fnt
|faint|p1a: Chesnaught
|
|-heal|p2a: Togekiss|328\/374|[from] item: Leftovers
|
|switch|p1a: Talonflame|Talonflame, F|121\/297 tox
|turn|20
|
|move|p1a: Talonflame|Roost|p1a: Talonflame
|-heal|p1a: Talonflame|270\/297 tox
|move|p2a: Togekiss|Air Slash|p1a: Talonflame
|-damage|p1a: Talonflame|134\/297 tox
|
|-heal|p2a: Togekiss|351\/374|[from] item: Leftovers
|-damage|p1a: Talonflame|116\/297 tox|[from] psn
|turn|21
|
|move|p1a: Talonflame|Roost|p1a: Talonflame
|-heal|p1a: Talonflame|265\/297 tox
|move|p2a: Togekiss|Air Slash|p1a: Talonflame
|-damage|p1a: Talonflame|136\/297 tox
|
|-heal|p2a: Togekiss|374\/374|[from] item: Leftovers
|-damage|p1a: Talonflame|100\/297 tox|[from] psn
|turn|22
|
|move|p1a: Talonflame|Brave Bird|p2a: Togekiss
|-damage|p2a: Togekiss|166\/374
|-damage|p1a: Talonflame|31\/297 tox|[from] recoil|[of] p2a: Togekiss
|move|p2a: Togekiss|Air Slash|p1a: Talonflame
|-damage|p1a: Talonflame|0 fnt
|faint|p1a: Talonflame
|
|-heal|p2a: Togekiss|189\/374|[from] item: Leftovers
|
|switch|p1a: Hydreigon|Hydreigon, M|325\/325
|turn|23
|
|switch|p2a: Excadrill|Excadrill, M|194\/362
|-ability|p2a: Excadrill|Mold Breaker
|move|p1a: Hydreigon|Dark Pulse|p2a: Excadrill
|-damage|p2a: Excadrill|0 fnt
|-damage|p1a: Hydreigon|293\/325|[from] item: Life Orb
|faint|p2a: Excadrill
|
|
|switch|p2a: Togekiss|Togekiss, M|189\/374
|turn|24
|
|move|p1a: Hydreigon|Dark Pulse|p2a: Togekiss
|-resisted|p2a: Togekiss
|-damage|p2a: Togekiss|127\/374
|-damage|p1a: Hydreigon|261\/325|[from] item: Life Orb
|move|p2a: Togekiss|Roost|p2a: Togekiss
|-heal|p2a: Togekiss|314\/374
|
|-heal|p2a: Togekiss|337\/374|[from] item: Leftovers
|turn|25
|leave|Linck129
|player|p1
|c|âThe Name is Bob|loser
|c|âThe Name is Bob|could have a least just forfeited
|-message|linck129 lost due to inactivity.
|
|win|The Name is Bob
|raw|Ladder updating...