|join|Not Alkov
|join|Linck129
|player|p1|Not Alkov|256
|player|p2|Linck129|266
|gametype|singles
|gen|6
|tier|OU
|rated
|clearpoke
|poke|p1|Heatran, F
|poke|p1|Serperior, M
|poke|p1|Keldeo
|poke|p1|Zapdos
|poke|p1|Landorus, M
|poke|p1|Charizard, F
|poke|p2|Serperior, M
|poke|p2|Metagross
|poke|p2|Landorus-Therian, M
|poke|p2|Rotom-Wash
|poke|p2|Latios, M
|poke|p2|Volcarona, M
|rule|Swagger Clause: Swagger is banned
|rule|Baton Pass Clause: Limit one PokÃ©mon knowing Baton Pass
|rule|Sleep Clause Mod: Limit one foe put to sleep
|rule|Species Clause: Limit one of each PokÃ©mon
|rule|OHKO Clause: OHKO moves are banned
|rule|Moody Clause: Moody is banned
|rule|Evasion Moves Clause: Evasion moves are banned
|rule|Endless Battle Clause: Forcing endless battles is banned
|rule|HP Percentage Mod: HP is shown in percentages
|teampreview
|join|rumkugeln
|
|start
|switch|p1a: Heatran|Heatran, F|385\/385
|switch|p2a: Latios|Latios, M|301\/301
|turn|1
|
|move|p2a: Latios|Draco Meteor|p1a: Heatran
|-resisted|p1a: Heatran
|-damage|p1a: Heatran|277\/385
|-unboost|p2a: Latios|spa|2
|-damage|p2a: Latios|271\/301|[from] item: Life Orb
|move|p1a: Heatran|Will-O-Wisp|p2a: Latios|[miss]
|-miss|p1a: Heatran|p2a: Latios
|
|-heal|p1a: Heatran|301\/385|[from] item: Leftovers
|turn|2
|c|âNot Alkov|URGHHH
|
|switch|p2a: Landorus-Therian|Landorus-Therian, M|382\/382
|-ability|p2a: Landorus-Therian|Intimidate|[of] p1a: Heatran
|-unboost|p1a: Heatran|atk|1
|switch|p1a: Zapdos|Zapdos|383\/383
|-ability|p1a: Zapdos|Pressure
|
|turn|3
|
|move|p1a: Zapdos|Heat Wave|p2a: Landorus-Therian
|-damage|p2a: Landorus-Therian|276\/382
|move|p2a: Landorus-Therian|Knock Off|p1a: Zapdos
|-damage|p1a: Zapdos|270\/383
|-enditem|p1a: Zapdos|Leftovers|[from] move: Knock Off|[of] p2a: Landorus-Therian
|
|-heal|p2a: Landorus-Therian|299\/382|[from] item: Leftovers
|turn|4
|
|move|p1a: Zapdos|Heat Wave|p2a: Landorus-Therian
|-damage|p2a: Landorus-Therian|194\/382
|-status|p2a: Landorus-Therian|brn
|move|p2a: Landorus-Therian|Stone Edge|p1a: Zapdos
|-crit|p1a: Zapdos
|-supereffective|p1a: Zapdos
|-damage|p1a: Zapdos|90\/383
|
|-heal|p2a: Landorus-Therian|217\/382 brn|[from] item: Leftovers
|-damage|p2a: Landorus-Therian|170\/382 brn|[from] brn
|turn|5
|
|move|p1a: Zapdos|Heat Wave|p2a: Landorus-Therian
|-damage|p2a: Landorus-Therian|64\/382 brn
|move|p2a: Landorus-Therian|Stealth Rock|p1a: Zapdos
|-sidestart|p1: Not Alkov|move: Stealth Rock
|
|-heal|p2a: Landorus-Therian|87\/382 brn|[from] item: Leftovers
|-damage|p2a: Landorus-Therian|40\/382 brn|[from] brn
|turn|6
|
|switch|p2a: Serperior|Serperior, M|291\/291
|move|p1a: Zapdos|Defog|p2a: Serperior
|-boost|p2a: Serperior|evasion|1
|-sideend|p1: Not Alkov|Stealth Rock|[from] move: Defog|[of] p1a: Zapdos
|
|turn|7
|c|âLinck129|lol
|
|switch|p2a: Metagross|Metagross|301\/301
|switch|p1a: Heatran|Heatran, F|301\/385
|
|-heal|p1a: Heatran|325\/385|[from] item: Leftovers
|turn|8
|
|detailschange|p2a: Metagross|Metagross-Mega
|-mega|p2a: Metagross|Metagross|Metagrossite
|move|p2a: Metagross|Earthquake|p1a: Heatran
|-supereffective|p1a: Heatran
|-damage|p1a: Heatran|0 fnt
|faint|p1a: Heatran
|
|
|switch|p1a: Charizard|Charizard, F|315\/315
|turn|9
|
|move|p2a: Metagross|Zen Headbutt|p1a: Charizard
|-damage|p1a: Charizard|54\/315
|cant|p1a: Charizard|flinch
|
|turn|10
|c|âNot Alkov|zzzzz
|c|âNot Alkov|are you serious
|c|âLinck129|:)
|-message|Not Alkov forfeited.
|
|win|Linck129
|raw|Ladder updating...
|raw|Not Alkov's rating: 1555 &rarr; <strong>1533<\/strong><br \/>(-22 for losing)
|raw|Linck129's rating: 1515 &rarr; <strong>1537<\/strong><br \/>(+22 for winning)
|leave|Not Alkov
|player|p1
|leave|Linck129
|player|p2
|c| rumkugeln|its garbage
|leave|rumkugeln
|join|rumkugeln