|join|FildrongJVC
|join|Linck129
|player|p1|FildrongJVC|43
|player|p2|Linck129|2
|gametype|singles
|gen|6
|tier|OU (suspect test)
|clearpoke
|poke|p1|Heracross, F
|poke|p1|Heatran, M
|poke|p1|Mew
|poke|p1|Tyranitar, F
|poke|p1|Landorus-Therian, M
|poke|p1|Rotom-Wash
|poke|p2|Charizard, M
|poke|p2|Donphan, M
|poke|p2|Lucario, M
|poke|p2|Rotom-Wash
|poke|p2|Hawlucha, M
|poke|p2|Zoroark, F
|rule|Swagger Clause: Swagger is banned
|rule|Baton Pass Clause: Limit one PokÃ©mon knowing Baton Pass
|rule|Sleep Clause Mod: Limit one foe put to sleep
|rule|Species Clause: Limit one of each PokÃ©mon
|rule|OHKO Clause: OHKO moves are banned
|rule|Moody Clause: Moody is banned
|rule|Evasion Moves Clause: Evasion moves are banned
|rule|Endless Battle Clause: Forcing endless battles is banned
|rule|HP Percentage Mod: HP is shown in percentages
|teampreview
|c|âFildrongJVC|haha
|c|âFildrongJVC|ma team du nouvel an
|c|âLinck129|(y)
|
|start
|switch|p1a: Dinde|Heatran, M|329\/329
|switch|p2a: Rotom-Wash|Rotom-Wash|261\/261
|turn|1
|join|ZeyloR
|
|switch|p1a: Hangover|Rotom-Wash|304\/304
|switch|p2a: Donphan|Donphan, M|384\/384
|
|turn|2
|join|Morkador
|
|switch|p2a: Rotom-Wash|Rotom-Wash|304\/304
|move|p1a: Hangover|Will-O-Wisp|p2a: Rotom-Wash|[miss]
|-miss|p1a: Hangover|p2a: Rotom-Wash
|
|turn|3
|
|move|p1a: Hangover|Will-O-Wisp|p2a: Rotom-Wash
|-status|p2a: Rotom-Wash|brn
|move|p2a: Rotom-Wash|Hydro Pump|p1a: Hangover
|-resisted|p1a: Hangover
|-damage|p1a: Hangover|256\/304
|
|-heal|p1a: Hangover|275\/304|[from] item: Leftovers
|-damage|p2a: Rotom-Wash|266\/304 brn|[from] brn
|turn|4
|c| Morkador|combat de motisma . oaui !
|
|move|p1a: Hangover|Volt Switch|p2a: Rotom-Wash
|-damage|p2a: Rotom-Wash|191\/304 brn
|
|switch|p1a: Dinde|Heatran, M|329\/329
|move|p2a: Rotom-Wash|Volt Switch|p1a: Dinde
|-damage|p1a: Dinde|239\/329
|
|switch|p2a: Charizard|Charizard, M|297\/297
|
|turn|5
|
|move|p1a: Dinde|Ancient Power|p2a: Charizard
|-supereffective|p2a: Charizard
|-damage|p2a: Charizard|0 fnt
|faint|p2a: Charizard
|
|c|âLinck129|noooooooooon
|c| ZeyloR|le pire c'est le combat de Ferro
|
|switch|p2a: Donphan|Donphan, M|384\/384
|turn|6
|
|switch|p1a: Hangover|Rotom-Wash|275\/304
|move|p2a: Donphan|Knock Off|p1a: Hangover
|-damage|p1a: Hangover|168\/304
|-enditem|p1a: Hangover|Leftovers|[from] move: Knock Off|[of] p2a: Donphan
|
|turn|7
|
|switch|p2a: Rotom-Wash|Rotom-Wash|191\/304 brn
|move|p1a: Hangover|Hydro Pump|p2a: Rotom-Wash
|-resisted|p2a: Rotom-Wash
|-damage|p2a: Rotom-Wash|133\/304 brn
|
|-heal|p2a: Rotom-Wash|152\/304 brn|[from] item: Leftovers
|-damage|p2a: Rotom-Wash|114\/304 brn|[from] brn
|turn|8
|
|move|p1a: Hangover|Hydro Pump|p2a: Rotom-Wash
|-resisted|p2a: Rotom-Wash
|-damage|p2a: Rotom-Wash|48\/304 brn
|move|p2a: Rotom-Wash|Pain Split|p1a: Hangover
|-sethp|p1a: Hangover|108\/304|p2a: Rotom-Wash|108\/304 brn|[from] move: Pain Split
|
|-heal|p2a: Rotom-Wash|127\/304 brn|[from] item: Leftovers
|-damage|p2a: Rotom-Wash|89\/304 brn|[from] brn
|turn|9
|
|move|p1a: Hangover|Hydro Pump|p2a: Rotom-Wash
|-resisted|p2a: Rotom-Wash
|-damage|p2a: Rotom-Wash|27\/304 brn
|move|p2a: Rotom-Wash|Volt Switch|p1a: Hangover
|-damage|p1a: Hangover|51\/304
|
|switch|p2a: Hawlucha|Hawlucha, M|323\/323
|
|turn|10
|
|move|p2a: Hawlucha|Swords Dance|p2a: Hawlucha
|-boost|p2a: Hawlucha|atk|2
|move|p1a: Hangover|Volt Switch|p2a: Hawlucha
|-supereffective|p2a: Hawlucha
|-damage|p2a: Hawlucha|53\/323
|
|switch|p1a: La Bise|Tyranitar, F|386\/386
|-enditem|p2a: Hawlucha|Sitrus Berry|[eat]
|-heal|p2a: Hawlucha|133\/323|[from] item: Sitrus Berry
|-weather|Sandstorm
|
|-weather|Sandstorm|[upkeep]
|-damage|p2a: Hawlucha|113\/323|[from] sandstorm
|turn|11
|
|switch|p1a: Migraine|Landorus-Therian, M|382\/382
|-ability|p1a: Migraine|Intimidate|[of] p2a: Hawlucha
|-unboost|p2a: Hawlucha|atk|1
|move|p2a: Hawlucha|High Jump Kick|p1a: Migraine
|-resisted|p1a: Migraine
|-damage|p1a: Migraine|259\/382
|
|-weather|Sandstorm|[upkeep]
|-damage|p2a: Hawlucha|93\/323|[from] sandstorm
|-heal|p1a: Migraine|282\/382|[from] item: Leftovers
|turn|12
|
|move|p2a: Hawlucha|Acrobatics|p1a: Migraine
|-damage|p1a: Migraine|96\/382
|move|p1a: Migraine|U-turn|p2a: Hawlucha
|-resisted|p2a: Hawlucha
|-damage|p2a: Hawlucha|71\/323
|
|switch|p1a: BANANNE|Mew|404\/404
|
|-weather|Sandstorm|[upkeep]
|-damage|p2a: Hawlucha|51\/323|[from] sandstorm
|-damage|p1a: BANANNE|379\/404|[from] sandstorm
|-heal|p1a: BANANNE|404\/404|[from] item: Leftovers
|turn|13
|
|move|p2a: Hawlucha|Acrobatics|p1a: BANANNE
|-damage|p1a: BANANNE|167\/404
|move|p1a: BANANNE|Soft-Boiled|p1a: BANANNE
|-heal|p1a: BANANNE|369\/404
|
|-weather|Sandstorm|[upkeep]
|-damage|p2a: Hawlucha|31\/323|[from] sandstorm
|-damage|p1a: BANANNE|344\/404|[from] sandstorm
|-heal|p1a: BANANNE|369\/404|[from] item: Leftovers
|turn|14
|
|move|p2a: Hawlucha|Acrobatics|p1a: BANANNE
|-damage|p1a: BANANNE|159\/404
|move|p1a: BANANNE|Soft-Boiled|p1a: BANANNE
|-heal|p1a: BANANNE|361\/404
|
|-weather|none
|-heal|p1a: BANANNE|386\/404|[from] item: Leftovers
|turn|15
|
|move|p2a: Hawlucha|Acrobatics|p1a: BANANNE
|-damage|p1a: BANANNE|148\/404
|move|p1a: BANANNE|Knock Off|p2a: Hawlucha
|-crit|p2a: Hawlucha
|-resisted|p2a: Hawlucha
|-damage|p2a: Hawlucha|0 fnt
|faint|p2a: Hawlucha
|
|-heal|p1a: BANANNE|173\/404|[from] item: Leftovers
|
|switch|p2a: Lucario|Lucario, M|261\/261
|turn|16
|
|move|p2a: Lucario|Knock Off|p1a: BANANNE
|-supereffective|p1a: BANANNE
|-damage|p1a: BANANNE|0 fnt
|-enditem|p1a: BANANNE|Leftovers|[from] move: Knock Off|[of] p2a: Lucario
|-damage|p2a: Lucario|235\/261|[from] item: Life Orb
|faint|p1a: BANANNE
|
|
|switch|p1a: Dinde|Heatran, M|239\/329
|turn|17
|
|move|p1a: Dinde|Fire Blast|p2a: Lucario
|replace|p2a: Zoroark|Zoroark, F|235\/261
|-damage|p2a: Zoroark|0 fnt
|faint|p2a: Zoroark
|
|
|switch|p2a: Donphan|Donphan, M|384\/384
|turn|18
|
|switch|p1a: Hangover|Rotom-Wash|51\/304
|move|p2a: Donphan|Knock Off|p1a: Hangover
|-damage|p1a: Hangover|0 fnt
|faint|p1a: Hangover
|
|
|switch|p1a: Champomy|Heracross, F|331\/331
|turn|19
|
|switch|p2a: Rotom-Wash|Rotom-Wash|27\/304 brn
|detailschange|p1a: Champomy|Heracross-Mega, F
|-mega|p1a: Champomy|Heracross|Heracronite
|move|p1a: Champomy|Pin Missile|p2a: Rotom-Wash
|-crit|p2a: Rotom-Wash
|-damage|p2a: Rotom-Wash|0 fnt
|-hitcount|p2a: Rotom-Wash|1
|faint|p2a: Rotom-Wash
|
|
|switch|p2a: Lucario|Lucario, M|281\/281
|turn|20
|
|move|p2a: Lucario|Psychic|p1a: Champomy
|-supereffective|p1a: Champomy
|-damage|p1a: Champomy|81\/331
|-damage|p2a: Lucario|253\/281|[from] item: Life Orb
|move|p1a: Champomy|Close Combat|p2a: Lucario
|-supereffective|p2a: Lucario
|-damage|p2a: Lucario|0 fnt
|-unboost|p1a: Champomy|def|1
|-unboost|p1a: Champomy|spd|1
|faint|p2a: Lucario
|
|
|switch|p2a: Donphan|Donphan, M|384\/384
|turn|21
|
|move|p1a: Champomy|Pin Missile|p2a: Donphan
|-damage|p2a: Donphan|330\/384
|-damage|p2a: Donphan|272\/384
|-damage|p2a: Donphan|215\/384
|-damage|p2a: Donphan|158\/384
|-damage|p2a: Donphan|98\/384
|-hitcount|p2a: Donphan|5
|move|p2a: Donphan|Earthquake|p1a: Champomy
|-resisted|p1a: Champomy
|-damage|p1a: Champomy|0 fnt
|faint|p1a: Champomy
|
|-heal|p2a: Donphan|122\/384|[from] item: Leftovers
|
|switch|p1a: La Bise|Tyranitar, F|386\/386
|-weather|Sandstorm
|turn|22
|
|move|p1a: La Bise|Crunch|p2a: Donphan
|-crit|p2a: Donphan
|-damage|p2a: Donphan|0 fnt
|faint|p2a: Donphan
|
|win|FildrongJVC
|c|âLinck129|gg
|c|âFildrongJVC|gg
|c| ZeyloR|gg