|join|DanzSS
|join|Linck129
|player|p1|DanzSS|1
|player|p2|Linck129|169
|gametype|singles
|gen|6
|tier|OU (suspect test)
|rated
|clearpoke
|poke|p1|Scizor, M
|poke|p1|Tyranitar, M
|poke|p1|Gyarados, M
|poke|p1|Salamence, M
|poke|p1|Skarmory, F
|poke|p1|Rotom-Wash
|poke|p2|Charizard, M
|poke|p2|Donphan, F
|poke|p2|Lucario, M
|poke|p2|Rotom-Wash
|poke|p2|Hawlucha, F
|poke|p2|Zoroark, F
|rule|Swagger Clause: Swagger is banned
|rule|Baton Pass Clause: Limit one PokÃ©mon knowing Baton Pass
|rule|Sleep Clause Mod: Limit one foe put to sleep
|rule|Species Clause: Limit one of each PokÃ©mon
|rule|OHKO Clause: OHKO moves are banned
|rule|Moody Clause: Moody is banned
|rule|Evasion Moves Clause: Evasion moves are banned
|rule|Endless Battle Clause: Forcing endless battles is banned
|rule|HP Percentage Mod: HP is shown in percentages
|teampreview
|
|start
|switch|p1a: Skarmory|Skarmory, F|334\/334
|switch|p2a: Charizard|Charizard, M|297\/297
|turn|1
|
|move|p2a: Charizard|Dragon Dance|p2a: Charizard
|-boost|p2a: Charizard|atk|1
|-boost|p2a: Charizard|spe|1
|move|p1a: Skarmory|Stealth Rock|p2a: Charizard
|-sidestart|p2: Linck129|move: Stealth Rock
|
|turn|2
|
|move|p2a: Charizard|Fire Blast|p1a: Skarmory|[miss]
|-miss|p2a: Charizard|p1a: Skarmory
|move|p1a: Skarmory|Whirlwind|p2a: Charizard
|drag|p2a: Rotom-Wash|Rotom-Wash|304\/304
|-damage|p2a: Rotom-Wash|266\/304|[from] Stealth Rock
|
|-heal|p2a: Rotom-Wash|285\/304|[from] item: Leftovers
|turn|3
|
|switch|p1a: Rotom-Wash|Rotom-Wash|291\/291
|move|p2a: Rotom-Wash|Volt Switch|p1a: Rotom-Wash
|-damage|p1a: Rotom-Wash|231\/291
|
|switch|p2a: Lucario|Lucario, M|281\/281
|-damage|p2a: Lucario|273\/281|[from] Stealth Rock
|
|-heal|p1a: Rotom-Wash|249\/291|[from] item: Leftovers
|turn|4
|
|move|p2a: Lucario|Close Combat|p1a: Rotom-Wash
|-damage|p1a: Rotom-Wash|92\/291
|-unboost|p2a: Lucario|def|1
|-unboost|p2a: Lucario|spd|1
|-damage|p2a: Lucario|245\/281|[from] item: Life Orb
|move|p1a: Rotom-Wash|Will-O-Wisp|p2a: Lucario|[miss]
|-miss|p1a: Rotom-Wash|p2a: Lucario
|
|-heal|p1a: Rotom-Wash|110\/291|[from] item: Leftovers
|turn|5
|
|switch|p2a: Donphan|Donphan, F|384\/384
|-damage|p2a: Donphan|360\/384|[from] Stealth Rock
|switch|p1a: Salamence|Salamence, M|331\/331
|-ability|p1a: Salamence|Intimidate|[of] p2a: Donphan
|-unboost|p2a: Donphan|atk|1
|
|-heal|p2a: Donphan|384\/384|[from] item: Leftovers
|turn|6
|
|move|p1a: Salamence|Hydro Pump|p2a: Donphan|[miss]
|-miss|p1a: Salamence|p2a: Donphan
|move|p2a: Donphan|Rapid Spin|p1a: Salamence
|-damage|p1a: Salamence|309\/331
|-sideend|p2: Linck129|Stealth Rock|[from] move: Rapid Spin|[of] p2a: Donphan
|
|turn|7
|
|switch|p1a: Skarmory|Skarmory, F|334\/334
|switch|p2a: Rotom-Wash|Rotom-Wash|285\/304
|
|-heal|p2a: Rotom-Wash|304\/304|[from] item: Leftovers
|turn|8
|
|move|p2a: Rotom-Wash|Will-O-Wisp|p1a: Skarmory
|-status|p1a: Skarmory|brn
|move|p1a: Skarmory|Stealth Rock|p2a: Rotom-Wash
|-sidestart|p2: Linck129|move: Stealth Rock
|
|-damage|p1a: Skarmory|293\/334 brn|[from] brn
|turn|9
|
|switch|p1a: Rotom-Wash|Rotom-Wash|110\/291
|move|p2a: Rotom-Wash|Volt Switch|p1a: Rotom-Wash
|-damage|p1a: Rotom-Wash|49\/291
|
|switch|p2a: Lucario|Lucario, M|245\/281
|-damage|p2a: Lucario|237\/281|[from] Stealth Rock
|
|-heal|p1a: Rotom-Wash|67\/291|[from] item: Leftovers
|turn|10
|
|switch|p1a: Gyarados|Gyarados, M|384\/384
|-ability|p1a: Gyarados|Intimidate|[of] p2a: Lucario
|-unboost|p2a: Lucario|atk|1
|move|p2a: Lucario|Close Combat|p1a: Gyarados
|-resisted|p1a: Gyarados
|-damage|p1a: Gyarados|322\/384
|-unboost|p2a: Lucario|def|1
|-unboost|p2a: Lucario|spd|1
|-damage|p2a: Lucario|209\/281|[from] item: Life Orb
|
|turn|11
|
|move|p2a: Lucario|Close Combat|p1a: Gyarados
|-resisted|p1a: Gyarados
|-damage|p1a: Gyarados|251\/384
|-unboost|p2a: Lucario|def|1
|-unboost|p2a: Lucario|spd|1
|-damage|p2a: Lucario|181\/281|[from] item: Life Orb
|move|p1a: Gyarados|Dragon Dance|p1a: Gyarados
|-boost|p1a: Gyarados|atk|1
|-boost|p1a: Gyarados|spe|1
|
|turn|12
|
|move|p2a: Lucario|Extreme Speed|p1a: Gyarados
|-damage|p1a: Gyarados|193\/384
|-damage|p2a: Lucario|153\/281|[from] item: Life Orb
|move|p1a: Gyarados|Dragon Dance|p1a: Gyarados
|-boost|p1a: Gyarados|atk|1
|-boost|p1a: Gyarados|spe|1
|
|turn|13
|
|move|p2a: Lucario|Extreme Speed|p1a: Gyarados
|-damage|p1a: Gyarados|132\/384
|-damage|p2a: Lucario|125\/281|[from] item: Life Orb
|move|p1a: Gyarados|Earthquake|p2a: Lucario
|-supereffective|p2a: Lucario
|-damage|p2a: Lucario|0 fnt
|faint|p2a: Lucario
|
|
|switch|p2a: Rotom-Wash|Rotom-Wash|304\/304
|-damage|p2a: Rotom-Wash|266\/304|[from] Stealth Rock
|turn|14
|
|detailschange|p1a: Gyarados|Gyarados-Mega, M
|-mega|p1a: Gyarados|Gyarados|Gyaradosite
|-ability|p1a: Gyarados|Mold Breaker
|move|p1a: Gyarados|Earthquake|p2a: Rotom-Wash
|-supereffective|p2a: Rotom-Wash
|-damage|p2a: Rotom-Wash|0 fnt
|faint|p2a: Rotom-Wash
|
|-message|Linck129 forfeited.
|leave|Linck129
|
|win|DanzSS
|raw|Ladder updating...
|player|p2
|raw|DanzSS's rating: 1033 &rarr; <strong>1077<\/strong><br \/>(+44 for winning)
|raw|Linck129's rating: 1127 &rarr; <strong>1095<\/strong><br \/>(-32 for losing)