|join|Ragsaiban
|join|Linck129
|player|p1|Ragsaiban|222
|player|p2|Linck129|169
|gametype|singles
|gen|6
|tier|OU (suspect test)
|clearpoke
|poke|p1|Metagross, shiny
|poke|p1|Talonflame, M
|poke|p1|Conkeldurr, M
|poke|p1|Gengar, M
|poke|p1|Dragonite, F
|poke|p1|Latios, M, shiny
|poke|p2|Charizard, M
|poke|p2|Donphan, M
|poke|p2|Lucario, M
|poke|p2|Rotom-Wash
|poke|p2|Hawlucha, M
|poke|p2|Zoroark, M
|rule|Swagger Clause: Swagger is banned
|rule|Baton Pass Clause: Limit one PokÃ©mon knowing Baton Pass
|rule|Sleep Clause Mod: Limit one foe put to sleep
|rule|Species Clause: Limit one of each PokÃ©mon
|rule|OHKO Clause: OHKO moves are banned
|rule|Moody Clause: Moody is banned
|rule|Evasion Moves Clause: Evasion moves are banned
|rule|Endless Battle Clause: Forcing endless battles is banned
|rule|HP Percentage Mod: HP is shown in percentages
|teampreview
|c|âLinck129|jvais te sÃ©questrer
|c|âRagsaiban|mdrr
|c|âRagsaiban|Ã§a fait pas longtemps que je joue
|
|start
|switch|p1a: B2O|Conkeldurr, M|413\/413
|switch|p2a: Hawlucha|Hawlucha, M|323\/323
|turn|1
|c|âLinck129|les gagnants ont les moyens, les perdants trouvent des excuses
|
|move|p2a: Hawlucha|Swords Dance|p2a: Hawlucha
|-boost|p2a: Hawlucha|atk|2
|move|p1a: B2O|Ice Punch|p2a: Hawlucha
|-supereffective|p2a: Hawlucha
|-damage|p2a: Hawlucha|0 fnt
|faint|p2a: Hawlucha
|
|c|âRagsaiban|1ere sequestration
|c|âLinck129|ptdrrrr !!!!!
|
|switch|p2a: Charizard|Charizard, M|297\/297
|turn|2
|
|switch|p1a: Alonzo|Talonflame, M|298\/298
|detailschange|p2a: Charizard|Charizard-Mega-Y, M
|-mega|p2a: Charizard|Charizard|Charizardite Y
|-weather|SunnyDay
|move|p2a: Charizard|Fire Blast|p1a: Alonzo
|-resisted|p1a: Alonzo
|-damage|p1a: Alonzo|43\/298
|
|-weather|SunnyDay|[upkeep]
|turn|3
|
|switch|p2a: Rotom-Wash|Rotom-Wash|304\/304
|move|p1a: Alonzo|Brave Bird|p2a: Rotom-Wash
|-resisted|p2a: Rotom-Wash
|-damage|p2a: Rotom-Wash|211\/304
|-damage|p1a: Alonzo|12\/298|[from] recoil|[of] p2a: Rotom-Wash
|
|-weather|SunnyDay|[upkeep]
|-heal|p2a: Rotom-Wash|230\/304|[from] item: Leftovers
|turn|4
|
|move|p1a: Alonzo|Brave Bird|p2a: Rotom-Wash
|-resisted|p2a: Rotom-Wash
|-damage|p2a: Rotom-Wash|137\/304
|-damage|p1a: Alonzo|0 fnt|[from] recoil|[of] p2a: Rotom-Wash
|faint|p1a: Alonzo
|move|p2a: Rotom-Wash|Volt Switch|p1: Alonzo|[notarget]
|-notarget
|
|-weather|SunnyDay|[upkeep]
|-heal|p2a: Rotom-Wash|156\/304|[from] item: Leftovers
|
|switch|p1a: Gengar|Gengar, M|261\/261
|turn|5
|
|move|p1a: Gengar|Giga Drain|p2a: Rotom-Wash
|-supereffective|p2a: Rotom-Wash
|-damage|p2a: Rotom-Wash|0 fnt
|faint|p2a: Rotom-Wash
|
|-weather|SunnyDay|[upkeep]
|
|switch|p2a: Donphan|Donphan, M|261\/261
|turn|6
|
|move|p2a: Donphan|Sucker Punch|p1a: Gengar
|-supereffective|p1a: Gengar
|-damage|p1a: Gengar|0 fnt
|-damage|p2a: Donphan|235\/261|[from] item: Life Orb
|faint|p1a: Gengar
|
|-weather|none
|c|âLinck129|ahbeeeeee
|
|switch|p1a: B2O|Conkeldurr, M|413\/413
|turn|7
|
|switch|p2a: Donphan|Donphan, M|384\/384
|move|p1a: B2O|Drain Punch|p2a: Donphan
|-damage|p2a: Donphan|230\/384
|
|-heal|p2a: Donphan|254\/384|[from] item: Leftovers
|turn|8
|
|move|p2a: Donphan|Knock Off|p1a: B2O
|-resisted|p1a: B2O
|-damage|p1a: B2O|345\/413
|-enditem|p1a: B2O|Assault Vest|[from] move: Knock Off|[of] p2a: Donphan
|move|p1a: B2O|Ice Punch|p2a: Donphan
|-supereffective|p2a: Donphan
|-damage|p2a: Donphan|28\/384
|
|-heal|p2a: Donphan|52\/384|[from] item: Leftovers
|turn|9
|
|switch|p2a: Charizard|Charizard-Mega-Y, M|297\/297
|-weather|SunnyDay
|move|p1a: B2O|Mach Punch|p2a: Charizard
|-resisted|p2a: Charizard
|-damage|p2a: Charizard|224\/297
|
|-weather|SunnyDay|[upkeep]
|turn|10
|
|switch|p1a: MisterYou|Latios, M, shiny|302\/302
|move|p2a: Charizard|Fire Blast|p1a: MisterYou
|-resisted|p1a: MisterYou
|-damage|p1a: MisterYou|129\/302
|
|-weather|SunnyDay|[upkeep]
|turn|11
|
|switch|p2a: Lucario|Lucario, M|281\/281
|move|p1a: MisterYou|Thunderbolt|p2a: Lucario
|-damage|p2a: Lucario|87\/281
|-damage|p1a: MisterYou|99\/302|[from] item: Life Orb
|
|-weather|SunnyDay|[upkeep]
|turn|12
|
|move|p2a: Lucario|Extreme Speed|p1a: MisterYou
|-damage|p1a: MisterYou|0 fnt
|-damage|p2a: Lucario|59\/281|[from] item: Life Orb
|faint|p1a: MisterYou
|
|-weather|SunnyDay|[upkeep]
|
|switch|p1a: Morsay|Dragonite, F|324\/324
|turn|13
|
|move|p2a: Lucario|Flash Cannon|p1a: Morsay
|-damage|p1a: Morsay|238\/324
|-damage|p2a: Lucario|31\/281|[from] item: Life Orb
|move|p1a: Morsay|Dragon Dance|p1a: Morsay
|-boost|p1a: Morsay|atk|1
|-boost|p1a: Morsay|spe|1
|
|-weather|none
|turn|14
|
|move|p1a: Morsay|Extreme Speed|p2a: Lucario
|-resisted|p2a: Lucario
|-damage|p2a: Lucario|0 fnt
|faint|p2a: Lucario
|
|
|switch|p2a: Zoroark|Zoroark, M|235\/261
|turn|15
|
|move|p1a: Morsay|Extreme Speed|p2a: Zoroark
|-damage|p2a: Zoroark|0 fnt
|faint|p2a: Zoroark
|
|
|switch|p2a: Charizard|Charizard-Mega-Y, M|224\/297
|-weather|SunnyDay
|turn|16
|c|âLinck129|gg
|
|move|p1a: Morsay|Dragon Claw|p2a: Charizard
|-damage|p2a: Charizard|0 fnt
|faint|p2a: Charizard
|
|-weather|SunnyDay|[upkeep]
|c|âRagsaiban|gg aussi
|
|switch|p2a: Donphan|Donphan, M|52\/384
|turn|17
|
|move|p1a: Morsay|Extreme Speed|p2a: Donphan
|-damage|p2a: Donphan|0 fnt
|faint|p2a: Donphan
|
|win|Ragsaiban
|leave|Linck129
|player|p2