|join|lour
|join|Linck129
|player|p1|lour|102
|player|p2|Linck129|169
|gametype|singles
|gen|6
|tier|OU (suspect test)
|clearpoke
|poke|p1|Politoed, F
|poke|p1|Swampert, F
|poke|p1|Kingdra, F
|poke|p1|Klefki, M
|poke|p1|Thundurus, M
|poke|p1|Breloom, F
|poke|p2|Diancie
|poke|p2|Drapion, F
|poke|p2|Rotom-Wash
|poke|p2|Delphox, M
|poke|p2|Amoonguss, F
|poke|p2|Dragonite, F
|rule|Swagger Clause: Swagger is banned
|rule|Baton Pass Clause: Limit one PokÃ©mon knowing Baton Pass
|rule|Sleep Clause Mod: Limit one foe put to sleep
|rule|Species Clause: Limit one of each PokÃ©mon
|rule|OHKO Clause: OHKO moves are banned
|rule|Moody Clause: Moody is banned
|rule|Evasion Moves Clause: Evasion moves are banned
|rule|Endless Battle Clause: Forcing endless battles is banned
|rule|HP Percentage Mod: HP is shown in percentages
|teampreview
|
|start
|switch|p1a: Politoed|Politoed, F|383\/383
|switch|p2a: Amoonguss|Amoonguss, F|432\/432
|-weather|RainDance
|turn|1
|
|switch|p1a: Klefki|Klefki, M|318\/318
|move|p2a: Amoonguss|Giga Drain|p1a: Klefki
|-resisted|p1a: Klefki
|-damage|p1a: Klefki|278\/318
|
|-weather|RainDance|[upkeep]
|turn|2
|
|switch|p2a: Dragonite|Dragonite, F|341\/341
|move|p1a: Klefki|Thunder Wave|p2a: Dragonite
|-status|p2a: Dragonite|par
|
|-weather|RainDance|[upkeep]
|turn|3
|
|move|p1a: Klefki|Foul Play|p2a: Dragonite
|-damage|p2a: Dragonite|275\/341 par
|cant|p2a: Dragonite|par
|
|-weather|RainDance|[upkeep]
|turn|4
|
|move|p1a: Klefki|Spikes|p2a: Dragonite
|-sidestart|p2: Linck129|Spikes
|cant|p2a: Dragonite|par
|
|-weather|RainDance|[upkeep]
|turn|5
|
|switch|p1a: Thundurus|Thundurus, M|299\/299
|move|p2a: Dragonite|Dragon Dance|p2a: Dragonite
|-boost|p2a: Dragonite|atk|1
|-boost|p2a: Dragonite|spe|1
|
|-weather|RainDance|[upkeep]
|turn|6
|
|move|p2a: Dragonite|Extreme Speed|p1a: Thundurus
|-damage|p1a: Thundurus|90\/299
|move|p1a: Thundurus|Hidden Power|p2a: Dragonite
|-crit|p2a: Dragonite
|-supereffective|p2a: Dragonite
|-damage|p2a: Dragonite|0 fnt
|-damage|p1a: Thundurus|61\/299|[from] item: Life Orb
|faint|p2a: Dragonite
|
|-weather|RainDance|[upkeep]
|
|switch|p2a: Amoonguss|Amoonguss, F|432\/432
|-damage|p2a: Amoonguss|378\/432|[from] Spikes
|turn|7
|
|move|p1a: Thundurus|Knock Off|p2a: Amoonguss
|-damage|p2a: Amoonguss|231\/432
|-enditem|p2a: Amoonguss|Black Sludge|[from] move: Knock Off|[of] p1a: Thundurus
|-damage|p1a: Thundurus|32\/299|[from] item: Life Orb
|move|p2a: Amoonguss|Giga Drain|p1a: Thundurus
|-resisted|p1a: Thundurus
|-damage|p1a: Thundurus|0 fnt
|-heal|p2a: Amoonguss|247\/432|[from] drain|[of] p1a: Thundurus
|faint|p1a: Thundurus
|
|-weather|RainDance|[upkeep]
|
|switch|p1a: Kingdra|Kingdra, F|291\/291
|turn|8
|
|move|p1a: Kingdra|Draco Meteor|p2a: Amoonguss|[miss]
|-miss|p1a: Kingdra|p2a: Amoonguss
|move|p2a: Amoonguss|Spore|p1a: Kingdra
|-status|p1a: Kingdra|slp
|
|-weather|none
|turn|9
|
|switch|p1a: Klefki|Klefki, M|278\/318
|move|p2a: Amoonguss|Giga Drain|p1a: Klefki
|-resisted|p1a: Klefki
|-damage|p1a: Klefki|242\/318
|-heal|p2a: Amoonguss|265\/432|[from] drain|[of] p1a: Klefki
|
|turn|10
|
|switch|p2a: Diancie|Diancie|241\/241
|-damage|p2a: Diancie|211\/241|[from] Spikes
|move|p1a: Klefki|Rain Dance|p1a: Klefki
|-weather|RainDance
|
|-weather|RainDance|[upkeep]
|turn|11
|
|detailschange|p2a: Diancie|Diancie-Mega
|-mega|p2a: Diancie|Diancie|Diancite
|move|p1a: Klefki|Thunder Wave|p2a: Diancie
|move|p2a: Diancie|Thunder Wave|p1a: Klefki|[from]Magic Bounce
|-status|p1a: Klefki|par
|move|p2a: Diancie|Earth Power|p1a: Klefki
|-supereffective|p1a: Klefki
|-damage|p1a: Klefki|0 fnt
|faint|p1a: Klefki
|
|-weather|RainDance|[upkeep]
|
|switch|p1a: Swampert|Swampert, F|341\/341
|turn|12
|
|switch|p2a: Rotom-Wash|Rotom-Wash|304\/304
|detailschange|p1a: Swampert|Swampert-Mega, F
|-mega|p1a: Swampert|Swampert|Swampertite
|move|p1a: Swampert|Stealth Rock|p2a: Rotom-Wash
|-sidestart|p2: Linck129|move: Stealth Rock
|
|-weather|RainDance|[upkeep]
|turn|13
|
|switch|p1a: Kingdra|Kingdra, F|291\/291 slp
|move|p2a: Rotom-Wash|Will-O-Wisp|p1a: Kingdra
|-fail|p1a: Kingdra
|
|-weather|RainDance|[upkeep]
|turn|14
|
|switch|p1a: Swampert|Swampert-Mega, F|341\/341
|move|p2a: Rotom-Wash|Volt Switch|p1a: Swampert
|-immune|p1a: Swampert|[msg]
|
|-weather|RainDance|[upkeep]
|turn|15
|
|switch|p1a: Kingdra|Kingdra, F|291\/291 slp
|move|p2a: Rotom-Wash|Will-O-Wisp|p1a: Kingdra
|-fail|p1a: Kingdra
|
|-weather|RainDance|[upkeep]
|turn|16
|
|cant|p1a: Kingdra|slp
|move|p2a: Rotom-Wash|Volt Switch|p1a: Kingdra
|-crit|p1a: Kingdra
|-damage|p1a: Kingdra|132\/291 slp
|
|switch|p2a: Diancie|Diancie-Mega|211\/241
|-damage|p2a: Diancie|181\/241|[from] Stealth Rock
|-damage|p2a: Diancie|151\/241|[from] Spikes
|
|-weather|RainDance|[upkeep]
|turn|17
|
|cant|p1a: Kingdra|slp
|move|p2a: Diancie|Moonblast|p1a: Kingdra
|-supereffective|p1a: Kingdra
|-damage|p1a: Kingdra|0 fnt
|faint|p1a: Kingdra
|
|-weather|none
|
|switch|p1a: Breloom|Breloom, F|264\/264
|turn|18
|
|switch|p2a: Amoonguss|Amoonguss, F|409\/432
|-damage|p2a: Amoonguss|355\/432|[from] Stealth Rock
|-damage|p2a: Amoonguss|301\/432|[from] Spikes
|move|p1a: Breloom|Swords Dance|p1a: Breloom
|-boost|p1a: Breloom|atk|2
|
|-status|p1a: Breloom|tox|[from] item: Toxic Orb
|turn|19
|
|move|p1a: Breloom|Facade|p2a: Amoonguss
|-damage|p2a: Amoonguss|0 fnt
|faint|p2a: Amoonguss
|
|
|switch|p2a: Delphox|Delphox, M|291\/291
|-damage|p2a: Delphox|219\/291|[from] Stealth Rock
|-damage|p2a: Delphox|183\/291|[from] Spikes
|turn|20
|
|switch|p1a: Politoed|Politoed, F|383\/383
|-weather|RainDance
|move|p2a: Delphox|Psyshock|p1a: Politoed
|-damage|p1a: Politoed|215\/383
|
|-weather|RainDance|[upkeep]
|turn|21
|
|move|p2a: Delphox|Psyshock|p1a: Politoed
|-crit|p1a: Politoed
|-damage|p1a: Politoed|0 fnt
|faint|p1a: Politoed
|
|-weather|RainDance|[upkeep]
|
|switch|p1a: Swampert|Swampert-Mega, F|341\/341
|turn|22
|
|switch|p1a: Breloom|Breloom, F|264\/264 tox
|move|p2a: Delphox|Psyshock|p1a: Breloom
|-supereffective|p1a: Breloom
|-damage|p1a: Breloom|0 fnt
|faint|p1a: Breloom
|
|-weather|RainDance|[upkeep]
|
|switch|p1a: Swampert|Swampert-Mega, F|341\/341
|turn|23
|
|move|p1a: Swampert|Waterfall|p2a: Delphox
|-supereffective|p2a: Delphox
|-damage|p2a: Delphox|0 fnt
|faint|p2a: Delphox
|
|-weather|RainDance|[upkeep]
|
|switch|p2a: Rotom-Wash|Rotom-Wash|304\/304
|-damage|p2a: Rotom-Wash|266\/304|[from] Stealth Rock
|turn|24
|
|move|p1a: Swampert|Waterfall|p2a: Rotom-Wash
|-resisted|p2a: Rotom-Wash
|-damage|p2a: Rotom-Wash|183\/304
|move|p2a: Rotom-Wash|Will-O-Wisp|p1a: Swampert
|-status|p1a: Swampert|brn
|
|-weather|RainDance|[upkeep]
|-heal|p2a: Rotom-Wash|202\/304|[from] item: Leftovers
|-damage|p1a: Swampert|299\/341 brn|[from] brn
|turn|25
|
|move|p1a: Swampert|Stealth Rock|p2a: Rotom-Wash
|-fail|p2a: Rotom-Wash
|move|p2a: Rotom-Wash|Hydro Pump|p1a: Swampert
|-damage|p1a: Swampert|125\/341 brn
|
|-weather|RainDance|[upkeep]
|-heal|p2a: Rotom-Wash|221\/304|[from] item: Leftovers
|-damage|p1a: Swampert|83\/341 brn|[from] brn
|turn|26
|
|move|p1a: Swampert|Stealth Rock|p2a: Rotom-Wash
|-fail|p2a: Rotom-Wash
|move|p2a: Rotom-Wash|Hydro Pump|p1a: Swampert
|-damage|p1a: Swampert|0 fnt
|faint|p1a: Swampert
|
|win|Linck129