|join|kurtsucks
|join|MaryLa
|player|p1|kurtsucks|162
|player|p2|MaryLa|289
|gametype|singles
|gen|6
|tier|UU
|rated
|rule|Sleep Clause Mod: Limit one foe put to sleep
|rule|Species Clause: Limit one of each PokÃ©mon
|rule|OHKO Clause: OHKO moves are banned
|rule|Moody Clause: Moody is banned
|rule|Evasion Moves Clause: Evasion moves are banned
|rule|Endless Battle Clause: Forcing endless battles is banned
|rule|HP Percentage Mod: HP is shown in percentages
|clearpoke
|poke|p1|Metagross
|poke|p1|Blissey, F
|poke|p1|Hydreigon, F
|poke|p1|Heracross, M
|poke|p1|Slowbro, M
|poke|p1|Ampharos, F
|poke|p2|Victini
|poke|p2|Slowbro, M
|poke|p2|Blissey, F
|poke|p2|Absol, F
|poke|p2|Donphan, M
|poke|p2|Noivern, M
|rule|Swagger Clause: Swagger is banned
|rule|Baton Pass Clause: Limit one PokÃ©mon knowing Baton Pass
|teampreview
|
|start
|switch|p1a: Ampharos|Ampharos, F|354\/354
|switch|p2a: NightmareMoon|Absol, F|271\/271
|turn|1
|
|switch|p2a: Tire|Donphan, M|384\/384
|detailschange|p1a: Ampharos|Ampharos-Mega, F
|message|Ampharos has Mega Evolved into Mega Ampharos!
|-ability|p1a: Ampharos|Mold Breaker
|move|p1a: Ampharos|Thunderbolt|p2a: Tire
|-immune|p2a: Tire|[msg]
|
|turn|2
|
|switch|p1a: Let it Rip!|Slowbro, M|394\/394
|move|p2a: Tire|Stealth Rock|p1a: Let it Rip!
|-sidestart|p1: kurtsucks|move: Stealth Rock
|
|turn|3
|chat|kurtsucks|like why mold breaker
|chat|kurtsucks|it literally doesnt get any use out of it
|chat|kurtsucks|cept volt absorb
|chat|MaryLa|yeea..
|chat|kurtsucks|why not give it mega mold breaker
|chat|kurtsucks|so i can hit ground types
|
|switch|p2a: Batman|Noivern, M|311\/311
|-item|p1a: Let it Rip!|Leftovers|[from] ability: Frisk|[of] p2a: Batman|[identify]
|move|p1a: Let it Rip!|Scald|p2a: Batman
|-crit|p2a: Batman
|-resisted|p2a: Batman
|-damage|p2a: Batman|221\/311
|
|turn|4
|
|move|p2a: Batman|Draco Meteor|p1a: Let it Rip!
|-damage|p1a: Let it Rip!|61\/394
|-unboost|p2a: Batman|spa|2
|move|p1a: Let it Rip!|Ice Beam|p2a: Batman
|-supereffective|p2a: Batman
|-damage|p2a: Batman|0 fnt
|faint|p2a: Batman
|
|-heal|p1a: Let it Rip!|85\/394|[from] item: Leftovers
|
|switch|p2a: NightmareMoon|Absol, F|271\/271
|turn|5
|
|switch|p1a: Ampharos|Ampharos-Mega, F|354\/354
|-damage|p1a: Ampharos|310\/354|[from] Stealth Rock
|-ability|p1a: Ampharos|Mold Breaker
|detailschange|p2a: NightmareMoon|Absol-Mega, F
|message|Absol has Mega Evolved into Mega Absol!
|move|p2a: NightmareMoon|Knock Off|p1a: Ampharos
|-damage|p1a: Ampharos|187\/354
|
|turn|6
|
|switch|p2a: GoodWall|Blissey, F|714\/714
|move|p1a: Ampharos|Dragon Pulse|p2a: GoodWall
|-damage|p2a: GoodWall|596\/714
|
|-heal|p2a: GoodWall|640\/714|[from] item: Leftovers
|turn|7
|
|move|p1a: Ampharos|Volt Switch|p2a: GoodWall
|-damage|p2a: GoodWall|543\/714
|
|switch|p1a: Dunked|Heracross, M|333\/333
|-damage|p1a: Dunked|292\/333|[from] Stealth Rock
|move|p2a: GoodWall|Wish|p2a: GoodWall
|
|-heal|p2a: GoodWall|587\/714|[from] item: Leftovers
|turn|8
|
|switch|p2a: Paul|Slowbro, M|394\/394
|move|p1a: Dunked|Megahorn|p2a: Paul
|-supereffective|p2a: Paul
|-damage|p2a: Paul|0 fnt
|faint|p2a: Paul
|
|
|switch|p2a: Tire|Donphan, M|384\/384
|turn|9
|
|move|p1a: Dunked|Megahorn|p2a: Tire
|-damage|p2a: Tire|182\/384
|move|p2a: Tire|Knock Off|p1a: Dunked
|-resisted|p1a: Dunked
|-damage|p1a: Dunked|232\/333
|-enditem|p1a: Dunked|Choice Band|[from] move: Knock Off|[of] p2a: Tire
|
|-heal|p2a: Tire|206\/384|[from] item: Leftovers
|turn|10
|
|move|p1a: Dunked|Knock Off|p2a: Tire
|-damage|p2a: Tire|133\/384
|-enditem|p2a: Tire|Leftovers|[from] move: Knock Off|[of] p1a: Dunked
|move|p2a: Tire|Earthquake|p1a: Dunked
|-resisted|p1a: Dunked
|-damage|p1a: Dunked|141\/333
|
|turn|11
|
|move|p1a: Dunked|Megahorn|p2a: Tire
|-damage|p2a: Tire|0 fnt
|faint|p2a: Tire
|
|
|switch|p2a: NightmareMoon|Absol-Mega, F|271\/271
|turn|12
|
|move|p2a: NightmareMoon|Zen Headbutt|p1a: Dunked
|-supereffective|p1a: Dunked
|-damage|p1a: Dunked|0 fnt
|faint|p1a: Dunked
|
|
|switch|p1a: Ampharos|Ampharos-Mega, F|187\/354
|-damage|p1a: Ampharos|143\/354|[from] Stealth Rock
|-ability|p1a: Ampharos|Mold Breaker
|turn|13
|
|move|p2a: NightmareMoon|Sucker Punch|p1a: Ampharos
|-damage|p1a: Ampharos|0 fnt
|faint|p1a: Ampharos
|
|
|switch|p1a: Self Fellatio|Hydreigon, F|325\/325
|-damage|p1a: Self Fellatio|285\/325|[from] Stealth Rock
|turn|14
|
|switch|p2a: GoodWall|Blissey, F|587\/714
|move|p1a: Self Fellatio|Superpower|p2a: GoodWall
|-supereffective|p2a: GoodWall
|-damage|p2a: GoodWall|0 fnt
|-unboost|p1a: Self Fellatio|atk|1
|-unboost|p1a: Self Fellatio|def|1
|-damage|p1a: Self Fellatio|253\/325|[from] item: Life Orb
|faint|p2a: GoodWall
|
|
|switch|p2a: NightmareMoon|Absol-Mega, F|271\/271
|turn|15
|
|move|p2a: NightmareMoon|Superpower|p1a: Self Fellatio
|-supereffective|p1a: Self Fellatio
|-damage|p1a: Self Fellatio|0 fnt
|-unboost|p2a: NightmareMoon|atk|1
|-unboost|p2a: NightmareMoon|def|1
|faint|p1a: Self Fellatio
|
|
|switch|p1a: Full Metal Vest|Metagross|364\/364
|-damage|p1a: Full Metal Vest|342\/364|[from] Stealth Rock
|turn|16
|
|switch|p2a: Peace!|Victini|341\/341
|move|p1a: Full Metal Vest|Earthquake|p2a: Peace!
|-supereffective|p2a: Peace!
|-damage|p2a: Peace!|59\/341
|
|turn|17
|
|move|p1a: Full Metal Vest|Bullet Punch|p2a: Peace!
|-resisted|p2a: Peace!
|-damage|p2a: Peace!|21\/341
|move|p2a: Peace!|V-create|p1a: Full Metal Vest
|-crit|p1a: Full Metal Vest
|-supereffective|p1a: Full Metal Vest
|-damage|p1a: Full Metal Vest|0 fnt
|-unboost|p2a: Peace!|def|1
|-unboost|p2a: Peace!|spd|1
|-unboost|p2a: Peace!|spe|1
|faint|p1a: Full Metal Vest
|
|
|switch|p1a: Let it Rip!|Slowbro, M|216\/394
|-damage|p1a: Let it Rip!|167\/394|[from] Stealth Rock
|turn|18
|
|move|p2a: Peace!|V-create|p1a: Let it Rip!
|-resisted|p1a: Let it Rip!
|-damage|p1a: Let it Rip!|23\/394
|-unboost|p2a: Peace!|def|1
|-unboost|p2a: Peace!|spd|1
|-unboost|p2a: Peace!|spe|1
|move|p1a: Let it Rip!|Scald|p2a: Peace!
|-supereffective|p2a: Peace!
|-damage|p2a: Peace!|0 fnt
|faint|p2a: Peace!
|
|-heal|p1a: Let it Rip!|47\/394|[from] item: Leftovers
|
|switch|p2a: NightmareMoon|Absol-Mega, F|271\/271
|turn|19
|
|move|p2a: NightmareMoon|Knock Off|p1a: Let it Rip!
|-supereffective|p1a: Let it Rip!
|-damage|p1a: Let it Rip!|0 fnt
|-enditem|p1a: Let it Rip!|Leftovers|[from] move: Knock Off|[of] p2a: NightmareMoon
|faint|p1a: Let it Rip!
|
|
|switch|p1a: Blob|Blissey, F|714\/714
|-damage|p1a: Blob|625\/714|[from] Stealth Rock
|turn|20
|
|move|p2a: NightmareMoon|Knock Off|p1a: Blob
|-damage|p1a: Blob|0 fnt
|-enditem|p1a: Blob|Leftovers|[from] move: Knock Off|[of] p2a: NightmareMoon
|faint|p1a: Blob
|
|win|MaryLa
|raw|Ladder updating...
|raw|kurtsucks's rating: 1447 &rarr; <strong>1429<\/strong><br \/>(-18 for losing)
|raw|MaryLa's rating: 1466 &rarr; <strong>1485<\/strong><br \/>(+19 for winning)
|chat|kurtsucks|gg