|join|MaryLa
|join|Shit User
|player|p1|MaryLa|289
|player|p2|Shit User|181
|gametype|singles
|gen|6
|tier|UU
|rated
|rule|Sleep Clause Mod: Limit one foe put to sleep
|rule|Species Clause: Limit one of each Pokemon
|rule|OHKO Clause: OHKO moves are banned
|rule|Moody Clause: Moody is banned
|rule|Swagger Clause: Swagger is banned
|rule|Evasion Moves Clause: Evasion moves are banned
|rule|Endless Battle Clause: Forcing endless battles is banned
|rule|HP Percentage Mod: HP is reported as percentages
|clearpoke
|poke|p1|Whimsicott, F
|poke|p1|Donphan, M
|poke|p1|Gourgeist-*, F, shiny
|poke|p1|Blissey, F
|poke|p1|Absol, F, shiny
|poke|p1|Rotom-Heat
|poke|p2|Fletchinder, M
|poke|p2|Raikou
|poke|p2|Blastoise, F
|poke|p2|Rhyperior, M
|poke|p2|Florges, F
|poke|p2|Krookodile, M
|rule|Baton Pass Clause: Limit 3 pokemon knowing Baton Pass
|teampreview
|chat|MaryLa|fletchling..?
|join|Toenail Testing
|join|BasedAaron
|chat|MaryLa|no wait, fletchinder.
|chat|Toenail Testing|talonflame
|chat|MaryLa|xD
|chat|BasedAaron|>underestimating the bird
|
|start
|switch|p1a: Free Hugs!|Rotom-Heat|304\/304
|switch|p2a: Rhyperior|Rhyperior, M|434\/434
|turn|1
|
|move|p1a: Free Hugs!|Will-O-Wisp|p2a: Rhyperior|[miss]
|-miss|p1a: Free Hugs!|p2a: Rhyperior
|move|p2a: Rhyperior|Stealth Rock|p1a: Free Hugs!
|-sidestart|p1: MaryLa|move: Stealth Rock
|
|turn|2
|chat|Toenail Testing|willomis
|
|switch|p1a: Tire|Donphan, M|384\/384
|-damage|p1a: Tire|360\/384|[from] Stealth Rock
|move|p2a: Rhyperior|Rock Blast|p1a: Tire
|-resisted|p1a: Tire
|-damage|p1a: Tire|348\/384
|-resisted|p1a: Tire
|-damage|p1a: Tire|336\/384
|-resisted|p1a: Tire
|-damage|p1a: Tire|324\/384
|-hitcount|p1a: Tire|3
|
|-heal|p1a: Tire|348\/384|[from] item: Leftovers
|turn|3
|
|switch|p2a: Blastoise|Blastoise, F|361\/361
|move|p1a: Tire|Rapid Spin|p2a: Blastoise
|-damage|p2a: Blastoise|344\/361
|-sideend|p1: MaryLa|Stealth Rock|[from] move: Rapid Spin|[of] p1a: Tire
|
|-heal|p1a: Tire|372\/384|[from] item: Leftovers
|turn|4
|chat|BasedAaron|inb4 seed bomb
|chat|Shit User|lmoa
|
|switch|p1a: .#GoodWall|Blissey, F|672\/672
|detailschange|p2a: Blastoise|Blastoise-Mega, F
|message|Blastoise has Mega Evolved into Mega Blastoise!
|move|p2a: Blastoise|Scald|p1a: .#GoodWall
|-damage|p1a: .#GoodWall|546\/672
|
|-heal|p1a: .#GoodWall|588\/672|[from] item: Leftovers
|turn|5
|
|switch|p2a: Rhyperior|Rhyperior, M|434\/434
|move|p1a: .#GoodWall|Wish|p1a: .#GoodWall
|
|-heal|p1a: .#GoodWall|630\/672|[from] item: Leftovers
|turn|6
|chat|BasedAaron|why dont more donphan use seed bomb?
|chat|Shit User|cos
|
|switch|p1a: Tire|Donphan, M|372\/384
|move|p2a: Rhyperior|Toxic|p1a: Tire
|-status|p1a: Tire|tox
|
|-heal|p1a: Tire|384\/384 tox|[from] move: Wish|[wisher] .#GoodWall
|-damage|p1a: Tire|360\/384 tox|[from] psn
|turn|7
|chat|Shit User|not real
|chat|Toenail Testing|uu
|chat|Toenail Testing|put some good nicknames on them
|
|switch|p2a: Fletchinder|Fletchinder, M|291\/291
|move|p1a: Tire|Earthquake|p2a: Fletchinder
|-immune|p2a: Fletchinder|[msg]
|
|-heal|p1a: Tire|384\/384 tox|[from] item: Leftovers
|-damage|p1a: Tire|336\/384 tox|[from] psn
|turn|8
|chat|Toenail Testing|and send me the team
|
|switch|p2a: Rhyperior|Rhyperior, M|434\/434
|move|p1a: Tire|Knock Off|p2a: Rhyperior
|-crit|p2a: Rhyperior
|-damage|p2a: Rhyperior|336\/434
|-enditem|p2a: Rhyperior|Leftovers|[from] move: Knock Off|[of] p1a: Tire
|
|-heal|p1a: Tire|360\/384 tox|[from] item: Leftovers
|-damage|p1a: Tire|288\/384 tox|[from] psn
|turn|9
|chat|Shit User|o
|chat|Shit User|ok
|
|switch|p1a: Blair|Gourgeist-Super, F, shiny|374\/374
|switch|p2a: Fletchinder|Fletchinder, M|291\/291
|
|turn|10
|chat|Toenail Testing|wait nvm
|chat|BasedAaron|252+ Atk Donphan Seed Bomb vs. 252 HP \/ 0 Def Mega Blastoise: 156-184 (43 - 50.8%) -- 3.9% chance to 2HKO
|
|move|p2a: Fletchinder|Acrobatics|p1a: Blair
|-supereffective|p1a: Blair
|-damage|p1a: Blair|200\/374
|move|p1a: Blair|Leech Seed|p2a: Fletchinder
|-start|p2a: Fletchinder|move: Leech Seed
|
|-heal|p1a: Blair|223\/374|[from] item: Leftovers
|-damage|p2a: Fletchinder|255\/291|[from] Leech Seed|[of] p1a: Blair
|-heal|p1a: Blair|259\/374|[silent]
|turn|11
|chat|BasedAaron|i guess thats why
|chat|Toenail Testing|shadow sneak probably ohko's tbh
|chat|BasedAaron|no point
|
|move|p1a: Blair|Protect|p1a: Blair
|-singleturn|p1a: Blair|Protect
|move|p2a: Fletchinder|Swords Dance|p2a: Fletchinder
|-boost|p2a: Fletchinder|atk|2
|
|-heal|p1a: Blair|282\/374|[from] item: Leftovers
|-damage|p2a: Fletchinder|219\/291|[from] Leech Seed|[of] p1a: Blair
|-heal|p1a: Blair|318\/374|[silent]
|turn|12
|chat|Shit User|i really dont get this guy
|
|switch|p1a: Free Hugs!|Rotom-Heat|304\/304
|move|p2a: Fletchinder|Acrobatics|p1a: Free Hugs!
|-crit|p1a: Free Hugs!
|-resisted|p1a: Free Hugs!
|-damage|p1a: Free Hugs!|111\/304
|
|-damage|p2a: Fletchinder|183\/291|[from] Leech Seed|[of] p1a: Free Hugs!
|-heal|p1a: Free Hugs!|147\/304|[silent]
|turn|13
|chat|Shit User|he he a counter
|chat|Shit User|only goes into it now
|
|switch|p2a: Rhyperior|Rhyperior, M|336\/434
|move|p1a: Free Hugs!|Trick|p2a: Rhyperior
|-activate|p1a: Free Hugs!|move: Trick|[of] p2a: Rhyperior
|-item|p2a: Rhyperior|Choice Specs|[from] move: Trick
|
|turn|14
|chat|BasedAaron|awww 
|chat|Toenail Testing|nice specs
|chat|BasedAaron|i wish it was scarf
|chat|Shit User|its new meta
|chat|Shit User|trust me
|
|move|p1a: Free Hugs!|Will-O-Wisp|p2a: Rhyperior
|-status|p2a: Rhyperior|brn
|move|p2a: Rhyperior|Stealth Rock|p1a: Free Hugs!
|-sidestart|p1: MaryLa|move: Stealth Rock
|
|-damage|p2a: Rhyperior|282\/434 brn|[from] brn
|turn|15
|chat|BasedAaron|scarf rhyperior goes to town
|
|switch|p1a: Tire|Donphan, M|288\/384 tox
|-damage|p1a: Tire|264\/384 tox|[from] Stealth Rock
|switch|p2a: Florges|Florges, F|360\/360
|
|-heal|p1a: Tire|288\/384 tox|[from] item: Leftovers
|-damage|p1a: Tire|264\/384 tox|[from] psn
|turn|16
|
|move|p2a: Florges|Protect|p2a: Florges
|-singleturn|p2a: Florges|Protect
|move|p1a: Tire|Rapid Spin|p2a: Florges
|-activate|p2a: Florges|Protect
|
|-heal|p1a: Tire|288\/384 tox|[from] item: Leftovers
|-damage|p1a: Tire|240\/384 tox|[from] psn
|turn|17
|
|switch|p1a: .#GoodWall|Blissey, F|630\/672
|-damage|p1a: .#GoodWall|546\/672|[from] Stealth Rock
|move|p2a: Florges|Moonblast|p1a: .#GoodWall
|-damage|p1a: .#GoodWall|461\/672
|-unboost|p1a: .#GoodWall|spa|1
|
|-heal|p1a: .#GoodWall|503\/672|[from] item: Leftovers
|turn|18
|
|switch|p2a: Fletchinder|Fletchinder, M|183\/291
|move|p1a: .#GoodWall|Heal Bell|p1a: .#GoodWall
|-cureteam|p1a: .#GoodWall|[from] move: HealBell
|
|-heal|p1a: .#GoodWall|545\/672|[from] item: Leftovers
|turn|19
|
|switch|p1a: Tire|Donphan, M|240\/384
|-damage|p1a: Tire|216\/384|[from] Stealth Rock
|move|p2a: Fletchinder|Swords Dance|p2a: Fletchinder
|-boost|p2a: Fletchinder|atk|2
|
|-heal|p1a: Tire|240\/384|[from] item: Leftovers
|turn|20
|
|move|p2a: Fletchinder|Swords Dance|p2a: Fletchinder
|-boost|p2a: Fletchinder|atk|2
|move|p1a: Tire|Rapid Spin|p2a: Fletchinder
|-damage|p2a: Fletchinder|155\/291
|-sideend|p1: MaryLa|Stealth Rock|[from] move: Rapid Spin|[of] p1a: Tire
|
|-heal|p1a: Tire|264\/384|[from] item: Leftovers
|turn|21
|chat|Toenail Testing|does it ohko
|chat|Toenail Testing|o he's real
|
|move|p2a: Fletchinder|Roost|p2a: Fletchinder
|-heal|p2a: Fletchinder|291\/291
|move|p1a: Tire|Stealth Rock|p2a: Fletchinder
|-sidestart|p2: Shit User|move: Stealth Rock
|
|-heal|p1a: Tire|288\/384|[from] item: Leftovers
|turn|22
|
|move|p2a: Fletchinder|Swords Dance|p2a: Fletchinder
|-boost|p2a: Fletchinder|atk|2
|move|p1a: Tire|Knock Off|p2a: Fletchinder
|-damage|p2a: Fletchinder|193\/291
|
|-heal|p1a: Tire|312\/384|[from] item: Leftovers
|turn|23
|
|move|p2a: Fletchinder|Will-O-Wisp|p1a: Tire|[miss]
|-miss|p2a: Fletchinder|p1a: Tire
|move|p1a: Tire|Knock Off|p2a: Fletchinder
|-damage|p2a: Fletchinder|88\/291
|
|-heal|p1a: Tire|336\/384|[from] item: Leftovers
|turn|24
|
|move|p2a: Fletchinder|Roost|p2a: Fletchinder
|-heal|p2a: Fletchinder|234\/291
|move|p1a: Tire|Knock Off|p2a: Fletchinder
|-damage|p2a: Fletchinder|144\/291
|
|-heal|p1a: Tire|360\/384|[from] item: Leftovers
|turn|25
|
|move|p2a: Fletchinder|Will-O-Wisp|p1a: Tire
|-status|p1a: Tire|brn
|move|p1a: Tire|Knock Off|p2a: Fletchinder
|-damage|p2a: Fletchinder|99\/291
|
|-heal|p1a: Tire|384\/384 brn|[from] item: Leftovers
|-damage|p1a: Tire|336\/384 brn|[from] brn
|turn|26
|chat|BasedAaron|>not eqing
|
|switch|p1a: Celestia|Absol, F, shiny|271\/271
|move|p2a: Fletchinder|Acrobatics|p1a: Celestia
|-damage|p1a: Celestia|0 fnt
|faint|p1a: Celestia
|
|chat|Shit User|lmao
|chat|BasedAaron|>still didnt eq
|chat|Toenail Testing|lost the only check
|chat|MaryLa|I literally have no words.
|chat|Toenail Testing|>dissed fletch at the beginning
|chat|MaryLa|why didn't he roost?! ._.
|chat|Shit User|because
|chat|Shit User|eq
|chat|Shit User|you tard
|chat|BasedAaron|why didnt you eq?
|chat|Shit User|youre 83-65, pls
|chat|MaryLa|that's a good question..
|chat|Shit User|so dont try and turn on me tbh
|chat|MaryLa|and what does 83-65 mean? xD
|chat|MaryLa|and tbh...?
|chat|Shit User|not particularly good
|
|switch|p1a: Free Hugs!|Rotom-Heat|147\/304
|turn|27
|
|move|p2a: Fletchinder|Acrobatics|p1a: Free Hugs!
|-crit|p1a: Free Hugs!
|-resisted|p1a: Free Hugs!
|-damage|p1a: Free Hugs!|0 fnt
|faint|p1a: Free Hugs!
|
|chat|Toenail Testing|you got 22-1 and quit?
|chat|Toenail Testing|lmfao
|chat|Shit User|yeah lol
|chat|Shit User|had to restart
|
|switch|p1a: Tire|Donphan, M|336\/384 brn
|turn|28
|
|move|p2a: Fletchinder|Acrobatics|p1a: Tire
|-damage|p1a: Tire|0 fnt
|faint|p1a: Tire
|
|
|switch|p1a: Navi|Whimsicott, F|261\/261
|turn|29
|
|move|p2a: Fletchinder|Acrobatics|p1a: Navi
|-supereffective|p1a: Navi
|-damage|p1a: Navi|0 fnt
|faint|p1a: Navi
|
|
|switch|p1a: Blair|Gourgeist-Super, F, shiny|318\/374
|turn|30
|chat|Shit User|get absolutely fletchindered on
|
|move|p2a: Fletchinder|Acrobatics|p1a: Blair
|-supereffective|p1a: Blair
|-damage|p1a: Blair|0 fnt
|faint|p1a: Blair
|
|chat|MaryLa|I want a rematch... ;_;
|
|switch|p1a: .#GoodWall|Blissey, F|545\/672
|turn|31
|chat|Toenail Testing|fuck
|chat|Toenail Testing|i have to cook rice
|
|move|p2a: Fletchinder|Acrobatics|p1a: .#GoodWall
|-crit|p1a: .#GoodWall
|-damage|p1a: .#GoodWall|0 fnt
|faint|p1a: .#GoodWall
|
|win|Shit User
|raw|Ladder updating...
|raw|MaryLa's rating: 1435 &rarr; <strong>1419<\/strong><br \/>(-16 for losing)
|raw|Shit User's rating: 1507 &rarr; <strong>1523<\/strong><br \/>(+16 for winning)
|leave|Toenail Testing
|chat|Shit User|fletchindered on tbh
|chat|Shit User|gg
|chat|BasedAaron|get fletched
|leave|Shit User
|player|p2
|leave|MaryLa
|player|p1
|join|Shit User