|join|MaryLa
|join|Zen322
|player|p1|MaryLa|289
|player|p2|Zen322|266
|gametype|singles
|gen|6
|tier|UU
|rated
|rule|Sleep Clause Mod: Limit one foe put to sleep
|rule|Species Clause: Limit one of each PokÃ©mon
|rule|OHKO Clause: OHKO moves are banned
|rule|Moody Clause: Moody is banned
|rule|Evasion Moves Clause: Evasion moves are banned
|rule|Endless Battle Clause: Forcing endless battles is banned
|rule|HP Percentage Mod: HP is shown in percentages
|clearpoke
|poke|p1|Absol, F
|poke|p1|Roserade, F, shiny
|poke|p1|Empoleon, M
|poke|p1|Rotom-Heat
|poke|p1|Florges, F, shiny
|poke|p1|Mienshao, F, shiny
|poke|p2|Darmanitan, M
|poke|p2|Swampert, F
|poke|p2|Vaporeon, F
|poke|p2|Raikou
|poke|p2|Bronzong
|poke|p2|Machamp, M
|rule|Swagger Clause: Swagger is banned
|rule|Baton Pass Clause: Limit one PokÃ©mon knowing Baton Pass
|teampreview
|c|âZen322|how small is your penis you fucking poser
|
|start
|switch|p1a: Free Hugs|Rotom-Heat|304\/304
|switch|p2a: Closet|Raikou|322\/322
|-ability|p2a: Closet|Pressure
|turn|1
|
|move|p2a: Closet|Volt Switch|p1a: Free Hugs
|-resisted|p1a: Free Hugs
|-damage|p1a: Free Hugs|226\/304
|
|switch|p2a: Douche|Machamp, M|384\/384
|move|p1a: Free Hugs|Will-O-Wisp|p2a: Douche
|-status|p2a: Douche|brn
|
|-damage|p2a: Douche|336\/384 brn|[from] brn
|turn|2
|c|âZen322|good thing i got guts poopyhead
|c|âZen322|fucking dumbass
|
|move|p1a: Free Hugs|Volt Switch|p2a: Douche
|-damage|p2a: Douche|245\/384 brn
|c|âMaryLa|woah calm down there.
|c|âZen322|im literally going to rape your team now
|
|switch|p1a: OpraWinfairy|Florges, F, shiny|360\/360
|move|p2a: Douche|Dynamic Punch|p1a: OpraWinfairy
|-resisted|p1a: OpraWinfairy
|-damage|p1a: OpraWinfairy|285\/360
|-start|p1a: OpraWinfairy|confusion
|
|-heal|p1a: OpraWinfairy|307\/360|[from] item: Leftovers
|-damage|p2a: Douche|197\/384 brn|[from] brn
|turn|3
|c|âZen322|fucking guts choice band shit right here
|c|âZen322|your going to fucking cry all day till you die a horrible death
|
|switch|p2a: bullied|Darmanitan, M|355\/355
|-activate|p1a: OpraWinfairy|confusion
|-damage|p1a: OpraWinfairy|290\/360|[from] confusion
|
|-heal|p1a: OpraWinfairy|312\/360|[from] item: Leftovers
|turn|4
|c|âZen322|cunt you deserved that
|c|âZen322|fuck you
|
|switch|p1a: Free Hugs|Rotom-Heat|226\/304
|move|p2a: bullied|Flare Blitz|p1a: Free Hugs
|-resisted|p1a: Free Hugs
|-damage|p1a: Free Hugs|112\/304
|-damage|p2a: bullied|317\/355|[from] recoil|[of] p1a: Free Hugs
|
|turn|5
|
|move|p2a: bullied|Flare Blitz|p1a: Free Hugs
|-resisted|p1a: Free Hugs
|-damage|p1a: Free Hugs|0 fnt
|-damage|p2a: bullied|280\/355|[from] recoil|[of] p1a: Free Hugs
|faint|p1a: Free Hugs
|
|c|âZen322|doesnt matter i still kill poopyhead
|c|âZen322|poopyhead=f-a-g-g-o-t its censored btw
|c|âZen322|fucking cunt
|c|âMaryLa|I can't take anyone serious who uses the word "poopyhead"
|
|switch|p1a: Kikyo|Mienshao, F, shiny|271\/271
|turn|6
|
|switch|p2a: Douche|Machamp, M|197\/384 brn
|move|p1a: Kikyo|High Jump Kick|p2a: Douche
|-damage|p2a: Douche|0 fnt
|faint|p2a: Douche
|
|
|switch|p2a: Cursed|Bronzong|338\/338
|turn|7
|
|switch|p1a: NightmareMoon|Absol, F|271\/271
|move|p2a: Cursed|Protect|p2a: Cursed
|-fail|p2a: Cursed
|
|turn|8
|c|âZen322|FUCK
|c|âZen322|i FUCKING HATE THAT THING
|c|âZen322|ITS SO FUCKING OP
|c|âZen322|WHY THE FUCK IS IT IN UU
|c|âZen322|WHAT THE FUCK
|
|detailschange|p1a: NightmareMoon|Absol-Mega, F
|-mega|p1a: NightmareMoon|Absol|Absolite
|move|p1a: NightmareMoon|Swords Dance|p1a: NightmareMoon
|-boost|p1a: NightmareMoon|atk|2
|move|p2a: Cursed|Gyro Ball|p1a: NightmareMoon
|-damage|p1a: NightmareMoon|81\/271
|
|turn|9
|c|âMaryLa|cuz it's frail as fuck
|c|âZen322|IT DOESNT MATTER IT HAS FUCKING REGEN
|
|move|p1a: NightmareMoon|Knock Off|p2a: Cursed
|-supereffective|p2a: Cursed
|-damage|p2a: Cursed|0 fnt
|-enditem|p2a: Cursed|Leftovers|[from] move: Knock Off|[of] p1a: NightmareMoon
|faint|p2a: Cursed
|
|c|âZen322|ARE YOU FUCKING ME ITS SO OP
|
|switch|p2a: Make love to me|Vaporeon, F|464\/464
|turn|10
|join|IheartMagikarp
|c|âZen322|fuck off magikarp
|c|âZen322|fucking cunt
|
|switch|p1a: Masquerade|Roserade, F, shiny|324\/324
|move|p2a: Make love to me|Roar|p1a: Masquerade
|drag|p1a: NightmareMoon|Absol-Mega, F|81\/271
|
|turn|11
|c|âMaryLa|bruh.
|
|switch|p1a: Masquerade|Roserade, F, shiny|324\/324
|move|p2a: Make love to me|Ice Beam|p1a: Masquerade
|-supereffective|p1a: Masquerade
|-damage|p1a: Masquerade|222\/324
|
|-heal|p1a: Masquerade|242\/324|[from] item: Black Sludge
|turn|12
|c| IheartMagikarp|MaryLa, what is he saying is OP?
|
|switch|p2a: bullied|Darmanitan, M|280\/355
|move|p1a: Masquerade|Giga Drain|p2a: bullied
|-resisted|p2a: bullied
|-damage|p2a: bullied|199\/355
|-heal|p1a: Masquerade|283\/324|[from] drain|[of] p2a: bullied
|
|-heal|p1a: Masquerade|303\/324|[from] item: Black Sludge
|turn|13
|c|âMaryLa|mienshao or mega absol I'm unsure
|c| IheartMagikarp|LMAO
|c|âZen322|mienshao
|c| IheartMagikarp|either one is hilarious
|c|âMaryLa|yea.
|c| IheartMagikarp|Most Mienshao's don't even run Regenerator
|c| IheartMagikarp|and it's far from OP
|c|âMaryLa|yup
|c|âZen322|yeah right thats fucking bull
|c| IheartMagikarp|you just don't run anything that can take a hit from it
|
|switch|p1a: KingDeDeDe|Empoleon, M|372\/372
|move|p2a: bullied|Flare Blitz|p1a: KingDeDeDe
|-damage|p1a: KingDeDeDe|42\/372
|-damage|p2a: bullied|90\/355|[from] recoil|[of] p1a: KingDeDeDe
|
|-heal|p1a: KingDeDeDe|65\/372|[from] item: Leftovers
|turn|14
|c|âZen322|venomoth is fucking BL but mienshao is op? ok
|c| IheartMagikarp|try Florges or Aromatisse or Crobat
|
|switch|p2a: Make love to me|Vaporeon, F|464\/464
|move|p1a: KingDeDeDe|Stealth Rock|p2a: Make love to me
|-sidestart|p2: Zen322|move: Stealth Rock
|
|-heal|p1a: KingDeDeDe|88\/372|[from] item: Leftovers
|turn|15
|c|âMaryLa|what,
|c| IheartMagikarp|Venomoth was OP when Baton Pass was relevant
|c|âMaryLa|why.
|c| IheartMagikarp|it's still pretty op
|c|âMaryLa|why didn't you f*ckin kill it.
|c|âZen322|aqua jet cunt
|c| IheartMagikarp|Sleep Powder\/Quiver\/Baton Pass
|c|âMaryLa|yeah but not that much in ou
|c| IheartMagikarp|is annoying
|c|âMaryLa|nobody runs aqua jet XD
|c| IheartMagikarp|Aqua Jet Empoleon
|c| IheartMagikarp|lmao
|
|move|p2a: Make love to me|Scald|p1a: KingDeDeDe
|-resisted|p1a: KingDeDeDe
|-damage|p1a: KingDeDeDe|51\/372
|move|p1a: KingDeDeDe|Roar|p2a: Make love to me
|drag|p2a: Closet|Raikou|322\/322
|-damage|p2a: Closet|282\/322|[from] Stealth Rock
|-ability|p2a: Closet|Pressure
|
|-heal|p1a: KingDeDeDe|74\/372|[from] item: Leftovers
|turn|16
|c| IheartMagikarp|I've never seen that, except on SD sets
|c|âZen322|nobody runs empoleon
|c|âZen322|so i never know
|c| IheartMagikarp|A lot of people run Empoleon
|
|switch|p1a: Masquerade|Roserade, F, shiny|303\/324
|move|p2a: Closet|Volt Switch|p1a: Masquerade
|-resisted|p1a: Masquerade
|-damage|p1a: Masquerade|248\/324
|c| IheartMagikarp|you're just low ladder
|c|âMaryLa|yup.
|c| IheartMagikarp|so no one runs Empoleon
|
|switch|p2a: bullied|Darmanitan, M|90\/355
|-damage|p2a: bullied|2\/355|[from] Stealth Rock
|
|-heal|p1a: Masquerade|268\/324|[from] item: Black Sludge
|turn|17
|c|âZen322|how am i low latter
|c| IheartMagikarp|just sack emp
|c| IheartMagikarp|tbh
|
|switch|p1a: KingDeDeDe|Empoleon, M|74\/372
|move|p2a: bullied|Flare Blitz|p1a: KingDeDeDe
|-damage|p1a: KingDeDeDe|0 fnt
|-damage|p2a: bullied|0 fnt|[from] recoil|[of] p1a: KingDeDeDe
|faint|p1a: KingDeDeDe
|faint|p2a: bullied
|
|c|âMaryLa|I wanted to, but..
|c| IheartMagikarp|meh
|c| IheartMagikarp|1442
|c| IheartMagikarp|it's mid-ladder
|
|switch|p1a: Kikyo|Mienshao, F, shiny|271\/271
|switch|p2a: Closet|Raikou|282\/322
|-damage|p2a: Closet|242\/322|[from] Stealth Rock
|-ability|p2a: Closet|Pressure
|turn|18
|c|âZen322|fucking choice scarf meinshao
|c|âZen322|so fucking op
|c| IheartMagikarp|Hippowdon beats it 1v1
|c| IheartMagikarp|try him
|
|move|p1a: Kikyo|High Jump Kick|p2a: Closet
|-damage|p2a: Closet|0 fnt
|faint|p2a: Closet
|
|c|âZen322|hippowdon on a rain dance team
|c|âZen322|are you fucking high
|c| IheartMagikarp|you have a Darmanitan
|
|switch|p2a: timmay|Swampert, F|383\/383
|-damage|p2a: timmay|360\/383|[from] Stealth Rock
|turn|19
|c| IheartMagikarp|are you fucking high
|c|âMaryLa|this is a raindance team?
|c|âMaryLa|are YOU high?
|c|âMaryLa|xD
|c|âZen322|well it has rain dance on swampert
|c|âZen322|it only last for 5 turns
|
|switch|p1a: Masquerade|Roserade, F, shiny|268\/324
|detailschange|p2a: timmay|Swampert-Mega, F
|-mega|p2a: timmay|Swampert|Swampertite
|move|p2a: timmay|Rain Dance|p2a: timmay
|-weather|RainDance
|
|-weather|RainDance|[upkeep]
|-heal|p1a: Masquerade|288\/324|[from] item: Black Sludge
|turn|20
|
|move|p2a: timmay|Ice Punch|p1a: Masquerade
|-supereffective|p1a: Masquerade
|-damage|p1a: Masquerade|0 fnt
|faint|p1a: Masquerade
|
|-weather|RainDance|[upkeep]
|c|âMaryLa|huh..
|c|âZen322|whos high now
|c|âZen322|i won
|c|âZen322|get rekt cunt
|c|âMaryLa|bruh.
|c| IheartMagikarp|I didn't know either
|c| IheartMagikarp|lmao
|
|switch|p1a: NightmareMoon|Absol-Mega, F|81\/271
|turn|21
|
|switch|p2a: Make love to me|Vaporeon, F|464\/464
|-damage|p2a: Make love to me|406\/464|[from] Stealth Rock
|move|p1a: NightmareMoon|Sucker Punch|p2a: Make love to me
|-fail|p2a: Make love to me
|
|-weather|RainDance|[upkeep]
|-heal|p2a: Make love to me|435\/464|[from] item: Leftovers
|turn|22
|c| IheartMagikarp|how'd you choke
|c| IheartMagikarp|lmao
|leave|IheartMagikarp
|c|âZen322|your butt buddy left
|c|âZen322|what you gonna do now
|
|switch|p1a: OpraWinfairy|Florges, F, shiny|312\/360
|move|p2a: Make love to me|Scald|p1a: OpraWinfairy
|-damage|p1a: OpraWinfairy|210\/360
|-status|p1a: OpraWinfairy|brn
|
|-weather|RainDance|[upkeep]
|-heal|p1a: OpraWinfairy|232\/360 brn|[from] item: Leftovers
|-heal|p2a: Make love to me|464\/464|[from] item: Leftovers
|-damage|p1a: OpraWinfairy|187\/360 brn|[from] brn
|turn|23
|c|âMaryLa|I don't even know that guy
|c|âZen322|oh
|c|âZen322|k then just between you and me i think he has a thing for me
|c|âZen322|im goin for it
|
|move|p1a: OpraWinfairy|Moonblast|p2a: Make love to me
|-crit|p2a: Make love to me
|-damage|p2a: Make love to me|256\/464
|move|p2a: Make love to me|Wish|p2a: Make love to me
|
|-weather|none
|-heal|p1a: OpraWinfairy|209\/360 brn|[from] item: Leftovers
|-heal|p2a: Make love to me|285\/464|[from] item: Leftovers
|-damage|p1a: OpraWinfairy|164\/360 brn|[from] brn
|turn|24
|c|âMaryLa|gr8 b8 m8 I r8 8\/8
|c|âZen322|what
|
|switch|p1a: Kikyo|Mienshao, F, shiny|271\/271
|switch|p2a: timmay|Swampert-Mega, F|360\/383
|-damage|p2a: timmay|337\/383|[from] Stealth Rock
|
|-heal|p2a: timmay|383\/383|[from] move: Wish|[wisher] Make love to me
|turn|25
|
|move|p1a: Kikyo|High Jump Kick|p2a: timmay|[miss]
|-miss|p1a: Kikyo|p2a: timmay
|-damage|p1a: Kikyo|136\/271|[from] highjumpkick
|move|p2a: timmay|Rain Dance|p2a: timmay
|-weather|RainDance
|
|-weather|RainDance|[upkeep]
|turn|26
|c|âZen322|rekt
|
|move|p1a: Kikyo|High Jump Kick|p2a: timmay
|-damage|p2a: timmay|151\/383
|move|p2a: timmay|Waterfall|p1a: Kikyo
|-damage|p1a: Kikyo|0 fnt
|faint|p1a: Kikyo
|
|-weather|RainDance|[upkeep]
|
|switch|p1a: NightmareMoon|Absol-Mega, F|81\/271
|turn|27
|
|move|p1a: NightmareMoon|Sucker Punch|p2a: timmay
|-damage|p2a: timmay|6\/383
|move|p2a: timmay|Waterfall|p1a: NightmareMoon
|-damage|p1a: NightmareMoon|0 fnt
|faint|p1a: NightmareMoon
|
|-weather|RainDance|[upkeep]
|c|âZen322|i gave you a chance too
|c|âMaryLa|wow.
|c|âZen322|so sad
|c|âZen322|:(
|c|âZen322|to bad you suck dick
|c|âMaryLa|you are a fucking lucker thats what you are.
|c|âMaryLa|but it's okay.
|
|switch|p1a: OpraWinfairy|Florges, F, shiny|164\/360 brn
|turn|28
|
|move|p2a: timmay|Waterfall|p1a: OpraWinfairy
|-damage|p1a: OpraWinfairy|0 fnt
|faint|p1a: OpraWinfairy
|
|win|Zen322
|raw|Ladder updating...