|join|MaryLa
|join|1flow1
|player|p1|MaryLa|289
|player|p2|1flow1|54
|gametype|singles
|gen|6
|tier|UU
|rated
|rule|Sleep Clause Mod: Limit one foe put to sleep
|rule|Species Clause: Limit one of each PokÃ©mon
|rule|OHKO Clause: OHKO moves are banned
|rule|Moody Clause: Moody is banned
|rule|Evasion Moves Clause: Evasion moves are banned
|rule|Endless Battle Clause: Forcing endless battles is banned
|rule|HP Percentage Mod: HP is reported as percentages
|clearpoke
|poke|p1|Whimsicott, F
|poke|p1|Donphan, M
|poke|p1|Slowbro, M
|poke|p1|Blissey, F
|poke|p1|Absol, F, shiny
|poke|p1|Rotom-Heat
|poke|p2|Azelf
|poke|p2|Xatu, M
|poke|p2|Umbreon, M, shiny
|poke|p2|Infernape, M
|poke|p2|Blastoise, M
|poke|p2|Roserade, F
|rule|Swagger Clause: Swagger is banned
|rule|Baton Pass Clause: Limit three PokÃ©mon knowing Baton Pass
|teampreview
|chat|1flow1|glhf
|
|start
|switch|p1a: Celestia|Absol, F, shiny|271\/271
|switch|p2a: Prophet|Xatu, M|333\/333
|turn|1
|
|detailschange|p1a: Celestia|Absol-Mega, F, shiny
|message|Absol has Mega Evolved into Mega Absol!
|move|p1a: Celestia|Sucker Punch|p2a: Prophet
|-supereffective|p2a: Prophet
|-damage|p2a: Prophet|0 fnt
|faint|p2a: Prophet
|
|
|switch|p2a: TrueBlue|Azelf|354\/354
|turn|2
|
|move|p1a: Celestia|Sucker Punch|p2a: TrueBlue
|-supereffective|p2a: TrueBlue
|-enditem|p2a: TrueBlue|Focus Sash
|-damage|p2a: TrueBlue|1\/354
|move|p2a: TrueBlue|Explosion|p1a: Celestia
|-damage|p1a: Celestia|0 fnt
|faint|p2a: TrueBlue
|faint|p1a: Celestia
|
|
|switch|p2a: Infernape|Infernape, M|293\/293
|switch|p1a: Tire|Donphan, M|384\/384
|turn|3
|join|Synchronation
|
|move|p2a: Infernape|U-turn|p1a: Tire
|-damage|p1a: Tire|339\/384
|
|switch|p2a: Stem|Roserade, F|324\/324
|move|p1a: Tire|Stealth Rock|p2a: Stem
|-sidestart|p2: 1flow1|move: Stealth Rock
|
|-heal|p1a: Tire|363\/384|[from] item: Leftovers
|turn|4
|
|switch|p1a: Free Hugs!|Rotom-Heat|304\/304
|move|p2a: Stem|Sleep Powder|p1a: Free Hugs!
|-status|p1a: Free Hugs!|slp
|
|turn|5
|
|switch|p1a: .#GoodWall|Blissey, F|672\/672
|move|p2a: Stem|Sludge Bomb|p1a: .#GoodWall
|-damage|p1a: .#GoodWall|552\/672
|
|-heal|p1a: .#GoodWall|594\/672|[from] item: Leftovers
|turn|6
|
|switch|p2a: Infernape|Infernape, M|293\/293
|-damage|p2a: Infernape|257\/293|[from] Stealth Rock
|move|p1a: .#GoodWall|Heal Bell|p1a: .#GoodWall
|-cureteam|p1a: .#GoodWall|[from] move: HealBell
|
|-heal|p1a: .#GoodWall|636\/672|[from] item: Leftovers
|turn|7
|
|switch|p1a: Tire|Donphan, M|363\/384
|move|p2a: Infernape|Close Combat|p1a: Tire
|-damage|p1a: Tire|242\/384
|-unboost|p2a: Infernape|def|1
|-unboost|p2a: Infernape|spd|1
|
|-heal|p1a: Tire|266\/384|[from] item: Leftovers
|turn|8
|
|switch|p2a: Leonardo|Blastoise, M|362\/362
|-damage|p2a: Leonardo|317\/362|[from] Stealth Rock
|move|p1a: Tire|Knock Off|p2a: Leonardo
|-damage|p2a: Leonardo|261\/362
|
|-heal|p1a: Tire|290\/384|[from] item: Leftovers
|turn|9
|
|switch|p1a: .#GoodWall|Blissey, F|636\/672
|detailschange|p2a: Leonardo|Blastoise-Mega, M
|message|Blastoise has Mega Evolved into Mega Blastoise!
|move|p2a: Leonardo|Ice Beam|p1a: .#GoodWall
|-damage|p1a: .#GoodWall|555\/672
|
|-heal|p1a: .#GoodWall|597\/672|[from] item: Leftovers
|turn|10
|
|move|p2a: Leonardo|Aura Sphere|p1a: .#GoodWall
|-supereffective|p1a: .#GoodWall
|-damage|p1a: .#GoodWall|383\/672
|move|p1a: .#GoodWall|Wish|p1a: .#GoodWall
|
|-heal|p1a: .#GoodWall|425\/672|[from] item: Leftovers
|turn|11
|
|move|p2a: Leonardo|Rapid Spin|p1a: .#GoodWall
|-crit|p1a: .#GoodWall
|-damage|p1a: .#GoodWall|367\/672
|-sideend|p2: 1flow1|Stealth Rock|[from] move: Rapid Spin|[of] p2a: Leonardo
|move|p1a: .#GoodWall|Toxic|p2a: Leonardo
|-status|p2a: Leonardo|tox
|
|-heal|p1a: .#GoodWall|672\/672|[from] move: Wish|[wisher] .#GoodWall
|-damage|p2a: Leonardo|239\/362 tox|[from] psn
|turn|12
|
|switch|p2a: Stem|Roserade, F|324\/324
|move|p1a: .#GoodWall|Wish|p1a: .#GoodWall
|
|turn|13
|
|switch|p1a: Free Hugs!|Rotom-Heat|304\/304
|move|p2a: Stem|Sleep Powder|p1a: Free Hugs!|[miss]
|-miss|p2a: Stem|p1a: Free Hugs!
|
|turn|14
|
|switch|p2a: Infernape|Infernape, M|257\/293
|switch|p1a: .#GoodWall|Blissey, F|672\/672
|
|turn|15
|
|switch|p1a: Tire|Donphan, M|290\/384
|move|p2a: Infernape|U-turn|p1a: Tire
|-damage|p1a: Tire|247\/384
|
|switch|p2a: Stem|Roserade, F|324\/324
|
|-heal|p1a: Tire|271\/384|[from] item: Leftovers
|turn|16
|
|switch|p1a: .#GoodWall|Blissey, F|672\/672
|move|p2a: Stem|Sleep Powder|p1a: .#GoodWall
|-status|p1a: .#GoodWall|slp
|
|turn|17
|
|switch|p1a: Free Hugs!|Rotom-Heat|304\/304
|move|p2a: Stem|Sludge Bomb|p1a: Free Hugs!
|-damage|p1a: Free Hugs!|136\/304
|
|turn|18
|
|switch|p1a: .#GoodWall|Blissey, F|672\/672
|move|p2a: Stem|Sludge Bomb|p1a: .#GoodWall
|-damage|p1a: .#GoodWall|551\/672
|
|-heal|p1a: .#GoodWall|593\/672|[from] item: Leftovers
|turn|19
|
|move|p2a: Stem|Sleep Powder|p1a: .#GoodWall|[miss]
|-miss|p2a: Stem|p1a: .#GoodWall
|move|p1a: .#GoodWall|Seismic Toss|p2a: Stem
|-damage|p2a: Stem|224\/324
|
|-heal|p2a: Stem|244\/324|[from] item: Black Sludge
|-heal|p1a: .#GoodWall|635\/672|[from] item: Leftovers
|turn|20
|
|switch|p1a: InternetExplorer|Slowbro, M|394\/394
|move|p2a: Stem|Sleep Powder|p1a: InternetExplorer
|-status|p1a: InternetExplorer|slp
|
|-heal|p2a: Stem|264\/324|[from] item: Black Sludge
|turn|21
|
|switch|p2a: Infernape|Infernape, M|257\/293
|switch|p1a: .#GoodWall|Blissey, F|635\/672
|
|-heal|p1a: .#GoodWall|672\/672|[from] item: Leftovers
|turn|22
|
|switch|p1a: Tire|Donphan, M|271\/384
|move|p2a: Infernape|U-turn|p1a: Tire
|-damage|p1a: Tire|224\/384
|
|switch|p2a: Stem|Roserade, F|264\/324
|
|-heal|p2a: Stem|284\/324|[from] item: Black Sludge
|-heal|p1a: Tire|248\/384|[from] item: Leftovers
|turn|23
|
|switch|p1a: .#GoodWall|Blissey, F|672\/672
|move|p2a: Stem|Sleep Powder|p1a: .#GoodWall
|-message|Sleep Clause Mod activated.
|-fail|p1a: .#GoodWall
|
|-heal|p2a: Stem|304\/324|[from] item: Black Sludge
|turn|24
|
|switch|p2a: Infernape|Infernape, M|257\/293
|move|p1a: .#GoodWall|Seismic Toss|p2a: Infernape
|-damage|p2a: Infernape|157\/293
|
|turn|25
|
|switch|p1a: Free Hugs!|Rotom-Heat|136\/304
|move|p2a: Infernape|Close Combat|p1a: Free Hugs!
|-damage|p1a: Free Hugs!|0 fnt
|-unboost|p2a: Infernape|def|1
|-unboost|p2a: Infernape|spd|1
|faint|p1a: Free Hugs!
|
|
|switch|p1a: Tire|Donphan, M|248\/384
|turn|26
|
|switch|p2a: Stem|Roserade, F|304\/324
|move|p1a: Tire|Stealth Rock|p2a: Stem
|-sidestart|p2: 1flow1|move: Stealth Rock
|
|-heal|p2a: Stem|324\/324|[from] item: Black Sludge
|-heal|p1a: Tire|272\/384|[from] item: Leftovers
|turn|27
|
|switch|p1a: .#GoodWall|Blissey, F|672\/672
|move|p2a: Stem|Energy Ball|p1a: .#GoodWall
|-damage|p1a: .#GoodWall|540\/672
|
|-heal|p1a: .#GoodWall|582\/672|[from] item: Leftovers
|turn|28
|
|switch|p2a: Leonardo|Blastoise-Mega, M|239\/362 tox
|-damage|p2a: Leonardo|194\/362 tox|[from] Stealth Rock
|move|p1a: .#GoodWall|Toxic|p2a: Leonardo
|-fail|p2a: Leonardo|tox
|
|-heal|p1a: .#GoodWall|624\/672|[from] item: Leftovers
|-damage|p2a: Leonardo|172\/362 tox|[from] psn
|turn|29
|
|move|p2a: Leonardo|Rapid Spin|p1a: .#GoodWall
|-damage|p1a: .#GoodWall|582\/672
|-sideend|p2: 1flow1|Stealth Rock|[from] move: Rapid Spin|[of] p2a: Leonardo
|move|p1a: .#GoodWall|Seismic Toss|p2a: Leonardo
|-damage|p2a: Leonardo|72\/362 tox
|
|-heal|p1a: .#GoodWall|624\/672|[from] item: Leftovers
|-damage|p2a: Leonardo|28\/362 tox|[from] psn
|turn|30
|
|switch|p2a: Infernape|Infernape, M|157\/293
|move|p1a: .#GoodWall|Wish|p1a: .#GoodWall
|
|-heal|p1a: .#GoodWall|666\/672|[from] item: Leftovers
|turn|31
|
|switch|p1a: Tire|Donphan, M|272\/384
|move|p2a: Infernape|Close Combat|p1a: Tire
|-damage|p1a: Tire|145\/384
|-unboost|p2a: Infernape|def|1
|-unboost|p2a: Infernape|spd|1
|
|-heal|p1a: Tire|384\/384|[from] move: Wish|[wisher] .#GoodWall
|turn|32
|
|switch|p2a: Solaire|Umbreon, M, shiny|394\/394
|move|p1a: Tire|Earthquake|p2a: Solaire
|-damage|p2a: Solaire|277\/394
|
|-heal|p2a: Solaire|301\/394|[from] item: Leftovers
|turn|33
|
|switch|p1a: InternetExplorer|Slowbro, M|394\/394 slp
|move|p2a: Solaire|Heal Bell|p2a: Solaire
|-cureteam|p2a: Solaire|[from] move: HealBell
|
|-heal|p2a: Solaire|325\/394|[from] item: Leftovers
|turn|34
|
|switch|p1a: Navi|Whimsicott, F|261\/261
|move|p2a: Solaire|Foul Play|p1a: Navi
|-resisted|p1a: Navi
|-damage|p1a: Navi|222\/261
|
|-heal|p2a: Solaire|349\/394|[from] item: Leftovers
|turn|35
|
|move|p1a: Navi|Moonblast|p2a: Solaire
|-supereffective|p2a: Solaire
|-damage|p2a: Solaire|139\/394
|move|p2a: Solaire|Toxic|p1a: Navi
|-status|p1a: Navi|tox
|
|-heal|p2a: Solaire|163\/394|[from] item: Leftovers
|-damage|p1a: Navi|206\/261 tox|[from] psn
|turn|36
|
|switch|p2a: Stem|Roserade, F|324\/324
|move|p1a: Navi|Moonblast|p2a: Stem
|-resisted|p2a: Stem
|-damage|p2a: Stem|242\/324
|
|-heal|p2a: Stem|262\/324|[from] item: Black Sludge
|-damage|p1a: Navi|174\/261 tox|[from] psn
|turn|37
|
|switch|p1a: .#GoodWall|Blissey, F|666\/672
|move|p2a: Stem|Sludge Bomb|p1a: .#GoodWall
|-damage|p1a: .#GoodWall|545\/672
|
|-heal|p2a: Stem|282\/324|[from] item: Black Sludge
|-heal|p1a: .#GoodWall|587\/672|[from] item: Leftovers
|turn|38
|
|switch|p2a: Infernape|Infernape, M|157\/293
|move|p1a: .#GoodWall|Heal Bell|p1a: .#GoodWall
|-cureteam|p1a: .#GoodWall|[from] move: HealBell
|
|-heal|p1a: .#GoodWall|629\/672|[from] item: Leftovers
|turn|39
|
|switch|p1a: Tire|Donphan, M|384\/384
|move|p2a: Infernape|U-turn|p1a: Tire
|-crit|p1a: Tire
|-damage|p1a: Tire|310\/384
|
|switch|p2a: Stem|Roserade, F|282\/324
|
|-heal|p2a: Stem|302\/324|[from] item: Black Sludge
|-heal|p1a: Tire|334\/384|[from] item: Leftovers
|turn|40
|
|switch|p1a: InternetExplorer|Slowbro, M|394\/394
|move|p2a: Stem|Sleep Powder|p1a: InternetExplorer
|-status|p1a: InternetExplorer|slp
|
|-heal|p2a: Stem|322\/324|[from] item: Black Sludge
|turn|41
|
|switch|p2a: Infernape|Infernape, M|157\/293
|switch|p1a: .#GoodWall|Blissey, F|629\/672
|
|-heal|p1a: .#GoodWall|671\/672|[from] item: Leftovers
|turn|42
|
|switch|p1a: Tire|Donphan, M|334\/384
|move|p2a: Infernape|U-turn|p1a: Tire
|-crit|p1a: Tire
|-damage|p1a: Tire|263\/384
|
|switch|p2a: Stem|Roserade, F|322\/324
|
|-heal|p2a: Stem|324\/324|[from] item: Black Sludge
|-heal|p1a: Tire|287\/384|[from] item: Leftovers
|turn|43
|
|switch|p1a: .#GoodWall|Blissey, F|671\/672
|move|p2a: Stem|Energy Ball|p1a: .#GoodWall
|-damage|p1a: .#GoodWall|550\/672
|
|-heal|p1a: .#GoodWall|592\/672|[from] item: Leftovers
|turn|44
|chat|MaryLa|this will go on forever xD
|chat|1flow1|Yup
|
|switch|p2a: Infernape|Infernape, M|157\/293
|move|p1a: .#GoodWall|Seismic Toss|p2a: Infernape
|-damage|p2a: Infernape|57\/293
|
|-heal|p1a: .#GoodWall|634\/672|[from] item: Leftovers
|turn|45
|
|switch|p1a: Tire|Donphan, M|287\/384
|move|p2a: Infernape|U-turn|p1a: Tire
|-damage|p1a: Tire|245\/384
|
|switch|p2a: Leonardo|Blastoise-Mega, M|28\/362
|
|-heal|p1a: Tire|269\/384|[from] item: Leftovers
|turn|46
|
|switch|p1a: .#GoodWall|Blissey, F|634\/672
|move|p2a: Leonardo|Aura Sphere|p1a: .#GoodWall
|-supereffective|p1a: .#GoodWall
|-damage|p1a: .#GoodWall|406\/672
|
|-heal|p1a: .#GoodWall|448\/672|[from] item: Leftovers
|turn|47
|
|move|p2a: Leonardo|Aura Sphere|p1a: .#GoodWall
|-supereffective|p1a: .#GoodWall
|-damage|p1a: .#GoodWall|218\/672
|move|p1a: .#GoodWall|Wish|p1a: .#GoodWall
|
|-heal|p1a: .#GoodWall|260\/672|[from] item: Leftovers
|turn|48
|
|move|p2a: Leonardo|Aura Sphere|p1a: .#GoodWall
|-supereffective|p1a: .#GoodWall
|-damage|p1a: .#GoodWall|26\/672
|move|p1a: .#GoodWall|Seismic Toss|p2a: Leonardo
|-damage|p2a: Leonardo|0 fnt
|faint|p2a: Leonardo
|
|-heal|p1a: .#GoodWall|362\/672|[from] move: Wish|[wisher] .#GoodWall
|-heal|p1a: .#GoodWall|404\/672|[from] item: Leftovers
|
|switch|p2a: Infernape|Infernape, M|57\/293
|turn|49
|
|switch|p1a: InternetExplorer|Slowbro, M|394\/394 slp
|move|p2a: Infernape|U-turn|p1a: InternetExplorer
|-crit|p1a: InternetExplorer
|-supereffective|p1a: InternetExplorer
|-damage|p1a: InternetExplorer|236\/394 slp
|
|switch|p2a: Solaire|Umbreon, M, shiny|163\/394
|
|-heal|p2a: Solaire|187\/394|[from] item: Leftovers
|-heal|p1a: InternetExplorer|260\/394 slp|[from] item: Leftovers
|turn|50
|
|switch|p1a: Navi|Whimsicott, F|174\/261
|move|p2a: Solaire|Toxic|p1a: Navi
|-status|p1a: Navi|tox
|
|-heal|p2a: Solaire|211\/394|[from] item: Leftovers
|-damage|p1a: Navi|158\/261 tox|[from] psn
|turn|51
|
|switch|p2a: Stem|Roserade, F|324\/324
|move|p1a: Navi|Moonblast|p2a: Stem
|-resisted|p2a: Stem
|-damage|p2a: Stem|238\/324
|
|-heal|p2a: Stem|258\/324|[from] item: Black Sludge
|-damage|p1a: Navi|126\/261 tox|[from] psn
|turn|52
|
|switch|p1a: .#GoodWall|Blissey, F|404\/672
|move|p2a: Stem|Sludge Bomb|p1a: .#GoodWall
|-crit|p1a: .#GoodWall
|-damage|p1a: .#GoodWall|223\/672
|-status|p1a: .#GoodWall|psn
|
|-heal|p2a: Stem|278\/324|[from] item: Black Sludge
|-heal|p1a: .#GoodWall|265\/672 psn|[from] item: Leftovers
|-damage|p1a: .#GoodWall|181\/672 psn|[from] psn
|turn|53
|
|switch|p1a: InternetExplorer|Slowbro, M|391\/394 slp
|move|p2a: Stem|Sludge Bomb|p1a: InternetExplorer
|-damage|p1a: InternetExplorer|177\/394 slp
|
|-heal|p2a: Stem|298\/324|[from] item: Black Sludge
|-heal|p1a: InternetExplorer|201\/394 slp|[from] item: Leftovers
|turn|54
|
|switch|p1a: .#GoodWall|Blissey, F|181\/672
|move|p2a: Stem|Sludge Bomb|p1a: .#GoodWall
|-crit|p1a: .#GoodWall
|-damage|p1a: .#GoodWall|0 fnt
|faint|p1a: .#GoodWall
|
|-heal|p2a: Stem|318\/324|[from] item: Black Sludge
|chat|1flow1|:)
|chat|MaryLa|god damn crits.
|
|switch|p1a: Navi|Whimsicott, F|126\/261 tox
|turn|55
|
|move|p1a: Navi|Psychic|p2a: Stem
|-supereffective|p2a: Stem
|-damage|p2a: Stem|104\/324
|move|p2a: Stem|Sludge Bomb|p1a: Navi
|-supereffective|p1a: Navi
|-damage|p1a: Navi|0 fnt
|faint|p1a: Navi
|
|-heal|p2a: Stem|124\/324|[from] item: Black Sludge
|
|switch|p1a: InternetExplorer|Slowbro, M|332\/394 slp
|turn|56
|chat|1flow1|Roserade should outspeed the rest
|
|move|p2a: Stem|Energy Ball|p1a: InternetExplorer
|-supereffective|p1a: InternetExplorer
|-damage|p1a: InternetExplorer|0 fnt
|faint|p1a: InternetExplorer
|
|-heal|p2a: Stem|144\/324|[from] item: Black Sludge
|chat|MaryLa|*sigh*
|
|switch|p1a: Tire|Donphan, M|269\/384
|turn|57
|chat|1flow1|gg
|chat|MaryLa|gg..
|
|move|p2a: Stem|Energy Ball|p1a: Tire
|-supereffective|p1a: Tire
|-damage|p1a: Tire|0 fnt
|faint|p1a: Tire
|
|win|1flow1
|raw|Ladder updating...
|raw|MaryLa's rating: 1345 &rarr; <strong>1318<\/strong><br \/>(-27 for losing)
|raw|1flow1's rating: 1215 &rarr; <strong>1249<\/strong><br \/>(+34 for winning)
|leave|MaryLa
|player|p1
|leave|Synchronation