|join|MaryLa
|join|wormgerm
|player|p1|MaryLa|289
|player|p2|wormgerm|100
|gametype|singles
|gen|6
|tier|UU
|rated
|rule|Sleep Clause Mod: Limit one foe put to sleep
|rule|Species Clause: Limit one of each Pokemon
|rule|OHKO Clause: OHKO moves are banned
|rule|Moody Clause: Moody is banned
|rule|Evasion Moves Clause: Evasion moves are banned
|rule|Endless Battle Clause: Forcing endless battles is banned
|rule|HP Percentage Mod: HP is reported as percentages
|clearpoke
|poke|p1|Whimsicott, F
|poke|p1|Donphan, M
|poke|p1|Gourgeist-*, F, shiny
|poke|p1|Blissey, F
|poke|p1|Absol, F, shiny
|poke|p1|Rotom-Heat
|poke|p2|Sableye, F
|poke|p2|Cloyster, M
|poke|p2|Mienshao, F
|poke|p2|Aggron, M
|poke|p2|Florges, F
|poke|p2|Hydreigon, M
|rule|Baton Pass Clause: Limit 3 pokemon knowing Baton Pass
|teampreview
|
|start
|switch|p1a: Navi|Whimsicott, F|261\/261
|switch|p2a: Hydreigon|Hydreigon, M|325\/325
|turn|1
|
|move|p1a: Navi|Moonblast|p2a: Hydreigon
|-supereffective|p2a: Hydreigon
|-damage|p2a: Hydreigon|0 fnt
|faint|p2a: Hydreigon
|
|
|switch|p2a: Cloyster|Cloyster, M|242\/242
|turn|2
|
|move|p1a: Navi|Moonblast|p2a: Cloyster
|-enditem|p2a: Cloyster|Focus Sash
|-damage|p2a: Cloyster|1\/242
|move|p2a: Cloyster|Icicle Spear|p1a: Navi
|-supereffective|p1a: Navi
|-damage|p1a: Navi|175\/261
|-supereffective|p1a: Navi
|-damage|p1a: Navi|83\/261
|-supereffective|p1a: Navi
|-damage|p1a: Navi|0 fnt
|-hitcount|p1a: Navi|3
|faint|p1a: Navi
|
|
|switch|p1a: Celestia|Absol, F, shiny|271\/271
|turn|3
|
|switch|p2a: Mienshao|Mienshao, F|271\/271
|detailschange|p1a: Celestia|Absol-Mega, F, shiny
|message|Absol has Mega Evolved into Mega Absol!
|move|p1a: Celestia|Knock Off|p2a: Mienshao
|-resisted|p2a: Mienshao
|-damage|p2a: Mienshao|138\/271
|-enditem|p2a: Mienshao|Life Orb|[from] move: Knock Off|[of] p1a: Celestia
|
|turn|4
|
|switch|p1a: Blair|Gourgeist-Super, F, shiny|374\/374
|move|p2a: Mienshao|Knock Off|p1a: Blair
|-supereffective|p1a: Blair
|-damage|p1a: Blair|234\/374
|-enditem|p1a: Blair|Leftovers|[from] move: Knock Off|[of] p2a: Mienshao
|
|turn|5
|
|move|p2a: Mienshao|Taunt|p1a: Blair
|-start|p1a: Blair|move: Taunt
|cant|p1a: Blair|move: Taunt|Leech Seed
|
|turn|6
|
|switch|p1a: Free Hugs!|Rotom-Heat|304\/304
|move|p2a: Mienshao|U-turn|p1a: Free Hugs!
|-resisted|p1a: Free Hugs!
|-damage|p1a: Free Hugs!|263\/304
|
|switch|p2a: Florges|Florges, F|360\/360
|
|turn|7
|
|move|p1a: Free Hugs!|Trick|p2a: Florges
|-activate|p1a: Free Hugs!|move: Trick|[of] p2a: Florges
|-item|p2a: Florges|Choice Specs|[from] move: Trick
|-item|p1a: Free Hugs!|Leftovers|[from] move: Trick
|move|p2a: Florges|Wish|p2a: Florges
|
|-heal|p1a: Free Hugs!|282\/304|[from] item: Leftovers
|turn|8
|
|move|p1a: Free Hugs!|Thunderbolt|p2a: Florges
|-damage|p2a: Florges|281\/360
|move|p2a: Florges|Wish|p2a: Florges
|-fail|p2a: Florges
|
|-heal|p2a: Florges|360\/360|[from] move: Wish|[wisher] Florges
|-heal|p1a: Free Hugs!|301\/304|[from] item: Leftovers
|turn|9
|
|move|p1a: Free Hugs!|Thunderbolt|p2a: Florges
|-damage|p2a: Florges|285\/360
|move|p2a: Florges|Wish|p2a: Florges
|
|-heal|p1a: Free Hugs!|304\/304|[from] item: Leftovers
|turn|10
|
|switch|p2a: Sableye|Sableye, F|304\/304
|move|p1a: Free Hugs!|Thunderbolt|p2a: Sableye
|-damage|p2a: Sableye|153\/304
|-status|p2a: Sableye|par
|
|-heal|p2a: Sableye|304\/304 par|[from] move: Wish|[wisher] Florges
|turn|11
|
|move|p1a: Free Hugs!|Overheat|p2a: Sableye
|-damage|p2a: Sableye|81\/304 par
|-unboost|p1a: Free Hugs!|spa|2
|move|p2a: Sableye|Knock Off|p1a: Free Hugs!
|-damage|p1a: Free Hugs!|220\/304
|-enditem|p1a: Free Hugs!|Leftovers|[from] move: Knock Off|[of] p2a: Sableye
|
|-heal|p2a: Sableye|100\/304 par|[from] item: Leftovers
|turn|12
|
|switch|p1a: Celestia|Absol-Mega, F, shiny|271\/271
|move|p2a: Sableye|Recover|p2a: Sableye
|-heal|p2a: Sableye|252\/304 par
|
|-heal|p2a: Sableye|271\/304 par|[from] item: Leftovers
|turn|13
|
|switch|p2a: Aggron|Aggron, M|344\/344
|move|p1a: Celestia|Knock Off|p2a: Aggron
|-damage|p2a: Aggron|260\/344
|
|turn|14
|
|switch|p1a: Tire|Donphan, M|384\/384
|detailschange|p2a: Aggron|Aggron-Mega, M
|message|Aggron has Mega Evolved into Mega Aggron!
|move|p2a: Aggron|Heavy Slam|p1a: Tire
|-damage|p1a: Tire|279\/384
|
|-heal|p1a: Tire|303\/384|[from] item: Leftovers
|turn|15
|
|move|p1a: Tire|Earthquake|p2a: Aggron
|-supereffective|p2a: Aggron
|-damage|p2a: Aggron|164\/344
|move|p2a: Aggron|Stealth Rock|p1a: Tire
|-sidestart|p1: MaryLa|move: Stealth Rock
|
|-heal|p1a: Tire|327\/384|[from] item: Leftovers
|turn|16
|
|switch|p2a: Florges|Florges, F|285\/360
|move|p1a: Tire|Stealth Rock|p2a: Florges
|-sidestart|p2: wormgerm|move: Stealth Rock
|
|-heal|p1a: Tire|351\/384|[from] item: Leftovers
|turn|17
|
|move|p2a: Florges|Moonblast|p1a: Tire
|-damage|p1a: Tire|62\/384
|-unboost|p1a: Tire|spa|1
|move|p1a: Tire|Rapid Spin|p2a: Florges
|-damage|p2a: Florges|256\/360
|-sideend|p1: MaryLa|Stealth Rock|[from] move: Rapid Spin|[of] p1a: Tire
|
|-heal|p1a: Tire|86\/384|[from] item: Leftovers
|turn|18
|
|switch|p2a: Mienshao|Mienshao, F|138\/271
|-damage|p2a: Mienshao|122\/271|[from] Stealth Rock
|switch|p1a: .#GoodWall|Blissey, F|672\/672
|
|turn|19
|
|switch|p1a: Blair|Gourgeist-Super, F, shiny|234\/374
|move|p2a: Mienshao|Knock Off|p1a: Blair
|-supereffective|p1a: Blair
|-damage|p1a: Blair|146\/374
|
|turn|20
|
|switch|p1a: Celestia|Absol-Mega, F, shiny|271\/271
|move|p2a: Mienshao|U-turn|p1a: Celestia
|-supereffective|p1a: Celestia
|-damage|p1a: Celestia|27\/271
|
|switch|p2a: Florges|Florges, F|256\/360
|-damage|p2a: Florges|211\/360|[from] Stealth Rock
|
|turn|21
|
|switch|p1a: .#GoodWall|Blissey, F|672\/672
|move|p2a: Florges|Moonblast|p1a: .#GoodWall
|-damage|p1a: .#GoodWall|546\/672
|
|-heal|p1a: .#GoodWall|588\/672|[from] item: Leftovers
|turn|22
|
|switch|p2a: Aggron|Aggron-Mega, M|164\/344
|-damage|p2a: Aggron|143\/344|[from] Stealth Rock
|move|p1a: .#GoodWall|Toxic|p2a: Aggron
|-fail|p2a: Aggron
|
|-heal|p1a: .#GoodWall|630\/672|[from] item: Leftovers
|turn|23
|
|switch|p1a: Free Hugs!|Rotom-Heat|220\/304
|move|p2a: Aggron|Heavy Slam|p1a: Free Hugs!
|-resisted|p1a: Free Hugs!
|-damage|p1a: Free Hugs!|163\/304
|
|turn|24
|
|switch|p2a: Cloyster|Cloyster, M|1\/242
|-damage|p2a: Cloyster|0 fnt|[from] Stealth Rock
|faint|p2a: Cloyster
|move|p1a: Free Hugs!|Thunderbolt|p2: Cloyster|[notarget]
|-notarget
|
|
|switch|p2a: Florges|Florges, F|211\/360
|-damage|p2a: Florges|166\/360|[from] Stealth Rock
|turn|25
|
|move|p1a: Free Hugs!|Overheat|p2a: Florges
|-damage|p2a: Florges|46\/360
|-unboost|p1a: Free Hugs!|spa|2
|move|p2a: Florges|Wish|p2a: Florges
|
|turn|26
|
|switch|p2a: Aggron|Aggron-Mega, M|143\/344
|-damage|p2a: Aggron|122\/344|[from] Stealth Rock
|move|p1a: Free Hugs!|Will-O-Wisp|p2a: Aggron
|-status|p2a: Aggron|brn
|
|-heal|p2a: Aggron|302\/344 brn|[from] move: Wish|[wisher] Florges
|-damage|p2a: Aggron|259\/344 brn|[from] brn
|turn|27
|
|move|p1a: Free Hugs!|Overheat|p2a: Aggron
|-supereffective|p2a: Aggron
|-damage|p2a: Aggron|73\/344 brn
|-unboost|p1a: Free Hugs!|spa|2
|move|p2a: Aggron|Heavy Slam|p1a: Free Hugs!
|-resisted|p1a: Free Hugs!
|-damage|p1a: Free Hugs!|133\/304
|
|-damage|p2a: Aggron|30\/344 brn|[from] brn
|turn|28
|
|switch|p1a: Tire|Donphan, M|86\/384
|move|p2a: Aggron|Stealth Rock|p1a: Tire
|-sidestart|p1: MaryLa|move: Stealth Rock
|
|-heal|p1a: Tire|110\/384|[from] item: Leftovers
|-damage|p2a: Aggron|0 fnt|[from] brn
|faint|p2a: Aggron
|
|switch|p2a: Florges|Florges, F|46\/360
|-damage|p2a: Florges|1\/360|[from] Stealth Rock
|turn|29
|
|move|p2a: Florges|Moonblast|p1a: Tire
|-damage|p1a: Tire|0 fnt
|faint|p1a: Tire
|
|
|switch|p1a: .#GoodWall|Blissey, F|630\/672
|-damage|p1a: .#GoodWall|546\/672|[from] Stealth Rock
|turn|30
|
|move|p2a: Florges|Moonblast|p1a: .#GoodWall
|-damage|p1a: .#GoodWall|414\/672
|-unboost|p1a: .#GoodWall|spa|1
|move|p1a: .#GoodWall|Wish|p1a: .#GoodWall
|
|-heal|p1a: .#GoodWall|456\/672|[from] item: Leftovers
|turn|31
|
|switch|p1a: Free Hugs!|Rotom-Heat|133\/304
|-damage|p1a: Free Hugs!|57\/304|[from] Stealth Rock
|move|p2a: Florges|Moonblast|p1a: Free Hugs!
|-resisted|p1a: Free Hugs!
|-damage|p1a: Free Hugs!|0 fnt
|faint|p1a: Free Hugs!
|
|
|switch|p1a: Celestia|Absol-Mega, F, shiny|27\/271
|-damage|p1a: Celestia|0 fnt|[from] Stealth Rock
|faint|p1a: Celestia
|
|switch|p1a: .#GoodWall|Blissey, F|456\/672
|-damage|p1a: .#GoodWall|372\/672|[from] Stealth Rock
|turn|32
|
|move|p2a: Florges|Moonblast|p1a: .#GoodWall
|-crit|p1a: .#GoodWall
|-damage|p1a: .#GoodWall|177\/672
|move|p1a: .#GoodWall|Seismic Toss|p2a: Florges
|-damage|p2a: Florges|0 fnt
|faint|p2a: Florges
|
|-heal|p1a: .#GoodWall|219\/672|[from] item: Leftovers
|
|switch|p2a: Mienshao|Mienshao, F|122\/271
|-damage|p2a: Mienshao|106\/271|[from] Stealth Rock
|turn|33
|
|switch|p1a: Blair|Gourgeist-Super, F, shiny|146\/374
|-damage|p1a: Blair|100\/374|[from] Stealth Rock
|move|p2a: Mienshao|Knock Off|p1a: Blair
|-supereffective|p1a: Blair
|-damage|p1a: Blair|8\/374
|
|turn|34
|
|move|p1a: Blair|Protect|p1a: Blair
|-singleturn|p1a: Blair|Protect
|move|p2a: Mienshao|Knock Off|p1a: Blair
|-activate|p1a: Blair|Protect
|
|turn|35
|
|move|p1a: Blair|Shadow Sneak|p2a: Mienshao
|-damage|p2a: Mienshao|27\/271
|move|p2a: Mienshao|Knock Off|p1a: Blair
|-crit|p1a: Blair
|-supereffective|p1a: Blair
|-damage|p1a: Blair|0 fnt
|faint|p1a: Blair
|
|
|switch|p1a: .#GoodWall|Blissey, F|219\/672
|-damage|p1a: .#GoodWall|135\/672|[from] Stealth Rock
|turn|36
|chat|MaryLa|gg... ._.
|
|move|p2a: Mienshao|High Jump Kick|p1a: .#GoodWall
|-supereffective|p1a: .#GoodWall
|-damage|p1a: .#GoodWall|0 fnt
|faint|p1a: .#GoodWall
|
|win|wormgerm
|raw|Ladder updating...
|raw|MaryLa's rating: 1322 &rarr; <strong>1304<\/strong><br \/>(-18 for losing)
|raw|wormgerm's rating: 1365 &rarr; <strong>1383<\/strong><br \/>(+18 for winning)
|leave|MaryLa
|player|p1