|join|BIGBOYZ
|join|MaryLa
|player|p1|BIGBOYZ|161
|player|p2|MaryLa|289
|gametype|singles
|gen|6
|tier|UU
|rated
|rule|Sleep Clause Mod: Limit one foe put to sleep
|rule|Species Clause: Limit one of each Pokemon
|rule|OHKO Clause: OHKO moves are banned
|rule|Moody Clause: Moody is banned
|rule|Evasion Moves Clause: Evasion moves are banned
|rule|Endless Battle Clause: Forcing endless battles is banned.
|rule|HP Percentage Mod: HP is reported as percentages
|clearpoke
|poke|p1|Malamar, F
|poke|p1|Porygon2, shiny
|poke|p1|Roserade, M
|poke|p1|Chandelure, M
|poke|p1|Cloyster, F
|poke|p1|Donphan, F
|poke|p2|Absol, F, shiny
|poke|p2|Delphox, F
|poke|p2|Gourgeist-*, F, shiny
|poke|p2|Blissey, F
|poke|p2|Galvantula, M
|poke|p2|Lucario, M
|teampreview
|
|start
|switch|p1a: Donphan|Donphan, F|384\/384
|switch|p2a: Meep?|Galvantula, M|281\/281
|turn|1
|
|switch|p2a: Blair|Gourgeist-Super, F, shiny|374\/374
|-item|p1a: Donphan|Leftovers|[from] ability: Frisk|[of] p2a: Blair|[identify]
|switch|p1a: Chandelure|Chandelure, M|323\/323
|
|turn|2
|
|move|p2a: Blair|Protect|p2a: Blair
|-singleturn|p2a: Blair|Protect
|move|p1a: Chandelure|Substitute|p1a: Chandelure
|-start|p1a: Chandelure|Substitute
|-damage|p1a: Chandelure|243\/323
|
|-heal|p1a: Chandelure|263\/323|[from] item: Leftovers
|turn|3
|
|switch|p2a: Azula|Delphox, F|291\/291
|move|p1a: Chandelure|Fire Blast|p2a: Azula
|-resisted|p2a: Azula
|-damage|p2a: Azula|173\/291
|
|-heal|p1a: Chandelure|283\/323|[from] item: Leftovers
|turn|4
|
|move|p2a: Azula|Psyshock|p1a: Chandelure
|-end|p1a: Chandelure|Substitute
|move|p1a: Chandelure|Shadow Ball|p2a: Azula
|-supereffective|p2a: Azula
|-damage|p2a: Azula|0 fnt
|faint|p2a: Azula
|
|-heal|p1a: Chandelure|303\/323|[from] item: Leftovers
|
|switch|p2a: Celestia|Absol, F, shiny|271\/271
|turn|5
|
|detailschange|p2a: Celestia|Absol-Mega, F, shiny
|message|Absol has Mega Evolved into Mega Absol!
|move|p2a: Celestia|Play Rough|p1a: Chandelure
|-resisted|p1a: Chandelure
|-damage|p1a: Chandelure|240\/323
|move|p1a: Chandelure|Substitute|p1a: Chandelure
|-start|p1a: Chandelure|Substitute
|-damage|p1a: Chandelure|160\/323
|
|-heal|p1a: Chandelure|180\/323|[from] item: Leftovers
|turn|6
|
|move|p2a: Celestia|Sucker Punch|p1a: Chandelure
|-supereffective|p1a: Chandelure
|-end|p1a: Chandelure|Substitute
|move|p1a: Chandelure|Fire Blast|p2a: Celestia
|-damage|p2a: Celestia|0 fnt
|faint|p2a: Celestia
|
|-heal|p1a: Chandelure|200\/323|[from] item: Leftovers
|
|switch|p2a: Meep?|Galvantula, M|281\/281
|turn|7
|
|move|p2a: Meep?|Thunder|p1a: Chandelure
|-damage|p1a: Chandelure|31\/323
|move|p1a: Chandelure|Substitute|p1a: Chandelure
|-fail|p1a: Chandelure|move: Substitute|[weak]
|
|-heal|p1a: Chandelure|51\/323|[from] item: Leftovers
|turn|8
|
|switch|p1a: Donphan|Donphan, F|384\/384
|move|p2a: Meep?|Bug Buzz|p1a: Donphan
|-damage|p1a: Donphan|192\/384
|
|-heal|p1a: Donphan|216\/384|[from] item: Leftovers
|turn|9
|
|switch|p1a: Roserade|Roserade, M|262\/262
|move|p2a: Meep?|Hidden Power|p1a: Roserade
|-supereffective|p1a: Roserade
|-damage|p1a: Roserade|142\/262
|
|turn|10
|
|move|p2a: Meep?|Sticky Web|p1a: Roserade
|-sidestart|p1: BIGBOYZ|move: Sticky Web
|move|p1a: Roserade|Sludge Bomb|p2a: Meep?
|-enditem|p2a: Meep?|Focus Sash
|-damage|p2a: Meep?|1\/281
|-status|p2a: Meep?|psn
|-damage|p1a: Roserade|116\/262|[from] item: Life Orb
|
|-damage|p2a: Meep?|0 fnt|[from] psn
|faint|p2a: Meep?
|
|switch|p2a: Lucario|Lucario, M|281\/281
|turn|11
|
|switch|p1a: Malamar|Malamar, F|376\/376
|-activate|p1a: Malamar|move: Sticky Web
|-boost|p1a: Malamar|spe|1
|move|p2a: Lucario|Bullet Punch|p1a: Malamar
|-damage|p1a: Malamar|315\/376
|
|-heal|p1a: Malamar|338\/376|[from] item: Leftovers
|turn|12
|
|move|p2a: Lucario|Close Combat|p1a: Malamar
|-damage|p1a: Malamar|172\/376
|-unboost|p2a: Lucario|def|1
|-unboost|p2a: Lucario|spd|1
|move|p1a: Malamar|Superpower|p2a: Lucario
|-supereffective|p2a: Lucario
|-damage|p2a: Lucario|0 fnt
|-boost|p1a: Malamar|atk|1
|-boost|p1a: Malamar|def|1
|faint|p2a: Lucario
|
|-heal|p1a: Malamar|195\/376|[from] item: Leftovers
|
|switch|p2a: Blair|Gourgeist-Super, F, shiny|374\/374
|-item|p1a: Malamar|Leftovers|[from] ability: Frisk|[of] p2a: Blair|[identify]
|turn|13
|
|move|p1a: Malamar|Night Slash|p2a: Blair
|-supereffective|p2a: Blair
|-damage|p2a: Blair|170\/374
|move|p2a: Blair|Will-O-Wisp|p1a: Malamar|[miss]
|-miss|p2a: Blair|p1a: Malamar
|
|-heal|p1a: Malamar|218\/376|[from] item: Leftovers
|-heal|p2a: Blair|193\/374|[from] item: Leftovers
|turn|14
|
|move|p2a: Blair|Protect|p2a: Blair
|-singleturn|p2a: Blair|Protect
|move|p1a: Malamar|Night Slash|p2a: Blair
|-activate|p2a: Blair|Protect
|
|-heal|p1a: Malamar|241\/376|[from] item: Leftovers
|-heal|p2a: Blair|216\/374|[from] item: Leftovers
|turn|15
|
|move|p1a: Malamar|Night Slash|p2a: Blair
|-supereffective|p2a: Blair
|-damage|p2a: Blair|18\/374
|move|p2a: Blair|Will-O-Wisp|p1a: Malamar|[miss]
|-miss|p2a: Blair|p1a: Malamar
|
|-heal|p1a: Malamar|264\/376|[from] item: Leftovers
|-heal|p2a: Blair|41\/374|[from] item: Leftovers
|turn|16
|chat|MaryLa|..
|-message|MaryLa forfeited.
|
|win|BIGBOYZ
|raw|Ladder updating...
|leave|MaryLa
|player|p2
|raw|BIGBOYZ's rating: 1055 &rarr; <strong>1093<\/strong><br \/>(+38 for winning)
|raw|MaryLa's rating: 1122 &rarr; <strong>1092<\/strong><br \/>(-30 for losing)