|join|MaryLa
|join|HAXX_ME!
|player|p1|MaryLa|289
|player|p2|HAXX_ME!|147
|gametype|singles
|gen|6
|tier|UU
|rated
|rule|Sleep Clause Mod: Limit one foe put to sleep
|rule|Species Clause: Limit one of each PokÃ©mon
|rule|OHKO Clause: OHKO moves are banned
|rule|Moody Clause: Moody is banned
|rule|Evasion Moves Clause: Evasion moves are banned
|rule|Endless Battle Clause: Forcing endless battles is banned
|rule|HP Percentage Mod: HP is shown in percentages
|clearpoke
|poke|p1|Victini
|poke|p1|Slowbro, M
|poke|p1|Blissey, F
|poke|p1|Absol, F
|poke|p1|Donphan, M
|poke|p1|Noivern, M
|poke|p2|Umbreon, F
|poke|p2|Blastoise, M
|poke|p2|Hippowdon, M
|poke|p2|Raikou
|poke|p2|Mienshao, F
|poke|p2|Roserade, M
|rule|Swagger Clause: Swagger is banned
|rule|Baton Pass Clause: Limit one PokÃ©mon knowing Baton Pass
|teampreview
|
|start
|switch|p1a: Tire|Donphan, M|384\/384
|switch|p2a: Tartaruga Ninja|Blastoise, M|361\/361
|turn|1
|chat|MaryLa|italian!
|
|switch|p1a: .#GoodWall|Blissey, F|714\/714
|detailschange|p2a: Tartaruga Ninja|Blastoise-Mega, M
|message|Blastoise has Mega Evolved into Mega Blastoise!
|move|p2a: Tartaruga Ninja|Scald|p1a: .#GoodWall
|-damage|p1a: .#GoodWall|612\/714
|
|-heal|p1a: .#GoodWall|656\/714|[from] item: Leftovers
|turn|2
|chat|HAXX_ME!|nice
|chat|HAXX_ME!|Brazilian!
|
|switch|p2a: Jackie Chan|Mienshao, F|271\/271
|move|p1a: .#GoodWall|Wish|p1a: .#GoodWall
|
|-heal|p1a: .#GoodWall|700\/714|[from] item: Leftovers
|turn|3
|chat|MaryLa|oh, you're brazillian?
|chat|MaryLa|xD
|
|switch|p1a: Tire|Donphan, M|384\/384
|move|p2a: Jackie Chan|U-turn|p1a: Tire
|-crit|p1a: Tire
|-damage|p1a: Tire|306\/384
|chat|HAXX_ME!|yeah
|
|switch|p2a: Tartaruga Ninja|Blastoise-Mega, M|361\/361
|
|-heal|p1a: Tire|384\/384|[from] move: Wish|[wisher] .#GoodWall
|turn|4
|
|switch|p1a: Batman|Noivern, M|311\/311
|-item|p2a: Tartaruga Ninja|Blastoisinite|[from] ability: Frisk|[of] p1a: Batman|[identify]
|move|p2a: Tartaruga Ninja|Aura Sphere|p1a: Batman
|-crit|p1a: Batman
|-resisted|p1a: Batman
|-damage|p1a: Batman|176\/311
|
|turn|5
|
|switch|p2a: Dark Moon|Umbreon, F|394\/394
|move|p1a: Batman|Draco Meteor|p2a: Dark Moon
|-damage|p2a: Dark Moon|231\/394
|-unboost|p1a: Batman|spa|2
|
|-heal|p2a: Dark Moon|255\/394|[from] item: Leftovers
|turn|6
|
|switch|p1a: NightmareMoon|Absol, F|271\/271
|move|p2a: Dark Moon|Wish|p2a: Dark Moon
|
|-heal|p2a: Dark Moon|279\/394|[from] item: Leftovers
|turn|7
|chat|HAXX_ME!|you area a girl ?
|
|switch|p2a: Hipopocare|Hippowdon, M|420\/420
|-weather|Sandstorm
|detailschange|p1a: NightmareMoon|Absol-Mega, F
|message|Absol has Mega Evolved into Mega Absol!
|move|p1a: NightmareMoon|Knock Off|p2a: Hipopocare
|-damage|p2a: Hipopocare|302\/420
|-enditem|p2a: Hipopocare|Leftovers|[from] move: Knock Off|[of] p1a: NightmareMoon
|
|-weather|Sandstorm|[upkeep]
|-damage|p1a: NightmareMoon|255\/271|[from] sandstorm
|-heal|p2a: Hipopocare|420\/420|[from] move: Wish|[wisher] Dark Moon
|turn|8
|chat|MaryLa|yup
|
|switch|p1a: Tire|Donphan, M|384\/384
|move|p2a: Hipopocare|Earthquake|p1a: Tire
|-damage|p1a: Tire|303\/384
|
|-weather|Sandstorm|[upkeep]
|-heal|p1a: Tire|327\/384|[from] item: Leftovers
|turn|9
|
|move|p1a: Tire|Stealth Rock|p2a: Hipopocare
|-sidestart|p2: HAXX_ME!|move: Stealth Rock
|move|p2a: Hipopocare|Toxic|p1a: Tire
|-status|p1a: Tire|tox
|
|-weather|Sandstorm|[upkeep]
|-heal|p1a: Tire|351\/384 tox|[from] item: Leftovers
|-damage|p1a: Tire|327\/384 tox|[from] psn
|turn|10
|
|switch|p1a: Batman|Noivern, M|176\/311
|move|p2a: Hipopocare|Earthquake|p1a: Batman
|-immune|p1a: Batman|[msg]
|
|-weather|Sandstorm|[upkeep]
|-damage|p1a: Batman|157\/311|[from] sandstorm
|turn|11
|
|switch|p2a: Dark Moon|Umbreon, F|279\/394
|-damage|p2a: Dark Moon|230\/394|[from] Stealth Rock
|move|p1a: Batman|Draco Meteor|p2a: Dark Moon
|-damage|p2a: Dark Moon|46\/394
|-unboost|p1a: Batman|spa|2
|
|-weather|none
|-heal|p2a: Dark Moon|70\/394|[from] item: Leftovers
|turn|12
|
|move|p2a: Dark Moon|Protect|p2a: Dark Moon
|-singleturn|p2a: Dark Moon|Protect
|move|p1a: Batman|Draco Meteor|p2a: Dark Moon
|-activate|p2a: Dark Moon|Protect
|
|-heal|p2a: Dark Moon|94\/394|[from] item: Leftovers
|turn|13
|
|move|p1a: Batman|Draco Meteor|p2a: Dark Moon
|-damage|p2a: Dark Moon|4\/394
|-unboost|p1a: Batman|spa|2
|move|p2a: Dark Moon|Wish|p2a: Dark Moon
|
|-heal|p2a: Dark Moon|28\/394|[from] item: Leftovers
|turn|14
|
|switch|p1a: Peace!|Victini|341\/341
|move|p2a: Dark Moon|Protect|p2a: Dark Moon
|-fail|p2a: Dark Moon
|
|-heal|p2a: Dark Moon|225\/394|[from] move: Wish|[wisher] Dark Moon
|-heal|p2a: Dark Moon|249\/394|[from] item: Leftovers
|turn|15
|chat|HAXX_ME!|that lucky
|
|move|p2a: Dark Moon|Protect|p2a: Dark Moon
|-singleturn|p2a: Dark Moon|Protect
|move|p1a: Peace!|U-turn|p2a: Dark Moon
|-activate|p2a: Dark Moon|Protect
|
|-heal|p2a: Dark Moon|273\/394|[from] item: Leftovers
|turn|16
|
|move|p1a: Peace!|U-turn|p2a: Dark Moon
|-supereffective|p2a: Dark Moon
|-damage|p2a: Dark Moon|95\/394
|
|switch|p1a: NightmareMoon|Absol-Mega, F|255\/271
|move|p2a: Dark Moon|Wish|p2a: Dark Moon
|
|-heal|p2a: Dark Moon|119\/394|[from] item: Leftovers
|turn|17
|
|move|p2a: Dark Moon|Protect|p2a: Dark Moon
|-singleturn|p2a: Dark Moon|Protect
|move|p1a: NightmareMoon|Knock Off|p2a: Dark Moon
|-activate|p2a: Dark Moon|Protect
|
|-heal|p2a: Dark Moon|316\/394|[from] move: Wish|[wisher] Dark Moon
|-heal|p2a: Dark Moon|340\/394|[from] item: Leftovers
|turn|18
|
|switch|p2a: Hipopocare|Hippowdon, M|420\/420
|-damage|p2a: Hipopocare|394\/420|[from] Stealth Rock
|-weather|Sandstorm
|move|p1a: NightmareMoon|Superpower|p2a: Hipopocare
|-damage|p2a: Hipopocare|293\/420
|-unboost|p1a: NightmareMoon|atk|1
|-unboost|p1a: NightmareMoon|def|1
|
|-weather|Sandstorm|[upkeep]
|-damage|p1a: NightmareMoon|239\/271|[from] sandstorm
|turn|19
|
|switch|p1a: Paul|Slowbro, M|394\/394
|move|p2a: Hipopocare|Stealth Rock|p1a: Paul
|-sidestart|p1: MaryLa|move: Stealth Rock
|
|-weather|Sandstorm|[upkeep]
|-damage|p1a: Paul|370\/394|[from] sandstorm
|-heal|p1a: Paul|394\/394|[from] item: Leftovers
|turn|20
|
|switch|p2a: Tartaruga Ninja|Blastoise-Mega, M|361\/361
|-damage|p2a: Tartaruga Ninja|316\/361|[from] Stealth Rock
|move|p1a: Paul|Psyshock|p2a: Tartaruga Ninja
|-damage|p2a: Tartaruga Ninja|237\/361
|
|-weather|Sandstorm|[upkeep]
|-damage|p2a: Tartaruga Ninja|215\/361|[from] sandstorm
|-damage|p1a: Paul|370\/394|[from] sandstorm
|-heal|p1a: Paul|394\/394|[from] item: Leftovers
|turn|21
|
|switch|p1a: .#GoodWall|Blissey, F|700\/714
|-damage|p1a: .#GoodWall|611\/714|[from] Stealth Rock
|move|p2a: Tartaruga Ninja|Dark Pulse|p1a: .#GoodWall
|-damage|p1a: .#GoodWall|509\/714
|
|-weather|Sandstorm|[upkeep]
|-damage|p2a: Tartaruga Ninja|193\/361|[from] sandstorm
|-damage|p1a: .#GoodWall|465\/714|[from] sandstorm
|-heal|p1a: .#GoodWall|509\/714|[from] item: Leftovers
|turn|22
|
|move|p2a: Tartaruga Ninja|Rapid Spin|p1a: .#GoodWall
|-damage|p1a: .#GoodWall|453\/714
|-sideend|p2: HAXX_ME!|Stealth Rock|[from] move: Rapid Spin|[of] p2a: Tartaruga Ninja
|move|p1a: .#GoodWall|Heal Bell|p1a: .#GoodWall
|-cureteam|p1a: .#GoodWall|[from] move: HealBell
|
|-weather|none
|-heal|p1a: .#GoodWall|497\/714|[from] item: Leftovers
|turn|23
|
|switch|p2a: Dark Moon|Umbreon, F|340\/394
|move|p1a: .#GoodWall|Wish|p1a: .#GoodWall
|
|-heal|p2a: Dark Moon|364\/394|[from] item: Leftovers
|-heal|p1a: .#GoodWall|541\/714|[from] item: Leftovers
|turn|24
|
|move|p2a: Dark Moon|Foul Play|p1a: .#GoodWall
|-damage|p1a: .#GoodWall|498\/714
|move|p1a: .#GoodWall|Toxic|p2a: Dark Moon
|-status|p2a: Dark Moon|tox
|-status|p1a: .#GoodWall|tox
|
|-heal|p1a: .#GoodWall|714\/714 tox|[from] move: Wish|[wisher] .#GoodWall
|-heal|p2a: Dark Moon|388\/394 tox|[from] item: Leftovers
|-damage|p2a: Dark Moon|364\/394 tox|[from] psn
|-damage|p1a: .#GoodWall|670\/714 tox|[from] psn
|turn|25
|
|switch|p1a: NightmareMoon|Absol-Mega, F|239\/271
|-damage|p1a: NightmareMoon|206\/271|[from] Stealth Rock
|move|p2a: Dark Moon|Wish|p2a: Dark Moon
|
|-heal|p2a: Dark Moon|388\/394 tox|[from] item: Leftovers
|-damage|p2a: Dark Moon|340\/394 tox|[from] psn
|turn|26
|
|switch|p2a: Hipopocare|Hippowdon, M|293\/420
|-weather|Sandstorm
|move|p1a: NightmareMoon|Superpower|p2a: Hipopocare
|-damage|p2a: Hipopocare|188\/420
|-unboost|p1a: NightmareMoon|atk|1
|-unboost|p1a: NightmareMoon|def|1
|
|-weather|Sandstorm|[upkeep]
|-damage|p1a: NightmareMoon|190\/271|[from] sandstorm
|-heal|p2a: Hipopocare|385\/420|[from] move: Wish|[wisher] Dark Moon
|turn|27
|
|switch|p1a: Tire|Donphan, M|327\/384
|-damage|p1a: Tire|303\/384|[from] Stealth Rock
|move|p2a: Hipopocare|Earthquake|p1a: Tire
|-damage|p1a: Tire|213\/384
|
|-weather|Sandstorm|[upkeep]
|-heal|p1a: Tire|237\/384|[from] item: Leftovers
|turn|28
|
|move|p1a: Tire|Rapid Spin|p2a: Hipopocare
|-damage|p2a: Hipopocare|372\/420
|-sideend|p1: MaryLa|Stealth Rock|[from] move: Rapid Spin|[of] p1a: Tire
|move|p2a: Hipopocare|Toxic|p1a: Tire
|-status|p1a: Tire|tox
|
|-weather|Sandstorm|[upkeep]
|-heal|p1a: Tire|261\/384 tox|[from] item: Leftovers
|-damage|p1a: Tire|237\/384 tox|[from] psn
|turn|29
|
|move|p1a: Tire|Stealth Rock|p2a: Hipopocare
|-sidestart|p2: HAXX_ME!|move: Stealth Rock
|move|p2a: Hipopocare|Stealth Rock|p1a: Tire
|-sidestart|p1: MaryLa|move: Stealth Rock
|
|-weather|Sandstorm|[upkeep]
|-heal|p1a: Tire|261\/384 tox|[from] item: Leftovers
|-damage|p1a: Tire|213\/384 tox|[from] psn
|turn|30
|
|switch|p2a: Jackie Chan|Mienshao, F|271\/271
|-damage|p2a: Jackie Chan|255\/271|[from] Stealth Rock
|move|p1a: Tire|Rapid Spin|p2a: Jackie Chan
|-damage|p2a: Jackie Chan|228\/271
|-sideend|p1: MaryLa|Stealth Rock|[from] move: Rapid Spin|[of] p1a: Tire
|
|-weather|none
|-heal|p1a: Tire|237\/384 tox|[from] item: Leftovers
|-damage|p1a: Tire|165\/384 tox|[from] psn
|turn|31
|
|move|p2a: Jackie Chan|U-turn|p1a: Tire
|-damage|p1a: Tire|114\/384 tox
|
|switch|p2a: Hipopocare|Hippowdon, M|372\/420
|-damage|p2a: Hipopocare|346\/420|[from] Stealth Rock
|-weather|Sandstorm
|move|p1a: Tire|Knock Off|p2a: Hipopocare
|-damage|p2a: Hipopocare|311\/420
|
|-weather|Sandstorm|[upkeep]
|-heal|p1a: Tire|138\/384 tox|[from] item: Leftovers
|-damage|p1a: Tire|42\/384 tox|[from] psn
|turn|32
|
|move|p1a: Tire|Rapid Spin|p2a: Hipopocare
|-damage|p2a: Hipopocare|298\/420
|move|p2a: Hipopocare|Earthquake|p1a: Tire
|-damage|p1a: Tire|0 fnt
|faint|p1a: Tire
|
|-weather|Sandstorm|[upkeep]
|chat|HAXX_ME!|Valent Donphan!
|
|switch|p1a: Batman|Noivern, M|157\/311
|turn|33
|
|switch|p2a: Dark Moon|Umbreon, F|340\/394 tox
|-damage|p2a: Dark Moon|291\/394 tox|[from] Stealth Rock
|move|p1a: Batman|Draco Meteor|p2a: Dark Moon
|-damage|p2a: Dark Moon|126\/394 tox
|-unboost|p1a: Batman|spa|2
|
|-weather|Sandstorm|[upkeep]
|-damage|p1a: Batman|138\/311|[from] sandstorm
|-damage|p2a: Dark Moon|102\/394 tox|[from] sandstorm
|-heal|p2a: Dark Moon|126\/394 tox|[from] item: Leftovers
|-damage|p2a: Dark Moon|102\/394 tox|[from] psn
|turn|34
|
|switch|p1a: Peace!|Victini|341\/341
|move|p2a: Dark Moon|Wish|p2a: Dark Moon
|
|-weather|Sandstorm|[upkeep]
|-damage|p1a: Peace!|320\/341|[from] sandstorm
|-damage|p2a: Dark Moon|78\/394 tox|[from] sandstorm
|-heal|p2a: Dark Moon|102\/394 tox|[from] item: Leftovers
|-damage|p2a: Dark Moon|54\/394 tox|[from] psn
|turn|35
|
|move|p2a: Dark Moon|Protect|p2a: Dark Moon
|-singleturn|p2a: Dark Moon|Protect
|move|p1a: Peace!|V-create|p2a: Dark Moon
|-activate|p2a: Dark Moon|Protect
|
|-weather|none
|-heal|p2a: Dark Moon|251\/394 tox|[from] move: Wish|[wisher] Dark Moon
|-heal|p2a: Dark Moon|275\/394 tox|[from] item: Leftovers
|-damage|p2a: Dark Moon|203\/394 tox|[from] psn
|turn|36
|
|switch|p1a: Batman|Noivern, M|138\/311
|-item|p2a: Dark Moon|Leftovers|[from] ability: Frisk|[of] p1a: Batman|[identify]
|switch|p2a: Hipopocare|Hippowdon, M|298\/420
|-damage|p2a: Hipopocare|272\/420|[from] Stealth Rock
|-weather|Sandstorm
|
|-weather|Sandstorm|[upkeep]
|-damage|p1a: Batman|119\/311|[from] sandstorm
|turn|37
|
|move|p1a: Batman|Draco Meteor|p2a: Hipopocare
|-damage|p2a: Hipopocare|0 fnt
|-unboost|p1a: Batman|spa|2
|faint|p2a: Hipopocare
|
|-weather|Sandstorm|[upkeep]
|-damage|p1a: Batman|100\/311|[from] sandstorm
|
|switch|p2a: Jackie Chan|Mienshao, F|271\/271
|-damage|p2a: Jackie Chan|255\/271|[from] Stealth Rock
|turn|38
|
|switch|p1a: Paul|Slowbro, M|394\/394
|move|p2a: Jackie Chan|U-turn|p1a: Paul
|-supereffective|p1a: Paul
|-damage|p1a: Paul|282\/394
|
|switch|p2a: Dark Moon|Umbreon, F|203\/394 tox
|-damage|p2a: Dark Moon|154\/394 tox|[from] Stealth Rock
|
|-weather|Sandstorm|[upkeep]
|-damage|p2a: Dark Moon|130\/394 tox|[from] sandstorm
|-damage|p1a: Paul|258\/394|[from] sandstorm
|-heal|p2a: Dark Moon|154\/394 tox|[from] item: Leftovers
|-heal|p1a: Paul|282\/394|[from] item: Leftovers
|-damage|p2a: Dark Moon|130\/394 tox|[from] psn
|turn|39
|
|move|p2a: Dark Moon|Heal Bell|p2a: Dark Moon
|-cureteam|p2a: Dark Moon|[from] move: HealBell
|move|p1a: Paul|Slack Off|p1a: Paul
|-heal|p1a: Paul|394\/394
|
|-weather|Sandstorm|[upkeep]
|-damage|p2a: Dark Moon|106\/394|[from] sandstorm
|-damage|p1a: Paul|370\/394|[from] sandstorm
|-heal|p2a: Dark Moon|130\/394|[from] item: Leftovers
|-heal|p1a: Paul|394\/394|[from] item: Leftovers
|turn|40
|
|move|p2a: Dark Moon|Wish|p2a: Dark Moon
|move|p1a: Paul|Toxic|p2a: Dark Moon
|-status|p2a: Dark Moon|tox
|-status|p1a: Paul|tox
|
|-weather|none
|-heal|p2a: Dark Moon|154\/394 tox|[from] item: Leftovers
|-damage|p2a: Dark Moon|130\/394 tox|[from] psn
|-damage|p1a: Paul|370\/394 tox|[from] psn
|turn|41
|
|switch|p1a: .#GoodWall|Blissey, F|670\/714
|move|p2a: Dark Moon|Heal Bell|p2a: Dark Moon
|-cureteam|p2a: Dark Moon|[from] move: HealBell
|
|-heal|p2a: Dark Moon|327\/394|[from] move: Wish|[wisher] Dark Moon
|-heal|p2a: Dark Moon|351\/394|[from] item: Leftovers
|-heal|p1a: .#GoodWall|714\/714|[from] item: Leftovers
|turn|42
|
|switch|p2a: Jackie Chan|Mienshao, F|271\/271
|-damage|p2a: Jackie Chan|255\/271|[from] Stealth Rock
|move|p1a: .#GoodWall|Heal Bell|p1a: .#GoodWall
|-cureteam|p1a: .#GoodWall|[from] move: HealBell
|
|turn|43
|
|switch|p1a: Paul|Slowbro, M|394\/394
|move|p2a: Jackie Chan|High Jump Kick|p1a: Paul
|-resisted|p1a: Paul
|-damage|p1a: Paul|323\/394
|
|-heal|p1a: Paul|347\/394|[from] item: Leftovers
|turn|44
|
|switch|p2a: Dark Moon|Umbreon, F|351\/394
|-damage|p2a: Dark Moon|302\/394|[from] Stealth Rock
|move|p1a: Paul|Psyshock|p2a: Dark Moon
|-immune|p2a: Dark Moon|[msg]
|
|-heal|p2a: Dark Moon|326\/394|[from] item: Leftovers
|-heal|p1a: Paul|371\/394|[from] item: Leftovers
|turn|45
|
|switch|p1a: Peace!|Victini|320\/341
|move|p2a: Dark Moon|Foul Play|p1a: Peace!
|-supereffective|p1a: Peace!
|-damage|p1a: Peace!|48\/341
|
|-heal|p2a: Dark Moon|350\/394|[from] item: Leftovers
|turn|46
|
|switch|p1a: NightmareMoon|Absol-Mega, F|190\/271
|move|p2a: Dark Moon|Protect|p2a: Dark Moon
|-fail|p2a: Dark Moon
|
|-heal|p2a: Dark Moon|374\/394|[from] item: Leftovers
|turn|47
|
|move|p1a: NightmareMoon|Superpower|p2a: Dark Moon
|-supereffective|p2a: Dark Moon
|-damage|p2a: Dark Moon|58\/394
|-unboost|p1a: NightmareMoon|atk|1
|-unboost|p1a: NightmareMoon|def|1
|move|p2a: Dark Moon|Wish|p2a: Dark Moon
|
|-heal|p2a: Dark Moon|82\/394|[from] item: Leftovers
|turn|48
|
|move|p2a: Dark Moon|Protect|p2a: Dark Moon
|-singleturn|p2a: Dark Moon|Protect
|move|p1a: NightmareMoon|Knock Off|p2a: Dark Moon
|-activate|p2a: Dark Moon|Protect
|
|-heal|p2a: Dark Moon|279\/394|[from] move: Wish|[wisher] Dark Moon
|-heal|p2a: Dark Moon|303\/394|[from] item: Leftovers
|turn|49
|
|switch|p2a: Tartaruga Ninja|Blastoise-Mega, M|193\/361
|-damage|p2a: Tartaruga Ninja|148\/361|[from] Stealth Rock
|move|p1a: NightmareMoon|Knock Off|p2a: Tartaruga Ninja
|-damage|p2a: Tartaruga Ninja|72\/361
|
|turn|50
|
|move|p1a: NightmareMoon|Sucker Punch|p2a: Tartaruga Ninja
|-damage|p2a: Tartaruga Ninja|0 fnt
|faint|p2a: Tartaruga Ninja
|
|
|switch|p2a: Jackie Chan|Mienshao, F|271\/271
|-damage|p2a: Jackie Chan|255\/271|[from] Stealth Rock
|turn|51
|
|switch|p1a: Paul|Slowbro, M|394\/394
|move|p2a: Jackie Chan|U-turn|p1a: Paul
|-supereffective|p1a: Paul
|-damage|p1a: Paul|274\/394
|
|switch|p2a: Raikage|Raikou|321\/321
|-damage|p2a: Raikage|281\/321|[from] Stealth Rock
|-ability|p2a: Raikage|Pressure
|
|-heal|p2a: Raikage|301\/321|[from] item: Leftovers
|-heal|p1a: Paul|298\/394|[from] item: Leftovers
|turn|52
|
|switch|p1a: .#GoodWall|Blissey, F|714\/714
|move|p2a: Raikage|Substitute|p2a: Raikage
|-start|p2a: Raikage|Substitute
|-damage|p2a: Raikage|221\/321
|
|-heal|p2a: Raikage|241\/321|[from] item: Leftovers
|turn|53
|
|move|p2a: Raikage|Calm Mind|p2a: Raikage
|-boost|p2a: Raikage|spa|1
|-boost|p2a: Raikage|spd|1
|move|p1a: .#GoodWall|Seismic Toss|p2a: Raikage
|-end|p2a: Raikage|Substitute
|
|-heal|p2a: Raikage|261\/321|[from] item: Leftovers
|turn|54
|
|switch|p2a: Dark Moon|Umbreon, F|303\/394
|-damage|p2a: Dark Moon|254\/394|[from] Stealth Rock
|move|p1a: .#GoodWall|Wish|p1a: .#GoodWall
|
|-heal|p2a: Dark Moon|278\/394|[from] item: Leftovers
|turn|55
|
|move|p2a: Dark Moon|Foul Play|p1a: .#GoodWall
|-damage|p1a: .#GoodWall|665\/714
|move|p1a: .#GoodWall|Toxic|p2a: Dark Moon
|-status|p2a: Dark Moon|tox
|-status|p1a: .#GoodWall|tox
|
|-heal|p1a: .#GoodWall|714\/714 tox|[from] move: Wish|[wisher] .#GoodWall
|-heal|p2a: Dark Moon|302\/394 tox|[from] item: Leftovers
|-damage|p2a: Dark Moon|278\/394 tox|[from] psn
|-damage|p1a: .#GoodWall|670\/714 tox|[from] psn
|turn|56
|
|move|p2a: Dark Moon|Heal Bell|p2a: Dark Moon
|-cureteam|p2a: Dark Moon|[from] move: HealBell
|move|p1a: .#GoodWall|Wish|p1a: .#GoodWall
|
|-heal|p2a: Dark Moon|302\/394|[from] item: Leftovers
|-heal|p1a: .#GoodWall|714\/714 tox|[from] item: Leftovers
|-damage|p1a: .#GoodWall|626\/714 tox|[from] psn
|turn|57
|
|switch|p1a: NightmareMoon|Absol-Mega, F|190\/271
|move|p2a: Dark Moon|Foul Play|p1a: NightmareMoon
|-resisted|p1a: NightmareMoon
|-damage|p1a: NightmareMoon|44\/271
|
|-heal|p1a: NightmareMoon|271\/271|[from] move: Wish|[wisher] .#GoodWall
|-heal|p2a: Dark Moon|326\/394|[from] item: Leftovers
|turn|58
|
|move|p1a: NightmareMoon|Knock Off|p2a: Dark Moon
|-resisted|p2a: Dark Moon
|-damage|p2a: Dark Moon|233\/394
|-enditem|p2a: Dark Moon|Leftovers|[from] move: Knock Off|[of] p1a: NightmareMoon
|move|p2a: Dark Moon|Wish|p2a: Dark Moon
|
|turn|59
|
|move|p2a: Dark Moon|Protect|p2a: Dark Moon
|-singleturn|p2a: Dark Moon|Protect
|move|p1a: NightmareMoon|Knock Off|p2a: Dark Moon
|-activate|p2a: Dark Moon|Protect
|
|-heal|p2a: Dark Moon|394\/394|[from] move: Wish|[wisher] Dark Moon
|turn|60
|chat|HAXX_ME!|you win
|
|move|p1a: NightmareMoon|Superpower|p2a: Dark Moon
|-supereffective|p2a: Dark Moon
|-damage|p2a: Dark Moon|98\/394
|-unboost|p1a: NightmareMoon|atk|1
|-unboost|p1a: NightmareMoon|def|1
|move|p2a: Dark Moon|Wish|p2a: Dark Moon
|
|turn|61
|
|move|p1a: NightmareMoon|Superpower|p2a: Dark Moon
|-supereffective|p2a: Dark Moon
|-damage|p2a: Dark Moon|0 fnt
|-unboost|p1a: NightmareMoon|atk|1
|-unboost|p1a: NightmareMoon|def|1
|faint|p2a: Dark Moon
|
|
|switch|p2a: Jackie Chan|Mienshao, F|271\/271
|-damage|p2a: Jackie Chan|255\/271|[from] Stealth Rock
|turn|62
|
|switch|p1a: Paul|Slowbro, M|394\/394
|move|p2a: Jackie Chan|Knock Off|p1a: Paul
|-supereffective|p1a: Paul
|-damage|p1a: Paul|248\/394
|-enditem|p1a: Paul|Leftovers|[from] move: Knock Off|[of] p2a: Jackie Chan
|
|turn|63
|
|switch|p2a: Albafica|Roserade, M|261\/261
|-damage|p2a: Albafica|229\/261|[from] Stealth Rock
|move|p1a: Paul|Psyshock|p2a: Albafica
|-crit|p2a: Albafica
|-supereffective|p2a: Albafica
|-damage|p2a: Albafica|0 fnt
|faint|p2a: Albafica
|
|-message|HAXX_ME! forfeited.
|
|win|MaryLa
|raw|Ladder updating...
|leave|HAXX_ME!
|player|p2
|raw|MaryLa's rating: 1508 &rarr; <strong>1530<\/strong><br \/>(+22 for winning)
|raw|HAXX_ME!'s rating: 1531 &rarr; <strong>1509<\/strong><br \/>(-22 for losing)
|chat|MaryLa|gg