|join|MaryLa
|join|MaroGod
|player|p1|MaryLa|289
|player|p2|MaroGod|99
|gametype|singles
|gen|6
|tier|UU
|rated
|rule|Sleep Clause Mod: Limit one foe put to sleep
|rule|Species Clause: Limit one of each PokÃ©mon
|rule|OHKO Clause: OHKO moves are banned
|rule|Moody Clause: Moody is banned
|rule|Evasion Moves Clause: Evasion moves are banned
|rule|Endless Battle Clause: Forcing endless battles is banned
|rule|HP Percentage Mod: HP is shown in percentages
|clearpoke
|poke|p1|Absol, F
|poke|p1|Gourgeist-*, F, shiny
|poke|p1|Empoleon, M
|poke|p1|Rotom-Heat
|poke|p1|Florges, F, shiny
|poke|p1|Mienshao, F, shiny
|poke|p2|Krookodile, M
|poke|p2|Braviary, M
|poke|p2|Aggron, F
|poke|p2|Chandelure, F
|poke|p2|Jirachi, shiny
|poke|p2|Roserade, F
|rule|Swagger Clause: Swagger is banned
|rule|Baton Pass Clause: Limit one PokÃ©mon knowing Baton Pass
|teampreview
|c|âMaroGod|gl hf
|c|âMaryLa|u too
|
|start
|switch|p1a: Free Hugs|Rotom-Heat|304\/304
|switch|p2a: POWER|Braviary, M|342\/342
|turn|1
|
|switch|p2a: Light|Chandelure, F|323\/323
|move|p1a: Free Hugs|Volt Switch|p2a: Light
|-damage|p2a: Light|136\/323
|
|switch|p1a: Kikyo|Mienshao, F, shiny|271\/271
|
|turn|2
|
|move|p1a: Kikyo|U-turn|p2a: Light
|-resisted|p2a: Light
|-damage|p2a: Light|114\/323
|
|switch|p1a: Free Hugs|Rotom-Heat|304\/304
|move|p2a: Light|Fire Blast|p1a: Free Hugs
|-resisted|p1a: Free Hugs
|-damage|p1a: Free Hugs|137\/304
|
|turn|3
|
|switch|p2a: Bullet|Krookodile, M|331\/331
|move|p1a: Free Hugs|Volt Switch|p2a: Bullet
|-immune|p2a: Bullet|[msg]
|
|turn|4
|
|switch|p1a: Blair|Gourgeist-Super, F, shiny|374\/374
|-item|p2a: Bullet|Choice Scarf|[from] ability: Frisk|[of] p1a: Blair|[identify]
|move|p2a: Bullet|Knock Off|p1a: Blair
|-supereffective|p1a: Blair
|-damage|p1a: Blair|164\/374
|-enditem|p1a: Blair|Leftovers|[from] move: Knock Off|[of] p2a: Bullet
|
|turn|5
|
|switch|p2a: Daisy|Roserade, F|261\/261
|move|p1a: Blair|Will-O-Wisp|p2a: Daisy
|-status|p2a: Daisy|brn
|
|-damage|p2a: Daisy|229\/261 brn|[from] brn
|turn|6
|
|switch|p1a: KingDeDeDe|Empoleon, M|372\/372
|move|p2a: Daisy|Sludge Bomb|p1a: KingDeDeDe
|-immune|p1a: KingDeDeDe|[msg]
|
|-damage|p2a: Daisy|197\/261 brn|[from] brn
|turn|7
|c|âMaroGod|love the nick
|
|move|p2a: Daisy|Energy Ball|p1a: KingDeDeDe
|-damage|p1a: KingDeDeDe|224\/372
|-damage|p2a: Daisy|171\/261 brn|[from] item: Life Orb
|move|p1a: KingDeDeDe|Stealth Rock|p2a: Daisy
|-sidestart|p2: MaroGod|move: Stealth Rock
|
|-heal|p1a: KingDeDeDe|247\/372|[from] item: Leftovers
|-damage|p2a: Daisy|139\/261 brn|[from] brn
|turn|8
|c|âMaryLa|thanks :3
|
|move|p2a: Daisy|Rest|p2a: Daisy
|-status|p2a: Daisy|slp
|-heal|p2a: Daisy|261\/261 slp|[silent]
|-status|p2a: Daisy|slp|[from] move: Rest
|move|p1a: KingDeDeDe|Roar|p2a: Daisy
|drag|p2a: POWER|Braviary, M|342\/342
|-damage|p2a: POWER|257\/342|[from] Stealth Rock
|
|-heal|p1a: KingDeDeDe|270\/372|[from] item: Leftovers
|turn|9
|
|move|p2a: POWER|U-turn|p1a: KingDeDeDe
|-resisted|p1a: KingDeDeDe
|-damage|p1a: KingDeDeDe|200\/372
|
|switch|p2a: Illuminati|Jirachi, shiny|341\/341
|-damage|p2a: Illuminati|320\/341|[from] Stealth Rock
|move|p1a: KingDeDeDe|Scald|p2a: Illuminati
|-damage|p2a: Illuminati|215\/341
|
|-heal|p1a: KingDeDeDe|223\/372|[from] item: Leftovers
|turn|10
|
|switch|p1a: Free Hugs|Rotom-Heat|137\/304
|move|p2a: Illuminati|Energy Ball|p1a: Free Hugs
|-crit|p1a: Free Hugs
|-resisted|p1a: Free Hugs
|-damage|p1a: Free Hugs|62\/304
|-damage|p2a: Illuminati|181\/341|[from] item: Life Orb
|
|turn|11
|
|switch|p2a: Bullet|Krookodile, M|331\/331
|-damage|p2a: Bullet|311\/331|[from] Stealth Rock
|move|p1a: Free Hugs|Will-O-Wisp|p2a: Bullet
|-status|p2a: Bullet|brn
|
|-damage|p2a: Bullet|270\/331 brn|[from] brn
|turn|12
|
|switch|p1a: OpraWinfairy|Florges, F, shiny|360\/360
|move|p2a: Bullet|Knock Off|p1a: OpraWinfairy
|-resisted|p1a: OpraWinfairy
|-damage|p1a: OpraWinfairy|318\/360
|-enditem|p1a: OpraWinfairy|Leftovers|[from] move: Knock Off|[of] p2a: Bullet
|
|-damage|p2a: Bullet|229\/331 brn|[from] brn
|turn|13
|
|switch|p2a: FUCK YOU|Aggron, F|282\/282
|-damage|p2a: FUCK YOU|265\/282|[from] Stealth Rock
|move|p1a: OpraWinfairy|Wish|p1a: OpraWinfairy
|
|turn|14
|
|switch|p1a: Blair|Gourgeist-Super, F, shiny|164\/374
|-item|p2a: FUCK YOU|Aggronite|[from] ability: Frisk|[of] p1a: Blair|[identify]
|detailschange|p2a: FUCK YOU|Aggron-Mega, F
|-mega|p2a: FUCK YOU|Aggron|Aggronite
|move|p2a: FUCK YOU|Heavy Slam|p1a: Blair
|-crit|p1a: Blair
|-damage|p1a: Blair|0 fnt
|faint|p1a: Blair
|
|c|âMaryLa|the god damn crits.
|c|âMaroGod|cant tell if it mattered
|
|switch|p1a: Free Hugs|Rotom-Heat|62\/304
|turn|15
|c|âMaroGod|want me to calc
|c|âMaryLa|yes please.
|c|âMaroGod|ok one sec
|c|âMaryLa|it was a xl one, max def
|c|âMaroGod|turn timer off plz
|c|âMaroGod|cheers
|c|âMaroGod|ok max hp max def impish? or bold
|c|âMaryLa|impish
|c|âMaroGod|how much hp
|c|âMaroGod|did it have left
|c|âMaryLa|uuh
|c|âMaryLa|almost 44%
|c|âMaroGod|super or large
|c|âMaryLa|super
|c|âMaroGod|crit may of mattered if there was no crit i had a chance to ko
|
|switch|p2a: Light|Chandelure, F|114\/323
|-damage|p2a: Light|34\/323|[from] Stealth Rock
|move|p1a: Free Hugs|Volt Switch|p2a: Light
|-damage|p2a: Light|0 fnt
|faint|p2a: Light
|c|âMaryLa|I see.
|
|switch|p1a: Kikyo|Mienshao, F, shiny|271\/271
|
|
|switch|p2a: Daisy|Roserade, F|261\/261
|-damage|p2a: Daisy|229\/261|[from] Stealth Rock
|turn|16
|
|move|p1a: Kikyo|U-turn|p2a: Daisy
|-damage|p2a: Daisy|109\/261
|
|switch|p1a: KingDeDeDe|Empoleon, M|223\/372
|move|p2a: Daisy|Dazzling Gleam|p1a: KingDeDeDe
|-resisted|p1a: KingDeDeDe
|-damage|p1a: KingDeDeDe|179\/372
|-damage|p2a: Daisy|83\/261|[from] item: Life Orb
|
|-heal|p1a: KingDeDeDe|202\/372|[from] item: Leftovers
|turn|17
|
|move|p2a: Daisy|Energy Ball|p1a: KingDeDeDe
|-damage|p1a: KingDeDeDe|62\/372
|-damage|p2a: Daisy|57\/261|[from] item: Life Orb
|move|p1a: KingDeDeDe|Scald|p2a: Daisy
|-resisted|p2a: Daisy
|-damage|p2a: Daisy|0 fnt
|faint|p2a: Daisy
|
|-heal|p1a: KingDeDeDe|85\/372|[from] item: Leftovers
|
|switch|p2a: POWER|Braviary, M|257\/342
|-damage|p2a: POWER|172\/342|[from] Stealth Rock
|turn|18
|
|move|p2a: POWER|Brave Bird|p1a: KingDeDeDe
|-resisted|p1a: KingDeDeDe
|-damage|p1a: KingDeDeDe|0 fnt
|-damage|p2a: POWER|144\/342|[from] recoil|[of] p1a: KingDeDeDe
|faint|p1a: KingDeDeDe
|
|
|switch|p1a: Free Hugs|Rotom-Heat|62\/304
|turn|19
|
|switch|p2a: Bullet|Krookodile, M|229\/331 brn
|-damage|p2a: Bullet|209\/331 brn|[from] Stealth Rock
|move|p1a: Free Hugs|Trick|p2a: Bullet
|-activate|p1a: Free Hugs|move: Trick|[of] p2a: Bullet
|-item|p2a: Bullet|Choice Specs|[from] move: Trick
|-item|p1a: Free Hugs|Choice Scarf|[from] move: Trick
|
|-damage|p2a: Bullet|168\/331 brn|[from] brn
|turn|20
|
|switch|p1a: OpraWinfairy|Florges, F, shiny|318\/360
|move|p2a: Bullet|Earthquake|p1a: OpraWinfairy
|-damage|p1a: OpraWinfairy|231\/360
|
|-damage|p2a: Bullet|127\/331 brn|[from] brn
|turn|21
|
|move|p2a: Bullet|Earthquake|p1a: OpraWinfairy
|-damage|p1a: OpraWinfairy|143\/360
|move|p1a: OpraWinfairy|Wish|p1a: OpraWinfairy
|
|-damage|p2a: Bullet|86\/331 brn|[from] brn
|turn|22
|
|switch|p2a: FUCK YOU|Aggron-Mega, F|265\/282
|-damage|p2a: FUCK YOU|248\/282|[from] Stealth Rock
|switch|p1a: Free Hugs|Rotom-Heat|62\/304
|
|-heal|p1a: Free Hugs|242\/304|[from] move: Wish|[wisher] OpraWinfairy
|turn|23
|c|âMaroGod|shit
|
|switch|p2a: Illuminati|Jirachi, shiny|181\/341
|-damage|p2a: Illuminati|160\/341|[from] Stealth Rock
|move|p1a: Free Hugs|Will-O-Wisp|p2a: Illuminati
|-status|p2a: Illuminati|brn
|
|-damage|p2a: Illuminati|118\/341 brn|[from] brn
|turn|24
|
|move|p2a: Illuminati|Doom Desire|p1a: Free Hugs
|-start|p2a: Illuminati|Doom Desire
|move|p1a: Free Hugs|Will-O-Wisp|p2a: Illuminati
|-fail|p2a: Illuminati|brn
|
|-damage|p2a: Illuminati|76\/341 brn|[from] brn
|turn|25
|
|move|p2a: Illuminati|Psyshock|p1a: Free Hugs
|-damage|p1a: Free Hugs|104\/304
|-damage|p2a: Illuminati|42\/341 brn|[from] item: Life Orb
|move|p1a: Free Hugs|Will-O-Wisp|p2a: Illuminati|[miss]
|-miss|p1a: Free Hugs|p2a: Illuminati
|
|-damage|p2a: Illuminati|0 fnt|[from] brn
|faint|p2a: Illuminati
|
|switch|p2a: POWER|Braviary, M|144\/342
|-damage|p2a: POWER|59\/342|[from] Stealth Rock
|turn|26
|c|âMaroGod|I PRESSED KROOK
|c|âMaroGod|FUCK xD
|
|move|p1a: Free Hugs|Will-O-Wisp|p2a: POWER|[miss]
|-miss|p1a: Free Hugs|p2a: POWER
|move|p2a: POWER|Return|p1a: Free Hugs
|-damage|p1a: Free Hugs|0 fnt
|faint|p1a: Free Hugs
|
|-hint|Doom Desire did not hit because the target is fainted.
|c|âMaroGod|thank jeebus
|
|switch|p1a: NightmareMoon|Absol, F|271\/271
|turn|27
|c|âMaryLa|xD
|
|detailschange|p1a: NightmareMoon|Absol-Mega, F
|-mega|p1a: NightmareMoon|Absol|Absolite
|move|p1a: NightmareMoon|Sucker Punch|p2a: POWER
|-damage|p2a: POWER|0 fnt
|faint|p2a: POWER
|
|
|switch|p2a: FUCK YOU|Aggron-Mega, F|248\/282
|-damage|p2a: FUCK YOU|231\/282|[from] Stealth Rock
|turn|28
|
|switch|p1a: OpraWinfairy|Florges, F, shiny|143\/360
|move|p2a: FUCK YOU|Rock Polish|p2a: FUCK YOU
|-boost|p2a: FUCK YOU|spe|2
|
|turn|29
|
|move|p2a: FUCK YOU|Heavy Slam|p1a: OpraWinfairy
|-supereffective|p1a: OpraWinfairy
|-damage|p1a: OpraWinfairy|0 fnt
|faint|p1a: OpraWinfairy
|
|
|switch|p1a: Kikyo|Mienshao, F, shiny|271\/271
|turn|30
|
|move|p1a: Kikyo|High Jump Kick|p2a: FUCK YOU
|-supereffective|p2a: FUCK YOU
|-damage|p2a: FUCK YOU|36\/282
|move|p2a: FUCK YOU|Heavy Slam|p1a: Kikyo
|-damage|p1a: Kikyo|0 fnt
|faint|p1a: Kikyo
|
|
|switch|p1a: NightmareMoon|Absol-Mega, F|271\/271
|turn|31
|
|move|p1a: NightmareMoon|Sucker Punch|p2a: FUCK YOU
|-fail|p2a: FUCK YOU
|move|p2a: FUCK YOU|Rock Polish|p2a: FUCK YOU
|-boost|p2a: FUCK YOU|spe|2
|
|turn|32
|
|move|p1a: NightmareMoon|Sucker Punch|p2a: FUCK YOU
|-fail|p2a: FUCK YOU
|move|p2a: FUCK YOU|Rock Polish|p2a: FUCK YOU
|-boost|p2a: FUCK YOU|spe|2
|
|turn|33
|
|move|p1a: NightmareMoon|Sucker Punch|p2a: FUCK YOU
|-fail|p2a: FUCK YOU
|move|p2a: FUCK YOU|Rock Polish|p2a: FUCK YOU
|-fail|p2a: FUCK YOU
|
|turn|34
|c|âMaroGod|i will do this
|
|move|p1a: NightmareMoon|Sucker Punch|p2a: FUCK YOU
|-fail|p2a: FUCK YOU
|move|p2a: FUCK YOU|Rock Polish|p2a: FUCK YOU
|-fail|p2a: FUCK YOU
|
|turn|35
|
|move|p2a: FUCK YOU|Heavy Slam|p1a: NightmareMoon
|-damage|p1a: NightmareMoon|0 fnt
|faint|p1a: NightmareMoon
|
|win|MaroGod
|raw|Ladder updating...
|raw|MaryLa's rating: 1381 &rarr; <strong>1355<\/strong><br \/>(-26 for losing)
|raw|MaroGod's rating: 1275 &rarr; <strong>1308<\/strong><br \/>(+33 for winning)
|c|âMaroGod|HAHA xD
|c|âMaryLa|you little shit.
|c|âMaryLa|gg.
|c|âMaroGod|gg
|c|âMaroGod|Omg
|c|âMaroGod|xD
|c|âMaroGod|im still laughing that was a great battle but xD
|c|âMaryLa|well I'm really frustrated, but that's not your fault.
|c|âMaryLa|anyway, gotta go
|c|âMaryLa|bye
|c|âMaroGod|bye