|join|MaryLa
|join|VGC Hero
|player|p1|MaryLa|289
|player|p2|VGC Hero|1
|gametype|singles
|gen|6
|tier|UU
|rated
|rule|Sleep Clause Mod: Limit one foe put to sleep
|rule|Species Clause: Limit one of each PokÃ©mon
|rule|OHKO Clause: OHKO moves are banned
|rule|Moody Clause: Moody is banned
|rule|Evasion Moves Clause: Evasion moves are banned
|rule|Endless Battle Clause: Forcing endless battles is banned
|rule|HP Percentage Mod: HP is shown in percentages
|clearpoke
|poke|p1|Camerupt, F
|poke|p1|Donphan, M
|poke|p1|Milotic, F
|poke|p1|Noivern, M
|poke|p1|Raikou
|poke|p1|Blissey, F
|poke|p2|Flygon, M
|poke|p2|Jirachi
|poke|p2|Raikou
|poke|p2|Hippowdon, F
|poke|p2|Roserade, M
|poke|p2|Azelf
|rule|Swagger Clause: Swagger is banned
|rule|Baton Pass Clause: Limit one PokÃ©mon knowing Baton Pass
|teampreview
|
|start
|switch|p1a: Drop it.|Noivern, M|311\/311
|switch|p2a: Roserade|Roserade, M|261\/261
|-item|p2a: Roserade|Life Orb|[from] ability: Frisk|[of] p1a: Drop it.|[identify]
|turn|1
|
|switch|p2a: Jirachi|Jirachi|404\/404
|move|p1a: Drop it.|U-turn|p2a: Jirachi
|-damage|p2a: Jirachi|364\/404
|
|switch|p1a: Miss Magma|Camerupt, F|344\/344
|
|-heal|p2a: Jirachi|389\/404|[from] item: Leftovers
|turn|2
|
|detailschange|p1a: Miss Magma|Camerupt-Mega, F
|-mega|p1a: Miss Magma|Camerupt|Cameruptite
|move|p2a: Jirachi|Toxic|p1a: Miss Magma
|-status|p1a: Miss Magma|tox
|move|p1a: Miss Magma|Will-O-Wisp|p2a: Jirachi
|-status|p2a: Jirachi|brn
|
|-heal|p2a: Jirachi|404\/404 brn|[from] item: Leftovers
|-damage|p2a: Jirachi|354\/404 brn|[from] brn
|-damage|p1a: Miss Magma|323\/344 tox|[from] psn
|turn|3
|
|move|p2a: Jirachi|Iron Head|p1a: Miss Magma
|-crit|p1a: Miss Magma
|-resisted|p1a: Miss Magma
|-damage|p1a: Miss Magma|289\/344 tox
|cant|p1a: Miss Magma|flinch
|
|-heal|p2a: Jirachi|379\/404 brn|[from] item: Leftovers
|-damage|p2a: Jirachi|329\/404 brn|[from] brn
|-damage|p1a: Miss Magma|247\/344 tox|[from] psn
|turn|4
|
|move|p2a: Jirachi|U-turn|p1a: Miss Magma
|-resisted|p1a: Miss Magma
|-damage|p1a: Miss Magma|233\/344 tox
|
|switch|p2a: Azelf|Azelf|291\/291
|move|p1a: Miss Magma|Earth Power|p2a: Azelf
|-immune|p2a: Azelf|[msg]
|
|-damage|p1a: Miss Magma|170\/344 tox|[from] psn
|turn|5
|c|âMaryLa|I can't believe what just happenes.
|c|âMaryLa|happened*
|c|âMaryLa|but k.
|
|switch|p1a: GoodWall|Blissey, F|714\/714
|move|p2a: Azelf|Stealth Rock|p1a: GoodWall
|-sidestart|p1: MaryLa|move: Stealth Rock
|
|turn|6
|
|move|p2a: Azelf|Psyshock|p1a: GoodWall
|-damage|p1a: GoodWall|219\/714
|move|p1a: GoodWall|Heal Bell|p1a: GoodWall
|-cureteam|p1a: GoodWall|[from] move: HealBell
|
|-heal|p1a: GoodWall|263\/714|[from] item: Leftovers
|turn|7
|
|move|p1a: GoodWall|Protect|p1a: GoodWall
|-singleturn|p1a: GoodWall|Protect
|move|p2a: Azelf|Psyshock|p1a: GoodWall
|-activate|p1a: GoodWall|Protect
|
|-heal|p1a: GoodWall|307\/714|[from] item: Leftovers
|turn|8
|
|switch|p1a: Tire|Donphan, M|384\/384
|-damage|p1a: Tire|360\/384|[from] Stealth Rock
|move|p2a: Azelf|Psyshock|p1a: Tire
|-damage|p1a: Tire|278\/384
|
|-heal|p1a: Tire|302\/384|[from] item: Leftovers
|turn|9
|
|switch|p2a: Roserade|Roserade, M|261\/261
|move|p1a: Tire|Knock Off|p2a: Roserade
|-damage|p2a: Roserade|130\/261
|-enditem|p2a: Roserade|Life Orb|[from] move: Knock Off|[of] p1a: Tire
|
|-heal|p1a: Tire|326\/384|[from] item: Leftovers
|turn|10
|
|switch|p1a: GoodWall|Blissey, F|307\/714
|-damage|p1a: GoodWall|218\/714|[from] Stealth Rock
|move|p2a: Roserade|Leaf Storm|p1a: GoodWall
|-damage|p1a: GoodWall|80\/714
|-unboost|p2a: Roserade|spa|2
|
|-heal|p1a: GoodWall|124\/714|[from] item: Leftovers
|turn|11
|
|move|p2a: Roserade|Rest|p2a: Roserade
|-status|p2a: Roserade|slp
|-heal|p2a: Roserade|261\/261 slp|[silent]
|-status|p2a: Roserade|slp|[from] move: Rest
|move|p1a: GoodWall|Wish|p1a: GoodWall
|
|-heal|p1a: GoodWall|168\/714|[from] item: Leftovers
|turn|12
|
|switch|p2a: Flygon|Flygon, M|301\/301
|move|p1a: GoodWall|Seismic Toss|p2a: Flygon
|-damage|p2a: Flygon|201\/301
|
|-heal|p1a: GoodWall|525\/714|[from] move: Wish|[wisher] GoodWall
|-heal|p1a: GoodWall|569\/714|[from] item: Leftovers
|turn|13
|
|move|p1a: GoodWall|Protect|p1a: GoodWall
|-singleturn|p1a: GoodWall|Protect
|move|p2a: Flygon|Earthquake|p1a: GoodWall
|-activate|p1a: GoodWall|Protect
|
|-heal|p1a: GoodWall|613\/714|[from] item: Leftovers
|turn|14
|
|switch|p2a: Jirachi|Jirachi|329\/404 brn
|switch|p1a: Drop it.|Noivern, M|311\/311
|-damage|p1a: Drop it.|234\/311|[from] Stealth Rock
|-item|p2a: Jirachi|Leftovers|[from] ability: Frisk|[of] p1a: Drop it.|[identify]
|
|-heal|p2a: Jirachi|354\/404 brn|[from] item: Leftovers
|-damage|p2a: Jirachi|304\/404 brn|[from] brn
|turn|15
|
|move|p1a: Drop it.|Flamethrower|p2a: Jirachi
|-supereffective|p2a: Jirachi
|-damage|p2a: Jirachi|100\/404 brn
|move|p2a: Jirachi|Toxic|p1a: Drop it.
|-status|p1a: Drop it.|tox
|
|-heal|p2a: Jirachi|125\/404 brn|[from] item: Leftovers
|-damage|p1a: Drop it.|215\/311 tox|[from] psn
|-damage|p2a: Jirachi|75\/404 brn|[from] brn
|turn|16
|
|switch|p2a: Flygon|Flygon, M|201\/301
|move|p1a: Drop it.|Flamethrower|p2a: Flygon
|-resisted|p2a: Flygon
|-damage|p2a: Flygon|127\/301
|
|-damage|p1a: Drop it.|177\/311 tox|[from] psn
|turn|17
|
|switch|p1a: Tire|Donphan, M|326\/384
|-damage|p1a: Tire|302\/384|[from] Stealth Rock
|move|p2a: Flygon|U-turn|p1a: Tire
|-damage|p1a: Tire|258\/384
|
|switch|p2a: Jirachi|Jirachi|75\/404 brn
|
|-heal|p2a: Jirachi|100\/404 brn|[from] item: Leftovers
|-heal|p1a: Tire|282\/384|[from] item: Leftovers
|-damage|p2a: Jirachi|50\/404 brn|[from] brn
|turn|18
|
|move|p2a: Jirachi|Iron Head|p1a: Tire
|-damage|p1a: Tire|252\/384
|cant|p1a: Tire|flinch
|
|-heal|p2a: Jirachi|75\/404 brn|[from] item: Leftovers
|-heal|p1a: Tire|276\/384|[from] item: Leftovers
|-damage|p2a: Jirachi|25\/404 brn|[from] brn
|turn|19
|
|move|p2a: Jirachi|Toxic|p1a: Tire
|-status|p1a: Tire|tox
|move|p1a: Tire|Rapid Spin|p2a: Jirachi
|-resisted|p2a: Jirachi
|-damage|p2a: Jirachi|16\/404 brn
|-sideend|p1: MaryLa|Stealth Rock|[from] move: Rapid Spin|[of] p1a: Tire
|
|-heal|p2a: Jirachi|41\/404 brn|[from] item: Leftovers
|-heal|p1a: Tire|300\/384 tox|[from] item: Leftovers
|-damage|p2a: Jirachi|0 fnt|[from] brn
|-damage|p1a: Tire|276\/384 tox|[from] psn
|faint|p2a: Jirachi
|
|switch|p2a: Flygon|Flygon, M|127\/301
|turn|20
|
|move|p2a: Flygon|Giga Drain|p1a: Tire
|-supereffective|p1a: Tire
|-damage|p1a: Tire|128\/384 tox
|-heal|p2a: Flygon|201\/301|[from] drain|[of] p1a: Tire
|move|p1a: Tire|Stealth Rock|p2a: Flygon
|-sidestart|p2: VGC Hero|move: Stealth Rock
|
|-heal|p1a: Tire|152\/384 tox|[from] item: Leftovers
|-damage|p1a: Tire|104\/384 tox|[from] psn
|turn|21
|
|switch|p1a: Drop it.|Noivern, M|177\/311 tox
|-item|p2a: Flygon|Choice Scarf|[from] ability: Frisk|[of] p1a: Drop it.|[identify]
|move|p2a: Flygon|Giga Drain|p1a: Drop it.
|-resisted|p1a: Drop it.
|-damage|p1a: Drop it.|161\/311 tox
|-heal|p2a: Flygon|209\/301|[from] drain|[of] p1a: Drop it.
|
|-damage|p1a: Drop it.|142\/311 tox|[from] psn
|turn|22
|
|switch|p2a: Hippowdon|Hippowdon, F|420\/420
|-damage|p2a: Hippowdon|394\/420|[from] Stealth Rock
|-weather|Sandstorm
|move|p1a: Drop it.|U-turn|p2a: Hippowdon
|-damage|p2a: Hippowdon|365\/420
|
|switch|p1a: Mega plz|Milotic, F|394\/394
|
|-weather|Sandstorm|[upkeep]
|-damage|p1a: Mega plz|370\/394|[from] sandstorm
|-heal|p1a: Mega plz|394\/394|[from] item: Leftovers
|-heal|p2a: Hippowdon|391\/420|[from] item: Leftovers
|turn|23
|
|move|p1a: Mega plz|Scald|p2a: Hippowdon
|-supereffective|p2a: Hippowdon
|-damage|p2a: Hippowdon|157\/420
|-status|p2a: Hippowdon|brn
|move|p2a: Hippowdon|Stealth Rock|p1a: Mega plz
|-sidestart|p1: MaryLa|move: Stealth Rock
|
|-weather|Sandstorm|[upkeep]
|-damage|p1a: Mega plz|370\/394|[from] sandstorm
|-heal|p1a: Mega plz|394\/394|[from] item: Leftovers
|-heal|p2a: Hippowdon|183\/420 brn|[from] item: Leftovers
|-damage|p2a: Hippowdon|131\/420 brn|[from] brn
|turn|24
|c|âMaryLa|2 rockers
|c|âMaryLa|k den
|
|move|p1a: Mega plz|Scald|p2a: Hippowdon
|-supereffective|p2a: Hippowdon
|-damage|p2a: Hippowdon|0 fnt
|faint|p2a: Hippowdon
|
|-weather|Sandstorm|[upkeep]
|-damage|p1a: Mega plz|370\/394|[from] sandstorm
|-heal|p1a: Mega plz|394\/394|[from] item: Leftovers
|
|switch|p2a: Azelf|Azelf|291\/291
|-damage|p2a: Azelf|255\/291|[from] Stealth Rock
|turn|25
|
|move|p2a: Azelf|Psyshock|p1a: Mega plz
|-damage|p1a: Mega plz|289\/394
|move|p1a: Mega plz|Scald|p2a: Azelf
|-damage|p2a: Azelf|119\/291
|-status|p2a: Azelf|brn
|
|-weather|Sandstorm|[upkeep]
|-damage|p2a: Azelf|101\/291 brn|[from] sandstorm
|-damage|p1a: Mega plz|265\/394|[from] sandstorm
|-heal|p1a: Mega plz|289\/394|[from] item: Leftovers
|-damage|p2a: Azelf|65\/291 brn|[from] brn
|turn|26
|
|move|p2a: Azelf|Explosion|p1a: Mega plz
|-damage|p1a: Mega plz|54\/394
|faint|p2a: Azelf
|move|p1a: Mega plz|Scald|p2: Azelf|[notarget]
|-notarget
|
|-weather|none
|-heal|p1a: Mega plz|78\/394|[from] item: Leftovers
|
|switch|p2a: Flygon|Flygon, M|209\/301
|-damage|p2a: Flygon|191\/301|[from] Stealth Rock
|turn|27
|
|move|p2a: Flygon|Outrage|p1a: Mega plz
|-damage|p1a: Mega plz|0 fnt
|faint|p1a: Mega plz
|
|
|switch|p1a: Raikou|Raikou|322\/322
|-damage|p1a: Raikou|282\/322|[from] Stealth Rock
|-ability|p1a: Raikou|Pressure
|turn|28
|
|move|p2a: Flygon|Outrage|p1a: Raikou
|-damage|p1a: Raikou|60\/322
|move|p1a: Raikou|Extrasensory|p2a: Flygon
|-damage|p2a: Flygon|95\/301
|
|turn|29
|
|move|p2a: Flygon|Outrage|p1a: Raikou
|-damage|p1a: Raikou|0 fnt
|faint|p1a: Raikou
|
|-end|p2a: Flygon|rampage
|-start|p2a: Flygon|confusion
|
|switch|p1a: Tire|Donphan, M|104\/384 tox
|-damage|p1a: Tire|80\/384 tox|[from] Stealth Rock
|turn|30
|
|switch|p2a: Raikou|Raikou|321\/321
|-damage|p2a: Raikou|281\/321|[from] Stealth Rock
|-ability|p2a: Raikou|Pressure
|move|p1a: Tire|Knock Off|p2a: Raikou
|-damage|p2a: Raikou|162\/321
|-enditem|p2a: Raikou|Choice Specs|[from] move: Knock Off|[of] p1a: Tire
|
|-heal|p1a: Tire|104\/384 tox|[from] item: Leftovers
|-damage|p1a: Tire|80\/384 tox|[from] psn
|turn|31
|
|switch|p1a: GoodWall|Blissey, F|613\/714
|-damage|p1a: GoodWall|524\/714|[from] Stealth Rock
|move|p2a: Raikou|Hidden Power|p1a: GoodWall
|-damage|p1a: GoodWall|489\/714
|
|-heal|p1a: GoodWall|533\/714|[from] item: Leftovers
|turn|32
|
|switch|p2a: Roserade|Roserade, M|261\/261
|-damage|p2a: Roserade|229\/261|[from] Stealth Rock
|move|p1a: GoodWall|Heal Bell|p1a: GoodWall
|-cureteam|p1a: GoodWall|[from] move: HealBell
|
|-heal|p1a: GoodWall|577\/714|[from] item: Leftovers
|turn|33
|
|move|p2a: Roserade|Sludge Bomb|p1a: GoodWall
|-damage|p1a: GoodWall|481\/714
|-status|p1a: GoodWall|psn
|move|p1a: GoodWall|Wish|p1a: GoodWall
|
|-heal|p1a: GoodWall|525\/714 psn|[from] item: Leftovers
|-damage|p1a: GoodWall|436\/714 psn|[from] psn
|turn|34
|
|switch|p1a: Miss Magma|Camerupt-Mega, F|170\/344
|-damage|p1a: Miss Magma|127\/344|[from] Stealth Rock
|move|p2a: Roserade|Dazzling Gleam|p1a: Miss Magma
|-resisted|p1a: Miss Magma
|-damage|p1a: Miss Magma|86\/344
|
|-heal|p1a: Miss Magma|344\/344|[from] move: Wish|[wisher] GoodWall
|turn|35
|
|move|p2a: Roserade|Leaf Storm|p1a: Miss Magma|[miss]
|-miss|p2a: Roserade|p1a: Miss Magma
|move|p1a: Miss Magma|Fire Blast|p2a: Roserade
|-supereffective|p2a: Roserade
|-damage|p2a: Roserade|0 fnt
|faint|p2a: Roserade
|
|
|switch|p2a: Raikou|Raikou|162\/321
|-damage|p2a: Raikou|122\/321|[from] Stealth Rock
|-ability|p2a: Raikou|Pressure
|turn|36
|
|move|p2a: Raikou|Shadow Ball|p1a: Miss Magma
|-damage|p1a: Miss Magma|260\/344
|move|p1a: Miss Magma|Earth Power|p2a: Raikou
|-supereffective|p2a: Raikou
|-damage|p2a: Raikou|0 fnt
|faint|p2a: Raikou
|
|
|switch|p2a: Flygon|Flygon, M|95\/301
|-damage|p2a: Flygon|77\/301|[from] Stealth Rock
|turn|37
|
|move|p2a: Flygon|Outrage|p1a: Miss Magma
|-damage|p1a: Miss Magma|98\/344
|move|p1a: Miss Magma|Will-O-Wisp|p2a: Flygon
|-status|p2a: Flygon|brn
|
|-damage|p2a: Flygon|40\/301 brn|[from] brn
|turn|38
|
|move|p2a: Flygon|Outrage|p1a: Miss Magma
|-damage|p1a: Miss Magma|16\/344
|move|p1a: Miss Magma|Ancient Power|p2a: Flygon
|-crit|p2a: Flygon
|-resisted|p2a: Flygon
|-damage|p2a: Flygon|0 fnt
|faint|p2a: Flygon
|
|win|MaryLa
|raw|Ladder updating...
|c|âVGC Hero|gg
|raw|MaryLa's rating: 1361 &rarr; <strong>1377<\/strong><br \/>(+16 for winning)
|raw|VGC Hero's rating: 1288 &rarr; <strong>1268<\/strong><br \/>(-20 for losing)
|leave|VGC Hero
|player|p2