|join|MaryLa
|join|nellineo
|player|p1|MaryLa|289
|player|p2|nellineo|150
|gametype|singles
|gen|6
|tier|UU
|rated
|rule|Sleep Clause Mod: Limit one foe put to sleep
|rule|Species Clause: Limit one of each PokÃ©mon
|rule|OHKO Clause: OHKO moves are banned
|rule|Moody Clause: Moody is banned
|rule|Evasion Moves Clause: Evasion moves are banned
|rule|Endless Battle Clause: Forcing endless battles is banned
|rule|HP Percentage Mod: HP is shown in percentages
|clearpoke
|poke|p1|Crobat, M
|poke|p1|Swampert, M
|poke|p1|Absol, F, shiny
|poke|p1|Entei, shiny
|poke|p1|Jirachi, shiny
|poke|p1|Blissey, F
|poke|p2|Blastoise, F
|poke|p2|Rhyperior, F
|poke|p2|Crobat, M
|poke|p2|Empoleon, M
|poke|p2|Entei, shiny
|poke|p2|Flygon, F
|rule|Swagger Clause: Swagger is banned
|rule|Baton Pass Clause: Limit one PokÃ©mon knowing Baton Pass
|teampreview
|c|âMaryLa|3 possible defoggers and a spinner
|c|âMaryLa|bruh.
|
|start
|switch|p1a: TeamPlayer|Swampert, M|401\/401
|switch|p2a: Emporeon Armani|Empoleon, M|310\/310
|turn|1
|c|ânellineo|ive played so many stallers i just dont care anymore :D
|c|âMaryLa|xD
|
|move|p2a: Emporeon Armani|Grass Knot|p1a: TeamPlayer
|-supereffective|p1a: TeamPlayer
|-damage|p1a: TeamPlayer|0 fnt
|faint|p1a: TeamPlayer
|
|
|switch|p1a: Doom|Jirachi, shiny|403\/403
|turn|2
|
|switch|p2a: Blastoise|Blastoise, F|358\/358
|move|p1a: Doom|Substitute|p1a: Doom
|-start|p1a: Doom|Substitute
|-damage|p1a: Doom|303\/403
|
|-heal|p1a: Doom|328\/403|[from] item: Leftovers
|turn|3
|
|detailschange|p2a: Blastoise|Blastoise-Mega, F
|-mega|p2a: Blastoise|Blastoise|Blastoisinite
|move|p1a: Doom|Body Slam|p2a: Blastoise
|-damage|p2a: Blastoise|302\/358
|-status|p2a: Blastoise|par
|cant|p2a: Blastoise|par
|
|-heal|p1a: Doom|353\/403|[from] item: Leftovers
|turn|4
|
|move|p1a: Doom|Iron Head|p2a: Blastoise
|-resisted|p2a: Blastoise
|-damage|p2a: Blastoise|264\/358 par
|cant|p2a: Blastoise|par
|
|-heal|p1a: Doom|378\/403|[from] item: Leftovers
|turn|5
|c|ânellineo|here comes the paraflinch
|c|âMaryLa|eeeyup
|c|âMaryLa|this set is pretty nasty.
|
|move|p1a: Doom|Iron Head|p2a: Blastoise
|-resisted|p2a: Blastoise
|-damage|p2a: Blastoise|222\/358 par
|cant|p2a: Blastoise|flinch
|
|-heal|p1a: Doom|403\/403|[from] item: Leftovers
|turn|6
|c|âMaryLa|I feel like a bitch every time I use it xD
|c|ânellineo|dont
|
|move|p1a: Doom|Iron Head|p2a: Blastoise
|-resisted|p2a: Blastoise
|-damage|p2a: Blastoise|180\/358 par
|cant|p2a: Blastoise|flinch
|
|turn|7
|c|ânellineo|i just dont find the fun in using it
|c|âMaryLa|but there's no nice way to use jirachi..
|c|ânellineo|thats why you dont use it :D
|
|move|p1a: Doom|Iron Head|p2a: Blastoise
|-resisted|p2a: Blastoise
|-damage|p2a: Blastoise|141\/358 par
|cant|p2a: Blastoise|flinch
|
|turn|8
|c|âMaryLa|but I like jirachi :o
|
|move|p1a: Doom|Iron Head|p2a: Blastoise
|-resisted|p2a: Blastoise
|-damage|p2a: Blastoise|103\/358 par
|move|p2a: Blastoise|Dark Pulse|p1a: Doom
|-supereffective|p1a: Doom
|-end|p1a: Doom|Substitute
|
|turn|9
|c|ânellineo|zenbutt
|
|move|p1a: Doom|Iron Head|p2a: Blastoise
|-resisted|p2a: Blastoise
|-damage|p2a: Blastoise|61\/358 par
|cant|p2a: Blastoise|flinch
|
|turn|10
|c|ânellineo|for the win
|
|move|p1a: Doom|Iron Head|p2a: Blastoise
|-resisted|p2a: Blastoise
|-damage|p2a: Blastoise|19\/358 par
|move|p2a: Blastoise|Dark Pulse|p1a: Doom
|-supereffective|p1a: Doom
|-damage|p1a: Doom|155\/403
|
|-heal|p1a: Doom|180\/403|[from] item: Leftovers
|turn|11
|c|âMaryLa|I thought of using that for bulky water types..
|
|move|p1a: Doom|Iron Head|p2a: Blastoise
|-resisted|p2a: Blastoise
|-damage|p2a: Blastoise|0 fnt
|faint|p2a: Blastoise
|
|-heal|p1a: Doom|205\/403|[from] item: Leftovers
|
|switch|p2a: Enteithematrix|Entei, shiny|372\/372
|-ability|p2a: Enteithematrix|Pressure
|turn|12
|c|âMaryLa|xD
|
|switch|p1a: Crowbar|Crobat, M|373\/373
|move|p2a: Enteithematrix|Sacred Fire|p1a: Crowbar
|-damage|p1a: Crowbar|159\/373
|-status|p1a: Crowbar|brn
|
|-damage|p1a: Crowbar|113\/373 brn|[from] brn
|turn|13
|c|ânellineo|ive spec blast for spA
|c|ânellineo|not so bulky
|
|move|p2a: Enteithematrix|Sacred Fire|p1a: Crowbar
|-damage|p1a: Crowbar|0 fnt
|faint|p1a: Crowbar
|
|c|âMaryLa|usually I have teamplayer for that, buuuut...
|c|ânellineo|shit happens
|
|switch|p1a: Mufasa|Entei, shiny|371\/371
|-ability|p1a: Mufasa|Pressure
|turn|14
|c|ânellineo|so how are you this fine evenign
|c|ânellineo|evening
|c|âMaryLa|it's 2 in the moring where I am xD
|
|switch|p2a: NoGilf|Flygon, F|302\/302
|move|p1a: Mufasa|Bulldoze|p2a: NoGilf
|-immune|p2a: NoGilf|[msg]
|
|turn|15
|c|âMaryLa|and I just ate so I'm pretty fine
|
|switch|p1a: GoodWall|Blissey, F|714\/714
|move|p2a: NoGilf|Earthquake|p1a: GoodWall
|-damage|p1a: GoodWall|414\/714
|
|-heal|p1a: GoodWall|458\/714|[from] item: Leftovers
|turn|16
|
|move|p2a: NoGilf|Earthquake|p1a: GoodWall
|-damage|p1a: GoodWall|158\/714
|move|p1a: GoodWall|Wish|p1a: GoodWall
|
|-heal|p1a: GoodWall|202\/714|[from] item: Leftovers
|turn|17
|
|move|p1a: GoodWall|Protect|p1a: GoodWall
|-singleturn|p1a: GoodWall|Protect
|move|p2a: NoGilf|Earthquake|p1a: GoodWall
|-activate|p1a: GoodWall|Protect
|
|-heal|p1a: GoodWall|559\/714|[from] move: Wish|[wisher] GoodWall
|-heal|p1a: GoodWall|603\/714|[from] item: Leftovers
|turn|18
|
|move|p2a: NoGilf|Earthquake|p1a: GoodWall
|-damage|p1a: GoodWall|276\/714
|move|p1a: GoodWall|Seismic Toss|p2a: NoGilf
|-damage|p2a: NoGilf|202\/302
|
|-heal|p1a: GoodWall|320\/714|[from] item: Leftovers
|turn|19
|
|move|p2a: NoGilf|Earthquake|p1a: GoodWall
|-damage|p1a: GoodWall|0 fnt
|faint|p1a: GoodWall
|
|c|ânellineo|that was lucky
|c|âMaryLa|yup..
|c|ânellineo|max 46% i think
|
|switch|p1a: Celestia|Absol, F, shiny|271\/271
|turn|20
|c|ânellineo|got 45
|
|switch|p2a: Restinperior|Rhyperior, F|434\/434
|detailschange|p1a: Celestia|Absol-Mega, F, shiny
|-mega|p1a: Celestia|Absol|Absolite
|move|p1a: Celestia|Sucker Punch|p2a: Restinperior
|-fail|p2a: Restinperior
|
|turn|21
|
|move|p1a: Celestia|Swords Dance|p1a: Celestia
|-boost|p1a: Celestia|atk|2
|move|p2a: Restinperior|Stealth Rock|p1a: Celestia
|move|p1a: Celestia|Stealth Rock|p2a: Restinperior|[from]Magic Bounce
|-sidestart|p2: nellineo|move: Stealth Rock
|
|turn|22
|c|ânellineo|wtf am i doing
|c|âMaryLa|I do not know
|c|âMaryLa|xD
|
|move|p1a: Celestia|Knock Off|p2a: Restinperior
|-damage|p2a: Restinperior|188\/434
|-enditem|p2a: Restinperior|Leftovers|[from] move: Knock Off|[of] p1a: Celestia
|move|p2a: Restinperior|Rock Blast|p1a: Celestia
|-damage|p1a: Celestia|207\/271
|-damage|p1a: Celestia|138\/271
|-damage|p1a: Celestia|69\/271
|-hitcount|p1a: Celestia|3
|
|turn|23
|
|move|p1a: Celestia|Sucker Punch|p2a: Restinperior
|-damage|p2a: Restinperior|0 fnt
|faint|p2a: Restinperior
|
|
|switch|p2a: Enteithematrix|Entei, shiny|372\/372
|-damage|p2a: Enteithematrix|279\/372|[from] Stealth Rock
|-ability|p2a: Enteithematrix|Pressure
|turn|24
|
|switch|p1a: Mufasa|Entei, shiny|371\/371
|-ability|p1a: Mufasa|Pressure
|move|p2a: Enteithematrix|Extreme Speed|p1a: Mufasa
|-damage|p1a: Mufasa|252\/371
|
|turn|25
|
|switch|p2a: NoGilf|Flygon, F|202\/302
|-damage|p2a: NoGilf|184\/302|[from] Stealth Rock
|move|p1a: Mufasa|Sacred Fire|p2a: NoGilf
|-resisted|p2a: NoGilf
|-damage|p2a: NoGilf|22\/302
|-status|p2a: NoGilf|brn
|
|-damage|p2a: NoGilf|0 fnt|[from] brn
|faint|p2a: NoGilf
|
|switch|p2a: Enteithematrix|Entei, shiny|279\/372
|-damage|p2a: Enteithematrix|186\/372|[from] Stealth Rock
|-ability|p2a: Enteithematrix|Pressure
|turn|26
|
|move|p2a: Enteithematrix|Bulldoze|p1a: Mufasa
|-supereffective|p1a: Mufasa
|-damage|p1a: Mufasa|76\/371
|-unboost|p1a: Mufasa|spe|1
|move|p1a: Mufasa|Sacred Fire|p2a: Enteithematrix
|-resisted|p2a: Enteithematrix
|-damage|p2a: Enteithematrix|25\/372
|
|turn|27
|
|move|p2a: Enteithematrix|Bulldoze|p1a: Mufasa
|-supereffective|p1a: Mufasa
|-damage|p1a: Mufasa|0 fnt
|faint|p1a: Mufasa
|
|
|switch|p1a: Celestia|Absol-Mega, F, shiny|69\/271
|turn|28
|
|move|p1a: Celestia|Sucker Punch|p2a: Enteithematrix
|-crit|p2a: Enteithematrix
|-damage|p2a: Enteithematrix|0 fnt
|faint|p2a: Enteithematrix
|
|
|switch|p2a: Acrobatos1sxoini|Crobat, M|311\/311
|-damage|p2a: Acrobatos1sxoini|234\/311|[from] Stealth Rock
|turn|29
|
|move|p1a: Celestia|Sucker Punch|p2a: Acrobatos1sxoini
|-crit|p2a: Acrobatos1sxoini
|-damage|p2a: Acrobatos1sxoini|0 fnt
|faint|p2a: Acrobatos1sxoini
|
|c|âMaryLa|what
|c|âMaryLa|just happened
|
|switch|p2a: Emporeon Armani|Empoleon, M|310\/310
|-damage|p2a: Emporeon Armani|291\/310|[from] Stealth Rock
|turn|30
|c|ânellineo|xD
|
|move|p1a: Celestia|Knock Off|p2a: Emporeon Armani
|-damage|p2a: Emporeon Armani|92\/310
|-enditem|p2a: Emporeon Armani|Choice Specs|[from] move: Knock Off|[of] p1a: Celestia
|move|p2a: Emporeon Armani|Hydro Pump|p1a: Celestia
|-damage|p1a: Celestia|0 fnt
|faint|p1a: Celestia
|
|
|switch|p1a: Doom|Jirachi, shiny|205\/403
|turn|31
|
|move|p1a: Doom|Substitute|p1a: Doom
|-start|p1a: Doom|Substitute
|-damage|p1a: Doom|105\/403
|move|p2a: Emporeon Armani|Hydro Pump|p1a: Doom|[miss]
|-miss|p2a: Emporeon Armani|p1a: Doom
|
|-heal|p1a: Doom|130\/403|[from] item: Leftovers
|turn|32
|
|move|p1a: Doom|Body Slam|p2a: Emporeon Armani
|-resisted|p2a: Emporeon Armani
|-damage|p2a: Emporeon Armani|57\/310
|-status|p2a: Emporeon Armani|par
|move|p2a: Emporeon Armani|Hydro Pump|p1a: Doom
|-crit|p1a: Doom
|-end|p1a: Doom|Substitute
|
|-heal|p1a: Doom|155\/403|[from] item: Leftovers
|turn|33
|c|ânellineo|the final proc is upon us
|c|âMaryLa|xD
|
|move|p1a: Doom|Iron Head|p2a: Emporeon Armani
|-resisted|p2a: Emporeon Armani
|-damage|p2a: Emporeon Armani|31\/310 par
|cant|p2a: Emporeon Armani|flinch
|
|-heal|p1a: Doom|180\/403|[from] item: Leftovers
|turn|34
|c|âMaryLa|gg
|
|move|p1a: Doom|Body Slam|p2a: Emporeon Armani
|-resisted|p2a: Emporeon Armani
|-damage|p2a: Emporeon Armani|0 fnt
|faint|p2a: Emporeon Armani
|
|win|MaryLa
|raw|Ladder updating...
|c|ânellineo|gg mate
|raw|MaryLa's rating: 1347 &rarr; <strong>1364<\/strong><br \/>(+17 for winning)
|raw|nellineo's rating: 1294 &rarr; <strong>1273<\/strong><br \/>(-21 for losing)