|join|MaryLa
|join|VirginiaTech
|player|p1|MaryLa|289
|player|p2|VirginiaTech|162
|gametype|singles
|gen|6
|tier|UU
|rated
|rule|Sleep Clause Mod: Limit one foe put to sleep
|rule|Species Clause: Limit one of each PokÃ©mon
|rule|OHKO Clause: OHKO moves are banned
|rule|Moody Clause: Moody is banned
|rule|Evasion Moves Clause: Evasion moves are banned
|rule|Endless Battle Clause: Forcing endless battles is banned
|rule|HP Percentage Mod: HP is shown in percentages
|clearpoke
|poke|p1|Camerupt, F
|poke|p1|Vaporeon, F, shiny
|poke|p1|Blissey, F
|poke|p1|Haxorus, M, shiny
|poke|p1|Donphan, M
|poke|p1|Mienshao, F, shiny
|poke|p2|Virizion, shiny
|poke|p2|Goodra, M, shiny
|poke|p2|Hydreigon, M, shiny
|poke|p2|Diancie, shiny
|poke|p2|Noivern, M, shiny
|poke|p2|Rotom-Heat, shiny
|rule|Swagger Clause: Swagger is banned
|rule|Baton Pass Clause: Limit one PokÃ©mon knowing Baton Pass
|teampreview
|c|âMaryLa|all te shinies
|
|start
|switch|p1a: Kikyo|Mienshao, F, shiny|271\/271
|switch|p2a: Peter Cottondick|Goodra, M, shiny|384\/384
|turn|1
|c|âVirginiaTech|u have 3
|
|move|p1a: Kikyo|U-turn|p2a: Peter Cottondick
|-damage|p2a: Peter Cottondick|265\/384
|-unboost|p1a: Kikyo|spe|1
|c|âMaryLa|but not a whole team xD
|
|switch|p1a: GoodWall|Blissey, F|714\/714
|move|p2a: Peter Cottondick|Sludge Bomb|p1a: GoodWall
|-damage|p1a: GoodWall|654\/714
|
|-heal|p1a: GoodWall|698\/714|[from] item: Leftovers
|turn|2
|
|move|p2a: Peter Cottondick|Sludge Bomb|p1a: GoodWall
|-damage|p1a: GoodWall|632\/714
|-status|p1a: GoodWall|psn
|move|p1a: GoodWall|Toxic|p2a: Peter Cottondick
|-status|p2a: Peter Cottondick|tox
|
|-heal|p1a: GoodWall|676\/714 psn|[from] item: Leftovers
|-damage|p2a: Peter Cottondick|241\/384 tox|[from] psn
|-damage|p1a: GoodWall|587\/714 psn|[from] psn
|turn|3
|
|switch|p2a: Pussy Destroyer|Virizion, shiny|323\/323
|switch|p1a: Miss Magma|Camerupt, F|343\/343
|
|turn|4
|
|detailschange|p1a: Miss Magma|Camerupt-Mega, F
|-mega|p1a: Miss Magma|Camerupt|Cameruptite
|move|p2a: Pussy Destroyer|Sacred Sword|p1a: Miss Magma
|-damage|p1a: Miss Magma|226\/343
|move|p1a: Miss Magma|Fire Blast|p2a: Pussy Destroyer
|-supereffective|p2a: Pussy Destroyer
|-damage|p2a: Pussy Destroyer|0 fnt
|faint|p2a: Pussy Destroyer
|
|
|switch|p2a: Cunt|Diancie, shiny|285\/285
|turn|5
|
|detailschange|p2a: Cunt|Diancie-Mega, shiny
|-mega|p2a: Cunt|Diancie|Diancite
|move|p2a: Cunt|Diamond Storm|p1a: Miss Magma
|-damage|p1a: Miss Magma|51\/343
|-boost|p2a: Cunt|def|1
|move|p1a: Miss Magma|Earth Power|p2a: Cunt
|-supereffective|p2a: Cunt
|-damage|p2a: Cunt|0 fnt
|faint|p2a: Cunt
|
|
|switch|p2a: Peter Cottondick|Goodra, M, shiny|241\/384 tox
|turn|6
|
|switch|p1a: GoodWall|Blissey, F|587\/714
|move|p2a: Peter Cottondick|Ice Beam|p1a: GoodWall
|-damage|p1a: GoodWall|531\/714
|
|-heal|p1a: GoodWall|575\/714|[from] item: Leftovers
|-damage|p2a: Peter Cottondick|217\/384 tox|[from] psn
|turn|7
|
|move|p2a: Peter Cottondick|Thunderbolt|p1a: GoodWall
|-damage|p1a: GoodWall|515\/714
|move|p1a: GoodWall|Toxic|p2a: Peter Cottondick|[miss]
|-miss|p1a: GoodWall|p2a: Peter Cottondick
|
|-heal|p1a: GoodWall|559\/714|[from] item: Leftovers
|-damage|p2a: Peter Cottondick|169\/384 tox|[from] psn
|turn|8
|
|move|p2a: Peter Cottondick|Thunderbolt|p1a: GoodWall
|-damage|p1a: GoodWall|497\/714
|move|p1a: GoodWall|Seismic Toss|p2a: Peter Cottondick
|-damage|p2a: Peter Cottondick|69\/384 tox
|-unboost|p1a: GoodWall|spe|1
|
|-heal|p1a: GoodWall|541\/714|[from] item: Leftovers
|-damage|p2a: Peter Cottondick|0 fnt|[from] psn
|faint|p2a: Peter Cottondick
|c|âVirginiaTech|u won
|
|switch|p2a: Ayy lmao|Rotom-Heat, shiny|304\/304
|turn|9
|c|âVirginiaTech|blissey and chansey are broken but your camerupt put in most work
|c|âMaryLa|huh
|c|âVirginiaTech|people need to stop using blissey
|c|âMaryLa|u need to try harder
|c|âVirginiaTech|it doesn't even require skill to use protect and wish every turn
|c|âMaryLa|that was laughable
|c|âVirginiaTech|"laughable"
|c|âMaryLa|not native, sorry
|c|âVirginiaTech|Use a pokemon that isn't broken
|c|âMaryLa|blissey is nowhere near broken
|c|âVirginiaTech|You have 5 good pokemon
|c|âVirginiaTech|and 1 piece of trash
|c|âVirginiaTech|yes she is
|c|âMaryLa|don't you have a superpower hydreigon?
|c|âMaryLa|also, mega diancie is potentially broken
|c|âMaryLa|and you're calling me out.
|c|âVirginiaTech|no i have 1 fighting pokemon and you fire blasted it because i didn't want to switch out
|c|âMaryLa|well, obviously.
|c|âMaryLa|all camerupt does is spam fireblast.
|c|âVirginiaTech|camerupt is good but why even use Blissey
|c|âMaryLa|bruh.
|
|move|p2a: Ayy lmao|Will-O-Wisp|p1a: GoodWall
|-status|p1a: GoodWall|brn
|move|p1a: GoodWall|Toxic|p2a: Ayy lmao
|-status|p2a: Ayy lmao|tox
|
|-heal|p1a: GoodWall|585\/714 brn|[from] item: Leftovers
|-damage|p2a: Ayy lmao|285\/304 tox|[from] psn
|-damage|p1a: GoodWall|496\/714 brn|[from] brn
|turn|10
|c|âVirginiaTech|so you can stall?
|c|âMaryLa|camerupt is like PU
|c|âVirginiaTech|camerupt is fine bruh
|c|âMaryLa|and blissey is in B- or something
|c|âMaryLa|is totally not broken
|
|move|p2a: Ayy lmao|Confuse Ray|p1a: GoodWall
|-start|p1a: GoodWall|confusion
|-activate|p1a: GoodWall|confusion
|move|p1a: GoodWall|Seismic Toss|p2a: Ayy lmao
|-damage|p2a: Ayy lmao|185\/304 tox
|
|-heal|p1a: GoodWall|540\/714 brn|[from] item: Leftovers
|-damage|p2a: Ayy lmao|147\/304 tox|[from] psn
|-damage|p1a: GoodWall|451\/714 brn|[from] brn
|turn|11
|c|âVirginiaTech|IT'S A FUCKING STUPID BROKEN POKEMON THAT SPAMS HAX AND HEALS
|c|âMaryLa|spams hax? XD
|c|âVirginiaTech|you spam hax
|
|move|p2a: Ayy lmao|Overheat|p1a: GoodWall
|-damage|p1a: GoodWall|361\/714 brn
|-unboost|p2a: Ayy lmao|spa|2
|-activate|p1a: GoodWall|confusion
|move|p1a: GoodWall|Soft-Boiled|p1a: GoodWall
|-heal|p1a: GoodWall|714\/714 brn
|
|-damage|p2a: Ayy lmao|90\/304 tox|[from] psn
|-damage|p1a: GoodWall|625\/714 brn|[from] brn
|turn|12
|c|âVirginiaTech|that makes perfect sense jackass
|c|âMaryLa|said the guy with confuseray rotom-h
|c|âVirginiaTech|that's also proper
|c|âMaryLa|oh god
|c|âMaryLa|stahp
|c|âVirginiaTech|yeah you're lucky this isn't my close combat rotom
|c|âMaryLa|lmao
|c|âVirginiaTech|lol
|
|move|p2a: Ayy lmao|Overheat|p1a: GoodWall
|-damage|p1a: GoodWall|580\/714 brn
|-unboost|p2a: Ayy lmao|spa|2
|-activate|p1a: GoodWall|confusion
|-damage|p1a: GoodWall|564\/714 brn|[from] confusion
|
|-heal|p1a: GoodWall|608\/714 brn|[from] item: Leftovers
|-damage|p2a: Ayy lmao|14\/304 tox|[from] psn
|-damage|p1a: GoodWall|519\/714 brn|[from] brn
|turn|13
|
|move|p2a: Ayy lmao|Overheat|p1a: GoodWall
|-damage|p1a: GoodWall|488\/714 brn
|-unboost|p2a: Ayy lmao|spa|2
|-end|p1a: GoodWall|confusion
|move|p1a: GoodWall|Heal Bell|p1a: GoodWall
|-cureteam|p1a: GoodWall|[from] move: HealBell
|
|-heal|p1a: GoodWall|532\/714|[from] item: Leftovers
|-damage|p2a: Ayy lmao|0 fnt|[from] psn
|faint|p2a: Ayy lmao
|c|âMaryLa|and here I was scared of trick.
|
|switch|p2a: Noivern|Noivern, M, shiny|311\/311
|-item|p1a: GoodWall|Leftovers|[from] ability: Frisk|[of] p2a: Noivern|[identify]
|turn|14
|c|âVirginiaTech|i don't have my azelf trick with me
|
|move|p2a: Noivern|Hurricane|p1a: GoodWall|[miss]
|-miss|p2a: Noivern|p1a: GoodWall
|move|p1a: GoodWall|Soft-Boiled|p1a: GoodWall
|-heal|p1a: GoodWall|714\/714
|
|turn|15
|c|âVirginiaTech|stupid pokemon
|c|âMaryLa|and THIS is why I have air slash, ladies and gentlemen
|c|âVirginiaTech|you're not a pokemon champion with that thing
|c|âMaryLa|I never said I was xD
|c|âVirginiaTech|fuq air slash
|c|âVirginiaTech|jk
|c|âVirginiaTech|i like air slash
|
|move|p2a: Noivern|Draco Meteor|p1a: GoodWall
|-damage|p1a: GoodWall|566\/714
|-unboost|p2a: Noivern|spa|2
|-damage|p2a: Noivern|280\/311|[from] item: Life Orb
|move|p1a: GoodWall|Seismic Toss|p2a: Noivern
|-damage|p2a: Noivern|180\/311
|
|-heal|p1a: GoodWall|610\/714|[from] item: Leftovers
|turn|16
|c|âVirginiaTech|flinches 4 days
|c|âVirginiaTech|but fuk em
|c|âMaryLa|sometimes, yea.
|
|move|p2a: Noivern|Heat Wave|p1a: GoodWall
|-damage|p1a: GoodWall|574\/714
|-status|p1a: GoodWall|brn
|-damage|p2a: Noivern|149\/311|[from] item: Life Orb
|move|p1a: GoodWall|Seismic Toss|p2a: Noivern
|-damage|p2a: Noivern|49\/311
|
|-heal|p1a: GoodWall|618\/714 brn|[from] item: Leftovers
|-damage|p1a: GoodWall|529\/714 brn|[from] brn
|turn|17
|c|âVirginiaTech|put the kings rock on your pokemon with air slash and it'll be flinches for days
|c|âMaryLa|*facepalm*
|c|âVirginiaTech|fuck your blissey
|
|move|p2a: Noivern|Hurricane|p1a: GoodWall
|-damage|p1a: GoodWall|463\/714 brn
|-damage|p2a: Noivern|18\/311|[from] item: Life Orb
|move|p1a: GoodWall|Heal Bell|p1a: GoodWall
|-cureteam|p1a: GoodWall|[from] move: HealBell
|
|-heal|p1a: GoodWall|507\/714|[from] item: Leftovers
|turn|18
|c|âVirginiaTech|fuck blissey period
|c|âVirginiaTech|*facepalm*
|
|move|p2a: Noivern|Draco Meteor|p1a: GoodWall
|-damage|p1a: GoodWall|429\/714
|-unboost|p2a: Noivern|spa|2
|-damage|p2a: Noivern|0 fnt|[from] item: Life Orb
|faint|p2a: Noivern
|move|p1a: GoodWall|Soft-Boiled|p1a: GoodWall
|-heal|p1a: GoodWall|714\/714
|
|
|switch|p2a: Poison|Hydreigon, M, shiny|325\/325
|turn|19
|c|âVirginiaTech|take blissey off your team after this. trash.
|c|âMaryLa|it just walled your team, I don't think it's trash
|
|move|p2a: Poison|Iron Tail|p1a: GoodWall
|-damage|p1a: GoodWall|358\/714
|move|p1a: GoodWall|Soft-Boiled|p1a: GoodWall
|-heal|p1a: GoodWall|714\/714
|
|turn|20
|c|âMaryLa|it's just that you're not prepared for it
|c|âVirginiaTech|it walls everything except fighting types
|c|âVirginiaTech|are you fucking kidding
|c|âVirginiaTech|wake up
|c|âMaryLa|oh boy.
|c|âVirginiaTech|it has 1 weakness
|c|âVirginiaTech|which is fighting bitch boy
|c|âMaryLa|you're a cute one.
|c|âVirginiaTech|you're a bitch
|c|âVirginiaTech|no
|c|âMaryLa|aaw.
|c|âVirginiaTech|you're not
|c|âVirginiaTech|blissey is
|c|âVirginiaTech|fucking get rid of this pokemon
|c|âVirginiaTech|for good
|c|âVirginiaTech|gamefreak
|c|âMaryLa|I'll keep it forever now :D
|c|âVirginiaTech|cookie?
|c|âVirginiaTech|you're not good with it
|c|âVirginiaTech|no one is
|c|âVirginiaTech|it's shit
|c|âVirginiaTech|garbage
|c|âVirginiaTech|muff cabage
|c|âMaryLa|your tears are delicious
|c|âVirginiaTech|your farts make me cum
|
|move|p2a: Poison|Earth Power|p1a: GoodWall
|-damage|p1a: GoodWall|657\/714
|move|p1a: GoodWall|Seismic Toss|p2a: Poison
|-damage|p2a: Poison|225\/325
|
|-heal|p1a: GoodWall|701\/714|[from] item: Leftovers
|turn|21
|c|âMaryLa|whatever floats your boat, bruh
|c|âVirginiaTech|whatever floats your boat, bruh
|
|move|p2a: Poison|Iron Tail|p1a: GoodWall
|-damage|p1a: GoodWall|338\/714
|move|p1a: GoodWall|Seismic Toss|p2a: Poison
|-damage|p2a: Poison|125\/325
|
|-heal|p1a: GoodWall|382\/714|[from] item: Leftovers
|turn|22
|c|âMaryLa|oho, a good play.
|c|âMaryLa|makin progress huh
|c|âVirginiaTech|was that a crit?
|c|âVirginiaTech|fuck this game
|
|move|p2a: Poison|Iron Tail|p1a: GoodWall
|-damage|p1a: GoodWall|26\/714
|move|p1a: GoodWall|Soft-Boiled|p1a: GoodWall
|-heal|p1a: GoodWall|383\/714
|
|-heal|p1a: GoodWall|427\/714|[from] item: Leftovers
|turn|23
|c|âVirginiaTech|stupid ass blissey
|c|âMaryLa|nope, blisseys defense is shit
|c|âMaryLa|!data blissey
|c|~|\/data-pokemon Blissey

|c|âVirginiaTech|i know
|c|âVirginiaTech|don't show me that shit
|c|âVirginiaTech|im not a noob
|
|move|p2a: Poison|Iron Tail|p1a: GoodWall
|-damage|p1a: GoodWall|56\/714
|move|p1a: GoodWall|Seismic Toss|p2a: Poison
|-damage|p2a: Poison|25\/325
|
|-heal|p1a: GoodWall|100\/714|[from] item: Leftovers
|turn|24
|c|âMaryLa|lol you're cute
|c|âVirginiaTech|you're gay. fuck blissey
|
|switch|p1a: Tire|Donphan, M|383\/383
|move|p2a: Poison|Iron Tail|p1a: Tire
|-crit|p1a: Tire
|-damage|p1a: Tire|309\/383
|
|-heal|p1a: Tire|332\/383|[from] item: Leftovers
|turn|25
|c|âMaryLa|I'm female but K
|c|âVirginiaTech|obviously
|c|âVirginiaTech|mary
|
|move|p2a: Poison|Dragon Pulse|p1a: Tire
|-damage|p1a: Tire|118\/383
|move|p1a: Tire|Knock Off|p2a: Poison
|-resisted|p2a: Poison
|-damage|p2a: Poison|0 fnt
|-enditem|p2a: Poison|Assault Vest|[from] move: Knock Off|[of] p1a: Tire
|faint|p2a: Poison
|
|win|MaryLa
|raw|Ladder updating...
|c|âVirginiaTech|are you dumb
|raw|MaryLa's rating: 1291 &rarr; <strong>1309<\/strong><br \/>(+18 for winning)
|raw|VirginiaTech's rating: 1199 &rarr; <strong>1180<\/strong><br \/>(-19 for losing)
|c|âMaryLa|xDDD
|c|âVirginiaTech|don't call people bruh tho
|c|âVirginiaTech|makes me think you're a guy
|c|âMaryLa|bruh
|c|âVirginiaTech|get rid of blissey
|c|âVirginiaTech|bitch
|c|âMaryLa|bruh, I won't bruh