|join|MaryLa
|join|Ult Sasuke(Susanoo
|player|p1|MaryLa|289
|player|p2|Ult Sasuke(Susanoo|167
|gametype|singles
|gen|6
|tier|UU
|rated
|rule|Sleep Clause Mod: Limit one foe put to sleep
|rule|Species Clause: Limit one of each PokÃ©mon
|rule|OHKO Clause: OHKO moves are banned
|rule|Moody Clause: Moody is banned
|rule|Evasion Moves Clause: Evasion moves are banned
|rule|Endless Battle Clause: Forcing endless battles is banned
|rule|HP Percentage Mod: HP is shown in percentages
|clearpoke
|poke|p1|Crobat, M
|poke|p1|Swampert, M
|poke|p1|Absol, F, shiny
|poke|p1|Entei, shiny
|poke|p1|Jirachi, shiny
|poke|p1|Blissey, F
|poke|p2|Hydreigon, M
|poke|p2|Blastoise, F
|poke|p2|Chesnaught, F
|poke|p2|Aerodactyl, M
|poke|p2|Goodra, F
|poke|p2|Arcanine, M
|rule|Swagger Clause: Swagger is banned
|rule|Baton Pass Clause: Limit one PokÃ©mon knowing Baton Pass
|teampreview
|c|âUlt Sasuke(Susanoo|gl hf
|c|âMaryLa|u too
|
|start
|switch|p1a: TeamPlayer|Swampert, M|401\/401
|switch|p2a: Blastoise|Blastoise, F|362\/362
|turn|1
|join|wsgfda
|
|switch|p1a: GoodWall|Blissey, F|714\/714
|move|p2a: Blastoise|Toxic|p1a: GoodWall
|-status|p1a: GoodWall|tox
|
|-damage|p1a: GoodWall|670\/714 tox|[from] psn
|turn|2
|leave|wsgfda
|
|switch|p2a: Chesnaught|Chesnaught, F|380\/380
|switch|p1a: Crowbar|Crobat, M|373\/373
|
|turn|3
|
|move|p2a: Chesnaught|Spiky Shield|p2a: Chesnaught
|-singleturn|p2a: Chesnaught|move: Protect
|move|p1a: Crowbar|Taunt|p2a: Chesnaught
|-activate|p2a: Chesnaught|move: Protect
|
|turn|4
|
|switch|p2a: Loyalty|Arcanine, M|383\/383
|-ability|p2a: Loyalty|Intimidate|[of] p1a: Crowbar
|-unboost|p1a: Crowbar|atk|1
|move|p1a: Crowbar|Acrobatics|p2a: Loyalty
|-damage|p2a: Loyalty|313\/383
|-damage|p1a: Crowbar|311\/373|[from] item: Rocky Helmet|[of] p2a: Loyalty
|
|turn|5
|
|switch|p1a: TeamPlayer|Swampert, M|401\/401
|switch|p2a: Goodra|Goodra, F|384\/384
|
|turn|6
|
|move|p2a: Goodra|Power Whip|p1a: TeamPlayer
|-supereffective|p1a: TeamPlayer
|-damage|p1a: TeamPlayer|0 fnt
|faint|p1a: TeamPlayer
|
|
|switch|p1a: Doom|Jirachi, shiny|403\/403
|turn|7
|
|move|p1a: Doom|Substitute|p1a: Doom
|-start|p1a: Doom|Substitute
|-damage|p1a: Doom|303\/403
|move|p2a: Goodra|Earthquake|p1a: Doom
|-supereffective|p1a: Doom
|-end|p1a: Doom|Substitute
|
|-heal|p1a: Doom|328\/403|[from] item: Leftovers
|turn|8
|
|switch|p1a: Crowbar|Crobat, M|311\/373
|move|p2a: Goodra|Dragon Tail|p1a: Crowbar
|-damage|p1a: Crowbar|203\/373
|drag|p1a: Mufasa|Entei, shiny|371\/371
|-ability|p1a: Mufasa|Pressure
|
|turn|9
|
|move|p1a: Mufasa|Sacred Fire|p2a: Goodra
|-resisted|p2a: Goodra
|-damage|p2a: Goodra|201\/384
|-status|p2a: Goodra|brn
|move|p2a: Goodra|Earthquake|p1a: Mufasa
|-supereffective|p1a: Mufasa
|-damage|p1a: Mufasa|241\/371
|
|-damage|p2a: Goodra|153\/384 brn|[from] brn
|turn|10
|
|switch|p2a: Blastoise|Blastoise, F|362\/362
|move|p1a: Mufasa|Sacred Fire|p2a: Blastoise
|-resisted|p2a: Blastoise
|-damage|p2a: Blastoise|265\/362
|
|-heal|p2a: Blastoise|287\/362|[from] item: Leftovers
|turn|11
|
|switch|p1a: Crowbar|Crobat, M|203\/373
|move|p2a: Blastoise|Scald|p1a: Crowbar
|-damage|p1a: Crowbar|109\/373
|
|-heal|p2a: Blastoise|309\/362|[from] item: Leftovers
|turn|12
|
|move|p1a: Crowbar|Roost|p1a: Crowbar
|-heal|p1a: Crowbar|296\/373
|move|p2a: Blastoise|Scald|p1a: Crowbar
|-damage|p1a: Crowbar|193\/373
|
|-heal|p2a: Blastoise|331\/362|[from] item: Leftovers
|turn|13
|
|switch|p1a: GoodWall|Blissey, F|670\/714
|move|p2a: Blastoise|Scald|p1a: GoodWall
|-damage|p1a: GoodWall|609\/714
|
|-heal|p2a: Blastoise|353\/362|[from] item: Leftovers
|-heal|p1a: GoodWall|653\/714|[from] item: Leftovers
|turn|14
|
|move|p1a: GoodWall|Wish|p1a: GoodWall
|move|p2a: Blastoise|Roar|p1a: GoodWall
|drag|p1a: Doom|Jirachi, shiny|328\/403
|
|-heal|p1a: Doom|353\/403|[from] item: Leftovers
|-heal|p2a: Blastoise|362\/362|[from] item: Leftovers
|turn|15
|
|switch|p1a: Mufasa|Entei, shiny|241\/371
|-ability|p1a: Mufasa|Pressure
|switch|p2a: Ludger|Aerodactyl, M|301\/301
|
|-heal|p1a: Mufasa|371\/371|[from] move: Wish|[wisher] GoodWall
|turn|16
|
|detailschange|p2a: Ludger|Aerodactyl-Mega, M
|-mega|p2a: Ludger|Aerodactyl|Aerodactylite
|move|p2a: Ludger|Rock Slide|p1a: Mufasa
|-supereffective|p1a: Mufasa
|-damage|p1a: Mufasa|41\/371
|cant|p1a: Mufasa|flinch
|
|turn|17
|
|move|p1a: Mufasa|Extreme Speed|p2a: Ludger
|-resisted|p2a: Ludger
|-damage|p2a: Ludger|224\/301
|move|p2a: Ludger|Aerial Ace|p1a: Mufasa
|-damage|p1a: Mufasa|0 fnt
|faint|p1a: Mufasa
|
|
|switch|p1a: Doom|Jirachi, shiny|353\/403
|turn|18
|
|switch|p2a: Goodra|Goodra, F|153\/384 brn
|move|p1a: Doom|Body Slam|p2a: Goodra
|-damage|p2a: Goodra|58\/384 brn
|
|-heal|p1a: Doom|378\/403|[from] item: Leftovers
|-damage|p2a: Goodra|10\/384 brn|[from] brn
|turn|19
|
|move|p1a: Doom|Iron Head|p2a: Goodra
|-damage|p2a: Goodra|0 fnt
|faint|p2a: Goodra
|
|-heal|p1a: Doom|403\/403|[from] item: Leftovers
|
|switch|p2a: Loyalty|Arcanine, M|313\/383
|-ability|p2a: Loyalty|Intimidate|[of] p1a: Doom
|-unboost|p1a: Doom|atk|1
|turn|20
|
|switch|p1a: Crowbar|Crobat, M|193\/373
|move|p2a: Loyalty|Flare Blitz|p1a: Crowbar
|-damage|p1a: Crowbar|13\/373
|-damage|p2a: Loyalty|254\/383|[from] recoil|[of] p1a: Crowbar
|
|turn|21
|
|move|p2a: Loyalty|Extreme Speed|p1a: Crowbar
|-damage|p1a: Crowbar|0 fnt
|faint|p1a: Crowbar
|
|
|switch|p1a: Celestia|Absol, F, shiny|271\/271
|turn|22
|
|detailschange|p1a: Celestia|Absol-Mega, F, shiny
|-mega|p1a: Celestia|Absol|Absolite
|move|p1a: Celestia|Sucker Punch|p2a: Loyalty
|-damage|p2a: Loyalty|122\/383
|-damage|p1a: Celestia|226\/271|[from] item: Rocky Helmet|[of] p2a: Loyalty
|move|p2a: Loyalty|Flare Blitz|p1a: Celestia
|-damage|p1a: Celestia|3\/271
|-damage|p2a: Loyalty|48\/383|[from] recoil|[of] p1a: Celestia
|
|turn|23
|
|move|p1a: Celestia|Sucker Punch|p2a: Loyalty
|-fail|p2a: Loyalty
|move|p2a: Loyalty|Morning Sun|p2a: Loyalty
|-heal|p2a: Loyalty|239\/383
|
|turn|24
|
|move|p1a: Celestia|Sucker Punch|p2a: Loyalty
|-damage|p2a: Loyalty|112\/383
|-damage|p1a: Celestia|0 fnt|[from] item: Rocky Helmet|[of] p2a: Loyalty
|faint|p1a: Celestia
|move|p2a: Loyalty|Flare Blitz|p1: Celestia|[notarget]
|-notarget
|
|
|switch|p1a: Doom|Jirachi, shiny|403\/403
|turn|25
|
|move|p1a: Doom|Body Slam|p2a: Loyalty
|-damage|p2a: Loyalty|56\/383
|-damage|p1a: Doom|336\/403|[from] item: Rocky Helmet|[of] p2a: Loyalty
|-status|p2a: Loyalty|par
|move|p2a: Loyalty|Will-O-Wisp|p1a: Doom
|-status|p1a: Doom|brn
|
|-heal|p1a: Doom|361\/403 brn|[from] item: Leftovers
|-damage|p1a: Doom|311\/403 brn|[from] brn
|turn|26
|
|move|p1a: Doom|Iron Head|p2a: Loyalty
|-resisted|p2a: Loyalty
|-damage|p2a: Loyalty|37\/383 par
|-damage|p1a: Doom|244\/403 brn|[from] item: Rocky Helmet|[of] p2a: Loyalty
|cant|p2a: Loyalty|flinch
|
|-heal|p1a: Doom|269\/403 brn|[from] item: Leftovers
|-damage|p1a: Doom|219\/403 brn|[from] brn
|turn|27
|
|move|p1a: Doom|Body Slam|p2a: Loyalty
|-damage|p2a: Loyalty|9\/383 par
|-damage|p1a: Doom|152\/403 brn|[from] item: Rocky Helmet|[of] p2a: Loyalty
|cant|p2a: Loyalty|par
|
|-heal|p1a: Doom|177\/403 brn|[from] item: Leftovers
|-damage|p1a: Doom|127\/403 brn|[from] brn
|turn|28
|
|move|p1a: Doom|Iron Head|p2a: Loyalty
|-resisted|p2a: Loyalty
|-damage|p2a: Loyalty|0 fnt
|-damage|p1a: Doom|60\/403 brn|[from] item: Rocky Helmet|[of] p2a: Loyalty
|faint|p2a: Loyalty
|
|-heal|p1a: Doom|85\/403 brn|[from] item: Leftovers
|-damage|p1a: Doom|35\/403 brn|[from] brn
|
|switch|p2a: Ludger|Aerodactyl-Mega, M|224\/301
|turn|29
|
|move|p2a: Ludger|Earthquake|p1a: Doom
|-supereffective|p1a: Doom
|-damage|p1a: Doom|0 fnt
|faint|p1a: Doom
|
|-message|MaryLa forfeited.
|leave|MaryLa
|
|win|Ult Sasuke(Susanoo
|raw|Ladder updating...
|raw|MaryLa's rating: 1374 &rarr; <strong>1347<\/strong><br \/>(-27 for losing)
|raw|Ult Sasuke(Susanoo's rating: 1262 &rarr; <strong>1295<\/strong><br \/>(+33 for winning)
|player|p1