|join|MaryLa
|join|anamchara
|player|p1|MaryLa|289
|player|p2|anamchara|1
|gametype|singles
|gen|6
|tier|UU
|rated
|rule|Sleep Clause Mod: Limit one foe put to sleep
|rule|Species Clause: Limit one of each PokÃ©mon
|rule|OHKO Clause: OHKO moves are banned
|rule|Moody Clause: Moody is banned
|rule|Evasion Moves Clause: Evasion moves are banned
|rule|Endless Battle Clause: Forcing endless battles is banned
|rule|HP Percentage Mod: HP is shown in percentages
|clearpoke
|poke|p1|Absol, F, shiny
|poke|p1|Crobat, M
|poke|p1|Swampert, M
|poke|p1|Entei, shiny
|poke|p1|Jirachi, shiny
|poke|p1|Blissey, F
|poke|p2|Azelf
|poke|p2|Arcanine, M
|poke|p2|Florges, F
|poke|p2|Honchkrow, M
|poke|p2|Hydreigon, F
|poke|p2|Blastoise, M
|rule|Swagger Clause: Swagger is banned
|rule|Baton Pass Clause: Limit one PokÃ©mon knowing Baton Pass
|teampreview
|
|start
|switch|p1a: Crowbar|Crobat, M|373\/373
|switch|p2a: Hydreigon|Hydreigon, F|325\/325
|turn|1
|
|switch|p1a: GoodWall|Blissey, F|714\/714
|move|p2a: Hydreigon|Dark Pulse|p1a: GoodWall
|-damage|p1a: GoodWall|566\/714
|-damage|p2a: Hydreigon|293\/325|[from] item: Life Orb
|
|-heal|p1a: GoodWall|610\/714|[from] item: Leftovers
|turn|2
|
|move|p1a: GoodWall|Protect|p1a: GoodWall
|-singleturn|p1a: GoodWall|Protect
|move|p2a: Hydreigon|U-turn|p1a: GoodWall
|-activate|p1a: GoodWall|Protect
|
|-heal|p1a: GoodWall|654\/714|[from] item: Leftovers
|turn|3
|
|move|p2a: Hydreigon|U-turn|p1a: GoodWall
|-damage|p1a: GoodWall|518\/714
|-damage|p2a: Hydreigon|261\/325|[from] item: Life Orb
|
|switch|p2a: Azelf|Azelf|291\/291
|move|p1a: GoodWall|Seismic Toss|p2a: Azelf
|-damage|p2a: Azelf|191\/291
|
|-heal|p1a: GoodWall|562\/714|[from] item: Leftovers
|turn|4
|
|move|p2a: Azelf|Nasty Plot|p2a: Azelf
|-boost|p2a: Azelf|spa|2
|move|p1a: GoodWall|Wish|p1a: GoodWall
|
|-heal|p1a: GoodWall|606\/714|[from] item: Leftovers
|turn|5
|
|move|p2a: Azelf|Psyshock|p1a: GoodWall
|-damage|p1a: GoodWall|101\/714
|move|p1a: GoodWall|Seismic Toss|p2a: Azelf
|-damage|p2a: Azelf|91\/291
|
|-heal|p1a: GoodWall|458\/714|[from] move: Wish|[wisher] GoodWall
|-heal|p1a: GoodWall|502\/714|[from] item: Leftovers
|turn|6
|
|switch|p1a: Celestia|Absol, F, shiny|271\/271
|move|p2a: Azelf|Psyshock|p1a: Celestia
|-immune|p1a: Celestia|[msg]
|
|turn|7
|
|switch|p2a: Arcanine|Arcanine, M|384\/384
|-ability|p2a: Arcanine|Intimidate|[of] p1a: Celestia
|-unboost|p1a: Celestia|atk|1
|detailschange|p1a: Celestia|Absol-Mega, F, shiny
|-mega|p1a: Celestia|Absol|Absolite
|move|p1a: Celestia|Sucker Punch|p2a: Arcanine
|-fail|p2a: Arcanine
|
|turn|8
|
|switch|p1a: TeamPlayer|Swampert, M|401\/401
|move|p2a: Arcanine|Flare Blitz|p1a: TeamPlayer
|-resisted|p1a: TeamPlayer
|-damage|p1a: TeamPlayer|344\/401
|-damage|p2a: Arcanine|365\/384|[from] recoil|[of] p1a: TeamPlayer
|
|-heal|p1a: TeamPlayer|369\/401|[from] item: Leftovers
|turn|9
|
|move|p2a: Arcanine|Will-O-Wisp|p1a: TeamPlayer
|-status|p1a: TeamPlayer|brn
|move|p1a: TeamPlayer|Stealth Rock|p2a: Arcanine
|-sidestart|p2: anamchara|move: Stealth Rock
|
|-heal|p1a: TeamPlayer|394\/401 brn|[from] item: Leftovers
|-damage|p1a: TeamPlayer|344\/401 brn|[from] brn
|turn|10
|
|switch|p2a: Blastoise|Blastoise, M|362\/362
|-damage|p2a: Blastoise|317\/362|[from] Stealth Rock
|move|p1a: TeamPlayer|Earthquake|p2a: Blastoise
|-crit|p2a: Blastoise
|-damage|p2a: Blastoise|230\/362
|
|-heal|p1a: TeamPlayer|369\/401 brn|[from] item: Leftovers
|-damage|p1a: TeamPlayer|319\/401 brn|[from] brn
|turn|11
|
|switch|p1a: GoodWall|Blissey, F|502\/714
|detailschange|p2a: Blastoise|Blastoise-Mega, M
|-mega|p2a: Blastoise|Blastoise|Blastoisinite
|move|p2a: Blastoise|Rapid Spin|p1a: GoodWall
|-damage|p1a: GoodWall|473\/714
|-sideend|p2: anamchara|Stealth Rock|[from] move: Rapid Spin|[of] p2a: Blastoise
|
|-heal|p1a: GoodWall|517\/714|[from] item: Leftovers
|turn|12
|
|switch|p2a: Honchkrow|Honchkrow, M|341\/341
|move|p1a: GoodWall|Heal Bell|p1a: GoodWall
|-cureteam|p1a: GoodWall|[from] move: HealBell
|
|-heal|p1a: GoodWall|561\/714|[from] item: Leftovers
|turn|13
|
|switch|p1a: Crowbar|Crobat, M|373\/373
|move|p2a: Honchkrow|Brave Bird|p1a: Crowbar
|-damage|p1a: Crowbar|30\/373
|-damage|p2a: Honchkrow|228\/341|[from] recoil|[of] p1a: Crowbar
|-damage|p2a: Honchkrow|194\/341|[from] item: Life Orb
|
|turn|14
|
|move|p2a: Honchkrow|Sucker Punch|p1a: Crowbar
|-fail|p1a: Crowbar
|move|p1a: Crowbar|Roost|p1a: Crowbar
|-heal|p1a: Crowbar|217\/373
|
|turn|15
|
|switch|p2a: Arcanine|Arcanine, M|365\/384
|-ability|p2a: Arcanine|Intimidate|[of] p1a: Crowbar
|-unboost|p1a: Crowbar|atk|1
|move|p1a: Crowbar|Acrobatics|p2a: Arcanine
|-damage|p2a: Arcanine|298\/384
|-damage|p1a: Crowbar|155\/373|[from] item: Rocky Helmet|[of] p2a: Arcanine
|
|turn|16
|
|move|p1a: Crowbar|Taunt|p2a: Arcanine
|-start|p2a: Arcanine|move: Taunt
|cant|p2a: Arcanine|move: Taunt|Will-O-Wisp
|
|turn|17
|
|switch|p2a: Hydreigon|Hydreigon, F|261\/325
|move|p1a: Crowbar|Roost|p1a: Crowbar
|-heal|p1a: Crowbar|342\/373
|
|turn|18
|
|switch|p1a: GoodWall|Blissey, F|561\/714
|move|p2a: Hydreigon|Dark Pulse|p1a: GoodWall
|-damage|p1a: GoodWall|425\/714
|-damage|p2a: Hydreigon|229\/325|[from] item: Life Orb
|
|-heal|p1a: GoodWall|469\/714|[from] item: Leftovers
|turn|19
|
|switch|p2a: Florges|Florges, F|360\/360
|move|p1a: GoodWall|Protect|p1a: GoodWall
|-fail|p1a: GoodWall
|
|-heal|p1a: GoodWall|513\/714|[from] item: Leftovers
|turn|20
|
|switch|p1a: Crowbar|Crobat, M|342\/373
|move|p2a: Florges|Wish|p2a: Florges
|
|turn|21
|
|move|p1a: Crowbar|Acrobatics|p2a: Florges
|-crit|p2a: Florges
|-damage|p2a: Florges|188\/360
|move|p2a: Florges|Wish|p2a: Florges
|-fail|p2a: Florges
|
|-heal|p2a: Florges|360\/360|[from] move: Wish|[wisher] Florges
|turn|22
|
|move|p1a: Crowbar|Taunt|p2a: Florges
|-start|p2a: Florges|move: Taunt
|cant|p2a: Florges|move: Taunt|Wish
|
|turn|23
|
|switch|p2a: Arcanine|Arcanine, M|298\/384
|-ability|p2a: Arcanine|Intimidate|[of] p1a: Crowbar
|-unboost|p1a: Crowbar|atk|1
|move|p1a: Crowbar|Acrobatics|p2a: Arcanine
|-damage|p2a: Arcanine|226\/384
|-damage|p1a: Crowbar|280\/373|[from] item: Rocky Helmet|[of] p2a: Arcanine
|
|turn|24
|
|switch|p1a: Mufasa|Entei, shiny|371\/371
|-ability|p1a: Mufasa|Pressure
|move|p2a: Arcanine|Morning Sun|p2a: Arcanine
|-heal|p2a: Arcanine|384\/384
|
|turn|25
|
|move|p1a: Mufasa|Bulldoze|p2a: Arcanine
|-supereffective|p2a: Arcanine
|-damage|p2a: Arcanine|200\/384
|-unboost|p2a: Arcanine|spe|1
|move|p2a: Arcanine|Toxic|p1a: Mufasa
|-status|p1a: Mufasa|tox
|
|-damage|p1a: Mufasa|348\/371 tox|[from] psn
|turn|26
|
|switch|p2a: Florges|Florges, F|360\/360
|move|p1a: Mufasa|Bulldoze|p2a: Florges
|-damage|p2a: Florges|265\/360
|-unboost|p2a: Florges|spe|1
|
|-heal|p2a: Florges|287\/360|[from] item: Leftovers
|-damage|p1a: Mufasa|302\/371 tox|[from] psn
|turn|27
|
|switch|p1a: GoodWall|Blissey, F|513\/714
|move|p2a: Florges|Wish|p2a: Florges
|
|-heal|p1a: GoodWall|557\/714|[from] item: Leftovers
|-heal|p2a: Florges|309\/360|[from] item: Leftovers
|turn|28
|
|switch|p2a: Honchkrow|Honchkrow, M|194\/341
|move|p1a: GoodWall|Seismic Toss|p2a: Honchkrow
|-damage|p2a: Honchkrow|94\/341
|
|-heal|p2a: Honchkrow|274\/341|[from] move: Wish|[wisher] Florges
|-heal|p1a: GoodWall|601\/714|[from] item: Leftovers
|turn|29
|
|switch|p1a: Doom|Jirachi, shiny|403\/403
|move|p2a: Honchkrow|Brave Bird|p1a: Doom
|-resisted|p1a: Doom
|-damage|p1a: Doom|252\/403
|-damage|p2a: Honchkrow|224\/341|[from] recoil|[of] p1a: Doom
|-damage|p2a: Honchkrow|190\/341|[from] item: Life Orb
|
|-heal|p1a: Doom|277\/403|[from] item: Leftovers
|turn|30
|
|move|p2a: Honchkrow|Sucker Punch|p1a: Doom
|-fail|p1a: Doom
|move|p1a: Doom|Substitute|p1a: Doom
|-start|p1a: Doom|Substitute
|-damage|p1a: Doom|177\/403
|
|-heal|p1a: Doom|202\/403|[from] item: Leftovers
|turn|31
|
|switch|p2a: Blastoise|Blastoise-Mega, M|230\/362
|move|p1a: Doom|Body Slam|p2a: Blastoise
|-damage|p2a: Blastoise|181\/362
|
|-heal|p1a: Doom|227\/403|[from] item: Leftovers
|turn|32
|
|move|p1a: Doom|Body Slam|p2a: Blastoise
|-damage|p2a: Blastoise|131\/362
|move|p2a: Blastoise|Roar|p1a: Doom
|drag|p1a: Crowbar|Crobat, M|280\/373
|
|turn|33
|
|switch|p2a: Florges|Florges, F|309\/360
|move|p1a: Crowbar|Acrobatics|p2a: Florges
|-damage|p2a: Florges|197\/360
|
|-heal|p2a: Florges|219\/360|[from] item: Leftovers
|turn|34
|
|move|p1a: Crowbar|Taunt|p2a: Florges
|-start|p2a: Florges|move: Taunt
|cant|p2a: Florges|move: Taunt|Wish
|
|-heal|p2a: Florges|241\/360|[from] item: Leftovers
|turn|35
|
|switch|p2a: Arcanine|Arcanine, M|200\/384
|-ability|p2a: Arcanine|Intimidate|[of] p1a: Crowbar
|-unboost|p1a: Crowbar|atk|1
|move|p1a: Crowbar|Acrobatics|p2a: Arcanine
|-damage|p2a: Arcanine|137\/384
|-damage|p1a: Crowbar|218\/373|[from] item: Rocky Helmet|[of] p2a: Arcanine
|
|turn|36
|
|switch|p1a: Celestia|Absol-Mega, F, shiny|271\/271
|move|p2a: Arcanine|Morning Sun|p2a: Arcanine
|-heal|p2a: Arcanine|329\/384
|
|turn|37
|
|move|p1a: Celestia|Swords Dance|p1a: Celestia
|-boost|p1a: Celestia|atk|2
|move|p2a: Arcanine|Flare Blitz|p1a: Celestia
|-damage|p1a: Celestia|28\/271
|-damage|p2a: Arcanine|249\/384|[from] recoil|[of] p1a: Celestia
|
|turn|38
|
|move|p1a: Celestia|Knock Off|p2a: Arcanine
|-damage|p2a: Arcanine|0 fnt
|-damage|p1a: Celestia|0 fnt|[from] item: Rocky Helmet|[of] p2a: Arcanine
|faint|p1a: Celestia
|faint|p2a: Arcanine
|
|
|switch|p2a: Azelf|Azelf|91\/291
|switch|p1a: TeamPlayer|Swampert, M|319\/401
|turn|39
|
|move|p2a: Azelf|Energy Ball|p1a: TeamPlayer
|-supereffective|p1a: TeamPlayer
|-damage|p1a: TeamPlayer|0 fnt
|faint|p1a: TeamPlayer
|
|
|switch|p1a: Doom|Jirachi, shiny|227\/403
|turn|40
|
|switch|p2a: Blastoise|Blastoise-Mega, M|131\/362
|move|p1a: Doom|Substitute|p1a: Doom
|-start|p1a: Doom|Substitute
|-damage|p1a: Doom|127\/403
|
|-heal|p1a: Doom|152\/403|[from] item: Leftovers
|turn|41
|
|move|p1a: Doom|Body Slam|p2a: Blastoise
|-damage|p2a: Blastoise|78\/362
|move|p2a: Blastoise|Roar|p1a: Doom
|drag|p1a: GoodWall|Blissey, F|601\/714
|
|-heal|p1a: GoodWall|645\/714|[from] item: Leftovers
|turn|42
|
|switch|p2a: Florges|Florges, F|241\/360
|move|p1a: GoodWall|Seismic Toss|p2a: Florges
|-damage|p2a: Florges|141\/360
|
|-heal|p2a: Florges|163\/360|[from] item: Leftovers
|-heal|p1a: GoodWall|689\/714|[from] item: Leftovers
|turn|43
|
|switch|p1a: Mufasa|Entei, shiny|302\/371 tox
|-ability|p1a: Mufasa|Pressure
|move|p2a: Florges|Wish|p2a: Florges
|
|-heal|p2a: Florges|185\/360|[from] item: Leftovers
|-damage|p1a: Mufasa|279\/371 tox|[from] psn
|turn|44
|
|switch|p2a: Hydreigon|Hydreigon, F|229\/325
|move|p1a: Mufasa|Sacred Fire|p2a: Hydreigon
|-resisted|p2a: Hydreigon
|-damage|p2a: Hydreigon|61\/325
|
|-heal|p2a: Hydreigon|241\/325|[from] move: Wish|[wisher] Florges
|-damage|p1a: Mufasa|233\/371 tox|[from] psn
|turn|45
|
|switch|p1a: GoodWall|Blissey, F|689\/714
|move|p2a: Hydreigon|U-turn|p1a: GoodWall
|-damage|p1a: GoodWall|538\/714
|-damage|p2a: Hydreigon|209\/325|[from] item: Life Orb
|
|switch|p2a: Honchkrow|Honchkrow, M|190\/341
|
|-heal|p1a: GoodWall|582\/714|[from] item: Leftovers
|turn|46
|
|move|p2a: Honchkrow|Brave Bird|p1a: GoodWall
|-damage|p1a: GoodWall|66\/714
|-damage|p2a: Honchkrow|20\/341|[from] recoil|[of] p1a: GoodWall
|-damage|p2a: Honchkrow|0 fnt|[from] item: Life Orb
|faint|p2a: Honchkrow
|move|p1a: GoodWall|Wish|p1a: GoodWall
|
|-heal|p1a: GoodWall|110\/714|[from] item: Leftovers
|
|switch|p2a: Azelf|Azelf|91\/291
|turn|47
|
|move|p1a: GoodWall|Protect|p1a: GoodWall
|-singleturn|p1a: GoodWall|Protect
|move|p2a: Azelf|Psyshock|p1a: GoodWall
|-activate|p1a: GoodWall|Protect
|
|-heal|p1a: GoodWall|467\/714|[from] move: Wish|[wisher] GoodWall
|-heal|p1a: GoodWall|511\/714|[from] item: Leftovers
|turn|48
|-message|anamchara forfeited.
|leave|anamchara
|
|win|MaryLa
|raw|Ladder updating...
|player|p2
|raw|MaryLa's rating: 1431 &rarr; <strong>1447<\/strong><br \/>(+16 for winning)
|raw|anamchara's rating: 1353 &rarr; <strong>1337<\/strong><br \/>(-16 for losing)