|join|Last Earth
|join|MaryLa
|player|p1|Last Earth|258
|player|p2|MaryLa|289
|gametype|singles
|gen|6
|tier|UU
|rated
|rule|Sleep Clause Mod: Limit one foe put to sleep
|rule|Species Clause: Limit one of each PokÃ©mon
|rule|OHKO Clause: OHKO moves are banned
|rule|Moody Clause: Moody is banned
|rule|Evasion Moves Clause: Evasion moves are banned
|rule|Endless Battle Clause: Forcing endless battles is banned
|rule|HP Percentage Mod: HP is shown in percentages
|clearpoke
|poke|p1|Hydreigon, M
|poke|p1|Chesnaught, F
|poke|p1|Jirachi
|poke|p1|Milotic, M
|poke|p1|Diancie
|poke|p1|Raikou
|poke|p2|Camerupt, F
|poke|p2|Vaporeon, F, shiny
|poke|p2|Blissey, F
|poke|p2|Haxorus, M, shiny
|poke|p2|Donphan, M
|poke|p2|Mienshao, F, shiny
|rule|Swagger Clause: Swagger is banned
|rule|Baton Pass Clause: Limit one PokÃ©mon knowing Baton Pass
|teampreview
|
|start
|switch|p1a: Chesnaught|Chesnaught, F|380\/380
|switch|p2a: Kikyo|Mienshao, F, shiny|271\/271
|turn|1
|join|Swordigo
|leave|Swordigo
|
|switch|p2a: Tire|Donphan, M|383\/383
|move|p1a: Chesnaught|Leech Seed|p2a: Tire
|-start|p2a: Tire|move: Leech Seed
|
|-damage|p2a: Tire|336\/383|[from] Leech Seed|[of] p1a: Chesnaught
|turn|2
|
|move|p1a: Chesnaught|Wood Hammer|p2a: Tire
|-supereffective|p2a: Tire
|-damage|p2a: Tire|156\/383
|-damage|p1a: Chesnaught|321\/380|[from] recoil|[of] p2a: Tire
|move|p2a: Tire|Stealth Rock|p1a: Chesnaught
|-sidestart|p1: Last Earth|move: Stealth Rock
|
|-heal|p1a: Chesnaught|344\/380|[from] item: Leftovers
|-heal|p2a: Tire|179\/383|[from] item: Leftovers
|-damage|p2a: Tire|132\/383|[from] Leech Seed|[of] p1a: Chesnaught
|-heal|p1a: Chesnaught|380\/380|[silent]
|turn|3
|
|switch|p2a: Destroyer|Haxorus, M, shiny|293\/293
|-ability|p2a: Destroyer|Mold Breaker
|move|p1a: Chesnaught|Leech Seed|p2a: Destroyer
|-start|p2a: Destroyer|move: Leech Seed
|
|-damage|p2a: Destroyer|257\/293|[from] Leech Seed|[of] p1a: Chesnaught
|turn|4
|
|move|p2a: Destroyer|Dragon Dance|p2a: Destroyer
|-boost|p2a: Destroyer|atk|1
|-boost|p2a: Destroyer|spe|1
|move|p1a: Chesnaught|Drain Punch|p2a: Destroyer
|-damage|p2a: Destroyer|151\/293
|
|-damage|p2a: Destroyer|115\/293|[from] Leech Seed|[of] p1a: Chesnaught
|turn|5
|
|move|p2a: Destroyer|Dragon Dance|p2a: Destroyer
|-boost|p2a: Destroyer|atk|1
|-boost|p2a: Destroyer|spe|1
|move|p1a: Chesnaught|Drain Punch|p2a: Destroyer
|-damage|p2a: Destroyer|7\/293
|
|-damage|p2a: Destroyer|0 fnt|[from] Leech Seed|[of] p1a: Chesnaught
|faint|p2a: Destroyer
|c|âMaryLa|no spiky shield?
|c|âLast Earth|why ss now?
|
|switch|p2a: Miss Magma|Camerupt, F|343\/343
|turn|6
|c|âMaryLa|I could have trainwrecked your team
|c|âMaryLa|oh well
|
|switch|p1a: Milotic|Milotic, M|393\/393
|-damage|p1a: Milotic|344\/393|[from] Stealth Rock
|detailschange|p2a: Miss Magma|Camerupt-Mega, F
|-mega|p2a: Miss Magma|Camerupt|Cameruptite
|move|p2a: Miss Magma|Fire Blast|p1a: Milotic
|-resisted|p1a: Milotic
|-damage|p1a: Milotic|229\/393
|
|-heal|p1a: Milotic|253\/393|[from] item: Leftovers
|turn|7
|
|switch|p2a: Meow|Vaporeon, F, shiny|463\/463
|move|p1a: Milotic|Recover|p1a: Milotic
|-heal|p1a: Milotic|393\/393
|
|turn|8
|
|switch|p1a: Hydreigon|Hydreigon, M|325\/325
|-damage|p1a: Hydreigon|285\/325|[from] Stealth Rock
|move|p2a: Meow|Wish|p2a: Meow
|
|turn|9
|
|switch|p2a: GoodWall|Blissey, F|714\/714
|move|p1a: Hydreigon|Dark Pulse|p2a: GoodWall
|-damage|p2a: GoodWall|617\/714
|-damage|p1a: Hydreigon|253\/325|[from] item: Life Orb
|
|-heal|p2a: GoodWall|714\/714|[from] move: Wish|[wisher] Meow
|turn|10
|
|move|p1a: Hydreigon|Superpower|p2a: GoodWall
|-supereffective|p2a: GoodWall
|-damage|p2a: GoodWall|0 fnt
|-unboost|p1a: Hydreigon|atk|1
|-unboost|p1a: Hydreigon|def|1
|-damage|p1a: Hydreigon|221\/325|[from] item: Life Orb
|faint|p2a: GoodWall
|
|
|switch|p2a: Kikyo|Mienshao, F, shiny|271\/271
|turn|11
|
|switch|p1a: Chesnaught|Chesnaught, F|380\/380
|-damage|p1a: Chesnaught|357\/380|[from] Stealth Rock
|move|p2a: Kikyo|U-turn|p1a: Chesnaught
|-damage|p1a: Chesnaught|309\/380
|
|switch|p2a: Miss Magma|Camerupt-Mega, F|343\/343
|
|-heal|p1a: Chesnaught|332\/380|[from] item: Leftovers
|turn|12
|
|switch|p1a: Hydreigon|Hydreigon, M|221\/325
|-damage|p1a: Hydreigon|181\/325|[from] Stealth Rock
|move|p2a: Miss Magma|Will-O-Wisp|p1a: Hydreigon
|-status|p1a: Hydreigon|brn
|
|-damage|p1a: Hydreigon|141\/325 brn|[from] brn
|turn|13
|
|move|p1a: Hydreigon|Draco Meteor|p2a: Miss Magma
|-damage|p2a: Miss Magma|73\/343
|-unboost|p1a: Hydreigon|spa|2
|-damage|p1a: Hydreigon|109\/325 brn|[from] item: Life Orb
|move|p2a: Miss Magma|Hidden Power|p1a: Hydreigon
|-supereffective|p1a: Hydreigon
|-damage|p1a: Hydreigon|0 fnt
|faint|p1a: Hydreigon
|
|
|switch|p1a: Diancie|Diancie|241\/241
|-damage|p1a: Diancie|211\/241|[from] Stealth Rock
|turn|14
|
|switch|p2a: Meow|Vaporeon, F, shiny|463\/463
|detailschange|p1a: Diancie|Diancie-Mega
|-mega|p1a: Diancie|Diancie|Diancite
|move|p1a: Diancie|Diamond Storm|p2a: Meow
|-damage|p2a: Meow|295\/463
|-boost|p1a: Diancie|def|1
|
|-heal|p2a: Meow|323\/463|[from] item: Leftovers
|turn|15
|
|move|p1a: Diancie|Moonblast|p2a: Meow
|-damage|p2a: Meow|110\/463
|-unboost|p2a: Meow|spa|1
|move|p2a: Meow|Wish|p2a: Meow
|
|-heal|p2a: Meow|138\/463|[from] item: Leftovers
|turn|16
|
|move|p2a: Meow|Protect|p2a: Meow
|-singleturn|p2a: Meow|Protect
|move|p1a: Diancie|Calm Mind|p1a: Diancie
|-boost|p1a: Diancie|spa|1
|-boost|p1a: Diancie|spd|1
|
|-heal|p2a: Meow|369\/463|[from] move: Wish|[wisher] Meow
|-heal|p2a: Meow|397\/463|[from] item: Leftovers
|turn|17
|-message|MaryLa forfeited.
|leave|MaryLa
|
|win|Last Earth
|raw|Ladder updating...
|player|p2
|raw|Last Earth's rating: 1408 &rarr; <strong>1423<\/strong><br \/>(+15 for winning)
|raw|MaryLa's rating: 1326 &rarr; <strong>1310<\/strong><br \/>(-16 for losing)