|join|MaryLa
|join|nomore06
|player|p1|MaryLa|289
|player|p2|nomore06|170
|gametype|singles
|gen|6
|tier|UU
|rated
|rule|Sleep Clause Mod: Limit one foe put to sleep
|rule|Species Clause: Limit one of each PokÃ©mon
|rule|OHKO Clause: OHKO moves are banned
|rule|Moody Clause: Moody is banned
|rule|Evasion Moves Clause: Evasion moves are banned
|rule|Endless Battle Clause: Forcing endless battles is banned
|rule|HP Percentage Mod: HP is shown in percentages
|clearpoke
|poke|p1|Absol, F, shiny
|poke|p1|Crobat, M
|poke|p1|Swampert, M
|poke|p1|Entei, shiny
|poke|p1|Jirachi, shiny
|poke|p1|Blissey, F
|poke|p2|Crobat, F, shiny
|poke|p2|Hydreigon, M, shiny
|poke|p2|Aggron, F
|poke|p2|Donphan, M
|poke|p2|Empoleon, F
|poke|p2|Infernape, F
|rule|Swagger Clause: Swagger is banned
|rule|Baton Pass Clause: Limit one PokÃ©mon knowing Baton Pass
|teampreview
|
|start
|switch|p1a: Crowbar|Crobat, M|373\/373
|switch|p2a: Lucifer|Hydreigon, M, shiny|325\/325
|turn|1
|
|switch|p1a: GoodWall|Blissey, F|714\/714
|move|p2a: Lucifer|Draco Meteor|p1a: GoodWall
|-damage|p1a: GoodWall|530\/714
|-unboost|p2a: Lucifer|spa|2
|
|-heal|p1a: GoodWall|574\/714|[from] item: Leftovers
|turn|2
|
|switch|p2a: DeDeDe|Empoleon, F|372\/372
|move|p1a: GoodWall|Seismic Toss|p2a: DeDeDe
|-damage|p2a: DeDeDe|272\/372
|
|-heal|p2a: DeDeDe|295\/372|[from] item: Leftovers
|-heal|p1a: GoodWall|618\/714|[from] item: Leftovers
|turn|3
|c|âMaryLa|mine has the same nickname :D
|c|ânomore06|Great minds think alike
|
|move|p2a: DeDeDe|Stealth Rock|p1a: GoodWall
|-sidestart|p1: MaryLa|move: Stealth Rock
|move|p1a: GoodWall|Seismic Toss|p2a: DeDeDe
|-damage|p2a: DeDeDe|195\/372
|
|-heal|p2a: DeDeDe|218\/372|[from] item: Leftovers
|-heal|p1a: GoodWall|662\/714|[from] item: Leftovers
|turn|4
|c|âMaryLa|yea
|
|move|p2a: DeDeDe|Toxic|p1a: GoodWall
|-status|p1a: GoodWall|tox
|move|p1a: GoodWall|Seismic Toss|p2a: DeDeDe
|-damage|p2a: DeDeDe|118\/372
|
|-heal|p2a: DeDeDe|141\/372|[from] item: Leftovers
|-heal|p1a: GoodWall|706\/714 tox|[from] item: Leftovers
|-damage|p1a: GoodWall|662\/714 tox|[from] psn
|turn|5
|
|move|p1a: GoodWall|Wish|p1a: GoodWall
|move|p2a: DeDeDe|Roar|p1a: GoodWall
|drag|p1a: Crowbar|Crobat, M|373\/373
|-damage|p1a: Crowbar|280\/373|[from] Stealth Rock
|
|-heal|p2a: DeDeDe|164\/372|[from] item: Leftovers
|turn|6
|
|switch|p2a: Sleeping Beauty|Aggron, F|343\/343
|move|p1a: Crowbar|Taunt|p2a: Sleeping Beauty
|-start|p2a: Sleeping Beauty|move: Taunt
|
|-heal|p1a: Crowbar|373\/373|[from] move: Wish|[wisher] GoodWall
|turn|7
|join|Synchronation
|
|detailschange|p2a: Sleeping Beauty|Aggron-Mega, F
|-mega|p2a: Sleeping Beauty|Aggron|Aggronite
|move|p1a: Crowbar|Defog|p2a: Sleeping Beauty
|-unboost|p2a: Sleeping Beauty|evasion|1
|-sideend|p1: MaryLa|Stealth Rock|[from] move: Defog|[of] p1a: Crowbar
|move|p2a: Sleeping Beauty|Heavy Slam|p1a: Crowbar
|-damage|p1a: Crowbar|133\/373
|
|turn|8
|
|switch|p1a: TeamPlayer|Swampert, M|401\/401
|move|p2a: Sleeping Beauty|Earthquake|p1a: TeamPlayer
|-damage|p1a: TeamPlayer|309\/401
|
|-heal|p1a: TeamPlayer|334\/401|[from] item: Leftovers
|turn|9
|
|move|p1a: TeamPlayer|Stealth Rock|p2a: Sleeping Beauty
|-sidestart|p2: nomore06|move: Stealth Rock
|move|p2a: Sleeping Beauty|Heavy Slam|p1a: TeamPlayer
|-resisted|p1a: TeamPlayer
|-damage|p1a: TeamPlayer|268\/401
|
|-heal|p1a: TeamPlayer|293\/401|[from] item: Leftovers
|-end|p2a: Sleeping Beauty|move: Taunt
|turn|10
|
|move|p1a: TeamPlayer|Earthquake|p2a: Sleeping Beauty
|-supereffective|p2a: Sleeping Beauty
|-damage|p2a: Sleeping Beauty|253\/343
|move|p2a: Sleeping Beauty|Earthquake|p1a: TeamPlayer
|-damage|p1a: TeamPlayer|200\/401
|
|-heal|p1a: TeamPlayer|225\/401|[from] item: Leftovers
|turn|11
|
|switch|p1a: Crowbar|Crobat, M|133\/373
|move|p2a: Sleeping Beauty|Earthquake|p1a: Crowbar
|-immune|p1a: Crowbar|[msg]
|
|turn|12
|
|move|p1a: Crowbar|Taunt|p2a: Sleeping Beauty
|-start|p2a: Sleeping Beauty|move: Taunt
|move|p2a: Sleeping Beauty|Earthquake|p1a: Crowbar
|-immune|p1a: Crowbar|[msg]
|
|turn|13
|
|switch|p1a: TeamPlayer|Swampert, M|225\/401
|move|p2a: Sleeping Beauty|Earthquake|p1a: TeamPlayer
|-damage|p1a: TeamPlayer|128\/401
|
|-heal|p1a: TeamPlayer|153\/401|[from] item: Leftovers
|turn|14
|
|move|p2a: Sleeping Beauty|Earthquake|p1a: TeamPlayer
|-damage|p1a: TeamPlayer|65\/401
|move|p1a: TeamPlayer|Roar|p2a: Sleeping Beauty
|drag|p2a: Wukong|Infernape, F|293\/293
|-damage|p2a: Wukong|257\/293|[from] Stealth Rock
|
|-heal|p1a: TeamPlayer|90\/401|[from] item: Leftovers
|turn|15
|
|switch|p1a: Crowbar|Crobat, M|133\/373
|move|p2a: Wukong|Close Combat|p1a: Crowbar
|-resisted|p1a: Crowbar
|-damage|p1a: Crowbar|67\/373
|-unboost|p2a: Wukong|def|1
|-unboost|p2a: Wukong|spd|1
|-damage|p2a: Wukong|228\/293|[from] item: Life Orb
|
|turn|16
|c|ânomore06|Did NOT think that through
|c|âMaryLa|xD
|
|switch|p2a: Sleeping Beauty|Aggron-Mega, F|253\/343
|-damage|p2a: Sleeping Beauty|232\/343|[from] Stealth Rock
|move|p1a: Crowbar|Roost|p1a: Crowbar
|-heal|p1a: Crowbar|254\/373
|
|turn|17
|
|move|p1a: Crowbar|Taunt|p2a: Sleeping Beauty
|-start|p2a: Sleeping Beauty|move: Taunt
|move|p2a: Sleeping Beauty|Heavy Slam|p1a: Crowbar
|-damage|p1a: Crowbar|13\/373
|
|turn|18
|
|move|p1a: Crowbar|Acrobatics|p2a: Sleeping Beauty
|-resisted|p2a: Sleeping Beauty
|-damage|p2a: Sleeping Beauty|208\/343
|move|p2a: Sleeping Beauty|Earthquake|p1a: Crowbar
|-immune|p1a: Crowbar|[msg]
|
|turn|19
|c|ânomore06|Every time XD
|
|move|p1a: Crowbar|Roost|p1a: Crowbar
|-heal|p1a: Crowbar|200\/373
|move|p2a: Sleeping Beauty|Heavy Slam|p1a: Crowbar
|-damage|p1a: Crowbar|0 fnt
|faint|p1a: Crowbar
|
|-end|p2a: Sleeping Beauty|move: Taunt
|c|âMaryLa|xDD
|
|switch|p1a: Mufasa|Entei, shiny|371\/371
|-ability|p1a: Mufasa|Pressure
|turn|20
|c| Synchronation|heavy slam would have killed despite the roost
|
|switch|p2a: Lucifer|Hydreigon, M, shiny|325\/325
|-damage|p2a: Lucifer|285\/325|[from] Stealth Rock
|move|p1a: Mufasa|Sacred Fire|p2a: Lucifer|[miss]
|-miss|p1a: Mufasa|p2a: Lucifer
|
|turn|21
|c|âMaryLa|dat miss.
|c| Synchronation|there was literally no reason to not use heave slam xD
|c|ânomore06|Predicting a swap to swampert
|
|switch|p1a: GoodWall|Blissey, F|662\/714
|move|p2a: Lucifer|Draco Meteor|p1a: GoodWall
|-damage|p1a: GoodWall|502\/714
|-unboost|p2a: Lucifer|spa|2
|
|-heal|p1a: GoodWall|546\/714|[from] item: Leftovers
|turn|22
|c|ânomore06|A swapert
|c| Synchronation|wouldnt have mattered too much i you are a sleep talk set
|c| Synchronation|since you beat it then anyway
|
|switch|p2a: Wukong|Infernape, F|228\/293
|-damage|p2a: Wukong|192\/293|[from] Stealth Rock
|switch|p1a: Celestia|Absol, F, shiny|271\/271
|
|turn|23
|
|switch|p1a: TeamPlayer|Swampert, M|90\/401
|move|p2a: Wukong|Close Combat|p1a: TeamPlayer
|-damage|p1a: TeamPlayer|0 fnt
|-unboost|p2a: Wukong|def|1
|-unboost|p2a: Wukong|spd|1
|-damage|p2a: Wukong|163\/293|[from] item: Life Orb
|faint|p1a: TeamPlayer
|
|
|switch|p1a: Mufasa|Entei, shiny|371\/371
|-ability|p1a: Mufasa|Pressure
|turn|24
|
|switch|p2a: Sleeping Beauty|Aggron-Mega, F|208\/343
|-damage|p2a: Sleeping Beauty|187\/343|[from] Stealth Rock
|move|p1a: Mufasa|Sacred Fire|p2a: Sleeping Beauty
|-supereffective|p2a: Sleeping Beauty
|-damage|p2a: Sleeping Beauty|6\/343
|-status|p2a: Sleeping Beauty|brn
|
|-damage|p2a: Sleeping Beauty|0 fnt|[from] brn
|faint|p2a: Sleeping Beauty
|c|ânomore06|Ah, thought wrong
|c|âMaryLa|what did you think..
|
|switch|p2a: Rollin'|Donphan, M|321\/321
|-damage|p2a: Rollin'|301\/321|[from] Stealth Rock
|turn|25
|c|âMaryLa|I thought you want to sack it to bring in your scarf hydreigon..
|c|ânomore06|Sacred fire is a physical move, right?
|c|âMaryLa|yup
|c| Synchronation|indeed it is
|c|ânomore06|why did it hit so hard?
|c|âMaryLa|well, why did it.
|
|move|p1a: Mufasa|Sacred Fire|p2a: Rollin'
|-damage|p2a: Rollin'|115\/321
|move|p2a: Rollin'|Rapid Spin|p1a: Mufasa
|-damage|p1a: Mufasa|350\/371
|-sideend|p2: nomore06|Stealth Rock|[from] move: Rapid Spin|[of] p2a: Rollin'
|
|turn|26
|c|ânomore06|Max defense on aggron
|c| Synchronation|entei is a nuke
|c| Synchronation|its not s rank for nothing
|
|move|p1a: Mufasa|Sacred Fire|p2a: Rollin'
|-damage|p2a: Rollin'|0 fnt
|faint|p2a: Rollin'
|
|
|switch|p2a: DeDeDe|Empoleon, F|164\/372
|turn|27
|c|ânomore06|Lets see if I can salvage these horrible plays
|
|move|p2a: DeDeDe|Aqua Jet|p1a: Mufasa
|-crit|p1a: Mufasa
|-supereffective|p1a: Mufasa
|-damage|p1a: Mufasa|212\/371
|move|p1a: Mufasa|Sacred Fire|p2a: DeDeDe
|-damage|p2a: DeDeDe|0 fnt
|faint|p2a: DeDeDe
|
|c|âMaryLa|a crit.
|c|âMaryLa|XD
|
|switch|p2a: Wukong|Infernape, F|163\/293
|turn|28
|
|switch|p1a: Doom|Jirachi, shiny|403\/403
|move|p2a: Wukong|Earthquake|p1a: Doom
|-supereffective|p1a: Doom
|-damage|p1a: Doom|146\/403
|-damage|p2a: Wukong|134\/293|[from] item: Life Orb
|
|-heal|p1a: Doom|171\/403|[from] item: Leftovers
|turn|29
|
|switch|p2a: Lucifer|Hydreigon, M, shiny|285\/325
|move|p1a: Doom|Zen Headbutt|p2a: Lucifer
|-immune|p2a: Lucifer|[msg]
|
|-heal|p1a: Doom|196\/403|[from] item: Leftovers
|turn|30
|
|switch|p1a: GoodWall|Blissey, F|546\/714
|move|p2a: Lucifer|U-turn|p1a: GoodWall
|-damage|p1a: GoodWall|433\/714
|c|ânomore06|Not this time
|c|âMaryLa|aw.
|
|switch|p2a: Wukong|Infernape, F|134\/293
|
|-heal|p1a: GoodWall|477\/714|[from] item: Leftovers
|turn|31
|
|move|p2a: Wukong|Close Combat|p1a: GoodWall
|-supereffective|p1a: GoodWall
|-damage|p1a: GoodWall|0 fnt
|-unboost|p2a: Wukong|def|1
|-unboost|p2a: Wukong|spd|1
|-damage|p2a: Wukong|105\/293|[from] item: Life Orb
|faint|p1a: GoodWall
|
|
|switch|p1a: Celestia|Absol, F, shiny|271\/271
|turn|32
|
|detailschange|p1a: Celestia|Absol-Mega, F, shiny
|-mega|p1a: Celestia|Absol|Absolite
|move|p1a: Celestia|Sucker Punch|p2a: Wukong
|-resisted|p2a: Wukong
|-damage|p2a: Wukong|0 fnt
|faint|p2a: Wukong
|
|
|switch|p2a: Lucifer|Hydreigon, M, shiny|285\/325
|turn|33
|c|ânomore06|No, you're not allowed to have that much attack
|c| Synchronation|it was a high damage roll too xD
|
|move|p1a: Celestia|Sucker Punch|p2a: Lucifer
|-resisted|p2a: Lucifer
|-damage|p2a: Lucifer|192\/325
|move|p2a: Lucifer|U-turn|p1a: Celestia
|-supereffective|p1a: Celestia
|-damage|p1a: Celestia|99\/271
|
|switch|p2a: Backstroke|Crobat, F, shiny|311\/311
|
|turn|34
|
|move|p1a: Celestia|Sucker Punch|p2a: Backstroke
|-damage|p2a: Backstroke|119\/311
|move|p2a: Backstroke|Brave Bird|p1a: Celestia
|-damage|p1a: Celestia|0 fnt
|-damage|p2a: Backstroke|86\/311|[from] recoil|[of] p1a: Celestia
|faint|p1a: Celestia
|
|
|switch|p1a: Doom|Jirachi, shiny|196\/403
|turn|35
|
|move|p2a: Backstroke|Brave Bird|p1a: Doom
|-resisted|p1a: Doom
|-damage|p1a: Doom|70\/403
|-damage|p2a: Backstroke|44\/311|[from] recoil|[of] p1a: Doom
|move|p1a: Doom|Body Slam|p2a: Backstroke
|-crit|p2a: Backstroke
|-damage|p2a: Backstroke|0 fnt
|faint|p2a: Backstroke
|
|-heal|p1a: Doom|95\/403|[from] item: Leftovers
|c|ânomore06|IT'S A CRIT
|c|ânomore06|mattered so much
|c|âMaryLa|oh
|
|switch|p2a: Lucifer|Hydreigon, M, shiny|192\/325
|turn|36
|c| Synchronation|totally mattered
|c|âMaryLa|didn't even notice xD
|
|move|p2a: Lucifer|Dark Pulse|p1a: Doom
|-supereffective|p1a: Doom
|-damage|p1a: Doom|0 fnt
|faint|p1a: Doom
|
|
|switch|p1a: Mufasa|Entei, shiny|212\/371
|-ability|p1a: Mufasa|Pressure
|turn|37
|
|move|p1a: Mufasa|Extreme Speed|p2a: Lucifer
|-damage|p2a: Lucifer|21\/325
|move|p2a: Lucifer|Dark Pulse|p1a: Mufasa
|-damage|p1a: Mufasa|35\/371
|
|turn|38
|c|ânomore06|nooo!
|c|ânomore06|Ah well. GG, really close game
|c|âMaryLa|it's not a low damage roll btw
|c|âMaryLa|xD
|c|âMaryLa|gg
|
|move|p1a: Mufasa|Extreme Speed|p2a: Lucifer
|-damage|p2a: Lucifer|0 fnt
|faint|p2a: Lucifer
|
|win|MaryLa
|raw|Ladder updating...
|raw|MaryLa's rating: 1412 &rarr; <strong>1420<\/strong><br \/>(+8 for winning)
|raw|nomore06's rating: 1179 &rarr; <strong>1169<\/strong><br \/>(-10 for losing)
|c| Synchronation|nice game