|join|MaryLa
|join|gobosox
|player|p1|MaryLa|289
|player|p2|gobosox|156
|gametype|singles
|gen|6
|tier|UU
|rated
|rule|Sleep Clause Mod: Limit one foe put to sleep
|rule|Species Clause: Limit one of each PokÃ©mon
|rule|OHKO Clause: OHKO moves are banned
|rule|Moody Clause: Moody is banned
|rule|Evasion Moves Clause: Evasion moves are banned
|rule|Endless Battle Clause: Forcing endless battles is banned
|rule|HP Percentage Mod: HP is shown in percentages
|clearpoke
|poke|p1|Absol, F, shiny
|poke|p1|Crobat, M
|poke|p1|Swampert, M
|poke|p1|Entei, shiny
|poke|p1|Jirachi, shiny
|poke|p1|Blissey, F
|poke|p2|Gorebyss, M
|poke|p2|Swampert, M
|poke|p2|Heliolisk, F
|poke|p2|Accelgor, M
|poke|p2|Poliwrath, F
|poke|p2|Tornadus, M
|rule|Swagger Clause: Swagger is banned
|rule|Baton Pass Clause: Limit one PokÃ©mon knowing Baton Pass
|teampreview
|
|start
|switch|p1a: Crowbar|Crobat, M|373\/373
|switch|p2a: NASCAR|Accelgor, M|364\/364
|turn|1
|
|move|p2a: NASCAR|Rain Dance|p2a: NASCAR
|-weather|RainDance
|move|p1a: Crowbar|Acrobatics|p2a: NASCAR
|-crit|p2a: NASCAR
|-supereffective|p2a: NASCAR
|-damage|p2a: NASCAR|0 fnt
|faint|p2a: NASCAR
|
|-weather|RainDance|[upkeep]
|
|switch|p2a: Get Wet|Swampert, M|341\/341
|turn|2
|
|detailschange|p2a: Get Wet|Swampert-Mega, M
|-mega|p2a: Get Wet|Swampert|Swampertite
|move|p1a: Crowbar|Acrobatics|p2a: Get Wet
|-damage|p2a: Get Wet|229\/341
|move|p2a: Get Wet|Waterfall|p1a: Crowbar
|-damage|p1a: Crowbar|96\/373
|
|-weather|RainDance|[upkeep]
|turn|3
|
|switch|p1a: TeamPlayer|Swampert, M|401\/401
|move|p2a: Get Wet|Waterfall|p1a: TeamPlayer
|-damage|p1a: TeamPlayer|199\/401
|
|-weather|RainDance|[upkeep]
|-heal|p1a: TeamPlayer|224\/401|[from] item: Leftovers
|turn|4
|
|switch|p2a: Gorepiss|Gorebyss, M|251\/251
|move|p1a: TeamPlayer|Earthquake|p2a: Gorepiss
|-damage|p2a: Gorepiss|130\/251
|
|-weather|RainDance|[upkeep]
|-heal|p1a: TeamPlayer|249\/401|[from] item: Leftovers
|turn|5
|
|move|p2a: Gorepiss|Surf|p1a: TeamPlayer
|-damage|p1a: TeamPlayer|0 fnt
|faint|p1a: TeamPlayer
|
|-weather|RainDance|[upkeep]
|
|switch|p1a: Doom|Jirachi, shiny|403\/403
|turn|6
|
|move|p2a: Gorepiss|Shell Smash|p2a: Gorepiss
|-boost|p2a: Gorepiss|atk|2
|-boost|p2a: Gorepiss|spa|2
|-boost|p2a: Gorepiss|spe|2
|-unboost|p2a: Gorepiss|def|1
|-unboost|p2a: Gorepiss|spd|1
|-enditem|p2a: Gorepiss|White Herb
|-restoreboost|p2a: Gorepiss|[silent]
|move|p1a: Doom|Substitute|p1a: Doom
|-start|p1a: Doom|Substitute
|-damage|p1a: Doom|303\/403
|
|-weather|RainDance|[upkeep]
|-heal|p1a: Doom|328\/403|[from] item: Leftovers
|turn|7
|
|move|p2a: Gorepiss|Surf|p1a: Doom
|-crit|p1a: Doom
|-end|p1a: Doom|Substitute
|move|p1a: Doom|Iron Head|p2a: Gorepiss
|-resisted|p2a: Gorepiss
|-damage|p2a: Gorepiss|88\/251
|
|-weather|RainDance|[upkeep]
|-heal|p1a: Doom|353\/403|[from] item: Leftovers
|turn|8
|
|switch|p1a: GoodWall|Blissey, F|714\/714
|move|p2a: Gorepiss|Surf|p1a: GoodWall
|-damage|p1a: GoodWall|353\/714
|
|-weather|none
|-heal|p1a: GoodWall|397\/714|[from] item: Leftovers
|turn|9
|
|move|p2a: Gorepiss|Baton Pass|p2a: Gorepiss
|
|switch|p2a: Get Wet|Swampert-Mega, M|229\/341
|move|p1a: GoodWall|Seismic Toss|p2a: Get Wet
|-damage|p2a: Get Wet|129\/341
|
|-heal|p1a: GoodWall|441\/714|[from] item: Leftovers
|turn|10
|
|move|p2a: Get Wet|Earthquake|p1a: GoodWall
|-damage|p1a: GoodWall|0 fnt
|faint|p1a: GoodWall
|
|
|switch|p1a: Celestia|Absol, F, shiny|271\/271
|turn|11
|
|switch|p2a: Twistah|Tornadus, M|361\/361
|detailschange|p1a: Celestia|Absol-Mega, F, shiny
|-mega|p1a: Celestia|Absol|Absolite
|move|p1a: Celestia|Sucker Punch|p2a: Twistah
|-fail|p2a: Twistah
|
|turn|12
|
|move|p2a: Twistah|Rain Dance|p2a: Twistah
|-weather|RainDance
|move|p1a: Celestia|Knock Off|p2a: Twistah
|-damage|p2a: Twistah|85\/361
|-enditem|p2a: Twistah|Damp Rock|[from] move: Knock Off|[of] p1a: Celestia
|
|-weather|RainDance|[upkeep]
|turn|13
|
|move|p1a: Celestia|Sucker Punch|p2a: Twistah
|-damage|p2a: Twistah|0 fnt
|faint|p2a: Twistah
|
|-weather|RainDance|[upkeep]
|
|switch|p2a: Second Amendment|Poliwrath, F|322\/322
|turn|14
|
|switch|p1a: Crowbar|Crobat, M|96\/373
|move|p2a: Second Amendment|Brick Break|p1a: Crowbar
|-resisted|p1a: Crowbar
|-damage|p1a: Crowbar|65\/373
|
|-weather|RainDance|[upkeep]
|turn|15
|
|move|p2a: Second Amendment|Waterfall|p1a: Crowbar
|-damage|p1a: Crowbar|0 fnt
|faint|p1a: Crowbar
|
|-weather|RainDance|[upkeep]
|
|switch|p1a: Doom|Jirachi, shiny|353\/403
|turn|16
|
|move|p2a: Second Amendment|Waterfall|p1a: Doom
|-damage|p1a: Doom|184\/403
|cant|p1a: Doom|flinch
|
|-weather|RainDance|[upkeep]
|-heal|p1a: Doom|209\/403|[from] item: Leftovers
|turn|17
|c|âMaryLa|the flincher gets flinched
|c|âMaryLa|oh the irony
|c|âgobosox|lol
|
|move|p2a: Second Amendment|Waterfall|p1a: Doom
|-damage|p1a: Doom|35\/403
|move|p1a: Doom|Body Slam|p2a: Second Amendment
|-damage|p2a: Second Amendment|253\/322
|-status|p2a: Second Amendment|par
|
|-weather|RainDance|[upkeep]
|-heal|p1a: Doom|60\/403|[from] item: Leftovers
|turn|18
|
|move|p1a: Doom|Iron Head|p2a: Second Amendment
|-resisted|p2a: Second Amendment
|-damage|p2a: Second Amendment|201\/322 par
|cant|p2a: Second Amendment|flinch
|
|-weather|RainDance|[upkeep]
|-heal|p1a: Doom|85\/403|[from] item: Leftovers
|turn|19
|join|Obamascience
|
|switch|p2a: Heliolisk|Heliolisk, F|265\/265
|move|p1a: Doom|Iron Head|p2a: Heliolisk
|-resisted|p2a: Heliolisk
|-damage|p2a: Heliolisk|182\/265
|
|-weather|none
|-heal|p1a: Doom|110\/403|[from] item: Leftovers
|turn|20
|
|move|p2a: Heliolisk|Rain Dance|p2a: Heliolisk
|-weather|RainDance
|move|p1a: Doom|Substitute|p1a: Doom
|-start|p1a: Doom|Substitute
|-damage|p1a: Doom|10\/403
|
|-weather|RainDance|[upkeep]
|-heal|p2a: Heliolisk|215\/265|[from] ability: Dry Skin
|-heal|p1a: Doom|35\/403|[from] item: Leftovers
|turn|21
|
|move|p2a: Heliolisk|Hyper Voice|p1a: Doom
|-resisted|p1a: Doom
|-damage|p1a: Doom|0 fnt
|-damage|p2a: Heliolisk|189\/265|[from] item: Life Orb
|faint|p1a: Doom
|
|-weather|RainDance|[upkeep]
|-heal|p2a: Heliolisk|222\/265|[from] ability: Dry Skin
|
|switch|p1a: Celestia|Absol-Mega, F, shiny|271\/271
|turn|22
|c| Obamascience|I remember when people were misinformed
|c| Obamascience|and people thought this hit 427 spe
|c| Obamascience|LOL
|
|move|p1a: Celestia|Knock Off|p2a: Heliolisk
|-damage|p2a: Heliolisk|0 fnt
|-enditem|p2a: Heliolisk|Life Orb|[from] move: Knock Off|[of] p1a: Celestia
|faint|p2a: Heliolisk
|
|-weather|RainDance|[upkeep]
|c| Obamascience|good times.
|
|switch|p2a: Second Amendment|Poliwrath, F|201\/322 par
|turn|23
|c|âMaryLa|whut?
|
|move|p1a: Celestia|Play Rough|p2a: Second Amendment
|-supereffective|p2a: Second Amendment
|-damage|p2a: Second Amendment|0 fnt
|faint|p2a: Second Amendment
|
|-weather|RainDance|[upkeep]
|
|switch|p2a: Get Wet|Swampert-Mega, M|129\/341
|turn|24
|
|move|p1a: Celestia|Sucker Punch|p2a: Get Wet
|-damage|p2a: Get Wet|0 fnt
|faint|p2a: Get Wet
|
|-weather|none
|c| Obamascience|during early PO XY heliolisk had 427 spe
|c| Obamascience|:o
|
|switch|p2a: Gorepiss|Gorebyss, M|88\/251
|turn|25
|c|âMaryLa|what just happened
|c|âgobosox|i got fucked
|
|move|p1a: Celestia|Knock Off|p2a: Gorepiss
|-damage|p2a: Gorepiss|0 fnt
|faint|p2a: Gorepiss
|
|win|MaryLa
|raw|Ladder updating...
|c|âgobosox|gg
|raw|MaryLa's rating: 1403 &rarr; <strong>1431<\/strong><br \/>(+28 for winning)
|raw|gobosox's rating: 1546 &rarr; <strong>1519<\/strong><br \/>(-27 for losing)
|c|âMaryLa|gg
|leave|gobosox
|player|p2
|leave|Obamascience