|join|MaryLa
|join|Oldude
|player|p1|MaryLa|289
|player|p2|Oldude|160
|gametype|singles
|gen|6
|tier|UU
|rated
|rule|Sleep Clause Mod: Limit one foe put to sleep
|rule|Species Clause: Limit one of each PokÃ©mon
|rule|OHKO Clause: OHKO moves are banned
|rule|Moody Clause: Moody is banned
|rule|Evasion Moves Clause: Evasion moves are banned
|rule|Endless Battle Clause: Forcing endless battles is banned
|rule|HP Percentage Mod: HP is shown in percentages
|clearpoke
|poke|p1|Camerupt, F
|poke|p1|Vaporeon, F, shiny
|poke|p1|Blissey, F
|poke|p1|Haxorus, F, shiny
|poke|p1|Donphan, F
|poke|p1|Mienshao, F, shiny
|poke|p2|Florges, F
|poke|p2|Vaporeon, F
|poke|p2|Mienshao, F
|poke|p2|Kyurem
|poke|p2|Swampert, F
|poke|p2|Shaymin
|rule|Swagger Clause: Swagger is banned
|rule|Baton Pass Clause: Limit one PokÃ©mon knowing Baton Pass
|teampreview
|c|âOldude|Have fun.
|c|âMaryLa|u too
|
|start
|switch|p1a: Kikyo|Mienshao, F, shiny|271\/271
|switch|p2a: Swampert|Swampert, F|404\/404
|turn|1
|
|detailschange|p2a: Swampert|Swampert-Mega, F
|-mega|p2a: Swampert|Swampert|Swampertite
|move|p1a: Kikyo|High Jump Kick|p2a: Swampert
|-damage|p2a: Swampert|136\/404
|move|p2a: Swampert|Earthquake|p1a: Kikyo
|-damage|p1a: Kikyo|0 fnt
|faint|p1a: Kikyo
|
|
|switch|p1a: Tire|Donphan, F|383\/383
|turn|2
|
|move|p2a: Swampert|Waterfall|p1a: Tire
|-supereffective|p1a: Tire
|-damage|p1a: Tire|155\/383
|cant|p1a: Tire|flinch
|
|-heal|p1a: Tire|178\/383|[from] item: Leftovers
|turn|3
|c|âMaryLa|fml
|c|âOldude|1 in 5
|
|switch|p1a: Meow|Vaporeon, F, shiny|463\/463
|move|p2a: Swampert|Waterfall|p1a: Meow
|-immune|p1a: Meow|[msg]
|
|turn|4
|c|âOldude|So lucky me
|
|move|p2a: Swampert|Stealth Rock|p1a: Meow
|-sidestart|p1: MaryLa|move: Stealth Rock
|move|p1a: Meow|Scald|p2a: Swampert
|-damage|p2a: Swampert|49\/404
|
|turn|5
|
|move|p2a: Swampert|Earthquake|p1a: Meow
|-damage|p1a: Meow|258\/463
|move|p1a: Meow|Wish|p1a: Meow
|
|-heal|p1a: Meow|286\/463|[from] item: Leftovers
|turn|6
|
|switch|p2a: Vaporeon|Vaporeon, F|464\/464
|move|p1a: Meow|Scald|p2a: Vaporeon
|-immune|p2a: Vaporeon|[msg]
|
|-heal|p1a: Meow|463\/463|[from] move: Wish|[wisher] Meow
|turn|7
|
|move|p2a: Vaporeon|Toxic|p1a: Meow
|-status|p1a: Meow|tox
|move|p1a: Meow|Wish|p1a: Meow
|
|-damage|p1a: Meow|435\/463 tox|[from] psn
|turn|8
|
|move|p2a: Vaporeon|Scald|p1a: Meow
|-heal|p1a: Meow|463\/463 tox|[from] ability: Water Absorb|[of] p2a: Vaporeon
|move|p1a: Meow|Baton Pass|p1a: Meow
|
|switch|p1a: Tire|Donphan, F|178\/383
|-damage|p1a: Tire|155\/383|[from] Stealth Rock
|
|-heal|p1a: Tire|383\/383|[from] move: Wish|[wisher] Meow
|turn|9
|
|switch|p1a: GoodWall|Blissey, F|714\/714
|-damage|p1a: GoodWall|625\/714|[from] Stealth Rock
|move|p2a: Vaporeon|Toxic|p1a: GoodWall
|-status|p1a: GoodWall|tox
|
|-heal|p1a: GoodWall|669\/714 tox|[from] item: Leftovers
|-damage|p1a: GoodWall|625\/714 tox|[from] psn
|turn|10
|
|switch|p2a: Shaymin|Shaymin|404\/404
|move|p1a: GoodWall|Toxic|p2a: Shaymin
|-status|p2a: Shaymin|tox
|
|-heal|p1a: GoodWall|669\/714 tox|[from] item: Leftovers
|-damage|p2a: Shaymin|379\/404 tox|[from] psn
|-damage|p1a: GoodWall|581\/714 tox|[from] psn
|turn|11
|
|move|p2a: Shaymin|Leech Seed|p1a: GoodWall
|-start|p1a: GoodWall|move: Leech Seed
|move|p1a: GoodWall|Heal Bell|p1a: GoodWall
|-cureteam|p1a: GoodWall|[from] move: HealBell
|
|-heal|p2a: Shaymin|404\/404 tox|[from] item: Leftovers
|-heal|p1a: GoodWall|625\/714|[from] item: Leftovers
|-damage|p1a: GoodWall|536\/714|[from] Leech Seed|[of] p2a: Shaymin
|-damage|p2a: Shaymin|354\/404 tox|[from] psn
|turn|12
|
|move|p2a: Shaymin|Seed Flare|p1a: GoodWall|[miss]
|-miss|p2a: Shaymin|p1a: GoodWall
|move|p1a: GoodWall|Soft-Boiled|p1a: GoodWall
|-heal|p1a: GoodWall|714\/714
|
|-heal|p2a: Shaymin|379\/404 tox|[from] item: Leftovers
|-damage|p1a: GoodWall|625\/714|[from] Leech Seed|[of] p2a: Shaymin
|-heal|p2a: Shaymin|404\/404 tox|[silent]
|-damage|p2a: Shaymin|329\/404 tox|[from] psn
|turn|13
|
|switch|p2a: Mienshao|Mienshao, F|271\/271
|move|p1a: GoodWall|Seismic Toss|p2a: Mienshao
|-damage|p2a: Mienshao|171\/271
|
|-heal|p1a: GoodWall|669\/714|[from] item: Leftovers
|-damage|p1a: GoodWall|580\/714|[from] Leech Seed|[of] p2a: Mienshao
|-heal|p2a: Mienshao|260\/271|[silent]
|turn|14
|
|switch|p1a: Meow|Vaporeon, F, shiny|463\/463
|-damage|p1a: Meow|406\/463|[from] Stealth Rock
|move|p2a: Mienshao|High Jump Kick|p1a: Meow
|-damage|p1a: Meow|142\/463
|
|-heal|p1a: Meow|170\/463|[from] item: Leftovers
|turn|15
|c|âOldude|Cancel
|
|move|p1a: Meow|Protect|p1a: Meow
|-singleturn|p1a: Meow|Protect
|move|p2a: Mienshao|High Jump Kick|p1a: Meow
|-activate|p1a: Meow|Protect
|-damage|p2a: Mienshao|125\/271|[from] highjumpkick
|
|-heal|p1a: Meow|198\/463|[from] item: Leftovers
|turn|16
|c|âOldude|I hit cancel
|c|âMaryLa|shit happens
|c|âOldude|But its broken...
|
|move|p2a: Mienshao|High Jump Kick|p1a: Meow|[miss]
|-miss|p2a: Mienshao|p1a: Meow
|-damage|p2a: Mienshao|0 fnt|[from] highjumpkick
|faint|p2a: Mienshao
|move|p1a: Meow|Wish|p1a: Meow
|
|-heal|p1a: Meow|226\/463|[from] item: Leftovers
|c|âMaryLa|oooooooh.
|c|âMaryLa|bruh
|c|âMaryLa|I'm so sorry
|c|âMaryLa|dat skillful dodge tho
|c|âOldude|How will i kill Blissey now?!
|c|âOldude|I lose
|c|âMaryLa|uuh..
|c|âMaryLa|swampert? :P
|c|âOldude|Becauase of that 10% chance
|c|âOldude|Swapert is pratically dead
|c|âMaryLa|or seedflare infinitely
|
|switch|p2a: Shaymin|Shaymin|329\/404
|turn|17
|
|move|p1a: Meow|Protect|p1a: Meow
|-singleturn|p1a: Meow|Protect
|move|p2a: Shaymin|Seed Flare|p1a: Meow
|-activate|p1a: Meow|Protect
|
|-heal|p1a: Meow|457\/463|[from] move: Wish|[wisher] Meow
|-heal|p2a: Shaymin|354\/404|[from] item: Leftovers
|-heal|p1a: Meow|463\/463|[from] item: Leftovers
|turn|18
|
|switch|p1a: Destroyer|Haxorus, F, shiny|293\/293
|-damage|p1a: Destroyer|257\/293|[from] Stealth Rock
|-ability|p1a: Destroyer|Mold Breaker
|move|p2a: Shaymin|Seed Flare|p1a: Destroyer
|-resisted|p1a: Destroyer
|-damage|p1a: Destroyer|116\/293
|-unboost|p1a: Destroyer|spd|2
|
|-heal|p2a: Shaymin|379\/404|[from] item: Leftovers
|turn|19
|c|âMaryLa|252 SpA Shaymin Seed Flare vs. 4 HP \/ 0 SpD Haxorus: 110-129 (37.4 - 43.8%) -- guaranteed 3HKO
|c|âMaryLa|b-but...
|
|switch|p2a: Vaporeon|Vaporeon, F|464\/464
|move|p1a: Destroyer|Outrage|p2a: Vaporeon
|-damage|p2a: Vaporeon|229\/464
|
|-heal|p2a: Vaporeon|258\/464|[from] item: Leftovers
|turn|20
|
|switch|p2a: Florges|Florges, F|360\/360
|move|p1a: Destroyer|Outrage|p2a: Florges
|-immune|p2a: Florges|[msg]
|
|-end|p1a: Destroyer|rampage
|-start|p1a: Destroyer|confusion
|-enditem|p1a: Destroyer|Lum Berry|[eat]
|-end|p1a: Destroyer|confusion
|turn|21
|
|switch|p1a: Meow|Vaporeon, F, shiny|463\/463
|-damage|p1a: Meow|406\/463|[from] Stealth Rock
|move|p2a: Florges|Moonblast|p1a: Meow
|-damage|p1a: Meow|274\/463
|-unboost|p1a: Meow|spa|1
|
|-heal|p1a: Meow|302\/463|[from] item: Leftovers
|turn|22
|c|âOldude|IT WOULD BE DEAD!
|
|switch|p2a: Shaymin|Shaymin|379\/404
|move|p1a: Meow|Wish|p1a: Meow
|
|-heal|p2a: Shaymin|404\/404|[from] item: Leftovers
|-heal|p1a: Meow|330\/463|[from] item: Leftovers
|turn|23
|
|switch|p1a: Miss Magma|Camerupt, F|343\/343
|-damage|p1a: Miss Magma|301\/343|[from] Stealth Rock
|move|p2a: Shaymin|Seed Flare|p1a: Miss Magma
|-damage|p1a: Miss Magma|52\/343
|
|-heal|p1a: Miss Magma|283\/343|[from] move: Wish|[wisher] Meow
|turn|24
|
|switch|p2a: Florges|Florges, F|360\/360
|detailschange|p1a: Miss Magma|Camerupt-Mega, F
|-mega|p1a: Miss Magma|Camerupt|Cameruptite
|move|p1a: Miss Magma|Fire Blast|p2a: Florges
|-damage|p2a: Florges|192\/360
|
|-heal|p2a: Florges|214\/360|[from] item: Leftovers
|turn|25
|
|move|p2a: Florges|Wish|p2a: Florges
|move|p1a: Miss Magma|Fire Blast|p2a: Florges
|-damage|p2a: Florges|66\/360
|
|-heal|p2a: Florges|88\/360|[from] item: Leftovers
|turn|26
|
|move|p2a: Florges|Protect|p2a: Florges
|-singleturn|p2a: Florges|Protect
|move|p1a: Miss Magma|Will-O-Wisp|p2a: Florges
|-activate|p2a: Florges|Protect
|
|-heal|p2a: Florges|268\/360|[from] move: Wish|[wisher] Florges
|-heal|p2a: Florges|290\/360|[from] item: Leftovers
|turn|27
|
|switch|p1a: GoodWall|Blissey, F|580\/714
|-damage|p1a: GoodWall|491\/714|[from] Stealth Rock
|move|p2a: Florges|Toxic|p1a: GoodWall
|-status|p1a: GoodWall|tox
|
|-heal|p2a: Florges|312\/360|[from] item: Leftovers
|-heal|p1a: GoodWall|535\/714 tox|[from] item: Leftovers
|-damage|p1a: GoodWall|491\/714 tox|[from] psn
|turn|28
|
|switch|p2a: Shaymin|Shaymin|404\/404
|move|p1a: GoodWall|Toxic|p2a: Shaymin
|-status|p2a: Shaymin|tox
|
|-heal|p1a: GoodWall|535\/714 tox|[from] item: Leftovers
|-damage|p2a: Shaymin|379\/404 tox|[from] psn
|-damage|p1a: GoodWall|447\/714 tox|[from] psn
|turn|29
|
|move|p2a: Shaymin|Seed Flare|p1a: GoodWall
|-damage|p1a: GoodWall|330\/714 tox
|move|p1a: GoodWall|Heal Bell|p1a: GoodWall
|-cureteam|p1a: GoodWall|[from] move: HealBell
|
|-heal|p2a: Shaymin|404\/404 tox|[from] item: Leftovers
|-heal|p1a: GoodWall|374\/714|[from] item: Leftovers
|-damage|p2a: Shaymin|354\/404 tox|[from] psn
|turn|30
|
|move|p2a: Shaymin|Seed Flare|p1a: GoodWall
|-damage|p1a: GoodWall|266\/714
|move|p1a: GoodWall|Soft-Boiled|p1a: GoodWall
|-heal|p1a: GoodWall|623\/714
|
|-heal|p2a: Shaymin|379\/404 tox|[from] item: Leftovers
|-heal|p1a: GoodWall|667\/714|[from] item: Leftovers
|-damage|p2a: Shaymin|304\/404 tox|[from] psn
|turn|31
|c|âMaryLa|no spdef drop xD
|
|move|p2a: Shaymin|Seed Flare|p1a: GoodWall
|-damage|p1a: GoodWall|558\/714
|move|p1a: GoodWall|Seismic Toss|p2a: Shaymin
|-damage|p2a: Shaymin|204\/404 tox
|
|-heal|p2a: Shaymin|229\/404 tox|[from] item: Leftovers
|-heal|p1a: GoodWall|602\/714|[from] item: Leftovers
|-damage|p2a: Shaymin|129\/404 tox|[from] psn
|turn|32
|c|âOldude|I am not happy
|
|switch|p2a: Florges|Florges, F|312\/360
|move|p1a: GoodWall|Seismic Toss|p2a: Florges
|-damage|p2a: Florges|212\/360
|
|-heal|p2a: Florges|234\/360|[from] item: Leftovers
|-heal|p1a: GoodWall|646\/714|[from] item: Leftovers
|turn|33
|c|âOldude|I lost because of a 10 chance T_T
|
|switch|p1a: Miss Magma|Camerupt-Mega, F|283\/343
|-damage|p1a: Miss Magma|241\/343|[from] Stealth Rock
|move|p2a: Florges|Wish|p2a: Florges
|
|-heal|p2a: Florges|256\/360|[from] item: Leftovers
|turn|34
|c|âMaryLa|shh shh..
|
|move|p2a: Florges|Toxic|p1a: Miss Magma
|-status|p1a: Miss Magma|tox
|move|p1a: Miss Magma|Hidden Power|p2a: Florges
|-damage|p2a: Florges|206\/360
|
|-heal|p2a: Florges|360\/360|[from] move: Wish|[wisher] Florges
|-damage|p1a: Miss Magma|220\/343 tox|[from] psn
|turn|35
|c|âOldude|?_?
|
|switch|p1a: GoodWall|Blissey, F|646\/714
|-damage|p1a: GoodWall|557\/714|[from] Stealth Rock
|move|p2a: Florges|Wish|p2a: Florges
|
|-heal|p1a: GoodWall|601\/714|[from] item: Leftovers
|turn|36
|c|âMaryLa|yeah I dunno
|
|switch|p2a: Swampert|Swampert-Mega, F|49\/404
|move|p1a: GoodWall|Toxic|p2a: Swampert
|-status|p2a: Swampert|tox
|
|-heal|p2a: Swampert|229\/404 tox|[from] move: Wish|[wisher] Florges
|-heal|p1a: GoodWall|645\/714|[from] item: Leftovers
|-damage|p2a: Swampert|204\/404 tox|[from] psn
|turn|37
|
|switch|p2a: Shaymin|Shaymin|129\/404
|switch|p1a: Meow|Vaporeon, F, shiny|330\/463
|-damage|p1a: Meow|273\/463|[from] Stealth Rock
|
|-heal|p2a: Shaymin|154\/404|[from] item: Leftovers
|-heal|p1a: Meow|301\/463|[from] item: Leftovers
|turn|38
|
|move|p2a: Shaymin|Synthesis|p2a: Shaymin
|-heal|p2a: Shaymin|356\/404
|move|p1a: Meow|Wish|p1a: Meow
|
|-heal|p2a: Shaymin|381\/404|[from] item: Leftovers
|-heal|p1a: Meow|329\/463|[from] item: Leftovers
|turn|39
|c|âOldude|dzfgnbdfzklndfgklj
|c|âOldude|Do you relize i could have killed you?!
|c|âMaryLa|of course I do.
|c|âOldude|?_?
|
|switch|p1a: Miss Magma|Camerupt-Mega, F|220\/343 tox
|-damage|p1a: Miss Magma|178\/343 tox|[from] Stealth Rock
|move|p2a: Shaymin|Leech Seed|p1a: Miss Magma
|-start|p1a: Miss Magma|move: Leech Seed
|
|-heal|p1a: Miss Magma|343\/343 tox|[from] move: Wish|[wisher] Meow
|-heal|p2a: Shaymin|404\/404|[from] item: Leftovers
|-damage|p1a: Miss Magma|301\/343 tox|[from] Leech Seed|[of] p2a: Shaymin
|-damage|p1a: Miss Magma|280\/343 tox|[from] psn
|turn|40
|
|switch|p2a: Florges|Florges, F|360\/360
|switch|p1a: GoodWall|Blissey, F|645\/714
|-damage|p1a: GoodWall|556\/714|[from] Stealth Rock
|
|-heal|p1a: GoodWall|600\/714|[from] item: Leftovers
|turn|41
|
|move|p2a: Florges|Wish|p2a: Florges
|move|p1a: GoodWall|Heal Bell|p1a: GoodWall
|-cureteam|p1a: GoodWall|[from] move: HealBell
|
|-heal|p1a: GoodWall|644\/714|[from] item: Leftovers
|turn|42
|
|switch|p2a: Swampert|Swampert-Mega, F|204\/404 tox
|move|p1a: GoodWall|Toxic|p2a: Swampert
|-fail|p2a: Swampert|tox
|
|-heal|p2a: Swampert|384\/404 tox|[from] move: Wish|[wisher] Florges
|-heal|p1a: GoodWall|688\/714|[from] item: Leftovers
|-damage|p2a: Swampert|359\/404 tox|[from] psn
|turn|43
|
|switch|p1a: Meow|Vaporeon, F, shiny|329\/463
|-damage|p1a: Meow|272\/463|[from] Stealth Rock
|move|p2a: Swampert|Earthquake|p1a: Meow
|-damage|p1a: Meow|76\/463
|
|-heal|p1a: Meow|104\/463|[from] item: Leftovers
|-damage|p2a: Swampert|309\/404 tox|[from] psn
|turn|44
|
|move|p1a: Meow|Protect|p1a: Meow
|-singleturn|p1a: Meow|Protect
|move|p2a: Swampert|Earthquake|p1a: Meow
|-activate|p1a: Meow|Protect
|
|-heal|p1a: Meow|132\/463|[from] item: Leftovers
|-damage|p2a: Swampert|234\/404 tox|[from] psn
|turn|45
|
|switch|p2a: Kyurem|Kyurem|392\/392
|-ability|p2a: Kyurem|Pressure
|move|p1a: Meow|Scald|p2a: Kyurem
|-resisted|p2a: Kyurem
|-damage|p2a: Kyurem|337\/392
|
|-heal|p1a: Meow|160\/463|[from] item: Leftovers
|turn|46
|
|move|p1a: Meow|Protect|p1a: Meow
|-singleturn|p1a: Meow|Protect
|move|p2a: Kyurem|Dragon Pulse|p1a: Meow
|-activate|p1a: Meow|Protect
|
|-heal|p1a: Meow|188\/463|[from] item: Leftovers
|turn|47
|
|move|p2a: Kyurem|Dragon Pulse|p1a: Meow
|-damage|p1a: Meow|43\/463
|move|p1a: Meow|Wish|p1a: Meow
|
|-heal|p1a: Meow|71\/463|[from] item: Leftovers
|turn|48
|c|âOldude|Are you moving
|leave|Oldude
|player|p2
|join|Oldude
|player|p2|Oldude|160
|leave|Oldude
|player|p2
|c|âMaryLa|smogon is lagging.
|join|Oldude
|player|p2|Oldude|160
|c|âOldude|I am trying
|
|move|p1a: Meow|Protect|p1a: Meow
|-singleturn|p1a: Meow|Protect
|move|p2a: Kyurem|Dragon Pulse|p1a: Meow
|-activate|p1a: Meow|Protect
|
|-heal|p1a: Meow|302\/463|[from] move: Wish|[wisher] Meow
|-heal|p1a: Meow|330\/463|[from] item: Leftovers
|turn|49
|
|switch|p2a: Shaymin|Shaymin|404\/404
|move|p1a: Meow|Wish|p1a: Meow
|
|-heal|p1a: Meow|358\/463|[from] item: Leftovers
|turn|50
|c|âOldude|PLz if i leave again do not let me lose
|c|âOldude|My computer
|c|âOldude|Is dieing
|
|move|p2a: Shaymin|Seed Flare|p1a: Meow
|-supereffective|p1a: Meow
|-damage|p1a: Meow|0 fnt
|faint|p1a: Meow
|
|
|switch|p1a: Destroyer|Haxorus, F, shiny|116\/293
|-damage|p1a: Destroyer|80\/293|[from] Stealth Rock
|-ability|p1a: Destroyer|Mold Breaker
|turn|51
|
|move|p1a: Destroyer|Dragon Dance|p1a: Destroyer
|-boost|p1a: Destroyer|atk|1
|-boost|p1a: Destroyer|spe|1
|move|p2a: Shaymin|Air Slash|p1a: Destroyer|[miss]
|-miss|p2a: Shaymin|p1a: Destroyer
|
|turn|52
|c|âOldude|% PERCENT
|c|âOldude|Are you serious?!
|c|âOldude|5
|c|âOldude|5555
|c|âOldude|5
|c|âOldude|%
|
|switch|p2a: Florges|Florges, F|360\/360
|move|p1a: Destroyer|Poison Jab|p2a: Florges
|-supereffective|p2a: Florges
|-damage|p2a: Florges|0 fnt
|faint|p2a: Florges
|
|
|switch|p2a: Kyurem|Kyurem|337\/392
|-ability|p2a: Kyurem|Pressure
|turn|53
|
|move|p2a: Kyurem|Ice Beam|p1a: Destroyer
|-supereffective|p1a: Destroyer
|-damage|p1a: Destroyer|0 fnt
|faint|p1a: Destroyer
|
|c|âMaryLa|a scarfer.
|c|âMaryLa|I see.
|c|âOldude|My floges is dead
|c|âOldude|Beacause of a 5% miss chance!
|c|âMaryLa|I know, you're getting haxed to death xD
|
|switch|p1a: GoodWall|Blissey, F|688\/714
|-damage|p1a: GoodWall|599\/714|[from] Stealth Rock
|turn|54
|
|switch|p2a: Shaymin|Shaymin|404\/404
|switch|p1a: Tire|Donphan, F|383\/383
|-damage|p1a: Tire|360\/383|[from] Stealth Rock
|
|-heal|p1a: Tire|383\/383|[from] item: Leftovers
|turn|55
|
|move|p2a: Shaymin|Leech Seed|p1a: Tire
|-start|p1a: Tire|move: Leech Seed
|move|p1a: Tire|Rapid Spin|p2a: Shaymin
|-damage|p2a: Shaymin|386\/404
|-end|p1a: Tire|Leech Seed|[from] move: Rapid Spin|[of] p1a: Tire
|-sideend|p1: MaryLa|Stealth Rock|[from] move: Rapid Spin|[of] p1a: Tire
|
|-heal|p2a: Shaymin|404\/404|[from] item: Leftovers
|turn|56
|
|move|p2a: Shaymin|Leech Seed|p1a: Tire
|-start|p1a: Tire|move: Leech Seed
|move|p1a: Tire|Stealth Rock|p2a: Shaymin
|-sidestart|p2: Oldude|move: Stealth Rock
|
|-damage|p1a: Tire|336\/383|[from] Leech Seed|[of] p2a: Shaymin
|turn|57
|
|switch|p2a: Vaporeon|Vaporeon, F|258\/464
|-damage|p2a: Vaporeon|200\/464|[from] Stealth Rock
|switch|p1a: GoodWall|Blissey, F|599\/714
|
|-heal|p2a: Vaporeon|229\/464|[from] item: Leftovers
|-heal|p1a: GoodWall|643\/714|[from] item: Leftovers
|turn|58
|
|move|p2a: Vaporeon|Protect|p2a: Vaporeon
|-singleturn|p2a: Vaporeon|Protect
|move|p1a: GoodWall|Seismic Toss|p2a: Vaporeon
|-activate|p2a: Vaporeon|Protect
|
|-heal|p2a: Vaporeon|258\/464|[from] item: Leftovers
|-heal|p1a: GoodWall|687\/714|[from] item: Leftovers
|turn|59
|
|switch|p2a: Shaymin|Shaymin|404\/404
|-damage|p2a: Shaymin|354\/404|[from] Stealth Rock
|move|p1a: GoodWall|Seismic Toss|p2a: Shaymin
|-damage|p2a: Shaymin|254\/404
|
|-heal|p2a: Shaymin|279\/404|[from] item: Leftovers
|-heal|p1a: GoodWall|714\/714|[from] item: Leftovers
|turn|60
|
|move|p2a: Shaymin|Leech Seed|p1a: GoodWall
|-start|p1a: GoodWall|move: Leech Seed
|move|p1a: GoodWall|Seismic Toss|p2a: Shaymin
|-damage|p2a: Shaymin|179\/404
|
|-heal|p2a: Shaymin|204\/404|[from] item: Leftovers
|-damage|p1a: GoodWall|625\/714|[from] Leech Seed|[of] p2a: Shaymin
|-heal|p2a: Shaymin|293\/404|[silent]
|turn|61
|
|switch|p1a: Miss Magma|Camerupt-Mega, F|280\/343
|move|p2a: Shaymin|Air Slash|p1a: Miss Magma
|-damage|p1a: Miss Magma|200\/343
|
|-heal|p2a: Shaymin|318\/404|[from] item: Leftovers
|turn|62
|c|âOldude|MY BLISSEY WOULD STILL BE ALIVE
|c|âOldude|WITHOU THAT 5% miss
|c|âMaryLa|uh
|c|âOldude|I am crying
|c|âMaryLa|you mean florges, right
|c|âOldude|Oh yeha
|c|âOldude|I used to have blissey
|c|âMaryLa|don't take it too seriously.
|c|âMaryLa|you remind me of a friend..
|
|move|p2a: Shaymin|Air Slash|p1a: Miss Magma
|-damage|p1a: Miss Magma|119\/343
|move|p1a: Miss Magma|Fire Blast|p2a: Shaymin
|-crit|p2a: Shaymin
|-supereffective|p2a: Shaymin
|-damage|p2a: Shaymin|0 fnt
|faint|p2a: Shaymin
|
|c|âOldude|No flinch no miss
|
|switch|p2a: Kyurem|Kyurem|337\/392
|-damage|p2a: Kyurem|239\/392|[from] Stealth Rock
|-ability|p2a: Kyurem|Pressure
|turn|63
|
|switch|p1a: GoodWall|Blissey, F|625\/714
|move|p2a: Kyurem|Earth Power|p1a: GoodWall
|-damage|p1a: GoodWall|559\/714
|
|-heal|p1a: GoodWall|603\/714|[from] item: Leftovers
|turn|64
|
|switch|p2a: Swampert|Swampert-Mega, F|234\/404 tox
|-damage|p2a: Swampert|209\/404 tox|[from] Stealth Rock
|move|p1a: GoodWall|Seismic Toss|p2a: Swampert
|-damage|p2a: Swampert|109\/404 tox
|
|-heal|p1a: GoodWall|647\/714|[from] item: Leftovers
|-damage|p2a: Swampert|84\/404 tox|[from] psn
|turn|65
|
|switch|p1a: Miss Magma|Camerupt-Mega, F|119\/343
|move|p2a: Swampert|Earthquake|p1a: Miss Magma
|-supereffective|p1a: Miss Magma
|-damage|p1a: Miss Magma|0 fnt
|faint|p1a: Miss Magma
|
|-damage|p2a: Swampert|34\/404 tox|[from] psn
|
|switch|p1a: Tire|Donphan, F|336\/383
|turn|66
|
|move|p2a: Swampert|Waterfall|p1a: Tire
|-supereffective|p1a: Tire
|-damage|p1a: Tire|120\/383
|move|p1a: Tire|Earthquake|p2a: Swampert
|-damage|p2a: Swampert|0 fnt
|faint|p2a: Swampert
|
|-heal|p1a: Tire|143\/383|[from] item: Leftovers
|
|switch|p2a: Vaporeon|Vaporeon, F|258\/464
|-damage|p2a: Vaporeon|200\/464|[from] Stealth Rock
|turn|67
|
|move|p2a: Vaporeon|Wish|p2a: Vaporeon
|move|p1a: Tire|Knock Off|p2a: Vaporeon
|-damage|p2a: Vaporeon|110\/464
|-enditem|p2a: Vaporeon|Leftovers|[from] move: Knock Off|[of] p1a: Tire
|
|-heal|p1a: Tire|166\/383|[from] item: Leftovers
|turn|68
|
|switch|p1a: GoodWall|Blissey, F|647\/714
|move|p2a: Vaporeon|Protect|p2a: Vaporeon
|-fail|p2a: Vaporeon
|
|-heal|p2a: Vaporeon|342\/464|[from] move: Wish|[wisher] Vaporeon
|-heal|p1a: GoodWall|691\/714|[from] item: Leftovers
|turn|69
|c|âOldude|gg T_T
|c|âMaryLa|gg xD
|c|âOldude|How can you laugh at that.
|c|âMaryLa|hax happened to me too.
|c|âOldude|You won because of absurd luck
|c|âMaryLa|dude.
|c|âMaryLa|it's just a fucking game.
|c|âMaryLa|calm down,.
|
|move|p2a: Vaporeon|Protect|p2a: Vaporeon
|-singleturn|p2a: Vaporeon|Protect
|move|p1a: GoodWall|Toxic|p2a: Vaporeon
|-activate|p2a: Vaporeon|Protect
|
|-heal|p1a: GoodWall|714\/714|[from] item: Leftovers
|turn|70
|c|âOldude|But i am sad now
|c|âOldude|And saddness makes me unhappy
|c|âMaryLa|you shouldn't make a game make you sad.
|c|âMaryLa|obviously xD
|c|âMaryLa|you're JUST like my friend.
|c|âMaryLa|I got haxed to death too. (many times in a row)
|c|âMaryLa|and I didn't let it ruin my day.
|
|move|p2a: Vaporeon|Toxic|p1a: GoodWall
|-status|p1a: GoodWall|tox
|move|p1a: GoodWall|Toxic|p2a: Vaporeon
|-status|p2a: Vaporeon|tox
|
|-damage|p2a: Vaporeon|313\/464 tox|[from] psn
|-damage|p1a: GoodWall|670\/714 tox|[from] psn
|turn|71
|c|âOldude|This is not the only thing ruining my day.
|c|âMaryLa|?
|c|âMaryLa|wanna tell me?
|c|âOldude|I got beat by an autistic kid in goegraphy
|c|âMaryLa|oh.
|
|move|p2a: Vaporeon|Wish|p2a: Vaporeon
|move|p1a: GoodWall|Seismic Toss|p2a: Vaporeon
|-damage|p2a: Vaporeon|213\/464 tox
|
|-heal|p1a: GoodWall|714\/714 tox|[from] item: Leftovers
|-damage|p2a: Vaporeon|155\/464 tox|[from] psn
|-damage|p1a: GoodWall|626\/714 tox|[from] psn
|turn|72
|c|âOldude|Because i made 1 misstake
|c|âMaryLa|a mistake?
|c|âOldude|I thought that It was called battle-field of europe
|c|âOldude|And it was called battle ground
|-message|Oldude lost due to inactivity.
|c|âOldude|Of europe
|
|win|MaryLa
|raw|Ladder updating...
|raw|MaryLa's rating: 1356 &rarr; <strong>1375<\/strong><br \/>(+19 for winning)
|raw|Oldude's rating: 1340 &rarr; <strong>1321<\/strong><br \/>(-19 for losing)
|c|âMaryLa|what's the big deal, you just said something the wrong way..
|c|âMaryLa|that's nothing to be beaten up for :I
|c|âOldude|And lost a point
|c|âMaryLa|you poor dude.