|join|Superdork
|join|MaryLa
|player|p1|Superdork|102
|player|p2|MaryLa|289
|gametype|singles
|gen|6
|tier|UU
|rated
|rule|Sleep Clause Mod: Limit one foe put to sleep
|rule|Species Clause: Limit one of each PokÃ©mon
|rule|OHKO Clause: OHKO moves are banned
|rule|Moody Clause: Moody is banned
|rule|Evasion Moves Clause: Evasion moves are banned
|rule|Endless Battle Clause: Forcing endless battles is banned
|rule|HP Percentage Mod: HP is shown in percentages
|clearpoke
|poke|p1|Galvantula, F
|poke|p1|Umbreon, M
|poke|p1|Machamp, M
|poke|p1|Houndoom, F
|poke|p1|Starmie
|poke|p1|Krookodile, M
|poke|p2|Crobat, M
|poke|p2|Swampert, M
|poke|p2|Absol, F, shiny
|poke|p2|Entei, shiny
|poke|p2|Jirachi, shiny
|poke|p2|Blissey, F
|rule|Swagger Clause: Swagger is banned
|rule|Baton Pass Clause: Limit one PokÃ©mon knowing Baton Pass
|teampreview
|
|start
|switch|p1a: Galvantula|Galvantula, F|282\/282
|switch|p2a: Crowbar|Crobat, M|373\/373
|turn|1
|
|switch|p2a: Doom|Jirachi, shiny|403\/403
|move|p1a: Galvantula|Thunder|p2a: Doom
|-damage|p2a: Doom|195\/403
|
|-heal|p2a: Doom|220\/403|[from] item: Leftovers
|turn|2
|
|move|p1a: Galvantula|Thunder|p2a: Doom
|-damage|p2a: Doom|37\/403
|-status|p2a: Doom|par
|move|p2a: Doom|Fire Punch|p1a: Galvantula
|-supereffective|p1a: Galvantula
|-damage|p1a: Galvantula|88\/282
|
|-heal|p2a: Doom|62\/403 par|[from] item: Leftovers
|turn|3
|join|Synchronation
|
|move|p1a: Galvantula|Thunder|p2a: Doom
|-damage|p2a: Doom|0 fnt
|faint|p2a: Doom
|
|
|switch|p2a: Celestia|Absol, F, shiny|271\/271
|turn|4
|
|detailschange|p2a: Celestia|Absol-Mega, F, shiny
|-mega|p2a: Celestia|Absol|Absolite
|move|p2a: Celestia|Sucker Punch|p1a: Galvantula
|-damage|p1a: Galvantula|0 fnt
|faint|p1a: Galvantula
|
|
|switch|p1a: Krookodile|Krookodile, M|331\/331
|turn|5
|
|switch|p2a: Crowbar|Crobat, M|373\/373
|move|p1a: Krookodile|Earthquake|p2a: Crowbar
|-immune|p2a: Crowbar|[msg]
|
|turn|6
|
|switch|p1a: Umbreon|Umbreon, M|394\/394
|move|p2a: Crowbar|Taunt|p1a: Umbreon
|-start|p1a: Umbreon|move: Taunt
|
|turn|7
|
|switch|p1a: Starmie|Starmie|323\/323
|move|p2a: Crowbar|Acrobatics|p1a: Starmie
|-crit|p1a: Starmie
|-damage|p1a: Starmie|125\/323
|
|-heal|p1a: Starmie|145\/323|[from] item: Leftovers
|turn|8
|
|switch|p2a: TeamPlayer|Swampert, M|401\/401
|move|p1a: Starmie|Ice Beam|p2a: TeamPlayer
|-damage|p2a: TeamPlayer|317\/401
|
|-heal|p1a: Starmie|165\/323|[from] item: Leftovers
|-heal|p2a: TeamPlayer|342\/401|[from] item: Leftovers
|turn|9
|
|move|p1a: Starmie|Rapid Spin|p2a: TeamPlayer
|-damage|p2a: TeamPlayer|332\/401
|move|p2a: TeamPlayer|Earthquake|p1a: Starmie
|-damage|p1a: Starmie|12\/323
|
|-heal|p1a: Starmie|32\/323|[from] item: Leftovers
|-heal|p2a: TeamPlayer|357\/401|[from] item: Leftovers
|turn|10
|
|move|p1a: Starmie|Scald|p2a: TeamPlayer
|-damage|p2a: TeamPlayer|257\/401
|-status|p2a: TeamPlayer|brn
|move|p2a: TeamPlayer|Stealth Rock|p1a: Starmie
|-sidestart|p1: Superdork|move: Stealth Rock
|
|-heal|p1a: Starmie|52\/323|[from] item: Leftovers
|-heal|p2a: TeamPlayer|282\/401 brn|[from] item: Leftovers
|-damage|p2a: TeamPlayer|232\/401 brn|[from] brn
|turn|11
|
|move|p1a: Starmie|Rapid Spin|p2a: TeamPlayer
|-damage|p2a: TeamPlayer|221\/401 brn
|-sideend|p1: Superdork|Stealth Rock|[from] move: Rapid Spin|[of] p1a: Starmie
|move|p2a: TeamPlayer|Earthquake|p1a: Starmie
|-crit|p1a: Starmie
|-damage|p1a: Starmie|0 fnt
|faint|p1a: Starmie
|
|-heal|p2a: TeamPlayer|246\/401 brn|[from] item: Leftovers
|-damage|p2a: TeamPlayer|196\/401 brn|[from] brn
|
|switch|p1a: Krookodile|Krookodile, M|331\/331
|turn|12
|
|switch|p2a: Crowbar|Crobat, M|373\/373
|move|p1a: Krookodile|Knock Off|p2a: Crowbar
|-damage|p2a: Crowbar|238\/373
|
|turn|13
|
|move|p1a: Krookodile|Knock Off|p2a: Crowbar
|-crit|p2a: Crowbar
|-damage|p2a: Crowbar|45\/373
|move|p2a: Crowbar|Roost|p2a: Crowbar
|-heal|p2a: Crowbar|232\/373
|
|turn|14
|
|move|p1a: Krookodile|Knock Off|p2a: Crowbar
|-damage|p2a: Crowbar|97\/373
|move|p2a: Crowbar|Acrobatics|p1a: Krookodile
|-damage|p1a: Krookodile|192\/331
|
|turn|15
|
|move|p1a: Krookodile|Knock Off|p2a: Crowbar
|-damage|p2a: Crowbar|0 fnt
|faint|p2a: Crowbar
|-boost|p1a: Krookodile|atk|1|[from] ability: Moxie
|
|
|switch|p2a: Celestia|Absol-Mega, F, shiny|271\/271
|turn|16
|
|switch|p1a: Umbreon|Umbreon, M|394\/394
|move|p2a: Celestia|Play Rough|p1a: Umbreon|[miss]
|-miss|p2a: Celestia|p1a: Umbreon
|
|turn|17
|
|move|p2a: Celestia|Swords Dance|p2a: Celestia
|-boost|p2a: Celestia|atk|2
|move|p1a: Umbreon|Toxic|p2a: Celestia
|move|p2a: Celestia|Toxic|p1a: Umbreon|[from]Magic Bounce
|-status|p1a: Umbreon|tox
|-status|p2a: Celestia|tox
|
|-damage|p2a: Celestia|255\/271 tox|[from] psn
|-damage|p1a: Umbreon|370\/394 tox|[from] psn
|turn|18
|
|move|p2a: Celestia|Swords Dance|p2a: Celestia
|-boost|p2a: Celestia|atk|2
|move|p1a: Umbreon|Wish|p1a: Umbreon
|
|-heal|p1a: Umbreon|394\/394 tox|[from] item: Leftovers
|-damage|p2a: Celestia|223\/271 tox|[from] psn
|-damage|p1a: Umbreon|346\/394 tox|[from] psn
|turn|19
|
|move|p1a: Umbreon|Protect|p1a: Umbreon
|-singleturn|p1a: Umbreon|Protect
|move|p2a: Celestia|Play Rough|p1a: Umbreon
|-activate|p1a: Umbreon|Protect
|
|-heal|p1a: Umbreon|394\/394 tox|[from] move: Wish|[wisher] Umbreon
|-damage|p2a: Celestia|175\/271 tox|[from] psn
|-damage|p1a: Umbreon|322\/394 tox|[from] psn
|turn|20
|
|move|p2a: Celestia|Play Rough|p1a: Umbreon
|-supereffective|p1a: Umbreon
|-damage|p1a: Umbreon|0 fnt
|faint|p1a: Umbreon
|
|-damage|p2a: Celestia|111\/271 tox|[from] psn
|
|switch|p1a: Machamp|Machamp, M|384\/384
|turn|21
|
|move|p2a: Celestia|Sucker Punch|p1a: Machamp
|-resisted|p1a: Machamp
|-damage|p1a: Machamp|104\/384
|move|p1a: Machamp|Bullet Punch|p2a: Celestia
|-damage|p2a: Celestia|0 fnt
|faint|p2a: Celestia
|
|
|switch|p2a: Mufasa|Entei, shiny|371\/371
|-ability|p2a: Mufasa|Pressure
|turn|22
|
|move|p1a: Machamp|Bullet Punch|p2a: Mufasa
|-resisted|p2a: Mufasa
|-damage|p2a: Mufasa|328\/371
|move|p2a: Mufasa|Bulldoze|p1a: Machamp
|-damage|p1a: Machamp|0 fnt
|faint|p1a: Machamp
|
|
|switch|p1a: Krookodile|Krookodile, M|192\/331
|turn|23
|
|move|p1a: Krookodile|Earthquake|p2a: Mufasa
|-supereffective|p2a: Mufasa
|-damage|p2a: Mufasa|0 fnt
|faint|p2a: Mufasa
|-boost|p1a: Krookodile|atk|1|[from] ability: Moxie
|
|
|switch|p2a: TeamPlayer|Swampert, M|196\/401 brn
|turn|24
|
|move|p1a: Krookodile|Earthquake|p2a: TeamPlayer
|-damage|p2a: TeamPlayer|1\/401 brn
|move|p2a: TeamPlayer|Scald|p1a: Krookodile
|-supereffective|p1a: Krookodile
|-damage|p1a: Krookodile|0 fnt
|faint|p1a: Krookodile
|
|-heal|p2a: TeamPlayer|26\/401 brn|[from] item: Leftovers
|-damage|p2a: TeamPlayer|0 fnt|[from] brn
|faint|p2a: TeamPlayer
|c|âMaryLa|woooow..
|
|switch|p1a: Houndoom|Houndoom, F|291\/291
|switch|p2a: GoodWall|Blissey, F|714\/714
|turn|25
|
|move|p1a: Houndoom|Nasty Plot|p1a: Houndoom
|-boost|p1a: Houndoom|spa|2
|move|p2a: GoodWall|Wish|p2a: GoodWall
|
|turn|26
|
|move|p1a: Houndoom|Nasty Plot|p1a: Houndoom
|-boost|p1a: Houndoom|spa|2
|move|p2a: GoodWall|Seismic Toss|p1a: Houndoom
|-damage|p1a: Houndoom|191\/291
|
|turn|27
|
|move|p1a: Houndoom|Flamethrower|p2a: GoodWall
|-damage|p2a: GoodWall|387\/714
|-status|p2a: GoodWall|brn
|move|p2a: GoodWall|Seismic Toss|p1a: Houndoom
|-damage|p1a: Houndoom|91\/291
|
|-heal|p2a: GoodWall|431\/714 brn|[from] item: Leftovers
|-damage|p2a: GoodWall|342\/714 brn|[from] brn
|turn|28
|
|move|p1a: Houndoom|Flamethrower|p2a: GoodWall
|-damage|p2a: GoodWall|21\/714 brn
|move|p2a: GoodWall|Seismic Toss|p1a: Houndoom
|-damage|p1a: Houndoom|0 fnt
|faint|p1a: Houndoom
|
|win|MaryLa
|raw|Ladder updating...
|raw|Superdork's rating: 1353 &rarr; <strong>1331<\/strong><br \/>(-22 for losing)
|raw|MaryLa's rating: 1317 &rarr; <strong>1339<\/strong><br \/>(+22 for winning)
|c|âMaryLa|gg
|leave|Superdork