|join|Aggron
|join|MaryLa
|c|âAggron|hf
|player|p1|Aggron|17
|player|p2|MaryLa|289
|gametype|singles
|gen|6
|tier|UU
|rated
|rule|Sleep Clause Mod: Limit one foe put to sleep
|rule|Species Clause: Limit one of each PokÃ©mon
|rule|OHKO Clause: OHKO moves are banned
|rule|Moody Clause: Moody is banned
|rule|Evasion Moves Clause: Evasion moves are banned
|rule|Endless Battle Clause: Forcing endless battles is banned
|rule|HP Percentage Mod: HP is shown in percentages
|clearpoke
|poke|p1|Darmanitan, M
|poke|p1|Roserade, F
|poke|p1|Blastoise, M
|poke|p1|Rhyperior, M
|poke|p1|Scrafty, M
|poke|p1|Crobat, M
|poke|p2|Pidgeot, M
|poke|p2|Donphan, M
|poke|p2|Milotic, F
|poke|p2|Blissey, F
|poke|p2|Goodra, F
|poke|p2|Emboar, M
|rule|Swagger Clause: Swagger is banned
|rule|Baton Pass Clause: Limit one PokÃ©mon knowing Baton Pass
|teampreview
|
|start
|switch|p1a: Roserade|Roserade, F|261\/261
|switch|p2a: Tire|Donphan, M|384\/384
|turn|1
|
|switch|p2a: Bird Jesus|Pidgeot, M|307\/307
|move|p1a: Roserade|Spikes|p2a: Bird Jesus
|-sidestart|p2: MaryLa|Spikes
|
|turn|2
|
|switch|p1a: Rhyperior|Rhyperior, M|432\/432
|detailschange|p2a: Bird Jesus|Pidgeot-Mega, M
|-mega|p2a: Bird Jesus|Pidgeot|Pidgeotite
|move|p2a: Bird Jesus|Hurricane|p1a: Rhyperior
|-resisted|p1a: Rhyperior
|-damage|p1a: Rhyperior|315\/432
|
|-heal|p1a: Rhyperior|342\/432|[from] item: Leftovers
|turn|3
|
|switch|p1a: Blastoise|Blastoise, M|361\/361
|move|p2a: Bird Jesus|U-turn|p1a: Blastoise
|-damage|p1a: Blastoise|312\/361
|join|Synchronation
|
|switch|p2a: GoodWall|Blissey, F|714\/714
|-damage|p2a: GoodWall|625\/714|[from] Spikes
|
|-heal|p2a: GoodWall|669\/714|[from] item: Leftovers
|turn|4
|
|switch|p1a: Scrafty|Scrafty, M|320\/320
|move|p2a: GoodWall|Seismic Toss|p1a: Scrafty
|-damage|p1a: Scrafty|220\/320
|
|-heal|p1a: Scrafty|240\/320|[from] item: Leftovers
|-heal|p2a: GoodWall|713\/714|[from] item: Leftovers
|turn|5
|
|switch|p2a: Mega plz|Milotic, F|394\/394
|-damage|p2a: Mega plz|345\/394|[from] Spikes
|move|p1a: Scrafty|Knock Off|p2a: Mega plz
|-damage|p2a: Mega plz|258\/394
|-enditem|p2a: Mega plz|Leftovers|[from] move: Knock Off|[of] p1a: Scrafty
|
|-heal|p1a: Scrafty|260\/320|[from] item: Leftovers
|turn|6
|
|switch|p1a: Roserade|Roserade, F|261\/261
|move|p2a: Mega plz|Rest|p2a: Mega plz
|-status|p2a: Mega plz|slp
|-heal|p2a: Mega plz|394\/394 slp|[silent]
|-status|p2a: Mega plz|slp|[from] move: Rest
|
|turn|7
|
|switch|p2a: Bird Jesus|Pidgeot-Mega, M|307\/307
|move|p1a: Roserade|Spikes|p2a: Bird Jesus
|-sidestart|p2: MaryLa|Spikes
|
|turn|8
|
|move|p2a: Bird Jesus|U-turn|p1a: Roserade
|-damage|p1a: Roserade|196\/261
|
|switch|p2a: Derpy|Goodra, F|384\/384
|-damage|p2a: Derpy|320\/384|[from] Spikes
|move|p1a: Roserade|Spikes|p2a: Derpy
|-sidestart|p2: MaryLa|Spikes
|
|turn|9
|
|switch|p1a: Scrafty|Scrafty, M|260\/320
|move|p2a: Derpy|Draco Meteor|p1a: Scrafty
|-damage|p1a: Scrafty|154\/320
|-unboost|p2a: Derpy|spa|2
|
|-heal|p1a: Scrafty|174\/320|[from] item: Leftovers
|turn|10
|
|move|p2a: Derpy|Superpower|p1a: Scrafty
|-supereffective|p1a: Scrafty
|-damage|p1a: Scrafty|0 fnt
|-unboost|p2a: Derpy|atk|1
|-unboost|p2a: Derpy|def|1
|faint|p1a: Scrafty
|
|c|âAggron|ow
|
|switch|p1a: Darmanitan|Darmanitan, M|351\/351
|turn|11
|
|move|p1a: Darmanitan|Flare Blitz|p2a: Derpy
|-resisted|p2a: Derpy
|-damage|p2a: Derpy|14\/384
|-damage|p1a: Darmanitan|250\/351|[from] recoil|[of] p2a: Derpy
|move|p2a: Derpy|Earthquake|p1a: Darmanitan
|-supereffective|p1a: Darmanitan
|-damage|p1a: Darmanitan|10\/351
|
|turn|12
|
|switch|p1a: Crobat|Crobat, M|353\/353
|switch|p2a: Mega plz|Milotic, F|394\/394 slp
|-damage|p2a: Mega plz|296\/394 slp|[from] Spikes
|
|turn|13
|
|switch|p2a: Tire|Donphan, M|384\/384
|-damage|p2a: Tire|288\/384|[from] Spikes
|move|p1a: Crobat|Taunt|p2a: Tire
|-start|p2a: Tire|move: Taunt
|
|-heal|p2a: Tire|312\/384|[from] item: Leftovers
|turn|14
|
|move|p1a: Crobat|U-turn|p2a: Tire
|-damage|p2a: Tire|274\/384
|c|âAggron|damn I canceled
|
|switch|p1a: Roserade|Roserade, F|196\/261
|move|p2a: Tire|Rapid Spin|p1a: Roserade
|-damage|p1a: Roserade|171\/261
|-sideend|p2: MaryLa|Spikes|[from] move: Rapid Spin|[of] p2a: Tire
|
|-heal|p2a: Tire|298\/384|[from] item: Leftovers
|turn|15
|
|move|p1a: Roserade|Giga Drain|p2a: Tire
|-supereffective|p2a: Tire
|-damage|p2a: Tire|0 fnt
|-heal|p1a: Roserade|261\/261|[from] drain|[of] p2a: Tire
|-damage|p1a: Roserade|235\/261|[from] item: Life Orb
|faint|p2a: Tire
|
|
|switch|p2a: Bird Jesus|Pidgeot-Mega, M|307\/307
|turn|16
|
|switch|p1a: Rhyperior|Rhyperior, M|342\/432
|move|p2a: Bird Jesus|Hurricane|p1a: Rhyperior
|-resisted|p1a: Rhyperior
|-damage|p1a: Rhyperior|234\/432
|
|-heal|p1a: Rhyperior|261\/432|[from] item: Leftovers
|turn|17
|
|move|p2a: Bird Jesus|Roost|p2a: Bird Jesus
|-fail|p2a: Bird Jesus
|move|p1a: Rhyperior|Stealth Rock|p2a: Bird Jesus
|-sidestart|p2: MaryLa|move: Stealth Rock
|
|-heal|p1a: Rhyperior|288\/432|[from] item: Leftovers
|turn|18
|c|âMaryLa|missclick.
|c|âAggron|ah
|
|move|p2a: Bird Jesus|U-turn|p1a: Rhyperior
|-crit|p1a: Rhyperior
|-damage|p1a: Rhyperior|227\/432
|
|switch|p2a: Mega plz|Milotic, F|296\/394 slp
|-damage|p2a: Mega plz|247\/394 slp|[from] Stealth Rock
|move|p1a: Rhyperior|Stone Edge|p2a: Mega plz
|-damage|p2a: Mega plz|145\/394 slp
|
|-heal|p1a: Rhyperior|254\/432|[from] item: Leftovers
|turn|19
|
|switch|p1a: Roserade|Roserade, F|235\/261
|cant|p2a: Mega plz|slp
|move|p2a: Mega plz|Sleep Talk|p2a: Mega plz
|move|p2a: Mega plz|Toxic|p1a: Roserade|[from]Sleep Talk
|-fail|p1a: Roserade
|
|turn|20
|
|switch|p2a: Bird Jesus|Pidgeot-Mega, M|307\/307
|-damage|p2a: Bird Jesus|231\/307|[from] Stealth Rock
|move|p1a: Roserade|Spikes|p2a: Bird Jesus
|-sidestart|p2: MaryLa|Spikes
|
|turn|21
|
|switch|p1a: Rhyperior|Rhyperior, M|254\/432
|move|p2a: Bird Jesus|Hurricane|p1a: Rhyperior
|-resisted|p1a: Rhyperior
|-damage|p1a: Rhyperior|131\/432
|
|-heal|p1a: Rhyperior|158\/432|[from] item: Leftovers
|turn|22
|
|move|p2a: Bird Jesus|U-turn|p1a: Rhyperior
|-damage|p1a: Rhyperior|118\/432
|
|switch|p2a: Mega plz|Milotic, F|145\/394 slp
|-damage|p2a: Mega plz|96\/394 slp|[from] Stealth Rock
|-damage|p2a: Mega plz|47\/394 slp|[from] Spikes
|move|p1a: Rhyperior|Stone Edge|p2a: Mega plz
|-damage|p2a: Mega plz|0 fnt
|faint|p2a: Mega plz
|
|-heal|p1a: Rhyperior|145\/432|[from] item: Leftovers
|
|switch|p2a: Bacon~|Emboar, M|423\/423
|-damage|p2a: Bacon~|371\/423|[from] Stealth Rock
|-damage|p2a: Bacon~|319\/423|[from] Spikes
|turn|23
|-message|MaryLa lost due to inactivity.
|
|switch|p1a: Roserade|Roserade, F|235\/261
|move|p2a: Bacon~|Superpower|p1a: Roserade
|-crit|p1a: Roserade
|-resisted|p1a: Roserade
|-damage|p1a: Roserade|0 fnt
|-unboost|p2a: Bacon~|atk|1
|-unboost|p2a: Bacon~|def|1
|-damage|p2a: Bacon~|277\/423|[from] item: Life Orb
|faint|p1a: Roserade
|
|
|win|Aggron
|raw|Ladder updating...
|raw|Aggron's rating: 1406 &rarr; <strong>1422<\/strong><br \/>(+16 for winning)
|raw|MaryLa's rating: 1337 &rarr; <strong>1321<\/strong><br \/>(-16 for losing)
|c|âMaryLa|FFFFFFFFFFFFFFFFFFFFFFFFFFFFFFFFFFFFFFFFFFFFFFFFFFFFFFFFFFFFFFFFFFFFFFFFFFFFFFFFFUUUUUUUUUUUUUUUUUUUUUUUUUUUUUUUUUUUUUUUUUUUUUUUUUUUUUUUUU
|c|âMaryLa|oh well.
|c|âAggron|gg I guess