|join|Aka DH
|join|napty
|player|p1|Aka DH|266
|player|p2|napty|93
|gametype|singles
|gen|6
|tier|ORAS OU
|rated
|rule|Sleep Clause Mod: Limit one foe put to sleep
|rule|Species Clause: Limit one of each PokÃ©mon
|rule|OHKO Clause: OHKO moves are banned
|rule|Moody Clause: Moody is banned
|rule|Evasion Moves Clause: Evasion moves are banned
|rule|Endless Battle Clause: Forcing endless battles is banned
|rule|HP Percentage Mod: HP is shown in percentages
|clearpoke
|poke|p1|Bisharp, F
|poke|p1|Venusaur, M
|poke|p1|Heatran, F
|poke|p1|Keldeo
|poke|p1|Chansey, F
|poke|p1|Skarmory, F
|poke|p2|Landorus-Therian, M
|poke|p2|Greninja, F
|poke|p2|Gallade, M
|poke|p2|Conkeldurr, F
|poke|p2|Heatran, F
|poke|p2|Diggersby, M
|rule|Swagger Clause: Swagger is banned
|rule|Baton Pass Clause: Limit one PokÃ©mon knowing Baton Pass
|teampreview
|join|uCan'tSeeMe
|join|CleanerThanRotom-W
|c| uCan'tSeeMe|go bloody!!
|c|ânapty|god
|c| uCan'tSeeMe|yes?
|c|ânapty|i hate that kind of team
|
|start
|switch|p1a: Appreciation|Heatran, F|340\/340
|switch|p2a: Diggersby|Diggersby, M|311\/311
|-item|p1a: Appreciation|Air Balloon
|turn|1
|
|move|p2a: Diggersby|U-turn|p1a: Appreciation
|-resisted|p1a: Appreciation
|-damage|p1a: Appreciation|319\/340
|-enditem|p1a: Appreciation|Air Balloon
|
|switch|p2a: Conkeldurr|Conkeldurr, F|351\/351
|move|p1a: Appreciation|Stealth Rock|p2a: Conkeldurr
|-sidestart|p2: napty|move: Stealth Rock
|
|turn|2
|join|powaaa
|
|switch|p1a: Ucan'tSeeMe|Venusaur, M|364\/364
|switch|p2a: Heatran|Heatran, F|386\/386
|-damage|p2a: Heatran|338\/386|[from] Stealth Rock
|
|-heal|p2a: Heatran|362\/386|[from] item: Leftovers
|turn|3
|join|Zenzoh
|
|switch|p1a: SwiftSwimSweeper|Keldeo|323\/323
|switch|p2a: Landorus-Therian|Landorus-Therian, M|382\/382
|-damage|p2a: Landorus-Therian|335\/382|[from] Stealth Rock
|-ability|p2a: Landorus-Therian|Intimidate|[of] p1a: SwiftSwimSweeper
|-unboost|p1a: SwiftSwimSweeper|atk|1
|
|turn|4
|c| Zenzoh|go watch cats!
|
|switch|p2a: Conkeldurr|Conkeldurr, F|351\/351
|-damage|p2a: Conkeldurr|330\/351|[from] Stealth Rock
|move|p1a: SwiftSwimSweeper|Icy Wind|p2a: Conkeldurr
|-damage|p2a: Conkeldurr|281\/351
|-unboost|p2a: Conkeldurr|spe|1
|
|turn|5
|leave|powaaa
|
|switch|p1a: Ucan'tSeeMe|Venusaur, M|364\/364
|switch|p2a: Gallade|Gallade, M|278\/278
|-damage|p2a: Gallade|261\/278|[from] Stealth Rock
|
|turn|6
|c|âAka DH|i have a dog
|
|detailschange|p2a: Gallade|Gallade-Mega, M
|message|Gallade has Mega Evolved into Mega Gallade!
|detailschange|p1a: Ucan'tSeeMe|Venusaur-Mega, M
|message|Venusaur has Mega Evolved into Mega Venusaur!
|move|p2a: Gallade|Will-O-Wisp|p1a: Ucan'tSeeMe
|-status|p1a: Ucan'tSeeMe|brn
|move|p1a: Ucan'tSeeMe|Giga Drain|p2a: Gallade
|-damage|p2a: Gallade|170\/278
|
|-damage|p1a: Ucan'tSeeMe|319\/364 brn|[from] brn
|turn|7
|c| CleanerThanRotom-W|go wish killer!
|
|switch|p2a: Heatran|Heatran, F|362\/386
|-damage|p2a: Heatran|314\/386|[from] Stealth Rock
|move|p1a: Ucan'tSeeMe|Leech Seed|p2a: Heatran|[miss]
|-miss|p1a: Ucan'tSeeMe|p2a: Heatran
|
|-heal|p2a: Heatran|338\/386|[from] item: Leftovers
|-damage|p1a: Ucan'tSeeMe|274\/364 brn|[from] brn
|turn|8
|
|switch|p1a: SwiftSwimSweeper|Keldeo|323\/323
|move|p2a: Heatran|Taunt|p1a: SwiftSwimSweeper
|-start|p1a: SwiftSwimSweeper|move: Taunt
|
|-heal|p2a: Heatran|362\/386|[from] item: Leftovers
|turn|9
|
|move|p2a: Heatran|Protect|p2a: Heatran
|-singleturn|p2a: Heatran|Protect
|move|p1a: SwiftSwimSweeper|Secret Sword|p2a: Heatran
|-activate|p2a: Heatran|Protect
|
|-heal|p2a: Heatran|386\/386|[from] item: Leftovers
|turn|10
|
|switch|p2a: Landorus-Therian|Landorus-Therian, M|335\/382
|-damage|p2a: Landorus-Therian|288\/382|[from] Stealth Rock
|-ability|p2a: Landorus-Therian|Intimidate|[of] p1a: SwiftSwimSweeper
|-unboost|p1a: SwiftSwimSweeper|atk|1
|move|p1a: SwiftSwimSweeper|Scald|p2a: Landorus-Therian
|-crit|p2a: Landorus-Therian
|-supereffective|p2a: Landorus-Therian
|-damage|p2a: Landorus-Therian|0 fnt
|faint|p2a: Landorus-Therian
|
|join|blabsters
|-message|napty forfeited.
|
|win|Aka DH
|raw|Ladder updating...
|raw|Aka DH's rating: 1768 &rarr; <strong>1776<\/strong><br \/>(+8 for winning)
|raw|napty's rating: 1524 &rarr; <strong>1516<\/strong><br \/>(-8 for losing)
|leave|napty
|player|p2
|c| Zenzoh|the counter!