|join|subzeromkx
|join|napty
|player|p1|subzeromkx|218
|player|p2|napty|93
|gametype|singles
|gen|6
|tier|ORAS OU
|rated
|rule|Sleep Clause Mod: Limit one foe put to sleep
|rule|Species Clause: Limit one of each PokÃ©mon
|rule|OHKO Clause: OHKO moves are banned
|rule|Moody Clause: Moody is banned
|rule|Evasion Moves Clause: Evasion moves are banned
|rule|Endless Battle Clause: Forcing endless battles is banned
|rule|HP Percentage Mod: HP is shown in percentages
|clearpoke
|poke|p1|Salamence, F, shiny
|poke|p1|Garchomp, M, shiny
|poke|p1|Gothitelle, M
|poke|p1|Greninja, M, shiny
|poke|p1|Bisharp, M
|poke|p1|Sylveon, F
|poke|p2|Landorus-Therian, M
|poke|p2|Greninja, M
|poke|p2|Celebi
|poke|p2|Talonflame, F
|poke|p2|Bisharp, M
|poke|p2|Gardevoir, M
|rule|Swagger Clause: Swagger is banned
|rule|Baton Pass Clause: Limit one PokÃ©mon knowing Baton Pass
|teampreview
|c|ânapty|god... another mega salamence
|
|start
|switch|p1a: Sakura|Sylveon, F|331\/331
|switch|p2a: Gardevoir|Gardevoir, M|340\/340
|-ability|p2a: Gardevoir|Pixilate|[from] ability: Trace|[of] p1a: Sakura
|turn|1
|
|detailschange|p2a: Gardevoir|Gardevoir-Mega, M
|message|Gardevoir has Mega Evolved into Mega Gardevoir!
|move|p1a: Sakura|Hyper Voice|p2a: Gardevoir
|-damage|p2a: Gardevoir|96\/340
|move|p2a: Gardevoir|Hyper Voice|p1a: Sakura
|-damage|p1a: Sakura|105\/331
|
|turn|2
|
|switch|p2a: Talonflame|Talonflame, F|327\/327
|move|p1a: Sakura|Hyper Voice|p2a: Talonflame
|-resisted|p2a: Talonflame
|-damage|p2a: Talonflame|127\/327
|
|turn|3
|
|switch|p1a: Kisame|Garchomp, M, shiny|420\/420
|move|p2a: Talonflame|Brave Bird|p1a: Kisame
|-damage|p1a: Kisame|275\/420
|-damage|p2a: Talonflame|87\/327|[from] ability: Rough Skin|[of] p1a: Kisame
|-damage|p2a: Talonflame|33\/327|[from] item: Rocky Helmet|[of] p1a: Kisame
|-damage|p2a: Talonflame|0 fnt|[from] recoil|[of] p1a: Kisame
|faint|p2a: Talonflame
|
|
|switch|p2a: Greninja|Greninja, M|285\/285
|turn|4
|
|switch|p1a: Sakura|Sylveon, F|105\/331
|move|p2a: Greninja|Hydro Pump|p1a: Sakura|[miss]
|-start|p2a: Greninja|typechange|Water|[from] Protean
|-miss|p2a: Greninja|p1a: Sakura
|
|turn|5
|
|move|p2a: Greninja|Ice Beam|p1a: Sakura
|-start|p2a: Greninja|typechange|Ice|[from] Protean
|-damage|p1a: Sakura|0 fnt
|-damage|p2a: Greninja|257\/285|[from] item: Life Orb
|faint|p1a: Sakura
|
|
|switch|p1a: Madara|Bisharp, M|272\/272
|turn|6
|
|switch|p2a: Gardevoir|Gardevoir-Mega, M|96\/340
|move|p1a: Madara|Sucker Punch|p2a: Gardevoir
|-fail|p2a: Gardevoir
|
|turn|7
|
|move|p1a: Madara|Sucker Punch|p2a: Gardevoir
|-fail|p2a: Gardevoir
|move|p2a: Gardevoir|Taunt|p1a: Madara
|-start|p1a: Madara|move: Taunt
|
|turn|8
|
|switch|p2a: Bisharp|Bisharp, M|272\/272
|move|p1a: Madara|Sucker Punch|p2a: Bisharp
|-fail|p2a: Bisharp
|
|turn|9
|
|switch|p1a: Kisame|Garchomp, M, shiny|275\/420
|move|p2a: Bisharp|Swords Dance|p2a: Bisharp
|-boost|p2a: Bisharp|atk|2
|
|turn|10
|
|move|p1a: Kisame|Stealth Rock|p2a: Bisharp
|-sidestart|p2: napty|move: Stealth Rock
|move|p2a: Bisharp|Knock Off|p1a: Kisame
|-damage|p1a: Kisame|0 fnt
|-damage|p2a: Bisharp|238\/272|[from] ability: Rough Skin|[of] p1a: Kisame
|-damage|p2a: Bisharp|193\/272|[from] item: Rocky Helmet|[of] p1a: Kisame
|-enditem|p1a: Kisame|Rocky Helmet|[from] move: Knock Off|[of] p2a: Bisharp
|-damage|p2a: Bisharp|166\/272|[from] item: Life Orb
|faint|p1a: Kisame
|
|
|switch|p1a: Gothitelle|Gothitelle, M|301\/301
|turn|11
|
|move|p1a: Gothitelle|Thunderbolt|p2a: Bisharp
|-damage|p2a: Bisharp|64\/272
|move|p2a: Bisharp|Knock Off|p1a: Gothitelle
|-supereffective|p1a: Gothitelle
|-damage|p1a: Gothitelle|0 fnt
|-enditem|p1a: Gothitelle|Choice Scarf|[from] move: Knock Off|[of] p2a: Bisharp
|-damage|p2a: Bisharp|37\/272|[from] item: Life Orb
|faint|p1a: Gothitelle
|
|
|switch|p1a: Madara|Bisharp, M|272\/272
|turn|12
|
|move|p2a: Bisharp|Sucker Punch|p1a: Madara
|-resisted|p1a: Madara
|-damage|p1a: Madara|58\/272
|-damage|p2a: Bisharp|10\/272|[from] item: Life Orb
|move|p1a: Madara|Knock Off|p2a: Bisharp
|-resisted|p2a: Bisharp
|-damage|p2a: Bisharp|0 fnt
|-enditem|p2a: Bisharp|Life Orb|[from] move: Knock Off|[of] p1a: Madara
|-damage|p1a: Madara|31\/272|[from] item: Life Orb
|faint|p2a: Bisharp
|
|
|switch|p2a: Landorus-Therian|Landorus-Therian, M|382\/382
|-damage|p2a: Landorus-Therian|335\/382|[from] Stealth Rock
|-ability|p2a: Landorus-Therian|Intimidate|[of] p1a: Madara
|-unboost|p1a: Madara|atk|1
|-boost|p1a: Madara|atk|2|[from] ability: Defiant
|turn|13
|
|move|p1a: Madara|Sucker Punch|p2a: Landorus-Therian
|-fail|p2a: Landorus-Therian
|move|p2a: Landorus-Therian|Stealth Rock|p1a: Madara
|-sidestart|p1: subzeromkx|move: Stealth Rock
|
|-heal|p2a: Landorus-Therian|358\/382|[from] item: Leftovers
|turn|14
|
|move|p1a: Madara|Knock Off|p2a: Landorus-Therian
|-damage|p2a: Landorus-Therian|64\/382
|-enditem|p2a: Landorus-Therian|Leftovers|[from] move: Knock Off|[of] p1a: Madara
|-damage|p1a: Madara|4\/272|[from] item: Life Orb
|move|p2a: Landorus-Therian|U-turn|p1a: Madara
|-damage|p1a: Madara|0 fnt
|faint|p1a: Madara
|
|switch|p2a: Greninja|Greninja, M|257\/285
|-damage|p2a: Greninja|222\/285|[from] Stealth Rock
|
|
|switch|p1a: Kakashi|Greninja, M, shiny|285\/285
|-damage|p1a: Kakashi|250\/285|[from] Stealth Rock
|turn|15
|
|switch|p2a: Gardevoir|Gardevoir-Mega, M|96\/340
|-damage|p2a: Gardevoir|54\/340|[from] Stealth Rock
|move|p1a: Kakashi|Hidden Power|p2a: Gardevoir
|-start|p1a: Kakashi|typechange|Grass|[from] Protean
|-damage|p2a: Gardevoir|0 fnt
|-damage|p1a: Kakashi|222\/285|[from] item: Life Orb
|faint|p2a: Gardevoir
|
|
|switch|p2a: Celebi|Celebi|403\/403
|-damage|p2a: Celebi|353\/403|[from] Stealth Rock
|turn|16
|
|switch|p1a: Zeno Zoldyck|Salamence, F, shiny|331\/331
|-damage|p1a: Zeno Zoldyck|249\/331|[from] Stealth Rock
|-ability|p1a: Zeno Zoldyck|Intimidate|[of] p2a: Celebi
|-unboost|p2a: Celebi|atk|1
|move|p2a: Celebi|Substitute|p2a: Celebi
|-start|p2a: Celebi|Substitute
|-damage|p2a: Celebi|253\/403
|
|-heal|p2a: Celebi|278\/403|[from] item: Leftovers
|turn|17
|
|detailschange|p1a: Zeno Zoldyck|Salamence-Mega, F, shiny
|message|Salamence has Mega Evolved into Mega Salamence!
|move|p1a: Zeno Zoldyck|Hyper Voice|p2a: Celebi
|-crit|p2a: Celebi
|-supereffective|p2a: Celebi
|-damage|p2a: Celebi|0 fnt
|faint|p2a: Celebi
|
|
|switch|p2a: Greninja|Greninja, M|222\/285
|-damage|p2a: Greninja|187\/285|[from] Stealth Rock
|turn|18
|
|move|p2a: Greninja|Ice Beam|p1a: Zeno Zoldyck
|-start|p2a: Greninja|typechange|Ice|[from] Protean
|-supereffective|p1a: Zeno Zoldyck
|-damage|p1a: Zeno Zoldyck|0 fnt
|-damage|p2a: Greninja|159\/285|[from] item: Life Orb
|faint|p1a: Zeno Zoldyck
|
|
|switch|p1a: Kakashi|Greninja, M, shiny|222\/285
|-damage|p1a: Kakashi|187\/285|[from] Stealth Rock
|turn|19
|c|ânapty|stupid frog
|c|ânapty|listen
|c|ânapty|win this tie
|c|ânapty|and i'll give you a pice of cheese
|
|switch|p2a: Landorus-Therian|Landorus-Therian, M|64\/382
|-damage|p2a: Landorus-Therian|17\/382|[from] Stealth Rock
|-ability|p2a: Landorus-Therian|Intimidate|[of] p1a: Kakashi
|-unboost|p1a: Kakashi|atk|1
|move|p1a: Kakashi|Hydro Pump|p2a: Landorus-Therian
|-start|p1a: Kakashi|typechange|Water|[from] Protean
|-supereffective|p2a: Landorus-Therian
|-damage|p2a: Landorus-Therian|0 fnt
|-damage|p1a: Kakashi|159\/285|[from] item: Life Orb
|faint|p2a: Landorus-Therian
|
|
|switch|p2a: Greninja|Greninja, M|159\/285
|-damage|p2a: Greninja|124\/285|[from] Stealth Rock
|turn|20
|c|ânapty|go, frog!
|c|âsubzeromkx|greninjas are fucking broken
|
|move|p1a: Kakashi|Hidden Power|p2a: Greninja
|-start|p1a: Kakashi|typechange|Grass|[from] Protean
|-supereffective|p2a: Greninja
|-damage|p2a: Greninja|0 fnt
|-damage|p1a: Kakashi|131\/285|[from] item: Life Orb
|faint|p2a: Greninja
|
|win|subzeromkx
|raw|Ladder updating...
|c|âsubzeromkx|seriously
|c|ânapty|goddamit
|raw|subzeromkx's rating: 1603 &rarr; <strong>1620<\/strong><br \/>(+17 for winning)
|raw|napty's rating: 1550 &rarr; <strong>1533<\/strong><br \/>(-17 for losing)
|c|âsubzeromkx|so many matches I do