|join|napty
|join|Fromaster3
|player|p1|napty|93
|player|p2|Fromaster3|275
|gametype|singles
|gen|6
|tier|OU
|rated
|clearpoke
|poke|p1|Landorus-Therian, M
|poke|p1|Greninja, F
|poke|p1|Gallade, M
|poke|p1|Ferrothorn, F
|poke|p1|Bisharp, M
|poke|p1|Clefable, F
|poke|p2|Politoed, M
|poke|p2|Omastar, M
|poke|p2|Clefable, F
|poke|p2|Scizor, F
|poke|p2|Gothitelle, F
|poke|p2|Rotom-Wash
|rule|Swagger Clause: Swagger is banned
|rule|Baton Pass Clause: Limit one PokÃ©mon knowing Baton Pass
|rule|Sleep Clause Mod: Limit one foe put to sleep
|rule|Species Clause: Limit one of each PokÃ©mon
|rule|OHKO Clause: OHKO moves are banned
|rule|Moody Clause: Moody is banned
|rule|Evasion Moves Clause: Evasion moves are banned
|rule|Endless Battle Clause: Forcing endless battles is banned
|rule|HP Percentage Mod: HP is shown in percentages
|teampreview
|
|start
|switch|p1a: Clefable|Clefable, F|394\/394
|switch|p2a: Scizor|Scizor, F|343\/343
|turn|1
|
|switch|p2a: Gothitelle|Gothitelle, F|281\/281
|move|p1a: Clefable|Knock Off|p2a: Gothitelle
|-supereffective|p2a: Gothitelle
|-damage|p2a: Gothitelle|167\/281
|-enditem|p2a: Gothitelle|Choice Specs|[from] move: Knock Off|[of] p1a: Clefable
|
|turn|2
|
|move|p2a: Gothitelle|Psyshock|p1a: Clefable
|-damage|p1a: Clefable|252\/394
|move|p1a: Clefable|Moonblast|p2a: Gothitelle
|-damage|p2a: Gothitelle|62\/281
|
|-heal|p1a: Clefable|276\/394|[from] item: Leftovers
|turn|3
|
|move|p2a: Gothitelle|Psyshock|p1a: Clefable
|-damage|p1a: Clefable|144\/394
|move|p1a: Clefable|Soft-Boiled|p1a: Clefable
|-heal|p1a: Clefable|341\/394
|
|-heal|p1a: Clefable|365\/394|[from] item: Leftovers
|turn|4
|
|switch|p2a: Scizor|Scizor, F|343\/343
|move|p1a: Clefable|Moonblast|p2a: Scizor
|-resisted|p2a: Scizor
|-damage|p2a: Scizor|273\/343
|-unboost|p2a: Scizor|spa|1
|
|-heal|p1a: Clefable|389\/394|[from] item: Leftovers
|turn|5
|
|switch|p1a: Ferrothorn|Ferrothorn, F|352\/352
|detailschange|p2a: Scizor|Scizor-Mega, F
|message|Scizor has Mega Evolved into Mega Scizor!
|move|p2a: Scizor|Bullet Punch|p1a: Ferrothorn
|-resisted|p1a: Ferrothorn
|-damage|p1a: Ferrothorn|310\/352
|-damage|p2a: Scizor|231\/343|[from] ability: Iron Barbs|[of] p1a: Ferrothorn
|
|-heal|p1a: Ferrothorn|332\/352|[from] item: Leftovers
|turn|6
|
|switch|p2a: Clefable|Clefable, F|394\/394
|move|p1a: Ferrothorn|Leech Seed|p2a: Clefable
|-start|p2a: Clefable|move: Leech Seed
|
|-heal|p1a: Ferrothorn|352\/352|[from] item: Leftovers
|turn|7
|
|move|p2a: Clefable|Stealth Rock|p1a: Ferrothorn
|-sidestart|p1: napty|move: Stealth Rock
|move|p1a: Ferrothorn|Spikes|p2a: Clefable
|-sidestart|p2: Fromaster3|Spikes
|
|turn|8
|
|move|p2a: Clefable|Fire Blast|p1a: Ferrothorn
|-supereffective|p1a: Ferrothorn
|-damage|p1a: Ferrothorn|136\/352
|move|p1a: Ferrothorn|Spikes|p2a: Clefable
|-sidestart|p2: Fromaster3|Spikes
|
|-heal|p1a: Ferrothorn|158\/352|[from] item: Leftovers
|turn|9
|
|move|p1a: Ferrothorn|Protect|p1a: Ferrothorn
|-singleturn|p1a: Ferrothorn|Protect
|move|p2a: Clefable|Fire Blast|p1a: Ferrothorn
|-activate|p1a: Ferrothorn|Protect
|
|-heal|p1a: Ferrothorn|180\/352|[from] item: Leftovers
|turn|10
|
|switch|p1a: Clefable|Clefable, F|389\/394
|move|p2a: Clefable|Fire Blast|p1a: Clefable|[miss]
|-miss|p2a: Clefable|p1a: Clefable
|
|-heal|p1a: Clefable|394\/394|[from] item: Leftovers
|turn|11
|
|switch|p2a: Scizor|Scizor-Mega, F|231\/343
|-damage|p2a: Scizor|174\/343|[from] Spikes
|move|p1a: Clefable|Knock Off|p2a: Scizor
|-damage|p2a: Scizor|153\/343
|
|turn|12
|
|switch|p1a: Ferrothorn|Ferrothorn, F|180\/352
|-damage|p1a: Ferrothorn|158\/352|[from] Stealth Rock
|move|p2a: Scizor|Roost|p2a: Scizor
|-heal|p2a: Scizor|325\/343
|
|-heal|p1a: Ferrothorn|180\/352|[from] item: Leftovers
|turn|13
|
|move|p2a: Scizor|Superpower|p1a: Ferrothorn
|-supereffective|p1a: Ferrothorn
|-damage|p1a: Ferrothorn|0 fnt
|-damage|p2a: Scizor|283\/343|[from] ability: Iron Barbs|[of] p1a: Ferrothorn
|-unboost|p2a: Scizor|atk|1
|-unboost|p2a: Scizor|def|1
|faint|p1a: Ferrothorn
|
|
|switch|p1a: Landorus-Therian|Landorus-Therian, M|382\/382
|-damage|p1a: Landorus-Therian|335\/382|[from] Stealth Rock
|-ability|p1a: Landorus-Therian|Intimidate|[of] p2a: Scizor
|-unboost|p2a: Scizor|atk|1
|turn|14
|
|switch|p2a: Gothitelle|Gothitelle, F|62\/281
|-damage|p2a: Gothitelle|16\/281|[from] Spikes
|move|p1a: Landorus-Therian|Stealth Rock|p2a: Gothitelle
|-sidestart|p2: Fromaster3|move: Stealth Rock
|
|turn|15
|
|move|p2a: Gothitelle|Energy Ball|p1a: Landorus-Therian
|-damage|p1a: Landorus-Therian|218\/382
|move|p1a: Landorus-Therian|U-turn|p2a: Gothitelle
|-supereffective|p2a: Gothitelle
|-damage|p2a: Gothitelle|0 fnt
|faint|p2a: Gothitelle
|
|switch|p1a: Clefable|Clefable, F|394\/394
|
|
|switch|p2a: Rotom-Wash|Rotom-Wash|304\/304
|-damage|p2a: Rotom-Wash|266\/304|[from] Stealth Rock
|turn|16
|
|move|p2a: Rotom-Wash|Volt Switch|p1a: Clefable
|-damage|p1a: Clefable|315\/394
|
|switch|p2a: Scizor|Scizor-Mega, F|283\/343
|-damage|p2a: Scizor|226\/343|[from] Spikes
|-damage|p2a: Scizor|184\/343|[from] Stealth Rock
|move|p1a: Clefable|Moonblast|p2a: Scizor
|-resisted|p2a: Scizor
|-damage|p2a: Scizor|128\/343
|
|-heal|p1a: Clefable|339\/394|[from] item: Leftovers
|turn|17
|
|switch|p1a: Landorus-Therian|Landorus-Therian, M|218\/382
|-damage|p1a: Landorus-Therian|171\/382|[from] Stealth Rock
|-ability|p1a: Landorus-Therian|Intimidate|[of] p2a: Scizor
|-unboost|p2a: Scizor|atk|1
|move|p2a: Scizor|Roost|p2a: Scizor
|-heal|p2a: Scizor|300\/343
|
|turn|18
|
|move|p1a: Landorus-Therian|Stone Edge|p2a: Scizor|[miss]
|-miss|p1a: Landorus-Therian|p2a: Scizor
|move|p2a: Scizor|U-turn|p1a: Landorus-Therian
|-resisted|p1a: Landorus-Therian
|-damage|p1a: Landorus-Therian|138\/382
|-damage|p2a: Scizor|243\/343|[from] item: Rocky Helmet|[of] p1a: Landorus-Therian
|
|switch|p2a: Politoed|Politoed, M|322\/322
|-damage|p2a: Politoed|269\/322|[from] Spikes
|-damage|p2a: Politoed|229\/322|[from] Stealth Rock
|-weather|RainDance
|
|-weather|RainDance|[upkeep]
|turn|19
|
|move|p2a: Politoed|Hydro Pump|p1a: Landorus-Therian
|-supereffective|p1a: Landorus-Therian
|-damage|p1a: Landorus-Therian|0 fnt
|faint|p1a: Landorus-Therian
|
|-weather|RainDance|[upkeep]
|
|switch|p1a: Bisharp|Bisharp, M|271\/271
|-damage|p1a: Bisharp|255\/271|[from] Stealth Rock
|turn|20
|
|move|p1a: Bisharp|Sucker Punch|p2a: Politoed
|-damage|p2a: Politoed|45\/322
|move|p2a: Politoed|Hydro Pump|p1a: Bisharp
|-damage|p1a: Bisharp|0 fnt
|faint|p1a: Bisharp
|
|-weather|RainDance|[upkeep]
|
|switch|p1a: Clefable|Clefable, F|339\/394
|turn|21
|
|move|p2a: Politoed|Hydro Pump|p1a: Clefable
|-damage|p1a: Clefable|117\/394
|move|p1a: Clefable|Moonblast|p2a: Politoed
|-damage|p2a: Politoed|0 fnt
|faint|p2a: Politoed
|
|-weather|RainDance|[upkeep]
|-heal|p1a: Clefable|141\/394|[from] item: Leftovers
|
|switch|p2a: Omastar|Omastar, M|281\/281
|-damage|p2a: Omastar|246\/281|[from] Stealth Rock
|-damage|p2a: Omastar|200\/281|[from] Spikes
|turn|22
|
|move|p2a: Omastar|Shell Smash|p2a: Omastar
|-boost|p2a: Omastar|atk|2
|-boost|p2a: Omastar|spa|2
|-boost|p2a: Omastar|spe|2
|-unboost|p2a: Omastar|def|1
|-unboost|p2a: Omastar|spd|1
|-enditem|p2a: Omastar|White Herb
|-restoreboost|p2a: Omastar|[silent]
|move|p1a: Clefable|Moonblast|p2a: Omastar
|-damage|p2a: Omastar|53\/281
|
|-weather|none
|-heal|p1a: Clefable|165\/394|[from] item: Leftovers
|turn|23
|
|move|p2a: Omastar|Surf|p1a: Clefable
|-damage|p1a: Clefable|0 fnt
|faint|p1a: Clefable
|
|
|switch|p1a: Gallade|Gallade, M|278\/278
|-damage|p1a: Gallade|261\/278|[from] Stealth Rock
|turn|24
|
|detailschange|p1a: Gallade|Gallade-Mega, M
|message|Gallade has Mega Evolved into Mega Gallade!
|move|p2a: Omastar|Surf|p1a: Gallade
|-damage|p1a: Gallade|0 fnt
|faint|p1a: Gallade
|
|-message|napty forfeited.
|
|win|Fromaster3
|raw|Ladder updating...
|raw|napty's rating: 1489 &rarr; <strong>1467<\/strong><br \/>(-22 for losing)
|raw|Fromaster3's rating: 1444 &rarr; <strong>1467<\/strong><br \/>(+23 for winning)
|leave|napty
|player|p1