|join|Floundso
|join|napty
|player|p1|Floundso|164
|player|p2|napty|93
|gametype|singles
|gen|6
|tier|OU
|rated
|clearpoke
|poke|p1|Metagross, shiny
|poke|p1|Talonflame, F, shiny
|poke|p1|Keldeo
|poke|p1|Ferrothorn, M, shiny
|poke|p1|Latios, M
|poke|p1|Excadrill, M
|poke|p2|Landorus-Therian, M
|poke|p2|Greninja, F
|poke|p2|Talonflame, F
|poke|p2|Celebi
|poke|p2|Bisharp, F
|poke|p2|Latios, M
|rule|Swagger Clause: Swagger is banned
|rule|Baton Pass Clause: Limit one PokÃ©mon knowing Baton Pass
|rule|Sleep Clause Mod: Limit one foe put to sleep
|rule|Species Clause: Limit one of each PokÃ©mon
|rule|OHKO Clause: OHKO moves are banned
|rule|Moody Clause: Moody is banned
|rule|Evasion Moves Clause: Evasion moves are banned
|rule|Endless Battle Clause: Forcing endless battles is banned
|rule|HP Percentage Mod: HP is shown in percentages
|teampreview
|
|start
|switch|p1a: Keldeo|Keldeo|324\/324
|switch|p2a: Talonflame|Talonflame, F|298\/298
|turn|1
|
|switch|p2a: Celebi|Celebi|404\/404
|switch|p1a: Ferrothorn|Ferrothorn, M, shiny|352\/352
|
|turn|2
|
|move|p2a: Celebi|Substitute|p2a: Celebi
|-start|p2a: Celebi|Substitute
|-damage|p2a: Celebi|303\/404
|move|p1a: Ferrothorn|Stealth Rock|p2a: Celebi
|-sidestart|p2: napty|move: Stealth Rock
|
|-heal|p2a: Celebi|328\/404|[from] item: Leftovers
|turn|3
|
|move|p2a: Celebi|Baton Pass|p2a: Celebi
|
|switch|p2a: Bisharp|Bisharp, F|272\/272
|-damage|p2a: Bisharp|255\/272|[from] Stealth Rock
|move|p1a: Ferrothorn|Gyro Ball|p2a: Bisharp
|-resisted|p2a: Bisharp
|-activate|p2a: Bisharp|Substitute|[damage]
|
|turn|4
|
|move|p2a: Bisharp|Swords Dance|p2a: Bisharp
|-boost|p2a: Bisharp|atk|2
|move|p1a: Ferrothorn|Gyro Ball|p2a: Bisharp
|-resisted|p2a: Bisharp
|-end|p2a: Bisharp|Substitute
|
|turn|5
|
|move|p2a: Bisharp|Knock Off|p1a: Ferrothorn
|-damage|p1a: Ferrothorn|4\/352
|-damage|p2a: Bisharp|221\/272|[from] ability: Iron Barbs|[of] p1a: Ferrothorn
|-enditem|p1a: Ferrothorn|Shed Shell|[from] move: Knock Off|[of] p2a: Bisharp
|-damage|p2a: Bisharp|194\/272|[from] item: Life Orb
|move|p1a: Ferrothorn|Power Whip|p2a: Bisharp|[miss]
|-miss|p1a: Ferrothorn|p2a: Bisharp
|
|turn|6
|
|move|p2a: Bisharp|Swords Dance|p2a: Bisharp
|-boost|p2a: Bisharp|atk|2
|move|p1a: Ferrothorn|Power Whip|p2a: Bisharp|[miss]
|-miss|p1a: Ferrothorn|p2a: Bisharp
|
|turn|7
|
|move|p2a: Bisharp|Knock Off|p1a: Ferrothorn
|-crit|p1a: Ferrothorn
|-damage|p1a: Ferrothorn|0 fnt
|-damage|p2a: Bisharp|160\/272|[from] ability: Iron Barbs|[of] p1a: Ferrothorn
|-damage|p2a: Bisharp|133\/272|[from] item: Life Orb
|faint|p1a: Ferrothorn
|
|
|switch|p1a: Keldeo|Keldeo|324\/324
|turn|8
|
|move|p2a: Bisharp|Sucker Punch|p1a: Keldeo
|-resisted|p1a: Keldeo
|-damage|p1a: Keldeo|0 fnt
|-damage|p2a: Bisharp|106\/272|[from] item: Life Orb
|faint|p1a: Keldeo
|
|
|switch|p1a: Talonflame|Talonflame, F, shiny|335\/335
|turn|9
|
|move|p1a: Talonflame|Brave Bird|p2a: Bisharp
|-resisted|p2a: Bisharp
|-damage|p2a: Bisharp|25\/272
|-damage|p1a: Talonflame|308\/335|[from] recoil|[of] p2a: Bisharp
|move|p2a: Bisharp|Knock Off|p1a: Talonflame
|-damage|p1a: Talonflame|0 fnt
|-enditem|p1a: Talonflame|Leftovers|[from] move: Knock Off|[of] p2a: Bisharp
|-damage|p2a: Bisharp|0 fnt|[from] item: Life Orb
|faint|p1a: Talonflame
|faint|p2a: Bisharp
|
|
|switch|p1a: Excadrill|Excadrill, M|361\/361
|switch|p2a: Celebi|Celebi|328\/404
|-ability|p1a: Excadrill|Mold Breaker
|-damage|p2a: Celebi|278\/404|[from] Stealth Rock
|turn|10
|
|move|p1a: Excadrill|Iron Head|p2a: Celebi
|-damage|p2a: Celebi|124\/404
|move|p2a: Celebi|Giga Drain|p1a: Excadrill
|-damage|p1a: Excadrill|228\/361
|-heal|p2a: Celebi|191\/404|[from] drain|[of] p1a: Excadrill
|
|-heal|p2a: Celebi|216\/404|[from] item: Leftovers
|turn|11
|
|move|p1a: Excadrill|Iron Head|p2a: Celebi
|-damage|p2a: Celebi|75\/404
|move|p2a: Celebi|Giga Drain|p1a: Excadrill
|-damage|p1a: Excadrill|99\/361
|-heal|p2a: Celebi|140\/404|[from] drain|[of] p1a: Excadrill
|
|-heal|p2a: Celebi|165\/404|[from] item: Leftovers
|turn|12
|
|switch|p1a: Metagross|Metagross, shiny|302\/302
|move|p2a: Celebi|Giga Drain|p1a: Metagross
|-resisted|p1a: Metagross
|-damage|p1a: Metagross|257\/302
|-heal|p2a: Celebi|188\/404|[from] drain|[of] p1a: Metagross
|
|-heal|p2a: Celebi|213\/404|[from] item: Leftovers
|turn|13
|
|detailschange|p1a: Metagross|Metagross-Mega, shiny
|message|Metagross has Mega Evolved into Mega Metagross!
|move|p2a: Celebi|Recover|p2a: Celebi
|-heal|p2a: Celebi|404\/404
|move|p1a: Metagross|Ice Punch|p2a: Celebi
|-supereffective|p2a: Celebi
|-damage|p2a: Celebi|144\/404
|
|-heal|p2a: Celebi|169\/404|[from] item: Leftovers
|turn|14
|
|move|p1a: Metagross|Meteor Mash|p2a: Celebi
|-damage|p2a: Celebi|0 fnt
|faint|p2a: Celebi
|
|
|switch|p2a: Latios|Latios, M|301\/301
|-damage|p2a: Latios|264\/301|[from] Stealth Rock
|turn|15
|
|move|p2a: Latios|Defog|p1a: Metagross
|-unboost|p1a: Metagross|evasion|1
|-sideend|p2: napty|Stealth Rock|[from] move: Defog|[of] p2a: Latios
|move|p1a: Metagross|Ice Punch|p2a: Latios
|-supereffective|p2a: Latios
|-damage|p2a: Latios|0 fnt
|faint|p2a: Latios
|
|
|switch|p2a: Talonflame|Talonflame, F|298\/298
|turn|16
|
|move|p2a: Talonflame|Flare Blitz|p1a: Metagross
|-supereffective|p1a: Metagross
|-damage|p1a: Metagross|0 fnt
|-damage|p2a: Talonflame|213\/298|[from] recoil|[of] p1a: Metagross
|faint|p1a: Metagross
|
|
|switch|p1a: Latios|Latios, M|302\/302
|turn|17
|
|move|p2a: Talonflame|Flare Blitz|p1a: Latios
|-resisted|p1a: Latios
|-damage|p1a: Latios|152\/302
|-damage|p2a: Talonflame|163\/298|[from] recoil|[of] p1a: Latios
|move|p1a: Latios|Draco Meteor|p2a: Talonflame|[miss]
|-miss|p1a: Latios|p2a: Talonflame
|
|turn|18
|
|move|p2a: Talonflame|Flare Blitz|p1a: Latios
|-resisted|p1a: Latios
|-damage|p1a: Latios|0 fnt
|-damage|p2a: Talonflame|113\/298|[from] recoil|[of] p1a: Latios
|faint|p1a: Latios
|
|-message|Floundso forfeited.
|
|win|napty
|raw|Ladder updating...
|leave|Floundso
|player|p1
|raw|Floundso's rating: 1351 &rarr; <strong>1334<\/strong><br \/>(-17 for losing)
|raw|napty's rating: 1409 &rarr; <strong>1426<\/strong><br \/>(+17 for winning)