|join|napty
|join|juanen123
|player|p1|napty|93
|player|p2|juanen123|169
|gametype|singles
|gen|6
|tier|OU
|rated
|clearpoke
|poke|p1|Landorus-Therian, M
|poke|p1|Greninja, M
|poke|p1|Sableye, F
|poke|p1|Celebi
|poke|p1|Bisharp, M
|poke|p1|Keldeo
|poke|p2|Diancie
|poke|p2|Magnezone
|poke|p2|Greninja, F
|poke|p2|Landorus-Therian, M
|poke|p2|Rotom-Wash
|poke|p2|Latias, F
|rule|Swagger Clause: Swagger is banned
|rule|Baton Pass Clause: Limit one PokÃ©mon knowing Baton Pass
|rule|Sleep Clause Mod: Limit one foe put to sleep
|rule|Species Clause: Limit one of each PokÃ©mon
|rule|OHKO Clause: OHKO moves are banned
|rule|Moody Clause: Moody is banned
|rule|Evasion Moves Clause: Evasion moves are banned
|rule|Endless Battle Clause: Forcing endless battles is banned
|rule|HP Percentage Mod: HP is shown in percentages
|teampreview
|
|start
|switch|p1a: Keldeo|Keldeo|323\/323
|switch|p2a: Greninja|Greninja, F|285\/285
|turn|1
|
|switch|p1a: Bisharp|Bisharp, M|271\/271
|switch|p2a: Latias|Latias, F|321\/321
|
|turn|2
|
|move|p2a: Latias|Draco Meteor|p1a: Bisharp|[miss]
|-miss|p2a: Latias|p1a: Bisharp
|move|p1a: Bisharp|Knock Off|p2a: Latias
|-supereffective|p2a: Latias
|-damage|p2a: Latias|0 fnt
|-enditem|p2a: Latias|Life Orb|[from] move: Knock Off|[of] p1a: Bisharp
|faint|p2a: Latias
|
|
|switch|p2a: Rotom-Wash|Rotom-Wash|303\/303
|turn|3
|
|switch|p1a: Celebi|Celebi|404\/404
|move|p2a: Rotom-Wash|Will-O-Wisp|p1a: Celebi
|-status|p1a: Celebi|brn
|
|-damage|p1a: Celebi|354\/404 brn|[from] brn
|turn|4
|
|switch|p2a: Magnezone|Magnezone|281\/281
|move|p1a: Celebi|Substitute|p1a: Celebi
|-start|p1a: Celebi|Substitute
|-damage|p1a: Celebi|253\/404 brn
|
|-heal|p1a: Celebi|278\/404 brn|[from] item: Leftovers
|-damage|p1a: Celebi|228\/404 brn|[from] brn
|turn|5
|
|move|p1a: Celebi|Baton Pass|p1a: Celebi
|
|switch|p1a: Landorus-Therian|Landorus-Therian, M|382\/382
|-ability|p1a: Landorus-Therian|Intimidate|[of] p2a: Magnezone
|-unboost|p2a: Magnezone|atk|1
|move|p2a: Magnezone|Volt Switch|p1a: Landorus-Therian
|-immune|p1a: Landorus-Therian|[msg]
|
|turn|6
|
|switch|p2a: Rotom-Wash|Rotom-Wash|303\/303
|move|p1a: Landorus-Therian|Stealth Rock|p2a: Rotom-Wash
|-sidestart|p2: juanen123|move: Stealth Rock
|
|turn|7
|
|move|p1a: Landorus-Therian|U-turn|p2a: Rotom-Wash
|-damage|p2a: Rotom-Wash|243\/303
|
|switch|p1a: Celebi|Celebi|228\/404
|move|p2a: Rotom-Wash|Hydro Pump|p1a: Celebi
|-resisted|p1a: Celebi
|-damage|p1a: Celebi|175\/404
|
|-heal|p1a: Celebi|200\/404|[from] item: Leftovers
|-heal|p2a: Rotom-Wash|261\/303|[from] item: Leftovers
|turn|8
|
|move|p1a: Celebi|Recover|p1a: Celebi
|-heal|p1a: Celebi|402\/404
|move|p2a: Rotom-Wash|Volt Switch|p1a: Celebi
|-resisted|p1a: Celebi
|-damage|p1a: Celebi|369\/404
|
|switch|p2a: Greninja|Greninja, F|285\/285
|-damage|p2a: Greninja|250\/285|[from] Stealth Rock
|
|-heal|p1a: Celebi|394\/404|[from] item: Leftovers
|turn|9
|
|switch|p1a: Bisharp|Bisharp, M|271\/271
|move|p2a: Greninja|Gunk Shot|p1a: Bisharp
|-start|p2a: Greninja|typechange|Poison|[from] Protean
|-immune|p1a: Bisharp|[msg]
|
|turn|10
|
|switch|p2a: Rotom-Wash|Rotom-Wash|261\/303
|-damage|p2a: Rotom-Wash|224\/303|[from] Stealth Rock
|move|p1a: Bisharp|Knock Off|p2a: Rotom-Wash
|-damage|p2a: Rotom-Wash|86\/303
|-enditem|p2a: Rotom-Wash|Leftovers|[from] move: Knock Off|[of] p1a: Bisharp
|
|turn|11
|
|move|p1a: Bisharp|Knock Off|p2a: Rotom-Wash
|-damage|p2a: Rotom-Wash|0 fnt
|faint|p2a: Rotom-Wash
|
|
|switch|p2a: Magnezone|Magnezone|281\/281
|-damage|p2a: Magnezone|264\/281|[from] Stealth Rock
|turn|12
|
|move|p1a: Bisharp|Knock Off|p2a: Magnezone
|-damage|p2a: Magnezone|111\/281
|-enditem|p2a: Magnezone|Choice Specs|[from] move: Knock Off|[of] p1a: Bisharp
|move|p2a: Magnezone|Thunderbolt|p1a: Bisharp
|-damage|p1a: Bisharp|45\/271
|
|-heal|p1a: Bisharp|61\/271|[from] item: Leftovers
|turn|13
|
|move|p1a: Bisharp|Sucker Punch|p2a: Magnezone
|-damage|p2a: Magnezone|0 fnt
|faint|p2a: Magnezone
|
|-heal|p1a: Bisharp|77\/271|[from] item: Leftovers
|c|âjuanen123|nice predicts
|c|âjuanen123|;)
|c|ânapty|:]
|
|switch|p2a: Greninja|Greninja, F|250\/285
|-damage|p2a: Greninja|215\/285|[from] Stealth Rock
|turn|14
|
|move|p1a: Bisharp|Sucker Punch|p2a: Greninja
|-resisted|p2a: Greninja
|-damage|p2a: Greninja|101\/285
|move|p2a: Greninja|Hidden Power|p1a: Bisharp
|-start|p2a: Greninja|typechange|Fire|[from] Protean
|-supereffective|p1a: Bisharp
|-damage|p1a: Bisharp|0 fnt
|-damage|p2a: Greninja|73\/285|[from] item: Life Orb
|faint|p1a: Bisharp
|
|
|switch|p1a: Keldeo|Keldeo|323\/323
|turn|15
|
|move|p1a: Keldeo|Scald|p2a: Greninja
|-supereffective|p2a: Greninja
|-damage|p2a: Greninja|0 fnt
|faint|p2a: Greninja
|
|c|âjuanen123|gg
|c|ânapty|gg
|-message|juanen123 forfeited.
|
|win|napty
|raw|Ladder updating...
|leave|juanen123
|player|p2
|raw|napty's rating: 1397 &rarr; <strong>1417<\/strong><br \/>(+20 for winning)
|raw|juanen123's rating: 1397 &rarr; <strong>1377<\/strong><br \/>(-20 for losing)