|join|RideTheLightning16
|join|napty
|player|p1|RideTheLightning16|279
|player|p2|napty|93
|gametype|singles
|gen|6
|tier|OU
|rated
|clearpoke
|poke|p1|Beedrill, M
|poke|p1|Rotom-Wash
|poke|p1|Talonflame, M
|poke|p1|Greninja, F
|poke|p1|Mew
|poke|p1|Clefable, F
|poke|p2|Landorus-Therian, M
|poke|p2|Greninja, F
|poke|p2|Talonflame, M
|poke|p2|Celebi
|poke|p2|Bisharp, M
|poke|p2|Latios, M
|rule|Swagger Clause: Swagger is banned
|rule|Baton Pass Clause: Limit one PokÃ©mon knowing Baton Pass
|rule|Sleep Clause Mod: Limit one foe put to sleep
|rule|Species Clause: Limit one of each PokÃ©mon
|rule|OHKO Clause: OHKO moves are banned
|rule|Moody Clause: Moody is banned
|rule|Evasion Moves Clause: Evasion moves are banned
|rule|Endless Battle Clause: Forcing endless battles is banned
|rule|HP Percentage Mod: HP is shown in percentages
|teampreview
|
|start
|switch|p1a: Rotom-Wash|Rotom-Wash|304\/304
|switch|p2a: Celebi|Celebi|404\/404
|turn|1
|
|move|p2a: Celebi|Substitute|p2a: Celebi
|-start|p2a: Celebi|Substitute
|-damage|p2a: Celebi|303\/404
|move|p1a: Rotom-Wash|Volt Switch|p2a: Celebi
|-resisted|p2a: Celebi
|-activate|p2a: Celebi|Substitute|[damage]
|
|switch|p1a: Clefable|Clefable, F|394\/394
|
|-heal|p2a: Celebi|328\/404|[from] item: Leftovers
|turn|2
|
|move|p2a: Celebi|Baton Pass|p2a: Celebi
|
|switch|p2a: Bisharp|Bisharp, M|272\/272
|move|p1a: Clefable|Stealth Rock|p2a: Bisharp
|-sidestart|p2: napty|move: Stealth Rock
|
|turn|3
|
|switch|p1a: Rotom-Wash|Rotom-Wash|304\/304
|move|p2a: Bisharp|Swords Dance|p2a: Bisharp
|-boost|p2a: Bisharp|atk|2
|
|turn|4
|
|move|p2a: Bisharp|Knock Off|p1a: Rotom-Wash
|-damage|p1a: Rotom-Wash|0 fnt
|-enditem|p1a: Rotom-Wash|Leftovers|[from] move: Knock Off|[of] p2a: Bisharp
|-damage|p2a: Bisharp|245\/272|[from] item: Life Orb
|faint|p1a: Rotom-Wash
|
|
|switch|p1a: Beedrill|Beedrill, M|272\/272
|turn|5
|join|Colligules
|
|detailschange|p1a: Beedrill|Beedrill-Mega, M
|message|Beedrill has Mega Evolved into Mega Beedrill!
|move|p1a: Beedrill|Protect|p1a: Beedrill
|-singleturn|p1a: Beedrill|Protect
|move|p2a: Bisharp|Sucker Punch|p1a: Beedrill
|-fail|p1a: Beedrill
|
|turn|6
|join|Mmh
|join|CalemAgeRegression
|
|switch|p1a: Greninja|Greninja, F|285\/285
|move|p2a: Bisharp|Sucker Punch|p1a: Greninja
|-fail|p1a: Greninja
|
|turn|7
|
|move|p2a: Bisharp|Sucker Punch|p1a: Greninja
|-resisted|p1a: Greninja
|-damage|p1a: Greninja|0 fnt
|-damage|p2a: Bisharp|218\/272|[from] item: Life Orb
|faint|p1a: Greninja
|
|c| Colligules|Should've gone for the knock off
|c|ânapty|why
|c| Colligules|On that switch
|join|crazy2442
|
|switch|p1a: Talonflame|Talonflame, M|297\/297
|turn|8
|c|ânapty|it was a 50\/
|c|ânapty|50
|c| CalemAgeRegression|bobby shmurda
|
|move|p1a: Talonflame|Brave Bird|p2a: Bisharp
|-resisted|p2a: Bisharp
|-end|p2a: Bisharp|Substitute
|-damage|p1a: Talonflame|276\/297|[from] recoil|[of] p2a: Bisharp
|move|p2a: Bisharp|Knock Off|p1a: Talonflame
|-damage|p1a: Talonflame|0 fnt
|-enditem|p1a: Talonflame|Leftovers|[from] move: Knock Off|[of] p2a: Bisharp
|-damage|p2a: Bisharp|191\/272|[from] item: Life Orb
|faint|p1a: Talonflame
|
|
|switch|p1a: Beedrill|Beedrill-Mega, M|272\/272
|turn|9
|join|traplordalz
|
|move|p1a: Beedrill|Protect|p1a: Beedrill
|-singleturn|p1a: Beedrill|Protect
|move|p2a: Bisharp|Sucker Punch|p1a: Beedrill
|-fail|p1a: Beedrill
|
|turn|10
|
|switch|p1a: Clefable|Clefable, F|394\/394
|move|p2a: Bisharp|Sucker Punch|p1a: Clefable
|-fail|p1a: Clefable
|
|turn|11
|
|move|p2a: Bisharp|Iron Head|p1a: Clefable
|-supereffective|p1a: Clefable
|-damage|p1a: Clefable|0 fnt
|-damage|p2a: Bisharp|164\/272|[from] item: Life Orb
|faint|p1a: Clefable
|
|
|switch|p1a: Beedrill|Beedrill-Mega, M|272\/272
|turn|12
|
|move|p1a: Beedrill|Protect|p1a: Beedrill
|-singleturn|p1a: Beedrill|Protect
|move|p2a: Bisharp|Sucker Punch|p1a: Beedrill
|-fail|p1a: Beedrill
|
|turn|13
|join|Hennmeister
|c| Colligules|watch your pp
|
|move|p1a: Beedrill|Protect|p1a: Beedrill
|-fail|p1a: Beedrill
|move|p2a: Bisharp|Sucker Punch|p1a: Beedrill
|-fail|p1a: Beedrill
|
|turn|14
|
|switch|p1a: Mew|Mew|404\/404
|move|p2a: Bisharp|Knock Off|p1a: Mew
|-crit|p1a: Mew
|-supereffective|p1a: Mew
|-damage|p1a: Mew|0 fnt
|-enditem|p1a: Mew|Leftovers|[from] move: Knock Off|[of] p2a: Bisharp
|-damage|p2a: Bisharp|137\/272|[from] item: Life Orb
|faint|p1a: Mew
|
|
|switch|p1a: Beedrill|Beedrill-Mega, M|272\/272
|turn|15
|c| Colligules|excellent
|join|Emi911
|c|ânapty|:]
|
|move|p1a: Beedrill|Drill Run|p2a: Bisharp
|-supereffective|p2a: Bisharp
|-damage|p2a: Bisharp|0 fnt
|faint|p2a: Bisharp
|
|
|switch|p2a: Talonflame|Talonflame, M|298\/298
|-damage|p2a: Talonflame|149\/298|[from] Stealth Rock
|turn|16
|
|move|p2a: Talonflame|Brave Bird|p1a: Beedrill
|-crit|p1a: Beedrill
|-supereffective|p1a: Beedrill
|-damage|p1a: Beedrill|0 fnt
|-damage|p2a: Talonflame|59\/298|[from] recoil|[of] p1a: Beedrill
|faint|p1a: Beedrill
|
|win|napty
|raw|Ladder updating...
|leave|traplordalz
|raw|RideTheLightning16's rating: 1439 &rarr; <strong>1419<\/strong><br \/>(-20 for losing)
|raw|napty's rating: 1448 &rarr; <strong>1467<\/strong><br \/>(+19 for winning)
|leave|RideTheLightning16
|player|p1
|leave|Mmh