|join|napty
|join|xNate
|player|p1|napty|1
|player|p2|xNate|169
|gametype|singles
|gen|6
|tier|OU (suspect test)
|rated
|clearpoke
|poke|p1|Landorus-Therian, M
|poke|p1|Azumarill, M
|poke|p1|Gardevoir, F
|poke|p1|Bisharp, F
|poke|p1|Talonflame, M
|poke|p1|Latias, F
|poke|p2|Bisharp, M
|poke|p2|Gallade, M
|poke|p2|Heatran, M
|poke|p2|Latios, M
|poke|p2|Rotom-Wash
|poke|p2|Azumarill, F
|rule|Swagger Clause: Swagger is banned
|rule|Baton Pass Clause: Limit one PokÃ©mon knowing Baton Pass
|rule|Sleep Clause Mod: Limit one foe put to sleep
|rule|Species Clause: Limit one of each PokÃ©mon
|rule|OHKO Clause: OHKO moves are banned
|rule|Moody Clause: Moody is banned
|rule|Evasion Moves Clause: Evasion moves are banned
|rule|Endless Battle Clause: Forcing endless battles is banned
|rule|HP Percentage Mod: HP is shown in percentages
|teampreview
|c|ânapty|gallade\/bisharp
|c|ânapty|serious business
|c|ânapty|:]
|
|start
|switch|p1a: Gardevoir|Gardevoir, F|277\/277
|switch|p2a: Rotom-Wash|Rotom-Wash|304\/304
|-ability|p1a: Gardevoir|Levitate|[from] ability: Trace|[of] p2a: Rotom-Wash
|turn|1
|
|switch|p2a: Heatran|Heatran, M|323\/323
|detailschange|p1a: Gardevoir|Gardevoir-Mega, F
|-mega|p1a: Gardevoir|Gardevoir|Gardevoirite
|move|p1a: Gardevoir|Hyper Voice|p2a: Heatran
|-resisted|p2a: Heatran
|-damage|p2a: Heatran|260\/323
|
|-heal|p2a: Heatran|280\/323|[from] item: Leftovers
|turn|2
|
|move|p1a: Gardevoir|Focus Blast|p2a: Heatran
|-supereffective|p2a: Heatran
|-damage|p2a: Heatran|0 fnt
|faint|p2a: Heatran
|
|
|switch|p2a: Azumarill|Azumarill, F|404\/404
|turn|3
|c|ânapty|your heatran is kinda weak
|c|ânapty|did you put the EVs in def?
|c|ânapty|instead of spdef?
|
|switch|p1a: Landorus-Therian|Landorus-Therian, M|381\/381
|-ability|p1a: Landorus-Therian|Intimidate|[of] p2a: Azumarill
|-unboost|p2a: Azumarill|atk|1
|move|p2a: Azumarill|Play Rough|p1a: Landorus-Therian
|-damage|p1a: Landorus-Therian|224\/381
|-damage|p2a: Azumarill|337\/404|[from] item: Rocky Helmet|[of] p1a: Landorus-Therian
|
|turn|4
|
|switch|p2a: Rotom-Wash|Rotom-Wash|304\/304
|move|p1a: Landorus-Therian|U-turn|p2a: Rotom-Wash
|-damage|p2a: Rotom-Wash|254\/304
|
|switch|p1a: Gardevoir|Gardevoir-Mega, F|277\/277
|
|-heal|p2a: Rotom-Wash|273\/304|[from] item: Leftovers
|turn|5
|
|switch|p2a: Gallade|Gallade, M|277\/277
|move|p1a: Gardevoir|Hyper Voice|p2a: Gallade
|-crit|p2a: Gallade
|-supereffective|p2a: Gallade
|-damage|p2a: Gallade|0 fnt
|faint|p2a: Gallade
|
|c|ânapty|i dont get this sack oO
|
|switch|p2a: Bisharp|Bisharp, M|271\/271
|turn|6
|
|move|p1a: Gardevoir|Hyper Voice|p2a: Bisharp
|-damage|p2a: Bisharp|0 fnt
|faint|p2a: Bisharp
|
|-message|xNate forfeited.
|
|win|napty
|raw|Ladder updating...
|leave|xNate
|player|p2
|raw|napty's rating: 1365 &rarr; <strong>1382<\/strong><br \/>(+17 for winning)
|raw|xNate's rating: 1317 &rarr; <strong>1300<\/strong><br \/>(-17 for losing)