|join|napty
|join|el hax
|player|p1|napty|287
|player|p2|el hax|1
|gametype|singles
|gen|6
|tier|OU (suspect test)
|rated
|clearpoke
|poke|p1|Landorus-Therian, M
|poke|p1|Azumarill, M
|poke|p1|Gardevoir, M
|poke|p1|Bisharp, M
|poke|p1|Talonflame, F
|poke|p1|Latias, F
|poke|p2|Bisharp, M
|poke|p2|Azelf
|poke|p2|Raikou
|poke|p2|Metagross
|poke|p2|Landorus-Therian, M
|poke|p2|Keldeo
|rule|Swagger Clause: Swagger is banned
|rule|Baton Pass Clause: Limit one PokÃ©mon knowing Baton Pass
|rule|Sleep Clause Mod: Limit one foe put to sleep
|rule|Species Clause: Limit one of each PokÃ©mon
|rule|OHKO Clause: OHKO moves are banned
|rule|Moody Clause: Moody is banned
|rule|Evasion Moves Clause: Evasion moves are banned
|rule|Endless Battle Clause: Forcing endless battles is banned
|rule|HP Percentage Mod: HP is shown in percentages
|teampreview
|c|âel hax|gl
|c|ânapty|hf
|
|start
|switch|p1a: Talonflame|Talonflame, F|297\/297
|switch|p2a: Azelf|Azelf|291\/291
|turn|1
|
|move|p1a: Talonflame|Brave Bird|p2a: Azelf
|-damage|p2a: Azelf|3\/291
|-damage|p1a: Talonflame|202\/297|[from] recoil|[of] p2a: Azelf
|move|p2a: Azelf|Stealth Rock|p1a: Talonflame
|-sidestart|p1: napty|move: Stealth Rock
|
|turn|2
|
|switch|p2a: Metagross|Metagross|301\/301
|move|p1a: Talonflame|Brave Bird|p2a: Metagross
|-resisted|p2a: Metagross
|-damage|p2a: Metagross|212\/301
|-damage|p1a: Talonflame|173\/297|[from] recoil|[of] p2a: Metagross
|
|turn|3
|
|detailschange|p2a: Metagross|Metagross-Mega
|-mega|p2a: Metagross|Metagross|Metagrossite
|move|p1a: Talonflame|Flare Blitz|p2a: Metagross
|-supereffective|p2a: Metagross
|-damage|p2a: Metagross|0 fnt
|-damage|p1a: Talonflame|103\/297|[from] recoil|[of] p2a: Metagross
|faint|p2a: Metagross
|
|join|clefairy
|
|switch|p2a: Landorus-Therian|Landorus-Therian, M|335\/335
|-ability|p2a: Landorus-Therian|Intimidate|[of] p1a: Talonflame
|-unboost|p1a: Talonflame|atk|1
|turn|4
|join|poopy pants McGee
|
|move|p1a: Talonflame|Tailwind|p1a: Talonflame
|-sidestart|p1: napty|move: Tailwind
|move|p2a: Landorus-Therian|Knock Off|p1a: Talonflame
|-damage|p1a: Talonflame|0 fnt
|-enditem|p1a: Talonflame|Sharp Beak|[from] move: Knock Off|[of] p2a: Landorus-Therian
|faint|p1a: Talonflame
|
|
|switch|p1a: Gardevoir|Gardevoir, M|277\/277
|-damage|p1a: Gardevoir|243\/277|[from] Stealth Rock
|-ability|p1a: Gardevoir|Intimidate|[from] ability: Trace|[of] p2a: Landorus-Therian
|-ability|p1a: Gardevoir|Intimidate|[of] p2a: Landorus-Therian
|-unboost|p2a: Landorus-Therian|atk|1
|turn|5
|leave|poopy pants McGee
|
|switch|p2a: Azelf|Azelf|3\/291
|detailschange|p1a: Gardevoir|Gardevoir-Mega, M
|-mega|p1a: Gardevoir|Gardevoir|Gardevoirite
|move|p1a: Gardevoir|Hyper Voice|p2a: Azelf
|-damage|p2a: Azelf|0 fnt
|faint|p2a: Azelf
|
|
|switch|p2a: Bisharp|Bisharp, M|271\/271
|turn|6
|
|move|p2a: Bisharp|Sucker Punch|p1a: Gardevoir
|-damage|p1a: Gardevoir|0 fnt
|-damage|p2a: Bisharp|244\/271|[from] item: Life Orb
|faint|p1a: Gardevoir
|
|
|switch|p1a: Bisharp|Bisharp, M|271\/271
|-damage|p1a: Bisharp|255\/271|[from] Stealth Rock
|turn|7
|
|switch|p2a: Keldeo|Keldeo|323\/323
|move|p1a: Bisharp|Swords Dance|p1a: Bisharp
|-boost|p1a: Bisharp|atk|2
|
|-sideend|p1: napty|move: Tailwind
|turn|8
|
|move|p1a: Bisharp|Sucker Punch|p2a: Keldeo
|-resisted|p2a: Keldeo
|-damage|p2a: Keldeo|105\/323
|-boost|p2a: Keldeo|atk|1|[from] ability: Justified
|-damage|p1a: Bisharp|228\/271|[from] item: Life Orb
|move|p2a: Keldeo|Secret Sword|p1a: Bisharp
|-supereffective|p1a: Bisharp
|-damage|p1a: Bisharp|0 fnt
|faint|p1a: Bisharp
|
|
|switch|p1a: Azumarill|Azumarill, M|404\/404
|-damage|p1a: Azumarill|354\/404|[from] Stealth Rock
|turn|9
|
|move|p2a: Keldeo|Secret Sword|p1a: Azumarill
|-resisted|p1a: Azumarill
|-damage|p1a: Azumarill|207\/404
|move|p1a: Azumarill|Belly Drum|p1a: Azumarill
|-damage|p1a: Azumarill|5\/404
|-setboost|p1a: Azumarill|atk|6|[from] move: Belly Drum
|-enditem|p1a: Azumarill|Sitrus Berry|[eat]
|-heal|p1a: Azumarill|106\/404|[from] item: Sitrus Berry
|
|turn|10
|
|move|p1a: Azumarill|Aqua Jet|p2a: Keldeo
|-resisted|p2a: Keldeo
|-damage|p2a: Keldeo|0 fnt
|faint|p2a: Keldeo
|
|
|switch|p2a: Bisharp|Bisharp, M|244\/271
|turn|11
|
|move|p2a: Bisharp|Sucker Punch|p1a: Azumarill
|-resisted|p1a: Azumarill
|-damage|p1a: Azumarill|0 fnt
|-damage|p2a: Bisharp|217\/271|[from] item: Life Orb
|faint|p1a: Azumarill
|
|
|switch|p1a: Landorus-Therian|Landorus-Therian, M|381\/381
|-damage|p1a: Landorus-Therian|334\/381|[from] Stealth Rock
|-ability|p1a: Landorus-Therian|Intimidate|[of] p2a: Bisharp
|-unboost|p2a: Bisharp|atk|1
|-boost|p2a: Bisharp|atk|2|[from] ability: Defiant
|turn|12
|
|move|p2a: Bisharp|Knock Off|p1a: Landorus-Therian
|-damage|p1a: Landorus-Therian|103\/381
|-damage|p2a: Bisharp|172\/271|[from] item: Rocky Helmet|[of] p1a: Landorus-Therian
|-enditem|p1a: Landorus-Therian|Rocky Helmet|[from] move: Knock Off|[of] p2a: Bisharp
|-damage|p2a: Bisharp|145\/271|[from] item: Life Orb
|move|p1a: Landorus-Therian|Stone Edge|p2a: Bisharp
|-resisted|p2a: Bisharp
|-damage|p2a: Bisharp|87\/271
|
|turn|13
|-message|napty forfeited.
|
|win|el hax
|raw|Ladder updating...
|leave|napty
|player|p1
|raw|napty's rating: 1443 &rarr; <strong>1431<\/strong><br \/>(-12 for losing)
|raw|el hax's rating: 1592 &rarr; <strong>1604<\/strong><br \/>(+12 for winning)