|join|napty
|join|Scarlet Briar
|player|p1|napty|287
|player|p2|Scarlet Briar|161
|gametype|singles
|gen|6
|tier|OU (suspect test)
|rated
|clearpoke
|poke|p1|Bisharp, M
|poke|p1|Gallade, M
|poke|p1|Keldeo
|poke|p1|Landorus-Therian, M
|poke|p1|Klefki, M
|poke|p1|Latios, M
|poke|p2|Pinsir, M
|poke|p2|Heatran, M
|poke|p2|Rotom-Wash
|poke|p2|Landorus-Therian, M
|poke|p2|Clefable, M
|poke|p2|Latias, F
|rule|Swagger Clause: Swagger is banned
|rule|Baton Pass Clause: Limit one PokÃ©mon knowing Baton Pass
|rule|Sleep Clause Mod: Limit one foe put to sleep
|rule|Species Clause: Limit one of each PokÃ©mon
|rule|OHKO Clause: OHKO moves are banned
|rule|Moody Clause: Moody is banned
|rule|Evasion Moves Clause: Evasion moves are banned
|rule|Endless Battle Clause: Forcing endless battles is banned
|rule|HP Percentage Mod: HP is shown in percentages
|teampreview
|
|start
|switch|p1a: Latios|Latios, M|301\/301
|switch|p2a: Clefable|Clefable, M|394\/394
|turn|1
|
|move|p1a: Latios|Trick|p2a: Clefable
|-activate|p1a: Latios|move: Trick|[of] p2a: Clefable
|-item|p2a: Clefable|Choice Scarf|[from] move: Trick
|-item|p1a: Latios|Leftovers|[from] move: Trick
|move|p2a: Clefable|Flamethrower|p1a: Latios
|-resisted|p1a: Latios
|-damage|p1a: Latios|272\/301
|
|-heal|p1a: Latios|290\/301|[from] item: Leftovers
|turn|2
|
|switch|p1a: Gallade|Gallade, M|278\/278
|switch|p2a: Landorus-Therian|Landorus-Therian, M|319\/319
|-ability|p2a: Landorus-Therian|Intimidate|[of] p1a: Gallade
|-unboost|p1a: Gallade|atk|1
|
|turn|3
|
|switch|p1a: Landorus-Therian|Landorus-Therian, M|382\/382
|-ability|p1a: Landorus-Therian|Intimidate|[of] p2a: Landorus-Therian
|-unboost|p2a: Landorus-Therian|atk|1
|move|p2a: Landorus-Therian|U-turn|p1a: Landorus-Therian
|-resisted|p1a: Landorus-Therian
|-damage|p1a: Landorus-Therian|359\/382
|
|switch|p2a: Rotom-Wash|Rotom-Wash|303\/303
|
|-heal|p1a: Landorus-Therian|382\/382|[from] item: Leftovers
|turn|4
|
|move|p1a: Landorus-Therian|Stealth Rock|p2a: Rotom-Wash
|-sidestart|p2: Scarlet Briar|move: Stealth Rock
|move|p2a: Rotom-Wash|Will-O-Wisp|p1a: Landorus-Therian
|-status|p1a: Landorus-Therian|brn
|
|-damage|p1a: Landorus-Therian|335\/382 brn|[from] brn
|turn|5
|
|move|p1a: Landorus-Therian|U-turn|p2a: Rotom-Wash
|-damage|p2a: Rotom-Wash|275\/303
|
|switch|p1a: Latios|Latios, M|290\/301
|move|p2a: Rotom-Wash|Volt Switch|p1a: Latios
|-resisted|p1a: Latios
|-damage|p1a: Latios|248\/301
|
|switch|p2a: Landorus-Therian|Landorus-Therian, M|319\/319
|-damage|p2a: Landorus-Therian|280\/319|[from] Stealth Rock
|-ability|p2a: Landorus-Therian|Intimidate|[of] p1a: Latios
|-unboost|p1a: Latios|atk|1
|
|-heal|p1a: Latios|266\/301|[from] item: Leftovers
|turn|6
|
|switch|p1a: Landorus-Therian|Landorus-Therian, M|335\/382 brn
|-ability|p1a: Landorus-Therian|Intimidate|[of] p2a: Landorus-Therian
|-unboost|p2a: Landorus-Therian|atk|1
|move|p2a: Landorus-Therian|U-turn|p1a: Landorus-Therian
|-resisted|p1a: Landorus-Therian
|-damage|p1a: Landorus-Therian|313\/382 brn
|
|switch|p2a: Latias|Latias, F|301\/301
|-damage|p2a: Latias|264\/301|[from] Stealth Rock
|
|-heal|p1a: Landorus-Therian|336\/382 brn|[from] item: Leftovers
|-damage|p1a: Landorus-Therian|289\/382 brn|[from] brn
|turn|7
|
|switch|p2a: Heatran|Heatran, M|385\/385
|-damage|p2a: Heatran|337\/385|[from] Stealth Rock
|switch|p1a: Bisharp|Bisharp, M|271\/271
|
|-heal|p2a: Heatran|361\/385|[from] item: Leftovers
|turn|8
|
|switch|p1a: Gallade|Gallade, M|278\/278
|move|p2a: Heatran|Lava Plume|p1a: Gallade
|-damage|p1a: Gallade|166\/278
|
|-heal|p2a: Heatran|385\/385|[from] item: Leftovers
|turn|9
|
|switch|p2a: Landorus-Therian|Landorus-Therian, M|280\/319
|-damage|p2a: Landorus-Therian|241\/319|[from] Stealth Rock
|-ability|p2a: Landorus-Therian|Intimidate|[of] p1a: Gallade
|-unboost|p1a: Gallade|atk|1
|detailschange|p1a: Gallade|Gallade-Mega, M
|-mega|p1a: Gallade|Gallade|Galladite
|move|p1a: Gallade|Knock Off|p2a: Landorus-Therian
|-damage|p2a: Landorus-Therian|135\/319
|-enditem|p2a: Landorus-Therian|Choice Scarf|[from] move: Knock Off|[of] p1a: Gallade
|
|turn|10
|
|switch|p1a: Landorus-Therian|Landorus-Therian, M|289\/382 brn
|-ability|p1a: Landorus-Therian|Intimidate|[of] p2a: Landorus-Therian
|-unboost|p2a: Landorus-Therian|atk|1
|move|p2a: Landorus-Therian|U-turn|p1a: Landorus-Therian
|-resisted|p1a: Landorus-Therian
|-damage|p1a: Landorus-Therian|266\/382 brn
|
|switch|p2a: Rotom-Wash|Rotom-Wash|275\/303
|-damage|p2a: Rotom-Wash|238\/303|[from] Stealth Rock
|
|-heal|p1a: Landorus-Therian|289\/382 brn|[from] item: Leftovers
|-heal|p2a: Rotom-Wash|256\/303|[from] item: Leftovers
|-damage|p1a: Landorus-Therian|242\/382 brn|[from] brn
|turn|11
|
|move|p1a: Landorus-Therian|U-turn|p2a: Rotom-Wash
|-damage|p2a: Rotom-Wash|227\/303
|
|switch|p1a: Gallade|Gallade-Mega, M|166\/278
|move|p2a: Rotom-Wash|Hydro Pump|p1a: Gallade
|-damage|p1a: Gallade|51\/278
|
|-heal|p2a: Rotom-Wash|245\/303|[from] item: Leftovers
|turn|12
|
|switch|p2a: Landorus-Therian|Landorus-Therian, M|135\/319
|-damage|p2a: Landorus-Therian|96\/319|[from] Stealth Rock
|-ability|p2a: Landorus-Therian|Intimidate|[of] p1a: Gallade
|-unboost|p1a: Gallade|atk|1
|move|p1a: Gallade|Close Combat|p2a: Landorus-Therian
|-resisted|p2a: Landorus-Therian
|-damage|p2a: Landorus-Therian|0 fnt
|-unboost|p1a: Gallade|def|1
|-unboost|p1a: Gallade|spd|1
|faint|p2a: Landorus-Therian
|
|
|switch|p2a: Pinsir|Pinsir, M|271\/271
|-damage|p2a: Pinsir|204\/271|[from] Stealth Rock
|turn|13
|
|detailschange|p2a: Pinsir|Pinsir-Mega, M
|-mega|p2a: Pinsir|Pinsir|Pinsirite
|move|p2a: Pinsir|Quick Attack|p1a: Gallade
|-supereffective|p1a: Gallade
|-damage|p1a: Gallade|0 fnt
|faint|p1a: Gallade
|
|
|switch|p1a: Latios|Latios, M|266\/301
|turn|14
|
|switch|p2a: Clefable|Clefable, M|394\/394
|move|p1a: Latios|Draco Meteor|p2a: Clefable
|-immune|p2a: Clefable|[msg]
|
|-heal|p1a: Latios|284\/301|[from] item: Leftovers
|turn|15
|
|switch|p1a: Klefki|Klefki, M|318\/318
|switch|p2a: Heatran|Heatran, M|385\/385
|-damage|p2a: Heatran|337\/385|[from] Stealth Rock
|
|-heal|p2a: Heatran|361\/385|[from] item: Leftovers
|turn|16
|
|move|p1a: Klefki|Thunder Wave|p2a: Heatran
|-status|p2a: Heatran|par
|move|p2a: Heatran|Lava Plume|p1a: Klefki
|-supereffective|p1a: Klefki
|-damage|p1a: Klefki|148\/318
|-status|p1a: Klefki|brn
|
|-heal|p1a: Klefki|167\/318 brn|[from] item: Leftovers
|-heal|p2a: Heatran|385\/385 par|[from] item: Leftovers
|-damage|p1a: Klefki|128\/318 brn|[from] brn
|turn|17
|
|move|p1a: Klefki|Spikes|p2a: Heatran
|-sidestart|p2: Scarlet Briar|Spikes
|move|p2a: Heatran|Lava Plume|p1a: Klefki
|-supereffective|p1a: Klefki
|-damage|p1a: Klefki|0 fnt
|faint|p1a: Klefki
|
|
|switch|p1a: Keldeo|Keldeo|323\/323
|turn|18
|
|switch|p2a: Clefable|Clefable, M|394\/394
|move|p1a: Keldeo|Hydro Pump|p2a: Clefable|[miss]
|-miss|p1a: Keldeo|p2a: Clefable
|
|turn|19
|c|ânapty|of course
|
|move|p1a: Keldeo|Hydro Pump|p2a: Clefable
|-damage|p2a: Clefable|133\/394
|move|p2a: Clefable|Moonblast|p1a: Keldeo
|-supereffective|p1a: Keldeo
|-damage|p1a: Keldeo|83\/323
|
|turn|20
|
|move|p1a: Keldeo|Hydro Pump|p2a: Clefable|[miss]
|-miss|p1a: Keldeo|p2a: Clefable
|move|p2a: Clefable|Moonblast|p1a: Keldeo
|-supereffective|p1a: Keldeo
|-damage|p1a: Keldeo|0 fnt
|faint|p1a: Keldeo
|
|c|ânapty|of course
|
|switch|p1a: Latios|Latios, M|284\/301
|turn|21
|
|move|p1a: Latios|Psyshock|p2a: Clefable
|-damage|p2a: Clefable|0 fnt
|faint|p2a: Clefable
|
|-heal|p1a: Latios|301\/301|[from] item: Leftovers
|
|switch|p2a: Heatran|Heatran, M|385\/385 par
|-damage|p2a: Heatran|337\/385 par|[from] Stealth Rock
|-damage|p2a: Heatran|289\/385 par|[from] Spikes
|turn|22
|leave|Scarlet Briar
|join|Scarlet Briar
|player|p2
|player|p2|Scarlet Briar|161
|
|move|p1a: Latios|Psyshock|p2a: Heatran
|-resisted|p2a: Heatran
|-damage|p2a: Heatran|222\/385 par
|move|p2a: Heatran|Lava Plume|p1a: Latios
|-resisted|p1a: Latios
|-damage|p1a: Latios|243\/301
|-status|p1a: Latios|brn
|
|-heal|p1a: Latios|261\/301 brn|[from] item: Leftovers
|-heal|p2a: Heatran|246\/385 par|[from] item: Leftovers
|-damage|p1a: Latios|224\/301 brn|[from] brn
|turn|23
|c|ânapty|damn, you get a burn each time you use this stupid move
|c|âScarlet Briar|not on gallade
|
|switch|p1a: Landorus-Therian|Landorus-Therian, M|242\/382 brn
|-ability|p1a: Landorus-Therian|Intimidate|[of] p2a: Heatran
|-unboost|p2a: Heatran|atk|1
|move|p2a: Heatran|Protect|p2a: Heatran
|-fail|p2a: Heatran
|
|-heal|p1a: Landorus-Therian|265\/382 brn|[from] item: Leftovers
|-heal|p2a: Heatran|270\/385 par|[from] item: Leftovers
|-damage|p1a: Landorus-Therian|218\/382 brn|[from] brn
|turn|24
|c|ânapty|i dont care man this is ridiculous
|
|switch|p2a: Rotom-Wash|Rotom-Wash|245\/303
|-damage|p2a: Rotom-Wash|208\/303|[from] Stealth Rock
|move|p1a: Landorus-Therian|Earthquake|p2a: Rotom-Wash
|-immune|p2a: Rotom-Wash|[msg]
|
|-heal|p1a: Landorus-Therian|241\/382 brn|[from] item: Leftovers
|-heal|p2a: Rotom-Wash|226\/303|[from] item: Leftovers
|-damage|p1a: Landorus-Therian|194\/382 brn|[from] brn
|turn|25
|
|move|p1a: Landorus-Therian|U-turn|p2a: Rotom-Wash
|-damage|p2a: Rotom-Wash|199\/303
|c|âScarlet Briar|i'm glad i at least reconnected
|c|ânapty|your team relies on hax to work
|c|âScarlet Briar|ok
|
|switch|p1a: Latios|Latios, M|224\/301 brn
|move|p2a: Rotom-Wash|Hydro Pump|p1a: Latios
|-resisted|p1a: Latios
|-damage|p1a: Latios|164\/301 brn
|
|-heal|p1a: Latios|182\/301 brn|[from] item: Leftovers
|-heal|p2a: Rotom-Wash|217\/303|[from] item: Leftovers
|-damage|p1a: Latios|145\/301 brn|[from] brn
|turn|26
|c|ânapty|this is complete garbage
|
|switch|p2a: Heatran|Heatran, M|270\/385 par
|-damage|p2a: Heatran|222\/385 par|[from] Stealth Rock
|-damage|p2a: Heatran|174\/385 par|[from] Spikes
|move|p1a: Latios|Draco Meteor|p2a: Heatran
|-resisted|p2a: Heatran
|-damage|p2a: Heatran|86\/385 par
|-unboost|p1a: Latios|spa|2
|
|-heal|p1a: Latios|163\/301 brn|[from] item: Leftovers
|-heal|p2a: Heatran|110\/385 par|[from] item: Leftovers
|-damage|p1a: Latios|126\/301 brn|[from] brn
|turn|27
|
|switch|p1a: Landorus-Therian|Landorus-Therian, M|194\/382 brn
|-ability|p1a: Landorus-Therian|Intimidate|[of] p2a: Heatran
|-unboost|p2a: Heatran|atk|1
|move|p2a: Heatran|Lava Plume|p1a: Landorus-Therian
|-damage|p1a: Landorus-Therian|49\/382 brn
|
|-heal|p1a: Landorus-Therian|72\/382 brn|[from] item: Leftovers
|-heal|p2a: Heatran|134\/385 par|[from] item: Leftovers
|-damage|p1a: Landorus-Therian|25\/382 brn|[from] brn
|turn|28
|c|ânapty|i wouldve won if you hadn't dodge these stupid hydro pump two times in a row
|
|move|p2a: Heatran|Protect|p2a: Heatran
|-singleturn|p2a: Heatran|Protect
|move|p1a: Landorus-Therian|Earthquake|p2a: Heatran
|-activate|p2a: Heatran|Protect
|
|-heal|p1a: Landorus-Therian|48\/382 brn|[from] item: Leftovers
|-heal|p2a: Heatran|158\/385 par|[from] item: Leftovers
|-damage|p1a: Landorus-Therian|1\/382 brn|[from] brn
|turn|29
|c|âScarlet Briar|sorry
|c|âScarlet Briar|use scald or surf
|c|ânapty|i wish i could
|c|ânapty|but they are too weak
|c|âScarlet Briar|missing is weaker
|
|switch|p2a: Rotom-Wash|Rotom-Wash|217\/303
|-damage|p2a: Rotom-Wash|180\/303|[from] Stealth Rock
|move|p1a: Landorus-Therian|Earthquake|p2a: Rotom-Wash
|-immune|p2a: Rotom-Wash|[msg]
|
|-heal|p1a: Landorus-Therian|24\/382 brn|[from] item: Leftovers
|-heal|p2a: Rotom-Wash|198\/303|[from] item: Leftovers
|-damage|p1a: Landorus-Therian|0 fnt|[from] brn
|faint|p1a: Landorus-Therian
|c|ânapty|but damn, hpump isn't supposed to miss that much
|c|ânapty|this is stupid
|
|switch|p1a: Latios|Latios, M|126\/301 brn
|turn|30
|c|âScarlet Briar|i was using fire blast on clefable but it missed too much
|c|âScarlet Briar|switched
|
|switch|p2a: Latias|Latias, F|264\/301
|-damage|p2a: Latias|227\/301|[from] Stealth Rock
|move|p1a: Latios|Draco Meteor|p2a: Latias|[miss]
|-miss|p1a: Latios|p2a: Latias
|
|-heal|p1a: Latios|144\/301 brn|[from] item: Leftovers
|-damage|p1a: Latios|107\/301 brn|[from] brn
|turn|31
|c|âScarlet Briar|i think i lost anyways
|c|ânapty|goddamit
|c|ânapty|how is this even possible
|
|move|p1a: Latios|Draco Meteor|p2a: Latias
|-supereffective|p2a: Latias
|-damage|p2a: Latias|0 fnt
|-unboost|p1a: Latios|spa|2
|faint|p2a: Latias
|
|-heal|p1a: Latios|125\/301 brn|[from] item: Leftovers
|-damage|p1a: Latios|88\/301 brn|[from] brn
|c|ânapty|damn
|c|ânapty|im really going to kill myself right after this battle, i swear
|
|switch|p2a: Pinsir|Pinsir-Mega, M|204\/271
|-damage|p2a: Pinsir|69\/271|[from] Stealth Rock
|turn|32
|
|move|p2a: Pinsir|Quick Attack|p1a: Latios
|-damage|p1a: Latios|0 fnt
|faint|p1a: Latios
|
|c|âScarlet Briar|lol
|c|âScarlet Briar|you sound like my friend
|
|switch|p1a: Bisharp|Bisharp, M|271\/271
|turn|33
|c|ânapty|lol
|
|move|p2a: Pinsir|Quick Attack|p1a: Bisharp
|-resisted|p1a: Bisharp
|-damage|p1a: Bisharp|214\/271
|move|p1a: Bisharp|Sucker Punch|p2a: Pinsir
|-fail|p2a: Pinsir
|
|turn|34
|c|ânapty|damn
|
|move|p1a: Bisharp|Sucker Punch|p2a: Pinsir
|-damage|p2a: Pinsir|0 fnt
|faint|p2a: Pinsir
|
|c|âScarlet Briar|he has CoD and the sniper playlist is supposed to be all one shot kills
|
|switch|p2a: Rotom-Wash|Rotom-Wash|198\/303
|-damage|p2a: Rotom-Wash|161\/303|[from] Stealth Rock
|turn|35
|c|âScarlet Briar|and he just gets hits on people
|c|ânapty|ok
|
|move|p1a: Bisharp|Knock Off|p2a: Rotom-Wash
|-damage|p2a: Rotom-Wash|25\/303
|-enditem|p2a: Rotom-Wash|Leftovers|[from] move: Knock Off|[of] p1a: Bisharp
|move|p2a: Rotom-Wash|Will-O-Wisp|p1a: Bisharp
|-status|p1a: Bisharp|brn
|
|-damage|p1a: Bisharp|181\/271 brn|[from] brn
|turn|36
|c|ânapty|i dont play cod
|c|ânapty|i wish i had these stupid sunglasses
|
|move|p1a: Bisharp|Knock Off|p2a: Rotom-Wash
|-damage|p2a: Rotom-Wash|0 fnt
|faint|p2a: Rotom-Wash
|
|-damage|p1a: Bisharp|148\/271 brn|[from] brn
|c|ânapty|to hit harder with knock off
|c|ânapty|but instead i just slap a stupid assault vest on this thing
|c|ânapty|damn
|
|switch|p2a: Heatran|Heatran, M|158\/385 par
|-damage|p2a: Heatran|110\/385 par|[from] Spikes
|-damage|p2a: Heatran|62\/385 par|[from] Stealth Rock
|turn|37
|c|ânapty|of course you're going to double protect
|c|ânapty|of course it's going to work
|c|âScarlet Briar|it won't
|c|ânapty|of course my knock off won't ko
|c|âScarlet Briar|i'm paralyzed
|
|cant|p2a: Heatran|par
|move|p1a: Bisharp|Knock Off|p2a: Heatran
|-damage|p2a: Heatran|0 fnt
|-enditem|p2a: Heatran|Leftovers|[from] move: Knock Off|[of] p1a: Bisharp
|faint|p2a: Heatran
|
|win|napty
|raw|Ladder updating...
|raw|napty's rating: 1423 &rarr; <strong>1441<\/strong><br \/>(+18 for winning)
|raw|Scarlet Briar's rating: 1394 &rarr; <strong>1375<\/strong><br \/>(-19 for losing)
|c|ânapty|you don't even get fully paralyzed once
|c|âScarlet Briar|i think it's strong enough
|c|âScarlet Briar|yea
|c|ânapty|wow
|c|ânapty|finally
|c|ânapty|imma stay alive
|c|âScarlet Briar|lol
|c|ânapty|gg
|c|âScarlet Briar|gg
|leave|napty
|join|napty
|leave|Scarlet Briar
|player|p1
|player|p2