|join|napty
|join|theslothmaster98
|player|p1|napty|287
|player|p2|theslothmaster98|137
|gametype|singles
|gen|6
|tier|OU (suspect test)
|rated
|clearpoke
|poke|p1|Landorus-Therian, M
|poke|p1|Gallade, M
|poke|p1|Keldeo-Resolute
|poke|p1|Bisharp, M
|poke|p1|Clefable, M
|poke|p1|Heatran, F
|poke|p2|Metagross, shiny
|poke|p2|Clefable, M
|poke|p2|Rotom-Wash, shiny
|poke|p2|Klefki, M
|poke|p2|Landorus-Therian, M
|poke|p2|Garchomp, M
|rule|Swagger Clause: Swagger is banned
|rule|Baton Pass Clause: Limit one PokÃ©mon knowing Baton Pass
|rule|Sleep Clause Mod: Limit one foe put to sleep
|rule|Species Clause: Limit one of each PokÃ©mon
|rule|OHKO Clause: OHKO moves are banned
|rule|Moody Clause: Moody is banned
|rule|Evasion Moves Clause: Evasion moves are banned
|rule|Endless Battle Clause: Forcing endless battles is banned
|rule|HP Percentage Mod: HP is shown in percentages
|teampreview
|c|ânapty|hiiiiiii
|
|start
|switch|p1a: Clefable|Clefable, M|394\/394
|switch|p2a: Rotom-Wash|Rotom-Wash, shiny|304\/304
|turn|1
|
|move|p2a: Rotom-Wash|Volt Switch|p1a: Clefable
|-damage|p1a: Clefable|312\/394
|
|switch|p2a: Metagross|Metagross, shiny|364\/364
|move|p1a: Clefable|Thunder Wave|p2a: Metagross
|-status|p2a: Metagross|par
|
|-heal|p1a: Clefable|336\/394|[from] item: Leftovers
|turn|2
|c|âtheslothmaster98|hi
|
|detailschange|p2a: Metagross|Metagross-Mega, shiny
|-mega|p2a: Metagross|Metagross|Metagrossite
|move|p1a: Clefable|Protect|p1a: Clefable
|-singleturn|p1a: Clefable|Protect
|move|p2a: Metagross|Meteor Mash|p1a: Clefable
|-activate|p1a: Clefable|Protect
|
|-heal|p1a: Clefable|360\/394|[from] item: Leftovers
|turn|3
|c|ânapty|how's lufe
|c|ânapty|lyf*
|c|âtheslothmaster98|fine and urs?
|c|ânapty|same :]
|
|switch|p1a: Landorus-Therian|Landorus-Therian, M|382\/382
|-ability|p1a: Landorus-Therian|Intimidate|[of] p2a: Metagross
|-unboost|p2a: Metagross|atk|1
|move|p2a: Metagross|Meteor Mash|p1a: Landorus-Therian
|-damage|p1a: Landorus-Therian|249\/382
|-boost|p2a: Metagross|atk|1
|
|-heal|p1a: Landorus-Therian|272\/382|[from] item: Leftovers
|turn|4
|
|move|p1a: Landorus-Therian|U-turn|p2a: Metagross
|-damage|p2a: Metagross|306\/364 par
|
|switch|p1a: Bisharp|Bisharp, M|271\/271
|move|p2a: Metagross|Meteor Mash|p1a: Bisharp
|-resisted|p1a: Bisharp
|-damage|p1a: Bisharp|133\/271
|
|turn|5
|
|move|p1a: Bisharp|Pursuit|p2a: Metagross
|-supereffective|p2a: Metagross
|-damage|p2a: Metagross|178\/364 par
|move|p2a: Metagross|Meteor Mash|p1a: Bisharp|[miss]
|-miss|p2a: Metagross|p1a: Bisharp
|
|turn|6
|
|move|p1a: Bisharp|Knock Off|p2a: Metagross
|-crit|p2a: Metagross
|-supereffective|p2a: Metagross
|-damage|p2a: Metagross|0 fnt
|faint|p2a: Metagross
|
|
|switch|p2a: Landorus-Therian|Landorus-Therian, M|382\/382
|-ability|p2a: Landorus-Therian|Intimidate|[of] p1a: Bisharp
|-unboost|p1a: Bisharp|atk|1
|-boost|p1a: Bisharp|atk|2|[from] ability: Defiant
|turn|7
|
|switch|p1a: Landorus-Therian|Landorus-Therian, M|272\/382
|-ability|p1a: Landorus-Therian|Intimidate|[of] p2a: Landorus-Therian
|-unboost|p2a: Landorus-Therian|atk|1
|move|p2a: Landorus-Therian|Earthquake|p1a: Landorus-Therian
|-immune|p1a: Landorus-Therian|[msg]
|
|-heal|p1a: Landorus-Therian|295\/382|[from] item: Leftovers
|turn|8
|
|move|p1a: Landorus-Therian|Stealth Rock|p2a: Landorus-Therian
|-sidestart|p2: theslothmaster98|move: Stealth Rock
|move|p2a: Landorus-Therian|Knock Off|p1a: Landorus-Therian
|-damage|p1a: Landorus-Therian|242\/382
|-enditem|p1a: Landorus-Therian|Leftovers|[from] move: Knock Off|[of] p2a: Landorus-Therian
|
|turn|9
|
|move|p1a: Landorus-Therian|U-turn|p2a: Landorus-Therian
|-resisted|p2a: Landorus-Therian
|-damage|p2a: Landorus-Therian|351\/382
|
|switch|p1a: Keldeo-Resolute|Keldeo-Resolute|323\/323
|move|p2a: Landorus-Therian|Stealth Rock|p1a: Keldeo-Resolute
|-sidestart|p1: napty|move: Stealth Rock
|
|-heal|p2a: Landorus-Therian|374\/382|[from] item: Leftovers
|turn|10
|
|switch|p2a: Rotom-Wash|Rotom-Wash, shiny|304\/304
|-damage|p2a: Rotom-Wash|266\/304|[from] Stealth Rock
|move|p1a: Keldeo-Resolute|Hydro Pump|p2a: Rotom-Wash|[miss]
|-miss|p1a: Keldeo-Resolute|p2a: Rotom-Wash
|
|-heal|p2a: Rotom-Wash|285\/304|[from] item: Leftovers
|turn|11
|
|switch|p1a: Clefable|Clefable, M|360\/394
|move|p2a: Rotom-Wash|Will-O-Wisp|p1a: Clefable|[miss]
|-miss|p2a: Rotom-Wash|p1a: Clefable
|
|-heal|p2a: Rotom-Wash|304\/304|[from] item: Leftovers
|-heal|p1a: Clefable|384\/394|[from] item: Leftovers
|turn|12
|c|ânapty|lol, what a haxy game
|
|move|p2a: Rotom-Wash|Volt Switch|p1a: Clefable
|-damage|p1a: Clefable|311\/394
|c|âtheslothmaster98|yeah xD
|
|switch|p2a: Landorus-Therian|Landorus-Therian, M|374\/382
|-damage|p2a: Landorus-Therian|327\/382|[from] Stealth Rock
|-ability|p2a: Landorus-Therian|Intimidate|[of] p1a: Clefable
|-unboost|p1a: Clefable|atk|1
|move|p1a: Clefable|Wish|p1a: Clefable
|
|-heal|p2a: Landorus-Therian|350\/382|[from] item: Leftovers
|-heal|p1a: Clefable|335\/394|[from] item: Leftovers
|turn|13
|
|switch|p1a: Landorus-Therian|Landorus-Therian, M|242\/382
|-damage|p1a: Landorus-Therian|195\/382|[from] Stealth Rock
|-ability|p1a: Landorus-Therian|Intimidate|[of] p2a: Landorus-Therian
|-unboost|p2a: Landorus-Therian|atk|1
|move|p2a: Landorus-Therian|Earthquake|p1a: Landorus-Therian
|-immune|p1a: Landorus-Therian|[msg]
|
|-heal|p1a: Landorus-Therian|382\/382|[from] move: Wish|[wisher] Clefable
|-heal|p2a: Landorus-Therian|373\/382|[from] item: Leftovers
|turn|14
|
|move|p1a: Landorus-Therian|Stone Edge|p2a: Landorus-Therian
|-damage|p2a: Landorus-Therian|282\/382
|move|p2a: Landorus-Therian|U-turn|p1a: Landorus-Therian
|-resisted|p1a: Landorus-Therian
|-damage|p1a: Landorus-Therian|361\/382
|
|switch|p2a: Rotom-Wash|Rotom-Wash, shiny|304\/304
|-damage|p2a: Rotom-Wash|266\/304|[from] Stealth Rock
|
|-heal|p2a: Rotom-Wash|285\/304|[from] item: Leftovers
|turn|15
|
|move|p1a: Landorus-Therian|U-turn|p2a: Rotom-Wash
|-damage|p2a: Rotom-Wash|219\/304
|
|switch|p1a: Clefable|Clefable, M|335\/394
|move|p2a: Rotom-Wash|Volt Switch|p1a: Clefable
|-damage|p1a: Clefable|260\/394
|
|switch|p2a: Clefable|Clefable, M|394\/394
|
|-heal|p1a: Clefable|284\/394|[from] item: Leftovers
|turn|16
|
|move|p1a: Clefable|Thunder Wave|p2a: Clefable
|-status|p2a: Clefable|par
|move|p2a: Clefable|Moonblast|p1a: Clefable
|-damage|p1a: Clefable|182\/394
|-unboost|p1a: Clefable|spa|1
|
|-heal|p1a: Clefable|206\/394|[from] item: Leftovers
|turn|17
|
|move|p1a: Clefable|Wish|p1a: Clefable
|move|p2a: Clefable|Calm Mind|p2a: Clefable
|-boost|p2a: Clefable|spa|1
|-boost|p2a: Clefable|spd|1
|
|-heal|p1a: Clefable|230\/394|[from] item: Leftovers
|turn|18
|
|move|p1a: Clefable|Moonblast|p2a: Clefable
|-damage|p2a: Clefable|358\/394 par
|cant|p2a: Clefable|par
|
|-heal|p1a: Clefable|394\/394|[from] move: Wish|[wisher] Clefable
|-heal|p2a: Clefable|382\/394 par|[from] item: Leftovers
|turn|19
|
|switch|p1a: Heatran|Heatran, F|323\/323
|-damage|p1a: Heatran|283\/323|[from] Stealth Rock
|cant|p2a: Clefable|par
|
|-heal|p2a: Clefable|394\/394 par|[from] item: Leftovers
|turn|20
|
|switch|p2a: Rotom-Wash|Rotom-Wash, shiny|219\/304
|-damage|p2a: Rotom-Wash|181\/304|[from] Stealth Rock
|move|p1a: Heatran|Flash Cannon|p2a: Rotom-Wash
|-resisted|p2a: Rotom-Wash
|-damage|p2a: Rotom-Wash|155\/304
|
|-heal|p2a: Rotom-Wash|174\/304|[from] item: Leftovers
|turn|21
|
|switch|p1a: Clefable|Clefable, M|394\/394
|move|p2a: Rotom-Wash|Pain Split|p1a: Clefable
|-sethp|p1a: Clefable|284\/394|p2a: Rotom-Wash|284\/304|[from] move: Pain Split
|
|-heal|p2a: Rotom-Wash|303\/304|[from] item: Leftovers
|-heal|p1a: Clefable|308\/394|[from] item: Leftovers
|turn|22
|
|move|p2a: Rotom-Wash|Will-O-Wisp|p1a: Clefable
|-status|p1a: Clefable|brn
|move|p1a: Clefable|Moonblast|p2a: Rotom-Wash
|-damage|p2a: Rotom-Wash|233\/304
|
|-heal|p2a: Rotom-Wash|252\/304|[from] item: Leftovers
|-heal|p1a: Clefable|332\/394 brn|[from] item: Leftovers
|turn|23
|
|move|p2a: Rotom-Wash|Volt Switch|p1a: Clefable
|-damage|p1a: Clefable|250\/394 brn
|
|switch|p2a: Klefki|Klefki, M|318\/318
|-damage|p2a: Klefki|299\/318|[from] Stealth Rock
|move|p1a: Clefable|Wish|p1a: Clefable
|
|-heal|p2a: Klefki|318\/318|[from] item: Leftovers
|-heal|p1a: Clefable|274\/394 brn|[from] item: Leftovers
|turn|24
|
|switch|p1a: Bisharp|Bisharp, M|133\/271
|-damage|p1a: Bisharp|117\/271|[from] Stealth Rock
|move|p2a: Klefki|Iron Defense|p2a: Klefki
|-boost|p2a: Klefki|def|2
|
|-heal|p1a: Bisharp|271\/271|[from] move: Wish|[wisher] Clefable
|turn|25
|c|ânapty|what is dis
|
|move|p2a: Klefki|Thunder Wave|p1a: Bisharp
|-status|p1a: Bisharp|par
|move|p1a: Bisharp|Knock Off|p2a: Klefki
|-resisted|p2a: Klefki
|-damage|p2a: Klefki|258\/318
|-enditem|p2a: Klefki|Leftovers|[from] move: Knock Off|[of] p1a: Bisharp
|
|turn|26
|
|move|p2a: Klefki|Foul Play|p1a: Bisharp
|-resisted|p1a: Bisharp
|-damage|p1a: Bisharp|213\/271 par
|move|p1a: Bisharp|Iron Head|p2a: Klefki
|-damage|p2a: Klefki|173\/318
|
|turn|27
|
|switch|p1a: Clefable|Clefable, M|274\/394 brn
|move|p2a: Klefki|Iron Defense|p2a: Klefki
|-boost|p2a: Klefki|def|2
|
|-heal|p1a: Clefable|298\/394 brn|[from] item: Leftovers
|turn|28
|c|ânapty|i used magnet rise on Klefki back to last week.
|
|switch|p2a: Landorus-Therian|Landorus-Therian, M|282\/382
|-damage|p2a: Landorus-Therian|235\/382|[from] Stealth Rock
|-ability|p2a: Landorus-Therian|Intimidate|[of] p1a: Clefable
|-unboost|p1a: Clefable|atk|1
|move|p1a: Clefable|Wish|p1a: Clefable
|
|-heal|p2a: Landorus-Therian|258\/382|[from] item: Leftovers
|-heal|p1a: Clefable|322\/394 brn|[from] item: Leftovers
|turn|29
|c|âtheslothmaster98|mine have it xD
|c|ânapty|really? what's the point of iron defense then?
|c|âtheslothmaster98|be annoying
|c|âtheslothmaster98|i was thinking y light screen
|
|switch|p1a: Keldeo-Resolute|Keldeo-Resolute|323\/323
|-damage|p1a: Keldeo-Resolute|303\/323|[from] Stealth Rock
|move|p2a: Landorus-Therian|U-turn|p1a: Keldeo-Resolute
|-crit|p1a: Keldeo-Resolute
|-resisted|p1a: Keldeo-Resolute
|-damage|p1a: Keldeo-Resolute|240\/323
|
|switch|p2a: Clefable|Clefable, M|394\/394 par
|
|-heal|p1a: Keldeo-Resolute|323\/323|[from] move: Wish|[wisher] Clefable
|turn|30
|
|move|p1a: Keldeo-Resolute|Hydro Pump|p2a: Clefable
|-damage|p2a: Clefable|177\/394 par
|move|p2a: Clefable|Moonblast|p1a: Keldeo-Resolute
|-supereffective|p1a: Keldeo-Resolute
|-damage|p1a: Keldeo-Resolute|95\/323
|-unboost|p1a: Keldeo-Resolute|spa|1
|
|-heal|p2a: Clefable|201\/394 par|[from] item: Leftovers
|turn|31
|
|switch|p1a: Bisharp|Bisharp, M|213\/271 par
|-damage|p1a: Bisharp|197\/271 par|[from] Stealth Rock
|switch|p2a: Rotom-Wash|Rotom-Wash, shiny|252\/304
|-damage|p2a: Rotom-Wash|214\/304|[from] Stealth Rock
|
|-heal|p2a: Rotom-Wash|233\/304|[from] item: Leftovers
|turn|32
|
|move|p2a: Rotom-Wash|Volt Switch|p1a: Bisharp
|-damage|p1a: Bisharp|82\/271 par
|
|switch|p2a: Landorus-Therian|Landorus-Therian, M|258\/382
|-damage|p2a: Landorus-Therian|211\/382|[from] Stealth Rock
|-ability|p2a: Landorus-Therian|Intimidate|[of] p1a: Bisharp
|-unboost|p1a: Bisharp|atk|1
|-boost|p1a: Bisharp|atk|2|[from] ability: Defiant
|cant|p1a: Bisharp|par
|
|-heal|p2a: Landorus-Therian|234\/382|[from] item: Leftovers
|turn|33
|
|move|p1a: Bisharp|Sucker Punch|p2a: Landorus-Therian
|-damage|p2a: Landorus-Therian|24\/382
|move|p2a: Landorus-Therian|Earthquake|p1a: Bisharp
|-crit|p1a: Bisharp
|-supereffective|p1a: Bisharp
|-damage|p1a: Bisharp|0 fnt
|faint|p1a: Bisharp
|
|-heal|p2a: Landorus-Therian|47\/382|[from] item: Leftovers
|
|switch|p1a: Keldeo-Resolute|Keldeo-Resolute|95\/323
|-damage|p1a: Keldeo-Resolute|75\/323|[from] Stealth Rock
|turn|34
|
|move|p1a: Keldeo-Resolute|Secret Sword|p2a: Landorus-Therian
|-resisted|p2a: Landorus-Therian
|-damage|p2a: Landorus-Therian|0 fnt
|faint|p2a: Landorus-Therian
|
|
|switch|p2a: Clefable|Clefable, M|201\/394 par
|turn|35
|
|switch|p1a: Heatran|Heatran, F|283\/323
|-damage|p1a: Heatran|243\/323|[from] Stealth Rock
|move|p2a: Clefable|Soft-Boiled|p2a: Clefable
|-heal|p2a: Clefable|394\/394 par
|
|turn|36
|
|switch|p2a: Rotom-Wash|Rotom-Wash, shiny|233\/304
|-damage|p2a: Rotom-Wash|195\/304|[from] Stealth Rock
|move|p1a: Heatran|Will-O-Wisp|p2a: Rotom-Wash|[miss]
|-miss|p1a: Heatran|p2a: Rotom-Wash
|
|-heal|p2a: Rotom-Wash|214\/304|[from] item: Leftovers
|turn|37
|c|ânapty|fuck it
|
|switch|p1a: Clefable|Clefable, M|322\/394 brn
|move|p2a: Rotom-Wash|Hydro Pump|p1a: Clefable
|-damage|p1a: Clefable|198\/394 brn
|
|-heal|p2a: Rotom-Wash|233\/304|[from] item: Leftovers
|-heal|p1a: Clefable|222\/394 brn|[from] item: Leftovers
|turn|38
|
|move|p2a: Rotom-Wash|Hydro Pump|p1a: Clefable
|-damage|p1a: Clefable|93\/394 brn
|move|p1a: Clefable|Wish|p1a: Clefable
|
|-heal|p2a: Rotom-Wash|252\/304|[from] item: Leftovers
|-heal|p1a: Clefable|117\/394 brn|[from] item: Leftovers
|turn|39
|
|move|p1a: Clefable|Protect|p1a: Clefable
|-singleturn|p1a: Clefable|Protect
|move|p2a: Rotom-Wash|Hydro Pump|p1a: Clefable
|-activate|p1a: Clefable|Protect
|
|-heal|p1a: Clefable|314\/394 brn|[from] move: Wish|[wisher] Clefable
|-heal|p2a: Rotom-Wash|271\/304|[from] item: Leftovers
|-heal|p1a: Clefable|338\/394 brn|[from] item: Leftovers
|turn|40
|
|move|p2a: Rotom-Wash|Hydro Pump|p1a: Clefable
|-damage|p1a: Clefable|217\/394 brn
|move|p1a: Clefable|Moonblast|p2a: Rotom-Wash
|-damage|p2a: Rotom-Wash|195\/304
|
|-heal|p2a: Rotom-Wash|214\/304|[from] item: Leftovers
|-heal|p1a: Clefable|241\/394 brn|[from] item: Leftovers
|turn|41
|
|move|p2a: Rotom-Wash|Hydro Pump|p1a: Clefable
|-damage|p1a: Clefable|117\/394 brn
|move|p1a: Clefable|Moonblast|p2a: Rotom-Wash
|-damage|p2a: Rotom-Wash|136\/304
|
|-heal|p2a: Rotom-Wash|155\/304|[from] item: Leftovers
|-heal|p1a: Clefable|141\/394 brn|[from] item: Leftovers
|turn|42
|
|move|p1a: Clefable|Protect|p1a: Clefable
|-singleturn|p1a: Clefable|Protect
|move|p2a: Rotom-Wash|Hydro Pump|p1a: Clefable
|-activate|p1a: Clefable|Protect
|
|-heal|p2a: Rotom-Wash|174\/304|[from] item: Leftovers
|-heal|p1a: Clefable|165\/394 brn|[from] item: Leftovers
|turn|43
|
|move|p2a: Rotom-Wash|Hydro Pump|p1a: Clefable
|-damage|p1a: Clefable|33\/394 brn
|move|p1a: Clefable|Wish|p1a: Clefable
|
|-heal|p2a: Rotom-Wash|193\/304|[from] item: Leftovers
|-heal|p1a: Clefable|57\/394 brn|[from] item: Leftovers
|turn|44
|
|move|p1a: Clefable|Protect|p1a: Clefable
|-singleturn|p1a: Clefable|Protect
|move|p2a: Rotom-Wash|Hydro Pump|p1a: Clefable
|-activate|p1a: Clefable|Protect
|
|-heal|p1a: Clefable|254\/394 brn|[from] move: Wish|[wisher] Clefable
|-heal|p2a: Rotom-Wash|212\/304|[from] item: Leftovers
|-heal|p1a: Clefable|278\/394 brn|[from] item: Leftovers
|turn|45
|
|move|p2a: Rotom-Wash|Volt Switch|p1a: Clefable
|-damage|p1a: Clefable|203\/394 brn
|
|switch|p2a: Clefable|Clefable, M|394\/394 par
|move|p1a: Clefable|Moonblast|p2a: Clefable
|-damage|p2a: Clefable|318\/394 par
|
|-heal|p1a: Clefable|227\/394 brn|[from] item: Leftovers
|-heal|p2a: Clefable|342\/394 par|[from] item: Leftovers
|turn|46
|
|move|p1a: Clefable|Wish|p1a: Clefable
|move|p2a: Clefable|Calm Mind|p2a: Clefable
|-boost|p2a: Clefable|spa|1
|-boost|p2a: Clefable|spd|1
|
|-heal|p1a: Clefable|251\/394 brn|[from] item: Leftovers
|-heal|p2a: Clefable|366\/394 par|[from] item: Leftovers
|turn|47
|
|switch|p1a: Heatran|Heatran, F|243\/323
|-damage|p1a: Heatran|203\/323|[from] Stealth Rock
|move|p2a: Clefable|Calm Mind|p2a: Clefable
|-boost|p2a: Clefable|spa|1
|-boost|p2a: Clefable|spd|1
|
|-heal|p1a: Heatran|323\/323|[from] move: Wish|[wisher] Clefable
|-heal|p2a: Clefable|390\/394 par|[from] item: Leftovers
|turn|48
|
|move|p1a: Heatran|Flash Cannon|p2a: Clefable
|-supereffective|p2a: Clefable
|-damage|p2a: Clefable|282\/394 par
|move|p2a: Clefable|Calm Mind|p2a: Clefable
|-boost|p2a: Clefable|spa|1
|-boost|p2a: Clefable|spd|1
|
|-heal|p2a: Clefable|306\/394 par|[from] item: Leftovers
|turn|49
|
|move|p1a: Heatran|Flash Cannon|p2a: Clefable
|-supereffective|p2a: Clefable
|-damage|p2a: Clefable|222\/394 par
|move|p2a: Clefable|Moonblast|p1a: Heatran
|-resisted|p1a: Heatran
|-damage|p1a: Heatran|257\/323
|
|-heal|p2a: Clefable|246\/394 par|[from] item: Leftovers
|turn|50
|c|ânapty|i have 14 turn to get a crit
|
|move|p1a: Heatran|Flash Cannon|p2a: Clefable
|-supereffective|p2a: Clefable
|-damage|p2a: Clefable|154\/394 par
|move|p2a: Clefable|Calm Mind|p2a: Clefable
|-boost|p2a: Clefable|spa|1
|-boost|p2a: Clefable|spd|1
|
|-heal|p2a: Clefable|178\/394 par|[from] item: Leftovers
|turn|51
|
|move|p1a: Heatran|Flash Cannon|p2a: Clefable
|-supereffective|p2a: Clefable
|-damage|p2a: Clefable|98\/394 par
|move|p2a: Clefable|Soft-Boiled|p2a: Clefable
|-heal|p2a: Clefable|295\/394 par
|
|-heal|p2a: Clefable|319\/394 par|[from] item: Leftovers
|turn|52
|
|move|p1a: Heatran|Flash Cannon|p2a: Clefable
|-supereffective|p2a: Clefable
|-damage|p2a: Clefable|235\/394 par
|move|p2a: Clefable|Moonblast|p1a: Heatran
|-resisted|p1a: Heatran
|-damage|p1a: Heatran|185\/323
|-unboost|p1a: Heatran|spa|1
|
|-heal|p2a: Clefable|259\/394 par|[from] item: Leftovers
|turn|53
|
|move|p1a: Heatran|Flash Cannon|p2a: Clefable
|-supereffective|p2a: Clefable
|-damage|p2a: Clefable|211\/394 par
|move|p2a: Clefable|Calm Mind|p2a: Clefable
|-boost|p2a: Clefable|spa|1
|-boost|p2a: Clefable|spd|1
|
|-heal|p2a: Clefable|235\/394 par|[from] item: Leftovers
|turn|54
|
|move|p1a: Heatran|Flash Cannon|p2a: Clefable
|-supereffective|p2a: Clefable
|-damage|p2a: Clefable|193\/394 par
|move|p2a: Clefable|Soft-Boiled|p2a: Clefable
|-heal|p2a: Clefable|390\/394 par
|
|-heal|p2a: Clefable|394\/394 par|[from] item: Leftovers
|turn|55
|c|ânapty|crits never happen when they are needed
|
|move|p1a: Heatran|Flash Cannon|p2a: Clefable
|-supereffective|p2a: Clefable
|-damage|p2a: Clefable|356\/394 par
|move|p2a: Clefable|Moonblast|p1a: Heatran
|-resisted|p1a: Heatran
|-damage|p1a: Heatran|98\/323
|
|-heal|p2a: Clefable|380\/394 par|[from] item: Leftovers
|turn|56
|
|move|p1a: Heatran|Flash Cannon|p2a: Clefable
|-supereffective|p2a: Clefable
|-damage|p2a: Clefable|336\/394 par
|move|p2a: Clefable|Moonblast|p1a: Heatran
|-resisted|p1a: Heatran
|-damage|p1a: Heatran|14\/323
|-unboost|p1a: Heatran|spa|1
|
|-heal|p2a: Clefable|360\/394 par|[from] item: Leftovers
|turn|57
|
|move|p1a: Heatran|Flash Cannon|p2a: Clefable
|-supereffective|p2a: Clefable
|-damage|p2a: Clefable|324\/394 par
|move|p2a: Clefable|Moonblast|p1a: Heatran
|-resisted|p1a: Heatran
|-damage|p1a: Heatran|0 fnt
|faint|p1a: Heatran
|
|-heal|p2a: Clefable|348\/394 par|[from] item: Leftovers
|c|ânapty|damn, such a stupid game.
|
|switch|p1a: Gallade|Gallade, M|277\/277
|-damage|p1a: Gallade|260\/277|[from] Stealth Rock
|turn|58
|c|âtheslothmaster98|hey, calm down xD
|
|detailschange|p1a: Gallade|Gallade-Mega, M
|-mega|p1a: Gallade|Gallade|Galladite
|move|p1a: Gallade|Zen Headbutt|p2a: Clefable|[miss]
|-miss|p1a: Gallade|p2a: Clefable
|cant|p2a: Clefable|par
|
|-heal|p2a: Clefable|372\/394 par|[from] item: Leftovers
|turn|59
|c|âtheslothmaster98|wow
|c|âtheslothmaster98|that's hax
|c|ânapty|i nearly had a heart attack
|c|âtheslothmaster98|how could it miss the zen headbutt
|c|âtheslothmaster98|dayunm
|c|âtheslothmaster98|you have some pretty bad luck xD
|c|ânapty|ye
|
|move|p1a: Gallade|Zen Headbutt|p2a: Clefable
|-damage|p2a: Clefable|144\/394 par
|move|p2a: Clefable|Moonblast|p1a: Gallade
|-supereffective|p1a: Gallade
|-damage|p1a: Gallade|0 fnt
|faint|p1a: Gallade
|
|-heal|p2a: Clefable|168\/394 par|[from] item: Leftovers
|
|switch|p1a: Landorus-Therian|Landorus-Therian, M|361\/382
|-damage|p1a: Landorus-Therian|314\/382|[from] Stealth Rock
|-ability|p1a: Landorus-Therian|Intimidate|[of] p2a: Clefable
|-unboost|p2a: Clefable|atk|1
|turn|60
|
|move|p1a: Landorus-Therian|Earthquake|p2a: Clefable
|-damage|p2a: Clefable|0 fnt
|faint|p2a: Clefable
|
|
|switch|p2a: Klefki|Klefki, M|173\/318
|-damage|p2a: Klefki|154\/318|[from] Stealth Rock
|turn|61
|
|move|p2a: Klefki|Magnet Rise|p2a: Klefki
|-start|p2a: Klefki|Magnet Rise
|move|p1a: Landorus-Therian|U-turn|p2a: Klefki
|-resisted|p2a: Klefki
|-damage|p2a: Klefki|135\/318
|
|switch|p1a: Clefable|Clefable, M|251\/394 brn
|
|-heal|p1a: Clefable|275\/394 brn|[from] item: Leftovers
|turn|62
|c|ânapty|pls, dont have rest
|c|ânapty|xD
|
|switch|p2a: Rotom-Wash|Rotom-Wash, shiny|212\/304
|-damage|p2a: Rotom-Wash|174\/304|[from] Stealth Rock
|move|p1a: Clefable|Moonblast|p2a: Rotom-Wash
|-damage|p2a: Rotom-Wash|102\/304
|-unboost|p2a: Rotom-Wash|spa|1
|
|-heal|p2a: Rotom-Wash|121\/304|[from] item: Leftovers
|-heal|p1a: Clefable|299\/394 brn|[from] item: Leftovers
|turn|63
|c|âtheslothmaster98|no xD
|c|âtheslothmaster98|that would be too much
|c|âtheslothmaster98|lol
|
|switch|p1a: Keldeo-Resolute|Keldeo-Resolute|75\/323
|-damage|p1a: Keldeo-Resolute|55\/323|[from] Stealth Rock
|move|p2a: Rotom-Wash|Pain Split|p1a: Keldeo-Resolute
|-sethp|p1a: Keldeo-Resolute|88\/323|p2a: Rotom-Wash|88\/304|[from] move: Pain Split
|
|-heal|p2a: Rotom-Wash|107\/304|[from] item: Leftovers
|turn|64
|c|ânapty|lol
|c|âtheslothmaster98|ow
|c|âtheslothmaster98|you got me there xD
|c|ânapty|imma miss again
|
|switch|p2a: Klefki|Klefki, M|135\/318
|-damage|p2a: Klefki|116\/318|[from] Stealth Rock
|move|p1a: Keldeo-Resolute|Hydro Pump|p2a: Klefki
|-damage|p2a: Klefki|0 fnt
|faint|p2a: Klefki
|
|
|switch|p2a: Rotom-Wash|Rotom-Wash, shiny|107\/304
|-damage|p2a: Rotom-Wash|69\/304|[from] Stealth Rock
|turn|65
|c|ânapty|dont miss you stupid pony
|
|move|p1a: Keldeo-Resolute|Hydro Pump|p2a: Rotom-Wash|[miss]
|-miss|p1a: Keldeo-Resolute|p2a: Rotom-Wash
|move|p2a: Rotom-Wash|Volt Switch|p1a: Keldeo-Resolute
|-supereffective|p1a: Keldeo-Resolute
|-damage|p1a: Keldeo-Resolute|0 fnt
|faint|p1a: Keldeo-Resolute
|c|âtheslothmaster98|dayunm
|c|ânapty|._.
|c|âtheslothmaster98|never trust a pony
|
|switch|p2a: Garchomp|Garchomp, M|357\/357
|-damage|p2a: Garchomp|335\/357|[from] Stealth Rock
|
|
|switch|p1a: Landorus-Therian|Landorus-Therian, M|314\/382
|-damage|p1a: Landorus-Therian|267\/382|[from] Stealth Rock
|-ability|p1a: Landorus-Therian|Intimidate|[of] p2a: Garchomp
|-unboost|p2a: Garchomp|atk|1
|turn|66
|
|move|p2a: Garchomp|Outrage|p1a: Landorus-Therian
|-damage|p1a: Landorus-Therian|150\/382
|move|p1a: Landorus-Therian|U-turn|p2a: Garchomp
|-damage|p2a: Garchomp|262\/357
|-damage|p1a: Landorus-Therian|103\/382|[from] ability: Rough Skin|[of] p2a: Garchomp
|
|switch|p1a: Clefable|Clefable, M|299\/394 brn
|
|-heal|p1a: Clefable|323\/394 brn|[from] item: Leftovers
|turn|67
|
|move|p2a: Garchomp|Outrage|p1a: Clefable
|-immune|p1a: Clefable|[msg]
|move|p1a: Clefable|Moonblast|p2a: Garchomp
|-supereffective|p2a: Garchomp
|-damage|p2a: Garchomp|10\/357
|-unboost|p2a: Garchomp|spa|1
|
|-heal|p1a: Clefable|347\/394 brn|[from] item: Leftovers
|turn|68
|c|ânapty|goddamit, this game is so haxy
|
|move|p2a: Garchomp|Outrage|p1a: Clefable
|-immune|p1a: Clefable|[msg]
|move|p1a: Clefable|Moonblast|p2a: Garchomp
|-supereffective|p2a: Garchomp
|-damage|p2a: Garchomp|0 fnt
|faint|p2a: Garchomp
|
|-heal|p1a: Clefable|371\/394 brn|[from] item: Leftovers
|c|âtheslothmaster98|yeah XD
|c|ânapty|i cant believe you dont even complain about it
|c|ânapty|i cant believe you stay calm
|
|switch|p2a: Rotom-Wash|Rotom-Wash, shiny|69\/304
|-damage|p2a: Rotom-Wash|31\/304|[from] Stealth Rock
|turn|69
|c|âtheslothmaster98|hey
|c|âtheslothmaster98|shit happens
|
|switch|p1a: Landorus-Therian|Landorus-Therian, M|103\/382
|-damage|p1a: Landorus-Therian|56\/382|[from] Stealth Rock
|-ability|p1a: Landorus-Therian|Intimidate|[of] p2a: Rotom-Wash
|-unboost|p2a: Rotom-Wash|atk|1
|move|p2a: Rotom-Wash|Pain Split|p1a: Landorus-Therian
|-sethp|p1a: Landorus-Therian|43\/382|p2a: Rotom-Wash|43\/304|[from] move: Pain Split
|
|-heal|p2a: Rotom-Wash|62\/304|[from] item: Leftovers
|turn|70
|c|ânapty|i know this is just a game but hell
|
|move|p1a: Landorus-Therian|Stone Edge|p2a: Rotom-Wash|[miss]
|-miss|p1a: Landorus-Therian|p2a: Rotom-Wash
|move|p2a: Rotom-Wash|Will-O-Wisp|p1a: Landorus-Therian
|-status|p1a: Landorus-Therian|brn
|
|-heal|p2a: Rotom-Wash|81\/304|[from] item: Leftovers
|-damage|p1a: Landorus-Therian|0 fnt|[from] brn
|faint|p1a: Landorus-Therian
|c|ânapty|fuck man
|c|âtheslothmaster98|wat
|c|ânapty|i miss again
|
|switch|p1a: Clefable|Clefable, M|371\/394 brn
|turn|71
|c|âtheslothmaster98|you win anyways xD
|c|âtheslothmaster98|dat clefable
|c|ânapty|i dont lol
|
|move|p2a: Rotom-Wash|Pain Split|p1a: Clefable
|-sethp|p1a: Clefable|226\/394 brn|p2a: Rotom-Wash|226\/304|[from] move: Pain Split
|move|p1a: Clefable|Moonblast|p2a: Rotom-Wash
|-damage|p2a: Rotom-Wash|150\/304
|
|-heal|p2a: Rotom-Wash|169\/304|[from] item: Leftovers
|-heal|p1a: Clefable|250\/394 brn|[from] item: Leftovers
|turn|72
|c|âtheslothmaster98|I only have volt switch
|c|ânapty|i only have moonblast
|
|move|p2a: Rotom-Wash|Volt Switch|p1a: Clefable
|-damage|p1a: Clefable|177\/394 brn
|move|p1a: Clefable|Moonblast|p2a: Rotom-Wash
|-damage|p2a: Rotom-Wash|99\/304
|-unboost|p2a: Rotom-Wash|spa|1
|
|-heal|p2a: Rotom-Wash|118\/304|[from] item: Leftovers
|-heal|p1a: Clefable|201\/394 brn|[from] item: Leftovers
|turn|73
|c|âtheslothmaster98|wat
|c|âtheslothmaster98|dayunm
|c|âtheslothmaster98|this is madness
|
|move|p2a: Rotom-Wash|Pain Split|p1a: Clefable
|-sethp|p1a: Clefable|159\/394 brn|p2a: Rotom-Wash|159\/304|[from] move: Pain Split
|move|p1a: Clefable|Moonblast|p2a: Rotom-Wash
|-damage|p2a: Rotom-Wash|87\/304
|
|-heal|p2a: Rotom-Wash|106\/304|[from] item: Leftovers
|-heal|p1a: Clefable|183\/394 brn|[from] item: Leftovers
|turn|74
|c|ânapty|as an offensive move, i only have moonblast
|c|ânapty|you are going to get a crit
|
|move|p2a: Rotom-Wash|Volt Switch|p1a: Clefable
|-damage|p1a: Clefable|135\/394 brn
|move|p1a: Clefable|Moonblast|p2a: Rotom-Wash
|-damage|p2a: Rotom-Wash|34\/304
|
|-heal|p2a: Rotom-Wash|53\/304|[from] item: Leftovers
|-heal|p1a: Clefable|159\/394 brn|[from] item: Leftovers
|turn|75
|
|move|p2a: Rotom-Wash|Pain Split|p1a: Clefable
|-sethp|p1a: Clefable|106\/394 brn|p2a: Rotom-Wash|106\/304|[from] move: Pain Split
|move|p1a: Clefable|Moonblast|p2a: Rotom-Wash
|-damage|p2a: Rotom-Wash|37\/304
|-unboost|p2a: Rotom-Wash|spa|1
|
|-heal|p2a: Rotom-Wash|56\/304|[from] item: Leftovers
|-heal|p1a: Clefable|130\/394 brn|[from] item: Leftovers
|turn|76
|c|ânapty|and i am going to lose like a failure
|
|move|p2a: Rotom-Wash|Pain Split|p1a: Clefable
|-sethp|p1a: Clefable|93\/394 brn|p2a: Rotom-Wash|93\/304|[from] move: Pain Split
|move|p1a: Clefable|Moonblast|p2a: Rotom-Wash
|-damage|p2a: Rotom-Wash|15\/304
|
|-heal|p2a: Rotom-Wash|34\/304|[from] item: Leftovers
|-heal|p1a: Clefable|117\/394 brn|[from] item: Leftovers
|turn|77
|c|âtheslothmaster98|imagine that you get a crit
|c|ânapty|this is impossible
|
|move|p2a: Rotom-Wash|Pain Split|p1a: Clefable
|-sethp|p1a: Clefable|75\/394 brn|p2a: Rotom-Wash|75\/304|[from] move: Pain Split
|move|p1a: Clefable|Moonblast|p2a: Rotom-Wash
|-damage|p2a: Rotom-Wash|0 fnt
|faint|p2a: Rotom-Wash
|
|win|napty
|raw|Ladder updating...
|c|ânapty|im too unlucky for that
|raw|napty's rating: 1588 &rarr; <strong>1599<\/strong><br \/>(+11 for winning)
|raw|theslothmaster98's rating: 1432 &rarr; <strong>1421<\/strong><br \/>(-11 for losing)
|c|âtheslothmaster98|see? xD
|c|ânapty|finally won
|c|ânapty|darn
|c|ânapty|gg
|c|âtheslothmaster98|gg
|c|ânapty|prob one of the haxiest battle out there