|join|napty
|join|The Fedora Man
|player|p1|napty|287
|player|p2|The Fedora Man|52
|gametype|singles
|gen|6
|tier|OU (suspect test)
|rated
|clearpoke
|poke|p1|Landorus-Therian, M
|poke|p1|Azumarill, F
|poke|p1|Gardevoir, F
|poke|p1|Bisharp, F
|poke|p1|Talonflame, F
|poke|p1|Latias, F
|poke|p2|Zapdos
|poke|p2|Toxicroak, F
|poke|p2|Altaria, F
|poke|p2|Claydol, shiny
|poke|p2|Rotom-Heat
|poke|p2|Bisharp, M
|rule|Swagger Clause: Swagger is banned
|rule|Baton Pass Clause: Limit one PokÃ©mon knowing Baton Pass
|rule|Sleep Clause Mod: Limit one foe put to sleep
|rule|Species Clause: Limit one of each PokÃ©mon
|rule|OHKO Clause: OHKO moves are banned
|rule|Moody Clause: Moody is banned
|rule|Evasion Moves Clause: Evasion moves are banned
|rule|Endless Battle Clause: Forcing endless battles is banned
|rule|HP Percentage Mod: HP is shown in percentages
|teampreview
|c|ânapty|hi
|c|âThe Fedora Man|hello
|
|start
|switch|p1a: Latias|Latias, F|301\/301
|switch|p2a: zap7|Zapdos|358\/358
|-ability|p2a: zap7|Pressure
|turn|1
|
|move|p1a: Latias|Draco Meteor|p2a: zap7
|-damage|p2a: zap7|53\/358
|-unboost|p1a: Latias|spa|2
|-damage|p1a: Latias|271\/301|[from] item: Life Orb
|move|p2a: zap7|Hidden Power|p1a: Latias
|-supereffective|p1a: Latias
|-damage|p1a: Latias|115\/301
|-damage|p2a: zap7|18\/358|[from] item: Life Orb
|
|turn|2
|
|switch|p2a: le 5050 man|Bisharp, M|271\/271
|move|p1a: Latias|Hidden Power|p2a: le 5050 man
|-supereffective|p2a: le 5050 man
|-damage|p2a: le 5050 man|164\/271
|-damage|p1a: Latias|85\/301|[from] item: Life Orb
|
|turn|3
|
|switch|p2a: ghost oven|Rotom-Heat|303\/303
|move|p1a: Latias|Hidden Power|p2a: ghost oven
|-resisted|p2a: ghost oven
|-damage|p2a: ghost oven|285\/303
|-damage|p1a: Latias|55\/301|[from] item: Life Orb
|
|-heal|p2a: ghost oven|303\/303|[from] item: Leftovers
|turn|4
|c|ânapty|Hey
|c|ânapty|Where are you from dude?
|
|move|p1a: Latias|Draco Meteor|p2a: ghost oven
|-damage|p2a: ghost oven|169\/303
|-unboost|p1a: Latias|spa|2
|-damage|p1a: Latias|25\/301|[from] item: Life Orb
|move|p2a: ghost oven|Volt Switch|p1a: Latias
|-resisted|p1a: Latias
|-damage|p1a: Latias|0 fnt
|faint|p1a: Latias
|c|âThe Fedora Man|israel
|c|ânapty|Okay
|c|ânapty|:]
|c|âThe Fedora Man|hby?
|
|switch|p2a: zap7|Zapdos|18\/358
|-ability|p2a: zap7|Pressure
|
|c|ânapty|I thought you were from france
|c|âThe Fedora Man|lmao why
|c|ânapty|Cuz your Bisharp is nicknamed " **le** 50\/50 man"
|c|ânapty|hahaha
|
|switch|p1a: Azumarill|Azumarill, F|404\/404
|turn|5
|join|Le Jolly Sheepe
|
|switch|p2a: frog meme|Toxicroak, F|307\/307
|switch|p1a: Landorus-Therian|Landorus-Therian, M|381\/381
|-ability|p1a: Landorus-Therian|Intimidate|[of] p2a: frog meme
|-unboost|p2a: frog meme|atk|1
|
|turn|6
|c| Le Jolly Sheepe|**le**
|c|ânapty|hahahahaha
|c|ânapty|what does that mean
|
|switch|p2a: thanks owle|Claydol, shiny|324\/324
|move|p1a: Landorus-Therian|Stealth Rock|p2a: thanks owle
|-sidestart|p2: The Fedora Man|move: Stealth Rock
|
|turn|7
|
|move|p1a: Landorus-Therian|U-turn|p2a: thanks owle
|-supereffective|p2a: thanks owle
|-damage|p2a: thanks owle|176\/324
|
|switch|p1a: Gardevoir|Gardevoir, F|277\/277
|-ability|p1a: Gardevoir|Levitate|[from] ability: Trace|[of] p2a: thanks owle
|move|p2a: thanks owle|Stealth Rock|p1a: Gardevoir
|-sidestart|p1: napty|move: Stealth Rock
|
|-heal|p2a: thanks owle|196\/324|[from] item: Leftovers
|turn|8
|
|detailschange|p1a: Gardevoir|Gardevoir-Mega, F
|-mega|p1a: Gardevoir|Gardevoir|Gardevoirite
|move|p1a: Gardevoir|Hyper Voice|p2a: thanks owle
|-damage|p2a: thanks owle|12\/324
|move|p2a: thanks owle|Rapid Spin|p1a: Gardevoir
|-damage|p1a: Gardevoir|264\/277
|-sideend|p2: The Fedora Man|Stealth Rock|[from] move: Rapid Spin|[of] p2a: thanks owle
|
|-heal|p2a: thanks owle|32\/324|[from] item: Leftovers
|turn|9
|
|move|p1a: Gardevoir|Psyshock|p2a: thanks owle
|-resisted|p2a: thanks owle
|-damage|p2a: thanks owle|0 fnt
|faint|p2a: thanks owle
|
|
|switch|p2a: le 5050 man|Bisharp, M|164\/271
|turn|10
|
|move|p1a: Gardevoir|Hyper Voice|p2a: le 5050 man
|-damage|p2a: le 5050 man|0 fnt
|faint|p2a: le 5050 man
|
|
|switch|p2a: frog meme|Toxicroak, F|307\/307
|turn|11
|c|ânapty|i would easily survived a sucker punch
|
|move|p2a: frog meme|Sucker Punch|p1a: Gardevoir
|-damage|p1a: Gardevoir|132\/277
|move|p1a: Gardevoir|Psyshock|p2a: frog meme
|-supereffective|p2a: frog meme
|-damage|p2a: frog meme|0 fnt
|faint|p2a: frog meme
|
|
|switch|p2a: ghost oven|Rotom-Heat|169\/303
|turn|12
|
|move|p1a: Gardevoir|Psyshock|p2a: ghost oven
|-damage|p2a: ghost oven|45\/303
|move|p2a: ghost oven|Overheat|p1a: Gardevoir
|-damage|p1a: Gardevoir|0 fnt
|-unboost|p2a: ghost oven|spa|2
|faint|p1a: Gardevoir
|
|-heal|p2a: ghost oven|63\/303|[from] item: Leftovers
|c|âThe Fedora Man|ok
|
|switch|p1a: Talonflame|Talonflame, F|297\/297
|-damage|p1a: Talonflame|149\/297|[from] Stealth Rock
|turn|13
|
|move|p1a: Talonflame|Brave Bird|p2a: ghost oven
|-resisted|p2a: ghost oven
|-damage|p2a: ghost oven|0 fnt
|-damage|p1a: Talonflame|128\/297|[from] recoil|[of] p2a: ghost oven
|faint|p2a: ghost oven
|
|
|switch|p2a: sky toad|Altaria, F|329\/329
|turn|14
|
|detailschange|p2a: sky toad|Altaria-Mega, F
|-mega|p2a: sky toad|Altaria|Altarianite
|move|p1a: Talonflame|Brave Bird|p2a: sky toad
|-crit|p2a: sky toad
|-damage|p2a: sky toad|82\/329
|-damage|p1a: Talonflame|46\/297|[from] recoil|[of] p2a: sky toad
|move|p2a: sky toad|Return|p1a: Talonflame
|-resisted|p1a: Talonflame
|-damage|p1a: Talonflame|0 fnt
|faint|p1a: Talonflame
|
|
|switch|p1a: Landorus-Therian|Landorus-Therian, M|381\/381
|-damage|p1a: Landorus-Therian|334\/381|[from] Stealth Rock
|-ability|p1a: Landorus-Therian|Intimidate|[of] p2a: sky toad
|-unboost|p2a: sky toad|atk|1
|turn|15
|
|move|p2a: sky toad|Roost|p2a: sky toad
|-heal|p2a: sky toad|247\/329
|move|p1a: Landorus-Therian|Stone Edge|p2a: sky toad
|-damage|p2a: sky toad|159\/329
|
|turn|16
|
|move|p2a: sky toad|Roost|p2a: sky toad
|-heal|p2a: sky toad|324\/329
|move|p1a: Landorus-Therian|Earthquake|p2a: sky toad
|-damage|p2a: sky toad|180\/329
|
|turn|17
|
|move|p2a: sky toad|Dragon Dance|p2a: sky toad
|-boost|p2a: sky toad|atk|1
|-boost|p2a: sky toad|spe|1
|move|p1a: Landorus-Therian|Earthquake|p2a: sky toad
|-damage|p2a: sky toad|47\/329
|
|turn|18
|
|move|p2a: sky toad|Roost|p2a: sky toad
|-heal|p2a: sky toad|212\/329
|move|p1a: Landorus-Therian|Earthquake|p2a: sky toad
|-damage|p2a: sky toad|82\/329
|
|turn|19
|
|move|p2a: sky toad|Roost|p2a: sky toad
|-heal|p2a: sky toad|247\/329
|move|p1a: Landorus-Therian|Earthquake|p2a: sky toad
|-damage|p2a: sky toad|115\/329
|
|turn|20
|
|move|p2a: sky toad|Roost|p2a: sky toad
|-heal|p2a: sky toad|280\/329
|move|p1a: Landorus-Therian|Earthquake|p2a: sky toad
|-damage|p2a: sky toad|130\/329
|
|turn|21
|
|move|p2a: sky toad|Roost|p2a: sky toad
|-heal|p2a: sky toad|295\/329
|move|p1a: Landorus-Therian|Earthquake|p2a: sky toad
|-damage|p2a: sky toad|144\/329
|
|turn|22
|
|move|p2a: sky toad|Roost|p2a: sky toad
|-heal|p2a: sky toad|309\/329
|move|p1a: Landorus-Therian|Earthquake|p2a: sky toad
|-damage|p2a: sky toad|174\/329
|
|turn|23
|
|move|p2a: sky toad|Dragon Dance|p2a: sky toad
|-boost|p2a: sky toad|atk|1
|-boost|p2a: sky toad|spe|1
|move|p1a: Landorus-Therian|Earthquake|p2a: sky toad
|-damage|p2a: sky toad|36\/329
|
|turn|24
|
|move|p2a: sky toad|Roost|p2a: sky toad
|-heal|p2a: sky toad|201\/329
|move|p1a: Landorus-Therian|Earthquake|p2a: sky toad
|-damage|p2a: sky toad|57\/329
|
|turn|25
|
|move|p2a: sky toad|Roost|p2a: sky toad
|-heal|p2a: sky toad|222\/329
|move|p1a: Landorus-Therian|Earthquake|p2a: sky toad
|-damage|p2a: sky toad|81\/329
|
|turn|26
|
|move|p2a: sky toad|Roost|p2a: sky toad
|-heal|p2a: sky toad|246\/329
|move|p1a: Landorus-Therian|Earthquake|p2a: sky toad
|-crit|p2a: sky toad
|-damage|p2a: sky toad|39\/329
|
|turn|27
|
|move|p2a: sky toad|Roost|p2a: sky toad
|-heal|p2a: sky toad|204\/329
|move|p1a: Landorus-Therian|Earthquake|p2a: sky toad
|-damage|p2a: sky toad|62\/329
|
|turn|28
|
|move|p2a: sky toad|Roost|p2a: sky toad
|-heal|p2a: sky toad|227\/329
|move|p1a: Landorus-Therian|Earthquake|p2a: sky toad
|-damage|p2a: sky toad|86\/329
|
|turn|29
|
|move|p2a: sky toad|Roost|p2a: sky toad
|-heal|p2a: sky toad|251\/329
|move|p1a: Landorus-Therian|Earthquake|p2a: sky toad
|-damage|p2a: sky toad|119\/329
|
|turn|30
|
|move|p2a: sky toad|Roost|p2a: sky toad
|-heal|p2a: sky toad|284\/329
|move|p1a: Landorus-Therian|Earthquake|p2a: sky toad
|-damage|p2a: sky toad|137\/329
|
|turn|31
|
|move|p2a: sky toad|Roost|p2a: sky toad
|-heal|p2a: sky toad|302\/329
|move|p1a: Landorus-Therian|Earthquake|p2a: sky toad
|-damage|p2a: sky toad|158\/329
|
|turn|32
|
|move|p2a: sky toad|Dragon Dance|p2a: sky toad
|-boost|p2a: sky toad|atk|1
|-boost|p2a: sky toad|spe|1
|move|p1a: Landorus-Therian|Stone Edge|p2a: sky toad
|-damage|p2a: sky toad|63\/329
|
|turn|33
|
|move|p2a: sky toad|Roost|p2a: sky toad
|-heal|p2a: sky toad|228\/329
|move|p1a: Landorus-Therian|Stone Edge|p2a: sky toad
|-damage|p2a: sky toad|127\/329
|
|turn|34
|
|move|p2a: sky toad|Return|p1a: Landorus-Therian
|-damage|p1a: Landorus-Therian|49\/381
|-damage|p2a: sky toad|73\/329|[from] item: Rocky Helmet|[of] p1a: Landorus-Therian
|move|p1a: Landorus-Therian|Stone Edge|p2a: sky toad
|-damage|p2a: sky toad|0 fnt
|faint|p2a: sky toad
|
|
|switch|p2a: zap7|Zapdos|18\/358
|-ability|p2a: zap7|Pressure
|turn|35
|
|move|p2a: zap7|Roost|p2a: zap7
|-heal|p2a: zap7|197\/358
|move|p1a: Landorus-Therian|Stone Edge|p2a: zap7
|-damage|p2a: zap7|67\/358
|
|turn|36
|c|âThe Fedora Man|zap7 pls
|
|move|p2a: zap7|Roost|p2a: zap7
|-heal|p2a: zap7|246\/358
|move|p1a: Landorus-Therian|U-turn|p2a: zap7
|-damage|p2a: zap7|165\/358
|
|switch|p1a: Bisharp|Bisharp, F|271\/271
|-damage|p1a: Bisharp|255\/271|[from] Stealth Rock
|
|turn|37
|
|move|p2a: zap7|Heat Wave|p1a: Bisharp
|-supereffective|p1a: Bisharp
|-damage|p1a: Bisharp|0 fnt
|-damage|p2a: zap7|130\/358|[from] item: Life Orb
|faint|p1a: Bisharp
|
|
|switch|p1a: Azumarill|Azumarill, F|404\/404
|-damage|p1a: Azumarill|354\/404|[from] Stealth Rock
|turn|38
|
|move|p2a: zap7|Thunderbolt|p1a: Azumarill
|-supereffective|p1a: Azumarill
|-damage|p1a: Azumarill|0 fnt
|-damage|p2a: zap7|95\/358|[from] item: Life Orb
|faint|p1a: Azumarill
|
|c|âThe Fedora Man|nice
|-message|napty forfeited.
|
|win|The Fedora Man
|raw|Ladder updating...
|leave|napty
|player|p1
|c|âThe Fedora Man|zapdos best mon
|raw|napty's rating: 1422 &rarr; <strong>1397<\/strong><br \/>(-25 for losing)
|raw|The Fedora Man's rating: 1328 &rarr; <strong>1353<\/strong><br \/>(+25 for winning)