|join|RockyLoutsa
|join|kunz even1
|player|p1|RockyLoutsa|101
|player|p2|kunz even1|1
|gametype|singles
|gen|6
|tier|UU
|rated
|rule|Sleep Clause Mod: Limit one foe put to sleep
|rule|Species Clause: Limit one of each PokÃ©mon
|rule|OHKO Clause: OHKO moves are banned
|rule|Moody Clause: Moody is banned
|rule|Evasion Moves Clause: Evasion moves are banned
|rule|Endless Battle Clause: Forcing endless battles is banned
|rule|HP Percentage Mod: HP is shown in percentages
|clearpoke
|poke|p1|Milotic, F
|poke|p1|Donphan, M
|poke|p1|Beedrill, M
|poke|p1|Chandelure, F
|poke|p1|Hydreigon, M
|poke|p1|Whimsicott, M
|poke|p2|Alomomola, F
|poke|p2|Amoonguss, M
|poke|p2|Beedrill, F
|poke|p2|Delphox, F
|poke|p2|Drapion, F
|poke|p2|Slowking, M
|rule|Swagger Clause: Swagger is banned
|rule|Baton Pass Clause: Limit one PokÃ©mon knowing Baton Pass
|teampreview
|
|start
|switch|p1a: Chandelure|Chandelure, F|261\/261
|switch|p2a: Beedrill|Beedrill, F|272\/272
|turn|1
|
|detailschange|p2a: Beedrill|Beedrill-Mega, F
|-mega|p2a: Beedrill|Beedrill|Beedrillite
|move|p2a: Beedrill|Protect|p2a: Beedrill
|-singleturn|p2a: Beedrill|Protect
|move|p1a: Chandelure|Shadow Ball|p2a: Beedrill
|-activate|p2a: Beedrill|Protect
|
|turn|2
|
|move|p2a: Beedrill|U-turn|p1a: Chandelure
|-resisted|p1a: Chandelure
|-damage|p1a: Chandelure|209\/261
|
|switch|p2a: Slowking|Slowking, M|393\/393
|move|p1a: Chandelure|Shadow Ball|p2a: Slowking
|-supereffective|p2a: Slowking
|-damage|p2a: Slowking|127\/393
|
|turn|3
|
|switch|p2a: Amoonguss|Amoonguss, M|432\/432
|move|p1a: Chandelure|Shadow Ball|p2a: Amoonguss
|-damage|p2a: Amoonguss|249\/432
|-unboost|p2a: Amoonguss|spd|1
|
|-heal|p2a: Amoonguss|276\/432|[from] item: Black Sludge
|turn|4
|
|switch|p2a: Drapion|Drapion, F|344\/344
|move|p1a: Chandelure|Shadow Ball|p2a: Drapion
|-resisted|p2a: Drapion
|-damage|p2a: Drapion|209\/344
|
|-heal|p2a: Drapion|230\/344|[from] item: Black Sludge
|turn|5
|
|switch|p1a: Donphan|Donphan, M|384\/384
|move|p2a: Drapion|Toxic Spikes|p1a: Donphan
|-sidestart|p1: RockyLoutsa|move: Toxic Spikes
|
|-heal|p2a: Drapion|251\/344|[from] item: Black Sludge
|turn|6
|
|move|p1a: Donphan|Stealth Rock|p2a: Drapion
|-sidestart|p2: kunz even1|move: Stealth Rock
|move|p2a: Drapion|Whirlwind|p1a: Donphan
|drag|p1a: Chandelure|Chandelure, F|209\/261
|-status|p1a: Chandelure|psn
|
|-heal|p2a: Drapion|272\/344|[from] item: Black Sludge
|-damage|p1a: Chandelure|177\/261 psn|[from] psn
|turn|7
|
|move|p1a: Chandelure|Flamethrower|p2a: Drapion
|-damage|p2a: Drapion|0 fnt
|faint|p2a: Drapion
|
|-damage|p1a: Chandelure|145\/261 psn|[from] psn
|
|switch|p2a: Slowking|Slowking, M|258\/393
|-damage|p2a: Slowking|209\/393|[from] Stealth Rock
|turn|8
|
|switch|p1a: Hydreigon|Hydreigon, M|325\/325
|move|p2a: Slowking|Dragon Tail|p1a: Hydreigon
|-supereffective|p1a: Hydreigon
|-damage|p1a: Hydreigon|255\/325
|drag|p1a: Milotic|Milotic, F|394\/394
|-status|p1a: Milotic|psn
|
|-damage|p1a: Milotic|345\/394 psn|[from] psn
|turn|9
|
|switch|p1a: Beedrill|Beedrill, M|271\/271
|-sideend|p1: RockyLoutsa|move: Toxic Spikes|[of] p1a: Beedrill
|move|p2a: Slowking|Dragon Tail|p1a: Beedrill
|-damage|p1a: Beedrill|205\/271
|drag|p1a: Whimsicott|Whimsicott, M|261\/261
|
|turn|10
|
|move|p1a: Whimsicott|U-turn|p2a: Slowking
|-supereffective|p2a: Slowking
|-damage|p2a: Slowking|117\/393
|
|switch|p1a: Beedrill|Beedrill, M|205\/271
|move|p2a: Slowking|Fire Blast|p1a: Beedrill
|-supereffective|p1a: Beedrill
|-damage|p1a: Beedrill|0 fnt
|faint|p1a: Beedrill
|
|
|switch|p1a: Hydreigon|Hydreigon, M|255\/325
|turn|11
|
|switch|p2a: Amoonguss|Amoonguss, M|420\/432
|-damage|p2a: Amoonguss|366\/432|[from] Stealth Rock
|move|p1a: Hydreigon|Dark Pulse|p2a: Amoonguss
|-damage|p2a: Amoonguss|254\/432
|
|-heal|p2a: Amoonguss|281\/432|[from] item: Black Sludge
|turn|12
|
|switch|p1a: Whimsicott|Whimsicott, M|261\/261
|move|p2a: Amoonguss|Sludge Bomb|p1a: Whimsicott
|-supereffective|p1a: Whimsicott
|-damage|p1a: Whimsicott|0 fnt
|faint|p1a: Whimsicott
|
|-heal|p2a: Amoonguss|308\/432|[from] item: Black Sludge
|
|switch|p1a: Chandelure|Chandelure, F|145\/261 psn
|turn|13
|
|switch|p2a: Slowking|Slowking, M|248\/393
|-damage|p2a: Slowking|199\/393|[from] Stealth Rock
|move|p1a: Chandelure|Shadow Ball|p2a: Slowking
|-supereffective|p2a: Slowking
|-damage|p2a: Slowking|0 fnt
|faint|p2a: Slowking
|
|-damage|p1a: Chandelure|113\/261 psn|[from] psn
|
|switch|p2a: Beedrill|Beedrill-Mega, F|272\/272
|-damage|p2a: Beedrill|204\/272|[from] Stealth Rock
|turn|14
|
|switch|p1a: Donphan|Donphan, M|384\/384
|move|p2a: Beedrill|Drill Run|p1a: Donphan
|-damage|p1a: Donphan|319\/384
|
|-heal|p1a: Donphan|343\/384|[from] item: Leftovers
|turn|15
|
|switch|p2a: Alomomola|Alomomola, F|534\/534
|-damage|p2a: Alomomola|468\/534|[from] Stealth Rock
|move|p1a: Donphan|Ice Shard|p2a: Alomomola
|-resisted|p2a: Alomomola
|-damage|p2a: Alomomola|453\/534
|
|-heal|p2a: Alomomola|486\/534|[from] item: Leftovers
|-heal|p1a: Donphan|367\/384|[from] item: Leftovers
|turn|16
|
|switch|p1a: Milotic|Milotic, F|345\/394 psn
|move|p2a: Alomomola|Toxic|p1a: Milotic|[miss]
|-miss|p2a: Alomomola|p1a: Milotic
|
|-heal|p1a: Milotic|369\/394 psn|[from] item: Leftovers
|-heal|p2a: Alomomola|519\/534|[from] item: Leftovers
|-damage|p1a: Milotic|320\/394 psn|[from] psn
|turn|17
|
|move|p1a: Milotic|Toxic|p2a: Alomomola
|-status|p2a: Alomomola|tox
|move|p2a: Alomomola|Knock Off|p1a: Milotic
|-damage|p1a: Milotic|271\/394 psn
|-enditem|p1a: Milotic|Leftovers|[from] move: Knock Off|[of] p2a: Alomomola
|
|-heal|p2a: Alomomola|534\/534 tox|[from] item: Leftovers
|-damage|p1a: Milotic|222\/394 psn|[from] psn
|-damage|p2a: Alomomola|501\/534 tox|[from] psn
|turn|18
|
|move|p1a: Milotic|Recover|p1a: Milotic
|-heal|p1a: Milotic|394\/394 psn
|move|p2a: Alomomola|Wish|p2a: Alomomola
|
|-heal|p2a: Alomomola|534\/534 tox|[from] item: Leftovers
|-damage|p1a: Milotic|345\/394 psn|[from] psn
|-damage|p2a: Alomomola|468\/534 tox|[from] psn
|turn|19
|
|switch|p1a: Hydreigon|Hydreigon, M|255\/325
|move|p2a: Alomomola|Protect|p2a: Alomomola
|-fail|p2a: Alomomola
|
|-heal|p2a: Alomomola|534\/534 tox|[from] move: Wish|[wisher] Alomomola
|-damage|p2a: Alomomola|435\/534 tox|[from] psn
|turn|20
|
|move|p1a: Hydreigon|Draco Meteor|p2a: Alomomola
|-damage|p2a: Alomomola|2\/534 tox
|-unboost|p1a: Hydreigon|spa|2
|move|p2a: Alomomola|Toxic|p1a: Hydreigon
|-status|p1a: Hydreigon|tox
|
|-heal|p2a: Alomomola|35\/534 tox|[from] item: Leftovers
|-damage|p1a: Hydreigon|235\/325 tox|[from] psn
|-damage|p2a: Alomomola|0 fnt|[from] psn
|faint|p2a: Alomomola
|
|switch|p2a: Beedrill|Beedrill-Mega, F|204\/272
|-damage|p2a: Beedrill|136\/272|[from] Stealth Rock
|turn|21
|
|switch|p1a: Donphan|Donphan, M|367\/384
|move|p2a: Beedrill|U-turn|p1a: Donphan
|-damage|p1a: Donphan|257\/384
|
|switch|p2a: Delphox|Delphox, F|292\/292
|-damage|p2a: Delphox|219\/292|[from] Stealth Rock
|
|-heal|p1a: Donphan|281\/384|[from] item: Leftovers
|turn|22
|
|switch|p1a: Milotic|Milotic, F|345\/394 psn
|move|p2a: Delphox|Grass Knot|p1a: Milotic
|-supereffective|p1a: Milotic
|-damage|p1a: Milotic|166\/394 psn
|-damage|p2a: Delphox|190\/292|[from] item: Life Orb
|
|-damage|p1a: Milotic|117\/394 psn|[from] psn
|turn|23
|
|move|p2a: Delphox|Grass Knot|p1a: Milotic
|-supereffective|p1a: Milotic
|-damage|p1a: Milotic|0 fnt
|-damage|p2a: Delphox|161\/292|[from] item: Life Orb
|faint|p1a: Milotic
|
|
|switch|p1a: Hydreigon|Hydreigon, M|235\/325 tox
|turn|24
|
|move|p1a: Hydreigon|Draco Meteor|p2a: Delphox
|-damage|p2a: Delphox|0 fnt
|-unboost|p1a: Hydreigon|spa|2
|faint|p2a: Delphox
|
|-damage|p1a: Hydreigon|215\/325 tox|[from] psn
|
|switch|p2a: Amoonguss|Amoonguss, M|432\/432
|-damage|p2a: Amoonguss|378\/432|[from] Stealth Rock
|turn|25
|
|switch|p1a: Donphan|Donphan, M|281\/384
|move|p2a: Amoonguss|Giga Drain|p1a: Donphan
|-supereffective|p1a: Donphan
|-damage|p1a: Donphan|51\/384
|-heal|p2a: Amoonguss|432\/432|[from] drain|[of] p1a: Donphan
|
|-heal|p1a: Donphan|75\/384|[from] item: Leftovers
|turn|26
|
|move|p1a: Donphan|Earthquake|p2a: Amoonguss
|-damage|p2a: Amoonguss|236\/432
|move|p2a: Amoonguss|Giga Drain|p1a: Donphan
|-supereffective|p1a: Donphan
|-damage|p1a: Donphan|0 fnt
|-heal|p2a: Amoonguss|274\/432|[from] drain|[of] p1a: Donphan
|faint|p1a: Donphan
|
|-heal|p2a: Amoonguss|301\/432|[from] item: Black Sludge
|
|switch|p1a: Chandelure|Chandelure, F|113\/261 psn
|turn|27
|
|move|p1a: Chandelure|Flamethrower|p2a: Amoonguss
|-supereffective|p2a: Amoonguss
|-damage|p2a: Amoonguss|0 fnt
|faint|p2a: Amoonguss
|
|-damage|p1a: Chandelure|81\/261 psn|[from] psn
|
|switch|p2a: Beedrill|Beedrill-Mega, F|136\/272
|-damage|p2a: Beedrill|68\/272|[from] Stealth Rock
|turn|28
|
|move|p2a: Beedrill|Poison Jab|p1a: Chandelure
|-resisted|p1a: Chandelure
|-damage|p1a: Chandelure|0 fnt
|faint|p1a: Chandelure
|
|
|switch|p1a: Hydreigon|Hydreigon, M|215\/325 tox
|turn|29
|
|move|p1a: Hydreigon|Flamethrower|p2a: Beedrill
|-supereffective|p2a: Beedrill
|-damage|p2a: Beedrill|0 fnt
|faint|p2a: Beedrill
|
|win|RockyLoutsa
|raw|Ladder updating...
|raw|RockyLoutsa's rating: 1458 &rarr; <strong>1470<\/strong><br \/>(+12 for winning)
|raw|kunz even1's rating: 1325 &rarr; <strong>1312<\/strong><br \/>(-13 for losing)
|c|âkunz even1|gg
|c|âRockyLoutsa|gg
|leave|RockyLoutsa
|player|p1
|join|RockyLoutsa
|leave|RockyLoutsa