|join|RockyLoutsa
|join|Torchico's
|player|p1|RockyLoutsa|1
|player|p2|Torchico's|161
|gametype|singles
|gen|6
|tier|UU
|rated
|rule|Sleep Clause Mod: Limit one foe put to sleep
|rule|Species Clause: Limit one of each PokÃ©mon
|rule|OHKO Clause: OHKO moves are banned
|rule|Moody Clause: Moody is banned
|rule|Evasion Moves Clause: Evasion moves are banned
|rule|Endless Battle Clause: Forcing endless battles is banned
|rule|HP Percentage Mod: HP is shown in percentages
|clearpoke
|poke|p1|Milotic, M
|poke|p1|Donphan, M
|poke|p1|Beedrill, M
|poke|p1|Chandelure, M
|poke|p1|Hydreigon, F
|poke|p1|Whimsicott, F
|poke|p2|Amoonguss, M
|poke|p2|Slowking, M
|poke|p2|Flygon, M
|poke|p2|Aggron, F
|poke|p2|Vaporeon, M
|poke|p2|Scrafty, M
|rule|Swagger Clause: Swagger is banned
|rule|Baton Pass Clause: Limit one PokÃ©mon knowing Baton Pass
|teampreview
|
|start
|switch|p1a: Donphan|Donphan, M|384\/384
|switch|p2a: Aggron|Aggron, F|344\/344
|turn|1
|
|detailschange|p2a: Aggron|Aggron-Mega, F
|-mega|p2a: Aggron|Aggron|Aggronite
|move|p2a: Aggron|Toxic|p1a: Donphan
|-status|p1a: Donphan|tox
|move|p1a: Donphan|Stealth Rock|p2a: Aggron
|-sidestart|p2: Torchico's|move: Stealth Rock
|
|-damage|p1a: Donphan|360\/384 tox|[from] psn
|turn|2
|
|move|p2a: Aggron|Stealth Rock|p1a: Donphan
|-sidestart|p1: RockyLoutsa|move: Stealth Rock
|move|p1a: Donphan|Earthquake|p2a: Aggron
|-supereffective|p2a: Aggron
|-damage|p2a: Aggron|259\/344
|
|-heal|p1a: Donphan|384\/384 tox|[from] item: Leftovers
|-damage|p1a: Donphan|336\/384 tox|[from] psn
|turn|3
|
|switch|p2a: Scrafty|Scrafty, M|334\/334
|-damage|p2a: Scrafty|314\/334|[from] Stealth Rock
|move|p1a: Donphan|Rapid Spin|p2a: Scrafty
|-damage|p2a: Scrafty|297\/334
|-sideend|p1: RockyLoutsa|Stealth Rock|[from] move: Rapid Spin|[of] p1a: Donphan
|
|-heal|p2a: Scrafty|317\/334|[from] item: Leftovers
|-heal|p1a: Donphan|360\/384 tox|[from] item: Leftovers
|-damage|p1a: Donphan|288\/384 tox|[from] psn
|turn|4
|
|switch|p1a: Whimsicott|Whimsicott, F|261\/261
|move|p2a: Scrafty|Knock Off|p1a: Whimsicott
|-resisted|p1a: Whimsicott
|-damage|p1a: Whimsicott|205\/261
|-enditem|p1a: Whimsicott|Sitrus Berry|[from] move: Knock Off|[of] p2a: Scrafty
|
|-heal|p2a: Scrafty|334\/334|[from] item: Leftovers
|turn|5
|
|switch|p2a: Amoonguss|Amoonguss, M|411\/411
|-damage|p2a: Amoonguss|360\/411|[from] Stealth Rock
|move|p1a: Whimsicott|U-turn|p2a: Amoonguss
|-damage|p2a: Amoonguss|317\/411
|
|switch|p1a: Chandelure|Chandelure, M|261\/261
|
|turn|6
|
|switch|p2a: Scrafty|Scrafty, M|334\/334
|-damage|p2a: Scrafty|314\/334|[from] Stealth Rock
|move|p1a: Chandelure|Shadow Ball|p2a: Scrafty
|-resisted|p2a: Scrafty
|-damage|p2a: Scrafty|239\/334
|
|-heal|p2a: Scrafty|259\/334|[from] item: Leftovers
|turn|7
|
|switch|p1a: Whimsicott|Whimsicott, F|205\/261
|switch|p2a: Aggron|Aggron-Mega, F|259\/344
|-damage|p2a: Aggron|238\/344|[from] Stealth Rock
|
|turn|8
|
|move|p1a: Whimsicott|U-turn|p2a: Aggron
|-resisted|p2a: Aggron
|-damage|p2a: Aggron|230\/344
|
|switch|p1a: Chandelure|Chandelure, M|261\/261
|move|p2a: Aggron|Stealth Rock|p1a: Chandelure
|-sidestart|p1: RockyLoutsa|move: Stealth Rock
|
|turn|9
|
|switch|p2a: Flygon|Flygon, M|301\/301
|-damage|p2a: Flygon|283\/301|[from] Stealth Rock
|move|p1a: Chandelure|Shadow Ball|p2a: Flygon
|-damage|p2a: Flygon|0 fnt
|faint|p2a: Flygon
|
|
|switch|p2a: Scrafty|Scrafty, M|259\/334
|-damage|p2a: Scrafty|239\/334|[from] Stealth Rock
|turn|10
|
|switch|p1a: Donphan|Donphan, M|288\/384 tox
|-damage|p1a: Donphan|264\/384 tox|[from] Stealth Rock
|move|p2a: Scrafty|Knock Off|p1a: Donphan
|-damage|p1a: Donphan|200\/384 tox
|-enditem|p1a: Donphan|Leftovers|[from] move: Knock Off|[of] p2a: Scrafty
|
|-heal|p2a: Scrafty|259\/334|[from] item: Leftovers
|-damage|p1a: Donphan|176\/384 tox|[from] psn
|turn|11
|
|move|p2a: Scrafty|Drain Punch|p1a: Donphan
|-damage|p1a: Donphan|122\/384 tox
|-heal|p2a: Scrafty|286\/334|[from] drain|[of] p1a: Donphan
|move|p1a: Donphan|Rapid Spin|p2a: Scrafty
|-damage|p2a: Scrafty|270\/334
|-sideend|p1: RockyLoutsa|Stealth Rock|[from] move: Rapid Spin|[of] p1a: Donphan
|
|-heal|p2a: Scrafty|290\/334|[from] item: Leftovers
|-damage|p1a: Donphan|74\/384 tox|[from] psn
|turn|12
|
|move|p2a: Scrafty|Drain Punch|p1a: Donphan
|-damage|p1a: Donphan|19\/384 tox
|-heal|p2a: Scrafty|318\/334|[from] drain|[of] p1a: Donphan
|move|p1a: Donphan|Earthquake|p2a: Scrafty
|-damage|p2a: Scrafty|185\/334
|
|-heal|p2a: Scrafty|205\/334|[from] item: Leftovers
|-damage|p1a: Donphan|0 fnt|[from] psn
|faint|p1a: Donphan
|
|switch|p1a: Beedrill|Beedrill, M|271\/271
|turn|13
|
|switch|p2a: Vaporeon|Vaporeon, M|463\/463
|-damage|p2a: Vaporeon|406\/463|[from] Stealth Rock
|detailschange|p1a: Beedrill|Beedrill-Mega, M
|-mega|p1a: Beedrill|Beedrill|Beedrillite
|move|p1a: Beedrill|U-turn|p2a: Vaporeon
|-damage|p2a: Vaporeon|208\/463
|
|switch|p1a: Chandelure|Chandelure, M|261\/261
|
|-heal|p2a: Vaporeon|236\/463|[from] item: Leftovers
|turn|14
|
|move|p2a: Vaporeon|Protect|p2a: Vaporeon
|-singleturn|p2a: Vaporeon|Protect
|move|p1a: Chandelure|Energy Ball|p2a: Vaporeon
|-activate|p2a: Vaporeon|Protect
|
|-heal|p2a: Vaporeon|264\/463|[from] item: Leftovers
|turn|15
|
|switch|p1a: Hydreigon|Hydreigon, F|325\/325
|switch|p2a: Aggron|Aggron-Mega, F|230\/344
|-damage|p2a: Aggron|209\/344|[from] Stealth Rock
|
|turn|16
|
|move|p1a: Hydreigon|Draco Meteor|p2a: Aggron
|-resisted|p2a: Aggron
|-damage|p2a: Aggron|92\/344
|-unboost|p1a: Hydreigon|spa|2
|move|p2a: Aggron|Stealth Rock|p1a: Hydreigon
|-sidestart|p1: RockyLoutsa|move: Stealth Rock
|
|turn|17
|
|switch|p1a: Milotic|Milotic, M|394\/394
|-damage|p1a: Milotic|345\/394|[from] Stealth Rock
|move|p2a: Aggron|Toxic|p1a: Milotic
|-status|p1a: Milotic|tox
|
|-heal|p1a: Milotic|369\/394 tox|[from] item: Leftovers
|-damage|p1a: Milotic|345\/394 tox|[from] psn
|turn|18
|
|switch|p2a: Vaporeon|Vaporeon, M|264\/463
|-damage|p2a: Vaporeon|207\/463|[from] Stealth Rock
|move|p1a: Milotic|Ice Beam|p2a: Vaporeon
|-resisted|p2a: Vaporeon
|-damage|p2a: Vaporeon|170\/463
|
|-heal|p1a: Milotic|369\/394 tox|[from] item: Leftovers
|-heal|p2a: Vaporeon|198\/463|[from] item: Leftovers
|-damage|p1a: Milotic|321\/394 tox|[from] psn
|turn|19
|
|switch|p1a: Whimsicott|Whimsicott, F|205\/261
|-damage|p1a: Whimsicott|173\/261|[from] Stealth Rock
|move|p2a: Vaporeon|Wish|p2a: Vaporeon
|
|-heal|p2a: Vaporeon|226\/463|[from] item: Leftovers
|turn|20
|
|switch|p2a: Aggron|Aggron-Mega, F|92\/344
|-damage|p2a: Aggron|71\/344|[from] Stealth Rock
|move|p1a: Whimsicott|Giga Drain|p2a: Aggron
|-resisted|p2a: Aggron
|-damage|p2a: Aggron|23\/344
|-heal|p1a: Whimsicott|197\/261|[from] drain|[of] p2a: Aggron
|
|-heal|p2a: Aggron|254\/344|[from] move: Wish|[wisher] Vaporeon
|turn|21
|
|move|p1a: Whimsicott|U-turn|p2a: Aggron
|-resisted|p2a: Aggron
|-damage|p2a: Aggron|247\/344
|
|switch|p1a: Chandelure|Chandelure, M|261\/261
|-damage|p1a: Chandelure|196\/261|[from] Stealth Rock
|move|p2a: Aggron|Toxic|p1a: Chandelure
|-status|p1a: Chandelure|tox
|
|-damage|p1a: Chandelure|180\/261 tox|[from] psn
|turn|22
|
|move|p1a: Chandelure|Shadow Ball|p2a: Aggron
|-damage|p2a: Aggron|0 fnt
|faint|p2a: Aggron
|
|-damage|p1a: Chandelure|148\/261 tox|[from] psn
|
|switch|p2a: Scrafty|Scrafty, M|205\/334
|-damage|p2a: Scrafty|185\/334|[from] Stealth Rock
|turn|23
|
|switch|p1a: Whimsicott|Whimsicott, F|197\/261
|-damage|p1a: Whimsicott|165\/261|[from] Stealth Rock
|move|p2a: Scrafty|Knock Off|p1a: Whimsicott
|-resisted|p1a: Whimsicott
|-damage|p1a: Whimsicott|123\/261
|
|-heal|p2a: Scrafty|205\/334|[from] item: Leftovers
|turn|24
|
|switch|p2a: Amoonguss|Amoonguss, M|411\/411
|-damage|p2a: Amoonguss|360\/411|[from] Stealth Rock
|move|p1a: Whimsicott|Moonblast|p2a: Amoonguss
|-resisted|p2a: Amoonguss
|-damage|p2a: Amoonguss|314\/411
|-unboost|p2a: Amoonguss|spa|1
|
|turn|25
|
|move|p1a: Whimsicott|Moonblast|p2a: Amoonguss
|-resisted|p2a: Amoonguss
|-damage|p2a: Amoonguss|266\/411
|move|p2a: Amoonguss|Sludge Bomb|p1a: Whimsicott
|-crit|p1a: Whimsicott
|-supereffective|p1a: Whimsicott
|-damage|p1a: Whimsicott|0 fnt
|faint|p1a: Whimsicott
|
|
|switch|p1a: Chandelure|Chandelure, M|148\/261 tox
|-damage|p1a: Chandelure|83\/261 tox|[from] Stealth Rock
|turn|26
|
|move|p1a: Chandelure|Shadow Ball|p2a: Amoonguss
|-damage|p2a: Amoonguss|91\/411
|move|p2a: Amoonguss|Sludge Bomb|p1a: Chandelure
|-resisted|p1a: Chandelure
|-damage|p1a: Chandelure|36\/261 tox
|
|-damage|p1a: Chandelure|20\/261 tox|[from] psn
|turn|27
|
|move|p1a: Chandelure|Shadow Ball|p2a: Amoonguss
|-damage|p2a: Amoonguss|0 fnt
|faint|p2a: Amoonguss
|
|-damage|p1a: Chandelure|0 fnt|[from] psn
|faint|p1a: Chandelure
|
|switch|p1a: Beedrill|Beedrill-Mega, M|271\/271
|switch|p2a: Vaporeon|Vaporeon, M|226\/463
|-damage|p1a: Beedrill|204\/271|[from] Stealth Rock
|-damage|p2a: Vaporeon|169\/463|[from] Stealth Rock
|turn|28
|
|move|p1a: Beedrill|Poison Jab|p2a: Vaporeon
|-damage|p2a: Vaporeon|0 fnt
|faint|p2a: Vaporeon
|
|
|switch|p2a: Scrafty|Scrafty, M|205\/334
|-damage|p2a: Scrafty|185\/334|[from] Stealth Rock
|turn|29
|
|move|p1a: Beedrill|U-turn|p2a: Scrafty
|-damage|p2a: Scrafty|11\/334
|
|switch|p1a: Milotic|Milotic, M|321\/394 tox
|-damage|p1a: Milotic|272\/394 tox|[from] Stealth Rock
|move|p2a: Scrafty|Rest|p2a: Scrafty
|-status|p2a: Scrafty|slp
|-heal|p2a: Scrafty|334\/334 slp|[silent]
|-status|p2a: Scrafty|slp|[from] move: Rest
|
|-heal|p1a: Milotic|296\/394 tox|[from] item: Leftovers
|-damage|p1a: Milotic|272\/394 tox|[from] psn
|turn|30
|
|move|p1a: Milotic|Scald|p2a: Scrafty
|-damage|p2a: Scrafty|268\/334 slp
|cant|p2a: Scrafty|slp
|
|-heal|p1a: Milotic|296\/394 tox|[from] item: Leftovers
|-heal|p2a: Scrafty|288\/334 slp|[from] item: Leftovers
|-damage|p1a: Milotic|248\/394 tox|[from] psn
|turn|31
|
|switch|p1a: Beedrill|Beedrill-Mega, M|204\/271
|-damage|p1a: Beedrill|137\/271|[from] Stealth Rock
|cant|p2a: Scrafty|slp
|
|-heal|p2a: Scrafty|308\/334 slp|[from] item: Leftovers
|turn|32
|
|move|p1a: Beedrill|U-turn|p2a: Scrafty
|-damage|p2a: Scrafty|144\/334 slp
|
|switch|p1a: Hydreigon|Hydreigon, F|325\/325
|-damage|p1a: Hydreigon|285\/325|[from] Stealth Rock
|-curestatus|p2a: Scrafty|slp
|move|p2a: Scrafty|Bulk Up|p2a: Scrafty
|-boost|p2a: Scrafty|atk|1
|-boost|p2a: Scrafty|def|1
|
|-heal|p2a: Scrafty|164\/334|[from] item: Leftovers
|turn|33
|
|move|p1a: Hydreigon|Draco Meteor|p2a: Scrafty
|-damage|p2a: Scrafty|13\/334
|-unboost|p1a: Hydreigon|spa|2
|move|p2a: Scrafty|Drain Punch|p1a: Hydreigon
|-supereffective|p1a: Hydreigon
|-damage|p1a: Hydreigon|19\/325
|-heal|p2a: Scrafty|146\/334|[from] drain|[of] p1a: Hydreigon
|
|-heal|p2a: Scrafty|166\/334|[from] item: Leftovers
|turn|34
|
|move|p1a: Hydreigon|Draco Meteor|p2a: Scrafty
|-damage|p2a: Scrafty|97\/334
|-unboost|p1a: Hydreigon|spa|2
|move|p2a: Scrafty|Rest|p2a: Scrafty
|-status|p2a: Scrafty|slp
|-heal|p2a: Scrafty|334\/334 slp|[silent]
|-status|p2a: Scrafty|slp|[from] move: Rest
|
|-activate|p2a: Scrafty|ability: Shed Skin
|-curestatus|p2a: Scrafty|slp
|turn|35
|
|switch|p1a: Milotic|Milotic, M|248\/394 tox
|-damage|p1a: Milotic|199\/394 tox|[from] Stealth Rock
|move|p2a: Scrafty|Bulk Up|p2a: Scrafty
|-boost|p2a: Scrafty|atk|1
|-boost|p2a: Scrafty|def|1
|
|-heal|p1a: Milotic|223\/394 tox|[from] item: Leftovers
|-damage|p1a: Milotic|199\/394 tox|[from] psn
|turn|36
|
|move|p1a: Milotic|Scald|p2a: Scrafty
|-damage|p2a: Scrafty|267\/334
|move|p2a: Scrafty|Knock Off|p1a: Milotic
|-damage|p1a: Milotic|45\/394 tox
|-enditem|p1a: Milotic|Leftovers|[from] move: Knock Off|[of] p2a: Scrafty
|
|-heal|p2a: Scrafty|287\/334|[from] item: Leftovers
|-damage|p1a: Milotic|0 fnt|[from] psn
|faint|p1a: Milotic
|
|switch|p1a: Beedrill|Beedrill-Mega, M|137\/271
|-damage|p1a: Beedrill|70\/271|[from] Stealth Rock
|turn|37
|
|move|p1a: Beedrill|U-turn|p2a: Scrafty
|-damage|p2a: Scrafty|205\/334
|
|switch|p1a: Hydreigon|Hydreigon, F|19\/325
|-damage|p1a: Hydreigon|0 fnt|[from] Stealth Rock
|faint|p1a: Hydreigon
|move|p2a: Scrafty|Knock Off|p1: Hydreigon|[notarget]
|-notarget
|
|-heal|p2a: Scrafty|225\/334|[from] item: Leftovers
|
|switch|p1a: Beedrill|Beedrill-Mega, M|70\/271
|-damage|p1a: Beedrill|3\/271|[from] Stealth Rock
|turn|38
|
|move|p1a: Beedrill|Poison Jab|p2a: Scrafty
|-damage|p2a: Scrafty|125\/334
|move|p2a: Scrafty|Knock Off|p1a: Beedrill
|-damage|p1a: Beedrill|0 fnt
|faint|p1a: Beedrill
|
|win|Torchico's
|raw|Ladder updating...
|raw|RockyLoutsa's rating: 1447 &rarr; <strong>1422<\/strong><br \/>(-25 for losing)
|raw|Torchico&apos;s's rating: 1359 &rarr; <strong>1384<\/strong><br \/>(+25 for winning)
|c|âTorchico's|gg
|leave|RockyLoutsa
|player|p1