|join|EBV
|join|freeroamer
|player|p1|EBV|40
|player|p2|freeroamer|68
|gametype|singles
|gen|6
|tier|UU
|rule|Sleep Clause Mod: Limit one foe put to sleep
|rule|Species Clause: Limit one of each PokÃ©mon
|rule|OHKO Clause: OHKO moves are banned
|rule|Moody Clause: Moody is banned
|rule|Evasion Moves Clause: Evasion moves are banned
|rule|Endless Battle Clause: Forcing endless battles is banned
|rule|HP Percentage Mod: HP is shown in percentages
|clearpoke
|poke|p1|Raikou
|poke|p1|Jirachi, shiny
|poke|p1|Crobat, F
|poke|p1|Suicune
|poke|p1|Machamp, F
|poke|p1|Pidgeot, F
|poke|p2|Lucario, F
|poke|p2|Krookodile, F
|poke|p2|Snorlax, F
|poke|p2|Alakazam, F
|poke|p2|Crobat, M
|poke|p2|Suicune
|rule|Swagger Clause: Swagger is banned
|rule|Baton Pass Clause: Limit one PokÃ©mon knowing Baton Pass
|teampreview
|join|lemPIA
|join|Ferocca
|leave|lemPIA
|join|The Shadow Weavile
|join|lawlgoml
|join|XDG King Cole
|c| lawlgoml|n
|
|start
|switch|p1a: Pidgeot|Pidgeot, F|307\/307
|switch|p2a: Crobat|Crobat, M|373\/373
|turn|1
|
|detailschange|p1a: Pidgeot|Pidgeot-Mega, F
|-mega|p1a: Pidgeot|Pidgeot|Pidgeotite
|move|p2a: Crobat|U-turn|p1a: Pidgeot
|-resisted|p1a: Pidgeot
|-damage|p1a: Pidgeot|279\/307
|
|switch|p2a: Snorlax|Snorlax, F|497\/497
|move|p1a: Pidgeot|Hurricane|p2a: Snorlax
|-damage|p2a: Snorlax|347\/497
|
|-heal|p2a: Snorlax|378\/497|[from] item: Leftovers
|turn|2
|
|switch|p1a: Jirachi|Jirachi, shiny|403\/403
|move|p2a: Snorlax|Body Slam|p1a: Jirachi
|-resisted|p1a: Jirachi
|-damage|p1a: Jirachi|341\/403
|
|-heal|p1a: Jirachi|366\/403|[from] item: Leftovers
|-heal|p2a: Snorlax|409\/497|[from] item: Leftovers
|turn|3
|join|DNdomininini
|
|switch|p2a: Krookodile|Krookodile, F|331\/331
|-ability|p2a: Krookodile|Intimidate|[of] p1a: Jirachi
|-unboost|p1a: Jirachi|atk|1
|move|p1a: Jirachi|Substitute|p1a: Jirachi
|-start|p1a: Jirachi|Substitute
|-damage|p1a: Jirachi|266\/403
|
|-heal|p1a: Jirachi|291\/403|[from] item: Leftovers
|turn|4
|
|move|p2a: Krookodile|Pursuit|p1a: Jirachi
|-supereffective|p1a: Jirachi
|-end|p1a: Jirachi|Substitute
|move|p1a: Jirachi|Moonblast|p2a: Krookodile
|-crit|p2a: Krookodile
|-supereffective|p2a: Krookodile
|-damage|p2a: Krookodile|19\/331
|-unboost|p2a: Krookodile|spa|1
|
|-heal|p1a: Jirachi|316\/403|[from] item: Leftovers
|turn|5
|c| lawlgoml|yo
|join|Gym Leadr Ape
|
|move|p2a: Krookodile|Knock Off|p1a: Jirachi
|-supereffective|p1a: Jirachi
|-damage|p1a: Jirachi|0 fnt
|-enditem|p1a: Jirachi|Leftovers|[from] move: Knock Off|[of] p2a: Krookodile
|faint|p1a: Jirachi
|
|
|switch|p1a: Crobat|Crobat, F|317\/317
|turn|6
|join|lemPIA
|join|chico
|
|switch|p2a: Suicune|Suicune|404\/404
|-ability|p2a: Suicune|Pressure
|move|p1a: Crobat|U-turn|p2a: Suicune
|-crit|p2a: Suicune
|-damage|p2a: Suicune|337\/404
|
|switch|p1a: Raikou|Raikou|321\/321
|-ability|p1a: Raikou|Pressure
|
|-heal|p2a: Suicune|362\/404|[from] item: Leftovers
|turn|7
|
|switch|p2a: Snorlax|Snorlax, F|409\/497
|move|p1a: Raikou|Hidden Power|p2a: Snorlax
|-damage|p2a: Snorlax|373\/497
|
|-heal|p2a: Snorlax|404\/497|[from] item: Leftovers
|turn|8
|
|switch|p1a: Machamp|Machamp, F|321\/321
|move|p2a: Snorlax|Body Slam|p1a: Machamp
|-crit|p1a: Machamp
|-damage|p1a: Machamp|108\/321
|
|-heal|p2a: Snorlax|435\/497|[from] item: Leftovers
|turn|9
|
|switch|p2a: Crobat|Crobat, M|373\/373
|move|p1a: Machamp|Dynamic Punch|p2a: Crobat
|-resisted|p2a: Crobat
|-damage|p2a: Crobat|321\/373
|-start|p2a: Crobat|confusion
|
|turn|10
|leave|Gym Leadr Ape
|
|switch|p2a: Suicune|Suicune|362\/404
|-ability|p2a: Suicune|Pressure
|switch|p1a: Pidgeot|Pidgeot-Mega, F|279\/307
|
|-heal|p2a: Suicune|387\/404|[from] item: Leftovers
|turn|11
|
|switch|p2a: Snorlax|Snorlax, F|435\/497
|move|p1a: Pidgeot|Hurricane|p2a: Snorlax
|-damage|p2a: Snorlax|282\/497
|-start|p2a: Snorlax|confusion
|
|-heal|p2a: Snorlax|313\/497|[from] item: Leftovers
|turn|12
|
|move|p1a: Pidgeot|Hurricane|p2a: Snorlax
|-damage|p2a: Snorlax|162\/497
|-activate|p2a: Snorlax|confusion
|move|p2a: Snorlax|Body Slam|p1a: Pidgeot
|-damage|p1a: Pidgeot|146\/307
|
|-heal|p2a: Snorlax|193\/497|[from] item: Leftovers
|turn|13
|
|move|p1a: Pidgeot|Hurricane|p2a: Snorlax
|-damage|p2a: Snorlax|49\/497
|-activate|p2a: Snorlax|confusion
|-damage|p2a: Snorlax|11\/497|[from] confusion
|
|-heal|p2a: Snorlax|42\/497|[from] item: Leftovers
|turn|14
|c|âfreeroamer|lol
|
|move|p1a: Pidgeot|Hurricane|p2a: Snorlax
|-damage|p2a: Snorlax|0 fnt
|faint|p2a: Snorlax
|
|
|switch|p2a: Crobat|Crobat, M|321\/373
|turn|15
|
|switch|p1a: Crobat|Crobat, F|317\/317
|move|p2a: Crobat|Acrobatics|p1a: Crobat
|-damage|p1a: Crobat|179\/317
|
|-heal|p1a: Crobat|198\/317|[from] item: Black Sludge
|turn|16
|
|move|p1a: Crobat|Brave Bird|p2a: Crobat
|-damage|p2a: Crobat|134\/373
|-damage|p1a: Crobat|136\/317|[from] recoil|[of] p2a: Crobat
|move|p2a: Crobat|U-turn|p1a: Crobat
|-resisted|p1a: Crobat
|-damage|p1a: Crobat|120\/317
|
|switch|p2a: Suicune|Suicune|387\/404
|-ability|p2a: Suicune|Pressure
|
|-heal|p1a: Crobat|139\/317|[from] item: Black Sludge
|-heal|p2a: Suicune|404\/404|[from] item: Leftovers
|turn|17
|join|Clowns'Abound
|
|move|p1a: Crobat|Toxic|p2a: Suicune
|-status|p2a: Suicune|tox
|move|p2a: Suicune|Scald|p1a: Crobat
|-damage|p1a: Crobat|40\/317
|
|-heal|p1a: Crobat|59\/317|[from] item: Black Sludge
|-damage|p2a: Suicune|379\/404 tox|[from] psn
|turn|18
|join|udunomancer
|
|move|p1a: Crobat|Brave Bird|p2a: Suicune
|-crit|p2a: Suicune
|-damage|p2a: Suicune|228\/404 tox
|-damage|p1a: Crobat|9\/317|[from] recoil|[of] p2a: Suicune
|move|p2a: Suicune|Scald|p1a: Crobat
|-damage|p1a: Crobat|0 fnt
|faint|p1a: Crobat
|
|-heal|p2a: Suicune|253\/404 tox|[from] item: Leftovers
|-damage|p2a: Suicune|203\/404 tox|[from] psn
|c|âfreeroamer|lol
|c|âfreeroamer|this is ridiculous
|
|switch|p1a: Pidgeot|Pidgeot-Mega, F|146\/307
|turn|19
|
|move|p1a: Pidgeot|Hurricane|p2a: Suicune
|-damage|p2a: Suicune|23\/404 tox
|-start|p2a: Suicune|confusion
|-activate|p2a: Suicune|confusion
|move|p2a: Suicune|Rest|p2a: Suicune
|-status|p2a: Suicune|slp
|-heal|p2a: Suicune|404\/404 slp|[silent]
|-status|p2a: Suicune|slp|[from] move: Rest
|
|turn|20
|
|switch|p2a: Krookodile|Krookodile, F|19\/331
|-ability|p2a: Krookodile|Intimidate|[of] p1a: Pidgeot
|-unboost|p1a: Pidgeot|atk|1
|move|p1a: Pidgeot|Hurricane|p2a: Krookodile
|-damage|p2a: Krookodile|0 fnt
|faint|p2a: Krookodile
|
|
|switch|p2a: Crobat|Crobat, M|134\/373
|turn|21
|
|move|p2a: Crobat|Acrobatics|p1a: Pidgeot
|-damage|p1a: Pidgeot|1\/307
|move|p1a: Pidgeot|Hurricane|p2a: Crobat
|-damage|p2a: Crobat|0 fnt
|faint|p2a: Crobat
|
|join|GoldWing149
|c|âEBV|lol
|c|âfreeroamer|ahh nice
|c|âfreeroamer|the rolls
|c| lawlgoml|ohoo
|
|switch|p2a: Lucario|Lucario, F|281\/281
|turn|22
|c| DNdomininini|lol
|
|move|p2a: Lucario|Vacuum Wave|p1a: Pidgeot
|-damage|p1a: Pidgeot|0 fnt
|-damage|p2a: Lucario|253\/281|[from] item: Life Orb
|faint|p1a: Pidgeot
|
|
|switch|p1a: Raikou|Raikou|321\/321
|-ability|p1a: Raikou|Pressure
|turn|23
|join|96zach6
|
|move|p1a: Raikou|Thunderbolt|p2a: Lucario
|-damage|p2a: Lucario|0 fnt
|faint|p2a: Lucario
|
|
|switch|p2a: Alakazam|Alakazam, F|251\/251
|turn|24
|
|move|p2a: Alakazam|Psyshock|p1a: Raikou
|-damage|p1a: Raikou|131\/321
|move|p1a: Raikou|Thunderbolt|p2a: Alakazam
|-damage|p2a: Alakazam|2\/251
|
|turn|25
|c| The Shadow Weavile|Woah lol
|
|switch|p1a: Suicune|Suicune|404\/404
|-ability|p1a: Suicune|Pressure
|move|p2a: Alakazam|Psyshock|p1a: Suicune
|-damage|p1a: Suicune|301\/404
|
|-heal|p1a: Suicune|326\/404|[from] item: Leftovers
|turn|26
|c| lawlgoml|1hps are real today!
|
|move|p2a: Alakazam|Psyshock|p1a: Suicune
|-damage|p1a: Suicune|236\/404
|move|p1a: Suicune|Scald|p2a: Alakazam
|-damage|p2a: Alakazam|0 fnt
|faint|p2a: Alakazam
|
|-heal|p1a: Suicune|261\/404|[from] item: Leftovers
|join|TwakkedOut
|
|switch|p2a: Suicune|Suicune|404\/404 slp
|-ability|p2a: Suicune|Pressure
|turn|27
|
|switch|p1a: Machamp|Machamp, F|108\/321
|cant|p2a: Suicune|slp
|move|p2a: Suicune|Sleep Talk|p2a: Suicune
|move|p2a: Suicune|Calm Mind|p2a: Suicune|[from]Sleep Talk
|-boost|p2a: Suicune|spa|1
|-boost|p2a: Suicune|spd|1
|
|turn|28
|join|Nonpker
|
|move|p1a: Machamp|Knock Off|p2a: Suicune
|-damage|p2a: Suicune|324\/404 slp
|-enditem|p2a: Suicune|Leftovers|[from] move: Knock Off|[of] p1a: Machamp
|cant|p2a: Suicune|slp
|move|p2a: Suicune|Sleep Talk|p2a: Suicune
|move|p2a: Suicune|Calm Mind|p2a: Suicune|[from]Sleep Talk
|-boost|p2a: Suicune|spa|1
|-boost|p2a: Suicune|spd|1
|
|turn|29
|
|move|p1a: Machamp|Knock Off|p2a: Suicune
|-damage|p2a: Suicune|272\/404 slp
|-curestatus|p2a: Suicune|slp
|move|p2a: Suicune|Calm Mind|p2a: Suicune
|-boost|p2a: Suicune|spa|1
|-boost|p2a: Suicune|spd|1
|
|turn|30
|
|switch|p1a: Raikou|Raikou|131\/321
|-ability|p1a: Raikou|Pressure
|move|p2a: Suicune|Calm Mind|p2a: Suicune
|-boost|p2a: Suicune|spa|1
|-boost|p2a: Suicune|spd|1
|
|turn|31
|
|move|p1a: Raikou|Thunderbolt|p2a: Suicune
|-supereffective|p2a: Suicune
|-damage|p2a: Suicune|146\/404
|move|p2a: Suicune|Scald|p1a: Raikou
|-damage|p1a: Raikou|0 fnt
|faint|p1a: Raikou
|
|
|switch|p1a: Machamp|Machamp, F|108\/321
|turn|32
|
|move|p1a: Machamp|Dynamic Punch|p2a: Suicune
|-damage|p2a: Suicune|32\/404
|-start|p2a: Suicune|confusion
|-activate|p2a: Suicune|confusion
|move|p2a: Suicune|Rest|p2a: Suicune
|-status|p2a: Suicune|slp
|-heal|p2a: Suicune|404\/404 slp|[silent]
|-status|p2a: Suicune|slp|[from] move: Rest
|
|turn|33
|c|âEBV|so close
|
|move|p1a: Machamp|Dynamic Punch|p2a: Suicune
|-damage|p2a: Suicune|283\/404 slp
|cant|p2a: Suicune|slp
|-activate|p2a: Suicune|confusion
|move|p2a: Suicune|Sleep Talk|p2a: Suicune
|move|p2a: Suicune|Scald|p1a: Machamp|[from]Sleep Talk
|-damage|p1a: Machamp|0 fnt
|faint|p1a: Machamp
|
|
|switch|p1a: Suicune|Suicune|261\/404
|-ability|p1a: Suicune|Pressure
|turn|34
|join|Roadside
|c| lawlgoml|GG
|
|cant|p2a: Suicune|slp
|-end|p2a: Suicune|confusion
|move|p2a: Suicune|Sleep Talk|p2a: Suicune
|move|p2a: Suicune|Scald|p1a: Suicune|[from]Sleep Talk
|-resisted|p1a: Suicune
|-damage|p1a: Suicune|151\/404
|move|p1a: Suicune|Calm Mind|p1a: Suicune
|-boost|p1a: Suicune|spa|1
|-boost|p1a: Suicune|spd|1
|
|-heal|p1a: Suicune|176\/404|[from] item: Leftovers
|turn|35
|c| Nonpker|sogh
|c| Nonpker|sigh
|c|âEBV|and it begins
|
|move|p1a: Suicune|Rest|p1a: Suicune
|-status|p1a: Suicune|slp
|-heal|p1a: Suicune|404\/404 slp|[silent]
|-status|p1a: Suicune|slp|[from] move: Rest
|-curestatus|p2a: Suicune|slp
|move|p2a: Suicune|Scald|p1a: Suicune
|-resisted|p1a: Suicune
|-damage|p1a: Suicune|324\/404 slp
|
|-heal|p1a: Suicune|349\/404 slp|[from] item: Leftovers
|turn|36
|c| The Shadow Weavile|Yep
|
|move|p2a: Suicune|Calm Mind|p2a: Suicune
|-boost|p2a: Suicune|spa|1
|-boost|p2a: Suicune|spd|1
|cant|p1a: Suicune|slp
|move|p1a: Suicune|Sleep Talk|p1a: Suicune
|move|p1a: Suicune|Calm Mind|p1a: Suicune|[from]Sleep Talk
|-boost|p1a: Suicune|spa|1
|-boost|p1a: Suicune|spd|1
|
|-heal|p1a: Suicune|374\/404 slp|[from] item: Leftovers
|turn|37
|
|cant|p1a: Suicune|slp
|move|p1a: Suicune|Sleep Talk|p1a: Suicune
|move|p1a: Suicune|Calm Mind|p1a: Suicune|[from]Sleep Talk
|-boost|p1a: Suicune|spa|1
|-boost|p1a: Suicune|spd|1
|move|p2a: Suicune|Calm Mind|p2a: Suicune
|-boost|p2a: Suicune|spa|1
|-boost|p2a: Suicune|spd|1
|
|-heal|p1a: Suicune|399\/404 slp|[from] item: Leftovers
|turn|38
|join|Collar Popped
|c| Nonpker|first crit wins
|c| Nonpker|lol
|c|âfreeroamer|no
|c|âEBV|indeed
|c|âfreeroamer|i lose
|c| Nonpker|ebv prob won
|c|âfreeroamer|but cba to forfeit
|c| Nonpker|nah u can win
|c|âfreeroamer|haxy as shit game
|
|-curestatus|p1a: Suicune|slp
|move|p1a: Suicune|Calm Mind|p1a: Suicune
|-boost|p1a: Suicune|spa|1
|-boost|p1a: Suicune|spd|1
|move|p2a: Suicune|Scald|p1a: Suicune
|-resisted|p1a: Suicune
|-damage|p1a: Suicune|345\/404
|
|-heal|p1a: Suicune|370\/404|[from] item: Leftovers
|turn|39
|c| lemPIA|ebv would be battling with petyer
|c| Collar Popped|it's a pp stall probably
|
|move|p2a: Suicune|Rest|p2a: Suicune
|-status|p2a: Suicune|slp
|-heal|p2a: Suicune|404\/404 slp|[silent]
|-status|p2a: Suicune|slp|[from] move: Rest
|move|p1a: Suicune|Calm Mind|p1a: Suicune
|-boost|p1a: Suicune|spa|1
|-boost|p1a: Suicune|spd|1
|
|-heal|p1a: Suicune|395\/404|[from] item: Leftovers
|turn|40
|leave|Collar Popped
|
|cant|p2a: Suicune|slp
|move|p2a: Suicune|Sleep Talk|p2a: Suicune
|move|p2a: Suicune|Calm Mind|p2a: Suicune|[from]Sleep Talk
|-fail|p2a: Suicune
|move|p1a: Suicune|Calm Mind|p1a: Suicune
|-boost|p1a: Suicune|spa|1
|-boost|p1a: Suicune|spd|1
|
|-heal|p1a: Suicune|404\/404|[from] item: Leftovers
|turn|41
|c| lemPIA|wow
|c| lemPIA|nice
|c|âEBV|so how your day
|
|move|p1a: Suicune|Scald|p2a: Suicune
|-resisted|p2a: Suicune
|-damage|p2a: Suicune|365\/404 slp
|cant|p2a: Suicune|slp
|move|p2a: Suicune|Sleep Talk|p2a: Suicune
|move|p2a: Suicune|Rest|p2a: Suicune|[from]Sleep Talk
|-fail|p2a: Suicune
|
|turn|42
|c| Nonpker|yup epv won
|c| lemPIA|dis is it
|c|âfreeroamer|considering my snorlax got haxed to death
|c| The Shadow Weavile|This is why I think Sub + CM is better lol
|c| DNdomininini|EBV has advantage at the time
|c|âfreeroamer|and i would have had it for this
|c| Nonpker|crit does 40%
|
|move|p1a: Suicune|Scald|p2a: Suicune
|-resisted|p2a: Suicune
|-damage|p2a: Suicune|330\/404 slp
|-curestatus|p2a: Suicune|slp
|move|p2a: Suicune|Sleep Talk|p2a: Suicune
|-fail|p2a: Suicune
|
|turn|43
|leave|Roadside
|
|move|p2a: Suicune|Scald|p1a: Suicune
|-crit|p1a: Suicune
|-resisted|p1a: Suicune
|-damage|p1a: Suicune|159\/404
|-status|p1a: Suicune|brn
|move|p1a: Suicune|Scald|p2a: Suicune
|-resisted|p2a: Suicune
|-damage|p2a: Suicune|295\/404
|
|-heal|p1a: Suicune|184\/404 brn|[from] item: Leftovers
|-damage|p1a: Suicune|134\/404 brn|[from] brn
|turn|44
|c| Nonpker|60
|c| Nonpker|lol
|
|move|p2a: Suicune|Scald|p1a: Suicune
|-resisted|p1a: Suicune
|-damage|p1a: Suicune|98\/404 brn
|move|p1a: Suicune|Rest|p1a: Suicune
|-status|p1a: Suicune|slp
|-heal|p1a: Suicune|404\/404 slp|[silent]
|-status|p1a: Suicune|slp|[from] move: Rest
|
|turn|45
|c| Nonpker|1 more crit!
|c| lemPIA|sht
|c|âEBV|i felt it
|c| lemPIA|intense
|c| Nonpker|lol
|
|move|p2a: Suicune|Calm Mind|p2a: Suicune
|-fail|p2a: Suicune
|cant|p1a: Suicune|slp
|move|p1a: Suicune|Sleep Talk|p1a: Suicune
|move|p1a: Suicune|Rest|p1a: Suicune|[from]Sleep Talk
|-fail|p1a: Suicune
|
|turn|46
|
|move|p2a: Suicune|Calm Mind|p2a: Suicune
|-fail|p2a: Suicune
|cant|p1a: Suicune|slp
|move|p1a: Suicune|Sleep Talk|p1a: Suicune
|move|p1a: Suicune|Calm Mind|p1a: Suicune|[from]Sleep Talk
|-fail|p1a: Suicune
|
|turn|47
|c| DNdomininini|the 1 year battles are real
|c| The Shadow Weavile|Ran out of PP
|c| The Shadow Weavile|Oh no lol
|
|-curestatus|p1a: Suicune|slp
|move|p1a: Suicune|Sleep Talk|p1a: Suicune
|-fail|p1a: Suicune
|move|p2a: Suicune|Calm Mind|p2a: Suicune
|-fail|p2a: Suicune
|
|turn|48
|
|move|p2a: Suicune|Calm Mind|p2a: Suicune
|-fail|p2a: Suicune
|move|p1a: Suicune|Scald|p2a: Suicune
|-resisted|p2a: Suicune
|-damage|p2a: Suicune|259\/404
|
|turn|49
|
|move|p2a: Suicune|Calm Mind|p2a: Suicune
|-fail|p2a: Suicune
|move|p1a: Suicune|Scald|p2a: Suicune
|-resisted|p2a: Suicune
|-damage|p2a: Suicune|223\/404
|-status|p2a: Suicune|brn
|
|-damage|p2a: Suicune|173\/404 brn|[from] brn
|turn|50
|
|move|p2a: Suicune|Rest|p2a: Suicune
|-status|p2a: Suicune|slp
|-heal|p2a: Suicune|404\/404 slp|[silent]
|-status|p2a: Suicune|slp|[from] move: Rest
|move|p1a: Suicune|Scald|p2a: Suicune
|-resisted|p2a: Suicune
|-damage|p2a: Suicune|367\/404 slp
|
|turn|51
|c| lemPIA|sht
|c| lemPIA|wat da fuk
|c| lemPIA|damn
|
|cant|p2a: Suicune|slp
|move|p1a: Suicune|Calm Mind|p1a: Suicune
|-fail|p1a: Suicune
|
|turn|52
|c| lemPIA|stahppppppp
|
|cant|p2a: Suicune|slp
|move|p1a: Suicune|Calm Mind|p1a: Suicune
|-fail|p1a: Suicune
|
|turn|53
|leave|Nonpker
|
|move|p1a: Suicune|Calm Mind|p1a: Suicune
|-fail|p1a: Suicune
|-curestatus|p2a: Suicune|slp
|move|p2a: Suicune|Calm Mind|p2a: Suicune
|-fail|p2a: Suicune
|
|turn|54
|c|âEBV|100 turns later suicune use calm mind
|
|move|p1a: Suicune|Calm Mind|p1a: Suicune
|-fail|p1a: Suicune
|move|p2a: Suicune|Calm Mind|p2a: Suicune
|-fail|p2a: Suicune
|
|turn|55
|c| lemPIA|fuhk
|c| lemPIA|oOOOOOooooooooo
|c| lemPIA|burnnnnnnnnnnnn
|c| lemPIA|rest
|
|move|p1a: Suicune|Scald|p2a: Suicune
|-resisted|p2a: Suicune
|-damage|p2a: Suicune|331\/404
|move|p2a: Suicune|Calm Mind|p2a: Suicune
|-fail|p2a: Suicune
|
|turn|56
|c| lemPIA|lol
|join|lachtiger95
|
|move|p1a: Suicune|Sleep Talk|p1a: Suicune
|-fail|p1a: Suicune
|move|p2a: Suicune|Calm Mind|p2a: Suicune
|-fail|p2a: Suicune
|
|turn|57
|
|move|p2a: Suicune|Calm Mind|p2a: Suicune
|-fail|p2a: Suicune
|move|p1a: Suicune|Calm Mind|p1a: Suicune
|-fail|p1a: Suicune
|
|turn|58
|join|Swagburn
|c|âEBV|raikou failed me in this
|
|move|p2a: Suicune|Calm Mind|p2a: Suicune
|-fail|p2a: Suicune
|move|p1a: Suicune|Calm Mind|p1a: Suicune
|-fail|p1a: Suicune
|
|turn|59
|c| The Shadow Weavile|lol
|
|move|p2a: Suicune|Calm Mind|p2a: Suicune
|-fail|p2a: Suicune
|move|p1a: Suicune|Calm Mind|p1a: Suicune
|-fail|p1a: Suicune
|
|turn|60
|leave|96zach6
|
|move|p2a: Suicune|Rest|p2a: Suicune
|-status|p2a: Suicune|slp
|-heal|p2a: Suicune|404\/404 slp|[silent]
|-status|p2a: Suicune|slp|[from] move: Rest
|move|p1a: Suicune|Calm Mind|p1a: Suicune
|-fail|p1a: Suicune
|
|turn|61
|c| Swagburn|We can't have this guy roam free
|leave|Clowns'Abound
|
|cant|p2a: Suicune|slp
|move|p1a: Suicune|Calm Mind|p1a: Suicune
|-fail|p1a: Suicune
|
|turn|62
|c|âfreeroamer|:<
|c| lemPIA|pp battle?
|
|move|p1a: Suicune|Calm Mind|p1a: Suicune
|-fail|p1a: Suicune
|cant|p2a: Suicune|slp
|
|turn|63
|
|move|p1a: Suicune|Calm Mind|p1a: Suicune
|-fail|p1a: Suicune
|-curestatus|p2a: Suicune|slp
|move|p2a: Suicune|Sleep Talk|p2a: Suicune
|-fail|p2a: Suicune
|
|turn|64
|c| lemPIA|who has more pp?
|join|Cbhulk92
|c| TwakkedOut|ebv has more
|join|Dirpz
|join|Xion76
|join|Heroe del Tiempo
|
|move|p1a: Suicune|Calm Mind|p1a: Suicune
|-fail|p1a: Suicune
|move|p2a: Suicune|Calm Mind|p2a: Suicune
|-fail|p2a: Suicune
|
|turn|65
|
|move|p2a: Suicune|Calm Mind|p2a: Suicune
|-fail|p2a: Suicune
|move|p1a: Suicune|Calm Mind|p1a: Suicune
|-fail|p1a: Suicune
|
|turn|66
|
|move|p1a: Suicune|Scald|p2a: Suicune
|-resisted|p2a: Suicune
|-damage|p2a: Suicune|366\/404
|-status|p2a: Suicune|brn
|move|p2a: Suicune|Calm Mind|p2a: Suicune
|-fail|p2a: Suicune
|
|-damage|p2a: Suicune|316\/404 brn|[from] brn
|turn|67
|c| lemPIA|i cant take dis
|c| lemPIA|lol
|join|Frickett
|c|âEBV|take that
|
|move|p2a: Suicune|Rest|p2a: Suicune
|-status|p2a: Suicune|slp
|-heal|p2a: Suicune|404\/404 slp|[silent]
|-status|p2a: Suicune|slp|[from] move: Rest
|move|p1a: Suicune|Calm Mind|p1a: Suicune
|-fail|p1a: Suicune
|
|turn|68
|leave|Frickett
|
|move|p1a: Suicune|Sleep Talk|p1a: Suicune
|-fail|p1a: Suicune
|cant|p2a: Suicune|slp
|
|turn|69
|
|cant|p2a: Suicune|slp
|move|p1a: Suicune|Sleep Talk|p1a: Suicune
|-fail|p1a: Suicune
|
|turn|70
|c| lemPIA|sht
|
|-curestatus|p2a: Suicune|slp
|move|p2a: Suicune|Calm Mind|p2a: Suicune
|-fail|p2a: Suicune
|move|p1a: Suicune|Calm Mind|p1a: Suicune
|-fail|p1a: Suicune
|
|turn|71
|
|move|p1a: Suicune|Calm Mind|p1a: Suicune
|-fail|p1a: Suicune
|move|p2a: Suicune|Calm Mind|p2a: Suicune
|-fail|p2a: Suicune
|
|turn|72
|
|move|p1a: Suicune|Calm Mind|p1a: Suicune
|-fail|p1a: Suicune
|move|p2a: Suicune|Calm Mind|p2a: Suicune
|-fail|p2a: Suicune
|
|turn|73
|
|move|p2a: Suicune|Calm Mind|p2a: Suicune
|-fail|p2a: Suicune
|move|p1a: Suicune|Rest|p1a: Suicune
|-fail|p1a: Suicune
|
|turn|74
|c| lemPIA|will dis battle be up to 100 turns?
|c| lemPIA|not sure
|
|move|p2a: Suicune|Calm Mind|p2a: Suicune
|-fail|p2a: Suicune
|move|p1a: Suicune|Rest|p1a: Suicune
|-fail|p1a: Suicune
|
|turn|75
|
|move|p1a: Suicune|Sleep Talk|p1a: Suicune
|-fail|p1a: Suicune
|move|p2a: Suicune|Calm Mind|p2a: Suicune
|-fail|p2a: Suicune
|
|turn|76
|
|move|p1a: Suicune|Rest|p1a: Suicune
|-fail|p1a: Suicune
|move|p2a: Suicune|Calm Mind|p2a: Suicune
|-fail|p2a: Suicune
|
|turn|77
|join|Naruto(sage)
|c| DNdomininini|ive played a battle that lasted 136 turns i was up all night
|
|move|p1a: Suicune|Rest|p1a: Suicune
|-fail|p1a: Suicune
|move|p2a: Suicune|Calm Mind|p2a: Suicune
|-fail|p2a: Suicune
|
|turn|78
|join|Enj
|c|âEBV|loooool
|c| Swagburn|I've been in a 2296 turn battle goml
|c| lemPIA|quaaaaaaaaaaag sireeeeeee
|c| The Shadow Weavile|I've seen a battle that lasted over 200 turns here once
|c|âfreeroamer|you guys have never seen 300 turn GSC stall wars clearly
|c| The Shadow Weavile|Just because it was stall vs. stall
|c| DNdomininini|it was chansey vs mega venusaur before oras
|
|move|p1a: Suicune|Calm Mind|p1a: Suicune
|-fail|p1a: Suicune
|move|p2a: Suicune|Calm Mind|p2a: Suicune
|-fail|p2a: Suicune
|
|turn|79
|c| Swagburn|btw I'm feliburn and I can confirm
|c| Swagburn|2296 turn battle happened
|
|move|p2a: Suicune|Calm Mind|p2a: Suicune
|-fail|p2a: Suicune
|move|p1a: Suicune|Rest|p1a: Suicune
|-fail|p1a: Suicune
|
|turn|80
|c| lemPIA|ders this klefki battle that lasted for 1000 turns
|join|Collar Popped
|
|move|p1a: Suicune|Calm Mind|p1a: Suicune
|-fail|p1a: Suicune
|move|p2a: Suicune|Calm Mind|p2a: Suicune
|-fail|p2a: Suicune
|
|turn|81
|c| DNdomininini|lol
|
|move|p1a: Suicune|Calm Mind|p1a: Suicune
|-fail|p1a: Suicune
|move|p2a: Suicune|Calm Mind|p2a: Suicune
|-fail|p2a: Suicune
|
|turn|82
|c| lawlgoml|MAKE IT STOP!!
|c| DNdomininini|man i feel bad for those guys especially the one who lost
|c| The Shadow Weavile|Swag, 2296 turn? Those people have NO life lol
|c| lemPIA|STAHHHHHHHP
|
|move|p2a: Suicune|Calm Mind|p2a: Suicune
|-fail|p2a: Suicune
|move|p1a: Suicune|Calm Mind|p1a: Suicune
|-fail|p1a: Suicune
|
|turn|83
|c| Swagburn|lol well we actually switched players
|leave|Collar Popped
|c|âEBV|dude how many pp left for real
|
|move|p2a: Suicune|Sleep Talk|p2a: Suicune
|-fail|p2a: Suicune
|move|p1a: Suicune|Calm Mind|p1a: Suicune
|-fail|p1a: Suicune
|
|turn|84
|c| Swagburn|Like one would leave and other would take his place
|leave|XDG King Cole
|c| DNdomininini|the pointless calm minds to save pp are real
|c| The Shadow Weavile|Wow
|c| Swagburn|We crashed the server
|c| The Shadow Weavile|Really?
|c| Swagburn|Lag was unreal
|c| Swagburn|Ask hydro impact lol
|c|âEBV|i have 29pp total
|c| lemPIA|quaaaaaaaaaaaaaaaaaaaag sireeeeeeeee
|c| Swagburn|It happened a year ago
|
|move|p2a: Suicune|Sleep Talk|p2a: Suicune
|-fail|p2a: Suicune
|move|p1a: Suicune|Calm Mind|p1a: Suicune
|-fail|p1a: Suicune
|
|turn|85
|c| The Shadow Weavile|Was it a challenge to see how long a battle could last?
|c| lemPIA|dis is fuhked up
|
|move|p1a: Suicune|Rest|p1a: Suicune
|-fail|p1a: Suicune
|move|p2a: Suicune|Sleep Talk|p2a: Suicune
|-fail|p2a: Suicune
|
|turn|86
|
|move|p2a: Suicune|Sleep Talk|p2a: Suicune
|-fail|p2a: Suicune
|move|p1a: Suicune|Rest|p1a: Suicune
|-fail|p1a: Suicune
|
|turn|87
|
|move|p2a: Suicune|Sleep Talk|p2a: Suicune
|-fail|p2a: Suicune
|move|p1a: Suicune|Sleep Talk|p1a: Suicune
|-fail|p1a: Suicune
|
|turn|88
|leave|GoldWing149
|
|move|p1a: Suicune|Sleep Talk|p1a: Suicune
|-fail|p1a: Suicune
|move|p2a: Suicune|Sleep Talk|p2a: Suicune
|-fail|p2a: Suicune
|
|turn|89
|c| lemPIA|will this be a struggle battle?
|
|move|p1a: Suicune|Sleep Talk|p1a: Suicune
|-fail|p1a: Suicune
|move|p2a: Suicune|Sleep Talk|p2a: Suicune
|-fail|p2a: Suicune
|
|turn|90
|c| lawlgoml|ya
|c|âEBV|looks like
|join|Collar Popped
|c| lawlgoml|!
|
|move|p1a: Suicune|Sleep Talk|p1a: Suicune
|-fail|p1a: Suicune
|move|p2a: Suicune|Sleep Talk|p2a: Suicune
|-fail|p2a: Suicune
|
|turn|91
|
|move|p1a: Suicune|Sleep Talk|p1a: Suicune
|-fail|p1a: Suicune
|move|p2a: Suicune|Scald|p1a: Suicune
|-resisted|p1a: Suicune
|-damage|p1a: Suicune|365\/404
|-status|p1a: Suicune|brn
|
|-heal|p1a: Suicune|390\/404 brn|[from] item: Leftovers
|-damage|p1a: Suicune|340\/404 brn|[from] brn
|turn|92
|c| DNdomininini|are u seriously going to waste all of yur pp and go scald vs scald at the end
|
|move|p2a: Suicune|Rest|p2a: Suicune
|-fail|p2a: Suicune
|move|p1a: Suicune|Rest|p1a: Suicune
|-status|p1a: Suicune|slp
|-heal|p1a: Suicune|404\/404 slp|[silent]
|-status|p1a: Suicune|slp|[from] move: Rest
|
|turn|93
|join|Mediocre Manifesto
|
|move|p2a: Suicune|Rest|p2a: Suicune
|-fail|p2a: Suicune
|cant|p1a: Suicune|slp
|
|turn|94
|
|move|p2a: Suicune|Rest|p2a: Suicune
|-fail|p2a: Suicune
|cant|p1a: Suicune|slp
|
|turn|95
|c|âfreeroamer|well
|c|âfreeroamer|had my snorlax not got confused
|join|mkaydo
|c|âfreeroamer|and hit itself
|leave|Naruto(sage)
|leave|mkaydo
|c|âfreeroamer|i would have still had it
|join|Naruto(sage)
|c|âfreeroamer|for this
|
|-curestatus|p1a: Suicune|slp
|move|p1a: Suicune|Calm Mind|p1a: Suicune
|-fail|p1a: Suicune
|move|p2a: Suicune|Rest|p2a: Suicune
|-fail|p2a: Suicune
|
|turn|96
|c| lemPIA|its kinda stooped how pokemon hit theirselves
|c| lemPIA|XD
|
|move|p1a: Suicune|Sleep Talk|p1a: Suicune
|-fail|p1a: Suicune
|move|p2a: Suicune|Rest|p2a: Suicune
|-fail|p2a: Suicune
|
|turn|97
|c|âEBV|truuuuuuuuuuuuuu
|
|move|p2a: Suicune|Rest|p2a: Suicune
|-fail|p2a: Suicune
|move|p1a: Suicune|Sleep Talk|p1a: Suicune
|-fail|p1a: Suicune
|
|turn|98
|c| TwakkedOut|dont you mean stupid?
|c| TwakkedOut|lmao
|
|move|p1a: Suicune|Calm Mind|p1a: Suicune
|-fail|p1a: Suicune
|move|p2a: Suicune|Rest|p2a: Suicune
|-fail|p2a: Suicune
|
|turn|99
|c| lemPIA|yup
|
|move|p2a: Suicune|Scald|p1a: Suicune
|-resisted|p1a: Suicune
|-damage|p1a: Suicune|369\/404
|-status|p1a: Suicune|brn
|move|p1a: Suicune|Scald|p2a: Suicune
|-resisted|p2a: Suicune
|-damage|p2a: Suicune|369\/404
|
|-heal|p1a: Suicune|394\/404 brn|[from] item: Leftovers
|-damage|p1a: Suicune|344\/404 brn|[from] brn
|turn|100
|
|move|p2a: Suicune|Rest|p2a: Suicune
|-status|p2a: Suicune|slp
|-heal|p2a: Suicune|404\/404 slp|[silent]
|-status|p2a: Suicune|slp|[from] move: Rest
|move|p1a: Suicune|Rest|p1a: Suicune
|-status|p1a: Suicune|slp
|-heal|p1a: Suicune|404\/404 slp|[silent]
|-status|p1a: Suicune|slp|[from] move: Rest
|
|turn|101
|c| lemPIA|turn 100
|c| lemPIA|WoooooOOOOOOOOOOOOOOOO
|c| lemPIA|congrats
|
|cant|p2a: Suicune|slp
|cant|p1a: Suicune|slp
|
|turn|102
|c|âEBV|T_T
|
|cant|p2a: Suicune|slp
|cant|p1a: Suicune|slp
|
|turn|103
|c| DNdomininini|welp
|join|GreatExpectations
|
|-curestatus|p2a: Suicune|slp
|move|p2a: Suicune|Scald|p1a: Suicune
|-resisted|p1a: Suicune
|-damage|p1a: Suicune|365\/404 slp
|-curestatus|p1a: Suicune|slp
|move|p1a: Suicune|Calm Mind|p1a: Suicune
|-fail|p1a: Suicune
|
|-heal|p1a: Suicune|390\/404|[from] item: Leftovers
|turn|104
|
|move|p2a: Suicune|Scald|p1a: Suicune
|-resisted|p1a: Suicune
|-damage|p1a: Suicune|353\/404
|move|p1a: Suicune|Calm Mind|p1a: Suicune
|-fail|p1a: Suicune
|
|-heal|p1a: Suicune|378\/404|[from] item: Leftovers
|turn|105
|
|move|p2a: Suicune|Scald|p1a: Suicune
|-resisted|p1a: Suicune
|-damage|p1a: Suicune|343\/404
|-status|p1a: Suicune|brn
|move|p1a: Suicune|Calm Mind|p1a: Suicune
|-fail|p1a: Suicune
|
|-heal|p1a: Suicune|368\/404 brn|[from] item: Leftovers
|-damage|p1a: Suicune|318\/404 brn|[from] brn
|turn|106
|c| DNdomininini|this might go down to struggle
|
|move|p1a: Suicune|Rest|p1a: Suicune
|-status|p1a: Suicune|slp
|-heal|p1a: Suicune|404\/404 slp|[silent]
|-status|p1a: Suicune|slp|[from] move: Rest
|move|p2a: Suicune|Scald|p1a: Suicune
|-resisted|p1a: Suicune
|-damage|p1a: Suicune|367\/404 slp
|
|-heal|p1a: Suicune|392\/404 slp|[from] item: Leftovers
|turn|107
|join|furioc
|
|move|p2a: Suicune|Rest|p2a: Suicune
|-fail|p2a: Suicune
|cant|p1a: Suicune|slp
|
|-heal|p1a: Suicune|404\/404 slp|[from] item: Leftovers
|turn|108
|c| lemPIA|struggle it is
|
|move|p2a: Suicune|Rest|p2a: Suicune
|-fail|p2a: Suicune
|cant|p1a: Suicune|slp
|
|turn|109
|
|-curestatus|p1a: Suicune|slp
|move|p1a: Suicune|Scald|p2a: Suicune
|-resisted|p2a: Suicune
|-damage|p2a: Suicune|369\/404
|move|p2a: Suicune|Struggle|p1a: Suicune
|-damage|p1a: Suicune|386\/404
|-damage|p2a: Suicune|268\/404
|
|-heal|p1a: Suicune|404\/404|[from] item: Leftovers
|turn|110
|
|move|p2a: Suicune|Struggle|p1a: Suicune
|-damage|p1a: Suicune|387\/404
|-damage|p2a: Suicune|167\/404
|move|p1a: Suicune|Scald|p2a: Suicune
|-resisted|p2a: Suicune
|-damage|p2a: Suicune|130\/404
|
|-heal|p1a: Suicune|404\/404|[from] item: Leftovers
|turn|111
|c| DNdomininini|its over
|c| furioc|this is the essence of UU
|join|QUANQUAN31611
|
|move|p1a: Suicune|Scald|p2a: Suicune
|-resisted|p2a: Suicune
|-damage|p2a: Suicune|88\/404
|-status|p2a: Suicune|brn
|move|p2a: Suicune|Struggle|p1a: Suicune
|-damage|p1a: Suicune|395\/404
|-damage|p2a: Suicune|0 fnt
|faint|p2a: Suicune
|
|win|EBV
|c| lemPIA|dis is it
|c| TwakkedOut|xD
|c|âfreeroamer|stupid crit
|c| DNdomininini|gg
|c| lemPIA|WOoooooooooooooooooooooooo
|leave|The Shadow Weavile
|c|âfreeroamer|confuse*
|leave|lachtiger95
|leave|Heroe del Tiempo
|c| lawlgoml|gg
|leave|GreatExpectations
|leave|freeroamer
|player|p2
|leave|DNdomininini
|leave|TwakkedOut
|leave|EBV
|leave|lemPIA
|player|p1
|leave|furioc