|join|Zenza
|join|Reverb
|player|p1|Zenza|167
|player|p2|Reverb|#reverb
|gametype|singles
|gen|6
|tier|OU
|rated
|clearpoke
|poke|p1|Landorus-Therian, M
|poke|p1|Tyranitar, F
|poke|p1|Diancie
|poke|p1|Ferrothorn, M
|poke|p1|Starmie
|poke|p1|Latios, M
|poke|p2|Landorus, M
|poke|p2|Celebi
|poke|p2|Heatran, M
|poke|p2|Conkeldurr, F
|poke|p2|Azumarill, F
|poke|p2|Metagross
|rule|Swagger Clause: Swagger is banned
|rule|Baton Pass Clause: Limit one PokÃ©mon knowing Baton Pass
|rule|Sleep Clause Mod: Limit one foe put to sleep
|rule|Species Clause: Limit one of each PokÃ©mon
|rule|OHKO Clause: OHKO moves are banned
|rule|Moody Clause: Moody is banned
|rule|Evasion Moves Clause: Evasion moves are banned
|rule|Endless Battle Clause: Forcing endless battles is banned
|rule|HP Percentage Mod: HP is shown in percentages
|teampreview
|c|âZenza|gl
|
|start
|switch|p1a: Landorus-Therian|Landorus-Therian, M|375\/375
|switch|p2a: Landorus|Landorus, M|319\/319
|-ability|p1a: Landorus-Therian|Intimidate|[of] p2a: Landorus
|-unboost|p2a: Landorus|atk|1
|turn|1
|c|âReverb|u2
|
|move|p2a: Landorus|Psychic|p1a: Landorus-Therian
|-damage|p1a: Landorus-Therian|135\/375
|move|p1a: Landorus-Therian|Hidden Power|p2a: Landorus
|-supereffective|p2a: Landorus
|-damage|p2a: Landorus|43\/319
|
|-heal|p1a: Landorus-Therian|158\/375|[from] item: Leftovers
|turn|2
|join|Davon
|join|WECAMEASROMANS
|join|Jukain
|
|switch|p1a: Latios|Latios, M|301\/301
|move|p2a: Landorus|Psychic|p1a: Latios
|-resisted|p1a: Latios
|-damage|p1a: Latios|223\/301
|
|turn|3
|join|Bloodz
|join|Ox the Box
|
|switch|p1a: Landorus-Therian|Landorus-Therian, M|158\/375
|-ability|p1a: Landorus-Therian|Intimidate|[of] p2a: Landorus
|-unboost|p2a: Landorus|atk|1
|switch|p2a: Heatran|Heatran, M|385\/385
|
|-heal|p1a: Landorus-Therian|181\/375|[from] item: Leftovers
|turn|4
|leave|WECAMEASROMANS
|join|tomi â¥ bello
|join|DeejTest
|
|move|p2a: Heatran|Stealth Rock|p1a: Landorus-Therian
|-sidestart|p1: Zenza|move: Stealth Rock
|move|p1a: Landorus-Therian|Stealth Rock|p2a: Heatran
|-sidestart|p2: Reverb|move: Stealth Rock
|
|-heal|p1a: Landorus-Therian|204\/375|[from] item: Leftovers
|turn|5
|join|lil manaphy
|c| DeejTest|ug zenza your so bad
|c| DeejTest|are you gon lose a OU battle after a UU and NU?
|c| DeejTest|show dese Ouers wuts gud
|
|switch|p2a: Landorus|Landorus, M|43\/319
|-damage|p2a: Landorus|4\/319|[from] Stealth Rock
|move|p1a: Landorus-Therian|Earthquake|p2a: Landorus
|-immune|p2a: Landorus|[msg]
|
|-heal|p1a: Landorus-Therian|227\/375|[from] item: Leftovers
|turn|6
|join|UrsaReign
|join|MoB Barley
|
|switch|p1a: Latios|Latios, M|223\/301
|-damage|p1a: Latios|186\/301|[from] Stealth Rock
|move|p2a: Landorus|Knock Off|p1a: Latios
|-supereffective|p1a: Latios
|-damage|p1a: Latios|0 fnt
|-enditem|p1a: Latios|Life Orb|[from] move: Knock Off|[of] p2a: Landorus
|-damage|p2a: Landorus|0 fnt|[from] item: Life Orb
|faint|p1a: Latios
|faint|p2a: Landorus
|
|join|AtrueGenius
|
|switch|p1a: Starmie|Starmie|261\/261
|switch|p2a: Azumarill|Azumarill, F|372\/372
|-damage|p1a: Starmie|229\/261|[from] Stealth Rock
|-damage|p2a: Azumarill|326\/372|[from] Stealth Rock
|turn|7
|
|switch|p1a: Ferrothorn|Ferrothorn, M|352\/352
|-damage|p1a: Ferrothorn|330\/352|[from] Stealth Rock
|move|p2a: Azumarill|Play Rough|p1a: Ferrothorn
|-resisted|p1a: Ferrothorn
|-damage|p1a: Ferrothorn|215\/352
|-damage|p2a: Azumarill|280\/372|[from] ability: Iron Barbs|[of] p1a: Ferrothorn
|
|-heal|p1a: Ferrothorn|237\/352|[from] item: Leftovers
|turn|8
|join|SilverReaper21
|join|Joonitor
|
|switch|p2a: Celebi|Celebi|404\/404
|-damage|p2a: Celebi|354\/404|[from] Stealth Rock
|move|p1a: Ferrothorn|Spikes|p2a: Celebi
|-sidestart|p2: Reverb|Spikes
|
|-heal|p2a: Celebi|379\/404|[from] item: Leftovers
|-heal|p1a: Ferrothorn|259\/352|[from] item: Leftovers
|turn|9
|
|move|p2a: Celebi|U-turn|p1a: Ferrothorn
|-damage|p1a: Ferrothorn|226\/352
|-damage|p2a: Celebi|329\/404|[from] ability: Iron Barbs|[of] p1a: Ferrothorn
|
|switch|p2a: Conkeldurr|Conkeldurr, F|364\/364
|-damage|p2a: Conkeldurr|342\/364|[from] Stealth Rock
|-damage|p2a: Conkeldurr|297\/364|[from] Spikes
|move|p1a: Ferrothorn|Leech Seed|p2a: Conkeldurr
|-start|p2a: Conkeldurr|move: Leech Seed
|
|-heal|p1a: Ferrothorn|248\/352|[from] item: Leftovers
|-damage|p2a: Conkeldurr|252\/364|[from] Leech Seed|[of] p1a: Ferrothorn
|-heal|p1a: Ferrothorn|293\/352|[silent]
|turn|10
|join|Spooter
|
|move|p1a: Ferrothorn|Protect|p1a: Ferrothorn
|-singleturn|p1a: Ferrothorn|Protect
|move|p2a: Conkeldurr|Drain Punch|p1a: Ferrothorn
|-activate|p1a: Ferrothorn|Protect
|
|-heal|p1a: Ferrothorn|315\/352|[from] item: Leftovers
|-damage|p2a: Conkeldurr|207\/364|[from] Leech Seed|[of] p1a: Ferrothorn
|-heal|p1a: Ferrothorn|352\/352|[silent]
|turn|11
|
|switch|p1a: Landorus-Therian|Landorus-Therian, M|227\/375
|-damage|p1a: Landorus-Therian|181\/375|[from] Stealth Rock
|-ability|p1a: Landorus-Therian|Intimidate|[of] p2a: Conkeldurr
|-unboost|p2a: Conkeldurr|atk|1
|move|p2a: Conkeldurr|Knock Off|p1a: Landorus-Therian
|-damage|p1a: Landorus-Therian|107\/375
|-enditem|p1a: Landorus-Therian|Leftovers|[from] move: Knock Off|[of] p2a: Conkeldurr
|
|-damage|p2a: Conkeldurr|162\/364|[from] Leech Seed|[of] p1a: Landorus-Therian
|-heal|p1a: Landorus-Therian|152\/375|[silent]
|turn|12
|
|switch|p2a: Azumarill|Azumarill, F|280\/372
|-damage|p2a: Azumarill|234\/372|[from] Stealth Rock
|-damage|p2a: Azumarill|188\/372|[from] Spikes
|move|p1a: Landorus-Therian|Earthquake|p2a: Azumarill
|-damage|p2a: Azumarill|16\/372
|
|turn|13
|
|move|p1a: Landorus-Therian|Earthquake|p2a: Azumarill
|-damage|p2a: Azumarill|0 fnt
|faint|p2a: Azumarill
|
|
|switch|p2a: Metagross|Metagross|301\/301
|-damage|p2a: Metagross|264\/301|[from] Spikes
|-damage|p2a: Metagross|246\/301|[from] Stealth Rock
|turn|14
|c| DeejTest|;D knew it
|c| DeejTest|superpower is standard right?
|c|âZenza|on cb
|c| DeejTest|kk
|
|switch|p1a: Ferrothorn|Ferrothorn, M|352\/352
|-damage|p1a: Ferrothorn|330\/352|[from] Stealth Rock
|detailschange|p2a: Metagross|Metagross-Mega
|-mega|p2a: Metagross|Metagross|Metagrossite
|move|p2a: Metagross|Meteor Mash|p1a: Ferrothorn
|-resisted|p1a: Ferrothorn
|-damage|p1a: Ferrothorn|241\/352
|-damage|p2a: Metagross|209\/301|[from] ability: Iron Barbs|[of] p1a: Ferrothorn
|
|-heal|p1a: Ferrothorn|263\/352|[from] item: Leftovers
|turn|15
|c| DeejTest|yeah i assume waterfall AJ PR on belly
|c|âReverb|gdi im still in a slump
|join|Lord Kuvira
|
|switch|p2a: Conkeldurr|Conkeldurr, F|162\/364
|-damage|p2a: Conkeldurr|117\/364|[from] Spikes
|-damage|p2a: Conkeldurr|95\/364|[from] Stealth Rock
|move|p1a: Ferrothorn|Leech Seed|p2a: Conkeldurr
|-start|p2a: Conkeldurr|move: Leech Seed
|
|-heal|p1a: Ferrothorn|285\/352|[from] item: Leftovers
|-damage|p2a: Conkeldurr|50\/364|[from] Leech Seed|[of] p1a: Ferrothorn
|-heal|p1a: Ferrothorn|330\/352|[silent]
|turn|16
|join|Open Bibles
|join|tomi â¥ bello
|
|switch|p2a: Heatran|Heatran, M|385\/385
|-damage|p2a: Heatran|337\/385|[from] Spikes
|-damage|p2a: Heatran|289\/385|[from] Stealth Rock
|move|p1a: Ferrothorn|Protect|p1a: Ferrothorn
|-fail|p1a: Ferrothorn
|
|-heal|p2a: Heatran|313\/385|[from] item: Leftovers
|-heal|p1a: Ferrothorn|352\/352|[from] item: Leftovers
|turn|17
|c| Ox the Box|reverb
|c| Ox the Box|use zardy
|c| Ox the Box|easy ladder wins
|-message|Reverb forfeited.
|
|win|Zenza
|raw|Ladder updating...
|raw|Zenza's rating: 1726 &rarr; <strong>1741<\/strong><br \/>(+15 for winning)
|raw|Reverb's rating: 1625 &rarr; <strong>1611<\/strong><br \/>(-14 for losing)
|c|âReverb|yeah fine
|c|âZenza|gg
|leave|Reverb
|player|p2
|c| DeejTest|gj zenzy
|leave|MoB Barley
|leave|Bloodz
|leave|AtrueGenius
|leave|Zenza
|player|p1
|leave|Ox the Box
|leave|UrsaReign
|leave|DeejTest
|leave|Joonitor
|join|UrsaReign
|leave|tomi â¥ bello
|leave|lil manaphy
|leave|UrsaReign
|leave|SilverReaper21
|join|UrsaReign
|leave|UrsaReign
|join|Arcadian Blaze
|leave|Arcadian Blaze
|leave|Spooter
|join|AtrueGenius
|leave|AtrueGenius
|leave|Davon
|leave|Lord Kuvira
|join|Zenza