|join|Zenza
|join|Thrillz
|c|âZenza|lag
|player|p1|Zenza|167
|player|p2|Thrillz|1
|gametype|singles
|gen|6
|tier|OU
|clearpoke
|poke|p1|Sableye, M
|poke|p1|Keldeo
|poke|p1|Talonflame, M
|poke|p1|Tyranitar, F
|poke|p1|Landorus-Therian, M
|poke|p1|Latios, M
|poke|p2|Lopunny, F, shiny
|poke|p2|Azelf
|poke|p2|Breloom, F
|poke|p2|Azumarill, F
|poke|p2|Thundurus, M
|poke|p2|Gengar, F
|rule|Swagger Clause: Swagger is banned
|rule|Baton Pass Clause: Limit one PokÃ©mon knowing Baton Pass
|rule|Sleep Clause Mod: Limit one foe put to sleep
|rule|Species Clause: Limit one of each PokÃ©mon
|rule|OHKO Clause: OHKO moves are banned
|rule|Moody Clause: Moody is banned
|rule|Evasion Moves Clause: Evasion moves are banned
|rule|Endless Battle Clause: Forcing endless battles is banned
|rule|HP Percentage Mod: HP is shown in percentages
|teampreview
|c|âZenza|inb4 the format
|c|âZenza|im so pro
|c|âZenza|oh wait
|c|âZenza|ik for a fact
|c|âZenza|ur gonna be
|
|start
|switch|p1a: Sableye|Sableye, M|303\/303
|switch|p2a: Azelf|Azelf|291\/291
|turn|1
|c|âZenza|skill swap
|c|âThrillz|Ofc
|c|âZenza|haha
|c|âThrillz|not al i have tho
|c|âZenza|wp
|
|detailschange|p1a: Sableye|Sableye-Mega, M
|-mega|p1a: Sableye|Sableye|Sablenite
|move|p2a: Azelf|Skill Swap|p1a: Sableye
|-activate|p2a: Azelf|move: Skill Swap|Magic Bounce|Levitate|[of] p1a: Sableye
|move|p1a: Sableye|Knock Off|p2a: Azelf
|-supereffective|p2a: Azelf
|-enditem|p2a: Azelf|Focus Sash
|-damage|p2a: Azelf|1\/291
|
|turn|2
|c|âThrillz|I'll take those rocks nerd
|
|move|p2a: Azelf|Stealth Rock|p1a: Sableye
|-sidestart|p1: Zenza|move: Stealth Rock
|move|p1a: Sableye|Knock Off|p2a: Azelf
|-supereffective|p2a: Azelf
|-damage|p2a: Azelf|0 fnt
|faint|p2a: Azelf
|
|c|âZenza|try hitting me with ur ground moves
|c|âZenza|cuh
|c|âThrillz|k
|
|switch|p2a: Breloom|Breloom, F|324\/324
|turn|3
|c|âThrillz|dont make me bring cancastakk'
|
|move|p2a: Breloom|Spore|p1a: Sableye
|-status|p1a: Sableye|slp
|cant|p1a: Sableye|slp
|
|-status|p2a: Breloom|tox|[from] item: Toxic Orb
|turn|4
|
|switch|p2a: Thundurus|Thundurus, M|299\/299
|switch|p1a: Talonflame|Talonflame, M|359\/359
|-damage|p1a: Talonflame|180\/359|[from] Stealth Rock
|
|-heal|p1a: Talonflame|202\/359|[from] item: Leftovers
|turn|5
|c|âThrillz|my nigga
|c|âZenza|rip
|c|âThrillz|im in yopur head ajb
|
|switch|p1a: Sableye|Sableye-Mega, M|303\/303 slp
|-damage|p1a: Sableye|266\/303 slp|[from] Stealth Rock
|move|p2a: Thundurus|Thunderbolt|p1a: Sableye
|-damage|p1a: Sableye|94\/303 slp
|-damage|p2a: Thundurus|270\/299|[from] item: Life Orb
|
|turn|6
|c|âZenza|its all part of my master plan tho
|
|switch|p1a: Landorus-Therian|Landorus-Therian, M|326\/326
|-damage|p1a: Landorus-Therian|286\/326|[from] Stealth Rock
|-ability|p1a: Landorus-Therian|Intimidate|[of] p2a: Thundurus
|-unboost|p2a: Thundurus|atk|1
|-boost|p2a: Thundurus|atk|2|[from] ability: Defiant
|move|p2a: Thundurus|Hidden Power|p1a: Landorus-Therian
|-supereffective|p1a: Landorus-Therian
|-damage|p1a: Landorus-Therian|0 fnt
|-damage|p2a: Thundurus|241\/299|[from] item: Life Orb
|faint|p1a: Landorus-Therian
|
|c|âZenza|LOLOLOLOLOL
|c|âThrillz|body bagged
|
|switch|p1a: Latios|Latios, M|302\/302
|-damage|p1a: Latios|265\/302|[from] Stealth Rock
|turn|7
Zenza turned on modjoin.
|raw|<div class="broadcast-red"><b>Moderated chat was set to +!<\/b><br \/>Only users of rank + and higher can talk.<\/div>
Zenza made this room hidden.
|c|âZenza|dont want people
|c|âZenza|seeing
|c|âZenza|this body bag
|
|move|p2a: Thundurus|Knock Off|p1a: Latios
|-supereffective|p1a: Latios
|-damage|p1a: Latios|0 fnt
|-enditem|p1a: Latios|Life Orb|[from] move: Knock Off|[of] p2a: Thundurus
|-damage|p2a: Thundurus|212\/299|[from] item: Life Orb
|faint|p1a: Latios
|
|c|âThrillz|body bagged
|c|âZenza|based scarf tar
|
|switch|p1a: Tyranitar|Tyranitar, F|342\/342
|-damage|p1a: Tyranitar|300\/342|[from] Stealth Rock
|-weather|Sandstorm
|turn|8
|c|âZenza|can still win
|
|move|p2a: Thundurus|Superpower|p1a: Tyranitar
|-supereffective|p1a: Tyranitar
|-damage|p1a: Tyranitar|0 fnt
|-unboost|p2a: Thundurus|atk|1
|-unboost|p2a: Thundurus|def|1
|-damage|p2a: Thundurus|183\/299|[from] item: Life Orb
|faint|p1a: Tyranitar
|
|-weather|Sandstorm|[upkeep]
|-damage|p2a: Thundurus|165\/299|[from] sandstorm
|
|switch|p1a: Talonflame|Talonflame, M|202\/359
|-damage|p1a: Talonflame|23\/359|[from] Stealth Rock
|turn|9
|c|âZenza|misclick
|c|âZenza|lol
|c|âZenza|meant to lo still
|c|âZenza|stall*
|
|move|p1a: Talonflame|Brave Bird|p2a: Thundurus
|-resisted|p2a: Thundurus
|-damage|p2a: Thundurus|41\/299
|-damage|p1a: Talonflame|0 fnt|[from] recoil|[of] p2a: Thundurus
|faint|p1a: Talonflame
|move|p2a: Thundurus|Thunderbolt|p1: Talonflame|[notarget]
|-notarget
|
|-weather|Sandstorm|[upkeep]
|-damage|p2a: Thundurus|23\/299|[from] sandstorm
|c|âZenza|no thundy sweep
|c|âZenza|eat my ass bitchhhh
|
|switch|p1a: Sableye|Sableye-Mega, M|94\/303 slp
|-damage|p1a: Sableye|57\/303 slp|[from] Stealth Rock
|turn|10
|
|switch|p2a: Azumarill|Azumarill, F|358\/358
|-curestatus|p1a: Sableye|slp
|move|p1a: Sableye|Recover|p1a: Sableye
|-heal|p1a: Sableye|209\/303
|
|-weather|Sandstorm|[upkeep]
|-damage|p2a: Azumarill|336\/358|[from] sandstorm
|-damage|p1a: Sableye|191\/303|[from] sandstorm
|turn|11
|
|move|p2a: Azumarill|Belly Drum|p2a: Azumarill
|-damage|p2a: Azumarill|157\/358
|-setboost|p2a: Azumarill|atk|6|[from] move: Belly Drum
|-enditem|p2a: Azumarill|Sitrus Berry|[eat]
|-heal|p2a: Azumarill|246\/358|[from] item: Sitrus Berry
|move|p1a: Sableye|Will-O-Wisp|p2a: Azumarill
|-status|p2a: Azumarill|brn
|
|-weather|Sandstorm|[upkeep]
|-damage|p2a: Azumarill|224\/358 brn|[from] sandstorm
|-damage|p1a: Sableye|173\/303|[from] sandstorm
|-damage|p2a: Azumarill|180\/358 brn|[from] brn
|turn|12
|
|move|p2a: Azumarill|Play Rough|p1a: Sableye
|-supereffective|p1a: Sableye
|-damage|p1a: Sableye|0 fnt
|faint|p1a: Sableye
|
|-weather|none
|-damage|p2a: Azumarill|136\/358 brn|[from] brn
|
|switch|p1a: Keldeo|Keldeo|322\/322
|-damage|p1a: Keldeo|302\/322|[from] Stealth Rock
|turn|13
|
|switch|p2a: Breloom|Breloom, F|324\/324 tox
|move|p1a: Keldeo|Substitute|p1a: Keldeo
|-start|p1a: Keldeo|Substitute
|-damage|p1a: Keldeo|222\/322
|
|-heal|p1a: Keldeo|242\/322|[from] item: Leftovers
|turn|14
|
|move|p1a: Keldeo|Calm Mind|p1a: Keldeo
|-boost|p1a: Keldeo|spa|1
|-boost|p1a: Keldeo|spd|1
|move|p2a: Breloom|Seed Bomb|p1a: Keldeo
|-supereffective|p1a: Keldeo
|-end|p1a: Keldeo|Substitute
|
|-heal|p1a: Keldeo|262\/322|[from] item: Leftovers
|turn|15
|
|move|p1a: Keldeo|Secret Sword|p2a: Breloom
|-damage|p2a: Breloom|66\/324 tox
|move|p2a: Breloom|Seed Bomb|p1a: Keldeo
|-supereffective|p1a: Keldeo
|-damage|p1a: Keldeo|8\/322
|
|-heal|p1a: Keldeo|28\/322|[from] item: Leftovers
|-heal|p2a: Breloom|106\/324 tox|[from] ability: Poison Heal
|turn|16
|
|switch|p2a: Gengar|Gengar, F|261\/261
|move|p1a: Keldeo|Scald|p2a: Gengar
|-crit|p2a: Gengar
|-damage|p2a: Gengar|0 fnt
|faint|p2a: Gengar
|
|-heal|p1a: Keldeo|48\/322|[from] item: Leftovers
|
|switch|p2a: Lopunny|Lopunny, F, shiny|271\/271
|turn|17
|
|detailschange|p2a: Lopunny|Lopunny-Mega, F, shiny
|-mega|p2a: Lopunny|Lopunny|Lopunnite
|move|p2a: Lopunny|Fake Out|p1a: Keldeo
|-damage|p1a: Keldeo|0 fnt
|faint|p1a: Keldeo
|
|win|Thrillz