|join|naneek
|join|Zenza
|player|p1|naneek|175
|player|p2|Zenza|167
|gametype|singles
|gen|6
|tier|OU
|rated
|clearpoke
|poke|p1|Gardevoir, M
|poke|p1|Thundurus, M
|poke|p1|Landorus-Therian, M
|poke|p1|Latias, F
|poke|p1|Terrakion
|poke|p1|Keldeo
|poke|p2|Slowbro, M
|poke|p2|Tyranitar, M
|poke|p2|Heatran, F
|poke|p2|Latios, M
|poke|p2|Ferrothorn, F
|poke|p2|Landorus-Therian, M
|rule|Swagger Clause: Swagger is banned
|rule|Baton Pass Clause: Limit one PokÃ©mon knowing Baton Pass
|rule|Sleep Clause Mod: Limit one foe put to sleep
|rule|Species Clause: Limit one of each PokÃ©mon
|rule|OHKO Clause: OHKO moves are banned
|rule|Moody Clause: Moody is banned
|rule|Evasion Moves Clause: Evasion moves are banned
|rule|Endless Battle Clause: Forcing endless battles is banned
|rule|HP Percentage Mod: HP is shown in percentages
|teampreview
|
|start
|switch|p1a: Gardevoir|Gardevoir, M|277\/277
|switch|p2a: Slowbro|Slowbro, M|394\/394
|-ability|p1a: Gardevoir|Regenerator|[from] ability: Trace|[of] p2a: Slowbro
|turn|1
|
|switch|p2a: Ferrothorn|Ferrothorn, F|352\/352
|detailschange|p1a: Gardevoir|Gardevoir-Mega, M
|-mega|p1a: Gardevoir|Gardevoir|Gardevoirite
|move|p1a: Gardevoir|Substitute|p1a: Gardevoir
|-start|p1a: Gardevoir|Substitute
|-damage|p1a: Gardevoir|208\/277
|
|turn|2
|
|move|p1a: Gardevoir|Focus Blast|p2a: Ferrothorn
|-supereffective|p2a: Ferrothorn
|-damage|p2a: Ferrothorn|74\/352
|move|p2a: Ferrothorn|Gyro Ball|p1a: Gardevoir
|-supereffective|p1a: Gardevoir
|-end|p1a: Gardevoir|Substitute
|
|-heal|p2a: Ferrothorn|96\/352|[from] item: Leftovers
|turn|3
|
|move|p1a: Gardevoir|Hyper Voice|p2a: Ferrothorn
|-resisted|p2a: Ferrothorn
|-damage|p2a: Ferrothorn|0 fnt
|faint|p2a: Ferrothorn
|
|
|switch|p2a: Tyranitar|Tyranitar, M|341\/341
|-weather|Sandstorm
|turn|4
|
|switch|p1a: Terrakion|Terrakion|323\/323
|move|p2a: Tyranitar|Stone Edge|p1a: Terrakion
|-crit|p1a: Terrakion
|-resisted|p1a: Terrakion
|-damage|p1a: Terrakion|167\/323
|
|-weather|Sandstorm|[upkeep]
|turn|5
|
|switch|p2a: Landorus-Therian|Landorus-Therian, M|337\/337
|-ability|p2a: Landorus-Therian|Intimidate|[of] p1a: Terrakion
|-unboost|p1a: Terrakion|atk|1
|move|p1a: Terrakion|Stealth Rock|p2a: Landorus-Therian
|-sidestart|p2: Zenza|move: Stealth Rock
|
|-weather|Sandstorm|[upkeep]
|turn|6
|
|switch|p1a: Keldeo|Keldeo|323\/323
|move|p2a: Landorus-Therian|Substitute|p2a: Landorus-Therian
|-start|p2a: Landorus-Therian|Substitute
|-damage|p2a: Landorus-Therian|253\/337
|
|-weather|Sandstorm|[upkeep]
|-damage|p1a: Keldeo|303\/323|[from] sandstorm
|turn|7
|
|move|p1a: Keldeo|Scald|p2a: Landorus-Therian
|-supereffective|p2a: Landorus-Therian
|-end|p2a: Landorus-Therian|Substitute
|move|p2a: Landorus-Therian|Earthquake|p1a: Keldeo
|-damage|p1a: Keldeo|48\/323
|
|-weather|Sandstorm|[upkeep]
|-damage|p1a: Keldeo|28\/323|[from] sandstorm
|turn|8
|
|switch|p1a: Thundurus|Thundurus, M|299\/299
|switch|p2a: Latios|Latios, M|301\/301
|-damage|p2a: Latios|264\/301|[from] Stealth Rock
|
|-weather|none
|turn|9
|
|move|p1a: Thundurus|Knock Off|p2a: Latios
|-supereffective|p2a: Latios
|-damage|p2a: Latios|0 fnt
|-enditem|p2a: Latios|Life Orb|[from] move: Knock Off|[of] p1a: Thundurus
|-damage|p1a: Thundurus|270\/299|[from] item: Life Orb
|faint|p2a: Latios
|
|
|switch|p2a: Tyranitar|Tyranitar, M|341\/341
|-damage|p2a: Tyranitar|299\/341|[from] Stealth Rock
|-weather|Sandstorm
|turn|10
|
|move|p2a: Tyranitar|Pursuit|p1a: Thundurus|[from]Pursuit
|-damage|p1a: Thundurus|66\/299
|switch|p1a: Landorus-Therian|Landorus-Therian, M|319\/319
|-ability|p1a: Landorus-Therian|Intimidate|[of] p2a: Tyranitar
|-unboost|p2a: Tyranitar|atk|1
|
|-weather|Sandstorm|[upkeep]
|turn|11
|
|switch|p2a: Landorus-Therian|Landorus-Therian, M|253\/337
|-damage|p2a: Landorus-Therian|211\/337|[from] Stealth Rock
|-ability|p2a: Landorus-Therian|Intimidate|[of] p1a: Landorus-Therian
|-unboost|p1a: Landorus-Therian|atk|1
|move|p1a: Landorus-Therian|U-turn|p2a: Landorus-Therian
|-resisted|p2a: Landorus-Therian
|-damage|p2a: Landorus-Therian|178\/337
|
|switch|p1a: Thundurus|Thundurus, M|66\/299
|
|-weather|Sandstorm|[upkeep]
|-damage|p1a: Thundurus|48\/299|[from] sandstorm
|turn|12
|
|move|p1a: Thundurus|Knock Off|p2a: Landorus-Therian
|-damage|p2a: Landorus-Therian|49\/337
|-enditem|p2a: Landorus-Therian|Earth Plate|[from] move: Knock Off|[of] p1a: Thundurus
|-damage|p1a: Thundurus|19\/299|[from] item: Life Orb
|move|p2a: Landorus-Therian|Smack Down|p1a: Thundurus
|-supereffective|p1a: Thundurus
|-damage|p1a: Thundurus|0 fnt
|faint|p1a: Thundurus
|
|-weather|Sandstorm|[upkeep]
|
|switch|p1a: Terrakion|Terrakion|167\/323
|turn|13
|
|move|p1a: Terrakion|Close Combat|p2a: Landorus-Therian
|-resisted|p2a: Landorus-Therian
|-damage|p2a: Landorus-Therian|0 fnt
|-unboost|p1a: Terrakion|def|1
|-unboost|p1a: Terrakion|spd|1
|faint|p2a: Landorus-Therian
|
|-weather|Sandstorm|[upkeep]
|
|switch|p2a: Slowbro|Slowbro, M|394\/394
|-damage|p2a: Slowbro|345\/394|[from] Stealth Rock
|turn|14
|
|detailschange|p2a: Slowbro|Slowbro-Mega, M
|-mega|p2a: Slowbro|Slowbro|Slowbronite
|move|p1a: Terrakion|Taunt|p2a: Slowbro
|-start|p2a: Slowbro|move: Taunt
|cant|p2a: Slowbro|move: Taunt|Calm Mind
|
|-weather|none
|turn|15
|
|switch|p1a: Keldeo|Keldeo|28\/323
|move|p2a: Slowbro|Scald|p1a: Keldeo
|-resisted|p1a: Keldeo
|-damage|p1a: Keldeo|0 fnt
|faint|p1a: Keldeo
|
|
|switch|p1a: Gardevoir|Gardevoir-Mega, M|208\/277
|turn|16
|
|switch|p2a: Heatran|Heatran, F|385\/385
|-damage|p2a: Heatran|337\/385|[from] Stealth Rock
|move|p1a: Gardevoir|Hyper Voice|p2a: Heatran
|-resisted|p2a: Heatran
|-damage|p2a: Heatran|276\/385
|
|-heal|p2a: Heatran|300\/385|[from] item: Leftovers
|turn|17
|
|move|p1a: Gardevoir|Focus Blast|p2a: Heatran
|-supereffective|p2a: Heatran
|-damage|p2a: Heatran|0 fnt
|faint|p2a: Heatran
|
|
|switch|p2a: Tyranitar|Tyranitar, M|299\/341
|-damage|p2a: Tyranitar|257\/341|[from] Stealth Rock
|-weather|Sandstorm
|turn|18
|
|move|p2a: Tyranitar|Stone Edge|p1a: Gardevoir
|-damage|p1a: Gardevoir|0 fnt
|faint|p1a: Gardevoir
|
|-weather|Sandstorm|[upkeep]
|
|switch|p1a: Terrakion|Terrakion|167\/323
|turn|19
|
|switch|p2a: Slowbro|Slowbro-Mega, M|345\/394
|-damage|p2a: Slowbro|296\/394|[from] Stealth Rock
|move|p1a: Terrakion|Close Combat|p2a: Slowbro
|-resisted|p2a: Slowbro
|-damage|p2a: Slowbro|239\/394
|-unboost|p1a: Terrakion|def|1
|-unboost|p1a: Terrakion|spd|1
|
|-weather|Sandstorm|[upkeep]
|-damage|p2a: Slowbro|215\/394|[from] sandstorm
|turn|20
|
|move|p1a: Terrakion|Taunt|p2a: Slowbro
|-start|p2a: Slowbro|move: Taunt
|move|p2a: Slowbro|Scald|p1a: Terrakion
|-supereffective|p1a: Terrakion
|-damage|p1a: Terrakion|0 fnt
|faint|p1a: Terrakion
|
|-weather|Sandstorm|[upkeep]
|-damage|p2a: Slowbro|191\/394|[from] sandstorm
|
|switch|p1a: Landorus-Therian|Landorus-Therian, M|319\/319
|-ability|p1a: Landorus-Therian|Intimidate|[of] p2a: Slowbro
|-unboost|p2a: Slowbro|atk|1
|turn|21
|
|switch|p2a: Tyranitar|Tyranitar, M|257\/341
|-damage|p2a: Tyranitar|215\/341|[from] Stealth Rock
|move|p1a: Landorus-Therian|U-turn|p2a: Tyranitar
|-supereffective|p2a: Tyranitar
|-damage|p2a: Tyranitar|45\/341
|
|switch|p1a: Latias|Latias, F|319\/319
|
|-weather|Sandstorm|[upkeep]
|-damage|p1a: Latias|300\/319|[from] sandstorm
|turn|22
|
|move|p2a: Tyranitar|Pursuit|p1a: Latias|[from]Pursuit
|-supereffective|p1a: Latias
|-damage|p1a: Latias|0 fnt
|faint|p1a: Latias
|
|-weather|none
|
|switch|p1a: Landorus-Therian|Landorus-Therian, M|319\/319
|-ability|p1a: Landorus-Therian|Intimidate|[of] p2a: Tyranitar
|-unboost|p2a: Tyranitar|atk|1
|turn|23
|
|move|p1a: Landorus-Therian|Earthquake|p2a: Tyranitar
|-supereffective|p2a: Tyranitar
|-damage|p2a: Tyranitar|0 fnt
|faint|p2a: Tyranitar
|
|
|switch|p2a: Slowbro|Slowbro-Mega, M|191\/394
|-damage|p2a: Slowbro|142\/394|[from] Stealth Rock
|turn|24
|
|move|p1a: Landorus-Therian|Earthquake|p2a: Slowbro
|-damage|p2a: Slowbro|43\/394
|move|p2a: Slowbro|Slack Off|p2a: Slowbro
|-heal|p2a: Slowbro|240\/394
|
|turn|25
|-message|naneek forfeited.
|leave|naneek
|
|win|Zenza
|raw|Ladder updating...
|player|p1
|raw|naneek's rating: 1718 &rarr; <strong>1693<\/strong><br \/>(-25 for losing)
|raw|Zenza's rating: 1641 &rarr; <strong>1665<\/strong><br \/>(+24 for winning)