|join|Zenza
|join|Pashkuale
|player|p1|Zenza|167
|player|p2|Pashkuale|214
|gametype|singles
|gen|6
|tier|OU
|rated
|clearpoke
|poke|p1|Charizard, F
|poke|p1|Starmie
|poke|p1|Chesnaught, F
|poke|p1|Tyranitar, M
|poke|p1|Clefable, M
|poke|p1|Raikou
|poke|p2|Scizor, F
|poke|p2|Rotom-Wash
|poke|p2|Gallade, M
|poke|p2|Diggersby, M
|poke|p2|Clefable, M
|poke|p2|Heatran, M
|rule|Swagger Clause: Swagger is banned
|rule|Baton Pass Clause: Limit one PokÃ©mon knowing Baton Pass
|rule|Sleep Clause Mod: Limit one foe put to sleep
|rule|Species Clause: Limit one of each PokÃ©mon
|rule|OHKO Clause: OHKO moves are banned
|rule|Moody Clause: Moody is banned
|rule|Evasion Moves Clause: Evasion moves are banned
|rule|Endless Battle Clause: Forcing endless battles is banned
|rule|HP Percentage Mod: HP is shown in percentages
|teampreview
|
|start
|switch|p1a: Charizard|Charizard, F|297\/297
|switch|p2a: Rotom-Wash|Rotom-Wash|304\/304
|turn|1
|
|switch|p2a: Heatran|Heatran, M|385\/385
|detailschange|p1a: Charizard|Charizard-Mega-Y, F
|-mega|p1a: Charizard|Charizard|Charizardite Y
|-weather|SunnyDay
|move|p1a: Charizard|Solar Beam|p2a: Heatran|[still]
|-prepare|p1a: Charizard|Solar Beam|p2a: Heatran
|-anim|p1a: Charizard|Solar Beam|p2a: Heatran
|-resisted|p2a: Heatran
|-damage|p2a: Heatran|354\/385
|
|-weather|SunnyDay|[upkeep]
|-heal|p2a: Heatran|378\/385|[from] item: Leftovers
|turn|2
|
|move|p1a: Charizard|Focus Blast|p2a: Heatran
|-supereffective|p2a: Heatran
|-damage|p2a: Heatran|130\/385
|move|p2a: Heatran|Stealth Rock|p1a: Charizard
|-sidestart|p1: Zenza|move: Stealth Rock
|
|-weather|SunnyDay|[upkeep]
|-heal|p2a: Heatran|154\/385|[from] item: Leftovers
|turn|3
|
|switch|p2a: Clefable|Clefable, M|394\/394
|move|p1a: Charizard|Focus Blast|p2a: Clefable|[miss]
|-miss|p1a: Charizard|p2a: Clefable
|
|-weather|SunnyDay|[upkeep]
|turn|4
|
|switch|p2a: Heatran|Heatran, M|154\/385
|move|p1a: Charizard|Fire Blast|p2a: Heatran
|-start|p2a: Heatran|ability: Flash Fire
|
|-weather|SunnyDay|[upkeep]
|-heal|p2a: Heatran|178\/385|[from] item: Leftovers
|turn|5
|
|switch|p2a: Rotom-Wash|Rotom-Wash|304\/304
|move|p1a: Charizard|Focus Blast|p2a: Rotom-Wash|[miss]
|-miss|p1a: Charizard|p2a: Rotom-Wash
|
|-weather|none
|turn|6
|
|switch|p1a: Chesnaught|Chesnaught, F|317\/317
|-damage|p1a: Chesnaught|298\/317|[from] Stealth Rock
|move|p2a: Rotom-Wash|Volt Switch|p1a: Chesnaught
|-resisted|p1a: Chesnaught
|-damage|p1a: Chesnaught|243\/317
|
|switch|p2a: Gallade|Gallade, M|277\/277
|
|turn|7
|
|detailschange|p2a: Gallade|Gallade-Mega, M
|-mega|p2a: Gallade|Gallade|Galladite
|move|p2a: Gallade|Zen Headbutt|p1a: Chesnaught
|-supereffective|p1a: Chesnaught
|-damage|p1a: Chesnaught|0 fnt
|faint|p1a: Chesnaught
|
|
|switch|p1a: Starmie|Starmie|261\/261
|-damage|p1a: Starmie|229\/261|[from] Stealth Rock
|turn|8
|
|switch|p2a: Scizor|Scizor, F|343\/343
|move|p1a: Starmie|Rapid Spin|p2a: Scizor
|-resisted|p2a: Scizor
|-damage|p2a: Scizor|337\/343
|-sideend|p1: Zenza|Stealth Rock|[from] move: Rapid Spin|[of] p1a: Starmie
|-damage|p1a: Starmie|203\/261|[from] item: Life Orb
|
|turn|9
|
|move|p2a: Scizor|Pursuit|p1a: Starmie|[from]Pursuit
|-supereffective|p1a: Starmie
|-damage|p1a: Starmie|0 fnt
|faint|p1a: Starmie
|
|
|switch|p1a: Charizard|Charizard-Mega-Y, F|297\/297
|-weather|SunnyDay
|turn|10
|
|switch|p2a: Clefable|Clefable, M|394\/394
|move|p1a: Charizard|Fire Blast|p2a: Clefable
|-damage|p2a: Clefable|19\/394
|
|-weather|SunnyDay|[upkeep]
|-heal|p2a: Clefable|43\/394|[from] item: Leftovers
|turn|11
|
|move|p2a: Clefable|Protect|p2a: Clefable
|-singleturn|p2a: Clefable|Protect
|move|p1a: Charizard|Solar Beam|p2a: Clefable|[still]
|-prepare|p1a: Charizard|Solar Beam|p2a: Clefable
|-anim|p1a: Charizard|Solar Beam|p2a: Clefable
|-activate|p2a: Clefable|Protect
|
|-weather|SunnyDay|[upkeep]
|-heal|p2a: Clefable|67\/394|[from] item: Leftovers
|turn|12
|
|move|p1a: Charizard|Solar Beam|p2a: Clefable|[still]
|-prepare|p1a: Charizard|Solar Beam|p2a: Clefable
|-anim|p1a: Charizard|Solar Beam|p2a: Clefable
|-damage|p2a: Clefable|0 fnt
|faint|p2a: Clefable
|
|-weather|SunnyDay|[upkeep]
|
|switch|p2a: Diggersby|Diggersby, M|311\/311
|turn|13
|
|switch|p2a: Heatran|Heatran, M|178\/385
|move|p1a: Charizard|Solar Beam|p2a: Heatran|[still]
|-prepare|p1a: Charizard|Solar Beam|p2a: Heatran
|-anim|p1a: Charizard|Solar Beam|p2a: Heatran
|-resisted|p2a: Heatran
|-damage|p2a: Heatran|148\/385
|
|-weather|SunnyDay|[upkeep]
|-heal|p2a: Heatran|172\/385|[from] item: Leftovers
|turn|14
|
|switch|p2a: Rotom-Wash|Rotom-Wash|304\/304
|move|p1a: Charizard|Focus Blast|p2a: Rotom-Wash
|-damage|p2a: Rotom-Wash|136\/304
|
|-weather|none
|-heal|p2a: Rotom-Wash|155\/304|[from] item: Leftovers
|turn|15
|
|move|p1a: Charizard|Focus Blast|p2a: Rotom-Wash
|-damage|p2a: Rotom-Wash|0 fnt
|faint|p2a: Rotom-Wash
|
|
|switch|p2a: Gallade|Gallade-Mega, M|277\/277
|turn|16
|
|switch|p1a: Clefable|Clefable, M|393\/393
|move|p2a: Gallade|Zen Headbutt|p1a: Clefable|[miss]
|-miss|p2a: Gallade|p1a: Clefable
|
|turn|17
|
|switch|p2a: Heatran|Heatran, M|172\/385
|switch|p1a: Tyranitar|Tyranitar, M|341\/341
|-weather|Sandstorm
|
|-weather|Sandstorm|[upkeep]
|-heal|p2a: Heatran|196\/385|[from] item: Leftovers
|turn|18
|
|move|p1a: Tyranitar|Superpower|p2a: Heatran
|-supereffective|p2a: Heatran
|-damage|p2a: Heatran|0 fnt
|-unboost|p1a: Tyranitar|atk|1
|-unboost|p1a: Tyranitar|def|1
|faint|p2a: Heatran
|
|-weather|Sandstorm|[upkeep]
|
|switch|p2a: Gallade|Gallade-Mega, M|277\/277
|turn|19
|
|switch|p1a: Clefable|Clefable, M|393\/393
|move|p2a: Gallade|Swords Dance|p2a: Gallade
|-boost|p2a: Gallade|atk|2
|
|-weather|Sandstorm|[upkeep]
|-damage|p2a: Gallade|260\/277|[from] sandstorm
|-damage|p1a: Clefable|369\/393|[from] sandstorm
|-heal|p1a: Clefable|393\/393|[from] item: Leftovers
|turn|20
|
|switch|p2a: Scizor|Scizor, F|337\/343
|move|p1a: Clefable|Moonblast|p2a: Scizor
|-resisted|p2a: Scizor
|-damage|p2a: Scizor|278\/343
|
|-weather|Sandstorm|[upkeep]
|-damage|p1a: Clefable|369\/393|[from] sandstorm
|-heal|p1a: Clefable|393\/393|[from] item: Leftovers
|turn|21
|
|switch|p1a: Charizard|Charizard-Mega-Y, F|297\/297
|-weather|SunnyDay
|move|p2a: Scizor|U-turn|p1a: Charizard
|-resisted|p1a: Charizard
|-damage|p1a: Charizard|230\/297
|
|switch|p2a: Diggersby|Diggersby, M|311\/311
|
|-weather|SunnyDay|[upkeep]
|turn|22
|
|move|p2a: Diggersby|Quick Attack|p1a: Charizard
|-damage|p1a: Charizard|81\/297
|-damage|p2a: Diggersby|280\/311|[from] item: Life Orb
|move|p1a: Charizard|Solar Beam|p2a: Diggersby|[still]
|-prepare|p1a: Charizard|Solar Beam|p2a: Diggersby
|-anim|p1a: Charizard|Solar Beam|p2a: Diggersby
|-supereffective|p2a: Diggersby
|-damage|p2a: Diggersby|0 fnt
|faint|p2a: Diggersby
|
|-weather|SunnyDay|[upkeep]
|
|switch|p2a: Gallade|Gallade-Mega, M|260\/277
|turn|23
|
|move|p2a: Gallade|Zen Headbutt|p1a: Charizard
|-damage|p1a: Charizard|0 fnt
|faint|p1a: Charizard
|
|-weather|SunnyDay|[upkeep]
|
|switch|p1a: Tyranitar|Tyranitar, M|341\/341
|-weather|Sandstorm
|turn|24
|
|move|p1a: Tyranitar|Crunch|p2a: Gallade
|-damage|p2a: Gallade|106\/277
|move|p2a: Gallade|Drain Punch|p1a: Tyranitar
|-supereffective|p1a: Tyranitar
|-damage|p1a: Tyranitar|0 fnt
|-heal|p2a: Gallade|277\/277|[from] drain|[of] p1a: Tyranitar
|faint|p1a: Tyranitar
|
|-weather|Sandstorm|[upkeep]
|-damage|p2a: Gallade|260\/277|[from] sandstorm
|
|switch|p1a: Clefable|Clefable, M|393\/393
|turn|25
|
|switch|p2a: Scizor|Scizor, F|278\/343
|move|p1a: Clefable|Moonblast|p2a: Scizor
|-resisted|p2a: Scizor
|-damage|p2a: Scizor|218\/343
|
|-weather|Sandstorm|[upkeep]
|-damage|p1a: Clefable|369\/393|[from] sandstorm
|-heal|p1a: Clefable|393\/393|[from] item: Leftovers
|turn|26
|
|switch|p1a: Raikou|Raikou|321\/321
|-ability|p1a: Raikou|Pressure
|move|p2a: Scizor|U-turn|p1a: Raikou
|-damage|p1a: Raikou|66\/321
|
|switch|p2a: Gallade|Gallade-Mega, M|260\/277
|
|-weather|Sandstorm|[upkeep]
|-damage|p1a: Raikou|46\/321|[from] sandstorm
|-damage|p2a: Gallade|243\/277|[from] sandstorm
|turn|27
|
|move|p1a: Raikou|Shadow Ball|p2a: Gallade
|-supereffective|p2a: Gallade
|-damage|p2a: Gallade|29\/277
|move|p2a: Gallade|Drain Punch|p1a: Raikou
|-damage|p1a: Raikou|0 fnt
|-heal|p2a: Gallade|52\/277|[from] drain|[of] p1a: Raikou
|faint|p1a: Raikou
|
|-weather|Sandstorm|[upkeep]
|-damage|p2a: Gallade|35\/277|[from] sandstorm
|
|switch|p1a: Clefable|Clefable, M|393\/393
|turn|28
|
|move|p2a: Gallade|Zen Headbutt|p1a: Clefable
|-damage|p1a: Clefable|243\/393
|cant|p1a: Clefable|flinch
|
|-weather|none
|-heal|p1a: Clefable|267\/393|[from] item: Leftovers
|turn|29
|
|move|p2a: Gallade|Zen Headbutt|p1a: Clefable
|-damage|p1a: Clefable|122\/393
|move|p1a: Clefable|Moonlight|p1a: Clefable
|-heal|p1a: Clefable|318\/393
|
|-heal|p1a: Clefable|342\/393|[from] item: Leftovers
|turn|30
|
|move|p2a: Gallade|Zen Headbutt|p1a: Clefable
|-damage|p1a: Clefable|188\/393
|move|p1a: Clefable|Moonlight|p1a: Clefable
|-heal|p1a: Clefable|384\/393
|
|-heal|p1a: Clefable|393\/393|[from] item: Leftovers
|turn|31
|
|move|p2a: Gallade|Zen Headbutt|p1a: Clefable
|-damage|p1a: Clefable|252\/393
|move|p1a: Clefable|Moonblast|p2a: Gallade
|-supereffective|p2a: Gallade
|-damage|p2a: Gallade|0 fnt
|faint|p2a: Gallade
|
|-heal|p1a: Clefable|276\/393|[from] item: Leftovers
|
|switch|p2a: Scizor|Scizor, F|218\/343
|turn|32
|
|move|p2a: Scizor|Bullet Punch|p1a: Clefable
|-supereffective|p1a: Clefable
|-damage|p1a: Clefable|0 fnt
|faint|p1a: Clefable
|
|win|Pashkuale
|raw|Ladder updating...
|raw|Zenza's rating: 1724 &rarr; <strong>1691<\/strong><br \/>(-33 for losing)
|raw|Pashkuale's rating: 1433 &rarr; <strong>1467<\/strong><br \/>(+34 for winning)
|leave|Zenza
|player|p1