|join|Zenza
|join|andrewmon
|join|tomibello
|player|p1|Zenza|167
|player|p2|andrewmon|265
|gametype|singles
|gen|6
|tier|OU
|rated
|clearpoke
|poke|p1|Altaria, M
|poke|p1|Celebi
|poke|p1|Landorus, M
|poke|p1|Keldeo
|poke|p1|Tyranitar, M
|poke|p1|Heatran, F
|poke|p2|Charizard, M
|poke|p2|Sylveon, F
|poke|p2|Gengar, M
|poke|p2|Dugtrio, M
|poke|p2|Excadrill, M
|poke|p2|Tyranitar, M
|rule|Swagger Clause: Swagger is banned
|rule|Baton Pass Clause: Limit one PokÃ©mon knowing Baton Pass
|rule|Sleep Clause Mod: Limit one foe put to sleep
|rule|Species Clause: Limit one of each PokÃ©mon
|rule|OHKO Clause: OHKO moves are banned
|rule|Moody Clause: Moody is banned
|rule|Evasion Moves Clause: Evasion moves are banned
|rule|Endless Battle Clause: Forcing endless battles is banned
|rule|HP Percentage Mod: HP is shown in percentages
|teampreview
|
|start
|switch|p1a: Keldeo|Keldeo|323\/323
|switch|p2a: Charizard|Charizard, M|335\/335
|turn|1
|
|detailschange|p2a: Charizard|Charizard-Mega-Y, M
|-mega|p2a: Charizard|Charizard|Charizardite Y
|-weather|SunnyDay
|move|p1a: Keldeo|Hydro Pump|p2a: Charizard
|-supereffective|p2a: Charizard
|-damage|p2a: Charizard|77\/335
|move|p2a: Charizard|Solar Beam|p1a: Keldeo|[still]
|-prepare|p2a: Charizard|Solar Beam|p1a: Keldeo
|-anim|p2a: Charizard|Solar Beam|p1a: Keldeo
|-supereffective|p1a: Keldeo
|-damage|p1a: Keldeo|0 fnt
|faint|p1a: Keldeo
|
|-weather|SunnyDay|[upkeep]
|
|switch|p1a: Tyranitar|Tyranitar, M|341\/341
|-weather|Sandstorm
|turn|2
|
|move|p1a: Tyranitar|Pursuit|p2a: Charizard
|-damage|p2a: Charizard|10\/335
|move|p2a: Charizard|Will-O-Wisp|p1a: Tyranitar
|-status|p1a: Tyranitar|brn
|
|-weather|Sandstorm|[upkeep]
|-damage|p2a: Charizard|0 fnt|[from] sandstorm
|-damage|p1a: Tyranitar|299\/341 brn|[from] brn
|faint|p2a: Charizard
|c|âandrewmon|cancel is sooo shit!
|
|switch|p2a: Excadrill|Excadrill, M|361\/361
|turn|3
|c|âandrewmon|im gonna petition for them to rmove it :P
|c|âandrewmon|lol
|
|switch|p1a: Celebi|Celebi|404\/404
|move|p2a: Excadrill|Iron Head|p1a: Celebi
|-damage|p1a: Celebi|296\/404
|
|-weather|Sandstorm|[upkeep]
|-damage|p1a: Celebi|271\/404|[from] sandstorm
|-heal|p1a: Celebi|296\/404|[from] item: Leftovers
|turn|4
|join|boltsandbombers
|
|move|p2a: Excadrill|Iron Head|p1a: Celebi
|-damage|p1a: Celebi|191\/404
|move|p1a: Celebi|Giga Drain|p2a: Excadrill
|-crit|p2a: Excadrill
|-damage|p2a: Excadrill|243\/361
|-heal|p1a: Celebi|250\/404|[from] drain|[of] p2a: Excadrill
|
|-weather|Sandstorm|[upkeep]
|-damage|p1a: Celebi|225\/404|[from] sandstorm
|-heal|p1a: Celebi|250\/404|[from] item: Leftovers
|turn|5
|
|move|p2a: Excadrill|Iron Head|p1a: Celebi
|-damage|p1a: Celebi|139\/404
|move|p1a: Celebi|Recover|p1a: Celebi
|-heal|p1a: Celebi|341\/404
|
|-weather|Sandstorm|[upkeep]
|-damage|p1a: Celebi|316\/404|[from] sandstorm
|-heal|p1a: Celebi|341\/404|[from] item: Leftovers
|turn|6
|
|switch|p2a: Gengar|Gengar, M|272\/272
|move|p1a: Celebi|Nasty Plot|p1a: Celebi
|-boost|p1a: Celebi|spa|2
|
|-weather|none
|-heal|p1a: Celebi|366\/404|[from] item: Leftovers
|turn|7
|
|switch|p2a: Excadrill|Excadrill, M|243\/361
|switch|p1a: Tyranitar|Tyranitar, M|299\/341 brn
|-weather|Sandstorm
|
|-weather|Sandstorm|[upkeep]
|-damage|p1a: Tyranitar|257\/341 brn|[from] brn
|turn|8
|
|switch|p1a: Celebi|Celebi|366\/404
|move|p2a: Excadrill|Iron Head|p1a: Celebi
|-damage|p1a: Celebi|252\/404
|
|-weather|Sandstorm|[upkeep]
|-damage|p1a: Celebi|227\/404|[from] sandstorm
|-heal|p1a: Celebi|252\/404|[from] item: Leftovers
|turn|9
|
|move|p2a: Excadrill|Iron Head|p1a: Celebi
|-damage|p1a: Celebi|143\/404
|move|p1a: Celebi|Recover|p1a: Celebi
|-heal|p1a: Celebi|345\/404
|
|-weather|Sandstorm|[upkeep]
|-damage|p1a: Celebi|320\/404|[from] sandstorm
|-heal|p1a: Celebi|345\/404|[from] item: Leftovers
|turn|10
|leave|tomibello
|
|move|p2a: Excadrill|Iron Head|p1a: Celebi
|-damage|p1a: Celebi|245\/404
|move|p1a: Celebi|Giga Drain|p2a: Excadrill
|-damage|p2a: Excadrill|162\/361
|-heal|p1a: Celebi|286\/404|[from] drain|[of] p2a: Excadrill
|
|-weather|Sandstorm|[upkeep]
|-damage|p1a: Celebi|261\/404|[from] sandstorm
|-heal|p1a: Celebi|286\/404|[from] item: Leftovers
|turn|11
|
|switch|p2a: Gengar|Gengar, M|272\/272
|move|p1a: Celebi|Recover|p1a: Celebi
|-heal|p1a: Celebi|404\/404
|
|-weather|none
|turn|12
|
|switch|p2a: Dugtrio|Dugtrio, M|212\/212
|switch|p1a: Tyranitar|Tyranitar, M|257\/341 brn
|-weather|Sandstorm
|
|-weather|Sandstorm|[upkeep]
|-damage|p1a: Tyranitar|215\/341 brn|[from] brn
|turn|13
|
|switch|p2a: Sylveon|Sylveon, F|394\/394
|move|p1a: Tyranitar|Crunch|p2a: Sylveon
|-resisted|p2a: Sylveon
|-damage|p2a: Sylveon|357\/394
|
|-weather|Sandstorm|[upkeep]
|-damage|p2a: Sylveon|333\/394|[from] sandstorm
|-heal|p2a: Sylveon|357\/394|[from] item: Leftovers
|-damage|p1a: Tyranitar|173\/341 brn|[from] brn
|turn|14
|
|switch|p2a: Dugtrio|Dugtrio, M|212\/212
|move|p1a: Tyranitar|Crunch|p2a: Dugtrio
|-damage|p2a: Dugtrio|80\/212
|
|-weather|Sandstorm|[upkeep]
|-damage|p1a: Tyranitar|131\/341 brn|[from] brn
|turn|15
|c|âZenza|gottem finally
|
|move|p2a: Dugtrio|Earthquake|p1a: Tyranitar
|-supereffective|p1a: Tyranitar
|-damage|p1a: Tyranitar|0 fnt
|faint|p1a: Tyranitar
|
|-weather|Sandstorm|[upkeep]
|
|switch|p1a: Landorus|Landorus, M|319\/319
|turn|16
|
|move|p2a: Dugtrio|Stealth Rock|p1a: Landorus
|-sidestart|p1: Zenza|move: Stealth Rock
|move|p1a: Landorus|Rock Polish|p1a: Landorus
|-boost|p1a: Landorus|spe|2
|
|-weather|none
|turn|17
|
|switch|p2a: Gengar|Gengar, M|272\/272
|move|p1a: Landorus|Earth Power|p2a: Gengar
|-immune|p2a: Gengar|[msg]
|
|turn|18
|
|switch|p2a: Tyranitar|Tyranitar, M|341\/341
|-weather|Sandstorm
|move|p1a: Landorus|Knock Off|p2a: Tyranitar
|-resisted|p2a: Tyranitar
|-damage|p2a: Tyranitar|280\/341
|-enditem|p2a: Tyranitar|Smooth Rock|[from] move: Knock Off|[of] p1a: Landorus
|-damage|p1a: Landorus|288\/319|[from] item: Life Orb
|
|-weather|Sandstorm|[upkeep]
|turn|19
|
|move|p1a: Landorus|Earth Power|p2a: Tyranitar
|-supereffective|p2a: Tyranitar
|-damage|p2a: Tyranitar|0 fnt
|faint|p2a: Tyranitar
|
|-weather|Sandstorm|[upkeep]
|c| boltsandbombers|this can live one iron head I think
|
|switch|p2a: Sylveon|Sylveon, F|357\/394
|turn|20
|
|switch|p2a: Dugtrio|Dugtrio, M|80\/212
|move|p1a: Landorus|Earth Power|p2a: Dugtrio
|-damage|p2a: Dugtrio|0 fnt
|faint|p2a: Dugtrio
|
|-weather|Sandstorm|[upkeep]
|c|âZenza|oh i thought this had sludge wave when i set up lol
|c|âZenza|w\/e
|c| boltsandbombers|you can swap it for that I guess
|
|switch|p2a: Excadrill|Excadrill, M|162\/361
|turn|21
|c|âZenza|uhh idk if worth it
|c|âandrewmon|y did it lose helath when using knock off, but not earth power?
|c|âZenza|maybe
|c| boltsandbombers|sheer force
|c|âZenza|!dt sheer force
|c|~|\/data-ability Sheer Force
|raw|<font size="1"><\/font>
|c| boltsandbombers|knock off doesnt have a secondary effect
|c| boltsandbombers|that can be affected by the ability
|
|move|p1a: Landorus|Earth Power|p2a: Excadrill
|-supereffective|p2a: Excadrill
|-damage|p2a: Excadrill|0 fnt
|faint|p2a: Excadrill
|
|-weather|Sandstorm|[upkeep]
|c|âZenza|ah, crisp
|c|âandrewmon|gg
|c|âandrewmon|i cant wein
|
|switch|p2a: Sylveon|Sylveon, F|357\/394
|turn|22
|
|move|p1a: Landorus|Earth Power|p2a: Sylveon
|-damage|p2a: Sylveon|149\/394
|move|p2a: Sylveon|Hyper Voice|p1a: Landorus
|-damage|p1a: Landorus|84\/319
|
|-weather|Sandstorm|[upkeep]
|-damage|p2a: Sylveon|125\/394|[from] sandstorm
|-heal|p2a: Sylveon|149\/394|[from] item: Leftovers
|turn|23
|c|âZenza|i guess EP 2 hit ko's anyway
|c|âZenza|so dont need wave
|c| boltsandbombers|tbh I'm more of a fan of specs sylveon
|
|move|p1a: Landorus|Earth Power|p2a: Sylveon
|-damage|p2a: Sylveon|0 fnt
|faint|p2a: Sylveon
|
|-weather|Sandstorm|[upkeep]
|c|âZenza|specs sylveon hits like a train oml
|c| boltsandbombers|and it has decent coverage and baton pass
|
|switch|p2a: Gengar|Gengar, M|272\/272
|turn|24
|c|âZenza|isnt sylv just outclassed by clef as a supportive role anyway haha
|
|move|p1a: Landorus|Knock Off|p2a: Gengar
|-supereffective|p2a: Gengar
|-damage|p2a: Gengar|0 fnt
|-enditem|p2a: Gengar|Black Sludge|[from] move: Knock Off|[of] p1a: Landorus
|-damage|p1a: Landorus|53\/319|[from] item: Life Orb
|faint|p2a: Gengar
|
|win|Zenza
|raw|Ladder updating...
|raw|Zenza's rating: 1604 &rarr; <strong>1626<\/strong><br \/>(+22 for winning)
|raw|andrewmon's rating: 1646 &rarr; <strong>1624<\/strong><br \/>(-22 for losing)
|c|âZenza|gg
|c| boltsandbombers|yeah
|c| boltsandbombers|thats right for the most part