|join|Zenza
|join|thisfireburns15
|player|p1|Zenza|167
|player|p2|thisfireburns15|169
|gametype|singles
|gen|6
|tier|OU
|rated
|clearpoke
|poke|p1|Serperior, M
|poke|p1|Gyarados, F
|poke|p1|Talonflame, M
|poke|p1|Bisharp, M
|poke|p1|Aerodactyl, M
|poke|p1|Latias, F
|poke|p2|Umbreon, F
|poke|p2|Charizard, M
|poke|p2|Scizor, M
|poke|p2|Garchomp, F
|poke|p2|Gliscor, F
|poke|p2|Starmie
|rule|Swagger Clause: Swagger is banned
|rule|Baton Pass Clause: Limit one PokÃ©mon knowing Baton Pass
|rule|Sleep Clause Mod: Limit one foe put to sleep
|rule|Species Clause: Limit one of each PokÃ©mon
|rule|OHKO Clause: OHKO moves are banned
|rule|Moody Clause: Moody is banned
|rule|Evasion Moves Clause: Evasion moves are banned
|rule|Endless Battle Clause: Forcing endless battles is banned
|rule|HP Percentage Mod: HP is shown in percentages
|teampreview
|
|start
|switch|p1a: Aerodactyl|Aerodactyl, M|301\/301
|switch|p2a: Gliscor|Gliscor, F|354\/354
|turn|1
|
|move|p1a: Aerodactyl|Taunt|p2a: Gliscor
|-start|p2a: Gliscor|move: Taunt
|cant|p2a: Gliscor|move: Taunt|Stealth Rock
|
|-status|p2a: Gliscor|tox|[from] item: Toxic Orb
|turn|2
|
|switch|p2a: Starmie|Starmie|324\/324
|move|p1a: Aerodactyl|Stealth Rock|p2a: Starmie
|-sidestart|p2: thisfireburns15|move: Stealth Rock
|
|turn|3
|
|move|p1a: Aerodactyl|Rock Slide|p2a: Starmie
|-damage|p2a: Starmie|183\/324
|move|p2a: Starmie|Rapid Spin|p1a: Aerodactyl
|-resisted|p1a: Aerodactyl
|-damage|p1a: Aerodactyl|293\/301
|-sideend|p2: thisfireburns15|Stealth Rock|[from] move: Rapid Spin|[of] p2a: Starmie
|
|-heal|p2a: Starmie|203\/324|[from] item: Leftovers
|turn|4
|
|move|p1a: Aerodactyl|Stealth Rock|p2a: Starmie
|-sidestart|p2: thisfireburns15|move: Stealth Rock
|move|p2a: Starmie|Scald|p1a: Aerodactyl
|-supereffective|p1a: Aerodactyl
|-damage|p1a: Aerodactyl|47\/301
|-status|p1a: Aerodactyl|brn
|
|-heal|p2a: Starmie|223\/324|[from] item: Leftovers
|-damage|p1a: Aerodactyl|10\/301 brn|[from] brn
|turn|5
|
|move|p1a: Aerodactyl|Rock Slide|p2a: Starmie
|-miss|p1a: Aerodactyl|p2a: Starmie
|move|p2a: Starmie|Rapid Spin|p1a: Aerodactyl
|-resisted|p1a: Aerodactyl
|-damage|p1a: Aerodactyl|2\/301 brn
|-sideend|p2: thisfireburns15|Stealth Rock|[from] move: Rapid Spin|[of] p2a: Starmie
|
|-heal|p2a: Starmie|243\/324|[from] item: Leftovers
|-damage|p1a: Aerodactyl|0 fnt|[from] brn
|faint|p1a: Aerodactyl
|
|switch|p1a: Gyarados|Gyarados, F|331\/331
|-ability|p1a: Gyarados|Intimidate|[of] p2a: Starmie
|-unboost|p2a: Starmie|atk|1
|turn|6
|
|switch|p2a: Gliscor|Gliscor, F|354\/354 tox
|detailschange|p1a: Gyarados|Gyarados-Mega, F
|-mega|p1a: Gyarados|Gyarados|Gyaradosite
|-ability|p1a: Gyarados|Mold Breaker
|move|p1a: Gyarados|Dragon Dance|p1a: Gyarados
|-boost|p1a: Gyarados|atk|1
|-boost|p1a: Gyarados|spe|1
|
|turn|7
|
|move|p1a: Gyarados|Waterfall|p2a: Gliscor
|-supereffective|p2a: Gliscor
|-damage|p2a: Gliscor|52\/354 tox
|move|p2a: Gliscor|Stealth Rock|p1a: Gyarados
|-sidestart|p1: Zenza|move: Stealth Rock
|
|-heal|p2a: Gliscor|96\/354 tox|[from] ability: Poison Heal
|turn|8
|
|move|p1a: Gyarados|Waterfall|p2a: Gliscor
|-supereffective|p2a: Gliscor
|-damage|p2a: Gliscor|0 fnt
|faint|p2a: Gliscor
|
|
|switch|p2a: Scizor|Scizor, M|343\/343
|turn|9
|
|move|p1a: Gyarados|Waterfall|p2a: Scizor
|-damage|p2a: Scizor|93\/343
|move|p2a: Scizor|Superpower|p1a: Gyarados
|-supereffective|p1a: Gyarados
|-damage|p1a: Gyarados|0 fnt
|-unboost|p2a: Scizor|atk|1
|-unboost|p2a: Scizor|def|1
|faint|p1a: Gyarados
|
|
|switch|p1a: Talonflame|Talonflame, M|320\/320
|-damage|p1a: Talonflame|160\/320|[from] Stealth Rock
|turn|10
|
|switch|p2a: Umbreon|Umbreon, F|394\/394
|move|p1a: Talonflame|Swords Dance|p1a: Talonflame
|-boost|p1a: Talonflame|atk|2
|
|-heal|p1a: Talonflame|180\/320|[from] item: Leftovers
|turn|11
|
|move|p1a: Talonflame|Brave Bird|p2a: Umbreon
|-damage|p2a: Umbreon|61\/394
|-damage|p1a: Talonflame|70\/320|[from] recoil|[of] p2a: Umbreon
|move|p2a: Umbreon|Foul Play|p1a: Talonflame
|-damage|p1a: Talonflame|0 fnt
|faint|p1a: Talonflame
|
|-heal|p2a: Umbreon|85\/394|[from] item: Leftovers
|
|switch|p1a: Serperior|Serperior, M|291\/291
|-damage|p1a: Serperior|255\/291|[from] Stealth Rock
|turn|12
|
|move|p1a: Serperior|Leaf Storm|p2a: Umbreon
|-damage|p2a: Umbreon|0 fnt
|-boost|p1a: Serperior|spa|2
|faint|p2a: Umbreon
|
|
|switch|p2a: Charizard|Charizard, M|297\/297
|turn|13
|
|detailschange|p2a: Charizard|Charizard-Mega-Y, M
|-mega|p2a: Charizard|Charizard|Charizardite Y
|-weather|SunnyDay
|move|p1a: Serperior|Leaf Storm|p2a: Charizard
|-resisted|p2a: Charizard
|-damage|p2a: Charizard|227\/297
|-boost|p1a: Serperior|spa|2
|move|p2a: Charizard|Fire Blast|p1a: Serperior
|-supereffective|p1a: Serperior
|-damage|p1a: Serperior|0 fnt
|faint|p1a: Serperior
|
|-weather|SunnyDay|[upkeep]
|
|switch|p1a: Latias|Latias, F|301\/301
|-damage|p1a: Latias|264\/301|[from] Stealth Rock
|turn|14
|
|switch|p2a: Garchomp|Garchomp, F|357\/357
|move|p1a: Latias|Draco Meteor|p2a: Garchomp
|-supereffective|p2a: Garchomp
|-damage|p2a: Garchomp|0 fnt
|-unboost|p1a: Latias|spa|2
|-damage|p1a: Latias|234\/301|[from] item: Life Orb
|faint|p2a: Garchomp
|
|-weather|SunnyDay|[upkeep]
|
|switch|p2a: Scizor|Scizor, M|93\/343
|turn|15
|c|âthisfireburns15|zenza
|c|âthisfireburns15|are you gary
|
|move|p1a: Latias|Draco Meteor|p2a: Scizor
|-resisted|p2a: Scizor
|-damage|p2a: Scizor|11\/343
|-unboost|p1a: Latias|spa|2
|-damage|p1a: Latias|204\/301|[from] item: Life Orb
|move|p2a: Scizor|U-turn|p1a: Latias
|-supereffective|p1a: Latias
|-damage|p1a: Latias|0 fnt
|faint|p1a: Latias
|
|switch|p2a: Starmie|Starmie|243\/324
|
|-weather|SunnyDay|[upkeep]
|-heal|p2a: Starmie|263\/324|[from] item: Leftovers
|
|switch|p1a: Bisharp|Bisharp, M|272\/272
|-damage|p1a: Bisharp|255\/272|[from] Stealth Rock
|turn|16
|
|switch|p2a: Scizor|Scizor, M|11\/343
|move|p1a: Bisharp|Swords Dance|p1a: Bisharp
|-boost|p1a: Bisharp|atk|2
|
|-weather|SunnyDay|[upkeep]
|turn|17
|
|move|p1a: Bisharp|Sucker Punch|p2a: Scizor
|-damage|p2a: Scizor|0 fnt
|faint|p2a: Scizor
|
|-weather|none
|
|switch|p2a: Charizard|Charizard-Mega-Y, M|227\/297
|-weather|SunnyDay
|turn|18
|
|move|p1a: Bisharp|Sucker Punch|p2a: Charizard
|-damage|p2a: Charizard|0 fnt
|faint|p2a: Charizard
|
|-weather|SunnyDay|[upkeep]
|
|switch|p2a: Starmie|Starmie|263\/324
|turn|19
|
|move|p1a: Bisharp|Sucker Punch|p2a: Starmie
|-supereffective|p2a: Starmie
|-damage|p2a: Starmie|0 fnt
|faint|p2a: Starmie
|
|win|Zenza
|raw|Ladder updating...
|raw|Zenza's rating: 1212 &rarr; <strong>1235<\/strong><br \/>(+23 for winning)
|raw|thisfireburns15's rating: 1179 &rarr; <strong>1157<\/strong><br \/>(-22 for losing)