|join|MoB Barley
|join|Zenza
|player|p1|MoB Barley|161
|player|p2|Zenza|167
|gametype|singles
|gen|6
|tier|OU
|rated
|clearpoke
|poke|p1|Victini
|poke|p1|Keldeo-Resolute
|poke|p1|Bisharp, M, shiny
|poke|p1|Lopunny, F, shiny
|poke|p1|Azumarill, M
|poke|p1|Latios, M
|poke|p2|Slowbro, M
|poke|p2|Gliscor, M
|poke|p2|Heatran, M
|poke|p2|Tyranitar, F
|poke|p2|Latios, M
|poke|p2|Ferrothorn, M
|rule|Swagger Clause: Swagger is banned
|rule|Baton Pass Clause: Limit one PokÃ©mon knowing Baton Pass
|rule|Sleep Clause Mod: Limit one foe put to sleep
|rule|Species Clause: Limit one of each PokÃ©mon
|rule|OHKO Clause: OHKO moves are banned
|rule|Moody Clause: Moody is banned
|rule|Evasion Moves Clause: Evasion moves are banned
|rule|Endless Battle Clause: Forcing endless battles is banned
|rule|HP Percentage Mod: HP is shown in percentages
|teampreview
|c|âZenza|gl
|c|âMoB Barley|gl
|
|start
|switch|p1a: Prioritize|Bisharp, M, shiny|271\/271
|switch|p2a: Slowbro|Slowbro, M|394\/394
|turn|1
|
|detailschange|p2a: Slowbro|Slowbro-Mega, M
|-mega|p2a: Slowbro|Slowbro|Slowbronite
|move|p1a: Prioritize|Knock Off|p2a: Slowbro
|-supereffective|p2a: Slowbro
|-damage|p2a: Slowbro|260\/394
|move|p2a: Slowbro|Scald|p1a: Prioritize
|-damage|p1a: Prioritize|121\/271
|-status|p1a: Prioritize|brn
|
|-damage|p1a: Prioritize|88\/271 brn|[from] brn
|turn|2
|join|gyarad0site
|
|move|p1a: Prioritize|Stealth Rock|p2a: Slowbro
|-sidestart|p2: Zenza|move: Stealth Rock
|move|p2a: Slowbro|Slack Off|p2a: Slowbro
|-heal|p2a: Slowbro|394\/394
|
|-damage|p1a: Prioritize|55\/271 brn|[from] brn
|turn|3
|
|switch|p1a: AC130|Latios, M|301\/301
|move|p2a: Slowbro|Calm Mind|p2a: Slowbro
|-boost|p2a: Slowbro|spa|1
|-boost|p2a: Slowbro|spd|1
|
|turn|4
|
|switch|p1a: Prioritize|Bisharp, M, shiny|55\/271 brn
|move|p2a: Slowbro|Slack Off|p2a: Slowbro
|-fail|p2a: Slowbro
|
|-damage|p1a: Prioritize|22\/271 brn|[from] brn
|turn|5
|
|move|p1a: Prioritize|Knock Off|p2a: Slowbro
|-supereffective|p2a: Slowbro
|-damage|p2a: Slowbro|322\/394
|move|p2a: Slowbro|Calm Mind|p2a: Slowbro
|-boost|p2a: Slowbro|spa|1
|-boost|p2a: Slowbro|spd|1
|
|-damage|p1a: Prioritize|0 fnt|[from] brn
|faint|p1a: Prioritize
|
|switch|p1a: Water Bomb|Azumarill, M|360\/360
|turn|6
|join|M0XI3 B00ST
|
|move|p1a: Water Bomb|Belly Drum|p1a: Water Bomb
|-damage|p1a: Water Bomb|180\/360
|-setboost|p1a: Water Bomb|atk|6|[from] move: Belly Drum
|-enditem|p1a: Water Bomb|Sitrus Berry|[eat]
|-heal|p1a: Water Bomb|270\/360|[from] item: Sitrus Berry
|move|p2a: Slowbro|Psyshock|p1a: Water Bomb
|-damage|p1a: Water Bomb|0 fnt
|faint|p1a: Water Bomb
|
|
|switch|p1a: Destructo Disk|Victini|341\/341
|turn|7
|
|move|p1a: Destructo Disk|Bolt Strike|p2a: Slowbro
|-supereffective|p2a: Slowbro
|-damage|p2a: Slowbro|96\/394
|move|p2a: Slowbro|Slack Off|p2a: Slowbro
|-heal|p2a: Slowbro|293\/394
|
|turn|8
|
|move|p1a: Destructo Disk|Bolt Strike|p2a: Slowbro
|-supereffective|p2a: Slowbro
|-damage|p2a: Slowbro|89\/394
|move|p2a: Slowbro|Scald|p1a: Destructo Disk
|-supereffective|p1a: Destructo Disk
|-damage|p1a: Destructo Disk|0 fnt
|faint|p1a: Destructo Disk
|
|
|switch|p1a: Playboy|Lopunny, F, shiny|271\/271
|turn|9
|
|detailschange|p1a: Playboy|Lopunny-Mega, F, shiny
|-mega|p1a: Playboy|Lopunny|Lopunnite
|move|p1a: Playboy|Fake Out|p2a: Slowbro
|-damage|p2a: Slowbro|46\/394
|cant|p2a: Slowbro|flinch
|
|turn|10
|join|rika and hanyuu
|
|move|p1a: Playboy|Return|p2a: Slowbro
|-damage|p2a: Slowbro|0 fnt
|faint|p2a: Slowbro
|
|
|switch|p2a: Latios|Latios, M|301\/301
|-damage|p2a: Latios|264\/301|[from] Stealth Rock
|turn|11
|join|The Wildest Charge
|
|switch|p1a: AC130|Latios, M|301\/301
|move|p2a: Latios|Draco Meteor|p1a: AC130
|-supereffective|p1a: AC130
|-damage|p1a: AC130|0 fnt
|-unboost|p2a: Latios|spa|2
|-damage|p2a: Latios|234\/301|[from] item: Life Orb
|faint|p1a: AC130
|
|
|switch|p1a: Playboy|Lopunny-Mega, F, shiny|271\/271
|turn|12
|
|switch|p2a: Heatran|Heatran, M|385\/385
|-damage|p2a: Heatran|337\/385|[from] Stealth Rock
|move|p1a: Playboy|High Jump Kick|p2a: Heatran
|-supereffective|p2a: Heatran
|-damage|p2a: Heatran|0 fnt
|faint|p2a: Heatran
|
|join|garbage laddering
|
|switch|p2a: Gliscor|Gliscor, M|354\/354
|-damage|p2a: Gliscor|310\/354|[from] Stealth Rock
|turn|13
|
|move|p1a: Playboy|Ice Punch|p2a: Gliscor
|-supereffective|p2a: Gliscor
|-damage|p2a: Gliscor|22\/354
|move|p2a: Gliscor|Earthquake|p1a: Playboy
|-damage|p1a: Playboy|162\/271
|
|-status|p2a: Gliscor|tox|[from] item: Toxic Orb
|turn|14
|
|move|p1a: Playboy|Return|p2a: Gliscor
|-damage|p2a: Gliscor|0 fnt
|faint|p2a: Gliscor
|
|
|switch|p2a: Ferrothorn|Ferrothorn, M|352\/352
|-damage|p2a: Ferrothorn|330\/352|[from] Stealth Rock
|turn|15
|
|switch|p1a: Pwny|Keldeo-Resolute|323\/323
|move|p2a: Ferrothorn|Gyro Ball|p1a: Pwny
|-resisted|p1a: Pwny
|-damage|p1a: Pwny|232\/323
|
|-heal|p2a: Ferrothorn|352\/352|[from] item: Leftovers
|turn|16
|
|switch|p2a: Tyranitar|Tyranitar, F|341\/341
|-damage|p2a: Tyranitar|299\/341|[from] Stealth Rock
|-weather|Sandstorm
|move|p1a: Pwny|Secret Sword|p2a: Tyranitar
|-supereffective|p2a: Tyranitar
|-damage|p2a: Tyranitar|0 fnt
|faint|p2a: Tyranitar
|
|-weather|Sandstorm|[upkeep]
|-damage|p1a: Pwny|212\/323|[from] sandstorm
|
|switch|p2a: Latios|Latios, M|234\/301
|-damage|p2a: Latios|197\/301|[from] Stealth Rock
|turn|17
|join|req'd by crobro
|
|move|p1a: Pwny|Secret Sword|p2a: Latios
|-resisted|p2a: Latios
|-damage|p2a: Latios|95\/301
|move|p2a: Latios|Psyshock|p1a: Pwny
|-supereffective|p1a: Pwny
|-damage|p1a: Pwny|0 fnt
|-damage|p2a: Latios|65\/301|[from] item: Life Orb
|faint|p1a: Pwny
|
|-weather|Sandstorm|[upkeep]
|-damage|p2a: Latios|47\/301|[from] sandstorm
|
|switch|p1a: Playboy|Lopunny-Mega, F, shiny|162\/271
|turn|18
|c| req'd by crobro|go to ferro
|c| req'd by crobro|rn
|
|move|p1a: Playboy|Return|p2a: Latios
|-damage|p2a: Latios|0 fnt
|faint|p2a: Latios
|
|-weather|Sandstorm|[upkeep]
|-damage|p1a: Playboy|146\/271|[from] sandstorm
|
|switch|p2a: Ferrothorn|Ferrothorn, M|352\/352
|-damage|p2a: Ferrothorn|330\/352|[from] Stealth Rock
|turn|19
|
|move|p1a: Playboy|High Jump Kick|p2a: Ferrothorn
|-supereffective|p2a: Ferrothorn
|-damage|p2a: Ferrothorn|30\/352
|-damage|p1a: Playboy|113\/271|[from] ability: Iron Barbs|[of] p2a: Ferrothorn
|move|p2a: Ferrothorn|Gyro Ball|p1a: Playboy
|-damage|p1a: Playboy|0 fnt
|faint|p1a: Playboy
|
|win|Zenza
|raw|Ladder updating...
|c| The Wildest Charge|so this is just 10% to lose game now?
|raw|MoB Barley's rating: 1783 &rarr; <strong>1754<\/strong><br \/>(-29 for losing)
|raw|Zenza's rating: 1611 &rarr; <strong>1640<\/strong><br \/>(+29 for winning)
|c|âZenza|gg
|c|âMoB Barley|gg
|leave|The Wildest Charge
|leave|garbage laddering
|leave|M0XI3 B00ST
|leave|req'd by crobro
|leave|MoB Barley
|player|p1