|join|gergo1008
|join|Wooliest Mammoth
|player|p1|gergo1008|248
|player|p2|Wooliest Mammoth|101
|gametype|singles
|gen|6
|tier|OU
|rated
|clearpoke
|poke|p1|Volcarona, F
|poke|p1|Gastrodon, F
|poke|p1|Porygon2
|poke|p1|Breloom, M
|poke|p1|Bisharp, M
|poke|p1|Gardevoir, M, shiny
|poke|p2|Dragonite, F
|poke|p2|Manectric, M
|poke|p2|Gliscor, F
|poke|p2|Infernape, M
|poke|p2|Weavile, F
|poke|p2|Tentacruel, F
|rule|Swagger Clause: Swagger is banned
|rule|Baton Pass Clause: Limit one PokÃ©mon knowing Baton Pass
|rule|Sleep Clause Mod: Limit one foe put to sleep
|rule|Species Clause: Limit one of each PokÃ©mon
|rule|OHKO Clause: OHKO moves are banned
|rule|Moody Clause: Moody is banned
|rule|Evasion Moves Clause: Evasion moves are banned
|rule|Endless Battle Clause: Forcing endless battles is banned
|rule|HP Percentage Mod: HP is shown in percentages
|teampreview
|
|start
|switch|p1a: Porygon2|Porygon2|374\/374
|switch|p2a: Gliscor|Gliscor, F|354\/354
|-ability|p1a: Porygon2|Poison Heal|[from] ability: Trace|[of] p2a: Gliscor
|turn|1
|
|move|p2a: Gliscor|Protect|p2a: Gliscor
|-singleturn|p2a: Gliscor|Protect
|move|p1a: Porygon2|Ice Beam|p2a: Gliscor
|-activate|p2a: Gliscor|Protect
|
|-status|p2a: Gliscor|tox|[from] item: Toxic Orb
|turn|2
|
|switch|p2a: Tentacruel|Tentacruel, F|357\/357
|move|p1a: Porygon2|Thunder Wave|p2a: Tentacruel
|-status|p2a: Tentacruel|par
|
|turn|3
|
|move|p1a: Porygon2|Thunderbolt|p2a: Tentacruel
|-crit|p2a: Tentacruel
|-supereffective|p2a: Tentacruel
|-damage|p2a: Tentacruel|213\/357 par
|move|p2a: Tentacruel|Acid Spray|p1a: Porygon2
|-damage|p1a: Porygon2|350\/374
|-unboost|p1a: Porygon2|spd|2
|
|-heal|p2a: Tentacruel|235\/357 par|[from] item: Black Sludge
|turn|4
|
|switch|p2a: Manectric|Manectric, M|281\/281
|move|p1a: Porygon2|Thunderbolt|p2a: Manectric
|-boost|p2a: Manectric|spa|1|[from] ability: Lightningrod
|
|turn|5
|
|switch|p1a: Gastrodon|Gastrodon, F|426\/426
|detailschange|p2a: Manectric|Manectric-Mega, M
|message|Manectric has Mega Evolved into Mega Manectric!
|-ability|p2a: Manectric|Intimidate|[of] p1a: Gastrodon
|-unboost|p1a: Gastrodon|atk|1
|move|p2a: Manectric|Overheat|p1a: Gastrodon
|-resisted|p1a: Gastrodon
|-damage|p1a: Gastrodon|303\/426
|-unboost|p2a: Manectric|spa|2
|
|-heal|p1a: Gastrodon|329\/426|[from] item: Leftovers
|turn|6
|
|switch|p2a: Tentacruel|Tentacruel, F|235\/357 par
|move|p1a: Gastrodon|Toxic|p2a: Tentacruel
|-fail|p2a: Tentacruel
|
|-heal|p1a: Gastrodon|355\/426|[from] item: Leftovers
|-heal|p2a: Tentacruel|257\/357 par|[from] item: Black Sludge
|turn|7
|
|move|p1a: Gastrodon|Infestation|p2a: Tentacruel
|-resisted|p2a: Tentacruel
|-damage|p2a: Tentacruel|252\/357 par
|-activate|p2a: Tentacruel|move: Infestation|[of] p1a: Gastrodon
|move|p2a: Tentacruel|Acid Spray|p1a: Gastrodon
|-resisted|p1a: Gastrodon
|-damage|p1a: Gastrodon|335\/426
|-unboost|p1a: Gastrodon|spd|2
|
|-heal|p1a: Gastrodon|361\/426|[from] item: Leftovers
|-heal|p2a: Tentacruel|274\/357 par|[from] item: Black Sludge
|-damage|p2a: Tentacruel|230\/357 par|[from] move: Infestation|[partiallytrapped]
|turn|8
|
|switch|p1a: Bisharp|Bisharp, M|272\/272
|move|p2a: Tentacruel|Sludge Bomb|p1a: Bisharp
|-immune|p1a: Bisharp|[msg]
|
|-heal|p2a: Tentacruel|252\/357 par|[from] item: Black Sludge
|-end|p2a: Tentacruel|Infestation|[partiallytrapped]
|turn|9
|
|switch|p2a: Gliscor|Gliscor, F|354\/354 tox
|move|p1a: Bisharp|Knock Off|p2a: Gliscor
|-damage|p2a: Gliscor|248\/354 tox
|-enditem|p2a: Gliscor|Toxic Orb|[from] move: Knock Off|[of] p1a: Bisharp
|
|-heal|p2a: Gliscor|292\/354 tox|[from] ability: Poison Heal
|turn|10
|
|switch|p1a: Breloom|Breloom, M|324\/324
|move|p2a: Gliscor|Knock Off|p1a: Breloom
|-resisted|p1a: Breloom
|-damage|p1a: Breloom|283\/324
|-enditem|p1a: Breloom|Toxic Orb|[from] move: Knock Off|[of] p2a: Gliscor
|
|-heal|p2a: Gliscor|336\/354 tox|[from] ability: Poison Heal
|turn|11
|
|move|p2a: Gliscor|Earthquake|p1a: Breloom
|-resisted|p1a: Breloom
|-damage|p1a: Breloom|214\/324
|move|p1a: Breloom|Drain Punch|p2a: Gliscor
|-resisted|p2a: Gliscor
|-damage|p2a: Gliscor|292\/354 tox
|-heal|p1a: Breloom|236\/324|[from] drain|[of] p2a: Gliscor
|
|-heal|p2a: Gliscor|336\/354 tox|[from] ability: Poison Heal
|turn|12
|
|switch|p1a: Volcarona|Volcarona, F|374\/374
|move|p2a: Gliscor|Earthquake|p1a: Volcarona
|-damage|p1a: Volcarona|266\/374
|
|-heal|p1a: Volcarona|289\/374|[from] item: Leftovers
|-heal|p2a: Gliscor|354\/354 tox|[from] ability: Poison Heal
|turn|13
|
|move|p1a: Volcarona|Fiery Dance|p2a: Gliscor
|-damage|p2a: Gliscor|192\/354 tox
|move|p2a: Gliscor|Toxic|p1a: Volcarona
|-status|p1a: Volcarona|tox
|
|-heal|p1a: Volcarona|312\/374 tox|[from] item: Leftovers
|-damage|p1a: Volcarona|289\/374 tox|[from] psn
|-heal|p2a: Gliscor|236\/354 tox|[from] ability: Poison Heal
|turn|14
|
|move|p2a: Gliscor|Protect|p2a: Gliscor
|-singleturn|p2a: Gliscor|Protect
|move|p1a: Volcarona|Fiery Dance|p2a: Gliscor
|-activate|p2a: Gliscor|Protect
|
|-heal|p1a: Volcarona|312\/374 tox|[from] item: Leftovers
|-damage|p1a: Volcarona|266\/374 tox|[from] psn
|-heal|p2a: Gliscor|280\/354 tox|[from] ability: Poison Heal
|turn|15
|
|switch|p2a: Tentacruel|Tentacruel, F|252\/357 par
|move|p1a: Volcarona|Fiery Dance|p2a: Tentacruel
|-resisted|p2a: Tentacruel
|-damage|p2a: Tentacruel|210\/357 par
|-boost|p1a: Volcarona|spa|1
|
|-heal|p1a: Volcarona|289\/374 tox|[from] item: Leftovers
|-heal|p2a: Tentacruel|232\/357 par|[from] item: Black Sludge
|-damage|p1a: Volcarona|220\/374 tox|[from] psn
|turn|16
|
|move|p1a: Volcarona|Roost|p1a: Volcarona
|-heal|p1a: Volcarona|374\/374 tox
|move|p2a: Tentacruel|Scald|p1a: Volcarona
|-supereffective|p1a: Volcarona
|-damage|p1a: Volcarona|212\/374 tox
|
|-heal|p1a: Volcarona|235\/374 tox|[from] item: Leftovers
|-heal|p2a: Tentacruel|254\/357 par|[from] item: Black Sludge
|-damage|p1a: Volcarona|143\/374 tox|[from] psn
|turn|17
|
|switch|p1a: Gastrodon|Gastrodon, F|361\/426
|move|p2a: Tentacruel|Scald|p1a: Gastrodon
|-boost|p1a: Gastrodon|spa|1|[from] ability: Storm Drain
|
|-heal|p1a: Gastrodon|387\/426|[from] item: Leftovers
|-heal|p2a: Tentacruel|276\/357 par|[from] item: Black Sludge
|turn|18
|
|move|p1a: Gastrodon|Infestation|p2a: Tentacruel
|-resisted|p2a: Tentacruel
|-damage|p2a: Tentacruel|269\/357 par
|-activate|p2a: Tentacruel|move: Infestation|[of] p1a: Gastrodon
|move|p2a: Tentacruel|Acid Spray|p1a: Gastrodon
|-resisted|p1a: Gastrodon
|-damage|p1a: Gastrodon|365\/426
|-unboost|p1a: Gastrodon|spd|2
|
|-heal|p1a: Gastrodon|391\/426|[from] item: Leftovers
|-heal|p2a: Tentacruel|291\/357 par|[from] item: Black Sludge
|-damage|p2a: Tentacruel|247\/357 par|[from] move: Infestation|[partiallytrapped]
|turn|19
|
|move|p1a: Gastrodon|Scald|p2a: Tentacruel
|-resisted|p2a: Tentacruel
|-damage|p2a: Tentacruel|208\/357 par
|move|p2a: Tentacruel|Sludge Bomb|p1a: Gastrodon
|-resisted|p1a: Gastrodon
|-damage|p1a: Gastrodon|301\/426
|
|-heal|p1a: Gastrodon|327\/426|[from] item: Leftovers
|-heal|p2a: Tentacruel|230\/357 par|[from] item: Black Sludge
|-damage|p2a: Tentacruel|186\/357 par|[from] move: Infestation|[partiallytrapped]
|turn|20
|
|move|p1a: Gastrodon|Scald|p2a: Tentacruel
|-resisted|p2a: Tentacruel
|-damage|p2a: Tentacruel|146\/357 par
|cant|p2a: Tentacruel|par
|
|-heal|p1a: Gastrodon|353\/426|[from] item: Leftovers
|-heal|p2a: Tentacruel|168\/357 par|[from] item: Black Sludge
|-damage|p2a: Tentacruel|124\/357 par|[from] move: Infestation|[partiallytrapped]
|turn|21
|
|move|p1a: Gastrodon|Scald|p2a: Tentacruel
|-resisted|p2a: Tentacruel
|-damage|p2a: Tentacruel|82\/357 par
|cant|p2a: Tentacruel|par
|
|-heal|p1a: Gastrodon|379\/426|[from] item: Leftovers
|-heal|p2a: Tentacruel|104\/357 par|[from] item: Black Sludge
|-damage|p2a: Tentacruel|60\/357 par|[from] move: Infestation|[partiallytrapped]
|turn|22
|
|move|p1a: Gastrodon|Scald|p2a: Tentacruel
|-resisted|p2a: Tentacruel
|-damage|p2a: Tentacruel|18\/357 par
|move|p2a: Tentacruel|Acid Spray|p1a: Gastrodon
|-resisted|p1a: Gastrodon
|-damage|p1a: Gastrodon|341\/426
|-unboost|p1a: Gastrodon|spd|2
|
|-heal|p1a: Gastrodon|367\/426|[from] item: Leftovers
|-heal|p2a: Tentacruel|40\/357 par|[from] item: Black Sludge
|-end|p2a: Tentacruel|Infestation|[partiallytrapped]
|turn|23
|
|move|p1a: Gastrodon|Infestation|p2a: Tentacruel
|-resisted|p2a: Tentacruel
|-damage|p2a: Tentacruel|33\/357 par
|-activate|p2a: Tentacruel|move: Infestation|[of] p1a: Gastrodon
|move|p2a: Tentacruel|Sludge Bomb|p1a: Gastrodon
|-resisted|p1a: Gastrodon
|-damage|p1a: Gastrodon|240\/426
|
|-heal|p1a: Gastrodon|266\/426|[from] item: Leftovers
|-heal|p2a: Tentacruel|55\/357 par|[from] item: Black Sludge
|-damage|p2a: Tentacruel|11\/357 par|[from] move: Infestation|[partiallytrapped]
|turn|24
|
|move|p1a: Gastrodon|Recover|p1a: Gastrodon
|-heal|p1a: Gastrodon|426\/426
|move|p2a: Tentacruel|Sludge Bomb|p1a: Gastrodon
|-resisted|p1a: Gastrodon
|-damage|p1a: Gastrodon|300\/426
|-status|p1a: Gastrodon|psn
|
|-heal|p1a: Gastrodon|326\/426 psn|[from] item: Leftovers
|-heal|p2a: Tentacruel|33\/357 par|[from] item: Black Sludge
|-damage|p1a: Gastrodon|273\/426 psn|[from] psn
|-damage|p2a: Tentacruel|0 fnt|[from] move: Infestation|[partiallytrapped]
|faint|p2a: Tentacruel
|
|switch|p2a: Manectric|Manectric-Mega, M|281\/281
|-ability|p2a: Manectric|Intimidate|[of] p1a: Gastrodon
|-unboost|p1a: Gastrodon|atk|1
|turn|25
|
|switch|p1a: Gardevoir|Gardevoir, M, shiny|339\/339
|-ability|p1a: Gardevoir|Intimidate|[from] ability: Trace|[of] p2a: Manectric
|-ability|p1a: Gardevoir|Intimidate|[of] p2a: Manectric
|-unboost|p2a: Manectric|atk|1
|move|p2a: Manectric|Overheat|p1a: Gardevoir
|-damage|p1a: Gardevoir|190\/339
|-unboost|p2a: Manectric|spa|2
|
|turn|26
|
|detailschange|p1a: Gardevoir|Gardevoir-Mega, M, shiny
|message|Gardevoir has Mega Evolved into Mega Gardevoir!
|move|p2a: Manectric|Volt Switch|p1a: Gardevoir
|-damage|p1a: Gardevoir|139\/339
|
|switch|p2a: Infernape|Infernape, M|293\/293
|move|p1a: Gardevoir|Psyshock|p2a: Infernape
|-supereffective|p2a: Infernape
|-enditem|p2a: Infernape|Focus Sash
|-damage|p2a: Infernape|1\/293
|
|turn|27
|
|switch|p1a: Volcarona|Volcarona, F|143\/374 tox
|move|p2a: Infernape|Stealth Rock|p1a: Volcarona
|-sidestart|p1: gergo1008|move: Stealth Rock
|
|-heal|p1a: Volcarona|166\/374 tox|[from] item: Leftovers
|-damage|p1a: Volcarona|143\/374 tox|[from] psn
|turn|28
|
|switch|p2a: Gliscor|Gliscor, F|280\/354 tox
|move|p1a: Volcarona|Fiery Dance|p2a: Gliscor
|-damage|p2a: Gliscor|124\/354 tox
|
|-heal|p1a: Volcarona|166\/374 tox|[from] item: Leftovers
|-damage|p1a: Volcarona|120\/374 tox|[from] psn
|-heal|p2a: Gliscor|168\/354 tox|[from] ability: Poison Heal
|turn|29
|
|move|p2a: Gliscor|Protect|p2a: Gliscor
|-singleturn|p2a: Gliscor|Protect
|move|p1a: Volcarona|Quiver Dance|p1a: Volcarona
|-boost|p1a: Volcarona|spa|1
|-boost|p1a: Volcarona|spd|1
|-boost|p1a: Volcarona|spe|1
|
|-heal|p1a: Volcarona|143\/374 tox|[from] item: Leftovers
|-damage|p1a: Volcarona|74\/374 tox|[from] psn
|-heal|p2a: Gliscor|212\/354 tox|[from] ability: Poison Heal
|turn|30
|
|switch|p2a: Infernape|Infernape, M|1\/293
|move|p1a: Volcarona|Fiery Dance|p2a: Infernape
|-resisted|p2a: Infernape
|-damage|p2a: Infernape|0 fnt
|-boost|p1a: Volcarona|spa|1
|faint|p2a: Infernape
|
|-heal|p1a: Volcarona|97\/374 tox|[from] item: Leftovers
|-damage|p1a: Volcarona|5\/374 tox|[from] psn
|
|switch|p2a: Dragonite|Dragonite, F|323\/323
|turn|31
|
|move|p2a: Dragonite|Extreme Speed|p1a: Volcarona
|-damage|p1a: Volcarona|0 fnt
|-status|p2a: Dragonite|brn
|faint|p1a: Volcarona
|
|-damage|p2a: Dragonite|283\/323 brn|[from] brn
|
|switch|p1a: Porygon2|Porygon2|350\/374
|-damage|p1a: Porygon2|304\/374|[from] Stealth Rock
|-ability|p1a: Porygon2|Multiscale|[from] ability: Trace|[of] p2a: Dragonite
|turn|32
|
|switch|p2a: Manectric|Manectric-Mega, M|281\/281
|-ability|p2a: Manectric|Intimidate|[of] p1a: Porygon2
|-unboost|p1a: Porygon2|atk|1
|move|p1a: Porygon2|Ice Beam|p2a: Manectric
|-damage|p2a: Manectric|186\/281
|
|turn|33
|
|move|p2a: Manectric|Thunderbolt|p1a: Porygon2
|-damage|p1a: Porygon2|217\/374
|move|p1a: Porygon2|Ice Beam|p2a: Manectric
|-damage|p2a: Manectric|95\/281
|
|turn|34
|
|move|p2a: Manectric|Volt Switch|p1a: Porygon2
|-damage|p1a: Porygon2|153\/374
|
|switch|p2a: Weavile|Weavile, F|281\/281
|-ability|p2a: Weavile|Pressure
|move|p1a: Porygon2|Recover|p1a: Porygon2
|-heal|p1a: Porygon2|340\/374
|
|turn|35
|
|move|p2a: Weavile|Knock Off|p1a: Porygon2
|-damage|p1a: Porygon2|192\/374
|-enditem|p1a: Porygon2|Eviolite|[from] move: Knock Off|[of] p2a: Weavile
|-damage|p2a: Weavile|253\/281|[from] item: Life Orb
|move|p1a: Porygon2|Thunderbolt|p2a: Weavile
|-damage|p2a: Weavile|166\/281
|
|turn|36
|
|move|p2a: Weavile|Knock Off|p1a: Porygon2
|-damage|p1a: Porygon2|56\/374
|-damage|p2a: Weavile|138\/281|[from] item: Life Orb
|move|p1a: Porygon2|Thunder Wave|p2a: Weavile
|-status|p2a: Weavile|par
|
|turn|37
|
|cant|p2a: Weavile|par
|move|p1a: Porygon2|Recover|p1a: Porygon2
|-heal|p1a: Porygon2|243\/374
|
|turn|38
|
|move|p1a: Porygon2|Recover|p1a: Porygon2
|-heal|p1a: Porygon2|374\/374
|move|p2a: Weavile|Ice Punch|p1a: Porygon2
|-damage|p1a: Porygon2|290\/374
|-damage|p2a: Weavile|110\/281 par|[from] item: Life Orb
|
|turn|39
|
|move|p1a: Porygon2|Thunderbolt|p2a: Weavile
|-damage|p2a: Weavile|20\/281 par
|cant|p2a: Weavile|par
|
|turn|40
|
|move|p1a: Porygon2|Recover|p1a: Porygon2
|-heal|p1a: Porygon2|374\/374
|move|p2a: Weavile|Ice Punch|p1a: Porygon2
|-damage|p1a: Porygon2|298\/374
|-damage|p2a: Weavile|0 fnt|[from] item: Life Orb
|faint|p2a: Weavile
|
|
|switch|p2a: Dragonite|Dragonite, F|283\/323 brn
|turn|41
|
|move|p2a: Dragonite|Outrage|p1a: Porygon2
|-damage|p1a: Porygon2|130\/374
|move|p1a: Porygon2|Ice Beam|p2a: Dragonite
|-supereffective|p2a: Dragonite
|-damage|p2a: Dragonite|0 fnt
|faint|p2a: Dragonite
|
|
|switch|p2a: Manectric|Manectric-Mega, M|95\/281
|-ability|p2a: Manectric|Intimidate|[of] p1a: Porygon2
|-unboost|p1a: Porygon2|atk|1
|turn|42
|
|switch|p1a: Gastrodon|Gastrodon, F|273\/426 psn
|-damage|p1a: Gastrodon|247\/426 psn|[from] Stealth Rock
|move|p2a: Manectric|Overheat|p1a: Gastrodon
|-resisted|p1a: Gastrodon
|-damage|p1a: Gastrodon|172\/426 psn
|-unboost|p2a: Manectric|spa|2
|
|-heal|p1a: Gastrodon|198\/426 psn|[from] item: Leftovers
|-damage|p1a: Gastrodon|145\/426 psn|[from] psn
|turn|43
|
|switch|p2a: Gliscor|Gliscor, F|212\/354 tox
|move|p1a: Gastrodon|Scald|p2a: Gliscor
|-supereffective|p2a: Gliscor
|-damage|p2a: Gliscor|8\/354 tox
|
|-heal|p1a: Gastrodon|171\/426 psn|[from] item: Leftovers
|-heal|p2a: Gliscor|52\/354 tox|[from] ability: Poison Heal
|-damage|p1a: Gastrodon|118\/426 psn|[from] psn
|turn|44
|
|move|p2a: Gliscor|Earthquake|p1a: Gastrodon
|-damage|p1a: Gastrodon|0 fnt
|faint|p1a: Gastrodon
|
|-heal|p2a: Gliscor|96\/354 tox|[from] ability: Poison Heal
|
|switch|p1a: Porygon2|Porygon2|130\/374
|-damage|p1a: Porygon2|84\/374|[from] Stealth Rock
|-ability|p1a: Porygon2|Poison Heal|[from] ability: Trace|[of] p2a: Gliscor
|turn|45
|
|move|p2a: Gliscor|Earthquake|p1a: Porygon2
|-damage|p1a: Porygon2|0 fnt
|faint|p1a: Porygon2
|
|-heal|p2a: Gliscor|140\/354 tox|[from] ability: Poison Heal
|
|switch|p1a: Gardevoir|Gardevoir-Mega, M, shiny|139\/339
|-damage|p1a: Gardevoir|97\/339|[from] Stealth Rock
|turn|46
|
|move|p2a: Gliscor|Protect|p2a: Gliscor
|-singleturn|p2a: Gliscor|Protect
|move|p1a: Gardevoir|Dazzling Gleam|p2a: Gliscor
|-activate|p2a: Gliscor|Protect
|
|-heal|p2a: Gliscor|184\/354 tox|[from] ability: Poison Heal
|turn|47
|
|move|p1a: Gardevoir|Dazzling Gleam|p2a: Gliscor
|-damage|p2a: Gliscor|0 fnt
|faint|p2a: Gliscor
|
|
|switch|p2a: Manectric|Manectric-Mega, M|95\/281
|-ability|p2a: Manectric|Intimidate|[of] p1a: Gardevoir
|-unboost|p1a: Gardevoir|atk|1
|turn|48
|
|move|p2a: Manectric|Thunderbolt|p1a: Gardevoir
|-damage|p1a: Gardevoir|0 fnt
|faint|p1a: Gardevoir
|
|
|switch|p1a: Breloom|Breloom, M|236\/324
|-damage|p1a: Breloom|216\/324|[from] Stealth Rock
|turn|49
|
|move|p1a: Breloom|Mach Punch|p2a: Manectric
|-damage|p2a: Manectric|0 fnt
|faint|p2a: Manectric
|
|win|gergo1008
|raw|Ladder updating...
|raw|gergo1008's rating: 1517 &rarr; <strong>1535<\/strong><br \/>(+18 for winning)
|raw|Wooliest Mammoth's rating: 1485 &rarr; <strong>1466<\/strong><br \/>(-19 for losing)
|c|âWooliest Mammoth|gg
|c|âgergo1008|gg
|leave|gergo1008
|player|p1