|join|aoeuhtns
|join|Wooliest Mammoth
|player|p1|aoeuhtns|214
|player|p2|Wooliest Mammoth|101
|gametype|singles
|gen|6
|tier|OU
|rated
|clearpoke
|poke|p1|Tyranitar, F
|poke|p1|Skarmory, M
|poke|p1|Rotom-Wash
|poke|p1|Landorus-Therian, M
|poke|p1|Heatran, F
|poke|p1|Latias, F
|poke|p2|Dragonite, M
|poke|p2|Manectric, M
|poke|p2|Gliscor, M
|poke|p2|Infernape, M
|poke|p2|Weavile, M
|poke|p2|Tentacruel, F
|rule|Swagger Clause: Swagger is banned
|rule|Baton Pass Clause: Limit one PokÃ©mon knowing Baton Pass
|rule|Sleep Clause Mod: Limit one foe put to sleep
|rule|Species Clause: Limit one of each PokÃ©mon
|rule|OHKO Clause: OHKO moves are banned
|rule|Moody Clause: Moody is banned
|rule|Evasion Moves Clause: Evasion moves are banned
|rule|Endless Battle Clause: Forcing endless battles is banned
|rule|HP Percentage Mod: HP is shown in percentages
|teampreview
|
|start
|switch|p1a: Whirls|Rotom-Wash|242\/242
|switch|p2a: Gliscor|Gliscor, M|354\/354
|turn|1
|
|move|p2a: Gliscor|Protect|p2a: Gliscor
|-singleturn|p2a: Gliscor|Protect
|move|p1a: Whirls|Hydro Pump|p2a: Gliscor
|-activate|p2a: Gliscor|Protect
|
|-status|p2a: Gliscor|tox|[from] item: Toxic Orb
|turn|2
|
|switch|p2a: Manectric|Manectric, M|281\/281
|move|p1a: Whirls|Hydro Pump|p2a: Manectric
|-damage|p2a: Manectric|0 fnt
|faint|p2a: Manectric
|
|
|switch|p2a: Tentacruel|Tentacruel, F|357\/357
|turn|3
|
|switch|p1a: Latias|Latias, F|302\/302
|move|p2a: Tentacruel|Scald|p1a: Latias
|-resisted|p1a: Latias
|-damage|p1a: Latias|269\/302
|
|turn|4
|
|switch|p2a: Weavile|Weavile, M|281\/281
|-ability|p2a: Weavile|Pressure
|move|p1a: Latias|Energy Ball|p2a: Weavile
|-damage|p2a: Weavile|146\/281
|-damage|p1a: Latias|239\/302|[from] item: Life Orb
|
|turn|5
|
|switch|p1a: Phoenix|Skarmory, M|334\/334
|move|p2a: Weavile|Knock Off|p1a: Phoenix
|-damage|p1a: Phoenix|209\/334
|-enditem|p1a: Phoenix|Leftovers|[from] move: Knock Off|[of] p2a: Weavile
|-damage|p2a: Weavile|118\/281|[from] item: Life Orb
|
|turn|6
|
|switch|p2a: Dragonite|Dragonite, M|323\/323
|move|p1a: Phoenix|Roost|p1a: Phoenix
|-heal|p1a: Phoenix|334\/334
|
|turn|7
|
|switch|p1a: Pizza Pocket|Heatran, F|386\/386
|move|p2a: Dragonite|Outrage|p1a: Pizza Pocket
|-resisted|p1a: Pizza Pocket
|-damage|p1a: Pizza Pocket|230\/386
|
|-heal|p1a: Pizza Pocket|254\/386|[from] item: Leftovers
|turn|8
|
|move|p2a: Dragonite|Outrage|p1a: Pizza Pocket
|-resisted|p1a: Pizza Pocket
|-damage|p1a: Pizza Pocket|95\/386
|move|p1a: Pizza Pocket|Toxic|p2a: Dragonite
|-status|p2a: Dragonite|tox
|
|-heal|p1a: Pizza Pocket|119\/386|[from] item: Leftovers
|-damage|p2a: Dragonite|303\/323 tox|[from] psn
|turn|9
|
|switch|p1a: Woof|Landorus-Therian, M|382\/382
|-ability|p1a: Woof|Intimidate|[of] p2a: Dragonite
|-unboost|p2a: Dragonite|atk|1
|move|p2a: Dragonite|Outrage|p1a: Woof
|-damage|p1a: Woof|189\/382
|-damage|p2a: Dragonite|250\/323 tox|[from] item: Rocky Helmet|[of] p1a: Woof
|
|-end|p2a: Dragonite|rampage
|-start|p2a: Dragonite|confusion
|-damage|p2a: Dragonite|210\/323 tox|[from] psn
|turn|10
|
|switch|p2a: Gliscor|Gliscor, M|354\/354 tox
|move|p1a: Woof|Stealth Rock|p2a: Gliscor
|-sidestart|p2: Wooliest Mammoth|move: Stealth Rock
|
|turn|11
|
|move|p2a: Gliscor|Knock Off|p1a: Woof
|-damage|p1a: Woof|129\/382
|-damage|p2a: Gliscor|295\/354 tox|[from] item: Rocky Helmet|[of] p1a: Woof
|-enditem|p1a: Woof|Rocky Helmet|[from] move: Knock Off|[of] p2a: Gliscor
|move|p1a: Woof|U-turn|p2a: Gliscor
|-resisted|p2a: Gliscor
|-damage|p2a: Gliscor|269\/354 tox
|
|switch|p1a: Phoenix|Skarmory, M|334\/334
|
|-heal|p2a: Gliscor|313\/354 tox|[from] ability: Poison Heal
|turn|12
|
|switch|p2a: Tentacruel|Tentacruel, F|357\/357
|-damage|p2a: Tentacruel|313\/357|[from] Stealth Rock
|move|p1a: Phoenix|Taunt|p2a: Tentacruel
|-start|p2a: Tentacruel|move: Taunt
|
|-heal|p2a: Tentacruel|335\/357|[from] item: Black Sludge
|turn|13
|
|switch|p1a: Whirls|Rotom-Wash|242\/242
|move|p2a: Tentacruel|Rapid Spin|p1a: Whirls
|-damage|p1a: Whirls|232\/242
|-sideend|p2: Wooliest Mammoth|Stealth Rock|[from] move: Rapid Spin|[of] p2a: Tentacruel
|
|-heal|p2a: Tentacruel|357\/357|[from] item: Black Sludge
|turn|14
|
|move|p1a: Whirls|Hydro Pump|p2a: Tentacruel|[miss]
|-miss|p1a: Whirls|p2a: Tentacruel
|move|p2a: Tentacruel|Sludge Bomb|p1a: Whirls
|-crit|p1a: Whirls
|-damage|p1a: Whirls|112\/242
|-status|p1a: Whirls|psn
|
|-damage|p1a: Whirls|82\/242 psn|[from] psn
|turn|15
|
|switch|p1a: Pizza Pocket|Heatran, F|119\/386
|move|p2a: Tentacruel|Sludge Bomb|p1a: Pizza Pocket
|-immune|p1a: Pizza Pocket|[msg]
|
|-heal|p1a: Pizza Pocket|143\/386|[from] item: Leftovers
|-end|p2a: Tentacruel|move: Taunt
|turn|16
|
|switch|p1a: Latias|Latias, F|239\/302
|move|p2a: Tentacruel|Scald|p1a: Latias
|-crit|p1a: Latias
|-resisted|p1a: Latias
|-damage|p1a: Latias|190\/302
|-status|p1a: Latias|brn
|
|-damage|p1a: Latias|153\/302 brn|[from] brn
|turn|17
|
|switch|p2a: Dragonite|Dragonite, M|210\/323 tox
|move|p1a: Latias|Psyshock|p2a: Dragonite
|-damage|p2a: Dragonite|37\/323 tox
|-damage|p1a: Latias|123\/302 brn|[from] item: Life Orb
|
|-damage|p1a: Latias|86\/302 brn|[from] brn
|-damage|p2a: Dragonite|17\/323 tox|[from] psn
|turn|18
|
|switch|p1a: Phoenix|Skarmory, M|334\/334
|move|p2a: Dragonite|Extreme Speed|p1a: Phoenix
|-resisted|p1a: Phoenix
|-damage|p1a: Phoenix|285\/334
|
|-damage|p2a: Dragonite|0 fnt|[from] psn
|faint|p2a: Dragonite
|
|switch|p2a: Infernape|Infernape, M|293\/293
|turn|19
|
|switch|p1a: Woof|Landorus-Therian, M|129\/382
|-ability|p1a: Woof|Intimidate|[of] p2a: Infernape
|-unboost|p2a: Infernape|atk|1
|move|p2a: Infernape|Stealth Rock|p1a: Woof
|-sidestart|p1: aoeuhtns|move: Stealth Rock
|
|turn|20
|
|switch|p2a: Gliscor|Gliscor, M|313\/354 tox
|switch|p1a: Pizza Pocket|Heatran, F|143\/386
|-damage|p1a: Pizza Pocket|95\/386|[from] Stealth Rock
|
|-heal|p1a: Pizza Pocket|119\/386|[from] item: Leftovers
|-heal|p2a: Gliscor|354\/354 tox|[from] ability: Poison Heal
|turn|21
|c|âaoeuhtns|nice double
|
|switch|p1a: Phoenix|Skarmory, M|285\/334
|-damage|p1a: Phoenix|244\/334|[from] Stealth Rock
|move|p2a: Gliscor|Knock Off|p1a: Phoenix
|-damage|p1a: Phoenix|212\/334
|
|turn|22
|c|âWooliest Mammoth|thx
|
|move|p2a: Gliscor|Protect|p2a: Gliscor
|-singleturn|p2a: Gliscor|Protect
|move|p1a: Phoenix|Roost|p1a: Phoenix
|-heal|p1a: Phoenix|334\/334
|
|turn|23
|
|switch|p2a: Tentacruel|Tentacruel, F|357\/357
|switch|p1a: Pizza Pocket|Heatran, F|119\/386
|-damage|p1a: Pizza Pocket|71\/386|[from] Stealth Rock
|
|-heal|p1a: Pizza Pocket|95\/386|[from] item: Leftovers
|turn|24
|
|move|p2a: Tentacruel|Scald|p1a: Pizza Pocket
|-supereffective|p1a: Pizza Pocket
|-damage|p1a: Pizza Pocket|0 fnt
|faint|p1a: Pizza Pocket
|
|
|switch|p1a: Whirls|Rotom-Wash|82\/242 psn
|-damage|p1a: Whirls|52\/242 psn|[from] Stealth Rock
|turn|25
|
|move|p1a: Whirls|Volt Switch|p2a: Tentacruel
|-supereffective|p2a: Tentacruel
|-damage|p2a: Tentacruel|217\/357
|
|switch|p1a: Phoenix|Skarmory, M|334\/334
|-damage|p1a: Phoenix|293\/334|[from] Stealth Rock
|move|p2a: Tentacruel|Sludge Bomb|p1a: Phoenix
|-immune|p1a: Phoenix|[msg]
|
|-heal|p2a: Tentacruel|239\/357|[from] item: Black Sludge
|turn|26
|
|move|p2a: Tentacruel|Scald|p1a: Phoenix
|-damage|p1a: Phoenix|197\/334
|move|p1a: Phoenix|Spikes|p2a: Tentacruel
|-sidestart|p2: Wooliest Mammoth|Spikes
|
|-heal|p2a: Tentacruel|261\/357|[from] item: Black Sludge
|turn|27
|
|move|p2a: Tentacruel|Scald|p1a: Phoenix
|-damage|p1a: Phoenix|100\/334
|move|p1a: Phoenix|Roost|p1a: Phoenix
|-heal|p1a: Phoenix|267\/334
|
|-heal|p2a: Tentacruel|283\/357|[from] item: Black Sludge
|turn|28
|
|move|p2a: Tentacruel|Scald|p1a: Phoenix
|-damage|p1a: Phoenix|159\/334
|move|p1a: Phoenix|Spikes|p2a: Tentacruel
|-sidestart|p2: Wooliest Mammoth|Spikes
|
|-heal|p2a: Tentacruel|305\/357|[from] item: Black Sludge
|turn|29
|
|move|p2a: Tentacruel|Rapid Spin|p1a: Phoenix
|-crit|p1a: Phoenix
|-resisted|p1a: Phoenix
|-damage|p1a: Phoenix|154\/334
|-sideend|p2: Wooliest Mammoth|Spikes|[from] move: Rapid Spin|[of] p2a: Tentacruel
|move|p1a: Phoenix|Roost|p1a: Phoenix
|-heal|p1a: Phoenix|321\/334
|
|-heal|p2a: Tentacruel|327\/357|[from] item: Black Sludge
|turn|30
|
|move|p2a: Tentacruel|Scald|p1a: Phoenix
|-crit|p1a: Phoenix
|-damage|p1a: Phoenix|150\/334
|-status|p1a: Phoenix|brn
|move|p1a: Phoenix|Spikes|p2a: Tentacruel
|-sidestart|p2: Wooliest Mammoth|Spikes
|
|-heal|p2a: Tentacruel|349\/357|[from] item: Black Sludge
|-damage|p1a: Phoenix|109\/334 brn|[from] brn
|turn|31
|join|sdafdsfdafsafds
|
|move|p2a: Tentacruel|Rapid Spin|p1a: Phoenix
|-resisted|p1a: Phoenix
|-damage|p1a: Phoenix|106\/334 brn
|-sideend|p2: Wooliest Mammoth|Spikes|[from] move: Rapid Spin|[of] p2a: Tentacruel
|move|p1a: Phoenix|Roost|p1a: Phoenix
|-heal|p1a: Phoenix|273\/334 brn
|
|-heal|p2a: Tentacruel|357\/357|[from] item: Black Sludge
|-damage|p1a: Phoenix|232\/334 brn|[from] brn
|turn|32
|
|move|p2a: Tentacruel|Rapid Spin|p1a: Phoenix
|-resisted|p1a: Phoenix
|-damage|p1a: Phoenix|229\/334 brn
|move|p1a: Phoenix|Roost|p1a: Phoenix
|-heal|p1a: Phoenix|334\/334 brn
|
|-damage|p1a: Phoenix|293\/334 brn|[from] brn
|turn|33
|
|move|p2a: Tentacruel|Scald|p1a: Phoenix
|-crit|p1a: Phoenix
|-damage|p1a: Phoenix|133\/334 brn
|move|p1a: Phoenix|Spikes|p2a: Tentacruel
|-sidestart|p2: Wooliest Mammoth|Spikes
|
|-damage|p1a: Phoenix|92\/334 brn|[from] brn
|turn|34
|
|move|p2a: Tentacruel|Scald|p1a: Phoenix
|-damage|p1a: Phoenix|0 fnt
|faint|p1a: Phoenix
|
|
|switch|p1a: Whirls|Rotom-Wash|52\/242 psn
|-damage|p1a: Whirls|22\/242 psn|[from] Stealth Rock
|turn|35
|
|move|p1a: Whirls|Trick|p2a: Tentacruel
|-activate|p1a: Whirls|move: Trick|[of] p2a: Tentacruel
|-item|p2a: Tentacruel|Choice Scarf|[from] move: Trick
|-item|p1a: Whirls|Black Sludge|[from] move: Trick
|move|p2a: Tentacruel|Rapid Spin|p1a: Whirls
|-damage|p1a: Whirls|10\/242 psn
|-sideend|p2: Wooliest Mammoth|Spikes|[from] move: Rapid Spin|[of] p2a: Tentacruel
|
|-damage|p1a: Whirls|0 fnt|[from] item: Black Sludge
|faint|p1a: Whirls
|
|switch|p1a: Spiky|Tyranitar, F|341\/341
|-damage|p1a: Spiky|299\/341|[from] Stealth Rock
|-weather|Sandstorm
|turn|36
|
|switch|p2a: Gliscor|Gliscor, M|354\/354 tox
|detailschange|p1a: Spiky|Tyranitar-Mega, F
|message|Tyranitar has Mega Evolved into Mega Tyranitar!
|move|p1a: Spiky|Dragon Dance|p1a: Spiky
|-boost|p1a: Spiky|atk|1
|-boost|p1a: Spiky|spe|1
|
|-weather|Sandstorm|[upkeep]
|turn|37
|
|move|p1a: Spiky|Ice Punch|p2a: Gliscor
|-supereffective|p2a: Gliscor
|-damage|p2a: Gliscor|0 fnt
|faint|p2a: Gliscor
|
|-weather|Sandstorm|[upkeep]
|
|switch|p2a: Weavile|Weavile, M|118\/281
|-ability|p2a: Weavile|Pressure
|turn|38
|
|move|p1a: Spiky|Earthquake|p2a: Weavile
|-damage|p2a: Weavile|0 fnt
|faint|p2a: Weavile
|
|-weather|Sandstorm|[upkeep]
|
|switch|p2a: Infernape|Infernape, M|293\/293
|turn|39
|
|move|p2a: Infernape|Mach Punch|p1a: Spiky
|-supereffective|p1a: Spiky
|-damage|p1a: Spiky|49\/341
|-damage|p2a: Infernape|264\/293|[from] item: Life Orb
|move|p1a: Spiky|Earthquake|p2a: Infernape
|-supereffective|p2a: Infernape
|-damage|p2a: Infernape|0 fnt
|faint|p2a: Infernape
|
|-weather|Sandstorm|[upkeep]
|
|switch|p2a: Tentacruel|Tentacruel, F|357\/357
|turn|40
|c|âaoeuhtns|oh yes
|c|âaoeuhtns|trick scarf rotom wash saves the day
|
|move|p1a: Spiky|Earthquake|p2a: Tentacruel
|-supereffective|p2a: Tentacruel
|-damage|p2a: Tentacruel|0 fnt
|faint|p2a: Tentacruel
|
|win|aoeuhtns
|raw|Ladder updating...
|raw|aoeuhtns's rating: 1440 &rarr; <strong>1456<\/strong><br \/>(+16 for winning)
|raw|Wooliest Mammoth's rating: 1370 &rarr; <strong>1354<\/strong><br \/>(-16 for losing)
|c|âWooliest Mammoth|gg
|c|âaoeuhtns|gg
|leave|Wooliest Mammoth
|player|p2