|join|Mexicanjesus13
|join|Wooliest Mammoth
|player|p1|Mexicanjesus13|170
|player|p2|Wooliest Mammoth|101
|gametype|singles
|gen|6
|tier|OU
|rated
|clearpoke
|poke|p1|Pinsir, M, shiny
|poke|p1|Excadrill, M
|poke|p1|Greninja, M, shiny
|poke|p1|Slowbro, M
|poke|p1|Tornadus-Therian, M
|poke|p1|Scizor, F
|poke|p2|Alakazam, M
|poke|p2|Tyranitar, M
|poke|p2|Excadrill, F
|poke|p2|Azumarill, F
|poke|p2|Mamoswine, F
|poke|p2|Gengar, F
|rule|Swagger Clause: Swagger is banned
|rule|Baton Pass Clause: Limit one PokÃ©mon knowing Baton Pass
|rule|Sleep Clause Mod: Limit one foe put to sleep
|rule|Species Clause: Limit one of each PokÃ©mon
|rule|OHKO Clause: OHKO moves are banned
|rule|Moody Clause: Moody is banned
|rule|Evasion Moves Clause: Evasion moves are banned
|rule|Endless Battle Clause: Forcing endless battles is banned
|rule|HP Percentage Mod: HP is shown in percentages
|teampreview
|
|start
|switch|p1a: Pablo Escobar|Scizor, F|343\/343
|switch|p2a: Mamoswine|Mamoswine, F|361\/361
|turn|1
|
|move|p1a: Pablo Escobar|Bullet Punch|p2a: Mamoswine
|-supereffective|p2a: Mamoswine
|-enditem|p2a: Mamoswine|Focus Sash
|-damage|p2a: Mamoswine|1\/361
|move|p2a: Mamoswine|Stealth Rock|p1a: Pablo Escobar
|-sidestart|p1: Mexicanjesus13|move: Stealth Rock
|
|turn|2
|
|move|p1a: Pablo Escobar|Bullet Punch|p2a: Mamoswine
|-supereffective|p2a: Mamoswine
|-damage|p2a: Mamoswine|0 fnt
|faint|p2a: Mamoswine
|
|
|switch|p2a: Azumarill|Azumarill, F|364\/364
|turn|3
|
|move|p1a: Pablo Escobar|Bullet Punch|p2a: Azumarill
|-damage|p2a: Azumarill|168\/364
|-enditem|p2a: Azumarill|Sitrus Berry|[eat]
|-heal|p2a: Azumarill|259\/364|[from] item: Sitrus Berry
|move|p2a: Azumarill|Waterfall|p1a: Pablo Escobar
|-crit|p1a: Pablo Escobar
|-damage|p1a: Pablo Escobar|84\/343
|
|turn|4
|
|switch|p1a: Retardando|Slowbro, M|394\/394
|-damage|p1a: Retardando|345\/394|[from] Stealth Rock
|move|p2a: Azumarill|Waterfall|p1a: Retardando
|-crit|p1a: Retardando
|-resisted|p1a: Retardando
|-damage|p1a: Retardando|251\/394
|
|-heal|p1a: Retardando|275\/394|[from] item: Leftovers
|turn|5
|
|switch|p2a: Alakazam|Alakazam, M|259\/259
|switch|p1a: What What|Tornadus-Therian, M|332\/332
|-damage|p1a: What What|249\/332|[from] Stealth Rock
|
|turn|6
|
|detailschange|p2a: Alakazam|Alakazam-Mega, M
|message|Alakazam has Mega Evolved into Mega Alakazam!
|-ability|p2a: Alakazam|Regenerator|[from] ability: Trace|[of] p1a: What What
|move|p1a: What What|U-turn|p2a: Alakazam
|-supereffective|p2a: Alakazam
|-damage|p2a: Alakazam|121\/259
|
|switch|p1a: MoleKing|Excadrill, M|424\/424
|-damage|p1a: MoleKing|411\/424|[from] Stealth Rock
|-ability|p1a: MoleKing|Mold Breaker
|-item|p1a: MoleKing|Air Balloon
|move|p2a: Alakazam|Substitute|p2a: Alakazam
|-start|p2a: Alakazam|Substitute
|-damage|p2a: Alakazam|57\/259
|
|turn|7
|
|move|p2a: Alakazam|Shadow Ball|p1a: MoleKing
|-damage|p1a: MoleKing|217\/424
|-enditem|p1a: MoleKing|Air Balloon
|move|p1a: MoleKing|Earthquake|p2a: Alakazam
|-end|p2a: Alakazam|Substitute
|
|turn|8
|
|switch|p2a: Gengar|Gengar, F|262\/262
|move|p1a: MoleKing|Rapid Spin|p2a: Gengar
|-immune|p2a: Gengar|[msg]
|
|turn|9
|
|move|p2a: Gengar|Shadow Ball|p1a: MoleKing
|-damage|p1a: MoleKing|16\/424
|move|p1a: MoleKing|Earthquake|p2a: Gengar
|-supereffective|p2a: Gengar
|-damage|p2a: Gengar|0 fnt
|faint|p2a: Gengar
|
|
|switch|p2a: Azumarill|Azumarill, F|259\/364
|turn|10
|
|switch|p1a: Retardando|Slowbro, M|394\/394
|-damage|p1a: Retardando|345\/394|[from] Stealth Rock
|move|p2a: Azumarill|Aqua Jet|p1a: Retardando
|-resisted|p1a: Retardando
|-damage|p1a: Retardando|315\/394
|
|-heal|p1a: Retardando|339\/394|[from] item: Leftovers
|turn|11
|
|switch|p2a: Alakazam|Alakazam-Mega, M|143\/259
|-ability|p2a: Alakazam|Regenerator|[from] ability: Trace|[of] p1a: Retardando
|switch|p1a: MoleKing|Excadrill, M|16\/424
|-damage|p1a: MoleKing|3\/424|[from] Stealth Rock
|-ability|p1a: MoleKing|Mold Breaker
|
|turn|12
|
|move|p2a: Alakazam|Shadow Ball|p1a: MoleKing
|-damage|p1a: MoleKing|0 fnt
|faint|p1a: MoleKing
|
|
|switch|p1a: What What|Tornadus-Therian, M|332\/332
|-damage|p1a: What What|249\/332|[from] Stealth Rock
|turn|13
|
|switch|p2a: Azumarill|Azumarill, F|259\/364
|move|p1a: What What|U-turn|p2a: Azumarill
|-resisted|p2a: Azumarill
|-damage|p2a: Azumarill|231\/364
|
|switch|p1a: Retardando|Slowbro, M|394\/394
|-damage|p1a: Retardando|345\/394|[from] Stealth Rock
|
|-heal|p1a: Retardando|369\/394|[from] item: Leftovers
|turn|14
|
|move|p2a: Azumarill|Play Rough|p1a: Retardando
|-damage|p1a: Retardando|243\/394
|move|p1a: Retardando|Scald|p2a: Azumarill
|-resisted|p2a: Azumarill
|-damage|p2a: Azumarill|177\/364
|-status|p2a: Azumarill|brn
|
|-heal|p1a: Retardando|267\/394|[from] item: Leftovers
|-damage|p2a: Azumarill|132\/364 brn|[from] brn
|turn|15
|
|move|p2a: Azumarill|Play Rough|p1a: Retardando
|-damage|p1a: Retardando|198\/394
|move|p1a: Retardando|Scald|p2a: Azumarill
|-resisted|p2a: Azumarill
|-damage|p2a: Azumarill|75\/364 brn
|
|-heal|p1a: Retardando|222\/394|[from] item: Leftovers
|-damage|p2a: Azumarill|30\/364 brn|[from] brn
|turn|16
|
|move|p2a: Azumarill|Play Rough|p1a: Retardando
|-damage|p1a: Retardando|153\/394
|move|p1a: Retardando|Slack Off|p1a: Retardando
|-heal|p1a: Retardando|350\/394
|
|-heal|p1a: Retardando|374\/394|[from] item: Leftovers
|-damage|p2a: Azumarill|0 fnt|[from] brn
|faint|p2a: Azumarill
|
|switch|p2a: Alakazam|Alakazam-Mega, M|229\/259
|-ability|p2a: Alakazam|Regenerator|[from] ability: Trace|[of] p1a: Retardando
|turn|17
|
|switch|p1a: What What|Tornadus-Therian, M|332\/332
|-damage|p1a: What What|249\/332|[from] Stealth Rock
|move|p2a: Alakazam|Substitute|p2a: Alakazam
|-start|p2a: Alakazam|Substitute
|-damage|p2a: Alakazam|165\/259
|
|turn|18
|
|move|p2a: Alakazam|Shadow Ball|p1a: What What
|-damage|p1a: What What|160\/332
|move|p1a: What What|Knock Off|p2a: Alakazam
|-supereffective|p2a: Alakazam
|-end|p2a: Alakazam|Substitute
|
|turn|19
|
|move|p2a: Alakazam|Psyshock|p1a: What What
|-damage|p1a: What What|0 fnt
|faint|p1a: What What
|
|
|switch|p1a: Pablo Escobar|Scizor, F|84\/343
|-damage|p1a: Pablo Escobar|42\/343|[from] Stealth Rock
|turn|20
|
|switch|p2a: Excadrill|Excadrill, F|361\/361
|-item|p2a: Excadrill|Air Balloon
|move|p1a: Pablo Escobar|Bullet Punch|p2a: Excadrill
|-resisted|p2a: Excadrill
|-damage|p2a: Excadrill|226\/361
|-enditem|p2a: Excadrill|Air Balloon
|
|turn|21
|
|switch|p1a: Retardando|Slowbro, M|394\/394
|-damage|p1a: Retardando|345\/394|[from] Stealth Rock
|move|p2a: Excadrill|Earthquake|p1a: Retardando
|-damage|p1a: Retardando|216\/394
|
|-heal|p1a: Retardando|240\/394|[from] item: Leftovers
|turn|22
|
|switch|p2a: Alakazam|Alakazam-Mega, M|251\/259
|-ability|p2a: Alakazam|Regenerator|[from] ability: Trace|[of] p1a: Retardando
|move|p1a: Retardando|Scald|p2a: Alakazam
|-crit|p2a: Alakazam
|-damage|p2a: Alakazam|106\/259
|
|-heal|p1a: Retardando|264\/394|[from] item: Leftovers
|turn|23
|
|move|p2a: Alakazam|Shadow Ball|p1a: Retardando
|-supereffective|p1a: Retardando
|-damage|p1a: Retardando|0 fnt
|faint|p1a: Retardando
|
|c|âMexicanjesus13|mega alakazam doesnt have regenerator
|c|âMexicanjesus13|you cheater
|
|switch|p1a: Kakashi|Greninja, M, shiny|286\/286
|-damage|p1a: Kakashi|251\/286|[from] Stealth Rock
|turn|24
|c|âWooliest Mammoth|it has trace lol
|
|move|p2a: Alakazam|Focus Blast|p1a: Kakashi
|-supereffective|p1a: Kakashi
|-damage|p1a: Kakashi|0 fnt
|faint|p1a: Kakashi
|
|c|âMexicanjesus13|pfft im a idiot
|
|switch|p1a: PinceYoBitch|Pinsir, M, shiny|272\/272
|-damage|p1a: PinceYoBitch|204\/272|[from] Stealth Rock
|turn|25
|
|detailschange|p1a: PinceYoBitch|Pinsir-Mega, M, shiny
|message|Pinsir has Mega Evolved into Mega Pinsir!
|move|p1a: PinceYoBitch|Quick Attack|p2a: Alakazam
|-damage|p2a: Alakazam|0 fnt
|faint|p2a: Alakazam
|
|
|switch|p2a: Tyranitar|Tyranitar, M|341\/341
|-weather|Sandstorm
|turn|26
|leave|Mexicanjesus13
|player|p1
|-message|mexicanjesus13 lost due to inactivity.
|
|win|Wooliest Mammoth
|raw|Ladder updating...
|raw|Mexicanjesus13's rating: 1304 &rarr; <strong>1287<\/strong><br \/>(-17 for losing)
|raw|Wooliest Mammoth's rating: 1371 &rarr; <strong>1388<\/strong><br \/>(+17 for winning)