|join|qc2chd
|join|Wooliest Mammoth
|player|p1|qc2chd|105
|player|p2|Wooliest Mammoth|101
|gametype|singles
|gen|6
|tier|OU
|rated
|clearpoke
|poke|p1|Tyranitar, M
|poke|p1|Heatran, M
|poke|p1|Keldeo
|poke|p1|Skarmory, F
|poke|p1|Scizor, M
|poke|p1|Venusaur, F
|poke|p2|Dragonite, M
|poke|p2|Gardevoir, F
|poke|p2|Gliscor, M
|poke|p2|Infernape, F
|poke|p2|Weavile, M
|poke|p2|Tentacruel, F
|rule|Swagger Clause: Swagger is banned
|rule|Baton Pass Clause: Limit one PokÃ©mon knowing Baton Pass
|rule|Sleep Clause Mod: Limit one foe put to sleep
|rule|Species Clause: Limit one of each PokÃ©mon
|rule|OHKO Clause: OHKO moves are banned
|rule|Moody Clause: Moody is banned
|rule|Evasion Moves Clause: Evasion moves are banned
|rule|Endless Battle Clause: Forcing endless battles is banned
|rule|HP Percentage Mod: HP is shown in percentages
|teampreview
|
|start
|switch|p1a: Keldeo|Keldeo|322\/322
|switch|p2a: Infernape|Infernape, F|293\/293
|turn|1
|
|move|p1a: Keldeo|Hydro Pump|p2a: Infernape
|-supereffective|p2a: Infernape
|-enditem|p2a: Infernape|Focus Sash
|-damage|p2a: Infernape|1\/293
|move|p2a: Infernape|Close Combat|p1a: Keldeo
|-damage|p1a: Keldeo|118\/322
|-unboost|p2a: Infernape|def|1
|-unboost|p2a: Infernape|spd|1
|
|-heal|p1a: Keldeo|138\/322|[from] item: Leftovers
|turn|2
|
|move|p2a: Infernape|Close Combat|p1a: Keldeo
|-damage|p1a: Keldeo|0 fnt
|-unboost|p2a: Infernape|def|1
|-unboost|p2a: Infernape|spd|1
|faint|p1a: Keldeo
|
|
|switch|p1a: Tyranitar|Tyranitar, M|342\/342
|-weather|Sandstorm
|turn|3
|
|switch|p1a: Venusaur|Venusaur, F|364\/364
|move|p2a: Infernape|Mach Punch|p1a: Venusaur
|-resisted|p1a: Venusaur
|-damage|p1a: Venusaur|328\/364
|
|-weather|Sandstorm|[upkeep]
|-damage|p2a: Infernape|0 fnt|[from] sandstorm
|-damage|p1a: Venusaur|306\/364|[from] sandstorm
|faint|p2a: Infernape
|
|switch|p2a: Tentacruel|Tentacruel, F|357\/357
|turn|4
|
|switch|p1a: Scizor|Scizor, M|344\/344
|move|p2a: Tentacruel|Scald|p1a: Scizor
|-damage|p1a: Scizor|248\/344
|-status|p1a: Scizor|brn
|
|-weather|Sandstorm|[upkeep]
|-damage|p2a: Tentacruel|335\/357|[from] sandstorm
|-heal|p2a: Tentacruel|357\/357|[from] item: Black Sludge
|-damage|p1a: Scizor|205\/344 brn|[from] brn
|turn|5
|
|move|p2a: Tentacruel|Scald|p1a: Scizor
|-damage|p1a: Scizor|112\/344 brn
|move|p1a: Scizor|Superpower|p2a: Tentacruel
|-resisted|p2a: Tentacruel
|-damage|p2a: Tentacruel|276\/357
|-unboost|p1a: Scizor|atk|1
|-unboost|p1a: Scizor|def|1
|
|-weather|Sandstorm|[upkeep]
|-damage|p2a: Tentacruel|254\/357|[from] sandstorm
|-heal|p2a: Tentacruel|276\/357|[from] item: Black Sludge
|-damage|p1a: Scizor|69\/344 brn|[from] brn
|turn|6
|
|switch|p2a: Gliscor|Gliscor, M|354\/354
|switch|p1a: Venusaur|Venusaur, F|306\/364
|
|-weather|Sandstorm|[upkeep]
|-damage|p1a: Venusaur|284\/364|[from] sandstorm
|-status|p2a: Gliscor|tox|[from] item: Toxic Orb
|turn|7
|
|switch|p2a: Tentacruel|Tentacruel, F|276\/357
|switch|p1a: Heatran|Heatran, M|323\/323
|-item|p1a: Heatran|Air Balloon
|
|-weather|none
|-heal|p2a: Tentacruel|298\/357|[from] item: Black Sludge
|turn|8
|
|switch|p2a: Gardevoir|Gardevoir, F|277\/277
|-ability|p2a: Gardevoir|Flash Fire|[from] ability: Trace|[of] p1a: Heatran
|move|p1a: Heatran|Earth Power|p2a: Gardevoir
|-crit|p2a: Gardevoir
|-damage|p2a: Gardevoir|140\/277
|
|turn|9
|
|detailschange|p2a: Gardevoir|Gardevoir-Mega, F
|message|Gardevoir has Mega Evolved into Mega Gardevoir!
|move|p1a: Heatran|Earth Power|p2a: Gardevoir
|-damage|p2a: Gardevoir|59\/277
|move|p2a: Gardevoir|Focus Blast|p1a: Heatran|[miss]
|-miss|p2a: Gardevoir|p1a: Heatran
|
|turn|10
|
|switch|p2a: Gliscor|Gliscor, M|354\/354 tox
|move|p1a: Heatran|Lava Plume|p2a: Gliscor
|-damage|p2a: Gliscor|185\/354 tox
|
|-heal|p2a: Gliscor|229\/354 tox|[from] ability: Poison Heal
|turn|11
|
|move|p1a: Heatran|Hidden Power|p2a: Gliscor
|-supereffective|p2a: Gliscor
|-damage|p2a: Gliscor|0 fnt
|faint|p2a: Gliscor
|
|
|switch|p2a: Gardevoir|Gardevoir-Mega, F|59\/277
|turn|12
|
|move|p2a: Gardevoir|Focus Blast|p1a: Heatran
|-supereffective|p1a: Heatran
|-damage|p1a: Heatran|0 fnt
|-enditem|p1a: Heatran|Air Balloon
|faint|p1a: Heatran
|
|
|switch|p1a: Tyranitar|Tyranitar, M|342\/342
|-weather|Sandstorm
|turn|13
|
|move|p1a: Tyranitar|Crunch|p2a: Gardevoir
|-damage|p2a: Gardevoir|0 fnt
|faint|p2a: Gardevoir
|
|-weather|Sandstorm|[upkeep]
|
|switch|p2a: Weavile|Weavile, M|281\/281
|-ability|p2a: Weavile|Pressure
|turn|14
|
|switch|p1a: Skarmory|Skarmory, F|334\/334
|move|p2a: Weavile|Low Kick|p1a: Skarmory
|-damage|p1a: Skarmory|264\/334
|-damage|p2a: Weavile|235\/281|[from] item: Rocky Helmet|[of] p1a: Skarmory
|-damage|p2a: Weavile|207\/281|[from] item: Life Orb
|
|-weather|Sandstorm|[upkeep]
|-damage|p2a: Weavile|190\/281|[from] sandstorm
|turn|15
|
|switch|p1a: Tyranitar|Tyranitar, M|342\/342
|move|p2a: Weavile|Ice Punch|p1a: Tyranitar
|-damage|p1a: Tyranitar|196\/342
|-damage|p2a: Weavile|162\/281|[from] item: Life Orb
|
|-weather|Sandstorm|[upkeep]
|-damage|p2a: Weavile|145\/281|[from] sandstorm
|turn|16
|
|switch|p1a: Scizor|Scizor, M|69\/344 brn
|move|p2a: Weavile|Low Kick|p1a: Scizor
|-damage|p1a: Scizor|0 fnt
|-damage|p2a: Weavile|117\/281|[from] item: Life Orb
|faint|p1a: Scizor
|
|-weather|Sandstorm|[upkeep]
|-damage|p2a: Weavile|100\/281|[from] sandstorm
|
|switch|p1a: Skarmory|Skarmory, F|264\/334
|turn|17
|
|move|p2a: Weavile|Ice Punch|p1a: Skarmory
|-damage|p1a: Skarmory|167\/334
|-damage|p2a: Weavile|54\/281|[from] item: Rocky Helmet|[of] p1a: Skarmory
|-damage|p2a: Weavile|26\/281|[from] item: Life Orb
|move|p1a: Skarmory|Roost|p1a: Skarmory
|-heal|p1a: Skarmory|334\/334
|
|-weather|none
|turn|18
|
|switch|p1a: Tyranitar|Tyranitar, M|196\/342
|-weather|Sandstorm
|move|p2a: Weavile|Knock Off|p1a: Tyranitar
|-resisted|p1a: Tyranitar
|-damage|p1a: Tyranitar|106\/342
|-enditem|p1a: Tyranitar|Choice Scarf|[from] move: Knock Off|[of] p2a: Weavile
|-damage|p2a: Weavile|0 fnt|[from] item: Life Orb
|faint|p2a: Weavile
|
|-weather|Sandstorm|[upkeep]
|
|switch|p2a: Tentacruel|Tentacruel, F|298\/357
|turn|19
|
|move|p2a: Tentacruel|Scald|p1a: Tyranitar
|-crit|p1a: Tyranitar
|-supereffective|p1a: Tyranitar
|-damage|p1a: Tyranitar|0 fnt
|faint|p1a: Tyranitar
|
|-weather|Sandstorm|[upkeep]
|-damage|p2a: Tentacruel|276\/357|[from] sandstorm
|-heal|p2a: Tentacruel|298\/357|[from] item: Black Sludge
|
|switch|p1a: Venusaur|Venusaur, F|284\/364
|turn|20
|
|detailschange|p1a: Venusaur|Venusaur-Mega, F
|message|Venusaur has Mega Evolved into Mega Venusaur!
|move|p2a: Tentacruel|Acid Spray|p1a: Venusaur
|-damage|p1a: Venusaur|257\/364
|-unboost|p1a: Venusaur|spd|2
|move|p1a: Venusaur|Sludge Bomb|p2a: Tentacruel
|-resisted|p2a: Tentacruel
|-damage|p2a: Tentacruel|260\/357
|
|-weather|Sandstorm|[upkeep]
|-damage|p2a: Tentacruel|238\/357|[from] sandstorm
|-damage|p1a: Venusaur|235\/364|[from] sandstorm
|-heal|p2a: Tentacruel|260\/357|[from] item: Black Sludge
|turn|21
|
|switch|p1a: Skarmory|Skarmory, F|334\/334
|move|p2a: Tentacruel|Scald|p1a: Skarmory
|-damage|p1a: Skarmory|231\/334
|
|-weather|Sandstorm|[upkeep]
|-damage|p2a: Tentacruel|238\/357|[from] sandstorm
|-heal|p2a: Tentacruel|260\/357|[from] item: Black Sludge
|turn|22
|
|switch|p1a: Venusaur|Venusaur-Mega, F|235\/364
|move|p2a: Tentacruel|Scald|p1a: Venusaur
|-resisted|p1a: Venusaur
|-damage|p1a: Venusaur|208\/364
|
|-weather|none
|-heal|p2a: Tentacruel|282\/357|[from] item: Black Sludge
|turn|23
|
|move|p2a: Tentacruel|Scald|p1a: Venusaur
|-resisted|p1a: Venusaur
|-damage|p1a: Venusaur|182\/364
|move|p1a: Venusaur|Leech Seed|p2a: Tentacruel
|-start|p2a: Tentacruel|move: Leech Seed
|
|-heal|p2a: Tentacruel|304\/357|[from] item: Black Sludge
|-damage|p2a: Tentacruel|260\/357|[from] Leech Seed|[of] p1a: Venusaur
|-damage|p1a: Venusaur|138\/364|[from] ability: Liquid Ooze|[of] p2a: Tentacruel
|turn|24
|
|move|p2a: Tentacruel|Scald|p1a: Venusaur
|-resisted|p1a: Venusaur
|-damage|p1a: Venusaur|113\/364
|move|p1a: Venusaur|Synthesis|p1a: Venusaur
|-heal|p1a: Venusaur|295\/364
|
|-heal|p2a: Tentacruel|282\/357|[from] item: Black Sludge
|-damage|p2a: Tentacruel|238\/357|[from] Leech Seed|[of] p1a: Venusaur
|-damage|p1a: Venusaur|251\/364|[from] ability: Liquid Ooze|[of] p2a: Tentacruel
|turn|25
|
|move|p2a: Tentacruel|Scald|p1a: Venusaur
|-resisted|p1a: Venusaur
|-damage|p1a: Venusaur|224\/364
|move|p1a: Venusaur|Sleep Powder|p2a: Tentacruel
|-status|p2a: Tentacruel|slp
|
|-heal|p2a: Tentacruel|260\/357 slp|[from] item: Black Sludge
|-damage|p2a: Tentacruel|216\/357 slp|[from] Leech Seed|[of] p1a: Venusaur
|-damage|p1a: Venusaur|180\/364|[from] ability: Liquid Ooze|[of] p2a: Tentacruel
|turn|26
|
|switch|p2a: Dragonite|Dragonite, M|323\/323
|move|p1a: Venusaur|Sludge Bomb|p2a: Dragonite
|-damage|p2a: Dragonite|257\/323
|
|turn|27
|
|switch|p1a: Skarmory|Skarmory, F|231\/334
|move|p2a: Dragonite|Fire Punch|p1a: Skarmory
|-supereffective|p1a: Skarmory
|-damage|p1a: Skarmory|53\/334
|-damage|p2a: Dragonite|204\/323|[from] item: Rocky Helmet|[of] p1a: Skarmory
|
|turn|28
|
|move|p2a: Dragonite|Fire Punch|p1a: Skarmory
|-supereffective|p1a: Skarmory
|-damage|p1a: Skarmory|0 fnt
|-damage|p2a: Dragonite|151\/323|[from] item: Rocky Helmet|[of] p1a: Skarmory
|faint|p1a: Skarmory
|
|
|switch|p1a: Venusaur|Venusaur-Mega, F|180\/364
|turn|29
|
|switch|p2a: Tentacruel|Tentacruel, F|216\/357 slp
|move|p1a: Venusaur|Synthesis|p1a: Venusaur
|-heal|p1a: Venusaur|362\/364
|
|-heal|p2a: Tentacruel|238\/357 slp|[from] item: Black Sludge
|turn|30
|
|cant|p2a: Tentacruel|slp
|move|p1a: Venusaur|Leech Seed|p2a: Tentacruel
|-start|p2a: Tentacruel|move: Leech Seed
|
|-heal|p2a: Tentacruel|260\/357 slp|[from] item: Black Sludge
|-damage|p2a: Tentacruel|216\/357 slp|[from] Leech Seed|[of] p1a: Venusaur
|-damage|p1a: Venusaur|318\/364|[from] ability: Liquid Ooze|[of] p2a: Tentacruel
|turn|31
|
|cant|p2a: Tentacruel|slp
|move|p1a: Venusaur|Sludge Bomb|p2a: Tentacruel
|-resisted|p2a: Tentacruel
|-damage|p2a: Tentacruel|172\/357 slp
|
|-heal|p2a: Tentacruel|194\/357 slp|[from] item: Black Sludge
|-damage|p2a: Tentacruel|150\/357 slp|[from] Leech Seed|[of] p1a: Venusaur
|-damage|p1a: Venusaur|274\/364|[from] ability: Liquid Ooze|[of] p2a: Tentacruel
|turn|32
|
|-curestatus|p2a: Tentacruel|slp
|move|p2a: Tentacruel|Scald|p1a: Venusaur
|-resisted|p1a: Venusaur
|-damage|p1a: Venusaur|247\/364
|move|p1a: Venusaur|Sludge Bomb|p2a: Tentacruel
|-resisted|p2a: Tentacruel
|-damage|p2a: Tentacruel|109\/357
|
|-heal|p2a: Tentacruel|131\/357|[from] item: Black Sludge
|-damage|p2a: Tentacruel|87\/357|[from] Leech Seed|[of] p1a: Venusaur
|-damage|p1a: Venusaur|203\/364|[from] ability: Liquid Ooze|[of] p2a: Tentacruel
|turn|33
|
|move|p2a: Tentacruel|Scald|p1a: Venusaur
|-resisted|p1a: Venusaur
|-damage|p1a: Venusaur|175\/364
|move|p1a: Venusaur|Sleep Powder|p2a: Tentacruel
|-status|p2a: Tentacruel|slp
|
|-heal|p2a: Tentacruel|109\/357 slp|[from] item: Black Sludge
|-damage|p2a: Tentacruel|65\/357 slp|[from] Leech Seed|[of] p1a: Venusaur
|-damage|p1a: Venusaur|131\/364|[from] ability: Liquid Ooze|[of] p2a: Tentacruel
|turn|34
|
|cant|p2a: Tentacruel|slp
|move|p1a: Venusaur|Synthesis|p1a: Venusaur
|-heal|p1a: Venusaur|313\/364
|
|-heal|p2a: Tentacruel|87\/357 slp|[from] item: Black Sludge
|-damage|p2a: Tentacruel|43\/357 slp|[from] Leech Seed|[of] p1a: Venusaur
|-damage|p1a: Venusaur|269\/364|[from] ability: Liquid Ooze|[of] p2a: Tentacruel
|turn|35
|
|-curestatus|p2a: Tentacruel|slp
|move|p2a: Tentacruel|Scald|p1a: Venusaur
|-resisted|p1a: Venusaur
|-damage|p1a: Venusaur|241\/364
|-status|p1a: Venusaur|brn
|move|p1a: Venusaur|Sludge Bomb|p2a: Tentacruel
|-crit|p2a: Tentacruel
|-resisted|p2a: Tentacruel
|-damage|p2a: Tentacruel|0 fnt
|faint|p2a: Tentacruel
|
|-damage|p1a: Venusaur|196\/364 brn|[from] brn
|
|switch|p2a: Dragonite|Dragonite, M|151\/323
|turn|36
|
|move|p2a: Dragonite|Outrage|p1a: Venusaur
|-damage|p1a: Venusaur|0 fnt
|faint|p1a: Venusaur
|
|win|Wooliest Mammoth
|raw|Ladder updating...
|raw|qc2chd's rating: 1479 &rarr; <strong>1461<\/strong><br \/>(-18 for losing)
|raw|Wooliest Mammoth's rating: 1518 &rarr; <strong>1536<\/strong><br \/>(+18 for winning)
|c|âqc2chd|gg
|leave|qc2chd
|player|p1