|join|Wooliest Mammoth
|join|TurtleJoe16
|player|p1|Wooliest Mammoth|101
|player|p2|TurtleJoe16|288
|gametype|singles
|gen|6
|tier|OU
|rated
|clearpoke
|poke|p1|Dragonite, M
|poke|p1|Manectric, M
|poke|p1|Gliscor, M
|poke|p1|Infernape, M
|poke|p1|Weavile, F
|poke|p1|Tentacruel, M
|poke|p2|Pinsir, F, shiny
|poke|p2|Latias, F, shiny
|poke|p2|Mamoswine, F, shiny
|poke|p2|Magnezone, shiny
|poke|p2|Azumarill, F, shiny
|poke|p2|Bisharp, M, shiny
|rule|Swagger Clause: Swagger is banned
|rule|Baton Pass Clause: Limit one PokÃ©mon knowing Baton Pass
|rule|Sleep Clause Mod: Limit one foe put to sleep
|rule|Species Clause: Limit one of each PokÃ©mon
|rule|OHKO Clause: OHKO moves are banned
|rule|Moody Clause: Moody is banned
|rule|Evasion Moves Clause: Evasion moves are banned
|rule|Endless Battle Clause: Forcing endless battles is banned
|rule|HP Percentage Mod: HP is shown in percentages
|teampreview
|
|start
|switch|p1a: Infernape|Infernape, M|293\/293
|switch|p2a: Mamoswine|Mamoswine, F, shiny|361\/361
|turn|1
|
|move|p1a: Infernape|Stealth Rock|p2a: Mamoswine
|-sidestart|p2: TurtleJoe16|move: Stealth Rock
|move|p2a: Mamoswine|Stealth Rock|p1a: Infernape
|-sidestart|p1: Wooliest Mammoth|move: Stealth Rock
|
|turn|2
|
|move|p1a: Infernape|Mach Punch|p2a: Mamoswine
|-supereffective|p2a: Mamoswine
|-damage|p2a: Mamoswine|199\/361
|move|p2a: Mamoswine|Earthquake|p1a: Infernape
|-supereffective|p1a: Infernape
|-enditem|p1a: Infernape|Focus Sash
|-damage|p1a: Infernape|1\/293
|
|turn|3
|
|move|p1a: Infernape|Mach Punch|p2a: Mamoswine
|-supereffective|p2a: Mamoswine
|-damage|p2a: Mamoswine|35\/361
|move|p2a: Mamoswine|Ice Shard|p1a: Infernape
|-resisted|p1a: Infernape
|-damage|p1a: Infernape|0 fnt
|faint|p1a: Infernape
|
|
|switch|p1a: Weavile|Weavile, F|281\/281
|-damage|p1a: Weavile|211\/281|[from] Stealth Rock
|-ability|p1a: Weavile|Pressure
|turn|4
|
|move|p1a: Weavile|Ice Shard|p2a: Mamoswine
|-damage|p2a: Mamoswine|0 fnt
|-damage|p1a: Weavile|183\/281|[from] item: Life Orb
|faint|p2a: Mamoswine
|
|
|switch|p2a: Bisharp|Bisharp, M, shiny|272\/272
|-damage|p2a: Bisharp|255\/272|[from] Stealth Rock
|turn|5
|
|move|p1a: Weavile|Low Kick|p2a: Bisharp
|-supereffective|p2a: Bisharp
|-damage|p2a: Bisharp|0 fnt
|-damage|p1a: Weavile|155\/281|[from] item: Life Orb
|faint|p2a: Bisharp
|
|
|switch|p2a: Azumarill|Azumarill, F, shiny|401\/401
|-damage|p2a: Azumarill|351\/401|[from] Stealth Rock
|turn|6
|
|switch|p1a: Tentacruel|Tentacruel, M|357\/357
|-damage|p1a: Tentacruel|313\/357|[from] Stealth Rock
|move|p2a: Azumarill|Play Rough|p1a: Tentacruel
|-crit|p1a: Tentacruel
|-resisted|p1a: Tentacruel
|-damage|p1a: Tentacruel|104\/357
|
|-heal|p1a: Tentacruel|126\/357|[from] item: Black Sludge
|turn|7
|
|move|p1a: Tentacruel|Rapid Spin|p2a: Azumarill
|-damage|p2a: Azumarill|338\/401
|-sideend|p1: Wooliest Mammoth|Stealth Rock|[from] move: Rapid Spin|[of] p1a: Tentacruel
|move|p2a: Azumarill|Knock Off|p1a: Tentacruel
|-damage|p1a: Tentacruel|0 fnt
|-enditem|p1a: Tentacruel|Black Sludge|[from] move: Knock Off|[of] p2a: Azumarill
|faint|p1a: Tentacruel
|
|
|switch|p1a: Manectric|Manectric, M|281\/281
|turn|8
|
|switch|p2a: Latias|Latias, F, shiny|319\/319
|-damage|p2a: Latias|280\/319|[from] Stealth Rock
|detailschange|p1a: Manectric|Manectric-Mega, M
|message|Manectric has Mega Evolved into Mega Manectric!
|-ability|p1a: Manectric|Intimidate|[of] p2a: Latias
|-unboost|p2a: Latias|atk|1
|move|p1a: Manectric|Thunderbolt|p2a: Latias
|-resisted|p2a: Latias
|-damage|p2a: Latias|212\/319
|
|turn|9
|
|move|p1a: Manectric|Hidden Power|p2a: Latias
|-crit|p2a: Latias
|-supereffective|p2a: Latias
|-damage|p2a: Latias|48\/319
|move|p2a: Latias|Psyshock|p1a: Manectric
|-damage|p1a: Manectric|85\/281
|-damage|p2a: Latias|17\/319|[from] item: Life Orb
|
|turn|10
|
|move|p1a: Manectric|Thunderbolt|p2a: Latias
|-resisted|p2a: Latias
|-damage|p2a: Latias|0 fnt
|faint|p2a: Latias
|
|
|switch|p2a: Azumarill|Azumarill, F, shiny|338\/401
|-damage|p2a: Azumarill|288\/401|[from] Stealth Rock
|turn|11
|
|switch|p1a: Gliscor|Gliscor, M|354\/354
|move|p2a: Azumarill|Aqua Jet|p1a: Gliscor
|-supereffective|p1a: Gliscor
|-damage|p1a: Gliscor|252\/354
|
|-status|p1a: Gliscor|tox|[from] item: Toxic Orb
|turn|12
|
|move|p1a: Gliscor|Protect|p1a: Gliscor
|-singleturn|p1a: Gliscor|Protect
|move|p2a: Azumarill|Waterfall|p1a: Gliscor
|-activate|p1a: Gliscor|Protect
|
|-heal|p1a: Gliscor|296\/354 tox|[from] ability: Poison Heal
|turn|13
|
|move|p1a: Gliscor|Earthquake|p2a: Azumarill
|-damage|p2a: Azumarill|147\/401
|move|p2a: Azumarill|Waterfall|p1a: Gliscor
|-supereffective|p1a: Gliscor
|-damage|p1a: Gliscor|86\/354 tox
|
|-heal|p1a: Gliscor|130\/354 tox|[from] ability: Poison Heal
|turn|14
|
|switch|p1a: Manectric|Manectric-Mega, M|85\/281
|-ability|p1a: Manectric|Intimidate|[of] p2a: Azumarill
|-unboost|p2a: Azumarill|atk|1
|move|p2a: Azumarill|Waterfall|p1a: Manectric
|-damage|p1a: Manectric|0 fnt
|faint|p1a: Manectric
|
|
|switch|p1a: Gliscor|Gliscor, M|130\/354 tox
|turn|15
|
|move|p1a: Gliscor|Protect|p1a: Gliscor
|-singleturn|p1a: Gliscor|Protect
|move|p2a: Azumarill|Waterfall|p1a: Gliscor
|-activate|p1a: Gliscor|Protect
|
|-heal|p1a: Gliscor|174\/354 tox|[from] ability: Poison Heal
|turn|16
|
|move|p1a: Gliscor|Earthquake|p2a: Azumarill
|-damage|p2a: Azumarill|0 fnt
|faint|p2a: Azumarill
|
|-heal|p1a: Gliscor|218\/354 tox|[from] ability: Poison Heal
|
|switch|p2a: Pinsir|Pinsir, F, shiny|272\/272
|-damage|p2a: Pinsir|204\/272|[from] Stealth Rock
|turn|17
|
|detailschange|p2a: Pinsir|Pinsir-Mega, F, shiny
|message|Pinsir has Mega Evolved into Mega Pinsir!
|move|p2a: Pinsir|Swords Dance|p2a: Pinsir
|-boost|p2a: Pinsir|atk|2
|move|p1a: Gliscor|Toxic|p2a: Pinsir
|-status|p2a: Pinsir|tox
|
|-damage|p2a: Pinsir|187\/272 tox|[from] psn
|-heal|p1a: Gliscor|262\/354 tox|[from] ability: Poison Heal
|turn|18
|
|move|p2a: Pinsir|Return|p1a: Gliscor
|-damage|p1a: Gliscor|0 fnt
|faint|p1a: Gliscor
|
|-damage|p2a: Pinsir|153\/272 tox|[from] psn
|
|switch|p1a: Weavile|Weavile, F|155\/281
|-ability|p1a: Weavile|Pressure
|turn|19
|
|move|p1a: Weavile|Ice Shard|p2a: Pinsir
|-crit|p2a: Pinsir
|-supereffective|p2a: Pinsir
|-damage|p2a: Pinsir|0 fnt
|-damage|p1a: Weavile|127\/281|[from] item: Life Orb
|faint|p2a: Pinsir
|
|
|switch|p2a: Magnezone|Magnezone, shiny|324\/324
|-damage|p2a: Magnezone|304\/324|[from] Stealth Rock
|turn|20
|
|move|p1a: Weavile|Knock Off|p2a: Magnezone
|-damage|p2a: Magnezone|112\/324
|-enditem|p2a: Magnezone|Choice Specs|[from] move: Knock Off|[of] p1a: Weavile
|-damage|p1a: Weavile|99\/281|[from] item: Life Orb
|move|p2a: Magnezone|Thunderbolt|p1a: Weavile
|-damage|p1a: Weavile|0 fnt
|faint|p1a: Weavile
|
|
|switch|p1a: Dragonite|Dragonite, M|323\/323
|turn|21
|c|âWooliest Mammoth|gg
|
|move|p1a: Dragonite|Fire Punch|p2a: Magnezone
|-supereffective|p2a: Magnezone
|-damage|p2a: Magnezone|0 fnt
|faint|p2a: Magnezone
|
|win|Wooliest Mammoth
|raw|Ladder updating...
|raw|Wooliest Mammoth's rating: 1502 &rarr; <strong>1522<\/strong><br \/>(+20 for winning)
|raw|TurtleJoe16's rating: 1502 &rarr; <strong>1482<\/strong><br \/>(-20 for losing)
|leave|TurtleJoe16
|player|p2