|join|TheJayDoe
|join|Wooliest Mammoth
|player|p1|TheJayDoe|163
|player|p2|Wooliest Mammoth|101
|gametype|singles
|gen|6
|tier|OU
|rated
|clearpoke
|poke|p1|Thundurus-Therian, M
|poke|p1|Tyranitar, F
|poke|p1|Zapdos
|poke|p1|Darmanitan, F
|poke|p1|Dragonite, F
|poke|p1|Sableye, F
|poke|p2|Scolipede, M
|poke|p2|Heracross, M
|poke|p2|Bisharp, F
|poke|p2|Garchomp, M
|poke|p2|Sylveon, F
|poke|p2|Magnezone
|rule|Swagger Clause: Swagger is banned
|rule|Baton Pass Clause: Limit one PokÃ©mon knowing Baton Pass
|rule|Sleep Clause Mod: Limit one foe put to sleep
|rule|Species Clause: Limit one of each PokÃ©mon
|rule|OHKO Clause: OHKO moves are banned
|rule|Moody Clause: Moody is banned
|rule|Evasion Moves Clause: Evasion moves are banned
|rule|Endless Battle Clause: Forcing endless battles is banned
|rule|HP Percentage Mod: HP is shown in percentages
|teampreview
|
|start
|switch|p1a: Sableye|Sableye, F|241\/241
|switch|p2a: Garchomp|Garchomp, M|358\/358
|turn|1
|
|switch|p2a: Sylveon|Sylveon, F|394\/394
|move|p1a: Sableye|Will-O-Wisp|p2a: Sylveon
|-status|p2a: Sylveon|brn
|
|-damage|p2a: Sylveon|345\/394 brn|[from] brn
|turn|2
|
|switch|p1a: Tyranitar|Tyranitar, F|341\/341
|-weather|Sandstorm
|move|p2a: Sylveon|Hyper Voice|p1a: Tyranitar
|-supereffective|p1a: Tyranitar
|-damage|p1a: Tyranitar|233\/341
|
|-weather|Sandstorm|[upkeep]
|-damage|p2a: Sylveon|321\/394 brn|[from] sandstorm
|-heal|p2a: Sylveon|345\/394 brn|[from] item: Leftovers
|-damage|p2a: Sylveon|296\/394 brn|[from] brn
|turn|3
|
|switch|p2a: Garchomp|Garchomp, M|358\/358
|move|p1a: Tyranitar|Rock Slide|p2a: Garchomp
|-miss|p1a: Tyranitar|p2a: Garchomp
|
|-weather|Sandstorm|[upkeep]
|turn|4
|
|move|p2a: Garchomp|Outrage|p1a: Tyranitar
|-damage|p1a: Tyranitar|67\/341
|move|p1a: Tyranitar|Ice Punch|p2a: Garchomp
|-supereffective|p2a: Garchomp
|-damage|p2a: Garchomp|50\/358
|-damage|p1a: Tyranitar|25\/341|[from] ability: Rough Skin|[of] p2a: Garchomp
|-damage|p1a: Tyranitar|0 fnt|[from] item: Rocky Helmet|[of] p2a: Garchomp
|faint|p1a: Tyranitar
|
|-weather|Sandstorm|[upkeep]
|
|switch|p1a: Dragonite|Dragonite, F|323\/323
|turn|5
|
|move|p1a: Dragonite|Extreme Speed|p2a: Garchomp
|-damage|p2a: Garchomp|0 fnt
|-damage|p1a: Dragonite|283\/323|[from] ability: Rough Skin|[of] p2a: Garchomp
|-damage|p1a: Dragonite|230\/323|[from] item: Rocky Helmet|[of] p2a: Garchomp
|faint|p2a: Garchomp
|
|-weather|Sandstorm|[upkeep]
|-damage|p1a: Dragonite|210\/323|[from] sandstorm
|
|switch|p2a: Bisharp|Bisharp, F|272\/272
|turn|6
|
|switch|p1a: Darmanitan|Darmanitan, F|352\/352
|move|p2a: Bisharp|Sucker Punch|p1a: Darmanitan
|-fail|p1a: Darmanitan
|
|-weather|none
|turn|7
|
|move|p2a: Bisharp|Sucker Punch|p1a: Darmanitan
|-damage|p1a: Darmanitan|66\/352
|move|p1a: Darmanitan|U-turn|p2a: Bisharp
|-damage|p2a: Bisharp|179\/272
|
|switch|p1a: Thundurus-Therian|Thundurus-Therian, M|299\/299
|
|turn|8
|
|move|p2a: Bisharp|Sucker Punch|p1a: Thundurus-Therian
|-damage|p1a: Thundurus-Therian|52\/299
|move|p1a: Thundurus-Therian|Focus Blast|p2a: Bisharp
|-supereffective|p2a: Bisharp
|-damage|p2a: Bisharp|0 fnt
|faint|p2a: Bisharp
|
|
|switch|p2a: Scolipede|Scolipede, M|262\/262
|turn|9
|
|switch|p1a: Sableye|Sableye, F|241\/241
|move|p2a: Scolipede|Megahorn|p1a: Sableye|[miss]
|-miss|p2a: Scolipede|p1a: Sableye
|
|-boost|p2a: Scolipede|spe|1|[from] ability: Speed Boost
|turn|10
|
|switch|p2a: Sylveon|Sylveon, F|296\/394 brn
|move|p1a: Sableye|Taunt|p2a: Sylveon
|-start|p2a: Sylveon|move: Taunt
|
|-heal|p2a: Sylveon|320\/394 brn|[from] item: Leftovers
|-damage|p2a: Sylveon|271\/394 brn|[from] brn
|turn|11
|
|switch|p1a: Zapdos|Zapdos|321\/321
|-ability|p1a: Zapdos|Pressure
|move|p2a: Sylveon|Hyper Voice|p1a: Zapdos
|-damage|p1a: Zapdos|191\/321
|
|-heal|p1a: Zapdos|211\/321|[from] item: Leftovers
|-heal|p2a: Sylveon|295\/394 brn|[from] item: Leftovers
|-damage|p2a: Sylveon|246\/394 brn|[from] brn
|turn|12
|
|move|p1a: Zapdos|Volt Switch|p2a: Sylveon
|-damage|p2a: Sylveon|162\/394 brn
|
|switch|p1a: Thundurus-Therian|Thundurus-Therian, M|52\/299
|move|p2a: Sylveon|Hyper Voice|p1a: Thundurus-Therian
|-damage|p1a: Thundurus-Therian|0 fnt
|faint|p1a: Thundurus-Therian
|
|-heal|p2a: Sylveon|186\/394 brn|[from] item: Leftovers
|-damage|p2a: Sylveon|137\/394 brn|[from] brn
|
|switch|p1a: Zapdos|Zapdos|211\/321
|-ability|p1a: Zapdos|Pressure
|turn|13
|
|switch|p2a: Magnezone|Magnezone|282\/282
|move|p1a: Zapdos|Hidden Power|p2a: Magnezone
|-resisted|p2a: Magnezone
|-damage|p2a: Magnezone|249\/282
|
|-heal|p1a: Zapdos|231\/321|[from] item: Leftovers
|turn|14
|
|move|p2a: Magnezone|Volt Switch|p1a: Zapdos
|-damage|p1a: Zapdos|150\/321
|
|switch|p2a: Sylveon|Sylveon, F|137\/394 brn
|move|p1a: Zapdos|Volt Switch|p2a: Sylveon
|-damage|p2a: Sylveon|62\/394 brn
|
|switch|p1a: Darmanitan|Darmanitan, F|66\/352
|
|-heal|p2a: Sylveon|86\/394 brn|[from] item: Leftovers
|-damage|p2a: Sylveon|37\/394 brn|[from] brn
|turn|15
|
|move|p1a: Darmanitan|U-turn|p2a: Sylveon
|-resisted|p2a: Sylveon
|-damage|p2a: Sylveon|0 fnt
|faint|p2a: Sylveon
|
|switch|p1a: Sableye|Sableye, F|241\/241
|
|
|switch|p2a: Magnezone|Magnezone|249\/282
|turn|16
|
|move|p1a: Sableye|Will-O-Wisp|p2a: Magnezone
|-status|p2a: Magnezone|brn
|move|p2a: Magnezone|Thunderbolt|p1a: Sableye
|-damage|p1a: Sableye|108\/241
|
|-heal|p1a: Sableye|123\/241|[from] item: Leftovers
|-damage|p2a: Magnezone|214\/282 brn|[from] brn
|turn|17
|
|move|p1a: Sableye|Recover|p1a: Sableye
|-heal|p1a: Sableye|241\/241
|move|p2a: Magnezone|Thunderbolt|p1a: Sableye
|-damage|p1a: Sableye|94\/241
|
|-heal|p1a: Sableye|109\/241|[from] item: Leftovers
|-damage|p2a: Magnezone|179\/282 brn|[from] brn
|turn|18
|
|move|p1a: Sableye|Recover|p1a: Sableye
|-heal|p1a: Sableye|230\/241
|move|p2a: Magnezone|Thunderbolt|p1a: Sableye
|-damage|p1a: Sableye|89\/241
|
|-heal|p1a: Sableye|104\/241|[from] item: Leftovers
|-damage|p2a: Magnezone|144\/282 brn|[from] brn
|turn|19
|
|move|p1a: Sableye|Recover|p1a: Sableye
|-heal|p1a: Sableye|225\/241
|move|p2a: Magnezone|Thunderbolt|p1a: Sableye
|-damage|p1a: Sableye|98\/241
|-status|p1a: Sableye|par
|
|-heal|p1a: Sableye|113\/241 par|[from] item: Leftovers
|-damage|p2a: Magnezone|109\/282 brn|[from] brn
|turn|20
|
|move|p1a: Sableye|Recover|p1a: Sableye
|-heal|p1a: Sableye|234\/241 par
|move|p2a: Magnezone|Thunderbolt|p1a: Sableye
|-damage|p1a: Sableye|108\/241 par
|
|-heal|p1a: Sableye|123\/241 par|[from] item: Leftovers
|-damage|p2a: Magnezone|74\/282 brn|[from] brn
|turn|21
|
|move|p1a: Sableye|Recover|p1a: Sableye
|-heal|p1a: Sableye|241\/241 par
|move|p2a: Magnezone|Thunderbolt|p1a: Sableye
|-damage|p1a: Sableye|114\/241 par
|
|-heal|p1a: Sableye|129\/241 par|[from] item: Leftovers
|-damage|p2a: Magnezone|39\/282 brn|[from] brn
|turn|22
|
|move|p1a: Sableye|Recover|p1a: Sableye
|-heal|p1a: Sableye|241\/241 par
|move|p2a: Magnezone|Thunderbolt|p1a: Sableye
|-crit|p1a: Sableye
|-damage|p1a: Sableye|46\/241 par
|
|-heal|p1a: Sableye|61\/241 par|[from] item: Leftovers
|-damage|p2a: Magnezone|4\/282 brn|[from] brn
|turn|23
|
|cant|p1a: Sableye|par
|move|p2a: Magnezone|Thunderbolt|p1a: Sableye
|-damage|p1a: Sableye|0 fnt
|faint|p1a: Sableye
|
|-damage|p2a: Magnezone|0 fnt|[from] brn
|faint|p2a: Magnezone
|
|switch|p2a: Scolipede|Scolipede, M|262\/262
|switch|p1a: Zapdos|Zapdos|150\/321
|-ability|p1a: Zapdos|Pressure
|turn|24
|
|move|p2a: Scolipede|Megahorn|p1a: Zapdos
|-resisted|p1a: Zapdos
|-damage|p1a: Zapdos|73\/321
|move|p1a: Zapdos|Volt Switch|p2a: Scolipede
|-damage|p2a: Scolipede|138\/262
|
|switch|p1a: Darmanitan|Darmanitan, F|66\/352
|
|-boost|p2a: Scolipede|spe|1|[from] ability: Speed Boost
|turn|25
|
|move|p2a: Scolipede|Megahorn|p1a: Darmanitan
|-resisted|p1a: Darmanitan
|-damage|p1a: Darmanitan|0 fnt
|faint|p1a: Darmanitan
|
|-boost|p2a: Scolipede|spe|1|[from] ability: Speed Boost
|
|switch|p1a: Zapdos|Zapdos|73\/321
|-ability|p1a: Zapdos|Pressure
|turn|26
|
|move|p2a: Scolipede|Megahorn|p1a: Zapdos|[miss]
|-miss|p2a: Scolipede|p1a: Zapdos
|move|p1a: Zapdos|Volt Switch|p2a: Scolipede
|-damage|p2a: Scolipede|12\/262
|
|switch|p1a: Dragonite|Dragonite, F|210\/323
|
|-boost|p2a: Scolipede|spe|1|[from] ability: Speed Boost
|turn|27
|
|move|p1a: Dragonite|Extreme Speed|p2a: Scolipede
|-crit|p2a: Scolipede
|-damage|p2a: Scolipede|0 fnt
|faint|p2a: Scolipede
|
|
|switch|p2a: Heracross|Heracross, M|311\/311
|turn|28
|
|detailschange|p2a: Heracross|Heracross-Mega, M
|message|Heracross has Mega Evolved into Mega Heracross!
|move|p2a: Heracross|Rock Blast|p1a: Dragonite
|-supereffective|p1a: Dragonite
|-damage|p1a: Dragonite|126\/323
|-supereffective|p1a: Dragonite
|-damage|p1a: Dragonite|44\/323
|-supereffective|p1a: Dragonite
|-damage|p1a: Dragonite|0 fnt
|-hitcount|p1a: Dragonite|3
|faint|p1a: Dragonite
|
|
|switch|p1a: Zapdos|Zapdos|73\/321
|-ability|p1a: Zapdos|Pressure
|turn|29
|
|move|p2a: Heracross|Close Combat|p1a: Zapdos
|-resisted|p1a: Zapdos
|-damage|p1a: Zapdos|0 fnt
|-unboost|p2a: Heracross|def|1
|-unboost|p2a: Heracross|spd|1
|faint|p1a: Zapdos
|
|win|Wooliest Mammoth
|raw|Ladder updating...
|raw|TheJayDoe's rating: 1241 &rarr; <strong>1220<\/strong><br \/>(-21 for losing)
|raw|Wooliest Mammoth's rating: 1290 &rarr; <strong>1312<\/strong><br \/>(+22 for winning)
|c|âWooliest Mammoth|gg
|leave|TheJayDoe
|player|p1