|join|Wooliest Mammoth
|join|DirtyDancer
|player|p1|Wooliest Mammoth|101
|player|p2|DirtyDancer|80
|gametype|singles
|gen|6
|tier|OU
|rated
|clearpoke
|poke|p1|Dragonite, F
|poke|p1|Gardevoir, F
|poke|p1|Gliscor, F
|poke|p1|Infernape, F
|poke|p1|Weavile, F
|poke|p1|Tentacruel, M
|poke|p2|Heracross, F
|poke|p2|Shuckle, F
|poke|p2|Cobalion
|poke|p2|Bisharp, M
|poke|p2|Starmie
|poke|p2|Gengar, M
|rule|Swagger Clause: Swagger is banned
|rule|Baton Pass Clause: Limit one PokÃ©mon knowing Baton Pass
|rule|Sleep Clause Mod: Limit one foe put to sleep
|rule|Species Clause: Limit one of each PokÃ©mon
|rule|OHKO Clause: OHKO moves are banned
|rule|Moody Clause: Moody is banned
|rule|Evasion Moves Clause: Evasion moves are banned
|rule|Endless Battle Clause: Forcing endless battles is banned
|rule|HP Percentage Mod: HP is shown in percentages
|teampreview
|join|Grebbit
|c| Grebbit|ICH BIN FETT
|c| Grebbit|ABER MARIUS IST FETTER
|c| Grebbit|HAHAHAHAHAH
|
|start
|switch|p1a: Tentacruel|Tentacruel, M|357\/357
|switch|p2a: Shuckle|Shuckle, F|244\/244
|turn|1
|c| Grebbit|xD
|c| Grebbit|UNWITZIG
|
|move|p1a: Tentacruel|Scald|p2a: Shuckle
|-supereffective|p2a: Shuckle
|-damage|p2a: Shuckle|182\/244
|-status|p2a: Shuckle|brn
|move|p2a: Shuckle|Encore|p1a: Tentacruel
|-start|p1a: Tentacruel|Encore
|
|-damage|p2a: Shuckle|152\/244 brn|[from] brn
|turn|2
|
|move|p1a: Tentacruel|Scald|p2a: Shuckle
|-supereffective|p2a: Shuckle
|-damage|p2a: Shuckle|92\/244 brn
|move|p2a: Shuckle|Sticky Web|p1a: Tentacruel
|-sidestart|p1: Wooliest Mammoth|move: Sticky Web
|
|-damage|p2a: Shuckle|62\/244 brn|[from] brn
|turn|3
|
|move|p1a: Tentacruel|Scald|p2a: Shuckle
|-supereffective|p2a: Shuckle
|-damage|p2a: Shuckle|6\/244 brn
|move|p2a: Shuckle|Stealth Rock|p1a: Tentacruel
|-sidestart|p1: Wooliest Mammoth|move: Stealth Rock
|
|-damage|p2a: Shuckle|0 fnt|[from] brn
|faint|p2a: Shuckle
|
|switch|p2a: Starmie|Starmie|261\/261
|turn|4
|
|switch|p1a: Gliscor|Gliscor, F|354\/354
|-damage|p1a: Gliscor|310\/354|[from] Stealth Rock
|move|p2a: Starmie|Psyshock|p1a: Gliscor
|-damage|p1a: Gliscor|220\/354
|
|-status|p1a: Gliscor|tox|[from] item: Toxic Orb
|turn|5
|
|move|p1a: Gliscor|Protect|p1a: Gliscor
|-singleturn|p1a: Gliscor|Protect
|move|p2a: Starmie|Hydro Pump|p1a: Gliscor
|-activate|p1a: Gliscor|Protect
|
|-heal|p1a: Gliscor|264\/354 tox|[from] ability: Poison Heal
|turn|6
|
|switch|p1a: Gardevoir|Gardevoir, F|277\/277
|-activate|p1a: Gardevoir|move: Sticky Web
|-unboost|p1a: Gardevoir|spe|1
|-damage|p1a: Gardevoir|243\/277|[from] Stealth Rock
|-ability|p1a: Gardevoir|Analytic|[from] ability: Trace|[of] p2a: Starmie
|move|p2a: Starmie|Ice Beam|p1a: Gardevoir
|-damage|p1a: Gardevoir|134\/277
|
|turn|7
|
|detailschange|p1a: Gardevoir|Gardevoir-Mega, F
|message|Gardevoir has Mega Evolved into Mega Gardevoir!
|move|p2a: Starmie|Hydro Pump|p1a: Gardevoir|[miss]
|-miss|p2a: Starmie|p1a: Gardevoir
|move|p1a: Gardevoir|Hyper Voice|p2a: Starmie
|-damage|p2a: Starmie|69\/261
|
|turn|8
|
|switch|p1a: Tentacruel|Tentacruel, M|357\/357
|-activate|p1a: Tentacruel|move: Sticky Web
|-unboost|p1a: Tentacruel|spe|1
|-damage|p1a: Tentacruel|313\/357|[from] Stealth Rock
|move|p2a: Starmie|Hydro Pump|p1a: Tentacruel
|-resisted|p1a: Tentacruel
|-damage|p1a: Tentacruel|244\/357
|
|-heal|p1a: Tentacruel|266\/357|[from] item: Black Sludge
|turn|9
|
|switch|p2a: Gengar|Gengar, M|261\/261
|switch|p1a: Weavile|Weavile, F|281\/281
|-activate|p1a: Weavile|move: Sticky Web
|-unboost|p1a: Weavile|spe|1
|-damage|p1a: Weavile|211\/281|[from] Stealth Rock
|-ability|p1a: Weavile|Pressure
|
|turn|10
|
|move|p2a: Gengar|Sludge Wave|p1a: Weavile
|-damage|p1a: Weavile|0 fnt
|-damage|p2a: Gengar|235\/261|[from] item: Life Orb
|faint|p1a: Weavile
|
|
|switch|p1a: Tentacruel|Tentacruel, M|266\/357
|-damage|p1a: Tentacruel|222\/357|[from] Stealth Rock
|-activate|p1a: Tentacruel|move: Sticky Web
|-unboost|p1a: Tentacruel|spe|1
|turn|11
|
|move|p2a: Gengar|Shadow Ball|p1a: Tentacruel
|-damage|p1a: Tentacruel|105\/357
|-damage|p2a: Gengar|209\/261|[from] item: Life Orb
|move|p1a: Tentacruel|Rapid Spin|p2a: Gengar
|-immune|p2a: Gengar|[msg]
|
|-heal|p1a: Tentacruel|127\/357|[from] item: Black Sludge
|turn|12
|join|BetaSystem
|c|âWooliest Mammoth|wow lag :\/
|
|move|p2a: Gengar|Shadow Ball|p1a: Tentacruel
|-damage|p1a: Tentacruel|14\/357
|-damage|p2a: Gengar|183\/261|[from] item: Life Orb
|move|p1a: Tentacruel|Scald|p2a: Gengar
|-damage|p2a: Gengar|83\/261
|
|-heal|p1a: Tentacruel|36\/357|[from] item: Black Sludge
|turn|13
|
|move|p2a: Gengar|Shadow Ball|p1a: Tentacruel
|-damage|p1a: Tentacruel|0 fnt
|-damage|p2a: Gengar|57\/261|[from] item: Life Orb
|faint|p1a: Tentacruel
|
|
|switch|p1a: Gliscor|Gliscor, F|264\/354 tox
|-damage|p1a: Gliscor|220\/354 tox|[from] Stealth Rock
|turn|14
|
|move|p1a: Gliscor|Protect|p1a: Gliscor
|-singleturn|p1a: Gliscor|Protect
|move|p2a: Gengar|Shadow Ball|p1a: Gliscor
|-activate|p1a: Gliscor|Protect
|
|-heal|p1a: Gliscor|264\/354 tox|[from] ability: Poison Heal
|turn|15
|
|move|p2a: Gengar|Shadow Ball|p1a: Gliscor
|-damage|p1a: Gliscor|17\/354 tox
|-unboost|p1a: Gliscor|spd|1
|-damage|p2a: Gengar|31\/261|[from] item: Life Orb
|move|p1a: Gliscor|Knock Off|p2a: Gengar
|-supereffective|p2a: Gengar
|-damage|p2a: Gengar|0 fnt
|-enditem|p2a: Gengar|Life Orb|[from] move: Knock Off|[of] p1a: Gliscor
|faint|p2a: Gengar
|
|-heal|p1a: Gliscor|61\/354 tox|[from] ability: Poison Heal
|
|switch|p2a: Heracross|Heracross, F|301\/301
|turn|16
|
|move|p2a: Heracross|Substitute|p2a: Heracross
|-start|p2a: Heracross|Substitute
|-damage|p2a: Heracross|226\/301
|move|p1a: Gliscor|Toxic|p2a: Heracross
|
|-heal|p1a: Gliscor|105\/354 tox|[from] ability: Poison Heal
|turn|17
|
|detailschange|p2a: Heracross|Heracross-Mega, F
|message|Heracross has Mega Evolved into Mega Heracross!
|move|p1a: Gliscor|Protect|p1a: Gliscor
|-singleturn|p1a: Gliscor|Protect
|move|p2a: Heracross|Rock Blast|p1a: Gliscor
|-activate|p1a: Gliscor|Protect
|
|-heal|p1a: Gliscor|149\/354 tox|[from] ability: Poison Heal
|turn|18
|
|move|p1a: Gliscor|Protect|p1a: Gliscor
|-singleturn|p1a: Gliscor|Protect
|move|p2a: Heracross|Rock Blast|p1a: Gliscor
|-activate|p1a: Gliscor|Protect
|
|-heal|p1a: Gliscor|193\/354 tox|[from] ability: Poison Heal
|turn|19
|
|move|p2a: Heracross|Rock Blast|p1a: Gliscor
|-damage|p1a: Gliscor|166\/354 tox
|-damage|p1a: Gliscor|137\/354 tox
|-damage|p1a: Gliscor|108\/354 tox
|-damage|p1a: Gliscor|82\/354 tox
|-damage|p1a: Gliscor|56\/354 tox
|-hitcount|p1a: Gliscor|5
|move|p1a: Gliscor|Earthquake|p2a: Heracross
|-resisted|p2a: Heracross
|-activate|p2a: Heracross|Substitute|[damage]
|
|-heal|p1a: Gliscor|100\/354 tox|[from] ability: Poison Heal
|turn|20
|
|move|p1a: Gliscor|Protect|p1a: Gliscor
|-singleturn|p1a: Gliscor|Protect
|move|p2a: Heracross|Rock Blast|p1a: Gliscor
|-activate|p1a: Gliscor|Protect
|
|-heal|p1a: Gliscor|144\/354 tox|[from] ability: Poison Heal
|turn|21
|
|move|p2a: Heracross|Rock Blast|p1a: Gliscor
|-damage|p1a: Gliscor|117\/354 tox
|-damage|p1a: Gliscor|88\/354 tox
|-damage|p1a: Gliscor|63\/354 tox
|-damage|p1a: Gliscor|36\/354 tox
|-damage|p1a: Gliscor|10\/354 tox
|-hitcount|p1a: Gliscor|5
|move|p1a: Gliscor|Earthquake|p2a: Heracross
|-resisted|p2a: Heracross
|-end|p2a: Heracross|Substitute
|
|-heal|p1a: Gliscor|54\/354 tox|[from] ability: Poison Heal
|turn|22
|
|move|p2a: Heracross|Pin Missile|p1a: Gliscor
|-resisted|p1a: Gliscor
|-damage|p1a: Gliscor|35\/354 tox
|-resisted|p1a: Gliscor
|-damage|p1a: Gliscor|14\/354 tox
|-resisted|p1a: Gliscor
|-damage|p1a: Gliscor|0 fnt
|-hitcount|p1a: Gliscor|3
|faint|p1a: Gliscor
|
|
|switch|p1a: Infernape|Infernape, F|293\/293
|-activate|p1a: Infernape|move: Sticky Web
|-unboost|p1a: Infernape|spe|1
|-damage|p1a: Infernape|257\/293|[from] Stealth Rock
|turn|23
|
|switch|p2a: Cobalion|Cobalion|375\/375
|move|p1a: Infernape|Fire Blast|p2a: Cobalion
|-supereffective|p2a: Cobalion
|-damage|p2a: Cobalion|0 fnt
|faint|p2a: Cobalion
|
|
|switch|p2a: Starmie|Starmie|69\/261
|turn|24
|
|switch|p1a: Dragonite|Dragonite, F|323\/323
|-damage|p1a: Dragonite|243\/323|[from] Stealth Rock
|move|p2a: Starmie|Psyshock|p1a: Dragonite
|-damage|p1a: Dragonite|84\/323
|
|turn|25
|
|switch|p2a: Bisharp|Bisharp, M|272\/272
|move|p1a: Dragonite|Extreme Speed|p2a: Bisharp
|-resisted|p2a: Bisharp
|-damage|p2a: Bisharp|193\/272
|
|turn|26
|
|move|p1a: Dragonite|Extreme Speed|p2a: Bisharp
|-resisted|p2a: Bisharp
|-damage|p2a: Bisharp|114\/272
|move|p2a: Bisharp|Knock Off|p1a: Dragonite
|-damage|p1a: Dragonite|0 fnt
|-enditem|p1a: Dragonite|Choice Band|[from] move: Knock Off|[of] p2a: Bisharp
|-damage|p2a: Bisharp|87\/272|[from] item: Life Orb
|faint|p1a: Dragonite
|
|
|switch|p1a: Infernape|Infernape, F|257\/293
|-damage|p1a: Infernape|221\/293|[from] Stealth Rock
|-activate|p1a: Infernape|move: Sticky Web
|-unboost|p1a: Infernape|spe|1
|turn|27
|
|move|p2a: Bisharp|Sucker Punch|p1a: Infernape
|-resisted|p1a: Infernape
|-damage|p1a: Infernape|108\/293
|-damage|p2a: Bisharp|60\/272|[from] item: Life Orb
|move|p1a: Infernape|Mach Punch|p2a: Bisharp
|-supereffective|p2a: Bisharp
|-damage|p2a: Bisharp|0 fnt
|faint|p2a: Bisharp
|
|
|switch|p2a: Heracross|Heracross-Mega, F|226\/301
|turn|28
|
|move|p2a: Heracross|Substitute|p2a: Heracross
|-start|p2a: Heracross|Substitute
|-damage|p2a: Heracross|151\/301
|move|p1a: Infernape|Fire Blast|p2a: Heracross
|-supereffective|p2a: Heracross
|-end|p2a: Heracross|Substitute
|
|turn|29
|
|move|p2a: Heracross|Close Combat|p1a: Infernape
|-damage|p1a: Infernape|0 fnt
|-unboost|p2a: Heracross|def|1
|-unboost|p2a: Heracross|spd|1
|faint|p1a: Infernape
|
|
|switch|p1a: Gardevoir|Gardevoir-Mega, F|134\/277
|-damage|p1a: Gardevoir|100\/277|[from] Stealth Rock
|-activate|p1a: Gardevoir|move: Sticky Web
|-unboost|p1a: Gardevoir|spe|1
|turn|30
|
|move|p2a: Heracross|Pin Missile|p1a: Gardevoir
|-damage|p1a: Gardevoir|7\/277
|-damage|p1a: Gardevoir|0 fnt
|-hitcount|p1a: Gardevoir|2
|faint|p1a: Gardevoir
|
|win|DirtyDancer
|raw|Ladder updating...
|c| Grebbit|GG
|raw|Wooliest Mammoth's rating: 1542 &rarr; <strong>1521<\/strong><br \/>(-21 for losing)
|raw|DirtyDancer's rating: 1514 &rarr; <strong>1536<\/strong><br \/>(+22 for winning)
|c|âWooliest Mammoth|gg
|c| Grebbit|SUPER GESPIELT
|c|âDirtyDancer|gg
|c| Grebbit|IHR BEIDEN
|leave|Grebbit
|leave|Wooliest Mammoth
|player|p1