|join|Wooliest Mammoth
|join|Aceman2798
|player|p1|Wooliest Mammoth|101
|player|p2|Aceman2798|102
|gametype|singles
|gen|6
|tier|OU
|rated
|clearpoke
|poke|p1|Alakazam, F
|poke|p1|Tyranitar, F
|poke|p1|Excadrill, F
|poke|p1|Azumarill, M
|poke|p1|Mamoswine, M
|poke|p1|Gengar, M
|poke|p2|Azumarill, F
|poke|p2|Conkeldurr, F
|poke|p2|Aerodactyl, M
|poke|p2|Shuckle, M
|poke|p2|Zapdos
|poke|p2|Excadrill, M
|rule|Swagger Clause: Swagger is banned
|rule|Baton Pass Clause: Limit one PokÃ©mon knowing Baton Pass
|rule|Sleep Clause Mod: Limit one foe put to sleep
|rule|Species Clause: Limit one of each PokÃ©mon
|rule|OHKO Clause: OHKO moves are banned
|rule|Moody Clause: Moody is banned
|rule|Evasion Moves Clause: Evasion moves are banned
|rule|Endless Battle Clause: Forcing endless battles is banned
|rule|HP Percentage Mod: HP is shown in percentages
|teampreview
|
|start
|switch|p1a: Mamoswine|Mamoswine, M|361\/361
|switch|p2a: Shuckle|Shuckle, M|244\/244
|turn|1
|
|move|p1a: Mamoswine|Stealth Rock|p2a: Shuckle
|-sidestart|p2: Aceman2798|move: Stealth Rock
|move|p2a: Shuckle|Sticky Web|p1a: Mamoswine
|-sidestart|p1: Wooliest Mammoth|move: Sticky Web
|
|turn|2
|
|switch|p1a: Gengar|Gengar, M|262\/262
|move|p2a: Shuckle|Stealth Rock|p1a: Gengar
|-sidestart|p1: Wooliest Mammoth|move: Stealth Rock
|
|turn|3
|
|switch|p2a: Zapdos|Zapdos|322\/322
|-damage|p2a: Zapdos|242\/322|[from] Stealth Rock
|-ability|p2a: Zapdos|Pressure
|move|p1a: Gengar|Substitute|p1a: Gengar
|-start|p1a: Gengar|Substitute
|-damage|p1a: Gengar|197\/262
|
|-heal|p1a: Gengar|213\/262|[from] item: Black Sludge
|-heal|p2a: Zapdos|262\/322|[from] item: Leftovers
|turn|4
|
|move|p1a: Gengar|Sludge Bomb|p2a: Zapdos
|-damage|p2a: Zapdos|136\/322
|-status|p2a: Zapdos|psn
|move|p2a: Zapdos|Heat Wave|p1a: Gengar
|-miss|p2a: Zapdos|p1a: Gengar
|
|-heal|p1a: Gengar|229\/262|[from] item: Black Sludge
|-heal|p2a: Zapdos|156\/322 psn|[from] item: Leftovers
|-damage|p2a: Zapdos|116\/322 psn|[from] psn
|turn|5
|
|move|p1a: Gengar|Shadow Ball|p2a: Zapdos
|-damage|p2a: Zapdos|10\/322 psn
|move|p2a: Zapdos|Heat Wave|p1a: Gengar
|-end|p1a: Gengar|Substitute
|
|-heal|p1a: Gengar|245\/262|[from] item: Black Sludge
|-heal|p2a: Zapdos|30\/322 psn|[from] item: Leftovers
|-damage|p2a: Zapdos|0 fnt|[from] psn
|faint|p2a: Zapdos
|
|switch|p2a: Excadrill|Excadrill, M|362\/362
|-damage|p2a: Excadrill|351\/362|[from] Stealth Rock
|-ability|p2a: Excadrill|Mold Breaker
|turn|6
|
|switch|p1a: Excadrill|Excadrill, F|361\/361
|-damage|p1a: Excadrill|350\/361|[from] Stealth Rock
|-item|p1a: Excadrill|Air Balloon
|move|p2a: Excadrill|Iron Head|p1a: Excadrill
|-resisted|p1a: Excadrill
|-damage|p1a: Excadrill|247\/361
|-enditem|p1a: Excadrill|Air Balloon
|
|turn|7
|
|switch|p1a: Azumarill|Azumarill, M|345\/345
|-activate|p1a: Azumarill|move: Sticky Web
|-unboost|p1a: Azumarill|spe|1
|-damage|p1a: Azumarill|302\/345|[from] Stealth Rock
|move|p2a: Excadrill|Iron Head|p1a: Azumarill
|-damage|p1a: Azumarill|121\/345
|
|turn|8
|
|move|p1a: Azumarill|Aqua Jet|p2a: Excadrill
|-supereffective|p2a: Excadrill
|-damage|p2a: Excadrill|109\/362
|move|p2a: Excadrill|Iron Head|p1a: Azumarill
|-damage|p1a: Azumarill|0 fnt
|faint|p1a: Azumarill
|
|
|switch|p1a: Alakazam|Alakazam, F|259\/259
|-activate|p1a: Alakazam|move: Sticky Web
|-unboost|p1a: Alakazam|spe|1
|turn|9
|
|switch|p2a: Shuckle|Shuckle, M|244\/244
|-damage|p2a: Shuckle|183\/244|[from] Stealth Rock
|detailschange|p1a: Alakazam|Alakazam-Mega, F
|message|Alakazam has Mega Evolved into Mega Alakazam!
|-ability|p1a: Alakazam|Sturdy|[from] ability: Trace|[of] p2a: Shuckle
|move|p1a: Alakazam|Shadow Ball|p2a: Shuckle
|-damage|p2a: Shuckle|132\/244
|
|turn|10
|
|move|p1a: Alakazam|Substitute|p1a: Alakazam
|-start|p1a: Alakazam|Substitute
|-damage|p1a: Alakazam|195\/259
|move|p2a: Shuckle|Infestation|p1a: Alakazam
|-supereffective|p1a: Alakazam
|-activate|p1a: Alakazam|Substitute|[damage]
|
|turn|11
|
|move|p1a: Alakazam|Shadow Ball|p2a: Shuckle
|-damage|p2a: Shuckle|80\/244
|move|p2a: Shuckle|Infestation|p1a: Alakazam
|-supereffective|p1a: Alakazam
|-activate|p1a: Alakazam|Substitute|[damage]
|
|turn|12
|
|move|p1a: Alakazam|Shadow Ball|p2a: Shuckle
|-damage|p2a: Shuckle|33\/244
|move|p2a: Shuckle|Infestation|p1a: Alakazam
|-supereffective|p1a: Alakazam
|-activate|p1a: Alakazam|Substitute|[damage]
|
|turn|13
|
|move|p1a: Alakazam|Psyshock|p2a: Shuckle
|-damage|p2a: Shuckle|0 fnt
|faint|p2a: Shuckle
|
|
|switch|p2a: Azumarill|Azumarill, F|385\/385
|-damage|p2a: Azumarill|337\/385|[from] Stealth Rock
|turn|14
|
|move|p2a: Azumarill|Aqua Jet|p1a: Alakazam
|-end|p1a: Alakazam|Substitute
|move|p1a: Alakazam|Psyshock|p2a: Azumarill
|-crit|p2a: Azumarill
|-damage|p2a: Azumarill|7\/385
|-enditem|p2a: Azumarill|Sitrus Berry|[eat]
|-heal|p2a: Azumarill|103\/385|[from] item: Sitrus Berry
|
|turn|15
|
|switch|p1a: Tyranitar|Tyranitar, F|341\/341
|-damage|p1a: Tyranitar|299\/341|[from] Stealth Rock
|-activate|p1a: Tyranitar|move: Sticky Web
|-unboost|p1a: Tyranitar|spe|1
|-weather|Sandstorm
|move|p2a: Azumarill|Aqua Jet|p1a: Tyranitar
|-supereffective|p1a: Tyranitar
|-damage|p1a: Tyranitar|131\/341
|
|-weather|Sandstorm|[upkeep]
|-damage|p2a: Azumarill|79\/385|[from] sandstorm
|turn|16
|
|move|p2a: Azumarill|Aqua Jet|p1a: Tyranitar
|-supereffective|p1a: Tyranitar
|-damage|p1a: Tyranitar|0 fnt
|faint|p1a: Tyranitar
|
|-weather|Sandstorm|[upkeep]
|-damage|p2a: Azumarill|55\/385|[from] sandstorm
|
|switch|p1a: Mamoswine|Mamoswine, M|361\/361
|-damage|p1a: Mamoswine|316\/361|[from] Stealth Rock
|-activate|p1a: Mamoswine|move: Sticky Web
|-unboost|p1a: Mamoswine|spe|1
|turn|17
|
|move|p1a: Mamoswine|Ice Shard|p2a: Azumarill
|-resisted|p2a: Azumarill
|-damage|p2a: Azumarill|15\/385
|move|p2a: Azumarill|Aqua Jet|p1a: Mamoswine
|-supereffective|p1a: Mamoswine
|-damage|p1a: Mamoswine|116\/361
|
|-weather|Sandstorm|[upkeep]
|-damage|p2a: Azumarill|0 fnt|[from] sandstorm
|faint|p2a: Azumarill
|
|switch|p2a: Excadrill|Excadrill, M|109\/362
|-damage|p2a: Excadrill|98\/362|[from] Stealth Rock
|-ability|p2a: Excadrill|Mold Breaker
|turn|18
|
|move|p1a: Mamoswine|Ice Shard|p2a: Excadrill
|-damage|p2a: Excadrill|0 fnt
|faint|p2a: Excadrill
|
|-weather|Sandstorm|[upkeep]
|
|switch|p2a: Conkeldurr|Conkeldurr, F|414\/414
|-damage|p2a: Conkeldurr|389\/414|[from] Stealth Rock
|turn|19
|
|move|p1a: Mamoswine|Ice Shard|p2a: Conkeldurr
|-damage|p2a: Conkeldurr|317\/414
|move|p2a: Conkeldurr|Bulk Up|p2a: Conkeldurr
|-boost|p2a: Conkeldurr|atk|1
|-boost|p2a: Conkeldurr|def|1
|
|-weather|none
|-heal|p2a: Conkeldurr|342\/414|[from] item: Leftovers
|turn|20
|
|move|p2a: Conkeldurr|Mach Punch|p1a: Mamoswine
|-supereffective|p1a: Mamoswine
|-damage|p1a: Mamoswine|0 fnt
|faint|p1a: Mamoswine
|
|-heal|p2a: Conkeldurr|367\/414|[from] item: Leftovers
|
|switch|p1a: Gengar|Gengar, M|245\/262
|-damage|p1a: Gengar|213\/262|[from] Stealth Rock
|turn|21
|
|move|p1a: Gengar|Dazzling Gleam|p2a: Conkeldurr
|-supereffective|p2a: Conkeldurr
|-damage|p2a: Conkeldurr|77\/414
|move|p2a: Conkeldurr|Knock Off|p1a: Gengar
|-supereffective|p1a: Gengar
|-damage|p1a: Gengar|0 fnt
|-enditem|p1a: Gengar|Black Sludge|[from] move: Knock Off|[of] p2a: Conkeldurr
|faint|p1a: Gengar
|
|-heal|p2a: Conkeldurr|102\/414|[from] item: Leftovers
|
|switch|p1a: Alakazam|Alakazam-Mega, F|195\/259
|-damage|p1a: Alakazam|163\/259|[from] Stealth Rock
|-activate|p1a: Alakazam|move: Sticky Web
|-unboost|p1a: Alakazam|spe|1
|-ability|p1a: Alakazam|Iron Fist|[from] ability: Trace|[of] p2a: Conkeldurr
|turn|22
|
|move|p2a: Conkeldurr|Mach Punch|p1a: Alakazam
|-resisted|p1a: Alakazam
|-damage|p1a: Alakazam|61\/259
|move|p1a: Alakazam|Psyshock|p2a: Conkeldurr
|-supereffective|p2a: Conkeldurr
|-damage|p2a: Conkeldurr|0 fnt
|faint|p2a: Conkeldurr
|
|
|switch|p2a: Aerodactyl|Aerodactyl, M|302\/302
|-damage|p2a: Aerodactyl|227\/302|[from] Stealth Rock
|turn|23
|
|detailschange|p2a: Aerodactyl|Aerodactyl-Mega, M
|message|Aerodactyl has Mega Evolved into Mega Aerodactyl!
|move|p2a: Aerodactyl|Fire Fang|p1a: Alakazam
|-damage|p1a: Alakazam|0 fnt
|faint|p1a: Alakazam
|
|
|switch|p1a: Excadrill|Excadrill, F|247\/361
|-damage|p1a: Excadrill|236\/361|[from] Stealth Rock
|-activate|p1a: Excadrill|move: Sticky Web
|-unboost|p1a: Excadrill|spe|1
|turn|24
|
|move|p2a: Aerodactyl|Fire Fang|p1a: Excadrill
|-supereffective|p1a: Excadrill
|-damage|p1a: Excadrill|0 fnt
|faint|p1a: Excadrill
|
|win|Aceman2798
|raw|Ladder updating...
|c|âWooliest Mammoth|gg
|raw|Wooliest Mammoth's rating: 1327 &rarr; <strong>1304<\/strong><br \/>(-23 for losing)
|raw|Aceman2798's rating: 1273 &rarr; <strong>1302<\/strong><br \/>(+29 for winning)
|leave|Aceman2798
|player|p2