|join|Wooliest Mammoth
|join|Why so Slowbruh?
|player|p1|Wooliest Mammoth|101
|player|p2|Why so Slowbruh?|294
|gametype|singles
|gen|6
|tier|OU
|rated
|clearpoke
|poke|p1|Dragonite, M
|poke|p1|Manectric, F
|poke|p1|Gliscor, M
|poke|p1|Infernape, F
|poke|p1|Weavile, F
|poke|p1|Tentacruel, M
|poke|p2|Azumarill, F
|poke|p2|Talonflame, M
|poke|p2|Landorus-Therian, M
|poke|p2|Ferrothorn, F
|poke|p2|Heracross, F
|poke|p2|Latias, F
|rule|Swagger Clause: Swagger is banned
|rule|Baton Pass Clause: Limit one PokÃ©mon knowing Baton Pass
|rule|Sleep Clause Mod: Limit one foe put to sleep
|rule|Species Clause: Limit one of each PokÃ©mon
|rule|OHKO Clause: OHKO moves are banned
|rule|Moody Clause: Moody is banned
|rule|Evasion Moves Clause: Evasion moves are banned
|rule|Endless Battle Clause: Forcing endless battles is banned
|rule|HP Percentage Mod: HP is shown in percentages
|teampreview
|c|âWhy so Slowbruh?|GL & HF! ;]
|c|âWooliest Mammoth|you too :)
|c|âWhy so Slowbruh?|thx
|
|start
|switch|p1a: Infernape|Infernape, F|293\/293
|switch|p2a: Buster Bunny|Azumarill, F|401\/401
|turn|1
|
|switch|p1a: Tentacruel|Tentacruel, M|357\/357
|move|p2a: Buster Bunny|Waterfall|p1a: Tentacruel
|-resisted|p1a: Tentacruel
|-damage|p1a: Tentacruel|235\/357
|
|-heal|p1a: Tentacruel|257\/357|[from] item: Black Sludge
|turn|2
|
|switch|p2a: Huggle Hugger|Ferrothorn, F|352\/352
|move|p1a: Tentacruel|Scald|p2a: Huggle Hugger
|-resisted|p2a: Huggle Hugger
|-damage|p2a: Huggle Hugger|325\/352
|
|-heal|p1a: Tentacruel|279\/357|[from] item: Black Sludge
|-heal|p2a: Huggle Hugger|347\/352|[from] item: Leftovers
|turn|3
|
|switch|p1a: Infernape|Infernape, F|293\/293
|switch|p2a: Landy Mandy|Landorus-Therian, M|369\/369
|-ability|p2a: Landy Mandy|Intimidate|[of] p1a: Infernape
|-unboost|p1a: Infernape|atk|1
|
|turn|4
|
|move|p1a: Infernape|Stealth Rock|p2a: Landy Mandy
|-sidestart|p2: Why so Slowbruh?|move: Stealth Rock
|move|p2a: Landy Mandy|Earthquake|p1a: Infernape
|-supereffective|p1a: Infernape
|-enditem|p1a: Infernape|Focus Sash
|-damage|p1a: Infernape|1\/293
|
|turn|5
|
|move|p1a: Infernape|Fire Blast|p2a: Landy Mandy
|-damage|p2a: Landy Mandy|188\/369
|move|p2a: Landy Mandy|U-turn|p1a: Infernape
|-resisted|p1a: Infernape
|-damage|p1a: Infernape|0 fnt
|faint|p1a: Infernape
|
|switch|p2a: Jetty Betty|Latias, F|319\/319
|-damage|p2a: Jetty Betty|280\/319|[from] Stealth Rock
|
|
|switch|p1a: Weavile|Weavile, F|281\/281
|-ability|p1a: Weavile|Pressure
|turn|6
|
|switch|p2a: Huggle Hugger|Ferrothorn, F|347\/352
|-damage|p2a: Huggle Hugger|325\/352|[from] Stealth Rock
|move|p1a: Weavile|Knock Off|p2a: Huggle Hugger
|-damage|p2a: Huggle Hugger|176\/352
|-damage|p1a: Weavile|246\/281|[from] ability: Iron Barbs|[of] p2a: Huggle Hugger
|-enditem|p2a: Huggle Hugger|Leftovers|[from] move: Knock Off|[of] p1a: Weavile
|-damage|p1a: Weavile|218\/281|[from] item: Life Orb
|
|turn|7
|
|switch|p1a: Manectric|Manectric, F|281\/281
|move|p2a: Huggle Hugger|Leech Seed|p1a: Manectric
|-start|p1a: Manectric|move: Leech Seed
|
|-damage|p1a: Manectric|246\/281|[from] Leech Seed|[of] p2a: Huggle Hugger
|-heal|p2a: Huggle Hugger|211\/352|[silent]
|turn|8
|
|detailschange|p1a: Manectric|Manectric-Mega, F
|message|Manectric has Mega Evolved into Mega Manectric!
|-ability|p1a: Manectric|Intimidate|[of] p2a: Huggle Hugger
|-unboost|p2a: Huggle Hugger|atk|1
|move|p2a: Huggle Hugger|Protect|p2a: Huggle Hugger
|-singleturn|p2a: Huggle Hugger|Protect
|move|p1a: Manectric|Overheat|p2a: Huggle Hugger
|-activate|p2a: Huggle Hugger|Protect
|
|-damage|p1a: Manectric|211\/281|[from] Leech Seed|[of] p2a: Huggle Hugger
|-heal|p2a: Huggle Hugger|246\/352|[silent]
|turn|9
|
|switch|p2a: Jetty Betty|Latias, F|280\/319
|-damage|p2a: Jetty Betty|241\/319|[from] Stealth Rock
|move|p1a: Manectric|Hidden Power|p2a: Jetty Betty
|-supereffective|p2a: Jetty Betty
|-damage|p2a: Jetty Betty|125\/319
|
|-damage|p1a: Manectric|176\/281|[from] Leech Seed|[of] p2a: Jetty Betty
|-heal|p2a: Jetty Betty|160\/319|[silent]
|turn|10
|
|move|p1a: Manectric|Volt Switch|p2a: Jetty Betty
|-resisted|p2a: Jetty Betty
|-damage|p2a: Jetty Betty|109\/319
|
|switch|p1a: Tentacruel|Tentacruel, M|279\/357
|move|p2a: Jetty Betty|Defog|p1a: Tentacruel
|-unboost|p1a: Tentacruel|evasion|1
|-sideend|p2: Why so Slowbruh?|Stealth Rock|[from] move: Defog|[of] p2a: Jetty Betty
|
|-heal|p1a: Tentacruel|301\/357|[from] item: Black Sludge
|turn|11
|
|move|p2a: Jetty Betty|Roost|p2a: Jetty Betty
|-heal|p2a: Jetty Betty|269\/319
|move|p1a: Tentacruel|Sludge Bomb|p2a: Jetty Betty
|-damage|p2a: Jetty Betty|193\/319
|-status|p2a: Jetty Betty|psn
|
|-heal|p1a: Tentacruel|323\/357|[from] item: Black Sludge
|-damage|p2a: Jetty Betty|154\/319 psn|[from] psn
|turn|12
|
|move|p2a: Jetty Betty|Roost|p2a: Jetty Betty
|-heal|p2a: Jetty Betty|314\/319 psn
|move|p1a: Tentacruel|Acid Spray|p2a: Jetty Betty
|-damage|p2a: Jetty Betty|283\/319 psn
|-unboost|p2a: Jetty Betty|spd|2
|
|-heal|p1a: Tentacruel|345\/357|[from] item: Black Sludge
|-damage|p2a: Jetty Betty|244\/319 psn|[from] psn
|turn|13
|
|switch|p2a: Huggle Hugger|Ferrothorn, F|246\/352
|move|p1a: Tentacruel|Acid Spray|p2a: Huggle Hugger
|-immune|p2a: Huggle Hugger|[msg]
|
|-heal|p1a: Tentacruel|357\/357|[from] item: Black Sludge
|turn|14
|
|switch|p1a: Manectric|Manectric-Mega, F|176\/281
|-ability|p1a: Manectric|Intimidate|[of] p2a: Huggle Hugger
|-unboost|p2a: Huggle Hugger|atk|1
|move|p2a: Huggle Hugger|Knock Off|p1a: Manectric
|-damage|p1a: Manectric|140\/281
|
|turn|15
|
|move|p2a: Huggle Hugger|Protect|p2a: Huggle Hugger
|-singleturn|p2a: Huggle Hugger|Protect
|move|p1a: Manectric|Hidden Power|p2a: Huggle Hugger
|-activate|p2a: Huggle Hugger|Protect
|
|turn|16
|
|switch|p2a: Jetty Betty|Latias, F|244\/319 psn
|move|p1a: Manectric|Overheat|p2a: Jetty Betty
|-resisted|p2a: Jetty Betty
|-damage|p2a: Jetty Betty|183\/319 psn
|-unboost|p1a: Manectric|spa|2
|
|-damage|p2a: Jetty Betty|144\/319 psn|[from] psn
|turn|17
|
|move|p1a: Manectric|Hidden Power|p2a: Jetty Betty
|-supereffective|p2a: Jetty Betty
|-damage|p2a: Jetty Betty|78\/319 psn
|move|p2a: Jetty Betty|Draco Meteor|p1a: Manectric
|-damage|p1a: Manectric|0 fnt
|-unboost|p2a: Jetty Betty|spa|2
|-damage|p2a: Jetty Betty|47\/319 psn|[from] item: Life Orb
|faint|p1a: Manectric
|
|-damage|p2a: Jetty Betty|8\/319 psn|[from] psn
|
|switch|p1a: Weavile|Weavile, F|218\/281
|-ability|p1a: Weavile|Pressure
|turn|18
|
|switch|p2a: Buster Bunny|Azumarill, F|401\/401
|move|p1a: Weavile|Knock Off|p2a: Buster Bunny
|-resisted|p2a: Buster Bunny
|-damage|p2a: Buster Bunny|272\/401
|-enditem|p2a: Buster Bunny|Assault Vest|[from] move: Knock Off|[of] p1a: Weavile
|-damage|p1a: Weavile|190\/281|[from] item: Life Orb
|
|turn|19
|
|switch|p1a: Tentacruel|Tentacruel, M|357\/357
|move|p2a: Buster Bunny|Play Rough|p1a: Tentacruel|[miss]
|-miss|p2a: Buster Bunny|p1a: Tentacruel
|
|turn|20
|
|switch|p2a: Huggle Hugger|Ferrothorn, F|246\/352
|move|p1a: Tentacruel|Scald|p2a: Huggle Hugger
|-resisted|p2a: Huggle Hugger
|-damage|p2a: Huggle Hugger|220\/352
|
|turn|21
|
|move|p1a: Tentacruel|Scald|p2a: Huggle Hugger
|-crit|p2a: Huggle Hugger
|-resisted|p2a: Huggle Hugger
|-damage|p2a: Huggle Hugger|182\/352
|-status|p2a: Huggle Hugger|brn
|move|p2a: Huggle Hugger|Knock Off|p1a: Tentacruel
|-damage|p1a: Tentacruel|303\/357
|-enditem|p1a: Tentacruel|Black Sludge|[from] move: Knock Off|[of] p2a: Huggle Hugger
|
|-damage|p2a: Huggle Hugger|138\/352 brn|[from] brn
|turn|22
|
|move|p1a: Tentacruel|Rapid Spin|p2a: Huggle Hugger
|-resisted|p2a: Huggle Hugger
|-damage|p2a: Huggle Hugger|134\/352 brn
|-damage|p1a: Tentacruel|259\/357|[from] ability: Iron Barbs|[of] p2a: Huggle Hugger
|move|p2a: Huggle Hugger|Knock Off|p1a: Tentacruel
|-damage|p1a: Tentacruel|223\/357
|
|-damage|p2a: Huggle Hugger|90\/352 brn|[from] brn
|turn|23
|
|move|p1a: Tentacruel|Scald|p2a: Huggle Hugger
|-resisted|p2a: Huggle Hugger
|-damage|p2a: Huggle Hugger|64\/352 brn
|move|p2a: Huggle Hugger|Knock Off|p1a: Tentacruel
|-damage|p1a: Tentacruel|189\/357
|
|-damage|p2a: Huggle Hugger|20\/352 brn|[from] brn
|turn|24
|
|switch|p2a: Jetty Betty|Latias, F|8\/319 psn
|move|p1a: Tentacruel|Scald|p2a: Jetty Betty
|-resisted|p2a: Jetty Betty
|-damage|p2a: Jetty Betty|0 fnt
|faint|p2a: Jetty Betty
|
|
|switch|p2a: Punch Buggy|Heracross, F|301\/301
|turn|25
|
|detailschange|p2a: Punch Buggy|Heracross-Mega, F
|message|Heracross has Mega Evolved into Mega Heracross!
|move|p2a: Punch Buggy|Rock Blast|p1a: Tentacruel
|-damage|p1a: Tentacruel|138\/357
|-damage|p1a: Tentacruel|85\/357
|-damage|p1a: Tentacruel|29\/357
|-damage|p1a: Tentacruel|0 fnt
|-hitcount|p1a: Tentacruel|4
|faint|p1a: Tentacruel
|
|
|switch|p1a: Gliscor|Gliscor, M|354\/354
|turn|26
|
|switch|p2a: Huggle Hugger|Ferrothorn, F|20\/352 brn
|move|p1a: Gliscor|Toxic|p2a: Huggle Hugger
|-fail|p2a: Huggle Hugger
|
|-damage|p2a: Huggle Hugger|0 fnt|[from] brn
|-status|p1a: Gliscor|tox|[from] item: Toxic Orb
|faint|p2a: Huggle Hugger
|
|switch|p2a: Landy Mandy|Landorus-Therian, M|188\/369
|-ability|p2a: Landy Mandy|Intimidate|[of] p1a: Gliscor
|-unboost|p1a: Gliscor|atk|1
|turn|27
|
|move|p2a: Landy Mandy|Stealth Rock|p1a: Gliscor
|-sidestart|p1: Wooliest Mammoth|move: Stealth Rock
|move|p1a: Gliscor|Knock Off|p2a: Landy Mandy
|-damage|p2a: Landy Mandy|152\/369
|-enditem|p2a: Landy Mandy|Leftovers|[from] move: Knock Off|[of] p1a: Gliscor
|
|turn|28
|
|move|p2a: Landy Mandy|Rock Slide|p1a: Gliscor
|-damage|p1a: Gliscor|305\/354 tox
|move|p1a: Gliscor|Toxic|p2a: Landy Mandy
|-status|p2a: Landy Mandy|tox
|
|-damage|p2a: Landy Mandy|129\/369 tox|[from] psn
|-heal|p1a: Gliscor|349\/354 tox|[from] ability: Poison Heal
|turn|29
|
|move|p2a: Landy Mandy|Rock Slide|p1a: Gliscor
|-damage|p1a: Gliscor|298\/354 tox
|move|p1a: Gliscor|Knock Off|p2a: Landy Mandy
|-damage|p2a: Landy Mandy|104\/369 tox
|
|-damage|p2a: Landy Mandy|58\/369 tox|[from] psn
|-heal|p1a: Gliscor|342\/354 tox|[from] ability: Poison Heal
|turn|30
|
|move|p2a: Landy Mandy|Rock Slide|p1a: Gliscor
|-damage|p1a: Gliscor|289\/354 tox
|move|p1a: Gliscor|Knock Off|p2a: Landy Mandy
|-damage|p2a: Landy Mandy|33\/369 tox
|
|-damage|p2a: Landy Mandy|0 fnt|[from] psn
|-heal|p1a: Gliscor|333\/354 tox|[from] ability: Poison Heal
|faint|p2a: Landy Mandy
|
|switch|p2a: Buster Bunny|Azumarill, F|272\/401
|turn|31
|
|switch|p1a: Dragonite|Dragonite, M|323\/323
|-damage|p1a: Dragonite|243\/323|[from] Stealth Rock
|move|p2a: Buster Bunny|Waterfall|p1a: Dragonite
|-resisted|p1a: Dragonite
|-damage|p1a: Dragonite|159\/323
|
|turn|32
|
|move|p1a: Dragonite|Thunder Punch|p2a: Buster Bunny
|-supereffective|p2a: Buster Bunny
|-damage|p2a: Buster Bunny|0 fnt
|faint|p2a: Buster Bunny
|
|
|switch|p2a: Punch Buggy|Heracross-Mega, F|301\/301
|turn|33
|
|switch|p1a: Gliscor|Gliscor, M|333\/354 tox
|-damage|p1a: Gliscor|289\/354 tox|[from] Stealth Rock
|move|p2a: Punch Buggy|Rock Blast|p1a: Gliscor
|-damage|p1a: Gliscor|267\/354 tox
|-damage|p1a: Gliscor|242\/354 tox
|-damage|p1a: Gliscor|218\/354 tox
|-damage|p1a: Gliscor|195\/354 tox
|-damage|p1a: Gliscor|172\/354 tox
|-hitcount|p1a: Gliscor|5
|
|-heal|p1a: Gliscor|216\/354 tox|[from] ability: Poison Heal
|turn|34
|
|move|p2a: Punch Buggy|Bullet Seed|p1a: Gliscor
|-damage|p1a: Gliscor|191\/354 tox
|-damage|p1a: Gliscor|165\/354 tox
|-damage|p1a: Gliscor|138\/354 tox
|-damage|p1a: Gliscor|115\/354 tox
|-crit|p1a: Gliscor
|-damage|p1a: Gliscor|79\/354 tox
|-hitcount|p1a: Gliscor|5
|move|p1a: Gliscor|Toxic|p2a: Punch Buggy
|-status|p2a: Punch Buggy|tox
|
|-damage|p2a: Punch Buggy|283\/301 tox|[from] psn
|-heal|p1a: Gliscor|123\/354 tox|[from] ability: Poison Heal
|turn|35
|
|move|p1a: Gliscor|Protect|p1a: Gliscor
|-singleturn|p1a: Gliscor|Protect
|move|p2a: Punch Buggy|Bullet Seed|p1a: Gliscor
|-activate|p1a: Gliscor|Protect
|
|-damage|p2a: Punch Buggy|247\/301 tox|[from] psn
|-heal|p1a: Gliscor|167\/354 tox|[from] ability: Poison Heal
|turn|36
|
|switch|p1a: Weavile|Weavile, F|190\/281
|-damage|p1a: Weavile|120\/281|[from] Stealth Rock
|-ability|p1a: Weavile|Pressure
|move|p2a: Punch Buggy|Bullet Seed|p1a: Weavile
|-damage|p1a: Weavile|67\/281
|-damage|p1a: Weavile|15\/281
|-damage|p1a: Weavile|0 fnt
|-hitcount|p1a: Weavile|3
|faint|p1a: Weavile
|
|-damage|p2a: Punch Buggy|193\/301 tox|[from] psn
|
|switch|p1a: Dragonite|Dragonite, M|159\/323
|-damage|p1a: Dragonite|79\/323|[from] Stealth Rock
|turn|37
|
|move|p1a: Dragonite|Extreme Speed|p2a: Punch Buggy
|-damage|p2a: Punch Buggy|39\/301 tox
|move|p2a: Punch Buggy|Rock Blast|p1a: Dragonite
|-supereffective|p1a: Dragonite
|-damage|p1a: Dragonite|0 fnt
|-hitcount|p1a: Dragonite|1
|faint|p1a: Dragonite
|
|-damage|p2a: Punch Buggy|0 fnt|[from] psn
|faint|p2a: Punch Buggy
|
|switch|p2a: Jimmy Talon|Talonflame, M|323\/323
|switch|p1a: Gliscor|Gliscor, M|167\/354 tox
|-damage|p1a: Gliscor|123\/354 tox|[from] Stealth Rock
|turn|38
|
|move|p1a: Gliscor|Protect|p1a: Gliscor
|-singleturn|p1a: Gliscor|Protect
|move|p2a: Jimmy Talon|Swords Dance|p2a: Jimmy Talon
|-boost|p2a: Jimmy Talon|atk|2
|
|-heal|p1a: Gliscor|167\/354 tox|[from] ability: Poison Heal
|turn|39
|c|âWooliest Mammoth|shit lol
|
|move|p2a: Jimmy Talon|Brave Bird|p1a: Gliscor
|-damage|p1a: Gliscor|0 fnt
|-damage|p2a: Jimmy Talon|268\/323|[from] recoil|[of] p1a: Gliscor
|faint|p1a: Gliscor
|
|win|Why so Slowbruh?
|raw|Ladder updating...
|c|âWhy so Slowbruh?|:]
|raw|Wooliest Mammoth's rating: 1625 &rarr; <strong>1607<\/strong><br \/>(-18 for losing)
|raw|Why so Slowbruh?'s rating: 1662 &rarr; <strong>1680<\/strong><br \/>(+18 for winning)
|c|âWhy so Slowbruh?|gg
|c|âWooliest Mammoth|gg