|join|Wooliest Mammoth
|join|Hyper Synthetic
|player|p1|Wooliest Mammoth|101
|player|p2|Hyper Synthetic|276
|gametype|singles
|gen|6
|tier|OU
|rated
|clearpoke
|poke|p1|Dragonite, M
|poke|p1|Manectric, F
|poke|p1|Gliscor, M
|poke|p1|Infernape, F
|poke|p1|Weavile, M
|poke|p1|Tentacruel, F
|poke|p2|Jirachi
|poke|p2|Ampharos, M
|poke|p2|Azumarill, F
|poke|p2|Blissey, F
|poke|p2|Landorus, M
|poke|p2|Zapdos
|rule|Swagger Clause: Swagger is banned
|rule|Baton Pass Clause: Limit one PokÃ©mon knowing Baton Pass
|rule|Sleep Clause Mod: Limit one foe put to sleep
|rule|Species Clause: Limit one of each PokÃ©mon
|rule|OHKO Clause: OHKO moves are banned
|rule|Moody Clause: Moody is banned
|rule|Evasion Moves Clause: Evasion moves are banned
|rule|Endless Battle Clause: Forcing endless battles is banned
|rule|HP Percentage Mod: HP is shown in percentages
|teampreview
|
|start
|switch|p1a: Weavile|Weavile, M|281\/281
|switch|p2a: Azumarill|Azumarill, F|404\/404
|-ability|p1a: Weavile|Pressure
|turn|1
|
|switch|p1a: Tentacruel|Tentacruel, F|357\/357
|move|p2a: Azumarill|Play Rough|p1a: Tentacruel
|-resisted|p1a: Tentacruel
|-damage|p1a: Tentacruel|219\/357
|
|-heal|p1a: Tentacruel|241\/357|[from] item: Black Sludge
|turn|2
|
|switch|p2a: Jirachi|Jirachi|341\/341
|move|p1a: Tentacruel|Scald|p2a: Jirachi
|-damage|p2a: Jirachi|263\/341
|-status|p2a: Jirachi|brn
|
|-heal|p1a: Tentacruel|263\/357|[from] item: Black Sludge
|-damage|p2a: Jirachi|221\/341 brn|[from] brn
|turn|3
|join|colebasaur
|
|switch|p1a: Gliscor|Gliscor, M|354\/354
|move|p2a: Jirachi|Doom Desire|p1a: Gliscor
|-start|p2a: Jirachi|Doom Desire
|
|-damage|p2a: Jirachi|179\/341 brn|[from] brn
|-status|p1a: Gliscor|tox|[from] item: Toxic Orb
|turn|4
|
|switch|p2a: Blissey|Blissey, F|714\/714
|move|p1a: Gliscor|Knock Off|p2a: Blissey
|-crit|p2a: Blissey
|-damage|p2a: Blissey|503\/714
|-enditem|p2a: Blissey|Leftovers|[from] move: Knock Off|[of] p1a: Gliscor
|
|turn|5
|leave|colebasaur
|
|move|p1a: Gliscor|Protect|p1a: Gliscor
|-singleturn|p1a: Gliscor|Protect
|move|p2a: Blissey|Stealth Rock|p1a: Gliscor
|-sidestart|p1: Wooliest Mammoth|move: Stealth Rock
|
|-message|Doom Desire hit! (placeholder)
|-damage|p1a: Gliscor|0 fnt
|faint|p1a: Gliscor
|
|switch|p1a: Infernape|Infernape, F|293\/293
|-damage|p1a: Infernape|257\/293|[from] Stealth Rock
|turn|6
|
|move|p2a: Blissey|Protect|p2a: Blissey
|-singleturn|p2a: Blissey|Protect
|move|p1a: Infernape|Stealth Rock|p2a: Blissey
|-sidestart|p2: Hyper Synthetic|move: Stealth Rock
|
|turn|7
|
|switch|p2a: Zapdos|Zapdos|384\/384
|-damage|p2a: Zapdos|288\/384|[from] Stealth Rock
|-ability|p2a: Zapdos|Pressure
|move|p1a: Infernape|Close Combat|p2a: Zapdos
|-resisted|p2a: Zapdos
|-damage|p2a: Zapdos|213\/384
|-unboost|p1a: Infernape|def|1
|-unboost|p1a: Infernape|spd|1
|
|-heal|p2a: Zapdos|237\/384|[from] item: Leftovers
|turn|8
|
|switch|p1a: Manectric|Manectric, F|281\/281
|-damage|p1a: Manectric|246\/281|[from] Stealth Rock
|move|p2a: Zapdos|Defog|p1a: Manectric
|-unboost|p1a: Manectric|evasion|1
|-sideend|p1: Wooliest Mammoth|Stealth Rock|[from] move: Defog|[of] p1a: Manectric
|-sideend|p2: Hyper Synthetic|Stealth Rock|[from] move: Defog|[of] p2a: Zapdos
|
|-heal|p2a: Zapdos|261\/384|[from] item: Leftovers
|turn|9
|
|detailschange|p1a: Manectric|Manectric-Mega, F
|message|Manectric has Mega Evolved into Mega Manectric!
|-ability|p1a: Manectric|Intimidate|[of] p2a: Zapdos
|-unboost|p2a: Zapdos|atk|1
|move|p1a: Manectric|Hidden Power|p2a: Zapdos
|-supereffective|p2a: Zapdos
|-damage|p2a: Zapdos|101\/384
|move|p2a: Zapdos|Roost|p2a: Zapdos
|-heal|p2a: Zapdos|293\/384
|
|-heal|p2a: Zapdos|317\/384|[from] item: Leftovers
|turn|10
|
|move|p1a: Manectric|Hidden Power|p2a: Zapdos
|-supereffective|p2a: Zapdos
|-damage|p2a: Zapdos|157\/384
|move|p2a: Zapdos|Heat Wave|p1a: Manectric
|-damage|p1a: Manectric|133\/281
|-status|p1a: Manectric|brn
|
|-heal|p2a: Zapdos|181\/384|[from] item: Leftovers
|-damage|p1a: Manectric|98\/281 brn|[from] brn
|turn|11
|
|switch|p2a: Blissey|Blissey, F|503\/714
|move|p1a: Manectric|Hidden Power|p2a: Blissey
|-damage|p2a: Blissey|446\/714
|
|-damage|p1a: Manectric|63\/281 brn|[from] brn
|turn|12
|
|move|p1a: Manectric|Volt Switch|p2a: Blissey
|-damage|p2a: Blissey|347\/714
|
|switch|p1a: Infernape|Infernape, F|257\/293
|move|p2a: Blissey|Heal Bell|p2a: Blissey
|-cureteam|p2a: Blissey|[from] move: HealBell
|
|turn|13
|
|move|p1a: Infernape|Close Combat|p2a: Blissey
|-supereffective|p2a: Blissey
|-damage|p2a: Blissey|0 fnt
|-unboost|p1a: Infernape|def|1
|-unboost|p1a: Infernape|spd|1
|faint|p2a: Blissey
|
|
|switch|p2a: Landorus|Landorus, M|319\/319
|turn|14
|
|switch|p1a: Manectric|Manectric-Mega, F|63\/281 brn
|-ability|p1a: Manectric|Intimidate|[of] p2a: Landorus
|-unboost|p2a: Landorus|atk|1
|move|p2a: Landorus|Psychic|p1a: Manectric
|-damage|p1a: Manectric|0 fnt
|faint|p1a: Manectric
|
|
|switch|p1a: Weavile|Weavile, M|281\/281
|-ability|p1a: Weavile|Pressure
|turn|15
|
|switch|p2a: Azumarill|Azumarill, F|404\/404
|move|p1a: Weavile|Knock Off|p2a: Azumarill
|-resisted|p2a: Azumarill
|-damage|p2a: Azumarill|275\/404
|-enditem|p2a: Azumarill|Assault Vest|[from] move: Knock Off|[of] p1a: Weavile
|-damage|p1a: Weavile|253\/281|[from] item: Life Orb
|
|turn|16
|
|switch|p1a: Tentacruel|Tentacruel, F|263\/357
|move|p2a: Azumarill|Knock Off|p1a: Tentacruel
|-damage|p1a: Tentacruel|60\/357
|-enditem|p1a: Tentacruel|Black Sludge|[from] move: Knock Off|[of] p2a: Azumarill
|
|turn|17
|
|switch|p2a: Jirachi|Jirachi|179\/341
|move|p1a: Tentacruel|Scald|p2a: Jirachi
|-damage|p2a: Jirachi|106\/341
|
|turn|18
|
|move|p2a: Jirachi|Draco Meteor|p1a: Tentacruel
|-crit|p1a: Tentacruel
|-damage|p1a: Tentacruel|0 fnt
|-unboost|p2a: Jirachi|spa|2
|faint|p1a: Tentacruel
|
|c|âHyper Synthetic|im literally
|c|âHyper Synthetic|about to shit myself
|c|âHyper Synthetic|you win
|-message|Hyper Synthetic forfeited.
|
|win|Wooliest Mammoth
|raw|Ladder updating...
|leave|Hyper Synthetic
|player|p2
|raw|Wooliest Mammoth's rating: 1413 &rarr; <strong>1431<\/strong><br \/>(+18 for winning)
|raw|Hyper Synthetic's rating: 1366 &rarr; <strong>1349<\/strong><br \/>(-17 for losing)