|join|The Big Spoon
|join|Wooliest Mammoth
|player|p1|The Big Spoon|169
|player|p2|Wooliest Mammoth|101
|gametype|singles
|gen|6
|tier|OU
|rated
|clearpoke
|poke|p1|Heatran, M
|poke|p1|Latios, M
|poke|p1|Conkeldurr, F
|poke|p1|Landorus-Therian, M
|poke|p1|Azumarill, F
|poke|p1|Rotom-Wash
|poke|p2|Dragonite, F
|poke|p2|Manectric, M
|poke|p2|Gliscor, M
|poke|p2|Infernape, M
|poke|p2|Weavile, M
|poke|p2|Tentacruel, F
|rule|Swagger Clause: Swagger is banned
|rule|Baton Pass Clause: Limit one PokÃ©mon knowing Baton Pass
|rule|Sleep Clause Mod: Limit one foe put to sleep
|rule|Species Clause: Limit one of each PokÃ©mon
|rule|OHKO Clause: OHKO moves are banned
|rule|Moody Clause: Moody is banned
|rule|Evasion Moves Clause: Evasion moves are banned
|rule|Endless Battle Clause: Forcing endless battles is banned
|rule|HP Percentage Mod: HP is shown in percentages
|teampreview
|
|start
|switch|p1a: Landorus-Therian|Landorus-Therian, M|320\/320
|switch|p2a: Infernape|Infernape, M|293\/293
|-ability|p1a: Landorus-Therian|Intimidate|[of] p2a: Infernape
|-unboost|p2a: Infernape|atk|1
|turn|1
|
|move|p1a: Landorus-Therian|U-turn|p2a: Infernape
|-resisted|p2a: Infernape
|-damage|p2a: Infernape|263\/293
|
|switch|p1a: Azumarill|Azumarill, F|404\/404
|move|p2a: Infernape|Stealth Rock|p1a: Azumarill
|-sidestart|p1: The Big Spoon|move: Stealth Rock
|
|turn|2
|
|switch|p2a: Tentacruel|Tentacruel, F|357\/357
|move|p1a: Azumarill|Waterfall|p2a: Tentacruel
|-resisted|p2a: Tentacruel
|-damage|p2a: Tentacruel|188\/357
|
|-heal|p2a: Tentacruel|210\/357|[from] item: Black Sludge
|turn|3
|
|switch|p1a: Rotom-Wash|Rotom-Wash|304\/304
|-damage|p1a: Rotom-Wash|266\/304|[from] Stealth Rock
|move|p2a: Tentacruel|Scald|p1a: Rotom-Wash
|-crit|p1a: Rotom-Wash
|-resisted|p1a: Rotom-Wash
|-damage|p1a: Rotom-Wash|211\/304
|-status|p1a: Rotom-Wash|brn
|
|-heal|p2a: Tentacruel|232\/357|[from] item: Black Sludge
|-damage|p1a: Rotom-Wash|173\/304 brn|[from] brn
|turn|4
|
|move|p2a: Tentacruel|Sludge Bomb|p1a: Rotom-Wash
|-damage|p1a: Rotom-Wash|92\/304 brn
|move|p1a: Rotom-Wash|Volt Switch|p2a: Tentacruel
|-supereffective|p2a: Tentacruel
|-damage|p2a: Tentacruel|128\/357
|
|switch|p1a: Landorus-Therian|Landorus-Therian, M|320\/320
|-damage|p1a: Landorus-Therian|280\/320|[from] Stealth Rock
|-ability|p1a: Landorus-Therian|Intimidate|[of] p2a: Tentacruel
|-unboost|p2a: Tentacruel|atk|1
|
|-heal|p2a: Tentacruel|150\/357|[from] item: Black Sludge
|turn|5
|
|switch|p2a: Gliscor|Gliscor, M|354\/354
|move|p1a: Landorus-Therian|U-turn|p2a: Gliscor
|-resisted|p2a: Gliscor
|-damage|p2a: Gliscor|326\/354
|
|switch|p1a: Rotom-Wash|Rotom-Wash|92\/304 brn
|-damage|p1a: Rotom-Wash|54\/304 brn|[from] Stealth Rock
|
|-damage|p1a: Rotom-Wash|16\/304 brn|[from] brn
|-status|p2a: Gliscor|tox|[from] item: Toxic Orb
|turn|6
|
|move|p2a: Gliscor|Protect|p2a: Gliscor
|-singleturn|p2a: Gliscor|Protect
|move|p1a: Rotom-Wash|Rest|p1a: Rotom-Wash
|-status|p1a: Rotom-Wash|slp
|-heal|p1a: Rotom-Wash|304\/304 slp|[silent]
|-status|p1a: Rotom-Wash|slp|[from] move: Rest
|-enditem|p1a: Rotom-Wash|Chesto Berry|[eat]
|-curestatus|p1a: Rotom-Wash|slp
|
|-heal|p2a: Gliscor|354\/354 tox|[from] ability: Poison Heal
|turn|7
|
|switch|p2a: Tentacruel|Tentacruel, F|150\/357
|move|p1a: Rotom-Wash|Hydro Pump|p2a: Tentacruel
|-resisted|p2a: Tentacruel
|-damage|p2a: Tentacruel|105\/357
|
|-heal|p2a: Tentacruel|127\/357|[from] item: Black Sludge
|turn|8
|
|move|p2a: Tentacruel|Sludge Bomb|p1a: Rotom-Wash
|-damage|p1a: Rotom-Wash|228\/304
|-status|p1a: Rotom-Wash|psn
|move|p1a: Rotom-Wash|Volt Switch|p2a: Tentacruel
|-supereffective|p2a: Tentacruel
|-damage|p2a: Tentacruel|23\/357
|
|switch|p1a: Landorus-Therian|Landorus-Therian, M|280\/320
|-damage|p1a: Landorus-Therian|240\/320|[from] Stealth Rock
|-ability|p1a: Landorus-Therian|Intimidate|[of] p2a: Tentacruel
|-unboost|p2a: Tentacruel|atk|1
|
|-heal|p2a: Tentacruel|45\/357|[from] item: Black Sludge
|turn|9
|
|move|p1a: Landorus-Therian|U-turn|p2a: Tentacruel
|-resisted|p2a: Tentacruel
|-damage|p2a: Tentacruel|0 fnt
|faint|p2a: Tentacruel
|
|switch|p1a: Rotom-Wash|Rotom-Wash|228\/304 psn
|-damage|p1a: Rotom-Wash|190\/304 psn|[from] Stealth Rock
|
|-damage|p1a: Rotom-Wash|152\/304 psn|[from] psn
|
|switch|p2a: Manectric|Manectric, M|281\/281
|turn|10
|
|switch|p1a: Heatran|Heatran, M|386\/386
|-damage|p1a: Heatran|338\/386|[from] Stealth Rock
|move|p2a: Manectric|Hidden Power|p1a: Heatran
|-resisted|p1a: Heatran
|-damage|p1a: Heatran|327\/386
|
|-heal|p1a: Heatran|351\/386|[from] item: Leftovers
|turn|11
|
|detailschange|p2a: Manectric|Manectric-Mega, M
|message|Manectric has Mega Evolved into Mega Manectric!
|-ability|p2a: Manectric|Intimidate|[of] p1a: Heatran
|-unboost|p1a: Heatran|atk|1
|move|p2a: Manectric|Volt Switch|p1a: Heatran
|-damage|p1a: Heatran|261\/386
|
|switch|p2a: Gliscor|Gliscor, M|354\/354 tox
|move|p1a: Heatran|Stealth Rock|p2a: Gliscor
|-sidestart|p2: Wooliest Mammoth|move: Stealth Rock
|
|-heal|p1a: Heatran|285\/386|[from] item: Leftovers
|turn|12
|
|switch|p1a: Rotom-Wash|Rotom-Wash|152\/304 psn
|-damage|p1a: Rotom-Wash|114\/304 psn|[from] Stealth Rock
|move|p2a: Gliscor|Knock Off|p1a: Rotom-Wash
|-damage|p1a: Rotom-Wash|77\/304 psn
|
|-damage|p1a: Rotom-Wash|39\/304 psn|[from] psn
|turn|13
|
|switch|p2a: Manectric|Manectric-Mega, M|281\/281
|-damage|p2a: Manectric|246\/281|[from] Stealth Rock
|-ability|p2a: Manectric|Intimidate|[of] p1a: Rotom-Wash
|-unboost|p1a: Rotom-Wash|atk|1
|move|p1a: Rotom-Wash|Hydro Pump|p2a: Manectric
|-damage|p2a: Manectric|74\/281
|
|-damage|p1a: Rotom-Wash|1\/304 psn|[from] psn
|turn|14
|
|move|p2a: Manectric|Hidden Power|p1a: Rotom-Wash
|-resisted|p1a: Rotom-Wash
|-damage|p1a: Rotom-Wash|0 fnt
|faint|p1a: Rotom-Wash
|
|
|switch|p1a: Landorus-Therian|Landorus-Therian, M|240\/320
|-damage|p1a: Landorus-Therian|200\/320|[from] Stealth Rock
|-ability|p1a: Landorus-Therian|Intimidate|[of] p2a: Manectric
|-unboost|p2a: Manectric|atk|1
|turn|15
|
|switch|p2a: Gliscor|Gliscor, M|354\/354 tox
|-damage|p2a: Gliscor|310\/354 tox|[from] Stealth Rock
|move|p1a: Landorus-Therian|U-turn|p2a: Gliscor
|-resisted|p2a: Gliscor
|-damage|p2a: Gliscor|283\/354 tox
|
|switch|p1a: Azumarill|Azumarill, F|404\/404
|-damage|p1a: Azumarill|354\/404|[from] Stealth Rock
|
|-heal|p2a: Gliscor|327\/354 tox|[from] ability: Poison Heal
|turn|16
|
|move|p2a: Gliscor|Knock Off|p1a: Azumarill
|-resisted|p1a: Azumarill
|-damage|p1a: Azumarill|309\/404
|-enditem|p1a: Azumarill|Choice Band|[from] move: Knock Off|[of] p2a: Gliscor
|move|p1a: Azumarill|Waterfall|p2a: Gliscor
|-supereffective|p2a: Gliscor
|-damage|p2a: Gliscor|121\/354 tox
|
|-heal|p2a: Gliscor|165\/354 tox|[from] ability: Poison Heal
|turn|17
|
|move|p2a: Gliscor|Protect|p2a: Gliscor
|-singleturn|p2a: Gliscor|Protect
|move|p1a: Azumarill|Waterfall|p2a: Gliscor
|-activate|p2a: Gliscor|Protect
|
|-heal|p2a: Gliscor|209\/354 tox|[from] ability: Poison Heal
|turn|18
|
|switch|p2a: Manectric|Manectric-Mega, M|74\/281
|-damage|p2a: Manectric|39\/281|[from] Stealth Rock
|-ability|p2a: Manectric|Intimidate|[of] p1a: Azumarill
|-unboost|p1a: Azumarill|atk|1
|move|p1a: Azumarill|Waterfall|p2a: Manectric
|-damage|p2a: Manectric|0 fnt
|faint|p2a: Manectric
|
|
|switch|p2a: Gliscor|Gliscor, M|209\/354 tox
|-damage|p2a: Gliscor|165\/354 tox|[from] Stealth Rock
|turn|19
|
|move|p2a: Gliscor|Protect|p2a: Gliscor
|-singleturn|p2a: Gliscor|Protect
|move|p1a: Azumarill|Waterfall|p2a: Gliscor
|-activate|p2a: Gliscor|Protect
|
|-heal|p2a: Gliscor|209\/354 tox|[from] ability: Poison Heal
|turn|20
|
|move|p2a: Gliscor|Earthquake|p1a: Azumarill
|-damage|p1a: Azumarill|176\/404
|move|p1a: Azumarill|Waterfall|p2a: Gliscor
|-supereffective|p2a: Gliscor
|-damage|p2a: Gliscor|69\/354 tox
|
|-heal|p2a: Gliscor|113\/354 tox|[from] ability: Poison Heal
|turn|21
|
|move|p2a: Gliscor|Protect|p2a: Gliscor
|-singleturn|p2a: Gliscor|Protect
|move|p1a: Azumarill|Waterfall|p2a: Gliscor
|-activate|p2a: Gliscor|Protect
|
|-heal|p2a: Gliscor|157\/354 tox|[from] ability: Poison Heal
|turn|22
|
|move|p2a: Gliscor|Earthquake|p1a: Azumarill
|-damage|p1a: Azumarill|28\/404
|move|p1a: Azumarill|Waterfall|p2a: Gliscor
|-supereffective|p2a: Gliscor
|-damage|p2a: Gliscor|19\/354 tox
|
|-heal|p2a: Gliscor|63\/354 tox|[from] ability: Poison Heal
|turn|23
|
|move|p2a: Gliscor|Protect|p2a: Gliscor
|-singleturn|p2a: Gliscor|Protect
|move|p1a: Azumarill|Aqua Jet|p2a: Gliscor
|-activate|p2a: Gliscor|Protect
|
|-heal|p2a: Gliscor|107\/354 tox|[from] ability: Poison Heal
|turn|24
|
|move|p2a: Gliscor|Knock Off|p1a: Azumarill
|-resisted|p1a: Azumarill
|-damage|p1a: Azumarill|0 fnt
|faint|p1a: Azumarill
|
|-heal|p2a: Gliscor|151\/354 tox|[from] ability: Poison Heal
|
|switch|p1a: Conkeldurr|Conkeldurr, F|414\/414
|-damage|p1a: Conkeldurr|389\/414|[from] Stealth Rock
|turn|25
|
|move|p2a: Gliscor|Protect|p2a: Gliscor
|-singleturn|p2a: Gliscor|Protect
|move|p1a: Conkeldurr|Ice Punch|p2a: Gliscor
|-activate|p2a: Gliscor|Protect
|
|-heal|p2a: Gliscor|195\/354 tox|[from] ability: Poison Heal
|turn|26
|
|switch|p2a: Infernape|Infernape, M|263\/293
|-damage|p2a: Infernape|227\/293|[from] Stealth Rock
|move|p1a: Conkeldurr|Ice Punch|p2a: Infernape
|-resisted|p2a: Infernape
|-damage|p2a: Infernape|163\/293
|
|turn|27
|
|switch|p1a: Heatran|Heatran, M|285\/386
|-damage|p1a: Heatran|237\/386|[from] Stealth Rock
|move|p2a: Infernape|Close Combat|p1a: Heatran
|-supereffective|p1a: Heatran
|-damage|p1a: Heatran|0 fnt
|-unboost|p2a: Infernape|def|1
|-unboost|p2a: Infernape|spd|1
|faint|p1a: Heatran
|
|
|switch|p1a: Latios|Latios, M|302\/302
|-damage|p1a: Latios|265\/302|[from] Stealth Rock
|turn|28
|
|move|p1a: Latios|Draco Meteor|p2a: Infernape
|-damage|p2a: Infernape|0 fnt
|-unboost|p1a: Latios|spa|2
|faint|p2a: Infernape
|
|
|switch|p2a: Weavile|Weavile, M|281\/281
|-damage|p2a: Weavile|211\/281|[from] Stealth Rock
|-ability|p2a: Weavile|Pressure
|turn|29
|
|switch|p1a: Conkeldurr|Conkeldurr, F|389\/414
|-damage|p1a: Conkeldurr|364\/414|[from] Stealth Rock
|move|p2a: Weavile|Knock Off|p1a: Conkeldurr
|-resisted|p1a: Conkeldurr
|-damage|p1a: Conkeldurr|255\/414
|-enditem|p1a: Conkeldurr|Assault Vest|[from] move: Knock Off|[of] p2a: Weavile
|-damage|p2a: Weavile|183\/281|[from] item: Life Orb
|
|turn|30
|
|switch|p2a: Gliscor|Gliscor, M|195\/354 tox
|-damage|p2a: Gliscor|151\/354 tox|[from] Stealth Rock
|move|p1a: Conkeldurr|Ice Punch|p2a: Gliscor
|-supereffective|p2a: Gliscor
|-damage|p2a: Gliscor|0 fnt
|faint|p2a: Gliscor
|
|
|switch|p2a: Dragonite|Dragonite, F|323\/323
|-damage|p2a: Dragonite|243\/323|[from] Stealth Rock
|turn|31
|
|switch|p1a: Landorus-Therian|Landorus-Therian, M|200\/320
|-damage|p1a: Landorus-Therian|160\/320|[from] Stealth Rock
|-ability|p1a: Landorus-Therian|Intimidate|[of] p2a: Dragonite
|-unboost|p2a: Dragonite|atk|1
|move|p2a: Dragonite|Outrage|p1a: Landorus-Therian
|-damage|p1a: Landorus-Therian|0 fnt
|faint|p1a: Landorus-Therian
|
|
|switch|p1a: Latios|Latios, M|265\/302
|-damage|p1a: Latios|228\/302|[from] Stealth Rock
|turn|32
|
|move|p1a: Latios|Draco Meteor|p2a: Dragonite
|-crit|p2a: Dragonite
|-supereffective|p2a: Dragonite
|-damage|p2a: Dragonite|0 fnt
|-unboost|p1a: Latios|spa|2
|faint|p2a: Dragonite
|
|
|switch|p2a: Weavile|Weavile, M|183\/281
|-damage|p2a: Weavile|113\/281|[from] Stealth Rock
|-ability|p2a: Weavile|Pressure
|turn|33
|
|move|p2a: Weavile|Ice Punch|p1a: Latios
|-crit|p1a: Latios
|-supereffective|p1a: Latios
|-damage|p1a: Latios|0 fnt
|-damage|p2a: Weavile|85\/281|[from] item: Life Orb
|faint|p1a: Latios
|
|
|switch|p1a: Conkeldurr|Conkeldurr, F|255\/414
|-damage|p1a: Conkeldurr|230\/414|[from] Stealth Rock
|turn|34
|
|move|p1a: Conkeldurr|Mach Punch|p2a: Weavile
|-crit|p2a: Weavile
|-supereffective|p2a: Weavile
|-damage|p2a: Weavile|0 fnt
|faint|p2a: Weavile
|
|win|The Big Spoon
|raw|Ladder updating...
|raw|The Big Spoon's rating: 1543 &rarr; <strong>1559<\/strong><br \/>(+16 for winning)
|raw|Wooliest Mammoth's rating: 1470 &rarr; <strong>1454<\/strong><br \/>(-16 for losing)
|leave|The Big Spoon
|player|p1