|join|characato
|join|Wooliest Mammoth
|player|p1|characato|87
|player|p2|Wooliest Mammoth|101
|gametype|singles
|gen|6
|tier|OU
|rated
|clearpoke
|poke|p1|Scizor, M
|poke|p1|Donphan, F
|poke|p1|Sylveon, M
|poke|p1|Pinsir, M
|poke|p1|Latios, M
|poke|p1|Luxray, F
|poke|p2|Dragonite, M
|poke|p2|Manectric, M
|poke|p2|Gliscor, F
|poke|p2|Infernape, M
|poke|p2|Weavile, M
|poke|p2|Tentacruel, F
|rule|Swagger Clause: Swagger is banned
|rule|Baton Pass Clause: Limit one PokÃ©mon knowing Baton Pass
|rule|Sleep Clause Mod: Limit one foe put to sleep
|rule|Species Clause: Limit one of each PokÃ©mon
|rule|OHKO Clause: OHKO moves are banned
|rule|Moody Clause: Moody is banned
|rule|Evasion Moves Clause: Evasion moves are banned
|rule|Endless Battle Clause: Forcing endless battles is banned
|rule|HP Percentage Mod: HP is shown in percentages
|teampreview
|
|start
|switch|p1a: Donphan|Donphan, F|384\/384
|switch|p2a: Infernape|Infernape, M|293\/293
|turn|1
|
|move|p2a: Infernape|Stealth Rock|p1a: Donphan
|-sidestart|p1: characato|move: Stealth Rock
|move|p1a: Donphan|Stealth Rock|p2a: Infernape
|-sidestart|p2: Wooliest Mammoth|move: Stealth Rock
|
|turn|2
|
|switch|p2a: Gliscor|Gliscor, F|354\/354
|-damage|p2a: Gliscor|310\/354|[from] Stealth Rock
|move|p1a: Donphan|Earthquake|p2a: Gliscor
|-immune|p2a: Gliscor|[msg]
|
|-status|p2a: Gliscor|tox|[from] item: Toxic Orb
|turn|3
|
|move|p2a: Gliscor|Knock Off|p1a: Donphan
|-damage|p1a: Donphan|338\/384
|-damage|p2a: Gliscor|251\/354 tox|[from] item: Rocky Helmet|[of] p1a: Donphan
|-enditem|p1a: Donphan|Rocky Helmet|[from] move: Knock Off|[of] p2a: Gliscor
|move|p1a: Donphan|Roar|p2a: Gliscor
|drag|p2a: Dragonite|Dragonite, M|323\/323
|-damage|p2a: Dragonite|243\/323|[from] Stealth Rock
|
|turn|4
|
|move|p2a: Dragonite|Outrage|p1a: Donphan
|-damage|p1a: Donphan|113\/384
|move|p1a: Donphan|Rapid Spin|p2a: Dragonite
|-damage|p2a: Dragonite|222\/323
|-sideend|p1: characato|Stealth Rock|[from] move: Rapid Spin|[of] p1a: Donphan
|
|turn|5
|
|switch|p1a: Luxray|Luxray, F|364\/364
|-ability|p1a: Luxray|Intimidate|[of] p2a: Dragonite
|-unboost|p2a: Dragonite|atk|1
|move|p2a: Dragonite|Outrage|p1a: Luxray
|-damage|p1a: Luxray|127\/364
|-enditem|p1a: Luxray|Sitrus Berry|[eat]
|-heal|p1a: Luxray|218\/364|[from] item: Sitrus Berry
|
|turn|6
|
|move|p2a: Dragonite|Outrage|p1a: Luxray
|-damage|p1a: Luxray|0 fnt
|faint|p1a: Luxray
|
|-end|p2a: Dragonite|rampage
|-start|p2a: Dragonite|confusion
|
|switch|p1a: Latios|Latios, M|301\/301
|turn|7
|
|switch|p2a: Tentacruel|Tentacruel, F|357\/357
|-damage|p2a: Tentacruel|313\/357|[from] Stealth Rock
|move|p1a: Latios|Draco Meteor|p2a: Tentacruel
|-damage|p2a: Tentacruel|101\/357
|-unboost|p1a: Latios|spa|2
|-damage|p1a: Latios|271\/301|[from] item: Life Orb
|
|-heal|p2a: Tentacruel|123\/357|[from] item: Black Sludge
|turn|8
|
|switch|p2a: Weavile|Weavile, M|281\/281
|-damage|p2a: Weavile|211\/281|[from] Stealth Rock
|-ability|p2a: Weavile|Pressure
|move|p1a: Latios|Draco Meteor|p2a: Weavile
|-damage|p2a: Weavile|34\/281
|-unboost|p1a: Latios|spa|2
|-damage|p1a: Latios|241\/301|[from] item: Life Orb
|
|turn|9
|
|switch|p1a: Scizor|Scizor, M|344\/344
|move|p2a: Weavile|Knock Off|p1a: Scizor
|-damage|p1a: Scizor|132\/344
|-enditem|p1a: Scizor|Choice Band|[from] move: Knock Off|[of] p2a: Weavile
|-damage|p2a: Weavile|6\/281|[from] item: Life Orb
|
|turn|10
|
|move|p2a: Weavile|Ice Shard|p1a: Scizor
|-resisted|p1a: Scizor
|-damage|p1a: Scizor|89\/344
|-damage|p2a: Weavile|0 fnt|[from] item: Life Orb
|faint|p2a: Weavile
|move|p1a: Scizor|U-turn|p2: Weavile|[notarget]
|-notarget
|
|
|switch|p2a: Gliscor|Gliscor, F|251\/354 tox
|-damage|p2a: Gliscor|207\/354 tox|[from] Stealth Rock
|turn|11
|
|switch|p1a: Donphan|Donphan, F|113\/384
|move|p2a: Gliscor|Protect|p2a: Gliscor
|-fail|p2a: Gliscor
|
|-heal|p2a: Gliscor|251\/354 tox|[from] ability: Poison Heal
|turn|12
|
|move|p2a: Gliscor|Protect|p2a: Gliscor
|-singleturn|p2a: Gliscor|Protect
|move|p1a: Donphan|Roar|p2a: Gliscor
|drag|p2a: Manectric|Manectric, M|281\/281
|-damage|p2a: Manectric|246\/281|[from] Stealth Rock
|
|turn|13
|
|switch|p1a: Sylveon|Sylveon, M|394\/394
|detailschange|p2a: Manectric|Manectric-Mega, M
|message|Manectric has Mega Evolved into Mega Manectric!
|-ability|p2a: Manectric|Intimidate|[of] p1a: Sylveon
|-unboost|p1a: Sylveon|atk|1
|move|p2a: Manectric|Hidden Power|p1a: Sylveon
|-damage|p1a: Sylveon|349\/394
|
|-heal|p1a: Sylveon|373\/394|[from] item: Leftovers
|turn|14
|
|move|p2a: Manectric|Volt Switch|p1a: Sylveon
|-damage|p1a: Sylveon|297\/394
|
|switch|p2a: Tentacruel|Tentacruel, F|123\/357
|-damage|p2a: Tentacruel|79\/357|[from] Stealth Rock
|move|p1a: Sylveon|Wish|p1a: Sylveon
|
|-heal|p2a: Tentacruel|101\/357|[from] item: Black Sludge
|-heal|p1a: Sylveon|321\/394|[from] item: Leftovers
|turn|15
|
|switch|p1a: Scizor|Scizor, M|89\/344
|move|p2a: Tentacruel|Rapid Spin|p1a: Scizor
|-resisted|p1a: Scizor
|-damage|p1a: Scizor|84\/344
|-sideend|p2: Wooliest Mammoth|Stealth Rock|[from] move: Rapid Spin|[of] p2a: Tentacruel
|
|-heal|p1a: Scizor|281\/344|[from] move: Wish|[wisher] Sylveon
|-heal|p2a: Tentacruel|123\/357|[from] item: Black Sludge
|turn|16
|
|switch|p2a: Gliscor|Gliscor, F|251\/354 tox
|move|p1a: Scizor|U-turn|p2a: Gliscor
|-resisted|p2a: Gliscor
|-damage|p2a: Gliscor|212\/354 tox
|
|switch|p1a: Pinsir|Pinsir, M|271\/271
|
|-heal|p2a: Gliscor|256\/354 tox|[from] ability: Poison Heal
|turn|17
|
|detailschange|p1a: Pinsir|Pinsir-Mega, M
|message|Pinsir has Mega Evolved into Mega Pinsir!
|move|p1a: Pinsir|Substitute|p1a: Pinsir
|-start|p1a: Pinsir|Substitute
|-damage|p1a: Pinsir|204\/271
|move|p2a: Gliscor|Toxic|p1a: Pinsir
|
|-heal|p2a: Gliscor|300\/354 tox|[from] ability: Poison Heal
|turn|18
|
|switch|p2a: Tentacruel|Tentacruel, F|123\/357
|move|p1a: Pinsir|Return|p2a: Tentacruel
|-damage|p2a: Tentacruel|0 fnt
|faint|p2a: Tentacruel
|
|
|switch|p2a: Manectric|Manectric-Mega, M|246\/281
|-activate|p1a: Pinsir|Substitute|ability: Intimidate|[of] p2a: Manectric
|turn|19
|
|move|p2a: Manectric|Volt Switch|p1a: Pinsir
|-supereffective|p1a: Pinsir
|-end|p1a: Pinsir|Substitute
|
|switch|p2a: Gliscor|Gliscor, F|300\/354 tox
|move|p1a: Pinsir|Close Combat|p2a: Gliscor
|-resisted|p2a: Gliscor
|-damage|p2a: Gliscor|247\/354 tox
|-unboost|p1a: Pinsir|def|1
|-unboost|p1a: Pinsir|spd|1
|
|-heal|p2a: Gliscor|291\/354 tox|[from] ability: Poison Heal
|turn|20
|
|switch|p2a: Manectric|Manectric-Mega, M|246\/281
|-ability|p2a: Manectric|Intimidate|[of] p1a: Pinsir
|-unboost|p1a: Pinsir|atk|1
|move|p1a: Pinsir|Substitute|p1a: Pinsir
|-start|p1a: Pinsir|Substitute
|-damage|p1a: Pinsir|137\/271
|
|turn|21
|
|move|p2a: Manectric|Volt Switch|p1a: Pinsir
|-supereffective|p1a: Pinsir
|-end|p1a: Pinsir|Substitute
|
|switch|p2a: Gliscor|Gliscor, F|291\/354 tox
|move|p1a: Pinsir|Return|p2a: Gliscor
|-damage|p2a: Gliscor|174\/354 tox
|
|-heal|p2a: Gliscor|218\/354 tox|[from] ability: Poison Heal
|turn|22
|
|switch|p1a: Sylveon|Sylveon, M|321\/394
|move|p2a: Gliscor|Knock Off|p1a: Sylveon
|-resisted|p1a: Sylveon
|-damage|p1a: Sylveon|268\/394
|-enditem|p1a: Sylveon|Leftovers|[from] move: Knock Off|[of] p2a: Gliscor
|
|-heal|p2a: Gliscor|262\/354 tox|[from] ability: Poison Heal
|turn|23
|
|move|p2a: Gliscor|Toxic|p1a: Sylveon|[miss]
|-miss|p2a: Gliscor|p1a: Sylveon
|move|p1a: Sylveon|Hyper Voice|p2a: Gliscor
|-crit|p2a: Gliscor
|-damage|p2a: Gliscor|0 fnt
|faint|p2a: Gliscor
|
|
|switch|p2a: Infernape|Infernape, M|293\/293
|turn|24
|
|move|p1a: Sylveon|Protect|p1a: Sylveon
|-singleturn|p1a: Sylveon|Protect
|move|p2a: Infernape|Close Combat|p1a: Sylveon
|-activate|p1a: Sylveon|Protect
|
|turn|25
|
|switch|p1a: Latios|Latios, M|241\/301
|move|p2a: Infernape|Close Combat|p1a: Latios
|-resisted|p1a: Latios
|-damage|p1a: Latios|136\/301
|-unboost|p2a: Infernape|def|1
|-unboost|p2a: Infernape|spd|1
|
|turn|26
|
|switch|p2a: Dragonite|Dragonite, M|222\/323
|move|p1a: Latios|Psyshock|p2a: Dragonite
|-damage|p2a: Dragonite|2\/323
|-damage|p1a: Latios|106\/301|[from] item: Life Orb
|
|turn|27
|
|switch|p1a: Scizor|Scizor, M|281\/344
|move|p2a: Dragonite|Extreme Speed|p1a: Scizor
|-resisted|p1a: Scizor
|-damage|p1a: Scizor|206\/344
|
|turn|28
|
|switch|p2a: Manectric|Manectric-Mega, M|246\/281
|-ability|p2a: Manectric|Intimidate|[of] p1a: Scizor
|-unboost|p1a: Scizor|atk|1
|move|p1a: Scizor|U-turn|p2a: Manectric
|-damage|p2a: Manectric|137\/281
|
|switch|p1a: Sylveon|Sylveon, M|268\/394
|
|turn|29
|
|move|p2a: Manectric|Volt Switch|p1a: Sylveon
|-damage|p1a: Sylveon|192\/394
|
|switch|p2a: Dragonite|Dragonite, M|2\/323
|move|p1a: Sylveon|Hyper Voice|p2a: Dragonite
|-supereffective|p2a: Dragonite
|-damage|p2a: Dragonite|0 fnt
|faint|p2a: Dragonite
|
|
|switch|p2a: Infernape|Infernape, M|293\/293
|turn|30
|
|switch|p1a: Donphan|Donphan, F|113\/384
|move|p2a: Infernape|Stealth Rock|p1a: Donphan
|-sidestart|p1: characato|move: Stealth Rock
|
|turn|31
|
|move|p2a: Infernape|Fire Blast|p1a: Donphan
|-damage|p1a: Donphan|0 fnt
|faint|p1a: Donphan
|
|
|switch|p1a: Scizor|Scizor, M|206\/344
|-damage|p1a: Scizor|163\/344|[from] Stealth Rock
|turn|32
|c|âcharacato|focus sash eh...
|
|switch|p2a: Manectric|Manectric-Mega, M|137\/281
|-ability|p2a: Manectric|Intimidate|[of] p1a: Scizor
|-unboost|p1a: Scizor|atk|1
|move|p1a: Scizor|Bullet Punch|p2a: Manectric
|-resisted|p2a: Manectric
|-damage|p2a: Manectric|91\/281
|
|turn|33
|c|âWooliest Mammoth|yeah
|
|switch|p1a: Latios|Latios, M|106\/301
|-damage|p1a: Latios|69\/301|[from] Stealth Rock
|move|p2a: Manectric|Overheat|p1a: Latios|[miss]
|-miss|p2a: Manectric|p1a: Latios
|
|turn|34
|
|move|p2a: Manectric|Hidden Power|p1a: Latios
|-supereffective|p1a: Latios
|-damage|p1a: Latios|0 fnt
|faint|p1a: Latios
|
|
|switch|p1a: Sylveon|Sylveon, M|192\/394
|-damage|p1a: Sylveon|143\/394|[from] Stealth Rock
|turn|35
|
|move|p2a: Manectric|Volt Switch|p1a: Sylveon
|-damage|p1a: Sylveon|68\/394
|
|switch|p2a: Infernape|Infernape, M|293\/293
|move|p1a: Sylveon|Hyper Voice|p2a: Infernape
|-crit|p2a: Infernape
|-enditem|p2a: Infernape|Focus Sash
|-damage|p2a: Infernape|1\/293
|
|turn|36
|
|move|p2a: Infernape|Close Combat|p1a: Sylveon
|-resisted|p1a: Sylveon
|-damage|p1a: Sylveon|0 fnt
|-unboost|p2a: Infernape|def|1
|-unboost|p2a: Infernape|spd|1
|faint|p1a: Sylveon
|
|
|switch|p1a: Pinsir|Pinsir-Mega, M|137\/271
|-damage|p1a: Pinsir|2\/271|[from] Stealth Rock
|turn|37
|
|move|p2a: Infernape|Mach Punch|p1a: Pinsir
|-resisted|p1a: Pinsir
|-damage|p1a: Pinsir|0 fnt
|faint|p1a: Pinsir
|
|
|switch|p1a: Scizor|Scizor, M|163\/344
|-damage|p1a: Scizor|120\/344|[from] Stealth Rock
|turn|38
|c|âcharacato|damn
|
|move|p2a: Infernape|Mach Punch|p1a: Scizor
|-damage|p1a: Scizor|53\/344
|move|p1a: Scizor|Bullet Punch|p2a: Infernape
|-resisted|p2a: Infernape
|-damage|p2a: Infernape|0 fnt
|faint|p2a: Infernape
|
|c|âWooliest Mammoth|you don't have quick attack?
|
|switch|p2a: Manectric|Manectric-Mega, M|91\/281
|-ability|p2a: Manectric|Intimidate|[of] p1a: Scizor
|-unboost|p1a: Scizor|atk|1
|turn|39
|c|âcharacato|of course
|c|âcharacato|i have to calc that move
|c|âcharacato|u r faster
|
|move|p2a: Manectric|Thunderbolt|p1a: Scizor
|-damage|p1a: Scizor|0 fnt
|faint|p1a: Scizor
|
|win|Wooliest Mammoth
|raw|Ladder updating...
|raw|characato's rating: 1389 &rarr; <strong>1369<\/strong><br \/>(-20 for losing)
|raw|Wooliest Mammoth's rating: 1396 &rarr; <strong>1415<\/strong><br \/>(+19 for winning)
|leave|characato
|player|p1
|c|âWooliest Mammoth|gg