|join|Wooliest Mammoth
|join|verattithegod
|player|p1|Wooliest Mammoth|101
|player|p2|verattithegod|100
|gametype|singles
|gen|6
|tier|OU
|rated
|clearpoke
|poke|p1|Alakazam, F
|poke|p1|Tyranitar, M
|poke|p1|Excadrill, M
|poke|p1|Azumarill, F
|poke|p1|Mamoswine, F
|poke|p1|Gengar, F
|poke|p2|Garchomp, F
|poke|p2|Bisharp, M
|poke|p2|Breloom, F
|poke|p2|Charizard, M
|poke|p2|Azumarill, M
|poke|p2|Latias, F
|rule|Swagger Clause: Swagger is banned
|rule|Baton Pass Clause: Limit one PokÃ©mon knowing Baton Pass
|rule|Sleep Clause Mod: Limit one foe put to sleep
|rule|Species Clause: Limit one of each PokÃ©mon
|rule|OHKO Clause: OHKO moves are banned
|rule|Moody Clause: Moody is banned
|rule|Evasion Moves Clause: Evasion moves are banned
|rule|Endless Battle Clause: Forcing endless battles is banned
|rule|HP Percentage Mod: HP is shown in percentages
|teampreview
|
|start
|switch|p1a: Mamoswine|Mamoswine, F|361\/361
|switch|p2a: Breloom|Breloom, F|261\/261
|turn|1
|
|move|p1a: Mamoswine|Icicle Spear|p2a: Breloom
|-supereffective|p2a: Breloom
|-damage|p2a: Breloom|147\/261
|-supereffective|p2a: Breloom
|-damage|p2a: Breloom|45\/261
|-supereffective|p2a: Breloom
|-damage|p2a: Breloom|0 fnt
|-hitcount|p2a: Breloom|3
|faint|p2a: Breloom
|
|
|switch|p2a: Bisharp|Bisharp, M|271\/271
|turn|2
|
|move|p1a: Mamoswine|Earthquake|p2a: Bisharp
|-supereffective|p2a: Bisharp
|-enditem|p2a: Bisharp|Focus Sash
|-damage|p2a: Bisharp|1\/271
|move|p2a: Bisharp|Knock Off|p1a: Mamoswine
|-damage|p1a: Mamoswine|139\/361
|-enditem|p1a: Mamoswine|Focus Sash|[from] move: Knock Off|[of] p2a: Bisharp
|
|turn|3
|
|switch|p2a: Azumarill|Azumarill, M|342\/342
|move|p1a: Mamoswine|Stealth Rock|p2a: Azumarill
|-sidestart|p2: verattithegod|move: Stealth Rock
|
|turn|4
|
|move|p1a: Mamoswine|Earthquake|p2a: Azumarill
|-damage|p2a: Azumarill|138\/342
|-enditem|p2a: Azumarill|Sitrus Berry|[eat]
|-heal|p2a: Azumarill|223\/342|[from] item: Sitrus Berry
|move|p2a: Azumarill|Waterfall|p1a: Mamoswine
|-supereffective|p1a: Mamoswine
|-damage|p1a: Mamoswine|0 fnt
|faint|p1a: Mamoswine
|
|
|switch|p1a: Gengar|Gengar, F|262\/262
|turn|5
|
|move|p1a: Gengar|Sludge Bomb|p2a: Azumarill
|-supereffective|p2a: Azumarill
|-damage|p2a: Azumarill|0 fnt
|faint|p2a: Azumarill
|
|
|switch|p2a: Latias|Latias, F|301\/301
|-damage|p2a: Latias|264\/301|[from] Stealth Rock
|turn|6
|
|switch|p1a: Tyranitar|Tyranitar, M|341\/341
|-weather|Sandstorm
|move|p2a: Latias|Defog|p1a: Tyranitar
|-unboost|p1a: Tyranitar|evasion|1
|-sideend|p2: verattithegod|Stealth Rock|[from] move: Defog|[of] p2a: Latias
|
|-weather|Sandstorm|[upkeep]
|-damage|p2a: Latias|246\/301|[from] sandstorm
|turn|7
|
|move|p1a: Tyranitar|Pursuit|p2a: Latias
|-crit|p2a: Latias
|-supereffective|p2a: Latias
|-damage|p2a: Latias|10\/301
|move|p2a: Latias|Healing Wish|p2a: Latias
|faint|p2a: Latias
|
|-weather|Sandstorm|[upkeep]
|
|switch|p2a: Bisharp|Bisharp, M|1\/271
|-heal|p2a: Bisharp|271\/271|[from] move: Healing Wish
|turn|8
|
|switch|p1a: Azumarill|Azumarill, F|345\/345
|move|p2a: Bisharp|Swords Dance|p2a: Bisharp
|-boost|p2a: Bisharp|atk|2
|
|-weather|Sandstorm|[upkeep]
|-damage|p1a: Azumarill|324\/345|[from] sandstorm
|turn|9
|
|move|p2a: Bisharp|Iron Head|p1a: Azumarill
|-damage|p1a: Azumarill|0 fnt
|faint|p1a: Azumarill
|
|-weather|Sandstorm|[upkeep]
|
|switch|p1a: Excadrill|Excadrill, M|361\/361
|-item|p1a: Excadrill|Air Balloon
|turn|10
|
|move|p2a: Bisharp|Sucker Punch|p1a: Excadrill
|-damage|p1a: Excadrill|0 fnt
|-enditem|p1a: Excadrill|Air Balloon
|faint|p1a: Excadrill
|
|-weather|none
|
|switch|p1a: Gengar|Gengar, F|262\/262
|turn|11
|
|move|p1a: Gengar|Substitute|p1a: Gengar
|-start|p1a: Gengar|Substitute
|-damage|p1a: Gengar|197\/262
|move|p2a: Bisharp|Knock Off|p1a: Gengar
|-supereffective|p1a: Gengar
|-end|p1a: Gengar|Substitute
|
|-heal|p1a: Gengar|213\/262|[from] item: Black Sludge
|turn|12
|
|move|p2a: Bisharp|Sucker Punch|p1a: Gengar
|-fail|p1a: Gengar
|move|p1a: Gengar|Substitute|p1a: Gengar
|-start|p1a: Gengar|Substitute
|-damage|p1a: Gengar|148\/262
|
|-heal|p1a: Gengar|164\/262|[from] item: Black Sludge
|turn|13
|
|move|p2a: Bisharp|Sucker Punch|p1a: Gengar
|-supereffective|p1a: Gengar
|-end|p1a: Gengar|Substitute
|move|p1a: Gengar|Dazzling Gleam|p2a: Bisharp
|-damage|p2a: Bisharp|148\/271
|
|-heal|p1a: Gengar|180\/262|[from] item: Black Sludge
|turn|14
|
|move|p1a: Gengar|Substitute|p1a: Gengar
|-start|p1a: Gengar|Substitute
|-damage|p1a: Gengar|115\/262
|move|p2a: Bisharp|Knock Off|p1a: Gengar
|-supereffective|p1a: Gengar
|-end|p1a: Gengar|Substitute
|
|-heal|p1a: Gengar|131\/262|[from] item: Black Sludge
|turn|15
|
|move|p1a: Gengar|Dazzling Gleam|p2a: Bisharp
|-damage|p2a: Bisharp|21\/271
|move|p2a: Bisharp|Knock Off|p1a: Gengar
|-crit|p1a: Gengar
|-supereffective|p1a: Gengar
|-damage|p1a: Gengar|0 fnt
|-enditem|p1a: Gengar|Black Sludge|[from] move: Knock Off|[of] p2a: Bisharp
|faint|p1a: Gengar
|
|
|switch|p1a: Alakazam|Alakazam, F|259\/259
|turn|16
|
|detailschange|p1a: Alakazam|Alakazam-Mega, F
|message|Alakazam has Mega Evolved into Mega Alakazam!
|-ability|p1a: Alakazam|Defiant|[from] ability: Trace|[of] p2a: Bisharp
|move|p2a: Bisharp|Sucker Punch|p1a: Alakazam
|-fail|p1a: Alakazam
|move|p1a: Alakazam|Substitute|p1a: Alakazam
|-start|p1a: Alakazam|Substitute
|-damage|p1a: Alakazam|195\/259
|
|turn|17
|
|move|p2a: Bisharp|Sucker Punch|p1a: Alakazam
|-supereffective|p1a: Alakazam
|-end|p1a: Alakazam|Substitute
|move|p1a: Alakazam|Shadow Ball|p2a: Bisharp
|-resisted|p2a: Bisharp
|-damage|p2a: Bisharp|0 fnt
|faint|p2a: Bisharp
|
|
|switch|p2a: Charizard|Charizard, M|359\/359
|turn|18
|
|detailschange|p2a: Charizard|Charizard-Mega-X, M
|message|Charizard has Mega Evolved into Mega Charizard!
|move|p1a: Alakazam|Psychic|p2a: Charizard
|-damage|p2a: Charizard|115\/359
|move|p2a: Charizard|Dragon Claw|p1a: Alakazam
|-damage|p1a: Alakazam|0 fnt
|faint|p1a: Alakazam
|
|
|switch|p1a: Tyranitar|Tyranitar, M|341\/341
|-weather|Sandstorm
|turn|19
|
|move|p1a: Tyranitar|Ice Beam|p2a: Charizard
|-damage|p2a: Charizard|32\/359
|move|p2a: Charizard|Dragon Claw|p1a: Tyranitar
|-damage|p1a: Tyranitar|143\/341
|
|-weather|Sandstorm|[upkeep]
|-damage|p2a: Charizard|10\/359|[from] sandstorm
|turn|20
|c|âverattithegod|gg
|
|move|p1a: Tyranitar|Ice Beam|p2a: Charizard
|-damage|p2a: Charizard|0 fnt
|faint|p2a: Charizard
|
|-weather|Sandstorm|[upkeep]
|c|âWooliest Mammoth|gg
|
|switch|p2a: Garchomp|Garchomp, F|357\/357
|turn|21
|
|move|p1a: Tyranitar|Ice Beam|p2a: Garchomp
|-supereffective|p2a: Garchomp
|-damage|p2a: Garchomp|33\/357
|move|p2a: Garchomp|Earthquake|p1a: Tyranitar
|-supereffective|p1a: Tyranitar
|-damage|p1a: Tyranitar|0 fnt
|faint|p1a: Tyranitar
|
|win|verattithegod
|raw|Ladder updating...
|raw|Wooliest Mammoth's rating: 1312 &rarr; <strong>1293<\/strong><br \/>(-19 for losing)
|raw|verattithegod's rating: 1328 &rarr; <strong>1347<\/strong><br \/>(+19 for winning)
|leave|Wooliest Mammoth
|player|p1