|join|PikachuCandy
|join|Wooliest Mammoth
|player|p1|PikachuCandy|285
|player|p2|Wooliest Mammoth|101
|gametype|singles
|gen|6
|tier|OU
|rated
|clearpoke
|poke|p1|Garchomp, M, shiny
|poke|p1|Latios, M
|poke|p1|Azumarill, M, shiny
|poke|p1|Bisharp, M
|poke|p1|Landorus-Therian, M
|poke|p1|Breloom, M
|poke|p2|Dragonite, F
|poke|p2|Manectric, M
|poke|p2|Gliscor, M
|poke|p2|Infernape, F
|poke|p2|Weavile, F
|poke|p2|Tentacruel, F
|rule|Swagger Clause: Swagger is banned
|rule|Baton Pass Clause: Limit one PokÃ©mon knowing Baton Pass
|rule|Sleep Clause Mod: Limit one foe put to sleep
|rule|Species Clause: Limit one of each PokÃ©mon
|rule|OHKO Clause: OHKO moves are banned
|rule|Moody Clause: Moody is banned
|rule|Evasion Moves Clause: Evasion moves are banned
|rule|Endless Battle Clause: Forcing endless battles is banned
|rule|HP Percentage Mod: HP is shown in percentages
|teampreview
|
|start
|switch|p1a: Pineapple|Azumarill, M, shiny|342\/342
|switch|p2a: Infernape|Infernape, F|293\/293
|turn|1
|
|switch|p2a: Tentacruel|Tentacruel, F|357\/357
|move|p1a: Pineapple|Belly Drum|p1a: Pineapple
|-damage|p1a: Pineapple|171\/342
|-setboost|p1a: Pineapple|atk|6|[from] move: Belly Drum
|-enditem|p1a: Pineapple|Sitrus Berry|[eat]
|-heal|p1a: Pineapple|256\/342|[from] item: Sitrus Berry
|
|turn|2
|
|switch|p1a: RickRossâ|Bisharp, M|271\/271
|move|p2a: Tentacruel|Acid Spray|p1a: RickRossâ
|-immune|p1a: RickRossâ|[msg]
|
|turn|3
|join|FrozenCold
|c| FrozenCold|reveal band rapid spin
|leave|FrozenCold
|c|âPikachuCandy|lol
|c|âWooliest Mammoth|No my secret weapon!
|
|move|p2a: Tentacruel|Scald|p1a: RickRossâ
|-damage|p1a: RickRossâ|166\/271
|move|p1a: RickRossâ|Swords Dance|p1a: RickRossâ
|-boost|p1a: RickRossâ|atk|2
|
|turn|4
|
|move|p2a: Tentacruel|Scald|p1a: RickRossâ
|-damage|p1a: RickRossâ|57\/271
|move|p1a: RickRossâ|Knock Off|p2a: Tentacruel
|-damage|p2a: Tentacruel|0 fnt
|-enditem|p2a: Tentacruel|Black Sludge|[from] move: Knock Off|[of] p1a: RickRossâ
|faint|p2a: Tentacruel
|
|
|switch|p2a: Infernape|Infernape, F|293\/293
|turn|5
|
|move|p2a: Infernape|Mach Punch|p1a: RickRossâ
|-supereffective|p1a: RickRossâ
|-damage|p1a: RickRossâ|0 fnt
|faint|p1a: RickRossâ
|
|
|switch|p1a: Pineapple|Azumarill, M, shiny|256\/342
|turn|6
|
|switch|p2a: Gliscor|Gliscor, M|354\/354
|move|p1a: Pineapple|Play Rough|p2a: Gliscor
|-damage|p2a: Gliscor|294\/354
|
|-status|p2a: Gliscor|tox|[from] item: Toxic Orb
|turn|7
|
|move|p2a: Gliscor|Protect|p2a: Gliscor
|-singleturn|p2a: Gliscor|Protect
|move|p1a: Pineapple|Waterfall|p2a: Gliscor
|-activate|p2a: Gliscor|Protect
|
|-heal|p2a: Gliscor|338\/354 tox|[from] ability: Poison Heal
|turn|8
|
|move|p2a: Gliscor|Toxic|p1a: Pineapple
|-status|p1a: Pineapple|tox
|move|p1a: Pineapple|Belly Drum|p1a: Pineapple
|-damage|p1a: Pineapple|85\/342 tox
|-setboost|p1a: Pineapple|atk|6|[from] move: Belly Drum
|
|-heal|p2a: Gliscor|354\/354 tox|[from] ability: Poison Heal
|-damage|p1a: Pineapple|64\/342 tox|[from] psn
|turn|9
|
|move|p2a: Gliscor|Protect|p2a: Gliscor
|-singleturn|p2a: Gliscor|Protect
|move|p1a: Pineapple|Aqua Jet|p2a: Gliscor
|-activate|p2a: Gliscor|Protect
|
|-damage|p1a: Pineapple|22\/342 tox|[from] psn
|turn|10
|
|move|p2a: Gliscor|Protect|p2a: Gliscor
|-singleturn|p2a: Gliscor|Protect
|move|p1a: Pineapple|Play Rough|p2a: Gliscor
|-activate|p2a: Gliscor|Protect
|
|-damage|p1a: Pineapple|0 fnt|[from] psn
|faint|p1a: Pineapple
|
|switch|p1a: FighterJetFoams|Latios, M|301\/301
|turn|11
|
|move|p1a: FighterJetFoams|Draco Meteor|p2a: Gliscor
|-damage|p2a: Gliscor|0 fnt
|-unboost|p1a: FighterJetFoams|spa|2
|-damage|p1a: FighterJetFoams|271\/301|[from] item: Life Orb
|faint|p2a: Gliscor
|
|
|switch|p2a: Weavile|Weavile, F|281\/281
|-ability|p2a: Weavile|Pressure
|turn|12
|
|move|p2a: Weavile|Knock Off|p1a: FighterJetFoams
|-supereffective|p1a: FighterJetFoams
|-damage|p1a: FighterJetFoams|0 fnt
|-enditem|p1a: FighterJetFoams|Life Orb|[from] move: Knock Off|[of] p2a: Weavile
|-damage|p2a: Weavile|253\/281|[from] item: Life Orb
|faint|p1a: FighterJetFoams
|
|
|switch|p1a: Jumparooã|Breloom, M|262\/262
|turn|13
|
|switch|p2a: Manectric|Manectric, M|281\/281
|move|p1a: Jumparooã|Mach Punch|p2a: Manectric
|-damage|p2a: Manectric|128\/281
|
|turn|14
|
|detailschange|p2a: Manectric|Manectric-Mega, M
|message|Manectric has Mega Evolved into Mega Manectric!
|-ability|p2a: Manectric|Intimidate|[of] p1a: Jumparooã
|-unboost|p1a: Jumparooã|atk|1
|move|p1a: Jumparooã|Mach Punch|p2a: Manectric
|-damage|p2a: Manectric|37\/281
|move|p2a: Manectric|Hidden Power|p1a: Jumparooã
|-crit|p1a: Jumparooã
|-supereffective|p1a: Jumparooã
|-enditem|p1a: Jumparooã|Focus Sash
|-damage|p1a: Jumparooã|1\/262
|
|turn|15
|
|move|p1a: Jumparooã|Mach Punch|p2a: Manectric
|-crit|p2a: Manectric
|-damage|p2a: Manectric|0 fnt
|faint|p2a: Manectric
|
|
|switch|p2a: Infernape|Infernape, F|293\/293
|turn|16
|
|move|p2a: Infernape|Mach Punch|p1a: Jumparooã
|-damage|p1a: Jumparooã|0 fnt
|faint|p1a: Jumparooã
|
|
|switch|p1a: WishTailâ|Landorus-Therian, M|319\/319
|-ability|p1a: WishTailâ|Intimidate|[of] p2a: Infernape
|-unboost|p2a: Infernape|atk|1
|turn|17
|
|switch|p2a: Dragonite|Dragonite, F|323\/323
|move|p1a: WishTailâ|Outrage|p2a: Dragonite
|-crit|p2a: Dragonite
|-supereffective|p2a: Dragonite
|-damage|p2a: Dragonite|46\/323
|
|turn|18
|
|move|p2a: Dragonite|Extreme Speed|p1a: WishTailâ
|-damage|p1a: WishTailâ|157\/319
|move|p1a: WishTailâ|Outrage|p2a: Dragonite
|-supereffective|p2a: Dragonite
|-damage|p2a: Dragonite|0 fnt
|faint|p2a: Dragonite
|
|-end|p1a: WishTailâ|rampage
|-start|p1a: WishTailâ|confusion
|
|switch|p2a: Weavile|Weavile, F|253\/281
|-ability|p2a: Weavile|Pressure
|turn|19
|
|move|p2a: Weavile|Ice Shard|p1a: WishTailâ
|-supereffective|p1a: WishTailâ
|-damage|p1a: WishTailâ|0 fnt
|-damage|p2a: Weavile|225\/281|[from] item: Life Orb
|faint|p1a: WishTailâ
|
|
|switch|p1a: Torpedoâ©|Garchomp, M, shiny|357\/357
|turn|20
|
|move|p2a: Weavile|Ice Punch|p1a: Torpedoâ©
|-supereffective|p1a: Torpedoâ©
|-enditem|p1a: Torpedoâ©|Focus Sash
|-damage|p1a: Torpedoâ©|1\/357
|-damage|p2a: Weavile|190\/281|[from] ability: Rough Skin|[of] p1a: Torpedoâ©
|-damage|p2a: Weavile|162\/281|[from] item: Life Orb
|move|p1a: Torpedoâ©|Dragon Claw|p2a: Weavile
|-damage|p2a: Weavile|0 fnt
|faint|p2a: Weavile
|
|
|switch|p2a: Infernape|Infernape, F|293\/293
|turn|21
|
|move|p2a: Infernape|Mach Punch|p1a: Torpedoâ©
|-damage|p1a: Torpedoâ©|0 fnt
|-damage|p2a: Infernape|257\/293|[from] ability: Rough Skin|[of] p1a: Torpedoâ©
|faint|p1a: Torpedoâ©
|
|win|Wooliest Mammoth
|raw|Ladder updating...
|raw|PikachuCandy's rating: 1703 &rarr; <strong>1676<\/strong><br \/>(-27 for losing)
|raw|Wooliest Mammoth's rating: 1575 &rarr; <strong>1602<\/strong><br \/>(+27 for winning)
|leave|PikachuCandy
|player|p1