|join|memomando
|join|Wooliest Mammoth
|player|p1|memomando|169
|player|p2|Wooliest Mammoth|101
|gametype|singles
|gen|6
|tier|OU
|rated
|clearpoke
|poke|p1|Breloom, M
|poke|p1|Manectric, M
|poke|p1|Landorus-Therian, M
|poke|p1|Medicham, F
|poke|p1|Crawdaunt, F
|poke|p1|Clefable, M
|poke|p2|Hawlucha, F
|poke|p2|Ferrothorn, M
|poke|p2|Gardevoir, M
|poke|p2|Garchomp, F
|poke|p2|Crawdaunt, M
|poke|p2|Starmie
|rule|Swagger Clause: Swagger is banned
|rule|Baton Pass Clause: Limit one PokÃ©mon knowing Baton Pass
|rule|Sleep Clause Mod: Limit one foe put to sleep
|rule|Species Clause: Limit one of each PokÃ©mon
|rule|OHKO Clause: OHKO moves are banned
|rule|Moody Clause: Moody is banned
|rule|Evasion Moves Clause: Evasion moves are banned
|rule|Endless Battle Clause: Forcing endless battles is banned
|rule|HP Percentage Mod: HP is shown in percentages
|teampreview
|
|start
|switch|p1a: Manectric|Manectric, M|281\/281
|switch|p2a: Hawlucha|Hawlucha, F|328\/328
|turn|1
|
|switch|p1a: Landorus-Therian|Landorus-Therian, M|320\/320
|-ability|p1a: Landorus-Therian|Intimidate|[of] p2a: Hawlucha
|-unboost|p2a: Hawlucha|atk|1
|switch|p2a: Garchomp|Garchomp, F|358\/358
|
|turn|2
|
|move|p1a: Landorus-Therian|U-turn|p2a: Garchomp
|-damage|p2a: Garchomp|258\/358
|-damage|p1a: Landorus-Therian|280\/320|[from] ability: Rough Skin|[of] p2a: Garchomp
|
|switch|p1a: Clefable|Clefable, M|394\/394
|move|p2a: Garchomp|Stealth Rock|p1a: Clefable
|-sidestart|p1: memomando|move: Stealth Rock
|
|turn|3
|
|switch|p2a: Gardevoir|Gardevoir, M|277\/277
|-ability|p2a: Gardevoir|Magic Guard|[from] ability: Trace|[of] p1a: Clefable
|switch|p1a: Manectric|Manectric, M|281\/281
|-damage|p1a: Manectric|246\/281|[from] Stealth Rock
|
|turn|4
|
|detailschange|p1a: Manectric|Manectric-Mega, M
|message|Manectric has Mega Evolved into Mega Manectric!
|-ability|p1a: Manectric|Intimidate|[of] p2a: Gardevoir
|-unboost|p2a: Gardevoir|atk|1
|detailschange|p2a: Gardevoir|Gardevoir-Mega, M
|message|Gardevoir has Mega Evolved into Mega Gardevoir!
|move|p1a: Manectric|Volt Switch|p2a: Gardevoir
|-damage|p2a: Gardevoir|181\/277
|
|switch|p1a: Crawdaunt|Crawdaunt, F|330\/330
|-damage|p1a: Crawdaunt|289\/330|[from] Stealth Rock
|move|p2a: Gardevoir|Hyper Voice|p1a: Crawdaunt
|-supereffective|p1a: Crawdaunt
|-damage|p1a: Crawdaunt|0 fnt
|faint|p1a: Crawdaunt
|
|
|switch|p1a: Landorus-Therian|Landorus-Therian, M|280\/320
|-damage|p1a: Landorus-Therian|240\/320|[from] Stealth Rock
|-ability|p1a: Landorus-Therian|Intimidate|[of] p2a: Gardevoir
|-unboost|p2a: Gardevoir|atk|1
|turn|5
|
|switch|p2a: Ferrothorn|Ferrothorn, M|352\/352
|move|p1a: Landorus-Therian|Earthquake|p2a: Ferrothorn
|-damage|p2a: Ferrothorn|222\/352
|
|-heal|p2a: Ferrothorn|244\/352|[from] item: Leftovers
|turn|6
|
|switch|p1a: Manectric|Manectric-Mega, M|246\/281
|-damage|p1a: Manectric|211\/281|[from] Stealth Rock
|-ability|p1a: Manectric|Intimidate|[of] p2a: Ferrothorn
|-unboost|p2a: Ferrothorn|atk|1
|move|p2a: Ferrothorn|Leech Seed|p1a: Manectric
|-start|p1a: Manectric|move: Leech Seed
|
|-heal|p2a: Ferrothorn|266\/352|[from] item: Leftovers
|-damage|p1a: Manectric|176\/281|[from] Leech Seed|[of] p2a: Ferrothorn
|-heal|p2a: Ferrothorn|301\/352|[silent]
|turn|7
|
|switch|p2a: Garchomp|Garchomp, F|258\/358
|move|p1a: Manectric|Volt Switch|p2a: Garchomp
|-immune|p2a: Garchomp|[msg]
|
|-damage|p1a: Manectric|141\/281|[from] Leech Seed|[of] p2a: Garchomp
|-heal|p2a: Garchomp|293\/358|[silent]
|turn|8
|
|move|p1a: Manectric|Hidden Power|p2a: Garchomp
|-supereffective|p2a: Garchomp
|-damage|p2a: Garchomp|0 fnt
|faint|p2a: Garchomp
|
|
|switch|p2a: Gardevoir|Gardevoir-Mega, M|181\/277
|turn|9
|
|move|p1a: Manectric|Volt Switch|p2a: Gardevoir
|-damage|p2a: Gardevoir|84\/277
|
|switch|p1a: Clefable|Clefable, M|394\/394
|move|p2a: Gardevoir|Hyper Voice|p1a: Clefable
|-damage|p1a: Clefable|132\/394
|
|-heal|p1a: Clefable|156\/394|[from] item: Leftovers
|turn|10
|
|move|p2a: Gardevoir|Hyper Voice|p1a: Clefable
|-damage|p1a: Clefable|0 fnt
|faint|p1a: Clefable
|
|
|switch|p1a: Manectric|Manectric-Mega, M|141\/281
|-damage|p1a: Manectric|106\/281|[from] Stealth Rock
|-ability|p1a: Manectric|Intimidate|[of] p2a: Gardevoir
|-unboost|p2a: Gardevoir|atk|1
|turn|11
|
|switch|p2a: Ferrothorn|Ferrothorn, M|301\/352
|move|p1a: Manectric|Thunderbolt|p2a: Ferrothorn
|-resisted|p2a: Ferrothorn
|-damage|p2a: Ferrothorn|236\/352
|
|-heal|p2a: Ferrothorn|258\/352|[from] item: Leftovers
|turn|12
|
|move|p2a: Ferrothorn|Protect|p2a: Ferrothorn
|-singleturn|p2a: Ferrothorn|Protect
|move|p1a: Manectric|Flamethrower|p2a: Ferrothorn
|-activate|p2a: Ferrothorn|Protect
|
|-heal|p2a: Ferrothorn|280\/352|[from] item: Leftovers
|turn|13
|
|switch|p2a: Starmie|Starmie|261\/261
|move|p1a: Manectric|Volt Switch|p2a: Starmie
|-supereffective|p2a: Starmie
|-damage|p2a: Starmie|0 fnt
|faint|p2a: Starmie
|
|switch|p1a: Medicham|Medicham, F|261\/261
|-damage|p1a: Medicham|245\/261|[from] Stealth Rock
|
|
|switch|p2a: Gardevoir|Gardevoir-Mega, M|84\/277
|turn|14
|
|move|p1a: Medicham|Ice Punch|p2a: Gardevoir
|-crit|p2a: Gardevoir
|-damage|p2a: Gardevoir|0 fnt
|faint|p2a: Gardevoir
|
|
|switch|p2a: Crawdaunt|Crawdaunt, M|267\/267
|turn|15
|
|switch|p1a: Landorus-Therian|Landorus-Therian, M|240\/320
|-damage|p1a: Landorus-Therian|200\/320|[from] Stealth Rock
|-ability|p1a: Landorus-Therian|Intimidate|[of] p2a: Crawdaunt
|-unboost|p2a: Crawdaunt|atk|1
|move|p2a: Crawdaunt|Swords Dance|p2a: Crawdaunt
|-boost|p2a: Crawdaunt|atk|2
|
|turn|16
|
|move|p1a: Landorus-Therian|U-turn|p2a: Crawdaunt
|-supereffective|p2a: Crawdaunt
|-damage|p2a: Crawdaunt|51\/267
|
|switch|p1a: Breloom|Breloom, M|262\/262
|-damage|p1a: Breloom|246\/262|[from] Stealth Rock
|move|p2a: Crawdaunt|Swords Dance|p2a: Crawdaunt
|-boost|p2a: Crawdaunt|atk|2
|
|turn|17
|
|move|p1a: Breloom|Mach Punch|p2a: Crawdaunt
|-supereffective|p2a: Crawdaunt
|-damage|p2a: Crawdaunt|0 fnt
|faint|p2a: Crawdaunt
|
|
|switch|p2a: Hawlucha|Hawlucha, F|328\/328
|turn|18
|
|move|p2a: Hawlucha|Substitute|p2a: Hawlucha
|-start|p2a: Hawlucha|Substitute
|-damage|p2a: Hawlucha|246\/328
|move|p1a: Breloom|Rock Tomb|p2a: Hawlucha
|-end|p2a: Hawlucha|Substitute
|
|turn|19
|
|move|p2a: Hawlucha|Substitute|p2a: Hawlucha
|-start|p2a: Hawlucha|Substitute
|-damage|p2a: Hawlucha|164\/328
|-enditem|p2a: Hawlucha|Sitrus Berry|[eat]
|-heal|p2a: Hawlucha|246\/328|[from] item: Sitrus Berry
|move|p1a: Breloom|Rock Tomb|p2a: Hawlucha
|-end|p2a: Hawlucha|Substitute
|
|turn|20
|
|move|p1a: Breloom|Mach Punch|p2a: Hawlucha
|-resisted|p2a: Hawlucha
|-damage|p2a: Hawlucha|183\/328
|move|p2a: Hawlucha|Acrobatics|p1a: Breloom
|-supereffective|p1a: Breloom
|-damage|p1a: Breloom|0 fnt
|faint|p1a: Breloom
|
|
|switch|p1a: Landorus-Therian|Landorus-Therian, M|200\/320
|-damage|p1a: Landorus-Therian|160\/320|[from] Stealth Rock
|-ability|p1a: Landorus-Therian|Intimidate|[of] p2a: Hawlucha
|-unboost|p2a: Hawlucha|atk|1
|turn|21
|
|switch|p1a: Manectric|Manectric-Mega, M|106\/281
|-damage|p1a: Manectric|71\/281|[from] Stealth Rock
|-ability|p1a: Manectric|Intimidate|[of] p2a: Hawlucha
|-unboost|p2a: Hawlucha|atk|1
|move|p2a: Hawlucha|Acrobatics|p1a: Manectric
|-resisted|p1a: Manectric
|-damage|p1a: Manectric|18\/281
|
|turn|22
|
|move|p2a: Hawlucha|Acrobatics|p1a: Manectric
|-resisted|p1a: Manectric
|-damage|p1a: Manectric|0 fnt
|faint|p1a: Manectric
|
|
|switch|p1a: Landorus-Therian|Landorus-Therian, M|160\/320
|-damage|p1a: Landorus-Therian|120\/320|[from] Stealth Rock
|-ability|p1a: Landorus-Therian|Intimidate|[of] p2a: Hawlucha
|-unboost|p2a: Hawlucha|atk|1
|turn|23
|
|move|p2a: Hawlucha|Acrobatics|p1a: Landorus-Therian
|-damage|p1a: Landorus-Therian|39\/320
|move|p1a: Landorus-Therian|Stone Edge|p2a: Hawlucha
|-damage|p2a: Hawlucha|17\/328
|
|turn|24
|
|move|p2a: Hawlucha|Acrobatics|p1a: Landorus-Therian
|-damage|p1a: Landorus-Therian|0 fnt
|faint|p1a: Landorus-Therian
|
|
|switch|p1a: Medicham|Medicham, F|245\/261
|-damage|p1a: Medicham|229\/261|[from] Stealth Rock
|turn|25
|
|move|p2a: Hawlucha|Acrobatics|p1a: Medicham
|-supereffective|p1a: Medicham
|-damage|p1a: Medicham|59\/261
|move|p1a: Medicham|Fire Punch|p2a: Hawlucha
|-damage|p2a: Hawlucha|0 fnt
|faint|p2a: Hawlucha
|
|
|switch|p2a: Ferrothorn|Ferrothorn, M|280\/352
|turn|26
|
|move|p2a: Ferrothorn|Protect|p2a: Ferrothorn
|-singleturn|p2a: Ferrothorn|Protect
|move|p1a: Medicham|Fire Punch|p2a: Ferrothorn
|-activate|p2a: Ferrothorn|Protect
|
|-heal|p2a: Ferrothorn|302\/352|[from] item: Leftovers
|turn|27
|
|move|p1a: Medicham|Fire Punch|p2a: Ferrothorn
|-supereffective|p2a: Ferrothorn
|-damage|p2a: Ferrothorn|26\/352
|-damage|p1a: Medicham|27\/261|[from] ability: Iron Barbs|[of] p2a: Ferrothorn
|move|p2a: Ferrothorn|Gyro Ball|p1a: Medicham
|-damage|p1a: Medicham|0 fnt
|faint|p1a: Medicham
|
|win|Wooliest Mammoth
|raw|Ladder updating...
|raw|memomando's rating: 1487 &rarr; <strong>1465<\/strong><br \/>(-22 for losing)
|raw|Wooliest Mammoth's rating: 1448 &rarr; <strong>1470<\/strong><br \/>(+22 for winning)
|c|âWooliest Mammoth|gg
|c|âmemomando|gg
|leave|memomando
|player|p1