|join|Wooliest Mammoth
|join|Deerslayer
|player|p1|Wooliest Mammoth|101
|player|p2|Deerslayer|165
|gametype|singles
|gen|6
|tier|OU
|rated
|clearpoke
|poke|p1|Dragonite, F
|poke|p1|Manectric, M
|poke|p1|Gliscor, M
|poke|p1|Infernape, M
|poke|p1|Weavile, F
|poke|p1|Tentacruel, F
|poke|p2|Dragonite, M
|poke|p2|Excadrill, M
|poke|p2|Heracross, M
|poke|p2|Starmie, shiny
|poke|p2|Blissey, F
|poke|p2|Skarmory, F
|rule|Swagger Clause: Swagger is banned
|rule|Baton Pass Clause: Limit one PokÃ©mon knowing Baton Pass
|rule|Sleep Clause Mod: Limit one foe put to sleep
|rule|Species Clause: Limit one of each PokÃ©mon
|rule|OHKO Clause: OHKO moves are banned
|rule|Moody Clause: Moody is banned
|rule|Evasion Moves Clause: Evasion moves are banned
|rule|Endless Battle Clause: Forcing endless battles is banned
|rule|HP Percentage Mod: HP is shown in percentages
|teampreview
|
|start
|switch|p1a: Infernape|Infernape, M|293\/293
|switch|p2a: Starmie|Starmie, shiny|262\/262
|turn|1
|
|move|p2a: Starmie|Hydro Pump|p1a: Infernape
|-supereffective|p1a: Infernape
|-enditem|p1a: Infernape|Focus Sash
|-damage|p1a: Infernape|1\/293
|move|p1a: Infernape|Stealth Rock|p2a: Starmie
|-sidestart|p2: Deerslayer|move: Stealth Rock
|
|turn|2
|
|switch|p1a: Tentacruel|Tentacruel, F|357\/357
|move|p2a: Starmie|Thunder|p1a: Tentacruel
|-supereffective|p1a: Tentacruel
|-damage|p1a: Tentacruel|225\/357
|
|-heal|p1a: Tentacruel|247\/357|[from] item: Black Sludge
|turn|3
|
|switch|p1a: Manectric|Manectric, M|281\/281
|move|p2a: Starmie|Thunder|p1a: Manectric
|-boost|p1a: Manectric|spa|1|[from] ability: Lightningrod
|
|turn|4
|
|switch|p2a: Blissey|Blissey, F|714\/714
|-damage|p2a: Blissey|625\/714|[from] Stealth Rock
|detailschange|p1a: Manectric|Manectric-Mega, M
|message|Manectric has Mega Evolved into Mega Manectric!
|-ability|p1a: Manectric|Intimidate|[of] p2a: Blissey
|-unboost|p2a: Blissey|atk|1
|move|p1a: Manectric|Hidden Power|p2a: Blissey
|-damage|p2a: Blissey|556\/714
|
|turn|5
|
|move|p1a: Manectric|Volt Switch|p2a: Blissey
|-damage|p2a: Blissey|439\/714
|
|switch|p1a: Infernape|Infernape, M|1\/293
|move|p2a: Blissey|Ice Beam|p1a: Infernape
|-resisted|p1a: Infernape
|-damage|p1a: Infernape|0 fnt
|faint|p1a: Infernape
|
|
|switch|p1a: Weavile|Weavile, F|281\/281
|-ability|p1a: Weavile|Pressure
|turn|6
|
|switch|p2a: Skarmory|Skarmory, F|334\/334
|-damage|p2a: Skarmory|293\/334|[from] Stealth Rock
|move|p1a: Weavile|Knock Off|p2a: Skarmory
|-damage|p2a: Skarmory|163\/334
|-enditem|p2a: Skarmory|BrightPowder|[from] move: Knock Off|[of] p1a: Weavile
|-damage|p1a: Weavile|253\/281|[from] item: Life Orb
|
|turn|7
|
|move|p1a: Weavile|Ice Punch|p2a: Skarmory
|-damage|p2a: Skarmory|72\/334
|-damage|p1a: Weavile|225\/281|[from] item: Life Orb
|move|p2a: Skarmory|Roost|p2a: Skarmory
|-heal|p2a: Skarmory|239\/334
|
|turn|8
|
|switch|p1a: Tentacruel|Tentacruel, F|247\/357
|move|p2a: Skarmory|Whirlwind|p1a: Tentacruel
|drag|p1a: Weavile|Weavile, F|225\/281
|-ability|p1a: Weavile|Pressure
|
|turn|9
|
|move|p1a: Weavile|Ice Punch|p2a: Skarmory
|-damage|p2a: Skarmory|145\/334
|-damage|p1a: Weavile|197\/281|[from] item: Life Orb
|move|p2a: Skarmory|Roost|p2a: Skarmory
|-heal|p2a: Skarmory|312\/334
|
|turn|10
|
|move|p1a: Weavile|Ice Punch|p2a: Skarmory
|-damage|p2a: Skarmory|215\/334
|-damage|p1a: Weavile|169\/281|[from] item: Life Orb
|move|p2a: Skarmory|Drill Peck|p1a: Weavile
|-damage|p1a: Weavile|67\/281
|
|turn|11
|
|switch|p1a: Manectric|Manectric-Mega, M|281\/281
|-ability|p1a: Manectric|Intimidate|[of] p2a: Skarmory
|-unboost|p2a: Skarmory|atk|1
|move|p2a: Skarmory|Roost|p2a: Skarmory
|-heal|p2a: Skarmory|334\/334
|
|turn|12
|
|switch|p2a: Blissey|Blissey, F|439\/714
|-damage|p2a: Blissey|350\/714|[from] Stealth Rock
|move|p1a: Manectric|Overheat|p2a: Blissey
|-damage|p2a: Blissey|253\/714
|-unboost|p1a: Manectric|spa|2
|
|turn|13
|
|switch|p1a: Tentacruel|Tentacruel, F|247\/357
|move|p2a: Blissey|Soft-Boiled|p2a: Blissey
|-heal|p2a: Blissey|610\/714
|
|-heal|p1a: Tentacruel|269\/357|[from] item: Black Sludge
|turn|14
|
|switch|p2a: Starmie|Starmie, shiny|262\/262
|-damage|p2a: Starmie|230\/262|[from] Stealth Rock
|move|p1a: Tentacruel|Acid Spray|p2a: Starmie
|-damage|p2a: Starmie|182\/262
|-unboost|p2a: Starmie|spd|2
|
|-heal|p1a: Tentacruel|291\/357|[from] item: Black Sludge
|turn|15
|
|switch|p1a: Manectric|Manectric-Mega, M|281\/281
|-ability|p1a: Manectric|Intimidate|[of] p2a: Starmie
|-unboost|p2a: Starmie|atk|1
|move|p2a: Starmie|Recover|p2a: Starmie
|-heal|p2a: Starmie|262\/262
|
|turn|16
|
|switch|p2a: Blissey|Blissey, F|610\/714
|-damage|p2a: Blissey|521\/714|[from] Stealth Rock
|move|p1a: Manectric|Thunderbolt|p2a: Blissey
|-damage|p2a: Blissey|431\/714
|
|turn|17
|
|switch|p1a: Tentacruel|Tentacruel, F|291\/357
|move|p2a: Blissey|Flamethrower|p1a: Tentacruel
|-resisted|p1a: Tentacruel
|-damage|p1a: Tentacruel|272\/357
|-status|p1a: Tentacruel|brn
|
|-heal|p1a: Tentacruel|294\/357 brn|[from] item: Black Sludge
|-damage|p1a: Tentacruel|250\/357 brn|[from] brn
|turn|18
|
|switch|p2a: Starmie|Starmie, shiny|262\/262
|-damage|p2a: Starmie|230\/262|[from] Stealth Rock
|move|p1a: Tentacruel|Scald|p2a: Starmie
|-resisted|p2a: Starmie
|-damage|p2a: Starmie|188\/262
|
|-heal|p1a: Tentacruel|272\/357 brn|[from] item: Black Sludge
|-damage|p1a: Tentacruel|228\/357 brn|[from] brn
|turn|19
|
|switch|p1a: Manectric|Manectric-Mega, M|281\/281
|-ability|p1a: Manectric|Intimidate|[of] p2a: Starmie
|-unboost|p2a: Starmie|atk|1
|move|p2a: Starmie|Thunder|p1a: Manectric
|-resisted|p1a: Manectric
|-damage|p1a: Manectric|220\/281
|
|turn|20
|
|switch|p2a: Blissey|Blissey, F|431\/714
|-damage|p2a: Blissey|342\/714|[from] Stealth Rock
|move|p1a: Manectric|Thunderbolt|p2a: Blissey
|-damage|p2a: Blissey|248\/714
|
|turn|21
|
|switch|p1a: Dragonite|Dragonite, F|323\/323
|move|p2a: Blissey|Soft-Boiled|p2a: Blissey
|-heal|p2a: Blissey|605\/714
|
|turn|22
|
|switch|p2a: Skarmory|Skarmory, F|334\/334
|-damage|p2a: Skarmory|293\/334|[from] Stealth Rock
|move|p1a: Dragonite|Fire Punch|p2a: Skarmory
|-crit|p2a: Skarmory
|-supereffective|p2a: Skarmory
|-damage|p2a: Skarmory|43\/334
|-status|p2a: Skarmory|brn
|
|-damage|p2a: Skarmory|2\/334 brn|[from] brn
|turn|23
|
|move|p1a: Dragonite|Fire Punch|p2a: Skarmory
|-supereffective|p2a: Skarmory
|-damage|p2a: Skarmory|0 fnt
|faint|p2a: Skarmory
|
|
|switch|p2a: Starmie|Starmie, shiny|188\/262
|-damage|p2a: Starmie|156\/262|[from] Stealth Rock
|turn|24
|
|switch|p1a: Tentacruel|Tentacruel, F|228\/357 brn
|move|p2a: Starmie|Recover|p2a: Starmie
|-heal|p2a: Starmie|262\/262
|
|-heal|p1a: Tentacruel|250\/357 brn|[from] item: Black Sludge
|-damage|p1a: Tentacruel|206\/357 brn|[from] brn
|turn|25
|
|switch|p1a: Gliscor|Gliscor, M|354\/354
|move|p2a: Starmie|Thunder|p1a: Gliscor
|-immune|p1a: Gliscor|[msg]
|
|-status|p1a: Gliscor|tox|[from] item: Toxic Orb
|turn|26
|
|move|p1a: Gliscor|Protect|p1a: Gliscor
|-singleturn|p1a: Gliscor|Protect
|move|p2a: Starmie|Blizzard|p1a: Gliscor
|-activate|p1a: Gliscor|Protect
|
|turn|27
|
|switch|p1a: Tentacruel|Tentacruel, F|206\/357 brn
|move|p2a: Starmie|Blizzard|p1a: Tentacruel
|-resisted|p1a: Tentacruel
|-damage|p1a: Tentacruel|170\/357 brn
|
|-heal|p1a: Tentacruel|192\/357 brn|[from] item: Black Sludge
|-damage|p1a: Tentacruel|148\/357 brn|[from] brn
|turn|28
|
|move|p2a: Starmie|Thunder|p1a: Tentacruel
|-supereffective|p1a: Tentacruel
|-damage|p1a: Tentacruel|0 fnt
|faint|p1a: Tentacruel
|
|
|switch|p1a: Weavile|Weavile, F|67\/281
|-ability|p1a: Weavile|Pressure
|turn|29
|
|switch|p2a: Excadrill|Excadrill, M|362\/362
|-damage|p2a: Excadrill|351\/362|[from] Stealth Rock
|-ability|p2a: Excadrill|Mold Breaker
|move|p1a: Weavile|Ice Punch|p2a: Excadrill|[miss]
|-miss|p1a: Weavile|p2a: Excadrill
|
|turn|30
|
|switch|p1a: Gliscor|Gliscor, M|354\/354 tox
|move|p2a: Excadrill|Rock Slide|p1a: Gliscor
|-damage|p1a: Gliscor|299\/354 tox
|
|-heal|p1a: Gliscor|343\/354 tox|[from] ability: Poison Heal
|turn|31
|
|switch|p2a: Dragonite|Dragonite, M|324\/324
|-damage|p2a: Dragonite|243\/324|[from] Stealth Rock
|move|p1a: Gliscor|Knock Off|p2a: Dragonite
|-damage|p2a: Dragonite|172\/324
|-enditem|p2a: Dragonite|BrightPowder|[from] move: Knock Off|[of] p1a: Gliscor
|
|-heal|p1a: Gliscor|354\/354 tox|[from] ability: Poison Heal
|turn|32
|
|move|p1a: Gliscor|Toxic|p2a: Dragonite
|-status|p2a: Dragonite|tox
|move|p2a: Dragonite|Roost|p2a: Dragonite
|-heal|p2a: Dragonite|324\/324 tox
|
|-damage|p2a: Dragonite|304\/324 tox|[from] psn
|turn|33
|
|move|p1a: Gliscor|Knock Off|p2a: Dragonite
|-damage|p2a: Dragonite|251\/324 tox
|move|p2a: Dragonite|Ice Beam|p1a: Gliscor
|-supereffective|p1a: Gliscor
|-damage|p1a: Gliscor|50\/354 tox
|
|-heal|p1a: Gliscor|94\/354 tox|[from] ability: Poison Heal
|-damage|p2a: Dragonite|211\/324 tox|[from] psn
|turn|34
|
|move|p1a: Gliscor|Protect|p1a: Gliscor
|-singleturn|p1a: Gliscor|Protect
|move|p2a: Dragonite|Ice Beam|p1a: Gliscor
|-activate|p1a: Gliscor|Protect
|
|-heal|p1a: Gliscor|138\/354 tox|[from] ability: Poison Heal
|-damage|p2a: Dragonite|151\/324 tox|[from] psn
|turn|35
|
|switch|p1a: Manectric|Manectric-Mega, M|220\/281
|-ability|p1a: Manectric|Intimidate|[of] p2a: Dragonite
|-unboost|p2a: Dragonite|atk|1
|move|p2a: Dragonite|Roost|p2a: Dragonite
|-heal|p2a: Dragonite|313\/324 tox
|
|-damage|p2a: Dragonite|233\/324 tox|[from] psn
|turn|36
|
|switch|p2a: Blissey|Blissey, F|605\/714
|-damage|p2a: Blissey|516\/714|[from] Stealth Rock
|move|p1a: Manectric|Thunderbolt|p2a: Blissey
|-damage|p2a: Blissey|416\/714
|
|turn|37
|
|move|p1a: Manectric|Thunderbolt|p2a: Blissey
|-damage|p2a: Blissey|322\/714
|move|p2a: Blissey|Ice Beam|p1a: Manectric
|-crit|p1a: Manectric
|-damage|p1a: Manectric|111\/281
|
|turn|38
|
|move|p1a: Manectric|Thunderbolt|p2a: Blissey
|-damage|p2a: Blissey|225\/714
|move|p2a: Blissey|Soft-Boiled|p2a: Blissey
|-heal|p2a: Blissey|582\/714
|
|turn|39
|
|move|p1a: Manectric|Thunderbolt|p2a: Blissey
|-damage|p2a: Blissey|486\/714
|move|p2a: Blissey|Ice Beam|p1a: Manectric
|-damage|p1a: Manectric|42\/281
|
|turn|40
|
|move|p1a: Manectric|Thunderbolt|p2a: Blissey
|-crit|p2a: Blissey
|-damage|p2a: Blissey|345\/714
|move|p2a: Blissey|Soft-Boiled|p2a: Blissey
|-heal|p2a: Blissey|702\/714
|
|turn|41
|
|move|p1a: Manectric|Volt Switch|p2a: Blissey
|-damage|p2a: Blissey|627\/714
|
|switch|p1a: Weavile|Weavile, F|67\/281
|-ability|p1a: Weavile|Pressure
|move|p2a: Blissey|Flamethrower|p1a: Weavile
|-supereffective|p1a: Weavile
|-damage|p1a: Weavile|0 fnt
|faint|p1a: Weavile
|
|
|switch|p1a: Dragonite|Dragonite, F|323\/323
|turn|42
|
|switch|p2a: Starmie|Starmie, shiny|262\/262
|-damage|p2a: Starmie|230\/262|[from] Stealth Rock
|move|p1a: Dragonite|Outrage|p2a: Starmie
|-damage|p2a: Starmie|0 fnt
|faint|p2a: Starmie
|
|
|switch|p2a: Excadrill|Excadrill, M|351\/362
|-damage|p2a: Excadrill|340\/362|[from] Stealth Rock
|-ability|p2a: Excadrill|Mold Breaker
|turn|43
|
|move|p2a: Excadrill|Rock Slide|p1a: Dragonite
|-supereffective|p1a: Dragonite
|-damage|p1a: Dragonite|141\/323
|move|p1a: Dragonite|Outrage|p2a: Excadrill
|-resisted|p2a: Excadrill
|-damage|p2a: Excadrill|49\/362
|
|turn|44
|
|move|p2a: Excadrill|Rock Slide|p1a: Dragonite
|-supereffective|p1a: Dragonite
|-damage|p1a: Dragonite|0 fnt
|faint|p1a: Dragonite
|
|
|switch|p1a: Gliscor|Gliscor, M|138\/354 tox
|turn|45
|
|switch|p2a: Dragonite|Dragonite, M|233\/324 tox
|-damage|p2a: Dragonite|152\/324 tox|[from] Stealth Rock
|move|p1a: Gliscor|Protect|p1a: Gliscor
|-fail|p1a: Gliscor
|
|-heal|p1a: Gliscor|182\/354 tox|[from] ability: Poison Heal
|-damage|p2a: Dragonite|132\/324 tox|[from] psn
|turn|46
|
|move|p1a: Gliscor|Protect|p1a: Gliscor
|-singleturn|p1a: Gliscor|Protect
|move|p2a: Dragonite|Roost|p2a: Dragonite
|-heal|p2a: Dragonite|294\/324 tox
|
|-heal|p1a: Gliscor|226\/354 tox|[from] ability: Poison Heal
|-damage|p2a: Dragonite|254\/324 tox|[from] psn
|turn|47
|
|switch|p1a: Manectric|Manectric-Mega, M|42\/281
|-ability|p1a: Manectric|Intimidate|[of] p2a: Dragonite
|-unboost|p2a: Dragonite|atk|1
|move|p2a: Dragonite|Ice Beam|p1a: Manectric
|-damage|p1a: Manectric|0 fnt
|faint|p1a: Manectric
|
|-damage|p2a: Dragonite|194\/324 tox|[from] psn
|
|switch|p1a: Gliscor|Gliscor, M|226\/354 tox
|turn|48
|
|move|p1a: Gliscor|Knock Off|p2a: Dragonite
|-damage|p2a: Dragonite|139\/324 tox
|move|p2a: Dragonite|Roost|p2a: Dragonite
|-heal|p2a: Dragonite|301\/324 tox
|
|-heal|p1a: Gliscor|270\/354 tox|[from] ability: Poison Heal
|-damage|p2a: Dragonite|221\/324 tox|[from] psn
|turn|49
|
|move|p1a: Gliscor|Protect|p1a: Gliscor
|-singleturn|p1a: Gliscor|Protect
|move|p2a: Dragonite|Ice Beam|p1a: Gliscor
|-activate|p1a: Gliscor|Protect
|
|-heal|p1a: Gliscor|314\/354 tox|[from] ability: Poison Heal
|-damage|p2a: Dragonite|121\/324 tox|[from] psn
|turn|50
|
|move|p1a: Gliscor|Protect|p1a: Gliscor
|-fail|p1a: Gliscor
|move|p2a: Dragonite|Roost|p2a: Dragonite
|-heal|p2a: Dragonite|283\/324 tox
|
|-heal|p1a: Gliscor|354\/354 tox|[from] ability: Poison Heal
|-damage|p2a: Dragonite|163\/324 tox|[from] psn
|turn|51
|
|move|p1a: Gliscor|Protect|p1a: Gliscor
|-singleturn|p1a: Gliscor|Protect
|move|p2a: Dragonite|Roost|p2a: Dragonite
|-heal|p2a: Dragonite|324\/324 tox
|
|-damage|p2a: Dragonite|184\/324 tox|[from] psn
|turn|52
|
|move|p1a: Gliscor|Knock Off|p2a: Dragonite
|-crit|p2a: Dragonite
|-damage|p2a: Dragonite|113\/324 tox
|move|p2a: Dragonite|Roost|p2a: Dragonite
|-heal|p2a: Dragonite|275\/324 tox
|
|-damage|p2a: Dragonite|115\/324 tox|[from] psn
|turn|53
|
|move|p1a: Gliscor|Protect|p1a: Gliscor
|-singleturn|p1a: Gliscor|Protect
|move|p2a: Dragonite|Ice Beam|p1a: Gliscor
|-activate|p1a: Gliscor|Protect
|
|-damage|p2a: Dragonite|0 fnt|[from] psn
|faint|p2a: Dragonite
|
|switch|p2a: Blissey|Blissey, F|627\/714
|-damage|p2a: Blissey|538\/714|[from] Stealth Rock
|turn|54
|
|move|p1a: Gliscor|Knock Off|p2a: Blissey
|-damage|p2a: Blissey|250\/714
|-enditem|p2a: Blissey|BrightPowder|[from] move: Knock Off|[of] p1a: Gliscor
|move|p2a: Blissey|Ice Beam|p1a: Gliscor
|-supereffective|p1a: Gliscor
|-damage|p1a: Gliscor|58\/354 tox
|
|-heal|p1a: Gliscor|102\/354 tox|[from] ability: Poison Heal
|turn|55
|
|move|p1a: Gliscor|Protect|p1a: Gliscor
|-singleturn|p1a: Gliscor|Protect
|move|p2a: Blissey|Ice Beam|p1a: Gliscor
|-activate|p1a: Gliscor|Protect
|
|-heal|p1a: Gliscor|146\/354 tox|[from] ability: Poison Heal
|turn|56
|
|move|p1a: Gliscor|Earthquake|p2a: Blissey
|-damage|p2a: Blissey|0 fnt
|faint|p2a: Blissey
|
|-heal|p1a: Gliscor|190\/354 tox|[from] ability: Poison Heal
|
|switch|p2a: Excadrill|Excadrill, M|49\/362
|-damage|p2a: Excadrill|38\/362|[from] Stealth Rock
|-ability|p2a: Excadrill|Mold Breaker
|turn|57
|
|move|p1a: Gliscor|Protect|p1a: Gliscor
|-singleturn|p1a: Gliscor|Protect
|move|p2a: Excadrill|Rock Slide|p1a: Gliscor
|-activate|p1a: Gliscor|Protect
|
|-heal|p1a: Gliscor|234\/354 tox|[from] ability: Poison Heal
|turn|58
|
|move|p2a: Excadrill|Swords Dance|p2a: Excadrill
|-boost|p2a: Excadrill|atk|2
|move|p1a: Gliscor|Knock Off|p2a: Excadrill
|-damage|p2a: Excadrill|0 fnt
|-enditem|p2a: Excadrill|BrightPowder|[from] move: Knock Off|[of] p1a: Gliscor
|faint|p2a: Excadrill
|
|-heal|p1a: Gliscor|278\/354 tox|[from] ability: Poison Heal
|
|switch|p2a: Heracross|Heracross, M|364\/364
|-damage|p2a: Heracross|319\/364|[from] Stealth Rock
|turn|59
|
|detailschange|p2a: Heracross|Heracross-Mega, M
|message|Heracross has Mega Evolved into Mega Heracross!
|move|p1a: Gliscor|Toxic|p2a: Heracross
|-status|p2a: Heracross|tox
|move|p2a: Heracross|Bulk Up|p2a: Heracross
|-boost|p2a: Heracross|atk|1
|-boost|p2a: Heracross|def|1
|
|-heal|p1a: Gliscor|322\/354 tox|[from] ability: Poison Heal
|-damage|p2a: Heracross|297\/364 tox|[from] psn
|turn|60
|
|move|p1a: Gliscor|Earthquake|p2a: Heracross
|-resisted|p2a: Heracross
|-damage|p2a: Heracross|261\/364 tox
|move|p2a: Heracross|Bulk Up|p2a: Heracross
|-boost|p2a: Heracross|atk|1
|-boost|p2a: Heracross|def|1
|
|-heal|p1a: Gliscor|354\/354 tox|[from] ability: Poison Heal
|-damage|p2a: Heracross|217\/364 tox|[from] psn
|turn|61
|
|move|p1a: Gliscor|Earthquake|p2a: Heracross
|-resisted|p2a: Heracross
|-damage|p2a: Heracross|191\/364 tox
|move|p2a: Heracross|Stone Edge|p1a: Gliscor
|-damage|p1a: Gliscor|134\/354 tox
|
|-heal|p1a: Gliscor|178\/354 tox|[from] ability: Poison Heal
|-damage|p2a: Heracross|125\/364 tox|[from] psn
|turn|62
|
|move|p1a: Gliscor|Protect|p1a: Gliscor
|-singleturn|p1a: Gliscor|Protect
|move|p2a: Heracross|Stone Edge|p1a: Gliscor
|-activate|p1a: Gliscor|Protect
|
|-heal|p1a: Gliscor|222\/354 tox|[from] ability: Poison Heal
|-damage|p2a: Heracross|37\/364 tox|[from] psn
|turn|63
|
|move|p1a: Gliscor|Protect|p1a: Gliscor
|-singleturn|p1a: Gliscor|Protect
|move|p2a: Heracross|Stone Edge|p1a: Gliscor
|-activate|p1a: Gliscor|Protect
|
|-heal|p1a: Gliscor|266\/354 tox|[from] ability: Poison Heal
|-damage|p2a: Heracross|0 fnt|[from] psn
|faint|p2a: Heracross
|
|win|Wooliest Mammoth
|raw|Ladder updating...
|raw|Wooliest Mammoth's rating: 1294 &rarr; <strong>1316<\/strong><br \/>(+22 for winning)
|raw|Deerslayer's rating: 1253 &rarr; <strong>1231<\/strong><br \/>(-22 for losing)
|c|âWooliest Mammoth|gg
|leave|Deerslayer
|player|p2