|join|Lemon Drops
|join|zippleclopper
|player|p1|Lemon Drops|170
|player|p2|zippleclopper|1
|gametype|singles
|gen|6
|tier|OU
|rated
|clearpoke
|poke|p1|Clefable, F
|poke|p1|Quagsire, M
|poke|p1|Venusaur, M
|poke|p1|Heatran, M
|poke|p1|Landorus-Therian, M
|poke|p1|Skarmory, F
|poke|p2|Aggron, M
|poke|p2|Alomomola, M
|poke|p2|Breloom, M
|poke|p2|Tentacruel, F
|poke|p2|Victini
|poke|p2|Clefable, M
|rule|Swagger Clause: Swagger is banned
|rule|Baton Pass Clause: Limit one PokÃ©mon knowing Baton Pass
|rule|Sleep Clause Mod: Limit one foe put to sleep
|rule|Species Clause: Limit one of each PokÃ©mon
|rule|OHKO Clause: OHKO moves are banned
|rule|Moody Clause: Moody is banned
|rule|Evasion Moves Clause: Evasion moves are banned
|rule|Endless Battle Clause: Forcing endless battles is banned
|rule|HP Percentage Mod: HP is shown in percentages
|teampreview
|
|start
|switch|p1a: Heatran|Heatran, M|386\/386
|switch|p2a: Breloom|Breloom, M|282\/282
|turn|1
|
|switch|p1a: Venusaur|Venusaur, M|364\/364
|move|p2a: Breloom|Spore|p1a: Venusaur
|-fail|p1a: Venusaur
|
|-status|p2a: Breloom|tox|[from] item: Toxic Orb
|turn|2
|
|switch|p2a: Tentacruel|Tentacruel, F|364\/364
|move|p1a: Venusaur|Sludge Bomb|p2a: Tentacruel
|-resisted|p2a: Tentacruel
|-damage|p2a: Tentacruel|321\/364
|
|-heal|p2a: Tentacruel|343\/364|[from] item: Black Sludge
|turn|3
|
|move|p2a: Tentacruel|Scald|p1a: Venusaur
|-crit|p1a: Venusaur
|-resisted|p1a: Venusaur
|-damage|p1a: Venusaur|307\/364
|move|p1a: Venusaur|Sleep Powder|p2a: Tentacruel
|-status|p2a: Tentacruel|slp
|
|-heal|p2a: Tentacruel|364\/364 slp|[from] item: Black Sludge
|turn|4
|
|detailschange|p1a: Venusaur|Venusaur-Mega, M
|message|Venusaur has Mega Evolved into Mega Venusaur!
|cant|p2a: Tentacruel|slp
|move|p1a: Venusaur|Giga Drain|p2a: Tentacruel
|-damage|p2a: Tentacruel|282\/364 slp
|-damage|p1a: Venusaur|266\/364|[from] ability: Liquid Ooze|[of] p2a: Tentacruel
|
|-heal|p2a: Tentacruel|304\/364 slp|[from] item: Black Sludge
|turn|5
|
|switch|p1a: Quagsire|Quagsire, M|394\/394
|cant|p2a: Tentacruel|slp
|
|-heal|p2a: Tentacruel|326\/364 slp|[from] item: Black Sludge
|turn|6
|
|cant|p2a: Tentacruel|slp
|move|p1a: Quagsire|Earthquake|p2a: Tentacruel
|-supereffective|p2a: Tentacruel
|-damage|p2a: Tentacruel|134\/364 slp
|
|-heal|p2a: Tentacruel|156\/364 slp|[from] item: Black Sludge
|turn|7
|
|switch|p2a: Breloom|Breloom, M|282\/282 tox
|move|p1a: Quagsire|Earthquake|p2a: Breloom
|-resisted|p2a: Breloom
|-damage|p2a: Breloom|225\/282 tox
|
|-heal|p2a: Breloom|260\/282 tox|[from] ability: Poison Heal
|turn|8
|
|switch|p1a: Venusaur|Venusaur-Mega, M|266\/364
|move|p2a: Breloom|Substitute|p2a: Breloom
|-start|p2a: Breloom|Substitute
|-damage|p2a: Breloom|190\/282 tox
|
|-heal|p2a: Breloom|225\/282 tox|[from] ability: Poison Heal
|turn|9
|
|move|p2a: Breloom|Facade|p1a: Venusaur
|-damage|p1a: Venusaur|150\/364
|move|p1a: Venusaur|Sludge Bomb|p2a: Breloom
|-supereffective|p2a: Breloom
|-end|p2a: Breloom|Substitute
|
|-heal|p2a: Breloom|260\/282 tox|[from] ability: Poison Heal
|turn|10
|
|switch|p2a: Tentacruel|Tentacruel, F|156\/364 slp
|move|p1a: Venusaur|Sludge Bomb|p2a: Tentacruel
|-resisted|p2a: Tentacruel
|-damage|p2a: Tentacruel|104\/364 slp
|
|-heal|p2a: Tentacruel|126\/364 slp|[from] item: Black Sludge
|turn|11
|
|-curestatus|p2a: Tentacruel|slp
|move|p2a: Tentacruel|Scald|p1a: Venusaur
|-resisted|p1a: Venusaur
|-damage|p1a: Venusaur|115\/364
|move|p1a: Venusaur|Synthesis|p1a: Venusaur
|-heal|p1a: Venusaur|297\/364
|
|-heal|p2a: Tentacruel|148\/364|[from] item: Black Sludge
|turn|12
|
|switch|p1a: Quagsire|Quagsire, M|394\/394
|move|p2a: Tentacruel|Scald|p1a: Quagsire
|-damage|p1a: Quagsire|280\/394
|-status|p1a: Quagsire|brn
|
|-heal|p2a: Tentacruel|170\/364|[from] item: Black Sludge
|-heal|p1a: Quagsire|304\/394 brn|[from] item: Leftovers
|-damage|p1a: Quagsire|255\/394 brn|[from] brn
|turn|13
|
|switch|p2a: Breloom|Breloom, M|260\/282 tox
|move|p1a: Quagsire|Earthquake|p2a: Breloom
|-resisted|p2a: Breloom
|-damage|p2a: Breloom|226\/282 tox
|
|-heal|p1a: Quagsire|279\/394 brn|[from] item: Leftovers
|-heal|p2a: Breloom|261\/282 tox|[from] ability: Poison Heal
|-damage|p1a: Quagsire|230\/394 brn|[from] brn
|turn|14
|
|switch|p1a: Skarmory|Skarmory, F|334\/334
|move|p2a: Breloom|Facade|p1a: Skarmory
|-resisted|p1a: Skarmory
|-damage|p1a: Skarmory|283\/334
|
|-heal|p1a: Skarmory|303\/334|[from] item: Leftovers
|-heal|p2a: Breloom|282\/282 tox|[from] ability: Poison Heal
|turn|15
|
|switch|p2a: Tentacruel|Tentacruel, F|170\/364
|move|p1a: Skarmory|Spikes|p2a: Tentacruel
|-sidestart|p2: zippleclopper|Spikes
|
|-heal|p2a: Tentacruel|192\/364|[from] item: Black Sludge
|-heal|p1a: Skarmory|323\/334|[from] item: Leftovers
|turn|16
|
|move|p2a: Tentacruel|Scald|p1a: Skarmory
|-damage|p1a: Skarmory|217\/334
|move|p1a: Skarmory|Spikes|p2a: Tentacruel
|-sidestart|p2: zippleclopper|Spikes
|
|-heal|p2a: Tentacruel|214\/364|[from] item: Black Sludge
|-heal|p1a: Skarmory|237\/334|[from] item: Leftovers
|turn|17
|
|switch|p1a: Landorus-Therian|Landorus-Therian, M|319\/319
|-ability|p1a: Landorus-Therian|Intimidate|[of] p2a: Tentacruel
|-unboost|p2a: Tentacruel|atk|1
|move|p2a: Tentacruel|Rapid Spin|p1a: Landorus-Therian
|-damage|p1a: Landorus-Therian|311\/319
|-sideend|p2: zippleclopper|Spikes|[from] move: Rapid Spin|[of] p2a: Tentacruel
|
|-heal|p2a: Tentacruel|236\/364|[from] item: Black Sludge
|turn|18
|
|switch|p2a: Alomomola|Alomomola, M|497\/497
|move|p1a: Landorus-Therian|Earthquake|p2a: Alomomola
|-damage|p2a: Alomomola|335\/497
|
|-heal|p2a: Alomomola|366\/497|[from] item: Leftovers
|turn|19
|
|switch|p1a: Heatran|Heatran, M|386\/386
|move|p2a: Alomomola|Scald|p1a: Heatran
|-supereffective|p1a: Heatran
|-damage|p1a: Heatran|318\/386
|
|-heal|p1a: Heatran|342\/386|[from] item: Leftovers
|-heal|p2a: Alomomola|397\/497|[from] item: Leftovers
|turn|20
|
|move|p1a: Heatran|Stealth Rock|p2a: Alomomola
|-sidestart|p2: zippleclopper|move: Stealth Rock
|move|p2a: Alomomola|Wish|p2a: Alomomola
|
|-heal|p1a: Heatran|366\/386|[from] item: Leftovers
|-heal|p2a: Alomomola|428\/497|[from] item: Leftovers
|turn|21
|
|switch|p2a: Tentacruel|Tentacruel, F|236\/364
|-damage|p2a: Tentacruel|191\/364|[from] Stealth Rock
|move|p1a: Heatran|Lava Plume|p2a: Tentacruel
|-resisted|p2a: Tentacruel
|-damage|p2a: Tentacruel|137\/364
|
|-heal|p2a: Tentacruel|364\/364|[from] move: Wish|[wisher] Alomomola
|-heal|p1a: Heatran|386\/386|[from] item: Leftovers
|turn|22
|
|move|p2a: Tentacruel|Rapid Spin|p1a: Heatran
|-resisted|p1a: Heatran
|-damage|p1a: Heatran|381\/386
|-sideend|p2: zippleclopper|Stealth Rock|[from] move: Rapid Spin|[of] p2a: Tentacruel
|move|p1a: Heatran|Roar|p2a: Tentacruel
|drag|p2a: Breloom|Breloom, M|282\/282 tox
|
|-heal|p1a: Heatran|386\/386|[from] item: Leftovers
|turn|23
|
|move|p2a: Breloom|Substitute|p2a: Breloom
|-start|p2a: Breloom|Substitute
|-damage|p2a: Breloom|212\/282 tox
|move|p1a: Heatran|Lava Plume|p2a: Breloom
|-supereffective|p2a: Breloom
|-end|p2a: Breloom|Substitute
|
|-heal|p2a: Breloom|247\/282 tox|[from] ability: Poison Heal
|turn|24
|
|move|p2a: Breloom|Spore|p1a: Heatran
|-status|p1a: Heatran|slp
|cant|p1a: Heatran|slp
|
|-heal|p2a: Breloom|282\/282 tox|[from] ability: Poison Heal
|turn|25
|
|move|p2a: Breloom|Substitute|p2a: Breloom
|-start|p2a: Breloom|Substitute
|-damage|p2a: Breloom|212\/282 tox
|-curestatus|p1a: Heatran|slp
|move|p1a: Heatran|Lava Plume|p2a: Breloom
|-supereffective|p2a: Breloom
|-end|p2a: Breloom|Substitute
|
|-heal|p2a: Breloom|247\/282 tox|[from] ability: Poison Heal
|turn|26
|
|move|p2a: Breloom|Substitute|p2a: Breloom
|-start|p2a: Breloom|Substitute
|-damage|p2a: Breloom|177\/282 tox
|move|p1a: Heatran|Lava Plume|p2a: Breloom
|-supereffective|p2a: Breloom
|-end|p2a: Breloom|Substitute
|
|-heal|p2a: Breloom|212\/282 tox|[from] ability: Poison Heal
|turn|27
|
|move|p2a: Breloom|Spore|p1a: Heatran
|-status|p1a: Heatran|slp
|cant|p1a: Heatran|slp
|
|-heal|p2a: Breloom|247\/282 tox|[from] ability: Poison Heal
|turn|28
|
|move|p2a: Breloom|Substitute|p2a: Breloom
|-start|p2a: Breloom|Substitute
|-damage|p2a: Breloom|177\/282 tox
|cant|p1a: Heatran|slp
|
|-heal|p2a: Breloom|212\/282 tox|[from] ability: Poison Heal
|turn|29
|
|-singleturn|p2a: Breloom|move: Focus Punch
|cant|p1a: Heatran|slp
|move|p2a: Breloom|Focus Punch|p1a: Heatran
|-supereffective|p1a: Heatran
|-damage|p1a: Heatran|0 fnt
|faint|p1a: Heatran
|
|-heal|p2a: Breloom|247\/282 tox|[from] ability: Poison Heal
|
|switch|p1a: Skarmory|Skarmory, F|237\/334
|turn|30
|
|-singleturn|p2a: Breloom|move: Focus Punch
|move|p1a: Skarmory|Spikes|p2a: Breloom
|-sidestart|p2: zippleclopper|Spikes
|move|p2a: Breloom|Focus Punch|p1a: Skarmory
|-damage|p1a: Skarmory|72\/334
|
|-heal|p1a: Skarmory|92\/334|[from] item: Leftovers
|-heal|p2a: Breloom|282\/282 tox|[from] ability: Poison Heal
|turn|31
|
|-singleturn|p2a: Breloom|move: Focus Punch
|move|p1a: Skarmory|Roost|p1a: Skarmory
|-heal|p1a: Skarmory|259\/334
|move|p2a: Breloom|Focus Punch|p1a: Skarmory
|-supereffective|p1a: Skarmory
|-damage|p1a: Skarmory|0 fnt
|faint|p1a: Skarmory
|
|
|switch|p1a: Clefable|Clefable, F|394\/394
|turn|32
|
|move|p2a: Breloom|Facade|p1a: Clefable
|-crit|p1a: Clefable
|-damage|p1a: Clefable|136\/394
|move|p1a: Clefable|Moonblast|p2a: Breloom
|-supereffective|p2a: Breloom
|-end|p2a: Breloom|Substitute
|
|-heal|p1a: Clefable|160\/394|[from] item: Leftovers
|turn|33
|
|move|p2a: Breloom|Facade|p1a: Clefable
|-crit|p1a: Clefable
|-damage|p1a: Clefable|0 fnt
|faint|p1a: Clefable
|
|c|âLemon Drops|Really, double crit?
|
|switch|p1a: Landorus-Therian|Landorus-Therian, M|311\/319
|-ability|p1a: Landorus-Therian|Intimidate|[of] p2a: Breloom
|-unboost|p2a: Breloom|atk|1
|turn|34
|
|move|p1a: Landorus-Therian|Earthquake|p2a: Breloom
|-resisted|p2a: Breloom
|-damage|p2a: Breloom|163\/282 tox
|move|p2a: Breloom|Substitute|p2a: Breloom
|-start|p2a: Breloom|Substitute
|-damage|p2a: Breloom|93\/282 tox
|
|-heal|p2a: Breloom|128\/282 tox|[from] ability: Poison Heal
|turn|35
|
|move|p1a: Landorus-Therian|Earthquake|p2a: Breloom
|-resisted|p2a: Breloom
|-end|p2a: Breloom|Substitute
|move|p2a: Breloom|Spore|p1a: Landorus-Therian
|-status|p1a: Landorus-Therian|slp
|
|-heal|p2a: Breloom|163\/282 tox|[from] ability: Poison Heal
|turn|36
|
|switch|p2a: Alomomola|Alomomola, M|497\/497
|-damage|p2a: Alomomola|435\/497|[from] Spikes
|cant|p1a: Landorus-Therian|slp
|
|-heal|p2a: Alomomola|466\/497|[from] item: Leftovers
|turn|37
|
|switch|p1a: Venusaur|Venusaur-Mega, M|297\/364
|move|p2a: Alomomola|Scald|p1a: Venusaur
|-resisted|p1a: Venusaur
|-damage|p1a: Venusaur|276\/364
|
|-heal|p2a: Alomomola|497\/497|[from] item: Leftovers
|turn|38
|
|move|p1a: Venusaur|Sludge Bomb|p2a: Alomomola
|-damage|p2a: Alomomola|329\/497
|move|p2a: Alomomola|Mirror Coat|p1a: Venusaur
|-damage|p1a: Venusaur|0 fnt
|faint|p1a: Venusaur
|
|-heal|p2a: Alomomola|360\/497|[from] item: Leftovers
|
|switch|p1a: Quagsire|Quagsire, M|230\/394 brn
|turn|39
|
|move|p2a: Alomomola|Wish|p2a: Alomomola
|move|p1a: Quagsire|Toxic|p2a: Alomomola
|-status|p2a: Alomomola|tox
|
|-heal|p2a: Alomomola|391\/497 tox|[from] item: Leftovers
|-heal|p1a: Quagsire|254\/394 brn|[from] item: Leftovers
|-damage|p2a: Alomomola|360\/497 tox|[from] psn
|-damage|p1a: Quagsire|205\/394 brn|[from] brn
|turn|40
|
|switch|p2a: Breloom|Breloom, M|163\/282 tox
|-damage|p2a: Breloom|128\/282 tox|[from] Spikes
|move|p1a: Quagsire|Recover|p1a: Quagsire
|-heal|p1a: Quagsire|394\/394 brn
|
|-heal|p2a: Breloom|282\/282 tox|[from] move: Wish|[wisher] Alomomola
|-damage|p1a: Quagsire|345\/394 brn|[from] brn
|turn|41
|
|move|p2a: Breloom|Substitute|p2a: Breloom
|-start|p2a: Breloom|Substitute
|-damage|p2a: Breloom|212\/282 tox
|move|p1a: Quagsire|Earthquake|p2a: Breloom
|-resisted|p2a: Breloom
|-activate|p2a: Breloom|Substitute|[damage]
|
|-heal|p1a: Quagsire|369\/394 brn|[from] item: Leftovers
|-heal|p2a: Breloom|247\/282 tox|[from] ability: Poison Heal
|-damage|p1a: Quagsire|320\/394 brn|[from] brn
|turn|42
|
|-singleturn|p2a: Breloom|move: Focus Punch
|move|p1a: Quagsire|Earthquake|p2a: Breloom
|-resisted|p2a: Breloom
|-activate|p2a: Breloom|Substitute|[damage]
|move|p2a: Breloom|Focus Punch|p1a: Quagsire
|-damage|p1a: Quagsire|100\/394 brn
|
|-heal|p1a: Quagsire|124\/394 brn|[from] item: Leftovers
|-heal|p2a: Breloom|282\/282 tox|[from] ability: Poison Heal
|-damage|p1a: Quagsire|75\/394 brn|[from] brn
|turn|43
|
|move|p2a: Breloom|Facade|p1a: Quagsire
|-damage|p1a: Quagsire|0 fnt
|faint|p1a: Quagsire
|
|
|switch|p1a: Landorus-Therian|Landorus-Therian, M|311\/319 slp
|-activate|p2a: Breloom|Substitute|ability: Intimidate|[of] p1a: Landorus-Therian
|turn|44
|
|cant|p1a: Landorus-Therian|slp
|move|p2a: Breloom|Facade|p1a: Landorus-Therian
|-crit|p1a: Landorus-Therian
|-damage|p1a: Landorus-Therian|21\/319 slp
|
|turn|45
|-message|Lemon Drops forfeited.
|
|win|zippleclopper
|raw|Ladder updating...
|leave|Lemon Drops
|player|p1
|raw|Lemon Drops's rating: 1525 &rarr; <strong>1507<\/strong><br \/>(-18 for losing)
|raw|zippleclopper's rating: 1544 &rarr; <strong>1562<\/strong><br \/>(+18 for winning)