|join|LT6I Brodean
|join|zippleclopper
|player|p1|LT6I Brodean|101
|player|p2|zippleclopper|1
|gametype|singles
|gen|6
|tier|OU
|rated
|clearpoke
|poke|p1|Tyranitar, F
|poke|p1|Excadrill, M
|poke|p1|Thundurus, M
|poke|p1|Gardevoir, F
|poke|p1|Celebi
|poke|p1|Suicune
|poke|p2|Crawdaunt, F
|poke|p2|Venusaur, F
|poke|p2|Victini
|poke|p2|Landorus-Therian, M
|poke|p2|Clefable, F
|poke|p2|Forretress, M
|rule|Swagger Clause: Swagger is banned
|rule|Baton Pass Clause: Limit one PokÃ©mon knowing Baton Pass
|rule|Sleep Clause Mod: Limit one foe put to sleep
|rule|Species Clause: Limit one of each PokÃ©mon
|rule|OHKO Clause: OHKO moves are banned
|rule|Moody Clause: Moody is banned
|rule|Evasion Moves Clause: Evasion moves are banned
|rule|Endless Battle Clause: Forcing endless battles is banned
|rule|HP Percentage Mod: HP is shown in percentages
|teampreview
|
|start
|switch|p1a: Suicune|Suicune|404\/404
|switch|p2a: Landorus-Therian|Landorus-Therian, M|319\/319
|-ability|p2a: Landorus-Therian|Intimidate|[of] p1a: Suicune
|-unboost|p1a: Suicune|atk|1
|-ability|p1a: Suicune|Pressure
|turn|1
|
|move|p2a: Landorus-Therian|U-turn|p1a: Suicune
|-damage|p1a: Suicune|341\/404
|
|switch|p2a: Venusaur|Venusaur, F|359\/359
|move|p1a: Suicune|Scald|p2a: Venusaur
|-resisted|p2a: Venusaur
|-damage|p2a: Venusaur|312\/359
|
|-heal|p1a: Suicune|366\/404|[from] item: Leftovers
|turn|2
|
|detailschange|p2a: Venusaur|Venusaur-Mega, F
|message|Venusaur has Mega Evolved into Mega Venusaur!
|move|p1a: Suicune|Calm Mind|p1a: Suicune
|-boost|p1a: Suicune|spa|1
|-boost|p1a: Suicune|spd|1
|move|p2a: Venusaur|Giga Drain|p1a: Suicune
|-supereffective|p1a: Suicune
|-damage|p1a: Suicune|192\/404
|-heal|p2a: Venusaur|359\/359|[from] drain|[of] p1a: Suicune
|
|-heal|p1a: Suicune|217\/404|[from] item: Leftovers
|turn|3
|
|move|p1a: Suicune|Calm Mind|p1a: Suicune
|-boost|p1a: Suicune|spa|1
|-boost|p1a: Suicune|spd|1
|move|p2a: Venusaur|Giga Drain|p1a: Suicune
|-supereffective|p1a: Suicune
|-damage|p1a: Suicune|101\/404
|
|-heal|p1a: Suicune|126\/404|[from] item: Leftovers
|turn|4
|
|switch|p2a: Crawdaunt|Crawdaunt, F|268\/268
|move|p1a: Suicune|Rest|p1a: Suicune
|-status|p1a: Suicune|slp
|-heal|p1a: Suicune|404\/404 slp|[silent]
|-status|p1a: Suicune|slp|[from] move: Rest
|
|turn|5
|
|move|p2a: Crawdaunt|Swords Dance|p2a: Crawdaunt
|-boost|p2a: Crawdaunt|atk|2
|cant|p1a: Suicune|slp
|move|p1a: Suicune|Sleep Talk|p1a: Suicune
|move|p1a: Suicune|Rest|p1a: Suicune|[from]Sleep Talk
|-fail|p1a: Suicune
|
|turn|6
|
|switch|p1a: Tyranitar|Tyranitar, F|342\/342
|-weather|Sandstorm
|move|p2a: Crawdaunt|Knock Off|p1a: Tyranitar
|-resisted|p1a: Tyranitar
|-damage|p1a: Tyranitar|39\/342
|-enditem|p1a: Tyranitar|Choice Scarf|[from] move: Knock Off|[of] p2a: Crawdaunt
|-damage|p2a: Crawdaunt|242\/268|[from] item: Life Orb
|
|-weather|Sandstorm|[upkeep]
|-damage|p2a: Crawdaunt|226\/268|[from] sandstorm
|turn|7
|
|move|p2a: Crawdaunt|Aqua Jet|p1a: Tyranitar
|-supereffective|p1a: Tyranitar
|-damage|p1a: Tyranitar|0 fnt
|-damage|p2a: Crawdaunt|200\/268|[from] item: Life Orb
|faint|p1a: Tyranitar
|
|-weather|Sandstorm|[upkeep]
|-damage|p2a: Crawdaunt|184\/268|[from] sandstorm
|
|switch|p1a: Celebi|Celebi|403\/403
|turn|8
|
|switch|p2a: Forretress|Forretress, M|353\/353
|move|p1a: Celebi|Giga Drain|p2a: Forretress
|-resisted|p2a: Forretress
|-damage|p2a: Forretress|329\/353
|
|-weather|Sandstorm|[upkeep]
|-damage|p1a: Celebi|378\/403|[from] sandstorm
|-heal|p1a: Celebi|403\/403|[from] item: Leftovers
|turn|9
|
|switch|p2a: Venusaur|Venusaur-Mega, F|359\/359
|move|p1a: Celebi|Hidden Power|p2a: Venusaur
|-supereffective|p2a: Venusaur
|-damage|p2a: Venusaur|313\/359
|
|-weather|Sandstorm|[upkeep]
|-damage|p1a: Celebi|378\/403|[from] sandstorm
|-damage|p2a: Venusaur|291\/359|[from] sandstorm
|-heal|p1a: Celebi|403\/403|[from] item: Leftovers
|turn|10
|
|move|p1a: Celebi|Stealth Rock|p2a: Venusaur
|-sidestart|p2: zippleclopper|move: Stealth Rock
|move|p2a: Venusaur|Synthesis|p2a: Venusaur
|-heal|p2a: Venusaur|359\/359
|
|-weather|none
|turn|11
|
|switch|p1a: Excadrill|Excadrill, M|362\/362
|move|p2a: Venusaur|Sludge Bomb|p1a: Excadrill
|-immune|p1a: Excadrill|[msg]
|
|turn|12
|
|move|p1a: Excadrill|Iron Head|p2a: Venusaur
|-damage|p2a: Venusaur|178\/359
|-damage|p1a: Excadrill|326\/362|[from] item: Life Orb
|move|p2a: Venusaur|Giga Drain|p1a: Excadrill
|-damage|p1a: Excadrill|122\/362
|-heal|p2a: Venusaur|280\/359|[from] drain|[of] p1a: Excadrill
|
|turn|13
|
|switch|p2a: Forretress|Forretress, M|329\/353
|-damage|p2a: Forretress|285\/353|[from] Stealth Rock
|move|p1a: Excadrill|Earthquake|p2a: Forretress
|-damage|p2a: Forretress|86\/353
|-damage|p1a: Excadrill|86\/362|[from] item: Life Orb
|
|turn|14
|
|switch|p2a: Landorus-Therian|Landorus-Therian, M|319\/319
|-damage|p2a: Landorus-Therian|280\/319|[from] Stealth Rock
|-ability|p2a: Landorus-Therian|Intimidate|[of] p1a: Excadrill
|-unboost|p1a: Excadrill|atk|1
|move|p1a: Excadrill|Earthquake|p2a: Landorus-Therian
|-immune|p2a: Landorus-Therian|[msg]
|
|turn|15
|
|switch|p1a: Suicune|Suicune|404\/404 slp
|-ability|p1a: Suicune|Pressure
|move|p2a: Landorus-Therian|Knock Off|p1a: Suicune
|-damage|p1a: Suicune|325\/404 slp
|-enditem|p1a: Suicune|Leftovers|[from] move: Knock Off|[of] p2a: Landorus-Therian
|
|turn|16
|
|switch|p2a: Venusaur|Venusaur-Mega, F|280\/359
|-damage|p2a: Venusaur|236\/359|[from] Stealth Rock
|cant|p1a: Suicune|slp
|move|p1a: Suicune|Sleep Talk|p1a: Suicune
|move|p1a: Suicune|Calm Mind|p1a: Suicune|[from]Sleep Talk
|-boost|p1a: Suicune|spa|1
|-boost|p1a: Suicune|spd|1
|
|turn|17
|
|-curestatus|p1a: Suicune|slp
|move|p1a: Suicune|Calm Mind|p1a: Suicune
|-boost|p1a: Suicune|spa|1
|-boost|p1a: Suicune|spd|1
|move|p2a: Venusaur|Giga Drain|p1a: Suicune
|-supereffective|p1a: Suicune
|-damage|p1a: Suicune|205\/404
|-heal|p2a: Venusaur|296\/359|[from] drain|[of] p1a: Suicune
|
|turn|18
|
|move|p1a: Suicune|Scald|p2a: Venusaur
|-resisted|p2a: Venusaur
|-damage|p2a: Venusaur|229\/359
|-status|p2a: Venusaur|brn
|move|p2a: Venusaur|Giga Drain|p1a: Suicune
|-supereffective|p1a: Suicune
|-damage|p1a: Suicune|85\/404
|-heal|p2a: Venusaur|289\/359 brn|[from] drain|[of] p1a: Suicune
|
|-damage|p2a: Venusaur|245\/359 brn|[from] brn
|turn|19
|
|switch|p1a: Celebi|Celebi|403\/403
|switch|p2a: Crawdaunt|Crawdaunt, F|184\/268
|-damage|p2a: Crawdaunt|151\/268|[from] Stealth Rock
|
|turn|20
|
|switch|p2a: Forretress|Forretress, M|86\/353
|-damage|p2a: Forretress|42\/353|[from] Stealth Rock
|move|p1a: Celebi|U-turn|p2a: Forretress
|-resisted|p2a: Forretress
|-damage|p2a: Forretress|25\/353
|
|switch|p1a: Gardevoir|Gardevoir, F|277\/277
|-ability|p1a: Gardevoir|Sturdy|[from] ability: Trace|[of] p2a: Forretress
|
|turn|21
|
|detailschange|p1a: Gardevoir|Gardevoir-Mega, F
|message|Gardevoir has Mega Evolved into Mega Gardevoir!
|move|p1a: Gardevoir|Hyper Voice|p2a: Forretress
|-resisted|p2a: Forretress
|-damage|p2a: Forretress|0 fnt
|faint|p2a: Forretress
|
|
|switch|p2a: Victini|Victini|365\/365
|-damage|p2a: Victini|274\/365|[from] Stealth Rock
|turn|22
|
|switch|p1a: Excadrill|Excadrill, M|86\/362
|move|p2a: Victini|V-create|p1a: Excadrill
|-supereffective|p1a: Excadrill
|-damage|p1a: Excadrill|0 fnt
|-unboost|p2a: Victini|def|1
|-unboost|p2a: Victini|spd|1
|-unboost|p2a: Victini|spe|1
|faint|p1a: Excadrill
|
|
|switch|p1a: Thundurus|Thundurus, M|299\/299
|turn|23
|
|switch|p2a: Crawdaunt|Crawdaunt, F|151\/268
|-damage|p2a: Crawdaunt|118\/268|[from] Stealth Rock
|move|p1a: Thundurus|Hidden Power|p2a: Crawdaunt
|-resisted|p2a: Crawdaunt
|-damage|p2a: Crawdaunt|45\/268
|-damage|p1a: Thundurus|270\/299|[from] item: Life Orb
|
|turn|24
|
|switch|p1a: Celebi|Celebi|403\/403
|move|p2a: Crawdaunt|Aqua Jet|p1a: Celebi
|-resisted|p1a: Celebi
|-damage|p1a: Celebi|355\/403
|-damage|p2a: Crawdaunt|19\/268|[from] item: Life Orb
|
|-heal|p1a: Celebi|380\/403|[from] item: Leftovers
|turn|25
|
|move|p2a: Crawdaunt|Aqua Jet|p1a: Celebi
|-resisted|p1a: Celebi
|-damage|p1a: Celebi|333\/403
|-damage|p2a: Crawdaunt|0 fnt|[from] item: Life Orb
|faint|p2a: Crawdaunt
|move|p1a: Celebi|Giga Drain|p2: Crawdaunt|[notarget]
|-notarget
|
|-heal|p1a: Celebi|358\/403|[from] item: Leftovers
|
|switch|p2a: Landorus-Therian|Landorus-Therian, M|280\/319
|-damage|p2a: Landorus-Therian|241\/319|[from] Stealth Rock
|-ability|p2a: Landorus-Therian|Intimidate|[of] p1a: Celebi
|-unboost|p1a: Celebi|atk|1
|turn|26
|
|move|p2a: Landorus-Therian|Knock Off|p1a: Celebi
|-supereffective|p1a: Celebi
|-damage|p1a: Celebi|176\/403
|-enditem|p1a: Celebi|Leftovers|[from] move: Knock Off|[of] p2a: Landorus-Therian
|move|p1a: Celebi|U-turn|p2a: Landorus-Therian
|-resisted|p2a: Landorus-Therian
|-damage|p2a: Landorus-Therian|222\/319
|
|switch|p1a: Gardevoir|Gardevoir-Mega, F|277\/277
|
|turn|27
|
|switch|p2a: Clefable|Clefable, F|394\/394
|-damage|p2a: Clefable|345\/394|[from] Stealth Rock
|move|p1a: Gardevoir|Hyper Voice|p2a: Clefable
|-damage|p2a: Clefable|53\/394
|
|-heal|p2a: Clefable|77\/394|[from] item: Leftovers
|turn|28
|
|move|p1a: Gardevoir|Hyper Voice|p2a: Clefable
|-damage|p2a: Clefable|0 fnt
|faint|p2a: Clefable
|
|
|switch|p2a: Victini|Victini|274\/365
|-damage|p2a: Victini|183\/365|[from] Stealth Rock
|turn|29
|
|switch|p1a: Celebi|Celebi|176\/403
|move|p2a: Victini|V-create|p1a: Celebi
|-supereffective|p1a: Celebi
|-damage|p1a: Celebi|0 fnt
|-unboost|p2a: Victini|def|1
|-unboost|p2a: Victini|spd|1
|-unboost|p2a: Victini|spe|1
|faint|p1a: Celebi
|
|
|switch|p1a: Suicune|Suicune|85\/404
|-ability|p1a: Suicune|Pressure
|turn|30
|
|move|p2a: Victini|V-create|p1a: Suicune
|-resisted|p1a: Suicune
|-damage|p1a: Suicune|0 fnt
|-unboost|p2a: Victini|def|1
|-unboost|p2a: Victini|spd|1
|-unboost|p2a: Victini|spe|1
|faint|p1a: Suicune
|
|
|switch|p1a: Gardevoir|Gardevoir-Mega, F|277\/277
|turn|31
|
|switch|p2a: Venusaur|Venusaur-Mega, F|245\/359 brn
|-damage|p2a: Venusaur|201\/359 brn|[from] Stealth Rock
|move|p1a: Gardevoir|Hyper Voice|p2a: Venusaur
|-crit|p2a: Venusaur
|-resisted|p2a: Venusaur
|-damage|p2a: Venusaur|44\/359 brn
|
|-damage|p2a: Venusaur|0 fnt|[from] brn
|faint|p2a: Venusaur
|
|switch|p2a: Victini|Victini|183\/365
|-damage|p2a: Victini|92\/365|[from] Stealth Rock
|turn|32
|
|switch|p1a: Thundurus|Thundurus, M|270\/299
|move|p2a: Victini|V-create|p1a: Thundurus
|-damage|p1a: Thundurus|0 fnt
|-unboost|p2a: Victini|def|1
|-unboost|p2a: Victini|spd|1
|-unboost|p2a: Victini|spe|1
|faint|p1a: Thundurus
|
|
|switch|p1a: Gardevoir|Gardevoir-Mega, F|277\/277
|turn|33
|
|switch|p2a: Landorus-Therian|Landorus-Therian, M|222\/319
|-damage|p2a: Landorus-Therian|183\/319|[from] Stealth Rock
|-ability|p2a: Landorus-Therian|Intimidate|[of] p1a: Gardevoir
|-unboost|p1a: Gardevoir|atk|1
|move|p1a: Gardevoir|Hyper Voice|p2a: Landorus-Therian
|-damage|p2a: Landorus-Therian|0 fnt
|faint|p2a: Landorus-Therian
|
|
|switch|p2a: Victini|Victini|92\/365
|-damage|p2a: Victini|1\/365|[from] Stealth Rock
|turn|34
|
|move|p2a: Victini|V-create|p1a: Gardevoir
|-damage|p1a: Gardevoir|0 fnt
|-unboost|p2a: Victini|def|1
|-unboost|p2a: Victini|spd|1
|-unboost|p2a: Victini|spe|1
|faint|p1a: Gardevoir
|
|win|zippleclopper
|raw|Ladder updating...
|raw|LT6I Brodean's rating: 1651 &rarr; <strong>1636<\/strong><br \/>(-15 for losing)
|raw|zippleclopper's rating: 1733 &rarr; <strong>1749<\/strong><br \/>(+16 for winning)
|leave|LT6I Brodean
|player|p1