|join|lil manaphy
|join|zippleclopper
|player|p1|lil manaphy|6
|player|p2|zippleclopper|1
|gametype|singles
|gen|6
|tier|OU
|rated
|clearpoke
|poke|p1|Scizor, F
|poke|p1|Gothitelle, F
|poke|p1|Chansey, F
|poke|p1|Alomomola, M
|poke|p1|Cresselia, F
|poke|p1|Zapdos
|poke|p2|Crawdaunt, M
|poke|p2|Venusaur, F
|poke|p2|Victini
|poke|p2|Landorus-Therian, M
|poke|p2|Clefable, M
|poke|p2|Forretress, F
|rule|Swagger Clause: Swagger is banned
|rule|Baton Pass Clause: Limit one PokÃ©mon knowing Baton Pass
|rule|Sleep Clause Mod: Limit one foe put to sleep
|rule|Species Clause: Limit one of each PokÃ©mon
|rule|OHKO Clause: OHKO moves are banned
|rule|Moody Clause: Moody is banned
|rule|Evasion Moves Clause: Evasion moves are banned
|rule|Endless Battle Clause: Forcing endless battles is banned
|rule|HP Percentage Mod: HP is shown in percentages
|teampreview
|
|start
|switch|p1a: Zapdos|Zapdos|384\/384
|switch|p2a: Landorus-Therian|Landorus-Therian, M|319\/319
|-ability|p2a: Landorus-Therian|Intimidate|[of] p1a: Zapdos
|-unboost|p1a: Zapdos|atk|1
|-ability|p1a: Zapdos|Pressure
|turn|1
|
|switch|p1a: Alomomola|Alomomola, M|530\/530
|move|p2a: Landorus-Therian|U-turn|p1a: Alomomola
|-damage|p1a: Alomomola|457\/530
|
|switch|p2a: Venusaur|Venusaur, F|359\/359
|
|-heal|p1a: Alomomola|490\/530|[from] item: Leftovers
|turn|2
|
|switch|p1a: Chansey|Chansey, F|704\/704
|detailschange|p2a: Venusaur|Venusaur-Mega, F
|message|Venusaur has Mega Evolved into Mega Venusaur!
|move|p2a: Venusaur|Sludge Bomb|p1a: Chansey
|-damage|p1a: Chansey|590\/704
|
|turn|3
|
|move|p2a: Venusaur|Sludge Bomb|p1a: Chansey
|-damage|p1a: Chansey|485\/704
|-status|p1a: Chansey|psn
|move|p1a: Chansey|Stealth Rock|p2a: Venusaur
|-sidestart|p2: zippleclopper|move: Stealth Rock
|
|-damage|p1a: Chansey|397\/704 psn|[from] psn
|turn|4
|
|switch|p2a: Forretress|Forretress, F|353\/353
|-damage|p2a: Forretress|309\/353|[from] Stealth Rock
|move|p1a: Chansey|Soft-Boiled|p1a: Chansey
|-heal|p1a: Chansey|704\/704 psn
|
|-damage|p1a: Chansey|616\/704 psn|[from] psn
|turn|5
|
|switch|p1a: Zapdos|Zapdos|384\/384
|-ability|p1a: Zapdos|Pressure
|move|p2a: Forretress|Rapid Spin|p1a: Zapdos
|-damage|p1a: Zapdos|371\/384
|-sideend|p2: zippleclopper|Stealth Rock|[from] move: Rapid Spin|[of] p2a: Forretress
|
|-heal|p1a: Zapdos|384\/384|[from] item: Leftovers
|turn|6
|
|switch|p2a: Landorus-Therian|Landorus-Therian, M|319\/319
|-ability|p2a: Landorus-Therian|Intimidate|[of] p1a: Zapdos
|-unboost|p1a: Zapdos|atk|1
|move|p1a: Zapdos|Heat Wave|p2a: Landorus-Therian
|-damage|p2a: Landorus-Therian|205\/319
|
|turn|7
|
|switch|p1a: Alomomola|Alomomola, M|530\/530
|move|p2a: Landorus-Therian|U-turn|p1a: Alomomola
|-damage|p1a: Alomomola|453\/530
|
|switch|p2a: Venusaur|Venusaur-Mega, F|359\/359
|
|-heal|p1a: Alomomola|486\/530|[from] item: Leftovers
|turn|8
|
|switch|p2a: Crawdaunt|Crawdaunt, M|268\/268
|switch|p1a: Chansey|Chansey, F|616\/704
|
|turn|9
|
|switch|p1a: Alomomola|Alomomola, M|530\/530
|move|p2a: Crawdaunt|Knock Off|p1a: Alomomola
|-crit|p1a: Alomomola
|-damage|p1a: Alomomola|143\/530
|-enditem|p1a: Alomomola|Leftovers|[from] move: Knock Off|[of] p2a: Crawdaunt
|-damage|p2a: Crawdaunt|242\/268|[from] item: Life Orb
|
|turn|10
|
|switch|p1a: Zapdos|Zapdos|384\/384
|-ability|p1a: Zapdos|Pressure
|move|p2a: Crawdaunt|Knock Off|p1a: Zapdos
|-damage|p1a: Zapdos|124\/384
|-enditem|p1a: Zapdos|Leftovers|[from] move: Knock Off|[of] p2a: Crawdaunt
|-damage|p2a: Crawdaunt|216\/268|[from] item: Life Orb
|
|turn|11
|join|Nelson
|c| Nelson|Hi Lil Manaphy.
|-message|lil manaphy forfeited.
|
|win|zippleclopper
|raw|Ladder updating...
|raw|lil manaphy's rating: 1940 &rarr; <strong>1907<\/strong><br \/>(-33 for losing)
|raw|zippleclopper's rating: 1671 &rarr; <strong>1704<\/strong><br \/>(+33 for winning)
|c| Nelson|lol
|c| Nelson|why
|join|Sharpteeth
|leave|Sharpteeth
|leave|Nelson