|join|GM Yuanyi Zhezhi
|join|zippleclopper
|player|p1|GM Yuanyi Zhezhi|96
|player|p2|zippleclopper|1
|gametype|singles
|gen|6
|tier|OU
|rated
|clearpoke
|poke|p1|Mamoswine, F
|poke|p1|Heatran, F
|poke|p1|Scizor, F
|poke|p1|Azumarill, F
|poke|p1|Sceptile, F
|poke|p1|Garchomp, F
|poke|p2|Slowbro, F
|poke|p2|Breloom, F
|poke|p2|Dragonite, F
|poke|p2|Heatran, F
|poke|p2|Hippowdon, M
|poke|p2|Excadrill, M
|rule|Swagger Clause: Swagger is banned
|rule|Baton Pass Clause: Limit one PokÃ©mon knowing Baton Pass
|rule|Sleep Clause Mod: Limit one foe put to sleep
|rule|Species Clause: Limit one of each PokÃ©mon
|rule|OHKO Clause: OHKO moves are banned
|rule|Moody Clause: Moody is banned
|rule|Evasion Moves Clause: Evasion moves are banned
|rule|Endless Battle Clause: Forcing endless battles is banned
|rule|HP Percentage Mod: HP is shown in percentages
|teampreview
|
|start
|switch|p1a: Sceptile|Sceptile, F|282\/282
|switch|p2a: Slowbro|Slowbro, F|393\/393
|turn|1
|
|switch|p2a: Heatran|Heatran, F|323\/323
|detailschange|p1a: Sceptile|Sceptile-Mega, F
|message|Sceptile has Mega Evolved into Mega Sceptile!
|move|p1a: Sceptile|Substitute|p1a: Sceptile
|-start|p1a: Sceptile|Substitute
|-damage|p1a: Sceptile|212\/282
|
|turn|2
|
|move|p1a: Sceptile|Focus Blast|p2a: Heatran|[miss]
|-miss|p1a: Sceptile|p2a: Heatran
|move|p2a: Heatran|Flash Cannon|p1a: Sceptile
|-end|p1a: Sceptile|Substitute
|
|turn|3
|
|move|p1a: Sceptile|Focus Blast|p2a: Heatran
|-supereffective|p2a: Heatran
|-damage|p2a: Heatran|19\/323
|move|p2a: Heatran|Flash Cannon|p1a: Sceptile
|-damage|p1a: Sceptile|34\/282
|
|turn|4
|
|switch|p2a: Dragonite|Dragonite, F|323\/323
|move|p1a: Sceptile|Giga Drain|p2a: Dragonite
|-resisted|p2a: Dragonite
|-damage|p2a: Dragonite|305\/323
|-heal|p1a: Sceptile|43\/282|[from] drain|[of] p2a: Dragonite
|
|turn|5
|
|switch|p1a: Heatran|Heatran, F|324\/324
|move|p2a: Dragonite|Extreme Speed|p1a: Heatran
|-resisted|p1a: Heatran
|-damage|p1a: Heatran|249\/324
|
|-heal|p1a: Heatran|269\/324|[from] item: Leftovers
|turn|6
|
|switch|p2a: Slowbro|Slowbro, F|393\/393
|move|p1a: Heatran|Substitute|p1a: Heatran
|-start|p1a: Heatran|Substitute
|-damage|p1a: Heatran|188\/324
|
|-heal|p1a: Heatran|208\/324|[from] item: Leftovers
|turn|7
|
|move|p1a: Heatran|Earth Power|p2a: Slowbro
|-damage|p2a: Slowbro|285\/393
|move|p2a: Slowbro|Calm Mind|p2a: Slowbro
|-boost|p2a: Slowbro|spa|1
|-boost|p2a: Slowbro|spd|1
|
|-heal|p1a: Heatran|228\/324|[from] item: Leftovers
|turn|8
|
|detailschange|p2a: Slowbro|Slowbro-Mega, F
|message|Slowbro has Mega Evolved into Mega Slowbro!
|move|p1a: Heatran|Lava Plume|p2a: Slowbro
|-resisted|p2a: Slowbro
|-damage|p2a: Slowbro|237\/393
|move|p2a: Slowbro|Calm Mind|p2a: Slowbro
|-boost|p2a: Slowbro|spa|1
|-boost|p2a: Slowbro|spd|1
|
|-heal|p1a: Heatran|248\/324|[from] item: Leftovers
|turn|9
|
|move|p1a: Heatran|Lava Plume|p2a: Slowbro
|-resisted|p2a: Slowbro
|-damage|p2a: Slowbro|198\/393
|move|p2a: Slowbro|Slack Off|p2a: Slowbro
|-heal|p2a: Slowbro|393\/393
|
|-heal|p1a: Heatran|268\/324|[from] item: Leftovers
|turn|10
|
|move|p1a: Heatran|Lava Plume|p2a: Slowbro
|-resisted|p2a: Slowbro
|-damage|p2a: Slowbro|357\/393
|move|p2a: Slowbro|Calm Mind|p2a: Slowbro
|-boost|p2a: Slowbro|spa|1
|-boost|p2a: Slowbro|spd|1
|
|-heal|p1a: Heatran|288\/324|[from] item: Leftovers
|turn|11
|
|move|p1a: Heatran|Lava Plume|p2a: Slowbro
|-resisted|p2a: Slowbro
|-damage|p2a: Slowbro|327\/393
|move|p2a: Slowbro|Scald|p1a: Heatran
|-supereffective|p1a: Heatran
|-end|p1a: Heatran|Substitute
|
|-heal|p1a: Heatran|308\/324|[from] item: Leftovers
|turn|12
|
|move|p1a: Heatran|Lava Plume|p2a: Slowbro
|-resisted|p2a: Slowbro
|-damage|p2a: Slowbro|300\/393
|move|p2a: Slowbro|Scald|p1a: Heatran
|-supereffective|p1a: Heatran
|-damage|p1a: Heatran|0 fnt
|faint|p1a: Heatran
|
|
|switch|p1a: Mamoswine|Mamoswine, F|361\/361
|turn|13
|
|move|p1a: Mamoswine|Stealth Rock|p2a: Slowbro
|-sidestart|p2: zippleclopper|move: Stealth Rock
|move|p2a: Slowbro|Slack Off|p2a: Slowbro
|-heal|p2a: Slowbro|393\/393
|
|turn|14
|
|move|p1a: Mamoswine|Earthquake|p2a: Slowbro
|-damage|p2a: Slowbro|294\/393
|move|p2a: Slowbro|Scald|p1a: Mamoswine
|-supereffective|p1a: Mamoswine
|-enditem|p1a: Mamoswine|Focus Sash
|-damage|p1a: Mamoswine|1\/361
|-status|p1a: Mamoswine|brn
|
|-damage|p1a: Mamoswine|0 fnt|[from] brn
|faint|p1a: Mamoswine
|
|switch|p1a: Azumarill|Azumarill, F|404\/404
|turn|15
|
|move|p1a: Azumarill|Belly Drum|p1a: Azumarill
|-damage|p1a: Azumarill|202\/404
|-setboost|p1a: Azumarill|atk|6|[from] move: Belly Drum
|-enditem|p1a: Azumarill|Sitrus Berry|[eat]
|-heal|p1a: Azumarill|303\/404|[from] item: Sitrus Berry
|move|p2a: Slowbro|Psyshock|p1a: Azumarill
|-damage|p1a: Azumarill|0 fnt
|faint|p1a: Azumarill
|
|
|switch|p1a: Scizor|Scizor, F|344\/344
|turn|16
|
|move|p1a: Scizor|U-turn|p2a: Slowbro
|-supereffective|p2a: Slowbro
|-damage|p2a: Slowbro|70\/393
|
|switch|p1a: Garchomp|Garchomp, F|358\/358
|move|p2a: Slowbro|Slack Off|p2a: Slowbro
|-heal|p2a: Slowbro|267\/393
|
|turn|17
|
|move|p1a: Garchomp|Outrage|p2a: Slowbro
|-damage|p2a: Slowbro|147\/393
|move|p2a: Slowbro|Slack Off|p2a: Slowbro
|-heal|p2a: Slowbro|344\/393
|
|turn|18
|
|move|p1a: Garchomp|Outrage|p2a: Slowbro
|-damage|p2a: Slowbro|215\/393
|move|p2a: Slowbro|Slack Off|p2a: Slowbro
|-heal|p2a: Slowbro|393\/393
|
|turn|19
|
|move|p1a: Garchomp|Outrage|p2a: Slowbro
|-damage|p2a: Slowbro|267\/393
|move|p2a: Slowbro|Scald|p1a: Garchomp
|-damage|p1a: Garchomp|31\/358
|
|-end|p1a: Garchomp|rampage
|-start|p1a: Garchomp|confusion
|turn|20
|
|-activate|p1a: Garchomp|confusion
|move|p1a: Garchomp|Outrage|p2a: Slowbro
|-damage|p2a: Slowbro|147\/393
|move|p2a: Slowbro|Slack Off|p2a: Slowbro
|-heal|p2a: Slowbro|344\/393
|
|turn|21
|
|-activate|p1a: Garchomp|confusion
|-damage|p1a: Garchomp|0 fnt|[from] confusion
|faint|p1a: Garchomp
|move|p2a: Slowbro|Slack Off|p2a: Slowbro
|-heal|p2a: Slowbro|393\/393
|
|
|switch|p1a: Scizor|Scizor, F|344\/344
|turn|22
|
|move|p1a: Scizor|U-turn|p2a: Slowbro
|-supereffective|p2a: Slowbro
|-damage|p2a: Slowbro|199\/393
|
|switch|p1a: Sceptile|Sceptile-Mega, F|43\/282
|move|p2a: Slowbro|Slack Off|p2a: Slowbro
|-heal|p2a: Slowbro|393\/393
|
|turn|23
|
|move|p1a: Sceptile|Giga Drain|p2a: Slowbro
|-supereffective|p2a: Slowbro
|-damage|p2a: Slowbro|279\/393
|-heal|p1a: Sceptile|100\/282|[from] drain|[of] p2a: Slowbro
|move|p2a: Slowbro|Scald|p1a: Sceptile
|-resisted|p1a: Sceptile
|-damage|p1a: Sceptile|16\/282
|
|turn|24
|
|move|p1a: Sceptile|Giga Drain|p2a: Slowbro
|-supereffective|p2a: Slowbro
|-damage|p2a: Slowbro|159\/393
|-heal|p1a: Sceptile|76\/282|[from] drain|[of] p2a: Slowbro
|move|p2a: Slowbro|Slack Off|p2a: Slowbro
|-heal|p2a: Slowbro|356\/393
|
|turn|25
|
|move|p1a: Sceptile|Giga Drain|p2a: Slowbro
|-supereffective|p2a: Slowbro
|-damage|p2a: Slowbro|248\/393
|-heal|p1a: Sceptile|130\/282|[from] drain|[of] p2a: Slowbro
|move|p2a: Slowbro|Psyshock|p1a: Sceptile
|-damage|p1a: Sceptile|0 fnt
|faint|p1a: Sceptile
|
|
|switch|p1a: Scizor|Scizor, F|344\/344
|turn|26
|
|move|p1a: Scizor|U-turn|p2a: Slowbro
|-supereffective|p2a: Slowbro
|-damage|p2a: Slowbro|44\/393
|move|p2a: Slowbro|Scald|p1a: Scizor
|-damage|p1a: Scizor|20\/344
|
|turn|27
|
|move|p1a: Scizor|U-turn|p2a: Slowbro
|-supereffective|p2a: Slowbro
|-damage|p2a: Slowbro|0 fnt
|faint|p2a: Slowbro
|
|
|switch|p2a: Dragonite|Dragonite, F|305\/323
|-damage|p2a: Dragonite|225\/323|[from] Stealth Rock
|turn|28
|
|move|p2a: Dragonite|Fire Punch|p1a: Scizor
|-supereffective|p1a: Scizor
|-damage|p1a: Scizor|0 fnt
|faint|p1a: Scizor
|
|win|zippleclopper
|raw|Ladder updating...
|raw|GM Yuanyi Zhezhi's rating: 1475 &rarr; <strong>1457<\/strong><br \/>(-18 for losing)
|raw|zippleclopper's rating: 1510 &rarr; <strong>1528<\/strong><br \/>(+18 for winning)