|join|LT6A ZX
|join|zippleclopper
|player|p1|LT6A ZX|2
|player|p2|zippleclopper|1
|gametype|singles
|gen|6
|tier|OU
|rated
|clearpoke
|poke|p1|Manectric, F
|poke|p1|Crawdaunt, F
|poke|p1|Latios, M
|poke|p1|Amoonguss, F
|poke|p1|Landorus-Therian, M
|poke|p1|Mew
|poke|p2|Crawdaunt, F
|poke|p2|Venusaur, F
|poke|p2|Victini
|poke|p2|Landorus-Therian, M
|poke|p2|Clefable, F
|poke|p2|Forretress, M
|rule|Swagger Clause: Swagger is banned
|rule|Baton Pass Clause: Limit one PokÃ©mon knowing Baton Pass
|rule|Sleep Clause Mod: Limit one foe put to sleep
|rule|Species Clause: Limit one of each PokÃ©mon
|rule|OHKO Clause: OHKO moves are banned
|rule|Moody Clause: Moody is banned
|rule|Evasion Moves Clause: Evasion moves are banned
|rule|Endless Battle Clause: Forcing endless battles is banned
|rule|HP Percentage Mod: HP is shown in percentages
|teampreview
|
|start
|switch|p1a: Manectric|Manectric, F|281\/281
|switch|p2a: Victini|Victini|365\/365
|turn|1
|
|switch|p1a: Landorus-Therian|Landorus-Therian, M|377\/377
|-ability|p1a: Landorus-Therian|Intimidate|[of] p2a: Victini
|-unboost|p2a: Victini|atk|1
|move|p2a: Victini|U-turn|p1a: Landorus-Therian
|-resisted|p1a: Landorus-Therian
|-damage|p1a: Landorus-Therian|359\/377
|
|switch|p2a: Venusaur|Venusaur, F|359\/359
|
|-heal|p1a: Landorus-Therian|377\/377|[from] item: Leftovers
|turn|2
|
|detailschange|p2a: Venusaur|Venusaur-Mega, F
|message|Venusaur has Mega Evolved into Mega Venusaur!
|move|p1a: Landorus-Therian|Stealth Rock|p2a: Venusaur
|-sidestart|p2: zippleclopper|move: Stealth Rock
|move|p2a: Venusaur|Giga Drain|p1a: Landorus-Therian
|-damage|p1a: Landorus-Therian|206\/377
|
|-heal|p1a: Landorus-Therian|229\/377|[from] item: Leftovers
|turn|3
|
|move|p1a: Landorus-Therian|U-turn|p2a: Venusaur
|-damage|p2a: Venusaur|297\/359
|
|switch|p1a: Mew|Mew|381\/381
|move|p2a: Venusaur|Sludge Bomb|p1a: Mew
|-damage|p1a: Mew|249\/381
|
|-heal|p1a: Mew|272\/381|[from] item: Leftovers
|turn|4
|
|move|p1a: Mew|Knock Off|p2a: Venusaur
|-damage|p2a: Venusaur|251\/359
|move|p2a: Venusaur|Sludge Bomb|p1a: Mew
|-damage|p1a: Mew|134\/381
|
|-heal|p1a: Mew|157\/381|[from] item: Leftovers
|turn|5
|join|CSS terererer
|
|move|p1a: Mew|Roost|p1a: Mew
|-heal|p1a: Mew|348\/381
|move|p2a: Venusaur|Sludge Bomb|p1a: Mew
|-damage|p1a: Mew|219\/381
|
|-heal|p1a: Mew|242\/381|[from] item: Leftovers
|turn|6
|
|move|p1a: Mew|Will-O-Wisp|p2a: Venusaur
|-status|p2a: Venusaur|brn
|move|p2a: Venusaur|Sludge Bomb|p1a: Mew
|-damage|p1a: Mew|109\/381
|
|-heal|p1a: Mew|132\/381|[from] item: Leftovers
|-damage|p2a: Venusaur|207\/359 brn|[from] brn
|turn|7
|
|move|p1a: Mew|Roost|p1a: Mew
|-heal|p1a: Mew|323\/381
|move|p2a: Venusaur|Sludge Bomb|p1a: Mew
|-damage|p1a: Mew|184\/381
|
|-heal|p1a: Mew|207\/381|[from] item: Leftovers
|-damage|p2a: Venusaur|163\/359 brn|[from] brn
|turn|8
|
|switch|p1a: Latios|Latios, M|301\/301
|move|p2a: Venusaur|Synthesis|p2a: Venusaur
|-heal|p2a: Venusaur|342\/359 brn
|
|-damage|p2a: Venusaur|298\/359 brn|[from] brn
|turn|9
|
|switch|p1a: Manectric|Manectric, F|281\/281
|switch|p2a: Forretress|Forretress, M|353\/353
|-damage|p2a: Forretress|309\/353|[from] Stealth Rock
|
|-heal|p2a: Forretress|331\/353|[from] item: Leftovers
|turn|10
|
|switch|p2a: Landorus-Therian|Landorus-Therian, M|320\/320
|-damage|p2a: Landorus-Therian|280\/320|[from] Stealth Rock
|-ability|p2a: Landorus-Therian|Intimidate|[of] p1a: Manectric
|-unboost|p1a: Manectric|atk|1
|detailschange|p1a: Manectric|Manectric-Mega, F
|message|Manectric has Mega Evolved into Mega Manectric!
|-ability|p1a: Manectric|Intimidate|[of] p2a: Landorus-Therian
|-unboost|p2a: Landorus-Therian|atk|1
|move|p1a: Manectric|Flamethrower|p2a: Landorus-Therian
|-damage|p2a: Landorus-Therian|158\/320
|
|turn|11
|
|switch|p1a: Amoonguss|Amoonguss, F|432\/432
|move|p2a: Landorus-Therian|Earthquake|p1a: Amoonguss
|-damage|p1a: Amoonguss|261\/432
|
|-heal|p1a: Amoonguss|288\/432|[from] item: Black Sludge
|turn|12
|
|switch|p2a: Forretress|Forretress, M|331\/353
|-damage|p2a: Forretress|287\/353|[from] Stealth Rock
|switch|p1a: Latios|Latios, M|301\/301
|
|-heal|p2a: Forretress|309\/353|[from] item: Leftovers
|turn|13
|
|switch|p1a: Manectric|Manectric-Mega, F|281\/281
|-ability|p1a: Manectric|Intimidate|[of] p2a: Forretress
|-unboost|p2a: Forretress|atk|1
|move|p2a: Forretress|Rapid Spin|p1a: Manectric
|-crit|p1a: Manectric
|-damage|p1a: Manectric|254\/281
|-sideend|p2: zippleclopper|Stealth Rock|[from] move: Rapid Spin|[of] p2a: Forretress
|
|-heal|p2a: Forretress|331\/353|[from] item: Leftovers
|turn|14
|
|switch|p2a: Venusaur|Venusaur-Mega, F|298\/359 brn
|move|p1a: Manectric|Flamethrower|p2a: Venusaur
|-supereffective|p2a: Venusaur
|-damage|p2a: Venusaur|200\/359 brn
|
|-damage|p2a: Venusaur|156\/359 brn|[from] brn
|turn|15
|
|move|p1a: Manectric|Volt Switch|p2a: Venusaur
|-resisted|p2a: Venusaur
|-damage|p2a: Venusaur|101\/359 brn
|
|switch|p1a: Landorus-Therian|Landorus-Therian, M|229\/377
|-ability|p1a: Landorus-Therian|Intimidate|[of] p2a: Venusaur
|-unboost|p2a: Venusaur|atk|1
|move|p2a: Venusaur|Synthesis|p2a: Venusaur
|-heal|p2a: Venusaur|280\/359 brn
|
|-heal|p1a: Landorus-Therian|252\/377|[from] item: Leftovers
|-damage|p2a: Venusaur|236\/359 brn|[from] brn
|turn|16
|
|move|p1a: Landorus-Therian|Stealth Rock|p2a: Venusaur
|-sidestart|p2: zippleclopper|move: Stealth Rock
|move|p2a: Venusaur|Giga Drain|p1a: Landorus-Therian
|-damage|p1a: Landorus-Therian|77\/377
|-heal|p2a: Venusaur|324\/359 brn|[from] drain|[of] p1a: Landorus-Therian
|
|-heal|p1a: Landorus-Therian|100\/377|[from] item: Leftovers
|-damage|p2a: Venusaur|280\/359 brn|[from] brn
|turn|17
|
|move|p1a: Landorus-Therian|U-turn|p2a: Venusaur
|-damage|p2a: Venusaur|219\/359 brn
|
|switch|p1a: Latios|Latios, M|301\/301
|move|p2a: Venusaur|Sludge Bomb|p1a: Latios
|-damage|p1a: Latios|156\/301
|
|-damage|p2a: Venusaur|175\/359 brn|[from] brn
|turn|18
|
|switch|p1a: Manectric|Manectric-Mega, F|254\/281
|-ability|p1a: Manectric|Intimidate|[of] p2a: Venusaur
|-unboost|p2a: Venusaur|atk|1
|switch|p2a: Clefable|Clefable, F|394\/394
|-damage|p2a: Clefable|345\/394|[from] Stealth Rock
|
|-heal|p2a: Clefable|369\/394|[from] item: Leftovers
|turn|19
|
|move|p1a: Manectric|Thunderbolt|p2a: Clefable
|-damage|p2a: Clefable|204\/394
|move|p2a: Clefable|Stealth Rock|p1a: Manectric
|-sidestart|p1: LT6A ZX|move: Stealth Rock
|
|-heal|p2a: Clefable|228\/394|[from] item: Leftovers
|turn|20
|
|move|p1a: Manectric|Thunderbolt|p2a: Clefable
|-damage|p2a: Clefable|39\/394
|-status|p2a: Clefable|par
|move|p2a: Clefable|Moonlight|p2a: Clefable
|-heal|p2a: Clefable|236\/394 par
|
|-heal|p2a: Clefable|260\/394 par|[from] item: Leftovers
|turn|21
|
|move|p1a: Manectric|Volt Switch|p2a: Clefable
|-damage|p2a: Clefable|128\/394 par
|
|switch|p1a: Latios|Latios, M|156\/301
|-damage|p1a: Latios|119\/301|[from] Stealth Rock
|move|p2a: Clefable|Moonlight|p2a: Clefable
|-heal|p2a: Clefable|325\/394 par
|
|-heal|p2a: Clefable|349\/394 par|[from] item: Leftovers
|turn|22
|
|move|p1a: Latios|Defog|p2a: Clefable
|-unboost|p2a: Clefable|evasion|1
|-sideend|p2: zippleclopper|Stealth Rock|[from] move: Defog|[of] p2a: Clefable
|-sideend|p1: LT6A ZX|Stealth Rock|[from] move: Defog|[of] p1a: Latios
|move|p2a: Clefable|Moonblast|p1a: Latios
|-supereffective|p1a: Latios
|-damage|p1a: Latios|0 fnt
|faint|p1a: Latios
|
|-heal|p2a: Clefable|373\/394 par|[from] item: Leftovers
|
|switch|p1a: Mew|Mew|207\/381
|turn|23
|
|switch|p2a: Victini|Victini|365\/365
|move|p1a: Mew|Taunt|p2a: Victini
|-start|p2a: Victini|move: Taunt
|
|-heal|p1a: Mew|230\/381|[from] item: Leftovers
|turn|24
|
|switch|p1a: Landorus-Therian|Landorus-Therian, M|100\/377
|-ability|p1a: Landorus-Therian|Intimidate|[of] p2a: Victini
|-unboost|p2a: Victini|atk|1
|move|p2a: Victini|V-create|p1a: Landorus-Therian
|-damage|p1a: Landorus-Therian|0 fnt
|-unboost|p2a: Victini|def|1
|-unboost|p2a: Victini|spd|1
|-unboost|p2a: Victini|spe|1
|faint|p1a: Landorus-Therian
|
|
|switch|p1a: Crawdaunt|Crawdaunt, F|267\/267
|turn|25
|
|switch|p2a: Forretress|Forretress, M|331\/353
|move|p1a: Crawdaunt|Swords Dance|p1a: Crawdaunt
|-boost|p1a: Crawdaunt|atk|2
|
|-heal|p2a: Forretress|353\/353|[from] item: Leftovers
|turn|26
|
|move|p1a: Crawdaunt|Knock Off|p2a: Forretress
|-damage|p2a: Forretress|39\/353
|-enditem|p2a: Forretress|Leftovers|[from] move: Knock Off|[of] p1a: Crawdaunt
|move|p2a: Forretress|Volt Switch|p1a: Crawdaunt
|-supereffective|p1a: Crawdaunt
|-damage|p1a: Crawdaunt|155\/267
|
|switch|p2a: Clefable|Clefable, F|373\/394 par
|
|-heal|p2a: Clefable|394\/394 par|[from] item: Leftovers
|turn|27
|c| CSS terererer|blish
|c| CSS terererer|be a birydyan
|
|move|p1a: Crawdaunt|Crabhammer|p2a: Clefable
|-damage|p2a: Clefable|176\/394 par
|cant|p2a: Clefable|par
|
|-heal|p2a: Clefable|200\/394 par|[from] item: Leftovers
|turn|28
|c| CSS terererer|a juar
|c|âLT6A ZX|oc
|c| CSS terererer|oie ke riko parahax
|c|âLT6A ZX|cy rikolino
|
|move|p1a: Crawdaunt|Crabhammer|p2a: Clefable
|-damage|p2a: Clefable|0 fnt
|faint|p2a: Clefable
|
|
|switch|p2a: Crawdaunt|Crawdaunt, F|268\/268
|turn|29
|
|move|p2a: Crawdaunt|Knock Off|p1a: Crawdaunt
|-crit|p1a: Crawdaunt
|-resisted|p1a: Crawdaunt
|-damage|p1a: Crawdaunt|0 fnt
|-enditem|p1a: Crawdaunt|Focus Sash|[from] move: Knock Off|[of] p2a: Crawdaunt
|-damage|p2a: Crawdaunt|242\/268|[from] item: Life Orb
|faint|p1a: Crawdaunt
|
|
|switch|p1a: Manectric|Manectric-Mega, F|254\/281
|-ability|p1a: Manectric|Intimidate|[of] p2a: Crawdaunt
|-unboost|p2a: Crawdaunt|atk|1
|turn|30
|
|switch|p2a: Forretress|Forretress, M|39\/353
|move|p1a: Manectric|Thunderbolt|p2a: Forretress
|-damage|p2a: Forretress|0 fnt
|faint|p2a: Forretress
|
|
|switch|p2a: Landorus-Therian|Landorus-Therian, M|158\/320
|-ability|p2a: Landorus-Therian|Intimidate|[of] p1a: Manectric
|-unboost|p1a: Manectric|atk|1
|turn|31
|
|switch|p1a: Amoonguss|Amoonguss, F|432\/432
|move|p2a: Landorus-Therian|Earthquake|p1a: Amoonguss
|-crit|p1a: Amoonguss
|-damage|p1a: Amoonguss|60\/432
|
|-heal|p1a: Amoonguss|87\/432|[from] item: Black Sludge
|turn|32
|c| CSS terererer|rip
|
|move|p2a: Landorus-Therian|Earthquake|p1a: Amoonguss
|-damage|p1a: Amoonguss|0 fnt
|faint|p1a: Amoonguss
|
|
|switch|p1a: Mew|Mew|230\/381
|turn|33
|
|switch|p2a: Victini|Victini|365\/365
|move|p1a: Mew|Roost|p1a: Mew
|-heal|p1a: Mew|381\/381
|
|turn|34
|leave|LT6A ZX
|player|p1
|join|LT6A ZX
|player|p1|LT6A ZX|2
|
|move|p2a: Victini|U-turn|p1a: Mew
|-supereffective|p1a: Mew
|-damage|p1a: Mew|219\/381
|
|switch|p2a: Crawdaunt|Crawdaunt, F|242\/268
|move|p1a: Mew|Roost|p1a: Mew
|-heal|p1a: Mew|381\/381
|
|turn|35
|
|move|p1a: Mew|Will-O-Wisp|p2a: Crawdaunt
|-status|p2a: Crawdaunt|brn
|move|p2a: Crawdaunt|Knock Off|p1a: Mew
|-supereffective|p1a: Mew
|-damage|p1a: Mew|79\/381
|-enditem|p1a: Mew|Leftovers|[from] move: Knock Off|[of] p2a: Crawdaunt
|-damage|p2a: Crawdaunt|216\/268 brn|[from] item: Life Orb
|
|-damage|p2a: Crawdaunt|183\/268 brn|[from] brn
|turn|36
|c| CSS terererer|dat
|c| CSS terererer|dmg
|c|âLT6A ZX|ya perdi
|
|move|p2a: Crawdaunt|Aqua Jet|p1a: Mew
|-damage|p1a: Mew|17\/381
|-damage|p2a: Crawdaunt|157\/268 brn|[from] item: Life Orb
|move|p1a: Mew|Roost|p1a: Mew
|-heal|p1a: Mew|208\/381
|
|-damage|p2a: Crawdaunt|124\/268 brn|[from] brn
|turn|37
|c|âLT6A ZX|j1j1j
|c| CSS terererer|LOL
|c|âLT6A ZX|K
|c| CSS terererer|eso
|c| CSS terererer|no me lo esperaba
|c| CSS terererer|a.e
|-message|LT6A ZX lost due to inactivity.
|
|win|zippleclopper
|raw|Ladder updating...
|raw|LT6A ZX's rating: 1740 &rarr; <strong>1719<\/strong><br \/>(-21 for losing)
|raw|zippleclopper's rating: 1719 &rarr; <strong>1740<\/strong><br \/>(+21 for winning)
|c|âLT6A ZX|vega
|leave|LT6A ZX
|player|p1
|leave|CSS terererer