|join|LT6A DarkCelebi59
|join|zippleclopper
|player|p1|LT6A DarkCelebi59|170
|player|p2|zippleclopper|1
|gametype|singles
|gen|6
|tier|OU
|rated
|clearpoke
|poke|p1|Azumarill, F
|poke|p1|Mamoswine, F
|poke|p1|Landorus-Therian, M
|poke|p1|Pinsir, F
|poke|p1|Magnezone
|poke|p1|Latios, M
|poke|p2|Crawdaunt, M
|poke|p2|Venusaur, M
|poke|p2|Victini
|poke|p2|Landorus-Therian, M
|poke|p2|Clefable, F
|poke|p2|Forretress, M
|rule|Swagger Clause: Swagger is banned
|rule|Baton Pass Clause: Limit one PokÃ©mon knowing Baton Pass
|rule|Sleep Clause Mod: Limit one foe put to sleep
|rule|Species Clause: Limit one of each PokÃ©mon
|rule|OHKO Clause: OHKO moves are banned
|rule|Moody Clause: Moody is banned
|rule|Evasion Moves Clause: Evasion moves are banned
|rule|Endless Battle Clause: Forcing endless battles is banned
|rule|HP Percentage Mod: HP is shown in percentages
|teampreview
|
|start
|switch|p1a: Mamoswine|Mamoswine, F|361\/361
|switch|p2a: Forretress|Forretress, M|353\/353
|turn|1
|
|move|p1a: Mamoswine|Earthquake|p2a: Forretress
|-damage|p2a: Forretress|203\/353
|move|p2a: Forretress|Gyro Ball|p1a: Mamoswine
|-crit|p1a: Mamoswine
|-supereffective|p1a: Mamoswine
|-damage|p1a: Mamoswine|53\/361
|
|-heal|p2a: Forretress|225\/353|[from] item: Leftovers
|turn|2
|
|move|p1a: Mamoswine|Stealth Rock|p2a: Forretress
|-sidestart|p2: zippleclopper|move: Stealth Rock
|move|p2a: Forretress|Volt Switch|p1a: Mamoswine
|-immune|p1a: Mamoswine|[msg]
|
|-heal|p2a: Forretress|247\/353|[from] item: Leftovers
|turn|3
|
|switch|p1a: Magnezone|Magnezone|291\/291
|move|p2a: Forretress|Rapid Spin|p1a: Magnezone
|-resisted|p1a: Magnezone
|-damage|p1a: Magnezone|284\/291
|-sideend|p2: zippleclopper|Stealth Rock|[from] move: Rapid Spin|[of] p2a: Forretress
|
|-heal|p2a: Forretress|269\/353|[from] item: Leftovers
|turn|4
|
|move|p1a: Magnezone|Hidden Power|p2a: Forretress
|-supereffective|p2a: Forretress
|-damage|p2a: Forretress|0 fnt
|faint|p2a: Forretress
|
|
|switch|p2a: Victini|Victini|365\/365
|turn|5
|
|switch|p1a: Mamoswine|Mamoswine, F|53\/361
|move|p2a: Victini|U-turn|p1a: Mamoswine
|-damage|p1a: Mamoswine|0 fnt
|faint|p1a: Mamoswine
|
|switch|p2a: Clefable|Clefable, F|394\/394
|
|
|switch|p1a: Magnezone|Magnezone|284\/291
|turn|6
|
|switch|p2a: Landorus-Therian|Landorus-Therian, M|320\/320
|-ability|p2a: Landorus-Therian|Intimidate|[of] p1a: Magnezone
|-unboost|p1a: Magnezone|atk|1
|move|p1a: Magnezone|Flash Cannon|p2a: Landorus-Therian
|-damage|p2a: Landorus-Therian|62\/320
|
|turn|7
|
|switch|p1a: Landorus-Therian|Landorus-Therian, M|320\/320
|-ability|p1a: Landorus-Therian|Intimidate|[of] p2a: Landorus-Therian
|-unboost|p2a: Landorus-Therian|atk|1
|move|p2a: Landorus-Therian|U-turn|p1a: Landorus-Therian
|-resisted|p1a: Landorus-Therian
|-damage|p1a: Landorus-Therian|287\/320
|
|switch|p2a: Venusaur|Venusaur, M|359\/359
|
|turn|8
|
|detailschange|p2a: Venusaur|Venusaur-Mega, M
|message|Venusaur has Mega Evolved into Mega Venusaur!
|move|p1a: Landorus-Therian|U-turn|p2a: Venusaur
|-damage|p2a: Venusaur|282\/359
|
|switch|p1a: Latios|Latios, M|301\/301
|move|p2a: Venusaur|Sludge Bomb|p1a: Latios
|-damage|p1a: Latios|154\/301
|
|turn|9
|
|switch|p2a: Clefable|Clefable, F|394\/394
|move|p1a: Latios|Psyshock|p2a: Clefable
|-damage|p2a: Clefable|238\/394
|-damage|p1a: Latios|124\/301|[from] item: Life Orb
|
|-heal|p2a: Clefable|262\/394|[from] item: Leftovers
|turn|10
|
|switch|p1a: Magnezone|Magnezone|284\/291
|move|p2a: Clefable|Thunder Wave|p1a: Magnezone
|-fail|p1a: Magnezone
|
|-heal|p2a: Clefable|286\/394|[from] item: Leftovers
|turn|11
|
|switch|p2a: Victini|Victini|365\/365
|move|p1a: Magnezone|Volt Switch|p2a: Victini
|-damage|p2a: Victini|148\/365
|
|switch|p1a: Azumarill|Azumarill, F|404\/404
|
|turn|12
|
|switch|p2a: Venusaur|Venusaur-Mega, M|282\/359
|switch|p1a: Latios|Latios, M|124\/301
|
|turn|13
|
|switch|p2a: Crawdaunt|Crawdaunt, M|268\/268
|move|p1a: Latios|Psyshock|p2a: Crawdaunt
|-immune|p2a: Crawdaunt|[msg]
|
|turn|14
|
|switch|p2a: Clefable|Clefable, F|286\/394
|move|p1a: Latios|Draco Meteor|p2a: Clefable
|-immune|p2a: Clefable|[msg]
|
|-heal|p2a: Clefable|310\/394|[from] item: Leftovers
|turn|15
|
|switch|p2a: Landorus-Therian|Landorus-Therian, M|62\/320
|-ability|p2a: Landorus-Therian|Intimidate|[of] p1a: Latios
|-unboost|p1a: Latios|atk|1
|move|p1a: Latios|Psyshock|p2a: Landorus-Therian
|-damage|p2a: Landorus-Therian|0 fnt
|-damage|p1a: Latios|94\/301|[from] item: Life Orb
|faint|p2a: Landorus-Therian
|
|
|switch|p2a: Victini|Victini|148\/365
|turn|16
|
|move|p2a: Victini|U-turn|p1a: Latios
|-supereffective|p1a: Latios
|-damage|p1a: Latios|0 fnt
|faint|p1a: Latios
|
|switch|p2a: Crawdaunt|Crawdaunt, M|268\/268
|
|
|switch|p1a: Azumarill|Azumarill, F|404\/404
|turn|17
|
|move|p2a: Crawdaunt|Crabhammer|p1a: Azumarill
|-resisted|p1a: Azumarill
|-damage|p1a: Azumarill|200\/404
|-damage|p2a: Crawdaunt|242\/268|[from] item: Life Orb
|move|p1a: Azumarill|Play Rough|p2a: Crawdaunt
|-supereffective|p2a: Crawdaunt
|-damage|p2a: Crawdaunt|0 fnt
|faint|p2a: Crawdaunt
|
|
|switch|p2a: Venusaur|Venusaur-Mega, M|282\/359
|turn|18
|
|switch|p1a: Landorus-Therian|Landorus-Therian, M|287\/320
|-ability|p1a: Landorus-Therian|Intimidate|[of] p2a: Venusaur
|-unboost|p2a: Venusaur|atk|1
|move|p2a: Venusaur|Sludge Bomb|p1a: Landorus-Therian
|-resisted|p1a: Landorus-Therian
|-damage|p1a: Landorus-Therian|188\/320
|
|turn|19
|
|move|p1a: Landorus-Therian|Earthquake|p2a: Venusaur
|-damage|p2a: Venusaur|120\/359
|move|p2a: Venusaur|Sludge Bomb|p1a: Landorus-Therian
|-resisted|p1a: Landorus-Therian
|-damage|p1a: Landorus-Therian|84\/320
|
|turn|20
|
|move|p1a: Landorus-Therian|Earthquake|p2a: Venusaur
|-damage|p2a: Venusaur|0 fnt
|faint|p2a: Venusaur
|
|
|switch|p2a: Victini|Victini|148\/365
|turn|21
|
|move|p1a: Landorus-Therian|Earthquake|p2a: Victini
|-supereffective|p2a: Victini
|-damage|p2a: Victini|0 fnt
|faint|p2a: Victini
|
|
|switch|p2a: Clefable|Clefable, F|310\/394
|turn|22
|
|switch|p1a: Magnezone|Magnezone|284\/291
|move|p2a: Clefable|Moonblast|p1a: Magnezone
|-resisted|p1a: Magnezone
|-damage|p1a: Magnezone|230\/291
|
|-heal|p2a: Clefable|334\/394|[from] item: Leftovers
|turn|23
|
|move|p1a: Magnezone|Flash Cannon|p2a: Clefable
|-supereffective|p2a: Clefable
|-damage|p2a: Clefable|0 fnt
|faint|p2a: Clefable
|
|win|LT6A DarkCelebi59
|raw|Ladder updating...
|raw|LT6A DarkCelebi59's rating: 1808 &rarr; <strong>1819<\/strong><br \/>(+11 for winning)
|raw|zippleclopper's rating: 1628 &rarr; <strong>1618<\/strong><br \/>(-10 for losing)
|leave|LT6A DarkCelebi59
|player|p1