|join|zippleclopper
|join|mr.kebab
|player|p1|zippleclopper|1
|player|p2|mr.kebab|203
|gametype|singles
|gen|6
|tier|OU
|rated
|clearpoke
|poke|p1|Heatran, F
|poke|p1|Zapdos
|poke|p1|Gyarados, F
|poke|p1|Breloom, M
|poke|p1|Cofagrigus, F
|poke|p1|Cobalion
|poke|p2|Sylveon, M
|poke|p2|Magnezone
|poke|p2|Dugtrio, M
|poke|p2|Manectric, F
|poke|p2|Landorus-Therian, M
|poke|p2|Mew
|rule|Swagger Clause: Swagger is banned
|rule|Baton Pass Clause: Limit one PokÃ©mon knowing Baton Pass
|rule|Sleep Clause Mod: Limit one foe put to sleep
|rule|Species Clause: Limit one of each PokÃ©mon
|rule|OHKO Clause: OHKO moves are banned
|rule|Moody Clause: Moody is banned
|rule|Evasion Moves Clause: Evasion moves are banned
|rule|Endless Battle Clause: Forcing endless battles is banned
|rule|HP Percentage Mod: HP is shown in percentages
|teampreview
|
|start
|switch|p1a: Breloom|Breloom, M|262\/262
|switch|p2a: Manectric|Manectric, F|281\/281
|turn|1
|
|switch|p1a: Heatran|Heatran, F|323\/323
|detailschange|p2a: Manectric|Manectric-Mega, F
|message|Manectric has Mega Evolved into Mega Manectric!
|-ability|p2a: Manectric|Intimidate|[of] p1a: Heatran
|-unboost|p1a: Heatran|atk|1
|move|p2a: Manectric|Volt Switch|p1a: Heatran
|-crit|p1a: Heatran
|-damage|p1a: Heatran|146\/323
|
|switch|p2a: Dicktrio|Dugtrio, M|212\/212
|
|turn|2
|
|move|p1a: Heatran|Fire Blast|p2a: Dicktrio
|-enditem|p2a: Dicktrio|Focus Sash
|-damage|p2a: Dicktrio|1\/212
|move|p2a: Dicktrio|Earthquake|p1a: Heatran
|-crit|p1a: Heatran
|-supereffective|p1a: Heatran
|-damage|p1a: Heatran|0 fnt
|faint|p1a: Heatran
|
|
|switch|p1a: Breloom|Breloom, M|262\/262
|turn|3
|
|move|p1a: Breloom|Mach Punch|p2a: Dicktrio
|-damage|p2a: Dicktrio|0 fnt
|-damage|p1a: Breloom|236\/262|[from] item: Life Orb
|faint|p2a: Dicktrio
|
|
|switch|p2a: Sylveon|Sylveon, M|394\/394
|turn|4
|
|move|p1a: Breloom|Spore|p2a: Sylveon
|-status|p2a: Sylveon|slp
|cant|p2a: Sylveon|slp
|
|turn|5
|
|move|p1a: Breloom|Bullet Seed|p2a: Sylveon
|-damage|p2a: Sylveon|307\/394 slp
|-damage|p2a: Sylveon|220\/394 slp
|-damage|p2a: Sylveon|133\/394 slp
|-damage|p2a: Sylveon|55\/394 slp
|-damage|p2a: Sylveon|0 fnt
|-hitcount|p2a: Sylveon|5
|-damage|p1a: Breloom|210\/262|[from] item: Life Orb
|faint|p2a: Sylveon
|
|c|âmr.kebab|bitch
|
|switch|p2a: Manectric|Manectric-Mega, F|281\/281
|-ability|p2a: Manectric|Intimidate|[of] p1a: Breloom
|-unboost|p1a: Breloom|atk|1
|turn|6
|c|âmr.kebab|i had snore -.-
|
|switch|p1a: Zapdos|Zapdos|383\/383
|-ability|p1a: Zapdos|Pressure
|move|p2a: Manectric|Flamethrower|p1a: Zapdos
|-damage|p1a: Zapdos|264\/383
|
|-heal|p1a: Zapdos|287\/383|[from] item: Leftovers
|turn|7
|
|move|p2a: Manectric|Volt Switch|p1a: Zapdos
|-damage|p1a: Zapdos|166\/383
|
|switch|p2a: Magnezone|Magnezone|312\/312
|move|p1a: Zapdos|Roost|p1a: Zapdos
|-heal|p1a: Zapdos|358\/383
|
|-heal|p1a: Zapdos|381\/383|[from] item: Leftovers
|turn|8
|
|switch|p2a: Cancer|Mew|404\/404
|move|p1a: Zapdos|Volt Switch|p2a: Cancer
|-damage|p2a: Cancer|305\/404
|
|switch|p1a: Cofagrigus|Cofagrigus, F|320\/320
|
|-heal|p2a: Cancer|330\/404|[from] item: Leftovers
|turn|9
|
|move|p2a: Cancer|Stealth Rock|p1a: Cofagrigus
|-sidestart|p1: zippleclopper|move: Stealth Rock
|move|p1a: Cofagrigus|Will-O-Wisp|p2a: Cancer
|-status|p2a: Cancer|brn
|-status|p1a: Cofagrigus|brn
|
|-heal|p2a: Cancer|355\/404 brn|[from] item: Leftovers
|-damage|p2a: Cancer|305\/404 brn|[from] brn
|-damage|p1a: Cofagrigus|280\/320 brn|[from] brn
|turn|10
|
|move|p2a: Cancer|U-turn|p1a: Cofagrigus
|-resisted|p1a: Cofagrigus
|-damage|p1a: Cofagrigus|272\/320 brn
|-endability|p2a: Cancer|synchronize|[from] Mummy
|-ability|p2a: Cancer|Mummy|[from] Mummy
|
|switch|p2a: Manectric|Manectric-Mega, F|281\/281
|-ability|p2a: Manectric|Intimidate|[of] p1a: Cofagrigus
|-unboost|p1a: Cofagrigus|atk|1
|move|p1a: Cofagrigus|Shadow Ball|p2a: Manectric
|-damage|p2a: Manectric|163\/281
|
|-heal|p1a: Cofagrigus|292\/320 brn|[from] item: Leftovers
|-damage|p1a: Cofagrigus|252\/320 brn|[from] brn
|turn|11
|
|move|p2a: Manectric|Thunderbolt|p1a: Cofagrigus
|-damage|p1a: Cofagrigus|96\/320 brn
|move|p1a: Cofagrigus|Will-O-Wisp|p2a: Manectric|[miss]
|-miss|p1a: Cofagrigus|p2a: Manectric
|
|-heal|p1a: Cofagrigus|116\/320 brn|[from] item: Leftovers
|-damage|p1a: Cofagrigus|76\/320 brn|[from] brn
|turn|12
|
|move|p2a: Manectric|Thunderbolt|p1a: Cofagrigus
|-damage|p1a: Cofagrigus|0 fnt
|faint|p1a: Cofagrigus
|
|
|switch|p1a: Cobalion|Cobalion|324\/324
|-damage|p1a: Cobalion|314\/324|[from] Stealth Rock
|-item|p1a: Cobalion|Air Balloon
|turn|13
|
|move|p2a: Manectric|Flamethrower|p1a: Cobalion
|-supereffective|p1a: Cobalion
|-damage|p1a: Cobalion|24\/324
|-enditem|p1a: Cobalion|Air Balloon
|move|p1a: Cobalion|Close Combat|p2a: Manectric
|-damage|p2a: Manectric|0 fnt
|-unboost|p1a: Cobalion|def|1
|-unboost|p1a: Cobalion|spd|1
|faint|p2a: Manectric
|
|
|switch|p2a: Shere khan|Landorus-Therian, M|321\/321
|-ability|p2a: Shere khan|Intimidate|[of] p1a: Cobalion
|-unboost|p1a: Cobalion|atk|1
|turn|14
|
|move|p2a: Shere khan|U-turn|p1a: Cobalion
|-resisted|p1a: Cobalion
|-damage|p1a: Cobalion|0 fnt
|faint|p1a: Cobalion
|
|switch|p2a: Magnezone|Magnezone|312\/312
|
|
|switch|p1a: Breloom|Breloom, M|210\/262
|-damage|p1a: Breloom|194\/262|[from] Stealth Rock
|turn|15
|
|switch|p2a: Cancer|Mew|305\/404 brn
|move|p1a: Breloom|Spore|p2a: Cancer
|-fail|p2a: Cancer
|
|-heal|p2a: Cancer|330\/404 brn|[from] item: Leftovers
|-damage|p2a: Cancer|280\/404 brn|[from] brn
|turn|16
|
|move|p1a: Breloom|Bullet Seed|p2a: Cancer
|-damage|p2a: Cancer|222\/404 brn
|-damage|p2a: Cancer|154\/404 brn
|-hitcount|p2a: Cancer|2
|-damage|p1a: Breloom|168\/262|[from] item: Life Orb
|move|p2a: Cancer|Roost|p2a: Cancer
|-heal|p2a: Cancer|356\/404 brn
|
|-heal|p2a: Cancer|381\/404 brn|[from] item: Leftovers
|-damage|p2a: Cancer|331\/404 brn|[from] brn
|turn|17
|
|move|p1a: Breloom|Bullet Seed|p2a: Cancer
|-damage|p2a: Cancer|265\/404 brn
|-damage|p2a: Cancer|201\/404 brn
|-damage|p2a: Cancer|139\/404 brn
|-damage|p2a: Cancer|77\/404 brn
|-damage|p2a: Cancer|11\/404 brn
|-hitcount|p2a: Cancer|5
|-damage|p1a: Breloom|142\/262|[from] item: Life Orb
|move|p2a: Cancer|U-turn|p1a: Breloom
|-damage|p1a: Breloom|110\/262
|
|switch|p2a: Shere khan|Landorus-Therian, M|321\/321
|-ability|p2a: Shere khan|Intimidate|[of] p1a: Breloom
|-unboost|p1a: Breloom|atk|1
|
|turn|18
|
|move|p2a: Shere khan|Stone Edge|p1a: Breloom
|-resisted|p1a: Breloom
|-damage|p1a: Breloom|20\/262
|move|p1a: Breloom|Bullet Seed|p2a: Shere khan
|-damage|p2a: Shere khan|259\/321
|-crit|p2a: Shere khan
|-damage|p2a: Shere khan|117\/321
|-damage|p2a: Shere khan|49\/321
|-hitcount|p2a: Shere khan|3
|-damage|p1a: Breloom|0 fnt|[from] item: Life Orb
|faint|p1a: Breloom
|
|
|switch|p1a: Gyarados|Gyarados, F|332\/332
|-damage|p1a: Gyarados|249\/332|[from] Stealth Rock
|-ability|p1a: Gyarados|Intimidate|[of] p2a: Shere khan
|-unboost|p2a: Shere khan|atk|1
|turn|19
|
|detailschange|p1a: Gyarados|Gyarados-Mega, F
|message|Gyarados has Mega Evolved into Mega Gyarados!
|-ability|p1a: Gyarados|Mold Breaker
|move|p2a: Shere khan|Stone Edge|p1a: Gyarados|[miss]
|-miss|p2a: Shere khan|p1a: Gyarados
|move|p1a: Gyarados|Dragon Dance|p1a: Gyarados
|-boost|p1a: Gyarados|atk|1
|-boost|p1a: Gyarados|spe|1
|
|turn|20
|
|move|p2a: Shere khan|Stone Edge|p1a: Gyarados
|-damage|p1a: Gyarados|169\/332
|move|p1a: Gyarados|Waterfall|p2a: Shere khan
|-supereffective|p2a: Shere khan
|-damage|p2a: Shere khan|0 fnt
|faint|p2a: Shere khan
|
|
|switch|p2a: Cancer|Mew|11\/404 brn
|turn|21
|
|move|p1a: Gyarados|Waterfall|p2a: Cancer
|-damage|p2a: Cancer|0 fnt
|faint|p2a: Cancer
|
|
|switch|p2a: Magnezone|Magnezone|312\/312
|turn|22
|
|move|p1a: Gyarados|Earthquake|p2a: Magnezone
|-supereffective|p2a: Magnezone
|-damage|p2a: Magnezone|0 fnt
|faint|p2a: Magnezone
|
|win|zippleclopper
|raw|Ladder updating...
|raw|zippleclopper's rating: 1621 &rarr; <strong>1644<\/strong><br \/>(+23 for winning)
|raw|mr.kebab's rating: 1667 &rarr; <strong>1645<\/strong><br \/>(-22 for losing)