|join|Rizzy815
|join|zippleclopper
|player|p1|Rizzy815|265
|player|p2|zippleclopper|1
|gametype|singles
|gen|6
|tier|OU
|rated
|clearpoke
|poke|p1|Azumarill, F
|poke|p1|Breloom, M
|poke|p1|Heatran, M
|poke|p1|Dragonite, M
|poke|p1|Excadrill, F
|poke|p1|Gardevoir, F
|poke|p2|Heatran, F
|poke|p2|Crawdaunt, M
|poke|p2|Breloom, F
|poke|p2|Zapdos
|poke|p2|Celebi
|poke|p2|Clefable, F
|rule|Swagger Clause: Swagger is banned
|rule|Baton Pass Clause: Limit one PokÃ©mon knowing Baton Pass
|rule|Sleep Clause Mod: Limit one foe put to sleep
|rule|Species Clause: Limit one of each PokÃ©mon
|rule|OHKO Clause: OHKO moves are banned
|rule|Moody Clause: Moody is banned
|rule|Evasion Moves Clause: Evasion moves are banned
|rule|Endless Battle Clause: Forcing endless battles is banned
|rule|HP Percentage Mod: HP is shown in percentages
|teampreview
|
|start
|switch|p1a: Gardevoir|Gardevoir, F|277\/277
|switch|p2a: Breloom|Breloom, F|282\/282
|-ability|p1a: Gardevoir|Poison Heal|[from] ability: Trace|[of] p2a: Breloom
|turn|1
|
|switch|p2a: Heatran|Heatran, F|386\/386
|detailschange|p1a: Gardevoir|Gardevoir-Mega, F
|message|Gardevoir has Mega Evolved into Mega Gardevoir!
|move|p1a: Gardevoir|Psyshock|p2a: Heatran
|-resisted|p2a: Heatran
|-damage|p2a: Heatran|302\/386
|
|-heal|p2a: Heatran|326\/386|[from] item: Leftovers
|turn|2
|
|move|p1a: Gardevoir|Calm Mind|p1a: Gardevoir
|-boost|p1a: Gardevoir|spa|1
|-boost|p1a: Gardevoir|spd|1
|move|p2a: Heatran|Stealth Rock|p1a: Gardevoir
|-sidestart|p1: Rizzy815|move: Stealth Rock
|
|-heal|p2a: Heatran|350\/386|[from] item: Leftovers
|turn|3
|
|switch|p2a: Clefable|Clefable, F|394\/394
|move|p1a: Gardevoir|Focus Blast|p2a: Clefable
|-resisted|p2a: Clefable
|-damage|p2a: Clefable|298\/394
|
|-heal|p2a: Clefable|322\/394|[from] item: Leftovers
|turn|4
|
|switch|p1a: Excadrill|Excadrill, F|362\/362
|-damage|p1a: Excadrill|351\/362|[from] Stealth Rock
|-ability|p1a: Excadrill|Mold Breaker
|-item|p1a: Excadrill|Air Balloon
|move|p2a: Clefable|Moonlight|p2a: Clefable
|-heal|p2a: Clefable|394\/394
|
|turn|5
|
|switch|p2a: Breloom|Breloom, F|282\/282
|move|p1a: Excadrill|Rock Slide|p2a: Breloom
|-resisted|p2a: Breloom
|-damage|p2a: Breloom|223\/282
|
|-status|p2a: Breloom|tox|[from] item: Toxic Orb
|turn|6
|
|switch|p1a: Gardevoir|Gardevoir-Mega, F|277\/277
|-damage|p1a: Gardevoir|243\/277|[from] Stealth Rock
|move|p2a: Breloom|Spore|p1a: Gardevoir
|-status|p1a: Gardevoir|slp
|
|-heal|p2a: Breloom|258\/282 tox|[from] ability: Poison Heal
|turn|7
|
|cant|p1a: Gardevoir|slp
|move|p2a: Breloom|Substitute|p2a: Breloom
|-start|p2a: Breloom|Substitute
|-damage|p2a: Breloom|188\/282 tox
|
|-heal|p2a: Breloom|223\/282 tox|[from] ability: Poison Heal
|turn|8
|
|cant|p1a: Gardevoir|slp
|move|p2a: Breloom|Facade|p1a: Gardevoir
|-damage|p1a: Gardevoir|13\/277 slp
|
|-heal|p2a: Breloom|258\/282 tox|[from] ability: Poison Heal
|turn|9
|
|cant|p1a: Gardevoir|slp
|move|p2a: Breloom|Facade|p1a: Gardevoir
|-crit|p1a: Gardevoir
|-damage|p1a: Gardevoir|0 fnt
|faint|p1a: Gardevoir
|
|-heal|p2a: Breloom|282\/282 tox|[from] ability: Poison Heal
|
|switch|p1a: Heatran|Heatran, M|386\/386
|-damage|p1a: Heatran|338\/386|[from] Stealth Rock
|turn|10
|
|move|p2a: Breloom|Spore|p1a: Heatran
|-status|p1a: Heatran|slp
|cant|p1a: Heatran|slp
|
|-heal|p1a: Heatran|362\/386 slp|[from] item: Leftovers
|turn|11
|
|-singleturn|p2a: Breloom|move: Focus Punch
|move|p2a: Breloom|Focus Punch|p1a: Heatran
|-supereffective|p1a: Heatran
|-damage|p1a: Heatran|0 fnt
|faint|p1a: Heatran
|
|
|switch|p1a: Dragonite|Dragonite, M|324\/324
|-damage|p1a: Dragonite|243\/324|[from] Stealth Rock
|turn|12
|
|move|p1a: Dragonite|Extreme Speed|p2a: Breloom
|-end|p2a: Breloom|Substitute
|move|p2a: Breloom|Spore|p1a: Dragonite
|-status|p1a: Dragonite|slp
|-enditem|p1a: Dragonite|Lum Berry|[eat]
|-curestatus|p1a: Dragonite|slp
|
|turn|13
|
|move|p1a: Dragonite|Outrage|p2a: Breloom
|-damage|p2a: Breloom|3\/282 tox
|move|p2a: Breloom|Spore|p1a: Dragonite
|-status|p1a: Dragonite|slp
|
|-heal|p2a: Breloom|38\/282 tox|[from] ability: Poison Heal
|turn|14
|
|switch|p1a: Breloom|Breloom, M|261\/261
|-damage|p1a: Breloom|245\/261|[from] Stealth Rock
|move|p2a: Breloom|Facade|p1a: Breloom
|-damage|p1a: Breloom|27\/261
|
|-heal|p2a: Breloom|73\/282 tox|[from] ability: Poison Heal
|turn|15
|
|switch|p2a: Celebi|Celebi|341\/341
|move|p1a: Breloom|Mach Punch|p2a: Celebi
|-resisted|p2a: Celebi
|-damage|p2a: Celebi|304\/341
|
|turn|16
|
|switch|p1a: Excadrill|Excadrill, F|351\/362
|-damage|p1a: Excadrill|340\/362|[from] Stealth Rock
|-ability|p1a: Excadrill|Mold Breaker
|-item|p1a: Excadrill|Air Balloon
|move|p2a: Celebi|Psychic|p1a: Excadrill
|-resisted|p1a: Excadrill
|-damage|p1a: Excadrill|223\/362
|-enditem|p1a: Excadrill|Air Balloon
|-damage|p2a: Celebi|270\/341|[from] item: Life Orb
|
|turn|17
|
|move|p2a: Celebi|Earth Power|p1a: Excadrill
|-supereffective|p1a: Excadrill
|-damage|p1a: Excadrill|0 fnt
|-damage|p2a: Celebi|236\/341|[from] item: Life Orb
|faint|p1a: Excadrill
|
|-message|Rizzy815 forfeited.
|
|win|zippleclopper
|raw|Ladder updating...
|raw|Rizzy815's rating: 1459 &rarr; <strong>1440<\/strong><br \/>(-19 for losing)
|raw|zippleclopper's rating: 1472 &rarr; <strong>1491<\/strong><br \/>(+19 for winning)
|leave|Rizzy815
|player|p1