|join|equipentest
|join|zippleclopper
|player|p1|equipentest|290
|player|p2|zippleclopper|1
|gametype|singles
|gen|6
|tier|OU
|rated
|clearpoke
|poke|p1|Clefable, M
|poke|p1|Swoobat, M
|poke|p1|Hydreigon, M
|poke|p1|Slowbro, M
|poke|p1|Snorlax, F
|poke|p1|Honchkrow, M
|poke|p2|Crawdaunt, M
|poke|p2|Venusaur, M
|poke|p2|Victini
|poke|p2|Landorus-Therian, M
|poke|p2|Clefable, F
|poke|p2|Forretress, F
|rule|Swagger Clause: Swagger is banned
|rule|Baton Pass Clause: Limit one PokÃ©mon knowing Baton Pass
|rule|Sleep Clause Mod: Limit one foe put to sleep
|rule|Species Clause: Limit one of each PokÃ©mon
|rule|OHKO Clause: OHKO moves are banned
|rule|Moody Clause: Moody is banned
|rule|Evasion Moves Clause: Evasion moves are banned
|rule|Endless Battle Clause: Forcing endless battles is banned
|rule|HP Percentage Mod: HP is shown in percentages
|teampreview
|
|start
|switch|p1a: Slowbro|Slowbro, M|394\/394
|switch|p2a: Landorus-Therian|Landorus-Therian, M|319\/319
|-ability|p2a: Landorus-Therian|Intimidate|[of] p1a: Slowbro
|-unboost|p1a: Slowbro|atk|1
|turn|1
|
|move|p2a: Landorus-Therian|U-turn|p1a: Slowbro
|-supereffective|p1a: Slowbro
|-damage|p1a: Slowbro|264\/394
|
|switch|p2a: Crawdaunt|Crawdaunt, M|268\/268
|move|p1a: Slowbro|Calm Mind|p1a: Slowbro
|-boost|p1a: Slowbro|spa|1
|-boost|p1a: Slowbro|spd|1
|
|-heal|p1a: Slowbro|288\/394|[from] item: Leftovers
|turn|2
|
|move|p2a: Crawdaunt|Knock Off|p1a: Slowbro
|-supereffective|p1a: Slowbro
|-damage|p1a: Slowbro|0 fnt
|-enditem|p1a: Slowbro|Leftovers|[from] move: Knock Off|[of] p2a: Crawdaunt
|-damage|p2a: Crawdaunt|242\/268|[from] item: Life Orb
|faint|p1a: Slowbro
|
|
|switch|p1a: Honchkrow|Honchkrow, M|341\/341
|turn|3
|
|switch|p2a: Clefable|Clefable, F|394\/394
|move|p1a: Honchkrow|Superpower|p2a: Clefable
|-resisted|p2a: Clefable
|-damage|p2a: Clefable|300\/394
|-unboost|p1a: Honchkrow|atk|1
|-unboost|p1a: Honchkrow|def|1
|-damage|p1a: Honchkrow|307\/341|[from] item: Life Orb
|
|-heal|p2a: Clefable|324\/394|[from] item: Leftovers
|turn|4
|
|switch|p1a: Swoobat|Swoobat, M|275\/275
|move|p2a: Clefable|Stealth Rock|p1a: Swoobat
|-sidestart|p1: equipentest|move: Stealth Rock
|
|-heal|p2a: Clefable|348\/394|[from] item: Leftovers
|turn|5
|
|move|p1a: Swoobat|Calm Mind|p1a: Swoobat
|-boost|p1a: Swoobat|spa|2
|-boost|p1a: Swoobat|spd|2
|move|p2a: Clefable|Thunder Wave|p1a: Swoobat
|-status|p1a: Swoobat|par
|
|-heal|p2a: Clefable|372\/394|[from] item: Leftovers
|turn|6
|
|move|p2a: Clefable|Moonblast|p1a: Swoobat
|-crit|p1a: Swoobat
|-damage|p1a: Swoobat|22\/275 par
|move|p1a: Swoobat|Air Slash|p2a: Clefable
|-damage|p2a: Clefable|276\/394
|
|-heal|p2a: Clefable|300\/394|[from] item: Leftovers
|-heal|p1a: Swoobat|39\/275 par|[from] item: Leftovers
|turn|7
|
|move|p2a: Clefable|Moonblast|p1a: Swoobat
|-damage|p1a: Swoobat|0 fnt
|faint|p1a: Swoobat
|
|-heal|p2a: Clefable|324\/394|[from] item: Leftovers
|
|switch|p1a: Honchkrow|Honchkrow, M|307\/341
|-damage|p1a: Honchkrow|222\/341|[from] Stealth Rock
|turn|8
|
|move|p1a: Honchkrow|Brave Bird|p2a: Clefable
|-damage|p2a: Clefable|59\/394
|-damage|p1a: Honchkrow|135\/341|[from] recoil|[of] p2a: Clefable
|-damage|p1a: Honchkrow|101\/341|[from] item: Life Orb
|move|p2a: Clefable|Moonblast|p1a: Honchkrow
|-supereffective|p1a: Honchkrow
|-damage|p1a: Honchkrow|0 fnt
|faint|p1a: Honchkrow
|
|-heal|p2a: Clefable|83\/394|[from] item: Leftovers
|
|switch|p1a: Clefable|Clefable, M|394\/394
|turn|9
|
|move|p1a: Clefable|Cosmic Power|p1a: Clefable
|-boost|p1a: Clefable|def|1
|-boost|p1a: Clefable|spd|1
|move|p2a: Clefable|Thunder Wave|p1a: Clefable
|-status|p1a: Clefable|par
|
|-heal|p2a: Clefable|107\/394|[from] item: Leftovers
|turn|10
|
|move|p2a: Clefable|Moonlight|p2a: Clefable
|-heal|p2a: Clefable|304\/394
|move|p1a: Clefable|Cosmic Power|p1a: Clefable
|-boost|p1a: Clefable|def|1
|-boost|p1a: Clefable|spd|1
|
|-heal|p2a: Clefable|328\/394|[from] item: Leftovers
|turn|11
|
|move|p2a: Clefable|Moonblast|p1a: Clefable
|-damage|p1a: Clefable|298\/394 par
|-unboost|p1a: Clefable|spa|1
|move|p1a: Clefable|Cosmic Power|p1a: Clefable
|-boost|p1a: Clefable|def|1
|-boost|p1a: Clefable|spd|1
|
|-heal|p2a: Clefable|352\/394|[from] item: Leftovers
|-heal|p1a: Clefable|322\/394 par|[from] item: Leftovers
|turn|12
|
|move|p2a: Clefable|Moonblast|p1a: Clefable
|-damage|p1a: Clefable|217\/394 par
|cant|p1a: Clefable|par
|
|-heal|p2a: Clefable|376\/394|[from] item: Leftovers
|-heal|p1a: Clefable|241\/394 par|[from] item: Leftovers
|turn|13
|
|move|p2a: Clefable|Moonblast|p1a: Clefable
|-damage|p1a: Clefable|135\/394 par
|cant|p1a: Clefable|par
|
|-heal|p2a: Clefable|394\/394|[from] item: Leftovers
|-heal|p1a: Clefable|159\/394 par|[from] item: Leftovers
|turn|14
|
|move|p2a: Clefable|Moonblast|p1a: Clefable
|-crit|p1a: Clefable
|-damage|p1a: Clefable|0 fnt
|faint|p1a: Clefable
|
|-message|equipentest forfeited.
|
|win|zippleclopper
|raw|Ladder updating...
|leave|equipentest
|player|p1
|raw|equipentest's rating: 1471 &rarr; <strong>1453<\/strong><br \/>(-18 for losing)
|raw|zippleclopper's rating: 1515 &rarr; <strong>1532<\/strong><br \/>(+17 for winning)