|join|lt6x stormy
|join|zippleclopper
|player|p1|lt6x stormy|274
|player|p2|zippleclopper|1
|gametype|singles
|gen|6
|tier|OU
|rated
|clearpoke
|poke|p1|Charizard, M
|poke|p1|Ferrothorn, F
|poke|p1|Thundurus, M
|poke|p1|Excadrill, M
|poke|p1|Landorus-Therian, M
|poke|p1|Azumarill, M
|poke|p2|Crawdaunt, F
|poke|p2|Venusaur, M
|poke|p2|Victini
|poke|p2|Landorus-Therian, M
|poke|p2|Clefable, M
|poke|p2|Forretress, F
|rule|Swagger Clause: Swagger is banned
|rule|Baton Pass Clause: Limit one PokÃ©mon knowing Baton Pass
|rule|Sleep Clause Mod: Limit one foe put to sleep
|rule|Species Clause: Limit one of each PokÃ©mon
|rule|OHKO Clause: OHKO moves are banned
|rule|Moody Clause: Moody is banned
|rule|Evasion Moves Clause: Evasion moves are banned
|rule|Endless Battle Clause: Forcing endless battles is banned
|rule|HP Percentage Mod: HP is shown in percentages
|teampreview
|
|start
|switch|p1a: Charizard|Charizard, M|333\/333
|switch|p2a: Victini|Victini|365\/365
|turn|1
|
|detailschange|p1a: Charizard|Charizard-Mega-X, M
|message|Charizard has Mega Evolved into Mega Charizard!
|move|p2a: Victini|Final Gambit|p1a: Charizard
|-damage|p1a: Charizard|0 fnt
|faint|p2a: Victini
|faint|p1a: Charizard
|
|
|switch|p1a: Thundurus|Thundurus, M|299\/299
|switch|p2a: Venusaur|Venusaur, M|359\/359
|turn|2
|
|switch|p1a: Excadrill|Excadrill, M|361\/361
|-ability|p1a: Excadrill|Mold Breaker
|-item|p1a: Excadrill|Air Balloon
|detailschange|p2a: Venusaur|Venusaur-Mega, M
|message|Venusaur has Mega Evolved into Mega Venusaur!
|move|p2a: Venusaur|Sludge Bomb|p1a: Excadrill
|-immune|p1a: Excadrill|[msg]
|
|turn|3
|
|move|p1a: Excadrill|Earthquake|p2a: Venusaur
|-damage|p2a: Venusaur|181\/359
|move|p2a: Venusaur|Giga Drain|p1a: Excadrill
|-damage|p1a: Excadrill|169\/361
|-heal|p2a: Venusaur|277\/359|[from] drain|[of] p1a: Excadrill
|-enditem|p1a: Excadrill|Air Balloon
|
|turn|4
|
|switch|p2a: Landorus-Therian|Landorus-Therian, M|319\/319
|-ability|p2a: Landorus-Therian|Intimidate|[of] p1a: Excadrill
|-unboost|p1a: Excadrill|atk|1
|move|p1a: Excadrill|Iron Head|p2a: Landorus-Therian
|-damage|p2a: Landorus-Therian|205\/319
|
|turn|5
|
|switch|p1a: Thundurus|Thundurus, M|299\/299
|move|p2a: Landorus-Therian|U-turn|p1a: Thundurus
|-resisted|p1a: Thundurus
|-damage|p1a: Thundurus|241\/299
|
|switch|p2a: Venusaur|Venusaur-Mega, M|277\/359
|
|turn|6
|
|move|p1a: Thundurus|Nasty Plot|p1a: Thundurus
|-boost|p1a: Thundurus|spa|2
|move|p2a: Venusaur|Synthesis|p2a: Venusaur
|-heal|p2a: Venusaur|359\/359
|
|turn|7
|
|switch|p2a: Forretress|Forretress, F|353\/353
|move|p1a: Thundurus|Thunderbolt|p2a: Forretress
|-activate|p2a: Forretress|Sturdy
|-damage|p2a: Forretress|1\/353
|-damage|p1a: Thundurus|212\/299|[from] item: Life Orb
|
|turn|8
|
|move|p1a: Thundurus|Hidden Power|p2a: Forretress
|-resisted|p2a: Forretress
|-damage|p2a: Forretress|0 fnt
|-damage|p1a: Thundurus|183\/299|[from] item: Life Orb
|faint|p2a: Forretress
|
|
|switch|p2a: Landorus-Therian|Landorus-Therian, M|205\/319
|-ability|p2a: Landorus-Therian|Intimidate|[of] p1a: Thundurus
|-unboost|p1a: Thundurus|atk|1
|turn|9
|
|move|p2a: Landorus-Therian|Stone Edge|p1a: Thundurus
|-supereffective|p1a: Thundurus
|-damage|p1a: Thundurus|0 fnt
|faint|p1a: Thundurus
|
|
|switch|p1a: Excadrill|Excadrill, M|169\/361
|-ability|p1a: Excadrill|Mold Breaker
|turn|10
|
|switch|p2a: Crawdaunt|Crawdaunt, F|268\/268
|move|p1a: Excadrill|Earthquake|p2a: Crawdaunt
|-damage|p2a: Crawdaunt|39\/268
|
|turn|11
|
|switch|p1a: Ferrothorn|Ferrothorn, F|352\/352
|move|p2a: Crawdaunt|Aqua Jet|p1a: Ferrothorn
|-resisted|p1a: Ferrothorn
|-damage|p1a: Ferrothorn|310\/352
|-damage|p2a: Crawdaunt|6\/268|[from] ability: Iron Barbs|[of] p1a: Ferrothorn
|-damage|p2a: Crawdaunt|0 fnt|[from] item: Life Orb
|faint|p2a: Crawdaunt
|
|-heal|p1a: Ferrothorn|332\/352|[from] item: Leftovers
|
|switch|p2a: Venusaur|Venusaur-Mega, M|359\/359
|turn|12
|
|move|p2a: Venusaur|Hidden Power|p1a: Ferrothorn
|-supereffective|p1a: Ferrothorn
|-damage|p1a: Ferrothorn|64\/352
|move|p1a: Ferrothorn|Stealth Rock|p2a: Venusaur
|-sidestart|p2: zippleclopper|move: Stealth Rock
|
|-heal|p1a: Ferrothorn|86\/352|[from] item: Leftovers
|turn|13
|
|move|p2a: Venusaur|Hidden Power|p1a: Ferrothorn
|-supereffective|p1a: Ferrothorn
|-damage|p1a: Ferrothorn|0 fnt
|faint|p1a: Ferrothorn
|
|
|switch|p1a: Excadrill|Excadrill, M|169\/361
|-ability|p1a: Excadrill|Mold Breaker
|turn|14
|
|move|p1a: Excadrill|Earthquake|p2a: Venusaur
|-damage|p2a: Venusaur|193\/359
|move|p2a: Venusaur|Giga Drain|p1a: Excadrill
|-damage|p1a: Excadrill|0 fnt
|-heal|p2a: Venusaur|278\/359|[from] drain|[of] p1a: Excadrill
|faint|p1a: Excadrill
|
|
|switch|p1a: Landorus-Therian|Landorus-Therian, M|320\/320
|-ability|p1a: Landorus-Therian|Intimidate|[of] p2a: Venusaur
|-unboost|p2a: Venusaur|atk|1
|turn|15
|
|move|p1a: Landorus-Therian|Earthquake|p2a: Venusaur
|-damage|p2a: Venusaur|112\/359
|move|p2a: Venusaur|Giga Drain|p1a: Landorus-Therian
|-damage|p1a: Landorus-Therian|149\/320
|-heal|p2a: Venusaur|198\/359|[from] drain|[of] p1a: Landorus-Therian
|
|turn|16
|
|move|p1a: Landorus-Therian|Earthquake|p2a: Venusaur
|-damage|p2a: Venusaur|48\/359
|move|p2a: Venusaur|Synthesis|p2a: Venusaur
|-heal|p2a: Venusaur|227\/359
|
|turn|17
|
|move|p1a: Landorus-Therian|Earthquake|p2a: Venusaur
|-damage|p2a: Venusaur|56\/359
|move|p2a: Venusaur|Synthesis|p2a: Venusaur
|-heal|p2a: Venusaur|235\/359
|
|turn|18
|
|switch|p2a: Landorus-Therian|Landorus-Therian, M|205\/319
|-damage|p2a: Landorus-Therian|166\/319|[from] Stealth Rock
|-ability|p2a: Landorus-Therian|Intimidate|[of] p1a: Landorus-Therian
|-unboost|p1a: Landorus-Therian|atk|1
|move|p1a: Landorus-Therian|Earthquake|p2a: Landorus-Therian
|-immune|p2a: Landorus-Therian|[msg]
|
|turn|19
|
|move|p2a: Landorus-Therian|U-turn|p1a: Landorus-Therian
|-resisted|p1a: Landorus-Therian
|-damage|p1a: Landorus-Therian|100\/320
|
|switch|p2a: Clefable|Clefable, M|394\/394
|-damage|p2a: Clefable|345\/394|[from] Stealth Rock
|move|p1a: Landorus-Therian|Earthquake|p2a: Clefable
|-damage|p2a: Clefable|167\/394
|
|-heal|p2a: Clefable|191\/394|[from] item: Leftovers
|turn|20
|
|move|p1a: Landorus-Therian|Earthquake|p2a: Clefable
|-crit|p2a: Clefable
|-damage|p2a: Clefable|0 fnt
|faint|p2a: Clefable
|
|
|switch|p2a: Landorus-Therian|Landorus-Therian, M|166\/319
|-damage|p2a: Landorus-Therian|127\/319|[from] Stealth Rock
|-ability|p2a: Landorus-Therian|Intimidate|[of] p1a: Landorus-Therian
|-unboost|p1a: Landorus-Therian|atk|1
|turn|21
|
|switch|p1a: Azumarill|Azumarill, M|404\/404
|move|p2a: Landorus-Therian|Knock Off|p1a: Azumarill
|-resisted|p1a: Azumarill
|-damage|p1a: Azumarill|325\/404
|-enditem|p1a: Azumarill|Assault Vest|[from] move: Knock Off|[of] p2a: Landorus-Therian
|
|turn|22
|
|move|p2a: Landorus-Therian|Knock Off|p1a: Azumarill
|-resisted|p1a: Azumarill
|-damage|p1a: Azumarill|277\/404
|move|p1a: Azumarill|Play Rough|p2a: Landorus-Therian
|-crit|p2a: Landorus-Therian
|-damage|p2a: Landorus-Therian|0 fnt
|faint|p2a: Landorus-Therian
|
|
|switch|p2a: Venusaur|Venusaur-Mega, M|235\/359
|-damage|p2a: Venusaur|191\/359|[from] Stealth Rock
|turn|23
|
|move|p2a: Venusaur|Giga Drain|p1a: Azumarill
|-supereffective|p1a: Azumarill
|-damage|p1a: Azumarill|0 fnt
|-heal|p2a: Venusaur|330\/359|[from] drain|[of] p1a: Azumarill
|faint|p1a: Azumarill
|
|
|switch|p1a: Landorus-Therian|Landorus-Therian, M|100\/320
|-ability|p1a: Landorus-Therian|Intimidate|[of] p2a: Venusaur
|-unboost|p2a: Venusaur|atk|1
|turn|24
|-message|lt6x stormy forfeited.
|
|win|zippleclopper
|raw|Ladder updating...
|leave|lt6x stormy
|player|p1
|raw|lt6x stormy's rating: 1582 &rarr; <strong>1568<\/strong><br \/>(-14 for losing)
|raw|zippleclopper's rating: 1704 &rarr; <strong>1717<\/strong><br \/>(+13 for winning)