|join|I see fire
|join|zippleclopper
|player|p1|I see fire|1
|player|p2|zippleclopper|1
|gametype|singles
|gen|6
|tier|OU
|clearpoke
|poke|p1|Tyranitar, M
|poke|p1|Gengar, F
|poke|p1|Diancie
|poke|p1|Gastrodon, F
|poke|p1|Excadrill, M
|poke|p1|Latias, F
|poke|p2|Sableye, M
|poke|p2|Porygon2
|poke|p2|Chesnaught, M
|poke|p2|Empoleon, F
|poke|p2|Rhyperior, M
|poke|p2|Tentacruel, F
|rule|Swagger Clause: Swagger is banned
|rule|Baton Pass Clause: Limit one PokÃ©mon knowing Baton Pass
|rule|Sleep Clause Mod: Limit one foe put to sleep
|rule|Species Clause: Limit one of each PokÃ©mon
|rule|OHKO Clause: OHKO moves are banned
|rule|Moody Clause: Moody is banned
|rule|Evasion Moves Clause: Evasion moves are banned
|rule|Endless Battle Clause: Forcing endless battles is banned
|rule|HP Percentage Mod: HP is shown in percentages
|teampreview
|join|I like donkeys
|join|hippityhopitus
|c| I like donkeys|**FIRSTFIRSTFIRSTFIRSTFIRSTFIRSTFIRSTFIRSTFIRSTFIRSTFIRSTFIRSTFIRSTFIRSTFIRSTFIRSTFIRSTFIRSTFIRSTFIRSTFIRSTFIRSTFIRSTFIRSTFIRSTFIRSTFIRSTFIRSTFIRSTFIRSTFIRSTFIRSTFIRSTFIRSTFIRSTFIRSTFIRSTFIRSTFIRSTFIRSTFIRST**
|join|Savage_hr
|join|swampert567
|join|killar45
|join|Alvadora
|c| hippityhopitus|SECONDSECONDSECONDSECONDSECONDSECONDSECONDSECONDSECONDSECONDSECONDSECONDSECONDSECONDSECONDSECONDSECOND
|join|toneloni97
|join|julianna
|join|N0L0
|
|start
|switch|p1a: Gengar|Gengar, F|323\/323
|switch|p2a: Sableye|Sableye, M|304\/304
|turn|1
|leave|N0L0
|c| julianna|i see a porygon2: electric boogaloo
|join|N0L0
|
|switch|p1a: Gastrodon|Gastrodon, F|425\/425
|detailschange|p2a: Sableye|Sableye-Mega, M
|message|Sableye has Mega Evolved into Mega Sableye!
|move|p2a: Sableye|Will-O-Wisp|p1a: Gastrodon
|-status|p1a: Gastrodon|brn
|
|-damage|p1a: Gastrodon|372\/425 brn|[from] brn
|turn|2
|
|switch|p1a: Diancie|Diancie|241\/241
|switch|p2a: Porygon2|Porygon2|374\/374
|-ability|p2a: Porygon2|Clear Body|[from] ability: Trace|[of] p1a: Diancie
|
|turn|3
|c| I like donkeys|I see fire sup bruh
|join|Dallaren
|
|detailschange|p1a: Diancie|Diancie-Mega
|message|Diancie has Mega Evolved into Mega Diancie!
|move|p1a: Diancie|Moonblast|p2a: Porygon2
|-damage|p2a: Porygon2|245\/374
|move|p2a: Porygon2|Discharge|p1a: Diancie
|-crit|p1a: Diancie
|-damage|p1a: Diancie|147\/241
|
|turn|4
|
|switch|p1a: Tyranitar|Tyranitar, M|403\/403
|-weather|Sandstorm
|move|p2a: Porygon2|Recover|p2a: Porygon2
|-heal|p2a: Porygon2|374\/374
|
|-weather|Sandstorm|[upkeep]
|-damage|p2a: Porygon2|351\/374|[from] sandstorm
|turn|5
|leave|toneloni97
|
|switch|p1a: Excadrill|Excadrill, M|361\/361
|switch|p2a: Sableye|Sableye-Mega, M|304\/304
|
|-weather|Sandstorm|[upkeep]
|-damage|p2a: Sableye|285\/304|[from] sandstorm
|turn|6
|
|switch|p2a: Chesnaught|Chesnaught, M|380\/380
|move|p1a: Excadrill|Earthquake|p2a: Chesnaught
|-resisted|p2a: Chesnaught
|-damage|p2a: Chesnaught|294\/380
|-damage|p1a: Excadrill|325\/361|[from] item: Life Orb
|
|-weather|Sandstorm|[upkeep]
|-damage|p2a: Chesnaught|271\/380|[from] sandstorm
|-heal|p2a: Chesnaught|294\/380|[from] item: Leftovers
|turn|7
|
|switch|p1a: Gengar|Gengar, F|323\/323
|move|p2a: Chesnaught|Drain Punch|p1a: Gengar
|-immune|p1a: Gengar|[msg]
|
|-weather|Sandstorm|[upkeep]
|-damage|p1a: Gengar|303\/323|[from] sandstorm
|-damage|p2a: Chesnaught|271\/380|[from] sandstorm
|-heal|p1a: Gengar|323\/323|[from] item: Leftovers
|-heal|p2a: Chesnaught|294\/380|[from] item: Leftovers
|turn|8
|c| swampert567|lol
|leave|julianna
|
|switch|p2a: Sableye|Sableye-Mega, M|285\/304
|move|p1a: Gengar|Substitute|p1a: Gengar
|-start|p1a: Gengar|Substitute
|-damage|p1a: Gengar|243\/323
|
|-weather|none
|-heal|p1a: Gengar|263\/323|[from] item: Leftovers
|turn|9
|
|move|p1a: Gengar|Shadow Ball|p2a: Sableye
|-damage|p2a: Sableye|170\/304
|move|p2a: Sableye|Calm Mind|p2a: Sableye
|-boost|p2a: Sableye|spa|1
|-boost|p2a: Sableye|spd|1
|
|-heal|p1a: Gengar|283\/323|[from] item: Leftovers
|turn|10
|
|switch|p1a: Diancie|Diancie-Mega|147\/241
|move|p2a: Sableye|Recover|p2a: Sableye
|-heal|p2a: Sableye|304\/304
|
|turn|11
|
|switch|p2a: Empoleon|Empoleon, F|372\/372
|move|p1a: Diancie|Moonblast|p2a: Empoleon
|-resisted|p2a: Empoleon
|-damage|p2a: Empoleon|302\/372
|
|-heal|p2a: Empoleon|325\/372|[from] item: Leftovers
|turn|12
|join|QKIC
|
|switch|p1a: Gastrodon|Gastrodon, F|372\/425 brn
|switch|p2a: Chesnaught|Chesnaught, M|294\/380
|
|-heal|p2a: Chesnaught|317\/380|[from] item: Leftovers
|-heal|p1a: Gastrodon|398\/425 brn|[from] item: Leftovers
|-damage|p1a: Gastrodon|345\/425 brn|[from] brn
|turn|13
|
|move|p2a: Chesnaught|Wood Hammer|p1a: Gastrodon
|-crit|p1a: Gastrodon
|-supereffective|p1a: Gastrodon
|-damage|p1a: Gastrodon|0 fnt
|-damage|p2a: Chesnaught|203\/380|[from] recoil|[of] p1a: Gastrodon
|faint|p1a: Gastrodon
|
|-heal|p2a: Chesnaught|226\/380|[from] item: Leftovers
|join|Snorlax's pillow
|c|âI see fire|nice  crit
|c|+Dallaren|slug :{
|
|switch|p1a: Diancie|Diancie-Mega|147\/241
|turn|14
|
|move|p2a: Chesnaught|Spiky Shield|p2a: Chesnaught
|-singleturn|p2a: Chesnaught|move: Protect
|move|p1a: Diancie|Moonblast|p2a: Chesnaught
|-activate|p2a: Chesnaught|move: Protect
|
|-heal|p2a: Chesnaught|249\/380|[from] item: Leftovers
|turn|15
|join|KratosSnake
|
|switch|p2a: Porygon2|Porygon2|351\/374
|-ability|p2a: Porygon2|Magic Bounce|[from] ability: Trace|[of] p1a: Diancie
|move|p1a: Diancie|Moonblast|p2a: Porygon2
|-damage|p2a: Porygon2|230\/374
|-unboost|p2a: Porygon2|spa|1
|
|turn|16
|join|TheQuietAegislash
|join|Zezima
|leave|TheQuietAegislash
|
|switch|p1a: Tyranitar|Tyranitar, M|403\/403
|-weather|Sandstorm
|move|p2a: Porygon2|Recover|p2a: Porygon2
|-heal|p2a: Porygon2|374\/374
|
|-weather|Sandstorm|[upkeep]
|-damage|p2a: Porygon2|351\/374|[from] sandstorm
|turn|17
|join|JustB1az3
|join|troller67890
|
|switch|p2a: Chesnaught|Chesnaught, M|249\/380
|move|p1a: Tyranitar|Crunch|p2a: Chesnaught
|-resisted|p2a: Chesnaught
|-damage|p2a: Chesnaught|209\/380
|
|-weather|Sandstorm|[upkeep]
|-damage|p2a: Chesnaught|186\/380|[from] sandstorm
|-heal|p2a: Chesnaught|209\/380|[from] item: Leftovers
|turn|18
|
|move|p2a: Chesnaught|Drain Punch|p1a: Tyranitar
|-crit|p1a: Tyranitar
|-supereffective|p1a: Tyranitar
|-enditem|p1a: Tyranitar|Chople Berry|[eat]
|-damage|p1a: Tyranitar|209\/403
|-heal|p2a: Chesnaught|306\/380|[from] drain|[of] p1a: Tyranitar
|move|p1a: Tyranitar|Stealth Rock|p2a: Chesnaught
|-sidestart|p2: zippleclopper|move: Stealth Rock
|
|-weather|Sandstorm|[upkeep]
|-damage|p2a: Chesnaught|283\/380|[from] sandstorm
|-heal|p2a: Chesnaught|306\/380|[from] item: Leftovers
|turn|19
|
|switch|p1a: Gengar|Gengar, F|283\/323
|move|p2a: Chesnaught|Wood Hammer|p1a: Gengar
|-resisted|p1a: Gengar
|-damage|p1a: Gengar|164\/323
|-damage|p2a: Chesnaught|267\/380|[from] recoil|[of] p1a: Gengar
|
|-weather|Sandstorm|[upkeep]
|-damage|p1a: Gengar|144\/323|[from] sandstorm
|-damage|p2a: Chesnaught|244\/380|[from] sandstorm
|-heal|p1a: Gengar|164\/323|[from] item: Leftovers
|-heal|p2a: Chesnaught|267\/380|[from] item: Leftovers
|turn|20
|
|switch|p2a: Sableye|Sableye-Mega, M|304\/304
|-damage|p2a: Sableye|266\/304|[from] Stealth Rock
|move|p1a: Gengar|Substitute|p1a: Gengar
|-start|p1a: Gengar|Substitute
|-damage|p1a: Gengar|84\/323
|
|-weather|none
|-heal|p1a: Gengar|104\/323|[from] item: Leftovers
|turn|21
|c| troller67890|crits are part of the game i see fire dont give excuses
|join|oih98uh
|c| troller67890|it wouldnt have mattered anyway 4x effective
|
|switch|p2a: Empoleon|Empoleon, F|325\/372
|-damage|p2a: Empoleon|302\/372|[from] Stealth Rock
|move|p1a: Gengar|Shadow Ball|p2a: Empoleon
|-damage|p2a: Empoleon|212\/372
|
|-heal|p1a: Gengar|124\/323|[from] item: Leftovers
|-heal|p2a: Empoleon|235\/372|[from] item: Leftovers
|turn|22
|join|testingh12
|join|Vogas
|
|move|p1a: Gengar|Will-O-Wisp|p2a: Empoleon
|-status|p2a: Empoleon|brn
|move|p2a: Empoleon|Scald|p1a: Gengar
|-end|p1a: Gengar|Substitute
|
|-heal|p1a: Gengar|144\/323|[from] item: Leftovers
|-heal|p2a: Empoleon|258\/372 brn|[from] item: Leftovers
|-damage|p2a: Empoleon|212\/372 brn|[from] brn
|turn|23
|c|âI see fire|it did
|
|move|p1a: Gengar|Substitute|p1a: Gengar
|-start|p1a: Gengar|Substitute
|-damage|p1a: Gengar|64\/323
|move|p2a: Empoleon|Flash Cannon|p1a: Gengar
|-end|p1a: Gengar|Substitute
|
|-heal|p1a: Gengar|84\/323|[from] item: Leftovers
|-heal|p2a: Empoleon|235\/372 brn|[from] item: Leftovers
|-damage|p2a: Empoleon|189\/372 brn|[from] brn
|turn|24
|c| troller67890|grass is 4x effective against gastrodon fool
|
|move|p1a: Gengar|Substitute|p1a: Gengar
|-start|p1a: Gengar|Substitute
|-damage|p1a: Gengar|4\/323
|move|p2a: Empoleon|Flash Cannon|p1a: Gengar
|-end|p1a: Gengar|Substitute
|
|-heal|p1a: Gengar|24\/323|[from] item: Leftovers
|-heal|p2a: Empoleon|212\/372 brn|[from] item: Leftovers
|-damage|p2a: Empoleon|166\/372 brn|[from] brn
|turn|25
|c|+Dallaren|I need to make a sableye team damn
|c|âI see fire|oh def gastro tanks it
|c|âI see fire|fool
|c| troller67890|anyway hax is part of the game dont give excuses for a loss
|
|switch|p1a: Latias|Latias, F|363\/363
|move|p2a: Empoleon|Scald|p1a: Latias
|-resisted|p1a: Latias
|-damage|p1a: Latias|321\/363
|-status|p1a: Latias|brn
|
|-heal|p1a: Latias|343\/363 brn|[from] item: Leftovers
|-heal|p2a: Empoleon|189\/372 brn|[from] item: Leftovers
|-damage|p1a: Latias|298\/363 brn|[from] brn
|-damage|p2a: Empoleon|143\/372 brn|[from] brn
|turn|26
|join|ukur
|c| troller67890|a poor workman blames its tools
|
|switch|p1a: Excadrill|Excadrill, M|325\/361
|move|p2a: Empoleon|Stealth Rock|p1a: Excadrill
|-sidestart|p1: I see fire|move: Stealth Rock
|
|-heal|p2a: Empoleon|166\/372 brn|[from] item: Leftovers
|-damage|p2a: Empoleon|120\/372 brn|[from] brn
|turn|27
|
|move|p1a: Excadrill|Earthquake|p2a: Empoleon
|-supereffective|p2a: Empoleon
|-damage|p2a: Empoleon|0 fnt
|-damage|p1a: Excadrill|289\/361|[from] item: Life Orb
|faint|p2a: Empoleon
|
|join|toneloni97
|
|switch|p2a: Chesnaught|Chesnaught, M|267\/380
|-damage|p2a: Chesnaught|244\/380|[from] Stealth Rock
|turn|28
|
|move|p1a: Excadrill|Rapid Spin|p2a: Chesnaught
|-damage|p2a: Chesnaught|221\/380
|-sideend|p1: I see fire|Stealth Rock|[from] move: Rapid Spin|[of] p1a: Excadrill
|-damage|p1a: Excadrill|253\/361|[from] item: Life Orb
|move|p2a: Chesnaught|Drain Punch|p1a: Excadrill
|-supereffective|p1a: Excadrill
|-damage|p1a: Excadrill|0 fnt
|-heal|p2a: Chesnaught|348\/380|[from] drain|[of] p1a: Excadrill
|faint|p1a: Excadrill
|
|-heal|p2a: Chesnaught|371\/380|[from] item: Leftovers
|leave|Alvadora
|
|switch|p1a: Gengar|Gengar, F|24\/323
|turn|29
|
|move|p1a: Gengar|Pain Split|p2a: Chesnaught
|-sethp|p2a: Chesnaught|197\/380|p1a: Gengar|197\/323|[from] move: Pain Split
|move|p2a: Chesnaught|Wood Hammer|p1a: Gengar
|-resisted|p1a: Gengar
|-damage|p1a: Gengar|93\/323
|-damage|p2a: Chesnaught|163\/380|[from] recoil|[of] p1a: Gengar
|
|-heal|p1a: Gengar|113\/323|[from] item: Leftovers
|-heal|p2a: Chesnaught|186\/380|[from] item: Leftovers
|turn|30
|join|BlackBloodz
|
|switch|p2a: Sableye|Sableye-Mega, M|266\/304
|-damage|p2a: Sableye|228\/304|[from] Stealth Rock
|move|p1a: Gengar|Shadow Ball|p2a: Sableye
|-damage|p2a: Sableye|129\/304
|
|-heal|p1a: Gengar|133\/323|[from] item: Leftovers
|turn|31
|
|move|p1a: Gengar|Shadow Ball|p2a: Sableye
|-damage|p2a: Sableye|20\/304
|move|p2a: Sableye|Recover|p2a: Sableye
|-heal|p2a: Sableye|172\/304
|
|-heal|p1a: Gengar|153\/323|[from] item: Leftovers
|turn|32
|
|switch|p1a: Diancie|Diancie-Mega|147\/241
|move|p2a: Sableye|Recover|p2a: Sableye
|-heal|p2a: Sableye|304\/304
|
|turn|33
|c| I like donkeys|knock knock
|
|switch|p2a: Porygon2|Porygon2|351\/374
|-damage|p2a: Porygon2|305\/374|[from] Stealth Rock
|-ability|p2a: Porygon2|Magic Bounce|[from] ability: Trace|[of] p1a: Diancie
|move|p1a: Diancie|Moonblast|p2a: Porygon2
|-damage|p2a: Porygon2|185\/374
|-unboost|p2a: Porygon2|spa|1
|
|turn|34
|c| I like donkeys|who's there?
|c| I like donkeys|a cabbage
|c| I like donkeys|thats impossible
|
|move|p1a: Diancie|Ancient Power|p2a: Porygon2
|-damage|p2a: Porygon2|115\/374
|move|p2a: Porygon2|Recover|p2a: Porygon2
|-heal|p2a: Porygon2|302\/374
|
|turn|35
|
|switch|p1a: Tyranitar|Tyranitar, M|209\/403
|-weather|Sandstorm
|move|p2a: Porygon2|Discharge|p1a: Tyranitar
|-damage|p1a: Tyranitar|182\/403
|-status|p1a: Tyranitar|par
|
|-weather|Sandstorm|[upkeep]
|-damage|p2a: Porygon2|279\/374|[from] sandstorm
|turn|36
|c| JustB1az3|...
|
|switch|p2a: Tentacruel|Tentacruel, F|364\/364
|-damage|p2a: Tentacruel|319\/364|[from] Stealth Rock
|cant|p1a: Tyranitar|par
|
|-weather|Sandstorm|[upkeep]
|-damage|p2a: Tentacruel|297\/364|[from] sandstorm
|-heal|p2a: Tentacruel|319\/364|[from] item: Black Sludge
|turn|37
|c| I like donkeys|wow
|
|switch|p1a: Gengar|Gengar, F|153\/323
|move|p2a: Tentacruel|Knock Off|p1a: Gengar
|-supereffective|p1a: Gengar
|-damage|p1a: Gengar|7\/323
|-enditem|p1a: Gengar|Leftovers|[from] move: Knock Off|[of] p2a: Tentacruel
|
|-weather|Sandstorm|[upkeep]
|-damage|p1a: Gengar|0 fnt|[from] sandstorm
|-damage|p2a: Tentacruel|297\/364|[from] sandstorm
|-heal|p2a: Tentacruel|319\/364|[from] item: Black Sludge
|faint|p1a: Gengar
|
|switch|p1a: Diancie|Diancie-Mega|147\/241
|turn|38
|c| troller67890|the hax work against those who complain
|
|move|p1a: Diancie|Psyshock|p2a: Tentacruel
|-supereffective|p2a: Tentacruel
|-damage|p2a: Tentacruel|95\/364
|move|p2a: Tentacruel|Scald|p1a: Diancie
|-supereffective|p1a: Diancie
|-damage|p1a: Diancie|51\/241
|-status|p1a: Diancie|brn
|
|-weather|Sandstorm|[upkeep]
|-damage|p2a: Tentacruel|73\/364|[from] sandstorm
|-heal|p2a: Tentacruel|95\/364|[from] item: Black Sludge
|-damage|p1a: Diancie|21\/241 brn|[from] brn
|turn|39
|c|âI see fire|its not even half oer
|c|âI see fire|faggot
|c|+Dallaren|troller shut up lol
|c|âI see fire|now it is
|leave|toneloni97
|c|âI see fire|fucking bastard
|c| troller67890|see?
|c| troller67890|LOLOLOLOLOLOLOLOL
|
|move|p1a: Diancie|Moonblast|p2a: Tentacruel
|-resisted|p2a: Tentacruel
|-damage|p2a: Tentacruel|14\/364
|-unboost|p2a: Tentacruel|spa|1
|move|p2a: Tentacruel|Scald|p1a: Diancie
|-supereffective|p1a: Diancie
|-damage|p1a: Diancie|0 fnt
|faint|p1a: Diancie
|
|-weather|none
|-heal|p2a: Tentacruel|36\/364|[from] item: Black Sludge
|raw|<div class="broadcast-red"><b>Moderated chat was set to +!<\/b><br \/>Only users of rank + and higher can talk.<\/div>
|c|âI see fire|shut up faggot
|c|+Dallaren|n_n
|
|switch|p1a: Latias|Latias, F|298\/363 brn
|turn|40
|
|switch|p2a: Porygon2|Porygon2|279\/374
|-damage|p2a: Porygon2|233\/374|[from] Stealth Rock
|-ability|p2a: Porygon2|Levitate|[from] ability: Trace|[of] p1a: Latias
|move|p1a: Latias|Calm Mind|p1a: Latias
|-boost|p1a: Latias|spa|1
|-boost|p1a: Latias|spd|1
|
|-heal|p1a: Latias|320\/363 brn|[from] item: Leftovers
|-damage|p1a: Latias|275\/363 brn|[from] brn
|turn|41
|c|âI see fire|there we go have fun with lord latias
|
|move|p1a: Latias|Calm Mind|p1a: Latias
|-boost|p1a: Latias|spa|1
|-boost|p1a: Latias|spd|1
|move|p2a: Porygon2|Recover|p2a: Porygon2
|-heal|p2a: Porygon2|374\/374
|
|-heal|p1a: Latias|297\/363 brn|[from] item: Leftovers
|-damage|p1a: Latias|252\/363 brn|[from] brn
|turn|42
|join|Cienight
|leave|BlackBloodz
|
|move|p1a: Latias|Recover|p1a: Latias
|-heal|p1a: Latias|363\/363 brn
|move|p2a: Porygon2|Ice Beam|p1a: Latias
|-supereffective|p1a: Latias
|-damage|p1a: Latias|307\/363 brn
|
|-heal|p1a: Latias|329\/363 brn|[from] item: Leftovers
|-damage|p1a: Latias|284\/363 brn|[from] brn
|turn|43
|join|Lycon
|c|+Dallaren|this was fun
|
|switch|p2a: Rhyperior|Rhyperior, M|424\/424
|-damage|p2a: Rhyperior|398\/424|[from] Stealth Rock
|move|p1a: Latias|Calm Mind|p1a: Latias
|-boost|p1a: Latias|spa|1
|-boost|p1a: Latias|spd|1
|
|-heal|p1a: Latias|306\/363 brn|[from] item: Leftovers
|-heal|p2a: Rhyperior|424\/424|[from] item: Leftovers
|-damage|p1a: Latias|261\/363 brn|[from] brn
|turn|44
|
|move|p1a: Latias|Dragon Pulse|p2a: Rhyperior
|-damage|p2a: Rhyperior|1\/424
|move|p2a: Rhyperior|Ice Punch|p1a: Latias
|-supereffective|p1a: Latias
|-damage|p1a: Latias|49\/363 brn
|
|-heal|p1a: Latias|71\/363 brn|[from] item: Leftovers
|-heal|p2a: Rhyperior|27\/424|[from] item: Leftovers
|-damage|p1a: Latias|26\/363 brn|[from] brn
|turn|45
|c|+Dallaren|1 %
|c|+Dallaren|,
|
|move|p1a: Latias|Dragon Pulse|p2a: Rhyperior
|-damage|p2a: Rhyperior|0 fnt
|faint|p2a: Rhyperior
|
|-heal|p1a: Latias|48\/363 brn|[from] item: Leftovers
|-damage|p1a: Latias|3\/363 brn|[from] brn
|join|wjqoefo jwqf o
|
|switch|p2a: Sableye|Sableye-Mega, M|304\/304
|-damage|p2a: Sableye|266\/304|[from] Stealth Rock
|turn|46
|
|move|p1a: Latias|Recover|p1a: Latias
|-heal|p1a: Latias|185\/363 brn
|move|p2a: Sableye|Calm Mind|p2a: Sableye
|-boost|p2a: Sableye|spa|1
|-boost|p2a: Sableye|spd|1
|
|-heal|p1a: Latias|207\/363 brn|[from] item: Leftovers
|-damage|p1a: Latias|162\/363 brn|[from] brn
|turn|47
|c|âI see fire|i ll just crit here
|
|move|p1a: Latias|Dragon Pulse|p2a: Sableye
|-damage|p2a: Sableye|95\/304
|move|p2a: Sableye|Dark Pulse|p1a: Latias
|-crit|p1a: Latias
|-supereffective|p1a: Latias
|-damage|p1a: Latias|0 fnt
|faint|p1a: Latias
|
|leave|I see fire
|player|p1
|c|+Dallaren|,
|leave|Dallaren
|leave|wjqoefo jwqf o
|leave|Zezima
|join|Zezima
|leave|ukur
|leave|Savage_hr
|leave|JustB1az3
|leave|Cienight
|leave|Lycon
|leave|Zezima
|join|ukur
|join|OHHH BABY A TRIPLE
|leave|ukur
|join|RedSoxx
|leave|testingh12
|leave|Vogas
|leave|RedSoxx
|join|Abcam
|leave|Abcam
|join|deathbored
|leave|deathbored
|leave|troller67890
|join|Lycon
|join|Criticality
|leave|Criticality
|join|Criticality
|leave|Lycon
|leave|I like donkeys
|join|adittheindainan
|leave|adittheindainan
|join|JustB1az3
|join|Zezima
|leave|JustB1az3
|leave|Zezima
|join|Zezima
|leave|killar45
|leave|Zezima
|-message|Player 1 lost due to inactivity.
|
|win|zippleclopper
|leave|OHHH BABY A TRIPLE
|leave|oih98uh