|join|DalaiLana
|join|zippleclopper
|player|p1|DalaiLana|184
|player|p2|zippleclopper|1
|gametype|singles
|gen|6
|tier|OU
|rated
|clearpoke
|poke|p1|Dragonite, M
|poke|p1|Talonflame, M, shiny
|poke|p1|Venusaur, F, shiny
|poke|p1|Rotom-Wash, shiny
|poke|p1|Excadrill, M, shiny
|poke|p1|Weavile, F, shiny
|poke|p2|Crawdaunt, F
|poke|p2|Venusaur, F
|poke|p2|Victini
|poke|p2|Landorus-Therian, M
|poke|p2|Clefable, M
|poke|p2|Forretress, F
|rule|Swagger Clause: Swagger is banned
|rule|Baton Pass Clause: Limit one PokÃ©mon knowing Baton Pass
|rule|Sleep Clause Mod: Limit one foe put to sleep
|rule|Species Clause: Limit one of each PokÃ©mon
|rule|OHKO Clause: OHKO moves are banned
|rule|Moody Clause: Moody is banned
|rule|Evasion Moves Clause: Evasion moves are banned
|rule|Endless Battle Clause: Forcing endless battles is banned
|rule|HP Percentage Mod: HP is shown in percentages
|teampreview
|
|start
|switch|p1a: Ultraviolence|Talonflame, M, shiny|298\/298
|switch|p2a: Victini|Victini|365\/365
|turn|1
|
|move|p1a: Ultraviolence|Brave Bird|p2a: Victini
|-damage|p2a: Victini|115\/365
|-damage|p1a: Ultraviolence|215\/298|[from] recoil|[of] p2a: Victini
|move|p2a: Victini|Bolt Strike|p1a: Ultraviolence
|-supereffective|p1a: Ultraviolence
|-damage|p1a: Ultraviolence|0 fnt
|faint|p1a: Ultraviolence
|
|
|switch|p1a: Brooklyn Baby|Weavile, F, shiny|282\/282
|-ability|p1a: Brooklyn Baby|Pressure
|turn|2
|
|move|p2a: Victini|Bolt Strike|p1a: Brooklyn Baby
|-damage|p1a: Brooklyn Baby|87\/282
|move|p1a: Brooklyn Baby|Knock Off|p2a: Victini
|-supereffective|p2a: Victini
|-damage|p2a: Victini|0 fnt
|-enditem|p2a: Victini|Choice Scarf|[from] move: Knock Off|[of] p1a: Brooklyn Baby
|-damage|p1a: Brooklyn Baby|59\/282|[from] item: Life Orb
|faint|p2a: Victini
|
|
|switch|p2a: Crawdaunt|Crawdaunt, F|268\/268
|turn|3
|
|move|p2a: Crawdaunt|Aqua Jet|p1a: Brooklyn Baby
|-damage|p1a: Brooklyn Baby|0 fnt
|-damage|p2a: Crawdaunt|242\/268|[from] item: Life Orb
|faint|p1a: Brooklyn Baby
|
|
|switch|p1a: Sad Girl|Venusaur, F, shiny|353\/353
|turn|4
|
|switch|p2a: Venusaur|Venusaur, F|359\/359
|detailschange|p1a: Sad Girl|Venusaur-Mega, F, shiny
|message|Venusaur has Mega Evolved into Mega Venusaur!
|move|p1a: Sad Girl|Leech Seed|p2a: Venusaur
|-immune|p2a: Venusaur|[msg]
|
|turn|5
|
|detailschange|p2a: Venusaur|Venusaur-Mega, F
|message|Venusaur has Mega Evolved into Mega Venusaur!
|move|p1a: Sad Girl|Sludge Bomb|p2a: Venusaur
|-damage|p2a: Venusaur|212\/359
|move|p2a: Venusaur|Sludge Bomb|p1a: Sad Girl
|-damage|p1a: Sad Girl|217\/353
|
|turn|6
|
|move|p1a: Sad Girl|Sludge Bomb|p2a: Venusaur
|-damage|p2a: Venusaur|59\/359
|move|p2a: Venusaur|Synthesis|p2a: Venusaur
|-heal|p2a: Venusaur|238\/359
|
|turn|7
|
|switch|p1a: Shades Of Cool|Excadrill, M, shiny|424\/424
|-ability|p1a: Shades Of Cool|Mold Breaker
|move|p2a: Venusaur|Synthesis|p2a: Venusaur
|-heal|p2a: Venusaur|359\/359
|
|turn|8
|
|move|p1a: Shades Of Cool|Stealth Rock|p2a: Venusaur
|-sidestart|p2: zippleclopper|move: Stealth Rock
|move|p2a: Venusaur|Giga Drain|p1a: Shades Of Cool
|-damage|p1a: Shades Of Cool|208\/424
|
|-heal|p1a: Shades Of Cool|234\/424|[from] item: Leftovers
|turn|9
|
|switch|p1a: West Coast|Dragonite, M|386\/386
|move|p2a: Venusaur|Giga Drain|p1a: West Coast
|-resisted|p1a: West Coast
|-damage|p1a: West Coast|369\/386
|
|turn|10
|
|move|p1a: West Coast|Dragon Dance|p1a: West Coast
|-boost|p1a: West Coast|atk|1
|-boost|p1a: West Coast|spe|1
|move|p2a: Venusaur|Sludge Bomb|p1a: West Coast
|-damage|p1a: West Coast|186\/386
|
|turn|11
|
|switch|p2a: Clefable|Clefable, M|394\/394
|-damage|p2a: Clefable|345\/394|[from] Stealth Rock
|move|p1a: West Coast|Earthquake|p2a: Clefable
|-crit|p2a: Clefable
|-damage|p2a: Clefable|196\/394
|
|-heal|p2a: Clefable|220\/394|[from] item: Leftovers
|turn|12
|
|switch|p1a: Shades Of Cool|Excadrill, M, shiny|234\/424
|-ability|p1a: Shades Of Cool|Mold Breaker
|move|p2a: Clefable|Moonlight|p2a: Clefable
|-heal|p2a: Clefable|394\/394
|
|-heal|p1a: Shades Of Cool|260\/424|[from] item: Leftovers
|turn|13
|
|switch|p2a: Crawdaunt|Crawdaunt, F|242\/268
|-damage|p2a: Crawdaunt|209\/268|[from] Stealth Rock
|move|p1a: Shades Of Cool|Iron Head|p2a: Crawdaunt
|-resisted|p2a: Crawdaunt
|-damage|p2a: Crawdaunt|138\/268
|
|-heal|p1a: Shades Of Cool|286\/424|[from] item: Leftovers
|turn|14
|
|move|p1a: Shades Of Cool|Earthquake|p2a: Crawdaunt
|-damage|p2a: Crawdaunt|0 fnt
|faint|p2a: Crawdaunt
|
|-heal|p1a: Shades Of Cool|312\/424|[from] item: Leftovers
|
|switch|p2a: Landorus-Therian|Landorus-Therian, M|321\/321
|-damage|p2a: Landorus-Therian|281\/321|[from] Stealth Rock
|-ability|p2a: Landorus-Therian|Intimidate|[of] p1a: Shades Of Cool
|-unboost|p1a: Shades Of Cool|atk|1
|turn|15
|
|switch|p1a: Florida Kilos|Rotom-Wash, shiny|288\/288
|move|p2a: Landorus-Therian|U-turn|p1a: Florida Kilos
|-damage|p1a: Florida Kilos|212\/288
|
|switch|p2a: Venusaur|Venusaur-Mega, F|359\/359
|-damage|p2a: Venusaur|315\/359|[from] Stealth Rock
|
|-heal|p1a: Florida Kilos|230\/288|[from] item: Leftovers
|turn|16
|
|move|p1a: Florida Kilos|Will-O-Wisp|p2a: Venusaur
|-status|p2a: Venusaur|brn
|move|p2a: Venusaur|Giga Drain|p1a: Florida Kilos
|-supereffective|p1a: Florida Kilos
|-damage|p1a: Florida Kilos|0 fnt
|-heal|p2a: Venusaur|359\/359 brn|[from] drain|[of] p1a: Florida Kilos
|faint|p1a: Florida Kilos
|
|-damage|p2a: Venusaur|315\/359 brn|[from] brn
|
|switch|p1a: West Coast|Dragonite, M|186\/386
|turn|17
|
|switch|p2a: Clefable|Clefable, M|394\/394
|-damage|p2a: Clefable|345\/394|[from] Stealth Rock
|move|p1a: West Coast|Earthquake|p2a: Clefable
|-damage|p2a: Clefable|247\/394
|
|-heal|p2a: Clefable|271\/394|[from] item: Leftovers
|turn|18
|
|switch|p2a: Landorus-Therian|Landorus-Therian, M|281\/321
|-damage|p2a: Landorus-Therian|241\/321|[from] Stealth Rock
|-ability|p2a: Landorus-Therian|Intimidate|[of] p1a: West Coast
|-unboost|p1a: West Coast|atk|1
|move|p1a: West Coast|Dragon Dance|p1a: West Coast
|-boost|p1a: West Coast|atk|1
|-boost|p1a: West Coast|spe|1
|
|turn|19
|
|switch|p2a: Clefable|Clefable, M|271\/394
|-damage|p2a: Clefable|222\/394|[from] Stealth Rock
|move|p1a: West Coast|Outrage|p2a: Clefable
|-immune|p2a: Clefable|[msg]
|
|-heal|p2a: Clefable|246\/394|[from] item: Leftovers
|turn|20
|
|switch|p1a: Sad Girl|Venusaur-Mega, F, shiny|217\/353
|move|p2a: Clefable|Moonlight|p2a: Clefable
|-heal|p2a: Clefable|394\/394
|
|turn|21
|
|move|p1a: Sad Girl|Giga Drain|p2a: Clefable
|-damage|p2a: Clefable|240\/394
|-heal|p1a: Sad Girl|294\/353|[from] drain|[of] p2a: Clefable
|move|p2a: Clefable|Thunder Wave|p1a: Sad Girl
|-status|p1a: Sad Girl|par
|
|-heal|p2a: Clefable|264\/394|[from] item: Leftovers
|turn|22
|
|switch|p2a: Forretress|Forretress, F|353\/353
|-damage|p2a: Forretress|309\/353|[from] Stealth Rock
|move|p1a: Sad Girl|Sludge Bomb|p2a: Forretress
|-immune|p2a: Forretress|[msg]
|
|turn|23
|
|move|p2a: Forretress|Rapid Spin|p1a: Sad Girl
|-damage|p1a: Sad Girl|281\/353 par
|-sideend|p2: zippleclopper|Stealth Rock|[from] move: Rapid Spin|[of] p2a: Forretress
|move|p1a: Sad Girl|Hidden Power|p2a: Forretress
|-supereffective|p2a: Forretress
|-damage|p2a: Forretress|1\/353
|
|turn|24
|
|move|p2a: Forretress|Gyro Ball|p1a: Sad Girl
|-damage|p1a: Sad Girl|265\/353 par
|move|p1a: Sad Girl|Giga Drain|p2a: Forretress
|-resisted|p2a: Forretress
|-damage|p2a: Forretress|0 fnt
|-heal|p1a: Sad Girl|266\/353 par|[from] drain|[of] p2a: Forretress
|faint|p2a: Forretress
|
|
|switch|p2a: Landorus-Therian|Landorus-Therian, M|241\/321
|-ability|p2a: Landorus-Therian|Intimidate|[of] p1a: Sad Girl
|-unboost|p1a: Sad Girl|atk|1
|turn|25
|
|move|p2a: Landorus-Therian|Earthquake|p1a: Sad Girl
|-damage|p1a: Sad Girl|98\/353 par
|move|p1a: Sad Girl|Giga Drain|p2a: Landorus-Therian
|-damage|p2a: Landorus-Therian|61\/321
|-heal|p1a: Sad Girl|188\/353 par|[from] drain|[of] p2a: Landorus-Therian
|
|turn|26
|
|switch|p2a: Venusaur|Venusaur-Mega, F|315\/359 brn
|switch|p1a: West Coast|Dragonite, M|186\/386
|
|-damage|p2a: Venusaur|271\/359 brn|[from] brn
|turn|27
|
|switch|p2a: Clefable|Clefable, M|264\/394
|move|p1a: West Coast|Earthquake|p2a: Clefable
|-crit|p2a: Clefable
|-damage|p2a: Clefable|106\/394
|
|-heal|p2a: Clefable|130\/394|[from] item: Leftovers
|turn|28
|
|switch|p1a: Sad Girl|Venusaur-Mega, F, shiny|188\/353 par
|move|p2a: Clefable|Moonblast|p1a: Sad Girl
|-resisted|p1a: Sad Girl
|-damage|p1a: Sad Girl|143\/353 par
|
|-heal|p2a: Clefable|154\/394|[from] item: Leftovers
|turn|29
|
|switch|p2a: Venusaur|Venusaur-Mega, F|271\/359 brn
|cant|p1a: Sad Girl|par
|
|-damage|p2a: Venusaur|227\/359 brn|[from] brn
|turn|30
|
|move|p2a: Venusaur|Sludge Bomb|p1a: Sad Girl
|-damage|p1a: Sad Girl|0 fnt
|faint|p1a: Sad Girl
|
|-damage|p2a: Venusaur|183\/359 brn|[from] brn
|
|switch|p1a: West Coast|Dragonite, M|186\/386
|turn|31
|
|move|p1a: West Coast|Dragon Dance|p1a: West Coast
|-boost|p1a: West Coast|atk|1
|-boost|p1a: West Coast|spe|1
|move|p2a: Venusaur|Sludge Bomb|p1a: West Coast
|-damage|p1a: West Coast|15\/386
|
|-damage|p2a: Venusaur|139\/359 brn|[from] brn
|turn|32
|
|move|p1a: West Coast|Earthquake|p2a: Venusaur
|-damage|p2a: Venusaur|0 fnt
|faint|p2a: Venusaur
|
|
|switch|p2a: Clefable|Clefable, M|154\/394
|turn|33
|
|move|p1a: West Coast|Earthquake|p2a: Clefable
|-damage|p2a: Clefable|60\/394
|move|p2a: Clefable|Moonlight|p2a: Clefable
|-heal|p2a: Clefable|257\/394
|
|-heal|p2a: Clefable|281\/394|[from] item: Leftovers
|turn|34
|
|switch|p1a: Shades Of Cool|Excadrill, M, shiny|312\/424
|-ability|p1a: Shades Of Cool|Mold Breaker
|move|p2a: Clefable|Moonblast|p1a: Shades Of Cool
|-resisted|p1a: Shades Of Cool
|-damage|p1a: Shades Of Cool|232\/424
|
|-heal|p1a: Shades Of Cool|258\/424|[from] item: Leftovers
|-heal|p2a: Clefable|305\/394|[from] item: Leftovers
|turn|35
|
|move|p1a: Shades Of Cool|Stealth Rock|p2a: Clefable
|-sidestart|p2: zippleclopper|move: Stealth Rock
|move|p2a: Clefable|Stealth Rock|p1a: Shades Of Cool
|-sidestart|p1: DalaiLana|move: Stealth Rock
|
|-heal|p1a: Shades Of Cool|284\/424|[from] item: Leftovers
|-heal|p2a: Clefable|329\/394|[from] item: Leftovers
|turn|36
|
|move|p1a: Shades Of Cool|Rapid Spin|p2a: Clefable
|-damage|p2a: Clefable|311\/394
|-sideend|p1: DalaiLana|Stealth Rock|[from] move: Rapid Spin|[of] p1a: Shades Of Cool
|move|p2a: Clefable|Moonblast|p1a: Shades Of Cool
|-resisted|p1a: Shades Of Cool
|-damage|p1a: Shades Of Cool|214\/424
|
|-heal|p1a: Shades Of Cool|240\/424|[from] item: Leftovers
|-heal|p2a: Clefable|335\/394|[from] item: Leftovers
|turn|37
|
|move|p1a: Shades Of Cool|Iron Head|p2a: Clefable
|-supereffective|p2a: Clefable
|-damage|p2a: Clefable|131\/394
|move|p2a: Clefable|Stealth Rock|p1a: Shades Of Cool
|-sidestart|p1: DalaiLana|move: Stealth Rock
|
|-heal|p1a: Shades Of Cool|266\/424|[from] item: Leftovers
|-heal|p2a: Clefable|155\/394|[from] item: Leftovers
|turn|38
|
|move|p1a: Shades Of Cool|Rapid Spin|p2a: Clefable
|-damage|p2a: Clefable|135\/394
|-sideend|p1: DalaiLana|Stealth Rock|[from] move: Rapid Spin|[of] p1a: Shades Of Cool
|move|p2a: Clefable|Stealth Rock|p1a: Shades Of Cool
|-sidestart|p1: DalaiLana|move: Stealth Rock
|
|-heal|p1a: Shades Of Cool|292\/424|[from] item: Leftovers
|-heal|p2a: Clefable|159\/394|[from] item: Leftovers
|turn|39
|
|move|p1a: Shades Of Cool|Rapid Spin|p2a: Clefable
|-damage|p2a: Clefable|140\/394
|-sideend|p1: DalaiLana|Stealth Rock|[from] move: Rapid Spin|[of] p1a: Shades Of Cool
|move|p2a: Clefable|Stealth Rock|p1a: Shades Of Cool
|-sidestart|p1: DalaiLana|move: Stealth Rock
|
|-heal|p1a: Shades Of Cool|318\/424|[from] item: Leftovers
|-heal|p2a: Clefable|164\/394|[from] item: Leftovers
|turn|40
|
|move|p1a: Shades Of Cool|Rapid Spin|p2a: Clefable
|-damage|p2a: Clefable|146\/394
|-sideend|p1: DalaiLana|Stealth Rock|[from] move: Rapid Spin|[of] p1a: Shades Of Cool
|move|p2a: Clefable|Stealth Rock|p1a: Shades Of Cool
|-sidestart|p1: DalaiLana|move: Stealth Rock
|
|-heal|p1a: Shades Of Cool|344\/424|[from] item: Leftovers
|-heal|p2a: Clefable|170\/394|[from] item: Leftovers
|turn|41
|
|move|p1a: Shades Of Cool|Rapid Spin|p2a: Clefable
|-damage|p2a: Clefable|149\/394
|-sideend|p1: DalaiLana|Stealth Rock|[from] move: Rapid Spin|[of] p1a: Shades Of Cool
|move|p2a: Clefable|Moonlight|p2a: Clefable
|-heal|p2a: Clefable|346\/394
|
|-heal|p1a: Shades Of Cool|370\/424|[from] item: Leftovers
|-heal|p2a: Clefable|370\/394|[from] item: Leftovers
|turn|42
|
|move|p1a: Shades Of Cool|Iron Head|p2a: Clefable
|-supereffective|p2a: Clefable
|-damage|p2a: Clefable|170\/394
|move|p2a: Clefable|Stealth Rock|p1a: Shades Of Cool
|-sidestart|p1: DalaiLana|move: Stealth Rock
|
|-heal|p1a: Shades Of Cool|396\/424|[from] item: Leftovers
|-heal|p2a: Clefable|194\/394|[from] item: Leftovers
|turn|43
|
|move|p1a: Shades Of Cool|Iron Head|p2a: Clefable
|-supereffective|p2a: Clefable
|-damage|p2a: Clefable|0 fnt
|faint|p2a: Clefable
|
|-heal|p1a: Shades Of Cool|422\/424|[from] item: Leftovers
|
|switch|p2a: Landorus-Therian|Landorus-Therian, M|61\/321
|-damage|p2a: Landorus-Therian|21\/321|[from] Stealth Rock
|-ability|p2a: Landorus-Therian|Intimidate|[of] p1a: Shades Of Cool
|-unboost|p1a: Shades Of Cool|atk|1
|turn|44
|
|switch|p1a: West Coast|Dragonite, M|15\/386
|-damage|p1a: West Coast|0 fnt|[from] Stealth Rock
|faint|p1a: West Coast
|move|p2a: Landorus-Therian|Earthquake|p1: West Coast|[notarget]
|-notarget
|
|
|switch|p1a: Shades Of Cool|Excadrill, M, shiny|422\/424
|-damage|p1a: Shades Of Cool|409\/424|[from] Stealth Rock
|-ability|p1a: Shades Of Cool|Mold Breaker
|turn|45
|
|move|p2a: Landorus-Therian|Earthquake|p1a: Shades Of Cool
|-supereffective|p1a: Shades Of Cool
|-damage|p1a: Shades Of Cool|0 fnt
|faint|p1a: Shades Of Cool
|
|win|zippleclopper
|raw|Ladder updating...
|raw|DalaiLana's rating: 1661 &rarr; <strong>1639<\/strong><br \/>(-22 for losing)
|raw|zippleclopper's rating: 1623 &rarr; <strong>1645<\/strong><br \/>(+22 for winning)
|leave|DalaiLana
|player|p1