|join|zippleclopper
|join|BigSpore
|player|p1|zippleclopper|1
|player|p2|BigSpore|93
|gametype|singles
|gen|6
|tier|OU
|rated
|clearpoke
|poke|p1|Crawdaunt, M
|poke|p1|Venusaur, M
|poke|p1|Victini
|poke|p1|Landorus-Therian, M
|poke|p1|Clefable, M
|poke|p1|Forretress, F
|poke|p2|Azelf, shiny
|poke|p2|Breloom, M, shiny
|poke|p2|Bisharp, M, shiny
|poke|p2|Pinsir, F, shiny
|poke|p2|Garchomp, F
|poke|p2|Azumarill, M, shiny
|rule|Swagger Clause: Swagger is banned
|rule|Baton Pass Clause: Limit one PokÃ©mon knowing Baton Pass
|rule|Sleep Clause Mod: Limit one foe put to sleep
|rule|Species Clause: Limit one of each PokÃ©mon
|rule|OHKO Clause: OHKO moves are banned
|rule|Moody Clause: Moody is banned
|rule|Evasion Moves Clause: Evasion moves are banned
|rule|Endless Battle Clause: Forcing endless battles is banned
|rule|HP Percentage Mod: HP is shown in percentages
|teampreview
|
|start
|switch|p1a: Crawdaunt|Crawdaunt, M|268\/268
|switch|p2a: 'ello there|Azelf, shiny|291\/291
|turn|1
|
|move|p2a: 'ello there|Explosion|p1a: Crawdaunt
|-damage|p1a: Crawdaunt|0 fnt
|faint|p2a: 'ello there
|faint|p1a: Crawdaunt
|
|
|switch|p1a: Landorus-Therian|Landorus-Therian, M|321\/321
|switch|p2a: Garchomp|Garchomp, F|420\/420
|-ability|p1a: Landorus-Therian|Intimidate|[of] p2a: Garchomp
|-unboost|p2a: Garchomp|atk|1
|turn|2
|
|move|p1a: Landorus-Therian|U-turn|p2a: Garchomp
|-damage|p2a: Garchomp|347\/420
|-damage|p1a: Landorus-Therian|281\/321|[from] ability: Rough Skin|[of] p2a: Garchomp
|-damage|p1a: Landorus-Therian|228\/321|[from] item: Rocky Helmet|[of] p2a: Garchomp
|
|switch|p1a: Clefable|Clefable, M|394\/394
|move|p2a: Garchomp|Stealth Rock|p1a: Clefable
|-sidestart|p1: zippleclopper|move: Stealth Rock
|
|turn|3
|
|switch|p2a: ROB|Bisharp, M, shiny|272\/272
|move|p1a: Clefable|Stealth Rock|p2a: ROB
|-sidestart|p2: BigSpore|move: Stealth Rock
|
|turn|4
|
|move|p2a: ROB|Iron Head|p1a: Clefable
|-supereffective|p1a: Clefable
|-damage|p1a: Clefable|79\/394
|-damage|p2a: ROB|245\/272|[from] item: Life Orb
|move|p1a: Clefable|Moonblast|p2a: ROB
|-damage|p2a: ROB|101\/272
|
|-heal|p1a: Clefable|103\/394|[from] item: Leftovers
|turn|5
|
|switch|p1a: Forretress|Forretress, F|353\/353
|-damage|p1a: Forretress|309\/353|[from] Stealth Rock
|move|p2a: ROB|Iron Head|p1a: Forretress
|-resisted|p1a: Forretress
|-damage|p1a: Forretress|243\/353
|-damage|p2a: ROB|74\/272|[from] item: Life Orb
|
|turn|6
|
|move|p2a: ROB|Knock Off|p1a: Forretress
|-damage|p1a: Forretress|83\/353
|-enditem|p1a: Forretress|Shed Shell|[from] move: Knock Off|[of] p2a: ROB
|-damage|p2a: ROB|47\/272|[from] item: Life Orb
|move|p1a: Forretress|Gyro Ball|p2a: ROB
|-resisted|p2a: ROB
|-damage|p2a: ROB|0 fnt
|faint|p2a: ROB
|
|
|switch|p2a: Sitrus Berry|Azumarill, M, shiny|404\/404
|-damage|p2a: Sitrus Berry|354\/404|[from] Stealth Rock
|turn|7
|
|switch|p1a: Venusaur|Venusaur, M|359\/359
|-damage|p1a: Venusaur|315\/359|[from] Stealth Rock
|move|p2a: Sitrus Berry|Waterfall|p1a: Venusaur
|-resisted|p1a: Venusaur
|-damage|p1a: Venusaur|207\/359
|
|turn|8
|
|switch|p2a: Garchomp|Garchomp, F|347\/420
|-damage|p2a: Garchomp|321\/420|[from] Stealth Rock
|detailschange|p1a: Venusaur|Venusaur-Mega, M
|message|Venusaur has Mega Evolved into Mega Venusaur!
|move|p1a: Venusaur|Sludge Bomb|p2a: Garchomp
|-resisted|p2a: Garchomp
|-damage|p2a: Garchomp|232\/420
|-status|p2a: Garchomp|psn
|
|-damage|p2a: Garchomp|180\/420 psn|[from] psn
|turn|9
|
|move|p1a: Venusaur|Synthesis|p1a: Venusaur
|-heal|p1a: Venusaur|359\/359
|move|p2a: Garchomp|Dragon Tail|p1a: Venusaur
|-damage|p1a: Venusaur|289\/359
|drag|p1a: Clefable|Clefable, M|103\/394
|-damage|p1a: Clefable|54\/394|[from] Stealth Rock
|
|-heal|p1a: Clefable|78\/394|[from] item: Leftovers
|-damage|p2a: Garchomp|128\/420 psn|[from] psn
|turn|10
|
|switch|p1a: Landorus-Therian|Landorus-Therian, M|228\/321
|-damage|p1a: Landorus-Therian|188\/321|[from] Stealth Rock
|-ability|p1a: Landorus-Therian|Intimidate|[of] p2a: Garchomp
|-unboost|p2a: Garchomp|atk|1
|move|p2a: Garchomp|Earthquake|p1a: Landorus-Therian
|-immune|p1a: Landorus-Therian|[msg]
|
|-damage|p2a: Garchomp|76\/420 psn|[from] psn
|turn|11
|
|move|p1a: Landorus-Therian|Stone Edge|p2a: Garchomp
|-resisted|p2a: Garchomp
|-damage|p2a: Garchomp|26\/420 psn
|move|p2a: Garchomp|Toxic|p1a: Landorus-Therian
|-status|p1a: Landorus-Therian|tox
|
|-damage|p1a: Landorus-Therian|168\/321 tox|[from] psn
|-damage|p2a: Garchomp|0 fnt|[from] psn
|faint|p2a: Garchomp
|
|switch|p2a: Darwin Was Right|Pinsir, F, shiny|271\/271
|-damage|p2a: Darwin Was Right|204\/271|[from] Stealth Rock
|turn|12
|
|move|p1a: Landorus-Therian|Stone Edge|p2a: Darwin Was Right
|-crit|p2a: Darwin Was Right
|-supereffective|p2a: Darwin Was Right
|-damage|p2a: Darwin Was Right|0 fnt
|faint|p2a: Darwin Was Right
|
|-damage|p1a: Landorus-Therian|128\/321 tox|[from] psn
|c|âBigSpore|:c
|
|switch|p2a: Sitrus Berry|Azumarill, M, shiny|354\/404
|-damage|p2a: Sitrus Berry|304\/404|[from] Stealth Rock
|turn|13
|
|move|p1a: Landorus-Therian|Stone Edge|p2a: Sitrus Berry
|-damage|p2a: Sitrus Berry|140\/404
|move|p2a: Sitrus Berry|Waterfall|p1a: Landorus-Therian
|-supereffective|p1a: Landorus-Therian
|-damage|p1a: Landorus-Therian|0 fnt
|faint|p1a: Landorus-Therian
|
|
|switch|p1a: Venusaur|Venusaur-Mega, M|289\/359
|-damage|p1a: Venusaur|245\/359|[from] Stealth Rock
|turn|14
|
|move|p1a: Venusaur|Giga Drain|p2a: Sitrus Berry
|-supereffective|p2a: Sitrus Berry
|-damage|p2a: Sitrus Berry|0 fnt
|-heal|p1a: Venusaur|315\/359|[from] drain|[of] p2a: Sitrus Berry
|faint|p2a: Sitrus Berry
|
|
|switch|p2a: Froot Loop|Breloom, M, shiny|262\/262
|-damage|p2a: Froot Loop|246\/262|[from] Stealth Rock
|turn|15
|c|âBigSpore|gg
|
|move|p2a: Froot Loop|Rock Tomb|p1a: Venusaur
|-damage|p1a: Venusaur|230\/359
|-unboost|p1a: Venusaur|spe|1
|move|p1a: Venusaur|Sludge Bomb|p2a: Froot Loop
|-supereffective|p2a: Froot Loop
|-damage|p2a: Froot Loop|0 fnt
|faint|p2a: Froot Loop
|
|win|zippleclopper
|raw|Ladder updating...
|raw|zippleclopper's rating: 1631 &rarr; <strong>1653<\/strong><br \/>(+22 for winning)
|raw|BigSpore's rating: 1656 &rarr; <strong>1634<\/strong><br \/>(-22 for losing)