|join|Medulla
|join|zippleclopper
|player|p1|Medulla|2
|player|p2|zippleclopper|1
|gametype|singles
|gen|6
|tier|OU
|rated
|clearpoke
|poke|p1|Metagross
|poke|p1|Bisharp, F
|poke|p1|Keldeo
|poke|p1|Landorus-Therian, M
|poke|p1|Azumarill, F
|poke|p1|Clefable, F
|poke|p2|Togekiss, M
|poke|p2|Klefki, M
|poke|p2|Ferrothorn, M
|poke|p2|Jellicent, F
|poke|p2|Ampharos, F
|poke|p2|Quagsire, F
|rule|Swagger Clause: Swagger is banned
|rule|Baton Pass Clause: Limit one PokÃ©mon knowing Baton Pass
|rule|Sleep Clause Mod: Limit one foe put to sleep
|rule|Species Clause: Limit one of each PokÃ©mon
|rule|OHKO Clause: OHKO moves are banned
|rule|Moody Clause: Moody is banned
|rule|Evasion Moves Clause: Evasion moves are banned
|rule|Endless Battle Clause: Forcing endless battles is banned
|rule|HP Percentage Mod: HP is shown in percentages
|teampreview
|
|start
|switch|p1a: Landorus-Therian|Landorus-Therian, M|319\/319
|switch|p2a: Ferrothorn|Ferrothorn, M|351\/351
|-ability|p1a: Landorus-Therian|Intimidate|[of] p2a: Ferrothorn
|-unboost|p2a: Ferrothorn|atk|1
|turn|1
|
|move|p1a: Landorus-Therian|U-turn|p2a: Ferrothorn
|-damage|p2a: Ferrothorn|295\/351
|-damage|p1a: Landorus-Therian|280\/319|[from] ability: Iron Barbs|[of] p2a: Ferrothorn
|
|switch|p1a: Keldeo|Keldeo|323\/323
|move|p2a: Ferrothorn|Stealth Rock|p1a: Keldeo
|-sidestart|p1: Medulla|move: Stealth Rock
|
|-heal|p2a: Ferrothorn|316\/351|[from] item: Leftovers
|turn|2
|
|switch|p2a: Jellicent|Jellicent, F|404\/404
|move|p1a: Keldeo|Secret Sword|p2a: Jellicent
|-immune|p2a: Jellicent|[msg]
|
|turn|3
|
|switch|p1a: Clefable|Clefable, F|394\/394
|move|p2a: Jellicent|Scald|p1a: Clefable
|-damage|p1a: Clefable|333\/394
|-status|p1a: Clefable|brn
|
|-heal|p1a: Clefable|357\/394 brn|[from] item: Leftovers
|turn|4
|
|move|p2a: Jellicent|Taunt|p1a: Clefable
|-start|p1a: Clefable|move: Taunt
|cant|p1a: Clefable|move: Taunt|Stealth Rock
|
|-heal|p1a: Clefable|381\/394 brn|[from] item: Leftovers
|turn|5
|
|move|p2a: Jellicent|Scald|p1a: Clefable
|-damage|p1a: Clefable|314\/394 brn
|move|p1a: Clefable|Flamethrower|p2a: Jellicent
|-resisted|p2a: Jellicent
|-damage|p2a: Jellicent|381\/404
|
|-heal|p2a: Jellicent|404\/404|[from] item: Leftovers
|-heal|p1a: Clefable|338\/394 brn|[from] item: Leftovers
|turn|6
|
|move|p2a: Jellicent|Scald|p1a: Clefable
|-damage|p1a: Clefable|277\/394 brn
|move|p1a: Clefable|Flamethrower|p2a: Jellicent
|-resisted|p2a: Jellicent
|-damage|p2a: Jellicent|379\/404
|
|-heal|p2a: Jellicent|404\/404|[from] item: Leftovers
|-heal|p1a: Clefable|301\/394 brn|[from] item: Leftovers
|-end|p1a: Clefable|move: Taunt
|turn|7
|
|move|p2a: Jellicent|Taunt|p1a: Clefable
|-start|p1a: Clefable|move: Taunt
|move|p1a: Clefable|Moonblast|p2a: Jellicent
|-damage|p2a: Jellicent|328\/404
|-unboost|p2a: Jellicent|spa|1
|
|-heal|p2a: Jellicent|353\/404|[from] item: Leftovers
|-heal|p1a: Clefable|325\/394 brn|[from] item: Leftovers
|turn|8
|
|switch|p2a: Togekiss|Togekiss, M|373\/373
|move|p1a: Clefable|Flamethrower|p2a: Togekiss
|-damage|p2a: Togekiss|313\/373
|
|-heal|p2a: Togekiss|336\/373|[from] item: Leftovers
|-heal|p1a: Clefable|349\/394 brn|[from] item: Leftovers
|turn|9
|
|move|p2a: Togekiss|Air Slash|p1a: Clefable
|-crit|p1a: Clefable
|-damage|p1a: Clefable|225\/394 brn
|cant|p1a: Clefable|flinch
|
|-heal|p2a: Togekiss|359\/373|[from] item: Leftovers
|-heal|p1a: Clefable|249\/394 brn|[from] item: Leftovers
|-end|p1a: Clefable|move: Taunt
|turn|10
|
|switch|p1a: Bisharp|Bisharp, F|271\/271
|-damage|p1a: Bisharp|255\/271|[from] Stealth Rock
|move|p2a: Togekiss|Air Slash|p1a: Bisharp
|-resisted|p1a: Bisharp
|-damage|p1a: Bisharp|186\/271
|
|-heal|p2a: Togekiss|373\/373|[from] item: Leftovers
|turn|11
|
|switch|p2a: Ampharos|Ampharos, F|384\/384
|move|p1a: Bisharp|Knock Off|p2a: Ampharos
|-damage|p2a: Ampharos|274\/384
|-damage|p1a: Bisharp|159\/271|[from] item: Life Orb
|
|turn|12
|
|switch|p1a: Landorus-Therian|Landorus-Therian, M|280\/319
|-damage|p1a: Landorus-Therian|241\/319|[from] Stealth Rock
|-ability|p1a: Landorus-Therian|Intimidate|[of] p2a: Ampharos
|-unboost|p2a: Ampharos|atk|1
|detailschange|p2a: Ampharos|Ampharos-Mega, F
|-mega|p2a: Ampharos|Ampharos|Ampharosite
|-ability|p2a: Ampharos|Mold Breaker
|move|p2a: Ampharos|Hidden Power|p1a: Landorus-Therian
|-damage|p1a: Landorus-Therian|151\/319
|
|turn|13
|
|switch|p2a: Ferrothorn|Ferrothorn, M|316\/351
|move|p1a: Landorus-Therian|U-turn|p2a: Ferrothorn
|-damage|p2a: Ferrothorn|251\/351
|-damage|p1a: Landorus-Therian|112\/319|[from] ability: Iron Barbs|[of] p2a: Ferrothorn
|
|switch|p1a: Clefable|Clefable, F|249\/394 brn
|
|-heal|p1a: Clefable|273\/394 brn|[from] item: Leftovers
|-heal|p2a: Ferrothorn|272\/351|[from] item: Leftovers
|turn|14
|
|switch|p2a: Klefki|Klefki, M|318\/318
|move|p1a: Clefable|Flamethrower|p2a: Klefki
|-crit|p2a: Klefki
|-supereffective|p2a: Klefki
|-damage|p2a: Klefki|150\/318
|
|-heal|p2a: Klefki|169\/318|[from] item: Leftovers
|-heal|p1a: Clefable|297\/394 brn|[from] item: Leftovers
|turn|15
|
|move|p2a: Klefki|Spikes|p1a: Clefable
|-sidestart|p1: Medulla|Spikes
|move|p1a: Clefable|Stealth Rock|p2a: Klefki
|-sidestart|p2: zippleclopper|move: Stealth Rock
|
|-heal|p2a: Klefki|188\/318|[from] item: Leftovers
|-heal|p1a: Clefable|321\/394 brn|[from] item: Leftovers
|turn|16
|
|move|p2a: Klefki|Spikes|p1a: Clefable
|-sidestart|p1: Medulla|Spikes
|move|p1a: Clefable|Flamethrower|p2a: Klefki
|-supereffective|p2a: Klefki
|-damage|p2a: Klefki|68\/318
|
|-heal|p2a: Klefki|87\/318|[from] item: Leftovers
|-heal|p1a: Clefable|345\/394 brn|[from] item: Leftovers
|turn|17
|
|switch|p2a: Quagsire|Quagsire, F|394\/394
|-damage|p2a: Quagsire|370\/394|[from] Stealth Rock
|move|p1a: Clefable|Flamethrower|p2a: Quagsire
|-resisted|p2a: Quagsire
|-damage|p2a: Quagsire|318\/394
|
|-heal|p1a: Clefable|369\/394 brn|[from] item: Leftovers
|-heal|p2a: Quagsire|342\/394|[from] item: Leftovers
|turn|18
|
|move|p1a: Clefable|Flamethrower|p2a: Quagsire
|-resisted|p2a: Quagsire
|-damage|p2a: Quagsire|290\/394
|move|p2a: Quagsire|Waterfall|p1a: Clefable
|-damage|p1a: Clefable|269\/394 brn
|
|-heal|p1a: Clefable|293\/394 brn|[from] item: Leftovers
|-heal|p2a: Quagsire|314\/394|[from] item: Leftovers
|turn|19
|
|move|p1a: Clefable|Flamethrower|p2a: Quagsire
|-resisted|p2a: Quagsire
|-damage|p2a: Quagsire|269\/394
|move|p2a: Quagsire|Recover|p2a: Quagsire
|-heal|p2a: Quagsire|394\/394
|
|-heal|p1a: Clefable|317\/394 brn|[from] item: Leftovers
|turn|20
|
|move|p1a: Clefable|Flamethrower|p2a: Quagsire
|-resisted|p2a: Quagsire
|-damage|p2a: Quagsire|346\/394
|move|p2a: Quagsire|Curse|p2a: Quagsire
|-boost|p2a: Quagsire|atk|1
|-boost|p2a: Quagsire|def|1
|-unboost|p2a: Quagsire|spe|1
|
|-heal|p1a: Clefable|341\/394 brn|[from] item: Leftovers
|-heal|p2a: Quagsire|370\/394|[from] item: Leftovers
|turn|21
|
|switch|p1a: Keldeo|Keldeo|323\/323
|-damage|p1a: Keldeo|303\/323|[from] Stealth Rock
|-damage|p1a: Keldeo|250\/323|[from] Spikes
|move|p2a: Quagsire|Waterfall|p1a: Keldeo
|-resisted|p1a: Keldeo
|-damage|p1a: Keldeo|184\/323
|
|-heal|p2a: Quagsire|394\/394|[from] item: Leftovers
|turn|22
|
|switch|p2a: Jellicent|Jellicent, F|353\/404
|-damage|p2a: Jellicent|303\/404|[from] Stealth Rock
|move|p1a: Keldeo|Hydro Pump|p2a: Jellicent
|-heal|p2a: Jellicent|404\/404|[from] ability: Water Absorb|[of] p1a: Keldeo
|
|turn|23
|
|switch|p1a: Landorus-Therian|Landorus-Therian, M|112\/319
|-damage|p1a: Landorus-Therian|73\/319|[from] Stealth Rock
|-ability|p1a: Landorus-Therian|Intimidate|[of] p2a: Jellicent
|-unboost|p2a: Jellicent|atk|1
|move|p2a: Jellicent|Scald|p1a: Landorus-Therian
|-supereffective|p1a: Landorus-Therian
|-damage|p1a: Landorus-Therian|0 fnt
|faint|p1a: Landorus-Therian
|
|
|switch|p1a: Bisharp|Bisharp, F|159\/271
|-damage|p1a: Bisharp|143\/271|[from] Stealth Rock
|-damage|p1a: Bisharp|98\/271|[from] Spikes
|turn|24
|
|move|p1a: Bisharp|Pursuit|p2a: Jellicent|[from]Pursuit
|-supereffective|p2a: Jellicent
|-damage|p2a: Jellicent|0 fnt
|-damage|p1a: Bisharp|71\/271|[from] item: Life Orb
|faint|p2a: Jellicent
|
|
|switch|p2a: Quagsire|Quagsire, F|394\/394
|-damage|p2a: Quagsire|370\/394|[from] Stealth Rock
|turn|25
|
|move|p1a: Bisharp|Knock Off|p2a: Quagsire
|-damage|p2a: Quagsire|191\/394
|-enditem|p2a: Quagsire|Leftovers|[from] move: Knock Off|[of] p1a: Bisharp
|-damage|p1a: Bisharp|44\/271|[from] item: Life Orb
|move|p2a: Quagsire|Curse|p2a: Quagsire
|-boost|p2a: Quagsire|atk|1
|-boost|p2a: Quagsire|def|1
|-unboost|p2a: Quagsire|spe|1
|
|turn|26
|
|switch|p1a: Keldeo|Keldeo|184\/323
|-damage|p1a: Keldeo|131\/323|[from] Spikes
|-damage|p1a: Keldeo|111\/323|[from] Stealth Rock
|move|p2a: Quagsire|Recover|p2a: Quagsire
|-heal|p2a: Quagsire|388\/394
|
|turn|27
|
|switch|p2a: Ferrothorn|Ferrothorn, M|272\/351
|-damage|p2a: Ferrothorn|251\/351|[from] Stealth Rock
|move|p1a: Keldeo|Scald|p2a: Ferrothorn
|-resisted|p2a: Ferrothorn
|-damage|p2a: Ferrothorn|177\/351
|
|-heal|p2a: Ferrothorn|198\/351|[from] item: Leftovers
|turn|28
|
|switch|p1a: Bisharp|Bisharp, F|44\/271
|-damage|p1a: Bisharp|0 fnt|[from] Spikes
|faint|p1a: Bisharp
|move|p2a: Ferrothorn|Power Whip|p1: Bisharp|[notarget]
|-notarget
|
|-heal|p2a: Ferrothorn|219\/351|[from] item: Leftovers
|
|switch|p1a: Metagross|Metagross|301\/301
|-damage|p1a: Metagross|251\/301|[from] Spikes
|-damage|p1a: Metagross|233\/301|[from] Stealth Rock
|turn|29
|
|switch|p2a: Ampharos|Ampharos-Mega, F|274\/384
|-damage|p2a: Ampharos|226\/384|[from] Stealth Rock
|-ability|p2a: Ampharos|Mold Breaker
|detailschange|p1a: Metagross|Metagross-Mega
|-mega|p1a: Metagross|Metagross|Metagrossite
|move|p1a: Metagross|Hammer Arm|p2a: Ampharos
|-damage|p2a: Ampharos|111\/384
|-unboost|p1a: Metagross|spe|1
|
|turn|30
|
|move|p1a: Metagross|Ice Punch|p2a: Ampharos
|-supereffective|p2a: Ampharos
|-damage|p2a: Ampharos|0 fnt
|faint|p2a: Ampharos
|
|
|switch|p2a: Quagsire|Quagsire, F|388\/394
|-damage|p2a: Quagsire|364\/394|[from] Stealth Rock
|turn|31
|
|switch|p1a: Keldeo|Keldeo|111\/323
|-damage|p1a: Keldeo|58\/323|[from] Spikes
|-damage|p1a: Keldeo|38\/323|[from] Stealth Rock
|move|p2a: Quagsire|Curse|p2a: Quagsire
|-boost|p2a: Quagsire|atk|1
|-boost|p2a: Quagsire|def|1
|-unboost|p2a: Quagsire|spe|1
|
|turn|32
|
|switch|p2a: Ferrothorn|Ferrothorn, M|219\/351
|-damage|p2a: Ferrothorn|198\/351|[from] Stealth Rock
|move|p1a: Keldeo|Hydro Pump|p2a: Ferrothorn
|-resisted|p2a: Ferrothorn
|-damage|p2a: Ferrothorn|87\/351
|
|-heal|p2a: Ferrothorn|108\/351|[from] item: Leftovers
|turn|33
|
|move|p1a: Keldeo|Hydro Pump|p2a: Ferrothorn|[miss]
|-miss|p1a: Keldeo|p2a: Ferrothorn
|move|p2a: Ferrothorn|Power Whip|p1a: Keldeo
|-supereffective|p1a: Keldeo
|-damage|p1a: Keldeo|0 fnt
|faint|p1a: Keldeo
|
|-heal|p2a: Ferrothorn|129\/351|[from] item: Leftovers
|
|switch|p1a: Clefable|Clefable, F|341\/394 brn
|turn|34
|
|switch|p2a: Togekiss|Togekiss, M|373\/373
|-damage|p2a: Togekiss|280\/373|[from] Stealth Rock
|move|p1a: Clefable|Flamethrower|p2a: Togekiss
|-crit|p2a: Togekiss
|-damage|p2a: Togekiss|186\/373
|
|-heal|p2a: Togekiss|209\/373|[from] item: Leftovers
|-heal|p1a: Clefable|365\/394 brn|[from] item: Leftovers
|turn|35
|
|switch|p1a: Metagross|Metagross-Mega|233\/301
|-damage|p1a: Metagross|215\/301|[from] Stealth Rock
|-damage|p1a: Metagross|165\/301|[from] Spikes
|move|p2a: Togekiss|Air Slash|p1a: Metagross
|-resisted|p1a: Metagross
|-damage|p1a: Metagross|114\/301
|
|-heal|p2a: Togekiss|232\/373|[from] item: Leftovers
|turn|36
|
|switch|p2a: Ferrothorn|Ferrothorn, M|129\/351
|-damage|p2a: Ferrothorn|108\/351|[from] Stealth Rock
|move|p1a: Metagross|Meteor Mash|p2a: Ferrothorn
|-resisted|p2a: Ferrothorn
|-damage|p2a: Ferrothorn|27\/351
|-damage|p1a: Metagross|77\/301|[from] ability: Iron Barbs|[of] p2a: Ferrothorn
|-boost|p1a: Metagross|atk|1
|
|-heal|p2a: Ferrothorn|48\/351|[from] item: Leftovers
|turn|37
|
|move|p1a: Metagross|Ice Punch|p2a: Ferrothorn
|-damage|p2a: Ferrothorn|0 fnt
|-damage|p1a: Metagross|40\/301|[from] ability: Iron Barbs|[of] p2a: Ferrothorn
|faint|p2a: Ferrothorn
|
|
|switch|p2a: Quagsire|Quagsire, F|364\/394
|-damage|p2a: Quagsire|340\/394|[from] Stealth Rock
|turn|38
|
|move|p1a: Metagross|Zen Headbutt|p2a: Quagsire
|-damage|p2a: Quagsire|186\/394
|move|p2a: Quagsire|Curse|p2a: Quagsire
|-boost|p2a: Quagsire|atk|1
|-boost|p2a: Quagsire|def|1
|-unboost|p2a: Quagsire|spe|1
|
|turn|39
|
|move|p1a: Metagross|Zen Headbutt|p2a: Quagsire
|-damage|p2a: Quagsire|66\/394
|move|p2a: Quagsire|Recover|p2a: Quagsire
|-heal|p2a: Quagsire|263\/394
|
|turn|40
|
|move|p1a: Metagross|Zen Headbutt|p2a: Quagsire
|-damage|p2a: Quagsire|146\/394
|move|p2a: Quagsire|Recover|p2a: Quagsire
|-heal|p2a: Quagsire|343\/394
|
|turn|41
|
|move|p1a: Metagross|Zen Headbutt|p2a: Quagsire
|-crit|p2a: Quagsire
|-damage|p2a: Quagsire|79\/394
|move|p2a: Quagsire|Waterfall|p1a: Metagross
|-damage|p1a: Metagross|0 fnt
|faint|p1a: Metagross
|
|
|switch|p1a: Clefable|Clefable, F|365\/394 brn
|turn|42
|
|move|p1a: Clefable|Moonblast|p2a: Quagsire
|-damage|p2a: Quagsire|0 fnt
|faint|p2a: Quagsire
|
|-heal|p1a: Clefable|389\/394 brn|[from] item: Leftovers
|
|switch|p2a: Togekiss|Togekiss, M|232\/373
|-damage|p2a: Togekiss|139\/373|[from] Stealth Rock
|turn|43
|
|switch|p1a: Azumarill|Azumarill, F|389\/389
|-damage|p1a: Azumarill|341\/389|[from] Stealth Rock
|-damage|p1a: Azumarill|277\/389|[from] Spikes
|move|p2a: Togekiss|Roost|p2a: Togekiss
|-heal|p2a: Togekiss|326\/373
|
|-heal|p2a: Togekiss|349\/373|[from] item: Leftovers
|turn|44
|
|move|p2a: Togekiss|Air Slash|p1a: Azumarill
|-crit|p1a: Azumarill
|-damage|p1a: Azumarill|84\/389
|-enditem|p1a: Azumarill|Sitrus Berry|[eat]
|-heal|p1a: Azumarill|181\/389|[from] item: Sitrus Berry
|cant|p1a: Azumarill|flinch
|
|-heal|p2a: Togekiss|372\/373|[from] item: Leftovers
|turn|45
|
|move|p1a: Azumarill|Aqua Jet|p2a: Togekiss
|-damage|p2a: Togekiss|290\/373
|move|p2a: Togekiss|Air Slash|p1a: Azumarill
|-damage|p1a: Azumarill|63\/389
|
|-heal|p2a: Togekiss|313\/373|[from] item: Leftovers
|turn|46
|
|move|p1a: Azumarill|Aqua Jet|p2a: Togekiss
|-damage|p2a: Togekiss|234\/373
|move|p2a: Togekiss|Air Slash|p1a: Azumarill
|-damage|p1a: Azumarill|0 fnt
|faint|p1a: Azumarill
|
|-heal|p2a: Togekiss|257\/373|[from] item: Leftovers
|
|switch|p1a: Clefable|Clefable, F|389\/394 brn
|turn|47
|
|move|p2a: Togekiss|Roost|p2a: Togekiss
|-heal|p2a: Togekiss|373\/373
|move|p1a: Clefable|Moonblast|p2a: Togekiss
|-damage|p2a: Togekiss|282\/373
|-unboost|p2a: Togekiss|spa|1
|
|-heal|p2a: Togekiss|305\/373|[from] item: Leftovers
|-heal|p1a: Clefable|394\/394 brn|[from] item: Leftovers
|turn|48
|
|move|p2a: Togekiss|Nasty Plot|p2a: Togekiss
|-boost|p2a: Togekiss|spa|2
|move|p1a: Clefable|Flamethrower|p2a: Togekiss
|-damage|p2a: Togekiss|244\/373
|
|-heal|p2a: Togekiss|267\/373|[from] item: Leftovers
|turn|49
|
|move|p2a: Togekiss|Nasty Plot|p2a: Togekiss
|-boost|p2a: Togekiss|spa|2
|move|p1a: Clefable|Moonblast|p2a: Togekiss
|-damage|p2a: Togekiss|177\/373
|
|-heal|p2a: Togekiss|200\/373|[from] item: Leftovers
|turn|50
|
|move|p2a: Togekiss|Air Slash|p1a: Clefable
|-damage|p1a: Clefable|192\/394 brn
|move|p1a: Clefable|Flamethrower|p2a: Togekiss
|-damage|p2a: Togekiss|142\/373
|
|-heal|p2a: Togekiss|165\/373|[from] item: Leftovers
|-heal|p1a: Clefable|216\/394 brn|[from] item: Leftovers
|turn|51
|
|move|p2a: Togekiss|Roost|p2a: Togekiss
|-heal|p2a: Togekiss|352\/373
|move|p1a: Clefable|Moonblast|p2a: Togekiss
|-damage|p2a: Togekiss|258\/373
|
|-heal|p2a: Togekiss|281\/373|[from] item: Leftovers
|-heal|p1a: Clefable|240\/394 brn|[from] item: Leftovers
|turn|52
|-message|Medulla forfeited.
|leave|Medulla
|
|win|zippleclopper
|raw|Ladder updating...
|player|p1
|raw|Medulla's rating: 1631 &rarr; <strong>1610<\/strong><br \/>(-21 for losing)
|raw|zippleclopper's rating: 1619 &rarr; <strong>1640<\/strong><br \/>(+21 for winning)