|join|j21
|join|Dayanne
|player|p1|j21|92
|player|p2|Dayanne|37
|gametype|singles
|gen|6
|tier|OU
|rated
|clearpoke
|poke|p1|Scizor, M
|poke|p1|Landorus-Therian, M
|poke|p1|Togekiss, F
|poke|p1|Gyarados, F
|poke|p1|Breloom, M
|poke|p1|Talonflame, M
|poke|p2|Chansey, F
|poke|p2|Zapdos
|poke|p2|Scizor, M
|poke|p2|Clefable, F
|poke|p2|Gliscor, M
|poke|p2|Slowbro, M
|rule|Swagger Clause: Swagger is banned
|rule|Baton Pass Clause: Limit one PokÃ©mon knowing Baton Pass
|rule|Sleep Clause Mod: Limit one foe put to sleep
|rule|Species Clause: Limit one of each PokÃ©mon
|rule|OHKO Clause: OHKO moves are banned
|rule|Moody Clause: Moody is banned
|rule|Evasion Moves Clause: Evasion moves are banned
|rule|Endless Battle Clause: Forcing endless battles is banned
|rule|HP Percentage Mod: HP is shown in percentages
|teampreview
|
|start
|switch|p1a: Gyarados|Gyarados, F|332\/332
|switch|p2a: Slowbro|Slowbro, M|394\/394
|-ability|p1a: Gyarados|Intimidate|[of] p2a: Slowbro
|-unboost|p2a: Slowbro|atk|1
|turn|1
|
|move|p1a: Gyarados|Dragon Dance|p1a: Gyarados
|-boost|p1a: Gyarados|atk|1
|-boost|p1a: Gyarados|spe|1
|move|p2a: Slowbro|Thunder Wave|p1a: Gyarados
|-status|p1a: Gyarados|par
|
|turn|2
|
|switch|p2a: Zapdos|Zapdos|384\/384
|-ability|p2a: Zapdos|Pressure
|move|p1a: Gyarados|Earthquake|p2a: Zapdos
|-immune|p2a: Zapdos|[msg]
|
|turn|3
|
|switch|p1a: Landorus-Therian|Landorus-Therian, M|382\/382
|-ability|p1a: Landorus-Therian|Intimidate|[of] p2a: Zapdos
|-unboost|p2a: Zapdos|atk|1
|move|p2a: Zapdos|Heat Wave|p1a: Landorus-Therian
|-damage|p1a: Landorus-Therian|273\/382
|
|turn|4
|
|move|p2a: Zapdos|Heat Wave|p1a: Landorus-Therian
|-damage|p1a: Landorus-Therian|159\/382
|move|p1a: Landorus-Therian|Knock Off|p2a: Zapdos
|-damage|p2a: Zapdos|214\/384
|-enditem|p2a: Zapdos|Leftovers|[from] move: Knock Off|[of] p1a: Landorus-Therian
|
|turn|5
|
|move|p2a: Zapdos|Heat Wave|p1a: Landorus-Therian
|-damage|p1a: Landorus-Therian|58\/382
|move|p1a: Landorus-Therian|Knock Off|p2a: Zapdos
|-damage|p2a: Zapdos|106\/384
|
|turn|6
|
|move|p2a: Zapdos|Heat Wave|p1a: Landorus-Therian
|-damage|p1a: Landorus-Therian|0 fnt
|faint|p1a: Landorus-Therian
|
|
|switch|p1a: Togekiss|Togekiss, F|374\/374
|turn|7
|
|move|p2a: Zapdos|Roost|p2a: Zapdos
|-heal|p2a: Zapdos|298\/384
|move|p1a: Togekiss|Heal Bell|p1a: Togekiss
|-cureteam|p1a: Togekiss|[from] move: HealBell
|
|turn|8
|
|move|p2a: Zapdos|Volt Switch|p1a: Togekiss
|-crit|p1a: Togekiss
|-supereffective|p1a: Togekiss
|-damage|p1a: Togekiss|114\/374
|
|switch|p2a: Gliscor|Gliscor, M|352\/352
|move|p1a: Togekiss|Air Slash|p2a: Gliscor
|-damage|p2a: Gliscor|217\/352
|
|-heal|p1a: Togekiss|137\/374|[from] item: Leftovers
|-status|p2a: Gliscor|tox|[from] item: Toxic Orb
|turn|9
|
|move|p2a: Gliscor|Knock Off|p1a: Togekiss
|-resisted|p1a: Togekiss
|-damage|p1a: Togekiss|97\/374
|-enditem|p1a: Togekiss|Leftovers|[from] move: Knock Off|[of] p2a: Gliscor
|move|p1a: Togekiss|Air Slash|p2a: Gliscor
|-damage|p2a: Gliscor|99\/352 tox
|
|-heal|p2a: Gliscor|143\/352 tox|[from] ability: Poison Heal
|turn|10
|
|move|p2a: Gliscor|Taunt|p1a: Togekiss
|-start|p1a: Togekiss|move: Taunt
|move|p1a: Togekiss|Air Slash|p2a: Gliscor
|-damage|p2a: Gliscor|25\/352 tox
|
|-heal|p2a: Gliscor|69\/352 tox|[from] ability: Poison Heal
|turn|11
|
|move|p2a: Gliscor|Roost|p2a: Gliscor
|-heal|p2a: Gliscor|245\/352 tox
|move|p1a: Togekiss|Air Slash|p2a: Gliscor|[miss]
|-miss|p1a: Togekiss|p2a: Gliscor
|
|-heal|p2a: Gliscor|289\/352 tox|[from] ability: Poison Heal
|turn|12
|
|move|p2a: Gliscor|Knock Off|p1a: Togekiss
|-resisted|p1a: Togekiss
|-damage|p1a: Togekiss|72\/374
|move|p1a: Togekiss|Air Slash|p2a: Gliscor
|-damage|p2a: Gliscor|153\/352 tox
|
|-heal|p2a: Gliscor|197\/352 tox|[from] ability: Poison Heal
|-end|p1a: Togekiss|move: Taunt
|turn|13
|
|move|p2a: Gliscor|Taunt|p1a: Togekiss
|-start|p1a: Togekiss|move: Taunt
|move|p1a: Togekiss|Air Slash|p2a: Gliscor
|-damage|p2a: Gliscor|68\/352 tox
|
|-heal|p2a: Gliscor|112\/352 tox|[from] ability: Poison Heal
|turn|14
|
|move|p2a: Gliscor|Roost|p2a: Gliscor
|-heal|p2a: Gliscor|288\/352 tox
|move|p1a: Togekiss|Air Slash|p2a: Gliscor
|-damage|p2a: Gliscor|170\/352 tox
|
|-heal|p2a: Gliscor|214\/352 tox|[from] ability: Poison Heal
|turn|15
|
|move|p2a: Gliscor|Roost|p2a: Gliscor
|-heal|p2a: Gliscor|352\/352 tox
|move|p1a: Togekiss|Air Slash|p2a: Gliscor
|-damage|p2a: Gliscor|213\/352 tox
|
|-heal|p2a: Gliscor|257\/352 tox|[from] ability: Poison Heal
|-end|p1a: Togekiss|move: Taunt
|turn|16
|
|move|p2a: Gliscor|Taunt|p1a: Togekiss
|-start|p1a: Togekiss|move: Taunt
|move|p1a: Togekiss|Air Slash|p2a: Gliscor
|-damage|p2a: Gliscor|130\/352 tox
|
|-heal|p2a: Gliscor|174\/352 tox|[from] ability: Poison Heal
|turn|17
|
|switch|p1a: Gyarados|Gyarados, F|332\/332
|-ability|p1a: Gyarados|Intimidate|[of] p2a: Gliscor
|-unboost|p2a: Gliscor|atk|1
|move|p2a: Gliscor|Roost|p2a: Gliscor
|-heal|p2a: Gliscor|350\/352 tox
|
|-heal|p2a: Gliscor|352\/352 tox|[from] ability: Poison Heal
|turn|18
|
|switch|p2a: Zapdos|Zapdos|298\/384
|-ability|p2a: Zapdos|Pressure
|move|p1a: Gyarados|Dragon Dance|p1a: Gyarados
|-boost|p1a: Gyarados|atk|1
|-boost|p1a: Gyarados|spe|1
|
|turn|19
|
|detailschange|p1a: Gyarados|Gyarados-Mega, F
|message|Gyarados has Mega Evolved into Mega Gyarados!
|-ability|p1a: Gyarados|Mold Breaker
|move|p1a: Gyarados|Ice Fang|p2a: Zapdos|[miss]
|-miss|p1a: Gyarados|p2a: Zapdos
|move|p2a: Zapdos|Volt Switch|p1a: Gyarados
|-supereffective|p1a: Gyarados
|-damage|p1a: Gyarados|162\/332
|
|switch|p2a: Slowbro|Slowbro, M|394\/394
|
|turn|20
|
|move|p1a: Gyarados|Dragon Dance|p1a: Gyarados
|-boost|p1a: Gyarados|atk|1
|-boost|p1a: Gyarados|spe|1
|move|p2a: Slowbro|Thunder Wave|p1a: Gyarados
|-status|p1a: Gyarados|par
|
|turn|21
|
|switch|p2a: Scizor|Scizor, M|344\/344
|move|p1a: Gyarados|Ice Fang|p2a: Scizor
|-resisted|p2a: Scizor
|-damage|p2a: Scizor|270\/344
|
|turn|22
|
|detailschange|p2a: Scizor|Scizor-Mega, M
|message|Scizor has Mega Evolved into Mega Scizor!
|move|p2a: Scizor|Superpower|p1a: Gyarados
|-supereffective|p1a: Gyarados
|-damage|p1a: Gyarados|0 fnt
|-unboost|p2a: Scizor|atk|1
|-unboost|p2a: Scizor|def|1
|faint|p1a: Gyarados
|
|
|switch|p1a: Talonflame|Talonflame, M|347\/347
|turn|23
|
|switch|p2a: Slowbro|Slowbro, M|394\/394
|move|p1a: Talonflame|Swords Dance|p1a: Talonflame
|-boost|p1a: Talonflame|atk|2
|
|turn|24
|
|move|p1a: Talonflame|Brave Bird|p2a: Slowbro
|-damage|p2a: Slowbro|106\/394
|-damage|p1a: Talonflame|252\/347|[from] recoil|[of] p2a: Slowbro
|move|p2a: Slowbro|Scald|p1a: Talonflame
|-supereffective|p1a: Talonflame
|-damage|p1a: Talonflame|0 fnt
|faint|p1a: Talonflame
|
|-heal|p2a: Slowbro|130\/394|[from] item: Leftovers
|
|switch|p1a: Breloom|Breloom, M|262\/262
|turn|25
|
|switch|p2a: Zapdos|Zapdos|298\/384
|-ability|p2a: Zapdos|Pressure
|move|p1a: Breloom|Spore|p2a: Zapdos
|-status|p2a: Zapdos|slp
|
|turn|26
|
|switch|p2a: Scizor|Scizor-Mega, M|270\/344
|move|p1a: Breloom|Rock Tomb|p2a: Scizor
|-damage|p2a: Scizor|211\/344
|-unboost|p2a: Scizor|spe|1
|
|turn|27
|
|switch|p1a: Togekiss|Togekiss, F|72\/374
|move|p2a: Scizor|Roost|p2a: Scizor
|-heal|p2a: Scizor|344\/344
|
|turn|28
|
|move|p2a: Scizor|Bullet Punch|p1a: Togekiss
|-supereffective|p1a: Togekiss
|-damage|p1a: Togekiss|0 fnt
|faint|p1a: Togekiss
|
|
|switch|p1a: Scizor|Scizor, M|344\/344
|turn|29
|
|move|p1a: Scizor|Superpower|p2a: Scizor
|-damage|p2a: Scizor|228\/344
|-unboost|p1a: Scizor|atk|1
|-unboost|p1a: Scizor|def|1
|-damage|p1a: Scizor|310\/344|[from] item: Life Orb
|move|p2a: Scizor|Swords Dance|p2a: Scizor
|-boost|p2a: Scizor|atk|2
|
|turn|30
|
|move|p1a: Scizor|Swords Dance|p1a: Scizor
|-boost|p1a: Scizor|atk|2
|move|p2a: Scizor|Roost|p2a: Scizor
|-heal|p2a: Scizor|344\/344
|
|turn|31
|
|move|p1a: Scizor|Swords Dance|p1a: Scizor
|-boost|p1a: Scizor|atk|2
|move|p2a: Scizor|Swords Dance|p2a: Scizor
|-boost|p2a: Scizor|atk|2
|
|turn|32
|
|move|p1a: Scizor|Superpower|p2a: Scizor
|-damage|p2a: Scizor|70\/344
|-unboost|p1a: Scizor|atk|1
|-unboost|p1a: Scizor|def|1
|-damage|p1a: Scizor|276\/344|[from] item: Life Orb
|move|p2a: Scizor|Superpower|p1a: Scizor
|-damage|p1a: Scizor|0 fnt
|-unboost|p2a: Scizor|atk|1
|-unboost|p2a: Scizor|def|1
|faint|p1a: Scizor
|
|
|switch|p1a: Breloom|Breloom, M|262\/262
|turn|33
|
|switch|p2a: Clefable|Clefable, F|394\/394
|move|p1a: Breloom|Mach Punch|p2a: Clefable
|-resisted|p2a: Clefable
|-damage|p2a: Clefable|348\/394
|
|-heal|p2a: Clefable|372\/394|[from] item: Leftovers
|turn|34
|
|move|p1a: Breloom|Bullet Seed|p2a: Clefable
|-damage|p2a: Clefable|314\/394
|-crit|p2a: Clefable
|-damage|p2a: Clefable|229\/394
|-damage|p2a: Clefable|175\/394
|-hitcount|p2a: Clefable|3
|move|p2a: Clefable|Moonblast|p1a: Breloom
|-supereffective|p1a: Breloom
|-enditem|p1a: Breloom|Focus Sash
|-damage|p1a: Breloom|1\/262
|
|-heal|p2a: Clefable|199\/394|[from] item: Leftovers
|turn|35
|
|move|p2a: Clefable|Protect|p2a: Clefable
|-singleturn|p2a: Clefable|Protect
|move|p1a: Breloom|Bullet Seed|p2a: Clefable
|-activate|p2a: Clefable|Protect
|
|-heal|p2a: Clefable|223\/394|[from] item: Leftovers
|turn|36
|
|move|p1a: Breloom|Bullet Seed|p2a: Clefable
|-crit|p2a: Clefable
|-damage|p2a: Clefable|130\/394
|-damage|p2a: Clefable|70\/394
|-hitcount|p2a: Clefable|2
|move|p2a: Clefable|Moonblast|p1a: Breloom
|-crit|p1a: Breloom
|-supereffective|p1a: Breloom
|-damage|p1a: Breloom|0 fnt
|faint|p1a: Breloom
|
|win|Dayanne
|raw|Ladder updating...
|raw|j21's rating: 1596 &rarr; <strong>1580<\/strong><br \/>(-16 for losing)
|raw|Dayanne's rating: 1663 &rarr; <strong>1679<\/strong><br \/>(+16 for winning)