|join|Dayanne
|join|A2tehBR
|player|p1|Dayanne|37
|player|p2|A2tehBR|291
|gametype|singles
|gen|6
|tier|OU
|rated
|clearpoke
|poke|p1|Chansey, F
|poke|p1|Zapdos
|poke|p1|Scizor, M
|poke|p1|Clefable, F
|poke|p1|Gliscor, M
|poke|p1|Slowbro, M
|poke|p2|Azumarill, M
|poke|p2|Gothitelle, M
|poke|p2|Raikou
|poke|p2|Landorus-Therian, M
|poke|p2|Lopunny, F
|poke|p2|Mamoswine, M
|rule|Swagger Clause: Swagger is banned
|rule|Baton Pass Clause: Limit one PokÃ©mon knowing Baton Pass
|rule|Sleep Clause Mod: Limit one foe put to sleep
|rule|Species Clause: Limit one of each PokÃ©mon
|rule|OHKO Clause: OHKO moves are banned
|rule|Moody Clause: Moody is banned
|rule|Evasion Moves Clause: Evasion moves are banned
|rule|Endless Battle Clause: Forcing endless battles is banned
|rule|HP Percentage Mod: HP is shown in percentages
|teampreview
|
|start
|switch|p1a: Gliscor|Gliscor, M|352\/352
|switch|p2a: Mamoswine|Mamoswine, M|361\/361
|turn|1
|
|switch|p1a: Slowbro|Slowbro, M|394\/394
|move|p2a: Mamoswine|Stealth Rock|p1a: Slowbro
|-sidestart|p1: Dayanne|move: Stealth Rock
|
|turn|2
|
|switch|p2a: Raikou|Raikou|327\/327
|-ability|p2a: Raikou|Pressure
|switch|p1a: Scizor|Scizor, M|344\/344
|-damage|p1a: Scizor|301\/344|[from] Stealth Rock
|
|turn|3
|join|step6srl
|
|switch|p1a: Gliscor|Gliscor, M|352\/352
|-damage|p1a: Gliscor|308\/352|[from] Stealth Rock
|move|p2a: Raikou|Hidden Power|p1a: Gliscor
|-damage|p1a: Gliscor|251\/352
|
|-status|p1a: Gliscor|tox|[from] item: Toxic Orb
|turn|4
|
|switch|p2a: Mamoswine|Mamoswine, M|361\/361
|move|p1a: Gliscor|Knock Off|p2a: Mamoswine
|-damage|p2a: Mamoswine|280\/361
|-enditem|p2a: Mamoswine|Life Orb|[from] move: Knock Off|[of] p1a: Gliscor
|
|-heal|p1a: Gliscor|295\/352 tox|[from] ability: Poison Heal
|turn|5
|
|switch|p1a: Slowbro|Slowbro, M|394\/394
|-damage|p1a: Slowbro|345\/394|[from] Stealth Rock
|move|p2a: Mamoswine|Icicle Spear|p1a: Slowbro
|-resisted|p1a: Slowbro
|-damage|p1a: Slowbro|329\/394
|-resisted|p1a: Slowbro
|-damage|p1a: Slowbro|313\/394
|-resisted|p1a: Slowbro
|-damage|p1a: Slowbro|298\/394
|-hitcount|p1a: Slowbro|3
|
|-heal|p1a: Slowbro|322\/394|[from] item: Leftovers
|turn|6
|
|move|p2a: Mamoswine|Earthquake|p1a: Slowbro
|-damage|p1a: Slowbro|198\/394
|move|p1a: Slowbro|Scald|p2a: Mamoswine
|-supereffective|p2a: Mamoswine
|-damage|p2a: Mamoswine|0 fnt
|faint|p2a: Mamoswine
|
|-heal|p1a: Slowbro|222\/394|[from] item: Leftovers
|
|switch|p2a: Gothitelle|Gothitelle, M|287\/287
|turn|7
|
|move|p2a: Gothitelle|Energy Ball|p1a: Slowbro
|-supereffective|p1a: Slowbro
|-damage|p1a: Slowbro|0 fnt
|faint|p1a: Slowbro
|
|
|switch|p1a: Zapdos|Zapdos|384\/384
|-damage|p1a: Zapdos|288\/384|[from] Stealth Rock
|-ability|p1a: Zapdos|Pressure
|turn|8
|
|switch|p2a: Landorus-Therian|Landorus-Therian, M|319\/319
|-ability|p2a: Landorus-Therian|Intimidate|[of] p1a: Zapdos
|-unboost|p1a: Zapdos|atk|1
|move|p1a: Zapdos|Defog|p2a: Landorus-Therian
|-unboost|p2a: Landorus-Therian|evasion|1
|-sideend|p1: Dayanne|Stealth Rock|[from] move: Defog|[of] p1a: Zapdos
|
|-heal|p1a: Zapdos|312\/384|[from] item: Leftovers
|turn|9
|
|move|p2a: Landorus-Therian|U-turn|p1a: Zapdos
|-resisted|p1a: Zapdos
|-damage|p1a: Zapdos|276\/384
|
|switch|p2a: Gothitelle|Gothitelle, M|287\/287
|move|p1a: Zapdos|Roost|p1a: Zapdos
|-heal|p1a: Zapdos|384\/384
|
|turn|10
|
|move|p1a: Zapdos|Volt Switch|p2a: Gothitelle
|-damage|p2a: Gothitelle|200\/287
|
|switch|p1a: Scizor|Scizor, M|301\/344
|move|p2a: Gothitelle|Trick|p1a: Scizor
|-fail|p1a: Scizor
|
|turn|11
|
|switch|p2a: Raikou|Raikou|327\/327
|-ability|p2a: Raikou|Pressure
|move|p1a: Scizor|Swords Dance|p1a: Scizor
|-boost|p1a: Scizor|atk|2
|
|turn|12
|
|switch|p1a: Gliscor|Gliscor, M|295\/352 tox
|move|p2a: Raikou|Hidden Power|p1a: Gliscor
|-damage|p1a: Gliscor|235\/352 tox
|
|-heal|p1a: Gliscor|279\/352 tox|[from] ability: Poison Heal
|turn|13
|
|switch|p2a: Gothitelle|Gothitelle, M|200\/287
|move|p1a: Gliscor|Knock Off|p2a: Gothitelle
|-supereffective|p2a: Gothitelle
|-damage|p2a: Gothitelle|44\/287
|-enditem|p2a: Gothitelle|Choice Specs|[from] move: Knock Off|[of] p1a: Gliscor
|
|-heal|p1a: Gliscor|323\/352 tox|[from] ability: Poison Heal
|turn|14
|
|move|p1a: Gliscor|Knock Off|p2a: Gothitelle
|-supereffective|p2a: Gothitelle
|-damage|p2a: Gothitelle|0 fnt
|faint|p2a: Gothitelle
|
|-heal|p1a: Gliscor|352\/352 tox|[from] ability: Poison Heal
|
|switch|p2a: Azumarill|Azumarill, M|352\/352
|turn|15
|
|switch|p1a: Scizor|Scizor, M|301\/344
|move|p2a: Azumarill|Belly Drum|p2a: Azumarill
|-damage|p2a: Azumarill|176\/352
|-setboost|p2a: Azumarill|atk|6|[from] move: Belly Drum
|-enditem|p2a: Azumarill|Sitrus Berry|[eat]
|-heal|p2a: Azumarill|264\/352|[from] item: Sitrus Berry
|
|turn|16
|
|switch|p1a: Clefable|Clefable, F|394\/394
|move|p2a: Azumarill|Aqua Jet|p1a: Clefable
|-damage|p1a: Clefable|316\/394
|
|-heal|p1a: Clefable|340\/394|[from] item: Leftovers
|turn|17
|
|move|p2a: Azumarill|Play Rough|p1a: Clefable|[miss]
|-miss|p2a: Azumarill|p1a: Clefable
|move|p1a: Clefable|Moonblast|p2a: Azumarill
|-damage|p2a: Azumarill|131\/352
|
|-heal|p1a: Clefable|364\/394|[from] item: Leftovers
|turn|18
|-message|A2tehBR forfeited.
|
|win|Dayanne
|raw|Ladder updating...
|leave|A2tehBR
|player|p2
|raw|Dayanne's rating: 1657 &rarr; <strong>1676<\/strong><br \/>(+19 for winning)
|raw|A2tehBR's rating: 1643 &rarr; <strong>1624<\/strong><br \/>(-19 for losing)