|join|newbie 103
|join|Dayanne
|player|p1|newbie 103|15
|player|p2|Dayanne|37
|gametype|singles
|gen|6
|tier|OU
|rated
|clearpoke
|poke|p1|Talonflame, F
|poke|p1|Latios, M
|poke|p1|Rotom-Wash
|poke|p1|Scizor, F
|poke|p1|Heatran, M
|poke|p1|Gallade, M
|poke|p2|Chansey, F
|poke|p2|Zapdos
|poke|p2|Scizor, F
|poke|p2|Clefable, F
|poke|p2|Gliscor, M
|poke|p2|Slowbro, M
|rule|Swagger Clause: Swagger is banned
|rule|Baton Pass Clause: Limit one PokÃ©mon knowing Baton Pass
|rule|Sleep Clause Mod: Limit one foe put to sleep
|rule|Species Clause: Limit one of each PokÃ©mon
|rule|OHKO Clause: OHKO moves are banned
|rule|Moody Clause: Moody is banned
|rule|Evasion Moves Clause: Evasion moves are banned
|rule|Endless Battle Clause: Forcing endless battles is banned
|rule|HP Percentage Mod: HP is shown in percentages
|teampreview
|
|start
|switch|p1a: Scizor|Scizor, F|343\/343
|switch|p2a: Slowbro|Slowbro, M|394\/394
|turn|1
|
|move|p1a: Scizor|U-turn|p2a: Slowbro
|-supereffective|p2a: Slowbro
|-damage|p2a: Slowbro|136\/394
|
|switch|p1a: Rotom-Wash|Rotom-Wash|304\/304
|move|p2a: Slowbro|Scald|p1a: Rotom-Wash
|-resisted|p1a: Rotom-Wash
|-damage|p1a: Rotom-Wash|270\/304
|-status|p1a: Rotom-Wash|brn
|
|-heal|p1a: Rotom-Wash|289\/304 brn|[from] item: Leftovers
|-heal|p2a: Slowbro|160\/394|[from] item: Leftovers
|-damage|p1a: Rotom-Wash|251\/304 brn|[from] brn
|turn|2
|
|switch|p2a: Chansey|Chansey, F|704\/704
|move|p1a: Rotom-Wash|Will-O-Wisp|p2a: Chansey
|-status|p2a: Chansey|brn
|
|-heal|p1a: Rotom-Wash|270\/304 brn|[from] item: Leftovers
|-damage|p1a: Rotom-Wash|232\/304 brn|[from] brn
|-damage|p2a: Chansey|616\/704 brn|[from] brn
|turn|3
|
|move|p1a: Rotom-Wash|Pain Split|p2a: Chansey
|-sethp|p2a: Chansey|424\/704 brn|p1a: Rotom-Wash|304\/304 brn|[from] move: Pain Split
|move|p2a: Chansey|Stealth Rock|p1a: Rotom-Wash
|-sidestart|p1: newbie 103|move: Stealth Rock
|
|-damage|p1a: Rotom-Wash|266\/304 brn|[from] brn
|-damage|p2a: Chansey|336\/704 brn|[from] brn
|turn|4
|
|switch|p2a: Gliscor|Gliscor, M|352\/352
|move|p1a: Rotom-Wash|Volt Switch|p2a: Gliscor
|-immune|p2a: Gliscor|[msg]
|
|-heal|p1a: Rotom-Wash|285\/304 brn|[from] item: Leftovers
|-damage|p1a: Rotom-Wash|247\/304 brn|[from] brn
|-status|p2a: Gliscor|tox|[from] item: Toxic Orb
|turn|5
|
|switch|p2a: Chansey|Chansey, F|336\/704
|move|p1a: Rotom-Wash|Hydro Pump|p2a: Chansey
|-crit|p2a: Chansey
|-damage|p2a: Chansey|209\/704
|
|-heal|p1a: Rotom-Wash|266\/304 brn|[from] item: Leftovers
|-damage|p1a: Rotom-Wash|228\/304 brn|[from] brn
|turn|6
|
|move|p1a: Rotom-Wash|Volt Switch|p2a: Chansey
|-damage|p2a: Chansey|152\/704
|
|switch|p1a: Gallade|Gallade, M|278\/278
|-damage|p1a: Gallade|261\/278|[from] Stealth Rock
|move|p2a: Chansey|Soft-Boiled|p2a: Chansey
|-heal|p2a: Chansey|504\/704
|
|turn|7
|
|switch|p2a: Slowbro|Slowbro, M|291\/394
|detailschange|p1a: Gallade|Gallade-Mega, M
|message|Gallade has Mega Evolved into Mega Gallade!
|move|p1a: Gallade|Knock Off|p2a: Slowbro
|-supereffective|p2a: Slowbro
|-damage|p2a: Slowbro|93\/394
|-enditem|p2a: Slowbro|Leftovers|[from] move: Knock Off|[of] p1a: Gallade
|
|turn|8
|
|switch|p2a: Clefable|Clefable, F|394\/394
|move|p1a: Gallade|Knock Off|p2a: Clefable
|-resisted|p2a: Clefable
|-damage|p2a: Clefable|333\/394
|-enditem|p2a: Clefable|Leftovers|[from] move: Knock Off|[of] p1a: Gallade
|
|turn|9
|
|move|p1a: Gallade|Zen Headbutt|p2a: Clefable
|-damage|p2a: Clefable|191\/394
|move|p2a: Clefable|Wish|p2a: Clefable
|
|turn|10
|
|move|p1a: Gallade|Swords Dance|p1a: Gallade
|-boost|p1a: Gallade|atk|2
|move|p2a: Clefable|Moonblast|p1a: Gallade
|-supereffective|p1a: Gallade
|-damage|p1a: Gallade|57\/278
|
|-heal|p2a: Clefable|388\/394|[from] move: Wish|[wisher] Clefable
|turn|11
|
|switch|p1a: Scizor|Scizor, F|343\/343
|-damage|p1a: Scizor|301\/343|[from] Stealth Rock
|move|p2a: Clefable|Moonblast|p1a: Scizor
|-resisted|p1a: Scizor
|-damage|p1a: Scizor|241\/343
|
|turn|12
|
|switch|p2a: Zapdos|Zapdos|384\/384
|-ability|p2a: Zapdos|Pressure
|move|p1a: Scizor|U-turn|p2a: Zapdos
|-resisted|p2a: Zapdos
|-damage|p2a: Zapdos|294\/384
|
|switch|p1a: Latios|Latios, M|301\/301
|-damage|p1a: Latios|264\/301|[from] Stealth Rock
|
|-heal|p2a: Zapdos|318\/384|[from] item: Leftovers
|turn|13
|
|switch|p2a: Chansey|Chansey, F|504\/704
|move|p1a: Latios|Defog|p2a: Chansey
|-unboost|p2a: Chansey|evasion|1
|-sideend|p1: newbie 103|Stealth Rock|[from] move: Defog|[of] p1a: Latios
|
|turn|14
|
|move|p1a: Latios|Psyshock|p2a: Chansey
|-damage|p2a: Chansey|251\/704
|-damage|p1a: Latios|234\/301|[from] item: Life Orb
|move|p2a: Chansey|Soft-Boiled|p2a: Chansey
|-heal|p2a: Chansey|603\/704
|
|turn|15
|
|move|p1a: Latios|Psyshock|p2a: Chansey
|-damage|p2a: Chansey|350\/704
|-damage|p1a: Latios|204\/301|[from] item: Life Orb
|move|p2a: Chansey|Stealth Rock|p1a: Latios
|-sidestart|p1: newbie 103|move: Stealth Rock
|
|turn|16
|
|move|p1a: Latios|Defog|p2a: Chansey
|-unboost|p2a: Chansey|evasion|1
|-sideend|p1: newbie 103|Stealth Rock|[from] move: Defog|[of] p1a: Latios
|move|p2a: Chansey|Soft-Boiled|p2a: Chansey
|-heal|p2a: Chansey|702\/704
|
|turn|17
|
|switch|p1a: Gallade|Gallade-Mega, M|57\/278
|move|p2a: Chansey|Stealth Rock|p1a: Gallade
|-sidestart|p1: newbie 103|move: Stealth Rock
|
|turn|18
|
|switch|p2a: Clefable|Clefable, F|388\/394
|move|p1a: Gallade|Close Combat|p2a: Clefable
|-crit|p2a: Clefable
|-resisted|p2a: Clefable
|-damage|p2a: Clefable|225\/394
|-unboost|p1a: Gallade|def|1
|-unboost|p1a: Gallade|spd|1
|
|turn|19
|
|switch|p1a: Rotom-Wash|Rotom-Wash|228\/304 brn
|-damage|p1a: Rotom-Wash|190\/304 brn|[from] Stealth Rock
|move|p2a: Clefable|Wish|p2a: Clefable
|
|-heal|p1a: Rotom-Wash|209\/304 brn|[from] item: Leftovers
|-damage|p1a: Rotom-Wash|171\/304 brn|[from] brn
|turn|20
|
|move|p2a: Clefable|Protect|p2a: Clefable
|-singleturn|p2a: Clefable|Protect
|move|p1a: Rotom-Wash|Volt Switch|p2a: Clefable
|-activate|p2a: Clefable|Protect
|
|-heal|p2a: Clefable|394\/394|[from] move: Wish|[wisher] Clefable
|-heal|p1a: Rotom-Wash|190\/304 brn|[from] item: Leftovers
|-damage|p1a: Rotom-Wash|152\/304 brn|[from] brn
|turn|21
|
|move|p1a: Rotom-Wash|Hydro Pump|p2a: Clefable
|-damage|p2a: Clefable|247\/394
|move|p2a: Clefable|Moonblast|p1a: Rotom-Wash
|-damage|p1a: Rotom-Wash|71\/304 brn
|
|-heal|p1a: Rotom-Wash|90\/304 brn|[from] item: Leftovers
|-damage|p1a: Rotom-Wash|52\/304 brn|[from] brn
|turn|22
|
|move|p2a: Clefable|Protect|p2a: Clefable
|-singleturn|p2a: Clefable|Protect
|move|p1a: Rotom-Wash|Volt Switch|p2a: Clefable
|-activate|p2a: Clefable|Protect
|
|-heal|p1a: Rotom-Wash|71\/304 brn|[from] item: Leftovers
|-damage|p1a: Rotom-Wash|33\/304 brn|[from] brn
|turn|23
|
|move|p1a: Rotom-Wash|Volt Switch|p2a: Clefable
|-damage|p2a: Clefable|156\/394
|
|switch|p1a: Scizor|Scizor, F|241\/343
|-damage|p1a: Scizor|199\/343|[from] Stealth Rock
|move|p2a: Clefable|Wish|p2a: Clefable
|
|turn|24
|
|move|p2a: Clefable|Protect|p2a: Clefable
|-singleturn|p2a: Clefable|Protect
|move|p1a: Scizor|Bullet Punch|p2a: Clefable
|-activate|p2a: Clefable|Protect
|
|-heal|p2a: Clefable|353\/394|[from] move: Wish|[wisher] Clefable
|turn|25
|
|switch|p1a: Latios|Latios, M|204\/301
|-damage|p1a: Latios|167\/301|[from] Stealth Rock
|switch|p2a: Slowbro|Slowbro, M|224\/394
|
|turn|26
|
|switch|p2a: Chansey|Chansey, F|702\/704
|move|p1a: Latios|Defog|p2a: Chansey
|-unboost|p2a: Chansey|evasion|1
|-sideend|p1: newbie 103|Stealth Rock|[from] move: Defog|[of] p1a: Latios
|
|turn|27
|
|switch|p1a: Heatran|Heatran, M|385\/385
|move|p2a: Chansey|Seismic Toss|p1a: Heatran
|-damage|p1a: Heatran|285\/385
|
|-heal|p1a: Heatran|309\/385|[from] item: Leftovers
|turn|28
|
|move|p1a: Heatran|Taunt|p2a: Chansey
|-start|p2a: Chansey|move: Taunt
|cant|p2a: Chansey|move: Taunt|Stealth Rock
|
|-heal|p1a: Heatran|333\/385|[from] item: Leftovers
|turn|29
|
|switch|p2a: Gliscor|Gliscor, M|352\/352 tox
|move|p1a: Heatran|Toxic|p2a: Gliscor
|-fail|p2a: Gliscor|tox
|
|-heal|p1a: Heatran|357\/385|[from] item: Leftovers
|turn|30
|
|switch|p1a: Rotom-Wash|Rotom-Wash|33\/304 brn
|move|p2a: Gliscor|Knock Off|p1a: Rotom-Wash
|-damage|p1a: Rotom-Wash|0 fnt
|-enditem|p1a: Rotom-Wash|Leftovers|[from] move: Knock Off|[of] p2a: Gliscor
|faint|p1a: Rotom-Wash
|
|
|switch|p1a: Latios|Latios, M|167\/301
|turn|31
|
|move|p1a: Latios|Psyshock|p2a: Gliscor
|-damage|p2a: Gliscor|191\/352 tox
|-damage|p1a: Latios|137\/301|[from] item: Life Orb
|move|p2a: Gliscor|Knock Off|p1a: Latios
|-supereffective|p1a: Latios
|-damage|p1a: Latios|0 fnt
|-enditem|p1a: Latios|Life Orb|[from] move: Knock Off|[of] p2a: Gliscor
|faint|p1a: Latios
|
|-heal|p2a: Gliscor|235\/352 tox|[from] ability: Poison Heal
|
|switch|p1a: Scizor|Scizor, F|199\/343
|turn|32
|
|move|p1a: Scizor|Bullet Punch|p2a: Gliscor
|-damage|p2a: Gliscor|87\/352 tox
|move|p2a: Gliscor|Roost|p2a: Gliscor
|-heal|p2a: Gliscor|263\/352 tox
|
|-heal|p2a: Gliscor|307\/352 tox|[from] ability: Poison Heal
|turn|33
|
|move|p1a: Scizor|Bullet Punch|p2a: Gliscor
|-damage|p2a: Gliscor|153\/352 tox
|move|p2a: Gliscor|Knock Off|p1a: Scizor
|-damage|p1a: Scizor|129\/343
|-enditem|p1a: Scizor|Choice Band|[from] move: Knock Off|[of] p2a: Gliscor
|
|-heal|p2a: Gliscor|197\/352 tox|[from] ability: Poison Heal
|turn|34
|
|move|p2a: Gliscor|Roost|p2a: Gliscor
|-heal|p2a: Gliscor|352\/352 tox
|move|p1a: Scizor|U-turn|p2a: Gliscor
|-damage|p2a: Gliscor|247\/352 tox
|
|switch|p1a: Gallade|Gallade-Mega, M|57\/278
|
|-heal|p2a: Gliscor|291\/352 tox|[from] ability: Poison Heal
|turn|35
|
|switch|p2a: Scizor|Scizor, F|344\/344
|move|p1a: Gallade|Knock Off|p2a: Scizor
|-damage|p2a: Scizor|273\/344
|
|turn|36
|
|switch|p1a: Talonflame|Talonflame, F|327\/327
|detailschange|p2a: Scizor|Scizor-Mega, F
|message|Scizor has Mega Evolved into Mega Scizor!
|move|p2a: Scizor|Superpower|p1a: Talonflame
|-resisted|p1a: Talonflame
|-damage|p1a: Talonflame|242\/327
|-unboost|p2a: Scizor|atk|1
|-unboost|p2a: Scizor|def|1
|
|turn|37
|
|switch|p2a: Slowbro|Slowbro, M|355\/394
|move|p1a: Talonflame|Swords Dance|p1a: Talonflame
|-boost|p1a: Talonflame|atk|2
|
|turn|38
|
|move|p1a: Talonflame|Brave Bird|p2a: Slowbro
|-damage|p2a: Slowbro|99\/394
|-damage|p1a: Talonflame|158\/327|[from] recoil|[of] p2a: Slowbro
|move|p2a: Slowbro|Scald|p1a: Talonflame
|-supereffective|p1a: Talonflame
|-damage|p1a: Talonflame|0 fnt
|faint|p1a: Talonflame
|
|
|switch|p1a: Gallade|Gallade-Mega, M|57\/278
|turn|39
|
|switch|p1a: Heatran|Heatran, M|357\/385
|switch|p2a: Scizor|Scizor-Mega, F|273\/344
|
|-heal|p1a: Heatran|381\/385|[from] item: Leftovers
|turn|40
|
|switch|p2a: Gliscor|Gliscor, M|291\/352 tox
|move|p1a: Heatran|Toxic|p2a: Gliscor|[miss]
|-miss|p1a: Heatran|p2a: Gliscor
|
|-heal|p1a: Heatran|385\/385|[from] item: Leftovers
|-heal|p2a: Gliscor|335\/352 tox|[from] ability: Poison Heal
|turn|41
|
|move|p2a: Gliscor|Earthquake|p1a: Heatran
|-supereffective|p1a: Heatran
|-damage|p1a: Heatran|0 fnt
|faint|p1a: Heatran
|
|-heal|p2a: Gliscor|352\/352 tox|[from] ability: Poison Heal
|
|switch|p1a: Scizor|Scizor, F|129\/343
|turn|42
|
|move|p1a: Scizor|Bullet Punch|p2a: Gliscor
|-damage|p2a: Gliscor|255\/352 tox
|move|p2a: Gliscor|Earthquake|p1a: Scizor
|-damage|p1a: Scizor|11\/343
|
|-heal|p2a: Gliscor|299\/352 tox|[from] ability: Poison Heal
|turn|43
|
|move|p2a: Gliscor|Roost|p2a: Gliscor
|-heal|p2a: Gliscor|352\/352 tox
|move|p1a: Scizor|U-turn|p2a: Gliscor
|-damage|p2a: Gliscor|240\/352 tox
|
|switch|p1a: Gallade|Gallade-Mega, M|57\/278
|
|-heal|p2a: Gliscor|284\/352 tox|[from] ability: Poison Heal
|turn|44
|
|switch|p2a: Scizor|Scizor-Mega, F|273\/344
|move|p1a: Gallade|Zen Headbutt|p2a: Scizor
|-resisted|p2a: Scizor
|-damage|p2a: Scizor|219\/344
|
|turn|45
|
|move|p2a: Scizor|Bullet Punch|p1a: Gallade
|-damage|p1a: Gallade|0 fnt
|faint|p1a: Gallade
|
|
|switch|p1a: Scizor|Scizor, F|11\/343
|turn|46
|
|move|p1a: Scizor|Bullet Punch|p2a: Scizor
|-resisted|p2a: Scizor
|-damage|p2a: Scizor|185\/344
|move|p2a: Scizor|Roost|p2a: Scizor
|-heal|p2a: Scizor|344\/344
|
|turn|47
|
|move|p2a: Scizor|Bullet Punch|p1a: Scizor
|-resisted|p1a: Scizor
|-damage|p1a: Scizor|0 fnt
|faint|p1a: Scizor
|
|win|Dayanne
|raw|Ladder updating...