|join|Dayanne
|join|poppster12
|player|p1|Dayanne|37
|player|p2|poppster12|264
|gametype|singles
|gen|6
|tier|OU
|rated
|clearpoke
|poke|p1|Chansey, F
|poke|p1|Zapdos
|poke|p1|Scizor, M
|poke|p1|Clefable, F
|poke|p1|Gliscor, M
|poke|p1|Slowbro, M
|poke|p2|Arcanine, M
|poke|p2|Galvantula, F, shiny
|poke|p2|Hariyama, F
|poke|p2|Garchomp, M, shiny
|poke|p2|Milotic, M
|poke|p2|Ferrothorn, M
|rule|Swagger Clause: Swagger is banned
|rule|Baton Pass Clause: Limit one PokÃ©mon knowing Baton Pass
|rule|Sleep Clause Mod: Limit one foe put to sleep
|rule|Species Clause: Limit one of each PokÃ©mon
|rule|OHKO Clause: OHKO moves are banned
|rule|Moody Clause: Moody is banned
|rule|Evasion Moves Clause: Evasion moves are banned
|rule|Endless Battle Clause: Forcing endless battles is banned
|rule|HP Percentage Mod: HP is shown in percentages
|teampreview
|
|start
|switch|p1a: Zapdos|Zapdos|384\/384
|switch|p2a: Ferrothorn|Ferrothorn, M|352\/352
|-ability|p1a: Zapdos|Pressure
|turn|1
|
|move|p2a: Ferrothorn|Protect|p2a: Ferrothorn
|-singleturn|p2a: Ferrothorn|Protect
|move|p1a: Zapdos|Heat Wave|p2a: Ferrothorn
|-activate|p2a: Ferrothorn|Protect
|
|turn|2
|
|switch|p2a: Garchomp|Garchomp, M, shiny|358\/358
|move|p1a: Zapdos|Heat Wave|p2a: Garchomp
|-resisted|p2a: Garchomp
|-damage|p2a: Garchomp|305\/358
|
|turn|3
|
|switch|p1a: Clefable|Clefable, F|394\/394
|detailschange|p2a: Garchomp|Garchomp-Mega, M, shiny
|message|Garchomp has Mega Evolved into Mega Garchomp!
|move|p2a: Garchomp|Dragon Claw|p1a: Clefable
|-immune|p1a: Clefable|[msg]
|
|turn|4
|
|switch|p2a: Ferrothorn|Ferrothorn, M|352\/352
|move|p1a: Clefable|Wish|p1a: Clefable
|
|turn|5
|
|switch|p1a: Zapdos|Zapdos|384\/384
|-ability|p1a: Zapdos|Pressure
|move|p2a: Ferrothorn|Thunder Wave|p1a: Zapdos
|-fail|p1a: Zapdos
|
|turn|6
|
|move|p2a: Ferrothorn|Protect|p2a: Ferrothorn
|-singleturn|p2a: Ferrothorn|Protect
|move|p1a: Zapdos|Heat Wave|p2a: Ferrothorn
|-activate|p2a: Ferrothorn|Protect
|
|turn|7
|
|switch|p2a: Arcanine|Arcanine, M|384\/384
|-ability|p2a: Arcanine|Intimidate|[of] p1a: Zapdos
|-unboost|p1a: Zapdos|atk|1
|move|p1a: Zapdos|Heat Wave|p2a: Arcanine
|-resisted|p2a: Arcanine
|-damage|p2a: Arcanine|329\/384
|
|-heal|p2a: Arcanine|353\/384|[from] item: Leftovers
|turn|8
|
|switch|p1a: Slowbro|Slowbro, M|394\/394
|move|p2a: Arcanine|Will-O-Wisp|p1a: Slowbro|[miss]
|-miss|p2a: Arcanine|p1a: Slowbro
|
|-heal|p2a: Arcanine|377\/384|[from] item: Leftovers
|turn|9
|
|switch|p2a: Ferrothorn|Ferrothorn, M|352\/352
|move|p1a: Slowbro|Scald|p2a: Ferrothorn
|-resisted|p2a: Ferrothorn
|-damage|p2a: Ferrothorn|313\/352
|
|-heal|p2a: Ferrothorn|335\/352|[from] item: Leftovers
|turn|10
|
|switch|p1a: Zapdos|Zapdos|384\/384
|-ability|p1a: Zapdos|Pressure
|move|p2a: Ferrothorn|Leech Seed|p1a: Zapdos
|-start|p1a: Zapdos|move: Leech Seed
|
|-heal|p2a: Ferrothorn|352\/352|[from] item: Leftovers
|-damage|p1a: Zapdos|336\/384|[from] Leech Seed|[of] p2a: Ferrothorn
|turn|11
|
|switch|p1a: Gliscor|Gliscor, M|352\/352
|move|p2a: Ferrothorn|Protect|p2a: Ferrothorn
|-fail|p2a: Ferrothorn
|
|-status|p1a: Gliscor|tox|[from] item: Toxic Orb
|turn|12
|
|move|p1a: Gliscor|Taunt|p2a: Ferrothorn
|-start|p2a: Ferrothorn|move: Taunt
|cant|p2a: Ferrothorn|move: Taunt|Stealth Rock
|
|turn|13
|
|switch|p2a: Galvantula|Galvantula, F, shiny|281\/281
|move|p1a: Gliscor|Knock Off|p2a: Galvantula
|-damage|p2a: Galvantula|165\/281
|-enditem|p2a: Galvantula|Focus Sash|[from] move: Knock Off|[of] p1a: Gliscor
|
|turn|14
|
|move|p2a: Galvantula|Sticky Web|p1a: Gliscor
|-sidestart|p1: Dayanne|move: Sticky Web
|move|p1a: Gliscor|Earthquake|p2a: Galvantula
|-damage|p2a: Galvantula|0 fnt
|faint|p2a: Galvantula
|
|
|switch|p2a: Ferrothorn|Ferrothorn, M|352\/352
|turn|15
|
|switch|p2a: Garchomp|Garchomp-Mega, M, shiny|305\/358
|move|p1a: Gliscor|Taunt|p2a: Garchomp
|-start|p2a: Garchomp|move: Taunt
|
|turn|16
|
|switch|p1a: Clefable|Clefable, F|394\/394
|-activate|p1a: Clefable|move: Sticky Web
|-unboost|p1a: Clefable|spe|1
|move|p2a: Garchomp|Fire Blast|p1a: Clefable
|-damage|p1a: Clefable|294\/394
|
|-heal|p1a: Clefable|318\/394|[from] item: Leftovers
|turn|17
|
|move|p2a: Garchomp|Earthquake|p1a: Clefable
|-damage|p1a: Clefable|101\/394
|move|p1a: Clefable|Moonblast|p2a: Garchomp
|-supereffective|p2a: Garchomp
|-damage|p2a: Garchomp|81\/358
|-unboost|p2a: Garchomp|spa|1
|
|-heal|p1a: Clefable|125\/394|[from] item: Leftovers
|turn|18
|
|move|p1a: Clefable|Protect|p1a: Clefable
|-singleturn|p1a: Clefable|Protect
|move|p2a: Garchomp|Iron Head|p1a: Clefable
|-activate|p1a: Clefable|Protect
|
|-heal|p1a: Clefable|149\/394|[from] item: Leftovers
|-end|p2a: Garchomp|move: Taunt
|turn|19
|
|switch|p1a: Slowbro|Slowbro, M|394\/394
|-activate|p1a: Slowbro|move: Sticky Web
|-unboost|p1a: Slowbro|spe|1
|move|p2a: Garchomp|Dragon Claw|p1a: Slowbro
|-damage|p1a: Slowbro|261\/394
|
|-heal|p1a: Slowbro|285\/394|[from] item: Leftovers
|turn|20
|
|switch|p2a: Ferrothorn|Ferrothorn, M|352\/352
|move|p1a: Slowbro|Scald|p2a: Ferrothorn
|-resisted|p2a: Ferrothorn
|-damage|p2a: Ferrothorn|311\/352
|
|-heal|p2a: Ferrothorn|333\/352|[from] item: Leftovers
|-heal|p1a: Slowbro|309\/394|[from] item: Leftovers
|turn|21
|
|switch|p1a: Zapdos|Zapdos|336\/384
|-ability|p1a: Zapdos|Pressure
|move|p2a: Ferrothorn|Stealth Rock|p1a: Zapdos
|-sidestart|p1: Dayanne|move: Stealth Rock
|
|-heal|p1a: Zapdos|360\/384|[from] item: Leftovers
|-heal|p2a: Ferrothorn|352\/352|[from] item: Leftovers
|turn|22
|
|move|p1a: Zapdos|Defog|p2a: Ferrothorn
|-unboost|p2a: Ferrothorn|evasion|1
|-sideend|p1: Dayanne|Stealth Rock|[from] move: Defog|[of] p1a: Zapdos
|-sideend|p1: Dayanne|Sticky Web|[from] move: Defog|[of] p1a: Zapdos
|move|p2a: Ferrothorn|Leech Seed|p1a: Zapdos
|-start|p1a: Zapdos|move: Leech Seed
|
|-heal|p1a: Zapdos|384\/384|[from] item: Leftovers
|-damage|p1a: Zapdos|336\/384|[from] Leech Seed|[of] p2a: Ferrothorn
|turn|23
|
|switch|p2a: Milotic|Milotic, M|394\/394
|move|p1a: Zapdos|Heat Wave|p2a: Milotic
|-resisted|p2a: Milotic
|-damage|p2a: Milotic|366\/394
|
|-heal|p1a: Zapdos|360\/384|[from] item: Leftovers
|-heal|p2a: Milotic|390\/394|[from] item: Leftovers
|-damage|p1a: Zapdos|312\/384|[from] Leech Seed|[of] p2a: Milotic
|-heal|p2a: Milotic|394\/394|[silent]
|turn|24
|
|switch|p2a: Ferrothorn|Ferrothorn, M|352\/352
|move|p1a: Zapdos|Volt Switch|p2a: Ferrothorn
|-resisted|p2a: Ferrothorn
|-damage|p2a: Ferrothorn|312\/352
|
|switch|p1a: Gliscor|Gliscor, M|352\/352 tox
|
|-heal|p2a: Ferrothorn|334\/352|[from] item: Leftovers
|turn|25
|
|switch|p2a: Milotic|Milotic, M|394\/394
|move|p1a: Gliscor|Taunt|p2a: Milotic
|-start|p2a: Milotic|move: Taunt
|
|turn|26
|
|move|p1a: Gliscor|Knock Off|p2a: Milotic
|-damage|p2a: Milotic|309\/394
|-enditem|p2a: Milotic|Leftovers|[from] move: Knock Off|[of] p1a: Gliscor
|move|p2a: Milotic|Scald|p1a: Gliscor
|-supereffective|p1a: Gliscor
|-damage|p1a: Gliscor|190\/352 tox
|
|-heal|p1a: Gliscor|234\/352 tox|[from] ability: Poison Heal
|turn|27
|
|switch|p1a: Chansey|Chansey, F|704\/704
|move|p2a: Milotic|Scald|p1a: Chansey
|-damage|p1a: Chansey|641\/704
|
|turn|28
|
|switch|p1a: Zapdos|Zapdos|312\/384
|-ability|p1a: Zapdos|Pressure
|move|p2a: Milotic|Scald|p1a: Zapdos
|-damage|p1a: Zapdos|209\/384
|-status|p1a: Zapdos|brn
|
|-heal|p1a: Zapdos|233\/384 brn|[from] item: Leftovers
|-damage|p1a: Zapdos|185\/384 brn|[from] brn
|-end|p2a: Milotic|move: Taunt
|turn|29
|
|switch|p2a: Ferrothorn|Ferrothorn, M|334\/352
|move|p1a: Zapdos|Roost|p1a: Zapdos
|-heal|p1a: Zapdos|377\/384 brn
|
|-heal|p1a: Zapdos|384\/384 brn|[from] item: Leftovers
|-heal|p2a: Ferrothorn|352\/352|[from] item: Leftovers
|-damage|p1a: Zapdos|336\/384 brn|[from] brn
|turn|30
|
|move|p1a: Zapdos|Heat Wave|p2a: Ferrothorn
|-supereffective|p2a: Ferrothorn
|-damage|p2a: Ferrothorn|28\/352
|move|p2a: Ferrothorn|Leech Seed|p1a: Zapdos
|-start|p1a: Zapdos|move: Leech Seed
|
|-heal|p1a: Zapdos|360\/384 brn|[from] item: Leftovers
|-heal|p2a: Ferrothorn|50\/352|[from] item: Leftovers
|-damage|p1a: Zapdos|312\/384 brn|[from] Leech Seed|[of] p2a: Ferrothorn
|-heal|p2a: Ferrothorn|98\/352|[silent]
|-damage|p1a: Zapdos|264\/384 brn|[from] brn
|turn|31
|
|switch|p1a: Gliscor|Gliscor, M|234\/352 tox
|move|p2a: Ferrothorn|Thunder Wave|p1a: Gliscor
|-immune|p1a: Gliscor|[msg]
|
|-heal|p2a: Ferrothorn|120\/352|[from] item: Leftovers
|-heal|p1a: Gliscor|278\/352 tox|[from] ability: Poison Heal
|turn|32
|
|move|p2a: Ferrothorn|Protect|p2a: Ferrothorn
|-singleturn|p2a: Ferrothorn|Protect
|move|p1a: Gliscor|Knock Off|p2a: Ferrothorn
|-activate|p2a: Ferrothorn|Protect
|
|-heal|p2a: Ferrothorn|142\/352|[from] item: Leftovers
|-heal|p1a: Gliscor|322\/352 tox|[from] ability: Poison Heal
|turn|33
|
|move|p1a: Gliscor|Taunt|p2a: Ferrothorn
|-start|p2a: Ferrothorn|move: Taunt
|cant|p2a: Ferrothorn|move: Taunt|Leech Seed
|
|-heal|p2a: Ferrothorn|164\/352|[from] item: Leftovers
|-heal|p1a: Gliscor|352\/352 tox|[from] ability: Poison Heal
|turn|34
|
|switch|p2a: Milotic|Milotic, M|309\/394
|move|p1a: Gliscor|Knock Off|p2a: Milotic
|-damage|p2a: Milotic|249\/394
|
|turn|35
|
|move|p1a: Gliscor|Earthquake|p2a: Milotic
|-damage|p2a: Milotic|122\/394
|move|p2a: Milotic|Scald|p1a: Gliscor
|-supereffective|p1a: Gliscor
|-damage|p1a: Gliscor|164\/352 tox
|
|-heal|p1a: Gliscor|208\/352 tox|[from] ability: Poison Heal
|turn|36
|
|move|p1a: Gliscor|Taunt|p2a: Milotic
|-start|p2a: Milotic|move: Taunt
|cant|p2a: Milotic|move: Taunt|Rest
|
|-heal|p1a: Gliscor|252\/352 tox|[from] ability: Poison Heal
|turn|37
|
|switch|p2a: Ferrothorn|Ferrothorn, M|164\/352
|move|p1a: Gliscor|Earthquake|p2a: Ferrothorn
|-crit|p2a: Ferrothorn
|-damage|p2a: Ferrothorn|59\/352
|
|-heal|p2a: Ferrothorn|81\/352|[from] item: Leftovers
|-heal|p1a: Gliscor|296\/352 tox|[from] ability: Poison Heal
|turn|38
|
|move|p1a: Gliscor|Taunt|p2a: Ferrothorn
|-start|p2a: Ferrothorn|move: Taunt
|cant|p2a: Ferrothorn|move: Taunt|Leech Seed
|
|-heal|p2a: Ferrothorn|103\/352|[from] item: Leftovers
|-heal|p1a: Gliscor|340\/352 tox|[from] ability: Poison Heal
|turn|39
|
|switch|p2a: Arcanine|Arcanine, M|377\/384
|-ability|p2a: Arcanine|Intimidate|[of] p1a: Gliscor
|-unboost|p1a: Gliscor|atk|1
|move|p1a: Gliscor|Knock Off|p2a: Arcanine
|-damage|p2a: Arcanine|335\/384
|-enditem|p2a: Arcanine|Leftovers|[from] move: Knock Off|[of] p1a: Gliscor
|
|-heal|p1a: Gliscor|352\/352 tox|[from] ability: Poison Heal
|turn|40
|
|switch|p2a: Milotic|Milotic, M|122\/394
|move|p1a: Gliscor|Earthquake|p2a: Milotic
|-damage|p2a: Milotic|38\/394
|
|turn|41
|
|move|p1a: Gliscor|Earthquake|p2a: Milotic
|-crit|p2a: Milotic
|-damage|p2a: Milotic|0 fnt
|faint|p2a: Milotic
|
|
|switch|p2a: Garchomp|Garchomp-Mega, M, shiny|81\/358
|turn|42
|
|move|p2a: Garchomp|Dragon Claw|p1a: Gliscor
|-damage|p1a: Gliscor|184\/352 tox
|move|p1a: Gliscor|Earthquake|p2a: Garchomp
|-damage|p2a: Garchomp|17\/358
|
|-heal|p1a: Gliscor|228\/352 tox|[from] ability: Poison Heal
|turn|43
|
|switch|p2a: Arcanine|Arcanine, M|335\/384
|-ability|p2a: Arcanine|Intimidate|[of] p1a: Gliscor
|-unboost|p1a: Gliscor|atk|1
|move|p1a: Gliscor|Roost|p1a: Gliscor
|-heal|p1a: Gliscor|352\/352 tox
|
|turn|44
|
|move|p1a: Gliscor|Earthquake|p2a: Arcanine
|-supereffective|p2a: Arcanine
|-damage|p2a: Arcanine|243\/384
|move|p2a: Arcanine|Morning Sun|p2a: Arcanine
|-heal|p2a: Arcanine|384\/384
|
|turn|45
|
|switch|p1a: Slowbro|Slowbro, M|394\/394
|switch|p2a: Hariyama|Hariyama, F|492\/492
|
|turn|46
|
|move|p2a: Hariyama|Fake Out|p1a: Slowbro
|-damage|p1a: Slowbro|363\/394
|cant|p1a: Slowbro|flinch
|
|-heal|p1a: Slowbro|387\/394|[from] item: Leftovers
|turn|47
|
|switch|p2a: Ferrothorn|Ferrothorn, M|103\/352
|move|p1a: Slowbro|Scald|p2a: Ferrothorn
|-resisted|p2a: Ferrothorn
|-damage|p2a: Ferrothorn|58\/352
|
|-heal|p1a: Slowbro|394\/394|[from] item: Leftovers
|-heal|p2a: Ferrothorn|80\/352|[from] item: Leftovers
|turn|48
|
|move|p1a: Slowbro|Scald|p2a: Ferrothorn
|-resisted|p2a: Ferrothorn
|-damage|p2a: Ferrothorn|38\/352
|move|p2a: Ferrothorn|Leech Seed|p1a: Slowbro
|-start|p1a: Slowbro|move: Leech Seed
|
|-heal|p2a: Ferrothorn|60\/352|[from] item: Leftovers
|-damage|p1a: Slowbro|345\/394|[from] Leech Seed|[of] p2a: Ferrothorn
|-heal|p2a: Ferrothorn|109\/352|[silent]
|turn|49
|
|switch|p1a: Scizor|Scizor, M|344\/344
|move|p2a: Ferrothorn|Leech Seed|p1a: Scizor
|-start|p1a: Scizor|move: Leech Seed
|
|-heal|p2a: Ferrothorn|131\/352|[from] item: Leftovers
|-damage|p1a: Scizor|301\/344|[from] Leech Seed|[of] p2a: Ferrothorn
|-heal|p2a: Ferrothorn|174\/352|[silent]
|turn|50
|
|switch|p1a: Gliscor|Gliscor, M|352\/352 tox
|move|p2a: Ferrothorn|Thunder Wave|p1a: Gliscor
|-immune|p1a: Gliscor|[msg]
|
|-heal|p2a: Ferrothorn|196\/352|[from] item: Leftovers
|turn|51
|
|switch|p2a: Arcanine|Arcanine, M|384\/384
|-ability|p2a: Arcanine|Intimidate|[of] p1a: Gliscor
|-unboost|p1a: Gliscor|atk|1
|move|p1a: Gliscor|Knock Off|p2a: Arcanine
|-damage|p2a: Arcanine|359\/384
|
|turn|52
|
|switch|p2a: Ferrothorn|Ferrothorn, M|196\/352
|move|p1a: Gliscor|Earthquake|p2a: Ferrothorn
|-damage|p2a: Ferrothorn|154\/352
|
|-heal|p2a: Ferrothorn|176\/352|[from] item: Leftovers
|turn|53
|
|move|p1a: Gliscor|Knock Off|p2a: Ferrothorn
|-damage|p2a: Ferrothorn|149\/352
|-damage|p1a: Gliscor|308\/352 tox|[from] ability: Iron Barbs|[of] p2a: Ferrothorn
|-enditem|p2a: Ferrothorn|Leftovers|[from] move: Knock Off|[of] p1a: Gliscor
|move|p2a: Ferrothorn|Leech Seed|p1a: Gliscor
|-start|p1a: Gliscor|move: Leech Seed
|
|-damage|p1a: Gliscor|264\/352 tox|[from] Leech Seed|[of] p2a: Ferrothorn
|-heal|p2a: Ferrothorn|193\/352|[silent]
|-heal|p1a: Gliscor|308\/352 tox|[from] ability: Poison Heal
|turn|54
|
|move|p1a: Gliscor|Taunt|p2a: Ferrothorn
|-start|p2a: Ferrothorn|move: Taunt
|cant|p2a: Ferrothorn|move: Taunt|Stealth Rock
|
|-damage|p1a: Gliscor|264\/352 tox|[from] Leech Seed|[of] p2a: Ferrothorn
|-heal|p2a: Ferrothorn|237\/352|[silent]
|-heal|p1a: Gliscor|308\/352 tox|[from] ability: Poison Heal
|turn|55
|
|switch|p1a: Zapdos|Zapdos|264\/384 brn
|-ability|p1a: Zapdos|Pressure
|switch|p2a: Garchomp|Garchomp-Mega, M, shiny|17\/358
|
|-heal|p1a: Zapdos|288\/384 brn|[from] item: Leftovers
|-damage|p1a: Zapdos|240\/384 brn|[from] brn
|turn|56
|
|switch|p2a: Hariyama|Hariyama, F|492\/492
|switch|p1a: Slowbro|Slowbro, M|394\/394
|
|turn|57
|
|switch|p2a: Ferrothorn|Ferrothorn, M|237\/352
|move|p1a: Slowbro|Scald|p2a: Ferrothorn
|-resisted|p2a: Ferrothorn
|-damage|p2a: Ferrothorn|199\/352
|-status|p2a: Ferrothorn|brn
|
|-damage|p2a: Ferrothorn|155\/352 brn|[from] brn
|turn|58
|
|switch|p1a: Zapdos|Zapdos|240\/384 brn
|-ability|p1a: Zapdos|Pressure
|move|p2a: Ferrothorn|Leech Seed|p1a: Zapdos
|-start|p1a: Zapdos|move: Leech Seed
|
|-heal|p1a: Zapdos|264\/384 brn|[from] item: Leftovers
|-damage|p1a: Zapdos|216\/384 brn|[from] Leech Seed|[of] p2a: Ferrothorn
|-heal|p2a: Ferrothorn|203\/352 brn|[silent]
|-damage|p1a: Zapdos|168\/384 brn|[from] brn
|-damage|p2a: Ferrothorn|159\/352 brn|[from] brn
|turn|59
|
|move|p2a: Ferrothorn|Protect|p2a: Ferrothorn
|-singleturn|p2a: Ferrothorn|Protect
|move|p1a: Zapdos|Roost|p1a: Zapdos
|-heal|p1a: Zapdos|360\/384 brn
|
|-heal|p1a: Zapdos|384\/384 brn|[from] item: Leftovers
|-damage|p1a: Zapdos|336\/384 brn|[from] Leech Seed|[of] p2a: Ferrothorn
|-heal|p2a: Ferrothorn|207\/352 brn|[silent]
|-damage|p1a: Zapdos|288\/384 brn|[from] brn
|-damage|p2a: Ferrothorn|163\/352 brn|[from] brn
|turn|60
|
|switch|p2a: Hariyama|Hariyama, F|492\/492
|move|p1a: Zapdos|Heat Wave|p2a: Hariyama
|-damage|p2a: Hariyama|399\/492
|
|-heal|p1a: Zapdos|312\/384 brn|[from] item: Leftovers
|-damage|p1a: Zapdos|264\/384 brn|[from] Leech Seed|[of] p2a: Hariyama
|-heal|p2a: Hariyama|447\/492|[silent]
|-damage|p1a: Zapdos|216\/384 brn|[from] brn
|turn|61
|
|switch|p1a: Slowbro|Slowbro, M|394\/394
|switch|p2a: Ferrothorn|Ferrothorn, M|163\/352 brn
|
|-damage|p2a: Ferrothorn|119\/352 brn|[from] brn
|turn|62
|
|switch|p1a: Zapdos|Zapdos|216\/384 brn
|-ability|p1a: Zapdos|Pressure
|move|p2a: Ferrothorn|Leech Seed|p1a: Zapdos
|-start|p1a: Zapdos|move: Leech Seed
|
|-heal|p1a: Zapdos|240\/384 brn|[from] item: Leftovers
|-damage|p1a: Zapdos|192\/384 brn|[from] Leech Seed|[of] p2a: Ferrothorn
|-heal|p2a: Ferrothorn|167\/352 brn|[silent]
|-damage|p1a: Zapdos|144\/384 brn|[from] brn
|-damage|p2a: Ferrothorn|123\/352 brn|[from] brn
|turn|63
|
|move|p1a: Zapdos|Heat Wave|p2a: Ferrothorn
|-supereffective|p2a: Ferrothorn
|-damage|p2a: Ferrothorn|0 fnt
|faint|p2a: Ferrothorn
|
|-heal|p1a: Zapdos|168\/384 brn|[from] item: Leftovers
|-damage|p1a: Zapdos|120\/384 brn|[from] brn
|
|switch|p2a: Hariyama|Hariyama, F|447\/492
|turn|64
|
|switch|p1a: Slowbro|Slowbro, M|394\/394
|move|p2a: Hariyama|Fake Out|p1a: Slowbro
|-damage|p1a: Slowbro|361\/394
|
|-heal|p1a: Slowbro|385\/394|[from] item: Leftovers
|turn|65
|
|switch|p2a: Garchomp|Garchomp-Mega, M, shiny|17\/358
|move|p1a: Slowbro|Scald|p2a: Garchomp
|-damage|p2a: Garchomp|0 fnt
|faint|p2a: Garchomp
|
|-heal|p1a: Slowbro|394\/394|[from] item: Leftovers
|-message|poppster12 forfeited.
|
|win|Dayanne
|raw|Ladder updating...
|leave|poppster12
|player|p2
|raw|Dayanne's rating: 1238 &rarr; <strong>1263<\/strong><br \/>(+25 for winning)
|raw|poppster12's rating: 1228 &rarr; <strong>1204<\/strong><br \/>(-24 for losing)