|join|Dayanne
|join|TheObsessed
|player|p1|Dayanne|37
|player|p2|TheObsessed|10
|gametype|singles
|gen|6
|tier|OU
|rated
|clearpoke
|poke|p1|Chansey, F
|poke|p1|Zapdos
|poke|p1|Scizor, F
|poke|p1|Clefable, F
|poke|p1|Gliscor, M
|poke|p1|Slowbro, M
|poke|p2|Landorus-Therian, M
|poke|p2|Rotom-Wash
|poke|p2|Latias, F
|poke|p2|Bisharp, M
|poke|p2|Medicham, F
|poke|p2|Chansey, F
|rule|Swagger Clause: Swagger is banned
|rule|Baton Pass Clause: Limit one PokÃ©mon knowing Baton Pass
|rule|Sleep Clause Mod: Limit one foe put to sleep
|rule|Species Clause: Limit one of each PokÃ©mon
|rule|OHKO Clause: OHKO moves are banned
|rule|Moody Clause: Moody is banned
|rule|Evasion Moves Clause: Evasion moves are banned
|rule|Endless Battle Clause: Forcing endless battles is banned
|rule|HP Percentage Mod: HP is shown in percentages
|teampreview
|
|start
|switch|p1a: Slowbro|Slowbro, M|394\/394
|switch|p2a: Medicham|Medicham, F|262\/262
|turn|1
|
|detailschange|p2a: Medicham|Medicham-Mega, F
|message|Medicham has Mega Evolved into Mega Medicham!
|move|p2a: Medicham|Fake Out|p1a: Slowbro
|-crit|p1a: Slowbro
|-damage|p1a: Slowbro|314\/394
|cant|p1a: Slowbro|flinch
|
|-heal|p1a: Slowbro|338\/394|[from] item: Leftovers
|turn|2
|
|switch|p2a: Chansey|Chansey, F|642\/642
|move|p1a: Slowbro|Scald|p2a: Chansey
|-damage|p2a: Chansey|593\/642
|-status|p2a: Chansey|brn
|
|-heal|p1a: Slowbro|362\/394|[from] item: Leftovers
|-damage|p2a: Chansey|513\/642 brn|[from] brn
|turn|3
|
|switch|p2a: Medicham|Medicham-Mega, F|262\/262
|switch|p1a: Chansey|Chansey, F|704\/704
|
|turn|4
|
|switch|p1a: Slowbro|Slowbro, M|394\/394
|move|p2a: Medicham|Fake Out|p1a: Slowbro
|-damage|p1a: Slowbro|338\/394
|
|-heal|p1a: Slowbro|362\/394|[from] item: Leftovers
|turn|5
|
|switch|p2a: Chansey|Chansey, F|513\/642
|move|p1a: Slowbro|Scald|p2a: Chansey
|-damage|p2a: Chansey|462\/642
|-status|p2a: Chansey|brn
|
|-heal|p1a: Slowbro|386\/394|[from] item: Leftovers
|-damage|p2a: Chansey|382\/642 brn|[from] brn
|turn|6
|
|switch|p1a: Chansey|Chansey, F|704\/704
|move|p2a: Chansey|Toxic|p1a: Chansey
|-status|p1a: Chansey|tox
|
|-damage|p1a: Chansey|660\/704 tox|[from] psn
|-damage|p2a: Chansey|302\/642 brn|[from] brn
|turn|7
|
|switch|p2a: Latias|Latias, F|319\/319
|move|p1a: Chansey|Stealth Rock|p2a: Latias
|-sidestart|p2: TheObsessed|move: Stealth Rock
|
|-damage|p1a: Chansey|572\/704 tox|[from] psn
|turn|8
|
|switch|p1a: Clefable|Clefable, F|394\/394
|move|p2a: Latias|Defog|p1a: Clefable
|-unboost|p1a: Clefable|evasion|1
|-sideend|p2: TheObsessed|Stealth Rock|[from] move: Defog|[of] p2a: Latias
|
|turn|9
|
|switch|p2a: Chansey|Chansey, F|302\/642
|move|p1a: Clefable|Wish|p1a: Clefable
|
|turn|10
|
|switch|p1a: Chansey|Chansey, F|572\/704
|move|p2a: Chansey|Stealth Rock|p1a: Chansey
|-sidestart|p1: Dayanne|move: Stealth Rock
|
|-heal|p1a: Chansey|704\/704|[from] move: Wish|[wisher] Clefable
|turn|11
|
|switch|p2a: Medicham|Medicham-Mega, F|262\/262
|move|p1a: Chansey|Stealth Rock|p2a: Medicham
|-sidestart|p2: TheObsessed|move: Stealth Rock
|
|turn|12
|
|switch|p2a: Bisharp|Bisharp, M|272\/272
|-damage|p2a: Bisharp|255\/272|[from] Stealth Rock
|switch|p1a: Slowbro|Slowbro, M|394\/394
|-damage|p1a: Slowbro|345\/394|[from] Stealth Rock
|
|-heal|p1a: Slowbro|369\/394|[from] item: Leftovers
|turn|13
|
|move|p2a: Bisharp|Pursuit|p1a: Slowbro|[from]Pursuit
|-supereffective|p1a: Slowbro
|-damage|p1a: Slowbro|121\/394
|switch|p1a: Scizor|Scizor, F|344\/344
|-damage|p1a: Scizor|301\/344|[from] Stealth Rock
|
|turn|14
|
|switch|p2a: Rotom-Wash|Rotom-Wash|303\/303
|-damage|p2a: Rotom-Wash|266\/303|[from] Stealth Rock
|detailschange|p1a: Scizor|Scizor-Mega, F
|message|Scizor has Mega Evolved into Mega Scizor!
|move|p1a: Scizor|Swords Dance|p1a: Scizor
|-boost|p1a: Scizor|atk|2
|
|-heal|p2a: Rotom-Wash|284\/303|[from] item: Leftovers
|turn|15
|
|switch|p1a: Chansey|Chansey, F|704\/704
|-damage|p1a: Chansey|616\/704|[from] Stealth Rock
|move|p2a: Rotom-Wash|Will-O-Wisp|p1a: Chansey
|-status|p1a: Chansey|brn
|
|-heal|p2a: Rotom-Wash|302\/303|[from] item: Leftovers
|-damage|p1a: Chansey|528\/704 brn|[from] brn
|turn|16
|
|switch|p1a: Gliscor|Gliscor, M|352\/352
|-damage|p1a: Gliscor|308\/352|[from] Stealth Rock
|move|p2a: Rotom-Wash|Volt Switch|p1a: Gliscor
|-immune|p1a: Gliscor|[msg]
|
|-heal|p2a: Rotom-Wash|303\/303|[from] item: Leftovers
|-status|p1a: Gliscor|tox|[from] item: Toxic Orb
|turn|17
|
|move|p1a: Gliscor|Knock Off|p2a: Rotom-Wash
|-damage|p2a: Rotom-Wash|253\/303
|-enditem|p2a: Rotom-Wash|Leftovers|[from] move: Knock Off|[of] p1a: Gliscor
|move|p2a: Rotom-Wash|Hydro Pump|p1a: Gliscor|[miss]
|-miss|p2a: Rotom-Wash|p1a: Gliscor
|
|-heal|p1a: Gliscor|352\/352 tox|[from] ability: Poison Heal
|turn|18
|
|switch|p1a: Chansey|Chansey, F|528\/704
|-damage|p1a: Chansey|440\/704|[from] Stealth Rock
|move|p2a: Rotom-Wash|Hydro Pump|p1a: Chansey|[miss]
|-miss|p2a: Rotom-Wash|p1a: Chansey
|
|turn|19
|
|move|p2a: Rotom-Wash|Volt Switch|p1a: Chansey
|-damage|p1a: Chansey|386\/704
|
|switch|p2a: Latias|Latias, F|319\/319
|-damage|p2a: Latias|280\/319|[from] Stealth Rock
|move|p1a: Chansey|Soft-Boiled|p1a: Chansey
|-heal|p1a: Chansey|704\/704
|
|turn|20
|
|move|p2a: Latias|Defog|p1a: Chansey
|-unboost|p1a: Chansey|evasion|1
|-sideend|p1: Dayanne|Stealth Rock|[from] move: Defog|[of] p1a: Chansey
|-sideend|p2: TheObsessed|Stealth Rock|[from] move: Defog|[of] p2a: Latias
|move|p1a: Chansey|Seismic Toss|p2a: Latias
|-damage|p2a: Latias|180\/319
|
|turn|21
|
|move|p2a: Latias|Psyshock|p1a: Chansey
|-damage|p1a: Chansey|492\/704
|-damage|p2a: Latias|149\/319|[from] item: Life Orb
|move|p1a: Chansey|Stealth Rock|p2a: Latias
|-sidestart|p2: TheObsessed|move: Stealth Rock
|
|turn|22
|
|move|p2a: Latias|Psyshock|p1a: Chansey
|-damage|p1a: Chansey|274\/704
|-damage|p2a: Latias|118\/319|[from] item: Life Orb
|move|p1a: Chansey|Seismic Toss|p2a: Latias
|-damage|p2a: Latias|18\/319
|
|turn|23
|
|move|p2a: Latias|Roost|p2a: Latias
|-heal|p2a: Latias|178\/319
|move|p1a: Chansey|Soft-Boiled|p1a: Chansey
|-heal|p1a: Chansey|626\/704
|
|turn|24
|
|move|p2a: Latias|Roost|p2a: Latias
|-heal|p2a: Latias|319\/319
|move|p1a: Chansey|Seismic Toss|p2a: Latias
|-damage|p2a: Latias|219\/319
|
|turn|25
|
|switch|p2a: Bisharp|Bisharp, M|255\/272
|-damage|p2a: Bisharp|238\/272|[from] Stealth Rock
|move|p1a: Chansey|Seismic Toss|p2a: Bisharp
|-damage|p2a: Bisharp|138\/272
|
|turn|26
|
|switch|p1a: Scizor|Scizor-Mega, F|301\/344
|move|p2a: Bisharp|Knock Off|p1a: Scizor
|-damage|p1a: Scizor|217\/344
|
|turn|27
|
|switch|p2a: Rotom-Wash|Rotom-Wash|253\/303
|-damage|p2a: Rotom-Wash|216\/303|[from] Stealth Rock
|move|p1a: Scizor|Roost|p1a: Scizor
|-heal|p1a: Scizor|344\/344
|
|turn|28
|
|switch|p1a: Chansey|Chansey, F|626\/704
|move|p2a: Rotom-Wash|Will-O-Wisp|p1a: Chansey
|-status|p1a: Chansey|brn
|
|-damage|p1a: Chansey|538\/704 brn|[from] brn
|turn|29
|
|move|p2a: Rotom-Wash|Volt Switch|p1a: Chansey
|-crit|p1a: Chansey
|-damage|p1a: Chansey|453\/704 brn
|
|switch|p2a: Chansey|Chansey, F|302\/642
|-damage|p2a: Chansey|222\/642|[from] Stealth Rock
|move|p1a: Chansey|Seismic Toss|p2a: Chansey
|-damage|p2a: Chansey|122\/642
|
|-damage|p1a: Chansey|365\/704 brn|[from] brn
|turn|30
|
|move|p1a: Chansey|Soft-Boiled|p1a: Chansey
|-heal|p1a: Chansey|704\/704 brn
|move|p2a: Chansey|Soft-Boiled|p2a: Chansey
|-heal|p2a: Chansey|443\/642
|
|-damage|p1a: Chansey|616\/704 brn|[from] brn
|turn|31
|
|switch|p1a: Slowbro|Slowbro, M|252\/394
|move|p2a: Chansey|Stealth Rock|p1a: Slowbro
|-sidestart|p1: Dayanne|move: Stealth Rock
|
|-heal|p1a: Slowbro|276\/394|[from] item: Leftovers
|turn|32
|
|switch|p1a: Gliscor|Gliscor, M|352\/352 tox
|-damage|p1a: Gliscor|308\/352 tox|[from] Stealth Rock
|move|p2a: Chansey|Toxic|p1a: Gliscor
|-fail|p1a: Gliscor|tox
|
|-heal|p1a: Gliscor|352\/352 tox|[from] ability: Poison Heal
|turn|33
|
|switch|p2a: Rotom-Wash|Rotom-Wash|216\/303
|-damage|p2a: Rotom-Wash|179\/303|[from] Stealth Rock
|move|p1a: Gliscor|Knock Off|p2a: Rotom-Wash
|-damage|p2a: Rotom-Wash|144\/303
|
|turn|34
|
|move|p1a: Gliscor|Taunt|p2a: Rotom-Wash
|-start|p2a: Rotom-Wash|move: Taunt
|move|p2a: Rotom-Wash|Hydro Pump|p1a: Gliscor
|-crit|p1a: Gliscor
|-supereffective|p1a: Gliscor
|-damage|p1a: Gliscor|0 fnt
|faint|p1a: Gliscor
|
|
|switch|p1a: Scizor|Scizor-Mega, F|344\/344
|-damage|p1a: Scizor|301\/344|[from] Stealth Rock
|turn|35
|
|move|p2a: Rotom-Wash|Hydro Pump|p1a: Scizor
|-crit|p1a: Scizor
|-damage|p1a: Scizor|115\/344
|move|p1a: Scizor|Swords Dance|p1a: Scizor
|-boost|p1a: Scizor|atk|2
|
|turn|36
|
|move|p2a: Rotom-Wash|Hydro Pump|p1a: Scizor
|-damage|p1a: Scizor|0 fnt
|faint|p1a: Scizor
|
|-end|p2a: Rotom-Wash|move: Taunt
|c|âDayanne|hahahahahha
|c|âTheObsessed|sorry
|
|switch|p1a: Clefable|Clefable, F|394\/394
|-damage|p1a: Clefable|345\/394|[from] Stealth Rock
|turn|37
|
|move|p2a: Rotom-Wash|Volt Switch|p1a: Clefable
|-damage|p1a: Clefable|254\/394
|
|switch|p2a: Bisharp|Bisharp, M|138\/272
|-damage|p2a: Bisharp|121\/272|[from] Stealth Rock
|move|p1a: Clefable|Calm Mind|p1a: Clefable
|-boost|p1a: Clefable|spa|1
|-boost|p1a: Clefable|spd|1
|
|-heal|p1a: Clefable|278\/394|[from] item: Leftovers
|turn|38
|
|move|p1a: Clefable|Protect|p1a: Clefable
|-singleturn|p1a: Clefable|Protect
|move|p2a: Bisharp|Iron Head|p1a: Clefable
|-activate|p1a: Clefable|Protect
|
|-heal|p1a: Clefable|302\/394|[from] item: Leftovers
|turn|39
|
|switch|p1a: Slowbro|Slowbro, M|394\/394
|-damage|p1a: Slowbro|345\/394|[from] Stealth Rock
|move|p2a: Bisharp|Iron Head|p1a: Slowbro
|-resisted|p1a: Slowbro
|-damage|p1a: Slowbro|296\/394
|
|-heal|p1a: Slowbro|320\/394|[from] item: Leftovers
|turn|40
|
|move|p2a: Bisharp|Knock Off|p1a: Slowbro
|-supereffective|p1a: Slowbro
|-damage|p1a: Slowbro|2\/394
|-enditem|p1a: Slowbro|Leftovers|[from] move: Knock Off|[of] p2a: Bisharp
|move|p1a: Slowbro|Scald|p2a: Bisharp
|-damage|p2a: Bisharp|0 fnt
|faint|p2a: Bisharp
|
|
|switch|p2a: Landorus-Therian|Landorus-Therian, M|319\/319
|-damage|p2a: Landorus-Therian|280\/319|[from] Stealth Rock
|-ability|p2a: Landorus-Therian|Intimidate|[of] p1a: Slowbro
|-unboost|p1a: Slowbro|atk|1
|turn|41
|
|switch|p1a: Zapdos|Zapdos|384\/384
|-damage|p1a: Zapdos|288\/384|[from] Stealth Rock
|-ability|p1a: Zapdos|Pressure
|move|p2a: Landorus-Therian|U-turn|p1a: Zapdos
|-resisted|p1a: Zapdos
|-damage|p1a: Zapdos|250\/384
|
|switch|p2a: Chansey|Chansey, F|443\/642
|-damage|p2a: Chansey|363\/642|[from] Stealth Rock
|
|-heal|p1a: Zapdos|274\/384|[from] item: Leftovers
|turn|42
|
|move|p1a: Zapdos|Volt Switch|p2a: Chansey
|-damage|p2a: Chansey|306\/642
|
|switch|p1a: Slowbro|Slowbro, M|133\/394
|-damage|p1a: Slowbro|84\/394|[from] Stealth Rock
|move|p2a: Chansey|Seismic Toss|p1a: Slowbro
|-damage|p1a: Slowbro|0 fnt
|faint|p1a: Slowbro
|
|
|switch|p1a: Clefable|Clefable, F|302\/394
|-damage|p1a: Clefable|253\/394|[from] Stealth Rock
|turn|43
|
|switch|p2a: Rotom-Wash|Rotom-Wash|144\/303
|-damage|p2a: Rotom-Wash|107\/303|[from] Stealth Rock
|move|p1a: Clefable|Protect|p1a: Clefable
|-fail|p1a: Clefable
|
|-heal|p1a: Clefable|277\/394|[from] item: Leftovers
|turn|44
|
|move|p2a: Rotom-Wash|Pain Split|p1a: Clefable
|-sethp|p1a: Clefable|192\/394|p2a: Rotom-Wash|192\/303|[from] move: Pain Split
|move|p1a: Clefable|Calm Mind|p1a: Clefable
|-boost|p1a: Clefable|spa|1
|-boost|p1a: Clefable|spd|1
|
|-heal|p1a: Clefable|216\/394|[from] item: Leftovers
|turn|45
|
|move|p2a: Rotom-Wash|Volt Switch|p1a: Clefable
|-damage|p1a: Clefable|153\/394
|
|switch|p2a: Landorus-Therian|Landorus-Therian, M|280\/319
|-damage|p2a: Landorus-Therian|241\/319|[from] Stealth Rock
|-ability|p2a: Landorus-Therian|Intimidate|[of] p1a: Clefable
|-unboost|p1a: Clefable|atk|1
|move|p1a: Clefable|Wish|p1a: Clefable
|
|-heal|p1a: Clefable|177\/394|[from] item: Leftovers
|turn|46
|
|move|p1a: Clefable|Protect|p1a: Clefable
|-singleturn|p1a: Clefable|Protect
|move|p2a: Landorus-Therian|U-turn|p1a: Clefable
|-activate|p1a: Clefable|Protect
|
|-heal|p1a: Clefable|374\/394|[from] move: Wish|[wisher] Clefable
|-heal|p1a: Clefable|394\/394|[from] item: Leftovers
|turn|47
|
|move|p2a: Landorus-Therian|U-turn|p1a: Clefable
|-resisted|p1a: Clefable
|-damage|p1a: Clefable|357\/394
|
|switch|p2a: Medicham|Medicham-Mega, F|262\/262
|-damage|p2a: Medicham|246\/262|[from] Stealth Rock
|move|p1a: Clefable|Calm Mind|p1a: Clefable
|-boost|p1a: Clefable|spa|1
|-boost|p1a: Clefable|spd|1
|
|-heal|p1a: Clefable|381\/394|[from] item: Leftovers
|turn|48
|
|move|p1a: Clefable|Protect|p1a: Clefable
|-singleturn|p1a: Clefable|Protect
|move|p2a: Medicham|Fake Out|p1a: Clefable
|-activate|p1a: Clefable|Protect
|
|-heal|p1a: Clefable|394\/394|[from] item: Leftovers
|turn|49
|
|move|p2a: Medicham|High Jump Kick|p1a: Clefable
|-resisted|p1a: Clefable
|-damage|p1a: Clefable|230\/394
|move|p1a: Clefable|Moonblast|p2a: Medicham
|-supereffective|p2a: Medicham
|-damage|p2a: Medicham|0 fnt
|faint|p2a: Medicham
|
|-heal|p1a: Clefable|254\/394|[from] item: Leftovers
|
|switch|p2a: Latias|Latias, F|219\/319
|-damage|p2a: Latias|180\/319|[from] Stealth Rock
|turn|50
|
|move|p1a: Clefable|Protect|p1a: Clefable
|-singleturn|p1a: Clefable|Protect
|move|p2a: Latias|Psyshock|p1a: Clefable
|-activate|p1a: Clefable|Protect
|
|-heal|p1a: Clefable|278\/394|[from] item: Leftovers
|turn|51
|
|move|p2a: Latias|Psyshock|p1a: Clefable
|-damage|p1a: Clefable|140\/394
|-damage|p2a: Latias|149\/319|[from] item: Life Orb
|move|p1a: Clefable|Wish|p1a: Clefable
|
|-heal|p1a: Clefable|164\/394|[from] item: Leftovers
|turn|52
|
|move|p1a: Clefable|Protect|p1a: Clefable
|-singleturn|p1a: Clefable|Protect
|move|p2a: Latias|Roost|p2a: Latias
|-heal|p2a: Latias|309\/319
|
|-heal|p1a: Clefable|361\/394|[from] move: Wish|[wisher] Clefable
|-heal|p1a: Clefable|385\/394|[from] item: Leftovers
|turn|53
|
|move|p2a: Latias|Psyshock|p1a: Clefable
|-damage|p1a: Clefable|237\/394
|-damage|p2a: Latias|278\/319|[from] item: Life Orb
|move|p1a: Clefable|Moonblast|p2a: Latias
|-supereffective|p2a: Latias
|-damage|p2a: Latias|0 fnt
|faint|p2a: Latias
|
|-heal|p1a: Clefable|261\/394|[from] item: Leftovers
|
|switch|p2a: Landorus-Therian|Landorus-Therian, M|241\/319
|-damage|p2a: Landorus-Therian|202\/319|[from] Stealth Rock
|-ability|p2a: Landorus-Therian|Intimidate|[of] p1a: Clefable
|-unboost|p1a: Clefable|atk|1
|turn|54
|
|move|p1a: Clefable|Protect|p1a: Clefable
|-singleturn|p1a: Clefable|Protect
|move|p2a: Landorus-Therian|Earthquake|p1a: Clefable
|-activate|p1a: Clefable|Protect
|
|-heal|p1a: Clefable|285\/394|[from] item: Leftovers
|turn|55
|
|move|p2a: Landorus-Therian|Earthquake|p1a: Clefable
|-crit|p1a: Clefable
|-damage|p1a: Clefable|51\/394
|move|p1a: Clefable|Wish|p1a: Clefable
|
|-heal|p1a: Clefable|75\/394|[from] item: Leftovers
|turn|56
|
|move|p1a: Clefable|Protect|p1a: Clefable
|-singleturn|p1a: Clefable|Protect
|move|p2a: Landorus-Therian|Earthquake|p1a: Clefable
|-activate|p1a: Clefable|Protect
|
|-heal|p1a: Clefable|272\/394|[from] move: Wish|[wisher] Clefable
|-heal|p1a: Clefable|296\/394|[from] item: Leftovers
|turn|57
|
|move|p2a: Landorus-Therian|Earthquake|p1a: Clefable
|-crit|p1a: Clefable
|-damage|p1a: Clefable|52\/394
|move|p1a: Clefable|Wish|p1a: Clefable
|
|-heal|p1a: Clefable|76\/394|[from] item: Leftovers
|turn|58
|
|move|p1a: Clefable|Protect|p1a: Clefable
|-singleturn|p1a: Clefable|Protect
|move|p2a: Landorus-Therian|Earthquake|p1a: Clefable
|-activate|p1a: Clefable|Protect
|
|-heal|p1a: Clefable|273\/394|[from] move: Wish|[wisher] Clefable
|-heal|p1a: Clefable|297\/394|[from] item: Leftovers
|turn|59
|
|move|p2a: Landorus-Therian|Earthquake|p1a: Clefable
|-damage|p1a: Clefable|117\/394
|move|p1a: Clefable|Wish|p1a: Clefable
|
|-heal|p1a: Clefable|141\/394|[from] item: Leftovers
|turn|60
|
|move|p1a: Clefable|Protect|p1a: Clefable
|-singleturn|p1a: Clefable|Protect
|move|p2a: Landorus-Therian|Earthquake|p1a: Clefable
|-activate|p1a: Clefable|Protect
|
|-heal|p1a: Clefable|338\/394|[from] move: Wish|[wisher] Clefable
|-heal|p1a: Clefable|362\/394|[from] item: Leftovers
|turn|61
|
|move|p2a: Landorus-Therian|Earthquake|p1a: Clefable
|-damage|p1a: Clefable|185\/394
|move|p1a: Clefable|Moonblast|p2a: Landorus-Therian
|-damage|p2a: Landorus-Therian|0 fnt
|faint|p2a: Landorus-Therian
|
|-heal|p1a: Clefable|209\/394|[from] item: Leftovers
|
|switch|p2a: Chansey|Chansey, F|306\/642
|-damage|p2a: Chansey|226\/642|[from] Stealth Rock
|turn|62
|
|move|p1a: Clefable|Moonblast|p2a: Chansey
|-damage|p2a: Chansey|111\/642
|move|p2a: Chansey|Soft-Boiled|p2a: Chansey
|-heal|p2a: Chansey|432\/642
|
|-heal|p1a: Clefable|233\/394|[from] item: Leftovers
|turn|63
|
|move|p1a: Clefable|Calm Mind|p1a: Clefable
|-boost|p1a: Clefable|spa|1
|-boost|p1a: Clefable|spd|1
|move|p2a: Chansey|Seismic Toss|p1a: Clefable
|-damage|p1a: Clefable|133\/394
|
|-heal|p1a: Clefable|157\/394|[from] item: Leftovers
|turn|64
|
|move|p1a: Clefable|Wish|p1a: Clefable
|move|p2a: Chansey|Seismic Toss|p1a: Clefable
|-damage|p1a: Clefable|57\/394
|
|-heal|p1a: Clefable|81\/394|[from] item: Leftovers
|turn|65
|
|move|p1a: Clefable|Protect|p1a: Clefable
|-singleturn|p1a: Clefable|Protect
|move|p2a: Chansey|Seismic Toss|p1a: Clefable
|-activate|p1a: Clefable|Protect
|
|-heal|p1a: Clefable|278\/394|[from] move: Wish|[wisher] Clefable
|-heal|p1a: Clefable|302\/394|[from] item: Leftovers
|turn|66
|
|move|p1a: Clefable|Calm Mind|p1a: Clefable
|-boost|p1a: Clefable|spa|1
|-boost|p1a: Clefable|spd|1
|move|p2a: Chansey|Soft-Boiled|p2a: Chansey
|-heal|p2a: Chansey|642\/642
|
|-heal|p1a: Clefable|326\/394|[from] item: Leftovers
|turn|67
|
|move|p1a: Clefable|Calm Mind|p1a: Clefable
|-boost|p1a: Clefable|spa|1
|-boost|p1a: Clefable|spd|1
|move|p2a: Chansey|Seismic Toss|p1a: Clefable
|-damage|p1a: Clefable|226\/394
|
|-heal|p1a: Clefable|250\/394|[from] item: Leftovers
|turn|68
|
|move|p1a: Clefable|Wish|p1a: Clefable
|move|p2a: Chansey|Seismic Toss|p1a: Clefable
|-damage|p1a: Clefable|150\/394
|
|-heal|p1a: Clefable|174\/394|[from] item: Leftovers
|turn|69
|
|move|p1a: Clefable|Calm Mind|p1a: Clefable
|-boost|p1a: Clefable|spa|1
|-boost|p1a: Clefable|spd|1
|move|p2a: Chansey|Seismic Toss|p1a: Clefable
|-damage|p1a: Clefable|74\/394
|
|-heal|p1a: Clefable|271\/394|[from] move: Wish|[wisher] Clefable
|-heal|p1a: Clefable|295\/394|[from] item: Leftovers
|turn|70
|
|move|p1a: Clefable|Moonblast|p2a: Chansey
|-damage|p2a: Chansey|407\/642
|-unboost|p2a: Chansey|spa|1
|move|p2a: Chansey|Seismic Toss|p1a: Clefable
|-damage|p1a: Clefable|195\/394
|
|-heal|p1a: Clefable|219\/394|[from] item: Leftovers
|turn|71
|
|move|p1a: Clefable|Moonblast|p2a: Chansey
|-damage|p2a: Chansey|179\/642
|-unboost|p2a: Chansey|spa|1
|move|p2a: Chansey|Seismic Toss|p1a: Clefable
|-damage|p1a: Clefable|119\/394
|
|-heal|p1a: Clefable|143\/394|[from] item: Leftovers
|turn|72
|
|move|p1a: Clefable|Moonblast|p2a: Chansey
|-damage|p2a: Chansey|0 fnt
|faint|p2a: Chansey
|
|-heal|p1a: Clefable|167\/394|[from] item: Leftovers
|-message|TheObsessed forfeited.
|
|win|Dayanne
|raw|Ladder updating...
|leave|TheObsessed
|player|p2
|raw|Dayanne's rating: 1529 &rarr; <strong>1544<\/strong><br \/>(+15 for winning)
|raw|TheObsessed's rating: 1432 &rarr; <strong>1418<\/strong><br \/>(-14 for losing)