|join|Dayanne
|join|Adam219
|player|p1|Dayanne|37
|player|p2|Adam219|92
|gametype|singles
|gen|6
|tier|OU
|rated
|clearpoke
|poke|p1|Chansey, F
|poke|p1|Zapdos
|poke|p1|Scizor, F
|poke|p1|Clefable, F
|poke|p1|Gliscor, M
|poke|p1|Slowbro, M
|poke|p2|Chansey, F
|poke|p2|Slowbro, F
|poke|p2|Breloom, F
|poke|p2|Excadrill, F
|poke|p2|Keldeo
|poke|p2|Mandibuzz, F
|rule|Swagger Clause: Swagger is banned
|rule|Baton Pass Clause: Limit one PokÃ©mon knowing Baton Pass
|rule|Sleep Clause Mod: Limit one foe put to sleep
|rule|Species Clause: Limit one of each PokÃ©mon
|rule|OHKO Clause: OHKO moves are banned
|rule|Moody Clause: Moody is banned
|rule|Evasion Moves Clause: Evasion moves are banned
|rule|Endless Battle Clause: Forcing endless battles is banned
|rule|HP Percentage Mod: HP is shown in percentages
|teampreview
|
|start
|switch|p1a: Slowbro|Slowbro, M|394\/394
|switch|p2a: My Digga|Excadrill, F|424\/424
|-ability|p2a: My Digga|Mold Breaker
|-item|p2a: My Digga|Air Balloon
|turn|1
|
|switch|p2a: Mushroom Death|Breloom, F|262\/262
|move|p1a: Slowbro|Scald|p2a: Mushroom Death
|-resisted|p2a: Mushroom Death
|-damage|p2a: Mushroom Death|187\/262
|-status|p2a: Mushroom Death|brn
|
|-damage|p2a: Mushroom Death|155\/262 brn|[from] brn
|turn|2
|
|switch|p1a: Zapdos|Zapdos|384\/384
|-ability|p1a: Zapdos|Pressure
|move|p2a: Mushroom Death|Spore|p1a: Zapdos
|-status|p1a: Zapdos|slp
|
|-damage|p2a: Mushroom Death|123\/262 brn|[from] brn
|turn|3
|
|switch|p2a: My Digga|Excadrill, F|424\/424
|-ability|p2a: My Digga|Mold Breaker
|-item|p2a: My Digga|Air Balloon
|switch|p1a: Gliscor|Gliscor, M|352\/352
|
|-status|p1a: Gliscor|tox|[from] item: Toxic Orb
|turn|4
|
|move|p1a: Gliscor|Knock Off|p2a: My Digga
|-damage|p2a: My Digga|310\/424
|-enditem|p2a: My Digga|Air Balloon
|move|p2a: My Digga|Stealth Rock|p1a: Gliscor
|-sidestart|p1: Dayanne|move: Stealth Rock
|
|turn|5
|
|switch|p2a: Not gay|Keldeo|323\/323
|move|p1a: Gliscor|Knock Off|p2a: Not gay
|-resisted|p2a: Not gay
|-damage|p2a: Not gay|285\/323
|-boost|p2a: Not gay|atk|1|[from] ability: Justified
|-enditem|p2a: Not gay|Choice Scarf|[from] move: Knock Off|[of] p1a: Gliscor
|
|turn|6
|
|switch|p1a: Slowbro|Slowbro, M|394\/394
|-damage|p1a: Slowbro|345\/394|[from] Stealth Rock
|move|p2a: Not gay|Icy Wind|p1a: Slowbro
|-resisted|p1a: Slowbro
|-damage|p1a: Slowbro|304\/394
|-unboost|p1a: Slowbro|spe|1
|
|-heal|p1a: Slowbro|328\/394|[from] item: Leftovers
|turn|7
|
|move|p2a: Not gay|Hidden Power|p1a: Slowbro
|-supereffective|p1a: Slowbro
|-damage|p1a: Slowbro|148\/394
|move|p1a: Slowbro|Thunder Wave|p2a: Not gay
|-status|p2a: Not gay|par
|
|-heal|p1a: Slowbro|172\/394|[from] item: Leftovers
|turn|8
|
|switch|p1a: Clefable|Clefable, F|394\/394
|-damage|p1a: Clefable|345\/394|[from] Stealth Rock
|move|p2a: Not gay|Hidden Power|p1a: Clefable
|-damage|p1a: Clefable|263\/394
|
|-heal|p1a: Clefable|287\/394|[from] item: Leftovers
|turn|9
|
|switch|p2a: My Digga|Excadrill, F|310\/424
|-ability|p2a: My Digga|Mold Breaker
|move|p1a: Clefable|Moonblast|p2a: My Digga
|-resisted|p2a: My Digga
|-damage|p2a: My Digga|237\/424
|
|-heal|p1a: Clefable|311\/394|[from] item: Leftovers
|turn|10
|
|move|p1a: Clefable|Protect|p1a: Clefable
|-singleturn|p1a: Clefable|Protect
|move|p2a: My Digga|Iron Head|p1a: Clefable
|-activate|p1a: Clefable|Protect
|
|-heal|p1a: Clefable|335\/394|[from] item: Leftovers
|turn|11
|
|switch|p2a: Mushroom Death|Breloom, F|123\/262 brn
|switch|p1a: Gliscor|Gliscor, M|352\/352 tox
|-damage|p1a: Gliscor|308\/352 tox|[from] Stealth Rock
|
|-damage|p2a: Mushroom Death|91\/262 brn|[from] brn
|-heal|p1a: Gliscor|352\/352 tox|[from] ability: Poison Heal
|turn|12
|
|move|p2a: Mushroom Death|Bullet Seed|p1a: Gliscor
|-damage|p1a: Gliscor|321\/352 tox
|-damage|p1a: Gliscor|290\/352 tox
|-damage|p1a: Gliscor|257\/352 tox
|-damage|p1a: Gliscor|227\/352 tox
|-damage|p1a: Gliscor|197\/352 tox
|-hitcount|p1a: Gliscor|5
|move|p1a: Gliscor|Knock Off|p2a: Mushroom Death
|-resisted|p2a: Mushroom Death
|-damage|p2a: Mushroom Death|44\/262 brn
|-enditem|p2a: Mushroom Death|Focus Sash|[from] move: Knock Off|[of] p1a: Gliscor
|
|-damage|p2a: Mushroom Death|12\/262 brn|[from] brn
|-heal|p1a: Gliscor|241\/352 tox|[from] ability: Poison Heal
|turn|13
|
|move|p2a: Mushroom Death|Bullet Seed|p1a: Gliscor
|-damage|p1a: Gliscor|211\/352 tox
|-damage|p1a: Gliscor|180\/352 tox
|-damage|p1a: Gliscor|149\/352 tox
|-damage|p1a: Gliscor|121\/352 tox
|-hitcount|p1a: Gliscor|4
|move|p1a: Gliscor|Roost|p1a: Gliscor
|-heal|p1a: Gliscor|297\/352 tox
|
|-damage|p2a: Mushroom Death|0 fnt|[from] brn
|-heal|p1a: Gliscor|341\/352 tox|[from] ability: Poison Heal
|faint|p2a: Mushroom Death
|
|switch|p2a: Not gay|Keldeo|285\/323 par
|turn|14
|
|switch|p1a: Slowbro|Slowbro, M|303\/394
|-damage|p1a: Slowbro|254\/394|[from] Stealth Rock
|move|p2a: Not gay|Scald|p1a: Slowbro
|-resisted|p1a: Slowbro
|-damage|p1a: Slowbro|169\/394
|-status|p1a: Slowbro|brn
|
|-heal|p1a: Slowbro|193\/394 brn|[from] item: Leftovers
|-damage|p1a: Slowbro|144\/394 brn|[from] brn
|turn|15
|
|move|p1a: Slowbro|Slack Off|p1a: Slowbro
|-heal|p1a: Slowbro|341\/394 brn
|move|p2a: Not gay|Hidden Power|p1a: Slowbro
|-supereffective|p1a: Slowbro
|-damage|p1a: Slowbro|183\/394 brn
|
|-heal|p1a: Slowbro|207\/394 brn|[from] item: Leftovers
|-damage|p1a: Slowbro|158\/394 brn|[from] brn
|turn|16
|
|move|p1a: Slowbro|Slack Off|p1a: Slowbro
|-heal|p1a: Slowbro|355\/394 brn
|move|p2a: Not gay|Hidden Power|p1a: Slowbro
|-supereffective|p1a: Slowbro
|-damage|p1a: Slowbro|183\/394 brn
|
|-heal|p1a: Slowbro|207\/394 brn|[from] item: Leftovers
|-damage|p1a: Slowbro|158\/394 brn|[from] brn
|turn|17
|
|switch|p2a: Egg Death|Chansey, F|642\/642
|move|p1a: Slowbro|Slack Off|p1a: Slowbro
|-heal|p1a: Slowbro|355\/394 brn
|
|-heal|p1a: Slowbro|379\/394 brn|[from] item: Leftovers
|-damage|p1a: Slowbro|330\/394 brn|[from] brn
|turn|18
|
|switch|p1a: Chansey|Chansey, F|704\/704
|-damage|p1a: Chansey|616\/704|[from] Stealth Rock
|move|p2a: Egg Death|Wish|p2a: Egg Death
|
|turn|19
|
|move|p1a: Chansey|Heal Bell|p1a: Chansey
|-cureteam|p1a: Chansey|[from] move: HealBell
|move|p2a: Egg Death|Toxic|p1a: Chansey
|-status|p1a: Chansey|tox
|
|-damage|p1a: Chansey|572\/704 tox|[from] psn
|turn|20
|
|move|p2a: Egg Death|Seismic Toss|p1a: Chansey
|-damage|p1a: Chansey|472\/704 tox
|move|p1a: Chansey|Stealth Rock|p2a: Egg Death
|-sidestart|p2: Adam219|move: Stealth Rock
|
|-damage|p1a: Chansey|384\/704 tox|[from] psn
|turn|21
|
|switch|p2a: My Digga|Excadrill, F|237\/424
|-damage|p2a: My Digga|224\/424|[from] Stealth Rock
|-ability|p2a: My Digga|Mold Breaker
|switch|p1a: Gliscor|Gliscor, M|341\/352
|-damage|p1a: Gliscor|297\/352|[from] Stealth Rock
|
|-status|p1a: Gliscor|tox|[from] item: Toxic Orb
|turn|22
|
|move|p1a: Gliscor|Earthquake|p2a: My Digga
|-supereffective|p2a: My Digga
|-damage|p2a: My Digga|0 fnt
|faint|p2a: My Digga
|
|-heal|p1a: Gliscor|341\/352 tox|[from] ability: Poison Heal
|
|switch|p2a: Help|Slowbro, F|394\/394
|-damage|p2a: Help|345\/394|[from] Stealth Rock
|turn|23
|
|detailschange|p2a: Help|Slowbro-Mega, F
|message|Slowbro has Mega Evolved into Mega Slowbro!
|move|p1a: Gliscor|Knock Off|p2a: Help
|-supereffective|p2a: Help
|-damage|p2a: Help|301\/394
|move|p2a: Help|Calm Mind|p2a: Help
|-boost|p2a: Help|spa|1
|-boost|p2a: Help|spd|1
|
|-heal|p1a: Gliscor|352\/352 tox|[from] ability: Poison Heal
|turn|24
|
|switch|p1a: Clefable|Clefable, F|335\/394
|-damage|p1a: Clefable|286\/394|[from] Stealth Rock
|move|p2a: Help|Calm Mind|p2a: Help
|-boost|p2a: Help|spa|1
|-boost|p2a: Help|spd|1
|
|-heal|p1a: Clefable|310\/394|[from] item: Leftovers
|turn|25
|
|move|p1a: Clefable|Calm Mind|p1a: Clefable
|-boost|p1a: Clefable|spa|1
|-boost|p1a: Clefable|spd|1
|move|p2a: Help|Scald|p1a: Clefable
|-damage|p1a: Clefable|229\/394
|-status|p1a: Clefable|brn
|
|-heal|p1a: Clefable|253\/394 brn|[from] item: Leftovers
|-damage|p1a: Clefable|204\/394 brn|[from] brn
|turn|26
|
|move|p1a: Clefable|Wish|p1a: Clefable
|move|p2a: Help|Scald|p1a: Clefable
|-damage|p1a: Clefable|113\/394 brn
|
|-heal|p1a: Clefable|137\/394 brn|[from] item: Leftovers
|-damage|p1a: Clefable|88\/394 brn|[from] brn
|turn|27
|
|move|p1a: Clefable|Protect|p1a: Clefable
|-singleturn|p1a: Clefable|Protect
|move|p2a: Help|Scald|p1a: Clefable
|-activate|p1a: Clefable|Protect
|
|-heal|p1a: Clefable|285\/394 brn|[from] move: Wish|[wisher] Clefable
|-heal|p1a: Clefable|309\/394 brn|[from] item: Leftovers
|-damage|p1a: Clefable|260\/394 brn|[from] brn
|turn|28
|
|move|p1a: Clefable|Wish|p1a: Clefable
|move|p2a: Help|Scald|p1a: Clefable
|-damage|p1a: Clefable|181\/394 brn
|
|-heal|p1a: Clefable|205\/394 brn|[from] item: Leftovers
|-damage|p1a: Clefable|156\/394 brn|[from] brn
|turn|29
|
|move|p1a: Clefable|Calm Mind|p1a: Clefable
|-boost|p1a: Clefable|spa|1
|-boost|p1a: Clefable|spd|1
|move|p2a: Help|Scald|p1a: Clefable
|-damage|p1a: Clefable|92\/394 brn
|
|-heal|p1a: Clefable|289\/394 brn|[from] move: Wish|[wisher] Clefable
|-heal|p1a: Clefable|313\/394 brn|[from] item: Leftovers
|-damage|p1a: Clefable|264\/394 brn|[from] brn
|turn|30
|
|move|p1a: Clefable|Wish|p1a: Clefable
|move|p2a: Help|Calm Mind|p2a: Help
|-boost|p2a: Help|spa|1
|-boost|p2a: Help|spd|1
|
|-heal|p1a: Clefable|288\/394 brn|[from] item: Leftovers
|-damage|p1a: Clefable|239\/394 brn|[from] brn
|turn|31
|
|move|p1a: Clefable|Calm Mind|p1a: Clefable
|-boost|p1a: Clefable|spa|1
|-boost|p1a: Clefable|spd|1
|move|p2a: Help|Calm Mind|p2a: Help
|-boost|p2a: Help|spa|1
|-boost|p2a: Help|spd|1
|
|-heal|p1a: Clefable|394\/394 brn|[from] move: Wish|[wisher] Clefable
|-damage|p1a: Clefable|345\/394 brn|[from] brn
|turn|32
|
|move|p1a: Clefable|Moonblast|p2a: Help
|-damage|p2a: Help|0 fnt
|faint|p2a: Help
|
|-heal|p1a: Clefable|369\/394 brn|[from] item: Leftovers
|-damage|p1a: Clefable|320\/394 brn|[from] brn
|
|switch|p2a: Egg Death|Chansey, F|642\/642
|-damage|p2a: Egg Death|562\/642|[from] Stealth Rock
|turn|33
|
|switch|p1a: Gliscor|Gliscor, M|352\/352 tox
|-damage|p1a: Gliscor|308\/352 tox|[from] Stealth Rock
|move|p2a: Egg Death|Wish|p2a: Egg Death
|
|-heal|p1a: Gliscor|352\/352 tox|[from] ability: Poison Heal
|turn|34
|c|âAdam219|Can I get your team if you dont mind?
|
|switch|p2a: Not gay|Keldeo|285\/323 par
|-damage|p2a: Not gay|265\/323 par|[from] Stealth Rock
|move|p1a: Gliscor|Earthquake|p2a: Not gay
|-damage|p2a: Not gay|148\/323 par
|
|-heal|p2a: Not gay|323\/323 par|[from] move: Wish|[wisher] Egg Death
|turn|35
|
|switch|p1a: Slowbro|Slowbro, M|394\/394
|-damage|p1a: Slowbro|345\/394|[from] Stealth Rock
|move|p2a: Not gay|Scald|p1a: Slowbro
|-resisted|p1a: Slowbro
|-damage|p1a: Slowbro|260\/394
|-status|p1a: Slowbro|brn
|
|-heal|p1a: Slowbro|284\/394 brn|[from] item: Leftovers
|-damage|p1a: Slowbro|235\/394 brn|[from] brn
|turn|36
|
|move|p1a: Slowbro|Psyshock|p2a: Not gay
|-supereffective|p2a: Not gay
|-damage|p2a: Not gay|101\/323 par
|move|p2a: Not gay|Hidden Power|p1a: Slowbro
|-supereffective|p1a: Slowbro
|-damage|p1a: Slowbro|77\/394 brn
|
|-heal|p1a: Slowbro|101\/394 brn|[from] item: Leftovers
|-damage|p1a: Slowbro|52\/394 brn|[from] brn
|turn|37
|
|move|p1a: Slowbro|Psyshock|p2a: Not gay
|-supereffective|p2a: Not gay
|-damage|p2a: Not gay|0 fnt
|faint|p2a: Not gay
|
|-heal|p1a: Slowbro|76\/394 brn|[from] item: Leftovers
|-damage|p1a: Slowbro|27\/394 brn|[from] brn
|
|switch|p2a: Wanna Bone|Mandibuzz, F|424\/424
|-damage|p2a: Wanna Bone|318\/424|[from] Stealth Rock
|turn|38
|
|switch|p1a: Zapdos|Zapdos|384\/384
|-damage|p1a: Zapdos|288\/384|[from] Stealth Rock
|-ability|p1a: Zapdos|Pressure
|move|p2a: Wanna Bone|U-turn|p1a: Zapdos
|-resisted|p1a: Zapdos
|-damage|p1a: Zapdos|272\/384
|
|switch|p2a: Egg Death|Chansey, F|562\/642
|-damage|p2a: Egg Death|482\/642|[from] Stealth Rock
|
|-heal|p1a: Zapdos|296\/384|[from] item: Leftovers
|turn|39
|
|move|p1a: Zapdos|Volt Switch|p2a: Egg Death
|-damage|p2a: Egg Death|428\/642
|
|switch|p1a: Gliscor|Gliscor, M|352\/352 tox
|-damage|p1a: Gliscor|308\/352 tox|[from] Stealth Rock
|move|p2a: Egg Death|Seismic Toss|p1a: Gliscor
|-damage|p1a: Gliscor|208\/352 tox
|
|-heal|p1a: Gliscor|252\/352 tox|[from] ability: Poison Heal
|turn|40
|
|move|p1a: Gliscor|Knock Off|p2a: Egg Death
|-damage|p2a: Egg Death|327\/642
|-enditem|p2a: Egg Death|Eviolite|[from] move: Knock Off|[of] p1a: Gliscor
|move|p2a: Egg Death|Wish|p2a: Egg Death
|
|-heal|p1a: Gliscor|296\/352 tox|[from] ability: Poison Heal
|turn|41
|c|âAdam219|please its so hype stall and I lvoe it
|
|switch|p2a: Wanna Bone|Mandibuzz, F|318\/424
|-damage|p2a: Wanna Bone|212\/424|[from] Stealth Rock
|move|p1a: Gliscor|Knock Off|p2a: Wanna Bone
|-resisted|p2a: Wanna Bone
|-damage|p2a: Wanna Bone|184\/424
|-enditem|p2a: Wanna Bone|Leftovers|[from] move: Knock Off|[of] p1a: Gliscor
|
|-heal|p2a: Wanna Bone|424\/424|[from] move: Wish|[wisher] Egg Death
|-heal|p1a: Gliscor|340\/352 tox|[from] ability: Poison Heal
|turn|42
|
|move|p1a: Gliscor|Taunt|p2a: Wanna Bone
|-start|p2a: Wanna Bone|move: Taunt
|move|p2a: Wanna Bone|U-turn|p1a: Gliscor
|-resisted|p1a: Gliscor
|-damage|p1a: Gliscor|324\/352 tox
|
|switch|p2a: Egg Death|Chansey, F|327\/642
|-damage|p2a: Egg Death|247\/642|[from] Stealth Rock
|
|-heal|p1a: Gliscor|352\/352 tox|[from] ability: Poison Heal
|turn|43
|
|move|p1a: Gliscor|Taunt|p2a: Egg Death
|-start|p2a: Egg Death|move: Taunt
|cant|p2a: Egg Death|move: Taunt|Wish
|
|turn|44
|
|move|p1a: Gliscor|Earthquake|p2a: Egg Death
|-damage|p2a: Egg Death|16\/642
|move|p2a: Egg Death|Seismic Toss|p1a: Gliscor
|-damage|p1a: Gliscor|252\/352 tox
|
|-heal|p1a: Gliscor|296\/352 tox|[from] ability: Poison Heal
|turn|45
|
|move|p1a: Gliscor|Knock Off|p2a: Egg Death
|-damage|p2a: Egg Death|0 fnt
|faint|p2a: Egg Death
|
|-heal|p1a: Gliscor|340\/352 tox|[from] ability: Poison Heal
|
|switch|p2a: Wanna Bone|Mandibuzz, F|424\/424
|-damage|p2a: Wanna Bone|318\/424|[from] Stealth Rock
|turn|46
|c|âAdam219|plez lol
|
|move|p1a: Gliscor|Taunt|p2a: Wanna Bone
|-start|p2a: Wanna Bone|move: Taunt
|move|p2a: Wanna Bone|Foul Play|p1a: Gliscor
|-damage|p1a: Gliscor|255\/352 tox
|
|-heal|p1a: Gliscor|299\/352 tox|[from] ability: Poison Heal
|turn|47
|
|move|p1a: Gliscor|Knock Off|p2a: Wanna Bone
|-resisted|p2a: Wanna Bone
|-damage|p2a: Wanna Bone|299\/424
|move|p2a: Wanna Bone|Foul Play|p1a: Gliscor
|-damage|p1a: Gliscor|211\/352 tox
|
|-heal|p1a: Gliscor|255\/352 tox|[from] ability: Poison Heal
|turn|48
|
|move|p1a: Gliscor|Knock Off|p2a: Wanna Bone
|-resisted|p2a: Wanna Bone
|-damage|p2a: Wanna Bone|283\/424
|move|p2a: Wanna Bone|Foul Play|p1a: Gliscor
|-damage|p1a: Gliscor|164\/352 tox
|
|-heal|p1a: Gliscor|208\/352 tox|[from] ability: Poison Heal
|-end|p2a: Wanna Bone|move: Taunt
|turn|49
|
|move|p1a: Gliscor|Taunt|p2a: Wanna Bone
|-start|p2a: Wanna Bone|move: Taunt
|move|p2a: Wanna Bone|Foul Play|p1a: Gliscor
|-damage|p1a: Gliscor|124\/352 tox
|
|-heal|p1a: Gliscor|168\/352 tox|[from] ability: Poison Heal
|turn|50
|
|move|p1a: Gliscor|Roost|p1a: Gliscor
|-heal|p1a: Gliscor|344\/352 tox
|move|p2a: Wanna Bone|Foul Play|p1a: Gliscor
|-damage|p1a: Gliscor|254\/352 tox
|
|-heal|p1a: Gliscor|298\/352 tox|[from] ability: Poison Heal
|turn|51
|
|move|p1a: Gliscor|Knock Off|p2a: Wanna Bone
|-resisted|p2a: Wanna Bone
|-damage|p2a: Wanna Bone|264\/424
|move|p2a: Wanna Bone|Foul Play|p1a: Gliscor
|-damage|p1a: Gliscor|213\/352 tox
|
|-heal|p1a: Gliscor|257\/352 tox|[from] ability: Poison Heal
|-end|p2a: Wanna Bone|move: Taunt
|turn|52
|
|move|p1a: Gliscor|Taunt|p2a: Wanna Bone
|-start|p2a: Wanna Bone|move: Taunt
|move|p2a: Wanna Bone|Foul Play|p1a: Gliscor
|-crit|p1a: Gliscor
|-damage|p1a: Gliscor|121\/352 tox
|
|-heal|p1a: Gliscor|165\/352 tox|[from] ability: Poison Heal
|turn|53
|
|move|p1a: Gliscor|Roost|p1a: Gliscor
|-heal|p1a: Gliscor|341\/352 tox
|move|p2a: Wanna Bone|Foul Play|p1a: Gliscor
|-damage|p1a: Gliscor|259\/352 tox
|
|-heal|p1a: Gliscor|303\/352 tox|[from] ability: Poison Heal
|turn|54
|
|move|p1a: Gliscor|Knock Off|p2a: Wanna Bone
|-resisted|p2a: Wanna Bone
|-damage|p2a: Wanna Bone|247\/424
|move|p2a: Wanna Bone|Foul Play|p1a: Gliscor
|-crit|p1a: Gliscor
|-damage|p1a: Gliscor|158\/352 tox
|
|-heal|p1a: Gliscor|202\/352 tox|[from] ability: Poison Heal
|-end|p2a: Wanna Bone|move: Taunt
|turn|55
|
|move|p1a: Gliscor|Taunt|p2a: Wanna Bone
|-start|p2a: Wanna Bone|move: Taunt
|move|p2a: Wanna Bone|Foul Play|p1a: Gliscor
|-crit|p1a: Gliscor
|-damage|p1a: Gliscor|63\/352 tox
|
|-heal|p1a: Gliscor|107\/352 tox|[from] ability: Poison Heal
|turn|56
|
|move|p1a: Gliscor|Roost|p1a: Gliscor
|-heal|p1a: Gliscor|283\/352 tox
|move|p2a: Wanna Bone|Foul Play|p1a: Gliscor
|-damage|p1a: Gliscor|198\/352 tox
|
|-heal|p1a: Gliscor|242\/352 tox|[from] ability: Poison Heal
|turn|57
|
|switch|p1a: Zapdos|Zapdos|296\/384
|-damage|p1a: Zapdos|200\/384|[from] Stealth Rock
|-ability|p1a: Zapdos|Pressure
|move|p2a: Wanna Bone|Foul Play|p1a: Zapdos
|-damage|p1a: Zapdos|139\/384
|
|-heal|p1a: Zapdos|163\/384|[from] item: Leftovers
|-end|p2a: Wanna Bone|move: Taunt
|turn|58
|
|move|p1a: Zapdos|Volt Switch|p2a: Wanna Bone
|-supereffective|p2a: Wanna Bone
|-damage|p2a: Wanna Bone|41\/424
|
|switch|p1a: Gliscor|Gliscor, M|242\/352 tox
|-damage|p1a: Gliscor|198\/352 tox|[from] Stealth Rock
|move|p2a: Wanna Bone|Roost|p2a: Wanna Bone
|-heal|p2a: Wanna Bone|253\/424
|
|-heal|p1a: Gliscor|242\/352 tox|[from] ability: Poison Heal
|turn|59
|
|move|p1a: Gliscor|Taunt|p2a: Wanna Bone
|-start|p2a: Wanna Bone|move: Taunt
|move|p2a: Wanna Bone|Foul Play|p1a: Gliscor
|-damage|p1a: Gliscor|146\/352 tox
|
|-heal|p1a: Gliscor|190\/352 tox|[from] ability: Poison Heal
|turn|60
|
|move|p1a: Gliscor|Roost|p1a: Gliscor
|-heal|p1a: Gliscor|352\/352 tox
|move|p2a: Wanna Bone|Foul Play|p1a: Gliscor
|-damage|p1a: Gliscor|258\/352 tox
|
|-heal|p1a: Gliscor|302\/352 tox|[from] ability: Poison Heal
|turn|61
|
|move|p1a: Gliscor|Knock Off|p2a: Wanna Bone
|-resisted|p2a: Wanna Bone
|-damage|p2a: Wanna Bone|236\/424
|move|p2a: Wanna Bone|Foul Play|p1a: Gliscor
|-damage|p1a: Gliscor|209\/352 tox
|
|-heal|p1a: Gliscor|253\/352 tox|[from] ability: Poison Heal
|-end|p2a: Wanna Bone|move: Taunt
|turn|62
|c|âAdam219|you should at least let me win
|
|move|p1a: Gliscor|Knock Off|p2a: Wanna Bone
|-resisted|p2a: Wanna Bone
|-damage|p2a: Wanna Bone|220\/424
|move|p2a: Wanna Bone|Foul Play|p1a: Gliscor
|-damage|p1a: Gliscor|156\/352 tox
|
|-heal|p1a: Gliscor|200\/352 tox|[from] ability: Poison Heal
|turn|63
|
|move|p1a: Gliscor|Taunt|p2a: Wanna Bone
|-start|p2a: Wanna Bone|move: Taunt
|move|p2a: Wanna Bone|Foul Play|p1a: Gliscor
|-crit|p1a: Gliscor
|-damage|p1a: Gliscor|77\/352 tox
|
|-heal|p1a: Gliscor|121\/352 tox|[from] ability: Poison Heal
|turn|64
|
|move|p1a: Gliscor|Roost|p1a: Gliscor
|-heal|p1a: Gliscor|297\/352 tox
|move|p2a: Wanna Bone|Foul Play|p1a: Gliscor
|-damage|p1a: Gliscor|207\/352 tox
|
|-heal|p1a: Gliscor|251\/352 tox|[from] ability: Poison Heal
|turn|65
|
|move|p1a: Gliscor|Knock Off|p2a: Wanna Bone
|-resisted|p2a: Wanna Bone
|-damage|p2a: Wanna Bone|203\/424
|move|p2a: Wanna Bone|Foul Play|p1a: Gliscor
|-damage|p1a: Gliscor|163\/352 tox
|
|-heal|p1a: Gliscor|207\/352 tox|[from] ability: Poison Heal
|-end|p2a: Wanna Bone|move: Taunt
|turn|66
|
|move|p1a: Gliscor|Taunt|p2a: Wanna Bone
|-start|p2a: Wanna Bone|move: Taunt
|move|p2a: Wanna Bone|Foul Play|p1a: Gliscor
|-damage|p1a: Gliscor|114\/352 tox
|
|-heal|p1a: Gliscor|158\/352 tox|[from] ability: Poison Heal
|turn|67
|
|move|p1a: Gliscor|Roost|p1a: Gliscor
|-heal|p1a: Gliscor|334\/352 tox
|move|p2a: Wanna Bone|Foul Play|p1a: Gliscor
|-damage|p1a: Gliscor|240\/352 tox
|
|-heal|p1a: Gliscor|284\/352 tox|[from] ability: Poison Heal
|turn|68
|
|move|p1a: Gliscor|Knock Off|p2a: Wanna Bone
|-resisted|p2a: Wanna Bone
|-damage|p2a: Wanna Bone|184\/424
|move|p2a: Wanna Bone|Foul Play|p1a: Gliscor
|-damage|p1a: Gliscor|190\/352 tox
|
|-heal|p1a: Gliscor|234\/352 tox|[from] ability: Poison Heal
|-end|p2a: Wanna Bone|move: Taunt
|turn|69
|
|move|p1a: Gliscor|Taunt|p2a: Wanna Bone
|-start|p2a: Wanna Bone|move: Taunt
|move|p2a: Wanna Bone|Foul Play|p1a: Gliscor
|-damage|p1a: Gliscor|137\/352 tox
|
|-heal|p1a: Gliscor|181\/352 tox|[from] ability: Poison Heal
|turn|70
|
|switch|p1a: Zapdos|Zapdos|163\/384
|-damage|p1a: Zapdos|67\/384|[from] Stealth Rock
|-ability|p1a: Zapdos|Pressure
|move|p2a: Wanna Bone|U-turn|p1a: Zapdos
|-resisted|p1a: Zapdos
|-damage|p1a: Zapdos|52\/384
|
|-heal|p1a: Zapdos|76\/384|[from] item: Leftovers
|turn|71
|
|move|p1a: Zapdos|Volt Switch|p2a: Wanna Bone
|-supereffective|p2a: Wanna Bone
|-damage|p2a: Wanna Bone|0 fnt
|faint|p2a: Wanna Bone
|
|win|Dayanne
|raw|Ladder updating...