|join|Mr.Sharpedo
|join|Dayanne
|player|p1|Mr.Sharpedo|136
|player|p2|Dayanne|37
|gametype|singles
|gen|6
|tier|OU
|rated
|clearpoke
|poke|p1|Weavile, M
|poke|p1|Suicune
|poke|p1|Rhyperior, M
|poke|p1|Latias, F
|poke|p1|Chansey, F
|poke|p1|Arcanine, F
|poke|p2|Chansey, F
|poke|p2|Zapdos
|poke|p2|Scizor, F
|poke|p2|Clefable, F
|poke|p2|Gliscor, M
|poke|p2|Slowbro, M
|rule|Swagger Clause: Swagger is banned
|rule|Baton Pass Clause: Limit one PokÃ©mon knowing Baton Pass
|rule|Sleep Clause Mod: Limit one foe put to sleep
|rule|Species Clause: Limit one of each PokÃ©mon
|rule|OHKO Clause: OHKO moves are banned
|rule|Moody Clause: Moody is banned
|rule|Evasion Moves Clause: Evasion moves are banned
|rule|Endless Battle Clause: Forcing endless battles is banned
|rule|HP Percentage Mod: HP is shown in percentages
|teampreview
|
|start
|switch|p1a: Weavile|Weavile, M|287\/287
|switch|p2a: Gliscor|Gliscor, M|352\/352
|turn|1
|
|switch|p2a: Scizor|Scizor, F|344\/344
|move|p1a: Weavile|Knock Off|p2a: Scizor
|-damage|p2a: Scizor|243\/344
|-damage|p1a: Weavile|259\/287|[from] item: Life Orb
|
|turn|2
|
|switch|p1a: Arcanine|Arcanine, F|384\/384
|-ability|p1a: Arcanine|Intimidate|[of] p2a: Scizor
|-unboost|p2a: Scizor|atk|1
|detailschange|p2a: Scizor|Scizor-Mega, F
|message|Scizor has Mega Evolved into Mega Scizor!
|move|p2a: Scizor|Roost|p2a: Scizor
|-heal|p2a: Scizor|344\/344
|
|turn|3
|
|switch|p2a: Slowbro|Slowbro, M|394\/394
|move|p1a: Arcanine|Will-O-Wisp|p2a: Slowbro
|-status|p2a: Slowbro|brn
|
|-damage|p2a: Slowbro|345\/394 brn|[from] brn
|turn|4
|
|switch|p1a: Suicune|Suicune|404\/404
|-ability|p1a: Suicune|Pressure
|move|p2a: Slowbro|Thunder Wave|p1a: Suicune
|-status|p1a: Suicune|par
|
|-heal|p2a: Slowbro|369\/394 brn|[from] item: Leftovers
|-damage|p2a: Slowbro|320\/394 brn|[from] brn
|turn|5
|
|switch|p2a: Chansey|Chansey, F|704\/704
|move|p1a: Suicune|Calm Mind|p1a: Suicune
|-boost|p1a: Suicune|spa|1
|-boost|p1a: Suicune|spd|1
|
|turn|6
|
|move|p2a: Chansey|Stealth Rock|p1a: Suicune
|-sidestart|p1: Mr.Sharpedo|move: Stealth Rock
|move|p1a: Suicune|Calm Mind|p1a: Suicune
|-boost|p1a: Suicune|spa|1
|-boost|p1a: Suicune|spd|1
|
|turn|7
|
|move|p2a: Chansey|Heal Bell|p2a: Chansey
|-cureteam|p2a: Chansey|[from] move: HealBell
|move|p1a: Suicune|Scald|p2a: Chansey
|-damage|p2a: Chansey|595\/704
|
|turn|8
|
|switch|p2a: Clefable|Clefable, F|394\/394
|move|p1a: Suicune|Calm Mind|p1a: Suicune
|-boost|p1a: Suicune|spa|1
|-boost|p1a: Suicune|spd|1
|
|turn|9
|
|move|p2a: Clefable|Calm Mind|p2a: Clefable
|-boost|p2a: Clefable|spa|1
|-boost|p2a: Clefable|spd|1
|cant|p1a: Suicune|par
|
|turn|10
|
|move|p2a: Clefable|Calm Mind|p2a: Clefable
|-boost|p2a: Clefable|spa|1
|-boost|p2a: Clefable|spd|1
|cant|p1a: Suicune|par
|
|turn|11
|
|move|p2a: Clefable|Calm Mind|p2a: Clefable
|-boost|p2a: Clefable|spa|1
|-boost|p2a: Clefable|spd|1
|move|p1a: Suicune|Calm Mind|p1a: Suicune
|-boost|p1a: Suicune|spa|1
|-boost|p1a: Suicune|spd|1
|
|turn|12
|
|move|p2a: Clefable|Calm Mind|p2a: Clefable
|-boost|p2a: Clefable|spa|1
|-boost|p2a: Clefable|spd|1
|move|p1a: Suicune|Calm Mind|p1a: Suicune
|-boost|p1a: Suicune|spa|1
|-boost|p1a: Suicune|spd|1
|
|turn|13
|
|move|p2a: Clefable|Moonblast|p1a: Suicune
|-damage|p1a: Suicune|98\/404 par
|move|p1a: Suicune|Scald|p2a: Clefable
|-damage|p2a: Clefable|364\/394
|
|-heal|p2a: Clefable|388\/394|[from] item: Leftovers
|-heal|p1a: Suicune|123\/404 par|[from] item: Leftovers
|turn|14
|c|âMr.Sharpedo|!data moonblast
|c|~|\/data-move Moonblast

|
|move|p2a: Clefable|Moonblast|p1a: Suicune
|-damage|p1a: Suicune|0 fnt
|faint|p1a: Suicune
|
|-heal|p2a: Clefable|394\/394|[from] item: Leftovers
|
|switch|p1a: Arcanine|Arcanine, F|384\/384
|-damage|p1a: Arcanine|288\/384|[from] Stealth Rock
|-ability|p1a: Arcanine|Intimidate|[of] p2a: Clefable
|-unboost|p2a: Clefable|atk|1
|turn|15
|
|move|p1a: Arcanine|Flare Blitz|p2a: Clefable
|-damage|p2a: Clefable|252\/394
|-damage|p1a: Arcanine|241\/384|[from] recoil|[of] p2a: Clefable
|move|p2a: Clefable|Moonblast|p1a: Arcanine
|-resisted|p1a: Arcanine
|-damage|p1a: Arcanine|58\/384
|-unboost|p1a: Arcanine|spa|1
|
|-heal|p1a: Arcanine|82\/384|[from] item: Leftovers
|-heal|p2a: Clefable|276\/394|[from] item: Leftovers
|turn|16
|
|move|p1a: Arcanine|Morning Sun|p1a: Arcanine
|-heal|p1a: Arcanine|274\/384
|move|p2a: Clefable|Wish|p2a: Clefable
|
|-heal|p1a: Arcanine|298\/384|[from] item: Leftovers
|-heal|p2a: Clefable|300\/394|[from] item: Leftovers
|turn|17
|
|move|p1a: Arcanine|Flare Blitz|p2a: Clefable
|-damage|p2a: Clefable|155\/394
|-damage|p1a: Arcanine|250\/384|[from] recoil|[of] p2a: Clefable
|move|p2a: Clefable|Moonblast|p1a: Arcanine
|-resisted|p1a: Arcanine
|-damage|p1a: Arcanine|44\/384
|
|-heal|p2a: Clefable|352\/394|[from] move: Wish|[wisher] Clefable
|-heal|p1a: Arcanine|68\/384|[from] item: Leftovers
|-heal|p2a: Clefable|376\/394|[from] item: Leftovers
|turn|18
|
|move|p1a: Arcanine|Morning Sun|p1a: Arcanine
|-heal|p1a: Arcanine|260\/384
|move|p2a: Clefable|Moonblast|p1a: Arcanine
|-resisted|p1a: Arcanine
|-damage|p1a: Arcanine|69\/384
|
|-heal|p1a: Arcanine|93\/384|[from] item: Leftovers
|-heal|p2a: Clefable|394\/394|[from] item: Leftovers
|turn|19
|
|move|p1a: Arcanine|Morning Sun|p1a: Arcanine
|-heal|p1a: Arcanine|285\/384
|move|p2a: Clefable|Moonblast|p1a: Arcanine
|-crit|p1a: Arcanine
|-resisted|p1a: Arcanine
|-damage|p1a: Arcanine|0 fnt
|faint|p1a: Arcanine
|
|
|switch|p1a: Chansey|Chansey, F|704\/704
|-damage|p1a: Chansey|616\/704|[from] Stealth Rock
|turn|20
|
|switch|p2a: Gliscor|Gliscor, M|352\/352
|move|p1a: Chansey|Seismic Toss|p2a: Gliscor
|-damage|p2a: Gliscor|252\/352
|
|-status|p2a: Gliscor|tox|[from] item: Toxic Orb
|turn|21
|
|switch|p1a: Latias|Latias, F|364\/364
|-damage|p1a: Latias|319\/364|[from] Stealth Rock
|move|p2a: Gliscor|Knock Off|p1a: Latias
|-supereffective|p1a: Latias
|-damage|p1a: Latias|235\/364
|
|-heal|p2a: Gliscor|296\/352 tox|[from] ability: Poison Heal
|turn|22
|
|switch|p2a: Clefable|Clefable, F|394\/394
|detailschange|p1a: Latias|Latias-Mega, F
|message|Latias has Mega Evolved into Mega Latias!
|move|p1a: Latias|Calm Mind|p1a: Latias
|-boost|p1a: Latias|spa|1
|-boost|p1a: Latias|spd|1
|
|turn|23
|
|move|p1a: Latias|Calm Mind|p1a: Latias
|-boost|p1a: Latias|spa|1
|-boost|p1a: Latias|spd|1
|move|p2a: Clefable|Moonblast|p1a: Latias
|-supereffective|p1a: Latias
|-damage|p1a: Latias|83\/364
|
|turn|24
|
|move|p1a: Latias|Recover|p1a: Latias
|-heal|p1a: Latias|265\/364
|move|p2a: Clefable|Moonblast|p1a: Latias
|-supereffective|p1a: Latias
|-damage|p1a: Latias|113\/364
|
|turn|25
|
|move|p1a: Latias|Recover|p1a: Latias
|-heal|p1a: Latias|295\/364
|move|p2a: Clefable|Calm Mind|p2a: Clefable
|-boost|p2a: Clefable|spa|1
|-boost|p2a: Clefable|spd|1
|
|turn|26
|
|move|p1a: Latias|Calm Mind|p1a: Latias
|-boost|p1a: Latias|spa|1
|-boost|p1a: Latias|spd|1
|move|p2a: Clefable|Moonblast|p1a: Latias
|-supereffective|p1a: Latias
|-damage|p1a: Latias|59\/364
|-unboost|p1a: Latias|spa|1
|
|turn|27
|
|move|p1a: Latias|Psyshock|p2a: Clefable
|-damage|p2a: Clefable|279\/394
|move|p2a: Clefable|Moonblast|p1a: Latias
|-supereffective|p1a: Latias
|-damage|p1a: Latias|0 fnt
|faint|p1a: Latias
|
|-heal|p2a: Clefable|303\/394|[from] item: Leftovers
|c|âMr.Sharpedo|Why this damage?
|c|âMr.Sharpedo|Is so hard
|c|âMr.Sharpedo|My Suicune have many sp.defense and you beat so hard
|c|âDayanne|unaware
|
|switch|p1a: Weavile|Weavile, M|259\/287
|-damage|p1a: Weavile|188\/287|[from] Stealth Rock
|turn|28
|
|switch|p2a: Scizor|Scizor-Mega, F|344\/344
|move|p1a: Weavile|Fake Out|p2a: Scizor
|-resisted|p2a: Scizor
|-damage|p2a: Scizor|327\/344
|-damage|p1a: Weavile|160\/287|[from] item: Life Orb
|
|turn|29
|
|switch|p1a: Rhyperior|Rhyperior, M|434\/434
|-damage|p1a: Rhyperior|407\/434|[from] Stealth Rock
|move|p2a: Scizor|Swords Dance|p2a: Scizor
|-boost|p2a: Scizor|atk|2
|
|-heal|p1a: Rhyperior|434\/434|[from] item: Leftovers
|turn|30
|
|move|p2a: Scizor|Swords Dance|p2a: Scizor
|-boost|p2a: Scizor|atk|2
|move|p1a: Rhyperior|Earthquake|p2a: Scizor
|-damage|p2a: Scizor|231\/344
|
|turn|31
|
|move|p2a: Scizor|Bullet Punch|p1a: Rhyperior
|-crit|p1a: Rhyperior
|-supereffective|p1a: Rhyperior
|-damage|p1a: Rhyperior|20\/434
|move|p1a: Rhyperior|Earthquake|p2a: Scizor
|-damage|p2a: Scizor|126\/344
|
|-heal|p1a: Rhyperior|47\/434|[from] item: Leftovers
|turn|32
|
|move|p2a: Scizor|Roost|p2a: Scizor
|-heal|p2a: Scizor|298\/344
|move|p1a: Rhyperior|Earthquake|p2a: Scizor
|-damage|p2a: Scizor|190\/344
|
|-heal|p1a: Rhyperior|74\/434|[from] item: Leftovers
|turn|33
|
|move|p2a: Scizor|Roost|p2a: Scizor
|-heal|p2a: Scizor|344\/344
|move|p1a: Rhyperior|Rest|p1a: Rhyperior
|-status|p1a: Rhyperior|slp
|-heal|p1a: Rhyperior|434\/434 slp|[silent]
|-status|p1a: Rhyperior|slp|[from] move: Rest
|
|turn|34
|c|âDayanne|gg
|
|move|p2a: Scizor|Swords Dance|p2a: Scizor
|-boost|p2a: Scizor|atk|2
|cant|p1a: Rhyperior|slp
|move|p1a: Rhyperior|Sleep Talk|p1a: Rhyperior
|move|p1a: Rhyperior|Rest|p1a: Rhyperior|[from]Sleep Talk
|-fail|p1a: Rhyperior
|
|turn|35
|
|move|p2a: Scizor|Bullet Punch|p1a: Rhyperior
|-supereffective|p1a: Rhyperior
|-damage|p1a: Rhyperior|73\/434 slp
|cant|p1a: Rhyperior|slp
|move|p1a: Rhyperior|Sleep Talk|p1a: Rhyperior
|move|p1a: Rhyperior|Earthquake|p2a: Scizor|[from]Sleep Talk
|-damage|p2a: Scizor|242\/344
|
|-heal|p1a: Rhyperior|100\/434 slp|[from] item: Leftovers
|turn|36
|
|move|p2a: Scizor|Bullet Punch|p1a: Rhyperior
|-supereffective|p1a: Rhyperior
|-damage|p1a: Rhyperior|0 fnt
|faint|p1a: Rhyperior
|
|
|switch|p1a: Chansey|Chansey, F|616\/704
|-damage|p1a: Chansey|528\/704|[from] Stealth Rock
|turn|37
|
|move|p2a: Scizor|Bullet Punch|p1a: Chansey
|-damage|p1a: Chansey|0 fnt
|faint|p1a: Chansey
|
|
|switch|p1a: Weavile|Weavile, M|160\/287
|-damage|p1a: Weavile|89\/287|[from] Stealth Rock
|turn|38
|
|move|p1a: Weavile|Low Kick|p2a: Scizor
|-damage|p2a: Scizor|160\/344
|-damage|p1a: Weavile|61\/287|[from] item: Life Orb
|move|p2a: Scizor|Roost|p2a: Scizor
|-heal|p2a: Scizor|332\/344
|
|turn|39
|-message|Mr.Sharpedo forfeited.
|
|win|Dayanne
|raw|Ladder updating...
|leave|Mr.Sharpedo
|player|p1