|join|Dayanne
|join|Carl Murray
|player|p1|Dayanne|37
|player|p2|Carl Murray|2
|gametype|singles
|gen|6
|tier|OU
|rated
|clearpoke
|poke|p1|Chansey, F
|poke|p1|Zapdos
|poke|p1|Scizor, M
|poke|p1|Clefable, F
|poke|p1|Gliscor, M
|poke|p1|Slowbro, M
|poke|p2|Diancie
|poke|p2|Rotom-Wash
|poke|p2|Bisharp, F
|poke|p2|Ferrothorn, M
|poke|p2|Landorus-Therian, M
|poke|p2|Heracross, F
|rule|Swagger Clause: Swagger is banned
|rule|Baton Pass Clause: Limit one PokÃ©mon knowing Baton Pass
|rule|Sleep Clause Mod: Limit one foe put to sleep
|rule|Species Clause: Limit one of each PokÃ©mon
|rule|OHKO Clause: OHKO moves are banned
|rule|Moody Clause: Moody is banned
|rule|Evasion Moves Clause: Evasion moves are banned
|rule|Endless Battle Clause: Forcing endless battles is banned
|rule|HP Percentage Mod: HP is shown in percentages
|teampreview
|
|start
|switch|p1a: Slowbro|Slowbro, M|394\/394
|switch|p2a: Diancie|Diancie|241\/241
|turn|1
|
|detailschange|p2a: Diancie|Diancie-Mega
|message|Diancie has Mega Evolved into Mega Diancie!
|move|p2a: Diancie|Protect|p2a: Diancie
|-singleturn|p2a: Diancie|Protect
|move|p1a: Slowbro|Scald|p2a: Diancie
|-activate|p2a: Diancie|Protect
|
|turn|2
|
|switch|p2a: Heracross|Heracross, F|351\/351
|move|p1a: Slowbro|Scald|p2a: Heracross
|-damage|p2a: Heracross|245\/351
|
|turn|3
|
|switch|p1a: Clefable|Clefable, F|394\/394
|move|p2a: Heracross|Knock Off|p1a: Clefable
|-resisted|p1a: Clefable
|-damage|p1a: Clefable|309\/394
|-enditem|p1a: Clefable|Leftovers|[from] move: Knock Off|[of] p2a: Heracross
|
|turn|4
|
|switch|p2a: Rotom-Wash|Rotom-Wash|303\/303
|move|p1a: Clefable|Wish|p1a: Clefable
|
|turn|5
|
|move|p1a: Clefable|Protect|p1a: Clefable
|-singleturn|p1a: Clefable|Protect
|move|p2a: Rotom-Wash|Hydro Pump|p1a: Clefable
|-activate|p1a: Clefable|Protect
|
|-heal|p1a: Clefable|394\/394|[from] move: Wish|[wisher] Clefable
|turn|6
|
|switch|p1a: Chansey|Chansey, F|704\/704
|move|p2a: Rotom-Wash|Will-O-Wisp|p1a: Chansey
|-status|p1a: Chansey|brn
|
|-damage|p1a: Chansey|616\/704 brn|[from] brn
|turn|7
|
|move|p2a: Rotom-Wash|Volt Switch|p1a: Chansey
|-damage|p1a: Chansey|562\/704 brn
|
|switch|p2a: Diancie|Diancie-Mega|241\/241
|move|p1a: Chansey|Stealth Rock|p2a: Diancie
|move|p2a: Diancie|Stealth Rock|p1a: Chansey|[from]Magic Bounce
|-sidestart|p1: Dayanne|move: Stealth Rock
|
|-damage|p1a: Chansey|474\/704 brn|[from] brn
|turn|8
|
|switch|p1a: Slowbro|Slowbro, M|394\/394
|-damage|p1a: Slowbro|345\/394|[from] Stealth Rock
|move|p2a: Diancie|Diamond Storm|p1a: Slowbro
|-damage|p1a: Slowbro|225\/394
|
|-heal|p1a: Slowbro|249\/394|[from] item: Leftovers
|turn|9
|
|move|p2a: Diancie|Moonblast|p1a: Slowbro
|-damage|p1a: Slowbro|20\/394
|-unboost|p1a: Slowbro|spa|1
|move|p1a: Slowbro|Scald|p2a: Diancie
|-supereffective|p2a: Diancie
|-damage|p2a: Diancie|107\/241
|-status|p2a: Diancie|brn
|
|-heal|p1a: Slowbro|44\/394|[from] item: Leftovers
|-damage|p2a: Diancie|77\/241 brn|[from] brn
|turn|10
|
|switch|p2a: Bisharp|Bisharp, F|287\/287
|switch|p1a: Scizor|Scizor, M|344\/344
|-damage|p1a: Scizor|301\/344|[from] Stealth Rock
|
|turn|11
|
|detailschange|p1a: Scizor|Scizor-Mega, M
|message|Scizor has Mega Evolved into Mega Scizor!
|move|p2a: Bisharp|Knock Off|p1a: Scizor
|-damage|p1a: Scizor|228\/344
|move|p1a: Scizor|Swords Dance|p1a: Scizor
|-boost|p1a: Scizor|atk|2
|
|turn|12
|
|switch|p2a: Rotom-Wash|Rotom-Wash|303\/303
|move|p1a: Scizor|Roost|p1a: Scizor
|-heal|p1a: Scizor|344\/344
|
|turn|13
|
|switch|p1a: Zapdos|Zapdos|384\/384
|-damage|p1a: Zapdos|288\/384|[from] Stealth Rock
|-ability|p1a: Zapdos|Pressure
|move|p2a: Rotom-Wash|Will-O-Wisp|p1a: Zapdos
|-status|p1a: Zapdos|brn
|
|-heal|p1a: Zapdos|312\/384 brn|[from] item: Leftovers
|-damage|p1a: Zapdos|264\/384 brn|[from] brn
|turn|14
|
|switch|p2a: Bisharp|Bisharp, F|287\/287
|move|p1a: Zapdos|Defog|p2a: Bisharp
|-unboost|p2a: Bisharp|evasion|1
|-boost|p2a: Bisharp|atk|2|[from] ability: Defiant
|-sideend|p1: Dayanne|Stealth Rock|[from] move: Defog|[of] p1a: Zapdos
|
|-heal|p1a: Zapdos|288\/384 brn|[from] item: Leftovers
|-damage|p1a: Zapdos|240\/384 brn|[from] brn
|turn|15
|
|move|p1a: Zapdos|Volt Switch|p2a: Bisharp
|-damage|p2a: Bisharp|155\/287
|
|switch|p1a: Scizor|Scizor-Mega, M|344\/344
|move|p2a: Bisharp|Swords Dance|p2a: Bisharp
|-boost|p2a: Bisharp|atk|2
|
|turn|16
|
|move|p2a: Bisharp|Sucker Punch|p1a: Scizor
|-damage|p1a: Scizor|95\/344
|move|p1a: Scizor|Superpower|p2a: Bisharp
|-supereffective|p2a: Bisharp
|-damage|p2a: Bisharp|0 fnt
|-unboost|p1a: Scizor|atk|1
|-unboost|p1a: Scizor|def|1
|faint|p2a: Bisharp
|
|
|switch|p2a: Heracross|Heracross, F|245\/351
|turn|17
|
|switch|p1a: Gliscor|Gliscor, M|352\/352
|move|p2a: Heracross|Knock Off|p1a: Gliscor
|-damage|p1a: Gliscor|212\/352
|-enditem|p1a: Gliscor|Toxic Orb|[from] move: Knock Off|[of] p2a: Heracross
|
|turn|18
|
|switch|p1a: Scizor|Scizor-Mega, M|95\/344
|switch|p2a: Rotom-Wash|Rotom-Wash|303\/303
|
|turn|19
|
|switch|p1a: Chansey|Chansey, F|474\/704
|move|p2a: Rotom-Wash|Hydro Pump|p1a: Chansey
|-damage|p1a: Chansey|383\/704
|
|turn|20
|
|move|p2a: Rotom-Wash|Will-O-Wisp|p1a: Chansey
|-status|p1a: Chansey|brn
|move|p1a: Chansey|Soft-Boiled|p1a: Chansey
|-heal|p1a: Chansey|704\/704 brn
|
|-damage|p1a: Chansey|616\/704 brn|[from] brn
|turn|21
|
|move|p2a: Rotom-Wash|Volt Switch|p1a: Chansey
|-damage|p1a: Chansey|559\/704 brn
|
|switch|p2a: Heracross|Heracross, F|245\/351
|move|p1a: Chansey|Seismic Toss|p2a: Heracross
|-damage|p2a: Heracross|145\/351
|
|-damage|p1a: Chansey|471\/704 brn|[from] brn
|turn|22
|
|switch|p1a: Clefable|Clefable, F|394\/394
|move|p2a: Heracross|Close Combat|p1a: Clefable
|-resisted|p1a: Clefable
|-damage|p1a: Clefable|253\/394
|-unboost|p2a: Heracross|def|1
|-unboost|p2a: Heracross|spd|1
|
|turn|23
|-message|Carl Murray forfeited.
|
|win|Dayanne
|raw|Ladder updating...
|leave|Carl Murray
|player|p2
|raw|Dayanne's rating: 1573 &rarr; <strong>1598<\/strong><br \/>(+25 for winning)
|raw|Carl Murray's rating: 1653 &rarr; <strong>1628<\/strong><br \/>(-25 for losing)