|join|dark08
|join|Dayanne
|player|p1|dark08|99
|player|p2|Dayanne|37
|gametype|singles
|gen|6
|tier|OU
|rated
|clearpoke
|poke|p1|Latios, M
|poke|p1|Lucario, M
|poke|p1|Umbreon, F
|poke|p1|Scizor, F
|poke|p1|Espeon, M
|poke|p1|Swampert, F
|poke|p2|Chansey, F
|poke|p2|Zapdos
|poke|p2|Scizor, F
|poke|p2|Clefable, F
|poke|p2|Gliscor, M
|poke|p2|Slowbro, M
|rule|Swagger Clause: Swagger is banned
|rule|Baton Pass Clause: Limit one PokÃ©mon knowing Baton Pass
|rule|Sleep Clause Mod: Limit one foe put to sleep
|rule|Species Clause: Limit one of each PokÃ©mon
|rule|OHKO Clause: OHKO moves are banned
|rule|Moody Clause: Moody is banned
|rule|Evasion Moves Clause: Evasion moves are banned
|rule|Endless Battle Clause: Forcing endless battles is banned
|rule|HP Percentage Mod: HP is shown in percentages
|teampreview
|
|start
|switch|p1a: Swampert|Swampert, F|404\/404
|switch|p2a: Slowbro|Slowbro, M|394\/394
|turn|1
|
|move|p1a: Swampert|Stealth Rock|p2a: Slowbro
|-sidestart|p2: Dayanne|move: Stealth Rock
|move|p2a: Slowbro|Scald|p1a: Swampert
|-damage|p1a: Swampert|310\/404
|-status|p1a: Swampert|brn
|
|-heal|p1a: Swampert|335\/404 brn|[from] item: Leftovers
|-damage|p1a: Swampert|285\/404 brn|[from] brn
|turn|2
|
|switch|p1a: Latios|Latios, M|302\/302
|switch|p2a: Zapdos|Zapdos|384\/384
|-damage|p2a: Zapdos|288\/384|[from] Stealth Rock
|-ability|p2a: Zapdos|Pressure
|
|-heal|p2a: Zapdos|312\/384|[from] item: Leftovers
|turn|3
|
|switch|p2a: Clefable|Clefable, F|394\/394
|-damage|p2a: Clefable|345\/394|[from] Stealth Rock
|move|p1a: Latios|Psyshock|p2a: Clefable
|-damage|p2a: Clefable|164\/394
|
|-heal|p2a: Clefable|188\/394|[from] item: Leftovers
|turn|4
|
|switch|p1a: Scizor|Scizor, F|343\/343
|move|p2a: Clefable|Protect|p2a: Clefable
|-fail|p2a: Clefable
|
|-heal|p2a: Clefable|212\/394|[from] item: Leftovers
|turn|5
|
|switch|p2a: Zapdos|Zapdos|312\/384
|-damage|p2a: Zapdos|216\/384|[from] Stealth Rock
|-ability|p2a: Zapdos|Pressure
|detailschange|p1a: Scizor|Scizor-Mega, F
|message|Scizor has Mega Evolved into Mega Scizor!
|move|p1a: Scizor|U-turn|p2a: Zapdos
|-resisted|p2a: Zapdos
|-damage|p2a: Zapdos|152\/384
|
|switch|p1a: Latios|Latios, M|302\/302
|
|-heal|p2a: Zapdos|176\/384|[from] item: Leftovers
|turn|6
|
|switch|p2a: Scizor|Scizor, F|344\/344
|-damage|p2a: Scizor|301\/344|[from] Stealth Rock
|move|p1a: Latios|Psyshock|p2a: Scizor
|-resisted|p2a: Scizor
|-damage|p2a: Scizor|226\/344
|
|turn|7
|
|switch|p1a: Lucario|Lucario, M|282\/282
|detailschange|p2a: Scizor|Scizor-Mega, F
|message|Scizor has Mega Evolved into Mega Scizor!
|move|p2a: Scizor|Roost|p2a: Scizor
|-heal|p2a: Scizor|344\/344
|
|turn|8
|
|move|p1a: Lucario|Swords Dance|p1a: Lucario
|-boost|p1a: Lucario|atk|2
|move|p2a: Scizor|Superpower|p1a: Lucario
|-supereffective|p1a: Lucario
|-damage|p1a: Lucario|0 fnt
|-unboost|p2a: Scizor|atk|1
|-unboost|p2a: Scizor|def|1
|faint|p1a: Lucario
|
|
|switch|p1a: Scizor|Scizor-Mega, F|343\/343
|turn|9
|
|move|p2a: Scizor|Swords Dance|p2a: Scizor
|-boost|p2a: Scizor|atk|2
|move|p1a: Scizor|U-turn|p2a: Scizor
|-resisted|p2a: Scizor
|-damage|p2a: Scizor|275\/344
|
|switch|p1a: Umbreon|Umbreon, F|394\/394
|
|turn|10
|
|switch|p2a: Zapdos|Zapdos|176\/384
|-damage|p2a: Zapdos|80\/384|[from] Stealth Rock
|-ability|p2a: Zapdos|Pressure
|move|p1a: Umbreon|Foul Play|p2a: Zapdos
|-damage|p2a: Zapdos|19\/384
|
|-heal|p2a: Zapdos|43\/384|[from] item: Leftovers
|turn|11
|
|switch|p1a: Latios|Latios, M|302\/302
|move|p2a: Zapdos|Defog|p1a: Latios
|-unboost|p1a: Latios|evasion|1
|-sideend|p2: Dayanne|Stealth Rock|[from] move: Defog|[of] p2a: Zapdos
|
|-heal|p2a: Zapdos|67\/384|[from] item: Leftovers
|turn|12
|
|switch|p2a: Chansey|Chansey, F|704\/704
|move|p1a: Latios|Surf|p2a: Chansey
|-damage|p2a: Chansey|605\/704
|
|turn|13
|
|switch|p1a: Espeon|Espeon, M|272\/272
|move|p2a: Chansey|Seismic Toss|p1a: Espeon
|-damage|p1a: Espeon|172\/272
|
|turn|14
|
|switch|p2a: Gliscor|Gliscor, M|352\/352
|move|p1a: Espeon|Calm Mind|p1a: Espeon
|-boost|p1a: Espeon|spa|1
|-boost|p1a: Espeon|spd|1
|
|-status|p2a: Gliscor|tox|[from] item: Toxic Orb
|turn|15
|
|move|p1a: Espeon|Psyshock|p2a: Gliscor
|-damage|p2a: Gliscor|102\/352 tox
|-damage|p1a: Espeon|145\/272|[from] item: Life Orb
|move|p2a: Gliscor|Knock Off|p1a: Espeon
|-supereffective|p1a: Espeon
|-damage|p1a: Espeon|0 fnt
|-enditem|p1a: Espeon|Life Orb|[from] move: Knock Off|[of] p2a: Gliscor
|faint|p1a: Espeon
|
|-heal|p2a: Gliscor|146\/352 tox|[from] ability: Poison Heal
|
|switch|p1a: Scizor|Scizor-Mega, F|343\/343
|turn|16
|
|move|p2a: Gliscor|Taunt|p1a: Scizor
|-start|p1a: Scizor|move: Taunt
|cant|p1a: Scizor|move: Taunt|Swords Dance
|
|-heal|p2a: Gliscor|190\/352 tox|[from] ability: Poison Heal
|turn|17
|join|UpsNoich
|
|move|p1a: Scizor|Bullet Punch|p2a: Gliscor
|-damage|p2a: Gliscor|88\/352 tox
|move|p2a: Gliscor|Knock Off|p1a: Scizor
|-damage|p1a: Scizor|306\/343
|
|-heal|p2a: Gliscor|132\/352 tox|[from] ability: Poison Heal
|turn|18
|
|move|p1a: Scizor|Bullet Punch|p2a: Gliscor
|-damage|p2a: Gliscor|20\/352 tox
|move|p2a: Gliscor|Roost|p2a: Gliscor
|-heal|p2a: Gliscor|196\/352 tox
|
|-heal|p2a: Gliscor|240\/352 tox|[from] ability: Poison Heal
|-end|p1a: Scizor|move: Taunt
|turn|19
|
|move|p2a: Gliscor|Taunt|p1a: Scizor
|-start|p1a: Scizor|move: Taunt
|move|p1a: Scizor|U-turn|p2a: Gliscor
|-resisted|p2a: Gliscor
|-damage|p2a: Gliscor|174\/352 tox
|
|switch|p1a: Latios|Latios, M|302\/302
|
|-heal|p2a: Gliscor|218\/352 tox|[from] ability: Poison Heal
|turn|20
|
|switch|p2a: Chansey|Chansey, F|605\/704
|move|p1a: Latios|Trick|p2a: Chansey
|-activate|p1a: Latios|move: Trick|[of] p2a: Chansey
|-item|p2a: Chansey|Choice Specs|[from] move: Trick
|-item|p1a: Latios|Eviolite|[from] move: Trick
|
|turn|21
|
|move|p1a: Latios|Psyshock|p2a: Chansey
|-damage|p2a: Chansey|316\/704
|move|p2a: Chansey|Stealth Rock|p1a: Latios
|-sidestart|p1: dark08|move: Stealth Rock
|
|turn|22
|
|switch|p2a: Scizor|Scizor-Mega, F|275\/344
|move|p1a: Latios|Surf|p2a: Scizor
|-damage|p2a: Scizor|160\/344
|
|turn|23
|
|switch|p1a: Scizor|Scizor-Mega, F|306\/343
|-damage|p1a: Scizor|264\/343|[from] Stealth Rock
|move|p2a: Scizor|Roost|p2a: Scizor
|-heal|p2a: Scizor|332\/344
|
|turn|24
|
|move|p2a: Scizor|Swords Dance|p2a: Scizor
|-boost|p2a: Scizor|atk|2
|move|p1a: Scizor|Swords Dance|p1a: Scizor
|-boost|p1a: Scizor|atk|2
|
|turn|25
|join|hardpuzzle
|
|move|p2a: Scizor|Swords Dance|p2a: Scizor
|-boost|p2a: Scizor|atk|2
|move|p1a: Scizor|Swords Dance|p1a: Scizor
|-boost|p1a: Scizor|atk|2
|
|turn|26
|
|move|p1a: Scizor|Bullet Punch|p2a: Scizor
|-resisted|p2a: Scizor
|-damage|p2a: Scizor|212\/344
|move|p2a: Scizor|Swords Dance|p2a: Scizor
|-boost|p2a: Scizor|atk|2
|
|turn|27
|
|move|p2a: Scizor|Superpower|p1a: Scizor
|-damage|p1a: Scizor|0 fnt
|-unboost|p2a: Scizor|atk|1
|-unboost|p2a: Scizor|def|1
|faint|p1a: Scizor
|
|
|switch|p1a: Swampert|Swampert, F|285\/404 brn
|-damage|p1a: Swampert|260\/404 brn|[from] Stealth Rock
|turn|28
|c|âDayanne|gg
|
|move|p2a: Scizor|Roost|p2a: Scizor
|-heal|p2a: Scizor|344\/344
|move|p1a: Swampert|Stealth Rock|p2a: Scizor
|-sidestart|p2: Dayanne|move: Stealth Rock
|
|-heal|p1a: Swampert|285\/404 brn|[from] item: Leftovers
|-damage|p1a: Swampert|235\/404 brn|[from] brn
|turn|29
|
|move|p2a: Scizor|Superpower|p1a: Swampert
|-damage|p1a: Swampert|0 fnt
|-unboost|p2a: Scizor|atk|1
|-unboost|p2a: Scizor|def|1
|faint|p1a: Swampert
|
|
|switch|p1a: Latios|Latios, M|302\/302
|-damage|p1a: Latios|265\/302|[from] Stealth Rock
|turn|30
|
|move|p2a: Scizor|Bullet Punch|p1a: Latios
|-damage|p1a: Latios|0 fnt
|faint|p1a: Latios
|
|
|switch|p1a: Umbreon|Umbreon, F|394\/394
|-damage|p1a: Umbreon|345\/394|[from] Stealth Rock
|turn|31
|
|move|p2a: Scizor|Superpower|p1a: Umbreon
|-supereffective|p1a: Umbreon
|-damage|p1a: Umbreon|0 fnt
|-unboost|p2a: Scizor|atk|1
|-unboost|p2a: Scizor|def|1
|faint|p1a: Umbreon
|
|win|Dayanne
|raw|Ladder updating...
|leave|dark08
|player|p1
|raw|dark08's rating: 1673 &rarr; <strong>1655<\/strong><br \/>(-18 for losing)
|raw|Dayanne's rating: 1714 &rarr; <strong>1731<\/strong><br \/>(+17 for winning)