|join|Dayanne
|join|WECAMEASROMANS
|player|p1|Dayanne|37
|player|p2|WECAMEASROMANS|257
|gametype|singles
|gen|6
|tier|OU
|rated
|clearpoke
|poke|p1|Chansey, F
|poke|p1|Zapdos
|poke|p1|Scizor, F
|poke|p1|Clefable, F
|poke|p1|Gliscor, M
|poke|p1|Slowbro, M
|poke|p2|Thundurus, M
|poke|p2|Azumarill, M
|poke|p2|Mamoswine, F
|poke|p2|Alakazam, F
|poke|p2|Talonflame, F
|poke|p2|Latios, M
|rule|Swagger Clause: Swagger is banned
|rule|Baton Pass Clause: Limit one PokÃ©mon knowing Baton Pass
|rule|Sleep Clause Mod: Limit one foe put to sleep
|rule|Species Clause: Limit one of each PokÃ©mon
|rule|OHKO Clause: OHKO moves are banned
|rule|Moody Clause: Moody is banned
|rule|Evasion Moves Clause: Evasion moves are banned
|rule|Endless Battle Clause: Forcing endless battles is banned
|rule|HP Percentage Mod: HP is shown in percentages
|teampreview
|
|start
|switch|p1a: Slowbro|Slowbro, M|394\/394
|switch|p2a: Mamoswine|Mamoswine, F|361\/361
|turn|1
|
|move|p2a: Mamoswine|Stealth Rock|p1a: Slowbro
|-sidestart|p1: Dayanne|move: Stealth Rock
|move|p1a: Slowbro|Scald|p2a: Mamoswine
|-supereffective|p2a: Mamoswine
|-damage|p2a: Mamoswine|65\/361
|
|turn|2
|
|switch|p2a: Latios|Latios, M|301\/301
|move|p1a: Slowbro|Thunder Wave|p2a: Latios
|-status|p2a: Latios|par
|
|turn|3
|
|switch|p1a: Chansey|Chansey, F|704\/704
|-damage|p1a: Chansey|616\/704|[from] Stealth Rock
|move|p2a: Latios|Psyshock|p1a: Chansey
|-damage|p1a: Chansey|366\/704
|-damage|p2a: Latios|271\/301 par|[from] item: Life Orb
|
|turn|4
|
|switch|p2a: Azumarill|Azumarill, M|401\/401
|move|p1a: Chansey|Soft-Boiled|p1a: Chansey
|-heal|p1a: Chansey|704\/704
|
|turn|5
|
|switch|p1a: Slowbro|Slowbro, M|394\/394
|-damage|p1a: Slowbro|345\/394|[from] Stealth Rock
|move|p2a: Azumarill|Play Rough|p1a: Slowbro
|-damage|p1a: Slowbro|140\/394
|
|-heal|p1a: Slowbro|164\/394|[from] item: Leftovers
|turn|6
|join|daftmau5
|
|switch|p2a: Talonflame|Talonflame, F|297\/297
|switch|p1a: Scizor|Scizor, F|344\/344
|-damage|p1a: Scizor|301\/344|[from] Stealth Rock
|
|turn|7
|join|LT8J Gizmo $_$
|
|switch|p1a: Slowbro|Slowbro, M|295\/394
|-damage|p1a: Slowbro|246\/394|[from] Stealth Rock
|move|p2a: Talonflame|Swords Dance|p2a: Talonflame
|-boost|p2a: Talonflame|atk|2
|
|-heal|p1a: Slowbro|270\/394|[from] item: Leftovers
|turn|8
|
|move|p2a: Talonflame|Brave Bird|p1a: Slowbro
|-damage|p1a: Slowbro|29\/394
|-damage|p2a: Talonflame|217\/297|[from] recoil|[of] p1a: Slowbro
|move|p1a: Slowbro|Thunder Wave|p2a: Talonflame
|-status|p2a: Talonflame|par
|
|-heal|p1a: Slowbro|53\/394|[from] item: Leftovers
|turn|9
|
|switch|p1a: Clefable|Clefable, F|394\/394
|-damage|p1a: Clefable|345\/394|[from] Stealth Rock
|move|p2a: Talonflame|Brave Bird|p1a: Clefable
|-damage|p1a: Clefable|191\/394
|-damage|p2a: Talonflame|166\/297 par|[from] recoil|[of] p1a: Clefable
|
|-heal|p1a: Clefable|215\/394|[from] item: Leftovers
|turn|10
|
|switch|p2a: Azumarill|Azumarill, M|401\/401
|move|p1a: Clefable|Moonlight|p1a: Clefable
|-heal|p1a: Clefable|394\/394
|
|turn|11
|
|move|p1a: Clefable|Thunder Wave|p2a: Azumarill
|-status|p2a: Azumarill|par
|move|p2a: Azumarill|Waterfall|p1a: Clefable
|-damage|p1a: Clefable|183\/394
|
|-heal|p1a: Clefable|207\/394|[from] item: Leftovers
|turn|12
|
|move|p1a: Clefable|Moonlight|p1a: Clefable
|-heal|p1a: Clefable|394\/394
|move|p2a: Azumarill|Waterfall|p1a: Clefable
|-damage|p1a: Clefable|162\/394
|
|-heal|p1a: Clefable|186\/394|[from] item: Leftovers
|turn|13
|
|move|p1a: Clefable|Moonlight|p1a: Clefable
|-heal|p1a: Clefable|383\/394
|move|p2a: Azumarill|Waterfall|p1a: Clefable
|-damage|p1a: Clefable|149\/394
|
|-heal|p1a: Clefable|173\/394|[from] item: Leftovers
|turn|14
|
|move|p1a: Clefable|Moonlight|p1a: Clefable
|-heal|p1a: Clefable|370\/394
|cant|p2a: Azumarill|par
|
|-heal|p1a: Clefable|394\/394|[from] item: Leftovers
|turn|15
|
|switch|p1a: Slowbro|Slowbro, M|184\/394
|-damage|p1a: Slowbro|135\/394|[from] Stealth Rock
|switch|p2a: Thundurus|Thundurus, M|299\/299
|
|-heal|p1a: Slowbro|159\/394|[from] item: Leftovers
|turn|16
|join|Outrageous Fortune
|
|switch|p2a: Azumarill|Azumarill, M|401\/401 par
|switch|p1a: Gliscor|Gliscor, M|352\/352
|-damage|p1a: Gliscor|308\/352|[from] Stealth Rock
|
|-status|p1a: Gliscor|tox|[from] item: Toxic Orb
|turn|17
|
|switch|p1a: Slowbro|Slowbro, M|290\/394
|-damage|p1a: Slowbro|241\/394|[from] Stealth Rock
|move|p2a: Azumarill|Play Rough|p1a: Slowbro
|-damage|p1a: Slowbro|34\/394
|
|-heal|p1a: Slowbro|58\/394|[from] item: Leftovers
|turn|18
|
|switch|p2a: Alakazam|Alakazam, F|251\/251
|move|p1a: Slowbro|Slack Off|p1a: Slowbro
|-heal|p1a: Slowbro|255\/394
|
|-heal|p1a: Slowbro|279\/394|[from] item: Leftovers
|turn|19
|
|detailschange|p2a: Alakazam|Alakazam-Mega, F
|message|Alakazam has Mega Evolved into Mega Alakazam!
|-ability|p2a: Alakazam|Regenerator|[from] ability: Trace|[of] p1a: Slowbro
|move|p2a: Alakazam|Shadow Ball|p1a: Slowbro
|-supereffective|p1a: Slowbro
|-damage|p1a: Slowbro|0 fnt
|faint|p1a: Slowbro
|
|join|Ox the Fox
|
|switch|p1a: Chansey|Chansey, F|704\/704
|-damage|p1a: Chansey|616\/704|[from] Stealth Rock
|turn|20
|
|move|p2a: Alakazam|Taunt|p1a: Chansey
|-start|p1a: Chansey|move: Taunt
|cant|p1a: Chansey|move: Taunt|Stealth Rock
|
|turn|21
|
|move|p2a: Alakazam|Focus Blast|p1a: Chansey|[miss]
|-miss|p2a: Alakazam|p1a: Chansey
|move|p1a: Chansey|Seismic Toss|p2a: Alakazam
|-damage|p2a: Alakazam|151\/251
|
|turn|22
|
|move|p2a: Alakazam|Focus Blast|p1a: Chansey|[miss]
|-miss|p2a: Alakazam|p1a: Chansey
|move|p1a: Chansey|Seismic Toss|p2a: Alakazam
|-damage|p2a: Alakazam|51\/251
|
|-end|p1a: Chansey|move: Taunt
|turn|23
|
|switch|p2a: Azumarill|Azumarill, M|401\/401 par
|move|p1a: Chansey|Stealth Rock|p2a: Azumarill
|-sidestart|p2: WECAMEASROMANS|move: Stealth Rock
|
|turn|24
|
|switch|p1a: Scizor|Scizor, F|301\/344
|-damage|p1a: Scizor|258\/344|[from] Stealth Rock
|move|p2a: Azumarill|Waterfall|p1a: Scizor
|-damage|p1a: Scizor|51\/344
|
|turn|25
|
|switch|p2a: Latios|Latios, M|271\/301 par
|-damage|p2a: Latios|234\/301 par|[from] Stealth Rock
|detailschange|p1a: Scizor|Scizor-Mega, F
|message|Scizor has Mega Evolved into Mega Scizor!
|move|p1a: Scizor|Roost|p1a: Scizor
|-heal|p1a: Scizor|223\/344
|
|turn|26
|
|move|p1a: Scizor|Roost|p1a: Scizor
|-heal|p1a: Scizor|344\/344
|move|p2a: Latios|Defog|p1a: Scizor
|-unboost|p1a: Scizor|evasion|1
|-sideend|p1: Dayanne|Stealth Rock|[from] move: Defog|[of] p1a: Scizor
|-sideend|p2: WECAMEASROMANS|Stealth Rock|[from] move: Defog|[of] p2a: Latios
|
|turn|27
|
|switch|p1a: Zapdos|Zapdos|384\/384
|-ability|p1a: Zapdos|Pressure
|move|p2a: Latios|Psyshock|p1a: Zapdos
|-damage|p1a: Zapdos|220\/384
|-damage|p2a: Latios|204\/301 par|[from] item: Life Orb
|
|-heal|p1a: Zapdos|244\/384|[from] item: Leftovers
|turn|28
|
|switch|p2a: Mamoswine|Mamoswine, F|65\/361
|move|p1a: Zapdos|Heat Wave|p2a: Mamoswine
|-supereffective|p2a: Mamoswine
|-damage|p2a: Mamoswine|0 fnt
|faint|p2a: Mamoswine
|
|-heal|p1a: Zapdos|268\/384|[from] item: Leftovers
|join|flapflap
|
|switch|p2a: Thundurus|Thundurus, M|299\/299
|turn|29
|
|move|p2a: Thundurus|Thunderbolt|p1a: Zapdos
|-damage|p1a: Zapdos|56\/384
|-damage|p2a: Thundurus|270\/299|[from] item: Life Orb
|move|p1a: Zapdos|Volt Switch|p2a: Thundurus
|-damage|p2a: Thundurus|152\/299
|
|switch|p1a: Chansey|Chansey, F|616\/704
|
|turn|30
|
|switch|p2a: Azumarill|Azumarill, M|401\/401 par
|move|p1a: Chansey|Stealth Rock|p2a: Azumarill
|-sidestart|p2: WECAMEASROMANS|move: Stealth Rock
|
|turn|31
|c| flapflap|Mega alakazam
|c| flapflap|Cool
|
|move|p1a: Chansey|Seismic Toss|p2a: Azumarill
|-damage|p2a: Azumarill|301\/401 par
|move|p2a: Azumarill|Waterfall|p1a: Chansey
|-damage|p1a: Chansey|279\/704
|
|turn|32
|
|move|p1a: Chansey|Soft-Boiled|p1a: Chansey
|-heal|p1a: Chansey|631\/704
|move|p2a: Azumarill|Waterfall|p1a: Chansey
|-damage|p1a: Chansey|282\/704
|
|turn|33
|
|move|p1a: Chansey|Soft-Boiled|p1a: Chansey
|-heal|p1a: Chansey|634\/704
|move|p2a: Azumarill|Waterfall|p1a: Chansey
|-damage|p1a: Chansey|289\/704
|
|turn|34
|
|move|p1a: Chansey|Soft-Boiled|p1a: Chansey
|-heal|p1a: Chansey|641\/704
|move|p2a: Azumarill|Waterfall|p1a: Chansey
|-damage|p1a: Chansey|277\/704
|
|turn|35
|
|move|p1a: Chansey|Soft-Boiled|p1a: Chansey
|-heal|p1a: Chansey|629\/704
|move|p2a: Azumarill|Waterfall|p1a: Chansey
|-damage|p1a: Chansey|310\/704
|
|turn|36
|
|move|p1a: Chansey|Soft-Boiled|p1a: Chansey
|-heal|p1a: Chansey|662\/704
|cant|p2a: Azumarill|par
|
|turn|37
|c| flapflap|wcar whats ur set for alakazam?
|
|move|p1a: Chansey|Seismic Toss|p2a: Azumarill
|-damage|p2a: Azumarill|201\/401 par
|move|p2a: Azumarill|Waterfall|p1a: Chansey
|-damage|p1a: Chansey|347\/704
|
|turn|38
|
|move|p1a: Chansey|Soft-Boiled|p1a: Chansey
|-heal|p1a: Chansey|699\/704
|move|p2a: Azumarill|Waterfall|p1a: Chansey
|-damage|p1a: Chansey|327\/704
|
|turn|39
|c|âWECAMEASROMANS|3 atks + taunt
|
|move|p1a: Chansey|Soft-Boiled|p1a: Chansey
|-heal|p1a: Chansey|679\/704
|move|p2a: Azumarill|Waterfall|p1a: Chansey
|-damage|p1a: Chansey|342\/704
|
|turn|40
|
|move|p1a: Chansey|Soft-Boiled|p1a: Chansey
|-heal|p1a: Chansey|694\/704
|move|p2a: Azumarill|Waterfall|p1a: Chansey
|-damage|p1a: Chansey|342\/704
|
|turn|41
|
|move|p1a: Chansey|Soft-Boiled|p1a: Chansey
|-heal|p1a: Chansey|694\/704
|move|p2a: Azumarill|Waterfall|p1a: Chansey
|-damage|p1a: Chansey|379\/704
|
|turn|42
|
|move|p1a: Chansey|Soft-Boiled|p1a: Chansey
|-heal|p1a: Chansey|704\/704
|move|p2a: Azumarill|Waterfall|p1a: Chansey
|-damage|p1a: Chansey|374\/704
|
|turn|43
|
|move|p1a: Chansey|Soft-Boiled|p1a: Chansey
|-heal|p1a: Chansey|704\/704
|move|p2a: Azumarill|Waterfall|p1a: Chansey
|-damage|p1a: Chansey|367\/704
|
|turn|44
|
|move|p1a: Chansey|Soft-Boiled|p1a: Chansey
|-heal|p1a: Chansey|704\/704
|move|p2a: Azumarill|Waterfall|p1a: Chansey
|-damage|p1a: Chansey|332\/704
|
|turn|45
|
|move|p1a: Chansey|Soft-Boiled|p1a: Chansey
|-heal|p1a: Chansey|684\/704
|cant|p2a: Azumarill|par
|
|turn|46
|c| flapflap|24 > 16
|
|switch|p1a: Scizor|Scizor-Mega, F|344\/344
|move|p2a: Azumarill|Waterfall|p1a: Scizor
|-damage|p1a: Scizor|182\/344
|
|turn|47
|
|move|p1a: Scizor|Roost|p1a: Scizor
|-heal|p1a: Scizor|344\/344
|cant|p2a: Azumarill|par
|
|turn|48
|
|switch|p2a: Latios|Latios, M|204\/301 par
|-damage|p2a: Latios|167\/301 par|[from] Stealth Rock
|move|p1a: Scizor|Swords Dance|p1a: Scizor
|-boost|p1a: Scizor|atk|2
|
|turn|49
|
|move|p1a: Scizor|Bullet Punch|p2a: Latios
|-damage|p2a: Latios|0 fnt
|faint|p2a: Latios
|
|
|switch|p2a: Talonflame|Talonflame, F|166\/297 par
|-damage|p2a: Talonflame|18\/297 par|[from] Stealth Rock
|turn|50
|
|move|p1a: Scizor|Bullet Punch|p2a: Talonflame
|-resisted|p2a: Talonflame
|-damage|p2a: Talonflame|0 fnt
|faint|p2a: Talonflame
|
|-message|WECAMEASROMANS forfeited.
|
|win|Dayanne
|raw|Ladder updating...
|leave|WECAMEASROMANS
|player|p2
|raw|Dayanne's rating: 1852 &rarr; <strong>1870<\/strong><br \/>(+18 for winning)
|raw|WECAMEASROMANS's rating: 1819 &rarr; <strong>1801<\/strong><br \/>(-18 for losing)
|c| flapflap|lmao
|c| flapflap|mexican