|join|Dayanne
|join|beardy man
|player|p1|Dayanne|37
|player|p2|beardy man|102
|gametype|singles
|gen|6
|tier|OU
|rated
|clearpoke
|poke|p1|Chansey, F
|poke|p1|Zapdos
|poke|p1|Scizor, M
|poke|p1|Clefable, F
|poke|p1|Gliscor, M
|poke|p1|Slowbro, M
|poke|p2|Metagross
|poke|p2|Keldeo
|poke|p2|Talonflame, M
|poke|p2|Rotom-Wash
|poke|p2|Landorus-Therian, M
|poke|p2|Latias, F
|rule|Swagger Clause: Swagger is banned
|rule|Baton Pass Clause: Limit one PokÃ©mon knowing Baton Pass
|rule|Sleep Clause Mod: Limit one foe put to sleep
|rule|Species Clause: Limit one of each PokÃ©mon
|rule|OHKO Clause: OHKO moves are banned
|rule|Moody Clause: Moody is banned
|rule|Evasion Moves Clause: Evasion moves are banned
|rule|Endless Battle Clause: Forcing endless battles is banned
|rule|HP Percentage Mod: HP is shown in percentages
|teampreview
|
|start
|switch|p1a: Slowbro|Slowbro, M|394\/394
|switch|p2a: Keldeo|Keldeo|323\/323
|turn|1
|
|switch|p2a: Rotom-Wash|Rotom-Wash|304\/304
|move|p1a: Slowbro|Scald|p2a: Rotom-Wash
|-crit|p2a: Rotom-Wash
|-resisted|p2a: Rotom-Wash
|-damage|p2a: Rotom-Wash|238\/304
|
|-heal|p2a: Rotom-Wash|257\/304|[from] item: Leftovers
|turn|2
|
|switch|p1a: Chansey|Chansey, F|704\/704
|move|p2a: Rotom-Wash|Will-O-Wisp|p1a: Chansey
|-status|p1a: Chansey|brn
|
|-heal|p2a: Rotom-Wash|276\/304|[from] item: Leftovers
|-damage|p1a: Chansey|616\/704 brn|[from] brn
|turn|3
|
|move|p2a: Rotom-Wash|Volt Switch|p1a: Chansey
|-damage|p1a: Chansey|559\/704 brn
|
|switch|p2a: Landorus-Therian|Landorus-Therian, M|381\/381
|-ability|p2a: Landorus-Therian|Intimidate|[of] p1a: Chansey
|-unboost|p1a: Chansey|atk|1
|move|p1a: Chansey|Stealth Rock|p2a: Landorus-Therian
|-sidestart|p2: beardy man|move: Stealth Rock
|
|-damage|p1a: Chansey|471\/704 brn|[from] brn
|turn|4
|
|switch|p1a: Slowbro|Slowbro, M|394\/394
|move|p2a: Landorus-Therian|Stealth Rock|p1a: Slowbro
|-sidestart|p1: Dayanne|move: Stealth Rock
|
|turn|5
|
|move|p2a: Landorus-Therian|Toxic|p1a: Slowbro
|-status|p1a: Slowbro|tox
|move|p1a: Slowbro|Scald|p2a: Landorus-Therian
|-supereffective|p2a: Landorus-Therian
|-damage|p2a: Landorus-Therian|171\/381
|
|-heal|p2a: Landorus-Therian|194\/381|[from] item: Leftovers
|-damage|p1a: Slowbro|370\/394 tox|[from] psn
|turn|6
|
|move|p2a: Landorus-Therian|U-turn|p1a: Slowbro
|-supereffective|p1a: Slowbro
|-damage|p1a: Slowbro|268\/394 tox
|
|switch|p2a: Rotom-Wash|Rotom-Wash|276\/304
|-damage|p2a: Rotom-Wash|238\/304|[from] Stealth Rock
|move|p1a: Slowbro|Scald|p2a: Rotom-Wash
|-resisted|p2a: Rotom-Wash
|-damage|p2a: Rotom-Wash|196\/304
|-status|p2a: Rotom-Wash|brn
|
|-heal|p2a: Rotom-Wash|215\/304 brn|[from] item: Leftovers
|-heal|p1a: Slowbro|292\/394 tox|[from] item: Leftovers
|-damage|p2a: Rotom-Wash|177\/304 brn|[from] brn
|-damage|p1a: Slowbro|244\/394 tox|[from] psn
|turn|7
|
|switch|p1a: Chansey|Chansey, F|471\/704
|-damage|p1a: Chansey|383\/704|[from] Stealth Rock
|move|p2a: Rotom-Wash|Volt Switch|p1a: Chansey
|-damage|p1a: Chansey|326\/704
|
|switch|p2a: Landorus-Therian|Landorus-Therian, M|194\/381
|-damage|p2a: Landorus-Therian|147\/381|[from] Stealth Rock
|-ability|p2a: Landorus-Therian|Intimidate|[of] p1a: Chansey
|-unboost|p1a: Chansey|atk|1
|
|-heal|p2a: Landorus-Therian|170\/381|[from] item: Leftovers
|turn|8
|
|move|p2a: Landorus-Therian|U-turn|p1a: Chansey
|-damage|p1a: Chansey|228\/704
|
|switch|p2a: Metagross|Metagross|301\/301
|-damage|p2a: Metagross|283\/301|[from] Stealth Rock
|move|p1a: Chansey|Soft-Boiled|p1a: Chansey
|-heal|p1a: Chansey|580\/704
|
|turn|9
|
|switch|p2a: Rotom-Wash|Rotom-Wash|177\/304 brn
|-damage|p2a: Rotom-Wash|139\/304 brn|[from] Stealth Rock
|switch|p1a: Scizor|Scizor, M|344\/344
|-damage|p1a: Scizor|301\/344|[from] Stealth Rock
|
|-heal|p2a: Rotom-Wash|158\/304 brn|[from] item: Leftovers
|-damage|p2a: Rotom-Wash|120\/304 brn|[from] brn
|turn|10
|
|switch|p1a: Chansey|Chansey, F|580\/704
|-damage|p1a: Chansey|492\/704|[from] Stealth Rock
|move|p2a: Rotom-Wash|Volt Switch|p1a: Chansey
|-damage|p1a: Chansey|437\/704
|
|switch|p2a: Metagross|Metagross|283\/301
|-damage|p2a: Metagross|265\/301|[from] Stealth Rock
|
|turn|11
|
|switch|p1a: Slowbro|Slowbro, M|375\/394 tox
|-damage|p1a: Slowbro|326\/394 tox|[from] Stealth Rock
|detailschange|p2a: Metagross|Metagross-Mega
|-mega|p2a: Metagross|Metagross|Metagrossite
|move|p2a: Metagross|Hammer Arm|p1a: Slowbro
|-resisted|p1a: Slowbro
|-damage|p1a: Slowbro|267\/394 tox
|-unboost|p2a: Metagross|spe|1
|
|-heal|p1a: Slowbro|291\/394 tox|[from] item: Leftovers
|-damage|p1a: Slowbro|267\/394 tox|[from] psn
|turn|12
|
|switch|p2a: Rotom-Wash|Rotom-Wash|120\/304 brn
|-damage|p2a: Rotom-Wash|82\/304 brn|[from] Stealth Rock
|switch|p1a: Gliscor|Gliscor, M|352\/352
|-damage|p1a: Gliscor|308\/352|[from] Stealth Rock
|
|-heal|p2a: Rotom-Wash|101\/304 brn|[from] item: Leftovers
|-damage|p2a: Rotom-Wash|63\/304 brn|[from] brn
|-status|p1a: Gliscor|tox|[from] item: Toxic Orb
|turn|13
|
|move|p1a: Gliscor|Taunt|p2a: Rotom-Wash
|-start|p2a: Rotom-Wash|move: Taunt
|cant|p2a: Rotom-Wash|move: Taunt|Pain Split
|
|-heal|p2a: Rotom-Wash|82\/304 brn|[from] item: Leftovers
|-heal|p1a: Gliscor|352\/352 tox|[from] ability: Poison Heal
|-damage|p2a: Rotom-Wash|44\/304 brn|[from] brn
|turn|14
|
|move|p1a: Gliscor|Knock Off|p2a: Rotom-Wash
|-damage|p2a: Rotom-Wash|0 fnt
|-enditem|p2a: Rotom-Wash|Leftovers|[from] move: Knock Off|[of] p1a: Gliscor
|faint|p2a: Rotom-Wash
|
|
|switch|p2a: Keldeo|Keldeo|323\/323
|-damage|p2a: Keldeo|303\/323|[from] Stealth Rock
|turn|15
|
|switch|p1a: Slowbro|Slowbro, M|394\/394 tox
|-damage|p1a: Slowbro|345\/394 tox|[from] Stealth Rock
|move|p2a: Keldeo|Substitute|p2a: Keldeo
|-start|p2a: Keldeo|Substitute
|-damage|p2a: Keldeo|223\/323
|
|-heal|p2a: Keldeo|243\/323|[from] item: Leftovers
|-heal|p1a: Slowbro|369\/394 tox|[from] item: Leftovers
|-damage|p1a: Slowbro|345\/394 tox|[from] psn
|turn|16
|
|move|p2a: Keldeo|Scald|p1a: Slowbro
|-resisted|p1a: Slowbro
|-damage|p1a: Slowbro|264\/394 tox
|move|p1a: Slowbro|Psyshock|p2a: Keldeo
|-supereffective|p2a: Keldeo
|-end|p2a: Keldeo|Substitute
|
|-heal|p2a: Keldeo|263\/323|[from] item: Leftovers
|-heal|p1a: Slowbro|288\/394 tox|[from] item: Leftovers
|-damage|p1a: Slowbro|240\/394 tox|[from] psn
|turn|17
|
|move|p2a: Keldeo|Substitute|p2a: Keldeo
|-start|p2a: Keldeo|Substitute
|-damage|p2a: Keldeo|183\/323
|move|p1a: Slowbro|Psyshock|p2a: Keldeo
|-supereffective|p2a: Keldeo
|-end|p2a: Keldeo|Substitute
|
|-heal|p2a: Keldeo|203\/323|[from] item: Leftovers
|-heal|p1a: Slowbro|264\/394 tox|[from] item: Leftovers
|-damage|p1a: Slowbro|192\/394 tox|[from] psn
|turn|18
|
|switch|p2a: Metagross|Metagross-Mega|265\/301
|-damage|p2a: Metagross|247\/301|[from] Stealth Rock
|move|p1a: Slowbro|Psyshock|p2a: Metagross
|-resisted|p2a: Metagross
|-damage|p2a: Metagross|232\/301
|
|-heal|p1a: Slowbro|216\/394 tox|[from] item: Leftovers
|-damage|p1a: Slowbro|120\/394 tox|[from] psn
|turn|19
|
|switch|p1a: Scizor|Scizor, M|301\/344
|-damage|p1a: Scizor|258\/344|[from] Stealth Rock
|move|p2a: Metagross|Zen Headbutt|p1a: Scizor
|-resisted|p1a: Scizor
|-damage|p1a: Scizor|181\/344
|
|turn|20
|
|detailschange|p1a: Scizor|Scizor-Mega, M
|-mega|p1a: Scizor|Scizor|Scizorite
|move|p2a: Metagross|Hammer Arm|p1a: Scizor|[miss]
|-miss|p2a: Metagross|p1a: Scizor
|move|p1a: Scizor|Roost|p1a: Scizor
|-heal|p1a: Scizor|344\/344
|
|turn|21
|
|switch|p2a: Landorus-Therian|Landorus-Therian, M|170\/381
|-damage|p2a: Landorus-Therian|123\/381|[from] Stealth Rock
|-ability|p2a: Landorus-Therian|Intimidate|[of] p1a: Scizor
|-unboost|p1a: Scizor|atk|1
|move|p1a: Scizor|Swords Dance|p1a: Scizor
|-boost|p1a: Scizor|atk|2
|
|-heal|p2a: Landorus-Therian|146\/381|[from] item: Leftovers
|turn|22
|
|move|p1a: Scizor|Bullet Punch|p2a: Landorus-Therian
|-damage|p2a: Landorus-Therian|25\/381
|move|p2a: Landorus-Therian|Earthquake|p1a: Scizor
|-damage|p1a: Scizor|242\/344
|
|-heal|p2a: Landorus-Therian|48\/381|[from] item: Leftovers
|turn|23
|
|move|p2a: Landorus-Therian|U-turn|p1a: Scizor
|-resisted|p1a: Scizor
|-damage|p1a: Scizor|220\/344
|
|switch|p2a: Keldeo|Keldeo|203\/323
|-damage|p2a: Keldeo|183\/323|[from] Stealth Rock
|move|p1a: Scizor|Roost|p1a: Scizor
|-heal|p1a: Scizor|344\/344
|
|-heal|p2a: Keldeo|203\/323|[from] item: Leftovers
|turn|24
|
|move|p2a: Keldeo|Scald|p1a: Scizor
|-damage|p1a: Scizor|211\/344
|move|p1a: Scizor|Superpower|p2a: Keldeo
|-damage|p2a: Keldeo|0 fnt
|-unboost|p1a: Scizor|atk|1
|-unboost|p1a: Scizor|def|1
|faint|p2a: Keldeo
|
|
|switch|p2a: Talonflame|Talonflame, M|297\/297
|-damage|p2a: Talonflame|149\/297|[from] Stealth Rock
|turn|25
|
|switch|p1a: Zapdos|Zapdos|384\/384
|-damage|p1a: Zapdos|288\/384|[from] Stealth Rock
|-ability|p1a: Zapdos|Pressure
|move|p2a: Talonflame|Roost|p2a: Talonflame
|-heal|p2a: Talonflame|297\/297
|
|-heal|p1a: Zapdos|312\/384|[from] item: Leftovers
|turn|26
|
|switch|p2a: Landorus-Therian|Landorus-Therian, M|48\/381
|-damage|p2a: Landorus-Therian|1\/381|[from] Stealth Rock
|-ability|p2a: Landorus-Therian|Intimidate|[of] p1a: Zapdos
|-unboost|p1a: Zapdos|atk|1
|move|p1a: Zapdos|Volt Switch|p2a: Landorus-Therian
|-immune|p2a: Landorus-Therian|[msg]
|
|-heal|p2a: Landorus-Therian|24\/381|[from] item: Leftovers
|-heal|p1a: Zapdos|336\/384|[from] item: Leftovers
|turn|27
|
|move|p2a: Landorus-Therian|Toxic|p1a: Zapdos
|-status|p1a: Zapdos|tox
|move|p1a: Zapdos|Heat Wave|p2a: Landorus-Therian
|-crit|p2a: Landorus-Therian
|-damage|p2a: Landorus-Therian|0 fnt
|faint|p2a: Landorus-Therian
|
|-heal|p1a: Zapdos|360\/384 tox|[from] item: Leftovers
|-damage|p1a: Zapdos|336\/384 tox|[from] psn
|
|switch|p2a: Latias|Latias, F|301\/301
|-damage|p2a: Latias|264\/301|[from] Stealth Rock
|turn|28
|
|move|p2a: Latias|Defog|p1a: Zapdos
|-unboost|p1a: Zapdos|evasion|1
|-sideend|p1: Dayanne|Stealth Rock|[from] move: Defog|[of] p1a: Zapdos
|-sideend|p2: beardy man|Stealth Rock|[from] move: Defog|[of] p2a: Latias
|move|p1a: Zapdos|Roost|p1a: Zapdos
|-heal|p1a: Zapdos|384\/384 tox
|
|-damage|p1a: Zapdos|336\/384 tox|[from] psn
|turn|29
|
|switch|p1a: Chansey|Chansey, F|437\/704
|move|p2a: Latias|Psyshock|p1a: Chansey
|-damage|p1a: Chansey|210\/704
|-damage|p2a: Latias|234\/301|[from] item: Life Orb
|
|turn|30
|
|switch|p1a: Gliscor|Gliscor, M|352\/352 tox
|move|p2a: Latias|Psyshock|p1a: Gliscor
|-damage|p1a: Gliscor|214\/352 tox
|-damage|p2a: Latias|204\/301|[from] item: Life Orb
|
|-heal|p1a: Gliscor|258\/352 tox|[from] ability: Poison Heal
|turn|31
|
|move|p2a: Latias|Draco Meteor|p1a: Gliscor
|-damage|p1a: Gliscor|0 fnt
|-unboost|p2a: Latias|spa|2
|-damage|p2a: Latias|174\/301|[from] item: Life Orb
|faint|p1a: Gliscor
|
|
|switch|p1a: Chansey|Chansey, F|210\/704
|turn|32
|
|switch|p2a: Talonflame|Talonflame, M|297\/297
|move|p1a: Chansey|Soft-Boiled|p1a: Chansey
|-heal|p1a: Chansey|562\/704
|
|turn|33
|
|switch|p2a: Latias|Latias, F|174\/301
|switch|p1a: Clefable|Clefable, F|394\/394
|
|turn|34
|
|switch|p2a: Metagross|Metagross-Mega|232\/301
|move|p1a: Clefable|Moonblast|p2a: Metagross
|-crit|p2a: Metagross
|-resisted|p2a: Metagross
|-damage|p2a: Metagross|151\/301
|-unboost|p2a: Metagross|spa|1
|
|turn|35
|
|switch|p1a: Scizor|Scizor-Mega, M|211\/344
|move|p2a: Metagross|Hammer Arm|p1a: Scizor
|-damage|p1a: Scizor|111\/344
|-unboost|p2a: Metagross|spe|1
|
|turn|36
|
|switch|p2a: Talonflame|Talonflame, M|297\/297
|move|p1a: Scizor|Roost|p1a: Scizor
|-heal|p1a: Scizor|283\/344
|
|turn|37
|
|switch|p1a: Slowbro|Slowbro, M|251\/394 tox
|move|p2a: Talonflame|Flare Blitz|p1a: Slowbro
|-resisted|p1a: Slowbro
|-damage|p1a: Slowbro|200\/394 tox
|-damage|p2a: Talonflame|280\/297|[from] recoil|[of] p1a: Slowbro
|
|-heal|p1a: Slowbro|224\/394 tox|[from] item: Leftovers
|-damage|p1a: Slowbro|200\/394 tox|[from] psn
|turn|38
|
|switch|p2a: Latias|Latias, F|174\/301
|move|p1a: Slowbro|Thunder Wave|p2a: Latias
|-status|p2a: Latias|par
|
|-heal|p1a: Slowbro|224\/394 tox|[from] item: Leftovers
|-damage|p1a: Slowbro|176\/394 tox|[from] psn
|turn|39
|
|switch|p1a: Chansey|Chansey, F|562\/704
|switch|p2a: Metagross|Metagross-Mega|151\/301
|
|turn|40
|
|switch|p2a: Talonflame|Talonflame, M|280\/297
|switch|p1a: Scizor|Scizor-Mega, M|283\/344
|
|turn|41
|
|switch|p1a: Zapdos|Zapdos|336\/384 tox
|-ability|p1a: Zapdos|Pressure
|move|p2a: Talonflame|Swords Dance|p2a: Talonflame
|-boost|p2a: Talonflame|atk|2
|
|-heal|p1a: Zapdos|360\/384 tox|[from] item: Leftovers
|-damage|p1a: Zapdos|336\/384 tox|[from] psn
|turn|42
|
|move|p2a: Talonflame|Flare Blitz|p1a: Zapdos
|-damage|p1a: Zapdos|74\/384 tox
|-damage|p2a: Talonflame|194\/297|[from] recoil|[of] p1a: Zapdos
|move|p1a: Zapdos|Volt Switch|p2a: Talonflame
|-supereffective|p2a: Talonflame
|-damage|p2a: Talonflame|0 fnt
|faint|p2a: Talonflame
|-message|beardy man forfeited.
|
|win|Dayanne
|raw|Ladder updating...
|leave|beardy man
|player|p2
|raw|Dayanne's rating: 1752 &rarr; <strong>1767<\/strong><br \/>(+15 for winning)
|raw|beardy man's rating: 1667 &rarr; <strong>1652<\/strong><br \/>(-15 for losing)