|join|Dayanne
|join|Dodoria
|player|p1|Dayanne|37
|player|p2|Dodoria|224
|gametype|singles
|gen|6
|tier|OU
|rated
|clearpoke
|poke|p1|Chansey, F
|poke|p1|Zapdos
|poke|p1|Scizor, M
|poke|p1|Clefable, F
|poke|p1|Gliscor, M
|poke|p1|Slowbro, M
|poke|p2|Heatran, M
|poke|p2|Togekiss, F
|poke|p2|Sceptile, F
|poke|p2|Landorus-Therian, M
|poke|p2|Slowking, M
|poke|p2|Latios, M
|rule|Swagger Clause: Swagger is banned
|rule|Baton Pass Clause: Limit one PokÃ©mon knowing Baton Pass
|rule|Sleep Clause Mod: Limit one foe put to sleep
|rule|Species Clause: Limit one of each PokÃ©mon
|rule|OHKO Clause: OHKO moves are banned
|rule|Moody Clause: Moody is banned
|rule|Evasion Moves Clause: Evasion moves are banned
|rule|Endless Battle Clause: Forcing endless battles is banned
|rule|HP Percentage Mod: HP is shown in percentages
|teampreview
|
|start
|switch|p1a: Gliscor|Gliscor, M|352\/352
|switch|p2a: Heatran|Heatran, M|323\/323
|turn|1
|
|switch|p2a: Landorus-Therian|Landorus-Therian, M|379\/379
|-ability|p2a: Landorus-Therian|Intimidate|[of] p1a: Gliscor
|-unboost|p1a: Gliscor|atk|1
|move|p1a: Gliscor|Earthquake|p2a: Landorus-Therian
|-immune|p2a: Landorus-Therian|[msg]
|
|-status|p1a: Gliscor|tox|[from] item: Toxic Orb
|turn|2
|
|move|p1a: Gliscor|Knock Off|p2a: Landorus-Therian
|-damage|p2a: Landorus-Therian|341\/379
|-enditem|p2a: Landorus-Therian|Leftovers|[from] move: Knock Off|[of] p1a: Gliscor
|move|p2a: Landorus-Therian|Stealth Rock|p1a: Gliscor
|-sidestart|p1: Dayanne|move: Stealth Rock
|
|turn|3
|
|move|p1a: Gliscor|Knock Off|p2a: Landorus-Therian
|-crit|p2a: Landorus-Therian
|-damage|p2a: Landorus-Therian|287\/379
|move|p2a: Landorus-Therian|U-turn|p1a: Gliscor
|-resisted|p1a: Gliscor
|-damage|p1a: Gliscor|321\/352 tox
|
|switch|p2a: Latios|Latios, M|299\/299
|
|-heal|p1a: Gliscor|352\/352 tox|[from] ability: Poison Heal
|turn|4
|
|switch|p2a: Heatran|Heatran, M|323\/323
|move|p1a: Gliscor|Knock Off|p2a: Heatran
|-damage|p2a: Heatran|278\/323
|-enditem|p2a: Heatran|Leftovers|[from] move: Knock Off|[of] p1a: Gliscor
|
|turn|5
|
|switch|p2a: Latios|Latios, M|299\/299
|move|p1a: Gliscor|Knock Off|p2a: Latios
|-supereffective|p2a: Latios
|-damage|p2a: Latios|171\/299
|-enditem|p2a: Latios|Life Orb|[from] move: Knock Off|[of] p1a: Gliscor
|
|turn|6
|
|move|p2a: Latios|Recover|p2a: Latios
|-heal|p2a: Latios|299\/299
|move|p1a: Gliscor|Roost|p1a: Gliscor
|-fail|p1a: Gliscor
|
|turn|7
|
|move|p2a: Latios|Psyshock|p1a: Gliscor
|-damage|p1a: Gliscor|231\/352 tox
|move|p1a: Gliscor|Knock Off|p2a: Latios
|-supereffective|p2a: Latios
|-damage|p2a: Latios|219\/299
|
|-heal|p1a: Gliscor|275\/352 tox|[from] ability: Poison Heal
|turn|8
|
|switch|p1a: Chansey|Chansey, F|704\/704
|-damage|p1a: Chansey|616\/704|[from] Stealth Rock
|move|p2a: Latios|Psyshock|p1a: Chansey
|-damage|p1a: Chansey|441\/704
|
|turn|9
|
|switch|p2a: Heatran|Heatran, M|278\/323
|move|p1a: Chansey|Stealth Rock|p2a: Heatran
|-sidestart|p2: Dodoria|move: Stealth Rock
|
|turn|10
|
|switch|p1a: Gliscor|Gliscor, M|275\/352 tox
|-damage|p1a: Gliscor|231\/352 tox|[from] Stealth Rock
|move|p2a: Heatran|Magma Storm|p1a: Gliscor|[miss]
|-miss|p2a: Heatran|p1a: Gliscor
|
|-heal|p1a: Gliscor|275\/352 tox|[from] ability: Poison Heal
|turn|11
|
|switch|p2a: Latios|Latios, M|219\/299
|-damage|p2a: Latios|182\/299|[from] Stealth Rock
|move|p1a: Gliscor|Knock Off|p2a: Latios
|-supereffective|p2a: Latios
|-damage|p2a: Latios|70\/299
|
|-heal|p1a: Gliscor|319\/352 tox|[from] ability: Poison Heal
|turn|12
|
|move|p2a: Latios|Recover|p2a: Latios
|-heal|p2a: Latios|220\/299
|move|p1a: Gliscor|Knock Off|p2a: Latios
|-supereffective|p2a: Latios
|-damage|p2a: Latios|102\/299
|
|-heal|p1a: Gliscor|352\/352 tox|[from] ability: Poison Heal
|turn|13
|
|move|p2a: Latios|Recover|p2a: Latios
|-heal|p2a: Latios|252\/299
|move|p1a: Gliscor|Knock Off|p2a: Latios
|-supereffective|p2a: Latios
|-damage|p2a: Latios|140\/299
|
|turn|14
|
|move|p2a: Latios|Recover|p2a: Latios
|-heal|p2a: Latios|290\/299
|move|p1a: Gliscor|Knock Off|p2a: Latios
|-crit|p2a: Latios
|-supereffective|p2a: Latios
|-damage|p2a: Latios|116\/299
|
|turn|15
|
|switch|p2a: Landorus-Therian|Landorus-Therian, M|287\/379
|-damage|p2a: Landorus-Therian|240\/379|[from] Stealth Rock
|-ability|p2a: Landorus-Therian|Intimidate|[of] p1a: Gliscor
|-unboost|p1a: Gliscor|atk|1
|move|p1a: Gliscor|Taunt|p2a: Landorus-Therian
|-start|p2a: Landorus-Therian|move: Taunt
|
|turn|16
|
|move|p1a: Gliscor|Knock Off|p2a: Landorus-Therian
|-damage|p2a: Landorus-Therian|216\/379
|move|p2a: Landorus-Therian|U-turn|p1a: Gliscor
|-resisted|p1a: Gliscor
|-damage|p1a: Gliscor|319\/352 tox
|
|switch|p2a: Sceptile|Sceptile, F|281\/281
|-damage|p2a: Sceptile|246\/281|[from] Stealth Rock
|
|-heal|p1a: Gliscor|352\/352 tox|[from] ability: Poison Heal
|turn|17
|
|switch|p2a: Heatran|Heatran, M|278\/323
|-damage|p2a: Heatran|238\/323|[from] Stealth Rock
|switch|p1a: Zapdos|Zapdos|384\/384
|-damage|p1a: Zapdos|288\/384|[from] Stealth Rock
|-ability|p1a: Zapdos|Pressure
|
|-heal|p1a: Zapdos|312\/384|[from] item: Leftovers
|turn|18
|
|switch|p1a: Gliscor|Gliscor, M|352\/352 tox
|-damage|p1a: Gliscor|308\/352 tox|[from] Stealth Rock
|move|p2a: Heatran|Magma Storm|p1a: Gliscor
|-damage|p1a: Gliscor|137\/352 tox
|-activate|p1a: Gliscor|move: Magma Storm|[of] p2a: Heatran
|
|-heal|p1a: Gliscor|181\/352 tox|[from] ability: Poison Heal
|-damage|p1a: Gliscor|137\/352 tox|[from] move: Magma Storm|[partiallytrapped]
|turn|19
|
|move|p2a: Heatran|Magma Storm|p1a: Gliscor|[miss]
|-miss|p2a: Heatran|p1a: Gliscor
|move|p1a: Gliscor|Roost|p1a: Gliscor
|-heal|p1a: Gliscor|313\/352 tox
|
|-heal|p1a: Gliscor|352\/352 tox|[from] ability: Poison Heal
|-damage|p1a: Gliscor|308\/352 tox|[from] move: Magma Storm|[partiallytrapped]
|turn|20
|
|switch|p2a: Landorus-Therian|Landorus-Therian, M|216\/379
|-damage|p2a: Landorus-Therian|169\/379|[from] Stealth Rock
|-ability|p2a: Landorus-Therian|Intimidate|[of] p1a: Gliscor
|-unboost|p1a: Gliscor|atk|1
|move|p1a: Gliscor|Knock Off|p2a: Landorus-Therian
|-damage|p2a: Landorus-Therian|143\/379
|
|-heal|p1a: Gliscor|352\/352 tox|[from] ability: Poison Heal
|-end|p1a: Gliscor|Magma Storm|[partiallytrapped]
|turn|21
|
|move|p1a: Gliscor|Knock Off|p2a: Landorus-Therian
|-damage|p2a: Landorus-Therian|117\/379
|move|p2a: Landorus-Therian|U-turn|p1a: Gliscor
|-resisted|p1a: Gliscor
|-damage|p1a: Gliscor|321\/352 tox
|
|switch|p2a: Sceptile|Sceptile, F|246\/281
|-damage|p2a: Sceptile|211\/281|[from] Stealth Rock
|
|-heal|p1a: Gliscor|352\/352 tox|[from] ability: Poison Heal
|turn|22
|
|switch|p1a: Scizor|Scizor, M|344\/344
|-damage|p1a: Scizor|301\/344|[from] Stealth Rock
|detailschange|p2a: Sceptile|Sceptile-Mega, F
|-mega|p2a: Sceptile|Sceptile|Sceptilite
|move|p2a: Sceptile|Giga Drain|p1a: Scizor
|-resisted|p1a: Scizor
|-damage|p1a: Scizor|260\/344
|-heal|p2a: Sceptile|232\/281|[from] drain|[of] p1a: Scizor
|
|turn|23
|join|FUQ GLISCORE
|
|switch|p2a: Heatran|Heatran, M|238\/323
|-damage|p2a: Heatran|198\/323|[from] Stealth Rock
|switch|p1a: Gliscor|Gliscor, M|352\/352 tox
|-damage|p1a: Gliscor|308\/352 tox|[from] Stealth Rock
|
|-heal|p1a: Gliscor|352\/352 tox|[from] ability: Poison Heal
|turn|24
|
|switch|p2a: Landorus-Therian|Landorus-Therian, M|117\/379
|-damage|p2a: Landorus-Therian|70\/379|[from] Stealth Rock
|-ability|p2a: Landorus-Therian|Intimidate|[of] p1a: Gliscor
|-unboost|p1a: Gliscor|atk|1
|move|p1a: Gliscor|Earthquake|p2a: Landorus-Therian
|-immune|p2a: Landorus-Therian|[msg]
|
|turn|25
|
|switch|p2a: Togekiss|Togekiss, F|311\/311
|-damage|p2a: Togekiss|234\/311|[from] Stealth Rock
|move|p1a: Gliscor|Knock Off|p2a: Togekiss
|-resisted|p2a: Togekiss
|-damage|p2a: Togekiss|210\/311
|-enditem|p2a: Togekiss|Leftovers|[from] move: Knock Off|[of] p1a: Gliscor
|
|turn|26
|
|move|p2a: Togekiss|Nasty Plot|p2a: Togekiss
|-boost|p2a: Togekiss|spa|2
|move|p1a: Gliscor|Taunt|p2a: Togekiss
|-start|p2a: Togekiss|move: Taunt
|
|turn|27
|join|Mistaken
|
|switch|p1a: Clefable|Clefable, F|394\/394
|-damage|p1a: Clefable|345\/394|[from] Stealth Rock
|move|p2a: Togekiss|Air Slash|p1a: Clefable
|-damage|p1a: Clefable|198\/394
|
|-heal|p1a: Clefable|222\/394|[from] item: Leftovers
|turn|28
|
|move|p2a: Togekiss|Air Slash|p1a: Clefable
|-damage|p1a: Clefable|75\/394
|move|p1a: Clefable|Wish|p1a: Clefable
|
|-heal|p1a: Clefable|99\/394|[from] item: Leftovers
|turn|29
|
|move|p1a: Clefable|Protect|p1a: Clefable
|-singleturn|p1a: Clefable|Protect
|move|p2a: Togekiss|Air Slash|p1a: Clefable
|-activate|p1a: Clefable|Protect
|
|-heal|p1a: Clefable|296\/394|[from] move: Wish|[wisher] Clefable
|-heal|p1a: Clefable|320\/394|[from] item: Leftovers
|-end|p2a: Togekiss|move: Taunt
|turn|30
|
|move|p2a: Togekiss|Thunder Wave|p1a: Clefable
|-status|p1a: Clefable|par
|move|p1a: Clefable|Wish|p1a: Clefable
|
|-heal|p1a: Clefable|344\/394 par|[from] item: Leftovers
|turn|31
|
|move|p2a: Togekiss|Air Slash|p1a: Clefable
|-damage|p1a: Clefable|196\/394 par
|cant|p1a: Clefable|par
|
|-heal|p1a: Clefable|393\/394 par|[from] move: Wish|[wisher] Clefable
|-heal|p1a: Clefable|394\/394 par|[from] item: Leftovers
|turn|32
|
|move|p2a: Togekiss|Air Slash|p1a: Clefable
|-damage|p1a: Clefable|250\/394 par
|move|p1a: Clefable|Calm Mind|p1a: Clefable
|-boost|p1a: Clefable|spa|1
|-boost|p1a: Clefable|spd|1
|
|-heal|p1a: Clefable|274\/394 par|[from] item: Leftovers
|turn|33
|
|move|p2a: Togekiss|Air Slash|p1a: Clefable
|-damage|p1a: Clefable|180\/394 par
|cant|p1a: Clefable|flinch
|
|-heal|p1a: Clefable|204\/394 par|[from] item: Leftovers
|turn|34
|
|switch|p2a: Heatran|Heatran, M|198\/323
|-damage|p2a: Heatran|158\/323|[from] Stealth Rock
|move|p1a: Clefable|Wish|p1a: Clefable
|
|-heal|p1a: Clefable|228\/394 par|[from] item: Leftovers
|turn|35
|
|switch|p1a: Chansey|Chansey, F|441\/704
|-damage|p1a: Chansey|353\/704|[from] Stealth Rock
|move|p2a: Heatran|Taunt|p1a: Chansey
|-start|p1a: Chansey|move: Taunt
|
|-heal|p1a: Chansey|550\/704|[from] move: Wish|[wisher] Clefable
|turn|36
|
|move|p2a: Heatran|Magma Storm|p1a: Chansey
|-damage|p1a: Chansey|441\/704
|-activate|p1a: Chansey|move: Magma Storm|[of] p2a: Heatran
|move|p1a: Chansey|Seismic Toss|p2a: Heatran
|-damage|p2a: Heatran|58\/323
|
|-damage|p1a: Chansey|353\/704|[from] move: Magma Storm|[partiallytrapped]
|turn|37
|
|move|p2a: Heatran|Toxic|p1a: Chansey
|-status|p1a: Chansey|tox
|move|p1a: Chansey|Seismic Toss|p2a: Heatran
|-damage|p2a: Heatran|0 fnt
|faint|p2a: Heatran
|
|-damage|p1a: Chansey|309\/704 tox|[from] psn
|-end|p1a: Chansey|Magma Storm|[partiallytrapped]
|
|switch|p2a: Sceptile|Sceptile-Mega, F|232\/281
|-damage|p2a: Sceptile|197\/281|[from] Stealth Rock
|turn|38
|
|switch|p1a: Scizor|Scizor, M|260\/344
|-damage|p1a: Scizor|217\/344|[from] Stealth Rock
|move|p2a: Sceptile|Substitute|p2a: Sceptile
|-start|p2a: Sceptile|Substitute
|-damage|p2a: Sceptile|127\/281
|
|turn|39
|
|detailschange|p1a: Scizor|Scizor-Mega, M
|-mega|p1a: Scizor|Scizor|Scizorite
|move|p2a: Sceptile|Focus Blast|p1a: Scizor|[miss]
|-miss|p2a: Sceptile|p1a: Scizor
|move|p1a: Scizor|Roost|p1a: Scizor
|-heal|p1a: Scizor|344\/344
|
|turn|40
|
|move|p1a: Scizor|Bullet Punch|p2a: Sceptile
|-end|p2a: Sceptile|Substitute
|move|p2a: Sceptile|Focus Blast|p1a: Scizor
|-damage|p1a: Scizor|202\/344
|
|turn|41
|
|move|p1a: Scizor|Bullet Punch|p2a: Sceptile
|-damage|p2a: Sceptile|9\/281
|move|p2a: Sceptile|Focus Blast|p1a: Scizor|[miss]
|-miss|p2a: Sceptile|p1a: Scizor
|
|turn|42
|c|âDodoria|gg
|-message|Dodoria forfeited.
|
|win|Dayanne
|raw|Ladder updating...
|raw|Dayanne's rating: 1724 &rarr; <strong>1736<\/strong><br \/>(+12 for winning)
|raw|Dodoria's rating: 1571 &rarr; <strong>1559<\/strong><br \/>(-12 for losing)
|leave|Dodoria
|player|p2