|join|ExpertOccultist
|join|Dayanne
|player|p1|ExpertOccultist|52
|player|p2|Dayanne|37
|gametype|singles
|gen|6
|tier|OU
|rated
|clearpoke
|poke|p1|Metagross, shiny
|poke|p1|Breloom, M
|poke|p1|Heatran, M, shiny
|poke|p1|Manaphy, shiny
|poke|p1|Hydreigon, F, shiny
|poke|p1|Landorus-Therian, M
|poke|p2|Chansey, F
|poke|p2|Zapdos
|poke|p2|Scizor, F
|poke|p2|Clefable, F
|poke|p2|Gliscor, M
|poke|p2|Slowbro, M
|rule|Swagger Clause: Swagger is banned
|rule|Baton Pass Clause: Limit one PokÃ©mon knowing Baton Pass
|rule|Sleep Clause Mod: Limit one foe put to sleep
|rule|Species Clause: Limit one of each PokÃ©mon
|rule|OHKO Clause: OHKO moves are banned
|rule|Moody Clause: Moody is banned
|rule|Evasion Moves Clause: Evasion moves are banned
|rule|Endless Battle Clause: Forcing endless battles is banned
|rule|HP Percentage Mod: HP is shown in percentages
|teampreview
|
|start
|switch|p1a: Witchcraft Rock|Hydreigon, F, shiny|326\/326
|switch|p2a: Slowbro|Slowbro, M|394\/394
|turn|1
|
|switch|p2a: Chansey|Chansey, F|704\/704
|move|p1a: Witchcraft Rock|Dark Pulse|p2a: Chansey
|-damage|p2a: Chansey|610\/704
|
|turn|2
|
|move|p1a: Witchcraft Rock|U-turn|p2a: Chansey
|-damage|p2a: Chansey|532\/704
|
|switch|p1a: Kitty Meow Meow|Landorus-Therian, M|319\/319
|-ability|p1a: Kitty Meow Meow|Intimidate|[of] p2a: Chansey
|-unboost|p2a: Chansey|atk|1
|move|p2a: Chansey|Stealth Rock|p1a: Kitty Meow Meow
|-sidestart|p1: ExpertOccultist|move: Stealth Rock
|
|turn|3
|
|switch|p2a: Slowbro|Slowbro, M|394\/394
|move|p1a: Kitty Meow Meow|Knock Off|p2a: Slowbro
|-supereffective|p2a: Slowbro
|-damage|p2a: Slowbro|220\/394
|-enditem|p2a: Slowbro|Leftovers|[from] move: Knock Off|[of] p1a: Kitty Meow Meow
|
|turn|4
|
|switch|p1a: Witchcraft Rock|Hydreigon, F, shiny|326\/326
|-damage|p1a: Witchcraft Rock|286\/326|[from] Stealth Rock
|move|p2a: Slowbro|Thunder Wave|p1a: Witchcraft Rock
|-status|p1a: Witchcraft Rock|par
|
|turn|5
|
|switch|p2a: Gliscor|Gliscor, M|352\/352
|move|p1a: Witchcraft Rock|U-turn|p2a: Gliscor
|-resisted|p2a: Gliscor
|-damage|p2a: Gliscor|330\/352
|
|switch|p1a: Super Goo|Manaphy, shiny|365\/365
|-damage|p1a: Super Goo|320\/365|[from] Stealth Rock
|
|-heal|p1a: Super Goo|342\/365|[from] item: Leftovers
|-status|p2a: Gliscor|tox|[from] item: Toxic Orb
|turn|6
|
|switch|p2a: Clefable|Clefable, F|394\/394
|move|p1a: Super Goo|Tail Glow|p1a: Super Goo
|-boost|p1a: Super Goo|spa|3
|
|-heal|p1a: Super Goo|364\/365|[from] item: Leftovers
|turn|7
|
|switch|p1a: God Monster|Heatran, M, shiny|333\/333
|-damage|p1a: God Monster|292\/333|[from] Stealth Rock
|move|p2a: Clefable|Calm Mind|p2a: Clefable
|-boost|p2a: Clefable|spa|1
|-boost|p2a: Clefable|spd|1
|
|-heal|p1a: God Monster|312\/333|[from] item: Leftovers
|turn|8
|
|switch|p2a: Gliscor|Gliscor, M|330\/352 tox
|move|p1a: God Monster|Stealth Rock|p2a: Gliscor
|-sidestart|p2: Dayanne|move: Stealth Rock
|
|-heal|p1a: God Monster|332\/333|[from] item: Leftovers
|-heal|p2a: Gliscor|352\/352 tox|[from] ability: Poison Heal
|turn|9
|
|switch|p1a: Witchcraft Rock|Hydreigon, F, shiny|286\/326 par
|-damage|p1a: Witchcraft Rock|246\/326 par|[from] Stealth Rock
|move|p2a: Gliscor|Knock Off|p1a: Witchcraft Rock
|-resisted|p1a: Witchcraft Rock
|-damage|p1a: Witchcraft Rock|201\/326 par
|-enditem|p1a: Witchcraft Rock|Assault Vest|[from] move: Knock Off|[of] p2a: Gliscor
|
|turn|10
|
|move|p2a: Gliscor|Knock Off|p1a: Witchcraft Rock
|-resisted|p1a: Witchcraft Rock
|-damage|p1a: Witchcraft Rock|171\/326 par
|cant|p1a: Witchcraft Rock|par
|
|turn|11
|
|move|p2a: Gliscor|Knock Off|p1a: Witchcraft Rock
|-resisted|p1a: Witchcraft Rock
|-damage|p1a: Witchcraft Rock|143\/326 par
|cant|p1a: Witchcraft Rock|par
|
|turn|12
|
|move|p2a: Gliscor|Knock Off|p1a: Witchcraft Rock
|-resisted|p1a: Witchcraft Rock
|-damage|p1a: Witchcraft Rock|113\/326 par
|cant|p1a: Witchcraft Rock|par
|
|turn|13
|
|move|p2a: Gliscor|Knock Off|p1a: Witchcraft Rock
|-resisted|p1a: Witchcraft Rock
|-damage|p1a: Witchcraft Rock|85\/326 par
|cant|p1a: Witchcraft Rock|par
|
|turn|14
|c|âExpertOccultist|...
|
|move|p2a: Gliscor|Knock Off|p1a: Witchcraft Rock
|-resisted|p1a: Witchcraft Rock
|-damage|p1a: Witchcraft Rock|56\/326 par
|cant|p1a: Witchcraft Rock|par
|
|turn|15
|
|move|p2a: Gliscor|Knock Off|p1a: Witchcraft Rock
|-resisted|p1a: Witchcraft Rock
|-damage|p1a: Witchcraft Rock|25\/326 par
|move|p1a: Witchcraft Rock|Draco Meteor|p2a: Gliscor
|-damage|p2a: Gliscor|109\/352 tox
|-unboost|p1a: Witchcraft Rock|spa|2
|
|-heal|p2a: Gliscor|153\/352 tox|[from] ability: Poison Heal
|turn|16
|
|move|p2a: Gliscor|Roost|p2a: Gliscor
|-heal|p2a: Gliscor|329\/352 tox
|move|p1a: Witchcraft Rock|U-turn|p2a: Gliscor
|-damage|p2a: Gliscor|279\/352 tox
|
|switch|p1a: Super Goo|Manaphy, shiny|364\/365
|-damage|p1a: Super Goo|319\/365|[from] Stealth Rock
|
|-heal|p1a: Super Goo|341\/365|[from] item: Leftovers
|-heal|p2a: Gliscor|323\/352 tox|[from] ability: Poison Heal
|turn|17
|
|switch|p1a: Cramp Stomp|Metagross, shiny|302\/302
|-damage|p1a: Cramp Stomp|284\/302|[from] Stealth Rock
|move|p2a: Gliscor|Knock Off|p1a: Cramp Stomp
|-supereffective|p1a: Cramp Stomp
|-damage|p1a: Cramp Stomp|200\/302
|
|-heal|p2a: Gliscor|352\/352 tox|[from] ability: Poison Heal
|turn|18
|
|switch|p2a: Slowbro|Slowbro, M|351\/394
|-damage|p2a: Slowbro|302\/394|[from] Stealth Rock
|detailschange|p1a: Cramp Stomp|Metagross-Mega, shiny
|-mega|p1a: Cramp Stomp|Metagross|Metagrossite
|move|p1a: Cramp Stomp|Ice Punch|p2a: Slowbro
|-resisted|p2a: Slowbro
|-damage|p2a: Slowbro|262\/394
|
|turn|19
|
|switch|p1a: Witchcraft Rock|Hydreigon, F, shiny|25\/326 par
|-damage|p1a: Witchcraft Rock|0 fnt|[from] Stealth Rock
|faint|p1a: Witchcraft Rock
|move|p2a: Slowbro|Scald|p1: Witchcraft Rock|[notarget]
|-notarget
|
|
|switch|p1a: Hypno Sex Ray|Breloom, M|261\/261
|-damage|p1a: Hypno Sex Ray|245\/261|[from] Stealth Rock
|turn|20
|
|switch|p2a: Zapdos|Zapdos|384\/384
|-damage|p2a: Zapdos|288\/384|[from] Stealth Rock
|-ability|p2a: Zapdos|Pressure
|move|p1a: Hypno Sex Ray|Bullet Seed|p2a: Zapdos
|-resisted|p2a: Zapdos
|-damage|p2a: Zapdos|257\/384
|-crit|p2a: Zapdos
|-resisted|p2a: Zapdos
|-damage|p2a: Zapdos|209\/384
|-resisted|p2a: Zapdos
|-damage|p2a: Zapdos|180\/384
|-resisted|p2a: Zapdos
|-damage|p2a: Zapdos|150\/384
|-resisted|p2a: Zapdos
|-damage|p2a: Zapdos|118\/384
|-hitcount|p2a: Zapdos|5
|
|-heal|p2a: Zapdos|142\/384|[from] item: Leftovers
|turn|21
|
|move|p2a: Zapdos|Roost|p2a: Zapdos
|-heal|p2a: Zapdos|334\/384
|move|p1a: Hypno Sex Ray|Spore|p2a: Zapdos
|-status|p2a: Zapdos|slp
|
|-heal|p2a: Zapdos|358\/384 slp|[from] item: Leftovers
|turn|22
|
|switch|p2a: Scizor|Scizor, F|344\/344
|-damage|p2a: Scizor|301\/344|[from] Stealth Rock
|move|p1a: Hypno Sex Ray|Rock Tomb|p2a: Scizor
|-damage|p2a: Scizor|211\/344
|-unboost|p2a: Scizor|spe|1
|
|turn|23
|
|switch|p1a: Kitty Meow Meow|Landorus-Therian, M|319\/319
|-damage|p1a: Kitty Meow Meow|280\/319|[from] Stealth Rock
|-ability|p1a: Kitty Meow Meow|Intimidate|[of] p2a: Scizor
|-unboost|p2a: Scizor|atk|1
|detailschange|p2a: Scizor|Scizor-Mega, F
|-mega|p2a: Scizor|Scizor|Scizorite
|move|p2a: Scizor|Roost|p2a: Scizor
|-heal|p2a: Scizor|344\/344
|
|turn|24
|
|move|p1a: Kitty Meow Meow|U-turn|p2a: Scizor
|-resisted|p2a: Scizor
|-damage|p2a: Scizor|318\/344
|
|switch|p1a: God Monster|Heatran, M, shiny|332\/333
|-damage|p1a: God Monster|291\/333|[from] Stealth Rock
|move|p2a: Scizor|Swords Dance|p2a: Scizor
|-boost|p2a: Scizor|atk|2
|
|-heal|p1a: God Monster|311\/333|[from] item: Leftovers
|turn|25
|
|switch|p2a: Gliscor|Gliscor, M|352\/352 tox
|-damage|p2a: Gliscor|308\/352 tox|[from] Stealth Rock
|move|p1a: God Monster|Lava Plume|p2a: Gliscor
|-damage|p2a: Gliscor|166\/352 tox
|
|-heal|p1a: God Monster|331\/333|[from] item: Leftovers
|-heal|p2a: Gliscor|210\/352 tox|[from] ability: Poison Heal
|turn|26
|
|switch|p1a: Kitty Meow Meow|Landorus-Therian, M|280\/319
|-damage|p1a: Kitty Meow Meow|241\/319|[from] Stealth Rock
|-ability|p1a: Kitty Meow Meow|Intimidate|[of] p2a: Gliscor
|-unboost|p2a: Gliscor|atk|1
|move|p2a: Gliscor|Knock Off|p1a: Kitty Meow Meow
|-crit|p1a: Kitty Meow Meow
|-damage|p1a: Kitty Meow Meow|117\/319
|-enditem|p1a: Kitty Meow Meow|Choice Scarf|[from] move: Knock Off|[of] p2a: Gliscor
|
|-heal|p2a: Gliscor|254\/352 tox|[from] ability: Poison Heal
|turn|27
|
|move|p1a: Kitty Meow Meow|U-turn|p2a: Gliscor
|-resisted|p2a: Gliscor
|-damage|p2a: Gliscor|214\/352 tox
|
|switch|p1a: Super Goo|Manaphy, shiny|341\/365
|-damage|p1a: Super Goo|296\/365|[from] Stealth Rock
|move|p2a: Gliscor|Knock Off|p1a: Super Goo
|-damage|p1a: Super Goo|247\/365
|-enditem|p1a: Super Goo|Leftovers|[from] move: Knock Off|[of] p2a: Gliscor
|
|-heal|p2a: Gliscor|258\/352 tox|[from] ability: Poison Heal
|turn|28
|
|switch|p2a: Chansey|Chansey, F|532\/704
|-damage|p2a: Chansey|444\/704|[from] Stealth Rock
|move|p1a: Super Goo|Tail Glow|p1a: Super Goo
|-boost|p1a: Super Goo|spa|3
|
|turn|29
|
|move|p1a: Super Goo|Tail Glow|p1a: Super Goo
|-boost|p1a: Super Goo|spa|3
|move|p2a: Chansey|Soft-Boiled|p2a: Chansey
|-heal|p2a: Chansey|704\/704
|
|turn|30
|
|move|p1a: Super Goo|Rain Dance|p1a: Super Goo
|-weather|RainDance
|move|p2a: Chansey|Seismic Toss|p1a: Super Goo
|-damage|p1a: Super Goo|147\/365
|
|-weather|RainDance|[upkeep]
|turn|31
|
|move|p1a: Super Goo|Scald|p2a: Chansey
|-damage|p2a: Chansey|268\/704
|-status|p2a: Chansey|brn
|move|p2a: Chansey|Seismic Toss|p1a: Super Goo
|-damage|p1a: Super Goo|47\/365
|
|-weather|RainDance|[upkeep]
|-damage|p2a: Chansey|180\/704 brn|[from] brn
|turn|32
|
|move|p1a: Super Goo|Scald|p2a: Chansey
|-damage|p2a: Chansey|0 fnt
|faint|p2a: Chansey
|
|-weather|RainDance|[upkeep]
|
|switch|p2a: Scizor|Scizor-Mega, F|318\/344
|-damage|p2a: Scizor|275\/344|[from] Stealth Rock
|turn|33
|
|move|p2a: Scizor|Bullet Punch|p1a: Super Goo
|-crit|p1a: Super Goo
|-resisted|p1a: Super Goo
|-damage|p1a: Super Goo|0 fnt
|faint|p1a: Super Goo
|
|-weather|RainDance|[upkeep]
|
|switch|p1a: Kitty Meow Meow|Landorus-Therian, M|117\/319
|-damage|p1a: Kitty Meow Meow|78\/319|[from] Stealth Rock
|-ability|p1a: Kitty Meow Meow|Intimidate|[of] p2a: Scizor
|-unboost|p2a: Scizor|atk|1
|turn|34
|
|move|p1a: Kitty Meow Meow|U-turn|p2a: Scizor
|-resisted|p2a: Scizor
|-damage|p2a: Scizor|250\/344
|
|switch|p1a: God Monster|Heatran, M, shiny|331\/333
|-damage|p1a: God Monster|290\/333|[from] Stealth Rock
|move|p2a: Scizor|Swords Dance|p2a: Scizor
|-boost|p2a: Scizor|atk|2
|
|-weather|none
|-heal|p1a: God Monster|310\/333|[from] item: Leftovers
|turn|35
|
|switch|p2a: Gliscor|Gliscor, M|258\/352 tox
|-damage|p2a: Gliscor|214\/352 tox|[from] Stealth Rock
|move|p1a: God Monster|Lava Plume|p2a: Gliscor
|-damage|p2a: Gliscor|79\/352 tox
|
|-heal|p1a: God Monster|330\/333|[from] item: Leftovers
|-heal|p2a: Gliscor|123\/352 tox|[from] ability: Poison Heal
|turn|36
|
|move|p1a: God Monster|Lava Plume|p2a: Gliscor
|-damage|p2a: Gliscor|0 fnt
|faint|p2a: Gliscor
|
|-heal|p1a: God Monster|333\/333|[from] item: Leftovers
|
|switch|p2a: Slowbro|Slowbro, M|393\/394
|-damage|p2a: Slowbro|344\/394|[from] Stealth Rock
|turn|37
|
|switch|p1a: Kitty Meow Meow|Landorus-Therian, M|78\/319
|-damage|p1a: Kitty Meow Meow|39\/319|[from] Stealth Rock
|-ability|p1a: Kitty Meow Meow|Intimidate|[of] p2a: Slowbro
|-unboost|p2a: Slowbro|atk|1
|move|p2a: Slowbro|Thunder Wave|p1a: Kitty Meow Meow
|-immune|p1a: Kitty Meow Meow|[msg]
|
|turn|38
|
|move|p1a: Kitty Meow Meow|U-turn|p2a: Slowbro
|-supereffective|p2a: Slowbro
|-damage|p2a: Slowbro|222\/394
|
|switch|p1a: Hypno Sex Ray|Breloom, M|245\/261
|-damage|p1a: Hypno Sex Ray|229\/261|[from] Stealth Rock
|move|p2a: Slowbro|Slack Off|p2a: Slowbro
|-heal|p2a: Slowbro|394\/394
|
|turn|39
|
|switch|p2a: Scizor|Scizor-Mega, F|250\/344
|-damage|p2a: Scizor|207\/344|[from] Stealth Rock
|move|p1a: Hypno Sex Ray|Rock Tomb|p2a: Scizor
|-damage|p2a: Scizor|142\/344
|-unboost|p2a: Scizor|spe|1
|
|turn|40
|
|switch|p1a: God Monster|Heatran, M, shiny|333\/333
|-damage|p1a: God Monster|292\/333|[from] Stealth Rock
|move|p2a: Scizor|Roost|p2a: Scizor
|-heal|p2a: Scizor|314\/344
|
|-heal|p1a: God Monster|312\/333|[from] item: Leftovers
|turn|41
|
|switch|p2a: Slowbro|Slowbro, M|394\/394
|-damage|p2a: Slowbro|345\/394|[from] Stealth Rock
|move|p1a: God Monster|Lava Plume|p2a: Slowbro
|-resisted|p2a: Slowbro
|-damage|p2a: Slowbro|243\/394
|
|-heal|p1a: God Monster|332\/333|[from] item: Leftovers
|turn|42
|
|switch|p1a: Kitty Meow Meow|Landorus-Therian, M|39\/319
|-damage|p1a: Kitty Meow Meow|0 fnt|[from] Stealth Rock
|faint|p1a: Kitty Meow Meow
|move|p2a: Slowbro|Psyshock|p1: Kitty Meow Meow|[notarget]
|-notarget
|
|
|switch|p1a: Hypno Sex Ray|Breloom, M|229\/261
|-damage|p1a: Hypno Sex Ray|213\/261|[from] Stealth Rock
|turn|43
|
|switch|p2a: Scizor|Scizor-Mega, F|314\/344
|-damage|p2a: Scizor|271\/344|[from] Stealth Rock
|move|p1a: Hypno Sex Ray|Bullet Seed|p2a: Scizor
|-resisted|p2a: Scizor
|-damage|p2a: Scizor|261\/344
|-resisted|p2a: Scizor
|-damage|p2a: Scizor|251\/344
|-resisted|p2a: Scizor
|-damage|p2a: Scizor|241\/344
|-resisted|p2a: Scizor
|-damage|p2a: Scizor|231\/344
|-hitcount|p2a: Scizor|4
|
|turn|44
|
|switch|p1a: God Monster|Heatran, M, shiny|332\/333
|-damage|p1a: God Monster|291\/333|[from] Stealth Rock
|move|p2a: Scizor|Roost|p2a: Scizor
|-heal|p2a: Scizor|344\/344
|
|-heal|p1a: God Monster|311\/333|[from] item: Leftovers
|turn|45
|
|switch|p2a: Slowbro|Slowbro, M|374\/394
|-damage|p2a: Slowbro|325\/394|[from] Stealth Rock
|move|p1a: God Monster|Lava Plume|p2a: Slowbro
|-resisted|p2a: Slowbro
|-damage|p2a: Slowbro|236\/394
|
|-heal|p1a: God Monster|331\/333|[from] item: Leftovers
|turn|46
|
|move|p1a: God Monster|Lava Plume|p2a: Slowbro
|-resisted|p2a: Slowbro
|-damage|p2a: Slowbro|144\/394
|move|p2a: Slowbro|Thunder Wave|p1a: God Monster
|-status|p1a: God Monster|par
|
|-heal|p1a: God Monster|333\/333 par|[from] item: Leftovers
|turn|47
|
|move|p2a: Slowbro|Slack Off|p2a: Slowbro
|-heal|p2a: Slowbro|341\/394
|move|p1a: God Monster|Lava Plume|p2a: Slowbro
|-resisted|p2a: Slowbro
|-damage|p2a: Slowbro|250\/394
|-status|p2a: Slowbro|brn
|
|-damage|p2a: Slowbro|201\/394 brn|[from] brn
|turn|48
|
|move|p2a: Slowbro|Slack Off|p2a: Slowbro
|-heal|p2a: Slowbro|394\/394 brn
|move|p1a: God Monster|Taunt|p2a: Slowbro
|-start|p2a: Slowbro|move: Taunt
|
|-damage|p2a: Slowbro|345\/394 brn|[from] brn
|turn|49
|
|move|p2a: Slowbro|Scald|p1a: God Monster
|-supereffective|p1a: God Monster
|-damage|p1a: God Monster|169\/333 par
|move|p1a: God Monster|Earth Power|p2a: Slowbro
|-damage|p2a: Slowbro|214\/394 brn
|-unboost|p2a: Slowbro|spd|1
|
|-heal|p1a: God Monster|189\/333 par|[from] item: Leftovers
|-damage|p2a: Slowbro|165\/394 brn|[from] brn
|turn|50
|
|switch|p2a: Zapdos|Zapdos|358\/384 slp
|-damage|p2a: Zapdos|262\/384 slp|[from] Stealth Rock
|-ability|p2a: Zapdos|Pressure
|move|p1a: God Monster|Lava Plume|p2a: Zapdos
|-damage|p2a: Zapdos|99\/384 slp
|
|-heal|p2a: Zapdos|123\/384 slp|[from] item: Leftovers
|-heal|p1a: God Monster|209\/333 par|[from] item: Leftovers
|turn|51
|
|switch|p2a: Slowbro|Slowbro, M|296\/394 brn
|-damage|p2a: Slowbro|247\/394 brn|[from] Stealth Rock
|move|p1a: God Monster|Lava Plume|p2a: Slowbro
|-resisted|p2a: Slowbro
|-damage|p2a: Slowbro|160\/394 brn
|
|-heal|p1a: God Monster|229\/333 par|[from] item: Leftovers
|-damage|p2a: Slowbro|111\/394 brn|[from] brn
|turn|52
|
|move|p2a: Slowbro|Slack Off|p2a: Slowbro
|-heal|p2a: Slowbro|308\/394 brn
|move|p1a: God Monster|Taunt|p2a: Slowbro
|-start|p2a: Slowbro|move: Taunt
|
|-heal|p1a: God Monster|249\/333 par|[from] item: Leftovers
|-damage|p2a: Slowbro|259\/394 brn|[from] brn
|turn|53
|
|move|p2a: Slowbro|Scald|p1a: God Monster
|-supereffective|p1a: God Monster
|-damage|p1a: God Monster|67\/333 par
|move|p1a: God Monster|Earth Power|p2a: Slowbro
|-damage|p2a: Slowbro|110\/394 brn
|-unboost|p2a: Slowbro|spd|1
|
|-heal|p1a: God Monster|87\/333 par|[from] item: Leftovers
|-damage|p2a: Slowbro|61\/394 brn|[from] brn
|turn|54
|
|move|p2a: Slowbro|Scald|p1a: God Monster
|-supereffective|p1a: God Monster
|-damage|p1a: God Monster|0 fnt
|faint|p1a: God Monster
|
|-damage|p2a: Slowbro|12\/394 brn|[from] brn
|
|switch|p1a: Cramp Stomp|Metagross-Mega, shiny|200\/302
|-damage|p1a: Cramp Stomp|182\/302|[from] Stealth Rock
|turn|55
|
|move|p1a: Cramp Stomp|Meteor Mash|p2a: Slowbro
|-resisted|p2a: Slowbro
|-damage|p2a: Slowbro|0 fnt
|faint|p2a: Slowbro
|
|
|switch|p2a: Scizor|Scizor-Mega, F|344\/344
|-damage|p2a: Scizor|301\/344|[from] Stealth Rock
|turn|56
|
|move|p1a: Cramp Stomp|Hammer Arm|p2a: Scizor
|-damage|p2a: Scizor|204\/344
|-unboost|p1a: Cramp Stomp|spe|1
|move|p2a: Scizor|Swords Dance|p2a: Scizor
|-boost|p2a: Scizor|atk|2
|
|turn|57
|
|move|p1a: Cramp Stomp|Zen Headbutt|p2a: Scizor
|-crit|p2a: Scizor
|-resisted|p2a: Scizor
|-damage|p2a: Scizor|111\/344
|move|p2a: Scizor|Roost|p2a: Scizor
|-heal|p2a: Scizor|283\/344
|
|turn|58
|
|move|p1a: Cramp Stomp|Meteor Mash|p2a: Scizor
|-resisted|p2a: Scizor
|-damage|p2a: Scizor|222\/344
|move|p2a: Scizor|Swords Dance|p2a: Scizor
|-boost|p2a: Scizor|atk|2
|
|turn|59
|
|move|p1a: Cramp Stomp|Meteor Mash|p2a: Scizor
|-resisted|p2a: Scizor
|-damage|p2a: Scizor|156\/344
|move|p2a: Scizor|Roost|p2a: Scizor
|-heal|p2a: Scizor|328\/344
|
|turn|60
|
|move|p2a: Scizor|Bullet Punch|p1a: Cramp Stomp
|-resisted|p1a: Cramp Stomp
|-damage|p1a: Cramp Stomp|77\/302
|move|p1a: Cramp Stomp|Meteor Mash|p2a: Scizor
|-resisted|p2a: Scizor
|-damage|p2a: Scizor|265\/344
|
|turn|61
|
|move|p2a: Scizor|Bullet Punch|p1a: Cramp Stomp
|-resisted|p1a: Cramp Stomp
|-damage|p1a: Cramp Stomp|0 fnt
|faint|p1a: Cramp Stomp
|
|c|âExpertOccultist|gg
|
|switch|p1a: Hypno Sex Ray|Breloom, M|213\/261
|-damage|p1a: Hypno Sex Ray|197\/261|[from] Stealth Rock
|turn|62
|c|âDayanne|gg
|
|move|p1a: Hypno Sex Ray|Mach Punch|p2a: Scizor
|-damage|p2a: Scizor|202\/344
|move|p2a: Scizor|Bullet Punch|p1a: Hypno Sex Ray
|-damage|p1a: Hypno Sex Ray|0 fnt
|faint|p1a: Hypno Sex Ray
|
|win|Dayanne
|raw|Ladder updating...
|raw|ExpertOccultist's rating: 1637 &rarr; <strong>1614<\/strong><br \/>(-23 for losing)
|raw|Dayanne's rating: 1570 &rarr; <strong>1594<\/strong><br \/>(+24 for winning)
|leave|ExpertOccultist
|player|p1