|join|Dayanne
|join|craing
|player|p1|Dayanne|37
|player|p2|craing|43
|gametype|singles
|gen|6
|tier|OU
|rated
|clearpoke
|poke|p1|Chansey, F
|poke|p1|Zapdos
|poke|p1|Scizor, F
|poke|p1|Clefable, F
|poke|p1|Gliscor, M
|poke|p1|Slowbro, M
|poke|p2|Empoleon, F
|poke|p2|Landorus-Therian, M
|poke|p2|Volcarona, M
|poke|p2|Diancie
|poke|p2|Toxicroak, M
|poke|p2|Raikou
|rule|Swagger Clause: Swagger is banned
|rule|Baton Pass Clause: Limit one PokÃ©mon knowing Baton Pass
|rule|Sleep Clause Mod: Limit one foe put to sleep
|rule|Species Clause: Limit one of each PokÃ©mon
|rule|OHKO Clause: OHKO moves are banned
|rule|Moody Clause: Moody is banned
|rule|Evasion Moves Clause: Evasion moves are banned
|rule|Endless Battle Clause: Forcing endless battles is banned
|rule|HP Percentage Mod: HP is shown in percentages
|teampreview
|
|start
|switch|p1a: Slowbro|Slowbro, M|394\/394
|switch|p2a: Raikou|Raikou|321\/321
|-ability|p2a: Raikou|Pressure
|turn|1
|
|switch|p1a: Gliscor|Gliscor, M|352\/352
|move|p2a: Raikou|Volt Switch|p1a: Gliscor
|-immune|p1a: Gliscor|[msg]
|
|-status|p1a: Gliscor|tox|[from] item: Toxic Orb
|turn|2
|
|move|p2a: Raikou|Volt Switch|p1a: Gliscor
|-immune|p1a: Gliscor|[msg]
|move|p1a: Gliscor|Knock Off|p2a: Raikou
|-damage|p2a: Raikou|227\/321
|-enditem|p2a: Raikou|Zap Plate|[from] move: Knock Off|[of] p1a: Gliscor
|
|turn|3
|
|move|p2a: Raikou|Volt Switch|p1a: Gliscor
|-immune|p1a: Gliscor|[msg]
|move|p1a: Gliscor|Earthquake|p2a: Raikou
|-supereffective|p2a: Raikou
|-damage|p2a: Raikou|0 fnt
|faint|p2a: Raikou
|
|c|âcraing|ok
|
|switch|p2a: Empoleon|Empoleon, F|371\/371
|turn|4
|
|move|p1a: Gliscor|Taunt|p2a: Empoleon
|-start|p2a: Empoleon|move: Taunt
|cant|p2a: Empoleon|move: Taunt|Stealth Rock
|
|turn|5
|
|switch|p2a: Landorus-Therian|Landorus-Therian, M|319\/319
|-ability|p2a: Landorus-Therian|Intimidate|[of] p1a: Gliscor
|-unboost|p1a: Gliscor|atk|1
|move|p1a: Gliscor|Knock Off|p2a: Landorus-Therian
|-crit|p2a: Landorus-Therian
|-damage|p2a: Landorus-Therian|192\/319
|-enditem|p2a: Landorus-Therian|Choice Scarf|[from] move: Knock Off|[of] p1a: Gliscor
|
|turn|6
|
|move|p2a: Landorus-Therian|Stone Edge|p1a: Gliscor
|-damage|p1a: Gliscor|245\/352 tox
|move|p1a: Gliscor|Knock Off|p2a: Landorus-Therian
|-damage|p2a: Landorus-Therian|155\/319
|
|-heal|p1a: Gliscor|289\/352 tox|[from] ability: Poison Heal
|turn|7
|
|move|p2a: Landorus-Therian|U-turn|p1a: Gliscor
|-resisted|p1a: Gliscor
|-damage|p1a: Gliscor|253\/352 tox
|
|switch|p2a: Diancie|Diancie|253\/253
|move|p1a: Gliscor|Knock Off|p2a: Diancie
|-crit|p2a: Diancie
|-resisted|p2a: Diancie
|-damage|p2a: Diancie|226\/253
|
|-heal|p1a: Gliscor|297\/352 tox|[from] ability: Poison Heal
|turn|8
|
|move|p1a: Gliscor|Earthquake|p2a: Diancie
|-supereffective|p2a: Diancie
|-damage|p2a: Diancie|112\/253
|move|p2a: Diancie|Moonblast|p1a: Gliscor
|-damage|p1a: Gliscor|147\/352 tox
|
|-heal|p1a: Gliscor|191\/352 tox|[from] ability: Poison Heal
|turn|9
|-message|craing forfeited.
|
|win|Dayanne
|raw|Ladder updating...
|leave|craing
|player|p2
|raw|Dayanne's rating: 1699 &rarr; <strong>1724<\/strong><br \/>(+25 for winning)
|raw|craing's rating: 1776 &rarr; <strong>1752<\/strong><br \/>(-24 for losing)