|join|Kirairae
|join|Dayanne
|player|p1|Kirairae|211
|player|p2|Dayanne|37
|gametype|singles
|gen|6
|tier|OU
|rated
|clearpoke
|poke|p1|Landorus-Therian, M
|poke|p1|Greninja, F
|poke|p1|Scizor, F, shiny
|poke|p1|Rotom-Wash
|poke|p1|Heatran, M
|poke|p1|Latios, M
|poke|p2|Chansey, F
|poke|p2|Zapdos
|poke|p2|Scizor, M
|poke|p2|Clefable, F
|poke|p2|Gliscor, M
|poke|p2|Slowbro, M
|rule|Swagger Clause: Swagger is banned
|rule|Baton Pass Clause: Limit one PokÃ©mon knowing Baton Pass
|rule|Sleep Clause Mod: Limit one foe put to sleep
|rule|Species Clause: Limit one of each PokÃ©mon
|rule|OHKO Clause: OHKO moves are banned
|rule|Moody Clause: Moody is banned
|rule|Evasion Moves Clause: Evasion moves are banned
|rule|Endless Battle Clause: Forcing endless battles is banned
|rule|HP Percentage Mod: HP is shown in percentages
|teampreview
|
|start
|switch|p1a: Landorus-Therian|Landorus-Therian, M|319\/319
|switch|p2a: Slowbro|Slowbro, M|394\/394
|-ability|p1a: Landorus-Therian|Intimidate|[of] p2a: Slowbro
|-unboost|p2a: Slowbro|atk|1
|turn|1
|
|move|p1a: Landorus-Therian|U-turn|p2a: Slowbro
|-supereffective|p2a: Slowbro
|-damage|p2a: Slowbro|262\/394
|
|switch|p1a: Latios|Latios, M|301\/301
|move|p2a: Slowbro|Scald|p1a: Latios
|-resisted|p1a: Latios
|-damage|p1a: Latios|261\/301
|
|-heal|p2a: Slowbro|286\/394|[from] item: Leftovers
|turn|2
|
|switch|p1a: Rotom-Wash|Rotom-Wash|304\/304
|switch|p2a: Clefable|Clefable, F|394\/394
|
|turn|3
|
|switch|p2a: Chansey|Chansey, F|704\/704
|move|p1a: Rotom-Wash|Volt Switch|p2a: Chansey
|-damage|p2a: Chansey|647\/704
|
|switch|p1a: Brian|Scizor, F, shiny|281\/281
|
|turn|4
|
|switch|p2a: Zapdos|Zapdos|384\/384
|-ability|p2a: Zapdos|Pressure
|detailschange|p1a: Brian|Scizor-Mega, F, shiny
|-mega|p1a: Brian|Scizor|Scizorite
|move|p1a: Brian|Knock Off|p2a: Zapdos
|-damage|p2a: Zapdos|278\/384
|-enditem|p2a: Zapdos|Leftovers|[from] move: Knock Off|[of] p1a: Brian
|
|turn|5
|
|switch|p1a: Heatran|Heatran, M|386\/386
|move|p2a: Zapdos|Volt Switch|p1a: Heatran
|-damage|p1a: Heatran|314\/386
|
|switch|p2a: Gliscor|Gliscor, M|352\/352
|
|-heal|p1a: Heatran|338\/386|[from] item: Leftovers
|-status|p2a: Gliscor|tox|[from] item: Toxic Orb
|turn|6
|
|move|p2a: Gliscor|Knock Off|p1a: Heatran
|-damage|p1a: Heatran|270\/386
|-enditem|p1a: Heatran|Leftovers|[from] move: Knock Off|[of] p2a: Gliscor
|move|p1a: Heatran|Lava Plume|p2a: Gliscor
|-damage|p2a: Gliscor|240\/352 tox
|
|-heal|p2a: Gliscor|284\/352 tox|[from] ability: Poison Heal
|turn|7
|
|switch|p1a: Rotom-Wash|Rotom-Wash|304\/304
|move|p2a: Gliscor|Earthquake|p1a: Rotom-Wash
|-immune|p1a: Rotom-Wash|[msg]
|
|-heal|p2a: Gliscor|328\/352 tox|[from] ability: Poison Heal
|turn|8
|
|move|p2a: Gliscor|Knock Off|p1a: Rotom-Wash
|-crit|p1a: Rotom-Wash
|-damage|p1a: Rotom-Wash|230\/304
|-enditem|p1a: Rotom-Wash|Leftovers|[from] move: Knock Off|[of] p2a: Gliscor
|move|p1a: Rotom-Wash|Hydro Pump|p2a: Gliscor|[miss]
|-miss|p1a: Rotom-Wash|p2a: Gliscor
|
|-heal|p2a: Gliscor|352\/352 tox|[from] ability: Poison Heal
|turn|9
|
|switch|p2a: Chansey|Chansey, F|647\/704
|move|p1a: Rotom-Wash|Hydro Pump|p2a: Chansey
|-damage|p2a: Chansey|556\/704
|
|turn|10
|
|move|p1a: Rotom-Wash|Volt Switch|p2a: Chansey
|-damage|p2a: Chansey|502\/704
|
|switch|p1a: Brian|Scizor-Mega, F, shiny|281\/281
|move|p2a: Chansey|Stealth Rock|p1a: Brian
|-sidestart|p1: Kirairae|move: Stealth Rock
|
|turn|11
|
|switch|p2a: Zapdos|Zapdos|278\/384
|-ability|p2a: Zapdos|Pressure
|move|p1a: Brian|Knock Off|p2a: Zapdos
|-damage|p2a: Zapdos|196\/384
|
|turn|12
|
|switch|p1a: Landorus-Therian|Landorus-Therian, M|319\/319
|-damage|p1a: Landorus-Therian|280\/319|[from] Stealth Rock
|-ability|p1a: Landorus-Therian|Intimidate|[of] p2a: Zapdos
|-unboost|p2a: Zapdos|atk|1
|move|p2a: Zapdos|Roost|p2a: Zapdos
|-heal|p2a: Zapdos|384\/384
|
|turn|13
|
|move|p1a: Landorus-Therian|U-turn|p2a: Zapdos
|-resisted|p2a: Zapdos
|-damage|p2a: Zapdos|345\/384
|
|switch|p1a: Brian|Scizor-Mega, F, shiny|281\/281
|-damage|p1a: Brian|246\/281|[from] Stealth Rock
|move|p2a: Zapdos|Volt Switch|p1a: Brian
|-damage|p1a: Brian|146\/281
|c|âKirairae|Misclick.
|
|switch|p2a: Gliscor|Gliscor, M|352\/352 tox
|
|turn|14
|
|move|p1a: Brian|Swords Dance|p1a: Brian
|-boost|p1a: Brian|atk|2
|move|p2a: Gliscor|Taunt|p1a: Brian
|-start|p1a: Brian|move: Taunt
|
|turn|15
|
|switch|p2a: Zapdos|Zapdos|345\/384
|-ability|p2a: Zapdos|Pressure
|move|p1a: Brian|Knock Off|p2a: Zapdos
|-crit|p2a: Zapdos
|-damage|p2a: Zapdos|101\/384
|
|turn|16
|
|move|p1a: Brian|Knock Off|p2a: Zapdos
|-crit|p2a: Zapdos
|-damage|p2a: Zapdos|0 fnt
|faint|p2a: Zapdos
|
|
|switch|p2a: Scizor|Scizor, M|344\/344
|turn|17
|
|detailschange|p2a: Scizor|Scizor-Mega, M
|-mega|p2a: Scizor|Scizor|Scizorite
|move|p1a: Brian|Knock Off|p2a: Scizor
|-damage|p2a: Scizor|236\/344
|move|p2a: Scizor|Swords Dance|p2a: Scizor
|-boost|p2a: Scizor|atk|2
|
|-end|p1a: Brian|move: Taunt
|turn|18
|
|move|p1a: Brian|Knock Off|p2a: Scizor
|-damage|p2a: Scizor|131\/344
|move|p2a: Scizor|Superpower|p1a: Brian
|-damage|p1a: Brian|0 fnt
|-unboost|p2a: Scizor|atk|1
|-unboost|p2a: Scizor|def|1
|faint|p1a: Brian
|
|
|switch|p1a: Landorus-Therian|Landorus-Therian, M|280\/319
|-damage|p1a: Landorus-Therian|241\/319|[from] Stealth Rock
|-ability|p1a: Landorus-Therian|Intimidate|[of] p2a: Scizor
|-unboost|p2a: Scizor|atk|1
|turn|19
|
|switch|p2a: Gliscor|Gliscor, M|352\/352 tox
|move|p1a: Landorus-Therian|Knock Off|p2a: Gliscor
|-crit|p2a: Gliscor
|-damage|p2a: Gliscor|194\/352 tox
|-enditem|p2a: Gliscor|Toxic Orb|[from] move: Knock Off|[of] p1a: Landorus-Therian
|
|-heal|p2a: Gliscor|238\/352 tox|[from] ability: Poison Heal
|turn|20
|
|switch|p1a: Rotom-Wash|Rotom-Wash|230\/304
|-damage|p1a: Rotom-Wash|192\/304|[from] Stealth Rock
|move|p2a: Gliscor|Knock Off|p1a: Rotom-Wash
|-damage|p1a: Rotom-Wash|159\/304
|
|-heal|p2a: Gliscor|282\/352 tox|[from] ability: Poison Heal
|turn|21
|
|switch|p2a: Chansey|Chansey, F|502\/704
|move|p1a: Rotom-Wash|Hydro Pump|p2a: Chansey
|-damage|p2a: Chansey|417\/704
|
|turn|22
|
|switch|p2a: Gliscor|Gliscor, M|282\/352 tox
|move|p1a: Rotom-Wash|Pain Split|p2a: Gliscor
|-sethp|p2a: Gliscor|220\/352 tox|p1a: Rotom-Wash|220\/304|[from] move: Pain Split
|
|-heal|p2a: Gliscor|264\/352 tox|[from] ability: Poison Heal
|turn|23
|
|move|p2a: Gliscor|Roost|p2a: Gliscor
|-heal|p2a: Gliscor|352\/352 tox
|move|p1a: Rotom-Wash|Hydro Pump|p2a: Gliscor|[miss]
|-miss|p1a: Rotom-Wash|p2a: Gliscor
|
|turn|24
|
|switch|p2a: Chansey|Chansey, F|417\/704
|move|p1a: Rotom-Wash|Hydro Pump|p2a: Chansey
|-crit|p2a: Chansey
|-damage|p2a: Chansey|284\/704
|
|turn|25
|
|move|p1a: Rotom-Wash|Pain Split|p2a: Chansey
|-sethp|p2a: Chansey|252\/704|p1a: Rotom-Wash|252\/304|[from] move: Pain Split
|move|p2a: Chansey|Soft-Boiled|p2a: Chansey
|-heal|p2a: Chansey|604\/704
|
|turn|26
|
|move|p1a: Rotom-Wash|Pain Split|p2a: Chansey
|-sethp|p2a: Chansey|428\/704|p1a: Rotom-Wash|304\/304|[from] move: Pain Split
|move|p2a: Chansey|Seismic Toss|p1a: Rotom-Wash
|-damage|p1a: Rotom-Wash|204\/304
|
|turn|27
|
|move|p1a: Rotom-Wash|Pain Split|p2a: Chansey
|-sethp|p2a: Chansey|316\/704|p1a: Rotom-Wash|304\/304|[from] move: Pain Split
|move|p2a: Chansey|Soft-Boiled|p2a: Chansey
|-heal|p2a: Chansey|668\/704
|
|turn|28
|
|move|p1a: Rotom-Wash|Hydro Pump|p2a: Chansey
|-damage|p2a: Chansey|577\/704
|move|p2a: Chansey|Seismic Toss|p1a: Rotom-Wash
|-damage|p1a: Rotom-Wash|204\/304
|
|turn|29
|
|move|p1a: Rotom-Wash|Hydro Pump|p2a: Chansey
|-damage|p2a: Chansey|486\/704
|move|p2a: Chansey|Seismic Toss|p1a: Rotom-Wash
|-damage|p1a: Rotom-Wash|104\/304
|
|turn|30
|
|move|p1a: Rotom-Wash|Pain Split|p2a: Chansey
|-sethp|p2a: Chansey|295\/704|p1a: Rotom-Wash|295\/304|[from] move: Pain Split
|move|p2a: Chansey|Seismic Toss|p1a: Rotom-Wash
|-damage|p1a: Rotom-Wash|195\/304
|
|turn|31
|
|move|p1a: Rotom-Wash|Hydro Pump|p2a: Chansey
|-damage|p2a: Chansey|207\/704
|move|p2a: Chansey|Soft-Boiled|p2a: Chansey
|-heal|p2a: Chansey|559\/704
|
|turn|32
|
|move|p1a: Rotom-Wash|Will-O-Wisp|p2a: Chansey
|-status|p2a: Chansey|brn
|move|p2a: Chansey|Seismic Toss|p1a: Rotom-Wash
|-damage|p1a: Rotom-Wash|95\/304
|
|-damage|p2a: Chansey|471\/704 brn|[from] brn
|turn|33
|
|move|p1a: Rotom-Wash|Pain Split|p2a: Chansey
|-sethp|p2a: Chansey|283\/704 brn|p1a: Rotom-Wash|283\/304|[from] move: Pain Split
|move|p2a: Chansey|Soft-Boiled|p2a: Chansey
|-heal|p2a: Chansey|635\/704 brn
|
|-damage|p2a: Chansey|547\/704 brn|[from] brn
|turn|34
|
|switch|p2a: Gliscor|Gliscor, M|352\/352 tox
|move|p1a: Rotom-Wash|Volt Switch|p2a: Gliscor
|-immune|p2a: Gliscor|[msg]
|
|turn|35
|
|switch|p1a: Heatran|Heatran, M|270\/386
|-damage|p1a: Heatran|222\/386|[from] Stealth Rock
|move|p2a: Gliscor|Knock Off|p1a: Heatran
|-damage|p1a: Heatran|174\/386
|
|turn|36
|
|move|p2a: Gliscor|Knock Off|p1a: Heatran
|-damage|p1a: Heatran|127\/386
|move|p1a: Heatran|Stealth Rock|p2a: Gliscor
|-sidestart|p2: Dayanne|move: Stealth Rock
|
|turn|37
|
|move|p2a: Gliscor|Knock Off|p1a: Heatran
|-damage|p1a: Heatran|83\/386
|move|p1a: Heatran|Lava Plume|p2a: Gliscor
|-damage|p2a: Gliscor|238\/352 tox
|
|-heal|p2a: Gliscor|282\/352 tox|[from] ability: Poison Heal
|turn|38
|
|move|p2a: Gliscor|Knock Off|p1a: Heatran
|-damage|p1a: Heatran|33\/386
|move|p1a: Heatran|Lava Plume|p2a: Gliscor
|-damage|p2a: Gliscor|176\/352 tox
|
|-heal|p2a: Gliscor|220\/352 tox|[from] ability: Poison Heal
|turn|39
|
|move|p2a: Gliscor|Knock Off|p1a: Heatran
|-damage|p1a: Heatran|0 fnt
|faint|p1a: Heatran
|
|-heal|p2a: Gliscor|264\/352 tox|[from] ability: Poison Heal
|
|switch|p1a: Greninja|Greninja, F|285\/285
|-damage|p1a: Greninja|250\/285|[from] Stealth Rock
|turn|40
|
|switch|p2a: Slowbro|Slowbro, M|394\/394
|-damage|p2a: Slowbro|345\/394|[from] Stealth Rock
|move|p1a: Greninja|Ice Beam|p2a: Slowbro
|-start|p1a: Greninja|typechange|Ice|[from] Protean
|-resisted|p2a: Slowbro
|-damage|p2a: Slowbro|240\/394
|-damage|p1a: Greninja|222\/285|[from] item: Life Orb
|
|-heal|p2a: Slowbro|264\/394|[from] item: Leftovers
|turn|41
|
|switch|p2a: Chansey|Chansey, F|547\/704
|-damage|p2a: Chansey|459\/704|[from] Stealth Rock
|move|p1a: Greninja|U-turn|p2a: Chansey
|-start|p1a: Greninja|typechange|Bug|[from] Protean
|-damage|p2a: Chansey|307\/704
|-damage|p1a: Greninja|194\/285|[from] item: Life Orb
|
|switch|p1a: Landorus-Therian|Landorus-Therian, M|241\/319
|-damage|p1a: Landorus-Therian|202\/319|[from] Stealth Rock
|-ability|p1a: Landorus-Therian|Intimidate|[of] p2a: Chansey
|-unboost|p2a: Chansey|atk|1
|
|turn|42
|
|switch|p2a: Gliscor|Gliscor, M|264\/352 tox
|-damage|p2a: Gliscor|220\/352 tox|[from] Stealth Rock
|move|p1a: Landorus-Therian|Knock Off|p2a: Gliscor
|-damage|p2a: Gliscor|142\/352 tox
|
|-heal|p2a: Gliscor|186\/352 tox|[from] ability: Poison Heal
|turn|43
|
|move|p1a: Landorus-Therian|Knock Off|p2a: Gliscor
|-damage|p2a: Gliscor|108\/352 tox
|move|p2a: Gliscor|Roost|p2a: Gliscor
|-heal|p2a: Gliscor|284\/352 tox
|
|-heal|p2a: Gliscor|328\/352 tox|[from] ability: Poison Heal
|turn|44
|
|switch|p2a: Scizor|Scizor-Mega, M|131\/344
|-damage|p2a: Scizor|88\/344|[from] Stealth Rock
|move|p1a: Landorus-Therian|Knock Off|p2a: Scizor
|-crit|p2a: Scizor
|-damage|p2a: Scizor|4\/344
|
|turn|45
|
|switch|p2a: Gliscor|Gliscor, M|328\/352 tox
|-damage|p2a: Gliscor|284\/352 tox|[from] Stealth Rock
|move|p1a: Landorus-Therian|Knock Off|p2a: Gliscor
|-damage|p2a: Gliscor|201\/352 tox
|
|-heal|p2a: Gliscor|245\/352 tox|[from] ability: Poison Heal
|turn|46
|
|move|p1a: Landorus-Therian|Knock Off|p2a: Gliscor
|-damage|p2a: Gliscor|172\/352 tox
|move|p2a: Gliscor|Roost|p2a: Gliscor
|-heal|p2a: Gliscor|348\/352 tox
|
|-heal|p2a: Gliscor|352\/352 tox|[from] ability: Poison Heal
|turn|47
|
|move|p1a: Landorus-Therian|Knock Off|p2a: Gliscor
|-damage|p2a: Gliscor|278\/352 tox
|move|p2a: Gliscor|Earthquake|p1a: Landorus-Therian
|-immune|p1a: Landorus-Therian|[msg]
|
|-heal|p2a: Gliscor|322\/352 tox|[from] ability: Poison Heal
|turn|48
|
|move|p1a: Landorus-Therian|Knock Off|p2a: Gliscor
|-damage|p2a: Gliscor|241\/352 tox
|move|p2a: Gliscor|Knock Off|p1a: Landorus-Therian
|-damage|p1a: Landorus-Therian|120\/319
|-enditem|p1a: Landorus-Therian|Choice Scarf|[from] move: Knock Off|[of] p2a: Gliscor
|
|-heal|p2a: Gliscor|285\/352 tox|[from] ability: Poison Heal
|turn|49
|
|move|p1a: Landorus-Therian|Stone Edge|p2a: Gliscor
|-crit|p2a: Gliscor
|-damage|p2a: Gliscor|120\/352 tox
|move|p2a: Gliscor|Knock Off|p1a: Landorus-Therian
|-damage|p1a: Landorus-Therian|64\/319
|
|-heal|p2a: Gliscor|164\/352 tox|[from] ability: Poison Heal
|turn|50
|
|move|p1a: Landorus-Therian|Stone Edge|p2a: Gliscor
|-damage|p2a: Gliscor|45\/352 tox
|move|p2a: Gliscor|Roost|p2a: Gliscor
|-heal|p2a: Gliscor|221\/352 tox
|
|-heal|p2a: Gliscor|265\/352 tox|[from] ability: Poison Heal
|turn|51
|
|move|p1a: Landorus-Therian|Stone Edge|p2a: Gliscor|[miss]
|-miss|p1a: Landorus-Therian|p2a: Gliscor
|move|p2a: Gliscor|Roost|p2a: Gliscor
|-heal|p2a: Gliscor|352\/352 tox
|
|turn|52
|
|move|p1a: Landorus-Therian|Knock Off|p2a: Gliscor
|-damage|p2a: Gliscor|280\/352 tox
|move|p2a: Gliscor|Knock Off|p1a: Landorus-Therian
|-damage|p1a: Landorus-Therian|5\/319
|
|-heal|p2a: Gliscor|324\/352 tox|[from] ability: Poison Heal
|turn|53
|
|move|p1a: Landorus-Therian|Stone Edge|p2a: Gliscor|[miss]
|-miss|p1a: Landorus-Therian|p2a: Gliscor
|move|p2a: Gliscor|Knock Off|p1a: Landorus-Therian
|-damage|p1a: Landorus-Therian|0 fnt
|faint|p1a: Landorus-Therian
|
|-heal|p2a: Gliscor|352\/352 tox|[from] ability: Poison Heal
|
|switch|p1a: Latios|Latios, M|261\/301
|-damage|p1a: Latios|224\/301|[from] Stealth Rock
|turn|54
|
|move|p1a: Latios|Surf|p2a: Gliscor
|-supereffective|p2a: Gliscor
|-damage|p2a: Gliscor|74\/352 tox
|-damage|p1a: Latios|194\/301|[from] item: Life Orb
|move|p2a: Gliscor|Knock Off|p1a: Latios
|-supereffective|p1a: Latios
|-damage|p1a: Latios|28\/301
|-enditem|p1a: Latios|Life Orb|[from] move: Knock Off|[of] p2a: Gliscor
|
|-heal|p2a: Gliscor|118\/352 tox|[from] ability: Poison Heal
|turn|55
|
|switch|p2a: Clefable|Clefable, F|394\/394
|-damage|p2a: Clefable|345\/394|[from] Stealth Rock
|move|p1a: Latios|Surf|p2a: Clefable
|-damage|p2a: Clefable|232\/394
|
|-heal|p2a: Clefable|256\/394|[from] item: Leftovers
|turn|56
|
|move|p1a: Latios|Psyshock|p2a: Clefable
|-damage|p2a: Clefable|120\/394
|move|p2a: Clefable|Wish|p2a: Clefable
|
|-heal|p2a: Clefable|144\/394|[from] item: Leftovers
|turn|57
|
|move|p2a: Clefable|Protect|p2a: Clefable
|-singleturn|p2a: Clefable|Protect
|move|p1a: Latios|Surf|p2a: Clefable
|-activate|p2a: Clefable|Protect
|
|-heal|p2a: Clefable|341\/394|[from] move: Wish|[wisher] Clefable
|-heal|p2a: Clefable|365\/394|[from] item: Leftovers
|turn|58
|
|move|p1a: Latios|Psyshock|p2a: Clefable
|-damage|p2a: Clefable|247\/394
|move|p2a: Clefable|Calm Mind|p2a: Clefable
|-boost|p2a: Clefable|spa|1
|-boost|p2a: Clefable|spd|1
|
|-heal|p2a: Clefable|271\/394|[from] item: Leftovers
|turn|59
|
|move|p1a: Latios|Psyshock|p2a: Clefable
|-damage|p2a: Clefable|141\/394
|move|p2a: Clefable|Wish|p2a: Clefable
|
|-heal|p2a: Clefable|165\/394|[from] item: Leftovers
|turn|60
|
|move|p2a: Clefable|Protect|p2a: Clefable
|-singleturn|p2a: Clefable|Protect
|move|p1a: Latios|Psyshock|p2a: Clefable
|-activate|p2a: Clefable|Protect
|
|-heal|p2a: Clefable|362\/394|[from] move: Wish|[wisher] Clefable
|-heal|p2a: Clefable|386\/394|[from] item: Leftovers
|turn|61
|
|move|p1a: Latios|Psyshock|p2a: Clefable
|-damage|p2a: Clefable|251\/394
|move|p2a: Clefable|Calm Mind|p2a: Clefable
|-boost|p2a: Clefable|spa|1
|-boost|p2a: Clefable|spd|1
|
|-heal|p2a: Clefable|275\/394|[from] item: Leftovers
|turn|62
|
|move|p1a: Latios|Psyshock|p2a: Clefable
|-damage|p2a: Clefable|145\/394
|move|p2a: Clefable|Wish|p2a: Clefable
|
|-heal|p2a: Clefable|169\/394|[from] item: Leftovers
|turn|63
|
|move|p2a: Clefable|Protect|p2a: Clefable
|-singleturn|p2a: Clefable|Protect
|move|p1a: Latios|Psyshock|p2a: Clefable
|-activate|p2a: Clefable|Protect
|
|-heal|p2a: Clefable|366\/394|[from] move: Wish|[wisher] Clefable
|-heal|p2a: Clefable|390\/394|[from] item: Leftovers
|turn|64
|
|move|p1a: Latios|Psyshock|p2a: Clefable
|-damage|p2a: Clefable|266\/394
|move|p2a: Clefable|Calm Mind|p2a: Clefable
|-boost|p2a: Clefable|spa|1
|-boost|p2a: Clefable|spd|1
|
|-heal|p2a: Clefable|290\/394|[from] item: Leftovers
|turn|65
|
|move|p1a: Latios|Defog|p2a: Clefable
|-unboost|p2a: Clefable|evasion|1
|-sideend|p2: Dayanne|Stealth Rock|[from] move: Defog|[of] p2a: Clefable
|-sideend|p1: Kirairae|Stealth Rock|[from] move: Defog|[of] p1a: Latios
|move|p2a: Clefable|Wish|p2a: Clefable
|
|-heal|p2a: Clefable|314\/394|[from] item: Leftovers
|turn|66
|
|move|p1a: Latios|Psyshock|p2a: Clefable
|-damage|p2a: Clefable|194\/394
|move|p2a: Clefable|Calm Mind|p2a: Clefable
|-boost|p2a: Clefable|spa|1
|-boost|p2a: Clefable|spd|1
|
|-heal|p2a: Clefable|391\/394|[from] move: Wish|[wisher] Clefable
|-heal|p2a: Clefable|394\/394|[from] item: Leftovers
|turn|67
|
|move|p1a: Latios|Psyshock|p2a: Clefable
|-crit|p2a: Clefable
|-damage|p2a: Clefable|217\/394
|move|p2a: Clefable|Calm Mind|p2a: Clefable
|-boost|p2a: Clefable|spa|1
|-boost|p2a: Clefable|spd|1
|
|-heal|p2a: Clefable|241\/394|[from] item: Leftovers
|turn|68
|
|move|p2a: Clefable|Protect|p2a: Clefable
|-singleturn|p2a: Clefable|Protect
|move|p1a: Latios|Psyshock|p2a: Clefable
|-activate|p2a: Clefable|Protect
|
|-heal|p2a: Clefable|265\/394|[from] item: Leftovers
|turn|69
|
|move|p1a: Latios|Psyshock|p2a: Clefable
|-damage|p2a: Clefable|145\/394
|move|p2a: Clefable|Wish|p2a: Clefable
|
|-heal|p2a: Clefable|169\/394|[from] item: Leftovers
|turn|70
|
|move|p2a: Clefable|Protect|p2a: Clefable
|-singleturn|p2a: Clefable|Protect
|move|p1a: Latios|Psyshock|p2a: Clefable
|-activate|p2a: Clefable|Protect
|
|-heal|p2a: Clefable|366\/394|[from] move: Wish|[wisher] Clefable
|-heal|p2a: Clefable|390\/394|[from] item: Leftovers
|turn|71
|
|move|p1a: Latios|Psyshock|p2a: Clefable
|-damage|p2a: Clefable|267\/394
|move|p2a: Clefable|Calm Mind|p2a: Clefable
|-boost|p2a: Clefable|spa|1
|-boost|p2a: Clefable|spd|1
|
|-heal|p2a: Clefable|291\/394|[from] item: Leftovers
|turn|72
|
|move|p1a: Latios|Psyshock|p2a: Clefable
|-damage|p2a: Clefable|158\/394
|move|p2a: Clefable|Wish|p2a: Clefable
|
|-heal|p2a: Clefable|182\/394|[from] item: Leftovers
|turn|73
|
|move|p2a: Clefable|Protect|p2a: Clefable
|-singleturn|p2a: Clefable|Protect
|move|p1a: Latios|Psyshock|p2a: Clefable
|-activate|p2a: Clefable|Protect
|
|-heal|p2a: Clefable|379\/394|[from] move: Wish|[wisher] Clefable
|-heal|p2a: Clefable|394\/394|[from] item: Leftovers
|turn|74
|
|move|p1a: Latios|Surf|p2a: Clefable
|-damage|p2a: Clefable|362\/394
|move|p2a: Clefable|Moonblast|p1a: Latios
|-supereffective|p1a: Latios
|-damage|p1a: Latios|0 fnt
|faint|p1a: Latios
|
|-heal|p2a: Clefable|386\/394|[from] item: Leftovers
|
|switch|p1a: Greninja|Greninja, F|194\/285
|turn|75
|
|move|p1a: Greninja|Gunk Shot|p2a: Clefable
|-start|p1a: Greninja|typechange|Poison|[from] Protean
|-supereffective|p2a: Clefable
|-damage|p2a: Clefable|51\/394
|-status|p2a: Clefable|psn
|-damage|p1a: Greninja|166\/285|[from] item: Life Orb
|move|p2a: Clefable|Moonblast|p1a: Greninja
|-resisted|p1a: Greninja
|-damage|p1a: Greninja|0 fnt
|faint|p1a: Greninja
|
|-heal|p2a: Clefable|75\/394 psn|[from] item: Leftovers
|-damage|p2a: Clefable|26\/394 psn|[from] psn
|-message|Kirairae forfeited.
|leave|Kirairae
|
|win|Dayanne
|raw|Ladder updating...
|player|p1
|raw|Kirairae's rating: 1562 &rarr; <strong>1545<\/strong><br \/>(-17 for losing)
|raw|Dayanne's rating: 1610 &rarr; <strong>1628<\/strong><br \/>(+18 for winning)