|join|Dayanne
|join|PUS1010
|player|p1|Dayanne|37
|player|p2|PUS1010|249
|gametype|singles
|gen|6
|tier|OU
|rated
|clearpoke
|poke|p1|Chansey, F
|poke|p1|Zapdos
|poke|p1|Scizor, M
|poke|p1|Clefable, F
|poke|p1|Gliscor, M
|poke|p1|Slowbro, M
|poke|p2|Lucario, F, shiny
|poke|p2|Rotom-Wash
|poke|p2|Gardevoir, F
|poke|p2|Gengar, M
|poke|p2|Staraptor, F
|poke|p2|Sylveon, F
|rule|Swagger Clause: Swagger is banned
|rule|Baton Pass Clause: Limit one PokÃ©mon knowing Baton Pass
|rule|Sleep Clause Mod: Limit one foe put to sleep
|rule|Species Clause: Limit one of each PokÃ©mon
|rule|OHKO Clause: OHKO moves are banned
|rule|Moody Clause: Moody is banned
|rule|Evasion Moves Clause: Evasion moves are banned
|rule|Endless Battle Clause: Forcing endless battles is banned
|rule|HP Percentage Mod: HP is shown in percentages
|teampreview
|
|start
|switch|p1a: Zapdos|Zapdos|384\/384
|switch|p2a: Rotom-Wash|Rotom-Wash|304\/304
|-ability|p1a: Zapdos|Pressure
|turn|1
|
|move|p1a: Zapdos|Volt Switch|p2a: Rotom-Wash
|-damage|p2a: Rotom-Wash|213\/304
|
|switch|p1a: Chansey|Chansey, F|704\/704
|move|p2a: Rotom-Wash|Volt Switch|p1a: Chansey
|-damage|p1a: Chansey|640\/704
|
|switch|p2a: Lucario|Lucario, F, shiny|281\/281
|
|turn|2
|
|switch|p2a: Gardevoir|Gardevoir, F|277\/277
|-ability|p2a: Gardevoir|Natural Cure|[from] ability: Trace|[of] p1a: Chansey
|switch|p1a: Slowbro|Slowbro, M|394\/394
|
|turn|3
|
|detailschange|p2a: Gardevoir|Gardevoir-Mega, F
|-mega|p2a: Gardevoir|Gardevoir|Gardevoirite
|move|p2a: Gardevoir|Hyper Voice|p1a: Slowbro
|-crit|p1a: Slowbro
|-damage|p1a: Slowbro|0 fnt
|faint|p1a: Slowbro
|
|
|switch|p1a: Chansey|Chansey, F|640\/704
|turn|4
|
|move|p2a: Gardevoir|Taunt|p1a: Chansey
|-start|p1a: Chansey|move: Taunt
|cant|p1a: Chansey|move: Taunt|Stealth Rock
|
|turn|5
|
|move|p2a: Gardevoir|Psyshock|p1a: Chansey
|-damage|p1a: Chansey|394\/704
|move|p1a: Chansey|Seismic Toss|p2a: Gardevoir
|-damage|p2a: Gardevoir|177\/277
|
|turn|6
|
|switch|p2a: Gengar|Gengar, M|261\/261
|switch|p1a: Scizor|Scizor, M|344\/344
|
|turn|7
|
|detailschange|p1a: Scizor|Scizor-Mega, M
|-mega|p1a: Scizor|Scizor|Scizorite
|move|p1a: Scizor|Bullet Punch|p2a: Gengar
|-damage|p2a: Gengar|122\/261
|move|p2a: Gengar|Shadow Ball|p1a: Scizor
|-damage|p1a: Scizor|203\/344
|
|turn|8
|
|move|p1a: Scizor|Bullet Punch|p2a: Gengar
|-damage|p2a: Gengar|0 fnt
|faint|p2a: Gengar
|
|
|switch|p2a: Lucario|Lucario, F, shiny|281\/281
|turn|9
|
|move|p2a: Lucario|Close Combat|p1a: Scizor
|-damage|p1a: Scizor|25\/344
|-unboost|p2a: Lucario|def|1
|-unboost|p2a: Lucario|spd|1
|move|p1a: Scizor|Roost|p1a: Scizor
|-heal|p1a: Scizor|197\/344
|
|turn|10
|
|switch|p2a: Rotom-Wash|Rotom-Wash|213\/304
|move|p1a: Scizor|Roost|p1a: Scizor
|-heal|p1a: Scizor|344\/344
|
|-heal|p2a: Rotom-Wash|232\/304|[from] item: Leftovers
|turn|11
|
|switch|p1a: Gliscor|Gliscor, M|352\/352
|move|p2a: Rotom-Wash|Volt Switch|p1a: Gliscor
|-immune|p1a: Gliscor|[msg]
|
|-heal|p2a: Rotom-Wash|251\/304|[from] item: Leftovers
|-status|p1a: Gliscor|tox|[from] item: Toxic Orb
|turn|12
|
|switch|p1a: Chansey|Chansey, F|394\/704
|switch|p2a: Gardevoir|Gardevoir-Mega, F|177\/277
|
|turn|13
|
|switch|p1a: Scizor|Scizor-Mega, M|344\/344
|move|p2a: Gardevoir|Psyshock|p1a: Scizor
|-resisted|p1a: Scizor
|-damage|p1a: Scizor|292\/344
|
|turn|14
|
|switch|p2a: Lucario|Lucario, F, shiny|281\/281
|switch|p1a: Chansey|Chansey, F|394\/704
|
|turn|15
|
|switch|p2a: Sylveon|Sylveon, F|333\/333
|switch|p1a: Gliscor|Gliscor, M|352\/352 tox
|
|turn|16
|
|move|p1a: Gliscor|Knock Off|p2a: Sylveon
|-resisted|p2a: Sylveon
|-damage|p2a: Sylveon|283\/333
|-enditem|p2a: Sylveon|Choice Specs|[from] move: Knock Off|[of] p1a: Gliscor
|move|p2a: Sylveon|Hyper Voice|p1a: Gliscor
|-damage|p1a: Gliscor|153\/352 tox
|
|-heal|p1a: Gliscor|197\/352 tox|[from] ability: Poison Heal
|turn|17
|
|switch|p1a: Chansey|Chansey, F|394\/704
|move|p2a: Sylveon|Hyper Voice|p1a: Chansey
|-damage|p1a: Chansey|265\/704
|
|turn|18
|
|switch|p2a: Lucario|Lucario, F, shiny|281\/281
|move|p1a: Chansey|Soft-Boiled|p1a: Chansey
|-heal|p1a: Chansey|617\/704
|
|turn|19
|
|switch|p1a: Zapdos|Zapdos|384\/384
|-ability|p1a: Zapdos|Pressure
|move|p2a: Lucario|Close Combat|p1a: Zapdos
|-resisted|p1a: Zapdos
|-damage|p1a: Zapdos|262\/384
|-unboost|p2a: Lucario|def|1
|-unboost|p2a: Lucario|spd|1
|
|-heal|p1a: Zapdos|286\/384|[from] item: Leftovers
|turn|20
|
|move|p2a: Lucario|Close Combat|p1a: Zapdos
|-resisted|p1a: Zapdos
|-damage|p1a: Zapdos|150\/384
|-unboost|p2a: Lucario|def|1
|-unboost|p2a: Lucario|spd|1
|move|p1a: Zapdos|Volt Switch|p2a: Lucario
|-damage|p2a: Lucario|0 fnt
|faint|p2a: Lucario
|
|switch|p1a: Gliscor|Gliscor, M|197\/352 tox
|
|-heal|p1a: Gliscor|241\/352 tox|[from] ability: Poison Heal
|
|switch|p2a: Gardevoir|Gardevoir-Mega, F|177\/277
|turn|21
|
|switch|p1a: Scizor|Scizor-Mega, M|292\/344
|move|p2a: Gardevoir|Hyper Voice|p1a: Scizor
|-crit|p1a: Scizor
|-resisted|p1a: Scizor
|-damage|p1a: Scizor|85\/344
|
|turn|22
|
|move|p1a: Scizor|Bullet Punch|p2a: Gardevoir
|-supereffective|p2a: Gardevoir
|-damage|p2a: Gardevoir|0 fnt
|faint|p2a: Gardevoir
|
|
|switch|p2a: Rotom-Wash|Rotom-Wash|251\/304
|turn|23
|
|switch|p1a: Chansey|Chansey, F|617\/704
|move|p2a: Rotom-Wash|Volt Switch|p1a: Chansey
|-damage|p1a: Chansey|551\/704
|
|switch|p2a: Staraptor|Staraptor, F|311\/311
|
|turn|24
|
|switch|p1a: Gliscor|Gliscor, M|241\/352 tox
|move|p2a: Staraptor|Brave Bird|p1a: Gliscor
|-damage|p1a: Gliscor|46\/352 tox
|-damage|p2a: Staraptor|247\/311|[from] recoil|[of] p1a: Gliscor
|
|-heal|p1a: Gliscor|90\/352 tox|[from] ability: Poison Heal
|turn|25
|
|move|p2a: Staraptor|Brave Bird|p1a: Gliscor
|-damage|p1a: Gliscor|0 fnt
|-damage|p2a: Staraptor|217\/311|[from] recoil|[of] p1a: Gliscor
|faint|p1a: Gliscor
|
|
|switch|p1a: Zapdos|Zapdos|150\/384
|-ability|p1a: Zapdos|Pressure
|turn|26
|
|switch|p2a: Sylveon|Sylveon, F|283\/333
|move|p1a: Zapdos|Roost|p1a: Zapdos
|-heal|p1a: Zapdos|342\/384
|
|-heal|p1a: Zapdos|366\/384|[from] item: Leftovers
|turn|27
|
|move|p1a: Zapdos|Volt Switch|p2a: Sylveon
|-damage|p2a: Sylveon|198\/333
|
|switch|p1a: Chansey|Chansey, F|551\/704
|move|p2a: Sylveon|Hyper Voice|p1a: Chansey
|-crit|p1a: Chansey
|-damage|p1a: Chansey|364\/704
|
|turn|28
|
|move|p2a: Sylveon|Psyshock|p1a: Chansey
|-damage|p1a: Chansey|243\/704
|move|p1a: Chansey|Stealth Rock|p2a: Sylveon
|-sidestart|p2: PUS1010|move: Stealth Rock
|
|turn|29
|
|move|p2a: Sylveon|Hyper Voice|p1a: Chansey
|-damage|p1a: Chansey|122\/704
|move|p1a: Chansey|Soft-Boiled|p1a: Chansey
|-heal|p1a: Chansey|474\/704
|
|turn|30
|-message|PUS1010 forfeited.
|
|win|Dayanne
|raw|Ladder updating...
|leave|PUS1010
|player|p2
|raw|Dayanne's rating: 1735 &rarr; <strong>1745<\/strong><br \/>(+10 for winning)
|raw|PUS1010's rating: 1530 &rarr; <strong>1521<\/strong><br \/>(-9 for losing)