|join|Monster 87
|join|Messuduppotatoasia
|player|p1|Monster 87|102
|player|p2|Messuduppotatoasia|102
|gametype|singles
|gen|6
|tier|ORAS OU
|rated
|rule|Sleep Clause Mod: Limit one foe put to sleep
|rule|Species Clause: Limit one of each PokÃ©mon
|rule|OHKO Clause: OHKO moves are banned
|rule|Moody Clause: Moody is banned
|rule|Evasion Moves Clause: Evasion moves are banned
|rule|Endless Battle Clause: Forcing endless battles is banned
|rule|HP Percentage Mod: HP is shown in percentages
|clearpoke
|poke|p1|Sableye, M
|poke|p1|Greninja, M
|poke|p1|Ferrothorn, M
|poke|p1|Landorus-Therian, M
|poke|p1|Latios, M
|poke|p1|Diggersby, F
|poke|p2|Garchomp, F
|poke|p2|Gyarados, M
|poke|p2|Ferrothorn, F
|poke|p2|Gothitelle, F
|poke|p2|Thundurus, M
|poke|p2|Excadrill, F
|rule|Swagger Clause: Swagger is banned
|rule|Baton Pass Clause: Limit one PokÃ©mon knowing Baton Pass
|teampreview
|
|start
|switch|p1a: Sableye|Sableye, M|304\/304
|switch|p2a: Thundurus|Thundurus, M|299\/299
|turn|1
|
|detailschange|p1a: Sableye|Sableye-Mega, M
|message|Sableye has Mega Evolved into Mega Sableye!
|move|p1a: Sableye|Calm Mind|p1a: Sableye
|-boost|p1a: Sableye|spa|1
|-boost|p1a: Sableye|spd|1
|move|p2a: Thundurus|Thunderbolt|p1a: Sableye
|-damage|p1a: Sableye|213\/304
|-damage|p2a: Thundurus|270\/299|[from] item: Life Orb
|
|turn|2
|
|switch|p2a: Ferrothorn|Ferrothorn, F|352\/352
|move|p1a: Sableye|Will-O-Wisp|p2a: Ferrothorn
|-status|p2a: Ferrothorn|brn
|
|-damage|p2a: Ferrothorn|308\/352 brn|[from] brn
|turn|3
|
|switch|p2a: Garchomp|Garchomp, F|358\/358
|move|p1a: Sableye|Will-O-Wisp|p2a: Garchomp
|-status|p2a: Garchomp|brn
|
|-damage|p2a: Garchomp|314\/358 brn|[from] brn
|turn|4
|
|move|p2a: Garchomp|Swords Dance|p2a: Garchomp
|-boost|p2a: Garchomp|atk|2
|move|p1a: Sableye|Recover|p1a: Sableye
|-heal|p1a: Sableye|304\/304
|
|-damage|p2a: Garchomp|270\/358 brn|[from] brn
|turn|5
|
|move|p2a: Garchomp|Outrage|p1a: Sableye
|-damage|p1a: Sableye|147\/304
|move|p1a: Sableye|Shadow Ball|p2a: Garchomp
|-damage|p2a: Garchomp|141\/358 brn
|
|-damage|p2a: Garchomp|97\/358 brn|[from] brn
|turn|6
|
|switch|p1a: :|Ferrothorn, M|352\/352
|move|p2a: Garchomp|Outrage|p1a: :
|-resisted|p1a: :
|-damage|p1a: :|277\/352
|-damage|p2a: Garchomp|53\/358 brn|[from] ability: Iron Barbs|[of] p1a: :
|
|-heal|p1a: :|299\/352|[from] item: Leftovers
|-damage|p2a: Garchomp|9\/358 brn|[from] brn
|turn|7
|
|move|p2a: Garchomp|Outrage|p1a: :
|-resisted|p1a: :
|-damage|p1a: :|220\/352
|-damage|p2a: Garchomp|0 fnt|[from] ability: Iron Barbs|[of] p1a: :
|faint|p2a: Garchomp
|move|p1a: :|Stealth Rock|p2: Garchomp
|-sidestart|p2: Messuduppotatoasia|move: Stealth Rock
|
|-heal|p1a: :|242\/352|[from] item: Leftovers
|
|switch|p2a: Gothitelle|Gothitelle, F|302\/302
|-damage|p2a: Gothitelle|265\/302|[from] Stealth Rock
|turn|8
|
|move|p2a: Gothitelle|Trick|p1a: :
|-activate|p2a: Gothitelle|move: Trick|[of] p1a: :
|-item|p1a: :|Choice Specs|[from] move: Trick
|-item|p2a: Gothitelle|Leftovers|[from] move: Trick
|move|p1a: :|Knock Off|p2a: Gothitelle
|-supereffective|p2a: Gothitelle
|-damage|p2a: Gothitelle|127\/302
|-enditem|p2a: Gothitelle|Leftovers|[from] move: Knock Off|[of] p1a: :
|
|turn|9
|
|move|p2a: Gothitelle|Hidden Power|p1a: :
|-supereffective|p1a: :
|-damage|p1a: :|102\/352
|move|p1a: :|Knock Off|p2a: Gothitelle
|-supereffective|p2a: Gothitelle
|-damage|p2a: Gothitelle|41\/302
|
|turn|10
|
|move|p2a: Gothitelle|Hidden Power|p1a: :
|-supereffective|p1a: :
|-damage|p1a: :|0 fnt
|faint|p1a: :
|
|
|switch|p1a: Nesquik|Diggersby, F|311\/311
|turn|11
|
|move|p1a: Nesquik|U-turn|p2a: Gothitelle
|-supereffective|p2a: Gothitelle
|-damage|p2a: Gothitelle|0 fnt
|faint|p2a: Gothitelle
|
|switch|p1a: Os-ama|Latios, M|301\/301
|
|
|switch|p2a: Ferrothorn|Ferrothorn, F|308\/352 brn
|-damage|p2a: Ferrothorn|286\/352 brn|[from] Stealth Rock
|turn|12
|
|switch|p1a: Sableye|Sableye-Mega, M|147\/304
|switch|p2a: Thundurus|Thundurus, M|270\/299
|-damage|p2a: Thundurus|196\/299|[from] Stealth Rock
|
|turn|13
|
|switch|p1a: Nesquik|Diggersby, F|311\/311
|move|p2a: Thundurus|Thunderbolt|p1a: Nesquik
|-immune|p1a: Nesquik|[msg]
|
|turn|14
|
|switch|p2a: Ferrothorn|Ferrothorn, F|286\/352 brn
|-damage|p2a: Ferrothorn|264\/352 brn|[from] Stealth Rock
|move|p1a: Nesquik|Frustration|p2a: Ferrothorn
|-resisted|p2a: Ferrothorn
|-damage|p2a: Ferrothorn|189\/352 brn
|-damage|p1a: Nesquik|273\/311|[from] ability: Iron Barbs|[of] p2a: Ferrothorn
|
|-heal|p2a: Ferrothorn|211\/352 brn|[from] item: Leftovers
|-damage|p2a: Ferrothorn|167\/352 brn|[from] brn
|turn|15
|
|switch|p1a: Sableye|Sableye-Mega, M|147\/304
|switch|p2a: Gyarados|Gyarados, M|332\/332
|-damage|p2a: Gyarados|249\/332|[from] Stealth Rock
|-ability|p2a: Gyarados|Intimidate|[of] p1a: Sableye
|-unboost|p1a: Sableye|atk|1
|
|turn|16
|
|switch|p1a: PillowHead|Landorus-Therian, M|380\/380
|-ability|p1a: PillowHead|Intimidate|[of] p2a: Gyarados
|-unboost|p2a: Gyarados|atk|1
|detailschange|p2a: Gyarados|Gyarados-Mega, M
|message|Gyarados has Mega Evolved into Mega Gyarados!
|-ability|p2a: Gyarados|Mold Breaker
|move|p2a: Gyarados|Waterfall|p1a: PillowHead
|-supereffective|p1a: PillowHead
|-damage|p1a: PillowHead|206\/380
|-damage|p2a: Gyarados|194\/332|[from] item: Rocky Helmet|[of] p1a: PillowHead
|
|turn|17
|
|switch|p2a: Ferrothorn|Ferrothorn, F|167\/352 brn
|-damage|p2a: Ferrothorn|145\/352 brn|[from] Stealth Rock
|move|p1a: PillowHead|U-turn|p2a: Ferrothorn
|-damage|p2a: Ferrothorn|96\/352 brn
|-damage|p1a: PillowHead|159\/380|[from] ability: Iron Barbs|[of] p2a: Ferrothorn
|
|switch|p1a: Greninja|Greninja, M|285\/285
|
|-heal|p2a: Ferrothorn|118\/352 brn|[from] item: Leftovers
|-damage|p2a: Ferrothorn|74\/352 brn|[from] brn
|turn|18
|
|move|p1a: Greninja|Ice Beam|p2a: Ferrothorn
|-start|p1a: Greninja|typechange|Ice|[from] Protean
|-damage|p2a: Ferrothorn|0 fnt
|-damage|p1a: Greninja|257\/285|[from] item: Life Orb
|faint|p2a: Ferrothorn
|
|
|switch|p2a: Excadrill|Excadrill, F|361\/361
|-damage|p2a: Excadrill|350\/361|[from] Stealth Rock
|turn|19
|
|switch|p1a: Sableye|Sableye-Mega, M|147\/304
|move|p2a: Excadrill|Iron Head|p1a: Sableye
|-damage|p1a: Sableye|27\/304
|
|turn|20
|
|switch|p1a: PillowHead|Landorus-Therian, M|159\/380
|-ability|p1a: PillowHead|Intimidate|[of] p2a: Excadrill
|-unboost|p2a: Excadrill|atk|1
|move|p2a: Excadrill|Iron Head|p1a: PillowHead
|-damage|p1a: PillowHead|83\/380
|-damage|p2a: Excadrill|290\/361|[from] item: Rocky Helmet|[of] p1a: PillowHead
|
|turn|21
|
|switch|p2a: Thundurus|Thundurus, M|196\/299
|-damage|p2a: Thundurus|122\/299|[from] Stealth Rock
|move|p1a: PillowHead|Rock Tomb|p2a: Thundurus
|-supereffective|p2a: Thundurus
|-damage|p2a: Thundurus|0 fnt
|faint|p2a: Thundurus
|
|
|switch|p2a: Gyarados|Gyarados-Mega, M|194\/332
|-damage|p2a: Gyarados|153\/332|[from] Stealth Rock
|-ability|p2a: Gyarados|Mold Breaker
|turn|22
|
|switch|p1a: Greninja|Greninja, M|257\/285
|move|p2a: Gyarados|Waterfall|p1a: Greninja
|-resisted|p1a: Greninja
|-damage|p1a: Greninja|143\/285
|
|turn|23
|
|move|p1a: Greninja|Gunk Shot|p2a: Gyarados
|-start|p1a: Greninja|typechange|Poison|[from] Protean
|-damage|p2a: Gyarados|1\/332
|-damage|p1a: Greninja|115\/285|[from] item: Life Orb
|move|p2a: Gyarados|Dragon Dance|p2a: Gyarados
|-boost|p2a: Gyarados|atk|1
|-boost|p2a: Gyarados|spe|1
|
|turn|24
|
|switch|p1a: PillowHead|Landorus-Therian, M|83\/380
|-ability|p1a: PillowHead|Intimidate|[of] p2a: Gyarados
|-unboost|p2a: Gyarados|atk|1
|move|p2a: Gyarados|Waterfall|p1a: PillowHead
|-supereffective|p1a: PillowHead
|-damage|p1a: PillowHead|0 fnt
|-damage|p2a: Gyarados|0 fnt|[from] item: Rocky Helmet|[of] p1a: PillowHead
|faint|p2a: Gyarados
|faint|p1a: PillowHead
|
|
|switch|p2a: Excadrill|Excadrill, F|290\/361
|-damage|p2a: Excadrill|279\/361|[from] Stealth Rock
|switch|p1a: Nesquik|Diggersby, F|273\/311
|turn|25
|
|move|p2a: Excadrill|Iron Head|p1a: Nesquik
|-damage|p1a: Nesquik|81\/311
|move|p1a: Nesquik|Earthquake|p2a: Excadrill
|-supereffective|p2a: Excadrill
|-damage|p2a: Excadrill|0 fnt
|faint|p2a: Excadrill
|
|win|Monster 87
|raw|Ladder updating...
|raw|Monster 87's rating: 1443 &rarr; <strong>1465<\/strong><br \/>(+22 for winning)
|raw|Messuduppotatoasia's rating: 1482 &rarr; <strong>1459<\/strong><br \/>(-23 for losing)
|leave|Messuduppotatoasia
|player|p2