|join|sugarhigh
|join|Messuduppotatoasia
|player|p1|sugarhigh|290
|player|p2|Messuduppotatoasia|2
|gametype|singles
|tier|OU
|rated
|rule|Evasion Abilities Clause: Evasion abilities are banned
|clearpoke
|poke|p1|Tyranitar, F
|poke|p1|Landorus, M
|poke|p1|Terrakion
|poke|p1|Rotom-Wash
|poke|p1|Jirachi
|poke|p1|Latios, M
|poke|p2|Aerodactyl, M
|poke|p2|Magnezone
|poke|p2|Hydreigon, M
|poke|p2|Terrakion
|poke|p2|Scizor, M
|poke|p2|Latias, F
|rule|Sleep Clause: Limit one foe put to sleep
|rule|Species Clause: Limit one of each Pokemon
|rule|OHKO Clause: OHKO moves are banned
|rule|Moody Clause: Moody is banned
|rule|Evasion Moves Clause: Evasion moves are banned
|teampreview
|callback|decision
|
|start
|switch|p1a: Rotom-Wash|Rotom-Wash|299\/299
|switch|p2a: Aerodactyl|Aerodactyl, M|301\/301
|-ability|p2a: Aerodactyl|Unnerve|p1: sugarhigh
|turn|1
|callback|decision
|
|move|p2a: Aerodactyl|Stealth Rock|p1a: Rotom-Wash
|-sidestart|p1: sugarhigh|move: Stealth Rock
|move|p1a: Rotom-Wash|Volt Switch|p2a: Aerodactyl
|-supereffective|p2a: Aerodactyl
|-damage|p2a: Aerodactyl|29\/301
|callback|decision
|
|switch|p1a: Jirachi|Jirachi|341\/341
|-damage|p1a: Jirachi|320\/341|[from] Stealth Rock
|
|turn|2
|callback|decision
|
|move|p1a: Jirachi|U-turn|p2a: Aerodactyl
|-resisted|p2a: Aerodactyl
|-damage|p2a: Aerodactyl|0 fnt
|faint|p2a: Aerodactyl
|callback|decision
|
|switch|p1a: Landorus|Landorus, M|319\/319
|-damage|p1a: Landorus|280\/319|[from] Stealth Rock
|
|callback|decision
|
|switch|p2a: Latias|Latias, F|364\/364
|turn|3
|callback|decision
|
|switch|p1a: Tyranitar|Tyranitar, F|404\/404
|-damage|p1a: Tyranitar|354\/404|[from] Stealth Rock
|-weather|Sandstorm|[from] ability: Sand Stream|[of] p1a: Tyranitar
|move|p2a: Latias|Substitute|p2a: Latias
|-start|p2a: Latias|Substitute
|-damage|p2a: Latias|273\/364
|
|-weather|Sandstorm|[upkeep]
|-damage|p2a: Latias|251\/364|[from] sandstorm
|-heal|p2a: Latias|273\/364|[from] item: Leftovers
|turn|4
|callback|decision
|
|switch|p2a: Scizor|Scizor, M|343\/343
|move|p1a: Tyranitar|Stealth Rock|p2a: Scizor
|-sidestart|p2: Messuduppotatoasia|move: Stealth Rock
|
|-weather|Sandstorm|[upkeep]
|turn|5
|callback|decision
|
|switch|p1a: Landorus|Landorus, M|280\/319
|-damage|p1a: Landorus|241\/319|[from] Stealth Rock
|move|p2a: Scizor|U-turn|p1a: Landorus
|-resisted|p1a: Landorus
|-damage|p1a: Landorus|124\/319
|callback|decision
|
|switch|p2a: Latias|Latias, F|273\/364
|-damage|p2a: Latias|228\/364|[from] Stealth Rock
|
|-weather|Sandstorm|[upkeep]
|-damage|p2a: Latias|206\/364|[from] sandstorm
|-heal|p2a: Latias|228\/364|[from] item: Leftovers
|turn|6
|callback|decision
|
|move|p2a: Latias|Substitute|p2a: Latias
|-start|p2a: Latias|Substitute
|-damage|p2a: Latias|137\/364
|move|p1a: Landorus|U-turn|p2a: Latias
|-supereffective|p2a: Latias
|-end|p2a: Latias|Substitute
|callback|decision
|
|switch|p1a: Tyranitar|Tyranitar, F|354\/404
|-damage|p1a: Tyranitar|304\/404|[from] Stealth Rock
|
|-weather|Sandstorm|[upkeep]
|-damage|p2a: Latias|115\/364|[from] sandstorm
|-heal|p2a: Latias|137\/364|[from] item: Leftovers
|turn|7
|callback|decision
|
|move|p2a: Latias|Dragon Pulse|p1a: Tyranitar
|-damage|p1a: Tyranitar|247\/404
|move|p1a: Tyranitar|Pursuit|p2a: Latias
|-supereffective|p2a: Latias
|-damage|p2a: Latias|0 fnt
|faint|p2a: Latias
|
|-weather|Sandstorm|[upkeep]
|callback|decision
|
|switch|p2a: Hydreigon|Hydreigon, M|325\/325
|-damage|p2a: Hydreigon|285\/325|[from] Stealth Rock
|turn|8
|callback|decision
|
|move|p2a: Hydreigon|Fire Blast|p1a: Tyranitar
|-resisted|p1a: Tyranitar
|-damage|p1a: Tyranitar|198\/404
|-damage|p2a: Hydreigon|253\/325|[from] item: Life Orb
|move|p1a: Tyranitar|Fire Blast|p2a: Hydreigon|[miss]
|-miss|p1a: Tyranitar|p2a: Hydreigon
|
|-weather|Sandstorm|[upkeep]
|-damage|p2a: Hydreigon|233\/325|[from] sandstorm
|turn|9
|callback|decision
|
|move|p2a: Hydreigon|Superpower|p1a: Tyranitar
|-enditem|p1a: Tyranitar|Chople Berry|[eat]
|-supereffective|p1a: Tyranitar
|-damage|p1a: Tyranitar|0 fnt
|-unboost|p2a: Hydreigon|atk|1
|-unboost|p2a: Hydreigon|def|1
|-damage|p2a: Hydreigon|201\/325|[from] item: Life Orb
|faint|p1a: Tyranitar
|
|-weather|Sandstorm|[upkeep]
|-damage|p2a: Hydreigon|181\/325|[from] sandstorm
|callback|decision
|
|switch|p1a: Terrakion|Terrakion|323\/323
|-damage|p1a: Terrakion|303\/323|[from] Stealth Rock
|turn|10
|callback|decision
|
|move|p1a: Terrakion|Close Combat|p2a: Hydreigon
|-supereffective|p2a: Hydreigon
|-damage|p2a: Hydreigon|0 fnt
|-unboost|p1a: Terrakion|def|1
|-unboost|p1a: Terrakion|spd|1
|faint|p2a: Hydreigon
|
|-weather|Sandstorm|[upkeep]
|callback|decision
|
|switch|p2a: Scizor|Scizor, M|343\/343
|-damage|p2a: Scizor|301\/343|[from] Stealth Rock
|turn|11
|callback|decision
|
|move|p1a: Terrakion|Close Combat|p2a: Scizor
|-damage|p2a: Scizor|0 fnt
|-unboost|p1a: Terrakion|def|1
|-unboost|p1a: Terrakion|spd|1
|faint|p2a: Scizor
|
|-weather|Sandstorm|[upkeep]
|callback|decision
|-message|Messuduppotatoasia forfeited.
|
|win|sugarhigh
|raw|Ladder updating...
|leave|Messuduppotatoasia
|player|p2
|raw|sugarhigh's rating: 1874 &rarr; <strong>1878<\/strong><br \/>(+4 for winning)
|raw|Messuduppotatoasia's rating: 1913 &rarr; <strong>1908<\/strong><br \/>(-5 for losing)