|join|Messuduppotatoasia
|join|SeasonsC
|player|p1|Messuduppotatoasia|169
|player|p2|SeasonsC|286
|gametype|singles
|tier|OU
|rated
|rule|Evasion Abilities Clause: Evasion abilities are banned
|clearpoke
|poke|p1|Aerodactyl, M
|poke|p1|Magnezone
|poke|p1|Hydreigon, M
|poke|p1|Terrakion
|poke|p1|Scizor, F
|poke|p1|Latias, F
|poke|p2|Jirachi
|poke|p2|Tyranitar, M, shiny
|poke|p2|Landorus, M
|poke|p2|Keldeo
|poke|p2|Garchomp, M
|poke|p2|Rotom-Wash
|rule|Sleep Clause Mod: Limit one foe put to sleep
|rule|Species Clause: Limit one of each Pokemon
|rule|OHKO Clause: OHKO moves are banned
|rule|Moody Clause: Moody is banned
|rule|Evasion Moves Clause: Evasion moves are banned
|rule|HP Percentage Mod: HP is reported as percentages
|teampreview
|callback|decision
|
|start
|switch|p1a: Aerodactyl|Aerodactyl, M|301\/301
|switch|p2a: MrTaxi|Rotom-Wash|299\/299
|-ability|p1a: Aerodactyl|Unnerve|p2: SeasonsC
|turn|1
|callback|decision
|
|move|p1a: Aerodactyl|Stealth Rock|p2a: MrTaxi
|-sidestart|p2: SeasonsC|move: Stealth Rock
|move|p2a: MrTaxi|Volt Switch|p1a: Aerodactyl
|-supereffective|p1a: Aerodactyl
|-damage|p1a: Aerodactyl|25\/301
|callback|decision
|
|switch|p2a: Kami|Landorus, M|319\/319
|-damage|p2a: Kami|280\/319|[from] Stealth Rock
|
|turn|2
|callback|decision
|join|Moxie Arcanine
|
|move|p2a: Kami|Hidden Power|p1a: Aerodactyl
|-supereffective|p1a: Aerodactyl
|-damage|p1a: Aerodactyl|0 fnt
|faint|p1a: Aerodactyl
|
|callback|decision
|
|switch|p1a: Scizor|Scizor, F|343\/343
|turn|3
|callback|decision
|
|switch|p2a: PrinceCharming|Keldeo|324\/324
|-damage|p2a: PrinceCharming|304\/324|[from] Stealth Rock
|move|p1a: Scizor|U-turn|p2a: PrinceCharming
|-resisted|p2a: PrinceCharming
|-damage|p2a: PrinceCharming|195\/324
|callback|decision
|
|switch|p1a: Latias|Latias, F|364\/364
|
|turn|4
|callback|decision
|
|switch|p1a: Scizor|Scizor, F|343\/343
|switch|p2a: Tyranitar|Tyranitar, M, shiny|404\/404
|-damage|p2a: Tyranitar|354\/404|[from] Stealth Rock
|-weather|Sandstorm|[from] ability: Sand Stream|[of] p2a: Tyranitar
|
|-weather|Sandstorm|[upkeep]
|-heal|p2a: Tyranitar|379\/404|[from] item: Leftovers
|turn|5
|callback|decision
|chat|Moxie Arcanine|seasons if it looks like i'm stalking you, it's only because it's really hard to find decent OU battles to watch
|chat|SeasonsC|LOL
|
|switch|p2a: Kami|Landorus, M|280\/319
|-damage|p2a: Kami|241\/319|[from] Stealth Rock
|move|p1a: Scizor|U-turn|p2a: Kami
|-resisted|p2a: Kami
|-damage|p2a: Kami|128\/319
|callback|decision
|chat|SeasonsC|xD
|
|switch|p1a: Terrakion|Terrakion|323\/323
|
|-weather|Sandstorm|[upkeep]
|turn|6
|callback|decision
|
|move|p1a: Terrakion|Stone Edge|p2a: Kami|[miss]
|-miss|p1a: Terrakion|p2a: Kami
|move|p2a: Kami|U-turn|p1a: Terrakion
|-resisted|p1a: Terrakion
|-damage|p1a: Terrakion|276\/323
|callback|decision
|chat|SeasonsC|aw
|
|switch|p2a: LoanShark|Garchomp, M|358\/358
|-damage|p2a: LoanShark|336\/358|[from] Stealth Rock
|
|-weather|Sandstorm|[upkeep]
|turn|7
|callback|decision
|
|switch|p1a: Scizor|Scizor, F|343\/343
|move|p2a: LoanShark|Outrage|p1a: Scizor
|-resisted|p1a: Scizor
|-damage|p1a: Scizor|244\/343
|
|-weather|Sandstorm|[upkeep]
|turn|8
|callback|decision
|chat|Moxie Arcanine|seriously like 80% of the battles i click have people using low tier garbage
|
|move|p2a: LoanShark|Outrage|p1a: Scizor
|-resisted|p1a: Scizor
|-damage|p1a: Scizor|139\/343
|move|p1a: Scizor|U-turn|p2a: LoanShark
|-damage|p2a: LoanShark|107\/358
|-damage|p1a: Scizor|97\/343|[from] ability: Rough Skin|[of] p2a: LoanShark
|callback|decision
|chat|SeasonsC|gg ;_;
|
|switch|p1a: Terrakion|Terrakion|276\/323
|
|-weather|Sandstorm|[upkeep]
|turn|9
|callback|decision
|chat|Messuduppotatoasia|whaa,how are you making assumptions so quickly?
|
|move|p1a: Terrakion|Close Combat|p2a: LoanShark
|-damage|p2a: LoanShark|0 fnt
|-damage|p1a: Terrakion|236\/323|[from] ability: Rough Skin|[of] p2a: LoanShark
|-unboost|p1a: Terrakion|def|1
|-unboost|p1a: Terrakion|spd|1
|faint|p2a: LoanShark
|
|-weather|Sandstorm|[upkeep]
|callback|decision
|chat|SeasonsC|i cant do much
|chat|Messuduppotatoasia|I could start playing like shit xD
|
|switch|p2a: ShootingStar|Jirachi|404\/404
|-damage|p2a: ShootingStar|379\/404|[from] Stealth Rock
|turn|10
|callback|decision
|
|switch|p1a: Magnezone|Magnezone|318\/318
|switch|p2a: PrinceCharming|Keldeo|195\/324
|-damage|p2a: PrinceCharming|175\/324|[from] Stealth Rock
|
|-weather|Sandstorm|[upkeep]
|-damage|p2a: PrinceCharming|155\/324|[from] sandstorm
|turn|11
|callback|decision
|chat|SeasonsC|see
|chat|SeasonsC|this is the best i could do
|chat|SeasonsC|but you can easily switch out
|chat|SeasonsC|XD
|
|switch|p1a: Latias|Latias, F|364\/364
|move|p2a: PrinceCharming|Icy Wind|p1a: Latias
|-supereffective|p1a: Latias
|-damage|p1a: Latias|246\/364
|-unboost|p1a: Latias|spe|1
|
|-weather|Sandstorm|[upkeep]
|-damage|p2a: PrinceCharming|135\/324|[from] sandstorm
|-damage|p1a: Latias|224\/364|[from] sandstorm
|-heal|p1a: Latias|246\/364|[from] item: Leftovers
|turn|12
|callback|decision
|chat|SeasonsC|hm
|
|switch|p1a: Magnezone|Magnezone|318\/318
|move|p2a: PrinceCharming|Hidden Power|p1a: Magnezone
|-resisted|p1a: Magnezone
|-damage|p1a: Magnezone|271\/318
|
|-weather|Sandstorm|[upkeep]
|-damage|p2a: PrinceCharming|115\/324|[from] sandstorm
|turn|13
|callback|decision
|chat|SeasonsC|now youll switch out
|chat|SeasonsC|dam
|
|move|p2a: PrinceCharming|Secret Sword|p1a: Magnezone
|-crit|p1a: Magnezone
|-supereffective|p1a: Magnezone
|-damage|p1a: Magnezone|0 fnt
|faint|p1a: Magnezone
|
|-weather|Sandstorm|[upkeep]
|-damage|p2a: PrinceCharming|95\/324|[from] sandstorm
|callback|decision
|chat|SeasonsC|OMG
|chat|SeasonsC|i got 1
|chat|SeasonsC|;_;
|
|switch|p1a: Terrakion|Terrakion|236\/323
|turn|14
|callback|decision
|
|switch|p2a: Kami|Landorus, M|128\/319
|-damage|p2a: Kami|89\/319|[from] Stealth Rock
|move|p1a: Terrakion|Close Combat|p2a: Kami
|-resisted|p2a: Kami
|-damage|p2a: Kami|0 fnt
|-unboost|p1a: Terrakion|def|1
|-unboost|p1a: Terrakion|spd|1
|faint|p2a: Kami
|
|-weather|Sandstorm|[upkeep]
|callback|decision
|chat|SeasonsC|landorus
|chat|SeasonsC|is useless to me
|chat|SeasonsC|too many levitaters
|
|switch|p2a: ShootingStar|Jirachi|379\/404
|-damage|p2a: ShootingStar|354\/404|[from] Stealth Rock
|turn|15
|callback|decision
|
|switch|p1a: Latias|Latias, F|246\/364
|move|p2a: ShootingStar|Body Slam|p1a: Latias
|-damage|p1a: Latias|178\/364
|-status|p1a: Latias|par
|
|-weather|Sandstorm|[upkeep]
|-damage|p1a: Latias|156\/364 par|[from] sandstorm
|-heal|p2a: ShootingStar|379\/404|[from] item: Leftovers
|-heal|p1a: Latias|178\/364 par|[from] item: Leftovers
|turn|16
|callback|decision
|
|switch|p1a: Scizor|Scizor, F|97\/343
|move|p2a: ShootingStar|Iron Head|p1a: Scizor
|-resisted|p1a: Scizor
|-damage|p1a: Scizor|51\/343
|
|-weather|Sandstorm|[upkeep]
|-heal|p2a: ShootingStar|404\/404|[from] item: Leftovers
|turn|17
|callback|decision
|
|move|p2a: ShootingStar|Protect|p2a: ShootingStar
|-singleturn|p2a: ShootingStar|Protect
|move|p1a: Scizor|U-turn|p2a: ShootingStar
|-activate|p2a: ShootingStar|Protect
|
|-weather|Sandstorm|[upkeep]
|turn|18
|callback|decision
|
|move|p2a: ShootingStar|Wish|p2a: ShootingStar
|move|p1a: Scizor|U-turn|p2a: ShootingStar
|-damage|p2a: ShootingStar|193\/404
|callback|decision
|
|switch|p1a: Terrakion|Terrakion|236\/323
|
|-weather|Sandstorm|[upkeep]
|-heal|p2a: ShootingStar|218\/404|[from] item: Leftovers
|turn|19
|callback|decision
|
|move|p2a: ShootingStar|Protect|p2a: ShootingStar
|-singleturn|p2a: ShootingStar|Protect
|move|p1a: Terrakion|Earthquake|p2a: ShootingStar
|-activate|p2a: ShootingStar|Protect
|
|-weather|Sandstorm|[upkeep]
|-heal|p2a: ShootingStar|404\/404|[from] move: Wish|[wisher] ShootingStar
|turn|20
|callback|decision
|
|move|p1a: Terrakion|Earthquake|p2a: ShootingStar
|-supereffective|p2a: ShootingStar
|-damage|p2a: ShootingStar|176\/404
|move|p2a: ShootingStar|Body Slam|p1a: Terrakion
|-resisted|p1a: Terrakion
|-damage|p1a: Terrakion|197\/323
|-status|p1a: Terrakion|par
|
|-weather|Sandstorm|[upkeep]
|-heal|p2a: ShootingStar|201\/404|[from] item: Leftovers
|turn|21
|callback|decision
|
|move|p2a: ShootingStar|Iron Head|p1a: Terrakion
|-supereffective|p1a: Terrakion
|-damage|p1a: Terrakion|5\/323 par
|cant|p1a: Terrakion|flinch
|
|-weather|Sandstorm|[upkeep]
|-heal|p2a: ShootingStar|226\/404|[from] item: Leftovers
|turn|22
|callback|decision
|
|move|p2a: ShootingStar|Iron Head|p1a: Terrakion
|-crit|p1a: Terrakion
|-supereffective|p1a: Terrakion
|-damage|p1a: Terrakion|0 fnt
|faint|p1a: Terrakion
|
|-weather|Sandstorm|[upkeep]
|-heal|p2a: ShootingStar|251\/404|[from] item: Leftovers
|callback|decision
|
|switch|p1a: Hydreigon|Hydreigon, M|325\/325
|turn|23
|callback|decision
|
|move|p2a: ShootingStar|Protect|p2a: ShootingStar
|-singleturn|p2a: ShootingStar|Protect
|move|p1a: Hydreigon|Fire Blast|p2a: ShootingStar
|-activate|p2a: ShootingStar|Protect
|
|-weather|Sandstorm|[upkeep]
|-damage|p1a: Hydreigon|305\/325|[from] sandstorm
|-heal|p2a: ShootingStar|276\/404|[from] item: Leftovers
|turn|24
|callback|decision
|
|switch|p2a: Tyranitar|Tyranitar, M, shiny|379\/404
|-damage|p2a: Tyranitar|329\/404|[from] Stealth Rock
|move|p1a: Hydreigon|Fire Blast|p2a: Tyranitar
|-resisted|p2a: Tyranitar
|-damage|p2a: Tyranitar|281\/404
|-damage|p1a: Hydreigon|273\/325|[from] item: Life Orb
|
|-weather|Sandstorm|[upkeep]
|-damage|p1a: Hydreigon|253\/325|[from] sandstorm
|-heal|p2a: Tyranitar|306\/404|[from] item: Leftovers
|turn|25
|callback|decision
|
|move|p1a: Hydreigon|Superpower|p2a: Tyranitar
|-supereffective|p2a: Tyranitar
|-damage|p2a: Tyranitar|0 fnt
|-unboost|p1a: Hydreigon|atk|1
|-unboost|p1a: Hydreigon|def|1
|-damage|p1a: Hydreigon|221\/325|[from] item: Life Orb
|faint|p2a: Tyranitar
|
|-weather|Sandstorm|[upkeep]
|-damage|p1a: Hydreigon|201\/325|[from] sandstorm
|callback|decision
|
|switch|p2a: PrinceCharming|Keldeo|95\/324
|-damage|p2a: PrinceCharming|75\/324|[from] Stealth Rock
|turn|26
|callback|decision
|
|switch|p1a: Latias|Latias, F|178\/364 par
|move|p2a: PrinceCharming|Secret Sword|p1a: Latias
|-resisted|p1a: Latias
|-damage|p1a: Latias|97\/364 par
|
|-weather|Sandstorm|[upkeep]
|-damage|p2a: PrinceCharming|55\/324|[from] sandstorm
|-damage|p1a: Latias|75\/364 par|[from] sandstorm
|-heal|p1a: Latias|97\/364 par|[from] item: Leftovers
|turn|27
|callback|decision
|
|move|p2a: PrinceCharming|Icy Wind|p1a: Latias
|-crit|p1a: Latias
|-supereffective|p1a: Latias
|-damage|p1a: Latias|0 fnt
|faint|p1a: Latias
|
|-weather|Sandstorm|[upkeep]
|-damage|p2a: PrinceCharming|35\/324|[from] sandstorm
|callback|decision
|
|switch|p1a: Scizor|Scizor, F|51\/343
|turn|28
|callback|decision
|
|move|p1a: Scizor|Bullet Punch|p2a: PrinceCharming
|-resisted|p2a: PrinceCharming
|-damage|p2a: PrinceCharming|0 fnt
|faint|p2a: PrinceCharming
|
|-weather|Sandstorm|[upkeep]
|callback|decision
|
|switch|p2a: MrTaxi|Rotom-Wash|299\/299
|-damage|p2a: MrTaxi|262\/299|[from] Stealth Rock
|turn|29
|callback|decision
|
|switch|p1a: Hydreigon|Hydreigon, M|201\/325
|move|p2a: MrTaxi|Hydro Pump|p1a: Hydreigon|[miss]
|-miss|p2a: MrTaxi|p1a: Hydreigon
|
|-weather|Sandstorm|[upkeep]
|-damage|p1a: Hydreigon|181\/325|[from] sandstorm
|-damage|p2a: MrTaxi|244\/299|[from] sandstorm
|-heal|p2a: MrTaxi|262\/299|[from] item: Leftovers
|turn|30
|callback|decision
|
|move|p1a: Hydreigon|Roost|p1a: Hydreigon
|-heal|p1a: Hydreigon|325\/325
|move|p2a: MrTaxi|Hydro Pump|p1a: Hydreigon
|-resisted|p1a: Hydreigon
|-damage|p1a: Hydreigon|239\/325
|
|-weather|Sandstorm|[upkeep]
|-damage|p1a: Hydreigon|219\/325|[from] sandstorm
|-damage|p2a: MrTaxi|244\/299|[from] sandstorm
|-heal|p2a: MrTaxi|262\/299|[from] item: Leftovers
|turn|31
|callback|decision
|chat|SeasonsC|shiet
|chat|SeasonsC|i prob shouldnt went into
|chat|SeasonsC|jirachi ;_;
|
|move|p1a: Hydreigon|Fire Blast|p2a: MrTaxi
|-resisted|p2a: MrTaxi
|-damage|p2a: MrTaxi|166\/299
|-damage|p1a: Hydreigon|187\/325|[from] item: Life Orb
|move|p2a: MrTaxi|Will-O-Wisp|p1a: Hydreigon
|-status|p1a: Hydreigon|brn
|
|-weather|Sandstorm|[upkeep]
|-damage|p1a: Hydreigon|167\/325 brn|[from] sandstorm
|-damage|p2a: MrTaxi|148\/299|[from] sandstorm
|-heal|p2a: MrTaxi|166\/299|[from] item: Leftovers
|-damage|p1a: Hydreigon|127\/325 brn|[from] brn
|turn|32
|callback|decision
|
|switch|p2a: ShootingStar|Jirachi|276\/404
|-damage|p2a: ShootingStar|251\/404|[from] Stealth Rock
|move|p1a: Hydreigon|Fire Blast|p2a: ShootingStar
|-supereffective|p2a: ShootingStar
|-damage|p2a: ShootingStar|0 fnt
|-damage|p1a: Hydreigon|95\/325 brn|[from] item: Life Orb
|faint|p2a: ShootingStar
|
|-weather|Sandstorm|[upkeep]
|-damage|p1a: Hydreigon|75\/325 brn|[from] sandstorm
|-damage|p1a: Hydreigon|35\/325 brn|[from] brn
|callback|decision
|chat|SeasonsC|WTF
|chat|SeasonsC|how  did u know
|
|switch|p2a: MrTaxi|Rotom-Wash|166\/299
|-damage|p2a: MrTaxi|129\/299|[from] Stealth Rock
|turn|33
|callback|decision
|chat|SeasonsC|haha gg
|chat|SeasonsC|risky risky
|chat|Messuduppotatoasia|lol nope
|chat|SeasonsC|thats how we roll
|chat|Messuduppotatoasia|I could miss
|chat|SeasonsC|mann
|chat|Messuduppotatoasia|like
|chat|SeasonsC|i should've
|chat|SeasonsC|went into scizor
|chat|Messuduppotatoasia|8 dracos
|chat|SeasonsC|wasnt thinking
|chat|SeasonsC|didnt think it mattered much
|chat|SeasonsC|xD
|
|move|p1a: Hydreigon|Draco Meteor|p2a: MrTaxi
|-damage|p2a: MrTaxi|0 fnt
|-unboost|p1a: Hydreigon|spa|2
|-damage|p1a: Hydreigon|3\/325 brn|[from] item: Life Orb
|faint|p2a: MrTaxi
|
|win|Messuduppotatoasia
|raw|Ladder updating...
|chat|SeasonsC|i meant
|raw|Messuduppotatoasia's rating: 1920 &rarr; <strong>1924<\/strong><br \/>(+4 for winning)
|raw|SeasonsC's rating: 1859 &rarr; <strong>1851<\/strong><br \/>(-8 for losing)
|chat|SeasonsC|go into jirachi****
|chat|SeasonsC|but gg
|chat|Messuduppotatoasia|gg
|chat|SeasonsC|jirachi did work xD
|chat|SeasonsC|im going to share replay