|join|Messuduppotatoasia
|join|SeasonsC
|player|p1|Messuduppotatoasia|169
|player|p2|SeasonsC|286
|gametype|singles
|tier|OU
|rated
|rule|Evasion Abilities Clause: Evasion abilities are banned
|clearpoke
|poke|p1|Tyranitar, F
|poke|p1|Keldeo
|poke|p1|Scizor, F
|poke|p1|Rotom-Wash
|poke|p1|Celebi
|poke|p1|Landorus, M
|poke|p2|Jirachi
|poke|p2|Tyranitar, M, shiny
|poke|p2|Landorus, M
|poke|p2|Keldeo
|poke|p2|Garchomp, M
|poke|p2|Rotom-Wash
|rule|Sleep Clause Mod: Limit one foe put to sleep
|rule|Species Clause: Limit one of each Pokemon
|rule|OHKO Clause: OHKO moves are banned
|rule|Moody Clause: Moody is banned
|rule|Evasion Moves Clause: Evasion moves are banned
|rule|HP Percentage Mod: HP is reported as percentages
|teampreview
|callback|decision
|
|start
|switch|p1a: Scizor|Scizor, F|343\/343
|switch|p2a: MrTaxi|Rotom-Wash|299\/299
|turn|1
|callback|decision
|
|move|p2a: MrTaxi|Will-O-Wisp|p1a: Scizor|[miss]
|-miss|p2a: MrTaxi|p1a: Scizor
|move|p1a: Scizor|U-turn|p2a: MrTaxi
|-damage|p2a: MrTaxi|100\/299
|callback|decision
|
|switch|p1a: Celebi|Celebi|404\/404
|
|-heal|p2a: MrTaxi|118\/299|[from] item: Leftovers
|turn|2
|callback|decision
|
|move|p2a: MrTaxi|Pain Split|p1a: Celebi
|-sethp|p1a: Celebi|261\/404|p2a: MrTaxi|261\/299|[from] move: Pain Split
|move|p1a: Celebi|Stealth Rock|p2a: MrTaxi
|-sidestart|p2: SeasonsC|move: Stealth Rock
|
|-heal|p2a: MrTaxi|279\/299|[from] item: Leftovers
|-heal|p1a: Celebi|286\/404|[from] item: Leftovers
|turn|3
|callback|decision
|
|move|p2a: MrTaxi|Hydro Pump|p1a: Celebi
|-resisted|p1a: Celebi
|-damage|p1a: Celebi|221\/404
|move|p1a: Celebi|U-turn|p2a: MrTaxi
|-damage|p2a: MrTaxi|233\/299
|callback|decision
|
|switch|p1a: Rotom-Wash|Rotom-Wash|299\/299
|
|-heal|p2a: MrTaxi|251\/299|[from] item: Leftovers
|turn|4
|callback|decision
|
|move|p2a: MrTaxi|Will-O-Wisp|p1a: Rotom-Wash
|-status|p1a: Rotom-Wash|brn
|move|p1a: Rotom-Wash|Will-O-Wisp|p2a: MrTaxi|[miss]
|-miss|p1a: Rotom-Wash|p2a: MrTaxi
|
|-heal|p2a: MrTaxi|269\/299|[from] item: Leftovers
|-damage|p1a: Rotom-Wash|262\/299 brn|[from] brn
|turn|5
|callback|decision
|
|move|p2a: MrTaxi|Volt Switch|p1a: Rotom-Wash
|-damage|p1a: Rotom-Wash|174\/299 brn
|callback|decision
|
|switch|p2a: Tyranitar|Tyranitar, M, shiny|404\/404
|-damage|p2a: Tyranitar|354\/404|[from] Stealth Rock
|-weather|Sandstorm|[from] ability: Sand Stream|[of] p2a: Tyranitar
|move|p1a: Rotom-Wash|Will-O-Wisp|p2a: Tyranitar
|-status|p2a: Tyranitar|brn
|
|-weather|Sandstorm|[upkeep]
|-damage|p1a: Rotom-Wash|156\/299 brn|[from] sandstorm
|-heal|p1a: Rotom-Wash|174\/299 brn|[from] item: Leftovers
|-heal|p2a: Tyranitar|379\/404 brn|[from] item: Leftovers
|-damage|p1a: Rotom-Wash|137\/299 brn|[from] brn
|-damage|p2a: Tyranitar|329\/404 brn|[from] brn
|turn|6
|callback|decision
|
|move|p1a: Rotom-Wash|Volt Switch|p2a: Tyranitar
|-damage|p2a: Tyranitar|277\/404 brn
|callback|decision
|
|switch|p1a: Scizor|Scizor, F|343\/343
|move|p2a: Tyranitar|Stealth Rock|p1a: Scizor
|-sidestart|p1: Messuduppotatoasia|move: Stealth Rock
|
|-weather|Sandstorm|[upkeep]
|-heal|p2a: Tyranitar|302\/404 brn|[from] item: Leftovers
|-damage|p2a: Tyranitar|252\/404 brn|[from] brn
|turn|7
|callback|decision
|
|move|p1a: Scizor|U-turn|p2a: Tyranitar
|-supereffective|p2a: Tyranitar
|-damage|p2a: Tyranitar|0 fnt
|faint|p2a: Tyranitar
|callback|decision
|join|magikarpaltunnel
|
|switch|p1a: Rotom-Wash|Rotom-Wash|137\/299 brn
|-damage|p1a: Rotom-Wash|100\/299 brn|[from] Stealth Rock
|
|-weather|Sandstorm|[upkeep]
|-damage|p1a: Rotom-Wash|82\/299 brn|[from] sandstorm
|-heal|p1a: Rotom-Wash|100\/299 brn|[from] item: Leftovers
|-damage|p1a: Rotom-Wash|63\/299 brn|[from] brn
|callback|decision
|
|switch|p2a: MrTaxi|Rotom-Wash|269\/299
|-damage|p2a: MrTaxi|232\/299|[from] Stealth Rock
|turn|8
|callback|decision
|
|move|p2a: MrTaxi|Volt Switch|p1a: Rotom-Wash
|-damage|p1a: Rotom-Wash|0 fnt
|faint|p1a: Rotom-Wash
|callback|decision
|
|switch|p2a: Kami|Landorus, M|319\/319
|-damage|p2a: Kami|280\/319|[from] Stealth Rock
|
|-weather|Sandstorm|[upkeep]
|callback|decision
|
|switch|p1a: Keldeo|Keldeo|323\/323
|-damage|p1a: Keldeo|303\/323|[from] Stealth Rock
|turn|9
|callback|decision
|
|switch|p2a: ShootingStar|Jirachi|404\/404
|-damage|p2a: ShootingStar|379\/404|[from] Stealth Rock
|move|p1a: Keldeo|Hydro Pump|p2a: ShootingStar
|-damage|p2a: ShootingStar|229\/404
|
|-weather|Sandstorm|[upkeep]
|-damage|p1a: Keldeo|283\/323|[from] sandstorm
|-heal|p2a: ShootingStar|254\/404|[from] item: Leftovers
|turn|10
|callback|decision
|
|switch|p1a: Landorus|Landorus, M|319\/319
|-damage|p1a: Landorus|280\/319|[from] Stealth Rock
|move|p2a: ShootingStar|Body Slam|p1a: Landorus
|-damage|p1a: Landorus|208\/319
|-status|p1a: Landorus|par
|
|-weather|Sandstorm|[upkeep]
|-heal|p2a: ShootingStar|279\/404|[from] item: Leftovers
|turn|11
|callback|decision
|
|move|p2a: ShootingStar|Iron Head|p1a: Landorus
|-damage|p1a: Landorus|100\/319 par
|cant|p1a: Landorus|flinch
|
|-weather|Sandstorm|[upkeep]
|-heal|p2a: ShootingStar|304\/404|[from] item: Leftovers
|turn|12
|callback|decision
|
|move|p2a: ShootingStar|Iron Head|p1a: Landorus
|-damage|p1a: Landorus|0 fnt
|faint|p1a: Landorus
|
|-weather|Sandstorm|[upkeep]
|-heal|p2a: ShootingStar|329\/404|[from] item: Leftovers
|callback|decision
|
|switch|p1a: Scizor|Scizor, F|343\/343
|-damage|p1a: Scizor|301\/343|[from] Stealth Rock
|turn|13
|callback|decision
|
|move|p2a: ShootingStar|Protect|p2a: ShootingStar
|-singleturn|p2a: ShootingStar|Protect
|move|p1a: Scizor|U-turn|p2a: ShootingStar
|-activate|p2a: ShootingStar|Protect
|
|-weather|Sandstorm|[upkeep]
|-heal|p2a: ShootingStar|354\/404|[from] item: Leftovers
|turn|14
|callback|decision
|
|move|p2a: ShootingStar|Wish|p2a: ShootingStar
|move|p1a: Scizor|U-turn|p2a: ShootingStar
|-damage|p2a: ShootingStar|158\/404
|callback|decision
|
|switch|p1a: Tyranitar|Tyranitar, F|386\/386
|-damage|p1a: Tyranitar|338\/386|[from] Stealth Rock
|
|-weather|Sandstorm|[upkeep]
|-heal|p2a: ShootingStar|183\/404|[from] item: Leftovers
|turn|15
|callback|decision
|
|move|p2a: ShootingStar|Protect|p2a: ShootingStar
|-singleturn|p2a: ShootingStar|Protect
|move|p1a: Tyranitar|Crunch|p2a: ShootingStar
|-activate|p2a: ShootingStar|Protect
|
|-weather|Sandstorm|[upkeep]
|-heal|p2a: ShootingStar|385\/404|[from] move: Wish|[wisher] ShootingStar
|-heal|p2a: ShootingStar|404\/404|[from] item: Leftovers
|turn|16
|callback|decision
|
|move|p2a: ShootingStar|Iron Head|p1a: Tyranitar
|-supereffective|p1a: Tyranitar
|-damage|p1a: Tyranitar|170\/386
|cant|p1a: Tyranitar|flinch
|
|-weather|Sandstorm|[upkeep]
|turn|17
|callback|decision
|
|move|p2a: ShootingStar|Iron Head|p1a: Tyranitar
|-supereffective|p1a: Tyranitar
|-damage|p1a: Tyranitar|12\/386
|move|p1a: Tyranitar|Crunch|p2a: ShootingStar
|-damage|p2a: ShootingStar|182\/404
|
|-weather|Sandstorm|[upkeep]
|-heal|p2a: ShootingStar|207\/404|[from] item: Leftovers
|turn|18
|callback|decision
|
|move|p2a: ShootingStar|Iron Head|p1a: Tyranitar
|-supereffective|p1a: Tyranitar
|-damage|p1a: Tyranitar|0 fnt
|faint|p1a: Tyranitar
|
|-weather|Sandstorm|[upkeep]
|-heal|p2a: ShootingStar|232\/404|[from] item: Leftovers
|callback|decision
|
|switch|p1a: Scizor|Scizor, F|301\/343
|-damage|p1a: Scizor|259\/343|[from] Stealth Rock
|turn|19
|callback|decision
|
|move|p2a: ShootingStar|Protect|p2a: ShootingStar
|-singleturn|p2a: ShootingStar|Protect
|move|p1a: Scizor|U-turn|p2a: ShootingStar
|-activate|p2a: ShootingStar|Protect
|
|-weather|Sandstorm|[upkeep]
|-heal|p2a: ShootingStar|257\/404|[from] item: Leftovers
|turn|20
|callback|decision
|
|move|p2a: ShootingStar|Wish|p2a: ShootingStar
|move|p1a: Scizor|U-turn|p2a: ShootingStar
|-damage|p2a: ShootingStar|68\/404
|callback|decision
|-message|Messuduppotatoasia forfeited.
|
|win|SeasonsC
|raw|Ladder updating...
|leave|Messuduppotatoasia
|player|p1
|raw|Messuduppotatoasia's rating: 1936 &rarr; <strong>1931<\/strong><br \/>(-5 for losing)
|raw|SeasonsC's rating: 1824 &rarr; <strong>1838<\/strong><br \/>(+14 for winning)