|join|MagcargoFTW
|join|Messuduppotatoasia
|player|p1|MagcargoFTW|102
|player|p2|Messuduppotatoasia|142
|gametype|singles
|gen|6
|tier|OU
|clearpoke
|poke|p1|Politoed, M
|poke|p1|Armaldo, M
|poke|p1|Feraligatr, M
|poke|p1|Dragonite, M
|poke|p1|Kingdra, M
|poke|p1|Manectric, M
|poke|p2|Tyranitar, F
|poke|p2|Charizard, M
|poke|p2|Rotom-Wash
|poke|p2|Scizor, F
|poke|p2|Terrakion
|poke|p2|Latios, M
|rule|Swagger Clause: Swagger is banned
|rule|Baton Pass Clause: Limit one PokÃ©mon knowing Baton Pass
|rule|Sleep Clause Mod: Limit one foe put to sleep
|rule|Species Clause: Limit one of each PokÃ©mon
|rule|OHKO Clause: OHKO moves are banned
|rule|Moody Clause: Moody is banned
|rule|Evasion Moves Clause: Evasion moves are banned
|rule|Endless Battle Clause: Forcing endless battles is banned
|rule|HP Percentage Mod: HP is reported as percentages
|teampreview
|join|Wiggy
|join|Jyron Stone
|join|Gimmegimmegimme
|
|start
|switch|p1a: Manectric|Manectric, M|282\/282
|switch|p2a: Latios|Latios, M|301\/301
|turn|1
|join|GoodGame1324
|chat|Jyron Stone|Magcargo
|
|detailschange|p1a: Manectric|Manectric-Mega, M
|message|Manectric has Mega Evolved into Mega Manectric!
|-ability|p1a: Manectric|Intimidate|[of] p2a: Latios
|-unboost|p2a: Latios|atk|1
|move|p2a: Latios|Draco Meteor|p1a: Manectric
|-damage|p1a: Manectric|0 fnt
|-unboost|p2a: Latios|spa|2
|-damage|p2a: Latios|271\/301|[from] item: Life Orb
|faint|p1a: Manectric
|
|chat|GoodGame1324|HI OCTASH
|chat|GoodGame1324|gl hf to the battlers
|chat|Jyron Stone|Don't believe in the me that believes in you
|
|switch|p1a: Politoed|Politoed, M|384\/384
|-weather|RainDance
|turn|2
|chat|Wiggy|we fukn believe in you magcargo
|chat|Jyron Stone|BELIEVE IN THE MAGCARGO THAT BELIEVES IN YOU
|chat|GoodGame1324|but the irony..
|chat|GoodGame1324|magcargo's lava is estinquished in the rain
|
|switch|p2a: Rotom-Wash|Rotom-Wash|303\/303
|move|p1a: Politoed|Hydro Pump|p2a: Rotom-Wash|[miss]
|-miss|p1a: Politoed|p2a: Rotom-Wash
|
|-weather|RainDance|[upkeep]
|turn|3
|chat|Jyron Stone|>lava
|chat|Wiggy|lol
|chat|Jyron Stone|>extinguished
|chat|Messuduppotatoasia|has Hydro Pump hit once during our set?
|chat|Messuduppotatoasia|like seriously
|chat|MagcargoFTW|once
|chat|Messuduppotatoasia|I think it missed like 4 times in a row I'm so sorry :(
|
|switch|p1a: Kingdra|Kingdra, M|292\/292
|move|p2a: Rotom-Wash|Will-O-Wisp|p1a: Kingdra
|-status|p1a: Kingdra|brn
|
|-weather|RainDance|[upkeep]
|-damage|p1a: Kingdra|256\/292 brn|[from] brn
|turn|4
|join|Bossvelt
|
|switch|p2a: Tyranitar|Tyranitar, F|404\/404
|-weather|Sandstorm
|move|p1a: Kingdra|Dragon Pulse|p2a: Tyranitar
|-damage|p2a: Tyranitar|314\/404
|
|-weather|Sandstorm|[upkeep]
|-damage|p1a: Kingdra|238\/292 brn|[from] sandstorm
|-heal|p2a: Tyranitar|339\/404|[from] item: Leftovers
|-damage|p1a: Kingdra|202\/292 brn|[from] brn
|turn|5
|
|switch|p1a: Politoed|Politoed, M|384\/384
|-weather|RainDance
|move|p2a: Tyranitar|Stealth Rock|p1a: Politoed
|-sidestart|p1: MagcargoFTW|move: Stealth Rock
|
|-weather|RainDance|[upkeep]
|-heal|p2a: Tyranitar|364\/404|[from] item: Leftovers
|turn|6
|
|switch|p2a: Rotom-Wash|Rotom-Wash|303\/303
|move|p1a: Politoed|Hydro Pump|p2a: Rotom-Wash
|-resisted|p2a: Rotom-Wash
|-damage|p2a: Rotom-Wash|186\/303
|
|-weather|RainDance|[upkeep]
|turn|7
|
|move|p2a: Rotom-Wash|Hydro Pump|p1a: Politoed
|-crit|p1a: Politoed
|-resisted|p1a: Politoed
|-damage|p1a: Politoed|235\/384
|move|p1a: Politoed|Hypnosis|p2a: Rotom-Wash|[miss]
|-miss|p1a: Politoed|p2a: Rotom-Wash
|
|-weather|RainDance|[upkeep]
|turn|8
|chat|Messuduppotatoasia|it hits
|chat|Messuduppotatoasia|and
|chat|Messuduppotatoasia|I 
|chat|Messuduppotatoasia|crit
|chat|Messuduppotatoasia|with my
|chat|Messuduppotatoasia|hydro pump
|chat|Messuduppotatoasia|..
|
|move|p2a: Rotom-Wash|Hydro Pump|p1a: Politoed
|-crit|p1a: Politoed
|-resisted|p1a: Politoed
|-damage|p1a: Politoed|76\/384
|move|p1a: Politoed|Hydro Pump|p2a: Rotom-Wash|[miss]
|-miss|p1a: Politoed|p2a: Rotom-Wash
|
|-weather|RainDance|[upkeep]
|turn|9
|chat|Messuduppotatoasia|wtf
|chat|Gimmegimmegimme|T_T
|chat|Messuduppotatoasia|this RNG is broken
|chat|Wiggy|booo.
|chat|Jyron Stone|my evens
|chat|GoodGame1324|-_-
|
|switch|p1a: Dragonite|Dragonite, M|323\/323
|-damage|p1a: Dragonite|243\/323|[from] Stealth Rock
|move|p2a: Rotom-Wash|Volt Switch|p1a: Dragonite
|-damage|p1a: Dragonite|159\/323
|chat|GoodGame1324|double crit
|chat|Wiggy|Magcargo does not simply fall to hydro pump.
|
|switch|p2a: Scizor|Scizor, F|343\/343
|
|-weather|RainDance|[upkeep]
|turn|10
|chat|Wiggy|well he does but this is different
|
|move|p2a: Scizor|Bullet Punch|p1a: Dragonite
|-crit|p1a: Dragonite
|-damage|p1a: Dragonite|0 fnt
|faint|p1a: Dragonite
|
|-weather|RainDance|[upkeep]
|chat|MagcargoFTW|fml
|chat|Messuduppotatoasia|.
|chat|Gimmegimmegimme|pokemon is such a good game
|
|switch|p1a: Feraligatr|Feraligatr, M|312\/312
|-damage|p1a: Feraligatr|273\/312|[from] Stealth Rock
|turn|11
|chat|GoodGame1324|HEY THATS MY NAME
|chat|Wiggy|such balance
|chat|Wiggy|much fair
|chat|Messuduppotatoasia|I'm so sorry
|chat|GoodGame1324|XD
|chat|MagcargoFTW|it's ok
|
|switch|p2a: Rotom-Wash|Rotom-Wash|186\/303
|move|p1a: Feraligatr|Waterfall|p2a: Rotom-Wash
|-resisted|p2a: Rotom-Wash
|-damage|p2a: Rotom-Wash|100\/303
|-damage|p1a: Feraligatr|242\/312|[from] item: Life Orb
|
|-weather|RainDance|[upkeep]
|turn|12
|
|switch|p1a: Kingdra|Kingdra, M|202\/292 brn
|-damage|p1a: Kingdra|166\/292 brn|[from] Stealth Rock
|move|p2a: Rotom-Wash|Volt Switch|p1a: Kingdra
|-damage|p1a: Kingdra|76\/292 brn
|
|switch|p2a: Tyranitar|Tyranitar, F|364\/404
|-weather|Sandstorm
|
|-weather|Sandstorm|[upkeep]
|-damage|p1a: Kingdra|58\/292 brn|[from] sandstorm
|-heal|p2a: Tyranitar|389\/404|[from] item: Leftovers
|-damage|p1a: Kingdra|22\/292 brn|[from] brn
|turn|13
|chat|Bossvelt|hrey
|chat|Wiggy|mssy hakr so mooch but hax is a part of the game.
|chat|Wiggy|it happens
|chat|Messuduppotatoasia|people are going to think I RNG abused this match :(
|
|move|p1a: Kingdra|Hydro Pump|p2a: Tyranitar
|-supereffective|p2a: Tyranitar
|-damage|p2a: Tyranitar|159\/404
|move|p2a: Tyranitar|Crunch|p1a: Kingdra
|-damage|p1a: Kingdra|0 fnt
|faint|p1a: Kingdra
|
|-weather|Sandstorm|[upkeep]
|-heal|p2a: Tyranitar|184\/404|[from] item: Leftovers
|chat|MagcargoFTW|so let's redo it jk
|chat|Wiggy|lol is that even possible?
|
|switch|p1a: Politoed|Politoed, M|76\/384
|-damage|p1a: Politoed|28\/384|[from] Stealth Rock
|-weather|RainDance
|turn|14
|
|switch|p2a: Rotom-Wash|Rotom-Wash|100\/303
|move|p1a: Politoed|Hydro Pump|p2a: Rotom-Wash
|-resisted|p2a: Rotom-Wash
|-damage|p2a: Rotom-Wash|0 fnt
|faint|p2a: Rotom-Wash
|
|-weather|RainDance|[upkeep]
|
|switch|p2a: Tyranitar|Tyranitar, F|184\/404
|-weather|Sandstorm
|turn|15
|
|switch|p1a: Feraligatr|Feraligatr, M|242\/312
|-damage|p1a: Feraligatr|203\/312|[from] Stealth Rock
|move|p2a: Tyranitar|Crunch|p1a: Feraligatr
|-damage|p1a: Feraligatr|77\/312
|
|-weather|Sandstorm|[upkeep]
|-damage|p1a: Feraligatr|58\/312|[from] sandstorm
|-heal|p2a: Tyranitar|209\/404|[from] item: Leftovers
|turn|16
|
|move|p1a: Feraligatr|Waterfall|p2a: Tyranitar
|-supereffective|p2a: Tyranitar
|-damage|p2a: Tyranitar|0 fnt
|-damage|p1a: Feraligatr|27\/312|[from] item: Life Orb
|faint|p2a: Tyranitar
|
|-weather|Sandstorm|[upkeep]
|-damage|p1a: Feraligatr|8\/312|[from] sandstorm
|
|switch|p2a: Charizard|Charizard, M|297\/297
|turn|17
|
|detailschange|p2a: Charizard|Charizard-Mega-Y, M
|message|Charizard has Mega Evolved into Mega Charizard!
|-weather|SunnyDay
|move|p1a: Feraligatr|Aqua Jet|p2a: Charizard
|-supereffective|p2a: Charizard
|-damage|p2a: Charizard|131\/297
|-damage|p1a: Feraligatr|0 fnt|[from] item: Life Orb
|faint|p1a: Feraligatr
|move|p2a: Charizard|Solar Beam|p1: Feraligatr|[still]|[notarget]
|-prepare|p2a: Charizard|Solar Beam|p1: Feraligatr
|-anim|p2a: Charizard|Solar Beam|p1: Feraligatr
|-notarget
|
|-weather|SunnyDay|[upkeep]
|chat|Jyron Stone|can the armaldo sweep be real
|
|switch|p1a: Politoed|Politoed, M|28\/384
|-damage|p1a: Politoed|0 fnt|[from] Stealth Rock
|faint|p1a: Politoed
|
|switch|p1a: Armaldo|Armaldo, M|292\/292
|-damage|p1a: Armaldo|219\/292|[from] Stealth Rock
|turn|18
|chat|Gimmegimmegimme|rock polish @ babiri berry gg
|chat|MagcargoFTW|no, there's no rain :(
|
|move|p2a: Charizard|Fire Blast|p1a: Armaldo
|-damage|p1a: Armaldo|0 fnt
|faint|p1a: Armaldo
|
|win|Messuduppotatoasia
|chat|MagcargoFTW|gg
|chat|Messuduppotatoasia|gg I guess
|leave|Gimmegimmegimme
|chat|Messuduppotatoasia|so much one-sided hax
|chat|Messuduppotatoasia|:\/
|chat|MagcargoFTW|wanna redo?
|chat|GoodGame1324|gg
|chat|MagcargoFTW|XD
|chat|Messuduppotatoasia|for the fun of it?
|chat|Wiggy|gg gais
|chat|Jyron Stone|gg
|chat|Messuduppotatoasia|I don't know if the redo would count though