|join|GoodGame1324
|join|Messuduppotatoasia
|player|p1|GoodGame1324|80
|player|p2|Messuduppotatoasia|142
|gametype|singles
|gen|6
|tier|OU
|clearpoke
|poke|p1|Manectric, M
|poke|p1|Greninja, F
|poke|p1|Tornadus-Therian, M
|poke|p1|Scizor, F
|poke|p1|Landorus-Therian, M
|poke|p1|Zapdos
|poke|p2|Tyranitar, M
|poke|p2|Charizard, F
|poke|p2|Rotom-Wash
|poke|p2|Scizor, F
|poke|p2|Terrakion
|poke|p2|Latios, M
|rule|Swagger Clause: Swagger is banned
|rule|Baton Pass Clause: Limit one PokÃ©mon knowing Baton Pass
|rule|Sleep Clause Mod: Limit one foe put to sleep
|rule|Species Clause: Limit one of each PokÃ©mon
|rule|OHKO Clause: OHKO moves are banned
|rule|Moody Clause: Moody is banned
|rule|Evasion Moves Clause: Evasion moves are banned
|rule|Endless Battle Clause: Forcing endless battles is banned
|rule|HP Percentage Mod: HP is shown in percentages
|teampreview
|chat|GoodGame1324|gl hf
|chat|GoodGame1324|should we wait for some ppl?
|
|start
|switch|p1a: Manectric|Manectric, M|281\/281
|switch|p2a: Terrakion|Terrakion|323\/323
|turn|1
|
|detailschange|p1a: Manectric|Manectric-Mega, M
|message|Manectric has Mega Evolved into Mega Manectric!
|-ability|p1a: Manectric|Intimidate|[of] p2a: Terrakion
|-unboost|p2a: Terrakion|atk|1
|move|p2a: Terrakion|Close Combat|p1a: Manectric
|-crit|p1a: Manectric
|-damage|p1a: Manectric|0 fnt
|-unboost|p2a: Terrakion|def|1
|-unboost|p2a: Terrakion|spd|1
|faint|p1a: Manectric
|
|chat|Messuduppotatoasia|wow
|
|switch|p1a: Landorus-Therian|Landorus-Therian, M|319\/319
|-ability|p1a: Landorus-Therian|Intimidate|[of] p2a: Terrakion
|-unboost|p2a: Terrakion|atk|1
|turn|2
|chat|Messuduppotatoasia|just
|chat|Messuduppotatoasia|what's with me in this tourney -..-
|chat|GoodGame1324|lol
|
|switch|p2a: Rotom-Wash|Rotom-Wash|303\/303
|move|p1a: Landorus-Therian|U-turn|p2a: Rotom-Wash
|-damage|p2a: Rotom-Wash|241\/303
|join|Esto no es una alt
|chat|Esto no es una alt|wyyyyyyyyyyyyyyy
|
|switch|p1a: Tornadus-Therian|Tornadus-Therian, M|299\/299
|
|turn|3
|chat|Esto no es una alt|this is wiggy
|chat|Esto no es una alt|on my alt for the legends tourney
|chat|GoodGame1324|k
|chat|Messuduppotatoasia|and that was like a really big threat too
|
|move|p1a: Tornadus-Therian|Air Slash|p2a: Rotom-Wash
|-resisted|p2a: Rotom-Wash
|-damage|p2a: Rotom-Wash|166\/303
|-damage|p1a: Tornadus-Therian|270\/299|[from] item: Life Orb
|cant|p2a: Rotom-Wash|flinch
|
|turn|4
|chat|GoodGame1324|HAXBACK
|
|move|p1a: Tornadus-Therian|U-turn|p2a: Rotom-Wash
|-damage|p2a: Rotom-Wash|115\/303
|-damage|p1a: Tornadus-Therian|241\/299|[from] item: Life Orb
|
|switch|p1a: Landorus-Therian|Landorus-Therian, M|319\/319
|-ability|p1a: Landorus-Therian|Intimidate|[of] p2a: Rotom-Wash
|-unboost|p2a: Rotom-Wash|atk|1
|move|p2a: Rotom-Wash|Rest|p2a: Rotom-Wash
|-status|p2a: Rotom-Wash|slp
|-heal|p2a: Rotom-Wash|303\/303 slp|[silent]
|-status|p2a: Rotom-Wash|slp|[from] move: Rest
|-enditem|p2a: Rotom-Wash|Chesto Berry|[eat]
|-curestatus|p2a: Rotom-Wash|slp
|
|turn|5
|
|move|p1a: Landorus-Therian|U-turn|p2a: Rotom-Wash
|-damage|p2a: Rotom-Wash|237\/303
|
|switch|p1a: Greninja|Greninja, F|285\/285
|move|p2a: Rotom-Wash|Will-O-Wisp|p1a: Greninja
|-status|p1a: Greninja|brn
|
|-damage|p1a: Greninja|250\/285 brn|[from] brn
|turn|6
|chat|Esto no es una alt|I think messy loses, my presence will let him get haxed
|chat|Esto no es una alt|8D
|
|switch|p2a: Scizor|Scizor, F|343\/343
|move|p1a: Greninja|Extrasensory|p2a: Scizor
|-start|p1a: Greninja|typechange|Psychic|[from] Protean
|-resisted|p2a: Scizor
|-damage|p2a: Scizor|246\/343
|-damage|p1a: Greninja|222\/285 brn|[from] item: Life Orb
|
|-damage|p1a: Greninja|187\/285 brn|[from] brn
|turn|7
|
|move|p2a: Scizor|Bullet Punch|p1a: Greninja
|-damage|p1a: Greninja|0 fnt
|faint|p1a: Greninja
|
|join|Wiggy
|
|switch|p1a: Tornadus-Therian|Tornadus-Therian, M|299\/299
|turn|8
|
|switch|p2a: Tyranitar|Tyranitar, M|404\/404
|-weather|Sandstorm
|move|p1a: Tornadus-Therian|Heat Wave|p2a: Tyranitar
|-resisted|p2a: Tyranitar
|-damage|p2a: Tyranitar|370\/404
|-damage|p1a: Tornadus-Therian|270\/299|[from] item: Life Orb
|
|-weather|Sandstorm|[upkeep]
|-damage|p1a: Tornadus-Therian|252\/299|[from] sandstorm
|-heal|p2a: Tyranitar|395\/404|[from] item: Leftovers
|turn|9
|
|move|p1a: Tornadus-Therian|Superpower|p2a: Tyranitar
|-supereffective|p2a: Tyranitar
|-damage|p2a: Tyranitar|0 fnt
|-unboost|p1a: Tornadus-Therian|atk|1
|-unboost|p1a: Tornadus-Therian|def|1
|-damage|p1a: Tornadus-Therian|223\/299|[from] item: Life Orb
|faint|p2a: Tyranitar
|
|-weather|Sandstorm|[upkeep]
|-damage|p1a: Tornadus-Therian|205\/299|[from] sandstorm
|
|switch|p2a: Terrakion|Terrakion|323\/323
|turn|10
|chat|Wiggy|dang
|
|switch|p1a: Landorus-Therian|Landorus-Therian, M|319\/319
|-ability|p1a: Landorus-Therian|Intimidate|[of] p2a: Terrakion
|-unboost|p2a: Terrakion|atk|1
|move|p2a: Terrakion|Stone Edge|p1a: Landorus-Therian
|-damage|p1a: Landorus-Therian|192\/319
|
|-weather|Sandstorm|[upkeep]
|turn|11
|chat|Wiggy|never seen that
|
|switch|p2a: Rotom-Wash|Rotom-Wash|237\/303
|move|p1a: Landorus-Therian|Earthquake|p2a: Rotom-Wash
|-immune|p2a: Rotom-Wash|[msg]
|
|-weather|Sandstorm|[upkeep]
|-damage|p2a: Rotom-Wash|219\/303|[from] sandstorm
|turn|12
|
|switch|p1a: Zapdos|Zapdos|384\/384
|-ability|p1a: Zapdos|Pressure
|move|p2a: Rotom-Wash|Volt Switch|p1a: Zapdos
|-damage|p1a: Zapdos|293\/384
|chat|GoodGame1324|surprise
|
|switch|p2a: Charizard|Charizard, F|297\/297
|
|-weather|none
|-heal|p1a: Zapdos|317\/384|[from] item: Leftovers
|turn|13
|
|detailschange|p2a: Charizard|Charizard-Mega-Y, F
|message|Charizard has Mega Evolved into Mega Charizard!
|-weather|SunnyDay
|move|p2a: Charizard|Fire Blast|p1a: Zapdos|[miss]
|-miss|p2a: Charizard|p1a: Zapdos
|move|p1a: Zapdos|Volt Switch|p2a: Charizard
|-supereffective|p2a: Charizard
|-damage|p2a: Charizard|117\/297
|
|switch|p1a: Tornadus-Therian|Tornadus-Therian, M|299\/299
|
|-weather|SunnyDay|[upkeep]
|turn|14
|chat|GoodGame1324|oops
|
|switch|p2a: Rotom-Wash|Rotom-Wash|219\/303
|move|p1a: Tornadus-Therian|Air Slash|p2a: Rotom-Wash
|-resisted|p2a: Rotom-Wash
|-damage|p2a: Rotom-Wash|142\/303
|-damage|p1a: Tornadus-Therian|270\/299|[from] item: Life Orb
|
|-weather|SunnyDay|[upkeep]
|turn|15
|
|move|p1a: Tornadus-Therian|U-turn|p2a: Rotom-Wash
|-damage|p2a: Rotom-Wash|86\/303
|-damage|p1a: Tornadus-Therian|241\/299|[from] item: Life Orb
|
|switch|p1a: Zapdos|Zapdos|317\/384
|-ability|p1a: Zapdos|Pressure
|move|p2a: Rotom-Wash|Will-O-Wisp|p1a: Zapdos
|-status|p1a: Zapdos|brn
|
|-weather|SunnyDay|[upkeep]
|-heal|p1a: Zapdos|341\/384 brn|[from] item: Leftovers
|-damage|p1a: Zapdos|293\/384 brn|[from] brn
|turn|16
|
|switch|p2a: Latios|Latios, M|301\/301
|move|p1a: Zapdos|Volt Switch|p2a: Latios
|-resisted|p2a: Latios
|-damage|p2a: Latios|258\/301
|
|switch|p1a: Tornadus-Therian|Tornadus-Therian, M|299\/299
|
|-weather|SunnyDay|[upkeep]
|turn|17
|
|move|p1a: Tornadus-Therian|U-turn|p2a: Latios
|-supereffective|p2a: Latios
|-damage|p2a: Latios|81\/301
|-damage|p1a: Tornadus-Therian|270\/299|[from] item: Life Orb
|
|switch|p1a: Scizor|Scizor, F|344\/344
|move|p2a: Latios|Draco Meteor|p1a: Scizor
|-resisted|p1a: Scizor
|-damage|p1a: Scizor|176\/344
|-unboost|p2a: Latios|spa|2
|-damage|p2a: Latios|51\/301|[from] item: Life Orb
|
|-weather|none
|turn|18
|
|move|p2a: Latios|Draco Meteor|p1a: Scizor
|-resisted|p1a: Scizor
|-damage|p1a: Scizor|86\/344
|-unboost|p2a: Latios|spa|2
|-damage|p2a: Latios|21\/301|[from] item: Life Orb
|move|p1a: Scizor|Pursuit|p2a: Latios
|-supereffective|p2a: Latios
|-damage|p2a: Latios|0 fnt
|faint|p2a: Latios
|
|
|switch|p2a: Charizard|Charizard-Mega-Y, F|117\/297
|-weather|SunnyDay
|turn|19
|
|move|p2a: Charizard|Roost|p2a: Charizard
|-heal|p2a: Charizard|266\/297
|move|p1a: Scizor|Pursuit|p2a: Charizard
|-damage|p2a: Charizard|131\/297
|
|-weather|SunnyDay|[upkeep]
|turn|20
|
|move|p2a: Charizard|Roost|p2a: Charizard
|-heal|p2a: Charizard|280\/297
|move|p1a: Scizor|Pursuit|p2a: Charizard
|-damage|p2a: Charizard|142\/297
|
|-weather|SunnyDay|[upkeep]
|turn|21
|
|move|p2a: Charizard|Fire Blast|p1a: Scizor|[miss]
|-miss|p2a: Charizard|p1a: Scizor
|move|p1a: Scizor|Pursuit|p2a: Charizard
|-crit|p2a: Charizard
|-damage|p2a: Charizard|0 fnt
|faint|p2a: Charizard
|
|-weather|SunnyDay|[upkeep]
|chat|GoodGame1324|OMG sry 
|
|switch|p2a: Terrakion|Terrakion|323\/323
|turn|22
|chat|GoodGame1324|guess the hax was not with u this team
|chat|Messuduppotatoasia|it's called karma after my previous matches :P
|chat|GoodGame1324|yeh i guess
|
|move|p2a: Terrakion|Stone Edge|p1a: Scizor
|-damage|p1a: Scizor|0 fnt
|faint|p1a: Scizor
|
|-weather|SunnyDay|[upkeep]
|
|switch|p1a: Landorus-Therian|Landorus-Therian, M|192\/319
|-ability|p1a: Landorus-Therian|Intimidate|[of] p2a: Terrakion
|-unboost|p2a: Terrakion|atk|1
|turn|23
|
|switch|p2a: Rotom-Wash|Rotom-Wash|86\/303
|move|p1a: Landorus-Therian|Earthquake|p2a: Rotom-Wash
|-immune|p2a: Rotom-Wash|[msg]
|
|-weather|none
|turn|24
|
|switch|p1a: Zapdos|Zapdos|293\/384 brn
|-ability|p1a: Zapdos|Pressure
|move|p2a: Rotom-Wash|Volt Switch|p1a: Zapdos
|-damage|p1a: Zapdos|200\/384 brn
|
|switch|p2a: Terrakion|Terrakion|323\/323
|
|-heal|p1a: Zapdos|224\/384 brn|[from] item: Leftovers
|-damage|p1a: Zapdos|176\/384 brn|[from] brn
|turn|25
|
|move|p2a: Terrakion|Rock Slide|p1a: Zapdos
|-supereffective|p1a: Zapdos
|-damage|p1a: Zapdos|0 fnt
|faint|p1a: Zapdos
|
|
|switch|p1a: Landorus-Therian|Landorus-Therian, M|192\/319
|-ability|p1a: Landorus-Therian|Intimidate|[of] p2a: Terrakion
|-unboost|p2a: Terrakion|atk|1
|turn|26
|
|switch|p2a: Rotom-Wash|Rotom-Wash|86\/303
|move|p1a: Landorus-Therian|U-turn|p2a: Rotom-Wash
|-damage|p2a: Rotom-Wash|16\/303
|
|switch|p1a: Tornadus-Therian|Tornadus-Therian, M|299\/299
|
|turn|27
|
|move|p1a: Tornadus-Therian|Air Slash|p2a: Rotom-Wash|[miss]
|-miss|p1a: Tornadus-Therian|p2a: Rotom-Wash
|move|p2a: Rotom-Wash|Hydro Pump|p1a: Tornadus-Therian
|-damage|p1a: Tornadus-Therian|152\/299
|
|turn|28
|chat|Messuduppotatoasia|.
|
|move|p1a: Tornadus-Therian|Air Slash|p2a: Rotom-Wash|[miss]
|-miss|p1a: Tornadus-Therian|p2a: Rotom-Wash
|move|p2a: Rotom-Wash|Hydro Pump|p1a: Tornadus-Therian
|-damage|p1a: Tornadus-Therian|8\/299
|
|turn|29
|chat|Messuduppotatoasia|what
|chat|Messuduppotatoasia|what
|chat|Messuduppotatoasia|what
|chat|GoodGame1324|lol
|c|âGoodGame1324|!data air slash
|c|~|\/data-move Air Slash

|chat|Messuduppotatoasia|why ;_;
|chat|Messuduppotatoasia|lol it's like a back and forth battle between hax
|chat|Messuduppotatoasia|1\/400
|chat|GoodGame1324|Hey at least wasn't one sided hax
|chat|Messuduppotatoasia|way worse than anything I've pulled off on this tourney so far I think
|
|move|p1a: Tornadus-Therian|Air Slash|p2a: Rotom-Wash
|-resisted|p2a: Rotom-Wash
|-damage|p2a: Rotom-Wash|0 fnt
|-damage|p1a: Tornadus-Therian|0 fnt|[from] item: Life Orb
|faint|p2a: Rotom-Wash
|faint|p1a: Tornadus-Therian
|
|
|switch|p2a: Terrakion|Terrakion|323\/323
|switch|p1a: Landorus-Therian|Landorus-Therian, M|192\/319
|-ability|p1a: Landorus-Therian|Intimidate|[of] p2a: Terrakion
|-unboost|p2a: Terrakion|atk|1
|turn|30
|chat|GoodGame1324|gg
|chat|Wiggy|wasn't paying attention
|chat|Wiggy|who won
|chat|GoodGame1324|messy
|chat|GoodGame1324|thats what it looks like
|chat|Wiggy|go team apex 8)
|join|Professional2341
|chat|GoodGame1324|hi professional
|chat|Professional2341|1st game?
|chat|Wiggy|late to the party pro
|chat|GoodGame1324|yeah
|chat|Wiggy|only game
|chat|Professional2341|oh yeah
|chat|Professional2341|kek
|
|move|p2a: Terrakion|Rock Slide|p1a: Landorus-Therian
|-damage|p1a: Landorus-Therian|90\/319
|move|p1a: Landorus-Therian|Earthquake|p2a: Terrakion
|-crit|p2a: Terrakion
|-supereffective|p2a: Terrakion
|-damage|p2a: Terrakion|0 fnt
|faint|p2a: Terrakion
|
|chat|Professional2341|forgot my own rules
|chat|GoodGame1324|This time was alot of hax
|chat|Messuduppotatoasia|yeah it was a 90% win right there
|chat|Messuduppotatoasia|and a crap ton of hax
|
|switch|p2a: Scizor|Scizor, F|246\/343
|turn|31
|chat|Professional2341|tbh
|chat|Professional2341|bringing down messy to 1 post
|chat|Professional2341|is an ahievment
|chat|Wiggy|1 post
|chat|GoodGame1324|at least was not one sided :P so this time you can say messy truely deserced this win
|chat|Wiggy|post
|
|move|p2a: Scizor|Bullet Punch|p1a: Landorus-Therian
|-damage|p1a: Landorus-Therian|0 fnt
|faint|p1a: Landorus-Therian
|
|win|Messuduppotatoasia
|chat|GoodGame1324|gg
|chat|Wiggy|messy
|chat|Professional2341|1 pokemon
|chat|Messuduppotatoasia|gg
|chat|Wiggy|want to have a serious team building session
|chat|Messuduppotatoasia|but Mega Manectric
|chat|Wiggy|8D
|chat|Messuduppotatoasia|is such a threat to this team
|chat|Professional2341|nick respond to me on skype btw
|chat|Professional2341|messy you have skype?
|chat|Messuduppotatoasia|that turn 1 crit changed the game A LOT
|chat|Wiggy|ah
|chat|Wiggy|messy has skyped iirc
|chat|Messuduppotatoasia|the computer that I have Skype on right is
|chat|Messuduppotatoasia|let's just say
|chat|Wiggy|dead
|chat|Professional2341|a zomie
|chat|Messuduppotatoasia|out of commission 8D
|chat|Professional2341|zombie
|chat|Messuduppotatoasia|or dead
|chat|Professional2341|worse than dead
|chat|Professional2341|lol
|chat|Professional2341|gg guys
|chat|GoodGame1324|yeah gg lol 
|chat|Messuduppotatoasia|I got a little bit of water on the keyboard
|chat|Messuduppotatoasia|and now won't turn on
|chat|Wiggy|ah
|chat|Messuduppotatoasia|and I'm a tiny bit afraid to tell my parents sooo
|chat|Messuduppotatoasia|for now, no Skype
|chat|Messuduppotatoasia|:P
|chat|Wiggy|you have warranty?
|chat|Wiggy|warranty is an amazing thing
|chat|Messuduppotatoasia|I don't know if I have warranty or not
|chat|Messuduppotatoasia|maybe it's about time to just confess 8D
|chat|GoodGame1324|see ya guys and again and again GG
|chat|Wiggy|yeah
|chat|Messuduppotatoasia|been about a month of not having a laptop
|leave|GoodGame1324
|player|p1
|chat|Wiggy|but messy
|chat|Wiggy|you buys
|join|GoodGame1324