|join|Messuduppotatoasia
|join|Weeeeze
|player|p1|Messuduppotatoasia|7
|player|p2|Weeeeze|126
|gametype|singles
|tier|OU
|rated
|rule|Evasion Abilities Clause: Evasion abilities are banned
|clearpoke
|poke|p1|Aerodactyl, M, shiny
|poke|p1|Magnezone
|poke|p1|Hydreigon, M, shiny
|poke|p1|Terrakion, shiny
|poke|p1|Scizor, F
|poke|p1|Latias, F, shiny
|poke|p2|Mienshao, M
|poke|p2|Hydreigon, M
|poke|p2|Scizor, M
|poke|p2|Rotom-Wash
|poke|p2|Celebi
|poke|p2|Xatu, M
|rule|Sleep Clause Mod: Limit one foe put to sleep
|rule|Species Clause: Limit one of each Pokemon
|rule|OHKO Clause: OHKO moves are banned
|rule|Moody Clause: Moody is banned
|rule|Evasion Moves Clause: Evasion moves are banned
|rule|HP Percentage Mod: HP is reported as percentages
|teampreview
|callback|decision
|
|start
|switch|p1a: Red-Eyes Wyvern|Aerodactyl, M, shiny|301\/301
|switch|p2a: Jazzy|Mienshao, M|271\/271
|-ability|p1a: Red-Eyes Wyvern|Unnerve|p2: Weeeeze
|turn|1
|callback|decision
|
|move|p2a: Jazzy|Fake Out|p1a: Red-Eyes Wyvern
|-resisted|p1a: Red-Eyes Wyvern
|-damage|p1a: Red-Eyes Wyvern|257\/301
|-damage|p2a: Jazzy|244\/271|[from] item: Life Orb
|cant|p1a: Red-Eyes Wyvern|flinch
|
|turn|2
|callback|decision
|
|switch|p2a: .................|Xatu, M|333\/333
|move|p1a: Red-Eyes Wyvern|Rock Slide|p2a: .................
|-supereffective|p2a: .................
|-damage|p2a: .................|135\/333
|
|-heal|p2a: .................|155\/333|[from] item: Leftovers
|turn|3
|callback|decision
|
|move|p1a: Red-Eyes Wyvern|Rock Slide|p2a: .................
|-supereffective|p2a: .................
|-damage|p2a: .................|0 fnt
|faint|p2a: .................
|
|callback|decision
|
|switch|p2a: Deadpool|Scizor, M|341\/341
|turn|4
|callback|decision
|
|move|p2a: Deadpool|Bullet Punch|p1a: Red-Eyes Wyvern
|-supereffective|p1a: Red-Eyes Wyvern
|-damage|p1a: Red-Eyes Wyvern|0 fnt
|faint|p1a: Red-Eyes Wyvern
|
|callback|decision
|
|switch|p1a: Magnezone|Magnezone|318\/318
|turn|5
|callback|decision
|
|move|p2a: Deadpool|Bullet Punch|p1a: Magnezone
|-resisted|p1a: Magnezone
|-damage|p1a: Magnezone|281\/318
|move|p1a: Magnezone|Thunderbolt|p2a: Deadpool
|-damage|p2a: Deadpool|31\/341
|
|turn|6
|callback|decision
|
|move|p2a: Deadpool|Bullet Punch|p1a: Magnezone
|-resisted|p1a: Magnezone
|-damage|p1a: Magnezone|241\/318
|move|p1a: Magnezone|Thunderbolt|p2a: Deadpool
|-damage|p2a: Deadpool|0 fnt
|faint|p2a: Deadpool
|
|callback|decision
|
|switch|p2a: Jazzy|Mienshao, M|271\/271
|turn|7
|callback|decision
|
|switch|p1a: Latias|Latias, F, shiny|364\/364
|move|p2a: Jazzy|Fake Out|p1a: Latias
|-damage|p1a: Latias|294\/364
|-damage|p2a: Jazzy|244\/271|[from] item: Life Orb
|
|-heal|p1a: Latias|316\/364|[from] item: Leftovers
|turn|8
|callback|decision
|
|move|p1a: Latias|Substitute|p1a: Latias
|-start|p1a: Latias|Substitute
|-damage|p1a: Latias|225\/364
|move|p2a: Jazzy|U-turn|p1a: Latias
|-supereffective|p1a: Latias
|-end|p1a: Latias|Substitute
|-damage|p2a: Jazzy|217\/271|[from] item: Life Orb
|callback|decision
|
|switch|p2a: Sookie|Celebi|342\/342
|
|-heal|p1a: Latias|247\/364|[from] item: Leftovers
|turn|9
|callback|decision
|
|switch|p1a: Magnezone|Magnezone|241\/318
|move|p2a: Sookie|Hidden Power|p1a: Magnezone
|-resisted|p1a: Magnezone
|-damage|p1a: Magnezone|206\/318
|
|turn|10
|callback|decision
|
|switch|p2a: GiveMeUrClothes!|Rotom-Wash|304\/304
|move|p1a: Magnezone|Volt Switch|p2a: GiveMeUrClothes!
|-damage|p2a: GiveMeUrClothes!|102\/304
|callback|decision
|
|switch|p1a: Red-Eyes B. Dragon|Hydreigon, M, shiny|325\/325
|
|-heal|p2a: GiveMeUrClothes!|121\/304|[from] item: Leftovers
|turn|11
|callback|decision
|
|move|p1a: Red-Eyes B. Dragon|Draco Meteor|p2a: GiveMeUrClothes!
|-damage|p2a: GiveMeUrClothes!|0 fnt
|-unboost|p1a: Red-Eyes B. Dragon|spa|2
|-damage|p1a: Red-Eyes B. Dragon|293\/325|[from] item: Life Orb
|faint|p2a: GiveMeUrClothes!
|
|callback|decision
|
|switch|p2a: Jazzy|Mienshao, M|271\/271
|turn|12
|callback|decision
|
|move|p2a: Jazzy|Hi Jump Kick|p1a: Red-Eyes B. Dragon
|-supereffective|p1a: Red-Eyes B. Dragon
|-damage|p1a: Red-Eyes B. Dragon|0 fnt
|-damage|p2a: Jazzy|244\/271|[from] item: Life Orb
|faint|p1a: Red-Eyes B. Dragon
|
|callback|decision
|
|switch|p1a: Latias|Latias, F, shiny|247\/364
|turn|13
|callback|decision
|
|move|p1a: Latias|Dragon Pulse|p2a: Jazzy
|-damage|p2a: Jazzy|66\/271
|move|p2a: Jazzy|Stone Edge|p1a: Latias
|-damage|p1a: Latias|72\/364
|-damage|p2a: Jazzy|39\/271|[from] item: Life Orb
|
|-heal|p1a: Latias|94\/364|[from] item: Leftovers
|turn|14
|callback|decision
|
|switch|p2a: Sookie|Celebi|342\/342
|move|p1a: Latias|Dragon Pulse|p2a: Sookie
|-damage|p2a: Sookie|206\/342
|
|-heal|p1a: Latias|116\/364|[from] item: Leftovers
|turn|15
|callback|decision
|
|move|p2a: Sookie|Hidden Power|p1a: Latias
|-supereffective|p1a: Latias
|-damage|p1a: Latias|0 fnt
|faint|p1a: Latias
|
|callback|decision
|
|switch|p1a: Dark Magician|Scizor, F|343\/343
|turn|16
|callback|decision
|
|move|p1a: Dark Magician|Bullet Punch|p2a: Sookie
|-damage|p2a: Sookie|28\/342
|move|p2a: Sookie|Hidden Power|p1a: Dark Magician
|-resisted|p1a: Dark Magician
|-damage|p1a: Dark Magician|302\/343
|
|turn|17
|callback|decision
|
|move|p1a: Dark Magician|Bullet Punch|p2a: Sookie
|-damage|p2a: Sookie|0 fnt
|faint|p2a: Sookie
|
|callback|decision
|
|switch|p2a: Dauntless|Hydreigon, M|325\/325
|turn|18
|callback|decision
|
|move|p1a: Dark Magician|Bullet Punch|p2a: Dauntless
|-damage|p2a: Dauntless|106\/325
|move|p2a: Dauntless|Fire Blast|p1a: Dark Magician
|-supereffective|p1a: Dark Magician
|-damage|p1a: Dark Magician|0 fnt
|-damage|p2a: Dauntless|74\/325|[from] item: Life Orb
|faint|p1a: Dark Magician
|
|callback|decision
|
|switch|p1a: Terrakion|Terrakion, shiny|323\/323
|turn|19
|callback|decision
|
|move|p1a: Terrakion|Close Combat|p2a: Dauntless
|-supereffective|p2a: Dauntless
|-damage|p2a: Dauntless|0 fnt
|-unboost|p1a: Terrakion|def|1
|-unboost|p1a: Terrakion|spd|1
|faint|p2a: Dauntless
|
|callback|decision
|
|switch|p2a: Jazzy|Mienshao, M|129\/271
|turn|20
|callback|decision
|
|move|p2a: Jazzy|Fake Out|p1a: Terrakion
|-resisted|p1a: Terrakion
|-damage|p1a: Terrakion|275\/323
|-damage|p2a: Jazzy|102\/271|[from] item: Life Orb
|cant|p1a: Terrakion|flinch
|
|turn|21
|callback|decision
|
|move|p1a: Terrakion|Close Combat|p2a: Jazzy
|-damage|p2a: Jazzy|0 fnt
|-unboost|p1a: Terrakion|def|1
|-unboost|p1a: Terrakion|spd|1
|faint|p2a: Jazzy
|
|win|Messuduppotatoasia
|raw|Ladder updating...
|raw|Messuduppotatoasia's rating: 1940 &rarr; <strong>1947<\/strong><br \/>(+7 for winning)
|raw|Weeeeze's rating: 1699 &rarr; <strong>1693<\/strong><br \/>(-6 for losing)
|leave|Messuduppotatoasia
|player|p1