|join|Zamrock
|join|Messuduppotatoasia
|player|p1|Zamrock|272
|player|p2|Messuduppotatoasia|102
|gametype|singles
|gen|6
|tier|OU
|rated
|clearpoke
|poke|p1|Kyurem-Black
|poke|p1|Latios, M
|poke|p1|Talonflame, M
|poke|p1|Diggersby, M
|poke|p1|Scizor, F
|poke|p1|Garchomp, F
|poke|p2|Lucario, M
|poke|p2|Garchomp, F
|poke|p2|Tyranitar, F
|poke|p2|Gliscor, M
|poke|p2|Rotom-Wash
|poke|p2|Alakazam, F
|rule|Sleep Clause Mod: Limit one foe put to sleep
|rule|Species Clause: Limit one of each Pokemon
|rule|OHKO Clause: OHKO moves are banned
|rule|Moody Clause: Moody is banned
|rule|Evasion Moves Clause: Evasion moves are banned
|rule|Endless Battle Clause: Forcing endless battles is banned.
|rule|HP Percentage Mod: HP is reported as percentages
|teampreview
|callback|decision
|
|start
|switch|p1a: Kyurem-Black|Kyurem-Black|405\/405
|switch|p2a: Lucario|Lucario, M|281\/281
|-ability|p1a: Kyurem-Black|Teravolt
|turn|1
|callback|decision
|
|switch|p1a: Latios|Latios, M|302\/302
|-formechange|p2a: Lucario|Lucario-Mega
|message|Lucario has Mega Evolved into Mega Lucario!
|move|p2a: Lucario|Close Combat|p1a: Latios
|-resisted|p1a: Latios
|-damage|p1a: Latios|107\/302
|-unboost|p2a: Lucario|def|1
|-unboost|p2a: Lucario|spd|1
|
|turn|2
|callback|decision
|
|move|p2a: Lucario|Bullet Punch|p1a: Latios
|-damage|p1a: Latios|0 fnt
|faint|p1a: Latios
|
|callback|decision
|
|switch|p1a: Garchomp|Garchomp, F|358\/358
|turn|3
|callback|decision
|
|switch|p2a: Gliscor|Gliscor, M|354\/354
|move|p1a: Garchomp|Stealth Rock|p2a: Gliscor
|-sidestart|p2: Messuduppotatoasia|move: Stealth Rock
|
|-activate|p2a: Gliscor|item: Toxic Orb
|-status|p2a: Gliscor|tox
|turn|4
|callback|decision
|
|switch|p1a: Scizor|Scizor, F|302\/302
|move|p2a: Gliscor|Toxic|p1a: Scizor
|-fail|p1a: Scizor
|
|turn|5
|callback|decision
|
|switch|p2a: Rotom-Wash|Rotom-Wash|299\/299
|-damage|p2a: Rotom-Wash|262\/299|[from] Stealth Rock
|-formechange|p1a: Scizor|Scizor-Mega
|message|Scizor has Mega Evolved into Mega Scizor!
|move|p1a: Scizor|U-turn|p2a: Rotom-Wash
|-damage|p2a: Rotom-Wash|111\/299
|callback|decision
|
|switch|p1a: Kyurem-Black|Kyurem-Black|405\/405
|-ability|p1a: Kyurem-Black|Teravolt
|
|turn|6
|callback|decision
|
|move|p1a: Kyurem-Black|Substitute|p1a: Kyurem-Black
|-start|p1a: Kyurem-Black|Substitute
|-damage|p1a: Kyurem-Black|304\/405
|move|p2a: Rotom-Wash|Volt Switch|p1a: Kyurem-Black
|-resisted|p1a: Kyurem-Black
|-activate|p1a: Kyurem-Black|Substitute|[damage]
|callback|decision
|
|switch|p2a: Alakazam|Alakazam, F|251\/251
|
|-heal|p1a: Kyurem-Black|329\/405|[from] item: Leftovers
|turn|7
|callback|decision
|
|move|p2a: Alakazam|Psychic|p1a: Kyurem-Black
|-end|p1a: Kyurem-Black|Substitute
|move|p1a: Kyurem-Black|Ice Beam|p2a: Alakazam
|-damage|p2a: Alakazam|89\/251
|
|-heal|p1a: Kyurem-Black|354\/405|[from] item: Leftovers
|turn|8
|callback|decision
|
|switch|p1a: Scizor|Scizor, F|302\/302
|-formechange|p1a: Scizor|Scizor-Mega
|move|p2a: Alakazam|Focus Blast|p1a: Scizor|[miss]
|-miss|p2a: Alakazam|p1a: Scizor
|
|turn|9
|callback|decision
|
|switch|p2a: Lucario|Lucario, M|281\/281
|-formechange|p2a: Lucario|Lucario-Mega
|-damage|p2a: Lucario|273\/281|[from] Stealth Rock
|move|p1a: Scizor|U-turn|p2a: Lucario
|-resisted|p2a: Lucario
|-damage|p2a: Lucario|234\/281
|callback|decision
|
|switch|p1a: Garchomp|Garchomp, F|358\/358
|
|turn|10
|callback|decision
|
|switch|p2a: Gliscor|Gliscor, M|354\/354 tox
|-damage|p2a: Gliscor|310\/354 tox|[from] Stealth Rock
|move|p1a: Garchomp|Dragon Claw|p2a: Gliscor
|-damage|p2a: Gliscor|210\/354 tox
|
|-heal|p2a: Gliscor|254\/354 tox|[from] ability: Poison Heal
|turn|11
|callback|decision
|
|switch|p1a: Scizor|Scizor, F|302\/302
|-formechange|p1a: Scizor|Scizor-Mega
|move|p2a: Gliscor|Earthquake|p1a: Scizor
|-damage|p1a: Scizor|223\/302
|
|-heal|p2a: Gliscor|298\/354 tox|[from] ability: Poison Heal
|turn|12
|callback|decision
|
|move|p2a: Gliscor|Earthquake|p1a: Scizor
|-damage|p1a: Scizor|145\/302
|move|p1a: Scizor|U-turn|p2a: Gliscor
|-resisted|p2a: Gliscor
|-damage|p2a: Gliscor|247\/354 tox
|callback|decision
|
|switch|p1a: Kyurem-Black|Kyurem-Black|354\/405
|-ability|p1a: Kyurem-Black|Teravolt
|
|-heal|p1a: Kyurem-Black|379\/405|[from] item: Leftovers
|-heal|p2a: Gliscor|291\/354 tox|[from] ability: Poison Heal
|turn|13
|callback|decision
|
|switch|p2a: Alakazam|Alakazam, F|89\/251
|move|p1a: Kyurem-Black|Ice Beam|p2a: Alakazam
|-damage|p2a: Alakazam|0 fnt
|faint|p2a: Alakazam
|
|-heal|p1a: Kyurem-Black|404\/405|[from] item: Leftovers
|callback|decision
|
|switch|p2a: Lucario|Lucario, M|234\/281
|-formechange|p2a: Lucario|Lucario-Mega
|-damage|p2a: Lucario|226\/281|[from] Stealth Rock
|turn|14
|callback|decision
|
|switch|p1a: Scizor|Scizor, F|145\/302
|-formechange|p1a: Scizor|Scizor-Mega
|move|p2a: Lucario|Close Combat|p1a: Scizor
|-damage|p1a: Scizor|0 fnt
|-unboost|p2a: Lucario|def|1
|-unboost|p2a: Lucario|spd|1
|faint|p1a: Scizor
|
|callback|decision
|
|switch|p1a: Talonflame|Talonflame, M|298\/298
|turn|15
|callback|decision
|
|switch|p2a: Tyranitar|Tyranitar, F|341\/341
|-damage|p2a: Tyranitar|299\/341|[from] Stealth Rock
|-weather|Sandstorm
|move|p1a: Talonflame|Swords Dance|p1a: Talonflame
|-boost|p1a: Talonflame|atk|2
|
|-weather|Sandstorm|[upkeep]
|-damage|p1a: Talonflame|280\/298|[from] sandstorm
|turn|16
|callback|decision
|
|move|p1a: Talonflame|Natural Gift|p2a: Tyranitar
|-supereffective|p2a: Tyranitar
|-damage|p2a: Tyranitar|0 fnt
|faint|p2a: Tyranitar
|
|-weather|Sandstorm|[upkeep]
|-damage|p1a: Talonflame|262\/298|[from] sandstorm
|callback|decision
|
|switch|p2a: Gliscor|Gliscor, M|291\/354 tox
|-damage|p2a: Gliscor|247\/354 tox|[from] Stealth Rock
|turn|17
|callback|decision
|
|move|p2a: Gliscor|Protect|p2a: Gliscor
|-singleturn|p2a: Gliscor|Protect
|move|p1a: Talonflame|Brave Bird|p2a: Gliscor
|-activate|p2a: Gliscor|Protect
|
|-weather|Sandstorm|[upkeep]
|-damage|p1a: Talonflame|244\/298|[from] sandstorm
|-heal|p2a: Gliscor|291\/354 tox|[from] ability: Poison Heal
|turn|18
|callback|decision
|
|move|p1a: Talonflame|Brave Bird|p2a: Gliscor
|-damage|p2a: Gliscor|80\/354 tox
|-damage|p1a: Talonflame|174\/298|[from] recoil|[of] p2a: Gliscor
|move|p2a: Gliscor|Toxic|p1a: Talonflame
|-status|p1a: Talonflame|tox
|
|-weather|Sandstorm|[upkeep]
|-damage|p1a: Talonflame|156\/298 tox|[from] sandstorm
|-damage|p1a: Talonflame|138\/298 tox|[from] psn
|-heal|p2a: Gliscor|124\/354 tox|[from] ability: Poison Heal
|turn|19
|callback|decision
|
|switch|p1a: Kyurem-Black|Kyurem-Black|404\/405
|-ability|p1a: Kyurem-Black|Teravolt
|move|p2a: Gliscor|Protect|p2a: Gliscor
|-fail|p2a: Gliscor
|
|-weather|none
|-heal|p1a: Kyurem-Black|405\/405|[from] item: Leftovers
|-heal|p2a: Gliscor|168\/354 tox|[from] ability: Poison Heal
|turn|20
|callback|decision
|
|move|p1a: Kyurem-Black|Ice Beam|p2a: Gliscor
|-supereffective|p2a: Gliscor
|-damage|p2a: Gliscor|0 fnt
|faint|p2a: Gliscor
|
|callback|decision
|
|switch|p2a: Lucario|Lucario, M|226\/281
|-formechange|p2a: Lucario|Lucario-Mega
|-damage|p2a: Lucario|218\/281|[from] Stealth Rock
|turn|21
|callback|decision
|
|move|p2a: Lucario|Close Combat|p1a: Kyurem-Black
|-supereffective|p1a: Kyurem-Black
|-damage|p1a: Kyurem-Black|0 fnt
|-unboost|p2a: Lucario|def|1
|-unboost|p2a: Lucario|spd|1
|faint|p1a: Kyurem-Black
|
|callback|decision
|
|switch|p1a: Garchomp|Garchomp, F|358\/358
|turn|22
|callback|decision
|
|switch|p2a: Rotom-Wash|Rotom-Wash|111\/299
|-damage|p2a: Rotom-Wash|74\/299|[from] Stealth Rock
|move|p1a: Garchomp|Earthquake|p2a: Rotom-Wash
|-immune|p2a: Rotom-Wash|[msg]
|
|turn|23
|callback|decision
|
|move|p1a: Garchomp|Dragon Claw|p2a: Rotom-Wash
|-damage|p2a: Rotom-Wash|0 fnt
|faint|p2a: Rotom-Wash
|
|callback|decision
|
|switch|p2a: Garchomp|Garchomp, F|357\/357
|-damage|p2a: Garchomp|335\/357|[from] Stealth Rock
|turn|24
|callback|decision
|
|switch|p1a: Diggersby|Diggersby, M|324\/324
|move|p2a: Garchomp|Outrage|p1a: Diggersby
|-crit|p1a: Diggersby
|-damage|p1a: Diggersby|0 fnt
|faint|p1a: Diggersby
|
|callback|decision
|
|switch|p1a: Talonflame|Talonflame, M|138\/298 tox
|turn|25
|callback|decision
|
|move|p1a: Talonflame|Brave Bird|p2a: Garchomp
|-damage|p2a: Garchomp|157\/357
|-damage|p1a: Talonflame|79\/298 tox|[from] recoil|[of] p2a: Garchomp
|-damage|p1a: Talonflame|42\/298 tox|[from] ability: Rough Skin|[of] p2a: Garchomp
|move|p2a: Garchomp|Outrage|p1a: Talonflame
|-damage|p1a: Talonflame|0 fnt
|faint|p1a: Talonflame
|
|callback|decision
|
|switch|p1a: Garchomp|Garchomp, F|358\/358
|turn|26
|callback|decision
|
|move|p2a: Garchomp|Outrage|p1a: Garchomp
|-supereffective|p1a: Garchomp
|-enditem|p1a: Garchomp|Focus Sash
|-damage|p1a: Garchomp|1\/358
|-damage|p2a: Garchomp|113\/357|[from] ability: Rough Skin|[of] p1a: Garchomp
|move|p1a: Garchomp|Earthquake|p2a: Garchomp
|-damage|p2a: Garchomp|0 fnt
|faint|p2a: Garchomp
|
|callback|decision
|chat|Zamrock|damn, i had you
|
|switch|p2a: Lucario|Lucario, M|218\/281
|-formechange|p2a: Lucario|Lucario-Mega
|-damage|p2a: Lucario|210\/281|[from] Stealth Rock
|turn|27
|callback|decision
|
|move|p2a: Lucario|Bullet Punch|p1a: Garchomp
|-damage|p1a: Garchomp|0 fnt
|-damage|p2a: Lucario|175\/281|[from] ability: Rough Skin|[of] p1a: Garchomp
|faint|p1a: Garchomp
|
|win|Messuduppotatoasia
|raw|Ladder updating...
|chat|Zamrock|owell
|raw|Zamrock's rating: 2403 &rarr; <strong>2399<\/strong><br \/>(-4 for losing)
|raw|Messuduppotatoasia's rating: 2253 &rarr; <strong>2305<\/strong><br \/>(+52 for winning)