|join|Messuduppotatoasia
|join|Tawp64
|player|p1|Messuduppotatoasia|169
|player|p2|Tawp64|252
|gametype|singles
|gen|6
|tier|OU
|rated
|clearpoke
|poke|p1|Landorus-Therian, M
|poke|p1|Lucario, M
|poke|p1|Garchomp, M
|poke|p1|Manaphy
|poke|p1|Rotom-Wash
|poke|p1|Alakazam, M
|poke|p2|Genesect
|poke|p2|Blissey, F
|poke|p2|Talonflame, F
|poke|p2|Heracross, M
|poke|p2|Rotom-Wash
|poke|p2|Gourgeist-Super, F
|rule|Sleep Clause Mod: Limit one foe put to sleep
|rule|Species Clause: Limit one of each Pokemon
|rule|OHKO Clause: OHKO moves are banned
|rule|Moody Clause: Moody is banned
|rule|Evasion Moves Clause: Evasion moves are banned
|rule|Endless Battle Clause: Forcing endless battles is banned.
|rule|HP Percentage Mod: HP is reported as percentages
|teampreview
|callback|decision
|
|start
|switch|p1a: Landorus-Therian|Landorus-Therian, M|381\/381
|switch|p2a: Blissey|Blissey, F|714\/714
|-ability|p1a: Landorus-Therian|Intimidate|[of] p2a: Blissey
|-unboost|p2a: Blissey|atk|1
|turn|1
|callback|decision
|
|switch|p2a: Gourgeist-Super|Gourgeist-Super, F|311\/311
|-item|p1a: Landorus-Therian|Leftovers|[from] ability: Frisk|[of] p2a: Gourgeist-Super|[identify]
|move|p1a: Landorus-Therian|Stealth Rock|p2a: Gourgeist-Super
|-sidestart|p2: Tawp64|move: Stealth Rock
|
|turn|2
|callback|decision
|
|move|p1a: Landorus-Therian|Knock Off|p2a: Gourgeist-Super
|-supereffective|p2a: Gourgeist-Super
|-damage|p2a: Gourgeist-Super|181\/311
|-enditem|p2a: Gourgeist-Super|Weakness Policy
|-boost|p2a: Gourgeist-Super|atk|2|[from] item: Weakness Policy
|-boost|p2a: Gourgeist-Super|spa|2|[from] item: Weakness Policy
|move|p2a: Gourgeist-Super|Will-O-Wisp|p1a: Landorus-Therian
|-status|p1a: Landorus-Therian|brn
|
|-damage|p1a: Landorus-Therian|334\/381 brn|[from] brn
|turn|3
|callback|decision
|
|move|p1a: Landorus-Therian|U-turn|p2a: Gourgeist-Super
|-damage|p2a: Gourgeist-Super|157\/311
|callback|decision
|
|switch|p1a: Garchomp|Garchomp, M|357\/357
|move|p2a: Gourgeist-Super|Seed Bomb|p1a: Garchomp
|-crit|p1a: Garchomp
|-damage|p1a: Garchomp|0 fnt
|faint|p1a: Garchomp
|
|callback|decision
|
|switch|p1a: Alakazam|Alakazam, M|251\/251
|turn|4
|callback|decision
|
|move|p2a: Gourgeist-Super|Shadow Sneak|p1a: Alakazam
|-supereffective|p1a: Alakazam
|-enditem|p1a: Alakazam|Focus Sash
|-damage|p1a: Alakazam|1\/251
|move|p1a: Alakazam|Shadow Ball|p2a: Gourgeist-Super
|-supereffective|p2a: Gourgeist-Super
|-damage|p2a: Gourgeist-Super|0 fnt
|faint|p2a: Gourgeist-Super
|
|callback|decision
|
|switch|p2a: Talonflame|Talonflame, F|297\/297
|-damage|p2a: Talonflame|149\/297|[from] Stealth Rock
|turn|5
|callback|decision
|
|switch|p1a: Landorus-Therian|Landorus-Therian, M|334\/381 brn
|-ability|p1a: Landorus-Therian|Intimidate|[of] p2a: Talonflame
|-unboost|p2a: Talonflame|atk|1
|move|p2a: Talonflame|U-turn|p1a: Landorus-Therian
|-resisted|p1a: Landorus-Therian
|-damage|p1a: Landorus-Therian|307\/381 brn
|callback|decision
|
|switch|p2a: Rotom-Wash|Rotom-Wash|242\/242
|-damage|p2a: Rotom-Wash|212\/242|[from] Stealth Rock
|
|-heal|p1a: Landorus-Therian|330\/381 brn|[from] item: Leftovers
|-damage|p1a: Landorus-Therian|283\/381 brn|[from] brn
|turn|6
|callback|decision
|
|move|p2a: Rotom-Wash|Hydro Pump|p1a: Landorus-Therian
|-supereffective|p1a: Landorus-Therian
|-damage|p1a: Landorus-Therian|0 fnt
|faint|p1a: Landorus-Therian
|
|callback|decision
|
|switch|p1a: Manaphy|Manaphy|341\/341
|turn|7
|callback|decision
|
|switch|p2a: Heracross|Heracross, M|364\/364
|-damage|p2a: Heracross|319\/364|[from] Stealth Rock
|move|p1a: Manaphy|Tail Glow|p1a: Manaphy
|-boost|p1a: Manaphy|spa|3
|
|turn|8
|callback|decision
|
|-formechange|p2a: Heracross|Heracross-Mega
|message|Heracross has Mega Evolved into Mega Heracross!
|move|p1a: Manaphy|Surf|p2a: Heracross
|-damage|p2a: Heracross|0 fnt
|faint|p2a: Heracross
|
|callback|decision
|
|switch|p2a: Blissey|Blissey, F|714\/714
|-damage|p2a: Blissey|625\/714|[from] Stealth Rock
|turn|9
|callback|decision
|
|move|p1a: Manaphy|Surf|p2a: Blissey
|-damage|p2a: Blissey|354\/714
|move|p2a: Blissey|Thunder Wave|p1a: Manaphy
|-status|p1a: Manaphy|par
|
|-heal|p2a: Blissey|398\/714|[from] item: Leftovers
|turn|10
|callback|decision
|
|switch|p1a: Lucario|Lucario, M|281\/281
|move|p2a: Blissey|Wish|p2a: Blissey
|
|-heal|p2a: Blissey|442\/714|[from] item: Leftovers
|turn|11
|callback|decision
|
|switch|p2a: Talonflame|Talonflame, F|149\/297
|-damage|p2a: Talonflame|1\/297|[from] Stealth Rock
|-formechange|p1a: Lucario|Lucario-Mega
|message|Lucario has Mega Evolved into Mega Lucario!
|move|p1a: Lucario|Close Combat|p2a: Talonflame
|-crit|p2a: Talonflame
|-resisted|p2a: Talonflame
|-damage|p2a: Talonflame|0 fnt
|-unboost|p1a: Lucario|def|1
|-unboost|p1a: Lucario|spd|1
|faint|p2a: Talonflame
|
|callback|decision
|
|switch|p2a: Rotom-Wash|Rotom-Wash|212\/242
|-damage|p2a: Rotom-Wash|182\/242|[from] Stealth Rock
|turn|12
|callback|decision
|
|switch|p1a: Manaphy|Manaphy|341\/341 par
|move|p2a: Rotom-Wash|Discharge|p1a: Manaphy
|-supereffective|p1a: Manaphy
|-damage|p1a: Manaphy|93\/341 par
|
|-heal|p1a: Manaphy|114\/341 par|[from] item: Leftovers
|turn|13
|callback|decision
|
|move|p2a: Rotom-Wash|Discharge|p1a: Manaphy
|-supereffective|p1a: Manaphy
|-damage|p1a: Manaphy|0 fnt
|faint|p1a: Manaphy
|
|callback|decision
|
|switch|p1a: Rotom-Wash|Rotom-Wash|299\/299
|turn|14
|callback|decision
|
|move|p2a: Rotom-Wash|Discharge|p1a: Rotom-Wash
|-damage|p1a: Rotom-Wash|184\/299
|move|p1a: Rotom-Wash|Volt Switch|p2a: Rotom-Wash
|-damage|p2a: Rotom-Wash|89\/242
|callback|decision
|
|switch|p1a: Alakazam|Alakazam, M|1\/251
|
|turn|15
|callback|decision
|
|move|p2a: Rotom-Wash|Discharge|p1a: Alakazam
|-damage|p1a: Alakazam|0 fnt
|faint|p1a: Alakazam
|
|callback|decision
|
|switch|p1a: Rotom-Wash|Rotom-Wash|184\/299
|turn|16
|callback|decision
|
|move|p2a: Rotom-Wash|Discharge|p1a: Rotom-Wash
|-damage|p1a: Rotom-Wash|75\/299
|move|p1a: Rotom-Wash|Volt Switch|p2a: Rotom-Wash
|-damage|p2a: Rotom-Wash|0 fnt
|faint|p2a: Rotom-Wash
|callback|decision
|
|switch|p1a: Lucario|Lucario, M|281\/281
|-formechange|p1a: Lucario|Lucario-Mega
|
|callback|decision
|
|switch|p2a: Genesect|Genesect|283\/283
|-damage|p2a: Genesect|248\/283|[from] Stealth Rock
|-boost|p2a: Genesect|spa|1|[from] ability: Download
|turn|17
|callback|decision
|
|move|p1a: Lucario|Close Combat|p2a: Genesect
|-damage|p2a: Genesect|0 fnt
|-unboost|p1a: Lucario|def|1
|-unboost|p1a: Lucario|spd|1
|faint|p2a: Genesect
|
|callback|decision
|
|switch|p2a: Blissey|Blissey, F|442\/714
|-damage|p2a: Blissey|353\/714|[from] Stealth Rock
|turn|18
|callback|decision
|
|move|p1a: Lucario|Close Combat|p2a: Blissey
|-supereffective|p2a: Blissey
|-damage|p2a: Blissey|0 fnt
|-unboost|p1a: Lucario|def|1
|-unboost|p1a: Lucario|spd|1
|faint|p2a: Blissey
|
|win|Messuduppotatoasia
|raw|Ladder updating...
|chat|Tawp64|Good match.
|raw|Messuduppotatoasia's rating: 1465 &rarr; <strong>1490<\/strong><br \/>(+25 for winning)
|raw|Tawp64's rating: 1460 &rarr; <strong>1435<\/strong><br \/>(-25 for losing)
|leave|Messuduppotatoasia
|player|p1