|join|Messuduppotatoasia
|join|Rotcivsora
|player|p1|Messuduppotatoasia|169
|player|p2|Rotcivsora|169
|gametype|singles
|tier|OU (beta)
|rated
|clearpoke
|poke|p1|Talonflame, M
|poke|p1|Gengar, M
|poke|p1|Azumarill, M
|poke|p1|Garchomp, M
|poke|p1|Tyranitar, F
|poke|p1|Rotom-Wash
|poke|p2|Mamoswine, M
|poke|p2|Talonflame, F
|poke|p2|Mawile, F
|poke|p2|Trevenant, M, shiny
|poke|p2|Excadrill, F
|poke|p2|Greninja, F
|rule|Sleep Clause Mod: Limit one foe put to sleep
|rule|Species Clause: Limit one of each Pokemon
|rule|OHKO Clause: OHKO moves are banned
|rule|Moody Clause: Moody is banned
|rule|Evasion Moves Clause: Evasion moves are banned
|rule|HP Percentage Mod: HP is reported as percentages
|teampreview
|callback|decision
|
|start
|switch|p1a: Rotom-Wash|Rotom-Wash|241\/241
|switch|p2a: Mamoswine|Mamoswine, M|424\/424
|turn|1
|callback|decision
|
|move|p1a: Rotom-Wash|Hydro Pump|p2a: Mamoswine|[miss]
|-miss|p1a: Rotom-Wash|p2a: Mamoswine
|move|p2a: Mamoswine|Stealth Rock|p1a: Rotom-Wash
|-sidestart|p1: Messuduppotatoasia|move: Stealth Rock
|
|turn|2
|callback|decision
|
|move|p1a: Rotom-Wash|Hydro Pump|p2a: Mamoswine
|-supereffective|p2a: Mamoswine
|-enditem|p2a: Mamoswine|Focus Sash
|-damage|p2a: Mamoswine|1\/424
|move|p2a: Mamoswine|Icicle Crash|p1a: Rotom-Wash
|-resisted|p1a: Rotom-Wash
|-damage|p1a: Rotom-Wash|171\/241
|
|turn|3
|callback|decision
|
|switch|p2a: Trevenant|Trevenant, M, shiny|374\/374
|move|p1a: Rotom-Wash|Hydro Pump|p2a: Trevenant
|-resisted|p2a: Trevenant
|-damage|p2a: Trevenant|301\/374
|
|turn|4
|callback|decision
|
|switch|p1a: Tyranitar|Tyranitar, F|404\/404
|-damage|p1a: Tyranitar|354\/404|[from] Stealth Rock
|-weather|Sandstorm
|move|p2a: Trevenant|Substitute|p2a: Trevenant
|-start|p2a: Trevenant|Substitute
|-damage|p2a: Trevenant|208\/374
|
|-weather|Sandstorm|[upkeep]
|-damage|p2a: Trevenant|185\/374|[from] sandstorm
|-enditem|p2a: Trevenant|Sitrus Berry|[eat]
|-heal|p2a: Trevenant|278\/374|[from] item: Sitrus Berry
|turn|5
|callback|decision
|
|move|p1a: Tyranitar|Stealth Rock|p2a: Trevenant
|-sidestart|p2: Rotcivsora|move: Stealth Rock
|move|p2a: Trevenant|Horn Leech|p1a: Tyranitar
|-supereffective|p1a: Tyranitar
|-damage|p1a: Tyranitar|174\/404
|-heal|p2a: Trevenant|368\/374|[from] drain|[of] p1a: Tyranitar
|
|-weather|Sandstorm|[upkeep]
|-damage|p2a: Trevenant|345\/374|[from] sandstorm
|turn|6
|callback|decision
|
|switch|p1a: Garchomp|Garchomp, M|357\/357
|-damage|p1a: Garchomp|335\/357|[from] Stealth Rock
|move|p2a: Trevenant|Horn Leech|p1a: Garchomp
|-damage|p1a: Garchomp|227\/357
|-heal|p2a: Trevenant|374\/374|[from] drain|[of] p1a: Garchomp
|
|-weather|Sandstorm|[upkeep]
|-damage|p2a: Trevenant|351\/374|[from] sandstorm
|-heal|p1a: Garchomp|249\/357|[from] item: Leftovers
|-item|p2a: Trevenant|Sitrus Berry|[from] ability: Harvest
|turn|7
|callback|decision
|
|move|p1a: Garchomp|Dragon Claw|p2a: Trevenant
|-end|p2a: Trevenant|Substitute
|move|p2a: Trevenant|Will-O-Wisp|p1a: Garchomp|[miss]
|-miss|p2a: Trevenant|p1a: Garchomp
|
|-weather|Sandstorm|[upkeep]
|-damage|p2a: Trevenant|328\/374|[from] sandstorm
|-heal|p1a: Garchomp|271\/357|[from] item: Leftovers
|turn|8
|callback|decision
|
|move|p1a: Garchomp|Substitute|p1a: Garchomp
|-start|p1a: Garchomp|Substitute
|-damage|p1a: Garchomp|182\/357
|move|p2a: Trevenant|Will-O-Wisp|p1a: Garchomp
|
|-weather|none
|-heal|p1a: Garchomp|204\/357|[from] item: Leftovers
|turn|9
|callback|decision
|
|move|p1a: Garchomp|Swords Dance|p1a: Garchomp
|-boost|p1a: Garchomp|atk|2
|move|p2a: Trevenant|Horn Leech|p1a: Garchomp
|-end|p1a: Garchomp|Substitute
|-heal|p2a: Trevenant|373\/374|[from] drain|[of] p1a: Garchomp
|
|-heal|p1a: Garchomp|226\/357|[from] item: Leftovers
|turn|10
|callback|decision
|
|move|p1a: Garchomp|Dragon Claw|p2a: Trevenant
|-damage|p2a: Trevenant|6\/374
|-enditem|p2a: Trevenant|Sitrus Berry|[eat]
|-heal|p2a: Trevenant|99\/374|[from] item: Sitrus Berry
|move|p2a: Trevenant|Horn Leech|p1a: Garchomp
|-damage|p1a: Garchomp|132\/357
|-heal|p2a: Trevenant|146\/374|[from] drain|[of] p1a: Garchomp
|
|-heal|p1a: Garchomp|154\/357|[from] item: Leftovers
|-item|p2a: Trevenant|Sitrus Berry|[from] ability: Harvest
|-enditem|p2a: Trevenant|Sitrus Berry|[eat]
|-heal|p2a: Trevenant|239\/374|[from] item: Sitrus Berry
|turn|11
|callback|decision
|
|move|p1a: Garchomp|Substitute|p1a: Garchomp
|-start|p1a: Garchomp|Substitute
|-damage|p1a: Garchomp|65\/357
|move|p2a: Trevenant|Substitute|p2a: Trevenant
|-start|p2a: Trevenant|Substitute
|-damage|p2a: Trevenant|146\/374
|
|-heal|p1a: Garchomp|87\/357|[from] item: Leftovers
|-item|p2a: Trevenant|Sitrus Berry|[from] ability: Harvest
|-enditem|p2a: Trevenant|Sitrus Berry|[eat]
|-heal|p2a: Trevenant|239\/374|[from] item: Sitrus Berry
|turn|12
|callback|decision
|
|move|p1a: Garchomp|Dragon Claw|p2a: Trevenant
|-crit|p2a: Trevenant
|-end|p2a: Trevenant|Substitute
|move|p2a: Trevenant|Horn Leech|p1a: Garchomp
|-end|p1a: Garchomp|Substitute
|-heal|p2a: Trevenant|284\/374|[from] drain|[of] p1a: Garchomp
|
|-heal|p1a: Garchomp|109\/357|[from] item: Leftovers
|-item|p2a: Trevenant|Sitrus Berry|[from] ability: Harvest
|turn|13
|callback|decision
|
|move|p1a: Garchomp|Dragon Claw|p2a: Trevenant
|-damage|p2a: Trevenant|0 fnt
|faint|p2a: Trevenant
|
|-heal|p1a: Garchomp|131\/357|[from] item: Leftovers
|callback|decision
|
|switch|p2a: Mawile|Mawile, F|304\/304
|-damage|p2a: Mawile|285\/304|[from] Stealth Rock
|-ability|p2a: Mawile|Intimidate|[of] p1a: Garchomp
|-unboost|p1a: Garchomp|atk|1
|turn|14
|callback|decision
|
|-formechange|p2a: Mawile|Mawile-Mega
|message|Mawile has Mega Evolved into Mega Mawile!
|move|p2a: Mawile|Sucker Punch|p1a: Garchomp
|-fail|p1a: Garchomp
|move|p1a: Garchomp|Substitute|p1a: Garchomp
|-start|p1a: Garchomp|Substitute
|-damage|p1a: Garchomp|42\/357
|
|-heal|p1a: Garchomp|64\/357|[from] item: Leftovers
|turn|15
|callback|decision
|
|switch|p2a: Excadrill|Excadrill, F|424\/424
|-damage|p2a: Excadrill|411\/424|[from] Stealth Rock
|-ability|p2a: Excadrill|Mold Breaker
|-item|p2a: Excadrill|Air Balloon
|move|p1a: Garchomp|Earthquake|p2a: Excadrill
|-immune|p2a: Excadrill|[msg]
|
|-heal|p1a: Garchomp|86\/357|[from] item: Leftovers
|turn|16
|callback|decision
|
|move|p1a: Garchomp|Dragon Claw|p2a: Excadrill
|-resisted|p2a: Excadrill
|-damage|p2a: Excadrill|240\/424
|-enditem|p2a: Excadrill|Air Balloon
|move|p2a: Excadrill|Rapid Spin|p1a: Garchomp
|-activate|p1a: Garchomp|Substitute|[damage]
|-sideend|p2: Rotcivsora|Stealth Rock|[from] move: Rapid Spin|[of] p2a: Excadrill
|
|-heal|p1a: Garchomp|108\/357|[from] item: Leftovers
|turn|17
|callback|decision
|
|switch|p2a: Talonflame|Talonflame, F|298\/298
|move|p1a: Garchomp|Earthquake|p2a: Talonflame
|-immune|p2a: Talonflame|[msg]
|
|-heal|p1a: Garchomp|130\/357|[from] item: Leftovers
|turn|18
|callback|decision
|
|move|p2a: Talonflame|Brave Bird|p1a: Garchomp
|-end|p1a: Garchomp|Substitute
|-damage|p2a: Talonflame|277\/298|[from] recoil|[of] p1a: Garchomp
|-damage|p2a: Talonflame|248\/298|[from] item: Life Orb
|move|p1a: Garchomp|Dragon Claw|p2a: Talonflame
|-damage|p2a: Talonflame|0 fnt
|faint|p2a: Talonflame
|
|-heal|p1a: Garchomp|152\/357|[from] item: Leftovers
|callback|decision
|
|switch|p2a: Mawile|Mawile, F|285\/304
|-formechange|p2a: Mawile|Mawile-Mega
|turn|19
|callback|decision
|
|move|p1a: Garchomp|Earthquake|p2a: Mawile
|-supereffective|p2a: Mawile
|-damage|p2a: Mawile|0 fnt
|faint|p2a: Mawile
|
|-heal|p1a: Garchomp|174\/357|[from] item: Leftovers
|callback|decision
|
|switch|p2a: Mamoswine|Mamoswine, M|1\/424
|turn|20
|callback|decision
|
|move|p2a: Mamoswine|Ice Shard|p1a: Garchomp
|-supereffective|p1a: Garchomp
|-damage|p1a: Garchomp|0 fnt
|faint|p1a: Garchomp
|
|callback|decision
|
|switch|p1a: Talonflame|Talonflame, M|319\/319
|-damage|p1a: Talonflame|160\/319|[from] Stealth Rock
|turn|21
|callback|decision
|
|move|p1a: Talonflame|Brave Bird|p2a: Mamoswine
|-damage|p2a: Mamoswine|0 fnt
|-damage|p1a: Talonflame|159\/319|[from] recoil|[of] p2a: Mamoswine
|-damage|p1a: Talonflame|128\/319|[from] item: Life Orb
|faint|p2a: Mamoswine
|
|callback|decision
|
|switch|p2a: Greninja|Greninja, F|286\/286
|turn|22
|callback|decision
|
|move|p1a: Talonflame|Brave Bird|p2a: Greninja
|-damage|p2a: Greninja|0 fnt
|-damage|p1a: Talonflame|34\/319|[from] recoil|[of] p2a: Greninja
|-damage|p1a: Talonflame|3\/319|[from] item: Life Orb
|faint|p2a: Greninja
|
|callback|decision
|
|switch|p2a: Excadrill|Excadrill, F|240\/424
|-ability|p2a: Excadrill|Mold Breaker
|turn|23
|callback|decision
|
|move|p1a: Talonflame|Flare Blitz|p2a: Excadrill
|-supereffective|p2a: Excadrill
|-damage|p2a: Excadrill|0 fnt
|-damage|p1a: Talonflame|0 fnt|[from] recoil|[of] p2a: Excadrill
|faint|p2a: Excadrill
|faint|p1a: Talonflame
|
|win|Messuduppotatoasia
|raw|Ladder updating...
|raw|Messuduppotatoasia's rating: 1631 &rarr; <strong>1718<\/strong><br \/>(+87 for winning)
|raw|Rotcivsora's rating: 1657 &rarr; <strong>1652<\/strong><br \/>(-5 for losing)
|leave|Rotcivsora
|player|p2