|join|alkdjf
|join|Messuduppotatoasia
|player|p1|alkdjf|2
|player|p2|Messuduppotatoasia|101
|gametype|singles
|tier|OU (beta)
|rated
|clearpoke
|poke|p1|Roserade, M
|poke|p1|Rotom-Wash
|poke|p1|Noivern, F
|poke|p1|Charizard, F
|poke|p1|Tyranitar, F
|poke|p1|Aegislash, M
|poke|p2|Lucario, M
|poke|p2|Garchomp, M
|poke|p2|Tyranitar, M
|poke|p2|Gliscor, M
|poke|p2|Rotom-Wash
|poke|p2|Alakazam, M
|rule|Sleep Clause Mod: Limit one foe put to sleep
|rule|Species Clause: Limit one of each Pokemon
|rule|OHKO Clause: OHKO moves are banned
|rule|Moody Clause: Moody is banned
|rule|Evasion Moves Clause: Evasion moves are banned
|rule|HP Percentage Mod: HP is reported as percentages
|teampreview
|callback|decision
|
|start
|switch|p1a: Rotom-Wash|Rotom-Wash|249\/249
|switch|p2a: Tyranitar|Tyranitar, M|341\/341
|-weather|Sandstorm
|turn|1
|callback|decision
|
|move|p1a: Rotom-Wash|Will-O-Wisp|p2a: Tyranitar
|-status|p2a: Tyranitar|brn
|move|p2a: Tyranitar|Stealth Rock|p1a: Rotom-Wash
|-sidestart|p1: alkdjf|move: Stealth Rock
|
|-weather|Sandstorm|[upkeep]
|-damage|p1a: Rotom-Wash|234\/249|[from] sandstorm
|-damage|p2a: Tyranitar|299\/341 brn|[from] brn
|turn|2
|callback|decision
|
|switch|p1a: Tyranitar|Tyranitar, F|404\/404
|-damage|p1a: Tyranitar|354\/404|[from] Stealth Rock
|move|p2a: Tyranitar|Fire Blast|p1a: Tyranitar
|-resisted|p1a: Tyranitar
|-damage|p1a: Tyranitar|316\/404
|
|-weather|Sandstorm|[upkeep]
|-heal|p1a: Tyranitar|341\/404|[from] item: Leftovers
|-damage|p2a: Tyranitar|257\/341 brn|[from] brn
|turn|3
|callback|decision
|
|switch|p2a: Lucario|Lucario, M|281\/281
|move|p1a: Tyranitar|Stealth Rock|p2a: Lucario
|-sidestart|p2: Messuduppotatoasia|move: Stealth Rock
|
|-weather|Sandstorm|[upkeep]
|-heal|p1a: Tyranitar|366\/404|[from] item: Leftovers
|turn|4
|callback|decision
|
|switch|p1a: Aegislash|Aegislash, M|323\/323
|-damage|p1a: Aegislash|303\/323|[from] Stealth Rock
|-item|p1a: Aegislash|Air Balloon
|-formechange|p2a: Lucario|Lucario-Mega
|message|Lucario has Mega Evolved into Mega Lucario!
|move|p2a: Lucario|Swords Dance|p2a: Lucario
|-boost|p2a: Lucario|atk|2
|
|-weather|Sandstorm|[upkeep]
|turn|5
|callback|decision
|
|move|p2a: Lucario|Swords Dance|p2a: Lucario
|-boost|p2a: Lucario|atk|2
|-formechange|p1a: Aegislash|Aegislash-Blade
|move|p1a: Aegislash|Sacred Sword|p2a: Lucario
|-supereffective|p2a: Lucario
|-damage|p2a: Lucario|0 fnt
|faint|p2a: Lucario
|
|-weather|none
|callback|decision
|
|switch|p2a: Gliscor|Gliscor, M|354\/354
|-damage|p2a: Gliscor|310\/354|[from] Stealth Rock
|turn|6
|callback|decision
|
|switch|p1a: Rotom-Wash|Rotom-Wash|234\/249
|-damage|p1a: Rotom-Wash|203\/249|[from] Stealth Rock
|move|p2a: Gliscor|Protect|p2a: Gliscor
|-fail|p2a: Gliscor
|
|-activate|p2a: Gliscor|item: Toxic Orb
|-status|p2a: Gliscor|tox
|turn|7
|callback|decision
|
|move|p2a: Gliscor|Protect|p2a: Gliscor
|-singleturn|p2a: Gliscor|Protect
|move|p1a: Rotom-Wash|Hydro Pump|p2a: Gliscor
|-activate|p2a: Gliscor|Protect
|
|-heal|p2a: Gliscor|354\/354 tox|[from] ability: Poison Heal
|turn|8
|callback|decision
|
|switch|p2a: Rotom-Wash|Rotom-Wash|299\/299
|-damage|p2a: Rotom-Wash|262\/299|[from] Stealth Rock
|move|p1a: Rotom-Wash|Hydro Pump|p2a: Rotom-Wash
|-resisted|p2a: Rotom-Wash
|-damage|p2a: Rotom-Wash|169\/299
|
|turn|9
|callback|decision
|
|move|p1a: Rotom-Wash|Hydro Pump|p2a: Rotom-Wash
|-crit|p2a: Rotom-Wash
|-resisted|p2a: Rotom-Wash
|-damage|p2a: Rotom-Wash|31\/299
|move|p2a: Rotom-Wash|Volt Switch|p1a: Rotom-Wash
|-crit|p1a: Rotom-Wash
|-damage|p1a: Rotom-Wash|58\/249
|callback|decision
|
|switch|p2a: Alakazam|Alakazam, M|251\/251
|
|turn|10
|callback|decision
|
|move|p1a: Rotom-Wash|Hydro Pump|p2a: Alakazam
|-damage|p2a: Alakazam|50\/251
|move|p2a: Alakazam|Psychic|p1a: Rotom-Wash
|-damage|p1a: Rotom-Wash|0 fnt
|faint|p1a: Rotom-Wash
|
|callback|decision
|
|switch|p1a: Aegislash|Aegislash, M|303\/323
|-damage|p1a: Aegislash|283\/323|[from] Stealth Rock
|-item|p1a: Aegislash|Air Balloon
|turn|11
|callback|decision
|
|switch|p2a: Garchomp|Garchomp, M|357\/357
|-damage|p2a: Garchomp|335\/357|[from] Stealth Rock
|-formechange|p1a: Aegislash|Aegislash-Blade
|move|p1a: Aegislash|Shadow Sneak|p2a: Garchomp
|-damage|p2a: Garchomp|242\/357
|-damage|p1a: Aegislash|243\/323|[from] ability: Rough Skin|[of] p2a: Garchomp
|
|turn|12
|callback|decision
|
|move|p2a: Garchomp|Dragon Claw|p1a: Aegislash
|-resisted|p1a: Aegislash
|-damage|p1a: Aegislash|123\/323
|-enditem|p1a: Aegislash|Air Balloon
|move|p1a: Aegislash|Sacred Sword|p2a: Garchomp
|-damage|p2a: Garchomp|118\/357
|-damage|p1a: Aegislash|83\/323|[from] ability: Rough Skin|[of] p2a: Garchomp
|
|turn|13
|callback|decision
|
|switch|p2a: Gliscor|Gliscor, M|354\/354 tox
|-damage|p2a: Gliscor|310\/354 tox|[from] Stealth Rock
|switch|p1a: Tyranitar|Tyranitar, F|366\/404
|-damage|p1a: Tyranitar|316\/404|[from] Stealth Rock
|-weather|Sandstorm
|
|-weather|Sandstorm|[upkeep]
|-heal|p1a: Tyranitar|341\/404|[from] item: Leftovers
|-heal|p2a: Gliscor|354\/354 tox|[from] ability: Poison Heal
|turn|14
|callback|decision
|
|move|p2a: Gliscor|Substitute|p2a: Gliscor
|-start|p2a: Gliscor|Substitute
|-damage|p2a: Gliscor|266\/354 tox
|move|p1a: Tyranitar|Ice Beam|p2a: Gliscor
|-supereffective|p2a: Gliscor
|-end|p2a: Gliscor|Substitute
|
|-weather|Sandstorm|[upkeep]
|-heal|p1a: Tyranitar|366\/404|[from] item: Leftovers
|-heal|p2a: Gliscor|310\/354 tox|[from] ability: Poison Heal
|turn|15
|callback|decision
|
|move|p2a: Gliscor|Protect|p2a: Gliscor
|-singleturn|p2a: Gliscor|Protect
|move|p1a: Tyranitar|Ice Beam|p2a: Gliscor
|-activate|p2a: Gliscor|Protect
|
|-weather|Sandstorm|[upkeep]
|-heal|p1a: Tyranitar|391\/404|[from] item: Leftovers
|-heal|p2a: Gliscor|354\/354 tox|[from] ability: Poison Heal
|turn|16
|callback|decision
|
|move|p2a: Gliscor|Substitute|p2a: Gliscor
|-start|p2a: Gliscor|Substitute
|-damage|p2a: Gliscor|266\/354 tox
|move|p1a: Tyranitar|Ice Beam|p2a: Gliscor
|-supereffective|p2a: Gliscor
|-end|p2a: Gliscor|Substitute
|
|-weather|Sandstorm|[upkeep]
|-heal|p1a: Tyranitar|404\/404|[from] item: Leftovers
|-heal|p2a: Gliscor|310\/354 tox|[from] ability: Poison Heal
|turn|17
|callback|decision
|
|switch|p1a: Noivern|Noivern, F|311\/311
|-damage|p1a: Noivern|234\/311|[from] Stealth Rock
|move|p2a: Gliscor|Protect|p2a: Gliscor
|-fail|p2a: Gliscor
|
|-weather|none
|-heal|p2a: Gliscor|354\/354 tox|[from] ability: Poison Heal
|turn|18
|callback|decision
|
|switch|p2a: Rotom-Wash|Rotom-Wash|31\/299
|-damage|p2a: Rotom-Wash|0 fnt|[from] Stealth Rock
|faint|p2a: Rotom-Wash
|move|p1a: Noivern|Draco Meteor|p2: Rotom-Wash|[notarget]
|-notarget
|
|callback|decision
|
|switch|p2a: Garchomp|Garchomp, M|118\/357
|-damage|p2a: Garchomp|96\/357|[from] Stealth Rock
|turn|19
|callback|decision
|
|switch|p1a: Roserade|Roserade, M|261\/261
|-damage|p1a: Roserade|229\/261|[from] Stealth Rock
|move|p2a: Garchomp|Outrage|p1a: Roserade
|-damage|p1a: Roserade|0 fnt
|faint|p1a: Roserade
|
|callback|decision
|
|switch|p1a: Tyranitar|Tyranitar, F|404\/404
|-damage|p1a: Tyranitar|354\/404|[from] Stealth Rock
|-weather|Sandstorm
|turn|20
|callback|decision
|
|move|p2a: Garchomp|Outrage|p1a: Tyranitar
|-damage|p1a: Tyranitar|167\/404
|move|p1a: Tyranitar|Ice Beam|p2a: Garchomp
|-supereffective|p2a: Garchomp
|-damage|p2a: Garchomp|0 fnt
|faint|p2a: Garchomp
|
|-weather|Sandstorm|[upkeep]
|-heal|p1a: Tyranitar|192\/404|[from] item: Leftovers
|callback|decision
|
|switch|p2a: Gliscor|Gliscor, M|354\/354 tox
|-damage|p2a: Gliscor|310\/354 tox|[from] Stealth Rock
|turn|21
|callback|decision
|
|move|p2a: Gliscor|Earthquake|p1a: Tyranitar
|-supereffective|p1a: Tyranitar
|-damage|p1a: Tyranitar|0 fnt
|faint|p1a: Tyranitar
|
|-weather|Sandstorm|[upkeep]
|-heal|p2a: Gliscor|354\/354 tox|[from] ability: Poison Heal
|callback|decision
|
|switch|p1a: Noivern|Noivern, F|234\/311
|-damage|p1a: Noivern|157\/311|[from] Stealth Rock
|turn|22
|callback|decision
|
|move|p2a: Gliscor|Protect|p2a: Gliscor
|-singleturn|p2a: Gliscor|Protect
|move|p1a: Noivern|Draco Meteor|p2a: Gliscor
|-activate|p2a: Gliscor|Protect
|
|-weather|Sandstorm|[upkeep]
|-damage|p1a: Noivern|138\/311|[from] sandstorm
|turn|23
|callback|decision
|
|switch|p2a: Tyranitar|Tyranitar, M|257\/341 brn
|-damage|p2a: Tyranitar|215\/341 brn|[from] Stealth Rock
|move|p1a: Noivern|Draco Meteor|p2a: Tyranitar
|-damage|p2a: Tyranitar|37\/341 brn
|-unboost|p1a: Noivern|spa|2
|
|-weather|Sandstorm|[upkeep]
|-damage|p1a: Noivern|119\/311|[from] sandstorm
|-damage|p2a: Tyranitar|0 fnt|[from] brn
|faint|p2a: Tyranitar
|callback|decision
|
|switch|p2a: Gliscor|Gliscor, M|354\/354 tox
|-damage|p2a: Gliscor|310\/354 tox|[from] Stealth Rock
|turn|24
|callback|decision
|
|switch|p1a: Charizard|Charizard, F|297\/297
|-damage|p1a: Charizard|149\/297|[from] Stealth Rock
|move|p2a: Gliscor|Substitute|p2a: Gliscor
|-start|p2a: Gliscor|Substitute
|-damage|p2a: Gliscor|222\/354 tox
|
|-weather|none
|-heal|p2a: Gliscor|266\/354 tox|[from] ability: Poison Heal
|turn|25
|callback|decision
|
|move|p2a: Gliscor|Protect|p2a: Gliscor
|-singleturn|p2a: Gliscor|Protect
|move|p1a: Charizard|Roost|p1a: Charizard
|-heal|p1a: Charizard|297\/297
|
|-heal|p2a: Gliscor|310\/354 tox|[from] ability: Poison Heal
|turn|26
|callback|decision
|
|move|p1a: Charizard|Dragon Dance|p1a: Charizard
|-boost|p1a: Charizard|atk|1
|-boost|p1a: Charizard|spe|1
|move|p2a: Gliscor|Toxic|p1a: Charizard
|-status|p1a: Charizard|tox
|
|-damage|p1a: Charizard|279\/297 tox|[from] psn
|-heal|p2a: Gliscor|354\/354 tox|[from] ability: Poison Heal
|turn|27
|callback|decision
|
|switch|p1a: Noivern|Noivern, F|119\/311
|-damage|p1a: Noivern|42\/311|[from] Stealth Rock
|move|p2a: Gliscor|Protect|p2a: Gliscor
|-fail|p2a: Gliscor
|
|turn|28
|callback|decision
|
|switch|p2a: Alakazam|Alakazam, M|50\/251
|move|p1a: Noivern|Draco Meteor|p2a: Alakazam
|-crit|p2a: Alakazam
|-damage|p2a: Alakazam|0 fnt
|-unboost|p1a: Noivern|spa|2
|faint|p2a: Alakazam
|
|callback|decision
|
|switch|p2a: Gliscor|Gliscor, M|354\/354 tox
|-damage|p2a: Gliscor|310\/354 tox|[from] Stealth Rock
|turn|29
|callback|decision
|
|move|p2a: Gliscor|Protect|p2a: Gliscor
|-singleturn|p2a: Gliscor|Protect
|move|p1a: Noivern|Draco Meteor|p2a: Gliscor
|-activate|p2a: Gliscor|Protect
|
|-heal|p2a: Gliscor|354\/354 tox|[from] ability: Poison Heal
|turn|30
|callback|decision
|
|move|p1a: Noivern|Draco Meteor|p2a: Gliscor
|-damage|p2a: Gliscor|170\/354 tox
|-unboost|p1a: Noivern|spa|2
|move|p2a: Gliscor|Toxic|p1a: Noivern
|-status|p1a: Noivern|tox
|
|-damage|p1a: Noivern|23\/311 tox|[from] psn
|-heal|p2a: Gliscor|214\/354 tox|[from] ability: Poison Heal
|turn|31
|callback|decision
|
|switch|p1a: Charizard|Charizard, F|279\/297 tox
|-damage|p1a: Charizard|131\/297 tox|[from] Stealth Rock
|move|p2a: Gliscor|Protect|p2a: Gliscor
|-fail|p2a: Gliscor
|
|-damage|p1a: Charizard|113\/297 tox|[from] psn
|-heal|p2a: Gliscor|258\/354 tox|[from] ability: Poison Heal
|turn|32
|callback|decision
|
|-formechange|p1a: Charizard|Charizard-Mega-X
|message|Charizard has Mega Evolved into Mega Charizard!
|move|p2a: Gliscor|Protect|p2a: Gliscor
|-singleturn|p2a: Gliscor|Protect
|move|p1a: Charizard|Flare Blitz|p2a: Gliscor
|-activate|p2a: Gliscor|Protect
|
|-damage|p1a: Charizard|77\/297 tox|[from] psn
|-heal|p2a: Gliscor|302\/354 tox|[from] ability: Poison Heal
|turn|33
|callback|decision
|
|move|p1a: Charizard|Flare Blitz|p2a: Gliscor
|-damage|p2a: Gliscor|115\/354 tox
|-damage|p1a: Charizard|15\/297 tox|[from] recoil|[of] p2a: Gliscor
|move|p2a: Gliscor|Substitute|p2a: Gliscor
|-start|p2a: Gliscor|Substitute
|-damage|p2a: Gliscor|27\/354 tox
|
|-damage|p1a: Charizard|0 fnt|[from] psn
|-heal|p2a: Gliscor|71\/354 tox|[from] ability: Poison Heal
|faint|p1a: Charizard
|callback|decision
|-message|alkdjf forfeited.
|
|win|Messuduppotatoasia
|raw|Ladder updating...
|leave|alkdjf
|player|p1
|raw|alkdjf's rating: 2109 &rarr; <strong>2105<\/strong><br \/>(-4 for losing)
|raw|Messuduppotatoasia's rating: 2038 &rarr; <strong>2053<\/strong><br \/>(+15 for winning)