|join|JeringasReloaded
|join|Messuduppotatoasia
|player|p1|JeringasReloaded|169
|player|p2|Messuduppotatoasia|2
|gametype|singles
|gen|6
|tier|OU (suspect test)
|rated
|clearpoke
|poke|p1|Pinsir, F
|poke|p1|Talonflame, F
|poke|p1|Excadrill, M
|poke|p1|Greninja, M
|poke|p1|Latias, F
|poke|p1|Tyranitar, F
|poke|p2|Tyranitar, F
|poke|p2|Excadrill, M
|poke|p2|Keldeo
|poke|p2|Charizard, F
|poke|p2|Thundurus, M
|poke|p2|Garchomp, M
|rule|Swagger Clause: Swagger is banned
|rule|Baton Pass Clause: Limit one PokÃ©mon knowing Baton Pass
|rule|Sleep Clause Mod: Limit one foe put to sleep
|rule|Species Clause: Limit one of each PokÃ©mon
|rule|OHKO Clause: OHKO moves are banned
|rule|Moody Clause: Moody is banned
|rule|Evasion Moves Clause: Evasion moves are banned
|rule|Endless Battle Clause: Forcing endless battles is banned
|rule|HP Percentage Mod: HP is reported as percentages
|teampreview
|
|start
|switch|p1a: Excadrill|Excadrill, M|362\/362
|switch|p2a: Keldeo|Keldeo|323\/323
|-item|p1a: Excadrill|Air Balloon
|turn|1
|
|switch|p1a: Latias|Latias, F|301\/301
|move|p2a: Keldeo|Scald|p1a: Latias
|-resisted|p1a: Latias
|-damage|p1a: Latias|218\/301
|
|turn|2
|
|switch|p1a: Pinsir|Pinsir, F|271\/271
|switch|p2a: Tyranitar|Tyranitar, F|404\/404
|-weather|Sandstorm
|
|-weather|Sandstorm|[upkeep]
|-damage|p1a: Pinsir|255\/271|[from] sandstorm
|turn|3
|
|switch|p2a: Thundurus|Thundurus, M|299\/299
|detailschange|p1a: Pinsir|Pinsir-Mega, F
|message|Pinsir has Mega Evolved into Mega Pinsir!
|move|p1a: Pinsir|Close Combat|p2a: Thundurus
|-resisted|p2a: Thundurus
|-damage|p2a: Thundurus|187\/299
|-unboost|p1a: Pinsir|def|1
|-unboost|p1a: Pinsir|spd|1
|
|-weather|Sandstorm|[upkeep]
|-damage|p2a: Thundurus|169\/299|[from] sandstorm
|-damage|p1a: Pinsir|239\/271|[from] sandstorm
|-heal|p2a: Thundurus|187\/299|[from] item: Leftovers
|turn|4
|
|switch|p1a: Excadrill|Excadrill, M|362\/362
|-item|p1a: Excadrill|Air Balloon
|move|p2a: Thundurus|Thunderbolt|p1a: Excadrill
|-immune|p1a: Excadrill|[msg]
|
|-weather|Sandstorm|[upkeep]
|-damage|p2a: Thundurus|169\/299|[from] sandstorm
|-heal|p2a: Thundurus|187\/299|[from] item: Leftovers
|turn|5
|
|switch|p2a: Garchomp|Garchomp, M|357\/357
|move|p1a: Excadrill|Rock Slide|p2a: Garchomp
|-resisted|p2a: Garchomp
|-damage|p2a: Garchomp|305\/357
|
|-weather|Sandstorm|[upkeep]
|turn|6
|
|move|p1a: Excadrill|Earthquake|p2a: Garchomp
|-damage|p2a: Garchomp|106\/357
|move|p2a: Garchomp|Fire Blast|p1a: Excadrill
|-supereffective|p1a: Excadrill
|-damage|p1a: Excadrill|160\/362
|-enditem|p1a: Excadrill|Air Balloon
|
|-weather|none
|turn|7
|
|switch|p1a: Latias|Latias, F|218\/301
|move|p2a: Garchomp|Fire Blast|p1a: Latias
|-resisted|p1a: Latias
|-damage|p1a: Latias|191\/301
|
|turn|8
|
|switch|p2a: Tyranitar|Tyranitar, F|404\/404
|-weather|Sandstorm
|switch|p1a: Excadrill|Excadrill, M|160\/362
|
|-weather|Sandstorm|[upkeep]
|turn|9
|
|switch|p2a: Charizard|Charizard, F|297\/297
|move|p1a: Excadrill|Iron Head|p2a: Charizard
|-resisted|p2a: Charizard
|-damage|p2a: Charizard|196\/297
|
|-weather|Sandstorm|[upkeep]
|-damage|p2a: Charizard|178\/297|[from] sandstorm
|turn|10
|
|detailschange|p2a: Charizard|Charizard-Mega-Y, F
|message|Charizard has Mega Evolved into Mega Charizard!
|-weather|SunnyDay
|move|p1a: Excadrill|Rock Slide|p2a: Charizard
|-supereffective|p2a: Charizard
|-damage|p2a: Charizard|0 fnt
|faint|p2a: Charizard
|
|-weather|SunnyDay|[upkeep]
|
|switch|p2a: Keldeo|Keldeo|323\/323
|turn|11
|
|move|p2a: Keldeo|Scald|p1a: Excadrill
|-supereffective|p1a: Excadrill
|-damage|p1a: Excadrill|0 fnt
|faint|p1a: Excadrill
|
|-weather|SunnyDay|[upkeep]
|
|switch|p1a: Talonflame|Talonflame, F|297\/297
|turn|12
|
|switch|p2a: Thundurus|Thundurus, M|187\/299
|move|p1a: Talonflame|U-turn|p2a: Thundurus
|-resisted|p2a: Thundurus
|-damage|p2a: Thundurus|119\/299
|
|switch|p1a: Greninja|Greninja, M|285\/285
|
|-weather|SunnyDay|[upkeep]
|-heal|p2a: Thundurus|137\/299|[from] item: Leftovers
|turn|13
|
|move|p1a: Greninja|Ice Beam|p2a: Thundurus
|-start|p1a: Greninja|typechange|Ice|[from] Protean
|-supereffective|p2a: Thundurus
|-damage|p2a: Thundurus|0 fnt
|-damage|p1a: Greninja|257\/285|[from] item: Life Orb
|faint|p2a: Thundurus
|
|-weather|SunnyDay|[upkeep]
|
|switch|p2a: Garchomp|Garchomp, M|106\/357
|turn|14
|
|move|p2a: Garchomp|Outrage|p1a: Greninja
|-damage|p1a: Greninja|0 fnt
|faint|p1a: Greninja
|
|-weather|none
|
|switch|p1a: Tyranitar|Tyranitar, F|341\/341
|-weather|Sandstorm
|turn|15
|
|move|p2a: Garchomp|Outrage|p1a: Tyranitar
|-damage|p1a: Tyranitar|121\/341
|move|p1a: Tyranitar|Ice Beam|p2a: Garchomp
|-supereffective|p2a: Garchomp
|-damage|p2a: Garchomp|0 fnt
|faint|p2a: Garchomp
|
|-weather|Sandstorm|[upkeep]
|
|switch|p2a: Keldeo|Keldeo|323\/323
|turn|16
|
|switch|p1a: Latias|Latias, F|191\/301
|move|p2a: Keldeo|Scald|p1a: Latias
|-resisted|p1a: Latias
|-damage|p1a: Latias|110\/301
|-status|p1a: Latias|brn
|
|-weather|Sandstorm|[upkeep]
|-damage|p1a: Latias|92\/301 brn|[from] sandstorm
|-damage|p2a: Keldeo|303\/323|[from] sandstorm
|-damage|p1a: Latias|55\/301 brn|[from] brn
|turn|17
|
|switch|p2a: Tyranitar|Tyranitar, F|404\/404
|move|p1a: Latias|Healing Wish|p1a: Latias
|faint|p1a: Latias
|
|-weather|Sandstorm|[upkeep]
|
|switch|p1a: Pinsir|Pinsir-Mega, F|239\/271
|-heal|p1a: Pinsir|271\/271|[from] move: Healing Wish
|turn|18
|
|switch|p2a: Keldeo|Keldeo|303\/323
|move|p1a: Pinsir|Close Combat|p2a: Keldeo
|-damage|p2a: Keldeo|138\/323
|-unboost|p1a: Pinsir|def|1
|-unboost|p1a: Pinsir|spd|1
|
|-weather|Sandstorm|[upkeep]
|-damage|p2a: Keldeo|118\/323|[from] sandstorm
|-damage|p1a: Pinsir|255\/271|[from] sandstorm
|turn|19
|
|move|p1a: Pinsir|Quick Attack|p2a: Keldeo
|-supereffective|p2a: Keldeo
|-damage|p2a: Keldeo|0 fnt
|faint|p2a: Keldeo
|
|-weather|Sandstorm|[upkeep]
|-damage|p1a: Pinsir|239\/271|[from] sandstorm
|
|switch|p2a: Excadrill|Excadrill, M|361\/361
|-ability|p2a: Excadrill|Mold Breaker
|turn|20
|
|switch|p1a: Tyranitar|Tyranitar, F|121\/341
|move|p2a: Excadrill|Rock Slide|p1a: Tyranitar
|-miss|p2a: Excadrill|p1a: Tyranitar
|
|-weather|Sandstorm|[upkeep]
|turn|21
|
|move|p2a: Excadrill|Rock Slide|p1a: Tyranitar
|-damage|p1a: Tyranitar|34\/341
|move|p1a: Tyranitar|Earthquake|p2a: Excadrill
|-supereffective|p2a: Excadrill
|-damage|p2a: Excadrill|0 fnt
|faint|p2a: Excadrill
|
|-weather|Sandstorm|[upkeep]
|chat|JeringasReloaded|gg
|chat|Messuduppotatoasia|miss really hurt :(
|-message|Messuduppotatoasia forfeited.
|
|win|JeringasReloaded
|raw|Ladder updating...
|leave|Messuduppotatoasia
|player|p2
|raw|JeringasReloaded's rating: 1000 &rarr; <strong>1052<\/strong><br \/>(+52 for winning)
|raw|Messuduppotatoasia's rating: 1112 &rarr; <strong>1079<\/strong><br \/>(-33 for losing)