|join|Kollin07
|join|Messuduppotatoasia
|player|p1|Kollin07|153
|player|p2|Messuduppotatoasia|7
|gametype|singles
|tier|OU (suspect test)
|rated
|rule|Evasion Abilities Clause: Evasion abilities are banned
|clearpoke
|poke|p1|Tyranitar, M
|poke|p1|Scizor, M
|poke|p1|Thundurus-Therian, M
|poke|p1|Latias, F
|poke|p1|Jirachi
|poke|p1|Breloom, M
|poke|p2|Aerodactyl, M
|poke|p2|Magnezone
|poke|p2|Hydreigon, F
|poke|p2|Terrakion
|poke|p2|Scizor, M
|poke|p2|Latias, F
|rule|Sleep Clause Mod: Limit one foe put to sleep
|rule|Species Clause: Limit one of each Pokemon
|rule|OHKO Clause: OHKO moves are banned
|rule|Moody Clause: Moody is banned
|rule|Evasion Moves Clause: Evasion moves are banned
|rule|HP Percentage Mod: HP is reported as percentages
|teampreview
|callback|decision
|
|start
|switch|p1a: Jirachi|Jirachi|341\/341
|switch|p2a: Aerodactyl|Aerodactyl, M|301\/301
|-ability|p2a: Aerodactyl|Unnerve|p1: Kollin07
|turn|1
|callback|decision
|
|move|p1a: Jirachi|Iron Head|p2a: Aerodactyl
|-supereffective|p2a: Aerodactyl
|-enditem|p2a: Aerodactyl|Focus Sash
|-damage|p2a: Aerodactyl|1\/301
|move|p2a: Aerodactyl|Taunt|p1a: Jirachi
|-start|p1a: Jirachi|move: Taunt
|
|turn|2
|callback|decision
|
|switch|p1a: Breloom|Breloom, M|281\/281
|move|p2a: Aerodactyl|Stealth Rock|p1a: Breloom
|-sidestart|p1: Kollin07|move: Stealth Rock
|
|turn|3
|callback|decision
|
|move|p1a: Breloom|Mach Punch|p2a: Aerodactyl
|-damage|p2a: Aerodactyl|0 fnt
|-damage|p1a: Breloom|253\/281|[from] item: Life Orb
|faint|p2a: Aerodactyl
|
|callback|decision
|
|switch|p2a: Scizor|Scizor, M|343\/343
|turn|4
|callback|decision
|
|switch|p1a: Scizor|Scizor, M|343\/343
|-damage|p1a: Scizor|301\/343|[from] Stealth Rock
|move|p2a: Scizor|Bullet Punch|p1a: Scizor
|-resisted|p1a: Scizor
|-damage|p1a: Scizor|217\/343
|
|turn|5
|callback|decision
|
|move|p2a: Scizor|Bullet Punch|p1a: Scizor
|-resisted|p1a: Scizor
|-damage|p1a: Scizor|124\/343
|move|p1a: Scizor|U-turn|p2a: Scizor
|-resisted|p2a: Scizor
|-damage|p2a: Scizor|233\/343
|callback|decision
|
|switch|p1a: Thundurus-Therian|Thundurus-Therian, M|338\/338
|-damage|p1a: Thundurus-Therian|254\/338|[from] Stealth Rock
|
|-heal|p1a: Thundurus-Therian|275\/338|[from] item: Leftovers
|turn|6
|callback|decision
|
|move|p2a: Scizor|Bullet Punch|p1a: Thundurus-Therian
|-resisted|p1a: Thundurus-Therian
|-damage|p1a: Thundurus-Therian|151\/338
|move|p1a: Thundurus-Therian|Agility|p1a: Thundurus-Therian
|-boost|p1a: Thundurus-Therian|spe|2
|
|-heal|p1a: Thundurus-Therian|172\/338|[from] item: Leftovers
|turn|7
|callback|decision
|
|move|p2a: Scizor|Bullet Punch|p1a: Thundurus-Therian
|-resisted|p1a: Thundurus-Therian
|-damage|p1a: Thundurus-Therian|58\/338
|move|p1a: Thundurus-Therian|Nasty Plot|p1a: Thundurus-Therian
|-boost|p1a: Thundurus-Therian|spa|2
|
|-heal|p1a: Thundurus-Therian|79\/338|[from] item: Leftovers
|turn|8
|callback|decision
|
|move|p2a: Scizor|Bullet Punch|p1a: Thundurus-Therian
|-resisted|p1a: Thundurus-Therian
|-damage|p1a: Thundurus-Therian|0 fnt
|faint|p1a: Thundurus-Therian
|
|callback|decision
|
|switch|p1a: Jirachi|Jirachi|341\/341
|-damage|p1a: Jirachi|320\/341|[from] Stealth Rock
|turn|9
|callback|decision
|
|move|p2a: Scizor|Bullet Punch|p1a: Jirachi
|-resisted|p1a: Jirachi
|-damage|p1a: Jirachi|231\/341
|move|p1a: Jirachi|U-turn|p2a: Scizor
|-resisted|p2a: Scizor
|-damage|p2a: Scizor|200\/343
|callback|decision
|
|switch|p1a: Latias|Latias, F|319\/319
|-damage|p1a: Latias|280\/319|[from] Stealth Rock
|
|turn|10
|callback|decision
|
|move|p2a: Scizor|Bullet Punch|p1a: Latias
|-damage|p1a: Latias|91\/319
|move|p1a: Latias|Surf|p2a: Scizor
|-damage|p2a: Scizor|43\/343
|-damage|p1a: Latias|60\/319|[from] item: Life Orb
|
|turn|11
|callback|decision
|chat|Messuduppotatoasia|this is lol
|
|move|p2a: Scizor|Bullet Punch|p1a: Latias
|-damage|p1a: Latias|0 fnt
|faint|p1a: Latias
|
|callback|decision
|
|switch|p1a: Scizor|Scizor, M|124\/343
|-damage|p1a: Scizor|82\/343|[from] Stealth Rock
|turn|12
|callback|decision
|
|move|p2a: Scizor|Bullet Punch|p1a: Scizor
|-resisted|p1a: Scizor
|-damage|p1a: Scizor|0 fnt
|faint|p1a: Scizor
|
|callback|decision
|
|switch|p1a: Jirachi|Jirachi|231\/341
|-damage|p1a: Jirachi|210\/341|[from] Stealth Rock
|turn|13
|callback|decision
|
|move|p2a: Scizor|Bullet Punch|p1a: Jirachi
|-resisted|p1a: Jirachi
|-damage|p1a: Jirachi|123\/341
|move|p1a: Jirachi|Iron Head|p2a: Scizor
|-resisted|p2a: Scizor
|-damage|p2a: Scizor|0 fnt
|faint|p2a: Scizor
|
|callback|decision
|
|switch|p2a: Magnezone|Magnezone|318\/318
|turn|14
|callback|decision
|
|move|p1a: Jirachi|Iron Head|p2a: Magnezone
|-resisted|p2a: Magnezone
|-damage|p2a: Magnezone|292\/318
|move|p2a: Magnezone|Volt Switch|p1a: Jirachi
|-damage|p1a: Jirachi|0 fnt
|faint|p1a: Jirachi
|callback|decision
|
|switch|p2a: Hydreigon|Hydreigon, F|325\/325
|
|callback|decision
|
|switch|p1a: Tyranitar|Tyranitar, M|404\/404
|-damage|p1a: Tyranitar|354\/404|[from] Stealth Rock
|-weather|Sandstorm|[from] ability: Sand Stream|[of] p1a: Tyranitar
|turn|15
|callback|decision
|
|move|p2a: Hydreigon|Superpower|p1a: Tyranitar
|-enditem|p1a: Tyranitar|Chople Berry|[eat]
|-supereffective|p1a: Tyranitar
|-damage|p1a: Tyranitar|102\/404
|-unboost|p2a: Hydreigon|atk|1
|-unboost|p2a: Hydreigon|def|1
|-damage|p2a: Hydreigon|293\/325|[from] item: Life Orb
|move|p1a: Tyranitar|Crunch|p2a: Hydreigon
|-resisted|p2a: Hydreigon
|-damage|p2a: Hydreigon|181\/325
|
|-weather|Sandstorm|[upkeep]
|-damage|p2a: Hydreigon|161\/325|[from] sandstorm
|turn|16
|callback|decision
|
|move|p2a: Hydreigon|Superpower|p1a: Tyranitar
|-supereffective|p1a: Tyranitar
|-damage|p1a: Tyranitar|0 fnt
|-unboost|p2a: Hydreigon|atk|1
|-unboost|p2a: Hydreigon|def|1
|-damage|p2a: Hydreigon|129\/325|[from] item: Life Orb
|faint|p1a: Tyranitar
|
|-weather|Sandstorm|[upkeep]
|-damage|p2a: Hydreigon|109\/325|[from] sandstorm
|callback|decision
|
|switch|p1a: Breloom|Breloom, M|253\/281
|-damage|p1a: Breloom|236\/281|[from] Stealth Rock
|turn|17
|callback|decision
|
|move|p2a: Hydreigon|Fire Blast|p1a: Breloom
|-supereffective|p1a: Breloom
|-damage|p1a: Breloom|0 fnt
|-damage|p2a: Hydreigon|77\/325|[from] item: Life Orb
|faint|p1a: Breloom
|
|win|Messuduppotatoasia
|raw|Ladder updating...
|raw|Kollin07's rating: 1851 &rarr; <strong>1843<\/strong><br \/>(-8 for losing)
|raw|Messuduppotatoasia's rating: 1828 &rarr; <strong>1958<\/strong><br \/>(+130 for winning)