|join|Messuduppotatoasia
|join|Mahadeva
|player|p1|Messuduppotatoasia|142
|player|p2|Mahadeva|169
|gametype|singles
|gen|6
|tier|OU (suspect test)
|rated
|clearpoke
|poke|p1|Landorus-Therian, M
|poke|p1|Heracross, M
|poke|p1|Raikou
|poke|p1|Scizor, F
|poke|p1|Latios, M
|poke|p1|Terrakion
|poke|p2|Clefable, M
|poke|p2|Chansey, F
|poke|p2|Skarmory, M
|poke|p2|Heatran, M
|poke|p2|Alomomola, M
|poke|p2|Medicham, M
|rule|Swagger Clause: Swagger is banned
|rule|Baton Pass Clause: Limit one PokÃ©mon knowing Baton Pass
|rule|Sleep Clause Mod: Limit one foe put to sleep
|rule|Species Clause: Limit one of each PokÃ©mon
|rule|OHKO Clause: OHKO moves are banned
|rule|Moody Clause: Moody is banned
|rule|Evasion Moves Clause: Evasion moves are banned
|rule|Endless Battle Clause: Forcing endless battles is banned
|rule|HP Percentage Mod: HP is reported as percentages
|teampreview
|
|start
|switch|p1a: Isai|Heracross, M|308\/308
|switch|p2a: Heatran|Heatran, M|386\/386
|turn|1
|
|switch|p2a: Clefable|Clefable, M|394\/394
|detailschange|p1a: Isai|Heracross-Mega, M
|message|Heracross has Mega Evolved into Mega Heracross!
|move|p1a: Isai|Close Combat|p2a: Clefable
|-resisted|p2a: Clefable
|-damage|p2a: Clefable|255\/394
|-unboost|p1a: Isai|def|1
|-unboost|p1a: Isai|spd|1
|
|-heal|p2a: Clefable|279\/394|[from] item: Leftovers
|turn|2
|
|move|p1a: Isai|Bullet Seed|p2a: Clefable
|-damage|p2a: Clefable|240\/394
|-damage|p2a: Clefable|198\/394
|-damage|p2a: Clefable|160\/394
|-damage|p2a: Clefable|125\/394
|-damage|p2a: Clefable|83\/394
|-hitcount|p2a: Clefable|5
|move|p2a: Clefable|Moonlight|p2a: Clefable
|-heal|p2a: Clefable|280\/394
|
|-heal|p2a: Clefable|304\/394|[from] item: Leftovers
|turn|3
|
|switch|p1a: Scizor|Scizor, F|343\/343
|move|p2a: Clefable|Flamethrower|p1a: Scizor
|-supereffective|p1a: Scizor
|-damage|p1a: Scizor|23\/343
|
|-heal|p2a: Clefable|328\/394|[from] item: Leftovers
|turn|4
|
|switch|p2a: Heatran|Heatran, M|386\/386
|move|p1a: Scizor|Superpower|p2a: Heatran
|-supereffective|p2a: Heatran
|-damage|p2a: Heatran|0 fnt
|-unboost|p1a: Scizor|atk|1
|-unboost|p1a: Scizor|def|1
|faint|p2a: Heatran
|
|
|switch|p2a: Medicham|Medicham, M|261\/261
|turn|5
|
|switch|p1a: Landorus-Therian|Landorus-Therian, M|381\/381
|-ability|p1a: Landorus-Therian|Intimidate|[of] p2a: Medicham
|-unboost|p2a: Medicham|atk|1
|detailschange|p2a: Medicham|Medicham-Mega, M
|message|Medicham has Mega Evolved into Mega Medicham!
|move|p2a: Medicham|Ice Punch|p1a: Landorus-Therian
|-supereffective|p1a: Landorus-Therian
|-damage|p1a: Landorus-Therian|49\/381
|-damage|p2a: Medicham|218\/261|[from] item: Rocky Helmet|[of] p1a: Landorus-Therian
|
|turn|6
|
|switch|p1a: Isai|Heracross-Mega, M|308\/308
|move|p2a: Medicham|Ice Punch|p1a: Isai
|-crit|p1a: Isai
|-damage|p1a: Isai|102\/308
|
|turn|7
|
|switch|p1a: Latios|Latios, M|301\/301
|move|p2a: Medicham|Psycho Cut|p1a: Latios
|-resisted|p1a: Latios
|-damage|p1a: Latios|206\/301
|
|turn|8
|
|switch|p1a: Isai|Heracross-Mega, M|102\/308
|switch|p2a: Chansey|Chansey, F|641\/641
|
|turn|9
|
|switch|p2a: Alomomola|Alomomola, M|534\/534
|move|p1a: Isai|Close Combat|p2a: Alomomola
|-damage|p2a: Alomomola|278\/534
|-unboost|p1a: Isai|def|1
|-unboost|p1a: Isai|spd|1
|
|-heal|p2a: Alomomola|311\/534|[from] item: Leftovers
|turn|10
|
|move|p2a: Alomomola|Protect|p2a: Alomomola
|-singleturn|p2a: Alomomola|Protect
|move|p1a: Isai|Bullet Seed|p2a: Alomomola
|-activate|p2a: Alomomola|Protect
|
|-heal|p2a: Alomomola|344\/534|[from] item: Leftovers
|turn|11
|
|move|p1a: Isai|Close Combat|p2a: Alomomola
|-damage|p2a: Alomomola|91\/534
|-unboost|p1a: Isai|def|1
|-unboost|p1a: Isai|spd|1
|move|p2a: Alomomola|Scald|p1a: Isai
|-crit|p1a: Isai
|-damage|p1a: Isai|0 fnt
|faint|p1a: Isai
|
|-heal|p2a: Alomomola|124\/534|[from] item: Leftovers
|
|switch|p1a: Raikou|Raikou|321\/321
|-ability|p1a: Raikou|Pressure
|turn|12
|
|switch|p2a: Chansey|Chansey, F|641\/641
|move|p1a: Raikou|Thunderbolt|p2a: Chansey
|-damage|p2a: Chansey|569\/641
|
|turn|13
|
|move|p1a: Raikou|Volt Switch|p2a: Chansey
|-damage|p2a: Chansey|509\/641
|
|switch|p1a: Terrakion|Terrakion|323\/323
|move|p2a: Chansey|Seismic Toss|p1a: Terrakion
|-damage|p1a: Terrakion|223\/323
|
|turn|14
|
|switch|p2a: Alomomola|Alomomola, M|302\/534
|move|p1a: Terrakion|Close Combat|p2a: Alomomola
|-damage|p2a: Alomomola|110\/534
|-unboost|p1a: Terrakion|def|1
|-unboost|p1a: Terrakion|spd|1
|
|-heal|p2a: Alomomola|143\/534|[from] item: Leftovers
|turn|15
|
|switch|p1a: Landorus-Therian|Landorus-Therian, M|49\/381
|-ability|p1a: Landorus-Therian|Intimidate|[of] p2a: Alomomola
|-unboost|p2a: Alomomola|atk|1
|switch|p2a: Clefable|Clefable, M|328\/394
|
|-heal|p2a: Clefable|352\/394|[from] item: Leftovers
|turn|16
|
|move|p1a: Landorus-Therian|Stealth Rock|p2a: Clefable
|-sidestart|p2: Mahadeva|move: Stealth Rock
|move|p2a: Clefable|Moonblast|p1a: Landorus-Therian
|-damage|p1a: Landorus-Therian|0 fnt
|faint|p1a: Landorus-Therian
|
|-heal|p2a: Clefable|376\/394|[from] item: Leftovers
|
|switch|p1a: Scizor|Scizor, F|23\/343
|turn|17
|
|move|p1a: Scizor|U-turn|p2a: Clefable
|-resisted|p2a: Clefable
|-damage|p2a: Clefable|287\/394
|
|switch|p1a: Raikou|Raikou|321\/321
|-ability|p1a: Raikou|Pressure
|move|p2a: Clefable|Moonblast|p1a: Raikou
|-damage|p1a: Raikou|248\/321
|
|-heal|p2a: Clefable|311\/394|[from] item: Leftovers
|turn|18
|
|move|p1a: Raikou|Thunderbolt|p2a: Clefable
|-damage|p2a: Clefable|142\/394
|move|p2a: Clefable|Calm Mind|p2a: Clefable
|-boost|p2a: Clefable|spa|1
|-boost|p2a: Clefable|spd|1
|
|-heal|p2a: Clefable|166\/394|[from] item: Leftovers
|turn|19
|
|move|p1a: Raikou|Volt Switch|p2a: Clefable
|-damage|p2a: Clefable|90\/394
|
|switch|p1a: Scizor|Scizor, F|23\/343
|move|p2a: Clefable|Moonlight|p2a: Clefable
|-heal|p2a: Clefable|287\/394
|
|-heal|p2a: Clefable|311\/394|[from] item: Leftovers
|turn|20
|
|switch|p2a: Skarmory|Skarmory, M|334\/334
|-damage|p2a: Skarmory|293\/334|[from] Stealth Rock
|move|p1a: Scizor|Bullet Punch|p2a: Skarmory
|-resisted|p2a: Skarmory
|-damage|p2a: Skarmory|243\/334
|
|turn|21
|
|switch|p1a: Raikou|Raikou|248\/321
|-ability|p1a: Raikou|Pressure
|move|p2a: Skarmory|Defog|p1a: Raikou
|-unboost|p1a: Raikou|evasion|1
|-sideend|p2: Mahadeva|Stealth Rock|[from] move: Defog|[of] p2a: Skarmory
|
|turn|22
|
|switch|p2a: Chansey|Chansey, F|509\/641
|move|p1a: Raikou|Volt Switch|p2a: Chansey
|-damage|p2a: Chansey|451\/641
|
|switch|p1a: Terrakion|Terrakion|223\/323
|
|turn|23
|
|switch|p2a: Alomomola|Alomomola, M|321\/534
|move|p1a: Terrakion|Close Combat|p2a: Alomomola
|-damage|p2a: Alomomola|138\/534
|-unboost|p1a: Terrakion|def|1
|-unboost|p1a: Terrakion|spd|1
|
|-heal|p2a: Alomomola|171\/534|[from] item: Leftovers
|turn|24
|
|move|p2a: Alomomola|Protect|p2a: Alomomola
|-singleturn|p2a: Alomomola|Protect
|move|p1a: Terrakion|Close Combat|p2a: Alomomola
|-activate|p2a: Alomomola|Protect
|
|-heal|p2a: Alomomola|204\/534|[from] item: Leftovers
|turn|25
|
|switch|p1a: Raikou|Raikou|248\/321
|-ability|p1a: Raikou|Pressure
|move|p2a: Alomomola|Wish|p2a: Alomomola
|
|-heal|p2a: Alomomola|237\/534|[from] item: Leftovers
|turn|26
|
|move|p2a: Alomomola|Protect|p2a: Alomomola
|-singleturn|p2a: Alomomola|Protect
|move|p1a: Raikou|Volt Switch|p2a: Alomomola
|-activate|p2a: Alomomola|Protect
|
|-heal|p2a: Alomomola|504\/534|[from] move: Wish|[wisher] Alomomola
|-heal|p2a: Alomomola|534\/534|[from] item: Leftovers
|turn|27
|
|switch|p2a: Chansey|Chansey, F|451\/641
|move|p1a: Raikou|Volt Switch|p2a: Chansey
|-damage|p2a: Chansey|397\/641
|
|switch|p1a: Scizor|Scizor, F|23\/343
|
|turn|28
|
|switch|p2a: Skarmory|Skarmory, M|243\/334
|move|p1a: Scizor|U-turn|p2a: Skarmory
|-resisted|p2a: Skarmory
|-damage|p2a: Skarmory|215\/334
|
|switch|p1a: Raikou|Raikou|248\/321
|-ability|p1a: Raikou|Pressure
|
|turn|29
|
|switch|p2a: Chansey|Chansey, F|397\/641
|move|p1a: Raikou|Volt Switch|p2a: Chansey
|-damage|p2a: Chansey|336\/641
|
|switch|p1a: Scizor|Scizor, F|23\/343
|
|turn|30
|
|switch|p2a: Skarmory|Skarmory, M|215\/334
|move|p1a: Scizor|Superpower|p2a: Skarmory
|-damage|p2a: Skarmory|85\/334
|-unboost|p1a: Scizor|atk|1
|-unboost|p1a: Scizor|def|1
|
|turn|31
|
|switch|p1a: Raikou|Raikou|248\/321
|-ability|p1a: Raikou|Pressure
|move|p2a: Skarmory|Roost|p2a: Skarmory
|-heal|p2a: Skarmory|252\/334
|
|turn|32
|
|switch|p2a: Chansey|Chansey, F|336\/641
|move|p1a: Raikou|Volt Switch|p2a: Chansey
|-crit|p2a: Chansey
|-damage|p2a: Chansey|252\/641
|
|switch|p1a: Scizor|Scizor, F|23\/343
|
|turn|33
|
|move|p1a: Scizor|Pursuit|p2a: Chansey|[from]Pursuit
|-damage|p2a: Chansey|45\/641
|switch|p2a: Skarmory|Skarmory, M|252\/334
|
|turn|34
|
|switch|p1a: Raikou|Raikou|248\/321
|-ability|p1a: Raikou|Pressure
|move|p2a: Skarmory|Brave Bird|p1a: Raikou
|-resisted|p1a: Raikou
|-damage|p1a: Raikou|177\/321
|-damage|p2a: Skarmory|229\/334|[from] recoil|[of] p1a: Raikou
|
|turn|35
|
|move|p1a: Raikou|Thunderbolt|p2a: Skarmory
|-supereffective|p2a: Skarmory
|-damage|p2a: Skarmory|0 fnt
|faint|p2a: Skarmory
|
|
|switch|p2a: Chansey|Chansey, F|45\/641
|turn|36
|
|move|p1a: Raikou|Thunderbolt|p2a: Chansey
|-damage|p2a: Chansey|0 fnt
|faint|p2a: Chansey
|
|
|switch|p2a: Medicham|Medicham-Mega, M|218\/261
|turn|37
|
|switch|p1a: Terrakion|Terrakion|223\/323
|move|p2a: Medicham|Psycho Cut|p1a: Terrakion
|-supereffective|p1a: Terrakion
|-damage|p1a: Terrakion|0 fnt
|faint|p1a: Terrakion
|
|
|switch|p1a: Scizor|Scizor, F|23\/343
|turn|38
|
|move|p2a: Medicham|Fire Punch|p1a: Scizor
|-supereffective|p1a: Scizor
|-damage|p1a: Scizor|0 fnt
|faint|p1a: Scizor
|
|
|switch|p1a: Latios|Latios, M|206\/301
|turn|39
|
|switch|p2a: Alomomola|Alomomola, M|534\/534
|move|p1a: Latios|Psyshock|p2a: Alomomola
|-crit|p2a: Alomomola
|-damage|p2a: Alomomola|296\/534
|-damage|p1a: Latios|176\/301|[from] item: Life Orb
|
|-heal|p2a: Alomomola|329\/534|[from] item: Leftovers
|turn|40
|
|switch|p2a: Clefable|Clefable, M|311\/394
|move|p1a: Latios|Draco Meteor|p2a: Clefable
|-immune|p2a: Clefable|[msg]
|
|-heal|p2a: Clefable|335\/394|[from] item: Leftovers
|turn|41
|
|move|p1a: Latios|Psyshock|p2a: Clefable
|-damage|p2a: Clefable|160\/394
|-damage|p1a: Latios|146\/301|[from] item: Life Orb
|move|p2a: Clefable|Calm Mind|p2a: Clefable
|-boost|p2a: Clefable|spa|1
|-boost|p2a: Clefable|spd|1
|
|-heal|p2a: Clefable|184\/394|[from] item: Leftovers
|turn|42
|
|move|p1a: Latios|Psyshock|p2a: Clefable
|-damage|p2a: Clefable|19\/394
|-damage|p1a: Latios|116\/301|[from] item: Life Orb
|move|p2a: Clefable|Moonlight|p2a: Clefable
|-heal|p2a: Clefable|216\/394
|
|-heal|p2a: Clefable|240\/394|[from] item: Leftovers
|turn|43
|
|move|p1a: Latios|Psyshock|p2a: Clefable
|-crit|p2a: Clefable
|-damage|p2a: Clefable|16\/394
|-damage|p1a: Latios|86\/301|[from] item: Life Orb
|move|p2a: Clefable|Moonlight|p2a: Clefable
|-heal|p2a: Clefable|213\/394
|
|-heal|p2a: Clefable|237\/394|[from] item: Leftovers
|turn|44
|
|move|p1a: Latios|Psyshock|p2a: Clefable
|-damage|p2a: Clefable|80\/394
|-damage|p1a: Latios|56\/301|[from] item: Life Orb
|move|p2a: Clefable|Moonlight|p2a: Clefable
|-heal|p2a: Clefable|277\/394
|
|-heal|p2a: Clefable|301\/394|[from] item: Leftovers
|turn|45
|
|move|p1a: Latios|Psyshock|p2a: Clefable
|-damage|p2a: Clefable|133\/394
|-damage|p1a: Latios|26\/301|[from] item: Life Orb
|move|p2a: Clefable|Moonlight|p2a: Clefable
|-heal|p2a: Clefable|330\/394
|
|-heal|p2a: Clefable|354\/394|[from] item: Leftovers
|turn|46
|
|move|p1a: Latios|Psyshock|p2a: Clefable
|-damage|p2a: Clefable|177\/394
|-damage|p1a: Latios|0 fnt|[from] item: Life Orb
|faint|p1a: Latios
|move|p2a: Clefable|Moonlight|p2a: Clefable
|-heal|p2a: Clefable|374\/394
|
|-heal|p2a: Clefable|394\/394|[from] item: Leftovers
|
|switch|p1a: Raikou|Raikou|177\/321
|-ability|p1a: Raikou|Pressure
|turn|47
|
|move|p1a: Raikou|Thunderbolt|p2a: Clefable
|-damage|p2a: Clefable|286\/394
|move|p2a: Clefable|Moonblast|p1a: Raikou
|-damage|p1a: Raikou|81\/321
|-unboost|p1a: Raikou|spa|1
|
|-heal|p2a: Clefable|310\/394|[from] item: Leftovers
|turn|48
|
|move|p1a: Raikou|Thunderbolt|p2a: Clefable
|-damage|p2a: Clefable|204\/394
|move|p2a: Clefable|Moonblast|p1a: Raikou
|-damage|p1a: Raikou|0 fnt
|faint|p1a: Raikou
|
|win|Mahadeva
|raw|Ladder updating...
|raw|Messuduppotatoasia's rating: 1435 &rarr; <strong>1410<\/strong><br \/>(-25 for losing)
|raw|Mahadeva's rating: 1349 &rarr; <strong>1374<\/strong><br \/>(+25 for winning)
|chat|Mahadeva|gg
|leave|Messuduppotatoasia
|player|p1