|join|Messuduppotatoasia
|join|Emblema de Fuego
|player|p1|Messuduppotatoasia|142
|player|p2|Emblema de Fuego|28
|gametype|singles
|gen|6
|tier|OU (suspect test)
|rated
|clearpoke
|poke|p1|Landorus-Therian, M
|poke|p1|Heracross, M
|poke|p1|Raikou
|poke|p1|Scizor, F
|poke|p1|Latios, M
|poke|p1|Terrakion
|poke|p2|Klefki, M
|poke|p2|Talonflame, F, shiny
|poke|p2|Gyarados, M
|poke|p2|Scolipede, F
|poke|p2|Espeon, M
|poke|p2|Breloom, M
|rule|Swagger Clause: Swagger is banned
|rule|Baton Pass Clause: Limit one PokÃ©mon knowing Baton Pass
|rule|Sleep Clause Mod: Limit one foe put to sleep
|rule|Species Clause: Limit one of each PokÃ©mon
|rule|OHKO Clause: OHKO moves are banned
|rule|Moody Clause: Moody is banned
|rule|Evasion Moves Clause: Evasion moves are banned
|rule|Endless Battle Clause: Forcing endless battles is banned
|rule|HP Percentage Mod: HP is reported as percentages
|teampreview
|
|start
|switch|p1a: Raikou|Raikou|321\/321
|switch|p2a: Bronz|Klefki, M|318\/318
|-ability|p1a: Raikou|Pressure
|turn|1
|
|move|p2a: Bronz|Light Screen|p2a: Bronz
|-sidestart|p2: Emblema de Fuego|move: Light Screen
|move|p1a: Raikou|Volt Switch|p2a: Bronz
|-damage|p2a: Bronz|264\/318
|-enditem|p2a: Bronz|Eject Button
|join|Dr. Hertz
|
|switch|p2a: Escupidera|Scolipede, F|323\/323
|
|turn|2
|
|switch|p1a: Isai|Heracross, M|308\/308
|move|p2a: Escupidera|Iron Defense|p2a: Escupidera
|-boost|p2a: Escupidera|def|2
|
|-boost|p2a: Escupidera|spe|1|[from] ability: Speed Boost
|turn|3
|
|detailschange|p1a: Isai|Heracross-Mega, M
|message|Heracross has Mega Evolved into Mega Heracross!
|move|p2a: Escupidera|Baton Pass|p2a: Escupidera
|
|switch|p2a: Culero|Breloom, M|286\/286
|move|p1a: Isai|Rock Blast|p2a: Culero
|-resisted|p2a: Culero
|-damage|p2a: Culero|274\/286
|-resisted|p2a: Culero
|-damage|p2a: Culero|262\/286
|-resisted|p2a: Culero
|-damage|p2a: Culero|249\/286
|-resisted|p2a: Culero
|-damage|p2a: Culero|238\/286
|-resisted|p2a: Culero
|-damage|p2a: Culero|226\/286
|-hitcount|p2a: Culero|5
|
|-status|p2a: Culero|tox|[from] item: Toxic Orb
|turn|4
|
|switch|p1a: Landorus-Therian|Landorus-Therian, M|381\/381
|-ability|p1a: Landorus-Therian|Intimidate|[of] p2a: Culero
|-unboost|p2a: Culero|atk|1
|move|p2a: Culero|Spore|p1a: Landorus-Therian
|-status|p1a: Landorus-Therian|slp
|
|-heal|p2a: Culero|261\/286 tox|[from] ability: Poison Heal
|turn|5
|
|switch|p2a: Escupidera|Scolipede, F|323\/323
|switch|p1a: Raikou|Raikou|321\/321
|-ability|p1a: Raikou|Pressure
|
|-sideend|p2: Emblema de Fuego|move: Light Screen
|turn|6
|
|move|p2a: Escupidera|Protect|p2a: Escupidera
|-singleturn|p2a: Escupidera|Protect
|move|p1a: Raikou|Extrasensory|p2a: Escupidera
|-activate|p2a: Escupidera|Protect
|
|-boost|p2a: Escupidera|spe|1|[from] ability: Speed Boost
|turn|7
|
|move|p2a: Escupidera|Baton Pass|p2a: Escupidera
|
|switch|p2a: Shix|Espeon, M|334\/334
|move|p1a: Raikou|Extrasensory|p2a: Shix
|-resisted|p2a: Shix
|-damage|p2a: Shix|297\/334
|
|-heal|p2a: Shix|317\/334|[from] item: Leftovers
|turn|8
|
|move|p2a: Shix|Calm Mind|p2a: Shix
|-boost|p2a: Shix|spa|1
|-boost|p2a: Shix|spd|1
|move|p1a: Raikou|Volt Switch|p2a: Shix
|-damage|p2a: Shix|256\/334
|
|switch|p1a: Scizor|Scizor, F|343\/343
|
|-heal|p2a: Shix|276\/334|[from] item: Leftovers
|turn|9
|
|switch|p2a: Escupidera|Scolipede, F|323\/323
|move|p1a: Scizor|U-turn|p2a: Escupidera
|-resisted|p2a: Escupidera
|-damage|p2a: Escupidera|227\/323
|
|switch|p1a: Raikou|Raikou|321\/321
|-ability|p1a: Raikou|Pressure
|
|turn|10
|
|move|p2a: Escupidera|Protect|p2a: Escupidera
|-singleturn|p2a: Escupidera|Protect
|move|p1a: Raikou|Extrasensory|p2a: Escupidera
|-activate|p2a: Escupidera|Protect
|
|-boost|p2a: Escupidera|spe|1|[from] ability: Speed Boost
|turn|11
|
|move|p2a: Escupidera|Baton Pass|p2a: Escupidera
|
|switch|p2a: Bronz|Klefki, M|264\/318
|move|p1a: Raikou|Extrasensory|p2a: Bronz
|-resisted|p2a: Bronz
|-damage|p2a: Bronz|221\/318
|
|turn|12
|
|move|p2a: Bronz|Toxic|p1a: Raikou
|-status|p1a: Raikou|tox
|move|p1a: Raikou|Thunderbolt|p2a: Bronz
|-damage|p2a: Bronz|79\/318
|
|-damage|p1a: Raikou|301\/321 tox|[from] psn
|turn|13
|
|move|p2a: Bronz|Light Screen|p2a: Bronz
|-sidestart|p2: Emblema de Fuego|move: Light Screen
|move|p1a: Raikou|Volt Switch|p2a: Bronz
|-damage|p2a: Bronz|19\/318
|
|switch|p1a: Scizor|Scizor, F|343\/343
|
|turn|14
|
|move|p2a: Bronz|Reflect|p2a: Bronz
|-sidestart|p2: Emblema de Fuego|Reflect
|move|p1a: Scizor|Bullet Punch|p2a: Bronz
|-damage|p2a: Bronz|0 fnt
|faint|p2a: Bronz
|
|
|switch|p2a: 5|Talonflame, F, shiny|319\/319
|turn|15
|
|switch|p1a: Landorus-Therian|Landorus-Therian, M|381\/381 slp
|-ability|p1a: Landorus-Therian|Intimidate|[of] p2a: 5
|-unboost|p2a: 5|atk|1
|move|p2a: 5|Bulk Up|p2a: 5
|-boost|p2a: 5|atk|1
|-boost|p2a: 5|def|1
|
|turn|16
|
|switch|p1a: Raikou|Raikou|301\/321 tox
|-ability|p1a: Raikou|Pressure
|move|p2a: 5|Bulk Up|p2a: 5
|-boost|p2a: 5|atk|1
|-boost|p2a: 5|def|1
|
|-damage|p1a: Raikou|281\/321 tox|[from] psn
|turn|17
|
|move|p2a: 5|Flare Blitz|p1a: Raikou
|-damage|p1a: Raikou|5\/321 tox
|-damage|p2a: 5|228\/319|[from] recoil|[of] p1a: Raikou
|move|p1a: Raikou|Volt Switch|p2a: 5
|-supereffective|p2a: 5
|-damage|p2a: 5|68\/319
|
|switch|p1a: Terrakion|Terrakion|323\/323
|
|-sideend|p2: Emblema de Fuego|move: Light Screen
|turn|18
|
|move|p2a: 5|Brave Bird|p1a: Terrakion
|-damage|p1a: Terrakion|0 fnt
|-damage|p2a: 5|0 fnt|[from] recoil|[of] p1a: Terrakion
|faint|p1a: Terrakion
|faint|p2a: 5
|
|-sideend|p2: Emblema de Fuego|Reflect
|
|switch|p1a: Raikou|Raikou|5\/321 tox
|switch|p2a: Escupidera|Scolipede, F|227\/323
|-ability|p1a: Raikou|Pressure
|turn|19
|
|switch|p1a: Isai|Heracross-Mega, M|308\/308
|move|p2a: Escupidera|Protect|p2a: Escupidera
|-fail|p2a: Escupidera
|
|-boost|p2a: Escupidera|spe|1|[from] ability: Speed Boost
|turn|20
|
|move|p2a: Escupidera|Iron Defense|p2a: Escupidera
|-boost|p2a: Escupidera|def|2
|move|p1a: Isai|Rock Blast|p2a: Escupidera
|-crit|p2a: Escupidera
|-supereffective|p2a: Escupidera
|-damage|p2a: Escupidera|107\/323
|-supereffective|p2a: Escupidera
|-damage|p2a: Escupidera|63\/323
|-supereffective|p2a: Escupidera
|-damage|p2a: Escupidera|19\/323
|-supereffective|p2a: Escupidera
|-damage|p2a: Escupidera|0 fnt
|-hitcount|p2a: Escupidera|4
|faint|p2a: Escupidera
|
|
|switch|p2a: Gyarados|Gyarados, M|331\/331
|-ability|p2a: Gyarados|Intimidate|[of] p1a: Isai
|-unboost|p1a: Isai|atk|1
|turn|21
|chat|Emblema de Fuego|fucking Raikou
|
|switch|p2a: Shix|Espeon, M|276\/334
|move|p1a: Isai|Rock Blast|p2a: Shix
|-crit|p2a: Shix
|-damage|p2a: Shix|184\/334
|-damage|p2a: Shix|147\/334
|-damage|p2a: Shix|106\/334
|-damage|p2a: Shix|67\/334
|-damage|p2a: Shix|24\/334
|-hitcount|p2a: Shix|5
|
|-heal|p2a: Shix|44\/334|[from] item: Leftovers
|turn|22
|
|switch|p1a: Scizor|Scizor, F|343\/343
|move|p2a: Shix|Stored Power|p1a: Scizor
|-resisted|p1a: Scizor
|-damage|p1a: Scizor|324\/343
|
|-heal|p2a: Shix|64\/334|[from] item: Leftovers
|turn|23
|
|move|p2a: Shix|Morning Sun|p2a: Shix
|-heal|p2a: Shix|231\/334
|move|p1a: Scizor|U-turn|p2a: Shix
|-supereffective|p2a: Shix
|-damage|p2a: Shix|0 fnt
|faint|p2a: Shix
|
|switch|p1a: Latios|Latios, M|301\/301
|
|
|switch|p2a: Gyarados|Gyarados, M|331\/331
|-ability|p2a: Gyarados|Intimidate|[of] p1a: Latios
|-unboost|p1a: Latios|atk|1
|turn|24
|
|switch|p2a: Culero|Breloom, M|261\/286 tox
|move|p1a: Latios|Draco Meteor|p2a: Culero
|-damage|p2a: Culero|0 fnt
|-unboost|p1a: Latios|spa|2
|-damage|p1a: Latios|271\/301|[from] item: Life Orb
|faint|p2a: Culero
|
|
|switch|p2a: Gyarados|Gyarados, M|331\/331
|-ability|p2a: Gyarados|Intimidate|[of] p1a: Latios
|-unboost|p1a: Latios|atk|1
|turn|25
|
|switch|p1a: Isai|Heracross-Mega, M|308\/308
|move|p2a: Gyarados|Dragon Dance|p2a: Gyarados
|-boost|p2a: Gyarados|atk|1
|-boost|p2a: Gyarados|spe|1
|
|turn|26
|
|detailschange|p2a: Gyarados|Gyarados-Mega, M
|message|Gyarados has Mega Evolved into Mega Gyarados!
|-ability|p2a: Gyarados|Mold Breaker
|move|p2a: Gyarados|Waterfall|p1a: Isai
|-damage|p1a: Isai|82\/308
|cant|p1a: Isai|flinch
|
|turn|27
|
|switch|p1a: Landorus-Therian|Landorus-Therian, M|381\/381 slp
|-ability|p1a: Landorus-Therian|Intimidate|[of] p2a: Gyarados
|-unboost|p2a: Gyarados|atk|1
|move|p2a: Gyarados|Waterfall|p1a: Landorus-Therian
|-supereffective|p1a: Landorus-Therian
|-damage|p1a: Landorus-Therian|151\/381 slp
|-damage|p2a: Gyarados|276\/331|[from] item: Rocky Helmet|[of] p1a: Landorus-Therian
|
|turn|28
|
|switch|p1a: Scizor|Scizor, F|324\/343
|move|p2a: Gyarados|Dragon Dance|p2a: Gyarados
|-boost|p2a: Gyarados|atk|1
|-boost|p2a: Gyarados|spe|1
|
|turn|29
|
|switch|p1a: Landorus-Therian|Landorus-Therian, M|151\/381 slp
|-ability|p1a: Landorus-Therian|Intimidate|[of] p2a: Gyarados
|-unboost|p2a: Gyarados|atk|1
|move|p2a: Gyarados|Substitute|p2a: Gyarados
|-start|p2a: Gyarados|Substitute
|-damage|p2a: Gyarados|194\/331
|
|turn|30
|
|switch|p1a: Scizor|Scizor, F|324\/343
|move|p2a: Gyarados|Waterfall|p1a: Scizor
|-damage|p1a: Scizor|155\/343
|
|turn|31
|
|move|p1a: Scizor|Bullet Punch|p2a: Gyarados
|-resisted|p2a: Gyarados
|-end|p2a: Gyarados|Substitute
|move|p2a: Gyarados|Waterfall|p1a: Scizor
|-damage|p1a: Scizor|0 fnt
|faint|p1a: Scizor
|
|
|switch|p1a: Isai|Heracross-Mega, M|82\/308
|turn|32
|
|switch|p1a: Landorus-Therian|Landorus-Therian, M|151\/381 slp
|-ability|p1a: Landorus-Therian|Intimidate|[of] p2a: Gyarados
|-unboost|p2a: Gyarados|atk|1
|move|p2a: Gyarados|Waterfall|p1a: Landorus-Therian
|-supereffective|p1a: Landorus-Therian
|-damage|p1a: Landorus-Therian|0 fnt
|-damage|p2a: Gyarados|139\/331|[from] item: Rocky Helmet|[of] p1a: Landorus-Therian
|faint|p1a: Landorus-Therian
|
|
|switch|p1a: Latios|Latios, M|271\/301
|turn|33
|
|move|p2a: Gyarados|Earthquake|p1a: Latios
|-crit|p1a: Latios
|-damage|p1a: Latios|0 fnt
|faint|p1a: Latios
|
|chat|Emblema de Fuego|lol
|chat|Messuduppotatoasia|:(
|chat|Messuduppotatoasia|so
|chat|Messuduppotatoasia|flinch
|chat|Emblema de Fuego|your hax to
|chat|Messuduppotatoasia|and crit
|chat|Emblema de Fuego|whit Raikou
|
|switch|p1a: Isai|Heracross-Mega, M|82\/308
|turn|34
|chat|Emblema de Fuego|survive for minimal
|chat|Emblema de Fuego|sorry
|chat|Emblema de Fuego|is true
|chat|Emblema de Fuego|i won for hax
|chat|Messuduppotatoasia|where
|chat|Messuduppotatoasia|is the Raikou hax?
|
|move|p2a: Gyarados|Waterfall|p1a: Isai
|-damage|p1a: Isai|0 fnt
|faint|p1a: Isai
|
|
|switch|p1a: Raikou|Raikou|5\/321 tox
|-ability|p1a: Raikou|Pressure
|turn|35
|chat|Emblema de Fuego|i hi whit minimal damage whit flare blits+1
|chat|Messuduppotatoasia|alright
|chat|Messuduppotatoasia|I guess
|chat|Messuduppotatoasia|:\/
|chat|Emblema de Fuego|but i
|chat|Emblema de Fuego|haxer very much
|chat|Emblema de Fuego|good combinations
|
|move|p2a: Gyarados|Waterfall|p1a: Raikou
|-damage|p1a: Raikou|0 fnt
|faint|p1a: Raikou
|
|win|Emblema de Fuego
|raw|Ladder updating...
|raw|Messuduppotatoasia's rating: 1473 &rarr; <strong>1442<\/strong><br \/>(-31 for losing)
|raw|Emblema de Fuego's rating: 1272 &rarr; <strong>1310<\/strong><br \/>(+38 for winning)
|chat|Messuduppotatoasia|it's whatever
|chat|Emblema de Fuego|yea
|leave|Messuduppotatoasia
|player|p1
|leave|Dr. Hertz