|join|Messuduppotatoasia
|join|Panangga
|player|p1|Messuduppotatoasia|169
|player|p2|Panangga|260
|gametype|singles
|tier|Pokebank OU (beta)
|rated
|rule|Evasion Abilities Clause: Evasion abilities are banned
|clearpoke
|poke|p1|Heatran, M
|poke|p1|Azumarill, M
|poke|p1|Honchkrow, M
|poke|p1|Talonflame, M
|poke|p1|Rotom-Wash
|poke|p1|Dugtrio, F
|poke|p2|Dusclops, F
|poke|p2|Tentacruel, F, shiny
|poke|p2|Zapdos
|poke|p2|Breloom, M
|poke|p2|Aegislash, F
|poke|p2|Absol, M
|rule|Sleep Clause Mod: Limit one foe put to sleep
|rule|Species Clause: Limit one of each Pokemon
|rule|Moody Clause: Moody is banned
|rule|OHKO Clause: OHKO moves are banned
|rule|Evasion Moves Clause: Evasion moves are banned
|rule|HP Percentage Mod: HP is reported as percentages
|teampreview
|callback|decision
|
|start
|switch|p1a: Honchkrow|Honchkrow, M|341\/341
|switch|p2a: Hi|Dusclops, F|284\/284
|-ability|p2a: Hi|Pressure
|turn|1
|callback|decision
|
|switch|p1a: Heatran|Heatran, M|323\/323
|move|p2a: Hi|Will-O-Wisp|p1a: Heatran
|-start|p1a: Heatran|ability: Flash Fire
|
|turn|2
|callback|decision
|
|move|p1a: Heatran|Stealth Rock|p2a: Hi
|-sidestart|p2: Panangga|move: Stealth Rock
|move|p2a: Hi|Seismic Toss|p1a: Heatran
|-damage|p1a: Heatran|223\/323
|
|turn|3
|callback|decision
|
|move|p1a: Heatran|Fire Blast|p2a: Hi
|-damage|p2a: Hi|115\/284
|move|p2a: Hi|Seismic Toss|p1a: Heatran
|-damage|p1a: Heatran|123\/323
|
|turn|4
|callback|decision
|
|move|p1a: Heatran|Fire Blast|p2a: Hi
|-damage|p2a: Hi|0 fnt
|faint|p2a: Hi
|
|callback|decision
|
|switch|p2a: StubbyArms|Breloom, M|323\/323
|-damage|p2a: StubbyArms|303\/323|[from] Stealth Rock
|turn|5
|callback|decision
|
|switch|p1a: Dugtrio|Dugtrio, F|211\/211
|move|p2a: StubbyArms|Mach Punch|p1a: Dugtrio
|-crit|p1a: Dugtrio
|-damage|p1a: Dugtrio|1\/211
|
|-activate|p2a: StubbyArms|item: Toxic Orb
|-status|p2a: StubbyArms|tox
|turn|6
|callback|decision
|
|switch|p1a: Talonflame|Talonflame, M|297\/297
|move|p2a: StubbyArms|Mach Punch|p1a: Talonflame
|-resisted|p1a: Talonflame
|-damage|p1a: Talonflame|246\/297
|
|-heal|p2a: StubbyArms|323\/323 tox|[from] ability: Poison Heal
|turn|7
|callback|decision
|
|switch|p2a: JellyThing|Tentacruel, F, shiny|364\/364
|-damage|p2a: JellyThing|319\/364|[from] Stealth Rock
|move|p1a: Talonflame|Flare Blitz|p2a: JellyThing
|-resisted|p2a: JellyThing
|-damage|p2a: JellyThing|205\/364
|-damage|p1a: Talonflame|208\/297|[from] recoil|[of] p2a: JellyThing
|
|-heal|p2a: JellyThing|227\/364|[from] item: Black Sludge
|turn|8
|callback|decision
|
|move|p1a: Talonflame|Acrobatics|p2a: JellyThing
|-enditem|p1a: Talonflame|Flying Gem|[from] gem|[move] Acrobatics
|-damage|p2a: JellyThing|0 fnt
|faint|p2a: JellyThing
|
|callback|decision
|
|switch|p2a: Absol|Absol, M|272\/272
|-damage|p2a: Absol|238\/272|[from] Stealth Rock
|turn|9
|callback|decision
|
|-formechange|p2a: Absol|Absol-Mega
|message|Absol mega-evolved into Absol-Mega!
|move|p1a: Talonflame|Acrobatics|p2a: Absol
|-damage|p2a: Absol|0 fnt
|faint|p2a: Absol
|
|callback|decision
|
|switch|p2a: LOL Nope|Aegislash, F|324\/324
|-damage|p2a: LOL Nope|304\/324|[from] Stealth Rock
|turn|10
|callback|decision
|
|move|p1a: Talonflame|Flare Blitz|p2a: LOL Nope
|-supereffective|p2a: LOL Nope
|-damage|p2a: LOL Nope|130\/324
|-damage|p1a: Talonflame|151\/297|[from] recoil|[of] p2a: LOL Nope
|-formechange|p2a: LOL Nope|Aegislash-Blade
|move|p2a: LOL Nope|Iron Head|p1a: Talonflame
|-resisted|p1a: Talonflame
|-damage|p1a: Talonflame|64\/297
|
|-heal|p2a: LOL Nope|150\/324|[from] item: Leftovers
|turn|11
|callback|decision
|
|-formechange|p2a: LOL Nope|Aegislash
|move|p2a: LOL Nope|King's Shield|p2a: LOL Nope
|-singleturn|p2a: LOL Nope|King's Shield
|move|p1a: Talonflame|Acrobatics|p2a: LOL Nope
|-activate|p2a: LOL Nope|King's Shield
|-unboost|p1a: Talonflame|atk|2
|
|-heal|p2a: LOL Nope|170\/324|[from] item: Leftovers
|turn|12
|callback|decision
|
|switch|p1a: Dugtrio|Dugtrio, F|1\/211
|-formechange|p2a: LOL Nope|Aegislash-Blade
|move|p2a: LOL Nope|Sacred Sword|p1a: Dugtrio
|-damage|p1a: Dugtrio|0 fnt
|faint|p1a: Dugtrio
|
|-heal|p2a: LOL Nope|190\/324|[from] item: Leftovers
|callback|decision
|
|switch|p1a: Heatran|Heatran, M|123\/323
|turn|13
|callback|decision
|
|-formechange|p2a: LOL Nope|Aegislash
|move|p2a: LOL Nope|King's Shield|p2a: LOL Nope
|-singleturn|p2a: LOL Nope|King's Shield
|move|p1a: Heatran|Fire Blast|p2a: LOL Nope
|-activate|p2a: LOL Nope|King's Shield
|
|-heal|p2a: LOL Nope|210\/324|[from] item: Leftovers
|turn|14
|callback|decision
|
|move|p1a: Heatran|Fire Blast|p2a: LOL Nope|[miss]
|-miss|p1a: Heatran|p2a: LOL Nope
|-formechange|p2a: LOL Nope|Aegislash-Blade
|move|p2a: LOL Nope|Sacred Sword|p1a: Heatran
|-supereffective|p1a: Heatran
|-damage|p1a: Heatran|0 fnt
|faint|p1a: Heatran
|
|-heal|p2a: LOL Nope|230\/324|[from] item: Leftovers
|callback|decision
|
|switch|p1a: Rotom-Wash|Rotom-Wash|299\/299
|turn|15
|callback|decision
|
|switch|p2a: Broom|Zapdos|322\/322
|-damage|p2a: Broom|242\/322|[from] Stealth Rock
|-ability|p2a: Broom|Pressure
|move|p1a: Rotom-Wash|Will-O-Wisp|p2a: Broom
|-status|p2a: Broom|brn
|
|-damage|p2a: Broom|202\/322 brn|[from] brn
|turn|16
|callback|decision
|
|move|p2a: Broom|Thunderbolt|p1a: Rotom-Wash
|-damage|p1a: Rotom-Wash|100\/299
|-damage|p2a: Broom|170\/322 brn|[from] item: Life Orb
|move|p1a: Rotom-Wash|Volt Switch|p2a: Broom
|-crit|p2a: Broom
|-damage|p2a: Broom|2\/322 brn
|callback|decision
|
|switch|p1a: Honchkrow|Honchkrow, M|341\/341
|
|-damage|p2a: Broom|0 fnt|[from] brn
|faint|p2a: Broom
|callback|decision
|
|switch|p2a: LOL Nope|Aegislash, F|230\/324
|-damage|p2a: LOL Nope|210\/324|[from] Stealth Rock
|turn|17
|callback|decision
|
|move|p1a: Honchkrow|Roost|p1a: Honchkrow
|-fail|p1a: Honchkrow
|-formechange|p2a: LOL Nope|Aegislash-Blade
|move|p2a: LOL Nope|Sacred Sword|p1a: Honchkrow
|-damage|p1a: Honchkrow|169\/341
|
|-heal|p2a: LOL Nope|230\/324|[from] item: Leftovers
|turn|18
|callback|decision
|
|-formechange|p2a: LOL Nope|Aegislash
|move|p2a: LOL Nope|King's Shield|p2a: LOL Nope
|-singleturn|p2a: LOL Nope|King's Shield
|move|p1a: Honchkrow|Roost|p1a: Honchkrow
|-heal|p1a: Honchkrow|340\/341
|
|-heal|p2a: LOL Nope|250\/324|[from] item: Leftovers
|turn|19
|callback|decision
|
|move|p1a: Honchkrow|Sucker Punch|p2a: LOL Nope
|-supereffective|p2a: LOL Nope
|-damage|p2a: LOL Nope|52\/324
|-damage|p1a: Honchkrow|306\/341|[from] item: Life Orb
|-formechange|p2a: LOL Nope|Aegislash-Blade
|move|p2a: LOL Nope|Sacred Sword|p1a: Honchkrow
|-damage|p1a: Honchkrow|138\/341
|
|-heal|p2a: LOL Nope|72\/324|[from] item: Leftovers
|turn|20
|callback|decision
|
|-formechange|p2a: LOL Nope|Aegislash
|move|p2a: LOL Nope|King's Shield|p2a: LOL Nope
|-singleturn|p2a: LOL Nope|King's Shield
|move|p1a: Honchkrow|Sucker Punch|p2a: LOL Nope
|-activate|p2a: LOL Nope|King's Shield
|-unboost|p1a: Honchkrow|atk|2
|
|-heal|p2a: LOL Nope|92\/324|[from] item: Leftovers
|turn|21
|callback|decision
|
|switch|p2a: StubbyArms|Breloom, M|323\/323 tox
|-damage|p2a: StubbyArms|303\/323 tox|[from] Stealth Rock
|move|p1a: Honchkrow|Sucker Punch|p2a: StubbyArms
|-fail|p2a: StubbyArms
|
|-heal|p2a: StubbyArms|323\/323 tox|[from] ability: Poison Heal
|turn|22
|callback|decision
|
|move|p1a: Honchkrow|Brave Bird|p2a: StubbyArms
|-supereffective|p2a: StubbyArms
|-damage|p2a: StubbyArms|0 fnt
|-damage|p1a: Honchkrow|31\/341|[from] recoil|[of] p2a: StubbyArms
|-damage|p1a: Honchkrow|0 fnt|[from] item: Life Orb
|faint|p2a: StubbyArms
|faint|p1a: Honchkrow
|
|callback|decision
|
|switch|p1a: Talonflame|Talonflame, M|64\/297
|switch|p2a: LOL Nope|Aegislash, F|92\/324
|-damage|p2a: LOL Nope|72\/324|[from] Stealth Rock
|turn|23
|callback|decision
|
|-formechange|p2a: LOL Nope|Aegislash-Blade
|move|p2a: LOL Nope|Shadow Sneak|p1a: Talonflame
|-damage|p1a: Talonflame|0 fnt
|faint|p1a: Talonflame
|
|-heal|p2a: LOL Nope|92\/324|[from] item: Leftovers
|callback|decision
|
|switch|p1a: Azumarill|Azumarill, M|383\/383
|turn|24
|callback|decision
|
|-formechange|p2a: LOL Nope|Aegislash
|move|p2a: LOL Nope|King's Shield|p2a: LOL Nope
|-singleturn|p2a: LOL Nope|King's Shield
|move|p1a: Azumarill|Waterfall|p2a: LOL Nope
|-activate|p2a: LOL Nope|King's Shield
|-unboost|p1a: Azumarill|atk|2
|
|-heal|p2a: LOL Nope|112\/324|[from] item: Leftovers
|turn|25
|callback|decision
|
|move|p1a: Azumarill|Waterfall|p2a: LOL Nope
|-damage|p2a: LOL Nope|40\/324
|-formechange|p2a: LOL Nope|Aegislash-Blade
|move|p2a: LOL Nope|Iron Head|p1a: Azumarill
|-damage|p1a: Azumarill|230\/383
|
|-heal|p2a: LOL Nope|60\/324|[from] item: Leftovers
|turn|26
|callback|decision
|
|switch|p1a: Rotom-Wash|Rotom-Wash|100\/299
|-formechange|p2a: LOL Nope|Aegislash
|move|p2a: LOL Nope|King's Shield|p2a: LOL Nope
|-fail|p2a: LOL Nope
|
|-heal|p1a: Rotom-Wash|118\/299|[from] item: Leftovers
|-heal|p2a: LOL Nope|80\/324|[from] item: Leftovers
|turn|27
|callback|decision
|
|move|p1a: Rotom-Wash|Will-O-Wisp|p2a: LOL Nope|[miss]
|-miss|p1a: Rotom-Wash|p2a: LOL Nope
|-formechange|p2a: LOL Nope|Aegislash-Blade
|move|p2a: LOL Nope|Sacred Sword|p1a: Rotom-Wash
|-damage|p1a: Rotom-Wash|26\/299
|
|-heal|p1a: Rotom-Wash|44\/299|[from] item: Leftovers
|-heal|p2a: LOL Nope|100\/324|[from] item: Leftovers
|turn|28
|callback|decision
|
|move|p2a: LOL Nope|Shadow Sneak|p1a: Rotom-Wash
|-crit|p1a: Rotom-Wash
|-damage|p1a: Rotom-Wash|0 fnt
|faint|p1a: Rotom-Wash
|
|-heal|p2a: LOL Nope|120\/324|[from] item: Leftovers
|callback|decision
|chat|Messuduppotatoasia|:(
|
|switch|p1a: Azumarill|Azumarill, M|230\/383
|turn|29
|callback|decision
|
|-formechange|p2a: LOL Nope|Aegislash
|move|p2a: LOL Nope|King's Shield|p2a: LOL Nope
|-singleturn|p2a: LOL Nope|King's Shield
|move|p1a: Azumarill|Waterfall|p2a: LOL Nope
|-activate|p2a: LOL Nope|King's Shield
|-unboost|p1a: Azumarill|atk|2
|
|-heal|p2a: LOL Nope|140\/324|[from] item: Leftovers
|turn|30
|callback|decision
|
|move|p1a: Azumarill|Waterfall|p2a: LOL Nope
|-damage|p2a: LOL Nope|65\/324
|-formechange|p2a: LOL Nope|Aegislash-Blade
|move|p2a: LOL Nope|Sacred Sword|p1a: Azumarill
|-resisted|p1a: Azumarill
|-damage|p1a: Azumarill|165\/383
|
|-heal|p2a: LOL Nope|85\/324|[from] item: Leftovers
|turn|31
|callback|decision
|
|-formechange|p2a: LOL Nope|Aegislash
|move|p2a: LOL Nope|King's Shield|p2a: LOL Nope
|-singleturn|p2a: LOL Nope|King's Shield
|move|p1a: Azumarill|Waterfall|p2a: LOL Nope
|-activate|p2a: LOL Nope|King's Shield
|-unboost|p1a: Azumarill|atk|2
|
|-heal|p2a: LOL Nope|105\/324|[from] item: Leftovers
|turn|32
|callback|decision
|
|move|p1a: Azumarill|Waterfall|p2a: LOL Nope
|-damage|p2a: LOL Nope|62\/324
|-formechange|p2a: LOL Nope|Aegislash-Blade
|move|p2a: LOL Nope|Iron Head|p1a: Azumarill
|-damage|p1a: Azumarill|0 fnt
|faint|p1a: Azumarill
|
|win|Panangga
|raw|Ladder updating...
|raw|Messuduppotatoasia's rating: 2033 &rarr; <strong>2012<\/strong><br \/>(-21 for losing)
|raw|Panangga's rating: 1883 &rarr; <strong>1985<\/strong><br \/>(+102 for winning)
|leave|Messuduppotatoasia
|player|p1