|join|impale the impaler
|join|Truballer
|player|p1|impale the impaler|115
|player|p2|Truballer|162
|gametype|singles
|gen|6
|tier|UU
|rated
|rule|Sleep Clause Mod: Limit one foe put to sleep
|rule|Species Clause: Limit one of each PokÃ©mon
|rule|OHKO Clause: OHKO moves are banned
|rule|Moody Clause: Moody is banned
|rule|Evasion Moves Clause: Evasion moves are banned
|rule|Endless Battle Clause: Forcing endless battles is banned
|rule|HP Percentage Mod: HP is shown in percentages
|clearpoke
|poke|p1|Beedrill, F
|poke|p1|Chesnaught, M
|poke|p1|Roserade, M
|poke|p1|Raikou
|poke|p1|Rotom-Heat
|poke|p1|Quagsire, M
|poke|p2|Suicune
|poke|p2|Jirachi
|poke|p2|Zygarde
|poke|p2|Sceptile, F
|poke|p2|Infernape, F
|poke|p2|Hydreigon, M
|rule|Swagger Clause: Swagger is banned
|rule|Baton Pass Clause: Limit one PokÃ©mon knowing Baton Pass
|teampreview
|
|start
|switch|p1a: Transformer|Beedrill, F|271\/271
|switch|p2a: Hydreigon|Hydreigon, M|325\/325
|turn|1
|
|detailschange|p1a: Transformer|Beedrill-Mega, F
|-mega|p1a: Transformer|Beedrill|Beedrillite
|move|p1a: Transformer|Protect|p1a: Transformer
|-singleturn|p1a: Transformer|Protect
|move|p2a: Hydreigon|Draco Meteor|p1a: Transformer
|-activate|p1a: Transformer|Protect
|
|turn|2
|
|switch|p1a: Rotom-Heat|Rotom-Heat|304\/304
|move|p2a: Hydreigon|Draco Meteor|p1a: Rotom-Heat
|-damage|p1a: Rotom-Heat|148\/304
|-unboost|p2a: Hydreigon|spa|2
|
|-heal|p1a: Rotom-Heat|167\/304|[from] item: Leftovers
|turn|3
|
|move|p2a: Hydreigon|Draco Meteor|p1a: Rotom-Heat
|-damage|p1a: Rotom-Heat|86\/304
|-unboost|p2a: Hydreigon|spa|2
|move|p1a: Rotom-Heat|Toxic|p2a: Hydreigon
|-status|p2a: Hydreigon|tox
|
|-heal|p1a: Rotom-Heat|105\/304|[from] item: Leftovers
|-damage|p2a: Hydreigon|305\/325 tox|[from] psn
|turn|4
|
|switch|p2a: Infernape|Infernape, F|293\/293
|move|p1a: Rotom-Heat|Pain Split|p2a: Infernape
|-sethp|p2a: Infernape|199\/293|p1a: Rotom-Heat|199\/304|[from] move: Pain Split
|
|-heal|p1a: Rotom-Heat|218\/304|[from] item: Leftovers
|turn|5
|
|switch|p1a: Swagsire|Quagsire, M|394\/394
|move|p2a: Infernape|Gunk Shot|p1a: Swagsire
|-resisted|p1a: Swagsire
|-damage|p1a: Swagsire|329\/394
|-damage|p2a: Infernape|170\/293|[from] item: Life Orb
|
|-heal|p1a: Swagsire|353\/394|[from] item: Leftovers
|turn|6
|
|switch|p2a: Sceptile|Sceptile, F|281\/281
|move|p1a: Swagsire|Scald|p2a: Sceptile
|-resisted|p2a: Sceptile
|-damage|p2a: Sceptile|244\/281
|
|-heal|p1a: Swagsire|377\/394|[from] item: Leftovers
|turn|7
|
|switch|p1a: Rotom-Heat|Rotom-Heat|218\/304
|detailschange|p2a: Sceptile|Sceptile-Mega, F
|-mega|p2a: Sceptile|Sceptile|Sceptilite
|move|p2a: Sceptile|Substitute|p2a: Sceptile
|-start|p2a: Sceptile|Substitute
|-damage|p2a: Sceptile|174\/281
|
|-heal|p1a: Rotom-Heat|237\/304|[from] item: Leftovers
|turn|8
|
|switch|p1a: Spikey balls|Chesnaught, M|379\/379
|move|p2a: Sceptile|Dragon Pulse|p1a: Spikey balls
|-damage|p1a: Spikey balls|244\/379
|
|turn|9
|
|move|p2a: Sceptile|Dragon Pulse|p1a: Spikey balls
|-damage|p1a: Spikey balls|115\/379
|move|p1a: Spikey balls|Stone Edge|p2a: Sceptile
|-end|p2a: Sceptile|Substitute
|
|turn|10
|
|move|p2a: Sceptile|Dragon Pulse|p1a: Spikey balls
|-damage|p1a: Spikey balls|0 fnt
|faint|p1a: Spikey balls
|
|
|switch|p1a: Roserade|Roserade, M|324\/324
|turn|11
|
|switch|p2a: Jirachi|Jirachi|341\/341
|move|p1a: Roserade|Hidden Power|p2a: Jirachi
|-resisted|p2a: Jirachi
|-damage|p2a: Jirachi|283\/341
|
|turn|12
|
|switch|p1a: Rotom-Heat|Rotom-Heat|237\/304
|move|p2a: Jirachi|Fire Punch|p1a: Rotom-Heat
|-resisted|p1a: Rotom-Heat
|-damage|p1a: Rotom-Heat|204\/304
|
|-heal|p1a: Rotom-Heat|223\/304|[from] item: Leftovers
|turn|13
|
|switch|p2a: Hydreigon|Hydreigon, M|305\/325 tox
|move|p1a: Rotom-Heat|Overheat|p2a: Hydreigon
|-crit|p2a: Hydreigon
|-resisted|p2a: Hydreigon
|-damage|p2a: Hydreigon|178\/325 tox
|-unboost|p1a: Rotom-Heat|spa|2
|
|-heal|p1a: Rotom-Heat|242\/304|[from] item: Leftovers
|-damage|p2a: Hydreigon|158\/325 tox|[from] psn
|turn|14
|
|move|p2a: Hydreigon|U-turn|p1a: Rotom-Heat
|-resisted|p1a: Rotom-Heat
|-damage|p1a: Rotom-Heat|220\/304
|
|switch|p2a: Zygarde|Zygarde|407\/407
|-ability|p2a: Zygarde|Aura Break
|move|p1a: Rotom-Heat|Volt Switch|p2a: Zygarde
|-immune|p2a: Zygarde|[msg]
|
|-heal|p1a: Rotom-Heat|239\/304|[from] item: Leftovers
|turn|15
|
|move|p2a: Zygarde|Substitute|p2a: Zygarde
|-start|p2a: Zygarde|Substitute
|-damage|p2a: Zygarde|306\/407
|move|p1a: Rotom-Heat|Toxic|p2a: Zygarde
|
|-heal|p2a: Zygarde|331\/407|[from] item: Leftovers
|-heal|p1a: Rotom-Heat|258\/304|[from] item: Leftovers
|turn|16
|
|move|p2a: Zygarde|Coil|p2a: Zygarde
|-boost|p2a: Zygarde|atk|1
|-boost|p2a: Zygarde|def|1
|-boost|p2a: Zygarde|accuracy|1
|move|p1a: Rotom-Heat|Overheat|p2a: Zygarde
|-resisted|p2a: Zygarde
|-activate|p2a: Zygarde|Substitute|[damage]
|-unboost|p1a: Rotom-Heat|spa|2
|
|-heal|p2a: Zygarde|356\/407|[from] item: Leftovers
|-heal|p1a: Rotom-Heat|277\/304|[from] item: Leftovers
|turn|17
|
|switch|p1a: Swagsire|Quagsire, M|377\/394
|move|p2a: Zygarde|Coil|p2a: Zygarde
|-boost|p2a: Zygarde|atk|1
|-boost|p2a: Zygarde|def|1
|-boost|p2a: Zygarde|accuracy|1
|
|-heal|p2a: Zygarde|381\/407|[from] item: Leftovers
|-heal|p1a: Swagsire|394\/394|[from] item: Leftovers
|turn|18
|
|move|p2a: Zygarde|Earthquake|p1a: Swagsire
|-damage|p1a: Swagsire|307\/394
|move|p1a: Swagsire|Ice Punch|p2a: Zygarde
|-supereffective|p2a: Zygarde
|-end|p2a: Zygarde|Substitute
|
|-heal|p2a: Zygarde|406\/407|[from] item: Leftovers
|-heal|p1a: Swagsire|331\/394|[from] item: Leftovers
|turn|19
|
|move|p1a: Swagsire|Ice Punch|p2a: Zygarde
|-supereffective|p2a: Zygarde
|-damage|p2a: Zygarde|242\/407
|move|p2a: Zygarde|Dragon Tail|p1a: Swagsire
|-damage|p1a: Swagsire|268\/394
|drag|p1a: Transformer|Beedrill-Mega, F|271\/271
|
|-heal|p2a: Zygarde|267\/407|[from] item: Leftovers
|turn|20
|
|move|p1a: Transformer|U-turn|p2a: Zygarde
|-crit|p2a: Zygarde
|-damage|p2a: Zygarde|49\/407
|
|switch|p1a: Swagsire|Quagsire, M|268\/394
|move|p2a: Zygarde|Earthquake|p1a: Swagsire
|-damage|p1a: Swagsire|181\/394
|
|-heal|p2a: Zygarde|74\/407|[from] item: Leftovers
|-heal|p1a: Swagsire|205\/394|[from] item: Leftovers
|turn|21
|
|switch|p2a: Suicune|Suicune|403\/403
|-ability|p2a: Suicune|Pressure
|move|p1a: Swagsire|Ice Punch|p2a: Suicune
|-resisted|p2a: Suicune
|-damage|p2a: Suicune|387\/403
|-status|p2a: Suicune|frz
|
|-heal|p2a: Suicune|403\/403 frz|[from] item: Leftovers
|-heal|p1a: Swagsire|229\/394|[from] item: Leftovers
|turn|22
|
|switch|p1a: Jazz tail|Raikou|321\/321
|-ability|p1a: Jazz tail|Pressure
|-curestatus|p2a: Suicune|frz
|move|p2a: Suicune|Calm Mind|p2a: Suicune
|-boost|p2a: Suicune|spa|1
|-boost|p2a: Suicune|spd|1
|
|turn|23
|
|switch|p2a: Zygarde|Zygarde|74\/407
|-ability|p2a: Zygarde|Aura Break
|move|p1a: Jazz tail|Volt Switch|p2a: Zygarde
|-immune|p2a: Zygarde|[msg]
|
|-heal|p2a: Zygarde|99\/407|[from] item: Leftovers
|turn|24
|
|switch|p1a: Swagsire|Quagsire, M|229\/394
|move|p2a: Zygarde|Dragon Tail|p1a: Swagsire
|-damage|p1a: Swagsire|175\/394
|drag|p1a: Roserade|Roserade, M|324\/324
|
|-heal|p2a: Zygarde|124\/407|[from] item: Leftovers
|turn|25
|
|switch|p2a: Jirachi|Jirachi|283\/341
|switch|p1a: Swagsire|Quagsire, M|175\/394
|
|-heal|p1a: Swagsire|199\/394|[from] item: Leftovers
|turn|26
|
|move|p2a: Jirachi|Fire Punch|p1a: Swagsire
|-resisted|p1a: Swagsire
|-damage|p1a: Swagsire|170\/394
|-status|p1a: Swagsire|brn
|move|p1a: Swagsire|Recover|p1a: Swagsire
|-heal|p1a: Swagsire|367\/394 brn
|
|-heal|p1a: Swagsire|391\/394 brn|[from] item: Leftovers
|-damage|p1a: Swagsire|342\/394 brn|[from] brn
|turn|27
|
|switch|p2a: Suicune|Suicune|403\/403
|-ability|p2a: Suicune|Pressure
|switch|p1a: Rotom-Heat|Rotom-Heat|277\/304
|
|-heal|p1a: Rotom-Heat|296\/304|[from] item: Leftovers
|turn|28
|
|switch|p2a: Zygarde|Zygarde|124\/407
|-ability|p2a: Zygarde|Aura Break
|move|p1a: Rotom-Heat|Volt Switch|p2a: Zygarde
|-immune|p2a: Zygarde|[msg]
|
|-heal|p2a: Zygarde|149\/407|[from] item: Leftovers
|-heal|p1a: Rotom-Heat|304\/304|[from] item: Leftovers
|turn|29
|
|switch|p2a: Hydreigon|Hydreigon, M|158\/325 tox
|switch|p1a: Swagsire|Quagsire, M|342\/394 brn
|
|-heal|p1a: Swagsire|366\/394 brn|[from] item: Leftovers
|-damage|p2a: Hydreigon|138\/325 tox|[from] psn
|-damage|p1a: Swagsire|317\/394 brn|[from] brn
|turn|30
|
|move|p2a: Hydreigon|Draco Meteor|p1a: Swagsire
|-damage|p1a: Swagsire|0 fnt
|-unboost|p2a: Hydreigon|spa|2
|faint|p1a: Swagsire
|
|-damage|p2a: Hydreigon|98\/325 tox|[from] psn
|
|switch|p1a: Transformer|Beedrill-Mega, F|271\/271
|turn|31
|
|switch|p2a: Suicune|Suicune|403\/403
|-ability|p2a: Suicune|Pressure
|move|p1a: Transformer|U-turn|p2a: Suicune
|-crit|p2a: Suicune
|-damage|p2a: Suicune|231\/403
|
|switch|p1a: Roserade|Roserade, M|324\/324
|
|-heal|p2a: Suicune|256\/403|[from] item: Leftovers
|turn|32
|
|switch|p2a: Jirachi|Jirachi|283\/341
|move|p1a: Roserade|Leaf Storm|p2a: Jirachi
|-resisted|p2a: Jirachi
|-damage|p2a: Jirachi|151\/341
|-unboost|p1a: Roserade|spa|2
|
|turn|33
|
|switch|p1a: Rotom-Heat|Rotom-Heat|304\/304
|move|p2a: Jirachi|U-turn|p1a: Rotom-Heat
|-resisted|p1a: Rotom-Heat
|-damage|p1a: Rotom-Heat|274\/304
|
|switch|p2a: Hydreigon|Hydreigon, M|98\/325 tox
|
|-heal|p1a: Rotom-Heat|293\/304|[from] item: Leftovers
|-damage|p2a: Hydreigon|78\/325 tox|[from] psn
|turn|34
|
|move|p2a: Hydreigon|Draco Meteor|p1a: Rotom-Heat
|-damage|p1a: Rotom-Heat|131\/304
|-unboost|p2a: Hydreigon|spa|2
|move|p1a: Rotom-Heat|Volt Switch|p2a: Hydreigon
|-resisted|p2a: Hydreigon
|-damage|p2a: Hydreigon|30\/325 tox
|
|switch|p1a: Jazz tail|Raikou|321\/321
|-ability|p1a: Jazz tail|Pressure
|
|-damage|p2a: Hydreigon|0 fnt|[from] psn
|faint|p2a: Hydreigon
|
|switch|p2a: Jirachi|Jirachi|151\/341
|turn|35
|
|switch|p2a: Zygarde|Zygarde|149\/407
|-ability|p2a: Zygarde|Aura Break
|move|p1a: Jazz tail|Thunderbolt|p2a: Zygarde
|-immune|p2a: Zygarde|[msg]
|
|-heal|p2a: Zygarde|174\/407|[from] item: Leftovers
|turn|36
|
|switch|p1a: Rotom-Heat|Rotom-Heat|131\/304
|switch|p2a: Infernape|Infernape, F|170\/293
|
|-heal|p1a: Rotom-Heat|150\/304|[from] item: Leftovers
|turn|37
|
|move|p2a: Infernape|Gunk Shot|p1a: Rotom-Heat
|-damage|p1a: Rotom-Heat|0 fnt
|-damage|p2a: Infernape|141\/293|[from] item: Life Orb
|faint|p1a: Rotom-Heat
|
|
|switch|p1a: Transformer|Beedrill-Mega, F|271\/271
|turn|38
|
|move|p1a: Transformer|Drill Run|p2a: Infernape
|-crit|p2a: Infernape
|-supereffective|p2a: Infernape
|-damage|p2a: Infernape|0 fnt
|faint|p2a: Infernape
|
|c|âimpale the impaler|nice match going on
|
|switch|p2a: Suicune|Suicune|256\/403
|-ability|p2a: Suicune|Pressure
|turn|39
|
|move|p1a: Transformer|Poison Jab|p2a: Suicune
|-damage|p2a: Suicune|116\/403
|move|p2a: Suicune|Rest|p2a: Suicune
|-status|p2a: Suicune|slp
|-heal|p2a: Suicune|403\/403 slp|[silent]
|-status|p2a: Suicune|slp|[from] move: Rest
|
|turn|40
|c|âTruballer|Yeah I know! 1st time using Mega Sceptile
|c|âimpale the impaler|its pretty scurry
|
|move|p1a: Transformer|Poison Jab|p2a: Suicune
|-damage|p2a: Suicune|271\/403 slp
|cant|p2a: Suicune|slp
|move|p2a: Suicune|Sleep Talk|p2a: Suicune
|move|p2a: Suicune|Rest|p2a: Suicune|[from]Sleep Talk
|-fail|p2a: Suicune
|
|-heal|p2a: Suicune|296\/403 slp|[from] item: Leftovers
|turn|41
|c|âimpale the impaler|crocune
|c|âimpale the impaler|<.<
|
|switch|p2a: Jirachi|Jirachi|151\/341
|move|p1a: Transformer|U-turn|p2a: Jirachi
|-damage|p2a: Jirachi|0 fnt
|faint|p2a: Jirachi
|c|âTruballer|Nice lol
|
|switch|p1a: Roserade|Roserade, M|324\/324
|
|
|switch|p2a: Zygarde|Zygarde|174\/407
|-ability|p2a: Zygarde|Aura Break
|turn|42
|c|âimpale the impaler|woop
|
|switch|p2a: Sceptile|Sceptile-Mega, F|174\/281
|move|p1a: Roserade|Hidden Power|p2a: Sceptile
|-supereffective|p2a: Sceptile
|-damage|p2a: Sceptile|0 fnt
|faint|p2a: Sceptile
|
|c|âimpale the impaler|makin plays
|
|switch|p2a: Suicune|Suicune|296\/403 slp
|-ability|p2a: Suicune|Pressure
|turn|43
|c|âTruballer|lol
|c|âTruballer|guess this is gg
|
|move|p1a: Roserade|Leaf Storm|p2a: Suicune
|-supereffective|p2a: Suicune
|-damage|p2a: Suicune|0 fnt
|-unboost|p1a: Roserade|spa|2
|faint|p2a: Suicune
|
|c|âimpale the impaler|is zygarde invested in speed
|
|switch|p2a: Zygarde|Zygarde|174\/407
|-ability|p2a: Zygarde|Aura Break
|turn|44
|c|âTruballer|You'll have to find out lol
|c|âimpale the impaler|lol
|
|move|p2a: Zygarde|Substitute|p2a: Zygarde
|-start|p2a: Zygarde|Substitute
|-damage|p2a: Zygarde|73\/407
|move|p1a: Roserade|Hidden Power|p2a: Zygarde
|-supereffective|p2a: Zygarde
|-end|p2a: Zygarde|Substitute
|
|-heal|p2a: Zygarde|98\/407|[from] item: Leftovers
|turn|45
|c|âimpale the impaler|cuz if it was you coulda killed me
|
|move|p2a: Zygarde|Earthquake|p1a: Roserade
|-damage|p1a: Roserade|161\/324
|move|p1a: Roserade|Hidden Power|p2a: Zygarde
|-supereffective|p2a: Zygarde
|-damage|p2a: Zygarde|0 fnt
|faint|p2a: Zygarde
|
|win|impale the impaler
|raw|Ladder updating...
|raw|impale the impaler's rating: 1178 &rarr; <strong>1210<\/strong><br \/>(+32 for winning)
|raw|Truballer's rating: 1270 &rarr; <strong>1239<\/strong><br \/>(-31 for losing)
|c|âimpale the impaler|or not
|c|âimpale the impaler|lol gg
|c|âTruballer|Nah match was yours gg lol
|c|âimpale the impaler|i dunno bruh
|c|âimpale the impaler|you got a scary setup
|c|âTruballer|Thanks, Might have to give mega Beedrill a go
|c|âimpale the impaler|this is my first time using it
|c|âTruballer|What do you think of it?
|c|âimpale the impaler|so its a package ready to go
|c|âimpale the impaler|ive seen people use it and wreck teams sooooo
|c|âimpale the impaler|outspeeds most things that arent scarfed