|join|Truballer
|join|Toono
|player|p1|Truballer|265
|player|p2|Toono|16
|gametype|singles
|gen|6
|tier|UU
|rated
|rule|Sleep Clause Mod: Limit one foe put to sleep
|rule|Species Clause: Limit one of each Pokemon
|rule|OHKO Clause: OHKO moves are banned
|rule|Moody Clause: Moody is banned
|rule|Evasion Moves Clause: Evasion moves are banned
|rule|Endless Battle Clause: Forcing endless battles is banned.
|rule|HP Percentage Mod: HP is reported as percentages
|clearpoke
|poke|p1|Absol, F
|poke|p1|Suicune
|poke|p1|Toxicroak, F
|poke|p1|Donphan, M
|poke|p1|Houndoom, F
|poke|p1|Roserade, M
|poke|p2|Swampert, F
|poke|p2|Flygon, M
|poke|p2|Darumaka, M
|poke|p2|Pumpkaboo-*, M
|poke|p2|Goodra, F, shiny
|poke|p2|Gallade, M
|teampreview
|
|start
|switch|p1a: Roserade|Roserade, M|323\/323
|switch|p2a: Arti|Gallade, M|323\/323
|turn|1
|
|switch|p1a: Suicune|Suicune|403\/403
|-ability|p1a: Suicune|Pressure
|move|p2a: Arti|Bulk Up|p2a: Arti
|-boost|p2a: Arti|atk|1
|-boost|p2a: Arti|def|1
|
|turn|2
|
|move|p1a: Suicune|Scald|p2a: Arti
|-damage|p2a: Arti|253\/323
|move|p2a: Arti|Bulk Up|p2a: Arti
|-boost|p2a: Arti|atk|1
|-boost|p2a: Arti|def|1
|
|turn|3
|
|move|p1a: Suicune|Scald|p2a: Arti
|-damage|p2a: Arti|180\/323
|move|p2a: Arti|Drain Punch|p1a: Suicune
|-damage|p1a: Suicune|238\/403
|-heal|p2a: Arti|288\/323|[from] drain|[of] p1a: Suicune
|
|-heal|p1a: Suicune|263\/403|[from] item: Leftovers
|turn|4
|
|move|p1a: Suicune|Scald|p2a: Arti
|-damage|p2a: Arti|216\/323
|move|p2a: Arti|Drain Punch|p1a: Suicune
|-damage|p1a: Suicune|85\/403
|-heal|p2a: Arti|323\/323|[from] drain|[of] p1a: Suicune
|
|-heal|p1a: Suicune|110\/403|[from] item: Leftovers
|turn|5
|
|move|p1a: Suicune|Scald|p2a: Arti
|-damage|p2a: Arti|259\/323
|move|p2a: Arti|Drain Punch|p1a: Suicune
|-damage|p1a: Suicune|0 fnt
|-heal|p2a: Arti|323\/323|[from] drain|[of] p1a: Suicune
|faint|p1a: Suicune
|
|
|switch|p1a: Absol|Absol, F|271\/271
|turn|6
|
|move|p1a: Absol|Play Rough|p2a: Arti
|-supereffective|p2a: Arti
|-damage|p2a: Arti|155\/323
|move|p2a: Arti|Drain Punch|p1a: Absol
|-supereffective|p1a: Absol
|-damage|p1a: Absol|0 fnt
|-heal|p2a: Arti|323\/323|[from] drain|[of] p1a: Absol
|faint|p1a: Absol
|
|-message|Truballer forfeited.
|
|win|Toono
|raw|Ladder updating...
|leave|Truballer
|player|p1
|raw|Truballer's rating: 1241 &rarr; <strong>1207<\/strong><br \/>(-34 for losing)
|raw|Toono's rating: 1119 &rarr; <strong>1152<\/strong><br \/>(+33 for winning)