|join|Truballer
|join|test choir
|player|p1|Truballer|162
|player|p2|test choir|148
|gametype|singles
|gen|6
|tier|UU
|rated
|rule|Sleep Clause Mod: Limit one foe put to sleep
|rule|Species Clause: Limit one of each PokÃ©mon
|rule|OHKO Clause: OHKO moves are banned
|rule|Moody Clause: Moody is banned
|rule|Evasion Moves Clause: Evasion moves are banned
|rule|Endless Battle Clause: Forcing endless battles is banned
|rule|HP Percentage Mod: HP is shown in percentages
|clearpoke
|poke|p1|Aerodactyl, M
|poke|p1|Roserade, F
|poke|p1|Rotom-Heat
|poke|p1|Machamp, M
|poke|p1|Vaporeon, F
|poke|p1|Donphan, M
|poke|p2|Serperior, F
|poke|p2|Doublade, M
|poke|p2|Krookodile, M
|poke|p2|Entei, shiny
|poke|p2|Slowking, F
|poke|p2|Gligar, F
|rule|Swagger Clause: Swagger is banned
|rule|Baton Pass Clause: Limit one PokÃ©mon knowing Baton Pass
|teampreview
|
|start
|switch|p1a: Machamp|Machamp, M|383\/383
|switch|p2a: Krookodile|Krookodile, M|331\/331
|-ability|p2a: Krookodile|Intimidate|[of] p1a: Machamp
|-unboost|p1a: Machamp|atk|1
|turn|1
|
|switch|p2a: Slowking|Slowking, F|393\/393
|move|p1a: Machamp|Dynamic Punch|p2a: Slowking
|-resisted|p2a: Slowking
|-damage|p2a: Slowking|343\/393
|-start|p2a: Slowking|confusion
|
|-heal|p2a: Slowking|367\/393|[from] item: Leftovers
|turn|2
|
|move|p1a: Machamp|Knock Off|p2a: Slowking
|-crit|p2a: Slowking
|-supereffective|p2a: Slowking
|-damage|p2a: Slowking|23\/393
|-enditem|p2a: Slowking|Leftovers|[from] move: Knock Off|[of] p1a: Machamp
|-activate|p2a: Slowking|confusion
|move|p2a: Slowking|Psyshock|p1a: Machamp
|-supereffective|p1a: Machamp
|-damage|p1a: Machamp|167\/383
|
|turn|3
|
|switch|p2a: Gligar|Gligar, F|333\/333
|move|p1a: Machamp|Bullet Punch|p2a: Gligar
|-damage|p2a: Gligar|311\/333
|
|turn|4
|
|switch|p2a: Krookodile|Krookodile, M|331\/331
|-ability|p2a: Krookodile|Intimidate|[of] p1a: Machamp
|-unboost|p1a: Machamp|atk|1
|move|p1a: Machamp|Ice Punch|p2a: Krookodile
|-supereffective|p2a: Krookodile
|-damage|p2a: Krookodile|209\/331
|
|turn|5
|
|move|p2a: Krookodile|Earthquake|p1a: Machamp
|-damage|p1a: Machamp|0 fnt
|faint|p1a: Machamp
|
|
|switch|p1a: Aerodactyl|Aerodactyl, M|301\/301
|-ability|p1a: Aerodactyl|Pressure
|turn|6
|
|switch|p2a: Doublade|Doublade, M|321\/321
|detailschange|p1a: Aerodactyl|Aerodactyl-Mega, M
|-mega|p1a: Aerodactyl|Aerodactyl|Aerodactylite
|move|p1a: Aerodactyl|Aerial Ace|p2a: Doublade
|-crit|p2a: Doublade
|-resisted|p2a: Doublade
|-damage|p2a: Doublade|261\/321
|
|turn|7
|
|switch|p1a: Rotom-Heat|Rotom-Heat|303\/303
|move|p2a: Doublade|Iron Head|p1a: Rotom-Heat
|-crit|p1a: Rotom-Heat
|-resisted|p1a: Rotom-Heat
|-damage|p1a: Rotom-Heat|269\/303
|
|turn|8
|
|switch|p2a: Entei|Entei, shiny|371\/371
|-ability|p2a: Entei|Pressure
|move|p1a: Rotom-Heat|Overheat|p2a: Entei
|-resisted|p2a: Entei
|-damage|p2a: Entei|221\/371
|-unboost|p1a: Rotom-Heat|spa|2
|
|turn|9
|
|switch|p1a: Vaporeon|Vaporeon, F|463\/463
|move|p2a: Entei|Sacred Fire|p1a: Vaporeon
|-resisted|p1a: Vaporeon
|-damage|p1a: Vaporeon|328\/463
|
|-heal|p1a: Vaporeon|356\/463|[from] item: Leftovers
|turn|10
|
|switch|p2a: Serperior|Serperior, F|291\/291
|move|p1a: Vaporeon|Scald|p2a: Serperior
|-resisted|p2a: Serperior
|-damage|p2a: Serperior|241\/291
|
|-heal|p1a: Vaporeon|384\/463|[from] item: Leftovers
|turn|11
|
|switch|p1a: Roserade|Roserade, F|324\/324
|move|p2a: Serperior|Leaf Storm|p1a: Roserade
|-resisted|p1a: Roserade
|-damage|p1a: Roserade|279\/324
|-boost|p2a: Serperior|spa|2
|
|-heal|p1a: Roserade|299\/324|[from] item: Black Sludge
|turn|12
|
|switch|p2a: Doublade|Doublade, M|261\/321
|move|p1a: Roserade|Sludge Bomb|p2a: Doublade
|-immune|p2a: Doublade|[msg]
|
|-heal|p1a: Roserade|319\/324|[from] item: Black Sludge
|turn|13
|
|move|p1a: Roserade|Sleep Powder|p2a: Doublade
|-status|p2a: Doublade|slp
|cant|p2a: Doublade|slp
|
|-heal|p1a: Roserade|324\/324|[from] item: Black Sludge
|turn|14
|
|switch|p1a: Rotom-Heat|Rotom-Heat|269\/303
|cant|p2a: Doublade|slp
|
|turn|15
|
|switch|p2a: Gligar|Gligar, F|311\/333
|move|p1a: Rotom-Heat|Overheat|p2a: Gligar
|-damage|p2a: Gligar|151\/333
|-unboost|p1a: Rotom-Heat|spa|2
|
|turn|16
|
|switch|p1a: Vaporeon|Vaporeon, F|384\/463
|move|p2a: Gligar|Roost|p2a: Gligar
|-heal|p2a: Gligar|318\/333
|
|-heal|p1a: Vaporeon|412\/463|[from] item: Leftovers
|turn|17
|
|move|p2a: Gligar|U-turn|p1a: Vaporeon
|-damage|p1a: Vaporeon|367\/463
|
|switch|p2a: Slowking|Slowking, F|154\/393
|move|p1a: Vaporeon|Scald|p2a: Slowking
|-resisted|p2a: Slowking
|-damage|p2a: Slowking|106\/393
|-status|p2a: Slowking|brn
|
|-heal|p1a: Vaporeon|395\/463|[from] item: Leftovers
|-damage|p2a: Slowking|57\/393 brn|[from] brn
|turn|18
|
|move|p1a: Vaporeon|Scald|p2a: Slowking
|-resisted|p2a: Slowking
|-damage|p2a: Slowking|11\/393 brn
|move|p2a: Slowking|Slack Off|p2a: Slowking
|-heal|p2a: Slowking|208\/393 brn
|
|-heal|p1a: Vaporeon|423\/463|[from] item: Leftovers
|-damage|p2a: Slowking|159\/393 brn|[from] brn
|turn|19
|
|move|p1a: Vaporeon|Wish|p1a: Vaporeon
|move|p2a: Slowking|Slack Off|p2a: Slowking
|-heal|p2a: Slowking|356\/393 brn
|
|-heal|p1a: Vaporeon|451\/463|[from] item: Leftovers
|-damage|p2a: Slowking|307\/393 brn|[from] brn
|turn|20
|
|move|p1a: Vaporeon|Scald|p2a: Slowking
|-crit|p2a: Slowking
|-resisted|p2a: Slowking
|-damage|p2a: Slowking|230\/393 brn
|move|p2a: Slowking|Scald|p1a: Vaporeon
|-heal|p1a: Vaporeon|463\/463|[from] ability: Water Absorb|[of] p2a: Slowking
|
|-damage|p2a: Slowking|181\/393 brn|[from] brn
|turn|21
|
|switch|p1a: Roserade|Roserade, F|324\/324
|move|p2a: Slowking|Calm Mind|p2a: Slowking
|-boost|p2a: Slowking|spa|1
|-boost|p2a: Slowking|spd|1
|
|-damage|p2a: Slowking|132\/393 brn|[from] brn
|turn|22
|
|switch|p2a: Entei|Entei, shiny|221\/371
|-ability|p2a: Entei|Pressure
|move|p1a: Roserade|Giga Drain|p2a: Entei
|-resisted|p2a: Entei
|-damage|p2a: Entei|149\/371
|
|turn|23
|
|switch|p1a: Vaporeon|Vaporeon, F|463\/463
|move|p2a: Entei|Sacred Fire|p1a: Vaporeon
|-resisted|p1a: Vaporeon
|-damage|p1a: Vaporeon|322\/463
|-status|p1a: Vaporeon|brn
|
|-heal|p1a: Vaporeon|350\/463 brn|[from] item: Leftovers
|-damage|p1a: Vaporeon|293\/463 brn|[from] brn
|turn|24
|
|switch|p2a: Serperior|Serperior, F|241\/291
|switch|p1a: Roserade|Roserade, F|324\/324
|
|turn|25
|
|switch|p2a: Doublade|Doublade, M|261\/321 slp
|move|p1a: Roserade|Sludge Bomb|p2a: Doublade
|-immune|p2a: Doublade|[msg]
|
|turn|26
|
|switch|p1a: Rotom-Heat|Rotom-Heat|269\/303
|cant|p2a: Doublade|slp
|
|turn|27
|
|switch|p2a: Gligar|Gligar, F|318\/333
|move|p1a: Rotom-Heat|Trick|p2a: Gligar
|-activate|p1a: Rotom-Heat|move: Trick|[of] p2a: Gligar
|-item|p2a: Gligar|Choice Specs|[from] move: Trick
|-item|p1a: Rotom-Heat|Eviolite|[from] move: Trick
|
|turn|28
|
|move|p2a: Gligar|U-turn|p1a: Rotom-Heat
|-resisted|p1a: Rotom-Heat
|-damage|p1a: Rotom-Heat|252\/303
|
|switch|p2a: Slowking|Slowking, F|263\/393 brn
|move|p1a: Rotom-Heat|Will-O-Wisp|p2a: Slowking
|-fail|p2a: Slowking|brn
|
|-damage|p2a: Slowking|214\/393 brn|[from] brn
|turn|29
|
|switch|p2a: Krookodile|Krookodile, M|209\/331
|-ability|p2a: Krookodile|Intimidate|[of] p1a: Rotom-Heat
|-unboost|p1a: Rotom-Heat|atk|1
|move|p1a: Rotom-Heat|Volt Switch|p2a: Krookodile
|-immune|p2a: Krookodile|[msg]
|
|turn|30
|
|move|p2a: Krookodile|Knock Off|p1a: Rotom-Heat
|-damage|p1a: Rotom-Heat|125\/303
|-enditem|p1a: Rotom-Heat|Eviolite|[from] move: Knock Off|[of] p2a: Krookodile
|move|p1a: Rotom-Heat|Overheat|p2a: Krookodile
|-damage|p2a: Krookodile|0 fnt
|-unboost|p1a: Rotom-Heat|spa|2
|faint|p2a: Krookodile
|
|
|switch|p2a: Entei|Entei, shiny|149\/371
|-ability|p2a: Entei|Pressure
|turn|31
|
|switch|p1a: Vaporeon|Vaporeon, F|293\/463 brn
|move|p2a: Entei|Sacred Fire|p1a: Vaporeon
|-resisted|p1a: Vaporeon
|-damage|p1a: Vaporeon|159\/463 brn
|
|-heal|p1a: Vaporeon|187\/463 brn|[from] item: Leftovers
|-damage|p1a: Vaporeon|130\/463 brn|[from] brn
|turn|32
|
|move|p2a: Entei|Sacred Fire|p1a: Vaporeon
|-resisted|p1a: Vaporeon
|-damage|p1a: Vaporeon|7\/463 brn
|move|p1a: Vaporeon|Wish|p1a: Vaporeon
|
|-heal|p1a: Vaporeon|35\/463 brn|[from] item: Leftovers
|-damage|p1a: Vaporeon|0 fnt|[from] brn
|faint|p1a: Vaporeon
|
|switch|p1a: Aerodactyl|Aerodactyl-Mega, M|301\/301
|turn|33
|
|switch|p2a: Gligar|Gligar, F|318\/333
|move|p1a: Aerodactyl|Aerial Ace|p2a: Gligar
|-damage|p2a: Gligar|173\/333
|
|turn|34
|
|move|p1a: Aerodactyl|Ice Fang|p2a: Gligar
|-supereffective|p2a: Gligar
|-damage|p2a: Gligar|0 fnt
|faint|p2a: Gligar
|
|
|switch|p2a: Doublade|Doublade, M|261\/321 slp
|turn|35
|
|move|p1a: Aerodactyl|Hone Claws|p1a: Aerodactyl
|-boost|p1a: Aerodactyl|atk|1
|-boost|p1a: Aerodactyl|accuracy|1
|-curestatus|p2a: Doublade|slp
|move|p2a: Doublade|Iron Head|p1a: Aerodactyl
|-supereffective|p1a: Aerodactyl
|-damage|p1a: Aerodactyl|7\/301
|
|turn|36
|
|switch|p1a: Donphan|Donphan, M|383\/383
|move|p2a: Doublade|Shadow Sneak|p1a: Donphan
|-damage|p1a: Donphan|328\/383
|
|turn|37
|
|switch|p2a: Serperior|Serperior, F|241\/291
|move|p1a: Donphan|Knock Off|p2a: Serperior
|-damage|p2a: Serperior|135\/291
|-enditem|p2a: Serperior|Meadow Plate|[from] move: Knock Off|[of] p1a: Donphan
|
|turn|38
|
|switch|p1a: Roserade|Roserade, F|324\/324
|move|p2a: Serperior|Leaf Storm|p1a: Roserade|[miss]
|-miss|p2a: Serperior|p1a: Roserade
|
|turn|39
|
|switch|p2a: Doublade|Doublade, M|261\/321
|move|p1a: Roserade|Sludge Bomb|p2a: Doublade
|-immune|p2a: Doublade|[msg]
|
|turn|40
|
|move|p2a: Doublade|Shadow Sneak|p1a: Roserade
|-damage|p1a: Roserade|261\/324
|move|p1a: Roserade|Sleep Powder|p2a: Doublade
|-status|p2a: Doublade|slp
|
|-heal|p1a: Roserade|281\/324|[from] item: Black Sludge
|turn|41
|
|switch|p1a: Donphan|Donphan, M|328\/383
|cant|p2a: Doublade|slp
|
|turn|42
|
|switch|p2a: Serperior|Serperior, F|135\/291
|move|p1a: Donphan|Knock Off|p2a: Serperior
|-damage|p2a: Serperior|57\/291
|
|turn|43
|
|move|p1a: Donphan|Ice Shard|p2a: Serperior
|-supereffective|p2a: Serperior
|-damage|p2a: Serperior|0 fnt
|faint|p2a: Serperior
|
|
|switch|p2a: Slowking|Slowking, F|345\/393 brn
|turn|44
|
|switch|p1a: Roserade|Roserade, F|281\/324
|move|p2a: Slowking|Psyshock|p1a: Roserade
|-supereffective|p1a: Roserade
|-damage|p1a: Roserade|117\/324
|
|-heal|p1a: Roserade|137\/324|[from] item: Black Sludge
|-damage|p2a: Slowking|296\/393 brn|[from] brn
|turn|45
|
|switch|p2a: Entei|Entei, shiny|149\/371
|-ability|p2a: Entei|Pressure
|move|p1a: Roserade|Giga Drain|p2a: Entei
|-resisted|p2a: Entei
|-damage|p2a: Entei|83\/371
|-heal|p1a: Roserade|170\/324|[from] drain|[of] p2a: Entei
|
|-heal|p1a: Roserade|190\/324|[from] item: Black Sludge
|turn|46
|
|switch|p1a: Aerodactyl|Aerodactyl-Mega, M|7\/301
|move|p2a: Entei|Sacred Fire|p1a: Aerodactyl
|-resisted|p1a: Aerodactyl
|-damage|p1a: Aerodactyl|0 fnt
|faint|p1a: Aerodactyl
|
|
|switch|p1a: Donphan|Donphan, M|328\/383
|turn|47
|
|switch|p2a: Slowking|Slowking, F|393\/393 brn
|move|p1a: Donphan|Ice Shard|p2a: Slowking
|-resisted|p2a: Slowking
|-damage|p2a: Slowking|374\/393 brn
|
|-damage|p2a: Slowking|325\/393 brn|[from] brn
|turn|48
|
|move|p1a: Donphan|Knock Off|p2a: Slowking
|-supereffective|p2a: Slowking
|-damage|p2a: Slowking|195\/393 brn
|move|p2a: Slowking|Psyshock|p1a: Donphan
|-damage|p1a: Donphan|253\/383
|
|-damage|p2a: Slowking|146\/393 brn|[from] brn
|turn|49
|
|move|p1a: Donphan|Knock Off|p2a: Slowking
|-supereffective|p2a: Slowking
|-damage|p2a: Slowking|20\/393 brn
|move|p2a: Slowking|Slack Off|p2a: Slowking
|-heal|p2a: Slowking|217\/393 brn
|
|-damage|p2a: Slowking|168\/393 brn|[from] brn
|turn|50
|
|move|p1a: Donphan|Knock Off|p2a: Slowking
|-supereffective|p2a: Slowking
|-damage|p2a: Slowking|52\/393 brn
|move|p2a: Slowking|Slack Off|p2a: Slowking
|-heal|p2a: Slowking|249\/393 brn
|
|-damage|p2a: Slowking|200\/393 brn|[from] brn
|turn|51
|
|switch|p1a: Rotom-Heat|Rotom-Heat|125\/303
|move|p2a: Slowking|Scald|p1a: Rotom-Heat
|-supereffective|p1a: Rotom-Heat
|-damage|p1a: Rotom-Heat|0 fnt
|faint|p1a: Rotom-Heat
|
|-damage|p2a: Slowking|151\/393 brn|[from] brn
|
|switch|p1a: Roserade|Roserade, F|190\/324
|turn|52
|
|switch|p2a: Doublade|Doublade, M|261\/321 slp
|move|p1a: Roserade|Giga Drain|p2a: Doublade
|-resisted|p2a: Doublade
|-damage|p2a: Doublade|195\/321 slp
|-heal|p1a: Roserade|223\/324|[from] drain|[of] p2a: Doublade
|
|-heal|p1a: Roserade|243\/324|[from] item: Black Sludge
|turn|53
|
|move|p1a: Roserade|Giga Drain|p2a: Doublade
|-resisted|p2a: Doublade
|-damage|p2a: Doublade|132\/321 slp
|-heal|p1a: Roserade|275\/324|[from] drain|[of] p2a: Doublade
|cant|p2a: Doublade|slp
|
|-heal|p1a: Roserade|295\/324|[from] item: Black Sludge
|turn|54
|
|move|p1a: Roserade|Giga Drain|p2a: Doublade
|-resisted|p2a: Doublade
|-damage|p2a: Doublade|66\/321 slp
|-heal|p1a: Roserade|324\/324|[from] drain|[of] p2a: Doublade
|-curestatus|p2a: Doublade|slp
|move|p2a: Doublade|Iron Head|p1a: Roserade
|-damage|p1a: Roserade|182\/324
|
|-heal|p1a: Roserade|202\/324|[from] item: Black Sludge
|turn|55
|
|move|p1a: Roserade|Sleep Powder|p2a: Doublade
|-status|p2a: Doublade|slp
|cant|p2a: Doublade|slp
|
|-heal|p1a: Roserade|222\/324|[from] item: Black Sludge
|turn|56
|
|move|p1a: Roserade|Giga Drain|p2a: Doublade
|-crit|p2a: Doublade
|-resisted|p2a: Doublade
|-damage|p2a: Doublade|0 fnt
|-heal|p1a: Roserade|255\/324|[from] drain|[of] p2a: Doublade
|faint|p2a: Doublade
|
|-heal|p1a: Roserade|275\/324|[from] item: Black Sludge
|
|switch|p2a: Entei|Entei, shiny|83\/371
|-ability|p2a: Entei|Pressure
|turn|57
|
|switch|p1a: Donphan|Donphan, M|253\/383
|move|p2a: Entei|Sacred Fire|p1a: Donphan
|-damage|p1a: Donphan|33\/383
|
|turn|58
|
|move|p1a: Donphan|Ice Shard|p2a: Entei
|-crit|p2a: Entei
|-resisted|p2a: Entei
|-damage|p2a: Entei|42\/371
|move|p2a: Entei|Sacred Fire|p1a: Donphan
|-damage|p1a: Donphan|0 fnt
|faint|p1a: Donphan
|
|
|switch|p1a: Roserade|Roserade, F|275\/324
|turn|59
|
|move|p2a: Entei|Sacred Fire|p1a: Roserade
|-crit|p1a: Roserade
|-supereffective|p1a: Roserade
|-damage|p1a: Roserade|0 fnt
|faint|p1a: Roserade
|
|win|test choir
|raw|Ladder updating...
|c|âtest choir|gg
|raw|Truballer's rating: 1465 &rarr; <strong>1444<\/strong><br \/>(-21 for losing)
|raw|test choir's rating: 1445 &rarr; <strong>1467<\/strong><br \/>(+22 for winning)
|leave|Truballer
|player|p1