|join|Omastarmastar
|join|rampage0529
|player|p1|Omastarmastar|2
|player|p2|rampage0529|101
|gametype|singles
|tier|UU
|rated
|rule|Sleep Clause Mod: Limit one foe put to sleep
|rule|Species Clause: Limit one of each Pokemon
|rule|OHKO Clause: OHKO moves are banned
|rule|Moody Clause: Moody is banned
|rule|Evasion Moves Clause: Evasion moves are banned
|rule|HP Percentage Mod: HP is reported as percentages
|rule|Evasion Abilities Clause: Evasion abilities are banned
|clearpoke
|poke|p1|Scyther, F
|poke|p1|Cofagrigus, F
|poke|p1|Blastoise, F
|poke|p1|Rhyperior, F
|poke|p1|Roserade, F
|poke|p1|Umbreon, M
|poke|p2|Azelf
|poke|p2|Mienshao, M
|poke|p2|Golurk
|poke|p2|Qwilfish, M
|poke|p2|Snorlax, F
|poke|p2|Shaymin
|teampreview
|callback|decision
|
|start
|switch|p1a: Scyther|Scyther, F|281\/281
|switch|p2a: Mienshao|Mienshao, M|271\/271
|turn|1
|callback|decision
|
|switch|p1a: Rhyperior|Rhyperior, F|434\/434
|move|p2a: Mienshao|U-turn|p1a: Rhyperior
|-crit|p1a: Rhyperior
|-damage|p1a: Rhyperior|341\/434
|callback|decision
|
|switch|p2a: Shaymin|Shaymin|369\/369
|
|-heal|p1a: Rhyperior|368\/434|[from] item: Leftovers
|turn|2
|callback|decision
|
|switch|p2a: Azelf|Azelf|291\/291
|switch|p1a: Roserade|Roserade, F|324\/324
|
|turn|3
|callback|decision
|
|switch|p1a: Blastoise|Blastoise, F|362\/362
|move|p2a: Azelf|Fire Blast|p1a: Blastoise
|-crit|p1a: Blastoise
|-resisted|p1a: Blastoise
|-damage|p1a: Blastoise|196\/362
|-damage|p2a: Azelf|262\/291|[from] item: Life Orb
|
|-heal|p1a: Blastoise|218\/362|[from] item: Leftovers
|turn|4
|callback|decision
|
|move|p2a: Azelf|Psychic|p1a: Blastoise
|-damage|p1a: Blastoise|35\/362
|-damage|p2a: Azelf|233\/291|[from] item: Life Orb
|move|p1a: Blastoise|Toxic|p2a: Azelf|[miss]
|-miss|p1a: Blastoise|p2a: Azelf
|
|-heal|p1a: Blastoise|57\/362|[from] item: Leftovers
|turn|5
|callback|decision
|
|switch|p1a: Umbreon|Umbreon, M|394\/394
|move|p2a: Azelf|Fire Blast|p1a: Umbreon
|-damage|p1a: Umbreon|287\/394
|-damage|p2a: Azelf|204\/291|[from] item: Life Orb
|
|-heal|p1a: Umbreon|311\/394|[from] item: Leftovers
|turn|6
|callback|decision
|
|switch|p2a: Qwilfish|Qwilfish, M|334\/334
|-ability|p2a: Qwilfish|Intimidate|[of] p1a: Umbreon
|-unboost|p1a: Umbreon|atk|1
|move|p1a: Umbreon|Toxic|p2a: Qwilfish
|-fail|p2a: Qwilfish
|
|-heal|p1a: Umbreon|335\/394|[from] item: Leftovers
|turn|7
|callback|decision
|
|switch|p1a: Roserade|Roserade, F|324\/324
|move|p2a: Qwilfish|Taunt|p1a: Roserade
|-start|p1a: Roserade|move: Taunt
|
|turn|8
|callback|decision
|
|switch|p2a: Snorlax|Snorlax, F|500\/500
|move|p1a: Roserade|Giga Drain|p2a: Snorlax
|-crit|p2a: Snorlax
|-damage|p2a: Snorlax|349\/500
|
|-heal|p2a: Snorlax|380\/500|[from] item: Leftovers
|turn|9
|callback|decision
|
|switch|p1a: Cofagrigus|Cofagrigus, F|320\/320
|move|p2a: Snorlax|Body Slam|p1a: Cofagrigus
|-immune|p1a: Cofagrigus|[msg]
|
|-heal|p2a: Snorlax|411\/500|[from] item: Leftovers
|turn|10
|callback|decision
|
|move|p1a: Cofagrigus|Nasty Plot|p1a: Cofagrigus
|-boost|p1a: Cofagrigus|spa|2
|move|p2a: Snorlax|Whirlwind|p1a: Cofagrigus
|drag|p1a: Blastoise|Blastoise, F|57\/362
|
|-heal|p1a: Blastoise|79\/362|[from] item: Leftovers
|-heal|p2a: Snorlax|442\/500|[from] item: Leftovers
|turn|11
|callback|decision
|
|move|p1a: Blastoise|Toxic|p2a: Snorlax
|-status|p2a: Snorlax|tox
|move|p2a: Snorlax|Body Slam|p1a: Blastoise
|-damage|p1a: Blastoise|0 fnt
|faint|p1a: Blastoise
|
|-heal|p2a: Snorlax|473\/500 tox|[from] item: Leftovers
|-damage|p2a: Snorlax|442\/500 tox|[from] psn
|callback|decision
|
|switch|p1a: Cofagrigus|Cofagrigus, F|320\/320
|turn|12
|callback|decision
|
|move|p1a: Cofagrigus|Nasty Plot|p1a: Cofagrigus
|-boost|p1a: Cofagrigus|spa|2
|move|p2a: Snorlax|Whirlwind|p1a: Cofagrigus
|drag|p1a: Rhyperior|Rhyperior, F|368\/434
|
|-heal|p1a: Rhyperior|395\/434|[from] item: Leftovers
|-heal|p2a: Snorlax|473\/500 tox|[from] item: Leftovers
|-damage|p2a: Snorlax|411\/500 tox|[from] psn
|turn|13
|callback|decision
|
|switch|p2a: Golurk|Golurk|382\/382
|move|p1a: Rhyperior|Stealth Rock|p2a: Golurk
|-sidestart|p2: rampage0529|move: Stealth Rock
|
|-heal|p1a: Rhyperior|422\/434|[from] item: Leftovers
|turn|14
|callback|decision
|
|switch|p1a: Umbreon|Umbreon, M|335\/394
|move|p2a: Golurk|Stealth Rock|p1a: Umbreon
|-sidestart|p1: Omastarmastar|move: Stealth Rock
|
|-heal|p1a: Umbreon|359\/394|[from] item: Leftovers
|turn|15
|callback|decision
|
|switch|p2a: Qwilfish|Qwilfish, M|334\/334
|-damage|p2a: Qwilfish|293\/334|[from] Stealth Rock
|-ability|p2a: Qwilfish|Intimidate|[of] p1a: Umbreon
|-unboost|p1a: Umbreon|atk|1
|move|p1a: Umbreon|Foul Play|p2a: Qwilfish
|-damage|p2a: Qwilfish|199\/334
|
|-heal|p2a: Qwilfish|219\/334|[from] item: Black Sludge
|-heal|p1a: Umbreon|383\/394|[from] item: Leftovers
|turn|16
|callback|decision
|
|switch|p1a: Cofagrigus|Cofagrigus, F|320\/320
|-damage|p1a: Cofagrigus|280\/320|[from] Stealth Rock
|move|p2a: Qwilfish|Spikes|p1a: Cofagrigus
|-sidestart|p1: Omastarmastar|Spikes
|
|-heal|p2a: Qwilfish|239\/334|[from] item: Black Sludge
|-heal|p1a: Cofagrigus|300\/320|[from] item: Leftovers
|turn|17
|callback|decision
|
|move|p2a: Qwilfish|Taunt|p1a: Cofagrigus
|-start|p1a: Cofagrigus|move: Taunt
|cant|p1a: Cofagrigus|move: Taunt|Nasty Plot
|
|-heal|p2a: Qwilfish|259\/334|[from] item: Black Sludge
|-heal|p1a: Cofagrigus|320\/320|[from] item: Leftovers
|turn|18
|callback|decision
|
|move|p2a: Qwilfish|Spikes|p1a: Cofagrigus
|-sidestart|p1: Omastarmastar|Spikes
|move|p1a: Cofagrigus|Shadow Ball|p2a: Qwilfish
|-damage|p2a: Qwilfish|73\/334
|
|-heal|p2a: Qwilfish|93\/334|[from] item: Black Sludge
|turn|19
|callback|decision
|
|switch|p2a: Snorlax|Snorlax, F|411\/500 tox
|-damage|p2a: Snorlax|349\/500 tox|[from] Stealth Rock
|move|p1a: Cofagrigus|Hidden Power|p2a: Snorlax
|-supereffective|p2a: Snorlax
|-damage|p2a: Snorlax|251\/500 tox
|
|-heal|p2a: Snorlax|282\/500 tox|[from] item: Leftovers
|-damage|p2a: Snorlax|251\/500 tox|[from] psn
|-end|p1a: Cofagrigus|move: Taunt
|turn|20
|callback|decision
|
|switch|p1a: Roserade|Roserade, F|324\/324
|-damage|p1a: Roserade|284\/324|[from] Stealth Rock
|-damage|p1a: Roserade|230\/324|[from] Spikes
|move|p2a: Snorlax|Rest|p2a: Snorlax
|-status|p2a: Snorlax|slp
|-heal|p2a: Snorlax|500\/500 slp|[silent]
|-status|p2a: Snorlax|slp|[from] move: Rest
|
|-heal|p1a: Roserade|250\/324|[from] item: Leftovers
|turn|21
|callback|decision
|
|switch|p2a: Azelf|Azelf|204\/291
|-damage|p2a: Azelf|168\/291|[from] Stealth Rock
|move|p1a: Roserade|Spikes|p2a: Azelf
|-sidestart|p2: rampage0529|Spikes
|
|-heal|p1a: Roserade|270\/324|[from] item: Leftovers
|turn|22
|callback|decision
|
|switch|p1a: Umbreon|Umbreon, M|383\/394
|-damage|p1a: Umbreon|334\/394|[from] Stealth Rock
|-damage|p1a: Umbreon|269\/394|[from] Spikes
|move|p2a: Azelf|Fire Blast|p1a: Umbreon
|-damage|p1a: Umbreon|159\/394
|-damage|p2a: Azelf|139\/291|[from] item: Life Orb
|
|-heal|p1a: Umbreon|183\/394|[from] item: Leftovers
|turn|23
|callback|decision
|
|switch|p2a: Qwilfish|Qwilfish, M|93\/334
|-damage|p2a: Qwilfish|52\/334|[from] Spikes
|-damage|p2a: Qwilfish|11\/334|[from] Stealth Rock
|-ability|p2a: Qwilfish|Intimidate|[of] p1a: Umbreon
|-unboost|p1a: Umbreon|atk|1
|move|p1a: Umbreon|Moonlight|p1a: Umbreon
|-heal|p1a: Umbreon|380\/394
|
|-heal|p2a: Qwilfish|31\/334|[from] item: Black Sludge
|-heal|p1a: Umbreon|394\/394|[from] item: Leftovers
|turn|24
|callback|decision
|
|move|p2a: Qwilfish|Pain Split|p1a: Umbreon
|-sethp|p1a: Umbreon|212\/394|p2a: Qwilfish|212\/334|[from] move: Pain Split
|move|p1a: Umbreon|Foul Play|p2a: Qwilfish
|-damage|p2a: Qwilfish|119\/334
|
|-heal|p2a: Qwilfish|139\/334|[from] item: Black Sludge
|-heal|p1a: Umbreon|236\/394|[from] item: Leftovers
|turn|25
|callback|decision
|
|switch|p1a: Cofagrigus|Cofagrigus, F|320\/320
|-damage|p1a: Cofagrigus|280\/320|[from] Stealth Rock
|-damage|p1a: Cofagrigus|227\/320|[from] Spikes
|move|p2a: Qwilfish|Taunt|p1a: Cofagrigus
|-start|p1a: Cofagrigus|move: Taunt
|
|-heal|p2a: Qwilfish|159\/334|[from] item: Black Sludge
|-heal|p1a: Cofagrigus|247\/320|[from] item: Leftovers
|turn|26
|callback|decision
|
|move|p2a: Qwilfish|Spikes|p1a: Cofagrigus
|-sidestart|p1: Omastarmastar|Spikes
|move|p1a: Cofagrigus|Shadow Ball|p2a: Qwilfish
|-damage|p2a: Qwilfish|0 fnt
|faint|p2a: Qwilfish
|
|-heal|p1a: Cofagrigus|267\/320|[from] item: Leftovers
|callback|decision
|
|switch|p2a: Shaymin|Shaymin|369\/369
|-damage|p2a: Shaymin|323\/369|[from] Spikes
|-damage|p2a: Shaymin|277\/369|[from] Stealth Rock
|turn|27
|callback|decision
|
|move|p2a: Shaymin|Aromatherapy|p2a: Shaymin
|-cureteam|p2a: Shaymin|[from] move: Aromatherapy
|move|p1a: Cofagrigus|Shadow Ball|p2a: Shaymin
|-damage|p2a: Shaymin|151\/369
|
|-heal|p2a: Shaymin|174\/369|[from] item: Leftovers
|-heal|p1a: Cofagrigus|287\/320|[from] item: Leftovers
|turn|28
|callback|decision
|
|move|p2a: Shaymin|Seed Flare|p1a: Cofagrigus
|-damage|p1a: Cofagrigus|95\/320
|move|p1a: Cofagrigus|Hidden Power|p2a: Shaymin
|-damage|p2a: Shaymin|99\/369
|
|-heal|p2a: Shaymin|122\/369|[from] item: Leftovers
|-heal|p1a: Cofagrigus|115\/320|[from] item: Leftovers
|-end|p1a: Cofagrigus|move: Taunt
|turn|29
|callback|decision
|
|switch|p1a: Scyther|Scyther, F|281\/281
|-damage|p1a: Scyther|141\/281|[from] Stealth Rock
|move|p2a: Shaymin|Seed Flare|p1a: Scyther|[miss]
|-miss|p2a: Shaymin|p1a: Scyther
|
|-heal|p2a: Shaymin|145\/369|[from] item: Leftovers
|turn|30
|callback|decision
|
|switch|p2a: Golurk|Golurk|382\/382
|-damage|p2a: Golurk|335\/382|[from] Spikes
|-damage|p2a: Golurk|312\/382|[from] Stealth Rock
|move|p1a: Scyther|Bug Bite|p2a: Golurk
|-resisted|p2a: Golurk
|-damage|p2a: Golurk|246\/382
|
|-heal|p2a: Golurk|269\/382|[from] item: Leftovers
|turn|31
|callback|decision
|
|switch|p1a: Umbreon|Umbreon, M|236\/394
|-damage|p1a: Umbreon|187\/394|[from] Stealth Rock
|-damage|p1a: Umbreon|89\/394|[from] Spikes
|move|p2a: Golurk|Ice Punch|p1a: Umbreon
|-damage|p1a: Umbreon|6\/394
|
|-heal|p1a: Umbreon|30\/394|[from] item: Leftovers
|-heal|p2a: Golurk|292\/382|[from] item: Leftovers
|turn|32
|callback|decision
|
|move|p1a: Umbreon|Moonlight|p1a: Umbreon
|-heal|p1a: Umbreon|227\/394
|move|p2a: Golurk|Earthquake|p1a: Umbreon
|-damage|p1a: Umbreon|103\/394
|
|-heal|p1a: Umbreon|127\/394|[from] item: Leftovers
|-heal|p2a: Golurk|315\/382|[from] item: Leftovers
|turn|33
|callback|decision
|
|switch|p2a: Mienshao|Mienshao, M|271\/271
|-damage|p2a: Mienshao|238\/271|[from] Spikes
|-damage|p2a: Mienshao|222\/271|[from] Stealth Rock
|move|p1a: Umbreon|Foul Play|p2a: Mienshao
|-resisted|p2a: Mienshao
|-damage|p2a: Mienshao|92\/271
|
|-heal|p1a: Umbreon|151\/394|[from] item: Leftovers
|turn|34
|callback|decision
|
|switch|p1a: Cofagrigus|Cofagrigus, F|115\/320
|-damage|p1a: Cofagrigus|35\/320|[from] Spikes
|-damage|p1a: Cofagrigus|0 fnt|[from] Stealth Rock
|faint|p1a: Cofagrigus
|move|p2a: Mienshao|U-turn|p1: Cofagrigus|[notarget]
|-notarget
|
|callback|decision
|
|switch|p1a: Scyther|Scyther, F|141\/281
|-damage|p1a: Scyther|1\/281|[from] Stealth Rock
|turn|35
|callback|decision
|
|move|p1a: Scyther|Aerial Ace|p2a: Mienshao
|-supereffective|p2a: Mienshao
|-damage|p2a: Mienshao|0 fnt
|faint|p2a: Mienshao
|
|callback|decision
|
|switch|p2a: Golurk|Golurk|315\/382
|-damage|p2a: Golurk|268\/382|[from] Spikes
|-damage|p2a: Golurk|245\/382|[from] Stealth Rock
|turn|36
|callback|decision
|
|move|p1a: Scyther|Aerial Ace|p2a: Golurk
|-damage|p2a: Golurk|121\/382
|move|p2a: Golurk|Ice Punch|p1a: Scyther
|-supereffective|p1a: Scyther
|-damage|p1a: Scyther|0 fnt
|faint|p1a: Scyther
|
|-heal|p2a: Golurk|144\/382|[from] item: Leftovers
|callback|decision
|
|switch|p1a: Roserade|Roserade, F|270\/324
|-damage|p1a: Roserade|230\/324|[from] Stealth Rock
|-damage|p1a: Roserade|149\/324|[from] Spikes
|turn|37
|callback|decision
|
|move|p1a: Roserade|Sludge Bomb|p2a: Golurk
|-resisted|p2a: Golurk
|-damage|p2a: Golurk|107\/382
|move|p2a: Golurk|Earthquake|p1a: Roserade
|-damage|p1a: Roserade|0 fnt
|faint|p1a: Roserade
|
|-heal|p2a: Golurk|130\/382|[from] item: Leftovers
|callback|decision
|chat|Omastarmastar|so thats it :) gg
|
|switch|p1a: Umbreon|Umbreon, M|151\/394
|-damage|p1a: Umbreon|102\/394|[from] Stealth Rock
|-damage|p1a: Umbreon|4\/394|[from] Spikes
|turn|38
|callback|decision
|
|switch|p2a: Shaymin|Shaymin|145\/369
|-damage|p2a: Shaymin|99\/369|[from] Spikes
|-damage|p2a: Shaymin|53\/369|[from] Stealth Rock
|move|p1a: Umbreon|Foul Play|p2a: Shaymin
|-damage|p2a: Shaymin|0 fnt
|faint|p2a: Shaymin
|
|-heal|p1a: Umbreon|28\/394|[from] item: Leftovers
|callback|decision
|
|switch|p2a: Azelf|Azelf|139\/291
|-damage|p2a: Azelf|103\/291|[from] Stealth Rock
|turn|39
|callback|decision
|
|move|p2a: Azelf|Shadow Ball|p1a: Umbreon
|-resisted|p1a: Umbreon
|-damage|p1a: Umbreon|0 fnt
|-damage|p2a: Azelf|74\/291|[from] item: Life Orb
|faint|p1a: Umbreon
|
|callback|decision
|
|switch|p1a: Rhyperior|Rhyperior, F|422\/434
|-damage|p1a: Rhyperior|395\/434|[from] Stealth Rock
|-damage|p1a: Rhyperior|287\/434|[from] Spikes
|turn|40
|callback|decision
|
|move|p2a: Azelf|Psychic|p1a: Rhyperior
|-damage|p1a: Rhyperior|0 fnt
|-damage|p2a: Azelf|45\/291|[from] item: Life Orb
|faint|p1a: Rhyperior
|
|win|rampage0529
|raw|Ladder updating...
|raw|Omastarmastar's rating: 1389 &rarr; <strong>1325<\/strong><br \/>(-64 for losing)
|raw|rampage0529's rating: 1007 &rarr; <strong>1367<\/strong><br \/>(+360 for winning)
|chat|Omastarmastar|gg
|chat|rampage0529|gg
|leave|Omastarmastar
|player|p1