|join|Xiba
|join|Testeye
|player|p1|Xiba|265
|player|p2|Testeye|292
|gametype|singles
|gen|6
|tier|UU
|rated
|rule|Sleep Clause Mod: Limit one foe put to sleep
|rule|Species Clause: Limit one of each PokÃ©mon
|rule|OHKO Clause: OHKO moves are banned
|rule|Moody Clause: Moody is banned
|rule|Evasion Moves Clause: Evasion moves are banned
|rule|Endless Battle Clause: Forcing endless battles is banned
|rule|HP Percentage Mod: HP is shown in percentages
|clearpoke
|poke|p1|Hydreigon, M
|poke|p1|Mienshao, F
|poke|p1|Gligar, M
|poke|p1|Whimsicott, M
|poke|p1|Darmanitan, M
|poke|p1|Forretress, F
|poke|p2|Pidgeot, F
|poke|p2|Cobalion
|poke|p2|Rotom-Heat
|poke|p2|Xatu, F
|poke|p2|Dragalge, F
|poke|p2|Whimsicott, F
|rule|Swagger Clause: Swagger is banned
|rule|Baton Pass Clause: Limit one PokÃ©mon knowing Baton Pass
|teampreview
|
|start
|switch|p1a: Hydreigon|Hydreigon, M|325\/325
|switch|p2a: Rotom-Heat|Rotom-Heat|298\/298
|turn|1
|
|move|p1a: Hydreigon|U-turn|p2a: Rotom-Heat
|-crit|p2a: Rotom-Heat
|-resisted|p2a: Rotom-Heat
|-damage|p2a: Rotom-Heat|265\/298
|
|switch|p1a: Darmanitan|Darmanitan, M|351\/351
|move|p2a: Rotom-Heat|Volt Switch|p1a: Darmanitan
|-damage|p1a: Darmanitan|180\/351
|
|switch|p2a: Dragalge|Dragalge, F|271\/271
|
|turn|2
|
|switch|p2a: Rotom-Heat|Rotom-Heat|265\/298
|move|p1a: Darmanitan|U-turn|p2a: Rotom-Heat
|-crit|p2a: Rotom-Heat
|-resisted|p2a: Rotom-Heat
|-damage|p2a: Rotom-Heat|166\/298
|
|switch|p1a: Hydreigon|Hydreigon, M|325\/325
|
|-heal|p2a: Rotom-Heat|184\/298|[from] item: Leftovers
|turn|3
|
|switch|p2a: Whimsicott|Whimsicott, F|261\/261
|move|p1a: Hydreigon|Draco Meteor|p2a: Whimsicott
|-immune|p2a: Whimsicott|[msg]
|
|turn|4
|
|switch|p1a: Darmanitan|Darmanitan, M|180\/351
|move|p2a: Whimsicott|U-turn|p1a: Darmanitan
|-resisted|p1a: Darmanitan
|-damage|p1a: Darmanitan|142\/351
|-damage|p2a: Whimsicott|235\/261|[from] item: Life Orb
|
|switch|p2a: Dragalge|Dragalge, F|271\/271
|
|turn|5
|
|move|p1a: Darmanitan|U-turn|p2a: Dragalge
|-resisted|p2a: Dragalge
|-damage|p2a: Dragalge|207\/271
|
|switch|p1a: Forretress|Forretress, F|354\/354
|move|p2a: Dragalge|Draco Meteor|p1a: Forretress
|-resisted|p1a: Forretress
|-damage|p1a: Forretress|140\/354
|-unboost|p2a: Dragalge|spa|2
|
|-heal|p1a: Forretress|162\/354|[from] item: Leftovers
|turn|6
|
|switch|p2a: Xatu|Xatu, F|333\/333
|move|p1a: Forretress|Volt Switch|p2a: Xatu
|-supereffective|p2a: Xatu
|-damage|p2a: Xatu|233\/333
|
|switch|p1a: Hydreigon|Hydreigon, M|325\/325
|
|turn|7
|
|switch|p2a: Rotom-Heat|Rotom-Heat|184\/298
|move|p1a: Hydreigon|Fire Blast|p2a: Rotom-Heat
|-resisted|p2a: Rotom-Heat
|-damage|p2a: Rotom-Heat|93\/298
|
|-heal|p2a: Rotom-Heat|111\/298|[from] item: Leftovers
|turn|8
|
|switch|p1a: Gligar|Gligar, M|334\/334
|move|p2a: Rotom-Heat|Pain Split|p1a: Gligar
|-sethp|p1a: Gligar|222\/334|p2a: Rotom-Heat|222\/298|[from] move: Pain Split
|
|-heal|p2a: Rotom-Heat|240\/298|[from] item: Leftovers
|turn|9
|
|move|p2a: Rotom-Heat|Will-O-Wisp|p1a: Gligar
|-status|p1a: Gligar|brn
|move|p1a: Gligar|U-turn|p2a: Rotom-Heat
|-resisted|p2a: Rotom-Heat
|-damage|p2a: Rotom-Heat|229\/298
|
|switch|p1a: Hydreigon|Hydreigon, M|325\/325
|
|-heal|p2a: Rotom-Heat|247\/298|[from] item: Leftovers
|turn|10
|
|switch|p2a: Cobalion|Cobalion|324\/324
|move|p1a: Hydreigon|Fire Blast|p2a: Cobalion
|-supereffective|p2a: Cobalion
|-damage|p2a: Cobalion|0 fnt
|faint|p2a: Cobalion
|
|
|switch|p2a: Dragalge|Dragalge, F|207\/271
|turn|11
|
|switch|p1a: Whimsicott|Whimsicott, M|323\/323
|move|p2a: Dragalge|Sludge Bomb|p1a: Whimsicott
|-supereffective|p1a: Whimsicott
|-damage|p1a: Whimsicott|0 fnt
|faint|p1a: Whimsicott
|
|
|switch|p1a: Hydreigon|Hydreigon, M|325\/325
|turn|12
|
|switch|p2a: Whimsicott|Whimsicott, F|235\/261
|move|p1a: Hydreigon|Draco Meteor|p2a: Whimsicott
|-immune|p2a: Whimsicott|[msg]
|
|turn|13
|
|switch|p1a: Forretress|Forretress, F|162\/354
|move|p2a: Whimsicott|U-turn|p1a: Forretress
|-resisted|p1a: Forretress
|-damage|p1a: Forretress|145\/354
|-damage|p2a: Whimsicott|209\/261|[from] item: Life Orb
|
|switch|p2a: Pidgeot|Pidgeot, F|307\/307
|
|-heal|p1a: Forretress|167\/354|[from] item: Leftovers
|turn|14
|
|detailschange|p2a: Pidgeot|Pidgeot-Mega, F
|message|Pidgeot has Mega Evolved into Mega Pidgeot!
|move|p2a: Pidgeot|Hurricane|p1a: Forretress
|-crit|p1a: Forretress
|-damage|p1a: Forretress|0 fnt
|faint|p1a: Forretress
|
|
|switch|p1a: Mienshao|Mienshao, F|271\/271
|turn|15
|
|move|p1a: Mienshao|High Jump Kick|p2a: Pidgeot
|-damage|p2a: Pidgeot|0 fnt
|faint|p2a: Pidgeot
|
|
|switch|p2a: Dragalge|Dragalge, F|207\/271
|turn|16
|
|switch|p1a: Gligar|Gligar, M|222\/334 brn
|move|p2a: Dragalge|Draco Meteor|p1a: Gligar
|-damage|p1a: Gligar|0 fnt
|-unboost|p2a: Dragalge|spa|2
|faint|p1a: Gligar
|
|
|switch|p1a: Darmanitan|Darmanitan, M|142\/351
|turn|17
|
|switch|p2a: Xatu|Xatu, F|233\/333
|move|p1a: Darmanitan|Flare Blitz|p2a: Xatu
|-damage|p2a: Xatu|0 fnt
|-damage|p1a: Darmanitan|84\/351|[from] item: Rocky Helmet|[of] p2a: Xatu
|-damage|p1a: Darmanitan|7\/351|[from] recoil|[of] p2a: Xatu
|faint|p2a: Xatu
|
|
|switch|p2a: Rotom-Heat|Rotom-Heat|247\/298
|turn|18
|
|move|p1a: Darmanitan|Flare Blitz|p2a: Rotom-Heat
|-resisted|p2a: Rotom-Heat
|-damage|p2a: Rotom-Heat|30\/298
|-damage|p1a: Darmanitan|0 fnt|[from] recoil|[of] p2a: Rotom-Heat
|faint|p1a: Darmanitan
|move|p2a: Rotom-Heat|Volt Switch|p1: Darmanitan|[notarget]
|-notarget
|
|-heal|p2a: Rotom-Heat|48\/298|[from] item: Leftovers
|
|switch|p1a: Hydreigon|Hydreigon, M|325\/325
|turn|19
|
|move|p1a: Hydreigon|Fire Blast|p2a: Rotom-Heat
|-resisted|p2a: Rotom-Heat
|-damage|p2a: Rotom-Heat|0 fnt
|faint|p2a: Rotom-Heat
|
|
|switch|p2a: Dragalge|Dragalge, F|207\/271
|turn|20
|
|move|p1a: Hydreigon|Fire Blast|p2a: Dragalge
|-resisted|p2a: Dragalge
|-damage|p2a: Dragalge|132\/271
|move|p2a: Dragalge|Draco Meteor|p1a: Hydreigon
|-supereffective|p1a: Hydreigon
|-damage|p1a: Hydreigon|0 fnt
|-unboost|p2a: Dragalge|spa|2
|faint|p1a: Hydreigon
|
|
|switch|p1a: Mienshao|Mienshao, F|271\/271
|turn|21
|
|move|p1a: Mienshao|High Jump Kick|p2a: Dragalge
|-resisted|p2a: Dragalge
|-damage|p2a: Dragalge|12\/271
|move|p2a: Dragalge|Draco Meteor|p1a: Mienshao
|-damage|p1a: Mienshao|0 fnt
|-unboost|p2a: Dragalge|spa|2
|faint|p1a: Mienshao
|
|win|Testeye
|raw|Ladder updating...
|raw|Xiba's rating: 1384 &rarr; <strong>1359<\/strong><br \/>(-25 for losing)
|raw|Testeye's rating: 1292 &rarr; <strong>1323<\/strong><br \/>(+31 for winning)
|leave|Xiba
|player|p1