|join|fairyfloss
|join|Xiba
|player|p1|fairyfloss|110
|player|p2|Xiba|101
|gametype|singles
|gen|6
|tier|UU
|rated
|rule|Sleep Clause Mod: Limit one foe put to sleep
|rule|Species Clause: Limit one of each PokÃ©mon
|rule|OHKO Clause: OHKO moves are banned
|rule|Moody Clause: Moody is banned
|rule|Evasion Moves Clause: Evasion moves are banned
|rule|Endless Battle Clause: Forcing endless battles is banned
|rule|HP Percentage Mod: HP is shown in percentages
|clearpoke
|poke|p1|Relicanth, F
|poke|p1|Mew
|poke|p1|Absol, F
|poke|p1|Zoroark, M
|poke|p1|Ditto
|poke|p1|Shedinja
|poke|p2|Aggron, F
|poke|p2|Florges, F
|poke|p2|Roserade, M
|poke|p2|Cofagrigus, F
|poke|p2|Arcanine, F
|poke|p2|Blastoise, F
|rule|Swagger Clause: Swagger is banned
|rule|Baton Pass Clause: Limit one PokÃ©mon knowing Baton Pass
|teampreview
|
|start
|switch|p1a: Absol|Absol, F|272\/272
|switch|p2a: Aggron|Aggron, F|344\/344
|turn|1
|
|detailschange|p1a: Absol|Absol-Mega, F
|message|Absol has Mega Evolved into Mega Absol!
|detailschange|p2a: Aggron|Aggron-Mega, F
|message|Aggron has Mega Evolved into Mega Aggron!
|move|p1a: Absol|Protect|p1a: Absol
|-singleturn|p1a: Absol|Protect
|move|p2a: Aggron|Heavy Slam|p1a: Absol
|-activate|p1a: Absol|Protect
|
|turn|2
|
|switch|p1a: Shedinja|Shedinja|1\/1
|switch|p2a: Arcanine|Arcanine, F|383\/383
|-ability|p2a: Arcanine|Intimidate|[of] p1a: Shedinja
|-unboost|p1a: Shedinja|atk|1
|
|turn|3
|
|move|p1a: Shedinja|Protect|p1a: Shedinja
|-singleturn|p1a: Shedinja|Protect
|move|p2a: Arcanine|Toxic|p1a: Shedinja
|-activate|p1a: Shedinja|Protect
|
|turn|4
|
|switch|p2a: Florges|Florges, F|360\/360
|switch|p1a: Absol|Absol-Mega, F|272\/272
|
|turn|5
|
|move|p1a: Absol|Protect|p1a: Absol
|-singleturn|p1a: Absol|Protect
|move|p2a: Florges|Moonblast|p1a: Absol
|-activate|p1a: Absol|Protect
|
|turn|6
|
|switch|p1a: Mew|Mew|404\/404
|move|p2a: Florges|Wish|p2a: Florges
|
|turn|7
|
|switch|p2a: Aggron|Aggron-Mega, F|344\/344
|move|p1a: Mew|Super Fang|p2a: Aggron
|-damage|p2a: Aggron|172\/344
|
|-heal|p2a: Aggron|344\/344|[from] move: Wish|[wisher] Florges
|turn|8
|
|move|p1a: Mew|Transform|p2a: Aggron
|-transform|p1a: Mew|p2a: Aggron
|move|p2a: Aggron|Stealth Rock|p1a: Mew
|-sidestart|p1: fairyfloss|move: Stealth Rock
|
|turn|9
|
|switch|p2a: Arcanine|Arcanine, F|383\/383
|-ability|p2a: Arcanine|Intimidate|[of] p1a: Mew
|-unboost|p1a: Mew|atk|1
|move|p1a: Mew|Stealth Rock|p2a: Arcanine
|-sidestart|p2: Xiba|move: Stealth Rock
|
|turn|10
|
|switch|p1a: Relicanth|Relicanth, F|404\/404
|-damage|p1a: Relicanth|354\/404|[from] Stealth Rock
|move|p2a: Arcanine|Flare Blitz|p1a: Relicanth
|-resisted|p1a: Relicanth
|-damage|p1a: Relicanth|332\/404
|-damage|p2a: Arcanine|376\/383|[from] recoil|[of] p1a: Relicanth
|
|-heal|p2a: Arcanine|383\/383|[from] item: Leftovers
|-heal|p1a: Relicanth|357\/404|[from] item: Leftovers
|turn|11
|
|switch|p2a: Blastoise|Blastoise, F|362\/362
|-damage|p2a: Blastoise|317\/362|[from] Stealth Rock
|move|p1a: Relicanth|Head Smash|p2a: Blastoise
|-crit|p2a: Blastoise
|-damage|p2a: Blastoise|152\/362
|
|-heal|p2a: Blastoise|174\/362|[from] item: Leftovers
|-heal|p1a: Relicanth|382\/404|[from] item: Leftovers
|turn|12
|
|switch|p1a: Ditto|Ditto|299\/299
|-damage|p1a: Ditto|262\/299|[from] Stealth Rock
|-transform|p1a: Ditto|p2a: Blastoise
|move|p2a: Blastoise|Rapid Spin|p1a: Ditto
|-damage|p1a: Ditto|254\/299
|-sideend|p2: Xiba|Stealth Rock|[from] move: Rapid Spin|[of] p2a: Blastoise
|
|-heal|p2a: Blastoise|196\/362|[from] item: Leftovers
|turn|13
|
|switch|p2a: Cofagrigus|Cofagrigus, F|320\/320
|move|p1a: Ditto|Toxic|p2a: Cofagrigus
|-status|p2a: Cofagrigus|tox
|
|-damage|p2a: Cofagrigus|300\/320 tox|[from] psn
|turn|14
|
|switch|p1a: Mew|Mew|404\/404
|-damage|p1a: Mew|354\/404|[from] Stealth Rock
|switch|p2a: Aggron|Aggron-Mega, F|344\/344
|
|-heal|p1a: Mew|379\/404|[from] item: Leftovers
|turn|15
|
|move|p1a: Mew|Super Fang|p2a: Aggron
|-damage|p2a: Aggron|172\/344
|move|p2a: Aggron|Heavy Slam|p1a: Mew
|-damage|p1a: Mew|180\/404
|
|-heal|p1a: Mew|205\/404|[from] item: Leftovers
|turn|16
|
|move|p1a: Mew|Transform|p2a: Aggron
|-transform|p1a: Mew|p2a: Aggron
|move|p2a: Aggron|Heavy Slam|p1a: Mew
|-resisted|p1a: Mew
|-damage|p1a: Mew|191\/404
|
|-heal|p1a: Mew|216\/404|[from] item: Leftovers
|turn|17
|
|switch|p2a: Cofagrigus|Cofagrigus, F|300\/320 tox
|move|p1a: Mew|Stealth Rock|p2a: Cofagrigus
|-sidestart|p2: Xiba|move: Stealth Rock
|
|-heal|p1a: Mew|241\/404|[from] item: Leftovers
|-heal|p2a: Cofagrigus|320\/320 tox|[from] item: Leftovers
|-damage|p2a: Cofagrigus|300\/320 tox|[from] psn
|turn|18
|
|switch|p1a: Absol|Absol-Mega, F|272\/272
|-damage|p1a: Absol|238\/272|[from] Stealth Rock
|move|p2a: Cofagrigus|Toxic Spikes|p1a: Absol
|move|p1a: Absol|Toxic Spikes|p2a: Cofagrigus|[from]Magic Bounce
|-sidestart|p2: Xiba|move: Toxic Spikes
|
|-heal|p2a: Cofagrigus|320\/320 tox|[from] item: Leftovers
|-damage|p2a: Cofagrigus|280\/320 tox|[from] psn
|turn|19
|
|switch|p2a: Florges|Florges, F|360\/360
|-status|p2a: Florges|psn
|-damage|p2a: Florges|315\/360 psn|[from] Stealth Rock
|move|p1a: Absol|Knock Off|p2a: Florges
|-resisted|p2a: Florges
|-damage|p2a: Florges|219\/360 psn
|-enditem|p2a: Florges|Leftovers|[from] move: Knock Off|[of] p1a: Absol
|
|-damage|p2a: Florges|174\/360 psn|[from] psn
|turn|20
|
|switch|p1a: Mew|Mew|241\/404
|-damage|p1a: Mew|191\/404|[from] Stealth Rock
|move|p2a: Florges|Wish|p2a: Florges
|
|-heal|p1a: Mew|216\/404|[from] item: Leftovers
|-damage|p2a: Florges|129\/360 psn|[from] psn
|turn|21
|
|move|p1a: Mew|Soft-Boiled|p1a: Mew
|-heal|p1a: Mew|404\/404
|move|p2a: Florges|Aromatherapy|p2a: Florges
|-cureteam|p2a: Florges|[from] move: Aromatherapy
|
|-heal|p2a: Florges|309\/360|[from] move: Wish|[wisher] Florges
|turn|22
|
|move|p1a: Mew|Super Fang|p2a: Florges
|-damage|p2a: Florges|155\/360
|move|p2a: Florges|Wish|p2a: Florges
|
|turn|23
|
|switch|p2a: Blastoise|Blastoise, F|196\/362
|-status|p2a: Blastoise|psn
|-damage|p2a: Blastoise|151\/362 psn|[from] Stealth Rock
|move|p1a: Mew|Psychic|p2a: Blastoise
|-damage|p2a: Blastoise|49\/362 psn
|
|-heal|p2a: Blastoise|229\/362 psn|[from] move: Wish|[wisher] Florges
|-heal|p2a: Blastoise|251\/362 psn|[from] item: Leftovers
|-damage|p2a: Blastoise|206\/362 psn|[from] psn
|turn|24
|
|move|p1a: Mew|Transform|p2a: Blastoise
|-transform|p1a: Mew|p2a: Blastoise
|move|p2a: Blastoise|Rapid Spin|p1a: Mew
|-damage|p1a: Mew|396\/404
|-sideend|p2: Xiba|Toxic Spikes|[from] move: Rapid Spin|[of] p2a: Blastoise
|-sideend|p2: Xiba|Stealth Rock|[from] move: Rapid Spin|[of] p2a: Blastoise
|
|-heal|p2a: Blastoise|228\/362 psn|[from] item: Leftovers
|-heal|p1a: Mew|404\/404|[from] item: Leftovers
|-damage|p2a: Blastoise|183\/362 psn|[from] psn
|turn|25
|
|switch|p2a: Cofagrigus|Cofagrigus, F|280\/320
|move|p1a: Mew|Roar|p2a: Cofagrigus
|drag|p2a: Blastoise|Blastoise, F|183\/362 psn
|
|-heal|p2a: Blastoise|205\/362 psn|[from] item: Leftovers
|-damage|p2a: Blastoise|160\/362 psn|[from] psn
|turn|26
|
|switch|p2a: Roserade|Roserade, M|324\/324
|move|p1a: Mew|Toxic|p2a: Roserade
|-fail|p2a: Roserade
|
|turn|27
|
|move|p2a: Roserade|Giga Drain|p1a: Mew
|-supereffective|p1a: Mew
|-damage|p1a: Mew|192\/404
|move|p1a: Mew|Rapid Spin|p2a: Roserade
|-damage|p2a: Roserade|309\/324
|-sideend|p1: fairyfloss|Stealth Rock|[from] move: Rapid Spin|[of] p1a: Mew
|
|-heal|p2a: Roserade|324\/324|[from] item: Black Sludge
|-heal|p1a: Mew|217\/404|[from] item: Leftovers
|turn|28
|
|switch|p1a: Shedinja|Shedinja|1\/1
|move|p2a: Roserade|Giga Drain|p1a: Shedinja
|-activate|p1a: Shedinja|ability: Wonder Guard
|
|turn|29
|
|switch|p1a: Absol|Absol-Mega, F|238\/272
|move|p2a: Roserade|Spikes|p1a: Absol
|move|p1a: Absol|Spikes|p2a: Roserade|[from]Magic Bounce
|-sidestart|p2: Xiba|Spikes
|
|turn|30
|
|switch|p2a: Aggron|Aggron-Mega, F|172\/344
|-damage|p2a: Aggron|129\/344|[from] Spikes
|move|p1a: Absol|Knock Off|p2a: Aggron
|-damage|p2a: Aggron|75\/344
|
|turn|31
|
|move|p1a: Absol|Superpower|p2a: Aggron
|-supereffective|p2a: Aggron
|-damage|p2a: Aggron|0 fnt
|-unboost|p1a: Absol|atk|1
|-unboost|p1a: Absol|def|1
|faint|p2a: Aggron
|
|
|switch|p2a: Arcanine|Arcanine, F|383\/383
|-damage|p2a: Arcanine|336\/383|[from] Spikes
|-ability|p2a: Arcanine|Intimidate|[of] p1a: Absol
|-unboost|p1a: Absol|atk|1
|turn|32
|
|move|p1a: Absol|Protect|p1a: Absol
|-singleturn|p1a: Absol|Protect
|move|p2a: Arcanine|Toxic|p1a: Absol
|-activate|p1a: Absol|Protect
|
|-heal|p2a: Arcanine|359\/383|[from] item: Leftovers
|turn|33
|
|switch|p1a: Mew|Mew|217\/404
|move|p2a: Arcanine|Flare Blitz|p1a: Mew
|-damage|p1a: Mew|55\/404
|-damage|p2a: Arcanine|306\/383|[from] recoil|[of] p1a: Mew
|
|-heal|p1a: Mew|80\/404|[from] item: Leftovers
|-heal|p2a: Arcanine|329\/383|[from] item: Leftovers
|turn|34
|
|switch|p1a: Relicanth|Relicanth, F|382\/404
|move|p2a: Arcanine|Extreme Speed|p1a: Relicanth
|-resisted|p1a: Relicanth
|-damage|p1a: Relicanth|361\/404
|
|-heal|p2a: Arcanine|352\/383|[from] item: Leftovers
|-heal|p1a: Relicanth|386\/404|[from] item: Leftovers
|turn|35
|
|switch|p2a: Cofagrigus|Cofagrigus, F|280\/320
|-damage|p2a: Cofagrigus|240\/320|[from] Spikes
|move|p1a: Relicanth|Head Smash|p2a: Cofagrigus
|-damage|p2a: Cofagrigus|155\/320
|-endability|p1a: Relicanth|rockhead|[from] Mummy
|-ability|p1a: Relicanth|Mummy|[from] Mummy
|
|-heal|p1a: Relicanth|404\/404|[from] item: Leftovers
|-heal|p2a: Cofagrigus|175\/320|[from] item: Leftovers
|turn|36
|
|move|p1a: Relicanth|Toxic|p2a: Cofagrigus
|-status|p2a: Cofagrigus|tox
|move|p2a: Cofagrigus|Toxic Spikes|p1a: Relicanth
|-sidestart|p1: fairyfloss|move: Toxic Spikes
|
|-heal|p2a: Cofagrigus|195\/320 tox|[from] item: Leftovers
|-damage|p2a: Cofagrigus|175\/320 tox|[from] psn
|turn|37
|
|switch|p2a: Florges|Florges, F|155\/360
|-damage|p2a: Florges|110\/360|[from] Spikes
|move|p1a: Relicanth|Head Smash|p2a: Florges
|-damage|p2a: Florges|0 fnt
|-damage|p1a: Relicanth|349\/404|[from] recoil|[of] p2a: Florges
|faint|p2a: Florges
|
|-heal|p1a: Relicanth|374\/404|[from] item: Leftovers
|
|switch|p2a: Roserade|Roserade, M|324\/324
|-damage|p2a: Roserade|284\/324|[from] Spikes
|turn|38
|
|switch|p1a: Absol|Absol-Mega, F|261\/261
|-status|p1a: Absol|psn
|move|p2a: Roserade|Giga Drain|p1a: Absol
|replace|p1a: Zoroark|Zoroark, M|261\/261 psn
|-damage|p1a: Zoroark|93\/261 psn
|-heal|p2a: Roserade|324\/324|[from] drain|[of] p1a: Zoroark
|
|-damage|p1a: Zoroark|61\/261 psn|[from] psn
|turn|39
|
|switch|p2a: Arcanine|Arcanine, F|352\/383
|-damage|p2a: Arcanine|305\/383|[from] Spikes
|-ability|p2a: Arcanine|Intimidate|[of] p1a: Zoroark
|-unboost|p1a: Zoroark|atk|1
|move|p1a: Zoroark|Flamethrower|p2a: Arcanine
|-resisted|p2a: Arcanine
|-damage|p2a: Arcanine|211\/383
|
|-heal|p2a: Arcanine|234\/383|[from] item: Leftovers
|-damage|p1a: Zoroark|29\/261 psn|[from] psn
|turn|40
|
|switch|p1a: Relicanth|Relicanth, F|374\/404
|-status|p1a: Relicanth|psn
|move|p2a: Arcanine|Flare Blitz|p1a: Relicanth
|-resisted|p1a: Relicanth
|-damage|p1a: Relicanth|351\/404 psn
|-damage|p2a: Arcanine|226\/383|[from] recoil|[of] p1a: Relicanth
|
|-heal|p2a: Arcanine|249\/383|[from] item: Leftovers
|-heal|p1a: Relicanth|376\/404 psn|[from] item: Leftovers
|-damage|p1a: Relicanth|326\/404 psn|[from] psn
|turn|41
|
|switch|p2a: Blastoise|Blastoise, F|160\/362 psn
|-damage|p2a: Blastoise|115\/362 psn|[from] Spikes
|move|p1a: Relicanth|Head Smash|p2a: Blastoise
|-damage|p2a: Blastoise|0 fnt
|faint|p2a: Blastoise
|
|-heal|p1a: Relicanth|351\/404 psn|[from] item: Leftovers
|-damage|p1a: Relicanth|301\/404 psn|[from] psn
|
|switch|p2a: Arcanine|Arcanine, F|249\/383
|-damage|p2a: Arcanine|202\/383|[from] Spikes
|-ability|p2a: Arcanine|Intimidate|[of] p1a: Relicanth
|-unboost|p1a: Relicanth|atk|1
|turn|42
|
|switch|p2a: Cofagrigus|Cofagrigus, F|175\/320 tox
|-damage|p2a: Cofagrigus|135\/320 tox|[from] Spikes
|move|p1a: Relicanth|Head Smash|p2a: Cofagrigus
|-damage|p2a: Cofagrigus|78\/320 tox
|-endability|p1a: Relicanth|rockhead|[from] Mummy
|-ability|p1a: Relicanth|Mummy|[from] Mummy
|
|-heal|p1a: Relicanth|326\/404 psn|[from] item: Leftovers
|-heal|p2a: Cofagrigus|98\/320 tox|[from] item: Leftovers
|-damage|p1a: Relicanth|276\/404 psn|[from] psn
|-damage|p2a: Cofagrigus|78\/320 tox|[from] psn
|turn|43
|
|move|p1a: Relicanth|Head Smash|p2a: Cofagrigus|[miss]
|-miss|p1a: Relicanth|p2a: Cofagrigus
|move|p2a: Cofagrigus|Shadow Ball|p1a: Relicanth
|-damage|p1a: Relicanth|143\/404 psn
|
|-heal|p1a: Relicanth|168\/404 psn|[from] item: Leftovers
|-heal|p2a: Cofagrigus|98\/320 tox|[from] item: Leftovers
|-damage|p1a: Relicanth|118\/404 psn|[from] psn
|-damage|p2a: Cofagrigus|58\/320 tox|[from] psn
|turn|44
|
|switch|p2a: Arcanine|Arcanine, F|202\/383
|-damage|p2a: Arcanine|155\/383|[from] Spikes
|-ability|p2a: Arcanine|Intimidate|[of] p1a: Relicanth
|-unboost|p1a: Relicanth|atk|1
|move|p1a: Relicanth|Rest|p1a: Relicanth
|-status|p1a: Relicanth|slp
|-heal|p1a: Relicanth|404\/404 slp|[silent]
|-status|p1a: Relicanth|slp|[from] move: Rest
|
|-heal|p2a: Arcanine|178\/383|[from] item: Leftovers
|turn|45
|
|move|p2a: Arcanine|Morning Sun|p2a: Arcanine
|-heal|p2a: Arcanine|369\/383
|cant|p1a: Relicanth|slp
|
|-heal|p2a: Arcanine|383\/383|[from] item: Leftovers
|turn|46
|
|switch|p2a: Roserade|Roserade, M|324\/324
|-damage|p2a: Roserade|284\/324|[from] Spikes
|cant|p1a: Relicanth|slp
|
|-heal|p2a: Roserade|304\/324|[from] item: Black Sludge
|turn|47
|
|switch|p1a: Ditto|Ditto|254\/299
|-status|p1a: Ditto|psn
|-transform|p1a: Ditto|p2a: Roserade
|move|p2a: Roserade|Giga Drain|p1a: Ditto
|-resisted|p1a: Ditto
|-damage|p1a: Ditto|236\/299 psn
|-heal|p2a: Roserade|313\/324|[from] drain|[of] p1a: Ditto
|
|-heal|p2a: Roserade|324\/324|[from] item: Black Sludge
|-damage|p1a: Ditto|199\/299 psn|[from] psn
|turn|48
|
|move|p1a: Ditto|Sludge Bomb|p2a: Roserade
|-damage|p2a: Roserade|236\/324
|move|p2a: Roserade|Sludge Bomb|p1a: Ditto
|-damage|p1a: Ditto|106\/299 psn
|
|-heal|p2a: Roserade|256\/324|[from] item: Black Sludge
|-damage|p1a: Ditto|69\/299 psn|[from] psn
|turn|49
|
|switch|p1a: Shedinja|Shedinja|1\/1
|-status|p1a: Shedinja|psn
|move|p2a: Roserade|Sludge Bomb|p1a: Shedinja
|-activate|p1a: Shedinja|ability: Wonder Guard
|
|-heal|p2a: Roserade|276\/324|[from] item: Black Sludge
|-damage|p1a: Shedinja|0 fnt|[from] psn
|faint|p1a: Shedinja
|
|switch|p1a: Mew|Mew|80\/404
|-status|p1a: Mew|psn
|turn|50
|
|move|p1a: Mew|Soft-Boiled|p1a: Mew
|-heal|p1a: Mew|282\/404 psn
|move|p2a: Roserade|Spikes|p1a: Mew
|-sidestart|p1: fairyfloss|Spikes
|
|-heal|p1a: Mew|307\/404 psn|[from] item: Leftovers
|-heal|p2a: Roserade|296\/324|[from] item: Black Sludge
|-damage|p1a: Mew|257\/404 psn|[from] psn
|turn|51
|
|move|p1a: Mew|Soft-Boiled|p1a: Mew
|-heal|p1a: Mew|404\/404 psn
|move|p2a: Roserade|Giga Drain|p1a: Mew
|-damage|p1a: Mew|322\/404 psn
|-heal|p2a: Roserade|324\/324|[from] drain|[of] p1a: Mew
|
|-heal|p1a: Mew|347\/404 psn|[from] item: Leftovers
|-damage|p1a: Mew|297\/404 psn|[from] psn
|turn|52
|
|move|p1a: Mew|Super Fang|p2a: Roserade
|-damage|p2a: Roserade|162\/324
|move|p2a: Roserade|Giga Drain|p1a: Mew
|-damage|p1a: Mew|224\/404 psn
|-heal|p2a: Roserade|199\/324|[from] drain|[of] p1a: Mew
|
|-heal|p1a: Mew|249\/404 psn|[from] item: Leftovers
|-heal|p2a: Roserade|219\/324|[from] item: Black Sludge
|-damage|p1a: Mew|199\/404 psn|[from] psn
|turn|53
|
|move|p1a: Mew|Soft-Boiled|p1a: Mew
|-heal|p1a: Mew|401\/404 psn
|move|p2a: Roserade|Sludge Bomb|p1a: Mew
|-damage|p1a: Mew|310\/404 psn
|
|-heal|p1a: Mew|335\/404 psn|[from] item: Leftovers
|-heal|p2a: Roserade|239\/324|[from] item: Black Sludge
|-damage|p1a: Mew|285\/404 psn|[from] psn
|turn|54
|
|move|p1a: Mew|Transform|p2a: Roserade
|-transform|p1a: Mew|p2a: Roserade
|move|p2a: Roserade|Sludge Bomb|p1a: Mew
|-damage|p1a: Mew|188\/404 psn
|
|-heal|p2a: Roserade|259\/324|[from] item: Black Sludge
|-heal|p1a: Mew|213\/404 psn|[from] item: Leftovers
|-damage|p1a: Mew|163\/404 psn|[from] psn
|turn|55
|
|move|p2a: Roserade|Sludge Bomb|p1a: Mew
|-damage|p1a: Mew|73\/404 psn
|move|p1a: Mew|Spikes|p2a: Roserade
|-sidestart|p2: Xiba|Spikes
|
|-heal|p1a: Mew|98\/404 psn|[from] item: Leftovers
|-heal|p2a: Roserade|279\/324|[from] item: Black Sludge
|-damage|p1a: Mew|48\/404 psn|[from] psn
|turn|56
|
|move|p1a: Mew|Rest|p1a: Mew
|-status|p1a: Mew|slp
|-heal|p1a: Mew|404\/404 slp|[silent]
|-status|p1a: Mew|slp|[from] move: Rest
|move|p2a: Roserade|Sludge Bomb|p1a: Mew
|-damage|p1a: Mew|308\/404 slp
|
|-heal|p2a: Roserade|299\/324|[from] item: Black Sludge
|-heal|p1a: Mew|333\/404 slp|[from] item: Leftovers
|turn|57
|
|switch|p1a: Absol|Absol-Mega, F|238\/272
|-damage|p1a: Absol|204\/272|[from] Spikes
|-status|p1a: Absol|psn
|move|p2a: Roserade|Sludge Bomb|p1a: Absol
|-damage|p1a: Absol|2\/272 psn
|
|-heal|p2a: Roserade|319\/324|[from] item: Black Sludge
|-damage|p1a: Absol|0 fnt|[from] psn
|faint|p1a: Absol
|
|switch|p1a: Mew|Mew|29\/261 psn
|-damage|p1a: Mew|0 fnt|[from] Spikes
|faint|p1a: Mew
|
|switch|p1a: Mew|Mew|333\/404
|-status|p1a: Mew|psn
|-damage|p1a: Mew|283\/404 psn|[from] Spikes
|turn|58
|join|Have.
|
|move|p1a: Mew|Super Fang|p2a: Roserade|[miss]
|-miss|p1a: Mew|p2a: Roserade
|move|p2a: Roserade|Sludge Bomb|p1a: Mew
|-damage|p1a: Mew|187\/404 psn
|
|-heal|p1a: Mew|212\/404 psn|[from] item: Leftovers
|-heal|p2a: Roserade|324\/324|[from] item: Black Sludge
|-damage|p1a: Mew|162\/404 psn|[from] psn
|turn|59
|
|switch|p2a: Cofagrigus|Cofagrigus, F|58\/320 tox
|-damage|p2a: Cofagrigus|5\/320 tox|[from] Spikes
|move|p1a: Mew|Soft-Boiled|p1a: Mew
|-heal|p1a: Mew|364\/404 psn
|
|-heal|p1a: Mew|389\/404 psn|[from] item: Leftovers
|-heal|p2a: Cofagrigus|25\/320 tox|[from] item: Leftovers
|-damage|p1a: Mew|339\/404 psn|[from] psn
|-damage|p2a: Cofagrigus|5\/320 tox|[from] psn
|turn|60
|
|move|p1a: Mew|Psychic|p2a: Cofagrigus
|-damage|p2a: Cofagrigus|0 fnt
|faint|p2a: Cofagrigus
|
|-heal|p1a: Mew|364\/404 psn|[from] item: Leftovers
|-damage|p1a: Mew|314\/404 psn|[from] psn
|leave|Have.
|
|switch|p2a: Arcanine|Arcanine, F|383\/383
|-damage|p2a: Arcanine|320\/383|[from] Spikes
|-ability|p2a: Arcanine|Intimidate|[of] p1a: Mew
|-unboost|p1a: Mew|atk|1
|turn|61
|
|switch|p1a: Relicanth|Relicanth, F|404\/404 slp
|-damage|p1a: Relicanth|354\/404 slp|[from] Spikes
|move|p2a: Arcanine|Flare Blitz|p1a: Relicanth
|-resisted|p1a: Relicanth
|-damage|p1a: Relicanth|333\/404 slp
|-damage|p2a: Arcanine|313\/383|[from] recoil|[of] p1a: Relicanth
|
|-heal|p2a: Arcanine|336\/383|[from] item: Leftovers
|-heal|p1a: Relicanth|358\/404 slp|[from] item: Leftovers
|turn|62
|
|switch|p2a: Roserade|Roserade, M|324\/324
|-damage|p2a: Roserade|270\/324|[from] Spikes
|-curestatus|p1a: Relicanth|slp
|move|p1a: Relicanth|Head Smash|p2a: Roserade
|-damage|p2a: Roserade|53\/324
|
|-heal|p2a: Roserade|73\/324|[from] item: Black Sludge
|-heal|p1a: Relicanth|383\/404|[from] item: Leftovers
|turn|63
|
|switch|p1a: Mew|Mew|314\/404 psn
|-damage|p1a: Mew|264\/404 psn|[from] Spikes
|move|p2a: Roserade|Giga Drain|p1a: Mew
|-damage|p1a: Mew|180\/404 psn
|-heal|p2a: Roserade|115\/324|[from] drain|[of] p1a: Mew
|
|-heal|p1a: Mew|205\/404 psn|[from] item: Leftovers
|-heal|p2a: Roserade|135\/324|[from] item: Black Sludge
|-damage|p1a: Mew|155\/404 psn|[from] psn
|turn|64
|
|move|p1a: Mew|Soft-Boiled|p1a: Mew
|-heal|p1a: Mew|357\/404 psn
|move|p2a: Roserade|Giga Drain|p1a: Mew
|-damage|p1a: Mew|285\/404 psn
|-heal|p2a: Roserade|171\/324|[from] drain|[of] p1a: Mew
|
|-heal|p1a: Mew|310\/404 psn|[from] item: Leftovers
|-heal|p2a: Roserade|191\/324|[from] item: Black Sludge
|-damage|p1a: Mew|260\/404 psn|[from] psn
|turn|65
|
|move|p1a: Mew|Psychic|p2a: Roserade
|-supereffective|p2a: Roserade
|-damage|p2a: Roserade|47\/324
|move|p2a: Roserade|Sludge Bomb|p1a: Mew
|-crit|p1a: Mew
|-damage|p1a: Mew|113\/404 psn
|
|-heal|p1a: Mew|138\/404 psn|[from] item: Leftovers
|-heal|p2a: Roserade|67\/324|[from] item: Black Sludge
|-damage|p1a: Mew|88\/404 psn|[from] psn
|turn|66
|
|move|p1a: Mew|Soft-Boiled|p1a: Mew
|-heal|p1a: Mew|290\/404 psn
|move|p2a: Roserade|Giga Drain|p1a: Mew
|-damage|p1a: Mew|211\/404 psn
|-heal|p2a: Roserade|107\/324|[from] drain|[of] p1a: Mew
|
|-heal|p1a: Mew|236\/404 psn|[from] item: Leftovers
|-heal|p2a: Roserade|127\/324|[from] item: Black Sludge
|-damage|p1a: Mew|186\/404 psn|[from] psn
|turn|67
|
|move|p1a: Mew|Psychic|p2a: Roserade
|-supereffective|p2a: Roserade
|-damage|p2a: Roserade|0 fnt
|faint|p2a: Roserade
|
|-heal|p1a: Mew|211\/404 psn|[from] item: Leftovers
|-damage|p1a: Mew|161\/404 psn|[from] psn
|c|âXiba|Have you been teasing me?
|
|switch|p2a: Arcanine|Arcanine, F|336\/383
|-damage|p2a: Arcanine|273\/383|[from] Spikes
|-ability|p2a: Arcanine|Intimidate|[of] p1a: Mew
|-unboost|p1a: Mew|atk|1
|turn|68
|c|âfairyfloss|forgot it was super effective l0l
|
|move|p1a: Mew|Super Fang|p2a: Arcanine
|-damage|p2a: Arcanine|137\/383
|move|p2a: Arcanine|Flare Blitz|p1a: Mew
|-damage|p1a: Mew|8\/404 psn
|-damage|p2a: Arcanine|87\/383|[from] recoil|[of] p1a: Mew
|
|-heal|p1a: Mew|33\/404 psn|[from] item: Leftovers
|-heal|p2a: Arcanine|110\/383|[from] item: Leftovers
|-damage|p1a: Mew|0 fnt|[from] psn
|faint|p1a: Mew
|c|âXiba|;)
|
|switch|p1a: Relicanth|Relicanth, F|383\/404
|-status|p1a: Relicanth|psn
|-damage|p1a: Relicanth|333\/404 psn|[from] Spikes
|turn|69
|
|move|p2a: Arcanine|Morning Sun|p2a: Arcanine
|-heal|p2a: Arcanine|301\/383
|move|p1a: Relicanth|Head Smash|p2a: Arcanine
|-supereffective|p2a: Arcanine
|-damage|p2a: Arcanine|43\/383
|
|-heal|p2a: Arcanine|66\/383|[from] item: Leftovers
|-heal|p1a: Relicanth|358\/404 psn|[from] item: Leftovers
|-damage|p1a: Relicanth|308\/404 psn|[from] psn
|turn|70
|
|move|p2a: Arcanine|Morning Sun|p2a: Arcanine
|-heal|p2a: Arcanine|257\/383
|move|p1a: Relicanth|Toxic|p2a: Arcanine
|-status|p2a: Arcanine|tox
|
|-heal|p2a: Arcanine|280\/383 tox|[from] item: Leftovers
|-heal|p1a: Relicanth|333\/404 psn|[from] item: Leftovers
|-damage|p2a: Arcanine|257\/383 tox|[from] psn
|-damage|p1a: Relicanth|283\/404 psn|[from] psn
|turn|71
|
|move|p2a: Arcanine|Extreme Speed|p1a: Relicanth
|-resisted|p1a: Relicanth
|-damage|p1a: Relicanth|263\/404 psn
|move|p1a: Relicanth|Rest|p1a: Relicanth
|-status|p1a: Relicanth|slp
|-heal|p1a: Relicanth|404\/404 slp|[silent]
|-status|p1a: Relicanth|slp|[from] move: Rest
|
|-heal|p2a: Arcanine|280\/383 tox|[from] item: Leftovers
|-damage|p2a: Arcanine|234\/383 tox|[from] psn
|turn|72
|c|âXiba|gg
|-message|Xiba forfeited.
|
|win|fairyfloss
|raw|Ladder updating...
|raw|fairyfloss's rating: 1263 &rarr; <strong>1290<\/strong><br \/>(+27 for winning)
|raw|Xiba's rating: 1290 &rarr; <strong>1263<\/strong><br \/>(-27 for losing)
|leave|Xiba
|player|p2