|join|Xiba
|join|ousurvey 2.0
|player|p1|Xiba|170
|player|p2|ousurvey 2.0|169
|gametype|singles
|gen|6
|tier|UU
|rated
|rule|Sleep Clause Mod: Limit one foe put to sleep
|rule|Species Clause: Limit one of each PokÃ©mon
|rule|OHKO Clause: OHKO moves are banned
|rule|Moody Clause: Moody is banned
|rule|Evasion Moves Clause: Evasion moves are banned
|rule|Endless Battle Clause: Forcing endless battles is banned
|rule|HP Percentage Mod: HP is reported as percentages
|clearpoke
|poke|p1|Kingdra, M
|poke|p1|Florges, F
|poke|p1|Mew
|poke|p1|Lucario, F
|poke|p1|Heracross, M
|poke|p1|Aggron, M
|poke|p2|Slowbro, M
|poke|p2|Cloyster, F
|poke|p2|Ampharos, M
|poke|p2|Trevenant, F
|poke|p2|Forretress, M
|poke|p2|Aromatisse, M
|rule|Swagger Clause: Swagger is banned
|rule|Baton Pass Clause: Limit one PokÃ©mon knowing Baton Pass
|teampreview
|chat|ousurvey 2.0|gl, hf
|chat|Xiba|YOU TOO
|
|start
|switch|p1a: Aggron|Aggron, M|344\/344
|switch|p2a: Raditz|Ampharos, M|384\/384
|turn|1
|
|detailschange|p2a: Raditz|Ampharos-Mega, M
|message|Ampharos has Mega Evolved into Mega Ampharos!
|-ability|p2a: Raditz|Mold Breaker
|detailschange|p1a: Aggron|Aggron-Mega, M
|message|Aggron has Mega Evolved into Mega Aggron!
|move|p2a: Raditz|Focus Blast|p1a: Aggron|[miss]
|-miss|p2a: Raditz|p1a: Aggron
|move|p1a: Aggron|Earthquake|p2a: Raditz
|-supereffective|p2a: Raditz
|-damage|p2a: Raditz|172\/384
|
|turn|2
|chat|ousurvey 2.0|There it goes
|
|switch|p1a: Florges|Florges, F|360\/360
|switch|p2a: Treebeard|Trevenant, F|374\/374
|
|turn|3
|
|switch|p1a: Heracross|Heracross, M|301\/301
|move|p2a: Treebeard|Leech Seed|p1a: Heracross
|-start|p1a: Heracross|move: Leech Seed
|
|-damage|p1a: Heracross|264\/301|[from] Leech Seed|[of] p2a: Treebeard
|turn|4
|
|move|p1a: Heracross|Knock Off|p2a: Treebeard
|-supereffective|p2a: Treebeard
|-damage|p2a: Treebeard|82\/374
|-enditem|p2a: Treebeard|Sitrus Berry|[from] move: Knock Off|[of] p1a: Heracross
|move|p2a: Treebeard|Shadow Claw|p1a: Heracross
|-damage|p1a: Heracross|155\/301
|
|-damage|p1a: Heracross|118\/301|[from] Leech Seed|[of] p2a: Treebeard
|-heal|p2a: Treebeard|119\/374|[silent]
|turn|5
|
|switch|p2a: Forretress|Forretress, M|354\/354
|move|p1a: Heracross|Knock Off|p2a: Forretress
|-damage|p2a: Forretress|291\/354
|-enditem|p2a: Forretress|Leftovers|[from] move: Knock Off|[of] p1a: Heracross
|
|-damage|p1a: Heracross|81\/301|[from] Leech Seed|[of] p2a: Forretress
|-heal|p2a: Forretress|328\/354|[silent]
|turn|6
|
|switch|p1a: Kingdra|Kingdra, M|307\/307
|move|p2a: Forretress|Spikes|p1a: Kingdra
|-sidestart|p1: Xiba|Spikes
|
|turn|7
|
|switch|p2a: Aromatisse|Aromatisse, M|364\/364
|move|p1a: Kingdra|Focus Energy|p1a: Kingdra
|-start|p1a: Kingdra|move: Focus Energy
|
|turn|8
|
|move|p1a: Kingdra|Hydro Pump|p2a: Aromatisse|[miss]
|-miss|p1a: Kingdra|p2a: Aromatisse
|move|p2a: Aromatisse|Moonblast|p1a: Kingdra
|-supereffective|p1a: Kingdra
|-damage|p1a: Kingdra|35\/307
|-unboost|p1a: Kingdra|spa|1
|
|turn|9
|chat|ousurvey 2.0|sorry
|
|switch|p1a: Mew|Mew|404\/404
|-damage|p1a: Mew|354\/404|[from] Spikes
|switch|p2a: Treebeard|Trevenant, F|119\/374
|
|-heal|p1a: Mew|379\/404|[from] item: Leftovers
|turn|10
|
|move|p1a: Mew|Knock Off|p2a: Treebeard
|-supereffective|p2a: Treebeard
|-damage|p2a: Treebeard|15\/374
|move|p2a: Treebeard|Leech Seed|p1a: Mew
|-start|p1a: Mew|move: Leech Seed
|
|-heal|p1a: Mew|404\/404|[from] item: Leftovers
|-damage|p1a: Mew|354\/404|[from] Leech Seed|[of] p2a: Treebeard
|-heal|p2a: Treebeard|65\/374|[silent]
|turn|11
|
|move|p1a: Mew|Knock Off|p2a: Treebeard
|-supereffective|p2a: Treebeard
|-damage|p2a: Treebeard|0 fnt
|faint|p2a: Treebeard
|
|-heal|p1a: Mew|379\/404|[from] item: Leftovers
|
|switch|p2a: Raditz|Ampharos-Mega, M|172\/384
|-ability|p2a: Raditz|Mold Breaker
|turn|12
|
|switch|p1a: Florges|Florges, F|360\/360
|-damage|p1a: Florges|315\/360|[from] Spikes
|move|p2a: Raditz|Thunderbolt|p1a: Florges
|-damage|p1a: Florges|197\/360
|
|-heal|p1a: Florges|219\/360|[from] item: Leftovers
|turn|13
|
|switch|p2a: ...Ouch?|Slowbro, M|394\/394
|move|p1a: Florges|Wish|p1a: Florges
|
|-heal|p1a: Florges|241\/360|[from] item: Leftovers
|turn|14
|
|switch|p1a: Mew|Mew|379\/404
|-damage|p1a: Mew|329\/404|[from] Spikes
|move|p2a: ...Ouch?|Psyshock|p1a: Mew
|-resisted|p1a: Mew
|-damage|p1a: Mew|280\/404
|
|-heal|p1a: Mew|404\/404|[from] move: Wish|[wisher] Florges
|turn|15
|
|move|p1a: Mew|Soft-Boiled|p1a: Mew
|-fail|p1a: Mew
|move|p2a: ...Ouch?|Calm Mind|p2a: ...Ouch?
|-boost|p2a: ...Ouch?|spa|1
|-boost|p2a: ...Ouch?|spd|1
|
|turn|16
|chat|ousurvey 2.0|Missclick?
|chat|Xiba|ugh yeah
|
|switch|p1a: Heracross|Heracross, M|81\/301
|-damage|p1a: Heracross|44\/301|[from] Spikes
|move|p2a: ...Ouch?|Calm Mind|p2a: ...Ouch?
|-boost|p2a: ...Ouch?|spa|1
|-boost|p2a: ...Ouch?|spd|1
|
|turn|17
|
|move|p1a: Heracross|Megahorn|p2a: ...Ouch?
|-supereffective|p2a: ...Ouch?
|-damage|p2a: ...Ouch?|112\/394
|move|p2a: ...Ouch?|Psyshock|p1a: Heracross
|-supereffective|p1a: Heracross
|-damage|p1a: Heracross|0 fnt
|faint|p1a: Heracross
|
|-heal|p2a: ...Ouch?|136\/394|[from] item: Leftovers
|
|switch|p1a: Lucario|Lucario, F|281\/281
|-damage|p1a: Lucario|246\/281|[from] Spikes
|turn|18
|
|move|p1a: Lucario|Earthquake|p2a: ...Ouch?
|-damage|p2a: ...Ouch?|28\/394
|-damage|p1a: Lucario|218\/281|[from] item: Life Orb
|move|p2a: ...Ouch?|Scald|p1a: Lucario
|-damage|p1a: Lucario|0 fnt
|faint|p1a: Lucario
|
|-heal|p2a: ...Ouch?|52\/394|[from] item: Leftovers
|chat|Xiba|gg
|chat|ousurvey 2.0|Slowbro too bulky
|-message|Xiba forfeited.
|
|win|ousurvey 2.0
|raw|Ladder updating...
|leave|Xiba
|player|p1
|raw|Xiba's rating: 1388 &rarr; <strong>1367<\/strong><br \/>(-21 for losing)
|raw|ousurvey 2.0's rating: 1375 &rarr; <strong>1396<\/strong><br \/>(+21 for winning)