|join|Xiba
|join|RD Ragnarok
|player|p1|Xiba|266
|player|p2|RD Ragnarok|266
|gametype|singles
|gen|6
|tier|UU
|rated
|rule|Sleep Clause Mod: Limit one foe put to sleep
|rule|Species Clause: Limit one of each PokÃ©mon
|rule|OHKO Clause: OHKO moves are banned
|rule|Moody Clause: Moody is banned
|rule|Evasion Moves Clause: Evasion moves are banned
|rule|Endless Battle Clause: Forcing endless battles is banned
|rule|HP Percentage Mod: HP is shown in percentages
|clearpoke
|poke|p1|Beedrill, F
|poke|p1|Mienshao, F
|poke|p1|Gligar, F
|poke|p1|Rotom-Heat
|poke|p1|Hydreigon, M
|poke|p1|Forretress, M
|poke|p2|Gorebyss, F
|poke|p2|Aurorus, F, shiny
|poke|p2|Honchkrow, F
|poke|p2|Haxorus, F
|poke|p2|Lucario, F
|poke|p2|Chandelure, M
|rule|Swagger Clause: Swagger is banned
|rule|Baton Pass Clause: Limit one PokÃ©mon knowing Baton Pass
|teampreview
|
|start
|switch|p1a: Beedrill|Beedrill, F|271\/271
|switch|p2a: Gorebyss|Gorebyss, F|307\/307
|turn|1
|
|detailschange|p1a: Beedrill|Beedrill-Mega, F
|message|Beedrill has Mega Evolved into Mega Beedrill!
|move|p1a: Beedrill|U-turn|p2a: Gorebyss
|-damage|p2a: Gorebyss|133\/307
|
|switch|p1a: Forretress|Forretress, M|354\/354
|move|p2a: Gorebyss|Shell Smash|p2a: Gorebyss
|-boost|p2a: Gorebyss|atk|2
|-boost|p2a: Gorebyss|spa|2
|-boost|p2a: Gorebyss|spe|2
|-unboost|p2a: Gorebyss|def|1
|-unboost|p2a: Gorebyss|spd|1
|
|turn|2
|
|move|p2a: Gorebyss|Baton Pass|p2a: Gorebyss
|
|switch|p2a: Aurorus|Aurorus, F, shiny|405\/405
|-enditem|p2a: Aurorus|White Herb
|-restoreboost|p2a: Aurorus|[silent]
|move|p1a: Forretress|Volt Switch|p2a: Aurorus
|-damage|p2a: Aurorus|368\/405
|
|switch|p1a: Rotom-Heat|Rotom-Heat|241\/241
|
|turn|3
|
|move|p1a: Rotom-Heat|Trick|p2a: Aurorus
|-activate|p1a: Rotom-Heat|move: Trick|[of] p2a: Aurorus
|-item|p2a: Aurorus|Choice Scarf|[from] move: Trick
|move|p2a: Aurorus|Return|p1a: Rotom-Heat
|-crit|p1a: Rotom-Heat
|-resisted|p1a: Rotom-Heat
|-damage|p1a: Rotom-Heat|46\/241
|
|turn|4
|
|switch|p1a: Forretress|Forretress, M|354\/354
|move|p2a: Aurorus|Return|p1a: Forretress
|-resisted|p1a: Forretress
|-damage|p1a: Forretress|252\/354
|
|-heal|p1a: Forretress|274\/354|[from] item: Leftovers
|turn|5
|
|move|p2a: Aurorus|Return|p1a: Forretress
|-resisted|p1a: Forretress
|-damage|p1a: Forretress|164\/354
|move|p1a: Forretress|Spikes|p2a: Aurorus
|-sidestart|p2: RD Ragnarok|Spikes
|
|-heal|p1a: Forretress|186\/354|[from] item: Leftovers
|turn|6
|
|move|p2a: Aurorus|Return|p1a: Forretress
|-resisted|p1a: Forretress
|-damage|p1a: Forretress|82\/354
|move|p1a: Forretress|Gyro Ball|p2a: Aurorus
|-crit|p2a: Aurorus
|-supereffective|p2a: Aurorus
|-damage|p2a: Aurorus|0 fnt
|faint|p2a: Aurorus
|
|-heal|p1a: Forretress|104\/354|[from] item: Leftovers
|
|switch|p2a: Honchkrow|Honchkrow, F|351\/351
|turn|7
|
|move|p2a: Honchkrow|Brave Bird|p1a: Forretress
|-damage|p1a: Forretress|0 fnt
|-damage|p2a: Honchkrow|317\/351|[from] recoil|[of] p1a: Forretress
|-damage|p2a: Honchkrow|282\/351|[from] item: Life Orb
|faint|p1a: Forretress
|-boost|p2a: Honchkrow|atk|1|[from] ability: Moxie
|
|
|switch|p1a: Mienshao|Mienshao, F|271\/271
|turn|8
|
|move|p2a: Honchkrow|Sucker Punch|p1a: Mienshao
|-resisted|p1a: Mienshao
|-damage|p1a: Mienshao|66\/271
|-damage|p2a: Honchkrow|247\/351|[from] item: Life Orb
|move|p1a: Mienshao|Stone Edge|p2a: Honchkrow
|-supereffective|p2a: Honchkrow
|-damage|p2a: Honchkrow|0 fnt
|faint|p2a: Honchkrow
|
|
|switch|p2a: Gorebyss|Gorebyss, F|133\/307
|-damage|p2a: Gorebyss|95\/307|[from] Spikes
|turn|9
|
|switch|p2a: Chandelure|Chandelure, M|261\/261
|-damage|p2a: Chandelure|229\/261|[from] Spikes
|move|p1a: Mienshao|Stone Edge|p2a: Chandelure|[miss]
|-miss|p1a: Mienshao|p2a: Chandelure
|
|turn|10
|
|switch|p1a: Rotom-Heat|Rotom-Heat|46\/241
|move|p2a: Chandelure|Trick|p1a: Rotom-Heat
|-activate|p2a: Chandelure|move: Trick|[of] p1a: Rotom-Heat
|-item|p1a: Rotom-Heat|Choice Scarf|[from] move: Trick
|
|turn|11
|
|move|p1a: Rotom-Heat|Volt Switch|p2a: Chandelure
|-damage|p2a: Chandelure|103\/261
|
|switch|p1a: Hydreigon|Hydreigon, M|325\/325
|move|p2a: Chandelure|Shadow Ball|p1a: Hydreigon
|-resisted|p1a: Hydreigon
|-damage|p1a: Hydreigon|238\/325
|
|turn|12
|
|move|p1a: Hydreigon|Fire Blast|p2a: Chandelure
|-resisted|p2a: Chandelure
|-damage|p2a: Chandelure|0 fnt
|faint|p2a: Chandelure
|
|
|switch|p2a: Gorebyss|Gorebyss, F|95\/307
|-damage|p2a: Gorebyss|57\/307|[from] Spikes
|turn|13
|
|move|p1a: Hydreigon|Fire Blast|p2a: Gorebyss|[miss]
|-miss|p1a: Hydreigon|p2a: Gorebyss
|move|p2a: Gorebyss|Shell Smash|p2a: Gorebyss
|-boost|p2a: Gorebyss|atk|2
|-boost|p2a: Gorebyss|spa|2
|-boost|p2a: Gorebyss|spe|2
|-unboost|p2a: Gorebyss|def|1
|-unboost|p2a: Gorebyss|spd|1
|
|turn|14
|
|move|p2a: Gorebyss|Ice Beam|p1a: Hydreigon
|-supereffective|p1a: Hydreigon
|-damage|p1a: Hydreigon|0 fnt
|faint|p1a: Hydreigon
|
|
|switch|p1a: Mienshao|Mienshao, F|156\/271
|turn|15
|
|move|p2a: Gorebyss|Brine|p1a: Mienshao
|-crit|p1a: Mienshao
|-damage|p1a: Mienshao|0 fnt
|faint|p1a: Mienshao
|
|c|âXiba|Life sucks.
|
|switch|p1a: Rotom-Heat|Rotom-Heat|46\/241
|turn|16
|
|move|p1a: Rotom-Heat|Volt Switch|p2a: Gorebyss
|-supereffective|p2a: Gorebyss
|-damage|p2a: Gorebyss|0 fnt
|faint|p2a: Gorebyss
|
|switch|p1a: Gligar|Gligar, F|334\/334
|
|c|âRD Ragnarok|jesus h
|
|switch|p2a: Haxorus|Haxorus, F|293\/293
|-damage|p2a: Haxorus|257\/293|[from] Spikes
|-ability|p2a: Haxorus|Mold Breaker
|turn|17
|
|move|p2a: Haxorus|Dragon Dance|p2a: Haxorus
|-boost|p2a: Haxorus|atk|1
|-boost|p2a: Haxorus|spe|1
|move|p1a: Gligar|U-turn|p2a: Haxorus
|-damage|p2a: Haxorus|212\/293
|
|switch|p1a: Beedrill|Beedrill-Mega, F|271\/271
|
|turn|18
|
|switch|p1a: Rotom-Heat|Rotom-Heat|46\/241
|move|p2a: Haxorus|Dragon Claw|p1a: Rotom-Heat
|-damage|p1a: Rotom-Heat|0 fnt
|faint|p1a: Rotom-Heat
|
|
|switch|p1a: Gligar|Gligar, F|334\/334
|turn|19
|
|move|p2a: Haxorus|Dragon Claw|p1a: Gligar
|-damage|p1a: Gligar|223\/334
|move|p1a: Gligar|Earthquake|p2a: Haxorus
|-damage|p2a: Haxorus|112\/293
|
|turn|20
|
|move|p2a: Haxorus|Dragon Claw|p1a: Gligar
|-damage|p1a: Gligar|105\/334
|move|p1a: Gligar|Earthquake|p2a: Haxorus
|-damage|p2a: Haxorus|3\/293
|
|turn|21
|
|move|p2a: Haxorus|Dragon Claw|p1a: Gligar
|-crit|p1a: Gligar
|-damage|p1a: Gligar|0 fnt
|faint|p1a: Gligar
|
|
|switch|p1a: Beedrill|Beedrill-Mega, F|271\/271
|turn|22
|
|move|p1a: Beedrill|Protect|p1a: Beedrill
|-singleturn|p1a: Beedrill|Protect
|move|p2a: Haxorus|Dragon Claw|p1a: Beedrill
|-activate|p1a: Beedrill|Protect
|
|turn|23
|c|âRD Ragnarok|gg
|
|move|p2a: Haxorus|Dragon Claw|p1a: Beedrill
|-damage|p1a: Beedrill|0 fnt
|faint|p1a: Beedrill
|
|win|RD Ragnarok
|raw|Ladder updating...
|raw|Xiba's rating: 1154 &rarr; <strong>1122<\/strong><br \/>(-32 for losing)
|raw|RD Ragnarok's rating: 1054 &rarr; <strong>1095<\/strong><br \/>(+41 for winning)
|c|âXiba|gg
|leave|Xiba
|player|p1