|join|King0fKnights
|join|Xiba
|player|p1|King0fKnights|2
|player|p2|Xiba|170
|gametype|singles
|gen|6
|tier|UU
|rated
|rule|Sleep Clause Mod: Limit one foe put to sleep
|rule|Species Clause: Limit one of each PokÃ©mon
|rule|OHKO Clause: OHKO moves are banned
|rule|Moody Clause: Moody is banned
|rule|Evasion Moves Clause: Evasion moves are banned
|rule|Endless Battle Clause: Forcing endless battles is banned
|rule|HP Percentage Mod: HP is reported as percentages
|clearpoke
|poke|p1|Entei, shiny
|poke|p1|Slowbro, F
|poke|p1|Gallade, M
|poke|p1|Alakazam, F
|poke|p1|Roserade, F
|poke|p1|Chandelure, M
|poke|p2|Jirachi
|poke|p2|Umbreon, F
|poke|p2|Crobat, F
|poke|p2|Mienshao, M
|poke|p2|Swampert, M
|poke|p2|Trevenant, F
|rule|Swagger Clause: Swagger is banned
|rule|Baton Pass Clause: Limit one PokÃ©mon knowing Baton Pass
|teampreview
|
|start
|switch|p1a: Slowbro|Slowbro, F|394\/394
|switch|p2a: Crobat|Crobat, F|332\/332
|turn|1
|
|move|p2a: Crobat|U-turn|p1a: Slowbro
|-supereffective|p1a: Slowbro
|-damage|p1a: Slowbro|280\/394
|-damage|p2a: Crobat|277\/332|[from] item: Rocky Helmet|[of] p1a: Slowbro
|
|switch|p2a: Trevenant|Trevenant, F|374\/374
|move|p1a: Slowbro|Thunder Wave|p2a: Trevenant
|-status|p2a: Trevenant|par
|
|turn|2
|
|switch|p1a: Entei|Entei, shiny|372\/372
|-ability|p1a: Entei|Pressure
|move|p2a: Trevenant|Leech Seed|p1a: Entei
|-start|p1a: Entei|move: Leech Seed
|
|-damage|p1a: Entei|326\/372|[from] Leech Seed|[of] p2a: Trevenant
|turn|3
|
|switch|p2a: Swampert|Swampert, M|401\/401
|move|p1a: Entei|Sacred Fire|p2a: Swampert
|-resisted|p2a: Swampert
|-damage|p2a: Swampert|335\/401
|
|-heal|p1a: Entei|349\/372|[from] item: Leftovers
|-heal|p2a: Swampert|360\/401|[from] item: Leftovers
|-damage|p1a: Entei|303\/372|[from] Leech Seed|[of] p2a: Swampert
|-heal|p2a: Swampert|401\/401|[silent]
|turn|4
|
|switch|p1a: Roserade|Roserade, F|324\/324
|move|p2a: Swampert|Stealth Rock|p1a: Roserade
|-sidestart|p1: King0fKnights|move: Stealth Rock
|
|turn|5
|
|switch|p2a: Crobat|Crobat, F|277\/332
|move|p1a: Roserade|Spikes|p2a: Crobat
|-sidestart|p2: Xiba|Spikes
|
|turn|6
|
|switch|p1a: Slowbro|Slowbro, F|394\/394
|-damage|p1a: Slowbro|345\/394|[from] Stealth Rock
|move|p2a: Crobat|U-turn|p1a: Slowbro
|-supereffective|p1a: Slowbro
|-damage|p1a: Slowbro|229\/394
|-damage|p2a: Crobat|222\/332|[from] item: Rocky Helmet|[of] p1a: Slowbro
|
|switch|p2a: Jirachi|Jirachi|341\/341
|-damage|p2a: Jirachi|299\/341|[from] Spikes
|
|turn|7
|
|move|p2a: Jirachi|Thunderbolt|p1a: Slowbro
|-supereffective|p1a: Slowbro
|-damage|p1a: Slowbro|0 fnt
|faint|p1a: Slowbro
|
|
|switch|p1a: Gallade|Gallade, M|340\/340
|-damage|p1a: Gallade|319\/340|[from] Stealth Rock
|turn|8
|
|switch|p2a: Trevenant|Trevenant, F|374\/374 par
|-damage|p2a: Trevenant|328\/374 par|[from] Spikes
|move|p1a: Gallade|Bulk Up|p1a: Gallade
|-boost|p1a: Gallade|atk|1
|-boost|p1a: Gallade|def|1
|
|turn|9
|
|move|p1a: Gallade|Bulk Up|p1a: Gallade
|-boost|p1a: Gallade|atk|1
|-boost|p1a: Gallade|def|1
|move|p2a: Trevenant|Will-O-Wisp|p1a: Gallade
|-status|p1a: Gallade|brn
|-enditem|p1a: Gallade|Lum Berry|[eat]
|-curestatus|p1a: Gallade|brn
|
|turn|10
|
|move|p1a: Gallade|Knock Off|p2a: Trevenant
|-supereffective|p2a: Trevenant
|-damage|p2a: Trevenant|0 fnt
|-enditem|p2a: Trevenant|Sitrus Berry|[from] move: Knock Off|[of] p1a: Gallade
|faint|p2a: Trevenant
|
|
|switch|p2a: Crobat|Crobat, F|222\/332
|turn|11
|
|move|p2a: Crobat|Brave Bird|p1a: Gallade
|-supereffective|p1a: Gallade
|-damage|p1a: Gallade|19\/340
|-damage|p2a: Crobat|123\/332|[from] recoil|[of] p1a: Gallade
|move|p1a: Gallade|Knock Off|p2a: Crobat
|-damage|p2a: Crobat|0 fnt
|-enditem|p2a: Crobat|Choice Band|[from] move: Knock Off|[of] p1a: Gallade
|faint|p2a: Crobat
|
|
|switch|p2a: Mienshao|Mienshao, M|271\/271
|-damage|p2a: Mienshao|238\/271|[from] Spikes
|turn|12
|
|move|p1a: Gallade|Shadow Sneak|p2a: Mienshao
|-damage|p2a: Mienshao|123\/271
|move|p2a: Mienshao|U-turn|p1a: Gallade
|-damage|p1a: Gallade|0 fnt
|faint|p1a: Gallade
|
|switch|p2a: Jirachi|Jirachi|299\/341
|-damage|p2a: Jirachi|257\/341|[from] Spikes
|
|
|switch|p1a: Chandelure|Chandelure, M|261\/261
|-damage|p1a: Chandelure|196\/261|[from] Stealth Rock
|turn|13
|
|switch|p2a: Umbreon|Umbreon, F|394\/394
|-damage|p2a: Umbreon|345\/394|[from] Spikes
|move|p1a: Chandelure|Shadow Ball|p2a: Umbreon
|-resisted|p2a: Umbreon
|-damage|p2a: Umbreon|297\/394
|
|-heal|p2a: Umbreon|321\/394|[from] item: Leftovers
|turn|14
|
|switch|p1a: Roserade|Roserade, F|324\/324
|-damage|p1a: Roserade|284\/324|[from] Stealth Rock
|move|p2a: Umbreon|Foul Play|p1a: Roserade
|-damage|p1a: Roserade|179\/324
|
|-heal|p1a: Roserade|199\/324|[from] item: Black Sludge
|-heal|p2a: Umbreon|345\/394|[from] item: Leftovers
|turn|15
|
|move|p1a: Roserade|Spikes|p2a: Umbreon
|-sidestart|p2: Xiba|Spikes
|move|p2a: Umbreon|Wish|p2a: Umbreon
|
|-heal|p1a: Roserade|219\/324|[from] item: Black Sludge
|-heal|p2a: Umbreon|369\/394|[from] item: Leftovers
|turn|16
|
|switch|p2a: Jirachi|Jirachi|257\/341
|-damage|p2a: Jirachi|201\/341|[from] Spikes
|move|p1a: Roserade|Spikes|p2a: Jirachi
|-sidestart|p2: Xiba|Spikes
|
|-heal|p2a: Jirachi|341\/341|[from] move: Wish|[wisher] Umbreon
|-heal|p1a: Roserade|239\/324|[from] item: Black Sludge
|turn|17
|
|move|p2a: Jirachi|Psyshock|p1a: Roserade
|-supereffective|p1a: Roserade
|-damage|p1a: Roserade|0 fnt
|faint|p1a: Roserade
|
|
|switch|p1a: Entei|Entei, shiny|303\/372
|-damage|p1a: Entei|210\/372|[from] Stealth Rock
|-ability|p1a: Entei|Pressure
|turn|18
|
|switch|p2a: Swampert|Swampert, M|401\/401
|-damage|p2a: Swampert|301\/401|[from] Spikes
|move|p1a: Entei|Sacred Fire|p2a: Swampert
|-resisted|p2a: Swampert
|-damage|p2a: Swampert|233\/401
|
|-heal|p1a: Entei|233\/372|[from] item: Leftovers
|-heal|p2a: Swampert|258\/401|[from] item: Leftovers
|turn|19
|
|switch|p1a: Alakazam|Alakazam, F|252\/252
|move|p2a: Swampert|Earthquake|p1a: Alakazam
|-damage|p1a: Alakazam|20\/252
|
|-heal|p2a: Swampert|283\/401|[from] item: Leftovers
|turn|20
|
|switch|p2a: Umbreon|Umbreon, F|369\/394
|-damage|p2a: Umbreon|271\/394|[from] Spikes
|move|p1a: Alakazam|Energy Ball|p2a: Umbreon
|-damage|p2a: Umbreon|200\/394
|
|-heal|p2a: Umbreon|224\/394|[from] item: Leftovers
|turn|21
|
|move|p1a: Alakazam|Dazzling Gleam|p2a: Umbreon
|-supereffective|p2a: Umbreon
|-damage|p2a: Umbreon|106\/394
|move|p2a: Umbreon|Foul Play|p1a: Alakazam
|-supereffective|p1a: Alakazam
|-damage|p1a: Alakazam|0 fnt
|faint|p1a: Alakazam
|
|-heal|p2a: Umbreon|130\/394|[from] item: Leftovers
|
|switch|p1a: Entei|Entei, shiny|233\/372
|-damage|p1a: Entei|140\/372|[from] Stealth Rock
|-ability|p1a: Entei|Pressure
|turn|22
|
|switch|p2a: Jirachi|Jirachi|341\/341
|-damage|p2a: Jirachi|256\/341|[from] Spikes
|move|p1a: Entei|Sacred Fire|p2a: Jirachi
|-supereffective|p2a: Jirachi
|-damage|p2a: Jirachi|0 fnt
|faint|p2a: Jirachi
|
|-heal|p1a: Entei|163\/372|[from] item: Leftovers
|
|switch|p2a: Mienshao|Mienshao, M|123\/271
|-damage|p2a: Mienshao|56\/271|[from] Spikes
|turn|23
|
|move|p1a: Entei|Extreme Speed|p2a: Mienshao
|-damage|p2a: Mienshao|0 fnt
|faint|p2a: Mienshao
|
|-heal|p1a: Entei|186\/372|[from] item: Leftovers
|
|switch|p2a: Swampert|Swampert, M|283\/401
|-damage|p2a: Swampert|183\/401|[from] Spikes
|turn|24
|
|move|p1a: Entei|Sacred Fire|p2a: Swampert
|-resisted|p2a: Swampert
|-damage|p2a: Swampert|117\/401
|move|p2a: Swampert|Earthquake|p1a: Entei
|-supereffective|p1a: Entei
|-damage|p1a: Entei|0 fnt
|faint|p1a: Entei
|
|-heal|p2a: Swampert|142\/401|[from] item: Leftovers
|
|switch|p1a: Chandelure|Chandelure, M|196\/261
|-damage|p1a: Chandelure|131\/261|[from] Stealth Rock
|turn|25
|
|move|p1a: Chandelure|Energy Ball|p2a: Swampert
|-supereffective|p2a: Swampert
|-damage|p2a: Swampert|0 fnt
|faint|p2a: Swampert
|
|
|switch|p2a: Umbreon|Umbreon, F|130\/394
|-damage|p2a: Umbreon|32\/394|[from] Spikes
|turn|26
|chat|King0fKnights|gg
|
|move|p2a: Umbreon|Protect|p2a: Umbreon
|-singleturn|p2a: Umbreon|Protect
|move|p1a: Chandelure|Energy Ball|p2a: Umbreon
|-activate|p2a: Umbreon|Protect
|
|-heal|p2a: Umbreon|56\/394|[from] item: Leftovers
|turn|27
|
|move|p2a: Umbreon|Protect|p2a: Umbreon
|-fail|p2a: Umbreon
|move|p1a: Chandelure|Energy Ball|p2a: Umbreon
|-damage|p2a: Umbreon|0 fnt
|faint|p2a: Umbreon
|
|win|King0fKnights
|raw|Ladder updating...
|raw|King0fKnights's rating: 1424 &rarr; <strong>1447<\/strong><br \/>(+23 for winning)
|raw|Xiba's rating: 1445 &rarr; <strong>1424<\/strong><br \/>(-21 for losing)