|join|h_n_g_m_n
|join|Xiba
|player|p1|h_n_g_m_n|109
|player|p2|Xiba|169
|gametype|singles
|gen|6
|tier|UU
|rated
|rule|Sleep Clause Mod: Limit one foe put to sleep
|rule|Species Clause: Limit one of each PokÃ©mon
|rule|OHKO Clause: OHKO moves are banned
|rule|Moody Clause: Moody is banned
|rule|Evasion Moves Clause: Evasion moves are banned
|rule|Endless Battle Clause: Forcing endless battles is banned
|rule|HP Percentage Mod: HP is shown in percentages
|clearpoke
|poke|p1|Aggron, F
|poke|p1|Florges, F
|poke|p1|Blastoise, M
|poke|p1|Cofagrigus, F
|poke|p1|Arcanine, F
|poke|p1|Hydreigon, M
|poke|p2|Aggron, F
|poke|p2|Florges, F
|poke|p2|Roserade, F
|poke|p2|Cofagrigus, F
|poke|p2|Arcanine, M
|poke|p2|Starmie
|rule|Swagger Clause: Swagger is banned
|rule|Baton Pass Clause: Limit one PokÃ©mon knowing Baton Pass
|teampreview
|
|start
|switch|p1a: SPOOPY|Cofagrigus, F|320\/320
|switch|p2a: Roserade|Roserade, F|324\/324
|turn|1
|
|move|p2a: Roserade|Toxic Spikes|p1a: SPOOPY
|-sidestart|p1: h_n_g_m_n|move: Toxic Spikes
|move|p1a: SPOOPY|Knock Off|p2a: Roserade
|-damage|p2a: Roserade|257\/324
|-enditem|p2a: Roserade|Black Sludge|[from] move: Knock Off|[of] p1a: SPOOPY
|
|turn|2
|
|move|p2a: Roserade|Toxic Spikes|p1a: SPOOPY
|-sidestart|p1: h_n_g_m_n|move: Toxic Spikes
|move|p1a: SPOOPY|Will-O-Wisp|p2a: Roserade
|-status|p2a: Roserade|brn
|
|-damage|p2a: Roserade|217\/324 brn|[from] brn
|turn|3
|
|switch|p2a: Florges|Florges, F|360\/360
|move|p1a: SPOOPY|Shadow Ball|p2a: Florges
|-damage|p2a: Florges|302\/360
|
|-heal|p2a: Florges|324\/360|[from] item: Leftovers
|turn|4
|
|move|p2a: Florges|Moonblast|p1a: SPOOPY
|-damage|p1a: SPOOPY|229\/320
|move|p1a: SPOOPY|Will-O-Wisp|p2a: Florges
|-status|p2a: Florges|brn
|
|-heal|p2a: Florges|346\/360 brn|[from] item: Leftovers
|-heal|p1a: SPOOPY|249\/320|[from] item: Leftovers
|-damage|p2a: Florges|301\/360 brn|[from] brn
|turn|5
|
|move|p2a: Florges|Wish|p2a: Florges
|move|p1a: SPOOPY|Knock Off|p2a: Florges
|-resisted|p2a: Florges
|-damage|p2a: Florges|280\/360 brn
|-enditem|p2a: Florges|Leftovers|[from] move: Knock Off|[of] p1a: SPOOPY
|
|-heal|p1a: SPOOPY|269\/320|[from] item: Leftovers
|-damage|p2a: Florges|235\/360 brn|[from] brn
|turn|6
|
|move|p2a: Florges|Aromatherapy|p2a: Florges
|-cureteam|p2a: Florges|[from] move: Aromatherapy
|move|p1a: SPOOPY|Shadow Ball|p2a: Florges
|-damage|p2a: Florges|184\/360
|
|-heal|p2a: Florges|360\/360|[from] move: Wish|[wisher] Florges
|-heal|p1a: SPOOPY|289\/320|[from] item: Leftovers
|turn|7
|
|switch|p2a: Aggron|Aggron, F|344\/344
|move|p1a: SPOOPY|Knock Off|p2a: Aggron
|-damage|p2a: Aggron|330\/344
|
|-heal|p1a: SPOOPY|309\/320|[from] item: Leftovers
|turn|8
|
|detailschange|p2a: Aggron|Aggron-Mega, F
|message|Aggron has Mega Evolved into Mega Aggron!
|move|p1a: SPOOPY|Will-O-Wisp|p2a: Aggron
|-status|p2a: Aggron|brn
|move|p2a: Aggron|Roar|p1a: SPOOPY
|drag|p1a: HEIL|Hydreigon, M|325\/325
|
|-damage|p2a: Aggron|287\/344 brn|[from] brn
|turn|9
|
|switch|p1a: SHIT: TAKEN|Aggron, F|344\/344
|move|p2a: Aggron|Stealth Rock|p1a: SHIT: TAKEN
|-sidestart|p1: h_n_g_m_n|move: Stealth Rock
|
|-damage|p2a: Aggron|244\/344 brn|[from] brn
|turn|10
|
|switch|p2a: Cofagrigus|Cofagrigus, F|320\/320
|detailschange|p1a: SHIT: TAKEN|Aggron-Mega, F
|message|Aggron has Mega Evolved into Mega Aggron!
|move|p1a: SHIT: TAKEN|Dragon Tail|p2a: Cofagrigus
|-damage|p2a: Cofagrigus|282\/320
|-endability|p1a: SHIT: TAKEN|filter|[from] Mummy
|-ability|p1a: SHIT: TAKEN|Mummy|[from] Mummy
|drag|p2a: Florges|Florges, F|360\/360
|
|turn|11
|
|move|p2a: Florges|Protect|p2a: Florges
|-singleturn|p2a: Florges|Protect
|move|p1a: SHIT: TAKEN|Heavy Slam|p2a: Florges
|-activate|p2a: Florges|Protect
|
|turn|12
|
|switch|p2a: Arcanine|Arcanine, M|383\/383
|-ability|p2a: Arcanine|Intimidate|[of] p1a: SHIT: TAKEN
|-unboost|p1a: SHIT: TAKEN|atk|1
|move|p1a: SHIT: TAKEN|Dragon Tail|p2a: Arcanine
|-damage|p2a: Arcanine|346\/383
|drag|p2a: Aggron|Aggron-Mega, F|244\/344 brn
|
|-damage|p2a: Aggron|201\/344 brn|[from] brn
|turn|13
|
|move|p1a: SHIT: TAKEN|Stealth Rock|p2a: Aggron
|-sidestart|p2: Xiba|move: Stealth Rock
|move|p2a: Aggron|Roar|p1a: SHIT: TAKEN
|drag|p1a: M-MEDIC|Florges, F|360\/360
|-status|p1a: M-MEDIC|tox
|-damage|p1a: M-MEDIC|315\/360 tox|[from] Stealth Rock
|
|-heal|p1a: M-MEDIC|337\/360 tox|[from] item: Leftovers
|-damage|p1a: M-MEDIC|315\/360 tox|[from] psn
|-damage|p2a: Aggron|158\/344 brn|[from] brn
|turn|14
|
|switch|p2a: Starmie|Starmie|323\/323
|-damage|p2a: Starmie|283\/323|[from] Stealth Rock
|move|p1a: M-MEDIC|Wish|p1a: M-MEDIC
|
|-heal|p2a: Starmie|303\/323|[from] item: Leftovers
|-heal|p1a: M-MEDIC|337\/360 tox|[from] item: Leftovers
|-damage|p1a: M-MEDIC|293\/360 tox|[from] psn
|turn|15
|
|switch|p1a: HNNNNGH|Blastoise, M|362\/362
|-status|p1a: HNNNNGH|tox
|-damage|p1a: HNNNNGH|317\/362 tox|[from] Stealth Rock
|move|p2a: Starmie|Rapid Spin|p1a: HNNNNGH
|-damage|p1a: HNNNNGH|309\/362 tox
|-sideend|p2: Xiba|Stealth Rock|[from] move: Rapid Spin|[of] p2a: Starmie
|
|-heal|p1a: HNNNNGH|362\/362 tox|[from] move: Wish|[wisher] M-MEDIC
|-heal|p2a: Starmie|323\/323|[from] item: Leftovers
|-damage|p1a: HNNNNGH|340\/362 tox|[from] psn
|turn|16
|
|switch|p2a: Cofagrigus|Cofagrigus, F|282\/320
|move|p1a: HNNNNGH|Dark Pulse|p2a: Cofagrigus
|-supereffective|p2a: Cofagrigus
|-damage|p2a: Cofagrigus|178\/320
|
|-heal|p2a: Cofagrigus|198\/320|[from] item: Leftovers
|-damage|p1a: HNNNNGH|296\/362 tox|[from] psn
|turn|17
|
|switch|p2a: Florges|Florges, F|360\/360
|move|p1a: HNNNNGH|Scald|p2a: Florges
|-damage|p2a: Florges|309\/360
|
|-damage|p1a: HNNNNGH|230\/362 tox|[from] psn
|turn|18
|
|move|p2a: Florges|Protect|p2a: Florges
|-singleturn|p2a: Florges|Protect
|move|p1a: HNNNNGH|Rapid Spin|p2a: Florges
|-activate|p2a: Florges|Protect
|
|-damage|p1a: HNNNNGH|142\/362 tox|[from] psn
|turn|19
|
|switch|p2a: Cofagrigus|Cofagrigus, F|198\/320
|switch|p1a: M-MEDIC|Florges, F|293\/360 tox
|-damage|p1a: M-MEDIC|248\/360 tox|[from] Stealth Rock
|
|-heal|p1a: M-MEDIC|270\/360 tox|[from] item: Leftovers
|-heal|p2a: Cofagrigus|218\/320|[from] item: Leftovers
|-damage|p1a: M-MEDIC|248\/360 tox|[from] psn
|turn|20
|
|switch|p2a: Roserade|Roserade, F|217\/324
|move|p1a: M-MEDIC|Aromatherapy|p1a: M-MEDIC
|-cureteam|p1a: M-MEDIC|[from] move: Aromatherapy
|
|-heal|p1a: M-MEDIC|270\/360|[from] item: Leftovers
|turn|21
|
|switch|p1a: SHIT: TAKEN|Aggron-Mega, F|344\/344
|-damage|p1a: SHIT: TAKEN|323\/344|[from] Stealth Rock
|move|p2a: Roserade|Spikes|p1a: SHIT: TAKEN
|-sidestart|p1: h_n_g_m_n|Spikes
|
|turn|22
|
|switch|p2a: Arcanine|Arcanine, M|346\/383
|-ability|p2a: Arcanine|Intimidate|[of] p1a: SHIT: TAKEN
|-unboost|p1a: SHIT: TAKEN|atk|1
|move|p1a: SHIT: TAKEN|Heavy Slam|p2a: Arcanine
|-crit|p2a: Arcanine
|-resisted|p2a: Arcanine
|-damage|p2a: Arcanine|281\/383
|
|-heal|p2a: Arcanine|304\/383|[from] item: Leftovers
|turn|23
|
|move|p2a: Arcanine|Flare Blitz|p1a: SHIT: TAKEN
|-supereffective|p1a: SHIT: TAKEN
|-damage|p1a: SHIT: TAKEN|215\/344
|-damage|p2a: Arcanine|268\/383|[from] recoil|[of] p1a: SHIT: TAKEN
|move|p1a: SHIT: TAKEN|Dragon Tail|p2a: Arcanine
|-damage|p2a: Arcanine|235\/383
|drag|p2a: Roserade|Roserade, F|217\/324
|
|turn|24
|
|move|p2a: Roserade|Spikes|p1a: SHIT: TAKEN
|-sidestart|p1: h_n_g_m_n|Spikes
|move|p1a: SHIT: TAKEN|Stealth Rock|p2a: Roserade
|-sidestart|p2: Xiba|move: Stealth Rock
|
|turn|25
|
|switch|p2a: Starmie|Starmie|323\/323
|-damage|p2a: Starmie|283\/323|[from] Stealth Rock
|move|p1a: SHIT: TAKEN|Dragon Tail|p2a: Starmie
|-crit|p2a: Starmie
|-damage|p2a: Starmie|178\/323
|drag|p2a: Aggron|Aggron-Mega, F|158\/344 brn
|-damage|p2a: Aggron|137\/344 brn|[from] Stealth Rock
|
|-damage|p2a: Aggron|94\/344 brn|[from] brn
|turn|26
|
|switch|p2a: Florges|Florges, F|309\/360
|-damage|p2a: Florges|264\/360|[from] Stealth Rock
|move|p1a: SHIT: TAKEN|Heavy Slam|p2a: Florges
|-supereffective|p2a: Florges
|-damage|p2a: Florges|4\/360
|
|turn|27
|
|move|p2a: Florges|Wish|p2a: Florges
|move|p1a: SHIT: TAKEN|Heavy Slam|p2a: Florges
|-supereffective|p2a: Florges
|-damage|p2a: Florges|0 fnt
|faint|p2a: Florges
|
|
|switch|p2a: Aggron|Aggron-Mega, F|94\/344 brn
|-damage|p2a: Aggron|73\/344 brn|[from] Stealth Rock
|turn|28
|
|move|p2a: Aggron|Earthquake|p1a: SHIT: TAKEN
|-supereffective|p1a: SHIT: TAKEN
|-damage|p1a: SHIT: TAKEN|176\/344
|move|p1a: SHIT: TAKEN|Dragon Tail|p2a: Aggron
|-resisted|p2a: Aggron
|-damage|p2a: Aggron|65\/344 brn
|drag|p2a: Roserade|Roserade, F|217\/324
|-damage|p2a: Roserade|177\/324|[from] Stealth Rock
|
|-heal|p2a: Roserade|324\/324|[from] move: Wish|[wisher] Florges
|turn|29
|
|move|p2a: Roserade|Spikes|p1a: SHIT: TAKEN
|-sidestart|p1: h_n_g_m_n|Spikes
|move|p1a: SHIT: TAKEN|Dragon Tail|p2a: Roserade
|-damage|p2a: Roserade|265\/324
|drag|p2a: Arcanine|Arcanine, M|235\/383
|-damage|p2a: Arcanine|140\/383|[from] Stealth Rock
|-ability|p2a: Arcanine|Intimidate|[of] p1a: SHIT: TAKEN
|-unboost|p1a: SHIT: TAKEN|atk|1
|
|-heal|p2a: Arcanine|163\/383|[from] item: Leftovers
|turn|30
|
|move|p2a: Arcanine|Flare Blitz|p1a: SHIT: TAKEN
|-supereffective|p1a: SHIT: TAKEN
|-damage|p1a: SHIT: TAKEN|64\/344
|-damage|p2a: Arcanine|126\/383|[from] recoil|[of] p1a: SHIT: TAKEN
|move|p1a: SHIT: TAKEN|Dragon Tail|p2a: Arcanine
|-damage|p2a: Arcanine|98\/383
|drag|p2a: Roserade|Roserade, F|265\/324
|-damage|p2a: Roserade|225\/324|[from] Stealth Rock
|
|turn|31
|
|move|p2a: Roserade|Giga Drain|p1a: SHIT: TAKEN
|-resisted|p1a: SHIT: TAKEN
|-damage|p1a: SHIT: TAKEN|17\/344
|-heal|p2a: Roserade|249\/324|[from] drain|[of] p1a: SHIT: TAKEN
|move|p1a: SHIT: TAKEN|Heavy Slam|p2a: Roserade
|-damage|p2a: Roserade|107\/324
|
|turn|32
|
|move|p2a: Roserade|Giga Drain|p1a: SHIT: TAKEN
|-resisted|p1a: SHIT: TAKEN
|-damage|p1a: SHIT: TAKEN|0 fnt
|-heal|p2a: Roserade|116\/324|[from] drain|[of] p1a: SHIT: TAKEN
|faint|p1a: SHIT: TAKEN
|
|
|switch|p1a: HNNNNGH|Blastoise, M|142\/362
|-damage|p1a: HNNNNGH|97\/362|[from] Stealth Rock
|-status|p1a: HNNNNGH|tox
|-damage|p1a: HNNNNGH|7\/362 tox|[from] Spikes
|turn|33
|
|move|p2a: Roserade|Giga Drain|p1a: HNNNNGH
|-supereffective|p1a: HNNNNGH
|-damage|p1a: HNNNNGH|0 fnt
|-heal|p2a: Roserade|120\/324|[from] drain|[of] p1a: HNNNNGH
|faint|p1a: HNNNNGH
|
|
|switch|p1a: HEIL|Hydreigon, M|325\/325
|-damage|p1a: HEIL|285\/325|[from] Stealth Rock
|turn|34
|
|switch|p2a: Aggron|Aggron-Mega, F|65\/344 brn
|-damage|p2a: Aggron|44\/344 brn|[from] Stealth Rock
|move|p1a: HEIL|Dark Pulse|p2a: Aggron
|-damage|p2a: Aggron|0 fnt
|faint|p2a: Aggron
|
|
|switch|p2a: Starmie|Starmie|178\/323
|-damage|p2a: Starmie|138\/323|[from] Stealth Rock
|turn|35
|
|move|p1a: HEIL|Dark Pulse|p2a: Starmie
|-supereffective|p2a: Starmie
|-damage|p2a: Starmie|0 fnt
|faint|p2a: Starmie
|
|
|switch|p2a: Arcanine|Arcanine, M|98\/383
|-damage|p2a: Arcanine|3\/383|[from] Stealth Rock
|-ability|p2a: Arcanine|Intimidate|[of] p1a: HEIL
|-unboost|p1a: HEIL|atk|1
|turn|36
|
|move|p2a: Arcanine|Extreme Speed|p1a: HEIL
|-damage|p1a: HEIL|203\/325
|move|p1a: HEIL|Dark Pulse|p2a: Arcanine
|-damage|p2a: Arcanine|0 fnt
|faint|p2a: Arcanine
|
|
|switch|p2a: Roserade|Roserade, F|120\/324
|-damage|p2a: Roserade|80\/324|[from] Stealth Rock
|turn|37
|
|move|p1a: HEIL|Dark Pulse|p2a: Roserade
|-damage|p2a: Roserade|0 fnt
|faint|p2a: Roserade
|
|
|switch|p2a: Cofagrigus|Cofagrigus, F|218\/320
|-damage|p2a: Cofagrigus|178\/320|[from] Stealth Rock
|turn|38
|chat|Xiba|gg
|
|move|p1a: HEIL|Dark Pulse|p2a: Cofagrigus
|-supereffective|p2a: Cofagrigus
|-damage|p2a: Cofagrigus|0 fnt
|faint|p2a: Cofagrigus
|
|win|h_n_g_m_n
|raw|Ladder updating...
|chat|h_n_g_m_n|gg
|raw|h_n_g_m_n's rating: 1371 &rarr; <strong>1390<\/strong><br \/>(+19 for winning)
|raw|Xiba's rating: 1346 &rarr; <strong>1327<\/strong><br \/>(-19 for losing)