|join|Xiba
|join|DjEj
|player|p1|Xiba|4
|player|p2|DjEj|231
|gametype|singles
|tier|UU
|rated
|rule|Sleep Clause Mod: Limit one foe put to sleep
|rule|Species Clause: Limit one of each Pokemon
|rule|OHKO Clause: OHKO moves are banned
|rule|Moody Clause: Moody is banned
|rule|Evasion Moves Clause: Evasion moves are banned
|rule|HP Percentage Mod: HP is reported as percentages
|rule|Evasion Abilities Clause: Evasion abilities are banned
|clearpoke
|poke|p1|Kingdra, M, shiny
|poke|p1|Rhyperior, M, shiny
|poke|p1|Snorlax, F
|poke|p1|Xatu, M, shiny
|poke|p1|Cofagrigus, F
|poke|p1|Mienshao, F
|poke|p2|Smeargle, F
|poke|p2|Amoonguss, M
|poke|p2|Crobat, M
|poke|p2|Snorlax, M
|poke|p2|Swampert, M
|poke|p2|Kingdra, M
|teampreview
|callback|decision
|
|start
|switch|p1a: Xatu|Xatu, M, shiny|334\/334
|switch|p2a: Swampert|Swampert, M|401\/401
|turn|1
|callback|decision
|
|move|p1a: Xatu|U-turn|p2a: Swampert
|-damage|p2a: Swampert|355\/401
|callback|decision
|
|switch|p1a: Kingdra|Kingdra, M, shiny|291\/291
|move|p2a: Swampert|Ice Punch|p1a: Kingdra
|-damage|p1a: Kingdra|160\/291
|
|turn|2
|callback|decision
|
|move|p1a: Kingdra|Draco Meteor|p2a: Swampert
|-damage|p2a: Swampert|4\/401
|-unboost|p1a: Kingdra|spa|2
|move|p2a: Swampert|Ice Punch|p1a: Kingdra
|-damage|p1a: Kingdra|14\/291
|
|turn|3
|callback|decision
|
|switch|p2a: Snorlax|Snorlax, M|461\/461
|move|p1a: Kingdra|Draco Meteor|p2a: Snorlax
|-damage|p2a: Snorlax|349\/461
|-unboost|p1a: Kingdra|spa|2
|
|-heal|p2a: Snorlax|377\/461|[from] item: Leftovers
|turn|4
|callback|decision
|
|move|p2a: Snorlax|Pursuit|p1a: Kingdra|[from]Pursuit
|-damage|p1a: Kingdra|0 fnt
|faint|p1a: Kingdra
|
|-heal|p2a: Snorlax|405\/461|[from] item: Leftovers
|callback|decision
|
|switch|p1a: Rhyperior|Rhyperior, M, shiny|433\/433
|turn|5
|callback|decision
|
|move|p1a: Rhyperior|Stealth Rock|p2a: Snorlax
|-sidestart|p2: DjEj|move: Stealth Rock
|move|p2a: Snorlax|Earthquake|p1a: Rhyperior
|-supereffective|p1a: Rhyperior
|-damage|p1a: Rhyperior|301\/433
|
|-heal|p1a: Rhyperior|328\/433|[from] item: Leftovers
|-heal|p2a: Snorlax|433\/461|[from] item: Leftovers
|turn|6
|callback|decision
|
|move|p2a: Snorlax|Earthquake|p1a: Rhyperior
|-supereffective|p1a: Rhyperior
|-damage|p1a: Rhyperior|183\/433
|move|p1a: Rhyperior|Dragon Tail|p2a: Snorlax
|-damage|p2a: Snorlax|336\/461
|drag|p2a: Smeargle|Smeargle, F|314\/314
|-damage|p2a: Smeargle|275\/314|[from] Stealth Rock
|
|-heal|p1a: Rhyperior|210\/433|[from] item: Leftovers
|turn|7
|callback|decision
|
|switch|p1a: Xatu|Xatu, M, shiny|334\/334
|move|p2a: Smeargle|Whirlwind|p1a: Xatu
|move|p1a: Xatu|Whirlwind|p2a: Smeargle|[from]Magic Bounce
|drag|p2a: Swampert|Swampert, M|4\/401
|-damage|p2a: Swampert|0 fnt|[from] Stealth Rock
|faint|p2a: Swampert
|
|callback|decision
|
|switch|p2a: Snorlax|Snorlax, M|336\/461
|-damage|p2a: Snorlax|279\/461|[from] Stealth Rock
|turn|8
|callback|decision
|
|move|p1a: Xatu|U-turn|p2a: Snorlax
|-damage|p2a: Snorlax|227\/461
|callback|decision
|
|switch|p1a: Rhyperior|Rhyperior, M, shiny|210\/433
|move|p2a: Snorlax|Crunch|p1a: Rhyperior
|-crit|p1a: Rhyperior
|-damage|p1a: Rhyperior|48\/433
|-unboost|p1a: Rhyperior|def|1
|
|-heal|p1a: Rhyperior|75\/433|[from] item: Leftovers
|-heal|p2a: Snorlax|255\/461|[from] item: Leftovers
|turn|9
|callback|decision
|
|move|p1a: Rhyperior|Earthquake|p2a: Snorlax
|-damage|p2a: Snorlax|38\/461
|move|p2a: Snorlax|Return|p1a: Rhyperior
|-resisted|p1a: Rhyperior
|-damage|p1a: Rhyperior|0 fnt
|faint|p1a: Rhyperior
|
|-heal|p2a: Snorlax|66\/461|[from] item: Leftovers
|callback|decision
|
|switch|p1a: Mienshao|Mienshao, F|271\/271
|turn|10
|callback|decision
|
|move|p1a: Mienshao|U-turn|p2a: Snorlax
|-crit|p2a: Snorlax
|-damage|p2a: Snorlax|0 fnt
|faint|p2a: Snorlax
|callback|decision
|
|switch|p1a: Snorlax|Snorlax, F|461\/461
|
|callback|decision
|
|switch|p2a: Crobat|Crobat, M|355\/355
|-damage|p2a: Crobat|267\/355|[from] Stealth Rock
|turn|11
|callback|decision
|
|move|p2a: Crobat|Super Fang|p1a: Snorlax
|-damage|p1a: Snorlax|231\/461
|move|p1a: Snorlax|Return|p2a: Crobat
|-damage|p2a: Crobat|0 fnt
|faint|p2a: Crobat
|
|callback|decision
|
|switch|p2a: Amoonguss|Amoonguss, M|432\/432
|-damage|p2a: Amoonguss|378\/432|[from] Stealth Rock
|turn|12
|callback|decision
|
|switch|p1a: Xatu|Xatu, M, shiny|334\/334
|switch|p2a: Kingdra|Kingdra, M|291\/291
|-damage|p2a: Kingdra|255\/291|[from] Stealth Rock
|
|turn|13
|callback|decision
|
|move|p2a: Kingdra|Dragon Dance|p2a: Kingdra
|-boost|p2a: Kingdra|atk|1
|-boost|p2a: Kingdra|spe|1
|move|p1a: Xatu|Thunder Wave|p2a: Kingdra
|-status|p2a: Kingdra|par
|-enditem|p2a: Kingdra|Lum Berry|[eat]
|-curestatus|p2a: Kingdra|par
|
|turn|14
|callback|decision
|
|move|p2a: Kingdra|Substitute|p2a: Kingdra
|-start|p2a: Kingdra|Substitute
|-damage|p2a: Kingdra|183\/291
|move|p1a: Xatu|Thunder Wave|p2a: Kingdra
|
|turn|15
|callback|decision
|
|move|p2a: Kingdra|Dragon Dance|p2a: Kingdra
|-boost|p2a: Kingdra|atk|1
|-boost|p2a: Kingdra|spe|1
|move|p1a: Xatu|U-turn|p2a: Kingdra
|-activate|p2a: Kingdra|Substitute|[damage]
|callback|decision
|
|switch|p1a: Cofagrigus|Cofagrigus, F|319\/319
|
|turn|16
|callback|decision
|
|move|p2a: Kingdra|Dragon Dance|p2a: Kingdra
|-boost|p2a: Kingdra|atk|1
|-boost|p2a: Kingdra|spe|1
|move|p1a: Cofagrigus|Shadow Ball|p2a: Kingdra
|-end|p2a: Kingdra|Substitute
|
|turn|17
|callback|decision
|
|move|p2a: Kingdra|Outrage|p1a: Cofagrigus
|-damage|p1a: Cofagrigus|0 fnt
|-ability|p2a: Kingdra|Mummy|[from] Mummy
|faint|p1a: Cofagrigus
|
|callback|decision
|
|switch|p1a: Xatu|Xatu, M, shiny|334\/334
|turn|18
|callback|decision
|
|move|p2a: Kingdra|Outrage|p1a: Xatu
|-damage|p1a: Xatu|0 fnt
|faint|p1a: Xatu
|
|-end|p2a: Kingdra|rampage
|-start|p2a: Kingdra|confusion
|callback|decision
|
|switch|p1a: Mienshao|Mienshao, F|271\/271
|turn|19
|callback|decision
|
|switch|p2a: Amoonguss|Amoonguss, M|432\/432
|-damage|p2a: Amoonguss|378\/432|[from] Stealth Rock
|move|p1a: Mienshao|Hi Jump Kick|p2a: Amoonguss
|-resisted|p2a: Amoonguss
|-damage|p2a: Amoonguss|246\/432
|
|-heal|p2a: Amoonguss|273\/432|[from] item: Black Sludge
|turn|20
|callback|decision
|
|switch|p1a: Snorlax|Snorlax, F|231\/461
|move|p2a: Amoonguss|Spore|p1a: Snorlax
|-status|p1a: Snorlax|slp
|
|-heal|p2a: Amoonguss|300\/432|[from] item: Black Sludge
|turn|21
|callback|decision
|
|switch|p2a: Kingdra|Kingdra, M|183\/291
|-damage|p2a: Kingdra|147\/291|[from] Stealth Rock
|cant|p1a: Snorlax|slp
|
|turn|22
|callback|decision
|
|switch|p1a: Mienshao|Mienshao, F|271\/271
|move|p2a: Kingdra|Dragon Dance|p2a: Kingdra
|-boost|p2a: Kingdra|atk|1
|-boost|p2a: Kingdra|spe|1
|
|turn|23
|callback|decision
|
|switch|p2a: Amoonguss|Amoonguss, M|432\/432
|-damage|p2a: Amoonguss|378\/432|[from] Stealth Rock
|move|p1a: Mienshao|Hi Jump Kick|p2a: Amoonguss
|-resisted|p2a: Amoonguss
|-damage|p2a: Amoonguss|255\/432
|
|-heal|p2a: Amoonguss|282\/432|[from] item: Black Sludge
|turn|24
|callback|decision
|
|switch|p1a: Snorlax|Snorlax, F|231\/461 slp
|move|p2a: Amoonguss|Clear Smog|p1a: Snorlax
|-damage|p1a: Snorlax|189\/461 slp
|-clearboost|p1a: Snorlax
|
|-heal|p2a: Amoonguss|309\/432|[from] item: Black Sludge
|turn|25
|callback|decision
|
|move|p2a: Amoonguss|Giga Drain|p1a: Snorlax
|-damage|p1a: Snorlax|134\/461 slp
|-heal|p2a: Amoonguss|337\/432|[from] drain|[of] p1a: Snorlax
|cant|p1a: Snorlax|slp
|
|-heal|p2a: Amoonguss|364\/432|[from] item: Black Sludge
|turn|26
|callback|decision
|
|switch|p2a: Kingdra|Kingdra, M|147\/291
|-damage|p2a: Kingdra|111\/291|[from] Stealth Rock
|cant|p1a: Snorlax|slp
|
|turn|27
|callback|decision
|
|move|p2a: Kingdra|Substitute|p2a: Kingdra
|-start|p2a: Kingdra|Substitute
|-damage|p2a: Kingdra|39\/291
|-curestatus|p1a: Snorlax|slp
|move|p1a: Snorlax|Earthquake|p2a: Kingdra
|-end|p2a: Kingdra|Substitute
|
|turn|28
|callback|decision
|
|move|p2a: Kingdra|Outrage|p1a: Snorlax
|-damage|p1a: Snorlax|0 fnt
|faint|p1a: Snorlax
|
|callback|decision
|
|switch|p1a: Mienshao|Mienshao, F|271\/271
|turn|29
|callback|decision
|
|move|p1a: Mienshao|Aerial Ace|p2a: Kingdra
|-damage|p2a: Kingdra|0 fnt
|faint|p2a: Kingdra
|
|callback|decision
|
|switch|p2a: Smeargle|Smeargle, F|275\/314
|-damage|p2a: Smeargle|236\/314|[from] Stealth Rock
|turn|30
|callback|decision
|
|move|p1a: Mienshao|Aerial Ace|p2a: Smeargle
|-damage|p2a: Smeargle|93\/314
|move|p2a: Smeargle|Spore|p1a: Mienshao
|-status|p1a: Mienshao|slp
|
|turn|31
|callback|decision
|
|switch|p2a: Amoonguss|Amoonguss, M|432\/432
|-damage|p2a: Amoonguss|378\/432|[from] Stealth Rock
|cant|p1a: Mienshao|slp
|
|-heal|p2a: Amoonguss|405\/432|[from] item: Black Sludge
|turn|32
|callback|decision
|
|cant|p1a: Mienshao|slp
|move|p2a: Amoonguss|Clear Smog|p1a: Mienshao
|-damage|p1a: Mienshao|192\/271 slp
|-clearboost|p1a: Mienshao
|
|-heal|p2a: Amoonguss|432\/432|[from] item: Black Sludge
|turn|33
|callback|decision
|
|cant|p1a: Mienshao|slp
|move|p2a: Amoonguss|Giga Drain|p1a: Mienshao
|-damage|p1a: Mienshao|83\/271 slp
|
|turn|34
|callback|decision
|chat|DjEj|gg
|
|-curestatus|p1a: Mienshao|slp
|move|p1a: Mienshao|Aerial Ace|p2a: Amoonguss
|-supereffective|p2a: Amoonguss
|-damage|p2a: Amoonguss|304\/432
|move|p2a: Amoonguss|Giga Drain|p1a: Mienshao
|-crit|p1a: Mienshao
|-damage|p1a: Mienshao|0 fnt
|-heal|p2a: Amoonguss|346\/432|[from] drain|[of] p1a: Mienshao
|faint|p1a: Mienshao
|
|win|DjEj
|raw|Ladder updating...
|raw|Xiba's rating: 1917 &rarr; <strong>1911<\/strong><br \/>(-6 for losing)
|raw|DjEj's rating: 1617 &rarr; <strong>1624<\/strong><br \/>(+7 for winning)
|leave|Xiba
|player|p1