|join|Zachariah714
|join|Xiba
|player|p1|Zachariah714|270
|player|p2|Xiba|4
|gametype|singles
|tier|UU
|rated
|rule|Sleep Clause Mod: Limit one foe put to sleep
|rule|Species Clause: Limit one of each Pokemon
|rule|OHKO Clause: OHKO moves are banned
|rule|Moody Clause: Moody is banned
|rule|Evasion Moves Clause: Evasion moves are banned
|rule|HP Percentage Mod: HP is reported as percentages
|rule|Evasion Abilities Clause: Evasion abilities are banned
|clearpoke
|poke|p1|Machamp, F
|poke|p1|Scyther, M
|poke|p1|Hitmontop, M
|poke|p1|Houndoom, M
|poke|p1|Suicune
|poke|p1|Golurk
|poke|p2|Kingdra, M, shiny
|poke|p2|Swampert, F, shiny
|poke|p2|Snorlax, M
|poke|p2|Chandelure, M, shiny
|poke|p2|Raikou
|poke|p2|Mienshao, M
|teampreview
|callback|decision
|
|start
|switch|p1a: Machamp|Machamp, F|384\/384
|switch|p2a: Kingdra|Kingdra, M, shiny|291\/291
|turn|1
|callback|decision
|
|move|p2a: Kingdra|Draco Meteor|p1a: Machamp
|-damage|p1a: Machamp|41\/384
|-unboost|p2a: Kingdra|spa|2
|move|p1a: Machamp|DynamicPunch|p2a: Kingdra
|-damage|p2a: Kingdra|101\/291
|-start|p2a: Kingdra|confusion
|
|turn|2
|callback|decision
|
|switch|p2a: Chandelure|Chandelure, M, shiny|278\/278
|move|p1a: Machamp|Stone Edge|p2a: Chandelure
|-crit|p2a: Chandelure
|-supereffective|p2a: Chandelure
|-damage|p2a: Chandelure|0 fnt
|faint|p2a: Chandelure
|
|callback|decision
|
|switch|p2a: Mienshao|Mienshao, M|271\/271
|turn|3
|callback|decision
|
|move|p1a: Machamp|Bullet Punch|p2a: Mienshao
|-damage|p2a: Mienshao|194\/271
|move|p2a: Mienshao|U-turn|p1a: Machamp
|-resisted|p1a: Machamp
|-damage|p1a: Machamp|0 fnt
|faint|p1a: Machamp
|callback|decision
|
|switch|p2a: Kingdra|Kingdra, M, shiny|101\/291
|
|callback|decision
|
|switch|p1a: Scyther|Scyther, M|281\/281
|turn|4
|callback|decision
|
|switch|p2a: Swampert|Swampert, F, shiny|401\/401
|move|p1a: Scyther|Swords Dance|p1a: Scyther
|-boost|p1a: Scyther|atk|2
|
|turn|5
|callback|decision
|
|move|p1a: Scyther|Aerial Ace|p2a: Swampert
|-damage|p2a: Swampert|170\/401
|move|p2a: Swampert|Scald|p1a: Scyther
|-damage|p1a: Scyther|178\/281
|
|-heal|p2a: Swampert|195\/401|[from] item: Leftovers
|turn|6
|callback|decision
|
|switch|p2a: Kingdra|Kingdra, M, shiny|101\/291
|move|p1a: Scyther|Aerial Ace|p2a: Kingdra
|-damage|p2a: Kingdra|0 fnt
|faint|p2a: Kingdra
|
|callback|decision
|
|switch|p2a: Raikou|Raikou|322\/322
|-ability|p2a: Raikou|Pressure
|turn|7
|callback|decision
|
|switch|p1a: Golurk|Golurk|382\/382
|move|p2a: Raikou|Substitute|p2a: Raikou
|-start|p2a: Raikou|Substitute
|-damage|p2a: Raikou|242\/322
|
|-heal|p2a: Raikou|262\/322|[from] item: Leftovers
|turn|8
|callback|decision
|
|move|p2a: Raikou|Calm Mind|p2a: Raikou
|-boost|p2a: Raikou|spa|1
|-boost|p2a: Raikou|spd|1
|move|p1a: Golurk|Earthquake|p2a: Raikou
|-supereffective|p2a: Raikou
|-end|p2a: Raikou|Substitute
|
|-heal|p2a: Raikou|282\/322|[from] item: Leftovers
|turn|9
|callback|decision
|
|move|p2a: Raikou|Hidden Power|p1a: Golurk
|-supereffective|p1a: Golurk
|-damage|p1a: Golurk|126\/382
|move|p1a: Golurk|Earthquake|p2a: Raikou
|-supereffective|p2a: Raikou
|-damage|p2a: Raikou|0 fnt
|faint|p2a: Raikou
|
|callback|decision
|
|switch|p2a: Swampert|Swampert, F, shiny|195\/401
|turn|10
|callback|decision
|
|move|p1a: Golurk|Earthquake|p2a: Swampert
|-damage|p2a: Swampert|0 fnt
|faint|p2a: Swampert
|
|callback|decision
|
|switch|p2a: Snorlax|Snorlax, M|461\/461
|turn|11
|callback|decision
|
|move|p2a: Snorlax|Pursuit|p1a: Golurk|[from]Pursuit
|-supereffective|p1a: Golurk
|-damage|p1a: Golurk|0 fnt
|faint|p1a: Golurk
|
|callback|decision
|
|switch|p1a: Hitmontop|Hitmontop, M|304\/304
|turn|12
|callback|decision
|
|switch|p2a: Mienshao|Mienshao, M|194\/271
|move|p1a: Hitmontop|Fake Out|p2a: Mienshao
|-damage|p2a: Mienshao|99\/271
|
|turn|13
|callback|decision
|
|move|p1a: Hitmontop|Mach Punch|p2a: Mienshao
|-damage|p2a: Mienshao|0 fnt
|faint|p2a: Mienshao
|
|callback|decision
|
|switch|p2a: Snorlax|Snorlax, M|461\/461
|turn|14
|callback|decision
|
|move|p1a: Hitmontop|Mach Punch|p2a: Snorlax
|-supereffective|p2a: Snorlax
|-damage|p2a: Snorlax|197\/461
|move|p2a: Snorlax|Return|p1a: Hitmontop
|-damage|p1a: Hitmontop|28\/304
|
|turn|15
|callback|decision
|
|move|p1a: Hitmontop|Mach Punch|p2a: Snorlax
|-supereffective|p2a: Snorlax
|-damage|p2a: Snorlax|0 fnt
|faint|p2a: Snorlax
|
|win|Zachariah714
|raw|Ladder updating...
|raw|Zachariah714's rating: 1701 &rarr; <strong>1707<\/strong><br \/>(+6 for winning)
|raw|Xiba's rating: 1912 &rarr; <strong>1907<\/strong><br \/>(-5 for losing)