|join|Xiba
|join|Getouttamysight
|player|p1|Xiba|4
|player|p2|Getouttamysight|169
|gametype|singles
|tier|UU
|rated
|rule|Sleep Clause Mod: Limit one foe put to sleep
|rule|Species Clause: Limit one of each Pokemon
|rule|OHKO Clause: OHKO moves are banned
|rule|Moody Clause: Moody is banned
|rule|Evasion Moves Clause: Evasion moves are banned
|rule|HP Percentage Mod: HP is reported as percentages
|rule|Evasion Abilities Clause: Evasion abilities are banned
|clearpoke
|poke|p1|Kingdra, M
|poke|p1|Rhyperior, M
|poke|p1|Virizion, shiny
|poke|p1|Victini
|poke|p1|Cofagrigus, F
|poke|p1|Mienshao, M
|poke|p2|Roserade, M
|poke|p2|Mew
|poke|p2|Arcanine, F
|poke|p2|Cobalion
|poke|p2|Suicune
|poke|p2|Mienshao, M
|teampreview
|callback|decision
|
|start
|switch|p1a: Victini|Victini|341\/341
|switch|p2a: Mew|Mew|401\/401
|turn|1
|callback|decision
|
|move|p1a: Victini|U-turn|p2a: Mew
|-supereffective|p2a: Mew
|-damage|p2a: Mew|153\/401
|callback|decision
|
|switch|p1a: Cofagrigus|Cofagrigus, F|319\/319
|move|p2a: Mew|Softboiled|p2a: Mew
|-heal|p2a: Mew|354\/401
|
|-heal|p2a: Mew|379\/401|[from] item: Leftovers
|turn|2
|callback|decision
|
|move|p2a: Mew|Taunt|p1a: Cofagrigus
|-start|p1a: Cofagrigus|move: Taunt
|move|p1a: Cofagrigus|Shadow Ball|p2a: Mew
|-supereffective|p2a: Mew
|-damage|p2a: Mew|205\/401
|
|-heal|p2a: Mew|230\/401|[from] item: Leftovers
|turn|3
|callback|decision
|
|switch|p2a: Cobalion|Cobalion|323\/323
|move|p1a: Cofagrigus|Shadow Ball|p2a: Cobalion
|-resisted|p2a: Cobalion
|-damage|p2a: Cobalion|246\/323
|
|-heal|p2a: Cobalion|266\/323|[from] item: Leftovers
|turn|4
|callback|decision
|
|switch|p1a: Kingdra|Kingdra, M|291\/291
|move|p2a: Cobalion|Stealth Rock|p1a: Kingdra
|-sidestart|p1: Xiba|move: Stealth Rock
|
|-heal|p2a: Cobalion|286\/323|[from] item: Leftovers
|turn|5
|callback|decision
|
|move|p2a: Cobalion|Taunt|p1a: Kingdra
|-start|p1a: Kingdra|move: Taunt
|move|p1a: Kingdra|Draco Meteor|p2a: Cobalion
|-resisted|p2a: Cobalion
|-damage|p2a: Cobalion|100\/323
|-unboost|p1a: Kingdra|spa|2
|
|-heal|p2a: Cobalion|120\/323|[from] item: Leftovers
|turn|6
|callback|decision
|
|switch|p2a: Roserade|Roserade, M|261\/261
|switch|p1a: Rhyperior|Rhyperior, M|433\/433
|-damage|p1a: Rhyperior|406\/433|[from] Stealth Rock
|
|-heal|p1a: Rhyperior|433\/433|[from] item: Leftovers
|turn|7
|callback|decision
|
|switch|p1a: Virizion|Virizion, shiny|323\/323
|-damage|p1a: Virizion|303\/323|[from] Stealth Rock
|move|p2a: Roserade|Sludge Bomb|p1a: Virizion
|-supereffective|p1a: Virizion
|-damage|p1a: Virizion|0 fnt
|-damage|p2a: Roserade|235\/261|[from] item: Life Orb
|faint|p1a: Virizion
|
|callback|decision
|
|switch|p1a: Victini|Victini|341\/341
|-damage|p1a: Victini|256\/341|[from] Stealth Rock
|turn|8
|callback|decision
|
|switch|p2a: Cobalion|Cobalion|120\/323
|move|p1a: Victini|U-turn|p2a: Cobalion
|-resisted|p2a: Cobalion
|-damage|p2a: Cobalion|98\/323
|callback|decision
|
|switch|p1a: Mienshao|Mienshao, M|271\/271
|-damage|p1a: Mienshao|255\/271|[from] Stealth Rock
|
|-heal|p2a: Cobalion|118\/323|[from] item: Leftovers
|turn|9
|callback|decision
|
|move|p1a: Mienshao|Hi Jump Kick|p2a: Cobalion
|-supereffective|p2a: Cobalion
|-damage|p2a: Cobalion|0 fnt
|faint|p2a: Cobalion
|
|callback|decision
|
|switch|p2a: Arcanine|Arcanine, F|321\/321
|-ability|p2a: Arcanine|Intimidate|[of] p1a: Mienshao
|-unboost|p1a: Mienshao|atk|1
|turn|10
|callback|decision
|
|switch|p1a: Rhyperior|Rhyperior, M|433\/433
|-damage|p1a: Rhyperior|406\/433|[from] Stealth Rock
|switch|p2a: Roserade|Roserade, M|235\/261
|
|-heal|p1a: Rhyperior|433\/433|[from] item: Leftovers
|turn|11
|callback|decision
|chat|Xiba|good play
|
|switch|p1a: Victini|Victini|256\/341
|-damage|p1a: Victini|171\/341|[from] Stealth Rock
|move|p2a: Roserade|Leaf Storm|p1a: Victini
|-resisted|p1a: Victini
|-damage|p1a: Victini|16\/341
|-unboost|p2a: Roserade|spa|2
|-damage|p2a: Roserade|209\/261|[from] item: Life Orb
|
|turn|12
|callback|decision
|chat|Getouttamysight|Hmm not really, I lost my cobalion for no reason
|chat|Getouttamysight|and I'm playing like shit because it's so late
|
|switch|p2a: Arcanine|Arcanine, F|321\/321
|-ability|p2a: Arcanine|Intimidate|[of] p1a: Victini
|-unboost|p1a: Victini|atk|1
|move|p1a: Victini|V-create|p2a: Arcanine
|-resisted|p2a: Arcanine
|-damage|p2a: Arcanine|140\/321
|-unboost|p1a: Victini|def|1
|-unboost|p1a: Victini|spd|1
|-unboost|p1a: Victini|spe|1
|
|turn|13
|callback|decision
|
|switch|p2a: Suicune|Suicune|401\/401
|-ability|p2a: Suicune|Pressure
|switch|p1a: Kingdra|Kingdra, M|291\/291
|-damage|p1a: Kingdra|255\/291|[from] Stealth Rock
|
|turn|14
|callback|decision
|
|move|p1a: Kingdra|Draco Meteor|p2a: Suicune
|-damage|p2a: Suicune|145\/401
|-unboost|p1a: Kingdra|spa|2
|move|p2a: Suicune|Calm Mind|p2a: Suicune
|-boost|p2a: Suicune|spa|1
|-boost|p2a: Suicune|spd|1
|
|-heal|p2a: Suicune|170\/401|[from] item: Leftovers
|turn|15
|callback|decision
|
|switch|p1a: Victini|Victini|16\/341
|-damage|p1a: Victini|0 fnt|[from] Stealth Rock
|faint|p1a: Victini
|move|p2a: Suicune|Rest|p2a: Suicune
|-status|p2a: Suicune|slp
|-heal|p2a: Suicune|401\/401 slp|[silent]
|-status|p2a: Suicune|slp|[from] move: Rest
|
|callback|decision
|
|switch|p1a: Mienshao|Mienshao, M|255\/271
|-damage|p1a: Mienshao|239\/271|[from] Stealth Rock
|turn|16
|callback|decision
|
|move|p1a: Mienshao|Hi Jump Kick|p2a: Suicune
|-damage|p2a: Suicune|223\/401 slp
|cant|p2a: Suicune|slp
|move|p2a: Suicune|Sleep Talk|p2a: Suicune
|move|p2a: Suicune|Calm Mind|p2a: Suicune|[from]Sleep Talk
|-boost|p2a: Suicune|spa|1
|-boost|p2a: Suicune|spd|1
|
|-heal|p2a: Suicune|248\/401 slp|[from] item: Leftovers
|turn|17
|callback|decision
|
|move|p1a: Mienshao|Hi Jump Kick|p2a: Suicune
|-damage|p2a: Suicune|83\/401 slp
|cant|p2a: Suicune|slp
|move|p2a: Suicune|Sleep Talk|p2a: Suicune
|move|p2a: Suicune|Rest|p2a: Suicune|[from]Sleep Talk
|-fail|p2a: Suicune
|
|-heal|p2a: Suicune|108\/401 slp|[from] item: Leftovers
|turn|18
|callback|decision
|
|switch|p2a: Mew|Mew|230\/401
|move|p1a: Mienshao|Hi Jump Kick|p2a: Mew
|-resisted|p2a: Mew
|-damage|p2a: Mew|107\/401
|
|-heal|p2a: Mew|132\/401|[from] item: Leftovers
|turn|19
|callback|decision
|chat|Getouttamysight|what are your thoughts on victini being suspected
|
|switch|p1a: Rhyperior|Rhyperior, M|433\/433
|-damage|p1a: Rhyperior|406\/433|[from] Stealth Rock
|move|p2a: Mew|Softboiled|p2a: Mew
|-heal|p2a: Mew|333\/401
|
|-heal|p2a: Mew|358\/401|[from] item: Leftovers
|-heal|p1a: Rhyperior|433\/433|[from] item: Leftovers
|turn|20
|callback|decision
|
|move|p2a: Mew|Taunt|p1a: Rhyperior
|-start|p1a: Rhyperior|move: Taunt
|cant|p1a: Rhyperior|move: Taunt|Stealth Rock
|
|-heal|p2a: Mew|383\/401|[from] item: Leftovers
|turn|21
|callback|decision
|
|move|p2a: Mew|Will-O-Wisp|p1a: Rhyperior
|-status|p1a: Rhyperior|brn
|move|p1a: Rhyperior|Earthquake|p2a: Mew
|-damage|p2a: Mew|290\/401
|
|-heal|p2a: Mew|315\/401|[from] item: Leftovers
|-damage|p1a: Rhyperior|379\/433 brn|[from] brn
|turn|22
|callback|decision
|
|move|p2a: Mew|Psyshock|p1a: Rhyperior
|-damage|p1a: Rhyperior|297\/433 brn
|move|p1a: Rhyperior|Dragon Tail|p2a: Mew
|-damage|p2a: Mew|276\/401
|drag|p2a: Suicune|Suicune|108\/401 slp
|-ability|p2a: Suicune|Pressure
|
|-heal|p2a: Suicune|133\/401 slp|[from] item: Leftovers
|-heal|p1a: Rhyperior|324\/433 brn|[from] item: Leftovers
|-damage|p1a: Rhyperior|270\/433 brn|[from] brn
|-end|p1a: Rhyperior|move: Taunt
|turn|23
|callback|decision
|
|switch|p1a: Kingdra|Kingdra, M|255\/291
|-damage|p1a: Kingdra|219\/291|[from] Stealth Rock
|cant|p2a: Suicune|slp
|move|p2a: Suicune|Sleep Talk|p2a: Suicune
|move|p2a: Suicune|Rest|p2a: Suicune|[from]Sleep Talk
|-fail|p2a: Suicune
|
|-heal|p2a: Suicune|158\/401 slp|[from] item: Leftovers
|turn|24
|callback|decision
|
|switch|p2a: Mienshao|Mienshao, M|271\/271
|move|p1a: Kingdra|Draco Meteor|p2a: Mienshao
|-damage|p2a: Mienshao|0 fnt
|-unboost|p1a: Kingdra|spa|2
|faint|p2a: Mienshao
|
|callback|decision
|
|switch|p2a: Mew|Mew|276\/401
|turn|25
|callback|decision
|
|switch|p1a: Cofagrigus|Cofagrigus, F|319\/319
|-damage|p1a: Cofagrigus|280\/319|[from] Stealth Rock
|move|p2a: Mew|Will-O-Wisp|p1a: Cofagrigus|[miss]
|-miss|p2a: Mew|p1a: Cofagrigus
|
|-heal|p2a: Mew|301\/401|[from] item: Leftovers
|-heal|p1a: Cofagrigus|299\/319|[from] item: Leftovers
|turn|26
|callback|decision
|
|move|p2a: Mew|Taunt|p1a: Cofagrigus
|-start|p1a: Cofagrigus|move: Taunt
|move|p1a: Cofagrigus|Shadow Ball|p2a: Mew
|-supereffective|p2a: Mew
|-damage|p2a: Mew|127\/401
|
|-heal|p2a: Mew|152\/401|[from] item: Leftovers
|-heal|p1a: Cofagrigus|318\/319|[from] item: Leftovers
|turn|27
|callback|decision
|
|move|p2a: Mew|Softboiled|p2a: Mew
|-heal|p2a: Mew|353\/401
|move|p1a: Cofagrigus|Shadow Ball|p2a: Mew
|-supereffective|p2a: Mew
|-damage|p2a: Mew|179\/401
|
|-heal|p2a: Mew|204\/401|[from] item: Leftovers
|-heal|p1a: Cofagrigus|319\/319|[from] item: Leftovers
|turn|28
|callback|decision
|
|switch|p2a: Roserade|Roserade, M|209\/261
|move|p1a: Cofagrigus|Shadow Ball|p2a: Roserade
|-damage|p2a: Roserade|98\/261
|
|-end|p1a: Cofagrigus|move: Taunt
|turn|29
|callback|decision
|
|switch|p1a: Rhyperior|Rhyperior, M|270\/433 brn
|-damage|p1a: Rhyperior|243\/433 brn|[from] Stealth Rock
|move|p2a: Roserade|Leaf Storm|p1a: Rhyperior
|-supereffective|p1a: Rhyperior
|-damage|p1a: Rhyperior|0 fnt
|-unboost|p2a: Roserade|spa|2
|-damage|p2a: Roserade|72\/261|[from] item: Life Orb
|faint|p1a: Rhyperior
|
|callback|decision
|
|switch|p1a: Mienshao|Mienshao, M|239\/271
|-damage|p1a: Mienshao|223\/271|[from] Stealth Rock
|turn|30
|callback|decision
|
|switch|p2a: Arcanine|Arcanine, F|140\/321
|-ability|p2a: Arcanine|Intimidate|[of] p1a: Mienshao
|-unboost|p1a: Mienshao|atk|1
|move|p1a: Mienshao|U-turn|p2a: Arcanine
|-resisted|p2a: Arcanine
|-damage|p2a: Arcanine|110\/321
|callback|decision
|
|switch|p1a: Kingdra|Kingdra, M|219\/291
|-damage|p1a: Kingdra|183\/291|[from] Stealth Rock
|
|turn|31
|callback|decision
|
|move|p2a: Arcanine|ExtremeSpeed|p1a: Kingdra
|-damage|p1a: Kingdra|52\/291
|-damage|p2a: Arcanine|78\/321|[from] item: Life Orb
|move|p1a: Kingdra|Dragon Pulse|p2a: Arcanine
|-damage|p2a: Arcanine|0 fnt
|faint|p2a: Arcanine
|
|callback|decision
|
|switch|p2a: Roserade|Roserade, M|72\/261
|turn|32
|callback|decision
|
|move|p2a: Roserade|Rest|p2a: Roserade
|-status|p2a: Roserade|slp
|-heal|p2a: Roserade|261\/261 slp|[silent]
|-status|p2a: Roserade|slp|[from] move: Rest
|move|p1a: Kingdra|Dragon Pulse|p2a: Roserade
|-damage|p2a: Roserade|89\/261 slp
|
|turn|33
|callback|decision
|
|switch|p2a: Suicune|Suicune|158\/401 slp
|-ability|p2a: Suicune|Pressure
|move|p1a: Kingdra|Dragon Pulse|p2a: Suicune
|-damage|p2a: Suicune|0 fnt
|faint|p2a: Suicune
|
|callback|decision
|
|switch|p2a: Mew|Mew|204\/401
|turn|34
|callback|decision
|
|move|p1a: Kingdra|Dragon Pulse|p2a: Mew
|-damage|p2a: Mew|57\/401
|move|p2a: Mew|Softboiled|p2a: Mew
|-heal|p2a: Mew|258\/401
|
|-heal|p2a: Mew|283\/401|[from] item: Leftovers
|turn|35
|callback|decision
|
|move|p1a: Kingdra|Dragon Pulse|p2a: Mew
|-damage|p2a: Mew|151\/401
|move|p2a: Mew|Softboiled|p2a: Mew
|-heal|p2a: Mew|352\/401
|
|-heal|p2a: Mew|377\/401|[from] item: Leftovers
|turn|36
|callback|decision
|
|move|p1a: Kingdra|Dragon Pulse|p2a: Mew
|-damage|p2a: Mew|245\/401
|move|p2a: Mew|Psyshock|p1a: Kingdra
|-damage|p1a: Kingdra|0 fnt
|faint|p1a: Kingdra
|
|-heal|p2a: Mew|270\/401|[from] item: Leftovers
|callback|decision
|
|switch|p1a: Cofagrigus|Cofagrigus, F|319\/319
|-damage|p1a: Cofagrigus|280\/319|[from] Stealth Rock
|turn|37
|callback|decision
|
|move|p2a: Mew|Will-O-Wisp|p1a: Cofagrigus|[miss]
|-miss|p2a: Mew|p1a: Cofagrigus
|move|p1a: Cofagrigus|Shadow Ball|p2a: Mew
|-supereffective|p2a: Mew
|-damage|p2a: Mew|100\/401
|-unboost|p2a: Mew|spd|1
|
|-heal|p2a: Mew|125\/401|[from] item: Leftovers
|-heal|p1a: Cofagrigus|299\/319|[from] item: Leftovers
|turn|38
|callback|decision
|chat|Getouttamysight|wow lol
|chat|Getouttamysight|everytime
|chat|Xiba|Sorry, dude.
|chat|Getouttamysight|ehh it's okay
|chat|Xiba|:)
|chat|Getouttamysight|It doesn't matter how good a player is if the other player gets all the hax
|
|move|p2a: Mew|Softboiled|p2a: Mew
|-heal|p2a: Mew|326\/401
|move|p1a: Cofagrigus|Shadow Ball|p2a: Mew
|-supereffective|p2a: Mew
|-damage|p2a: Mew|66\/401
|-unboost|p2a: Mew|spd|1
|
|-heal|p2a: Mew|91\/401|[from] item: Leftovers
|-heal|p1a: Cofagrigus|318\/319|[from] item: Leftovers
|turn|39
|callback|decision
|chat|Getouttamysight|yep
|chat|Xiba|Well, it depends...but for the most part, yes.
|chat|Getouttamysight|You do realize that had you not I would've been able to stall you out then win with roserade?
|
|move|p2a: Mew|Will-O-Wisp|p1a: Cofagrigus|[miss]
|-miss|p2a: Mew|p1a: Cofagrigus
|move|p1a: Cofagrigus|Shadow Ball|p2a: Mew
|-supereffective|p2a: Mew
|-damage|p2a: Mew|0 fnt
|faint|p2a: Mew
|
|-heal|p1a: Cofagrigus|319\/319|[from] item: Leftovers
|callback|decision
|chat|Getouttamysight|again excelltn
|join|ambipom=pwrful
|
|switch|p2a: Roserade|Roserade, M|89\/261
|turn|40
|callback|decision
|chat|Xiba|Well, with that logic I would have gotten a sp def drop eventually.
|chat|Getouttamysight|But instead
|chat|Getouttamysight|You got two in a row
|chat|Getouttamysight|while I missed all my WoWs
|
|move|p2a: Roserade|Leaf Storm|p1a: Cofagrigus
|-damage|p1a: Cofagrigus|11\/319
|-unboost|p2a: Roserade|spa|2
|-damage|p2a: Roserade|63\/261|[from] item: Life Orb
|move|p1a: Cofagrigus|Shadow Ball|p2a: Roserade
|-damage|p2a: Roserade|0 fnt
|faint|p2a: Roserade
|
|win|Xiba
|raw|Ladder updating...
|raw|Xiba's rating: 1828 &rarr; <strong>1833<\/strong><br \/>(+5 for winning)
|raw|Getouttamysight's rating: 1856 &rarr; <strong>1815<\/strong><br \/>(-41 for losing)
|chat|Xiba|gg
|chat|ambipom=pwrful|!
|chat|Getouttamysight|this one's gonna go up on youtube lol
|chat|Getouttamysight|http:\/\/pokemonshowdown.com\/replay\/uu-45699980
|chat|Getouttamysight|moose watch me outplay this poor man
|join|Calloflochie
|chat|Xiba|is your channel your user name?
|chat|Getouttamysight|then watch him hax his way to victory lol
|chat|Getouttamysight|fuck no
|leave|ambipom=pwrful
|leave|Xiba
|player|p1