|join|Grey99
|join|Xiba
|player|p1|Grey99|2
|player|p2|Xiba|4
|gametype|singles
|tier|UU
|rated
|rule|Sleep Clause Mod: Limit one foe put to sleep
|rule|Species Clause: Limit one of each Pokemon
|rule|OHKO Clause: OHKO moves are banned
|rule|Moody Clause: Moody is banned
|rule|Evasion Moves Clause: Evasion moves are banned
|rule|HP Percentage Mod: HP is reported as percentages
|rule|Evasion Abilities Clause: Evasion abilities are banned
|clearpoke
|poke|p1|Kabutops, M
|poke|p1|Feraligatr, M
|poke|p1|Tornadus, M
|poke|p1|Mew
|poke|p1|Kingdra, M
|poke|p1|Seismitoad, M
|poke|p2|Kingdra, M
|poke|p2|Rhyperior, M
|poke|p2|Xatu, M, shiny
|poke|p2|Victini
|poke|p2|Cofagrigus, M
|poke|p2|Mienshao, F
|teampreview
|callback|decision
|
|start
|switch|p1a: Kingdra|Kingdra, M|292\/292
|switch|p2a: Rhyperior|Rhyperior, M|433\/433
|turn|1
|callback|decision
|
|switch|p2a: Cofagrigus|Cofagrigus, M|319\/319
|move|p1a: Kingdra|Waterfall|p2a: Cofagrigus
|-damage|p2a: Cofagrigus|186\/319
|-ability|p1a: Kingdra|Mummy|[from] Mummy
|
|-heal|p2a: Cofagrigus|205\/319|[from] item: Leftovers
|turn|2
|callback|decision
|
|move|p1a: Kingdra|Waterfall|p2a: Cofagrigus
|-damage|p2a: Cofagrigus|88\/319
|cant|p2a: Cofagrigus|flinch
|
|-heal|p2a: Cofagrigus|107\/319|[from] item: Leftovers
|turn|3
|callback|decision
|
|switch|p1a: Mew|Mew|404\/404
|switch|p2a: Kingdra|Kingdra, M|291\/291
|
|turn|4
|callback|decision
|
|switch|p2a: Xatu|Xatu, M, shiny|334\/334
|move|p1a: Mew|Zen Headbutt|p2a: Xatu
|-resisted|p2a: Xatu
|-damage|p2a: Xatu|265\/334
|
|-heal|p2a: Xatu|285\/334|[from] item: Leftovers
|turn|5
|callback|decision
|
|move|p1a: Mew|Rain Dance|p1a: Mew
|-weather|RainDance
|move|p2a: Xatu|U-turn|p1a: Mew
|-supereffective|p1a: Mew
|-damage|p1a: Mew|322\/404
|callback|decision
|
|switch|p2a: Kingdra|Kingdra, M|291\/291
|
|-weather|RainDance|[upkeep]
|turn|6
|callback|decision
|
|move|p2a: Kingdra|Dragon Pulse|p1a: Mew
|-damage|p1a: Mew|174\/404
|move|p1a: Mew|Softboiled|p1a: Mew
|-heal|p1a: Mew|376\/404
|
|-weather|RainDance|[upkeep]
|turn|7
|callback|decision
|
|move|p2a: Kingdra|Dragon Pulse|p1a: Mew
|-damage|p1a: Mew|241\/404
|move|p1a: Mew|Zen Headbutt|p2a: Kingdra
|-damage|p2a: Kingdra|183\/291
|
|-weather|RainDance|[upkeep]
|turn|8
|callback|decision
|
|move|p2a: Kingdra|Dragon Pulse|p1a: Mew
|-damage|p1a: Mew|102\/404
|move|p1a: Mew|Softboiled|p1a: Mew
|-heal|p1a: Mew|304\/404
|
|-weather|RainDance|[upkeep]
|turn|9
|callback|decision
|
|move|p2a: Kingdra|Dragon Pulse|p1a: Mew
|-damage|p1a: Mew|156\/404
|move|p1a: Mew|Zen Headbutt|p2a: Kingdra
|-damage|p2a: Kingdra|92\/291
|
|-weather|RainDance|[upkeep]
|turn|10
|callback|decision
|
|switch|p2a: Xatu|Xatu, M, shiny|285\/334
|move|p1a: Mew|Softboiled|p1a: Mew
|-heal|p1a: Mew|358\/404
|
|-weather|RainDance|[upkeep]
|-heal|p2a: Xatu|305\/334|[from] item: Leftovers
|turn|11
|callback|decision
|
|switch|p1a: White phosphorus|Tornadus, M|360\/360
|move|p2a: Xatu|U-turn|p1a: White phosphorus
|-resisted|p1a: White phosphorus
|-damage|p1a: White phosphorus|333\/360
|callback|decision
|
|switch|p2a: Rhyperior|Rhyperior, M|433\/433
|
|-weather|RainDance|[upkeep]
|turn|12
|callback|decision
|
|move|p1a: White phosphorus|Taunt|p2a: Rhyperior
|-start|p2a: Rhyperior|move: Taunt
|move|p2a: Rhyperior|Rock Blast|p1a: White phosphorus|[miss]
|-miss|p2a: Rhyperior|p1a: White phosphorus
|
|-weather|none
|turn|13
|callback|decision
|chat|Grey99|sorry man
|chat|Grey99|but it could not ko anyway
|chat|Grey99|i run full hp
|
|switch|p2a: Victini|Victini|341\/341
|move|p1a: White phosphorus|U-turn|p2a: Victini
|-damage|p2a: Victini|290\/341
|callback|decision
|
|switch|p1a: Feraligatr|Feraligatr, M|364\/364
|
|turn|14
|callback|decision
|
|switch|p1a: Seismitoad|Seismitoad, M|351\/351
|move|p2a: Victini|U-turn|p1a: Seismitoad
|-damage|p1a: Seismitoad|267\/351
|callback|decision
|
|switch|p2a: Xatu|Xatu, M, shiny|305\/334
|
|-heal|p2a: Xatu|325\/334|[from] item: Leftovers
|turn|15
|callback|decision
|chat|Grey99|well it looks like you are an experienced player 
|chat|Grey99|nice to play against you man
|
|move|p1a: Seismitoad|Hydro Pump|p2a: Xatu
|-damage|p2a: Xatu|133\/334
|-damage|p1a: Seismitoad|232\/351|[from] item: Life Orb
|move|p2a: Xatu|Toxic|p1a: Seismitoad
|-status|p1a: Seismitoad|tox
|
|-heal|p2a: Xatu|153\/334|[from] item: Leftovers
|-damage|p1a: Seismitoad|211\/351 tox|[from] psn
|turn|16
|callback|decision
|
|switch|p2a: Kingdra|Kingdra, M|92\/291
|move|p1a: Seismitoad|Earth Power|p2a: Kingdra
|-damage|p2a: Kingdra|0 fnt
|-damage|p1a: Seismitoad|176\/351 tox|[from] item: Life Orb
|faint|p2a: Kingdra
|
|-damage|p1a: Seismitoad|134\/351 tox|[from] psn
|callback|decision
|
|switch|p2a: Mienshao|Mienshao, F|271\/271
|turn|17
|callback|decision
|
|switch|p1a: Mew|Mew|358\/404
|move|p2a: Mienshao|Hi Jump Kick|p1a: Mew
|-resisted|p1a: Mew
|-damage|p1a: Mew|223\/404
|
|turn|18
|callback|decision
|
|switch|p2a: Rhyperior|Rhyperior, M|433\/433
|move|p1a: Mew|Rain Dance|p1a: Mew
|-weather|RainDance
|
|-weather|RainDance|[upkeep]
|turn|19
|callback|decision
|
|switch|p1a: Kingdra|Kingdra, M|292\/292
|move|p2a: Rhyperior|Rock Blast|p1a: Kingdra
|-damage|p1a: Kingdra|246\/292
|-damage|p1a: Kingdra|198\/292
|-damage|p1a: Kingdra|152\/292
|-hitcount|p1a: Kingdra|3
|
|-weather|RainDance|[upkeep]
|turn|20
|callback|decision
|
|move|p1a: Kingdra|Waterfall|p2a: Rhyperior
|-supereffective|p2a: Rhyperior
|-damage|p2a: Rhyperior|0 fnt
|faint|p2a: Rhyperior
|
|-weather|RainDance|[upkeep]
|callback|decision
|
|switch|p2a: Mienshao|Mienshao, F|271\/271
|turn|21
|callback|decision
|
|move|p1a: Kingdra|Waterfall|p2a: Mienshao
|-damage|p2a: Mienshao|0 fnt
|faint|p2a: Mienshao
|
|-weather|RainDance|[upkeep]
|callback|decision
|chat|Grey99|gg
|
|switch|p2a: Xatu|Xatu, M, shiny|153\/334
|turn|22
|callback|decision
|
|move|p1a: Kingdra|Waterfall|p2a: Xatu
|-damage|p2a: Xatu|0 fnt
|faint|p2a: Xatu
|
|-weather|RainDance|[upkeep]
|callback|decision
|
|switch|p2a: Cofagrigus|Cofagrigus, M|107\/319
|turn|23
|callback|decision
|
|move|p1a: Kingdra|Waterfall|p2a: Cofagrigus
|-damage|p2a: Cofagrigus|0 fnt
|-ability|p1a: Kingdra|Mummy|[from] Mummy
|faint|p2a: Cofagrigus
|
|-weather|RainDance|[upkeep]
|callback|decision
|
|switch|p2a: Victini|Victini|290\/341
|turn|24
|callback|decision
|chat|Grey99|i am sure its your first 6-0 after a long time
|chat|Grey99|sorry 
|chat|Grey99|it seems like rain dance is 
|chat|Grey99|broken
|chat|Grey99|in UU
|
|move|p2a: Victini|Grass Knot|p1a: Kingdra
|-damage|p1a: Kingdra|58\/292
|-ability|p2a: Victini|Mummy|[from] Mummy
|move|p1a: Kingdra|Waterfall|p2a: Victini
|-supereffective|p2a: Victini
|-damage|p2a: Victini|0 fnt
|faint|p2a: Victini
|
|win|Grey99
|raw|Ladder updating...
|raw|Grey99's rating: 1706 &rarr; <strong>1806<\/strong><br \/>(+100 for winning)
|raw|Xiba's rating: 1834 &rarr; <strong>1831<\/strong><br \/>(-3 for losing)