|join|Xiba
|join|wheregottime
|player|p1|Xiba|4
|player|p2|wheregottime|266
|gametype|singles
|tier|UU
|rated
|rule|Sleep Clause Mod: Limit one foe put to sleep
|rule|Species Clause: Limit one of each Pokemon
|rule|OHKO Clause: OHKO moves are banned
|rule|Moody Clause: Moody is banned
|rule|Evasion Moves Clause: Evasion moves are banned
|rule|HP Percentage Mod: HP is reported as percentages
|rule|Evasion Abilities Clause: Evasion abilities are banned
|clearpoke
|poke|p1|Kingdra, F
|poke|p1|Rhyperior, M
|poke|p1|Virizion, shiny
|poke|p1|Victini
|poke|p1|Cofagrigus, F
|poke|p1|Mienshao, F
|poke|p2|Zapdos
|poke|p2|Hitmontop, M
|poke|p2|Umbreon, F
|poke|p2|Cofagrigus, F
|poke|p2|Snorlax, F
|poke|p2|Mew
|teampreview
|callback|decision
|
|start
|switch|p1a: Mienshao|Mienshao, F|271\/271
|switch|p2a: Zapdos|Zapdos|322\/322
|-ability|p2a: Zapdos|Pressure
|turn|1
|callback|decision
|
|switch|p2a: Cofagrigus|Cofagrigus, F|319\/319
|move|p1a: Mienshao|U-turn|p2a: Cofagrigus
|-resisted|p2a: Cofagrigus
|-damage|p2a: Cofagrigus|288\/319
|-ability|p1a: Mienshao|Mummy|[from] Mummy
|callback|decision
|
|switch|p1a: Virizion|Virizion, shiny|328\/328
|
|-heal|p2a: Cofagrigus|307\/319|[from] item: Leftovers
|turn|2
|callback|decision
|
|move|p1a: Virizion|Calm Mind|p1a: Virizion
|-boost|p1a: Virizion|spa|1
|-boost|p1a: Virizion|spd|1
|move|p2a: Cofagrigus|Nasty Plot|p2a: Cofagrigus
|-boost|p2a: Cofagrigus|spa|2
|
|-heal|p2a: Cofagrigus|319\/319|[from] item: Leftovers
|turn|3
|callback|decision
|
|move|p1a: Virizion|Giga Drain|p2a: Cofagrigus
|-damage|p2a: Cofagrigus|174\/319
|move|p2a: Cofagrigus|Trick Room|p2a: Cofagrigus
|-fieldstart|move: Trick Room|[of] p2a: Cofagrigus
|
|-heal|p2a: Cofagrigus|193\/319|[from] item: Leftovers
|turn|4
|callback|decision
|
|move|p2a: Cofagrigus|Shadow Ball|p1a: Virizion
|-crit|p1a: Virizion
|-damage|p1a: Virizion|0 fnt
|faint|p1a: Virizion
|
|-heal|p2a: Cofagrigus|212\/319|[from] item: Leftovers
|callback|decision
|
|switch|p1a: Cofagrigus|Cofagrigus, F|319\/319
|turn|5
|callback|decision
|
|move|p2a: Cofagrigus|Shadow Ball|p1a: Cofagrigus
|-crit|p1a: Cofagrigus
|-supereffective|p1a: Cofagrigus
|-damage|p1a: Cofagrigus|0 fnt
|faint|p1a: Cofagrigus
|
|-heal|p2a: Cofagrigus|231\/319|[from] item: Leftovers
|callback|decision
|-message|Xiba forfeited.
|
|win|wheregottime
|raw|Ladder updating...
|raw|Xiba's rating: 1907 &rarr; <strong>1902<\/strong><br \/>(-5 for losing)
|raw|wheregottime's rating: 1584 &rarr; <strong>1622<\/strong><br \/>(+38 for winning)
|leave|Xiba
|player|p1