|join|Xiba
|join|Nano Shinonome
|player|p1|Xiba|4
|player|p2|Nano Shinonome|157
|gametype|singles
|tier|UU
|rated
|rule|Sleep Clause Mod: Limit one foe put to sleep
|rule|Species Clause: Limit one of each Pokemon
|rule|OHKO Clause: OHKO moves are banned
|rule|Moody Clause: Moody is banned
|rule|Evasion Moves Clause: Evasion moves are banned
|rule|HP Percentage Mod: HP is reported as percentages
|rule|Evasion Abilities Clause: Evasion abilities are banned
|clearpoke
|poke|p1|Victini
|poke|p1|Sableye, F, shiny
|poke|p1|Gligar, F, shiny
|poke|p1|Roserade, M
|poke|p1|Blastoise, M, shiny
|poke|p1|Umbreon, F, shiny
|poke|p2|Swampert, M
|poke|p2|Heracross, M
|poke|p2|Victini
|poke|p2|Tangrowth, F, shiny
|poke|p2|Xatu, F
|poke|p2|Magneton, shiny
|teampreview
|callback|decision
|
|start
|switch|p1a: MODSMODSMODSMODSMO|Roserade, M|324\/324
|switch|p2a: Slick Vick|Victini|341\/341
|turn|1
|callback|decision
|
|switch|p1a: Rich Evans|Gligar, F, shiny|334\/334
|move|p2a: Slick Vick|Psychic|p1a: Rich Evans
|-damage|p1a: Rich Evans|207\/334
|
|turn|2
|callback|decision
|
|switch|p2a: PokÃ©hauntus|Xatu, F|334\/334
|switch|p1a: Phat as fuck|Umbreon, F, shiny|394\/394
|
|turn|3
|callback|decision
|
|move|p2a: PokÃ©hauntus|U-turn|p1a: Phat as fuck
|-supereffective|p1a: Phat as fuck
|-damage|p1a: Phat as fuck|312\/394
|callback|decision
|
|switch|p2a: L. Bush|Tangrowth, F, shiny|404\/404
|move|p1a: Phat as fuck|Foul Play|p2a: L. Bush
|-crit|p2a: L. Bush
|-damage|p2a: L. Bush|284\/404
|
|-heal|p1a: Phat as fuck|336\/394|[from] item: Leftovers
|turn|4
|callback|decision
|
|switch|p1a: MODSMODSMODSMODSMO|Roserade, M|324\/324
|move|p2a: L. Bush|Knock Off|p1a: MODSMODSMODSMODSMO
|-damage|p1a: MODSMODSMODSMODSMO|301\/324
|-enditem|p1a: MODSMODSMODSMODSMO|Black Sludge|[from] move: Knock Off|[of] p2a: L. Bush
|
|turn|5
|callback|decision
|
|switch|p2a: Bert|Swampert, M|404\/404
|move|p1a: MODSMODSMODSMODSMO|Sludge Bomb|p2a: Bert
|-resisted|p2a: Bert
|-damage|p2a: Bert|339\/404
|
|-heal|p2a: Bert|364\/404|[from] item: Leftovers
|turn|6
|callback|decision
|
|switch|p2a: Slick Vick|Victini|341\/341
|move|p1a: MODSMODSMODSMODSMO|Giga Drain|p2a: Slick Vick
|-resisted|p2a: Slick Vick
|-damage|p2a: Slick Vick|291\/341
|-heal|p1a: MODSMODSMODSMODSMO|324\/324|[from] drain|[of] p2a: Slick Vick
|
|turn|7
|callback|decision
|
|move|p2a: Slick Vick|U-turn|p1a: MODSMODSMODSMODSMO
|-damage|p1a: MODSMODSMODSMODSMO|242\/324
|callback|decision
|
|switch|p2a: PokÃ©hauntus|Xatu, F|334\/334
|move|p1a: MODSMODSMODSMODSMO|Toxic Spikes|p2a: PokÃ©hauntus
|move|p2a: PokÃ©hauntus|Toxic Spikes|p1a: MODSMODSMODSMODSMO|[from]Magic Bounce
|-sidestart|p1: Xiba|move: Toxic Spikes
|
|turn|8
|callback|decision
|
|switch|p1a: I'm gay!|Blastoise, M, shiny|362\/362
|-status|p1a: I'm gay!|psn
|move|p2a: PokÃ©hauntus|U-turn|p1a: I'm gay!
|-damage|p1a: I'm gay!|330\/362 psn
|callback|decision
|
|switch|p2a: Biscuit|Magneton, shiny|242\/242
|
|-heal|p1a: I'm gay!|352\/362 psn|[from] item: Leftovers
|-damage|p1a: I'm gay!|307\/362 psn|[from] psn
|turn|9
|callback|decision
|
|switch|p1a: MODSMODSMODSMODSMO|Roserade, M|242\/324
|-sideend|p1: Xiba|move: Toxic Spikes|[of] p1a: MODSMODSMODSMODSMO
|move|p2a: Biscuit|Thunderbolt|p1a: MODSMODSMODSMODSMO
|-resisted|p1a: MODSMODSMODSMODSMO
|-damage|p1a: MODSMODSMODSMODSMO|152\/324
|
|turn|10
|callback|decision
|
|switch|p2a: PokÃ©hauntus|Xatu, F|334\/334
|move|p1a: MODSMODSMODSMODSMO|Toxic Spikes|p2a: PokÃ©hauntus
|move|p2a: PokÃ©hauntus|Toxic Spikes|p1a: MODSMODSMODSMODSMO|[from]Magic Bounce
|-sidestart|p1: Xiba|move: Toxic Spikes
|
|turn|11
|callback|decision
|
|switch|p1a: I'm gay!|Blastoise, M, shiny|307\/362 psn
|move|p2a: PokÃ©hauntus|Light Screen|p2a: PokÃ©hauntus
|-sidestart|p2: Nano Shinonome|move: Light Screen
|
|-heal|p1a: I'm gay!|329\/362 psn|[from] item: Leftovers
|-damage|p1a: I'm gay!|284\/362 psn|[from] psn
|turn|12
|callback|decision
|
|move|p2a: PokÃ©hauntus|U-turn|p1a: I'm gay!
|-crit|p1a: I'm gay!
|-damage|p1a: I'm gay!|220\/362 psn
|callback|decision
|
|switch|p2a: Bert|Swampert, M|364\/404
|move|p1a: I'm gay!|Rapid Spin|p2a: Bert
|-damage|p2a: Bert|350\/404
|-sideend|p1: Xiba|Toxic Spikes|[from] move: Rapid Spin|[of] p1a: I'm gay!
|
|-heal|p1a: I'm gay!|242\/362 psn|[from] item: Leftovers
|-heal|p2a: Bert|375\/404|[from] item: Leftovers
|-damage|p1a: I'm gay!|197\/362 psn|[from] psn
|turn|13
|callback|decision
|
|move|p1a: I'm gay!|Toxic|p2a: Bert
|-status|p2a: Bert|tox
|move|p2a: Bert|Earthquake|p1a: I'm gay!
|-damage|p1a: I'm gay!|74\/362 psn
|
|-heal|p1a: I'm gay!|96\/362 psn|[from] item: Leftovers
|-heal|p2a: Bert|400\/404 tox|[from] item: Leftovers
|-damage|p1a: I'm gay!|51\/362 psn|[from] psn
|-damage|p2a: Bert|375\/404 tox|[from] psn
|turn|14
|callback|decision
|
|switch|p1a: Phat as fuck|Umbreon, F, shiny|336\/394
|move|p2a: Bert|Waterfall|p1a: Phat as fuck
|-damage|p1a: Phat as fuck|209\/394
|
|-heal|p1a: Phat as fuck|233\/394|[from] item: Leftovers
|-heal|p2a: Bert|400\/404 tox|[from] item: Leftovers
|-damage|p2a: Bert|350\/404 tox|[from] psn
|turn|15
|callback|decision
|
|switch|p2a: L. Bush|Tangrowth, F, shiny|404\/404
|move|p1a: Phat as fuck|Wish|p1a: Phat as fuck
|
|-heal|p1a: Phat as fuck|257\/394|[from] item: Leftovers
|turn|16
|callback|decision
|
|switch|p1a: MODSMODSMODSMODSMO|Roserade, M|152\/324
|switch|p2a: Slick Vick|Victini|291\/341
|
|-heal|p1a: MODSMODSMODSMODSMO|324\/324|[from] move: Wish|[wisher] Phat as fuck
|turn|17
|callback|decision
|
|switch|p1a: Phat as fuck|Umbreon, F, shiny|257\/394
|move|p2a: Slick Vick|Psychic|p1a: Phat as fuck
|-immune|p1a: Phat as fuck|[msg]
|
|-heal|p1a: Phat as fuck|281\/394|[from] item: Leftovers
|turn|18
|callback|decision
|
|move|p2a: Slick Vick|U-turn|p1a: Phat as fuck
|-supereffective|p1a: Phat as fuck
|-damage|p1a: Phat as fuck|159\/394
|callback|decision
|
|switch|p2a: PokÃ©hauntus|Xatu, F|334\/334
|move|p1a: Phat as fuck|Wish|p1a: Phat as fuck
|
|-heal|p1a: Phat as fuck|183\/394|[from] item: Leftovers
|-sideend|p2: Nano Shinonome|move: Light Screen
|turn|19
|callback|decision
|
|move|p2a: PokÃ©hauntus|U-turn|p1a: Phat as fuck
|-supereffective|p1a: Phat as fuck
|-damage|p1a: Phat as fuck|101\/394
|callback|decision
|
|switch|p2a: L. Bush|Tangrowth, F, shiny|404\/404
|move|p1a: Phat as fuck|Foul Play|p2a: L. Bush
|-damage|p2a: L. Bush|343\/404
|
|-heal|p1a: Phat as fuck|298\/394|[from] move: Wish|[wisher] Phat as fuck
|-heal|p1a: Phat as fuck|322\/394|[from] item: Leftovers
|turn|20
|callback|decision
|
|switch|p1a: MODSMODSMODSMODSMO|Roserade, M|324\/324
|move|p2a: L. Bush|Stun Spore|p1a: MODSMODSMODSMODSMO
|-status|p1a: MODSMODSMODSMODSMO|par
|
|turn|21
|callback|decision
|
|switch|p2a: KUWAGATA!!|Heracross, M|302\/302
|move|p1a: MODSMODSMODSMODSMO|Toxic Spikes|p2a: KUWAGATA!!
|-sidestart|p2: Nano Shinonome|move: Toxic Spikes
|
|turn|22
|callback|decision
|chat|Xiba|gotcha!
|
|switch|p1a: Rich Evans|Gligar, F, shiny|207\/334
|move|p2a: KUWAGATA!!|Megahorn|p1a: Rich Evans
|-resisted|p1a: Rich Evans
|-damage|p1a: Rich Evans|151\/334
|
|turn|23
|callback|decision
|
|switch|p2a: PokÃ©hauntus|Xatu, F|334\/334
|move|p1a: Rich Evans|Roost|p1a: Rich Evans
|-heal|p1a: Rich Evans|318\/334
|
|turn|24
|callback|decision
|
|move|p2a: PokÃ©hauntus|Reflect|p2a: PokÃ©hauntus
|-sidestart|p2: Nano Shinonome|Reflect
|move|p1a: Rich Evans|U-turn|p2a: PokÃ©hauntus
|-damage|p2a: PokÃ©hauntus|307\/334
|callback|decision
|
|switch|p1a: Phat as fuck|Umbreon, F, shiny|322\/394
|
|-heal|p1a: Phat as fuck|346\/394|[from] item: Leftovers
|turn|25
|callback|decision
|
|move|p2a: PokÃ©hauntus|U-turn|p1a: Phat as fuck
|-supereffective|p1a: Phat as fuck
|-damage|p1a: Phat as fuck|258\/394
|callback|decision
|
|switch|p2a: Biscuit|Magneton, shiny|242\/242
|move|p1a: Phat as fuck|Heal Bell|p1a: Phat as fuck
|-cureteam|p1a: Phat as fuck|[from] move: HealBell
|
|-heal|p1a: Phat as fuck|282\/394|[from] item: Leftovers
|turn|26
|callback|decision
|
|switch|p1a: Pee Pee|Victini|341\/341
|move|p2a: Biscuit|Flash Cannon|p1a: Pee Pee
|-resisted|p1a: Pee Pee
|-damage|p1a: Pee Pee|224\/341
|
|turn|27
|callback|decision
|
|switch|p2a: Bert|Swampert, M|350\/404 tox
|move|p1a: Pee Pee|V-create|p2a: Bert
|-resisted|p2a: Bert
|-damage|p2a: Bert|280\/404 tox
|-unboost|p1a: Pee Pee|def|1
|-unboost|p1a: Pee Pee|spd|1
|-unboost|p1a: Pee Pee|spe|1
|
|-heal|p2a: Bert|305\/404 tox|[from] item: Leftovers
|-damage|p2a: Bert|280\/404 tox|[from] psn
|turn|28
|callback|decision
|
|switch|p1a: Rich Evans|Gligar, F, shiny|318\/334
|move|p2a: Bert|Earthquake|p1a: Rich Evans
|-immune|p1a: Rich Evans|[msg]
|
|-heal|p2a: Bert|305\/404 tox|[from] item: Leftovers
|-damage|p2a: Bert|255\/404 tox|[from] psn
|turn|29
|callback|decision
|
|move|p1a: Rich Evans|U-turn|p2a: Bert
|-damage|p2a: Bert|233\/404 tox
|callback|decision
|
|switch|p1a: Phat as fuck|Umbreon, F, shiny|282\/394
|move|p2a: Bert|Waterfall|p1a: Phat as fuck
|-damage|p1a: Phat as fuck|150\/394
|
|-heal|p1a: Phat as fuck|174\/394|[from] item: Leftovers
|-heal|p2a: Bert|258\/404 tox|[from] item: Leftovers
|-damage|p2a: Bert|183\/404 tox|[from] psn
|turn|30
|callback|decision
|
|move|p1a: Phat as fuck|Wish|p1a: Phat as fuck
|move|p2a: Bert|Stealth Rock|p1a: Phat as fuck
|-sidestart|p1: Xiba|move: Stealth Rock
|
|-heal|p1a: Phat as fuck|198\/394|[from] item: Leftovers
|-heal|p2a: Bert|208\/404 tox|[from] item: Leftovers
|-damage|p2a: Bert|108\/404 tox|[from] psn
|turn|31
|callback|decision
|
|move|p1a: Phat as fuck|Foul Play|p2a: Bert
|-damage|p2a: Bert|21\/404 tox
|move|p2a: Bert|Earthquake|p1a: Phat as fuck
|-damage|p1a: Phat as fuck|41\/394
|
|-heal|p1a: Phat as fuck|238\/394|[from] move: Wish|[wisher] Phat as fuck
|-heal|p1a: Phat as fuck|262\/394|[from] item: Leftovers
|-heal|p2a: Bert|46\/404 tox|[from] item: Leftovers
|-damage|p2a: Bert|0 fnt|[from] psn
|-sideend|p2: Nano Shinonome|Reflect
|faint|p2a: Bert
|callback|decision
|
|switch|p2a: Biscuit|Magneton, shiny|242\/242
|turn|32
|callback|decision
|
|move|p2a: Biscuit|Flash Cannon|p1a: Phat as fuck
|-damage|p1a: Phat as fuck|133\/394
|move|p1a: Phat as fuck|Wish|p1a: Phat as fuck
|
|-heal|p1a: Phat as fuck|157\/394|[from] item: Leftovers
|turn|33
|callback|decision
|
|switch|p1a: Pee Pee|Victini|224\/341
|-damage|p1a: Pee Pee|139\/341|[from] Stealth Rock
|move|p2a: Biscuit|Flash Cannon|p1a: Pee Pee
|-resisted|p1a: Pee Pee
|-damage|p1a: Pee Pee|37\/341
|
|-heal|p1a: Pee Pee|234\/341|[from] move: Wish|[wisher] Phat as fuck
|turn|34
|callback|decision
|
|switch|p2a: Slick Vick|Victini|291\/341
|-status|p2a: Slick Vick|psn
|move|p1a: Pee Pee|V-create|p2a: Slick Vick
|-resisted|p2a: Slick Vick
|-damage|p2a: Slick Vick|147\/341 psn
|-unboost|p1a: Pee Pee|def|1
|-unboost|p1a: Pee Pee|spd|1
|-unboost|p1a: Pee Pee|spe|1
|
|-damage|p2a: Slick Vick|105\/341 psn|[from] psn
|turn|35
|callback|decision
|
|switch|p1a: I'm gay!|Blastoise, M, shiny|51\/362
|-damage|p1a: I'm gay!|6\/362|[from] Stealth Rock
|move|p2a: Slick Vick|V-create|p1a: I'm gay!
|-resisted|p1a: I'm gay!
|-damage|p1a: I'm gay!|0 fnt
|-unboost|p2a: Slick Vick|def|1
|-unboost|p2a: Slick Vick|spd|1
|-unboost|p2a: Slick Vick|spe|1
|faint|p1a: I'm gay!
|
|-damage|p2a: Slick Vick|63\/341 psn|[from] psn
|callback|decision
|
|switch|p1a: Phat as fuck|Umbreon, F, shiny|157\/394
|-damage|p1a: Phat as fuck|108\/394|[from] Stealth Rock
|turn|36
|callback|decision
|
|move|p1a: Phat as fuck|Protect|p1a: Phat as fuck
|-singleturn|p1a: Phat as fuck|Protect
|move|p2a: Slick Vick|V-create|p1a: Phat as fuck
|-activate|p1a: Phat as fuck|Protect
|
|-heal|p1a: Phat as fuck|132\/394|[from] item: Leftovers
|-damage|p2a: Slick Vick|21\/341 psn|[from] psn
|turn|37
|callback|decision
|
|switch|p1a: Rich Evans|Gligar, F, shiny|318\/334
|-damage|p1a: Rich Evans|277\/334|[from] Stealth Rock
|move|p2a: Slick Vick|V-create|p1a: Rich Evans
|-damage|p1a: Rich Evans|174\/334
|-unboost|p2a: Slick Vick|def|1
|-unboost|p2a: Slick Vick|spd|1
|-unboost|p2a: Slick Vick|spe|1
|
|-damage|p2a: Slick Vick|0 fnt|[from] psn
|faint|p2a: Slick Vick
|callback|decision
|
|switch|p2a: Biscuit|Magneton, shiny|242\/242
|turn|38
|callback|decision
|
|switch|p1a: MODSMODSMODSMODSMO|Roserade, M|324\/324
|-damage|p1a: MODSMODSMODSMODSMO|284\/324|[from] Stealth Rock
|move|p2a: Biscuit|Hidden Power|p1a: MODSMODSMODSMODSMO
|-supereffective|p1a: MODSMODSMODSMODSMO
|-damage|p1a: MODSMODSMODSMODSMO|88\/324
|
|turn|39
|callback|decision
|
|move|p2a: Biscuit|Hidden Power|p1a: MODSMODSMODSMODSMO
|-supereffective|p1a: MODSMODSMODSMODSMO
|-damage|p1a: MODSMODSMODSMODSMO|0 fnt
|faint|p1a: MODSMODSMODSMODSMO
|
|callback|decision
|
|switch|p1a: Pee Pee|Victini|234\/341
|-damage|p1a: Pee Pee|149\/341|[from] Stealth Rock
|turn|40
|callback|decision
|
|switch|p2a: PokÃ©hauntus|Xatu, F|307\/334
|move|p1a: Pee Pee|V-create|p2a: PokÃ©hauntus
|-damage|p2a: PokÃ©hauntus|0 fnt
|-unboost|p1a: Pee Pee|def|1
|-unboost|p1a: Pee Pee|spd|1
|-unboost|p1a: Pee Pee|spe|1
|faint|p2a: PokÃ©hauntus
|
|callback|decision
|
|switch|p2a: KUWAGATA!!|Heracross, M|302\/302
|-status|p2a: KUWAGATA!!|psn
|turn|41
|callback|decision
|
|move|p2a: KUWAGATA!!|Pursuit|p1a: Pee Pee|[from]Pursuit
|-supereffective|p1a: Pee Pee
|-damage|p1a: Pee Pee|0 fnt
|faint|p1a: Pee Pee
|
|-damage|p2a: KUWAGATA!!|265\/302 psn|[from] psn
|callback|decision
|
|switch|p1a: Rich Evans|Gligar, F, shiny|174\/334
|-damage|p1a: Rich Evans|133\/334|[from] Stealth Rock
|turn|42
|callback|decision
|
|switch|p2a: L. Bush|Tangrowth, F, shiny|404\/404
|-status|p2a: L. Bush|psn
|-enditem|p2a: L. Bush|Lum Berry|[eat]
|-curestatus|p2a: L. Bush|psn
|move|p1a: Rich Evans|Stealth Rock|p2a: L. Bush
|-sidestart|p2: Nano Shinonome|move: Stealth Rock
|
|turn|43
|callback|decision
|
|move|p1a: Rich Evans|U-turn|p2a: L. Bush
|-crit|p2a: L. Bush
|-supereffective|p2a: L. Bush
|-damage|p2a: L. Bush|302\/404
|callback|decision
|
|switch|p1a: Fuck Chips|Sableye, F, shiny|304\/304
|-damage|p1a: Fuck Chips|266\/304|[from] Stealth Rock
|move|p2a: L. Bush|Knock Off|p1a: Fuck Chips
|-damage|p1a: Fuck Chips|249\/304
|-enditem|p1a: Fuck Chips|Leftovers|[from] move: Knock Off|[of] p2a: L. Bush
|
|turn|44
|callback|decision
|
|move|p1a: Fuck Chips|Will-O-Wisp|p2a: L. Bush
|-status|p2a: L. Bush|brn
|move|p2a: L. Bush|Stun Spore|p1a: Fuck Chips
|-status|p1a: Fuck Chips|par
|
|-damage|p2a: L. Bush|252\/404 brn|[from] brn
|turn|45
|callback|decision
|
|switch|p2a: KUWAGATA!!|Heracross, M|265\/302 psn
|-damage|p2a: KUWAGATA!!|228\/302 psn|[from] Stealth Rock
|cant|p1a: Fuck Chips|par
|
|-damage|p2a: KUWAGATA!!|191\/302 psn|[from] psn
|turn|46
|callback|decision
|
|move|p2a: KUWAGATA!!|Megahorn|p1a: Fuck Chips
|-crit|p1a: Fuck Chips
|-damage|p1a: Fuck Chips|0 fnt
|faint|p1a: Fuck Chips
|
|-damage|p2a: KUWAGATA!!|154\/302 psn|[from] psn
|callback|decision
|
|switch|p1a: Rich Evans|Gligar, F, shiny|133\/334
|-damage|p1a: Rich Evans|92\/334|[from] Stealth Rock
|turn|47
|callback|decision
|
|switch|p2a: L. Bush|Tangrowth, F, shiny|386\/404 brn
|-damage|p2a: L. Bush|336\/404 brn|[from] Stealth Rock
|move|p1a: Rich Evans|Roost|p1a: Rich Evans
|-heal|p1a: Rich Evans|259\/334
|
|-damage|p2a: L. Bush|286\/404 brn|[from] brn
|turn|48
|callback|decision
|
|switch|p1a: Phat as fuck|Umbreon, F, shiny|132\/394
|-damage|p1a: Phat as fuck|83\/394|[from] Stealth Rock
|move|p2a: L. Bush|Knock Off|p1a: Phat as fuck
|-resisted|p1a: Phat as fuck
|-damage|p1a: Phat as fuck|80\/394
|-enditem|p1a: Phat as fuck|Leftovers|[from] move: Knock Off|[of] p2a: L. Bush
|
|-damage|p2a: L. Bush|236\/404 brn|[from] brn
|turn|49
|callback|decision
|
|move|p1a: Phat as fuck|Wish|p1a: Phat as fuck
|move|p2a: L. Bush|Stun Spore|p1a: Phat as fuck
|-status|p1a: Phat as fuck|par
|
|-damage|p2a: L. Bush|186\/404 brn|[from] brn
|turn|50
|callback|decision
|
|switch|p2a: Biscuit|Magneton, shiny|242\/242
|-damage|p2a: Biscuit|227\/242|[from] Stealth Rock
|move|p1a: Phat as fuck|Heal Bell|p1a: Phat as fuck
|-cureteam|p1a: Phat as fuck|[from] move: HealBell
|
|-heal|p1a: Phat as fuck|277\/394|[from] move: Wish|[wisher] Phat as fuck
|turn|51
|callback|decision
|
|move|p2a: Biscuit|Flash Cannon|p1a: Phat as fuck
|-damage|p1a: Phat as fuck|133\/394
|move|p1a: Phat as fuck|Wish|p1a: Phat as fuck
|
|turn|52
|callback|decision
|
|switch|p1a: Rich Evans|Gligar, F, shiny|259\/334
|-damage|p1a: Rich Evans|218\/334|[from] Stealth Rock
|move|p2a: Biscuit|Flash Cannon|p1a: Rich Evans
|-damage|p1a: Rich Evans|0 fnt
|faint|p1a: Rich Evans
|
|callback|decision
|chat|Nano Shinonome|that was fun
|chat|Xiba|NO NO NO NO
|
|switch|p1a: Phat as fuck|Umbreon, F, shiny|133\/394
|-damage|p1a: Phat as fuck|84\/394|[from] Stealth Rock
|turn|53
|callback|decision
|
|move|p2a: Biscuit|Flash Cannon|p1a: Phat as fuck
|-crit|p1a: Phat as fuck
|-damage|p1a: Phat as fuck|0 fnt
|faint|p1a: Phat as fuck
|
|win|Nano Shinonome
|raw|Ladder updating...
|raw|Xiba's rating: 1918 &rarr; <strong>1914<\/strong><br \/>(-4 for losing)
|raw|Nano Shinonome's rating: 1792 &rarr; <strong>1797<\/strong><br \/>(+5 for winning)
|chat|Nano Shinonome|good come back
|chat|Xiba|Thought ground resisted steel...
|chat|Nano Shinonome|gg
|chat|Xiba|gg
|leave|Xiba
|player|p1