|join|Steel Scizor
|join|Xiba
|player|p1|Steel Scizor|148
|player|p2|Xiba|4
|gametype|singles
|tier|UU
|rated
|rule|Sleep Clause Mod: Limit one foe put to sleep
|rule|Species Clause: Limit one of each Pokemon
|rule|OHKO Clause: OHKO moves are banned
|rule|Moody Clause: Moody is banned
|rule|Evasion Moves Clause: Evasion moves are banned
|rule|HP Percentage Mod: HP is reported as percentages
|rule|Evasion Abilities Clause: Evasion abilities are banned
|clearpoke
|poke|p1|Togekiss, M
|poke|p1|Blastoise, F
|poke|p1|Shaymin
|poke|p1|Victini
|poke|p1|Nidoqueen, F
|poke|p1|Mienshao, F
|poke|p2|Kingdra, M
|poke|p2|Rhyperior, M
|poke|p2|Virizion, shiny
|poke|p2|Honchkrow, F
|poke|p2|Cofagrigus, F
|poke|p2|Mienshao, F
|teampreview
|callback|decision
|
|start
|switch|p1a: Vanderhymen|Mienshao, F|271\/271
|switch|p2a: Rhyperior|Rhyperior, M|433\/433
|turn|1
|callback|decision
|
|move|p1a: Vanderhymen|U-turn|p2a: Rhyperior
|-damage|p2a: Rhyperior|364\/433
|callback|decision
|
|switch|p1a: Vanderheidance|Blastoise, F|362\/362
|move|p2a: Rhyperior|Stealth Rock|p1a: Vanderheidance
|-sidestart|p1: Steel Scizor|move: Stealth Rock
|
|-heal|p2a: Rhyperior|391\/433|[from] item: Leftovers
|turn|2
|callback|decision
|join|reddhotxx21
|leave|reddhotxx21
|
|switch|p2a: Virizion|Virizion, shiny|386\/386
|move|p1a: Vanderheidance|Toxic|p2a: Virizion
|-status|p2a: Virizion|tox
|
|-damage|p2a: Virizion|362\/386 tox|[from] psn
|turn|3
|callback|decision
|
|move|p2a: Virizion|Light Screen|p2a: Virizion
|-sidestart|p2: Xiba|move: Light Screen
|move|p1a: Vanderheidance|Rapid Spin|p2a: Virizion
|-damage|p2a: Virizion|346\/386 tox
|-sideend|p1: Steel Scizor|Stealth Rock|[from] move: Rapid Spin|[of] p1a: Vanderheidance
|
|-damage|p2a: Virizion|298\/386 tox|[from] psn
|turn|4
|callback|decision
|
|switch|p1a: Vanderhymen|Mienshao, F|271\/271
|move|p2a: Virizion|Reflect|p2a: Virizion
|-sidestart|p2: Xiba|Reflect
|
|-damage|p2a: Virizion|226\/386 tox|[from] psn
|turn|5
|callback|decision
|
|switch|p2a: Rhyperior|Rhyperior, M|391\/433
|move|p1a: Vanderhymen|Aerial Ace|p2a: Rhyperior
|-resisted|p2a: Rhyperior
|-damage|p2a: Rhyperior|377\/433
|
|-heal|p2a: Rhyperior|404\/433|[from] item: Leftovers
|turn|6
|callback|decision
|
|switch|p1a: Vanderheidance|Blastoise, F|362\/362
|move|p2a: Rhyperior|Stealth Rock|p1a: Vanderheidance
|-sidestart|p1: Steel Scizor|move: Stealth Rock
|
|-heal|p2a: Rhyperior|431\/433|[from] item: Leftovers
|turn|7
|callback|decision
|
|switch|p2a: Kingdra|Kingdra, M|291\/291
|move|p1a: Vanderheidance|Scald|p2a: Kingdra
|-resisted|p2a: Kingdra
|-damage|p2a: Kingdra|281\/291
|
|turn|8
|callback|decision
|
|move|p2a: Kingdra|Draco Meteor|p1a: Vanderheidance
|-damage|p1a: Vanderheidance|67\/362
|-unboost|p2a: Kingdra|spa|2
|move|p1a: Vanderheidance|Rapid Spin|p2a: Kingdra
|-damage|p2a: Kingdra|275\/291
|-sideend|p1: Steel Scizor|Stealth Rock|[from] move: Rapid Spin|[of] p1a: Vanderheidance
|
|-heal|p1a: Vanderheidance|89\/362|[from] item: Leftovers
|turn|9
|callback|decision
|
|switch|p2a: Rhyperior|Rhyperior, M|431\/433
|switch|p1a: Vonderheiden|Togekiss, M|373\/373
|
|-heal|p2a: Rhyperior|433\/433|[from] item: Leftovers
|turn|10
|callback|decision
|
|switch|p1a: Vanderheidance|Blastoise, F|89\/362
|move|p2a: Rhyperior|Rock Blast|p1a: Vanderheidance
|-damage|p1a: Vanderheidance|58\/362
|-damage|p1a: Vanderheidance|25\/362
|-hitcount|p1a: Vanderheidance|2
|
|-heal|p1a: Vanderheidance|47\/362|[from] item: Leftovers
|-sideend|p2: Xiba|move: Light Screen
|turn|11
|callback|decision
|
|switch|p2a: Virizion|Virizion, shiny|226\/386 tox
|move|p1a: Vanderheidance|Scald|p2a: Virizion
|-resisted|p2a: Virizion
|-damage|p2a: Virizion|177\/386 tox
|
|-heal|p1a: Vanderheidance|69\/362|[from] item: Leftovers
|-damage|p2a: Virizion|153\/386 tox|[from] psn
|-sideend|p2: Xiba|Reflect
|turn|12
|callback|decision
|
|move|p2a: Virizion|Giga Drain|p1a: Vanderheidance
|-supereffective|p1a: Vanderheidance
|-damage|p1a: Vanderheidance|0 fnt
|-heal|p2a: Virizion|188\/386 tox|[from] drain|[of] p1a: Vanderheidance
|faint|p1a: Vanderheidance
|
|-damage|p2a: Virizion|140\/386 tox|[from] psn
|callback|decision
|
|switch|p1a: Vonderheiden|Togekiss, M|373\/373
|turn|13
|callback|decision
|
|switch|p2a: Rhyperior|Rhyperior, M|433\/433
|switch|p1a: Vonderqueer|Nidoqueen, F|363\/363
|
|turn|14
|callback|decision
|
|switch|p2a: Honchkrow|Honchkrow, F|341\/341
|move|p1a: Vonderqueer|Earth Power|p2a: Honchkrow
|-immune|p2a: Honchkrow|[msg]
|
|turn|15
|callback|decision
|
|move|p2a: Honchkrow|Brave Bird|p1a: Vonderqueer
|-damage|p1a: Vonderqueer|35\/363
|-damage|p2a: Honchkrow|233\/341|[from] recoil|[of] p1a: Vonderqueer
|-damage|p2a: Honchkrow|199\/341|[from] item: Life Orb
|move|p1a: Vonderqueer|Ice Beam|p2a: Honchkrow
|-supereffective|p2a: Honchkrow
|-damage|p2a: Honchkrow|0 fnt
|faint|p2a: Honchkrow
|
|callback|decision
|
|switch|p2a: Kingdra|Kingdra, M|275\/291
|turn|16
|callback|decision
|
|move|p2a: Kingdra|Dragon Pulse|p1a: Vonderqueer
|-damage|p1a: Vonderqueer|0 fnt
|faint|p1a: Vonderqueer
|
|callback|decision
|
|switch|p1a: Vonderheiden|Togekiss, M|373\/373
|turn|17
|callback|decision
|
|switch|p2a: Rhyperior|Rhyperior, M|433\/433
|move|p1a: Vonderheiden|Air Slash|p2a: Rhyperior|[miss]
|-miss|p1a: Vonderheiden|p2a: Rhyperior
|
|turn|18
|callback|decision
|
|move|p1a: Vonderheiden|Air Slash|p2a: Rhyperior
|-resisted|p2a: Rhyperior
|-damage|p2a: Rhyperior|366\/433
|cant|p2a: Rhyperior|flinch
|
|-heal|p2a: Rhyperior|393\/433|[from] item: Leftovers
|turn|19
|callback|decision
|
|move|p1a: Vonderheiden|Air Slash|p2a: Rhyperior
|-resisted|p2a: Rhyperior
|-damage|p2a: Rhyperior|333\/433
|cant|p2a: Rhyperior|flinch
|
|-heal|p2a: Rhyperior|360\/433|[from] item: Leftovers
|turn|20
|callback|decision
|
|move|p1a: Vonderheiden|Air Slash|p2a: Rhyperior
|-crit|p2a: Rhyperior
|-resisted|p2a: Rhyperior
|-damage|p2a: Rhyperior|237\/433
|move|p2a: Rhyperior|Stealth Rock|p1a: Vonderheiden
|-sidestart|p1: Steel Scizor|move: Stealth Rock
|
|-heal|p2a: Rhyperior|264\/433|[from] item: Leftovers
|turn|21
|callback|decision
|
|move|p1a: Vonderheiden|Air Slash|p2a: Rhyperior
|-resisted|p2a: Rhyperior
|-damage|p2a: Rhyperior|197\/433
|cant|p2a: Rhyperior|flinch
|
|-heal|p2a: Rhyperior|224\/433|[from] item: Leftovers
|turn|22
|callback|decision
|
|move|p1a: Vonderheiden|Air Slash|p2a: Rhyperior
|-resisted|p2a: Rhyperior
|-damage|p2a: Rhyperior|164\/433
|cant|p2a: Rhyperior|flinch
|
|-heal|p2a: Rhyperior|191\/433|[from] item: Leftovers
|turn|23
|callback|decision
|
|switch|p2a: Virizion|Virizion, shiny|140\/386 tox
|move|p1a: Vonderheiden|Air Slash|p2a: Virizion
|-supereffective|p2a: Virizion
|-damage|p2a: Virizion|0 fnt
|faint|p2a: Virizion
|
|callback|decision
|
|switch|p2a: Kingdra|Kingdra, M|275\/291
|turn|24
|callback|decision
|
|move|p2a: Kingdra|Hydro Pump|p1a: Vonderheiden
|-damage|p1a: Vonderheiden|133\/373
|move|p1a: Vonderheiden|Thunder Wave|p2a: Kingdra
|-status|p2a: Kingdra|par
|
|-heal|p1a: Vonderheiden|156\/373|[from] item: Leftovers
|turn|25
|callback|decision
|
|move|p1a: Vonderheiden|Air Slash|p2a: Kingdra
|-damage|p2a: Kingdra|169\/291 par
|cant|p2a: Kingdra|par
|
|-heal|p1a: Vonderheiden|179\/373|[from] item: Leftovers
|turn|26
|callback|decision
|
|switch|p2a: Rhyperior|Rhyperior, M|191\/433
|move|p1a: Vonderheiden|Air Slash|p2a: Rhyperior
|-resisted|p2a: Rhyperior
|-damage|p2a: Rhyperior|134\/433
|
|-heal|p1a: Vonderheiden|202\/373|[from] item: Leftovers
|-heal|p2a: Rhyperior|161\/433|[from] item: Leftovers
|turn|27
|callback|decision
|
|move|p1a: Vonderheiden|Air Slash|p2a: Rhyperior
|-resisted|p2a: Rhyperior
|-damage|p2a: Rhyperior|101\/433
|move|p2a: Rhyperior|Rock Blast|p1a: Vonderheiden
|-supereffective|p1a: Vonderheiden
|-damage|p1a: Vonderheiden|110\/373
|-supereffective|p1a: Vonderheiden
|-damage|p1a: Vonderheiden|18\/373
|-supereffective|p1a: Vonderheiden
|-damage|p1a: Vonderheiden|0 fnt
|-hitcount|p1a: Vonderheiden|3
|faint|p1a: Vonderheiden
|
|-heal|p2a: Rhyperior|128\/433|[from] item: Leftovers
|callback|decision
|
|switch|p1a: Vanderhidin|Shaymin|341\/341
|-damage|p1a: Vanderhidin|299\/341|[from] Stealth Rock
|turn|28
|callback|decision
|
|move|p1a: Vanderhidin|Psychic|p2a: Rhyperior
|-damage|p2a: Rhyperior|0 fnt
|faint|p2a: Rhyperior
|
|callback|decision
|
|switch|p2a: Cofagrigus|Cofagrigus, F|319\/319
|turn|29
|callback|decision
|
|move|p1a: Vanderhidin|Psychic|p2a: Cofagrigus
|-damage|p2a: Cofagrigus|189\/319
|move|p2a: Cofagrigus|Trick Room|p2a: Cofagrigus
|-fieldstart|move: Trick Room|[of] p2a: Cofagrigus
|
|-heal|p2a: Cofagrigus|208\/319|[from] item: Leftovers
|turn|30
|callback|decision
|
|move|p2a: Cofagrigus|Nasty Plot|p2a: Cofagrigus
|-boost|p2a: Cofagrigus|spa|2
|move|p1a: Vanderhidin|Psychic|p2a: Cofagrigus
|-damage|p2a: Cofagrigus|75\/319
|
|-heal|p2a: Cofagrigus|94\/319|[from] item: Leftovers
|turn|31
|callback|decision
|
|move|p2a: Cofagrigus|Shadow Ball|p1a: Vanderhidin
|-damage|p1a: Vanderhidin|67\/341
|move|p1a: Vanderhidin|Psychic|p2a: Cofagrigus
|-damage|p2a: Cofagrigus|0 fnt
|faint|p2a: Cofagrigus
|
|callback|decision
|
|switch|p2a: Kingdra|Kingdra, M|169\/291 par
|turn|32
|callback|decision
|
|move|p2a: Kingdra|Dragon Pulse|p1a: Vanderhidin
|-damage|p1a: Vanderhidin|0 fnt
|faint|p1a: Vanderhidin
|
|callback|decision
|
|switch|p1a: Vanderhymen|Mienshao, F|271\/271
|-damage|p1a: Vanderhymen|255\/271|[from] Stealth Rock
|turn|33
|callback|decision
|
|move|p2a: Kingdra|Dragon Pulse|p1a: Vanderhymen
|-damage|p1a: Vanderhymen|0 fnt
|faint|p1a: Vanderhymen
|
|-fieldend|move: Trick Room
|callback|decision
|
|switch|p1a: Vandertini|Victini|341\/341
|-damage|p1a: Vandertini|256\/341|[from] Stealth Rock
|turn|34
|callback|decision
|
|move|p1a: Vandertini|Zen Headbutt|p2a: Kingdra
|-damage|p2a: Kingdra|0 fnt
|faint|p2a: Kingdra
|
|callback|decision
|
|switch|p2a: Mienshao|Mienshao, F|271\/271
|turn|35
|callback|decision
|
|move|p2a: Mienshao|Stone Edge|p1a: Vandertini
|-supereffective|p1a: Vandertini
|-damage|p1a: Vandertini|32\/341
|move|p1a: Vandertini|Zen Headbutt|p2a: Mienshao
|-supereffective|p2a: Mienshao
|-damage|p2a: Mienshao|0 fnt
|faint|p2a: Mienshao
|
|win|Steel Scizor
|raw|Ladder updating...
|raw|Steel Scizor's rating: 1578 &rarr; <strong>1662<\/strong><br \/>(+84 for winning)
|raw|Xiba's rating: 1848 &rarr; <strong>1844<\/strong><br \/>(-4 for losing)
|leave|Xiba
|player|p2