|join|Xiba
|join|MJB1993
|player|p1|Xiba|4
|player|p2|MJB1993|267
|gametype|singles
|tier|UU
|rated
|rule|Sleep Clause Mod: Limit one foe put to sleep
|rule|Species Clause: Limit one of each Pokemon
|rule|OHKO Clause: OHKO moves are banned
|rule|Moody Clause: Moody is banned
|rule|Evasion Moves Clause: Evasion moves are banned
|rule|HP Percentage Mod: HP is reported as percentages
|rule|Evasion Abilities Clause: Evasion abilities are banned
|clearpoke
|poke|p1|Victini
|poke|p1|Sableye, F, shiny
|poke|p1|Gligar, F, shiny
|poke|p1|Roserade, M
|poke|p1|Blastoise, M, shiny
|poke|p1|Umbreon, F, shiny
|poke|p2|Empoleon, M
|poke|p2|Gligar, M
|poke|p2|Umbreon, F
|poke|p2|Hitmontop, M
|poke|p2|Zapdos
|poke|p2|Raikou
|teampreview
|callback|decision
|
|start
|switch|p1a: Fuck Chips|Sableye, F, shiny|304\/304
|switch|p2a: Raikou|Raikou|321\/321
|-ability|p2a: Raikou|Pressure
|turn|1
|callback|decision
|
|switch|p2a: Umbreon|Umbreon, F|394\/394
|switch|p1a: Phat as fuck|Umbreon, F, shiny|394\/394
|
|turn|2
|callback|decision
|
|switch|p1a: MODSMODSMODSMODSMO|Roserade, M|324\/324
|switch|p2a: Hitmontop|Hitmontop, M|304\/304
|-ability|p2a: Hitmontop|Intimidate|[of] p1a: MODSMODSMODSMODSMO
|-unboost|p1a: MODSMODSMODSMODSMO|atk|1
|
|turn|3
|callback|decision
|
|move|p1a: MODSMODSMODSMODSMO|Toxic Spikes|p2a: Hitmontop
|-sidestart|p2: MJB1993|move: Toxic Spikes
|move|p2a: Hitmontop|Stone Edge|p1a: MODSMODSMODSMODSMO
|-damage|p1a: MODSMODSMODSMODSMO|194\/324
|
|-heal|p1a: MODSMODSMODSMODSMO|214\/324|[from] item: Black Sludge
|turn|4
|callback|decision
|
|switch|p1a: Fuck Chips|Sableye, F, shiny|304\/304
|move|p2a: Hitmontop|Stone Edge|p1a: Fuck Chips
|-damage|p1a: Fuck Chips|214\/304
|
|-heal|p1a: Fuck Chips|233\/304|[from] item: Leftovers
|turn|5
|callback|decision
|
|switch|p2a: Gligar|Gligar, M|334\/334
|move|p1a: Fuck Chips|Taunt|p2a: Gligar
|-start|p2a: Gligar|move: Taunt
|
|-heal|p1a: Fuck Chips|252\/304|[from] item: Leftovers
|turn|6
|callback|decision
|
|move|p1a: Fuck Chips|Will-O-Wisp|p2a: Gligar|[miss]
|-miss|p1a: Fuck Chips|p2a: Gligar
|move|p2a: Gligar|U-turn|p1a: Fuck Chips
|-damage|p1a: Fuck Chips|203\/304
|callback|decision
|
|switch|p2a: Empoleon|Empoleon, M|372\/372
|
|-heal|p1a: Fuck Chips|222\/304|[from] item: Leftovers
|turn|7
|callback|decision
|
|move|p1a: Fuck Chips|Taunt|p2a: Empoleon
|-start|p2a: Empoleon|move: Taunt
|move|p2a: Empoleon|Ice Beam|p1a: Fuck Chips
|-damage|p1a: Fuck Chips|129\/304
|
|-heal|p1a: Fuck Chips|148\/304|[from] item: Leftovers
|turn|8
|callback|decision
|
|switch|p1a: I'm gay!|Blastoise, M, shiny|362\/362
|move|p2a: Empoleon|Scald|p1a: I'm gay!
|-resisted|p1a: I'm gay!
|-damage|p1a: I'm gay!|313\/362
|-status|p1a: I'm gay!|brn
|
|-heal|p1a: I'm gay!|335\/362 brn|[from] item: Leftovers
|-damage|p1a: I'm gay!|290\/362 brn|[from] brn
|turn|9
|callback|decision
|
|move|p2a: Empoleon|Scald|p1a: I'm gay!
|-resisted|p1a: I'm gay!
|-damage|p1a: I'm gay!|239\/362 brn
|move|p1a: I'm gay!|Roar|p2a: Empoleon
|drag|p2a: Zapdos|Zapdos|322\/322
|-ability|p2a: Zapdos|Pressure
|
|-heal|p1a: I'm gay!|261\/362 brn|[from] item: Leftovers
|-damage|p1a: I'm gay!|216\/362 brn|[from] brn
|turn|10
|callback|decision
|
|switch|p1a: Phat as fuck|Umbreon, F, shiny|394\/394
|move|p2a: Zapdos|Hidden Power|p1a: Phat as fuck
|-damage|p1a: Phat as fuck|336\/394
|-damage|p2a: Zapdos|290\/322|[from] item: Life Orb
|
|-heal|p1a: Phat as fuck|360\/394|[from] item: Leftovers
|turn|11
|callback|decision
|
|switch|p2a: Empoleon|Empoleon, M|372\/372
|move|p1a: Phat as fuck|Wish|p1a: Phat as fuck
|
|-heal|p1a: Phat as fuck|384\/394|[from] item: Leftovers
|turn|12
|callback|decision
|
|move|p1a: Phat as fuck|Heal Bell|p1a: Phat as fuck
|-cureteam|p1a: Phat as fuck|[from] move: HealBell
|move|p2a: Empoleon|Roar|p1a: Phat as fuck
|drag|p1a: MODSMODSMODSMODSMO|Roserade, M|214\/324
|
|-heal|p1a: MODSMODSMODSMODSMO|324\/324|[from] move: Wish|[wisher] Phat as fuck
|turn|13
|callback|decision
|
|switch|p2a: Zapdos|Zapdos|290\/322
|-ability|p2a: Zapdos|Pressure
|move|p1a: MODSMODSMODSMODSMO|Toxic Spikes|p2a: Zapdos
|-sidestart|p2: MJB1993|move: Toxic Spikes
|
|turn|14
|callback|decision
|
|move|p2a: Zapdos|Heat Wave|p1a: MODSMODSMODSMODSMO
|-supereffective|p1a: MODSMODSMODSMODSMO
|-damage|p1a: MODSMODSMODSMODSMO|129\/324
|-damage|p2a: Zapdos|258\/322|[from] item: Life Orb
|move|p1a: MODSMODSMODSMODSMO|Spikes|p2a: Zapdos
|-sidestart|p2: MJB1993|Spikes
|
|-heal|p1a: MODSMODSMODSMODSMO|149\/324|[from] item: Black Sludge
|turn|15
|callback|decision
|
|switch|p1a: Phat as fuck|Umbreon, F, shiny|384\/394
|move|p2a: Zapdos|Thunderbolt|p1a: Phat as fuck
|-damage|p1a: Phat as fuck|250\/394
|-status|p1a: Phat as fuck|par
|-status|p2a: Zapdos|par
|-damage|p2a: Zapdos|226\/322 par|[from] item: Life Orb
|
|-heal|p1a: Phat as fuck|274\/394 par|[from] item: Leftovers
|turn|16
|callback|decision
|
|switch|p2a: Gligar|Gligar, M|334\/334
|move|p1a: Phat as fuck|Heal Bell|p1a: Phat as fuck
|-cureteam|p1a: Phat as fuck|[from] move: HealBell
|
|-heal|p1a: Phat as fuck|298\/394|[from] item: Leftovers
|turn|17
|callback|decision
|
|move|p2a: Gligar|U-turn|p1a: Phat as fuck
|-supereffective|p1a: Phat as fuck
|-damage|p1a: Phat as fuck|216\/394
|callback|decision
|
|switch|p2a: Hitmontop|Hitmontop, M|304\/304
|-status|p2a: Hitmontop|tox
|-damage|p2a: Hitmontop|266\/304 tox|[from] Spikes
|-ability|p2a: Hitmontop|Intimidate|[of] p1a: Phat as fuck
|-unboost|p1a: Phat as fuck|atk|1
|move|p1a: Phat as fuck|Wish|p1a: Phat as fuck
|
|-heal|p2a: Hitmontop|285\/304 tox|[from] item: Leftovers
|-heal|p1a: Phat as fuck|240\/394|[from] item: Leftovers
|-damage|p2a: Hitmontop|266\/304 tox|[from] psn
|turn|18
|callback|decision
|
|switch|p1a: Fuck Chips|Sableye, F, shiny|148\/304
|move|p2a: Hitmontop|Stone Edge|p1a: Fuck Chips
|-damage|p1a: Fuck Chips|60\/304
|
|-heal|p1a: Fuck Chips|257\/304|[from] move: Wish|[wisher] Phat as fuck
|-heal|p2a: Hitmontop|285\/304 tox|[from] item: Leftovers
|-heal|p1a: Fuck Chips|276\/304|[from] item: Leftovers
|-damage|p2a: Hitmontop|247\/304 tox|[from] psn
|turn|19
|callback|decision
|
|switch|p2a: Empoleon|Empoleon, M|372\/372
|-damage|p2a: Empoleon|326\/372|[from] Spikes
|move|p1a: Fuck Chips|Taunt|p2a: Empoleon
|-start|p2a: Empoleon|move: Taunt
|
|-heal|p2a: Empoleon|349\/372|[from] item: Leftovers
|-heal|p1a: Fuck Chips|295\/304|[from] item: Leftovers
|turn|20
|callback|decision
|
|switch|p1a: Phat as fuck|Umbreon, F, shiny|240\/394
|move|p2a: Empoleon|Scald|p1a: Phat as fuck
|-damage|p1a: Phat as fuck|180\/394
|-status|p1a: Phat as fuck|brn
|-status|p2a: Empoleon|brn
|
|-heal|p1a: Phat as fuck|204\/394 brn|[from] item: Leftovers
|-heal|p2a: Empoleon|372\/372 brn|[from] item: Leftovers
|-damage|p1a: Phat as fuck|155\/394 brn|[from] brn
|-damage|p2a: Empoleon|326\/372 brn|[from] brn
|turn|21
|callback|decision
|
|switch|p2a: Umbreon|Umbreon, F|394\/394
|-damage|p2a: Umbreon|345\/394|[from] Spikes
|-status|p2a: Umbreon|tox
|move|p1a: Phat as fuck|Wish|p1a: Phat as fuck
|
|-heal|p1a: Phat as fuck|179\/394 brn|[from] item: Leftovers
|-heal|p2a: Umbreon|369\/394 tox|[from] item: Leftovers
|-damage|p2a: Umbreon|345\/394 tox|[from] psn
|-damage|p1a: Phat as fuck|130\/394 brn|[from] brn
|turn|22
|callback|decision
|
|move|p1a: Phat as fuck|Heal Bell|p1a: Phat as fuck
|-cureteam|p1a: Phat as fuck|[from] move: HealBell
|move|p2a: Umbreon|Heal Bell|p2a: Umbreon
|-cureteam|p2a: Umbreon|[from] move: HealBell
|
|-heal|p1a: Phat as fuck|327\/394|[from] move: Wish|[wisher] Phat as fuck
|-heal|p2a: Umbreon|369\/394|[from] item: Leftovers
|-heal|p1a: Phat as fuck|351\/394|[from] item: Leftovers
|turn|23
|callback|decision
|
|switch|p2a: Gligar|Gligar, M|334\/334
|switch|p1a: I'm gay!|Blastoise, M, shiny|216\/362
|
|-heal|p1a: I'm gay!|238\/362|[from] item: Leftovers
|turn|24
|callback|decision
|
|switch|p2a: Empoleon|Empoleon, M|326\/372
|-damage|p2a: Empoleon|280\/372|[from] Spikes
|move|p1a: I'm gay!|Scald|p2a: Empoleon
|-resisted|p2a: Empoleon
|-damage|p2a: Empoleon|252\/372
|
|-heal|p1a: I'm gay!|260\/362|[from] item: Leftovers
|-heal|p2a: Empoleon|275\/372|[from] item: Leftovers
|turn|25
|callback|decision
|
|move|p2a: Empoleon|Stealth Rock|p1a: I'm gay!
|-sidestart|p1: Xiba|move: Stealth Rock
|move|p1a: I'm gay!|Roar|p2a: Empoleon
|drag|p2a: Hitmontop|Hitmontop, M|247\/304
|-damage|p2a: Hitmontop|209\/304|[from] Spikes
|-status|p2a: Hitmontop|tox
|-ability|p2a: Hitmontop|Intimidate|[of] p1a: I'm gay!
|-unboost|p1a: I'm gay!|atk|1
|
|-heal|p1a: I'm gay!|282\/362|[from] item: Leftovers
|-heal|p2a: Hitmontop|228\/304 tox|[from] item: Leftovers
|-damage|p2a: Hitmontop|209\/304 tox|[from] psn
|turn|26
|callback|decision
|
|switch|p1a: Fuck Chips|Sableye, F, shiny|295\/304
|-damage|p1a: Fuck Chips|257\/304|[from] Stealth Rock
|switch|p2a: Zapdos|Zapdos|226\/322
|-ability|p2a: Zapdos|Pressure
|
|-heal|p1a: Fuck Chips|276\/304|[from] item: Leftovers
|turn|27
|callback|decision
|
|move|p1a: Fuck Chips|Will-O-Wisp|p2a: Zapdos|[miss]
|-miss|p1a: Fuck Chips|p2a: Zapdos
|move|p2a: Zapdos|Thunderbolt|p1a: Fuck Chips
|-damage|p1a: Fuck Chips|62\/304
|-damage|p2a: Zapdos|194\/322|[from] item: Life Orb
|
|-heal|p1a: Fuck Chips|81\/304|[from] item: Leftovers
|turn|28
|callback|decision
|
|switch|p1a: Phat as fuck|Umbreon, F, shiny|351\/394
|-damage|p1a: Phat as fuck|302\/394|[from] Stealth Rock
|move|p2a: Zapdos|Thunderbolt|p1a: Phat as fuck
|-damage|p1a: Phat as fuck|162\/394
|-damage|p2a: Zapdos|162\/322|[from] item: Life Orb
|
|-heal|p1a: Phat as fuck|186\/394|[from] item: Leftovers
|turn|29
|callback|decision
|
|move|p2a: Zapdos|Roost|p2a: Zapdos
|-heal|p2a: Zapdos|322\/322
|move|p1a: Phat as fuck|Wish|p1a: Phat as fuck
|
|-heal|p1a: Phat as fuck|210\/394|[from] item: Leftovers
|turn|30
|callback|decision
|
|move|p2a: Zapdos|Thunderbolt|p1a: Phat as fuck
|-damage|p1a: Phat as fuck|74\/394
|-damage|p2a: Zapdos|290\/322|[from] item: Life Orb
|move|p1a: Phat as fuck|Foul Play|p2a: Zapdos
|-damage|p2a: Zapdos|185\/322
|
|-heal|p1a: Phat as fuck|271\/394|[from] move: Wish|[wisher] Phat as fuck
|-heal|p1a: Phat as fuck|295\/394|[from] item: Leftovers
|turn|31
|callback|decision
|
|switch|p1a: I'm gay!|Blastoise, M, shiny|282\/362
|-damage|p1a: I'm gay!|237\/362|[from] Stealth Rock
|move|p2a: Zapdos|Thunderbolt|p1a: I'm gay!
|-supereffective|p1a: I'm gay!
|-damage|p1a: I'm gay!|0 fnt
|-damage|p2a: Zapdos|153\/322|[from] item: Life Orb
|faint|p1a: I'm gay!
|
|callback|decision
|chat|Xiba|WHY WOULD YOU DO THAT?
|
|switch|p1a: Pee Pee|Victini|341\/341
|-damage|p1a: Pee Pee|256\/341|[from] Stealth Rock
|turn|32
|callback|decision
|
|switch|p2a: Gligar|Gligar, M|334\/334
|move|p1a: Pee Pee|V-create|p2a: Gligar
|-damage|p2a: Gligar|210\/334
|-unboost|p1a: Pee Pee|def|1
|-unboost|p1a: Pee Pee|spd|1
|-unboost|p1a: Pee Pee|spe|1
|
|turn|33
|callback|decision
|
|switch|p1a: Rich Evans|Gligar, F, shiny|334\/334
|-damage|p1a: Rich Evans|293\/334|[from] Stealth Rock
|move|p2a: Gligar|U-turn|p1a: Rich Evans
|-resisted|p1a: Rich Evans
|-damage|p1a: Rich Evans|284\/334
|callback|decision
|
|switch|p2a: Raikou|Raikou|321\/321
|-status|p2a: Raikou|tox
|-damage|p2a: Raikou|281\/321 tox|[from] Spikes
|-ability|p2a: Raikou|Pressure
|
|-damage|p2a: Raikou|261\/321 tox|[from] psn
|turn|34
|callback|decision
|
|switch|p1a: Phat as fuck|Umbreon, F, shiny|295\/394
|-damage|p1a: Phat as fuck|246\/394|[from] Stealth Rock
|move|p2a: Raikou|Volt Switch|p1a: Phat as fuck
|-damage|p1a: Phat as fuck|176\/394
|callback|decision
|
|switch|p2a: Hitmontop|Hitmontop, M|209\/304 tox
|-damage|p2a: Hitmontop|171\/304 tox|[from] Spikes
|-ability|p2a: Hitmontop|Intimidate|[of] p1a: Phat as fuck
|-unboost|p1a: Phat as fuck|atk|1
|
|-heal|p2a: Hitmontop|190\/304 tox|[from] item: Leftovers
|-heal|p1a: Phat as fuck|200\/394|[from] item: Leftovers
|-damage|p2a: Hitmontop|171\/304 tox|[from] psn
|turn|35
|callback|decision
|
|move|p1a: Phat as fuck|Protect|p1a: Phat as fuck
|-singleturn|p1a: Phat as fuck|Protect
|move|p2a: Hitmontop|Stone Edge|p1a: Phat as fuck
|-activate|p1a: Phat as fuck|Protect
|
|-heal|p2a: Hitmontop|190\/304 tox|[from] item: Leftovers
|-heal|p1a: Phat as fuck|224\/394|[from] item: Leftovers
|-damage|p2a: Hitmontop|152\/304 tox|[from] psn
|turn|36
|callback|decision
|
|switch|p1a: Fuck Chips|Sableye, F, shiny|81\/304
|-damage|p1a: Fuck Chips|43\/304|[from] Stealth Rock
|move|p2a: Hitmontop|Rapid Spin|p1a: Fuck Chips
|-immune|p1a: Fuck Chips|[msg]
|
|-heal|p2a: Hitmontop|171\/304 tox|[from] item: Leftovers
|-heal|p1a: Fuck Chips|62\/304|[from] item: Leftovers
|-damage|p2a: Hitmontop|114\/304 tox|[from] psn
|turn|37
|callback|decision
|
|switch|p2a: Umbreon|Umbreon, F|369\/394
|-status|p2a: Umbreon|tox
|-damage|p2a: Umbreon|320\/394 tox|[from] Spikes
|move|p1a: Fuck Chips|Recover|p1a: Fuck Chips
|-heal|p1a: Fuck Chips|214\/304
|
|-heal|p2a: Umbreon|344\/394 tox|[from] item: Leftovers
|-heal|p1a: Fuck Chips|233\/304|[from] item: Leftovers
|-damage|p2a: Umbreon|320\/394 tox|[from] psn
|turn|38
|callback|decision
|
|switch|p2a: Empoleon|Empoleon, M|275\/372
|-damage|p2a: Empoleon|229\/372|[from] Spikes
|move|p1a: Fuck Chips|Taunt|p2a: Empoleon
|-start|p2a: Empoleon|move: Taunt
|
|-heal|p2a: Empoleon|252\/372|[from] item: Leftovers
|-heal|p1a: Fuck Chips|252\/304|[from] item: Leftovers
|turn|39
|callback|decision
|
|move|p1a: Fuck Chips|Will-O-Wisp|p2a: Empoleon|[miss]
|-miss|p1a: Fuck Chips|p2a: Empoleon
|move|p2a: Empoleon|Scald|p1a: Fuck Chips
|-damage|p1a: Fuck Chips|143\/304
|
|-heal|p2a: Empoleon|275\/372|[from] item: Leftovers
|-heal|p1a: Fuck Chips|162\/304|[from] item: Leftovers
|turn|40
|callback|decision
|
|move|p1a: Fuck Chips|Will-O-Wisp|p2a: Empoleon
|-status|p2a: Empoleon|brn
|move|p2a: Empoleon|Scald|p1a: Fuck Chips
|-damage|p1a: Fuck Chips|47\/304
|
|-heal|p2a: Empoleon|298\/372 brn|[from] item: Leftovers
|-heal|p1a: Fuck Chips|66\/304|[from] item: Leftovers
|-damage|p2a: Empoleon|252\/372 brn|[from] brn
|turn|41
|callback|decision
|
|move|p1a: Fuck Chips|Recover|p1a: Fuck Chips
|-heal|p1a: Fuck Chips|218\/304
|move|p2a: Empoleon|Ice Beam|p1a: Fuck Chips
|-damage|p1a: Fuck Chips|130\/304
|
|-heal|p2a: Empoleon|275\/372 brn|[from] item: Leftovers
|-heal|p1a: Fuck Chips|149\/304|[from] item: Leftovers
|-damage|p2a: Empoleon|229\/372 brn|[from] brn
|-end|p2a: Empoleon|move: Taunt
|turn|42
|callback|decision
|
|switch|p2a: Zapdos|Zapdos|153\/322
|-ability|p2a: Zapdos|Pressure
|move|p1a: Fuck Chips|Recover|p1a: Fuck Chips
|-heal|p1a: Fuck Chips|301\/304
|
|-heal|p1a: Fuck Chips|304\/304|[from] item: Leftovers
|turn|43
|callback|decision
|
|switch|p1a: Phat as fuck|Umbreon, F, shiny|224\/394
|-damage|p1a: Phat as fuck|175\/394|[from] Stealth Rock
|move|p2a: Zapdos|Roost|p2a: Zapdos
|-heal|p2a: Zapdos|314\/322
|
|-heal|p1a: Phat as fuck|199\/394|[from] item: Leftovers
|turn|44
|callback|decision
|
|move|p2a: Zapdos|Thunderbolt|p1a: Phat as fuck
|-damage|p1a: Phat as fuck|65\/394
|-status|p1a: Phat as fuck|par
|-status|p2a: Zapdos|par
|-damage|p2a: Zapdos|282\/322 par|[from] item: Life Orb
|move|p1a: Phat as fuck|Wish|p1a: Phat as fuck
|
|-heal|p1a: Phat as fuck|89\/394 par|[from] item: Leftovers
|turn|45
|callback|decision
|
|cant|p1a: Phat as fuck|par
|move|p2a: Zapdos|Thunderbolt|p1a: Phat as fuck
|-damage|p1a: Phat as fuck|0 fnt
|-damage|p2a: Zapdos|250\/322 par|[from] item: Life Orb
|faint|p1a: Phat as fuck
|
|callback|decision
|
|switch|p1a: Pee Pee|Victini|256\/341
|-damage|p1a: Pee Pee|171\/341|[from] Stealth Rock
|turn|46
|callback|decision
|
|switch|p2a: Gligar|Gligar, M|210\/334
|move|p1a: Pee Pee|V-create|p2a: Gligar
|-crit|p2a: Gligar
|-damage|p2a: Gligar|0 fnt
|-unboost|p1a: Pee Pee|def|1
|-unboost|p1a: Pee Pee|spd|1
|-unboost|p1a: Pee Pee|spe|1
|faint|p2a: Gligar
|
|callback|decision
|
|switch|p2a: Umbreon|Umbreon, F|320\/394 tox
|-damage|p2a: Umbreon|271\/394 tox|[from] Spikes
|turn|47
|callback|decision
|
|switch|p1a: MODSMODSMODSMODSMO|Roserade, M|149\/324
|-damage|p1a: MODSMODSMODSMODSMO|109\/324|[from] Stealth Rock
|move|p2a: Umbreon|Heal Bell|p2a: Umbreon
|-cureteam|p2a: Umbreon|[from] move: HealBell
|
|-heal|p1a: MODSMODSMODSMODSMO|129\/324|[from] item: Black Sludge
|-heal|p2a: Umbreon|295\/394|[from] item: Leftovers
|turn|48
|callback|decision
|
|switch|p2a: Zapdos|Zapdos|250\/322
|-ability|p2a: Zapdos|Pressure
|move|p1a: MODSMODSMODSMODSMO|Spikes|p2a: Zapdos
|-sidestart|p2: MJB1993|Spikes
|
|-heal|p1a: MODSMODSMODSMODSMO|149\/324|[from] item: Black Sludge
|turn|49
|callback|decision
|
|move|p2a: Zapdos|Heat Wave|p1a: MODSMODSMODSMODSMO
|-supereffective|p1a: MODSMODSMODSMODSMO
|-damage|p1a: MODSMODSMODSMODSMO|0 fnt
|-damage|p2a: Zapdos|218\/322|[from] item: Life Orb
|faint|p1a: MODSMODSMODSMODSMO
|
|callback|decision
|
|switch|p1a: Pee Pee|Victini|171\/341
|-damage|p1a: Pee Pee|86\/341|[from] Stealth Rock
|turn|50
|callback|decision
|
|switch|p2a: Hitmontop|Hitmontop, M|114\/304
|-status|p2a: Hitmontop|tox
|-damage|p2a: Hitmontop|64\/304 tox|[from] Spikes
|-ability|p2a: Hitmontop|Intimidate|[of] p1a: Pee Pee
|-unboost|p1a: Pee Pee|atk|1
|move|p1a: Pee Pee|V-create|p2a: Hitmontop
|-damage|p2a: Hitmontop|0 fnt
|-unboost|p1a: Pee Pee|def|1
|-unboost|p1a: Pee Pee|spd|1
|-unboost|p1a: Pee Pee|spe|1
|faint|p2a: Hitmontop
|
|callback|decision
|
|switch|p2a: Zapdos|Zapdos|218\/322
|-ability|p2a: Zapdos|Pressure
|turn|51
|callback|decision
|
|move|p2a: Zapdos|Thunderbolt|p1a: Pee Pee
|-damage|p1a: Pee Pee|0 fnt
|-damage|p2a: Zapdos|186\/322|[from] item: Life Orb
|faint|p1a: Pee Pee
|
|callback|decision
|
|switch|p1a: Fuck Chips|Sableye, F, shiny|304\/304
|-damage|p1a: Fuck Chips|266\/304|[from] Stealth Rock
|turn|52
|callback|decision
|
|switch|p2a: Umbreon|Umbreon, F|295\/394
|-damage|p2a: Umbreon|230\/394|[from] Spikes
|-status|p2a: Umbreon|tox
|move|p1a: Fuck Chips|Will-O-Wisp|p2a: Umbreon
|-fail|p2a: Umbreon
|
|-heal|p2a: Umbreon|254\/394 tox|[from] item: Leftovers
|-heal|p1a: Fuck Chips|285\/304|[from] item: Leftovers
|-damage|p2a: Umbreon|230\/394 tox|[from] psn
|turn|53
|callback|decision
|
|switch|p2a: Zapdos|Zapdos|186\/322
|-ability|p2a: Zapdos|Pressure
|move|p1a: Fuck Chips|Taunt|p2a: Zapdos
|-start|p2a: Zapdos|move: Taunt
|
|-heal|p1a: Fuck Chips|304\/304|[from] item: Leftovers
|turn|54
|callback|decision
|
|move|p2a: Zapdos|Thunderbolt|p1a: Fuck Chips
|-damage|p1a: Fuck Chips|88\/304
|-damage|p2a: Zapdos|154\/322|[from] item: Life Orb
|move|p1a: Fuck Chips|Foul Play|p2a: Zapdos
|-damage|p2a: Zapdos|55\/322
|
|-heal|p1a: Fuck Chips|107\/304|[from] item: Leftovers
|turn|55
|callback|decision
|
|move|p1a: Fuck Chips|Recover|p1a: Fuck Chips
|-heal|p1a: Fuck Chips|259\/304
|move|p2a: Zapdos|Thunderbolt|p1a: Fuck Chips
|-damage|p1a: Fuck Chips|33\/304
|-status|p1a: Fuck Chips|par
|-damage|p2a: Zapdos|23\/322|[from] item: Life Orb
|
|-heal|p1a: Fuck Chips|52\/304 par|[from] item: Leftovers
|turn|56
|callback|decision
|
|cant|p1a: Fuck Chips|par
|move|p2a: Zapdos|Thunderbolt|p1a: Fuck Chips
|-damage|p1a: Fuck Chips|0 fnt
|-damage|p2a: Zapdos|0 fnt|[from] item: Life Orb
|faint|p1a: Fuck Chips
|faint|p2a: Zapdos
|
|callback|decision
|
|switch|p1a: Rich Evans|Gligar, F, shiny|284\/334
|-damage|p1a: Rich Evans|243\/334|[from] Stealth Rock
|switch|p2a: Empoleon|Empoleon, M|229\/372
|-damage|p2a: Empoleon|167\/372|[from] Spikes
|turn|57
|callback|decision
|
|move|p1a: Rich Evans|Earthquake|p2a: Empoleon
|-supereffective|p2a: Empoleon
|-damage|p2a: Empoleon|0 fnt
|faint|p2a: Empoleon
|
|callback|decision
|
|switch|p2a: Raikou|Raikou|261\/321
|-status|p2a: Raikou|tox
|-damage|p2a: Raikou|208\/321 tox|[from] Spikes
|-ability|p2a: Raikou|Pressure
|turn|58
|callback|decision
|
|move|p2a: Raikou|Hidden Power|p1a: Rich Evans
|-supereffective|p1a: Rich Evans
|-damage|p1a: Rich Evans|0 fnt
|faint|p1a: Rich Evans
|
|win|MJB1993
|raw|Ladder updating...
|raw|Xiba's rating: 1914 &rarr; <strong>1909<\/strong><br \/>(-5 for losing)
|raw|MJB1993's rating: 1614 &rarr; <strong>1624<\/strong><br \/>(+10 for winning)
|leave|Xiba
|player|p1