|join|Piggeh
|join|Xiba
|player|p1|Piggeh|266
|player|p2|Xiba|273
|gametype|singles
|tier|UU (suspect test)
|rated
|rule|Sleep Clause Mod: Limit one foe put to sleep
|rule|Species Clause: Limit one of each Pokemon
|rule|OHKO Clause: OHKO moves are banned
|rule|Moody Clause: Moody is banned
|rule|Evasion Moves Clause: Evasion moves are banned
|rule|HP Percentage Mod: HP is reported as percentages
|rule|Evasion Abilities Clause: Evasion abilities are banned
|clearpoke
|poke|p1|Abomasnow, F, shiny
|poke|p1|Mienshao, F
|poke|p1|Bisharp, F
|poke|p1|Mew, shiny
|poke|p1|Rotom-Frost
|poke|p1|Chandelure, M
|poke|p2|Hitmontop, M
|poke|p2|Crobat, F
|poke|p2|Weavile, F, shiny
|poke|p2|Kingdra, M
|poke|p2|Rotom-Mow, shiny
|poke|p2|Swampert, F
|teampreview
|callback|decision
|
|start
|switch|p1a: Abomasnow|Abomasnow, F, shiny|321\/321
|switch|p2a: Crobat|Crobat, F|311\/311
|-weather|Hail|[from] ability: Snow Warning|[of] p1a: Abomasnow
|turn|1
|callback|decision
|
|move|p2a: Crobat|U-turn|p1a: Abomasnow
|-supereffective|p1a: Abomasnow
|-damage|p1a: Abomasnow|39\/321
|callback|decision
|
|switch|p2a: Weavile|Weavile, F, shiny|281\/281
|-ability|p2a: Weavile|Pressure
|move|p1a: Abomasnow|Blizzard|p2a: Weavile
|-resisted|p2a: Weavile
|-damage|p2a: Weavile|188\/281
|
|-weather|Hail|[upkeep]
|turn|2
|callback|decision
|
|move|p2a: Weavile|Night Slash|p1a: Abomasnow
|-damage|p1a: Abomasnow|0 fnt
|-damage|p2a: Weavile|160\/281|[from] item: Life Orb
|faint|p1a: Abomasnow
|
|-weather|Hail|[upkeep]
|callback|decision
|
|switch|p1a: Mienshao|Mienshao, F|279\/279
|turn|3
|callback|decision
|
|switch|p2a: Hitmontop|Hitmontop, M|304\/304
|-ability|p2a: Hitmontop|Intimidate|[of] p1a: Mienshao
|-unboost|p1a: Mienshao|atk|1
|move|p1a: Mienshao|U-turn|p2a: Hitmontop
|-resisted|p2a: Hitmontop
|-damage|p2a: Hitmontop|282\/304
|callback|decision
|
|switch|p1a: Mew|Mew, shiny|404\/404
|
|-weather|Hail|[upkeep]
|-damage|p1a: Mew|379\/404|[from] hail
|-damage|p2a: Hitmontop|263\/304|[from] hail
|-heal|p1a: Mew|404\/404|[from] item: Leftovers
|-heal|p2a: Hitmontop|282\/304|[from] item: Leftovers
|turn|4
|callback|decision
|
|switch|p2a: Weavile|Weavile, F, shiny|160\/281
|-ability|p2a: Weavile|Pressure
|move|p1a: Mew|Stealth Rock|p2a: Weavile
|-sidestart|p2: Xiba|move: Stealth Rock
|
|-weather|Hail|[upkeep]
|-damage|p1a: Mew|379\/404|[from] hail
|-heal|p1a: Mew|404\/404|[from] item: Leftovers
|turn|5
|callback|decision
|
|move|p2a: Weavile|Night Slash|p1a: Mew
|-supereffective|p1a: Mew
|-damage|p1a: Mew|100\/404
|-damage|p2a: Weavile|132\/281|[from] item: Life Orb
|move|p1a: Mew|U-turn|p2a: Weavile
|-supereffective|p2a: Weavile
|-damage|p2a: Weavile|0 fnt
|faint|p2a: Weavile
|callback|decision
|
|switch|p1a: Mienshao|Mienshao, F|279\/279
|
|-weather|Hail|[upkeep]
|-damage|p1a: Mienshao|262\/279|[from] hail
|callback|decision
|
|switch|p2a: Hitmontop|Hitmontop, M|282\/304
|-damage|p2a: Hitmontop|263\/304|[from] Stealth Rock
|-ability|p2a: Hitmontop|Intimidate|[of] p1a: Mienshao
|-unboost|p1a: Mienshao|atk|1
|turn|6
|callback|decision
|
|move|p1a: Mienshao|U-turn|p2a: Hitmontop
|-resisted|p2a: Hitmontop
|-damage|p2a: Hitmontop|242\/304
|callback|decision
|
|switch|p1a: Mew|Mew, shiny|100\/404
|move|p2a: Hitmontop|Toxic|p1a: Mew
|-status|p1a: Mew|tox
|-status|p2a: Hitmontop|tox
|
|-weather|Hail|[upkeep]
|-damage|p1a: Mew|75\/404 tox|[from] hail
|-damage|p2a: Hitmontop|223\/304 tox|[from] hail
|-heal|p1a: Mew|100\/404 tox|[from] item: Leftovers
|-heal|p2a: Hitmontop|242\/304 tox|[from] item: Leftovers
|-damage|p1a: Mew|75\/404 tox|[from] psn
|-damage|p2a: Hitmontop|223\/304 tox|[from] psn
|turn|7
|callback|decision
|
|move|p1a: Mew|Taunt|p2a: Hitmontop
|-start|p2a: Hitmontop|move: Taunt
|move|p2a: Hitmontop|Rapid Spin|p1a: Mew
|-damage|p1a: Mew|59\/404 tox
|-sideend|p2: Xiba|Stealth Rock|[from] move: Rapid Spin|[of] p2a: Hitmontop
|
|-weather|Hail|[upkeep]
|-damage|p1a: Mew|34\/404 tox|[from] hail
|-damage|p2a: Hitmontop|204\/304 tox|[from] hail
|-heal|p1a: Mew|59\/404 tox|[from] item: Leftovers
|-heal|p2a: Hitmontop|223\/304 tox|[from] item: Leftovers
|-damage|p1a: Mew|9\/404 tox|[from] psn
|-damage|p2a: Hitmontop|185\/304 tox|[from] psn
|turn|8
|callback|decision
|
|move|p1a: Mew|Stealth Rock|p2a: Hitmontop
|-sidestart|p2: Xiba|move: Stealth Rock
|move|p2a: Hitmontop|Rapid Spin|p1a: Mew
|-damage|p1a: Mew|0 fnt
|-sideend|p2: Xiba|Stealth Rock|[from] move: Rapid Spin|[of] p2a: Hitmontop
|faint|p1a: Mew
|
|-weather|Hail|[upkeep]
|-damage|p2a: Hitmontop|166\/304 tox|[from] hail
|-heal|p2a: Hitmontop|185\/304 tox|[from] item: Leftovers
|-damage|p2a: Hitmontop|128\/304 tox|[from] psn
|callback|decision
|
|switch|p1a: Chandelure|Chandelure, M|261\/261
|turn|9
|callback|decision
|
|switch|p2a: Kingdra|Kingdra, M|291\/291
|move|p1a: Chandelure|Substitute|p1a: Chandelure
|-start|p1a: Chandelure|Substitute
|-damage|p1a: Chandelure|196\/261
|
|-weather|Hail|[upkeep]
|-damage|p1a: Chandelure|180\/261|[from] hail
|-damage|p2a: Kingdra|273\/291|[from] hail
|-heal|p1a: Chandelure|196\/261|[from] item: Leftovers
|turn|10
|callback|decision
|
|move|p1a: Chandelure|Shadow Ball|p2a: Kingdra
|-damage|p2a: Kingdra|122\/291
|move|p2a: Kingdra|Surf|p1a: Chandelure
|-supereffective|p1a: Chandelure
|-end|p1a: Chandelure|Substitute
|
|-weather|Hail|[upkeep]
|-damage|p1a: Chandelure|180\/261|[from] hail
|-damage|p2a: Kingdra|104\/291|[from] hail
|-heal|p1a: Chandelure|196\/261|[from] item: Leftovers
|turn|11
|callback|decision
|
|switch|p1a: Rotom-Frost|Rotom-Frost|241\/241
|switch|p2a: Hitmontop|Hitmontop, M|128\/304 tox
|-ability|p2a: Hitmontop|Intimidate|[of] p1a: Rotom-Frost
|-unboost|p1a: Rotom-Frost|atk|1
|
|-weather|Hail|[upkeep]
|-damage|p2a: Hitmontop|109\/304 tox|[from] hail
|-heal|p2a: Hitmontop|128\/304 tox|[from] item: Leftovers
|-damage|p2a: Hitmontop|109\/304 tox|[from] psn
|turn|12
|callback|decision
|
|switch|p1a: Chandelure|Chandelure, M|196\/261
|switch|p2a: Kingdra|Kingdra, M|104\/291
|
|-weather|Hail|[upkeep]
|-damage|p1a: Chandelure|180\/261|[from] hail
|-damage|p2a: Kingdra|86\/291|[from] hail
|-heal|p1a: Chandelure|196\/261|[from] item: Leftovers
|turn|13
|callback|decision
|
|switch|p1a: Rotom-Frost|Rotom-Frost|241\/241
|move|p2a: Kingdra|Surf|p1a: Rotom-Frost
|-damage|p1a: Rotom-Frost|30\/241
|
|-weather|Hail|[upkeep]
|-damage|p2a: Kingdra|68\/291|[from] hail
|turn|14
|callback|decision
|
|move|p1a: Rotom-Frost|Blizzard|p2a: Kingdra
|-damage|p2a: Kingdra|0 fnt
|faint|p2a: Kingdra
|
|-weather|Hail|[upkeep]
|callback|decision
|
|switch|p2a: Rotom-Mow|Rotom-Mow, shiny|241\/241
|turn|15
|callback|decision
|
|switch|p1a: Bisharp|Bisharp, F|281\/281
|move|p2a: Rotom-Mow|Thunderbolt|p1a: Bisharp
|-crit|p1a: Bisharp
|-damage|p1a: Bisharp|0 fnt
|faint|p1a: Bisharp
|
|-weather|Hail|[upkeep]
|-damage|p2a: Rotom-Mow|226\/241|[from] hail
|callback|decision
|
|switch|p1a: Mienshao|Mienshao, F|279\/279
|turn|16
|callback|decision
|
|switch|p2a: Hitmontop|Hitmontop, M|109\/304 tox
|-ability|p2a: Hitmontop|Intimidate|[of] p1a: Mienshao
|-unboost|p1a: Mienshao|atk|1
|move|p1a: Mienshao|U-turn|p2a: Hitmontop
|-resisted|p2a: Hitmontop
|-damage|p2a: Hitmontop|89\/304 tox
|callback|decision
|
|switch|p1a: Chandelure|Chandelure, M|196\/261
|
|-weather|Hail|[upkeep]
|-damage|p1a: Chandelure|180\/261|[from] hail
|-damage|p2a: Hitmontop|70\/304 tox|[from] hail
|-heal|p1a: Chandelure|196\/261|[from] item: Leftovers
|-heal|p2a: Hitmontop|89\/304 tox|[from] item: Leftovers
|-damage|p2a: Hitmontop|70\/304 tox|[from] psn
|turn|17
|callback|decision
|
|switch|p2a: Swampert|Swampert, F|403\/403
|move|p1a: Chandelure|Substitute|p1a: Chandelure
|-start|p1a: Chandelure|Substitute
|-damage|p1a: Chandelure|131\/261
|
|-weather|Hail|[upkeep]
|-damage|p1a: Chandelure|115\/261|[from] hail
|-damage|p2a: Swampert|378\/403|[from] hail
|-heal|p1a: Chandelure|131\/261|[from] item: Leftovers
|-heal|p2a: Swampert|403\/403|[from] item: Leftovers
|turn|18
|callback|decision
|
|move|p1a: Chandelure|Energy Ball|p2a: Swampert
|-supereffective|p2a: Swampert
|-damage|p2a: Swampert|27\/403
|move|p2a: Swampert|Roar|p1a: Chandelure
|drag|p1a: Mienshao|Mienshao, F|279\/279
|
|-weather|Hail|[upkeep]
|-damage|p1a: Mienshao|262\/279|[from] hail
|-damage|p2a: Swampert|2\/403|[from] hail
|-heal|p2a: Swampert|27\/403|[from] item: Leftovers
|turn|19
|callback|decision
|
|move|p1a: Mienshao|U-turn|p2a: Swampert
|-damage|p2a: Swampert|0 fnt
|faint|p2a: Swampert
|callback|decision
|
|switch|p1a: Chandelure|Chandelure, M|131\/261
|
|-weather|Hail|[upkeep]
|-damage|p1a: Chandelure|115\/261|[from] hail
|-heal|p1a: Chandelure|131\/261|[from] item: Leftovers
|callback|decision
|
|switch|p2a: Crobat|Crobat, F|311\/311
|turn|20
|callback|decision
|
|move|p2a: Crobat|Brave Bird|p1a: Chandelure
|-damage|p1a: Chandelure|0 fnt
|-damage|p2a: Crobat|268\/311|[from] recoil|[of] p1a: Chandelure
|faint|p1a: Chandelure
|
|-weather|Hail|[upkeep]
|-damage|p2a: Crobat|249\/311|[from] hail
|callback|decision
|
|switch|p1a: Rotom-Frost|Rotom-Frost|30\/241
|turn|21
|callback|decision
|
|switch|p2a: Hitmontop|Hitmontop, M|70\/304 tox
|-ability|p2a: Hitmontop|Intimidate|[of] p1a: Rotom-Frost
|-unboost|p1a: Rotom-Frost|atk|1
|move|p1a: Rotom-Frost|Blizzard|p2a: Hitmontop
|-damage|p2a: Hitmontop|0 fnt
|faint|p2a: Hitmontop
|
|-weather|Hail|[upkeep]
|callback|decision
|
|switch|p2a: Rotom-Mow|Rotom-Mow, shiny|226\/241
|turn|22
|callback|decision
|
|switch|p1a: Mienshao|Mienshao, F|279\/279
|move|p2a: Rotom-Mow|Thunderbolt|p1a: Mienshao
|-damage|p1a: Mienshao|65\/279
|
|-weather|Hail|[upkeep]
|-damage|p1a: Mienshao|48\/279|[from] hail
|-damage|p2a: Rotom-Mow|211\/241|[from] hail
|turn|23
|callback|decision
|
|switch|p2a: Crobat|Crobat, F|249\/311
|move|p1a: Mienshao|U-turn|p2a: Crobat
|-resisted|p2a: Crobat
|-damage|p2a: Crobat|225\/311
|callback|decision
|
|switch|p1a: Rotom-Frost|Rotom-Frost|30\/241
|
|-weather|Hail|[upkeep]
|-damage|p2a: Crobat|206\/311|[from] hail
|turn|24
|callback|decision
|
|move|p1a: Rotom-Frost|Blizzard|p2a: Crobat
|-supereffective|p2a: Crobat
|-damage|p2a: Crobat|0 fnt
|faint|p2a: Crobat
|
|-weather|Hail|[upkeep]
|callback|decision
|
|switch|p2a: Rotom-Mow|Rotom-Mow, shiny|211\/241
|turn|25
|callback|decision
|
|move|p2a: Rotom-Mow|Thunderbolt|p1a: Rotom-Frost
|-resisted|p1a: Rotom-Frost
|-damage|p1a: Rotom-Frost|0 fnt
|faint|p1a: Rotom-Frost
|
|-weather|Hail|[upkeep]
|-damage|p2a: Rotom-Mow|196\/241|[from] hail
|callback|decision
|chat|Piggeh|the funny thing is that I run scarf Timid 248 Speed
|chat|Piggeh|lol
|
|switch|p1a: Mienshao|Mienshao, F|141\/279
|turn|26
|callback|decision
|chat|Xiba|haha
|chat|Xiba|To just outspeed herra?
|chat|Piggeh|yes xD
|
|move|p1a: Mienshao|Hi Jump Kick|p2a: Rotom-Mow
|-damage|p2a: Rotom-Mow|0 fnt
|faint|p2a: Rotom-Mow
|
|win|Piggeh
|raw|Ladder updating...
|raw|Piggeh's rating: 1951 &rarr; <strong>1962<\/strong><br \/>(+11 for winning)
|raw|Xiba's rating: 1810 &rarr; <strong>1809<\/strong><br \/>(-1 for losing)
|chat|Piggeh|gg
|chat|Xiba|gg
|leave|Xiba
|player|p2