|join|iseeflame
|join|Xiba
|player|p1|iseeflame|80
|player|p2|Xiba|273
|gametype|singles
|tier|UU (suspect test)
|rated
|rule|Sleep Clause Mod: Limit one foe put to sleep
|rule|Species Clause: Limit one of each Pokemon
|rule|OHKO Clause: OHKO moves are banned
|rule|Moody Clause: Moody is banned
|rule|Evasion Moves Clause: Evasion moves are banned
|rule|HP Percentage Mod: HP is reported as percentages
|rule|Evasion Abilities Clause: Evasion abilities are banned
|clearpoke
|poke|p1|Abomasnow, F
|poke|p1|Xatu, F
|poke|p1|Walrein, F
|poke|p1|Arcanine, M
|poke|p1|Crustle, F
|poke|p1|Weavile, F
|poke|p2|Hitmontop, M
|poke|p2|Crobat, F
|poke|p2|Scrafty, F, shiny
|poke|p2|Kingdra, M
|poke|p2|Magneton
|poke|p2|Swampert, M
|teampreview
|callback|decision
|
|start
|switch|p1a: Abomasnow|Abomasnow, F|384\/384
|switch|p2a: Crobat|Crobat, F|311\/311
|-weather|Hail|[from] ability: Snow Warning|[of] p1a: Abomasnow
|turn|1
|callback|decision
|
|move|p2a: Crobat|U-turn|p1a: Abomasnow
|-crit|p1a: Abomasnow
|-supereffective|p1a: Abomasnow
|-damage|p1a: Abomasnow|0 fnt
|faint|p1a: Abomasnow
|callback|decision
|
|switch|p2a: Magneton|Magneton|271\/271
|
|-weather|Hail|[upkeep]
|-damage|p2a: Magneton|255\/271|[from] hail
|callback|decision
|
|switch|p1a: Arcanine|Arcanine, M|321\/321
|turn|2
|callback|decision
|
|switch|p1a: Crustle|Crustle, F|344\/344
|switch|p2a: Swampert|Swampert, M|403\/403
|
|-weather|Hail|[upkeep]
|-damage|p2a: Swampert|378\/403|[from] hail
|-damage|p1a: Crustle|323\/344|[from] hail
|-heal|p2a: Swampert|403\/403|[from] item: Leftovers
|-heal|p1a: Crustle|344\/344|[from] item: Leftovers
|turn|3
|callback|decision
|
|switch|p1a: Xatu|Xatu, F|334\/334
|move|p2a: Swampert|Scald|p1a: Xatu
|-crit|p1a: Xatu
|-damage|p1a: Xatu|142\/334
|-status|p1a: Xatu|brn
|
|-weather|Hail|[upkeep]
|-damage|p1a: Xatu|122\/334 brn|[from] hail
|-damage|p2a: Swampert|378\/403|[from] hail
|-heal|p2a: Swampert|403\/403|[from] item: Leftovers
|-damage|p1a: Xatu|81\/334 brn|[from] brn
|turn|4
|callback|decision
|
|move|p1a: Xatu|Roost|p1a: Xatu
|-heal|p1a: Xatu|248\/334 brn
|move|p2a: Swampert|Scald|p1a: Xatu
|-crit|p1a: Xatu
|-damage|p1a: Xatu|56\/334 brn
|
|-weather|Hail|[upkeep]
|-damage|p1a: Xatu|36\/334 brn|[from] hail
|-damage|p2a: Swampert|378\/403|[from] hail
|-heal|p2a: Swampert|403\/403|[from] item: Leftovers
|-damage|p1a: Xatu|0 fnt|[from] brn
|faint|p1a: Xatu
|callback|decision
|
|switch|p1a: Crustle|Crustle, F|344\/344
|turn|5
|callback|decision
|
|move|p2a: Swampert|Scald|p1a: Crustle
|-supereffective|p1a: Crustle
|-damage|p1a: Crustle|192\/344
|move|p1a: Crustle|Stealth Rock|p2a: Swampert
|-sidestart|p2: Xiba|move: Stealth Rock
|
|-weather|Hail|[upkeep]
|-damage|p2a: Swampert|378\/403|[from] hail
|-damage|p1a: Crustle|171\/344|[from] hail
|-heal|p2a: Swampert|403\/403|[from] item: Leftovers
|-heal|p1a: Crustle|192\/344|[from] item: Leftovers
|turn|6
|callback|decision
|
|switch|p2a: Hitmontop|Hitmontop, M|304\/304
|-damage|p2a: Hitmontop|285\/304|[from] Stealth Rock
|-ability|p2a: Hitmontop|Intimidate|[of] p1a: Crustle
|-unboost|p1a: Crustle|atk|1
|move|p1a: Crustle|Spikes|p2a: Hitmontop
|-sidestart|p2: Xiba|Spikes
|
|-weather|Hail|[upkeep]
|-damage|p2a: Hitmontop|266\/304|[from] hail
|-damage|p1a: Crustle|171\/344|[from] hail
|-heal|p2a: Hitmontop|285\/304|[from] item: Leftovers
|-heal|p1a: Crustle|192\/344|[from] item: Leftovers
|turn|7
|callback|decision
|
|switch|p1a: Arcanine|Arcanine, M|321\/321
|move|p2a: Hitmontop|Rapid Spin|p1a: Arcanine
|-damage|p1a: Arcanine|302\/321
|-sideend|p2: Xiba|Spikes|[from] move: Rapid Spin|[of] p2a: Hitmontop
|-sideend|p2: Xiba|Stealth Rock|[from] move: Rapid Spin|[of] p2a: Hitmontop
|
|-weather|Hail|[upkeep]
|-damage|p1a: Arcanine|282\/321|[from] hail
|-damage|p2a: Hitmontop|266\/304|[from] hail
|-heal|p2a: Hitmontop|285\/304|[from] item: Leftovers
|turn|8
|callback|decision
|
|switch|p2a: Kingdra|Kingdra, M|291\/291
|move|p1a: Arcanine|Close Combat|p2a: Kingdra
|-damage|p2a: Kingdra|83\/291
|-unboost|p1a: Arcanine|def|1
|-unboost|p1a: Arcanine|spd|1
|
|-weather|Hail|[upkeep]
|-damage|p1a: Arcanine|262\/321|[from] hail
|-damage|p2a: Kingdra|65\/291|[from] hail
|turn|9
|callback|decision
|
|switch|p2a: Swampert|Swampert, M|403\/403
|move|p1a: Arcanine|Close Combat|p2a: Swampert
|-damage|p2a: Swampert|243\/403
|-unboost|p1a: Arcanine|def|1
|-unboost|p1a: Arcanine|spd|1
|
|-weather|Hail|[upkeep]
|-damage|p1a: Arcanine|242\/321|[from] hail
|-damage|p2a: Swampert|218\/403|[from] hail
|-heal|p2a: Swampert|243\/403|[from] item: Leftovers
|turn|10
|callback|decision
|
|switch|p1a: Walrein|Walrein, F|424\/424
|move|p2a: Swampert|Earthquake|p1a: Walrein
|-damage|p1a: Walrein|313\/424
|
|-weather|Hail|[upkeep]
|-heal|p1a: Walrein|339\/424|[from] ability: Ice Body
|-damage|p2a: Swampert|218\/403|[from] hail
|-heal|p1a: Walrein|365\/424|[from] item: Leftovers
|-heal|p2a: Swampert|243\/403|[from] item: Leftovers
|turn|11
|callback|decision
|
|switch|p2a: Kingdra|Kingdra, M|65\/291
|move|p1a: Walrein|Substitute|p1a: Walrein
|-start|p1a: Walrein|Substitute
|-damage|p1a: Walrein|259\/424
|
|-weather|Hail|[upkeep]
|-damage|p2a: Kingdra|47\/291|[from] hail
|-heal|p1a: Walrein|285\/424|[from] ability: Ice Body
|-heal|p1a: Walrein|311\/424|[from] item: Leftovers
|turn|12
|callback|decision
|
|move|p2a: Kingdra|Rain Dance|p2a: Kingdra
|-weather|RainDance
|move|p1a: Walrein|Blizzard|p2a: Kingdra
|-damage|p2a: Kingdra|0 fnt
|faint|p2a: Kingdra
|
|-weather|RainDance|[upkeep]
|-heal|p1a: Walrein|337\/424|[from] item: Leftovers
|callback|decision
|
|switch|p2a: Magneton|Magneton|255\/271
|turn|13
|callback|decision
|
|move|p1a: Walrein|Protect|p1a: Walrein
|-singleturn|p1a: Walrein|Protect
|move|p2a: Magneton|Thunderbolt|p1a: Walrein
|-activate|p1a: Walrein|Protect
|
|-weather|RainDance|[upkeep]
|-heal|p1a: Walrein|363\/424|[from] item: Leftovers
|turn|14
|callback|decision
|
|move|p2a: Magneton|Thunderbolt|p1a: Walrein
|-supereffective|p1a: Walrein
|-end|p1a: Walrein|Substitute
|move|p1a: Walrein|Blizzard|p2a: Magneton
|-crit|p2a: Magneton
|-resisted|p2a: Magneton
|-damage|p2a: Magneton|77\/271
|-status|p2a: Magneton|frz
|
|-weather|RainDance|[upkeep]
|-heal|p1a: Walrein|389\/424|[from] item: Leftovers
|turn|15
|callback|decision
|
|-curestatus|p2a: Magneton|frz
|move|p2a: Magneton|Thunderbolt|p1a: Walrein
|-supereffective|p1a: Walrein
|-damage|p1a: Walrein|0 fnt
|faint|p1a: Walrein
|
|-weather|RainDance|[upkeep]
|callback|decision
|
|switch|p1a: Crustle|Crustle, F|192\/344
|turn|16
|callback|decision
|
|switch|p1a: Arcanine|Arcanine, M|242\/321
|move|p2a: Magneton|Thunderbolt|p1a: Arcanine
|-damage|p1a: Arcanine|0 fnt
|faint|p1a: Arcanine
|
|-weather|none
|callback|decision
|
|switch|p1a: Weavile|Weavile, F|282\/282
|-ability|p1a: Weavile|Pressure
|turn|17
|callback|decision
|
|switch|p2a: Hitmontop|Hitmontop, M|285\/304
|-ability|p2a: Hitmontop|Intimidate|[of] p1a: Weavile
|-unboost|p1a: Weavile|atk|1
|move|p1a: Weavile|Ice Punch|p2a: Hitmontop
|-damage|p2a: Hitmontop|194\/304
|-status|p2a: Hitmontop|frz
|-damage|p1a: Weavile|254\/282|[from] item: Life Orb
|
|-heal|p2a: Hitmontop|213\/304 frz|[from] item: Leftovers
|turn|18
|callback|decision
|
|move|p1a: Weavile|Swords Dance|p1a: Weavile
|-boost|p1a: Weavile|atk|2
|cant|p2a: Hitmontop|frz
|
|-heal|p2a: Hitmontop|232\/304 frz|[from] item: Leftovers
|turn|19
|callback|decision
|
|switch|p2a: Swampert|Swampert, M|243\/403
|move|p1a: Weavile|Ice Punch|p2a: Swampert
|-damage|p2a: Swampert|0 fnt
|-damage|p1a: Weavile|226\/282|[from] item: Life Orb
|faint|p2a: Swampert
|
|callback|decision
|
|switch|p2a: Hitmontop|Hitmontop, M|232\/304 frz
|-ability|p2a: Hitmontop|Intimidate|[of] p1a: Weavile
|-unboost|p1a: Weavile|atk|1
|turn|20
|callback|decision
|
|move|p1a: Weavile|Swords Dance|p1a: Weavile
|-boost|p1a: Weavile|atk|2
|cant|p2a: Hitmontop|frz
|
|-heal|p2a: Hitmontop|251\/304 frz|[from] item: Leftovers
|turn|21
|callback|decision
|
|move|p1a: Weavile|Ice Punch|p2a: Hitmontop
|-damage|p2a: Hitmontop|0 fnt
|-damage|p1a: Weavile|198\/282|[from] item: Life Orb
|faint|p2a: Hitmontop
|
|callback|decision
|
|switch|p2a: Crobat|Crobat, F|311\/311
|turn|22
|callback|decision
|
|move|p1a: Weavile|Ice Shard|p2a: Crobat
|-supereffective|p2a: Crobat
|-damage|p2a: Crobat|0 fnt
|-damage|p1a: Weavile|170\/282|[from] item: Life Orb
|faint|p2a: Crobat
|
|callback|decision
|chat|Xiba|FUCK YOU
|
|switch|p2a: Scrafty|Scrafty, F, shiny|271\/271
|turn|23
|callback|decision
|
|move|p1a: Weavile|Ice Punch|p2a: Scrafty
|-damage|p2a: Scrafty|0 fnt
|-damage|p1a: Weavile|142\/282|[from] item: Life Orb
|faint|p2a: Scrafty
|
|callback|decision
|
|switch|p2a: Magneton|Magneton|77\/271
|turn|24
|callback|decision
|
|move|p1a: Weavile|Night Slash|p2a: Magneton
|-resisted|p2a: Magneton
|-damage|p2a: Magneton|0 fnt
|-damage|p1a: Weavile|114\/282|[from] item: Life Orb
|faint|p2a: Magneton
|
|win|iseeflame
|raw|Ladder updating...
|raw|iseeflame's rating: 1759 &rarr; <strong>1784<\/strong><br \/>(+25 for winning)
|raw|Xiba's rating: 1796 &rarr; <strong>1794<\/strong><br \/>(-2 for losing)