|join|Xiba
|join|Shammgod
|player|p1|Xiba|4
|player|p2|Shammgod|253
|gametype|singles
|tier|UU (suspect test)
|rated
|rule|Sleep Clause Mod: Limit one foe put to sleep
|rule|Species Clause: Limit one of each Pokemon
|rule|OHKO Clause: OHKO moves are banned
|rule|Moody Clause: Moody is banned
|rule|Evasion Moves Clause: Evasion moves are banned
|rule|HP Percentage Mod: HP is reported as percentages
|rule|Evasion Abilities Clause: Evasion abilities are banned
|clearpoke
|poke|p1|Kingdra, M
|poke|p1|Rhyperior, F
|poke|p1|Roserade, M, shiny
|poke|p1|Honchkrow, F
|poke|p1|Cofagrigus, M
|poke|p1|Mienshao, M
|poke|p2|Sharpedo, F, shiny
|poke|p2|Dwebble, L1, F, shiny
|poke|p2|Nidoking, M, shiny
|poke|p2|Spiritomb, M, shiny
|poke|p2|Umbreon, F, shiny
|poke|p2|Hitmontop, M, shiny
|teampreview
|callback|decision
|
|start
|switch|p1a: Mienshao|Mienshao, M|271\/271
|switch|p2a: Dwebble|Dwebble, L1, F, shiny|12\/12
|turn|1
|callback|decision
|
|move|p2a: Dwebble|Protect|p2a: Dwebble
|-singleturn|p2a: Dwebble|Protect
|move|p1a: Mienshao|U-turn|p2a: Dwebble
|-activate|p2a: Dwebble|Protect
|
|turn|2
|callback|decision
|
|move|p1a: Mienshao|U-turn|p2a: Dwebble
|-activate|p2a: Dwebble|Sturdy
|-damage|p2a: Dwebble|1\/12
|callback|decision
|
|switch|p1a: Rhyperior|Rhyperior, F|433\/433
|-enditem|p2a: Dwebble|Berry Juice
|-heal|p2a: Dwebble|12\/12|[from] item: Berry Juice
|move|p2a: Dwebble|Stealth Rock|p1a: Rhyperior
|-sidestart|p1: Xiba|move: Stealth Rock
|
|turn|3
|callback|decision
|
|switch|p2a: Hitmontop|Hitmontop, M, shiny|304\/304
|-ability|p2a: Hitmontop|Intimidate|[of] p1a: Rhyperior
|-unboost|p1a: Rhyperior|atk|1
|move|p1a: Rhyperior|Rock Blast|p2a: Hitmontop
|-resisted|p2a: Hitmontop
|-damage|p2a: Hitmontop|293\/304
|-resisted|p2a: Hitmontop
|-damage|p2a: Hitmontop|282\/304
|-hitcount|p2a: Hitmontop|2
|
|-heal|p2a: Hitmontop|301\/304|[from] item: Leftovers
|turn|4
|callback|decision
|
|move|p2a: Hitmontop|Toxic|p1a: Rhyperior
|-status|p1a: Rhyperior|tox
|move|p1a: Rhyperior|Stealth Rock|p2a: Hitmontop
|-sidestart|p2: Shammgod|move: Stealth Rock
|
|-heal|p2a: Hitmontop|304\/304|[from] item: Leftovers
|-damage|p1a: Rhyperior|406\/433 tox|[from] psn
|turn|5
|callback|decision
|
|switch|p1a: Honchkrow|Honchkrow, F|341\/341
|-damage|p1a: Honchkrow|256\/341|[from] Stealth Rock
|move|p2a: Hitmontop|Toxic|p1a: Honchkrow
|-status|p1a: Honchkrow|tox
|
|-damage|p1a: Honchkrow|235\/341 tox|[from] psn
|turn|6
|callback|decision
|
|switch|p2a: Umbreon|Umbreon, F, shiny|394\/394
|-damage|p2a: Umbreon|345\/394|[from] Stealth Rock
|move|p1a: Honchkrow|Brave Bird|p2a: Umbreon
|-damage|p2a: Umbreon|59\/394
|-damage|p1a: Honchkrow|141\/341 tox|[from] recoil|[of] p2a: Umbreon
|-damage|p1a: Honchkrow|107\/341 tox|[from] item: Life Orb
|
|-heal|p2a: Umbreon|83\/394|[from] item: Leftovers
|-damage|p1a: Honchkrow|65\/341 tox|[from] psn
|turn|7
|callback|decision
|
|move|p2a: Umbreon|Protect|p2a: Umbreon
|-singleturn|p2a: Umbreon|Protect
|move|p1a: Honchkrow|Roost|p1a: Honchkrow
|-heal|p1a: Honchkrow|236\/341 tox
|
|-heal|p2a: Umbreon|107\/394|[from] item: Leftovers
|-damage|p1a: Honchkrow|173\/341 tox|[from] psn
|turn|8
|callback|decision
|
|move|p1a: Honchkrow|Superpower|p2a: Umbreon
|-supereffective|p2a: Umbreon
|-damage|p2a: Umbreon|0 fnt
|-unboost|p1a: Honchkrow|atk|1
|-unboost|p1a: Honchkrow|def|1
|-damage|p1a: Honchkrow|139\/341 tox|[from] item: Life Orb
|faint|p2a: Umbreon
|-boost|p1a: Honchkrow|atk|1|[from] ability: Moxie
|
|-damage|p1a: Honchkrow|55\/341 tox|[from] psn
|callback|decision
|
|switch|p2a: Sharpedo|Sharpedo, F, shiny|281\/281
|-damage|p2a: Sharpedo|246\/281|[from] Stealth Rock
|turn|9
|callback|decision
|
|move|p2a: Sharpedo|Aqua Jet|p1a: Honchkrow
|-damage|p1a: Honchkrow|0 fnt
|-damage|p2a: Sharpedo|218\/281|[from] item: Life Orb
|faint|p1a: Honchkrow
|
|-boost|p2a: Sharpedo|spe|1|[from] ability: Speed Boost
|callback|decision
|
|switch|p1a: Kingdra|Kingdra, M|291\/291
|-damage|p1a: Kingdra|255\/291|[from] Stealth Rock
|turn|10
|callback|decision
|
|move|p2a: Sharpedo|Crunch|p1a: Kingdra
|-damage|p1a: Kingdra|47\/291
|-damage|p2a: Sharpedo|190\/281|[from] item: Life Orb
|move|p1a: Kingdra|Draco Meteor|p2a: Sharpedo
|-damage|p2a: Sharpedo|0 fnt
|-unboost|p1a: Kingdra|spa|2
|faint|p2a: Sharpedo
|
|callback|decision
|
|switch|p2a: Spiritomb|Spiritomb, M, shiny|304\/304
|-damage|p2a: Spiritomb|266\/304|[from] Stealth Rock
|-ability|p2a: Spiritomb|Pressure
|turn|11
|callback|decision
|
|switch|p1a: Roserade|Roserade, M, shiny|324\/324
|-damage|p1a: Roserade|284\/324|[from] Stealth Rock
|move|p2a: Spiritomb|Will-O-Wisp|p1a: Roserade
|-status|p1a: Roserade|brn
|
|-heal|p1a: Roserade|304\/324 brn|[from] item: Black Sludge
|-heal|p2a: Spiritomb|285\/304|[from] item: Leftovers
|-damage|p1a: Roserade|264\/324 brn|[from] brn
|turn|12
|callback|decision
|
|move|p2a: Spiritomb|Shadow Sneak|p1a: Roserade
|-damage|p1a: Roserade|188\/324 brn
|move|p1a: Roserade|Spikes|p2a: Spiritomb
|-sidestart|p2: Shammgod|Spikes
|
|-heal|p1a: Roserade|208\/324 brn|[from] item: Black Sludge
|-heal|p2a: Spiritomb|304\/304|[from] item: Leftovers
|-damage|p1a: Roserade|168\/324 brn|[from] brn
|turn|13
|callback|decision
|
|switch|p2a: Hitmontop|Hitmontop, M, shiny|304\/304
|-damage|p2a: Hitmontop|285\/304|[from] Stealth Rock
|-damage|p2a: Hitmontop|247\/304|[from] Spikes
|-ability|p2a: Hitmontop|Intimidate|[of] p1a: Roserade
|-unboost|p1a: Roserade|atk|1
|move|p1a: Roserade|Giga Drain|p2a: Hitmontop
|-damage|p2a: Hitmontop|145\/304
|-heal|p1a: Roserade|219\/324 brn|[from] drain|[of] p2a: Hitmontop
|
|-heal|p1a: Roserade|239\/324 brn|[from] item: Black Sludge
|-heal|p2a: Hitmontop|164\/304|[from] item: Leftovers
|-damage|p1a: Roserade|199\/324 brn|[from] brn
|turn|14
|callback|decision
|
|switch|p1a: Cofagrigus|Cofagrigus, M|319\/319
|-damage|p1a: Cofagrigus|280\/319|[from] Stealth Rock
|move|p2a: Hitmontop|Toxic|p1a: Cofagrigus
|-status|p1a: Cofagrigus|tox
|
|-heal|p2a: Hitmontop|183\/304|[from] item: Leftovers
|-heal|p1a: Cofagrigus|299\/319 tox|[from] item: Leftovers
|-damage|p1a: Cofagrigus|280\/319 tox|[from] psn
|turn|15
|callback|decision
|
|switch|p2a: Spiritomb|Spiritomb, M, shiny|304\/304
|-damage|p2a: Spiritomb|266\/304|[from] Stealth Rock
|-damage|p2a: Spiritomb|228\/304|[from] Spikes
|-ability|p2a: Spiritomb|Pressure
|move|p1a: Cofagrigus|Shadow Ball|p2a: Spiritomb
|-damage|p2a: Spiritomb|117\/304
|
|-heal|p2a: Spiritomb|136\/304|[from] item: Leftovers
|-heal|p1a: Cofagrigus|299\/319 tox|[from] item: Leftovers
|-damage|p1a: Cofagrigus|261\/319 tox|[from] psn
|turn|16
|callback|decision
|
|move|p2a: Spiritomb|Foul Play|p1a: Cofagrigus
|-supereffective|p1a: Cofagrigus
|-damage|p1a: Cofagrigus|183\/319 tox
|-ability|p2a: Spiritomb|Mummy|[from] Mummy
|move|p1a: Cofagrigus|Shadow Ball|p2a: Spiritomb
|-crit|p2a: Spiritomb
|-damage|p2a: Spiritomb|0 fnt
|faint|p2a: Spiritomb
|
|-heal|p1a: Cofagrigus|202\/319 tox|[from] item: Leftovers
|-damage|p1a: Cofagrigus|145\/319 tox|[from] psn
|callback|decision
|chat|Shammgod|....
|
|switch|p2a: Nidoking|Nidoking, M, shiny|304\/304
|-damage|p2a: Nidoking|266\/304|[from] Spikes
|-damage|p2a: Nidoking|247\/304|[from] Stealth Rock
|turn|17
|callback|decision
|
|move|p2a: Nidoking|Earth Power|p1a: Cofagrigus
|-crit|p1a: Cofagrigus
|-damage|p1a: Cofagrigus|0 fnt
|faint|p1a: Cofagrigus
|
|callback|decision
|
|switch|p1a: Kingdra|Kingdra, M|47\/291
|-damage|p1a: Kingdra|11\/291|[from] Stealth Rock
|turn|18
|callback|decision
|
|move|p2a: Nidoking|Sludge Wave|p1a: Kingdra
|-damage|p1a: Kingdra|0 fnt
|faint|p1a: Kingdra
|
|callback|decision
|
|switch|p1a: Rhyperior|Rhyperior, F|406\/433 tox
|-damage|p1a: Rhyperior|379\/433 tox|[from] Stealth Rock
|turn|19
|callback|decision
|
|switch|p2a: Hitmontop|Hitmontop, M, shiny|183\/304
|-damage|p2a: Hitmontop|145\/304|[from] Spikes
|-damage|p2a: Hitmontop|126\/304|[from] Stealth Rock
|-ability|p2a: Hitmontop|Intimidate|[of] p1a: Rhyperior
|-unboost|p1a: Rhyperior|atk|1
|move|p1a: Rhyperior|Earthquake|p2a: Hitmontop
|-damage|p2a: Hitmontop|36\/304
|
|-heal|p2a: Hitmontop|55\/304|[from] item: Leftovers
|-heal|p1a: Rhyperior|406\/433 tox|[from] item: Leftovers
|-damage|p1a: Rhyperior|379\/433 tox|[from] psn
|turn|20
|callback|decision
|
|move|p2a: Hitmontop|Rapid Spin|p1a: Rhyperior
|-resisted|p1a: Rhyperior
|-damage|p1a: Rhyperior|373\/433 tox
|-sideend|p2: Shammgod|Spikes|[from] move: Rapid Spin|[of] p2a: Hitmontop
|-sideend|p2: Shammgod|Stealth Rock|[from] move: Rapid Spin|[of] p2a: Hitmontop
|move|p1a: Rhyperior|Earthquake|p2a: Hitmontop
|-damage|p2a: Hitmontop|0 fnt
|faint|p2a: Hitmontop
|
|-heal|p1a: Rhyperior|400\/433 tox|[from] item: Leftovers
|-damage|p1a: Rhyperior|346\/433 tox|[from] psn
|callback|decision
|
|switch|p2a: Dwebble|Dwebble, L1, F, shiny|12\/12
|turn|21
|callback|decision
|
|move|p2a: Dwebble|Spikes|p1a: Rhyperior
|-sidestart|p1: Xiba|Spikes
|move|p1a: Rhyperior|Dragon Tail|p2a: Dwebble
|-activate|p2a: Dwebble|Sturdy
|-damage|p2a: Dwebble|1\/12
|drag|p2a: Nidoking|Nidoking, M, shiny|247\/304
|
|-heal|p1a: Rhyperior|373\/433 tox|[from] item: Leftovers
|-damage|p1a: Rhyperior|292\/433 tox|[from] psn
|turn|22
|callback|decision
|
|move|p2a: Nidoking|Earth Power|p1a: Rhyperior
|-supereffective|p1a: Rhyperior
|-damage|p1a: Rhyperior|0 fnt
|faint|p1a: Rhyperior
|
|callback|decision
|
|switch|p1a: Mienshao|Mienshao, M|271\/271
|-damage|p1a: Mienshao|255\/271|[from] Stealth Rock
|-damage|p1a: Mienshao|222\/271|[from] Spikes
|turn|23
|callback|decision
|
|switch|p2a: Dwebble|Dwebble, L1, F, shiny|1\/12
|move|p1a: Mienshao|U-turn|p2a: Dwebble
|-damage|p2a: Dwebble|0 fnt
|faint|p2a: Dwebble
|callback|decision
|
|switch|p1a: Roserade|Roserade, M, shiny|199\/324
|-damage|p1a: Roserade|159\/324|[from] Spikes
|-damage|p1a: Roserade|119\/324|[from] Stealth Rock
|
|-heal|p1a: Roserade|139\/324|[from] item: Black Sludge
|callback|decision
|
|switch|p2a: Nidoking|Nidoking, M, shiny|247\/304
|turn|24
|callback|decision
|
|move|p2a: Nidoking|Earth Power|p1a: Roserade
|-damage|p1a: Roserade|0 fnt
|faint|p1a: Roserade
|
|callback|decision
|
|switch|p1a: Mienshao|Mienshao, M|222\/271
|-damage|p1a: Mienshao|189\/271|[from] Spikes
|-damage|p1a: Mienshao|173\/271|[from] Stealth Rock
|turn|25
|callback|decision
|
|move|p1a: Mienshao|Hi Jump Kick|p2a: Nidoking
|-resisted|p2a: Nidoking
|-damage|p2a: Nidoking|86\/304
|move|p2a: Nidoking|Sludge Wave|p1a: Mienshao
|-damage|p1a: Mienshao|0 fnt
|faint|p1a: Mienshao
|
|win|Shammgod
|raw|Ladder updating...
|raw|Xiba's rating: 1643 &rarr; <strong>1642<\/strong><br \/>(-1 for losing)
|raw|Shammgod's rating: 1695 &rarr; <strong>1811<\/strong><br \/>(+116 for winning)
|chat|Shammgod|gg
|chat|Shammgod|that was a good game
|chat|Shammgod|like really good
|chat|Shammgod|nice playing dude!
|chat|Xiba|Why did your rating go up so much?
|chat|Shammgod|because
|chat|Shammgod|this is my 4th win in a row from 1000
|chat|Xiba|Ah ok
|chat|Shammgod|yep
|chat|Shammgod|showdown
|chat|Shammgod|ratings
|chat|Shammgod|is messed up
|chat|Shammgod|xD