|join|Xiba
|join|swagmonday13
|player|p1|Xiba|273
|player|p2|swagmonday13|247
|gametype|singles
|tier|UU (suspect test)
|rated
|rule|Sleep Clause Mod: Limit one foe put to sleep
|rule|Species Clause: Limit one of each Pokemon
|rule|OHKO Clause: OHKO moves are banned
|rule|Moody Clause: Moody is banned
|rule|Evasion Moves Clause: Evasion moves are banned
|rule|HP Percentage Mod: HP is reported as percentages
|rule|Evasion Abilities Clause: Evasion abilities are banned
|clearpoke
|poke|p1|Hitmontop, M
|poke|p1|Crobat, M
|poke|p1|Weavile, M
|poke|p1|Kingdra, F
|poke|p1|Magneton
|poke|p1|Swampert, M
|poke|p2|Virizion
|poke|p2|Bronzong
|poke|p2|Crobat, F
|poke|p2|Milotic, F
|poke|p2|Rotom-Heat
|poke|p2|Umbreon, M, shiny
|teampreview
|callback|decision
|
|start
|switch|p1a: Magneton|Magneton|261\/261
|switch|p2a: Rotom-Heat|Rotom-Heat|241\/241
|turn|1
|callback|decision
|
|switch|p1a: Swampert|Swampert, M|403\/403
|move|p2a: Rotom-Heat|Hidden Power|p1a: Swampert
|-supereffective|p1a: Swampert
|-damage|p1a: Swampert|99\/403
|
|-heal|p1a: Swampert|124\/403|[from] item: Leftovers
|turn|2
|callback|decision
|
|switch|p2a: Vonzong|Bronzong|337\/337
|switch|p1a: Crobat|Crobat, M|311\/311
|
|turn|3
|callback|decision
|
|move|p1a: Crobat|U-turn|p2a: Vonzong
|-damage|p2a: Vonzong|279\/337
|callback|decision
|
|switch|p1a: Magneton|Magneton|261\/261
|move|p2a: Vonzong|Gyro Ball|p1a: Magneton
|-resisted|p1a: Magneton
|-damage|p1a: Magneton|238\/261
|
|-heal|p1a: Magneton|254\/261|[from] item: Leftovers
|-heal|p2a: Vonzong|300\/337|[from] item: Leftovers
|turn|4
|callback|decision
|
|move|p1a: Magneton|Magnet Rise|p1a: Magneton
|-start|p1a: Magneton|Magnet Rise
|move|p2a: Vonzong|Stealth Rock|p1a: Magneton
|-sidestart|p1: Xiba|move: Stealth Rock
|
|-heal|p1a: Magneton|261\/261|[from] item: Leftovers
|-heal|p2a: Vonzong|321\/337|[from] item: Leftovers
|turn|5
|callback|decision
|
|move|p1a: Magneton|Substitute|p1a: Magneton
|-start|p1a: Magneton|Substitute
|-damage|p1a: Magneton|196\/261
|move|p2a: Vonzong|Psyshock|p1a: Magneton
|-resisted|p1a: Magneton
|-activate|p1a: Magneton|Substitute|[damage]
|
|-heal|p1a: Magneton|212\/261|[from] item: Leftovers
|-heal|p2a: Vonzong|337\/337|[from] item: Leftovers
|turn|6
|callback|decision
|
|move|p1a: Magneton|Thunderbolt|p2a: Vonzong
|-damage|p2a: Vonzong|175\/337
|move|p2a: Vonzong|Psyshock|p1a: Magneton
|-resisted|p1a: Magneton
|-end|p1a: Magneton|Substitute
|
|-heal|p1a: Magneton|228\/261|[from] item: Leftovers
|-heal|p2a: Vonzong|196\/337|[from] item: Leftovers
|turn|7
|callback|decision
|
|move|p1a: Magneton|Substitute|p1a: Magneton
|-start|p1a: Magneton|Substitute
|-damage|p1a: Magneton|163\/261
|move|p2a: Vonzong|Psyshock|p1a: Magneton
|-resisted|p1a: Magneton
|-activate|p1a: Magneton|Substitute|[damage]
|
|-heal|p1a: Magneton|179\/261|[from] item: Leftovers
|-heal|p2a: Vonzong|217\/337|[from] item: Leftovers
|turn|8
|callback|decision
|
|move|p1a: Magneton|Thunderbolt|p2a: Vonzong
|-damage|p2a: Vonzong|55\/337
|move|p2a: Vonzong|Psyshock|p1a: Magneton
|-resisted|p1a: Magneton
|-end|p1a: Magneton|Substitute
|
|-heal|p1a: Magneton|195\/261|[from] item: Leftovers
|-heal|p2a: Vonzong|76\/337|[from] item: Leftovers
|-end|p1a: Magneton|Magnet Rise
|turn|9
|callback|decision
|
|move|p1a: Magneton|Substitute|p1a: Magneton
|-start|p1a: Magneton|Substitute
|-damage|p1a: Magneton|130\/261
|move|p2a: Vonzong|Psyshock|p1a: Magneton
|-resisted|p1a: Magneton
|-activate|p1a: Magneton|Substitute|[damage]
|
|-heal|p1a: Magneton|146\/261|[from] item: Leftovers
|-heal|p2a: Vonzong|97\/337|[from] item: Leftovers
|turn|10
|callback|decision
|
|move|p1a: Magneton|Thunderbolt|p2a: Vonzong
|-damage|p2a: Vonzong|0 fnt
|faint|p2a: Vonzong
|
|-heal|p1a: Magneton|162\/261|[from] item: Leftovers
|callback|decision
|
|switch|p2a: Rotom-Heat|Rotom-Heat|241\/241
|turn|11
|callback|decision
|
|move|p2a: Rotom-Heat|Overheat|p1a: Magneton|[miss]
|-miss|p2a: Rotom-Heat|p1a: Magneton
|move|p1a: Magneton|Thunderbolt|p2a: Rotom-Heat
|-resisted|p2a: Rotom-Heat
|-damage|p2a: Rotom-Heat|165\/241
|
|-heal|p1a: Magneton|178\/261|[from] item: Leftovers
|turn|12
|callback|decision
|
|move|p2a: Rotom-Heat|Overheat|p1a: Magneton|[miss]
|-miss|p2a: Rotom-Heat|p1a: Magneton
|move|p1a: Magneton|Thunderbolt|p2a: Rotom-Heat
|-resisted|p2a: Rotom-Heat
|-damage|p2a: Rotom-Heat|81\/241
|
|-heal|p1a: Magneton|194\/261|[from] item: Leftovers
|turn|13
|callback|decision
|chat|Xiba|lol
|chat|swagmonday13|ok 90%
|
|move|p2a: Rotom-Heat|Overheat|p1a: Magneton
|-supereffective|p1a: Magneton
|-end|p1a: Magneton|Substitute
|-unboost|p2a: Rotom-Heat|spa|2
|move|p1a: Magneton|Thunderbolt|p2a: Rotom-Heat
|-resisted|p2a: Rotom-Heat
|-damage|p2a: Rotom-Heat|0 fnt
|faint|p2a: Rotom-Heat
|
|-heal|p1a: Magneton|210\/261|[from] item: Leftovers
|callback|decision
|
|switch|p2a: Virizion|Virizion|324\/324
|turn|14
|callback|decision
|
|switch|p1a: Hitmontop|Hitmontop, M|304\/304
|-damage|p1a: Hitmontop|285\/304|[from] Stealth Rock
|-ability|p1a: Hitmontop|Intimidate|[of] p2a: Virizion
|-unboost|p2a: Virizion|atk|1
|move|p2a: Virizion|Close Combat|p1a: Hitmontop
|-damage|p1a: Hitmontop|197\/304
|-unboost|p2a: Virizion|def|1
|-unboost|p2a: Virizion|spd|1
|
|-heal|p1a: Hitmontop|216\/304|[from] item: Leftovers
|turn|15
|callback|decision
|
|switch|p2a: Vobat|Crobat, F|311\/311
|move|p1a: Hitmontop|Rapid Spin|p2a: Vobat
|-damage|p2a: Vobat|292\/311
|-sideend|p1: Xiba|Stealth Rock|[from] move: Rapid Spin|[of] p1a: Hitmontop
|
|-heal|p1a: Hitmontop|235\/304|[from] item: Leftovers
|turn|16
|callback|decision
|
|switch|p2a: Virizion|Virizion|324\/324
|switch|p1a: Magneton|Magneton|210\/261
|
|-heal|p1a: Magneton|226\/261|[from] item: Leftovers
|turn|17
|callback|decision
|
|switch|p1a: Crobat|Crobat, M|311\/311
|move|p2a: Virizion|Swords Dance|p2a: Virizion
|-boost|p2a: Virizion|atk|2
|
|turn|18
|callback|decision
|
|switch|p2a: Vilotic|Milotic, F|393\/393
|move|p1a: Crobat|Brave Bird|p2a: Vilotic
|-damage|p2a: Vilotic|174\/393
|-damage|p1a: Crobat|239\/311|[from] recoil|[of] p2a: Vilotic
|
|-heal|p2a: Vilotic|198\/393|[from] item: Leftovers
|turn|19
|callback|decision
|
|switch|p2a: Vumbreon|Umbreon, M, shiny|394\/394
|move|p1a: Crobat|Brave Bird|p2a: Vumbreon
|-damage|p2a: Vumbreon|180\/394
|-damage|p1a: Crobat|168\/311|[from] recoil|[of] p2a: Vumbreon
|
|-heal|p2a: Vumbreon|204\/394|[from] item: Leftovers
|turn|20
|callback|decision
|
|move|p2a: Vumbreon|Protect|p2a: Vumbreon
|-singleturn|p2a: Vumbreon|Protect
|move|p1a: Crobat|Brave Bird|p2a: Vumbreon
|-activate|p2a: Vumbreon|Protect
|
|-heal|p2a: Vumbreon|228\/394|[from] item: Leftovers
|turn|21
|callback|decision
|
|switch|p1a: Hitmontop|Hitmontop, M|235\/304
|-ability|p1a: Hitmontop|Intimidate|[of] p2a: Vumbreon
|-unboost|p2a: Vumbreon|atk|1
|move|p2a: Vumbreon|Wish|p2a: Vumbreon
|
|-heal|p1a: Hitmontop|254\/304|[from] item: Leftovers
|-heal|p2a: Vumbreon|252\/394|[from] item: Leftovers
|turn|22
|callback|decision
|
|switch|p2a: Vilotic|Milotic, F|198\/393
|move|p1a: Hitmontop|Stone Edge|p2a: Vilotic
|-damage|p2a: Vilotic|129\/393
|
|-heal|p2a: Vilotic|326\/393|[from] move: Wish|[wisher] Vumbreon
|-heal|p2a: Vilotic|350\/393|[from] item: Leftovers
|-heal|p1a: Hitmontop|273\/304|[from] item: Leftovers
|turn|23
|callback|decision
|
|switch|p1a: Magneton|Magneton|226\/261
|move|p2a: Vilotic|Scald|p1a: Magneton
|-crit|p1a: Magneton
|-damage|p1a: Magneton|0 fnt
|faint|p1a: Magneton
|
|-heal|p2a: Vilotic|374\/393|[from] item: Leftovers
|callback|decision
|chat|swagmonday13|thats for the overheat
|
|switch|p1a: Kingdra|Kingdra, F|291\/291
|turn|24
|callback|decision
|
|move|p1a: Kingdra|Dragon Pulse|p2a: Vilotic
|-damage|p2a: Vilotic|211\/393
|move|p2a: Vilotic|Toxic|p1a: Kingdra
|-status|p1a: Kingdra|tox
|
|-heal|p2a: Vilotic|235\/393|[from] item: Leftovers
|-damage|p1a: Kingdra|273\/291 tox|[from] psn
|turn|25
|callback|decision
|
|switch|p1a: Crobat|Crobat, M|168\/311
|move|p2a: Vilotic|Recover|p2a: Vilotic
|-heal|p2a: Vilotic|393\/393
|
|turn|26
|callback|decision
|
|move|p1a: Crobat|U-turn|p2a: Vilotic
|-damage|p2a: Vilotic|317\/393
|callback|decision
|
|switch|p1a: Kingdra|Kingdra, F|273\/291 tox
|move|p2a: Vilotic|Ice Beam|p1a: Kingdra
|-crit|p1a: Kingdra
|-damage|p1a: Kingdra|131\/291 tox
|
|-heal|p2a: Vilotic|341\/393|[from] item: Leftovers
|-damage|p1a: Kingdra|113\/291 tox|[from] psn
|turn|27
|callback|decision
|
|switch|p2a: Vobat|Crobat, F|292\/311
|move|p1a: Kingdra|Draco Meteor|p2a: Vobat
|-damage|p2a: Vobat|0 fnt
|-unboost|p1a: Kingdra|spa|2
|faint|p2a: Vobat
|
|-damage|p1a: Kingdra|77\/291 tox|[from] psn
|callback|decision
|
|switch|p2a: Vilotic|Milotic, F|341\/393
|turn|28
|callback|decision
|
|switch|p1a: Swampert|Swampert, M|124\/403
|move|p2a: Vilotic|Scald|p1a: Swampert
|-damage|p1a: Swampert|46\/403
|
|-heal|p2a: Vilotic|365\/393|[from] item: Leftovers
|-heal|p1a: Swampert|71\/403|[from] item: Leftovers
|turn|29
|callback|decision
|
|move|p2a: Vilotic|Scald|p1a: Swampert
|-damage|p1a: Swampert|0 fnt
|faint|p1a: Swampert
|
|-heal|p2a: Vilotic|389\/393|[from] item: Leftovers
|callback|decision
|
|switch|p1a: Kingdra|Kingdra, F|77\/291 tox
|turn|30
|callback|decision
|
|move|p1a: Kingdra|Draco Meteor|p2a: Vilotic
|-damage|p2a: Vilotic|124\/393
|-unboost|p1a: Kingdra|spa|2
|move|p2a: Vilotic|Recover|p2a: Vilotic
|-heal|p2a: Vilotic|321\/393
|
|-heal|p2a: Vilotic|345\/393|[from] item: Leftovers
|-damage|p1a: Kingdra|59\/291 tox|[from] psn
|turn|31
|callback|decision
|
|switch|p1a: Hitmontop|Hitmontop, M|273\/304
|-ability|p1a: Hitmontop|Intimidate|[of] p2a: Vilotic
|-unboost|p2a: Vilotic|atk|1
|move|p2a: Vilotic|Ice Beam|p1a: Hitmontop
|-damage|p1a: Hitmontop|201\/304
|
|-heal|p2a: Vilotic|369\/393|[from] item: Leftovers
|-heal|p1a: Hitmontop|220\/304|[from] item: Leftovers
|turn|32
|callback|decision
|
|move|p2a: Vilotic|Scald|p1a: Hitmontop
|-damage|p1a: Hitmontop|130\/304
|move|p1a: Hitmontop|Close Combat|p2a: Vilotic
|-damage|p2a: Vilotic|254\/393
|-unboost|p1a: Hitmontop|def|1
|-unboost|p1a: Hitmontop|spd|1
|
|-heal|p2a: Vilotic|278\/393|[from] item: Leftovers
|-heal|p1a: Hitmontop|149\/304|[from] item: Leftovers
|turn|33
|callback|decision
|
|move|p2a: Vilotic|Scald|p1a: Hitmontop
|-damage|p1a: Hitmontop|17\/304
|-status|p1a: Hitmontop|brn
|move|p1a: Hitmontop|Close Combat|p2a: Vilotic
|-damage|p2a: Vilotic|221\/393
|-unboost|p1a: Hitmontop|def|1
|-unboost|p1a: Hitmontop|spd|1
|
|-heal|p2a: Vilotic|245\/393|[from] item: Leftovers
|-heal|p1a: Hitmontop|36\/304 brn|[from] item: Leftovers
|-damage|p1a: Hitmontop|0 fnt|[from] brn
|faint|p1a: Hitmontop
|callback|decision
|
|switch|p1a: Kingdra|Kingdra, F|59\/291 tox
|turn|34
|callback|decision
|
|switch|p2a: Virizion|Virizion|324\/324
|move|p1a: Kingdra|Draco Meteor|p2a: Virizion
|-damage|p2a: Virizion|54\/324
|-unboost|p1a: Kingdra|spa|2
|
|-damage|p1a: Kingdra|41\/291 tox|[from] psn
|turn|35
|callback|decision
|
|switch|p1a: Crobat|Crobat, M|168\/311
|move|p2a: Virizion|Stone Edge|p1a: Crobat|[miss]
|-miss|p2a: Virizion|p1a: Crobat
|
|turn|36
|callback|decision
|chat|swagmonday13|:9
|
|switch|p2a: Vilotic|Milotic, F|245\/393
|move|p1a: Crobat|Brave Bird|p2a: Vilotic
|-damage|p2a: Vilotic|19\/393
|-damage|p1a: Crobat|93\/311|[from] recoil|[of] p2a: Vilotic
|
|-heal|p2a: Vilotic|43\/393|[from] item: Leftovers
|turn|37
|callback|decision
|
|move|p1a: Crobat|Brave Bird|p2a: Vilotic
|-damage|p2a: Vilotic|0 fnt
|-damage|p1a: Crobat|79\/311|[from] recoil|[of] p2a: Vilotic
|faint|p2a: Vilotic
|
|callback|decision
|
|switch|p2a: Virizion|Virizion|54\/324
|turn|38
|callback|decision
|chat|swagmonday13|gg
|
|move|p1a: Crobat|Brave Bird|p2a: Virizion
|-supereffective|p2a: Virizion
|-damage|p2a: Virizion|0 fnt
|-damage|p1a: Crobat|61\/311|[from] recoil|[of] p2a: Virizion
|faint|p2a: Virizion
|
|callback|decision
|chat|Xiba|gg, sorry for haxors
|
|switch|p2a: Vumbreon|Umbreon, M, shiny|252\/394
|turn|39
|callback|decision
|
|move|p2a: Vumbreon|Protect|p2a: Vumbreon
|-singleturn|p2a: Vumbreon|Protect
|move|p1a: Crobat|Brave Bird|p2a: Vumbreon
|-activate|p2a: Vumbreon|Protect
|
|-heal|p2a: Vumbreon|276\/394|[from] item: Leftovers
|turn|40
|callback|decision
|
|move|p1a: Crobat|Brave Bird|p2a: Vumbreon
|-damage|p2a: Vumbreon|42\/394
|-damage|p1a: Crobat|0 fnt|[from] recoil|[of] p2a: Vumbreon
|faint|p1a: Crobat
|move|p2a: Vumbreon|Foul Play|p1: Crobat|[notarget]
|-notarget
|
|-heal|p2a: Vumbreon|66\/394|[from] item: Leftovers
|callback|decision
|
|switch|p1a: Weavile|Weavile, M|281\/281
|-ability|p1a: Weavile|Pressure
|turn|41
|callback|decision
|
|move|p2a: Vumbreon|Protect|p2a: Vumbreon
|-singleturn|p2a: Vumbreon|Protect
|move|p1a: Weavile|Low Kick|p2a: Vumbreon
|-activate|p2a: Vumbreon|Protect
|
|-heal|p2a: Vumbreon|90\/394|[from] item: Leftovers
|turn|42
|callback|decision
|
|move|p2a: Vumbreon|Protect|p2a: Vumbreon
|-fail|p2a: Vumbreon
|move|p1a: Weavile|Low Kick|p2a: Vumbreon
|-supereffective|p2a: Vumbreon
|-damage|p2a: Vumbreon|0 fnt
|-damage|p1a: Weavile|253\/281|[from] item: Life Orb
|faint|p2a: Vumbreon
|
|win|Xiba
|raw|Ladder updating...
|raw|Xiba's rating: 1747 &rarr; <strong>1751<\/strong><br \/>(+4 for winning)
|raw|swagmonday13's rating: 1659 &rarr; <strong>1588<\/strong><br \/>(-71 for losing)
|chat|swagmonday13|gg
|leave|Xiba
|player|p1