|join|Chunk Norris
|join|Xiba
|player|p1|Chunk Norris|10
|player|p2|Xiba|273
|gametype|singles
|tier|UU (suspect test)
|rated
|rule|Sleep Clause Mod: Limit one foe put to sleep
|rule|Species Clause: Limit one of each Pokemon
|rule|OHKO Clause: OHKO moves are banned
|rule|Moody Clause: Moody is banned
|rule|Evasion Moves Clause: Evasion moves are banned
|rule|HP Percentage Mod: HP is reported as percentages
|rule|Evasion Abilities Clause: Evasion abilities are banned
|clearpoke
|poke|p1|Blastoise, M, shiny
|poke|p1|Umbreon, M, shiny
|poke|p1|Cresselia, F
|poke|p1|Swampert, F
|poke|p1|Machamp, F
|poke|p1|Chandelure, F
|poke|p2|Hitmontop, M
|poke|p2|Crobat, M
|poke|p2|Weavile, M
|poke|p2|Kingdra, F
|poke|p2|Magneton
|poke|p2|Swampert, F
|teampreview
|callback|decision
|
|start
|switch|p1a: Scary I Guess|Chandelure, F|261\/261
|switch|p2a: Crobat|Crobat, M|311\/311
|turn|1
|callback|decision
|
|move|p1a: Scary I Guess|Hidden Power|p2a: Crobat
|-supereffective|p2a: Crobat
|-damage|p2a: Crobat|87\/311
|move|p2a: Crobat|U-turn|p1a: Scary I Guess
|-resisted|p1a: Scary I Guess
|-damage|p1a: Scary I Guess|232\/261
|callback|decision
|
|switch|p2a: Swampert|Swampert, F|403\/403
|
|turn|2
|callback|decision
|
|switch|p1a: Fire Hydrant|Blastoise, M, shiny|362\/362
|move|p2a: Swampert|Stealth Rock|p1a: Fire Hydrant
|-sidestart|p1: Chunk Norris|move: Stealth Rock
|
|turn|3
|callback|decision
|
|switch|p2a: Magneton|Magneton|242\/242
|move|p1a: Fire Hydrant|Rapid Spin|p2a: Magneton
|-resisted|p2a: Magneton
|-damage|p2a: Magneton|235\/242
|-sideend|p1: Chunk Norris|Stealth Rock|[from] move: Rapid Spin|[of] p1a: Fire Hydrant
|
|turn|4
|callback|decision
|
|switch|p2a: Kingdra|Kingdra, F|291\/291
|switch|p1a: Use Grass|Swampert, F|404\/404
|
|turn|5
|callback|decision
|
|move|p2a: Kingdra|Rain Dance|p2a: Kingdra
|-weather|RainDance
|move|p1a: Use Grass|Toxic|p2a: Kingdra
|-status|p2a: Kingdra|tox
|
|-weather|RainDance|[upkeep]
|-damage|p2a: Kingdra|273\/291 tox|[from] psn
|turn|6
|callback|decision
|
|move|p2a: Kingdra|Hydro Pump|p1a: Use Grass
|-crit|p1a: Use Grass
|-damage|p1a: Use Grass|0 fnt
|-damage|p2a: Kingdra|244\/291 tox|[from] item: Life Orb
|faint|p1a: Use Grass
|
|-weather|RainDance|[upkeep]
|-damage|p2a: Kingdra|208\/291 tox|[from] psn
|callback|decision
|
|switch|p1a: Crater Face|Cresselia, F|444\/444
|turn|7
|callback|decision
|
|switch|p2a: Swampert|Swampert, F|403\/403
|move|p1a: Crater Face|Light Screen|p1a: Crater Face
|-sidestart|p1: Chunk Norris|move: Light Screen
|
|-weather|RainDance|[upkeep]
|turn|8
|callback|decision
|
|switch|p1a: Trained Orgg|Machamp, F|384\/384
|move|p2a: Swampert|Scald|p1a: Trained Orgg
|-damage|p1a: Trained Orgg|312\/384
|
|-weather|RainDance|[upkeep]
|turn|9
|callback|decision
|
|switch|p2a: Hitmontop|Hitmontop, M|304\/304
|-ability|p2a: Hitmontop|Intimidate|[of] p1a: Trained Orgg
|-unboost|p1a: Trained Orgg|atk|1
|move|p1a: Trained Orgg|DynamicPunch|p2a: Hitmontop
|-damage|p2a: Hitmontop|150\/304
|-start|p2a: Hitmontop|confusion
|
|-weather|none
|-heal|p2a: Hitmontop|169\/304|[from] item: Leftovers
|turn|10
|callback|decision
|
|switch|p2a: Swampert|Swampert, F|403\/403
|switch|p1a: Crater Face|Cresselia, F|444\/444
|
|turn|11
|callback|decision
|
|switch|p1a: Trained Orgg|Machamp, F|312\/384
|move|p2a: Swampert|Stealth Rock|p1a: Trained Orgg
|-sidestart|p1: Chunk Norris|move: Stealth Rock
|
|turn|12
|callback|decision
|
|switch|p2a: Hitmontop|Hitmontop, M|169\/304
|-ability|p2a: Hitmontop|Intimidate|[of] p1a: Trained Orgg
|-unboost|p1a: Trained Orgg|atk|1
|move|p1a: Trained Orgg|DynamicPunch|p2a: Hitmontop
|-damage|p2a: Hitmontop|16\/304
|-start|p2a: Hitmontop|confusion
|
|-heal|p2a: Hitmontop|35\/304|[from] item: Leftovers
|turn|13
|callback|decision
|
|-activate|p2a: Hitmontop|confusion
|-damage|p2a: Hitmontop|12\/304|[from] confusion
|move|p1a: Trained Orgg|DynamicPunch|p2a: Hitmontop
|-damage|p2a: Hitmontop|0 fnt
|faint|p2a: Hitmontop
|
|callback|decision
|
|switch|p2a: Crobat|Crobat, M|87\/311
|turn|14
|callback|decision
|
|switch|p1a: Fire Hydrant|Blastoise, M, shiny|362\/362
|-damage|p1a: Fire Hydrant|317\/362|[from] Stealth Rock
|move|p2a: Crobat|Brave Bird|p1a: Fire Hydrant
|-damage|p1a: Fire Hydrant|56\/362
|-damage|p2a: Crobat|1\/311|[from] recoil|[of] p1a: Fire Hydrant
|
|-heal|p1a: Fire Hydrant|78\/362|[from] item: Leftovers
|-sideend|p1: Chunk Norris|move: Light Screen
|turn|15
|callback|decision
|
|switch|p1a: CrossYourPath|Umbreon, M, shiny|394\/394
|-damage|p1a: CrossYourPath|345\/394|[from] Stealth Rock
|move|p2a: Crobat|Brave Bird|p1a: CrossYourPath
|-damage|p1a: CrossYourPath|134\/394
|-damage|p2a: Crobat|0 fnt|[from] recoil|[of] p1a: CrossYourPath
|faint|p2a: Crobat
|
|-heal|p1a: CrossYourPath|158\/394|[from] item: Leftovers
|callback|decision
|
|switch|p2a: Swampert|Swampert, F|403\/403
|turn|16
|callback|decision
|
|move|p1a: CrossYourPath|Wish|p1a: CrossYourPath
|move|p2a: Swampert|Earthquake|p1a: CrossYourPath
|-damage|p1a: CrossYourPath|40\/394
|
|-heal|p1a: CrossYourPath|64\/394|[from] item: Leftovers
|turn|17
|callback|decision
|
|switch|p2a: Weavile|Weavile, M|281\/281
|-ability|p2a: Weavile|Pressure
|move|p1a: CrossYourPath|Protect|p1a: CrossYourPath
|-fail|p1a: CrossYourPath
|
|-heal|p1a: CrossYourPath|261\/394|[from] move: Wish|[wisher] CrossYourPath
|-heal|p1a: CrossYourPath|285\/394|[from] item: Leftovers
|turn|18
|callback|decision
|
|switch|p2a: Magneton|Magneton|235\/242
|move|p1a: CrossYourPath|Protect|p1a: CrossYourPath
|-fail|p1a: CrossYourPath
|
|-heal|p1a: CrossYourPath|309\/394|[from] item: Leftovers
|turn|19
|callback|decision
|
|switch|p1a: Crater Face|Cresselia, F|444\/444
|-damage|p1a: Crater Face|389\/444|[from] Stealth Rock
|move|p2a: Magneton|Thunderbolt|p1a: Crater Face
|-damage|p1a: Crater Face|248\/444
|
|turn|20
|callback|decision
|
|switch|p2a: Weavile|Weavile, M|281\/281
|-ability|p2a: Weavile|Pressure
|move|p1a: Crater Face|Light Screen|p1a: Crater Face
|-sidestart|p1: Chunk Norris|move: Light Screen
|
|turn|21
|callback|decision
|
|move|p2a: Weavile|Night Slash|p1a: Crater Face
|-supereffective|p1a: Crater Face
|-damage|p1a: Crater Face|45\/444
|-damage|p2a: Weavile|253\/281|[from] item: Life Orb
|move|p1a: Crater Face|Reflect|p1a: Crater Face
|-sidestart|p1: Chunk Norris|Reflect
|
|turn|22
|callback|decision
|
|move|p2a: Weavile|Night Slash|p1a: Crater Face
|-supereffective|p1a: Crater Face
|-damage|p1a: Crater Face|0 fnt
|-damage|p2a: Weavile|225\/281|[from] item: Life Orb
|faint|p1a: Crater Face
|
|callback|decision
|
|switch|p1a: Trained Orgg|Machamp, F|312\/384
|-damage|p1a: Trained Orgg|288\/384|[from] Stealth Rock
|turn|23
|callback|decision
|
|switch|p2a: Swampert|Swampert, F|403\/403
|move|p1a: Trained Orgg|DynamicPunch|p2a: Swampert
|-damage|p2a: Swampert|150\/403
|-start|p2a: Swampert|confusion
|
|-heal|p2a: Swampert|175\/403|[from] item: Leftovers
|turn|24
|callback|decision
|
|move|p1a: Trained Orgg|DynamicPunch|p2a: Swampert
|-damage|p2a: Swampert|0 fnt
|faint|p2a: Swampert
|
|callback|decision
|
|switch|p2a: Kingdra|Kingdra, F|208\/291 tox
|turn|25
|callback|decision
|
|move|p2a: Kingdra|Draco Meteor|p1a: Trained Orgg
|-damage|p1a: Trained Orgg|111\/384
|-unboost|p2a: Kingdra|spa|2
|-damage|p2a: Kingdra|179\/291 tox|[from] item: Life Orb
|move|p1a: Trained Orgg|DynamicPunch|p2a: Kingdra
|-damage|p2a: Kingdra|0 fnt
|faint|p2a: Kingdra
|
|callback|decision
|
|switch|p2a: Magneton|Magneton|235\/242
|turn|26
|callback|decision
|
|move|p2a: Magneton|Thunderbolt|p1a: Trained Orgg
|-damage|p1a: Trained Orgg|18\/384
|move|p1a: Trained Orgg|DynamicPunch|p2a: Magneton
|-supereffective|p2a: Magneton
|-damage|p2a: Magneton|0 fnt
|faint|p2a: Magneton
|
|callback|decision
|
|switch|p2a: Weavile|Weavile, M|225\/281
|-ability|p2a: Weavile|Pressure
|turn|27
|callback|decision
|
|move|p2a: Weavile|Ice Punch|p1a: Trained Orgg
|-damage|p1a: Trained Orgg|0 fnt
|-damage|p2a: Weavile|197\/281|[from] item: Life Orb
|faint|p1a: Trained Orgg
|
|-sideend|p1: Chunk Norris|move: Light Screen
|callback|decision
|
|switch|p1a: Scary I Guess|Chandelure, F|232\/261
|-damage|p1a: Scary I Guess|167\/261|[from] Stealth Rock
|turn|28
|callback|decision
|
|move|p1a: Scary I Guess|Hidden Power|p2a: Weavile
|-supereffective|p2a: Weavile
|-damage|p2a: Weavile|0 fnt
|faint|p2a: Weavile
|
|win|Chunk Norris
|raw|Ladder updating...
|raw|Chunk Norris's rating: 1822 &rarr; <strong>1834<\/strong><br \/>(+12 for winning)
|raw|Xiba's rating: 1715 &rarr; <strong>1713<\/strong><br \/>(-2 for losing)
|chat|Chunk Norris|gg
|chat|Xiba|gg
|chat|Xiba|I hate machamp
|chat|Chunk Norris|Lol
|leave|Xiba
|player|p2