|join|Mr. Rothamel
|join|FlameChargeBeam
|player|p1|Mr. Rothamel|277
|player|p2|FlameChargeBeam|241
|gametype|singles
|tier|UU
|rated
|rule|Sleep Clause Mod: Limit one foe put to sleep
|rule|Species Clause: Limit one of each Pokemon
|rule|OHKO Clause: OHKO moves are banned
|rule|Moody Clause: Moody is banned
|rule|Evasion Moves Clause: Evasion moves are banned
|rule|HP Percentage Mod: HP is reported as percentages
|rule|Evasion Abilities Clause: Evasion abilities are banned
|clearpoke
|poke|p1|Amoonguss, F
|poke|p1|Hitmonlee, M
|poke|p1|Suicune, shiny
|poke|p1|Flygon, M
|poke|p1|Rotom-Mow
|poke|p1|Mew
|poke|p2|Rotom-Heat, shiny
|poke|p2|Snorlax, M, shiny
|poke|p2|Meloetta, shiny
|poke|p2|Ninjask, M, shiny
|poke|p2|Durant, M, shiny
|poke|p2|Flygon, M, shiny
|teampreview
|callback|decision
|
|start
|switch|p1a: Tuc|Rotom-Mow|242\/242
|switch|p2a: Ninjask|Ninjask, M, shiny|326\/326
|turn|1
|callback|decision
|
|move|p2a: Ninjask|Protect|p2a: Ninjask
|-singleturn|p2a: Ninjask|Protect
|move|p1a: Tuc|Hidden Power|p2a: Ninjask
|-activate|p2a: Ninjask|Protect
|
|-boost|p2a: Ninjask|spe|1|[from] ability: Speed Boost
|turn|2
|callback|decision
|
|move|p2a: Ninjask|Substitute|p2a: Ninjask
|-start|p2a: Ninjask|Substitute
|-damage|p2a: Ninjask|245\/326
|move|p1a: Tuc|Hidden Power|p2a: Ninjask
|-supereffective|p2a: Ninjask
|-end|p2a: Ninjask|Substitute
|
|-heal|p2a: Ninjask|265\/326|[from] item: Leftovers
|-boost|p2a: Ninjask|spe|1|[from] ability: Speed Boost
|turn|3
|callback|decision
|
|switch|p1a: Joe|Suicune, shiny|404\/404
|-ability|p1a: Joe|Pressure
|move|p2a: Ninjask|Protect|p2a: Ninjask
|-fail|p2a: Ninjask
|
|-heal|p2a: Ninjask|285\/326|[from] item: Leftovers
|-boost|p2a: Ninjask|spe|1|[from] ability: Speed Boost
|turn|4
|callback|decision
|
|move|p2a: Ninjask|Substitute|p2a: Ninjask
|-start|p2a: Ninjask|Substitute
|-damage|p2a: Ninjask|204\/326
|move|p1a: Joe|Roar|p2a: Ninjask
|drag|p2a: Rotom-Heat|Rotom-Heat, shiny|283\/283
|
|turn|5
|callback|decision
|chat|FlameChargeBeam|:(
|
|switch|p1a: Based Gon|Flygon, M|302\/302
|move|p2a: Rotom-Heat|Discharge|p1a: Based Gon
|-immune|p1a: Based Gon|[msg]
|
|turn|6
|callback|decision
|
|switch|p2a: Ninjask|Ninjask, M, shiny|204\/326
|move|p1a: Based Gon|Draco Meteor|p2a: Ninjask
|-damage|p2a: Ninjask|0 fnt
|-unboost|p1a: Based Gon|spa|2
|-damage|p1a: Based Gon|272\/302|[from] item: Life Orb
|faint|p2a: Ninjask
|
|callback|decision
|
|switch|p2a: Durant|Durant, M, shiny|258\/258
|turn|7
|callback|decision
|
|move|p1a: Based Gon|Fire Blast|p2a: Durant
|-supereffective|p2a: Durant
|-damage|p2a: Durant|0 fnt
|-damage|p1a: Based Gon|242\/302|[from] item: Life Orb
|faint|p2a: Durant
|
|callback|decision
|chat|FlameChargeBeam|ouch
|
|switch|p2a: Meloetta|Meloetta, shiny|342\/342
|turn|8
|callback|decision
|
|switch|p1a: Stevie Wonder|Mew|342\/342
|move|p2a: Meloetta|Calm Mind|p2a: Meloetta
|-boost|p2a: Meloetta|spa|1
|-boost|p2a: Meloetta|spd|1
|
|turn|9
|callback|decision
|
|move|p1a: Stevie Wonder|Stealth Rock|p2a: Meloetta
|-sidestart|p2: FlameChargeBeam|move: Stealth Rock
|move|p2a: Meloetta|Shadow Ball|p1a: Stevie Wonder
|-supereffective|p1a: Stevie Wonder
|-damage|p1a: Stevie Wonder|18\/342
|
|-heal|p1a: Stevie Wonder|39\/342|[from] item: Leftovers
|turn|10
|callback|decision
|
|move|p1a: Stevie Wonder|U-turn|p2a: Meloetta
|-supereffective|p2a: Meloetta
|-damage|p2a: Meloetta|222\/342
|callback|decision
|
|switch|p1a: 71|Hitmonlee, M|242\/242
|move|p2a: Meloetta|Calm Mind|p2a: Meloetta
|-boost|p2a: Meloetta|spa|1
|-boost|p2a: Meloetta|spd|1
|
|-heal|p2a: Meloetta|243\/342|[from] item: Leftovers
|turn|11
|callback|decision
|
|move|p1a: 71|Fake Out|p2a: Meloetta
|-enditem|p1a: 71|Normal Gem|[from] gem|[move] Fake Out
|-damage|p2a: Meloetta|150\/342
|cant|p2a: Meloetta|flinch
|
|-heal|p2a: Meloetta|171\/342|[from] item: Leftovers
|turn|12
|callback|decision
|
|move|p1a: 71|Hi Jump Kick|p2a: Meloetta
|-damage|p2a: Meloetta|0 fnt
|faint|p2a: Meloetta
|
|callback|decision
|
|switch|p2a: Flygon|Flygon, M, shiny|302\/302
|-damage|p2a: Flygon|284\/302|[from] Stealth Rock
|turn|13
|callback|decision
|
|move|p1a: 71|Hi Jump Kick|p2a: Flygon
|-damage|p2a: Flygon|2\/302
|move|p2a: Flygon|Fire Punch|p1a: 71
|-damage|p1a: 71|103\/242
|
|-heal|p2a: Flygon|20\/302|[from] item: Leftovers
|turn|14
|callback|decision
|
|move|p1a: 71|Hi Jump Kick|p2a: Flygon
|-damage|p2a: Flygon|0 fnt
|faint|p2a: Flygon
|
|callback|decision
|
|switch|p2a: Rotom-Heat|Rotom-Heat, shiny|283\/283
|-damage|p2a: Rotom-Heat|213\/283|[from] Stealth Rock
|turn|15
|callback|decision
|
|move|p1a: 71|Stone Edge|p2a: Rotom-Heat
|-supereffective|p2a: Rotom-Heat
|-damage|p2a: Rotom-Heat|0 fnt
|faint|p2a: Rotom-Heat
|
|callback|decision
|
|switch|p2a: Snorlax|Snorlax, M, shiny|524\/524
|-damage|p2a: Snorlax|459\/524|[from] Stealth Rock
|turn|16
|callback|decision
|
|move|p1a: 71|Hi Jump Kick|p2a: Snorlax
|-supereffective|p2a: Snorlax
|-damage|p2a: Snorlax|0 fnt
|faint|p2a: Snorlax
|
|win|Mr. Rothamel
|raw|Ladder updating...
|raw|Mr. Rothamel's rating: 1553 &rarr; <strong>1571<\/strong><br \/>(+18 for winning)
|raw|FlameChargeBeam's rating: 1007 &rarr; <strong>1006<\/strong><br \/>(-1 for losing)
|chat|FlameChargeBeam|gg...
|leave|Mr. Rothamel
|player|p1