|join|ROCKVENT
|join|UltimateRunner14
|player|p1|ROCKVENT|164
|player|p2|UltimateRunner14|162
|gametype|singles
|tier|UU
|rated
|rule|Sleep Clause Mod: Limit one foe put to sleep
|rule|Species Clause: Limit one of each Pokemon
|rule|OHKO Clause: OHKO moves are banned
|rule|Moody Clause: Moody is banned
|rule|Evasion Moves Clause: Evasion moves are banned
|rule|HP Percentage Mod: HP is reported as percentages
|rule|Evasion Abilities Clause: Evasion abilities are banned
|clearpoke
|poke|p1|Sharpedo, F
|poke|p1|Porygon-Z
|poke|p1|Mienshao, M
|poke|p1|Kingdra, M
|poke|p1|Meloetta
|poke|p1|Hitmontop, M
|poke|p2|Ambipom, F
|poke|p2|Swampert, F
|poke|p2|Chandelure, F
|poke|p2|Blastoise, F
|poke|p2|Snorlax, F
|poke|p2|Heracross, M
|teampreview
|callback|decision
|
|start
|switch|p1a: Mienshao|Mienshao, M|270\/270
|switch|p2a: Handbipom|Ambipom, F|292\/292
|turn|1
|callback|decision
|
|switch|p1a: Hitmontop|Hitmontop, M|304\/304
|-ability|p1a: Hitmontop|Intimidate|[of] p2a: Handbipom
|-unboost|p2a: Handbipom|atk|1
|move|p2a: Handbipom|Fake Out|p1a: Hitmontop
|-damage|p1a: Hitmontop|238\/304
|-damage|p2a: Handbipom|263\/292|[from] item: Life Orb
|
|-heal|p1a: Hitmontop|257\/304|[from] item: Leftovers
|turn|2
|callback|decision
|join|tresius
|
|switch|p2a: Chandler|Chandelure, F|262\/262
|move|p1a: Hitmontop|Toxic|p2a: Chandler
|-status|p2a: Chandler|tox
|
|-heal|p1a: Hitmontop|276\/304|[from] item: Leftovers
|-damage|p2a: Chandler|246\/262 tox|[from] psn
|turn|3
|callback|decision
|leave|tresius
|
|switch|p1a: Meloetta|Meloetta|404\/404
|move|p2a: Chandler|Fire Blast|p1a: Meloetta
|-damage|p1a: Meloetta|265\/404
|
|-heal|p1a: Meloetta|290\/404|[from] item: Leftovers
|-damage|p2a: Chandler|214\/262 tox|[from] psn
|turn|4
|callback|decision
|
|switch|p2a: Sheldon|Blastoise, F|362\/362
|move|p1a: Meloetta|Calm Mind|p1a: Meloetta
|-boost|p1a: Meloetta|spa|1
|-boost|p1a: Meloetta|spd|1
|
|-heal|p1a: Meloetta|315\/404|[from] item: Leftovers
|turn|5
|callback|decision
|
|move|p1a: Meloetta|Thunderbolt|p2a: Sheldon
|-supereffective|p2a: Sheldon
|-damage|p2a: Sheldon|86\/362
|move|p2a: Sheldon|Roar|p1a: Meloetta
|drag|p1a: Porygon-Z|Porygon-Z|311\/311
|
|-heal|p2a: Sheldon|108\/362|[from] item: Leftovers
|turn|6
|callback|decision
|
|switch|p2a: GOD|Snorlax, F|508\/508
|move|p1a: Porygon-Z|Tri Attack|p2a: GOD
|-damage|p2a: GOD|366\/508
|-status|p2a: GOD|frz
|
|-heal|p2a: GOD|397\/508 frz|[from] item: Leftovers
|turn|7
|callback|decision
|
|switch|p1a: Meloetta|Meloetta|315\/404
|-curestatus|p2a: GOD|frz
|move|p2a: GOD|Curse|p2a: GOD
|-boost|p2a: GOD|atk|1
|-boost|p2a: GOD|def|1
|-unboost|p2a: GOD|spe|1
|
|-heal|p1a: Meloetta|340\/404|[from] item: Leftovers
|-heal|p2a: GOD|428\/508|[from] item: Leftovers
|turn|8
|callback|decision
|
|switch|p1a: Mienshao|Mienshao, M|270\/270
|move|p2a: GOD|Body Slam|p1a: Mienshao
|-damage|p1a: Mienshao|32\/270
|
|-heal|p2a: GOD|459\/508|[from] item: Leftovers
|turn|9
|callback|decision
|
|switch|p2a: Chandler|Chandelure, F|214\/262 tox
|move|p1a: Mienshao|U-turn|p2a: Chandler
|-resisted|p2a: Chandler
|-damage|p2a: Chandler|194\/262 tox
|callback|decision
|
|switch|p1a: Meloetta|Meloetta|340\/404
|
|-heal|p1a: Meloetta|365\/404|[from] item: Leftovers
|-damage|p2a: Chandler|178\/262 tox|[from] psn
|turn|10
|callback|decision
|
|move|p2a: Chandler|Trick|p1a: Meloetta
|-activate|p2a: Chandler|move: Trick|[of] p1a: Meloetta
|-item|p1a: Meloetta|Choice Scarf|[from] move: Trick
|-item|p2a: Chandler|Leftovers|[from] move: Trick
|move|p1a: Meloetta|Substitute|p1a: Meloetta
|-start|p1a: Meloetta|Substitute
|-damage|p1a: Meloetta|264\/404
|
|-heal|p2a: Chandler|194\/262 tox|[from] item: Leftovers
|-damage|p2a: Chandler|162\/262 tox|[from] psn
|turn|11
|callback|decision
|
|switch|p1a: Kingdra|Kingdra, M|354\/354
|switch|p2a: Swagpert|Swampert, F|401\/401
|
|turn|12
|callback|decision
|
|move|p1a: Kingdra|Scald|p2a: Swagpert
|-damage|p2a: Swagpert|307\/401
|-status|p2a: Swagpert|brn
|move|p2a: Swagpert|Earthquake|p1a: Kingdra
|-damage|p1a: Kingdra|308\/354
|
|-heal|p1a: Kingdra|330\/354|[from] item: Leftovers
|-heal|p2a: Swagpert|332\/401 brn|[from] item: Leftovers
|-damage|p2a: Swagpert|282\/401 brn|[from] brn
|turn|13
|callback|decision
|
|switch|p1a: Mienshao|Mienshao, M|122\/270
|move|p2a: Swagpert|Toxic|p1a: Mienshao
|-status|p1a: Mienshao|tox
|
|-heal|p2a: Swagpert|307\/401 brn|[from] item: Leftovers
|-damage|p1a: Mienshao|106\/270 tox|[from] psn
|-damage|p2a: Swagpert|257\/401 brn|[from] brn
|turn|14
|callback|decision
|
|switch|p2a: Chandler|Chandelure, F|162\/262 tox
|move|p1a: Mienshao|U-turn|p2a: Chandler
|-resisted|p2a: Chandler
|-damage|p2a: Chandler|138\/262 tox
|callback|decision
|
|switch|p1a: Sharpedo|Sharpedo, F|280\/280
|
|-heal|p2a: Chandler|154\/262 tox|[from] item: Leftovers
|-damage|p2a: Chandler|138\/262 tox|[from] psn
|turn|15
|callback|decision
|
|move|p1a: Sharpedo|Hydro Pump|p2a: Chandler
|-supereffective|p2a: Chandler
|-damage|p2a: Chandler|0 fnt
|faint|p2a: Chandler
|
|-boost|p1a: Sharpedo|spe|1|[from] ability: Speed Boost
|callback|decision
|
|switch|p2a: GOD|Snorlax, F|459\/508
|turn|16
|callback|decision
|
|switch|p1a: Hitmontop|Hitmontop, M|276\/304
|-ability|p1a: Hitmontop|Intimidate|[of] p2a: GOD
|-unboost|p2a: GOD|atk|1
|move|p2a: GOD|Body Slam|p1a: Hitmontop
|-damage|p1a: Hitmontop|213\/304
|-status|p1a: Hitmontop|par
|
|-heal|p2a: GOD|490\/508|[from] item: Leftovers
|-heal|p1a: Hitmontop|232\/304 par|[from] item: Leftovers
|turn|17
|callback|decision
|
|switch|p2a: Hornwallis|Heracross, M|302\/302
|move|p1a: Hitmontop|Toxic|p2a: Hornwallis
|-status|p2a: Hornwallis|tox
|
|-heal|p1a: Hitmontop|251\/304 par|[from] item: Leftovers
|-damage|p2a: Hornwallis|284\/302 tox|[from] psn
|turn|18
|callback|decision
|
|move|p1a: Hitmontop|Sucker Punch|p2a: Hornwallis
|-crit|p2a: Hornwallis
|-resisted|p2a: Hornwallis
|-damage|p2a: Hornwallis|205\/302 tox
|move|p2a: Hornwallis|Close Combat|p1a: Hitmontop
|-damage|p1a: Hitmontop|85\/304 par
|-unboost|p2a: Hornwallis|def|1
|-unboost|p2a: Hornwallis|spd|1
|
|-heal|p1a: Hitmontop|104\/304 par|[from] item: Leftovers
|-damage|p2a: Hornwallis|169\/302 tox|[from] psn
|turn|19
|callback|decision
|
|switch|p2a: GOD|Snorlax, F|490\/508
|cant|p1a: Hitmontop|par
|
|-heal|p2a: GOD|508\/508|[from] item: Leftovers
|-heal|p1a: Hitmontop|123\/304 par|[from] item: Leftovers
|turn|20
|callback|decision
|
|move|p2a: GOD|Curse|p2a: GOD
|-boost|p2a: GOD|atk|1
|-boost|p2a: GOD|def|1
|-unboost|p2a: GOD|spe|1
|move|p1a: Hitmontop|Toxic|p2a: GOD
|-status|p2a: GOD|tox
|
|-heal|p1a: Hitmontop|142\/304 par|[from] item: Leftovers
|-damage|p2a: GOD|477\/508 tox|[from] psn
|turn|21
|callback|decision
|
|move|p2a: GOD|Curse|p2a: GOD
|-boost|p2a: GOD|atk|1
|-boost|p2a: GOD|def|1
|-unboost|p2a: GOD|spe|1
|move|p1a: Hitmontop|Close Combat|p2a: GOD
|-supereffective|p2a: GOD
|-damage|p2a: GOD|321\/508 tox
|-unboost|p1a: Hitmontop|def|1
|-unboost|p1a: Hitmontop|spd|1
|
|-heal|p2a: GOD|352\/508 tox|[from] item: Leftovers
|-heal|p1a: Hitmontop|161\/304 par|[from] item: Leftovers
|-damage|p2a: GOD|290\/508 tox|[from] psn
|turn|22
|callback|decision
|
|move|p2a: GOD|Body Slam|p1a: Hitmontop
|-damage|p1a: Hitmontop|0 fnt
|faint|p1a: Hitmontop
|
|-heal|p2a: GOD|321\/508 tox|[from] item: Leftovers
|-damage|p2a: GOD|228\/508 tox|[from] psn
|callback|decision
|
|switch|p1a: Porygon-Z|Porygon-Z|311\/311
|turn|23
|callback|decision
|
|move|p1a: Porygon-Z|Trick|p2a: GOD
|-activate|p1a: Porygon-Z|move: Trick|[of] p2a: GOD
|-item|p2a: GOD|Choice Scarf|[from] move: Trick
|-item|p1a: Porygon-Z|Leftovers|[from] move: Trick
|move|p2a: GOD|Body Slam|p1a: Porygon-Z
|-damage|p1a: Porygon-Z|1\/311
|
|-heal|p1a: Porygon-Z|20\/311|[from] item: Leftovers
|-damage|p2a: GOD|104\/508 tox|[from] psn
|turn|24
|callback|decision
|
|move|p1a: Porygon-Z|Tri Attack|p2a: GOD
|-damage|p2a: GOD|0 fnt
|faint|p2a: GOD
|
|-heal|p1a: Porygon-Z|39\/311|[from] item: Leftovers
|callback|decision
|
|switch|p2a: Handbipom|Ambipom, F|263\/292
|turn|25
|callback|decision
|
|switch|p1a: Kingdra|Kingdra, M|330\/354
|move|p2a: Handbipom|Fake Out|p1a: Kingdra
|-damage|p1a: Kingdra|239\/354
|-damage|p2a: Handbipom|234\/292|[from] item: Life Orb
|
|-heal|p1a: Kingdra|261\/354|[from] item: Leftovers
|turn|26
|callback|decision
|
|move|p2a: Handbipom|Double Hit|p1a: Kingdra
|-damage|p1a: Kingdra|183\/354
|-damage|p1a: Kingdra|112\/354
|-hitcount|p1a: Kingdra|2
|-damage|p2a: Handbipom|205\/292|[from] item: Life Orb
|move|p1a: Kingdra|Scald|p2a: Handbipom
|-damage|p2a: Handbipom|70\/292
|-status|p2a: Handbipom|brn
|
|-heal|p1a: Kingdra|134\/354|[from] item: Leftovers
|-damage|p2a: Handbipom|34\/292 brn|[from] brn
|turn|27
|callback|decision
|
|move|p2a: Handbipom|Double Hit|p1a: Kingdra
|-damage|p1a: Kingdra|95\/354
|-damage|p1a: Kingdra|59\/354
|-hitcount|p1a: Kingdra|2
|-damage|p2a: Handbipom|5\/292 brn|[from] item: Life Orb
|move|p1a: Kingdra|Rest|p1a: Kingdra
|-status|p1a: Kingdra|slp
|-heal|p1a: Kingdra|354\/354 slp|[silent]
|-status|p1a: Kingdra|slp|[from] move: Rest
|
|-damage|p2a: Handbipom|0 fnt|[from] brn
|faint|p2a: Handbipom
|callback|decision
|
|switch|p2a: Hornwallis|Heracross, M|169\/302 tox
|turn|28
|callback|decision
|
|move|p2a: Hornwallis|Megahorn|p1a: Kingdra
|-damage|p1a: Kingdra|189\/354 slp
|cant|p1a: Kingdra|slp
|move|p1a: Kingdra|Sleep Talk|p1a: Kingdra
|move|p1a: Kingdra|Rest|p1a: Kingdra|[from]Sleep Talk
|-fail|p1a: Kingdra
|
|-heal|p1a: Kingdra|211\/354 slp|[from] item: Leftovers
|-damage|p2a: Hornwallis|151\/302 tox|[from] psn
|turn|29
|callback|decision
|
|move|p2a: Hornwallis|Megahorn|p1a: Kingdra
|-damage|p1a: Kingdra|49\/354 slp
|cant|p1a: Kingdra|slp
|move|p1a: Kingdra|Sleep Talk|p1a: Kingdra
|move|p1a: Kingdra|Rest|p1a: Kingdra|[from]Sleep Talk
|-fail|p1a: Kingdra
|
|-heal|p1a: Kingdra|71\/354 slp|[from] item: Leftovers
|-damage|p2a: Hornwallis|115\/302 tox|[from] psn
|turn|30
|callback|decision
|
|switch|p1a: Porygon-Z|Porygon-Z|39\/311
|move|p2a: Hornwallis|Megahorn|p1a: Porygon-Z
|-damage|p1a: Porygon-Z|0 fnt
|faint|p1a: Porygon-Z
|-boost|p2a: Hornwallis|atk|1|[from] ability: Moxie
|
|-damage|p2a: Hornwallis|61\/302 tox|[from] psn
|callback|decision
|
|switch|p1a: Sharpedo|Sharpedo, F|280\/280
|turn|31
|callback|decision
|
|move|p1a: Sharpedo|Protect|p1a: Sharpedo
|-singleturn|p1a: Sharpedo|Protect
|move|p2a: Hornwallis|Megahorn|p1a: Sharpedo
|-activate|p1a: Sharpedo|Protect
|
|-damage|p2a: Hornwallis|0 fnt|[from] psn
|-boost|p1a: Sharpedo|spe|1|[from] ability: Speed Boost
|faint|p2a: Hornwallis
|callback|decision
|
|switch|p2a: Sheldon|Blastoise, F|108\/362
|turn|32
|callback|decision
|
|move|p1a: Sharpedo|Hydro Pump|p2a: Sheldon
|-resisted|p2a: Sheldon
|-damage|p2a: Sheldon|27\/362
|move|p2a: Sheldon|Scald|p1a: Sharpedo
|-resisted|p1a: Sharpedo
|-damage|p1a: Sharpedo|163\/280
|-status|p1a: Sharpedo|brn
|
|-heal|p2a: Sheldon|49\/362|[from] item: Leftovers
|-damage|p1a: Sharpedo|128\/280 brn|[from] brn
|-boost|p1a: Sharpedo|spe|1|[from] ability: Speed Boost
|turn|33
|callback|decision
|
|switch|p1a: Meloetta|Meloetta|264\/404
|move|p2a: Sheldon|Scald|p1a: Meloetta
|-damage|p1a: Meloetta|185\/404
|
|-heal|p2a: Sheldon|71\/362|[from] item: Leftovers
|turn|34
|callback|decision
|
|move|p1a: Meloetta|Psychic|p2a: Sheldon
|-damage|p2a: Sheldon|0 fnt
|faint|p2a: Sheldon
|
|callback|decision
|
|switch|p2a: Swagpert|Swampert, F|257\/401 brn
|turn|35
|callback|decision
|
|move|p1a: Meloetta|Psychic|p2a: Swagpert
|-damage|p2a: Swagpert|116\/401 brn
|-unboost|p2a: Swagpert|spd|1
|move|p2a: Swagpert|Waterfall|p1a: Meloetta
|-damage|p1a: Meloetta|101\/404
|
|-heal|p2a: Swagpert|141\/401 brn|[from] item: Leftovers
|-damage|p2a: Swagpert|91\/401 brn|[from] brn
|turn|36
|callback|decision
|-message|UltimateRunner14 forfeited.
|
|win|ROCKVENT
|raw|Ladder updating...
|raw|ROCKVENT's rating: 1475 &rarr; <strong>1534<\/strong><br \/>(+59 for winning)
|raw|UltimateRunner14's rating: 1585 &rarr; <strong>1535<\/strong><br \/>(-50 for losing)
|leave|UltimateRunner14
|player|p2