|join|UltimateRunner14
|join|Chanzor
|player|p1|UltimateRunner14|162
|player|p2|Chanzor|17
|gametype|singles
|tier|UU
|rated
|rule|Sleep Clause Mod: Limit one foe put to sleep
|rule|Species Clause: Limit one of each Pokemon
|rule|OHKO Clause: OHKO moves are banned
|rule|Moody Clause: Moody is banned
|rule|Evasion Moves Clause: Evasion moves are banned
|rule|HP Percentage Mod: HP is reported as percentages
|rule|Evasion Abilities Clause: Evasion abilities are banned
|clearpoke
|poke|p1|Mienshao, F
|poke|p1|Ferroseed, M
|poke|p1|Blastoise, M
|poke|p1|Rhyperior, M
|poke|p1|Cofagrigus, M
|poke|p1|Togekiss, M
|poke|p2|Hitmontop, M
|poke|p2|Gallade, M
|poke|p2|Clefable, F, shiny
|poke|p2|Absol, M
|poke|p2|Empoleon, F
|poke|p2|Sableye, F
|teampreview
|callback|decision
|
|start
|switch|p1a: Kitty|Mienshao, F|271\/271
|switch|p2a: Sableye|Sableye, F|304\/304
|turn|1
|callback|decision
|
|switch|p1a: Grenade|Ferroseed, M|292\/292
|move|p2a: Sableye|Will-O-Wisp|p1a: Grenade
|-status|p1a: Grenade|brn
|
|-damage|p1a: Grenade|256\/292 brn|[from] brn
|-activate|p2a: Sableye|item: Flame Orb
|-status|p2a: Sableye|brn
|turn|2
|callback|decision
|
|move|p2a: Sableye|Trick|p1a: Grenade
|-activate|p2a: Sableye|move: Trick|[of] p1a: Grenade
|-item|p1a: Grenade|Flame Orb|[from] move: Trick
|-item|p2a: Sableye|Eviolite|[from] move: Trick
|move|p1a: Grenade|Leech Seed|p2a: Sableye
|-start|p2a: Sableye|move: Leech Seed
|
|-damage|p2a: Sableye|266\/304 brn|[from] Leech Seed|[of] p1a: Grenade
|-heal|p1a: Grenade|292\/292 brn|[silent]
|-damage|p2a: Sableye|228\/304 brn|[from] brn
|-damage|p1a: Grenade|256\/292 brn|[from] brn
|turn|3
|callback|decision
|
|switch|p2a: Empoleon|Empoleon, F|372\/372
|move|p1a: Grenade|Spikes|p2a: Empoleon
|-sidestart|p2: Chanzor|Spikes
|
|-damage|p1a: Grenade|220\/292 brn|[from] brn
|turn|4
|callback|decision
|
|move|p2a: Empoleon|Stealth Rock|p1a: Grenade
|-sidestart|p1: UltimateRunner14|move: Stealth Rock
|move|p1a: Grenade|Leech Seed|p2a: Empoleon
|-start|p2a: Empoleon|move: Leech Seed
|
|-damage|p2a: Empoleon|326\/372|[from] Leech Seed|[of] p1a: Grenade
|-heal|p1a: Grenade|266\/292 brn|[silent]
|-damage|p1a: Grenade|230\/292 brn|[from] brn
|turn|5
|callback|decision
|
|switch|p2a: Hitmontop|Hitmontop, M|304\/304
|-damage|p2a: Hitmontop|266\/304|[from] Spikes
|-ability|p2a: Hitmontop|Intimidate|[of] p1a: Grenade
|-unboost|p1a: Grenade|atk|1
|move|p1a: Grenade|Spikes|p2a: Hitmontop
|-sidestart|p2: Chanzor|Spikes
|
|-heal|p2a: Hitmontop|285\/304|[from] item: Leftovers
|-damage|p1a: Grenade|194\/292 brn|[from] brn
|turn|6
|callback|decision
|
|switch|p1a: Tomb Raider|Cofagrigus, M|319\/319
|-damage|p1a: Tomb Raider|280\/319|[from] Stealth Rock
|move|p2a: Hitmontop|Rapid Spin|p1a: Tomb Raider
|-immune|p1a: Tomb Raider|[msg]
|
|-heal|p2a: Hitmontop|304\/304|[from] item: Leftovers
|-heal|p1a: Tomb Raider|299\/319|[from] item: Leftovers
|turn|7
|callback|decision
|
|move|p2a: Hitmontop|Sucker Punch|p1a: Tomb Raider
|-fail|p1a: Tomb Raider
|move|p1a: Tomb Raider|Trick Room|p1a: Tomb Raider
|-fieldstart|move: Trick Room|[of] p1a: Tomb Raider
|
|-heal|p1a: Tomb Raider|318\/319|[from] item: Leftovers
|turn|8
|callback|decision
|
|move|p1a: Tomb Raider|Nasty Plot|p1a: Tomb Raider
|-boost|p1a: Tomb Raider|spa|2
|move|p2a: Hitmontop|Stone Edge|p1a: Tomb Raider
|-damage|p1a: Tomb Raider|238\/319
|
|-heal|p1a: Tomb Raider|257\/319|[from] item: Leftovers
|turn|9
|callback|decision
|
|switch|p2a: Clefable|Clefable, F, shiny|394\/394
|move|p1a: Tomb Raider|Shadow Ball|p2a: Clefable
|-immune|p2a: Clefable|[msg]
|
|-heal|p1a: Tomb Raider|276\/319|[from] item: Leftovers
|turn|10
|callback|decision
|
|move|p1a: Tomb Raider|Hidden Power|p2a: Clefable
|-supereffective|p2a: Clefable
|-damage|p2a: Clefable|64\/394
|move|p2a: Clefable|Calm Mind|p2a: Clefable
|-boost|p2a: Clefable|spa|1
|-boost|p2a: Clefable|spd|1
|
|-heal|p1a: Tomb Raider|295\/319|[from] item: Leftovers
|-heal|p2a: Clefable|88\/394|[from] item: Leftovers
|turn|11
|callback|decision
|
|switch|p2a: Sableye|Sableye, F|228\/304 brn
|-damage|p2a: Sableye|178\/304 brn|[from] Spikes
|move|p1a: Tomb Raider|Shadow Ball|p2a: Sableye
|-damage|p2a: Sableye|0 fnt
|faint|p2a: Sableye
|
|-heal|p1a: Tomb Raider|314\/319|[from] item: Leftovers
|-fieldend|move: Trick Room
|callback|decision
|
|switch|p2a: Clefable|Clefable, F, shiny|88\/394
|turn|12
|callback|decision
|
|move|p2a: Clefable|Softboiled|p2a: Clefable
|-heal|p2a: Clefable|285\/394
|move|p1a: Tomb Raider|Trick Room|p1a: Tomb Raider
|-fieldstart|move: Trick Room|[of] p1a: Tomb Raider
|
|-heal|p1a: Tomb Raider|319\/319|[from] item: Leftovers
|-heal|p2a: Clefable|309\/394|[from] item: Leftovers
|turn|13
|callback|decision
|
|move|p1a: Tomb Raider|Hidden Power|p2a: Clefable
|-supereffective|p2a: Clefable
|-damage|p2a: Clefable|0 fnt
|faint|p2a: Clefable
|
|callback|decision
|
|switch|p2a: Empoleon|Empoleon, F|326\/372
|-damage|p2a: Empoleon|264\/372|[from] Spikes
|turn|14
|callback|decision
|
|move|p1a: Tomb Raider|Hidden Power|p2a: Empoleon
|-supereffective|p2a: Empoleon
|-damage|p2a: Empoleon|0 fnt
|faint|p2a: Empoleon
|
|callback|decision
|
|switch|p2a: Absol|Absol, M|271\/271
|-damage|p2a: Absol|226\/271|[from] Spikes
|turn|15
|callback|decision
|
|move|p1a: Tomb Raider|Hidden Power|p2a: Absol
|-supereffective|p2a: Absol
|-damage|p2a: Absol|0 fnt
|faint|p2a: Absol
|
|callback|decision
|
|switch|p2a: Gallade|Gallade, M|340\/340
|-damage|p2a: Gallade|284\/340|[from] Spikes
|turn|16
|callback|decision
|
|move|p1a: Tomb Raider|Shadow Ball|p2a: Gallade
|-supereffective|p2a: Gallade
|-damage|p2a: Gallade|0 fnt
|faint|p2a: Gallade
|
|-fieldend|move: Trick Room
|callback|decision
|
|switch|p2a: Hitmontop|Hitmontop, M|304\/304
|-damage|p2a: Hitmontop|254\/304|[from] Spikes
|-ability|p2a: Hitmontop|Intimidate|[of] p1a: Tomb Raider
|-unboost|p1a: Tomb Raider|atk|1
|turn|17
|callback|decision
|
|move|p2a: Hitmontop|Sucker Punch|p1a: Tomb Raider
|-supereffective|p1a: Tomb Raider
|-damage|p1a: Tomb Raider|185\/319
|-ability|p2a: Hitmontop|Mummy|[from] Mummy
|move|p1a: Tomb Raider|Shadow Ball|p2a: Hitmontop
|-damage|p2a: Hitmontop|28\/304
|-unboost|p2a: Hitmontop|spd|1
|
|-heal|p2a: Hitmontop|47\/304|[from] item: Leftovers
|-heal|p1a: Tomb Raider|204\/319|[from] item: Leftovers
|turn|18
|callback|decision
|
|move|p2a: Hitmontop|Stone Edge|p1a: Tomb Raider
|-damage|p1a: Tomb Raider|131\/319
|move|p1a: Tomb Raider|Shadow Ball|p2a: Hitmontop
|-damage|p2a: Hitmontop|0 fnt
|faint|p2a: Hitmontop
|
|win|UltimateRunner14
|raw|Ladder updating...
|raw|UltimateRunner14's rating: 1687 &rarr; <strong>1692<\/strong><br \/>(+5 for winning)
|raw|Chanzor's rating: 1599 &rarr; <strong>1595<\/strong><br \/>(-4 for losing)
|chat|Chanzor|gg
|chat|UltimateRunner14|gg