|join|Androidyumi
|join|UltimateRunner14
|player|p1|Androidyumi|289
|player|p2|UltimateRunner14|162
|gametype|singles
|tier|UU
|rated
|rule|Sleep Clause Mod: Limit one foe put to sleep
|rule|Species Clause: Limit one of each Pokemon
|rule|OHKO Clause: OHKO moves are banned
|rule|Moody Clause: Moody is banned
|rule|Evasion Moves Clause: Evasion moves are banned
|rule|HP Percentage Mod: HP is reported as percentages
|rule|Evasion Abilities Clause: Evasion abilities are banned
|clearpoke
|poke|p1|Slowbro, M
|poke|p1|Mismagius, F
|poke|p1|Bronzong, shiny
|poke|p1|Crobat, F, shiny
|poke|p1|Hitmontop, M
|poke|p1|Porygon-Z
|poke|p2|Ambipom, F
|poke|p2|Gligar, M
|poke|p2|Empoleon, F
|poke|p2|Flygon, M
|poke|p2|Rotom-Heat
|poke|p2|Blastoise, F
|teampreview
|callback|decision
|
|start
|switch|p1a: Hitmontop|Hitmontop, M|288\/288
|switch|p2a: Handbipom|Ambipom, F|292\/292
|-ability|p1a: Hitmontop|Intimidate|[of] p2a: Handbipom
|-unboost|p2a: Handbipom|atk|1
|turn|1
|callback|decision
|
|switch|p1a: Bronzong|Bronzong, shiny|338\/338
|move|p2a: Handbipom|Fake Out|p1a: Bronzong
|-resisted|p1a: Bronzong
|-damage|p1a: Bronzong|311\/338
|
|turn|2
|callback|decision
|
|switch|p2a: Sheldon|Blastoise, F|362\/362
|move|p1a: Bronzong|Light Screen|p1a: Bronzong
|-sidestart|p1: Androidyumi|move: Light Screen
|
|turn|3
|callback|decision
|
|move|p2a: Sheldon|Scald|p1a: Bronzong
|-damage|p1a: Bronzong|283\/338
|move|p1a: Bronzong|Reflect|p1a: Bronzong
|-sidestart|p1: Androidyumi|Reflect
|
|turn|4
|callback|decision
|
|move|p2a: Sheldon|Scald|p1a: Bronzong
|-damage|p1a: Bronzong|255\/338
|move|p1a: Bronzong|Stealth Rock|p2a: Sheldon
|-sidestart|p2: UltimateRunner14|move: Stealth Rock
|
|turn|5
|callback|decision
|
|switch|p1a: Porygon-Z|Porygon-Z|312\/312
|-boost|p1a: Porygon-Z|spa|1|[from] ability: Download
|move|p2a: Sheldon|Scald|p1a: Porygon-Z
|-damage|p1a: Porygon-Z|263\/312
|
|turn|6
|callback|decision
|
|move|p1a: Porygon-Z|Trick|p2a: Sheldon
|-activate|p1a: Porygon-Z|move: Trick|[of] p2a: Sheldon
|-item|p2a: Sheldon|Choice Scarf|[from] move: Trick
|-item|p1a: Porygon-Z|Leftovers|[from] move: Trick
|move|p2a: Sheldon|Roar|p1a: Porygon-Z
|drag|p1a: Hitmontop|Hitmontop, M|288\/288
|-ability|p1a: Hitmontop|Intimidate|[of] p2a: Sheldon
|-unboost|p2a: Sheldon|atk|1
|
|turn|7
|callback|decision
|
|switch|p2a: Baby Gliscor|Gligar, M|334\/334
|-damage|p2a: Baby Gliscor|293\/334|[from] Stealth Rock
|move|p1a: Hitmontop|Close Combat|p2a: Baby Gliscor
|-resisted|p2a: Baby Gliscor
|-damage|p2a: Baby Gliscor|250\/334
|-unboost|p1a: Hitmontop|def|1
|-unboost|p1a: Hitmontop|spd|1
|
|turn|8
|callback|decision
|
|switch|p1a: Porygon-Z|Porygon-Z|263\/312
|-boost|p1a: Porygon-Z|spa|1|[from] ability: Download
|move|p2a: Baby Gliscor|U-turn|p1a: Porygon-Z
|-damage|p1a: Porygon-Z|234\/312
|callback|decision
|
|switch|p2a: Sheldon|Blastoise, F|362\/362
|-damage|p2a: Sheldon|317\/362|[from] Stealth Rock
|
|-heal|p1a: Porygon-Z|253\/312|[from] item: Leftovers
|turn|9
|callback|decision
|
|move|p2a: Sheldon|Scald|p1a: Porygon-Z
|-damage|p1a: Porygon-Z|201\/312
|-status|p1a: Porygon-Z|brn
|move|p1a: Porygon-Z|Thunderbolt|p2a: Sheldon
|-crit|p2a: Sheldon
|-supereffective|p2a: Sheldon
|-damage|p2a: Sheldon|0 fnt
|faint|p2a: Sheldon
|
|-heal|p1a: Porygon-Z|220\/312 brn|[from] item: Leftovers
|-damage|p1a: Porygon-Z|181\/312 brn|[from] brn
|-sideend|p1: Androidyumi|move: Light Screen
|callback|decision
|
|switch|p2a: Handbipom|Ambipom, F|292\/292
|-damage|p2a: Handbipom|256\/292|[from] Stealth Rock
|turn|10
|callback|decision
|
|switch|p1a: Bronzong|Bronzong, shiny|255\/338
|move|p2a: Handbipom|Fake Out|p1a: Bronzong
|-resisted|p1a: Bronzong
|-damage|p1a: Bronzong|235\/338
|
|-heal|p2a: Handbipom|274\/292|[from] item: Leftovers
|-sideend|p1: Androidyumi|Reflect
|turn|11
|callback|decision
|
|switch|p2a: Easy Bake|Rotom-Heat|241\/241
|-damage|p2a: Easy Bake|181\/241|[from] Stealth Rock
|move|p1a: Bronzong|Light Screen|p1a: Bronzong
|-sidestart|p1: Androidyumi|move: Light Screen
|
|-heal|p2a: Easy Bake|196\/241|[from] item: Leftovers
|turn|12
|callback|decision
|
|move|p2a: Easy Bake|Will-O-Wisp|p1a: Bronzong
|-status|p1a: Bronzong|brn
|move|p1a: Bronzong|Reflect|p1a: Bronzong
|-sidestart|p1: Androidyumi|Reflect
|
|-heal|p2a: Easy Bake|211\/241|[from] item: Leftovers
|-damage|p1a: Bronzong|193\/338 brn|[from] brn
|turn|13
|callback|decision
|
|switch|p1a: Mismagius|Mismagius, F|262\/262
|move|p2a: Easy Bake|Volt Switch|p1a: Mismagius
|-damage|p1a: Mismagius|213\/262
|callback|decision
|
|switch|p2a: Cody Maverick|Empoleon, F|372\/372
|-damage|p2a: Cody Maverick|349\/372|[from] Stealth Rock
|
|-heal|p1a: Mismagius|229\/262|[from] item: Leftovers
|-heal|p2a: Cody Maverick|372\/372|[from] item: Leftovers
|turn|14
|callback|decision
|
|move|p1a: Mismagius|Thunderbolt|p2a: Cody Maverick
|-supereffective|p2a: Cody Maverick
|-damage|p2a: Cody Maverick|240\/372
|move|p2a: Cody Maverick|Toxic|p1a: Mismagius
|-status|p1a: Mismagius|tox
|
|-heal|p1a: Mismagius|245\/262 tox|[from] item: Leftovers
|-heal|p2a: Cody Maverick|263\/372|[from] item: Leftovers
|-damage|p1a: Mismagius|229\/262 tox|[from] psn
|turn|15
|callback|decision
|
|move|p1a: Mismagius|Nasty Plot|p1a: Mismagius
|-boost|p1a: Mismagius|spa|2
|move|p2a: Cody Maverick|Roar|p1a: Mismagius
|drag|p1a: Hitmontop|Hitmontop, M|288\/288
|-ability|p1a: Hitmontop|Intimidate|[of] p2a: Cody Maverick
|-unboost|p2a: Cody Maverick|atk|1
|
|-heal|p2a: Cody Maverick|286\/372|[from] item: Leftovers
|turn|16
|callback|decision
|
|switch|p2a: Baby Gliscor|Gligar, M|250\/334
|-damage|p2a: Baby Gliscor|209\/334|[from] Stealth Rock
|move|p1a: Hitmontop|Close Combat|p2a: Baby Gliscor
|-resisted|p2a: Baby Gliscor
|-damage|p2a: Baby Gliscor|169\/334
|-unboost|p1a: Hitmontop|def|1
|-unboost|p1a: Hitmontop|spd|1
|
|turn|17
|callback|decision
|
|switch|p1a: Porygon-Z|Porygon-Z|181\/312 brn
|-boost|p1a: Porygon-Z|spa|1|[from] ability: Download
|move|p2a: Baby Gliscor|Roost|p2a: Baby Gliscor
|-heal|p2a: Baby Gliscor|334\/334
|
|-heal|p1a: Porygon-Z|200\/312 brn|[from] item: Leftovers
|-damage|p1a: Porygon-Z|161\/312 brn|[from] brn
|turn|18
|callback|decision
|
|switch|p2a: Cody Maverick|Empoleon, F|286\/372
|-damage|p2a: Cody Maverick|263\/372|[from] Stealth Rock
|move|p1a: Porygon-Z|Recover|p1a: Porygon-Z
|-heal|p1a: Porygon-Z|312\/312 brn
|
|-heal|p2a: Cody Maverick|286\/372|[from] item: Leftovers
|-damage|p1a: Porygon-Z|273\/312 brn|[from] brn
|-sideend|p1: Androidyumi|move: Light Screen
|turn|19
|callback|decision
|
|move|p1a: Porygon-Z|Thunderbolt|p2a: Cody Maverick
|-supereffective|p2a: Cody Maverick
|-damage|p2a: Cody Maverick|6\/372
|move|p2a: Cody Maverick|Scald|p1a: Porygon-Z
|-damage|p1a: Porygon-Z|77\/312 brn
|
|-heal|p1a: Porygon-Z|96\/312 brn|[from] item: Leftovers
|-heal|p2a: Cody Maverick|29\/372|[from] item: Leftovers
|-damage|p1a: Porygon-Z|57\/312 brn|[from] brn
|-sideend|p1: Androidyumi|Reflect
|turn|20
|callback|decision
|
|move|p1a: Porygon-Z|Ice Beam|p2a: Cody Maverick
|-resisted|p2a: Cody Maverick
|-damage|p2a: Cody Maverick|0 fnt
|faint|p2a: Cody Maverick
|
|-heal|p1a: Porygon-Z|76\/312 brn|[from] item: Leftovers
|-damage|p1a: Porygon-Z|37\/312 brn|[from] brn
|callback|decision
|
|switch|p2a: What's up?|Flygon, M|302\/302
|-damage|p2a: What's up?|284\/302|[from] Stealth Rock
|turn|21
|callback|decision
|
|move|p2a: What's up?|U-turn|p1a: Porygon-Z
|-damage|p1a: Porygon-Z|0 fnt
|faint|p1a: Porygon-Z
|callback|decision
|
|switch|p2a: Easy Bake|Rotom-Heat|211\/241
|-damage|p2a: Easy Bake|151\/241|[from] Stealth Rock
|
|-heal|p2a: Easy Bake|166\/241|[from] item: Leftovers
|callback|decision
|
|switch|p1a: Mismagius|Mismagius, F|229\/262 tox
|turn|22
|callback|decision
|
|move|p1a: Mismagius|Shadow Ball|p2a: Easy Bake
|-damage|p2a: Easy Bake|40\/241
|move|p2a: Easy Bake|Pain Split|p1a: Mismagius
|-sethp|p1a: Mismagius|134\/262 tox|p2a: Easy Bake|134\/241|[from] move: Pain Split
|
|-heal|p1a: Mismagius|150\/262 tox|[from] item: Leftovers
|-heal|p2a: Easy Bake|149\/241|[from] item: Leftovers
|-damage|p1a: Mismagius|134\/262 tox|[from] psn
|turn|23
|callback|decision
|
|switch|p2a: What's up?|Flygon, M|284\/302
|-damage|p2a: What's up?|266\/302|[from] Stealth Rock
|move|p1a: Mismagius|Thunderbolt|p2a: What's up?
|-immune|p2a: What's up?|[msg]
|
|-heal|p1a: Mismagius|150\/262 tox|[from] item: Leftovers
|-damage|p1a: Mismagius|118\/262 tox|[from] psn
|turn|24
|callback|decision
|
|switch|p1a: Hitmontop|Hitmontop, M|288\/288
|-ability|p1a: Hitmontop|Intimidate|[of] p2a: What's up?
|-unboost|p2a: What's up?|atk|1
|move|p2a: What's up?|Outrage|p1a: Hitmontop
|-damage|p1a: Hitmontop|176\/288
|
|-heal|p1a: Hitmontop|194\/288|[from] item: Leftovers
|turn|25
|callback|decision
|
|switch|p1a: Slowbro|Slowbro, M|394\/394
|move|p2a: What's up?|Outrage|p1a: Slowbro
|-damage|p1a: Slowbro|310\/394
|
|-heal|p1a: Slowbro|334\/394|[from] item: Leftovers
|turn|26
|callback|decision
|
|move|p2a: What's up?|Outrage|p1a: Slowbro
|-damage|p1a: Slowbro|255\/394
|move|p1a: Slowbro|Scald|p2a: What's up?
|-damage|p2a: What's up?|145\/302
|-status|p2a: What's up?|brn
|
|-end|p2a: What's up?|rampage
|-start|p2a: What's up?|confusion
|-heal|p1a: Slowbro|279\/394|[from] item: Leftovers
|-damage|p2a: What's up?|108\/302 brn|[from] brn
|turn|27
|callback|decision
|
|-activate|p2a: What's up?|confusion
|-damage|p2a: What's up?|92\/302 brn
|move|p1a: Slowbro|Scald|p2a: What's up?
|-damage|p2a: What's up?|0 fnt
|faint|p2a: What's up?
|
|-heal|p1a: Slowbro|303\/394|[from] item: Leftovers
|callback|decision
|
|switch|p2a: Easy Bake|Rotom-Heat|149\/241
|-damage|p2a: Easy Bake|89\/241|[from] Stealth Rock
|turn|28
|callback|decision
|
|switch|p1a: Mismagius|Mismagius, F|118\/262 tox
|move|p2a: Easy Bake|Pain Split|p1a: Mismagius
|-sethp|p1a: Mismagius|103\/262 tox|p2a: Easy Bake|103\/241|[from] move: Pain Split
|
|-heal|p1a: Mismagius|119\/262 tox|[from] item: Leftovers
|-heal|p2a: Easy Bake|118\/241|[from] item: Leftovers
|-damage|p1a: Mismagius|103\/262 tox|[from] psn
|turn|29
|callback|decision
|
|switch|p2a: Handbipom|Ambipom, F|274\/292
|-damage|p2a: Handbipom|238\/292|[from] Stealth Rock
|move|p1a: Mismagius|Shadow Ball|p2a: Handbipom
|-immune|p2a: Handbipom|[msg]
|
|-heal|p2a: Handbipom|256\/292|[from] item: Leftovers
|-heal|p1a: Mismagius|119\/262 tox|[from] item: Leftovers
|-damage|p1a: Mismagius|87\/262 tox|[from] psn
|turn|30
|callback|decision
|
|switch|p2a: Baby Gliscor|Gligar, M|334\/334
|-damage|p2a: Baby Gliscor|293\/334|[from] Stealth Rock
|move|p1a: Mismagius|Thunderbolt|p2a: Baby Gliscor
|-immune|p2a: Baby Gliscor|[msg]
|
|-heal|p1a: Mismagius|103\/262 tox|[from] item: Leftovers
|-damage|p1a: Mismagius|55\/262 tox|[from] psn
|turn|31
|callback|decision
|
|switch|p1a: Bronzong|Bronzong, shiny|193\/338 brn
|move|p2a: Baby Gliscor|Roost|p2a: Baby Gliscor
|-heal|p2a: Baby Gliscor|334\/334
|
|-damage|p1a: Bronzong|151\/338 brn|[from] brn
|turn|32
|callback|decision
|
|move|p2a: Baby Gliscor|Stealth Rock|p1a: Bronzong
|-sidestart|p1: Androidyumi|move: Stealth Rock
|move|p1a: Bronzong|Light Screen|p1a: Bronzong
|-sidestart|p1: Androidyumi|move: Light Screen
|
|-damage|p1a: Bronzong|109\/338 brn|[from] brn
|turn|33
|callback|decision
|
|move|p2a: Baby Gliscor|U-turn|p1a: Bronzong
|-damage|p1a: Bronzong|70\/338 brn
|callback|decision
|
|switch|p2a: Easy Bake|Rotom-Heat|118\/241
|-damage|p2a: Easy Bake|58\/241|[from] Stealth Rock
|move|p1a: Bronzong|Reflect|p1a: Bronzong
|-sidestart|p1: Androidyumi|Reflect
|
|-heal|p2a: Easy Bake|73\/241|[from] item: Leftovers
|-damage|p1a: Bronzong|28\/338 brn|[from] brn
|turn|34
|callback|decision
|
|switch|p1a: Mismagius|Mismagius, F|55\/262 tox
|-damage|p1a: Mismagius|23\/262 tox|[from] Stealth Rock
|move|p2a: Easy Bake|Volt Switch|p1a: Mismagius
|-damage|p1a: Mismagius|0 fnt
|faint|p1a: Mismagius
|callback|decision
|
|switch|p2a: Handbipom|Ambipom, F|256\/292
|-damage|p2a: Handbipom|220\/292|[from] Stealth Rock
|
|-heal|p2a: Handbipom|238\/292|[from] item: Leftovers
|callback|decision
|
|switch|p1a: Hitmontop|Hitmontop, M|194\/288
|-damage|p1a: Hitmontop|176\/288|[from] Stealth Rock
|-ability|p1a: Hitmontop|Intimidate|[of] p2a: Handbipom
|-unboost|p2a: Handbipom|atk|1
|turn|35
|callback|decision
|
|switch|p2a: Baby Gliscor|Gligar, M|334\/334
|-damage|p2a: Baby Gliscor|293\/334|[from] Stealth Rock
|switch|p1a: Bronzong|Bronzong, shiny|28\/338 brn
|-damage|p1a: Bronzong|7\/338 brn|[from] Stealth Rock
|
|-damage|p1a: Bronzong|0 fnt|[from] brn
|faint|p1a: Bronzong
|callback|decision
|
|switch|p1a: Slowbro|Slowbro, M|394\/394
|-damage|p1a: Slowbro|345\/394|[from] Stealth Rock
|turn|36
|callback|decision
|
|switch|p2a: Handbipom|Ambipom, F|238\/292
|-damage|p2a: Handbipom|202\/292|[from] Stealth Rock
|move|p1a: Slowbro|Calm Mind|p1a: Slowbro
|-boost|p1a: Slowbro|spa|1
|-boost|p1a: Slowbro|spd|1
|
|-heal|p2a: Handbipom|220\/292|[from] item: Leftovers
|-heal|p1a: Slowbro|369\/394|[from] item: Leftovers
|turn|37
|callback|decision
|
|move|p2a: Handbipom|Fake Out|p1a: Slowbro
|-damage|p1a: Slowbro|338\/394
|cant|p1a: Slowbro|flinch
|
|-heal|p2a: Handbipom|238\/292|[from] item: Leftovers
|-heal|p1a: Slowbro|362\/394|[from] item: Leftovers
|turn|38
|callback|decision
|
|move|p2a: Handbipom|Last Resort|p1a: Slowbro
|-damage|p1a: Slowbro|293\/394
|move|p1a: Slowbro|Calm Mind|p1a: Slowbro
|-boost|p1a: Slowbro|spa|1
|-boost|p1a: Slowbro|spd|1
|
|-heal|p2a: Handbipom|256\/292|[from] item: Leftovers
|-heal|p1a: Slowbro|317\/394|[from] item: Leftovers
|turn|39
|callback|decision
|
|move|p2a: Handbipom|Last Resort|p1a: Slowbro
|-crit|p1a: Slowbro
|-damage|p1a: Slowbro|22\/394
|move|p1a: Slowbro|Scald|p2a: Handbipom
|-damage|p2a: Handbipom|13\/292
|-status|p2a: Handbipom|brn
|
|-heal|p2a: Handbipom|31\/292 brn|[from] item: Leftovers
|-heal|p1a: Slowbro|46\/394|[from] item: Leftovers
|-damage|p2a: Handbipom|0 fnt|[from] brn
|-sideend|p1: Androidyumi|move: Light Screen
|faint|p2a: Handbipom
|callback|decision
|
|switch|p2a: Easy Bake|Rotom-Heat|73\/241
|-damage|p2a: Easy Bake|13\/241|[from] Stealth Rock
|turn|40
|callback|decision
|
|switch|p1a: Hitmontop|Hitmontop, M|176\/288
|-damage|p1a: Hitmontop|158\/288|[from] Stealth Rock
|-ability|p1a: Hitmontop|Intimidate|[of] p2a: Easy Bake
|-unboost|p2a: Easy Bake|atk|1
|move|p2a: Easy Bake|Volt Switch|p1a: Hitmontop
|-damage|p1a: Hitmontop|71\/288
|callback|decision
|
|switch|p2a: Baby Gliscor|Gligar, M|293\/334
|-damage|p2a: Baby Gliscor|252\/334|[from] Stealth Rock
|
|-heal|p1a: Hitmontop|89\/288|[from] item: Leftovers
|-sideend|p1: Androidyumi|Reflect
|turn|41
|callback|decision
|
|move|p2a: Baby Gliscor|Earthquake|p1a: Hitmontop
|-damage|p1a: Hitmontop|0 fnt
|faint|p1a: Hitmontop
|
|callback|decision
|
|switch|p1a: Slowbro|Slowbro, M|177\/394
|-damage|p1a: Slowbro|128\/394|[from] Stealth Rock
|turn|42
|callback|decision
|
|move|p2a: Baby Gliscor|Earthquake|p1a: Slowbro
|-damage|p1a: Slowbro|68\/394
|move|p1a: Slowbro|Slack Off|p1a: Slowbro
|-heal|p1a: Slowbro|265\/394
|
|-heal|p1a: Slowbro|289\/394|[from] item: Leftovers
|turn|43
|callback|decision
|chat|UltimateRunner14|gg
|-message|UltimateRunner14 forfeited.
|
|win|Androidyumi
|raw|Ladder updating...
|raw|Androidyumi's rating: 1496 &rarr; <strong>1520<\/strong><br \/>(+24 for winning)
|raw|UltimateRunner14's rating: 1585 &rarr; <strong>1548<\/strong><br \/>(-37 for losing)
|leave|UltimateRunner14
|player|p2
|chat|Androidyumi|Gg