|join|UltimateRunner14
|join|graywolfclaw
|player|p1|UltimateRunner14|162
|player|p2|graywolfclaw|281
|gametype|singles
|tier|UU
|rated
|rule|Sleep Clause Mod: Limit one foe put to sleep
|rule|Species Clause: Limit one of each Pokemon
|rule|OHKO Clause: OHKO moves are banned
|rule|Moody Clause: Moody is banned
|rule|Evasion Moves Clause: Evasion moves are banned
|rule|HP Percentage Mod: HP is reported as percentages
|rule|Evasion Abilities Clause: Evasion abilities are banned
|clearpoke
|poke|p1|Mienshao, M
|poke|p1|Ferroseed, M
|poke|p1|Blastoise, F
|poke|p1|Rhyperior, F
|poke|p1|Cofagrigus, F
|poke|p1|Togekiss, F
|poke|p2|Scrafty, F, shiny
|poke|p2|Blastoise, M
|poke|p2|Nidoking, M, shiny
|poke|p2|Mew, shiny
|poke|p2|Hitmontop, M
|poke|p2|Sawsbuck, M
|teampreview
|callback|decision
|
|start
|switch|p1a: Kitty|Mienshao, M|271\/271
|switch|p2a: Mew|Mew, shiny|341\/341
|turn|1
|callback|decision
|
|move|p1a: Kitty|U-turn|p2a: Mew
|-supereffective|p2a: Mew
|-damage|p2a: Mew|189\/341
|callback|decision
|
|switch|p1a: Sheldon|Blastoise, F|362\/362
|move|p2a: Mew|Earthquake|p1a: Sheldon
|-damage|p1a: Sheldon|303\/362
|
|-heal|p1a: Sheldon|325\/362|[from] item: Leftovers
|turn|2
|callback|decision
|
|move|p2a: Mew|Giga Drain|p1a: Sheldon
|-supereffective|p1a: Sheldon
|-damage|p1a: Sheldon|199\/362
|-heal|p2a: Mew|252\/341|[from] drain|[of] p1a: Sheldon
|move|p1a: Sheldon|Scald|p2a: Mew
|-damage|p2a: Mew|174\/341
|
|-heal|p1a: Sheldon|221\/362|[from] item: Leftovers
|turn|3
|callback|decision
|
|switch|p1a: Grenade|Ferroseed, M|292\/292
|move|p2a: Mew|Giga Drain|p1a: Grenade
|-resisted|p1a: Grenade
|-damage|p1a: Grenade|279\/292
|-heal|p2a: Mew|181\/341|[from] drain|[of] p1a: Grenade
|
|turn|4
|callback|decision
|
|move|p1a: Grenade|Protect|p1a: Grenade
|-singleturn|p1a: Grenade|Protect
|move|p2a: Mew|Roost|p2a: Mew
|-heal|p2a: Mew|341\/341
|
|turn|5
|callback|decision
|
|move|p2a: Mew|Earthquake|p1a: Grenade
|-damage|p1a: Grenade|238\/292
|move|p1a: Grenade|Spikes|p2a: Mew
|-sidestart|p2: graywolfclaw|Spikes
|
|turn|6
|callback|decision
|
|switch|p2a: Blastoise|Blastoise, M|334\/334
|-damage|p2a: Blastoise|293\/334|[from] Spikes
|move|p1a: Grenade|Leech Seed|p2a: Blastoise
|-start|p2a: Blastoise|move: Leech Seed
|
|-heal|p2a: Blastoise|313\/334|[from] item: Leftovers
|-damage|p2a: Blastoise|272\/334|[from] Leech Seed|[of] p1a: Grenade
|-heal|p1a: Grenade|279\/292|[silent]
|turn|7
|callback|decision
|
|switch|p1a: Tomb Raider|Cofagrigus, F|319\/319
|move|p2a: Blastoise|Rapid Spin|p1a: Tomb Raider
|-immune|p1a: Tomb Raider|[msg]
|
|-heal|p2a: Blastoise|292\/334|[from] item: Leftovers
|-damage|p2a: Blastoise|251\/334|[from] Leech Seed|[of] p1a: Tomb Raider
|turn|8
|callback|decision
|
|switch|p2a: Scrafty|Scrafty, F, shiny|271\/271
|-damage|p2a: Scrafty|238\/271|[from] Spikes
|move|p1a: Tomb Raider|Trick Room|p1a: Tomb Raider
|-fieldstart|move: Trick Room|[of] p1a: Tomb Raider
|
|turn|9
|callback|decision
|
|move|p1a: Tomb Raider|Nasty Plot|p1a: Tomb Raider
|-boost|p1a: Tomb Raider|spa|2
|move|p2a: Scrafty|Dragon Dance|p2a: Scrafty
|-boost|p2a: Scrafty|atk|1
|-boost|p2a: Scrafty|spe|1
|
|turn|10
|callback|decision
|
|move|p1a: Tomb Raider|Hidden Power|p2a: Scrafty
|-supereffective|p2a: Scrafty
|-damage|p2a: Scrafty|0 fnt
|faint|p2a: Scrafty
|
|callback|decision
|
|switch|p2a: Hitmontop|Hitmontop, M|247\/247
|-damage|p2a: Hitmontop|217\/247|[from] Spikes
|turn|11
|callback|decision
|
|move|p2a: Hitmontop|Sucker Punch|p1a: Tomb Raider
|-supereffective|p1a: Tomb Raider
|-damage|p1a: Tomb Raider|185\/319
|-ability|p2a: Hitmontop|Mummy|[from] Mummy
|move|p1a: Tomb Raider|Shadow Ball|p2a: Hitmontop
|-damage|p2a: Hitmontop|0 fnt
|faint|p2a: Hitmontop
|
|-heal|p1a: Tomb Raider|204\/319|[from] item: Leftovers
|callback|decision
|
|switch|p2a: Blastoise|Blastoise, M|251\/334
|-damage|p2a: Blastoise|210\/334|[from] Spikes
|turn|12
|callback|decision
|
|move|p1a: Tomb Raider|Shadow Ball|p2a: Blastoise
|-damage|p2a: Blastoise|41\/334
|move|p2a: Blastoise|Hydro Pump|p1a: Tomb Raider
|-damage|p1a: Tomb Raider|68\/319
|
|-heal|p1a: Tomb Raider|87\/319|[from] item: Leftovers
|-heal|p2a: Blastoise|61\/334|[from] item: Leftovers
|-fieldend|move: Trick Room
|turn|13
|callback|decision
|
|move|p2a: Blastoise|Hydro Pump|p1a: Tomb Raider
|-crit|p1a: Tomb Raider
|-damage|p1a: Tomb Raider|0 fnt
|faint|p1a: Tomb Raider
|
|-heal|p2a: Blastoise|81\/334|[from] item: Leftovers
|callback|decision
|
|switch|p1a: Scrambled|Togekiss, F|311\/311
|turn|14
|callback|decision
|
|move|p1a: Scrambled|Air Slash|p2a: Blastoise
|-damage|p2a: Blastoise|0 fnt
|faint|p2a: Blastoise
|
|callback|decision
|
|switch|p2a: Nidoking|Nidoking, M, shiny|366\/366
|-damage|p2a: Nidoking|321\/366|[from] Spikes
|turn|15
|callback|decision
|
|switch|p1a: Grenade|Ferroseed, M|279\/292
|move|p2a: Nidoking|Sludge Wave|p1a: Grenade
|-immune|p1a: Grenade|[msg]
|
|turn|16
|callback|decision
|
|move|p2a: Nidoking|Fire Blast|p1a: Grenade
|-supereffective|p1a: Grenade
|-damage|p1a: Grenade|0 fnt
|-damage|p2a: Nidoking|285\/366|[from] item: Life Orb
|faint|p1a: Grenade
|
|callback|decision
|
|switch|p1a: Rhino|Rhyperior, F|433\/433
|turn|17
|callback|decision
|
|move|p2a: Nidoking|Earth Power|p1a: Rhino
|-supereffective|p1a: Rhino
|-damage|p1a: Rhino|215\/433
|-damage|p2a: Nidoking|249\/366|[from] item: Life Orb
|move|p1a: Rhino|Earthquake|p2a: Nidoking
|-supereffective|p2a: Nidoking
|-damage|p2a: Nidoking|0 fnt
|faint|p2a: Nidoking
|
|-heal|p1a: Rhino|242\/433|[from] item: Leftovers
|callback|decision
|
|switch|p2a: Sawsbuck|Sawsbuck, M|323\/323
|-damage|p2a: Sawsbuck|283\/323|[from] Spikes
|turn|18
|callback|decision
|
|move|p2a: Sawsbuck|Swords Dance|p2a: Sawsbuck
|-boost|p2a: Sawsbuck|atk|2
|move|p1a: Rhino|Rock Blast|p2a: Sawsbuck
|-damage|p2a: Sawsbuck|222\/323
|-damage|p2a: Sawsbuck|159\/323
|-crit|p2a: Sawsbuck
|-damage|p2a: Sawsbuck|27\/323
|-damage|p2a: Sawsbuck|0 fnt
|-hitcount|p2a: Sawsbuck|4
|faint|p2a: Sawsbuck
|
|-heal|p1a: Rhino|269\/433|[from] item: Leftovers
|callback|decision
|
|switch|p2a: Mew|Mew, shiny|341\/341
|-damage|p2a: Mew|299\/341|[from] Spikes
|turn|19
|callback|decision
|chat|UltimateRunner14|crit didn't matter
|chat|UltimateRunner14|scarfed mienshao
|
|move|p2a: Mew|Giga Drain|p1a: Rhino
|-supereffective|p1a: Rhino
|-damage|p1a: Rhino|50\/433
|-heal|p2a: Mew|341\/341|[from] drain|[of] p1a: Rhino
|move|p1a: Rhino|Rock Blast|p2a: Mew
|-damage|p2a: Mew|298\/341
|-damage|p2a: Mew|255\/341
|-hitcount|p2a: Mew|2
|
|-heal|p1a: Rhino|77\/433|[from] item: Leftovers
|turn|20
|callback|decision
|chat|graywolfclaw|kooll
|
|move|p2a: Mew|Giga Drain|p1a: Rhino
|-supereffective|p1a: Rhino
|-damage|p1a: Rhino|0 fnt
|-heal|p2a: Mew|294\/341|[from] drain|[of] p1a: Rhino
|faint|p1a: Rhino
|
|callback|decision
|
|switch|p1a: Scrambled|Togekiss, F|311\/311
|turn|21
|callback|decision
|
|move|p2a: Mew|Aura Sphere|p1a: Scrambled
|-damage|p1a: Scrambled|242\/311
|move|p1a: Scrambled|Air Slash|p2a: Mew
|-damage|p2a: Mew|167\/341
|
|-heal|p1a: Scrambled|261\/311|[from] item: Leftovers
|turn|22
|callback|decision
|
|move|p2a: Mew|Roost|p2a: Mew
|-heal|p2a: Mew|338\/341
|move|p1a: Scrambled|Nasty Plot|p1a: Scrambled
|-boost|p1a: Scrambled|spa|2
|
|-heal|p1a: Scrambled|280\/311|[from] item: Leftovers
|turn|23
|callback|decision
|chat|graywolfclaw|gg
|
|move|p2a: Mew|Aura Sphere|p1a: Scrambled
|-damage|p1a: Scrambled|213\/311
|move|p1a: Scrambled|Air Slash|p2a: Mew
|-damage|p2a: Mew|88\/341
|
|-heal|p1a: Scrambled|232\/311|[from] item: Leftovers
|turn|24
|callback|decision
|chat|UltimateRunner14|gg
|
|move|p2a: Mew|Aura Sphere|p1a: Scrambled
|-crit|p1a: Scrambled
|-damage|p1a: Scrambled|78\/311
|move|p1a: Scrambled|Air Slash|p2a: Mew
|-crit|p2a: Mew
|-damage|p2a: Mew|0 fnt
|faint|p2a: Mew
|
|win|UltimateRunner14
|raw|Ladder updating...
|raw|UltimateRunner14's rating: 1696 &rarr; <strong>1697<\/strong><br \/>(+1 for winning)
|raw|graywolfclaw's rating: 1064 &rarr; <strong>1060<\/strong><br \/>(-4 for losing)
|leave|UltimateRunner14
|player|p1