|join|Sunohara
|join|UltimateRunner14
|player|p1|Sunohara|290
|player|p2|UltimateRunner14|162
|gametype|singles
|tier|UU
|rated
|rule|Sleep Clause Mod: Limit one foe put to sleep
|rule|Species Clause: Limit one of each Pokemon
|rule|OHKO Clause: OHKO moves are banned
|rule|Moody Clause: Moody is banned
|rule|Evasion Moves Clause: Evasion moves are banned
|rule|HP Percentage Mod: HP is reported as percentages
|rule|Evasion Abilities Clause: Evasion abilities are banned
|clearpoke
|poke|p1|Bisharp, F
|poke|p1|Crobat, M
|poke|p1|Shaymin
|poke|p1|Rotom-Heat
|poke|p1|Slowbro, F
|poke|p1|Clefable, M
|poke|p2|Rhyperior, F
|poke|p2|Crobat, F
|poke|p2|Heracross, F
|poke|p2|Rotom-Mow
|poke|p2|Empoleon, M
|poke|p2|Blastoise, M
|teampreview
|callback|decision
|
|start
|switch|p1a: Shaymin|Shaymin|341\/341
|switch|p2a: Rhino|Rhyperior, F|433\/433
|turn|1
|callback|decision
|
|switch|p2a: Batman|Crobat, F|311\/311
|move|p1a: Shaymin|Seed Flare|p2a: Batman
|-resisted|p2a: Batman
|-damage|p2a: Batman|260\/311
|
|turn|2
|callback|decision
|
|switch|p1a: Crobat|Crobat, M|355\/355
|move|p2a: Batman|U-turn|p1a: Crobat
|-crit|p1a: Crobat
|-resisted|p1a: Crobat
|-damage|p1a: Crobat|299\/355
|callback|decision
|
|switch|p2a: Rhino|Rhyperior, F|433\/433
|
|-heal|p1a: Crobat|321\/355|[from] item: Leftovers
|turn|3
|callback|decision
|
|move|p1a: Crobat|Taunt|p2a: Rhino
|-start|p2a: Rhino|move: Taunt
|cant|p2a: Rhino|move: Taunt|Stealth Rock
|
|-heal|p1a: Crobat|343\/355|[from] item: Leftovers
|turn|4
|callback|decision
|
|switch|p1a: Shaymin|Shaymin|341\/341
|move|p2a: Rhino|Rock Blast|p1a: Shaymin
|-damage|p1a: Shaymin|296\/341
|-crit|p1a: Shaymin
|-damage|p1a: Shaymin|212\/341
|-damage|p1a: Shaymin|169\/341
|-hitcount|p1a: Shaymin|3
|
|-heal|p1a: Shaymin|190\/341|[from] item: Leftovers
|turn|5
|callback|decision
|
|switch|p2a: Batman|Crobat, F|260\/311
|move|p1a: Shaymin|Leech Seed|p2a: Batman|[miss]
|-miss|p1a: Shaymin|p2a: Batman
|
|-heal|p1a: Shaymin|211\/341|[from] item: Leftovers
|turn|6
|callback|decision
|
|switch|p1a: Rotom-Heat|Rotom-Heat|241\/241
|move|p2a: Batman|Brave Bird|p1a: Rotom-Heat
|-resisted|p1a: Rotom-Heat
|-damage|p1a: Rotom-Heat|130\/241
|-damage|p2a: Batman|223\/311|[from] recoil|[of] p1a: Rotom-Heat
|
|turn|7
|callback|decision
|
|switch|p2a: Rhino|Rhyperior, F|433\/433
|move|p1a: Rotom-Heat|Thunderbolt|p2a: Rhino
|-immune|p2a: Rhino|[msg]
|
|turn|8
|callback|decision
|
|switch|p1a: Shaymin|Shaymin|211\/341
|move|p2a: Rhino|Stealth Rock|p1a: Shaymin
|-sidestart|p1: Sunohara|move: Stealth Rock
|
|-heal|p1a: Shaymin|232\/341|[from] item: Leftovers
|turn|9
|callback|decision
|
|switch|p2a: John Deere|Rotom-Mow|242\/242
|move|p1a: Shaymin|Seed Flare|p2a: John Deere|[miss]
|-miss|p1a: Shaymin|p2a: John Deere
|
|-heal|p1a: Shaymin|253\/341|[from] item: Leftovers
|turn|10
|callback|decision
|
|switch|p1a: Clefable|Clefable, M|394\/394
|move|p2a: John Deere|Volt Switch|p1a: Clefable
|-damage|p1a: Clefable|309\/394
|callback|decision
|
|switch|p2a: HeraBOSS|Heracross, F|301\/301
|
|-heal|p1a: Clefable|333\/394|[from] item: Leftovers
|turn|11
|callback|decision
|
|switch|p1a: Crobat|Crobat, M|343\/355
|-damage|p1a: Crobat|255\/355|[from] Stealth Rock
|move|p2a: HeraBOSS|Stone Edge|p1a: Crobat
|-supereffective|p1a: Crobat
|-damage|p1a: Crobat|0 fnt
|faint|p1a: Crobat
|
|callback|decision
|
|switch|p1a: Bisharp|Bisharp, F|284\/284
|-damage|p1a: Bisharp|267\/284|[from] Stealth Rock
|turn|12
|callback|decision
|
|move|p2a: HeraBOSS|Close Combat|p1a: Bisharp
|-supereffective|p1a: Bisharp
|-damage|p1a: Bisharp|0 fnt
|-unboost|p2a: HeraBOSS|def|1
|-unboost|p2a: HeraBOSS|spd|1
|faint|p1a: Bisharp
|
|callback|decision
|
|switch|p1a: Rotom-Heat|Rotom-Heat|130\/241
|-damage|p1a: Rotom-Heat|70\/241|[from] Stealth Rock
|turn|13
|callback|decision
|
|switch|p2a: Rhino|Rhyperior, F|433\/433
|move|p1a: Rotom-Heat|Overheat|p2a: Rhino
|-resisted|p2a: Rhino
|-damage|p2a: Rhino|318\/433
|-unboost|p1a: Rotom-Heat|spa|2
|
|-heal|p2a: Rhino|345\/433|[from] item: Leftovers
|turn|14
|callback|decision
|
|switch|p1a: Slowbro|Slowbro, F|393\/393
|-damage|p1a: Slowbro|344\/393|[from] Stealth Rock
|switch|p2a: Batman|Crobat, F|223\/311
|
|-heal|p1a: Slowbro|368\/393|[from] item: Leftovers
|turn|15
|callback|decision
|
|move|p2a: Batman|U-turn|p1a: Slowbro
|-supereffective|p1a: Slowbro
|-damage|p1a: Slowbro|232\/393
|callback|decision
|
|switch|p2a: John Deere|Rotom-Mow|242\/242
|move|p1a: Slowbro|Thunder Wave|p2a: John Deere
|-status|p2a: John Deere|par
|
|-heal|p1a: Slowbro|256\/393|[from] item: Leftovers
|turn|16
|callback|decision
|
|switch|p1a: Clefable|Clefable, M|333\/394
|move|p2a: John Deere|Volt Switch|p1a: Clefable
|-damage|p1a: Clefable|255\/394
|callback|decision
|
|switch|p2a: HeraBOSS|Heracross, F|301\/301
|
|-heal|p1a: Clefable|279\/394|[from] item: Leftovers
|turn|17
|callback|decision
|
|move|p1a: Clefable|Protect|p1a: Clefable
|-singleturn|p1a: Clefable|Protect
|move|p2a: HeraBOSS|Close Combat|p1a: Clefable
|-activate|p1a: Clefable|Protect
|
|-heal|p1a: Clefable|303\/394|[from] item: Leftovers
|turn|18
|callback|decision
|
|switch|p1a: Rotom-Heat|Rotom-Heat|70\/241
|-damage|p1a: Rotom-Heat|10\/241|[from] Stealth Rock
|move|p2a: HeraBOSS|Close Combat|p1a: Rotom-Heat
|-crit|p1a: Rotom-Heat
|-damage|p1a: Rotom-Heat|0 fnt
|-unboost|p2a: HeraBOSS|def|1
|-unboost|p2a: HeraBOSS|spd|1
|faint|p1a: Rotom-Heat
|
|callback|decision
|
|switch|p1a: Shaymin|Shaymin|253\/341
|-damage|p1a: Shaymin|211\/341|[from] Stealth Rock
|turn|19
|callback|decision
|
|switch|p2a: Batman|Crobat, F|223\/311
|move|p1a: Shaymin|Psychic|p2a: Batman
|-supereffective|p2a: Batman
|-damage|p2a: Batman|3\/311
|
|-heal|p1a: Shaymin|232\/341|[from] item: Leftovers
|turn|20
|callback|decision
|chat|Sunohara|Dammit, Shaymin.
|chat|Sunohara|You disappoint again.
|
|move|p2a: Batman|U-turn|p1a: Shaymin
|-supereffective|p1a: Shaymin
|-damage|p1a: Shaymin|44\/341
|callback|decision
|
|switch|p2a: Pengy|Empoleon, M|309\/309
|move|p1a: Shaymin|Substitute|p1a: Shaymin
|-fail|p1a: Shaymin|move: Substitute|[weak]
|
|-heal|p1a: Shaymin|65\/341|[from] item: Leftovers
|turn|21
|callback|decision
|
|move|p1a: Shaymin|Seed Flare|p2a: Pengy|[miss]
|-miss|p1a: Shaymin|p2a: Pengy
|move|p2a: Pengy|Ice Beam|p1a: Shaymin
|-supereffective|p1a: Shaymin
|-damage|p1a: Shaymin|0 fnt
|faint|p1a: Shaymin
|
|callback|decision
|
|switch|p1a: Clefable|Clefable, M|303\/394
|turn|22
|callback|decision
|
|switch|p2a: Rhino|Rhyperior, F|345\/433
|move|p1a: Clefable|Stealth Rock|p2a: Rhino
|-sidestart|p2: UltimateRunner14|move: Stealth Rock
|
|-heal|p1a: Clefable|327\/394|[from] item: Leftovers
|-heal|p2a: Rhino|372\/433|[from] item: Leftovers
|turn|23
|callback|decision
|
|move|p1a: Clefable|Seismic Toss|p2a: Rhino
|-damage|p2a: Rhino|272\/433
|move|p2a: Rhino|Earthquake|p1a: Clefable
|-damage|p1a: Clefable|117\/394
|
|-heal|p1a: Clefable|141\/394|[from] item: Leftovers
|-heal|p2a: Rhino|299\/433|[from] item: Leftovers
|turn|24
|callback|decision
|
|switch|p1a: Slowbro|Slowbro, F|387\/393
|-damage|p1a: Slowbro|338\/393|[from] Stealth Rock
|move|p2a: Rhino|Earthquake|p1a: Slowbro
|-damage|p1a: Slowbro|224\/393
|
|-heal|p2a: Rhino|326\/433|[from] item: Leftovers
|-heal|p1a: Slowbro|248\/393|[from] item: Leftovers
|turn|25
|callback|decision
|
|switch|p2a: Sheldon|Blastoise, M|362\/362
|-damage|p2a: Sheldon|317\/362|[from] Stealth Rock
|move|p1a: Slowbro|Scald|p2a: Sheldon
|-crit|p2a: Sheldon
|-resisted|p2a: Sheldon
|-damage|p2a: Sheldon|227\/362
|
|-heal|p2a: Sheldon|249\/362|[from] item: Leftovers
|-heal|p1a: Slowbro|272\/393|[from] item: Leftovers
|turn|26
|callback|decision
|
|move|p2a: Sheldon|Rapid Spin|p1a: Slowbro
|-damage|p1a: Slowbro|264\/393
|-sideend|p2: UltimateRunner14|Stealth Rock|[from] move: Rapid Spin|[of] p2a: Sheldon
|move|p1a: Slowbro|Thunder Wave|p2a: Sheldon
|-status|p2a: Sheldon|par
|
|-heal|p1a: Slowbro|288\/393|[from] item: Leftovers
|-heal|p2a: Sheldon|271\/362 par|[from] item: Leftovers
|turn|27
|callback|decision
|
|move|p1a: Slowbro|Psyshock|p2a: Sheldon
|-damage|p2a: Sheldon|198\/362 par
|move|p2a: Sheldon|Scald|p1a: Slowbro
|-resisted|p1a: Slowbro
|-damage|p1a: Slowbro|243\/393
|-status|p1a: Slowbro|brn
|
|-heal|p1a: Slowbro|267\/393 brn|[from] item: Leftovers
|-heal|p2a: Sheldon|220\/362 par|[from] item: Leftovers
|-damage|p1a: Slowbro|218\/393 brn|[from] brn
|turn|28
|callback|decision
|
|switch|p1a: Clefable|Clefable, M|141\/394
|move|p2a: Sheldon|Scald|p1a: Clefable
|-damage|p1a: Clefable|83\/394
|
|-heal|p1a: Clefable|107\/394|[from] item: Leftovers
|-heal|p2a: Sheldon|242\/362 par|[from] item: Leftovers
|turn|29
|callback|decision
|
|switch|p2a: Rhino|Rhyperior, F|326\/433
|move|p1a: Clefable|Wish|p1a: Clefable
|
|-heal|p1a: Clefable|131\/394|[from] item: Leftovers
|-heal|p2a: Rhino|353\/433|[from] item: Leftovers
|turn|30
|callback|decision
|
|move|p1a: Clefable|Protect|p1a: Clefable
|-singleturn|p1a: Clefable|Protect
|move|p2a: Rhino|Earthquake|p1a: Clefable
|-activate|p1a: Clefable|Protect
|
|-heal|p1a: Clefable|328\/394|[from] move: Wish|[wisher] Clefable
|-heal|p1a: Clefable|352\/394|[from] item: Leftovers
|-heal|p2a: Rhino|380\/433|[from] item: Leftovers
|turn|31
|callback|decision
|
|switch|p1a: Slowbro|Slowbro, F|349\/393 brn
|-damage|p1a: Slowbro|300\/393 brn|[from] Stealth Rock
|move|p2a: Rhino|Earthquake|p1a: Slowbro
|-damage|p1a: Slowbro|186\/393 brn
|
|-heal|p2a: Rhino|407\/433|[from] item: Leftovers
|-heal|p1a: Slowbro|210\/393 brn|[from] item: Leftovers
|-damage|p1a: Slowbro|161\/393 brn|[from] brn
|turn|32
|callback|decision
|
|move|p2a: Rhino|Protect|p2a: Rhino
|-singleturn|p2a: Rhino|Protect
|move|p1a: Slowbro|Scald|p2a: Rhino
|-activate|p2a: Rhino|Protect
|
|-heal|p2a: Rhino|433\/433|[from] item: Leftovers
|-heal|p1a: Slowbro|185\/393 brn|[from] item: Leftovers
|-damage|p1a: Slowbro|136\/393 brn|[from] brn
|turn|33
|callback|decision
|
|switch|p2a: Pengy|Empoleon, M|309\/309
|move|p1a: Slowbro|Slack Off|p1a: Slowbro
|-heal|p1a: Slowbro|333\/393 brn
|
|-heal|p1a: Slowbro|357\/393 brn|[from] item: Leftovers
|-damage|p1a: Slowbro|308\/393 brn|[from] brn
|turn|34
|callback|decision
|
|switch|p2a: John Deere|Rotom-Mow|242\/242 par
|move|p1a: Slowbro|Thunder Wave|p2a: John Deere
|-fail|p2a: John Deere|par
|
|-heal|p1a: Slowbro|332\/393 brn|[from] item: Leftovers
|-damage|p1a: Slowbro|283\/393 brn|[from] brn
|turn|35
|callback|decision
|
|switch|p1a: Clefable|Clefable, M|352\/394
|move|p2a: John Deere|Leaf Storm|p1a: Clefable
|-damage|p1a: Clefable|181\/394
|-unboost|p2a: John Deere|spa|2
|
|-heal|p1a: Clefable|205\/394|[from] item: Leftovers
|turn|36
|callback|decision
|
|switch|p2a: HeraBOSS|Heracross, F|301\/301
|move|p1a: Clefable|Wish|p1a: Clefable
|
|-heal|p1a: Clefable|229\/394|[from] item: Leftovers
|turn|37
|callback|decision
|
|move|p1a: Clefable|Protect|p1a: Clefable
|-singleturn|p1a: Clefable|Protect
|move|p2a: HeraBOSS|Swords Dance|p2a: HeraBOSS
|-boost|p2a: HeraBOSS|atk|2
|
|-heal|p1a: Clefable|394\/394|[from] move: Wish|[wisher] Clefable
|turn|38
|callback|decision
|
|move|p2a: HeraBOSS|Close Combat|p1a: Clefable
|-supereffective|p1a: Clefable
|-damage|p1a: Clefable|0 fnt
|-unboost|p2a: HeraBOSS|def|1
|-unboost|p2a: HeraBOSS|spd|1
|faint|p1a: Clefable
|
|callback|decision
|
|switch|p1a: Slowbro|Slowbro, F|393\/393 brn
|-damage|p1a: Slowbro|344\/393 brn|[from] Stealth Rock
|turn|39
|callback|decision
|
|move|p2a: HeraBOSS|Megahorn|p1a: Slowbro
|-supereffective|p1a: Slowbro
|-damage|p1a: Slowbro|0 fnt
|faint|p1a: Slowbro
|
|win|UltimateRunner14
|raw|Ladder updating...
|raw|Sunohara's rating: 1813 &rarr; <strong>1810<\/strong><br \/>(-3 for losing)
|raw|UltimateRunner14's rating: 1825 &rarr; <strong>1830<\/strong><br \/>(+5 for winning)
|chat|UltimateRunner14|gg
|chat|Sunohara|gg