|join|UltimateRunner14
|join|shunfglol
|player|p1|UltimateRunner14|162
|player|p2|shunfglol|49
|gametype|singles
|tier|UU
|rated
|rule|Sleep Clause Mod: Limit one foe put to sleep
|rule|Species Clause: Limit one of each Pokemon
|rule|OHKO Clause: OHKO moves are banned
|rule|Moody Clause: Moody is banned
|rule|Evasion Moves Clause: Evasion moves are banned
|rule|HP Percentage Mod: HP is reported as percentages
|rule|Evasion Abilities Clause: Evasion abilities are banned
|clearpoke
|poke|p1|Rhyperior, M
|poke|p1|Crobat, M
|poke|p1|Heracross, F
|poke|p1|Rotom-Mow
|poke|p1|Empoleon, F
|poke|p1|Blastoise, M
|poke|p2|Galvantula, M
|poke|p2|Cinccino, F
|poke|p2|Amoonguss, M
|poke|p2|Nidoqueen, F
|poke|p2|Seismitoad, M
|poke|p2|Rotom-Heat
|teampreview
|callback|decision
|
|start
|switch|p1a: Rhino|Rhyperior, M|433\/433
|switch|p2a: Cinccino|Cinccino, F|292\/292
|turn|1
|callback|decision
|
|move|p2a: Cinccino|Bullet Seed|p1a: Rhino
|-supereffective|p1a: Rhino
|-damage|p1a: Rhino|349\/433
|-supereffective|p1a: Rhino
|-damage|p1a: Rhino|268\/433
|-supereffective|p1a: Rhino
|-damage|p1a: Rhino|175\/433
|-crit|p1a: Rhino
|-supereffective|p1a: Rhino
|-damage|p1a: Rhino|0 fnt
|-hitcount|p1a: Rhino|4
|faint|p1a: Rhino
|
|callback|decision
|
|switch|p1a: HeraBOSS|Heracross, F|301\/301
|turn|2
|callback|decision
|
|switch|p2a: Amoonguss|Amoonguss, M|410\/410
|switch|p1a: Pengy|Empoleon, F|309\/309
|
|turn|3
|callback|decision
|
|switch|p1a: Batman|Crobat, M|311\/311
|switch|p2a: Seismitoad|Seismitoad, M|401\/401
|
|turn|4
|callback|decision
|
|move|p1a: Batman|Brave Bird|p2a: Seismitoad
|-damage|p2a: Seismitoad|170\/401
|-damage|p1a: Batman|235\/311|[from] recoil|[of] p2a: Seismitoad
|move|p2a: Seismitoad|Scald|p1a: Batman
|-damage|p1a: Batman|127\/311
|
|-heal|p2a: Seismitoad|195\/401|[from] item: Leftovers
|turn|5
|callback|decision
|
|switch|p2a: Rotom-Heat|Rotom-Heat|242\/242
|move|p1a: Batman|Brave Bird|p2a: Rotom-Heat
|-resisted|p2a: Rotom-Heat
|-damage|p2a: Rotom-Heat|132\/242
|-damage|p1a: Batman|91\/311|[from] recoil|[of] p2a: Rotom-Heat
|
|turn|6
|callback|decision
|
|switch|p1a: Sheldon|Blastoise, M|362\/362
|move|p2a: Rotom-Heat|Overheat|p1a: Sheldon
|-resisted|p1a: Sheldon
|-damage|p1a: Sheldon|247\/362
|-unboost|p2a: Rotom-Heat|spa|2
|
|-heal|p1a: Sheldon|269\/362|[from] item: Leftovers
|turn|7
|callback|decision
|
|switch|p2a: Amoonguss|Amoonguss, M|410\/410
|move|p1a: Sheldon|Scald|p2a: Amoonguss
|-resisted|p2a: Amoonguss
|-damage|p2a: Amoonguss|365\/410
|
|-heal|p1a: Sheldon|291\/362|[from] item: Leftovers
|-heal|p2a: Amoonguss|390\/410|[from] item: Leftovers
|turn|8
|callback|decision
|
|switch|p1a: Batman|Crobat, M|91\/311
|move|p2a: Amoonguss|Toxic|p1a: Batman
|-fail|p1a: Batman
|
|-heal|p2a: Amoonguss|410\/410|[from] item: Leftovers
|turn|9
|callback|decision
|
|move|p1a: Batman|Brave Bird|p2a: Amoonguss
|-supereffective|p2a: Amoonguss
|-damage|p2a: Amoonguss|0 fnt
|-damage|p1a: Batman|0 fnt|[from] recoil|[of] p2a: Amoonguss
|faint|p2a: Amoonguss
|faint|p1a: Batman
|
|callback|decision
|
|switch|p2a: Galvantula|Galvantula, M|282\/282
|switch|p1a: Pengy|Empoleon, F|309\/309
|turn|10
|callback|decision
|
|move|p2a: Galvantula|Thunder|p1a: Pengy
|-supereffective|p1a: Pengy
|-damage|p1a: Pengy|0 fnt
|faint|p1a: Pengy
|
|callback|decision
|
|switch|p1a: HeraBOSS|Heracross, F|301\/301
|turn|11
|callback|decision
|
|switch|p2a: Nidoqueen|Nidoqueen, F|384\/384
|move|p1a: HeraBOSS|Megahorn|p2a: Nidoqueen
|-resisted|p2a: Nidoqueen
|-damage|p2a: Nidoqueen|275\/384
|
|-heal|p2a: Nidoqueen|299\/384|[from] item: Leftovers
|turn|12
|callback|decision
|
|move|p1a: HeraBOSS|Megahorn|p2a: Nidoqueen
|-resisted|p2a: Nidoqueen
|-damage|p2a: Nidoqueen|197\/384
|move|p2a: Nidoqueen|Flamethrower|p1a: HeraBOSS
|-supereffective|p1a: HeraBOSS
|-damage|p1a: HeraBOSS|143\/301
|
|-heal|p1a: HeraBOSS|161\/301|[from] item: Leftovers
|-heal|p2a: Nidoqueen|221\/384|[from] item: Leftovers
|turn|13
|callback|decision
|
|move|p1a: HeraBOSS|Megahorn|p2a: Nidoqueen
|-resisted|p2a: Nidoqueen
|-damage|p2a: Nidoqueen|104\/384
|move|p2a: Nidoqueen|Flamethrower|p1a: HeraBOSS
|-supereffective|p1a: HeraBOSS
|-damage|p1a: HeraBOSS|0 fnt
|faint|p1a: HeraBOSS
|
|-heal|p2a: Nidoqueen|128\/384|[from] item: Leftovers
|callback|decision
|
|switch|p1a: Sheldon|Blastoise, M|291\/362
|turn|14
|callback|decision
|
|move|p1a: Sheldon|Scald|p2a: Nidoqueen
|-supereffective|p2a: Nidoqueen
|-damage|p2a: Nidoqueen|0 fnt
|faint|p2a: Nidoqueen
|
|-heal|p1a: Sheldon|313\/362|[from] item: Leftovers
|callback|decision
|
|switch|p2a: Galvantula|Galvantula, M|282\/282
|turn|15
|callback|decision
|
|switch|p1a: John Deere|Rotom-Mow|242\/242
|move|p2a: Galvantula|Bug Buzz|p1a: John Deere
|-supereffective|p1a: John Deere
|-damage|p1a: John Deere|0 fnt
|faint|p1a: John Deere
|
|callback|decision
|-message|UltimateRunner14 forfeited.
|
|win|shunfglol
|raw|Ladder updating...
|raw|UltimateRunner14's rating: 1818 &rarr; <strong>1812<\/strong><br \/>(-6 for losing)
|raw|shunfglol's rating: 1607 &rarr; <strong>1617<\/strong><br \/>(+10 for winning)
|leave|UltimateRunner14
|player|p1
|leave|shunfglol
|player|p2
|join|shunfglol