|join|UltimateRunner14
|join|LoneCub
|player|p1|UltimateRunner14|162
|player|p2|LoneCub|161
|gametype|singles
|tier|UU
|rated
|rule|Sleep Clause Mod: Limit one foe put to sleep
|rule|Species Clause: Limit one of each Pokemon
|rule|OHKO Clause: OHKO moves are banned
|rule|Moody Clause: Moody is banned
|rule|Evasion Moves Clause: Evasion moves are banned
|rule|HP Percentage Mod: HP is reported as percentages
|rule|Evasion Abilities Clause: Evasion abilities are banned
|clearpoke
|poke|p1|Rhyperior, M
|poke|p1|Crobat, M
|poke|p1|Heracross, M
|poke|p1|Rotom-Mow
|poke|p1|Empoleon, M
|poke|p1|Blastoise, F
|poke|p2|Raikou, shiny
|poke|p2|Gligar, M
|poke|p2|Amoonguss, M
|poke|p2|Krookodile, F
|poke|p2|Nidoqueen, F
|poke|p2|Darmanitan, F
|teampreview
|callback|decision
|
|start
|switch|p1a: John Deere|Rotom-Mow|242\/242
|switch|p2a: Nidoqueen|Nidoqueen, F|384\/384
|turn|1
|callback|decision
|
|switch|p1a: Sheldon|Blastoise, F|362\/362
|move|p2a: Nidoqueen|Stealth Rock|p1a: Sheldon
|-sidestart|p1: UltimateRunner14|move: Stealth Rock
|
|turn|2
|callback|decision
|
|move|p1a: Sheldon|Rapid Spin|p2a: Nidoqueen
|-damage|p2a: Nidoqueen|369\/384
|-sideend|p1: UltimateRunner14|Stealth Rock|[from] move: Rapid Spin|[of] p1a: Sheldon
|move|p2a: Nidoqueen|Thunderbolt|p1a: Sheldon
|-supereffective|p1a: Sheldon
|-damage|p1a: Sheldon|134\/362
|
|-heal|p1a: Sheldon|156\/362|[from] item: Leftovers
|-heal|p2a: Nidoqueen|384\/384|[from] item: Leftovers
|turn|3
|callback|decision
|
|switch|p2a: Amoonguss|Amoonguss, M|432\/432
|move|p1a: Sheldon|Scald|p2a: Amoonguss
|-resisted|p2a: Amoonguss
|-damage|p2a: Amoonguss|400\/432
|-status|p2a: Amoonguss|brn
|
|-heal|p1a: Sheldon|178\/362|[from] item: Leftovers
|-heal|p2a: Amoonguss|427\/432 brn|[from] item: Leftovers
|-damage|p2a: Amoonguss|373\/432 brn|[from] brn
|turn|4
|callback|decision
|
|switch|p1a: Batman|Crobat, M|311\/311
|move|p2a: Amoonguss|Spore|p1a: Batman
|-status|p1a: Batman|slp
|
|-heal|p2a: Amoonguss|400\/432 brn|[from] item: Leftovers
|-damage|p2a: Amoonguss|346\/432 brn|[from] brn
|turn|5
|callback|decision
|
|switch|p2a: Darmanitan|Darmanitan, F|414\/414
|cant|p1a: Batman|slp
|move|p1a: Batman|Sleep Talk|p1a: Batman
|move|p1a: Batman|Brave Bird|p2a: Darmanitan|[from]Sleep Talk
|-damage|p2a: Darmanitan|41\/414
|-damage|p1a: Batman|188\/311 slp|[from] recoil|[of] p2a: Darmanitan
|
|turn|6
|callback|decision
|
|switch|p1a: Rhino|Rhyperior, M|433\/433
|move|p2a: Darmanitan|Rock Slide|p1a: Rhino
|-resisted|p1a: Rhino
|-damage|p1a: Rhino|351\/433
|
|-heal|p1a: Rhino|378\/433|[from] item: Leftovers
|turn|7
|callback|decision
|chat|LoneCub|um
|chat|LoneCub|How much hp does Darmanitan have?
|chat|LoneCub|like %
|chat|UltimateRunner14|it says 10 on my screen
|chat|UltimateRunner14|why?
|chat|LoneCub|idk
|
|switch|p2a: Gligar|Gligar, M|271\/271
|move|p1a: Rhino|Stealth Rock|p2a: Gligar
|-sidestart|p2: LoneCub|move: Stealth Rock
|
|-heal|p1a: Rhino|405\/433|[from] item: Leftovers
|turn|8
|callback|decision
|
|switch|p2a: Raikou|Raikou, shiny|322\/322
|-damage|p2a: Raikou|282\/322|[from] Stealth Rock
|-ability|p2a: Raikou|Pressure
|switch|p1a: Batman|Crobat, M|188\/311 slp
|
|-heal|p2a: Raikou|302\/322|[from] item: Leftovers
|turn|9
|callback|decision
|
|switch|p1a: Rhino|Rhyperior, M|405\/433
|move|p2a: Raikou|Thunderbolt|p1a: Rhino
|-immune|p1a: Rhino|[msg]
|
|-heal|p2a: Raikou|322\/322|[from] item: Leftovers
|-heal|p1a: Rhino|432\/433|[from] item: Leftovers
|turn|10
|callback|decision
|
|move|p2a: Raikou|Substitute|p2a: Raikou
|-start|p2a: Raikou|Substitute
|-damage|p2a: Raikou|242\/322
|move|p1a: Rhino|Earthquake|p2a: Raikou
|-supereffective|p2a: Raikou
|-end|p2a: Raikou|Substitute
|
|-heal|p2a: Raikou|262\/322|[from] item: Leftovers
|-heal|p1a: Rhino|433\/433|[from] item: Leftovers
|turn|11
|callback|decision
|
|switch|p2a: Gligar|Gligar, M|271\/271
|-damage|p2a: Gligar|238\/271|[from] Stealth Rock
|move|p1a: Rhino|Earthquake|p2a: Gligar
|-immune|p2a: Gligar|[msg]
|
|turn|12
|callback|decision
|
|move|p1a: Rhino|Protect|p1a: Rhino
|-singleturn|p1a: Rhino|Protect
|move|p2a: Gligar|Stealth Rock|p1a: Rhino
|-sidestart|p1: UltimateRunner14|move: Stealth Rock
|
|turn|13
|callback|decision
|
|move|p2a: Gligar|Earthquake|p1a: Rhino
|-crit|p1a: Rhino
|-supereffective|p1a: Rhino
|-damage|p1a: Rhino|208\/433
|move|p1a: Rhino|Rock Blast|p2a: Gligar
|-damage|p2a: Gligar|210\/271
|-damage|p2a: Gligar|180\/271
|-hitcount|p2a: Gligar|2
|
|-heal|p1a: Rhino|235\/433|[from] item: Leftovers
|turn|14
|callback|decision
|
|switch|p1a: Sheldon|Blastoise, F|178\/362
|-damage|p1a: Sheldon|133\/362|[from] Stealth Rock
|move|p2a: Gligar|Roost|p2a: Gligar
|-heal|p2a: Gligar|271\/271
|
|-heal|p1a: Sheldon|155\/362|[from] item: Leftovers
|turn|15
|callback|decision
|
|switch|p2a: Krookodile|Krookodile, F|331\/331
|-damage|p2a: Krookodile|311\/331|[from] Stealth Rock
|move|p1a: Sheldon|Rapid Spin|p2a: Krookodile
|-damage|p2a: Krookodile|294\/331
|-sideend|p1: UltimateRunner14|Stealth Rock|[from] move: Rapid Spin|[of] p1a: Sheldon
|
|-heal|p1a: Sheldon|177\/362|[from] item: Leftovers
|turn|16
|callback|decision
|
|move|p2a: Krookodile|Earthquake|p1a: Sheldon
|-damage|p1a: Sheldon|66\/362
|move|p1a: Sheldon|Scald|p2a: Krookodile
|-supereffective|p2a: Krookodile
|-damage|p2a: Krookodile|0 fnt
|faint|p2a: Krookodile
|
|-heal|p1a: Sheldon|88\/362|[from] item: Leftovers
|callback|decision
|
|switch|p2a: Darmanitan|Darmanitan, F|41\/414
|-damage|p2a: Darmanitan|0 fnt|[from] Stealth Rock
|faint|p2a: Darmanitan
|callback|decision
|chat|LoneCub|bs
|chat|UltimateRunner14|why?
|
|switch|p2a: Raikou|Raikou, shiny|262\/322
|-damage|p2a: Raikou|222\/322|[from] Stealth Rock
|-ability|p2a: Raikou|Pressure
|turn|17
|callback|decision
|
|move|p2a: Raikou|Substitute|p2a: Raikou
|-start|p2a: Raikou|Substitute
|-damage|p2a: Raikou|142\/322
|move|p1a: Sheldon|Roar|p2a: Raikou
|drag|p2a: Nidoqueen|Nidoqueen, F|384\/384
|-damage|p2a: Nidoqueen|360\/384|[from] Stealth Rock
|
|-heal|p1a: Sheldon|110\/362|[from] item: Leftovers
|-heal|p2a: Nidoqueen|384\/384|[from] item: Leftovers
|turn|18
|callback|decision
|
|move|p1a: Sheldon|Scald|p2a: Nidoqueen
|-supereffective|p2a: Nidoqueen
|-damage|p2a: Nidoqueen|108\/384
|-status|p2a: Nidoqueen|brn
|move|p2a: Nidoqueen|Thunderbolt|p1a: Sheldon
|-supereffective|p1a: Sheldon
|-damage|p1a: Sheldon|0 fnt
|faint|p1a: Sheldon
|
|-heal|p2a: Nidoqueen|132\/384 brn|[from] item: Leftovers
|-damage|p2a: Nidoqueen|84\/384 brn|[from] brn
|callback|decision
|
|switch|p1a: John Deere|Rotom-Mow|242\/242
|turn|19
|callback|decision
|
|move|p1a: John Deere|Hidden Power|p2a: Nidoqueen
|-supereffective|p2a: Nidoqueen
|-damage|p2a: Nidoqueen|0 fnt
|faint|p2a: Nidoqueen
|
|callback|decision
|
|switch|p2a: Amoonguss|Amoonguss, M|432\/432 brn
|-damage|p2a: Amoonguss|378\/432 brn|[from] Stealth Rock
|turn|20
|callback|decision
|
|switch|p1a: Batman|Crobat, M|188\/311 slp
|move|p2a: Amoonguss|Clear Smog|p1a: Batman
|-resisted|p1a: Batman
|-damage|p1a: Batman|158\/311 slp
|-clearboost|p1a: Batman
|
|-heal|p2a: Amoonguss|405\/432 brn|[from] item: Leftovers
|-damage|p2a: Amoonguss|351\/432 brn|[from] brn
|turn|21
|callback|decision
|
|switch|p2a: Raikou|Raikou, shiny|142\/322
|-damage|p2a: Raikou|102\/322|[from] Stealth Rock
|-ability|p2a: Raikou|Pressure
|cant|p1a: Batman|slp
|move|p1a: Batman|Sleep Talk|p1a: Batman
|move|p1a: Batman|Brave Bird|p2a: Raikou|[from]Sleep Talk
|-resisted|p2a: Raikou
|-damage|p2a: Raikou|0 fnt
|-damage|p1a: Batman|124\/311 slp|[from] recoil|[of] p2a: Raikou
|faint|p2a: Raikou
|
|callback|decision
|
|switch|p2a: Amoonguss|Amoonguss, M|432\/432 brn
|-damage|p2a: Amoonguss|378\/432 brn|[from] Stealth Rock
|turn|22
|callback|decision
|
|-curestatus|p1a: Batman|slp
|move|p1a: Batman|Sleep Talk|p1a: Batman
|-fail|p1a: Batman
|move|p2a: Amoonguss|Giga Drain|p1a: Batman
|-resisted|p1a: Batman
|-damage|p1a: Batman|102\/311
|-heal|p2a: Amoonguss|389\/432 brn|[from] drain|[of] p1a: Batman
|
|-heal|p2a: Amoonguss|416\/432 brn|[from] item: Leftovers
|-damage|p2a: Amoonguss|362\/432 brn|[from] brn
|turn|23
|callback|decision
|
|switch|p1a: Rhino|Rhyperior, M|235\/433
|move|p2a: Amoonguss|Giga Drain|p1a: Rhino
|-supereffective|p1a: Rhino
|-damage|p1a: Rhino|0 fnt
|-heal|p2a: Amoonguss|432\/432 brn|[from] drain|[of] p1a: Rhino
|faint|p1a: Rhino
|
|-damage|p2a: Amoonguss|378\/432 brn|[from] brn
|callback|decision
|
|switch|p1a: Batman|Crobat, M|102\/311
|turn|24
|callback|decision
|
|move|p1a: Batman|Brave Bird|p2a: Amoonguss
|-supereffective|p2a: Amoonguss
|-damage|p2a: Amoonguss|0 fnt
|-damage|p1a: Batman|0 fnt|[from] recoil|[of] p2a: Amoonguss
|faint|p2a: Amoonguss
|faint|p1a: Batman
|
|callback|decision
|
|switch|p1a: John Deere|Rotom-Mow|242\/242
|switch|p2a: Gligar|Gligar, M|271\/271
|-damage|p2a: Gligar|238\/271|[from] Stealth Rock
|turn|25
|callback|decision
|
|move|p1a: John Deere|Hidden Power|p2a: Gligar
|-supereffective|p2a: Gligar
|-damage|p2a: Gligar|0 fnt
|faint|p2a: Gligar
|
|win|UltimateRunner14
|raw|Ladder updating...
|raw|UltimateRunner14's rating: 1771 &rarr; <strong>1774<\/strong><br \/>(+3 for winning)
|raw|LoneCub's rating: 1542 &rarr; <strong>1539<\/strong><br \/>(-3 for losing)
|chat|UltimateRunner14|gg
|chat|LoneCub|gg
|leave|UltimateRunner14
|player|p1