|join|UltimateRunner14
|join|xXskullXkingXx
|player|p1|UltimateRunner14|162
|player|p2|xXskullXkingXx|248
|gametype|singles
|tier|UU (suspect test)
|rated
|rule|Sleep Clause Mod: Limit one foe put to sleep
|rule|Species Clause: Limit one of each Pokemon
|rule|OHKO Clause: OHKO moves are banned
|rule|Moody Clause: Moody is banned
|rule|Evasion Moves Clause: Evasion moves are banned
|rule|HP Percentage Mod: HP is reported as percentages
|rule|Evasion Abilities Clause: Evasion abilities are banned
|clearpoke
|poke|p1|Mienshao, F
|poke|p1|Ferroseed, M
|poke|p1|Blastoise, F
|poke|p1|Rhyperior, M
|poke|p1|Cofagrigus, M
|poke|p1|Togekiss, F
|poke|p2|Liepard, F
|poke|p2|Zoroark, M
|poke|p2|Bisharp, M
|poke|p2|Togekiss, F
|poke|p2|Mienshao, F
|poke|p2|Chandelure, F
|teampreview
|callback|decision
|
|start
|switch|p1a: Kitty|Mienshao, F|271\/271
|switch|p2a: Mienshao|Mienshao, F|272\/272
|turn|1
|callback|decision
|
|switch|p1a: Tomb Raider|Cofagrigus, M|319\/319
|move|p2a: Mienshao|Fake Out|p1a: Tomb Raider
|-immune|p1a: Tomb Raider|[msg]
|
|turn|2
|callback|decision
|
|move|p2a: Mienshao|Stone Edge|p1a: Tomb Raider
|-damage|p1a: Tomb Raider|219\/319
|-damage|p2a: Mienshao|245\/272|[from] item: Life Orb
|move|p1a: Tomb Raider|Trick Room|p1a: Tomb Raider
|-fieldstart|move: Trick Room|[of] p1a: Tomb Raider
|
|-heal|p1a: Tomb Raider|238\/319|[from] item: Leftovers
|turn|3
|callback|decision
|
|move|p1a: Tomb Raider|Nasty Plot|p1a: Tomb Raider
|-boost|p1a: Tomb Raider|spa|2
|move|p2a: Mienshao|U-turn|p1a: Tomb Raider
|-resisted|p1a: Tomb Raider
|-damage|p1a: Tomb Raider|199\/319
|-ability|p2a: Mienshao|Mummy|[from] Mummy
|-damage|p2a: Mienshao|218\/272|[from] item: Life Orb
|callback|decision
|
|switch|p2a: Liepard|Liepard, F|332\/332
|
|-heal|p1a: Tomb Raider|218\/319|[from] item: Leftovers
|turn|4
|callback|decision
|
|move|p2a: Liepard|Substitute|p2a: Liepard
|-start|p2a: Liepard|Substitute
|-damage|p2a: Liepard|249\/332
|move|p1a: Tomb Raider|Hidden Power|p2a: Liepard
|-supereffective|p2a: Liepard
|-end|p2a: Liepard|Substitute
|
|-heal|p1a: Tomb Raider|237\/319|[from] item: Leftovers
|-heal|p2a: Liepard|269\/332|[from] item: Leftovers
|turn|5
|callback|decision
|
|move|p2a: Liepard|Swagger|p1a: Tomb Raider
|-boost|p1a: Tomb Raider|atk|2
|-start|p1a: Tomb Raider|confusion
|-activate|p1a: Tomb Raider|confusion
|-damage|p1a: Tomb Raider|216\/319
|
|-heal|p1a: Tomb Raider|235\/319|[from] item: Leftovers
|-heal|p2a: Liepard|289\/332|[from] item: Leftovers
|turn|6
|callback|decision
|
|move|p2a: Liepard|Thunder Wave|p1a: Tomb Raider
|-status|p1a: Tomb Raider|par
|cant|p1a: Tomb Raider|par
|
|-heal|p1a: Tomb Raider|254\/319 par|[from] item: Leftovers
|-heal|p2a: Liepard|309\/332|[from] item: Leftovers
|-fieldend|move: Trick Room
|turn|7
|callback|decision
|
|move|p2a: Liepard|Substitute|p2a: Liepard
|-start|p2a: Liepard|Substitute
|-damage|p2a: Liepard|226\/332
|-end|p1a: Tomb Raider|confusion
|move|p1a: Tomb Raider|Trick Room|p1a: Tomb Raider
|-fieldstart|move: Trick Room|[of] p1a: Tomb Raider
|
|-heal|p1a: Tomb Raider|273\/319 par|[from] item: Leftovers
|-heal|p2a: Liepard|246\/332|[from] item: Leftovers
|turn|8
|callback|decision
|
|move|p2a: Liepard|Swagger|p1a: Tomb Raider
|-boost|p1a: Tomb Raider|atk|2
|-start|p1a: Tomb Raider|confusion
|-activate|p1a: Tomb Raider|confusion
|move|p1a: Tomb Raider|Hidden Power|p2a: Liepard
|-supereffective|p2a: Liepard
|-end|p2a: Liepard|Substitute
|
|-heal|p1a: Tomb Raider|292\/319 par|[from] item: Leftovers
|-heal|p2a: Liepard|266\/332|[from] item: Leftovers
|turn|9
|callback|decision
|
|move|p2a: Liepard|Substitute|p2a: Liepard
|-start|p2a: Liepard|Substitute
|-damage|p2a: Liepard|183\/332
|-activate|p1a: Tomb Raider|confusion
|-damage|p1a: Tomb Raider|262\/319 par
|
|-heal|p1a: Tomb Raider|281\/319 par|[from] item: Leftovers
|-heal|p2a: Liepard|203\/332|[from] item: Leftovers
|turn|10
|callback|decision
|
|cant|p1a: Tomb Raider|par
|move|p2a: Liepard|Foul Play|p1a: Tomb Raider
|-supereffective|p1a: Tomb Raider
|-damage|p1a: Tomb Raider|53\/319 par
|-ability|p2a: Liepard|Mummy|[from] Mummy
|
|-heal|p1a: Tomb Raider|72\/319 par|[from] item: Leftovers
|-heal|p2a: Liepard|223\/332|[from] item: Leftovers
|turn|11
|callback|decision
|
|-activate|p1a: Tomb Raider|confusion
|move|p1a: Tomb Raider|Hidden Power|p2a: Liepard
|-supereffective|p2a: Liepard
|-end|p2a: Liepard|Substitute
|move|p2a: Liepard|Foul Play|p1a: Tomb Raider
|-supereffective|p1a: Tomb Raider
|-damage|p1a: Tomb Raider|0 fnt
|faint|p1a: Tomb Raider
|
|-heal|p2a: Liepard|243\/332|[from] item: Leftovers
|-fieldend|move: Trick Room
|callback|decision
|
|switch|p1a: Kitty|Mienshao, F|271\/271
|turn|12
|callback|decision
|
|move|p1a: Kitty|U-turn|p2a: Liepard
|-supereffective|p2a: Liepard
|-damage|p2a: Liepard|0 fnt
|-ability|p1a: Kitty|Mummy|[from] Mummy
|faint|p2a: Liepard
|callback|decision
|
|switch|p1a: Rhino|Rhyperior, M|433\/433
|
|callback|decision
|
|switch|p2a: Mienshao|Mienshao, F|218\/272
|turn|13
|callback|decision
|
|move|p2a: Mienshao|Fake Out|p1a: Rhino
|-resisted|p1a: Rhino
|-damage|p1a: Rhino|408\/433
|-damage|p2a: Mienshao|191\/272|[from] item: Life Orb
|cant|p1a: Rhino|flinch
|
|-heal|p1a: Rhino|433\/433|[from] item: Leftovers
|turn|14
|callback|decision
|
|move|p2a: Mienshao|Hi Jump Kick|p1a: Rhino
|-supereffective|p1a: Rhino
|-damage|p1a: Rhino|109\/433
|-damage|p2a: Mienshao|164\/272|[from] item: Life Orb
|move|p1a: Rhino|Stealth Rock|p2a: Mienshao
|-sidestart|p2: xXskullXkingXx|move: Stealth Rock
|
|-heal|p1a: Rhino|136\/433|[from] item: Leftovers
|turn|15
|callback|decision
|
|move|p1a: Rhino|Protect|p1a: Rhino
|-singleturn|p1a: Rhino|Protect
|move|p2a: Mienshao|Hi Jump Kick|p1a: Rhino
|-activate|p1a: Rhino|Protect
|-damage|p2a: Mienshao|28\/272|[from] hijumpkick
|
|-heal|p1a: Rhino|163\/433|[from] item: Leftovers
|turn|16
|callback|decision
|
|move|p1a: Rhino|Protect|p1a: Rhino
|-fail|p1a: Rhino
|move|p2a: Mienshao|U-turn|p1a: Rhino
|-damage|p1a: Rhino|77\/433
|-damage|p2a: Mienshao|1\/272|[from] item: Life Orb
|callback|decision
|
|switch|p2a: Togekiss|Togekiss, F|374\/374
|-damage|p2a: Togekiss|281\/374|[from] Stealth Rock
|
|-heal|p2a: Togekiss|304\/374|[from] item: Leftovers
|-heal|p1a: Rhino|104\/433|[from] item: Leftovers
|turn|17
|callback|decision
|
|move|p2a: Togekiss|Aura Sphere|p1a: Rhino
|-supereffective|p1a: Rhino
|-damage|p1a: Rhino|0 fnt
|faint|p1a: Rhino
|
|-heal|p2a: Togekiss|327\/374|[from] item: Leftovers
|callback|decision
|
|switch|p1a: Grenade|Ferroseed, M|292\/292
|turn|18
|callback|decision
|
|move|p2a: Togekiss|Aura Sphere|p1a: Grenade
|-supereffective|p1a: Grenade
|-damage|p1a: Grenade|162\/292
|move|p1a: Grenade|Leech Seed|p2a: Togekiss
|-start|p2a: Togekiss|move: Leech Seed
|
|-heal|p2a: Togekiss|350\/374|[from] item: Leftovers
|-damage|p2a: Togekiss|304\/374|[from] Leech Seed|[of] p1a: Grenade
|-heal|p1a: Grenade|208\/292|[silent]
|turn|19
|callback|decision
|
|move|p2a: Togekiss|Aura Sphere|p1a: Grenade
|-supereffective|p1a: Grenade
|-damage|p1a: Grenade|82\/292
|move|p1a: Grenade|Spikes|p2a: Togekiss
|-sidestart|p2: xXskullXkingXx|Spikes
|
|-heal|p2a: Togekiss|327\/374|[from] item: Leftovers
|-damage|p2a: Togekiss|281\/374|[from] Leech Seed|[of] p1a: Grenade
|-heal|p1a: Grenade|128\/292|[silent]
|turn|20
|callback|decision
|
|move|p1a: Grenade|Protect|p1a: Grenade
|-singleturn|p1a: Grenade|Protect
|move|p2a: Togekiss|Aura Sphere|p1a: Grenade
|-activate|p1a: Grenade|Protect
|
|-heal|p2a: Togekiss|304\/374|[from] item: Leftovers
|-damage|p2a: Togekiss|258\/374|[from] Leech Seed|[of] p1a: Grenade
|-heal|p1a: Grenade|174\/292|[silent]
|turn|21
|callback|decision
|
|move|p2a: Togekiss|Aura Sphere|p1a: Grenade
|-supereffective|p1a: Grenade
|-damage|p1a: Grenade|58\/292
|move|p1a: Grenade|Spikes|p2a: Togekiss
|-sidestart|p2: xXskullXkingXx|Spikes
|
|-heal|p2a: Togekiss|281\/374|[from] item: Leftovers
|-damage|p2a: Togekiss|235\/374|[from] Leech Seed|[of] p1a: Grenade
|-heal|p1a: Grenade|104\/292|[silent]
|turn|22
|callback|decision
|
|move|p2a: Togekiss|Aura Sphere|p1a: Grenade
|-supereffective|p1a: Grenade
|-damage|p1a: Grenade|0 fnt
|faint|p1a: Grenade
|
|-heal|p2a: Togekiss|258\/374|[from] item: Leftovers
|callback|decision
|
|switch|p1a: Scrambled|Togekiss, F|311\/311
|turn|23
|callback|decision
|
|move|p1a: Scrambled|Nasty Plot|p1a: Scrambled
|-boost|p1a: Scrambled|spa|2
|move|p2a: Togekiss|Thunder Wave|p1a: Scrambled
|-status|p1a: Scrambled|par
|
|-heal|p2a: Togekiss|281\/374|[from] item: Leftovers
|-damage|p2a: Togekiss|235\/374|[from] Leech Seed|[of] p1a: Scrambled
|turn|24
|callback|decision
|
|switch|p2a: Bisharp|Bisharp, M|272\/272
|-damage|p2a: Bisharp|227\/272|[from] Spikes
|-damage|p2a: Bisharp|210\/272|[from] Stealth Rock
|move|p1a: Scrambled|Air Slash|p2a: Bisharp
|-resisted|p2a: Bisharp
|-damage|p2a: Bisharp|44\/272
|
|-heal|p2a: Bisharp|61\/272|[from] item: Leftovers
|turn|25
|callback|decision
|
|move|p2a: Bisharp|Iron Head|p1a: Scrambled
|-crit|p1a: Scrambled
|-damage|p1a: Scrambled|0 fnt
|faint|p1a: Scrambled
|
|-heal|p2a: Bisharp|78\/272|[from] item: Leftovers
|callback|decision
|
|switch|p1a: Sheldon|Blastoise, F|362\/362
|turn|26
|callback|decision
|
|move|p2a: Bisharp|Sucker Punch|p1a: Sheldon
|-damage|p1a: Sheldon|256\/362
|move|p1a: Sheldon|Scald|p2a: Bisharp
|-damage|p2a: Bisharp|0 fnt
|faint|p2a: Bisharp
|
|-heal|p1a: Sheldon|278\/362|[from] item: Leftovers
|callback|decision
|
|switch|p2a: Mienshao|Mienshao, F|91\/272
|-damage|p2a: Mienshao|46\/272|[from] Spikes
|-damage|p2a: Mienshao|29\/272|[from] Stealth Rock
|turn|27
|callback|decision
|
|move|p2a: Mienshao|Fake Out|p1a: Sheldon
|-damage|p1a: Sheldon|236\/362
|-damage|p2a: Mienshao|2\/272|[from] item: Life Orb
|cant|p1a: Sheldon|flinch
|
|-heal|p1a: Sheldon|258\/362|[from] item: Leftovers
|turn|28
|callback|decision
|
|move|p2a: Mienshao|Hi Jump Kick|p1a: Sheldon
|-damage|p1a: Sheldon|34\/362
|-damage|p2a: Mienshao|0 fnt|[from] item: Life Orb
|faint|p2a: Mienshao
|move|p1a: Sheldon|Scald|p2: Mienshao|[notarget]
|-notarget
|
|-heal|p1a: Sheldon|56\/362|[from] item: Leftovers
|callback|decision
|
|switch|p2a: Chandelure|Chandelure, F|261\/261
|-damage|p2a: Chandelure|218\/261|[from] Spikes
|-damage|p2a: Chandelure|186\/261|[from] Stealth Rock
|turn|29
|callback|decision
|
|move|p2a: Chandelure|Night Daze|p1a: Sheldon
|-damage|p1a: Sheldon|0 fnt
|faint|p1a: Sheldon
|
|-heal|p2a: Chandelure|202\/261|[from] item: Leftovers
|callback|decision
|
|switch|p1a: Kitty|Mienshao, F|271\/271
|turn|30
|callback|decision
|
|move|p1a: Kitty|Stone Edge|p2a: Chandelure
|replace|p2a: Zoroark|Zoroark, M|202\/261
|-damage|p2a: Zoroark|36\/261
|move|p2a: Zoroark|Flamethrower|p1a: Kitty
|-damage|p1a: Kitty|113\/271
|
|-heal|p2a: Zoroark|52\/261|[from] item: Leftovers
|turn|31
|callback|decision
|
|move|p1a: Kitty|Stone Edge|p2a: Zoroark
|-damage|p2a: Zoroark|0 fnt
|faint|p2a: Zoroark
|
|callback|decision
|
|switch|p2a: Togekiss|Togekiss, F|235\/374
|-damage|p2a: Togekiss|142\/374|[from] Stealth Rock
|turn|32
|callback|decision
|
|move|p1a: Kitty|Stone Edge|p2a: Togekiss
|-supereffective|p2a: Togekiss
|-damage|p2a: Togekiss|0 fnt
|faint|p2a: Togekiss
|
|callback|decision
|
|switch|p2a: Chandelure|Chandelure, F|261\/261
|-damage|p2a: Chandelure|196\/261|[from] Stealth Rock
|-damage|p2a: Chandelure|153\/261|[from] Spikes
|turn|33
|callback|decision
|
|move|p1a: Kitty|Stone Edge|p2a: Chandelure
|-supereffective|p2a: Chandelure
|-damage|p2a: Chandelure|0 fnt
|faint|p2a: Chandelure
|
|win|UltimateRunner14
|raw|Ladder updating...
|raw|UltimateRunner14's rating: 1720 &rarr; <strong>1756<\/strong><br \/>(+36 for winning)
|raw|xXskullXkingXx's rating: 1601 &rarr; <strong>1599<\/strong><br \/>(-2 for losing)
|leave|xXskullXkingXx
|player|p2