|join|UltimateRunner14
|join|Mr. Mosti
|player|p1|UltimateRunner14|162
|player|p2|Mr. Mosti|99
|gametype|singles
|tier|UU (suspect test)
|rated
|rule|Sleep Clause Mod: Limit one foe put to sleep
|rule|Species Clause: Limit one of each Pokemon
|rule|OHKO Clause: OHKO moves are banned
|rule|Moody Clause: Moody is banned
|rule|Evasion Moves Clause: Evasion moves are banned
|rule|HP Percentage Mod: HP is reported as percentages
|rule|Evasion Abilities Clause: Evasion abilities are banned
|clearpoke
|poke|p1|Mienshao, F
|poke|p1|Ferroseed, M
|poke|p1|Blastoise, F
|poke|p1|Rhyperior, F
|poke|p1|Cofagrigus, F
|poke|p1|Togekiss, M
|poke|p2|Gligar, M
|poke|p2|Milotic, F
|poke|p2|Krookodile, M
|poke|p2|Raikou, shiny
|poke|p2|Registeel, shiny
|poke|p2|Darmanitan, M
|teampreview
|callback|decision
|
|start
|switch|p1a: Kitty|Mienshao, F|271\/271
|switch|p2a: BabyScorpio|Gligar, M|303\/303
|turn|1
|callback|decision
|
|move|p1a: Kitty|U-turn|p2a: BabyScorpio
|-resisted|p2a: BabyScorpio
|-damage|p2a: BabyScorpio|283\/303
|callback|decision
|
|switch|p1a: Sheldon|Blastoise, F|362\/362
|move|p2a: BabyScorpio|Stealth Rock|p1a: Sheldon
|-sidestart|p1: UltimateRunner14|move: Stealth Rock
|
|turn|2
|callback|decision
|
|switch|p2a: Shenlong|Milotic, F|363\/363
|move|p1a: Sheldon|Rapid Spin|p2a: Shenlong
|-damage|p2a: Shenlong|346\/363
|-sideend|p1: UltimateRunner14|Stealth Rock|[from] move: Rapid Spin|[of] p1a: Sheldon
|
|-heal|p2a: Shenlong|363\/363|[from] item: Leftovers
|turn|3
|callback|decision
|
|switch|p1a: Grenade|Ferroseed, M|292\/292
|move|p2a: Shenlong|Hypnosis|p1a: Grenade
|-status|p1a: Grenade|slp
|
|turn|4
|callback|decision
|
|switch|p2a: Monobraue|Darmanitan, M|352\/352
|cant|p1a: Grenade|slp
|
|turn|5
|callback|decision
|
|switch|p1a: Sheldon|Blastoise, F|362\/362
|move|p2a: Monobraue|U-turn|p1a: Sheldon
|-damage|p1a: Sheldon|276\/362
|-damage|p2a: Monobraue|317\/352|[from] item: Life Orb
|callback|decision
|
|switch|p2a: ThUNDERDog|Raikou, shiny|322\/322
|-ability|p2a: ThUNDERDog|Pressure
|
|-heal|p1a: Sheldon|298\/362|[from] item: Leftovers
|turn|6
|callback|decision
|
|switch|p1a: Rhino|Rhyperior, F|433\/433
|move|p2a: ThUNDERDog|Aura Sphere|p1a: Rhino
|-supereffective|p1a: Rhino
|-damage|p1a: Rhino|135\/433
|
|-heal|p1a: Rhino|162\/433|[from] item: Leftovers
|turn|7
|callback|decision
|
|switch|p1a: Tomb Raider|Cofagrigus, F|319\/319
|move|p2a: ThUNDERDog|Aura Sphere|p1a: Tomb Raider
|-immune|p1a: Tomb Raider|[msg]
|
|turn|8
|callback|decision
|
|switch|p2a: Regis Stil|Registeel, shiny|333\/333
|move|p1a: Tomb Raider|Trick Room|p1a: Tomb Raider
|-fieldstart|move: Trick Room|[of] p1a: Tomb Raider
|
|turn|9
|callback|decision
|
|move|p1a: Tomb Raider|Nasty Plot|p1a: Tomb Raider
|-boost|p1a: Tomb Raider|spa|2
|move|p2a: Regis Stil|Curse|p2a: Regis Stil
|-boost|p2a: Regis Stil|atk|1
|-boost|p2a: Regis Stil|def|1
|-unboost|p2a: Regis Stil|spe|1
|
|turn|10
|callback|decision
|
|move|p1a: Tomb Raider|Hidden Power|p2a: Regis Stil
|-supereffective|p2a: Regis Stil
|-damage|p2a: Regis Stil|145\/333
|move|p2a: Regis Stil|Curse|p2a: Regis Stil
|-boost|p2a: Regis Stil|atk|1
|-boost|p2a: Regis Stil|def|1
|-unboost|p2a: Regis Stil|spe|1
|
|turn|11
|callback|decision
|
|move|p1a: Tomb Raider|Hidden Power|p2a: Regis Stil
|-supereffective|p2a: Regis Stil
|-damage|p2a: Regis Stil|0 fnt
|faint|p2a: Regis Stil
|
|callback|decision
|
|switch|p2a: CrocoDog|Krookodile, M|331\/331
|turn|12
|callback|decision
|
|switch|p2a: BabyScorpio|Gligar, M|283\/303
|move|p1a: Tomb Raider|Hidden Power|p2a: BabyScorpio
|-crit|p2a: BabyScorpio
|-resisted|p2a: BabyScorpio
|-damage|p2a: BabyScorpio|149\/303
|
|-fieldend|move: Trick Room
|turn|13
|callback|decision
|
|move|p2a: BabyScorpio|Toxic|p1a: Tomb Raider
|-status|p1a: Tomb Raider|tox
|move|p1a: Tomb Raider|Trick Room|p1a: Tomb Raider
|-fieldstart|move: Trick Room|[of] p1a: Tomb Raider
|
|-damage|p1a: Tomb Raider|300\/319 tox|[from] psn
|turn|14
|callback|decision
|
|switch|p2a: Shenlong|Milotic, F|363\/363
|move|p1a: Tomb Raider|Shadow Ball|p2a: Shenlong
|-damage|p2a: Shenlong|216\/363
|
|-heal|p1a: Tomb Raider|319\/319 tox|[from] item: Leftovers
|-heal|p2a: Shenlong|238\/363|[from] item: Leftovers
|-damage|p1a: Tomb Raider|281\/319 tox|[from] psn
|turn|15
|callback|decision
|
|move|p1a: Tomb Raider|Shadow Ball|p2a: Shenlong
|-damage|p2a: Shenlong|96\/363
|move|p2a: Shenlong|Recover|p2a: Shenlong
|-heal|p2a: Shenlong|278\/363
|
|-heal|p1a: Tomb Raider|300\/319 tox|[from] item: Leftovers
|-heal|p2a: Shenlong|300\/363|[from] item: Leftovers
|-damage|p1a: Tomb Raider|243\/319 tox|[from] psn
|turn|16
|callback|decision
|
|move|p1a: Tomb Raider|Nasty Plot|p1a: Tomb Raider
|-boost|p1a: Tomb Raider|spa|2
|move|p2a: Shenlong|Recover|p2a: Shenlong
|-heal|p2a: Shenlong|363\/363
|
|-heal|p1a: Tomb Raider|262\/319 tox|[from] item: Leftovers
|-damage|p1a: Tomb Raider|186\/319 tox|[from] psn
|turn|17
|callback|decision
|
|move|p1a: Tomb Raider|Shadow Ball|p2a: Shenlong
|-damage|p2a: Shenlong|143\/363
|-unboost|p2a: Shenlong|spd|1
|move|p2a: Shenlong|Recover|p2a: Shenlong
|-heal|p2a: Shenlong|325\/363
|
|-heal|p1a: Tomb Raider|205\/319 tox|[from] item: Leftovers
|-heal|p2a: Shenlong|347\/363|[from] item: Leftovers
|-damage|p1a: Tomb Raider|110\/319 tox|[from] psn
|-fieldend|move: Trick Room
|turn|18
|callback|decision
|
|move|p2a: Shenlong|Scald|p1a: Tomb Raider
|-damage|p1a: Tomb Raider|13\/319 tox
|move|p1a: Tomb Raider|Shadow Ball|p2a: Shenlong
|-damage|p2a: Shenlong|28\/363
|
|-heal|p2a: Shenlong|50\/363|[from] item: Leftovers
|-heal|p1a: Tomb Raider|32\/319 tox|[from] item: Leftovers
|-damage|p1a: Tomb Raider|0 fnt|[from] psn
|faint|p1a: Tomb Raider
|callback|decision
|
|switch|p1a: Kitty|Mienshao, F|271\/271
|turn|19
|callback|decision
|
|switch|p2a: BabyScorpio|Gligar, M|149\/303
|move|p1a: Kitty|U-turn|p2a: BabyScorpio
|-resisted|p2a: BabyScorpio
|-damage|p2a: BabyScorpio|132\/303
|callback|decision
|
|switch|p1a: Scrambled|Togekiss, M|311\/311
|
|turn|20
|callback|decision
|
|move|p1a: Scrambled|Air Slash|p2a: BabyScorpio
|-damage|p2a: BabyScorpio|15\/303
|move|p2a: BabyScorpio|Roost|p2a: BabyScorpio
|-heal|p2a: BabyScorpio|167\/303
|
|turn|21
|callback|decision
|
|switch|p2a: Shenlong|Milotic, F|50\/363
|move|p1a: Scrambled|Air Slash|p2a: Shenlong
|-damage|p2a: Shenlong|0 fnt
|faint|p2a: Shenlong
|
|callback|decision
|
|switch|p2a: CrocoDog|Krookodile, M|331\/331
|turn|22
|callback|decision
|
|switch|p1a: Grenade|Ferroseed, M|292\/292 slp
|move|p2a: CrocoDog|Stone Edge|p1a: Grenade
|-resisted|p1a: Grenade
|-damage|p1a: Grenade|266\/292 slp
|
|turn|23
|callback|decision
|
|switch|p2a: Monobraue|Darmanitan, M|317\/352
|cant|p1a: Grenade|slp
|
|turn|24
|callback|decision
|
|switch|p1a: Sheldon|Blastoise, F|298\/362
|move|p2a: Monobraue|Fire Punch|p1a: Sheldon
|-resisted|p1a: Sheldon
|-damage|p1a: Sheldon|220\/362
|
|-heal|p1a: Sheldon|242\/362|[from] item: Leftovers
|turn|25
|callback|decision
|
|move|p2a: Monobraue|U-turn|p1a: Sheldon
|-damage|p1a: Sheldon|155\/362
|-damage|p2a: Monobraue|282\/352|[from] item: Life Orb
|callback|decision
|
|switch|p2a: ThUNDERDog|Raikou, shiny|322\/322
|-ability|p2a: ThUNDERDog|Pressure
|move|p1a: Sheldon|Scald|p2a: ThUNDERDog
|-damage|p2a: ThUNDERDog|226\/322
|-status|p2a: ThUNDERDog|brn
|
|-heal|p1a: Sheldon|177\/362|[from] item: Leftovers
|-damage|p2a: ThUNDERDog|186\/322 brn|[from] brn
|turn|26
|callback|decision
|
|move|p2a: ThUNDERDog|Hidden Power|p1a: Sheldon
|-crit|p1a: Sheldon
|-resisted|p1a: Sheldon
|-damage|p1a: Sheldon|66\/362
|move|p1a: Sheldon|Scald|p2a: ThUNDERDog
|-damage|p2a: ThUNDERDog|38\/322 brn
|
|-heal|p1a: Sheldon|88\/362|[from] item: Leftovers
|-damage|p2a: ThUNDERDog|0 fnt|[from] brn
|faint|p2a: ThUNDERDog
|callback|decision
|
|switch|p2a: CrocoDog|Krookodile, M|331\/331
|turn|27
|callback|decision
|
|move|p2a: CrocoDog|Earthquake|p1a: Sheldon
|-damage|p1a: Sheldon|0 fnt
|faint|p1a: Sheldon
|-boost|p2a: CrocoDog|atk|1|[from] ability: Moxie
|
|callback|decision
|
|switch|p1a: Kitty|Mienshao, F|271\/271
|turn|28
|callback|decision
|
|move|p1a: Kitty|Hi Jump Kick|p2a: CrocoDog
|-supereffective|p2a: CrocoDog
|-damage|p2a: CrocoDog|0 fnt
|faint|p2a: CrocoDog
|
|callback|decision
|
|switch|p2a: BabyScorpio|Gligar, M|167\/303
|turn|29
|callback|decision
|
|switch|p1a: Grenade|Ferroseed, M|266\/292 slp
|move|p2a: BabyScorpio|Roost|p2a: BabyScorpio
|-heal|p2a: BabyScorpio|303\/303
|
|turn|30
|callback|decision
|
|switch|p2a: Monobraue|Darmanitan, M|282\/352
|cant|p1a: Grenade|slp
|
|turn|31
|callback|decision
|
|-curestatus|p1a: Grenade|slp
|move|p1a: Grenade|Protect|p1a: Grenade
|-singleturn|p1a: Grenade|Protect
|move|p2a: Monobraue|Fire Punch|p1a: Grenade
|-activate|p1a: Grenade|Protect
|
|turn|32
|callback|decision
|
|switch|p1a: Rhino|Rhyperior, F|162\/433
|move|p2a: Monobraue|Fire Punch|p1a: Rhino
|-resisted|p1a: Rhino
|-damage|p1a: Rhino|68\/433
|
|-heal|p1a: Rhino|95\/433|[from] item: Leftovers
|turn|33
|callback|decision
|
|move|p2a: Monobraue|Earthquake|p1a: Rhino
|-supereffective|p1a: Rhino
|-damage|p1a: Rhino|0 fnt
|-damage|p2a: Monobraue|247\/352|[from] item: Life Orb
|faint|p1a: Rhino
|
|callback|decision
|
|switch|p1a: Kitty|Mienshao, F|271\/271
|turn|34
|callback|decision
|
|switch|p2a: BabyScorpio|Gligar, M|303\/303
|move|p1a: Kitty|Hi Jump Kick|p2a: BabyScorpio
|-resisted|p2a: BabyScorpio
|-damage|p2a: BabyScorpio|237\/303
|
|turn|35
|callback|decision
|
|switch|p1a: Grenade|Ferroseed, M|266\/292
|switch|p2a: Monobraue|Darmanitan, M|247\/352
|
|turn|36
|callback|decision
|
|move|p2a: Monobraue|Fire Punch|p1a: Grenade
|-supereffective|p1a: Grenade
|-damage|p1a: Grenade|0 fnt
|-damage|p2a: Monobraue|203\/352|[from] ability: Iron Barbs|[of] p1a: Grenade
|faint|p1a: Grenade
|
|callback|decision
|
|switch|p1a: Kitty|Mienshao, F|271\/271
|turn|37
|callback|decision
|
|move|p1a: Kitty|Stone Edge|p2a: Monobraue
|-supereffective|p2a: Monobraue
|-damage|p2a: Monobraue|0 fnt
|faint|p2a: Monobraue
|
|callback|decision
|
|switch|p2a: BabyScorpio|Gligar, M|237\/303
|turn|38
|callback|decision
|
|switch|p1a: Scrambled|Togekiss, M|311\/311
|move|p2a: BabyScorpio|Toxic|p1a: Scrambled
|-status|p1a: Scrambled|tox
|
|-damage|p1a: Scrambled|292\/311 tox|[from] psn
|turn|39
|callback|decision
|
|move|p1a: Scrambled|Nasty Plot|p1a: Scrambled
|-boost|p1a: Scrambled|spa|2
|move|p2a: BabyScorpio|Roost|p2a: BabyScorpio
|-heal|p2a: BabyScorpio|303\/303
|
|-heal|p1a: Scrambled|311\/311 tox|[from] item: Leftovers
|-damage|p1a: Scrambled|273\/311 tox|[from] psn
|turn|40
|callback|decision
|
|move|p1a: Scrambled|Air Slash|p2a: BabyScorpio
|-damage|p2a: BabyScorpio|54\/303
|cant|p2a: BabyScorpio|flinch
|
|-heal|p1a: Scrambled|292\/311 tox|[from] item: Leftovers
|-damage|p1a: Scrambled|235\/311 tox|[from] psn
|turn|41
|callback|decision
|chat|Mr. Mosti|gg
|
|move|p1a: Scrambled|Air Slash|p2a: BabyScorpio
|-damage|p2a: BabyScorpio|0 fnt
|faint|p2a: BabyScorpio
|
|win|UltimateRunner14
|raw|Ladder updating...
|chat|UltimateRunner14|gg