|join|UltimateRunner14
|join|SwagMasterElite87
|player|p1|UltimateRunner14|162
|player|p2|SwagMasterElite87|253
|gametype|singles
|tier|UU (suspect test)
|rated
|rule|Sleep Clause Mod: Limit one foe put to sleep
|rule|Species Clause: Limit one of each Pokemon
|rule|OHKO Clause: OHKO moves are banned
|rule|Moody Clause: Moody is banned
|rule|Evasion Moves Clause: Evasion moves are banned
|rule|HP Percentage Mod: HP is reported as percentages
|rule|Evasion Abilities Clause: Evasion abilities are banned
|clearpoke
|poke|p1|Mienshao, F
|poke|p1|Ferroseed, M
|poke|p1|Blastoise, F
|poke|p1|Rhyperior, M
|poke|p1|Cofagrigus, M
|poke|p1|Togekiss, M
|poke|p2|Slowbro, M, shiny
|poke|p2|Yanmega, M, shiny
|poke|p2|Swampert, M
|poke|p2|Heracross, M
|poke|p2|Zapdos, shiny
|poke|p2|Roserade, F
|teampreview
|callback|decision
|
|start
|switch|p1a: Rhino|Rhyperior, M|433\/433
|switch|p2a: Swampert|Swampert, M|404\/404
|turn|1
|callback|decision
|
|move|p2a: Swampert|Stealth Rock|p1a: Rhino
|-sidestart|p1: UltimateRunner14|move: Stealth Rock
|move|p1a: Rhino|Stealth Rock|p2a: Swampert
|-sidestart|p2: SwagMasterElite87|move: Stealth Rock
|
|turn|2
|callback|decision
|
|switch|p1a: Grenade|Ferroseed, M|292\/292
|-damage|p1a: Grenade|274\/292|[from] Stealth Rock
|move|p2a: Swampert|Earthquake|p1a: Grenade
|-damage|p1a: Grenade|204\/292
|
|turn|3
|callback|decision
|
|switch|p2a: Roserade|Roserade, F|262\/262
|-damage|p2a: Roserade|230\/262|[from] Stealth Rock
|move|p1a: Grenade|Leech Seed|p2a: Roserade
|-immune|p2a: Roserade|[msg]
|
|turn|4
|callback|decision
|
|move|p2a: Roserade|Hidden Power|p1a: Grenade
|-supereffective|p1a: Grenade
|-damage|p1a: Grenade|0 fnt
|faint|p1a: Grenade
|
|callback|decision
|
|switch|p1a: Kitty|Mienshao, F|271\/271
|-damage|p1a: Kitty|255\/271|[from] Stealth Rock
|turn|5
|callback|decision
|
|move|p1a: Kitty|Aerial Ace|p2a: Roserade
|-supereffective|p2a: Roserade
|-damage|p2a: Roserade|6\/262
|move|p2a: Roserade|Toxic Spikes|p1a: Kitty
|-sidestart|p1: UltimateRunner14|move: Toxic Spikes
|
|turn|6
|callback|decision
|
|switch|p2a: Slowbro|Slowbro, M, shiny|394\/394
|-damage|p2a: Slowbro|345\/394|[from] Stealth Rock
|move|p1a: Kitty|Aerial Ace|p2a: Slowbro
|-damage|p2a: Slowbro|291\/394
|
|-heal|p2a: Slowbro|315\/394|[from] item: Leftovers
|turn|7
|callback|decision
|
|switch|p1a: Sheldon|Blastoise, F|362\/362
|-damage|p1a: Sheldon|317\/362|[from] Stealth Rock
|-status|p1a: Sheldon|psn
|move|p2a: Slowbro|Psychic|p1a: Sheldon
|-damage|p1a: Sheldon|214\/362 psn
|
|-heal|p1a: Sheldon|236\/362 psn|[from] item: Leftovers
|-heal|p2a: Slowbro|339\/394|[from] item: Leftovers
|-damage|p1a: Sheldon|191\/362 psn|[from] psn
|turn|8
|callback|decision
|
|move|p1a: Sheldon|Rapid Spin|p2a: Slowbro
|-damage|p2a: Slowbro|329\/394
|-sideend|p1: UltimateRunner14|Toxic Spikes|[from] move: Rapid Spin|[of] p1a: Sheldon
|-sideend|p1: UltimateRunner14|Stealth Rock|[from] move: Rapid Spin|[of] p1a: Sheldon
|move|p2a: Slowbro|Psychic|p1a: Sheldon
|-damage|p1a: Sheldon|70\/362 psn
|
|-heal|p1a: Sheldon|92\/362 psn|[from] item: Leftovers
|-heal|p2a: Slowbro|353\/394|[from] item: Leftovers
|-damage|p1a: Sheldon|47\/362 psn|[from] psn
|turn|9
|callback|decision
|
|move|p1a: Sheldon|Scald|p2a: Slowbro
|-resisted|p2a: Slowbro
|-damage|p2a: Slowbro|278\/394
|move|p2a: Slowbro|Psychic|p1a: Sheldon
|-damage|p1a: Sheldon|0 fnt
|faint|p1a: Sheldon
|
|-heal|p2a: Slowbro|302\/394|[from] item: Leftovers
|callback|decision
|
|switch|p1a: Tomb Raider|Cofagrigus, M|319\/319
|turn|10
|callback|decision
|
|switch|p2a: Swampert|Swampert, M|404\/404
|-damage|p2a: Swampert|379\/404|[from] Stealth Rock
|move|p1a: Tomb Raider|Trick Room|p1a: Tomb Raider
|-fieldstart|move: Trick Room|[of] p1a: Tomb Raider
|
|-heal|p2a: Swampert|404\/404|[from] item: Leftovers
|turn|11
|callback|decision
|
|move|p1a: Tomb Raider|Nasty Plot|p1a: Tomb Raider
|-boost|p1a: Tomb Raider|spa|2
|move|p2a: Swampert|Stealth Rock|p1a: Tomb Raider
|-sidestart|p1: UltimateRunner14|move: Stealth Rock
|
|turn|12
|callback|decision
|
|move|p1a: Tomb Raider|Shadow Ball|p2a: Swampert
|-damage|p2a: Swampert|137\/404
|move|p2a: Swampert|Hydro Pump|p1a: Tomb Raider
|-damage|p1a: Tomb Raider|208\/319
|
|-heal|p1a: Tomb Raider|227\/319|[from] item: Leftovers
|-heal|p2a: Swampert|162\/404|[from] item: Leftovers
|turn|13
|callback|decision
|
|switch|p2a: Zapdos|Zapdos, shiny|322\/322
|-damage|p2a: Zapdos|242\/322|[from] Stealth Rock
|-ability|p2a: Zapdos|Pressure
|move|p1a: Tomb Raider|Shadow Ball|p2a: Zapdos
|-damage|p2a: Zapdos|0 fnt
|faint|p2a: Zapdos
|
|-heal|p1a: Tomb Raider|246\/319|[from] item: Leftovers
|callback|decision
|
|switch|p2a: Yanmega|Yanmega, M, shiny|314\/314
|-damage|p2a: Yanmega|157\/314|[from] Stealth Rock
|turn|14
|callback|decision
|
|move|p1a: Tomb Raider|Nasty Plot|p1a: Tomb Raider
|-boost|p1a: Tomb Raider|spa|2
|move|p2a: Yanmega|Bug Buzz|p1a: Tomb Raider
|-resisted|p1a: Tomb Raider
|-damage|p1a: Tomb Raider|126\/319
|
|-heal|p1a: Tomb Raider|145\/319|[from] item: Leftovers
|-fieldend|move: Trick Room
|-boost|p2a: Yanmega|spe|1|[from] ability: Speed Boost
|turn|15
|callback|decision
|
|move|p2a: Yanmega|Bug Buzz|p1a: Tomb Raider
|-resisted|p1a: Tomb Raider
|-damage|p1a: Tomb Raider|29\/319
|move|p1a: Tomb Raider|Trick Room|p1a: Tomb Raider
|-fieldstart|move: Trick Room|[of] p1a: Tomb Raider
|
|-heal|p1a: Tomb Raider|48\/319|[from] item: Leftovers
|-boost|p2a: Yanmega|spe|1|[from] ability: Speed Boost
|turn|16
|callback|decision
|
|move|p1a: Tomb Raider|Shadow Ball|p2a: Yanmega
|-damage|p2a: Yanmega|0 fnt
|faint|p2a: Yanmega
|
|-heal|p1a: Tomb Raider|67\/319|[from] item: Leftovers
|callback|decision
|
|switch|p2a: Slowbro|Slowbro, M, shiny|394\/394
|-damage|p2a: Slowbro|345\/394|[from] Stealth Rock
|turn|17
|callback|decision
|
|move|p1a: Tomb Raider|Shadow Ball|p2a: Slowbro
|-supereffective|p2a: Slowbro
|-damage|p2a: Slowbro|0 fnt
|faint|p2a: Slowbro
|
|-heal|p1a: Tomb Raider|86\/319|[from] item: Leftovers
|callback|decision
|
|switch|p2a: Swampert|Swampert, M|162\/404
|-damage|p2a: Swampert|137\/404|[from] Stealth Rock
|turn|18
|callback|decision
|
|move|p1a: Tomb Raider|Shadow Ball|p2a: Swampert
|-damage|p2a: Swampert|0 fnt
|faint|p2a: Swampert
|
|-heal|p1a: Tomb Raider|105\/319|[from] item: Leftovers
|callback|decision
|
|switch|p2a: Roserade|Roserade, F|6\/262
|-damage|p2a: Roserade|0 fnt|[from] Stealth Rock
|faint|p2a: Roserade
|callback|decision
|
|switch|p2a: Heracross|Heracross, M|302\/302
|-damage|p2a: Heracross|265\/302|[from] Stealth Rock
|turn|19
|callback|decision
|
|move|p1a: Tomb Raider|Shadow Ball|p2a: Heracross
|-damage|p2a: Heracross|0 fnt
|faint|p2a: Heracross
|
|win|UltimateRunner14
|raw|Ladder updating...
|raw|UltimateRunner14's rating: 1829 &rarr; <strong>1837<\/strong><br \/>(+8 for winning)
|raw|SwagMasterElite87's rating: 1007 &rarr; <strong>1006<\/strong><br \/>(-1 for losing)
|chat|UltimateRunner14|gg
|chat|SwagMasterElite87|yepp
|leave|SwagMasterElite87
|player|p2