|join|Bushybrows
|join|UltimateRunner14
|player|p1|Bushybrows|123
|player|p2|UltimateRunner14|162
|gametype|singles
|tier|UU (suspect test)
|rated
|rule|Sleep Clause Mod: Limit one foe put to sleep
|rule|Species Clause: Limit one of each Pokemon
|rule|OHKO Clause: OHKO moves are banned
|rule|Moody Clause: Moody is banned
|rule|Evasion Moves Clause: Evasion moves are banned
|rule|HP Percentage Mod: HP is reported as percentages
|rule|Evasion Abilities Clause: Evasion abilities are banned
|clearpoke
|poke|p1|Meloetta
|poke|p1|Zoroark, M
|poke|p1|Milotic, M
|poke|p1|Crobat, M
|poke|p1|Hitmontop, M
|poke|p1|Nidoqueen, F
|poke|p2|Mienshao, M
|poke|p2|Ferroseed, M
|poke|p2|Blastoise, F
|poke|p2|Rhyperior, M
|poke|p2|Cofagrigus, M
|poke|p2|Togekiss, F
|teampreview
|callback|decision
|
|start
|switch|p1a: Crobat|Crobat, M|374\/374
|switch|p2a: Kitty|Mienshao, M|271\/271
|turn|1
|callback|decision
|
|move|p2a: Kitty|U-turn|p1a: Crobat
|-resisted|p1a: Crobat
|-damage|p1a: Crobat|349\/374
|callback|decision
|
|switch|p2a: Rhino|Rhyperior, M|433\/433
|move|p1a: Crobat|Brave Bird|p2a: Rhino
|-resisted|p2a: Rhino
|-damage|p2a: Rhino|379\/433
|-damage|p1a: Crobat|331\/374|[from] recoil|[of] p2a: Rhino
|
|-heal|p1a: Crobat|354\/374|[from] item: Black Sludge
|-heal|p2a: Rhino|406\/433|[from] item: Leftovers
|turn|2
|callback|decision
|
|move|p1a: Crobat|U-turn|p2a: Rhino
|-damage|p2a: Rhino|363\/433
|callback|decision
|
|switch|p1a: Hitmontop|Hitmontop, M|304\/304
|-ability|p1a: Hitmontop|Intimidate|[of] p2a: Rhino
|-unboost|p2a: Rhino|atk|1
|move|p2a: Rhino|Stealth Rock|p1a: Hitmontop
|-sidestart|p1: Bushybrows|move: Stealth Rock
|
|-heal|p2a: Rhino|390\/433|[from] item: Leftovers
|turn|3
|callback|decision
|
|switch|p2a: Tomb Raider|Cofagrigus, M|319\/319
|move|p1a: Hitmontop|Toxic|p2a: Tomb Raider
|-status|p2a: Tomb Raider|tox
|
|-damage|p2a: Tomb Raider|300\/319 tox|[from] psn
|turn|4
|callback|decision
|
|switch|p1a: Milotic|Milotic, M|394\/394
|-damage|p1a: Milotic|345\/394|[from] Stealth Rock
|move|p2a: Tomb Raider|Trick Room|p2a: Tomb Raider
|-fieldstart|move: Trick Room|[of] p2a: Tomb Raider
|
|-heal|p2a: Tomb Raider|319\/319 tox|[from] item: Leftovers
|-heal|p1a: Milotic|369\/394|[from] item: Leftovers
|-damage|p2a: Tomb Raider|281\/319 tox|[from] psn
|turn|5
|callback|decision
|
|move|p2a: Tomb Raider|Nasty Plot|p2a: Tomb Raider
|-boost|p2a: Tomb Raider|spa|2
|move|p1a: Milotic|Dragon Tail|p2a: Tomb Raider|[miss]
|-miss|p1a: Milotic|p2a: Tomb Raider
|
|-heal|p2a: Tomb Raider|300\/319 tox|[from] item: Leftovers
|-heal|p1a: Milotic|393\/394|[from] item: Leftovers
|-damage|p2a: Tomb Raider|243\/319 tox|[from] psn
|turn|6
|callback|decision
|
|move|p2a: Tomb Raider|Shadow Ball|p1a: Milotic
|-damage|p1a: Milotic|200\/394
|move|p1a: Milotic|Dragon Tail|p2a: Tomb Raider
|-damage|p2a: Tomb Raider|217\/319 tox
|-ability|p1a: Milotic|Mummy|[from] Mummy
|drag|p2a: Rhino|Rhyperior, M|390\/433
|
|-heal|p2a: Rhino|417\/433|[from] item: Leftovers
|-heal|p1a: Milotic|224\/394|[from] item: Leftovers
|turn|7
|callback|decision
|
|move|p2a: Rhino|Earthquake|p1a: Milotic
|-damage|p1a: Milotic|88\/394
|move|p1a: Milotic|Scald|p2a: Rhino
|-supereffective|p2a: Rhino
|-damage|p2a: Rhino|72\/433
|
|-heal|p2a: Rhino|99\/433|[from] item: Leftovers
|-heal|p1a: Milotic|112\/394|[from] item: Leftovers
|turn|8
|callback|decision
|
|switch|p1a: Hitmontop|Hitmontop, M|304\/304
|-damage|p1a: Hitmontop|285\/304|[from] Stealth Rock
|-ability|p1a: Hitmontop|Intimidate|[of] p2a: Rhino
|-unboost|p2a: Rhino|atk|1
|move|p2a: Rhino|Rock Blast|p1a: Hitmontop
|-resisted|p1a: Hitmontop
|-damage|p1a: Hitmontop|269\/304
|-resisted|p1a: Hitmontop
|-damage|p1a: Hitmontop|254\/304
|-resisted|p1a: Hitmontop
|-damage|p1a: Hitmontop|238\/304
|-resisted|p1a: Hitmontop
|-damage|p1a: Hitmontop|223\/304
|-resisted|p1a: Hitmontop
|-damage|p1a: Hitmontop|208\/304
|-hitcount|p1a: Hitmontop|5
|
|-heal|p2a: Rhino|126\/433|[from] item: Leftovers
|-heal|p1a: Hitmontop|227\/304|[from] item: Leftovers
|-fieldend|move: Trick Room
|turn|9
|callback|decision
|
|switch|p2a: Tomb Raider|Cofagrigus, M|217\/319 tox
|move|p1a: Hitmontop|Toxic|p2a: Tomb Raider
|-fail|p2a: Tomb Raider|tox
|
|-heal|p1a: Hitmontop|246\/304|[from] item: Leftovers
|-heal|p2a: Tomb Raider|236\/319 tox|[from] item: Leftovers
|-damage|p2a: Tomb Raider|217\/319 tox|[from] psn
|turn|10
|callback|decision
|
|move|p1a: Hitmontop|Sucker Punch|p2a: Tomb Raider
|-supereffective|p2a: Tomb Raider
|-damage|p2a: Tomb Raider|129\/319 tox
|-ability|p1a: Hitmontop|Mummy|[from] Mummy
|move|p2a: Tomb Raider|Shadow Ball|p1a: Hitmontop
|-damage|p1a: Hitmontop|153\/304
|-unboost|p1a: Hitmontop|spd|1
|
|-heal|p1a: Hitmontop|172\/304|[from] item: Leftovers
|-heal|p2a: Tomb Raider|148\/319 tox|[from] item: Leftovers
|-damage|p2a: Tomb Raider|110\/319 tox|[from] psn
|turn|11
|callback|decision
|
|switch|p1a: Meloetta|Meloetta|404\/404
|-damage|p1a: Meloetta|354\/404|[from] Stealth Rock
|move|p2a: Tomb Raider|Shadow Ball|p1a: Meloetta
|-immune|p1a: Meloetta|[msg]
|
|-heal|p1a: Meloetta|379\/404|[from] item: Leftovers
|-heal|p2a: Tomb Raider|129\/319 tox|[from] item: Leftovers
|-damage|p2a: Tomb Raider|72\/319 tox|[from] psn
|turn|12
|callback|decision
|
|switch|p2a: Sheldon|Blastoise, F|362\/362
|move|p1a: Meloetta|Calm Mind|p1a: Meloetta
|-boost|p1a: Meloetta|spa|1
|-boost|p1a: Meloetta|spd|1
|
|-heal|p1a: Meloetta|404\/404|[from] item: Leftovers
|turn|13
|callback|decision
|
|move|p1a: Meloetta|Calm Mind|p1a: Meloetta
|-boost|p1a: Meloetta|spa|1
|-boost|p1a: Meloetta|spd|1
|move|p2a: Sheldon|Roar|p1a: Meloetta
|drag|p1a: Crobat|Crobat, M|354\/374
|-damage|p1a: Crobat|261\/374|[from] Stealth Rock
|
|-heal|p1a: Crobat|284\/374|[from] item: Black Sludge
|turn|14
|callback|decision
|
|move|p1a: Crobat|U-turn|p2a: Sheldon
|-damage|p2a: Sheldon|323\/362
|callback|decision
|
|switch|p1a: Milotic|Milotic, M|112\/394
|-damage|p1a: Milotic|63\/394|[from] Stealth Rock
|move|p2a: Sheldon|Scald|p1a: Milotic
|-resisted|p1a: Milotic
|-damage|p1a: Milotic|32\/394
|
|-heal|p2a: Sheldon|345\/362|[from] item: Leftovers
|-heal|p1a: Milotic|56\/394|[from] item: Leftovers
|turn|15
|callback|decision
|
|switch|p2a: Tomb Raider|Cofagrigus, M|72\/319 tox
|move|p1a: Milotic|Recover|p1a: Milotic
|-heal|p1a: Milotic|253\/394
|
|-heal|p1a: Milotic|277\/394|[from] item: Leftovers
|-heal|p2a: Tomb Raider|91\/319 tox|[from] item: Leftovers
|-damage|p2a: Tomb Raider|72\/319 tox|[from] psn
|turn|16
|callback|decision
|
|switch|p2a: Grenade|Ferroseed, M|292\/292
|move|p1a: Milotic|Scald|p2a: Grenade
|-resisted|p2a: Grenade
|-damage|p2a: Grenade|256\/292
|-status|p2a: Grenade|brn
|
|-heal|p1a: Milotic|301\/394|[from] item: Leftovers
|-damage|p2a: Grenade|220\/292 brn|[from] brn
|turn|17
|callback|decision
|chat|Bushybrows|boom
|
|move|p1a: Milotic|Scald|p2a: Grenade
|-crit|p2a: Grenade
|-resisted|p2a: Grenade
|-damage|p2a: Grenade|148\/292 brn
|move|p2a: Grenade|Leech Seed|p1a: Milotic|[miss]
|-miss|p2a: Grenade|p1a: Milotic
|
|-heal|p1a: Milotic|325\/394|[from] item: Leftovers
|-damage|p2a: Grenade|112\/292 brn|[from] brn
|turn|18
|callback|decision
|
|switch|p1a: Crobat|Crobat, M|261\/261
|-damage|p1a: Crobat|229\/261|[from] Stealth Rock
|move|p2a: Grenade|Leech Seed|p1a: Crobat
|-start|p1a: Crobat|move: Leech Seed
|
|-heal|p1a: Crobat|245\/261|[from] item: Leftovers
|-damage|p1a: Crobat|213\/261|[from] Leech Seed|[of] p2a: Grenade
|-heal|p2a: Grenade|144\/292 brn|[silent]
|-damage|p2a: Grenade|108\/292 brn|[from] brn
|turn|19
|callback|decision
|
|move|p1a: Crobat|Flamethrower|p2a: Grenade
|-supereffective|p2a: Grenade
|-damage|p2a: Grenade|0 fnt
|faint|p2a: Grenade
|
|-heal|p1a: Crobat|229\/261|[from] item: Leftovers
|callback|decision
|
|switch|p2a: Rhino|Rhyperior, M|126\/433
|turn|20
|callback|decision
|
|move|p1a: Crobat|Focus Blast|p2a: Rhino
|-supereffective|p2a: Rhino
|-damage|p2a: Rhino|0 fnt
|faint|p2a: Rhino
|
|-heal|p1a: Crobat|245\/261|[from] item: Leftovers
|callback|decision
|
|switch|p2a: Scrambled|Togekiss, F|311\/311
|turn|21
|callback|decision
|
|move|p1a: Crobat|Nasty Plot|p1a: Crobat
|-boost|p1a: Crobat|spa|2
|move|p2a: Scrambled|Air Slash|p1a: Crobat
|replace|p1a: Zoroark|Zoroark, M|245\/261
|-damage|p1a: Zoroark|41\/261
|
|-heal|p1a: Zoroark|57\/261|[from] item: Leftovers
|-damage|p1a: Zoroark|25\/261|[from] Leech Seed|[of] p2a: Scrambled
|turn|22
|callback|decision
|
|switch|p2a: Tomb Raider|Cofagrigus, M|72\/319 tox
|move|p1a: Zoroark|Dark Pulse|p2a: Tomb Raider
|-supereffective|p2a: Tomb Raider
|-damage|p2a: Tomb Raider|0 fnt
|faint|p2a: Tomb Raider
|
|-heal|p1a: Zoroark|41\/261|[from] item: Leftovers
|callback|decision
|
|switch|p2a: Kitty|Mienshao, M|271\/271
|turn|23
|callback|decision
|
|switch|p1a: Crobat|Crobat, M|284\/374
|-damage|p1a: Crobat|191\/374|[from] Stealth Rock
|move|p2a: Kitty|U-turn|p1a: Crobat
|-resisted|p1a: Crobat
|-damage|p1a: Crobat|167\/374
|callback|decision
|
|switch|p2a: Scrambled|Togekiss, F|311\/311
|
|-heal|p1a: Crobat|190\/374|[from] item: Black Sludge
|turn|24
|callback|decision
|
|move|p1a: Crobat|Brave Bird|p2a: Scrambled
|-damage|p2a: Scrambled|172\/311
|-damage|p1a: Crobat|144\/374|[from] recoil|[of] p2a: Scrambled
|move|p2a: Scrambled|Air Slash|p1a: Crobat|[miss]
|-miss|p2a: Scrambled|p1a: Crobat
|
|-heal|p1a: Crobat|167\/374|[from] item: Black Sludge
|-heal|p2a: Scrambled|191\/311|[from] item: Leftovers
|turn|25
|callback|decision
|
|switch|p2a: Sheldon|Blastoise, F|345\/362
|move|p1a: Crobat|Taunt|p2a: Sheldon
|-start|p2a: Sheldon|move: Taunt
|
|-heal|p1a: Crobat|190\/374|[from] item: Black Sludge
|-heal|p2a: Sheldon|362\/362|[from] item: Leftovers
|turn|26
|callback|decision
|
|move|p1a: Crobat|U-turn|p2a: Sheldon
|-damage|p2a: Sheldon|327\/362
|callback|decision
|
|switch|p1a: Meloetta|Meloetta|404\/404
|-damage|p1a: Meloetta|354\/404|[from] Stealth Rock
|move|p2a: Sheldon|Scald|p1a: Meloetta
|-damage|p1a: Meloetta|281\/404
|
|-heal|p1a: Meloetta|306\/404|[from] item: Leftovers
|-heal|p2a: Sheldon|349\/362|[from] item: Leftovers
|turn|27
|callback|decision
|
|move|p1a: Meloetta|Calm Mind|p1a: Meloetta
|-boost|p1a: Meloetta|spa|1
|-boost|p1a: Meloetta|spd|1
|move|p2a: Sheldon|Scald|p1a: Meloetta
|-damage|p1a: Meloetta|258\/404
|
|-heal|p1a: Meloetta|283\/404|[from] item: Leftovers
|-heal|p2a: Sheldon|362\/362|[from] item: Leftovers
|turn|28
|callback|decision
|
|move|p1a: Meloetta|Thunderbolt|p2a: Sheldon
|-supereffective|p2a: Sheldon
|-damage|p2a: Sheldon|24\/362
|move|p2a: Sheldon|Scald|p1a: Meloetta
|-damage|p1a: Meloetta|211\/404
|-status|p1a: Meloetta|brn
|
|-heal|p1a: Meloetta|236\/404 brn|[from] item: Leftovers
|-heal|p2a: Sheldon|46\/362|[from] item: Leftovers
|-damage|p1a: Meloetta|186\/404 brn|[from] brn
|-end|p2a: Sheldon|move: Taunt
|turn|29
|callback|decision
|
|move|p1a: Meloetta|Thunderbolt|p2a: Sheldon
|-supereffective|p2a: Sheldon
|-damage|p2a: Sheldon|0 fnt
|faint|p2a: Sheldon
|
|-heal|p1a: Meloetta|211\/404 brn|[from] item: Leftovers
|-damage|p1a: Meloetta|161\/404 brn|[from] brn
|callback|decision
|
|switch|p2a: Kitty|Mienshao, M|271\/271
|turn|30
|callback|decision
|
|switch|p1a: Crobat|Crobat, M|190\/374
|-damage|p1a: Crobat|97\/374|[from] Stealth Rock
|move|p2a: Kitty|Hi Jump Kick|p1a: Crobat
|-resisted|p1a: Crobat
|-damage|p1a: Crobat|16\/374
|
|-heal|p1a: Crobat|39\/374|[from] item: Black Sludge
|turn|31
|callback|decision
|
|move|p2a: Kitty|Hi Jump Kick|p1a: Crobat
|-resisted|p1a: Crobat
|-damage|p1a: Crobat|0 fnt
|faint|p1a: Crobat
|
|callback|decision
|
|switch|p1a: Hitmontop|Hitmontop, M|172\/304
|-damage|p1a: Hitmontop|153\/304|[from] Stealth Rock
|-ability|p1a: Hitmontop|Intimidate|[of] p2a: Kitty
|-unboost|p2a: Kitty|atk|1
|turn|32
|callback|decision
|
|switch|p2a: Scrambled|Togekiss, F|191\/311
|move|p1a: Hitmontop|Close Combat|p2a: Scrambled
|-damage|p2a: Scrambled|44\/311
|-unboost|p1a: Hitmontop|def|1
|-unboost|p1a: Hitmontop|spd|1
|
|-heal|p2a: Scrambled|63\/311|[from] item: Leftovers
|-heal|p1a: Hitmontop|172\/304|[from] item: Leftovers
|turn|33
|callback|decision
|
|move|p1a: Hitmontop|Sucker Punch|p2a: Scrambled
|-fail|p2a: Scrambled
|move|p2a: Scrambled|Nasty Plot|p2a: Scrambled
|-boost|p2a: Scrambled|spa|2
|
|-heal|p2a: Scrambled|82\/311|[from] item: Leftovers
|-heal|p1a: Hitmontop|191\/304|[from] item: Leftovers
|turn|34
|callback|decision
|
|move|p1a: Hitmontop|Sucker Punch|p2a: Scrambled
|-damage|p2a: Scrambled|15\/311
|move|p2a: Scrambled|Air Slash|p1a: Hitmontop
|-supereffective|p1a: Hitmontop
|-damage|p1a: Hitmontop|0 fnt
|faint|p1a: Hitmontop
|
|-heal|p2a: Scrambled|34\/311|[from] item: Leftovers
|callback|decision
|
|switch|p1a: Milotic|Milotic, M|325\/394
|-damage|p1a: Milotic|276\/394|[from] Stealth Rock
|turn|35
|callback|decision
|
|move|p2a: Scrambled|Grass Knot|p1a: Milotic
|-supereffective|p1a: Milotic
|-damage|p1a: Milotic|0 fnt
|faint|p1a: Milotic
|
|-heal|p2a: Scrambled|53\/311|[from] item: Leftovers
|callback|decision
|
|switch|p1a: Meloetta|Meloetta|161\/404 brn
|-damage|p1a: Meloetta|111\/404 brn|[from] Stealth Rock
|turn|36
|callback|decision
|
|move|p2a: Scrambled|Air Slash|p1a: Meloetta
|-damage|p1a: Meloetta|0 fnt
|faint|p1a: Meloetta
|
|-heal|p2a: Scrambled|72\/311|[from] item: Leftovers
|callback|decision
|
|switch|p1a: Zoroark|Zoroark, M|41\/261
|-damage|p1a: Zoroark|9\/261|[from] Stealth Rock
|turn|37
|callback|decision
|
|switch|p2a: Kitty|Mienshao, M|271\/271
|move|p1a: Zoroark|Dark Pulse|p2a: Kitty
|-resisted|p2a: Kitty
|-damage|p2a: Kitty|174\/271
|
|-heal|p1a: Zoroark|25\/261|[from] item: Leftovers
|turn|38
|callback|decision
|
|switch|p1a: Nidoqueen|Nidoqueen, F|384\/384
|-damage|p1a: Nidoqueen|360\/384|[from] Stealth Rock
|move|p2a: Kitty|U-turn|p1a: Nidoqueen
|-resisted|p1a: Nidoqueen
|-damage|p1a: Nidoqueen|313\/384
|callback|decision
|
|switch|p2a: Scrambled|Togekiss, F|72\/311
|
|-heal|p2a: Scrambled|91\/311|[from] item: Leftovers
|turn|39
|callback|decision
|
|move|p2a: Scrambled|Air Slash|p1a: Nidoqueen
|-damage|p1a: Nidoqueen|171\/384
|cant|p1a: Nidoqueen|flinch
|
|-heal|p2a: Scrambled|110\/311|[from] item: Leftovers
|turn|40
|callback|decision
|
|move|p2a: Scrambled|Air Slash|p1a: Nidoqueen
|-damage|p1a: Nidoqueen|26\/384
|move|p1a: Nidoqueen|Sludge Wave|p2a: Scrambled
|-crit|p2a: Scrambled
|-damage|p2a: Scrambled|0 fnt
|faint|p2a: Scrambled
|
|callback|decision
|
|switch|p2a: Kitty|Mienshao, M|174\/271
|turn|41
|callback|decision
|chat|UltimateRunner14|boom
|
|move|p2a: Kitty|Aerial Ace|p1a: Nidoqueen
|-damage|p1a: Nidoqueen|0 fnt
|faint|p1a: Nidoqueen
|
|callback|decision
|
|switch|p1a: Zoroark|Zoroark, M|25\/261
|-damage|p1a: Zoroark|0 fnt|[from] Stealth Rock
|faint|p1a: Zoroark
|
|win|UltimateRunner14
|raw|Ladder updating...
|chat|Bushybrows|gg
|raw|Bushybrows's rating: 1477 &rarr; <strong>1474<\/strong><br \/>(-3 for losing)
|raw|UltimateRunner14's rating: 1690 &rarr; <strong>1721<\/strong><br \/>(+31 for winning)
|chat|UltimateRunner14|gg
|leave|Bushybrows
|player|p1