|join|elzy
|join|JiJiWp
|player|p1|elzy|170
|player|p2|JiJiWp|270
|gametype|singles
|gen|6
|tier|OU
|rated
|clearpoke
|poke|p1|Ambipom, F
|poke|p1|Forretress, M
|poke|p1|Alomomola, M
|poke|p1|Noivern, M
|poke|p1|Venusaur, F
|poke|p1|Scizor, F
|poke|p2|Crawdaunt, F
|poke|p2|Trevenant, M
|poke|p2|Mamoswine, M
|poke|p2|Manectric, M
|poke|p2|Talonflame, F
|poke|p2|Gliscor, F
|rule|Swagger Clause: Swagger is banned
|rule|Baton Pass Clause: Limit one PokÃ©mon knowing Baton Pass
|rule|Sleep Clause Mod: Limit one foe put to sleep
|rule|Species Clause: Limit one of each PokÃ©mon
|rule|OHKO Clause: OHKO moves are banned
|rule|Moody Clause: Moody is banned
|rule|Evasion Moves Clause: Evasion moves are banned
|rule|Endless Battle Clause: Forcing endless battles is banned
|rule|HP Percentage Mod: HP is shown in percentages
|teampreview
|
|start
|switch|p1a: Ambipom|Ambipom, F|291\/291
|switch|p2a: Trevenant|Trevenant, M|374\/374
|turn|1
|
|move|p1a: Ambipom|U-turn|p2a: Trevenant
|-damage|p2a: Trevenant|292\/374
|-damage|p1a: Ambipom|262\/291|[from] item: Life Orb
|
|switch|p1a: Forretress|Forretress, M|354\/354
|move|p2a: Trevenant|Will-O-Wisp|p1a: Forretress
|-status|p1a: Forretress|brn
|
|-damage|p1a: Forretress|310\/354 brn|[from] brn
|turn|2
|
|move|p2a: Trevenant|Shadow Claw|p1a: Forretress
|-damage|p1a: Forretress|259\/354 brn
|-damage|p2a: Trevenant|230\/374|[from] item: Rocky Helmet|[of] p1a: Forretress
|move|p1a: Forretress|Toxic Spikes|p2a: Trevenant
|-sidestart|p2: JiJiWp|move: Toxic Spikes
|
|-damage|p1a: Forretress|215\/354 brn|[from] brn
|turn|3
|
|move|p2a: Trevenant|Leech Seed|p1a: Forretress
|-start|p1a: Forretress|move: Leech Seed
|move|p1a: Forretress|Stealth Rock|p2a: Trevenant
|-sidestart|p2: JiJiWp|move: Stealth Rock
|
|-damage|p1a: Forretress|171\/354 brn|[from] Leech Seed|[of] p2a: Trevenant
|-heal|p2a: Trevenant|274\/374|[silent]
|-damage|p1a: Forretress|127\/354 brn|[from] brn
|turn|4
|
|switch|p1a: Ambipom|Ambipom, F|262\/291
|move|p2a: Trevenant|Shadow Claw|p1a: Ambipom
|-immune|p1a: Ambipom|[msg]
|
|turn|5
|
|move|p1a: Ambipom|U-turn|p2a: Trevenant
|-damage|p2a: Trevenant|190\/374
|-damage|p1a: Ambipom|233\/291|[from] item: Life Orb
|
|switch|p1a: Forretress|Forretress, M|127\/354 brn
|move|p2a: Trevenant|Will-O-Wisp|p1a: Forretress
|-fail|p1a: Forretress|brn
|
|-damage|p1a: Forretress|83\/354 brn|[from] brn
|turn|6
|
|move|p2a: Trevenant|Shadow Claw|p1a: Forretress
|-damage|p1a: Forretress|26\/354 brn
|-damage|p2a: Trevenant|128\/374|[from] item: Rocky Helmet|[of] p1a: Forretress
|-enditem|p2a: Trevenant|Sitrus Berry|[eat]
|-heal|p2a: Trevenant|221\/374|[from] item: Sitrus Berry
|move|p1a: Forretress|Gyro Ball|p2a: Trevenant
|-damage|p2a: Trevenant|199\/374
|
|-damage|p1a: Forretress|0 fnt|[from] brn
|-item|p2a: Trevenant|Sitrus Berry|[from] ability: Harvest
|faint|p1a: Forretress
|
|switch|p1a: Noivern|Noivern, M|311\/311
|-item|p2a: Trevenant|Sitrus Berry|[from] ability: Frisk|[of] p1a: Noivern|[identify]
|turn|7
|
|move|p1a: Noivern|Draco Meteor|p2a: Trevenant
|-damage|p2a: Trevenant|0 fnt
|-unboost|p1a: Noivern|spa|2
|faint|p2a: Trevenant
|
|
|switch|p2a: Mamoswine|Mamoswine, M|362\/362
|-status|p2a: Mamoswine|psn
|-damage|p2a: Mamoswine|317\/362 psn|[from] Stealth Rock
|turn|8
|
|switch|p1a: Scizor|Scizor, F|344\/344
|move|p2a: Mamoswine|Stealth Rock|p1a: Scizor
|-sidestart|p1: elzy|move: Stealth Rock
|
|-damage|p2a: Mamoswine|272\/362 psn|[from] psn
|turn|9
|
|switch|p2a: Gliscor|Gliscor, F|354\/354
|-damage|p2a: Gliscor|310\/354|[from] Stealth Rock
|move|p1a: Scizor|U-turn|p2a: Gliscor
|-resisted|p2a: Gliscor
|-damage|p2a: Gliscor|226\/354
|
|switch|p1a: Noivern|Noivern, M|311\/311
|-damage|p1a: Noivern|234\/311|[from] Stealth Rock
|-item|p2a: Gliscor|Toxic Orb|[from] ability: Frisk|[of] p1a: Noivern|[identify]
|
|-status|p2a: Gliscor|tox|[from] item: Toxic Orb
|turn|10
|
|move|p1a: Noivern|Draco Meteor|p2a: Gliscor
|-damage|p2a: Gliscor|0 fnt
|-unboost|p1a: Noivern|spa|2
|faint|p2a: Gliscor
|
|
|switch|p2a: Mamoswine|Mamoswine, M|272\/362 psn
|-damage|p2a: Mamoswine|227\/362 psn|[from] Stealth Rock
|turn|11
|
|switch|p1a: Alomomola|Alomomola, M|534\/534
|-damage|p1a: Alomomola|468\/534|[from] Stealth Rock
|move|p2a: Mamoswine|Earthquake|p1a: Alomomola
|-crit|p1a: Alomomola
|-damage|p1a: Alomomola|239\/534
|
|-heal|p1a: Alomomola|272\/534|[from] item: Leftovers
|-damage|p2a: Mamoswine|182\/362 psn|[from] psn
|turn|12
|
|switch|p2a: Crawdaunt|Crawdaunt, F|330\/330
|-status|p2a: Crawdaunt|psn
|-damage|p2a: Crawdaunt|289\/330 psn|[from] Stealth Rock
|move|p1a: Alomomola|Wish|p1a: Alomomola
|
|-heal|p1a: Alomomola|305\/534|[from] item: Leftovers
|-heal|p2a: Crawdaunt|309\/330 psn|[from] item: Leftovers
|-damage|p2a: Crawdaunt|268\/330 psn|[from] psn
|turn|13
|
|move|p1a: Alomomola|Protect|p1a: Alomomola
|-singleturn|p1a: Alomomola|Protect
|move|p2a: Crawdaunt|Knock Off|p1a: Alomomola
|-activate|p1a: Alomomola|Protect
|
|-heal|p1a: Alomomola|534\/534|[from] move: Wish|[wisher] Alomomola
|-heal|p2a: Crawdaunt|288\/330 psn|[from] item: Leftovers
|-damage|p2a: Crawdaunt|247\/330 psn|[from] psn
|turn|14
|
|switch|p1a: Venusaur|Venusaur, F|322\/322
|-damage|p1a: Venusaur|282\/322|[from] Stealth Rock
|move|p2a: Crawdaunt|Knock Off|p1a: Venusaur
|-damage|p1a: Venusaur|110\/322
|
|-heal|p2a: Crawdaunt|267\/330 psn|[from] item: Leftovers
|-damage|p2a: Crawdaunt|226\/330 psn|[from] psn
|turn|15
|
|detailschange|p1a: Venusaur|Venusaur-Mega, F
|message|Venusaur has Mega Evolved into Mega Venusaur!
|move|p1a: Venusaur|Giga Drain|p2a: Crawdaunt
|-supereffective|p2a: Crawdaunt
|-damage|p2a: Crawdaunt|0 fnt
|-heal|p1a: Venusaur|223\/322|[from] drain|[of] p2a: Crawdaunt
|faint|p2a: Crawdaunt
|
|
|switch|p2a: Talonflame|Talonflame, F|323\/323
|-damage|p2a: Talonflame|162\/323|[from] Stealth Rock
|turn|16
|
|switch|p1a: Alomomola|Alomomola, M|534\/534
|-damage|p1a: Alomomola|468\/534|[from] Stealth Rock
|move|p2a: Talonflame|Roost|p2a: Talonflame
|-heal|p2a: Talonflame|323\/323
|
|-heal|p1a: Alomomola|501\/534|[from] item: Leftovers
|turn|17
|
|move|p2a: Talonflame|U-turn|p1a: Alomomola
|-damage|p1a: Alomomola|427\/534
|-damage|p2a: Talonflame|291\/323|[from] item: Life Orb
|
|switch|p2a: Manectric|Manectric, M|281\/281
|-damage|p2a: Manectric|246\/281|[from] Stealth Rock
|-status|p2a: Manectric|psn
|move|p1a: Alomomola|Toxic|p2a: Manectric
|-fail|p2a: Manectric
|
|-heal|p1a: Alomomola|460\/534|[from] item: Leftovers
|-damage|p2a: Manectric|211\/281 psn|[from] psn
|turn|18
|
|detailschange|p2a: Manectric|Manectric-Mega, M
|message|Manectric has Mega Evolved into Mega Manectric!
|-ability|p2a: Manectric|Intimidate|[of] p1a: Alomomola
|-unboost|p1a: Alomomola|atk|1
|move|p1a: Alomomola|Protect|p1a: Alomomola
|-singleturn|p1a: Alomomola|Protect
|move|p2a: Manectric|Volt Switch|p1a: Alomomola
|-activate|p1a: Alomomola|Protect
|
|-heal|p1a: Alomomola|493\/534|[from] item: Leftovers
|-damage|p2a: Manectric|176\/281 psn|[from] psn
|turn|19
|
|switch|p1a: Venusaur|Venusaur-Mega, F|223\/322
|-damage|p1a: Venusaur|183\/322|[from] Stealth Rock
|move|p2a: Manectric|Overheat|p1a: Venusaur
|-supereffective|p1a: Venusaur
|-damage|p1a: Venusaur|59\/322
|-unboost|p2a: Manectric|spa|2
|
|-damage|p2a: Manectric|141\/281 psn|[from] psn
|turn|20
|
|switch|p2a: Mamoswine|Mamoswine, M|182\/362 psn
|-damage|p2a: Mamoswine|137\/362 psn|[from] Stealth Rock
|move|p1a: Venusaur|Synthesis|p1a: Venusaur
|-heal|p1a: Venusaur|220\/322
|
|-damage|p2a: Mamoswine|92\/362 psn|[from] psn
|turn|21
|
|move|p2a: Mamoswine|Earthquake|p1a: Venusaur
|-damage|p1a: Venusaur|79\/322
|move|p1a: Venusaur|Synthesis|p1a: Venusaur
|-heal|p1a: Venusaur|240\/322
|
|-damage|p2a: Mamoswine|47\/362 psn|[from] psn
|turn|22
|
|switch|p1a: Noivern|Noivern, M|234\/311
|-damage|p1a: Noivern|157\/311|[from] Stealth Rock
|-item|p2a: Mamoswine|Focus Sash|[from] ability: Frisk|[of] p1a: Noivern|[identify]
|move|p2a: Mamoswine|Earthquake|p1a: Noivern
|-immune|p1a: Noivern|[msg]
|
|-damage|p2a: Mamoswine|2\/362 psn|[from] psn
|turn|23
|
|switch|p1a: Alomomola|Alomomola, M|534\/534
|-damage|p1a: Alomomola|468\/534|[from] Stealth Rock
|move|p2a: Mamoswine|Ice Shard|p1a: Alomomola
|-resisted|p1a: Alomomola
|-damage|p1a: Alomomola|436\/534
|
|-heal|p1a: Alomomola|469\/534|[from] item: Leftovers
|-damage|p2a: Mamoswine|0 fnt|[from] psn
|faint|p2a: Mamoswine
|
|switch|p2a: Manectric|Manectric-Mega, M|141\/281 psn
|-damage|p2a: Manectric|106\/281 psn|[from] Stealth Rock
|-ability|p2a: Manectric|Intimidate|[of] p1a: Alomomola
|-unboost|p1a: Alomomola|atk|1
|turn|24
|
|move|p2a: Manectric|Protect|p2a: Manectric
|-singleturn|p2a: Manectric|Protect
|move|p1a: Alomomola|Protect|p1a: Alomomola
|-fail|p1a: Alomomola
|
|-heal|p1a: Alomomola|502\/534|[from] item: Leftovers
|-damage|p2a: Manectric|71\/281 psn|[from] psn
|turn|25
|
|move|p1a: Alomomola|Protect|p1a: Alomomola
|-singleturn|p1a: Alomomola|Protect
|move|p2a: Manectric|Volt Switch|p1a: Alomomola
|-activate|p1a: Alomomola|Protect
|
|-heal|p1a: Alomomola|534\/534|[from] item: Leftovers
|-damage|p2a: Manectric|36\/281 psn|[from] psn
|turn|26
|
|switch|p1a: Venusaur|Venusaur-Mega, F|240\/322
|-damage|p1a: Venusaur|200\/322|[from] Stealth Rock
|move|p2a: Manectric|Volt Switch|p1a: Venusaur
|-resisted|p1a: Venusaur
|-damage|p1a: Venusaur|146\/322
|
|switch|p2a: Talonflame|Talonflame, F|291\/323
|-damage|p2a: Talonflame|130\/323|[from] Stealth Rock
|
|turn|27
|
|move|p2a: Talonflame|Brave Bird|p1a: Venusaur
|-supereffective|p1a: Venusaur
|-damage|p1a: Venusaur|0 fnt
|-damage|p2a: Talonflame|82\/323|[from] recoil|[of] p1a: Venusaur
|-damage|p2a: Talonflame|50\/323|[from] item: Life Orb
|faint|p1a: Venusaur
|
|
|switch|p1a: Ambipom|Ambipom, F|233\/291
|-damage|p1a: Ambipom|197\/291|[from] Stealth Rock
|turn|28
|
|move|p1a: Ambipom|Fake Out|p2a: Talonflame
|-damage|p2a: Talonflame|0 fnt
|-damage|p1a: Ambipom|168\/291|[from] item: Life Orb
|faint|p2a: Talonflame
|
|
|switch|p2a: Manectric|Manectric-Mega, M|36\/281 psn
|-damage|p2a: Manectric|1\/281 psn|[from] Stealth Rock
|-ability|p2a: Manectric|Intimidate|[of] p1a: Ambipom
|-unboost|p1a: Ambipom|atk|1
|turn|29
|
|switch|p1a: Scizor|Scizor, F|344\/344
|-damage|p1a: Scizor|301\/344|[from] Stealth Rock
|move|p2a: Manectric|Volt Switch|p1a: Scizor
|-damage|p1a: Scizor|151\/344
|
|-damage|p2a: Manectric|0 fnt|[from] psn
|faint|p2a: Manectric
|
|win|elzy
|raw|Ladder updating...
|raw|elzy's rating: 1044 &rarr; <strong>1076<\/strong><br \/>(+32 for winning)
|raw|JiJiWp's rating: 1030 &rarr; <strong>1016<\/strong><br \/>(-14 for losing)
|chat|JiJiWp|gg
|leave|JiJiWp
|player|p2
|chat|elzy|gg