|join|Thats So Ravin
|join|elzy
|player|p1|Thats So Ravin|273
|player|p2|elzy|2
|gametype|singles
|gen|6
|tier|OU
|rated
|clearpoke
|poke|p1|Venusaur, M
|poke|p1|Heatran, F
|poke|p1|Landorus-Therian, M
|poke|p1|Latios, M
|poke|p1|Conkeldurr, F
|poke|p1|Gengar, M
|poke|p2|Hawlucha, F
|poke|p2|Porygon2
|poke|p2|Gengar, F
|poke|p2|Metagross
|poke|p2|Venusaur, M
|poke|p2|Umbreon, F
|rule|Swagger Clause: Swagger is banned
|rule|Baton Pass Clause: Limit one PokÃ©mon knowing Baton Pass
|rule|Sleep Clause Mod: Limit one foe put to sleep
|rule|Species Clause: Limit one of each PokÃ©mon
|rule|OHKO Clause: OHKO moves are banned
|rule|Moody Clause: Moody is banned
|rule|Evasion Moves Clause: Evasion moves are banned
|rule|Endless Battle Clause: Forcing endless battles is banned
|rule|HP Percentage Mod: HP is shown in percentages
|teampreview
|
|start
|switch|p1a: Landorus-Therian|Landorus-Therian, M|319\/319
|switch|p2a: I am fat|Venusaur, M|364\/364
|-ability|p1a: Landorus-Therian|Intimidate|[of] p2a: I am fat
|-unboost|p2a: I am fat|atk|1
|turn|1
|
|detailschange|p2a: I am fat|Venusaur-Mega, M
|message|Venusaur has Mega Evolved into Mega Venusaur!
|move|p1a: Landorus-Therian|U-turn|p2a: I am fat
|-crit|p2a: I am fat
|-damage|p2a: I am fat|265\/364
|
|switch|p1a: Latios|Latios, M|302\/302
|move|p2a: I am fat|Leech Seed|p1a: Latios
|-start|p1a: Latios|move: Leech Seed
|
|-damage|p1a: Latios|265\/302|[from] Leech Seed|[of] p2a: I am fat
|-heal|p2a: I am fat|302\/364|[silent]
|turn|2
|
|switch|p1a: Conkeldurr|Conkeldurr, F|351\/351
|switch|p2a: Metaweight|Metagross|364\/364
|
|turn|3
|
|move|p2a: Metaweight|Zen Headbutt|p1a: Conkeldurr
|-supereffective|p1a: Conkeldurr
|-damage|p1a: Conkeldurr|111\/351
|move|p1a: Conkeldurr|Knock Off|p2a: Metaweight
|-supereffective|p2a: Metaweight
|-damage|p2a: Metaweight|198\/364
|-enditem|p2a: Metaweight|Sitrus Berry|[from] move: Knock Off|[of] p1a: Conkeldurr
|
|turn|4
|
|switch|p1a: Landorus-Therian|Landorus-Therian, M|319\/319
|-ability|p1a: Landorus-Therian|Intimidate|[of] p2a: Metaweight
|-fail|p2a: Metaweight|unboost|[from] ability: Clear Body|[of] p2a: Metaweight
|move|p2a: Metaweight|Earthquake|p1a: Landorus-Therian
|-immune|p1a: Landorus-Therian|[msg]
|
|turn|5
|
|switch|p2a: Mr.crujidor|Hawlucha, F|298\/298
|move|p1a: Landorus-Therian|U-turn|p2a: Mr.crujidor
|-resisted|p2a: Mr.crujidor
|-damage|p2a: Mr.crujidor|269\/298
|
|switch|p1a: Latios|Latios, M|265\/302
|
|turn|6
|
|move|p2a: Mr.crujidor|U-turn|p1a: Latios
|-supereffective|p1a: Latios
|-damage|p1a: Latios|77\/302
|
|switch|p2a: Metaweight|Metagross|198\/364
|move|p1a: Latios|Draco Meteor|p2a: Metaweight
|-resisted|p2a: Metaweight
|-damage|p2a: Metaweight|49\/364
|-unboost|p1a: Latios|spa|2
|-damage|p1a: Latios|47\/302|[from] item: Life Orb
|
|turn|7
|
|switch|p1a: Venusaur|Venusaur, M|364\/364
|move|p2a: Metaweight|Zen Headbutt|p1a: Venusaur
|-supereffective|p1a: Venusaur
|-damage|p1a: Venusaur|178\/364
|
|turn|8
|
|switch|p1a: Heatran|Heatran, F|385\/385
|move|p2a: Metaweight|Zen Headbutt|p1a: Heatran
|-resisted|p1a: Heatran
|-damage|p1a: Heatran|329\/385
|
|-heal|p1a: Heatran|353\/385|[from] item: Leftovers
|turn|9
|
|switch|p1a: Landorus-Therian|Landorus-Therian, M|319\/319
|-ability|p1a: Landorus-Therian|Intimidate|[of] p2a: Metaweight
|-fail|p2a: Metaweight|unboost|[from] ability: Clear Body|[of] p2a: Metaweight
|move|p2a: Metaweight|Earthquake|p1a: Landorus-Therian
|-immune|p1a: Landorus-Therian|[msg]
|
|turn|10
|
|move|p1a: Landorus-Therian|U-turn|p2a: Metaweight
|-damage|p2a: Metaweight|0 fnt
|faint|p2a: Metaweight
|
|switch|p1a: Heatran|Heatran, F|353\/385
|
|-heal|p1a: Heatran|377\/385|[from] item: Leftovers
|
|switch|p2a: Mr.crujidor|Hawlucha, F|269\/298
|turn|11
|
|move|p2a: Mr.crujidor|Acrobatics|p1a: Heatran
|-resisted|p1a: Heatran
|-damage|p1a: Heatran|301\/385
|move|p1a: Heatran|Stealth Rock|p2a: Mr.crujidor
|-sidestart|p2: elzy|move: Stealth Rock
|
|-heal|p1a: Heatran|325\/385|[from] item: Leftovers
|turn|12
|
|move|p2a: Mr.crujidor|Acrobatics|p1a: Heatran
|-resisted|p1a: Heatran
|-damage|p1a: Heatran|253\/385
|move|p1a: Heatran|Lava Plume|p2a: Mr.crujidor
|-damage|p2a: Mr.crujidor|89\/298
|
|-heal|p1a: Heatran|277\/385|[from] item: Leftovers
|turn|13
|
|move|p2a: Mr.crujidor|U-turn|p1a: Heatran
|-resisted|p1a: Heatran
|-damage|p1a: Heatran|261\/385
|
|switch|p2a: I am fat|Venusaur-Mega, M|302\/364
|-damage|p2a: I am fat|257\/364|[from] Stealth Rock
|move|p1a: Heatran|Lava Plume|p2a: I am fat
|-supereffective|p2a: I am fat
|-damage|p2a: I am fat|167\/364
|
|-heal|p1a: Heatran|285\/385|[from] item: Leftovers
|turn|14
|
|switch|p1a: Venusaur|Venusaur, M|178\/364
|move|p2a: I am fat|Earthquake|p1a: Venusaur
|-damage|p1a: Venusaur|113\/364
|
|turn|15
|
|switch|p2a: Mr.crujidor|Hawlucha, F|89\/298
|-damage|p2a: Mr.crujidor|52\/298|[from] Stealth Rock
|detailschange|p1a: Venusaur|Venusaur-Mega, M
|message|Venusaur has Mega Evolved into Mega Venusaur!
|move|p1a: Venusaur|Synthesis|p1a: Venusaur
|-heal|p1a: Venusaur|295\/364
|
|turn|16
|
|move|p2a: Mr.crujidor|High Jump Kick|p1a: Venusaur
|-resisted|p1a: Venusaur
|-damage|p1a: Venusaur|238\/364
|move|p1a: Venusaur|Sludge Bomb|p2a: Mr.crujidor
|-damage|p2a: Mr.crujidor|0 fnt
|faint|p2a: Mr.crujidor
|
|
|switch|p2a: Don risas|Gengar, F|262\/262
|-damage|p2a: Don risas|230\/262|[from] Stealth Rock
|turn|17
|
|move|p2a: Don risas|Sludge Bomb|p1a: Venusaur
|-damage|p1a: Venusaur|43\/364
|-damage|p2a: Don risas|204\/262|[from] item: Life Orb
|move|p1a: Venusaur|Synthesis|p1a: Venusaur
|-heal|p1a: Venusaur|225\/364
|
|turn|18
|
|move|p2a: Don risas|Shadow Ball|p1a: Venusaur
|-damage|p1a: Venusaur|73\/364
|-damage|p2a: Don risas|178\/262|[from] item: Life Orb
|move|p1a: Venusaur|Synthesis|p1a: Venusaur
|-heal|p1a: Venusaur|255\/364
|
|turn|19
|
|move|p2a: Don risas|Sludge Bomb|p1a: Venusaur
|-damage|p1a: Venusaur|68\/364
|-damage|p2a: Don risas|152\/262|[from] item: Life Orb
|move|p1a: Venusaur|Synthesis|p1a: Venusaur
|-heal|p1a: Venusaur|250\/364
|
|turn|20
|
|move|p2a: Don risas|Sludge Bomb|p1a: Venusaur
|-damage|p1a: Venusaur|67\/364
|-damage|p2a: Don risas|126\/262|[from] item: Life Orb
|move|p1a: Venusaur|Synthesis|p1a: Venusaur
|-heal|p1a: Venusaur|249\/364
|
|turn|21
|
|move|p2a: Don risas|Sludge Bomb|p1a: Venusaur
|-damage|p1a: Venusaur|76\/364
|-damage|p2a: Don risas|100\/262|[from] item: Life Orb
|move|p1a: Venusaur|Synthesis|p1a: Venusaur
|-heal|p1a: Venusaur|258\/364
|
|turn|22
|
|move|p2a: Don risas|Sludge Bomb|p1a: Venusaur
|-damage|p1a: Venusaur|63\/364
|-damage|p2a: Don risas|74\/262|[from] item: Life Orb
|move|p1a: Venusaur|Synthesis|p1a: Venusaur
|-heal|p1a: Venusaur|245\/364
|
|turn|23
|
|move|p2a: Don risas|Sludge Bomb|p1a: Venusaur
|-damage|p1a: Venusaur|54\/364
|-damage|p2a: Don risas|48\/262|[from] item: Life Orb
|move|p1a: Venusaur|Synthesis|p1a: Venusaur
|-heal|p1a: Venusaur|236\/364
|
|turn|24
|
|move|p2a: Don risas|Sludge Bomb|p1a: Venusaur
|-damage|p1a: Venusaur|61\/364
|-damage|p2a: Don risas|22\/262|[from] item: Life Orb
|move|p1a: Venusaur|Hidden Power|p2a: Don risas
|-damage|p2a: Don risas|0 fnt
|faint|p2a: Don risas
|
|
|switch|p2a: Trollygon2|Porygon2|374\/374
|-damage|p2a: Trollygon2|328\/374|[from] Stealth Rock
|-boost|p2a: Trollygon2|spa|1|[from] ability: Download
|turn|25
|
|move|p1a: Venusaur|Sludge Bomb|p2a: Trollygon2
|-damage|p2a: Trollygon2|243\/374
|move|p2a: Trollygon2|Ice Beam|p1a: Venusaur
|-supereffective|p1a: Venusaur
|-damage|p1a: Venusaur|0 fnt
|faint|p1a: Venusaur
|
|
|switch|p1a: Conkeldurr|Conkeldurr, F|111\/351
|turn|26
|
|switch|p2a: I am fat|Venusaur-Mega, M|167\/364
|-damage|p2a: I am fat|122\/364|[from] Stealth Rock
|move|p1a: Conkeldurr|Knock Off|p2a: I am fat
|-damage|p2a: I am fat|56\/364
|
|turn|27
|
|move|p2a: I am fat|Synthesis|p2a: I am fat
|-heal|p2a: I am fat|238\/364
|move|p1a: Conkeldurr|Knock Off|p2a: I am fat
|-damage|p2a: I am fat|173\/364
|
|turn|28
|
|switch|p1a: Heatran|Heatran, F|285\/385
|move|p2a: I am fat|Knock Off|p1a: Heatran
|-damage|p1a: Heatran|216\/385
|-enditem|p1a: Heatran|Leftovers|[from] move: Knock Off|[of] p2a: I am fat
|
|turn|29
|
|move|p1a: Heatran|Lava Plume|p2a: I am fat
|-supereffective|p2a: I am fat
|-damage|p2a: I am fat|83\/364
|move|p2a: I am fat|Earthquake|p1a: Heatran
|-supereffective|p1a: Heatran
|-damage|p1a: Heatran|0 fnt
|faint|p1a: Heatran
|
|
|switch|p1a: Latios|Latios, M|47\/302
|turn|30
|
|switch|p2a: Umbreon|Umbreon, F|394\/394
|-damage|p2a: Umbreon|345\/394|[from] Stealth Rock
|move|p1a: Latios|Draco Meteor|p2a: Umbreon|[miss]
|-miss|p1a: Latios|p2a: Umbreon
|
|-heal|p2a: Umbreon|369\/394|[from] item: Leftovers
|turn|31
|
|move|p1a: Latios|Draco Meteor|p2a: Umbreon
|-damage|p2a: Umbreon|165\/394
|-unboost|p1a: Latios|spa|2
|-damage|p1a: Latios|17\/302|[from] item: Life Orb
|move|p2a: Umbreon|Foul Play|p1a: Latios
|-supereffective|p1a: Latios
|-damage|p1a: Latios|0 fnt
|faint|p1a: Latios
|
|-heal|p2a: Umbreon|189\/394|[from] item: Leftovers
|
|switch|p1a: Landorus-Therian|Landorus-Therian, M|319\/319
|-ability|p1a: Landorus-Therian|Intimidate|[of] p2a: Umbreon
|-unboost|p2a: Umbreon|atk|1
|turn|32
|
|move|p1a: Landorus-Therian|U-turn|p2a: Umbreon
|-crit|p2a: Umbreon
|-supereffective|p2a: Umbreon
|-damage|p2a: Umbreon|0 fnt
|faint|p2a: Umbreon
|
|switch|p1a: Gengar|Gengar, M|261\/261
|
|
|switch|p2a: Trollygon2|Porygon2|243\/374
|-damage|p2a: Trollygon2|197\/374|[from] Stealth Rock
|-boost|p2a: Trollygon2|atk|1|[from] ability: Download
|turn|33
|
|move|p1a: Gengar|Substitute|p1a: Gengar
|-start|p1a: Gengar|Substitute
|-damage|p1a: Gengar|196\/261
|move|p2a: Trollygon2|Recover|p2a: Trollygon2
|-heal|p2a: Trollygon2|374\/374
|
|-heal|p1a: Gengar|212\/261|[from] item: Black Sludge
|turn|34
|
|move|p1a: Gengar|Focus Blast|p2a: Trollygon2
|-supereffective|p2a: Trollygon2
|-damage|p2a: Trollygon2|180\/374
|move|p2a: Trollygon2|Ice Beam|p1a: Gengar
|-end|p1a: Gengar|Substitute
|
|-heal|p1a: Gengar|228\/261|[from] item: Black Sludge
|turn|35
|
|move|p1a: Gengar|Focus Blast|p2a: Trollygon2|[miss]
|-miss|p1a: Gengar|p2a: Trollygon2
|move|p2a: Trollygon2|Thunder Wave|p1a: Gengar
|-status|p1a: Gengar|par
|
|-heal|p1a: Gengar|244\/261 par|[from] item: Black Sludge
|turn|36
|
|move|p2a: Trollygon2|Recover|p2a: Trollygon2
|-heal|p2a: Trollygon2|367\/374
|move|p1a: Gengar|Focus Blast|p2a: Trollygon2|[miss]
|-miss|p1a: Gengar|p2a: Trollygon2
|
|-heal|p1a: Gengar|260\/261 par|[from] item: Black Sludge
|turn|37
|
|move|p2a: Trollygon2|Thunderbolt|p1a: Gengar
|-damage|p1a: Gengar|145\/261 par
|move|p1a: Gengar|Focus Blast|p2a: Trollygon2|[miss]
|-miss|p1a: Gengar|p2a: Trollygon2
|
|-heal|p1a: Gengar|161\/261 par|[from] item: Black Sludge
|turn|38
|
|move|p2a: Trollygon2|Ice Beam|p1a: Gengar
|-damage|p1a: Gengar|56\/261 par
|move|p1a: Gengar|Focus Blast|p2a: Trollygon2|[miss]
|-miss|p1a: Gengar|p2a: Trollygon2
|
|-heal|p1a: Gengar|72\/261 par|[from] item: Black Sludge
|turn|39
|c|âThats So Ravin|That is literally less than 70% accuracy.
|c|âThats So Ravin|Jesus
|
|move|p2a: Trollygon2|Ice Beam|p1a: Gengar
|-damage|p1a: Gengar|0 fnt
|faint|p1a: Gengar
|
|
|switch|p1a: Conkeldurr|Conkeldurr, F|111\/351
|turn|40
|
|move|p2a: Trollygon2|Recover|p2a: Trollygon2
|-heal|p2a: Trollygon2|374\/374
|move|p1a: Conkeldurr|Knock Off|p2a: Trollygon2
|-damage|p2a: Trollygon2|285\/374
|-enditem|p2a: Trollygon2|Eviolite|[from] move: Knock Off|[of] p1a: Conkeldurr
|
|turn|41
|
|move|p2a: Trollygon2|Recover|p2a: Trollygon2
|-heal|p2a: Trollygon2|374\/374
|move|p1a: Conkeldurr|Drain Punch|p2a: Trollygon2
|-supereffective|p2a: Trollygon2
|-damage|p2a: Trollygon2|44\/374
|-heal|p1a: Conkeldurr|276\/351|[from] drain|[of] p2a: Trollygon2
|
|turn|42
|
|move|p1a: Conkeldurr|Mach Punch|p2a: Trollygon2
|-supereffective|p2a: Trollygon2
|-damage|p2a: Trollygon2|0 fnt
|faint|p2a: Trollygon2
|
|c|âThats So Ravin|gg
|
|switch|p2a: I am fat|Venusaur-Mega, M|83\/364
|-damage|p2a: I am fat|38\/364|[from] Stealth Rock
|turn|43
|
|move|p1a: Conkeldurr|Mach Punch|p2a: I am fat
|-resisted|p2a: I am fat
|-damage|p2a: I am fat|9\/364
|move|p2a: I am fat|Synthesis|p2a: I am fat
|-heal|p2a: I am fat|191\/364
|
|turn|44
|
|switch|p1a: Landorus-Therian|Landorus-Therian, M|319\/319
|-ability|p1a: Landorus-Therian|Intimidate|[of] p2a: I am fat
|-unboost|p2a: I am fat|atk|1
|move|p2a: I am fat|Synthesis|p2a: I am fat
|-heal|p2a: I am fat|364\/364
|
|turn|45
|
|move|p1a: Landorus-Therian|Earthquake|p2a: I am fat
|-damage|p2a: I am fat|228\/364
|move|p2a: I am fat|Leech Seed|p1a: Landorus-Therian
|-start|p1a: Landorus-Therian|move: Leech Seed
|
|-damage|p1a: Landorus-Therian|280\/319|[from] Leech Seed|[of] p2a: I am fat
|-heal|p2a: I am fat|267\/364|[silent]
|turn|46
|
|switch|p1a: Conkeldurr|Conkeldurr, F|276\/351
|move|p2a: I am fat|Knock Off|p1a: Conkeldurr
|-resisted|p1a: Conkeldurr
|-damage|p1a: Conkeldurr|249\/351
|-enditem|p1a: Conkeldurr|Assault Vest|[from] move: Knock Off|[of] p2a: I am fat
|
|turn|47
|
|move|p2a: I am fat|Leech Seed|p1a: Conkeldurr
|-start|p1a: Conkeldurr|move: Leech Seed
|move|p1a: Conkeldurr|Drain Punch|p2a: I am fat
|-resisted|p2a: I am fat
|-damage|p2a: I am fat|211\/364
|-heal|p1a: Conkeldurr|277\/351|[from] drain|[of] p2a: I am fat
|
|-damage|p1a: Conkeldurr|234\/351|[from] Leech Seed|[of] p2a: I am fat
|-heal|p2a: I am fat|254\/364|[silent]
|turn|48
|
|switch|p1a: Landorus-Therian|Landorus-Therian, M|280\/319
|-ability|p1a: Landorus-Therian|Intimidate|[of] p2a: I am fat
|-unboost|p2a: I am fat|atk|1
|move|p2a: I am fat|Knock Off|p1a: Landorus-Therian
|-damage|p1a: Landorus-Therian|237\/319
|-enditem|p1a: Landorus-Therian|Choice Scarf|[from] move: Knock Off|[of] p2a: I am fat
|
|turn|49
|
|move|p1a: Landorus-Therian|U-turn|p2a: I am fat
|-damage|p2a: I am fat|190\/364
|
|switch|p1a: Conkeldurr|Conkeldurr, F|234\/351
|move|p2a: I am fat|Leech Seed|p1a: Conkeldurr
|-start|p1a: Conkeldurr|move: Leech Seed
|
|-damage|p1a: Conkeldurr|191\/351|[from] Leech Seed|[of] p2a: I am fat
|-heal|p2a: I am fat|233\/364|[silent]
|turn|50
|
|move|p2a: I am fat|Knock Off|p1a: Conkeldurr
|-resisted|p1a: Conkeldurr
|-damage|p1a: Conkeldurr|177\/351
|move|p1a: Conkeldurr|Drain Punch|p2a: I am fat
|-resisted|p2a: I am fat
|-damage|p2a: I am fat|181\/364
|-heal|p1a: Conkeldurr|203\/351|[from] drain|[of] p2a: I am fat
|
|-damage|p1a: Conkeldurr|160\/351|[from] Leech Seed|[of] p2a: I am fat
|-heal|p2a: I am fat|224\/364|[silent]
|turn|51
|
|switch|p1a: Landorus-Therian|Landorus-Therian, M|237\/319
|-ability|p1a: Landorus-Therian|Intimidate|[of] p2a: I am fat
|-unboost|p2a: I am fat|atk|1
|move|p2a: I am fat|Earthquake|p1a: Landorus-Therian
|-immune|p1a: Landorus-Therian|[msg]
|
|turn|52
|
|move|p1a: Landorus-Therian|U-turn|p2a: I am fat
|-damage|p2a: I am fat|165\/364
|
|switch|p1a: Conkeldurr|Conkeldurr, F|160\/351
|move|p2a: I am fat|Synthesis|p2a: I am fat
|-heal|p2a: I am fat|347\/364
|
|turn|53
|
|move|p2a: I am fat|Leech Seed|p1a: Conkeldurr
|-start|p1a: Conkeldurr|move: Leech Seed
|move|p1a: Conkeldurr|Drain Punch|p2a: I am fat
|-resisted|p2a: I am fat
|-damage|p2a: I am fat|294\/364
|-heal|p1a: Conkeldurr|187\/351|[from] drain|[of] p2a: I am fat
|
|-damage|p1a: Conkeldurr|144\/351|[from] Leech Seed|[of] p2a: I am fat
|-heal|p2a: I am fat|337\/364|[silent]
|turn|54
|
|switch|p1a: Landorus-Therian|Landorus-Therian, M|237\/319
|-ability|p1a: Landorus-Therian|Intimidate|[of] p2a: I am fat
|-unboost|p2a: I am fat|atk|1
|move|p2a: I am fat|Knock Off|p1a: Landorus-Therian
|-damage|p1a: Landorus-Therian|219\/319
|
|turn|55
|
|move|p1a: Landorus-Therian|U-turn|p2a: I am fat
|-damage|p2a: I am fat|273\/364
|
|switch|p1a: Conkeldurr|Conkeldurr, F|144\/351
|move|p2a: I am fat|Leech Seed|p1a: Conkeldurr
|-start|p1a: Conkeldurr|move: Leech Seed
|
|-damage|p1a: Conkeldurr|101\/351|[from] Leech Seed|[of] p2a: I am fat
|-heal|p2a: I am fat|316\/364|[silent]
|turn|56
|
|move|p2a: I am fat|Knock Off|p1a: Conkeldurr
|-resisted|p1a: Conkeldurr
|-damage|p1a: Conkeldurr|92\/351
|move|p1a: Conkeldurr|Drain Punch|p2a: I am fat
|-resisted|p2a: I am fat
|-damage|p2a: I am fat|260\/364
|-heal|p1a: Conkeldurr|120\/351|[from] drain|[of] p2a: I am fat
|
|-damage|p1a: Conkeldurr|77\/351|[from] Leech Seed|[of] p2a: I am fat
|-heal|p2a: I am fat|303\/364|[silent]
|turn|57
|
|move|p2a: I am fat|Earthquake|p1a: Conkeldurr
|-crit|p1a: Conkeldurr
|-damage|p1a: Conkeldurr|0 fnt
|faint|p1a: Conkeldurr
|
|
|switch|p1a: Landorus-Therian|Landorus-Therian, M|219\/319
|-ability|p1a: Landorus-Therian|Intimidate|[of] p2a: I am fat
|-unboost|p2a: I am fat|atk|1
|turn|58
|
|move|p1a: Landorus-Therian|Stone Edge|p2a: I am fat
|-damage|p2a: I am fat|218\/364
|move|p2a: I am fat|Leech Seed|p1a: Landorus-Therian
|-start|p1a: Landorus-Therian|move: Leech Seed
|
|-damage|p1a: Landorus-Therian|180\/319|[from] Leech Seed|[of] p2a: I am fat
|-heal|p2a: I am fat|257\/364|[silent]
|turn|59
|
|move|p1a: Landorus-Therian|Earthquake|p2a: I am fat
|-damage|p2a: I am fat|133\/364
|move|p2a: I am fat|Synthesis|p2a: I am fat
|-heal|p2a: I am fat|315\/364
|
|-damage|p1a: Landorus-Therian|141\/319|[from] Leech Seed|[of] p2a: I am fat
|-heal|p2a: I am fat|354\/364|[silent]
|turn|60
|
|move|p1a: Landorus-Therian|Earthquake|p2a: I am fat
|-crit|p2a: I am fat
|-damage|p2a: I am fat|152\/364
|move|p2a: I am fat|Knock Off|p1a: Landorus-Therian
|-damage|p1a: Landorus-Therian|126\/319
|
|-damage|p1a: Landorus-Therian|87\/319|[from] Leech Seed|[of] p2a: I am fat
|-heal|p2a: I am fat|191\/364|[silent]
|turn|61
|
|move|p1a: Landorus-Therian|Earthquake|p2a: I am fat
|-damage|p2a: I am fat|64\/364
|move|p2a: I am fat|Synthesis|p2a: I am fat
|-heal|p2a: I am fat|246\/364
|
|-damage|p1a: Landorus-Therian|48\/319|[from] Leech Seed|[of] p2a: I am fat
|-heal|p2a: I am fat|285\/364|[silent]
|turn|62
|
|move|p1a: Landorus-Therian|Earthquake|p2a: I am fat
|-damage|p2a: I am fat|158\/364
|move|p2a: I am fat|Synthesis|p2a: I am fat
|-heal|p2a: I am fat|340\/364
|
|-damage|p1a: Landorus-Therian|9\/319|[from] Leech Seed|[of] p2a: I am fat
|-heal|p2a: I am fat|364\/364|[silent]
|turn|63
|
|move|p1a: Landorus-Therian|Earthquake|p2a: I am fat
|-damage|p2a: I am fat|229\/364
|move|p2a: I am fat|Synthesis|p2a: I am fat
|-heal|p2a: I am fat|364\/364
|
|-damage|p1a: Landorus-Therian|0 fnt|[from] Leech Seed|[of] p2a: I am fat
|faint|p1a: Landorus-Therian
|
|win|elzy
|raw|Ladder updating...
|raw|Thats So Ravin's rating: 1564 &rarr; <strong>1545<\/strong><br \/>(-19 for losing)
|raw|elzy's rating: 1580 &rarr; <strong>1599<\/strong><br \/>(+19 for winning)
|c|âelzy|gg
|leave|Thats So Ravin
|player|p1