|join|icnebi
|join|elzy
|player|p1|icnebi|265
|player|p2|elzy|1
|gametype|singles
|gen|6
|tier|OU
|clearpoke
|poke|p1|Shuckle, M, shiny
|poke|p1|Bisharp, M, shiny
|poke|p1|Heracross, M
|poke|p1|Latias, F, shiny
|poke|p1|Azumarill, F, shiny
|poke|p1|Magnezone
|poke|p2|Hawlucha, M
|poke|p2|Porygon2
|poke|p2|Gengar, M
|poke|p2|Metagross
|poke|p2|Venusaur, M
|poke|p2|Umbreon, M
|rule|Swagger Clause: Swagger is banned
|rule|Baton Pass Clause: Limit one PokÃ©mon knowing Baton Pass
|rule|Sleep Clause Mod: Limit one foe put to sleep
|rule|Species Clause: Limit one of each PokÃ©mon
|rule|OHKO Clause: OHKO moves are banned
|rule|Moody Clause: Moody is banned
|rule|Evasion Moves Clause: Evasion moves are banned
|rule|Endless Battle Clause: Forcing endless battles is banned
|rule|HP Percentage Mod: HP is shown in percentages
|teampreview
|c|âicnebi|Buena suerte
|
|start
|switch|p1a: Shuckle|Shuckle, M, shiny|243\/243
|switch|p2a: Mr.crujidor|Hawlucha, M|298\/298
|turn|1
|c|âelzy|igualmente
|
|move|p2a: Mr.crujidor|Taunt|p1a: Shuckle
|-start|p1a: Shuckle|move: Taunt
|-enditem|p1a: Shuckle|Mental Herb
|-end|p1a: Shuckle|move: Taunt
|move|p1a: Shuckle|Toxic|p2a: Mr.crujidor
|-status|p2a: Mr.crujidor|tox
|
|-damage|p2a: Mr.crujidor|280\/298 tox|[from] psn
|turn|2
|
|move|p2a: Mr.crujidor|U-turn|p1a: Shuckle
|-damage|p1a: Shuckle|213\/243
|
|switch|p2a: I am fat|Venusaur, M|364\/364
|move|p1a: Shuckle|Sticky Web|p2a: I am fat
|-sidestart|p2: elzy|move: Sticky Web
|
|turn|3
|
|detailschange|p2a: I am fat|Venusaur-Mega, M
|message|Venusaur has Mega Evolved into Mega Venusaur!
|move|p2a: I am fat|Leech Seed|p1a: Shuckle
|-start|p1a: Shuckle|move: Leech Seed
|move|p1a: Shuckle|Stealth Rock|p2a: I am fat
|-sidestart|p2: elzy|move: Stealth Rock
|
|-damage|p1a: Shuckle|183\/243|[from] Leech Seed|[of] p2a: I am fat
|turn|4
|
|move|p2a: I am fat|Earthquake|p1a: Shuckle
|-damage|p1a: Shuckle|147\/243
|move|p1a: Shuckle|Encore|p2a: I am fat
|-start|p2a: I am fat|Encore
|
|-damage|p1a: Shuckle|117\/243|[from] Leech Seed|[of] p2a: I am fat
|turn|5
|
|switch|p2a: Don risas|Gengar, M|262\/262
|-damage|p2a: Don risas|230\/262|[from] Stealth Rock
|switch|p1a: Latias|Latias, F, shiny|299\/299
|
|turn|6
|
|move|p1a: Latias|Psychic|p2a: Don risas
|-supereffective|p2a: Don risas
|-damage|p2a: Don risas|0 fnt
|-damage|p1a: Latias|270\/299|[from] item: Life Orb
|faint|p2a: Don risas
|
|
|switch|p2a: Trollygon2|Porygon2|374\/374
|-damage|p2a: Trollygon2|328\/374|[from] Stealth Rock
|-activate|p2a: Trollygon2|move: Sticky Web
|-unboost|p2a: Trollygon2|spe|1
|-boost|p2a: Trollygon2|atk|1|[from] ability: Download
|turn|7
|
|switch|p1a: Bisharp|Bisharp, M, shiny|272\/272
|move|p2a: Trollygon2|Thunder Wave|p1a: Bisharp
|-status|p1a: Bisharp|par
|
|turn|8
|
|switch|p2a: I am fat|Venusaur-Mega, M|364\/364
|-damage|p2a: I am fat|319\/364|[from] Stealth Rock
|-activate|p2a: I am fat|move: Sticky Web
|-unboost|p2a: I am fat|spe|1
|move|p1a: Bisharp|Knock Off|p2a: I am fat
|-damage|p2a: I am fat|226\/364
|
|turn|9
|
|switch|p1a: Latias|Latias, F, shiny|270\/299
|move|p2a: I am fat|Leech Seed|p1a: Latias
|-start|p1a: Latias|move: Leech Seed
|
|-damage|p1a: Latias|233\/299|[from] Leech Seed|[of] p2a: I am fat
|-heal|p2a: I am fat|263\/364|[silent]
|turn|10
|
|switch|p1a: Heracross|Heracross, M|304\/304
|switch|p2a: Metaweight|Metagross|364\/364
|-damage|p2a: Metaweight|342\/364|[from] Stealth Rock
|-activate|p2a: Metaweight|move: Sticky Web
|-fail|p2a: Metaweight|unboost|[from] ability: Clear Body|[of] p2a: Metaweight
|
|turn|11
|
|switch|p1a: Bisharp|Bisharp, M, shiny|272\/272 par
|move|p2a: Metaweight|Meteor Mash|p1a: Bisharp
|-resisted|p1a: Bisharp
|-damage|p1a: Bisharp|203\/272 par
|
|turn|12
|
|move|p2a: Metaweight|Earthquake|p1a: Bisharp
|-supereffective|p1a: Bisharp
|-damage|p1a: Bisharp|0 fnt
|faint|p1a: Bisharp
|
|
|switch|p1a: Magnezone|Magnezone|313\/313
|-item|p1a: Magnezone|Air Balloon
|turn|13
|
|move|p1a: Magnezone|Magnet Rise|p1a: Magnezone
|-start|p1a: Magnezone|Magnet Rise
|move|p2a: Metaweight|Meteor Mash|p1a: Magnezone
|-resisted|p1a: Magnezone
|-damage|p1a: Magnezone|283\/313
|-enditem|p1a: Magnezone|Air Balloon
|-boost|p2a: Metaweight|atk|1
|
|turn|14
|
|move|p1a: Magnezone|Thunderbolt|p2a: Metaweight
|-damage|p2a: Metaweight|153\/364
|-enditem|p2a: Metaweight|Sitrus Berry|[eat]
|-heal|p2a: Metaweight|244\/364|[from] item: Sitrus Berry
|move|p2a: Metaweight|Zen Headbutt|p1a: Magnezone
|-resisted|p1a: Magnezone
|-damage|p1a: Magnezone|204\/313
|
|turn|15
|
|move|p1a: Magnezone|Thunderbolt|p2a: Metaweight
|-damage|p2a: Metaweight|63\/364
|move|p2a: Metaweight|Zen Headbutt|p1a: Magnezone|[miss]
|-miss|p2a: Metaweight|p1a: Magnezone
|
|turn|16
|
|move|p2a: Metaweight|Bullet Punch|p1a: Magnezone
|-resisted|p1a: Magnezone
|-damage|p1a: Magnezone|184\/313
|move|p1a: Magnezone|Thunderbolt|p2a: Metaweight
|-damage|p2a: Metaweight|0 fnt
|faint|p2a: Metaweight
|
|
|switch|p2a: I am fat|Venusaur-Mega, M|263\/364
|-activate|p2a: I am fat|move: Sticky Web
|-unboost|p2a: I am fat|spe|1
|-damage|p2a: I am fat|218\/364|[from] Stealth Rock
|turn|17
|
|move|p1a: Magnezone|Flash Cannon|p2a: I am fat
|-damage|p2a: I am fat|109\/364
|move|p2a: I am fat|Knock Off|p1a: Magnezone
|-damage|p1a: Magnezone|135\/313
|
|-end|p1a: Magnezone|Magnet Rise
|turn|18
|
|move|p1a: Magnezone|Flash Cannon|p2a: I am fat
|-damage|p2a: I am fat|0 fnt
|faint|p2a: I am fat
|
|
|switch|p2a: Mr.crujidor|Hawlucha, M|280\/298 tox
|-damage|p2a: Mr.crujidor|243\/298 tox|[from] Stealth Rock
|turn|19
|
|move|p2a: Mr.crujidor|U-turn|p1a: Magnezone
|-resisted|p1a: Magnezone
|-damage|p1a: Magnezone|107\/313
|
|switch|p2a: Trollygon2|Porygon2|328\/374
|-activate|p2a: Trollygon2|move: Sticky Web
|-unboost|p2a: Trollygon2|spe|1
|-damage|p2a: Trollygon2|282\/374|[from] Stealth Rock
|-boost|p2a: Trollygon2|spa|1|[from] ability: Download
|move|p1a: Magnezone|Thunderbolt|p2a: Trollygon2
|-damage|p2a: Trollygon2|173\/374
|
|turn|20
|
|move|p1a: Magnezone|Thunderbolt|p2a: Trollygon2
|-damage|p2a: Trollygon2|55\/374
|move|p2a: Trollygon2|Recover|p2a: Trollygon2
|-heal|p2a: Trollygon2|242\/374
|
|turn|21
|
|move|p1a: Magnezone|Thunderbolt|p2a: Trollygon2
|-damage|p2a: Trollygon2|131\/374
|move|p2a: Trollygon2|Recover|p2a: Trollygon2
|-heal|p2a: Trollygon2|318\/374
|
|turn|22
|
|move|p1a: Magnezone|Flash Cannon|p2a: Trollygon2
|-damage|p2a: Trollygon2|209\/374
|move|p2a: Trollygon2|Thunderbolt|p1a: Magnezone
|-resisted|p1a: Magnezone
|-damage|p1a: Magnezone|29\/313
|
|turn|23
|
|move|p1a: Magnezone|Flash Cannon|p2a: Trollygon2
|-damage|p2a: Trollygon2|106\/374
|move|p2a: Trollygon2|Recover|p2a: Trollygon2
|-heal|p2a: Trollygon2|293\/374
|
|turn|24
|
|move|p1a: Magnezone|Flash Cannon|p2a: Trollygon2
|-damage|p2a: Trollygon2|197\/374
|move|p2a: Trollygon2|Recover|p2a: Trollygon2
|-heal|p2a: Trollygon2|374\/374
|
|turn|25
|
|move|p1a: Magnezone|Flash Cannon|p2a: Trollygon2
|-damage|p2a: Trollygon2|277\/374
|move|p2a: Trollygon2|Thunderbolt|p1a: Magnezone
|-resisted|p1a: Magnezone
|-damage|p1a: Magnezone|0 fnt
|faint|p1a: Magnezone
|
|
|switch|p1a: Heracross|Heracross, M|304\/304
|turn|26
|
|detailschange|p1a: Heracross|Heracross-Mega, M
|message|Heracross has Mega Evolved into Mega Heracross!
|move|p1a: Heracross|Close Combat|p2a: Trollygon2
|-supereffective|p2a: Trollygon2
|-damage|p2a: Trollygon2|0 fnt
|-unboost|p1a: Heracross|def|1
|-unboost|p1a: Heracross|spd|1
|faint|p2a: Trollygon2
|
|
|switch|p2a: Mr.crujidor|Hawlucha, M|243\/298 tox
|-damage|p2a: Mr.crujidor|206\/298 tox|[from] Stealth Rock
|turn|27
|
|switch|p1a: Shuckle|Shuckle, M, shiny|117\/243
|move|p2a: Mr.crujidor|Acrobatics|p1a: Shuckle
|-damage|p1a: Shuckle|50\/243
|
|-damage|p2a: Mr.crujidor|188\/298 tox|[from] psn
|turn|28
|
|move|p2a: Mr.crujidor|Acrobatics|p1a: Shuckle
|-damage|p1a: Shuckle|0 fnt
|faint|p1a: Shuckle
|
|-damage|p2a: Mr.crujidor|152\/298 tox|[from] psn
|
|switch|p1a: Azumarill|Azumarill, F, shiny|342\/342
|turn|29
|
|move|p2a: Mr.crujidor|Acrobatics|p1a: Azumarill
|-damage|p1a: Azumarill|143\/342
|-enditem|p1a: Azumarill|Sitrus Berry|[eat]
|-heal|p1a: Azumarill|228\/342|[from] item: Sitrus Berry
|move|p1a: Azumarill|Belly Drum|p1a: Azumarill
|-damage|p1a: Azumarill|57\/342
|-setboost|p1a: Azumarill|atk|6|[from] move: Belly Drum
|
|-damage|p2a: Mr.crujidor|98\/298 tox|[from] psn
|turn|30
|
|move|p1a: Azumarill|Aqua Jet|p2a: Mr.crujidor
|-damage|p2a: Mr.crujidor|0 fnt
|faint|p2a: Mr.crujidor
|
|
|switch|p2a: Umbreon|Umbreon, M|394\/394
|-damage|p2a: Umbreon|345\/394|[from] Stealth Rock
|-activate|p2a: Umbreon|move: Sticky Web
|-unboost|p2a: Umbreon|spe|1
|turn|31
|
|move|p1a: Azumarill|Play Rough|p2a: Umbreon
|-supereffective|p2a: Umbreon
|-damage|p2a: Umbreon|0 fnt
|faint|p2a: Umbreon
|
|win|icnebi
|c|âelzy|gg
|c|âicnebi|buena partida, he jugado fatal