|join|U got CRACATOA'ed
|join|elzy
|player|p1|U got CRACATOA'ed|265
|player|p2|elzy|102
|gametype|singles
|gen|6
|tier|OU
|clearpoke
|poke|p1|Pinsir, M
|poke|p1|Heatran, F
|poke|p1|Skarmory, F
|poke|p1|Latios, M
|poke|p1|Sylveon, F
|poke|p1|Azumarill, M
|poke|p2|Hawlucha, M
|poke|p2|Porygon2
|poke|p2|Gengar, M
|poke|p2|Metagross
|poke|p2|Venusaur, M
|poke|p2|Umbreon, F
|rule|Swagger Clause: Swagger is banned
|rule|Baton Pass Clause: Limit one PokÃ©mon knowing Baton Pass
|rule|Sleep Clause Mod: Limit one foe put to sleep
|rule|Species Clause: Limit one of each PokÃ©mon
|rule|OHKO Clause: OHKO moves are banned
|rule|Moody Clause: Moody is banned
|rule|Evasion Moves Clause: Evasion moves are banned
|rule|Endless Battle Clause: Forcing endless battles is banned
|rule|HP Percentage Mod: HP is shown in percentages
|teampreview
|join|Man Yuic
|join|Man Shiro
|join|Man Tet
|
|start
|switch|p1a: Bugs Bunny|Azumarill, M|404\/404
|switch|p2a: Mr.crujidor|Hawlucha, M|298\/298
|turn|1
|join|Garpegio98
|
|switch|p2a: I am fat|Venusaur, M|364\/364
|move|p1a: Bugs Bunny|Play Rough|p2a: I am fat
|-resisted|p2a: I am fat
|-damage|p2a: I am fat|276\/364
|
|turn|2
|join|newsl
|
|switch|p1a: Anissa|Heatran, F|386\/386
|detailschange|p2a: I am fat|Venusaur-Mega, M
|message|Venusaur has Mega Evolved into Mega Venusaur!
|move|p2a: I am fat|Leech Seed|p1a: Anissa
|-start|p1a: Anissa|move: Leech Seed
|
|-damage|p1a: Anissa|338\/386|[from] Leech Seed|[of] p2a: I am fat
|-heal|p2a: I am fat|324\/364|[silent]
|turn|3
|
|move|p2a: I am fat|Earthquake|p1a: Anissa
|-supereffective|p1a: Anissa
|-damage|p1a: Anissa|34\/386
|move|p1a: Anissa|Stealth Rock|p2a: I am fat
|-sidestart|p2: elzy|move: Stealth Rock
|
|-heal|p1a: Anissa|58\/386|[from] item: Leftovers
|-damage|p1a: Anissa|10\/386|[from] Leech Seed|[of] p2a: I am fat
|-heal|p2a: I am fat|364\/364|[silent]
|turn|4
|c|âU got CRACATOA'ed|lol
|
|switch|p1a: Ruth|Skarmory, F|334\/334
|move|p2a: I am fat|Leech Seed|p1a: Ruth
|-start|p1a: Ruth|move: Leech Seed
|
|-damage|p1a: Ruth|293\/334|[from] Leech Seed|[of] p2a: I am fat
|turn|5
|join|Misin00b
|c| Misin00b|rip
|
|switch|p2a: Trollygon2|Porygon2|374\/374
|-damage|p2a: Trollygon2|328\/374|[from] Stealth Rock
|-boost|p2a: Trollygon2|spa|1|[from] ability: Download
|move|p1a: Ruth|Spikes|p2a: Trollygon2
|-sidestart|p2: elzy|Spikes
|
|-damage|p1a: Ruth|252\/334|[from] Leech Seed|[of] p2a: Trollygon2
|-heal|p2a: Trollygon2|369\/374|[silent]
|turn|6
|join|Gorilon
|
|switch|p1a: Agns|Sylveon, F|394\/394
|move|p2a: Trollygon2|Thunderbolt|p1a: Agns
|-damage|p1a: Agns|308\/394
|
|-heal|p1a: Agns|332\/394|[from] item: Leftovers
|turn|7
|join|Tohsaka Rin
|
|move|p1a: Agns|Wish|p1a: Agns
|move|p2a: Trollygon2|Thunder Wave|p1a: Agns
|-status|p1a: Agns|par
|
|-heal|p1a: Agns|356\/394 par|[from] item: Leftovers
|turn|8
|
|move|p2a: Trollygon2|Thunderbolt|p1a: Agns
|-damage|p1a: Agns|269\/394 par
|move|p1a: Agns|Hyper Voice|p2a: Trollygon2
|-damage|p2a: Trollygon2|278\/374
|
|-heal|p1a: Agns|394\/394 par|[from] move: Wish|[wisher] Agns
|turn|9
|
|move|p2a: Trollygon2|Recover|p2a: Trollygon2
|-heal|p2a: Trollygon2|374\/374
|move|p1a: Agns|Wish|p1a: Agns
|
|turn|10
|
|switch|p1a: Bugs Bunny|Azumarill, M|404\/404
|move|p2a: Trollygon2|Thunderbolt|p1a: Bugs Bunny
|-supereffective|p1a: Bugs Bunny
|-damage|p1a: Bugs Bunny|206\/404
|
|-heal|p1a: Bugs Bunny|403\/404|[from] move: Wish|[wisher] Agns
|turn|11
|
|move|p2a: Trollygon2|Thunder Wave|p1a: Bugs Bunny
|-status|p1a: Bugs Bunny|par
|move|p1a: Bugs Bunny|Knock Off|p2a: Trollygon2
|-damage|p2a: Trollygon2|278\/374
|-enditem|p2a: Trollygon2|Eviolite|[from] move: Knock Off|[of] p1a: Bugs Bunny
|
|turn|12
|
|switch|p1a: Cloud|Latios, M|302\/302
|move|p2a: Trollygon2|Thunderbolt|p1a: Cloud
|-resisted|p1a: Cloud
|-damage|p1a: Cloud|237\/302
|
|turn|13
|
|switch|p1a: Anissa|Heatran, F|10\/386
|move|p2a: Trollygon2|Ice Beam|p1a: Anissa
|-crit|p1a: Anissa
|-resisted|p1a: Anissa
|-damage|p1a: Anissa|0 fnt
|faint|p1a: Anissa
|
|
|switch|p1a: CRACATOA|Pinsir, M|271\/271
|turn|14
|
|detailschange|p1a: CRACATOA|Pinsir-Mega, M
|message|Pinsir has Mega Evolved into Mega Pinsir!
|move|p1a: CRACATOA|Close Combat|p2a: Trollygon2
|-supereffective|p2a: Trollygon2
|-damage|p2a: Trollygon2|0 fnt
|-unboost|p1a: CRACATOA|def|1
|-unboost|p1a: CRACATOA|spd|1
|faint|p2a: Trollygon2
|
|leave|newsl
|
|switch|p2a: Metaweight|Metagross|364\/364
|-damage|p2a: Metaweight|342\/364|[from] Stealth Rock
|-damage|p2a: Metaweight|297\/364|[from] Spikes
|turn|15
|join|newsl
|
|switch|p1a: Ruth|Skarmory, F|252\/334
|switch|p2a: Don risas|Gengar, M|262\/262
|-damage|p2a: Don risas|230\/262|[from] Stealth Rock
|
|turn|16
|
|switch|p1a: Agns|Sylveon, F|394\/394 par
|move|p2a: Don risas|Shadow Ball|p1a: Agns
|-damage|p1a: Agns|277\/394 par
|-damage|p2a: Don risas|204\/262|[from] item: Life Orb
|
|-heal|p1a: Agns|301\/394 par|[from] item: Leftovers
|turn|17
|
|move|p1a: Agns|Protect|p1a: Agns
|-singleturn|p1a: Agns|Protect
|move|p2a: Don risas|Sludge Bomb|p1a: Agns
|-activate|p1a: Agns|Protect
|
|-heal|p1a: Agns|325\/394 par|[from] item: Leftovers
|turn|18
|
|move|p2a: Don risas|Sludge Bomb|p1a: Agns
|-supereffective|p1a: Agns
|-damage|p1a: Agns|73\/394 par
|-damage|p2a: Don risas|178\/262|[from] item: Life Orb
|move|p1a: Agns|Wish|p1a: Agns
|
|-heal|p1a: Agns|97\/394 par|[from] item: Leftovers
|turn|19
|leave|newsl
|join|newsl
|
|move|p1a: Agns|Protect|p1a: Agns
|-singleturn|p1a: Agns|Protect
|move|p2a: Don risas|Shadow Ball|p1a: Agns
|-activate|p1a: Agns|Protect
|
|-heal|p1a: Agns|294\/394 par|[from] move: Wish|[wisher] Agns
|-heal|p1a: Agns|318\/394 par|[from] item: Leftovers
|turn|20
|
|move|p2a: Don risas|Sludge Bomb|p1a: Agns
|-supereffective|p1a: Agns
|-damage|p1a: Agns|66\/394 par
|-damage|p2a: Don risas|152\/262|[from] item: Life Orb
|move|p1a: Agns|Hyper Voice|p2a: Don risas
|-resisted|p2a: Don risas
|-damage|p2a: Don risas|56\/262
|
|-heal|p1a: Agns|90\/394 par|[from] item: Leftovers
|turn|21
|
|move|p2a: Don risas|Shadow Ball|p1a: Agns
|-damage|p1a: Agns|0 fnt
|-damage|p2a: Don risas|30\/262|[from] item: Life Orb
|faint|p1a: Agns
|
|c| Garpegio98|gg
|
|switch|p1a: CRACATOA|Pinsir-Mega, M|271\/271
|turn|22
|
|move|p1a: CRACATOA|Quick Attack|p2a: Don risas
|-damage|p2a: Don risas|0 fnt
|faint|p2a: Don risas
|
|c| Garpegio98|unless tons of hax
|
|switch|p2a: Metaweight|Metagross|297\/364
|-damage|p2a: Metaweight|252\/364|[from] Spikes
|-damage|p2a: Metaweight|230\/364|[from] Stealth Rock
|turn|23
|
|switch|p1a: Ruth|Skarmory, F|252\/334
|move|p2a: Metaweight|Meteor Mash|p1a: Ruth
|-resisted|p1a: Ruth
|-damage|p1a: Ruth|211\/334
|-damage|p2a: Metaweight|170\/364|[from] item: Rocky Helmet|[of] p1a: Ruth
|-enditem|p2a: Metaweight|Sitrus Berry|[eat]
|-heal|p2a: Metaweight|261\/364|[from] item: Sitrus Berry
|
|turn|24
|c|âU got CRACATOA'ed|HAHAHAHHAHA
|c| Garpegio98|otro sitrus berry jajaja
|c|âU got CRACATOA'ed|LOS SITRUS BERRY SALVAJES
|
|switch|p2a: I am fat|Venusaur-Mega, M|364\/364
|-damage|p2a: I am fat|319\/364|[from] Spikes
|-damage|p2a: I am fat|274\/364|[from] Stealth Rock
|move|p1a: Ruth|Roost|p1a: Ruth
|-heal|p1a: Ruth|334\/334
|
|turn|25
|join|Chan00b
|join|AsdePicas
|join|zeroptile
|
|move|p2a: I am fat|Leech Seed|p1a: Ruth
|-start|p1a: Ruth|move: Leech Seed
|move|p1a: Ruth|Spikes|p2a: I am fat
|-sidestart|p2: elzy|Spikes
|
|-damage|p1a: Ruth|293\/334|[from] Leech Seed|[of] p2a: I am fat
|-heal|p2a: I am fat|315\/364|[silent]
|turn|26
|leave|zeroptile
|join|MISI EL JOIADOR
|
|switch|p2a: Metaweight|Metagross|261\/364
|-damage|p2a: Metaweight|201\/364|[from] Spikes
|-damage|p2a: Metaweight|179\/364|[from] Stealth Rock
|switch|p1a: Cloud|Latios, M|237\/302
|
|turn|27
|
|switch|p1a: Ruth|Skarmory, F|293\/334
|move|p2a: Metaweight|Meteor Mash|p1a: Ruth
|-resisted|p1a: Ruth
|-damage|p1a: Ruth|255\/334
|-damage|p2a: Metaweight|119\/364|[from] item: Rocky Helmet|[of] p1a: Ruth
|-boost|p2a: Metaweight|atk|1
|
|turn|28
|c|âU got CRACATOA'ed|Y sin Pursuit seÃ±oreee
|
|move|p2a: Metaweight|Hammer Arm|p1a: Ruth
|-damage|p1a: Ruth|163\/334
|-damage|p2a: Metaweight|59\/364|[from] item: Rocky Helmet|[of] p1a: Ruth
|-unboost|p2a: Metaweight|spe|1
|move|p1a: Ruth|Whirlwind|p2a: Metaweight
|drag|p2a: Mr.crujidor|Hawlucha, M|298\/298
|-damage|p2a: Mr.crujidor|261\/298|[from] Stealth Rock
|
|turn|29
|
|move|p2a: Mr.crujidor|Taunt|p1a: Ruth
|-start|p1a: Ruth|move: Taunt
|cant|p1a: Ruth|move: Taunt|Roost
|
|turn|30
|c|âU got CRACATOA'ed|lol
|c| Chan00b|lol
|c| Garpegio98|lel
|
|switch|p1a: Bugs Bunny|Azumarill, M|403\/404 par
|move|p2a: Mr.crujidor|High Jump Kick|p1a: Bugs Bunny
|-resisted|p1a: Bugs Bunny
|-damage|p1a: Bugs Bunny|286\/404 par
|
|turn|31
|c| Chan00b|vasta
|
|switch|p2a: Metaweight|Metagross|59\/364
|-damage|p2a: Metaweight|0 fnt|[from] Spikes
|faint|p2a: Metaweight
|move|p1a: Bugs Bunny|Play Rough|p2: Metaweight|[notarget]
|-notarget
|
|c| Chan00b|k arguien lo detenga
|c|âU got CRACATOA'ed|HAHHAHAA
|
|switch|p2a: I am fat|Venusaur-Mega, M|315\/364
|-damage|p2a: I am fat|255\/364|[from] Spikes
|-damage|p2a: I am fat|210\/364|[from] Stealth Rock
|turn|32
|
|switch|p1a: Cloud|Latios, M|237\/302
|move|p2a: I am fat|Leech Seed|p1a: Cloud
|-start|p1a: Cloud|move: Leech Seed
|
|-damage|p1a: Cloud|200\/302|[from] Leech Seed|[of] p2a: I am fat
|-heal|p2a: I am fat|247\/364|[silent]
|turn|33
|c| newsl|que easy
|c| newsl|lol
|
|switch|p2a: Umbreon|Umbreon, F|394\/394
|-damage|p2a: Umbreon|345\/394|[from] Stealth Rock
|-damage|p2a: Umbreon|280\/394|[from] Spikes
|move|p1a: Cloud|Draco Meteor|p2a: Umbreon|[miss]
|-miss|p1a: Cloud|p2a: Umbreon
|
|-heal|p2a: Umbreon|304\/394|[from] item: Leftovers
|-damage|p1a: Cloud|163\/302|[from] Leech Seed|[of] p2a: Umbreon
|-heal|p2a: Umbreon|341\/394|[silent]
|turn|34
|c|âU got CRACATOA'ed|Hombre.
|c|âU got CRACATOA'ed|No podÃ­a faltar
|c|âU got CRACATOA'ed|A la fiesta
|c|âU got CRACATOA'ed|El avoid
|c| Tohsaka Rin|Pdfo
|c| Tohsaka Rin|Psdo
|c| Tohsaka Rin|Pero
|
|switch|p1a: Bugs Bunny|Azumarill, M|286\/404 par
|move|p2a: Umbreon|Confuse Ray|p1a: Bugs Bunny
|-start|p1a: Bugs Bunny|confusion
|
|-heal|p2a: Umbreon|365\/394|[from] item: Leftovers
|turn|35
|c| Tohsaka Rin|Si no le quitabas nada
|c| Tohsaka Rin|Rofl.
|c| MISI EL FOIADOR|Misi eres manÃ¡
|c| newsl|LOOOL
|
|switch|p2a: I am fat|Venusaur-Mega, M|247\/364
|-damage|p2a: I am fat|187\/364|[from] Spikes
|-damage|p2a: I am fat|142\/364|[from] Stealth Rock
|-activate|p1a: Bugs Bunny|confusion
|-damage|p1a: Bugs Bunny|215\/404 par|[from] confusion
|
|turn|36
|c| newsl|confuse ray spammm
|
|switch|p1a: Cloud|Latios, M|163\/302
|move|p2a: I am fat|Synthesis|p2a: I am fat
|-heal|p2a: I am fat|324\/364
|
|turn|37
|c| newsl|vas a perder hahaha
|
|switch|p1a: CRACATOA|Pinsir-Mega, M|271\/271
|move|p2a: I am fat|Leech Seed|p1a: CRACATOA
|-start|p1a: CRACATOA|move: Leech Seed
|
|-damage|p1a: CRACATOA|238\/271|[from] Leech Seed|[of] p2a: I am fat
|-heal|p2a: I am fat|357\/364|[silent]
|turn|38
|join|ReichSadler
|
|move|p1a: CRACATOA|Swords Dance|p1a: CRACATOA
|-boost|p1a: CRACATOA|atk|2
|move|p2a: I am fat|Toxic|p1a: CRACATOA
|-status|p1a: CRACATOA|tox
|
|-damage|p1a: CRACATOA|205\/271 tox|[from] Leech Seed|[of] p2a: I am fat
|-heal|p2a: I am fat|364\/364|[silent]
|-damage|p1a: CRACATOA|189\/271 tox|[from] psn
|turn|39
|c|âU got CRACATOA'ed|looooooool
|c| Chan00b|lol...
|
|move|p1a: CRACATOA|Return|p2a: I am fat
|-supereffective|p2a: I am fat
|-damage|p2a: I am fat|0 fnt
|faint|p2a: I am fat
|
|-damage|p1a: CRACATOA|157\/271 tox|[from] psn
|
|switch|p2a: Umbreon|Umbreon, F|365\/394
|-damage|p2a: Umbreon|316\/394|[from] Stealth Rock
|-damage|p2a: Umbreon|251\/394|[from] Spikes
|turn|40
|c| MISI EL FOIADOR|los protect
|
|switch|p2a: Mr.crujidor|Hawlucha, M|261\/298
|-damage|p2a: Mr.crujidor|224\/298|[from] Stealth Rock
|move|p1a: CRACATOA|Return|p2a: Mr.crujidor
|-supereffective|p2a: Mr.crujidor
|-damage|p2a: Mr.crujidor|0 fnt
|faint|p2a: Mr.crujidor
|
|-damage|p1a: CRACATOA|109\/271 tox|[from] psn
|c|âU got CRACATOA'ed|en fin gg
|c| Chan00b|x diso!
|
|switch|p2a: Umbreon|Umbreon, F|251\/394
|-damage|p2a: Umbreon|202\/394|[from] Stealth Rock
|-damage|p2a: Umbreon|137\/394|[from] Spikes
|turn|41
|c| Garpegio98|vaya nicks mas sidosos
|
|move|p1a: CRACATOA|Close Combat|p2a: Umbreon
|-supereffective|p2a: Umbreon
|-damage|p2a: Umbreon|0 fnt
|-unboost|p1a: CRACATOA|def|1
|-unboost|p1a: CRACATOA|spd|1
|faint|p2a: Umbreon
|
|win|U got CRACATOA'ed
|c| Garpegio98|suerte que umbreon no tiene
|c| Garpegio98|gg
|leave|ReichSadler