|join|3x
|join|elzy
|player|p1|3x|165
|player|p2|elzy|266
|gametype|singles
|gen|6
|tier|OU
|rated
|clearpoke
|poke|p1|Tyranitar, F, shiny
|poke|p1|Alakazam, M
|poke|p1|Landorus-Therian, M
|poke|p1|Manaphy, shiny
|poke|p1|Forretress, M
|poke|p1|Magnezone, shiny
|poke|p2|Hawlucha, F
|poke|p2|Porygon2
|poke|p2|Gengar, M
|poke|p2|Metagross
|poke|p2|Venusaur, M
|poke|p2|Umbreon, F
|rule|Swagger Clause: Swagger is banned
|rule|Baton Pass Clause: Limit one PokÃ©mon knowing Baton Pass
|rule|Sleep Clause Mod: Limit one foe put to sleep
|rule|Species Clause: Limit one of each PokÃ©mon
|rule|OHKO Clause: OHKO moves are banned
|rule|Moody Clause: Moody is banned
|rule|Evasion Moves Clause: Evasion moves are banned
|rule|Endless Battle Clause: Forcing endless battles is banned
|rule|HP Percentage Mod: HP is shown in percentages
|teampreview
|
|start
|switch|p1a: Grandad|Landorus-Therian, M|382\/382
|switch|p2a: I am fat|Venusaur, M|364\/364
|-ability|p1a: Grandad|Intimidate|[of] p2a: I am fat
|-unboost|p2a: I am fat|atk|1
|turn|1
|
|detailschange|p2a: I am fat|Venusaur-Mega, M
|message|Venusaur has Mega Evolved into Mega Venusaur!
|move|p1a: Grandad|U-turn|p2a: I am fat
|-damage|p2a: I am fat|315\/364
|
|switch|p1a: Incursio|Forretress, M|354\/354
|move|p2a: I am fat|Knock Off|p1a: Incursio
|-damage|p1a: Incursio|324\/354
|-enditem|p1a: Incursio|Leftovers|[from] move: Knock Off|[of] p2a: I am fat
|
|turn|2
|
|move|p2a: I am fat|Leech Seed|p1a: Incursio
|-start|p1a: Incursio|move: Leech Seed
|move|p1a: Incursio|Volt Switch|p2a: I am fat
|-resisted|p2a: I am fat
|-damage|p2a: I am fat|301\/364
|
|switch|p1a: Mr. Miyagi|Alakazam, M|252\/252
|
|turn|3
|
|switch|p2a: Metaweight|Metagross|364\/364
|detailschange|p1a: Mr. Miyagi|Alakazam-Mega, M
|message|Alakazam has Mega Evolved into Mega Alakazam!
|-ability|p1a: Mr. Miyagi|Clear Body|[from] ability: Trace|[of] p2a: Metaweight
|move|p1a: Mr. Miyagi|Psyshock|p2a: Metaweight
|-resisted|p2a: Metaweight
|-damage|p2a: Metaweight|338\/364
|
|turn|4
|
|switch|p1a: Grandad|Landorus-Therian, M|382\/382
|-ability|p1a: Grandad|Intimidate|[of] p2a: Metaweight
|-fail|p2a: Metaweight|unboost|[from] ability: Clear Body|[of] p2a: Metaweight
|move|p2a: Metaweight|Earthquake|p1a: Grandad
|-immune|p1a: Grandad|[msg]
|
|turn|5
|
|switch|p2a: I am fat|Venusaur-Mega, M|301\/364
|move|p1a: Grandad|Knock Off|p2a: I am fat
|-damage|p2a: I am fat|253\/364
|
|turn|6
|
|move|p1a: Grandad|U-turn|p2a: I am fat
|-damage|p2a: I am fat|202\/364
|
|switch|p1a: Incursio|Forretress, M|324\/354
|move|p2a: I am fat|Leech Seed|p1a: Incursio
|-start|p1a: Incursio|move: Leech Seed
|
|-damage|p1a: Incursio|280\/354|[from] Leech Seed|[of] p2a: I am fat
|-heal|p2a: I am fat|246\/364|[silent]
|turn|7
|
|move|p2a: I am fat|Synthesis|p2a: I am fat
|-heal|p2a: I am fat|364\/364
|move|p1a: Incursio|Spikes|p2a: I am fat
|-sidestart|p2: elzy|Spikes
|
|-damage|p1a: Incursio|236\/354|[from] Leech Seed|[of] p2a: I am fat
|turn|8
|
|move|p2a: I am fat|Earthquake|p1a: Incursio
|-damage|p1a: Incursio|193\/354
|move|p1a: Incursio|Spikes|p2a: I am fat
|-sidestart|p2: elzy|Spikes
|
|-damage|p1a: Incursio|149\/354|[from] Leech Seed|[of] p2a: I am fat
|turn|9
|
|move|p2a: I am fat|Earthquake|p1a: Incursio
|-damage|p1a: Incursio|105\/354
|move|p1a: Incursio|Rapid Spin|p2a: I am fat
|-damage|p2a: I am fat|353\/364
|-end|p1a: Incursio|Leech Seed|[from] move: Rapid Spin|[of] p1a: Incursio
|
|turn|10
|
|move|p2a: I am fat|Leech Seed|p1a: Incursio
|-start|p1a: Incursio|move: Leech Seed
|move|p1a: Incursio|Volt Switch|p2a: I am fat
|-crit|p2a: I am fat
|-resisted|p2a: I am fat
|-damage|p2a: I am fat|333\/364
|
|switch|p1a: Mr. Miyagi|Alakazam-Mega, M|252\/252
|-ability|p1a: Mr. Miyagi|Thick Fat|[from] ability: Trace|[of] p2a: I am fat
|
|turn|11
|
|switch|p2a: Umbreon|Umbreon, F|394\/394
|-damage|p2a: Umbreon|329\/394|[from] Spikes
|move|p1a: Mr. Miyagi|Focus Blast|p2a: Umbreon
|-supereffective|p2a: Umbreon
|-damage|p2a: Umbreon|89\/394
|
|-heal|p2a: Umbreon|113\/394|[from] item: Leftovers
|turn|12
|
|move|p1a: Mr. Miyagi|Energy Ball|p2a: Umbreon
|-crit|p2a: Umbreon
|-damage|p2a: Umbreon|0 fnt
|faint|p2a: Umbreon
|
|
|switch|p2a: Trollygon2|Porygon2|374\/374
|-damage|p2a: Trollygon2|312\/374|[from] Spikes
|-boost|p2a: Trollygon2|atk|1|[from] ability: Download
|turn|13
|
|move|p1a: Mr. Miyagi|Taunt|p2a: Trollygon2
|-start|p2a: Trollygon2|move: Taunt
|cant|p2a: Trollygon2|move: Taunt|Thunder Wave
|
|turn|14
|
|switch|p1a: Rasputia|Tyranitar, F, shiny|404\/404
|-weather|Sandstorm
|switch|p2a: Don risas|Gengar, M|262\/262
|
|-weather|Sandstorm|[upkeep]
|-damage|p2a: Don risas|246\/262|[from] sandstorm
|turn|15
|
|move|p2a: Don risas|Energy Ball|p1a: Rasputia
|-supereffective|p1a: Rasputia
|-damage|p1a: Rasputia|204\/404
|-damage|p2a: Don risas|220\/262|[from] item: Life Orb
|move|p1a: Rasputia|Pursuit|p2a: Don risas
|-supereffective|p2a: Don risas
|-damage|p2a: Don risas|0 fnt
|faint|p2a: Don risas
|
|-weather|Sandstorm|[upkeep]
|
|switch|p2a: Mr.crujidor|Hawlucha, F|298\/298
|turn|16
|
|switch|p1a: Mr. Miyagi|Alakazam-Mega, M|252\/252
|-ability|p1a: Mr. Miyagi|Limber|[from] ability: Trace|[of] p2a: Mr.crujidor
|move|p2a: Mr.crujidor|U-turn|p1a: Mr. Miyagi
|-supereffective|p1a: Mr. Miyagi
|-damage|p1a: Mr. Miyagi|80\/252
|
|switch|p2a: Metaweight|Metagross|338\/364
|-damage|p2a: Metaweight|278\/364|[from] Spikes
|
|-weather|Sandstorm|[upkeep]
|-damage|p1a: Mr. Miyagi|65\/252|[from] sandstorm
|turn|17
|
|switch|p1a: Tsunade|Manaphy, shiny|404\/404
|move|p2a: Metaweight|Earthquake|p1a: Tsunade
|-damage|p1a: Tsunade|302\/404
|
|-weather|Sandstorm|[upkeep]
|-damage|p1a: Tsunade|277\/404|[from] sandstorm
|-heal|p1a: Tsunade|302\/404|[from] item: Leftovers
|turn|18
|
|move|p1a: Tsunade|Scald|p2a: Metaweight
|-damage|p2a: Metaweight|179\/364
|-enditem|p2a: Metaweight|Sitrus Berry|[eat]
|-heal|p2a: Metaweight|270\/364|[from] item: Sitrus Berry
|move|p2a: Metaweight|Zen Headbutt|p1a: Tsunade
|-damage|p1a: Tsunade|169\/404
|
|-weather|none
|-heal|p1a: Tsunade|194\/404|[from] item: Leftovers
|turn|19
|
|move|p1a: Tsunade|Scald|p2a: Metaweight
|-damage|p2a: Metaweight|171\/364
|move|p2a: Metaweight|Zen Headbutt|p1a: Tsunade
|-damage|p1a: Tsunade|76\/404
|
|-heal|p1a: Tsunade|101\/404|[from] item: Leftovers
|turn|20
|
|move|p1a: Tsunade|Scald|p2a: Metaweight
|-damage|p2a: Metaweight|71\/364
|move|p2a: Metaweight|Zen Headbutt|p1a: Tsunade
|-damage|p1a: Tsunade|0 fnt
|faint|p1a: Tsunade
|
|
|switch|p1a: Mr. Miyagi|Alakazam-Mega, M|65\/252
|-ability|p1a: Mr. Miyagi|Clear Body|[from] ability: Trace|[of] p2a: Metaweight
|turn|21
|
|move|p2a: Metaweight|Bullet Punch|p1a: Mr. Miyagi
|-damage|p1a: Mr. Miyagi|0 fnt
|faint|p1a: Mr. Miyagi
|
|
|switch|p1a: Leela|Magnezone, shiny|282\/282
|turn|22
|
|move|p1a: Leela|Hidden Power|p2a: Metaweight
|-supereffective|p2a: Metaweight
|-damage|p2a: Metaweight|0 fnt
|faint|p2a: Metaweight
|
|
|switch|p2a: I am fat|Venusaur-Mega, M|333\/364
|-damage|p2a: I am fat|273\/364|[from] Spikes
|turn|23
|
|switch|p1a: Incursio|Forretress, M|105\/354
|move|p2a: I am fat|Knock Off|p1a: Incursio
|-damage|p1a: Incursio|74\/354
|
|turn|24
|
|move|p2a: I am fat|Knock Off|p1a: Incursio
|-damage|p1a: Incursio|44\/354
|move|p1a: Incursio|Spikes|p2a: I am fat
|-sidestart|p2: elzy|Spikes
|
|turn|25
|
|move|p2a: I am fat|Earthquake|p1a: Incursio
|-damage|p1a: Incursio|0 fnt
|faint|p1a: Incursio
|
|
|switch|p1a: Grandad|Landorus-Therian, M|382\/382
|-ability|p1a: Grandad|Intimidate|[of] p2a: I am fat
|-unboost|p2a: I am fat|atk|1
|turn|26
|
|move|p1a: Grandad|Stealth Rock|p2a: I am fat
|-sidestart|p2: elzy|move: Stealth Rock
|move|p2a: I am fat|Synthesis|p2a: I am fat
|-heal|p2a: I am fat|364\/364
|
|turn|27
|
|move|p1a: Grandad|Earthquake|p2a: I am fat
|-damage|p2a: I am fat|256\/364
|move|p2a: I am fat|Leech Seed|p1a: Grandad
|-start|p1a: Grandad|move: Leech Seed
|
|-damage|p1a: Grandad|335\/382|[from] Leech Seed|[of] p2a: I am fat
|-heal|p2a: I am fat|303\/364|[silent]
|turn|28
|
|move|p1a: Grandad|U-turn|p2a: I am fat
|-damage|p2a: I am fat|252\/364
|
|switch|p1a: Leela|Magnezone, shiny|282\/282
|move|p2a: I am fat|Knock Off|p1a: Leela
|-damage|p1a: Leela|240\/282
|-enditem|p1a: Leela|Choice Scarf|[from] move: Knock Off|[of] p2a: I am fat
|
|turn|29
|
|move|p1a: Leela|Flash Cannon|p2a: I am fat
|-damage|p2a: I am fat|138\/364
|move|p2a: I am fat|Synthesis|p2a: I am fat
|-heal|p2a: I am fat|320\/364
|
|turn|30
|
|move|p1a: Leela|Flash Cannon|p2a: I am fat
|-damage|p2a: I am fat|205\/364
|-unboost|p2a: I am fat|spd|1
|move|p2a: I am fat|Earthquake|p1a: Leela
|-supereffective|p1a: Leela
|-damage|p1a: Leela|52\/282
|
|turn|31
|
|switch|p1a: Grandad|Landorus-Therian, M|335\/382
|-ability|p1a: Grandad|Intimidate|[of] p2a: I am fat
|-unboost|p2a: I am fat|atk|1
|switch|p2a: Trollygon2|Porygon2|312\/374
|-damage|p2a: Trollygon2|266\/374|[from] Stealth Rock
|-damage|p2a: Trollygon2|173\/374|[from] Spikes
|-boost|p2a: Trollygon2|spa|1|[from] ability: Download
|
|-heal|p1a: Grandad|358\/382|[from] item: Leftovers
|turn|32
|
|move|p1a: Grandad|Knock Off|p2a: Trollygon2
|-damage|p2a: Trollygon2|103\/374
|-enditem|p2a: Trollygon2|Eviolite|[from] move: Knock Off|[of] p1a: Grandad
|move|p2a: Trollygon2|Ice Beam|p1a: Grandad
|-supereffective|p1a: Grandad
|-damage|p1a: Grandad|0 fnt
|faint|p1a: Grandad
|
|
|switch|p1a: Leela|Magnezone, shiny|52\/282
|turn|33
|
|move|p1a: Leela|Flash Cannon|p2a: Trollygon2
|-damage|p2a: Trollygon2|0 fnt
|faint|p2a: Trollygon2
|
|
|switch|p2a: Mr.crujidor|Hawlucha, F|298\/298
|-damage|p2a: Mr.crujidor|261\/298|[from] Stealth Rock
|turn|34
|
|move|p2a: Mr.crujidor|High Jump Kick|p1a: Leela|[miss]
|-miss|p2a: Mr.crujidor|p1a: Leela
|-damage|p2a: Mr.crujidor|112\/298|[from] highjumpkick
|move|p1a: Leela|Thunderbolt|p2a: Mr.crujidor
|-supereffective|p2a: Mr.crujidor
|-damage|p2a: Mr.crujidor|0 fnt
|faint|p2a: Mr.crujidor
|
|
|switch|p2a: I am fat|Venusaur-Mega, M|205\/364
|-damage|p2a: I am fat|160\/364|[from] Stealth Rock
|-damage|p2a: I am fat|69\/364|[from] Spikes
|turn|35
|
|move|p1a: Leela|Flash Cannon|p2a: I am fat
|-damage|p2a: I am fat|0 fnt
|faint|p2a: I am fat
|
|win|3x
|raw|Ladder updating...
|raw|3x's rating: 1497 &rarr; <strong>1518<\/strong><br \/>(+21 for winning)
|raw|elzy's rating: 1459 &rarr; <strong>1441<\/strong><br \/>(-18 for losing)