|join|elzy
|join|SeaweedPrawn
|player|p1|elzy|102
|player|p2|SeaweedPrawn|170
|gametype|singles
|gen|6
|tier|OU
|rated
|clearpoke
|poke|p1|Slowbro, M
|poke|p1|Sylveon, F
|poke|p1|Conkeldurr, M
|poke|p1|Venusaur, M
|poke|p1|Greninja, F
|poke|p1|Excadrill, F
|poke|p2|Landorus-Therian, M
|poke|p2|Crawdaunt, M
|poke|p2|Latios, M
|poke|p2|Staraptor, M
|poke|p2|Heracross, M
|poke|p2|Bronzong
|rule|Swagger Clause: Swagger is banned
|rule|Baton Pass Clause: Limit one PokÃ©mon knowing Baton Pass
|rule|Sleep Clause Mod: Limit one foe put to sleep
|rule|Species Clause: Limit one of each PokÃ©mon
|rule|OHKO Clause: OHKO moves are banned
|rule|Moody Clause: Moody is banned
|rule|Evasion Moves Clause: Evasion moves are banned
|rule|Endless Battle Clause: Forcing endless battles is banned
|rule|HP Percentage Mod: HP is shown in percentages
|teampreview
|
|start
|switch|p1a: Greninja|Greninja, F|286\/286
|switch|p2a: Staraptor|Staraptor, M|311\/311
|turn|1
|
|switch|p1a: Slowbro|Slowbro, M|394\/394
|move|p2a: Staraptor|Brave Bird|p1a: Slowbro
|-damage|p1a: Slowbro|229\/394
|-damage|p2a: Staraptor|257\/311|[from] recoil|[of] p1a: Slowbro
|
|-heal|p1a: Slowbro|253\/394|[from] item: Leftovers
|turn|2
|
|switch|p2a: Bronzong|Bronzong|337\/337
|move|p1a: Slowbro|Toxic|p2a: Bronzong
|-fail|p2a: Bronzong
|
|-heal|p1a: Slowbro|277\/394|[from] item: Leftovers
|turn|3
|
|move|p1a: Slowbro|Scald|p2a: Bronzong
|-damage|p2a: Bronzong|271\/337
|move|p2a: Bronzong|Toxic|p1a: Slowbro|[miss]
|-miss|p2a: Bronzong|p1a: Slowbro
|
|-heal|p1a: Slowbro|301\/394|[from] item: Leftovers
|-heal|p2a: Bronzong|292\/337|[from] item: Leftovers
|turn|4
|
|switch|p1a: Excadrill|Excadrill, F|362\/362
|-ability|p1a: Excadrill|Mold Breaker
|move|p2a: Bronzong|Toxic|p1a: Excadrill
|-fail|p1a: Excadrill
|
|-heal|p2a: Bronzong|313\/337|[from] item: Leftovers
|turn|5
|
|switch|p2a: Landorus-Therian|Landorus-Therian, M|333\/333
|-ability|p2a: Landorus-Therian|Intimidate|[of] p1a: Excadrill
|-unboost|p1a: Excadrill|atk|1
|move|p1a: Excadrill|Iron Head|p2a: Landorus-Therian
|-damage|p2a: Landorus-Therian|231\/333
|
|turn|6
|
|switch|p1a: Slowbro|Slowbro, M|394\/394
|move|p2a: Landorus-Therian|Earthquake|p1a: Slowbro
|-damage|p1a: Slowbro|226\/394
|
|-heal|p1a: Slowbro|250\/394|[from] item: Leftovers
|turn|7
|
|switch|p2a: Crawdaunt|Crawdaunt, M|267\/267
|move|p1a: Slowbro|Scald|p2a: Crawdaunt
|-resisted|p2a: Crawdaunt
|-damage|p2a: Crawdaunt|196\/267
|-status|p2a: Crawdaunt|brn
|
|-heal|p1a: Slowbro|274\/394|[from] item: Leftovers
|-damage|p2a: Crawdaunt|163\/267 brn|[from] brn
|turn|8
|
|switch|p1a: Venusaur|Venusaur, M|364\/364
|move|p2a: Crawdaunt|Knock Off|p1a: Venusaur
|-damage|p1a: Venusaur|273\/364
|-damage|p2a: Crawdaunt|137\/267 brn|[from] item: Life Orb
|
|-damage|p2a: Crawdaunt|104\/267 brn|[from] brn
|turn|9
|
|move|p2a: Crawdaunt|Swords Dance|p2a: Crawdaunt
|-boost|p2a: Crawdaunt|atk|2
|move|p1a: Venusaur|Knock Off|p2a: Crawdaunt
|-resisted|p2a: Crawdaunt
|-damage|p2a: Crawdaunt|67\/267 brn
|-enditem|p2a: Crawdaunt|Life Orb|[from] move: Knock Off|[of] p1a: Venusaur
|
|-damage|p2a: Crawdaunt|34\/267 brn|[from] brn
|turn|10
|
|detailschange|p1a: Venusaur|Venusaur-Mega, M
|message|Venusaur has Mega Evolved into Mega Venusaur!
|move|p2a: Crawdaunt|Knock Off|p1a: Venusaur
|-damage|p1a: Venusaur|157\/364
|move|p1a: Venusaur|Synthesis|p1a: Venusaur
|-heal|p1a: Venusaur|339\/364
|
|-damage|p2a: Crawdaunt|1\/267 brn|[from] brn
|turn|11
|
|switch|p2a: Staraptor|Staraptor, M|257\/311
|move|p1a: Venusaur|Synthesis|p1a: Venusaur
|-heal|p1a: Venusaur|364\/364
|
|turn|12
|
|switch|p1a: Slowbro|Slowbro, M|394\/394
|move|p2a: Staraptor|U-turn|p1a: Slowbro
|-supereffective|p1a: Slowbro
|-damage|p1a: Slowbro|278\/394
|
|switch|p2a: Heracross|Heracross, M|301\/301
|
|-heal|p1a: Slowbro|302\/394|[from] item: Leftovers
|turn|13
|
|switch|p1a: Sylveon|Sylveon, F|394\/394
|move|p2a: Heracross|Swords Dance|p2a: Heracross
|-boost|p2a: Heracross|atk|2
|
|turn|14
|
|detailschange|p2a: Heracross|Heracross-Mega, M
|message|Heracross has Mega Evolved into Mega Heracross!
|move|p2a: Heracross|Rock Blast|p1a: Sylveon
|-damage|p1a: Sylveon|264\/394
|-damage|p1a: Sylveon|134\/394
|-damage|p1a: Sylveon|12\/394
|-damage|p1a: Sylveon|0 fnt
|-hitcount|p1a: Sylveon|4
|faint|p1a: Sylveon
|
|
|switch|p1a: Excadrill|Excadrill, F|362\/362
|-ability|p1a: Excadrill|Mold Breaker
|turn|15
|
|move|p1a: Excadrill|Iron Head|p2a: Heracross
|-damage|p2a: Heracross|162\/301
|cant|p2a: Heracross|flinch
|
|turn|16
|
|move|p1a: Excadrill|Iron Head|p2a: Heracross
|-damage|p2a: Heracross|36\/301
|move|p2a: Heracross|Close Combat|p1a: Excadrill
|-supereffective|p1a: Excadrill
|-damage|p1a: Excadrill|0 fnt
|-unboost|p2a: Heracross|def|1
|-unboost|p2a: Heracross|spd|1
|faint|p1a: Excadrill
|
|
|switch|p1a: Greninja|Greninja, F|286\/286
|turn|17
|
|move|p1a: Greninja|Ice Beam|p2a: Heracross
|-start|p1a: Greninja|typechange|Ice|[from] Protean
|-damage|p2a: Heracross|0 fnt
|-damage|p1a: Greninja|258\/286|[from] item: Life Orb
|faint|p2a: Heracross
|
|
|switch|p2a: Staraptor|Staraptor, M|257\/311
|turn|18
|
|switch|p1a: Slowbro|Slowbro, M|394\/394
|move|p2a: Staraptor|U-turn|p1a: Slowbro
|-supereffective|p1a: Slowbro
|-damage|p1a: Slowbro|294\/394
|
|switch|p2a: Bronzong|Bronzong|313\/337
|
|-heal|p1a: Slowbro|318\/394|[from] item: Leftovers
|-heal|p2a: Bronzong|334\/337|[from] item: Leftovers
|turn|19
|
|switch|p1a: Venusaur|Venusaur-Mega, M|364\/364
|move|p2a: Bronzong|Toxic|p1a: Venusaur|[miss]
|-miss|p2a: Bronzong|p1a: Venusaur
|
|-heal|p2a: Bronzong|337\/337|[from] item: Leftovers
|turn|20
|
|move|p1a: Venusaur|Knock Off|p2a: Bronzong
|-supereffective|p2a: Bronzong
|-damage|p2a: Bronzong|203\/337
|-enditem|p2a: Bronzong|Leftovers|[from] move: Knock Off|[of] p1a: Venusaur
|move|p2a: Bronzong|Stealth Rock|p1a: Venusaur
|-sidestart|p1: elzy|move: Stealth Rock
|
|turn|21
|
|move|p1a: Venusaur|Leech Seed|p2a: Bronzong
|-start|p2a: Bronzong|move: Leech Seed
|move|p2a: Bronzong|Gyro Ball|p1a: Venusaur
|-damage|p1a: Venusaur|310\/364
|
|-damage|p2a: Bronzong|161\/337|[from] Leech Seed|[of] p1a: Venusaur
|-heal|p1a: Venusaur|352\/364|[silent]
|turn|22
|
|move|p1a: Venusaur|Knock Off|p2a: Bronzong
|-supereffective|p2a: Bronzong
|-damage|p2a: Bronzong|75\/337
|move|p2a: Bronzong|Gyro Ball|p1a: Venusaur
|-damage|p1a: Venusaur|298\/364
|
|-damage|p2a: Bronzong|33\/337|[from] Leech Seed|[of] p1a: Venusaur
|-heal|p1a: Venusaur|340\/364|[silent]
|turn|23
|
|move|p1a: Venusaur|Knock Off|p2a: Bronzong
|-supereffective|p2a: Bronzong
|-damage|p2a: Bronzong|0 fnt
|faint|p2a: Bronzong
|
|
|switch|p2a: Latios|Latios, M|301\/301
|turn|24
|
|move|p2a: Latios|Draco Meteor|p1a: Venusaur
|-damage|p1a: Venusaur|120\/364
|-unboost|p2a: Latios|spa|2
|-damage|p2a: Latios|271\/301|[from] item: Life Orb
|move|p1a: Venusaur|Knock Off|p2a: Latios
|-crit|p2a: Latios
|-supereffective|p2a: Latios
|-damage|p2a: Latios|17\/301
|-enditem|p2a: Latios|Life Orb|[from] move: Knock Off|[of] p1a: Venusaur
|
|turn|25
|
|move|p2a: Latios|Tailwind|p2a: Latios
|-sidestart|p2: SeaweedPrawn|move: Tailwind
|move|p1a: Venusaur|Synthesis|p1a: Venusaur
|-heal|p1a: Venusaur|302\/364
|
|turn|26
|
|move|p2a: Latios|Psyshock|p1a: Venusaur
|-supereffective|p1a: Venusaur
|-damage|p1a: Venusaur|194\/364
|move|p1a: Venusaur|Knock Off|p2a: Latios
|-supereffective|p2a: Latios
|-damage|p2a: Latios|0 fnt
|faint|p2a: Latios
|
|
|switch|p2a: Landorus-Therian|Landorus-Therian, M|231\/333
|-ability|p2a: Landorus-Therian|Intimidate|[of] p1a: Venusaur
|-unboost|p1a: Venusaur|atk|1
|turn|27
|
|move|p2a: Landorus-Therian|Swords Dance|p2a: Landorus-Therian
|-boost|p2a: Landorus-Therian|atk|2
|move|p1a: Venusaur|Synthesis|p1a: Venusaur
|-heal|p1a: Venusaur|364\/364
|
|turn|28
|
|move|p2a: Landorus-Therian|Earthquake|p1a: Venusaur
|-damage|p1a: Venusaur|15\/364
|move|p1a: Venusaur|Leech Seed|p2a: Landorus-Therian
|-start|p2a: Landorus-Therian|move: Leech Seed
|
|-damage|p2a: Landorus-Therian|190\/333|[from] Leech Seed|[of] p1a: Venusaur
|-heal|p1a: Venusaur|56\/364|[silent]
|-sideend|p2: SeaweedPrawn|move: Tailwind
|turn|29
|
|move|p2a: Landorus-Therian|Earthquake|p1a: Venusaur
|-damage|p1a: Venusaur|0 fnt
|faint|p1a: Venusaur
|
|
|switch|p1a: Greninja|Greninja, F|258\/286
|-damage|p1a: Greninja|223\/286|[from] Stealth Rock
|turn|30
|
|switch|p2a: Crawdaunt|Crawdaunt, M|1\/267 brn
|move|p1a: Greninja|Ice Beam|p2a: Crawdaunt
|-start|p1a: Greninja|typechange|Ice|[from] Protean
|-resisted|p2a: Crawdaunt
|-damage|p2a: Crawdaunt|0 fnt
|-damage|p1a: Greninja|195\/286|[from] item: Life Orb
|faint|p2a: Crawdaunt
|
|
|switch|p2a: Staraptor|Staraptor, M|257\/311
|turn|31
|
|switch|p1a: Conkeldurr|Conkeldurr, M|414\/414
|-damage|p1a: Conkeldurr|389\/414|[from] Stealth Rock
|move|p2a: Staraptor|Brave Bird|p1a: Conkeldurr
|-supereffective|p1a: Conkeldurr
|-damage|p1a: Conkeldurr|0 fnt
|-damage|p2a: Staraptor|129\/311|[from] recoil|[of] p1a: Conkeldurr
|faint|p1a: Conkeldurr
|
|
|switch|p1a: Slowbro|Slowbro, M|394\/394
|-damage|p1a: Slowbro|345\/394|[from] Stealth Rock
|turn|32
|
|switch|p2a: Landorus-Therian|Landorus-Therian, M|190\/333
|-ability|p2a: Landorus-Therian|Intimidate|[of] p1a: Slowbro
|-unboost|p1a: Slowbro|atk|1
|move|p1a: Slowbro|Ice Beam|p2a: Landorus-Therian
|-supereffective|p2a: Landorus-Therian
|-damage|p2a: Landorus-Therian|0 fnt
|faint|p2a: Landorus-Therian
|
|-heal|p1a: Slowbro|369\/394|[from] item: Leftovers
|-message|SeaweedPrawn forfeited.
|
|win|elzy
|raw|Ladder updating...
|c|âelzy|gg
|raw|elzy's rating: 1574 &rarr; <strong>1588<\/strong><br \/>(+14 for winning)
|raw|SeaweedPrawn's rating: 1468 &rarr; <strong>1454<\/strong><br \/>(-14 for losing)