|join|elzy
|join|TimeZone
|player|p1|elzy|2
|player|p2|TimeZone|290
|gametype|singles
|gen|6
|tier|OU
|rated
|clearpoke
|poke|p1|Ambipom, M
|poke|p1|Forretress, F
|poke|p1|Alomomola, M
|poke|p1|Noivern, M
|poke|p1|Venusaur, F
|poke|p1|Scizor, M
|poke|p2|Ferrothorn, M
|poke|p2|Keldeo
|poke|p2|Charizard, F, shiny
|poke|p2|Weavile, M
|poke|p2|Landorus-Therian, M
|poke|p2|Gengar, F
|rule|Swagger Clause: Swagger is banned
|rule|Baton Pass Clause: Limit one PokÃ©mon knowing Baton Pass
|rule|Sleep Clause Mod: Limit one foe put to sleep
|rule|Species Clause: Limit one of each PokÃ©mon
|rule|OHKO Clause: OHKO moves are banned
|rule|Moody Clause: Moody is banned
|rule|Evasion Moves Clause: Evasion moves are banned
|rule|Endless Battle Clause: Forcing endless battles is banned
|rule|HP Percentage Mod: HP is shown in percentages
|teampreview
|
|start
|switch|p1a: Ambipom|Ambipom, M|291\/291
|switch|p2a: Ride on my back|Charizard, F, shiny|333\/333
|turn|1
|
|switch|p2a: Overdose|Ferrothorn, M|352\/352
|move|p1a: Ambipom|Fake Out|p2a: Overdose
|-resisted|p2a: Overdose
|-damage|p2a: Overdose|317\/352
|-damage|p1a: Ambipom|255\/291|[from] ability: Iron Barbs|[of] p2a: Overdose
|-damage|p1a: Ambipom|207\/291|[from] item: Rocky Helmet|[of] p2a: Overdose
|-damage|p1a: Ambipom|178\/291|[from] item: Life Orb
|
|turn|2
|
|switch|p1a: Forretress|Forretress, F|354\/354
|move|p2a: Overdose|Stealth Rock|p1a: Forretress
|-sidestart|p1: elzy|move: Stealth Rock
|
|turn|3
|
|switch|p2a: Ride on my back|Charizard, F, shiny|333\/333
|move|p1a: Forretress|Stealth Rock|p2a: Ride on my back
|-sidestart|p2: TimeZone|move: Stealth Rock
|
|turn|4
|
|switch|p1a: Alomomola|Alomomola, M|534\/534
|-damage|p1a: Alomomola|468\/534|[from] Stealth Rock
|detailschange|p2a: Ride on my back|Charizard-Mega-X, F, shiny
|message|Charizard has Mega Evolved into Mega Charizard!
|move|p2a: Ride on my back|Dragon Dance|p2a: Ride on my back
|-boost|p2a: Ride on my back|atk|1
|-boost|p2a: Ride on my back|spe|1
|
|-heal|p1a: Alomomola|501\/534|[from] item: Leftovers
|turn|5
|
|move|p2a: Ride on my back|Dragon Dance|p2a: Ride on my back
|-boost|p2a: Ride on my back|atk|1
|-boost|p2a: Ride on my back|spe|1
|move|p1a: Alomomola|Toxic|p2a: Ride on my back
|-status|p2a: Ride on my back|tox
|
|-heal|p1a: Alomomola|534\/534|[from] item: Leftovers
|-damage|p2a: Ride on my back|313\/333 tox|[from] psn
|turn|6
|
|move|p2a: Ride on my back|Dragon Claw|p1a: Alomomola
|-damage|p1a: Alomomola|173\/534
|move|p1a: Alomomola|Scald|p2a: Ride on my back
|-crit|p2a: Ride on my back
|-damage|p2a: Ride on my back|228\/333 tox
|
|-heal|p1a: Alomomola|206\/534|[from] item: Leftovers
|-damage|p2a: Ride on my back|188\/333 tox|[from] psn
|turn|7
|
|move|p1a: Alomomola|Protect|p1a: Alomomola
|-singleturn|p1a: Alomomola|Protect
|move|p2a: Ride on my back|Roost|p2a: Ride on my back
|-heal|p2a: Ride on my back|333\/333 tox
|
|-heal|p1a: Alomomola|239\/534|[from] item: Leftovers
|-damage|p2a: Ride on my back|273\/333 tox|[from] psn
|turn|8
|
|switch|p1a: Forretress|Forretress, F|354\/354
|-damage|p1a: Forretress|310\/354|[from] Stealth Rock
|move|p2a: Ride on my back|Flare Blitz|p1a: Forretress
|-supereffective|p1a: Forretress
|-damage|p1a: Forretress|0 fnt
|-damage|p2a: Ride on my back|218\/333 tox|[from] item: Rocky Helmet|[of] p1a: Forretress
|-damage|p2a: Ride on my back|116\/333 tox|[from] recoil|[of] p1a: Forretress
|faint|p1a: Forretress
|
|-damage|p2a: Ride on my back|36\/333 tox|[from] psn
|
|switch|p1a: Ambipom|Ambipom, M|178\/291
|-damage|p1a: Ambipom|142\/291|[from] Stealth Rock
|turn|9
|
|move|p1a: Ambipom|Pursuit|p2a: Ride on my back|[from]Pursuit
|-damage|p2a: Ride on my back|0 fnt
|-damage|p1a: Ambipom|113\/291|[from] item: Life Orb
|faint|p2a: Ride on my back
|
|
|switch|p2a: I'm backed up|Landorus-Therian, M|319\/319
|-damage|p2a: I'm backed up|280\/319|[from] Stealth Rock
|-ability|p2a: I'm backed up|Intimidate|[of] p1a: Ambipom
|-unboost|p1a: Ambipom|atk|1
|turn|10
|
|move|p2a: I'm backed up|U-turn|p1a: Ambipom
|-damage|p1a: Ambipom|0 fnt
|faint|p1a: Ambipom
|
|switch|p2a: Mad?|Gengar, F|261\/261
|-damage|p2a: Mad?|229\/261|[from] Stealth Rock
|
|
|switch|p1a: Noivern|Noivern, M|311\/311
|-damage|p1a: Noivern|234\/311|[from] Stealth Rock
|-item|p2a: Mad?|Life Orb|[from] ability: Frisk|[of] p1a: Noivern|[identify]
|turn|11
|
|switch|p2a: Overdose|Ferrothorn, M|317\/352
|-damage|p2a: Overdose|295\/352|[from] Stealth Rock
|move|p1a: Noivern|Shadow Ball|p2a: Overdose
|-damage|p2a: Overdose|205\/352
|
|turn|12
|
|switch|p1a: Venusaur|Venusaur, F|364\/364
|-damage|p1a: Venusaur|319\/364|[from] Stealth Rock
|move|p2a: Overdose|Leech Seed|p1a: Venusaur
|-immune|p1a: Venusaur|[msg]
|
|turn|13
|
|detailschange|p1a: Venusaur|Venusaur-Mega, F
|message|Venusaur has Mega Evolved into Mega Venusaur!
|move|p1a: Venusaur|Giga Drain|p2a: Overdose
|-resisted|p2a: Overdose
|-damage|p2a: Overdose|184\/352
|-heal|p1a: Venusaur|330\/364|[from] drain|[of] p2a: Overdose
|move|p2a: Overdose|Gyro Ball|p1a: Venusaur
|-damage|p1a: Venusaur|213\/364
|
|turn|14
|
|switch|p1a: Scizor|Scizor, M|344\/344
|-damage|p1a: Scizor|301\/344|[from] Stealth Rock
|move|p2a: Overdose|Gyro Ball|p1a: Scizor
|-resisted|p1a: Scizor
|-damage|p1a: Scizor|243\/344
|
|turn|15
|
|move|p1a: Scizor|Brick Break|p2a: Overdose
|-supereffective|p2a: Overdose
|-damage|p2a: Overdose|4\/352
|-damage|p1a: Scizor|200\/344|[from] ability: Iron Barbs|[of] p2a: Overdose
|-damage|p1a: Scizor|143\/344|[from] item: Rocky Helmet|[of] p2a: Overdose
|move|p2a: Overdose|Leech Seed|p1a: Scizor
|-start|p1a: Scizor|move: Leech Seed
|
|-damage|p1a: Scizor|100\/344|[from] Leech Seed|[of] p2a: Overdose
|-heal|p2a: Overdose|47\/352|[silent]
|turn|16
|
|switch|p1a: Noivern|Noivern, M|234\/311
|-damage|p1a: Noivern|157\/311|[from] Stealth Rock
|-item|p2a: Overdose|Rocky Helmet|[from] ability: Frisk|[of] p1a: Noivern|[identify]
|switch|p2a: I'm backed up|Landorus-Therian, M|280\/319
|-damage|p2a: I'm backed up|241\/319|[from] Stealth Rock
|-ability|p2a: I'm backed up|Intimidate|[of] p1a: Noivern
|-unboost|p1a: Noivern|atk|1
|
|turn|17
|
|move|p2a: I'm backed up|Hidden Power|p1a: Noivern
|-supereffective|p1a: Noivern
|-damage|p1a: Noivern|0 fnt
|faint|p1a: Noivern
|
|
|switch|p1a: Alomomola|Alomomola, M|417\/534
|-damage|p1a: Alomomola|351\/534|[from] Stealth Rock
|turn|18
|
|switch|p2a: Overdose|Ferrothorn, M|47\/352
|-damage|p2a: Overdose|25\/352|[from] Stealth Rock
|move|p1a: Alomomola|Scald|p2a: Overdose
|-resisted|p2a: Overdose
|-damage|p2a: Overdose|7\/352
|-status|p2a: Overdose|brn
|
|-heal|p1a: Alomomola|384\/534|[from] item: Leftovers
|-damage|p2a: Overdose|0 fnt|[from] brn
|faint|p2a: Overdose
|
|switch|p2a: Mad?|Gengar, F|229\/261
|-damage|p2a: Mad?|197\/261|[from] Stealth Rock
|turn|19
|
|move|p1a: Alomomola|Protect|p1a: Alomomola
|-singleturn|p1a: Alomomola|Protect
|move|p2a: Mad?|Shadow Ball|p1a: Alomomola
|-activate|p1a: Alomomola|Protect
|
|-heal|p1a: Alomomola|417\/534|[from] item: Leftovers
|turn|20
|
|switch|p1a: Venusaur|Venusaur-Mega, F|213\/364
|-damage|p1a: Venusaur|168\/364|[from] Stealth Rock
|move|p2a: Mad?|Thunderbolt|p1a: Venusaur
|-resisted|p1a: Venusaur
|-damage|p1a: Venusaur|128\/364
|-damage|p2a: Mad?|171\/261|[from] item: Life Orb
|
|turn|21
|
|move|p2a: Mad?|Shadow Ball|p1a: Venusaur
|-damage|p1a: Venusaur|15\/364
|-unboost|p1a: Venusaur|spd|1
|-damage|p2a: Mad?|145\/261|[from] item: Life Orb
|move|p1a: Venusaur|Synthesis|p1a: Venusaur
|-heal|p1a: Venusaur|197\/364
|
|turn|22
|
|switch|p1a: Scizor|Scizor, M|100\/344
|-damage|p1a: Scizor|57\/344|[from] Stealth Rock
|move|p2a: Mad?|Shadow Ball|p1a: Scizor
|-damage|p1a: Scizor|0 fnt
|-damage|p2a: Mad?|119\/261|[from] item: Life Orb
|faint|p1a: Scizor
|
|
|switch|p1a: Venusaur|Venusaur-Mega, F|197\/364
|-damage|p1a: Venusaur|152\/364|[from] Stealth Rock
|turn|23
|
|move|p2a: Mad?|Sludge Bomb|p1a: Venusaur
|-damage|p1a: Venusaur|26\/364
|-damage|p2a: Mad?|93\/261|[from] item: Life Orb
|move|p1a: Venusaur|Synthesis|p1a: Venusaur
|-heal|p1a: Venusaur|208\/364
|
|turn|24
|
|switch|p2a: I'm backed up|Landorus-Therian, M|241\/319
|-damage|p2a: I'm backed up|202\/319|[from] Stealth Rock
|-ability|p2a: I'm backed up|Intimidate|[of] p1a: Venusaur
|-unboost|p1a: Venusaur|atk|1
|move|p1a: Venusaur|Synthesis|p1a: Venusaur
|-heal|p1a: Venusaur|364\/364
|
|turn|25
|
|move|p2a: I'm backed up|Earthquake|p1a: Venusaur
|-damage|p1a: Venusaur|186\/364
|move|p1a: Venusaur|Leech Seed|p2a: I'm backed up
|-start|p2a: I'm backed up|move: Leech Seed
|
|-damage|p2a: I'm backed up|163\/319|[from] Leech Seed|[of] p1a: Venusaur
|-heal|p1a: Venusaur|225\/364|[silent]
|turn|26
|
|switch|p2a: Come at me!!!|Keldeo|322\/322
|-damage|p2a: Come at me!!!|302\/322|[from] Stealth Rock
|move|p1a: Venusaur|Synthesis|p1a: Venusaur
|-heal|p1a: Venusaur|364\/364
|
|turn|27
|
|move|p2a: Come at me!!!|Hidden Power|p1a: Venusaur
|-supereffective|p1a: Venusaur
|-damage|p1a: Venusaur|234\/364
|move|p1a: Venusaur|Giga Drain|p2a: Come at me!!!
|-supereffective|p2a: Come at me!!!
|-damage|p2a: Come at me!!!|66\/322
|-heal|p1a: Venusaur|352\/364|[from] drain|[of] p2a: Come at me!!!
|
|turn|28
|
|move|p2a: Come at me!!!|Hidden Power|p1a: Venusaur
|-supereffective|p1a: Venusaur
|-damage|p1a: Venusaur|222\/364
|move|p1a: Venusaur|Giga Drain|p2a: Come at me!!!
|-supereffective|p2a: Come at me!!!
|-damage|p2a: Come at me!!!|0 fnt
|-heal|p1a: Venusaur|255\/364|[from] drain|[of] p2a: Come at me!!!
|faint|p2a: Come at me!!!
|
|
|switch|p2a: I'm backed up|Landorus-Therian, M|163\/319
|-damage|p2a: I'm backed up|124\/319|[from] Stealth Rock
|-ability|p2a: I'm backed up|Intimidate|[of] p1a: Venusaur
|-unboost|p1a: Venusaur|atk|1
|turn|29
|
|move|p2a: I'm backed up|Earthquake|p1a: Venusaur
|-damage|p1a: Venusaur|66\/364
|move|p1a: Venusaur|Synthesis|p1a: Venusaur
|-heal|p1a: Venusaur|248\/364
|
|turn|30
|
|switch|p1a: Alomomola|Alomomola, M|534\/534
|-damage|p1a: Alomomola|468\/534|[from] Stealth Rock
|move|p2a: I'm backed up|Earthquake|p1a: Alomomola
|-damage|p1a: Alomomola|299\/534
|
|-heal|p1a: Alomomola|332\/534|[from] item: Leftovers
|turn|31
|
|move|p2a: I'm backed up|Earthquake|p1a: Alomomola
|-damage|p1a: Alomomola|167\/534
|move|p1a: Alomomola|Wish|p1a: Alomomola
|
|-heal|p1a: Alomomola|200\/534|[from] item: Leftovers
|turn|32
|
|switch|p1a: Venusaur|Venusaur-Mega, F|248\/364
|-damage|p1a: Venusaur|203\/364|[from] Stealth Rock
|move|p2a: I'm backed up|Earthquake|p1a: Venusaur
|-damage|p1a: Venusaur|23\/364
|
|-heal|p1a: Venusaur|290\/364|[from] move: Wish|[wisher] Alomomola
|turn|33
|
|move|p2a: I'm backed up|Earthquake|p1a: Venusaur
|-damage|p1a: Venusaur|118\/364
|move|p1a: Venusaur|Giga Drain|p2a: I'm backed up
|-damage|p2a: I'm backed up|0 fnt
|-heal|p1a: Venusaur|180\/364|[from] drain|[of] p2a: I'm backed up
|faint|p2a: I'm backed up
|
|
|switch|p2a: Mad?|Gengar, F|93\/261
|-damage|p2a: Mad?|61\/261|[from] Stealth Rock
|turn|34
|
|move|p2a: Mad?|Shadow Ball|p1a: Venusaur
|-damage|p1a: Venusaur|67\/364
|-unboost|p1a: Venusaur|spd|1
|-damage|p2a: Mad?|35\/261|[from] item: Life Orb
|move|p1a: Venusaur|Synthesis|p1a: Venusaur
|-heal|p1a: Venusaur|249\/364
|
|turn|35
|
|move|p2a: Mad?|Shadow Ball|p1a: Venusaur
|-damage|p1a: Venusaur|81\/364
|-unboost|p1a: Venusaur|spd|1
|-damage|p2a: Mad?|9\/261|[from] item: Life Orb
|move|p1a: Venusaur|Synthesis|p1a: Venusaur
|-heal|p1a: Venusaur|263\/364
|
|turn|36
|
|switch|p1a: Alomomola|Alomomola, M|378\/534
|-damage|p1a: Alomomola|312\/534|[from] Stealth Rock
|move|p2a: Mad?|Sludge Bomb|p1a: Alomomola
|-damage|p1a: Alomomola|0 fnt
|-damage|p2a: Mad?|0 fnt|[from] item: Life Orb
|faint|p1a: Alomomola
|faint|p2a: Mad?
|
|
|switch|p2a: Dimples|Weavile, M|281\/281
|-damage|p2a: Dimples|211\/281|[from] Stealth Rock
|switch|p1a: Venusaur|Venusaur-Mega, F|263\/364
|-damage|p1a: Venusaur|218\/364|[from] Stealth Rock
|-ability|p2a: Dimples|Pressure
|turn|37
|
|move|p2a: Dimples|Ice Punch|p1a: Venusaur
|-supereffective|p1a: Venusaur
|-damage|p1a: Venusaur|91\/364
|-damage|p2a: Dimples|183\/281|[from] item: Life Orb
|move|p1a: Venusaur|Synthesis|p1a: Venusaur
|-heal|p1a: Venusaur|273\/364
|
|turn|38
|
|move|p2a: Dimples|Ice Punch|p1a: Venusaur
|-supereffective|p1a: Venusaur
|-damage|p1a: Venusaur|133\/364
|-damage|p2a: Dimples|155\/281|[from] item: Life Orb
|move|p1a: Venusaur|Giga Drain|p2a: Dimples
|-damage|p2a: Dimples|35\/281
|-heal|p1a: Venusaur|193\/364|[from] drain|[of] p2a: Dimples
|
|turn|39
|
|move|p2a: Dimples|Ice Punch|p1a: Venusaur
|-supereffective|p1a: Venusaur
|-damage|p1a: Venusaur|66\/364
|-status|p1a: Venusaur|frz
|-damage|p2a: Dimples|7\/281|[from] item: Life Orb
|cant|p1a: Venusaur|frz
|
|turn|40
|
|move|p2a: Dimples|Ice Punch|p1a: Venusaur
|-supereffective|p1a: Venusaur
|-damage|p1a: Venusaur|0 fnt
|-damage|p2a: Dimples|0 fnt|[from] item: Life Orb
|faint|p1a: Venusaur
|faint|p2a: Dimples
|
|win|TimeZone
|raw|Ladder updating...
|raw|elzy's rating: 1407 &rarr; <strong>1388<\/strong><br \/>(-19 for losing)
|raw|TimeZone's rating: 1426 &rarr; <strong>1445<\/strong><br \/>(+19 for winning)