|join|swagelle
|join|elzy
|player|p1|swagelle|154
|player|p2|elzy|94
|gametype|singles
|gen|6
|tier|OU
|rated
|clearpoke
|poke|p1|Sableye, F
|poke|p1|Excadrill, F
|poke|p1|Manaphy
|poke|p1|Gliscor, M
|poke|p1|Talonflame, M
|poke|p1|Clefable, M
|poke|p2|Tyranitar, F
|poke|p2|Darmanitan, M
|poke|p2|Skarmory, M, shiny
|poke|p2|Goodra, F
|poke|p2|Alomomola, M, shiny
|poke|p2|Starmie
|rule|Swagger Clause: Swagger is banned
|rule|Baton Pass Clause: Limit one PokÃ©mon knowing Baton Pass
|rule|Sleep Clause Mod: Limit one foe put to sleep
|rule|Species Clause: Limit one of each PokÃ©mon
|rule|OHKO Clause: OHKO moves are banned
|rule|Moody Clause: Moody is banned
|rule|Evasion Moves Clause: Evasion moves are banned
|rule|Endless Battle Clause: Forcing endless battles is banned
|rule|HP Percentage Mod: HP is shown in percentages
|teampreview
|
|start
|switch|p1a: Maurice|Gliscor, M|353\/353
|switch|p2a: Darmanitan|Darmanitan, M|351\/351
|turn|1
|
|switch|p2a: Starmie|Starmie|261\/261
|move|p1a: Maurice|U-turn|p2a: Starmie
|-supereffective|p2a: Starmie
|-damage|p2a: Starmie|147\/261
|
|switch|p1a: Hubert|Talonflame, M|322\/322
|
|turn|2
|
|switch|p2a: Alomomola|Alomomola, M, shiny|534\/534
|move|p1a: Hubert|Brave Bird|p2a: Alomomola
|-crit|p2a: Alomomola
|-damage|p2a: Alomomola|336\/534
|-damage|p1a: Hubert|257\/322|[from] recoil|[of] p2a: Alomomola
|
|-heal|p1a: Hubert|277\/322|[from] item: Leftovers
|-heal|p2a: Alomomola|369\/534|[from] item: Leftovers
|turn|3
|c|âswagelle|37% = 20% recoil?
|
|switch|p1a: Gertrude|Manaphy|401\/401
|move|p2a: Alomomola|Wish|p2a: Alomomola
|
|-heal|p2a: Alomomola|402\/534|[from] item: Leftovers
|turn|4
|
|switch|p2a: Starmie|Starmie|147\/261
|move|p1a: Gertrude|U-turn|p2a: Starmie
|-supereffective|p2a: Starmie
|-damage|p2a: Starmie|29\/261
|
|switch|p1a: Sebastian|Sableye, F|303\/303
|
|-heal|p2a: Starmie|261\/261|[from] move: Wish|[wisher] Alomomola
|turn|5
|
|detailschange|p1a: Sebastian|Sableye-Mega, F
|-mega|p1a: Sebastian|Sableye|Sablenite
|move|p2a: Starmie|Hydro Pump|p1a: Sebastian
|-damage|p1a: Sebastian|167\/303
|-damage|p2a: Starmie|235\/261|[from] item: Life Orb
|move|p1a: Sebastian|Knock Off|p2a: Starmie
|-supereffective|p2a: Starmie
|-damage|p2a: Starmie|1\/261
|-enditem|p2a: Starmie|Life Orb|[from] move: Knock Off|[of] p1a: Sebastian
|
|turn|6
|
|move|p2a: Starmie|Hydro Pump|p1a: Sebastian
|-damage|p1a: Sebastian|62\/303
|move|p1a: Sebastian|Recover|p1a: Sebastian
|-heal|p1a: Sebastian|214\/303
|
|turn|7
|
|switch|p2a: Darmanitan|Darmanitan, M|351\/351
|move|p1a: Sebastian|Foul Play|p2a: Darmanitan
|-damage|p2a: Darmanitan|47\/351
|
|turn|8
|
|switch|p1a: Maurice|Gliscor, M|353\/353
|move|p2a: Darmanitan|Flare Blitz|p1a: Maurice
|-damage|p1a: Maurice|149\/353
|-damage|p2a: Darmanitan|0 fnt|[from] recoil|[of] p1a: Maurice
|faint|p2a: Darmanitan
|
|-status|p1a: Maurice|tox|[from] item: Toxic Orb
|-message|elzy forfeited.
|leave|elzy
|
|win|swagelle
|raw|Ladder updating...
|player|p2
|raw|swagelle's rating: 1537 &rarr; <strong>1560<\/strong><br \/>(+23 for winning)
|raw|elzy's rating: 1580 &rarr; <strong>1558<\/strong><br \/>(-22 for losing)
|raw|<div class="broadcast-blue"><b>I've updated Battle Spot Doubles name to Battle Spot Doubles (VGC 2015). This ensures a fair total ladder reset for all BS Dubs \/ VGC players. These two formats are equal as of ORAS, bar unimplemented timer rules (on the pipeline). Enjoy!<\/b><\/div>