|join|Niconico
|join|4trackboy
|player|p1|Niconico|89
|player|p2|4trackboy|1
|gametype|singles
|gen|6
|tier|UU
|rated
|rule|Sleep Clause Mod: Limit one foe put to sleep
|rule|Species Clause: Limit one of each PokÃ©mon
|rule|OHKO Clause: OHKO moves are banned
|rule|Moody Clause: Moody is banned
|rule|Evasion Moves Clause: Evasion moves are banned
|rule|Endless Battle Clause: Forcing endless battles is banned
|rule|HP Percentage Mod: HP is shown in percentages
|clearpoke
|poke|p1|Hydreigon, M
|poke|p1|Gligar, F
|poke|p1|Tentacruel, F
|poke|p1|Machamp, F
|poke|p1|Jirachi
|poke|p1|Alakazam, F
|poke|p2|Zygarde
|poke|p2|Forretress, F
|poke|p2|Hippowdon, F
|poke|p2|Blissey, F
|poke|p2|Aromatisse, M
|poke|p2|Sableye, M
|rule|Swagger Clause: Swagger is banned
|rule|Baton Pass Clause: Limit one PokÃ©mon knowing Baton Pass
|teampreview
|
|start
|switch|p1a: Tentacruel|Tentacruel, F|361\/361
|switch|p2a: Aromatisse|Aromatisse, M|404\/404
|turn|1
|
|switch|p2a: Zygarde|Zygarde|404\/404
|-ability|p2a: Zygarde|Aura Break
|move|p1a: Tentacruel|Toxic Spikes|p2a: Zygarde
|-sidestart|p2: 4trackboy|move: Toxic Spikes
|
|turn|2
|
|move|p2a: Zygarde|Substitute|p2a: Zygarde
|-start|p2a: Zygarde|Substitute
|-damage|p2a: Zygarde|303\/404
|move|p1a: Tentacruel|Scald|p2a: Zygarde
|-activate|p2a: Zygarde|Substitute|[damage]
|
|-heal|p2a: Zygarde|328\/404|[from] item: Leftovers
|turn|3
|
|switch|p1a: Gligar|Gligar, F|334\/334
|move|p2a: Zygarde|Coil|p2a: Zygarde
|-boost|p2a: Zygarde|atk|1
|-boost|p2a: Zygarde|def|1
|-boost|p2a: Zygarde|accuracy|1
|
|-heal|p2a: Zygarde|353\/404|[from] item: Leftovers
|turn|4
|
|move|p2a: Zygarde|Coil|p2a: Zygarde
|-boost|p2a: Zygarde|atk|1
|-boost|p2a: Zygarde|def|1
|-boost|p2a: Zygarde|accuracy|1
|move|p1a: Gligar|Earthquake|p2a: Zygarde
|-end|p2a: Zygarde|Substitute
|
|-heal|p2a: Zygarde|378\/404|[from] item: Leftovers
|turn|5
|
|move|p2a: Zygarde|Substitute|p2a: Zygarde
|-start|p2a: Zygarde|Substitute
|-damage|p2a: Zygarde|277\/404
|move|p1a: Gligar|Stealth Rock|p2a: Zygarde
|-sidestart|p2: 4trackboy|move: Stealth Rock
|
|-heal|p2a: Zygarde|302\/404|[from] item: Leftovers
|turn|6
|
|move|p2a: Zygarde|Coil|p2a: Zygarde
|-boost|p2a: Zygarde|atk|1
|-boost|p2a: Zygarde|def|1
|-boost|p2a: Zygarde|accuracy|1
|move|p1a: Gligar|Earthquake|p2a: Zygarde
|-activate|p2a: Zygarde|Substitute|[damage]
|
|-heal|p2a: Zygarde|327\/404|[from] item: Leftovers
|turn|7
|
|move|p2a: Zygarde|Coil|p2a: Zygarde
|-boost|p2a: Zygarde|atk|1
|-boost|p2a: Zygarde|def|1
|-boost|p2a: Zygarde|accuracy|1
|move|p1a: Gligar|Earthquake|p2a: Zygarde
|-activate|p2a: Zygarde|Substitute|[damage]
|
|-heal|p2a: Zygarde|352\/404|[from] item: Leftovers
|turn|8
|
|move|p2a: Zygarde|Coil|p2a: Zygarde
|-boost|p2a: Zygarde|atk|1
|-boost|p2a: Zygarde|def|1
|-boost|p2a: Zygarde|accuracy|1
|move|p1a: Gligar|U-turn|p2a: Zygarde
|-activate|p2a: Zygarde|Substitute|[damage]
|
|switch|p1a: Jirachi|Jirachi|341\/341
|
|-heal|p2a: Zygarde|377\/404|[from] item: Leftovers
|turn|9
|
|move|p1a: Jirachi|U-turn|p2a: Zygarde
|-activate|p2a: Zygarde|Substitute|[damage]
|
|switch|p1a: Gligar|Gligar, F|334\/334
|move|p2a: Zygarde|Substitute|p2a: Zygarde
|-fail|p2a: Zygarde|move: Substitute
|
|-heal|p2a: Zygarde|402\/404|[from] item: Leftovers
|turn|10
|
|move|p1a: Gligar|Earthquake|p2a: Zygarde
|-end|p2a: Zygarde|Substitute
|move|p2a: Zygarde|Dragon Tail|p1a: Gligar
|-damage|p1a: Gligar|166\/334
|drag|p1a: Hydreigon|Hydreigon, M|325\/325
|
|-heal|p2a: Zygarde|404\/404|[from] item: Leftovers
|turn|11
|c|âNiconico|lol
|c|â4trackboy|rip me
|c|âNiconico|hahah
|
|move|p1a: Hydreigon|Draco Meteor|p2a: Zygarde
|-supereffective|p2a: Zygarde
|-damage|p2a: Zygarde|0 fnt
|-unboost|p1a: Hydreigon|spa|2
|-damage|p1a: Hydreigon|293\/325|[from] item: Life Orb
|faint|p2a: Zygarde
|
|c|â4trackboy|ya
|c|â4trackboy|rip me
|-message|4trackboy forfeited.
|
|win|Niconico
|raw|Ladder updating...
|leave|4trackboy
|player|p2
|raw|Ladder (probably) updated, but score could not be retrieved (timeout).
|raw|Ladder (probably) updated, but score could not be retrieved (Error: socket hang up).