|join|Niconico
|join|fight to the death
|player|p1|Niconico|89
|player|p2|fight to the death|160
|gametype|singles
|gen|6
|tier|UU
|rated
|rule|Sleep Clause Mod: Limit one foe put to sleep
|rule|Species Clause: Limit one of each PokÃ©mon
|rule|OHKO Clause: OHKO moves are banned
|rule|Moody Clause: Moody is banned
|rule|Evasion Moves Clause: Evasion moves are banned
|rule|Endless Battle Clause: Forcing endless battles is banned
|rule|HP Percentage Mod: HP is shown in percentages
|clearpoke
|poke|p1|Krookodile, F
|poke|p1|Gligar, F
|poke|p1|Tentacruel, F
|poke|p1|Machamp, M
|poke|p1|Jirachi
|poke|p1|Yanmega, M
|poke|p2|Mienshao, F
|poke|p2|Machamp, F
|poke|p2|Lucario, M
|poke|p2|Froslass, F
|poke|p2|Aerodactyl, M
|poke|p2|Swampert, M
|rule|Swagger Clause: Swagger is banned
|rule|Baton Pass Clause: Limit one PokÃ©mon knowing Baton Pass
|teampreview
|
|start
|switch|p1a: Tentacruel|Tentacruel, F|361\/361
|switch|p2a: Froslass|Froslass, F|344\/344
|turn|1
|
|move|p2a: Froslass|Taunt|p1a: Tentacruel
|-start|p1a: Tentacruel|move: Taunt
|move|p1a: Tentacruel|Knock Off|p2a: Froslass
|-supereffective|p2a: Froslass
|-damage|p2a: Froslass|196\/344
|-enditem|p2a: Froslass|Focus Sash|[from] move: Knock Off|[of] p1a: Tentacruel
|
|turn|2
|
|move|p2a: Froslass|Spikes|p1a: Tentacruel
|-sidestart|p1: Niconico|Spikes
|move|p1a: Tentacruel|Scald|p2a: Froslass
|-damage|p2a: Froslass|87\/344
|
|turn|3
|
|move|p2a: Froslass|Destiny Bond|p2a: Froslass
|-singlemove|p2a: Froslass|Destiny Bond
|move|p1a: Tentacruel|Rapid Spin|p2a: Froslass
|-immune|p2a: Froslass|[msg]
|
|-end|p1a: Tentacruel|move: Taunt
|turn|4
|
|move|p2a: Froslass|Destiny Bond|p2a: Froslass
|-singlemove|p2a: Froslass|Destiny Bond
|move|p1a: Tentacruel|Rapid Spin|p2a: Froslass
|-immune|p2a: Froslass|[msg]
|
|turn|5
|
|move|p2a: Froslass|Destiny Bond|p2a: Froslass
|-singlemove|p2a: Froslass|Destiny Bond
|move|p1a: Tentacruel|Rapid Spin|p2a: Froslass
|-immune|p2a: Froslass|[msg]
|
|turn|6
|
|move|p2a: Froslass|Spikes|p1a: Tentacruel
|-sidestart|p1: Niconico|Spikes
|move|p1a: Tentacruel|Rapid Spin|p2a: Froslass
|-immune|p2a: Froslass|[msg]
|
|turn|7
|
|move|p2a: Froslass|Destiny Bond|p2a: Froslass
|-singlemove|p2a: Froslass|Destiny Bond
|move|p1a: Tentacruel|Rapid Spin|p2a: Froslass
|-immune|p2a: Froslass|[msg]
|
|turn|8
|
|move|p2a: Froslass|Destiny Bond|p2a: Froslass
|-singlemove|p2a: Froslass|Destiny Bond
|move|p1a: Tentacruel|Rapid Spin|p2a: Froslass
|-immune|p2a: Froslass|[msg]
|
|turn|9
|
|switch|p2a: Swampert|Swampert, M|404\/404
|move|p1a: Tentacruel|Rapid Spin|p2a: Swampert
|-damage|p2a: Swampert|396\/404
|-sideend|p1: Niconico|Spikes|[from] move: Rapid Spin|[of] p1a: Tentacruel
|
|-heal|p2a: Swampert|404\/404|[from] item: Leftovers
|turn|10
|
|move|p1a: Tentacruel|Toxic Spikes|p2a: Swampert
|-sidestart|p2: fight to the death|move: Toxic Spikes
|move|p2a: Swampert|Stealth Rock|p1a: Tentacruel
|-sidestart|p1: Niconico|move: Stealth Rock
|
|turn|11
|
|move|p1a: Tentacruel|Scald|p2a: Swampert
|-damage|p2a: Swampert|322\/404
|move|p2a: Swampert|Earthquake|p1a: Tentacruel
|-supereffective|p1a: Tentacruel
|-damage|p1a: Tentacruel|125\/361
|
|-heal|p1a: Tentacruel|147\/361|[from] item: Black Sludge
|-heal|p2a: Swampert|347\/404|[from] item: Leftovers
|turn|12
|join|SeenDaQuil
|join|Emma Bae â¥
|
|move|p1a: Tentacruel|Rapid Spin|p2a: Swampert
|-damage|p2a: Swampert|339\/404
|-sideend|p1: Niconico|Stealth Rock|[from] move: Rapid Spin|[of] p1a: Tentacruel
|move|p2a: Swampert|Earthquake|p1a: Tentacruel
|-supereffective|p1a: Tentacruel
|-damage|p1a: Tentacruel|0 fnt
|faint|p1a: Tentacruel
|
|-heal|p2a: Swampert|364\/404|[from] item: Leftovers
|leave|SeenDaQuil
|
|switch|p1a: Yanmega|Yanmega, M|313\/313
|turn|13
|
|switch|p2a: Aerodactyl|Aerodactyl, M|343\/343
|-ability|p2a: Aerodactyl|Pressure
|move|p1a: Yanmega|Giga Drain|p2a: Aerodactyl
|-damage|p2a: Aerodactyl|200\/343
|-damage|p1a: Yanmega|282\/313|[from] item: Life Orb
|
|-boost|p1a: Yanmega|spe|1|[from] ability: Speed Boost
|turn|14
|
|switch|p1a: Jirachi|Jirachi|341\/341
|detailschange|p2a: Aerodactyl|Aerodactyl-Mega, M
|message|Aerodactyl has Mega Evolved into Mega Aerodactyl!
|move|p2a: Aerodactyl|Stone Edge|p1a: Jirachi
|-resisted|p1a: Jirachi
|-damage|p1a: Jirachi|252\/341
|
|turn|15
|
|switch|p2a: Froslass|Froslass, F|87\/344
|-status|p2a: Froslass|psn
|move|p1a: Jirachi|U-turn|p2a: Froslass
|-resisted|p2a: Froslass
|-damage|p2a: Froslass|45\/344 psn
|-start|p1a: Jirachi|Disable|U-turn
|
|switch|p1a: Yanmega|Yanmega, M|282\/313
|
|-damage|p2a: Froslass|2\/344 psn|[from] psn
|turn|16
|
|move|p1a: Yanmega|Protect|p1a: Yanmega
|-singleturn|p1a: Yanmega|Protect
|move|p2a: Froslass|Spikes|p1a: Yanmega
|-sidestart|p1: Niconico|Spikes
|
|-damage|p2a: Froslass|0 fnt|[from] psn
|-boost|p1a: Yanmega|spe|1|[from] ability: Speed Boost
|faint|p2a: Froslass
|
|switch|p2a: Aerodactyl|Aerodactyl-Mega, M|200\/343
|turn|17
|
|switch|p1a: Krookodile|Krookodile, F|331\/331
|-damage|p1a: Krookodile|290\/331|[from] Spikes
|-ability|p1a: Krookodile|Intimidate|[of] p2a: Aerodactyl
|-unboost|p2a: Aerodactyl|atk|1
|move|p2a: Aerodactyl|Stone Edge|p1a: Krookodile
|-resisted|p1a: Krookodile
|-damage|p1a: Krookodile|212\/331
|
|turn|18
|
|move|p2a: Aerodactyl|Aqua Tail|p1a: Krookodile
|-supereffective|p1a: Krookodile
|-damage|p1a: Krookodile|0 fnt
|faint|p1a: Krookodile
|
|
|switch|p1a: Gligar|Gligar, F|334\/334
|turn|19
|
|switch|p2a: Swampert|Swampert, M|364\/404
|-status|p2a: Swampert|psn
|move|p1a: Gligar|Stealth Rock|p2a: Swampert
|-sidestart|p2: fight to the death|move: Stealth Rock
|
|-heal|p2a: Swampert|389\/404 psn|[from] item: Leftovers
|-damage|p2a: Swampert|339\/404 psn|[from] psn
|turn|20
|
|move|p1a: Gligar|U-turn|p2a: Swampert
|-damage|p2a: Swampert|308\/404 psn
|
|switch|p1a: Yanmega|Yanmega, M|282\/313
|move|p2a: Swampert|Stealth Rock|p1a: Yanmega
|-sidestart|p1: Niconico|move: Stealth Rock
|
|-heal|p2a: Swampert|333\/404 psn|[from] item: Leftovers
|-damage|p2a: Swampert|283\/404 psn|[from] psn
|turn|21
|
|move|p1a: Yanmega|Air Cutter|p2a: Swampert
|-crit|p2a: Swampert
|-damage|p2a: Swampert|63\/404 psn
|-damage|p1a: Yanmega|251\/313|[from] item: Life Orb
|move|p2a: Swampert|Scald|p1a: Yanmega
|-damage|p1a: Yanmega|55\/313
|-status|p1a: Yanmega|brn
|
|-heal|p2a: Swampert|88\/404 psn|[from] item: Leftovers
|-damage|p1a: Yanmega|16\/313 brn|[from] brn
|-damage|p2a: Swampert|38\/404 psn|[from] psn
|-boost|p1a: Yanmega|spe|1|[from] ability: Speed Boost
|turn|22
|c|âNiconico|miss click
|c|âNiconico|D:
|c|âfight to the death|sorry :[
|
|move|p1a: Yanmega|Bug Buzz|p2a: Swampert
|-crit|p2a: Swampert
|-damage|p2a: Swampert|0 fnt
|-damage|p1a: Yanmega|0 fnt|[from] item: Life Orb
|faint|p2a: Swampert
|faint|p1a: Yanmega
|
|
|switch|p1a: Gligar|Gligar, F|334\/334
|-damage|p1a: Gligar|293\/334|[from] Stealth Rock
|switch|p2a: Machamp|Machamp, F|384\/384
|-status|p2a: Machamp|psn
|-damage|p2a: Machamp|360\/384 psn|[from] Stealth Rock
|turn|23
|
|move|p1a: Gligar|Earthquake|p2a: Machamp
|-damage|p2a: Machamp|255\/384 psn
|move|p2a: Machamp|Knock Off|p1a: Gligar
|-damage|p1a: Gligar|175\/334
|-enditem|p1a: Gligar|Eviolite|[from] move: Knock Off|[of] p2a: Machamp
|
|-damage|p2a: Machamp|207\/384 psn|[from] psn
|turn|24
|
|move|p1a: Gligar|Roost|p1a: Gligar
|-heal|p1a: Gligar|334\/334
|move|p2a: Machamp|Knock Off|p1a: Gligar
|-damage|p1a: Gligar|208\/334
|
|-damage|p2a: Machamp|159\/384 psn|[from] psn
|turn|25
|
|move|p1a: Gligar|Roost|p1a: Gligar
|-heal|p1a: Gligar|334\/334
|move|p2a: Machamp|Close Combat|p1a: Gligar
|-damage|p1a: Gligar|0 fnt
|-unboost|p2a: Machamp|def|1
|-unboost|p2a: Machamp|spd|1
|faint|p1a: Gligar
|
|-damage|p2a: Machamp|111\/384 psn|[from] psn
|
|switch|p1a: Jirachi|Jirachi|252\/341
|-damage|p1a: Jirachi|231\/341|[from] Stealth Rock
|-damage|p1a: Jirachi|189\/341|[from] Spikes
|turn|26
|
|move|p2a: Machamp|Bullet Punch|p1a: Jirachi
|-resisted|p1a: Jirachi
|-damage|p1a: Jirachi|150\/341
|move|p1a: Jirachi|Iron Head|p2a: Machamp
|-damage|p2a: Machamp|0 fnt
|faint|p2a: Machamp
|
|
|switch|p2a: Lucario|Lucario, M|281\/281
|-damage|p2a: Lucario|273\/281|[from] Stealth Rock
|turn|27
|
|move|p1a: Jirachi|Iron Head|p2a: Lucario
|-resisted|p2a: Lucario
|-damage|p2a: Lucario|198\/281
|move|p2a: Lucario|Close Combat|p1a: Jirachi
|-damage|p1a: Jirachi|0 fnt
|-unboost|p2a: Lucario|def|1
|-unboost|p2a: Lucario|spd|1
|-damage|p2a: Lucario|170\/281|[from] item: Life Orb
|faint|p1a: Jirachi
|
|c|âfight to the death|!dt inner focus
|c|~|\/data-ability Inner Focus
|raw|<font size="1"><\/font>
|c|âfight to the death|;]
|
|switch|p1a: Machamp|Machamp, M|380\/380
|-damage|p1a: Machamp|333\/380|[from] Spikes
|-damage|p1a: Machamp|310\/380|[from] Stealth Rock
|turn|28
|c|âNiconico|gg
|c|âfight to the death|gg
|
|move|p2a: Lucario|Close Combat|p1a: Machamp
|-crit|p1a: Machamp
|-damage|p1a: Machamp|0 fnt
|-unboost|p2a: Lucario|def|1
|-unboost|p2a: Lucario|spd|1
|-damage|p2a: Lucario|142\/281|[from] item: Life Orb
|faint|p1a: Machamp
|
|win|fight to the death
|raw|Ladder updating...
|raw|Niconico's rating: 1677 &rarr; <strong>1652<\/strong><br \/>(-25 for losing)
|raw|fight to the death's rating: 1586 &rarr; <strong>1611<\/strong><br \/>(+25 for winning)
|leave|fight to the death
|player|p2
|leave|Niconico
|player|p1
|join|waiv
|leave|waiv
|join|fight to the death