|join|feng
|join|Niconico
|player|p1|feng|23
|player|p2|Niconico|89
|gametype|singles
|gen|6
|tier|UU
|rated
|rule|Sleep Clause Mod: Limit one foe put to sleep
|rule|Species Clause: Limit one of each PokÃ©mon
|rule|OHKO Clause: OHKO moves are banned
|rule|Moody Clause: Moody is banned
|rule|Evasion Moves Clause: Evasion moves are banned
|rule|Endless Battle Clause: Forcing endless battles is banned
|rule|HP Percentage Mod: HP is shown in percentages
|clearpoke
|poke|p1|Altaria, M
|poke|p1|Bronzong
|poke|p1|Raikou
|poke|p1|Tentacruel, F
|poke|p1|Blissey, F
|poke|p1|Suicune
|poke|p2|Nidoking, M
|poke|p2|Shuckle, M
|poke|p2|Darmanitan, M
|poke|p2|Togekiss, M
|poke|p2|Suicune
|poke|p2|Mienshao, F
|rule|Swagger Clause: Swagger is banned
|rule|Baton Pass Clause: Limit one PokÃ©mon knowing Baton Pass
|teampreview
|
|start
|switch|p1a: Altaria|Altaria, M|353\/353
|switch|p2a: Darmanitan|Darmanitan, M|351\/351
|turn|1
|join|Volbeatdown
|
|detailschange|p1a: Altaria|Altaria-Mega, M
|message|Altaria has Mega Evolved into Mega Altaria!
|move|p2a: Darmanitan|Flare Blitz|p1a: Altaria
|-resisted|p1a: Altaria
|-damage|p1a: Altaria|163\/353
|-damage|p2a: Darmanitan|288\/351|[from] recoil|[of] p1a: Altaria
|move|p1a: Altaria|Dragon Dance|p1a: Altaria
|-boost|p1a: Altaria|atk|1
|-boost|p1a: Altaria|spe|1
|
|turn|2
|
|switch|p2a: Shuckle|Shuckle, M|244\/244
|move|p1a: Altaria|Earthquake|p2a: Shuckle
|-damage|p2a: Shuckle|178\/244
|
|turn|3
|
|move|p1a: Altaria|Roost|p1a: Altaria
|-heal|p1a: Altaria|340\/353
|move|p2a: Shuckle|Encore|p1a: Altaria
|-start|p1a: Altaria|Encore
|
|turn|4
|
|switch|p1a: Bronzong|Bronzong|338\/338
|switch|p2a: Nidoking|Nidoking, M|303\/303
|
|turn|5
|c| Volbeatdown|fire blast
|
|move|p2a: Nidoking|Fire Blast|p1a: Bronzong
|-supereffective|p1a: Bronzong
|-damage|p1a: Bronzong|42\/338
|move|p1a: Bronzong|Earthquake|p2a: Nidoking
|-supereffective|p2a: Nidoking
|-damage|p2a: Nidoking|127\/303
|
|-heal|p1a: Bronzong|63\/338|[from] item: Leftovers
|turn|6
|c| Volbeatdown|where
|c| Volbeatdown|!!!
|c|âfeng|rip
|
|switch|p1a: Blissey|Blissey, F|714\/714
|move|p2a: Nidoking|Thunderbolt|p1a: Blissey
|-damage|p1a: Blissey|614\/714
|
|-heal|p1a: Blissey|658\/714|[from] item: Leftovers
|turn|7
|c|âfeng|who the fk even runs that
|
|switch|p2a: Shuckle|Shuckle, M|178\/244
|move|p1a: Blissey|Wish|p1a: Blissey
|
|-heal|p1a: Blissey|702\/714|[from] item: Leftovers
|turn|8
|
|switch|p1a: Bronzong|Bronzong|63\/338
|move|p2a: Shuckle|Sticky Web|p1a: Bronzong
|-sidestart|p1: feng|move: Sticky Web
|
|-heal|p1a: Bronzong|338\/338|[from] move: Wish|[wisher] Blissey
|turn|9
|
|move|p1a: Bronzong|Stealth Rock|p2a: Shuckle
|-sidestart|p2: Niconico|move: Stealth Rock
|move|p2a: Shuckle|Stealth Rock|p1a: Bronzong
|-sidestart|p1: feng|move: Stealth Rock
|
|turn|10
|
|switch|p2a: Nidoking|Nidoking, M|127\/303
|-damage|p2a: Nidoking|109\/303|[from] Stealth Rock
|move|p1a: Bronzong|Toxic|p2a: Nidoking
|-fail|p2a: Nidoking
|
|turn|11
|
|switch|p1a: Blissey|Blissey, F|702\/714
|-activate|p1a: Blissey|move: Sticky Web
|-unboost|p1a: Blissey|spe|1
|-damage|p1a: Blissey|613\/714|[from] Stealth Rock
|move|p2a: Nidoking|Fire Blast|p1a: Blissey
|-damage|p1a: Blissey|484\/714
|
|-heal|p1a: Blissey|528\/714|[from] item: Leftovers
|turn|12
|
|move|p2a: Nidoking|Toxic Spikes|p1a: Blissey
|-sidestart|p1: feng|move: Toxic Spikes
|move|p1a: Blissey|Wish|p1a: Blissey
|
|-heal|p1a: Blissey|572\/714|[from] item: Leftovers
|turn|13
|
|move|p2a: Nidoking|Fire Blast|p1a: Blissey
|-damage|p1a: Blissey|442\/714
|move|p1a: Blissey|Seismic Toss|p2a: Nidoking
|-damage|p2a: Nidoking|9\/303
|
|-heal|p1a: Blissey|714\/714|[from] move: Wish|[wisher] Blissey
|turn|14
|leave|Volbeatdown
|
|switch|p2a: Darmanitan|Darmanitan, M|288\/351
|-damage|p2a: Darmanitan|201\/351|[from] Stealth Rock
|move|p1a: Blissey|Seismic Toss|p2a: Darmanitan
|-damage|p2a: Darmanitan|101\/351
|
|turn|15
|
|move|p1a: Blissey|Protect|p1a: Blissey
|-singleturn|p1a: Blissey|Protect
|move|p2a: Darmanitan|Flare Blitz|p1a: Blissey
|-activate|p1a: Blissey|Protect
|
|turn|16
|
|switch|p1a: Suicune|Suicune|404\/404
|-activate|p1a: Suicune|move: Sticky Web
|-unboost|p1a: Suicune|spe|1
|-damage|p1a: Suicune|354\/404|[from] Stealth Rock
|-status|p1a: Suicune|psn
|-ability|p1a: Suicune|Pressure
|move|p2a: Darmanitan|Flare Blitz|p1a: Suicune
|-resisted|p1a: Suicune
|-damage|p1a: Suicune|211\/404 psn
|-damage|p2a: Darmanitan|54\/351|[from] recoil|[of] p1a: Suicune
|
|-heal|p1a: Suicune|236\/404 psn|[from] item: Leftovers
|-damage|p1a: Suicune|186\/404 psn|[from] psn
|turn|17
|
|move|p2a: Darmanitan|Flare Blitz|p1a: Suicune
|-resisted|p1a: Suicune
|-damage|p1a: Suicune|46\/404 psn
|-damage|p2a: Darmanitan|8\/351|[from] recoil|[of] p1a: Suicune
|move|p1a: Suicune|Rest|p1a: Suicune
|-status|p1a: Suicune|slp
|-heal|p1a: Suicune|404\/404 slp|[silent]
|-status|p1a: Suicune|slp|[from] move: Rest
|
|turn|18
|
|move|p2a: Darmanitan|Flare Blitz|p1a: Suicune
|-resisted|p1a: Suicune
|-damage|p1a: Suicune|263\/404 slp
|-damage|p2a: Darmanitan|0 fnt|[from] recoil|[of] p1a: Suicune
|faint|p2a: Darmanitan
|cant|p1a: Suicune|slp
|move|p1a: Suicune|Sleep Talk|p1a: Suicune
|move|p1a: Suicune|Calm Mind|p1a: Suicune|[from]Sleep Talk
|-boost|p1a: Suicune|spa|1
|-boost|p1a: Suicune|spd|1
|
|-heal|p1a: Suicune|288\/404 slp|[from] item: Leftovers
|
|switch|p2a: Togekiss|Togekiss, M|373\/373
|-damage|p2a: Togekiss|280\/373|[from] Stealth Rock
|turn|19
|
|switch|p1a: Bronzong|Bronzong|338\/338
|-damage|p1a: Bronzong|317\/338|[from] Stealth Rock
|move|p2a: Togekiss|Nasty Plot|p2a: Togekiss
|-boost|p2a: Togekiss|spa|2
|
|-heal|p2a: Togekiss|303\/373|[from] item: Leftovers
|-heal|p1a: Bronzong|338\/338|[from] item: Leftovers
|turn|20
|join|Volbeatdown
|c| Volbeatdown|flamethrower toge
|
|move|p2a: Togekiss|Air Slash|p1a: Bronzong
|-resisted|p1a: Bronzong
|-damage|p1a: Bronzong|249\/338
|cant|p1a: Bronzong|flinch
|
|-heal|p2a: Togekiss|326\/373|[from] item: Leftovers
|-heal|p1a: Bronzong|270\/338|[from] item: Leftovers
|turn|21
|c| Volbeatdown|please
|
|move|p2a: Togekiss|Air Slash|p1a: Bronzong
|-resisted|p1a: Bronzong
|-damage|p1a: Bronzong|174\/338
|move|p1a: Bronzong|Toxic|p2a: Togekiss
|-status|p2a: Togekiss|tox
|
|-heal|p2a: Togekiss|349\/373 tox|[from] item: Leftovers
|-heal|p1a: Bronzong|195\/338|[from] item: Leftovers
|-damage|p2a: Togekiss|326\/373 tox|[from] psn
|turn|22
|
|move|p2a: Togekiss|Heal Bell|p2a: Togekiss
|-cureteam|p2a: Togekiss|[from] move: HealBell
|move|p1a: Bronzong|Gyro Ball|p2a: Togekiss
|-supereffective|p2a: Togekiss
|-damage|p2a: Togekiss|140\/373
|
|-heal|p2a: Togekiss|163\/373|[from] item: Leftovers
|-heal|p1a: Bronzong|216\/338|[from] item: Leftovers
|turn|23
|
|move|p2a: Togekiss|Air Slash|p1a: Bronzong
|-resisted|p1a: Bronzong
|-damage|p1a: Bronzong|121\/338
|cant|p1a: Bronzong|flinch
|
|-heal|p2a: Togekiss|186\/373|[from] item: Leftovers
|-heal|p1a: Bronzong|142\/338|[from] item: Leftovers
|turn|24
|
|move|p2a: Togekiss|Air Slash|p1a: Bronzong
|-resisted|p1a: Bronzong
|-damage|p1a: Bronzong|42\/338
|cant|p1a: Bronzong|flinch
|
|-heal|p2a: Togekiss|209\/373|[from] item: Leftovers
|-heal|p1a: Bronzong|63\/338|[from] item: Leftovers
|turn|25
|c|âfeng|mfw
|
|move|p2a: Togekiss|Air Slash|p1a: Bronzong
|-resisted|p1a: Bronzong
|-damage|p1a: Bronzong|0 fnt
|faint|p1a: Bronzong
|
|-heal|p2a: Togekiss|232\/373|[from] item: Leftovers
|c| Volbeatdown|bfw
|
|switch|p1a: Raikou|Raikou|321\/321
|-status|p1a: Raikou|psn
|-activate|p1a: Raikou|move: Sticky Web
|-unboost|p1a: Raikou|spe|1
|-damage|p1a: Raikou|281\/321 psn|[from] Stealth Rock
|-ability|p1a: Raikou|Pressure
|turn|26
|
|switch|p2a: Nidoking|Nidoking, M|9\/303
|-damage|p2a: Nidoking|0 fnt|[from] Stealth Rock
|faint|p2a: Nidoking
|move|p1a: Raikou|Volt Switch|p2: Nidoking|[notarget]
|-notarget
|
|-damage|p1a: Raikou|241\/321 psn|[from] psn
|c| Volbeatdown|webs + toge god
|
|switch|p2a: Mienshao|Mienshao, F|271\/271
|-damage|p2a: Mienshao|255\/271|[from] Stealth Rock
|turn|27
|
|switch|p1a: Tentacruel|Tentacruel, F|364\/364
|-activate|p1a: Tentacruel|move: Sticky Web
|-unboost|p1a: Tentacruel|spe|1
|-sideend|p1: feng|move: Toxic Spikes|[of] p1a: Tentacruel
|-damage|p1a: Tentacruel|319\/364|[from] Stealth Rock
|move|p2a: Mienshao|High Jump Kick|p1a: Tentacruel
|-resisted|p1a: Tentacruel
|-damage|p1a: Tentacruel|202\/364
|
|-heal|p1a: Tentacruel|224\/364|[from] item: Black Sludge
|turn|28
|
|switch|p2a: Suicune|Suicune|404\/404
|-damage|p2a: Suicune|354\/404|[from] Stealth Rock
|-ability|p2a: Suicune|Pressure
|move|p1a: Tentacruel|Rapid Spin|p2a: Suicune
|-damage|p2a: Suicune|345\/404
|-sideend|p1: feng|Stealth Rock|[from] move: Rapid Spin|[of] p1a: Tentacruel
|-sideend|p1: feng|Sticky Web|[from] move: Rapid Spin|[of] p1a: Tentacruel
|
|-heal|p2a: Suicune|370\/404|[from] item: Leftovers
|-heal|p1a: Tentacruel|246\/364|[from] item: Black Sludge
|turn|29
|
|switch|p1a: Raikou|Raikou|241\/321 psn
|-ability|p1a: Raikou|Pressure
|move|p2a: Suicune|Substitute|p2a: Suicune
|-start|p2a: Suicune|Substitute
|-damage|p2a: Suicune|269\/404
|
|-heal|p2a: Suicune|294\/404|[from] item: Leftovers
|-damage|p1a: Raikou|201\/321 psn|[from] psn
|turn|30
|
|move|p1a: Raikou|Volt Switch|p2a: Suicune
|-supereffective|p2a: Suicune
|-end|p2a: Suicune|Substitute
|
|switch|p1a: Blissey|Blissey, F|714\/714
|move|p2a: Suicune|Calm Mind|p2a: Suicune
|-boost|p2a: Suicune|spa|1
|-boost|p2a: Suicune|spd|1
|
|-heal|p2a: Suicune|319\/404|[from] item: Leftovers
|turn|31
|
|move|p2a: Suicune|Substitute|p2a: Suicune
|-start|p2a: Suicune|Substitute
|-damage|p2a: Suicune|218\/404
|move|p1a: Blissey|Heal Bell|p1a: Blissey
|-cureteam|p1a: Blissey|[from] move: HealBell
|
|-heal|p2a: Suicune|243\/404|[from] item: Leftovers
|turn|32
|
|move|p2a: Suicune|Calm Mind|p2a: Suicune
|-boost|p2a: Suicune|spa|1
|-boost|p2a: Suicune|spd|1
|move|p1a: Blissey|Seismic Toss|p2a: Suicune
|-activate|p2a: Suicune|Substitute|[damage]
|
|-heal|p2a: Suicune|268\/404|[from] item: Leftovers
|turn|33
|
|move|p2a: Suicune|Calm Mind|p2a: Suicune
|-boost|p2a: Suicune|spa|1
|-boost|p2a: Suicune|spd|1
|move|p1a: Blissey|Seismic Toss|p2a: Suicune
|-end|p2a: Suicune|Substitute
|
|-heal|p2a: Suicune|293\/404|[from] item: Leftovers
|turn|34
|
|switch|p1a: Raikou|Raikou|201\/321
|-ability|p1a: Raikou|Pressure
|move|p2a: Suicune|Substitute|p2a: Suicune
|-start|p2a: Suicune|Substitute
|-damage|p2a: Suicune|192\/404
|
|-heal|p2a: Suicune|217\/404|[from] item: Leftovers
|turn|35
|
|move|p1a: Raikou|Volt Switch|p2a: Suicune
|-supereffective|p2a: Suicune
|-end|p2a: Suicune|Substitute
|
|switch|p1a: Blissey|Blissey, F|714\/714
|move|p2a: Suicune|Scald|p1a: Blissey
|-damage|p1a: Blissey|528\/714
|-status|p1a: Blissey|brn
|
|-heal|p2a: Suicune|242\/404|[from] item: Leftovers
|-heal|p1a: Blissey|572\/714 brn|[from] item: Leftovers
|-damage|p1a: Blissey|483\/714 brn|[from] brn
|turn|36
|
|move|p2a: Suicune|Substitute|p2a: Suicune
|-start|p2a: Suicune|Substitute
|-damage|p2a: Suicune|141\/404
|move|p1a: Blissey|Wish|p1a: Blissey
|
|-heal|p2a: Suicune|166\/404|[from] item: Leftovers
|-heal|p1a: Blissey|527\/714 brn|[from] item: Leftovers
|-damage|p1a: Blissey|438\/714 brn|[from] brn
|turn|37
|
|switch|p1a: Altaria|Altaria-Mega, M|340\/353
|move|p2a: Suicune|Scald|p1a: Altaria
|-resisted|p1a: Altaria
|-damage|p1a: Altaria|216\/353
|-status|p1a: Altaria|brn
|
|-heal|p1a: Altaria|353\/353 brn|[from] move: Wish|[wisher] Blissey
|-heal|p2a: Suicune|191\/404|[from] item: Leftovers
|-damage|p1a: Altaria|309\/353 brn|[from] brn
|turn|38
|c|âfeng|fk me
|c| Volbeatdown|based skill
|c| Volbeatdown|switch
|
|switch|p1a: Blissey|Blissey, F|438\/714
|move|p2a: Suicune|Ice Beam|p1a: Blissey
|-damage|p1a: Blissey|278\/714
|
|-heal|p2a: Suicune|216\/404|[from] item: Leftovers
|-heal|p1a: Blissey|322\/714|[from] item: Leftovers
|turn|39
|c| Volbeatdown|there
|c| Volbeatdown|natural kyoor
|
|move|p2a: Suicune|Calm Mind|p2a: Suicune
|-boost|p2a: Suicune|spa|1
|-boost|p2a: Suicune|spd|1
|move|p1a: Blissey|Wish|p1a: Blissey
|
|-heal|p2a: Suicune|241\/404|[from] item: Leftovers
|-heal|p1a: Blissey|366\/714|[from] item: Leftovers
|turn|40
|
|move|p2a: Suicune|Scald|p1a: Blissey
|-damage|p1a: Blissey|102\/714
|move|p1a: Blissey|Heal Bell|p1a: Blissey
|-cureteam|p1a: Blissey|[from] move: HealBell
|
|-heal|p1a: Blissey|459\/714|[from] move: Wish|[wisher] Blissey
|-heal|p2a: Suicune|266\/404|[from] item: Leftovers
|-heal|p1a: Blissey|503\/714|[from] item: Leftovers
|turn|41
|
|move|p2a: Suicune|Scald|p1a: Blissey
|-damage|p1a: Blissey|262\/714
|move|p1a: Blissey|Seismic Toss|p2a: Suicune
|-activate|p2a: Suicune|Substitute|[damage]
|
|-heal|p2a: Suicune|291\/404|[from] item: Leftovers
|-heal|p1a: Blissey|306\/714|[from] item: Leftovers
|turn|42
|
|move|p2a: Suicune|Calm Mind|p2a: Suicune
|-boost|p2a: Suicune|spa|1
|-boost|p2a: Suicune|spd|1
|move|p1a: Blissey|Seismic Toss|p2a: Suicune
|-end|p2a: Suicune|Substitute
|
|-heal|p2a: Suicune|316\/404|[from] item: Leftovers
|-heal|p1a: Blissey|350\/714|[from] item: Leftovers
|turn|43
|
|move|p2a: Suicune|Substitute|p2a: Suicune
|-start|p2a: Suicune|Substitute
|-damage|p2a: Suicune|215\/404
|move|p1a: Blissey|Seismic Toss|p2a: Suicune
|-activate|p2a: Suicune|Substitute|[damage]
|
|-heal|p2a: Suicune|240\/404|[from] item: Leftovers
|-heal|p1a: Blissey|394\/714|[from] item: Leftovers
|turn|44
|
|move|p2a: Suicune|Scald|p1a: Blissey
|-damage|p1a: Blissey|109\/714
|-status|p1a: Blissey|brn
|move|p1a: Blissey|Seismic Toss|p2a: Suicune
|-end|p2a: Suicune|Substitute
|
|-heal|p2a: Suicune|265\/404|[from] item: Leftovers
|-heal|p1a: Blissey|153\/714 brn|[from] item: Leftovers
|-damage|p1a: Blissey|64\/714 brn|[from] brn
|turn|45
|
|move|p2a: Suicune|Substitute|p2a: Suicune
|-start|p2a: Suicune|Substitute
|-damage|p2a: Suicune|164\/404
|move|p1a: Blissey|Seismic Toss|p2a: Suicune
|-activate|p2a: Suicune|Substitute|[damage]
|
|-heal|p2a: Suicune|189\/404|[from] item: Leftovers
|-heal|p1a: Blissey|108\/714 brn|[from] item: Leftovers
|-damage|p1a: Blissey|19\/714 brn|[from] brn
|turn|46
|
|move|p2a: Suicune|Ice Beam|p1a: Blissey
|-damage|p1a: Blissey|0 fnt
|faint|p1a: Blissey
|
|-heal|p2a: Suicune|214\/404|[from] item: Leftovers
|
|switch|p1a: Raikou|Raikou|201\/321
|-ability|p1a: Raikou|Pressure
|turn|47
|
|move|p1a: Raikou|Volt Switch|p2a: Suicune
|-supereffective|p2a: Suicune
|-end|p2a: Suicune|Substitute
|
|switch|p1a: Tentacruel|Tentacruel, F|246\/364
|move|p2a: Suicune|Scald|p1a: Tentacruel
|-resisted|p1a: Tentacruel
|-damage|p1a: Tentacruel|83\/364
|
|-heal|p2a: Suicune|239\/404|[from] item: Leftovers
|-heal|p1a: Tentacruel|105\/364|[from] item: Black Sludge
|turn|48
|
|move|p2a: Suicune|Substitute|p2a: Suicune
|-start|p2a: Suicune|Substitute
|-damage|p2a: Suicune|138\/404
|move|p1a: Tentacruel|Toxic|p2a: Suicune
|
|-heal|p2a: Suicune|163\/404|[from] item: Leftovers
|-heal|p1a: Tentacruel|127\/364|[from] item: Black Sludge
|turn|49
|c| Volbeatdown|rekt
|
|switch|p1a: Altaria|Altaria-Mega, M|309\/353
|move|p2a: Suicune|Scald|p1a: Altaria
|-resisted|p1a: Altaria
|-damage|p1a: Altaria|127\/353
|
|-heal|p2a: Suicune|188\/404|[from] item: Leftovers
|turn|50
|c| Volbeatdown|bob kinfermd behd
|
|move|p1a: Altaria|Return|p2a: Suicune
|-end|p2a: Suicune|Substitute
|move|p2a: Suicune|Ice Beam|p1a: Altaria
|-supereffective|p1a: Altaria
|-damage|p1a: Altaria|0 fnt
|faint|p1a: Altaria
|
|-heal|p2a: Suicune|213\/404|[from] item: Leftovers
|
|switch|p1a: Raikou|Raikou|201\/321
|-ability|p1a: Raikou|Pressure
|turn|51
|
|move|p1a: Raikou|Volt Switch|p2a: Suicune
|-supereffective|p2a: Suicune
|-damage|p2a: Suicune|121\/404
|
|switch|p1a: Tentacruel|Tentacruel, F|127\/364
|move|p2a: Suicune|Scald|p1a: Tentacruel
|-resisted|p1a: Tentacruel
|-damage|p1a: Tentacruel|0 fnt
|faint|p1a: Tentacruel
|
|-heal|p2a: Suicune|146\/404|[from] item: Leftovers
|c|âNiconico|lol
|
|switch|p1a: Raikou|Raikou|201\/321
|-ability|p1a: Raikou|Pressure
|turn|52
|c| Volbeatdown|bolt kill y\/y
|
|move|p1a: Raikou|Volt Switch|p2a: Suicune
|-supereffective|p2a: Suicune
|-damage|p2a: Suicune|56\/404
|
|switch|p1a: Suicune|Suicune|288\/404
|-ability|p1a: Suicune|Pressure
|move|p2a: Suicune|Scald|p1a: Suicune
|-resisted|p1a: Suicune
|-damage|p1a: Suicune|133\/404
|
|-heal|p2a: Suicune|81\/404|[from] item: Leftovers
|-heal|p1a: Suicune|158\/404|[from] item: Leftovers
|turn|53
|
|move|p2a: Suicune|Scald|p1a: Suicune
|-resisted|p1a: Suicune
|-damage|p1a: Suicune|0 fnt
|faint|p1a: Suicune
|
|-heal|p2a: Suicune|106\/404|[from] item: Leftovers
|
|switch|p1a: Raikou|Raikou|201\/321
|-ability|p1a: Raikou|Pressure
|turn|54
|c| Volbeatdown|raiklutch
|c| Volbeatdown|raiklutch
|c| Volbeatdown|raiklutch
|
|move|p1a: Raikou|Thunderbolt|p2a: Suicune
|-supereffective|p2a: Suicune
|-damage|p2a: Suicune|0 fnt
|faint|p2a: Suicune
|
|c| Volbeatdown|raiklutch
|c|âfeng|k miss hjk
|
|switch|p2a: Shuckle|Shuckle, M|178\/244
|-damage|p2a: Shuckle|117\/244|[from] Stealth Rock
|turn|55
|
|move|p1a: Raikou|Thunderbolt|p2a: Shuckle
|-damage|p2a: Shuckle|30\/244
|move|p2a: Shuckle|Knock Off|p1a: Raikou
|-damage|p1a: Raikou|178\/321
|-enditem|p1a: Raikou|Choice Specs|[from] move: Knock Off|[of] p2a: Shuckle
|
|turn|56
|c| Volbeatdown|infest
|c| Volbeatdown|oo
|
|move|p1a: Raikou|Thunderbolt|p2a: Shuckle
|-damage|p2a: Shuckle|0 fnt
|faint|p2a: Shuckle
|
|
|switch|p2a: Mienshao|Mienshao, F|255\/271
|-damage|p2a: Mienshao|239\/271|[from] Stealth Rock
|turn|57
|
|move|p2a: Mienshao|U-turn|p1a: Raikou
|-damage|p1a: Raikou|68\/321
|
|switch|p2a: Togekiss|Togekiss, M|232\/373
|-damage|p2a: Togekiss|139\/373|[from] Stealth Rock
|move|p1a: Raikou|Thunderbolt|p2a: Togekiss
|-supereffective|p2a: Togekiss
|-damage|p2a: Togekiss|0 fnt
|faint|p2a: Togekiss
|
|
|switch|p2a: Mienshao|Mienshao, F|239\/271
|-damage|p2a: Mienshao|223\/271|[from] Stealth Rock
|turn|58
|
|move|p2a: Mienshao|U-turn|p1a: Raikou
|-crit|p1a: Raikou
|-damage|p1a: Raikou|0 fnt
|faint|p1a: Raikou
|
|win|Niconico
|raw|Ladder updating...
|raw|feng's rating: 1513 &rarr; <strong>1491<\/strong><br \/>(-22 for losing)
|raw|Niconico's rating: 1467 &rarr; <strong>1490<\/strong><br \/>(+23 for winning)
|leave|feng
|player|p1
|leave|Volbeatdown