|join|Niconico
|join|Emma Bae
|player|p1|Niconico|89
|player|p2|Emma Bae|119
|gametype|singles
|gen|6
|tier|UU
|rated
|rule|Sleep Clause Mod: Limit one foe put to sleep
|rule|Species Clause: Limit one of each PokÃ©mon
|rule|OHKO Clause: OHKO moves are banned
|rule|Moody Clause: Moody is banned
|rule|Evasion Moves Clause: Evasion moves are banned
|rule|Endless Battle Clause: Forcing endless battles is banned
|rule|HP Percentage Mod: HP is shown in percentages
|clearpoke
|poke|p1|Krookodile, F, shiny
|poke|p1|Gligar, M, shiny
|poke|p1|Tentacruel, F
|poke|p1|Machamp, F, shiny
|poke|p1|Jirachi
|poke|p1|Yanmega, F
|poke|p2|Lopunny, M
|poke|p2|Crobat, F
|poke|p2|Volcarona, M
|poke|p2|Zygarde
|poke|p2|Jirachi
|poke|p2|Mienshao, M
|rule|Swagger Clause: Swagger is banned
|rule|Baton Pass Clause: Limit one PokÃ©mon knowing Baton Pass
|teampreview
|
|start
|switch|p1a: Cruella|Tentacruel, F|361\/361
|switch|p2a: Lopunny|Lopunny, M|272\/272
|turn|1
|
|detailschange|p2a: Lopunny|Lopunny-Mega, M
|message|Lopunny has Mega Evolved into Mega Lopunny!
|move|p2a: Lopunny|Fake Out|p1a: Cruella
|-damage|p1a: Cruella|288\/361
|cant|p1a: Cruella|flinch
|
|-heal|p1a: Cruella|310\/361|[from] item: Black Sludge
|turn|2
|
|move|p2a: Lopunny|Frustration|p1a: Cruella
|-damage|p1a: Cruella|144\/361
|move|p1a: Cruella|Scald|p2a: Lopunny
|-damage|p2a: Lopunny|188\/272
|
|-heal|p1a: Cruella|166\/361|[from] item: Black Sludge
|turn|3
|
|move|p2a: Lopunny|Frustration|p1a: Cruella
|-damage|p1a: Cruella|0 fnt
|faint|p1a: Cruella
|
|
|switch|p1a: MegaBeforeMegas|Yanmega, F|313\/313
|turn|4
|
|move|p2a: Lopunny|Frustration|p1a: MegaBeforeMegas
|-damage|p1a: MegaBeforeMegas|103\/313
|move|p1a: MegaBeforeMegas|Air Slash|p2a: Lopunny
|-supereffective|p2a: Lopunny
|-damage|p2a: Lopunny|0 fnt
|-damage|p1a: MegaBeforeMegas|72\/313|[from] item: Life Orb
|faint|p2a: Lopunny
|
|-boost|p1a: MegaBeforeMegas|spe|1|[from] ability: Speed Boost
|
|switch|p2a: Mienshao|Mienshao, M|271\/271
|turn|5
|
|move|p1a: MegaBeforeMegas|Protect|p1a: MegaBeforeMegas
|-singleturn|p1a: MegaBeforeMegas|Protect
|move|p2a: Mienshao|U-turn|p1a: MegaBeforeMegas
|-activate|p1a: MegaBeforeMegas|Protect
|
|-boost|p1a: MegaBeforeMegas|spe|1|[from] ability: Speed Boost
|turn|6
|
|switch|p2a: Jirachi|Jirachi|342\/342
|move|p1a: MegaBeforeMegas|Air Slash|p2a: Jirachi
|-resisted|p2a: Jirachi
|-damage|p2a: Jirachi|247\/342
|-damage|p1a: MegaBeforeMegas|41\/313|[from] item: Life Orb
|
|-heal|p2a: Jirachi|268\/342|[from] item: Leftovers
|-boost|p1a: MegaBeforeMegas|spe|1|[from] ability: Speed Boost
|turn|7
|
|switch|p2a: Crobat|Crobat, F|351\/351
|move|p1a: MegaBeforeMegas|Bug Buzz|p2a: Crobat
|-resisted|p2a: Crobat
|-damage|p2a: Crobat|285\/351
|-damage|p1a: MegaBeforeMegas|10\/313|[from] item: Life Orb
|
|-heal|p2a: Crobat|306\/351|[from] item: Black Sludge
|-boost|p1a: MegaBeforeMegas|spe|1|[from] ability: Speed Boost
|turn|8
|
|switch|p1a: Bat Gal|Gligar, M, shiny|334\/334
|move|p2a: Crobat|Roost|p2a: Crobat
|-heal|p2a: Crobat|351\/351
|
|turn|9
|
|move|p2a: Crobat|U-turn|p1a: Bat Gal
|-resisted|p1a: Bat Gal
|-damage|p1a: Bat Gal|314\/334
|
|switch|p2a: Mienshao|Mienshao, M|271\/271
|move|p1a: Bat Gal|Stealth Rock|p2a: Mienshao
|-sidestart|p2: Emma Bae|move: Stealth Rock
|
|turn|10
|
|move|p2a: Mienshao|Knock Off|p1a: Bat Gal
|-damage|p1a: Bat Gal|243\/334
|-enditem|p1a: Bat Gal|Eviolite|[from] move: Knock Off|[of] p2a: Mienshao
|move|p1a: Bat Gal|U-turn|p2a: Mienshao
|-resisted|p2a: Mienshao
|-damage|p2a: Mienshao|236\/271
|
|switch|p1a: She Hulk|Machamp, F, shiny|380\/380
|
|turn|11
|
|switch|p2a: Crobat|Crobat, F|351\/351
|-damage|p2a: Crobat|264\/351|[from] Stealth Rock
|move|p1a: She Hulk|Ice Punch|p2a: Crobat
|-supereffective|p2a: Crobat
|-damage|p2a: Crobat|14\/351
|
|-heal|p2a: Crobat|35\/351|[from] item: Black Sludge
|turn|12
|
|move|p2a: Crobat|Roost|p2a: Crobat
|-heal|p2a: Crobat|211\/351
|move|p1a: She Hulk|Knock Off|p2a: Crobat
|-damage|p2a: Crobat|62\/351
|-enditem|p2a: Crobat|Black Sludge|[from] move: Knock Off|[of] p1a: She Hulk
|
|turn|13
|
|move|p2a: Crobat|Roost|p2a: Crobat
|-heal|p2a: Crobat|238\/351
|move|p1a: She Hulk|Ice Punch|p2a: Crobat
|-damage|p2a: Crobat|129\/351
|
|turn|14
|
|switch|p1a: Deathwish|Jirachi|341\/341
|move|p2a: Crobat|Roost|p2a: Crobat
|-heal|p2a: Crobat|305\/351
|
|turn|15
|
|move|p1a: Deathwish|Iron Head|p2a: Crobat
|-damage|p2a: Crobat|152\/351
|cant|p2a: Crobat|flinch
|
|turn|16
|
|switch|p2a: Jirachi|Jirachi|268\/342
|-damage|p2a: Jirachi|247\/342|[from] Stealth Rock
|move|p1a: Deathwish|Iron Head|p2a: Jirachi
|-resisted|p2a: Jirachi
|-damage|p2a: Jirachi|185\/342
|
|-heal|p2a: Jirachi|206\/342|[from] item: Leftovers
|turn|17
|
|switch|p1a: Bat Gal|Gligar, M, shiny|243\/334
|move|p2a: Jirachi|Fire Punch|p1a: Bat Gal
|-damage|p1a: Bat Gal|176\/334
|
|-heal|p2a: Jirachi|227\/342|[from] item: Leftovers
|turn|18
|
|move|p2a: Jirachi|Iron Head|p1a: Bat Gal
|-damage|p1a: Bat Gal|59\/334
|move|p1a: Bat Gal|U-turn|p2a: Jirachi
|-damage|p2a: Jirachi|186\/342
|
|switch|p1a: Night Crawler|Krookodile, F, shiny|331\/331
|-ability|p1a: Night Crawler|Intimidate|[of] p2a: Jirachi
|-unboost|p2a: Jirachi|atk|1
|
|-heal|p2a: Jirachi|207\/342|[from] item: Leftovers
|turn|19
|
|move|p2a: Jirachi|Iron Head|p1a: Night Crawler
|-damage|p1a: Night Crawler|237\/331
|cant|p1a: Night Crawler|flinch
|
|-heal|p2a: Jirachi|228\/342|[from] item: Leftovers
|turn|20
|
|move|p2a: Jirachi|Iron Head|p1a: Night Crawler
|-damage|p1a: Night Crawler|150\/331
|move|p1a: Night Crawler|Knock Off|p2a: Jirachi
|-supereffective|p2a: Jirachi
|-damage|p2a: Jirachi|0 fnt
|-enditem|p2a: Jirachi|Leftovers|[from] move: Knock Off|[of] p1a: Night Crawler
|faint|p2a: Jirachi
|
|
|switch|p2a: Mienshao|Mienshao, M|236\/271
|-damage|p2a: Mienshao|220\/271|[from] Stealth Rock
|turn|21
|
|switch|p1a: Bat Gal|Gligar, M, shiny|59\/334
|move|p2a: Mienshao|High Jump Kick|p1a: Bat Gal
|-resisted|p1a: Bat Gal
|-damage|p1a: Bat Gal|0 fnt
|faint|p1a: Bat Gal
|
|
|switch|p1a: Deathwish|Jirachi|341\/341
|turn|22
|
|move|p2a: Mienshao|High Jump Kick|p1a: Deathwish
|-crit|p1a: Deathwish
|-damage|p1a: Deathwish|0 fnt
|faint|p1a: Deathwish
|
|c|âNiconico|oh lord
|c|âNiconico|D:
|
|switch|p1a: MegaBeforeMegas|Yanmega, F|10\/313
|turn|23
|
|switch|p2a: Crobat|Crobat, F|152\/351
|-damage|p2a: Crobat|65\/351|[from] Stealth Rock
|move|p1a: MegaBeforeMegas|Protect|p1a: MegaBeforeMegas
|-fail|p1a: MegaBeforeMegas
|
|-boost|p1a: MegaBeforeMegas|spe|1|[from] ability: Speed Boost
|turn|24
|
|move|p1a: MegaBeforeMegas|Air Slash|p2a: Crobat
|-damage|p2a: Crobat|0 fnt
|-damage|p1a: MegaBeforeMegas|0 fnt|[from] item: Life Orb
|faint|p2a: Crobat
|faint|p1a: MegaBeforeMegas
|
|
|switch|p2a: Zygarde|Zygarde|374\/374
|switch|p1a: She Hulk|Machamp, F, shiny|380\/380
|-damage|p2a: Zygarde|351\/374|[from] Stealth Rock
|-ability|p2a: Zygarde|Aura Break
|turn|25
|
|move|p2a: Zygarde|Outrage|p1a: She Hulk
|-damage|p1a: She Hulk|163\/380
|move|p1a: She Hulk|Ice Punch|p2a: Zygarde
|-supereffective|p2a: Zygarde
|-damage|p2a: Zygarde|15\/374
|
|turn|26
|
|move|p2a: Zygarde|Outrage|p1a: She Hulk
|-damage|p1a: She Hulk|0 fnt
|faint|p1a: She Hulk
|
|
|switch|p1a: Night Crawler|Krookodile, F, shiny|150\/331
|-ability|p1a: Night Crawler|Intimidate|[of] p2a: Zygarde
|-unboost|p2a: Zygarde|atk|1
|turn|27
|c|âEmma Bae|gg
|
|move|p1a: Night Crawler|Earthquake|p2a: Zygarde
|-crit|p2a: Zygarde
|-damage|p2a: Zygarde|0 fnt
|faint|p2a: Zygarde
|
|
|switch|p2a: Mienshao|Mienshao, M|220\/271
|-damage|p2a: Mienshao|204\/271|[from] Stealth Rock
|turn|28
|
|move|p2a: Mienshao|U-turn|p1a: Night Crawler
|-supereffective|p1a: Night Crawler
|-damage|p1a: Night Crawler|0 fnt
|faint|p1a: Night Crawler
|
|win|Emma Bae
|raw|Ladder updating...
|raw|Niconico's rating: 1442 &rarr; <strong>1415<\/strong><br \/>(-27 for losing)
|raw|Emma Bae's rating: 1312 &rarr; <strong>1339<\/strong><br \/>(+27 for winning)