|join|fight to the death
|join|Niconico
|player|p1|fight to the death|160
|player|p2|Niconico|89
|gametype|singles
|gen|6
|tier|UU
|rated
|rule|Sleep Clause Mod: Limit one foe put to sleep
|rule|Species Clause: Limit one of each PokÃ©mon
|rule|OHKO Clause: OHKO moves are banned
|rule|Moody Clause: Moody is banned
|rule|Evasion Moves Clause: Evasion moves are banned
|rule|Endless Battle Clause: Forcing endless battles is banned
|rule|HP Percentage Mod: HP is shown in percentages
|clearpoke
|poke|p1|Mienshao, F
|poke|p1|Machamp, F
|poke|p1|Lucario, M
|poke|p1|Froslass, F
|poke|p1|Aerodactyl, F
|poke|p1|Swampert, M
|poke|p2|Krookodile, F
|poke|p2|Gligar, M
|poke|p2|Tentacruel, F
|poke|p2|Machamp, M
|poke|p2|Jirachi
|poke|p2|Yanmega, M
|rule|Swagger Clause: Swagger is banned
|rule|Baton Pass Clause: Limit one PokÃ©mon knowing Baton Pass
|teampreview
|
|start
|switch|p1a: Froslass|Froslass, F|344\/344
|switch|p2a: Machamp|Machamp, M|380\/380
|turn|1
|
|move|p1a: Froslass|Spikes|p2a: Machamp
|-sidestart|p2: Niconico|Spikes
|move|p2a: Machamp|Knock Off|p1a: Froslass
|-supereffective|p1a: Froslass
|-enditem|p1a: Froslass|Focus Sash
|-damage|p1a: Froslass|1\/344
|
|turn|2
|
|switch|p1a: Swampert|Swampert, M|404\/404
|switch|p2a: Tentacruel|Tentacruel, F|361\/361
|-damage|p2a: Tentacruel|316\/361|[from] Spikes
|
|-heal|p2a: Tentacruel|338\/361|[from] item: Black Sludge
|turn|3
|
|move|p2a: Tentacruel|Toxic Spikes|p1a: Swampert
|-sidestart|p1: fight to the death|move: Toxic Spikes
|move|p1a: Swampert|Earthquake|p2a: Tentacruel
|-supereffective|p2a: Tentacruel
|-damage|p2a: Tentacruel|90\/361
|
|-heal|p2a: Tentacruel|112\/361|[from] item: Black Sludge
|turn|4
|
|move|p2a: Tentacruel|Scald|p1a: Swampert
|-damage|p1a: Swampert|317\/404
|move|p1a: Swampert|Earthquake|p2a: Tentacruel
|-crit|p2a: Tentacruel
|-supereffective|p2a: Tentacruel
|-damage|p2a: Tentacruel|0 fnt
|faint|p2a: Tentacruel
|
|-heal|p1a: Swampert|342\/404|[from] item: Leftovers
|
|switch|p2a: Yanmega|Yanmega, M|313\/313
|turn|5
|
|switch|p1a: Froslass|Froslass, F|1\/344
|-status|p1a: Froslass|psn
|move|p2a: Yanmega|Giga Drain|p1a: Froslass
|-damage|p1a: Froslass|0 fnt
|-damage|p2a: Yanmega|282\/313|[from] item: Life Orb
|faint|p1a: Froslass
|
|-boost|p2a: Yanmega|spe|1|[from] ability: Speed Boost
|
|switch|p1a: Aerodactyl|Aerodactyl, F|343\/343
|-ability|p1a: Aerodactyl|Pressure
|turn|6
|
|switch|p2a: Jirachi|Jirachi|341\/341
|-damage|p2a: Jirachi|299\/341|[from] Spikes
|detailschange|p1a: Aerodactyl|Aerodactyl-Mega, F
|message|Aerodactyl has Mega Evolved into Mega Aerodactyl!
|move|p1a: Aerodactyl|Aqua Tail|p2a: Jirachi
|-damage|p2a: Jirachi|163\/341
|
|turn|7
|
|switch|p1a: Swampert|Swampert, M|342\/404
|-status|p1a: Swampert|psn
|move|p2a: Jirachi|Trick|p1a: Swampert
|-activate|p2a: Jirachi|move: Trick|[of] p1a: Swampert
|-item|p1a: Swampert|Choice Scarf|[from] move: Trick
|-item|p2a: Jirachi|Leftovers|[from] move: Trick
|
|-heal|p2a: Jirachi|184\/341|[from] item: Leftovers
|-damage|p1a: Swampert|292\/404 psn|[from] psn
|turn|8
|
|move|p2a: Jirachi|U-turn|p1a: Swampert
|-damage|p1a: Swampert|233\/404 psn
|
|switch|p2a: Gligar|Gligar, M|334\/334
|move|p1a: Swampert|Stealth Rock|p2a: Gligar
|-sidestart|p2: Niconico|move: Stealth Rock
|
|-damage|p1a: Swampert|183\/404 psn|[from] psn
|turn|9
|
|switch|p1a: Aerodactyl|Aerodactyl-Mega, F|343\/343
|move|p2a: Gligar|Stealth Rock|p1a: Aerodactyl
|-sidestart|p1: fight to the death|move: Stealth Rock
|
|turn|10
|
|move|p1a: Aerodactyl|Aqua Tail|p2a: Gligar
|-supereffective|p2a: Gligar
|-damage|p2a: Gligar|158\/334
|move|p2a: Gligar|U-turn|p1a: Aerodactyl
|-resisted|p1a: Aerodactyl
|-damage|p1a: Aerodactyl|319\/343
|
|switch|p2a: Krookodile|Krookodile, F|331\/331
|-damage|p2a: Krookodile|290\/331|[from] Spikes
|-damage|p2a: Krookodile|270\/331|[from] Stealth Rock
|-ability|p2a: Krookodile|Intimidate|[of] p1a: Aerodactyl
|-unboost|p1a: Aerodactyl|atk|1
|
|turn|11
|
|switch|p1a: Swampert|Swampert, M|183\/404 psn
|-damage|p1a: Swampert|158\/404 psn|[from] Stealth Rock
|move|p2a: Krookodile|Superpower|p1a: Swampert
|-crit|p1a: Swampert
|-damage|p1a: Swampert|0 fnt
|-unboost|p2a: Krookodile|atk|1
|-unboost|p2a: Krookodile|def|1
|faint|p1a: Swampert
|
|
|switch|p1a: Aerodactyl|Aerodactyl-Mega, F|319\/343
|-damage|p1a: Aerodactyl|234\/343|[from] Stealth Rock
|turn|12
|
|switch|p2a: Gligar|Gligar, M|158\/334
|-damage|p2a: Gligar|117\/334|[from] Stealth Rock
|move|p1a: Aerodactyl|Aqua Tail|p2a: Gligar
|-supereffective|p2a: Gligar
|-damage|p2a: Gligar|0 fnt
|faint|p2a: Gligar
|
|
|switch|p2a: Jirachi|Jirachi|184\/341
|-damage|p2a: Jirachi|142\/341|[from] Spikes
|-damage|p2a: Jirachi|121\/341|[from] Stealth Rock
|turn|13
|
|move|p1a: Aerodactyl|Aqua Tail|p2a: Jirachi
|-damage|p2a: Jirachi|0 fnt
|faint|p2a: Jirachi
|
|
|switch|p2a: Krookodile|Krookodile, F|270\/331
|-damage|p2a: Krookodile|229\/331|[from] Spikes
|-damage|p2a: Krookodile|209\/331|[from] Stealth Rock
|-ability|p2a: Krookodile|Intimidate|[of] p1a: Aerodactyl
|-unboost|p1a: Aerodactyl|atk|1
|turn|14
|
|switch|p1a: Mienshao|Mienshao, F|271\/271
|-status|p1a: Mienshao|psn
|-damage|p1a: Mienshao|255\/271 psn|[from] Stealth Rock
|move|p2a: Krookodile|Knock Off|p1a: Mienshao
|-resisted|p1a: Mienshao
|-damage|p1a: Mienshao|61\/271 psn
|-enditem|p1a: Mienshao|Choice Scarf|[from] move: Knock Off|[of] p2a: Krookodile
|
|-damage|p1a: Mienshao|28\/271 psn|[from] psn
|turn|15
|
|move|p1a: Mienshao|High Jump Kick|p2a: Krookodile
|-supereffective|p2a: Krookodile
|-damage|p2a: Krookodile|0 fnt
|faint|p2a: Krookodile
|
|-damage|p1a: Mienshao|0 fnt|[from] psn
|faint|p1a: Mienshao
|
|switch|p2a: Yanmega|Yanmega, M|282\/313
|-damage|p2a: Yanmega|126\/313|[from] Stealth Rock
|switch|p1a: Lucario|Lucario, M|281\/281
|-damage|p1a: Lucario|273\/281|[from] Stealth Rock
|turn|16
|
|move|p1a: Lucario|Extreme Speed|p2a: Yanmega
|-crit|p2a: Yanmega
|-damage|p2a: Yanmega|0 fnt
|-damage|p1a: Lucario|245\/281|[from] item: Life Orb
|faint|p2a: Yanmega
|
|-message|Niconico forfeited.
|
|win|fight to the death
|raw|Ladder updating...
|leave|Niconico
|player|p2
|raw|fight to the death's rating: 1632 &rarr; <strong>1655<\/strong><br \/>(+23 for winning)
|raw|Niconico's rating: 1679 &rarr; <strong>1657<\/strong><br \/>(-22 for losing)