|join|testing221
|join|Niconico
|player|p1|testing221|167
|player|p2|Niconico|89
|gametype|singles
|gen|6
|tier|UU
|rated
|rule|Sleep Clause Mod: Limit one foe put to sleep
|rule|Species Clause: Limit one of each PokÃ©mon
|rule|OHKO Clause: OHKO moves are banned
|rule|Moody Clause: Moody is banned
|rule|Evasion Moves Clause: Evasion moves are banned
|rule|Endless Battle Clause: Forcing endless battles is banned
|rule|HP Percentage Mod: HP is shown in percentages
|clearpoke
|poke|p1|Wailord, M
|poke|p1|Galvantula, F
|poke|p1|Chandelure, M
|poke|p1|Forretress, M
|poke|p1|Gallade, M
|poke|p1|Florges, F
|poke|p2|Hydreigon, M
|poke|p2|Gligar, M
|poke|p2|Tentacruel, M
|poke|p2|Machamp, F
|poke|p2|Jirachi
|poke|p2|Alakazam, F
|rule|Swagger Clause: Swagger is banned
|rule|Baton Pass Clause: Limit one PokÃ©mon knowing Baton Pass
|teampreview
|
|start
|switch|p1a: Gallade|Gallade, M|291\/291
|switch|p2a: Gligar|Gligar, M|334\/334
|turn|1
|
|move|p1a: Gallade|Swords Dance|p1a: Gallade
|-boost|p1a: Gallade|atk|2
|move|p2a: Gligar|Stealth Rock|p1a: Gallade
|-sidestart|p1: testing221|move: Stealth Rock
|
|turn|2
|
|move|p1a: Gallade|Ice Punch|p2a: Gligar
|-supereffective|p2a: Gligar
|-damage|p2a: Gligar|0 fnt
|faint|p2a: Gligar
|
|
|switch|p2a: Hydreigon|Hydreigon, M|325\/325
|turn|3
|
|move|p2a: Hydreigon|Draco Meteor|p1a: Gallade
|-damage|p1a: Gallade|48\/291
|-unboost|p2a: Hydreigon|spa|2
|-damage|p2a: Hydreigon|293\/325|[from] item: Life Orb
|move|p1a: Gallade|Drain Punch|p2a: Hydreigon
|-supereffective|p2a: Hydreigon
|-damage|p2a: Hydreigon|0 fnt
|-heal|p1a: Gallade|195\/291|[from] drain|[of] p2a: Hydreigon
|faint|p2a: Hydreigon
|
|
|switch|p2a: Jirachi|Jirachi|341\/341
|turn|4
|
|move|p2a: Jirachi|Iron Head|p1a: Gallade
|-crit|p1a: Gallade
|-damage|p1a: Gallade|0 fnt
|faint|p1a: Gallade
|
|c|âtesting221|skeel
|
|switch|p1a: Forretress|Forretress, M|354\/354
|-damage|p1a: Forretress|310\/354|[from] Stealth Rock
|turn|5
|
|switch|p2a: Tentacruel|Tentacruel, M|361\/361
|move|p1a: Forretress|Rapid Spin|p2a: Tentacruel
|-damage|p2a: Tentacruel|347\/361
|-sideend|p1: testing221|Stealth Rock|[from] move: Rapid Spin|[of] p1a: Forretress
|
|-heal|p2a: Tentacruel|361\/361|[from] item: Black Sludge
|-heal|p1a: Forretress|332\/354|[from] item: Leftovers
|turn|6
|
|move|p2a: Tentacruel|Scald|p1a: Forretress
|-damage|p1a: Forretress|227\/354
|move|p1a: Forretress|Volt Switch|p2a: Tentacruel
|-supereffective|p2a: Tentacruel
|-damage|p2a: Tentacruel|297\/361
|
|switch|p1a: Galvantula|Galvantula, F|282\/282
|
|-heal|p2a: Tentacruel|319\/361|[from] item: Black Sludge
|turn|7
|
|move|p1a: Galvantula|Thunder Wave|p2a: Tentacruel
|-status|p2a: Tentacruel|par
|move|p2a: Tentacruel|Scald|p1a: Galvantula
|-damage|p1a: Galvantula|158\/282
|
|-heal|p2a: Tentacruel|341\/361 par|[from] item: Black Sludge
|turn|8
|
|move|p1a: Galvantula|Volt Switch|p2a: Tentacruel
|-supereffective|p2a: Tentacruel
|-damage|p2a: Tentacruel|179\/361 par
|
|switch|p1a: Forretress|Forretress, M|227\/354
|move|p2a: Tentacruel|Rapid Spin|p1a: Forretress
|-resisted|p1a: Forretress
|-damage|p1a: Forretress|224\/354
|
|-heal|p1a: Forretress|246\/354|[from] item: Leftovers
|-heal|p2a: Tentacruel|201\/361 par|[from] item: Black Sludge
|turn|9
|
|move|p1a: Forretress|Volt Switch|p2a: Tentacruel
|-supereffective|p2a: Tentacruel
|-damage|p2a: Tentacruel|131\/361 par
|
|switch|p1a: Galvantula|Galvantula, F|158\/282
|cant|p2a: Tentacruel|par
|
|-heal|p2a: Tentacruel|153\/361 par|[from] item: Black Sludge
|turn|10
|
|move|p1a: Galvantula|Volt Switch|p2a: Tentacruel
|-supereffective|p2a: Tentacruel
|-damage|p2a: Tentacruel|0 fnt
|faint|p2a: Tentacruel
|
|switch|p1a: Florges|Florges, F|360\/360
|
|
|switch|p2a: Machamp|Machamp, F|380\/380
|turn|11
|
|move|p1a: Florges|Moonblast|p2a: Machamp
|-supereffective|p2a: Machamp
|-damage|p2a: Machamp|200\/380
|move|p2a: Machamp|Heavy Slam|p1a: Florges
|-supereffective|p1a: Florges
|-damage|p1a: Florges|96\/360
|
|-heal|p1a: Florges|118\/360|[from] item: Leftovers
|turn|12
|
|move|p1a: Florges|Moonblast|p2a: Machamp
|-supereffective|p2a: Machamp
|-damage|p2a: Machamp|30\/380
|move|p2a: Machamp|Dynamic Punch|p1a: Florges
|-resisted|p1a: Florges
|-damage|p1a: Florges|25\/360
|-start|p1a: Florges|confusion
|
|-heal|p1a: Florges|47\/360|[from] item: Leftovers
|turn|13
|
|-activate|p1a: Florges|confusion
|-damage|p1a: Florges|27\/360|[from] confusion
|move|p2a: Machamp|Stone Edge|p1a: Florges
|-damage|p1a: Florges|0 fnt
|faint|p1a: Florges
|
|
|switch|p1a: Chandelure|Chandelure, M|262\/262
|turn|14
|
|move|p1a: Chandelure|Shadow Ball|p2a: Machamp
|-damage|p2a: Machamp|0 fnt
|faint|p2a: Machamp
|
|
|switch|p2a: Alakazam|Alakazam, F|251\/251
|turn|15
|
|detailschange|p2a: Alakazam|Alakazam-Mega, F
|message|Alakazam has Mega Evolved into Mega Alakazam!
|-ability|p2a: Alakazam|Flash Fire|[from] ability: Trace|[of] p1a: Chandelure
|move|p1a: Chandelure|Shadow Ball|p2a: Alakazam
|-supereffective|p2a: Alakazam
|-damage|p2a: Alakazam|0 fnt
|faint|p2a: Alakazam
|
|-message|Niconico forfeited.
|
|win|testing221
|raw|Ladder updating...
|leave|Niconico
|player|p2
|raw|testing221's rating: 1575 &rarr; <strong>1596<\/strong><br \/>(+21 for winning)
|raw|Niconico's rating: 1588 &rarr; <strong>1568<\/strong><br \/>(-20 for losing)