|join|Niconico
|join|pokemonisfun
|player|p1|Niconico|266
|player|p2|pokemonisfun|184
|gametype|singles
|gen|6
|tier|UU
|rated
|rule|Sleep Clause Mod: Limit one foe put to sleep
|rule|Species Clause: Limit one of each PokÃ©mon
|rule|OHKO Clause: OHKO moves are banned
|rule|Moody Clause: Moody is banned
|rule|Evasion Moves Clause: Evasion moves are banned
|rule|Endless Battle Clause: Forcing endless battles is banned
|rule|HP Percentage Mod: HP is shown in percentages
|clearpoke
|poke|p1|Nidoking, M
|poke|p1|Shuckle, M
|poke|p1|Darmanitan, F
|poke|p1|Lucario, F
|poke|p1|Suicune, shiny
|poke|p1|Mienshao, F
|poke|p2|Blissey, F
|poke|p2|Swampert, F
|poke|p2|Granbull, M
|poke|p2|Alomomola, F
|poke|p2|Crobat, M
|poke|p2|Celebi
|rule|Swagger Clause: Swagger is banned
|rule|Baton Pass Clause: Limit one PokÃ©mon knowing Baton Pass
|teampreview
|
|start
|switch|p1a: Nidorei|Nidoking, M|303\/303
|switch|p2a: onion fairy god|Celebi|396\/396
|turn|1
|
|switch|p2a: bubblsy bubbles|Swampert, F|404\/404
|move|p1a: Nidorei|Fire Blast|p2a: bubblsy bubbles|[miss]
|-miss|p1a: Nidorei|p2a: bubblsy bubbles
|
|turn|2
|
|detailschange|p2a: bubblsy bubbles|Swampert-Mega, F
|-mega|p2a: bubblsy bubbles|Swampert|Swampertite
|move|p1a: Nidorei|Earth Power|p2a: bubblsy bubbles
|-damage|p2a: bubblsy bubbles|264\/404
|move|p2a: bubblsy bubbles|Earthquake|p1a: Nidorei
|-supereffective|p1a: Nidorei
|-damage|p1a: Nidorei|0 fnt
|faint|p1a: Nidorei
|
|
|switch|p1a: Porn Hero|Suicune, shiny|404\/404
|-ability|p1a: Porn Hero|Pressure
|turn|3
|
|switch|p2a: onion fairy god|Celebi|396\/396
|move|p1a: Porn Hero|Calm Mind|p1a: Porn Hero
|-boost|p1a: Porn Hero|spa|1
|-boost|p1a: Porn Hero|spd|1
|
|turn|4
|
|move|p2a: onion fairy god|Stealth Rock|p1a: Porn Hero
|-sidestart|p1: Niconico|move: Stealth Rock
|move|p1a: Porn Hero|Substitute|p1a: Porn Hero
|-start|p1a: Porn Hero|Substitute
|-damage|p1a: Porn Hero|303\/404
|
|-heal|p1a: Porn Hero|328\/404|[from] item: Leftovers
|turn|5
|
|move|p2a: onion fairy god|Perish Song|p2a: onion fairy god
|-fieldactivate|move: Perish Song
|move|p1a: Porn Hero|Calm Mind|p1a: Porn Hero
|-boost|p1a: Porn Hero|spa|1
|-boost|p1a: Porn Hero|spd|1
|
|-start|p2a: onion fairy god|perish3
|-start|p1a: Porn Hero|perish3
|-heal|p1a: Porn Hero|353\/404|[from] item: Leftovers
|turn|6
|
|switch|p2a: Mega Chansey|Blissey, F|656\/656
|move|p1a: Porn Hero|Scald|p2a: Mega Chansey
|-damage|p2a: Mega Chansey|535\/656
|
|-start|p1a: Porn Hero|perish2
|-heal|p1a: Porn Hero|378\/404|[from] item: Leftovers
|-heal|p2a: Mega Chansey|576\/656|[from] item: Leftovers
|turn|7
|
|switch|p1a: Lucario|Lucario, F|281\/281
|-damage|p1a: Lucario|273\/281|[from] Stealth Rock
|move|p2a: Mega Chansey|Seismic Toss|p1a: Lucario
|-damage|p1a: Lucario|173\/281
|
|-heal|p2a: Mega Chansey|617\/656|[from] item: Leftovers
|turn|8
|
|switch|p2a: woofy woof woof|Granbull, M|384\/384
|-ability|p2a: woofy woof woof|Intimidate|[of] p1a: Lucario
|-unboost|p1a: Lucario|atk|1
|move|p1a: Lucario|Nasty Plot|p1a: Lucario
|-boost|p1a: Lucario|spa|2
|
|turn|9
|
|switch|p2a: swimmy swim|Alomomola, F|471\/471
|move|p1a: Lucario|Flash Cannon|p2a: swimmy swim
|-resisted|p2a: swimmy swim
|-damage|p2a: swimmy swim|250\/471
|-damage|p1a: Lucario|145\/281|[from] item: Life Orb
|
|-heal|p2a: swimmy swim|279\/471|[from] item: Leftovers
|turn|10
|
|switch|p2a: batsy watzy|Crobat, M|373\/373
|move|p1a: Lucario|Flash Cannon|p2a: batsy watzy
|-damage|p2a: batsy watzy|0 fnt
|-damage|p1a: Lucario|117\/281|[from] item: Life Orb
|faint|p2a: batsy watzy
|
|
|switch|p2a: onion fairy god|Celebi|396\/396
|turn|11
|
|move|p1a: Lucario|Flash Cannon|p2a: onion fairy god
|-crit|p2a: onion fairy god
|-damage|p2a: onion fairy god|0 fnt
|-damage|p1a: Lucario|89\/281|[from] item: Life Orb
|faint|p2a: onion fairy god
|
|
|switch|p2a: bubblsy bubbles|Swampert-Mega, F|264\/404
|turn|12
|
|move|p1a: Lucario|Aura Sphere|p2a: bubblsy bubbles
|-damage|p2a: bubblsy bubbles|29\/404
|-damage|p1a: Lucario|61\/281|[from] item: Life Orb
|move|p2a: bubblsy bubbles|Earthquake|p1a: Lucario
|-supereffective|p1a: Lucario
|-damage|p1a: Lucario|0 fnt
|faint|p1a: Lucario
|
|
|switch|p1a: Porn Hero|Suicune, shiny|378\/404
|-damage|p1a: Porn Hero|328\/404|[from] Stealth Rock
|-ability|p1a: Porn Hero|Pressure
|turn|13
|
|switch|p2a: Mega Chansey|Blissey, F|617\/656
|move|p1a: Porn Hero|Scald|p2a: Mega Chansey
|-damage|p2a: Mega Chansey|550\/656
|-status|p2a: Mega Chansey|brn
|
|-heal|p1a: Porn Hero|353\/404|[from] item: Leftovers
|-heal|p2a: Mega Chansey|591\/656 brn|[from] item: Leftovers
|-damage|p2a: Mega Chansey|509\/656 brn|[from] brn
|turn|14
|
|switch|p2a: woofy woof woof|Granbull, M|384\/384
|-ability|p2a: woofy woof woof|Intimidate|[of] p1a: Porn Hero
|-unboost|p1a: Porn Hero|atk|1
|move|p1a: Porn Hero|Substitute|p1a: Porn Hero
|-start|p1a: Porn Hero|Substitute
|-damage|p1a: Porn Hero|252\/404
|
|-heal|p1a: Porn Hero|277\/404|[from] item: Leftovers
|turn|15
|
|move|p1a: Porn Hero|Calm Mind|p1a: Porn Hero
|-boost|p1a: Porn Hero|spa|1
|-boost|p1a: Porn Hero|spd|1
|move|p2a: woofy woof woof|Roar|p1a: Porn Hero
|drag|p1a: Shupa|Shuckle, M|244\/244
|-damage|p1a: Shupa|183\/244|[from] Stealth Rock
|
|turn|16
|
|switch|p2a: bubblsy bubbles|Swampert-Mega, F|29\/404
|move|p1a: Shupa|Stealth Rock|p2a: bubblsy bubbles
|-sidestart|p2: pokemonisfun|move: Stealth Rock
|
|turn|17
|
|move|p2a: bubblsy bubbles|Rest|p2a: bubblsy bubbles
|-status|p2a: bubblsy bubbles|slp
|-heal|p2a: bubblsy bubbles|404\/404 slp|[silent]
|-status|p2a: bubblsy bubbles|slp|[from] move: Rest
|move|p1a: Shupa|Knock Off|p2a: bubblsy bubbles
|-damage|p2a: bubblsy bubbles|393\/404 slp
|
|turn|18
|
|cant|p2a: bubblsy bubbles|slp
|move|p2a: bubblsy bubbles|Sleep Talk|p2a: bubblsy bubbles
|move|p2a: bubblsy bubbles|Earthquake|p1a: Shupa|[from]Sleep Talk
|-damage|p1a: Shupa|113\/244
|move|p1a: Shupa|Stealth Rock|p2a: bubblsy bubbles
|-fail|p2a: bubblsy bubbles
|
|turn|19
|
|cant|p2a: bubblsy bubbles|slp
|move|p2a: bubblsy bubbles|Sleep Talk|p2a: bubblsy bubbles
|move|p2a: bubblsy bubbles|Earthquake|p1a: Shupa|[from]Sleep Talk
|-damage|p1a: Shupa|47\/244
|move|p1a: Shupa|Encore|p2a: bubblsy bubbles
|-start|p2a: bubblsy bubbles|Encore
|
|turn|20
|
|switch|p2a: swimmy swim|Alomomola, F|436\/471
|-damage|p2a: swimmy swim|378\/471|[from] Stealth Rock
|switch|p1a: Take This|Darmanitan, F|351\/351
|-damage|p1a: Take This|264\/351|[from] Stealth Rock
|
|-heal|p2a: swimmy swim|407\/471|[from] item: Leftovers
|turn|21
|
|switch|p1a: Shupa|Shuckle, M|47\/244
|-damage|p1a: Shupa|0 fnt|[from] Stealth Rock
|faint|p1a: Shupa
|move|p2a: swimmy swim|Scald|p1: Shupa|[notarget]
|-notarget
|
|-heal|p2a: swimmy swim|436\/471|[from] item: Leftovers
|
|switch|p1a: Porn Hero|Suicune, shiny|277\/404
|-damage|p1a: Porn Hero|227\/404|[from] Stealth Rock
|-ability|p1a: Porn Hero|Pressure
|turn|22
|
|switch|p2a: bubblsy bubbles|Swampert-Mega, F|393\/404 slp
|-damage|p2a: bubblsy bubbles|368\/404 slp|[from] Stealth Rock
|move|p1a: Porn Hero|Calm Mind|p1a: Porn Hero
|-boost|p1a: Porn Hero|spa|1
|-boost|p1a: Porn Hero|spd|1
|
|-heal|p1a: Porn Hero|252\/404|[from] item: Leftovers
|turn|23
|
|move|p1a: Porn Hero|Calm Mind|p1a: Porn Hero
|-boost|p1a: Porn Hero|spa|1
|-boost|p1a: Porn Hero|spd|1
|-curestatus|p2a: bubblsy bubbles|slp
|move|p2a: bubblsy bubbles|Earthquake|p1a: Porn Hero
|-damage|p1a: Porn Hero|96\/404
|
|-heal|p1a: Porn Hero|121\/404|[from] item: Leftovers
|turn|24
|
|move|p1a: Porn Hero|Scald|p2a: bubblsy bubbles
|-damage|p2a: bubblsy bubbles|233\/404
|-status|p2a: bubblsy bubbles|brn
|move|p2a: bubblsy bubbles|Earthquake|p1a: Porn Hero
|-damage|p1a: Porn Hero|49\/404
|
|-heal|p1a: Porn Hero|74\/404|[from] item: Leftovers
|-damage|p2a: bubblsy bubbles|183\/404 brn|[from] brn
|turn|25
|
|move|p1a: Porn Hero|Scald|p2a: bubblsy bubbles
|-damage|p2a: bubblsy bubbles|38\/404 brn
|move|p2a: bubblsy bubbles|Earthquake|p1a: Porn Hero
|-damage|p1a: Porn Hero|0 fnt
|faint|p1a: Porn Hero
|
|-damage|p2a: bubblsy bubbles|0 fnt|[from] brn
|faint|p2a: bubblsy bubbles
|
|switch|p1a: Take This|Darmanitan, F|264\/351
|switch|p2a: Mega Chansey|Blissey, F|509\/656
|-damage|p1a: Take This|177\/351|[from] Stealth Rock
|-damage|p2a: Mega Chansey|427\/656|[from] Stealth Rock
|turn|26
|
|move|p1a: Take This|Flare Blitz|p2a: Mega Chansey
|-damage|p2a: Mega Chansey|0 fnt
|-damage|p1a: Take This|36\/351|[from] recoil|[of] p2a: Mega Chansey
|faint|p2a: Mega Chansey
|
|
|switch|p2a: swimmy swim|Alomomola, F|471\/471
|-damage|p2a: swimmy swim|413\/471|[from] Stealth Rock
|turn|27
|
|move|p1a: Take This|Flare Blitz|p2a: swimmy swim
|-resisted|p2a: swimmy swim
|-damage|p2a: swimmy swim|227\/471
|-damage|p1a: Take This|0 fnt|[from] recoil|[of] p2a: swimmy swim
|faint|p1a: Take This
|move|p2a: swimmy swim|Wish|p2a: swimmy swim
|
|-heal|p2a: swimmy swim|256\/471|[from] item: Leftovers
|-message|Niconico forfeited.
|leave|Niconico
|
|win|pokemonisfun
|raw|Ladder updating...
|player|p1
|raw|Niconico's rating: 1490 &rarr; <strong>1479<\/strong><br \/>(-11 for losing)
|raw|pokemonisfun's rating: 1673 &rarr; <strong>1683<\/strong><br \/>(+10 for winning)