|join|specs P2
|join|Here To GG
|player|p1|specs P2|161
|player|p2|Here To GG|148
|gametype|singles
|gen|6
|tier|OU
|rated
|clearpoke
|poke|p1|Azumarill, M
|poke|p1|Bisharp, M
|poke|p1|Garchomp, F
|poke|p1|Manectric, M
|poke|p1|Landorus-Therian, M
|poke|p1|Gengar, M
|poke|p2|Metagross
|poke|p2|Magnezone
|poke|p2|Gothitelle, M
|poke|p2|Dragonite, F
|poke|p2|Landorus-Therian, M
|poke|p2|Latias, F
|rule|Swagger Clause: Swagger is banned
|rule|Baton Pass Clause: Limit one PokÃ©mon knowing Baton Pass
|rule|Sleep Clause Mod: Limit one foe put to sleep
|rule|Species Clause: Limit one of each PokÃ©mon
|rule|OHKO Clause: OHKO moves are banned
|rule|Moody Clause: Moody is banned
|rule|Evasion Moves Clause: Evasion moves are banned
|rule|Endless Battle Clause: Forcing endless battles is banned
|rule|HP Percentage Mod: HP is shown in percentages
|teampreview
|join|ZomZoomg
|
|start
|switch|p1a: Garchomp|Garchomp, F|357\/357
|switch|p2a: Magnezone|Magnezone|281\/281
|turn|1
|
|switch|p2a: Gothitelle|Gothitelle, M|301\/301
|move|p1a: Garchomp|Stealth Rock|p2a: Gothitelle
|-sidestart|p2: Here To GG|move: Stealth Rock
|
|turn|2
|
|move|p2a: Gothitelle|Hidden Power|p1a: Garchomp
|-supereffective|p1a: Garchomp
|-damage|p1a: Garchomp|105\/357
|move|p1a: Garchomp|Dragon Claw|p2a: Gothitelle
|-damage|p2a: Gothitelle|144\/301
|
|turn|3
|
|move|p2a: Gothitelle|Hidden Power|p1a: Garchomp
|-supereffective|p1a: Garchomp
|-damage|p1a: Garchomp|0 fnt
|faint|p1a: Garchomp
|
|
|switch|p1a: Bisharp|Bisharp, M|271\/271
|turn|4
|
|switch|p2a: Magnezone|Magnezone|281\/281
|-damage|p2a: Magnezone|264\/281|[from] Stealth Rock
|move|p1a: Bisharp|Swords Dance|p1a: Bisharp
|-boost|p1a: Bisharp|atk|2
|
|turn|5
|
|move|p1a: Bisharp|Sucker Punch|p2a: Magnezone
|-damage|p2a: Magnezone|0 fnt
|-damage|p1a: Bisharp|244\/271|[from] item: Life Orb
|faint|p2a: Magnezone
|
|
|switch|p2a: Metagross|Metagross|301\/301
|-damage|p2a: Metagross|283\/301|[from] Stealth Rock
|turn|6
|
|detailschange|p2a: Metagross|Metagross-Mega
|-mega|p2a: Metagross|Metagross|Metagrossite
|move|p2a: Metagross|Bullet Punch|p1a: Bisharp
|-resisted|p1a: Bisharp
|-damage|p1a: Bisharp|188\/271
|move|p1a: Bisharp|Sucker Punch|p2a: Metagross
|-fail|p2a: Metagross
|
|turn|7
|
|move|p2a: Metagross|Bullet Punch|p1a: Bisharp
|-resisted|p1a: Bisharp
|-damage|p1a: Bisharp|137\/271
|move|p1a: Bisharp|Knock Off|p2a: Metagross
|-supereffective|p2a: Metagross
|-damage|p2a: Metagross|0 fnt
|-damage|p1a: Bisharp|110\/271|[from] item: Life Orb
|faint|p2a: Metagross
|
|
|switch|p2a: Landorus-Therian|Landorus-Therian, M|381\/381
|-damage|p2a: Landorus-Therian|334\/381|[from] Stealth Rock
|-ability|p2a: Landorus-Therian|Intimidate|[of] p1a: Bisharp
|-unboost|p1a: Bisharp|atk|1
|-boost|p1a: Bisharp|atk|2|[from] ability: Defiant
|turn|8
|
|move|p1a: Bisharp|Sucker Punch|p2a: Landorus-Therian
|-fail|p2a: Landorus-Therian
|move|p2a: Landorus-Therian|Stealth Rock|p1a: Bisharp
|-sidestart|p1: specs P2|move: Stealth Rock
|
|turn|9
|
|move|p1a: Bisharp|Sucker Punch|p2a: Landorus-Therian
|-damage|p2a: Landorus-Therian|0 fnt
|-damage|p1a: Bisharp|83\/271|[from] item: Life Orb
|faint|p2a: Landorus-Therian
|
|
|switch|p2a: Dragonite|Dragonite, F|386\/386
|-damage|p2a: Dragonite|290\/386|[from] Stealth Rock
|turn|10
|
|move|p2a: Dragonite|Roost|p2a: Dragonite
|-heal|p2a: Dragonite|386\/386
|move|p1a: Bisharp|Knock Off|p2a: Dragonite
|-damage|p2a: Dragonite|115\/386
|-enditem|p2a: Dragonite|Leftovers|[from] move: Knock Off|[of] p1a: Bisharp
|-damage|p1a: Bisharp|56\/271|[from] item: Life Orb
|
|turn|11
|
|move|p2a: Dragonite|Roost|p2a: Dragonite
|-heal|p2a: Dragonite|308\/386
|move|p1a: Bisharp|Knock Off|p2a: Dragonite
|-damage|p2a: Dragonite|0 fnt
|-damage|p1a: Bisharp|29\/271|[from] item: Life Orb
|faint|p2a: Dragonite
|
|c|âHere To GG|if i hadnt misclicked lando maybe a chance
|-message|Here To GG forfeited.
|leave|Here To GG
|
|win|specs P2
|raw|Ladder updating...
|player|p2
|c|âspecs P2|ur team is recked by bish thats the truth gg
|raw|specs P2's rating: 1667 &rarr; <strong>1689<\/strong><br \/>(+22 for winning)
|raw|Here To GG's rating: 1698 &rarr; <strong>1677<\/strong><br \/>(-21 for losing)