|join|specs P2
|join|Gnarlboro
|player|p1|specs P2|161
|player|p2|Gnarlboro|271
|gametype|singles
|gen|6
|tier|OU (suspect test)
|rated
|clearpoke
|poke|p1|Scizor, F
|poke|p1|Azelf
|poke|p1|Diggersby, M
|poke|p1|Thundurus, M
|poke|p1|Latios, M
|poke|p1|Azumarill, F
|poke|p2|Slowbro, F, shiny
|poke|p2|Hippowdon, F
|poke|p2|Skarmory, F
|poke|p2|Chansey, F
|poke|p2|Clefable, F
|poke|p2|Amoonguss, F, shiny
|rule|Swagger Clause: Swagger is banned
|rule|Baton Pass Clause: Limit one PokÃ©mon knowing Baton Pass
|rule|Sleep Clause Mod: Limit one foe put to sleep
|rule|Species Clause: Limit one of each PokÃ©mon
|rule|OHKO Clause: OHKO moves are banned
|rule|Moody Clause: Moody is banned
|rule|Evasion Moves Clause: Evasion moves are banned
|rule|Endless Battle Clause: Forcing endless battles is banned
|rule|HP Percentage Mod: HP is shown in percentages
|teampreview
|
|start
|switch|p1a: Azelf|Azelf|291\/291
|switch|p2a: Hippowdon|Hippowdon, F|420\/420
|-weather|Sandstorm
|turn|1
|
|move|p1a: Azelf|Taunt|p2a: Hippowdon
|-start|p2a: Hippowdon|move: Taunt
|cant|p2a: Hippowdon|move: Taunt|Stealth Rock
|
|-weather|Sandstorm|[upkeep]
|-damage|p1a: Azelf|273\/291|[from] sandstorm
|turn|2
|
|switch|p2a: Clefable|Clefable, F|394\/394
|move|p1a: Azelf|Stealth Rock|p2a: Clefable
|-sidestart|p2: Gnarlboro|move: Stealth Rock
|
|-weather|Sandstorm|[upkeep]
|-damage|p1a: Azelf|255\/291|[from] sandstorm
|-damage|p2a: Clefable|370\/394|[from] sandstorm
|-heal|p2a: Clefable|394\/394|[from] item: Leftovers
|turn|3
|
|move|p1a: Azelf|Fire Blast|p2a: Clefable
|-damage|p2a: Clefable|262\/394
|-status|p2a: Clefable|brn
|move|p2a: Clefable|Wish|p2a: Clefable
|
|-weather|Sandstorm|[upkeep]
|-damage|p1a: Azelf|237\/291|[from] sandstorm
|-damage|p2a: Clefable|238\/394 brn|[from] sandstorm
|-heal|p2a: Clefable|262\/394 brn|[from] item: Leftovers
|-damage|p2a: Clefable|213\/394 brn|[from] brn
|turn|4
|
|move|p2a: Clefable|Protect|p2a: Clefable
|-singleturn|p2a: Clefable|Protect
|move|p1a: Azelf|Taunt|p2a: Clefable
|-activate|p2a: Clefable|Protect
|
|-weather|Sandstorm|[upkeep]
|-damage|p1a: Azelf|219\/291|[from] sandstorm
|-damage|p2a: Clefable|189\/394 brn|[from] sandstorm
|-heal|p2a: Clefable|386\/394 brn|[from] move: Wish|[wisher] Clefable
|-heal|p2a: Clefable|394\/394 brn|[from] item: Leftovers
|-damage|p2a: Clefable|345\/394 brn|[from] brn
|turn|5
|
|move|p1a: Azelf|Taunt|p2a: Clefable
|-start|p2a: Clefable|move: Taunt
|move|p2a: Clefable|Moonblast|p1a: Azelf
|-damage|p1a: Azelf|50\/291
|
|-weather|none
|-heal|p2a: Clefable|369\/394 brn|[from] item: Leftovers
|-damage|p2a: Clefable|320\/394 brn|[from] brn
|turn|6
|
|switch|p2a: Hippowdon|Hippowdon, F|420\/420
|-damage|p2a: Hippowdon|394\/420|[from] Stealth Rock
|-weather|Sandstorm
|move|p1a: Azelf|Fire Blast|p2a: Hippowdon
|-damage|p2a: Hippowdon|235\/420
|
|-weather|Sandstorm|[upkeep]
|-damage|p1a: Azelf|32\/291|[from] sandstorm
|-heal|p2a: Hippowdon|261\/420|[from] item: Leftovers
|turn|7
|
|switch|p2a: Slowbro|Slowbro, F, shiny|394\/394
|-damage|p2a: Slowbro|345\/394|[from] Stealth Rock
|move|p1a: Azelf|Taunt|p2a: Slowbro
|-start|p2a: Slowbro|move: Taunt
|
|-weather|Sandstorm|[upkeep]
|-damage|p1a: Azelf|14\/291|[from] sandstorm
|-damage|p2a: Slowbro|321\/394|[from] sandstorm
|turn|8
|
|switch|p2a: Skarmory|Skarmory, F|334\/334
|-damage|p2a: Skarmory|293\/334|[from] Stealth Rock
|move|p1a: Azelf|Explosion|p2a: Skarmory
|-resisted|p2a: Skarmory
|-damage|p2a: Skarmory|231\/334
|faint|p1a: Azelf
|
|-weather|Sandstorm|[upkeep]
|
|switch|p1a: Thundurus|Thundurus, M|299\/299
|turn|9
|
|switch|p1a: Scizor|Scizor, F|281\/281
|switch|p2a: Amoonguss|Amoonguss, F, shiny|432\/432
|-damage|p2a: Amoonguss|378\/432|[from] Stealth Rock
|
|-weather|Sandstorm|[upkeep]
|-damage|p2a: Amoonguss|351\/432|[from] sandstorm
|-heal|p2a: Amoonguss|378\/432|[from] item: Black Sludge
|turn|10
|
|switch|p1a: Latios|Latios, M|301\/301
|switch|p2a: Skarmory|Skarmory, F|231\/334
|-damage|p2a: Skarmory|190\/334|[from] Stealth Rock
|
|-weather|none
|turn|11
|
|switch|p2a: Chansey|Chansey, F|704\/704
|-damage|p2a: Chansey|616\/704|[from] Stealth Rock
|move|p1a: Latios|Trick|p2a: Chansey
|-activate|p1a: Latios|move: Trick|[of] p2a: Chansey
|-item|p2a: Chansey|Choice Scarf|[from] move: Trick
|-item|p1a: Latios|Eviolite|[from] move: Trick
|
|turn|12
|
|switch|p1a: Scizor|Scizor, F|281\/281
|move|p2a: Chansey|Seismic Toss|p1a: Scizor
|-damage|p1a: Scizor|181\/281
|
|turn|13
|
|switch|p2a: Skarmory|Skarmory, F|190\/334
|-damage|p2a: Skarmory|149\/334|[from] Stealth Rock
|detailschange|p1a: Scizor|Scizor-Mega, F
|-mega|p1a: Scizor|Scizor|Scizorite
|move|p1a: Scizor|Swords Dance|p1a: Scizor
|-boost|p1a: Scizor|atk|2
|
|turn|14
|
|move|p1a: Scizor|Superpower|p2a: Skarmory
|-damage|p2a: Skarmory|0 fnt
|-unboost|p1a: Scizor|atk|1
|-unboost|p1a: Scizor|def|1
|faint|p2a: Skarmory
|
|
|switch|p2a: Hippowdon|Hippowdon, F|261\/420
|-damage|p2a: Hippowdon|235\/420|[from] Stealth Rock
|-weather|Sandstorm
|turn|15
|
|move|p1a: Scizor|Swords Dance|p1a: Scizor
|-boost|p1a: Scizor|atk|2
|move|p2a: Hippowdon|Slack Off|p2a: Hippowdon
|-heal|p2a: Hippowdon|420\/420
|
|-weather|Sandstorm|[upkeep]
|turn|16
|
|move|p1a: Scizor|Bug Bite|p2a: Hippowdon
|-damage|p2a: Hippowdon|113\/420
|move|p2a: Hippowdon|Roar|p1a: Scizor
|drag|p1a: Thundurus|Thundurus, M|299\/299
|
|-weather|Sandstorm|[upkeep]
|-damage|p1a: Thundurus|281\/299|[from] sandstorm
|-heal|p2a: Hippowdon|139\/420|[from] item: Leftovers
|turn|17
|
|switch|p2a: Amoonguss|Amoonguss, F, shiny|432\/432
|-damage|p2a: Amoonguss|378\/432|[from] Stealth Rock
|move|p1a: Thundurus|Hidden Power|p2a: Amoonguss
|-supereffective|p2a: Amoonguss
|-damage|p2a: Amoonguss|219\/432
|-damage|p1a: Thundurus|252\/299|[from] item: Life Orb
|
|-weather|Sandstorm|[upkeep]
|-damage|p1a: Thundurus|234\/299|[from] sandstorm
|-damage|p2a: Amoonguss|192\/432|[from] sandstorm
|-heal|p2a: Amoonguss|219\/432|[from] item: Black Sludge
|turn|18
|
|switch|p1a: Latios|Latios, M|301\/301
|move|p2a: Amoonguss|Spore|p1a: Latios
|-status|p1a: Latios|slp
|
|-weather|Sandstorm|[upkeep]
|-damage|p1a: Latios|283\/301 slp|[from] sandstorm
|-damage|p2a: Amoonguss|192\/432|[from] sandstorm
|-heal|p2a: Amoonguss|219\/432|[from] item: Black Sludge
|turn|19
|
|switch|p1a: Diggersby|Diggersby, M|311\/311
|switch|p2a: Slowbro|Slowbro, F, shiny|394\/394
|-damage|p2a: Slowbro|345\/394|[from] Stealth Rock
|
|-weather|none
|turn|20
|
|switch|p1a: Thundurus|Thundurus, M|234\/299
|move|p2a: Slowbro|Scald|p1a: Thundurus
|-damage|p1a: Thundurus|123\/299
|
|turn|21
|
|switch|p2a: Amoonguss|Amoonguss, F, shiny|363\/432
|-damage|p2a: Amoonguss|309\/432|[from] Stealth Rock
|move|p1a: Thundurus|Thunderbolt|p2a: Amoonguss
|-resisted|p2a: Amoonguss
|-damage|p2a: Amoonguss|223\/432
|-damage|p1a: Thundurus|94\/299|[from] item: Life Orb
|
|-heal|p2a: Amoonguss|250\/432|[from] item: Black Sludge
|turn|22
|
|switch|p1a: Latios|Latios, M|283\/301 slp
|move|p2a: Amoonguss|Toxic|p1a: Latios
|-fail|p1a: Latios
|
|-heal|p2a: Amoonguss|277\/432|[from] item: Black Sludge
|turn|23
|
|switch|p1a: Scizor|Scizor-Mega, F|181\/281
|switch|p2a: Hippowdon|Hippowdon, F|139\/420
|-damage|p2a: Hippowdon|113\/420|[from] Stealth Rock
|-weather|Sandstorm
|
|-weather|Sandstorm|[upkeep]
|-heal|p2a: Hippowdon|139\/420|[from] item: Leftovers
|turn|24
|
|move|p1a: Scizor|Bug Bite|p2a: Hippowdon
|-damage|p2a: Hippowdon|22\/420
|move|p2a: Hippowdon|Slack Off|p2a: Hippowdon
|-heal|p2a: Hippowdon|232\/420
|
|-weather|Sandstorm|[upkeep]
|-heal|p2a: Hippowdon|258\/420|[from] item: Leftovers
|turn|25
|
|move|p1a: Scizor|Bug Bite|p2a: Hippowdon
|-damage|p2a: Hippowdon|141\/420
|move|p2a: Hippowdon|Stealth Rock|p1a: Scizor
|-sidestart|p1: specs P2|move: Stealth Rock
|
|-weather|Sandstorm|[upkeep]
|-heal|p2a: Hippowdon|167\/420|[from] item: Leftovers
|turn|26
|
|move|p1a: Scizor|Swords Dance|p1a: Scizor
|-boost|p1a: Scizor|atk|2
|move|p2a: Hippowdon|Slack Off|p2a: Hippowdon
|-heal|p2a: Hippowdon|377\/420
|
|-weather|Sandstorm|[upkeep]
|-heal|p2a: Hippowdon|403\/420|[from] item: Leftovers
|turn|27
|
|move|p1a: Scizor|Bug Bite|p2a: Hippowdon
|-damage|p2a: Hippowdon|135\/420
|move|p2a: Hippowdon|Roar|p1a: Scizor
|drag|p1a: Azumarill|Azumarill, F|364\/364
|-damage|p1a: Azumarill|319\/364|[from] Stealth Rock
|
|-weather|none
|-heal|p2a: Hippowdon|161\/420|[from] item: Leftovers
|turn|28
|
|switch|p2a: Amoonguss|Amoonguss, F, shiny|421\/432
|-damage|p2a: Amoonguss|367\/432|[from] Stealth Rock
|move|p1a: Azumarill|Belly Drum|p1a: Azumarill
|-damage|p1a: Azumarill|137\/364
|-setboost|p1a: Azumarill|atk|6|[from] move: Belly Drum
|-enditem|p1a: Azumarill|Sitrus Berry|[eat]
|-heal|p1a: Azumarill|228\/364|[from] item: Sitrus Berry
|
|-heal|p2a: Amoonguss|394\/432|[from] item: Black Sludge
|turn|29
|
|switch|p2a: Clefable|Clefable, F|320\/394 brn
|-damage|p2a: Clefable|271\/394 brn|[from] Stealth Rock
|move|p1a: Azumarill|Knock Off|p2a: Clefable
|-resisted|p2a: Clefable
|-damage|p2a: Clefable|209\/394 brn
|-enditem|p2a: Clefable|Leftovers|[from] move: Knock Off|[of] p1a: Azumarill
|
|-damage|p2a: Clefable|160\/394 brn|[from] brn
|turn|30
|
|move|p1a: Azumarill|Play Rough|p2a: Clefable
|-damage|p2a: Clefable|0 fnt
|faint|p2a: Clefable
|
|
|switch|p2a: Slowbro|Slowbro, F, shiny|394\/394
|-damage|p2a: Slowbro|345\/394|[from] Stealth Rock
|turn|31
|
|detailschange|p2a: Slowbro|Slowbro-Mega, F, shiny
|-mega|p2a: Slowbro|Slowbro|Slowbronite
|move|p1a: Azumarill|Play Rough|p2a: Slowbro|[miss]
|-miss|p1a: Azumarill|p2a: Slowbro
|move|p2a: Slowbro|Scald|p1a: Azumarill
|-resisted|p1a: Azumarill
|-damage|p1a: Azumarill|153\/364
|
|turn|32
|
|move|p1a: Azumarill|Play Rough|p2a: Slowbro|[miss]
|-miss|p1a: Azumarill|p2a: Slowbro
|move|p2a: Slowbro|Scald|p1a: Azumarill
|-crit|p1a: Azumarill
|-resisted|p1a: Azumarill
|-damage|p1a: Azumarill|52\/364
|
|turn|33
|
|move|p1a: Azumarill|Play Rough|p2a: Slowbro
|-damage|p2a: Slowbro|0 fnt
|faint|p2a: Slowbro
|
|
|switch|p2a: Hippowdon|Hippowdon, F|161\/420
|-damage|p2a: Hippowdon|135\/420|[from] Stealth Rock
|-weather|Sandstorm
|turn|34
|
|move|p1a: Azumarill|Knock Off|p2a: Hippowdon
|-damage|p2a: Hippowdon|0 fnt
|-enditem|p2a: Hippowdon|Leftovers|[from] move: Knock Off|[of] p1a: Azumarill
|faint|p2a: Hippowdon
|
|-weather|Sandstorm|[upkeep]
|-damage|p1a: Azumarill|30\/364|[from] sandstorm
|c|âGnarlboro|gg
|
|switch|p2a: Amoonguss|Amoonguss, F, shiny|432\/432
|-damage|p2a: Amoonguss|378\/432|[from] Stealth Rock
|turn|35
|c|âspecs P2|gg
|-message|Gnarlboro forfeited.
|leave|Gnarlboro
|
|win|specs P2
|raw|Ladder updating...
|player|p2
|raw|specs P2's rating: 1469 &rarr; <strong>1483<\/strong><br \/>(+14 for winning)
|raw|Gnarlboro's rating: 1357 &rarr; <strong>1343<\/strong><br \/>(-14 for losing)