|join|specs P2
|join|Innocent Sin
|player|p1|specs P2|161
|player|p2|Innocent Sin|100
|gametype|singles
|gen|6
|tier|OU (suspect test)
|rated
|clearpoke
|poke|p1|Scizor, F
|poke|p1|Azelf
|poke|p1|Diggersby, M
|poke|p1|Thundurus, M
|poke|p1|Latios, M
|poke|p1|Azumarill, F
|poke|p2|Altaria, F
|poke|p2|Conkeldurr, M
|poke|p2|Alomomola, M
|poke|p2|Skarmory, M
|poke|p2|Landorus-Therian, M
|poke|p2|Jirachi
|rule|Swagger Clause: Swagger is banned
|rule|Baton Pass Clause: Limit one PokÃ©mon knowing Baton Pass
|rule|Sleep Clause Mod: Limit one foe put to sleep
|rule|Species Clause: Limit one of each PokÃ©mon
|rule|OHKO Clause: OHKO moves are banned
|rule|Moody Clause: Moody is banned
|rule|Evasion Moves Clause: Evasion moves are banned
|rule|Endless Battle Clause: Forcing endless battles is banned
|rule|HP Percentage Mod: HP is shown in percentages
|teampreview
|
|start
|switch|p1a: Azelf|Azelf|291\/291
|switch|p2a: Conkeldurr|Conkeldurr, M|413\/413
|turn|1
|
|move|p1a: Azelf|Stealth Rock|p2a: Conkeldurr
|-sidestart|p2: Innocent Sin|move: Stealth Rock
|move|p2a: Conkeldurr|Knock Off|p1a: Azelf
|-supereffective|p1a: Azelf
|-enditem|p1a: Azelf|Focus Sash
|-damage|p1a: Azelf|1\/291
|
|turn|2
|
|move|p2a: Conkeldurr|Mach Punch|p1a: Azelf
|-resisted|p1a: Azelf
|-damage|p1a: Azelf|0 fnt
|faint|p1a: Azelf
|
|
|switch|p1a: Azumarill|Azumarill, F|364\/364
|turn|3
|
|switch|p2a: Alomomola|Alomomola, M|534\/534
|-damage|p2a: Alomomola|468\/534|[from] Stealth Rock
|move|p1a: Azumarill|Belly Drum|p1a: Azumarill
|-damage|p1a: Azumarill|182\/364
|-setboost|p1a: Azumarill|atk|6|[from] move: Belly Drum
|-enditem|p1a: Azumarill|Sitrus Berry|[eat]
|-heal|p1a: Azumarill|273\/364|[from] item: Sitrus Berry
|
|-heal|p2a: Alomomola|501\/534|[from] item: Leftovers
|turn|4
|
|move|p2a: Alomomola|Protect|p2a: Alomomola
|-singleturn|p2a: Alomomola|Protect
|move|p1a: Azumarill|Knock Off|p2a: Alomomola
|-activate|p2a: Alomomola|Protect
|
|-heal|p2a: Alomomola|534\/534|[from] item: Leftovers
|turn|5
|
|move|p1a: Azumarill|Play Rough|p2a: Alomomola
|-damage|p2a: Alomomola|0 fnt
|faint|p2a: Alomomola
|
|
|switch|p2a: Jirachi|Jirachi|404\/404
|-damage|p2a: Jirachi|379\/404|[from] Stealth Rock
|turn|6
|
|move|p2a: Jirachi|Protect|p2a: Jirachi
|-singleturn|p2a: Jirachi|Protect
|move|p1a: Azumarill|Aqua Jet|p2a: Jirachi
|-activate|p2a: Jirachi|Protect
|
|-heal|p2a: Jirachi|404\/404|[from] item: Leftovers
|turn|7
|
|move|p1a: Azumarill|Aqua Jet|p2a: Jirachi
|-damage|p2a: Jirachi|34\/404
|move|p2a: Jirachi|Body Slam|p1a: Azumarill
|-damage|p1a: Azumarill|192\/364
|-status|p1a: Azumarill|par
|
|-heal|p2a: Jirachi|59\/404|[from] item: Leftovers
|turn|8
|
|cant|p1a: Azumarill|par
|move|p2a: Jirachi|Iron Head|p1a: Azumarill
|-damage|p1a: Azumarill|84\/364 par
|
|-heal|p2a: Jirachi|84\/404|[from] item: Leftovers
|turn|9
|
|move|p1a: Azumarill|Aqua Jet|p2a: Jirachi
|-damage|p2a: Jirachi|0 fnt
|faint|p2a: Jirachi
|
|
|switch|p2a: Altaria|Altaria, F|353\/353
|-damage|p2a: Altaria|265\/353|[from] Stealth Rock
|turn|10
|
|detailschange|p2a: Altaria|Altaria-Mega, F
|-mega|p2a: Altaria|Altaria|Altarianite
|move|p1a: Azumarill|Aqua Jet|p2a: Altaria
|-resisted|p2a: Altaria
|-damage|p2a: Altaria|109\/353
|move|p2a: Altaria|Roost|p2a: Altaria
|-heal|p2a: Altaria|286\/353
|
|turn|11
|
|move|p1a: Azumarill|Aqua Jet|p2a: Altaria
|-resisted|p2a: Altaria
|-damage|p2a: Altaria|140\/353
|move|p2a: Altaria|Hyper Voice|p1a: Azumarill
|-damage|p1a: Azumarill|0 fnt
|faint|p1a: Azumarill
|
|
|switch|p1a: Scizor|Scizor, F|281\/281
|turn|12
|
|switch|p2a: Skarmory|Skarmory, M|333\/333
|-damage|p2a: Skarmory|292\/333|[from] Stealth Rock
|detailschange|p1a: Scizor|Scizor-Mega, F
|-mega|p1a: Scizor|Scizor|Scizorite
|move|p1a: Scizor|Bullet Punch|p2a: Skarmory
|-resisted|p2a: Skarmory
|-damage|p2a: Skarmory|255\/333
|
|turn|13
|
|move|p1a: Scizor|Swords Dance|p1a: Scizor
|-boost|p1a: Scizor|atk|2
|move|p2a: Skarmory|Spikes|p1a: Scizor
|-sidestart|p1: specs P2|Spikes
|
|turn|14
|
|move|p1a: Scizor|Superpower|p2a: Skarmory
|-damage|p2a: Skarmory|61\/333
|-unboost|p1a: Scizor|atk|1
|-unboost|p1a: Scizor|def|1
|move|p2a: Skarmory|Roost|p2a: Skarmory
|-heal|p2a: Skarmory|228\/333
|
|turn|15
|
|move|p1a: Scizor|Swords Dance|p1a: Scizor
|-boost|p1a: Scizor|atk|2
|move|p2a: Skarmory|Whirlwind|p1a: Scizor
|drag|p1a: Diggersby|Diggersby, M|311\/311
|-damage|p1a: Diggersby|273\/311|[from] Spikes
|
|turn|16
|
|switch|p1a: Scizor|Scizor-Mega, F|281\/281
|-damage|p1a: Scizor|246\/281|[from] Spikes
|move|p2a: Skarmory|Roost|p2a: Skarmory
|-heal|p2a: Skarmory|333\/333
|
|turn|17
|
|move|p1a: Scizor|Swords Dance|p1a: Scizor
|-boost|p1a: Scizor|atk|2
|move|p2a: Skarmory|Spikes|p1a: Scizor
|-sidestart|p1: specs P2|Spikes
|
|turn|18
|
|move|p1a: Scizor|Superpower|p2a: Skarmory
|-damage|p2a: Skarmory|148\/333
|-unboost|p1a: Scizor|atk|1
|-unboost|p1a: Scizor|def|1
|move|p2a: Skarmory|Whirlwind|p1a: Scizor
|drag|p1a: Latios|Latios, M|301\/301
|
|turn|19
|
|switch|p2a: Altaria|Altaria-Mega, F|140\/353
|-damage|p2a: Altaria|96\/353|[from] Stealth Rock
|move|p1a: Latios|Defog|p2a: Altaria
|-unboost|p2a: Altaria|evasion|1
|-sideend|p2: Innocent Sin|Stealth Rock|[from] move: Defog|[of] p2a: Altaria
|-sideend|p1: specs P2|Spikes|[from] move: Defog|[of] p1a: Latios
|
|turn|20
|
|switch|p1a: Diggersby|Diggersby, M|273\/311
|switch|p2a: Skarmory|Skarmory, M|148\/333
|
|turn|21
|
|switch|p1a: Thundurus|Thundurus, M|299\/299
|move|p2a: Skarmory|Roost|p2a: Skarmory
|-heal|p2a: Skarmory|315\/333
|
|turn|22
|
|switch|p2a: Altaria|Altaria-Mega, F|96\/353
|move|p1a: Thundurus|Hidden Power|p2a: Altaria
|-supereffective|p2a: Altaria
|-damage|p2a: Altaria|0 fnt
|-damage|p1a: Thundurus|270\/299|[from] item: Life Orb
|faint|p2a: Altaria
|
|
|switch|p2a: Conkeldurr|Conkeldurr, M|413\/413
|turn|23
|
|switch|p1a: Scizor|Scizor-Mega, F|246\/281
|move|p2a: Conkeldurr|Ice Punch|p1a: Scizor
|-resisted|p1a: Scizor
|-damage|p1a: Scizor|204\/281
|
|turn|24
|
|move|p1a: Scizor|Swords Dance|p1a: Scizor
|-boost|p1a: Scizor|atk|2
|move|p2a: Conkeldurr|Drain Punch|p1a: Scizor
|-damage|p1a: Scizor|86\/281
|
|turn|25
|
|switch|p2a: Skarmory|Skarmory, M|315\/333
|move|p1a: Scizor|Superpower|p2a: Skarmory
|-crit|p2a: Skarmory
|-damage|p2a: Skarmory|37\/333
|-unboost|p1a: Scizor|atk|1
|-unboost|p1a: Scizor|def|1
|
|turn|26
|
|switch|p2a: Landorus-Therian|Landorus-Therian, M|382\/382
|-ability|p2a: Landorus-Therian|Intimidate|[of] p1a: Scizor
|-unboost|p1a: Scizor|atk|1
|move|p1a: Scizor|Bullet Punch|p2a: Landorus-Therian
|-damage|p2a: Landorus-Therian|274\/382
|
|-heal|p2a: Landorus-Therian|297\/382|[from] item: Leftovers
|turn|27
|
|move|p1a: Scizor|Bullet Punch|p2a: Landorus-Therian
|-damage|p2a: Landorus-Therian|195\/382
|move|p2a: Landorus-Therian|Stealth Rock|p1a: Scizor
|-sidestart|p1: specs P2|move: Stealth Rock
|
|-heal|p2a: Landorus-Therian|218\/382|[from] item: Leftovers
|turn|28
|
|switch|p2a: Skarmory|Skarmory, M|37\/333
|move|p1a: Scizor|Bullet Punch|p2a: Skarmory
|-resisted|p2a: Skarmory
|-damage|p2a: Skarmory|2\/333
|
|turn|29
|
|move|p1a: Scizor|Bullet Punch|p2a: Skarmory
|-resisted|p2a: Skarmory
|-damage|p2a: Skarmory|0 fnt
|faint|p2a: Skarmory
|
|
|switch|p2a: Landorus-Therian|Landorus-Therian, M|218\/382
|-ability|p2a: Landorus-Therian|Intimidate|[of] p1a: Scizor
|-unboost|p1a: Scizor|atk|1
|turn|30
|
|move|p1a: Scizor|Bullet Punch|p2a: Landorus-Therian
|-damage|p2a: Landorus-Therian|151\/382
|move|p2a: Landorus-Therian|Earthquake|p1a: Scizor
|-damage|p1a: Scizor|0 fnt
|faint|p1a: Scizor
|
|-heal|p2a: Landorus-Therian|174\/382|[from] item: Leftovers
|
|switch|p1a: Diggersby|Diggersby, M|273\/311
|-damage|p1a: Diggersby|254\/311|[from] Stealth Rock
|turn|31
|
|move|p1a: Diggersby|Return|p2a: Landorus-Therian
|-damage|p2a: Landorus-Therian|0 fnt
|faint|p2a: Landorus-Therian
|
|
|switch|p2a: Conkeldurr|Conkeldurr, M|413\/413
|turn|32
|
|move|p1a: Diggersby|Return|p2a: Conkeldurr
|-damage|p2a: Conkeldurr|154\/413
|move|p2a: Conkeldurr|Drain Punch|p1a: Diggersby
|-supereffective|p1a: Diggersby
|-damage|p1a: Diggersby|0 fnt
|-heal|p2a: Conkeldurr|281\/413|[from] drain|[of] p1a: Diggersby
|faint|p1a: Diggersby
|
|
|switch|p1a: Latios|Latios, M|301\/301
|-damage|p1a: Latios|264\/301|[from] Stealth Rock
|turn|33
|c|âspecs P2|gg
|
|move|p1a: Latios|Psyshock|p2a: Conkeldurr
|-supereffective|p2a: Conkeldurr
|-damage|p2a: Conkeldurr|0 fnt
|faint|p2a: Conkeldurr
|
|win|specs P2
|raw|Ladder updating...
|c|âInnocent Sin|gg
|raw|specs P2's rating: 1485 &rarr; <strong>1499<\/strong><br \/>(+14 for winning)
|raw|Innocent Sin's rating: 1383 &rarr; <strong>1369<\/strong><br \/>(-14 for losing)