|join|specs P2
|join|Christo m8
|player|p1|specs P2|161
|player|p2|Christo m8|142
|gametype|singles
|gen|6
|tier|OU (suspect test)
|rated
|clearpoke
|poke|p1|Scizor, F
|poke|p1|Azelf
|poke|p1|Diggersby, M
|poke|p1|Thundurus, M
|poke|p1|Latios, M
|poke|p1|Azumarill, M
|poke|p2|Keldeo-Resolute
|poke|p2|Latias, F
|poke|p2|Garchomp, M
|poke|p2|Ferrothorn, M
|poke|p2|Tyranitar, F
|poke|p2|Clefable, F
|rule|Swagger Clause: Swagger is banned
|rule|Baton Pass Clause: Limit one PokÃ©mon knowing Baton Pass
|rule|Sleep Clause Mod: Limit one foe put to sleep
|rule|Species Clause: Limit one of each PokÃ©mon
|rule|OHKO Clause: OHKO moves are banned
|rule|Moody Clause: Moody is banned
|rule|Evasion Moves Clause: Evasion moves are banned
|rule|Endless Battle Clause: Forcing endless battles is banned
|rule|HP Percentage Mod: HP is shown in percentages
|teampreview
|
|start
|switch|p1a: Azelf|Azelf|291\/291
|switch|p2a: Tyranitar|Tyranitar, F|341\/341
|-weather|Sandstorm
|turn|1
|
|move|p2a: Tyranitar|Crunch|p1a: Azelf
|-supereffective|p1a: Azelf
|-enditem|p1a: Azelf|Focus Sash
|-damage|p1a: Azelf|1\/291
|move|p1a: Azelf|Stealth Rock|p2a: Tyranitar
|-sidestart|p2: Christo m8|move: Stealth Rock
|
|-weather|Sandstorm|[upkeep]
|-damage|p1a: Azelf|0 fnt|[from] sandstorm
|faint|p1a: Azelf
|
|switch|p1a: Scizor|Scizor, F|281\/281
|turn|2
|
|switch|p2a: Keldeo-Resolute|Keldeo-Resolute|323\/323
|-damage|p2a: Keldeo-Resolute|303\/323|[from] Stealth Rock
|detailschange|p1a: Scizor|Scizor-Mega, F
|-mega|p1a: Scizor|Scizor|Scizorite
|move|p1a: Scizor|Swords Dance|p1a: Scizor
|-boost|p1a: Scizor|atk|2
|
|-weather|Sandstorm|[upkeep]
|-damage|p2a: Keldeo-Resolute|283\/323|[from] sandstorm
|-heal|p2a: Keldeo-Resolute|303\/323|[from] item: Leftovers
|turn|3
|
|switch|p1a: Latios|Latios, M|301\/301
|move|p2a: Keldeo-Resolute|Scald|p1a: Latios
|-resisted|p1a: Latios
|-damage|p1a: Latios|234\/301
|-status|p1a: Latios|brn
|
|-weather|Sandstorm|[upkeep]
|-damage|p1a: Latios|216\/301 brn|[from] sandstorm
|-damage|p2a: Keldeo-Resolute|283\/323|[from] sandstorm
|-heal|p2a: Keldeo-Resolute|303\/323|[from] item: Leftovers
|-damage|p1a: Latios|179\/301 brn|[from] brn
|turn|4
|
|switch|p1a: Scizor|Scizor-Mega, F|281\/281
|switch|p2a: Tyranitar|Tyranitar, F|341\/341
|-damage|p2a: Tyranitar|299\/341|[from] Stealth Rock
|
|-weather|Sandstorm|[upkeep]
|turn|5
|
|switch|p2a: Garchomp|Garchomp, M|420\/420
|-damage|p2a: Garchomp|394\/420|[from] Stealth Rock
|switch|p1a: Latios|Latios, M|179\/301 brn
|
|-weather|none
|-damage|p1a: Latios|142\/301 brn|[from] brn
|turn|6
|
|switch|p2a: Tyranitar|Tyranitar, F|299\/341
|-damage|p2a: Tyranitar|257\/341|[from] Stealth Rock
|-weather|Sandstorm
|move|p1a: Latios|Trick|p2a: Tyranitar
|-activate|p1a: Latios|move: Trick|[of] p2a: Tyranitar
|-item|p2a: Tyranitar|Choice Scarf|[from] move: Trick
|-item|p1a: Latios|Choice Scarf|[from] move: Trick
|
|-weather|Sandstorm|[upkeep]
|-damage|p1a: Latios|124\/301 brn|[from] sandstorm
|-damage|p1a: Latios|87\/301 brn|[from] brn
|turn|7
|c|âChristo m8|tactical
|
|move|p1a: Latios|Draco Meteor|p2a: Tyranitar
|-damage|p2a: Tyranitar|100\/341
|-unboost|p1a: Latios|spa|2
|move|p2a: Tyranitar|Pursuit|p1a: Latios
|-supereffective|p1a: Latios
|-damage|p1a: Latios|0 fnt
|faint|p1a: Latios
|
|-weather|Sandstorm|[upkeep]
|
|switch|p1a: Scizor|Scizor-Mega, F|281\/281
|turn|8
|
|switch|p2a: Garchomp|Garchomp, M|394\/420
|-damage|p2a: Garchomp|368\/420|[from] Stealth Rock
|move|p1a: Scizor|Bug Bite|p2a: Garchomp
|-damage|p2a: Garchomp|217\/420
|-damage|p1a: Scizor|246\/281|[from] ability: Rough Skin|[of] p2a: Garchomp
|-damage|p1a: Scizor|200\/281|[from] item: Rocky Helmet|[of] p2a: Garchomp
|
|-weather|Sandstorm|[upkeep]
|turn|9
|
|switch|p1a: Thundurus|Thundurus, M|299\/299
|move|p2a: Garchomp|Stealth Rock|p1a: Thundurus
|-sidestart|p1: specs P2|move: Stealth Rock
|
|-weather|Sandstorm|[upkeep]
|-damage|p1a: Thundurus|281\/299|[from] sandstorm
|turn|10
|
|move|p1a: Thundurus|Hidden Power|p2a: Garchomp
|-supereffective|p2a: Garchomp
|-damage|p2a: Garchomp|0 fnt
|-damage|p1a: Thundurus|252\/299|[from] item: Life Orb
|faint|p2a: Garchomp
|
|-weather|none
|
|switch|p2a: Tyranitar|Tyranitar, F|100\/341
|-damage|p2a: Tyranitar|58\/341|[from] Stealth Rock
|-weather|Sandstorm
|turn|11
|
|move|p1a: Thundurus|Thunder Wave|p2a: Tyranitar
|-status|p2a: Tyranitar|par
|move|p2a: Tyranitar|Crunch|p1a: Thundurus
|-damage|p1a: Thundurus|66\/299
|
|-weather|Sandstorm|[upkeep]
|-damage|p1a: Thundurus|48\/299|[from] sandstorm
|turn|12
|
|move|p1a: Thundurus|Thunderbolt|p2a: Tyranitar
|-damage|p2a: Tyranitar|0 fnt
|-damage|p1a: Thundurus|19\/299|[from] item: Life Orb
|faint|p2a: Tyranitar
|
|-weather|Sandstorm|[upkeep]
|-damage|p1a: Thundurus|1\/299|[from] sandstorm
|
|switch|p2a: Clefable|Clefable, F|392\/392
|turn|13
|
|move|p1a: Thundurus|Thunder Wave|p2a: Clefable
|-status|p2a: Clefable|par
|move|p2a: Clefable|Soft-Boiled|p2a: Clefable
|-fail|p2a: Clefable
|
|-weather|Sandstorm|[upkeep]
|-damage|p1a: Thundurus|0 fnt|[from] sandstorm
|faint|p1a: Thundurus
|
|switch|p1a: Diggersby|Diggersby, M|311\/311
|-damage|p1a: Diggersby|292\/311|[from] Stealth Rock
|turn|14
|
|move|p1a: Diggersby|Swords Dance|p1a: Diggersby
|-boost|p1a: Diggersby|atk|2
|move|p2a: Clefable|Moonblast|p1a: Diggersby
|-damage|p1a: Diggersby|157\/311
|-unboost|p1a: Diggersby|spa|1
|
|-weather|Sandstorm|[upkeep]
|turn|15
|
|move|p1a: Diggersby|Earthquake|p2a: Clefable
|-damage|p2a: Clefable|0 fnt
|faint|p2a: Clefable
|
|-weather|none
|
|switch|p2a: Latias|Latias, F|363\/363
|-damage|p2a: Latias|318\/363|[from] Stealth Rock
|turn|16
|
|detailschange|p2a: Latias|Latias-Mega, F
|-mega|p2a: Latias|Latias|Latiasite
|move|p1a: Diggersby|Quick Attack|p2a: Latias
|-damage|p2a: Latias|180\/363
|move|p2a: Latias|Substitute|p2a: Latias
|-start|p2a: Latias|Substitute
|-damage|p2a: Latias|90\/363
|
|turn|17
|
|move|p1a: Diggersby|Quick Attack|p2a: Latias
|-end|p2a: Latias|Substitute
|move|p2a: Latias|Roost|p2a: Latias
|-heal|p2a: Latias|272\/363
|
|turn|18
|
|move|p2a: Latias|Stored Power|p1a: Diggersby
|-damage|p1a: Diggersby|118\/311
|move|p1a: Diggersby|Return|p2a: Latias
|-damage|p2a: Latias|0 fnt
|faint|p2a: Latias
|
|
|switch|p2a: Keldeo-Resolute|Keldeo-Resolute|303\/323
|-damage|p2a: Keldeo-Resolute|283\/323|[from] Stealth Rock
|turn|19
|
|switch|p2a: Ferrothorn|Ferrothorn, M|352\/352
|-damage|p2a: Ferrothorn|330\/352|[from] Stealth Rock
|move|p1a: Diggersby|Quick Attack|p2a: Ferrothorn
|-resisted|p2a: Ferrothorn
|-damage|p2a: Ferrothorn|266\/352
|-damage|p1a: Diggersby|80\/311|[from] ability: Iron Barbs|[of] p2a: Ferrothorn
|-damage|p1a: Diggersby|29\/311|[from] item: Rocky Helmet|[of] p2a: Ferrothorn
|
|turn|20
|
|switch|p2a: Keldeo-Resolute|Keldeo-Resolute|283\/323
|-damage|p2a: Keldeo-Resolute|263\/323|[from] Stealth Rock
|move|p1a: Diggersby|Earthquake|p2a: Keldeo-Resolute
|-damage|p2a: Keldeo-Resolute|0 fnt
|faint|p2a: Keldeo-Resolute
|
|
|switch|p2a: Ferrothorn|Ferrothorn, M|266\/352
|-damage|p2a: Ferrothorn|244\/352|[from] Stealth Rock
|turn|21
|
|move|p1a: Diggersby|Earthquake|p2a: Ferrothorn
|-damage|p2a: Ferrothorn|0 fnt
|faint|p2a: Ferrothorn
|
|win|specs P2
|raw|Ladder updating...
|raw|specs P2's rating: 1486 &rarr; <strong>1508<\/strong><br \/>(+22 for winning)
|raw|Christo m8's rating: 1522 &rarr; <strong>1500<\/strong><br \/>(-22 for losing)
|leave|Christo m8