|join|Req'd By Latias
|join|specs P2
|player|p1|Req'd By Latias|283
|player|p2|specs P2|161
|gametype|singles
|gen|6
|tier|OU (suspect test)
|rated
|clearpoke
|poke|p1|Scizor, M
|poke|p1|Mamoswine, M
|poke|p1|Bisharp, F
|poke|p1|Latios, M
|poke|p1|Landorus-Therian, M
|poke|p1|Talonflame, F
|poke|p2|Scizor, F
|poke|p2|Azelf
|poke|p2|Diggersby, M
|poke|p2|Thundurus, M
|poke|p2|Latios, M
|poke|p2|Azumarill, M
|rule|Swagger Clause: Swagger is banned
|rule|Baton Pass Clause: Limit one PokÃ©mon knowing Baton Pass
|rule|Sleep Clause Mod: Limit one foe put to sleep
|rule|Species Clause: Limit one of each PokÃ©mon
|rule|OHKO Clause: OHKO moves are banned
|rule|Moody Clause: Moody is banned
|rule|Evasion Moves Clause: Evasion moves are banned
|rule|Endless Battle Clause: Forcing endless battles is banned
|rule|HP Percentage Mod: HP is shown in percentages
|teampreview
|join|MemedYourMom
|join|Req'd By Excadrill
|
|start
|switch|p1a: Landorus-Therian|Landorus-Therian, M|325\/325
|switch|p2a: Azelf|Azelf|291\/291
|-ability|p1a: Landorus-Therian|Intimidate|[of] p2a: Azelf
|-unboost|p2a: Azelf|atk|1
|turn|1
|
|move|p1a: Landorus-Therian|U-turn|p2a: Azelf
|-supereffective|p2a: Azelf
|-damage|p2a: Azelf|33\/291
|c| Req'd By Excadrill|Dark, your team loses to waterfall d-nite
|
|switch|p1a: Mamoswine|Mamoswine, M|361\/361
|move|p2a: Azelf|Stealth Rock|p1a: Mamoswine
|-sidestart|p1: Req'd By Latias|move: Stealth Rock
|
|turn|2
|c|âReq'd By Latias|so do you
|c| Req'd By Excadrill|,,
|
|move|p1a: Mamoswine|Ice Shard|p2a: Azelf
|-damage|p2a: Azelf|0 fnt
|faint|p2a: Azelf
|
|c| MemedYourMom|lmao
|
|switch|p2a: Scizor|Scizor, F|281\/281
|turn|3
|
|detailschange|p2a: Scizor|Scizor-Mega, F
|-mega|p2a: Scizor|Scizor|Scizorite
|move|p2a: Scizor|Bullet Punch|p1a: Mamoswine
|-supereffective|p1a: Mamoswine
|-damage|p1a: Mamoswine|29\/361
|move|p1a: Mamoswine|Stealth Rock|p2a: Scizor
|-sidestart|p2: specs P2|move: Stealth Rock
|
|turn|4
|
|move|p2a: Scizor|Bullet Punch|p1a: Mamoswine
|-supereffective|p1a: Mamoswine
|-damage|p1a: Mamoswine|0 fnt
|faint|p1a: Mamoswine
|
|
|switch|p1a: Talonflame|Talonflame, F|319\/319
|-damage|p1a: Talonflame|160\/319|[from] Stealth Rock
|turn|5
|
|move|p1a: Talonflame|Swords Dance|p1a: Talonflame
|-boost|p1a: Talonflame|atk|2
|move|p2a: Scizor|Bug Bite|p1a: Talonflame
|-resisted|p1a: Talonflame
|-damage|p1a: Talonflame|92\/319
|
|turn|6
|
|move|p1a: Talonflame|Roost|p1a: Talonflame
|-heal|p1a: Talonflame|252\/319
|move|p2a: Scizor|Superpower|p1a: Talonflame
|-damage|p1a: Talonflame|20\/319
|-unboost|p2a: Scizor|atk|1
|-unboost|p2a: Scizor|def|1
|
|turn|7
|c| MemedYourMom|predicted Kappa
|
|move|p1a: Talonflame|Roost|p1a: Talonflame
|-heal|p1a: Talonflame|180\/319
|move|p2a: Scizor|Superpower|p1a: Talonflame
|-damage|p1a: Talonflame|35\/319
|-unboost|p2a: Scizor|atk|1
|-unboost|p2a: Scizor|def|1
|
|turn|8
|
|move|p1a: Talonflame|Roost|p1a: Talonflame
|-heal|p1a: Talonflame|195\/319
|move|p2a: Scizor|Superpower|p1a: Talonflame
|-damage|p1a: Talonflame|77\/319
|-unboost|p2a: Scizor|atk|1
|-unboost|p2a: Scizor|def|1
|
|turn|9
|
|move|p1a: Talonflame|Roost|p1a: Talonflame
|-heal|p1a: Talonflame|237\/319
|move|p2a: Scizor|Superpower|p1a: Talonflame
|-damage|p1a: Talonflame|152\/319
|-unboost|p2a: Scizor|atk|1
|-unboost|p2a: Scizor|def|1
|
|turn|10
|
|move|p1a: Talonflame|Roost|p1a: Talonflame
|-heal|p1a: Talonflame|312\/319
|move|p2a: Scizor|Superpower|p1a: Talonflame
|-damage|p1a: Talonflame|236\/319
|-unboost|p2a: Scizor|atk|1
|-unboost|p2a: Scizor|def|1
|
|turn|11
|
|move|p1a: Talonflame|Flare Blitz|p2a: Scizor
|-supereffective|p2a: Scizor
|-damage|p2a: Scizor|0 fnt
|-damage|p1a: Talonflame|143\/319|[from] recoil|[of] p2a: Scizor
|faint|p2a: Scizor
|
|
|switch|p2a: Thundurus|Thundurus, M|299\/299
|-damage|p2a: Thundurus|225\/299|[from] Stealth Rock
|turn|12
|
|move|p2a: Thundurus|Thunder Wave|p1a: Talonflame
|-status|p1a: Talonflame|par
|move|p1a: Talonflame|Flare Blitz|p2a: Thundurus
|-damage|p2a: Thundurus|0 fnt
|-damage|p1a: Talonflame|69\/319 par|[from] recoil|[of] p2a: Thundurus
|faint|p2a: Thundurus
|
|
|switch|p2a: Azumarill|Azumarill, M|364\/364
|-damage|p2a: Azumarill|319\/364|[from] Stealth Rock
|turn|13
|
|move|p2a: Azumarill|Aqua Jet|p1a: Talonflame
|-supereffective|p1a: Talonflame
|-damage|p1a: Talonflame|0 fnt
|faint|p1a: Talonflame
|
|
|switch|p1a: Latios|Latios, M|301\/301
|-damage|p1a: Latios|264\/301|[from] Stealth Rock
|turn|14
|
|move|p1a: Latios|Psyshock|p2a: Azumarill
|-damage|p2a: Azumarill|105\/364
|-damage|p1a: Latios|234\/301|[from] item: Life Orb
|-enditem|p2a: Azumarill|Sitrus Berry|[eat]
|-heal|p2a: Azumarill|196\/364|[from] item: Sitrus Berry
|move|p2a: Azumarill|Knock Off|p1a: Latios
|-supereffective|p1a: Latios
|-damage|p1a: Latios|0 fnt
|-enditem|p1a: Latios|Life Orb|[from] move: Knock Off|[of] p2a: Azumarill
|faint|p1a: Latios
|
|
|switch|p1a: Bisharp|Bisharp, F|271\/271
|-damage|p1a: Bisharp|255\/271|[from] Stealth Rock
|turn|15
|
|move|p2a: Azumarill|Aqua Jet|p1a: Bisharp
|-damage|p1a: Bisharp|170\/271
|move|p1a: Bisharp|Iron Head|p2a: Azumarill
|-damage|p2a: Azumarill|0 fnt
|-damage|p1a: Bisharp|143\/271|[from] item: Life Orb
|faint|p2a: Azumarill
|
|
|switch|p2a: Diggersby|Diggersby, M|311\/311
|-damage|p2a: Diggersby|292\/311|[from] Stealth Rock
|turn|16
|
|move|p1a: Bisharp|Knock Off|p2a: Diggersby
|-damage|p2a: Diggersby|42\/311
|-enditem|p2a: Diggersby|Focus Sash|[from] move: Knock Off|[of] p1a: Bisharp
|-damage|p1a: Bisharp|116\/271|[from] item: Life Orb
|move|p2a: Diggersby|Swords Dance|p2a: Diggersby
|-boost|p2a: Diggersby|atk|2
|
|turn|17
|-message|specs P2 forfeited.
|leave|specs P2
|
|win|Req'd By Latias
|raw|Ladder updating...
|raw|Req&apos;d By Latias's rating: 1474 &rarr; <strong>1493<\/strong><br \/>(+19 for winning)
|raw|specs P2's rating: 1462 &rarr; <strong>1443<\/strong><br \/>(-19 for losing)
|player|p2
|c|âReq'd By Latias|guys
|c|âReq'd By Latias|do u see what i mean now
|c|âReq'd By Latias|about what i said before
|c|âReq'd By Latias|"if i didn't get haxed I'd be where Cosine is"