|join|Dragon's claw
|join|specs P2
|player|p1|Dragon's claw|214
|player|p2|specs P2|161
|gametype|singles
|gen|6
|tier|OU (suspect test)
|rated
|clearpoke
|poke|p1|Metagross
|poke|p1|Keldeo
|poke|p1|Heatran, F
|poke|p1|Garchomp, F
|poke|p1|Landorus-Therian, M
|poke|p1|Skarmory, M
|poke|p2|Scizor, F
|poke|p2|Azelf
|poke|p2|Diggersby, M
|poke|p2|Thundurus, M
|poke|p2|Latios, M
|poke|p2|Azumarill, M
|rule|Swagger Clause: Swagger is banned
|rule|Baton Pass Clause: Limit one PokÃ©mon knowing Baton Pass
|rule|Sleep Clause Mod: Limit one foe put to sleep
|rule|Species Clause: Limit one of each PokÃ©mon
|rule|OHKO Clause: OHKO moves are banned
|rule|Moody Clause: Moody is banned
|rule|Evasion Moves Clause: Evasion moves are banned
|rule|Endless Battle Clause: Forcing endless battles is banned
|rule|HP Percentage Mod: HP is shown in percentages
|teampreview
|
|start
|switch|p1a: Skarmory|Skarmory, M|333\/333
|switch|p2a: Azelf|Azelf|291\/291
|turn|1
|
|move|p2a: Azelf|Fire Blast|p1a: Skarmory
|-supereffective|p1a: Skarmory
|-damage|p1a: Skarmory|9\/333
|move|p1a: Skarmory|Iron Head|p2a: Azelf
|-damage|p2a: Azelf|192\/291
|
|turn|2
|
|switch|p1a: Heatran|Heatran, F|386\/386
|move|p2a: Azelf|Taunt|p1a: Heatran
|-start|p1a: Heatran|move: Taunt
|
|turn|3
|
|move|p2a: Azelf|Stealth Rock|p1a: Heatran
|-sidestart|p1: Dragon's claw|move: Stealth Rock
|move|p1a: Heatran|Lava Plume|p2a: Azelf
|-damage|p2a: Azelf|14\/291
|
|turn|4
|
|move|p2a: Azelf|Explosion|p1a: Heatran
|-resisted|p1a: Heatran
|-damage|p1a: Heatran|273\/386
|faint|p2a: Azelf
|move|p1a: Heatran|Lava Plume|p2: Azelf|[notarget]
|-notarget
|
|-heal|p1a: Heatran|297\/386|[from] item: Leftovers
|
|switch|p2a: Diggersby|Diggersby, M|311\/311
|turn|5
|
|switch|p1a: Landorus-Therian|Landorus-Therian, M|382\/382
|-damage|p1a: Landorus-Therian|335\/382|[from] Stealth Rock
|-ability|p1a: Landorus-Therian|Intimidate|[of] p2a: Diggersby
|-unboost|p2a: Diggersby|atk|1
|move|p2a: Diggersby|Swords Dance|p2a: Diggersby
|-boost|p2a: Diggersby|atk|2
|
|-heal|p1a: Landorus-Therian|358\/382|[from] item: Leftovers
|turn|6
|
|move|p2a: Diggersby|Return|p1a: Landorus-Therian
|-damage|p1a: Landorus-Therian|0 fnt
|faint|p1a: Landorus-Therian
|
|
|switch|p1a: Keldeo|Keldeo|323\/323
|-damage|p1a: Keldeo|303\/323|[from] Stealth Rock
|turn|7
|
|move|p1a: Keldeo|Icy Wind|p2a: Diggersby
|-supereffective|p2a: Diggersby
|-damage|p2a: Diggersby|57\/311
|-unboost|p2a: Diggersby|spe|1
|move|p2a: Diggersby|Return|p1a: Keldeo
|-damage|p1a: Keldeo|0 fnt
|faint|p1a: Keldeo
|
|
|switch|p1a: Metagross|Metagross|302\/302
|-damage|p1a: Metagross|284\/302|[from] Stealth Rock
|turn|8
|
|detailschange|p1a: Metagross|Metagross-Mega
|-mega|p1a: Metagross|Metagross|Metagrossite
|move|p2a: Diggersby|Quick Attack|p1a: Metagross
|-resisted|p1a: Metagross
|-damage|p1a: Metagross|235\/302
|move|p1a: Metagross|Earthquake|p2a: Diggersby
|-damage|p2a: Diggersby|0 fnt
|faint|p2a: Diggersby
|
|
|switch|p2a: Scizor|Scizor, F|281\/281
|turn|9
|
|switch|p1a: Skarmory|Skarmory, M|9\/333
|-damage|p1a: Skarmory|0 fnt|[from] Stealth Rock
|faint|p1a: Skarmory
|detailschange|p2a: Scizor|Scizor-Mega, F
|-mega|p2a: Scizor|Scizor|Scizorite
|move|p2a: Scizor|Bug Bite|p1: Skarmory|[notarget]
|-notarget
|
|
|switch|p1a: Heatran|Heatran, F|297\/386
|-damage|p1a: Heatran|249\/386|[from] Stealth Rock
|turn|10
|
|move|p2a: Scizor|Superpower|p1a: Heatran
|-supereffective|p1a: Heatran
|-damage|p1a: Heatran|0 fnt
|-unboost|p2a: Scizor|atk|1
|-unboost|p2a: Scizor|def|1
|faint|p1a: Heatran
|
|
|switch|p1a: Metagross|Metagross-Mega|235\/302
|-damage|p1a: Metagross|217\/302|[from] Stealth Rock
|turn|11
|
|move|p1a: Metagross|Meteor Mash|p2a: Scizor
|-resisted|p2a: Scizor
|-damage|p2a: Scizor|161\/281
|move|p2a: Scizor|Bug Bite|p1a: Metagross
|-damage|p1a: Metagross|123\/302
|
|turn|12
|
|move|p1a: Metagross|Meteor Mash|p2a: Scizor
|-resisted|p2a: Scizor
|-damage|p2a: Scizor|30\/281
|move|p2a: Scizor|Bug Bite|p1a: Metagross
|-damage|p1a: Metagross|38\/302
|
|turn|13
|
|move|p2a: Scizor|Bullet Punch|p1a: Metagross
|-resisted|p1a: Metagross
|-damage|p1a: Metagross|6\/302
|move|p1a: Metagross|Earthquake|p2a: Scizor
|-damage|p2a: Scizor|0 fnt
|faint|p2a: Scizor
|
|
|switch|p2a: Thundurus|Thundurus, M|299\/299
|turn|14
|
|move|p2a: Thundurus|Hidden Power|p1a: Metagross
|-resisted|p1a: Metagross
|-damage|p1a: Metagross|0 fnt
|-damage|p2a: Thundurus|270\/299|[from] item: Life Orb
|faint|p1a: Metagross
|
|
|switch|p1a: Garchomp|Garchomp, F|357\/357
|-damage|p1a: Garchomp|335\/357|[from] Stealth Rock
|turn|15
|c|âspecs P2|gg
|
|move|p2a: Thundurus|Hidden Power|p1a: Garchomp
|-supereffective|p1a: Garchomp
|-damage|p1a: Garchomp|0 fnt
|-damage|p2a: Thundurus|241\/299|[from] item: Life Orb
|faint|p1a: Garchomp
|
|win|specs P2
|raw|Ladder updating...
|leave|Dragon's claw
|player|p1
|raw|Dragon&apos;s claw's rating: 1396 &rarr; <strong>1380<\/strong><br \/>(-16 for losing)
|raw|specs P2's rating: 1469 &rarr; <strong>1485<\/strong><br \/>(+16 for winning)