|join|specs P2
|join|lil manaphy
|player|p1|specs P2|161
|player|p2|lil manaphy|34
|gametype|singles
|gen|6
|tier|OU (suspect test)
|rated
|clearpoke
|poke|p1|Metagross
|poke|p1|Kyurem-Black
|poke|p1|Landorus, M
|poke|p1|Zapdos
|poke|p1|Keldeo
|poke|p1|Talonflame, F
|poke|p2|Diancie
|poke|p2|Ferrothorn, M
|poke|p2|Wobbuffet, F
|poke|p2|Landorus-Therian, M
|poke|p2|Conkeldurr, F
|poke|p2|Mandibuzz, F
|rule|Swagger Clause: Swagger is banned
|rule|Baton Pass Clause: Limit one PokÃ©mon knowing Baton Pass
|rule|Sleep Clause Mod: Limit one foe put to sleep
|rule|Species Clause: Limit one of each PokÃ©mon
|rule|OHKO Clause: OHKO moves are banned
|rule|Moody Clause: Moody is banned
|rule|Evasion Moves Clause: Evasion moves are banned
|rule|Endless Battle Clause: Forcing endless battles is banned
|rule|HP Percentage Mod: HP is shown in percentages
|teampreview
|
|start
|switch|p1a: Talonflame|Talonflame, F|297\/297
|switch|p2a: Conkeldurr|Conkeldurr, F|352\/352
|turn|1
|
|switch|p2a: Landorus-Therian|Landorus-Therian, M|382\/382
|-ability|p2a: Landorus-Therian|Intimidate|[of] p1a: Talonflame
|-unboost|p1a: Talonflame|atk|1
|move|p1a: Talonflame|Brave Bird|p2a: Landorus-Therian
|-damage|p2a: Landorus-Therian|238\/382
|-damage|p1a: Talonflame|249\/297|[from] recoil|[of] p2a: Landorus-Therian
|
|-heal|p2a: Landorus-Therian|261\/382|[from] item: Leftovers
|turn|2
|
|switch|p1a: Keldeo|Keldeo|323\/323
|move|p2a: Landorus-Therian|U-turn|p1a: Keldeo
|-resisted|p1a: Keldeo
|-damage|p1a: Keldeo|285\/323
|
|switch|p2a: Conkeldurr|Conkeldurr, F|352\/352
|
|-heal|p1a: Keldeo|305\/323|[from] item: Leftovers
|turn|3
|
|switch|p1a: Metagross|Metagross|301\/301
|move|p2a: Conkeldurr|Drain Punch|p1a: Metagross
|-damage|p1a: Metagross|172\/301
|
|turn|4
|
|switch|p1a: Landorus|Landorus, M|319\/319
|switch|p2a: Mandibuzz|Mandibuzz, F|424\/424
|
|turn|5
|
|move|p1a: Landorus|Focus Blast|p2a: Mandibuzz|[miss]
|-miss|p1a: Landorus|p2a: Mandibuzz
|move|p2a: Mandibuzz|Foul Play|p1a: Landorus
|-damage|p1a: Landorus|166\/319
|
|turn|6
|
|move|p1a: Landorus|Focus Blast|p2a: Mandibuzz
|-damage|p2a: Mandibuzz|190\/424
|move|p2a: Mandibuzz|Roost|p2a: Mandibuzz
|-heal|p2a: Mandibuzz|402\/424
|
|-heal|p2a: Mandibuzz|424\/424|[from] item: Leftovers
|turn|7
|
|switch|p1a: Keldeo|Keldeo|305\/323
|move|p2a: Mandibuzz|Roost|p2a: Mandibuzz
|-fail|p2a: Mandibuzz
|
|-heal|p1a: Keldeo|323\/323|[from] item: Leftovers
|turn|8
|
|switch|p2a: Wobbuffet|Wobbuffet, F|528\/528
|move|p1a: Keldeo|Substitute|p1a: Keldeo
|-start|p1a: Keldeo|Substitute
|-damage|p1a: Keldeo|243\/323
|
|-heal|p1a: Keldeo|263\/323|[from] item: Leftovers
|turn|9
|
|move|p1a: Keldeo|Scald|p2a: Wobbuffet
|-damage|p2a: Wobbuffet|365\/528
|move|p2a: Wobbuffet|Encore|p1a: Keldeo
|-start|p1a: Keldeo|Encore
|
|-heal|p1a: Keldeo|283\/323|[from] item: Leftovers
|-heal|p2a: Wobbuffet|398\/528|[from] item: Leftovers
|turn|10
|
|move|p1a: Keldeo|Scald|p2a: Wobbuffet
|-damage|p2a: Wobbuffet|251\/528
|-status|p2a: Wobbuffet|brn
|move|p2a: Wobbuffet|Mirror Coat|p1a: Keldeo
|-end|p1a: Keldeo|Substitute
|
|-heal|p1a: Keldeo|303\/323|[from] item: Leftovers
|-heal|p2a: Wobbuffet|284\/528 brn|[from] item: Leftovers
|-damage|p2a: Wobbuffet|218\/528 brn|[from] brn
|turn|11
|
|move|p1a: Keldeo|Scald|p2a: Wobbuffet
|-damage|p2a: Wobbuffet|47\/528 brn
|move|p2a: Wobbuffet|Mirror Coat|p1a: Keldeo
|-damage|p1a: Keldeo|0 fnt
|faint|p1a: Keldeo
|
|-heal|p2a: Wobbuffet|80\/528 brn|[from] item: Leftovers
|-damage|p2a: Wobbuffet|14\/528 brn|[from] brn
|
|switch|p1a: Metagross|Metagross|172\/301
|turn|12
|
|detailschange|p1a: Metagross|Metagross-Mega
|-mega|p1a: Metagross|Metagross|Metagrossite
|move|p1a: Metagross|Pursuit|p2a: Wobbuffet|[from]Pursuit
|-supereffective|p2a: Wobbuffet
|-damage|p2a: Wobbuffet|0 fnt
|faint|p2a: Wobbuffet
|
|
|switch|p2a: Landorus-Therian|Landorus-Therian, M|261\/382
|-ability|p2a: Landorus-Therian|Intimidate|[of] p1a: Metagross
|-unboost|p1a: Metagross|atk|1
|turn|13
|
|switch|p1a: Zapdos|Zapdos|384\/384
|-ability|p1a: Zapdos|Pressure
|move|p2a: Landorus-Therian|Earthquake|p1a: Zapdos
|-immune|p1a: Zapdos|[msg]
|
|-heal|p2a: Landorus-Therian|284\/382|[from] item: Leftovers
|turn|14
|
|switch|p2a: Conkeldurr|Conkeldurr, F|352\/352
|move|p1a: Zapdos|Heat Wave|p2a: Conkeldurr
|-damage|p2a: Conkeldurr|288\/352
|
|turn|15
|
|move|p1a: Zapdos|Thunderbolt|p2a: Conkeldurr
|-damage|p2a: Conkeldurr|192\/352
|move|p2a: Conkeldurr|Knock Off|p1a: Zapdos
|-damage|p1a: Zapdos|279\/384
|-enditem|p1a: Zapdos|Leftovers|[from] move: Knock Off|[of] p2a: Conkeldurr
|
|turn|16
|
|move|p1a: Zapdos|Thunderbolt|p2a: Conkeldurr
|-crit|p2a: Conkeldurr
|-damage|p2a: Conkeldurr|51\/352
|move|p2a: Conkeldurr|Stone Edge|p1a: Zapdos
|-supereffective|p1a: Zapdos
|-damage|p1a: Zapdos|63\/384
|
|turn|17
|
|move|p1a: Zapdos|Thunderbolt|p2a: Conkeldurr
|-damage|p2a: Conkeldurr|0 fnt
|faint|p2a: Conkeldurr
|
|
|switch|p2a: Diancie|Diancie|241\/241
|turn|18
|
|detailschange|p2a: Diancie|Diancie-Mega
|-mega|p2a: Diancie|Diancie|Diancite
|move|p1a: Zapdos|Thunderbolt|p2a: Diancie
|-crit|p2a: Diancie
|-damage|p2a: Diancie|70\/241
|move|p2a: Diancie|Ancient Power|p1a: Zapdos
|-supereffective|p1a: Zapdos
|-damage|p1a: Zapdos|0 fnt
|faint|p1a: Zapdos
|
|
|switch|p1a: Talonflame|Talonflame, F|249\/297
|turn|19
|
|switch|p2a: Landorus-Therian|Landorus-Therian, M|284\/382
|-ability|p2a: Landorus-Therian|Intimidate|[of] p1a: Talonflame
|-unboost|p1a: Talonflame|atk|1
|move|p1a: Talonflame|Flare Blitz|p2a: Landorus-Therian
|-damage|p2a: Landorus-Therian|148\/382
|-status|p2a: Landorus-Therian|brn
|-damage|p1a: Talonflame|204\/297|[from] recoil|[of] p2a: Landorus-Therian
|
|-heal|p2a: Landorus-Therian|171\/382 brn|[from] item: Leftovers
|-damage|p2a: Landorus-Therian|124\/382 brn|[from] brn
|turn|20
|
|switch|p2a: Mandibuzz|Mandibuzz, F|424\/424
|move|p1a: Talonflame|Flare Blitz|p2a: Mandibuzz
|-damage|p2a: Mandibuzz|313\/424
|-damage|p1a: Talonflame|167\/297|[from] recoil|[of] p2a: Mandibuzz
|
|-heal|p2a: Mandibuzz|339\/424|[from] item: Leftovers
|turn|21
|
|switch|p1a: Landorus|Landorus, M|166\/319
|move|p2a: Mandibuzz|Foul Play|p1a: Landorus
|-crit|p1a: Landorus
|-damage|p1a: Landorus|0 fnt
|faint|p1a: Landorus
|
|-heal|p2a: Mandibuzz|365\/424|[from] item: Leftovers
|
|switch|p1a: Kyurem-Black|Kyurem-Black|391\/391
|-ability|p1a: Kyurem-Black|Teravolt
|turn|22
|
|switch|p1a: Talonflame|Talonflame, F|167\/297
|switch|p2a: Landorus-Therian|Landorus-Therian, M|124\/382 brn
|-ability|p2a: Landorus-Therian|Intimidate|[of] p1a: Talonflame
|-unboost|p1a: Talonflame|atk|1
|
|-heal|p2a: Landorus-Therian|147\/382 brn|[from] item: Leftovers
|-damage|p2a: Landorus-Therian|100\/382 brn|[from] brn
|turn|23
|
|switch|p2a: Mandibuzz|Mandibuzz, F|365\/424
|move|p1a: Talonflame|Flare Blitz|p2a: Mandibuzz
|-damage|p2a: Mandibuzz|245\/424
|-damage|p1a: Talonflame|127\/297|[from] recoil|[of] p2a: Mandibuzz
|
|-heal|p2a: Mandibuzz|271\/424|[from] item: Leftovers
|turn|24
|
|switch|p1a: Kyurem-Black|Kyurem-Black|391\/391
|-ability|p1a: Kyurem-Black|Teravolt
|move|p2a: Mandibuzz|Roost|p2a: Mandibuzz
|-heal|p2a: Mandibuzz|424\/424
|
|turn|25
|
|switch|p2a: Ferrothorn|Ferrothorn, M|352\/352
|move|p1a: Kyurem-Black|Ice Beam|p2a: Ferrothorn
|-crit|p2a: Ferrothorn
|-damage|p2a: Ferrothorn|202\/352
|
|turn|26
|
|switch|p1a: Talonflame|Talonflame, F|127\/297
|move|p2a: Ferrothorn|Thunder Wave|p1a: Talonflame
|-status|p1a: Talonflame|par
|
|turn|27
|
|move|p2a: Ferrothorn|Protect|p2a: Ferrothorn
|-singleturn|p2a: Ferrothorn|Protect
|move|p1a: Talonflame|Flare Blitz|p2a: Ferrothorn
|-activate|p2a: Ferrothorn|Protect
|
|turn|28
|
|switch|p2a: Mandibuzz|Mandibuzz, F|424\/424
|move|p1a: Talonflame|Flare Blitz|p2a: Mandibuzz
|-damage|p2a: Mandibuzz|250\/424
|-damage|p1a: Talonflame|70\/297 par|[from] recoil|[of] p2a: Mandibuzz
|
|-heal|p2a: Mandibuzz|276\/424|[from] item: Leftovers
|turn|29
|
|move|p2a: Mandibuzz|Roost|p2a: Mandibuzz
|-heal|p2a: Mandibuzz|424\/424
|move|p1a: Talonflame|Flare Blitz|p2a: Mandibuzz
|-damage|p2a: Mandibuzz|252\/424
|-damage|p1a: Talonflame|13\/297 par|[from] recoil|[of] p2a: Mandibuzz
|
|-heal|p2a: Mandibuzz|278\/424|[from] item: Leftovers
|turn|30
|
|move|p2a: Mandibuzz|Foul Play|p1a: Talonflame
|-crit|p1a: Talonflame
|-damage|p1a: Talonflame|0 fnt
|faint|p1a: Talonflame
|
|-heal|p2a: Mandibuzz|304\/424|[from] item: Leftovers
|
|switch|p1a: Kyurem-Black|Kyurem-Black|391\/391
|-ability|p1a: Kyurem-Black|Teravolt
|turn|31
|
|switch|p2a: Landorus-Therian|Landorus-Therian, M|100\/382 brn
|-ability|p2a: Landorus-Therian|Intimidate|[of] p1a: Kyurem-Black
|-unboost|p1a: Kyurem-Black|atk|1
|move|p1a: Kyurem-Black|Ice Beam|p2a: Landorus-Therian
|-supereffective|p2a: Landorus-Therian
|-damage|p2a: Landorus-Therian|0 fnt
|faint|p2a: Landorus-Therian
|
|
|switch|p2a: Ferrothorn|Ferrothorn, M|202\/352
|turn|32
|
|switch|p1a: Metagross|Metagross-Mega|172\/301
|move|p2a: Ferrothorn|Thunder Wave|p1a: Metagross
|-status|p1a: Metagross|par
|
|turn|33
|
|move|p2a: Ferrothorn|Protect|p2a: Ferrothorn
|-singleturn|p2a: Ferrothorn|Protect
|cant|p1a: Metagross|par
|
|turn|34
|
|move|p1a: Metagross|Pursuit|p2a: Ferrothorn|[from]Pursuit
|-damage|p2a: Ferrothorn|113\/352
|-damage|p1a: Metagross|135\/301 par|[from] ability: Iron Barbs|[of] p2a: Ferrothorn
|switch|p2a: Mandibuzz|Mandibuzz, F|304\/424
|
|-heal|p2a: Mandibuzz|330\/424|[from] item: Leftovers
|turn|35
|
|move|p2a: Mandibuzz|Foul Play|p1a: Metagross
|-supereffective|p1a: Metagross
|-damage|p1a: Metagross|0 fnt
|faint|p1a: Metagross
|
|-heal|p2a: Mandibuzz|356\/424|[from] item: Leftovers
|
|switch|p1a: Kyurem-Black|Kyurem-Black|391\/391
|-ability|p1a: Kyurem-Black|Teravolt
|turn|36
|
|move|p1a: Kyurem-Black|Ice Beam|p2a: Mandibuzz
|-supereffective|p2a: Mandibuzz
|-damage|p2a: Mandibuzz|102\/424
|move|p2a: Mandibuzz|Foul Play|p1a: Kyurem-Black
|-damage|p1a: Kyurem-Black|175\/391
|
|-heal|p2a: Mandibuzz|128\/424|[from] item: Leftovers
|turn|37
|
|move|p1a: Kyurem-Black|Ice Beam|p2a: Mandibuzz
|-supereffective|p2a: Mandibuzz
|-damage|p2a: Mandibuzz|0 fnt
|faint|p2a: Mandibuzz
|
|
|switch|p2a: Ferrothorn|Ferrothorn, M|113\/352
|turn|38
|
|move|p1a: Kyurem-Black|Ice Beam|p2a: Ferrothorn
|-damage|p2a: Ferrothorn|10\/352
|move|p2a: Ferrothorn|Thunder Wave|p1a: Kyurem-Black
|-status|p1a: Kyurem-Black|par
|
|turn|39
|-message|specs P2 forfeited.
|leave|specs P2
|
|win|lil manaphy
|raw|Ladder updating...
|player|p1
|raw|specs P2's rating: 1400 &rarr; <strong>1380<\/strong><br \/>(-20 for losing)
|raw|lil manaphy's rating: 1405 &rarr; <strong>1424<\/strong><br \/>(+19 for winning)