|join|MoB Barley
|join|Dirty Ho-Oh
|player|p1|MoB Barley|161
|player|p2|Dirty Ho-Oh|115
|gametype|singles
|gen|6
|tier|UU
|rated
|rule|Sleep Clause Mod: Limit one foe put to sleep
|rule|Species Clause: Limit one of each PokÃ©mon
|rule|OHKO Clause: OHKO moves are banned
|rule|Moody Clause: Moody is banned
|rule|Evasion Moves Clause: Evasion moves are banned
|rule|Endless Battle Clause: Forcing endless battles is banned
|rule|HP Percentage Mod: HP is shown in percentages
|clearpoke
|poke|p1|Entei, shiny
|poke|p1|Ampharos, M
|poke|p1|Jirachi, shiny
|poke|p1|Roserade, F
|poke|p1|Starmie, shiny
|poke|p1|Granbull, M
|poke|p2|Alomomola, M
|poke|p2|Blissey, F
|poke|p2|Aggron, F
|poke|p2|Cresselia, F
|poke|p2|Crobat, M
|poke|p2|Quagsire, F
|rule|Swagger Clause: Swagger is banned
|rule|Baton Pass Clause: Limit one PokÃ©mon knowing Baton Pass
|teampreview
|join|bloons4dayz
|c|âDirty Ho-Oh|glhf
|c|âMoB Barley|that stall looks like too much for me
|
|start
|switch|p1a: Ampharos|Ampharos, M|371\/371
|switch|p2a: Alomomola|Alomomola, M|529\/529
|turn|1
|join|RedKingAlmighty
|
|detailschange|p1a: Ampharos|Ampharos-Mega, M
|-mega|p1a: Ampharos|Ampharos|Ampharosite
|-ability|p1a: Ampharos|Mold Breaker
|move|p2a: Alomomola|Protect|p2a: Alomomola
|-singleturn|p2a: Alomomola|Protect
|move|p1a: Ampharos|Volt Switch|p2a: Alomomola
|-activate|p2a: Alomomola|Protect
|
|turn|2
|join|RayDalio
|
|switch|p2a: Blissey|Blissey, F|714\/714
|move|p1a: Ampharos|Volt Switch|p2a: Blissey
|-damage|p2a: Blissey|578\/714
|c| RedKingAlmighty|does amph carry hp grass?
|c|âMoB Barley|d pulse 2hkos
|c|âMoB Barley|so not rly needed
|c| RedKingAlmighty|ah
|
|switch|p1a: Jirachi|Jirachi, shiny|404\/404
|
|-heal|p2a: Blissey|622\/714|[from] item: Leftovers
|turn|3
|c|âMoB Barley|this is this teams 1st game
|
|switch|p2a: Aggron|Aggron, F|344\/344
|move|p1a: Jirachi|Stealth Rock|p2a: Aggron
|-sidestart|p2: Dirty Ho-Oh|move: Stealth Rock
|
|turn|4
|c|âMoB Barley|he has a scary looking stall team
|
|detailschange|p2a: Aggron|Aggron-Mega, F
|-mega|p2a: Aggron|Aggron|Aggronite
|move|p1a: Jirachi|U-turn|p2a: Aggron
|-resisted|p2a: Aggron
|-damage|p2a: Aggron|332\/344
|join|LookMomAPoopyHead
|
|switch|p1a: Starmie|Starmie, shiny|324\/324
|move|p2a: Aggron|Stealth Rock|p1a: Starmie
|-sidestart|p1: MoB Barley|move: Stealth Rock
|
|turn|5
|
|switch|p2a: Cresselia|Cresselia, F|443\/443
|-damage|p2a: Cresselia|388\/443|[from] Stealth Rock
|move|p1a: Starmie|Rapid Spin|p2a: Cresselia
|-damage|p2a: Cresselia|380\/443
|-sideend|p1: MoB Barley|Stealth Rock|[from] move: Rapid Spin|[of] p1a: Starmie
|
|-heal|p2a: Cresselia|407\/443|[from] item: Leftovers
|turn|6
|
|switch|p2a: Aggron|Aggron-Mega, F|332\/344
|-damage|p2a: Aggron|311\/344|[from] Stealth Rock
|move|p1a: Starmie|Scald|p2a: Aggron
|-damage|p2a: Aggron|218\/344
|
|turn|7
|
|switch|p2a: Blissey|Blissey, F|622\/714
|-damage|p2a: Blissey|533\/714|[from] Stealth Rock
|move|p1a: Starmie|Scald|p2a: Blissey
|-damage|p2a: Blissey|455\/714
|
|-heal|p2a: Blissey|499\/714|[from] item: Leftovers
|turn|8
|
|switch|p1a: Roserade|Roserade, F|323\/323
|move|p2a: Blissey|Soft-Boiled|p2a: Blissey
|-heal|p2a: Blissey|714\/714
|
|turn|9
|
|switch|p1a: Entei|Entei, shiny|371\/371
|-ability|p1a: Entei|Pressure
|switch|p2a: Cresselia|Cresselia, F|407\/443
|-damage|p2a: Cresselia|352\/443|[from] Stealth Rock
|
|-heal|p2a: Cresselia|379\/443|[from] item: Leftovers
|turn|10
|join|Doc Sportello
|
|move|p1a: Entei|Sacred Fire|p2a: Cresselia
|-damage|p2a: Cresselia|199\/443
|move|p2a: Cresselia|Psyshock|p1a: Entei
|-damage|p1a: Entei|286\/371
|
|-heal|p2a: Cresselia|226\/443|[from] item: Leftovers
|turn|11
|
|switch|p2a: Alomomola|Alomomola, M|529\/529
|-damage|p2a: Alomomola|463\/529|[from] Stealth Rock
|move|p1a: Entei|Sacred Fire|p2a: Alomomola
|-resisted|p2a: Alomomola
|-damage|p2a: Alomomola|346\/529
|
|-heal|p2a: Alomomola|379\/529|[from] item: Leftovers
|turn|12
|
|switch|p1a: Ampharos|Ampharos-Mega, M|371\/371
|-ability|p1a: Ampharos|Mold Breaker
|move|p2a: Alomomola|Wish|p2a: Alomomola
|
|-heal|p2a: Alomomola|412\/529|[from] item: Leftovers
|turn|13
|
|switch|p2a: Cresselia|Cresselia, F|226\/443
|-damage|p2a: Cresselia|171\/443|[from] Stealth Rock
|move|p1a: Ampharos|Volt Switch|p2a: Cresselia
|-damage|p2a: Cresselia|44\/443
|
|switch|p1a: Roserade|Roserade, F|323\/323
|
|-heal|p2a: Cresselia|308\/443|[from] move: Wish|[wisher] Alomomola
|-heal|p2a: Cresselia|335\/443|[from] item: Leftovers
|turn|14
|
|move|p2a: Cresselia|Substitute|p2a: Cresselia
|-start|p2a: Cresselia|Substitute
|-damage|p2a: Cresselia|225\/443
|move|p1a: Roserade|Spikes|p2a: Cresselia
|-sidestart|p2: Dirty Ho-Oh|Spikes
|
|-heal|p2a: Cresselia|252\/443|[from] item: Leftovers
|turn|15
|
|switch|p1a: Entei|Entei, shiny|286\/371
|-ability|p1a: Entei|Pressure
|move|p2a: Cresselia|Calm Mind|p2a: Cresselia
|-boost|p2a: Cresselia|spa|1
|-boost|p2a: Cresselia|spd|1
|
|-heal|p2a: Cresselia|279\/443|[from] item: Leftovers
|turn|16
|
|move|p1a: Entei|Sacred Fire|p2a: Cresselia
|-end|p2a: Cresselia|Substitute
|move|p2a: Cresselia|Psyshock|p1a: Entei
|-damage|p1a: Entei|165\/371
|
|-heal|p2a: Cresselia|306\/443|[from] item: Leftovers
|turn|17
|
|switch|p2a: Quagsire|Quagsire, F|394\/394
|-damage|p2a: Quagsire|345\/394|[from] Spikes
|-damage|p2a: Quagsire|321\/394|[from] Stealth Rock
|move|p1a: Entei|Sacred Fire|p2a: Quagsire
|-resisted|p2a: Quagsire
|-damage|p2a: Quagsire|214\/394
|
|-heal|p2a: Quagsire|238\/394|[from] item: Leftovers
|turn|18
|
|switch|p1a: Jirachi|Jirachi, shiny|404\/404
|switch|p2a: Crobat|Crobat, M|374\/374
|-damage|p2a: Crobat|281\/374|[from] Stealth Rock
|
|-heal|p2a: Crobat|304\/374|[from] item: Black Sludge
|turn|19
|leave|LookMomAPoopyHead
|
|move|p2a: Crobat|Defog|p1a: Jirachi
|-unboost|p1a: Jirachi|evasion|1
|-sideend|p2: Dirty Ho-Oh|Spikes|[from] move: Defog|[of] p2a: Crobat
|-sideend|p2: Dirty Ho-Oh|Stealth Rock|[from] move: Defog|[of] p2a: Crobat
|move|p1a: Jirachi|Wish|p1a: Jirachi
|
|-heal|p2a: Crobat|327\/374|[from] item: Black Sludge
|turn|20
|
|move|p2a: Crobat|Brave Bird|p1a: Jirachi
|-resisted|p1a: Jirachi
|-damage|p1a: Jirachi|341\/404
|-damage|p2a: Crobat|306\/374|[from] recoil|[of] p1a: Jirachi
|move|p1a: Jirachi|U-turn|p2a: Crobat
|-resisted|p2a: Crobat
|-damage|p2a: Crobat|290\/374
|
|switch|p1a: Entei|Entei, shiny|165\/371
|-ability|p1a: Entei|Pressure
|
|-heal|p1a: Entei|367\/371|[from] move: Wish|[wisher] Jirachi
|-heal|p2a: Crobat|313\/374|[from] item: Black Sludge
|turn|21
|
|switch|p2a: Alomomola|Alomomola, M|529\/529
|switch|p1a: Jirachi|Jirachi, shiny|341\/404
|
|-heal|p1a: Jirachi|366\/404|[from] item: Leftovers
|turn|22
|
|move|p1a: Jirachi|Stealth Rock|p2a: Alomomola
|-sidestart|p2: Dirty Ho-Oh|move: Stealth Rock
|move|p2a: Alomomola|Knock Off|p1a: Jirachi
|-supereffective|p1a: Jirachi
|-damage|p1a: Jirachi|248\/404
|-enditem|p1a: Jirachi|Leftovers|[from] move: Knock Off|[of] p2a: Alomomola
|
|turn|23
|
|move|p1a: Jirachi|Wish|p1a: Jirachi
|move|p2a: Alomomola|Wish|p2a: Alomomola
|
|turn|24
|
|switch|p2a: Aggron|Aggron-Mega, F|218\/344
|-damage|p2a: Aggron|197\/344|[from] Stealth Rock
|move|p1a: Jirachi|Iron Head|p2a: Aggron
|-resisted|p2a: Aggron
|-damage|p2a: Aggron|177\/344
|
|-heal|p1a: Jirachi|404\/404|[from] move: Wish|[wisher] Jirachi
|-heal|p2a: Aggron|344\/344|[from] move: Wish|[wisher] Alomomola
|turn|25
|
|move|p1a: Jirachi|U-turn|p2a: Aggron
|-resisted|p2a: Aggron
|-damage|p2a: Aggron|333\/344
|
|switch|p1a: Starmie|Starmie, shiny|324\/324
|move|p2a: Aggron|Thunder Wave|p1a: Starmie
|-status|p1a: Starmie|par
|
|turn|26
|
|switch|p2a: Alomomola|Alomomola, M|529\/529
|-damage|p2a: Alomomola|463\/529|[from] Stealth Rock
|cant|p1a: Starmie|par
|
|-heal|p2a: Alomomola|496\/529|[from] item: Leftovers
|turn|27
|
|switch|p1a: Ampharos|Ampharos-Mega, M|371\/371
|-ability|p1a: Ampharos|Mold Breaker
|move|p2a: Alomomola|Wish|p2a: Alomomola
|
|-heal|p2a: Alomomola|529\/529|[from] item: Leftovers
|turn|28
|
|switch|p2a: Cresselia|Cresselia, F|306\/443
|-damage|p2a: Cresselia|251\/443|[from] Stealth Rock
|move|p1a: Ampharos|Dragon Pulse|p2a: Cresselia
|-damage|p2a: Cresselia|101\/443
|
|-heal|p2a: Cresselia|365\/443|[from] move: Wish|[wisher] Alomomola
|-heal|p2a: Cresselia|392\/443|[from] item: Leftovers
|turn|29
|
|move|p2a: Cresselia|Ice Beam|p1a: Ampharos
|-supereffective|p1a: Ampharos
|-damage|p1a: Ampharos|265\/371
|move|p1a: Ampharos|Dragon Pulse|p2a: Cresselia
|-damage|p2a: Cresselia|235\/443
|
|-heal|p2a: Cresselia|262\/443|[from] item: Leftovers
|turn|30
|
|move|p2a: Cresselia|Calm Mind|p2a: Cresselia
|-boost|p2a: Cresselia|spa|1
|-boost|p2a: Cresselia|spd|1
|move|p1a: Ampharos|Volt Switch|p2a: Cresselia
|-damage|p2a: Cresselia|168\/443
|
|switch|p1a: Entei|Entei, shiny|367\/371
|-ability|p1a: Entei|Pressure
|
|-heal|p2a: Cresselia|195\/443|[from] item: Leftovers
|turn|31
|
|switch|p2a: Alomomola|Alomomola, M|529\/529
|-damage|p2a: Alomomola|463\/529|[from] Stealth Rock
|move|p1a: Entei|Flare Blitz|p2a: Alomomola
|-resisted|p2a: Alomomola
|-damage|p2a: Alomomola|339\/529
|-damage|p1a: Entei|326\/371|[from] recoil|[of] p2a: Alomomola
|
|-heal|p2a: Alomomola|372\/529|[from] item: Leftovers
|turn|32
|
|switch|p1a: Ampharos|Ampharos-Mega, M|265\/371
|-ability|p1a: Ampharos|Mold Breaker
|move|p2a: Alomomola|Knock Off|p1a: Ampharos
|-damage|p1a: Ampharos|222\/371
|
|-heal|p2a: Alomomola|405\/529|[from] item: Leftovers
|turn|33
|
|move|p2a: Alomomola|Protect|p2a: Alomomola
|-singleturn|p2a: Alomomola|Protect
|move|p1a: Ampharos|Volt Switch|p2a: Alomomola
|-activate|p2a: Alomomola|Protect
|
|-heal|p2a: Alomomola|438\/529|[from] item: Leftovers
|turn|34
|join|Invok3r
|
|switch|p2a: Blissey|Blissey, F|714\/714
|-damage|p2a: Blissey|625\/714|[from] Stealth Rock
|move|p1a: Ampharos|Volt Switch|p2a: Blissey
|-damage|p2a: Blissey|498\/714
|leave|Invok3r
|
|switch|p1a: Roserade|Roserade, F|323\/323
|
|-heal|p2a: Blissey|542\/714|[from] item: Leftovers
|turn|35
|
|switch|p1a: Ampharos|Ampharos-Mega, M|222\/371
|-ability|p1a: Ampharos|Mold Breaker
|switch|p2a: Aggron|Aggron-Mega, F|333\/344
|-damage|p2a: Aggron|312\/344|[from] Stealth Rock
|
|turn|36
|
|move|p1a: Ampharos|Volt Switch|p2a: Aggron
|-damage|p2a: Aggron|150\/344
|
|switch|p1a: Starmie|Starmie, shiny|324\/324
|move|p2a: Aggron|Stealth Rock|p1a: Starmie
|-sidestart|p1: MoB Barley|move: Stealth Rock
|
|turn|37
|
|switch|p2a: Alomomola|Alomomola, M|529\/529
|-damage|p2a: Alomomola|463\/529|[from] Stealth Rock
|move|p1a: Starmie|Rapid Spin|p2a: Alomomola
|-damage|p2a: Alomomola|453\/529
|-sideend|p1: MoB Barley|Stealth Rock|[from] move: Rapid Spin|[of] p1a: Starmie
|
|-heal|p2a: Alomomola|486\/529|[from] item: Leftovers
|turn|38
|
|move|p1a: Starmie|Scald|p2a: Alomomola
|-resisted|p2a: Alomomola
|-damage|p2a: Alomomola|402\/529
|move|p2a: Alomomola|Wish|p2a: Alomomola
|
|-heal|p2a: Alomomola|435\/529|[from] item: Leftovers
|turn|39
|
|switch|p1a: Ampharos|Ampharos-Mega, M|222\/371
|-ability|p1a: Ampharos|Mold Breaker
|switch|p2a: Quagsire|Quagsire, F|238\/394
|-damage|p2a: Quagsire|214\/394|[from] Stealth Rock
|
|-heal|p2a: Quagsire|394\/394|[from] move: Wish|[wisher] Alomomola
|turn|40
|
|switch|p1a: Roserade|Roserade, F|323\/323
|move|p2a: Quagsire|Earthquake|p1a: Roserade
|-damage|p1a: Roserade|199\/323
|
|-heal|p1a: Roserade|219\/323|[from] item: Black Sludge
|turn|41
|
|switch|p1a: Granbull|Granbull, M|384\/384
|-ability|p1a: Granbull|Intimidate|[of] p2a: Quagsire
|-unboost|p2a: Quagsire|atk|1
|switch|p2a: Crobat|Crobat, M|313\/374
|-damage|p2a: Crobat|220\/374|[from] Stealth Rock
|
|-heal|p2a: Crobat|243\/374|[from] item: Black Sludge
|turn|42
|
|move|p2a: Crobat|Taunt|p1a: Granbull
|-start|p1a: Granbull|move: Taunt
|cant|p1a: Granbull|move: Taunt|Thunder Wave
|
|-heal|p2a: Crobat|266\/374|[from] item: Black Sludge
|turn|43
|
|move|p2a: Crobat|Defog|p1a: Granbull
|-unboost|p1a: Granbull|evasion|1
|-sideend|p2: Dirty Ho-Oh|Stealth Rock|[from] move: Defog|[of] p2a: Crobat
|move|p1a: Granbull|Play Rough|p2a: Crobat|[miss]
|-miss|p1a: Granbull|p2a: Crobat
|
|-heal|p2a: Crobat|289\/374|[from] item: Black Sludge
|turn|44
|
|switch|p2a: Aggron|Aggron-Mega, F|150\/344
|move|p1a: Granbull|Earthquake|p2a: Aggron
|-supereffective|p2a: Aggron
|-damage|p2a: Aggron|69\/344
|
|-end|p1a: Granbull|move: Taunt
|turn|45
|
|switch|p2a: Alomomola|Alomomola, M|529\/529
|move|p1a: Granbull|Earthquake|p2a: Alomomola
|-damage|p2a: Alomomola|429\/529
|
|-heal|p2a: Alomomola|462\/529|[from] item: Leftovers
|turn|46
|leave|RedKingAlmighty
|
|move|p2a: Alomomola|Wish|p2a: Alomomola
|move|p1a: Granbull|Thunder Wave|p2a: Alomomola
|-status|p2a: Alomomola|par
|
|-heal|p2a: Alomomola|495\/529 par|[from] item: Leftovers
|turn|47
|
|switch|p2a: Cresselia|Cresselia, F|195\/443
|move|p1a: Granbull|Thunder Wave|p2a: Cresselia
|-status|p2a: Cresselia|par
|
|-heal|p2a: Cresselia|443\/443 par|[from] move: Wish|[wisher] Alomomola
|turn|48
|
|switch|p1a: Jirachi|Jirachi, shiny|404\/404
|switch|p2a: Crobat|Crobat, M|289\/374
|
|-heal|p2a: Crobat|312\/374|[from] item: Black Sludge
|turn|49
|
|move|p2a: Crobat|Taunt|p1a: Jirachi
|-start|p1a: Jirachi|move: Taunt
|move|p1a: Jirachi|Iron Head|p2a: Crobat
|-damage|p2a: Crobat|194\/374
|
|-heal|p2a: Crobat|217\/374|[from] item: Black Sludge
|turn|50
|
|switch|p2a: Alomomola|Alomomola, M|529\/529 par
|move|p1a: Jirachi|Iron Head|p2a: Alomomola
|-resisted|p2a: Alomomola
|-damage|p2a: Alomomola|493\/529 par
|
|-heal|p2a: Alomomola|526\/529 par|[from] item: Leftovers
|turn|51
|
|move|p1a: Jirachi|Iron Head|p2a: Alomomola
|-resisted|p2a: Alomomola
|-damage|p2a: Alomomola|487\/529 par
|cant|p2a: Alomomola|flinch
|
|-heal|p2a: Alomomola|520\/529 par|[from] item: Leftovers
|-end|p1a: Jirachi|move: Taunt
|turn|52
|
|switch|p2a: Quagsire|Quagsire, F|394\/394
|move|p1a: Jirachi|Stealth Rock|p2a: Quagsire
|-sidestart|p2: Dirty Ho-Oh|move: Stealth Rock
|
|turn|53
|
|move|p1a: Jirachi|U-turn|p2a: Quagsire
|-damage|p2a: Quagsire|352\/394
|
|switch|p1a: Roserade|Roserade, F|219\/323
|move|p2a: Quagsire|Scald|p1a: Roserade
|-resisted|p1a: Roserade
|-damage|p1a: Roserade|195\/323
|
|-heal|p1a: Roserade|215\/323|[from] item: Black Sludge
|-heal|p2a: Quagsire|376\/394|[from] item: Leftovers
|turn|54
|
|switch|p1a: Ampharos|Ampharos-Mega, M|222\/371
|-ability|p1a: Ampharos|Mold Breaker
|switch|p2a: Crobat|Crobat, M|217\/374
|-damage|p2a: Crobat|124\/374|[from] Stealth Rock
|
|-heal|p2a: Crobat|147\/374|[from] item: Black Sludge
|turn|55
|
|move|p2a: Crobat|Roost|p2a: Crobat
|-heal|p2a: Crobat|334\/374
|move|p1a: Ampharos|Dragon Pulse|p2a: Crobat
|-damage|p2a: Crobat|99\/374
|
|-heal|p2a: Crobat|122\/374|[from] item: Black Sludge
|turn|56
|join|snicker testing
|
|switch|p2a: Blissey|Blissey, F|542\/714
|-damage|p2a: Blissey|453\/714|[from] Stealth Rock
|move|p1a: Ampharos|Dragon Pulse|p2a: Blissey
|-damage|p2a: Blissey|291\/714
|
|-heal|p2a: Blissey|335\/714|[from] item: Leftovers
|turn|57
|c|âDirty Ho-Oh|I don't think I can win this haha
|
|move|p2a: Blissey|Soft-Boiled|p2a: Blissey
|-heal|p2a: Blissey|692\/714
|move|p1a: Ampharos|Volt Switch|p2a: Blissey
|-damage|p2a: Blissey|560\/714
|
|switch|p1a: Entei|Entei, shiny|326\/371
|-ability|p1a: Entei|Pressure
|
|-heal|p2a: Blissey|604\/714|[from] item: Leftovers
|turn|58
|
|switch|p1a: Ampharos|Ampharos-Mega, M|222\/371
|-ability|p1a: Ampharos|Mold Breaker
|switch|p2a: Alomomola|Alomomola, M|529\/529 par
|-damage|p2a: Alomomola|463\/529 par|[from] Stealth Rock
|
|-heal|p2a: Alomomola|496\/529 par|[from] item: Leftovers
|turn|59
|c| snicker testing|oml
|c| snicker testing|the plays
|
|switch|p2a: Quagsire|Quagsire, F|376\/394
|-damage|p2a: Quagsire|352\/394|[from] Stealth Rock
|move|p1a: Ampharos|Volt Switch|p2a: Quagsire
|-immune|p2a: Quagsire|[msg]
|
|-heal|p2a: Quagsire|376\/394|[from] item: Leftovers
|turn|60
|
|switch|p1a: Starmie|Starmie, shiny|324\/324
|switch|p2a: Crobat|Crobat, M|122\/374
|-damage|p2a: Crobat|29\/374|[from] Stealth Rock
|
|-heal|p2a: Crobat|52\/374|[from] item: Black Sludge
|turn|61
|
|move|p2a: Crobat|Defog|p1a: Starmie
|-unboost|p1a: Starmie|evasion|1
|-sideend|p2: Dirty Ho-Oh|Stealth Rock|[from] move: Defog|[of] p2a: Crobat
|move|p1a: Starmie|Scald|p2a: Crobat
|-damage|p2a: Crobat|0 fnt
|faint|p2a: Crobat
|
|
|switch|p2a: Alomomola|Alomomola, M|529\/529 par
|turn|62
|
|switch|p1a: Jirachi|Jirachi, shiny|404\/404
|move|p2a: Alomomola|Wish|p2a: Alomomola
|
|turn|63
|
|switch|p2a: Aggron|Aggron-Mega, F|69\/344
|move|p1a: Jirachi|Stealth Rock|p2a: Aggron
|-sidestart|p2: Dirty Ho-Oh|move: Stealth Rock
|
|-heal|p2a: Aggron|333\/344|[from] move: Wish|[wisher] Alomomola
|turn|64
|
|move|p1a: Jirachi|U-turn|p2a: Aggron
|-resisted|p2a: Aggron
|-damage|p2a: Aggron|321\/344
|
|switch|p1a: Granbull|Granbull, M|384\/384
|-ability|p1a: Granbull|Intimidate|[of] p2a: Aggron
|-unboost|p2a: Aggron|atk|1
|move|p2a: Aggron|Roar|p1a: Granbull
|drag|p1a: Entei|Entei, shiny|326\/371
|-ability|p1a: Entei|Pressure
|
|turn|65
|
|switch|p1a: Roserade|Roserade, F|215\/323
|switch|p2a: Alomomola|Alomomola, M|529\/529 par
|-damage|p2a: Alomomola|463\/529 par|[from] Stealth Rock
|
|-heal|p1a: Roserade|235\/323|[from] item: Black Sludge
|-heal|p2a: Alomomola|496\/529 par|[from] item: Leftovers
|turn|66
|
|switch|p2a: Aggron|Aggron-Mega, F|321\/344
|-damage|p2a: Aggron|300\/344|[from] Stealth Rock
|move|p1a: Roserade|Spikes|p2a: Aggron
|-sidestart|p2: Dirty Ho-Oh|Spikes
|
|-heal|p1a: Roserade|255\/323|[from] item: Black Sludge
|turn|67
|
|switch|p1a: Starmie|Starmie, shiny|324\/324
|move|p2a: Aggron|Thunder Wave|p1a: Starmie
|-status|p1a: Starmie|par
|
|turn|68
|
|move|p2a: Aggron|Stealth Rock|p1a: Starmie
|-sidestart|p1: MoB Barley|move: Stealth Rock
|cant|p1a: Starmie|par
|
|turn|69
|join|Demandred
|
|move|p2a: Aggron|Heavy Slam|p1a: Starmie
|-resisted|p1a: Starmie
|-damage|p1a: Starmie|242\/324 par
|move|p1a: Starmie|Rapid Spin|p2a: Aggron
|-crit|p2a: Aggron
|-resisted|p2a: Aggron
|-damage|p2a: Aggron|296\/344
|-sideend|p1: MoB Barley|Stealth Rock|[from] move: Rapid Spin|[of] p1a: Starmie
|
|-heal|p1a: Starmie|262\/324 par|[from] item: Leftovers
|turn|70
|c| snicker testing|damn
|c| snicker testing|1%
|
|move|p2a: Aggron|Stealth Rock|p1a: Starmie
|-sidestart|p1: MoB Barley|move: Stealth Rock
|move|p1a: Starmie|Scald|p2a: Aggron
|-damage|p2a: Aggron|209\/344
|
|-heal|p1a: Starmie|282\/324 par|[from] item: Leftovers
|turn|71
|c|âMoB Barley|ngl no burns
|
|switch|p2a: Cresselia|Cresselia, F|443\/443 par
|-damage|p2a: Cresselia|388\/443 par|[from] Stealth Rock
|move|p1a: Starmie|Rapid Spin|p2a: Cresselia
|-damage|p2a: Cresselia|380\/443 par
|-sideend|p1: MoB Barley|Stealth Rock|[from] move: Rapid Spin|[of] p1a: Starmie
|
|-heal|p1a: Starmie|302\/324 par|[from] item: Leftovers
|-heal|p2a: Cresselia|407\/443 par|[from] item: Leftovers
|turn|72
|c|âMoB Barley|turn 71 -_-
|
|switch|p1a: Entei|Entei, shiny|326\/371
|-ability|p1a: Entei|Pressure
|move|p2a: Cresselia|Calm Mind|p2a: Cresselia
|-boost|p2a: Cresselia|spa|1
|-boost|p2a: Cresselia|spd|1
|
|-heal|p2a: Cresselia|434\/443 par|[from] item: Leftovers
|turn|73
|
|move|p1a: Entei|Sacred Fire|p2a: Cresselia
|-damage|p2a: Cresselia|242\/443 par
|move|p2a: Cresselia|Psyshock|p1a: Entei
|-damage|p1a: Entei|190\/371
|
|-heal|p2a: Cresselia|269\/443 par|[from] item: Leftovers
|turn|74
|
|switch|p2a: Alomomola|Alomomola, M|529\/529 par
|-damage|p2a: Alomomola|463\/529 par|[from] Spikes
|-damage|p2a: Alomomola|397\/529 par|[from] Stealth Rock
|move|p1a: Entei|Sacred Fire|p2a: Alomomola
|-resisted|p2a: Alomomola
|-damage|p2a: Alomomola|287\/529 par
|
|-heal|p2a: Alomomola|320\/529 par|[from] item: Leftovers
|turn|75
|
|switch|p1a: Roserade|Roserade, F|255\/323
|move|p2a: Alomomola|Knock Off|p1a: Roserade
|-damage|p1a: Roserade|189\/323
|-enditem|p1a: Roserade|Black Sludge|[from] move: Knock Off|[of] p2a: Alomomola
|
|-heal|p2a: Alomomola|353\/529 par|[from] item: Leftovers
|turn|76
|
|switch|p2a: Cresselia|Cresselia, F|269\/443 par
|-damage|p2a: Cresselia|214\/443 par|[from] Stealth Rock
|move|p1a: Roserade|Spikes|p2a: Cresselia
|-sidestart|p2: Dirty Ho-Oh|Spikes
|
|-heal|p2a: Cresselia|241\/443 par|[from] item: Leftovers
|turn|77
|join|Rawk Hawk
|
|move|p1a: Roserade|Spikes|p2a: Cresselia
|-sidestart|p2: Dirty Ho-Oh|Spikes
|move|p2a: Cresselia|Psyshock|p1a: Roserade
|-supereffective|p1a: Roserade
|-damage|p1a: Roserade|7\/323
|
|-heal|p2a: Cresselia|268\/443 par|[from] item: Leftovers
|turn|78
|
|move|p1a: Roserade|Synthesis|p1a: Roserade
|-heal|p1a: Roserade|168\/323
|move|p2a: Cresselia|Psyshock|p1a: Roserade
|-supereffective|p1a: Roserade
|-damage|p1a: Roserade|6\/323
|
|-heal|p2a: Cresselia|295\/443 par|[from] item: Leftovers
|turn|79
|
|switch|p1a: Jirachi|Jirachi, shiny|404\/404
|move|p2a: Cresselia|Calm Mind|p2a: Cresselia
|-boost|p2a: Cresselia|spa|1
|-boost|p2a: Cresselia|spd|1
|
|-heal|p2a: Cresselia|322\/443 par|[from] item: Leftovers
|turn|80
|
|move|p1a: Jirachi|Iron Head|p2a: Cresselia
|-damage|p2a: Cresselia|255\/443 par
|cant|p2a: Cresselia|flinch
|
|-heal|p2a: Cresselia|282\/443 par|[from] item: Leftovers
|turn|81
|c|âDirty Ho-Oh|Oh no not this ><
|c| snicker testing|uu the home of stall
|
|switch|p2a: Quagsire|Quagsire, F|376\/394
|-damage|p2a: Quagsire|352\/394|[from] Stealth Rock
|-damage|p2a: Quagsire|254\/394|[from] Spikes
|move|p1a: Jirachi|Iron Head|p2a: Quagsire
|-crit|p2a: Quagsire
|-resisted|p2a: Quagsire
|-damage|p2a: Quagsire|194\/394
|
|-heal|p2a: Quagsire|218\/394|[from] item: Leftovers
|turn|82
|
|switch|p1a: Roserade|Roserade, F|6\/323
|move|p2a: Quagsire|Scald|p1a: Roserade
|-resisted|p1a: Roserade
|-damage|p1a: Roserade|0 fnt
|faint|p1a: Roserade
|
|-heal|p2a: Quagsire|242\/394|[from] item: Leftovers
|c|âDirty Ho-Oh|Yay! It's not going to be 6-0 haha
|
|switch|p1a: Ampharos|Ampharos-Mega, M|222\/371
|-ability|p1a: Ampharos|Mold Breaker
|turn|83
|
|move|p1a: Ampharos|Dragon Pulse|p2a: Quagsire
|-damage|p2a: Quagsire|0 fnt
|faint|p2a: Quagsire
|
|c| snicker testing|starmie is uu?
|c| snicker testing|damn
|c|âDirty Ho-Oh|Damn you Pokemon Calculator... you lied to me
|c|âMoB Barley|im 252+
|c|âDirty Ho-Oh|Oh right... I was looking at normal Ampha... silly me XD
|c| snicker testing|52+ SpA Mold Breaker Mega Ampharos Dragon Pulse vs. 252 HP \/ 4 SpD Quagsire: 258-304 (65.4 - 77.1%) -- guaranteed 2HKO after Leftovers recovery
|
|switch|p2a: Blissey|Blissey, F|604\/714
|-damage|p2a: Blissey|515\/714|[from] Stealth Rock
|-damage|p2a: Blissey|337\/714|[from] Spikes
|turn|84
|
|move|p2a: Blissey|Soft-Boiled|p2a: Blissey
|-heal|p2a: Blissey|694\/714
|move|p1a: Ampharos|Dragon Pulse|p2a: Blissey
|-damage|p2a: Blissey|535\/714
|
|-heal|p2a: Blissey|579\/714|[from] item: Leftovers
|turn|85
|
|move|p2a: Blissey|Toxic|p1a: Ampharos
|-status|p1a: Ampharos|tox
|move|p1a: Ampharos|Rest|p1a: Ampharos
|-status|p1a: Ampharos|slp
|-heal|p1a: Ampharos|371\/371 slp|[silent]
|-status|p1a: Ampharos|slp|[from] move: Rest
|
|-heal|p2a: Blissey|623\/714|[from] item: Leftovers
|turn|86
|
|switch|p1a: Granbull|Granbull, M|384\/384
|-ability|p1a: Granbull|Intimidate|[of] p2a: Blissey
|-unboost|p2a: Blissey|atk|1
|move|p2a: Blissey|Seismic Toss|p1a: Granbull
|-damage|p1a: Granbull|284\/384
|
|-heal|p2a: Blissey|667\/714|[from] item: Leftovers
|-heal|p1a: Granbull|308\/384|[from] item: Leftovers
|turn|87
|
|switch|p2a: Alomomola|Alomomola, M|529\/529 par
|-damage|p2a: Alomomola|463\/529 par|[from] Stealth Rock
|-damage|p2a: Alomomola|331\/529 par|[from] Spikes
|move|p1a: Granbull|Play Rough|p2a: Alomomola
|-damage|p2a: Alomomola|186\/529 par
|
|-heal|p1a: Granbull|332\/384|[from] item: Leftovers
|-heal|p2a: Alomomola|219\/529 par|[from] item: Leftovers
|turn|88
|c| snicker testing|damn
|c| snicker testing|the bulk
|
|move|p1a: Granbull|Play Rough|p2a: Alomomola
|-damage|p2a: Alomomola|72\/529 par
|move|p2a: Alomomola|Wish|p2a: Alomomola
|
|-heal|p1a: Granbull|356\/384|[from] item: Leftovers
|-heal|p2a: Alomomola|105\/529 par|[from] item: Leftovers
|turn|89
|join|Polarance
|
|switch|p2a: Aggron|Aggron-Mega, F|209\/344
|-damage|p2a: Aggron|188\/344|[from] Stealth Rock
|-damage|p2a: Aggron|102\/344|[from] Spikes
|move|p1a: Granbull|Play Rough|p2a: Aggron
|-resisted|p2a: Aggron
|-damage|p2a: Aggron|63\/344
|
|-heal|p2a: Aggron|327\/344|[from] move: Wish|[wisher] Alomomola
|-heal|p1a: Granbull|380\/384|[from] item: Leftovers
|turn|90
|c| snicker testing|damn
|
|switch|p1a: Starmie|Starmie, shiny|302\/324
|move|p2a: Aggron|Stealth Rock|p1a: Starmie
|-sidestart|p1: MoB Barley|move: Stealth Rock
|
|-heal|p1a: Starmie|322\/324|[from] item: Leftovers
|turn|91
|
|move|p1a: Starmie|Rapid Spin|p2a: Aggron
|-crit|p2a: Aggron
|-resisted|p2a: Aggron
|-damage|p2a: Aggron|323\/344
|-sideend|p1: MoB Barley|Stealth Rock|[from] move: Rapid Spin|[of] p1a: Starmie
|move|p2a: Aggron|Thunder Wave|p1a: Starmie
|-status|p1a: Starmie|par
|
|-heal|p1a: Starmie|324\/324 par|[from] item: Leftovers
|turn|92
|
|move|p2a: Aggron|Stealth Rock|p1a: Starmie
|-sidestart|p1: MoB Barley|move: Stealth Rock
|move|p1a: Starmie|Scald|p2a: Aggron
|-damage|p2a: Aggron|229\/344
|
|turn|93
|
|cant|p1a: Starmie|par
|move|p2a: Aggron|Roar|p1a: Starmie
|drag|p1a: Ampharos|Ampharos-Mega, M|371\/371 slp
|-damage|p1a: Ampharos|325\/371 slp|[from] Stealth Rock
|-ability|p1a: Ampharos|Mold Breaker
|
|turn|94
|c| snicker testing|no burns
|c| snicker testing|:(
|
|cant|p1a: Ampharos|slp
|move|p1a: Ampharos|Sleep Talk|p1a: Ampharos
|move|p1a: Ampharos|Volt Switch|p2a: Aggron|[from]Sleep Talk
|-damage|p2a: Aggron|64\/344
|c|âDirty Ho-Oh|Yeah :\/
|c| snicker testing|damn
|
|switch|p1a: Starmie|Starmie, shiny|324\/324
|-damage|p1a: Starmie|284\/324|[from] Stealth Rock
|move|p2a: Aggron|Roar|p1a: Starmie
|drag|p1a: Ampharos|Ampharos-Mega, M|325\/371 slp
|-damage|p1a: Ampharos|279\/371 slp|[from] Stealth Rock
|-ability|p1a: Ampharos|Mold Breaker
|
|turn|95
|
|cant|p1a: Ampharos|slp
|move|p1a: Ampharos|Sleep Talk|p1a: Ampharos
|move|p1a: Ampharos|Rest|p1a: Ampharos|[from]Sleep Talk
|-fail|p1a: Ampharos
|move|p2a: Aggron|Roar|p1a: Ampharos
|drag|p1a: Entei|Entei, shiny|190\/371
|-damage|p1a: Entei|98\/371|[from] Stealth Rock
|-ability|p1a: Entei|Pressure
|
|turn|96
|c|âDirty Ho-Oh|Nothing I can do here
|c| snicker testing|lmao
|c| snicker testing|just be really annoying and keep switching ofc
|
|switch|p2a: Alomomola|Alomomola, M|281\/529 par
|-damage|p2a: Alomomola|149\/529 par|[from] Spikes
|-damage|p2a: Alomomola|83\/529 par|[from] Stealth Rock
|move|p1a: Entei|Sacred Fire|p2a: Alomomola
|-resisted|p2a: Alomomola
|-damage|p2a: Alomomola|0 fnt
|faint|p2a: Alomomola
|
|join|FunkyCrackudoCat
|
|switch|p2a: Cresselia|Cresselia, F|282\/443 par
|-damage|p2a: Cresselia|227\/443 par|[from] Stealth Rock
|turn|97
|c| snicker testing|entei sweep?
|
|move|p1a: Entei|Sacred Fire|p2a: Cresselia|[miss]
|-miss|p1a: Entei|p2a: Cresselia
|move|p2a: Cresselia|Psyshock|p1a: Entei
|-damage|p1a: Entei|10\/371
|
|-heal|p2a: Cresselia|254\/443 par|[from] item: Leftovers
|turn|98
|c| snicker testing|entei u peice of trash
|c|âDirty Ho-Oh|XD
|
|switch|p1a: Jirachi|Jirachi, shiny|404\/404
|-damage|p1a: Jirachi|379\/404|[from] Stealth Rock
|move|p2a: Cresselia|Ice Beam|p1a: Jirachi
|-resisted|p1a: Jirachi
|-damage|p1a: Jirachi|359\/404
|
|-heal|p2a: Cresselia|281\/443 par|[from] item: Leftovers
|turn|99
|c|âDirty Ho-Oh|not if para kicks in
|c|âDirty Ho-Oh|Iron head will kill me
|
|move|p1a: Jirachi|Iron Head|p2a: Cresselia
|-damage|p2a: Cresselia|209\/443 par
|cant|p2a: Cresselia|flinch
|
|-heal|p2a: Cresselia|236\/443 par|[from] item: Leftovers
|turn|100
|
|switch|p2a: Aggron|Aggron-Mega, F|64\/344
|-damage|p2a: Aggron|0 fnt|[from] Spikes
|faint|p2a: Aggron
|move|p1a: Jirachi|Iron Head|p2: Aggron|[notarget]
|-notarget
|
|c| snicker testing|lmao
|c| snicker testing|aggron just gave up on life
|
|switch|p2a: Blissey|Blissey, F|667\/714
|-damage|p2a: Blissey|489\/714|[from] Spikes
|-damage|p2a: Blissey|400\/714|[from] Stealth Rock
|turn|101
|c|âDirty Ho-Oh|Yeah XD
|
|move|p1a: Jirachi|Iron Head|p2a: Blissey
|-damage|p2a: Blissey|234\/714
|move|p2a: Blissey|Soft-Boiled|p2a: Blissey
|-heal|p2a: Blissey|591\/714
|
|-heal|p2a: Blissey|635\/714|[from] item: Leftovers
|turn|102
|c|âDirty Ho-Oh|Okay now I officially can't win from here
|c|âMoB Barley|gg
|c|âDirty Ho-Oh|gg
|-message|Dirty Ho-Oh forfeited.
|
|win|MoB Barley
|raw|Ladder updating...
|raw|MoB Barley's rating: 1584 &rarr; <strong>1591<\/strong><br \/>(+7 for winning)
|raw|Dirty Ho-Oh's rating: 1316 &rarr; <strong>1309<\/strong><br \/>(-7 for losing)
|leave|MoB Barley
|player|p1
|leave|bloons4dayz
|leave|Dirty Ho-Oh
|leave|FunkyCrackudoCat
|player|p2
|leave|snicker testing
|leave|Polarance
|leave|Doc Sportello