|join|Dirty Ho-Oh
|join|gomer2550
|player|p1|Dirty Ho-Oh|115
|player|p2|gomer2550|163
|gametype|singles
|gen|6
|tier|UU
|rated
|rule|Sleep Clause Mod: Limit one foe put to sleep
|rule|Species Clause: Limit one of each PokÃ©mon
|rule|OHKO Clause: OHKO moves are banned
|rule|Moody Clause: Moody is banned
|rule|Evasion Moves Clause: Evasion moves are banned
|rule|Endless Battle Clause: Forcing endless battles is banned
|rule|HP Percentage Mod: HP is shown in percentages
|clearpoke
|poke|p1|Alomomola, M
|poke|p1|Blissey, F
|poke|p1|Aggron, F
|poke|p1|Cresselia, F
|poke|p1|Crobat, F
|poke|p1|Roserade, F
|poke|p2|Florges, F
|poke|p2|Suicune
|poke|p2|Infernape, M
|poke|p2|Shaymin
|poke|p2|Darmanitan, M
|poke|p2|Blastoise, F
|rule|Swagger Clause: Swagger is banned
|rule|Baton Pass Clause: Limit one PokÃ©mon knowing Baton Pass
|teampreview
|c|âDirty Ho-Oh|glhf
|
|start
|switch|p1a: Crobat|Crobat, F|374\/374
|switch|p2a: Infernape|Infernape, M|293\/293
|turn|1
|c|âgomer2550|u 2
|
|move|p1a: Crobat|Taunt|p2a: Infernape
|-start|p2a: Infernape|move: Taunt
|move|p2a: Infernape|Fire Blast|p1a: Crobat
|-damage|p1a: Crobat|169\/374
|-status|p1a: Crobat|brn
|
|-heal|p1a: Crobat|192\/374 brn|[from] item: Black Sludge
|-damage|p1a: Crobat|146\/374 brn|[from] brn
|turn|2
|
|move|p1a: Crobat|Roost|p1a: Crobat
|-heal|p1a: Crobat|333\/374 brn
|move|p2a: Infernape|Fire Blast|p1a: Crobat
|-damage|p1a: Crobat|123\/374 brn
|
|-heal|p1a: Crobat|146\/374 brn|[from] item: Black Sludge
|-damage|p1a: Crobat|100\/374 brn|[from] brn
|turn|3
|
|move|p1a: Crobat|Roost|p1a: Crobat
|-heal|p1a: Crobat|287\/374 brn
|move|p2a: Infernape|Fire Blast|p1a: Crobat
|-damage|p1a: Crobat|76\/374 brn
|
|-heal|p1a: Crobat|99\/374 brn|[from] item: Black Sludge
|-damage|p1a: Crobat|53\/374 brn|[from] brn
|-end|p2a: Infernape|move: Taunt
|turn|4
|
|move|p1a: Crobat|Roost|p1a: Crobat
|-heal|p1a: Crobat|240\/374 brn
|move|p2a: Infernape|Fire Blast|p1a: Crobat
|-damage|p1a: Crobat|54\/374 brn
|
|-heal|p1a: Crobat|77\/374 brn|[from] item: Black Sludge
|-damage|p1a: Crobat|31\/374 brn|[from] brn
|turn|5
|
|move|p1a: Crobat|Brave Bird|p2a: Infernape
|-supereffective|p2a: Infernape
|-damage|p2a: Infernape|93\/293
|-damage|p1a: Crobat|0 fnt|[from] recoil|[of] p2a: Infernape
|faint|p1a: Crobat
|move|p2a: Infernape|Fire Blast|p1: Crobat|[notarget]
|-notarget
|
|
|switch|p1a: Cresselia|Cresselia, F|443\/443
|turn|6
|
|move|p2a: Infernape|Fire Blast|p1a: Cresselia|[miss]
|-miss|p2a: Infernape|p1a: Cresselia
|move|p1a: Cresselia|Psyshock|p2a: Infernape
|-supereffective|p2a: Infernape
|-damage|p2a: Infernape|0 fnt
|faint|p2a: Infernape
|
|
|switch|p2a: Darmanitan|Darmanitan, M|351\/351
|turn|7
|
|switch|p1a: Alomomola|Alomomola, M|529\/529
|move|p2a: Darmanitan|U-turn|p1a: Alomomola
|-damage|p1a: Alomomola|458\/529
|
|switch|p2a: Shaymin|Shaymin|341\/341
|
|-heal|p1a: Alomomola|491\/529|[from] item: Leftovers
|turn|8
|
|switch|p1a: Aggron|Aggron, F|344\/344
|move|p2a: Shaymin|Seed Flare|p1a: Aggron
|-crit|p1a: Aggron
|-activate|p1a: Aggron|Sturdy
|-damage|p1a: Aggron|1\/344
|-damage|p2a: Shaymin|307\/341|[from] item: Life Orb
|
|turn|9
|
|switch|p1a: Cresselia|Cresselia, F|443\/443
|move|p2a: Shaymin|Earth Power|p1a: Cresselia
|-immune|p1a: Cresselia|[msg]
|
|turn|10
|
|move|p2a: Shaymin|Seed Flare|p1a: Cresselia
|-crit|p1a: Cresselia
|-damage|p1a: Cresselia|190\/443
|-damage|p2a: Shaymin|273\/341|[from] item: Life Orb
|move|p1a: Cresselia|Calm Mind|p1a: Cresselia
|-boost|p1a: Cresselia|spa|1
|-boost|p1a: Cresselia|spd|1
|
|-heal|p1a: Cresselia|217\/443|[from] item: Leftovers
|turn|11
|
|switch|p2a: Blastoise|Blastoise, F|361\/361
|move|p1a: Cresselia|Ice Beam|p2a: Blastoise
|-resisted|p2a: Blastoise
|-damage|p2a: Blastoise|319\/361
|
|-heal|p1a: Cresselia|244\/443|[from] item: Leftovers
|turn|12
|
|detailschange|p2a: Blastoise|Blastoise-Mega, F
|-mega|p2a: Blastoise|Blastoise|Blastoisinite
|move|p1a: Cresselia|Calm Mind|p1a: Cresselia
|-boost|p1a: Cresselia|spa|1
|-boost|p1a: Cresselia|spd|1
|move|p2a: Blastoise|Dark Pulse|p1a: Cresselia
|-supereffective|p1a: Cresselia
|-damage|p1a: Cresselia|124\/443
|
|-heal|p1a: Cresselia|151\/443|[from] item: Leftovers
|turn|13
|
|move|p1a: Cresselia|Psyshock|p2a: Blastoise
|-crit|p2a: Blastoise
|-damage|p2a: Blastoise|144\/361
|move|p2a: Blastoise|Dark Pulse|p1a: Cresselia
|-supereffective|p1a: Cresselia
|-damage|p1a: Cresselia|29\/443
|
|-heal|p1a: Cresselia|56\/443|[from] item: Leftovers
|turn|14
|
|switch|p1a: Alomomola|Alomomola, M|529\/529
|move|p2a: Blastoise|Dark Pulse|p1a: Alomomola
|-damage|p1a: Alomomola|262\/529
|
|-heal|p1a: Alomomola|295\/529|[from] item: Leftovers
|turn|15
|
|move|p2a: Blastoise|Dark Pulse|p1a: Alomomola
|-crit|p1a: Alomomola
|-damage|p1a: Alomomola|0 fnt
|faint|p1a: Alomomola
|
|
|switch|p1a: Roserade|Roserade, F|261\/261
|turn|16
|
|move|p1a: Roserade|Sludge Bomb|p2a: Blastoise
|-damage|p2a: Blastoise|5\/361
|-status|p2a: Blastoise|psn
|move|p2a: Blastoise|Aura Sphere|p1a: Roserade
|-crit|p1a: Roserade
|-resisted|p1a: Roserade
|-damage|p1a: Roserade|151\/261
|
|-heal|p1a: Roserade|167\/261|[from] item: Black Sludge
|-damage|p2a: Blastoise|0 fnt|[from] psn
|faint|p2a: Blastoise
|
|switch|p2a: Shaymin|Shaymin|273\/341
|turn|17
|
|switch|p1a: Blissey|Blissey, F|714\/714
|move|p2a: Shaymin|Earth Power|p1a: Blissey
|-damage|p1a: Blissey|624\/714
|-damage|p2a: Shaymin|239\/341|[from] item: Life Orb
|
|-heal|p1a: Blissey|668\/714|[from] item: Leftovers
|turn|18
|
|switch|p2a: Darmanitan|Darmanitan, M|351\/351
|move|p1a: Blissey|Seismic Toss|p2a: Darmanitan
|-damage|p2a: Darmanitan|251\/351
|
|-heal|p1a: Blissey|712\/714|[from] item: Leftovers
|turn|19
|
|move|p2a: Darmanitan|Flare Blitz|p1a: Blissey
|-damage|p1a: Blissey|195\/714
|-damage|p2a: Darmanitan|80\/351|[from] recoil|[of] p1a: Blissey
|move|p1a: Blissey|Soft-Boiled|p1a: Blissey
|-heal|p1a: Blissey|552\/714
|
|-heal|p1a: Blissey|596\/714|[from] item: Leftovers
|turn|20
|
|move|p2a: Darmanitan|Flare Blitz|p1a: Blissey
|-damage|p1a: Blissey|67\/714
|-damage|p2a: Darmanitan|0 fnt|[from] recoil|[of] p1a: Blissey
|faint|p2a: Darmanitan
|move|p1a: Blissey|Soft-Boiled|p1a: Blissey
|-heal|p1a: Blissey|424\/714
|
|-heal|p1a: Blissey|468\/714|[from] item: Leftovers
|
|switch|p2a: Florges|Florges, F|360\/360
|turn|21
|
|move|p2a: Florges|Toxic|p1a: Blissey
|-status|p1a: Blissey|tox
|move|p1a: Blissey|Toxic|p2a: Florges
|-status|p2a: Florges|tox
|
|-heal|p1a: Blissey|512\/714 tox|[from] item: Leftovers
|-damage|p2a: Florges|338\/360 tox|[from] psn
|-damage|p1a: Blissey|468\/714 tox|[from] psn
|turn|22
|
|switch|p1a: Roserade|Roserade, F|167\/261
|move|p2a: Florges|Aromatherapy|p2a: Florges
|-cureteam|p2a: Florges|[from] move: Aromatherapy
|
|-heal|p1a: Roserade|183\/261|[from] item: Black Sludge
|-heal|p2a: Florges|360\/360|[from] item: Leftovers
|turn|23
|-message|gomer2550 lost due to inactivity.
|
|win|Dirty Ho-Oh
|raw|Ladder updating...
|raw|Dirty Ho-Oh's rating: 1309 &rarr; <strong>1329<\/strong><br \/>(+20 for winning)
|raw|gomer2550's rating: 1304 &rarr; <strong>1284<\/strong><br \/>(-20 for losing)