|join|Firewolf086
|join|Dirty Ho-Oh
|player|p1|Firewolf086|156
|player|p2|Dirty Ho-Oh|115
|gametype|singles
|gen|6
|tier|UU
|rated
|rule|Sleep Clause Mod: Limit one foe put to sleep
|rule|Species Clause: Limit one of each PokÃ©mon
|rule|OHKO Clause: OHKO moves are banned
|rule|Moody Clause: Moody is banned
|rule|Evasion Moves Clause: Evasion moves are banned
|rule|Endless Battle Clause: Forcing endless battles is banned
|rule|HP Percentage Mod: HP is shown in percentages
|clearpoke
|poke|p1|Shedinja
|poke|p1|Aerodactyl, M
|poke|p1|Donphan, F
|poke|p1|Honchkrow, F
|poke|p1|Cobalion
|poke|p1|Chandelure, F
|poke|p2|Alomomola, F
|poke|p2|Blissey, F
|poke|p2|Aggron, F
|poke|p2|Cresselia, F
|poke|p2|Crobat, F
|poke|p2|Roserade, M
|rule|Swagger Clause: Swagger is banned
|rule|Baton Pass Clause: Limit one PokÃ©mon knowing Baton Pass
|teampreview
|c|âFirewolf086|glhf
|c|âFirewolf086|m8 r u good?
|c|âDirty Ho-Oh|glhf :D
|c|âFirewolf086|imonly verse mlg pro
|
|start
|switch|p1a: Aerodactyl|Aerodactyl, M|302\/302
|switch|p2a: Aggron|Aggron, F|344\/344
|turn|1
|
|detailschange|p1a: Aerodactyl|Aerodactyl-Mega, M
|-mega|p1a: Aerodactyl|Aerodactyl|Aerodactylite
|detailschange|p2a: Aggron|Aggron-Mega, F
|-mega|p2a: Aggron|Aggron|Aggronite
|move|p1a: Aerodactyl|Earthquake|p2a: Aggron
|-supereffective|p2a: Aggron
|-damage|p2a: Aggron|259\/344
|move|p2a: Aggron|Heavy Slam|p1a: Aerodactyl
|-supereffective|p1a: Aerodactyl
|-damage|p1a: Aerodactyl|0 fnt
|faint|p1a: Aerodactyl
|
|join|COoolguy5
|c|âDirty Ho-Oh|No I'm fairly new to UU... made this team a few days ago
|c|âFirewolf086|I hope u r mlg
|c|âDirty Ho-Oh|WHat is mlg?
|
|switch|p1a: Chandelure|Chandelure, F|262\/262
|turn|2
|c|âFirewolf086|major league gaming
|
|switch|p2a: Blissey|Blissey, F|714\/714
|move|p1a: Chandelure|Flamethrower|p2a: Blissey
|-crit|p2a: Blissey
|-damage|p2a: Blissey|513\/714
|
|-heal|p2a: Blissey|557\/714|[from] item: Leftovers
|turn|3
|c|âDirty Ho-Oh|Oh god no... haha
|
|switch|p1a: Cobalion|Cobalion|324\/324
|move|p2a: Blissey|Toxic|p1a: Cobalion
|-fail|p1a: Cobalion
|
|-heal|p2a: Blissey|601\/714|[from] item: Leftovers
|turn|4
|c|âFirewolf086|do u screw chicks up the butthole?
|
|switch|p2a: Alomomola|Alomomola, F|529\/529
|move|p1a: Cobalion|Swords Dance|p1a: Cobalion
|-boost|p1a: Cobalion|atk|2
|
|turn|5
|c|âFirewolf086|right in the bum?
|leave|COoolguy5
|
|move|p1a: Cobalion|Close Combat|p2a: Alomomola
|-crit|p2a: Alomomola
|-damage|p2a: Alomomola|93\/529
|-unboost|p1a: Cobalion|def|1
|-unboost|p1a: Cobalion|spd|1
|move|p2a: Alomomola|Wish|p2a: Alomomola
|
|-heal|p2a: Alomomola|126\/529|[from] item: Leftovers
|turn|6
|
|switch|p2a: Cresselia|Cresselia, F|443\/443
|move|p1a: Cobalion|Swords Dance|p1a: Cobalion
|-boost|p1a: Cobalion|atk|2
|
|turn|7
|c|âDirty Ho-Oh|Possibly... why not tell me your experiences?
|
|move|p1a: Cobalion|Iron Head|p2a: Cresselia
|-crit|p2a: Cresselia
|-damage|p2a: Cresselia|68\/443
|cant|p2a: Cresselia|flinch
|
|-heal|p2a: Cresselia|95\/443|[from] item: Leftovers
|turn|8
|c|âFirewolf086|ok
|c|âFirewolf086|so I was getting a bj rite?
|
|switch|p2a: Alomomola|Alomomola, F|302\/529
|move|p1a: Cobalion|Iron Head|p2a: Alomomola
|-resisted|p2a: Alomomola
|-damage|p2a: Alomomola|157\/529
|
|-heal|p2a: Alomomola|190\/529|[from] item: Leftovers
|turn|9
|c|âFirewolf086|little bit too much teeth but I guess it was ok
|
|move|p2a: Alomomola|Protect|p2a: Alomomola
|-singleturn|p2a: Alomomola|Protect
|move|p1a: Cobalion|Close Combat|p2a: Alomomola
|-activate|p2a: Alomomola|Protect
|
|-heal|p2a: Alomomola|223\/529|[from] item: Leftovers
|turn|10
|c|âFirewolf086|then she licked my butthole
|c|âFirewolf086|and it gets really erotic so ill stop there
|c|âDirty Ho-Oh|You're not answering my question
|
|switch|p2a: Cresselia|Cresselia, F|95\/443
|move|p1a: Cobalion|Close Combat|p2a: Cresselia
|-resisted|p2a: Cresselia
|-damage|p2a: Cresselia|0 fnt
|-unboost|p1a: Cobalion|def|1
|-unboost|p1a: Cobalion|spd|1
|faint|p2a: Cresselia
|
|c|âFirewolf086|oh srry wat was ur question?
|c|âFirewolf086|I told u 1 experience
|
|switch|p2a: Alomomola|Alomomola, F|399\/529
|turn|11
|c|âFirewolf086|was there a question?
|c|âDirty Ho-Oh|Do YOU screw chicks up the butthole
|
|move|p2a: Alomomola|Protect|p2a: Alomomola
|-singleturn|p2a: Alomomola|Protect
|move|p1a: Cobalion|Swords Dance|p1a: Cobalion
|-boost|p1a: Cobalion|atk|2
|
|-heal|p2a: Alomomola|432\/529|[from] item: Leftovers
|turn|12
|c|âFirewolf086|oh me
|c|âFirewolf086|yeh I screw all of them up the butthole
|c|âFirewolf086|and u?
|
|move|p1a: Cobalion|Close Combat|p2a: Alomomola
|-damage|p2a: Alomomola|0 fnt
|-unboost|p1a: Cobalion|def|1
|-unboost|p1a: Cobalion|spd|1
|faint|p2a: Alomomola
|
|c|âDirty Ho-Oh|Nope
|c|âFirewolf086|I prefer vags but u know
|
|switch|p2a: Crobat|Crobat, F|374\/374
|turn|13
|c|âDirty Ho-Oh|Yeah that too
|c|âFirewolf086|2 in the pink 1 in the stink rite?
|
|move|p2a: Crobat|Brave Bird|p1a: Cobalion
|-crit|p1a: Cobalion
|-damage|p1a: Cobalion|0 fnt
|-damage|p2a: Crobat|267\/374|[from] recoil|[of] p1a: Cobalion
|faint|p1a: Cobalion
|
|-heal|p2a: Crobat|290\/374|[from] item: Black Sludge
|
|switch|p1a: Honchkrow|Honchkrow, F|341\/341
|turn|14
|c|âFirewolf086|how old r u lol
|
|move|p1a: Honchkrow|Sucker Punch|p2a: Crobat
|-damage|p2a: Crobat|60\/374
|-damage|p1a: Honchkrow|307\/341|[from] item: Life Orb
|move|p2a: Crobat|Brave Bird|p1a: Honchkrow
|-damage|p1a: Honchkrow|97\/341
|-damage|p2a: Crobat|0 fnt|[from] recoil|[of] p1a: Honchkrow
|faint|p2a: Crobat
|
|c|âFirewolf086|I feel like ur a 13 yyear old guy lol
|
|switch|p2a: Aggron|Aggron-Mega, F|259\/344
|turn|15
|c|âDirty Ho-Oh|Maybe I am
|c|âDirty Ho-Oh|Who knows?
|
|move|p1a: Honchkrow|Superpower|p2a: Aggron
|-supereffective|p2a: Aggron
|-damage|p2a: Aggron|138\/344
|-unboost|p1a: Honchkrow|atk|1
|-unboost|p1a: Honchkrow|def|1
|-damage|p1a: Honchkrow|63\/341|[from] item: Life Orb
|move|p2a: Aggron|Thunder Wave|p1a: Honchkrow
|-status|p1a: Honchkrow|par
|
|turn|16
|c|âFirewolf086|cant say?
|c|âFirewolf086|lol
|
|switch|p1a: Shedinja|Shedinja|1\/1
|move|p2a: Aggron|Stealth Rock|p1a: Shedinja
|-sidestart|p1: Firewolf086|move: Stealth Rock
|
|turn|17
|
|switch|p2a: Blissey|Blissey, F|601\/714
|move|p1a: Shedinja|X-Scissor|p2a: Blissey
|-damage|p2a: Blissey|372\/714
|
|-heal|p2a: Blissey|416\/714|[from] item: Leftovers
|turn|18
|c|âFirewolf086|can we be home slices?
|
|switch|p1a: Donphan|Donphan, F|322\/322
|-damage|p1a: Donphan|302\/322|[from] Stealth Rock
|move|p2a: Blissey|Soft-Boiled|p2a: Blissey
|-heal|p2a: Blissey|714\/714
|
|-heal|p1a: Donphan|322\/322|[from] item: Leftovers
|turn|19
|c|âDirty Ho-Oh|What's that?
|
|switch|p2a: Roserade|Roserade, M|261\/261
|move|p1a: Donphan|Rapid Spin|p2a: Roserade
|-damage|p2a: Roserade|223\/261
|-sideend|p1: Firewolf086|Stealth Rock|[from] move: Rapid Spin|[of] p1a: Donphan
|
|-heal|p2a: Roserade|239\/261|[from] item: Black Sludge
|turn|20
|c|âFirewolf086|u know slices at home rite?
|
|move|p2a: Roserade|Spikes|p1a: Donphan
|-sidestart|p1: Firewolf086|Spikes
|move|p1a: Donphan|Earthquake|p2a: Roserade
|-crit|p2a: Roserade
|-damage|p2a: Roserade|0 fnt
|faint|p2a: Roserade
|
|
|switch|p2a: Blissey|Blissey, F|714\/714
|turn|21
|c|âDirty Ho-Oh|C'mon go
|
|move|p1a: Donphan|Rapid Spin|p2a: Blissey
|-damage|p2a: Blissey|669\/714
|-sideend|p1: Firewolf086|Spikes|[from] move: Rapid Spin|[of] p1a: Donphan
|move|p2a: Blissey|Toxic|p1a: Donphan
|-status|p1a: Donphan|tox
|
|-heal|p2a: Blissey|713\/714|[from] item: Leftovers
|-damage|p1a: Donphan|302\/322 tox|[from] psn
|turn|22
|c|âFirewolf086|u don't wanna be my home slice?
|
|move|p1a: Donphan|Stealth Rock|p2a: Blissey
|-sidestart|p2: Dirty Ho-Oh|move: Stealth Rock
|move|p2a: Blissey|Soft-Boiled|p2a: Blissey
|-heal|p2a: Blissey|714\/714
|
|-heal|p1a: Donphan|322\/322 tox|[from] item: Leftovers
|-damage|p1a: Donphan|282\/322 tox|[from] psn
|turn|23
|c|âFirewolf086|ynot?
|
|move|p1a: Donphan|Earthquake|p2a: Blissey
|-damage|p2a: Blissey|381\/714
|move|p2a: Blissey|Seismic Toss|p1a: Donphan
|-damage|p1a: Donphan|182\/322 tox
|
|-heal|p1a: Donphan|202\/322 tox|[from] item: Leftovers
|-heal|p2a: Blissey|425\/714|[from] item: Leftovers
|-damage|p1a: Donphan|142\/322 tox|[from] psn
|turn|24
|c|âFirewolf086|thought we   were bffs
|c|âDirty Ho-Oh|Sure, keep thinking that way
|c|âFirewolf086|ok
|
|switch|p1a: Honchkrow|Honchkrow, F|63\/341 par
|move|p2a: Blissey|Soft-Boiled|p2a: Blissey
|-heal|p2a: Blissey|714\/714
|
|turn|25
|
|move|p1a: Honchkrow|Sucker Punch|p2a: Blissey
|-damage|p2a: Blissey|346\/714
|-damage|p1a: Honchkrow|29\/341 par|[from] item: Life Orb
|move|p2a: Blissey|Seismic Toss|p1a: Honchkrow
|-damage|p1a: Honchkrow|0 fnt
|faint|p1a: Honchkrow
|
|-heal|p2a: Blissey|390\/714|[from] item: Leftovers
|c|âFirewolf086|y cant we be friends?
|
|switch|p1a: Donphan|Donphan, F|142\/322 tox
|turn|26
|
|move|p1a: Donphan|Earthquake|p2a: Blissey
|-damage|p2a: Blissey|42\/714
|move|p2a: Blissey|Soft-Boiled|p2a: Blissey
|-heal|p2a: Blissey|399\/714
|
|-heal|p1a: Donphan|162\/322 tox|[from] item: Leftovers
|-heal|p2a: Blissey|443\/714|[from] item: Leftovers
|-damage|p1a: Donphan|142\/322 tox|[from] psn
|turn|27
|
|move|p1a: Donphan|Earthquake|p2a: Blissey
|-damage|p2a: Blissey|103\/714
|move|p2a: Blissey|Soft-Boiled|p2a: Blissey
|-heal|p2a: Blissey|460\/714
|
|-heal|p1a: Donphan|162\/322 tox|[from] item: Leftovers
|-heal|p2a: Blissey|504\/714|[from] item: Leftovers
|-damage|p1a: Donphan|122\/322 tox|[from] psn
|turn|28
|
|move|p1a: Donphan|Earthquake|p2a: Blissey
|-damage|p2a: Blissey|182\/714
|move|p2a: Blissey|Soft-Boiled|p2a: Blissey
|-heal|p2a: Blissey|539\/714
|
|-heal|p1a: Donphan|142\/322 tox|[from] item: Leftovers
|-heal|p2a: Blissey|583\/714|[from] item: Leftovers
|-damage|p1a: Donphan|82\/322 tox|[from] psn
|turn|29
|
|move|p1a: Donphan|Earthquake|p2a: Blissey
|-damage|p2a: Blissey|268\/714
|move|p2a: Blissey|Soft-Boiled|p2a: Blissey
|-heal|p2a: Blissey|625\/714
|
|-heal|p1a: Donphan|102\/322 tox|[from] item: Leftovers
|-heal|p2a: Blissey|669\/714|[from] item: Leftovers
|-damage|p1a: Donphan|22\/322 tox|[from] psn
|turn|30
|
|move|p1a: Donphan|Earthquake|p2a: Blissey
|-damage|p2a: Blissey|318\/714
|move|p2a: Blissey|Soft-Boiled|p2a: Blissey
|-heal|p2a: Blissey|675\/714
|
|-heal|p1a: Donphan|42\/322 tox|[from] item: Leftovers
|-heal|p2a: Blissey|714\/714|[from] item: Leftovers
|-damage|p1a: Donphan|0 fnt|[from] psn
|faint|p1a: Donphan
|
|switch|p1a: Shedinja|Shedinja|1\/1
|turn|31
|
|move|p1a: Shedinja|X-Scissor|p2a: Blissey
|-damage|p2a: Blissey|501\/714
|move|p2a: Blissey|Toxic|p1a: Shedinja
|-status|p1a: Shedinja|tox
|
|-heal|p2a: Blissey|545\/714|[from] item: Leftovers
|-damage|p1a: Shedinja|0 fnt|[from] psn
|faint|p1a: Shedinja
|-message|Firewolf086 forfeited.
|leave|Firewolf086
|
|win|Dirty Ho-Oh
|raw|Ladder updating...
|player|p1
|c|âDirty Ho-Oh|You into fat girls? Cos Blissey is fucking you right now
|raw|Firewolf086's rating: 1329 &rarr; <strong>1309<\/strong><br \/>(-20 for losing)
|raw|Dirty Ho-Oh's rating: 1329 &rarr; <strong>1349<\/strong><br \/>(+20 for winning)