|join|Another gg easy
|join|Dirty Ho-Oh
|player|p1|Another gg easy|72
|player|p2|Dirty Ho-Oh|115
|gametype|singles
|gen|6
|tier|UU
|rated
|rule|Sleep Clause Mod: Limit one foe put to sleep
|rule|Species Clause: Limit one of each PokÃ©mon
|rule|OHKO Clause: OHKO moves are banned
|rule|Moody Clause: Moody is banned
|rule|Evasion Moves Clause: Evasion moves are banned
|rule|Endless Battle Clause: Forcing endless battles is banned
|rule|HP Percentage Mod: HP is shown in percentages
|clearpoke
|poke|p1|Dugtrio, F
|poke|p1|Virizion
|poke|p1|Pangoro, M
|poke|p1|Blissey, F
|poke|p1|Beedrill, F
|poke|p1|Suicune
|poke|p2|Alomomola, F
|poke|p2|Blissey, F
|poke|p2|Aggron, M
|poke|p2|Cresselia, F
|poke|p2|Crobat, M
|poke|p2|Roserade, M
|rule|Swagger Clause: Swagger is banned
|rule|Baton Pass Clause: Limit one PokÃ©mon knowing Baton Pass
|teampreview
|c|âDirty Ho-Oh|glhf
|
|start
|switch|p1a: Dugtrio|Dugtrio, F|211\/211
|switch|p2a: Crobat|Crobat, M|374\/374
|turn|1
|
|switch|p1a: Suicune|Suicune|404\/404
|-ability|p1a: Suicune|Pressure
|move|p2a: Crobat|Taunt|p1a: Suicune
|-start|p1a: Suicune|move: Taunt
|
|turn|2
|
|switch|p2a: Roserade|Roserade, M|261\/261
|move|p1a: Suicune|Scald|p2a: Roserade
|-crit|p2a: Roserade
|-resisted|p2a: Roserade
|-damage|p2a: Roserade|195\/261
|-status|p2a: Roserade|brn
|
|-heal|p2a: Roserade|211\/261 brn|[from] item: Black Sludge
|-damage|p2a: Roserade|179\/261 brn|[from] brn
|turn|3
|c|âAnother gg easy|u 2
|
|switch|p1a: Blissey|Blissey, F|714\/714
|move|p2a: Roserade|Spikes|p1a: Blissey
|-sidestart|p1: Another gg easy|Spikes
|
|-heal|p2a: Roserade|195\/261 brn|[from] item: Black Sludge
|-damage|p2a: Roserade|163\/261 brn|[from] brn
|turn|4
|
|move|p2a: Roserade|Spikes|p1a: Blissey
|-sidestart|p1: Another gg easy|Spikes
|move|p1a: Blissey|Stealth Rock|p2a: Roserade
|-sidestart|p2: Dirty Ho-Oh|move: Stealth Rock
|
|-heal|p2a: Roserade|179\/261 brn|[from] item: Black Sludge
|-damage|p2a: Roserade|147\/261 brn|[from] brn
|turn|5
|
|switch|p1a: Virizion|Virizion|385\/385
|-damage|p1a: Virizion|321\/385|[from] Spikes
|move|p2a: Roserade|Rest|p2a: Roserade
|-status|p2a: Roserade|slp
|-heal|p2a: Roserade|261\/261 slp|[silent]
|-status|p2a: Roserade|slp|[from] move: Rest
|
|turn|6
|
|switch|p2a: Cresselia|Cresselia, F|443\/443
|-damage|p2a: Cresselia|388\/443|[from] Stealth Rock
|move|p1a: Virizion|Close Combat|p2a: Cresselia
|-resisted|p2a: Cresselia
|-damage|p2a: Cresselia|318\/443
|-unboost|p1a: Virizion|def|1
|-unboost|p1a: Virizion|spd|1
|
|-heal|p2a: Cresselia|345\/443|[from] item: Leftovers
|turn|7
|
|move|p1a: Virizion|X-Scissor|p2a: Cresselia
|-supereffective|p2a: Cresselia
|-damage|p2a: Cresselia|237\/443
|move|p2a: Cresselia|Ice Beam|p1a: Virizion
|-supereffective|p1a: Virizion
|-damage|p1a: Virizion|233\/385
|
|-heal|p2a: Cresselia|264\/443|[from] item: Leftovers
|turn|8
|
|switch|p1a: Beedrill|Beedrill, F|271\/271
|-damage|p1a: Beedrill|226\/271|[from] Spikes
|move|p2a: Cresselia|Psyshock|p1a: Beedrill
|-supereffective|p1a: Beedrill
|-damage|p1a: Beedrill|0 fnt
|faint|p1a: Beedrill
|
|-heal|p2a: Cresselia|291\/443|[from] item: Leftovers
|
|switch|p1a: Pangoro|Pangoro, M|393\/393
|-damage|p1a: Pangoro|328\/393|[from] Spikes
|-ability|p1a: Pangoro|Mold Breaker
|turn|9
|
|switch|p2a: Alomomola|Alomomola, F|529\/529
|-damage|p2a: Alomomola|463\/529|[from] Stealth Rock
|move|p1a: Pangoro|Knock Off|p2a: Alomomola
|-damage|p2a: Alomomola|223\/529
|-enditem|p2a: Alomomola|Leftovers|[from] move: Knock Off|[of] p1a: Pangoro
|
|turn|10
|
|switch|p1a: Virizion|Virizion|233\/385
|-damage|p1a: Virizion|169\/385|[from] Spikes
|move|p2a: Alomomola|Wish|p2a: Alomomola
|
|turn|11
|
|switch|p2a: Crobat|Crobat, M|374\/374
|-damage|p2a: Crobat|281\/374|[from] Stealth Rock
|move|p1a: Virizion|Leaf Blade|p2a: Crobat
|-resisted|p2a: Crobat
|-damage|p2a: Crobat|238\/374
|
|-heal|p2a: Crobat|374\/374|[from] move: Wish|[wisher] Alomomola
|turn|12
|
|move|p2a: Crobat|Brave Bird|p1a: Virizion
|-supereffective|p1a: Virizion
|-damage|p1a: Virizion|0 fnt
|-damage|p2a: Crobat|318\/374|[from] recoil|[of] p1a: Virizion
|faint|p1a: Virizion
|
|-heal|p2a: Crobat|341\/374|[from] item: Black Sludge
|
|switch|p1a: Pangoro|Pangoro, M|328\/393
|-damage|p1a: Pangoro|263\/393|[from] Spikes
|-ability|p1a: Pangoro|Mold Breaker
|turn|13
|
|move|p2a: Crobat|Brave Bird|p1a: Pangoro
|-supereffective|p1a: Pangoro
|-damage|p1a: Pangoro|0 fnt
|-damage|p2a: Crobat|254\/374|[from] recoil|[of] p1a: Pangoro
|faint|p1a: Pangoro
|
|-heal|p2a: Crobat|277\/374|[from] item: Black Sludge
|
|switch|p1a: Blissey|Blissey, F|714\/714
|-damage|p1a: Blissey|595\/714|[from] Spikes
|turn|14
|
|switch|p1a: Dugtrio|Dugtrio, F|211\/211
|-damage|p1a: Dugtrio|176\/211|[from] Spikes
|move|p2a: Crobat|Taunt|p1a: Dugtrio
|-start|p1a: Dugtrio|move: Taunt
|
|-heal|p2a: Crobat|300\/374|[from] item: Black Sludge
|turn|15
|
|move|p2a: Crobat|Brave Bird|p1a: Dugtrio
|-damage|p1a: Dugtrio|0 fnt
|-damage|p2a: Crobat|242\/374|[from] recoil|[of] p1a: Dugtrio
|faint|p1a: Dugtrio
|
|-heal|p2a: Crobat|265\/374|[from] item: Black Sludge
|
|switch|p1a: Suicune|Suicune|404\/404
|-damage|p1a: Suicune|337\/404|[from] Spikes
|-ability|p1a: Suicune|Pressure
|turn|16
|
|move|p2a: Crobat|Taunt|p1a: Suicune
|-start|p1a: Suicune|move: Taunt
|move|p1a: Suicune|Scald|p2a: Crobat
|-crit|p2a: Crobat
|-damage|p2a: Crobat|94\/374
|
|-heal|p2a: Crobat|117\/374|[from] item: Black Sludge
|-heal|p1a: Suicune|362\/404|[from] item: Leftovers
|turn|17
|
|move|p2a: Crobat|Defog|p1a: Suicune
|-unboost|p1a: Suicune|evasion|1
|-sideend|p1: Another gg easy|Spikes|[from] move: Defog|[of] p1a: Suicune
|-sideend|p2: Dirty Ho-Oh|Stealth Rock|[from] move: Defog|[of] p2a: Crobat
|move|p1a: Suicune|Scald|p2a: Crobat
|-damage|p2a: Crobat|11\/374
|
|-heal|p2a: Crobat|34\/374|[from] item: Black Sludge
|-heal|p1a: Suicune|387\/404|[from] item: Leftovers
|turn|18
|
|switch|p2a: Roserade|Roserade, M|261\/261
|move|p1a: Suicune|Scald|p2a: Roserade
|-resisted|p2a: Roserade
|-damage|p2a: Roserade|222\/261
|
|-heal|p2a: Roserade|238\/261|[from] item: Black Sludge
|-heal|p1a: Suicune|404\/404|[from] item: Leftovers
|-end|p1a: Suicune|move: Taunt
|turn|19
|
|move|p2a: Roserade|Giga Drain|p1a: Suicune
|-supereffective|p1a: Suicune
|-damage|p1a: Suicune|188\/404
|-heal|p2a: Roserade|261\/261|[from] drain|[of] p1a: Suicune
|move|p1a: Suicune|Calm Mind|p1a: Suicune
|-boost|p1a: Suicune|spa|1
|-boost|p1a: Suicune|spd|1
|
|-heal|p1a: Suicune|213\/404|[from] item: Leftovers
|turn|20
|
|move|p2a: Roserade|Giga Drain|p1a: Suicune
|-supereffective|p1a: Suicune
|-damage|p1a: Suicune|61\/404
|move|p1a: Suicune|Rest|p1a: Suicune
|-status|p1a: Suicune|slp
|-heal|p1a: Suicune|404\/404 slp|[silent]
|-status|p1a: Suicune|slp|[from] move: Rest
|
|turn|21
|
|move|p2a: Roserade|Giga Drain|p1a: Suicune
|-supereffective|p1a: Suicune
|-damage|p1a: Suicune|248\/404 slp
|cant|p1a: Suicune|slp
|move|p1a: Suicune|Sleep Talk|p1a: Suicune
|move|p1a: Suicune|Calm Mind|p1a: Suicune|[from]Sleep Talk
|-boost|p1a: Suicune|spa|1
|-boost|p1a: Suicune|spd|1
|
|-heal|p1a: Suicune|273\/404 slp|[from] item: Leftovers
|turn|22
|
|switch|p2a: Aggron|Aggron, M|344\/344
|cant|p1a: Suicune|slp
|move|p1a: Suicune|Sleep Talk|p1a: Suicune
|move|p1a: Suicune|Rest|p1a: Suicune|[from]Sleep Talk
|-fail|p1a: Suicune
|
|-heal|p1a: Suicune|298\/404 slp|[from] item: Leftovers
|turn|23
|
|detailschange|p2a: Aggron|Aggron-Mega, M
|-mega|p2a: Aggron|Aggron|Aggronite
|-curestatus|p1a: Suicune|slp
|move|p1a: Suicune|Scald|p2a: Aggron
|-damage|p2a: Aggron|185\/344
|move|p2a: Aggron|Roar|p1a: Suicune
|drag|p1a: Blissey|Blissey, F|595\/714
|
|-heal|p1a: Blissey|639\/714|[from] item: Leftovers
|turn|24
|
|move|p1a: Blissey|Stealth Rock|p2a: Aggron
|-sidestart|p2: Dirty Ho-Oh|move: Stealth Rock
|move|p2a: Aggron|Stealth Rock|p1a: Blissey
|-sidestart|p1: Another gg easy|move: Stealth Rock
|
|-heal|p1a: Blissey|683\/714|[from] item: Leftovers
|turn|25
|
|move|p1a: Blissey|Wish|p1a: Blissey
|move|p2a: Aggron|Thunder Wave|p1a: Blissey
|-status|p1a: Blissey|par
|
|-heal|p1a: Blissey|714\/714 par|[from] item: Leftovers
|turn|26
|
|switch|p2a: Roserade|Roserade, M|261\/261
|-damage|p2a: Roserade|229\/261|[from] Stealth Rock
|switch|p1a: Suicune|Suicune|298\/404
|-damage|p1a: Suicune|248\/404|[from] Stealth Rock
|-ability|p1a: Suicune|Pressure
|
|-heal|p1a: Suicune|404\/404|[from] move: Wish|[wisher] Blissey
|-heal|p2a: Roserade|245\/261|[from] item: Black Sludge
|turn|27
|
|switch|p1a: Blissey|Blissey, F|714\/714
|-damage|p1a: Blissey|625\/714|[from] Stealth Rock
|move|p2a: Roserade|Spikes|p1a: Blissey
|-sidestart|p1: Another gg easy|Spikes
|
|-heal|p2a: Roserade|261\/261|[from] item: Black Sludge
|-heal|p1a: Blissey|669\/714|[from] item: Leftovers
|turn|28
|
|move|p2a: Roserade|Spikes|p1a: Blissey
|-sidestart|p1: Another gg easy|Spikes
|move|p1a: Blissey|Wish|p1a: Blissey
|
|-heal|p1a: Blissey|713\/714|[from] item: Leftovers
|turn|29
|
|switch|p1a: Suicune|Suicune|404\/404
|-damage|p1a: Suicune|354\/404|[from] Stealth Rock
|-damage|p1a: Suicune|287\/404|[from] Spikes
|-ability|p1a: Suicune|Pressure
|move|p2a: Roserade|Giga Drain|p1a: Suicune
|-supereffective|p1a: Suicune
|-damage|p1a: Suicune|53\/404
|
|-heal|p1a: Suicune|404\/404|[from] move: Wish|[wisher] Blissey
|turn|30
|
|move|p2a: Roserade|Spikes|p1a: Suicune
|-sidestart|p1: Another gg easy|Spikes
|move|p1a: Suicune|Calm Mind|p1a: Suicune
|-boost|p1a: Suicune|spa|1
|-boost|p1a: Suicune|spd|1
|
|turn|31
|
|move|p2a: Roserade|Sludge Bomb|p1a: Suicune
|-damage|p1a: Suicune|316\/404
|move|p1a: Suicune|Scald|p2a: Roserade
|-resisted|p2a: Roserade
|-damage|p2a: Roserade|198\/261
|
|-heal|p2a: Roserade|214\/261|[from] item: Black Sludge
|-heal|p1a: Suicune|341\/404|[from] item: Leftovers
|turn|32
|
|move|p2a: Roserade|Giga Drain|p1a: Suicune
|-supereffective|p1a: Suicune
|-damage|p1a: Suicune|179\/404
|-heal|p2a: Roserade|261\/261|[from] drain|[of] p1a: Suicune
|move|p1a: Suicune|Calm Mind|p1a: Suicune
|-boost|p1a: Suicune|spa|1
|-boost|p1a: Suicune|spd|1
|
|-heal|p1a: Suicune|204\/404|[from] item: Leftovers
|turn|33
|
|switch|p2a: Cresselia|Cresselia, F|291\/443
|-damage|p2a: Cresselia|236\/443|[from] Stealth Rock
|move|p1a: Suicune|Rest|p1a: Suicune
|-status|p1a: Suicune|slp
|-heal|p1a: Suicune|404\/404 slp|[silent]
|-status|p1a: Suicune|slp|[from] move: Rest
|
|-heal|p2a: Cresselia|263\/443|[from] item: Leftovers
|turn|34
|
|move|p2a: Cresselia|Calm Mind|p2a: Cresselia
|-boost|p2a: Cresselia|spa|1
|-boost|p2a: Cresselia|spd|1
|cant|p1a: Suicune|slp
|move|p1a: Suicune|Sleep Talk|p1a: Suicune
|move|p1a: Suicune|Calm Mind|p1a: Suicune|[from]Sleep Talk
|-boost|p1a: Suicune|spa|1
|-boost|p1a: Suicune|spd|1
|
|-heal|p2a: Cresselia|290\/443|[from] item: Leftovers
|turn|35
|
|move|p2a: Cresselia|Substitute|p2a: Cresselia
|-start|p2a: Cresselia|Substitute
|-damage|p2a: Cresselia|180\/443
|cant|p1a: Suicune|slp
|move|p1a: Suicune|Sleep Talk|p1a: Suicune
|move|p1a: Suicune|Calm Mind|p1a: Suicune|[from]Sleep Talk
|-boost|p1a: Suicune|spa|1
|-boost|p1a: Suicune|spd|1
|
|-heal|p2a: Cresselia|207\/443|[from] item: Leftovers
|turn|36
|
|move|p2a: Cresselia|Calm Mind|p2a: Cresselia
|-boost|p2a: Cresselia|spa|1
|-boost|p2a: Cresselia|spd|1
|-curestatus|p1a: Suicune|slp
|move|p1a: Suicune|Calm Mind|p1a: Suicune
|-boost|p1a: Suicune|spa|1
|-boost|p1a: Suicune|spd|1
|
|-heal|p2a: Cresselia|234\/443|[from] item: Leftovers
|turn|37
|
|move|p2a: Cresselia|Calm Mind|p2a: Cresselia
|-boost|p2a: Cresselia|spa|1
|-boost|p2a: Cresselia|spd|1
|move|p1a: Suicune|Calm Mind|p1a: Suicune
|-boost|p1a: Suicune|spa|1
|-boost|p1a: Suicune|spd|1
|
|-heal|p2a: Cresselia|261\/443|[from] item: Leftovers
|turn|38
|
|move|p2a: Cresselia|Calm Mind|p2a: Cresselia
|-boost|p2a: Cresselia|spa|1
|-boost|p2a: Cresselia|spd|1
|move|p1a: Suicune|Scald|p2a: Cresselia
|-activate|p2a: Cresselia|Substitute|[damage]
|
|-heal|p2a: Cresselia|288\/443|[from] item: Leftovers
|turn|39
|
|move|p2a: Cresselia|Calm Mind|p2a: Cresselia
|-boost|p2a: Cresselia|spa|1
|-boost|p2a: Cresselia|spd|1
|move|p1a: Suicune|Scald|p2a: Cresselia
|-end|p2a: Cresselia|Substitute
|
|-heal|p2a: Cresselia|315\/443|[from] item: Leftovers
|turn|40
|
|move|p2a: Cresselia|Substitute|p2a: Cresselia
|-start|p2a: Cresselia|Substitute
|-damage|p2a: Cresselia|205\/443
|move|p1a: Suicune|Scald|p2a: Cresselia
|-activate|p2a: Cresselia|Substitute|[damage]
|
|-heal|p2a: Cresselia|232\/443|[from] item: Leftovers
|turn|41
|
|move|p2a: Cresselia|Calm Mind|p2a: Cresselia
|-boost|p2a: Cresselia|spa|1
|-boost|p2a: Cresselia|spd|1
|move|p1a: Suicune|Scald|p2a: Cresselia
|-end|p2a: Cresselia|Substitute
|
|-heal|p2a: Cresselia|259\/443|[from] item: Leftovers
|turn|42
|
|move|p2a: Cresselia|Substitute|p2a: Cresselia
|-start|p2a: Cresselia|Substitute
|-damage|p2a: Cresselia|149\/443
|move|p1a: Suicune|Scald|p2a: Cresselia
|-activate|p2a: Cresselia|Substitute|[damage]
|
|-heal|p2a: Cresselia|176\/443|[from] item: Leftovers
|turn|43
|
|move|p2a: Cresselia|Psyshock|p1a: Suicune
|-damage|p1a: Suicune|223\/404
|move|p1a: Suicune|Scald|p2a: Cresselia
|-end|p2a: Cresselia|Substitute
|
|-heal|p2a: Cresselia|203\/443|[from] item: Leftovers
|-heal|p1a: Suicune|248\/404|[from] item: Leftovers
|turn|44
|
|move|p2a: Cresselia|Psyshock|p1a: Suicune
|-damage|p1a: Suicune|41\/404
|move|p1a: Suicune|Scald|p2a: Cresselia
|-damage|p2a: Cresselia|134\/443
|
|-heal|p2a: Cresselia|161\/443|[from] item: Leftovers
|-heal|p1a: Suicune|66\/404|[from] item: Leftovers
|turn|45
|
|move|p2a: Cresselia|Psyshock|p1a: Suicune
|-damage|p1a: Suicune|0 fnt
|faint|p1a: Suicune
|
|-heal|p2a: Cresselia|188\/443|[from] item: Leftovers
|c|âDirty Ho-Oh|gg
|c|âAnother gg easy|you are bad
|-message|Another gg easy forfeited.
|
|win|Dirty Ho-Oh
|raw|Ladder updating...
|raw|Another gg easy's rating: 1426 &rarr; <strong>1406<\/strong><br \/>(-20 for losing)
|raw|Dirty Ho-Oh's rating: 1429 &rarr; <strong>1449<\/strong><br \/>(+20 for winning)
|leave|Another gg easy
|player|p1