|join|LT2B Mack Bus
|join|Plzdontragequit
|player|p1|LT2B Mack Bus|145
|player|p2|Plzdontragequit|165
|gametype|singles
|gen|6
|tier|OU
|rated
|clearpoke
|poke|p1|Charizard, F
|poke|p1|Bisharp, M
|poke|p1|Starmie
|poke|p1|Shuckle, M
|poke|p1|Kyurem-Black
|poke|p1|Landorus, M
|poke|p2|Charizard, M, shiny
|poke|p2|Azumarill, F
|poke|p2|Bisharp, M
|poke|p2|Keldeo-Resolute
|poke|p2|Landorus, M
|poke|p2|Latias, F
|rule|Swagger Clause: Swagger is banned
|rule|Baton Pass Clause: Limit one PokÃ©mon knowing Baton Pass
|rule|Sleep Clause Mod: Limit one foe put to sleep
|rule|Species Clause: Limit one of each PokÃ©mon
|rule|OHKO Clause: OHKO moves are banned
|rule|Moody Clause: Moody is banned
|rule|Evasion Moves Clause: Evasion moves are banned
|rule|Endless Battle Clause: Forcing endless battles is banned
|rule|HP Percentage Mod: HP is shown in percentages
|teampreview
|
|start
|switch|p1a: Black Mang-Black|Kyurem-Black|391\/391
|switch|p2a: Azumarill|Azumarill, F|401\/401
|-ability|p1a: Black Mang-Black|Teravolt
|turn|1
|join|Musk Sticks
|
|switch|p2a: Landorus|Landorus, M|319\/319
|move|p1a: Black Mang-Black|Fusion Bolt|p2a: Landorus
|-immune|p2a: Landorus|[msg]
|
|turn|2
|c| Musk Sticks|Good to see some nicknames coming through
|
|move|p2a: Landorus|Focus Blast|p1a: Black Mang-Black|[miss]
|-miss|p2a: Landorus|p1a: Black Mang-Black
|move|p1a: Black Mang-Black|Freeze Shock|p2a: Landorus|[still]
|-prepare|p1a: Black Mang-Black|Freeze Shock|p2a: Landorus
|-enditem|p1a: Black Mang-Black|Power Herb
|-anim|p1a: Black Mang-Black|Freeze Shock|p2a: Landorus
|-supereffective|p2a: Landorus
|-damage|p2a: Landorus|0 fnt
|faint|p2a: Landorus
|
|
|switch|p2a: Keldeo-Resolute|Keldeo-Resolute|323\/323
|turn|3
|
|switch|p1a: shit|Starmie|324\/324
|move|p2a: Keldeo-Resolute|Secret Sword|p1a: shit
|-resisted|p1a: shit
|-damage|p1a: shit|184\/324
|
|-heal|p1a: shit|204\/324|[from] item: Leftovers
|turn|4
|
|switch|p1a: Charizukky|Charizard, F|311\/311
|switch|p2a: Azumarill|Azumarill, F|401\/401
|
|turn|5
|
|detailschange|p1a: Charizukky|Charizard-Mega-Y, F
|message|Charizard has Mega Evolved into Mega Charizard!
|-weather|SunnyDay
|move|p1a: Charizukky|Solar Beam|p2a: Azumarill|[still]
|-prepare|p1a: Charizukky|Solar Beam|p2a: Azumarill
|-anim|p1a: Charizukky|Solar Beam|p2a: Azumarill
|-supereffective|p2a: Azumarill
|-damage|p2a: Azumarill|101\/401
|move|p2a: Azumarill|Waterfall|p1a: Charizukky
|-supereffective|p1a: Charizukky
|-damage|p1a: Charizukky|105\/311
|
|-weather|SunnyDay|[upkeep]
|turn|6
|
|switch|p1a: Black Mang-Black|Kyurem-Black|391\/391
|-ability|p1a: Black Mang-Black|Teravolt
|switch|p2a: Latias|Latias, F|301\/301
|
|-weather|SunnyDay|[upkeep]
|turn|7
|
|switch|p1a: bus halves|Bisharp, M|289\/289
|move|p2a: Latias|Draco Meteor|p1a: bus halves
|-resisted|p1a: bus halves
|-damage|p1a: bus halves|192\/289
|-unboost|p2a: Latias|spa|2
|-damage|p2a: Latias|271\/301|[from] item: Life Orb
|
|-weather|SunnyDay|[upkeep]
|turn|8
|
|move|p1a: bus halves|Pursuit|p2a: Latias|[from]Pursuit
|-supereffective|p2a: Latias
|-damage|p2a: Latias|0 fnt
|faint|p2a: Latias
|
|-weather|SunnyDay|[upkeep]
|
|switch|p2a: Charizard|Charizard, M, shiny|333\/333
|turn|9
|
|detailschange|p2a: Charizard|Charizard-Mega-X, M, shiny
|message|Charizard has Mega Evolved into Mega Charizard!
|move|p2a: Charizard|Dragon Dance|p2a: Charizard
|-boost|p2a: Charizard|atk|1
|-boost|p2a: Charizard|spe|1
|move|p1a: bus halves|Knock Off|p2a: Charizard
|-damage|p2a: Charizard|210\/333
|
|-weather|none
|turn|10
|
|move|p1a: bus halves|Sucker Punch|p2a: Charizard
|-fail|p2a: Charizard
|move|p2a: Charizard|Dragon Dance|p2a: Charizard
|-boost|p2a: Charizard|atk|1
|-boost|p2a: Charizard|spe|1
|
|turn|11
|
|move|p2a: Charizard|Roost|p2a: Charizard
|-heal|p2a: Charizard|333\/333
|move|p1a: bus halves|Knock Off|p2a: Charizard
|-damage|p2a: Charizard|218\/333
|
|turn|12
|
|switch|p1a: Mhuckle|Shuckle, M|244\/244
|move|p2a: Charizard|Dragon Dance|p2a: Charizard
|-boost|p2a: Charizard|atk|1
|-boost|p2a: Charizard|spe|1
|
|turn|13
|
|move|p2a: Charizard|Dragon Claw|p1a: Mhuckle
|-activate|p1a: Mhuckle|Sturdy
|-damage|p1a: Mhuckle|1\/244
|move|p1a: Mhuckle|Encore|p2a: Charizard
|-start|p2a: Charizard|Encore
|
|turn|14
|
|move|p2a: Charizard|Dragon Claw|p1a: Mhuckle
|-damage|p1a: Mhuckle|0 fnt
|faint|p1a: Mhuckle
|
|
|switch|p1a: bus halves|Bisharp, M|192\/289
|turn|15
|
|move|p1a: bus halves|Sucker Punch|p2a: Charizard
|-damage|p2a: Charizard|91\/333
|move|p2a: Charizard|Dragon Claw|p1a: bus halves
|-resisted|p1a: bus halves
|-damage|p1a: bus halves|0 fnt
|faint|p1a: bus halves
|
|
|switch|p1a: Fgtandorus|Landorus, M|320\/320
|turn|16
|
|move|p2a: Charizard|Dragon Claw|p1a: Fgtandorus
|-damage|p1a: Fgtandorus|0 fnt
|faint|p1a: Fgtandorus
|
|-end|p2a: Charizard|Encore
|c|âLT2B Mack Bus|gg
|-message|LT2B Mack Bus forfeited.
|leave|LT2B Mack Bus
|
|win|Plzdontragequit
|raw|Ladder updating...
|player|p1
|raw|LT2B Mack Bus's rating: 1631 &rarr; <strong>1610<\/strong><br \/>(-21 for losing)
|raw|Plzdontragequit's rating: 1609 &rarr; <strong>1630<\/strong><br \/>(+21 for winning)