|join|151forfun
|join|Teodoro Tales
|player|p1|151forfun|3
|player|p2|Teodoro Tales|101
|gametype|singles
|gen|6
|tier|UU
|rated
|rule|Sleep Clause Mod: Limit one foe put to sleep
|rule|Species Clause: Limit one of each PokÃ©mon
|rule|OHKO Clause: OHKO moves are banned
|rule|Moody Clause: Moody is banned
|rule|Evasion Moves Clause: Evasion moves are banned
|rule|Endless Battle Clause: Forcing endless battles is banned
|rule|HP Percentage Mod: HP is shown in percentages
|clearpoke
|poke|p1|Blastoise, F
|poke|p1|Nidoqueen, F
|poke|p1|Weezing, F
|poke|p1|Snorlax, F
|poke|p1|Arcanine, F
|poke|p1|Alakazam, M
|poke|p2|Umbreon, F
|poke|p2|Celebi
|poke|p2|Jirachi
|poke|p2|Mienshao, F
|poke|p2|Raikou
|poke|p2|Starmie
|rule|Swagger Clause: Swagger is banned
|rule|Baton Pass Clause: Limit one PokÃ©mon knowing Baton Pass
|teampreview
|
|start
|switch|p1a: Arcanine|Arcanine, F|383\/383
|switch|p2a: Raikou|Raikou|322\/322
|-ability|p2a: Raikou|Pressure
|-ability|p1a: Arcanine|Intimidate|[of] p2a: Raikou
|-unboost|p2a: Raikou|atk|1
|turn|1
|
|move|p1a: Arcanine|Extreme Speed|p2a: Raikou
|-damage|p2a: Raikou|144\/322
|move|p2a: Raikou|Volt Switch|p1a: Arcanine
|-damage|p1a: Arcanine|239\/383
|
|switch|p2a: Umbreon|Umbreon, F|394\/394
|
|turn|2
|
|switch|p1a: Weezing|Weezing, F|334\/334
|move|p2a: Umbreon|Foul Play|p1a: Weezing
|-damage|p1a: Weezing|276\/334
|
|-heal|p1a: Weezing|296\/334|[from] item: Black Sludge
|turn|3
|
|switch|p2a: Jirachi|Jirachi|341\/341
|move|p1a: Weezing|Toxic Spikes|p2a: Jirachi
|-sidestart|p2: Teodoro Tales|move: Toxic Spikes
|
|-heal|p1a: Weezing|316\/334|[from] item: Black Sludge
|turn|4
|
|move|p2a: Jirachi|Trick|p1a: Weezing
|-activate|p2a: Jirachi|move: Trick|[of] p1a: Weezing
|-item|p1a: Weezing|Choice Scarf|[from] move: Trick
|-item|p2a: Jirachi|Black Sludge|[from] move: Trick
|move|p1a: Weezing|Will-O-Wisp|p2a: Jirachi
|-status|p2a: Jirachi|brn
|
|-damage|p2a: Jirachi|299\/341 brn|[from] item: Black Sludge
|-damage|p2a: Jirachi|257\/341 brn|[from] brn
|turn|5
|
|switch|p2a: Starmie|Starmie|261\/261
|-status|p2a: Starmie|psn
|move|p1a: Weezing|Will-O-Wisp|p2a: Starmie
|-fail|p2a: Starmie
|
|-damage|p2a: Starmie|229\/261 psn|[from] psn
|turn|6
|
|switch|p1a: Snorlax|Snorlax, F|461\/461
|move|p2a: Starmie|Rapid Spin|p1a: Snorlax
|-crit|p1a: Snorlax
|-damage|p1a: Snorlax|441\/461
|-sideend|p2: Teodoro Tales|Toxic Spikes|[from] move: Rapid Spin|[of] p2a: Starmie
|
|-heal|p2a: Starmie|245\/261 psn|[from] item: Leftovers
|-damage|p2a: Starmie|213\/261 psn|[from] psn
|turn|7
|
|move|p1a: Snorlax|Pursuit|p2a: Starmie|[from]Pursuit
|-supereffective|p2a: Starmie
|-damage|p2a: Starmie|0 fnt
|faint|p2a: Starmie
|
|
|switch|p2a: Jirachi|Jirachi|257\/341 brn
|turn|8
|
|switch|p1a: Weezing|Weezing, F|316\/334
|move|p2a: Jirachi|Trick|p1a: Weezing
|-activate|p2a: Jirachi|move: Trick|[of] p1a: Weezing
|-item|p1a: Weezing|Black Sludge|[from] move: Trick
|-item|p2a: Jirachi|Choice Scarf|[from] move: Trick
|
|-heal|p1a: Weezing|334\/334|[from] item: Black Sludge
|-damage|p2a: Jirachi|215\/341 brn|[from] brn
|turn|9
|leave|Teodoro Tales
|player|p2
|-message|teodorotales lost due to inactivity.
|
|win|151forfun
|raw|Ladder updating...
|raw|151forfun's rating: 1351 &rarr; <strong>1368<\/strong><br \/>(+17 for winning)
|raw|Teodoro Tales's rating: 1295 &rarr; <strong>1274<\/strong><br \/>(-21 for losing)