|join|151forfun
|join|Wolfhead69
|player|p1|151forfun|3
|player|p2|Wolfhead69|1
|gametype|singles
|gen|6
|tier|UU
|rated
|rule|Sleep Clause Mod: Limit one foe put to sleep
|rule|Species Clause: Limit one of each PokÃ©mon
|rule|OHKO Clause: OHKO moves are banned
|rule|Moody Clause: Moody is banned
|rule|Evasion Moves Clause: Evasion moves are banned
|rule|Endless Battle Clause: Forcing endless battles is banned
|rule|HP Percentage Mod: HP is shown in percentages
|clearpoke
|poke|p1|Blastoise, F
|poke|p1|Nidoqueen, F
|poke|p1|Weezing, F
|poke|p1|Snorlax, F
|poke|p1|Arcanine, F
|poke|p1|Alakazam, M
|poke|p2|Galvantula, F
|poke|p2|Empoleon, F
|poke|p2|Lucario, F
|poke|p2|Aerodactyl, F
|poke|p2|Donphan, F
|poke|p2|Chandelure, M
|rule|Swagger Clause: Swagger is banned
|rule|Baton Pass Clause: Limit one PokÃ©mon knowing Baton Pass
|teampreview
|
|start
|switch|p1a: Alakazam|Alakazam, M|252\/252
|switch|p2a: Galvantula|Galvantula, F|282\/282
|turn|1
|
|move|p1a: Alakazam|Psyshock|p2a: Galvantula
|-crit|p2a: Galvantula
|-enditem|p2a: Galvantula|Focus Sash
|-damage|p2a: Galvantula|1\/282
|move|p2a: Galvantula|Bug Buzz|p1a: Alakazam
|-supereffective|p1a: Alakazam
|-enditem|p1a: Alakazam|Focus Sash
|-damage|p1a: Alakazam|1\/252
|
|turn|2
|
|switch|p1a: Snorlax|Snorlax, F|461\/461
|switch|p2a: Chandelure|Chandelure, M|262\/262
|
|turn|3
|
|move|p2a: Chandelure|Trick|p1a: Snorlax
|-activate|p2a: Chandelure|move: Trick|[of] p1a: Snorlax
|-item|p1a: Snorlax|Choice Scarf|[from] move: Trick
|-item|p2a: Chandelure|Assault Vest|[from] move: Trick
|move|p1a: Snorlax|Pursuit|p2a: Chandelure
|-supereffective|p2a: Chandelure
|-damage|p2a: Chandelure|164\/262
|
|turn|4
|
|move|p2a: Chandelure|Fire Blast|p1a: Snorlax
|-damage|p1a: Snorlax|272\/461
|move|p1a: Snorlax|Pursuit|p2a: Chandelure
|-supereffective|p2a: Chandelure
|-damage|p2a: Chandelure|60\/262
|
|turn|5
|
|move|p2a: Chandelure|Fire Blast|p1a: Snorlax
|-damage|p1a: Snorlax|83\/461
|move|p1a: Snorlax|Pursuit|p2a: Chandelure
|-supereffective|p2a: Chandelure
|-damage|p2a: Chandelure|0 fnt
|faint|p2a: Chandelure
|
|
|switch|p2a: Galvantula|Galvantula, F|1\/282
|turn|6
|
|move|p2a: Galvantula|Sticky Web|p1a: Snorlax
|-sidestart|p1: 151forfun|move: Sticky Web
|move|p1a: Snorlax|Pursuit|p2a: Galvantula
|-damage|p2a: Galvantula|0 fnt
|faint|p2a: Galvantula
|
|
|switch|p2a: Empoleon|Empoleon, F|372\/372
|turn|7
|
|switch|p1a: Blastoise|Blastoise, F|362\/362
|-activate|p1a: Blastoise|move: Sticky Web
|-unboost|p1a: Blastoise|spe|1
|move|p2a: Empoleon|Yawn|p1a: Blastoise
|-start|p1a: Blastoise|move: Yawn|[of] p2a: Empoleon
|
|turn|8
|
|switch|p1a: Snorlax|Snorlax, F|83\/461
|-activate|p1a: Snorlax|move: Sticky Web
|-unboost|p1a: Snorlax|spe|1
|move|p2a: Empoleon|Stealth Rock|p1a: Snorlax
|-sidestart|p1: 151forfun|move: Stealth Rock
|
|turn|9
|
|move|p2a: Empoleon|Yawn|p1a: Snorlax
|-start|p1a: Snorlax|move: Yawn|[of] p2a: Empoleon
|move|p1a: Snorlax|Earthquake|p2a: Empoleon
|-supereffective|p2a: Empoleon
|-damage|p2a: Empoleon|186\/372
|
|-heal|p2a: Empoleon|209\/372|[from] item: Leftovers
|turn|10
|
|move|p2a: Empoleon|Yawn|p1a: Snorlax
|-fail|p1a: Snorlax
|move|p1a: Snorlax|Earthquake|p2a: Empoleon
|-supereffective|p2a: Empoleon
|-damage|p2a: Empoleon|23\/372
|
|-status|p1a: Snorlax|slp
|-heal|p2a: Empoleon|46\/372|[from] item: Leftovers
|turn|11
|
|switch|p2a: Lucario|Lucario, F|282\/282
|switch|p1a: Blastoise|Blastoise, F|362\/362
|-damage|p1a: Blastoise|317\/362|[from] Stealth Rock
|-activate|p1a: Blastoise|move: Sticky Web
|-unboost|p1a: Blastoise|spe|1
|
|turn|12
|
|detailschange|p1a: Blastoise|Blastoise-Mega, F
|-mega|p1a: Blastoise|Blastoise|Blastoisinite
|move|p2a: Lucario|Close Combat|p1a: Blastoise
|-damage|p1a: Blastoise|87\/362
|-unboost|p2a: Lucario|def|1
|-unboost|p2a: Lucario|spd|1
|-damage|p2a: Lucario|254\/282|[from] item: Life Orb
|move|p1a: Blastoise|Aura Sphere|p2a: Lucario
|-supereffective|p2a: Lucario
|-damage|p2a: Lucario|0 fnt
|faint|p2a: Lucario
|
|
|switch|p2a: Aerodactyl|Aerodactyl, F|302\/302
|-ability|p2a: Aerodactyl|Unnerve|p1: 151forfun
|turn|13
|
|detailschange|p2a: Aerodactyl|Aerodactyl-Mega, F
|-mega|p2a: Aerodactyl|Aerodactyl|Aerodactylite
|move|p2a: Aerodactyl|Aerial Ace|p1a: Blastoise
|-damage|p1a: Blastoise|0 fnt
|faint|p1a: Blastoise
|
|
|switch|p1a: Weezing|Weezing, F|334\/334
|-damage|p1a: Weezing|293\/334|[from] Stealth Rock
|turn|14
|
|switch|p2a: Empoleon|Empoleon, F|46\/372
|move|p1a: Weezing|Will-O-Wisp|p2a: Empoleon
|-status|p2a: Empoleon|brn
|
|-heal|p2a: Empoleon|69\/372 brn|[from] item: Leftovers
|-heal|p1a: Weezing|313\/334|[from] item: Black Sludge
|-damage|p2a: Empoleon|23\/372 brn|[from] brn
|turn|15
|
|move|p2a: Empoleon|Scald|p1a: Weezing
|-damage|p1a: Weezing|120\/334
|move|p1a: Weezing|Toxic Spikes|p2a: Empoleon
|-sidestart|p2: Wolfhead69|move: Toxic Spikes
|
|-heal|p1a: Weezing|140\/334|[from] item: Black Sludge
|-heal|p2a: Empoleon|46\/372 brn|[from] item: Leftovers
|-damage|p2a: Empoleon|0 fnt|[from] brn
|faint|p2a: Empoleon
|
|switch|p2a: Donphan|Donphan, F|384\/384
|-status|p2a: Donphan|psn
|turn|16
|
|move|p1a: Weezing|Pain Split|p2a: Donphan
|-sethp|p2a: Donphan|262\/384 psn|p1a: Weezing|262\/334|[from] move: Pain Split
|move|p2a: Donphan|Knock Off|p1a: Weezing
|-damage|p1a: Weezing|181\/334
|-enditem|p1a: Weezing|Black Sludge|[from] move: Knock Off|[of] p2a: Donphan
|
|-heal|p2a: Donphan|286\/384 psn|[from] item: Leftovers
|-damage|p2a: Donphan|238\/384 psn|[from] psn
|turn|17
|
|move|p1a: Weezing|Sludge Bomb|p2a: Donphan
|-resisted|p2a: Donphan
|-damage|p2a: Donphan|166\/384 psn
|move|p2a: Donphan|Knock Off|p1a: Weezing
|-damage|p1a: Weezing|127\/334
|
|-heal|p2a: Donphan|190\/384 psn|[from] item: Leftovers
|-damage|p2a: Donphan|142\/384 psn|[from] psn
|turn|18
|
|move|p1a: Weezing|Sludge Bomb|p2a: Donphan
|-resisted|p2a: Donphan
|-damage|p2a: Donphan|76\/384 psn
|move|p2a: Donphan|Knock Off|p1a: Weezing
|-damage|p1a: Weezing|77\/334
|
|-heal|p2a: Donphan|100\/384 psn|[from] item: Leftovers
|-damage|p2a: Donphan|52\/384 psn|[from] psn
|turn|19
|
|move|p2a: Donphan|Ice Shard|p1a: Weezing
|-damage|p1a: Weezing|45\/334
|move|p1a: Weezing|Will-O-Wisp|p2a: Donphan
|-fail|p2a: Donphan
|
|-heal|p2a: Donphan|76\/384 psn|[from] item: Leftovers
|-damage|p2a: Donphan|28\/384 psn|[from] psn
|turn|20
|
|move|p2a: Donphan|Ice Shard|p1a: Weezing
|-damage|p1a: Weezing|14\/334
|move|p1a: Weezing|Will-O-Wisp|p2a: Donphan
|-fail|p2a: Donphan
|
|-heal|p2a: Donphan|52\/384 psn|[from] item: Leftovers
|-damage|p2a: Donphan|4\/384 psn|[from] psn
|turn|21
|
|move|p2a: Donphan|Ice Shard|p1a: Weezing
|-damage|p1a: Weezing|0 fnt
|faint|p1a: Weezing
|
|-heal|p2a: Donphan|28\/384 psn|[from] item: Leftovers
|-damage|p2a: Donphan|0 fnt|[from] psn
|faint|p2a: Donphan
|
|switch|p2a: Aerodactyl|Aerodactyl-Mega, F|302\/302
|switch|p1a: Arcanine|Arcanine, F|383\/383
|-activate|p1a: Arcanine|move: Sticky Web
|-unboost|p1a: Arcanine|spe|1
|-damage|p1a: Arcanine|288\/383|[from] Stealth Rock
|-ability|p1a: Arcanine|Intimidate|[of] p2a: Aerodactyl
|-unboost|p2a: Aerodactyl|atk|1
|turn|22
|
|switch|p1a: Snorlax|Snorlax, F|83\/461 slp
|-activate|p1a: Snorlax|move: Sticky Web
|-unboost|p1a: Snorlax|spe|1
|-damage|p1a: Snorlax|26\/461 slp|[from] Stealth Rock
|move|p2a: Aerodactyl|Hone Claws|p2a: Aerodactyl
|-boost|p2a: Aerodactyl|atk|1
|-boost|p2a: Aerodactyl|accuracy|1
|
|turn|23
|
|switch|p1a: Arcanine|Arcanine, F|288\/383
|-damage|p1a: Arcanine|193\/383|[from] Stealth Rock
|-activate|p1a: Arcanine|move: Sticky Web
|-unboost|p1a: Arcanine|spe|1
|-ability|p1a: Arcanine|Intimidate|[of] p2a: Aerodactyl
|-unboost|p2a: Aerodactyl|atk|1
|move|p2a: Aerodactyl|Hone Claws|p2a: Aerodactyl
|-boost|p2a: Aerodactyl|atk|1
|-boost|p2a: Aerodactyl|accuracy|1
|
|turn|24
|
|move|p2a: Aerodactyl|Hone Claws|p2a: Aerodactyl
|-boost|p2a: Aerodactyl|atk|1
|-boost|p2a: Aerodactyl|accuracy|1
|move|p1a: Arcanine|Close Combat|p2a: Aerodactyl
|-damage|p2a: Aerodactyl|38\/302
|-unboost|p1a: Arcanine|def|1
|-unboost|p1a: Arcanine|spd|1
|
|turn|25
|c|â151forfun|gg
|
|switch|p1a: Snorlax|Snorlax, F|26\/461 slp
|-damage|p1a: Snorlax|0 fnt|[from] Stealth Rock
|-activate|p1a: Snorlax|move: Sticky Web
|faint|p1a: Snorlax
|move|p2a: Aerodactyl|Aerial Ace|p1: Snorlax|[notarget]
|-notarget
|
|
|switch|p1a: Arcanine|Arcanine, F|193\/383
|-damage|p1a: Arcanine|98\/383|[from] Stealth Rock
|-activate|p1a: Arcanine|move: Sticky Web
|-unboost|p1a: Arcanine|spe|1
|-ability|p1a: Arcanine|Intimidate|[of] p2a: Aerodactyl
|-unboost|p2a: Aerodactyl|atk|1
|turn|26
|c|âWolfhead69|gg
|
|move|p1a: Arcanine|Extreme Speed|p2a: Aerodactyl
|-resisted|p2a: Aerodactyl
|-damage|p2a: Aerodactyl|0 fnt
|faint|p2a: Aerodactyl
|
|win|151forfun
|raw|Ladder updating...
|raw|151forfun's rating: 1532 &rarr; <strong>1555<\/strong><br \/>(+23 for winning)
|raw|Wolfhead69's rating: 1583 &rarr; <strong>1560<\/strong><br \/>(-23 for losing)