|join|151forfun
|join|Arogar
|player|p1|151forfun|3
|player|p2|Arogar|101
|gametype|singles
|gen|6
|tier|UU
|rated
|rule|Sleep Clause Mod: Limit one foe put to sleep
|rule|Species Clause: Limit one of each PokÃ©mon
|rule|OHKO Clause: OHKO moves are banned
|rule|Moody Clause: Moody is banned
|rule|Evasion Moves Clause: Evasion moves are banned
|rule|Endless Battle Clause: Forcing endless battles is banned
|rule|HP Percentage Mod: HP is shown in percentages
|clearpoke
|poke|p1|Blastoise, M
|poke|p1|Nidoqueen, F
|poke|p1|Weezing, F
|poke|p1|Snorlax, M
|poke|p1|Arcanine, F
|poke|p1|Alakazam, F
|poke|p2|Forretress, F
|poke|p2|Jellicent, F
|poke|p2|Aromatisse, F
|poke|p2|Blissey, F
|poke|p2|Dragalge, F
|poke|p2|Zygarde
|rule|Swagger Clause: Swagger is banned
|rule|Baton Pass Clause: Limit one PokÃ©mon knowing Baton Pass
|teampreview
|
|start
|switch|p1a: Arcanine|Arcanine, F|383\/383
|switch|p2a: Forretress|Forretress, F|354\/354
|-ability|p1a: Arcanine|Intimidate|[of] p2a: Forretress
|-unboost|p2a: Forretress|atk|1
|turn|1
|
|move|p1a: Arcanine|Flare Blitz|p2a: Forretress
|-supereffective|p2a: Forretress
|-activate|p2a: Forretress|Sturdy
|-damage|p2a: Forretress|1\/354
|-damage|p1a: Arcanine|267\/383|[from] recoil|[of] p2a: Forretress
|move|p2a: Forretress|Stealth Rock|p1a: Arcanine
|-sidestart|p1: 151forfun|move: Stealth Rock
|
|-heal|p2a: Forretress|23\/354|[from] item: Leftovers
|turn|2
|
|switch|p1a: Blastoise|Blastoise, M|362\/362
|-damage|p1a: Blastoise|317\/362|[from] Stealth Rock
|switch|p2a: Jellicent|Jellicent, F|404\/404
|
|turn|3
|
|detailschange|p1a: Blastoise|Blastoise-Mega, M
|-mega|p1a: Blastoise|Blastoise|Blastoisinite
|move|p1a: Blastoise|Dark Pulse|p2a: Jellicent
|-supereffective|p2a: Jellicent
|-damage|p2a: Jellicent|70\/404
|move|p2a: Jellicent|Will-O-Wisp|p1a: Blastoise
|-status|p1a: Blastoise|brn
|
|-heal|p2a: Jellicent|95\/404|[from] item: Leftovers
|-damage|p1a: Blastoise|272\/362 brn|[from] brn
|turn|4
|
|switch|p2a: Aromatisse|Aromatisse, F|406\/406
|move|p1a: Blastoise|Rapid Spin|p2a: Aromatisse
|-damage|p2a: Aromatisse|399\/406
|-sideend|p1: 151forfun|Stealth Rock|[from] move: Rapid Spin|[of] p1a: Blastoise
|
|-heal|p2a: Aromatisse|406\/406|[from] item: Leftovers
|-damage|p1a: Blastoise|227\/362 brn|[from] brn
|turn|5
|
|switch|p1a: Nidoqueen|Nidoqueen, F|346\/346
|move|p2a: Aromatisse|Moonblast|p1a: Nidoqueen
|-resisted|p1a: Nidoqueen
|-damage|p1a: Nidoqueen|280\/346
|
|turn|6
|
|switch|p2a: Blissey|Blissey, F|714\/714
|move|p1a: Nidoqueen|Stealth Rock|p2a: Blissey
|-sidestart|p2: Arogar|move: Stealth Rock
|
|turn|7
|
|move|p1a: Nidoqueen|Poison Jab|p2a: Blissey
|-damage|p2a: Blissey|319\/714
|move|p2a: Blissey|Seismic Toss|p1a: Nidoqueen
|-damage|p1a: Nidoqueen|180\/346
|
|-heal|p2a: Blissey|363\/714|[from] item: Leftovers
|turn|8
|
|move|p2a: Blissey|Protect|p2a: Blissey
|-singleturn|p2a: Blissey|Protect
|move|p1a: Nidoqueen|Earthquake|p2a: Blissey
|-activate|p2a: Blissey|Protect
|
|-heal|p2a: Blissey|407\/714|[from] item: Leftovers
|turn|9
|
|move|p1a: Nidoqueen|Earthquake|p2a: Blissey
|-damage|p2a: Blissey|24\/714
|-damage|p1a: Nidoqueen|146\/346|[from] item: Life Orb
|move|p2a: Blissey|Wish|p2a: Blissey
|
|-heal|p2a: Blissey|68\/714|[from] item: Leftovers
|turn|10
|
|move|p2a: Blissey|Protect|p2a: Blissey
|-singleturn|p2a: Blissey|Protect
|move|p1a: Nidoqueen|Ice Punch|p2a: Blissey
|-activate|p2a: Blissey|Protect
|
|-heal|p2a: Blissey|425\/714|[from] move: Wish|[wisher] Blissey
|-heal|p2a: Blissey|469\/714|[from] item: Leftovers
|turn|11
|
|move|p1a: Nidoqueen|Poison Jab|p2a: Blissey
|-damage|p2a: Blissey|89\/714
|move|p2a: Blissey|Wish|p2a: Blissey
|
|-heal|p2a: Blissey|133\/714|[from] item: Leftovers
|turn|12
|
|switch|p1a: Alakazam|Alakazam, F|252\/252
|move|p2a: Blissey|Protect|p2a: Blissey
|-fail|p2a: Blissey
|
|-heal|p2a: Blissey|490\/714|[from] move: Wish|[wisher] Blissey
|-heal|p2a: Blissey|534\/714|[from] item: Leftovers
|turn|13
|
|move|p1a: Alakazam|Encore|p2a: Blissey
|-start|p2a: Blissey|Encore
|move|p2a: Blissey|Protect|p2a: Blissey
|-fail|p2a: Blissey
|
|-heal|p2a: Blissey|578\/714|[from] item: Leftovers
|turn|14
|
|switch|p2a: Aromatisse|Aromatisse, F|406\/406
|-damage|p2a: Aromatisse|356\/406|[from] Stealth Rock
|move|p1a: Alakazam|Psyshock|p2a: Aromatisse
|-damage|p2a: Aromatisse|226\/406
|
|-heal|p2a: Aromatisse|251\/406|[from] item: Leftovers
|turn|15
|
|switch|p1a: Nidoqueen|Nidoqueen, F|146\/346
|move|p2a: Aromatisse|Wish|p2a: Aromatisse
|
|-heal|p2a: Aromatisse|276\/406|[from] item: Leftovers
|turn|16
|
|switch|p2a: Forretress|Forretress, F|23\/354
|-damage|p2a: Forretress|0 fnt|[from] Stealth Rock
|faint|p2a: Forretress
|move|p1a: Nidoqueen|Earthquake|p2: Forretress|[notarget]
|-notarget
|
|
|switch|p2a: Blissey|Blissey, F|578\/714
|-damage|p2a: Blissey|489\/714|[from] Stealth Rock
|turn|17
|
|move|p1a: Nidoqueen|Poison Jab|p2a: Blissey
|-damage|p2a: Blissey|134\/714
|move|p2a: Blissey|Seismic Toss|p1a: Nidoqueen
|-damage|p1a: Nidoqueen|46\/346
|
|-heal|p2a: Blissey|178\/714|[from] item: Leftovers
|turn|18
|
|move|p2a: Blissey|Protect|p2a: Blissey
|-singleturn|p2a: Blissey|Protect
|move|p1a: Nidoqueen|Poison Jab|p2a: Blissey
|-activate|p2a: Blissey|Protect
|
|-heal|p2a: Blissey|222\/714|[from] item: Leftovers
|turn|19
|
|switch|p2a: Jellicent|Jellicent, F|95\/404
|-damage|p2a: Jellicent|45\/404|[from] Stealth Rock
|move|p1a: Nidoqueen|Poison Jab|p2a: Jellicent
|-resisted|p2a: Jellicent
|-damage|p2a: Jellicent|0 fnt
|faint|p2a: Jellicent
|
|
|switch|p2a: Dragalge|Dragalge, F|334\/334
|-damage|p2a: Dragalge|293\/334|[from] Stealth Rock
|turn|20
|
|move|p1a: Nidoqueen|Earthquake|p2a: Dragalge
|-supereffective|p2a: Dragalge
|-damage|p2a: Dragalge|0 fnt
|-damage|p1a: Nidoqueen|12\/346|[from] item: Life Orb
|faint|p2a: Dragalge
|
|
|switch|p2a: Blissey|Blissey, F|222\/714
|-damage|p2a: Blissey|133\/714|[from] Stealth Rock
|turn|21
|
|move|p2a: Blissey|Protect|p2a: Blissey
|-singleturn|p2a: Blissey|Protect
|move|p1a: Nidoqueen|Ice Punch|p2a: Blissey
|-activate|p2a: Blissey|Protect
|
|-heal|p2a: Blissey|177\/714|[from] item: Leftovers
|turn|22
|
|move|p1a: Nidoqueen|Ice Punch|p2a: Blissey
|-crit|p2a: Blissey
|-damage|p2a: Blissey|0 fnt
|faint|p2a: Blissey
|
|
|switch|p2a: Zygarde|Zygarde|420\/420
|-damage|p2a: Zygarde|394\/420|[from] Stealth Rock
|-ability|p2a: Zygarde|Aura Break
|turn|23
|
|move|p1a: Nidoqueen|Ice Punch|p2a: Zygarde
|-supereffective|p2a: Zygarde
|-damage|p2a: Zygarde|0 fnt
|faint|p2a: Zygarde
|
|c|â151forfun|gg
|
|switch|p2a: Aromatisse|Aromatisse, F|276\/406
|-damage|p2a: Aromatisse|226\/406|[from] Stealth Rock
|turn|24
|
|move|p1a: Nidoqueen|Poison Jab|p2a: Aromatisse
|-supereffective|p2a: Aromatisse
|-damage|p2a: Aromatisse|0 fnt
|faint|p2a: Aromatisse
|
|win|151forfun
|raw|Ladder updating...
|raw|151forfun's rating: 1515 &rarr; <strong>1531<\/strong><br \/>(+16 for winning)
|raw|Arogar's rating: 1454 &rarr; <strong>1438<\/strong><br \/>(-16 for losing)
|leave|Arogar