|join|mushroombreloom
|join|151forfun
|player|p1|mushroombreloom|283
|player|p2|151forfun|61
|gametype|singles
|gen|6
|tier|UU
|rated
|rule|Sleep Clause Mod: Limit one foe put to sleep
|rule|Species Clause: Limit one of each Pokemon
|rule|OHKO Clause: OHKO moves are banned
|rule|Moody Clause: Moody is banned
|rule|Evasion Moves Clause: Evasion moves are banned
|rule|Endless Battle Clause: Forcing endless battles is banned.
|rule|HP Percentage Mod: HP is reported as percentages
|clearpoke
|poke|p1|Shuckle, M
|poke|p1|Ludicolo, F
|poke|p1|Seaking, M, shiny
|poke|p1|Gogoat, F
|poke|p1|Nidoqueen, F
|poke|p1|Azelf
|poke|p2|Blastoise, M
|poke|p2|Nidoqueen, F
|poke|p2|Mew
|poke|p2|Snorlax, F
|poke|p2|Arcanine, M
|poke|p2|Alakazam, F
|teampreview
|
|start
|switch|p1a: Don't Fuckle|Shuckle, M|181\/181
|switch|p2a: Blastoise|Blastoise, M|362\/362
|turn|1
|
|detailschange|p2a: Blastoise|Blastoise-Mega, M
|message|Blastoise has Mega Evolved into Mega Blastoise!
|move|p2a: Blastoise|Water Pulse|p1a: Don't Fuckle
|-crit|p1a: Don't Fuckle
|-supereffective|p1a: Don't Fuckle
|-activate|p1a: Don't Fuckle|Sturdy
|-damage|p1a: Don't Fuckle|1\/181
|move|p1a: Don't Fuckle|Toxic|p2a: Blastoise
|-status|p2a: Blastoise|tox
|
|-damage|p2a: Blastoise|340\/362 tox|[from] psn
|turn|2
|
|switch|p1a: Pineapple|Ludicolo, F|364\/364
|move|p2a: Blastoise|Dark Pulse|p1a: Pineapple
|-damage|p1a: Pineapple|197\/364
|
|-damage|p2a: Blastoise|296\/362 tox|[from] psn
|turn|3
|
|switch|p2a: Nidoqueen|Nidoqueen, F|346\/346
|move|p1a: Pineapple|Giga Drain|p2a: Nidoqueen
|-damage|p2a: Nidoqueen|249\/346
|-heal|p1a: Pineapple|246\/364|[from] drain|[of] p2a: Nidoqueen
|
|turn|4
|
|switch|p1a: Nidoqueen|Nidoqueen, F|384\/384
|move|p2a: Nidoqueen|Stealth Rock|p1a: Nidoqueen
|-sidestart|p1: mushroombreloom|move: Stealth Rock
|
|turn|5
|
|move|p2a: Nidoqueen|Earthquake|p1a: Nidoqueen
|-supereffective|p1a: Nidoqueen
|-damage|p1a: Nidoqueen|0 fnt
|-damage|p2a: Nidoqueen|215\/346|[from] item: Life Orb
|faint|p1a: Nidoqueen
|
|
|switch|p1a: Azelfie|Azelf|291\/291
|-damage|p1a: Azelfie|255\/291|[from] Stealth Rock
|turn|6
|
|switch|p2a: Mew|Mew|341\/341
|move|p1a: Azelfie|Shadow Ball|p2a: Mew
|-supereffective|p2a: Mew
|-damage|p2a: Mew|149\/341
|
|-heal|p2a: Mew|170\/341|[from] item: Leftovers
|turn|7
|
|move|p1a: Azelfie|Hidden Power|p2a: Mew
|-supereffective|p2a: Mew
|-damage|p2a: Mew|38\/341
|move|p2a: Mew|Dark Pulse|p1a: Azelfie
|-supereffective|p1a: Azelfie
|-damage|p1a: Azelfie|33\/291
|
|-heal|p2a: Mew|59\/341|[from] item: Leftovers
|turn|8
|
|switch|p2a: Snorlax|Snorlax, F|524\/524
|move|p1a: Azelfie|Shadow Ball|p2a: Snorlax
|-immune|p2a: Snorlax|[msg]
|
|turn|9
|
|switch|p1a: Pineapple|Ludicolo, F|246\/364
|-damage|p1a: Pineapple|201\/364|[from] Stealth Rock
|move|p2a: Snorlax|Body Slam|p1a: Pineapple
|-damage|p1a: Pineapple|42\/364
|-status|p1a: Pineapple|par
|
|turn|10
|
|move|p2a: Snorlax|Body Slam|p1a: Pineapple
|-damage|p1a: Pineapple|0 fnt
|faint|p1a: Pineapple
|
|
|switch|p1a: No thunderbolts :(|Seaking, M, shiny|301\/301
|-damage|p1a: No thunderbolts :(|264\/301|[from] Stealth Rock
|turn|11
|
|move|p1a: No thunderbolts :(|Agility|p1a: No thunderbolts :(
|-boost|p1a: No thunderbolts :(|spe|2
|move|p2a: Snorlax|Body Slam|p1a: No thunderbolts :(
|-damage|p1a: No thunderbolts :(|83\/301
|-status|p1a: No thunderbolts :(|par
|
|turn|12
|
|move|p1a: No thunderbolts :(|Flail|p2a: Snorlax
|-damage|p2a: Snorlax|428\/524
|move|p2a: Snorlax|Body Slam|p1a: No thunderbolts :(
|-damage|p1a: No thunderbolts :(|0 fnt
|faint|p1a: No thunderbolts :(
|
|-heal|p2a: Snorlax|460\/524|[from] item: Leftovers
|
|switch|p1a: Don't Fuckle|Shuckle, M|1\/181
|-damage|p1a: Don't Fuckle|0 fnt|[from] Stealth Rock
|faint|p1a: Don't Fuckle
|
|switch|p1a: Waaaaat?|Gogoat, F|450\/450
|-damage|p1a: Waaaaat?|394\/450|[from] Stealth Rock
|turn|13
|
|move|p1a: Waaaaat?|Bulk Up|p1a: Waaaaat?
|-boost|p1a: Waaaaat?|atk|1
|-boost|p1a: Waaaaat?|def|1
|move|p2a: Snorlax|Toxic|p1a: Waaaaat?
|-status|p1a: Waaaaat?|tox
|
|-heal|p2a: Snorlax|492\/524|[from] item: Leftovers
|-damage|p1a: Waaaaat?|366\/450 tox|[from] psn
|turn|14
|
|switch|p2a: Arcanine|Arcanine, M|383\/383
|-ability|p2a: Arcanine|Intimidate|[of] p1a: Waaaaat?
|-unboost|p1a: Waaaaat?|atk|1
|move|p1a: Waaaaat?|Earthquake|p2a: Arcanine
|-supereffective|p2a: Arcanine
|-damage|p2a: Arcanine|199\/383
|
|-damage|p1a: Waaaaat?|310\/450 tox|[from] psn
|turn|15
|
|move|p2a: Arcanine|Flare Blitz|p1a: Waaaaat?
|-supereffective|p1a: Waaaaat?
|-damage|p1a: Waaaaat?|0 fnt
|-damage|p2a: Arcanine|97\/383|[from] recoil|[of] p1a: Waaaaat?
|faint|p1a: Waaaaat?
|
|
|switch|p1a: Azelfie|Azelf|33\/291
|-damage|p1a: Azelfie|0 fnt|[from] Stealth Rock
|faint|p1a: Azelfie
|
|win|151forfun
|raw|Ladder updating...
|raw|mushroombreloom's rating: 1079 &rarr; <strong>1061<\/strong><br \/>(-18 for losing)
|raw|151forfun's rating: 1143 &rarr; <strong>1163<\/strong><br \/>(+20 for winning)
|chat|151forfun|gg
|leave|mushroombreloom
|player|p1