|join|151forfun
|join|Cenihec
|player|p1|151forfun|3
|player|p2|Cenihec|145
|gametype|singles
|gen|6
|tier|UU
|rated
|rule|Sleep Clause Mod: Limit one foe put to sleep
|rule|Species Clause: Limit one of each PokÃ©mon
|rule|OHKO Clause: OHKO moves are banned
|rule|Moody Clause: Moody is banned
|rule|Evasion Moves Clause: Evasion moves are banned
|rule|Endless Battle Clause: Forcing endless battles is banned
|rule|HP Percentage Mod: HP is shown in percentages
|clearpoke
|poke|p1|Blastoise, M
|poke|p1|Nidoqueen, F
|poke|p1|Weezing, F
|poke|p1|Snorlax, F
|poke|p1|Arcanine, F
|poke|p1|Alakazam, M
|poke|p2|Lopunny, F
|poke|p2|Rotom-Heat
|poke|p2|Hydreigon, F
|poke|p2|Empoleon, M
|poke|p2|Amoonguss, F
|poke|p2|Jirachi
|rule|Swagger Clause: Swagger is banned
|rule|Baton Pass Clause: Limit one PokÃ©mon knowing Baton Pass
|teampreview
|
|start
|switch|p1a: Snorlax|Snorlax, F|461\/461
|switch|p2a: Rotom-Heat|Rotom-Heat|294\/294
|turn|1
|
|move|p2a: Rotom-Heat|Trick|p1a: Snorlax
|-activate|p2a: Rotom-Heat|move: Trick|[of] p1a: Snorlax
|-item|p1a: Snorlax|Choice Specs|[from] move: Trick
|-item|p2a: Rotom-Heat|Assault Vest|[from] move: Trick
|move|p1a: Snorlax|Body Slam|p2a: Rotom-Heat
|-damage|p2a: Rotom-Heat|162\/294
|
|turn|2
|
|move|p2a: Rotom-Heat|Volt Switch|p1a: Snorlax
|-damage|p1a: Snorlax|350\/461
|
|switch|p2a: Empoleon|Empoleon, M|371\/371
|move|p1a: Snorlax|Body Slam|p2a: Empoleon
|-resisted|p2a: Empoleon
|-damage|p2a: Empoleon|286\/371
|
|-heal|p2a: Empoleon|309\/371|[from] item: Leftovers
|turn|3
|
|switch|p2a: Hydreigon|Hydreigon, F|325\/325
|switch|p1a: Blastoise|Blastoise, M|362\/362
|
|turn|4
|
|detailschange|p1a: Blastoise|Blastoise-Mega, M
|message|Blastoise has Mega Evolved into Mega Blastoise!
|move|p2a: Hydreigon|U-turn|p1a: Blastoise
|-damage|p1a: Blastoise|315\/362
|
|switch|p2a: Amoonguss|Amoonguss, F|432\/432
|move|p1a: Blastoise|Aura Sphere|p2a: Amoonguss
|-resisted|p2a: Amoonguss
|-damage|p2a: Amoonguss|347\/432
|
|-heal|p2a: Amoonguss|374\/432|[from] item: Black Sludge
|turn|5
|
|switch|p1a: Snorlax|Snorlax, F|350\/461
|move|p2a: Amoonguss|Spore|p1a: Snorlax
|-status|p1a: Snorlax|slp
|
|-heal|p2a: Amoonguss|401\/432|[from] item: Black Sludge
|turn|6
|
|switch|p1a: Weezing|Weezing, F|334\/334
|switch|p2a: Lopunny|Lopunny, F|271\/271
|
|turn|7
|
|detailschange|p2a: Lopunny|Lopunny-Mega, F
|message|Lopunny has Mega Evolved into Mega Lopunny!
|move|p2a: Lopunny|Fake Out|p1a: Weezing
|-damage|p1a: Weezing|288\/334
|cant|p1a: Weezing|flinch
|
|-heal|p1a: Weezing|308\/334|[from] item: Black Sludge
|turn|8
|
|switch|p2a: Rotom-Heat|Rotom-Heat|162\/294
|switch|p1a: Nidoqueen|Nidoqueen, F|346\/346
|
|turn|9
|
|move|p1a: Nidoqueen|Poison Jab|p2a: Rotom-Heat
|-damage|p2a: Rotom-Heat|0 fnt
|faint|p2a: Rotom-Heat
|
|
|switch|p2a: Hydreigon|Hydreigon, F|325\/325
|turn|10
|
|switch|p1a: Snorlax|Snorlax, F|350\/461 slp
|move|p2a: Hydreigon|Draco Meteor|p1a: Snorlax
|-damage|p1a: Snorlax|139\/461 slp
|-unboost|p2a: Hydreigon|spa|2
|
|turn|11
|
|switch|p2a: Lopunny|Lopunny-Mega, F|271\/271
|switch|p1a: Arcanine|Arcanine, F|383\/383
|-ability|p1a: Arcanine|Intimidate|[of] p2a: Lopunny
|-unboost|p2a: Lopunny|atk|1
|
|turn|12
|
|move|p2a: Lopunny|Fake Out|p1a: Arcanine
|-damage|p1a: Arcanine|317\/383
|cant|p1a: Arcanine|flinch
|
|turn|13
|
|switch|p2a: Empoleon|Empoleon, M|309\/371
|move|p1a: Arcanine|Close Combat|p2a: Empoleon
|-crit|p2a: Empoleon
|-supereffective|p2a: Empoleon
|-damage|p2a: Empoleon|0 fnt
|-unboost|p1a: Arcanine|def|1
|-unboost|p1a: Arcanine|spd|1
|faint|p2a: Empoleon
|
|
|switch|p2a: Lopunny|Lopunny-Mega, F|271\/271
|turn|14
|
|switch|p1a: Weezing|Weezing, F|308\/334
|move|p2a: Lopunny|High Jump Kick|p1a: Weezing
|-resisted|p1a: Weezing
|-damage|p1a: Weezing|229\/334
|
|-heal|p1a: Weezing|249\/334|[from] item: Black Sludge
|turn|15
|
|switch|p2a: Hydreigon|Hydreigon, F|325\/325
|move|p1a: Weezing|Will-O-Wisp|p2a: Hydreigon
|-status|p2a: Hydreigon|brn
|
|-heal|p1a: Weezing|269\/334|[from] item: Black Sludge
|-damage|p2a: Hydreigon|285\/325 brn|[from] brn
|turn|16
|
|switch|p1a: Snorlax|Snorlax, F|139\/461 slp
|move|p2a: Hydreigon|Dark Pulse|p1a: Snorlax
|-damage|p1a: Snorlax|6\/461 slp
|
|-damage|p2a: Hydreigon|245\/325 brn|[from] brn
|turn|17
|
|move|p2a: Hydreigon|Dark Pulse|p1a: Snorlax
|-damage|p1a: Snorlax|0 fnt
|faint|p1a: Snorlax
|
|-damage|p2a: Hydreigon|205\/325 brn|[from] brn
|
|switch|p1a: Nidoqueen|Nidoqueen, F|346\/346
|turn|18
|
|move|p2a: Hydreigon|Dark Pulse|p1a: Nidoqueen
|-damage|p1a: Nidoqueen|189\/346
|move|p1a: Nidoqueen|Earthquake|p2a: Hydreigon
|-immune|p2a: Hydreigon|[msg]
|
|-damage|p2a: Hydreigon|165\/325 brn|[from] brn
|turn|19
|
|switch|p2a: Jirachi|Jirachi|397\/397
|move|p1a: Nidoqueen|Ice Punch|p2a: Jirachi
|-resisted|p2a: Jirachi
|-damage|p2a: Jirachi|327\/397
|
|-heal|p2a: Jirachi|351\/397|[from] item: Leftovers
|turn|20
|
|switch|p1a: Weezing|Weezing, F|269\/334
|move|p2a: Jirachi|Iron Head|p1a: Weezing
|-damage|p1a: Weezing|184\/334
|
|-heal|p2a: Jirachi|375\/397|[from] item: Leftovers
|-heal|p1a: Weezing|204\/334|[from] item: Black Sludge
|turn|21
|
|move|p2a: Jirachi|Iron Head|p1a: Weezing
|-damage|p1a: Weezing|125\/334
|cant|p1a: Weezing|flinch
|
|-heal|p2a: Jirachi|397\/397|[from] item: Leftovers
|-heal|p1a: Weezing|145\/334|[from] item: Black Sludge
|turn|22
|
|switch|p2a: Hydreigon|Hydreigon, F|165\/325 brn
|move|p1a: Weezing|Pain Split|p2a: Hydreigon
|-sethp|p2a: Hydreigon|155\/325 brn|p1a: Weezing|155\/334|[from] move: Pain Split
|
|-heal|p1a: Weezing|175\/334|[from] item: Black Sludge
|-damage|p2a: Hydreigon|115\/325 brn|[from] brn
|turn|23
|
|switch|p1a: Blastoise|Blastoise-Mega, M|315\/362
|move|p2a: Hydreigon|Draco Meteor|p1a: Blastoise
|-damage|p1a: Blastoise|110\/362
|-unboost|p2a: Hydreigon|spa|2
|
|-damage|p2a: Hydreigon|75\/325 brn|[from] brn
|turn|24
|
|switch|p2a: Jirachi|Jirachi|397\/397
|switch|p1a: Arcanine|Arcanine, F|317\/383
|-ability|p1a: Arcanine|Intimidate|[of] p2a: Jirachi
|-unboost|p2a: Jirachi|atk|1
|
|turn|25
|
|move|p2a: Jirachi|Stealth Rock|p1a: Arcanine
|-sidestart|p1: 151forfun|move: Stealth Rock
|move|p1a: Arcanine|Flare Blitz|p2a: Jirachi
|-supereffective|p2a: Jirachi
|-damage|p2a: Jirachi|0 fnt
|-damage|p1a: Arcanine|186\/383|[from] recoil|[of] p2a: Jirachi
|faint|p2a: Jirachi
|
|
|switch|p2a: Lopunny|Lopunny-Mega, F|271\/271
|turn|26
|
|switch|p1a: Weezing|Weezing, F|175\/334
|-damage|p1a: Weezing|134\/334|[from] Stealth Rock
|move|p2a: Lopunny|Fake Out|p1a: Weezing
|-damage|p1a: Weezing|85\/334
|
|-heal|p1a: Weezing|105\/334|[from] item: Black Sludge
|turn|27
|
|move|p2a: Lopunny|Return|p1a: Weezing
|-damage|p1a: Weezing|0 fnt
|faint|p1a: Weezing
|
|
|switch|p1a: Alakazam|Alakazam, M|252\/252
|turn|28
|
|switch|p2a: Amoonguss|Amoonguss, F|432\/432
|move|p1a: Alakazam|Psyshock|p2a: Amoonguss
|-crit|p2a: Amoonguss
|-supereffective|p2a: Amoonguss
|-damage|p2a: Amoonguss|0 fnt
|faint|p2a: Amoonguss
|
|
|switch|p2a: Hydreigon|Hydreigon, F|75\/325 brn
|turn|29
|
|switch|p1a: Blastoise|Blastoise-Mega, M|110\/362
|-damage|p1a: Blastoise|65\/362|[from] Stealth Rock
|move|p2a: Hydreigon|U-turn|p1a: Blastoise
|-damage|p1a: Blastoise|41\/362
|
|switch|p2a: Lopunny|Lopunny-Mega, F|271\/271
|
|turn|30
|
|move|p2a: Lopunny|Fake Out|p1a: Blastoise
|-crit|p1a: Blastoise
|-damage|p1a: Blastoise|0 fnt
|faint|p1a: Blastoise
|
|
|switch|p1a: Alakazam|Alakazam, M|252\/252
|turn|31
|
|move|p2a: Lopunny|Return|p1a: Alakazam
|-enditem|p1a: Alakazam|Focus Sash
|-damage|p1a: Alakazam|1\/252
|move|p1a: Alakazam|Dazzling Gleam|p2a: Lopunny
|-supereffective|p2a: Lopunny
|-damage|p2a: Lopunny|65\/271
|
|turn|32
|
|switch|p1a: Nidoqueen|Nidoqueen, F|189\/346
|-damage|p1a: Nidoqueen|168\/346|[from] Stealth Rock
|move|p2a: Lopunny|Return|p1a: Nidoqueen
|-damage|p1a: Nidoqueen|0 fnt
|faint|p1a: Nidoqueen
|
|
|switch|p1a: Arcanine|Arcanine, F|186\/383
|-damage|p1a: Arcanine|91\/383|[from] Stealth Rock
|-ability|p1a: Arcanine|Intimidate|[of] p2a: Lopunny
|-unboost|p2a: Lopunny|atk|1
|turn|33
|
|switch|p2a: Hydreigon|Hydreigon, F|75\/325 brn
|move|p1a: Arcanine|Extreme Speed|p2a: Hydreigon
|-damage|p2a: Hydreigon|0 fnt
|faint|p2a: Hydreigon
|
|
|switch|p2a: Lopunny|Lopunny-Mega, F|65\/271
|turn|34
|
|move|p2a: Lopunny|Fake Out|p1a: Arcanine
|-damage|p1a: Arcanine|7\/383
|cant|p1a: Arcanine|flinch
|
|turn|35
|c|âCenihec|daaaaaaamn
|c|âCenihec|lol
|c|â151forfun|gg
|c|âCenihec|gg
|c|â151forfun|really close game
|
|move|p1a: Arcanine|Extreme Speed|p2a: Lopunny
|-damage|p2a: Lopunny|0 fnt
|faint|p2a: Lopunny
|
|win|151forfun
|raw|Ladder updating...
|raw|151forfun's rating: 1333 &rarr; <strong>1351<\/strong><br \/>(+18 for winning)
|raw|Cenihec's rating: 1292 &rarr; <strong>1270<\/strong><br \/>(-22 for losing)
|c|âCenihec|amazing gwn 1 team
|c|âCenihec|*gen
|c|â151forfun|thanks dude
|c|âCenihec|cya :)
|c|â151forfun|later