|join|151forfun
|join|pokemonisfun
|player|p1|151forfun|3
|player|p2|pokemonisfun|184
|gametype|singles
|gen|6
|tier|UU
|rated
|rule|Sleep Clause Mod: Limit one foe put to sleep
|rule|Species Clause: Limit one of each PokÃ©mon
|rule|OHKO Clause: OHKO moves are banned
|rule|Moody Clause: Moody is banned
|rule|Evasion Moves Clause: Evasion moves are banned
|rule|Endless Battle Clause: Forcing endless battles is banned
|rule|HP Percentage Mod: HP is shown in percentages
|clearpoke
|poke|p1|Blastoise, F
|poke|p1|Nidoqueen, F
|poke|p1|Weezing, M
|poke|p1|Snorlax, M
|poke|p1|Arcanine, F
|poke|p1|Alakazam, M
|poke|p2|Blissey, F
|poke|p2|Swampert, F
|poke|p2|Granbull, F
|poke|p2|Alomomola, F
|poke|p2|Crobat, M
|poke|p2|Celebi
|rule|Swagger Clause: Swagger is banned
|rule|Baton Pass Clause: Limit one PokÃ©mon knowing Baton Pass
|teampreview
|
|start
|switch|p1a: Alakazam|Alakazam, M|252\/252
|switch|p2a: bubblsy bubbles|Swampert, F|404\/404
|turn|1
|
|switch|p2a: onion fairy god|Celebi|396\/396
|move|p1a: Alakazam|Energy Ball|p2a: onion fairy god
|-resisted|p2a: onion fairy god
|-damage|p2a: onion fairy god|340\/396
|
|-heal|p2a: onion fairy god|364\/396|[from] item: Leftovers
|turn|2
|
|switch|p1a: Arcanine|Arcanine, F|383\/383
|-ability|p1a: Arcanine|Intimidate|[of] p2a: onion fairy god
|-unboost|p2a: onion fairy god|atk|1
|move|p2a: onion fairy god|Stealth Rock|p1a: Arcanine
|-sidestart|p1: 151forfun|move: Stealth Rock
|
|-heal|p2a: onion fairy god|388\/396|[from] item: Leftovers
|turn|3
|
|switch|p2a: bubblsy bubbles|Swampert, F|404\/404
|switch|p1a: Blastoise|Blastoise, F|362\/362
|-damage|p1a: Blastoise|317\/362|[from] Stealth Rock
|
|turn|4
|
|detailschange|p1a: Blastoise|Blastoise-Mega, F
|-mega|p1a: Blastoise|Blastoise|Blastoisinite
|detailschange|p2a: bubblsy bubbles|Swampert-Mega, F
|-mega|p2a: bubblsy bubbles|Swampert|Swampertite
|move|p1a: Blastoise|Water Pulse|p2a: bubblsy bubbles
|-damage|p2a: bubblsy bubbles|284\/404
|move|p2a: bubblsy bubbles|Earthquake|p1a: Blastoise
|-crit|p1a: Blastoise
|-damage|p1a: Blastoise|116\/362
|
|turn|5
|
|switch|p1a: Weezing|Weezing, M|334\/334
|-damage|p1a: Weezing|293\/334|[from] Stealth Rock
|move|p2a: bubblsy bubbles|Earthquake|p1a: Weezing
|-immune|p1a: Weezing|[msg]
|
|-heal|p1a: Weezing|313\/334|[from] item: Black Sludge
|turn|6
|
|move|p2a: bubblsy bubbles|Rest|p2a: bubblsy bubbles
|-status|p2a: bubblsy bubbles|slp
|-heal|p2a: bubblsy bubbles|404\/404 slp|[silent]
|-status|p2a: bubblsy bubbles|slp|[from] move: Rest
|move|p1a: Weezing|Toxic Spikes|p2a: bubblsy bubbles
|-sidestart|p2: pokemonisfun|move: Toxic Spikes
|
|-heal|p1a: Weezing|333\/334|[from] item: Black Sludge
|turn|7
|
|switch|p1a: Alakazam|Alakazam, M|252\/252
|cant|p2a: bubblsy bubbles|slp
|move|p2a: bubblsy bubbles|Sleep Talk|p2a: bubblsy bubbles
|move|p2a: bubblsy bubbles|Rest|p2a: bubblsy bubbles|[from]Sleep Talk
|-fail|p2a: bubblsy bubbles
|
|turn|8
|
|switch|p2a: onion fairy god|Celebi|388\/396
|-status|p2a: onion fairy god|psn
|move|p1a: Alakazam|Energy Ball|p2a: onion fairy god
|-resisted|p2a: onion fairy god
|-damage|p2a: onion fairy god|333\/396 psn
|
|-heal|p2a: onion fairy god|357\/396 psn|[from] item: Leftovers
|-damage|p2a: onion fairy god|308\/396 psn|[from] psn
|turn|9
|
|switch|p1a: Snorlax|Snorlax, M|461\/461
|-damage|p1a: Snorlax|404\/461|[from] Stealth Rock
|move|p2a: onion fairy god|Giga Drain|p1a: Snorlax
|-damage|p1a: Snorlax|346\/461
|-heal|p2a: onion fairy god|337\/396 psn|[from] drain|[of] p1a: Snorlax
|
|-heal|p2a: onion fairy god|361\/396 psn|[from] item: Leftovers
|-damage|p2a: onion fairy god|312\/396 psn|[from] psn
|turn|10
|
|move|p1a: Snorlax|Pursuit|p2a: onion fairy god|[from]Pursuit
|-supereffective|p2a: onion fairy god
|-damage|p2a: onion fairy god|186\/396 psn
|switch|p2a: woofy woof woof|Granbull, F|384\/384
|-status|p2a: woofy woof woof|psn
|-ability|p2a: woofy woof woof|Intimidate|[of] p1a: Snorlax
|-unboost|p1a: Snorlax|atk|1
|
|-damage|p2a: woofy woof woof|336\/384 psn|[from] psn
|turn|11
|
|switch|p2a: batsy watzy|Crobat, M|373\/373
|switch|p1a: Nidoqueen|Nidoqueen, F|346\/346
|-damage|p1a: Nidoqueen|325\/346|[from] Stealth Rock
|
|turn|12
|
|switch|p2a: bubblsy bubbles|Swampert-Mega, F|404\/404 slp
|move|p1a: Nidoqueen|Ice Punch|p2a: bubblsy bubbles
|-damage|p2a: bubblsy bubbles|281\/404 slp
|
|turn|13
|
|move|p1a: Nidoqueen|Stealth Rock|p2a: bubblsy bubbles
|-sidestart|p2: pokemonisfun|move: Stealth Rock
|cant|p2a: bubblsy bubbles|slp
|move|p2a: bubblsy bubbles|Sleep Talk|p2a: bubblsy bubbles
|move|p2a: bubblsy bubbles|Scald|p1a: Nidoqueen|[from]Sleep Talk
|-supereffective|p1a: Nidoqueen
|-damage|p1a: Nidoqueen|125\/346
|
|turn|14
|
|switch|p1a: Alakazam|Alakazam, M|252\/252
|-curestatus|p2a: bubblsy bubbles|slp
|move|p2a: bubblsy bubbles|Scald|p1a: Alakazam
|-damage|p1a: Alakazam|159\/252
|
|turn|15
|
|switch|p2a: Mega Chansey|Blissey, F|656\/656
|-status|p2a: Mega Chansey|psn
|-damage|p2a: Mega Chansey|574\/656 psn|[from] Stealth Rock
|move|p1a: Alakazam|Energy Ball|p2a: Mega Chansey
|-damage|p2a: Mega Chansey|511\/656 psn
|
|-heal|p2a: Mega Chansey|552\/656 psn|[from] item: Leftovers
|-damage|p2a: Mega Chansey|470\/656 psn|[from] psn
|turn|16
|
|move|p1a: Alakazam|Psyshock|p2a: Mega Chansey
|-damage|p2a: Mega Chansey|166\/656 psn
|move|p2a: Mega Chansey|Soft-Boiled|p2a: Mega Chansey
|-heal|p2a: Mega Chansey|494\/656 psn
|
|-heal|p2a: Mega Chansey|535\/656 psn|[from] item: Leftovers
|-damage|p2a: Mega Chansey|453\/656 psn|[from] psn
|turn|17
|
|switch|p2a: woofy woof woof|Granbull, F|336\/384 psn
|-damage|p2a: woofy woof woof|288\/384 psn|[from] Stealth Rock
|-ability|p2a: woofy woof woof|Intimidate|[of] p1a: Alakazam
|-unboost|p1a: Alakazam|atk|1
|move|p1a: Alakazam|Encore|p2a: woofy woof woof
|-fail|p2a: woofy woof woof
|
|-heal|p2a: woofy woof woof|312\/384 psn|[from] item: Leftovers
|-damage|p2a: woofy woof woof|264\/384 psn|[from] psn
|turn|18
|
|switch|p1a: Weezing|Weezing, M|333\/334
|-damage|p1a: Weezing|292\/334|[from] Stealth Rock
|move|p2a: woofy woof woof|Play Rough|p1a: Weezing
|-resisted|p1a: Weezing
|-damage|p1a: Weezing|254\/334
|
|-heal|p1a: Weezing|274\/334|[from] item: Black Sludge
|-heal|p2a: woofy woof woof|288\/384 psn|[from] item: Leftovers
|-damage|p2a: woofy woof woof|240\/384 psn|[from] psn
|turn|19
|
|switch|p1a: Alakazam|Alakazam, M|159\/252
|switch|p2a: batsy watzy|Crobat, M|373\/373
|-damage|p2a: batsy watzy|280\/373|[from] Stealth Rock
|
|-heal|p2a: batsy watzy|303\/373|[from] item: Black Sludge
|turn|20
|
|switch|p1a: Snorlax|Snorlax, M|346\/461
|-damage|p1a: Snorlax|289\/461|[from] Stealth Rock
|move|p2a: batsy watzy|Brave Bird|p1a: Snorlax
|-damage|p1a: Snorlax|159\/461
|-damage|p2a: batsy watzy|260\/373|[from] recoil|[of] p1a: Snorlax
|
|-heal|p2a: batsy watzy|283\/373|[from] item: Black Sludge
|turn|21
|
|move|p2a: batsy watzy|Defog|p1a: Snorlax
|-unboost|p1a: Snorlax|evasion|1
|-sideend|p1: 151forfun|Stealth Rock|[from] move: Defog|[of] p1a: Snorlax
|-sideend|p2: pokemonisfun|Toxic Spikes|[from] move: Defog|[of] p2a: batsy watzy
|-sideend|p2: pokemonisfun|Stealth Rock|[from] move: Defog|[of] p2a: batsy watzy
|move|p1a: Snorlax|Body Slam|p2a: batsy watzy
|-damage|p2a: batsy watzy|120\/373
|-status|p2a: batsy watzy|par
|
|-heal|p2a: batsy watzy|143\/373 par|[from] item: Black Sludge
|turn|22
|
|switch|p2a: onion fairy god|Celebi|186\/396
|move|p1a: Snorlax|Body Slam|p2a: onion fairy god
|-damage|p2a: onion fairy god|77\/396
|
|-heal|p2a: onion fairy god|101\/396|[from] item: Leftovers
|turn|23
|
|move|p2a: onion fairy god|Recover|p2a: onion fairy god
|-heal|p2a: onion fairy god|299\/396
|move|p1a: Snorlax|Crunch|p2a: onion fairy god
|-supereffective|p2a: onion fairy god
|-damage|p2a: onion fairy god|159\/396
|-unboost|p2a: onion fairy god|def|1
|
|-heal|p2a: onion fairy god|183\/396|[from] item: Leftovers
|turn|24
|
|move|p2a: onion fairy god|Recover|p2a: onion fairy god
|-heal|p2a: onion fairy god|381\/396
|move|p1a: Snorlax|Pursuit|p2a: onion fairy god
|-supereffective|p2a: onion fairy god
|-damage|p2a: onion fairy god|281\/396
|
|-heal|p2a: onion fairy god|305\/396|[from] item: Leftovers
|turn|25
|
|move|p2a: onion fairy god|Stealth Rock|p1a: Snorlax
|-sidestart|p1: 151forfun|move: Stealth Rock
|move|p1a: Snorlax|Crunch|p2a: onion fairy god
|-supereffective|p2a: onion fairy god
|-damage|p2a: onion fairy god|97\/396
|-unboost|p2a: onion fairy god|def|1
|
|-heal|p2a: onion fairy god|121\/396|[from] item: Leftovers
|turn|26
|
|move|p2a: onion fairy god|Recover|p2a: onion fairy god
|-heal|p2a: onion fairy god|319\/396
|move|p1a: Snorlax|Pursuit|p2a: onion fairy god
|-supereffective|p2a: onion fairy god
|-damage|p2a: onion fairy god|195\/396
|
|-heal|p2a: onion fairy god|219\/396|[from] item: Leftovers
|turn|27
|
|move|p1a: Snorlax|Pursuit|p2a: onion fairy god|[from]Pursuit
|-supereffective|p2a: onion fairy god
|-damage|p2a: onion fairy god|0 fnt
|faint|p2a: onion fairy god
|
|
|switch|p2a: bubblsy bubbles|Swampert-Mega, F|281\/404
|turn|28
|
|switch|p1a: Weezing|Weezing, M|274\/334
|-damage|p1a: Weezing|233\/334|[from] Stealth Rock
|move|p2a: bubblsy bubbles|Scald|p1a: Weezing
|-damage|p1a: Weezing|115\/334
|
|-heal|p1a: Weezing|135\/334|[from] item: Black Sludge
|turn|29
|
|move|p2a: bubblsy bubbles|Scald|p1a: Weezing
|-damage|p1a: Weezing|9\/334
|move|p1a: Weezing|Toxic Spikes|p2a: bubblsy bubbles
|-sidestart|p2: pokemonisfun|move: Toxic Spikes
|
|-heal|p1a: Weezing|29\/334|[from] item: Black Sludge
|turn|30
|
|switch|p1a: Snorlax|Snorlax, M|159\/461
|-damage|p1a: Snorlax|102\/461|[from] Stealth Rock
|move|p2a: bubblsy bubbles|Scald|p1a: Snorlax
|-damage|p1a: Snorlax|50\/461
|
|turn|31
|
|switch|p2a: swimmy swim|Alomomola, F|471\/471
|-status|p2a: swimmy swim|psn
|move|p1a: Snorlax|Body Slam|p2a: swimmy swim
|-crit|p2a: swimmy swim
|-damage|p2a: swimmy swim|300\/471 psn
|
|-heal|p2a: swimmy swim|329\/471 psn|[from] item: Leftovers
|-damage|p2a: swimmy swim|271\/471 psn|[from] psn
|turn|32
|
|move|p2a: swimmy swim|Wish|p2a: swimmy swim
|move|p1a: Snorlax|Body Slam|p2a: swimmy swim
|-damage|p2a: swimmy swim|151\/471 psn
|
|-heal|p2a: swimmy swim|180\/471 psn|[from] item: Leftovers
|-damage|p2a: swimmy swim|122\/471 psn|[from] psn
|turn|33
|
|move|p2a: swimmy swim|Protect|p2a: swimmy swim
|-singleturn|p2a: swimmy swim|Protect
|move|p1a: Snorlax|Body Slam|p2a: swimmy swim
|-activate|p2a: swimmy swim|Protect
|
|-heal|p2a: swimmy swim|357\/471 psn|[from] move: Wish|[wisher] swimmy swim
|-heal|p2a: swimmy swim|386\/471 psn|[from] item: Leftovers
|-damage|p2a: swimmy swim|328\/471 psn|[from] psn
|turn|34
|
|switch|p1a: Blastoise|Blastoise-Mega, F|116\/362
|-damage|p1a: Blastoise|71\/362|[from] Stealth Rock
|move|p2a: swimmy swim|Wish|p2a: swimmy swim
|
|-heal|p2a: swimmy swim|357\/471 psn|[from] item: Leftovers
|-damage|p2a: swimmy swim|299\/471 psn|[from] psn
|turn|35
|
|switch|p2a: Mega Chansey|Blissey, F|453\/656
|-status|p2a: Mega Chansey|psn
|move|p1a: Blastoise|Rapid Spin|p2a: Mega Chansey
|-crit|p2a: Mega Chansey
|-damage|p2a: Mega Chansey|411\/656 psn
|-sideend|p1: 151forfun|Stealth Rock|[from] move: Rapid Spin|[of] p1a: Blastoise
|
|-heal|p2a: Mega Chansey|646\/656 psn|[from] move: Wish|[wisher] swimmy swim
|-heal|p2a: Mega Chansey|656\/656 psn|[from] item: Leftovers
|-damage|p2a: Mega Chansey|574\/656 psn|[from] psn
|turn|36
|
|switch|p1a: Arcanine|Arcanine, F|383\/383
|-ability|p1a: Arcanine|Intimidate|[of] p2a: Mega Chansey
|-unboost|p2a: Mega Chansey|atk|1
|move|p2a: Mega Chansey|Heal Bell|p2a: Mega Chansey
|-cureteam|p2a: Mega Chansey|[from] move: HealBell
|
|-heal|p2a: Mega Chansey|615\/656|[from] item: Leftovers
|turn|37
|
|switch|p2a: swimmy swim|Alomomola, F|456\/471
|-status|p2a: swimmy swim|psn
|move|p1a: Arcanine|Close Combat|p2a: swimmy swim
|-damage|p2a: swimmy swim|270\/471 psn
|-unboost|p1a: Arcanine|def|1
|-unboost|p1a: Arcanine|spd|1
|
|-heal|p2a: swimmy swim|299\/471 psn|[from] item: Leftovers
|-damage|p2a: swimmy swim|241\/471 psn|[from] psn
|turn|38
|
|switch|p1a: Snorlax|Snorlax, M|50\/461
|switch|p2a: woofy woof woof|Granbull, F|240\/384
|-status|p2a: woofy woof woof|psn
|-ability|p2a: woofy woof woof|Intimidate|[of] p1a: Snorlax
|-unboost|p1a: Snorlax|atk|1
|
|-heal|p2a: woofy woof woof|264\/384 psn|[from] item: Leftovers
|-damage|p2a: woofy woof woof|216\/384 psn|[from] psn
|turn|39
|
|switch|p1a: Nidoqueen|Nidoqueen, F|125\/346
|move|p2a: woofy woof woof|Rest|p2a: woofy woof woof
|-status|p2a: woofy woof woof|slp
|-heal|p2a: woofy woof woof|384\/384 slp|[silent]
|-status|p2a: woofy woof woof|slp|[from] move: Rest
|
|turn|40
|
|switch|p2a: bubblsy bubbles|Swampert-Mega, F|281\/404
|-status|p2a: bubblsy bubbles|psn
|move|p1a: Nidoqueen|Stealth Rock|p2a: bubblsy bubbles
|-sidestart|p2: pokemonisfun|move: Stealth Rock
|
|-damage|p2a: bubblsy bubbles|231\/404 psn|[from] psn
|turn|41
|
|move|p1a: Nidoqueen|Earthquake|p2a: bubblsy bubbles
|-damage|p2a: bubblsy bubbles|50\/404 psn
|-damage|p1a: Nidoqueen|91\/346|[from] item: Life Orb
|move|p2a: bubblsy bubbles|Rest|p2a: bubblsy bubbles
|-status|p2a: bubblsy bubbles|slp
|-heal|p2a: bubblsy bubbles|404\/404 slp|[silent]
|-status|p2a: bubblsy bubbles|slp|[from] move: Rest
|
|turn|42
|
|switch|p2a: batsy watzy|Crobat, M|143\/373
|-damage|p2a: batsy watzy|50\/373|[from] Stealth Rock
|move|p1a: Nidoqueen|Ice Punch|p2a: batsy watzy
|-supereffective|p2a: batsy watzy
|-damage|p2a: batsy watzy|0 fnt
|faint|p2a: batsy watzy
|
|c|âpokemonisfun|gg
|c|â151forfun|gg
|-message|pokemonisfun forfeited.
|leave|pokemonisfun
|
|win|151forfun
|raw|Ladder updating...
|player|p2
|raw|151forfun's rating: 1536 &rarr; <strong>1561<\/strong><br \/>(+25 for winning)
|raw|pokemonisfun's rating: 1642 &rarr; <strong>1616<\/strong><br \/>(-26 for losing)
|c|â151forfun|celebi hax mattered