|join|151forfun
|join|Unknown Wish
|player|p1|151forfun|3
|player|p2|Unknown Wish|168
|gametype|singles
|gen|6
|tier|UU
|rated
|rule|Sleep Clause Mod: Limit one foe put to sleep
|rule|Species Clause: Limit one of each PokÃ©mon
|rule|OHKO Clause: OHKO moves are banned
|rule|Moody Clause: Moody is banned
|rule|Evasion Moves Clause: Evasion moves are banned
|rule|Endless Battle Clause: Forcing endless battles is banned
|rule|HP Percentage Mod: HP is shown in percentages
|clearpoke
|poke|p1|Blastoise, M
|poke|p1|Nidoqueen, F
|poke|p1|Weezing, M
|poke|p1|Snorlax, F
|poke|p1|Arcanine, F
|poke|p1|Alakazam, F
|poke|p2|Infernape, M, shiny
|poke|p2|Krookodile, M, shiny
|poke|p2|Kingdra, M, shiny
|poke|p2|Slowking, M, shiny
|poke|p2|Tentacruel, F, shiny
|poke|p2|Hydreigon, M, shiny
|rule|Swagger Clause: Swagger is banned
|rule|Baton Pass Clause: Limit one PokÃ©mon knowing Baton Pass
|teampreview
|c|âUnknown Wish|gl
|c|â151forfun|yt
|
|start
|switch|p1a: Arcanine|Arcanine, F|383\/383
|switch|p2a: Kingslow|Slowking, M, shiny|393\/393
|-ability|p1a: Arcanine|Intimidate|[of] p2a: Kingslow
|-unboost|p2a: Kingslow|atk|1
|turn|1
|
|move|p1a: Arcanine|Crunch|p2a: Kingslow
|-supereffective|p2a: Kingslow
|-damage|p2a: Kingslow|179\/393
|-unboost|p2a: Kingslow|def|1
|move|p2a: Kingslow|Scald|p1a: Arcanine
|-supereffective|p1a: Arcanine
|-damage|p1a: Arcanine|149\/383
|
|-heal|p2a: Kingslow|203\/393|[from] item: Leftovers
|turn|2
|
|switch|p1a: Nidoqueen|Nidoqueen, F|346\/346
|switch|p2a: Hannibal|Hydreigon, M, shiny|325\/325
|
|turn|3
|
|move|p2a: Hannibal|U-turn|p1a: Nidoqueen
|-resisted|p1a: Nidoqueen
|-damage|p1a: Nidoqueen|316\/346
|
|switch|p2a: Snaptrap|Krookodile, M, shiny|331\/331
|move|p1a: Nidoqueen|Ice Punch|p2a: Snaptrap
|-supereffective|p2a: Snaptrap
|-damage|p2a: Snaptrap|24\/331
|
|turn|4
|
|switch|p1a: Weezing|Weezing, M|334\/334
|move|p2a: Snaptrap|Knock Off|p1a: Weezing
|-damage|p1a: Weezing|225\/334
|-enditem|p1a: Weezing|Black Sludge|[from] move: Knock Off|[of] p2a: Snaptrap
|
|turn|5
|
|switch|p2a: Squilliam|Tentacruel, F, shiny|363\/363
|move|p1a: Weezing|Toxic Spikes|p2a: Squilliam
|-sidestart|p2: Unknown Wish|move: Toxic Spikes
|
|turn|6
|
|switch|p1a: Nidoqueen|Nidoqueen, F|316\/346
|move|p2a: Squilliam|Rapid Spin|p1a: Nidoqueen
|-damage|p1a: Nidoqueen|304\/346
|-sideend|p2: Unknown Wish|Toxic Spikes|[from] move: Rapid Spin|[of] p2a: Squilliam
|
|turn|7
|
|move|p2a: Squilliam|Scald|p1a: Nidoqueen
|-crit|p1a: Nidoqueen
|-supereffective|p1a: Nidoqueen
|-damage|p1a: Nidoqueen|32\/346
|move|p1a: Nidoqueen|Earthquake|p2a: Squilliam
|-supereffective|p2a: Squilliam
|-damage|p2a: Squilliam|2\/363
|-damage|p1a: Nidoqueen|0 fnt|[from] item: Life Orb
|faint|p1a: Nidoqueen
|
|-heal|p2a: Squilliam|24\/363|[from] item: Black Sludge
|
|switch|p1a: Alakazam|Alakazam, F|252\/252
|turn|8
|
|move|p1a: Alakazam|Dazzling Gleam|p2a: Squilliam
|-resisted|p2a: Squilliam
|-damage|p2a: Squilliam|0 fnt
|faint|p2a: Squilliam
|
|
|switch|p2a: Snaptrap|Krookodile, M, shiny|24\/331
|turn|9
|
|move|p2a: Snaptrap|Knock Off|p1a: Alakazam
|-supereffective|p1a: Alakazam
|-enditem|p1a: Alakazam|Focus Sash
|-damage|p1a: Alakazam|1\/252
|move|p1a: Alakazam|Energy Ball|p2a: Snaptrap
|-supereffective|p2a: Snaptrap
|-damage|p2a: Snaptrap|0 fnt
|faint|p2a: Snaptrap
|
|
|switch|p2a: Hannibal|Hydreigon, M, shiny|325\/325
|turn|10
|
|switch|p1a: Snorlax|Snorlax, F|461\/461
|move|p2a: Hannibal|U-turn|p1a: Snorlax
|-damage|p1a: Snorlax|401\/461
|
|switch|p2a: Great Ape|Infernape, M, shiny|293\/293
|
|turn|11
|
|switch|p1a: Weezing|Weezing, M|225\/334
|move|p2a: Great Ape|Close Combat|p1a: Weezing
|-resisted|p1a: Weezing
|-damage|p1a: Weezing|152\/334
|-unboost|p2a: Great Ape|def|1
|-unboost|p2a: Great Ape|spd|1
|-damage|p2a: Great Ape|264\/293|[from] item: Life Orb
|
|turn|12
|
|move|p2a: Great Ape|Flare Blitz|p1a: Weezing
|-damage|p1a: Weezing|10\/334
|-damage|p2a: Great Ape|217\/293|[from] recoil|[of] p1a: Weezing
|-damage|p2a: Great Ape|188\/293|[from] item: Life Orb
|move|p1a: Weezing|Toxic Spikes|p2a: Great Ape
|-sidestart|p2: Unknown Wish|move: Toxic Spikes
|
|turn|13
|
|move|p2a: Great Ape|Close Combat|p1a: Weezing
|-crit|p1a: Weezing
|-resisted|p1a: Weezing
|-damage|p1a: Weezing|0 fnt
|-unboost|p2a: Great Ape|def|1
|-unboost|p2a: Great Ape|spd|1
|-damage|p2a: Great Ape|159\/293|[from] item: Life Orb
|faint|p1a: Weezing
|
|
|switch|p1a: Alakazam|Alakazam, F|1\/252
|turn|14
|
|switch|p1a: Arcanine|Arcanine, F|149\/383
|-ability|p1a: Arcanine|Intimidate|[of] p2a: Great Ape
|-unboost|p2a: Great Ape|atk|1
|move|p2a: Great Ape|Mach Punch|p1a: Arcanine
|-damage|p1a: Arcanine|75\/383
|-damage|p2a: Great Ape|130\/293|[from] item: Life Orb
|
|turn|15
|
|switch|p2a: Kingslow|Slowking, M, shiny|334\/393
|-status|p2a: Kingslow|psn
|move|p1a: Arcanine|Extreme Speed|p2a: Kingslow
|-damage|p2a: Kingslow|225\/393 psn
|
|-heal|p2a: Kingslow|249\/393 psn|[from] item: Leftovers
|-damage|p2a: Kingslow|200\/393 psn|[from] psn
|turn|16
|
|switch|p1a: Blastoise|Blastoise, M|362\/362
|move|p2a: Kingslow|Scald|p1a: Blastoise
|-resisted|p1a: Blastoise
|-damage|p1a: Blastoise|315\/362
|
|-heal|p2a: Kingslow|224\/393 psn|[from] item: Leftovers
|-damage|p2a: Kingslow|175\/393 psn|[from] psn
|turn|17
|
|detailschange|p1a: Blastoise|Blastoise-Mega, M
|-mega|p1a: Blastoise|Blastoise|Blastoisinite
|move|p1a: Blastoise|Dark Pulse|p2a: Kingslow
|-supereffective|p2a: Kingslow
|-damage|p2a: Kingslow|0 fnt
|faint|p2a: Kingslow
|
|
|switch|p2a: Deadshot|Kingdra, M, shiny|291\/291
|-status|p2a: Deadshot|psn
|turn|18
|
|move|p2a: Deadshot|Outrage|p1a: Blastoise
|-damage|p1a: Blastoise|147\/362
|move|p1a: Blastoise|Aura Sphere|p2a: Deadshot
|-damage|p2a: Deadshot|132\/291 psn
|
|-damage|p2a: Deadshot|96\/291 psn|[from] psn
|turn|19
|
|move|p2a: Deadshot|Outrage|p1a: Blastoise
|-damage|p1a: Blastoise|0 fnt
|faint|p1a: Blastoise
|
|-end|p2a: Deadshot|rampage
|-start|p2a: Deadshot|confusion
|-damage|p2a: Deadshot|60\/291 psn|[from] psn
|
|switch|p1a: Arcanine|Arcanine, F|75\/383
|-ability|p1a: Arcanine|Intimidate|[of] p2a: Deadshot
|-unboost|p2a: Deadshot|atk|1
|turn|20
|
|move|p1a: Arcanine|Extreme Speed|p2a: Deadshot
|-damage|p2a: Deadshot|0 fnt
|faint|p2a: Deadshot
|
|
|switch|p2a: Hannibal|Hydreigon, M, shiny|325\/325
|turn|21
|
|move|p1a: Arcanine|Extreme Speed|p2a: Hannibal
|-damage|p2a: Hannibal|163\/325
|move|p2a: Hannibal|Dark Pulse|p1a: Arcanine
|-damage|p1a: Arcanine|0 fnt
|faint|p1a: Arcanine
|
|
|switch|p1a: Snorlax|Snorlax, F|401\/461
|turn|22
|
|move|p2a: Hannibal|Dark Pulse|p1a: Snorlax
|-crit|p1a: Snorlax
|-damage|p1a: Snorlax|223\/461
|move|p1a: Snorlax|Body Slam|p2a: Hannibal
|-damage|p2a: Hannibal|0 fnt
|faint|p2a: Hannibal
|
|
|switch|p2a: Great Ape|Infernape, M, shiny|130\/293
|-status|p2a: Great Ape|psn
|turn|23
|
|move|p2a: Great Ape|Close Combat|p1a: Snorlax
|-crit|p1a: Snorlax
|-supereffective|p1a: Snorlax
|-damage|p1a: Snorlax|0 fnt
|-unboost|p2a: Great Ape|def|1
|-unboost|p2a: Great Ape|spd|1
|-damage|p2a: Great Ape|101\/293 psn|[from] item: Life Orb
|faint|p1a: Snorlax
|
|-damage|p2a: Great Ape|65\/293 psn|[from] psn
|c|â151forfun|gg
|c|âUnknown Wish|gg
|
|switch|p1a: Alakazam|Alakazam, F|1\/252
|turn|24
|
|move|p2a: Great Ape|Mach Punch|p1a: Alakazam
|-resisted|p1a: Alakazam
|-damage|p1a: Alakazam|0 fnt
|-damage|p2a: Great Ape|36\/293 psn|[from] item: Life Orb
|faint|p1a: Alakazam
|
|win|Unknown Wish
|raw|Ladder updating...
|raw|151forfun's rating: 1461 &rarr; <strong>1431<\/strong><br \/>(-30 for losing)
|raw|Unknown Wish's rating: 1266 &rarr; <strong>1303<\/strong><br \/>(+37 for winning)
|leave|151forfun
|player|p1