|join|specs P2
|join|151forfun
|player|p1|specs P2|161
|player|p2|151forfun|3
|gametype|singles
|gen|6
|tier|UU
|rated
|rule|Sleep Clause Mod: Limit one foe put to sleep
|rule|Species Clause: Limit one of each PokÃ©mon
|rule|OHKO Clause: OHKO moves are banned
|rule|Moody Clause: Moody is banned
|rule|Evasion Moves Clause: Evasion moves are banned
|rule|Endless Battle Clause: Forcing endless battles is banned
|rule|HP Percentage Mod: HP is shown in percentages
|clearpoke
|poke|p1|Beedrill, F
|poke|p1|Entei, shiny
|poke|p1|Starmie
|poke|p1|Hydreigon, F
|poke|p1|Mienshao, M
|poke|p1|Nidoqueen, F
|poke|p2|Blastoise, F
|poke|p2|Nidoqueen, F
|poke|p2|Weezing, M
|poke|p2|Snorlax, M
|poke|p2|Arcanine, M
|poke|p2|Alakazam, F
|rule|Swagger Clause: Swagger is banned
|rule|Baton Pass Clause: Limit one PokÃ©mon knowing Baton Pass
|teampreview
|
|start
|switch|p1a: Starmie|Starmie|261\/261
|switch|p2a: Arcanine|Arcanine, M|383\/383
|-ability|p2a: Arcanine|Intimidate|[of] p1a: Starmie
|-unboost|p1a: Starmie|atk|1
|turn|1
|
|switch|p2a: Blastoise|Blastoise, F|362\/362
|move|p1a: Starmie|Hydro Pump|p2a: Blastoise
|-resisted|p2a: Blastoise
|-damage|p2a: Blastoise|240\/362
|-damage|p1a: Starmie|235\/261|[from] item: Life Orb
|
|turn|2
|
|switch|p2a: Snorlax|Snorlax, M|461\/461
|move|p1a: Starmie|Thunderbolt|p2a: Snorlax
|-damage|p2a: Snorlax|374\/461
|-damage|p1a: Starmie|209\/261|[from] item: Life Orb
|
|turn|3
|
|move|p2a: Snorlax|Pursuit|p1a: Starmie|[from]Pursuit
|-supereffective|p1a: Starmie
|-damage|p1a: Starmie|9\/261
|switch|p1a: Entei|Entei, shiny|371\/371
|-ability|p1a: Entei|Pressure
|
|turn|4
|
|switch|p2a: Arcanine|Arcanine, M|383\/383
|-ability|p2a: Arcanine|Intimidate|[of] p1a: Entei
|-unboost|p1a: Entei|atk|1
|move|p1a: Entei|Sacred Fire|p2a: Arcanine
|-resisted|p2a: Arcanine
|-damage|p2a: Arcanine|313\/383
|
|turn|5
|
|move|p1a: Entei|Stone Edge|p2a: Arcanine
|-supereffective|p2a: Arcanine
|-damage|p2a: Arcanine|113\/383
|move|p2a: Arcanine|Close Combat|p1a: Entei
|-damage|p1a: Entei|126\/371
|-unboost|p2a: Arcanine|def|1
|-unboost|p2a: Arcanine|spd|1
|
|turn|6
|
|switch|p2a: Weezing|Weezing, M|334\/334
|move|p1a: Entei|Extreme Speed|p2a: Weezing
|-damage|p2a: Weezing|294\/334
|
|-heal|p2a: Weezing|314\/334|[from] item: Black Sludge
|turn|7
|
|switch|p2a: Snorlax|Snorlax, M|374\/461
|move|p1a: Entei|Sacred Fire|p2a: Snorlax|[miss]
|-miss|p1a: Entei|p2a: Snorlax
|
|turn|8
|
|move|p1a: Entei|Sacred Fire|p2a: Snorlax
|-damage|p2a: Snorlax|241\/461
|move|p2a: Snorlax|Earthquake|p1a: Entei
|-supereffective|p1a: Entei
|-damage|p1a: Entei|0 fnt
|faint|p1a: Entei
|
|
|switch|p1a: Beedrill|Beedrill, F|271\/271
|turn|9
|
|switch|p2a: Weezing|Weezing, M|314\/334
|detailschange|p1a: Beedrill|Beedrill-Mega, F
|-mega|p1a: Beedrill|Beedrill|Beedrillite
|move|p1a: Beedrill|U-turn|p2a: Weezing
|-resisted|p2a: Weezing
|-damage|p2a: Weezing|247\/334
|
|switch|p1a: Hydreigon|Hydreigon, F|325\/325
|
|-heal|p2a: Weezing|267\/334|[from] item: Black Sludge
|turn|10
|
|switch|p2a: Snorlax|Snorlax, M|241\/461
|move|p1a: Hydreigon|Draco Meteor|p2a: Snorlax
|-damage|p2a: Snorlax|42\/461
|-unboost|p1a: Hydreigon|spa|2
|-damage|p1a: Hydreigon|293\/325|[from] item: Life Orb
|
|turn|11
|
|move|p1a: Hydreigon|Superpower|p2a: Snorlax
|-supereffective|p2a: Snorlax
|-damage|p2a: Snorlax|0 fnt
|-unboost|p1a: Hydreigon|atk|1
|-unboost|p1a: Hydreigon|def|1
|-damage|p1a: Hydreigon|261\/325|[from] item: Life Orb
|faint|p2a: Snorlax
|
|
|switch|p2a: Alakazam|Alakazam, F|252\/252
|turn|12
|
|switch|p1a: Starmie|Starmie|9\/261
|move|p2a: Alakazam|Dazzling Gleam|p1a: Starmie
|-damage|p1a: Starmie|0 fnt
|faint|p1a: Starmie
|
|
|switch|p1a: Beedrill|Beedrill-Mega, F|271\/271
|turn|13
|
|switch|p2a: Weezing|Weezing, M|267\/334
|move|p1a: Beedrill|U-turn|p2a: Weezing
|-resisted|p2a: Weezing
|-damage|p2a: Weezing|206\/334
|
|switch|p1a: Nidoqueen|Nidoqueen, F|353\/353
|
|-heal|p2a: Weezing|226\/334|[from] item: Black Sludge
|turn|14
|
|move|p1a: Nidoqueen|Stealth Rock|p2a: Weezing
|-sidestart|p2: 151forfun|move: Stealth Rock
|move|p2a: Weezing|Will-O-Wisp|p1a: Nidoqueen|[miss]
|-miss|p2a: Weezing|p1a: Nidoqueen
|
|-heal|p2a: Weezing|246\/334|[from] item: Black Sludge
|turn|15
|
|move|p1a: Nidoqueen|Ice Beam|p2a: Weezing
|-damage|p2a: Weezing|55\/334
|move|p2a: Weezing|Will-O-Wisp|p1a: Nidoqueen|[miss]
|-miss|p2a: Weezing|p1a: Nidoqueen
|
|-heal|p2a: Weezing|75\/334|[from] item: Black Sludge
|turn|16
|
|move|p1a: Nidoqueen|Sludge Wave|p2a: Weezing
|-resisted|p2a: Weezing
|-damage|p2a: Weezing|0 fnt
|faint|p2a: Weezing
|
|
|switch|p2a: Alakazam|Alakazam, F|252\/252
|turn|17
|
|move|p2a: Alakazam|Psyshock|p1a: Nidoqueen
|-supereffective|p1a: Nidoqueen
|-damage|p1a: Nidoqueen|11\/353
|move|p1a: Nidoqueen|Sludge Wave|p2a: Alakazam
|-damage|p2a: Alakazam|30\/252
|
|turn|18
|
|move|p2a: Alakazam|Dazzling Gleam|p1a: Nidoqueen
|-resisted|p1a: Nidoqueen
|-damage|p1a: Nidoqueen|0 fnt
|faint|p1a: Nidoqueen
|
|
|switch|p1a: Mienshao|Mienshao, M|271\/271
|turn|19
|
|switch|p2a: Nidoqueen|Nidoqueen, F|346\/346
|-damage|p2a: Nidoqueen|325\/346|[from] Stealth Rock
|move|p1a: Mienshao|U-turn|p2a: Nidoqueen
|-resisted|p2a: Nidoqueen
|-damage|p2a: Nidoqueen|280\/346
|
|switch|p1a: Hydreigon|Hydreigon, F|261\/325
|
|turn|20
|
|move|p1a: Hydreigon|Dark Pulse|p2a: Nidoqueen
|-damage|p2a: Nidoqueen|64\/346
|-damage|p1a: Hydreigon|229\/325|[from] item: Life Orb
|move|p2a: Nidoqueen|Ice Punch|p1a: Hydreigon
|-supereffective|p1a: Hydreigon
|-damage|p1a: Hydreigon|0 fnt
|faint|p1a: Hydreigon
|
|
|switch|p1a: Beedrill|Beedrill-Mega, F|271\/271
|turn|21
|
|move|p1a: Beedrill|U-turn|p2a: Nidoqueen
|-resisted|p2a: Nidoqueen
|-damage|p2a: Nidoqueen|0 fnt
|faint|p2a: Nidoqueen
|
|switch|p1a: Mienshao|Mienshao, M|271\/271
|
|
|switch|p2a: Blastoise|Blastoise, F|240\/362
|-damage|p2a: Blastoise|195\/362|[from] Stealth Rock
|turn|22
|
|detailschange|p2a: Blastoise|Blastoise-Mega, F
|-mega|p2a: Blastoise|Blastoise|Blastoisinite
|move|p1a: Mienshao|High Jump Kick|p2a: Blastoise
|-damage|p2a: Blastoise|0 fnt
|faint|p2a: Blastoise
|
|
|switch|p2a: Alakazam|Alakazam, F|30\/252
|turn|23
|
|move|p1a: Mienshao|High Jump Kick|p2a: Alakazam
|-resisted|p2a: Alakazam
|-damage|p2a: Alakazam|0 fnt
|faint|p2a: Alakazam
|
|
|switch|p2a: Arcanine|Arcanine, M|113\/383
|-damage|p2a: Arcanine|18\/383|[from] Stealth Rock
|-ability|p2a: Arcanine|Intimidate|[of] p1a: Mienshao
|-unboost|p1a: Mienshao|atk|1
|turn|24
|
|move|p2a: Arcanine|Extreme Speed|p1a: Mienshao
|-damage|p1a: Mienshao|62\/271
|move|p1a: Mienshao|High Jump Kick|p2a: Arcanine
|-damage|p2a: Arcanine|0 fnt
|faint|p2a: Arcanine
|
|win|specs P2
|raw|Ladder updating...
|c|â151forfun|gg
|raw|specs P2's rating: 1481 &rarr; <strong>1505<\/strong><br \/>(+24 for winning)
|raw|151forfun's rating: 1549 &rarr; <strong>1525<\/strong><br \/>(-24 for losing)
|c|âspecs P2|gg
|leave|151forfun