|join|k4rpman
|join|JeyTheGrey
|player|p1|k4rpman|266
|player|p2|JeyTheGrey|163
|gametype|singles
|gen|6
|tier|ORAS OU
|rated
|rule|Sleep Clause Mod: Limit one foe put to sleep
|rule|Species Clause: Limit one of each PokÃ©mon
|rule|OHKO Clause: OHKO moves are banned
|rule|Moody Clause: Moody is banned
|rule|Evasion Moves Clause: Evasion moves are banned
|rule|Endless Battle Clause: Forcing endless battles is banned
|rule|HP Percentage Mod: HP is shown in percentages
|clearpoke
|poke|p1|Latios, M
|poke|p1|Heatran, F
|poke|p1|Diancie
|poke|p1|Keldeo
|poke|p1|Thundurus, M
|poke|p1|Celebi
|poke|p2|Slowbro, F
|poke|p2|Landorus-Therian, M
|poke|p2|Greninja, M
|poke|p2|Latias, F
|poke|p2|Clefable, F
|poke|p2|Ferrothorn, F
|rule|Swagger Clause: Swagger is banned
|rule|Baton Pass Clause: Limit one PokÃ©mon knowing Baton Pass
|teampreview
|
|start
|switch|p1a: Keldeo|Keldeo|323\/323
|switch|p2a: Landorus-Therian|Landorus-Therian, M|320\/320
|-ability|p2a: Landorus-Therian|Intimidate|[of] p1a: Keldeo
|-unboost|p1a: Keldeo|atk|1
|turn|1
|
|move|p1a: Keldeo|Scald|p2a: Landorus-Therian
|-supereffective|p2a: Landorus-Therian
|-damage|p2a: Landorus-Therian|0 fnt
|faint|p2a: Landorus-Therian
|
|
|switch|p2a: Slowbro|Slowbro, F|393\/393
|turn|2
|
|switch|p1a: Celebi|Celebi|404\/404
|detailschange|p2a: Slowbro|Slowbro-Mega, F
|message|Slowbro has Mega Evolved into Mega Slowbro!
|move|p2a: Slowbro|Calm Mind|p2a: Slowbro
|-boost|p2a: Slowbro|spa|1
|-boost|p2a: Slowbro|spd|1
|
|turn|3
|
|move|p1a: Celebi|Substitute|p1a: Celebi
|-start|p1a: Celebi|Substitute
|-damage|p1a: Celebi|303\/404
|move|p2a: Slowbro|Calm Mind|p2a: Slowbro
|-boost|p2a: Slowbro|spa|1
|-boost|p2a: Slowbro|spd|1
|
|-heal|p1a: Celebi|328\/404|[from] item: Leftovers
|turn|4
|
|move|p1a: Celebi|Baton Pass|p1a: Celebi
|
|switch|p1a: Thundurus|Thundurus, M|299\/299
|move|p2a: Slowbro|Scald|p1a: Thundurus
|-end|p1a: Thundurus|Substitute
|
|turn|5
|
|move|p1a: Thundurus|Thunderbolt|p2a: Slowbro
|-supereffective|p2a: Slowbro
|-damage|p2a: Slowbro|159\/393
|-damage|p1a: Thundurus|270\/299|[from] item: Life Orb
|move|p2a: Slowbro|Scald|p1a: Thundurus
|-damage|p1a: Thundurus|11\/299
|
|turn|6
|
|switch|p2a: Latias|Latias, F|301\/301
|move|p1a: Thundurus|Thunderbolt|p2a: Latias
|-resisted|p2a: Latias
|-damage|p2a: Latias|214\/301
|-damage|p1a: Thundurus|0 fnt|[from] item: Life Orb
|faint|p1a: Thundurus
|
|
|switch|p1a: Diancie|Diancie|241\/241
|turn|7
|
|switch|p2a: Ferrothorn|Ferrothorn, F|352\/352
|detailschange|p1a: Diancie|Diancie-Mega
|message|Diancie has Mega Evolved into Mega Diancie!
|move|p1a: Diancie|Moonblast|p2a: Ferrothorn
|-resisted|p2a: Ferrothorn
|-damage|p2a: Ferrothorn|290\/352
|
|-heal|p2a: Ferrothorn|312\/352|[from] item: Leftovers
|turn|8
|
|switch|p1a: Heatran|Heatran, F|323\/323
|-item|p1a: Heatran|Air Balloon
|move|p2a: Ferrothorn|Stealth Rock|p1a: Heatran
|-sidestart|p1: k4rpman|move: Stealth Rock
|
|-heal|p2a: Ferrothorn|334\/352|[from] item: Leftovers
|turn|9
|
|switch|p2a: Slowbro|Slowbro-Mega, F|159\/393
|move|p1a: Heatran|Stealth Rock|p2a: Slowbro
|-sidestart|p2: JeyTheGrey|move: Stealth Rock
|
|turn|10
|
|move|p1a: Heatran|Taunt|p2a: Slowbro
|-start|p2a: Slowbro|move: Taunt
|cant|p2a: Slowbro|move: Taunt|Rest
|
|turn|11
|
|switch|p1a: Latios|Latios, M|301\/301
|-damage|p1a: Latios|264\/301|[from] Stealth Rock
|switch|p2a: Greninja|Greninja, M|285\/285
|-damage|p2a: Greninja|250\/285|[from] Stealth Rock
|
|turn|12
|
|switch|p1a: Keldeo|Keldeo|323\/323
|-damage|p1a: Keldeo|303\/323|[from] Stealth Rock
|move|p2a: Greninja|Ice Beam|p1a: Keldeo
|-start|p2a: Greninja|typechange|Ice|[from] Protean
|-resisted|p1a: Keldeo
|-damage|p1a: Keldeo|211\/323
|-damage|p2a: Greninja|222\/285|[from] item: Life Orb
|
|turn|13
|
|switch|p2a: Latias|Latias, F|214\/301
|-damage|p2a: Latias|177\/301|[from] Stealth Rock
|move|p1a: Keldeo|Hydro Pump|p2a: Latias
|-resisted|p2a: Latias
|-damage|p2a: Latias|97\/301
|
|turn|14
|
|switch|p1a: Heatran|Heatran, F|323\/323
|-damage|p1a: Heatran|283\/323|[from] Stealth Rock
|-item|p1a: Heatran|Air Balloon
|move|p2a: Latias|Roost|p2a: Latias
|-heal|p2a: Latias|248\/301
|
|turn|15
|
|move|p2a: Latias|Psyshock|p1a: Heatran
|-resisted|p1a: Heatran
|-damage|p1a: Heatran|210\/323
|-enditem|p1a: Heatran|Air Balloon
|-damage|p2a: Latias|218\/301|[from] item: Life Orb
|move|p1a: Heatran|Fire Blast|p2a: Latias
|-resisted|p2a: Latias
|-damage|p2a: Latias|145\/301
|-status|p2a: Latias|brn
|
|-damage|p2a: Latias|108\/301 brn|[from] brn
|turn|16
|
|move|p2a: Latias|Roost|p2a: Latias
|-heal|p2a: Latias|259\/301 brn
|move|p1a: Heatran|Fire Blast|p2a: Latias|[miss]
|-miss|p1a: Heatran|p2a: Latias
|
|-damage|p2a: Latias|222\/301 brn|[from] brn
|turn|17
|
|move|p2a: Latias|Psyshock|p1a: Heatran
|-resisted|p1a: Heatran
|-damage|p1a: Heatran|126\/323
|-damage|p2a: Latias|192\/301 brn|[from] item: Life Orb
|move|p1a: Heatran|Taunt|p2a: Latias
|-start|p2a: Latias|move: Taunt
|
|-damage|p2a: Latias|155\/301 brn|[from] brn
|turn|18
|
|switch|p1a: Celebi|Celebi|328\/404
|-damage|p1a: Celebi|278\/404|[from] Stealth Rock
|move|p2a: Latias|Draco Meteor|p1a: Celebi
|-damage|p1a: Celebi|12\/404
|-unboost|p2a: Latias|spa|2
|-damage|p2a: Latias|125\/301 brn|[from] item: Life Orb
|
|-heal|p1a: Celebi|37\/404|[from] item: Leftovers
|-damage|p2a: Latias|88\/301 brn|[from] brn
|turn|19
|
|move|p2a: Latias|Draco Meteor|p1a: Celebi
|-damage|p1a: Celebi|0 fnt
|-unboost|p2a: Latias|spa|2
|-damage|p2a: Latias|58\/301 brn|[from] item: Life Orb
|faint|p1a: Celebi
|
|-damage|p2a: Latias|21\/301 brn|[from] brn
|
|switch|p1a: Diancie|Diancie-Mega|241\/241
|-damage|p1a: Diancie|211\/241|[from] Stealth Rock
|turn|20
|
|move|p2a: Latias|Psyshock|p1a: Diancie
|-damage|p1a: Diancie|160\/241
|-damage|p2a: Latias|0 fnt|[from] item: Life Orb
|faint|p2a: Latias
|move|p1a: Diancie|Diamond Storm|p2: Latias|[notarget]
|-notarget
|
|
|switch|p2a: Greninja|Greninja, M|222\/285
|-damage|p2a: Greninja|187\/285|[from] Stealth Rock
|turn|21
|
|switch|p1a: Latios|Latios, M|264\/301
|-damage|p1a: Latios|227\/301|[from] Stealth Rock
|move|p2a: Greninja|Hydro Pump|p1a: Latios
|-start|p2a: Greninja|typechange|Water|[from] Protean
|-resisted|p1a: Latios
|-damage|p1a: Latios|123\/301
|-damage|p2a: Greninja|159\/285|[from] item: Life Orb
|
|turn|22
|
|move|p2a: Greninja|Ice Beam|p1a: Latios
|-start|p2a: Greninja|typechange|Ice|[from] Protean
|-supereffective|p1a: Latios
|-damage|p1a: Latios|0 fnt
|-damage|p2a: Greninja|131\/285|[from] item: Life Orb
|faint|p1a: Latios
|
|
|switch|p1a: Keldeo|Keldeo|211\/323
|-damage|p1a: Keldeo|191\/323|[from] Stealth Rock
|turn|23
|
|switch|p2a: Slowbro|Slowbro-Mega, F|159\/393
|-damage|p2a: Slowbro|110\/393|[from] Stealth Rock
|move|p1a: Keldeo|Hidden Power|p2a: Slowbro
|-supereffective|p2a: Slowbro
|-damage|p2a: Slowbro|0 fnt
|faint|p2a: Slowbro
|
|
|switch|p2a: Clefable|Clefable, F|393\/393
|-damage|p2a: Clefable|344\/393|[from] Stealth Rock
|turn|24
|
|switch|p1a: Heatran|Heatran, F|126\/323
|-damage|p1a: Heatran|86\/323|[from] Stealth Rock
|move|p2a: Clefable|Calm Mind|p2a: Clefable
|-boost|p2a: Clefable|spa|1
|-boost|p2a: Clefable|spd|1
|
|-heal|p2a: Clefable|368\/393|[from] item: Leftovers
|turn|25
|
|move|p1a: Heatran|Taunt|p2a: Clefable
|-start|p2a: Clefable|move: Taunt
|move|p2a: Clefable|Moonblast|p1a: Heatran
|-resisted|p1a: Heatran
|-damage|p1a: Heatran|45\/323
|-unboost|p1a: Heatran|spa|1
|
|-heal|p2a: Clefable|392\/393|[from] item: Leftovers
|turn|26
|
|move|p1a: Heatran|Fire Blast|p2a: Clefable
|-damage|p2a: Clefable|259\/393
|move|p2a: Clefable|Moonblast|p1a: Heatran
|-resisted|p1a: Heatran
|-damage|p1a: Heatran|9\/323
|
|-heal|p2a: Clefable|283\/393|[from] item: Leftovers
|turn|27
|
|move|p1a: Heatran|Fire Blast|p2a: Clefable
|-damage|p2a: Clefable|147\/393
|move|p2a: Clefable|Moonblast|p1a: Heatran
|-resisted|p1a: Heatran
|-damage|p1a: Heatran|0 fnt
|faint|p1a: Heatran
|
|-heal|p2a: Clefable|171\/393|[from] item: Leftovers
|-end|p2a: Clefable|move: Taunt
|
|switch|p1a: Diancie|Diancie-Mega|160\/241
|-damage|p1a: Diancie|130\/241|[from] Stealth Rock
|turn|28
|
|move|p1a: Diancie|Diamond Storm|p2a: Clefable
|-damage|p2a: Clefable|0 fnt
|-boost|p1a: Diancie|def|1
|faint|p2a: Clefable
|
|
|switch|p2a: Greninja|Greninja, M|131\/285
|-damage|p2a: Greninja|96\/285|[from] Stealth Rock
|turn|29
|
|move|p2a: Greninja|Hydro Pump|p1a: Diancie
|-start|p2a: Greninja|typechange|Water|[from] Protean
|-supereffective|p1a: Diancie
|-damage|p1a: Diancie|0 fnt
|-damage|p2a: Greninja|68\/285|[from] item: Life Orb
|faint|p1a: Diancie
|
|
|switch|p1a: Keldeo|Keldeo|191\/323
|-damage|p1a: Keldeo|171\/323|[from] Stealth Rock
|turn|30
|
|move|p1a: Keldeo|Secret Sword|p2a: Greninja
|-damage|p2a: Greninja|0 fnt
|faint|p2a: Greninja
|
|
|switch|p2a: Ferrothorn|Ferrothorn, F|334\/352
|-damage|p2a: Ferrothorn|312\/352|[from] Stealth Rock
|turn|31
|
|move|p1a: Keldeo|Secret Sword|p2a: Ferrothorn
|-supereffective|p2a: Ferrothorn
|-damage|p2a: Ferrothorn|76\/352
|move|p2a: Ferrothorn|Power Whip|p1a: Keldeo
|-supereffective|p1a: Keldeo
|-damage|p1a: Keldeo|0 fnt
|faint|p1a: Keldeo
|
|win|JeyTheGrey
|raw|Ladder updating...
|raw|k4rpman's rating: 1303 &rarr; <strong>1281<\/strong><br \/>(-22 for losing)
|raw|JeyTheGrey's rating: 1271 &rarr; <strong>1298<\/strong><br \/>(+27 for winning)
|leave|k4rpman
|player|p1