|join|K4rpman
|join|AP-Z
|player|p1|K4rpman|2
|player|p2|AP-Z|184
|gametype|singles
|tier|OU
|rule|Evasion Abilities Clause: Evasion abilities are banned
|clearpoke
|poke|p1|Espeon, M
|poke|p1|Volcarona, F
|poke|p1|Jirachi
|poke|p1|Breloom, F
|poke|p1|Dragonite, M
|poke|p1|Garchomp, F
|poke|p2|Umbreon, M
|poke|p2|Blissey, F
|poke|p2|Skarmory, M
|poke|p2|Latias, F
|poke|p2|Starmie
|poke|p2|Jellicent, F
|rule|Sleep Clause Mod: Limit one foe put to sleep
|rule|Species Clause: Limit one of each Pokemon
|rule|OHKO Clause: OHKO moves are banned
|rule|Moody Clause: Moody is banned
|rule|Evasion Moves Clause: Evasion moves are banned
|rule|HP Percentage Mod: HP is reported as percentages
|teampreview
|callback|decision
|
|start
|switch|p1a: Garchomp|Garchomp, F|358\/358
|switch|p2a: Skarmory|Skarmory, M|334\/334
|turn|1
|callback|decision
|
|switch|p1a: Espeon|Espeon, M|334\/334
|switch|p2a: Umbreon|Umbreon, M|394\/394
|
|turn|2
|callback|decision
|
|move|p1a: Espeon|Baton Pass|p1a: Espeon
|callback|decision
|
|switch|p1a: Garchomp|Garchomp, F|358\/358
|move|p2a: Umbreon|Curse|p2a: Umbreon
|-boost|p2a: Umbreon|atk|1
|-boost|p2a: Umbreon|def|1
|-unboost|p2a: Umbreon|spe|1
|
|turn|3
|callback|decision
|
|move|p1a: Garchomp|Stealth Rock|p2a: Umbreon
|-sidestart|p2: AP-Z|move: Stealth Rock
|move|p2a: Umbreon|Payback|p1a: Garchomp
|-damage|p1a: Garchomp|222\/358
|-damage|p2a: Umbreon|345\/394|[from] ability: Rough Skin|[of] p1a: Garchomp
|
|-heal|p2a: Umbreon|369\/394|[from] item: Leftovers
|turn|4
|callback|decision
|
|move|p1a: Garchomp|Swords Dance|p1a: Garchomp
|-boost|p1a: Garchomp|atk|2
|move|p2a: Umbreon|Curse|p2a: Umbreon
|-boost|p2a: Umbreon|atk|1
|-boost|p2a: Umbreon|def|1
|-unboost|p2a: Umbreon|spe|1
|
|-heal|p2a: Umbreon|393\/394|[from] item: Leftovers
|turn|5
|callback|decision
|
|move|p1a: Garchomp|Swords Dance|p1a: Garchomp
|-boost|p1a: Garchomp|atk|2
|move|p2a: Umbreon|Payback|p1a: Garchomp
|-damage|p1a: Garchomp|47\/358
|-damage|p2a: Umbreon|344\/394|[from] ability: Rough Skin|[of] p1a: Garchomp
|
|-heal|p2a: Umbreon|368\/394|[from] item: Leftovers
|turn|6
|callback|decision
|
|move|p1a: Garchomp|Outrage|p2a: Umbreon
|-damage|p2a: Umbreon|0 fnt
|-damage|p1a: Garchomp|12\/358|[from] item: Life Orb
|faint|p2a: Umbreon
|
|callback|decision
|
|switch|p2a: Starmie|Starmie|261\/261
|-damage|p2a: Starmie|229\/261|[from] Stealth Rock
|turn|7
|callback|decision
|
|move|p2a: Starmie|Psychic|p1a: Garchomp
|-damage|p1a: Garchomp|0 fnt
|faint|p1a: Garchomp
|
|-heal|p2a: Starmie|245\/261|[from] item: Leftovers
|callback|decision
|
|switch|p1a: Jirachi|Jirachi|341\/341
|turn|8
|callback|decision
|
|move|p1a: Jirachi|U-turn|p2a: Starmie
|-supereffective|p2a: Starmie
|-damage|p2a: Starmie|81\/261
|callback|decision
|
|switch|p1a: Espeon|Espeon, M|334\/334
|move|p2a: Starmie|Rapid Spin|p1a: Espeon
|-damage|p1a: Espeon|318\/334
|-sideend|p2: AP-Z|Stealth Rock|[from] move: Rapid Spin|[of] p2a: Starmie
|
|-heal|p2a: Starmie|97\/261|[from] item: Leftovers
|turn|9
|callback|decision
|
|switch|p1a: Jirachi|Jirachi|341\/341
|move|p2a: Starmie|Surf|p1a: Jirachi
|-damage|p1a: Jirachi|191\/341
|
|-heal|p2a: Starmie|113\/261|[from] item: Leftovers
|turn|10
|callback|decision
|
|move|p1a: Jirachi|U-turn|p2a: Starmie
|-supereffective|p2a: Starmie
|-damage|p2a: Starmie|0 fnt
|faint|p2a: Starmie
|callback|decision
|
|switch|p1a: Breloom|Breloom, F|262\/262
|
|callback|decision
|
|switch|p2a: Skarmory|Skarmory, M|334\/334
|turn|11
|callback|decision
|
|move|p1a: Breloom|Spore|p2a: Skarmory
|-status|p2a: Skarmory|slp
|cant|p2a: Skarmory|slp
|
|turn|12
|callback|decision
|
|move|p1a: Breloom|Low Sweep|p2a: Skarmory
|-damage|p2a: Skarmory|241\/334 slp
|-unboost|p2a: Skarmory|spe|1
|cant|p2a: Skarmory|slp
|
|turn|13
|callback|decision
|
|switch|p1a: Espeon|Espeon, M|318\/334
|cant|p2a: Skarmory|slp
|
|turn|14
|callback|decision
|
|move|p1a: Espeon|Light Screen|p1a: Espeon
|-sidestart|p1: K4rpman|move: Light Screen
|-curestatus|p2a: Skarmory|slp
|move|p2a: Skarmory|Brave Bird|p1a: Espeon
|-damage|p1a: Espeon|131\/334
|-damage|p2a: Skarmory|179\/334|[from] recoil|[of] p1a: Espeon
|
|turn|15
|callback|decision
|
|move|p1a: Espeon|Reflect|p1a: Espeon
|-sidestart|p1: K4rpman|Reflect
|move|p2a: Skarmory|Brave Bird|p1a: Espeon
|-damage|p1a: Espeon|43\/334
|-damage|p2a: Skarmory|150\/334|[from] recoil|[of] p1a: Espeon
|
|turn|16
|callback|decision
|
|move|p1a: Espeon|Baton Pass|p1a: Espeon
|callback|decision
|
|switch|p1a: Dragonite|Dragonite, M|323\/323
|move|p2a: Skarmory|Brave Bird|p1a: Dragonite
|-damage|p1a: Dragonite|290\/323
|-damage|p2a: Skarmory|139\/334|[from] recoil|[of] p1a: Dragonite
|
|turn|17
|callback|decision
|
|move|p1a: Dragonite|Dragon Dance|p1a: Dragonite
|-boost|p1a: Dragonite|atk|1
|-boost|p1a: Dragonite|spe|1
|move|p2a: Skarmory|Whirlwind|p1a: Dragonite
|drag|p1a: Espeon|Espeon, M|43\/334
|
|turn|18
|callback|decision
|
|move|p1a: Espeon|Baton Pass|p1a: Espeon
|callback|decision
|
|switch|p1a: Dragonite|Dragonite, M|290\/323
|move|p2a: Skarmory|Brave Bird|p1a: Dragonite
|-damage|p1a: Dragonite|227\/323
|-damage|p2a: Skarmory|118\/334|[from] recoil|[of] p1a: Dragonite
|
|turn|19
|callback|decision
|
|move|p1a: Dragonite|Fire Punch|p2a: Skarmory
|-supereffective|p2a: Skarmory
|-damage|p2a: Skarmory|8\/334
|move|p2a: Skarmory|Whirlwind|p1a: Dragonite
|drag|p1a: Espeon|Espeon, M|43\/334
|
|turn|20
|callback|decision
|-enditem|p2a: Skarmory|Custap Berry|[eat]
|-activate|p2a: Skarmory|Custap Berry
|
|move|p2a: Skarmory|Brave Bird|p1a: Espeon
|-damage|p1a: Espeon|0 fnt
|-damage|p2a: Skarmory|0 fnt|[from] recoil|[of] p1a: Espeon
|faint|p1a: Espeon
|faint|p2a: Skarmory
|
|callback|decision
|
|switch|p1a: Volcarona|Volcarona, F|311\/311
|switch|p2a: Latias|Latias, F|364\/364
|turn|21
|callback|decision
|
|move|p1a: Volcarona|Quiver Dance|p1a: Volcarona
|-boost|p1a: Volcarona|spa|1
|-boost|p1a: Volcarona|spd|1
|-boost|p1a: Volcarona|spe|1
|move|p2a: Latias|Calm Mind|p2a: Latias
|-boost|p2a: Latias|spa|1
|-boost|p2a: Latias|spd|1
|
|-sideend|p1: K4rpman|move: Light Screen
|turn|22
|callback|decision
|
|move|p1a: Volcarona|Quiver Dance|p1a: Volcarona
|-boost|p1a: Volcarona|spa|1
|-boost|p1a: Volcarona|spd|1
|-boost|p1a: Volcarona|spe|1
|move|p2a: Latias|Calm Mind|p2a: Latias
|-boost|p2a: Latias|spa|1
|-boost|p2a: Latias|spd|1
|
|-sideend|p1: K4rpman|Reflect
|turn|23
|callback|decision
|
|move|p1a: Volcarona|Quiver Dance|p1a: Volcarona
|-boost|p1a: Volcarona|spa|1
|-boost|p1a: Volcarona|spd|1
|-boost|p1a: Volcarona|spe|1
|move|p2a: Latias|Dragon Pulse|p1a: Volcarona
|-damage|p1a: Volcarona|218\/311
|
|turn|24
|callback|decision
|
|move|p1a: Volcarona|Bug Buzz|p2a: Latias
|-supereffective|p2a: Latias
|-damage|p2a: Latias|40\/364
|move|p2a: Latias|Reflect Type|p1a: Volcarona
|-start|p2a: Latias|typechange|Bug, Fire|[from] move: Reflect Type|[of] p1a: Volcarona
|
|-heal|p2a: Latias|62\/364|[from] item: Leftovers
|turn|25
|callback|decision
|
|move|p1a: Volcarona|Fire Blast|p2a: Latias
|-crit|p2a: Latias
|-damage|p2a: Latias|0 fnt
|faint|p2a: Latias
|
|callback|decision
|
|switch|p2a: Blissey|Blissey, F|714\/714
|turn|26
|callback|decision
|
|move|p1a: Volcarona|Fire Blast|p2a: Blissey
|-damage|p2a: Blissey|309\/714
|move|p2a: Blissey|Seismic Toss|p1a: Volcarona
|-damage|p1a: Volcarona|118\/311
|
|-heal|p2a: Blissey|353\/714|[from] item: Leftovers
|turn|27
|callback|decision
|
|move|p1a: Volcarona|Fire Blast|p2a: Blissey
|-crit|p2a: Blissey
|-damage|p2a: Blissey|0 fnt
|faint|p2a: Blissey
|
|callback|decision
|
|switch|p2a: Jellicent|Jellicent, F|404\/404
|turn|28
|callback|decision
|
|move|p1a: Volcarona|Giga Drain|p2a: Jellicent
|-supereffective|p2a: Jellicent
|-damage|p2a: Jellicent|0 fnt
|-heal|p1a: Volcarona|311\/311|[from] drain|[of] p2a: Jellicent
|faint|p2a: Jellicent
|
|win|K4rpman
|chat|AP-Z|gg
|chat|K4rpman|gg
|leave|K4rpman
|player|p1