|join|Ace Trainer Apollo
|join|k4rpman
|player|p1|Ace Trainer Apollo|266
|player|p2|k4rpman|1
|gametype|singles
|gen|6
|tier|OU
|rated
|clearpoke
|poke|p1|Archeops, F
|poke|p1|Rotom-Wash
|poke|p1|Flygon, M
|poke|p1|Whimsicott, F
|poke|p1|Jolteon, F
|poke|p1|Beedrill, M
|poke|p2|Greninja, F
|poke|p2|Landorus-Therian, M
|poke|p2|Magnezone
|poke|p2|Beedrill, M
|poke|p2|Heatran, F
|poke|p2|Latios, M
|rule|Swagger Clause: Swagger is banned
|rule|Baton Pass Clause: Limit one PokÃ©mon knowing Baton Pass
|rule|Sleep Clause Mod: Limit one foe put to sleep
|rule|Species Clause: Limit one of each PokÃ©mon
|rule|OHKO Clause: OHKO moves are banned
|rule|Moody Clause: Moody is banned
|rule|Evasion Moves Clause: Evasion moves are banned
|rule|Endless Battle Clause: Forcing endless battles is banned
|rule|HP Percentage Mod: HP is shown in percentages
|teampreview
|
|start
|switch|p1a: Mr. Clean|Rotom-Wash|303\/303
|switch|p2a: Landorus-Therian|Landorus-Therian, M|325\/325
|-ability|p2a: Landorus-Therian|Intimidate|[of] p1a: Mr. Clean
|-unboost|p1a: Mr. Clean|atk|1
|turn|1
|
|move|p2a: Landorus-Therian|U-turn|p1a: Mr. Clean
|-damage|p1a: Mr. Clean|238\/303
|
|switch|p2a: Magnezone|Magnezone|281\/281
|move|p1a: Mr. Clean|Will-O-Wisp|p2a: Magnezone
|-status|p2a: Magnezone|brn
|
|-heal|p1a: Mr. Clean|256\/303|[from] item: Leftovers
|-damage|p2a: Magnezone|246\/281 brn|[from] brn
|turn|2
|
|switch|p1a: Jolt|Jolteon, F|291\/291
|move|p2a: Magnezone|Volt Switch|p1a: Jolt
|-immune|p1a: Jolt|[msg]
|
|-damage|p2a: Magnezone|211\/281 brn|[from] brn
|turn|3
|
|switch|p2a: Latios|Latios, M|301\/301
|move|p1a: Jolt|Hidden Power|p2a: Latios
|-supereffective|p2a: Latios
|-damage|p2a: Latios|155\/301
|-damage|p1a: Jolt|262\/291|[from] item: Life Orb
|
|turn|4
|
|switch|p1a: Whimsi|Whimsicott, F|322\/322
|move|p2a: Latios|Recover|p2a: Latios
|-heal|p2a: Latios|301\/301
|
|turn|5
|
|switch|p2a: Heatran|Heatran, F|386\/386
|move|p1a: Whimsi|U-turn|p2a: Heatran
|-resisted|p2a: Heatran
|-damage|p2a: Heatran|377\/386
|
|switch|p1a: Aero|Archeops, F|311\/311
|
|-heal|p2a: Heatran|386\/386|[from] item: Leftovers
|turn|6
|
|switch|p2a: Landorus-Therian|Landorus-Therian, M|325\/325
|-ability|p2a: Landorus-Therian|Intimidate|[of] p1a: Aero
|-unboost|p1a: Aero|atk|1
|move|p1a: Aero|Stealth Rock|p2a: Landorus-Therian
|-sidestart|p2: k4rpman|move: Stealth Rock
|
|turn|7
|
|switch|p1a: Antlione|Flygon, M|346\/346
|move|p2a: Landorus-Therian|Superpower|p1a: Antlione
|-damage|p1a: Antlione|159\/346
|-unboost|p2a: Landorus-Therian|atk|1
|-unboost|p2a: Landorus-Therian|def|1
|
|turn|8
|
|switch|p2a: Magnezone|Magnezone|211\/281 brn
|-damage|p2a: Magnezone|194\/281 brn|[from] Stealth Rock
|move|p1a: Antlione|Hidden Power|p2a: Magnezone
|-resisted|p2a: Magnezone
|-damage|p2a: Magnezone|171\/281 brn
|
|-damage|p2a: Magnezone|136\/281 brn|[from] brn
|turn|9
|
|switch|p1a: Mr. Clean|Rotom-Wash|256\/303
|move|p2a: Magnezone|Volt Switch|p1a: Mr. Clean
|-damage|p1a: Mr. Clean|136\/303
|
|switch|p2a: Latios|Latios, M|301\/301
|-damage|p2a: Latios|264\/301|[from] Stealth Rock
|
|-heal|p1a: Mr. Clean|154\/303|[from] item: Leftovers
|turn|10
|
|switch|p1a: Whimsi|Whimsicott, F|322\/322
|move|p2a: Latios|Defog|p1a: Whimsi
|-unboost|p1a: Whimsi|evasion|1
|-sideend|p2: k4rpman|Stealth Rock|[from] move: Defog|[of] p2a: Latios
|
|turn|11
|
|switch|p2a: Landorus-Therian|Landorus-Therian, M|325\/325
|-ability|p2a: Landorus-Therian|Intimidate|[of] p1a: Whimsi
|-unboost|p1a: Whimsi|atk|1
|move|p1a: Whimsi|U-turn|p2a: Landorus-Therian
|-resisted|p2a: Landorus-Therian
|-damage|p2a: Landorus-Therian|311\/325
|
|switch|p1a: No.15|Beedrill, M|293\/293
|
|turn|12
|
|detailschange|p1a: No.15|Beedrill-Mega, M
|message|Beedrill has Mega Evolved into Mega Beedrill!
|move|p1a: No.15|Protect|p1a: No.15
|-singleturn|p1a: No.15|Protect
|move|p2a: Landorus-Therian|Stone Edge|p1a: No.15
|-activate|p1a: No.15|Protect
|
|turn|13
|
|switch|p1a: Antlione|Flygon, M|159\/346
|move|p2a: Landorus-Therian|Stone Edge|p1a: Antlione|[miss]
|-miss|p2a: Landorus-Therian|p1a: Antlione
|
|turn|14
|
|switch|p2a: Magnezone|Magnezone|136\/281 brn
|move|p1a: Antlione|Earthquake|p2a: Magnezone
|-supereffective|p2a: Magnezone
|-damage|p2a: Magnezone|0 fnt
|faint|p2a: Magnezone
|
|
|switch|p2a: Greninja|Greninja, F|285\/285
|turn|15
|
|switch|p1a: Jolt|Jolteon, F|262\/291
|move|p2a: Greninja|Ice Beam|p1a: Jolt
|-start|p2a: Greninja|typechange|Ice|[from] Protean
|-damage|p1a: Jolt|74\/291
|-damage|p2a: Greninja|257\/285|[from] item: Life Orb
|
|turn|16
|
|move|p1a: Jolt|Volt Switch|p2a: Greninja
|-damage|p2a: Greninja|65\/285
|-damage|p1a: Jolt|45\/291|[from] item: Life Orb
|
|switch|p1a: No.15|Beedrill-Mega, M|293\/293
|move|p2a: Greninja|Ice Beam|p1a: No.15
|-damage|p1a: No.15|97\/293
|-damage|p2a: Greninja|37\/285|[from] item: Life Orb
|
|turn|17
|
|switch|p2a: Landorus-Therian|Landorus-Therian, M|311\/325
|-ability|p2a: Landorus-Therian|Intimidate|[of] p1a: No.15
|-unboost|p1a: No.15|atk|1
|move|p1a: No.15|Knock Off|p2a: Landorus-Therian
|-damage|p2a: Landorus-Therian|221\/325
|-enditem|p2a: Landorus-Therian|Choice Scarf|[from] move: Knock Off|[of] p1a: No.15
|
|turn|18
|
|move|p1a: No.15|U-turn|p2a: Landorus-Therian
|-resisted|p2a: Landorus-Therian
|-damage|p2a: Landorus-Therian|151\/325
|
|switch|p1a: Whimsi|Whimsicott, F|322\/322
|move|p2a: Landorus-Therian|U-turn|p1a: Whimsi
|-damage|p1a: Whimsi|240\/322
|
|switch|p2a: Beedrill|Beedrill, M|271\/271
|
|turn|19
|
|detailschange|p2a: Beedrill|Beedrill-Mega, M
|message|Beedrill has Mega Evolved into Mega Beedrill!
|move|p1a: Whimsi|Stun Spore|p2a: Beedrill
|-status|p2a: Beedrill|par
|move|p2a: Beedrill|U-turn|p1a: Whimsi
|-damage|p1a: Whimsi|70\/322
|
|switch|p2a: Heatran|Heatran, F|386\/386
|-enditem|p1a: Whimsi|Sitrus Berry|[eat]
|-heal|p1a: Whimsi|150\/322|[from] item: Sitrus Berry
|
|turn|20
|
|move|p1a: Whimsi|Stun Spore|p2a: Heatran
|-status|p2a: Heatran|par
|cant|p2a: Heatran|par
|
|turn|21
|
|move|p1a: Whimsi|U-turn|p2a: Heatran
|-resisted|p2a: Heatran
|-damage|p2a: Heatran|377\/386 par
|
|switch|p1a: Antlione|Flygon, M|159\/346
|move|p2a: Heatran|Stealth Rock|p1a: Antlione
|-sidestart|p1: Ace Trainer Apollo|move: Stealth Rock
|
|-heal|p2a: Heatran|386\/386 par|[from] item: Leftovers
|turn|22
|
|switch|p2a: Landorus-Therian|Landorus-Therian, M|151\/325
|-ability|p2a: Landorus-Therian|Intimidate|[of] p1a: Antlione
|-unboost|p1a: Antlione|atk|1
|move|p1a: Antlione|Defog|p2a: Landorus-Therian
|-unboost|p2a: Landorus-Therian|evasion|1
|-sideend|p1: Ace Trainer Apollo|Stealth Rock|[from] move: Defog|[of] p1a: Antlione
|
|turn|23
|
|move|p1a: Antlione|Hidden Power|p2a: Landorus-Therian
|-supereffective|p2a: Landorus-Therian
|-damage|p2a: Landorus-Therian|0 fnt
|faint|p2a: Landorus-Therian
|
|-message|k4rpman forfeited.
|
|win|Ace Trainer Apollo
|raw|Ladder updating...
|leave|k4rpman
|player|p2