|join|k4rpman
|join|minorpentatonic
|player|p1|k4rpman|170
|player|p2|minorpentatonic|250
|gametype|singles
|gen|6
|tier|OU
|rated
|clearpoke
|poke|p1|Ferrothorn, M
|poke|p1|Thundurus, M
|poke|p1|Heracross, F
|poke|p1|Azumarill, M
|poke|p1|Latios, M
|poke|p1|Heatran, M
|poke|p2|Breloom, F
|poke|p2|Dragonite, F
|poke|p2|Excadrill, F
|poke|p2|Gardevoir, M
|poke|p2|Tyranitar, F
|poke|p2|Rotom-Wash
|rule|Swagger Clause: Swagger is banned
|rule|Baton Pass Clause: Limit one PokÃ©mon knowing Baton Pass
|rule|Sleep Clause Mod: Limit one foe put to sleep
|rule|Species Clause: Limit one of each PokÃ©mon
|rule|OHKO Clause: OHKO moves are banned
|rule|Moody Clause: Moody is banned
|rule|Evasion Moves Clause: Evasion moves are banned
|rule|Endless Battle Clause: Forcing endless battles is banned
|rule|HP Percentage Mod: HP is shown in percentages
|teampreview
|
|start
|switch|p1a: Heracross|Heracross, F|309\/309
|switch|p2a: Gardevoir|Gardevoir, M|277\/277
|-ability|p2a: Gardevoir|Moxie|[from] ability: Trace|[of] p1a: Heracross
|turn|1
|
|detailschange|p1a: Heracross|Heracross-Mega, F
|message|Heracross has Mega Evolved into Mega Heracross!
|detailschange|p2a: Gardevoir|Gardevoir-Mega, M
|message|Gardevoir has Mega Evolved into Mega Gardevoir!
|move|p1a: Heracross|Pin Missile|p2a: Gardevoir
|-damage|p2a: Gardevoir|187\/277
|-damage|p2a: Gardevoir|106\/277
|-damage|p2a: Gardevoir|30\/277
|-damage|p2a: Gardevoir|0 fnt
|-hitcount|p2a: Gardevoir|4
|faint|p2a: Gardevoir
|
|
|switch|p2a: Rotom-Wash|Rotom-Wash|303\/303
|turn|2
|
|switch|p1a: Latios|Latios, M|301\/301
|move|p2a: Rotom-Wash|Will-O-Wisp|p1a: Latios|[miss]
|-miss|p2a: Rotom-Wash|p1a: Latios
|
|turn|3
|
|switch|p2a: Tyranitar|Tyranitar, F|341\/341
|-weather|Sandstorm
|move|p1a: Latios|Draco Meteor|p2a: Tyranitar
|-damage|p2a: Tyranitar|114\/341
|-unboost|p1a: Latios|spa|2
|-damage|p1a: Latios|271\/301|[from] item: Life Orb
|
|-weather|Sandstorm|[upkeep]
|-damage|p1a: Latios|253\/301|[from] sandstorm
|turn|4
|
|move|p1a: Latios|Draco Meteor|p2a: Tyranitar
|-damage|p2a: Tyranitar|5\/341
|-unboost|p1a: Latios|spa|2
|-damage|p1a: Latios|223\/301|[from] item: Life Orb
|move|p2a: Tyranitar|Stealth Rock|p1a: Latios
|-sidestart|p1: k4rpman|move: Stealth Rock
|
|-weather|Sandstorm|[upkeep]
|-damage|p1a: Latios|205\/301|[from] sandstorm
|turn|5
|
|move|p1a: Latios|Defog|p2a: Tyranitar
|-unboost|p2a: Tyranitar|evasion|1
|-sideend|p1: k4rpman|Stealth Rock|[from] move: Defog|[of] p1a: Latios
|move|p2a: Tyranitar|Pursuit|p1a: Latios
|-supereffective|p1a: Latios
|-damage|p1a: Latios|65\/301
|
|-weather|Sandstorm|[upkeep]
|-damage|p1a: Latios|47\/301|[from] sandstorm
|turn|6
|
|switch|p2a: Rotom-Wash|Rotom-Wash|303\/303
|move|p1a: Latios|Draco Meteor|p2a: Rotom-Wash
|-damage|p2a: Rotom-Wash|213\/303
|-unboost|p1a: Latios|spa|2
|-damage|p1a: Latios|17\/301|[from] item: Life Orb
|
|-weather|Sandstorm|[upkeep]
|-damage|p1a: Latios|0 fnt|[from] sandstorm
|-damage|p2a: Rotom-Wash|195\/303|[from] sandstorm
|-heal|p2a: Rotom-Wash|213\/303|[from] item: Leftovers
|faint|p1a: Latios
|
|switch|p1a: Azumarill|Azumarill, M|345\/345
|turn|7
|
|move|p2a: Rotom-Wash|Will-O-Wisp|p1a: Azumarill
|-status|p1a: Azumarill|brn
|move|p1a: Azumarill|Knock Off|p2a: Rotom-Wash
|-damage|p2a: Rotom-Wash|162\/303
|-enditem|p2a: Rotom-Wash|Leftovers|[from] move: Knock Off|[of] p1a: Azumarill
|
|-weather|Sandstorm|[upkeep]
|-damage|p2a: Rotom-Wash|144\/303|[from] sandstorm
|-damage|p1a: Azumarill|324\/345 brn|[from] sandstorm
|-damage|p1a: Azumarill|281\/345 brn|[from] brn
|turn|8
|
|move|p2a: Rotom-Wash|Pain Split|p1a: Azumarill
|-sethp|p1a: Azumarill|212\/345 brn|p2a: Rotom-Wash|212\/303|[from] move: Pain Split
|move|p1a: Azumarill|Play Rough|p2a: Rotom-Wash
|-damage|p2a: Rotom-Wash|145\/303
|
|-weather|Sandstorm|[upkeep]
|-damage|p2a: Rotom-Wash|127\/303|[from] sandstorm
|-damage|p1a: Azumarill|191\/345 brn|[from] sandstorm
|-damage|p1a: Azumarill|148\/345 brn|[from] brn
|turn|9
|
|move|p2a: Rotom-Wash|Volt Switch|p1a: Azumarill
|-supereffective|p1a: Azumarill
|-damage|p1a: Azumarill|34\/345 brn
|
|switch|p2a: Excadrill|Excadrill, F|361\/361
|move|p1a: Azumarill|Play Rough|p2a: Excadrill
|-resisted|p2a: Excadrill
|-damage|p2a: Excadrill|287\/361
|
|-weather|Sandstorm|[upkeep]
|-damage|p1a: Azumarill|13\/345 brn|[from] sandstorm
|-damage|p1a: Azumarill|0 fnt|[from] brn
|faint|p1a: Azumarill
|
|switch|p1a: Heracross|Heracross-Mega, F|309\/309
|turn|10
|
|move|p2a: Excadrill|Earthquake|p1a: Heracross
|-resisted|p1a: Heracross
|-damage|p1a: Heracross|204\/309
|-damage|p2a: Excadrill|251\/361|[from] item: Life Orb
|move|p1a: Heracross|Close Combat|p2a: Excadrill
|-supereffective|p2a: Excadrill
|-damage|p2a: Excadrill|0 fnt
|-unboost|p1a: Heracross|def|1
|-unboost|p1a: Heracross|spd|1
|faint|p2a: Excadrill
|
|-weather|none
|
|switch|p2a: Tyranitar|Tyranitar, F|5\/341
|-weather|Sandstorm
|turn|11
|
|move|p1a: Heracross|Pin Missile|p2a: Tyranitar
|-supereffective|p2a: Tyranitar
|-damage|p2a: Tyranitar|0 fnt
|-hitcount|p2a: Tyranitar|1
|faint|p2a: Tyranitar
|
|-weather|Sandstorm|[upkeep]
|-damage|p1a: Heracross|185\/309|[from] sandstorm
|
|switch|p2a: Dragonite|Dragonite, F|323\/323
|turn|12
|
|move|p1a: Heracross|Rock Blast|p2a: Dragonite
|-supereffective|p2a: Dragonite
|-damage|p2a: Dragonite|283\/323
|-crit|p2a: Dragonite
|-supereffective|p2a: Dragonite
|-damage|p2a: Dragonite|167\/323
|-supereffective|p2a: Dragonite
|-damage|p2a: Dragonite|85\/323
|-supereffective|p2a: Dragonite
|-damage|p2a: Dragonite|0 fnt
|-hitcount|p2a: Dragonite|4
|faint|p2a: Dragonite
|
|-weather|Sandstorm|[upkeep]
|-damage|p1a: Heracross|166\/309|[from] sandstorm
|
|switch|p2a: Breloom|Breloom, F|262\/262
|turn|13
|
|move|p2a: Breloom|Mach Punch|p1a: Heracross
|-resisted|p1a: Heracross
|-damage|p1a: Heracross|100\/309
|move|p1a: Heracross|Pin Missile|p2a: Breloom
|-damage|p2a: Breloom|187\/262
|-damage|p2a: Breloom|121\/262
|-damage|p2a: Breloom|43\/262
|-damage|p2a: Breloom|0 fnt
|-hitcount|p2a: Breloom|4
|faint|p2a: Breloom
|
|-weather|Sandstorm|[upkeep]
|-damage|p1a: Heracross|81\/309|[from] sandstorm
|
|switch|p2a: Rotom-Wash|Rotom-Wash|127\/303
|turn|14
|
|move|p1a: Heracross|Close Combat|p2a: Rotom-Wash
|-damage|p2a: Rotom-Wash|0 fnt
|-unboost|p1a: Heracross|def|1
|-unboost|p1a: Heracross|spd|1
|faint|p2a: Rotom-Wash
|
|win|k4rpman
|raw|Ladder updating...
|raw|k4rpman's rating: 1724 &rarr; <strong>1742<\/strong><br \/>(+18 for winning)
|raw|minorpentatonic's rating: 1685 &rarr; <strong>1667<\/strong><br \/>(-18 for losing)