|join|k4rpman
|join|Dittoo
|player|p1|k4rpman|101
|player|p2|Dittoo|294
|gametype|singles
|gen|6
|tier|OU
|rated
|clearpoke
|poke|p1|Diggersby, F
|poke|p1|Greninja, F
|poke|p1|Thundurus, M
|poke|p1|Bisharp, F
|poke|p1|Deoxys-Defense
|poke|p1|Charizard, M
|poke|p2|Aron, L1, M
|poke|p2|Espeon, F
|poke|p2|Landorus-Therian, M
|poke|p2|Scizor, F
|poke|p2|Gengar, F
|poke|p2|Cinccino, M
|rule|Sleep Clause Mod: Limit one foe put to sleep
|rule|Species Clause: Limit one of each Pokemon
|rule|OHKO Clause: OHKO moves are banned
|rule|Moody Clause: Moody is banned
|rule|Evasion Moves Clause: Evasion moves are banned
|rule|Endless Battle Clause: Forcing endless battles is banned.
|rule|HP Percentage Mod: HP is reported as percentages
|teampreview
|
|start
|switch|p1a: Deoxys-Defense|Deoxys-Defense|304\/304
|switch|p2a: sticks and stones|Espeon, F|272\/272
|-ability|p1a: Deoxys-Defense|Pressure
|turn|1
|
|switch|p1a: Bisharp|Bisharp, F|271\/271
|move|p2a: sticks and stones|Trick|p1a: Bisharp
|-activate|p2a: sticks and stones|move: Trick|[of] p1a: Bisharp
|-item|p1a: Bisharp|Choice Scarf|[from] move: Trick
|-item|p2a: sticks and stones|Dread Plate|[from] move: Trick
|
|turn|2
|
|move|p1a: Bisharp|Pursuit|p2a: sticks and stones|[from]Pursuit
|-supereffective|p2a: sticks and stones
|-damage|p2a: sticks and stones|0 fnt
|faint|p2a: sticks and stones
|
|
|switch|p2a: bastard|Aron, L1, M|12\/12
|turn|3
|
|move|p1a: Bisharp|Pursuit|p2a: bastard
|-crit|p2a: bastard
|-activate|p2a: bastard|Sturdy
|-damage|p2a: bastard|1\/12
|move|p2a: bastard|Endeavor|p1a: Bisharp
|-damage|p1a: Bisharp|1\/271
|-heal|p2a: bastard|12\/12|[from] item: Shell Bell|[of] p1a: Bisharp
|
|turn|4
|
|move|p1a: Bisharp|Pursuit|p2a: bastard
|-activate|p2a: bastard|Sturdy
|-damage|p2a: bastard|1\/12
|move|p2a: bastard|Stealth Rock|p1a: Bisharp
|-sidestart|p1: k4rpman|move: Stealth Rock
|
|turn|5
|
|move|p1a: Bisharp|Pursuit|p2a: bastard
|-damage|p2a: bastard|0 fnt
|faint|p2a: bastard
|
|
|switch|p2a: Eva 2|Scizor, F|344\/344
|turn|6
|
|switch|p1a: Charizard|Charizard, M|297\/297
|-damage|p1a: Charizard|149\/297|[from] Stealth Rock
|-formechange|p2a: Eva 2|Scizor-Mega
|message|Scizor has Mega Evolved into Mega Scizor!
|move|p2a: Eva 2|Swords Dance|p2a: Eva 2
|-boost|p2a: Eva 2|atk|2
|
|turn|7
|
|switch|p2a: fabulous|Cinccino, M|292\/292
|-formechange|p1a: Charizard|Charizard-Mega-X
|message|Charizard has Mega Evolved into Mega Charizard!
|move|p1a: Charizard|Flare Blitz|p2a: fabulous
|-enditem|p2a: fabulous|Focus Sash
|-damage|p2a: fabulous|1\/292
|-damage|p1a: Charizard|53\/297|[from] recoil|[of] p2a: fabulous
|
|turn|8
|
|move|p2a: fabulous|Rock Blast|p1a: Charizard
|-supereffective|p1a: Charizard
|-damage|p1a: Charizard|5\/297
|-supereffective|p1a: Charizard
|-damage|p1a: Charizard|0 fnt
|-hitcount|p1a: Charizard|2
|faint|p1a: Charizard
|
|
|switch|p1a: Deoxys-Defense|Deoxys-Defense|304\/304
|-damage|p1a: Deoxys-Defense|266\/304|[from] Stealth Rock
|-ability|p1a: Deoxys-Defense|Pressure
|turn|9
|
|move|p2a: fabulous|Thunder Wave|p1a: Deoxys-Defense
|-status|p1a: Deoxys-Defense|par
|move|p1a: Deoxys-Defense|Stealth Rock|p2a: fabulous
|-sidestart|p2: Dittoo|move: Stealth Rock
|
|turn|10
|
|move|p2a: fabulous|Tail Slap|p1a: Deoxys-Defense
|-damage|p1a: Deoxys-Defense|242\/304 par
|-damage|p1a: Deoxys-Defense|218\/304 par
|-damage|p1a: Deoxys-Defense|190\/304 par
|-damage|p1a: Deoxys-Defense|166\/304 par
|-damage|p1a: Deoxys-Defense|142\/304 par
|-hitcount|p1a: Deoxys-Defense|5
|-enditem|p1a: Deoxys-Defense|Red Card|[of] p2a: fabulous
|drag|p2a: Eva 2|Scizor, F|344\/344
|-formechange|p2a: Eva 2|Scizor-Mega
|-damage|p2a: Eva 2|301\/344|[from] Stealth Rock
|move|p1a: Deoxys-Defense|Spikes|p2a: Eva 2
|-sidestart|p2: Dittoo|Spikes
|
|turn|11
|
|move|p2a: Eva 2|Knock Off|p1a: Deoxys-Defense
|-supereffective|p1a: Deoxys-Defense
|-damage|p1a: Deoxys-Defense|42\/304 par
|cant|p1a: Deoxys-Defense|par
|
|turn|12
|
|move|p2a: Eva 2|Knock Off|p1a: Deoxys-Defense
|-supereffective|p1a: Deoxys-Defense
|-damage|p1a: Deoxys-Defense|0 fnt
|faint|p1a: Deoxys-Defense
|
|
|switch|p1a: Greninja|Greninja, F|285\/285
|-damage|p1a: Greninja|250\/285|[from] Stealth Rock
|turn|13
|
|switch|p2a: fabulous|Cinccino, M|1\/292
|-damage|p2a: fabulous|0 fnt|[from] Spikes
|faint|p2a: fabulous
|-start|p1a: Greninja|typechange|Fire|[from] Protean
|move|p1a: Greninja|Hidden Power|p2: fabulous|[notarget]
|-notarget
|
|
|switch|p2a: mr. prince|Landorus-Therian, M|320\/320
|-damage|p2a: mr. prince|280\/320|[from] Stealth Rock
|-ability|p2a: mr. prince|Intimidate|[of] p1a: Greninja
|-unboost|p1a: Greninja|atk|1
|turn|14
|
|move|p2a: mr. prince|Rock Slide|p1a: Greninja
|-supereffective|p1a: Greninja
|-damage|p1a: Greninja|0 fnt
|faint|p1a: Greninja
|
|
|switch|p1a: Diggersby|Diggersby, F|311\/311
|-damage|p1a: Diggersby|292\/311|[from] Stealth Rock
|turn|15
|
|switch|p2a: nigga kawai|Gengar, F|262\/262
|-damage|p2a: nigga kawai|230\/262|[from] Stealth Rock
|move|p1a: Diggersby|Frustration|p2a: nigga kawai
|-immune|p2a: nigga kawai|[msg]
|
|-heal|p2a: nigga kawai|246\/262|[from] item: Black Sludge
|turn|16
|
|switch|p1a: Bisharp|Bisharp, F|1\/271
|-damage|p1a: Bisharp|0 fnt|[from] Stealth Rock
|faint|p1a: Bisharp
|move|p2a: nigga kawai|Will-O-Wisp|p1: Bisharp|[notarget]
|-notarget
|
|-heal|p2a: nigga kawai|262\/262|[from] item: Black Sludge
|
|switch|p1a: Thundurus|Thundurus, M|299\/299
|-damage|p1a: Thundurus|225\/299|[from] Stealth Rock
|turn|17
|
|switch|p2a: mr. prince|Landorus-Therian, M|280\/320
|-damage|p2a: mr. prince|240\/320|[from] Stealth Rock
|-ability|p2a: mr. prince|Intimidate|[of] p1a: Thundurus
|-unboost|p1a: Thundurus|atk|1
|move|p1a: Thundurus|Hidden Power|p2a: mr. prince
|-supereffective|p2a: mr. prince
|-damage|p2a: mr. prince|0 fnt
|faint|p2a: mr. prince
|
|-heal|p1a: Thundurus|243\/299|[from] item: Leftovers
|
|switch|p2a: Eva 2|Scizor, F|301\/344
|-formechange|p2a: Eva 2|Scizor-Mega
|-damage|p2a: Eva 2|258\/344|[from] Spikes
|-damage|p2a: Eva 2|215\/344|[from] Stealth Rock
|turn|18
|
|move|p1a: Thundurus|Thunderbolt|p2a: Eva 2
|-damage|p2a: Eva 2|65\/344
|-status|p2a: Eva 2|par
|move|p2a: Eva 2|Knock Off|p1a: Thundurus
|-damage|p1a: Thundurus|95\/299
|-enditem|p1a: Thundurus|Leftovers|[from] move: Knock Off|[of] p2a: Eva 2
|
|turn|19
|
|move|p2a: Eva 2|Bullet Punch|p1a: Thundurus
|-resisted|p1a: Thundurus
|-damage|p1a: Thundurus|22\/299
|move|p1a: Thundurus|Thunderbolt|p2a: Eva 2
|-damage|p2a: Eva 2|0 fnt
|faint|p2a: Eva 2
|
|
|switch|p2a: nigga kawai|Gengar, F|262\/262
|-damage|p2a: nigga kawai|230\/262|[from] Stealth Rock
|turn|20
|
|move|p1a: Thundurus|Thunderbolt|p2a: nigga kawai
|-damage|p2a: nigga kawai|49\/262
|-status|p2a: nigga kawai|par
|move|p2a: nigga kawai|Shadow Ball|p1a: Thundurus
|-damage|p1a: Thundurus|0 fnt
|faint|p1a: Thundurus
|
|-heal|p2a: nigga kawai|65\/262 par|[from] item: Black Sludge
|
|switch|p1a: Diggersby|Diggersby, F|292\/311
|-damage|p1a: Diggersby|273\/311|[from] Stealth Rock
|turn|21
|
|move|p1a: Diggersby|Frustration|p2a: nigga kawai
|-immune|p2a: nigga kawai|[msg]
|move|p2a: nigga kawai|Energy Ball|p1a: Diggersby
|-supereffective|p1a: Diggersby
|-damage|p1a: Diggersby|9\/311
|
|-heal|p2a: nigga kawai|81\/262 par|[from] item: Black Sludge
|turn|22
|-message|k4rpman forfeited.
|leave|k4rpman
|
|win|Dittoo
|raw|Ladder updating...
|player|p1
|raw|k4rpman's rating: 1642 &rarr; <strong>1621<\/strong><br \/>(-21 for losing)
|raw|Dittoo's rating: 1626 &rarr; <strong>1647<\/strong><br \/>(+21 for winning)