|join|k4rpman
|join|KingKoopa66
|player|p1|k4rpman|266
|player|p2|KingKoopa66|154
|gametype|singles
|gen|6
|tier|OU
|rated
|clearpoke
|poke|p1|Mew
|poke|p1|Magnezone
|poke|p1|Gyarados, M
|poke|p1|Garchomp, F
|poke|p1|Starmie
|poke|p1|Clefable, F
|poke|p2|Magnezone
|poke|p2|Latias, F
|poke|p2|Clefable, M
|poke|p2|Landorus-Therian, M
|poke|p2|Keldeo
|poke|p2|Pinsir, M
|rule|Swagger Clause: Swagger is banned
|rule|Baton Pass Clause: Limit one PokÃ©mon knowing Baton Pass
|rule|Sleep Clause Mod: Limit one foe put to sleep
|rule|Species Clause: Limit one of each PokÃ©mon
|rule|OHKO Clause: OHKO moves are banned
|rule|Moody Clause: Moody is banned
|rule|Evasion Moves Clause: Evasion moves are banned
|rule|Endless Battle Clause: Forcing endless battles is banned
|rule|HP Percentage Mod: HP is shown in percentages
|teampreview
|
|start
|switch|p1a: Mew|Mew|403\/403
|switch|p2a: Landorus-Therian|Landorus-Therian, M|319\/319
|-ability|p2a: Landorus-Therian|Intimidate|[of] p1a: Mew
|-unboost|p1a: Mew|atk|1
|turn|1
|
|move|p2a: Landorus-Therian|U-turn|p1a: Mew
|-supereffective|p1a: Mew
|-damage|p1a: Mew|229\/403
|
|switch|p2a: Clefable|Clefable, M|394\/394
|move|p1a: Mew|Will-O-Wisp|p2a: Clefable
|-status|p2a: Clefable|brn
|
|-heal|p1a: Mew|254\/403|[from] item: Leftovers
|turn|2
|
|move|p1a: Mew|Taunt|p2a: Clefable
|-start|p2a: Clefable|move: Taunt
|cant|p2a: Clefable|move: Taunt|Stealth Rock
|
|-heal|p1a: Mew|279\/403|[from] item: Leftovers
|turn|3
|
|move|p1a: Mew|Knock Off|p2a: Clefable
|-resisted|p2a: Clefable
|-damage|p2a: Clefable|366\/394 brn
|-enditem|p2a: Clefable|Leftovers|[from] move: Knock Off|[of] p1a: Mew
|move|p2a: Clefable|Flamethrower|p1a: Mew
|-damage|p1a: Mew|226\/403
|-status|p1a: Mew|brn
|
|-heal|p1a: Mew|251\/403 brn|[from] item: Leftovers
|-damage|p1a: Mew|201\/403 brn|[from] brn
|turn|4
|
|move|p1a: Mew|Roost|p1a: Mew
|-heal|p1a: Mew|403\/403 brn
|move|p2a: Clefable|Flamethrower|p1a: Mew
|-damage|p1a: Mew|351\/403 brn
|
|-heal|p1a: Mew|376\/403 brn|[from] item: Leftovers
|-damage|p1a: Mew|326\/403 brn|[from] brn
|-end|p2a: Clefable|move: Taunt
|turn|5
|
|move|p1a: Mew|Taunt|p2a: Clefable
|-start|p2a: Clefable|move: Taunt
|cant|p2a: Clefable|move: Taunt|Stealth Rock
|
|-heal|p1a: Mew|351\/403 brn|[from] item: Leftovers
|-damage|p1a: Mew|301\/403 brn|[from] brn
|turn|6
|
|switch|p1a: Magnezone|Magnezone|281\/281
|move|p2a: Clefable|Flamethrower|p1a: Magnezone
|-supereffective|p1a: Magnezone
|-damage|p1a: Magnezone|129\/281
|
|turn|7
|
|switch|p2a: Magnezone|Magnezone|281\/281
|move|p1a: Magnezone|Volt Switch|p2a: Magnezone
|-crit|p2a: Magnezone
|-resisted|p2a: Magnezone
|-damage|p2a: Magnezone|179\/281
|
|switch|p1a: Garchomp|Garchomp, F|357\/357
|
|turn|8
|
|switch|p2a: Landorus-Therian|Landorus-Therian, M|319\/319
|-ability|p2a: Landorus-Therian|Intimidate|[of] p1a: Garchomp
|-unboost|p1a: Garchomp|atk|1
|move|p1a: Garchomp|Stealth Rock|p2a: Landorus-Therian
|-sidestart|p2: KingKoopa66|move: Stealth Rock
|
|turn|9
|
|switch|p1a: Magnezone|Magnezone|129\/281
|move|p2a: Landorus-Therian|U-turn|p1a: Magnezone
|-resisted|p1a: Magnezone
|-damage|p1a: Magnezone|87\/281
|
|switch|p2a: Magnezone|Magnezone|179\/281
|-damage|p2a: Magnezone|162\/281|[from] Stealth Rock
|
|turn|10
|
|move|p1a: Magnezone|Volt Switch|p2a: Magnezone
|-resisted|p2a: Magnezone
|-damage|p2a: Magnezone|96\/281
|
|switch|p1a: Garchomp|Garchomp, F|357\/357
|move|p2a: Magnezone|Hidden Power|p1a: Garchomp
|-resisted|p1a: Garchomp
|-damage|p1a: Garchomp|309\/357
|
|turn|11
|
|switch|p2a: Landorus-Therian|Landorus-Therian, M|319\/319
|-damage|p2a: Landorus-Therian|280\/319|[from] Stealth Rock
|-ability|p2a: Landorus-Therian|Intimidate|[of] p1a: Garchomp
|-unboost|p1a: Garchomp|atk|1
|switch|p1a: Magnezone|Magnezone|87\/281
|
|turn|12
|
|switch|p1a: Garchomp|Garchomp, F|309\/357
|move|p2a: Landorus-Therian|Earthquake|p1a: Garchomp
|-damage|p1a: Garchomp|122\/357
|
|turn|13
|
|switch|p2a: Magnezone|Magnezone|96\/281
|-damage|p2a: Magnezone|79\/281|[from] Stealth Rock
|move|p1a: Garchomp|Earthquake|p2a: Magnezone
|-supereffective|p2a: Magnezone
|-damage|p2a: Magnezone|0 fnt
|faint|p2a: Magnezone
|
|
|switch|p2a: Keldeo|Keldeo|323\/323
|-damage|p2a: Keldeo|303\/323|[from] Stealth Rock
|turn|14
|
|switch|p1a: Starmie|Starmie|261\/261
|move|p2a: Keldeo|Scald|p1a: Starmie
|-crit|p1a: Starmie
|-resisted|p1a: Starmie
|-damage|p1a: Starmie|73\/261
|
|turn|15
|
|switch|p2a: Landorus-Therian|Landorus-Therian, M|280\/319
|-damage|p2a: Landorus-Therian|241\/319|[from] Stealth Rock
|-ability|p2a: Landorus-Therian|Intimidate|[of] p1a: Starmie
|-unboost|p1a: Starmie|atk|1
|move|p1a: Starmie|Psyshock|p2a: Landorus-Therian
|-damage|p2a: Landorus-Therian|11\/319
|-damage|p1a: Starmie|47\/261|[from] item: Life Orb
|
|turn|16
|
|switch|p1a: Garchomp|Garchomp, F|122\/357
|move|p2a: Landorus-Therian|Earthquake|p1a: Garchomp
|-damage|p1a: Garchomp|0 fnt
|faint|p1a: Garchomp
|
|
|switch|p1a: Gyarados|Gyarados, M|331\/331
|-ability|p1a: Gyarados|Intimidate|[of] p2a: Landorus-Therian
|-unboost|p2a: Landorus-Therian|atk|1
|turn|17
|
|switch|p2a: Pinsir|Pinsir, M|271\/271
|-damage|p2a: Pinsir|204\/271|[from] Stealth Rock
|move|p1a: Gyarados|Substitute|p1a: Gyarados
|-start|p1a: Gyarados|Substitute
|-damage|p1a: Gyarados|249\/331
|
|turn|18
|
|move|p2a: Pinsir|Return|p1a: Gyarados
|-end|p1a: Gyarados|Substitute
|move|p1a: Gyarados|Waterfall|p2a: Pinsir
|-crit|p2a: Pinsir
|-damage|p2a: Pinsir|0 fnt
|faint|p2a: Pinsir
|
|
|switch|p2a: Latias|Latias, F|301\/301
|-damage|p2a: Latias|264\/301|[from] Stealth Rock
|turn|19
|
|switch|p1a: Clefable|Clefable, F|394\/394
|move|p2a: Latias|Draco Meteor|p1a: Clefable
|-immune|p1a: Clefable|[msg]
|
|turn|20
|
|switch|p1a: Magnezone|Magnezone|87\/281
|move|p2a: Latias|Defog|p1a: Magnezone
|-unboost|p1a: Magnezone|evasion|1
|-sideend|p2: KingKoopa66|Stealth Rock|[from] move: Defog|[of] p2a: Latias
|
|turn|21
|
|move|p1a: Magnezone|Volt Switch|p2a: Latias
|-crit|p2a: Latias
|-resisted|p2a: Latias
|-damage|p2a: Latias|190\/301
|
|switch|p1a: Clefable|Clefable, F|394\/394
|move|p2a: Latias|Psyshock|p1a: Clefable
|-damage|p1a: Clefable|261\/394
|-damage|p2a: Latias|160\/301|[from] item: Life Orb
|
|-heal|p1a: Clefable|285\/394|[from] item: Leftovers
|turn|22
|
|move|p2a: Latias|Psyshock|p1a: Clefable
|-damage|p1a: Clefable|149\/394
|-damage|p2a: Latias|130\/301|[from] item: Life Orb
|move|p1a: Clefable|Wish|p1a: Clefable
|
|-heal|p1a: Clefable|173\/394|[from] item: Leftovers
|turn|23
|
|move|p2a: Latias|Draco Meteor|p1a: Clefable
|-immune|p1a: Clefable|[msg]
|move|p1a: Clefable|Heal Bell|p1a: Clefable
|-cureteam|p1a: Clefable|[from] move: HealBell
|
|-heal|p1a: Clefable|370\/394|[from] move: Wish|[wisher] Clefable
|-heal|p1a: Clefable|394\/394|[from] item: Leftovers
|turn|24
|
|switch|p2a: Clefable|Clefable, M|366\/394 brn
|move|p1a: Clefable|Wish|p1a: Clefable
|
|turn|25
|
|switch|p1a: Mew|Mew|301\/403
|move|p2a: Clefable|Stealth Rock|p1a: Mew
|-sidestart|p1: k4rpman|move: Stealth Rock
|
|-heal|p1a: Mew|403\/403|[from] move: Wish|[wisher] Clefable
|turn|26
|
|move|p1a: Mew|Taunt|p2a: Clefable
|-start|p2a: Clefable|move: Taunt
|move|p2a: Clefable|Flamethrower|p1a: Mew
|-damage|p1a: Mew|348\/403
|
|-heal|p1a: Mew|373\/403|[from] item: Leftovers
|turn|27
|
|move|p1a: Mew|Knock Off|p2a: Clefable
|-resisted|p2a: Clefable
|-damage|p2a: Clefable|338\/394 brn
|move|p2a: Clefable|Flamethrower|p1a: Mew
|-damage|p1a: Mew|315\/403
|
|-heal|p1a: Mew|340\/403|[from] item: Leftovers
|turn|28
|
|move|p1a: Mew|Knock Off|p2a: Clefable
|-resisted|p2a: Clefable
|-damage|p2a: Clefable|313\/394 brn
|move|p2a: Clefable|Flamethrower|p1a: Mew
|-damage|p1a: Mew|289\/403
|
|-heal|p1a: Mew|314\/403|[from] item: Leftovers
|-end|p2a: Clefable|move: Taunt
|turn|29
|
|move|p1a: Mew|Taunt|p2a: Clefable
|-start|p2a: Clefable|move: Taunt
|move|p2a: Clefable|Flamethrower|p1a: Mew
|-damage|p1a: Mew|256\/403
|
|-heal|p1a: Mew|281\/403|[from] item: Leftovers
|turn|30
|
|move|p1a: Mew|Knock Off|p2a: Clefable
|-resisted|p2a: Clefable
|-damage|p2a: Clefable|286\/394 brn
|move|p2a: Clefable|Flamethrower|p1a: Mew
|-damage|p1a: Mew|230\/403
|
|-heal|p1a: Mew|255\/403|[from] item: Leftovers
|turn|31
|
|move|p1a: Mew|Roost|p1a: Mew
|-heal|p1a: Mew|403\/403
|move|p2a: Clefable|Flamethrower|p1a: Mew
|-damage|p1a: Mew|347\/403
|
|-heal|p1a: Mew|372\/403|[from] item: Leftovers
|-end|p2a: Clefable|move: Taunt
|turn|32
|
|move|p1a: Mew|Taunt|p2a: Clefable
|-start|p2a: Clefable|move: Taunt
|move|p2a: Clefable|Flamethrower|p1a: Mew
|-damage|p1a: Mew|322\/403
|
|-heal|p1a: Mew|347\/403|[from] item: Leftovers
|turn|33
|
|move|p1a: Mew|Knock Off|p2a: Clefable
|-resisted|p2a: Clefable
|-damage|p2a: Clefable|256\/394 brn
|move|p2a: Clefable|Flamethrower|p1a: Mew
|-damage|p1a: Mew|293\/403
|
|-heal|p1a: Mew|318\/403|[from] item: Leftovers
|turn|34
|
|move|p1a: Mew|Knock Off|p2a: Clefable
|-resisted|p2a: Clefable
|-damage|p2a: Clefable|231\/394 brn
|move|p2a: Clefable|Flamethrower|p1a: Mew
|-damage|p1a: Mew|264\/403
|
|-heal|p1a: Mew|289\/403|[from] item: Leftovers
|-end|p2a: Clefable|move: Taunt
|turn|35
|
|move|p1a: Mew|Taunt|p2a: Clefable
|-start|p2a: Clefable|move: Taunt
|move|p2a: Clefable|Flamethrower|p1a: Mew
|-damage|p1a: Mew|235\/403
|
|-heal|p1a: Mew|260\/403|[from] item: Leftovers
|turn|36
|
|move|p1a: Mew|Knock Off|p2a: Clefable
|-resisted|p2a: Clefable
|-damage|p2a: Clefable|203\/394 brn
|move|p2a: Clefable|Flamethrower|p1a: Mew
|-damage|p1a: Mew|210\/403
|
|-heal|p1a: Mew|235\/403|[from] item: Leftovers
|turn|37
|
|move|p1a: Mew|Roost|p1a: Mew
|-heal|p1a: Mew|403\/403
|move|p2a: Clefable|Flamethrower|p1a: Mew
|-damage|p1a: Mew|350\/403
|
|-heal|p1a: Mew|375\/403|[from] item: Leftovers
|-end|p2a: Clefable|move: Taunt
|turn|38
|
|move|p1a: Mew|Taunt|p2a: Clefable
|-start|p2a: Clefable|move: Taunt
|move|p2a: Clefable|Flamethrower|p1a: Mew
|-damage|p1a: Mew|319\/403
|
|-heal|p1a: Mew|344\/403|[from] item: Leftovers
|turn|39
|
|move|p1a: Mew|Knock Off|p2a: Clefable
|-resisted|p2a: Clefable
|-damage|p2a: Clefable|178\/394 brn
|move|p2a: Clefable|Flamethrower|p1a: Mew
|-damage|p1a: Mew|292\/403
|
|-heal|p1a: Mew|317\/403|[from] item: Leftovers
|turn|40
|
|move|p1a: Mew|Knock Off|p2a: Clefable
|-resisted|p2a: Clefable
|-damage|p2a: Clefable|151\/394 brn
|move|p2a: Clefable|Flamethrower|p1a: Mew
|-damage|p1a: Mew|267\/403
|
|-heal|p1a: Mew|292\/403|[from] item: Leftovers
|-end|p2a: Clefable|move: Taunt
|turn|41
|
|move|p1a: Mew|Taunt|p2a: Clefable
|-start|p2a: Clefable|move: Taunt
|move|p2a: Clefable|Flamethrower|p1a: Mew
|-damage|p1a: Mew|233\/403
|
|-heal|p1a: Mew|258\/403|[from] item: Leftovers
|turn|42
|
|move|p1a: Mew|Knock Off|p2a: Clefable
|-resisted|p2a: Clefable
|-damage|p2a: Clefable|125\/394 brn
|move|p2a: Clefable|Flamethrower|p1a: Mew
|-damage|p1a: Mew|205\/403
|
|-heal|p1a: Mew|230\/403|[from] item: Leftovers
|turn|43
|
|move|p1a: Mew|Roost|p1a: Mew
|-heal|p1a: Mew|403\/403
|move|p2a: Clefable|Flamethrower|p1a: Mew
|-damage|p1a: Mew|346\/403
|
|-heal|p1a: Mew|371\/403|[from] item: Leftovers
|-end|p2a: Clefable|move: Taunt
|turn|44
|
|switch|p2a: Keldeo|Keldeo|303\/323
|move|p1a: Mew|Taunt|p2a: Keldeo
|-start|p2a: Keldeo|move: Taunt
|
|-heal|p1a: Mew|396\/403|[from] item: Leftovers
|turn|45
|
|move|p2a: Keldeo|Hydro Pump|p1a: Mew
|-damage|p1a: Mew|177\/403
|move|p1a: Mew|Knock Off|p2a: Keldeo
|-resisted|p2a: Keldeo
|-damage|p2a: Keldeo|261\/323
|-boost|p2a: Keldeo|atk|1|[from] ability: Justified
|-enditem|p2a: Keldeo|Choice Specs|[from] move: Knock Off|[of] p1a: Mew
|
|-heal|p1a: Mew|202\/403|[from] item: Leftovers
|turn|46
|
|move|p2a: Keldeo|Scald|p1a: Mew
|-damage|p1a: Mew|85\/403
|move|p1a: Mew|Roost|p1a: Mew
|-heal|p1a: Mew|287\/403
|
|-heal|p1a: Mew|312\/403|[from] item: Leftovers
|turn|47
|
|move|p2a: Keldeo|Scald|p1a: Mew
|-damage|p1a: Mew|189\/403
|move|p1a: Mew|Roost|p1a: Mew
|-heal|p1a: Mew|391\/403
|
|-heal|p1a: Mew|403\/403|[from] item: Leftovers
|-end|p2a: Keldeo|move: Taunt
|turn|48
|
|move|p2a: Keldeo|Scald|p1a: Mew
|-damage|p1a: Mew|283\/403
|move|p1a: Mew|Will-O-Wisp|p2a: Keldeo|[miss]
|-miss|p1a: Mew|p2a: Keldeo
|
|-heal|p1a: Mew|308\/403|[from] item: Leftovers
|turn|49
|
|move|p2a: Keldeo|Scald|p1a: Mew
|-crit|p1a: Mew
|-damage|p1a: Mew|143\/403
|move|p1a: Mew|Roost|p1a: Mew
|-heal|p1a: Mew|345\/403
|
|-heal|p1a: Mew|370\/403|[from] item: Leftovers
|turn|50
|
|move|p2a: Keldeo|Scald|p1a: Mew
|-damage|p1a: Mew|256\/403
|move|p1a: Mew|Will-O-Wisp|p2a: Keldeo|[miss]
|-miss|p1a: Mew|p2a: Keldeo
|
|-heal|p1a: Mew|281\/403|[from] item: Leftovers
|turn|51
|
|move|p2a: Keldeo|Scald|p1a: Mew
|-damage|p1a: Mew|169\/403
|move|p1a: Mew|Roost|p1a: Mew
|-heal|p1a: Mew|371\/403
|
|-heal|p1a: Mew|396\/403|[from] item: Leftovers
|turn|52
|
|move|p2a: Keldeo|Scald|p1a: Mew
|-crit|p1a: Mew
|-damage|p1a: Mew|227\/403
|move|p1a: Mew|Will-O-Wisp|p2a: Keldeo
|-status|p2a: Keldeo|brn
|
|-heal|p1a: Mew|252\/403|[from] item: Leftovers
|-damage|p2a: Keldeo|221\/323 brn|[from] brn
|turn|53
|
|move|p2a: Keldeo|Scald|p1a: Mew
|-damage|p1a: Mew|131\/403
|-status|p1a: Mew|brn
|move|p1a: Mew|Roost|p1a: Mew
|-heal|p1a: Mew|333\/403 brn
|
|-heal|p1a: Mew|358\/403 brn|[from] item: Leftovers
|-damage|p2a: Keldeo|181\/323 brn|[from] brn
|-damage|p1a: Mew|308\/403 brn|[from] brn
|turn|54
|
|switch|p1a: Starmie|Starmie|47\/261
|-damage|p1a: Starmie|15\/261|[from] Stealth Rock
|move|p2a: Keldeo|Hydro Pump|p1a: Starmie
|-resisted|p1a: Starmie
|-damage|p1a: Starmie|0 fnt
|faint|p1a: Starmie
|
|-damage|p2a: Keldeo|141\/323 brn|[from] brn
|
|switch|p1a: Clefable|Clefable, F|394\/394
|-damage|p1a: Clefable|345\/394|[from] Stealth Rock
|turn|55
|
|move|p2a: Keldeo|Hydro Pump|p1a: Clefable
|-damage|p1a: Clefable|143\/394
|move|p1a: Clefable|Wish|p1a: Clefable
|
|-heal|p1a: Clefable|167\/394|[from] item: Leftovers
|-damage|p2a: Keldeo|101\/323 brn|[from] brn
|turn|56
|
|switch|p2a: Clefable|Clefable, M|125\/394 brn
|move|p1a: Clefable|Protect|p1a: Clefable
|-fail|p1a: Clefable
|
|-heal|p1a: Clefable|364\/394|[from] move: Wish|[wisher] Clefable
|-heal|p1a: Clefable|388\/394|[from] item: Leftovers
|turn|57
|
|move|p2a: Clefable|Soft-Boiled|p2a: Clefable
|-heal|p2a: Clefable|322\/394 brn
|move|p1a: Clefable|Moonblast|p2a: Clefable
|-damage|p2a: Clefable|217\/394 brn
|
|-heal|p1a: Clefable|394\/394|[from] item: Leftovers
|turn|58
|
|move|p2a: Clefable|Soft-Boiled|p2a: Clefable
|-heal|p2a: Clefable|394\/394 brn
|move|p1a: Clefable|Heal Bell|p1a: Clefable
|-cureteam|p1a: Clefable|[from] move: HealBell
|
|turn|59
|
|move|p2a: Clefable|Flamethrower|p1a: Clefable
|-damage|p1a: Clefable|322\/394
|move|p1a: Clefable|Wish|p1a: Clefable
|
|-heal|p1a: Clefable|346\/394|[from] item: Leftovers
|turn|60
|
|switch|p1a: Mew|Mew|308\/403
|-damage|p1a: Mew|258\/403|[from] Stealth Rock
|move|p2a: Clefable|Moonblast|p1a: Mew
|-crit|p1a: Mew
|-damage|p1a: Mew|123\/403
|-unboost|p1a: Mew|spa|1
|
|-heal|p1a: Mew|320\/403|[from] move: Wish|[wisher] Clefable
|-heal|p1a: Mew|345\/403|[from] item: Leftovers
|turn|61
|
|move|p1a: Mew|Knock Off|p2a: Clefable
|-resisted|p2a: Clefable
|-damage|p2a: Clefable|368\/394 brn
|move|p2a: Clefable|Flamethrower|p1a: Mew
|-damage|p1a: Mew|292\/403
|
|-heal|p1a: Mew|317\/403|[from] item: Leftovers
|turn|62
|
|move|p1a: Mew|Knock Off|p2a: Clefable
|-resisted|p2a: Clefable
|-damage|p2a: Clefable|343\/394 brn
|move|p2a: Clefable|Moonblast|p1a: Mew
|-damage|p1a: Mew|235\/403
|-unboost|p1a: Mew|spa|1
|
|-heal|p1a: Mew|260\/403|[from] item: Leftovers
|turn|63
|
|move|p1a: Mew|Taunt|p2a: Clefable
|-start|p2a: Clefable|move: Taunt
|move|p2a: Clefable|Moonblast|p1a: Mew
|-damage|p1a: Mew|178\/403
|
|-heal|p1a: Mew|203\/403|[from] item: Leftovers
|turn|64
|
|move|p1a: Mew|Roost|p1a: Mew
|-heal|p1a: Mew|403\/403
|move|p2a: Clefable|Moonblast|p1a: Mew
|-damage|p1a: Mew|310\/403
|
|-heal|p1a: Mew|335\/403|[from] item: Leftovers
|turn|65
|
|switch|p1a: Clefable|Clefable, F|346\/394
|-damage|p1a: Clefable|297\/394|[from] Stealth Rock
|move|p2a: Clefable|Moonblast|p1a: Clefable
|-damage|p1a: Clefable|173\/394
|
|-heal|p1a: Clefable|197\/394|[from] item: Leftovers
|-end|p2a: Clefable|move: Taunt
|turn|66
|
|move|p2a: Clefable|Moonblast|p1a: Clefable
|-damage|p1a: Clefable|83\/394
|move|p1a: Clefable|Wish|p1a: Clefable
|
|-heal|p1a: Clefable|107\/394|[from] item: Leftovers
|turn|67
|
|move|p1a: Clefable|Protect|p1a: Clefable
|-singleturn|p1a: Clefable|Protect
|move|p2a: Clefable|Moonblast|p1a: Clefable
|-activate|p1a: Clefable|Protect
|
|-heal|p1a: Clefable|304\/394|[from] move: Wish|[wisher] Clefable
|-heal|p1a: Clefable|328\/394|[from] item: Leftovers
|turn|68
|
|move|p2a: Clefable|Stealth Rock|p1a: Clefable
|-fail|p1a: Clefable
|move|p1a: Clefable|Moonblast|p2a: Clefable
|-damage|p2a: Clefable|246\/394 brn
|
|-heal|p1a: Clefable|352\/394|[from] item: Leftovers
|turn|69
|
|move|p2a: Clefable|Moonblast|p1a: Clefable
|-damage|p1a: Clefable|235\/394
|-unboost|p1a: Clefable|spa|1
|move|p1a: Clefable|Moonblast|p2a: Clefable
|-damage|p2a: Clefable|183\/394 brn
|
|-heal|p1a: Clefable|259\/394|[from] item: Leftovers
|turn|70
|
|move|p2a: Clefable|Soft-Boiled|p2a: Clefable
|-heal|p2a: Clefable|380\/394 brn
|move|p1a: Clefable|Wish|p1a: Clefable
|
|-heal|p1a: Clefable|283\/394|[from] item: Leftovers
|turn|71
|join|javikh33
|
|move|p2a: Clefable|Moonblast|p1a: Clefable
|-damage|p1a: Clefable|174\/394
|-unboost|p1a: Clefable|spa|1
|move|p1a: Clefable|Moonblast|p2a: Clefable
|-damage|p2a: Clefable|331\/394 brn
|
|-heal|p1a: Clefable|371\/394|[from] move: Wish|[wisher] Clefable
|-heal|p1a: Clefable|394\/394|[from] item: Leftovers
|turn|72
|
|move|p2a: Clefable|Stealth Rock|p1a: Clefable
|-fail|p1a: Clefable
|move|p1a: Clefable|Moonblast|p2a: Clefable
|-damage|p2a: Clefable|279\/394 brn
|
|turn|73
|
|move|p2a: Clefable|Moonblast|p1a: Clefable
|-damage|p1a: Clefable|283\/394
|move|p1a: Clefable|Moonblast|p2a: Clefable
|-damage|p2a: Clefable|228\/394 brn
|-unboost|p2a: Clefable|spa|1
|
|-heal|p1a: Clefable|307\/394|[from] item: Leftovers
|turn|74
|
|move|p2a: Clefable|Stealth Rock|p1a: Clefable
|-fail|p1a: Clefable
|move|p1a: Clefable|Moonblast|p2a: Clefable
|-damage|p2a: Clefable|174\/394 brn
|
|-heal|p1a: Clefable|331\/394|[from] item: Leftovers
|turn|75
|
|move|p2a: Clefable|Soft-Boiled|p2a: Clefable
|-heal|p2a: Clefable|371\/394 brn
|move|p1a: Clefable|Moonblast|p2a: Clefable
|-damage|p2a: Clefable|320\/394 brn
|
|-heal|p1a: Clefable|355\/394|[from] item: Leftovers
|turn|76
|
|move|p2a: Clefable|Stealth Rock|p1a: Clefable
|-fail|p1a: Clefable
|move|p1a: Clefable|Moonblast|p2a: Clefable
|-damage|p2a: Clefable|272\/394 brn
|
|-heal|p1a: Clefable|379\/394|[from] item: Leftovers
|turn|77
|
|move|p2a: Clefable|Stealth Rock|p1a: Clefable
|-fail|p1a: Clefable
|move|p1a: Clefable|Moonblast|p2a: Clefable
|-damage|p2a: Clefable|224\/394 brn
|
|-heal|p1a: Clefable|394\/394|[from] item: Leftovers
|turn|78
|
|move|p2a: Clefable|Stealth Rock|p1a: Clefable
|-fail|p1a: Clefable
|move|p1a: Clefable|Moonblast|p2a: Clefable
|-damage|p2a: Clefable|173\/394 brn
|-unboost|p2a: Clefable|spa|1
|
|turn|79
|
|move|p2a: Clefable|Soft-Boiled|p2a: Clefable
|-heal|p2a: Clefable|370\/394 brn
|move|p1a: Clefable|Wish|p1a: Clefable
|
|turn|80
|
|switch|p1a: Gyarados|Gyarados, M|249\/331
|-damage|p1a: Gyarados|167\/331|[from] Stealth Rock
|-ability|p1a: Gyarados|Intimidate|[of] p2a: Clefable
|-unboost|p2a: Clefable|atk|1
|move|p2a: Clefable|Stealth Rock|p1a: Gyarados
|-fail|p1a: Gyarados
|
|-heal|p1a: Gyarados|331\/331|[from] move: Wish|[wisher] Clefable
|turn|81
|
|switch|p2a: Landorus-Therian|Landorus-Therian, M|11\/319
|-ability|p2a: Landorus-Therian|Intimidate|[of] p1a: Gyarados
|-unboost|p1a: Gyarados|atk|1
|move|p1a: Gyarados|Dragon Dance|p1a: Gyarados
|-boost|p1a: Gyarados|atk|1
|-boost|p1a: Gyarados|spe|1
|
|turn|82
|
|move|p2a: Landorus-Therian|Stone Edge|p1a: Gyarados
|-supereffective|p1a: Gyarados
|-damage|p1a: Gyarados|27\/331
|move|p1a: Gyarados|Waterfall|p2a: Landorus-Therian
|-supereffective|p2a: Landorus-Therian
|-damage|p2a: Landorus-Therian|0 fnt
|faint|p2a: Landorus-Therian
|
|join|xXCMisteriousXx
|
|switch|p2a: Clefable|Clefable, M|370\/394 brn
|turn|83
|
|detailschange|p1a: Gyarados|Gyarados-Mega, M
|message|Gyarados has Mega Evolved into Mega Gyarados!
|-ability|p1a: Gyarados|Mold Breaker
|move|p1a: Gyarados|Waterfall|p2a: Clefable
|-damage|p2a: Clefable|183\/394 brn
|move|p2a: Clefable|Flamethrower|p1a: Gyarados
|-resisted|p1a: Gyarados
|-damage|p1a: Gyarados|0 fnt
|faint|p1a: Gyarados
|
|
|switch|p1a: Magnezone|Magnezone|87\/281
|-damage|p1a: Magnezone|70\/281|[from] Stealth Rock
|turn|84
|
|move|p1a: Magnezone|Flash Cannon|p2a: Clefable
|-supereffective|p2a: Clefable
|-damage|p2a: Clefable|0 fnt
|faint|p2a: Clefable
|
|
|switch|p2a: Latias|Latias, F|130\/301
|turn|85
|
|move|p1a: Magnezone|Flash Cannon|p2a: Latias
|-damage|p2a: Latias|21\/301
|move|p2a: Latias|Draco Meteor|p1a: Magnezone
|-resisted|p1a: Magnezone
|-damage|p1a: Magnezone|0 fnt
|-unboost|p2a: Latias|spa|2
|-damage|p2a: Latias|0 fnt|[from] item: Life Orb
|faint|p1a: Magnezone
|faint|p2a: Latias
|
|c|âKingKoopa66|gg
|
|switch|p2a: Keldeo|Keldeo|101\/323 brn
|switch|p1a: Clefable|Clefable, F|394\/394
|-damage|p1a: Clefable|345\/394|[from] Stealth Rock
|turn|86
|c|âk4rpman|gg
|
|move|p2a: Keldeo|Hydro Pump|p1a: Clefable
|-damage|p1a: Clefable|138\/394
|move|p1a: Clefable|Moonblast|p2a: Keldeo
|-supereffective|p2a: Keldeo
|-damage|p2a: Keldeo|0 fnt
|faint|p2a: Keldeo
|
|win|k4rpman
|raw|Ladder updating...
|leave|k4rpman
|player|p1
|raw|k4rpman's rating: 1747 &rarr; <strong>1762<\/strong><br \/>(+15 for winning)
|raw|KingKoopa66's rating: 1670 &rarr; <strong>1655<\/strong><br \/>(-15 for losing)