|join|spooky-cofagrigus
|join|k4rpman
|player|p1|spooky-cofagrigus|108
|player|p2|k4rpman|266
|gametype|singles
|gen|6
|tier|OU
|rated
|clearpoke
|poke|p1|Garchomp, F, shiny
|poke|p1|Heatran, F, shiny
|poke|p1|Gastrodon, M
|poke|p1|Ferrothorn, F, shiny
|poke|p1|Charizard, F
|poke|p1|Conkeldurr, F
|poke|p2|Heatran, M
|poke|p2|Keldeo
|poke|p2|Landorus-Therian, M
|poke|p2|Celebi
|poke|p2|Alomomola, F
|poke|p2|Diancie
|rule|Swagger Clause: Swagger is banned
|rule|Baton Pass Clause: Limit one PokÃ©mon knowing Baton Pass
|rule|Sleep Clause Mod: Limit one foe put to sleep
|rule|Species Clause: Limit one of each PokÃ©mon
|rule|OHKO Clause: OHKO moves are banned
|rule|Moody Clause: Moody is banned
|rule|Evasion Moves Clause: Evasion moves are banned
|rule|Endless Battle Clause: Forcing endless battles is banned
|rule|HP Percentage Mod: HP is shown in percentages
|teampreview
|
|start
|switch|p1a: Conkeldurr|Conkeldurr, F|414\/414
|switch|p2a: Landorus-Therian|Landorus-Therian, M|319\/319
|-ability|p2a: Landorus-Therian|Intimidate|[of] p1a: Conkeldurr
|-unboost|p1a: Conkeldurr|atk|1
|turn|1
|
|move|p2a: Landorus-Therian|Earthquake|p1a: Conkeldurr
|-damage|p1a: Conkeldurr|150\/414
|move|p1a: Conkeldurr|Ice Punch|p2a: Landorus-Therian
|-supereffective|p2a: Landorus-Therian
|-damage|p2a: Landorus-Therian|75\/319
|
|turn|2
|
|move|p1a: Conkeldurr|Mach Punch|p2a: Landorus-Therian
|-resisted|p2a: Landorus-Therian
|-damage|p2a: Landorus-Therian|51\/319
|move|p2a: Landorus-Therian|U-turn|p1a: Conkeldurr
|-resisted|p1a: Conkeldurr
|-damage|p1a: Conkeldurr|97\/414
|
|switch|p2a: Diancie|Diancie|241\/241
|
|turn|3
|
|detailschange|p2a: Diancie|Diancie-Mega
|message|Diancie has Mega Evolved into Mega Diancie!
|move|p2a: Diancie|Moonblast|p1a: Conkeldurr
|-supereffective|p1a: Conkeldurr
|-damage|p1a: Conkeldurr|0 fnt
|faint|p1a: Conkeldurr
|
|
|switch|p1a: Ferrothorn|Ferrothorn, F, shiny|352\/352
|turn|4
|
|switch|p2a: Celebi|Celebi|404\/404
|move|p1a: Ferrothorn|Gyro Ball|p2a: Celebi
|-damage|p2a: Celebi|304\/404
|
|-heal|p2a: Celebi|329\/404|[from] item: Leftovers
|turn|5
|
|move|p2a: Celebi|Nasty Plot|p2a: Celebi
|-boost|p2a: Celebi|spa|2
|move|p1a: Ferrothorn|Stealth Rock|p2a: Celebi
|-sidestart|p2: k4rpman|move: Stealth Rock
|
|-heal|p2a: Celebi|354\/404|[from] item: Leftovers
|turn|6
|
|switch|p1a: Heatran|Heatran, F, shiny|386\/386
|move|p2a: Celebi|Baton Pass|p2a: Celebi
|
|switch|p2a: Diancie|Diancie-Mega|241\/241
|-damage|p2a: Diancie|211\/241|[from] Stealth Rock
|
|turn|7
|
|move|p2a: Diancie|Earth Power|p1a: Heatran
|-supereffective|p1a: Heatran
|-damage|p1a: Heatran|0 fnt
|faint|p1a: Heatran
|
|
|switch|p1a: Garchomp|Garchomp, F, shiny|420\/420
|turn|8
|
|move|p2a: Diancie|Moonblast|p1a: Garchomp
|-supereffective|p1a: Garchomp
|-damage|p1a: Garchomp|0 fnt
|faint|p1a: Garchomp
|
|
|switch|p1a: Ferrothorn|Ferrothorn, F, shiny|352\/352
|turn|9
|
|move|p2a: Diancie|Hidden Power|p1a: Ferrothorn
|-supereffective|p1a: Ferrothorn
|-damage|p1a: Ferrothorn|0 fnt
|faint|p1a: Ferrothorn
|
|
|switch|p1a: Charizard|Charizard, F|297\/297
|turn|10
|
|detailschange|p1a: Charizard|Charizard-Mega-Y, F
|message|Charizard has Mega Evolved into Mega Charizard!
|-weather|SunnyDay
|move|p2a: Diancie|Diamond Storm|p1a: Charizard
|-supereffective|p1a: Charizard
|-damage|p1a: Charizard|0 fnt
|-boost|p2a: Diancie|def|1
|faint|p1a: Charizard
|
|-weather|SunnyDay|[upkeep]
|
|switch|p1a: Gastrodon|Gastrodon, M|395\/395
|turn|11
|
|move|p2a: Diancie|Moonblast|p1a: Gastrodon
|-crit|p1a: Gastrodon
|-damage|p1a: Gastrodon|0 fnt
|faint|p1a: Gastrodon
|
|win|k4rpman
|raw|Ladder updating...
|leave|spooky-cofagrigus
|player|p1