|join|lt2a frexa
|join|k4rpman
|player|p1|lt2a frexa|170
|player|p2|k4rpman|169
|gametype|singles
|gen|6
|tier|OU
|rated
|clearpoke
|poke|p1|Skarmory, M
|poke|p1|Dugtrio, M
|poke|p1|Charizard, M
|poke|p1|Suicune
|poke|p1|Tornadus-Therian, M
|poke|p1|Clefable, F
|poke|p2|Talonflame, F
|poke|p2|Venusaur, M
|poke|p2|Latias, F
|poke|p2|Jirachi
|poke|p2|Rotom-Wash
|poke|p2|Garchomp, F
|rule|Swagger Clause: Swagger is banned
|rule|Baton Pass Clause: Limit one PokÃ©mon knowing Baton Pass
|rule|Sleep Clause Mod: Limit one foe put to sleep
|rule|Species Clause: Limit one of each PokÃ©mon
|rule|OHKO Clause: OHKO moves are banned
|rule|Moody Clause: Moody is banned
|rule|Evasion Moves Clause: Evasion moves are banned
|rule|Endless Battle Clause: Forcing endless battles is banned
|rule|HP Percentage Mod: HP is shown in percentages
|teampreview
|
|start
|switch|p1a: Charizard|Charizard, M|359\/359
|switch|p2a: Rotom-Wash|Rotom-Wash|303\/303
|turn|1
|
|detailschange|p1a: Charizard|Charizard-Mega-X, M
|message|Charizard has Mega Evolved into Mega Charizard!
|move|p1a: Charizard|Will-O-Wisp|p2a: Rotom-Wash
|-status|p2a: Rotom-Wash|brn
|move|p2a: Rotom-Wash|Volt Switch|p1a: Charizard
|-resisted|p1a: Charizard
|-damage|p1a: Charizard|322\/359
|
|switch|p2a: Garchomp|Garchomp, F|357\/357
|
|turn|2
|
|switch|p1a: Skarmory|Skarmory, M|334\/334
|move|p2a: Garchomp|Stealth Rock|p1a: Skarmory
|-sidestart|p1: lt2a frexa|move: Stealth Rock
|
|turn|3
|
|move|p2a: Garchomp|Fire Blast|p1a: Skarmory
|-supereffective|p1a: Skarmory
|-damage|p1a: Skarmory|184\/334
|move|p1a: Skarmory|Defog|p2a: Garchomp
|-unboost|p2a: Garchomp|evasion|1
|-sideend|p1: lt2a frexa|Stealth Rock|[from] move: Defog|[of] p1a: Skarmory
|
|-heal|p1a: Skarmory|204\/334|[from] item: Leftovers
|turn|4
|
|move|p2a: Garchomp|Stealth Rock|p1a: Skarmory
|-sidestart|p1: lt2a frexa|move: Stealth Rock
|move|p1a: Skarmory|Toxic|p2a: Garchomp
|-status|p2a: Garchomp|tox
|
|-heal|p1a: Skarmory|224\/334|[from] item: Leftovers
|-damage|p2a: Garchomp|335\/357 tox|[from] psn
|turn|5
|
|switch|p2a: Jirachi|Jirachi|341\/341
|move|p1a: Skarmory|Roost|p1a: Skarmory
|-heal|p1a: Skarmory|334\/334
|
|turn|6
|
|move|p2a: Jirachi|Thunderbolt|p1a: Skarmory
|-supereffective|p1a: Skarmory
|-damage|p1a: Skarmory|108\/334
|move|p1a: Skarmory|Defog|p2a: Jirachi
|-unboost|p2a: Jirachi|evasion|1
|-sideend|p1: lt2a frexa|Stealth Rock|[from] move: Defog|[of] p1a: Skarmory
|
|-heal|p1a: Skarmory|128\/334|[from] item: Leftovers
|turn|7
|
|switch|p1a: Charizard|Charizard-Mega-X, M|322\/359
|move|p2a: Jirachi|Icy Wind|p1a: Charizard
|-damage|p1a: Charizard|276\/359
|-unboost|p1a: Charizard|spe|1
|
|turn|8
|
|move|p2a: Jirachi|Hidden Power|p1a: Charizard
|-supereffective|p1a: Charizard
|-damage|p1a: Charizard|149\/359
|move|p1a: Charizard|Dragon Claw|p2a: Jirachi
|-resisted|p2a: Jirachi
|-damage|p2a: Jirachi|257\/341
|
|turn|9
|
|switch|p2a: Garchomp|Garchomp, F|335\/357 tox
|move|p1a: Charizard|Roost|p1a: Charizard
|-heal|p1a: Charizard|329\/359
|
|-damage|p2a: Garchomp|313\/357 tox|[from] psn
|turn|10
|
|switch|p1a: Skarmory|Skarmory, M|128\/334
|move|p2a: Garchomp|Stealth Rock|p1a: Skarmory
|-sidestart|p1: lt2a frexa|move: Stealth Rock
|
|-heal|p1a: Skarmory|148\/334|[from] item: Leftovers
|-damage|p2a: Garchomp|269\/357 tox|[from] psn
|turn|11
|
|switch|p1a: Suicune|Suicune|404\/404
|-damage|p1a: Suicune|354\/404|[from] Stealth Rock
|-ability|p1a: Suicune|Pressure
|move|p2a: Garchomp|Fire Blast|p1a: Suicune
|-resisted|p1a: Suicune
|-damage|p1a: Suicune|323\/404
|
|-heal|p1a: Suicune|348\/404|[from] item: Leftovers
|-damage|p2a: Garchomp|203\/357 tox|[from] psn
|turn|12
|
|switch|p2a: Venusaur|Venusaur, M|349\/349
|move|p1a: Suicune|Scald|p2a: Venusaur
|-resisted|p2a: Venusaur
|-damage|p2a: Venusaur|304\/349
|
|-heal|p1a: Suicune|373\/404|[from] item: Leftovers
|turn|13
|
|switch|p1a: Charizard|Charizard-Mega-X, M|329\/359
|-damage|p1a: Charizard|240\/359|[from] Stealth Rock
|detailschange|p2a: Venusaur|Venusaur-Mega, M
|message|Venusaur has Mega Evolved into Mega Venusaur!
|move|p2a: Venusaur|Sludge Bomb|p1a: Charizard
|-damage|p1a: Charizard|98\/359
|
|turn|14
|
|move|p1a: Charizard|Roost|p1a: Charizard
|-heal|p1a: Charizard|278\/359
|move|p2a: Venusaur|Sludge Bomb|p1a: Charizard
|-damage|p1a: Charizard|137\/359
|
|turn|15
|
|move|p1a: Charizard|Roost|p1a: Charizard
|-heal|p1a: Charizard|317\/359
|move|p2a: Venusaur|Sludge Bomb|p1a: Charizard
|-damage|p1a: Charizard|175\/359
|
|turn|16
|
|move|p1a: Charizard|Roost|p1a: Charizard
|-heal|p1a: Charizard|355\/359
|move|p2a: Venusaur|Sludge Bomb|p1a: Charizard
|-damage|p1a: Charizard|195\/359
|
|turn|17
|
|move|p1a: Charizard|Will-O-Wisp|p2a: Venusaur
|-status|p2a: Venusaur|brn
|move|p2a: Venusaur|Sludge Bomb|p1a: Charizard
|-damage|p1a: Charizard|36\/359
|
|-damage|p2a: Venusaur|261\/349 brn|[from] brn
|turn|18
|
|move|p1a: Charizard|Roost|p1a: Charizard
|-heal|p1a: Charizard|216\/359
|move|p2a: Venusaur|Sludge Bomb|p1a: Charizard
|-damage|p1a: Charizard|59\/359
|
|-damage|p2a: Venusaur|218\/349 brn|[from] brn
|turn|19
|
|move|p1a: Charizard|Roost|p1a: Charizard
|-heal|p1a: Charizard|239\/359
|move|p2a: Venusaur|Sludge Bomb|p1a: Charizard
|-damage|p1a: Charizard|88\/359
|
|-damage|p2a: Venusaur|175\/349 brn|[from] brn
|turn|20
|
|move|p1a: Charizard|Roost|p1a: Charizard
|-heal|p1a: Charizard|268\/359
|move|p2a: Venusaur|Sludge Bomb|p1a: Charizard
|-damage|p1a: Charizard|111\/359
|
|-damage|p2a: Venusaur|132\/349 brn|[from] brn
|turn|21
|
|move|p1a: Charizard|Roost|p1a: Charizard
|-heal|p1a: Charizard|291\/359
|move|p2a: Venusaur|Sludge Bomb|p1a: Charizard
|-damage|p1a: Charizard|128\/359
|-status|p1a: Charizard|psn
|
|-damage|p1a: Charizard|84\/359 psn|[from] psn
|-damage|p2a: Venusaur|89\/349 brn|[from] brn
|turn|22
|
|switch|p2a: Talonflame|Talonflame, F|359\/359
|move|p1a: Charizard|Dragon Claw|p2a: Talonflame
|-damage|p2a: Talonflame|166\/359
|
|-heal|p2a: Talonflame|188\/359|[from] item: Leftovers
|-damage|p1a: Charizard|40\/359 psn|[from] psn
|turn|23
|
|move|p2a: Talonflame|Brave Bird|p1a: Charizard
|-damage|p1a: Charizard|0 fnt
|-damage|p2a: Talonflame|175\/359|[from] recoil|[of] p1a: Charizard
|faint|p1a: Charizard
|
|-heal|p2a: Talonflame|197\/359|[from] item: Leftovers
|
|switch|p1a: Suicune|Suicune|373\/404
|-damage|p1a: Suicune|323\/404|[from] Stealth Rock
|-ability|p1a: Suicune|Pressure
|turn|24
|
|switch|p2a: Latias|Latias, F|301\/301
|move|p1a: Suicune|Scald|p2a: Latias
|-resisted|p2a: Latias
|-damage|p2a: Latias|268\/301
|
|-heal|p1a: Suicune|348\/404|[from] item: Leftovers
|turn|25
|
|switch|p1a: Clefable|Clefable, F|394\/394
|-damage|p1a: Clefable|345\/394|[from] Stealth Rock
|move|p2a: Latias|Healing Wish|p2a: Latias
|faint|p2a: Latias
|
|-heal|p1a: Clefable|369\/394|[from] item: Leftovers
|
|switch|p2a: Venusaur|Venusaur-Mega, M|89\/349 brn
|-heal|p2a: Venusaur|349\/349|[from] move: Healing Wish
|turn|26
|
|switch|p1a: Tornadus-Therian|Tornadus-Therian, M|332\/332
|-damage|p1a: Tornadus-Therian|249\/332|[from] Stealth Rock
|move|p2a: Venusaur|Sludge Bomb|p1a: Tornadus-Therian
|-damage|p1a: Tornadus-Therian|134\/332
|-status|p1a: Tornadus-Therian|psn
|
|-damage|p1a: Tornadus-Therian|93\/332 psn|[from] psn
|turn|27
|
|switch|p2a: Jirachi|Jirachi|257\/341
|move|p1a: Tornadus-Therian|Hurricane|p2a: Jirachi
|-resisted|p2a: Jirachi
|-damage|p2a: Jirachi|179\/341
|
|-damage|p1a: Tornadus-Therian|52\/332 psn|[from] psn
|turn|28
|
|move|p1a: Tornadus-Therian|Knock Off|p2a: Jirachi
|-supereffective|p2a: Jirachi
|-damage|p2a: Jirachi|31\/341
|-enditem|p2a: Jirachi|Expert Belt|[from] move: Knock Off|[of] p1a: Tornadus-Therian
|move|p2a: Jirachi|Icy Wind|p1a: Tornadus-Therian
|-supereffective|p1a: Tornadus-Therian
|-damage|p1a: Tornadus-Therian|0 fnt
|faint|p1a: Tornadus-Therian
|
|
|switch|p1a: Dugtrio|Dugtrio, M|201\/201
|-damage|p1a: Dugtrio|189\/201|[from] Stealth Rock
|turn|29
|
|move|p1a: Dugtrio|Earthquake|p2a: Jirachi
|-supereffective|p2a: Jirachi
|-damage|p2a: Jirachi|0 fnt
|faint|p2a: Jirachi
|
|
|switch|p2a: Rotom-Wash|Rotom-Wash|303\/303 brn
|turn|30
|
|move|p1a: Dugtrio|Stealth Rock|p2a: Rotom-Wash
|-sidestart|p2: k4rpman|move: Stealth Rock
|move|p2a: Rotom-Wash|Hydro Pump|p1a: Dugtrio
|-crit|p1a: Dugtrio
|-supereffective|p1a: Dugtrio
|-damage|p1a: Dugtrio|0 fnt
|faint|p1a: Dugtrio
|
|-damage|p2a: Rotom-Wash|266\/303 brn|[from] brn
|
|switch|p1a: Clefable|Clefable, F|369\/394
|-damage|p1a: Clefable|320\/394|[from] Stealth Rock
|turn|31
|
|move|p2a: Rotom-Wash|Volt Switch|p1a: Clefable
|-damage|p1a: Clefable|218\/394
|
|switch|p2a: Talonflame|Talonflame, F|197\/359
|-damage|p2a: Talonflame|18\/359|[from] Stealth Rock
|move|p1a: Clefable|Calm Mind|p1a: Clefable
|-boost|p1a: Clefable|spa|1
|-boost|p1a: Clefable|spd|1
|
|-heal|p2a: Talonflame|40\/359|[from] item: Leftovers
|-heal|p1a: Clefable|242\/394|[from] item: Leftovers
|turn|32
|
|move|p2a: Talonflame|Roost|p2a: Talonflame
|-heal|p2a: Talonflame|220\/359
|move|p1a: Clefable|Moonlight|p1a: Clefable
|-heal|p1a: Clefable|394\/394
|
|-heal|p2a: Talonflame|242\/359|[from] item: Leftovers
|turn|33
|
|move|p2a: Talonflame|Taunt|p1a: Clefable
|-start|p1a: Clefable|move: Taunt
|cant|p1a: Clefable|move: Taunt|Calm Mind
|
|-heal|p2a: Talonflame|264\/359|[from] item: Leftovers
|turn|34
|
|move|p2a: Talonflame|Will-O-Wisp|p1a: Clefable
|-status|p1a: Clefable|brn
|move|p1a: Clefable|Flamethrower|p2a: Talonflame
|-crit|p2a: Talonflame
|-resisted|p2a: Talonflame
|-damage|p2a: Talonflame|191\/359
|
|-heal|p2a: Talonflame|213\/359|[from] item: Leftovers
|-damage|p1a: Clefable|345\/394 brn|[from] brn
|turn|35
|
|move|p2a: Talonflame|Roost|p2a: Talonflame
|-heal|p2a: Talonflame|359\/359
|move|p1a: Clefable|Moonblast|p2a: Talonflame
|-resisted|p2a: Talonflame
|-damage|p2a: Talonflame|291\/359
|-unboost|p2a: Talonflame|spa|1
|
|-heal|p2a: Talonflame|313\/359|[from] item: Leftovers
|-heal|p1a: Clefable|369\/394 brn|[from] item: Leftovers
|-damage|p1a: Clefable|320\/394 brn|[from] brn
|-end|p1a: Clefable|move: Taunt
|turn|36
|
|switch|p1a: Suicune|Suicune|348\/404
|-damage|p1a: Suicune|298\/404|[from] Stealth Rock
|-ability|p1a: Suicune|Pressure
|move|p2a: Talonflame|Taunt|p1a: Suicune
|-start|p1a: Suicune|move: Taunt
|
|-heal|p2a: Talonflame|335\/359|[from] item: Leftovers
|-heal|p1a: Suicune|323\/404|[from] item: Leftovers
|turn|37
|
|switch|p1a: Clefable|Clefable, F|320\/394 brn
|-damage|p1a: Clefable|271\/394 brn|[from] Stealth Rock
|move|p2a: Talonflame|Will-O-Wisp|p1a: Clefable
|-fail|p1a: Clefable|brn
|
|-heal|p2a: Talonflame|357\/359|[from] item: Leftovers
|-heal|p1a: Clefable|295\/394 brn|[from] item: Leftovers
|-damage|p1a: Clefable|246\/394 brn|[from] brn
|turn|38
|
|switch|p1a: Suicune|Suicune|323\/404
|-damage|p1a: Suicune|273\/404|[from] Stealth Rock
|-ability|p1a: Suicune|Pressure
|move|p2a: Talonflame|Taunt|p1a: Suicune
|-start|p1a: Suicune|move: Taunt
|
|-heal|p2a: Talonflame|359\/359|[from] item: Leftovers
|-heal|p1a: Suicune|298\/404|[from] item: Leftovers
|turn|39
|
|move|p2a: Talonflame|Will-O-Wisp|p1a: Suicune
|-status|p1a: Suicune|brn
|move|p1a: Suicune|Scald|p2a: Talonflame
|-supereffective|p2a: Talonflame
|-damage|p2a: Talonflame|197\/359
|
|-heal|p2a: Talonflame|219\/359|[from] item: Leftovers
|-heal|p1a: Suicune|323\/404 brn|[from] item: Leftovers
|-damage|p1a: Suicune|273\/404 brn|[from] brn
|turn|40
|
|move|p2a: Talonflame|Roost|p2a: Talonflame
|-heal|p2a: Talonflame|359\/359
|move|p1a: Suicune|Scald|p2a: Talonflame
|-supereffective|p2a: Talonflame
|-damage|p2a: Talonflame|185\/359
|
|-heal|p2a: Talonflame|207\/359|[from] item: Leftovers
|-heal|p1a: Suicune|298\/404 brn|[from] item: Leftovers
|-damage|p1a: Suicune|248\/404 brn|[from] brn
|turn|41
|
|move|p2a: Talonflame|Roost|p2a: Talonflame
|-heal|p2a: Talonflame|359\/359
|move|p1a: Suicune|Scald|p2a: Talonflame
|-supereffective|p2a: Talonflame
|-damage|p2a: Talonflame|197\/359
|
|-heal|p2a: Talonflame|219\/359|[from] item: Leftovers
|-heal|p1a: Suicune|273\/404 brn|[from] item: Leftovers
|-damage|p1a: Suicune|223\/404 brn|[from] brn
|-end|p1a: Suicune|move: Taunt
|turn|42
|
|move|p2a: Talonflame|Taunt|p1a: Suicune
|-start|p1a: Suicune|move: Taunt
|move|p1a: Suicune|Scald|p2a: Talonflame
|-supereffective|p2a: Talonflame
|-damage|p2a: Talonflame|73\/359
|
|-heal|p2a: Talonflame|95\/359|[from] item: Leftovers
|-heal|p1a: Suicune|248\/404 brn|[from] item: Leftovers
|-damage|p1a: Suicune|198\/404 brn|[from] brn
|turn|43
|join|CH1LD PLEASE
|
|move|p2a: Talonflame|Roost|p2a: Talonflame
|-heal|p2a: Talonflame|275\/359
|move|p1a: Suicune|Scald|p2a: Talonflame
|-supereffective|p2a: Talonflame
|-damage|p2a: Talonflame|105\/359
|
|-heal|p2a: Talonflame|127\/359|[from] item: Leftovers
|-heal|p1a: Suicune|223\/404 brn|[from] item: Leftovers
|-damage|p1a: Suicune|173\/404 brn|[from] brn
|turn|44
|
|move|p2a: Talonflame|Roost|p2a: Talonflame
|-heal|p2a: Talonflame|307\/359
|move|p1a: Suicune|Scald|p2a: Talonflame
|-supereffective|p2a: Talonflame
|-damage|p2a: Talonflame|149\/359
|
|-heal|p2a: Talonflame|171\/359|[from] item: Leftovers
|-heal|p1a: Suicune|198\/404 brn|[from] item: Leftovers
|-damage|p1a: Suicune|148\/404 brn|[from] brn
|-end|p1a: Suicune|move: Taunt
|turn|45
|
|move|p2a: Talonflame|Taunt|p1a: Suicune
|-start|p1a: Suicune|move: Taunt
|move|p1a: Suicune|Scald|p2a: Talonflame
|-supereffective|p2a: Talonflame
|-damage|p2a: Talonflame|9\/359
|
|-heal|p2a: Talonflame|31\/359|[from] item: Leftovers
|-heal|p1a: Suicune|173\/404 brn|[from] item: Leftovers
|-damage|p1a: Suicune|123\/404 brn|[from] brn
|turn|46
|
|move|p2a: Talonflame|Roost|p2a: Talonflame
|-heal|p2a: Talonflame|211\/359
|move|p1a: Suicune|Scald|p2a: Talonflame
|-supereffective|p2a: Talonflame
|-damage|p2a: Talonflame|49\/359
|
|-heal|p2a: Talonflame|71\/359|[from] item: Leftovers
|-heal|p1a: Suicune|148\/404 brn|[from] item: Leftovers
|-damage|p1a: Suicune|98\/404 brn|[from] brn
|turn|47
|
|move|p2a: Talonflame|Roost|p2a: Talonflame
|-heal|p2a: Talonflame|251\/359
|move|p1a: Suicune|Scald|p2a: Talonflame
|-supereffective|p2a: Talonflame
|-damage|p2a: Talonflame|99\/359
|
|-heal|p2a: Talonflame|121\/359|[from] item: Leftovers
|-heal|p1a: Suicune|123\/404 brn|[from] item: Leftovers
|-damage|p1a: Suicune|73\/404 brn|[from] brn
|-end|p1a: Suicune|move: Taunt
|turn|48
|
|move|p2a: Talonflame|Taunt|p1a: Suicune
|-start|p1a: Suicune|move: Taunt
|move|p1a: Suicune|Scald|p2a: Talonflame
|-supereffective|p2a: Talonflame
|-damage|p2a: Talonflame|0 fnt
|faint|p2a: Talonflame
|
|-heal|p1a: Suicune|98\/404 brn|[from] item: Leftovers
|-damage|p1a: Suicune|48\/404 brn|[from] brn
|
|switch|p2a: Venusaur|Venusaur-Mega, M|349\/349
|-damage|p2a: Venusaur|306\/349|[from] Stealth Rock
|turn|49
|
|move|p2a: Venusaur|Giga Drain|p1a: Suicune
|-supereffective|p1a: Suicune
|-damage|p1a: Suicune|0 fnt
|-heal|p2a: Venusaur|330\/349|[from] drain|[of] p1a: Suicune
|faint|p1a: Suicune
|
|join|Scythe Kronos
|leave|Scythe Kronos
|
|switch|p1a: Skarmory|Skarmory, M|148\/334
|-damage|p1a: Skarmory|107\/334|[from] Stealth Rock
|turn|50
|
|move|p2a: Venusaur|Hidden Power|p1a: Skarmory
|-supereffective|p1a: Skarmory
|-damage|p1a: Skarmory|0 fnt
|faint|p1a: Skarmory
|
|-message|lt2a frexa forfeited.
|
|win|k4rpman
|raw|Ladder updating...
|leave|lt2a frexa
|player|p1
|raw|lt2a frexa's rating: 2002 &rarr; <strong>1968<\/strong><br \/>(-34 for losing)
|raw|k4rpman's rating: 1706 &rarr; <strong>1740<\/strong><br \/>(+34 for winning)