|join|G123Rocks
|join|k4rpman
|player|p1|G123Rocks|290
|player|p2|k4rpman|266
|gametype|singles
|gen|6
|tier|OU
|rated
|clearpoke
|poke|p1|Azumarill, M
|poke|p1|Garchomp, F
|poke|p1|Bisharp, F
|poke|p1|Greninja, M
|poke|p1|Scizor, M
|poke|p1|Gothitelle, M
|poke|p2|Thundurus, M
|poke|p2|Heatran, F
|poke|p2|Gardevoir, F
|poke|p2|Latias, F
|poke|p2|Keldeo
|poke|p2|Landorus-Therian, M
|rule|Swagger Clause: Swagger is banned
|rule|Baton Pass Clause: Limit one PokÃ©mon knowing Baton Pass
|rule|Sleep Clause Mod: Limit one foe put to sleep
|rule|Species Clause: Limit one of each PokÃ©mon
|rule|OHKO Clause: OHKO moves are banned
|rule|Moody Clause: Moody is banned
|rule|Evasion Moves Clause: Evasion moves are banned
|rule|Endless Battle Clause: Forcing endless battles is banned
|rule|HP Percentage Mod: HP is shown in percentages
|teampreview
|
|start
|switch|p1a: Garchomp|Garchomp, F|357\/357
|switch|p2a: Landorus-Therian|Landorus-Therian, M|354\/354
|-ability|p2a: Landorus-Therian|Intimidate|[of] p1a: Garchomp
|-unboost|p1a: Garchomp|atk|1
|turn|1
|
|move|p2a: Landorus-Therian|Earthquake|p1a: Garchomp
|-damage|p1a: Garchomp|156\/357
|move|p1a: Garchomp|Stealth Rock|p2a: Landorus-Therian
|-sidestart|p2: k4rpman|move: Stealth Rock
|
|turn|2
|
|switch|p1a: Scizor|Scizor, M|342\/342
|move|p2a: Landorus-Therian|Earthquake|p1a: Scizor
|-damage|p1a: Scizor|206\/342
|
|turn|3
|
|switch|p2a: Heatran|Heatran, F|323\/323
|-damage|p2a: Heatran|283\/323|[from] Stealth Rock
|-item|p2a: Heatran|Air Balloon
|detailschange|p1a: Scizor|Scizor-Mega, M
|message|Scizor has Mega Evolved into Mega Scizor!
|move|p1a: Scizor|Knock Off|p2a: Heatran
|-damage|p2a: Heatran|172\/323
|-enditem|p2a: Heatran|Air Balloon
|
|turn|4
|
|switch|p1a: Azumarill|Azumarill, M|342\/342
|move|p2a: Heatran|Stealth Rock|p1a: Azumarill
|-sidestart|p1: G123Rocks|move: Stealth Rock
|
|turn|5
|
|move|p2a: Heatran|Flash Cannon|p1a: Azumarill
|-damage|p1a: Azumarill|182\/342
|move|p1a: Azumarill|Waterfall|p2a: Heatran
|-supereffective|p2a: Heatran
|-damage|p2a: Heatran|0 fnt
|faint|p2a: Heatran
|
|
|switch|p2a: Gardevoir|Gardevoir, F|277\/277
|-damage|p2a: Gardevoir|243\/277|[from] Stealth Rock
|-ability|p2a: Gardevoir|Huge Power|[from] ability: Trace|[of] p1a: Azumarill
|turn|6
|
|detailschange|p2a: Gardevoir|Gardevoir-Mega, F
|message|Gardevoir has Mega Evolved into Mega Gardevoir!
|move|p1a: Azumarill|Aqua Jet|p2a: Gardevoir
|-damage|p2a: Gardevoir|116\/277
|move|p2a: Gardevoir|Hyper Voice|p1a: Azumarill
|-damage|p1a: Azumarill|0 fnt
|faint|p1a: Azumarill
|
|
|switch|p1a: Greninja|Greninja, M|286\/286
|-damage|p1a: Greninja|251\/286|[from] Stealth Rock
|turn|7
|
|move|p1a: Greninja|Ice Beam|p2a: Gardevoir
|-start|p1a: Greninja|typechange|Ice|[from] Protean
|-damage|p2a: Gardevoir|0 fnt
|-damage|p1a: Greninja|223\/286|[from] item: Life Orb
|faint|p2a: Gardevoir
|
|
|switch|p2a: Landorus-Therian|Landorus-Therian, M|354\/354
|-damage|p2a: Landorus-Therian|310\/354|[from] Stealth Rock
|-ability|p2a: Landorus-Therian|Intimidate|[of] p1a: Greninja
|-unboost|p1a: Greninja|atk|1
|turn|8
|
|switch|p1a: Garchomp|Garchomp, F|156\/357
|-damage|p1a: Garchomp|134\/357|[from] Stealth Rock
|move|p2a: Landorus-Therian|Earthquake|p1a: Garchomp
|-damage|p1a: Garchomp|0 fnt
|faint|p1a: Garchomp
|
|
|switch|p1a: Scizor|Scizor-Mega, M|206\/342
|-damage|p1a: Scizor|164\/342|[from] Stealth Rock
|turn|9
|
|switch|p2a: Keldeo|Keldeo|323\/323
|-damage|p2a: Keldeo|303\/323|[from] Stealth Rock
|move|p1a: Scizor|Roost|p1a: Scizor
|-heal|p1a: Scizor|335\/342
|
|turn|10
|
|switch|p1a: Greninja|Greninja, M|223\/286
|-damage|p1a: Greninja|188\/286|[from] Stealth Rock
|move|p2a: Keldeo|Scald|p1a: Greninja
|-resisted|p1a: Greninja
|-damage|p1a: Greninja|43\/286
|
|turn|11
|
|switch|p2a: Latias|Latias, F|301\/301
|-damage|p2a: Latias|264\/301|[from] Stealth Rock
|move|p1a: Greninja|Extrasensory|p2a: Latias
|-start|p1a: Greninja|typechange|Psychic|[from] Protean
|-resisted|p2a: Latias
|-damage|p2a: Latias|203\/301
|-damage|p1a: Greninja|15\/286|[from] item: Life Orb
|
|turn|12
|
|switch|p2a: Keldeo|Keldeo|303\/323
|-damage|p2a: Keldeo|283\/323|[from] Stealth Rock
|move|p1a: Greninja|Extrasensory|p2a: Keldeo
|-supereffective|p2a: Keldeo
|-damage|p2a: Keldeo|0 fnt
|-damage|p1a: Greninja|0 fnt|[from] item: Life Orb
|faint|p2a: Keldeo
|faint|p1a: Greninja
|
|
|switch|p2a: Thundurus|Thundurus, M|299\/299
|-damage|p2a: Thundurus|225\/299|[from] Stealth Rock
|switch|p1a: Bisharp|Bisharp, F|272\/272
|-damage|p1a: Bisharp|255\/272|[from] Stealth Rock
|turn|13
|
|switch|p1a: Gothitelle|Gothitelle, M|282\/282
|-damage|p1a: Gothitelle|247\/282|[from] Stealth Rock
|move|p2a: Thundurus|Focus Blast|p1a: Gothitelle|[miss]
|-miss|p2a: Thundurus|p1a: Gothitelle
|
|turn|14
|
|move|p1a: Gothitelle|Psychic|p2a: Thundurus
|-damage|p2a: Thundurus|81\/299
|move|p2a: Thundurus|Thunderbolt|p1a: Gothitelle
|-crit|p1a: Gothitelle
|-damage|p1a: Gothitelle|0 fnt
|-damage|p2a: Thundurus|52\/299|[from] item: Life Orb
|faint|p1a: Gothitelle
|
|
|switch|p1a: Scizor|Scizor-Mega, M|335\/342
|-damage|p1a: Scizor|293\/342|[from] Stealth Rock
|turn|15
|
|move|p2a: Thundurus|Thunder Wave|p1a: Scizor
|-status|p1a: Scizor|par
|move|p1a: Scizor|Bullet Punch|p2a: Thundurus
|-resisted|p2a: Thundurus
|-damage|p2a: Thundurus|0 fnt
|faint|p2a: Thundurus
|
|
|switch|p2a: Landorus-Therian|Landorus-Therian, M|310\/354
|-damage|p2a: Landorus-Therian|266\/354|[from] Stealth Rock
|-ability|p2a: Landorus-Therian|Intimidate|[of] p1a: Scizor
|-unboost|p1a: Scizor|atk|1
|turn|16
|
|move|p2a: Landorus-Therian|Earthquake|p1a: Scizor
|-damage|p1a: Scizor|169\/342 par
|cant|p1a: Scizor|par
|
|turn|17
|
|move|p2a: Landorus-Therian|Earthquake|p1a: Scizor
|-damage|p1a: Scizor|54\/342 par
|cant|p1a: Scizor|par
|
|turn|18
|
|move|p1a: Scizor|Bullet Punch|p2a: Landorus-Therian
|-damage|p2a: Landorus-Therian|190\/354
|move|p2a: Landorus-Therian|Earthquake|p1a: Scizor
|-damage|p1a: Scizor|0 fnt
|faint|p1a: Scizor
|
|
|switch|p1a: Bisharp|Bisharp, F|255\/272
|-damage|p1a: Bisharp|238\/272|[from] Stealth Rock
|turn|19
|
|move|p1a: Bisharp|Sucker Punch|p2a: Landorus-Therian
|-damage|p2a: Landorus-Therian|0 fnt
|-damage|p1a: Bisharp|211\/272|[from] item: Life Orb
|faint|p2a: Landorus-Therian
|
|
|switch|p2a: Latias|Latias, F|203\/301
|-damage|p2a: Latias|166\/301|[from] Stealth Rock
|turn|20
|
|move|p1a: Bisharp|Sucker Punch|p2a: Latias
|-supereffective|p2a: Latias
|-damage|p2a: Latias|0 fnt
|-damage|p1a: Bisharp|184\/272|[from] item: Life Orb
|faint|p2a: Latias
|
|win|G123Rocks
|raw|Ladder updating...
|leave|k4rpman
|player|p2
|raw|G123Rocks's rating: 1737 &rarr; <strong>1762<\/strong><br \/>(+25 for winning)
|raw|k4rpman's rating: 1818 &rarr; <strong>1793<\/strong><br \/>(-25 for losing)
|c|âG123Rocks|gg