|join|k4rpman
|join|RedolentABC
|player|p1|k4rpman|266
|player|p2|RedolentABC|49
|gametype|singles
|gen|6
|tier|OU
|rated
|clearpoke
|poke|p1|Gothitelle, F
|poke|p1|Excadrill, M
|poke|p1|Thundurus, M
|poke|p1|Gyarados, M
|poke|p1|Keldeo
|poke|p1|Aegislash, F
|poke|p2|Chansey, F, shiny
|poke|p2|Raikou, shiny
|poke|p2|Gyarados, F, shiny
|poke|p2|Terrakion, shiny
|poke|p2|Bisharp, F, shiny
|poke|p2|Zapdos, shiny
|rule|Sleep Clause Mod: Limit one foe put to sleep
|rule|Species Clause: Limit one of each Pokemon
|rule|OHKO Clause: OHKO moves are banned
|rule|Moody Clause: Moody is banned
|rule|Evasion Moves Clause: Evasion moves are banned
|rule|Endless Battle Clause: Forcing endless battles is banned.
|rule|HP Percentage Mod: HP is reported as percentages
|teampreview
|
|start
|switch|p1a: Excadrill|Excadrill, M|361\/361
|switch|p2a: Captain America|Bisharp, F, shiny|271\/271
|-ability|p1a: Excadrill|Mold Breaker
|-item|p1a: Excadrill|Air Balloon
|turn|1
|
|move|p1a: Excadrill|Stealth Rock|p2a: Captain America
|-sidestart|p2: RedolentABC|move: Stealth Rock
|move|p2a: Captain America|Stealth Rock|p1a: Excadrill
|-sidestart|p1: k4rpman|move: Stealth Rock
|
|turn|2
|
|move|p1a: Excadrill|Iron Head|p2a: Captain America
|-resisted|p2a: Captain America
|-damage|p2a: Captain America|196\/271
|cant|p2a: Captain America|flinch
|
|turn|3
|
|move|p2a: Captain America|Sucker Punch|p1a: Excadrill
|-crit|p1a: Excadrill
|-damage|p1a: Excadrill|54\/361
|-enditem|p1a: Excadrill|Air Balloon
|move|p1a: Excadrill|Earthquake|p2a: Captain America
|-supereffective|p2a: Captain America
|-damage|p2a: Captain America|0 fnt
|faint|p2a: Captain America
|
|
|switch|p2a: Gyarados|Gyarados, F, shiny|331\/331
|-damage|p2a: Gyarados|249\/331|[from] Stealth Rock
|-ability|p2a: Gyarados|Intimidate|[of] p1a: Excadrill
|-unboost|p1a: Excadrill|atk|1
|turn|4
|
|move|p2a: Gyarados|Dragon Dance|p2a: Gyarados
|-boost|p2a: Gyarados|atk|1
|-boost|p2a: Gyarados|spe|1
|move|p1a: Excadrill|Rapid Spin|p2a: Gyarados
|-damage|p2a: Gyarados|228\/331
|-sideend|p1: k4rpman|Stealth Rock|[from] move: Rapid Spin|[of] p1a: Excadrill
|
|turn|5
|
|move|p2a: Gyarados|Waterfall|p1a: Excadrill
|-crit|p1a: Excadrill
|-supereffective|p1a: Excadrill
|-damage|p1a: Excadrill|0 fnt
|faint|p1a: Excadrill
|
|
|switch|p1a: Thundurus|Thundurus, M|299\/299
|turn|6
|
|-formechange|p2a: Gyarados|Gyarados-Mega
|message|Gyarados has Mega Evolved into Mega Gyarados!
|-ability|p2a: Gyarados|Mold Breaker
|move|p1a: Thundurus|Thunder Wave|p2a: Gyarados
|-status|p2a: Gyarados|par
|move|p2a: Gyarados|Ice Fang|p1a: Thundurus
|-supereffective|p1a: Thundurus
|-damage|p1a: Thundurus|0 fnt
|faint|p1a: Thundurus
|
|
|switch|p1a: Keldeo|Keldeo|322\/322
|turn|7
|
|switch|p2a: Zapdos|Zapdos, shiny|321\/321
|-damage|p2a: Zapdos|241\/321|[from] Stealth Rock
|-ability|p2a: Zapdos|Pressure
|move|p1a: Keldeo|Secret Sword|p2a: Zapdos
|-resisted|p2a: Zapdos
|-damage|p2a: Zapdos|141\/321
|
|-heal|p2a: Zapdos|161\/321|[from] item: Leftovers
|turn|8
|
|switch|p1a: Gothitelle|Gothitelle, F|302\/302
|move|p2a: Zapdos|Defog|p1a: Gothitelle
|-unboost|p1a: Gothitelle|evasion|1
|-sideend|p2: RedolentABC|Stealth Rock|[from] move: Defog|[of] p2a: Zapdos
|
|-heal|p2a: Zapdos|181\/321|[from] item: Leftovers
|turn|9
|
|move|p2a: Zapdos|Volt Switch|p1a: Gothitelle
|-damage|p1a: Gothitelle|206\/302
|
|switch|p2a: Terrakion|Terrakion, shiny|323\/323
|move|p1a: Gothitelle|Psychic|p2a: Terrakion
|-supereffective|p2a: Terrakion
|-damage|p2a: Terrakion|0 fnt
|faint|p2a: Terrakion
|
|
|switch|p2a: Mother Russia|Chansey, F, shiny|701\/701
|turn|10
|
|switch|p1a: Aegislash|Aegislash, F|320\/320
|move|p2a: Mother Russia|Aromatherapy|p2a: Mother Russia
|-cureteam|p2a: Mother Russia|[from] move: Aromatherapy
|
|turn|11
|
|move|p1a: Aegislash|Substitute|p1a: Aegislash
|-start|p1a: Aegislash|Substitute
|-damage|p1a: Aegislash|240\/320
|move|p2a: Mother Russia|Thunder Wave|p1a: Aegislash
|
|-heal|p1a: Aegislash|260\/320|[from] item: Leftovers
|turn|12
|
|switch|p2a: Zapdos|Zapdos, shiny|181\/321
|-ability|p2a: Zapdos|Pressure
|move|p1a: Aegislash|Toxic|p2a: Zapdos
|-status|p2a: Zapdos|tox
|
|-heal|p2a: Zapdos|201\/321 tox|[from] item: Leftovers
|-heal|p1a: Aegislash|280\/320|[from] item: Leftovers
|-damage|p2a: Zapdos|181\/321 tox|[from] psn
|turn|13
|
|move|p2a: Zapdos|Heat Wave|p1a: Aegislash
|-supereffective|p1a: Aegislash
|-end|p1a: Aegislash|Substitute
|-formechange|p1a: Aegislash|Aegislash-Blade
|move|p1a: Aegislash|Shadow Ball|p2a: Zapdos
|-damage|p2a: Zapdos|0 fnt
|faint|p2a: Zapdos
|
|-heal|p1a: Aegislash|300\/320|[from] item: Leftovers
|
|switch|p2a: Gyarados|Gyarados, F, shiny|228\/331
|-formechange|p2a: Gyarados|Gyarados-Mega
|-ability|p2a: Gyarados|Mold Breaker
|turn|14
|
|switch|p1a: Keldeo|Keldeo|322\/322
|move|p2a: Gyarados|Dragon Dance|p2a: Gyarados
|-boost|p2a: Gyarados|atk|1
|-boost|p2a: Gyarados|spe|1
|
|turn|15
|
|move|p2a: Gyarados|Earthquake|p1a: Keldeo
|-damage|p1a: Keldeo|91\/322
|move|p1a: Keldeo|Secret Sword|p2a: Gyarados
|-supereffective|p2a: Gyarados
|-damage|p2a: Gyarados|0 fnt
|faint|p2a: Gyarados
|
|
|switch|p2a: Eclipse|Raikou, shiny|350\/350
|-ability|p2a: Eclipse|Pressure
|turn|16
|
|switch|p1a: Gothitelle|Gothitelle, F|206\/302
|move|p2a: Eclipse|Thunderbolt|p1a: Gothitelle
|-damage|p1a: Gothitelle|82\/302
|
|turn|17
|
|move|p2a: Eclipse|Thunderbolt|p1a: Gothitelle
|-damage|p1a: Gothitelle|0 fnt
|faint|p1a: Gothitelle
|
|
|switch|p1a: Aegislash|Aegislash, F|300\/320
|turn|18
|
|move|p2a: Eclipse|Substitute|p2a: Eclipse
|-start|p2a: Eclipse|Substitute
|-damage|p2a: Eclipse|263\/350
|move|p1a: Aegislash|Toxic|p2a: Eclipse
|
|-heal|p2a: Eclipse|284\/350|[from] item: Leftovers
|-heal|p1a: Aegislash|320\/320|[from] item: Leftovers
|turn|19
|
|move|p2a: Eclipse|Calm Mind|p2a: Eclipse
|-boost|p2a: Eclipse|spa|1
|-boost|p2a: Eclipse|spd|1
|-formechange|p1a: Aegislash|Aegislash-Blade
|move|p1a: Aegislash|Shadow Ball|p2a: Eclipse
|-end|p2a: Eclipse|Substitute
|
|-heal|p2a: Eclipse|305\/350|[from] item: Leftovers
|turn|20
|
|move|p2a: Eclipse|Substitute|p2a: Eclipse
|-start|p2a: Eclipse|Substitute
|-damage|p2a: Eclipse|218\/350
|move|p1a: Aegislash|Shadow Ball|p2a: Eclipse
|-end|p2a: Eclipse|Substitute
|
|-heal|p2a: Eclipse|239\/350|[from] item: Leftovers
|turn|21
|
|move|p2a: Eclipse|Thunderbolt|p1a: Aegislash
|-damage|p1a: Aegislash|0 fnt
|faint|p1a: Aegislash
|
|-heal|p2a: Eclipse|260\/350|[from] item: Leftovers
|
|switch|p1a: Keldeo|Keldeo|91\/322
|turn|22
|
|move|p2a: Eclipse|Thunderbolt|p1a: Keldeo
|-crit|p1a: Keldeo
|-supereffective|p1a: Keldeo
|-damage|p1a: Keldeo|0 fnt
|faint|p1a: Keldeo
|
|-heal|p2a: Eclipse|281\/350|[from] item: Leftovers
|-message|k4rpman forfeited.
|
|win|RedolentABC
|raw|Ladder updating...
|leave|k4rpman
|player|p1
|raw|k4rpman's rating: 1684 &rarr; <strong>1666<\/strong><br \/>(-18 for losing)
|raw|RedolentABC's rating: 1720 &rarr; <strong>1738<\/strong><br \/>(+18 for winning)