|join|no1globe
|join|k4rpman
|player|p1|no1globe|265
|player|p2|k4rpman|266
|gametype|singles
|gen|6
|tier|OU
|rated
|clearpoke
|poke|p1|Azumarill, M
|poke|p1|Bisharp, F
|poke|p1|Celebi
|poke|p1|Lopunny, M
|poke|p1|Starmie
|poke|p1|Diancie
|poke|p2|Starmie
|poke|p2|Talonflame, M
|poke|p2|Tyranitar, M
|poke|p2|Scizor, F
|poke|p2|Serperior, F
|poke|p2|Dugtrio, F
|rule|Swagger Clause: Swagger is banned
|rule|Baton Pass Clause: Limit one PokÃ©mon knowing Baton Pass
|rule|Sleep Clause Mod: Limit one foe put to sleep
|rule|Species Clause: Limit one of each PokÃ©mon
|rule|OHKO Clause: OHKO moves are banned
|rule|Moody Clause: Moody is banned
|rule|Evasion Moves Clause: Evasion moves are banned
|rule|Endless Battle Clause: Forcing endless battles is banned
|rule|HP Percentage Mod: HP is shown in percentages
|teampreview
|
|start
|switch|p1a: Lopunny|Lopunny, M|271\/271
|switch|p2a: Scizor|Scizor, F|343\/343
|turn|1
|
|detailschange|p1a: Lopunny|Lopunny-Mega, M
|-mega|p1a: Lopunny|Lopunny|Lopunnite
|detailschange|p2a: Scizor|Scizor-Mega, F
|-mega|p2a: Scizor|Scizor|Scizorite
|move|p2a: Scizor|Bullet Punch|p1a: Lopunny
|-damage|p1a: Lopunny|156\/271
|move|p1a: Lopunny|High Jump Kick|p2a: Scizor
|-damage|p2a: Scizor|174\/343
|
|turn|2
|
|move|p1a: Lopunny|High Jump Kick|p2a: Scizor
|-damage|p2a: Scizor|0 fnt
|faint|p2a: Scizor
|
|
|switch|p2a: Talonflame|Talonflame, M|317\/317
|turn|3
|
|switch|p1a: Diancie|Diancie|303\/303
|switch|p2a: Dugtrio|Dugtrio, F|201\/201
|
|turn|4
|
|move|p2a: Dugtrio|Earthquake|p1a: Diancie
|-supereffective|p1a: Diancie
|-damage|p1a: Diancie|117\/303
|move|p1a: Diancie|Stealth Rock|p2a: Dugtrio
|-sidestart|p2: k4rpman|move: Stealth Rock
|
|-heal|p1a: Diancie|135\/303|[from] item: Leftovers
|turn|5
|
|move|p2a: Dugtrio|Earthquake|p1a: Diancie
|-supereffective|p1a: Diancie
|-damage|p1a: Diancie|0 fnt
|faint|p1a: Diancie
|
|
|switch|p1a: Celebi|Celebi|403\/403
|turn|6
|
|move|p2a: Dugtrio|Toxic|p1a: Celebi
|-status|p1a: Celebi|tox
|move|p1a: Celebi|Substitute|p1a: Celebi
|-start|p1a: Celebi|Substitute
|-damage|p1a: Celebi|303\/403 tox
|
|-heal|p1a: Celebi|328\/403 tox|[from] item: Leftovers
|-damage|p1a: Celebi|303\/403 tox|[from] psn
|turn|7
|
|move|p2a: Dugtrio|Earthquake|p1a: Celebi
|-resisted|p1a: Celebi
|-activate|p1a: Celebi|Substitute|[damage]
|move|p1a: Celebi|Giga Drain|p2a: Dugtrio
|-supereffective|p2a: Dugtrio
|-enditem|p2a: Dugtrio|Focus Sash
|-damage|p2a: Dugtrio|1\/201
|-heal|p1a: Celebi|403\/403 tox|[from] drain|[of] p2a: Dugtrio
|
|-damage|p1a: Celebi|353\/403 tox|[from] psn
|turn|8
|
|move|p2a: Dugtrio|Earthquake|p1a: Celebi
|-resisted|p1a: Celebi
|-end|p1a: Celebi|Substitute
|move|p1a: Celebi|Substitute|p1a: Celebi
|-start|p1a: Celebi|Substitute
|-damage|p1a: Celebi|253\/403 tox
|
|-heal|p1a: Celebi|278\/403 tox|[from] item: Leftovers
|-damage|p1a: Celebi|203\/403 tox|[from] psn
|turn|9
|
|move|p2a: Dugtrio|Reversal|p1a: Celebi
|-resisted|p1a: Celebi
|-activate|p1a: Celebi|Substitute|[damage]
|move|p1a: Celebi|Giga Drain|p2a: Dugtrio
|-supereffective|p2a: Dugtrio
|-damage|p2a: Dugtrio|0 fnt
|-heal|p1a: Celebi|204\/403 tox|[from] drain|[of] p2a: Dugtrio
|faint|p2a: Dugtrio
|
|-heal|p1a: Celebi|229\/403 tox|[from] item: Leftovers
|-damage|p1a: Celebi|129\/403 tox|[from] psn
|
|switch|p2a: Serperior|Serperior, F|289\/289
|-damage|p2a: Serperior|253\/289|[from] Stealth Rock
|turn|10
|
|move|p2a: Serperior|Taunt|p1a: Celebi
|-start|p1a: Celebi|move: Taunt
|cant|p1a: Celebi|move: Taunt|Baton Pass
|
|-heal|p1a: Celebi|154\/403 tox|[from] item: Leftovers
|-damage|p1a: Celebi|29\/403 tox|[from] psn
|turn|11
|
|switch|p1a: Bisharp|Bisharp, F|271\/271
|move|p2a: Serperior|Leaf Storm|p1a: Bisharp
|-resisted|p1a: Bisharp
|-damage|p1a: Bisharp|141\/271
|-boost|p2a: Serperior|spa|2
|-damage|p2a: Serperior|225\/289|[from] item: Life Orb
|
|turn|12
|
|switch|p1a: Celebi|Celebi|29\/403
|move|p2a: Serperior|Hidden Power|p1a: Celebi
|-supereffective|p1a: Celebi
|-damage|p1a: Celebi|0 fnt
|-damage|p2a: Serperior|197\/289|[from] item: Life Orb
|faint|p1a: Celebi
|
|
|switch|p1a: Starmie|Starmie|261\/261
|turn|13
|
|switch|p2a: Tyranitar|Tyranitar, M|403\/403
|-damage|p2a: Tyranitar|353\/403|[from] Stealth Rock
|-weather|Sandstorm
|move|p1a: Starmie|Ice Beam|p2a: Tyranitar
|-damage|p2a: Tyranitar|271\/403
|-damage|p1a: Starmie|235\/261|[from] item: Life Orb
|
|-weather|Sandstorm|[upkeep]
|-damage|p1a: Starmie|219\/261|[from] sandstorm
|turn|14
|
|move|p1a: Starmie|Hydro Pump|p2a: Tyranitar
|-supereffective|p2a: Tyranitar
|-damage|p2a: Tyranitar|60\/403
|-damage|p1a: Starmie|193\/261|[from] item: Life Orb
|move|p2a: Tyranitar|Pursuit|p1a: Starmie
|-supereffective|p1a: Starmie
|-damage|p1a: Starmie|53\/261
|
|-weather|Sandstorm|[upkeep]
|-damage|p1a: Starmie|37\/261|[from] sandstorm
|turn|15
|
|move|p1a: Starmie|Hydro Pump|p2a: Tyranitar
|-supereffective|p2a: Tyranitar
|-damage|p2a: Tyranitar|0 fnt
|-damage|p1a: Starmie|11\/261|[from] item: Life Orb
|faint|p2a: Tyranitar
|
|-weather|Sandstorm|[upkeep]
|-damage|p1a: Starmie|0 fnt|[from] sandstorm
|faint|p1a: Starmie
|
|switch|p1a: Lopunny|Lopunny-Mega, M|156\/271
|switch|p2a: Starmie|Starmie|261\/261
|-damage|p2a: Starmie|229\/261|[from] Stealth Rock
|turn|16
|
|move|p1a: Lopunny|Fake Out|p2a: Starmie
|-damage|p2a: Starmie|147\/261
|cant|p2a: Starmie|flinch
|
|-weather|Sandstorm|[upkeep]
|-damage|p1a: Lopunny|140\/271|[from] sandstorm
|-damage|p2a: Starmie|131\/261|[from] sandstorm
|turn|17
|
|move|p1a: Lopunny|Return|p2a: Starmie
|-damage|p2a: Starmie|0 fnt
|faint|p2a: Starmie
|
|-weather|none
|
|switch|p2a: Talonflame|Talonflame, M|317\/317
|-damage|p2a: Talonflame|159\/317|[from] Stealth Rock
|turn|18
|
|switch|p1a: Bisharp|Bisharp, F|141\/271
|move|p2a: Talonflame|Brave Bird|p1a: Bisharp
|-resisted|p1a: Bisharp
|-damage|p1a: Bisharp|45\/271
|-damage|p2a: Talonflame|127\/317|[from] recoil|[of] p1a: Bisharp
|
|turn|19
|
|move|p2a: Talonflame|Brave Bird|p1a: Bisharp
|-resisted|p1a: Bisharp
|-damage|p1a: Bisharp|0 fnt
|-damage|p2a: Talonflame|112\/317|[from] recoil|[of] p1a: Bisharp
|faint|p1a: Bisharp
|
|
|switch|p1a: Azumarill|Azumarill, M|401\/401
|turn|20
|
|move|p2a: Talonflame|Brave Bird|p1a: Azumarill
|-damage|p1a: Azumarill|160\/401
|-damage|p2a: Talonflame|32\/317|[from] recoil|[of] p1a: Azumarill
|move|p1a: Azumarill|Aqua Jet|p2a: Talonflame
|-supereffective|p2a: Talonflame
|-damage|p2a: Talonflame|0 fnt
|faint|p2a: Talonflame
|
|
|switch|p2a: Serperior|Serperior, F|197\/289
|-damage|p2a: Serperior|161\/289|[from] Stealth Rock
|turn|21
|
|move|p2a: Serperior|Leaf Storm|p1a: Azumarill
|-supereffective|p1a: Azumarill
|-damage|p1a: Azumarill|0 fnt
|-boost|p2a: Serperior|spa|2
|-damage|p2a: Serperior|133\/289|[from] item: Life Orb
|faint|p1a: Azumarill
|
|
|switch|p1a: Lopunny|Lopunny-Mega, M|140\/271
|turn|22
|
|move|p1a: Lopunny|Fake Out|p2a: Serperior
|-damage|p2a: Serperior|55\/289
|cant|p2a: Serperior|flinch
|
|turn|23
|
|move|p1a: Lopunny|Return|p2a: Serperior
|-damage|p2a: Serperior|0 fnt
|faint|p2a: Serperior
|
|win|no1globe
|raw|Ladder updating...
|raw|no1globe's rating: 1432 &rarr; <strong>1454<\/strong><br \/>(+22 for winning)
|raw|k4rpman's rating: 1466 &rarr; <strong>1444<\/strong><br \/>(-22 for losing)
|leave|k4rpman
|player|p2