|join|ayu ayu
|join|k4rpman
|player|p1|ayu ayu|6
|player|p2|k4rpman|101
|gametype|singles
|tier|OU
|rated
|clearpoke
|poke|p1|Charizard, F
|poke|p1|Mandibuzz, F
|poke|p1|Rotom-Wash
|poke|p1|Kyurem-Black
|poke|p1|Aegislash, M
|poke|p1|Hippowdon, F
|poke|p2|Latias, F
|poke|p2|Genesect
|poke|p2|Charizard, M
|poke|p2|Thundurus, M
|poke|p2|Keldeo
|poke|p2|Garchomp, M
|rule|Sleep Clause Mod: Limit one foe put to sleep
|rule|Species Clause: Limit one of each Pokemon
|rule|OHKO Clause: OHKO moves are banned
|rule|Moody Clause: Moody is banned
|rule|Evasion Moves Clause: Evasion moves are banned
|rule|Endless Battle Clause: Forcing endless battles is banned.
|rule|HP Percentage Mod: HP is reported as percentages
|teampreview
|callback|decision
|
|start
|switch|p1a: Rotom-Wash|Rotom-Wash|241\/241
|switch|p2a: Genesect|Genesect|283\/283
|-boost|p2a: Genesect|spa|1|[from] ability: Download
|turn|1
|callback|decision
|
|move|p1a: Rotom-Wash|Volt Switch|p2a: Genesect
|-damage|p2a: Genesect|168\/283
|callback|decision
|
|switch|p1a: Aegislash|Aegislash, M|324\/324
|move|p2a: Genesect|Energy Ball|p1a: Aegislash
|-resisted|p1a: Aegislash
|-damage|p1a: Aegislash|267\/324
|
|-heal|p1a: Aegislash|287\/324|[from] item: Leftovers
|turn|2
|callback|decision
|
|move|p2a: Genesect|Hidden Power|p1a: Aegislash
|-supereffective|p1a: Aegislash
|-damage|p1a: Aegislash|112\/324
|-formechange|p1a: Aegislash|Aegislash-Blade
|move|p1a: Aegislash|Shadow Ball|p2a: Genesect
|-crit|p2a: Genesect
|-damage|p2a: Genesect|0 fnt
|faint|p2a: Genesect
|
|-heal|p1a: Aegislash|132\/324|[from] item: Leftovers
|callback|decision
|
|switch|p2a: Keldeo|Keldeo|323\/323
|turn|3
|callback|decision
|
|move|p1a: Aegislash|Shadow Sneak|p2a: Keldeo
|-damage|p2a: Keldeo|247\/323
|move|p2a: Keldeo|Hydro Pump|p1a: Aegislash
|-damage|p1a: Aegislash|0 fnt
|-damage|p2a: Keldeo|215\/323|[from] item: Life Orb
|faint|p1a: Aegislash
|
|callback|decision
|
|switch|p1a: Rotom-Wash|Rotom-Wash|241\/241
|turn|4
|callback|decision
|
|switch|p2a: Garchomp|Garchomp, M|357\/357
|move|p1a: Rotom-Wash|Hydro Pump|p2a: Garchomp|[miss]
|-miss|p1a: Rotom-Wash|p2a: Garchomp
|
|turn|5
|callback|decision
|
|move|p1a: Rotom-Wash|Hydro Pump|p2a: Garchomp
|-damage|p2a: Garchomp|176\/357
|move|p2a: Garchomp|Stealth Rock|p1a: Rotom-Wash
|-sidestart|p1: ayu ayu|move: Stealth Rock
|
|turn|6
|callback|decision
|
|switch|p2a: Thundurus|Thundurus, M|299\/299
|move|p1a: Rotom-Wash|Hydro Pump|p2a: Thundurus|[miss]
|-miss|p1a: Rotom-Wash|p2a: Thundurus
|
|turn|7
|callback|decision
|
|move|p1a: Rotom-Wash|Hydro Pump|p2a: Thundurus|[miss]
|-miss|p1a: Rotom-Wash|p2a: Thundurus
|move|p2a: Thundurus|Volt Switch|p1a: Rotom-Wash
|-damage|p1a: Rotom-Wash|132\/241
|callback|decision
|
|switch|p2a: Garchomp|Garchomp, M|176\/357
|
|turn|8
|callback|decision
|
|move|p1a: Rotom-Wash|Hydro Pump|p2a: Garchomp
|-damage|p2a: Garchomp|0 fnt
|faint|p2a: Garchomp
|
|callback|decision
|
|switch|p2a: Keldeo|Keldeo|215\/323
|turn|9
|callback|decision
|
|move|p1a: Rotom-Wash|Hydro Pump|p2a: Keldeo
|-resisted|p2a: Keldeo
|-damage|p2a: Keldeo|118\/323
|move|p2a: Keldeo|Secret Sword|p1a: Rotom-Wash
|-damage|p1a: Rotom-Wash|0 fnt
|-damage|p2a: Keldeo|86\/323|[from] item: Life Orb
|faint|p1a: Rotom-Wash
|
|callback|decision
|
|switch|p1a: Mandibuzz|Mandibuzz, F|423\/423
|-damage|p1a: Mandibuzz|318\/423|[from] Stealth Rock
|turn|10
|callback|decision
|
|move|p2a: Keldeo|Hidden Power|p1a: Mandibuzz
|-crit|p1a: Mandibuzz
|-supereffective|p1a: Mandibuzz
|-damage|p1a: Mandibuzz|110\/423
|-damage|p2a: Keldeo|54\/323|[from] item: Life Orb
|move|p1a: Mandibuzz|Roost|p1a: Mandibuzz
|-heal|p1a: Mandibuzz|322\/423
|
|-heal|p1a: Mandibuzz|348\/423|[from] item: Leftovers
|turn|11
|callback|decision
|
|switch|p2a: Thundurus|Thundurus, M|299\/299
|move|p1a: Mandibuzz|Defog|p2a: Thundurus
|-unboost|p2a: Thundurus|evasion|1
|-sideend|p1: ayu ayu|Stealth Rock|[from] move: Defog|[of] p1a: Mandibuzz
|
|-heal|p1a: Mandibuzz|374\/423|[from] item: Leftovers
|turn|12
|callback|decision
|
|move|p2a: Thundurus|Thunder Wave|p1a: Mandibuzz
|-status|p1a: Mandibuzz|par
|cant|p1a: Mandibuzz|par
|
|-heal|p1a: Mandibuzz|400\/423 par|[from] item: Leftovers
|turn|13
|callback|decision
|
|switch|p1a: Kyurem-Black|Kyurem-Black|405\/405
|-ability|p1a: Kyurem-Black|Teravolt
|move|p2a: Thundurus|Volt Switch|p1a: Kyurem-Black
|-resisted|p1a: Kyurem-Black
|-damage|p1a: Kyurem-Black|335\/405
|callback|decision
|
|switch|p2a: Latias|Latias, F|301\/301
|
|-heal|p1a: Kyurem-Black|360\/405|[from] item: Leftovers
|turn|14
|callback|decision
|
|switch|p1a: Mandibuzz|Mandibuzz, F|400\/423 par
|move|p2a: Latias|Draco Meteor|p1a: Mandibuzz
|-damage|p1a: Mandibuzz|200\/423 par
|-unboost|p2a: Latias|spa|2
|-damage|p2a: Latias|271\/301|[from] item: Life Orb
|
|-heal|p1a: Mandibuzz|226\/423 par|[from] item: Leftovers
|turn|15
|callback|decision
|
|switch|p2a: Thundurus|Thundurus, M|299\/299
|cant|p1a: Mandibuzz|par
|
|-heal|p1a: Mandibuzz|252\/423 par|[from] item: Leftovers
|turn|16
|callback|decision
|
|move|p2a: Thundurus|Focus Blast|p1a: Mandibuzz|[miss]
|-miss|p2a: Thundurus|p1a: Mandibuzz
|move|p1a: Mandibuzz|Roost|p1a: Mandibuzz
|-heal|p1a: Mandibuzz|423\/423 par
|
|turn|17
|callback|decision
|
|move|p2a: Thundurus|Focus Blast|p1a: Mandibuzz|[miss]
|-miss|p2a: Thundurus|p1a: Mandibuzz
|cant|p1a: Mandibuzz|par
|
|turn|18
|callback|decision
|
|move|p2a: Thundurus|Focus Blast|p1a: Mandibuzz
|-damage|p1a: Mandibuzz|315\/423 par
|-unboost|p1a: Mandibuzz|spd|1
|cant|p1a: Mandibuzz|par
|
|-heal|p1a: Mandibuzz|341\/423 par|[from] item: Leftovers
|turn|19
|callback|decision
|
|switch|p1a: Hippowdon|Hippowdon, F|420\/420
|-weather|Sandstorm
|move|p2a: Thundurus|Volt Switch|p1a: Hippowdon
|-immune|p1a: Hippowdon|[msg]
|
|-weather|Sandstorm|[upkeep]
|-damage|p2a: Thundurus|281\/299|[from] sandstorm
|-heal|p2a: Thundurus|299\/299|[from] item: Leftovers
|turn|20
|callback|decision
|
|switch|p2a: Latias|Latias, F|271\/301
|move|p1a: Hippowdon|Rock Slide|p2a: Latias
|-damage|p2a: Latias|201\/301
|
|-weather|Sandstorm|[upkeep]
|-damage|p2a: Latias|183\/301|[from] sandstorm
|turn|21
|callback|decision
|
|switch|p1a: Mandibuzz|Mandibuzz, F|341\/423 par
|move|p2a: Latias|Surf|p1a: Mandibuzz
|-damage|p1a: Mandibuzz|250\/423 par
|-damage|p2a: Latias|153\/301|[from] item: Life Orb
|
|-weather|Sandstorm|[upkeep]
|-damage|p2a: Latias|135\/301|[from] sandstorm
|-heal|p1a: Mandibuzz|276\/423 par|[from] item: Leftovers
|turn|22
|callback|decision
|
|switch|p2a: Thundurus|Thundurus, M|299\/299
|move|p1a: Mandibuzz|Roost|p1a: Mandibuzz
|-heal|p1a: Mandibuzz|423\/423 par
|
|-weather|Sandstorm|[upkeep]
|-damage|p2a: Thundurus|281\/299|[from] sandstorm
|-heal|p2a: Thundurus|299\/299|[from] item: Leftovers
|turn|23
|callback|decision
|
|switch|p1a: Hippowdon|Hippowdon, F|420\/420
|move|p2a: Thundurus|Hidden Power|p1a: Hippowdon
|-supereffective|p1a: Hippowdon
|-damage|p1a: Hippowdon|248\/420
|
|-weather|none
|-heal|p1a: Hippowdon|274\/420|[from] item: Leftovers
|turn|24
|callback|decision
|
|move|p2a: Thundurus|Hidden Power|p1a: Hippowdon
|-supereffective|p1a: Hippowdon
|-damage|p1a: Hippowdon|86\/420
|move|p1a: Hippowdon|Slack Off|p1a: Hippowdon
|-heal|p1a: Hippowdon|296\/420
|
|-heal|p1a: Hippowdon|322\/420|[from] item: Leftovers
|turn|25
|callback|decision
|
|move|p2a: Thundurus|Hidden Power|p1a: Hippowdon
|-supereffective|p1a: Hippowdon
|-damage|p1a: Hippowdon|148\/420
|move|p1a: Hippowdon|Rock Slide|p2a: Thundurus
|-supereffective|p2a: Thundurus
|-damage|p2a: Thundurus|131\/299
|
|-heal|p2a: Thundurus|149\/299|[from] item: Leftovers
|-heal|p1a: Hippowdon|174\/420|[from] item: Leftovers
|turn|26
|callback|decision
|
|switch|p1a: Charizard|Charizard, F|359\/359
|move|p2a: Thundurus|Hidden Power|p1a: Charizard
|-damage|p1a: Charizard|280\/359
|
|-heal|p2a: Thundurus|167\/299|[from] item: Leftovers
|turn|27
|callback|decision
|
|switch|p1a: Hippowdon|Hippowdon, F|174\/420
|-weather|Sandstorm
|move|p2a: Thundurus|Hidden Power|p1a: Hippowdon
|-supereffective|p1a: Hippowdon
|-damage|p1a: Hippowdon|0 fnt
|faint|p1a: Hippowdon
|
|-weather|Sandstorm|[upkeep]
|-damage|p2a: Thundurus|149\/299|[from] sandstorm
|-heal|p2a: Thundurus|167\/299|[from] item: Leftovers
|callback|decision
|
|switch|p1a: Mandibuzz|Mandibuzz, F|423\/423 par
|turn|28
|callback|decision
|
|move|p2a: Thundurus|Volt Switch|p1a: Mandibuzz
|-supereffective|p1a: Mandibuzz
|-damage|p1a: Mandibuzz|229\/423 par
|callback|decision
|
|switch|p2a: Keldeo|Keldeo|54\/323
|move|p1a: Mandibuzz|Foul Play|p2a: Keldeo
|-resisted|p2a: Keldeo
|-damage|p2a: Keldeo|12\/323
|-boost|p2a: Keldeo|atk|1|[from] ability: Justified
|
|-weather|Sandstorm|[upkeep]
|-damage|p2a: Keldeo|0 fnt|[from] sandstorm
|-heal|p1a: Mandibuzz|255\/423 par|[from] item: Leftovers
|faint|p2a: Keldeo
|callback|decision
|
|switch|p2a: Charizard|Charizard, M|359\/359
|turn|29
|callback|decision
|
|move|p2a: Charizard|Dragon Dance|p2a: Charizard
|-boost|p2a: Charizard|atk|1
|-boost|p2a: Charizard|spe|1
|move|p1a: Mandibuzz|Foul Play|p2a: Charizard
|-damage|p2a: Charizard|154\/359
|
|-weather|Sandstorm|[upkeep]
|-damage|p2a: Charizard|132\/359|[from] sandstorm
|-heal|p1a: Mandibuzz|281\/423 par|[from] item: Leftovers
|turn|30
|callback|decision
|
|switch|p1a: Kyurem-Black|Kyurem-Black|360\/405
|-ability|p1a: Kyurem-Black|Teravolt
|-formechange|p2a: Charizard|Charizard-Mega-X
|message|Charizard has Mega Evolved into Mega Charizard!
|move|p2a: Charizard|Flare Blitz|p1a: Kyurem-Black
|-crit|p1a: Kyurem-Black
|-damage|p1a: Kyurem-Black|0 fnt
|-damage|p2a: Charizard|13\/359|[from] recoil|[of] p1a: Kyurem-Black
|faint|p1a: Kyurem-Black
|
|-weather|Sandstorm|[upkeep]
|-damage|p2a: Charizard|0 fnt|[from] sandstorm
|faint|p2a: Charizard
|callback|decision
|
|switch|p2a: Thundurus|Thundurus, M|167\/299
|switch|p1a: Mandibuzz|Mandibuzz, F|281\/423 par
|turn|31
|callback|decision
|
|move|p2a: Thundurus|Hidden Power|p1a: Mandibuzz
|-supereffective|p1a: Mandibuzz
|-damage|p1a: Mandibuzz|179\/423 par
|move|p1a: Mandibuzz|Roost|p1a: Mandibuzz
|-heal|p1a: Mandibuzz|391\/423 par
|
|-weather|none
|-heal|p2a: Thundurus|185\/299|[from] item: Leftovers
|-heal|p1a: Mandibuzz|417\/423 par|[from] item: Leftovers
|turn|32
|callback|decision
|
|move|p2a: Thundurus|Hidden Power|p1a: Mandibuzz
|-supereffective|p1a: Mandibuzz
|-damage|p1a: Mandibuzz|311\/423 par
|cant|p1a: Mandibuzz|par
|
|-heal|p2a: Thundurus|203\/299|[from] item: Leftovers
|-heal|p1a: Mandibuzz|337\/423 par|[from] item: Leftovers
|turn|33
|callback|decision
|
|move|p2a: Thundurus|Volt Switch|p1a: Mandibuzz
|-supereffective|p1a: Mandibuzz
|-damage|p1a: Mandibuzz|169\/423 par
|callback|decision
|
|switch|p2a: Latias|Latias, F|135\/301
|move|p1a: Mandibuzz|Foul Play|p2a: Latias
|-supereffective|p2a: Latias
|-damage|p2a: Latias|0 fnt
|faint|p2a: Latias
|
|-heal|p1a: Mandibuzz|195\/423 par|[from] item: Leftovers
|callback|decision
|chat|ayu ayu|o man
|chat|ayu ayu|i didnt get fp there
|
|switch|p2a: Thundurus|Thundurus, M|203\/299
|turn|34
|callback|decision
|
|move|p2a: Thundurus|Volt Switch|p1a: Mandibuzz
|-supereffective|p1a: Mandibuzz
|-damage|p1a: Mandibuzz|9\/423 par
|move|p1a: Mandibuzz|Roost|p1a: Mandibuzz
|-heal|p1a: Mandibuzz|221\/423 par
|
|-heal|p2a: Thundurus|221\/299|[from] item: Leftovers
|-heal|p1a: Mandibuzz|247\/423 par|[from] item: Leftovers
|turn|35
|callback|decision
|
|move|p2a: Thundurus|Volt Switch|p1a: Mandibuzz
|-supereffective|p1a: Mandibuzz
|-damage|p1a: Mandibuzz|65\/423 par
|move|p1a: Mandibuzz|Foul Play|p2a: Thundurus
|-damage|p2a: Thundurus|71\/299
|
|-heal|p2a: Thundurus|89\/299|[from] item: Leftovers
|-heal|p1a: Mandibuzz|91\/423 par|[from] item: Leftovers
|turn|36
|callback|decision
|
|move|p2a: Thundurus|Volt Switch|p1a: Mandibuzz
|-crit|p1a: Mandibuzz
|-supereffective|p1a: Mandibuzz
|-damage|p1a: Mandibuzz|0 fnt
|faint|p1a: Mandibuzz
|
|-heal|p2a: Thundurus|107\/299|[from] item: Leftovers
|callback|decision
|
|switch|p1a: Charizard|Charizard, F|280\/359
|turn|37
|callback|decision
|
|-formechange|p1a: Charizard|Charizard-Mega-X
|message|Charizard has Mega Evolved into Mega Charizard!
|move|p2a: Thundurus|Thunder Wave|p1a: Charizard
|-status|p1a: Charizard|par
|cant|p1a: Charizard|par
|
|-heal|p2a: Thundurus|125\/299|[from] item: Leftovers
|turn|38
|callback|decision
|
|move|p2a: Thundurus|Focus Blast|p1a: Charizard
|-damage|p1a: Charizard|121\/359 par
|move|p1a: Charizard|Flare Blitz|p2a: Thundurus
|-damage|p2a: Thundurus|0 fnt
|-damage|p1a: Charizard|80\/359 par|[from] recoil|[of] p2a: Thundurus
|faint|p2a: Thundurus
|
|win|ayu ayu
|raw|Ladder updating...
|leave|k4rpman
|player|p2
|raw|ayu ayu's rating: 2356 &rarr; <strong>2384<\/strong><br \/>(+28 for winning)
|raw|k4rpman's rating: 2431 &rarr; <strong>2425<\/strong><br \/>(-6 for losing)