|join|k4rpman
|join|ZoroarkForever
|player|p1|k4rpman|101
|player|p2|ZoroarkForever|161
|gametype|singles
|tier|OU
|rated
|clearpoke
|poke|p1|Bisharp, F
|poke|p1|Deoxys-Defense
|poke|p1|Thundurus, M
|poke|p1|Lucario, M
|poke|p1|Latios, M
|poke|p1|Chandelure, M
|poke|p2|Conkeldurr, M
|poke|p2|Rotom-Wash
|poke|p2|Heatran, F
|poke|p2|Venusaur, M
|poke|p2|Aegislash, F
|poke|p2|Garchomp, F
|rule|Sleep Clause Mod: Limit one foe put to sleep
|rule|Species Clause: Limit one of each Pokemon
|rule|OHKO Clause: OHKO moves are banned
|rule|Moody Clause: Moody is banned
|rule|Evasion Moves Clause: Evasion moves are banned
|rule|Endless Battle Clause: Forcing endless battles is banned.
|rule|HP Percentage Mod: HP is reported as percentages
|teampreview
|callback|decision
|
|start
|switch|p1a: Deoxys-Defense|Deoxys-Defense|304\/304
|switch|p2a: Aegislash|Aegislash, F|261\/261
|-ability|p1a: Deoxys-Defense|Pressure
|turn|1
|callback|decision
|
|move|p1a: Deoxys-Defense|Stealth Rock|p2a: Aegislash
|-sidestart|p2: ZoroarkForever|move: Stealth Rock
|-formechange|p2a: Aegislash|Aegislash-Blade
|move|p2a: Aegislash|Shadow Ball|p1a: Deoxys-Defense
|-supereffective|p1a: Deoxys-Defense
|-damage|p1a: Deoxys-Defense|10\/304
|
|turn|2
|callback|decision
|
|switch|p1a: Bisharp|Bisharp, F|302\/302
|move|p2a: Aegislash|Shadow Sneak|p1a: Bisharp
|-resisted|p1a: Bisharp
|-damage|p1a: Bisharp|250\/302
|
|turn|3
|callback|decision
|
|switch|p2a: Conkeldurr|Conkeldurr, M|352\/352
|-damage|p2a: Conkeldurr|330\/352|[from] Stealth Rock
|move|p1a: Bisharp|Knock Off|p2a: Conkeldurr
|-resisted|p2a: Conkeldurr
|-damage|p2a: Conkeldurr|194\/352
|-enditem|p2a: Conkeldurr|Assault Vest|[from] move: Knock Off|[of] p1a: Bisharp
|-damage|p1a: Bisharp|220\/302|[from] item: Life Orb
|
|turn|4
|callback|decision
|
|switch|p1a: Chandelure|Chandelure, M|261\/261
|move|p2a: Conkeldurr|Knock Off|p1a: Chandelure
|-supereffective|p1a: Chandelure
|-damage|p1a: Chandelure|0 fnt
|faint|p1a: Chandelure
|
|callback|decision
|
|switch|p1a: Latios|Latios, M|301\/301
|turn|5
|callback|decision
|
|switch|p2a: Aegislash|Aegislash, F|261\/261
|-damage|p2a: Aegislash|245\/261|[from] Stealth Rock
|move|p1a: Latios|Psyshock|p2a: Aegislash
|-resisted|p2a: Aegislash
|-damage|p2a: Aegislash|175\/261
|-damage|p1a: Latios|271\/301|[from] item: Life Orb
|
|turn|6
|callback|decision
|
|switch|p1a: Deoxys-Defense|Deoxys-Defense|10\/304
|-ability|p1a: Deoxys-Defense|Pressure
|-formechange|p2a: Aegislash|Aegislash-Blade
|move|p2a: Aegislash|Sacred Sword|p1a: Deoxys-Defense
|-resisted|p1a: Deoxys-Defense
|-damage|p1a: Deoxys-Defense|0 fnt
|-damage|p2a: Aegislash|132\/261|[from] item: Rocky Helmet|[of] p1a: Deoxys-Defense
|faint|p1a: Deoxys-Defense
|
|callback|decision
|
|switch|p1a: Bisharp|Bisharp, F|220\/302
|turn|7
|callback|decision
|
|switch|p2a: Conkeldurr|Conkeldurr, M|194\/352
|-damage|p2a: Conkeldurr|172\/352|[from] Stealth Rock
|move|p1a: Bisharp|Knock Off|p2a: Conkeldurr
|-resisted|p2a: Conkeldurr
|-damage|p2a: Conkeldurr|84\/352
|-damage|p1a: Bisharp|190\/302|[from] item: Life Orb
|
|turn|8
|callback|decision
|
|move|p1a: Bisharp|Sucker Punch|p2a: Conkeldurr
|-resisted|p2a: Conkeldurr
|-damage|p2a: Conkeldurr|0 fnt
|-damage|p1a: Bisharp|160\/302|[from] item: Life Orb
|faint|p2a: Conkeldurr
|
|callback|decision
|
|switch|p2a: Heatran|Heatran, F|323\/323
|-damage|p2a: Heatran|283\/323|[from] Stealth Rock
|-item|p2a: Heatran|Air Balloon
|turn|9
|callback|decision
|c|+ZoroarkForever|!data bisharp
|c|~|\/data-pokemon Bisharp

|
|switch|p1a: Latios|Latios, M|271\/301
|move|p2a: Heatran|Stealth Rock|p1a: Latios
|-sidestart|p1: k4rpman|move: Stealth Rock
|
|turn|10
|callback|decision
|
|switch|p2a: Aegislash|Aegislash, F|132\/261
|-damage|p2a: Aegislash|116\/261|[from] Stealth Rock
|move|p1a: Latios|Surf|p2a: Aegislash
|-damage|p2a: Aegislash|22\/261
|-damage|p1a: Latios|241\/301|[from] item: Life Orb
|
|turn|11
|callback|decision
|
|-formechange|p2a: Aegislash|Aegislash-Blade
|move|p2a: Aegislash|Shadow Sneak|p1a: Latios
|-supereffective|p1a: Latios
|-damage|p1a: Latios|0 fnt
|faint|p1a: Latios
|
|callback|decision
|
|switch|p1a: Bisharp|Bisharp, F|160\/302
|-damage|p1a: Bisharp|142\/302|[from] Stealth Rock
|turn|12
|callback|decision
|
|move|p1a: Bisharp|Knock Off|p2a: Aegislash
|-supereffective|p2a: Aegislash
|-damage|p2a: Aegislash|0 fnt
|-damage|p1a: Bisharp|112\/302|[from] item: Life Orb
|faint|p2a: Aegislash
|
|callback|decision
|
|switch|p2a: Garchomp|Garchomp, F|357\/357
|-damage|p2a: Garchomp|335\/357|[from] Stealth Rock
|turn|13
|callback|decision
|
|move|p1a: Bisharp|Sucker Punch|p2a: Garchomp
|-damage|p2a: Garchomp|147\/357
|-damage|p1a: Bisharp|75\/302|[from] ability: Rough Skin|[of] p2a: Garchomp
|-damage|p1a: Bisharp|45\/302|[from] item: Life Orb
|move|p2a: Garchomp|Earthquake|p1a: Bisharp
|-supereffective|p1a: Bisharp
|-damage|p1a: Bisharp|0 fnt
|faint|p1a: Bisharp
|
|callback|decision
|
|switch|p1a: Thundurus|Thundurus, M|299\/299
|-damage|p1a: Thundurus|225\/299|[from] Stealth Rock
|turn|14
|callback|decision
|
|switch|p2a: Venusaur|Venusaur, M|363\/363
|-damage|p2a: Venusaur|318\/363|[from] Stealth Rock
|move|p1a: Thundurus|Hidden Power|p2a: Venusaur
|-supereffective|p2a: Venusaur
|-damage|p2a: Venusaur|188\/363
|
|-heal|p1a: Thundurus|243\/299|[from] item: Leftovers
|turn|15
|callback|decision
|
|-formechange|p2a: Venusaur|Venusaur-Mega
|message|Venusaur has Mega Evolved into Mega Venusaur!
|move|p1a: Thundurus|Taunt|p2a: Venusaur
|-start|p2a: Venusaur|move: Taunt
|cant|p2a: Venusaur|move: Taunt|Synthesis
|
|-heal|p1a: Thundurus|261\/299|[from] item: Leftovers
|turn|16
|callback|decision
|
|move|p1a: Thundurus|Hidden Power|p2a: Venusaur
|-supereffective|p2a: Venusaur
|-damage|p2a: Venusaur|132\/363
|move|p2a: Venusaur|Sludge Bomb|p1a: Thundurus
|-damage|p1a: Thundurus|57\/299
|
|-heal|p1a: Thundurus|75\/299|[from] item: Leftovers
|turn|17
|callback|decision
|
|move|p1a: Thundurus|Hidden Power|p2a: Venusaur
|-supereffective|p2a: Venusaur
|-damage|p2a: Venusaur|72\/363
|move|p2a: Venusaur|Giga Drain|p1a: Thundurus
|-resisted|p1a: Thundurus
|-damage|p1a: Thundurus|0 fnt
|-heal|p2a: Venusaur|110\/363|[from] drain|[of] p1a: Thundurus
|faint|p1a: Thundurus
|
|-end|p2a: Venusaur|move: Taunt
|callback|decision
|
|switch|p1a: Lucario|Lucario, M|281\/281
|-damage|p1a: Lucario|273\/281|[from] Stealth Rock
|turn|18
|callback|decision
|
|-formechange|p1a: Lucario|Lucario-Mega
|message|Lucario has Mega Evolved into Mega Lucario!
|move|p1a: Lucario|Flash Cannon|p2a: Venusaur
|-damage|p2a: Venusaur|0 fnt
|faint|p2a: Venusaur
|
|callback|decision
|
|switch|p2a: Garchomp|Garchomp, F|147\/357
|-damage|p2a: Garchomp|125\/357|[from] Stealth Rock
|turn|19
|callback|decision
|chat|ZoroarkForever|gg
|
|move|p2a: Garchomp|Earthquake|p1a: Lucario
|-supereffective|p1a: Lucario
|-damage|p1a: Lucario|0 fnt
|faint|p1a: Lucario
|
|win|ZoroarkForever
|raw|Ladder updating...
|raw|k4rpman's rating: 2813 &rarr; <strong>2703<\/strong><br \/>(-110 for losing)
|raw|ZoroarkForever's rating: 2629 &rarr; <strong>2644<\/strong><br \/>(+15 for winning)
|leave|k4rpman
|player|p1