|join|aswa
|join|K4rpman
|player|p1|aswa|29
|player|p2|K4rpman|102
|gametype|singles
|tier|OU
|rated
|clearpoke
|poke|p1|Gliscor, M
|poke|p1|Chansey, F
|poke|p1|Rotom-Wash
|poke|p1|Genesect
|poke|p1|Garchomp, M
|poke|p1|Lucario, M
|poke|p2|Thundurus, M
|poke|p2|Keldeo
|poke|p2|Deoxys-Speed
|poke|p2|Lucario, M
|poke|p2|Aegislash, F
|poke|p2|Garchomp, F
|rule|Sleep Clause Mod: Limit one foe put to sleep
|rule|Species Clause: Limit one of each Pokemon
|rule|OHKO Clause: OHKO moves are banned
|rule|Moody Clause: Moody is banned
|rule|Evasion Moves Clause: Evasion moves are banned
|rule|Endless Battle Clause: Forcing endless battles is banned.
|rule|HP Percentage Mod: HP is reported as percentages
|teampreview
|callback|decision
|
|start
|switch|p1a: Genesect|Genesect|283\/283
|switch|p2a: Deoxys-Speed|Deoxys-Speed|304\/304
|-ability|p2a: Deoxys-Speed|Pressure
|-boost|p1a: Genesect|spa|1|[from] ability: Download
|turn|1
|callback|decision
|
|move|p2a: Deoxys-Speed|Stealth Rock|p1a: Genesect
|-sidestart|p1: aswa|move: Stealth Rock
|move|p1a: Genesect|U-turn|p2a: Deoxys-Speed
|-supereffective|p2a: Deoxys-Speed
|-damage|p2a: Deoxys-Speed|98\/304
|callback|decision
|
|switch|p1a: Lucario|Lucario, M|281\/281
|-damage|p1a: Lucario|273\/281|[from] Stealth Rock
|
|turn|2
|callback|decision
|
|-formechange|p1a: Lucario|Lucario-Mega
|message|Lucario has Mega Evolved into Mega Lucario!
|move|p1a: Lucario|Bullet Punch|p2a: Deoxys-Speed
|-damage|p2a: Deoxys-Speed|0 fnt
|faint|p2a: Deoxys-Speed
|
|callback|decision
|
|switch|p2a: Keldeo|Keldeo|323\/323
|turn|3
|callback|decision
|
|switch|p1a: Rotom-Wash|Rotom-Wash|300\/300
|-damage|p1a: Rotom-Wash|263\/300|[from] Stealth Rock
|move|p2a: Keldeo|Secret Sword|p1a: Rotom-Wash
|-damage|p1a: Rotom-Wash|63\/300
|-damage|p2a: Keldeo|291\/323|[from] item: Life Orb
|
|turn|4
|callback|decision
|
|switch|p1a: Gliscor|Gliscor, M|354\/354
|-damage|p1a: Gliscor|310\/354|[from] Stealth Rock
|move|p2a: Keldeo|Secret Sword|p1a: Gliscor
|-resisted|p1a: Gliscor
|-damage|p1a: Gliscor|244\/354
|-damage|p2a: Keldeo|259\/323|[from] item: Life Orb
|
|-activate|p1a: Gliscor|item: Toxic Orb
|-status|p1a: Gliscor|tox
|turn|5
|callback|decision
|
|move|p1a: Gliscor|Protect|p1a: Gliscor
|-singleturn|p1a: Gliscor|Protect
|move|p2a: Keldeo|Hydro Pump|p1a: Gliscor
|-activate|p1a: Gliscor|Protect
|
|-heal|p1a: Gliscor|288\/354 tox|[from] ability: Poison Heal
|turn|6
|callback|decision
|
|switch|p1a: Rotom-Wash|Rotom-Wash|63\/300
|-damage|p1a: Rotom-Wash|26\/300|[from] Stealth Rock
|move|p2a: Keldeo|Hydro Pump|p1a: Rotom-Wash
|-resisted|p1a: Rotom-Wash
|-damage|p1a: Rotom-Wash|0 fnt
|-damage|p2a: Keldeo|227\/323|[from] item: Life Orb
|faint|p1a: Rotom-Wash
|
|callback|decision
|
|switch|p1a: Genesect|Genesect|283\/283
|-damage|p1a: Genesect|248\/283|[from] Stealth Rock
|-boost|p1a: Genesect|atk|1|[from] ability: Download
|turn|7
|callback|decision
|
|switch|p2a: Garchomp|Garchomp, F|357\/357
|move|p1a: Genesect|Thunderbolt|p2a: Garchomp
|-immune|p2a: Garchomp|[msg]
|
|turn|8
|callback|decision
|
|switch|p2a: Keldeo|Keldeo|227\/323
|switch|p1a: Gliscor|Gliscor, M|288\/354 tox
|-damage|p1a: Gliscor|244\/354 tox|[from] Stealth Rock
|
|-heal|p1a: Gliscor|288\/354 tox|[from] ability: Poison Heal
|turn|9
|callback|decision
|
|switch|p1a: Chansey|Chansey, F|704\/704
|-damage|p1a: Chansey|616\/704|[from] Stealth Rock
|move|p2a: Keldeo|Hydro Pump|p1a: Chansey
|-crit|p1a: Chansey
|-damage|p1a: Chansey|389\/704
|-damage|p2a: Keldeo|195\/323|[from] item: Life Orb
|
|turn|10
|callback|decision
|
|move|p2a: Keldeo|Secret Sword|p1a: Chansey
|-supereffective|p1a: Chansey
|-damage|p1a: Chansey|0 fnt
|-damage|p2a: Keldeo|163\/323|[from] item: Life Orb
|faint|p1a: Chansey
|
|callback|decision
|chat|aswa|jesus fuck thats a nasty wallbreaker
|
|switch|p1a: Genesect|Genesect|248\/283
|-damage|p1a: Genesect|213\/283|[from] Stealth Rock
|-boost|p1a: Genesect|atk|1|[from] ability: Download
|turn|11
|callback|decision
|chat|K4rpman|lol yea
|chat|K4rpman|LO keld is pretty good atm
|chat|K4rpman|especially when most people run rotom as their primary water resist
|chat|aswa|i see that lmao
|
|switch|p2a: Aegislash|Aegislash, F|262\/262
|move|p1a: Genesect|Thunderbolt|p2a: Aegislash
|-damage|p2a: Aegislash|187\/262
|-status|p2a: Aegislash|par
|
|turn|12
|callback|decision
|chat|aswa|yeah
|
|move|p1a: Genesect|Thunderbolt|p2a: Aegislash
|-damage|p2a: Aegislash|118\/262 par
|-formechange|p2a: Aegislash|Aegislash-Blade
|cant|p2a: Aegislash|par
|
|turn|13
|callback|decision
|chat|aswa|i may try it actually lol
|
|switch|p2a: Garchomp|Garchomp, F|357\/357
|move|p1a: Genesect|Thunderbolt|p2a: Garchomp
|-immune|p2a: Garchomp|[msg]
|
|turn|14
|callback|decision
|chat|aswa|>>
|
|move|p2a: Garchomp|Dragon Claw|p1a: Genesect
|-resisted|p1a: Genesect
|-damage|p1a: Genesect|135\/283
|move|p1a: Genesect|Thunderbolt|p2a: Garchomp
|-immune|p2a: Garchomp|[msg]
|
|turn|15
|callback|decision
|
|switch|p1a: Gliscor|Gliscor, M|288\/354 tox
|-damage|p1a: Gliscor|244\/354 tox|[from] Stealth Rock
|move|p2a: Garchomp|Dragon Claw|p1a: Gliscor
|-damage|p1a: Gliscor|150\/354 tox
|
|-heal|p1a: Gliscor|194\/354 tox|[from] ability: Poison Heal
|turn|16
|callback|decision
|
|switch|p2a: Thundurus|Thundurus, M|299\/299
|move|p1a: Gliscor|Substitute|p1a: Gliscor
|-start|p1a: Gliscor|Substitute
|-damage|p1a: Gliscor|106\/354 tox
|
|-heal|p1a: Gliscor|150\/354 tox|[from] ability: Poison Heal
|turn|17
|callback|decision
|
|move|p1a: Gliscor|Protect|p1a: Gliscor
|-singleturn|p1a: Gliscor|Protect
|move|p2a: Thundurus|Hidden Power|p1a: Gliscor
|-activate|p1a: Gliscor|Protect
|
|-heal|p1a: Gliscor|194\/354 tox|[from] ability: Poison Heal
|turn|18
|callback|decision
|chat|aswa|gg haha, im not gonna win 
|
|move|p2a: Thundurus|Taunt|p1a: Gliscor
|-start|p1a: Gliscor|move: Taunt
|cant|p1a: Gliscor|move: Taunt|Toxic
|
|-heal|p1a: Gliscor|238\/354 tox|[from] ability: Poison Heal
|turn|19
|callback|decision
|
|move|p2a: Thundurus|Hidden Power|p1a: Gliscor
|-supereffective|p1a: Gliscor
|-end|p1a: Gliscor|Substitute
|move|p1a: Gliscor|Earthquake|p2a: Thundurus
|-immune|p2a: Thundurus|[msg]
|
|-heal|p1a: Gliscor|282\/354 tox|[from] ability: Poison Heal
|turn|20
|callback|decision
|
|switch|p1a: Genesect|Genesect|135\/283
|-damage|p1a: Genesect|100\/283|[from] Stealth Rock
|-boost|p1a: Genesect|atk|1|[from] ability: Download
|move|p2a: Thundurus|Thunder Wave|p1a: Genesect
|-status|p1a: Genesect|par
|
|turn|21
|callback|decision
|chat|aswa|holy fuck youre good at predicting xD
|
|move|p2a: Thundurus|Volt Switch|p1a: Genesect
|-damage|p1a: Genesect|0 fnt
|faint|p1a: Genesect
|callback|decision
|chat|K4rpman|yea gg
|chat|aswa|im inpressed lol
|
|switch|p2a: Keldeo|Keldeo|163\/323
|
|callback|decision
|chat|aswa|impressed*
|
|switch|p1a: Garchomp|Garchomp, M|382\/382
|-damage|p1a: Garchomp|359\/382|[from] Stealth Rock
|turn|22
|callback|decision
|
|move|p2a: Keldeo|Hydro Pump|p1a: Garchomp
|-damage|p1a: Garchomp|50\/382
|-damage|p2a: Keldeo|131\/323|[from] item: Life Orb
|move|p1a: Garchomp|Dragon Claw|p2a: Keldeo
|-damage|p2a: Keldeo|10\/323
|
|turn|23
|callback|decision
|chat|aswa|at you shitting me?
|chat|aswa|are*
|
|move|p2a: Keldeo|Secret Sword|p1a: Garchomp
|-damage|p1a: Garchomp|0 fnt
|-damage|p2a: Keldeo|0 fnt|[from] item: Life Orb
|faint|p1a: Garchomp
|faint|p2a: Keldeo
|
|callback|decision
|chat|K4rpman|that's the good thing about keld
|chat|K4rpman|its also retardedly bulky
|
|switch|p2a: Thundurus|Thundurus, M|299\/299
|switch|p1a: Gliscor|Gliscor, M|282\/354 tox
|-damage|p1a: Gliscor|238\/354 tox|[from] Stealth Rock
|turn|24
|callback|decision
|chat|aswa|damn straight lol
|
|switch|p1a: Lucario|Lucario, M|273\/281
|-formechange|p1a: Lucario|Lucario-Mega
|-damage|p1a: Lucario|265\/281|[from] Stealth Rock
|move|p2a: Thundurus|Hidden Power|p1a: Lucario
|-resisted|p1a: Lucario
|-damage|p1a: Lucario|221\/281
|
|turn|25
|callback|decision
|
|move|p2a: Thundurus|Thunder Wave|p1a: Lucario
|-status|p1a: Lucario|par
|move|p1a: Lucario|Ice Punch|p2a: Thundurus
|-crit|p2a: Thundurus
|-supereffective|p2a: Thundurus
|-damage|p2a: Thundurus|0 fnt
|faint|p2a: Thundurus
|
|callback|decision
|
|switch|p2a: Lucario|Lucario, M|281\/281
|turn|26
|callback|decision
|
|switch|p1a: Gliscor|Gliscor, M|238\/354 tox
|-damage|p1a: Gliscor|194\/354 tox|[from] Stealth Rock
|-formechange|p2a: Lucario|Lucario-Mega
|message|Lucario has Mega Evolved into Mega Lucario!
|move|p2a: Lucario|Aura Sphere|p1a: Gliscor
|-resisted|p1a: Gliscor
|-damage|p1a: Gliscor|56\/354 tox
|
|-heal|p1a: Gliscor|100\/354 tox|[from] ability: Poison Heal
|turn|27
|callback|decision
|chat|aswa|special, fuck lol
|
|move|p1a: Gliscor|Protect|p1a: Gliscor
|-singleturn|p1a: Gliscor|Protect
|move|p2a: Lucario|Flash Cannon|p1a: Gliscor
|-activate|p1a: Gliscor|Protect
|
|-heal|p1a: Gliscor|144\/354 tox|[from] ability: Poison Heal
|turn|28
|callback|decision
|chat|K4rpman|yea, gg
|
|move|p2a: Lucario|Flash Cannon|p1a: Gliscor
|-damage|p1a: Gliscor|0 fnt
|faint|p1a: Gliscor
|
|callback|decision
|
|switch|p1a: Lucario|Lucario, M|221\/281 par
|-formechange|p1a: Lucario|Lucario-Mega
|-damage|p1a: Lucario|213\/281 par|[from] Stealth Rock
|turn|29
|callback|decision
|
|move|p1a: Lucario|Bullet Punch|p2a: Lucario
|-resisted|p2a: Lucario
|-damage|p2a: Lucario|220\/281
|move|p2a: Lucario|Aura Sphere|p1a: Lucario
|-supereffective|p1a: Lucario
|-damage|p1a: Lucario|0 fnt
|faint|p1a: Lucario
|
|win|K4rpman
|raw|Ladder updating...
|raw|aswa's rating: 1897 &rarr; <strong>1889<\/strong><br \/>(-8 for losing)
|raw|K4rpman's rating: 1830 &rarr; <strong>1999<\/strong><br \/>(+169 for winning)