|join|M3rett0
|join|k4rpman
|player|p1|M3rett0|101
|player|p2|k4rpman|101
|gametype|singles
|gen|6
|tier|OU
|rated
|clearpoke
|poke|p1|Togekiss, F
|poke|p1|Ampharos, M
|poke|p1|Heatran, M
|poke|p1|Keldeo
|poke|p1|Garchomp, M
|poke|p1|Mamoswine, M
|poke|p2|Landorus, M
|poke|p2|Genesect, shiny
|poke|p2|Keldeo
|poke|p2|Thundurus, M
|poke|p2|Heatran, M
|poke|p2|Latios, M
|rule|Sleep Clause Mod: Limit one foe put to sleep
|rule|Species Clause: Limit one of each Pokemon
|rule|OHKO Clause: OHKO moves are banned
|rule|Moody Clause: Moody is banned
|rule|Evasion Moves Clause: Evasion moves are banned
|rule|Endless Battle Clause: Forcing endless battles is banned.
|rule|HP Percentage Mod: HP is reported as percentages
|teampreview
|callback|decision
|
|start
|switch|p1a: Mamoswine|Mamoswine, M|359\/359
|switch|p2a: Keldeo|Keldeo|323\/323
|turn|1
|callback|decision
|
|move|p2a: Keldeo|Secret Sword|p1a: Mamoswine
|-supereffective|p1a: Mamoswine
|-damage|p1a: Mamoswine|0 fnt
|faint|p1a: Mamoswine
|
|callback|decision
|
|switch|p1a: Ampharos|Ampharos, M|384\/384
|turn|2
|callback|decision
|
|switch|p2a: Landorus|Landorus, M|336\/336
|-formechange|p1a: Ampharos|Ampharos-Mega
|message|Ampharos has Mega Evolved into Mega Ampharos!
|-ability|p1a: Ampharos|Mold Breaker
|move|p1a: Ampharos|Agility|p1a: Ampharos
|-boost|p1a: Ampharos|spe|2
|
|turn|3
|callback|decision
|
|move|p1a: Ampharos|Dragon Pulse|p2a: Landorus
|-damage|p2a: Landorus|128\/336
|move|p2a: Landorus|Earth Power|p1a: Ampharos
|-supereffective|p1a: Ampharos
|-damage|p1a: Ampharos|0 fnt
|faint|p1a: Ampharos
|
|callback|decision
|
|switch|p1a: Keldeo|Keldeo|323\/323
|turn|4
|callback|decision
|
|switch|p2a: Latios|Latios, M|301\/301
|move|p1a: Keldeo|Icy Wind|p2a: Latios
|-supereffective|p2a: Latios
|-damage|p2a: Latios|137\/301
|-unboost|p2a: Latios|spe|1
|-damage|p1a: Keldeo|291\/323|[from] item: Life Orb
|
|turn|5
|callback|decision
|
|switch|p2a: Genesect|Genesect, shiny|283\/283
|-boost|p2a: Genesect|atk|1|[from] ability: Download
|move|p1a: Keldeo|Icy Wind|p2a: Genesect
|-resisted|p2a: Genesect
|-damage|p2a: Genesect|240\/283
|-unboost|p2a: Genesect|spe|1
|-damage|p1a: Keldeo|259\/323|[from] item: Life Orb
|
|turn|6
|callback|decision
|
|move|p1a: Keldeo|Secret Sword|p2a: Genesect
|-damage|p2a: Genesect|10\/283
|-damage|p1a: Keldeo|227\/323|[from] item: Life Orb
|move|p2a: Genesect|U-turn|p1a: Keldeo
|-resisted|p1a: Keldeo
|-damage|p1a: Keldeo|82\/323
|callback|decision
|
|switch|p2a: Thundurus|Thundurus, M|299\/299
|
|turn|7
|callback|decision
|
|move|p2a: Thundurus|Substitute|p2a: Thundurus
|-start|p2a: Thundurus|Substitute
|-damage|p2a: Thundurus|225\/299
|move|p1a: Keldeo|Icy Wind|p2a: Thundurus
|-supereffective|p2a: Thundurus
|-end|p2a: Thundurus|Substitute
|-damage|p1a: Keldeo|50\/323|[from] item: Life Orb
|
|-heal|p2a: Thundurus|243\/299|[from] item: Leftovers
|turn|8
|callback|decision
|
|move|p2a: Thundurus|Thunderbolt|p1a: Keldeo
|-supereffective|p1a: Keldeo
|-damage|p1a: Keldeo|0 fnt
|faint|p1a: Keldeo
|
|-heal|p2a: Thundurus|261\/299|[from] item: Leftovers
|callback|decision
|
|switch|p1a: Heatran|Heatran, M|323\/323
|-item|p1a: Heatran|Air Balloon
|turn|9
|callback|decision
|
|switch|p2a: Keldeo|Keldeo|323\/323
|move|p1a: Heatran|Fire Blast|p2a: Keldeo
|-resisted|p2a: Keldeo
|-damage|p2a: Keldeo|205\/323
|
|turn|10
|callback|decision
|
|switch|p1a: Togekiss|Togekiss, F|351\/351
|move|p2a: Keldeo|Hydro Pump|p1a: Togekiss
|-damage|p1a: Togekiss|167\/351
|
|turn|11
|callback|decision
|
|move|p2a: Keldeo|Hydro Pump|p1a: Togekiss
|-damage|p1a: Togekiss|0 fnt
|faint|p1a: Togekiss
|
|callback|decision
|
|switch|p1a: Garchomp|Garchomp, M|358\/358
|turn|12
|callback|decision
|
|move|p2a: Keldeo|Icy Wind|p1a: Garchomp
|-supereffective|p1a: Garchomp
|-enditem|p1a: Garchomp|Yache Berry|[eat]
|-damage|p1a: Garchomp|195\/358
|-unboost|p1a: Garchomp|spe|1
|move|p1a: Garchomp|Earthquake|p2a: Keldeo
|-damage|p2a: Keldeo|18\/323
|
|turn|13
|callback|decision
|
|move|p2a: Keldeo|Icy Wind|p1a: Garchomp
|-supereffective|p1a: Garchomp
|-damage|p1a: Garchomp|0 fnt
|faint|p1a: Garchomp
|
|callback|decision
|
|switch|p1a: Heatran|Heatran, M|323\/323
|-item|p1a: Heatran|Air Balloon
|turn|14
|callback|decision
|
|move|p2a: Keldeo|Secret Sword|p1a: Heatran
|-supereffective|p1a: Heatran
|-damage|p1a: Heatran|6\/323
|-enditem|p1a: Heatran|Air Balloon
|move|p1a: Heatran|Ancient Power|p2a: Keldeo
|-crit|p2a: Keldeo
|-resisted|p2a: Keldeo
|-damage|p2a: Keldeo|0 fnt
|faint|p2a: Keldeo
|
|callback|decision
|
|switch|p2a: Thundurus|Thundurus, M|261\/299
|turn|15
|callback|decision
|
|move|p2a: Thundurus|Thunderbolt|p1a: Heatran
|-damage|p1a: Heatran|0 fnt
|faint|p1a: Heatran
|
|win|k4rpman
|raw|Ladder updating...
|leave|k4rpman
|player|p2