|join|K4rpman
|join|vfrewvrew
|player|p1|K4rpman|169
|player|p2|vfrewvrew|253
|gametype|singles
|tier|OU (current)
|rated
|rule|Evasion Abilities Clause: Evasion abilities are banned
|clearpoke
|poke|p1|Dragonite, F
|poke|p1|Alakazam, F
|poke|p1|Skarmory, F
|poke|p1|Magnezone
|poke|p1|Gengar, M
|poke|p1|Breloom, M
|poke|p2|Jirachi
|poke|p2|Togekiss, F
|poke|p2|Celebi
|poke|p2|Gastrodon, F
|poke|p2|Hitmonlee, M
|poke|p2|Abomasnow, M
|rule|Sleep Clause Mod: Limit one foe put to sleep
|rule|Species Clause: Limit one of each Pokemon
|rule|OHKO Clause: OHKO moves are banned
|rule|Moody Clause: Moody is banned
|rule|Evasion Moves Clause: Evasion moves are banned
|rule|HP Percentage Mod: HP is reported as percentages
|teampreview
|callback|decision
|
|start
|switch|p1a: Skarmory|Skarmory, F|271\/271
|switch|p2a: Togekiss|Togekiss, F|311\/311
|turn|1
|callback|decision
|
|move|p2a: Togekiss|Flamethrower|p1a: Skarmory
|-crit|p1a: Skarmory
|-supereffective|p1a: Skarmory
|-activate|p1a: Skarmory|Sturdy
|-damage|p1a: Skarmory|1\/271
|-status|p1a: Skarmory|brn
|move|p1a: Skarmory|Stealth Rock|p2a: Togekiss
|-sidestart|p2: vfrewvrew|move: Stealth Rock
|
|-damage|p1a: Skarmory|0 fnt|[from] brn
|faint|p1a: Skarmory
|callback|decision
|
|switch|p1a: Dragonite|Dragonite, F|324\/324
|turn|2
|callback|decision
|
|switch|p2a: Jirachi|Jirachi|341\/341
|-damage|p2a: Jirachi|320\/341|[from] Stealth Rock
|move|p1a: Dragonite|Outrage|p2a: Jirachi
|-resisted|p2a: Jirachi
|-damage|p2a: Jirachi|150\/341
|
|turn|3
|callback|decision
|
|move|p2a: Jirachi|Iron Head|p1a: Dragonite
|-damage|p1a: Dragonite|255\/324
|move|p1a: Dragonite|Outrage|p2a: Jirachi
|-resisted|p2a: Jirachi
|-damage|p2a: Jirachi|0 fnt
|faint|p2a: Jirachi
|
|-end|p1a: Dragonite|rampage
|-start|p1a: Dragonite|confusion
|callback|decision
|
|switch|p2a: Abomasnow|Abomasnow, M|349\/349
|-damage|p2a: Abomasnow|262\/349|[from] Stealth Rock
|-weather|Hail|[from] ability: Snow Warning|[of] p2a: Abomasnow
|turn|4
|callback|decision
|
|switch|p1a: Magnezone|Magnezone|282\/282
|move|p2a: Abomasnow|Earthquake|p1a: Magnezone
|-supereffective|p1a: Magnezone
|-damage|p1a: Magnezone|0 fnt
|-damage|p2a: Abomasnow|228\/349|[from] item: Life Orb
|faint|p1a: Magnezone
|
|-weather|Hail|[upkeep]
|callback|decision
|
|switch|p1a: Alakazam|Alakazam, F|252\/252
|turn|5
|callback|decision
|
|move|p2a: Abomasnow|Protect|p2a: Abomasnow
|-singleturn|p2a: Abomasnow|Protect
|move|p1a: Alakazam|Signal Beam|p2a: Abomasnow
|-activate|p2a: Abomasnow|Protect
|
|-weather|Hail|[upkeep]
|turn|6
|callback|decision
|
|switch|p2a: Togekiss|Togekiss, F|311\/311
|-damage|p2a: Togekiss|234\/311|[from] Stealth Rock
|move|p1a: Alakazam|Psyshock|p2a: Togekiss
|-damage|p2a: Togekiss|74\/311
|
|-weather|Hail|[upkeep]
|-damage|p2a: Togekiss|55\/311|[from] hail
|turn|7
|callback|decision
|
|switch|p1a: Dragonite|Dragonite, F|255\/324
|move|p2a: Togekiss|Air Slash|p1a: Dragonite
|-damage|p1a: Dragonite|113\/324
|
|-weather|Hail|[upkeep]
|-damage|p2a: Togekiss|36\/311|[from] hail
|-damage|p1a: Dragonite|93\/324|[from] hail
|turn|8
|callback|decision
|
|move|p1a: Dragonite|ExtremeSpeed|p2a: Togekiss
|-damage|p2a: Togekiss|0 fnt
|faint|p2a: Togekiss
|
|-weather|Hail|[upkeep]
|-damage|p1a: Dragonite|73\/324|[from] hail
|callback|decision
|
|switch|p2a: Gastrodon|Gastrodon, F|426\/426
|-damage|p2a: Gastrodon|400\/426|[from] Stealth Rock
|turn|9
|callback|decision
|
|move|p1a: Dragonite|ExtremeSpeed|p2a: Gastrodon
|-damage|p2a: Gastrodon|231\/426
|move|p2a: Gastrodon|Yawn|p1a: Dragonite
|-start|p1a: Dragonite|move: Yawn|[of] p2a: Gastrodon
|
|-weather|Hail|[upkeep]
|-damage|p1a: Dragonite|53\/324|[from] hail
|-damage|p2a: Gastrodon|205\/426|[from] hail
|-heal|p2a: Gastrodon|231\/426|[from] item: Leftovers
|turn|10
|callback|decision
|
|switch|p1a: Breloom|Breloom, M|261\/261
|switch|p2a: Celebi|Celebi|403\/403
|-damage|p2a: Celebi|353\/403|[from] Stealth Rock
|
|-weather|Hail|[upkeep]
|-damage|p2a: Celebi|328\/403|[from] hail
|-damage|p1a: Breloom|245\/261|[from] hail
|-heal|p2a: Celebi|353\/403|[from] item: Leftovers
|turn|11
|callback|decision
|
|move|p2a: Celebi|Thunder Wave|p1a: Breloom
|-status|p1a: Breloom|par
|cant|p1a: Breloom|par
|
|-weather|Hail|[upkeep]
|-damage|p2a: Celebi|328\/403|[from] hail
|-damage|p1a: Breloom|229\/261 par|[from] hail
|-heal|p2a: Celebi|353\/403|[from] item: Leftovers
|turn|12
|callback|decision
|
|move|p2a: Celebi|Stealth Rock|p1a: Breloom
|-sidestart|p1: K4rpman|move: Stealth Rock
|cant|p1a: Breloom|par
|
|-weather|Hail|[upkeep]
|-damage|p2a: Celebi|328\/403|[from] hail
|-damage|p1a: Breloom|213\/261 par|[from] hail
|-heal|p2a: Celebi|353\/403|[from] item: Leftovers
|turn|13
|callback|decision
|
|move|p2a: Celebi|Leaf Storm|p1a: Breloom
|-resisted|p1a: Breloom
|-damage|p1a: Breloom|81\/261 par
|-unboost|p2a: Celebi|spa|2
|move|p1a: Breloom|Spore|p2a: Celebi
|-status|p2a: Celebi|slp
|
|-weather|Hail|[upkeep]
|-damage|p2a: Celebi|328\/403 slp|[from] hail
|-damage|p1a: Breloom|65\/261 par|[from] hail
|-heal|p2a: Celebi|353\/403 slp|[from] item: Leftovers
|turn|14
|callback|decision
|
|switch|p2a: Abomasnow|Abomasnow, M|228\/349
|-damage|p2a: Abomasnow|141\/349|[from] Stealth Rock
|cant|p1a: Breloom|par
|
|-weather|Hail|[upkeep]
|-damage|p1a: Breloom|49\/261 par|[from] hail
|turn|15
|callback|decision
|
|move|p2a: Abomasnow|Ice Shard|p1a: Breloom
|-supereffective|p1a: Breloom
|-damage|p1a: Breloom|0 fnt
|-damage|p2a: Abomasnow|107\/349|[from] item: Life Orb
|faint|p1a: Breloom
|
|-weather|Hail|[upkeep]
|callback|decision
|
|switch|p1a: Dragonite|Dragonite, F|53\/324
|-damage|p1a: Dragonite|0 fnt|[from] Stealth Rock
|faint|p1a: Dragonite
|callback|decision
|
|switch|p1a: Gengar|Gengar, M|262\/262
|-damage|p1a: Gengar|230\/262|[from] Stealth Rock
|turn|16
|callback|decision
|
|move|p2a: Abomasnow|Ice Shard|p1a: Gengar
|-damage|p1a: Gengar|113\/262
|-damage|p2a: Abomasnow|73\/349|[from] item: Life Orb
|move|p1a: Gengar|Shadow Ball|p2a: Abomasnow
|-crit|p2a: Abomasnow
|-damage|p2a: Abomasnow|0 fnt
|faint|p2a: Abomasnow
|
|-weather|Hail|[upkeep]
|-damage|p1a: Gengar|97\/262|[from] hail
|-heal|p1a: Gengar|113\/262|[from] item: Leftovers
|callback|decision
|
|switch|p2a: Gastrodon|Gastrodon, F|231\/426
|-damage|p2a: Gastrodon|205\/426|[from] Stealth Rock
|turn|17
|callback|decision
|
|move|p1a: Gengar|Will-O-Wisp|p2a: Gastrodon|[miss]
|-miss|p1a: Gengar|p2a: Gastrodon
|move|p2a: Gastrodon|Scald|p1a: Gengar
|-damage|p1a: Gengar|0 fnt
|faint|p1a: Gengar
|
|-weather|Hail|[upkeep]
|-damage|p2a: Gastrodon|179\/426|[from] hail
|-heal|p2a: Gastrodon|205\/426|[from] item: Leftovers
|callback|decision
|
|switch|p1a: Alakazam|Alakazam, F|252\/252
|turn|18
|callback|decision
|
|move|p1a: Alakazam|Psyshock|p2a: Gastrodon
|-damage|p2a: Gastrodon|52\/426
|move|p2a: Gastrodon|Earth Power|p1a: Alakazam
|-damage|p1a: Alakazam|113\/252
|
|-weather|Hail|[upkeep]
|-damage|p2a: Gastrodon|26\/426|[from] hail
|-heal|p2a: Gastrodon|52\/426|[from] item: Leftovers
|turn|19
|callback|decision
|
|move|p1a: Alakazam|Psyshock|p2a: Gastrodon
|-damage|p2a: Gastrodon|0 fnt
|faint|p2a: Gastrodon
|
|-weather|Hail|[upkeep]
|callback|decision
|
|switch|p2a: Hitmonlee|Hitmonlee, M|241\/241
|-damage|p2a: Hitmonlee|226\/241|[from] Stealth Rock
|turn|20
|callback|decision
|
|move|p2a: Hitmonlee|Fake Out|p1a: Alakazam
|-enditem|p2a: Hitmonlee|Normal Gem|[from] gem|[move] Fake Out
|-damage|p1a: Alakazam|0 fnt
|faint|p1a: Alakazam
|
|win|vfrewvrew
|raw|Ladder updating...
|chat|vfrewvrew|gg
|raw|K4rpman's rating: 2288 &rarr; <strong>2276<\/strong><br \/>(-12 for losing)
|raw|vfrewvrew's rating: 2280 &rarr; <strong>2334<\/strong><br \/>(+54 for winning)
|leave|K4rpman
|player|p1