|join|catafist
|join|K4rpman
|player|p1|catafist|52
|player|p2|K4rpman|1
|gametype|singles
|tier|Pokebank OU (beta)
|rated
|rule|Evasion Abilities Clause: Evasion abilities are banned
|clearpoke
|poke|p1|Tyranitar, F
|poke|p1|Keldeo
|poke|p1|Lucario, F
|poke|p1|Genesect
|poke|p1|Gliscor, F
|poke|p1|Ferrothorn, M
|poke|p2|Pinsir, F
|poke|p2|Rotom-Wash
|poke|p2|Hippowdon, M
|poke|p2|Aegislash, M
|poke|p2|Mandibuzz, F
|poke|p2|Azumarill, M
|rule|Sleep Clause Mod: Limit one foe put to sleep
|rule|Species Clause: Limit one of each Pokemon
|rule|Moody Clause: Moody is banned
|rule|OHKO Clause: OHKO moves are banned
|rule|Evasion Moves Clause: Evasion moves are banned
|rule|HP Percentage Mod: HP is reported as percentages
|teampreview
|callback|decision
|
|start
|switch|p1a: Gliscor|Gliscor, F|352\/352
|switch|p2a: Aegislash|Aegislash, M|261\/261
|turn|1
|callback|decision
|
|move|p1a: Gliscor|Earthquake|p2a: Aegislash
|-supereffective|p2a: Aegislash
|-damage|p2a: Aegislash|93\/261
|-formechange|p2a: Aegislash|Aegislash-Blade
|move|p2a: Aegislash|Shadow Ball|p1a: Gliscor
|-damage|p1a: Gliscor|84\/352
|
|-activate|p1a: Gliscor|item: Toxic Orb
|-status|p1a: Gliscor|tox
|turn|2
|callback|decision
|
|switch|p2a: Rotom-Wash|Rotom-Wash|304\/304
|move|p1a: Gliscor|Protect|p1a: Gliscor
|-fail|p1a: Gliscor
|
|-heal|p1a: Gliscor|128\/352 tox|[from] ability: Poison Heal
|turn|3
|callback|decision
|
|move|p1a: Gliscor|Protect|p1a: Gliscor
|-singleturn|p1a: Gliscor|Protect
|move|p2a: Rotom-Wash|Hydro Pump|p1a: Gliscor
|-activate|p1a: Gliscor|Protect
|
|-heal|p1a: Gliscor|172\/352 tox|[from] ability: Poison Heal
|turn|4
|callback|decision
|
|switch|p1a: Ferrothorn|Ferrothorn, M|352\/352
|move|p2a: Rotom-Wash|Will-O-Wisp|p1a: Ferrothorn
|-status|p1a: Ferrothorn|brn
|
|-damage|p1a: Ferrothorn|308\/352 brn|[from] brn
|turn|5
|callback|decision
|
|move|p2a: Rotom-Wash|Volt Switch|p1a: Ferrothorn
|-resisted|p1a: Ferrothorn
|-damage|p1a: Ferrothorn|282\/352 brn
|callback|decision
|
|switch|p2a: Hippowdon|Hippowdon, M|420\/420
|-weather|Sandstorm
|move|p1a: Ferrothorn|Leech Seed|p2a: Hippowdon
|-start|p2a: Hippowdon|move: Leech Seed
|
|-weather|Sandstorm|[upkeep]
|-heal|p1a: Ferrothorn|304\/352 brn|[from] item: Leftovers
|-damage|p2a: Hippowdon|368\/420|[from] Leech Seed|[of] p1a: Ferrothorn
|-heal|p1a: Ferrothorn|352\/352 brn|[silent]
|-damage|p1a: Ferrothorn|308\/352 brn|[from] brn
|turn|6
|callback|decision
|
|switch|p1a: Gliscor|Gliscor, F|172\/352 tox
|move|p2a: Hippowdon|Stealth Rock|p1a: Gliscor
|-sidestart|p1: catafist|move: Stealth Rock
|
|-weather|Sandstorm|[upkeep]
|-heal|p2a: Hippowdon|394\/420|[from] item: Leftovers
|-damage|p2a: Hippowdon|342\/420|[from] Leech Seed|[of] p1a: Gliscor
|-heal|p1a: Gliscor|224\/352 tox|[silent]
|-heal|p1a: Gliscor|268\/352 tox|[from] ability: Poison Heal
|turn|7
|callback|decision
|
|switch|p2a: Rotom-Wash|Rotom-Wash|304\/304
|move|p1a: Gliscor|Substitute|p1a: Gliscor
|-start|p1a: Gliscor|Substitute
|-damage|p1a: Gliscor|180\/352 tox
|
|-weather|Sandstorm|[upkeep]
|-damage|p2a: Rotom-Wash|285\/304|[from] sandstorm
|-heal|p1a: Gliscor|224\/352 tox|[from] ability: Poison Heal
|turn|8
|callback|decision
|
|move|p1a: Gliscor|Toxic|p2a: Rotom-Wash
|-status|p2a: Rotom-Wash|tox
|move|p2a: Rotom-Wash|Hydro Pump|p1a: Gliscor|[miss]
|-miss|p2a: Rotom-Wash|p1a: Gliscor
|
|-weather|Sandstorm|[upkeep]
|-damage|p2a: Rotom-Wash|266\/304 tox|[from] sandstorm
|-heal|p1a: Gliscor|268\/352 tox|[from] ability: Poison Heal
|-damage|p2a: Rotom-Wash|247\/304 tox|[from] psn
|turn|9
|callback|decision
|
|switch|p2a: Hippowdon|Hippowdon, M|342\/420
|move|p1a: Gliscor|Protect|p1a: Gliscor
|-fail|p1a: Gliscor
|
|-weather|none
|-heal|p2a: Hippowdon|368\/420|[from] item: Leftovers
|-heal|p1a: Gliscor|312\/352 tox|[from] ability: Poison Heal
|turn|10
|callback|decision
|
|move|p1a: Gliscor|Toxic|p2a: Hippowdon
|-status|p2a: Hippowdon|tox
|move|p2a: Hippowdon|Whirlwind|p1a: Gliscor
|drag|p1a: Keldeo|Keldeo|324\/324
|-damage|p1a: Keldeo|304\/324|[from] Stealth Rock
|
|-heal|p2a: Hippowdon|394\/420 tox|[from] item: Leftovers
|-damage|p2a: Hippowdon|368\/420 tox|[from] psn
|turn|11
|callback|decision
|
|switch|p2a: Azumarill|Azumarill, M|404\/404
|move|p1a: Keldeo|Hydro Pump|p2a: Azumarill
|-resisted|p2a: Azumarill
|-damage|p2a: Azumarill|293\/404
|
|-heal|p2a: Azumarill|318\/404|[from] item: Leftovers
|turn|12
|callback|decision
|
|switch|p1a: Ferrothorn|Ferrothorn, M|308\/352 brn
|-damage|p1a: Ferrothorn|286\/352 brn|[from] Stealth Rock
|move|p2a: Azumarill|Substitute|p2a: Azumarill
|-start|p2a: Azumarill|Substitute
|-damage|p2a: Azumarill|217\/404
|
|-heal|p2a: Azumarill|242\/404|[from] item: Leftovers
|-heal|p1a: Ferrothorn|308\/352 brn|[from] item: Leftovers
|-damage|p1a: Ferrothorn|264\/352 brn|[from] brn
|turn|13
|callback|decision
|
|-singleturn|p2a: Azumarill|move: Focus Punch
|move|p1a: Ferrothorn|Power Whip|p2a: Azumarill
|-supereffective|p2a: Azumarill
|-end|p2a: Azumarill|Substitute
|move|p2a: Azumarill|Focus Punch|p1a: Ferrothorn
|-supereffective|p1a: Ferrothorn
|-damage|p1a: Ferrothorn|0 fnt
|-damage|p2a: Azumarill|192\/404|[from] ability: Iron Barbs|[of] p1a: Ferrothorn
|faint|p1a: Ferrothorn
|
|-heal|p2a: Azumarill|217\/404|[from] item: Leftovers
|callback|decision
|
|switch|p1a: Genesect|Genesect|283\/283
|-damage|p1a: Genesect|248\/283|[from] Stealth Rock
|-boost|p1a: Genesect|spa|1|[from] ability: Download
|turn|14
|callback|decision
|
|move|p1a: Genesect|Giga Drain|p2a: Azumarill
|-supereffective|p2a: Azumarill
|-damage|p2a: Azumarill|0 fnt
|-heal|p1a: Genesect|283\/283|[from] drain|[of] p2a: Azumarill
|-damage|p1a: Genesect|255\/283|[from] item: Life Orb
|faint|p2a: Azumarill
|
|callback|decision
|
|switch|p2a: Rotom-Wash|Rotom-Wash|247\/304 tox
|turn|15
|callback|decision
|
|switch|p2a: Pinsir|Pinsir, F|271\/271
|move|p1a: Genesect|Giga Drain|p2a: Pinsir
|-resisted|p2a: Pinsir
|-damage|p2a: Pinsir|161\/271
|-heal|p1a: Genesect|283\/283|[from] drain|[of] p2a: Pinsir
|-damage|p1a: Genesect|255\/283|[from] item: Life Orb
|
|turn|16
|callback|decision
|
|-formechange|p2a: Pinsir|Pinsir-Mega
|message|Pinsir has Mega Evolved into Mega Pinsir!
|move|p2a: Pinsir|Quick Attack|p1a: Genesect
|-damage|p1a: Genesect|144\/283
|move|p1a: Genesect|Flamethrower|p2a: Pinsir
|-crit|p2a: Pinsir
|-supereffective|p2a: Pinsir
|-damage|p2a: Pinsir|0 fnt
|-damage|p1a: Genesect|116\/283|[from] item: Life Orb
|faint|p2a: Pinsir
|
|callback|decision
|
|switch|p2a: Mandibuzz|Mandibuzz, F|423\/423
|turn|17
|callback|decision
|
|move|p1a: Genesect|Ice Beam|p2a: Mandibuzz
|-supereffective|p2a: Mandibuzz
|-damage|p2a: Mandibuzz|116\/423
|-damage|p1a: Genesect|88\/283|[from] item: Life Orb
|move|p2a: Mandibuzz|Foul Play|p1a: Genesect
|-damage|p1a: Genesect|0 fnt
|faint|p1a: Genesect
|
|-heal|p2a: Mandibuzz|142\/423|[from] item: Leftovers
|callback|decision
|
|switch|p1a: Lucario|Lucario, F|282\/282
|-damage|p1a: Lucario|274\/282|[from] Stealth Rock
|turn|18
|callback|decision
|
|switch|p2a: Hippowdon|Hippowdon, M|368\/420 tox
|-weather|Sandstorm
|-formechange|p1a: Lucario|Lucario-Mega
|message|Lucario has Mega Evolved into Mega Lucario!
|move|p1a: Lucario|Close Combat|p2a: Hippowdon
|-damage|p2a: Hippowdon|160\/420 tox
|-unboost|p1a: Lucario|def|1
|-unboost|p1a: Lucario|spd|1
|
|-weather|Sandstorm|[upkeep]
|-heal|p2a: Hippowdon|186\/420 tox|[from] item: Leftovers
|-damage|p2a: Hippowdon|160\/420 tox|[from] psn
|turn|19
|callback|decision
|-message|K4rpman forfeited.
|
|win|catafist
|raw|Ladder updating...
|leave|K4rpman
|player|p2
|raw|catafist's rating: 1897 &rarr; <strong>1908<\/strong><br \/>(+11 for winning)
|raw|K4rpman's rating: 1725 &rarr; <strong>1713<\/strong><br \/>(-12 for losing)