|join|yutaoguro
|join|K4rpman
|player|p1|yutaoguro|101
|player|p2|K4rpman|265
|gametype|singles
|tier|Pokebank OU (beta)
|rated
|rule|Evasion Abilities Clause: Evasion abilities are banned
|clearpoke
|poke|p1|Talonflame, F
|poke|p1|Donphan, M
|poke|p1|Trevenant, M
|poke|p1|Greninja, F
|poke|p1|Magnezone
|poke|p1|Salamence, M
|poke|p2|Gengar, F
|poke|p2|Rotom-Wash
|poke|p2|Hippowdon, M
|poke|p2|Genesect
|poke|p2|Mandibuzz, F
|poke|p2|Azumarill, M
|rule|Sleep Clause Mod: Limit one foe put to sleep
|rule|Species Clause: Limit one of each Pokemon
|rule|Moody Clause: Moody is banned
|rule|OHKO Clause: OHKO moves are banned
|rule|Evasion Moves Clause: Evasion moves are banned
|rule|HP Percentage Mod: HP is reported as percentages
|teampreview
|callback|decision
|join|Araviel
|join|gngarop
|
|start
|switch|p1a: Greninja|Greninja, F|286\/286
|switch|p2a: Genesect|Genesect|283\/283
|-boost|p2a: Genesect|atk|1|[from] ability: Download
|turn|1
|callback|decision
|
|switch|p1a: Magnezone|Magnezone|282\/282
|move|p2a: Genesect|U-turn|p1a: Magnezone
|-resisted|p1a: Magnezone
|-damage|p1a: Magnezone|199\/282
|callback|decision
|
|switch|p2a: Rotom-Wash|Rotom-Wash|304\/304
|
|-heal|p1a: Magnezone|216\/282|[from] item: Leftovers
|turn|2
|callback|decision
|
|switch|p1a: Trevenant|Trevenant, M|374\/374
|move|p2a: Rotom-Wash|Hydro Pump|p1a: Trevenant
|-resisted|p1a: Trevenant
|-damage|p1a: Trevenant|313\/374
|
|turn|3
|callback|decision
|
|move|p2a: Rotom-Wash|Volt Switch|p1a: Trevenant
|-resisted|p1a: Trevenant
|-damage|p1a: Trevenant|277\/374
|callback|decision
|
|switch|p2a: Gengar|Gengar, F|261\/261
|move|p1a: Trevenant|Substitute|p1a: Trevenant
|-start|p1a: Trevenant|Substitute
|-damage|p1a: Trevenant|184\/374
|-enditem|p1a: Trevenant|Sitrus Berry|[eat]
|-heal|p1a: Trevenant|277\/374|[from] item: Sitrus Berry
|
|turn|4
|callback|decision
|
|-formechange|p2a: Gengar|Gengar-Mega
|message|Gengar has Mega Evolved into Mega Gengar!
|move|p2a: Gengar|Shadow Ball|p1a: Trevenant
|-supereffective|p1a: Trevenant
|-end|p1a: Trevenant|Substitute
|move|p1a: Trevenant|Leech Seed|p2a: Gengar
|-start|p2a: Gengar|move: Leech Seed
|
|-damage|p2a: Gengar|229\/261|[from] Leech Seed|[of] p1a: Trevenant
|-heal|p1a: Trevenant|309\/374|[silent]
|turn|5
|callback|decision
|
|move|p2a: Gengar|Shadow Ball|p1a: Trevenant
|-supereffective|p1a: Trevenant
|-damage|p1a: Trevenant|9\/374
|-unboost|p1a: Trevenant|spd|1
|move|p1a: Trevenant|Shadow Claw|p2a: Gengar
|-supereffective|p2a: Gengar
|-damage|p2a: Gengar|23\/261
|
|-damage|p2a: Gengar|0 fnt|[from] Leech Seed|[of] p1a: Trevenant
|-heal|p1a: Trevenant|32\/374|[silent]
|-item|p1a: Trevenant|Sitrus Berry|[from] ability: Harvest
|faint|p2a: Gengar
|callback|decision
|
|switch|p2a: Genesect|Genesect|283\/283
|-enditem|p1a: Trevenant|Sitrus Berry|[eat]
|-heal|p1a: Trevenant|125\/374|[from] item: Sitrus Berry
|-boost|p2a: Genesect|atk|1|[from] ability: Download
|turn|6
|callback|decision
|
|switch|p1a: Donphan|Donphan, M|384\/384
|move|p2a: Genesect|Flamethrower|p1a: Donphan
|-damage|p1a: Donphan|250\/384
|
|-heal|p1a: Donphan|274\/384|[from] item: Leftovers
|turn|7
|callback|decision
|
|move|p2a: Genesect|Ice Beam|p1a: Donphan
|-supereffective|p1a: Donphan
|-damage|p1a: Donphan|0 fnt
|faint|p1a: Donphan
|
|callback|decision
|
|switch|p1a: Salamence|Salamence, M|331\/331
|turn|8
|callback|decision
|
|switch|p2a: Azumarill|Azumarill, M|404\/404
|move|p1a: Salamence|Fire Blast|p2a: Azumarill
|-resisted|p2a: Azumarill
|-damage|p2a: Azumarill|343\/404
|
|-heal|p2a: Azumarill|368\/404|[from] item: Leftovers
|turn|9
|callback|decision
|
|switch|p1a: Trevenant|Trevenant, M|125\/374
|move|p2a: Azumarill|Substitute|p2a: Azumarill
|-start|p2a: Azumarill|Substitute
|-damage|p2a: Azumarill|267\/404
|
|-heal|p2a: Azumarill|292\/404|[from] item: Leftovers
|turn|10
|callback|decision
|
|move|p1a: Trevenant|Curse|p2a: Azumarill
|-start|p2a: Azumarill|Curse|[of] p1a: Trevenant
|-damage|p1a: Trevenant|0 fnt
|faint|p1a: Trevenant
|move|p2a: Azumarill|Play Rough|p1: Trevenant|[notarget]
|-notarget
|
|-heal|p2a: Azumarill|317\/404|[from] item: Leftovers
|-damage|p2a: Azumarill|216\/404|[from] Curse
|callback|decision
|
|switch|p1a: Magnezone|Magnezone|216\/282
|turn|11
|callback|decision
|
|-singleturn|p2a: Azumarill|move: Focus Punch
|move|p1a: Magnezone|Substitute|p1a: Magnezone
|-start|p1a: Magnezone|Substitute
|-damage|p1a: Magnezone|146\/282
|move|p2a: Azumarill|Focus Punch|p1a: Magnezone
|-crit|p1a: Magnezone
|-supereffective|p1a: Magnezone
|-end|p1a: Magnezone|Substitute
|
|-heal|p1a: Magnezone|163\/282|[from] item: Leftovers
|-heal|p2a: Azumarill|241\/404|[from] item: Leftovers
|-damage|p2a: Azumarill|140\/404|[from] Curse
|turn|12
|callback|decision
|
|switch|p2a: Rotom-Wash|Rotom-Wash|304\/304
|move|p1a: Magnezone|Substitute|p1a: Magnezone
|-start|p1a: Magnezone|Substitute
|-damage|p1a: Magnezone|93\/282
|
|-heal|p1a: Magnezone|110\/282|[from] item: Leftovers
|turn|13
|callback|decision
|
|move|p1a: Magnezone|Thunderbolt|p2a: Rotom-Wash
|-damage|p2a: Rotom-Wash|142\/304
|move|p2a: Rotom-Wash|Hydro Pump|p1a: Magnezone
|-end|p1a: Magnezone|Substitute
|
|-heal|p1a: Magnezone|127\/282|[from] item: Leftovers
|turn|14
|callback|decision
|
|switch|p2a: Hippowdon|Hippowdon, M|420\/420
|-weather|Sandstorm
|move|p1a: Magnezone|Thunderbolt|p2a: Hippowdon
|-immune|p2a: Hippowdon|[msg]
|
|-weather|Sandstorm|[upkeep]
|-heal|p1a: Magnezone|144\/282|[from] item: Leftovers
|turn|15
|callback|decision
|
|switch|p1a: Greninja|Greninja, F|286\/286
|move|p2a: Hippowdon|Earthquake|p1a: Greninja
|-damage|p1a: Greninja|102\/286
|
|-weather|Sandstorm|[upkeep]
|-damage|p1a: Greninja|85\/286|[from] sandstorm
|turn|16
|callback|decision
|
|switch|p2a: Mandibuzz|Mandibuzz, F|423\/423
|move|p1a: Greninja|Surf|p2a: Mandibuzz
|-damage|p2a: Mandibuzz|238\/423
|-damage|p1a: Greninja|57\/286|[from] item: Life Orb
|
|-weather|Sandstorm|[upkeep]
|-damage|p1a: Greninja|40\/286|[from] sandstorm
|-heal|p2a: Mandibuzz|264\/423|[from] item: Leftovers
|turn|17
|callback|decision
|
|move|p1a: Greninja|Ice Beam|p2a: Mandibuzz
|-crit|p2a: Mandibuzz
|-supereffective|p2a: Mandibuzz
|-damage|p2a: Mandibuzz|0 fnt
|-damage|p1a: Greninja|12\/286|[from] item: Life Orb
|faint|p2a: Mandibuzz
|
|-weather|Sandstorm|[upkeep]
|-damage|p1a: Greninja|0 fnt|[from] sandstorm
|faint|p1a: Greninja
|callback|decision
|
|switch|p1a: Salamence|Salamence, M|331\/331
|switch|p2a: Hippowdon|Hippowdon, M|420\/420
|turn|18
|callback|decision
|
|move|p1a: Salamence|Fire Blast|p2a: Hippowdon
|-damage|p2a: Hippowdon|302\/420
|move|p2a: Hippowdon|Stealth Rock|p1a: Salamence
|-sidestart|p1: yutaoguro|move: Stealth Rock
|
|-weather|none
|-heal|p2a: Hippowdon|328\/420|[from] item: Leftovers
|turn|19
|callback|decision
|
|move|p1a: Salamence|Fire Blast|p2a: Hippowdon
|-damage|p2a: Hippowdon|202\/420
|move|p2a: Hippowdon|Slack Off|p2a: Hippowdon
|-heal|p2a: Hippowdon|412\/420
|
|-heal|p2a: Hippowdon|420\/420|[from] item: Leftovers
|turn|20
|callback|decision
|
|move|p1a: Salamence|Fire Blast|p2a: Hippowdon
|-damage|p2a: Hippowdon|287\/420
|move|p2a: Hippowdon|Whirlwind|p1a: Salamence
|drag|p1a: Magnezone|Magnezone|144\/282
|-damage|p1a: Magnezone|127\/282|[from] Stealth Rock
|
|-heal|p1a: Magnezone|144\/282|[from] item: Leftovers
|-heal|p2a: Hippowdon|313\/420|[from] item: Leftovers
|turn|21
|callback|decision
|
|switch|p2a: Genesect|Genesect|283\/283
|-boost|p2a: Genesect|spa|1|[from] ability: Download
|move|p1a: Magnezone|Hidden Power|p2a: Genesect
|-supereffective|p2a: Genesect
|-damage|p2a: Genesect|0 fnt
|faint|p2a: Genesect
|
|-heal|p1a: Magnezone|161\/282|[from] item: Leftovers
|callback|decision
|
|switch|p2a: Azumarill|Azumarill, M|140\/404
|turn|22
|callback|decision
|
|move|p2a: Azumarill|Aqua Jet|p1a: Magnezone
|-damage|p1a: Magnezone|86\/282
|move|p1a: Magnezone|Thunderbolt|p2a: Azumarill
|-supereffective|p2a: Azumarill
|-damage|p2a: Azumarill|0 fnt
|faint|p2a: Azumarill
|
|-heal|p1a: Magnezone|103\/282|[from] item: Leftovers
|callback|decision
|
|switch|p2a: Hippowdon|Hippowdon, M|313\/420
|-weather|Sandstorm
|turn|23
|callback|decision
|
|switch|p1a: Salamence|Salamence, M|331\/331
|-damage|p1a: Salamence|249\/331|[from] Stealth Rock
|move|p2a: Hippowdon|Slack Off|p2a: Hippowdon
|-heal|p2a: Hippowdon|420\/420
|
|-weather|Sandstorm|[upkeep]
|-damage|p1a: Salamence|229\/331|[from] sandstorm
|turn|24
|callback|decision
|
|move|p1a: Salamence|Draco Meteor|p2a: Hippowdon
|-damage|p2a: Hippowdon|197\/420
|-unboost|p1a: Salamence|spa|2
|move|p2a: Hippowdon|Whirlwind|p1a: Salamence
|drag|p1a: Magnezone|Magnezone|103\/282
|-damage|p1a: Magnezone|86\/282|[from] Stealth Rock
|
|-weather|Sandstorm|[upkeep]
|-heal|p1a: Magnezone|103\/282|[from] item: Leftovers
|-heal|p2a: Hippowdon|223\/420|[from] item: Leftovers
|turn|25
|callback|decision
|
|move|p1a: Magnezone|Hidden Power|p2a: Hippowdon
|-damage|p2a: Hippowdon|127\/420
|move|p2a: Hippowdon|Slack Off|p2a: Hippowdon
|-heal|p2a: Hippowdon|337\/420
|
|-weather|Sandstorm|[upkeep]
|-heal|p1a: Magnezone|120\/282|[from] item: Leftovers
|-heal|p2a: Hippowdon|363\/420|[from] item: Leftovers
|turn|26
|callback|decision
|
|move|p1a: Magnezone|Hidden Power|p2a: Hippowdon
|-damage|p2a: Hippowdon|267\/420
|move|p2a: Hippowdon|Earthquake|p1a: Magnezone
|-supereffective|p1a: Magnezone
|-damage|p1a: Magnezone|0 fnt
|faint|p1a: Magnezone
|
|-weather|Sandstorm|[upkeep]
|-heal|p2a: Hippowdon|293\/420|[from] item: Leftovers
|callback|decision
|
|switch|p1a: Talonflame|Talonflame, F|328\/328
|-damage|p1a: Talonflame|164\/328|[from] Stealth Rock
|turn|27
|callback|decision
|
|move|p1a: Talonflame|Roost|p1a: Talonflame
|-heal|p1a: Talonflame|328\/328
|move|p2a: Hippowdon|Slack Off|p2a: Hippowdon
|-heal|p2a: Hippowdon|420\/420
|
|-weather|none
|turn|28
|callback|decision
|
|move|p1a: Talonflame|Acrobatics|p2a: Hippowdon
|-enditem|p1a: Talonflame|Flying Gem|[from] gem|[move] Acrobatics
|-damage|p2a: Hippowdon|278\/420
|move|p2a: Hippowdon|Whirlwind|p1a: Talonflame
|drag|p1a: Salamence|Salamence, M|229\/331
|-damage|p1a: Salamence|147\/331|[from] Stealth Rock
|
|-heal|p2a: Hippowdon|304\/420|[from] item: Leftovers
|turn|29
|callback|decision
|
|move|p1a: Salamence|Draco Meteor|p2a: Hippowdon
|-damage|p2a: Hippowdon|81\/420
|-unboost|p1a: Salamence|spa|2
|move|p2a: Hippowdon|Slack Off|p2a: Hippowdon
|-heal|p2a: Hippowdon|291\/420
|
|-heal|p2a: Hippowdon|317\/420|[from] item: Leftovers
|turn|30
|callback|decision
|
|move|p1a: Salamence|Draco Meteor|p2a: Hippowdon|[miss]
|-miss|p1a: Salamence|p2a: Hippowdon
|move|p2a: Hippowdon|Slack Off|p2a: Hippowdon
|-heal|p2a: Hippowdon|420\/420
|
|turn|31
|callback|decision
|
|move|p1a: Salamence|Draco Meteor|p2a: Hippowdon
|-damage|p2a: Hippowdon|317\/420
|-unboost|p1a: Salamence|spa|2
|move|p2a: Hippowdon|Whirlwind|p1a: Salamence
|drag|p1a: Talonflame|Talonflame, F|328\/328
|-damage|p1a: Talonflame|164\/328|[from] Stealth Rock
|
|-heal|p2a: Hippowdon|343\/420|[from] item: Leftovers
|turn|32
|callback|decision
|
|move|p1a: Talonflame|Roost|p1a: Talonflame
|-heal|p1a: Talonflame|328\/328
|move|p2a: Hippowdon|Whirlwind|p1a: Talonflame
|drag|p1a: Salamence|Salamence, M|147\/331
|-damage|p1a: Salamence|65\/331|[from] Stealth Rock
|
|-heal|p2a: Hippowdon|369\/420|[from] item: Leftovers
|turn|33
|callback|decision
|
|move|p1a: Salamence|Dragon Claw|p2a: Hippowdon
|-damage|p2a: Hippowdon|269\/420
|move|p2a: Hippowdon|Slack Off|p2a: Hippowdon
|-heal|p2a: Hippowdon|420\/420
|
|turn|34
|callback|decision
|
|move|p1a: Salamence|Dragon Claw|p2a: Hippowdon
|-damage|p2a: Hippowdon|330\/420
|move|p2a: Hippowdon|Whirlwind|p1a: Salamence
|drag|p1a: Talonflame|Talonflame, F|328\/328
|-damage|p1a: Talonflame|164\/328|[from] Stealth Rock
|
|-heal|p2a: Hippowdon|356\/420|[from] item: Leftovers
|turn|35
|callback|decision
|
|move|p1a: Talonflame|Roost|p1a: Talonflame
|-heal|p1a: Talonflame|328\/328
|move|p2a: Hippowdon|Earthquake|p1a: Talonflame
|-supereffective|p1a: Talonflame
|-damage|p1a: Talonflame|0 fnt
|faint|p1a: Talonflame
|
|-heal|p2a: Hippowdon|382\/420|[from] item: Leftovers
|callback|decision
|-message|yutaoguro forfeited.
|
|win|K4rpman
|raw|Ladder updating...
|leave|yutaoguro
|player|p1
|raw|yutaoguro's rating: 1556 &rarr; <strong>1545<\/strong><br \/>(-11 for losing)
|raw|K4rpman's rating: 1824 &rarr; <strong>1835<\/strong><br \/>(+11 for winning)