|join|K4rpman
|join|tru
|player|p1|K4rpman|266
|player|p2|tru|138
|gametype|singles
|tier|Pokebank OU (beta)
|rated
|clearpoke
|poke|p1|Medicham, M
|poke|p1|Galvantula, M
|poke|p1|Dragonite, F
|poke|p1|Excadrill, M
|poke|p1|Keldeo
|poke|p1|Tyranitar, M
|poke|p2|Jirachi, shiny
|poke|p2|Garchomp, F
|poke|p2|Latias, F
|poke|p2|Landorus-Therian, M
|poke|p2|Keldeo
|poke|p2|Tyranitar, M
|rule|Sleep Clause Mod: Limit one foe put to sleep
|rule|Species Clause: Limit one of each Pokemon
|rule|Moody Clause: Moody is banned
|rule|OHKO Clause: OHKO moves are banned
|rule|Evasion Moves Clause: Evasion moves are banned
|rule|HP Percentage Mod: HP is reported as percentages
|teampreview
|callback|decision
|
|start
|switch|p1a: Galvantula|Galvantula, M|281\/281
|switch|p2a: Landorus-Therian|Landorus-Therian, M|322\/322
|-ability|p2a: Landorus-Therian|Intimidate|[of] p1a: Galvantula
|-unboost|p1a: Galvantula|atk|1
|turn|1
|callback|decision
|
|switch|p2a: Tyranitar|Tyranitar, M|386\/386
|-weather|Sandstorm
|move|p1a: Galvantula|Sticky Web|p2a: Tyranitar
|-sidestart|p2: tru|move: Sticky Web
|
|-weather|Sandstorm|[upkeep]
|-damage|p1a: Galvantula|264\/281|[from] sandstorm
|turn|2
|callback|decision
|
|move|p1a: Galvantula|Bug Buzz|p2a: Tyranitar
|-supereffective|p2a: Tyranitar
|-damage|p2a: Tyranitar|194\/386
|move|p2a: Tyranitar|Stone Edge|p1a: Galvantula
|-supereffective|p1a: Galvantula
|-damage|p1a: Galvantula|0 fnt
|faint|p1a: Galvantula
|
|-weather|Sandstorm|[upkeep]
|callback|decision
|
|switch|p1a: Medicham|Medicham, M|261\/261
|turn|3
|callback|decision
|
|-formechange|p1a: Medicham|Medicham-Mega
|message|Medicham has Mega Evolved into Mega Medicham!
|move|p1a: Medicham|Ice Punch|p2a: Tyranitar
|-damage|p2a: Tyranitar|46\/386
|move|p2a: Tyranitar|Stone Edge|p1a: Medicham
|-resisted|p1a: Medicham
|-damage|p1a: Medicham|93\/261
|
|-weather|Sandstorm|[upkeep]
|-damage|p1a: Medicham|77\/261|[from] sandstorm
|turn|4
|callback|decision
|
|move|p1a: Medicham|Ice Punch|p2a: Tyranitar
|-crit|p2a: Tyranitar
|-damage|p2a: Tyranitar|0 fnt
|faint|p2a: Tyranitar
|
|-weather|Sandstorm|[upkeep]
|-damage|p1a: Medicham|61\/261|[from] sandstorm
|callback|decision
|
|switch|p2a: Keldeo|Keldeo|323\/323
|-activate|p2a: Keldeo|move: Sticky Web
|-unboost|p2a: Keldeo|spe|1
|turn|5
|callback|decision
|
|move|p2a: Keldeo|Secret Sword|p1a: Medicham
|-resisted|p1a: Medicham
|-damage|p1a: Medicham|0 fnt
|faint|p1a: Medicham
|
|-weather|none
|callback|decision
|
|switch|p1a: Dragonite|Dragonite, F|323\/323
|turn|6
|callback|decision
|
|move|p2a: Keldeo|Secret Sword|p1a: Dragonite
|-resisted|p1a: Dragonite
|-damage|p1a: Dragonite|281\/323
|move|p1a: Dragonite|Dragon Dance|p1a: Dragonite
|-boost|p1a: Dragonite|atk|1
|-boost|p1a: Dragonite|spe|1
|
|turn|7
|callback|decision
|
|switch|p2a: Landorus-Therian|Landorus-Therian, M|322\/322
|-ability|p2a: Landorus-Therian|Intimidate|[of] p1a: Dragonite
|-unboost|p1a: Dragonite|atk|1
|move|p1a: Dragonite|Dragon Dance|p1a: Dragonite
|-boost|p1a: Dragonite|atk|1
|-boost|p1a: Dragonite|spe|1
|
|turn|8
|callback|decision
|
|move|p1a: Dragonite|Outrage|p2a: Landorus-Therian
|-damage|p2a: Landorus-Therian|0 fnt
|faint|p2a: Landorus-Therian
|
|callback|decision
|
|switch|p2a: Jirachi|Jirachi, shiny|397\/397
|-activate|p2a: Jirachi|move: Sticky Web
|-unboost|p2a: Jirachi|spe|1
|turn|9
|callback|decision
|
|move|p1a: Dragonite|Outrage|p2a: Jirachi
|-resisted|p2a: Jirachi
|-damage|p2a: Jirachi|215\/397
|move|p2a: Jirachi|Psychic|p1a: Dragonite
|-damage|p1a: Dragonite|143\/323
|
|-end|p1a: Dragonite|rampage
|-start|p1a: Dragonite|confusion
|-heal|p2a: Jirachi|239\/397|[from] item: Leftovers
|-enditem|p1a: Dragonite|Lum Berry|[eat]
|-end|p1a: Dragonite|confusion
|turn|10
|callback|decision
|
|move|p1a: Dragonite|Earthquake|p2a: Jirachi
|-supereffective|p2a: Jirachi
|-damage|p2a: Jirachi|0 fnt
|faint|p2a: Jirachi
|
|callback|decision
|
|switch|p2a: Garchomp|Garchomp, F|358\/358
|-activate|p2a: Garchomp|move: Sticky Web
|-unboost|p2a: Garchomp|spe|1
|turn|11
|callback|decision
|
|move|p1a: Dragonite|Outrage|p2a: Garchomp
|-supereffective|p2a: Garchomp
|-enditem|p2a: Garchomp|Focus Sash
|-damage|p2a: Garchomp|1\/358
|-damage|p1a: Dragonite|103\/323|[from] ability: Rough Skin|[of] p2a: Garchomp
|move|p2a: Garchomp|Outrage|p1a: Dragonite
|-supereffective|p1a: Dragonite
|-damage|p1a: Dragonite|0 fnt
|faint|p1a: Dragonite
|
|callback|decision
|
|switch|p1a: Keldeo|Keldeo|323\/323
|turn|12
|callback|decision
|
|move|p1a: Keldeo|Icy Wind|p2a: Garchomp
|-supereffective|p2a: Garchomp
|-damage|p2a: Garchomp|0 fnt
|faint|p2a: Garchomp
|
|callback|decision
|
|switch|p2a: Latias|Latias, F|364\/364
|turn|13
|callback|decision
|
|switch|p2a: Keldeo|Keldeo|323\/323
|-activate|p2a: Keldeo|move: Sticky Web
|-unboost|p2a: Keldeo|spe|1
|move|p1a: Keldeo|Icy Wind|p2a: Keldeo
|-crit|p2a: Keldeo
|-resisted|p2a: Keldeo
|-damage|p2a: Keldeo|271\/323
|-unboost|p2a: Keldeo|spe|1
|
|turn|14
|callback|decision
|
|move|p1a: Keldeo|Secret Sword|p2a: Keldeo
|-damage|p2a: Keldeo|114\/323
|move|p2a: Keldeo|Secret Sword|p1a: Keldeo
|-damage|p1a: Keldeo|169\/323
|
|turn|15
|callback|decision
|
|switch|p2a: Latias|Latias, F|364\/364
|move|p1a: Keldeo|Secret Sword|p2a: Latias
|-resisted|p2a: Latias
|-damage|p2a: Latias|292\/364
|
|-heal|p2a: Latias|314\/364|[from] item: Leftovers
|turn|16
|callback|decision
|
|move|p1a: Keldeo|Icy Wind|p2a: Latias
|-miss|p1a: Keldeo|p2a: Latias
|move|p2a: Latias|Dragon Pulse|p1a: Keldeo
|-damage|p1a: Keldeo|49\/323
|
|-heal|p2a: Latias|336\/364|[from] item: Leftovers
|turn|17
|callback|decision
|
|move|p1a: Keldeo|Icy Wind|p2a: Latias
|-supereffective|p2a: Latias
|-damage|p2a: Latias|235\/364
|-unboost|p2a: Latias|spe|1
|move|p2a: Latias|Dragon Pulse|p1a: Keldeo
|-damage|p1a: Keldeo|0 fnt
|faint|p1a: Keldeo
|
|-heal|p2a: Latias|257\/364|[from] item: Leftovers
|callback|decision
|
|switch|p1a: Tyranitar|Tyranitar, M|341\/341
|-weather|Sandstorm
|turn|18
|callback|decision
|
|move|p1a: Tyranitar|Crunch|p2a: Latias
|-supereffective|p2a: Latias
|-damage|p2a: Latias|0 fnt
|faint|p2a: Latias
|
|-weather|Sandstorm|[upkeep]
|callback|decision
|
|switch|p2a: Keldeo|Keldeo|114\/323
|-activate|p2a: Keldeo|move: Sticky Web
|-unboost|p2a: Keldeo|spe|1
|turn|19
|callback|decision
|
|move|p1a: Tyranitar|Crunch|p2a: Keldeo
|-resisted|p2a: Keldeo
|-damage|p2a: Keldeo|41\/323
|-boost|p2a: Keldeo|atk|1|[from] ability: Justified
|-unboost|p2a: Keldeo|def|1
|move|p2a: Keldeo|Secret Sword|p1a: Tyranitar
|-supereffective|p1a: Tyranitar
|-damage|p1a: Tyranitar|0 fnt
|faint|p1a: Tyranitar
|
|-weather|Sandstorm|[upkeep]
|-damage|p2a: Keldeo|21\/323|[from] sandstorm
|callback|decision
|
|switch|p1a: Excadrill|Excadrill, M|400\/400
|-ability|p1a: Excadrill|Mold Breaker
|turn|20
|callback|decision
|
|move|p2a: Keldeo|Secret Sword|p1a: Excadrill
|-supereffective|p1a: Excadrill
|-damage|p1a: Excadrill|0 fnt
|faint|p1a: Excadrill
|
|win|tru
|raw|Ladder updating...
|leave|K4rpman
|player|p1
|raw|K4rpman's rating: 2060 &rarr; <strong>2055<\/strong><br \/>(-5 for losing)
|raw|tru's rating: 1944 &rarr; <strong>1955<\/strong><br \/>(+11 for winning)