|join|beancount
|join|Landorus
|player|p1|beancount|101
|player|p2|Landorus|98
|gametype|singles
|gen|6
|tier|OU
|clearpoke
|poke|p1|Lopunny, F
|poke|p1|Azumarill, M
|poke|p1|Latias, F
|poke|p1|Rotom-Wash
|poke|p1|Heatran, M
|poke|p1|Mew
|poke|p2|Gallade, M
|poke|p2|Keldeo
|poke|p2|Azumarill, M
|poke|p2|Ferrothorn, M
|poke|p2|Slowbro, M
|poke|p2|Mew
|rule|Swagger Clause: Swagger is banned
|rule|Baton Pass Clause: Limit one PokÃ©mon knowing Baton Pass
|rule|Sleep Clause Mod: Limit one foe put to sleep
|rule|Species Clause: Limit one of each PokÃ©mon
|rule|OHKO Clause: OHKO moves are banned
|rule|Moody Clause: Moody is banned
|rule|Evasion Moves Clause: Evasion moves are banned
|rule|Endless Battle Clause: Forcing endless battles is banned
|rule|HP Percentage Mod: HP is shown in percentages
|teampreview
|
|start
|switch|p1a: Heatran|Heatran, M|323\/323
|switch|p2a: Ferrothorn|Ferrothorn, M|352\/352
|-item|p1a: Heatran|Air Balloon
|turn|1
|
|move|p1a: Heatran|Lava Plume|p2a: Ferrothorn
|-supereffective|p2a: Ferrothorn
|-damage|p2a: Ferrothorn|0 fnt
|faint|p2a: Ferrothorn
|
|
|switch|p2a: Keldeo|Keldeo|323\/323
|turn|2
|
|switch|p1a: Latias|Latias, F|364\/364
|move|p2a: Keldeo|Scald|p1a: Latias
|-resisted|p1a: Latias
|-damage|p1a: Latias|307\/364
|
|-heal|p1a: Latias|329\/364|[from] item: Leftovers
|turn|3
|
|switch|p2a: Mew|Mew|404\/404
|move|p1a: Latias|Whirlpool|p2a: Mew|[miss]
|-miss|p1a: Latias|p2a: Mew
|
|-heal|p1a: Latias|351\/364|[from] item: Leftovers
|turn|4
|
|switch|p1a: Heatran|Heatran, M|323\/323
|-item|p1a: Heatran|Air Balloon
|move|p2a: Mew|Taunt|p1a: Heatran
|-start|p1a: Heatran|move: Taunt
|
|turn|5
|
|move|p2a: Mew|Knock Off|p1a: Heatran
|-damage|p1a: Heatran|251\/323
|-enditem|p1a: Heatran|Air Balloon
|move|p1a: Heatran|Lava Plume|p2a: Mew
|-damage|p2a: Mew|295\/404
|
|-heal|p2a: Mew|320\/404|[from] item: Leftovers
|turn|6
|
|switch|p2a: Slowbro|Slowbro, M|394\/394
|move|p1a: Heatran|Flash Cannon|p2a: Slowbro
|-crit|p2a: Slowbro
|-resisted|p2a: Slowbro
|-damage|p2a: Slowbro|270\/394
|
|-heal|p2a: Slowbro|294\/394|[from] item: Leftovers
|turn|7
|
|switch|p1a: Rotom-Wash|Rotom-Wash|304\/304
|move|p2a: Slowbro|Scald|p1a: Rotom-Wash
|-resisted|p1a: Rotom-Wash
|-damage|p1a: Rotom-Wash|260\/304
|-status|p1a: Rotom-Wash|brn
|
|-heal|p1a: Rotom-Wash|279\/304 brn|[from] item: Leftovers
|-heal|p2a: Slowbro|318\/394|[from] item: Leftovers
|-damage|p1a: Rotom-Wash|241\/304 brn|[from] brn
|turn|8
|
|switch|p2a: Mew|Mew|320\/404
|move|p1a: Rotom-Wash|Volt Switch|p2a: Mew
|-damage|p2a: Mew|245\/404
|join|Druides
beancount turned on modjoin.
|raw|<div class="broadcast-red"><b>Moderated chat was set to +!<\/b><br \/>Only users of rank + and higher can talk.<\/div>
beancount made this room hidden.
|
|switch|p1a: Heatran|Heatran, M|251\/323
|
|-heal|p2a: Mew|270\/404|[from] item: Leftovers
|turn|9
|
|move|p2a: Mew|Taunt|p1a: Heatran
|-start|p1a: Heatran|move: Taunt
|move|p1a: Heatran|Lava Plume|p2a: Mew
|-damage|p2a: Mew|146\/404
|-status|p2a: Mew|brn
|
|-heal|p2a: Mew|171\/404 brn|[from] item: Leftovers
|-damage|p2a: Mew|121\/404 brn|[from] brn
|turn|10
|
|move|p2a: Mew|Knock Off|p1a: Heatran
|-damage|p1a: Heatran|225\/323
|move|p1a: Heatran|Lava Plume|p2a: Mew
|-damage|p2a: Mew|6\/404 brn
|
|-heal|p2a: Mew|31\/404 brn|[from] item: Leftovers
|-damage|p2a: Mew|0 fnt|[from] brn
|faint|p2a: Mew
|
|switch|p2a: Azumarill|Azumarill, M|342\/342
|turn|11
|
|switch|p1a: Rotom-Wash|Rotom-Wash|241\/304 brn
|move|p2a: Azumarill|Belly Drum|p2a: Azumarill
|-damage|p2a: Azumarill|171\/342
|-setboost|p2a: Azumarill|atk|6|[from] move: Belly Drum
|-enditem|p2a: Azumarill|Sitrus Berry|[eat]
|-heal|p2a: Azumarill|256\/342|[from] item: Sitrus Berry
|
|-heal|p1a: Rotom-Wash|260\/304 brn|[from] item: Leftovers
|-damage|p1a: Rotom-Wash|222\/304 brn|[from] brn
|turn|12
|
|move|p1a: Rotom-Wash|Volt Switch|p2a: Azumarill
|-supereffective|p2a: Azumarill
|-damage|p2a: Azumarill|40\/342
|
|switch|p1a: Heatran|Heatran, M|225\/323
|move|p2a: Azumarill|Play Rough|p1a: Heatran
|-resisted|p1a: Heatran
|-damage|p1a: Heatran|44\/323
|
|turn|13
|
|move|p2a: Azumarill|Aqua Jet|p1a: Heatran
|-supereffective|p1a: Heatran
|-damage|p1a: Heatran|0 fnt
|faint|p1a: Heatran
|
|
|switch|p1a: Rotom-Wash|Rotom-Wash|222\/304 brn
|turn|14
|
|move|p2a: Azumarill|Aqua Jet|p1a: Rotom-Wash
|-resisted|p1a: Rotom-Wash
|-damage|p1a: Rotom-Wash|111\/304 brn
|move|p1a: Rotom-Wash|Volt Switch|p2a: Azumarill
|-supereffective|p2a: Azumarill
|-damage|p2a: Azumarill|0 fnt
|faint|p2a: Azumarill
|
|switch|p1a: Latias|Latias, F|351\/364
|
|-heal|p1a: Latias|364\/364|[from] item: Leftovers
|
|switch|p2a: Gallade|Gallade, M|277\/277
|turn|15
|
|detailschange|p2a: Gallade|Gallade-Mega, M
|-mega|p2a: Gallade|Gallade|Galladite
|move|p2a: Gallade|Swords Dance|p2a: Gallade
|-boost|p2a: Gallade|atk|2
|move|p1a: Latias|Reflect Type|p2a: Gallade
|-start|p1a: Latias|typechange|[from] move: Reflect Type|[of] p2a: Gallade
|
|turn|16
|
|move|p2a: Gallade|Zen Headbutt|p1a: Latias
|-damage|p1a: Latias|103\/364
|move|p1a: Latias|Psywave|p2a: Gallade
|-damage|p2a: Gallade|203\/277
|
|-heal|p1a: Latias|125\/364|[from] item: Leftovers
|turn|17
|
|move|p2a: Gallade|Zen Headbutt|p1a: Latias
|-damage|p1a: Latias|0 fnt
|faint|p1a: Latias
|
|c|âLandorus|inb4 no fake out
|
|switch|p1a: Mew|Mew|341\/341
|turn|18
|
|move|p1a: Mew|Psyshock|p2a: Gallade
|-damage|p2a: Gallade|79\/277
|move|p2a: Gallade|Knock Off|p1a: Mew
|-supereffective|p1a: Mew
|-damage|p1a: Mew|0 fnt
|-enditem|p1a: Mew|Choice Scarf|[from] move: Knock Off|[of] p2a: Gallade
|faint|p1a: Mew
|
|
|switch|p1a: Azumarill|Azumarill, M|358\/358
|turn|19
|
|move|p1a: Azumarill|Aqua Jet|p2a: Gallade
|-damage|p2a: Gallade|0 fnt
|faint|p2a: Gallade
|
|
|switch|p2a: Keldeo|Keldeo|323\/323
|turn|20
|
|move|p2a: Keldeo|Substitute|p2a: Keldeo
|-start|p2a: Keldeo|Substitute
|-damage|p2a: Keldeo|243\/323
|move|p1a: Azumarill|Play Rough|p2a: Keldeo
|-supereffective|p2a: Keldeo
|-end|p2a: Keldeo|Substitute
|
|-heal|p2a: Keldeo|263\/323|[from] item: Leftovers
|turn|21
|
|switch|p2a: Slowbro|Slowbro, M|394\/394
|move|p1a: Azumarill|Play Rough|p2a: Slowbro|[miss]
|-miss|p1a: Azumarill|p2a: Slowbro
|
|turn|22
|
|switch|p1a: Rotom-Wash|Rotom-Wash|111\/304 brn
|move|p2a: Slowbro|Psyshock|p1a: Rotom-Wash
|-damage|p1a: Rotom-Wash|35\/304 brn
|
|-heal|p1a: Rotom-Wash|54\/304 brn|[from] item: Leftovers
|-damage|p1a: Rotom-Wash|16\/304 brn|[from] brn
|turn|23
|
|switch|p2a: Keldeo|Keldeo|263\/323
|move|p1a: Rotom-Wash|Pain Split|p2a: Keldeo
|-sethp|p2a: Keldeo|139\/323|p1a: Rotom-Wash|139\/304 brn|[from] move: Pain Split
|
|-heal|p2a: Keldeo|159\/323|[from] item: Leftovers
|-heal|p1a: Rotom-Wash|158\/304 brn|[from] item: Leftovers
|-damage|p1a: Rotom-Wash|120\/304 brn|[from] brn
|turn|24
|
|move|p2a: Keldeo|Substitute|p2a: Keldeo
|-start|p2a: Keldeo|Substitute
|-damage|p2a: Keldeo|79\/323
|move|p1a: Rotom-Wash|Volt Switch|p2a: Keldeo
|-supereffective|p2a: Keldeo
|-end|p2a: Keldeo|Substitute
|c|âbeancount|lol
|
|switch|p1a: Azumarill|Azumarill, M|358\/358
|
|-heal|p2a: Keldeo|99\/323|[from] item: Leftovers
|turn|25
|
|switch|p2a: Slowbro|Slowbro, M|394\/394
|move|p1a: Azumarill|Play Rough|p2a: Slowbro
|-damage|p2a: Slowbro|268\/394
|-unboost|p2a: Slowbro|atk|1
|
|-heal|p2a: Slowbro|292\/394|[from] item: Leftovers
|turn|26
|
|switch|p1a: Rotom-Wash|Rotom-Wash|120\/304 brn
|move|p2a: Slowbro|Toxic|p1a: Rotom-Wash
|-fail|p1a: Rotom-Wash
|
|-heal|p1a: Rotom-Wash|139\/304 brn|[from] item: Leftovers
|-heal|p2a: Slowbro|316\/394|[from] item: Leftovers
|-damage|p1a: Rotom-Wash|101\/304 brn|[from] brn
|turn|27
|
|move|p1a: Rotom-Wash|Volt Switch|p2a: Slowbro
|-supereffective|p2a: Slowbro
|-damage|p2a: Slowbro|92\/394
|c|âLandorus|psyshock
|
|switch|p1a: Azumarill|Azumarill, M|358\/358
|move|p2a: Slowbro|Slack Off|p2a: Slowbro
|-heal|p2a: Slowbro|289\/394
|
|-heal|p2a: Slowbro|313\/394|[from] item: Leftovers
|turn|28
|
|move|p1a: Azumarill|Belly Drum|p1a: Azumarill
|-damage|p1a: Azumarill|179\/358
|-setboost|p1a: Azumarill|atk|6|[from] move: Belly Drum
|-enditem|p1a: Azumarill|Sitrus Berry|[eat]
|-heal|p1a: Azumarill|268\/358|[from] item: Sitrus Berry
|move|p2a: Slowbro|Psyshock|p1a: Azumarill
|-damage|p1a: Azumarill|159\/358
|
|-heal|p2a: Slowbro|337\/394|[from] item: Leftovers
|turn|29
|
|move|p1a: Azumarill|Knock Off|p2a: Slowbro
|-supereffective|p2a: Slowbro
|-damage|p2a: Slowbro|0 fnt
|-enditem|p2a: Slowbro|Leftovers|[from] move: Knock Off|[of] p1a: Azumarill
|faint|p2a: Slowbro
|
|
|switch|p2a: Keldeo|Keldeo|99\/323
|turn|30
|
|move|p1a: Azumarill|Aqua Jet|p2a: Keldeo
|-resisted|p2a: Keldeo
|-damage|p2a: Keldeo|0 fnt
|faint|p2a: Keldeo
|
|win|beancount
|leave|Landorus
|player|p2