|join|beancount
|join|Kuraineko2
|player|p1|beancount|2
|player|p2|Kuraineko2|260
|gametype|singles
|gen|6
|tier|OU
|rated
|clearpoke
|poke|p1|Clefable, F
|poke|p1|Gengar, F
|poke|p1|Azumarill, F
|poke|p1|Rotom-Wash
|poke|p1|Scizor, F
|poke|p1|Kyurem-Black
|poke|p2|Landorus, M
|poke|p2|Rotom-Wash
|poke|p2|Latias, F
|poke|p2|Heatran, M
|poke|p2|Lopunny, M
|poke|p2|Keldeo
|rule|Swagger Clause: Swagger is banned
|rule|Baton Pass Clause: Limit one PokÃ©mon knowing Baton Pass
|rule|Sleep Clause Mod: Limit one foe put to sleep
|rule|Species Clause: Limit one of each PokÃ©mon
|rule|OHKO Clause: OHKO moves are banned
|rule|Moody Clause: Moody is banned
|rule|Evasion Moves Clause: Evasion moves are banned
|rule|Endless Battle Clause: Forcing endless battles is banned
|rule|HP Percentage Mod: HP is shown in percentages
|teampreview
|
|start
|switch|p1a: Kyurem-Black|Kyurem-Black|391\/391
|switch|p2a: Latias|Latias, F|301\/301
|-ability|p1a: Kyurem-Black|Teravolt
|turn|1
|
|switch|p2a: Rotom-Wash|Rotom-Wash|304\/304
|switch|p1a: Clefable|Clefable, F|394\/394
|
|turn|2
|
|move|p2a: Rotom-Wash|Thunder Wave|p1a: Clefable
|-status|p1a: Clefable|par
|move|p1a: Clefable|Wish|p1a: Clefable
|
|turn|3
|
|switch|p1a: Kyurem-Black|Kyurem-Black|391\/391
|-ability|p1a: Kyurem-Black|Teravolt
|move|p2a: Rotom-Wash|Volt Switch|p1a: Kyurem-Black
|-resisted|p1a: Kyurem-Black
|-damage|p1a: Kyurem-Black|343\/391
|
|switch|p2a: Keldeo|Keldeo|323\/323
|
|-heal|p1a: Kyurem-Black|391\/391|[from] move: Wish|[wisher] Clefable
|turn|4
|
|switch|p1a: Azumarill|Azumarill, F|403\/403
|move|p2a: Keldeo|Secret Sword|p1a: Azumarill
|-resisted|p1a: Azumarill
|-damage|p1a: Azumarill|305\/403
|
|turn|5
|
|switch|p2a: Rotom-Wash|Rotom-Wash|304\/304
|move|p1a: Azumarill|Play Rough|p2a: Rotom-Wash
|-damage|p2a: Rotom-Wash|174\/304
|
|-heal|p2a: Rotom-Wash|193\/304|[from] item: Leftovers
|turn|6
|
|switch|p1a: Rotom-Wash|Rotom-Wash|304\/304
|move|p2a: Rotom-Wash|Thunder Wave|p1a: Rotom-Wash
|-fail|p1a: Rotom-Wash
|
|-heal|p2a: Rotom-Wash|212\/304|[from] item: Leftovers
|turn|7
|
|move|p1a: Rotom-Wash|Will-O-Wisp|p2a: Rotom-Wash
|-status|p2a: Rotom-Wash|brn
|move|p2a: Rotom-Wash|Pain Split|p1a: Rotom-Wash
|-sethp|p1a: Rotom-Wash|258\/304|p2a: Rotom-Wash|258\/304 brn|[from] move: Pain Split
|
|-heal|p1a: Rotom-Wash|277\/304|[from] item: Leftovers
|-heal|p2a: Rotom-Wash|277\/304 brn|[from] item: Leftovers
|-damage|p2a: Rotom-Wash|239\/304 brn|[from] brn
|turn|8
|
|move|p1a: Rotom-Wash|Volt Switch|p2a: Rotom-Wash
|-damage|p2a: Rotom-Wash|158\/304 brn
|
|switch|p1a: Kyurem-Black|Kyurem-Black|391\/391
|-ability|p1a: Kyurem-Black|Teravolt
|move|p2a: Rotom-Wash|Volt Switch|p1a: Kyurem-Black
|-resisted|p1a: Kyurem-Black
|-damage|p1a: Kyurem-Black|343\/391
|
|switch|p2a: Keldeo|Keldeo|323\/323
|
|-heal|p1a: Kyurem-Black|367\/391|[from] item: Leftovers
|turn|9
|
|switch|p1a: Clefable|Clefable, F|394\/394 par
|move|p2a: Keldeo|Hidden Power|p1a: Clefable
|-damage|p1a: Clefable|316\/394 par
|
|-heal|p1a: Clefable|340\/394 par|[from] item: Leftovers
|turn|10
|
|switch|p2a: Heatran|Heatran, M|385\/385
|move|p1a: Clefable|Wish|p1a: Clefable
|
|-heal|p1a: Clefable|364\/394 par|[from] item: Leftovers
|turn|11
|
|switch|p1a: Kyurem-Black|Kyurem-Black|367\/391
|-ability|p1a: Kyurem-Black|Teravolt
|move|p2a: Heatran|Flash Cannon|p1a: Kyurem-Black
|-supereffective|p1a: Kyurem-Black
|-damage|p1a: Kyurem-Black|125\/391
|
|-heal|p1a: Kyurem-Black|322\/391|[from] move: Wish|[wisher] Clefable
|-heal|p1a: Kyurem-Black|346\/391|[from] item: Leftovers
|turn|12
|
|switch|p1a: Rotom-Wash|Rotom-Wash|277\/304
|move|p2a: Heatran|Flash Cannon|p1a: Rotom-Wash
|-resisted|p1a: Rotom-Wash
|-damage|p1a: Rotom-Wash|250\/304
|
|-heal|p1a: Rotom-Wash|269\/304|[from] item: Leftovers
|turn|13
|
|move|p1a: Rotom-Wash|Volt Switch|p2a: Heatran
|-damage|p2a: Heatran|325\/385
|
|switch|p1a: Azumarill|Azumarill, F|305\/403
|move|p2a: Heatran|Stealth Rock|p1a: Azumarill
|-sidestart|p1: beancount|move: Stealth Rock
|
|-heal|p2a: Heatran|349\/385|[from] item: Leftovers
|turn|14
|
|move|p2a: Heatran|Flash Cannon|p1a: Azumarill
|-damage|p1a: Azumarill|211\/403
|move|p1a: Azumarill|Waterfall|p2a: Heatran
|-supereffective|p2a: Heatran
|-damage|p2a: Heatran|17\/385
|
|-heal|p2a: Heatran|41\/385|[from] item: Leftovers
|turn|15
|
|switch|p2a: Rotom-Wash|Rotom-Wash|158\/304 brn
|move|p1a: Azumarill|Aqua Jet|p2a: Rotom-Wash
|-resisted|p2a: Rotom-Wash
|-damage|p2a: Rotom-Wash|131\/304 brn
|
|-heal|p2a: Rotom-Wash|150\/304 brn|[from] item: Leftovers
|-damage|p2a: Rotom-Wash|112\/304 brn|[from] brn
|turn|16
|
|switch|p1a: Rotom-Wash|Rotom-Wash|269\/304
|-damage|p1a: Rotom-Wash|231\/304|[from] Stealth Rock
|move|p2a: Rotom-Wash|Pain Split|p1a: Rotom-Wash
|-sethp|p1a: Rotom-Wash|171\/304|p2a: Rotom-Wash|171\/304 brn|[from] move: Pain Split
|
|-heal|p1a: Rotom-Wash|190\/304|[from] item: Leftovers
|-heal|p2a: Rotom-Wash|190\/304 brn|[from] item: Leftovers
|-damage|p2a: Rotom-Wash|152\/304 brn|[from] brn
|turn|17
|
|move|p1a: Rotom-Wash|Volt Switch|p2a: Rotom-Wash
|-damage|p2a: Rotom-Wash|64\/304 brn
|
|switch|p1a: Kyurem-Black|Kyurem-Black|346\/391
|-damage|p1a: Kyurem-Black|249\/391|[from] Stealth Rock
|-ability|p1a: Kyurem-Black|Teravolt
|move|p2a: Rotom-Wash|Volt Switch|p1a: Kyurem-Black
|-resisted|p1a: Kyurem-Black
|-damage|p1a: Kyurem-Black|198\/391
|
|switch|p2a: Heatran|Heatran, M|41\/385
|
|-heal|p1a: Kyurem-Black|222\/391|[from] item: Leftovers
|-heal|p2a: Heatran|65\/385|[from] item: Leftovers
|turn|18
|
|move|p1a: Kyurem-Black|Earth Power|p2a: Heatran
|-supereffective|p2a: Heatran
|-damage|p2a: Heatran|0 fnt
|faint|p2a: Heatran
|
|-heal|p1a: Kyurem-Black|246\/391|[from] item: Leftovers
|
|switch|p2a: Rotom-Wash|Rotom-Wash|64\/304 brn
|turn|19
|
|move|p1a: Kyurem-Black|Substitute|p1a: Kyurem-Black
|-start|p1a: Kyurem-Black|Substitute
|-damage|p1a: Kyurem-Black|149\/391
|move|p2a: Rotom-Wash|Volt Switch|p1a: Kyurem-Black
|-resisted|p1a: Kyurem-Black
|-activate|p1a: Kyurem-Black|Substitute|[damage]
|
|switch|p2a: Lopunny|Lopunny, M|271\/271
|
|-heal|p1a: Kyurem-Black|173\/391|[from] item: Leftovers
|turn|20
|
|detailschange|p2a: Lopunny|Lopunny-Mega, M
|-mega|p2a: Lopunny|Lopunny|Lopunnite
|move|p2a: Lopunny|Fake Out|p1a: Kyurem-Black
|-end|p1a: Kyurem-Black|Substitute
|move|p1a: Kyurem-Black|Ice Beam|p2a: Lopunny
|-damage|p2a: Lopunny|109\/271
|
|-heal|p1a: Kyurem-Black|197\/391|[from] item: Leftovers
|turn|21
|
|switch|p1a: Clefable|Clefable, F|364\/394 par
|-damage|p1a: Clefable|315\/394 par|[from] Stealth Rock
|move|p2a: Lopunny|Drain Punch|p1a: Clefable
|-resisted|p1a: Clefable
|-damage|p1a: Clefable|250\/394 par
|-heal|p2a: Lopunny|142\/271|[from] drain|[of] p1a: Clefable
|
|-heal|p1a: Clefable|274\/394 par|[from] item: Leftovers
|turn|22
|
|switch|p2a: Rotom-Wash|Rotom-Wash|64\/304 brn
|move|p1a: Clefable|Wish|p1a: Clefable
|
|-heal|p2a: Rotom-Wash|83\/304 brn|[from] item: Leftovers
|-heal|p1a: Clefable|298\/394 par|[from] item: Leftovers
|-damage|p2a: Rotom-Wash|45\/304 brn|[from] brn
|turn|23
|
|move|p2a: Rotom-Wash|Pain Split|p1a: Clefable
|-sethp|p1a: Clefable|171\/394 par|p2a: Rotom-Wash|171\/304 brn|[from] move: Pain Split
|move|p1a: Clefable|Aromatherapy|p1a: Clefable
|-cureteam|p1a: Clefable|[from] move: Aromatherapy
|
|-heal|p1a: Clefable|368\/394|[from] move: Wish|[wisher] Clefable
|-heal|p2a: Rotom-Wash|190\/304 brn|[from] item: Leftovers
|-heal|p1a: Clefable|392\/394|[from] item: Leftovers
|-damage|p2a: Rotom-Wash|152\/304 brn|[from] brn
|turn|24
|
|move|p2a: Rotom-Wash|Pain Split|p1a: Clefable
|-sethp|p1a: Clefable|272\/394|p2a: Rotom-Wash|272\/304 brn|[from] move: Pain Split
|move|p1a: Clefable|Wish|p1a: Clefable
|
|-heal|p2a: Rotom-Wash|291\/304 brn|[from] item: Leftovers
|-heal|p1a: Clefable|296\/394|[from] item: Leftovers
|-damage|p2a: Rotom-Wash|253\/304 brn|[from] brn
|turn|25
|
|move|p2a: Rotom-Wash|Thunder Wave|p1a: Clefable
|-status|p1a: Clefable|par
|cant|p1a: Clefable|par
|
|-heal|p1a: Clefable|394\/394 par|[from] move: Wish|[wisher] Clefable
|-heal|p2a: Rotom-Wash|272\/304 brn|[from] item: Leftovers
|-damage|p2a: Rotom-Wash|234\/304 brn|[from] brn
|turn|26
|
|move|p2a: Rotom-Wash|Volt Switch|p1a: Clefable
|-damage|p1a: Clefable|307\/394 par
|
|switch|p2a: Landorus|Landorus, M|319\/319
|move|p1a: Clefable|Moonblast|p2a: Landorus
|-damage|p2a: Landorus|189\/319
|
|-heal|p1a: Clefable|331\/394 par|[from] item: Leftovers
|turn|27
|
|switch|p1a: Gengar|Gengar, F|261\/261
|-damage|p1a: Gengar|229\/261|[from] Stealth Rock
|move|p2a: Landorus|Sludge Wave|p1a: Gengar
|-resisted|p1a: Gengar
|-damage|p1a: Gengar|171\/261
|
|turn|28
|
|move|p1a: Gengar|Shadow Ball|p2a: Landorus
|-damage|p2a: Landorus|0 fnt
|-damage|p1a: Gengar|145\/261|[from] item: Life Orb
|faint|p2a: Landorus
|
|
|switch|p2a: Lopunny|Lopunny-Mega, M|142\/271
|turn|29
|
|move|p2a: Lopunny|Return|p1a: Gengar
|-damage|p1a: Gengar|0 fnt
|faint|p1a: Gengar
|
|
|switch|p1a: Scizor|Scizor, F|343\/343
|-damage|p1a: Scizor|301\/343|[from] Stealth Rock
|turn|30
|
|switch|p2a: Rotom-Wash|Rotom-Wash|234\/304 brn
|detailschange|p1a: Scizor|Scizor-Mega, F
|-mega|p1a: Scizor|Scizor|Scizorite
|move|p1a: Scizor|Superpower|p2a: Rotom-Wash
|-damage|p2a: Rotom-Wash|124\/304 brn
|-unboost|p1a: Scizor|atk|1
|-unboost|p1a: Scizor|def|1
|
|-heal|p2a: Rotom-Wash|143\/304 brn|[from] item: Leftovers
|-damage|p2a: Rotom-Wash|105\/304 brn|[from] brn
|turn|31
|
|switch|p1a: Kyurem-Black|Kyurem-Black|197\/391
|-damage|p1a: Kyurem-Black|100\/391|[from] Stealth Rock
|-ability|p1a: Kyurem-Black|Teravolt
|move|p2a: Rotom-Wash|Pain Split|p1a: Kyurem-Black
|-sethp|p1a: Kyurem-Black|102\/391|p2a: Rotom-Wash|102\/304 brn|[from] move: Pain Split
|
|-heal|p1a: Kyurem-Black|126\/391|[from] item: Leftovers
|-heal|p2a: Rotom-Wash|121\/304 brn|[from] item: Leftovers
|-damage|p2a: Rotom-Wash|83\/304 brn|[from] brn
|turn|32
|
|move|p1a: Kyurem-Black|Earth Power|p2a: Rotom-Wash
|-supereffective|p2a: Rotom-Wash
|-damage|p2a: Rotom-Wash|0 fnt
|faint|p2a: Rotom-Wash
|
|-heal|p1a: Kyurem-Black|150\/391|[from] item: Leftovers
|
|switch|p2a: Lopunny|Lopunny-Mega, M|142\/271
|turn|33
|
|move|p2a: Lopunny|Drain Punch|p1a: Kyurem-Black
|-supereffective|p1a: Kyurem-Black
|-damage|p1a: Kyurem-Black|0 fnt
|-heal|p2a: Lopunny|217\/271|[from] drain|[of] p1a: Kyurem-Black
|faint|p1a: Kyurem-Black
|
|
|switch|p1a: Clefable|Clefable, F|331\/394 par
|-damage|p1a: Clefable|282\/394 par|[from] Stealth Rock
|turn|34
|
|switch|p2a: Latias|Latias, F|301\/301
|move|p1a: Clefable|Moonblast|p2a: Latias
|-supereffective|p2a: Latias
|-damage|p2a: Latias|143\/301
|
|-heal|p2a: Latias|161\/301|[from] item: Leftovers
|-heal|p1a: Clefable|306\/394 par|[from] item: Leftovers
|turn|35
|
|move|p2a: Latias|Ice Beam|p1a: Clefable
|-damage|p1a: Clefable|216\/394 par
|cant|p1a: Clefable|par
|
|-heal|p2a: Latias|179\/301|[from] item: Leftovers
|-heal|p1a: Clefable|240\/394 par|[from] item: Leftovers
|turn|36
|
|move|p2a: Latias|Ice Beam|p1a: Clefable
|-damage|p1a: Clefable|138\/394 par
|move|p1a: Clefable|Wish|p1a: Clefable
|
|-heal|p2a: Latias|197\/301|[from] item: Leftovers
|-heal|p1a: Clefable|162\/394 par|[from] item: Leftovers
|turn|37
|
|move|p2a: Latias|Ice Beam|p1a: Clefable
|-damage|p1a: Clefable|63\/394 par
|move|p1a: Clefable|Aromatherapy|p1a: Clefable
|-cureteam|p1a: Clefable|[from] move: Aromatherapy
|
|-heal|p1a: Clefable|260\/394|[from] move: Wish|[wisher] Clefable
|-heal|p2a: Latias|215\/301|[from] item: Leftovers
|-heal|p1a: Clefable|284\/394|[from] item: Leftovers
|turn|38
|
|move|p2a: Latias|Ice Beam|p1a: Clefable
|-damage|p1a: Clefable|192\/394
|move|p1a: Clefable|Wish|p1a: Clefable
|
|-heal|p2a: Latias|233\/301|[from] item: Leftovers
|-heal|p1a: Clefable|216\/394|[from] item: Leftovers
|turn|39
|
|move|p2a: Latias|Ice Beam|p1a: Clefable
|-damage|p1a: Clefable|113\/394
|move|p1a: Clefable|Moonblast|p2a: Latias
|-supereffective|p2a: Latias
|-damage|p2a: Latias|75\/301
|
|-heal|p1a: Clefable|310\/394|[from] move: Wish|[wisher] Clefable
|-heal|p2a: Latias|93\/301|[from] item: Leftovers
|-heal|p1a: Clefable|334\/394|[from] item: Leftovers
|turn|40
|
|move|p2a: Latias|Ice Beam|p1a: Clefable
|-damage|p1a: Clefable|228\/394
|move|p1a: Clefable|Moonblast|p2a: Latias
|-supereffective|p2a: Latias
|-damage|p2a: Latias|0 fnt
|faint|p2a: Latias
|
|-heal|p1a: Clefable|252\/394|[from] item: Leftovers
|
|switch|p2a: Lopunny|Lopunny-Mega, M|217\/271
|turn|41
|
|move|p2a: Lopunny|Fake Out|p1a: Clefable
|-damage|p1a: Clefable|186\/394
|cant|p1a: Clefable|flinch
|
|-heal|p1a: Clefable|210\/394|[from] item: Leftovers
|turn|42
|
|switch|p2a: Keldeo|Keldeo|323\/323
|move|p1a: Clefable|Protect|p1a: Clefable
|-fail|p1a: Clefable
|
|-heal|p1a: Clefable|234\/394|[from] item: Leftovers
|turn|43
|
|move|p1a: Clefable|Protect|p1a: Clefable
|-singleturn|p1a: Clefable|Protect
|move|p2a: Keldeo|Scald|p1a: Clefable
|-activate|p1a: Clefable|Protect
|
|-heal|p1a: Clefable|258\/394|[from] item: Leftovers
|turn|44
|
|switch|p1a: Rotom-Wash|Rotom-Wash|190\/304
|-damage|p1a: Rotom-Wash|152\/304|[from] Stealth Rock
|move|p2a: Keldeo|Scald|p1a: Rotom-Wash
|-crit|p1a: Rotom-Wash
|-resisted|p1a: Rotom-Wash
|-damage|p1a: Rotom-Wash|57\/304
|-status|p1a: Rotom-Wash|brn
|
|-heal|p1a: Rotom-Wash|76\/304 brn|[from] item: Leftovers
|-damage|p1a: Rotom-Wash|38\/304 brn|[from] brn
|turn|45
|
|move|p2a: Keldeo|Scald|p1a: Rotom-Wash
|-resisted|p1a: Rotom-Wash
|-damage|p1a: Rotom-Wash|0 fnt
|faint|p1a: Rotom-Wash
|
|
|switch|p1a: Azumarill|Azumarill, F|211\/403
|-damage|p1a: Azumarill|161\/403|[from] Stealth Rock
|turn|46
|
|move|p2a: Keldeo|Scald|p1a: Azumarill
|-resisted|p1a: Azumarill
|-damage|p1a: Azumarill|100\/403
|move|p1a: Azumarill|Play Rough|p2a: Keldeo
|-supereffective|p2a: Keldeo
|-damage|p2a: Keldeo|0 fnt
|faint|p2a: Keldeo
|
|
|switch|p2a: Lopunny|Lopunny-Mega, M|217\/271
|turn|47
|
|move|p1a: Azumarill|Aqua Jet|p2a: Lopunny
|-damage|p2a: Lopunny|118\/271
|move|p2a: Lopunny|Return|p1a: Azumarill
|-damage|p1a: Azumarill|0 fnt
|faint|p1a: Azumarill
|
|
|switch|p1a: Scizor|Scizor-Mega, F|301\/343
|-damage|p1a: Scizor|259\/343|[from] Stealth Rock
|turn|48
|
|move|p2a: Lopunny|Drain Punch|p1a: Scizor
|-damage|p1a: Scizor|157\/343
|-heal|p2a: Lopunny|169\/271|[from] drain|[of] p1a: Scizor
|move|p1a: Scizor|Superpower|p2a: Lopunny
|-supereffective|p2a: Lopunny
|-damage|p2a: Lopunny|0 fnt
|-unboost|p1a: Scizor|atk|1
|-unboost|p1a: Scizor|def|1
|faint|p2a: Lopunny
|
|win|beancount
|raw|Ladder updating...
|raw|beancount's rating: 1349 &rarr; <strong>1371<\/strong><br \/>(+22 for winning)
|raw|Kuraineko2's rating: 1385 &rarr; <strong>1363<\/strong><br \/>(-22 for losing)
|leave|Kuraineko2
|player|p2