|join|beancount
|join|AlmightyHiken
|player|p1|beancount|2
|player|p2|AlmightyHiken|34
|gametype|singles
|gen|6
|tier|OU
|rated
|clearpoke
|poke|p1|Clefable, F
|poke|p1|Gengar, F
|poke|p1|Azumarill, M
|poke|p1|Rotom-Wash
|poke|p1|Scizor, F
|poke|p1|Kyurem-Black
|poke|p2|Landorus-Therian, M
|poke|p2|Thundurus, M
|poke|p2|Heatran, M
|poke|p2|Slowbro, F
|poke|p2|Gengar, F
|poke|p2|Metagross
|rule|Swagger Clause: Swagger is banned
|rule|Baton Pass Clause: Limit one PokÃ©mon knowing Baton Pass
|rule|Sleep Clause Mod: Limit one foe put to sleep
|rule|Species Clause: Limit one of each PokÃ©mon
|rule|OHKO Clause: OHKO moves are banned
|rule|Moody Clause: Moody is banned
|rule|Evasion Moves Clause: Evasion moves are banned
|rule|Endless Battle Clause: Forcing endless battles is banned
|rule|HP Percentage Mod: HP is shown in percentages
|teampreview
|
|start
|switch|p1a: Kyurem-Black|Kyurem-Black|391\/391
|switch|p2a: Landorus-Therian|Landorus-Therian, M|320\/320
|-ability|p2a: Landorus-Therian|Intimidate|[of] p1a: Kyurem-Black
|-unboost|p1a: Kyurem-Black|atk|1
|-ability|p1a: Kyurem-Black|Teravolt
|turn|1
|
|switch|p2a: Slowbro|Slowbro, F|394\/394
|move|p1a: Kyurem-Black|Ice Beam|p2a: Slowbro
|-crit|p2a: Slowbro
|-resisted|p2a: Slowbro
|-damage|p2a: Slowbro|264\/394
|
|-heal|p2a: Slowbro|288\/394|[from] item: Leftovers
|turn|2
|c|âbeancount|kyurem
|
|switch|p1a: Rotom-Wash|Rotom-Wash|304\/304
|move|p2a: Slowbro|Scald|p1a: Rotom-Wash
|-resisted|p1a: Rotom-Wash
|-damage|p1a: Rotom-Wash|259\/304
|-status|p1a: Rotom-Wash|brn
|
|-heal|p1a: Rotom-Wash|278\/304 brn|[from] item: Leftovers
|-heal|p2a: Slowbro|312\/394|[from] item: Leftovers
|-damage|p1a: Rotom-Wash|240\/304 brn|[from] brn
|turn|3
|
|switch|p2a: Heatran|Heatran, M|386\/386
|move|p1a: Rotom-Wash|Volt Switch|p2a: Heatran
|-damage|p2a: Heatran|325\/386
|
|switch|p1a: Kyurem-Black|Kyurem-Black|391\/391
|-ability|p1a: Kyurem-Black|Teravolt
|
|-heal|p2a: Heatran|349\/386|[from] item: Leftovers
|turn|4
|
|move|p2a: Heatran|Protect|p2a: Heatran
|-singleturn|p2a: Heatran|Protect
|move|p1a: Kyurem-Black|Earth Power|p2a: Heatran
|-activate|p2a: Heatran|Protect
|
|-heal|p2a: Heatran|373\/386|[from] item: Leftovers
|turn|5
|
|switch|p2a: Thundurus|Thundurus, M|300\/300
|move|p1a: Kyurem-Black|Substitute|p1a: Kyurem-Black
|-start|p1a: Kyurem-Black|Substitute
|-damage|p1a: Kyurem-Black|294\/391
|
|-heal|p1a: Kyurem-Black|318\/391|[from] item: Leftovers
|turn|6
|
|switch|p2a: Slowbro|Slowbro, F|394\/394
|move|p1a: Kyurem-Black|Ice Beam|p2a: Slowbro
|-resisted|p2a: Slowbro
|-damage|p2a: Slowbro|307\/394
|
|-heal|p1a: Kyurem-Black|342\/391|[from] item: Leftovers
|-heal|p2a: Slowbro|331\/394|[from] item: Leftovers
|turn|7
|
|move|p1a: Kyurem-Black|Earth Power|p2a: Slowbro
|-damage|p2a: Slowbro|201\/394
|move|p2a: Slowbro|Scald|p1a: Kyurem-Black
|-resisted|p1a: Kyurem-Black
|-activate|p1a: Kyurem-Black|Substitute|[damage]
|
|-heal|p1a: Kyurem-Black|366\/391|[from] item: Leftovers
|-heal|p2a: Slowbro|225\/394|[from] item: Leftovers
|turn|8
|
|move|p1a: Kyurem-Black|Earth Power|p2a: Slowbro
|-damage|p2a: Slowbro|111\/394
|-unboost|p2a: Slowbro|spd|1
|move|p2a: Slowbro|Psyshock|p1a: Kyurem-Black
|-end|p1a: Kyurem-Black|Substitute
|
|-heal|p1a: Kyurem-Black|390\/391|[from] item: Leftovers
|-heal|p2a: Slowbro|135\/394|[from] item: Leftovers
|turn|9
|
|switch|p2a: Landorus-Therian|Landorus-Therian, M|320\/320
|-ability|p2a: Landorus-Therian|Intimidate|[of] p1a: Kyurem-Black
|-unboost|p1a: Kyurem-Black|atk|1
|move|p1a: Kyurem-Black|Earth Power|p2a: Landorus-Therian
|-immune|p2a: Landorus-Therian|[msg]
|
|-heal|p1a: Kyurem-Black|391\/391|[from] item: Leftovers
|turn|10
|
|move|p2a: Landorus-Therian|Stone Edge|p1a: Kyurem-Black
|-supereffective|p1a: Kyurem-Black
|-damage|p1a: Kyurem-Black|135\/391
|move|p1a: Kyurem-Black|Ice Beam|p2a: Landorus-Therian
|-supereffective|p2a: Landorus-Therian
|-damage|p2a: Landorus-Therian|0 fnt
|faint|p2a: Landorus-Therian
|
|-heal|p1a: Kyurem-Black|159\/391|[from] item: Leftovers
|
|switch|p2a: Metagross|Metagross|301\/301
|turn|11
|
|switch|p1a: Scizor|Scizor, F|343\/343
|detailschange|p2a: Metagross|Metagross-Mega
|-mega|p2a: Metagross|Metagross|Metagrossite
|move|p2a: Metagross|Meteor Mash|p1a: Scizor
|-resisted|p1a: Scizor
|-damage|p1a: Scizor|234\/343
|
|turn|12
|
|detailschange|p1a: Scizor|Scizor-Mega, F
|-mega|p1a: Scizor|Scizor|Scizorite
|move|p2a: Metagross|Earthquake|p1a: Scizor
|-damage|p1a: Scizor|145\/343
|move|p1a: Scizor|Roost|p1a: Scizor
|-heal|p1a: Scizor|317\/343
|
|turn|13
|
|move|p2a: Metagross|Meteor Mash|p1a: Scizor
|-resisted|p1a: Scizor
|-damage|p1a: Scizor|235\/343
|move|p1a: Scizor|Swords Dance|p1a: Scizor
|-boost|p1a: Scizor|atk|2
|
|turn|14
|
|move|p2a: Metagross|Meteor Mash|p1a: Scizor
|-resisted|p1a: Scizor
|-damage|p1a: Scizor|144\/343
|move|p1a: Scizor|Roost|p1a: Scizor
|-heal|p1a: Scizor|316\/343
|
|turn|15
|
|move|p2a: Metagross|Meteor Mash|p1a: Scizor
|-resisted|p1a: Scizor
|-damage|p1a: Scizor|232\/343
|-boost|p2a: Metagross|atk|1
|move|p1a: Scizor|Swords Dance|p1a: Scizor
|-boost|p1a: Scizor|atk|2
|
|turn|16
|
|move|p2a: Metagross|Meteor Mash|p1a: Scizor
|-resisted|p1a: Scizor
|-damage|p1a: Scizor|101\/343
|move|p1a: Scizor|Superpower|p2a: Metagross
|-damage|p2a: Metagross|0 fnt
|-unboost|p1a: Scizor|atk|1
|-unboost|p1a: Scizor|def|1
|faint|p2a: Metagross
|
|
|switch|p2a: Gengar|Gengar, F|262\/262
|turn|17
|c|âbeancount|gone
|
|move|p1a: Scizor|Bullet Punch|p2a: Gengar
|-damage|p2a: Gengar|0 fnt
|faint|p2a: Gengar
|
|-message|AlmightyHiken forfeited.
|
|win|beancount
|raw|Ladder updating...
|leave|AlmightyHiken
|player|p2
|raw|beancount's rating: 1428 &rarr; <strong>1448<\/strong><br \/>(+20 for winning)
|raw|AlmightyHiken's rating: 1422 &rarr; <strong>1402<\/strong><br \/>(-20 for losing)