|join|beancount
|join|troller67890
|player|p1|beancount|2
|player|p2|troller67890|163
|gametype|singles
|gen|6
|tier|OU
|rated
|clearpoke
|poke|p1|Clefable, F
|poke|p1|Gengar, F
|poke|p1|Azumarill, M
|poke|p1|Rotom-Wash
|poke|p1|Scizor, F
|poke|p1|Kyurem-Black
|poke|p2|Venusaur, M
|poke|p2|Lucario, M
|poke|p2|Rotom-Wash
|poke|p2|Heatran, M
|poke|p2|Latios, M
|poke|p2|Azumarill, M
|rule|Swagger Clause: Swagger is banned
|rule|Baton Pass Clause: Limit one PokÃ©mon knowing Baton Pass
|rule|Sleep Clause Mod: Limit one foe put to sleep
|rule|Species Clause: Limit one of each PokÃ©mon
|rule|OHKO Clause: OHKO moves are banned
|rule|Moody Clause: Moody is banned
|rule|Evasion Moves Clause: Evasion moves are banned
|rule|Endless Battle Clause: Forcing endless battles is banned
|rule|HP Percentage Mod: HP is shown in percentages
|teampreview
|
|start
|switch|p1a: Rotom-Wash|Rotom-Wash|304\/304
|switch|p2a: Rotom-Wash|Rotom-Wash|303\/303
|turn|1
|
|move|p2a: Rotom-Wash|Volt Switch|p1a: Rotom-Wash
|-damage|p1a: Rotom-Wash|222\/304
|
|switch|p2a: Latios|Latios, M|301\/301
|move|p1a: Rotom-Wash|Will-O-Wisp|p2a: Latios
|-status|p2a: Latios|brn
|
|-heal|p1a: Rotom-Wash|241\/304|[from] item: Leftovers
|-damage|p2a: Latios|264\/301 brn|[from] brn
|turn|2
|
|switch|p1a: Scizor|Scizor, F|343\/343
|move|p2a: Latios|Psyshock|p1a: Scizor
|-resisted|p1a: Scizor
|-damage|p1a: Scizor|277\/343
|
|-damage|p2a: Latios|227\/301 brn|[from] brn
|turn|3
|
|switch|p1a: Kyurem-Black|Kyurem-Black|391\/391
|-ability|p1a: Kyurem-Black|Teravolt
|move|p2a: Latios|Psyshock|p1a: Kyurem-Black
|-damage|p1a: Kyurem-Black|253\/391
|
|-heal|p1a: Kyurem-Black|277\/391|[from] item: Leftovers
|-damage|p2a: Latios|190\/301 brn|[from] brn
|turn|4
|
|switch|p2a: Azumarill|Azumarill, M|364\/364
|move|p1a: Kyurem-Black|Ice Beam|p2a: Azumarill
|-resisted|p2a: Azumarill
|-damage|p2a: Azumarill|271\/364
|
|-heal|p1a: Kyurem-Black|301\/391|[from] item: Leftovers
|turn|5
|
|switch|p1a: Rotom-Wash|Rotom-Wash|241\/304
|move|p2a: Azumarill|Play Rough|p1a: Rotom-Wash
|-damage|p1a: Rotom-Wash|112\/304
|
|-heal|p1a: Rotom-Wash|131\/304|[from] item: Leftovers
|turn|6
|
|switch|p2a: Venusaur|Venusaur, M|359\/359
|move|p1a: Rotom-Wash|Pain Split|p2a: Venusaur
|-sethp|p2a: Venusaur|245\/359|p1a: Rotom-Wash|245\/304|[from] move: Pain Split
|
|-heal|p1a: Rotom-Wash|264\/304|[from] item: Leftovers
|turn|7
|
|detailschange|p2a: Venusaur|Venusaur-Mega, M
|-mega|p2a: Venusaur|Venusaur|Venusaurite
|move|p1a: Rotom-Wash|Volt Switch|p2a: Venusaur
|-resisted|p2a: Venusaur
|-damage|p2a: Venusaur|205\/359
|
|switch|p1a: Kyurem-Black|Kyurem-Black|301\/391
|-ability|p1a: Kyurem-Black|Teravolt
|move|p2a: Venusaur|Synthesis|p2a: Venusaur
|-heal|p2a: Venusaur|359\/359
|
|-heal|p1a: Kyurem-Black|325\/391|[from] item: Leftovers
|turn|8
|
|switch|p2a: Azumarill|Azumarill, M|271\/364
|move|p1a: Kyurem-Black|Ice Beam|p2a: Azumarill
|-resisted|p2a: Azumarill
|-damage|p2a: Azumarill|187\/364
|
|-heal|p1a: Kyurem-Black|349\/391|[from] item: Leftovers
|turn|9
|
|switch|p1a: Scizor|Scizor, F|277\/343
|move|p2a: Azumarill|Superpower|p1a: Scizor
|-damage|p1a: Scizor|103\/343
|-unboost|p2a: Azumarill|atk|1
|-unboost|p2a: Azumarill|def|1
|
|turn|10
|
|switch|p2a: Heatran|Heatran, M|386\/386
|detailschange|p1a: Scizor|Scizor-Mega, F
|-mega|p1a: Scizor|Scizor|Scizorite
|move|p1a: Scizor|Roost|p1a: Scizor
|-heal|p1a: Scizor|275\/343
|
|turn|11
|
|switch|p1a: Rotom-Wash|Rotom-Wash|264\/304
|move|p2a: Heatran|Stealth Rock|p1a: Rotom-Wash
|-sidestart|p1: beancount|move: Stealth Rock
|
|-heal|p1a: Rotom-Wash|283\/304|[from] item: Leftovers
|turn|12
|
|switch|p2a: Latios|Latios, M|190\/301 brn
|move|p1a: Rotom-Wash|Volt Switch|p2a: Latios
|-resisted|p2a: Latios
|-damage|p2a: Latios|154\/301 brn
|
|switch|p1a: Clefable|Clefable, F|394\/394
|-damage|p1a: Clefable|345\/394|[from] Stealth Rock
|
|-heal|p1a: Clefable|369\/394|[from] item: Leftovers
|-damage|p2a: Latios|117\/301 brn|[from] brn
|turn|13
|
|switch|p2a: Heatran|Heatran, M|386\/386
|move|p1a: Clefable|Protect|p1a: Clefable
|-fail|p1a: Clefable
|
|-heal|p1a: Clefable|393\/394|[from] item: Leftovers
|turn|14
|
|move|p2a: Heatran|Toxic|p1a: Clefable
|-status|p1a: Clefable|tox
|move|p1a: Clefable|Wish|p1a: Clefable
|
|-heal|p1a: Clefable|394\/394 tox|[from] item: Leftovers
|-damage|p1a: Clefable|370\/394 tox|[from] psn
|turn|15
|
|switch|p1a: Kyurem-Black|Kyurem-Black|349\/391
|-damage|p1a: Kyurem-Black|252\/391|[from] Stealth Rock
|-ability|p1a: Kyurem-Black|Teravolt
|move|p2a: Heatran|Roar|p1a: Kyurem-Black
|drag|p1a: Rotom-Wash|Rotom-Wash|283\/304
|-damage|p1a: Rotom-Wash|245\/304|[from] Stealth Rock
|
|-heal|p1a: Rotom-Wash|304\/304|[from] move: Wish|[wisher] Clefable
|turn|16
|
|switch|p2a: Venusaur|Venusaur-Mega, M|359\/359
|move|p1a: Rotom-Wash|Hydro Pump|p2a: Venusaur
|-resisted|p2a: Venusaur
|-damage|p2a: Venusaur|303\/359
|
|turn|17
|
|move|p1a: Rotom-Wash|Volt Switch|p2a: Venusaur
|-resisted|p2a: Venusaur
|-damage|p2a: Venusaur|270\/359
|
|switch|p1a: Gengar|Gengar, F|261\/261
|-damage|p1a: Gengar|229\/261|[from] Stealth Rock
|move|p2a: Venusaur|Hidden Power|p1a: Gengar
|-damage|p1a: Gengar|135\/261
|
|turn|18
|
|switch|p2a: Heatran|Heatran, M|386\/386
|move|p1a: Gengar|Shadow Ball|p2a: Heatran
|-damage|p2a: Heatran|257\/386
|-damage|p1a: Gengar|109\/261|[from] item: Life Orb
|
|-heal|p2a: Heatran|281\/386|[from] item: Leftovers
|turn|19
|
|move|p1a: Gengar|Shadow Ball|p2a: Heatran
|-damage|p2a: Heatran|143\/386
|-damage|p1a: Gengar|83\/261|[from] item: Life Orb
|move|p2a: Heatran|Lava Plume|p1a: Gengar
|-damage|p1a: Gengar|0 fnt
|faint|p1a: Gengar
|
|-heal|p2a: Heatran|167\/386|[from] item: Leftovers
|
|switch|p1a: Azumarill|Azumarill, M|403\/403
|-damage|p1a: Azumarill|353\/403|[from] Stealth Rock
|turn|20
|
|move|p1a: Azumarill|Waterfall|p2a: Heatran
|-supereffective|p2a: Heatran
|-damage|p2a: Heatran|0 fnt
|faint|p2a: Heatran
|
|
|switch|p2a: Venusaur|Venusaur-Mega, M|270\/359
|turn|21
|
|switch|p1a: Kyurem-Black|Kyurem-Black|252\/391
|-damage|p1a: Kyurem-Black|155\/391|[from] Stealth Rock
|-ability|p1a: Kyurem-Black|Teravolt
|move|p2a: Venusaur|Sludge Bomb|p1a: Kyurem-Black
|-damage|p1a: Kyurem-Black|0 fnt
|faint|p1a: Kyurem-Black
|
|-message|beancount forfeited.
|leave|beancount
|
|win|troller67890
|raw|Ladder updating...
|player|p1
|raw|beancount's rating: 1368 &rarr; <strong>1349<\/strong><br \/>(-19 for losing)
|raw|troller67890's rating: 1388 &rarr; <strong>1407<\/strong><br \/>(+19 for winning)