|join|CracKPipeAndy
|join|beancount
|player|p1|CracKPipeAndy|265
|player|p2|beancount|2
|gametype|singles
|gen|6
|tier|OU
|rated
|clearpoke
|poke|p1|Gyarados, M
|poke|p1|Dragonite, F
|poke|p1|Clefable, F
|poke|p1|Gliscor, M
|poke|p1|Rotom-Wash
|poke|p1|Forretress, F
|poke|p2|Clefable, M
|poke|p2|Gengar, M
|poke|p2|Azumarill, M
|poke|p2|Rotom-Wash
|poke|p2|Scizor, F
|poke|p2|Kyurem-Black
|rule|Swagger Clause: Swagger is banned
|rule|Baton Pass Clause: Limit one PokÃ©mon knowing Baton Pass
|rule|Sleep Clause Mod: Limit one foe put to sleep
|rule|Species Clause: Limit one of each PokÃ©mon
|rule|OHKO Clause: OHKO moves are banned
|rule|Moody Clause: Moody is banned
|rule|Evasion Moves Clause: Evasion moves are banned
|rule|Endless Battle Clause: Forcing endless battles is banned
|rule|HP Percentage Mod: HP is shown in percentages
|teampreview
|
|start
|switch|p1a: Rotom-Wash|Rotom-Wash|304\/304
|switch|p2a: Gengar|Gengar, M|261\/261
|turn|1
|
|switch|p2a: Rotom-Wash|Rotom-Wash|304\/304
|move|p1a: Rotom-Wash|Volt Switch|p2a: Rotom-Wash
|-damage|p2a: Rotom-Wash|226\/304
|
|switch|p1a: Clefable|Clefable, F|394\/394
|
|-heal|p2a: Rotom-Wash|245\/304|[from] item: Leftovers
|turn|2
|
|move|p2a: Rotom-Wash|Volt Switch|p1a: Clefable
|-damage|p1a: Clefable|304\/394
|
|switch|p2a: Gengar|Gengar, M|261\/261
|move|p1a: Clefable|Wish|p1a: Clefable
|
|-heal|p1a: Clefable|328\/394|[from] item: Leftovers
|turn|3
|
|switch|p1a: Forretress|Forretress, F|353\/353
|move|p2a: Gengar|Shadow Ball|p1a: Forretress
|-damage|p1a: Forretress|90\/353
|-unboost|p1a: Forretress|spd|1
|-damage|p2a: Gengar|235\/261|[from] item: Life Orb
|
|-heal|p1a: Forretress|287\/353|[from] move: Wish|[wisher] Clefable
|turn|4
|
|switch|p1a: Rotom-Wash|Rotom-Wash|304\/304
|move|p2a: Gengar|Shadow Ball|p1a: Rotom-Wash
|-damage|p1a: Rotom-Wash|170\/304
|-damage|p2a: Gengar|209\/261|[from] item: Life Orb
|
|-heal|p1a: Rotom-Wash|189\/304|[from] item: Leftovers
|turn|5
|
|switch|p2a: Kyurem-Black|Kyurem-Black|391\/391
|-ability|p2a: Kyurem-Black|Teravolt
|move|p1a: Rotom-Wash|Volt Switch|p2a: Kyurem-Black
|-resisted|p2a: Kyurem-Black
|-damage|p2a: Kyurem-Black|340\/391
|
|switch|p1a: Forretress|Forretress, F|287\/353
|
|-heal|p2a: Kyurem-Black|364\/391|[from] item: Leftovers
|turn|6
|
|move|p2a: Kyurem-Black|Earth Power|p1a: Forretress
|-damage|p1a: Forretress|121\/353
|move|p1a: Forretress|Gyro Ball|p2a: Kyurem-Black
|-supereffective|p2a: Kyurem-Black
|-damage|p2a: Kyurem-Black|140\/391
|
|-heal|p2a: Kyurem-Black|164\/391|[from] item: Leftovers
|turn|7
|
|switch|p1a: Rotom-Wash|Rotom-Wash|189\/304
|move|p2a: Kyurem-Black|Earth Power|p1a: Rotom-Wash
|-supereffective|p1a: Rotom-Wash
|-damage|p1a: Rotom-Wash|41\/304
|
|-heal|p2a: Kyurem-Black|188\/391|[from] item: Leftovers
|-heal|p1a: Rotom-Wash|60\/304|[from] item: Leftovers
|turn|8
|c|âbeancount|spdef rotom
|
|switch|p1a: Dragonite|Dragonite, F|323\/323
|move|p2a: Kyurem-Black|Substitute|p2a: Kyurem-Black
|-start|p2a: Kyurem-Black|Substitute
|-damage|p2a: Kyurem-Black|91\/391
|
|-heal|p2a: Kyurem-Black|115\/391|[from] item: Leftovers
|turn|9
|c|âbeancount|facpalm
|
|switch|p1a: Rotom-Wash|Rotom-Wash|60\/304
|move|p2a: Kyurem-Black|Ice Beam|p1a: Rotom-Wash
|-resisted|p1a: Rotom-Wash
|-damage|p1a: Rotom-Wash|10\/304
|
|-heal|p2a: Kyurem-Black|139\/391|[from] item: Leftovers
|-heal|p1a: Rotom-Wash|29\/304|[from] item: Leftovers
|turn|10
|c|âbeancount|lol
|
|move|p2a: Kyurem-Black|Ice Beam|p1a: Rotom-Wash
|-resisted|p1a: Rotom-Wash
|-damage|p1a: Rotom-Wash|0 fnt
|faint|p1a: Rotom-Wash
|
|-heal|p2a: Kyurem-Black|163\/391|[from] item: Leftovers
|
|switch|p1a: Clefable|Clefable, F|328\/394
|turn|11
|
|move|p2a: Kyurem-Black|Roost|p2a: Kyurem-Black
|-heal|p2a: Kyurem-Black|359\/391
|move|p1a: Clefable|Wish|p1a: Clefable
|
|-heal|p2a: Kyurem-Black|383\/391|[from] item: Leftovers
|-heal|p1a: Clefable|352\/394|[from] item: Leftovers
|turn|12
|c|âCracKPipeAndy|new tean
|
|move|p2a: Kyurem-Black|Earth Power|p1a: Clefable
|-crit|p1a: Clefable
|-damage|p1a: Clefable|176\/394
|move|p1a: Clefable|Calm Mind|p1a: Clefable
|-boost|p1a: Clefable|spa|1
|-boost|p1a: Clefable|spd|1
|
|-heal|p1a: Clefable|373\/394|[from] move: Wish|[wisher] Clefable
|-heal|p2a: Kyurem-Black|391\/391|[from] item: Leftovers
|-heal|p1a: Clefable|394\/394|[from] item: Leftovers
|turn|13
|c|âbeancount|new meta
|c|âbeancount|imo
|c|âbeancount|wtf
|
|switch|p2a: Gengar|Gengar, M|209\/261
|move|p1a: Clefable|Moonblast|p2a: Gengar
|-resisted|p2a: Gengar
|-damage|p2a: Gengar|107\/261
|
|turn|14
|
|move|p2a: Gengar|Taunt|p1a: Clefable
|-start|p1a: Clefable|move: Taunt
|cant|p1a: Clefable|move: Taunt|Wish
|
|turn|15
|
|switch|p1a: Forretress|Forretress, F|121\/353
|move|p2a: Gengar|Sludge Wave|p1a: Forretress
|-immune|p1a: Forretress|[msg]
|
|turn|16
|
|move|p2a: Gengar|Shadow Ball|p1a: Forretress
|-damage|p1a: Forretress|0 fnt
|-damage|p2a: Gengar|81\/261|[from] item: Life Orb
|faint|p1a: Forretress
|
|
|switch|p1a: Gyarados|Gyarados, M|373\/373
|-ability|p1a: Gyarados|Intimidate|[of] p2a: Gengar
|-unboost|p2a: Gengar|atk|1
|turn|17
|
|switch|p2a: Clefable|Clefable, M|394\/394
|detailschange|p1a: Gyarados|Gyarados-Mega, M
|-mega|p1a: Gyarados|Gyarados|Gyaradosite
|-ability|p1a: Gyarados|Mold Breaker
|move|p1a: Gyarados|Crunch|p2a: Clefable
|-resisted|p2a: Clefable
|-damage|p2a: Clefable|309\/394
|
|-heal|p2a: Clefable|333\/394|[from] item: Leftovers
|turn|18
|c|âbeancount|here comes the flinch
|
|switch|p1a: Gliscor|Gliscor, M|353\/353
|move|p2a: Clefable|Wish|p2a: Clefable
|
|-heal|p2a: Clefable|357\/394|[from] item: Leftovers
|-status|p1a: Gliscor|tox|[from] item: Toxic Orb
|turn|19
|
|switch|p2a: Gengar|Gengar, M|81\/261
|move|p1a: Gliscor|Taunt|p2a: Gengar
|-start|p2a: Gengar|move: Taunt
|
|-heal|p2a: Gengar|261\/261|[from] move: Wish|[wisher] Clefable
|turn|20
|
|switch|p1a: Gyarados|Gyarados-Mega, M|373\/373
|-ability|p1a: Gyarados|Mold Breaker
|move|p2a: Gengar|Shadow Ball|p1a: Gyarados
|-resisted|p1a: Gyarados
|-damage|p1a: Gyarados|305\/373
|-damage|p2a: Gengar|235\/261|[from] item: Life Orb
|
|turn|21
|
|switch|p2a: Clefable|Clefable, M|357\/394
|move|p1a: Gyarados|Earthquake|p2a: Clefable
|-damage|p2a: Clefable|225\/394
|
|-heal|p2a: Clefable|249\/394|[from] item: Leftovers
|turn|22
|
|move|p1a: Gyarados|Waterfall|p2a: Clefable
|-damage|p2a: Clefable|86\/394
|move|p2a: Clefable|Wish|p2a: Clefable
|
|-heal|p2a: Clefable|110\/394|[from] item: Leftovers
|turn|23
|
|move|p2a: Clefable|Protect|p2a: Clefable
|-singleturn|p2a: Clefable|Protect
|move|p1a: Gyarados|Waterfall|p2a: Clefable
|-activate|p2a: Clefable|Protect
|
|-heal|p2a: Clefable|307\/394|[from] move: Wish|[wisher] Clefable
|-heal|p2a: Clefable|331\/394|[from] item: Leftovers
|turn|24
|
|switch|p1a: Gliscor|Gliscor, M|353\/353 tox
|move|p2a: Clefable|Moonblast|p1a: Gliscor
|-damage|p1a: Gliscor|209\/353 tox
|
|-heal|p2a: Clefable|355\/394|[from] item: Leftovers
|-heal|p1a: Gliscor|253\/353 tox|[from] ability: Poison Heal
|turn|25
|
|switch|p2a: Kyurem-Black|Kyurem-Black|391\/391
|-ability|p2a: Kyurem-Black|Teravolt
|move|p1a: Gliscor|Knock Off|p2a: Kyurem-Black
|-damage|p2a: Kyurem-Black|321\/391
|-enditem|p2a: Kyurem-Black|Leftovers|[from] move: Knock Off|[of] p1a: Gliscor
|
|-heal|p1a: Gliscor|297\/353 tox|[from] ability: Poison Heal
|turn|26
|
|switch|p1a: Clefable|Clefable, F|394\/394
|move|p2a: Kyurem-Black|Ice Beam|p1a: Clefable
|-crit|p1a: Clefable
|-damage|p1a: Clefable|165\/394
|
|-heal|p1a: Clefable|189\/394|[from] item: Leftovers
|turn|27
|
|switch|p2a: Gengar|Gengar, M|235\/261
|move|p1a: Clefable|Wish|p1a: Clefable
|
|-heal|p1a: Clefable|213\/394|[from] item: Leftovers
|turn|28
|
|move|p1a: Clefable|Protect|p1a: Clefable
|-singleturn|p1a: Clefable|Protect
|move|p2a: Gengar|Taunt|p1a: Clefable
|-activate|p1a: Clefable|Protect
|
|-heal|p1a: Clefable|394\/394|[from] move: Wish|[wisher] Clefable
|turn|29
|
|switch|p1a: Gyarados|Gyarados-Mega, M|305\/373
|-ability|p1a: Gyarados|Mold Breaker
|move|p2a: Gengar|Sludge Wave|p1a: Gyarados
|-damage|p1a: Gyarados|144\/373
|-damage|p2a: Gengar|209\/261|[from] item: Life Orb
|
|turn|30
|
|move|p2a: Gengar|Sludge Wave|p1a: Gyarados
|-damage|p1a: Gyarados|0 fnt
|-damage|p2a: Gengar|183\/261|[from] item: Life Orb
|faint|p1a: Gyarados
|
|
|switch|p1a: Gliscor|Gliscor, M|297\/353 tox
|turn|31
|
|switch|p2a: Scizor|Scizor, F|343\/343
|move|p1a: Gliscor|Knock Off|p2a: Scizor
|-damage|p2a: Scizor|296\/343
|
|-heal|p1a: Gliscor|341\/353 tox|[from] ability: Poison Heal
|turn|32
|
|detailschange|p2a: Scizor|Scizor-Mega, F
|-mega|p2a: Scizor|Scizor|Scizorite
|move|p2a: Scizor|Bullet Punch|p1a: Gliscor
|-damage|p1a: Gliscor|263\/353 tox
|move|p1a: Gliscor|Taunt|p2a: Scizor
|-start|p2a: Scizor|move: Taunt
|
|-heal|p1a: Gliscor|307\/353 tox|[from] ability: Poison Heal
|turn|33
|
|switch|p2a: Kyurem-Black|Kyurem-Black|321\/391
|-ability|p2a: Kyurem-Black|Teravolt
|move|p1a: Gliscor|Earthquake|p2a: Kyurem-Black
|-damage|p2a: Kyurem-Black|215\/391
|
|-heal|p1a: Gliscor|351\/353 tox|[from] ability: Poison Heal
|turn|34
|
|switch|p1a: Clefable|Clefable, F|394\/394
|move|p2a: Kyurem-Black|Roost|p2a: Kyurem-Black
|-heal|p2a: Kyurem-Black|391\/391
|
|turn|35
|
|switch|p2a: Gengar|Gengar, M|183\/261
|move|p1a: Clefable|Moonblast|p2a: Gengar
|-resisted|p2a: Gengar
|-damage|p2a: Gengar|110\/261
|-unboost|p2a: Gengar|spa|1
|
|turn|36
|
|move|p2a: Gengar|Sludge Wave|p1a: Clefable
|-supereffective|p1a: Clefable
|-damage|p1a: Clefable|72\/394
|-status|p1a: Clefable|psn
|-damage|p2a: Gengar|84\/261|[from] item: Life Orb
|move|p1a: Clefable|Wish|p1a: Clefable
|
|-heal|p1a: Clefable|96\/394 psn|[from] item: Leftovers
|turn|37
|
|move|p1a: Clefable|Protect|p1a: Clefable
|-singleturn|p1a: Clefable|Protect
|move|p2a: Gengar|Sludge Wave|p1a: Clefable
|-activate|p1a: Clefable|Protect
|
|-heal|p1a: Clefable|293\/394 psn|[from] move: Wish|[wisher] Clefable
|-heal|p1a: Clefable|317\/394 psn|[from] item: Leftovers
|turn|38
|
|move|p2a: Gengar|Sludge Wave|p1a: Clefable
|-supereffective|p1a: Clefable
|-damage|p1a: Clefable|0 fnt
|-damage|p2a: Gengar|58\/261|[from] item: Life Orb
|faint|p1a: Clefable
|
|
|switch|p1a: Gliscor|Gliscor, M|351\/353 tox
|turn|39
|
|move|p2a: Gengar|Destiny Bond|p2a: Gengar
|-singlemove|p2a: Gengar|Destiny Bond
|move|p1a: Gliscor|Knock Off|p2a: Gengar
|-supereffective|p2a: Gengar
|-damage|p2a: Gengar|0 fnt
|-enditem|p2a: Gengar|Life Orb|[from] move: Knock Off|[of] p1a: Gliscor
|faint|p2a: Gengar
|-activate|p2a: Gengar|Destiny Bond
|faint|p1a: Gliscor
|
|
|switch|p2a: Kyurem-Black|Kyurem-Black|391\/391
|switch|p1a: Dragonite|Dragonite, F|323\/323
|-ability|p2a: Kyurem-Black|Teravolt
|turn|40
|
|move|p2a: Kyurem-Black|Ice Beam|p1a: Dragonite
|-supereffective|p1a: Dragonite
|-damage|p1a: Dragonite|0 fnt
|faint|p1a: Dragonite
|
|win|beancount
|raw|Ladder updating...
|raw|CracKPipeAndy's rating: 1415 &rarr; <strong>1394<\/strong><br \/>(-21 for losing)
|raw|beancount's rating: 1392 &rarr; <strong>1413<\/strong><br \/>(+21 for winning)