|join|beancount
|join|killar45
|player|p1|beancount|265
|player|p2|killar45|2
|gametype|singles
|gen|6
|tier|OU
|rated
|clearpoke
|poke|p1|Lopunny, F
|poke|p1|Azumarill, F
|poke|p1|Latias, F
|poke|p1|Rotom-Wash
|poke|p1|Heatran, F
|poke|p1|Mew
|poke|p2|Lopunny, M
|poke|p2|Heatran, F
|poke|p2|Terrakion
|poke|p2|Latias, F
|poke|p2|Whimsicott, M
|poke|p2|Crawdaunt, F
|rule|Swagger Clause: Swagger is banned
|rule|Baton Pass Clause: Limit one PokÃ©mon knowing Baton Pass
|rule|Sleep Clause Mod: Limit one foe put to sleep
|rule|Species Clause: Limit one of each PokÃ©mon
|rule|OHKO Clause: OHKO moves are banned
|rule|Moody Clause: Moody is banned
|rule|Evasion Moves Clause: Evasion moves are banned
|rule|Endless Battle Clause: Forcing endless battles is banned
|rule|HP Percentage Mod: HP is shown in percentages
|teampreview
|
|start
|switch|p1a: Azumarill|Azumarill, F|358\/358
|switch|p2a: Whimsicott|Whimsicott, M|323\/323
|turn|1
|
|switch|p1a: Heatran|Heatran, F|323\/323
|-item|p1a: Heatran|Air Balloon
|move|p2a: Whimsicott|Tailwind|p2a: Whimsicott
|-sidestart|p2: killar45|move: Tailwind
|
|turn|2
|
|move|p2a: Whimsicott|Taunt|p1a: Heatran
|-start|p1a: Heatran|move: Taunt
|move|p1a: Heatran|Flash Cannon|p2a: Whimsicott
|-supereffective|p2a: Whimsicott
|-damage|p2a: Whimsicott|0 fnt
|faint|p2a: Whimsicott
|
|
|switch|p2a: Crawdaunt|Crawdaunt, F|268\/268
|turn|3
|
|switch|p1a: Azumarill|Azumarill, F|358\/358
|move|p2a: Crawdaunt|Swords Dance|p2a: Crawdaunt
|-boost|p2a: Crawdaunt|atk|2
|
|turn|4
|
|move|p2a: Crawdaunt|Crabhammer|p1a: Azumarill
|-crit|p1a: Azumarill
|-resisted|p1a: Azumarill
|-damage|p1a: Azumarill|0 fnt
|-damage|p2a: Crawdaunt|242\/268|[from] item: Life Orb
|faint|p1a: Azumarill
|
|-sideend|p2: killar45|move: Tailwind
|
|switch|p1a: Rotom-Wash|Rotom-Wash|304\/304
|turn|5
|c|âbeancount|damn
|
|move|p1a: Rotom-Wash|Volt Switch|p2a: Crawdaunt
|-supereffective|p2a: Crawdaunt
|-damage|p2a: Crawdaunt|0 fnt
|faint|p2a: Crawdaunt
|
|switch|p1a: Lopunny|Lopunny, F|271\/271
|
|
|switch|p2a: Lopunny|Lopunny, M|271\/271
|turn|6
|
|detailschange|p2a: Lopunny|Lopunny-Mega, M
|-mega|p2a: Lopunny|Lopunny|Lopunnite
|detailschange|p1a: Lopunny|Lopunny-Mega, F
|-mega|p1a: Lopunny|Lopunny|Lopunnite
|move|p2a: Lopunny|Fake Out|p1a: Lopunny
|-damage|p1a: Lopunny|198\/271
|cant|p1a: Lopunny|flinch
|
|turn|7
|
|move|p1a: Lopunny|High Jump Kick|p2a: Lopunny
|-supereffective|p2a: Lopunny
|-damage|p2a: Lopunny|0 fnt
|faint|p2a: Lopunny
|
|c|âkillar45|lol
|
|switch|p2a: Terrakion|Terrakion|323\/323
|turn|8
|
|switch|p1a: Latias|Latias, F|364\/364
|move|p2a: Terrakion|Close Combat|p1a: Latias
|-resisted|p1a: Latias
|-damage|p1a: Latias|281\/364
|-unboost|p2a: Terrakion|def|1
|-unboost|p2a: Terrakion|spd|1
|
|-heal|p1a: Latias|303\/364|[from] item: Leftovers
|turn|9
|c|âbeancount|my man
|c|âbeancount|comming thro
|
|switch|p2a: Heatran|Heatran, F|385\/385
|move|p1a: Latias|Whirlpool|p2a: Heatran
|-supereffective|p2a: Heatran
|-damage|p2a: Heatran|331\/385
|-activate|p2a: Heatran|move: Whirlpool|[of] p1a: Latias
|
|-heal|p1a: Latias|325\/364|[from] item: Leftovers
|-heal|p2a: Heatran|355\/385|[from] item: Leftovers
|-damage|p2a: Heatran|307\/385|[from] move: Whirlpool|[partiallytrapped]
|turn|10
|c|âkillar45|lel whirlpool
|
|move|p1a: Latias|Reflect Type|p2a: Heatran
|-start|p1a: Latias|typechange|[from] move: Reflect Type|[of] p2a: Heatran
|move|p2a: Heatran|Will-O-Wisp|p1a: Latias
|-fail|p1a: Latias
|
|-heal|p1a: Latias|347\/364|[from] item: Leftovers
|-heal|p2a: Heatran|331\/385|[from] item: Leftovers
|-damage|p2a: Heatran|283\/385|[from] move: Whirlpool|[partiallytrapped]
|turn|11
|c|âbeancount|yep
|c|âbeancount|basically
|
|move|p2a: Heatran|Protect|p2a: Heatran
|-singleturn|p2a: Heatran|Protect
|move|p1a: Latias|Psywave|p2a: Heatran
|-activate|p2a: Heatran|Protect
|
|-heal|p1a: Latias|364\/364|[from] item: Leftovers
|-heal|p2a: Heatran|307\/385|[from] item: Leftovers
|-damage|p2a: Heatran|259\/385|[from] move: Whirlpool|[partiallytrapped]
|turn|12
|c|âbeancount|u are trapped
|
|move|p1a: Latias|Psywave|p2a: Heatran
|-damage|p2a: Heatran|194\/385
|move|p2a: Heatran|Stealth Rock|p1a: Latias
|-sidestart|p1: beancount|move: Stealth Rock
|
|-heal|p2a: Heatran|218\/385|[from] item: Leftovers
|-damage|p2a: Heatran|170\/385|[from] move: Whirlpool|[partiallytrapped]
|turn|13
|c|âkillar45|lol this dumb thing
|
|move|p2a: Heatran|Protect|p2a: Heatran
|-singleturn|p2a: Heatran|Protect
|move|p1a: Latias|Psywave|p2a: Heatran
|-activate|p2a: Heatran|Protect
|
|-heal|p2a: Heatran|194\/385|[from] item: Leftovers
|-end|p2a: Heatran|Whirlpool|[partiallytrapped]
|turn|14
|c|âbeancount|new meta
|
|switch|p2a: Latias|Latias, F|301\/301
|move|p1a: Latias|Whirlpool|p2a: Latias
|-crit|p2a: Latias
|-resisted|p2a: Latias
|-damage|p2a: Latias|282\/301
|-activate|p2a: Latias|move: Whirlpool|[of] p1a: Latias
|
|-damage|p2a: Latias|245\/301|[from] move: Whirlpool|[partiallytrapped]
|turn|15
|c|âkillar45|lame meta
|c|âbeancount|lol
|
|move|p2a: Latias|Psyshock|p1a: Latias
|-resisted|p1a: Latias
|-damage|p1a: Latias|293\/364
|-damage|p2a: Latias|215\/301|[from] item: Life Orb
|move|p1a: Latias|Psywave|p2a: Latias
|-damage|p2a: Latias|67\/301
|
|-heal|p1a: Latias|315\/364|[from] item: Leftovers
|-damage|p2a: Latias|30\/301|[from] move: Whirlpool|[partiallytrapped]
|turn|16
|c|âkillar45|u dont have stab and
|c|âkillar45|etc
|
|move|p2a: Latias|Healing Wish|p2a: Latias
|faint|p2a: Latias
|move|p1a: Latias|Psywave|p2: Latias|[notarget]
|-notarget
|
|-heal|p1a: Latias|337\/364|[from] item: Leftovers
|
|switch|p2a: Heatran|Heatran, F|194\/385
|-heal|p2a: Heatran|385\/385|[from] move: Healing Wish
|turn|17
|
|move|p1a: Latias|Whirlpool|p2a: Heatran
|-supereffective|p2a: Heatran
|-damage|p2a: Heatran|327\/385
|-activate|p2a: Heatran|move: Whirlpool|[of] p1a: Latias
|move|p2a: Heatran|Lava Plume|p1a: Latias
|-damage|p1a: Latias|249\/364
|
|-heal|p1a: Latias|271\/364|[from] item: Leftovers
|-heal|p2a: Heatran|351\/385|[from] item: Leftovers
|-damage|p2a: Heatran|303\/385|[from] move: Whirlpool|[partiallytrapped]
|turn|18
|-message|killar45 forfeited.
|
|win|beancount
|raw|Ladder updating...
|c|âbeancount|i cannot be burned and toxic
|raw|beancount's rating: 1487 &rarr; <strong>1506<\/strong><br \/>(+19 for winning)
|raw|killar45's rating: 1472 &rarr; <strong>1453<\/strong><br \/>(-19 for losing)