|join|beancount
|join|fabrafi1
|player|p1|beancount|265
|player|p2|fabrafi1|214
|gametype|singles
|gen|6
|tier|OU
|rated
|clearpoke
|poke|p1|Clefable, M
|poke|p1|Gengar, F
|poke|p1|Azumarill, F
|poke|p1|Rotom-Wash
|poke|p1|Scizor, F
|poke|p1|Kyurem-Black
|poke|p2|Slowbro, M, shiny
|poke|p2|Azumarill, M
|poke|p2|Sceptile, M, shiny
|poke|p2|Ferrothorn, M, shiny
|poke|p2|Heatran, F
|poke|p2|Tentacruel, M
|rule|Swagger Clause: Swagger is banned
|rule|Baton Pass Clause: Limit one PokÃ©mon knowing Baton Pass
|rule|Sleep Clause Mod: Limit one foe put to sleep
|rule|Species Clause: Limit one of each PokÃ©mon
|rule|OHKO Clause: OHKO moves are banned
|rule|Moody Clause: Moody is banned
|rule|Evasion Moves Clause: Evasion moves are banned
|rule|Endless Battle Clause: Forcing endless battles is banned
|rule|HP Percentage Mod: HP is shown in percentages
|teampreview
|
|start
|switch|p1a: Rotom-Wash|Rotom-Wash|304\/304
|switch|p2a: Heatran|Heatran, F|386\/386
|turn|1
|c|âbeancount|i need the ladder to reset when no more frog is around
|
|move|p1a: Rotom-Wash|Volt Switch|p2a: Heatran
|-damage|p2a: Heatran|325\/386
|c|âfabrafi1|wha?
|c|âbeancount|alert
|
|switch|p1a: Kyurem-Black|Kyurem-Black|391\/391
|-ability|p1a: Kyurem-Black|Teravolt
|move|p2a: Heatran|Stealth Rock|p1a: Kyurem-Black
|-sidestart|p1: beancount|move: Stealth Rock
|
|-heal|p2a: Heatran|349\/386|[from] item: Leftovers
|turn|2
|c|âbeancount|odd play
|c|âbeancount|alert
|
|switch|p2a: Ferrothorn|Ferrothorn, M, shiny|352\/352
|move|p1a: Kyurem-Black|Substitute|p1a: Kyurem-Black
|-start|p1a: Kyurem-Black|Substitute
|-damage|p1a: Kyurem-Black|294\/391
|
|-heal|p1a: Kyurem-Black|318\/391|[from] item: Leftovers
|turn|3
|c|âbeancount|thats why i need the reset
|
|move|p1a: Kyurem-Black|Ice Beam|p2a: Ferrothorn
|-damage|p2a: Ferrothorn|241\/352
|-status|p2a: Ferrothorn|frz
|-curestatus|p2a: Ferrothorn|frz
|move|p2a: Ferrothorn|Power Whip|p1a: Kyurem-Black
|-resisted|p1a: Kyurem-Black
|-activate|p1a: Kyurem-Black|Substitute|[damage]
|
|-heal|p1a: Kyurem-Black|342\/391|[from] item: Leftovers
|-heal|p2a: Ferrothorn|263\/352|[from] item: Leftovers
|turn|4
|c|âbeancount|the ladder is so weird with all the odd plays
|c|âbeancount|and rng
|c|âbeancount|seriously
|
|move|p1a: Kyurem-Black|Ice Beam|p2a: Ferrothorn
|-damage|p2a: Ferrothorn|155\/352
|move|p2a: Ferrothorn|Spikes|p1a: Kyurem-Black
|-sidestart|p1: beancount|Spikes
|
|-heal|p1a: Kyurem-Black|366\/391|[from] item: Leftovers
|-heal|p2a: Ferrothorn|177\/352|[from] item: Leftovers
|turn|5
|c|âbeancount|lol
|
|move|p2a: Ferrothorn|Protect|p2a: Ferrothorn
|-singleturn|p2a: Ferrothorn|Protect
|move|p1a: Kyurem-Black|Ice Beam|p2a: Ferrothorn
|-activate|p2a: Ferrothorn|Protect
|
|-heal|p1a: Kyurem-Black|390\/391|[from] item: Leftovers
|-heal|p2a: Ferrothorn|199\/352|[from] item: Leftovers
|turn|6
|
|move|p1a: Kyurem-Black|Ice Beam|p2a: Ferrothorn
|-damage|p2a: Ferrothorn|100\/352
|move|p2a: Ferrothorn|Spikes|p1a: Kyurem-Black
|-sidestart|p1: beancount|Spikes
|
|-heal|p1a: Kyurem-Black|391\/391|[from] item: Leftovers
|-heal|p2a: Ferrothorn|122\/352|[from] item: Leftovers
|turn|7
|c|âbeancount|spikes
|
|move|p2a: Ferrothorn|Protect|p2a: Ferrothorn
|-singleturn|p2a: Ferrothorn|Protect
|move|p1a: Kyurem-Black|Ice Beam|p2a: Ferrothorn
|-activate|p2a: Ferrothorn|Protect
|
|-heal|p2a: Ferrothorn|144\/352|[from] item: Leftovers
|turn|8
|c|âbeancount|ppl
|
|move|p1a: Kyurem-Black|Ice Beam|p2a: Ferrothorn
|-damage|p2a: Ferrothorn|32\/352
|move|p2a: Ferrothorn|Power Whip|p1a: Kyurem-Black
|-resisted|p1a: Kyurem-Black
|-end|p1a: Kyurem-Black|Substitute
|
|-heal|p2a: Ferrothorn|54\/352|[from] item: Leftovers
|turn|9
|c|âbeancount|u should rn phy defensive ferro
|c|âbeancount|not spdef
|c|âbeancount|becoz frog is banned soon
|c|âbeancount|and fairy are too good
|c|âbeancount|damn it
|
|switch|p2a: Tentacruel|Tentacruel, M|357\/357
|move|p1a: Kyurem-Black|Substitute|p1a: Kyurem-Black
|-start|p1a: Kyurem-Black|Substitute
|-damage|p1a: Kyurem-Black|294\/391
|
|-heal|p1a: Kyurem-Black|318\/391|[from] item: Leftovers
|turn|10
|c|âbeancount|here we come
|
|move|p1a: Kyurem-Black|Earth Power|p2a: Tentacruel
|-supereffective|p2a: Tentacruel
|-damage|p2a: Tentacruel|191\/357
|move|p2a: Tentacruel|Acid Spray|p1a: Kyurem-Black
|-crit|p1a: Kyurem-Black
|-activate|p1a: Kyurem-Black|Substitute|[damage]
|
|-heal|p1a: Kyurem-Black|342\/391|[from] item: Leftovers
|-heal|p2a: Tentacruel|213\/357|[from] item: Black Sludge
|turn|11
|
|move|p1a: Kyurem-Black|Earth Power|p2a: Tentacruel
|-supereffective|p2a: Tentacruel
|-damage|p2a: Tentacruel|55\/357
|move|p2a: Tentacruel|Acid Spray|p1a: Kyurem-Black
|-end|p1a: Kyurem-Black|Substitute
|
|-heal|p1a: Kyurem-Black|366\/391|[from] item: Leftovers
|-heal|p2a: Tentacruel|77\/357|[from] item: Black Sludge
|turn|12
|
|move|p1a: Kyurem-Black|Substitute|p1a: Kyurem-Black
|-start|p1a: Kyurem-Black|Substitute
|-damage|p1a: Kyurem-Black|269\/391
|move|p2a: Tentacruel|Acid Spray|p1a: Kyurem-Black
|-activate|p1a: Kyurem-Black|Substitute|[damage]
|
|-heal|p1a: Kyurem-Black|293\/391|[from] item: Leftovers
|-heal|p2a: Tentacruel|99\/357|[from] item: Black Sludge
|turn|13
|
|switch|p2a: take it Slow-bro|Slowbro, M, shiny|394\/394
|move|p1a: Kyurem-Black|Earth Power|p2a: take it Slow-bro
|-damage|p2a: take it Slow-bro|277\/394
|
|-heal|p1a: Kyurem-Black|317\/391|[from] item: Leftovers
|-heal|p2a: take it Slow-bro|301\/394|[from] item: Leftovers
|turn|14
|
|move|p1a: Kyurem-Black|Earth Power|p2a: take it Slow-bro
|-damage|p2a: take it Slow-bro|176\/394
|move|p2a: take it Slow-bro|Ice Beam|p1a: Kyurem-Black
|-end|p1a: Kyurem-Black|Substitute
|
|-heal|p1a: Kyurem-Black|341\/391|[from] item: Leftovers
|-heal|p2a: take it Slow-bro|200\/394|[from] item: Leftovers
|turn|15
|
|move|p1a: Kyurem-Black|Substitute|p1a: Kyurem-Black
|-start|p1a: Kyurem-Black|Substitute
|-damage|p1a: Kyurem-Black|244\/391
|move|p2a: take it Slow-bro|Slack Off|p2a: take it Slow-bro
|-heal|p2a: take it Slow-bro|394\/394
|
|-heal|p1a: Kyurem-Black|268\/391|[from] item: Leftovers
|turn|16
|
|move|p1a: Kyurem-Black|Earth Power|p2a: take it Slow-bro
|-damage|p2a: take it Slow-bro|272\/394
|move|p2a: take it Slow-bro|Ice Beam|p1a: Kyurem-Black
|-activate|p1a: Kyurem-Black|Substitute|[damage]
|
|-heal|p1a: Kyurem-Black|292\/391|[from] item: Leftovers
|-heal|p2a: take it Slow-bro|296\/394|[from] item: Leftovers
|turn|17
|
|move|p1a: Kyurem-Black|Roost|p1a: Kyurem-Black
|-heal|p1a: Kyurem-Black|391\/391
|move|p2a: take it Slow-bro|Scald|p1a: Kyurem-Black
|-resisted|p1a: Kyurem-Black
|-end|p1a: Kyurem-Black|Substitute
|
|-heal|p2a: take it Slow-bro|320\/394|[from] item: Leftovers
|turn|18
|
|switch|p1a: Gengar|Gengar, F|261\/261
|-damage|p1a: Gengar|229\/261|[from] Stealth Rock
|move|p2a: take it Slow-bro|Fire Blast|p1a: Gengar
|-damage|p1a: Gengar|126\/261
|
|-heal|p2a: take it Slow-bro|344\/394|[from] item: Leftovers
|turn|19
|
|switch|p2a: Heatran|Heatran, F|349\/386
|move|p1a: Gengar|Shadow Ball|p2a: Heatran
|-damage|p2a: Heatran|224\/386
|-damage|p1a: Gengar|100\/261|[from] item: Life Orb
|
|-heal|p2a: Heatran|248\/386|[from] item: Leftovers
|turn|20
|
|switch|p1a: Rotom-Wash|Rotom-Wash|304\/304
|-damage|p1a: Rotom-Wash|266\/304|[from] Stealth Rock
|move|p2a: Heatran|Lava Plume|p1a: Rotom-Wash
|-resisted|p1a: Rotom-Wash
|-damage|p1a: Rotom-Wash|209\/304
|-status|p1a: Rotom-Wash|brn
|
|-heal|p1a: Rotom-Wash|228\/304 brn|[from] item: Leftovers
|-heal|p2a: Heatran|272\/386|[from] item: Leftovers
|-damage|p1a: Rotom-Wash|190\/304 brn|[from] brn
|turn|21
|
|move|p2a: Heatran|Protect|p2a: Heatran
|-singleturn|p2a: Heatran|Protect
|move|p1a: Rotom-Wash|Hydro Pump|p2a: Heatran
|-activate|p2a: Heatran|Protect
|
|-heal|p1a: Rotom-Wash|209\/304 brn|[from] item: Leftovers
|-heal|p2a: Heatran|296\/386|[from] item: Leftovers
|-damage|p1a: Rotom-Wash|171\/304 brn|[from] brn
|turn|22
|
|switch|p2a: Tentacruel|Tentacruel, M|99\/357
|move|p1a: Rotom-Wash|Hydro Pump|p2a: Tentacruel
|-resisted|p2a: Tentacruel
|-damage|p2a: Tentacruel|41\/357
|
|-heal|p2a: Tentacruel|63\/357|[from] item: Black Sludge
|-heal|p1a: Rotom-Wash|190\/304 brn|[from] item: Leftovers
|-damage|p1a: Rotom-Wash|152\/304 brn|[from] brn
|turn|23
|
|switch|p2a: Heatran|Heatran, F|296\/386
|move|p1a: Rotom-Wash|Volt Switch|p2a: Heatran
|-damage|p2a: Heatran|233\/386
|
|switch|p1a: Clefable|Clefable, M|394\/394
|-damage|p1a: Clefable|345\/394|[from] Stealth Rock
|-damage|p1a: Clefable|280\/394|[from] Spikes
|
|-heal|p2a: Heatran|257\/386|[from] item: Leftovers
|-heal|p1a: Clefable|304\/394|[from] item: Leftovers
|turn|24
|
|switch|p2a: Azumarill|Azumarill, M|382\/382
|move|p1a: Clefable|Wish|p1a: Clefable
|
|-heal|p1a: Clefable|328\/394|[from] item: Leftovers
|turn|25
|
|move|p2a: Azumarill|Play Rough|p1a: Clefable
|-damage|p1a: Clefable|63\/394
|move|p1a: Clefable|Moonblast|p2a: Azumarill
|-damage|p2a: Azumarill|241\/382
|-unboost|p2a: Azumarill|spa|1
|
|-heal|p1a: Clefable|260\/394|[from] move: Wish|[wisher] Clefable
|-heal|p1a: Clefable|284\/394|[from] item: Leftovers
|turn|26
|
|move|p1a: Clefable|Protect|p1a: Clefable
|-singleturn|p1a: Clefable|Protect
|move|p2a: Azumarill|Play Rough|p1a: Clefable
|-activate|p1a: Clefable|Protect
|
|-heal|p1a: Clefable|308\/394|[from] item: Leftovers
|turn|27
|
|switch|p1a: Scizor|Scizor, F|343\/343
|-damage|p1a: Scizor|301\/343|[from] Stealth Rock
|-damage|p1a: Scizor|244\/343|[from] Spikes
|move|p2a: Azumarill|Play Rough|p1a: Scizor
|-resisted|p1a: Scizor
|-damage|p1a: Scizor|100\/343
|
|turn|28
|
|switch|p2a: take it Slow-bro|Slowbro, M, shiny|394\/394
|detailschange|p1a: Scizor|Scizor-Mega, F
|-mega|p1a: Scizor|Scizor|Scizorite
|move|p1a: Scizor|Roost|p1a: Scizor
|-heal|p1a: Scizor|272\/343
|
|turn|29
|
|switch|p1a: Rotom-Wash|Rotom-Wash|152\/304 brn
|-damage|p1a: Rotom-Wash|114\/304 brn|[from] Stealth Rock
|move|p2a: take it Slow-bro|Fire Blast|p1a: Rotom-Wash
|-resisted|p1a: Rotom-Wash
|-damage|p1a: Rotom-Wash|76\/304 brn
|
|-heal|p1a: Rotom-Wash|95\/304 brn|[from] item: Leftovers
|-damage|p1a: Rotom-Wash|57\/304 brn|[from] brn
|turn|30
|
|switch|p2a: Heatran|Heatran, F|257\/386
|move|p1a: Rotom-Wash|Pain Split|p2a: Heatran
|-sethp|p2a: Heatran|157\/386|p1a: Rotom-Wash|157\/304 brn|[from] move: Pain Split
|
|-heal|p1a: Rotom-Wash|176\/304 brn|[from] item: Leftovers
|-heal|p2a: Heatran|181\/386|[from] item: Leftovers
|-damage|p1a: Rotom-Wash|138\/304 brn|[from] brn
|turn|31
|
|move|p2a: Heatran|Protect|p2a: Heatran
|-singleturn|p2a: Heatran|Protect
|move|p1a: Rotom-Wash|Hydro Pump|p2a: Heatran
|-activate|p2a: Heatran|Protect
|
|-heal|p1a: Rotom-Wash|157\/304 brn|[from] item: Leftovers
|-heal|p2a: Heatran|205\/386|[from] item: Leftovers
|-damage|p1a: Rotom-Wash|119\/304 brn|[from] brn
|turn|32
|
|switch|p2a: Sceptile|Sceptile, M, shiny|281\/281
|move|p1a: Rotom-Wash|Volt Switch|p2a: Sceptile
|-resisted|p2a: Sceptile
|-damage|p2a: Sceptile|236\/281
|
|switch|p1a: Scizor|Scizor-Mega, F|272\/343
|-damage|p1a: Scizor|230\/343|[from] Stealth Rock
|-damage|p1a: Scizor|173\/343|[from] Spikes
|
|turn|33
|
|detailschange|p2a: Sceptile|Sceptile-Mega, M, shiny
|-mega|p2a: Sceptile|Sceptile|Sceptilite
|move|p2a: Sceptile|Hidden Power|p1a: Scizor
|-supereffective|p1a: Scizor
|-damage|p1a: Scizor|0 fnt
|faint|p1a: Scizor
|
|
|switch|p1a: Clefable|Clefable, M|308\/394
|-damage|p1a: Clefable|243\/394|[from] Spikes
|-damage|p1a: Clefable|194\/394|[from] Stealth Rock
|turn|34
|c|âbeancount|i am gonna prove
|
|switch|p2a: Heatran|Heatran, F|205\/386
|move|p1a: Clefable|Protect|p1a: Clefable
|-fail|p1a: Clefable
|
|-heal|p2a: Heatran|229\/386|[from] item: Leftovers
|-heal|p1a: Clefable|218\/394|[from] item: Leftovers
|turn|35
|
|switch|p2a: Ferrothorn|Ferrothorn, M, shiny|54\/352
|move|p1a: Clefable|Aromatherapy|p1a: Clefable
|-cureteam|p1a: Clefable|[from] move: Aromatherapy
|
|-heal|p1a: Clefable|242\/394|[from] item: Leftovers
|-heal|p2a: Ferrothorn|76\/352|[from] item: Leftovers
|turn|36
|c|âfabrafi1|that?
|
|move|p2a: Ferrothorn|Protect|p2a: Ferrothorn
|-singleturn|p2a: Ferrothorn|Protect
|move|p1a: Clefable|Wish|p1a: Clefable
|
|-heal|p1a: Clefable|266\/394|[from] item: Leftovers
|-heal|p2a: Ferrothorn|98\/352|[from] item: Leftovers
|turn|37
|c|âbeancount|sceptile is weak to take out clefable
|c|âbeancount|lol
|c|âfabrafi1|wow
|
|switch|p1a: Kyurem-Black|Kyurem-Black|391\/391
|-damage|p1a: Kyurem-Black|294\/391|[from] Stealth Rock
|-damage|p1a: Kyurem-Black|229\/391|[from] Spikes
|-ability|p1a: Kyurem-Black|Teravolt
|switch|p2a: Sceptile|Sceptile-Mega, M, shiny|236\/281
|
|-heal|p1a: Kyurem-Black|391\/391|[from] move: Wish|[wisher] Clefable
|turn|38
|c|âfabrafi1|thats a wellknown fact
|
|move|p2a: Sceptile|Dragon Pulse|p1a: Kyurem-Black
|-supereffective|p1a: Kyurem-Black
|-damage|p1a: Kyurem-Black|17\/391
|move|p1a: Kyurem-Black|Ice Beam|p2a: Sceptile
|-supereffective|p2a: Sceptile
|-damage|p2a: Sceptile|0 fnt
|faint|p2a: Sceptile
|
|-heal|p1a: Kyurem-Black|41\/391|[from] item: Leftovers
|c|âfabrafi1|lucky cunttt
|c|âbeancount|thats becoz u cannot even take me out
|c|âbeancount|kyurem said
|c|âbeancount|lol
|
|switch|p2a: Azumarill|Azumarill, M|241\/382
|turn|39
|
|switch|p1a: Rotom-Wash|Rotom-Wash|119\/304
|-damage|p1a: Rotom-Wash|81\/304|[from] Stealth Rock
|move|p2a: Azumarill|Aqua Jet|p1a: Rotom-Wash
|-resisted|p1a: Rotom-Wash
|-damage|p1a: Rotom-Wash|36\/304
|
|-heal|p1a: Rotom-Wash|55\/304|[from] item: Leftovers
|turn|40
|c|âbeancount|dun call me like that
|
|switch|p2a: Ferrothorn|Ferrothorn, M, shiny|98\/352
|move|p1a: Rotom-Wash|Will-O-Wisp|p2a: Ferrothorn|[miss]
|-miss|p1a: Rotom-Wash|p2a: Ferrothorn
|
|-heal|p1a: Rotom-Wash|74\/304|[from] item: Leftovers
|-heal|p2a: Ferrothorn|120\/352|[from] item: Leftovers
|turn|41
|c|âbeancount|see i wont call u like that in this miss and protect stall
|
|move|p2a: Ferrothorn|Protect|p2a: Ferrothorn
|-singleturn|p2a: Ferrothorn|Protect
|move|p1a: Rotom-Wash|Will-O-Wisp|p2a: Ferrothorn
|-activate|p2a: Ferrothorn|Protect
|
|-heal|p1a: Rotom-Wash|93\/304|[from] item: Leftovers
|-heal|p2a: Ferrothorn|142\/352|[from] item: Leftovers
|turn|42
|c|âbeancount|good sportman
|
|move|p1a: Rotom-Wash|Will-O-Wisp|p2a: Ferrothorn
|-status|p2a: Ferrothorn|brn
|move|p2a: Ferrothorn|Power Whip|p1a: Rotom-Wash|[miss]
|-miss|p2a: Ferrothorn|p1a: Rotom-Wash
|
|-heal|p1a: Rotom-Wash|112\/304|[from] item: Leftovers
|-heal|p2a: Ferrothorn|164\/352 brn|[from] item: Leftovers
|-damage|p2a: Ferrothorn|120\/352 brn|[from] brn
|turn|43
|c|âbeancount|just like ur sprite
|c|âbeancount|lol
|
|move|p1a: Rotom-Wash|Hydro Pump|p2a: Ferrothorn
|-resisted|p2a: Ferrothorn
|-damage|p2a: Ferrothorn|75\/352 brn
|move|p2a: Ferrothorn|Leech Seed|p1a: Rotom-Wash
|-start|p1a: Rotom-Wash|move: Leech Seed
|
|-heal|p1a: Rotom-Wash|131\/304|[from] item: Leftovers
|-heal|p2a: Ferrothorn|97\/352 brn|[from] item: Leftovers
|-damage|p1a: Rotom-Wash|93\/304|[from] Leech Seed|[of] p2a: Ferrothorn
|-heal|p2a: Ferrothorn|135\/352 brn|[silent]
|-damage|p2a: Ferrothorn|91\/352 brn|[from] brn
|turn|44
|c|âfabrafi1|still a lucky cunt
|c|âbeancount|basketball plater
|c|âbeancount|brah chill
|
|move|p2a: Ferrothorn|Protect|p2a: Ferrothorn
|-singleturn|p2a: Ferrothorn|Protect
|move|p1a: Rotom-Wash|Volt Switch|p2a: Ferrothorn
|-activate|p2a: Ferrothorn|Protect
|
|-heal|p1a: Rotom-Wash|112\/304|[from] item: Leftovers
|-heal|p2a: Ferrothorn|113\/352 brn|[from] item: Leftovers
|-damage|p1a: Rotom-Wash|74\/304|[from] Leech Seed|[of] p2a: Ferrothorn
|-heal|p2a: Ferrothorn|151\/352 brn|[silent]
|-damage|p2a: Ferrothorn|107\/352 brn|[from] brn
|turn|45
|c|âbeancount|get a life
|
|move|p1a: Rotom-Wash|Volt Switch|p2a: Ferrothorn
|-resisted|p2a: Ferrothorn
|-damage|p2a: Ferrothorn|79\/352 brn
|
|switch|p1a: Clefable|Clefable, M|266\/394
|-damage|p1a: Clefable|217\/394|[from] Stealth Rock
|-damage|p1a: Clefable|152\/394|[from] Spikes
|move|p2a: Ferrothorn|Leech Seed|p1a: Clefable
|-start|p1a: Clefable|move: Leech Seed
|
|-heal|p1a: Clefable|176\/394|[from] item: Leftovers
|-heal|p2a: Ferrothorn|101\/352 brn|[from] item: Leftovers
|-damage|p1a: Clefable|127\/394|[from] Leech Seed|[of] p2a: Ferrothorn
|-heal|p2a: Ferrothorn|150\/352 brn|[silent]
|-damage|p2a: Ferrothorn|106\/352 brn|[from] brn
|turn|46
|c|âfabrafi1|no magic guard
|c|âbeancount|do u even know
|c|âbeancount|new meta?
|
|move|p1a: Clefable|Wish|p1a: Clefable
|move|p2a: Ferrothorn|Power Whip|p1a: Clefable
|-damage|p1a: Clefable|64\/394
|
|-heal|p1a: Clefable|88\/394|[from] item: Leftovers
|-heal|p2a: Ferrothorn|128\/352 brn|[from] item: Leftovers
|-damage|p1a: Clefable|39\/394|[from] Leech Seed|[of] p2a: Ferrothorn
|-heal|p2a: Ferrothorn|177\/352 brn|[silent]
|-damage|p2a: Ferrothorn|133\/352 brn|[from] brn
|turn|47
|
|switch|p1a: Gengar|Gengar, F|100\/261
|-damage|p1a: Gengar|68\/261|[from] Stealth Rock
|switch|p2a: Azumarill|Azumarill, M|241\/382
|
|-heal|p1a: Gengar|261\/261|[from] move: Wish|[wisher] Clefable
|turn|48
|c|âfabrafi1|wish that much>?????!!
|c|âbeancount|see thats why we need to reset
|
|move|p2a: Azumarill|Aqua Jet|p1a: Gengar
|-damage|p1a: Gengar|78\/261
|move|p1a: Gengar|Shadow Ball|p2a: Azumarill
|-damage|p2a: Azumarill|21\/382
|-damage|p1a: Gengar|52\/261|[from] item: Life Orb
|
|turn|49
|c|âbeancount|the ladder
|c|âbeancount|omg
|c|âfabrafi1|to reset what?
|c|âbeancount|the ladder
|c|âfabrafi1|this is what u get
|c|âfabrafi1|cuz kryeum didnt die either
|
|switch|p1a: Clefable|Clefable, M|39\/394
|-damage|p1a: Clefable|0 fnt|[from] Stealth Rock
|faint|p1a: Clefable
|move|p2a: Azumarill|Aqua Jet|p1: Clefable|[notarget]
|-notarget
|
|c|âbeancount|oh word of wisdom man
|c|âbeancount|u dun say
|
|switch|p1a: Azumarill|Azumarill, F|403\/403
|-damage|p1a: Azumarill|353\/403|[from] Stealth Rock
|-damage|p1a: Azumarill|286\/403|[from] Spikes
|turn|50
|
|move|p2a: Azumarill|Aqua Jet|p1a: Azumarill
|-resisted|p1a: Azumarill
|-damage|p1a: Azumarill|205\/403
|move|p1a: Azumarill|Knock Off|p2a: Azumarill
|-resisted|p2a: Azumarill
|-damage|p2a: Azumarill|0 fnt
|-enditem|p2a: Azumarill|Choice Band|[from] move: Knock Off|[of] p1a: Azumarill
|faint|p2a: Azumarill
|
|
|switch|p2a: Tentacruel|Tentacruel, M|63\/357
|turn|51
|
|switch|p1a: Kyurem-Black|Kyurem-Black|41\/391
|-damage|p1a: Kyurem-Black|0 fnt|[from] Stealth Rock
|faint|p1a: Kyurem-Black
|move|p2a: Tentacruel|Acid Spray|p1: Kyurem-Black|[notarget]
|-notarget
|
|-heal|p2a: Tentacruel|85\/357|[from] item: Black Sludge
|
|switch|p1a: Gengar|Gengar, F|52\/261
|-damage|p1a: Gengar|20\/261|[from] Stealth Rock
|turn|52
|
|switch|p2a: Heatran|Heatran, F|229\/386
|move|p1a: Gengar|Shadow Ball|p2a: Heatran
|-damage|p2a: Heatran|93\/386
|-damage|p1a: Gengar|0 fnt|[from] item: Life Orb
|faint|p1a: Gengar
|
|-heal|p2a: Heatran|117\/386|[from] item: Leftovers
|
|switch|p1a: Azumarill|Azumarill, F|205\/403
|-damage|p1a: Azumarill|155\/403|[from] Stealth Rock
|-damage|p1a: Azumarill|88\/403|[from] Spikes
|turn|53
|
|move|p2a: Heatran|Protect|p2a: Heatran
|-singleturn|p2a: Heatran|Protect
|move|p1a: Azumarill|Aqua Jet|p2a: Heatran
|-activate|p2a: Heatran|Protect
|
|-heal|p2a: Heatran|141\/386|[from] item: Leftovers
|turn|54
|
|switch|p2a: take it Slow-bro|Slowbro, M, shiny|394\/394
|move|p1a: Azumarill|Knock Off|p2a: take it Slow-bro
|-supereffective|p2a: take it Slow-bro
|-damage|p2a: take it Slow-bro|196\/394
|-enditem|p2a: take it Slow-bro|Leftovers|[from] move: Knock Off|[of] p1a: Azumarill
|
|turn|55
|
|move|p1a: Azumarill|Play Rough|p2a: take it Slow-bro
|-damage|p2a: take it Slow-bro|58\/394
|move|p2a: take it Slow-bro|Scald|p1a: Azumarill
|-resisted|p1a: Azumarill
|-damage|p1a: Azumarill|52\/403
|
|turn|56
|
|switch|p2a: Ferrothorn|Ferrothorn, M, shiny|133\/352 brn
|move|p1a: Azumarill|Knock Off|p2a: Ferrothorn
|-damage|p2a: Ferrothorn|37\/352 brn
|-damage|p1a: Azumarill|2\/403|[from] ability: Iron Barbs|[of] p2a: Ferrothorn
|-enditem|p2a: Ferrothorn|Leftovers|[from] move: Knock Off|[of] p1a: Azumarill
|
|-damage|p2a: Ferrothorn|0 fnt|[from] brn
|faint|p2a: Ferrothorn
|
|switch|p2a: take it Slow-bro|Slowbro, M, shiny|189\/394
|turn|57
|
|switch|p2a: Heatran|Heatran, F|141\/386
|move|p1a: Azumarill|Play Rough|p2a: Heatran|[miss]
|-miss|p1a: Azumarill|p2a: Heatran
|
|-heal|p2a: Heatran|165\/386|[from] item: Leftovers
|turn|58
|
|move|p2a: Heatran|Protect|p2a: Heatran
|-singleturn|p2a: Heatran|Protect
|move|p1a: Azumarill|Aqua Jet|p2a: Heatran
|-activate|p2a: Heatran|Protect
|
|-heal|p2a: Heatran|189\/386|[from] item: Leftovers
|turn|59
|
|move|p1a: Azumarill|Aqua Jet|p2a: Heatran
|-supereffective|p2a: Heatran
|-damage|p2a: Heatran|25\/386
|move|p2a: Heatran|Lava Plume|p1a: Azumarill
|-resisted|p1a: Azumarill
|-damage|p1a: Azumarill|0 fnt
|faint|p1a: Azumarill
|
|-heal|p2a: Heatran|49\/386|[from] item: Leftovers
|
|switch|p1a: Rotom-Wash|Rotom-Wash|74\/304
|-damage|p1a: Rotom-Wash|36\/304|[from] Stealth Rock
|turn|60
|
|move|p2a: Heatran|Protect|p2a: Heatran
|-singleturn|p2a: Heatran|Protect
|move|p1a: Rotom-Wash|Volt Switch|p2a: Heatran
|-activate|p2a: Heatran|Protect
|
|-heal|p1a: Rotom-Wash|55\/304|[from] item: Leftovers
|-heal|p2a: Heatran|73\/386|[from] item: Leftovers
|turn|61
|c|âbeancount|omg
|
|move|p1a: Rotom-Wash|Volt Switch|p2a: Heatran
|-damage|p2a: Heatran|13\/386
|move|p2a: Heatran|Lava Plume|p1a: Rotom-Wash
|-resisted|p1a: Rotom-Wash
|-damage|p1a: Rotom-Wash|3\/304
|
|-heal|p1a: Rotom-Wash|22\/304|[from] item: Leftovers
|-heal|p2a: Heatran|37\/386|[from] item: Leftovers
|turn|62
|
|move|p2a: Heatran|Protect|p2a: Heatran
|-singleturn|p2a: Heatran|Protect
|move|p1a: Rotom-Wash|Volt Switch|p2a: Heatran
|-activate|p2a: Heatran|Protect
|
|-heal|p1a: Rotom-Wash|41\/304|[from] item: Leftovers
|-heal|p2a: Heatran|61\/386|[from] item: Leftovers
|turn|63
|
|move|p1a: Rotom-Wash|Volt Switch|p2a: Heatran
|-damage|p2a: Heatran|0 fnt
|faint|p2a: Heatran
|
|-heal|p1a: Rotom-Wash|60\/304|[from] item: Leftovers
|
|switch|p2a: take it Slow-bro|Slowbro, M, shiny|320\/394
|turn|64
|
|move|p1a: Rotom-Wash|Pain Split|p2a: take it Slow-bro
|-sethp|p2a: take it Slow-bro|190\/394|p1a: Rotom-Wash|190\/304|[from] move: Pain Split
|move|p2a: take it Slow-bro|Scald|p1a: Rotom-Wash
|-resisted|p1a: Rotom-Wash
|-damage|p1a: Rotom-Wash|143\/304
|
|-heal|p1a: Rotom-Wash|162\/304|[from] item: Leftovers
|turn|65
|c|âbeancount|ya
|c|âfabrafi1|fag got
|
|move|p1a: Rotom-Wash|Volt Switch|p2a: take it Slow-bro
|-supereffective|p2a: take it Slow-bro
|-damage|p2a: take it Slow-bro|0 fnt
|faint|p2a: take it Slow-bro
|
|-heal|p1a: Rotom-Wash|181\/304|[from] item: Leftovers
|c|âbeancount|got it ?
|c|âfabrafi1|1% on rotom and stuff
|c|âbeancount|reset the ladder
|
|switch|p2a: Tentacruel|Tentacruel, M|85\/357
|turn|66
|c|âfabrafi1|how?
|c|âbeancount|ban the frog
|
|move|p2a: Tentacruel|Acid Spray|p1a: Rotom-Wash
|-damage|p1a: Rotom-Wash|145\/304
|-unboost|p1a: Rotom-Wash|spd|2
|move|p1a: Rotom-Wash|Volt Switch|p2a: Tentacruel
|-supereffective|p2a: Tentacruel
|-damage|p2a: Tentacruel|0 fnt
|faint|p2a: Tentacruel
|
|win|beancount
|raw|Ladder updating...
|raw|beancount's rating: 1363 &rarr; <strong>1381<\/strong><br \/>(+18 for winning)
|raw|fabrafi1's rating: 1327 &rarr; <strong>1309<\/strong><br \/>(-18 for losing)