|join|beancount
|join|Repro
|player|p1|beancount|265
|player|p2|Repro|285
|gametype|singles
|gen|6
|tier|OU
|rated
|clearpoke
|poke|p1|Scolipede, M
|poke|p1|Espeon, F
|poke|p1|Latios, M
|poke|p1|Terrakion
|poke|p1|Charizard, F
|poke|p1|Wobbuffet, F
|poke|p2|Garchomp, M
|poke|p2|Heatran, M
|poke|p2|Gardevoir, F
|poke|p2|Keldeo
|poke|p2|Latios, M
|poke|p2|Bisharp, M
|rule|Swagger Clause: Swagger is banned
|rule|Baton Pass Clause: Limit one PokÃ©mon knowing Baton Pass
|rule|Sleep Clause Mod: Limit one foe put to sleep
|rule|Species Clause: Limit one of each PokÃ©mon
|rule|OHKO Clause: OHKO moves are banned
|rule|Moody Clause: Moody is banned
|rule|Evasion Moves Clause: Evasion moves are banned
|rule|Endless Battle Clause: Forcing endless battles is banned
|rule|HP Percentage Mod: HP is shown in percentages
|teampreview
|
|start
|switch|p1a: Latios|Latios, M|364\/364
|switch|p2a: Gardevoir|Gardevoir, F|277\/277
|-ability|p2a: Gardevoir|Levitate|[from] ability: Trace|[of] p1a: Latios
|turn|1
|
|detailschange|p2a: Gardevoir|Gardevoir-Mega, F
|-mega|p2a: Gardevoir|Gardevoir|Gardevoirite
|move|p1a: Latios|Light Screen|p1a: Latios
|-sidestart|p1: beancount|move: Light Screen
|move|p2a: Gardevoir|Hyper Voice|p1a: Latios
|-supereffective|p1a: Latios
|-damage|p1a: Latios|106\/364
|
|turn|2
|
|switch|p2a: Bisharp|Bisharp, M|289\/289
|move|p1a: Latios|Memento|p2a: Bisharp
|-unboost|p2a: Bisharp|atk|2
|-boost|p2a: Bisharp|atk|2|[from] ability: Defiant
|-unboost|p2a: Bisharp|spa|2
|-boost|p2a: Bisharp|atk|2|[from] ability: Defiant
|faint|p1a: Latios
|
|
|switch|p1a: Terrakion|Terrakion|323\/323
|turn|3
|
|switch|p2a: Garchomp|Garchomp, M|420\/420
|move|p1a: Terrakion|Close Combat|p2a: Garchomp
|-damage|p2a: Garchomp|261\/420
|-damage|p1a: Terrakion|283\/323|[from] ability: Rough Skin|[of] p2a: Garchomp
|-damage|p1a: Terrakion|230\/323|[from] item: Rocky Helmet|[of] p2a: Garchomp
|-unboost|p1a: Terrakion|def|1
|-unboost|p1a: Terrakion|spd|1
|
|turn|4
|c|âbeancount|ill
|
|move|p1a: Terrakion|Taunt|p2a: Garchomp
|-start|p2a: Garchomp|move: Taunt
|move|p2a: Garchomp|Earthquake|p1a: Terrakion
|-supereffective|p1a: Terrakion
|-damage|p1a: Terrakion|0 fnt
|faint|p1a: Terrakion
|
|
|switch|p1a: Scolipede|Scolipede, M|323\/323
|turn|5
|
|switch|p2a: Gardevoir|Gardevoir-Mega, F|277\/277
|move|p1a: Scolipede|Iron Defense|p1a: Scolipede
|-boost|p1a: Scolipede|def|2
|
|-boost|p1a: Scolipede|spe|1|[from] ability: Speed Boost
|turn|6
|
|move|p1a: Scolipede|Protect|p1a: Scolipede
|-singleturn|p1a: Scolipede|Protect
|move|p2a: Gardevoir|Psyshock|p1a: Scolipede
|-activate|p1a: Scolipede|Protect
|
|-boost|p1a: Scolipede|spe|1|[from] ability: Speed Boost
|turn|7
|
|move|p1a: Scolipede|Baton Pass|p1a: Scolipede
|
|switch|p1a: Charizard|Charizard, F|359\/359
|move|p2a: Gardevoir|Psyshock|p1a: Charizard
|-damage|p1a: Charizard|306\/359
|
|turn|8
|
|move|p1a: Charizard|Swords Dance|p1a: Charizard
|-boost|p1a: Charizard|atk|2
|move|p2a: Gardevoir|Hyper Voice|p1a: Charizard
|-resisted|p1a: Charizard
|-damage|p1a: Charizard|235\/359
|
|-sideend|p1: beancount|move: Light Screen
|turn|9
|
|switch|p2a: Latios|Latios, M|301\/301
|detailschange|p1a: Charizard|Charizard-Mega-X, F
|-mega|p1a: Charizard|Charizard|Charizardite X
|move|p1a: Charizard|Flare Blitz|p2a: Latios
|-resisted|p2a: Latios
|-damage|p2a: Latios|0 fnt
|-damage|p1a: Charizard|136\/359|[from] recoil|[of] p2a: Latios
|faint|p2a: Latios
|
|
|switch|p2a: Garchomp|Garchomp, M|261\/420
|turn|10
|c|âbeancount|ill
|
|move|p1a: Charizard|Dragon Claw|p2a: Garchomp
|-supereffective|p2a: Garchomp
|-damage|p2a: Garchomp|0 fnt
|-damage|p1a: Charizard|92\/359|[from] ability: Rough Skin|[of] p2a: Garchomp
|-damage|p1a: Charizard|33\/359|[from] item: Rocky Helmet|[of] p2a: Garchomp
|faint|p2a: Garchomp
|
|
|switch|p2a: Bisharp|Bisharp, M|289\/289
|turn|11
|
|move|p1a: Charizard|Roost|p1a: Charizard
|-heal|p1a: Charizard|213\/359
|move|p2a: Bisharp|Swords Dance|p2a: Bisharp
|-boost|p2a: Bisharp|atk|2
|
|turn|12
|
|move|p1a: Charizard|Flare Blitz|p2a: Bisharp
|-supereffective|p2a: Bisharp
|-damage|p2a: Bisharp|0 fnt
|-damage|p1a: Charizard|118\/359|[from] recoil|[of] p2a: Bisharp
|faint|p2a: Bisharp
|
|-message|Repro forfeited.
|
|win|beancount
|raw|Ladder updating...
|leave|Repro
|player|p2
|raw|beancount's rating: 1536 &rarr; <strong>1552<\/strong><br \/>(+16 for winning)
|raw|Repro's rating: 1468 &rarr; <strong>1452<\/strong><br \/>(-16 for losing)
|c|âbeancount|no in my house