|join|ULT King UU
|join|DMT
|player|p1|ULT King UU|29
|player|p2|DMT|184
|gametype|singles
|gen|6
|tier|UU
|rated
|rule|Sleep Clause Mod: Limit one foe put to sleep
|rule|Species Clause: Limit one of each PokÃ©mon
|rule|OHKO Clause: OHKO moves are banned
|rule|Moody Clause: Moody is banned
|rule|Evasion Moves Clause: Evasion moves are banned
|rule|Endless Battle Clause: Forcing endless battles is banned
|rule|HP Percentage Mod: HP is reported as percentages
|clearpoke
|poke|p1|Victini
|poke|p1|Ampharos, F
|poke|p1|Forretress, M
|poke|p1|Swampert, M
|poke|p1|Umbreon, F
|poke|p1|Crobat, M
|poke|p2|Shedinja
|poke|p2|Absol, F
|poke|p2|Xatu, M
|poke|p2|Cobalion
|poke|p2|Mew
|poke|p2|Tentacruel, F
|rule|Swagger Clause: Swagger is banned
|rule|Baton Pass Clause: Limit one PokÃ©mon knowing Baton Pass
|teampreview
|chat|DMT|hi
|chat|ULT King UU|hi
|
|start
|switch|p1a: Forretress|Forretress, M|354\/354
|switch|p2a: Mew|Mew|341\/341
|turn|1
|
|move|p2a: Mew|Trick|p1a: Forretress
|-activate|p2a: Mew|move: Trick|[of] p1a: Forretress
|-item|p1a: Forretress|Choice Scarf|[from] move: Trick
|-item|p2a: Mew|Leftovers|[from] move: Trick
|move|p1a: Forretress|Toxic|p2a: Mew
|-status|p2a: Mew|tox
|
|-damage|p2a: Mew|320\/341 tox|[from] psn
|turn|2
|
|switch|p1a: Victini|Victini|341\/341
|move|p2a: Mew|Volt Switch|p1a: Victini
|-damage|p1a: Victini|274\/341
|
|switch|p2a: Absol|Absol, F|271\/271
|
|turn|3
|
|detailschange|p2a: Absol|Absol-Mega, F
|message|Absol has Mega Evolved into Mega Absol!
|move|p2a: Absol|Sucker Punch|p1a: Victini
|-crit|p1a: Victini
|-supereffective|p1a: Victini
|-damage|p1a: Victini|0 fnt
|faint|p1a: Victini
|
|
|switch|p1a: Crobat|Crobat, M|331\/331
|turn|4
|
|switch|p2a: Xatu|Xatu, M|334\/334
|move|p1a: Crobat|U-turn|p2a: Xatu
|-damage|p2a: Xatu|267\/334
|-damage|p1a: Crobat|276\/331|[from] item: Rocky Helmet|[of] p2a: Xatu
|
|switch|p1a: Ampharos|Ampharos, F|374\/374
|
|turn|5
|join|Volbeatdown
|
|detailschange|p1a: Ampharos|Ampharos-Mega, F
|message|Ampharos has Mega Evolved into Mega Ampharos!
|-ability|p1a: Ampharos|Mold Breaker
|move|p2a: Xatu|U-turn|p1a: Ampharos
|-damage|p1a: Ampharos|336\/374
|
|switch|p2a: Mew|Mew|320\/341 tox
|move|p1a: Ampharos|Volt Switch|p2a: Mew
|-damage|p2a: Mew|146\/341 tox
|
|switch|p1a: Crobat|Crobat, M|276\/331
|
|-heal|p2a: Mew|167\/341 tox|[from] item: Leftovers
|-damage|p2a: Mew|146\/341 tox|[from] psn
|turn|6
|
|switch|p2a: Xatu|Xatu, M|267\/334
|move|p1a: Crobat|Brave Bird|p2a: Xatu
|-damage|p2a: Xatu|101\/334
|-damage|p1a: Crobat|221\/331|[from] item: Rocky Helmet|[of] p2a: Xatu
|-damage|p1a: Crobat|166\/331|[from] recoil|[of] p2a: Xatu
|
|turn|7
|
|move|p1a: Crobat|Brave Bird|p2a: Xatu
|-damage|p2a: Xatu|0 fnt
|-damage|p1a: Crobat|111\/331|[from] item: Rocky Helmet|[of] p2a: Xatu
|-damage|p1a: Crobat|78\/331|[from] recoil|[of] p2a: Xatu
|faint|p2a: Xatu
|
|
|switch|p2a: Tentacruel|Tentacruel, F|364\/364
|turn|8
|
|switch|p1a: Forretress|Forretress, M|354\/354
|move|p2a: Tentacruel|Toxic Spikes|p1a: Forretress
|-sidestart|p1: ULT King UU|move: Toxic Spikes
|
|turn|9
|join|blitzfiend
|
|move|p2a: Tentacruel|Scald|p1a: Forretress
|-damage|p1a: Forretress|227\/354
|-status|p1a: Forretress|brn
|move|p1a: Forretress|Spikes|p2a: Tentacruel
|-sidestart|p2: DMT|Spikes
|
|-damage|p1a: Forretress|183\/354 brn|[from] brn
|turn|10
|chat|DMT|noooooo
|
|switch|p1a: Ampharos|Ampharos-Mega, F|336\/374
|-status|p1a: Ampharos|psn
|-ability|p1a: Ampharos|Mold Breaker
|move|p2a: Tentacruel|Rapid Spin|p1a: Ampharos
|-damage|p1a: Ampharos|326\/374 psn
|-sideend|p2: DMT|Spikes|[from] move: Rapid Spin|[of] p2a: Tentacruel
|
|-damage|p1a: Ampharos|280\/374 psn|[from] psn
|turn|11
|
|switch|p2a: Mew|Mew|146\/341 tox
|move|p1a: Ampharos|Volt Switch|p2a: Mew
|-damage|p2a: Mew|0 fnt
|faint|p2a: Mew
|
|switch|p1a: Forretress|Forretress, M|183\/354 brn
|
|-damage|p1a: Forretress|139\/354 brn|[from] brn
|
|switch|p2a: Cobalion|Cobalion|386\/386
|turn|12
|
|move|p2a: Cobalion|Volt Switch|p1a: Forretress
|-damage|p1a: Forretress|76\/354 brn
|
|switch|p2a: Absol|Absol-Mega, F|271\/271
|move|p1a: Forretress|Rapid Spin|p2a: Absol
|-damage|p2a: Absol|261\/271
|-sideend|p1: ULT King UU|Toxic Spikes|[from] move: Rapid Spin|[of] p1a: Forretress
|
|-damage|p1a: Forretress|32\/354 brn|[from] brn
|turn|13
|chat|DMT|oh
|chat|DMT|right it can do that
|
|move|p2a: Absol|Swords Dance|p2a: Absol
|-boost|p2a: Absol|atk|2
|move|p1a: Forretress|Rapid Spin|p2a: Absol
|-crit|p2a: Absol
|-damage|p2a: Absol|244\/271
|
|-damage|p1a: Forretress|0 fnt|[from] brn
|faint|p1a: Forretress
|
|switch|p1a: Umbreon|Umbreon, F|394\/394
|turn|14
|
|move|p2a: Absol|Baton Pass|p2a: Absol
|
|switch|p2a: Cobalion|Cobalion|386\/386
|move|p1a: Umbreon|Foul Play|p2a: Cobalion
|-resisted|p2a: Cobalion
|-damage|p2a: Cobalion|326\/386
|-boost|p2a: Cobalion|atk|1|[from] ability: Justified
|
|-heal|p2a: Cobalion|350\/386|[from] item: Leftovers
|turn|15
|chat|Volbeatdown|oooh
|chat|ULT King UU|..?
|chat|DMT|?
|chat|ULT King UU|how did that do
|chat|ULT King UU|so gosh darn little
|chat|DMT|:^]
|chat|DMT|<---
|
|switch|p2a: Tentacruel|Tentacruel, F|364\/364
|switch|p1a: Swampert|Swampert, M|404\/404
|
|turn|16
|
|move|p2a: Tentacruel|Toxic Spikes|p1a: Swampert
|-sidestart|p1: ULT King UU|move: Toxic Spikes
|move|p1a: Swampert|Earthquake|p2a: Tentacruel
|-supereffective|p2a: Tentacruel
|-damage|p2a: Tentacruel|134\/364
|
|-heal|p2a: Tentacruel|156\/364|[from] item: Black Sludge
|turn|17
|chat|Volbeatdown|defensive Cobal?
|
|switch|p2a: Shedinja|Shedinja|1\/1
|move|p1a: Swampert|Stealth Rock|p2a: Shedinja
|-sidestart|p2: DMT|move: Stealth Rock
|
|turn|18
|
|move|p2a: Shedinja|Swords Dance|p2a: Shedinja
|-boost|p2a: Shedinja|atk|2
|move|p1a: Swampert|Roar|p2a: Shedinja
|drag|p2a: Cobalion|Cobalion|350\/386
|-damage|p2a: Cobalion|338\/386|[from] Stealth Rock
|
|-heal|p2a: Cobalion|362\/386|[from] item: Leftovers
|turn|19
|chat|DMT|oh right
|chat|DMT|durr
|
|move|p2a: Cobalion|Iron Head|p1a: Swampert
|-resisted|p1a: Swampert
|-damage|p1a: Swampert|368\/404
|move|p1a: Swampert|Earthquake|p2a: Cobalion
|-supereffective|p2a: Cobalion
|-damage|p2a: Cobalion|204\/386
|
|-heal|p2a: Cobalion|228\/386|[from] item: Leftovers
|-heal|p1a: Swampert|393\/404|[from] item: Leftovers
|turn|20
|
|move|p2a: Cobalion|Iron Head|p1a: Swampert
|-resisted|p1a: Swampert
|-damage|p1a: Swampert|360\/404
|move|p1a: Swampert|Earthquake|p2a: Cobalion
|-supereffective|p2a: Cobalion
|-damage|p2a: Cobalion|64\/386
|
|-heal|p2a: Cobalion|88\/386|[from] item: Leftovers
|-heal|p1a: Swampert|385\/404|[from] item: Leftovers
|turn|21
|
|move|p2a: Cobalion|Iron Head|p1a: Swampert
|-resisted|p1a: Swampert
|-damage|p1a: Swampert|349\/404
|move|p1a: Swampert|Earthquake|p2a: Cobalion
|-supereffective|p2a: Cobalion
|-damage|p2a: Cobalion|0 fnt
|faint|p2a: Cobalion
|
|-heal|p1a: Swampert|374\/404|[from] item: Leftovers
|
|switch|p2a: Tentacruel|Tentacruel, F|156\/364
|-damage|p2a: Tentacruel|111\/364|[from] Stealth Rock
|turn|22
|
|move|p2a: Tentacruel|Rapid Spin|p1a: Swampert
|-damage|p1a: Swampert|364\/404
|-sideend|p2: DMT|Stealth Rock|[from] move: Rapid Spin|[of] p2a: Tentacruel
|move|p1a: Swampert|Earthquake|p2a: Tentacruel
|-supereffective|p2a: Tentacruel
|-damage|p2a: Tentacruel|0 fnt
|faint|p2a: Tentacruel
|
|-heal|p1a: Swampert|389\/404|[from] item: Leftovers
|
|switch|p2a: Shedinja|Shedinja|1\/1
|turn|23
|
|switch|p2a: Absol|Absol-Mega, F|244\/271
|move|p1a: Swampert|Stealth Rock|p2a: Absol
|move|p2a: Absol|Stealth Rock|p1a: Swampert|[from]Magic Bounce
|-sidestart|p1: ULT King UU|move: Stealth Rock
|
|-heal|p1a: Swampert|404\/404|[from] item: Leftovers
|turn|24
|
|move|p2a: Absol|Swords Dance|p2a: Absol
|-boost|p2a: Absol|atk|2
|move|p1a: Swampert|Earthquake|p2a: Absol
|-damage|p2a: Absol|37\/271
|
|turn|25
|chat|ULT King UU|hm
|
|move|p2a: Absol|Knock Off|p1a: Swampert
|-damage|p1a: Swampert|94\/404
|-enditem|p1a: Swampert|Leftovers|[from] move: Knock Off|[of] p2a: Absol
|move|p1a: Swampert|Earthquake|p2a: Absol
|-damage|p2a: Absol|0 fnt
|faint|p2a: Absol
|
|
|switch|p2a: Shedinja|Shedinja|1\/1
|turn|26
|
|switch|p1a: Umbreon|Umbreon, F|394\/394
|-status|p1a: Umbreon|psn
|-damage|p1a: Umbreon|345\/394 psn|[from] Stealth Rock
|move|p2a: Shedinja|Swords Dance|p2a: Shedinja
|-boost|p2a: Shedinja|atk|2
|
|-heal|p1a: Umbreon|369\/394 psn|[from] item: Leftovers
|-damage|p1a: Umbreon|320\/394 psn|[from] psn
|turn|27
|join|ULT Torm
|
|move|p2a: Shedinja|Protect|p2a: Shedinja
|-singleturn|p2a: Shedinja|Protect
|move|p1a: Umbreon|Foul Play|p2a: Shedinja
|-activate|p2a: Shedinja|Protect
|
|-heal|p1a: Umbreon|344\/394 psn|[from] item: Leftovers
|-damage|p1a: Umbreon|295\/394 psn|[from] psn
|turn|28
|chat|ULT King UU|please lum berry
|
|move|p2a: Shedinja|X-Scissor|p1a: Umbreon
|-supereffective|p1a: Umbreon
|-damage|p1a: Umbreon|0 fnt
|faint|p1a: Umbreon
|
|chat|DMT|lol nah
|chat|ULT King UU|awww
|chat|DMT|I'm sash
|chat|ULT King UU|faster
|chat|DMT|yehhh
|chat|ULT King UU|fuck
|chat|ULT King UU|Tyler
|chat|DMT|:^]
|
|switch|p1a: Ampharos|Ampharos-Mega, F|280\/374 psn
|-damage|p1a: Ampharos|234\/374 psn|[from] Stealth Rock
|-ability|p1a: Ampharos|Mold Breaker
|turn|29
|
|move|p2a: Shedinja|Protect|p2a: Shedinja
|-singleturn|p2a: Shedinja|Protect
|move|p1a: Ampharos|Thunderbolt|p2a: Shedinja
|-activate|p2a: Shedinja|Protect
|
|-damage|p1a: Ampharos|188\/374 psn|[from] psn
|turn|30
|
|move|p2a: Shedinja|X-Scissor|p1a: Ampharos
|-crit|p1a: Ampharos
|-damage|p1a: Ampharos|0 fnt
|faint|p1a: Ampharos
|
|chat|DMT|oof
|
|switch|p1a: Crobat|Crobat, M|78\/331
|-damage|p1a: Crobat|0 fnt|[from] Stealth Rock
|faint|p1a: Crobat
|
|switch|p1a: Swampert|Swampert, M|94\/404
|-damage|p1a: Swampert|69\/404|[from] Stealth Rock
|-status|p1a: Swampert|psn
|turn|31
|
|move|p2a: Shedinja|Shadow Sneak|p1a: Swampert
|-crit|p1a: Swampert
|-damage|p1a: Swampert|0 fnt
|faint|p1a: Swampert
|
|win|DMT
|raw|Ladder updating...
|raw|ULT King UU's rating: 1691 &rarr; <strong>1667<\/strong><br \/>(-24 for losing)
|raw|DMT's rating: 1616 &rarr; <strong>1640<\/strong><br \/>(+24 for winning)
|chat|DMT|gg
|chat|ULT King UU|gg
|leave|blitzfiend
|leave|ULT Torm
|leave|ULT King UU
|player|p1
|player|p2|Guest 517982|184
|join|Paper
|player|p2|Paper|184
|leave|Volbeatdown
|join|Technosis
|leave|Technosis
|join|Dean Blaid
|leave|Dean Blaid
|join|Dean Blaid
|leave|Dean Blaid