|join|ULT King UU
|join|CykoMore
|player|p1|ULT King UU|29
|player|p2|CykoMore|144
|gametype|singles
|gen|6
|tier|UU
|rated
|rule|Sleep Clause Mod: Limit one foe put to sleep
|rule|Species Clause: Limit one of each PokÃ©mon
|rule|OHKO Clause: OHKO moves are banned
|rule|Moody Clause: Moody is banned
|rule|Evasion Moves Clause: Evasion moves are banned
|rule|Endless Battle Clause: Forcing endless battles is banned
|rule|HP Percentage Mod: HP is reported as percentages
|clearpoke
|poke|p1|Victini
|poke|p1|Ampharos, M
|poke|p1|Forretress, M
|poke|p1|Swampert, M
|poke|p1|Umbreon, F
|poke|p1|Crobat, F
|poke|p2|Rhydon, F
|poke|p2|Alomomola, M
|poke|p2|Blissey, F
|poke|p2|Mew
|poke|p2|Amoonguss, M
|poke|p2|Forretress, M
|rule|Swagger Clause: Swagger is banned
|rule|Baton Pass Clause: Limit one PokÃ©mon knowing Baton Pass
|teampreview
|
|start
|switch|p1a: Victini|Victini|341\/341
|switch|p2a: Amoonguss|Amoonguss, M|432\/432
|turn|1
|
|switch|p2a: Rhydon|Rhydon, F|414\/414
|move|p1a: Victini|Bolt Strike|p2a: Rhydon
|-immune|p2a: Rhydon|[msg]
|
|turn|2
|chat|ULT King UU|nb
|chat|CykoMore|nb ?
|
|switch|p1a: Forretress|Forretress, M|354\/354
|move|p2a: Rhydon|Stealth Rock|p1a: Forretress
|-sidestart|p1: ULT King UU|move: Stealth Rock
|
|turn|3
|chat|ULT King UU|not bad
|
|switch|p2a: Forretress|Forretress, M|354\/354
|move|p1a: Forretress|Rapid Spin|p2a: Forretress
|-resisted|p2a: Forretress
|-damage|p2a: Forretress|350\/354
|-sideend|p1: ULT King UU|Stealth Rock|[from] move: Rapid Spin|[of] p1a: Forretress
|
|-heal|p2a: Forretress|354\/354|[from] item: Leftovers
|turn|4
|
|move|p1a: Forretress|Spikes|p2a: Forretress
|-sidestart|p2: CykoMore|Spikes
|move|p2a: Forretress|Stealth Rock|p1a: Forretress
|-sidestart|p1: ULT King UU|move: Stealth Rock
|
|turn|5
|
|move|p1a: Forretress|Rapid Spin|p2a: Forretress
|-resisted|p2a: Forretress
|-damage|p2a: Forretress|351\/354
|-sideend|p1: ULT King UU|Stealth Rock|[from] move: Rapid Spin|[of] p1a: Forretress
|move|p2a: Forretress|Rapid Spin|p1a: Forretress
|-resisted|p1a: Forretress
|-damage|p1a: Forretress|350\/354
|-sideend|p2: CykoMore|Spikes|[from] move: Rapid Spin|[of] p2a: Forretress
|
|-heal|p1a: Forretress|354\/354|[from] item: Leftovers
|-heal|p2a: Forretress|354\/354|[from] item: Leftovers
|turn|6
|
|switch|p2a: Amoonguss|Amoonguss, M|432\/432
|move|p1a: Forretress|Spikes|p2a: Amoonguss
|-sidestart|p2: CykoMore|Spikes
|
|turn|7
|
|move|p1a: Forretress|Volt Switch|p2a: Amoonguss
|-resisted|p2a: Amoonguss
|-damage|p2a: Amoonguss|417\/432
|
|switch|p1a: Victini|Victini|341\/341
|move|p2a: Amoonguss|Spore|p1a: Victini
|-status|p1a: Victini|slp
|
|-heal|p2a: Amoonguss|432\/432|[from] item: Leftovers
|turn|8
|
|switch|p1a: Ampharos|Ampharos, M|374\/374
|move|p2a: Amoonguss|Foul Play|p1a: Ampharos
|-damage|p1a: Ampharos|324\/374
|
|turn|9
|
|detailschange|p1a: Ampharos|Ampharos-Mega, M
|message|Ampharos has Mega Evolved into Mega Ampharos!
|-ability|p1a: Ampharos|Mold Breaker
|move|p1a: Ampharos|Volt Switch|p2a: Amoonguss
|-resisted|p2a: Amoonguss
|-damage|p2a: Amoonguss|362\/432
|join|anti-test
|
|switch|p1a: Forretress|Forretress, M|354\/354
|move|p2a: Amoonguss|Toxic|p1a: Forretress
|-fail|p1a: Forretress
|
|-heal|p2a: Amoonguss|389\/432|[from] item: Leftovers
|turn|10
|join|ANGER MANAGEMENT
|
|switch|p2a: Mew|Mew|404\/404
|-damage|p2a: Mew|354\/404|[from] Spikes
|move|p1a: Forretress|Spikes|p2a: Mew
|-sidestart|p2: CykoMore|Spikes
|
|-heal|p2a: Mew|379\/404|[from] item: Leftovers
|turn|11
|
|move|p2a: Mew|Taunt|p1a: Forretress
|-start|p1a: Forretress|move: Taunt
|cant|p1a: Forretress|move: Taunt|Toxic
|
|-heal|p2a: Mew|404\/404|[from] item: Leftovers
|turn|12
|leave|ANGER MANAGEMENT
|join|Shit user
|
|move|p2a: Mew|Will-O-Wisp|p1a: Forretress|[miss]
|-miss|p2a: Mew|p1a: Forretress
|move|p1a: Forretress|Volt Switch|p2a: Mew
|-damage|p2a: Mew|369\/404
|
|switch|p1a: Umbreon|Umbreon, F|394\/394
|
|-heal|p2a: Mew|394\/404|[from] item: Leftovers
|turn|13
|
|switch|p2a: Alomomola|Alomomola, M|534\/534
|-damage|p2a: Alomomola|445\/534|[from] Spikes
|switch|p1a: Ampharos|Ampharos-Mega, M|324\/374
|-ability|p1a: Ampharos|Mold Breaker
|
|-heal|p2a: Alomomola|478\/534|[from] item: Leftovers
|turn|14
|
|switch|p2a: Rhydon|Rhydon, F|414\/414
|-damage|p2a: Rhydon|345\/414|[from] Spikes
|move|p1a: Ampharos|Dragon Pulse|p2a: Rhydon
|-damage|p2a: Rhydon|104\/414
|
|turn|15
|chat|Shit user|mfw bad stall teams
|
|switch|p2a: Blissey|Blissey, F|714\/714
|-damage|p2a: Blissey|595\/714|[from] Spikes
|move|p1a: Ampharos|Dragon Pulse|p2a: Blissey
|-crit|p2a: Blissey
|-damage|p2a: Blissey|349\/714
|
|-heal|p2a: Blissey|393\/714|[from] item: Leftovers
|turn|16
|
|move|p2a: Blissey|Soft-Boiled|p2a: Blissey
|-heal|p2a: Blissey|714\/714
|move|p1a: Ampharos|Volt Switch|p2a: Blissey
|-damage|p2a: Blissey|579\/714
|
|switch|p1a: Swampert|Swampert, M|404\/404
|
|-heal|p2a: Blissey|623\/714|[from] item: Leftovers
|turn|17
|chat|Shit user|wow run enough speed for blissey nerd
|
|move|p2a: Blissey|Toxic|p1a: Swampert
|-status|p1a: Swampert|tox
|move|p1a: Swampert|Stealth Rock|p2a: Blissey
|-sidestart|p2: CykoMore|move: Stealth Rock
|
|-heal|p2a: Blissey|667\/714|[from] item: Leftovers
|-damage|p1a: Swampert|379\/404 tox|[from] psn
|turn|18
|chat|ULT King UU|no
|chat|ULT King UU|I like slower
|chat|Shit user|is that a defensive or bulky one
|chat|ULT King UU|with 2 faster u-turns, and 2 slower volt-switches I can literally control it
|chat|ULT King UU|it being the momentum of the game
|
|switch|p2a: Alomomola|Alomomola, M|534\/534
|-damage|p2a: Alomomola|445\/534|[from] Spikes
|-damage|p2a: Alomomola|379\/534|[from] Stealth Rock
|switch|p1a: Ampharos|Ampharos-Mega, M|324\/374
|-ability|p1a: Ampharos|Mold Breaker
|
|-heal|p2a: Alomomola|412\/534|[from] item: Leftovers
|turn|19
|chat|Shit user|fair enough
|chat|Shit user|i like outspeeding
|chat|Shit user|\/me shrug
|
|move|p2a: Alomomola|Protect|p2a: Alomomola
|-singleturn|p2a: Alomomola|Protect
|move|p1a: Ampharos|Dragon Pulse|p2a: Alomomola
|-activate|p2a: Alomomola|Protect
|
|-heal|p2a: Alomomola|445\/534|[from] item: Leftovers
|turn|20
|chat|ULT King UU|I carry enough to outspeed 4 neutral base 50s
|
|switch|p2a: Amoonguss|Amoonguss, M|432\/432
|-damage|p2a: Amoonguss|360\/432|[from] Spikes
|-damage|p2a: Amoonguss|306\/432|[from] Stealth Rock
|move|p1a: Ampharos|Volt Switch|p2a: Amoonguss
|-resisted|p2a: Amoonguss
|-damage|p2a: Amoonguss|233\/432
|chat|Shit user|so donphan
|chat|Shit user|\/\/hippo
|chat|ULT King UU|mhm
|
|switch|p1a: Crobat|Crobat, F|331\/331
|
|-heal|p2a: Amoonguss|260\/432|[from] item: Leftovers
|turn|21
|
|move|p1a: Crobat|U-turn|p2a: Amoonguss
|-damage|p2a: Amoonguss|172\/432
|
|switch|p1a: Forretress|Forretress, M|354\/354
|move|p2a: Amoonguss|Foul Play|p1a: Forretress
|-damage|p1a: Forretress|321\/354
|
|-heal|p1a: Forretress|343\/354|[from] item: Leftovers
|-heal|p2a: Amoonguss|199\/432|[from] item: Leftovers
|turn|22
|chat|Shit user|cykomore how do you win games
|
|switch|p2a: Blissey|Blissey, F|667\/714
|-damage|p2a: Blissey|548\/714|[from] Spikes
|-damage|p2a: Blissey|459\/714|[from] Stealth Rock
|move|p1a: Forretress|Volt Switch|p2a: Blissey
|-damage|p2a: Blissey|429\/714
|
|switch|p1a: Umbreon|Umbreon, F|394\/394
|
|-heal|p2a: Blissey|473\/714|[from] item: Leftovers
|turn|23
|chat|CykoMore|Why this question ?
|
|switch|p2a: Alomomola|Alomomola, M|534\/534
|-damage|p2a: Alomomola|445\/534|[from] Spikes
|-damage|p2a: Alomomola|379\/534|[from] Stealth Rock
|move|p1a: Umbreon|Heal Bell|p1a: Umbreon
|-cureteam|p1a: Umbreon|[from] move: HealBell
|
|-heal|p2a: Alomomola|412\/534|[from] item: Leftovers
|turn|24
|
|switch|p1a: Ampharos|Ampharos-Mega, M|324\/374
|-ability|p1a: Ampharos|Mold Breaker
|move|p2a: Alomomola|Wish|p2a: Alomomola
|
|-heal|p2a: Alomomola|445\/534|[from] item: Leftovers
|turn|25
|chat|Shit user|i guess hazard stack
|
|switch|p2a: Forretress|Forretress, M|354\/354
|-damage|p2a: Forretress|310\/354|[from] Stealth Rock
|-damage|p2a: Forretress|251\/354|[from] Spikes
|move|p1a: Ampharos|Dragon Pulse|p2a: Forretress
|-resisted|p2a: Forretress
|-damage|p2a: Forretress|99\/354
|
|-heal|p2a: Forretress|354\/354|[from] move: Wish|[wisher] Alomomola
|turn|26
|
|move|p1a: Ampharos|Thunderbolt|p2a: Forretress
|-damage|p2a: Forretress|62\/354
|move|p2a: Forretress|Rapid Spin|p1a: Ampharos
|-damage|p1a: Ampharos|311\/374
|-sideend|p2: CykoMore|Spikes|[from] move: Rapid Spin|[of] p2a: Forretress
|-sideend|p2: CykoMore|Stealth Rock|[from] move: Rapid Spin|[of] p2a: Forretress
|
|-heal|p2a: Forretress|84\/354|[from] item: Leftovers
|turn|27
|
|switch|p2a: Amoonguss|Amoonguss, M|343\/432
|move|p1a: Ampharos|Volt Switch|p2a: Amoonguss
|-resisted|p2a: Amoonguss
|-damage|p2a: Amoonguss|274\/432
|
|switch|p1a: Forretress|Forretress, M|343\/354
|
|-heal|p1a: Forretress|354\/354|[from] item: Leftovers
|-heal|p2a: Amoonguss|301\/432|[from] item: Leftovers
|turn|28
|chat|Shit user|that must be the same feeling as right after taking a big shit
|
|switch|p2a: Forretress|Forretress, M|84\/354
|move|p1a: Forretress|Spikes|p2a: Forretress
|-sidestart|p2: CykoMore|Spikes
|
|-heal|p2a: Forretress|106\/354|[from] item: Leftovers
|turn|29
|chat|ULT King UU|Sorry buddy
|chat|ULT King UU|You're living with hazards
|
|move|p1a: Forretress|Volt Switch|p2a: Forretress
|-damage|p2a: Forretress|46\/354
|
|switch|p1a: Ampharos|Ampharos-Mega, M|311\/374
|-ability|p1a: Ampharos|Mold Breaker
|move|p2a: Forretress|Rapid Spin|p1a: Ampharos
|-damage|p1a: Ampharos|297\/374
|-sideend|p2: CykoMore|Spikes|[from] move: Rapid Spin|[of] p2a: Forretress
|
|-heal|p2a: Forretress|68\/354|[from] item: Leftovers
|turn|30
|chat|Shit user|only to need a shit again
|
|switch|p2a: Rhydon|Rhydon, F|104\/414
|move|p1a: Ampharos|Volt Switch|p2a: Rhydon
|-immune|p2a: Rhydon|[msg]
|
|turn|31
|
|switch|p2a: Blissey|Blissey, F|473\/714
|move|p1a: Ampharos|Dragon Pulse|p2a: Blissey
|-damage|p2a: Blissey|307\/714
|
|-heal|p2a: Blissey|351\/714|[from] item: Leftovers
|turn|32
|
|move|p2a: Blissey|Soft-Boiled|p2a: Blissey
|-heal|p2a: Blissey|708\/714
|move|p1a: Ampharos|Volt Switch|p2a: Blissey
|-crit|p2a: Blissey
|-damage|p2a: Blissey|516\/714
|
|switch|p1a: Swampert|Swampert, M|379\/404
|
|-heal|p2a: Blissey|560\/714|[from] item: Leftovers
|-heal|p1a: Swampert|404\/404|[from] item: Leftovers
|turn|33
|
|switch|p2a: Alomomola|Alomomola, M|534\/534
|move|p1a: Swampert|Stealth Rock|p2a: Alomomola
|-sidestart|p2: CykoMore|move: Stealth Rock
|
|turn|34
|
|switch|p1a: Ampharos|Ampharos-Mega, M|297\/374
|-ability|p1a: Ampharos|Mold Breaker
|move|p2a: Alomomola|Toxic|p1a: Ampharos
|-status|p1a: Ampharos|tox
|
|-damage|p1a: Ampharos|274\/374 tox|[from] psn
|turn|35
|
|switch|p2a: Amoonguss|Amoonguss, M|432\/432
|-damage|p2a: Amoonguss|378\/432|[from] Stealth Rock
|move|p1a: Ampharos|Volt Switch|p2a: Amoonguss
|-resisted|p2a: Amoonguss
|-damage|p2a: Amoonguss|307\/432
|
|switch|p1a: Forretress|Forretress, M|354\/354
|
|-heal|p2a: Amoonguss|334\/432|[from] item: Leftovers
|turn|36
|
|move|p1a: Forretress|Spikes|p2a: Amoonguss
|-sidestart|p2: CykoMore|Spikes
|move|p2a: Amoonguss|Spore|p1a: Forretress
|-fail|p1a: Forretress
|
|-heal|p2a: Amoonguss|361\/432|[from] item: Leftovers
|turn|37
|chat|Shit user|mfw not toxic stalling
|chat|CykoMore|Overcoat ^^ 
|chat|Shit user|H A Z A R D S T A C K
|chat|Shit user|tbh whats the point in sturdy
|chat|ULT King UU|lol i know'
|chat|CykoMore|I will lose this game, spikes and sr will kill me gg
|chat|Shit user|you want forrey around as long as possible
|chat|Shit user|on balance anyway
|chat|ULT King UU|gg
|-message|CykoMore forfeited.
|
|win|ULT King UU
|raw|Ladder updating...
|leave|CykoMore
|player|p2
|raw|ULT King UU's rating: 1609 &rarr; <strong>1619<\/strong><br \/>(+10 for winning)
|raw|CykoMore's rating: 1426 &rarr; <strong>1415<\/strong><br \/>(-11 for losing)
|leave|ULT King UU
|player|p1
|leave|Shit user
|leave|anti-test