|join|mcts
|join|ULT King UU
|player|p1|mcts|147
|player|p2|ULT King UU|121
|gametype|singles
|gen|6
|tier|UU
|rated
|rule|Sleep Clause Mod: Limit one foe put to sleep
|rule|Species Clause: Limit one of each PokÃ©mon
|rule|OHKO Clause: OHKO moves are banned
|rule|Moody Clause: Moody is banned
|rule|Evasion Moves Clause: Evasion moves are banned
|rule|Endless Battle Clause: Forcing endless battles is banned
|rule|HP Percentage Mod: HP is shown in percentages
|clearpoke
|poke|p1|Florges, F
|poke|p1|Blastoise, F
|poke|p1|Bronzong
|poke|p1|Dugtrio, F
|poke|p1|Mienshao, F
|poke|p1|Entei, shiny
|poke|p2|Mew
|poke|p2|Roserade, F
|poke|p2|Aerodactyl, F
|poke|p2|Hydreigon, F
|poke|p2|Heracross, F
|poke|p2|Galvantula, M
|rule|Swagger Clause: Swagger is banned
|rule|Baton Pass Clause: Limit one PokÃ©mon knowing Baton Pass
|teampreview
|join|so dynamic
|join|Lixx
|
|start
|switch|p1a: Entei|Entei, shiny|372\/372
|switch|p2a: Galvantula|Galvantula, M|281\/281
|-ability|p1a: Entei|Pressure
|turn|1
|
|move|p2a: Galvantula|Sticky Web|p1a: Entei
|-sidestart|p1: mcts|move: Sticky Web
|move|p1a: Entei|Sacred Fire|p2a: Galvantula
|-supereffective|p2a: Galvantula
|-enditem|p2a: Galvantula|Focus Sash
|-damage|p2a: Galvantula|1\/281
|
|turn|2
|
|switch|p1a: PS 3|Dugtrio, F|212\/212
|-activate|p1a: PS 3|move: Sticky Web
|-unboost|p1a: PS 3|spe|1
|move|p2a: Galvantula|Thunder|p1a: PS 3
|-immune|p1a: PS 3|[msg]
|
|turn|3
|
|move|p1a: PS 3|Sucker Punch|p2a: Galvantula
|-damage|p2a: Galvantula|0 fnt
|faint|p2a: Galvantula
|
|join|JensenAcklesButt
|leave|so dynamic
|
|switch|p2a: Heracross|Heracross, F|329\/329
|turn|4
|
|move|p1a: PS 3|Aerial Ace|p2a: Heracross
|-supereffective|p2a: Heracross
|-damage|p2a: Heracross|53\/329
|move|p2a: Heracross|Swords Dance|p2a: Heracross
|-boost|p2a: Heracross|atk|2
|
|-heal|p2a: Heracross|73\/329|[from] item: Leftovers
|turn|5
|chat|ULT King UU|ow
|chat|mcts|hahahahahahaa
|join|so dynamic
|
|move|p1a: PS 3|Aerial Ace|p2a: Heracross
|-supereffective|p2a: Heracross
|-damage|p2a: Heracross|0 fnt
|faint|p2a: Heracross
|
|leave|JensenAcklesButt
|
|switch|p2a: Hydreigon|Hydreigon, F|325\/325
|turn|6
|
|switch|p1a: Florges|Florges, F|360\/360
|-activate|p1a: Florges|move: Sticky Web
|-unboost|p1a: Florges|spe|1
|move|p2a: Hydreigon|U-turn|p1a: Florges
|-resisted|p1a: Florges
|-damage|p1a: Florges|330\/360
|
|switch|p2a: Roserade|Roserade, F|262\/262
|
|-heal|p1a: Florges|352\/360|[from] item: Leftovers
|turn|7
|
|switch|p1a: Game Cube|Bronzong|338\/338
|move|p2a: Roserade|Sludge Bomb|p1a: Game Cube
|-immune|p1a: Game Cube|[msg]
|
|turn|8
|
|move|p2a: Roserade|Sleep Powder|p1a: Game Cube
|-status|p1a: Game Cube|slp
|cant|p1a: Game Cube|slp
|
|turn|9
|join|Dracp
|chat|so dynamic|what are u running dug for
|leave|Dracp
|
|switch|p2a: Mew|Mew|341\/341
|-curestatus|p1a: Game Cube|slp
|move|p1a: Game Cube|Stealth Rock|p2a: Mew
|-sidestart|p2: ULT King UU|move: Stealth Rock
|
|turn|10
|chat|mcts|go man... i dont have all day long!
|
|switch|p1a: Tartaruga Ninja|Blastoise, F|361\/361
|-activate|p1a: Tartaruga Ninja|move: Sticky Web
|-unboost|p1a: Tartaruga Ninja|spe|1
|move|p2a: Mew|Nasty Plot|p2a: Mew
|-boost|p2a: Mew|spa|2
|
|turn|11
|
|detailschange|p1a: Tartaruga Ninja|Blastoise-Mega, F
|message|Blastoise has Mega Evolved into Mega Blastoise!
|move|p2a: Mew|Energy Ball|p1a: Tartaruga Ninja
|-supereffective|p1a: Tartaruga Ninja
|-damage|p1a: Tartaruga Ninja|67\/361
|move|p1a: Tartaruga Ninja|Rapid Spin|p2a: Mew
|-damage|p2a: Mew|327\/341
|-sideend|p1: mcts|Sticky Web|[from] move: Rapid Spin|[of] p1a: Tartaruga Ninja
|
|-heal|p2a: Mew|341\/341|[from] item: Leftovers
|turn|12
|chat|ULT King UU|hmm
|chat|ULT King UU|That arial ace
|chat|ULT King UU|really did me in
|chat|so dynamic|its p standard on dug
|
|switch|p1a: Game Cube|Bronzong|338\/338
|move|p2a: Mew|Energy Ball|p1a: Game Cube
|-resisted|p1a: Game Cube
|-damage|p1a: Game Cube|282\/338
|
|-heal|p1a: Game Cube|303\/338|[from] item: Leftovers
|turn|13
|
|move|p2a: Mew|Nasty Plot|p2a: Mew
|-boost|p2a: Mew|spa|2
|move|p1a: Game Cube|Toxic|p2a: Mew
|-status|p2a: Mew|tox
|
|-heal|p1a: Game Cube|324\/338|[from] item: Leftovers
|-damage|p2a: Mew|320\/341 tox|[from] psn
|turn|14
|
|move|p2a: Mew|Ice Beam|p1a: Game Cube
|-resisted|p1a: Game Cube
|-damage|p1a: Game Cube|241\/338
|move|p1a: Game Cube|Gyro Ball|p2a: Mew
|-damage|p2a: Mew|188\/341 tox
|
|-heal|p2a: Mew|209\/341 tox|[from] item: Leftovers
|-heal|p1a: Game Cube|262\/338|[from] item: Leftovers
|-damage|p2a: Mew|167\/341 tox|[from] psn
|turn|15
|
|move|p2a: Mew|Ice Beam|p1a: Game Cube
|-resisted|p1a: Game Cube
|-damage|p1a: Game Cube|168\/338
|move|p1a: Game Cube|Gyro Ball|p2a: Mew
|-crit|p2a: Mew
|-damage|p2a: Mew|0 fnt
|faint|p2a: Mew
|
|-heal|p1a: Game Cube|189\/338|[from] item: Leftovers
|
|switch|p2a: Aerodactyl|Aerodactyl, F|301\/301
|-damage|p2a: Aerodactyl|226\/301|[from] Stealth Rock
|-ability|p2a: Aerodactyl|Pressure
|turn|16
|
|detailschange|p2a: Aerodactyl|Aerodactyl-Mega, F
|message|Aerodactyl has Mega Evolved into Mega Aerodactyl!
|move|p2a: Aerodactyl|Pursuit|p1a: Game Cube
|-supereffective|p1a: Game Cube
|-damage|p1a: Game Cube|61\/338
|move|p1a: Game Cube|Earthquake|p2a: Aerodactyl
|-immune|p2a: Aerodactyl|[msg]
|
|-heal|p1a: Game Cube|82\/338|[from] item: Leftovers
|turn|17
|chat|mcts|no
|chat|mcts|missclick
|
|move|p2a: Aerodactyl|Pursuit|p1a: Game Cube
|-supereffective|p1a: Game Cube
|-damage|p1a: Game Cube|0 fnt
|faint|p1a: Game Cube
|
|chat|ULT King UU|Whatevs
|chat|ULT King UU|you win anyways
|
|switch|p1a: Jackie Chan|Mienshao, F|271\/271
|turn|18
|chat|so dynamic|does
|chat|so dynamic|regenerator shao kill
|chat|so dynamic|if it is
|
|move|p1a: Jackie Chan|High Jump Kick|p2a: Aerodactyl
|-damage|p2a: Aerodactyl|0 fnt
|faint|p2a: Aerodactyl
|
|
|switch|p2a: Roserade|Roserade, F|262\/262
|-damage|p2a: Roserade|230\/262|[from] Stealth Rock
|turn|19
|
|switch|p1a: Tartaruga Ninja|Blastoise-Mega, F|67\/361
|move|p2a: Roserade|Sludge Bomb|p1a: Tartaruga Ninja
|-damage|p1a: Tartaruga Ninja|0 fnt
|-damage|p2a: Roserade|204\/262|[from] item: Life Orb
|faint|p1a: Tartaruga Ninja
|
|
|switch|p1a: Entei|Entei, shiny|372\/372
|-ability|p1a: Entei|Pressure
|turn|20
|
|move|p1a: Entei|Extreme Speed|p2a: Roserade
|-damage|p2a: Roserade|0 fnt
|faint|p2a: Roserade
|
|
|switch|p2a: Hydreigon|Hydreigon, F|325\/325
|-damage|p2a: Hydreigon|285\/325|[from] Stealth Rock
|turn|21
|chat|mcts|KING UU ?
|
|switch|p1a: Florges|Florges, F|352\/360
|move|p2a: Hydreigon|Dark Pulse|p1a: Florges
|-resisted|p1a: Florges
|-damage|p1a: Florges|313\/360
|
|-heal|p1a: Florges|335\/360|[from] item: Leftovers
|turn|22
|
|move|p2a: Hydreigon|Dark Pulse|p1a: Florges
|-crit|p1a: Florges
|-resisted|p1a: Florges
|-damage|p1a: Florges|275\/360
|move|p1a: Florges|Wish|p1a: Florges
|
|-heal|p1a: Florges|297\/360|[from] item: Leftovers
|turn|23
|
|move|p2a: Hydreigon|Dark Pulse|p1a: Florges
|-resisted|p1a: Florges
|-damage|p1a: Florges|255\/360
|move|p1a: Florges|Moonblast|p2a: Hydreigon
|-supereffective|p2a: Hydreigon
|-damage|p2a: Hydreigon|0 fnt
|faint|p2a: Hydreigon
|
|win|mcts
|raw|Ladder updating...
|raw|mcts's rating: 1551 &rarr; <strong>1575<\/strong><br \/>(+24 for winning)
|raw|ULT King UU's rating: 1629 &rarr; <strong>1605<\/strong><br \/>(-24 for losing)
|leave|so dynamic