|join|ULT King UU
|join|Expert BLT
|player|p1|ULT King UU|29
|player|p2|Expert BLT|102
|gametype|singles
|gen|6
|tier|UU
|rated
|rule|Sleep Clause Mod: Limit one foe put to sleep
|rule|Species Clause: Limit one of each PokÃ©mon
|rule|OHKO Clause: OHKO moves are banned
|rule|Moody Clause: Moody is banned
|rule|Evasion Moves Clause: Evasion moves are banned
|rule|Endless Battle Clause: Forcing endless battles is banned
|rule|HP Percentage Mod: HP is reported as percentages
|clearpoke
|poke|p1|Victini
|poke|p1|Ampharos, M
|poke|p1|Forretress, M
|poke|p1|Swampert, M
|poke|p1|Umbreon, F
|poke|p1|Crobat, M
|poke|p2|Ampharos, F
|poke|p2|Slowbro, M
|poke|p2|Braviary, M
|poke|p2|Hydreigon, M
|poke|p2|Infernape, M
|poke|p2|Nidoqueen, F
|rule|Swagger Clause: Swagger is banned
|rule|Baton Pass Clause: Limit one PokÃ©mon knowing Baton Pass
|teampreview
|join|DatLatias
|chat|Expert BLT|gl
|
|start
|switch|p1a: Crobat|Crobat, M|331\/331
|switch|p2a: Slowbro|Slowbro, M|393\/393
|turn|1
|
|move|p1a: Crobat|U-turn|p2a: Slowbro
|-supereffective|p2a: Slowbro
|-damage|p2a: Slowbro|293\/393
|
|switch|p1a: Ampharos|Ampharos, M|374\/374
|move|p2a: Slowbro|Calm Mind|p2a: Slowbro
|-boost|p2a: Slowbro|spa|1
|-boost|p2a: Slowbro|spd|1
|
|-heal|p2a: Slowbro|317\/393|[from] item: Leftovers
|turn|2
|
|detailschange|p1a: Ampharos|Ampharos-Mega, M
|message|Ampharos has Mega Evolved into Mega Ampharos!
|-ability|p1a: Ampharos|Mold Breaker
|move|p1a: Ampharos|Dragon Pulse|p2a: Slowbro
|-damage|p2a: Slowbro|155\/393
|move|p2a: Slowbro|Slack Off|p2a: Slowbro
|-heal|p2a: Slowbro|352\/393
|
|-heal|p2a: Slowbro|376\/393|[from] item: Leftovers
|turn|3
|
|move|p1a: Ampharos|Thunderbolt|p2a: Slowbro
|-crit|p2a: Slowbro
|-supereffective|p2a: Slowbro
|-damage|p2a: Slowbro|0 fnt
|faint|p2a: Slowbro
|
|chat|Expert BLT|fucking crit
|chat|Expert BLT|bs
|
|switch|p2a: Hydreigon|Hydreigon, M|325\/325
|turn|4
|chat|DatLatias|>implying it mattered
|join|bigbizze
|chat|Expert BLT|yes very much so
|chat|ULT King UU|252+ SpA Mold Breaker Mega Ampharos Thunderbolt vs. +1 252 HP \/ 0 SpD Slowbro: 312-368 (79.1 - 93.4%) -- guaranteed 2HKO after Leftovers recovery
|chat|Expert BLT|see
|chat|ULT King UU|What would you have done....
|
|switch|p1a: Umbreon|Umbreon, F|394\/394
|move|p2a: Hydreigon|Draco Meteor|p1a: Umbreon
|-damage|p1a: Umbreon|250\/394
|-unboost|p2a: Hydreigon|spa|2
|-damage|p2a: Hydreigon|293\/325|[from] item: Life Orb
|
|-heal|p1a: Umbreon|274\/394|[from] item: Leftovers
|turn|5
|chat|Expert BLT|psyshock damage and switch next turn for regenerator health
|chat|ULT King UU|Into who
|
|switch|p1a: Crobat|Crobat, M|331\/331
|move|p2a: Hydreigon|Superpower|p1a: Crobat
|-resisted|p1a: Crobat
|-damage|p1a: Crobat|286\/331
|-unboost|p2a: Hydreigon|atk|1
|-unboost|p2a: Hydreigon|def|1
|-damage|p2a: Hydreigon|261\/325|[from] item: Life Orb
|
|turn|6
|chat|ULT King UU|nido?
|chat|ULT King UU|I would've d-pulsed
|chat|DatLatias|Into whom*
|chat|ULT King UU|pokemon aren't persons
|chat|ULT King UU|so actually
|chat|ULT King UU|into what
|chat|DatLatias|lol
|chat|Expert BLT|no ampharos duh
|chat|DatLatias|.
|chat|ULT King UU|True, iunno
|chat|ULT King UU|I would've retained momentum
|chat|Expert BLT|I haven't mega evolved it yet
|chat|bigbizze|what spread do you use on mixed hydreigon?
|join|zTerribadTastic
|chat|Expert BLT|max
|chat|bigbizze|just 4attk right
|
|switch|p2a: Nidoqueen|Nidoqueen, F|383\/383
|move|p1a: Crobat|U-turn|p2a: Nidoqueen
|-resisted|p2a: Nidoqueen
|-damage|p2a: Nidoqueen|355\/383
|chat|bigbizze|naiva?
|
|switch|p1a: Victini|Victini|341\/341
|
|-heal|p2a: Nidoqueen|378\/383|[from] item: Leftovers
|turn|7
|chat|DatLatias|hasty is better imo
|
|switch|p2a: Hydreigon|Hydreigon, M|261\/325
|move|p1a: Victini|V-create|p2a: Hydreigon
|-resisted|p2a: Hydreigon
|-damage|p2a: Hydreigon|22\/325
|-unboost|p1a: Victini|def|1
|-unboost|p1a: Victini|spd|1
|-unboost|p1a: Victini|spe|1
|
|turn|8
|chat|bigbizze|thanks
|
|switch|p1a: Forretress|Forretress, M|354\/354
|move|p2a: Hydreigon|U-turn|p1a: Forretress
|-resisted|p1a: Forretress
|-damage|p1a: Forretress|329\/354
|-damage|p2a: Hydreigon|0 fnt|[from] item: Life Orb
|faint|p2a: Hydreigon
|
|-heal|p1a: Forretress|351\/354|[from] item: Leftovers
|chat|bigbizze|u have no idea how many retarded 1100 rank matches i've watched 2 day
|
|switch|p2a: Infernape|Infernape, M|293\/293
|turn|9
|join|Lixx
|chat|bigbizze|finally something decent lol
|
|move|p2a: Infernape|Flare Blitz|p1a: Forretress
|-supereffective|p1a: Forretress
|-damage|p1a: Forretress|0 fnt
|-damage|p2a: Infernape|177\/293|[from] recoil|[of] p1a: Forretress
|faint|p1a: Forretress
|
|chat|Lixx|yo can i just type \/nick ult name
|chat|Lixx|or i make an account forreal
|
|switch|p1a: Victini|Victini|341\/341
|turn|10
|chat|ULT King UU|just nickj
|leave|Lixx
|chat|Lixx|u know what nvm dumb question
|
|switch|p2a: Nidoqueen|Nidoqueen, F|378\/383
|move|p1a: Victini|V-create|p2a: Nidoqueen
|-damage|p2a: Nidoqueen|44\/383
|-unboost|p1a: Victini|def|1
|-unboost|p1a: Victini|spd|1
|-unboost|p1a: Victini|spe|1
|
|-heal|p2a: Nidoqueen|67\/383|[from] item: Leftovers
|turn|11
|chat|DatLatias|yeah you can just pick one
|chat|ULT King UU|then register after first battle
|chat|ULT King UU|that easy.
|chat|ULT King UU|also
|chat|ULT King UU| you have to post on the smogon forum
|chat|bigbizze|scarfed victini?
|chat|ULT King UU|https:\/\/www.smogon.com\/forums\/threads\/xy-uu-ladder-tournament-ii-week-one.3514445\/page-3#post-5660069
|chat|zTerribadTastic|No, full bulk nido
|chat|DatLatias|lixx left
|chat|DatLatias|rip
|join|ult ridicuLixx
|chat|ult ridicuLixx|i did this
|chat|ult ridicuLixx|already
|chat|Expert BLT|i guess max defense nido doesn't do shit
|chat|Expert BLT|to op stuff
|chat|zTerribadTastic|jack all damage
|chat|DatLatias|good thing you kept slowbro healthy
|
|switch|p1a: Crobat|Crobat, M|286\/331
|move|p2a: Nidoqueen|Toxic Spikes|p1a: Crobat
|-sidestart|p1: ULT King UU|move: Toxic Spikes
|
|-heal|p2a: Nidoqueen|90\/383|[from] item: Leftovers
|turn|12
|chat|DatLatias|for the victini
|chat|zTerribadTastic|but she's pretty good at sniping tini's
|chat|ult ridicuLixx|o nice 2 see you terribad
|chat|zTerribadTastic|:o
|
|move|p1a: Crobat|Brave Bird|p2a: Nidoqueen
|-damage|p2a: Nidoqueen|0 fnt
|-damage|p1a: Crobat|256\/331|[from] recoil|[of] p2a: Nidoqueen
|faint|p2a: Nidoqueen
|
|chat|zTerribadTastic|How did bro even die
|
|switch|p2a: Ampharos|Ampharos, F|383\/383
|turn|13
|
|switch|p1a: Swampert|Swampert, M|404\/404
|-status|p1a: Swampert|psn
|move|p2a: Ampharos|Dragon Pulse|p1a: Swampert
|-damage|p1a: Swampert|298\/404 psn
|
|-heal|p1a: Swampert|323\/404 psn|[from] item: Leftovers
|-damage|p1a: Swampert|273\/404 psn|[from] psn
|turn|14
|
|switch|p2a: Braviary|Braviary, M|403\/403
|move|p1a: Swampert|Stealth Rock|p2a: Braviary
|-sidestart|p2: Expert BLT|move: Stealth Rock
|
|-heal|p1a: Swampert|298\/404 psn|[from] item: Leftovers
|-damage|p1a: Swampert|248\/404 psn|[from] psn
|turn|15
|
|move|p2a: Braviary|Bulk Up|p2a: Braviary
|-boost|p2a: Braviary|atk|1
|-boost|p2a: Braviary|def|1
|move|p1a: Swampert|Scald|p2a: Braviary
|-damage|p2a: Braviary|330\/403
|-status|p2a: Braviary|brn
|
|-heal|p2a: Braviary|355\/403 brn|[from] item: Leftovers
|-heal|p1a: Swampert|273\/404 psn|[from] item: Leftovers
|-damage|p2a: Braviary|305\/403 brn|[from] brn
|-damage|p1a: Swampert|223\/404 psn|[from] psn
|turn|16
|chat|zTerribadTastic|How 2 sub 101
|
|move|p2a: Braviary|Bulk Up|p2a: Braviary
|-boost|p2a: Braviary|atk|1
|-boost|p2a: Braviary|def|1
|move|p1a: Swampert|Roar|p2a: Braviary
|drag|p2a: Infernape|Infernape, M|177\/293
|-damage|p2a: Infernape|141\/293|[from] Stealth Rock
|
|-heal|p1a: Swampert|248\/404 psn|[from] item: Leftovers
|-damage|p1a: Swampert|198\/404 psn|[from] psn
|turn|17
|chat|DatLatias|kek
|chat|DatLatias|rip
|chat|ULT King UU|yay more lead
|chat|bigbizze|you have rocks on swampert or on tress?
|
|move|p2a: Infernape|Flare Blitz|p1a: Swampert
|-resisted|p1a: Swampert
|-damage|p1a: Swampert|129\/404 psn
|-damage|p2a: Infernape|118\/293|[from] recoil|[of] p1a: Swampert
|move|p1a: Swampert|Scald|p2a: Infernape
|-supereffective|p2a: Infernape
|-damage|p2a: Infernape|0 fnt
|faint|p2a: Infernape
|
|-heal|p1a: Swampert|154\/404 psn|[from] item: Leftovers
|-damage|p1a: Swampert|104\/404 psn|[from] psn
|chat|ULT King UU|It'd be nice to win a tour
|chat|zTerribadTastic|pert
|chat|bigbizze|what are people runinng on forretress?
|chat|zTerribadTastic|I can join and duggy you to death if you like king <3
|
|switch|p2a: Ampharos|Ampharos, F|383\/383
|-damage|p2a: Ampharos|336\/383|[from] Stealth Rock
|turn|18
|chat|bigbizze|i just started playing this game gen 6
|chat|DatLatias|spikes
|chat|bigbizze|so i don't know shiat
|
|detailschange|p2a: Ampharos|Ampharos-Mega, F
|message|Ampharos has Mega Evolved into Mega Ampharos!
|-ability|p2a: Ampharos|Mold Breaker
|move|p2a: Ampharos|Heal Bell|p2a: Ampharos
|-cureteam|p2a: Ampharos|[from] move: HealBell
|move|p1a: Swampert|Earthquake|p2a: Ampharos
|-supereffective|p2a: Ampharos
|-damage|p2a: Ampharos|84\/383
|
|-heal|p1a: Swampert|129\/404 psn|[from] item: Leftovers
|-damage|p1a: Swampert|79\/404 psn|[from] psn
|turn|19
|chat|bigbizze|tspikes psikes rapid spin gyro?
|chat|ult ridicuLixx|yo
|chat|bigbizze|max spdef?
|chat|ult ridicuLixx|i lost to dugtrio trying to get to 1500
|chat|DatLatias|usually spikes toxic gyro rapid spin
|chat|ult ridicuLixx|it really was an eye opener to consider
|chat|zTerribadTastic|(you left the crippling duggy weakness out of your RMT, isad)
|
|move|p1a: Swampert|Earthquake|p2a: Ampharos
|-supereffective|p2a: Ampharos
|-damage|p2a: Ampharos|0 fnt
|faint|p2a: Ampharos
|
|-heal|p1a: Swampert|104\/404 psn|[from] item: Leftovers
|-damage|p1a: Swampert|54\/404 psn|[from] psn
|chat|DatLatias|kink runs vs>gyro
|
|switch|p2a: Braviary|Braviary, M|305\/403
|-damage|p2a: Braviary|205\/403|[from] Stealth Rock
|turn|20
|join|YMAS
|
|move|p2a: Braviary|Roost|p2a: Braviary
|-heal|p2a: Braviary|403\/403
|move|p1a: Swampert|Scald|p2a: Braviary
|-damage|p2a: Braviary|292\/403
|-status|p2a: Braviary|brn
|
|-heal|p2a: Braviary|317\/403 brn|[from] item: Leftovers
|-heal|p1a: Swampert|79\/404 psn|[from] item: Leftovers
|-damage|p2a: Braviary|267\/403 brn|[from] brn
|-damage|p1a: Swampert|29\/404 psn|[from] psn
|turn|21
|chat|DatLatias|lol
|chat|Expert BLT|wtf
|chat|zTerribadTastic|how
|chat|DatLatias|rip
|chat|zTerribadTastic|2
|chat|zTerribadTastic|sub
|chat|ULT King UU|101
|chat|bigbizze|toxic over tspikes
|chat|bigbizze|word
|join|Dracp
|chat|Expert BLT|such bullshit the whole match
|chat|bigbizze|max spdef tho rite
|chat|ULT King UU|no
|chat|DatLatias|nah
|chat|Expert BLT|rematch pls
|chat|ULT King UU|max def
|
|move|p2a: Braviary|Bulk Up|p2a: Braviary
|-boost|p2a: Braviary|atk|1
|-boost|p2a: Braviary|def|1
|move|p1a: Swampert|Scald|p2a: Braviary
|-damage|p2a: Braviary|167\/403 brn
|
|-heal|p2a: Braviary|192\/403 brn|[from] item: Leftovers
|-heal|p1a: Swampert|54\/404 psn|[from] item: Leftovers
|-damage|p2a: Braviary|142\/403 brn|[from] brn
|-damage|p1a: Swampert|4\/404 psn|[from] psn
|turn|22
|
|move|p2a: Braviary|Roost|p2a: Braviary
|-heal|p2a: Braviary|344\/403 brn
|move|p1a: Swampert|Scald|p2a: Braviary
|-damage|p2a: Braviary|244\/403 brn
|
|-heal|p2a: Braviary|269\/403 brn|[from] item: Leftovers
|-heal|p1a: Swampert|29\/404 psn|[from] item: Leftovers
|-damage|p2a: Braviary|219\/403 brn|[from] brn
|-damage|p1a: Swampert|0 fnt|[from] psn
|faint|p1a: Swampert
|
|switch|p1a: Ampharos|Ampharos-Mega, M|374\/374
|-status|p1a: Ampharos|psn
|-ability|p1a: Ampharos|Mold Breaker
|turn|23
|join|ult pokemonisfun
|leave|ult ridicuLixx
|chat|ult pokemonisfun|huzzah reveal facade
|chat|ULT King UU|huzzah reveal still not strong enough
|
|move|p2a: Braviary|Roost|p2a: Braviary
|-heal|p2a: Braviary|403\/403 brn
|move|p1a: Ampharos|Thunderbolt|p2a: Braviary
|-damage|p2a: Braviary|222\/403 brn
|
|-heal|p2a: Braviary|247\/403 brn|[from] item: Leftovers
|-damage|p2a: Braviary|197\/403 brn|[from] brn
|-damage|p1a: Ampharos|328\/374 psn|[from] psn
|turn|24
|
|move|p2a: Braviary|Roost|p2a: Braviary
|-heal|p2a: Braviary|399\/403 brn
|move|p1a: Ampharos|Thunderbolt|p2a: Braviary
|-damage|p2a: Braviary|219\/403 brn
|
|-heal|p2a: Braviary|244\/403 brn|[from] item: Leftovers
|-damage|p2a: Braviary|194\/403 brn|[from] brn
|-damage|p1a: Ampharos|282\/374 psn|[from] psn
|turn|25
|chat|zTerribadTastic|stallyery
|chat|DatLatias|poison stall
|chat|DatLatias|everything
|chat|DatLatias|pls
|
|move|p2a: Braviary|Roost|p2a: Braviary
|-heal|p2a: Braviary|396\/403 brn
|move|p1a: Ampharos|Volt Switch|p2a: Braviary
|-damage|p2a: Braviary|260\/403 brn
|chat|ULT King UU|Eh
|chat|ULT King UU|I don't have time for this.
|
|switch|p1a: Victini|Victini|341\/341
|-status|p1a: Victini|psn
|
|-heal|p2a: Braviary|285\/403 brn|[from] item: Leftovers
|-damage|p1a: Victini|299\/341 psn|[from] psn
|-damage|p2a: Braviary|235\/403 brn|[from] brn
|turn|26
|chat|zTerribadTastic|click kill
|chat|Expert BLT|gg
|chat|Dracp|oh god
|
|move|p1a: Victini|V-create|p2a: Braviary
|-damage|p2a: Braviary|0 fnt
|-unboost|p1a: Victini|def|1
|-unboost|p1a: Victini|spd|1
|-unboost|p1a: Victini|spe|1
|faint|p2a: Braviary
|
|win|ULT King UU
|raw|Ladder updating...
|raw|ULT King UU's rating: 1645 &rarr; <strong>1657<\/strong><br \/>(+12 for winning)
|raw|Expert BLT's rating: 1502 &rarr; <strong>1490<\/strong><br \/>(-12 for losing)
|chat|DatLatias|kek
|chat|Dracp|lol
|chat|ULT King UU|gg
|leave|ULT King UU
|player|p1
|leave|zTerribadTastic
|leave|DatLatias
|leave|ult pokemonisfun
|join|ULT King UU
|leave|Expert BLT
|player|p2
|leave|ULT King UU
|leave|Dracp