|join|hokatoom
|join|ULT King UU
|player|p1|hokatoom|126
|player|p2|ULT King UU|#kinguu
|gametype|singles
|gen|6
|tier|UU
|rated
|rule|Sleep Clause Mod: Limit one foe put to sleep
|rule|Species Clause: Limit one of each PokÃ©mon
|rule|OHKO Clause: OHKO moves are banned
|rule|Moody Clause: Moody is banned
|rule|Evasion Moves Clause: Evasion moves are banned
|rule|Endless Battle Clause: Forcing endless battles is banned
|rule|HP Percentage Mod: HP is shown in percentages
|clearpoke
|poke|p1|Lucario, F
|poke|p1|Dugtrio, F
|poke|p1|Roserade, F
|poke|p1|Froslass, F
|poke|p1|Haxorus, F
|poke|p1|Jirachi
|poke|p2|Mienshao, F
|poke|p2|Tentacruel, F
|poke|p2|Serperior, F
|poke|p2|Gligar, M
|poke|p2|Cresselia, F
|poke|p2|Chandelure, F
|rule|Swagger Clause: Swagger is banned
|rule|Baton Pass Clause: Limit one PokÃ©mon knowing Baton Pass
|teampreview
|join|Kyla's Nightmare
|join|DrReuniclus3
|
|start
|switch|p1a: Froslass|Froslass, F|282\/282
|switch|p2a: Serperior|Serperior, F|291\/291
|turn|1
|join|ULT Kingt9722
|
|move|p2a: Serperior|Leaf Storm|p1a: Froslass
|-damage|p1a: Froslass|65\/282
|-boost|p2a: Serperior|spa|2
|move|p1a: Froslass|Spikes|p2a: Serperior
|-sidestart|p2: ULT King UU|Spikes
|
|turn|2
|
|move|p2a: Serperior|Leaf Storm|p1a: Froslass
|-damage|p1a: Froslass|0 fnt
|-boost|p2a: Serperior|spa|2
|faint|p1a: Froslass
|
|join|thisbemywat
|
|switch|p1a: Roserade|Roserade, F|262\/262
|turn|3
|
|switch|p2a: Tentacruel|Tentacruel, F|364\/364
|-damage|p2a: Tentacruel|319\/364|[from] Spikes
|switch|p1a: Dugtrio|Dugtrio, F|211\/211
|
|-heal|p2a: Tentacruel|341\/364|[from] item: Black Sludge
|turn|4
|
|move|p1a: Dugtrio|Earthquake|p2a: Tentacruel
|-supereffective|p2a: Tentacruel
|-damage|p2a: Tentacruel|83\/364
|move|p2a: Tentacruel|Scald|p1a: Dugtrio
|-supereffective|p1a: Dugtrio
|-enditem|p1a: Dugtrio|Focus Sash
|-damage|p1a: Dugtrio|1\/211
|
|-heal|p2a: Tentacruel|105\/364|[from] item: Black Sludge
|turn|5
|join|WaiV
|
|move|p1a: Dugtrio|Earthquake|p2a: Tentacruel
|-supereffective|p2a: Tentacruel
|-damage|p2a: Tentacruel|0 fnt
|faint|p2a: Tentacruel
|
|
|switch|p2a: Cresselia|Cresselia, F|443\/443
|turn|6
|
|move|p1a: Dugtrio|Memento|p2a: Cresselia
|-unboost|p2a: Cresselia|atk|2
|-unboost|p2a: Cresselia|spa|2
|faint|p1a: Dugtrio
|move|p2a: Cresselia|Substitute|p2a: Cresselia
|-start|p2a: Cresselia|Substitute
|-damage|p2a: Cresselia|333\/443
|
|-heal|p2a: Cresselia|360\/443|[from] item: Leftovers
|c| WaiV|nb
|
|switch|p1a: Lucario|Lucario, F|281\/281
|turn|7
|
|switch|p2a: Chandelure|Chandelure, F|261\/261
|-damage|p2a: Chandelure|229\/261|[from] Spikes
|move|p1a: Lucario|Swords Dance|p1a: Lucario
|-boost|p1a: Lucario|atk|2
|
|turn|8
|
|switch|p1a: Haxorus|Haxorus, F|294\/294
|-ability|p1a: Haxorus|Mold Breaker
|move|p2a: Chandelure|Fire Blast|p1a: Haxorus
|-crit|p1a: Haxorus
|-resisted|p1a: Haxorus
|-damage|p1a: Haxorus|0 fnt
|faint|p1a: Haxorus
|
|c|âULT King UU|looool
|-message|hokatoom forfeited.
|
|win|ULT King UU
|raw|Ladder updating...
|leave|hokatoom
|player|p1
|raw|hokatoom's rating: 1259 &rarr; <strong>1240<\/strong><br \/>(-19 for losing)
|raw|ULT King UU's rating: 1332 &rarr; <strong>1348<\/strong><br \/>(+16 for winning)