|join|ULT King UU
|join|ScepticalSnorlax
|player|p1|ULT King UU|#kinguu
|player|p2|ScepticalSnorlax|2
|gametype|singles
|gen|6
|tier|UU
|rated
|rule|Sleep Clause Mod: Limit one foe put to sleep
|rule|Species Clause: Limit one of each PokÃ©mon
|rule|OHKO Clause: OHKO moves are banned
|rule|Moody Clause: Moody is banned
|rule|Evasion Moves Clause: Evasion moves are banned
|rule|Endless Battle Clause: Forcing endless battles is banned
|rule|HP Percentage Mod: HP is shown in percentages
|clearpoke
|poke|p1|Serperior, F
|poke|p1|Jirachi
|poke|p1|Raikou
|poke|p1|Crobat, M
|poke|p1|Swampert, F
|poke|p1|Infernape, F
|poke|p2|Raikou
|poke|p2|Arcanine, M, shiny
|poke|p2|Jirachi
|poke|p2|Hydreigon, M
|poke|p2|Banette, M
|poke|p2|Hitmonlee, M
|rule|Swagger Clause: Swagger is banned
|rule|Baton Pass Clause: Limit one PokÃ©mon knowing Baton Pass
|teampreview
|
|start
|switch|p1a: Raikou|Raikou|321\/321
|switch|p2a: Casper|Banette, M|314\/314
|-ability|p1a: Raikou|Pressure
|-item|p1a: Raikou|Assault Vest|[from] ability: Frisk|[of] p2a: Casper|[identify]
|turn|1
|join|Celsius
|
|detailschange|p2a: Casper|Banette-Mega, M
|-mega|p2a: Casper|Banette|Banettite
|move|p1a: Raikou|Volt Switch|p2a: Casper
|-damage|p2a: Casper|179\/314
|
|switch|p1a: Infernape|Infernape, F|293\/293
|move|p2a: Casper|Taunt|p1a: Infernape
|-start|p1a: Infernape|move: Taunt
|
|turn|2
|join|ULT Bob
|
|move|p2a: Casper|Thunder Wave|p1a: Infernape
|-status|p1a: Infernape|par
|move|p1a: Infernape|U-turn|p2a: Casper
|-resisted|p2a: Casper
|-damage|p2a: Casper|115\/314
|
|switch|p1a: Raikou|Raikou|321\/321
|-ability|p1a: Raikou|Pressure
|
|turn|3
|leave|Celsius
|
|move|p2a: Casper|Destiny Bond|p2a: Casper
|-singlemove|p2a: Casper|Destiny Bond
|move|p1a: Raikou|Volt Switch|p2a: Casper
|-crit|p2a: Casper
|-damage|p2a: Casper|0 fnt
|faint|p2a: Casper
|-activate|p2a: Casper|Destiny Bond
|faint|p1a: Raikou
|
|
|switch|p2a: Springfield|Raikou|321\/321
|switch|p1a: Swampert|Swampert, F|401\/401
|-ability|p2a: Springfield|Pressure
|turn|4
|
|detailschange|p1a: Swampert|Swampert-Mega, F
|-mega|p1a: Swampert|Swampert|Swampertite
|move|p2a: Springfield|Hidden Power|p1a: Swampert
|-supereffective|p1a: Swampert
|-damage|p1a: Swampert|157\/401
|move|p1a: Swampert|Earthquake|p2a: Springfield
|-supereffective|p2a: Springfield
|-damage|p2a: Springfield|0 fnt
|faint|p2a: Springfield
|
|c| ULT Bob|was that specs hp grass?
|
|switch|p2a: Hitmom|Hitmonlee, M|241\/241
|turn|5
|c|âScepticalSnorlax|yup
|c|âULT King UU|pro
|c| ULT Bob|fk that did nothing
|
|switch|p1a: Crobat|Crobat, M|363\/363
|move|p2a: Hitmom|Endure|p2a: Hitmom
|
|turn|6
|c|âScepticalSnorlax|I know :\/
|
|switch|p2a: Baws|Arcanine, M, shiny|384\/384
|-ability|p2a: Baws|Intimidate|[of] p1a: Crobat
|-unboost|p1a: Crobat|atk|1
|move|p1a: Crobat|Brave Bird|p2a: Baws
|-crit|p2a: Baws
|-damage|p2a: Baws|200\/384
|-damage|p1a: Crobat|302\/363|[from] recoil|[of] p2a: Baws
|
|-heal|p1a: Crobat|324\/363|[from] item: Black Sludge
|-heal|p2a: Baws|224\/384|[from] item: Leftovers
|turn|7
|
|move|p1a: Crobat|U-turn|p2a: Baws
|-resisted|p2a: Baws
|-damage|p2a: Baws|208\/384
|
|switch|p1a: Infernape|Infernape, F|293\/293 par
|move|p2a: Baws|Morning Sun|p2a: Baws
|-heal|p2a: Baws|384\/384
|
|turn|8
|
|move|p2a: Baws|Extreme Speed|p1a: Infernape
|-damage|p1a: Infernape|203\/293 par
|move|p1a: Infernape|Close Combat|p2a: Baws
|-damage|p2a: Baws|155\/384
|-unboost|p1a: Infernape|def|1
|-unboost|p1a: Infernape|spd|1
|
|-heal|p2a: Baws|179\/384|[from] item: Leftovers
|turn|9
|
|move|p2a: Baws|Morning Sun|p2a: Baws
|-heal|p2a: Baws|371\/384
|cant|p1a: Infernape|par
|
|-heal|p2a: Baws|384\/384|[from] item: Leftovers
|turn|10
|
|move|p2a: Baws|Extreme Speed|p1a: Infernape
|-damage|p1a: Infernape|73\/293 par
|move|p1a: Infernape|Close Combat|p2a: Baws
|-damage|p2a: Baws|170\/384
|-unboost|p1a: Infernape|def|1
|-unboost|p1a: Infernape|spd|1
|
|-heal|p2a: Baws|194\/384|[from] item: Leftovers
|turn|11
|
|move|p2a: Baws|Extreme Speed|p1a: Infernape
|-damage|p1a: Infernape|0 fnt
|faint|p1a: Infernape
|
|-heal|p2a: Baws|218\/384|[from] item: Leftovers
|
|switch|p1a: Swampert|Swampert-Mega, F|157\/401
|turn|12
|
|switch|p2a: Cerberus|Hydreigon, M|325\/325
|move|p1a: Swampert|Rest|p1a: Swampert
|-status|p1a: Swampert|slp
|-heal|p1a: Swampert|401\/401 slp|[silent]
|-status|p1a: Swampert|slp|[from] move: Rest
|
|turn|13
|
|move|p2a: Cerberus|Dark Pulse|p1a: Swampert
|-damage|p1a: Swampert|311\/401 slp
|cant|p1a: Swampert|slp
|move|p1a: Swampert|Sleep Talk|p1a: Swampert
|move|p1a: Swampert|Rest|p1a: Swampert|[from]Sleep Talk
|-fail|p1a: Swampert
|
|turn|14
|c| ULT Bob|is this the pif set
|
|move|p2a: Cerberus|Dark Pulse|p1a: Swampert
|-crit|p1a: Swampert
|-damage|p1a: Swampert|175\/401 slp
|cant|p1a: Swampert|slp
|move|p1a: Swampert|Sleep Talk|p1a: Swampert
|move|p1a: Swampert|Rest|p1a: Swampert|[from]Sleep Talk
|-fail|p1a: Swampert
|
|turn|15
|
|move|p2a: Cerberus|Dark Pulse|p1a: Swampert
|-damage|p1a: Swampert|85\/401 slp
|-curestatus|p1a: Swampert|slp
|cant|p1a: Swampert|flinch
|
|turn|16
|c|âScepticalSnorlax|I'm sorry, that was bad luck :(
|
|switch|p1a: Crobat|Crobat, M|324\/363
|move|p2a: Cerberus|Dark Pulse|p1a: Crobat
|-damage|p1a: Crobat|149\/363
|
|-heal|p1a: Crobat|171\/363|[from] item: Black Sludge
|turn|17
|
|move|p2a: Cerberus|Dark Pulse|p1a: Crobat
|-damage|p1a: Crobat|11\/363
|move|p1a: Crobat|Roost|p1a: Crobat
|-heal|p1a: Crobat|193\/363
|
|-heal|p1a: Crobat|215\/363|[from] item: Black Sludge
|turn|18
|
|move|p2a: Cerberus|Dark Pulse|p1a: Crobat
|-damage|p1a: Crobat|38\/363
|move|p1a: Crobat|U-turn|p2a: Cerberus
|-supereffective|p2a: Cerberus
|-damage|p2a: Cerberus|177\/325
|join|Fire Lord Mako
|
|switch|p1a: Jirachi|Jirachi|341\/341
|
|turn|19
|
|switch|p2a: Baws|Arcanine, M, shiny|218\/384
|-ability|p2a: Baws|Intimidate|[of] p1a: Jirachi
|-unboost|p1a: Jirachi|atk|1
|move|p1a: Jirachi|U-turn|p2a: Baws
|-resisted|p2a: Baws
|-damage|p2a: Baws|200\/384
|
|switch|p1a: Swampert|Swampert-Mega, F|85\/401
|
|-heal|p2a: Baws|224\/384|[from] item: Leftovers
|turn|20
|
|move|p2a: Baws|Morning Sun|p2a: Baws
|-heal|p2a: Baws|384\/384
|move|p1a: Swampert|Rest|p1a: Swampert
|-status|p1a: Swampert|slp
|-heal|p1a: Swampert|401\/401 slp|[silent]
|-status|p1a: Swampert|slp|[from] move: Rest
|
|turn|21
|
|switch|p2a: Iggy|Jirachi|404\/404
|cant|p1a: Swampert|slp
|move|p1a: Swampert|Sleep Talk|p1a: Swampert
|move|p1a: Swampert|Rest|p1a: Swampert|[from]Sleep Talk
|-fail|p1a: Swampert
|
|turn|22
|c|âULT King UU|zzz
|
|move|p2a: Iggy|Stealth Rock|p1a: Swampert
|-sidestart|p1: ULT King UU|move: Stealth Rock
|cant|p1a: Swampert|slp
|move|p1a: Swampert|Sleep Talk|p1a: Swampert
|move|p1a: Swampert|Scald|p2a: Iggy|[from]Sleep Talk
|-damage|p2a: Iggy|334\/404
|
|-heal|p2a: Iggy|359\/404|[from] item: Leftovers
|turn|23
|
|move|p2a: Iggy|Wish|p2a: Iggy
|-curestatus|p1a: Swampert|slp
|move|p1a: Swampert|Earthquake|p2a: Iggy
|-supereffective|p2a: Iggy
|-damage|p2a: Iggy|17\/404
|
|-heal|p2a: Iggy|42\/404|[from] item: Leftovers
|turn|24
|
|switch|p2a: Cerberus|Hydreigon, M|177\/325
|move|p1a: Swampert|Scald|p2a: Cerberus
|-resisted|p2a: Cerberus
|-damage|p2a: Cerberus|126\/325
|
|-heal|p2a: Cerberus|325\/325|[from] move: Wish|[wisher] Iggy
|turn|25
|
|move|p2a: Cerberus|Dark Pulse|p1a: Swampert
|-damage|p1a: Swampert|311\/401
|cant|p1a: Swampert|flinch
|
|turn|26
|
|move|p2a: Cerberus|Dark Pulse|p1a: Swampert
|-damage|p1a: Swampert|214\/401
|move|p1a: Swampert|Scald|p2a: Cerberus
|-resisted|p2a: Cerberus
|-damage|p2a: Cerberus|272\/325
|
|turn|27
|
|move|p2a: Cerberus|Dark Pulse|p1a: Swampert
|-damage|p1a: Swampert|120\/401
|move|p1a: Swampert|Rest|p1a: Swampert
|-status|p1a: Swampert|slp
|-heal|p1a: Swampert|401\/401 slp|[silent]
|-status|p1a: Swampert|slp|[from] move: Rest
|
|turn|28
|
|move|p2a: Cerberus|Dark Pulse|p1a: Swampert
|-damage|p1a: Swampert|311\/401 slp
|cant|p1a: Swampert|slp
|move|p1a: Swampert|Sleep Talk|p1a: Swampert
|move|p1a: Swampert|Rest|p1a: Swampert|[from]Sleep Talk
|-fail|p1a: Swampert
|
|turn|29
|
|move|p2a: Cerberus|Dark Pulse|p1a: Swampert
|-damage|p1a: Swampert|215\/401 slp
|cant|p1a: Swampert|slp
|move|p1a: Swampert|Sleep Talk|p1a: Swampert
|move|p1a: Swampert|Earthquake|p2a: Cerberus|[from]Sleep Talk
|-immune|p2a: Cerberus|[msg]
|
|turn|30
|
|move|p2a: Cerberus|Dark Pulse|p1a: Swampert
|-damage|p1a: Swampert|125\/401 slp
|-curestatus|p1a: Swampert|slp
|move|p1a: Swampert|Scald|p2a: Cerberus
|-resisted|p2a: Cerberus
|-damage|p2a: Cerberus|221\/325
|
|turn|31
|
|move|p2a: Cerberus|Dark Pulse|p1a: Swampert
|-damage|p1a: Swampert|29\/401
|move|p1a: Swampert|Rest|p1a: Swampert
|-status|p1a: Swampert|slp
|-heal|p1a: Swampert|401\/401 slp|[silent]
|-status|p1a: Swampert|slp|[from] move: Rest
|
|turn|32
|c| Fire Lord Mako|:[
|c|âULT King UU|emma
|
|move|p2a: Cerberus|Dark Pulse|p1a: Swampert
|-damage|p1a: Swampert|304\/401 slp
|cant|p1a: Swampert|slp
|cant|p1a: Swampert|flinch
|
|turn|33
|c|âULT King UU|be patient
|c|âScepticalSnorlax|Sad life
|
|move|p2a: Cerberus|Dark Pulse|p1a: Swampert
|-damage|p1a: Swampert|211\/401 slp
|cant|p1a: Swampert|slp
|move|p1a: Swampert|Sleep Talk|p1a: Swampert
|move|p1a: Swampert|Earthquake|p2a: Cerberus|[from]Sleep Talk
|-immune|p2a: Cerberus|[msg]
|
|turn|34
|c| Fire Lord Mako|i am
|c|âScepticalSnorlax|The hax is due :P
|c| Fire Lord Mako|so sleepy
|
|move|p2a: Cerberus|Dark Pulse|p1a: Swampert
|-damage|p1a: Swampert|108\/401 slp
|-curestatus|p1a: Swampert|slp
|move|p1a: Swampert|Rest|p1a: Swampert
|-status|p1a: Swampert|slp
|-heal|p1a: Swampert|401\/401 slp|[silent]
|-status|p1a: Swampert|slp|[from] move: Rest
|
|turn|35
|c| Fire Lord Mako|you have no idea
|c|âULT King UU|You've been haxing
|c|âULT King UU|I'm just gonna play smart
|c| Fire Lord Mako|lol
|c|âScepticalSnorlax|I haxed at a time uneeded
|c| Fire Lord Mako|if i were you
|
|move|p2a: Cerberus|Dark Pulse|p1a: Swampert
|-damage|p1a: Swampert|304\/401 slp
|cant|p1a: Swampert|slp
|cant|p1a: Swampert|flinch
|
|turn|36
|c| Fire Lord Mako|i'd probably just EQ predicting the arcanine. cause im just bad
|c| Fire Lord Mako|..
|
|move|p2a: Cerberus|Dark Pulse|p1a: Swampert
|-damage|p1a: Swampert|201\/401 slp
|cant|p1a: Swampert|slp
|
|turn|37
|
|move|p2a: Cerberus|Dark Pulse|p1a: Swampert
|-damage|p1a: Swampert|99\/401 slp
|-curestatus|p1a: Swampert|slp
|move|p1a: Swampert|Rest|p1a: Swampert
|-status|p1a: Swampert|slp
|-heal|p1a: Swampert|401\/401 slp|[silent]
|-status|p1a: Swampert|slp|[from] move: Rest
|
|turn|38
|c| Fire Lord Mako|nice sleeptalk
|c|âULT King UU|ty
|c| Fire Lord Mako|lmfao
|
|move|p2a: Cerberus|Dark Pulse|p1a: Swampert
|-damage|p1a: Swampert|308\/401 slp
|cant|p1a: Swampert|slp
|
|turn|39
|c|âULT King UU|it's called
|c|âULT King UU|conserving pp
|c|âULT King UU|.-.
|c|âScepticalSnorlax|May aswell committ
|
|move|p2a: Cerberus|Dark Pulse|p1a: Swampert
|-damage|p1a: Swampert|208\/401 slp
|cant|p1a: Swampert|slp
|
|turn|40
|c| ULT Bob|crit flinch
|
|move|p2a: Cerberus|Dark Pulse|p1a: Swampert
|-damage|p1a: Swampert|117\/401 slp
|-curestatus|p1a: Swampert|slp
|move|p1a: Swampert|Rest|p1a: Swampert
|-status|p1a: Swampert|slp
|-heal|p1a: Swampert|401\/401 slp|[silent]
|-status|p1a: Swampert|slp|[from] move: Rest
|
|turn|41
|c| Fire Lord Mako|this is so fun to watch
|c| Fire Lord Mako|.......
|
|move|p2a: Cerberus|Dark Pulse|p1a: Swampert
|-damage|p1a: Swampert|305\/401 slp
|cant|p1a: Swampert|slp
|move|p1a: Swampert|Sleep Talk|p1a: Swampert
|move|p1a: Swampert|Rest|p1a: Swampert|[from]Sleep Talk
|-fail|p1a: Swampert
|
|turn|42
|c|âScepticalSnorlax|so fun to do
|c| Fire Lord Mako|liar
|
|move|p2a: Cerberus|Dark Pulse|p1a: Swampert
|-damage|p1a: Swampert|215\/401 slp
|cant|p1a: Swampert|slp
|
|turn|43
|
|switch|p2a: Hitmom|Hitmonlee, M|241\/241
|-curestatus|p1a: Swampert|slp
|move|p1a: Swampert|Rest|p1a: Swampert
|-status|p1a: Swampert|slp
|-heal|p1a: Swampert|401\/401 slp|[silent]
|-status|p1a: Swampert|slp|[from] move: Rest
|
|turn|44
|c|âScepticalSnorlax|Ok, ok
|c|âScepticalSnorlax|Not fun, and very stally :P
|
|move|p2a: Hitmom|Mach Punch|p1a: Swampert
|-damage|p1a: Swampert|326\/401 slp
|cant|p1a: Swampert|slp
|move|p1a: Swampert|Sleep Talk|p1a: Swampert
|move|p1a: Swampert|Scald|p2a: Hitmom|[from]Sleep Talk
|-damage|p2a: Hitmom|162\/241
|-status|p2a: Hitmom|brn
|
|-damage|p2a: Hitmom|132\/241 brn|[from] brn
|turn|45
|c| Fire Lord Mako|mach punch why
|c|âScepticalSnorlax|haha
|c|âULT King UU|well trained
|c| Fire Lord Mako|lol burns here
|c| Fire Lord Mako|xd
|
|move|p2a: Hitmom|Mach Punch|p1a: Swampert
|-damage|p1a: Swampert|290\/401 slp
|cant|p1a: Swampert|slp
|move|p1a: Swampert|Sleep Talk|p1a: Swampert
|move|p1a: Swampert|Scald|p2a: Hitmom|[from]Sleep Talk
|-damage|p2a: Hitmom|44\/241 brn
|-enditem|p2a: Hitmom|Liechi Berry|[eat]
|-boost|p2a: Hitmom|atk|1|[from] item: Liechi Berry
|
|-damage|p2a: Hitmom|14\/241 brn|[from] brn
|turn|46
|
|move|p2a: Hitmom|Reversal|p1a: Swampert
|-damage|p1a: Swampert|112\/401 slp
|-curestatus|p1a: Swampert|slp
|move|p1a: Swampert|Rest|p1a: Swampert
|-status|p1a: Swampert|slp
|-heal|p1a: Swampert|401\/401 slp|[silent]
|-status|p1a: Swampert|slp|[from] move: Rest
|
|-damage|p2a: Hitmom|0 fnt|[from] brn
|faint|p2a: Hitmom
|c| Fire Lord Mako|leichi :]
|c| Fire Lord Mako|ayy
|c| Fire Lord Mako|that did a lot
|
|switch|p2a: Cerberus|Hydreigon, M|221\/325
|turn|47
|c|âULT King UU|not even max
|c|âULT King UU|too
|
|move|p2a: Cerberus|Draco Meteor|p1a: Swampert
|-damage|p1a: Swampert|251\/401 slp
|-unboost|p2a: Cerberus|spa|2
|cant|p1a: Swampert|slp
|
|turn|48
|c|âULT King UU|lol
|c| Fire Lord Mako|are u max spdef or something
|c|âULT King UU|Yup
|
|switch|p2a: Baws|Arcanine, M, shiny|384\/384
|-ability|p2a: Baws|Intimidate|[of] p1a: Swampert
|-unboost|p1a: Swampert|atk|1
|cant|p1a: Swampert|slp
|
|turn|49
|c|âScepticalSnorlax|This is pretty uncool to be honest :\/
|c|âULT King UU|idc
|c|âULT King UU|what you think
|
|move|p2a: Baws|Extreme Speed|p1a: Swampert
|-damage|p1a: Swampert|191\/401 slp
|-curestatus|p1a: Swampert|slp
|move|p1a: Swampert|Sleep Talk|p1a: Swampert
|-fail|p1a: Swampert
|
|turn|50
|c| Fire Lord Mako|hahaha
|c|âULT King UU|oopz
|
|move|p2a: Baws|Extreme Speed|p1a: Swampert
|-damage|p1a: Swampert|126\/401
|move|p1a: Swampert|Scald|p2a: Baws
|-supereffective|p2a: Baws
|-damage|p2a: Baws|148\/384
|
|-heal|p2a: Baws|172\/384|[from] item: Leftovers
|turn|51
|
|move|p2a: Baws|Extreme Speed|p1a: Swampert
|-damage|p1a: Swampert|60\/401
|move|p1a: Swampert|Rest|p1a: Swampert
|-status|p1a: Swampert|slp
|-heal|p1a: Swampert|401\/401 slp|[silent]
|-status|p1a: Swampert|slp|[from] move: Rest
|
|-heal|p2a: Baws|196\/384|[from] item: Leftovers
|turn|52
|
|move|p2a: Baws|Extreme Speed|p1a: Swampert
|-damage|p1a: Swampert|340\/401 slp
|cant|p1a: Swampert|slp
|move|p1a: Swampert|Sleep Talk|p1a: Swampert
|move|p1a: Swampert|Earthquake|p2a: Baws|[from]Sleep Talk
|-supereffective|p2a: Baws
|-damage|p2a: Baws|10\/384
|
|-heal|p2a: Baws|34\/384|[from] item: Leftovers
|turn|53
|join|FUQ GLISCORE
|
|move|p2a: Baws|Extreme Speed|p1a: Swampert
|-damage|p1a: Swampert|280\/401 slp
|cant|p1a: Swampert|slp
|
|-heal|p2a: Baws|58\/384|[from] item: Leftovers
|turn|54
|
|move|p2a: Baws|Flare Blitz|p1a: Swampert
|-resisted|p1a: Swampert
|-damage|p1a: Swampert|205\/401 slp
|-damage|p2a: Baws|33\/384|[from] recoil|[of] p1a: Swampert
|-curestatus|p1a: Swampert|slp
|move|p1a: Swampert|Scald|p2a: Baws
|-supereffective|p2a: Baws
|-damage|p2a: Baws|0 fnt
|faint|p2a: Baws
|
|
|switch|p2a: Cerberus|Hydreigon, M|221\/325
|turn|55
|
|move|p2a: Cerberus|Draco Meteor|p1a: Swampert
|-crit|p1a: Swampert
|-damage|p1a: Swampert|0 fnt
|-unboost|p2a: Cerberus|spa|2
|faint|p1a: Swampert
|
|c|âScepticalSnorlax|finally
|c| Fire Lord Mako|Lol
|
|switch|p1a: Jirachi|Jirachi|341\/341
|-damage|p1a: Jirachi|320\/341|[from] Stealth Rock
|turn|56
|c| Fire Lord Mako|when it most matters
|c| Fire Lord Mako|i like it
|
|switch|p2a: Iggy|Jirachi|42\/404
|move|p1a: Jirachi|Iron Head|p2a: Iggy
|-resisted|p2a: Iggy
|-damage|p2a: Iggy|0 fnt
|faint|p2a: Iggy
|
|
|switch|p2a: Cerberus|Hydreigon, M|221\/325
|turn|57
|
|move|p1a: Jirachi|Iron Head|p2a: Cerberus
|-damage|p2a: Cerberus|64\/325
|cant|p2a: Cerberus|flinch
|
|turn|58
|c|âScepticalSnorlax|wow
|c|âScepticalSnorlax|salt in wound
|c| Fire Lord Mako|lol
|
|move|p1a: Jirachi|Iron Head|p2a: Cerberus
|-damage|p2a: Cerberus|0 fnt
|faint|p2a: Cerberus
|
|win|ULT King UU
|raw|Ladder updating...
|raw|ULT King UU's rating: 1450 &rarr; <strong>1466<\/strong><br \/>(+16 for winning)
|raw|ScepticalSnorlax's rating: 1380 &rarr; <strong>1364<\/strong><br \/>(-16 for losing)
|c|âScepticalSnorlax|bg
|leave|ULT Bob
|leave|Fire Lord Mako
|c|âULT King UU|haters gonna hate
|c|âULT King UU|and ainters gonna aint
|leave|ULT King UU
|player|p1
|leave|ScepticalSnorlax
|player|p2