|join|ULT King UU
|join|Kilojoule
|player|p1|ULT King UU|#kinguu
|player|p2|Kilojoule|117
|gametype|singles
|gen|6
|tier|UU
|rated
|rule|Sleep Clause Mod: Limit one foe put to sleep
|rule|Species Clause: Limit one of each PokÃ©mon
|rule|OHKO Clause: OHKO moves are banned
|rule|Moody Clause: Moody is banned
|rule|Evasion Moves Clause: Evasion moves are banned
|rule|Endless Battle Clause: Forcing endless battles is banned
|rule|HP Percentage Mod: HP is shown in percentages
|clearpoke
|poke|p1|Serperior, F
|poke|p1|Jirachi
|poke|p1|Umbreon, M
|poke|p1|Crobat, M
|poke|p1|Swampert, M
|poke|p1|Infernape, F
|poke|p2|Crobat, M
|poke|p2|Absol, M
|poke|p2|Porygon-Z
|poke|p2|Roserade, M
|poke|p2|Suicune
|poke|p2|Chandelure, M
|rule|Swagger Clause: Swagger is banned
|rule|Baton Pass Clause: Limit one PokÃ©mon knowing Baton Pass
|teampreview
|
|start
|switch|p1a: Jirachi|Jirachi|341\/341
|switch|p2a: Crobat|Crobat, M|353\/353
|turn|1
|
|move|p1a: Jirachi|U-turn|p2a: Crobat
|-resisted|p2a: Crobat
|-damage|p2a: Crobat|331\/353
|
|switch|p1a: Swampert|Swampert, M|404\/404
|move|p2a: Crobat|Taunt|p1a: Swampert
|-start|p1a: Swampert|move: Taunt
|
|-heal|p2a: Crobat|353\/353|[from] item: Black Sludge
|turn|2
|join|FUQ GLISCORE
|join|Meowiekins
|
|move|p2a: Crobat|Toxic|p1a: Swampert
|-status|p1a: Swampert|tox
|move|p1a: Swampert|Scald|p2a: Crobat
|-damage|p2a: Crobat|262\/353
|
|-heal|p2a: Crobat|284\/353|[from] item: Black Sludge
|-damage|p1a: Swampert|379\/404 tox|[from] psn
|turn|3
|leave|FUQ GLISCORE
|join|Fire Lord Mako
|
|switch|p2a: Roserade|Roserade, M|261\/261
|switch|p1a: Crobat|Crobat, M|363\/363
|
|turn|4
|c| Fire Lord Mako|band bat 6-0's him ngl
|join|FUQ GLISCORE
|
|switch|p2a: Chandelure|Chandelure, M|277\/277
|move|p1a: Crobat|Brave Bird|p2a: Chandelure
|-damage|p2a: Chandelure|126\/277
|-damage|p1a: Crobat|313\/363|[from] recoil|[of] p2a: Chandelure
|
|-heal|p1a: Crobat|335\/363|[from] item: Black Sludge
|turn|5
|c|âKilojoule|well i guess i get 6-0'd
|c| Fire Lord Mako|;]
|c| Meowiekins|king what are we gonna build around
|c|âULT King UU|hmm
|c|âULT King UU|what do you want?
|c|âULT King UU|we'll win with whatever
|
|move|p1a: Crobat|Brave Bird|p2a: Chandelure
|-damage|p2a: Chandelure|0 fnt
|-damage|p1a: Crobat|293\/363|[from] recoil|[of] p2a: Chandelure
|faint|p2a: Chandelure
|
|-heal|p1a: Crobat|315\/363|[from] item: Black Sludge
|
|switch|p2a: Suicune|Suicune|404\/404
|-ability|p2a: Suicune|Pressure
|turn|6
|c| Meowiekins|we could go tryhard mode
|c| Meowiekins|and take apeluc
|
|move|p1a: Crobat|U-turn|p2a: Suicune
|-damage|p2a: Suicune|367\/404
|
|switch|p1a: Serperior|Serperior, F|291\/291
|move|p2a: Suicune|Ice Beam|p1a: Serperior
|-supereffective|p1a: Serperior
|-damage|p1a: Serperior|139\/291
|
|-heal|p2a: Suicune|392\/404|[from] item: Leftovers
|turn|7
|c|âULT King UU|sounds fine to me
|c| Meowiekins|the dude who posted it is one of my good friends irl too so we can work on the team a bunch
|c|âULT King UU|Back them up with a crobat and swamp
|c|âULT King UU|or something
ULT King UU turned on modjoin.
|raw|<div class="broadcast-red"><b>Moderated chat was set to +!<\/b><br \/>Only users of rank + and higher can talk.<\/div>
ULT King UU made this room hidden.
Meowiekins was promoted to Room Voice by ULT King UU.
|c|+Meowiekins|eyy
|
|switch|p2a: Crobat|Crobat, M|284\/353
|move|p1a: Serperior|Leaf Storm|p2a: Crobat
|-resisted|p2a: Crobat
|-damage|p2a: Crobat|233\/353
|-boost|p1a: Serperior|spa|2
|
|-heal|p2a: Crobat|255\/353|[from] item: Black Sludge
|turn|8
|c|+Meowiekins|we could even do lead ape and go hyper offense or something
|c|âULT King UU|we could
|c|âULT King UU|I'm known for it though
|
|switch|p1a: Jirachi|Jirachi|341\/341
|switch|p2a: Suicune|Suicune|392\/404
|-ability|p2a: Suicune|Pressure
|
|-heal|p2a: Suicune|404\/404|[from] item: Leftovers
|turn|9
|c|âULT King UU|dual priority is better
|c|âULT King UU|one special one attack
|c|+Meowiekins|np sd core?
|c|âULT King UU|fuck yeah.
|c|+Meowiekins|im down
|c|âULT King UU|k
|c|+Meowiekins|ill go reserve it
|
|move|p1a: Jirachi|U-turn|p2a: Suicune
|-damage|p2a: Suicune|354\/404
|
|switch|p1a: Infernape|Infernape, F|293\/293
|move|p2a: Suicune|Scald|p1a: Infernape
|-supereffective|p1a: Infernape
|-damage|p1a: Infernape|47\/293
|
|-heal|p2a: Suicune|379\/404|[from] item: Leftovers
|turn|10
|
|move|p1a: Infernape|U-turn|p2a: Suicune
|-damage|p2a: Suicune|304\/404
|
|switch|p1a: Swampert|Swampert, M|379\/404 tox
|move|p2a: Suicune|Ice Beam|p1a: Swampert
|-damage|p1a: Swampert|296\/404 tox
|
|-heal|p2a: Suicune|329\/404|[from] item: Leftovers
|-heal|p1a: Swampert|321\/404 tox|[from] item: Leftovers
|-damage|p1a: Swampert|296\/404 tox|[from] psn
|turn|11
|
|switch|p2a: Roserade|Roserade, M|261\/261
|move|p1a: Swampert|Stealth Rock|p2a: Roserade
|-sidestart|p2: Kilojoule|move: Stealth Rock
|
|-heal|p1a: Swampert|321\/404 tox|[from] item: Leftovers
|-damage|p1a: Swampert|271\/404 tox|[from] psn
|turn|12
|
|switch|p2a: Porygon-Z|Porygon-Z|336\/336
|-damage|p2a: Porygon-Z|294\/336|[from] Stealth Rock
|move|p1a: Swampert|Earthquake|p2a: Porygon-Z
|-damage|p2a: Porygon-Z|120\/336
|
|-heal|p1a: Swampert|296\/404 tox|[from] item: Leftovers
|-damage|p1a: Swampert|221\/404 tox|[from] psn
|turn|13
|
|move|p2a: Porygon-Z|Tri Attack|p1a: Swampert
|-damage|p1a: Swampert|0 fnt
|faint|p1a: Swampert
|
|
|switch|p1a: Crobat|Crobat, M|315\/363
|turn|14
|
|move|p1a: Crobat|Brave Bird|p2a: Porygon-Z
|-damage|p2a: Porygon-Z|0 fnt
|-damage|p1a: Crobat|275\/363|[from] recoil|[of] p2a: Porygon-Z
|faint|p2a: Porygon-Z
|
|-heal|p1a: Crobat|297\/363|[from] item: Black Sludge
|
|switch|p2a: Suicune|Suicune|329\/404
|-damage|p2a: Suicune|279\/404|[from] Stealth Rock
|-ability|p2a: Suicune|Pressure
|turn|15
|leave|Emma Bae
|
|move|p1a: Crobat|U-turn|p2a: Suicune
|-damage|p2a: Suicune|239\/404
|
|switch|p1a: Umbreon|Umbreon, M|394\/394
|move|p2a: Suicune|Scald|p1a: Umbreon
|-damage|p1a: Umbreon|333\/394
|-status|p1a: Umbreon|brn
|-status|p2a: Suicune|brn
|
|-heal|p2a: Suicune|264\/404 brn|[from] item: Leftovers
|-heal|p1a: Umbreon|357\/394 brn|[from] item: Leftovers
|-damage|p2a: Suicune|214\/404 brn|[from] brn
|-damage|p1a: Umbreon|308\/394 brn|[from] brn
|turn|16
|
|switch|p2a: Absol|Absol, M|271\/271
|-damage|p2a: Absol|238\/271|[from] Stealth Rock
|move|p1a: Umbreon|Baton Pass|p1a: Umbreon
|
|switch|p1a: Infernape|Infernape, F|47\/293
|
|turn|17
|
|switch|p2a: Crobat|Crobat, M|255\/353
|-damage|p2a: Crobat|167\/353|[from] Stealth Rock
|move|p1a: Infernape|Mach Punch|p2a: Crobat
|-resisted|p2a: Crobat
|-damage|p2a: Crobat|133\/353
|
|-heal|p2a: Crobat|155\/353|[from] item: Black Sludge
|turn|18
|
|switch|p2a: Absol|Absol, M|238\/271
|-damage|p2a: Absol|205\/271|[from] Stealth Rock
|switch|p1a: Jirachi|Jirachi|341\/341
|
|turn|19
|
|switch|p1a: Umbreon|Umbreon, M|308\/394 brn
|detailschange|p2a: Absol|Absol-Mega, M
|-mega|p2a: Absol|Absol|Absolite
|move|p2a: Absol|Swords Dance|p2a: Absol
|-boost|p2a: Absol|atk|2
|
|-heal|p1a: Umbreon|332\/394 brn|[from] item: Leftovers
|-damage|p1a: Umbreon|283\/394 brn|[from] brn
|turn|20
|
|move|p2a: Absol|Play Rough|p1a: Umbreon
|-supereffective|p1a: Umbreon
|-damage|p1a: Umbreon|0 fnt
|faint|p1a: Umbreon
|
|
|switch|p1a: Serperior|Serperior, F|139\/291
|turn|21
|
|move|p2a: Absol|Sucker Punch|p1a: Serperior
|-damage|p1a: Serperior|0 fnt
|faint|p1a: Serperior
|
|c|âKilojoule|was that scarfed serperior?
|
|switch|p1a: Crobat|Crobat, M|297\/363
|turn|22
|
|move|p2a: Absol|Sucker Punch|p1a: Crobat
|-damage|p1a: Crobat|0 fnt
|faint|p1a: Crobat
|
|
|switch|p1a: Infernape|Infernape, F|47\/293
|turn|23
|
|move|p2a: Absol|Sucker Punch|p1a: Infernape
|-resisted|p1a: Infernape
|-damage|p1a: Infernape|0 fnt
|faint|p1a: Infernape
|
|
|switch|p1a: Jirachi|Jirachi|341\/341
|turn|24
|
|move|p2a: Absol|Sucker Punch|p1a: Jirachi
|-supereffective|p1a: Jirachi
|-damage|p1a: Jirachi|0 fnt
|faint|p1a: Jirachi
|
|win|Kilojoule
|raw|Ladder updating...
|raw|ULT King UU's rating: 1438 &rarr; <strong>1406<\/strong><br \/>(-32 for losing)
|raw|Kilojoule's rating: 1205 &rarr; <strong>1245<\/strong><br \/>(+40 for winning)
|c|âULT King UU|gg
|c|âKilojoule|gg
|c|+Meowiekins|mabsol
|leave|ULT King UU
|c|+Meowiekins|so underrated
|player|p1
|leave|Meowiekins