|join|gimmecakes
|join|ULT King UU
|player|p1|gimmecakes|157
|player|p2|ULT King UU|#kinguu
|gametype|singles
|gen|6
|tier|UU
|rated
|rule|Sleep Clause Mod: Limit one foe put to sleep
|rule|Species Clause: Limit one of each PokÃ©mon
|rule|OHKO Clause: OHKO moves are banned
|rule|Moody Clause: Moody is banned
|rule|Evasion Moves Clause: Evasion moves are banned
|rule|Endless Battle Clause: Forcing endless battles is banned
|rule|HP Percentage Mod: HP is shown in percentages
|clearpoke
|poke|p1|Krookodile, F
|poke|p1|Empoleon, M
|poke|p1|Crobat, M
|poke|p1|Pidgeot, M
|poke|p1|Rotom-Mow
|poke|p1|Jirachi
|poke|p2|Yanmega, F
|poke|p2|Donphan, M
|poke|p2|Machamp, F
|poke|p2|Jirachi
|poke|p2|Vaporeon, F
|poke|p2|Infernape, M
|rule|Swagger Clause: Swagger is banned
|rule|Baton Pass Clause: Limit one PokÃ©mon knowing Baton Pass
|teampreview
|join|A New Guy
|join|sniperaim
|join|newfren
|join|xShiba
|join|DrReuniclus8
|
|start
|switch|p1a: Pidgeot|Pidgeot, M|307\/307
|switch|p2a: Infernape|Infernape, M|293\/293
|turn|1
|
|detailschange|p1a: Pidgeot|Pidgeot-Mega, M
|-mega|p1a: Pidgeot|Pidgeot|Pidgeotite
|move|p2a: Infernape|Stealth Rock|p1a: Pidgeot
|-sidestart|p1: gimmecakes|move: Stealth Rock
|move|p1a: Pidgeot|Hurricane|p2a: Infernape
|-supereffective|p2a: Infernape
|-enditem|p2a: Infernape|Focus Sash
|-damage|p2a: Infernape|1\/293
|
|turn|2
|join|thymetime
|join|woaaaah g
|join|zebra.k
|join|LiberalLucario
|c| woaaaah g|nice SPL teams
|
|switch|p2a: Vaporeon|Vaporeon, F|464\/464
|move|p1a: Pidgeot|U-turn|p2a: Vaporeon
|-damage|p2a: Vaporeon|424\/464
|
|switch|p1a: Empoleon|Empoleon, M|372\/372
|-damage|p1a: Empoleon|349\/372|[from] Stealth Rock
|
|-heal|p2a: Vaporeon|453\/464|[from] item: Leftovers
|-heal|p1a: Empoleon|372\/372|[from] item: Leftovers
|turn|3
|join|SmashBrosBrawl
|
|move|p2a: Vaporeon|Baton Pass|p2a: Vaporeon
|
|switch|p2a: Machamp|Machamp, F|321\/321
|move|p1a: Empoleon|Stealth Rock|p2a: Machamp
|-sidestart|p2: ULT King UU|move: Stealth Rock
|
|turn|4
|join|ULT Pokeblade
|
|switch|p1a: Rotom-Mow|Rotom-Mow|301\/301
|-damage|p1a: Rotom-Mow|264\/301|[from] Stealth Rock
|move|p2a: Machamp|Dynamic Punch|p1a: Rotom-Mow
|-crit|p1a: Rotom-Mow
|-damage|p1a: Rotom-Mow|0 fnt
|faint|p1a: Rotom-Mow
|
|c| newfren|he's ice punching
|c| newfren|sty in
|
|switch|p1a: Pidgeot|Pidgeot-Mega, M|307\/307
|-damage|p1a: Pidgeot|231\/307|[from] Stealth Rock
|turn|5
|
|switch|p2a: Infernape|Infernape, M|1\/293
|-damage|p2a: Infernape|0 fnt|[from] Stealth Rock
|faint|p2a: Infernape
|move|p1a: Pidgeot|Hurricane|p2: Infernape|[notarget]
|-notarget
|
|
|switch|p2a: Donphan|Donphan, M|351\/351
|-damage|p2a: Donphan|330\/351|[from] Stealth Rock
|turn|6
|c| ULT Pokeblade|My rating is 1446 you are catching me
|
|move|p1a: Pidgeot|Hurricane|p2a: Donphan
|-crit|p2a: Donphan
|-damage|p2a: Donphan|50\/351
|-start|p2a: Donphan|confusion
|-activate|p2a: Donphan|confusion
|-damage|p2a: Donphan|10\/351|[from] confusion
|
|turn|7
|c|+SmashBrosBrawl|LOL
|c| ULT Pokeblade|Special def donphan
|
|-activate|p2a: Donphan|confusion
|-damage|p2a: Donphan|0 fnt|[from] confusion
|faint|p2a: Donphan
|move|p1a: Pidgeot|Hurricane|p2: Donphan|[notarget]
|-notarget
|
|c| thymetime|ah
|c| ULT Pokeblade|Av donphan soert
|c| thymetime|nice
|c| ULT Pokeblade|Sorry*
|
|switch|p2a: Jirachi|Jirachi|341\/341
|-damage|p2a: Jirachi|320\/341|[from] Stealth Rock
|turn|8
|c|+SmashBrosBrawl|what are the chances
|c|+SmashBrosBrawl|of confusion, hitting itself and crt
|
|switch|p1a: Empoleon|Empoleon, M|372\/372
|-damage|p1a: Empoleon|349\/372|[from] Stealth Rock
|move|p2a: Jirachi|U-turn|p1a: Empoleon
|-crit|p1a: Empoleon
|-resisted|p1a: Empoleon
|-damage|p1a: Empoleon|292\/372
|c| newfren|.3*.5*.0625
|c|+SmashBrosBrawl|nb
|
|switch|p2a: Machamp|Machamp, F|321\/321
|-damage|p2a: Machamp|301\/321|[from] Stealth Rock
|
|-heal|p1a: Empoleon|315\/372|[from] item: Leftovers
|turn|9
|c| newfren|alternatively
|c| newfren|100%
|c| newfren|he's ice punching
|join|ANGER MANAGEMENT
|join|ult celsius
|c|âULT King UU|Make
|c|âULT King UU|the
|c|âULT King UU|playyy
|c| ULT Pokeblade|Nah
|c| ULT Pokeblade|Hes not
|
|move|p2a: Machamp|Knock Off|p1a: Empoleon
|-damage|p1a: Empoleon|93\/372
|-enditem|p1a: Empoleon|Leftovers|[from] move: Knock Off|[of] p2a: Machamp
|move|p1a: Empoleon|Scald|p2a: Machamp
|-damage|p2a: Machamp|115\/321
|
|turn|10
|join|FUQ GLISCORE
|c| newfren|burn him
|c| ULT Pokeblade|That bande
|c| ULT Pokeblade|Band
|
|move|p2a: Machamp|Knock Off|p1a: Empoleon
|-damage|p1a: Empoleon|0 fnt
|faint|p1a: Empoleon
|
|c| ULT Pokeblade|Why does scald do so much
|join|Cnorth26
|c|âULT King UU|torrent
|c| ULT Pokeblade|Oh right
|
|switch|p1a: Crobat|Crobat, M|373\/373
|-damage|p1a: Crobat|280\/373|[from] Stealth Rock
|turn|11
|
|move|p1a: Crobat|Brave Bird|p2a: Machamp
|-supereffective|p2a: Machamp
|-damage|p2a: Machamp|0 fnt
|-damage|p1a: Crobat|242\/373|[from] recoil|[of] p2a: Machamp
|faint|p2a: Machamp
|
|-heal|p1a: Crobat|265\/373|[from] item: Black Sludge
|
|switch|p2a: Jirachi|Jirachi|320\/341
|-damage|p2a: Jirachi|299\/341|[from] Stealth Rock
|turn|12
|
|switch|p1a: Jirachi|Jirachi|404\/404
|-damage|p1a: Jirachi|379\/404|[from] Stealth Rock
|move|p2a: Jirachi|Iron Head|p1a: Jirachi
|-resisted|p1a: Jirachi
|-damage|p1a: Jirachi|323\/404
|
|-heal|p1a: Jirachi|348\/404|[from] item: Leftovers
|turn|13
|c| ULT Pokeblade|Is diancie still in uu
|c| Cnorth26|no
|c| ult celsius|diancie is
|
|switch|p2a: Vaporeon|Vaporeon, F|453\/464
|-damage|p2a: Vaporeon|395\/464|[from] Stealth Rock
|move|p1a: Jirachi|Toxic|p2a: Vaporeon
|-status|p2a: Vaporeon|tox
|
|-heal|p1a: Jirachi|373\/404|[from] item: Leftovers
|-heal|p2a: Vaporeon|424\/464 tox|[from] item: Leftovers
|-damage|p2a: Vaporeon|395\/464 tox|[from] psn
|turn|14
|c| ult celsius|not mega
|c| Cnorth26|mega isnt
|c| ULT Pokeblade|Ok
|
|move|p1a: Jirachi|Iron Head|p2a: Vaporeon
|-resisted|p2a: Vaporeon
|-damage|p2a: Vaporeon|332\/464 tox
|cant|p2a: Vaporeon|flinch
|
|-heal|p1a: Jirachi|398\/404|[from] item: Leftovers
|-heal|p2a: Vaporeon|361\/464 tox|[from] item: Leftovers
|-damage|p2a: Vaporeon|303\/464 tox|[from] psn
|turn|15
|c| ULT Pokeblade|Damn smogon is outdated by itself
|
|move|p1a: Jirachi|Iron Head|p2a: Vaporeon
|-crit|p2a: Vaporeon
|-resisted|p2a: Vaporeon
|-damage|p2a: Vaporeon|209\/464 tox
|move|p2a: Vaporeon|Scald|p1a: Jirachi
|-damage|p1a: Jirachi|292\/404
|-status|p1a: Jirachi|brn
|
|-heal|p1a: Jirachi|317\/404 brn|[from] item: Leftovers
|-heal|p2a: Vaporeon|238\/464 tox|[from] item: Leftovers
|-damage|p1a: Jirachi|267\/404 brn|[from] brn
|-damage|p2a: Vaporeon|151\/464 tox|[from] psn
|turn|16
|c| ULT Pokeblade|I mean they are aleayd behind the stuff they change
|c| ult celsius|no sub ?
|join|Geobrodude
|c| ULT Pokeblade|Always*
|c| ULT Pokeblade|I dont know but crobat wins this
|c| ULT Pokeblade|I mean yanmega
|c| ULT Pokeblade|Wind this
|c| ULT Pokeblade|Wins*
|
|move|p1a: Jirachi|Iron Head|p2a: Vaporeon
|-resisted|p2a: Vaporeon
|-damage|p2a: Vaporeon|123\/464 tox
|move|p2a: Vaporeon|Baton Pass|p2a: Vaporeon
|c|+SmashBrosBrawl|is this really
|
|switch|p2a: Jirachi|Jirachi|299\/341
|-damage|p2a: Jirachi|278\/341|[from] Stealth Rock
|
|-heal|p1a: Jirachi|292\/404 brn|[from] item: Leftovers
|-damage|p1a: Jirachi|242\/404 brn|[from] brn
|turn|17
|c|+SmashBrosBrawl|iron head vs scald
|c| ULT Pokeblade|The flinch kings are in
|
|move|p2a: Jirachi|U-turn|p1a: Jirachi
|-damage|p1a: Jirachi|178\/404 brn
|c| ULT Pokeblade|Although shaymin is the real flinch king
|
|switch|p2a: Vaporeon|Vaporeon, F|123\/464 tox
|-damage|p2a: Vaporeon|65\/464 tox|[from] Stealth Rock
|move|p1a: Jirachi|Fire Punch|p2a: Vaporeon
|-resisted|p2a: Vaporeon
|-damage|p2a: Vaporeon|46\/464 tox
|
|-heal|p1a: Jirachi|203\/404 brn|[from] item: Leftovers
|-heal|p2a: Vaporeon|75\/464 tox|[from] item: Leftovers
|-damage|p1a: Jirachi|153\/404 brn|[from] brn
|-damage|p2a: Vaporeon|46\/464 tox|[from] psn
|turn|18
|join|Shit User
|c| ULT Pokeblade|Protect
|
|move|p1a: Jirachi|Iron Head|p2a: Vaporeon
|-resisted|p2a: Vaporeon
|-damage|p2a: Vaporeon|14\/464 tox
|cant|p2a: Vaporeon|flinch
|
|-heal|p1a: Jirachi|178\/404 brn|[from] item: Leftovers
|-heal|p2a: Vaporeon|43\/464 tox|[from] item: Leftovers
|-damage|p1a: Jirachi|128\/404 brn|[from] brn
|-damage|p2a: Vaporeon|0 fnt|[from] psn
|faint|p2a: Vaporeon
|c| Cnorth26|inb4 specs tinted lens yanmega
|c| Geobrodude|inb4 meteor mash jirachi
|
|switch|p2a: Yanmega|Yanmega, F|313\/313
|-damage|p2a: Yanmega|157\/313|[from] Stealth Rock
|turn|19
|c| ULT Pokeblade|Tinted lens would not be smart
|join|Austin
|
|move|p2a: Yanmega|Protect|p2a: Yanmega
|-singleturn|p2a: Yanmega|Protect
|move|p1a: Jirachi|Fire Punch|p2a: Yanmega
|-activate|p2a: Yanmega|Protect
|
|-heal|p1a: Jirachi|153\/404 brn|[from] item: Leftovers
|-damage|p1a: Jirachi|103\/404 brn|[from] brn
|-boost|p2a: Yanmega|spe|1|[from] ability: Speed Boost
|turn|20
|c| ULT Pokeblade|To win this at least
|c| Cnorth26|not tinted lens
|
|move|p2a: Yanmega|Bug Buzz|p1a: Jirachi
|-damage|p1a: Jirachi|0 fnt
|-damage|p2a: Yanmega|126\/313|[from] item: Life Orb
|faint|p1a: Jirachi
|
|-boost|p2a: Yanmega|spe|1|[from] ability: Speed Boost
|c| ULT Pokeblade|Gg
|c| ULT Pokeblade|Lol
|
|switch|p1a: Crobat|Crobat, M|265\/373
|-damage|p1a: Crobat|172\/373|[from] Stealth Rock
|turn|21
|c|âULT King UU|it ain't over
|c| ULT Pokeblade|Dead crobat
|c|âULT King UU|till the air slash misses
|c| Cnorth26|miss air slash
|
|move|p2a: Yanmega|Air Slash|p1a: Crobat
|-damage|p1a: Crobat|0 fnt
|-damage|p2a: Yanmega|95\/313|[from] item: Life Orb
|faint|p1a: Crobat
|
|-boost|p2a: Yanmega|spe|1|[from] ability: Speed Boost
|c| ULT Pokeblade|Nah the chances
|
|switch|p1a: Pidgeot|Pidgeot-Mega, M|231\/307
|-damage|p1a: Pidgeot|155\/307|[from] Stealth Rock
|turn|22
|c| ULT Pokeblade|Are too great
|c| LiberalLucario|bop
|
|move|p2a: Yanmega|Air Slash|p1a: Pidgeot
|-damage|p1a: Pidgeot|0 fnt
|-damage|p2a: Yanmega|64\/313|[from] item: Life Orb
|faint|p1a: Pidgeot
|
|-boost|p2a: Yanmega|spe|1|[from] ability: Speed Boost
|c| Cnorth26|there it is
|c| ULT Pokeblade|Gg
|c|+Austin|bop
|
|switch|p1a: Krookodile|Krookodile, F|332\/332
|-damage|p1a: Krookodile|312\/332|[from] Stealth Rock
|turn|23
|c| Cnorth26|spdef tanga b erry krook
|
|move|p2a: Yanmega|Bug Buzz|p1a: Krookodile
|-supereffective|p1a: Krookodile
|-damage|p1a: Krookodile|0 fnt
|-damage|p2a: Yanmega|33\/313|[from] item: Life Orb
|faint|p1a: Krookodile
|
|win|ULT King UU
|raw|Ladder updating...
|c|âgimmecakes|gg
|raw|gimmecakes's rating: 1371 &rarr; <strong>1354<\/strong><br \/>(-17 for losing)
|raw|ULT King UU's rating: 1418 &rarr; <strong>1436<\/strong><br \/>(+18 for winning)
|c|âULT King UU|gg
|leave|ult celsius
|c| ULT Pokeblade|Yanmega the boss
|leave|newfren
|leave|LiberalLucario
|leave|gimmecakes
|leave|ULT Pokeblade
|leave|Austin
|leave|Geobrodude
|c| sniperaim|GG
|leave|Shit User
|leave|Cnorth26
|leave|sniperaim
|join|Austin
|leave|ULT King UU
|player|p1
|player|p2
|leave|Austin
|leave|xShiba
|leave|A New Guy