|join|tonofwhat
|join|much professional
|player|p1|tonofwhat|169
|player|p2|much professional|1
|gametype|singles
|gen|6
|tier|OU
|rated
|clearpoke
|poke|p1|Chesnaught, M
|poke|p1|Tentacruel, M
|poke|p1|Heatran, M
|poke|p1|Gardevoir, F
|poke|p1|Magnezone
|poke|p1|Landorus-Therian, M
|poke|p2|Landorus, M
|poke|p2|Gyarados, M
|poke|p2|Breloom, F
|poke|p2|Talonflame, F
|poke|p2|Starmie
|poke|p2|Kyurem-Black
|rule|Swagger Clause: Swagger is banned
|rule|Baton Pass Clause: Limit one PokÃ©mon knowing Baton Pass
|rule|Sleep Clause Mod: Limit one foe put to sleep
|rule|Species Clause: Limit one of each PokÃ©mon
|rule|OHKO Clause: OHKO moves are banned
|rule|Moody Clause: Moody is banned
|rule|Evasion Moves Clause: Evasion moves are banned
|rule|Endless Battle Clause: Forcing endless battles is banned
|rule|HP Percentage Mod: HP is shown in percentages
|teampreview
|
|start
|switch|p1a: Magnezone|Magnezone|281\/281
|switch|p2a: Landorus|Landorus, M|320\/320
|turn|1
|
|move|p1a: Magnezone|Flash Cannon|p2a: Landorus
|-damage|p2a: Landorus|157\/320
|move|p2a: Landorus|Earth Power|p1a: Magnezone
|-supereffective|p1a: Magnezone
|-damage|p1a: Magnezone|0 fnt
|faint|p1a: Magnezone
|
|
|switch|p1a: Chesnaught|Chesnaught, M|380\/380
|turn|2
|
|move|p2a: Landorus|Psychic|p1a: Chesnaught
|-supereffective|p1a: Chesnaught
|-damage|p1a: Chesnaught|0 fnt
|faint|p1a: Chesnaught
|
|
|switch|p1a: Gardevoir|Gardevoir, F|339\/339
|turn|3
|
|detailschange|p1a: Gardevoir|Gardevoir-Mega, F
|message|Gardevoir has Mega Evolved into Mega Gardevoir!
|move|p2a: Landorus|Earth Power|p1a: Gardevoir
|-damage|p1a: Gardevoir|131\/339
|move|p1a: Gardevoir|Hyper Voice|p2a: Landorus
|-damage|p2a: Landorus|0 fnt
|faint|p2a: Landorus
|
|
|switch|p2a: Starmie|Starmie|324\/324
|turn|4
|
|switch|p1a: Tentacruel|Tentacruel, M|364\/364
|move|p2a: Starmie|Scald|p1a: Tentacruel
|-resisted|p1a: Tentacruel
|-damage|p1a: Tentacruel|334\/364
|
|-heal|p1a: Tentacruel|356\/364|[from] item: Leftovers
|turn|5
|
|move|p2a: Starmie|Scald|p1a: Tentacruel
|-resisted|p1a: Tentacruel
|-damage|p1a: Tentacruel|328\/364
|move|p1a: Tentacruel|Knock Off|p2a: Starmie
|-supereffective|p2a: Starmie
|-damage|p2a: Starmie|198\/324
|-enditem|p2a: Starmie|Leftovers|[from] move: Knock Off|[of] p1a: Tentacruel
|
|-heal|p1a: Tentacruel|350\/364|[from] item: Leftovers
|turn|6
|
|move|p2a: Starmie|Scald|p1a: Tentacruel
|-resisted|p1a: Tentacruel
|-damage|p1a: Tentacruel|318\/364
|-status|p1a: Tentacruel|brn
|move|p1a: Tentacruel|Knock Off|p2a: Starmie
|-crit|p2a: Starmie
|-supereffective|p2a: Starmie
|-damage|p2a: Starmie|132\/324
|
|-heal|p1a: Tentacruel|340\/364 brn|[from] item: Leftovers
|-damage|p1a: Tentacruel|295\/364 brn|[from] brn
|turn|7
|
|switch|p1a: Gardevoir|Gardevoir-Mega, F|131\/339
|move|p2a: Starmie|Recover|p2a: Starmie
|-heal|p2a: Starmie|294\/324
|
|turn|8
|
|move|p2a: Starmie|Scald|p1a: Gardevoir
|-damage|p1a: Gardevoir|62\/339
|-status|p1a: Gardevoir|brn
|move|p1a: Gardevoir|Wish|p1a: Gardevoir
|
|-damage|p1a: Gardevoir|20\/339 brn|[from] brn
|turn|9
|
|move|p1a: Gardevoir|Protect|p1a: Gardevoir
|-singleturn|p1a: Gardevoir|Protect
|move|p2a: Starmie|Scald|p1a: Gardevoir
|-activate|p1a: Gardevoir|Protect
|
|-heal|p1a: Gardevoir|189\/339 brn|[from] move: Wish|[wisher] Gardevoir
|-damage|p1a: Gardevoir|147\/339 brn|[from] brn
|turn|10
|
|move|p2a: Starmie|Scald|p1a: Gardevoir
|-damage|p1a: Gardevoir|69\/339 brn
|move|p1a: Gardevoir|Wish|p1a: Gardevoir
|
|-damage|p1a: Gardevoir|27\/339 brn|[from] brn
|turn|11
|
|switch|p2a: Breloom|Breloom, F|262\/262
|move|p1a: Gardevoir|Protect|p1a: Gardevoir
|-fail|p1a: Gardevoir
|
|-heal|p1a: Gardevoir|196\/339 brn|[from] move: Wish|[wisher] Gardevoir
|-damage|p1a: Gardevoir|154\/339 brn|[from] brn
|turn|12
|
|move|p1a: Gardevoir|Hyper Voice|p2a: Breloom
|-supereffective|p2a: Breloom
|-damage|p2a: Breloom|0 fnt
|faint|p2a: Breloom
|
|-damage|p1a: Gardevoir|112\/339 brn|[from] brn
|
|switch|p2a: Talonflame|Talonflame, F|298\/298
|turn|13
|
|switch|p1a: Heatran|Heatran, M|386\/386
|move|p2a: Talonflame|Swords Dance|p2a: Talonflame
|-boost|p2a: Talonflame|atk|2
|
|turn|14
|
|switch|p1a: Landorus-Therian|Landorus-Therian, M|382\/382
|-ability|p1a: Landorus-Therian|Intimidate|[of] p2a: Talonflame
|-unboost|p2a: Talonflame|atk|1
|move|p2a: Talonflame|Swords Dance|p2a: Talonflame
|-boost|p2a: Talonflame|atk|2
|
|turn|15
|
|move|p2a: Talonflame|Flare Blitz|p1a: Landorus-Therian
|-damage|p1a: Landorus-Therian|0 fnt
|-damage|p2a: Talonflame|172\/298|[from] recoil|[of] p1a: Landorus-Therian
|faint|p1a: Landorus-Therian
|
|
|switch|p1a: Heatran|Heatran, M|386\/386
|turn|16
|
|move|p2a: Talonflame|Roost|p2a: Talonflame
|-heal|p2a: Talonflame|298\/298
|move|p1a: Heatran|Stealth Rock|p2a: Talonflame
|-sidestart|p2: much professional|move: Stealth Rock
|
|turn|17
|
|move|p2a: Talonflame|Swords Dance|p2a: Talonflame
|-boost|p2a: Talonflame|atk|2
|move|p1a: Heatran|Roar|p2a: Talonflame
|drag|p2a: Starmie|Starmie|294\/324
|-damage|p2a: Starmie|254\/324|[from] Stealth Rock
|
|turn|18
|
|move|p2a: Starmie|Rapid Spin|p1a: Heatran
|-resisted|p1a: Heatran
|-damage|p1a: Heatran|381\/386
|-sideend|p2: much professional|Stealth Rock|[from] move: Rapid Spin|[of] p2a: Starmie
|move|p1a: Heatran|Toxic|p2a: Starmie
|-status|p2a: Starmie|tox
|
|-heal|p1a: Heatran|386\/386|[from] item: Leftovers
|-damage|p2a: Starmie|234\/324 tox|[from] psn
|turn|19
|
|switch|p2a: Gyarados|Gyarados, M|332\/332
|-ability|p2a: Gyarados|Intimidate|[of] p1a: Heatran
|-unboost|p1a: Heatran|atk|1
|move|p1a: Heatran|Stealth Rock|p2a: Gyarados
|-sidestart|p2: much professional|move: Stealth Rock
|
|turn|20
|
|detailschange|p2a: Gyarados|Gyarados-Mega, M
|message|Gyarados has Mega Evolved into Mega Gyarados!
|-ability|p2a: Gyarados|Mold Breaker
|move|p2a: Gyarados|Dragon Dance|p2a: Gyarados
|-boost|p2a: Gyarados|atk|1
|-boost|p2a: Gyarados|spe|1
|move|p1a: Heatran|Roar|p2a: Gyarados
|drag|p2a: Kyurem-Black|Kyurem-Black|391\/391
|-damage|p2a: Kyurem-Black|294\/391|[from] Stealth Rock
|-ability|p2a: Kyurem-Black|Teravolt
|
|turn|21
|
|move|p2a: Kyurem-Black|Earth Power|p1a: Heatran
|-supereffective|p1a: Heatran
|-damage|p1a: Heatran|142\/386
|-unboost|p1a: Heatran|spd|1
|move|p1a: Heatran|Roar|p2a: Kyurem-Black
|drag|p2a: Talonflame|Talonflame, F|298\/298
|-damage|p2a: Talonflame|149\/298|[from] Stealth Rock
|-enditem|p2a: Talonflame|Sitrus Berry|[eat]
|-heal|p2a: Talonflame|223\/298|[from] item: Sitrus Berry
|
|-heal|p1a: Heatran|166\/386|[from] item: Leftovers
|turn|22
|
|move|p2a: Talonflame|Swords Dance|p2a: Talonflame
|-boost|p2a: Talonflame|atk|2
|move|p1a: Heatran|Toxic|p2a: Talonflame|[miss]
|-miss|p1a: Heatran|p2a: Talonflame
|
|-heal|p1a: Heatran|190\/386|[from] item: Leftovers
|turn|23
|-message|tonofwhat forfeited.
|
|win|much professional
|raw|Ladder updating...
|raw|tonofwhat's rating: 1572 &rarr; <strong>1550<\/strong><br \/>(-22 for losing)
|raw|much professional's rating: 1543 &rarr; <strong>1565<\/strong><br \/>(+22 for winning)
|leave|tonofwhat
|player|p1