|join|peere
|join|ReivaOriel
|player|p1|peere|97
|player|p2|ReivaOriel|12
|gametype|singles
|gen|6
|tier|OU
|clearpoke
|poke|p1|Talonflame, F
|poke|p1|Ferrothorn, F
|poke|p1|Clefable, M
|poke|p1|Aerodactyl, M
|poke|p1|Rotom-Wash
|poke|p1|Latias, F
|poke|p2|Salamence, M
|poke|p2|Ferrothorn, M
|poke|p2|Scizor, F
|poke|p2|Rotom-Wash
|poke|p2|Landorus-Therian, M
|poke|p2|Clefable, F
|rule|Swagger Clause: Swagger is banned
|rule|Baton Pass Clause: Limit one PokÃ©mon knowing Baton Pass
|rule|Sleep Clause Mod: Limit one foe put to sleep
|rule|Species Clause: Limit one of each PokÃ©mon
|rule|OHKO Clause: OHKO moves are banned
|rule|Moody Clause: Moody is banned
|rule|Evasion Moves Clause: Evasion moves are banned
|rule|Endless Battle Clause: Forcing endless battles is banned
|rule|HP Percentage Mod: HP is shown in percentages
|teampreview
|c|âpeere|buena suerte
|c|âReivaOriel|buena suerte :3
|c|âReivaOriel|hay que poner el temporizador, casi se me va
|
|start
|switch|p1a: Rotom-Wash|Rotom-Wash|303\/303
|switch|p2a: Landorus-Therian|Landorus-Therian, M|382\/382
|-ability|p2a: Landorus-Therian|Intimidate|[of] p1a: Rotom-Wash
|-unboost|p1a: Rotom-Wash|atk|1
|turn|1
|
|switch|p2a: Clefable|Clefable, F|394\/394
|move|p1a: Rotom-Wash|Volt Switch|p2a: Clefable
|-damage|p2a: Clefable|324\/394
|
|switch|p1a: Talonflame|Talonflame, F|359\/359
|
|-heal|p2a: Clefable|348\/394|[from] item: Leftovers
|turn|2
|
|switch|p2a: Salamence|Salamence, M|332\/332
|-ability|p2a: Salamence|Intimidate|[of] p1a: Talonflame
|-unboost|p1a: Talonflame|atk|1
|move|p1a: Talonflame|Taunt|p2a: Salamence
|-start|p2a: Salamence|move: Taunt
|
|turn|3
|
|switch|p1a: Clefable|Clefable, M|394\/394
|move|p2a: Salamence|Hydro Pump|p1a: Clefable
|-damage|p1a: Clefable|221\/394
|-damage|p2a: Salamence|299\/332|[from] item: Life Orb
|
|-heal|p1a: Clefable|245\/394|[from] item: Leftovers
|turn|4
|
|switch|p2a: Scizor|Scizor, F|344\/344
|move|p1a: Clefable|Moonlight|p1a: Clefable
|-heal|p1a: Clefable|394\/394
|
|turn|5
|
|switch|p1a: Ferrothorn|Ferrothorn, F|352\/352
|detailschange|p2a: Scizor|Scizor-Mega, F
|message|Scizor has Mega Evolved into Mega Scizor!
|move|p2a: Scizor|Bullet Punch|p1a: Ferrothorn
|-resisted|p1a: Ferrothorn
|-damage|p1a: Ferrothorn|310\/352
|-damage|p2a: Scizor|301\/344|[from] ability: Iron Barbs|[of] p1a: Ferrothorn
|-damage|p2a: Scizor|244\/344|[from] item: Rocky Helmet|[of] p1a: Ferrothorn
|
|turn|6
|
|move|p2a: Scizor|Swords Dance|p2a: Scizor
|-boost|p2a: Scizor|atk|2
|move|p1a: Ferrothorn|Leech Seed|p2a: Scizor
|-start|p2a: Scizor|move: Leech Seed
|
|-damage|p2a: Scizor|201\/344|[from] Leech Seed|[of] p1a: Ferrothorn
|-heal|p1a: Ferrothorn|352\/352|[silent]
|turn|7
|
|switch|p1a: Rotom-Wash|Rotom-Wash|303\/303
|move|p2a: Scizor|Swords Dance|p2a: Scizor
|-boost|p2a: Scizor|atk|2
|
|-damage|p2a: Scizor|158\/344|[from] Leech Seed|[of] p1a: Rotom-Wash
|turn|8
|
|move|p2a: Scizor|Bullet Punch|p1a: Rotom-Wash
|-resisted|p1a: Rotom-Wash
|-damage|p1a: Rotom-Wash|232\/303
|move|p1a: Rotom-Wash|Will-O-Wisp|p2a: Scizor
|-status|p2a: Scizor|brn
|
|-heal|p1a: Rotom-Wash|250\/303|[from] item: Leftovers
|-damage|p2a: Scizor|115\/344 brn|[from] Leech Seed|[of] p1a: Rotom-Wash
|-heal|p1a: Rotom-Wash|293\/303|[silent]
|-damage|p2a: Scizor|72\/344 brn|[from] brn
|turn|9
|
|switch|p2a: Rotom-Wash|Rotom-Wash|303\/303
|move|p1a: Rotom-Wash|Volt Switch|p2a: Rotom-Wash
|-damage|p2a: Rotom-Wash|218\/303
|
|switch|p1a: Clefable|Clefable, M|394\/394
|
|-heal|p2a: Rotom-Wash|236\/303|[from] item: Leftovers
|turn|10
|
|move|p2a: Rotom-Wash|Volt Switch|p1a: Clefable
|-damage|p1a: Clefable|315\/394
|
|switch|p2a: Landorus-Therian|Landorus-Therian, M|382\/382
|-ability|p2a: Landorus-Therian|Intimidate|[of] p1a: Clefable
|-unboost|p1a: Clefable|atk|1
|move|p1a: Clefable|Stealth Rock|p2a: Landorus-Therian
|-sidestart|p2: ReivaOriel|move: Stealth Rock
|
|-heal|p1a: Clefable|339\/394|[from] item: Leftovers
|turn|11
|
|switch|p1a: Rotom-Wash|Rotom-Wash|293\/303
|move|p2a: Landorus-Therian|Rock Slide|p1a: Rotom-Wash
|-damage|p1a: Rotom-Wash|220\/303
|
|-heal|p1a: Rotom-Wash|238\/303|[from] item: Leftovers
|turn|12
|
|move|p2a: Landorus-Therian|U-turn|p1a: Rotom-Wash
|-damage|p1a: Rotom-Wash|170\/303
|
|switch|p2a: Clefable|Clefable, F|348\/394
|move|p1a: Rotom-Wash|Volt Switch|p2a: Clefable
|-damage|p2a: Clefable|278\/394
|
|switch|p1a: Talonflame|Talonflame, F|359\/359
|
|-heal|p2a: Clefable|302\/394|[from] item: Leftovers
|turn|13
|
|switch|p2a: Landorus-Therian|Landorus-Therian, M|382\/382
|-damage|p2a: Landorus-Therian|335\/382|[from] Stealth Rock
|-ability|p2a: Landorus-Therian|Intimidate|[of] p1a: Talonflame
|-unboost|p1a: Talonflame|atk|1
|move|p1a: Talonflame|Taunt|p2a: Landorus-Therian
|-start|p2a: Landorus-Therian|move: Taunt
|
|turn|14
|
|switch|p1a: Rotom-Wash|Rotom-Wash|170\/303
|move|p2a: Landorus-Therian|Knock Off|p1a: Rotom-Wash
|-damage|p1a: Rotom-Wash|69\/303
|-enditem|p1a: Rotom-Wash|Leftovers|[from] move: Knock Off|[of] p2a: Landorus-Therian
|
|turn|15
|
|move|p2a: Landorus-Therian|Rock Slide|p1a: Rotom-Wash
|-miss|p2a: Landorus-Therian|p1a: Rotom-Wash
|move|p1a: Rotom-Wash|Pain Split|p2a: Landorus-Therian
|-sethp|p2a: Landorus-Therian|202\/382|p1a: Rotom-Wash|202\/303|[from] move: Pain Split
|
|turn|16
|
|move|p2a: Landorus-Therian|Rock Slide|p1a: Rotom-Wash
|-damage|p1a: Rotom-Wash|132\/303
|cant|p1a: Rotom-Wash|flinch
|
|-end|p2a: Landorus-Therian|move: Taunt
|turn|17
|
|switch|p2a: Ferrothorn|Ferrothorn, M|352\/352
|-damage|p2a: Ferrothorn|330\/352|[from] Stealth Rock
|move|p1a: Rotom-Wash|Pain Split|p2a: Ferrothorn
|-sethp|p2a: Ferrothorn|231\/352|p1a: Rotom-Wash|231\/303|[from] move: Pain Split
|
|turn|18
|
|move|p1a: Rotom-Wash|Will-O-Wisp|p2a: Ferrothorn
|-status|p2a: Ferrothorn|brn
|move|p2a: Ferrothorn|Stealth Rock|p1a: Rotom-Wash
|-sidestart|p1: peere|move: Stealth Rock
|
|-damage|p2a: Ferrothorn|187\/352 brn|[from] brn
|turn|19
|
|move|p1a: Rotom-Wash|Volt Switch|p2a: Ferrothorn
|-resisted|p2a: Ferrothorn
|-damage|p2a: Ferrothorn|148\/352 brn
|
|switch|p1a: Ferrothorn|Ferrothorn, F|352\/352
|-damage|p1a: Ferrothorn|330\/352|[from] Stealth Rock
|move|p2a: Ferrothorn|Leech Seed|p1a: Ferrothorn
|-immune|p1a: Ferrothorn|[msg]
|
|-damage|p2a: Ferrothorn|104\/352 brn|[from] brn
|turn|20
|
|move|p1a: Ferrothorn|Leech Seed|p2a: Ferrothorn
|-immune|p2a: Ferrothorn|[msg]
|move|p2a: Ferrothorn|Thunder Wave|p1a: Ferrothorn
|-status|p1a: Ferrothorn|par
|
|-damage|p2a: Ferrothorn|60\/352 brn|[from] brn
|turn|21
|
|switch|p2a: Landorus-Therian|Landorus-Therian, M|202\/382
|-damage|p2a: Landorus-Therian|155\/382|[from] Stealth Rock
|-ability|p2a: Landorus-Therian|Intimidate|[of] p1a: Ferrothorn
|-unboost|p1a: Ferrothorn|atk|1
|move|p1a: Ferrothorn|Leech Seed|p2a: Landorus-Therian
|-start|p2a: Landorus-Therian|move: Leech Seed
|
|-damage|p2a: Landorus-Therian|108\/382|[from] Leech Seed|[of] p1a: Ferrothorn
|-heal|p1a: Ferrothorn|352\/352 par|[silent]
|turn|22
|
|move|p2a: Landorus-Therian|U-turn|p1a: Ferrothorn
|-damage|p1a: Ferrothorn|291\/352 par
|-damage|p2a: Landorus-Therian|61\/382|[from] ability: Iron Barbs|[of] p1a: Ferrothorn
|-damage|p2a: Landorus-Therian|0 fnt|[from] item: Rocky Helmet|[of] p1a: Ferrothorn
|faint|p2a: Landorus-Therian
|move|p1a: Ferrothorn|Knock Off|p2: Landorus-Therian|[notarget]
|-notarget
|
|
|switch|p2a: Salamence|Salamence, M|299\/332
|-damage|p2a: Salamence|216\/332|[from] Stealth Rock
|-ability|p2a: Salamence|Intimidate|[of] p1a: Ferrothorn
|-unboost|p1a: Ferrothorn|atk|1
|turn|23
|
|switch|p1a: Rotom-Wash|Rotom-Wash|231\/303
|-damage|p1a: Rotom-Wash|194\/303|[from] Stealth Rock
|move|p2a: Salamence|Fire Blast|p1a: Rotom-Wash
|-resisted|p1a: Rotom-Wash
|-damage|p1a: Rotom-Wash|113\/303
|-damage|p2a: Salamence|183\/332|[from] item: Life Orb
|
|turn|24
|
|move|p2a: Salamence|Roost|p2a: Salamence
|-heal|p2a: Salamence|332\/332
|move|p1a: Rotom-Wash|Volt Switch|p2a: Salamence
|-resisted|p2a: Salamence
|-damage|p2a: Salamence|284\/332
|
|switch|p1a: Aerodactyl|Aerodactyl, M|307\/307
|-damage|p1a: Aerodactyl|231\/307|[from] Stealth Rock
|
|turn|25
|
|switch|p2a: Ferrothorn|Ferrothorn, M|60\/352 brn
|-damage|p2a: Ferrothorn|38\/352 brn|[from] Stealth Rock
|detailschange|p1a: Aerodactyl|Aerodactyl-Mega, M
|message|Aerodactyl has Mega Evolved into Mega Aerodactyl!
|move|p1a: Aerodactyl|Ice Fang|p2a: Ferrothorn
|-damage|p2a: Ferrothorn|0 fnt
|-damage|p1a: Aerodactyl|193\/307|[from] ability: Iron Barbs|[of] p2a: Ferrothorn
|-damage|p1a: Aerodactyl|142\/307|[from] item: Rocky Helmet|[of] p2a: Ferrothorn
|faint|p2a: Ferrothorn
|
|
|switch|p2a: Scizor|Scizor-Mega, F|72\/344 brn
|-damage|p2a: Scizor|29\/344 brn|[from] Stealth Rock
|turn|26
|
|switch|p1a: Ferrothorn|Ferrothorn, F|291\/352 par
|-damage|p1a: Ferrothorn|269\/352 par|[from] Stealth Rock
|move|p2a: Scizor|Superpower|p1a: Ferrothorn
|-supereffective|p1a: Ferrothorn
|-damage|p1a: Ferrothorn|159\/352 par
|-damage|p2a: Scizor|0 fnt|[from] ability: Iron Barbs|[of] p1a: Ferrothorn
|faint|p2a: Scizor
|
|
|switch|p2a: Salamence|Salamence, M|284\/332
|-damage|p2a: Salamence|201\/332|[from] Stealth Rock
|-ability|p2a: Salamence|Intimidate|[of] p1a: Ferrothorn
|-unboost|p1a: Ferrothorn|atk|1
|turn|27
|
|move|p2a: Salamence|Draco Meteor|p1a: Ferrothorn
|-resisted|p1a: Ferrothorn
|-damage|p1a: Ferrothorn|26\/352 par
|-unboost|p2a: Salamence|spa|2
|-damage|p2a: Salamence|168\/332|[from] item: Life Orb
|move|p1a: Ferrothorn|Thunder Wave|p2a: Salamence
|-status|p2a: Salamence|par
|
|turn|28
|
|switch|p2a: Rotom-Wash|Rotom-Wash|236\/303
|-damage|p2a: Rotom-Wash|199\/303|[from] Stealth Rock
|move|p1a: Ferrothorn|Leech Seed|p2a: Rotom-Wash
|-start|p2a: Rotom-Wash|move: Leech Seed
|
|-heal|p2a: Rotom-Wash|217\/303|[from] item: Leftovers
|-damage|p2a: Rotom-Wash|180\/303|[from] Leech Seed|[of] p1a: Ferrothorn
|-heal|p1a: Ferrothorn|63\/352 par|[silent]
|turn|29
|
|move|p2a: Rotom-Wash|Volt Switch|p1a: Ferrothorn
|-resisted|p1a: Ferrothorn
|-damage|p1a: Ferrothorn|27\/352 par
|
|switch|p2a: Clefable|Clefable, F|302\/394
|cant|p1a: Ferrothorn|par
|
|-heal|p2a: Clefable|326\/394|[from] item: Leftovers
|turn|30
|
|switch|p1a: Talonflame|Talonflame, F|359\/359
|-damage|p1a: Talonflame|180\/359|[from] Stealth Rock
|move|p2a: Clefable|Moonblast|p1a: Talonflame
|-resisted|p1a: Talonflame
|-damage|p1a: Talonflame|131\/359
|
|-heal|p1a: Talonflame|153\/359|[from] item: Leftovers
|-heal|p2a: Clefable|350\/394|[from] item: Leftovers
|turn|31
|
|switch|p2a: Rotom-Wash|Rotom-Wash|180\/303
|-damage|p2a: Rotom-Wash|143\/303|[from] Stealth Rock
|move|p1a: Talonflame|Roost|p1a: Talonflame
|-heal|p1a: Talonflame|333\/359
|
|-heal|p1a: Talonflame|355\/359|[from] item: Leftovers
|-heal|p2a: Rotom-Wash|161\/303|[from] item: Leftovers
|turn|32
|
|switch|p1a: Ferrothorn|Ferrothorn, F|27\/352 par
|-damage|p1a: Ferrothorn|5\/352 par|[from] Stealth Rock
|move|p2a: Rotom-Wash|Pain Split|p1a: Ferrothorn
|-sethp|p1a: Ferrothorn|83\/352 par|p2a: Rotom-Wash|83\/303|[from] move: Pain Split
|
|-heal|p2a: Rotom-Wash|101\/303|[from] item: Leftovers
|turn|33
|
|move|p2a: Rotom-Wash|Volt Switch|p1a: Ferrothorn
|-resisted|p1a: Ferrothorn
|-damage|p1a: Ferrothorn|44\/352 par
|
|switch|p2a: Clefable|Clefable, F|350\/394
|move|p1a: Ferrothorn|Knock Off|p2a: Clefable
|-resisted|p2a: Clefable
|-damage|p2a: Clefable|304\/394
|-enditem|p2a: Clefable|Leftovers|[from] move: Knock Off|[of] p1a: Ferrothorn
|
|turn|34
|
|move|p2a: Clefable|Cosmic Power|p2a: Clefable
|-boost|p2a: Clefable|def|1
|-boost|p2a: Clefable|spd|1
|move|p1a: Ferrothorn|Power Whip|p2a: Clefable
|-damage|p2a: Clefable|192\/394
|
|turn|35
|
|switch|p1a: Talonflame|Talonflame, F|355\/359
|-damage|p1a: Talonflame|176\/359|[from] Stealth Rock
|move|p2a: Clefable|Cosmic Power|p2a: Clefable
|-boost|p2a: Clefable|def|1
|-boost|p2a: Clefable|spd|1
|
|-heal|p1a: Talonflame|198\/359|[from] item: Leftovers
|turn|36
|
|move|p1a: Talonflame|Taunt|p2a: Clefable
|-start|p2a: Clefable|move: Taunt
|cant|p2a: Clefable|move: Taunt|Soft-Boiled
|
|-heal|p1a: Talonflame|220\/359|[from] item: Leftovers
|turn|37
|
|move|p1a: Talonflame|Brave Bird|p2a: Clefable
|-damage|p2a: Clefable|114\/394
|-damage|p1a: Talonflame|194\/359|[from] recoil|[of] p2a: Clefable
|move|p2a: Clefable|Moonblast|p1a: Talonflame
|-resisted|p1a: Talonflame
|-damage|p1a: Talonflame|143\/359
|
|-heal|p1a: Talonflame|165\/359|[from] item: Leftovers
|turn|38
|
|move|p1a: Talonflame|Brave Bird|p2a: Clefable
|-damage|p2a: Clefable|29\/394
|-damage|p1a: Talonflame|137\/359|[from] recoil|[of] p2a: Clefable
|move|p2a: Clefable|Stored Power|p1a: Talonflame
|-damage|p1a: Talonflame|60\/359
|
|-heal|p1a: Talonflame|82\/359|[from] item: Leftovers
|-end|p2a: Clefable|move: Taunt
|turn|39
|
|switch|p2a: Salamence|Salamence, M|168\/332 par
|-damage|p2a: Salamence|85\/332 par|[from] Stealth Rock
|-ability|p2a: Salamence|Intimidate|[of] p1a: Talonflame
|-unboost|p1a: Talonflame|atk|1
|move|p1a: Talonflame|Brave Bird|p2a: Salamence
|-damage|p2a: Salamence|0 fnt
|-damage|p1a: Talonflame|54\/359|[from] recoil|[of] p2a: Salamence
|faint|p2a: Salamence
|
|-heal|p1a: Talonflame|76\/359|[from] item: Leftovers
|
|switch|p2a: Rotom-Wash|Rotom-Wash|101\/303
|-damage|p2a: Rotom-Wash|64\/303|[from] Stealth Rock
|turn|40
|
|move|p1a: Talonflame|Roost|p1a: Talonflame
|-heal|p1a: Talonflame|256\/359
|move|p2a: Rotom-Wash|Hydro Pump|p1a: Talonflame
|-supereffective|p1a: Talonflame
|-damage|p1a: Talonflame|14\/359
|
|-heal|p1a: Talonflame|36\/359|[from] item: Leftovers
|-heal|p2a: Rotom-Wash|82\/303|[from] item: Leftovers
|turn|41
|
|move|p1a: Talonflame|Will-O-Wisp|p2a: Rotom-Wash
|-status|p2a: Rotom-Wash|brn
|move|p2a: Rotom-Wash|Volt Switch|p1a: Talonflame
|-supereffective|p1a: Talonflame
|-damage|p1a: Talonflame|0 fnt
|faint|p1a: Talonflame
|
|switch|p2a: Clefable|Clefable, F|29\/394
|
|
|switch|p1a: Aerodactyl|Aerodactyl-Mega, M|142\/307
|-damage|p1a: Aerodactyl|66\/307|[from] Stealth Rock
|turn|42
|
|move|p1a: Aerodactyl|Aerial Ace|p2a: Clefable
|-damage|p2a: Clefable|0 fnt
|faint|p2a: Clefable
|
|
|switch|p2a: Rotom-Wash|Rotom-Wash|82\/303 brn
|-damage|p2a: Rotom-Wash|45\/303 brn|[from] Stealth Rock
|turn|43
|
|move|p1a: Aerodactyl|Aerial Ace|p2a: Rotom-Wash
|-resisted|p2a: Rotom-Wash
|-damage|p2a: Rotom-Wash|0 fnt
|faint|p2a: Rotom-Wash
|
|win|peere
|c|âpeere|gg
|c|âReivaOriel|gg