|join|peere
|join|temp710
|player|p1|peere|97
|player|p2|temp710|162
|gametype|singles
|gen|6
|tier|OU
|rated
|clearpoke
|poke|p1|Chansey, F
|poke|p1|Thundurus, M
|poke|p1|Celebi
|poke|p1|Excadrill, F
|poke|p1|Charizard, M
|poke|p1|Rotom-Wash
|poke|p2|Pinsir, M
|poke|p2|Smeargle, M
|poke|p2|Sylveon, F
|poke|p2|Quagsire, M
|poke|p2|Amoonguss, F
|poke|p2|Excadrill, M
|rule|Swagger Clause: Swagger is banned
|rule|Baton Pass Clause: Limit one PokÃ©mon knowing Baton Pass
|rule|Sleep Clause Mod: Limit one foe put to sleep
|rule|Species Clause: Limit one of each PokÃ©mon
|rule|OHKO Clause: OHKO moves are banned
|rule|Moody Clause: Moody is banned
|rule|Evasion Moves Clause: Evasion moves are banned
|rule|Endless Battle Clause: Forcing endless battles is banned
|rule|HP Percentage Mod: HP is reported as percentages
|teampreview
|
|start
|switch|p1a: Celebi|Celebi|341\/341
|switch|p2a: Smeargle|Smeargle, M|312\/312
|turn|1
|
|move|p1a: Celebi|Psychic|p2a: Smeargle
|-damage|p2a: Smeargle|57\/312
|-enditem|p2a: Smeargle|Salac Berry|[eat]
|-boost|p2a: Smeargle|spe|1|[from] item: Salac Berry
|move|p2a: Smeargle|Substitute|p2a: Smeargle
|-fail|p2a: Smeargle|move: Substitute|[weak]
|
|turn|2
|
|move|p1a: Celebi|Psychic|p2a: Smeargle
|-damage|p2a: Smeargle|0 fnt
|faint|p2a: Smeargle
|
|
|switch|p2a: Pinsir|Pinsir, M|271\/271
|turn|3
|
|switch|p1a: Rotom-Wash|Rotom-Wash|303\/303
|detailschange|p2a: Pinsir|Pinsir-Mega, M
|message|Pinsir has Mega Evolved into Mega Pinsir!
|move|p2a: Pinsir|Swords Dance|p2a: Pinsir
|-boost|p2a: Pinsir|atk|2
|
|turn|4
|
|move|p2a: Pinsir|Return|p1a: Rotom-Wash
|-resisted|p1a: Rotom-Wash
|-damage|p1a: Rotom-Wash|134\/303
|move|p1a: Rotom-Wash|Will-O-Wisp|p2a: Pinsir|[miss]
|-miss|p1a: Rotom-Wash|p2a: Pinsir
|
|-heal|p1a: Rotom-Wash|152\/303|[from] item: Leftovers
|turn|5
|
|move|p2a: Pinsir|Return|p1a: Rotom-Wash
|-resisted|p1a: Rotom-Wash
|-damage|p1a: Rotom-Wash|0 fnt
|faint|p1a: Rotom-Wash
|
|
|switch|p1a: Thundurus|Thundurus, M|299\/299
|turn|6
|
|move|p1a: Thundurus|Wild Charge|p2a: Pinsir
|-supereffective|p2a: Pinsir
|-damage|p2a: Pinsir|7\/271
|-damage|p1a: Thundurus|233\/299|[from] recoil|[of] p2a: Pinsir
|move|p2a: Pinsir|Return|p1a: Thundurus
|-resisted|p1a: Thundurus
|-damage|p1a: Thundurus|0 fnt
|faint|p1a: Thundurus
|
|
|switch|p1a: Excadrill|Excadrill, F|361\/361
|-ability|p1a: Excadrill|Mold Breaker
|-item|p1a: Excadrill|Air Balloon
|turn|7
|
|move|p2a: Pinsir|Return|p1a: Excadrill
|-resisted|p1a: Excadrill
|-damage|p1a: Excadrill|0 fnt
|-enditem|p1a: Excadrill|Air Balloon
|faint|p1a: Excadrill
|
|
|switch|p1a: Celebi|Celebi|341\/341
|turn|8
|
|move|p2a: Pinsir|Quick Attack|p1a: Celebi
|-crit|p1a: Celebi
|-supereffective|p1a: Celebi
|-damage|p1a: Celebi|0 fnt
|faint|p1a: Celebi
|
|chat|temp710|omg
|
|switch|p1a: Charizard|Charizard, M|359\/359
|turn|9
|
|detailschange|p1a: Charizard|Charizard-Mega-X, M
|message|Charizard has Mega Evolved into Mega Charizard!
|move|p2a: Pinsir|Return|p1a: Charizard
|-damage|p1a: Charizard|0 fnt
|faint|p1a: Charizard
|
|
|switch|p1a: Chansey|Chansey, F|701\/701
|turn|10
|
|move|p2a: Pinsir|Return|p1a: Chansey
|-damage|p1a: Chansey|0 fnt
|faint|p1a: Chansey
|
|win|temp710
|raw|Ladder updating...
|raw|peere's rating: 1681 &rarr; <strong>1655<\/strong><br \/>(-26 for losing)
|raw|temp710's rating: 1579 &rarr; <strong>1604<\/strong><br \/>(+25 for winning)
|chat|temp710|gg
|leave|peere
|player|p1