|join|peere
|join|adamsoreos
|player|p1|peere|97
|player|p2|adamsoreos|109
|gametype|singles
|gen|6
|tier|OU
|rated
|clearpoke
|poke|p1|Talonflame, F
|poke|p1|Ferrothorn, F
|poke|p1|Clefable, M
|poke|p1|Aerodactyl, M
|poke|p1|Rotom-Wash
|poke|p1|Latias, F
|poke|p2|Wobbuffet, M
|poke|p2|Heracross, F
|poke|p2|Excadrill, M
|poke|p2|Zapdos
|poke|p2|Jirachi
|poke|p2|Latios, M
|rule|Swagger Clause: Swagger is banned
|rule|Baton Pass Clause: Limit one PokÃ©mon knowing Baton Pass
|rule|Sleep Clause Mod: Limit one foe put to sleep
|rule|Species Clause: Limit one of each PokÃ©mon
|rule|OHKO Clause: OHKO moves are banned
|rule|Moody Clause: Moody is banned
|rule|Evasion Moves Clause: Evasion moves are banned
|rule|Endless Battle Clause: Forcing endless battles is banned
|rule|HP Percentage Mod: HP is shown in percentages
|teampreview
|
|start
|switch|p1a: Talonflame|Talonflame, F|359\/359
|switch|p2a: Wobbuffet|Wobbuffet, M|584\/584
|turn|1
|
|move|p1a: Talonflame|Taunt|p2a: Wobbuffet
|-start|p2a: Wobbuffet|move: Taunt
|move|p2a: Wobbuffet|Counter|p1a: Talonflame
|-fail|p1a: Talonflame
|
|turn|2
|
|move|p1a: Talonflame|Will-O-Wisp|p2a: Wobbuffet
|-status|p2a: Wobbuffet|brn
|move|p2a: Wobbuffet|Counter|p1a: Talonflame
|-fail|p1a: Talonflame
|
|-damage|p2a: Wobbuffet|511\/584 brn|[from] brn
|turn|3
|
|move|p1a: Talonflame|Will-O-Wisp|p2a: Wobbuffet
|-fail|p2a: Wobbuffet|brn
|move|p2a: Wobbuffet|Counter|p1a: Talonflame
|-fail|p1a: Talonflame
|
|-heal|p2a: Wobbuffet|547\/584 brn|[from] item: Leftovers
|-damage|p2a: Wobbuffet|474\/584 brn|[from] brn
|-end|p2a: Wobbuffet|move: Taunt
|turn|4
|
|switch|p2a: Zapdos|Zapdos|370\/370
|-ability|p2a: Zapdos|Pressure
|move|p1a: Talonflame|Taunt|p2a: Zapdos
|-start|p2a: Zapdos|move: Taunt
|
|turn|5
|
|switch|p1a: Latias|Latias, F|364\/364
|move|p2a: Zapdos|Thunderbolt|p1a: Latias
|-resisted|p1a: Latias
|-damage|p1a: Latias|315\/364
|
|-heal|p1a: Latias|337\/364|[from] item: Leftovers
|turn|6
|
|switch|p2a: Wobbuffet|Wobbuffet, M|474\/584 brn
|move|p1a: Latias|Psywave|p2a: Wobbuffet
|-damage|p2a: Wobbuffet|365\/584 brn
|
|-heal|p1a: Latias|359\/364|[from] item: Leftovers
|-heal|p2a: Wobbuffet|401\/584 brn|[from] item: Leftovers
|-damage|p2a: Wobbuffet|328\/584 brn|[from] brn
|turn|7
|
|move|p1a: Latias|Psywave|p2a: Wobbuffet
|-damage|p2a: Wobbuffet|215\/584 brn
|move|p2a: Wobbuffet|Mirror Coat|p1a: Latias
|-damage|p1a: Latias|133\/364
|
|-heal|p1a: Latias|155\/364|[from] item: Leftovers
|-heal|p2a: Wobbuffet|251\/584 brn|[from] item: Leftovers
|-damage|p2a: Wobbuffet|178\/584 brn|[from] brn
|turn|8
|
|move|p1a: Latias|Roost|p1a: Latias
|-heal|p1a: Latias|337\/364
|move|p2a: Wobbuffet|Mirror Coat|p1a: Latias
|-fail|p1a: Latias
|
|-heal|p1a: Latias|359\/364|[from] item: Leftovers
|-heal|p2a: Wobbuffet|214\/584 brn|[from] item: Leftovers
|-damage|p2a: Wobbuffet|141\/584 brn|[from] brn
|turn|9
|
|move|p1a: Latias|Psywave|p2a: Wobbuffet
|-damage|p2a: Wobbuffet|44\/584 brn
|move|p2a: Wobbuffet|Mirror Coat|p1a: Latias
|-damage|p1a: Latias|165\/364
|
|-heal|p1a: Latias|187\/364|[from] item: Leftovers
|-heal|p2a: Wobbuffet|80\/584 brn|[from] item: Leftovers
|-damage|p2a: Wobbuffet|7\/584 brn|[from] brn
|turn|10
|
|switch|p2a: Latios|Latios, M|301\/301
|move|p1a: Latias|Psywave|p2a: Latios
|-damage|p2a: Latios|175\/301
|
|-heal|p1a: Latias|209\/364|[from] item: Leftovers
|turn|11
|c|âadamsoreos|how is that neutral
|c|âpeere|!data psywave
|c|~|\/data-move Psywave

|
|switch|p1a: Clefable|Clefable, M|394\/394
|move|p2a: Latios|Draco Meteor|p1a: Clefable
|-immune|p1a: Clefable|[msg]
|
|turn|12
|
|switch|p2a: Excadrill|Excadrill, M|362\/362
|-ability|p2a: Excadrill|Mold Breaker
|switch|p1a: Ferrothorn|Ferrothorn, F|352\/352
|
|turn|13
|
|switch|p2a: Zapdos|Zapdos|370\/370
|-ability|p2a: Zapdos|Pressure
|move|p1a: Ferrothorn|Leech Seed|p2a: Zapdos|[miss]
|-miss|p1a: Ferrothorn|p2a: Zapdos
|
|turn|14
|
|switch|p1a: Latias|Latias, F|209\/364
|move|p2a: Zapdos|Thunderbolt|p1a: Latias
|-crit|p1a: Latias
|-resisted|p1a: Latias
|-damage|p1a: Latias|137\/364
|
|-heal|p1a: Latias|159\/364|[from] item: Leftovers
|turn|15
|
|switch|p2a: Wobbuffet|Wobbuffet, M|7\/584 brn
|move|p1a: Latias|Roost|p1a: Latias
|-heal|p1a: Latias|341\/364
|
|-heal|p1a: Latias|363\/364|[from] item: Leftovers
|-heal|p2a: Wobbuffet|43\/584 brn|[from] item: Leftovers
|-damage|p2a: Wobbuffet|0 fnt|[from] brn
|faint|p2a: Wobbuffet
|
|switch|p2a: Jirachi|Jirachi|404\/404
|turn|16
|
|move|p1a: Latias|Psywave|p2a: Jirachi
|-damage|p2a: Jirachi|330\/404
|move|p2a: Jirachi|Substitute|p2a: Jirachi
|-start|p2a: Jirachi|Substitute
|-damage|p2a: Jirachi|229\/404
|
|-heal|p1a: Latias|364\/364|[from] item: Leftovers
|turn|17
|
|move|p1a: Latias|Psywave|p2a: Jirachi
|-activate|p2a: Jirachi|Substitute|[damage]
|move|p2a: Jirachi|Calm Mind|p2a: Jirachi
|-boost|p2a: Jirachi|spa|1
|-boost|p2a: Jirachi|spd|1
|
|turn|18
|
|move|p1a: Latias|Psywave|p2a: Jirachi
|-end|p2a: Jirachi|Substitute
|move|p2a: Jirachi|Calm Mind|p2a: Jirachi
|-boost|p2a: Jirachi|spa|1
|-boost|p2a: Jirachi|spd|1
|
|turn|19
|
|move|p1a: Latias|Psywave|p2a: Jirachi
|-damage|p2a: Jirachi|84\/404
|move|p2a: Jirachi|Substitute|p2a: Jirachi
|-fail|p2a: Jirachi|move: Substitute|[weak]
|
|turn|20
|-message|adamsoreos forfeited.
|
|win|peere
|raw|Ladder updating...
|leave|adamsoreos
|player|p2
|raw|peere's rating: 1479 &rarr; <strong>1498<\/strong><br \/>(+19 for winning)
|raw|adamsoreos's rating: 1457 &rarr; <strong>1438<\/strong><br \/>(-19 for losing)
|leave|peere
|player|p1