|join|Will-I-am2
|join|peere
|player|p1|Will-I-am2|1
|player|p2|peere|97
|gametype|singles
|gen|6
|tier|OU
|rated
|clearpoke
|poke|p1|Registeel
|poke|p1|Donphan, F
|poke|p1|Hydreigon, M
|poke|p1|Mandibuzz, F
|poke|p1|Lucario, F
|poke|p1|Slowbro, F
|poke|p2|Azumarill, M
|poke|p2|Landorus, M
|poke|p2|Heatran, F
|poke|p2|Keldeo-Resolute
|poke|p2|Venusaur, F
|poke|p2|Mandibuzz, F
|rule|Swagger Clause: Swagger is banned
|rule|Baton Pass Clause: Limit one PokÃ©mon knowing Baton Pass
|rule|Sleep Clause Mod: Limit one foe put to sleep
|rule|Species Clause: Limit one of each PokÃ©mon
|rule|OHKO Clause: OHKO moves are banned
|rule|Moody Clause: Moody is banned
|rule|Evasion Moves Clause: Evasion moves are banned
|rule|Endless Battle Clause: Forcing endless battles is banned
|rule|HP Percentage Mod: HP is shown in percentages
|teampreview
|
|start
|switch|p1a: Donphan|Donphan, F|384\/384
|switch|p2a: Keldeo-Resolute|Keldeo-Resolute|323\/323
|turn|1
|
|switch|p1a: Slowbro|Slowbro, F|394\/394
|move|p2a: Keldeo-Resolute|Scald|p1a: Slowbro
|-resisted|p1a: Slowbro
|-damage|p1a: Slowbro|265\/394
|-status|p1a: Slowbro|brn
|
|-heal|p1a: Slowbro|289\/394 brn|[from] item: Leftovers
|-damage|p1a: Slowbro|240\/394 brn|[from] brn
|turn|2
|
|switch|p2a: Azumarill|Azumarill, M|361\/361
|move|p1a: Slowbro|Scald|p2a: Azumarill
|-crit|p2a: Azumarill
|-resisted|p2a: Azumarill
|-damage|p2a: Azumarill|247\/361
|-status|p2a: Azumarill|brn
|
|-heal|p1a: Slowbro|264\/394 brn|[from] item: Leftovers
|-damage|p2a: Azumarill|202\/361 brn|[from] brn
|-damage|p1a: Slowbro|215\/394 brn|[from] brn
|turn|3
|
|switch|p1a: Registeel|Registeel|364\/364
|move|p2a: Azumarill|Knock Off|p1a: Registeel
|-crit|p1a: Registeel
|-damage|p1a: Registeel|258\/364
|-enditem|p1a: Registeel|Leftovers|[from] move: Knock Off|[of] p2a: Azumarill
|
|-damage|p2a: Azumarill|157\/361 brn|[from] brn
|turn|4
|
|switch|p2a: Keldeo-Resolute|Keldeo-Resolute|323\/323
|move|p1a: Registeel|Stealth Rock|p2a: Keldeo-Resolute
|-sidestart|p2: peere|move: Stealth Rock
|
|turn|5
|
|switch|p1a: Slowbro|Slowbro, F|346\/394 brn
|move|p2a: Keldeo-Resolute|Hydro Pump|p1a: Slowbro
|-resisted|p1a: Slowbro
|-damage|p1a: Slowbro|164\/394 brn
|
|-heal|p1a: Slowbro|188\/394 brn|[from] item: Leftovers
|-damage|p1a: Slowbro|139\/394 brn|[from] brn
|turn|6
|
|move|p2a: Keldeo-Resolute|Hydro Pump|p1a: Slowbro
|-resisted|p1a: Slowbro
|-damage|p1a: Slowbro|0 fnt
|faint|p1a: Slowbro
|
|
|switch|p1a: Hydreigon|Hydreigon, M|340\/340
|turn|7
|
|switch|p2a: Heatran|Heatran, F|323\/323
|-damage|p2a: Heatran|283\/323|[from] Stealth Rock
|move|p1a: Hydreigon|Dark Pulse|p2a: Heatran
|-damage|p2a: Heatran|72\/323
|
|turn|8
|
|move|p2a: Heatran|Flash Cannon|p1a: Hydreigon
|-damage|p1a: Hydreigon|169\/340
|move|p1a: Hydreigon|Dark Pulse|p2a: Heatran
|-damage|p2a: Heatran|0 fnt
|faint|p2a: Heatran
|
|
|switch|p2a: Azumarill|Azumarill, M|157\/361 brn
|-damage|p2a: Azumarill|112\/361 brn|[from] Stealth Rock
|turn|9
|
|switch|p1a: Registeel|Registeel|258\/364
|move|p2a: Azumarill|Waterfall|p1a: Registeel
|-damage|p1a: Registeel|164\/364
|
|-damage|p2a: Azumarill|67\/361 brn|[from] brn
|turn|10
|
|move|p2a: Azumarill|Waterfall|p1a: Registeel
|-damage|p1a: Registeel|83\/364
|move|p1a: Registeel|Seismic Toss|p2a: Azumarill
|-damage|p2a: Azumarill|0 fnt
|faint|p2a: Azumarill
|
|
|switch|p2a: Mandibuzz|Mandibuzz, F|423\/423
|-damage|p2a: Mandibuzz|318\/423|[from] Stealth Rock
|turn|11
|
|switch|p1a: Hydreigon|Hydreigon, M|169\/340
|move|p2a: Mandibuzz|Taunt|p1a: Hydreigon
|-start|p1a: Hydreigon|move: Taunt
|
|-heal|p2a: Mandibuzz|344\/423|[from] item: Leftovers
|turn|12
|
|move|p1a: Hydreigon|Draco Meteor|p2a: Mandibuzz
|-crit|p2a: Mandibuzz
|-damage|p2a: Mandibuzz|0 fnt
|-unboost|p1a: Hydreigon|spa|2
|faint|p2a: Mandibuzz
|
|
|switch|p2a: Keldeo-Resolute|Keldeo-Resolute|323\/323
|-damage|p2a: Keldeo-Resolute|303\/323|[from] Stealth Rock
|turn|13
|
|switch|p1a: Registeel|Registeel|83\/364
|move|p2a: Keldeo-Resolute|Scald|p1a: Registeel
|-damage|p1a: Registeel|0 fnt
|faint|p1a: Registeel
|
|
|switch|p1a: Hydreigon|Hydreigon, M|169\/340
|turn|14
|
|move|p2a: Keldeo-Resolute|Scald|p1a: Hydreigon
|-resisted|p1a: Hydreigon
|-damage|p1a: Hydreigon|50\/340
|-status|p1a: Hydreigon|brn
|move|p1a: Hydreigon|Draco Meteor|p2a: Keldeo-Resolute
|-damage|p2a: Keldeo-Resolute|0 fnt
|-unboost|p1a: Hydreigon|spa|2
|faint|p2a: Keldeo-Resolute
|
|-damage|p1a: Hydreigon|8\/340 brn|[from] brn
|
|switch|p2a: Venusaur|Venusaur, F|349\/349
|-damage|p2a: Venusaur|306\/349|[from] Stealth Rock
|turn|15
|
|switch|p1a: Mandibuzz|Mandibuzz, F|416\/416
|detailschange|p2a: Venusaur|Venusaur-Mega, F
|message|Venusaur has Mega Evolved into Mega Venusaur!
|move|p2a: Venusaur|Synthesis|p2a: Venusaur
|-heal|p2a: Venusaur|349\/349
|
|turn|16
|
|move|p2a: Venusaur|Sludge Bomb|p1a: Mandibuzz
|-damage|p1a: Mandibuzz|232\/416
|-status|p1a: Mandibuzz|psn
|move|p1a: Mandibuzz|Brave Bird|p2a: Venusaur
|-supereffective|p2a: Venusaur
|-damage|p2a: Venusaur|181\/349
|-damage|p1a: Mandibuzz|177\/416 psn|[from] recoil|[of] p2a: Venusaur
|
|-damage|p1a: Mandibuzz|125\/416 psn|[from] psn
|turn|17
|
|move|p2a: Venusaur|Synthesis|p2a: Venusaur
|-heal|p2a: Venusaur|349\/349
|move|p1a: Mandibuzz|Brave Bird|p2a: Venusaur
|-supereffective|p2a: Venusaur
|-damage|p2a: Venusaur|181\/349
|-damage|p1a: Mandibuzz|70\/416 psn|[from] recoil|[of] p2a: Venusaur
|
|-damage|p1a: Mandibuzz|18\/416 psn|[from] psn
|turn|18
|
|move|p2a: Venusaur|Giga Drain|p1a: Mandibuzz
|-resisted|p1a: Mandibuzz
|-damage|p1a: Mandibuzz|0 fnt
|-heal|p2a: Venusaur|190\/349|[from] drain|[of] p1a: Mandibuzz
|faint|p1a: Mandibuzz
|
|
|switch|p1a: Hydreigon|Hydreigon, M|8\/340 brn
|turn|19
|
|switch|p2a: Landorus|Landorus, M|319\/319
|-damage|p2a: Landorus|280\/319|[from] Stealth Rock
|move|p1a: Hydreigon|Draco Meteor|p2a: Landorus
|-damage|p2a: Landorus|0 fnt
|-unboost|p1a: Hydreigon|spa|2
|faint|p2a: Landorus
|
|-damage|p1a: Hydreigon|0 fnt|[from] brn
|faint|p1a: Hydreigon
|
|switch|p1a: Lucario|Lucario, F|282\/282
|switch|p2a: Venusaur|Venusaur-Mega, F|190\/349
|-damage|p2a: Venusaur|147\/349|[from] Stealth Rock
|turn|20
|
|move|p1a: Lucario|Swords Dance|p1a: Lucario
|-boost|p1a: Lucario|atk|2
|move|p2a: Venusaur|Synthesis|p2a: Venusaur
|-heal|p2a: Venusaur|321\/349
|
|turn|21
|
|move|p1a: Lucario|Swords Dance|p1a: Lucario
|-boost|p1a: Lucario|atk|2
|move|p2a: Venusaur|Hidden Power|p1a: Lucario
|-supereffective|p1a: Lucario
|-damage|p1a: Lucario|68\/282
|
|turn|22
|
|move|p1a: Lucario|Crunch|p2a: Venusaur
|-damage|p2a: Venusaur|18\/349
|-damage|p1a: Lucario|40\/282|[from] item: Life Orb
|move|p2a: Venusaur|Giga Drain|p1a: Lucario
|-resisted|p1a: Lucario
|-damage|p1a: Lucario|0 fnt
|-heal|p2a: Venusaur|38\/349|[from] drain|[of] p1a: Lucario
|faint|p1a: Lucario
|
|
|switch|p1a: Donphan|Donphan, F|384\/384
|turn|23
|
|move|p1a: Donphan|Ice Shard|p2a: Venusaur
|-supereffective|p2a: Venusaur
|-damage|p2a: Venusaur|0 fnt
|faint|p2a: Venusaur
|
|win|Will-I-am2
|raw|Ladder updating...
|raw|Will-I-am2's rating: 1880 &rarr; <strong>1893<\/strong><br \/>(+13 for winning)
|raw|peere's rating: 1748 &rarr; <strong>1735<\/strong><br \/>(-13 for losing)