|join|peere
|join|Maneel
|player|p1|peere|97
|player|p2|Maneel|183
|gametype|singles
|gen|6
|tier|OU
|clearpoke
|poke|p1|Conkeldurr, M
|poke|p1|Ferrothorn, M
|poke|p1|Rotom-Wash
|poke|p1|Latias, F
|poke|p1|Gardevoir, M
|poke|p1|Excadrill, F
|poke|p2|Aerodactyl, F
|poke|p2|Azumarill, M
|poke|p2|Latias, F
|poke|p2|Breloom, F
|poke|p2|Magnezone
|poke|p2|Landorus, M
|rule|Swagger Clause: Swagger is banned
|rule|Baton Pass Clause: Limit one PokÃ©mon knowing Baton Pass
|rule|Sleep Clause Mod: Limit one foe put to sleep
|rule|Species Clause: Limit one of each PokÃ©mon
|rule|OHKO Clause: OHKO moves are banned
|rule|Moody Clause: Moody is banned
|rule|Evasion Moves Clause: Evasion moves are banned
|rule|Endless Battle Clause: Forcing endless battles is banned
|rule|HP Percentage Mod: HP is shown in percentages
|teampreview
|c|âpeere|buena suerte
|c|âManeel|gl hf
|c|âManeel|a ti tambien
|
|start
|switch|p1a: Rotom-Wash|Rotom-Wash|304\/304
|switch|p2a: Luigi|Breloom, F|261\/261
|turn|1
|
|switch|p2a: Friendzone|Magnezone|281\/281
|switch|p1a: Ferrothorn|Ferrothorn, M|352\/352
|
|turn|2
|
|move|p2a: Friendzone|Hidden Power|p1a: Ferrothorn
|-supereffective|p1a: Ferrothorn
|-damage|p1a: Ferrothorn|0 fnt
|faint|p1a: Ferrothorn
|
|
|switch|p1a: Excadrill|Excadrill, F|361\/361
|-ability|p1a: Excadrill|Mold Breaker
|-item|p1a: Excadrill|Air Balloon
|turn|3
|
|move|p1a: Excadrill|Stealth Rock|p2a: Friendzone
|-sidestart|p2: Maneel|move: Stealth Rock
|move|p2a: Friendzone|Hidden Power|p1a: Excadrill
|-supereffective|p1a: Excadrill
|-damage|p1a: Excadrill|55\/361
|-enditem|p1a: Excadrill|Air Balloon
|
|turn|4
|
|switch|p2a: Red Angel|Latias, F|319\/319
|-damage|p2a: Red Angel|280\/319|[from] Stealth Rock
|move|p1a: Excadrill|Iron Head|p2a: Red Angel
|-damage|p2a: Red Angel|97\/319
|
|turn|5
|
|move|p2a: Red Angel|Defog|p1a: Excadrill
|-unboost|p1a: Excadrill|evasion|1
|-sideend|p2: Maneel|Stealth Rock|[from] move: Defog|[of] p2a: Red Angel
|move|p1a: Excadrill|Iron Head|p2a: Red Angel
|-damage|p2a: Red Angel|0 fnt
|faint|p2a: Red Angel
|
|
|switch|p2a: Lucifer|Aerodactyl, F|301\/301
|-ability|p2a: Lucifer|Unnerve|p1: peere
|turn|6
|
|switch|p1a: Rotom-Wash|Rotom-Wash|304\/304
|detailschange|p2a: Lucifer|Aerodactyl-Mega, F
|message|Aerodactyl has Mega Evolved into Mega Aerodactyl!
|move|p2a: Lucifer|Crunch|p1a: Rotom-Wash
|-damage|p1a: Rotom-Wash|200\/304
|
|-heal|p1a: Rotom-Wash|219\/304|[from] item: Leftovers
|turn|7
|
|switch|p2a: Friendzone|Magnezone|281\/281
|move|p1a: Rotom-Wash|Will-O-Wisp|p2a: Friendzone
|-status|p2a: Friendzone|brn
|
|-heal|p1a: Rotom-Wash|238\/304|[from] item: Leftovers
|-damage|p2a: Friendzone|246\/281 brn|[from] brn
|turn|8
|
|move|p2a: Friendzone|Flash Cannon|p1a: Rotom-Wash
|-resisted|p1a: Rotom-Wash
|-damage|p1a: Rotom-Wash|189\/304
|move|p1a: Rotom-Wash|Hydro Pump|p2a: Friendzone
|-damage|p2a: Friendzone|108\/281 brn
|
|-heal|p1a: Rotom-Wash|208\/304|[from] item: Leftovers
|-damage|p2a: Friendzone|73\/281 brn|[from] brn
|turn|9
|
|switch|p2a: Luigi|Breloom, F|261\/261
|move|p1a: Rotom-Wash|Will-O-Wisp|p2a: Luigi
|-status|p2a: Luigi|brn
|
|-heal|p1a: Rotom-Wash|227\/304|[from] item: Leftovers
|-damage|p2a: Luigi|229\/261 brn|[from] brn
|turn|10
|c|âManeel|buena
|
|switch|p1a: Conkeldurr|Conkeldurr, M|365\/365
|move|p2a: Luigi|Spore|p1a: Conkeldurr
|-status|p1a: Conkeldurr|slp
|
|-damage|p2a: Luigi|197\/261 brn|[from] brn
|turn|11
|
|switch|p2a: Doraemon|Azumarill, M|381\/381
|switch|p1a: Latias|Latias, F|302\/302
|
|turn|12
|
|switch|p1a: Rotom-Wash|Rotom-Wash|227\/304
|move|p2a: Doraemon|Play Rough|p1a: Rotom-Wash|[miss]
|-miss|p2a: Doraemon|p1a: Rotom-Wash
|
|-heal|p1a: Rotom-Wash|246\/304|[from] item: Leftovers
|turn|13
|c|âpeere|sorry
|
|switch|p2a: Luigi|Breloom, F|197\/261 brn
|move|p1a: Rotom-Wash|Will-O-Wisp|p2a: Luigi
|-fail|p2a: Luigi|brn
|
|-heal|p1a: Rotom-Wash|265\/304|[from] item: Leftovers
|-damage|p2a: Luigi|165\/261 brn|[from] brn
|turn|14
|
|switch|p1a: Latias|Latias, F|302\/302
|move|p2a: Luigi|Rock Tomb|p1a: Latias|[miss]
|-miss|p2a: Luigi|p1a: Latias
|
|-damage|p2a: Luigi|133\/261 brn|[from] brn
|turn|15
|c|âManeel|en serio?
|
|switch|p2a: Friendzone|Magnezone|73\/281 brn
|move|p1a: Latias|Psyshock|p2a: Friendzone
|-resisted|p2a: Friendzone
|-damage|p2a: Friendzone|21\/281 brn
|
|-damage|p2a: Friendzone|0 fnt|[from] brn
|faint|p2a: Friendzone
|
|switch|p2a: Lucifer|Aerodactyl-Mega, F|301\/301
|turn|16
|
|switch|p1a: Rotom-Wash|Rotom-Wash|265\/304
|move|p2a: Lucifer|Crunch|p1a: Rotom-Wash
|-damage|p1a: Rotom-Wash|173\/304
|
|-heal|p1a: Rotom-Wash|192\/304|[from] item: Leftovers
|turn|17
|
|switch|p2a: Luigi|Breloom, F|133\/261 brn
|move|p1a: Rotom-Wash|Hydro Pump|p2a: Luigi|[miss]
|-miss|p1a: Rotom-Wash|p2a: Luigi
|
|-heal|p1a: Rotom-Wash|211\/304|[from] item: Leftovers
|-damage|p2a: Luigi|101\/261 brn|[from] brn
|turn|18
|
|switch|p1a: Conkeldurr|Conkeldurr, M|365\/365 slp
|move|p2a: Luigi|Bullet Seed|p1a: Conkeldurr
|-damage|p1a: Conkeldurr|331\/365 slp
|-damage|p1a: Conkeldurr|294\/365 slp
|-damage|p1a: Conkeldurr|258\/365 slp
|-hitcount|p1a: Conkeldurr|3
|
|-damage|p2a: Luigi|69\/261 brn|[from] brn
|turn|19
|
|switch|p2a: Doraemon|Azumarill, M|381\/381
|cant|p1a: Conkeldurr|slp
|
|turn|20
|
|switch|p1a: Excadrill|Excadrill, F|55\/361
|-ability|p1a: Excadrill|Mold Breaker
|move|p2a: Doraemon|Play Rough|p1a: Excadrill
|-crit|p1a: Excadrill
|-resisted|p1a: Excadrill
|-damage|p1a: Excadrill|0 fnt
|faint|p1a: Excadrill
|
|
|switch|p1a: Rotom-Wash|Rotom-Wash|211\/304
|turn|21
|
|switch|p2a: Luigi|Breloom, F|69\/261 brn
|move|p1a: Rotom-Wash|Hydro Pump|p2a: Luigi
|-resisted|p2a: Luigi
|-damage|p2a: Luigi|0 fnt
|faint|p2a: Luigi
|
|-heal|p1a: Rotom-Wash|230\/304|[from] item: Leftovers
|
|switch|p2a: Anorus|Landorus, M|319\/319
|turn|22
|
|switch|p1a: Latias|Latias, F|302\/302
|move|p2a: Anorus|Psychic|p1a: Latias
|-resisted|p1a: Latias
|-damage|p1a: Latias|234\/302
|
|turn|23
|
|move|p1a: Latias|Psyshock|p2a: Anorus
|-damage|p2a: Anorus|189\/319
|move|p2a: Anorus|Stealth Rock|p1a: Latias
|-sidestart|p1: peere|move: Stealth Rock
|
|turn|24
|
|switch|p2a: Doraemon|Azumarill, M|381\/381
|move|p1a: Latias|Psyshock|p2a: Doraemon
|-damage|p2a: Doraemon|239\/381
|
|turn|25
|
|switch|p1a: Conkeldurr|Conkeldurr, M|258\/365 slp
|-damage|p1a: Conkeldurr|236\/365 slp|[from] Stealth Rock
|move|p2a: Doraemon|Play Rough|p1a: Conkeldurr
|-supereffective|p1a: Conkeldurr
|-damage|p1a: Conkeldurr|0 fnt
|faint|p1a: Conkeldurr
|
|
|switch|p1a: Gardevoir|Gardevoir, M|340\/340
|-damage|p1a: Gardevoir|298\/340|[from] Stealth Rock
|-ability|p1a: Gardevoir|Huge Power|[from] ability: Trace|[of] p2a: Doraemon
|turn|26
|
|switch|p2a: Anorus|Landorus, M|189\/319
|detailschange|p1a: Gardevoir|Gardevoir-Mega, M
|message|Gardevoir has Mega Evolved into Mega Gardevoir!
|move|p1a: Gardevoir|Hyper Voice|p2a: Anorus
|-damage|p2a: Anorus|0 fnt
|faint|p2a: Anorus
|
|
|switch|p2a: Lucifer|Aerodactyl-Mega, F|301\/301
|turn|27
|
|move|p2a: Lucifer|Stone Edge|p1a: Gardevoir|[miss]
|-miss|p2a: Lucifer|p1a: Gardevoir
|move|p1a: Gardevoir|Hyper Voice|p2a: Lucifer
|-damage|p2a: Lucifer|79\/301
|
|turn|28
|
|move|p2a: Lucifer|Stone Edge|p1a: Gardevoir|[miss]
|-miss|p2a: Lucifer|p1a: Gardevoir
|move|p1a: Gardevoir|Hyper Voice|p2a: Lucifer
|-damage|p2a: Lucifer|0 fnt
|faint|p2a: Lucifer
|
|c|âManeel|que le den...
|
|switch|p2a: Doraemon|Azumarill, M|239\/381
|turn|29
|
|move|p1a: Gardevoir|Hyper Voice|p2a: Doraemon
|-damage|p2a: Doraemon|4\/381
|move|p2a: Doraemon|Play Rough|p1a: Gardevoir
|-damage|p1a: Gardevoir|0 fnt
|faint|p1a: Gardevoir
|
|
|switch|p1a: Latias|Latias, F|234\/302
|-damage|p1a: Latias|197\/302|[from] Stealth Rock
|turn|30
|
|move|p1a: Latias|Psyshock|p2a: Doraemon
|-damage|p2a: Doraemon|0 fnt
|faint|p2a: Doraemon
|
|win|peere
|join|Greenway
|c| Greenway|nub
|leave|peere
|player|p1