|join|peere
|join|mentali59
|player|p1|peere|97
|player|p2|mentali59|291
|gametype|singles
|gen|6
|tier|OU
|rated
|clearpoke
|poke|p1|Chansey, F
|poke|p1|Thundurus, M
|poke|p1|Celebi
|poke|p1|Excadrill, F
|poke|p1|Charizard, M
|poke|p1|Rotom-Wash
|poke|p2|Gyarados, M
|poke|p2|Dragonite, F
|poke|p2|Zapdos, shiny
|poke|p2|Talonflame, F, shiny
|poke|p2|Staraptor, M, shiny
|poke|p2|Thundurus-Therian, M
|rule|Sleep Clause Mod: Limit one foe put to sleep
|rule|Species Clause: Limit one of each Pokemon
|rule|OHKO Clause: OHKO moves are banned
|rule|Moody Clause: Moody is banned
|rule|Evasion Moves Clause: Evasion moves are banned
|rule|Endless Battle Clause: Forcing endless battles is banned.
|rule|HP Percentage Mod: HP is reported as percentages
|teampreview
|
|start
|switch|p1a: Excadrill|Excadrill, F|361\/361
|switch|p2a: Dragonite|Dragonite, F|329\/329
|-ability|p1a: Excadrill|Mold Breaker
|-item|p1a: Excadrill|Air Balloon
|turn|1
|
|switch|p1a: Chansey|Chansey, F|701\/701
|move|p2a: Dragonite|Dragon Dance|p2a: Dragonite
|-boost|p2a: Dragonite|atk|1
|-boost|p2a: Dragonite|spe|1
|
|turn|2
|
|move|p2a: Dragonite|Dragon Dance|p2a: Dragonite
|-boost|p2a: Dragonite|atk|1
|-boost|p2a: Dragonite|spe|1
|move|p1a: Chansey|Thunder Wave|p2a: Dragonite
|-status|p2a: Dragonite|par
|
|turn|3
|
|move|p1a: Chansey|Seismic Toss|p2a: Dragonite
|-damage|p2a: Dragonite|229\/329 par
|move|p2a: Dragonite|Dragon Dance|p2a: Dragonite
|-boost|p2a: Dragonite|atk|1
|-boost|p2a: Dragonite|spe|1
|
|turn|4
|
|move|p2a: Dragonite|Dragon Claw|p1a: Chansey
|-damage|p1a: Chansey|92\/701
|move|p1a: Chansey|Seismic Toss|p2a: Dragonite
|-damage|p2a: Dragonite|129\/329 par
|
|turn|5
|
|move|p2a: Dragonite|Extreme Speed|p1a: Chansey
|-damage|p1a: Chansey|0 fnt
|faint|p1a: Chansey
|
|
|switch|p1a: Charizard|Charizard, M|359\/359
|turn|6
|
|detailschange|p1a: Charizard|Charizard-Mega-X, M
|message|Charizard has Mega Evolved into Mega Charizard!
|move|p2a: Dragonite|Extreme Speed|p1a: Charizard
|-damage|p1a: Charizard|165\/359
|move|p1a: Charizard|Dragon Claw|p2a: Dragonite
|-supereffective|p2a: Dragonite
|-damage|p2a: Dragonite|0 fnt
|faint|p2a: Dragonite
|
|
|switch|p2a: Talonflame|Talonflame, F, shiny|297\/297
|turn|7
|
|switch|p1a: Rotom-Wash|Rotom-Wash|303\/303
|move|p2a: Talonflame|Brave Bird|p1a: Rotom-Wash
|-resisted|p1a: Rotom-Wash
|-damage|p1a: Rotom-Wash|238\/303
|-damage|p2a: Talonflame|276\/297|[from] recoil|[of] p1a: Rotom-Wash
|
|-heal|p1a: Rotom-Wash|256\/303|[from] item: Leftovers
|turn|8
|
|switch|p2a: Thundurus-Therian|Thundurus-Therian, M|299\/299
|move|p1a: Rotom-Wash|Will-O-Wisp|p2a: Thundurus-Therian|[miss]
|-miss|p1a: Rotom-Wash|p2a: Thundurus-Therian
|
|-heal|p1a: Rotom-Wash|274\/303|[from] item: Leftovers
|turn|9
|
|switch|p1a: Celebi|Celebi|341\/341
|move|p2a: Thundurus-Therian|Volt Switch|p1a: Celebi
|-resisted|p1a: Celebi
|-damage|p1a: Celebi|246\/341
|-damage|p2a: Thundurus-Therian|270\/299|[from] item: Life Orb
|
|switch|p2a: Staraptor|Staraptor, M, shiny|311\/311
|
|turn|10
|
|switch|p1a: Rotom-Wash|Rotom-Wash|274\/303
|move|p2a: Staraptor|U-turn|p1a: Rotom-Wash
|-damage|p1a: Rotom-Wash|194\/303
|
|switch|p2a: Thundurus-Therian|Thundurus-Therian, M|270\/299
|
|-heal|p1a: Rotom-Wash|212\/303|[from] item: Leftovers
|turn|11
|
|switch|p1a: Excadrill|Excadrill, F|361\/361
|-ability|p1a: Excadrill|Mold Breaker
|-item|p1a: Excadrill|Air Balloon
|move|p2a: Thundurus-Therian|Grass Knot|p1a: Excadrill
|-damage|p1a: Excadrill|218\/361
|-enditem|p1a: Excadrill|Air Balloon
|-damage|p2a: Thundurus-Therian|241\/299|[from] item: Life Orb
|
|turn|12
|
|move|p2a: Thundurus-Therian|Grass Knot|p1a: Excadrill
|-damage|p1a: Excadrill|74\/361
|-damage|p2a: Thundurus-Therian|212\/299|[from] item: Life Orb
|move|p1a: Excadrill|Stealth Rock|p2a: Thundurus-Therian
|-sidestart|p2: mentali59|move: Stealth Rock
|
|turn|13
|
|move|p2a: Thundurus-Therian|Grass Knot|p1a: Excadrill
|-damage|p1a: Excadrill|0 fnt
|-damage|p2a: Thundurus-Therian|183\/299|[from] item: Life Orb
|faint|p1a: Excadrill
|
|
|switch|p1a: Celebi|Celebi|246\/341
|turn|14
|
|move|p1a: Celebi|Psychic|p2a: Thundurus-Therian
|-damage|p2a: Thundurus-Therian|26\/299
|move|p2a: Thundurus-Therian|Hidden Power|p1a: Celebi
|-supereffective|p1a: Celebi
|-damage|p1a: Celebi|51\/341
|-damage|p2a: Thundurus-Therian|0 fnt|[from] item: Life Orb
|faint|p2a: Thundurus-Therian
|
|
|switch|p2a: Zapdos|Zapdos, shiny|383\/383
|-damage|p2a: Zapdos|288\/383|[from] Stealth Rock
|-ability|p2a: Zapdos|Pressure
|turn|15
|
|switch|p1a: Thundurus|Thundurus, M|299\/299
|move|p2a: Zapdos|Defog|p1a: Thundurus
|-unboost|p1a: Thundurus|evasion|1
|-boost|p1a: Thundurus|atk|2|[from] ability: Defiant
|-sideend|p2: mentali59|Stealth Rock|[from] move: Defog|[of] p2a: Zapdos
|
|-heal|p2a: Zapdos|311\/383|[from] item: Leftovers
|turn|16
|
|move|p1a: Thundurus|Bulk Up|p1a: Thundurus
|-boost|p1a: Thundurus|atk|1
|-boost|p1a: Thundurus|def|1
|move|p2a: Zapdos|Thunderbolt|p1a: Thundurus
|-damage|p1a: Thundurus|154\/299
|
|-heal|p1a: Thundurus|172\/299|[from] item: Leftovers
|-heal|p2a: Zapdos|334\/383|[from] item: Leftovers
|turn|17
|
|move|p1a: Thundurus|Wild Charge|p2a: Zapdos
|-damage|p2a: Zapdos|40\/383
|-damage|p1a: Thundurus|98\/299|[from] recoil|[of] p2a: Zapdos
|move|p2a: Zapdos|Thunderbolt|p1a: Thundurus
|-damage|p1a: Thundurus|0 fnt
|faint|p1a: Thundurus
|
|-heal|p2a: Zapdos|63\/383|[from] item: Leftovers
|
|switch|p1a: Celebi|Celebi|51\/341
|turn|18
|
|move|p1a: Celebi|Psychic|p2a: Zapdos
|-damage|p2a: Zapdos|0 fnt
|faint|p2a: Zapdos
|
|
|switch|p2a: Staraptor|Staraptor, M, shiny|311\/311
|turn|19
|
|move|p1a: Celebi|Psychic|p2a: Staraptor
|-damage|p2a: Staraptor|119\/311
|move|p2a: Staraptor|U-turn|p1a: Celebi
|-crit|p1a: Celebi
|-supereffective|p1a: Celebi
|-damage|p1a: Celebi|0 fnt
|faint|p1a: Celebi
|
|switch|p2a: Gyarados|Gyarados, M|394\/394
|
|
|switch|p1a: Rotom-Wash|Rotom-Wash|212\/303
|turn|20
|
|-ability|p2a: Gyarados|Mold Breaker
|detailschange|p2a: Gyarados|Gyarados-Mega, M
|message|Gyarados has Mega Evolved into Mega Gyarados!
|move|p1a: Rotom-Wash|Will-O-Wisp|p2a: Gyarados|[miss]
|-miss|p1a: Rotom-Wash|p2a: Gyarados
|move|p2a: Gyarados|Dragon Dance|p2a: Gyarados
|-boost|p2a: Gyarados|atk|1
|-boost|p2a: Gyarados|spe|1
|
|-heal|p1a: Rotom-Wash|230\/303|[from] item: Leftovers
|turn|21
|
|move|p2a: Gyarados|Waterfall|p1a: Rotom-Wash
|-resisted|p1a: Rotom-Wash
|-damage|p1a: Rotom-Wash|161\/303
|move|p1a: Rotom-Wash|Will-O-Wisp|p2a: Gyarados
|-status|p2a: Gyarados|brn
|
|-heal|p1a: Rotom-Wash|179\/303|[from] item: Leftovers
|-damage|p2a: Gyarados|345\/394 brn|[from] brn
|turn|22
|
|move|p2a: Gyarados|Dragon Dance|p2a: Gyarados
|-boost|p2a: Gyarados|atk|1
|-boost|p2a: Gyarados|spe|1
|move|p1a: Rotom-Wash|Pain Split|p2a: Gyarados
|-sethp|p2a: Gyarados|262\/394 brn|p1a: Rotom-Wash|262\/303|[from] move: Pain Split
|
|-heal|p1a: Rotom-Wash|280\/303|[from] item: Leftovers
|-damage|p2a: Gyarados|213\/394 brn|[from] brn
|turn|23
|
|move|p2a: Gyarados|Dragon Dance|p2a: Gyarados
|-boost|p2a: Gyarados|atk|1
|-boost|p2a: Gyarados|spe|1
|move|p1a: Rotom-Wash|Volt Switch|p2a: Gyarados
|-supereffective|p2a: Gyarados
|-damage|p2a: Gyarados|105\/394 brn
|
|switch|p1a: Charizard|Charizard-Mega-X, M|165\/359
|
|-damage|p2a: Gyarados|56\/394 brn|[from] brn
|turn|24
|
|move|p2a: Gyarados|Waterfall|p1a: Charizard
|-damage|p1a: Charizard|39\/359
|move|p1a: Charizard|Roost|p1a: Charizard
|-heal|p1a: Charizard|219\/359
|
|-damage|p2a: Gyarados|7\/394 brn|[from] brn
|turn|25
|
|move|p2a: Gyarados|Rest|p2a: Gyarados
|-status|p2a: Gyarados|slp
|-heal|p2a: Gyarados|394\/394 slp|[silent]
|-status|p2a: Gyarados|slp|[from] move: Rest
|move|p1a: Charizard|Roost|p1a: Charizard
|-heal|p1a: Charizard|359\/359
|
|turn|26
|
|cant|p2a: Gyarados|slp
|move|p2a: Gyarados|Sleep Talk|p2a: Gyarados
|move|p2a: Gyarados|Rest|p2a: Gyarados|[from]Sleep Talk
|-fail|p2a: Gyarados
|move|p1a: Charizard|Dragon Claw|p2a: Gyarados
|-damage|p2a: Gyarados|261\/394 slp
|
|turn|27
|
|cant|p2a: Gyarados|slp
|move|p2a: Gyarados|Sleep Talk|p2a: Gyarados
|move|p2a: Gyarados|Rest|p2a: Gyarados|[from]Sleep Talk
|-fail|p2a: Gyarados
|move|p1a: Charizard|Dragon Claw|p2a: Gyarados
|-damage|p2a: Gyarados|126\/394 slp
|
|turn|28
|
|-curestatus|p2a: Gyarados|slp
|move|p2a: Gyarados|Waterfall|p1a: Charizard
|-damage|p1a: Charizard|112\/359
|move|p1a: Charizard|Dragon Claw|p2a: Gyarados
|-damage|p2a: Gyarados|0 fnt
|faint|p2a: Gyarados
|
|
|switch|p2a: Talonflame|Talonflame, F, shiny|276\/297
|turn|29
|
|move|p2a: Talonflame|Brave Bird|p1a: Charizard
|-damage|p1a: Charizard|0 fnt
|-damage|p2a: Talonflame|239\/297|[from] recoil|[of] p1a: Charizard
|faint|p1a: Charizard
|
|
|switch|p1a: Rotom-Wash|Rotom-Wash|280\/303
|turn|30
|
|move|p2a: Talonflame|Brave Bird|p1a: Rotom-Wash
|-resisted|p1a: Rotom-Wash
|-damage|p1a: Rotom-Wash|212\/303
|-damage|p2a: Talonflame|217\/297|[from] recoil|[of] p1a: Rotom-Wash
|move|p1a: Rotom-Wash|Volt Switch|p2a: Talonflame
|-supereffective|p2a: Talonflame
|-damage|p2a: Talonflame|0 fnt
|faint|p2a: Talonflame
|
|-heal|p1a: Rotom-Wash|230\/303|[from] item: Leftovers
|
|switch|p2a: Staraptor|Staraptor, M, shiny|119\/311
|turn|31
|
|move|p2a: Staraptor|Double-Edge|p1a: Rotom-Wash
|-damage|p1a: Rotom-Wash|0 fnt
|-damage|p2a: Staraptor|43\/311|[from] recoil|[of] p1a: Rotom-Wash
|faint|p1a: Rotom-Wash
|
|win|mentali59
|raw|Ladder updating...
|raw|peere's rating: 1556 &rarr; <strong>1532<\/strong><br \/>(-24 for losing)
|raw|mentali59's rating: 1484 &rarr; <strong>1508<\/strong><br \/>(+24 for winning)
|chat|mentali59|Gg
|chat|peere|gg