|join|modnice
|join|peere
|player|p1|modnice|266
|player|p2|peere|97
|gametype|singles
|gen|6
|tier|OU
|rated
|clearpoke
|poke|p1|Clefable, M
|poke|p1|Landorus-Therian, M
|poke|p1|Keldeo-Resolute
|poke|p1|Heatran, F
|poke|p1|Pinsir, M
|poke|p1|Latias, F
|poke|p2|Chansey, F
|poke|p2|Thundurus, M
|poke|p2|Celebi
|poke|p2|Excadrill, F
|poke|p2|Charizard, M
|poke|p2|Rotom-Wash
|rule|Swagger Clause: Swagger is banned
|rule|Baton Pass Clause: Limit one PokÃ©mon knowing Baton Pass
|rule|Sleep Clause Mod: Limit one foe put to sleep
|rule|Species Clause: Limit one of each PokÃ©mon
|rule|OHKO Clause: OHKO moves are banned
|rule|Moody Clause: Moody is banned
|rule|Evasion Moves Clause: Evasion moves are banned
|rule|Endless Battle Clause: Forcing endless battles is banned
|rule|HP Percentage Mod: HP is reported as percentages
|teampreview
|join|mrmaxmar
|chat|modnice|glhf
|chat|peere|u2
|
|start
|switch|p1a: Landorus-Therian|Landorus-Therian, M|319\/319
|switch|p2a: Thundurus|Thundurus, M|299\/299
|-ability|p1a: Landorus-Therian|Intimidate|[of] p2a: Thundurus
|-unboost|p2a: Thundurus|atk|1
|-boost|p2a: Thundurus|atk|2|[from] ability: Defiant
|turn|1
|
|move|p1a: Landorus-Therian|U-turn|p2a: Thundurus
|-resisted|p2a: Thundurus
|-damage|p2a: Thundurus|239\/299
|
|switch|p1a: Heatran|Heatran, F|386\/386
|move|p2a: Thundurus|Bulk Up|p2a: Thundurus
|-boost|p2a: Thundurus|atk|1
|-boost|p2a: Thundurus|def|1
|
|-heal|p2a: Thundurus|257\/299|[from] item: Leftovers
|turn|2
|
|move|p2a: Thundurus|Wild Charge|p1a: Heatran
|-damage|p1a: Heatran|121\/386
|-damage|p2a: Thundurus|191\/299|[from] recoil|[of] p1a: Heatran
|move|p1a: Heatran|Lava Plume|p2a: Thundurus
|-crit|p2a: Thundurus
|-damage|p2a: Thundurus|0 fnt
|faint|p2a: Thundurus
|
|-heal|p1a: Heatran|145\/386|[from] item: Leftovers
|
|switch|p2a: Excadrill|Excadrill, F|361\/361
|-ability|p2a: Excadrill|Mold Breaker
|-item|p2a: Excadrill|Air Balloon
|turn|3
|
|switch|p1a: Landorus-Therian|Landorus-Therian, M|319\/319
|-ability|p1a: Landorus-Therian|Intimidate|[of] p2a: Excadrill
|-unboost|p2a: Excadrill|atk|1
|move|p2a: Excadrill|Earthquake|p1a: Landorus-Therian
|-immune|p1a: Landorus-Therian|[msg]
|
|turn|4
|
|move|p1a: Landorus-Therian|U-turn|p2a: Excadrill
|-resisted|p2a: Excadrill
|-damage|p2a: Excadrill|288\/361
|-enditem|p2a: Excadrill|Air Balloon
|
|switch|p1a: Keldeo-Resolute|Keldeo-Resolute|323\/323
|move|p2a: Excadrill|Stealth Rock|p1a: Keldeo-Resolute
|-sidestart|p1: modnice|move: Stealth Rock
|
|turn|5
|
|switch|p2a: Celebi|Celebi|341\/341
|move|p1a: Keldeo-Resolute|Scald|p2a: Celebi
|-resisted|p2a: Celebi
|-damage|p2a: Celebi|242\/341
|
|turn|6
|
|switch|p1a: Heatran|Heatran, F|145\/386
|-damage|p1a: Heatran|97\/386|[from] Stealth Rock
|move|p2a: Celebi|U-turn|p1a: Heatran
|-resisted|p1a: Heatran
|-damage|p1a: Heatran|85\/386
|
|switch|p2a: Rotom-Wash|Rotom-Wash|303\/303
|
|-heal|p1a: Heatran|109\/386|[from] item: Leftovers
|turn|7
|
|move|p1a: Heatran|Protect|p1a: Heatran
|-singleturn|p1a: Heatran|Protect
|move|p2a: Rotom-Wash|Hydro Pump|p1a: Heatran
|-activate|p1a: Heatran|Protect
|
|-heal|p1a: Heatran|133\/386|[from] item: Leftovers
|turn|8
|
|switch|p1a: Latias|Latias, F|301\/301
|-damage|p1a: Latias|264\/301|[from] Stealth Rock
|move|p2a: Rotom-Wash|Volt Switch|p1a: Latias
|-resisted|p1a: Latias
|-damage|p1a: Latias|231\/301
|
|switch|p2a: Chansey|Chansey, F|701\/701
|
|turn|9
|
|move|p1a: Latias|Trick|p2a: Chansey
|-activate|p1a: Latias|move: Trick|[of] p2a: Chansey
|-item|p2a: Chansey|Choice Specs|[from] move: Trick
|-item|p1a: Latias|Eviolite|[from] move: Trick
|move|p2a: Chansey|Thunder Wave|p1a: Latias
|-status|p1a: Latias|par
|
|turn|10
|
|move|p2a: Chansey|Thunder Wave|p1a: Latias
|-fail|p1a: Latias|par
|move|p1a: Latias|Defog|p2a: Chansey
|-unboost|p2a: Chansey|evasion|1
|-sideend|p1: modnice|Stealth Rock|[from] move: Defog|[of] p1a: Latias
|
|turn|11
|
|switch|p1a: Landorus-Therian|Landorus-Therian, M|319\/319
|-ability|p1a: Landorus-Therian|Intimidate|[of] p2a: Chansey
|-unboost|p2a: Chansey|atk|1
|move|p2a: Chansey|Thunder Wave|p1a: Landorus-Therian
|-immune|p1a: Landorus-Therian|[msg]
|
|turn|12
|
|move|p1a: Landorus-Therian|Rock Slide|p2a: Chansey
|-damage|p2a: Chansey|494\/701
|move|p2a: Chansey|Thunder Wave|p1a: Landorus-Therian
|-immune|p1a: Landorus-Therian|[msg]
|
|turn|13
|
|switch|p2a: Excadrill|Excadrill, F|288\/361
|-ability|p2a: Excadrill|Mold Breaker
|move|p1a: Landorus-Therian|Rock Slide|p2a: Excadrill
|-resisted|p2a: Excadrill
|-damage|p2a: Excadrill|249\/361
|
|turn|14
|
|switch|p1a: Keldeo-Resolute|Keldeo-Resolute|323\/323
|move|p2a: Excadrill|Earthquake|p1a: Keldeo-Resolute
|-damage|p1a: Keldeo-Resolute|119\/323
|
|turn|15
|
|switch|p1a: Pinsir|Pinsir, M|271\/271
|switch|p2a: Celebi|Celebi|242\/341
|
|turn|16
|
|switch|p2a: Rotom-Wash|Rotom-Wash|303\/303
|move|p1a: Pinsir|Earthquake|p2a: Rotom-Wash
|-immune|p2a: Rotom-Wash|[msg]
|
|turn|17
|
|switch|p1a: Latias|Latias, F|231\/301 par
|move|p2a: Rotom-Wash|Volt Switch|p1a: Latias
|-resisted|p1a: Latias
|-damage|p1a: Latias|195\/301 par
|
|switch|p2a: Charizard|Charizard, M|359\/359
|
|turn|18
|
|switch|p1a: Heatran|Heatran, F|133\/386
|detailschange|p2a: Charizard|Charizard-Mega-X, M
|message|Charizard has Mega Evolved into Mega Charizard!
|move|p2a: Charizard|Dragon Claw|p1a: Heatran
|-resisted|p1a: Heatran
|-damage|p1a: Heatran|58\/386
|
|-heal|p1a: Heatran|82\/386|[from] item: Leftovers
|turn|19
|
|switch|p1a: Landorus-Therian|Landorus-Therian, M|319\/319
|-ability|p1a: Landorus-Therian|Intimidate|[of] p2a: Charizard
|-unboost|p2a: Charizard|atk|1
|move|p2a: Charizard|Earthquake|p1a: Landorus-Therian
|-immune|p1a: Landorus-Therian|[msg]
|
|turn|20
|
|move|p1a: Landorus-Therian|U-turn|p2a: Charizard
|-resisted|p2a: Charizard
|-damage|p2a: Charizard|329\/359
|
|switch|p1a: Heatran|Heatran, F|82\/386
|move|p2a: Charizard|Will-O-Wisp|p1a: Heatran
|-start|p1a: Heatran|ability: Flash Fire
|
|-heal|p1a: Heatran|106\/386|[from] item: Leftovers
|turn|21
|
|switch|p1a: Landorus-Therian|Landorus-Therian, M|319\/319
|-ability|p1a: Landorus-Therian|Intimidate|[of] p2a: Charizard
|-unboost|p2a: Charizard|atk|1
|move|p2a: Charizard|Earthquake|p1a: Landorus-Therian
|-immune|p1a: Landorus-Therian|[msg]
|
|turn|22
|
|move|p1a: Landorus-Therian|Earthquake|p2a: Charizard
|-crit|p2a: Charizard
|-supereffective|p2a: Charizard
|-damage|p2a: Charizard|0 fnt
|faint|p2a: Charizard
|
|
|switch|p2a: Rotom-Wash|Rotom-Wash|303\/303
|turn|23
|
|switch|p1a: Latias|Latias, F|195\/301 par
|move|p2a: Rotom-Wash|Volt Switch|p1a: Latias
|-resisted|p1a: Latias
|-damage|p1a: Latias|162\/301 par
|
|switch|p2a: Excadrill|Excadrill, F|249\/361
|-ability|p2a: Excadrill|Mold Breaker
|
|turn|24
|
|switch|p1a: Landorus-Therian|Landorus-Therian, M|319\/319
|-ability|p1a: Landorus-Therian|Intimidate|[of] p2a: Excadrill
|-unboost|p2a: Excadrill|atk|1
|move|p2a: Excadrill|Earthquake|p1a: Landorus-Therian
|-immune|p1a: Landorus-Therian|[msg]
|
|turn|25
|
|switch|p2a: Chansey|Chansey, F|494\/701
|move|p1a: Landorus-Therian|U-turn|p2a: Chansey
|-damage|p2a: Chansey|290\/701
|
|switch|p1a: Pinsir|Pinsir, M|271\/271
|
|turn|26
|
|detailschange|p1a: Pinsir|Pinsir-Mega, M
|message|Pinsir has Mega Evolved into Mega Pinsir!
|move|p1a: Pinsir|Frustration|p2a: Chansey
|-crit|p2a: Chansey
|-damage|p2a: Chansey|0 fnt
|faint|p2a: Chansey
|
|
|switch|p2a: Rotom-Wash|Rotom-Wash|303\/303
|turn|27
|
|switch|p1a: Latias|Latias, F|162\/301 par
|move|p2a: Rotom-Wash|Volt Switch|p1a: Latias
|-resisted|p1a: Latias
|-damage|p1a: Latias|129\/301 par
|
|switch|p2a: Excadrill|Excadrill, F|249\/361
|-ability|p2a: Excadrill|Mold Breaker
|
|turn|28
|
|switch|p2a: Rotom-Wash|Rotom-Wash|303\/303
|switch|p1a: Landorus-Therian|Landorus-Therian, M|319\/319
|-ability|p1a: Landorus-Therian|Intimidate|[of] p2a: Rotom-Wash
|-unboost|p2a: Rotom-Wash|atk|1
|
|turn|29
|
|switch|p1a: Clefable|Clefable, M|394\/394
|move|p2a: Rotom-Wash|Volt Switch|p1a: Clefable
|-damage|p1a: Clefable|306\/394
|
|switch|p2a: Excadrill|Excadrill, F|249\/361
|-ability|p2a: Excadrill|Mold Breaker
|
|-heal|p1a: Clefable|330\/394|[from] item: Leftovers
|turn|30
|
|move|p2a: Excadrill|Stealth Rock|p1a: Clefable
|-sidestart|p1: modnice|move: Stealth Rock
|move|p1a: Clefable|Flamethrower|p2a: Excadrill
|-supereffective|p2a: Excadrill
|-damage|p2a: Excadrill|51\/361
|
|-heal|p1a: Clefable|354\/394|[from] item: Leftovers
|turn|31
|
|move|p2a: Excadrill|Iron Head|p1a: Clefable
|-supereffective|p1a: Clefable
|-damage|p1a: Clefable|60\/394
|move|p1a: Clefable|Flamethrower|p2a: Excadrill
|-supereffective|p2a: Excadrill
|-damage|p2a: Excadrill|0 fnt
|faint|p2a: Excadrill
|
|-heal|p1a: Clefable|84\/394|[from] item: Leftovers
|
|switch|p2a: Rotom-Wash|Rotom-Wash|303\/303
|turn|32
|
|move|p2a: Rotom-Wash|Hydro Pump|p1a: Clefable
|-damage|p1a: Clefable|0 fnt
|faint|p1a: Clefable
|
|
|switch|p1a: Latias|Latias, F|129\/301 par
|-damage|p1a: Latias|92\/301 par|[from] Stealth Rock
|turn|33
|
|move|p2a: Rotom-Wash|Volt Switch|p1a: Latias
|-resisted|p1a: Latias
|-damage|p1a: Latias|60\/301 par
|
|switch|p2a: Celebi|Celebi|242\/341
|move|p1a: Latias|Trick|p2a: Celebi
|-activate|p1a: Latias|move: Trick|[of] p2a: Celebi
|-item|p2a: Celebi|Eviolite|[from] move: Trick
|-item|p1a: Latias|Choice Scarf|[from] move: Trick
|
|turn|34
|
|move|p2a: Celebi|U-turn|p1a: Latias
|-supereffective|p1a: Latias
|-damage|p1a: Latias|0 fnt
|faint|p1a: Latias
|
|switch|p2a: Rotom-Wash|Rotom-Wash|303\/303
|
|
|switch|p1a: Keldeo-Resolute|Keldeo-Resolute|119\/323
|-damage|p1a: Keldeo-Resolute|99\/323|[from] Stealth Rock
|turn|35
|
|switch|p2a: Celebi|Celebi|242\/341
|move|p1a: Keldeo-Resolute|Secret Sword|p2a: Celebi
|-resisted|p2a: Celebi
|-damage|p2a: Celebi|128\/341
|
|turn|36
|
|switch|p1a: Heatran|Heatran, F|106\/386
|-damage|p1a: Heatran|58\/386|[from] Stealth Rock
|move|p2a: Celebi|Psychic|p1a: Heatran
|-resisted|p1a: Heatran
|-damage|p1a: Heatran|15\/386
|
|-heal|p1a: Heatran|39\/386|[from] item: Leftovers
|turn|37
|
|switch|p2a: Rotom-Wash|Rotom-Wash|303\/303
|move|p1a: Heatran|Protect|p1a: Heatran
|-fail|p1a: Heatran
|
|-heal|p1a: Heatran|63\/386|[from] item: Leftovers
|turn|38
|
|move|p1a: Heatran|Protect|p1a: Heatran
|-singleturn|p1a: Heatran|Protect
|move|p2a: Rotom-Wash|Volt Switch|p1a: Heatran
|-activate|p1a: Heatran|Protect
|
|-heal|p1a: Heatran|87\/386|[from] item: Leftovers
|turn|39
|
|move|p2a: Rotom-Wash|Hydro Pump|p1a: Heatran
|-supereffective|p1a: Heatran
|-damage|p1a: Heatran|0 fnt
|faint|p1a: Heatran
|
|
|switch|p1a: Keldeo-Resolute|Keldeo-Resolute|99\/323
|-damage|p1a: Keldeo-Resolute|79\/323|[from] Stealth Rock
|turn|40
|
|switch|p2a: Celebi|Celebi|128\/341
|move|p1a: Keldeo-Resolute|Secret Sword|p2a: Celebi
|-resisted|p2a: Celebi
|-damage|p2a: Celebi|23\/341
|
|turn|41
|
|move|p1a: Keldeo-Resolute|Secret Sword|p2a: Celebi
|-resisted|p2a: Celebi
|-damage|p2a: Celebi|0 fnt
|faint|p2a: Celebi
|
|
|switch|p2a: Rotom-Wash|Rotom-Wash|303\/303
|turn|42
|
|move|p1a: Keldeo-Resolute|Secret Sword|p2a: Rotom-Wash
|-damage|p2a: Rotom-Wash|143\/303
|move|p2a: Rotom-Wash|Volt Switch|p1a: Keldeo-Resolute
|-supereffective|p1a: Keldeo-Resolute
|-damage|p1a: Keldeo-Resolute|0 fnt
|faint|p1a: Keldeo-Resolute
|
|-heal|p2a: Rotom-Wash|161\/303|[from] item: Leftovers
|
|switch|p1a: Landorus-Therian|Landorus-Therian, M|319\/319
|-damage|p1a: Landorus-Therian|280\/319|[from] Stealth Rock
|-ability|p1a: Landorus-Therian|Intimidate|[of] p2a: Rotom-Wash
|-unboost|p2a: Rotom-Wash|atk|1
|turn|43
|
|move|p1a: Landorus-Therian|Knock Off|p2a: Rotom-Wash
|-damage|p2a: Rotom-Wash|73\/303
|-enditem|p2a: Rotom-Wash|Leftovers|[from] move: Knock Off|[of] p1a: Landorus-Therian
|move|p2a: Rotom-Wash|Pain Split|p1a: Landorus-Therian
|-sethp|p1a: Landorus-Therian|176\/319|p2a: Rotom-Wash|176\/303|[from] move: Pain Split
|
|turn|44
|
|move|p1a: Landorus-Therian|Knock Off|p2a: Rotom-Wash
|-damage|p2a: Rotom-Wash|114\/303
|move|p2a: Rotom-Wash|Hydro Pump|p1a: Landorus-Therian
|-supereffective|p1a: Landorus-Therian
|-damage|p1a: Landorus-Therian|0 fnt
|faint|p1a: Landorus-Therian
|
|
|switch|p1a: Pinsir|Pinsir-Mega, M|271\/271
|-damage|p1a: Pinsir|136\/271|[from] Stealth Rock
|turn|45
|
|move|p1a: Pinsir|Frustration|p2a: Rotom-Wash
|-resisted|p2a: Rotom-Wash
|-damage|p2a: Rotom-Wash|30\/303
|move|p2a: Rotom-Wash|Volt Switch|p1a: Pinsir
|-supereffective|p1a: Pinsir
|-damage|p1a: Pinsir|0 fnt
|faint|p1a: Pinsir
|
|win|peere
|raw|Ladder updating...
|raw|modnice's rating: 1592 &rarr; <strong>1574<\/strong><br \/>(-18 for losing)
|raw|peere's rating: 1615 &rarr; <strong>1634<\/strong><br \/>(+19 for winning)
|chat|peere|gg
|leave|modnice
|player|p1
|leave|mrmaxmar