|join|peere
|join|Chocolove
|player|p1|peere|97
|player|p2|Chocolove|3
|gametype|singles
|gen|6
|tier|OU
|rated
|clearpoke
|poke|p1|Bisharp, F
|poke|p1|Landorus, M
|poke|p1|Heracross, F
|poke|p1|Victini
|poke|p1|Rotom-Wash
|poke|p1|Latias, F
|poke|p2|Aegislash, M
|poke|p2|Bisharp, M
|poke|p2|Zygarde
|poke|p2|Deoxys-Speed, shiny
|poke|p2|Landorus, M
|poke|p2|Thundurus, M
|rule|Baton Pass Clause: Limit 3 pokemon knowing Baton Pass
|rule|Sleep Clause Mod: Limit one foe put to sleep
|rule|Species Clause: Limit one of each Pokemon
|rule|OHKO Clause: OHKO moves are banned
|rule|Moody Clause: Moody is banned
|rule|Swagger Clause: Swagger is banned
|rule|Evasion Moves Clause: Evasion moves are banned
|rule|Endless Battle Clause: Forcing endless battles is banned
|rule|HP Percentage Mod: HP is reported as percentages
|teampreview
|
|start
|switch|p1a: Victini|Victini|342\/342
|switch|p2a: Kise|Deoxys-Speed, shiny|241\/241
|-ability|p2a: Kise|Pressure
|turn|1
|
|move|p2a: Kise|Stealth Rock|p1a: Victini
|-sidestart|p1: peere|move: Stealth Rock
|move|p1a: Victini|U-turn|p2a: Kise
|-supereffective|p2a: Kise
|-damage|p2a: Kise|93\/241
|
|switch|p1a: Latias|Latias, F|313\/313
|-damage|p1a: Latias|274\/313|[from] Stealth Rock
|
|-heal|p2a: Kise|108\/241|[from] item: Leftovers
|turn|2
|
|switch|p2a: Akashi|Bisharp, M|272\/272
|move|p1a: Latias|Draco Meteor|p2a: Akashi
|-resisted|p2a: Akashi
|-damage|p2a: Akashi|138\/272
|-unboost|p1a: Latias|spa|2
|
|turn|3
|
|switch|p1a: Heracross|Heracross, F|333\/333
|-damage|p1a: Heracross|292\/333|[from] Stealth Rock
|move|p2a: Akashi|Swords Dance|p2a: Akashi
|-boost|p2a: Akashi|atk|2
|
|turn|4
|
|detailschange|p1a: Heracross|Heracross-Mega, F
|message|Heracross has Mega Evolved into Mega Heracross!
|move|p2a: Akashi|Iron Head|p1a: Heracross
|-damage|p1a: Heracross|0 fnt
|-damage|p2a: Akashi|111\/272|[from] item: Life Orb
|faint|p1a: Heracross
|
|
|switch|p1a: Bisharp|Bisharp, F|272\/272
|-damage|p1a: Bisharp|255\/272|[from] Stealth Rock
|turn|5
|
|move|p2a: Akashi|Sucker Punch|p1a: Bisharp
|-crit|p1a: Bisharp
|-resisted|p1a: Bisharp
|-damage|p1a: Bisharp|0 fnt
|-damage|p2a: Akashi|84\/272|[from] item: Life Orb
|faint|p1a: Bisharp
|
|chat|peere|bs
|-message|peere forfeited.
|
|win|Chocolove
|raw|Ladder updating...
|raw|peere's rating: 1841 &rarr; <strong>1810<\/strong><br \/>(-31 for losing)
|raw|Chocolove's rating: 1633 &rarr; <strong>1664<\/strong><br \/>(+31 for winning)
|leave|peere
|player|p1