|join|Bloody Sunday
|join|peere
|player|p1|Bloody Sunday|266
|player|p2|peere|97
|gametype|singles
|gen|6
|tier|OU
|rated
|clearpoke
|poke|p1|Chansey, F
|poke|p1|Keldeo
|poke|p1|Heatran, M
|poke|p1|Skarmory, F
|poke|p1|Bisharp, M
|poke|p1|Venusaur, M
|poke|p2|Chansey, F
|poke|p2|Thundurus, M
|poke|p2|Celebi
|poke|p2|Excadrill, F
|poke|p2|Charizard, M
|poke|p2|Rotom-Wash
|rule|Sleep Clause Mod: Limit one foe put to sleep
|rule|Species Clause: Limit one of each Pokemon
|rule|OHKO Clause: OHKO moves are banned
|rule|Moody Clause: Moody is banned
|rule|Evasion Moves Clause: Evasion moves are banned
|rule|Endless Battle Clause: Forcing endless battles is banned.
|rule|HP Percentage Mod: HP is reported as percentages
|teampreview
|
|start
|switch|p1a: Heatran|Heatran, M|340\/340
|switch|p2a: Celebi|Celebi|341\/341
|-item|p1a: Heatran|Air Balloon
|turn|1
|
|move|p2a: Celebi|U-turn|p1a: Heatran
|-resisted|p1a: Heatran
|-damage|p1a: Heatran|331\/340
|-enditem|p1a: Heatran|Air Balloon
|
|switch|p2a: Charizard|Charizard, M|359\/359
|move|p1a: Heatran|Fire Blast|p2a: Charizard
|-resisted|p2a: Charizard
|-damage|p2a: Charizard|260\/359
|
|turn|2
|
|switch|p1a: Chansey|Chansey, F|685\/685
|detailschange|p2a: Charizard|Charizard-Mega-X, M
|message|Charizard has Mega Evolved into Mega Charizard!
|move|p2a: Charizard|Earthquake|p1a: Chansey
|-damage|p1a: Chansey|553\/685
|
|turn|3
|
|switch|p2a: Excadrill|Excadrill, F|361\/361
|-ability|p2a: Excadrill|Mold Breaker
|-item|p2a: Excadrill|Air Balloon
|move|p1a: Chansey|Seismic Toss|p2a: Excadrill
|-damage|p2a: Excadrill|261\/361
|-enditem|p2a: Excadrill|Air Balloon
|
|turn|4
|
|move|p2a: Excadrill|Stealth Rock|p1a: Chansey
|-sidestart|p1: Bloody Sunday|move: Stealth Rock
|move|p1a: Chansey|Seismic Toss|p2a: Excadrill
|-damage|p2a: Excadrill|161\/361
|
|turn|5
|
|switch|p2a: Chansey|Chansey, F|701\/701
|move|p1a: Chansey|Seismic Toss|p2a: Chansey
|-damage|p2a: Chansey|601\/701
|
|turn|6
|
|switch|p1a: Heatran|Heatran, M|331\/340
|-damage|p1a: Heatran|289\/340|[from] Stealth Rock
|move|p2a: Chansey|Wish|p2a: Chansey
|
|turn|7
|
|move|p1a: Heatran|Fire Blast|p2a: Chansey
|-damage|p2a: Chansey|505\/701
|move|p2a: Chansey|Thunder Wave|p1a: Heatran
|-status|p1a: Heatran|par
|
|-heal|p2a: Chansey|701\/701|[from] move: Wish|[wisher] Chansey
|turn|8
|
|move|p2a: Chansey|Seismic Toss|p1a: Heatran
|-damage|p1a: Heatran|189\/340 par
|move|p1a: Heatran|Stealth Rock|p2a: Chansey
|-sidestart|p2: peere|move: Stealth Rock
|
|turn|9
|
|switch|p1a: Skarmory|Skarmory, F|334\/334
|-damage|p1a: Skarmory|293\/334|[from] Stealth Rock
|move|p2a: Chansey|Seismic Toss|p1a: Skarmory
|-damage|p1a: Skarmory|193\/334
|-damage|p2a: Chansey|585\/701|[from] item: Rocky Helmet|[of] p1a: Skarmory
|
|turn|10
|
|switch|p2a: Thundurus|Thundurus, M|299\/299
|-damage|p2a: Thundurus|225\/299|[from] Stealth Rock
|move|p1a: Skarmory|Spikes|p2a: Thundurus
|-sidestart|p2: peere|Spikes
|
|-heal|p2a: Thundurus|243\/299|[from] item: Leftovers
|turn|11
|
|switch|p2a: Celebi|Celebi|341\/341
|-damage|p2a: Celebi|299\/341|[from] Stealth Rock
|-damage|p2a: Celebi|257\/341|[from] Spikes
|switch|p1a: Chansey|Chansey, F|553\/685
|-damage|p1a: Chansey|468\/685|[from] Stealth Rock
|
|turn|12
|
|move|p2a: Celebi|Trick|p1a: Chansey
|-activate|p2a: Celebi|move: Trick|[of] p1a: Chansey
|-item|p1a: Chansey|Choice Scarf|[from] move: Trick
|-item|p2a: Celebi|Eviolite|[from] move: Trick
|move|p1a: Chansey|Seismic Toss|p2a: Celebi
|-damage|p2a: Celebi|157\/341
|
|turn|13
|
|move|p2a: Celebi|U-turn|p1a: Chansey
|-damage|p1a: Chansey|369\/685
|
|switch|p2a: Chansey|Chansey, F|585\/701
|-damage|p2a: Chansey|498\/701|[from] Spikes
|-damage|p2a: Chansey|411\/701|[from] Stealth Rock
|move|p1a: Chansey|Seismic Toss|p2a: Chansey
|-damage|p2a: Chansey|311\/701
|
|turn|14
|
|switch|p1a: Keldeo|Keldeo|323\/323
|-damage|p1a: Keldeo|303\/323|[from] Stealth Rock
|move|p2a: Chansey|Soft-Boiled|p2a: Chansey
|-heal|p2a: Chansey|662\/701
|
|-heal|p1a: Keldeo|323\/323|[from] item: Leftovers
|turn|15
|
|move|p1a: Keldeo|Secret Sword|p2a: Chansey
|-supereffective|p2a: Chansey
|-damage|p2a: Chansey|218\/701
|move|p2a: Chansey|Thunder Wave|p1a: Keldeo
|-status|p1a: Keldeo|par
|
|turn|16
|
|move|p2a: Chansey|Soft-Boiled|p2a: Chansey
|-heal|p2a: Chansey|569\/701
|move|p1a: Keldeo|Secret Sword|p2a: Chansey
|-supereffective|p2a: Chansey
|-damage|p2a: Chansey|149\/701
|
|turn|17
|
|move|p2a: Chansey|Soft-Boiled|p2a: Chansey
|-heal|p2a: Chansey|500\/701
|cant|p1a: Keldeo|par
|
|turn|18
|
|move|p2a: Chansey|Soft-Boiled|p2a: Chansey
|-heal|p2a: Chansey|701\/701
|move|p1a: Keldeo|Secret Sword|p2a: Chansey
|-supereffective|p2a: Chansey
|-damage|p2a: Chansey|267\/701
|
|turn|19
|
|move|p2a: Chansey|Soft-Boiled|p2a: Chansey
|-heal|p2a: Chansey|618\/701
|move|p1a: Keldeo|Calm Mind|p1a: Keldeo
|-boost|p1a: Keldeo|spa|1
|-boost|p1a: Keldeo|spd|1
|
|turn|20
|
|move|p2a: Chansey|Wish|p2a: Chansey
|move|p1a: Keldeo|Secret Sword|p2a: Chansey
|-supereffective|p2a: Chansey
|-damage|p2a: Chansey|0 fnt
|faint|p2a: Chansey
|
|
|switch|p2a: Thundurus|Thundurus, M|243\/299
|-damage|p2a: Thundurus|169\/299|[from] Stealth Rock
|turn|21
|
|move|p2a: Thundurus|Fly|p1a: Keldeo|[still]
|-prepare|p2a: Thundurus|Fly|p1a: Keldeo
|cant|p1a: Keldeo|par
|
|-heal|p2a: Thundurus|299\/299|[from] move: Wish|[wisher] Chansey
|turn|22
|
|switch|p1a: Skarmory|Skarmory, F|193\/334
|-damage|p1a: Skarmory|152\/334|[from] Stealth Rock
|move|p2a: Thundurus|Fly|p1a: Skarmory
|-resisted|p1a: Skarmory
|-damage|p1a: Skarmory|106\/334
|-damage|p2a: Thundurus|250\/299|[from] item: Rocky Helmet|[of] p1a: Skarmory
|
|-heal|p2a: Thundurus|268\/299|[from] item: Leftovers
|turn|23
|
|switch|p1a: Chansey|Chansey, F|369\/685
|-damage|p1a: Chansey|284\/685|[from] Stealth Rock
|move|p2a: Thundurus|Bulk Up|p2a: Thundurus
|-boost|p2a: Thundurus|atk|1
|-boost|p2a: Thundurus|def|1
|
|-heal|p2a: Thundurus|286\/299|[from] item: Leftovers
|turn|24
|
|move|p2a: Thundurus|Bulk Up|p2a: Thundurus
|-boost|p2a: Thundurus|atk|1
|-boost|p2a: Thundurus|def|1
|move|p1a: Chansey|Aromatherapy|p1a: Chansey
|-cureteam|p1a: Chansey|[from] move: Aromatherapy
|
|-heal|p2a: Thundurus|299\/299|[from] item: Leftovers
|turn|25
|
|switch|p1a: Skarmory|Skarmory, F|106\/334
|-damage|p1a: Skarmory|65\/334|[from] Stealth Rock
|move|p2a: Thundurus|Bulk Up|p2a: Thundurus
|-boost|p2a: Thundurus|atk|1
|-boost|p2a: Thundurus|def|1
|
|turn|26
|
|move|p2a: Thundurus|Knock Off|p1a: Skarmory
|-damage|p1a: Skarmory|0 fnt
|-damage|p2a: Thundurus|250\/299|[from] item: Rocky Helmet|[of] p1a: Skarmory
|faint|p1a: Skarmory
|
|-heal|p2a: Thundurus|268\/299|[from] item: Leftovers
|
|switch|p1a: Venusaur|Venusaur, M|364\/364
|-damage|p1a: Venusaur|319\/364|[from] Stealth Rock
|turn|27
|
|switch|p1a: Bisharp|Bisharp, M|334\/334
|-damage|p1a: Bisharp|314\/334|[from] Stealth Rock
|move|p2a: Thundurus|Fly|p1a: Bisharp|[still]
|-prepare|p2a: Thundurus|Fly|p1a: Bisharp
|
|-heal|p2a: Thundurus|286\/299|[from] item: Leftovers
|-heal|p1a: Bisharp|334\/334|[from] item: Leftovers
|turn|28
|
|move|p2a: Thundurus|Fly|p1a: Bisharp|[miss]
|-miss|p2a: Thundurus|p1a: Bisharp
|move|p1a: Bisharp|Knock Off|p2a: Thundurus
|-damage|p2a: Thundurus|183\/299
|-enditem|p2a: Thundurus|Leftovers|[from] move: Knock Off|[of] p1a: Bisharp
|
|turn|29
|
|switch|p1a: Heatran|Heatran, M|189\/340
|-damage|p1a: Heatran|147\/340|[from] Stealth Rock
|move|p2a: Thundurus|Wild Charge|p1a: Heatran
|-damage|p1a: Heatran|0 fnt
|-damage|p2a: Thundurus|146\/299|[from] recoil|[of] p1a: Heatran
|faint|p1a: Heatran
|
|
|switch|p1a: Venusaur|Venusaur, M|319\/364
|-damage|p1a: Venusaur|274\/364|[from] Stealth Rock
|turn|30
|
|detailschange|p1a: Venusaur|Venusaur-Mega, M
|message|Venusaur has Mega Evolved into Mega Venusaur!
|move|p2a: Thundurus|Fly|p1a: Venusaur|[still]
|-prepare|p2a: Thundurus|Fly|p1a: Venusaur
|move|p1a: Venusaur|Leech Seed|p2a: Thundurus|[miss]
|-miss|p1a: Venusaur|p2a: Thundurus
|
|turn|31
|
|switch|p1a: Chansey|Chansey, F|284\/685
|-damage|p1a: Chansey|199\/685|[from] Stealth Rock
|move|p2a: Thundurus|Fly|p1a: Chansey
|-damage|p1a: Chansey|0 fnt
|faint|p1a: Chansey
|
|
|switch|p1a: Venusaur|Venusaur-Mega, M|274\/364
|-damage|p1a: Venusaur|229\/364|[from] Stealth Rock
|turn|32
|
|switch|p1a: Bisharp|Bisharp, M|334\/334
|-damage|p1a: Bisharp|314\/334|[from] Stealth Rock
|move|p2a: Thundurus|Fly|p1a: Bisharp|[still]
|-prepare|p2a: Thundurus|Fly|p1a: Bisharp
|
|-heal|p1a: Bisharp|334\/334|[from] item: Leftovers
|turn|33
|
|move|p2a: Thundurus|Fly|p1a: Bisharp
|-resisted|p1a: Bisharp
|-damage|p1a: Bisharp|140\/334
|move|p1a: Bisharp|Swords Dance|p1a: Bisharp
|-boost|p1a: Bisharp|atk|2
|
|-heal|p1a: Bisharp|160\/334|[from] item: Leftovers
|turn|34
|
|move|p1a: Bisharp|Sucker Punch|p2a: Thundurus
|-fail|p2a: Thundurus
|move|p2a: Thundurus|Bulk Up|p2a: Thundurus
|-boost|p2a: Thundurus|atk|1
|-boost|p2a: Thundurus|def|1
|
|-heal|p1a: Bisharp|180\/334|[from] item: Leftovers
|turn|35
|
|move|p1a: Bisharp|Sucker Punch|p2a: Thundurus
|-damage|p2a: Thundurus|0 fnt
|faint|p2a: Thundurus
|
|-heal|p1a: Bisharp|200\/334|[from] item: Leftovers
|
|switch|p2a: Charizard|Charizard-Mega-X, M|260\/359
|-damage|p2a: Charizard|216\/359|[from] Spikes
|-damage|p2a: Charizard|127\/359|[from] Stealth Rock
|turn|36
|
|move|p2a: Charizard|Roost|p2a: Charizard
|-heal|p2a: Charizard|307\/359
|move|p1a: Bisharp|Knock Off|p2a: Charizard
|-damage|p2a: Charizard|150\/359
|
|-heal|p1a: Bisharp|220\/334|[from] item: Leftovers
|turn|37
|
|move|p2a: Charizard|Will-O-Wisp|p1a: Bisharp
|-status|p1a: Bisharp|brn
|move|p1a: Bisharp|Swords Dance|p1a: Bisharp
|-boost|p1a: Bisharp|atk|2
|
|-heal|p1a: Bisharp|240\/334 brn|[from] item: Leftovers
|-damage|p1a: Bisharp|199\/334 brn|[from] brn
|turn|38
|
|move|p2a: Charizard|Roost|p2a: Charizard
|-heal|p2a: Charizard|330\/359
|move|p1a: Bisharp|Knock Off|p2a: Charizard
|-damage|p2a: Charizard|201\/359
|
|-heal|p1a: Bisharp|219\/334 brn|[from] item: Leftovers
|-damage|p1a: Bisharp|178\/334 brn|[from] brn
|turn|39
|
|move|p2a: Charizard|Earthquake|p1a: Bisharp
|-supereffective|p1a: Bisharp
|-damage|p1a: Bisharp|0 fnt
|faint|p1a: Bisharp
|
|
|switch|p1a: Keldeo|Keldeo|323\/323
|-damage|p1a: Keldeo|303\/323|[from] Stealth Rock
|turn|40
|
|move|p1a: Keldeo|Scald|p2a: Charizard
|-damage|p2a: Charizard|41\/359
|move|p2a: Charizard|Dragon Claw|p1a: Keldeo
|-damage|p1a: Keldeo|120\/323
|
|-heal|p1a: Keldeo|140\/323|[from] item: Leftovers
|turn|41
|
|move|p1a: Keldeo|Secret Sword|p2a: Charizard
|-damage|p2a: Charizard|0 fnt
|faint|p2a: Charizard
|
|-heal|p1a: Keldeo|160\/323|[from] item: Leftovers
|
|switch|p2a: Rotom-Wash|Rotom-Wash|303\/303
|-damage|p2a: Rotom-Wash|266\/303|[from] Stealth Rock
|turn|42
|
|move|p1a: Keldeo|Calm Mind|p1a: Keldeo
|-boost|p1a: Keldeo|spa|1
|-boost|p1a: Keldeo|spd|1
|move|p2a: Rotom-Wash|Volt Switch|p1a: Keldeo
|-supereffective|p1a: Keldeo
|-damage|p1a: Keldeo|40\/323
|
|switch|p2a: Celebi|Celebi|157\/341
|-damage|p2a: Celebi|115\/341|[from] Stealth Rock
|-damage|p2a: Celebi|73\/341|[from] Spikes
|
|-heal|p1a: Keldeo|60\/323|[from] item: Leftovers
|turn|43
|
|move|p1a: Keldeo|Hidden Power|p2a: Celebi
|-supereffective|p2a: Celebi
|-damage|p2a: Celebi|0 fnt
|faint|p2a: Celebi
|
|-heal|p1a: Keldeo|80\/323|[from] item: Leftovers
|
|switch|p2a: Rotom-Wash|Rotom-Wash|266\/303
|-damage|p2a: Rotom-Wash|229\/303|[from] Stealth Rock
|turn|44
|
|move|p1a: Keldeo|Secret Sword|p2a: Rotom-Wash
|-damage|p2a: Rotom-Wash|64\/303
|move|p2a: Rotom-Wash|Volt Switch|p1a: Keldeo
|-supereffective|p1a: Keldeo
|-damage|p1a: Keldeo|0 fnt
|faint|p1a: Keldeo
|
|switch|p2a: Excadrill|Excadrill, F|161\/361
|-damage|p2a: Excadrill|150\/361|[from] Stealth Rock
|-damage|p2a: Excadrill|105\/361|[from] Spikes
|-ability|p2a: Excadrill|Mold Breaker
|
|
|switch|p1a: Venusaur|Venusaur-Mega, M|229\/364
|-damage|p1a: Venusaur|184\/364|[from] Stealth Rock
|turn|45
|
|move|p2a: Excadrill|Iron Head|p1a: Venusaur
|-damage|p1a: Venusaur|76\/364
|move|p1a: Venusaur|Synthesis|p1a: Venusaur
|-heal|p1a: Venusaur|258\/364
|
|turn|46
|
|move|p2a: Excadrill|Iron Head|p1a: Venusaur
|-damage|p1a: Venusaur|150\/364
|move|p1a: Venusaur|Giga Drain|p2a: Excadrill
|-damage|p2a: Excadrill|0 fnt
|-heal|p1a: Venusaur|203\/364|[from] drain|[of] p2a: Excadrill
|faint|p2a: Excadrill
|
|
|switch|p2a: Rotom-Wash|Rotom-Wash|64\/303
|-damage|p2a: Rotom-Wash|27\/303|[from] Stealth Rock
|turn|47
|
|move|p2a: Rotom-Wash|Pain Split|p1a: Venusaur
|-sethp|p1a: Venusaur|115\/364|p2a: Rotom-Wash|115\/303|[from] move: Pain Split
|move|p1a: Venusaur|Giga Drain|p2a: Rotom-Wash
|-supereffective|p2a: Rotom-Wash
|-damage|p2a: Rotom-Wash|0 fnt
|-heal|p1a: Venusaur|173\/364|[from] drain|[of] p2a: Rotom-Wash
|faint|p2a: Rotom-Wash
|
|win|Bloody Sunday
|raw|Ladder updating...
|raw|Bloody Sunday's rating: 1980 &rarr; <strong>1991<\/strong><br \/>(+11 for winning)
|raw|peere's rating: 1824 &rarr; <strong>1812<\/strong><br \/>(-12 for losing)
|chat|peere|gg
|leave|peere
|player|p2