|join|peere
|join|Dorothia
|player|p1|peere|97
|player|p2|Dorothia|169
|gametype|singles
|gen|6
|tier|OU
|clearpoke
|poke|p1|Talonflame, F
|poke|p1|Ferrothorn, F
|poke|p1|Clefable, M
|poke|p1|Aerodactyl, M
|poke|p1|Rotom-Wash
|poke|p1|Latias, F
|poke|p2|Medicham, F
|poke|p2|Talonflame, F
|poke|p2|Rotom-Wash
|poke|p2|Scizor, M
|poke|p2|Landorus-Therian, M
|poke|p2|Latias, F
|rule|Swagger Clause: Swagger is banned
|rule|Baton Pass Clause: Limit one PokÃ©mon knowing Baton Pass
|rule|Sleep Clause Mod: Limit one foe put to sleep
|rule|Species Clause: Limit one of each PokÃ©mon
|rule|OHKO Clause: OHKO moves are banned
|rule|Moody Clause: Moody is banned
|rule|Evasion Moves Clause: Evasion moves are banned
|rule|Endless Battle Clause: Forcing endless battles is banned
|rule|HP Percentage Mod: HP is shown in percentages
|teampreview
Dorothia made this room private.
|c|âDorothia|gl
|c|âpeere|buena suerte
|
|start
|switch|p1a: Rotom-Wash|Rotom-Wash|303\/303
|switch|p2a: Rotom-Wash|Rotom-Wash|303\/303
|turn|1
|
|move|p2a: Rotom-Wash|Will-O-Wisp|p1a: Rotom-Wash
|-status|p1a: Rotom-Wash|brn
|move|p1a: Rotom-Wash|Volt Switch|p2a: Rotom-Wash
|-damage|p2a: Rotom-Wash|227\/303
|
|switch|p1a: Clefable|Clefable, M|394\/394
|
|-heal|p2a: Rotom-Wash|245\/303|[from] item: Leftovers
|turn|2
|
|move|p2a: Rotom-Wash|Volt Switch|p1a: Clefable
|-damage|p1a: Clefable|318\/394
|
|switch|p2a: Talonflame|Talonflame, F|301\/301
|move|p1a: Clefable|Heal Bell|p1a: Clefable
|-cureteam|p1a: Clefable|[from] move: HealBell
|
|-heal|p1a: Clefable|342\/394|[from] item: Leftovers
|turn|3
|
|switch|p1a: Rotom-Wash|Rotom-Wash|303\/303
|move|p2a: Talonflame|U-turn|p1a: Rotom-Wash
|-damage|p1a: Rotom-Wash|230\/303
|
|switch|p2a: Latias|Latias, F|319\/319
|
|-heal|p1a: Rotom-Wash|248\/303|[from] item: Leftovers
|turn|4
|
|switch|p1a: Clefable|Clefable, M|342\/394
|move|p2a: Latias|Hidden Power|p1a: Clefable
|-damage|p1a: Clefable|261\/394
|-damage|p2a: Latias|288\/319|[from] item: Life Orb
|
|-heal|p1a: Clefable|285\/394|[from] item: Leftovers
|turn|5
|
|switch|p2a: Landorus-Therian|Landorus-Therian, M|381\/381
|-ability|p2a: Landorus-Therian|Intimidate|[of] p1a: Clefable
|-unboost|p1a: Clefable|atk|1
|move|p1a: Clefable|Moonblast|p2a: Landorus-Therian
|-damage|p2a: Landorus-Therian|243\/381
|
|-heal|p2a: Landorus-Therian|266\/381|[from] item: Leftovers
|-heal|p1a: Clefable|309\/394|[from] item: Leftovers
|turn|6
|
|move|p2a: Landorus-Therian|Stealth Rock|p1a: Clefable
|-sidestart|p1: peere|move: Stealth Rock
|move|p1a: Clefable|Moonblast|p2a: Landorus-Therian
|-damage|p2a: Landorus-Therian|133\/381
|
|-heal|p2a: Landorus-Therian|156\/381|[from] item: Leftovers
|-heal|p1a: Clefable|333\/394|[from] item: Leftovers
|turn|7
|
|switch|p1a: Ferrothorn|Ferrothorn, F|352\/352
|-damage|p1a: Ferrothorn|330\/352|[from] Stealth Rock
|move|p2a: Landorus-Therian|U-turn|p1a: Ferrothorn
|-damage|p1a: Ferrothorn|287\/352
|-damage|p2a: Landorus-Therian|109\/381|[from] ability: Iron Barbs|[of] p1a: Ferrothorn
|-damage|p2a: Landorus-Therian|46\/381|[from] item: Rocky Helmet|[of] p1a: Ferrothorn
|
|switch|p2a: Medicham|Medicham, F|262\/262
|
|turn|8
|
|switch|p1a: Latias|Latias, F|364\/364
|-damage|p1a: Latias|319\/364|[from] Stealth Rock
|detailschange|p2a: Medicham|Medicham-Mega, F
|message|Medicham has Mega Evolved into Mega Medicham!
|move|p2a: Medicham|Substitute|p2a: Medicham
|-start|p2a: Medicham|Substitute
|-damage|p2a: Medicham|197\/262
|
|-heal|p1a: Latias|341\/364|[from] item: Leftovers
|turn|9
|
|move|p2a: Medicham|Ice Punch|p1a: Latias
|-supereffective|p1a: Latias
|-damage|p1a: Latias|47\/364
|-status|p1a: Latias|frz
|cant|p1a: Latias|frz
|
|-heal|p1a: Latias|69\/364 frz|[from] item: Leftovers
|turn|10
|
|move|p2a: Medicham|Drain Punch|p1a: Latias
|-resisted|p1a: Latias
|-damage|p1a: Latias|0 fnt
|-heal|p2a: Medicham|232\/262|[from] drain|[of] p1a: Latias
|faint|p1a: Latias
|
|
|switch|p1a: Rotom-Wash|Rotom-Wash|248\/303
|-damage|p1a: Rotom-Wash|211\/303|[from] Stealth Rock
|turn|11
|
|move|p2a: Medicham|Drain Punch|p1a: Rotom-Wash
|-damage|p1a: Rotom-Wash|58\/303
|-heal|p2a: Medicham|262\/262|[from] drain|[of] p1a: Rotom-Wash
|move|p1a: Rotom-Wash|Volt Switch|p2a: Medicham
|-end|p2a: Medicham|Substitute
|
|switch|p1a: Aerodactyl|Aerodactyl, M|307\/307
|-damage|p1a: Aerodactyl|231\/307|[from] Stealth Rock
|
|turn|12
|
|switch|p2a: Landorus-Therian|Landorus-Therian, M|46\/381
|-ability|p2a: Landorus-Therian|Intimidate|[of] p1a: Aerodactyl
|-unboost|p1a: Aerodactyl|atk|1
|detailschange|p1a: Aerodactyl|Aerodactyl-Mega, M
|message|Aerodactyl has Mega Evolved into Mega Aerodactyl!
|move|p1a: Aerodactyl|Stone Edge|p2a: Landorus-Therian
|-crit|p2a: Landorus-Therian
|-damage|p2a: Landorus-Therian|0 fnt
|faint|p2a: Landorus-Therian
|
|
|switch|p2a: Rotom-Wash|Rotom-Wash|245\/303
|turn|13
|
|switch|p1a: Ferrothorn|Ferrothorn, F|287\/352
|-damage|p1a: Ferrothorn|265\/352|[from] Stealth Rock
|move|p2a: Rotom-Wash|Volt Switch|p1a: Ferrothorn
|-resisted|p1a: Ferrothorn
|-damage|p1a: Ferrothorn|227\/352
|
|switch|p2a: Medicham|Medicham-Mega, F|262\/262
|
|turn|14
|
|move|p2a: Medicham|Drain Punch|p1a: Ferrothorn
|-supereffective|p1a: Ferrothorn
|-damage|p1a: Ferrothorn|0 fnt
|-damage|p2a: Medicham|230\/262|[from] ability: Iron Barbs|[of] p1a: Ferrothorn
|-damage|p2a: Medicham|187\/262|[from] item: Rocky Helmet|[of] p1a: Ferrothorn
|faint|p1a: Ferrothorn
|
|
|switch|p1a: Clefable|Clefable, M|333\/394
|-damage|p1a: Clefable|284\/394|[from] Stealth Rock
|turn|15
|
|switch|p2a: Scizor|Scizor, M|343\/343
|move|p1a: Clefable|Thunder Wave|p2a: Scizor
|-status|p2a: Scizor|par
|
|-heal|p1a: Clefable|308\/394|[from] item: Leftovers
|turn|16
|
|move|p1a: Clefable|Moonblast|p2a: Scizor
|-resisted|p2a: Scizor
|-damage|p2a: Scizor|277\/343 par
|move|p2a: Scizor|U-turn|p1a: Clefable
|-resisted|p1a: Clefable
|-damage|p1a: Clefable|209\/394
|
|switch|p2a: Rotom-Wash|Rotom-Wash|245\/303
|
|-heal|p2a: Rotom-Wash|263\/303|[from] item: Leftovers
|-heal|p1a: Clefable|233\/394|[from] item: Leftovers
|turn|17
|
|move|p2a: Rotom-Wash|Volt Switch|p1a: Clefable
|-damage|p1a: Clefable|149\/394
|
|switch|p2a: Scizor|Scizor, M|277\/343 par
|move|p1a: Clefable|Moonblast|p2a: Scizor
|-resisted|p2a: Scizor
|-damage|p2a: Scizor|217\/343 par
|-unboost|p2a: Scizor|spa|1
|
|-heal|p1a: Clefable|173\/394|[from] item: Leftovers
|turn|18
|
|switch|p1a: Talonflame|Talonflame, F|359\/359
|-damage|p1a: Talonflame|180\/359|[from] Stealth Rock
|move|p2a: Scizor|Bullet Punch|p1a: Talonflame
|-resisted|p1a: Talonflame
|-damage|p1a: Talonflame|63\/359
|
|-heal|p1a: Talonflame|85\/359|[from] item: Leftovers
|turn|19
|
|switch|p2a: Rotom-Wash|Rotom-Wash|263\/303
|move|p1a: Talonflame|Roost|p1a: Talonflame
|-heal|p1a: Talonflame|265\/359
|
|-heal|p1a: Talonflame|287\/359|[from] item: Leftovers
|-heal|p2a: Rotom-Wash|281\/303|[from] item: Leftovers
|turn|20
|
|move|p1a: Talonflame|Will-O-Wisp|p2a: Rotom-Wash
|-status|p2a: Rotom-Wash|brn
|move|p2a: Rotom-Wash|Hydro Pump|p1a: Talonflame
|-supereffective|p1a: Talonflame
|-damage|p1a: Talonflame|39\/359
|
|-heal|p1a: Talonflame|61\/359|[from] item: Leftovers
|-heal|p2a: Rotom-Wash|299\/303 brn|[from] item: Leftovers
|-damage|p2a: Rotom-Wash|262\/303 brn|[from] brn
|turn|21
|
|move|p1a: Talonflame|Roost|p1a: Talonflame
|-heal|p1a: Talonflame|241\/359
|move|p2a: Rotom-Wash|Volt Switch|p1a: Talonflame
|-damage|p1a: Talonflame|163\/359
|
|switch|p2a: Talonflame|Talonflame, F|301\/301
|
|-heal|p1a: Talonflame|185\/359|[from] item: Leftovers
|turn|22
|
|switch|p1a: Rotom-Wash|Rotom-Wash|58\/303
|-damage|p1a: Rotom-Wash|21\/303|[from] Stealth Rock
|move|p2a: Talonflame|Brave Bird|p1a: Rotom-Wash
|-crit|p1a: Rotom-Wash
|-resisted|p1a: Rotom-Wash
|-damage|p1a: Rotom-Wash|0 fnt
|-damage|p2a: Talonflame|294\/301|[from] recoil|[of] p1a: Rotom-Wash
|faint|p1a: Rotom-Wash
|
|
|switch|p1a: Aerodactyl|Aerodactyl-Mega, M|231\/307
|-damage|p1a: Aerodactyl|155\/307|[from] Stealth Rock
|turn|23
|
|switch|p2a: Latias|Latias, F|288\/319
|move|p1a: Aerodactyl|Stone Edge|p2a: Latias
|-damage|p2a: Latias|89\/319
|
|turn|24
|
|move|p1a: Aerodactyl|Aerial Ace|p2a: Latias
|-crit|p2a: Latias
|-damage|p2a: Latias|0 fnt
|faint|p2a: Latias
|
|
|switch|p2a: Rotom-Wash|Rotom-Wash|262\/303 brn
|turn|25
|
|switch|p1a: Clefable|Clefable, M|173\/394
|-damage|p1a: Clefable|124\/394|[from] Stealth Rock
|move|p2a: Rotom-Wash|Volt Switch|p1a: Clefable
|-crit|p1a: Clefable
|-damage|p1a: Clefable|3\/394
|
|switch|p2a: Talonflame|Talonflame, F|294\/301
|
|-heal|p1a: Clefable|27\/394|[from] item: Leftovers
|turn|26
|
|move|p2a: Talonflame|Brave Bird|p1a: Clefable
|-damage|p1a: Clefable|0 fnt
|-damage|p2a: Talonflame|285\/301|[from] recoil|[of] p1a: Clefable
|faint|p1a: Clefable
|
|
|switch|p1a: Aerodactyl|Aerodactyl-Mega, M|155\/307
|-damage|p1a: Aerodactyl|79\/307|[from] Stealth Rock
|turn|27
|
|move|p2a: Talonflame|Brave Bird|p1a: Aerodactyl
|-resisted|p1a: Aerodactyl
|-damage|p1a: Aerodactyl|0 fnt
|-damage|p2a: Talonflame|259\/301|[from] recoil|[of] p1a: Aerodactyl
|faint|p1a: Aerodactyl
|
|
|switch|p1a: Talonflame|Talonflame, F|185\/359
|-damage|p1a: Talonflame|6\/359|[from] Stealth Rock
|turn|28
|
|move|p2a: Talonflame|Brave Bird|p1a: Talonflame
|-damage|p1a: Talonflame|0 fnt
|-damage|p2a: Talonflame|257\/301|[from] recoil|[of] p1a: Talonflame
|faint|p1a: Talonflame
|
|win|Dorothia
|c|âpeere|gg
|c|âDorothia|gg