|join|peere
|join|breloomaster
|player|p1|peere|97
|player|p2|breloomaster|279
|gametype|singles
|gen|6
|tier|OU
|rated
|clearpoke
|poke|p1|Chansey, F
|poke|p1|Thundurus, M
|poke|p1|Celebi
|poke|p1|Excadrill, F
|poke|p1|Charizard, M
|poke|p1|Rotom-Wash
|poke|p2|Garchomp, M, shiny
|poke|p2|Scizor, M, shiny
|poke|p2|Deoxys-Speed
|poke|p2|Talonflame, M, shiny
|poke|p2|Gengar, M, shiny
|poke|p2|Greninja, M, shiny
|rule|Sleep Clause Mod: Limit one foe put to sleep
|rule|Species Clause: Limit one of each Pokemon
|rule|OHKO Clause: OHKO moves are banned
|rule|Moody Clause: Moody is banned
|rule|Evasion Moves Clause: Evasion moves are banned
|rule|Endless Battle Clause: Forcing endless battles is banned.
|rule|HP Percentage Mod: HP is reported as percentages
|teampreview
|
|start
|switch|p1a: Charizard|Charizard, M|359\/359
|switch|p2a: Deoxys-Speed|Deoxys-Speed|304\/304
|-ability|p2a: Deoxys-Speed|Pressure
|turn|1
|
|switch|p1a: Celebi|Celebi|341\/341
|move|p2a: Deoxys-Speed|Taunt|p1a: Celebi
|-start|p1a: Celebi|move: Taunt
|
|turn|2
|
|move|p2a: Deoxys-Speed|Stealth Rock|p1a: Celebi
|-sidestart|p1: peere|move: Stealth Rock
|move|p1a: Celebi|U-turn|p2a: Deoxys-Speed
|-supereffective|p2a: Deoxys-Speed
|-damage|p2a: Deoxys-Speed|198\/304
|
|switch|p1a: Thundurus|Thundurus, M|299\/299
|-damage|p1a: Thundurus|225\/299|[from] Stealth Rock
|
|-heal|p1a: Thundurus|243\/299|[from] item: Leftovers
|turn|3
|
|move|p2a: Deoxys-Speed|Psycho Boost|p1a: Thundurus
|-damage|p1a: Thundurus|45\/299
|-unboost|p2a: Deoxys-Speed|spa|2
|move|p1a: Thundurus|Knock Off|p2a: Deoxys-Speed
|-crit|p2a: Deoxys-Speed
|-supereffective|p2a: Deoxys-Speed
|-damage|p2a: Deoxys-Speed|0 fnt
|faint|p2a: Deoxys-Speed
|
|-heal|p1a: Thundurus|63\/299|[from] item: Leftovers
|
|switch|p2a: Garchomp|Garchomp, M, shiny|358\/358
|turn|4
|
|move|p1a: Thundurus|Knock Off|p2a: Garchomp
|-damage|p2a: Garchomp|255\/358
|-damage|p1a: Thundurus|26\/299|[from] ability: Rough Skin|[of] p2a: Garchomp
|-enditem|p2a: Garchomp|Life Orb|[from] move: Knock Off|[of] p1a: Thundurus
|move|p2a: Garchomp|Stone Edge|p1a: Thundurus|[miss]
|-miss|p2a: Garchomp|p1a: Thundurus
|
|-heal|p1a: Thundurus|44\/299|[from] item: Leftovers
|turn|5
|
|move|p1a: Thundurus|Fly|p2a: Garchomp|[still]
|-prepare|p1a: Thundurus|Fly|p2a: Garchomp
|move|p2a: Garchomp|Swords Dance|p2a: Garchomp
|-boost|p2a: Garchomp|atk|2
|
|-heal|p1a: Thundurus|62\/299|[from] item: Leftovers
|turn|6
|
|move|p1a: Thundurus|Fly|p2a: Garchomp
|-damage|p2a: Garchomp|87\/358
|-damage|p1a: Thundurus|25\/299|[from] ability: Rough Skin|[of] p2a: Garchomp
|move|p2a: Garchomp|Stone Edge|p1a: Thundurus
|-supereffective|p1a: Thundurus
|-damage|p1a: Thundurus|0 fnt
|faint|p1a: Thundurus
|
|
|switch|p1a: Excadrill|Excadrill, F|361\/361
|-damage|p1a: Excadrill|350\/361|[from] Stealth Rock
|-ability|p1a: Excadrill|Mold Breaker
|-item|p1a: Excadrill|Air Balloon
|turn|7
|
|move|p2a: Garchomp|Outrage|p1a: Excadrill
|-resisted|p1a: Excadrill
|-damage|p1a: Excadrill|29\/361
|-enditem|p1a: Excadrill|Air Balloon
|move|p1a: Excadrill|Rapid Spin|p2a: Garchomp
|-damage|p2a: Garchomp|58\/358
|-damage|p1a: Excadrill|0 fnt|[from] ability: Rough Skin|[of] p2a: Garchomp
|faint|p1a: Excadrill
|
|
|switch|p1a: Celebi|Celebi|341\/341
|-damage|p1a: Celebi|299\/341|[from] Stealth Rock
|turn|8
|
|move|p1a: Celebi|Psychic|p2a: Garchomp
|-damage|p2a: Garchomp|0 fnt
|faint|p2a: Garchomp
|
|
|switch|p2a: Scizor|Scizor, M, shiny|281\/281
|turn|9
|
|detailschange|p2a: Scizor|Scizor-Mega, M, shiny
|message|Scizor has Mega Evolved into Mega Scizor!
|move|p1a: Celebi|Psychic|p2a: Scizor
|-crit|p2a: Scizor
|-resisted|p2a: Scizor
|-damage|p2a: Scizor|181\/281
|move|p2a: Scizor|Swords Dance|p2a: Scizor
|-boost|p2a: Scizor|atk|2
|
|turn|10
|
|switch|p1a: Charizard|Charizard, M|359\/359
|-damage|p1a: Charizard|180\/359|[from] Stealth Rock
|move|p2a: Scizor|Swords Dance|p2a: Scizor
|-boost|p2a: Scizor|atk|2
|
|turn|11
|
|detailschange|p1a: Charizard|Charizard-Mega-X, M
|message|Charizard has Mega Evolved into Mega Charizard!
|move|p2a: Scizor|Bullet Punch|p1a: Charizard
|-resisted|p1a: Charizard
|-damage|p1a: Charizard|44\/359
|move|p1a: Charizard|Will-O-Wisp|p2a: Scizor
|-status|p2a: Scizor|brn
|
|-damage|p2a: Scizor|146\/281 brn|[from] brn
|turn|12
|
|move|p2a: Scizor|Bullet Punch|p1a: Charizard
|-resisted|p1a: Charizard
|-damage|p1a: Charizard|0 fnt
|faint|p1a: Charizard
|
|-damage|p2a: Scizor|111\/281 brn|[from] brn
|
|switch|p1a: Rotom-Wash|Rotom-Wash|303\/303
|-damage|p1a: Rotom-Wash|266\/303|[from] Stealth Rock
|turn|13
|
|move|p2a: Scizor|Bug Bite|p1a: Rotom-Wash
|-damage|p1a: Rotom-Wash|70\/303
|move|p1a: Rotom-Wash|Volt Switch|p2a: Scizor
|-crit|p2a: Scizor
|-damage|p2a: Scizor|0 fnt
|faint|p2a: Scizor
|
|switch|p1a: Chansey|Chansey, F|701\/701
|-damage|p1a: Chansey|614\/701|[from] Stealth Rock
|
|
|switch|p2a: Talonflame|Talonflame, M, shiny|298\/298
|turn|14
|
|move|p2a: Talonflame|Swords Dance|p2a: Talonflame
|-boost|p2a: Talonflame|atk|2
|move|p1a: Chansey|Soft-Boiled|p1a: Chansey
|-heal|p1a: Chansey|701\/701
|
|turn|15
|
|move|p2a: Talonflame|Swords Dance|p2a: Talonflame
|-boost|p2a: Talonflame|atk|2
|move|p1a: Chansey|Thunder Wave|p2a: Talonflame
|-status|p2a: Talonflame|par
|
|turn|16
|
|switch|p1a: Rotom-Wash|Rotom-Wash|70\/303
|-damage|p1a: Rotom-Wash|33\/303|[from] Stealth Rock
|cant|p2a: Talonflame|par
|
|-heal|p1a: Rotom-Wash|51\/303|[from] item: Leftovers
|turn|17
|
|move|p2a: Talonflame|Brave Bird|p1a: Rotom-Wash
|-resisted|p1a: Rotom-Wash
|-damage|p1a: Rotom-Wash|0 fnt
|-damage|p2a: Talonflame|281\/298 par|[from] recoil|[of] p1a: Rotom-Wash
|faint|p1a: Rotom-Wash
|
|-heal|p2a: Talonflame|298\/298 par|[from] item: Leftovers
|
|switch|p1a: Celebi|Celebi|299\/341
|-damage|p1a: Celebi|257\/341|[from] Stealth Rock
|turn|18
|
|move|p2a: Talonflame|Brave Bird|p1a: Celebi
|-supereffective|p1a: Celebi
|-damage|p1a: Celebi|0 fnt
|-damage|p2a: Talonflame|213\/298 par|[from] recoil|[of] p1a: Celebi
|faint|p1a: Celebi
|
|-heal|p2a: Talonflame|231\/298 par|[from] item: Leftovers
|leave|peere
|player|p1
|leave|breloomaster
|player|p2
|join|breloomaster
|player|p2|breloomaster|279
|-message|peere lost due to inactivity.
|
|win|breloomaster
|raw|Ladder updating...
|raw|peere's rating: 1684 &rarr; <strong>1661<\/strong><br \/>(-23 for losing)
|raw|breloomaster's rating: 1624 &rarr; <strong>1648<\/strong><br \/>(+24 for winning)