|join|peere
|join|ganna swoim
|player|p1|peere|97
|player|p2|ganna swoim|43
|gametype|singles
|gen|6
|tier|OU (suspect test)
|rated
|clearpoke
|poke|p1|Bisharp, M
|poke|p1|Gallade, M
|poke|p1|Clefable, M
|poke|p1|Landorus-Therian, M
|poke|p1|Latias, F
|poke|p1|Keldeo-Resolute
|poke|p2|Politoed, M, shiny
|poke|p2|Swampert, F
|poke|p2|Latios, M
|poke|p2|Garchomp, F
|poke|p2|Lucario, F
|poke|p2|Thundurus, M
|rule|Swagger Clause: Swagger is banned
|rule|Baton Pass Clause: Limit one PokÃ©mon knowing Baton Pass
|rule|Sleep Clause Mod: Limit one foe put to sleep
|rule|Species Clause: Limit one of each PokÃ©mon
|rule|OHKO Clause: OHKO moves are banned
|rule|Moody Clause: Moody is banned
|rule|Evasion Moves Clause: Evasion moves are banned
|rule|Endless Battle Clause: Forcing endless battles is banned
|rule|HP Percentage Mod: HP is shown in percentages
|teampreview
|
|start
|switch|p1a: Gallade|Gallade, M|277\/277
|switch|p2a: Latios|Latios, M|301\/301
|turn|1
|
|switch|p1a: Clefable|Clefable, M|394\/394
|move|p2a: Latios|Trick|p1a: Clefable
|-activate|p2a: Latios|move: Trick|[of] p1a: Clefable
|-item|p1a: Clefable|Choice Scarf|[from] move: Trick
|-item|p2a: Latios|Leftovers|[from] move: Trick
|
|turn|2
|
|switch|p2a: Lucario|Lucario, F|279\/279
|move|p1a: Clefable|Thunder Wave|p2a: Lucario
|-status|p2a: Lucario|par
|
|turn|3
|
|switch|p1a: Landorus-Therian|Landorus-Therian, M|381\/381
|-ability|p1a: Landorus-Therian|Intimidate|[of] p2a: Lucario
|-unboost|p2a: Lucario|atk|1
|move|p2a: Lucario|Swords Dance|p2a: Lucario
|-boost|p2a: Lucario|atk|2
|
|turn|4
|
|move|p2a: Lucario|Extreme Speed|p1a: Landorus-Therian
|-damage|p1a: Landorus-Therian|232\/381
|-damage|p2a: Lucario|252\/279 par|[from] item: Life Orb
|move|p1a: Landorus-Therian|Earthquake|p2a: Lucario
|-supereffective|p2a: Lucario
|-damage|p2a: Lucario|0 fnt
|faint|p2a: Lucario
|
|-heal|p1a: Landorus-Therian|255\/381|[from] item: Leftovers
|
|switch|p2a: Thundurus|Thundurus, M|299\/299
|turn|5
|
|switch|p1a: Clefable|Clefable, M|394\/394
|move|p2a: Thundurus|Hidden Power|p1a: Clefable
|-damage|p1a: Clefable|329\/394
|
|turn|6
|
|move|p2a: Thundurus|Thunderbolt|p1a: Clefable
|-damage|p1a: Clefable|200\/394
|move|p1a: Clefable|Moonblast|p2a: Thundurus
|-crit|p2a: Thundurus
|-damage|p2a: Thundurus|122\/299
|
|turn|7
|
|switch|p2a: Politoed|Politoed, M, shiny|351\/351
|-weather|RainDance
|move|p1a: Clefable|Moonblast|p2a: Politoed
|-damage|p2a: Politoed|234\/351
|
|-weather|RainDance|[upkeep]
|turn|8
|
|move|p1a: Clefable|Moonblast|p2a: Politoed
|-damage|p2a: Politoed|125\/351
|move|p2a: Politoed|Hydro Pump|p1a: Clefable
|-damage|p1a: Clefable|0 fnt
|faint|p1a: Clefable
|
|-weather|RainDance|[upkeep]
|
|switch|p1a: Gallade|Gallade, M|277\/277
|turn|9
|
|detailschange|p1a: Gallade|Gallade-Mega, M
|-mega|p1a: Gallade|Gallade|Galladite
|move|p1a: Gallade|Close Combat|p2a: Politoed
|-damage|p2a: Politoed|0 fnt
|-unboost|p1a: Gallade|def|1
|-unboost|p1a: Gallade|spd|1
|faint|p2a: Politoed
|
|-weather|RainDance|[upkeep]
|
|switch|p2a: Swampert|Swampert, F|366\/366
|turn|10
|
|detailschange|p2a: Swampert|Swampert-Mega, F
|-mega|p2a: Swampert|Swampert|Swampertite
|move|p1a: Gallade|Close Combat|p2a: Swampert
|-damage|p2a: Swampert|143\/366
|-unboost|p1a: Gallade|def|1
|-unboost|p1a: Gallade|spd|1
|move|p2a: Swampert|Power-Up Punch|p1a: Gallade
|-resisted|p1a: Gallade
|-damage|p1a: Gallade|215\/277
|-boost|p2a: Swampert|atk|1
|
|-weather|RainDance|[upkeep]
|turn|11
|
|switch|p1a: Landorus-Therian|Landorus-Therian, M|255\/381
|-ability|p1a: Landorus-Therian|Intimidate|[of] p2a: Swampert
|-unboost|p2a: Swampert|atk|1
|move|p2a: Swampert|Waterfall|p1a: Landorus-Therian
|-crit|p1a: Landorus-Therian
|-supereffective|p1a: Landorus-Therian
|-damage|p1a: Landorus-Therian|0 fnt
|faint|p1a: Landorus-Therian
|
|-weather|RainDance|[upkeep]
|
|switch|p1a: Latias|Latias, F|301\/301
|turn|12
|
|move|p2a: Swampert|Ice Punch|p1a: Latias
|-supereffective|p1a: Latias
|-damage|p1a: Latias|63\/301
|move|p1a: Latias|Draco Meteor|p2a: Swampert
|-damage|p2a: Swampert|0 fnt
|-unboost|p1a: Latias|spa|2
|-damage|p1a: Latias|33\/301|[from] item: Life Orb
|faint|p2a: Swampert
|
|-weather|RainDance|[upkeep]
|
|switch|p2a: Thundurus|Thundurus, M|122\/299
|turn|13
|
|move|p2a: Thundurus|Thunderbolt|p1a: Latias
|-resisted|p1a: Latias
|-damage|p1a: Latias|0 fnt
|faint|p1a: Latias
|
|-weather|RainDance|[upkeep]
|
|switch|p1a: Keldeo-Resolute|Keldeo-Resolute|323\/323
|turn|14
|
|switch|p2a: Latios|Latios, M|301\/301
|move|p1a: Keldeo-Resolute|Scald|p2a: Latios
|-resisted|p2a: Latios
|-damage|p2a: Latios|207\/301
|-status|p2a: Latios|brn
|
|-weather|none
|-heal|p2a: Latios|225\/301 brn|[from] item: Leftovers
|-damage|p2a: Latios|188\/301 brn|[from] brn
|turn|15
|
|switch|p1a: Bisharp|Bisharp, M|272\/272
|move|p2a: Latios|Thunder|p1a: Bisharp
|-damage|p1a: Bisharp|90\/272
|
|-heal|p2a: Latios|206\/301 brn|[from] item: Leftovers
|-damage|p2a: Latios|169\/301 brn|[from] brn
|turn|16
|
|switch|p2a: Garchomp|Garchomp, F|359\/359
|move|p1a: Bisharp|Sucker Punch|p2a: Garchomp
|-fail|p2a: Garchomp
|
|turn|17
|
|move|p2a: Garchomp|Earthquake|p1a: Bisharp
|-supereffective|p1a: Bisharp
|-damage|p1a: Bisharp|0 fnt
|-damage|p2a: Garchomp|324\/359|[from] item: Life Orb
|faint|p1a: Bisharp
|
|
|switch|p1a: Keldeo-Resolute|Keldeo-Resolute|323\/323
|turn|18
|
|move|p1a: Keldeo-Resolute|Hydro Pump|p2a: Garchomp|[miss]
|-miss|p1a: Keldeo-Resolute|p2a: Garchomp
|move|p2a: Garchomp|Outrage|p1a: Keldeo-Resolute
|-damage|p1a: Keldeo-Resolute|14\/323
|-damage|p2a: Garchomp|289\/359|[from] item: Life Orb
|
|turn|19
|
|move|p1a: Keldeo-Resolute|Hydro Pump|p2a: Garchomp
|-damage|p2a: Garchomp|49\/359
|move|p2a: Garchomp|Outrage|p1a: Keldeo-Resolute
|-damage|p1a: Keldeo-Resolute|0 fnt
|-damage|p2a: Garchomp|14\/359|[from] item: Life Orb
|faint|p1a: Keldeo-Resolute
|
|
|switch|p1a: Gallade|Gallade-Mega, M|215\/277
|turn|20
|
|move|p1a: Gallade|Knock Off|p2a: Garchomp
|-damage|p2a: Garchomp|0 fnt
|-damage|p1a: Gallade|181\/277|[from] ability: Rough Skin|[of] p2a: Garchomp
|-enditem|p2a: Garchomp|Life Orb|[from] move: Knock Off|[of] p1a: Gallade
|faint|p2a: Garchomp
|
|
|switch|p2a: Latios|Latios, M|169\/301 brn
|turn|21
|
|move|p2a: Latios|Draco Meteor|p1a: Gallade
|-damage|p1a: Gallade|0 fnt
|-unboost|p2a: Latios|spa|2
|faint|p1a: Gallade
|
|win|ganna swoim
|raw|Ladder updating...
|raw|peere's rating: 1187 &rarr; <strong>1167<\/strong><br \/>(-20 for losing)
|raw|ganna swoim's rating: 1262 &rarr; <strong>1282<\/strong><br \/>(+20 for winning)
|c|âganna swoim|gg
|leave|peere
|player|p1