|join|peere
|join|cleftrann
|player|p1|peere|97
|player|p2|cleftrann|168
|gametype|singles
|gen|6
|tier|OU
|clearpoke
|poke|p1|Conkeldurr, M
|poke|p1|Ferrothorn, F
|poke|p1|Rotom-Wash
|poke|p1|Latias, F
|poke|p1|Gardevoir, M
|poke|p1|Excadrill, M
|poke|p2|Jirachi
|poke|p2|Landorus-Therian, M
|poke|p2|Keldeo
|poke|p2|Clefable, M
|poke|p2|Ferrothorn, F
|poke|p2|Latios, M
|rule|Swagger Clause: Swagger is banned
|rule|Baton Pass Clause: Limit one PokÃ©mon knowing Baton Pass
|rule|Sleep Clause Mod: Limit one foe put to sleep
|rule|Species Clause: Limit one of each PokÃ©mon
|rule|OHKO Clause: OHKO moves are banned
|rule|Moody Clause: Moody is banned
|rule|Evasion Moves Clause: Evasion moves are banned
|rule|Endless Battle Clause: Forcing endless battles is banned
|rule|HP Percentage Mod: HP is shown in percentages
|teampreview
|join|Mollete
|join|bluri
|join|the pdc show
|
|start
|switch|p1a: Gardevoir|Gardevoir, M|340\/340
|switch|p2a: Latios|Latios, M|301\/301
|-ability|p1a: Gardevoir|Levitate|[from] ability: Trace|[of] p2a: Latios
|turn|1
|join|Ranger mike
|join|lanueba
|leave|lanueba
|
|switch|p2a: Jirachi|Jirachi|404\/404
|detailschange|p1a: Gardevoir|Gardevoir-Mega, M
|message|Gardevoir has Mega Evolved into Mega Gardevoir!
|move|p1a: Gardevoir|Will-O-Wisp|p2a: Jirachi
|-status|p2a: Jirachi|brn
|
|-damage|p2a: Jirachi|354\/404 brn|[from] brn
|turn|2
|c|+the pdc show|is that ou superstar tele?
|c|âcleftrann|y
|join|lanueba
|leave|lanueba
|join|alsobeauty
|
|switch|p1a: Rotom-Wash|Rotom-Wash|304\/304
|move|p2a: Jirachi|U-turn|p1a: Rotom-Wash
|-damage|p1a: Rotom-Wash|283\/304
|join|0 Sky Dragon
|
|switch|p2a: Latios|Latios, M|301\/301
|
|-heal|p1a: Rotom-Wash|302\/304|[from] item: Leftovers
|turn|3
|
|switch|p1a: Gardevoir|Gardevoir-Mega, M|340\/340
|move|p2a: Latios|Psyshock|p1a: Gardevoir
|-resisted|p1a: Gardevoir
|-damage|p1a: Gardevoir|235\/340
|-damage|p2a: Latios|271\/301|[from] item: Life Orb
|
|turn|4
|join|Finchinator
|c| alsobeauty|teliii u numbah one lol
|
|switch|p2a: Ferrothorn|Ferrothorn, F|352\/352
|move|p1a: Gardevoir|Hyper Voice|p2a: Ferrothorn
|-resisted|p2a: Ferrothorn
|-damage|p2a: Ferrothorn|281\/352
|
|-heal|p2a: Ferrothorn|303\/352|[from] item: Leftovers
|turn|5
|join|Tom Bus
|
|move|p1a: Gardevoir|Will-O-Wisp|p2a: Ferrothorn
|-status|p2a: Ferrothorn|brn
|move|p2a: Ferrothorn|Spikes|p1a: Gardevoir
|-sidestart|p1: peere|Spikes
|
|-heal|p2a: Ferrothorn|325\/352 brn|[from] item: Leftovers
|-damage|p2a: Ferrothorn|281\/352 brn|[from] brn
|turn|6
|
|switch|p1a: Ferrothorn|Ferrothorn, F|352\/352
|-damage|p1a: Ferrothorn|308\/352|[from] Spikes
|move|p2a: Ferrothorn|Leech Seed|p1a: Ferrothorn
|-immune|p1a: Ferrothorn|[msg]
|
|-heal|p1a: Ferrothorn|330\/352|[from] item: Leftovers
|-heal|p2a: Ferrothorn|303\/352 brn|[from] item: Leftovers
|-damage|p2a: Ferrothorn|259\/352 brn|[from] brn
|turn|7
|
|switch|p2a: Landorus-Therian|Landorus-Therian, M|382\/382
|-ability|p2a: Landorus-Therian|Intimidate|[of] p1a: Ferrothorn
|-unboost|p1a: Ferrothorn|atk|1
|move|p1a: Ferrothorn|Spikes|p2a: Landorus-Therian
|-sidestart|p2: cleftrann|Spikes
|
|-heal|p1a: Ferrothorn|352\/352|[from] item: Leftovers
|turn|8
|
|move|p2a: Landorus-Therian|Stealth Rock|p1a: Ferrothorn
|-sidestart|p1: peere|move: Stealth Rock
|move|p1a: Ferrothorn|Leech Seed|p2a: Landorus-Therian
|-start|p2a: Landorus-Therian|move: Leech Seed
|
|-damage|p2a: Landorus-Therian|335\/382|[from] Leech Seed|[of] p1a: Ferrothorn
|turn|9
|
|switch|p2a: Clefable|Clefable, M|394\/394
|switch|p1a: Excadrill|Excadrill, M|361\/361
|-damage|p1a: Excadrill|350\/361|[from] Stealth Rock
|-ability|p1a: Excadrill|Mold Breaker
|-item|p1a: Excadrill|Air Balloon
|
|turn|10
|
|switch|p2a: Keldeo|Keldeo|323\/323
|-damage|p2a: Keldeo|283\/323|[from] Spikes
|move|p1a: Excadrill|Rapid Spin|p2a: Keldeo
|-damage|p2a: Keldeo|252\/323
|-sideend|p1: peere|Spikes|[from] move: Rapid Spin|[of] p1a: Excadrill
|-sideend|p1: peere|Stealth Rock|[from] move: Rapid Spin|[of] p1a: Excadrill
|
|-heal|p2a: Keldeo|272\/323|[from] item: Leftovers
|turn|11
|
|switch|p1a: Latias|Latias, F|302\/302
|move|p2a: Keldeo|Scald|p1a: Latias
|-resisted|p1a: Latias
|-damage|p1a: Latias|244\/302
|
|-heal|p2a: Keldeo|292\/323|[from] item: Leftovers
|turn|12
|
|switch|p2a: Clefable|Clefable, M|394\/394
|move|p1a: Latias|Trick|p2a: Clefable
|-activate|p1a: Latias|move: Trick|[of] p2a: Clefable
|-item|p2a: Clefable|Choice Scarf|[from] move: Trick
|-item|p1a: Latias|Leftovers|[from] move: Trick
|
|-heal|p1a: Latias|262\/302|[from] item: Leftovers
|turn|13
|
|switch|p1a: Gardevoir|Gardevoir-Mega, M|235\/340
|switch|p2a: Landorus-Therian|Landorus-Therian, M|335\/382
|-ability|p2a: Landorus-Therian|Intimidate|[of] p1a: Gardevoir
|-unboost|p1a: Gardevoir|atk|1
|
|-heal|p2a: Landorus-Therian|358\/382|[from] item: Leftovers
|turn|14
|leave|0 Sky Dragon
|
|move|p1a: Gardevoir|Wish|p1a: Gardevoir
|move|p2a: Landorus-Therian|Earthquake|p1a: Gardevoir
|-damage|p1a: Gardevoir|39\/340
|
|-heal|p2a: Landorus-Therian|381\/382|[from] item: Leftovers
|turn|15
|join|zdrup
|
|move|p1a: Gardevoir|Protect|p1a: Gardevoir
|-singleturn|p1a: Gardevoir|Protect
|move|p2a: Landorus-Therian|U-turn|p1a: Gardevoir
|-activate|p1a: Gardevoir|Protect
|
|-heal|p1a: Gardevoir|209\/340|[from] move: Wish|[wisher] Gardevoir
|-heal|p2a: Landorus-Therian|382\/382|[from] item: Leftovers
|turn|16
|
|move|p1a: Gardevoir|Will-O-Wisp|p2a: Landorus-Therian
|-status|p2a: Landorus-Therian|brn
|move|p2a: Landorus-Therian|Stealth Rock|p1a: Gardevoir
|-sidestart|p1: peere|move: Stealth Rock
|
|-damage|p2a: Landorus-Therian|335\/382 brn|[from] brn
|turn|17
|
|move|p1a: Gardevoir|Wish|p1a: Gardevoir
|move|p2a: Landorus-Therian|U-turn|p1a: Gardevoir
|-damage|p1a: Gardevoir|164\/340
|
|switch|p2a: Jirachi|Jirachi|354\/404 brn
|-damage|p2a: Jirachi|304\/404 brn|[from] Spikes
|
|-heal|p2a: Jirachi|329\/404 brn|[from] item: Leftovers
|-damage|p2a: Jirachi|279\/404 brn|[from] brn
|turn|18
|
|move|p1a: Gardevoir|Protect|p1a: Gardevoir
|-singleturn|p1a: Gardevoir|Protect
|move|p2a: Jirachi|Wish|p2a: Jirachi
|
|-heal|p1a: Gardevoir|334\/340|[from] move: Wish|[wisher] Gardevoir
|-heal|p2a: Jirachi|304\/404 brn|[from] item: Leftovers
|-damage|p2a: Jirachi|254\/404 brn|[from] brn
|turn|19
|
|switch|p1a: Excadrill|Excadrill, M|350\/361
|-damage|p1a: Excadrill|339\/361|[from] Stealth Rock
|-ability|p1a: Excadrill|Mold Breaker
|-item|p1a: Excadrill|Air Balloon
|switch|p2a: Ferrothorn|Ferrothorn, F|259\/352 brn
|-damage|p2a: Ferrothorn|215\/352 brn|[from] Spikes
|
|-heal|p2a: Ferrothorn|352\/352 brn|[from] move: Wish|[wisher] Jirachi
|-damage|p2a: Ferrothorn|308\/352 brn|[from] brn
|turn|20
|
|move|p1a: Excadrill|Stealth Rock|p2a: Ferrothorn
|-sidestart|p2: cleftrann|move: Stealth Rock
|move|p2a: Ferrothorn|Leech Seed|p1a: Excadrill
|-start|p1a: Excadrill|move: Leech Seed
|
|-heal|p2a: Ferrothorn|330\/352 brn|[from] item: Leftovers
|-damage|p1a: Excadrill|294\/361|[from] Leech Seed|[of] p2a: Ferrothorn
|-heal|p2a: Ferrothorn|352\/352 brn|[silent]
|-damage|p2a: Ferrothorn|308\/352 brn|[from] brn
|turn|21
|join|metmaver
|
|switch|p1a: Ferrothorn|Ferrothorn, F|352\/352
|-damage|p1a: Ferrothorn|330\/352|[from] Stealth Rock
|move|p2a: Ferrothorn|Gyro Ball|p1a: Ferrothorn
|-resisted|p1a: Ferrothorn
|-damage|p1a: Ferrothorn|320\/352
|-damage|p2a: Ferrothorn|264\/352 brn|[from] ability: Iron Barbs|[of] p1a: Ferrothorn
|
|-heal|p1a: Ferrothorn|342\/352|[from] item: Leftovers
|-heal|p2a: Ferrothorn|286\/352 brn|[from] item: Leftovers
|-damage|p2a: Ferrothorn|242\/352 brn|[from] brn
|turn|22
|
|move|p1a: Ferrothorn|Thunder Wave|p2a: Ferrothorn
|-fail|p2a: Ferrothorn
|move|p2a: Ferrothorn|Spikes|p1a: Ferrothorn
|-sidestart|p1: peere|Spikes
|
|-heal|p1a: Ferrothorn|352\/352|[from] item: Leftovers
|-heal|p2a: Ferrothorn|264\/352 brn|[from] item: Leftovers
|-damage|p2a: Ferrothorn|220\/352 brn|[from] brn
|turn|23
|
|switch|p2a: Clefable|Clefable, M|394\/394
|move|p1a: Ferrothorn|Spikes|p2a: Clefable
|-sidestart|p2: cleftrann|Spikes
|
|turn|24
|
|switch|p1a: Gardevoir|Gardevoir-Mega, M|334\/340
|-damage|p1a: Gardevoir|292\/340|[from] Spikes
|-damage|p1a: Gardevoir|250\/340|[from] Stealth Rock
|move|p2a: Clefable|Flamethrower|p1a: Gardevoir
|-damage|p1a: Gardevoir|195\/340
|
|turn|25
|
|switch|p2a: Jirachi|Jirachi|254\/404 brn
|-damage|p2a: Jirachi|229\/404 brn|[from] Stealth Rock
|-damage|p2a: Jirachi|162\/404 brn|[from] Spikes
|move|p1a: Gardevoir|Wish|p1a: Gardevoir
|
|-heal|p2a: Jirachi|187\/404 brn|[from] item: Leftovers
|-damage|p2a: Jirachi|137\/404 brn|[from] brn
|turn|26
|
|move|p1a: Gardevoir|Hyper Voice|p2a: Jirachi
|-resisted|p2a: Jirachi
|-damage|p2a: Jirachi|64\/404 brn
|move|p2a: Jirachi|Wish|p2a: Jirachi
|
|-heal|p1a: Gardevoir|340\/340|[from] move: Wish|[wisher] Gardevoir
|-heal|p2a: Jirachi|89\/404 brn|[from] item: Leftovers
|-damage|p2a: Jirachi|39\/404 brn|[from] brn
|turn|27
|
|switch|p1a: Excadrill|Excadrill, M|294\/361
|-damage|p1a: Excadrill|283\/361|[from] Stealth Rock
|-ability|p1a: Excadrill|Mold Breaker
|-item|p1a: Excadrill|Air Balloon
|move|p2a: Jirachi|Protect|p2a: Jirachi
|-fail|p2a: Jirachi
|
|-heal|p2a: Jirachi|241\/404 brn|[from] move: Wish|[wisher] Jirachi
|-heal|p2a: Jirachi|266\/404 brn|[from] item: Leftovers
|-damage|p2a: Jirachi|216\/404 brn|[from] brn
|turn|28
|
|move|p1a: Excadrill|Rapid Spin|p2a: Jirachi
|-resisted|p2a: Jirachi
|-damage|p2a: Jirachi|203\/404 brn
|-sideend|p1: peere|Spikes|[from] move: Rapid Spin|[of] p1a: Excadrill
|-sideend|p1: peere|Stealth Rock|[from] move: Rapid Spin|[of] p1a: Excadrill
|move|p2a: Jirachi|U-turn|p1a: Excadrill
|-resisted|p1a: Excadrill
|-damage|p1a: Excadrill|262\/361
|-enditem|p1a: Excadrill|Air Balloon
|
|switch|p2a: Latios|Latios, M|271\/301
|-damage|p2a: Latios|234\/301|[from] Stealth Rock
|
|turn|29
|
|move|p2a: Latios|Earthquake|p1a: Excadrill
|-supereffective|p1a: Excadrill
|-damage|p1a: Excadrill|0 fnt
|-damage|p2a: Latios|204\/301|[from] item: Life Orb
|faint|p1a: Excadrill
|
|
|switch|p1a: Gardevoir|Gardevoir-Mega, M|340\/340
|turn|30
|
|move|p2a: Latios|Defog|p1a: Gardevoir
|-unboost|p1a: Gardevoir|evasion|1
|-sideend|p2: cleftrann|Spikes|[from] move: Defog|[of] p2a: Latios
|-sideend|p2: cleftrann|Stealth Rock|[from] move: Defog|[of] p2a: Latios
|move|p1a: Gardevoir|Hyper Voice|p2a: Latios
|-supereffective|p2a: Latios
|-damage|p2a: Latios|0 fnt
|faint|p2a: Latios
|
|
|switch|p2a: Jirachi|Jirachi|203\/404 brn
|turn|31
|
|switch|p1a: Ferrothorn|Ferrothorn, F|352\/352
|move|p2a: Jirachi|Wish|p2a: Jirachi
|
|-heal|p2a: Jirachi|228\/404 brn|[from] item: Leftovers
|-damage|p2a: Jirachi|178\/404 brn|[from] brn
|turn|32
|
|move|p2a: Jirachi|Iron Head|p1a: Ferrothorn
|-resisted|p1a: Ferrothorn
|-damage|p1a: Ferrothorn|337\/352
|-damage|p2a: Jirachi|128\/404 brn|[from] ability: Iron Barbs|[of] p1a: Ferrothorn
|move|p1a: Ferrothorn|Spikes|p2a: Jirachi
|-sidestart|p2: cleftrann|Spikes
|
|-heal|p2a: Jirachi|330\/404 brn|[from] move: Wish|[wisher] Jirachi
|-heal|p2a: Jirachi|355\/404 brn|[from] item: Leftovers
|-heal|p1a: Ferrothorn|352\/352|[from] item: Leftovers
|-damage|p2a: Jirachi|305\/404 brn|[from] brn
|turn|33
|
|switch|p2a: Landorus-Therian|Landorus-Therian, M|335\/382 brn
|-ability|p2a: Landorus-Therian|Intimidate|[of] p1a: Ferrothorn
|-unboost|p1a: Ferrothorn|atk|1
|switch|p1a: Rotom-Wash|Rotom-Wash|302\/304
|
|-heal|p2a: Landorus-Therian|358\/382 brn|[from] item: Leftovers
|-heal|p1a: Rotom-Wash|304\/304|[from] item: Leftovers
|-damage|p2a: Landorus-Therian|311\/382 brn|[from] brn
|turn|34
|
|move|p2a: Landorus-Therian|Stealth Rock|p1a: Rotom-Wash
|-sidestart|p1: peere|move: Stealth Rock
|move|p1a: Rotom-Wash|Hydro Pump|p2a: Landorus-Therian
|-supereffective|p2a: Landorus-Therian
|-damage|p2a: Landorus-Therian|0 fnt
|faint|p2a: Landorus-Therian
|
|
|switch|p2a: Jirachi|Jirachi|305\/404 brn
|-damage|p2a: Jirachi|255\/404 brn|[from] Spikes
|turn|35
|
|move|p2a: Jirachi|Wish|p2a: Jirachi
|move|p1a: Rotom-Wash|Volt Switch|p2a: Jirachi
|-damage|p2a: Jirachi|194\/404 brn
|
|switch|p1a: Conkeldurr|Conkeldurr, M|365\/365
|-damage|p1a: Conkeldurr|343\/365|[from] Stealth Rock
|
|-heal|p2a: Jirachi|219\/404 brn|[from] item: Leftovers
|-damage|p2a: Jirachi|169\/404 brn|[from] brn
|turn|36
|
|move|p2a: Jirachi|Protect|p2a: Jirachi
|-singleturn|p2a: Jirachi|Protect
|move|p1a: Conkeldurr|Drain Punch|p2a: Jirachi
|-activate|p2a: Jirachi|Protect
|
|-heal|p2a: Jirachi|371\/404 brn|[from] move: Wish|[wisher] Jirachi
|-heal|p2a: Jirachi|396\/404 brn|[from] item: Leftovers
|-damage|p2a: Jirachi|346\/404 brn|[from] brn
|turn|37
|leave|the pdc show
|
|switch|p2a: Clefable|Clefable, M|394\/394
|move|p1a: Conkeldurr|Ice Punch|p2a: Clefable
|-damage|p2a: Clefable|287\/394
|
|turn|38
|
|move|p2a: Clefable|Moonblast|p1a: Conkeldurr
|-supereffective|p1a: Conkeldurr
|-damage|p1a: Conkeldurr|191\/365
|move|p1a: Conkeldurr|Drain Punch|p2a: Clefable
|-resisted|p2a: Clefable
|-damage|p2a: Clefable|212\/394
|-heal|p1a: Conkeldurr|229\/365|[from] drain|[of] p2a: Clefable
|
|turn|39
|
|switch|p2a: Ferrothorn|Ferrothorn, F|220\/352 brn
|-damage|p2a: Ferrothorn|176\/352 brn|[from] Spikes
|switch|p1a: Ferrothorn|Ferrothorn, F|352\/352
|-damage|p1a: Ferrothorn|330\/352|[from] Stealth Rock
|
|-heal|p1a: Ferrothorn|352\/352|[from] item: Leftovers
|-heal|p2a: Ferrothorn|198\/352 brn|[from] item: Leftovers
|-damage|p2a: Ferrothorn|154\/352 brn|[from] brn
|turn|40
|
|move|p1a: Ferrothorn|Iron Head|p2a: Ferrothorn
|-resisted|p2a: Ferrothorn
|-damage|p2a: Ferrothorn|123\/352 brn
|-damage|p1a: Ferrothorn|308\/352|[from] ability: Iron Barbs|[of] p2a: Ferrothorn
|move|p2a: Ferrothorn|Spikes|p1a: Ferrothorn
|-sidestart|p1: peere|Spikes
|
|-heal|p1a: Ferrothorn|330\/352|[from] item: Leftovers
|-heal|p2a: Ferrothorn|145\/352 brn|[from] item: Leftovers
|-damage|p2a: Ferrothorn|101\/352 brn|[from] brn
|turn|41
|
|move|p1a: Ferrothorn|Iron Head|p2a: Ferrothorn
|-resisted|p2a: Ferrothorn
|-damage|p2a: Ferrothorn|66\/352 brn
|-damage|p1a: Ferrothorn|286\/352|[from] ability: Iron Barbs|[of] p2a: Ferrothorn
|move|p2a: Ferrothorn|Spikes|p1a: Ferrothorn
|-sidestart|p1: peere|Spikes
|
|-heal|p1a: Ferrothorn|308\/352|[from] item: Leftovers
|-heal|p2a: Ferrothorn|88\/352 brn|[from] item: Leftovers
|-damage|p2a: Ferrothorn|44\/352 brn|[from] brn
|turn|42
|
|move|p1a: Ferrothorn|Spikes|p2a: Ferrothorn
|-sidestart|p2: cleftrann|Spikes
|move|p2a: Ferrothorn|Spikes|p1a: Ferrothorn
|-sidestart|p1: peere|Spikes
|
|-heal|p1a: Ferrothorn|330\/352|[from] item: Leftovers
|-heal|p2a: Ferrothorn|66\/352 brn|[from] item: Leftovers
|-damage|p2a: Ferrothorn|22\/352 brn|[from] brn
|turn|43
|
|switch|p2a: Keldeo|Keldeo|292\/323
|-damage|p2a: Keldeo|239\/323|[from] Spikes
|move|p1a: Ferrothorn|Spikes|p2a: Keldeo
|-sidestart|p2: cleftrann|Spikes
|
|-heal|p2a: Keldeo|259\/323|[from] item: Leftovers
|-heal|p1a: Ferrothorn|352\/352|[from] item: Leftovers
|turn|44
|
|move|p2a: Keldeo|Secret Sword|p1a: Ferrothorn
|-supereffective|p1a: Ferrothorn
|-damage|p1a: Ferrothorn|172\/352
|move|p1a: Ferrothorn|Thunder Wave|p2a: Keldeo
|-status|p2a: Keldeo|par
|
|-heal|p1a: Ferrothorn|194\/352|[from] item: Leftovers
|-heal|p2a: Keldeo|279\/323 par|[from] item: Leftovers
|turn|45
|
|switch|p1a: Gardevoir|Gardevoir-Mega, M|340\/340
|-damage|p1a: Gardevoir|298\/340|[from] Stealth Rock
|-damage|p1a: Gardevoir|213\/340|[from] Spikes
|move|p2a: Keldeo|Scald|p1a: Gardevoir
|-damage|p1a: Gardevoir|98\/340
|-status|p1a: Gardevoir|brn
|
|-heal|p2a: Keldeo|299\/323 par|[from] item: Leftovers
|-damage|p1a: Gardevoir|56\/340 brn|[from] brn
|turn|46
|
|move|p1a: Gardevoir|Hyper Voice|p2a: Keldeo
|-supereffective|p2a: Keldeo
|-damage|p2a: Keldeo|0 fnt
|faint|p2a: Keldeo
|
|-damage|p1a: Gardevoir|14\/340 brn|[from] brn
|
|switch|p2a: Clefable|Clefable, M|212\/394
|turn|47
|
|move|p1a: Gardevoir|Hyper Voice|p2a: Clefable
|-damage|p2a: Clefable|14\/394
|move|p2a: Clefable|Soft-Boiled|p2a: Clefable
|-heal|p2a: Clefable|211\/394
|
|-damage|p1a: Gardevoir|0 fnt|[from] brn
|faint|p1a: Gardevoir
|
|switch|p1a: Ferrothorn|Ferrothorn, F|194\/352
|-damage|p1a: Ferrothorn|172\/352|[from] Stealth Rock
|-damage|p1a: Ferrothorn|84\/352|[from] Spikes
|turn|48
|
|switch|p2a: Ferrothorn|Ferrothorn, F|22\/352 brn
|-damage|p2a: Ferrothorn|0 fnt|[from] Spikes
|faint|p2a: Ferrothorn
|move|p1a: Ferrothorn|Leech Seed|p2: Ferrothorn|[notarget]
|-notarget
|
|-heal|p1a: Ferrothorn|106\/352|[from] item: Leftovers
|
|switch|p2a: Clefable|Clefable, M|211\/394
|turn|49
|
|move|p2a: Clefable|Flamethrower|p1a: Ferrothorn
|-supereffective|p1a: Ferrothorn
|-damage|p1a: Ferrothorn|0 fnt
|faint|p1a: Ferrothorn
|
|
|switch|p1a: Conkeldurr|Conkeldurr, M|229\/365
|-damage|p1a: Conkeldurr|207\/365|[from] Stealth Rock
|-damage|p1a: Conkeldurr|116\/365|[from] Spikes
|turn|50
|
|switch|p2a: Jirachi|Jirachi|346\/404 brn
|-damage|p2a: Jirachi|245\/404 brn|[from] Spikes
|move|p1a: Conkeldurr|Drain Punch|p2a: Jirachi
|-damage|p2a: Jirachi|91\/404 brn
|-heal|p1a: Conkeldurr|193\/365|[from] drain|[of] p2a: Jirachi
|
|-heal|p2a: Jirachi|116\/404 brn|[from] item: Leftovers
|-damage|p2a: Jirachi|66\/404 brn|[from] brn
|turn|51
|
|move|p1a: Conkeldurr|Mach Punch|p2a: Jirachi
|-damage|p2a: Jirachi|0 fnt
|faint|p2a: Jirachi
|
|
|switch|p2a: Clefable|Clefable, M|211\/394
|turn|52
|
|move|p2a: Clefable|Moonblast|p1a: Conkeldurr
|-supereffective|p1a: Conkeldurr
|-damage|p1a: Conkeldurr|29\/365
|move|p1a: Conkeldurr|Ice Punch|p2a: Clefable
|-damage|p2a: Clefable|97\/394
|
|turn|53
|
|move|p1a: Conkeldurr|Mach Punch|p2a: Clefable
|-resisted|p2a: Clefable
|-damage|p2a: Clefable|52\/394
|move|p2a: Clefable|Moonblast|p1a: Conkeldurr
|-supereffective|p1a: Conkeldurr
|-damage|p1a: Conkeldurr|0 fnt
|faint|p1a: Conkeldurr
|
|
|switch|p1a: Latias|Latias, F|262\/302
|-damage|p1a: Latias|225\/302|[from] Stealth Rock
|turn|54
|
|move|p1a: Latias|Psyshock|p2a: Clefable
|-damage|p2a: Clefable|0 fnt
|faint|p2a: Clefable
|
|win|peere
|leave|Tom Bus
|leave|cleftrann
|player|p2
|leave|Finchinator
|leave|metmaver
|join|metmaver
|leave|metmaver
|leave|zdrup
|leave|alsobeauty
|leave|bluri
|join|metmaver
|leave|metmaver
|join|the pdc show
|leave|the pdc show
|leave|Mollete