|join|TopLobster
|join|peere
|player|p1|TopLobster|164
|player|p2|peere|97
|gametype|doubles
|gen|6
|tier|Smogon Doubles
|rated
|clearpoke
|poke|p1|Tyranitar, M
|poke|p1|Shuckle, F
|poke|p1|Ferrothorn, M
|poke|p1|Landorus-Therian, M
|poke|p1|Gastrodon, M
|poke|p1|Togekiss, M
|poke|p2|Scrafty, F
|poke|p2|Rotom-Mow
|poke|p2|Swampert, F
|poke|p2|Jirachi
|poke|p2|Haxorus, F
|poke|p2|Alakazam, F
|rule|Species Clause: Limit one of each PokÃ©mon
|rule|OHKO Clause: OHKO moves are banned
|rule|Moody Clause: Moody is banned
|rule|Evasion Abilities Clause: Evasion abilities are banned
|rule|Evasion Moves Clause: Evasion moves are banned
|rule|Endless Battle Clause: Forcing endless battles is banned
|rule|HP Percentage Mod: HP is shown in percentages
|teampreview
|
|start
|switch|p1a: Shuckle|Shuckle, F|201\/201
|switch|p1b: Landorus-Therian|Landorus-Therian, M|320\/320
|switch|p2a: Alakazam|Alakazam, F|252\/252
|switch|p2b: Rotom-Mow|Rotom-Mow|304\/304
|-ability|p1b: Landorus-Therian|Intimidate|[of] p2a: Alakazam
|-unboost|p2a: Alakazam|atk|1
|-ability|p1b: Landorus-Therian|Intimidate|[of] p2b: Rotom-Mow
|-unboost|p2b: Rotom-Mow|atk|1
|turn|1
|
|move|p2a: Alakazam|Protect|p2a: Alakazam
|-singleturn|p2a: Alakazam|Protect
|move|p1b: Landorus-Therian|U-turn|p2b: Rotom-Mow
|-supereffective|p2b: Rotom-Mow
|-damage|p2b: Rotom-Mow|124\/304
|
|-enditem|p2b: Rotom-Mow|Sitrus Berry|[eat]
|-heal|p2b: Rotom-Mow|200\/304|[from] item: Sitrus Berry
|switch|p1b: Tyranitar|Tyranitar, M|404\/404
|-weather|Sandstorm
|move|p2b: Rotom-Mow|Will-O-Wisp|p1b: Tyranitar
|-status|p1b: Tyranitar|brn
|move|p1a: Shuckle|Struggle Bug|p2b: Rotom-Mow
|-activate|p2a: Alakazam|Protect
|-supereffective|p2b: Rotom-Mow
|-damage|p2b: Rotom-Mow|192\/304
|-unboost|p2b: Rotom-Mow|spa|1
|
|-weather|Sandstorm|[upkeep]
|-damage|p2b: Rotom-Mow|173\/304|[from] sandstorm
|-damage|p1b: Tyranitar|354\/404 brn|[from] brn
|turn|2
|
|switch|p1b: Togekiss|Togekiss, M|374\/374
|move|p2a: Alakazam|Focus Blast|p1b: Togekiss
|-resisted|p1b: Togekiss
|-damage|p1b: Togekiss|335\/374
|move|p2b: Rotom-Mow|Will-O-Wisp|p1a: Shuckle
|-status|p1a: Shuckle|brn
|move|p1a: Shuckle|Struggle Bug|p2b: Rotom-Mow
|-supereffective|p2a: Alakazam
|-damage|p2a: Alakazam|244\/252
|-unboost|p2a: Alakazam|spa|1
|-supereffective|p2b: Rotom-Mow
|-damage|p2b: Rotom-Mow|165\/304
|-unboost|p2b: Rotom-Mow|spa|1
|
|-weather|Sandstorm|[upkeep]
|-damage|p2b: Rotom-Mow|146\/304|[from] sandstorm
|-damage|p1b: Togekiss|312\/374|[from] sandstorm
|-heal|p1b: Togekiss|335\/374|[from] item: Leftovers
|-damage|p1a: Shuckle|176\/201 brn|[from] brn
|turn|3
|
|switch|p2a: Jirachi|Jirachi|402\/402
|move|p2b: Rotom-Mow|Protect|p2b: Rotom-Mow
|-singleturn|p2b: Rotom-Mow|Protect
|move|p1b: Togekiss|Heat Wave|p2b: Rotom-Mow
|-supereffective|p2a: Jirachi
|-damage|p2a: Jirachi|242\/402
|-activate|p2b: Rotom-Mow|Protect
|move|p1a: Shuckle|Stealth Rock|p2b: Rotom-Mow
|-sidestart|p2: peere|move: Stealth Rock
|
|-weather|Sandstorm|[upkeep]
|-damage|p2b: Rotom-Mow|127\/304|[from] sandstorm
|-damage|p1b: Togekiss|312\/374|[from] sandstorm
|-heal|p2a: Jirachi|267\/402|[from] item: Leftovers
|-heal|p1b: Togekiss|335\/374|[from] item: Leftovers
|-damage|p1a: Shuckle|151\/201 brn|[from] brn
|turn|4
|
|switch|p2b: Swampert|Swampert, F|404\/404
|-damage|p2b: Swampert|379\/404|[from] Stealth Rock
|switch|p1b: Ferrothorn|Ferrothorn, M|352\/352
|move|p2a: Jirachi|Thunder Wave|p1b: Ferrothorn
|-status|p1b: Ferrothorn|par
|move|p1a: Shuckle|Struggle Bug|p2a: Jirachi
|-damage|p2a: Jirachi|263\/402
|-unboost|p2a: Jirachi|spa|1
|-damage|p2b: Swampert|375\/404
|-unboost|p2b: Swampert|spa|1
|
|-weather|Sandstorm|[upkeep]
|-heal|p2a: Jirachi|288\/402|[from] item: Leftovers
|-damage|p1a: Shuckle|126\/201 brn|[from] brn
|turn|5
|
|switch|p2a: Scrafty|Scrafty, F|334\/334
|-damage|p2a: Scrafty|314\/334|[from] Stealth Rock
|-ability|p2a: Scrafty|Intimidate|[of] p1a: Shuckle
|-unboost|p1a: Shuckle|atk|1
|-ability|p2a: Scrafty|Intimidate|[of] p1b: Ferrothorn
|-unboost|p1b: Ferrothorn|atk|1
|switch|p2b: Alakazam|Alakazam, F|244\/252
|move|p1a: Shuckle|Guard Split|p1b: Ferrothorn
|-activate|p1a: Shuckle|Guard Split|[of] p1b: Ferrothorn
|move|p1b: Ferrothorn|Leech Seed|p2b: Alakazam
|-start|p2b: Alakazam|move: Leech Seed
|
|-weather|none
|-damage|p1a: Shuckle|101\/201 brn|[from] brn
|turn|6
|
|switch|p1a: Landorus-Therian|Landorus-Therian, M|320\/320
|-ability|p1a: Landorus-Therian|Intimidate|[of] p2a: Scrafty
|-unboost|p2a: Scrafty|atk|1
|-ability|p1a: Landorus-Therian|Intimidate|[of] p2b: Alakazam
|-unboost|p2b: Alakazam|atk|1
|move|p1b: Ferrothorn|Protect|p1b: Ferrothorn
|-singleturn|p1b: Ferrothorn|Protect
|move|p2a: Scrafty|Fake Out|p1a: Landorus-Therian
|-damage|p1a: Landorus-Therian|287\/320
|move|p2b: Alakazam|Encore|p1b: Ferrothorn
|-activate|p1b: Ferrothorn|Protect
|
|turn|7
|
|move|p2b: Alakazam|Protect|p2b: Alakazam
|-singleturn|p2b: Alakazam|Protect
|move|p1a: Landorus-Therian|Knock Off|p2b: Alakazam
|-activate|p2b: Alakazam|Protect
|move|p2a: Scrafty|Ice Punch|p1a: Landorus-Therian
|-supereffective|p1a: Landorus-Therian
|-damage|p1a: Landorus-Therian|55\/320
|move|p1b: Ferrothorn|Leech Seed|p2a: Scrafty
|-start|p2a: Scrafty|move: Leech Seed
|
|-damage|p2a: Scrafty|273\/334|[from] Leech Seed|[of] p1b: Ferrothorn
|turn|8
|
|switch|p1a: Tyranitar|Tyranitar, M|354\/404 brn
|-weather|Sandstorm
|switch|p2b: Rotom-Mow|Rotom-Mow|127\/304
|-damage|p2b: Rotom-Mow|89\/304|[from] Stealth Rock
|move|p2a: Scrafty|Crunch|p1a: Tyranitar
|-resisted|p1a: Tyranitar
|-damage|p1a: Tyranitar|317\/404 brn
|-unboost|p1a: Tyranitar|def|1
|move|p1b: Ferrothorn|Gyro Ball|p2b: Rotom-Mow
|-resisted|p2b: Rotom-Mow
|-damage|p2b: Rotom-Mow|14\/304
|
|-weather|Sandstorm|[upkeep]
|-damage|p2b: Rotom-Mow|0 fnt|[from] sandstorm
|-damage|p2a: Scrafty|253\/334|[from] sandstorm
|-damage|p2a: Scrafty|212\/334|[from] Leech Seed|[of] p1b: Ferrothorn
|-damage|p1a: Tyranitar|267\/404 brn|[from] brn
|faint|p2b: Rotom-Mow
|
|switch|p2b: Jirachi|Jirachi|288\/402
|-damage|p2b: Jirachi|263\/402|[from] Stealth Rock
|turn|9
|
|switch|p1a: Landorus-Therian|Landorus-Therian, M|55\/320
|-ability|p1a: Landorus-Therian|Intimidate|[of] p2a: Scrafty
|-unboost|p2a: Scrafty|atk|1
|-ability|p1a: Landorus-Therian|Intimidate|[of] p2b: Jirachi
|-unboost|p2b: Jirachi|atk|1
|switch|p2a: Alakazam|Alakazam, F|244\/252
|move|p2b: Jirachi|Iron Head|p1a: Landorus-Therian
|-damage|p1a: Landorus-Therian|0 fnt
|faint|p1a: Landorus-Therian
|move|p1b: Ferrothorn|Substitute|p1b: Ferrothorn
|-start|p1b: Ferrothorn|Substitute
|-damage|p1b: Ferrothorn|264\/352 par
|
|-weather|Sandstorm|[upkeep]
|-heal|p2b: Jirachi|288\/402|[from] item: Leftovers
|-heal|p1b: Ferrothorn|286\/352 par|[from] item: Leftovers
|
|switch|p1a: Togekiss|Togekiss, M|335\/374
|turn|10
|
|move|p2a: Alakazam|Protect|p2a: Alakazam
|-singleturn|p2a: Alakazam|Protect
|move|p1a: Togekiss|Follow Me|p1a: Togekiss
|move|p2b: Jirachi|Thunder Wave|p1a: Togekiss
|-status|p1a: Togekiss|par
|move|p1b: Ferrothorn|Gyro Ball|p2a: Alakazam
|-activate|p2a: Alakazam|Protect
|
|-weather|Sandstorm|[upkeep]
|-damage|p1a: Togekiss|312\/374 par|[from] sandstorm
|-heal|p2b: Jirachi|313\/402|[from] item: Leftovers
|-heal|p1a: Togekiss|335\/374 par|[from] item: Leftovers
|-heal|p1b: Ferrothorn|308\/352 par|[from] item: Leftovers
|turn|11
|
|switch|p2a: Swampert|Swampert, F|375\/404
|-damage|p2a: Swampert|350\/404|[from] Stealth Rock
|move|p2b: Jirachi|Iron Head|p1a: Togekiss
|-supereffective|p1a: Togekiss
|-damage|p1a: Togekiss|209\/374 par
|cant|p1a: Togekiss|flinch
|move|p1b: Ferrothorn|Gyro Ball|p2a: Swampert
|-crit|p2a: Swampert
|-resisted|p2a: Swampert
|-damage|p2a: Swampert|164\/404
|-enditem|p2a: Swampert|Sitrus Berry|[eat]
|-heal|p2a: Swampert|265\/404|[from] item: Sitrus Berry
|
|-weather|Sandstorm|[upkeep]
|-damage|p1a: Togekiss|186\/374 par|[from] sandstorm
|-heal|p2b: Jirachi|338\/402|[from] item: Leftovers
|-heal|p1a: Togekiss|209\/374 par|[from] item: Leftovers
|-heal|p1b: Ferrothorn|330\/352 par|[from] item: Leftovers
|turn|12
|
|switch|p1a: Gastrodon|Gastrodon, M|426\/426
|move|p2a: Swampert|Protect|p2a: Swampert
|-singleturn|p2a: Swampert|Protect
|move|p2b: Jirachi|Wish|p2b: Jirachi
|move|p1b: Ferrothorn|Leech Seed|p2b: Jirachi
|-start|p2b: Jirachi|move: Leech Seed
|
|-weather|none
|-heal|p2b: Jirachi|363\/402|[from] item: Leftovers
|-heal|p1b: Ferrothorn|352\/352 par|[from] item: Leftovers
|-damage|p2b: Jirachi|313\/402|[from] Leech Seed|[of] p1b: Ferrothorn
|turn|13
|
|move|p2b: Jirachi|Protect|p2b: Jirachi
|-singleturn|p2b: Jirachi|Protect
|move|p1a: Gastrodon|Muddy Water|p2a: Swampert
|-damage|p2a: Swampert|163\/404
|-unboost|p2a: Swampert|accuracy|1
|-activate|p2b: Jirachi|Protect
|move|p1b: Ferrothorn|Leech Seed|p2a: Swampert
|-start|p2a: Swampert|move: Leech Seed
|move|p2a: Swampert|Mirror Coat|p1b: Ferrothorn
|-damage|p1a: Gastrodon|222\/426
|
|-heal|p2b: Jirachi|402\/402|[from] move: Wish|[wisher] Jirachi
|-heal|p1a: Gastrodon|248\/426|[from] item: Leftovers
|-damage|p2b: Jirachi|352\/402|[from] Leech Seed|[of] p1b: Ferrothorn
|-damage|p2a: Swampert|113\/404|[from] Leech Seed|[of] p1b: Ferrothorn
|turn|14
|
|move|p1a: Gastrodon|Protect|p1a: Gastrodon
|-singleturn|p1a: Gastrodon|Protect
|move|p2b: Jirachi|Iron Head|p1a: Gastrodon
|-activate|p1a: Gastrodon|Protect
|move|p2a: Swampert|Waterfall|p1b: Ferrothorn
|-activate|p1a: Gastrodon|Protect
|cant|p1b: Ferrothorn|par
|
|-heal|p2b: Jirachi|377\/402|[from] item: Leftovers
|-heal|p1a: Gastrodon|274\/426|[from] item: Leftovers
|-damage|p2b: Jirachi|327\/402|[from] Leech Seed|[of] p1b: Ferrothorn
|-damage|p2a: Swampert|63\/404|[from] Leech Seed|[of] p1b: Ferrothorn
|turn|15
|
|move|p2b: Jirachi|Protect|p2b: Jirachi
|-singleturn|p2b: Jirachi|Protect
|move|p2a: Swampert|Earthquake|p1b: Ferrothorn
|-activate|p2b: Jirachi|Protect
|-damage|p1a: Gastrodon|91\/426
|-activate|p1b: Ferrothorn|Substitute|[damage]
|move|p1a: Gastrodon|Earth Power|p2b: Jirachi
|-activate|p2b: Jirachi|Protect
|move|p1b: Ferrothorn|Gyro Ball|p2a: Swampert
|-resisted|p2a: Swampert
|-damage|p2a: Swampert|0 fnt
|faint|p2a: Swampert
|
|-heal|p2b: Jirachi|352\/402|[from] item: Leftovers
|-heal|p1a: Gastrodon|117\/426|[from] item: Leftovers
|-damage|p2b: Jirachi|302\/402|[from] Leech Seed|[of] p1b: Ferrothorn
|
|switch|p2a: Scrafty|Scrafty, F|212\/334
|-damage|p2a: Scrafty|192\/334|[from] Stealth Rock
|-ability|p2a: Scrafty|Intimidate|[of] p1a: Gastrodon
|-unboost|p1a: Gastrodon|atk|1
|-activate|p1b: Ferrothorn|Substitute|ability: Intimidate|[of] p2a: Scrafty
|turn|16
|
|move|p1a: Gastrodon|Protect|p1a: Gastrodon
|-singleturn|p1a: Gastrodon|Protect
|move|p2b: Jirachi|Iron Head|p1a: Gastrodon
|-activate|p1a: Gastrodon|Protect
|move|p2a: Scrafty|Drain Punch|p1b: Ferrothorn
|-supereffective|p1b: Ferrothorn
|-end|p1b: Ferrothorn|Substitute
|-heal|p2a: Scrafty|205\/334|[from] drain|[of] p1b: Ferrothorn
|move|p1b: Ferrothorn|Leech Seed|p2a: Scrafty
|-start|p2a: Scrafty|move: Leech Seed
|
|-heal|p2b: Jirachi|327\/402|[from] item: Leftovers
|-heal|p1a: Gastrodon|143\/426|[from] item: Leftovers
|-damage|p2b: Jirachi|277\/402|[from] Leech Seed|[of] p1b: Ferrothorn
|-damage|p2a: Scrafty|164\/334|[from] Leech Seed|[of] p1b: Ferrothorn
|turn|17
|
|move|p2b: Jirachi|Iron Head|p1a: Gastrodon
|-resisted|p1a: Gastrodon
|-damage|p1a: Gastrodon|98\/426
|move|p2a: Scrafty|Drain Punch|p1b: Ferrothorn
|-supereffective|p1b: Ferrothorn
|-damage|p1b: Ferrothorn|242\/352 par
|-heal|p2a: Scrafty|219\/334|[from] drain|[of] p1b: Ferrothorn
|-damage|p2a: Scrafty|178\/334|[from] ability: Iron Barbs|[of] p1b: Ferrothorn
|cant|p1a: Gastrodon|flinch
|cant|p1b: Ferrothorn|par
|
|-heal|p2b: Jirachi|302\/402|[from] item: Leftovers
|-heal|p1a: Gastrodon|124\/426|[from] item: Leftovers
|-heal|p1b: Ferrothorn|264\/352 par|[from] item: Leftovers
|-damage|p2b: Jirachi|252\/402|[from] Leech Seed|[of] p1b: Ferrothorn
|-heal|p1b: Ferrothorn|314\/352 par|[silent]
|-damage|p2a: Scrafty|137\/334|[from] Leech Seed|[of] p1b: Ferrothorn
|-heal|p1b: Ferrothorn|352\/352 par|[silent]
|turn|18
|
|switch|p2a: Alakazam|Alakazam, F|244\/252
|move|p2b: Jirachi|Wish|p2b: Jirachi
|move|p1a: Gastrodon|Muddy Water|p2b: Jirachi
|-damage|p2a: Alakazam|144\/252
|-unboost|p2a: Alakazam|accuracy|1
|-damage|p2b: Jirachi|167\/402
|-unboost|p2b: Jirachi|accuracy|1
|move|p1b: Ferrothorn|Substitute|p1b: Ferrothorn
|-start|p1b: Ferrothorn|Substitute
|-damage|p1b: Ferrothorn|264\/352 par
|
|-heal|p2b: Jirachi|192\/402|[from] item: Leftovers
|-heal|p1a: Gastrodon|150\/426|[from] item: Leftovers
|-heal|p1b: Ferrothorn|286\/352 par|[from] item: Leftovers
|-damage|p2b: Jirachi|142\/402|[from] Leech Seed|[of] p1b: Ferrothorn
|-heal|p1b: Ferrothorn|336\/352 par|[silent]
|turn|19
|
|move|p1b: Ferrothorn|Protect|p1b: Ferrothorn
|-singleturn|p1b: Ferrothorn|Protect
|move|p2a: Alakazam|Encore|p1b: Ferrothorn
|-activate|p1b: Ferrothorn|Protect
|move|p2b: Jirachi|Iron Head|p1a: Gastrodon|[miss]
|-miss|p2b: Jirachi|p1a: Gastrodon
|move|p1a: Gastrodon|Muddy Water|p2b: Jirachi
|-damage|p2a: Alakazam|44\/252
|-damage|p2b: Jirachi|58\/402
|
|-heal|p2b: Jirachi|259\/402|[from] move: Wish|[wisher] Jirachi
|-heal|p2b: Jirachi|284\/402|[from] item: Leftovers
|-heal|p1a: Gastrodon|176\/426|[from] item: Leftovers
|-heal|p1b: Ferrothorn|352\/352 par|[from] item: Leftovers
|-damage|p2b: Jirachi|234\/402|[from] Leech Seed|[of] p1b: Ferrothorn
|turn|20
|
|move|p1b: Ferrothorn|Protect|p1b: Ferrothorn
|-fail|p1b: Ferrothorn
|move|p2a: Alakazam|Encore|p1b: Ferrothorn|[miss]
|-miss|p2a: Alakazam|p1b: Ferrothorn
|move|p2b: Jirachi|Iron Head|p1a: Gastrodon
|-resisted|p1a: Gastrodon
|-damage|p1a: Gastrodon|134\/426
|move|p1a: Gastrodon|Muddy Water|p2b: Jirachi
|-miss|p1a: Gastrodon|p2a: Alakazam
|-damage|p2b: Jirachi|147\/402
|
|-heal|p2b: Jirachi|172\/402|[from] item: Leftovers
|-heal|p1a: Gastrodon|160\/426|[from] item: Leftovers
|-damage|p2b: Jirachi|122\/402|[from] Leech Seed|[of] p1b: Ferrothorn
|turn|21
|
|move|p1b: Ferrothorn|Protect|p1b: Ferrothorn
|-singleturn|p1b: Ferrothorn|Protect
|move|p2a: Alakazam|Psyshock|p1a: Gastrodon
|-damage|p1a: Gastrodon|0 fnt
|faint|p1a: Gastrodon
|move|p2b: Jirachi|Iron Head|p1b: Ferrothorn
|-activate|p1b: Ferrothorn|Protect
|
|-heal|p2b: Jirachi|147\/402|[from] item: Leftovers
|-damage|p2b: Jirachi|97\/402|[from] Leech Seed|[of] p1b: Ferrothorn
|
|switch|p1a: Togekiss|Togekiss, M|209\/374 par
|turn|22
|
|move|p1a: Togekiss|Follow Me|p1a: Togekiss
|move|p2a: Alakazam|Encore|p1b: Ferrothorn
|-start|p1a: Togekiss|Encore
|move|p2b: Jirachi|Iron Head|p1a: Togekiss
|-supereffective|p1a: Togekiss
|-damage|p1a: Togekiss|71\/374 par
|move|p1b: Ferrothorn|Gyro Ball|p2a: Alakazam
|-damage|p2a: Alakazam|0 fnt
|faint|p2a: Alakazam
|
|-heal|p2b: Jirachi|122\/402|[from] item: Leftovers
|-heal|p1a: Togekiss|94\/374 par|[from] item: Leftovers
|-damage|p2b: Jirachi|72\/402|[from] Leech Seed|[of] p1b: Ferrothorn
|
|switch|p2a: Scrafty|Scrafty, F|137\/334
|-damage|p2a: Scrafty|117\/334|[from] Stealth Rock
|-ability|p2a: Scrafty|Intimidate|[of] p1a: Togekiss
|-unboost|p1a: Togekiss|atk|1
|-activate|p1b: Ferrothorn|Substitute|ability: Intimidate|[of] p2a: Scrafty
|turn|23
|
|move|p1a: Togekiss|Follow Me|p1a: Togekiss
|move|p2b: Jirachi|Iron Head|p1a: Togekiss
|-supereffective|p1a: Togekiss
|-damage|p1a: Togekiss|0 fnt
|faint|p1a: Togekiss
|move|p2a: Scrafty|Drain Punch|p1b: Ferrothorn
|-supereffective|p1b: Ferrothorn
|-end|p1b: Ferrothorn|Substitute
|-heal|p2a: Scrafty|161\/334|[from] drain|[of] p1b: Ferrothorn
|cant|p1b: Ferrothorn|par
|
|-heal|p2b: Jirachi|97\/402|[from] item: Leftovers
|-damage|p2b: Jirachi|47\/402|[from] Leech Seed|[of] p1b: Ferrothorn
|
|switch|p1a: Shuckle|Shuckle, F|101\/201 brn
|turn|24
|
|move|p1b: Ferrothorn|Protect|p1b: Ferrothorn
|-singleturn|p1b: Ferrothorn|Protect
|move|p2b: Jirachi|Iron Head|p1b: Ferrothorn
|-activate|p1b: Ferrothorn|Protect
|move|p2a: Scrafty|Drain Punch|p1b: Ferrothorn
|-activate|p1b: Ferrothorn|Protect
|move|p1a: Shuckle|Power Split|p2a: Scrafty
|-activate|p1a: Shuckle|Power Split|[of] p2a: Scrafty
|
|-heal|p2b: Jirachi|72\/402|[from] item: Leftovers
|-damage|p2b: Jirachi|22\/402|[from] Leech Seed|[of] p1b: Ferrothorn
|-damage|p1a: Shuckle|76\/201 brn|[from] brn
|turn|25
|
|switch|p2a: Haxorus|Haxorus, F|297\/297
|-damage|p2a: Haxorus|260\/297|[from] Stealth Rock
|-ability|p2a: Haxorus|Mold Breaker
|move|p2b: Jirachi|Iron Head|p1b: Ferrothorn
|-resisted|p1b: Ferrothorn
|-damage|p1b: Ferrothorn|336\/352 par
|-damage|p2b: Jirachi|0 fnt|[from] ability: Iron Barbs|[of] p1b: Ferrothorn
|faint|p2b: Jirachi
|move|p1a: Shuckle|Guard Split|p1b: Ferrothorn
|-activate|p1a: Shuckle|Guard Split|[of] p1b: Ferrothorn
|move|p1b: Ferrothorn|Leech Seed|p2a: Haxorus
|-start|p2a: Haxorus|move: Leech Seed
|
|-heal|p1b: Ferrothorn|352\/352 par|[from] item: Leftovers
|-damage|p2a: Haxorus|223\/297|[from] Leech Seed|[of] p1b: Ferrothorn
|-damage|p1a: Shuckle|51\/201 brn|[from] brn
|
|switch|p2b: Scrafty|Scrafty, F|161\/334
|-damage|p2b: Scrafty|141\/334|[from] Stealth Rock
|-ability|p2b: Scrafty|Intimidate|[of] p1a: Shuckle
|-unboost|p1a: Shuckle|atk|1
|-ability|p2b: Scrafty|Intimidate|[of] p1b: Ferrothorn
|-unboost|p1b: Ferrothorn|atk|1
|turn|26
|
|switch|p1a: Tyranitar|Tyranitar, M|267\/404 brn
|-weather|Sandstorm
|move|p1b: Ferrothorn|Protect|p1b: Ferrothorn
|-singleturn|p1b: Ferrothorn|Protect
|move|p2b: Scrafty|Fake Out|p1a: Tyranitar
|-resisted|p1a: Tyranitar
|-damage|p1a: Tyranitar|249\/404 brn
|move|p2a: Haxorus|Dragon Dance|p2a: Haxorus
|-boost|p2a: Haxorus|atk|1
|-boost|p2a: Haxorus|spe|1
|
|-weather|Sandstorm|[upkeep]
|-damage|p2a: Haxorus|205\/297|[from] sandstorm
|-damage|p2b: Scrafty|121\/334|[from] sandstorm
|-damage|p2a: Haxorus|168\/297|[from] Leech Seed|[of] p1b: Ferrothorn
|-damage|p1a: Tyranitar|199\/404 brn|[from] brn
|turn|27
|
|detailschange|p1a: Tyranitar|Tyranitar-Mega, M
|message|Tyranitar has Mega Evolved into Mega Tyranitar!
|move|p2a: Haxorus|Dragon Claw|p1a: Tyranitar
|-damage|p1a: Tyranitar|0 fnt
|-damage|p2a: Haxorus|139\/297|[from] item: Life Orb
|faint|p1a: Tyranitar
|move|p2b: Scrafty|Drain Punch|p1b: Ferrothorn
|-supereffective|p1b: Ferrothorn
|-damage|p1b: Ferrothorn|248\/352 par
|-heal|p2b: Scrafty|173\/334|[from] drain|[of] p1b: Ferrothorn
|-damage|p2b: Scrafty|132\/334|[from] ability: Iron Barbs|[of] p1b: Ferrothorn
|cant|p1b: Ferrothorn|par
|
|-weather|Sandstorm|[upkeep]
|-damage|p2a: Haxorus|121\/297|[from] sandstorm
|-damage|p2b: Scrafty|112\/334|[from] sandstorm
|-heal|p1b: Ferrothorn|270\/352 par|[from] item: Leftovers
|-damage|p2a: Haxorus|84\/297|[from] Leech Seed|[of] p1b: Ferrothorn
|-heal|p1b: Ferrothorn|307\/352 par|[silent]
|
|switch|p1a: Shuckle|Shuckle, F|51\/201 brn
|turn|28
|
|move|p2a: Haxorus|Dragon Claw|p1b: Ferrothorn
|-resisted|p1b: Ferrothorn
|-damage|p1b: Ferrothorn|237\/352 par
|-damage|p2a: Haxorus|47\/297|[from] ability: Iron Barbs|[of] p1b: Ferrothorn
|-damage|p2a: Haxorus|18\/297|[from] item: Life Orb
|move|p2b: Scrafty|Drain Punch|p1a: Shuckle
|-damage|p1a: Shuckle|9\/201 brn
|-heal|p2b: Scrafty|133\/334|[from] drain|[of] p1a: Shuckle
|move|p1a: Shuckle|Power Split|p2b: Scrafty
|-activate|p1a: Shuckle|Power Split|[of] p2b: Scrafty
|cant|p1b: Ferrothorn|par
|
|-weather|Sandstorm|[upkeep]
|-damage|p2a: Haxorus|0 fnt|[from] sandstorm
|-damage|p2b: Scrafty|113\/334|[from] sandstorm
|-heal|p1b: Ferrothorn|259\/352 par|[from] item: Leftovers
|-damage|p1a: Shuckle|0 fnt|[from] brn
|faint|p2a: Haxorus
|faint|p1a: Shuckle
|turn|29
|
|move|p2b: Scrafty|Drain Punch|p1b: Ferrothorn
|-supereffective|p1b: Ferrothorn
|-damage|p1b: Ferrothorn|203\/352 par
|-heal|p2b: Scrafty|141\/334|[from] drain|[of] p1b: Ferrothorn
|-damage|p2b: Scrafty|100\/334|[from] ability: Iron Barbs|[of] p1b: Ferrothorn
|move|p1b: Ferrothorn|Leech Seed|p2b: Scrafty
|-start|p2b: Scrafty|move: Leech Seed
|
|-weather|Sandstorm|[upkeep]
|-damage|p2b: Scrafty|80\/334|[from] sandstorm
|-heal|p1b: Ferrothorn|225\/352 par|[from] item: Leftovers
|-damage|p2b: Scrafty|39\/334|[from] Leech Seed|[of] p1b: Ferrothorn
|-heal|p1b: Ferrothorn|266\/352 par|[silent]
|turn|30
|
|move|p1b: Ferrothorn|Protect|p1b: Ferrothorn
|-singleturn|p1b: Ferrothorn|Protect
|move|p2b: Scrafty|Drain Punch|p1b: Ferrothorn
|-activate|p1b: Ferrothorn|Protect
|
|-weather|none
|-heal|p1b: Ferrothorn|288\/352 par|[from] item: Leftovers
|-damage|p2b: Scrafty|0 fnt|[from] Leech Seed|[of] p1b: Ferrothorn
|-heal|p1b: Ferrothorn|327\/352 par|[silent]
|faint|p2b: Scrafty
|
|win|TopLobster
|raw|Ladder updating...
|raw|TopLobster's rating: 1425 &rarr; <strong>1442<\/strong><br \/>(+17 for winning)
|raw|peere's rating: 1366 &rarr; <strong>1349<\/strong><br \/>(-17 for losing)
|c|âTopLobster|gg
|leave|peere
|player|p2