|join|peere
|join|Malekith
|player|p1|peere|97
|player|p2|Malekith|151
|gametype|singles
|gen|6
|tier|OU
|clearpoke
|poke|p1|Latios, M
|poke|p1|Landorus-Therian, M
|poke|p1|Thundurus, M
|poke|p1|Clefable, M
|poke|p1|Charizard, F
|poke|p1|Azumarill, M
|poke|p2|Gardevoir, F
|poke|p2|Tyranitar, F
|poke|p2|Keldeo
|poke|p2|Excadrill, F
|poke|p2|Zapdos
|poke|p2|Celebi
|rule|Swagger Clause: Swagger is banned
|rule|Baton Pass Clause: Limit one PokÃ©mon knowing Baton Pass
|rule|Sleep Clause Mod: Limit one foe put to sleep
|rule|Species Clause: Limit one of each PokÃ©mon
|rule|OHKO Clause: OHKO moves are banned
|rule|Moody Clause: Moody is banned
|rule|Evasion Moves Clause: Evasion moves are banned
|rule|Endless Battle Clause: Forcing endless battles is banned
|rule|HP Percentage Mod: HP is reported as percentages
|teampreview
|chat|Malekith|gl
|chat|peere|gl
|
|start
|switch|p1a: Azumarill|Azumarill, M|402\/402
|switch|p2a: Gardevoir|Gardevoir, F|277\/277
|turn|1
|
|detailschange|p2a: Gardevoir|Gardevoir-Mega, F
|message|Gardevoir has Mega Evolved into Mega Gardevoir!
|move|p2a: Gardevoir|Hyper Voice|p1a: Azumarill
|-damage|p1a: Azumarill|77\/402
|move|p1a: Azumarill|Waterfall|p2a: Gardevoir
|-crit|p2a: Gardevoir
|-damage|p2a: Gardevoir|0 fnt
|faint|p2a: Gardevoir
|
|
|switch|p2a: Celebi|Celebi|401\/401
|turn|2
|join|King Tsunami
|leave|King Tsunami
|
|switch|p1a: Charizard|Charizard, F|297\/297
|move|p2a: Celebi|Giga Drain|p1a: Charizard
|-resisted|p1a: Charizard
|-damage|p1a: Charizard|273\/297
|
|turn|3
|
|move|p1a: Charizard|Will-O-Wisp|p2a: Celebi|[miss]
|-miss|p1a: Charizard|p2a: Celebi
|move|p2a: Celebi|U-turn|p1a: Charizard
|-resisted|p1a: Charizard
|-damage|p1a: Charizard|259\/297
|
|switch|p2a: Keldeo|Keldeo|323\/323
|
|turn|4
|
|switch|p1a: Latios|Latios, M|302\/302
|move|p2a: Keldeo|Hydro Pump|p1a: Latios|[miss]
|-miss|p2a: Keldeo|p1a: Latios
|
|turn|5
|
|switch|p1a: Azumarill|Azumarill, M|77\/402
|switch|p2a: Celebi|Celebi|401\/401
|
|turn|6
|
|switch|p1a: Landorus-Therian|Landorus-Therian, M|363\/363
|-ability|p1a: Landorus-Therian|Intimidate|[of] p2a: Celebi
|-unboost|p2a: Celebi|atk|1
|move|p2a: Celebi|Giga Drain|p1a: Landorus-Therian
|-damage|p1a: Landorus-Therian|288\/363
|
|turn|7
|join|los durros
|join|Rozykli
|
|move|p2a: Celebi|U-turn|p1a: Landorus-Therian
|-resisted|p1a: Landorus-Therian
|-damage|p1a: Landorus-Therian|268\/363
|
|switch|p2a: Zapdos|Zapdos|383\/383
|-ability|p2a: Zapdos|Pressure
|move|p1a: Landorus-Therian|U-turn|p2a: Zapdos
|-resisted|p2a: Zapdos
|-damage|p2a: Zapdos|346\/383
|
|switch|p1a: Charizard|Charizard, F|259\/297
|
|-heal|p2a: Zapdos|369\/383|[from] item: Leftovers
|turn|8
|join|skarskarskarner
|leave|los durros
|
|detailschange|p1a: Charizard|Charizard-Mega-Y, F
|message|Charizard has Mega Evolved into Mega Charizard!
|-weather|SunnyDay
|move|p1a: Charizard|Fire Blast|p2a: Zapdos
|-damage|p2a: Zapdos|26\/383
|move|p2a: Zapdos|Volt Switch|p1a: Charizard
|-supereffective|p1a: Charizard
|-damage|p1a: Charizard|77\/297
|
|switch|p2a: Keldeo|Keldeo|323\/323
|
|-weather|SunnyDay|[upkeep]
|turn|9
|
|switch|p1a: Thundurus|Thundurus, M|299\/299
|move|p2a: Keldeo|Icy Wind|p1a: Thundurus
|-crit|p1a: Thundurus
|-supereffective|p1a: Thundurus
|-damage|p1a: Thundurus|0 fnt
|faint|p1a: Thundurus
|
|-weather|SunnyDay|[upkeep]
|
|switch|p1a: Azumarill|Azumarill, M|77\/402
|turn|10
|join|Geotal45
|leave|Geotal45
|
|switch|p2a: Celebi|Celebi|401\/401
|move|p1a: Azumarill|Superpower|p2a: Celebi
|-resisted|p2a: Celebi
|-damage|p2a: Celebi|338\/401
|-unboost|p1a: Azumarill|atk|1
|-unboost|p1a: Azumarill|def|1
|
|-weather|SunnyDay|[upkeep]
|-heal|p2a: Celebi|363\/401|[from] item: Leftovers
|turn|11
|
|switch|p1a: Clefable|Clefable, M|394\/394
|move|p2a: Celebi|U-turn|p1a: Clefable
|-resisted|p1a: Clefable
|-damage|p1a: Clefable|373\/394
|
|switch|p2a: Excadrill|Excadrill, F|362\/362
|
|-weather|SunnyDay|[upkeep]
|-heal|p1a: Clefable|394\/394|[from] item: Leftovers
|turn|12
|
|switch|p1a: Landorus-Therian|Landorus-Therian, M|268\/363
|-ability|p1a: Landorus-Therian|Intimidate|[of] p2a: Excadrill
|-unboost|p2a: Excadrill|atk|1
|move|p2a: Excadrill|Iron Head|p1a: Landorus-Therian
|-crit|p1a: Landorus-Therian
|-damage|p1a: Landorus-Therian|0 fnt
|-damage|p2a: Excadrill|326\/362|[from] item: Life Orb
|faint|p1a: Landorus-Therian
|
|-weather|none
|join|Afro Smash
|leave|Rozykli
|
|switch|p1a: Charizard|Charizard-Mega-Y, F|77\/297
|-weather|SunnyDay
|turn|13
|
|switch|p2a: Tyranitar|Tyranitar, F|401\/401
|-weather|Sandstorm
|move|p1a: Charizard|Will-O-Wisp|p2a: Tyranitar
|-status|p2a: Tyranitar|brn
|
|-weather|Sandstorm|[upkeep]
|-damage|p1a: Charizard|59\/297|[from] sandstorm
|-damage|p2a: Tyranitar|351\/401 brn|[from] brn
|turn|14
|
|switch|p1a: Clefable|Clefable, M|394\/394
|switch|p2a: Zapdos|Zapdos|26\/383
|-ability|p2a: Zapdos|Pressure
|
|-weather|Sandstorm|[upkeep]
|-damage|p2a: Zapdos|3\/383|[from] sandstorm
|-damage|p1a: Clefable|370\/394|[from] sandstorm
|-heal|p2a: Zapdos|26\/383|[from] item: Leftovers
|-heal|p1a: Clefable|394\/394|[from] item: Leftovers
|turn|15
|join|King Tsunami
|
|switch|p1a: Charizard|Charizard-Mega-Y, F|59\/297
|-weather|SunnyDay
|move|p2a: Zapdos|Roost|p2a: Zapdos
|-heal|p2a: Zapdos|218\/383
|
|-weather|SunnyDay|[upkeep]
|-heal|p2a: Zapdos|241\/383|[from] item: Leftovers
|turn|16
|leave|King Tsunami
|
|switch|p2a: Tyranitar|Tyranitar, F|351\/401 brn
|-weather|Sandstorm
|move|p1a: Charizard|Roost|p1a: Charizard
|-heal|p1a: Charizard|208\/297
|
|-weather|Sandstorm|[upkeep]
|-damage|p1a: Charizard|190\/297|[from] sandstorm
|-damage|p2a: Tyranitar|301\/401 brn|[from] brn
|turn|17
|
|switch|p1a: Clefable|Clefable, M|394\/394
|switch|p2a: Zapdos|Zapdos|241\/383
|-ability|p2a: Zapdos|Pressure
|
|-weather|Sandstorm|[upkeep]
|-damage|p2a: Zapdos|218\/383|[from] sandstorm
|-damage|p1a: Clefable|370\/394|[from] sandstorm
|-heal|p2a: Zapdos|241\/383|[from] item: Leftovers
|-heal|p1a: Clefable|394\/394|[from] item: Leftovers
|turn|18
|
|move|p2a: Zapdos|Volt Switch|p1a: Clefable
|-damage|p1a: Clefable|276\/394
|
|switch|p2a: Excadrill|Excadrill, F|326\/362
|move|p1a: Clefable|Wish|p1a: Clefable
|
|-weather|Sandstorm|[upkeep]
|-damage|p1a: Clefable|252\/394|[from] sandstorm
|-heal|p1a: Clefable|276\/394|[from] item: Leftovers
|turn|19
|
|switch|p1a: Latios|Latios, M|302\/302
|move|p2a: Excadrill|Substitute|p2a: Excadrill
|-start|p2a: Excadrill|Substitute
|-damage|p2a: Excadrill|236\/362
|
|-weather|Sandstorm|[upkeep]
|-damage|p1a: Latios|284\/302|[from] sandstorm
|-heal|p1a: Latios|302\/302|[from] move: Wish|[wisher] Clefable
|turn|20
|
|move|p2a: Excadrill|Iron Head|p1a: Latios
|-damage|p1a: Latios|52\/302
|-damage|p2a: Excadrill|200\/362|[from] item: Life Orb
|cant|p1a: Latios|flinch
|
|-weather|Sandstorm|[upkeep]
|-damage|p1a: Latios|34\/302|[from] sandstorm
|turn|21
|join|Zamrock
|
|switch|p1a: Clefable|Clefable, M|276\/394
|move|p2a: Excadrill|Rock Slide|p1a: Clefable
|-damage|p1a: Clefable|176\/394
|-damage|p2a: Excadrill|164\/362|[from] item: Life Orb
|
|-weather|Sandstorm|[upkeep]
|-damage|p1a: Clefable|152\/394|[from] sandstorm
|-heal|p1a: Clefable|176\/394|[from] item: Leftovers
|turn|22
|
|switch|p1a: Charizard|Charizard-Mega-Y, F|190\/297
|-weather|SunnyDay
|move|p2a: Excadrill|Iron Head|p1a: Charizard
|-resisted|p1a: Charizard
|-damage|p1a: Charizard|70\/297
|-damage|p2a: Excadrill|128\/362|[from] item: Life Orb
|
|-weather|SunnyDay|[upkeep]
|turn|23
|
|move|p1a: Charizard|Solar Beam|p2a: Excadrill|[still]
|-prepare|p1a: Charizard|Solar Beam|p2a: Excadrill
|-anim|p1a: Charizard|Solar Beam|p2a: Excadrill
|-end|p2a: Excadrill|Substitute
|move|p2a: Excadrill|Rock Slide|p1a: Charizard
|-supereffective|p1a: Charizard
|-damage|p1a: Charizard|0 fnt
|-damage|p2a: Excadrill|92\/362|[from] item: Life Orb
|faint|p1a: Charizard
|
|-weather|SunnyDay|[upkeep]
|
|switch|p1a: Latios|Latios, M|34\/302
|turn|24
|leave|Zamrock
|
|switch|p2a: Tyranitar|Tyranitar, F|301\/401 brn
|-weather|Sandstorm
|move|p1a: Latios|Draco Meteor|p2a: Tyranitar
|-damage|p2a: Tyranitar|184\/401 brn
|-unboost|p1a: Latios|spa|2
|
|-weather|Sandstorm|[upkeep]
|-damage|p1a: Latios|16\/302|[from] sandstorm
|-damage|p2a: Tyranitar|134\/401 brn|[from] brn
|turn|25
|
|move|p1a: Latios|Draco Meteor|p2a: Tyranitar
|-damage|p2a: Tyranitar|77\/401 brn
|-unboost|p1a: Latios|spa|2
|move|p2a: Tyranitar|Stealth Rock|p1a: Latios
|-sidestart|p1: peere|move: Stealth Rock
|
|-weather|Sandstorm|[upkeep]
|-damage|p1a: Latios|0 fnt|[from] sandstorm
|-damage|p2a: Tyranitar|27\/401 brn|[from] brn
|faint|p1a: Latios
|
|switch|p1a: Azumarill|Azumarill, M|77\/402
|-damage|p1a: Azumarill|27\/402|[from] Stealth Rock
|turn|26
|
|switch|p2a: Celebi|Celebi|363\/401
|move|p1a: Azumarill|Play Rough|p2a: Celebi
|-damage|p2a: Celebi|206\/401
|
|-weather|Sandstorm|[upkeep]
|-damage|p2a: Celebi|181\/401|[from] sandstorm
|-damage|p1a: Azumarill|2\/402|[from] sandstorm
|-heal|p2a: Celebi|206\/401|[from] item: Leftovers
|turn|27
|
|move|p1a: Azumarill|Aqua Jet|p2a: Celebi
|-resisted|p2a: Celebi
|-damage|p2a: Celebi|176\/401
|move|p2a: Celebi|U-turn|p1a: Azumarill
|-resisted|p1a: Azumarill
|-damage|p1a: Azumarill|0 fnt
|faint|p1a: Azumarill
|
|switch|p2a: Excadrill|Excadrill, F|92\/362
|
|-weather|Sandstorm|[upkeep]
|
|switch|p1a: Clefable|Clefable, M|176\/394
|-damage|p1a: Clefable|127\/394|[from] Stealth Rock
|turn|28
|
|move|p2a: Excadrill|Iron Head|p1a: Clefable
|-supereffective|p1a: Clefable
|-damage|p1a: Clefable|0 fnt
|-damage|p2a: Excadrill|56\/362|[from] item: Life Orb
|faint|p1a: Clefable
|
|win|Malekith
|chat|peere|gg
|chat|Malekith|gg
|leave|Malekith
|player|p2
|leave|skarskarskarner
|leave|peere
|player|p1