|inactive|Battle timer is ON: inactive players will automatically lose when time's up.
|join|peere
|join|blarajan
|player|p1|peere|97
|player|p2|blarajan|#blarajan
|gametype|singles
|gen|6
|tier|OU
|clearpoke
|poke|p1|Heatran, M
|poke|p1|Chansey, F
|poke|p1|Azumarill, F
|poke|p1|Garchomp, F
|poke|p1|Cofagrigus, F
|poke|p1|Latios, M
|poke|p2|Terrakion
|poke|p2|Diggersby, M
|poke|p2|Thundurus, M
|poke|p2|Azumarill, M
|poke|p2|Excadrill, M
|poke|p2|Charizard, M
|rule|Sleep Clause Mod: Limit one foe put to sleep
|rule|Species Clause: Limit one of each Pokemon
|rule|OHKO Clause: OHKO moves are banned
|rule|Moody Clause: Moody is banned
|rule|Evasion Moves Clause: Evasion moves are banned
|rule|Endless Battle Clause: Forcing endless battles is banned.
|rule|HP Percentage Mod: HP is reported as percentages
|teampreview
|chat|blarajan|gl
|chat|peere|gl
|join|fattyyy
|join|Molk's dad
|
|start
|switch|p1a: Latios|Latios, M|302\/302
|switch|p2a: Azumarill|Azumarill, M|393\/393
|turn|1
|
|switch|p1a: Cofagrigus|Cofagrigus, F|320\/320
|move|p2a: Azumarill|Knock Off|p1a: Cofagrigus
|-supereffective|p1a: Cofagrigus
|-damage|p1a: Cofagrigus|80\/320
|-ability|p2a: Azumarill|Mummy|[from] Mummy
|-enditem|p1a: Cofagrigus|Chesto Berry|[from] move: Knock Off|[of] p2a: Azumarill
|
|turn|2
|leave|Molk's dad
|
|switch|p2a: Thundurus|Thundurus, M|299\/299
|switch|p1a: Garchomp|Garchomp, F|404\/404
|
|turn|3
|join|Pocket
|
|switch|p1a: Chansey|Chansey, F|701\/701
|move|p2a: Thundurus|Hidden Power|p1a: Chansey
|-damage|p1a: Chansey|658\/701
|
|turn|4
|
|switch|p2a: Azumarill|Azumarill, M|393\/393
|move|p1a: Chansey|Wish|p1a: Chansey
|
|turn|5
|
|switch|p1a: Azumarill|Azumarill, F|402\/402
|move|p2a: Azumarill|Waterfall|p1a: Azumarill
|-resisted|p1a: Azumarill
|-damage|p1a: Azumarill|252\/402
|
|-heal|p1a: Azumarill|402\/402|[from] move: Wish|[wisher] Chansey
|turn|6
|
|move|p2a: Azumarill|Waterfall|p1a: Azumarill
|-resisted|p1a: Azumarill
|-damage|p1a: Azumarill|250\/402
|move|p1a: Azumarill|Play Rough|p2a: Azumarill
|-damage|p2a: Azumarill|39\/393
|-unboost|p2a: Azumarill|atk|1
|
|turn|7
|
|switch|p2a: Charizard|Charizard, M|359\/359
|move|p1a: Azumarill|Play Rough|p2a: Charizard
|-resisted|p2a: Charizard
|-damage|p2a: Charizard|181\/359
|-unboost|p2a: Charizard|atk|1
|
|turn|8
|
|switch|p1a: Chansey|Chansey, F|658\/701
|-formechange|p2a: Charizard|Charizard-Mega-X
|message|Charizard has Mega Evolved into Mega Charizard!
|move|p2a: Charizard|Flare Blitz|p1a: Chansey
|-damage|p1a: Chansey|373\/701
|-damage|p2a: Charizard|87\/359|[from] recoil|[of] p1a: Chansey
|-status|p1a: Chansey|brn
|
|-damage|p1a: Chansey|286\/701 brn|[from] brn
|turn|9
|
|move|p2a: Charizard|Flare Blitz|p1a: Chansey
|-damage|p1a: Chansey|22\/701 brn
|-damage|p2a: Charizard|0 fnt|[from] recoil|[of] p1a: Chansey
|faint|p2a: Charizard
|move|p1a: Chansey|Soft-Boiled|p1a: Chansey
|-heal|p1a: Chansey|373\/701 brn
|
|-damage|p1a: Chansey|286\/701 brn|[from] brn
|
|switch|p2a: Terrakion|Terrakion|324\/324
|turn|10
|
|switch|p1a: Cofagrigus|Cofagrigus, F|80\/320
|move|p2a: Terrakion|Stealth Rock|p1a: Cofagrigus
|-sidestart|p1: peere|move: Stealth Rock
|
|turn|11
|
|move|p2a: Terrakion|Stone Edge|p1a: Cofagrigus
|-damage|p1a: Cofagrigus|0 fnt
|faint|p1a: Cofagrigus
|
|
|switch|p1a: Latios|Latios, M|302\/302
|-damage|p1a: Latios|265\/302|[from] Stealth Rock
|turn|12
|join|SoulWind
|leave|SoulWind
|
|move|p1a: Latios|Surf|p2a: Terrakion
|-supereffective|p2a: Terrakion
|-enditem|p2a: Terrakion|Focus Sash
|-damage|p2a: Terrakion|1\/324
|move|p2a: Terrakion|Stone Edge|p1a: Latios
|-damage|p1a: Latios|52\/302
|
|turn|13
|
|move|p1a: Latios|Surf|p2a: Terrakion
|-supereffective|p2a: Terrakion
|-damage|p2a: Terrakion|0 fnt
|faint|p2a: Terrakion
|
|
|switch|p2a: Azumarill|Azumarill, M|39\/393
|turn|14
|
|move|p2a: Azumarill|Aqua Jet|p1a: Latios
|-resisted|p1a: Latios
|-damage|p1a: Latios|0 fnt
|faint|p1a: Latios
|
|
|switch|p1a: Chansey|Chansey, F|286\/701
|-damage|p1a: Chansey|199\/701|[from] Stealth Rock
|turn|15
|
|move|p2a: Azumarill|Aqua Jet|p1a: Chansey
|-damage|p1a: Chansey|18\/701
|move|p1a: Chansey|Soft-Boiled|p1a: Chansey
|-heal|p1a: Chansey|369\/701
|
|turn|16
|
|switch|p2a: Diggersby|Diggersby, M|312\/312
|move|p1a: Chansey|Wish|p1a: Chansey
|
|turn|17
|join|Ciele
|
|switch|p1a: Azumarill|Azumarill, F|250\/402
|-damage|p1a: Azumarill|200\/402|[from] Stealth Rock
|move|p2a: Diggersby|Frustration|p1a: Azumarill
|-damage|p1a: Azumarill|0 fnt
|-damage|p2a: Diggersby|281\/312|[from] item: Life Orb
|faint|p1a: Azumarill
|
|
|switch|p1a: Garchomp|Garchomp, F|404\/404
|-damage|p1a: Garchomp|379\/404|[from] Stealth Rock
|turn|18
|
|switch|p2a: Azumarill|Azumarill, M|39\/393
|-formechange|p1a: Garchomp|Garchomp-Mega
|message|Garchomp has Mega Evolved into Mega Garchomp!
|move|p1a: Garchomp|Substitute|p1a: Garchomp
|-start|p1a: Garchomp|Substitute
|-damage|p1a: Garchomp|278\/404
|
|turn|19
|
|move|p2a: Azumarill|Aqua Jet|p1a: Garchomp
|-end|p1a: Garchomp|Substitute
|move|p1a: Garchomp|Earthquake|p2a: Azumarill
|-damage|p2a: Azumarill|0 fnt
|faint|p2a: Azumarill
|
|
|switch|p2a: Thundurus|Thundurus, M|299\/299
|turn|20
|
|switch|p1a: Heatran|Heatran, M|378\/378
|-damage|p1a: Heatran|331\/378|[from] Stealth Rock
|move|p2a: Thundurus|Hidden Power|p1a: Heatran
|-crit|p1a: Heatran
|-resisted|p1a: Heatran
|-damage|p1a: Heatran|306\/378
|
|-heal|p1a: Heatran|329\/378|[from] item: Leftovers
|turn|21
|
|switch|p2a: Diggersby|Diggersby, M|281\/312
|move|p1a: Heatran|Fire Blast|p2a: Diggersby
|-damage|p2a: Diggersby|56\/312
|
|-heal|p1a: Heatran|352\/378|[from] item: Leftovers
|turn|22
|
|switch|p1a: Chansey|Chansey, F|369\/701
|-damage|p1a: Chansey|282\/701|[from] Stealth Rock
|move|p2a: Diggersby|Earthquake|p1a: Chansey
|-damage|p1a: Chansey|0 fnt
|-damage|p2a: Diggersby|25\/312|[from] item: Life Orb
|faint|p1a: Chansey
|
|
|switch|p1a: Garchomp|Garchomp, F|278\/404
|-formechange|p1a: Garchomp|Garchomp-Mega
|-damage|p1a: Garchomp|253\/404|[from] Stealth Rock
|turn|23
|leave|Ciele
|
|move|p2a: Diggersby|Quick Attack|p1a: Garchomp
|-damage|p1a: Garchomp|144\/404
|-damage|p2a: Diggersby|0 fnt|[from] item: Life Orb
|faint|p2a: Diggersby
|move|p1a: Garchomp|Fire Blast|p2: Diggersby|[notarget]
|-notarget
|
|
|switch|p2a: Excadrill|Excadrill, M|362\/362
|-ability|p2a: Excadrill|Mold Breaker
|turn|24
|
|move|p2a: Excadrill|Earthquake|p1a: Garchomp
|-damage|p1a: Garchomp|0 fnt
|faint|p1a: Garchomp
|
|chat|blarajan|gg
|chat|peere|gg
|
|switch|p1a: Heatran|Heatran, M|352\/378
|-damage|p1a: Heatran|305\/378|[from] Stealth Rock
|turn|25
|
|move|p2a: Excadrill|Earthquake|p1a: Heatran
|-supereffective|p1a: Heatran
|-damage|p1a: Heatran|0 fnt
|faint|p1a: Heatran
|
|win|blarajan
|leave|blarajan
|player|p2
|join|atomicllamas
|leave|atomicllamas
|join|Ciele
|leave|Ciele
|leave|Pocket
|join|Pocket
|leave|fattyyy