|join|peere
|join|cleftrann
|player|p1|peere|97
|player|p2|cleftrann|168
|gametype|singles
|gen|6
|tier|OU
|clearpoke
|poke|p1|Sableye, M
|poke|p1|Jirachi
|poke|p1|Latios, M
|poke|p1|Heatran, F
|poke|p1|Landorus-Therian, M
|poke|p1|Rotom-Wash
|poke|p2|Sableye, F
|poke|p2|Talonflame, M
|poke|p2|Landorus-Therian, M
|poke|p2|Ferrothorn, F
|poke|p2|Rotom-Wash
|poke|p2|Latios, M
|rule|Swagger Clause: Swagger is banned
|rule|Baton Pass Clause: Limit one PokÃ©mon knowing Baton Pass
|rule|Sleep Clause Mod: Limit one foe put to sleep
|rule|Species Clause: Limit one of each PokÃ©mon
|rule|OHKO Clause: OHKO moves are banned
|rule|Moody Clause: Moody is banned
|rule|Evasion Moves Clause: Evasion moves are banned
|rule|Endless Battle Clause: Forcing endless battles is banned
|rule|HP Percentage Mod: HP is shown in percentages
|teampreview
|join|metmaver
|join|Finchinator
|
|start
|switch|p1a: Heatran|Heatran, F|386\/386
|switch|p2a: Rotom-Wash|Rotom-Wash|304\/304
|turn|1
|join|Mollete
|
|move|p2a: Rotom-Wash|Hydro Pump|p1a: Heatran|[miss]
|-miss|p2a: Rotom-Wash|p1a: Heatran
|move|p1a: Heatran|Toxic|p2a: Rotom-Wash
|-status|p2a: Rotom-Wash|tox
|
|-damage|p2a: Rotom-Wash|285\/304 tox|[from] psn
|turn|2
|
|move|p2a: Rotom-Wash|Hydro Pump|p1a: Heatran
|-supereffective|p1a: Heatran
|-damage|p1a: Heatran|188\/386
|move|p1a: Heatran|Stealth Rock|p2a: Rotom-Wash
|-sidestart|p2: cleftrann|move: Stealth Rock
|
|-heal|p2a: Rotom-Wash|304\/304 tox|[from] item: Leftovers
|-heal|p1a: Heatran|212\/386|[from] item: Leftovers
|-damage|p2a: Rotom-Wash|266\/304 tox|[from] psn
|turn|3
|
|switch|p2a: Latios|Latios, M|301\/301
|-damage|p2a: Latios|264\/301|[from] Stealth Rock
|move|p1a: Heatran|Protect|p1a: Heatran
|-fail|p1a: Heatran
|
|-heal|p1a: Heatran|236\/386|[from] item: Leftovers
|turn|4
|
|move|p1a: Heatran|Protect|p1a: Heatran
|-singleturn|p1a: Heatran|Protect
|move|p2a: Latios|Defog|p1a: Heatran
|-activate|p1a: Heatran|Protect
|
|-heal|p1a: Heatran|260\/386|[from] item: Leftovers
|turn|5
|c|+metmaver|Is this olt?
|
|switch|p1a: Landorus-Therian|Landorus-Therian, M|327\/327
|-ability|p1a: Landorus-Therian|Intimidate|[of] p2a: Latios
|-unboost|p2a: Latios|atk|1
|move|p2a: Latios|Earthquake|p1a: Landorus-Therian
|-immune|p1a: Landorus-Therian|[msg]
|
|turn|6
|c|âcleftrann|n
|join|bluri
|join|Tom Bus
|
|move|p1a: Landorus-Therian|Knock Off|p2a: Latios
|-supereffective|p2a: Latios
|-damage|p2a: Latios|0 fnt
|-enditem|p2a: Latios|Life Orb|[from] move: Knock Off|[of] p1a: Landorus-Therian
|faint|p2a: Latios
|
|
|switch|p2a: Landorus-Therian|Landorus-Therian, M|382\/382
|-damage|p2a: Landorus-Therian|335\/382|[from] Stealth Rock
|-ability|p2a: Landorus-Therian|Intimidate|[of] p1a: Landorus-Therian
|-unboost|p1a: Landorus-Therian|atk|1
|turn|7
|leave|bluri
|
|move|p1a: Landorus-Therian|Knock Off|p2a: Landorus-Therian
|-crit|p2a: Landorus-Therian
|-damage|p2a: Landorus-Therian|186\/382
|-enditem|p2a: Landorus-Therian|Leftovers|[from] move: Knock Off|[of] p1a: Landorus-Therian
|move|p2a: Landorus-Therian|Stealth Rock|p1a: Landorus-Therian
|-sidestart|p1: peere|move: Stealth Rock
|
|turn|8
|join|alsobeauty
|
|move|p1a: Landorus-Therian|Knock Off|p2a: Landorus-Therian
|-damage|p2a: Landorus-Therian|146\/382
|move|p2a: Landorus-Therian|U-turn|p1a: Landorus-Therian
|-resisted|p1a: Landorus-Therian
|-damage|p1a: Landorus-Therian|284\/327
|
|switch|p2a: Rotom-Wash|Rotom-Wash|266\/304 tox
|-damage|p2a: Rotom-Wash|228\/304 tox|[from] Stealth Rock
|
|-heal|p2a: Rotom-Wash|247\/304 tox|[from] item: Leftovers
|-damage|p2a: Rotom-Wash|228\/304 tox|[from] psn
|turn|9
|
|switch|p1a: Latios|Latios, M|302\/302
|-damage|p1a: Latios|265\/302|[from] Stealth Rock
|move|p2a: Rotom-Wash|Will-O-Wisp|p1a: Latios
|-status|p1a: Latios|brn
|
|-heal|p2a: Rotom-Wash|247\/304 tox|[from] item: Leftovers
|-damage|p1a: Latios|228\/302 brn|[from] brn
|-damage|p2a: Rotom-Wash|209\/304 tox|[from] psn
|turn|10
|
|switch|p2a: Ferrothorn|Ferrothorn, F|351\/351
|-damage|p2a: Ferrothorn|330\/351|[from] Stealth Rock
|move|p1a: Latios|Draco Meteor|p2a: Ferrothorn
|-resisted|p2a: Ferrothorn
|-damage|p2a: Ferrothorn|213\/351
|-unboost|p1a: Latios|spa|2
|-damage|p1a: Latios|198\/302 brn|[from] item: Life Orb
|
|-damage|p1a: Latios|161\/302 brn|[from] brn
|turn|11
|c|+metmaver|val tour then
|
|switch|p1a: Heatran|Heatran, F|260\/386
|-damage|p1a: Heatran|212\/386|[from] Stealth Rock
|move|p2a: Ferrothorn|Leech Seed|p1a: Heatran
|-start|p1a: Heatran|move: Leech Seed
|
|-heal|p1a: Heatran|236\/386|[from] item: Leftovers
|-damage|p1a: Heatran|188\/386|[from] Leech Seed|[of] p2a: Ferrothorn
|-heal|p2a: Ferrothorn|261\/351|[silent]
|turn|12
|
|switch|p1a: Sableye|Sableye, M|304\/304
|-damage|p1a: Sableye|266\/304|[from] Stealth Rock
|move|p2a: Ferrothorn|Protect|p2a: Ferrothorn
|-fail|p2a: Ferrothorn
|
|turn|13
|
|switch|p2a: Rotom-Wash|Rotom-Wash|209\/304 tox
|-damage|p2a: Rotom-Wash|171\/304 tox|[from] Stealth Rock
|detailschange|p1a: Sableye|Sableye-Mega, M
|message|Sableye has Mega Evolved into Mega Sableye!
|move|p1a: Sableye|Will-O-Wisp|p2a: Rotom-Wash
|-fail|p2a: Rotom-Wash
|
|-heal|p2a: Rotom-Wash|190\/304 tox|[from] item: Leftovers
|-damage|p2a: Rotom-Wash|171\/304 tox|[from] psn
|turn|14
|
|move|p2a: Rotom-Wash|Pain Split|p1a: Sableye
|-sethp|p1a: Sableye|218\/304|p2a: Rotom-Wash|218\/304 tox|[from] move: Pain Split
|move|p1a: Sableye|Recover|p1a: Sableye
|-heal|p1a: Sableye|304\/304
|
|-heal|p2a: Rotom-Wash|237\/304 tox|[from] item: Leftovers
|-damage|p2a: Rotom-Wash|199\/304 tox|[from] psn
|turn|15
|
|move|p2a: Rotom-Wash|Volt Switch|p1a: Sableye
|-damage|p1a: Sableye|232\/304
|
|switch|p2a: Talonflame|Talonflame, M|360\/360
|-damage|p2a: Talonflame|180\/360|[from] Stealth Rock
|move|p1a: Sableye|Calm Mind|p1a: Sableye
|-boost|p1a: Sableye|spa|1
|-boost|p1a: Sableye|spd|1
|
|-heal|p2a: Talonflame|202\/360|[from] item: Leftovers
|turn|16
|
|move|p2a: Talonflame|Roost|p2a: Talonflame
|-heal|p2a: Talonflame|360\/360
|move|p1a: Sableye|Recover|p1a: Sableye
|-heal|p1a: Sableye|304\/304
|
|turn|17
|
|move|p2a: Talonflame|Bulk Up|p2a: Talonflame
|-boost|p2a: Talonflame|atk|1
|-boost|p2a: Talonflame|def|1
|move|p1a: Sableye|Calm Mind|p1a: Sableye
|-boost|p1a: Sableye|spa|1
|-boost|p1a: Sableye|spd|1
|
|turn|18
|
|move|p2a: Talonflame|Bulk Up|p2a: Talonflame
|-boost|p2a: Talonflame|atk|1
|-boost|p2a: Talonflame|def|1
|move|p1a: Sableye|Shadow Ball|p2a: Talonflame
|-damage|p2a: Talonflame|210\/360
|
|-heal|p2a: Talonflame|232\/360|[from] item: Leftovers
|turn|19
|join|bluri
|
|move|p2a: Talonflame|Roost|p2a: Talonflame
|-heal|p2a: Talonflame|360\/360
|move|p1a: Sableye|Shadow Ball|p2a: Talonflame
|-damage|p2a: Talonflame|209\/360
|
|-heal|p2a: Talonflame|231\/360|[from] item: Leftovers
|turn|20
|
|move|p2a: Talonflame|Brave Bird|p1a: Sableye
|-damage|p1a: Sableye|162\/304
|-damage|p2a: Talonflame|184\/360|[from] recoil|[of] p1a: Sableye
|move|p1a: Sableye|Shadow Ball|p2a: Talonflame
|-damage|p2a: Talonflame|25\/360
|
|-heal|p2a: Talonflame|47\/360|[from] item: Leftovers
|turn|21
|join|the pdc show
|
|move|p2a: Talonflame|Roost|p2a: Talonflame
|-heal|p2a: Talonflame|227\/360
|move|p1a: Sableye|Recover|p1a: Sableye
|-heal|p1a: Sableye|304\/304
|
|-heal|p2a: Talonflame|249\/360|[from] item: Leftovers
|turn|22
|
|move|p2a: Talonflame|Brave Bird|p1a: Sableye
|-damage|p1a: Sableye|159\/304
|-damage|p2a: Talonflame|201\/360|[from] recoil|[of] p1a: Sableye
|move|p1a: Sableye|Shadow Ball|p2a: Talonflame
|-damage|p2a: Talonflame|54\/360
|
|-heal|p2a: Talonflame|76\/360|[from] item: Leftovers
|turn|23
|c|+the pdc show|damn my nigga tele gonna lose to cm sableye again? good lord
|
|move|p2a: Talonflame|Roost|p2a: Talonflame
|-heal|p2a: Talonflame|256\/360
|move|p1a: Sableye|Recover|p1a: Sableye
|-heal|p1a: Sableye|304\/304
|
|-heal|p2a: Talonflame|278\/360|[from] item: Leftovers
|turn|24
|
|move|p2a: Talonflame|Brave Bird|p1a: Sableye
|-damage|p1a: Sableye|150\/304
|-damage|p2a: Talonflame|227\/360|[from] recoil|[of] p1a: Sableye
|move|p1a: Sableye|Shadow Ball|p2a: Talonflame
|-damage|p2a: Talonflame|76\/360
|
|-heal|p2a: Talonflame|98\/360|[from] item: Leftovers
|turn|25
|
|move|p2a: Talonflame|Roost|p2a: Talonflame
|-heal|p2a: Talonflame|278\/360
|move|p1a: Sableye|Recover|p1a: Sableye
|-heal|p1a: Sableye|302\/304
|
|-heal|p2a: Talonflame|300\/360|[from] item: Leftovers
|turn|26
|
|move|p2a: Talonflame|Brave Bird|p1a: Sableye
|-damage|p1a: Sableye|164\/304
|-damage|p2a: Talonflame|254\/360|[from] recoil|[of] p1a: Sableye
|move|p1a: Sableye|Shadow Ball|p2a: Talonflame
|-crit|p2a: Talonflame
|-damage|p2a: Talonflame|28\/360
|-unboost|p2a: Talonflame|spd|1
|
|-heal|p2a: Talonflame|50\/360|[from] item: Leftovers
|turn|27
|
|move|p2a: Talonflame|Brave Bird|p1a: Sableye
|-damage|p1a: Sableye|17\/304
|-damage|p2a: Talonflame|1\/360|[from] recoil|[of] p1a: Sableye
|move|p1a: Sableye|Recover|p1a: Sableye
|-heal|p1a: Sableye|169\/304
|
|-heal|p2a: Talonflame|23\/360|[from] item: Leftovers
|turn|28
|c|+Finchinator|hnnng
|
|move|p2a: Talonflame|Brave Bird|p1a: Sableye
|-damage|p1a: Sableye|30\/304
|-damage|p2a: Talonflame|0 fnt|[from] recoil|[of] p1a: Sableye
|faint|p2a: Talonflame
|move|p1a: Sableye|Recover|p1a: Sableye
|-heal|p1a: Sableye|182\/304
|
|
|switch|p2a: Sableye|Sableye, F|304\/304
|-damage|p2a: Sableye|266\/304|[from] Stealth Rock
|turn|29
|c|+the pdc show|-
|
|move|p2a: Sableye|Calm Mind|p2a: Sableye
|-boost|p2a: Sableye|spa|1
|-boost|p2a: Sableye|spd|1
|move|p1a: Sableye|Shadow Ball|p2a: Sableye
|-damage|p2a: Sableye|113\/304
|
|turn|30
|
|detailschange|p2a: Sableye|Sableye-Mega, F
|message|Sableye has Mega Evolved into Mega Sableye!
|move|p2a: Sableye|Recover|p2a: Sableye
|-heal|p2a: Sableye|265\/304
|move|p1a: Sableye|Shadow Ball|p2a: Sableye
|-damage|p2a: Sableye|160\/304
|
|turn|31
|
|move|p2a: Sableye|Calm Mind|p2a: Sableye
|-boost|p2a: Sableye|spa|1
|-boost|p2a: Sableye|spd|1
|move|p1a: Sableye|Shadow Ball|p2a: Sableye
|-crit|p2a: Sableye
|-damage|p2a: Sableye|0 fnt
|faint|p2a: Sableye
|
|leave|cleftrann
|player|p2
|c|+the pdc show|good lord
|player|p2|the pdc show|96
|c|+Finchinator|bop
|c|âthe pdc show|tele running the nice
|c|âthe pdc show|shed shell,,,
|-message|the pdc show forfeited.
|
|win|peere
|leave|Finchinator
|leave|the pdc show
|player|p2
|join|the pdc show
|leave|Tom Bus
|leave|the pdc show
|leave|metmaver
|leave|Mollete
|leave|alsobeauty
|join|Kushalos
|leave|Kushalos
|join|Ranger mike
|leave|Ranger mike
|leave|bluri
|join|tele
|leave|tele
|join|tele
|leave|tele