|inactive|Battle timer is ON: inactive players will automatically lose when time's up.
|join|peere
|join|Sweep
|player|p1|peere|97
|player|p2|Sweep|213
|gametype|singles
|gen|6
|tier|OU
|clearpoke
|poke|p1|Bisharp, M
|poke|p1|Landorus, M
|poke|p1|Heracross, F
|poke|p1|Victini
|poke|p1|Rotom-Wash
|poke|p1|Latias, F
|poke|p2|Omastar, F
|poke|p2|Kingdra, M
|poke|p2|Politoed, M
|poke|p2|Heracross, F
|poke|p2|Deoxys-Defense
|poke|p2|Klefki, F
|rule|Sleep Clause Mod: Limit one foe put to sleep
|rule|Species Clause: Limit one of each Pokemon
|rule|OHKO Clause: OHKO moves are banned
|rule|Moody Clause: Moody is banned
|rule|Evasion Moves Clause: Evasion moves are banned
|rule|Endless Battle Clause: Forcing endless battles is banned.
|rule|HP Percentage Mod: HP is reported as percentages
|teampreview
|chat|peere|gl hf
|chat|Sweep|you too
|
|start
|switch|p1a: Heracross|Heracross, F|333\/333
|switch|p2a: Politoed|Politoed, M|371\/371
|-weather|RainDance
|turn|1
|
|switch|p2a: Klefki|Klefki, F|318\/318
|detailschange|p1a: Heracross|Heracross-Mega, F
|message|Heracross has Mega Evolved into Mega Heracross!
|move|p1a: Heracross|Pin Missile|p2a: Klefki|[miss]
|-miss|p1a: Heracross|p2a: Klefki
|
|-weather|RainDance|[upkeep]
|turn|2
|
|move|p2a: Klefki|Spikes|p1a: Heracross
|-sidestart|p1: peere|Spikes
|move|p1a: Heracross|Earthquake|p2a: Klefki
|-supereffective|p2a: Klefki
|-damage|p2a: Klefki|0 fnt
|faint|p2a: Klefki
|
|-weather|RainDance|[upkeep]
|
|switch|p2a: Omastar|Omastar, F|281\/281
|turn|3
|join|Lother V
|join|Red Jaqk
|
|move|p2a: Omastar|Hydro Pump|p1a: Heracross|[miss]
|-miss|p2a: Omastar|p1a: Heracross
|move|p1a: Heracross|Close Combat|p2a: Omastar
|-supereffective|p2a: Omastar
|-damage|p2a: Omastar|0 fnt
|-unboost|p1a: Heracross|def|1
|-unboost|p1a: Heracross|spd|1
|faint|p2a: Omastar
|
|-weather|RainDance|[upkeep]
|leave|Lother V
|chat|peere|oops
|chat|Sweep|that was specs :__:
|
|switch|p2a: Kingdra|Kingdra, M|291\/291
|turn|4
|
|move|p2a: Kingdra|Draco Meteor|p1a: Heracross
|-damage|p1a: Heracross|0 fnt
|-unboost|p2a: Kingdra|spa|2
|faint|p1a: Heracross
|
|-weather|RainDance|[upkeep]
|
|switch|p1a: Latias|Latias, F|303\/303
|turn|5
|
|switch|p2a: Deoxys-Defense|Deoxys-Defense|291\/291
|-ability|p2a: Deoxys-Defense|Pressure
|move|p1a: Latias|Draco Meteor|p2a: Deoxys-Defense
|-damage|p2a: Deoxys-Defense|152\/291
|-unboost|p1a: Latias|spa|2
|
|-weather|RainDance|[upkeep]
|turn|6
|
|switch|p1a: Landorus|Landorus, M|320\/320
|move|p2a: Deoxys-Defense|Stealth Rock|p1a: Landorus
|-sidestart|p1: peere|move: Stealth Rock
|
|-weather|RainDance|[upkeep]
|turn|7
|
|switch|p2a: Kingdra|Kingdra, M|291\/291
|move|p1a: Landorus|Earth Power|p2a: Kingdra
|-damage|p2a: Kingdra|53\/291
|
|-weather|RainDance|[upkeep]
|turn|8
|
|switch|p1a: Rotom-Wash|Rotom-Wash|303\/303
|-damage|p1a: Rotom-Wash|266\/303|[from] Stealth Rock
|move|p2a: Kingdra|Draco Meteor|p1a: Rotom-Wash
|-damage|p1a: Rotom-Wash|0 fnt
|-unboost|p2a: Kingdra|spa|2
|faint|p1a: Rotom-Wash
|
|-weather|none
|
|switch|p1a: Bisharp|Bisharp, M|272\/272
|-damage|p1a: Bisharp|238\/272|[from] Spikes
|-damage|p1a: Bisharp|221\/272|[from] Stealth Rock
|turn|9
|
|switch|p2a: Deoxys-Defense|Deoxys-Defense|152\/291
|-ability|p2a: Deoxys-Defense|Pressure
|switch|p1a: Victini|Victini|342\/342
|-damage|p1a: Victini|257\/342|[from] Stealth Rock
|-damage|p1a: Victini|215\/342|[from] Spikes
|
|turn|10
|join|ManÃ¡ Txhh
|
|switch|p2a: Politoed|Politoed, M|371\/371
|-weather|RainDance
|move|p1a: Victini|V-create|p2a: Politoed
|-resisted|p2a: Politoed
|-damage|p2a: Politoed|315\/371
|-unboost|p1a: Victini|def|1
|-unboost|p1a: Victini|spd|1
|-unboost|p1a: Victini|spe|1
|
|-weather|RainDance|[upkeep]
|turn|11
|
|switch|p2a: Kingdra|Kingdra, M|53\/291
|move|p1a: Victini|V-create|p2a: Kingdra
|-resisted|p2a: Kingdra
|-damage|p2a: Kingdra|19\/291
|-unboost|p1a: Victini|def|1
|-unboost|p1a: Victini|spd|1
|-unboost|p1a: Victini|spe|1
|
|-weather|RainDance|[upkeep]
|turn|12
|
|move|p2a: Kingdra|Dragon Pulse|p1a: Victini
|-damage|p1a: Victini|0 fnt
|faint|p1a: Victini
|
|-weather|RainDance|[upkeep]
|
|switch|p1a: Latias|Latias, F|303\/303
|-damage|p1a: Latias|266\/303|[from] Stealth Rock
|turn|13
|
|move|p2a: Kingdra|Dragon Pulse|p1a: Latias
|-supereffective|p1a: Latias
|-damage|p1a: Latias|0 fnt
|faint|p1a: Latias
|
|-weather|RainDance|[upkeep]
|
|switch|p1a: Bisharp|Bisharp, M|221\/272
|-damage|p1a: Bisharp|187\/272|[from] Spikes
|-damage|p1a: Bisharp|170\/272|[from] Stealth Rock
|turn|14
|
|switch|p2a: Deoxys-Defense|Deoxys-Defense|152\/291
|-ability|p2a: Deoxys-Defense|Pressure
|switch|p1a: Landorus|Landorus, M|320\/320
|-damage|p1a: Landorus|280\/320|[from] Stealth Rock
|
|-weather|RainDance|[upkeep]
|turn|15
|
|move|p1a: Landorus|Earth Power|p2a: Deoxys-Defense
|-crit|p2a: Deoxys-Defense
|-damage|p2a: Deoxys-Defense|0 fnt
|faint|p2a: Deoxys-Defense
|
|-weather|RainDance|[upkeep]
|
|switch|p2a: Kingdra|Kingdra, M|19\/291
|turn|16
|
|move|p2a: Kingdra|Surf|p1a: Landorus
|-supereffective|p1a: Landorus
|-damage|p1a: Landorus|0 fnt
|faint|p1a: Landorus
|
|-weather|RainDance|[upkeep]
|
|switch|p1a: Bisharp|Bisharp, M|170\/272
|-damage|p1a: Bisharp|136\/272|[from] Spikes
|-damage|p1a: Bisharp|119\/272|[from] Stealth Rock
|turn|17
|
|move|p1a: Bisharp|Sucker Punch|p2a: Kingdra
|-damage|p2a: Kingdra|0 fnt
|-damage|p1a: Bisharp|92\/272|[from] item: Life Orb
|faint|p2a: Kingdra
|
|-weather|none
|
|switch|p2a: Heracross|Heracross, F|301\/301
|turn|18
|
|detailschange|p2a: Heracross|Heracross-Mega, F
|message|Heracross has Mega Evolved into Mega Heracross!
|move|p2a: Heracross|Earthquake|p1a: Bisharp
|-supereffective|p1a: Bisharp
|-damage|p1a: Bisharp|0 fnt
|faint|p1a: Bisharp
|
|win|Sweep
|chat|Sweep|gg
|chat|peere|gg