|inactive|Battle timer is ON: inactive players will automatically lose when time's up.
|join|peere
|join|Level 51
|player|p1|peere|97
|player|p2|Level 51|#level51
|gametype|singles
|gen|5
|tier|[Gen 5] UU
|rule|Sleep Clause Mod: Limit one foe put to sleep
|rule|Species Clause: Limit one of each Pokemon
|rule|OHKO Clause: OHKO moves are banned
|rule|Moody Clause: Moody is banned
|rule|Evasion Moves Clause: Evasion moves are banned
|rule|Endless Battle Clause: Forcing endless battles is banned.
|rule|HP Percentage Mod: HP is reported as percentages
|rule|Evasion Abilities Clause: Evasion abilities are banned
|clearpoke
|poke|p1|Mienshao, F
|poke|p1|Shaymin
|poke|p1|Slowking, M
|poke|p1|Gligar, F
|poke|p1|Empoleon, M
|poke|p1|Krookodile, M
|poke|p2|Ludicolo, F
|poke|p2|Kabutops, F
|poke|p2|Kingdra, M
|poke|p2|Empoleon, M
|poke|p2|Azelf
|poke|p2|Tornadus, M
|teampreview
|join|Ditto
|
|start
|switch|p1a: Krookodile|Krookodile, M|332\/332
|switch|p2a: Tornadus|Tornadus, M|300\/300
|turn|1
|
|move|p2a: Tornadus|Rain Dance|p2a: Tornadus
|-weather|RainDance
|move|p1a: Krookodile|Stone Edge|p2a: Tornadus
|-crit|p2a: Tornadus
|-supereffective|p2a: Tornadus
|-damage|p2a: Tornadus|0 fnt
|faint|p2a: Tornadus
|-boost|p1a: Krookodile|atk|1|[from] ability: Moxie
|
|-weather|RainDance|[upkeep]
|
|switch|p2a: Kabutops|Kabutops, F|262\/262
|turn|2
|
|move|p2a: Kabutops|Waterfall|p1a: Krookodile
|-supereffective|p1a: Krookodile
|-damage|p1a: Krookodile|0 fnt
|faint|p1a: Krookodile
|
|-weather|RainDance|[upkeep]
|
|switch|p1a: Shaymin|Shaymin|342\/342
|turn|3
|
|move|p2a: Kabutops|Waterfall|p1a: Shaymin
|-resisted|p1a: Shaymin
|-damage|p1a: Shaymin|175\/342
|move|p1a: Shaymin|Seed Flare|p2a: Kabutops|[miss]
|-miss|p1a: Shaymin|p2a: Kabutops
|
|-weather|RainDance|[upkeep]
|-heal|p1a: Shaymin|196\/342|[from] item: Leftovers
|turn|4
|
|move|p2a: Kabutops|Waterfall|p1a: Shaymin
|-resisted|p1a: Shaymin
|-damage|p1a: Shaymin|34\/342
|move|p1a: Shaymin|Seed Flare|p2a: Kabutops
|-supereffective|p2a: Kabutops
|-damage|p2a: Kabutops|0 fnt
|faint|p2a: Kabutops
|
|-weather|RainDance|[upkeep]
|-heal|p1a: Shaymin|55\/342|[from] item: Leftovers
|
|switch|p2a: Kingdra|Kingdra, M|291\/291
|turn|5
|
|move|p2a: Kingdra|Surf|p1a: Shaymin
|-resisted|p1a: Shaymin
|-damage|p1a: Shaymin|0 fnt
|faint|p1a: Shaymin
|
|-weather|RainDance|[upkeep]
|
|switch|p1a: Empoleon|Empoleon, M|371\/371
|turn|6
|
|move|p2a: Kingdra|Surf|p1a: Empoleon
|-resisted|p1a: Empoleon
|-damage|p1a: Empoleon|224\/371
|move|p1a: Empoleon|Hydro Pump|p2a: Kingdra|[miss]
|-miss|p1a: Empoleon|p2a: Kingdra
|
|-weather|RainDance|[upkeep]
|turn|7
|
|move|p2a: Kingdra|Surf|p1a: Empoleon
|-resisted|p1a: Empoleon
|-damage|p1a: Empoleon|68\/371
|move|p1a: Empoleon|Hydro Pump|p2a: Kingdra|[miss]
|-miss|p1a: Empoleon|p2a: Kingdra
|
|-weather|RainDance|[upkeep]
|turn|8
|
|move|p2a: Kingdra|Surf|p1a: Empoleon
|-resisted|p1a: Empoleon
|-damage|p1a: Empoleon|0 fnt
|faint|p1a: Empoleon
|
|-weather|none
|
|switch|p1a: Slowking|Slowking, M|389\/389
|turn|9
|
|switch|p2a: Empoleon|Empoleon, M|372\/372
|move|p1a: Slowking|Psychic|p2a: Empoleon
|-resisted|p2a: Empoleon
|-damage|p2a: Empoleon|271\/372
|-damage|p1a: Slowking|351\/389|[from] item: Life Orb
|
|turn|10
|join|thunderblunder
|leave|thunderblunder
|
|move|p2a: Empoleon|Swords Dance|p2a: Empoleon
|-boost|p2a: Empoleon|atk|2
|move|p1a: Slowking|Fire Blast|p2a: Empoleon
|-crit|p2a: Empoleon
|-damage|p2a: Empoleon|0 fnt
|-damage|p1a: Slowking|313\/389|[from] item: Life Orb
|faint|p2a: Empoleon
|
|
|switch|p2a: Azelf|Azelf|354\/354
|turn|11
|
|move|p2a: Azelf|Rain Dance|p2a: Azelf
|-weather|RainDance
|move|p1a: Slowking|Trick Room|p1a: Slowking
|-fieldstart|move: Trick Room|[of] p1a: Slowking
|
|-weather|RainDance|[upkeep]
|turn|12
|
|switch|p2a: Ludicolo|Ludicolo, F|302\/302
|move|p1a: Slowking|Surf|p2a: Ludicolo
|-resisted|p2a: Ludicolo
|-damage|p2a: Ludicolo|234\/302
|-damage|p1a: Slowking|275\/389|[from] item: Life Orb
|
|-weather|RainDance|[upkeep]
|turn|13
|
|switch|p1a: Gligar|Gligar, F|334\/334
|move|p2a: Ludicolo|Giga Drain|p1a: Gligar
|-damage|p1a: Gligar|186\/334
|-heal|p2a: Ludicolo|302\/302|[from] drain|[of] p1a: Gligar
|
|-weather|RainDance|[upkeep]
|turn|14
|
|move|p1a: Gligar|U-turn|p2a: Ludicolo
|-supereffective|p2a: Ludicolo
|-damage|p2a: Ludicolo|174\/302
|
|switch|p1a: Slowking|Slowking, M|389\/389
|move|p2a: Ludicolo|Giga Drain|p1a: Slowking
|-supereffective|p1a: Slowking
|-damage|p1a: Slowking|87\/389
|-heal|p2a: Ludicolo|302\/302|[from] drain|[of] p1a: Slowking
|
|-weather|RainDance|[upkeep]
|turn|15
|
|switch|p1a: Gligar|Gligar, F|186\/334
|move|p2a: Ludicolo|Giga Drain|p1a: Gligar
|-damage|p1a: Gligar|24\/334
|
|-weather|RainDance|[upkeep]
|-fieldend|move: Trick Room
|turn|16
|
|move|p2a: Ludicolo|Giga Drain|p1a: Gligar
|-damage|p1a: Gligar|0 fnt
|faint|p1a: Gligar
|
|-weather|RainDance|[upkeep]
|
|switch|p1a: Mienshao|Mienshao, F|272\/272
|turn|17
|
|move|p2a: Ludicolo|Giga Drain|p1a: Mienshao
|-damage|p1a: Mienshao|10\/272
|move|p1a: Mienshao|High Jump Kick|p2a: Ludicolo
|-damage|p2a: Ludicolo|0 fnt
|-damage|p1a: Mienshao|0 fnt|[from] item: Life Orb
|faint|p2a: Ludicolo
|faint|p1a: Mienshao
|
|-weather|RainDance|[upkeep]
|
|switch|p1a: Slowking|Slowking, M|216\/389
|switch|p2a: Azelf|Azelf|354\/354
|turn|18
|
|move|p2a: Azelf|Explosion|p1a: Slowking
|-damage|p1a: Slowking|0 fnt
|faint|p2a: Azelf
|faint|p1a: Slowking
|
|win|Level 51
|leave|Level 51
|player|p2