|join|DumberThanSlowpoke
|join|paddy>all
|player|p1|DumberThanSlowpoke|168
|player|p2|paddy>all|260
|gametype|singles
|gen|6
|tier|ORAS OU
|rated
|rule|Sleep Clause Mod: Limit one foe put to sleep
|rule|Species Clause: Limit one of each PokÃ©mon
|rule|OHKO Clause: OHKO moves are banned
|rule|Moody Clause: Moody is banned
|rule|Evasion Moves Clause: Evasion moves are banned
|rule|Endless Battle Clause: Forcing endless battles is banned
|rule|HP Percentage Mod: HP is shown in percentages
|clearpoke
|poke|p1|Beedrill, M
|poke|p1|Magnezone
|poke|p1|Rotom-Wash
|poke|p1|Weavile, M
|poke|p1|Starmie
|poke|p1|Ferrothorn, M
|poke|p2|Diggersby, F
|poke|p2|Ferrothorn, F
|poke|p2|Slowbro, F
|poke|p2|Talonflame, M
|poke|p2|Weavile, M
|poke|p2|Zapdos
|rule|Swagger Clause: Swagger is banned
|rule|Baton Pass Clause: Limit one PokÃ©mon knowing Baton Pass
|teampreview
|join|Hatchet>Blunder
|
|start
|switch|p1a: Ferrothorn|Ferrothorn, M|352\/352
|switch|p2a: Ferrothorn|Ferrothorn, F|352\/352
|turn|1
|
|switch|p2a: Zapdos|Zapdos|369\/369
|-ability|p2a: Zapdos|Pressure
|move|p1a: Ferrothorn|Stealth Rock|p2a: Zapdos
|-sidestart|p2: paddy>all|move: Stealth Rock
|
|turn|2
|
|switch|p1a: Rotom-Wash|Rotom-Wash|304\/304
|move|p2a: Zapdos|Defog|p1a: Rotom-Wash
|-unboost|p1a: Rotom-Wash|evasion|1
|-sideend|p2: paddy>all|Stealth Rock|[from] move: Defog|[of] p2a: Zapdos
|
|turn|3
|
|move|p2a: Zapdos|Volt Switch|p1a: Rotom-Wash
|-damage|p1a: Rotom-Wash|208\/304
|
|switch|p2a: Slowbro|Slowbro, F|394\/394
|move|p1a: Rotom-Wash|Will-O-Wisp|p2a: Slowbro|[miss]
|-miss|p1a: Rotom-Wash|p2a: Slowbro
|
|-heal|p1a: Rotom-Wash|227\/304|[from] item: Leftovers
|turn|4
|
|move|p1a: Rotom-Wash|Will-O-Wisp|p2a: Slowbro|[miss]
|-miss|p1a: Rotom-Wash|p2a: Slowbro
|move|p2a: Slowbro|Toxic|p1a: Rotom-Wash
|-status|p1a: Rotom-Wash|tox
|
|-heal|p1a: Rotom-Wash|246\/304 tox|[from] item: Leftovers
|-damage|p1a: Rotom-Wash|227\/304 tox|[from] psn
|turn|5
|
|move|p1a: Rotom-Wash|Will-O-Wisp|p2a: Slowbro
|-status|p2a: Slowbro|brn
|move|p2a: Slowbro|Scald|p1a: Rotom-Wash
|-resisted|p1a: Rotom-Wash
|-damage|p1a: Rotom-Wash|182\/304 tox
|
|-heal|p1a: Rotom-Wash|201\/304 tox|[from] item: Leftovers
|-damage|p1a: Rotom-Wash|163\/304 tox|[from] psn
|-damage|p2a: Slowbro|345\/394 brn|[from] brn
|turn|6
|
|switch|p2a: Diggersby|Diggersby, F|311\/311
|move|p1a: Rotom-Wash|Volt Switch|p2a: Diggersby
|-immune|p2a: Diggersby|[msg]
|
|-heal|p1a: Rotom-Wash|182\/304 tox|[from] item: Leftovers
|-damage|p1a: Rotom-Wash|125\/304 tox|[from] psn
|turn|7
|
|move|p2a: Diggersby|Frustration|p1a: Rotom-Wash
|-damage|p1a: Rotom-Wash|0 fnt
|-damage|p2a: Diggersby|280\/311|[from] item: Life Orb
|faint|p1a: Rotom-Wash
|
|
|switch|p1a: Ferrothorn|Ferrothorn, M|352\/352
|turn|8
|
|switch|p2a: Zapdos|Zapdos|369\/369
|-ability|p2a: Zapdos|Pressure
|move|p1a: Ferrothorn|Stealth Rock|p2a: Zapdos
|-sidestart|p2: paddy>all|move: Stealth Rock
|
|turn|9
|
|move|p2a: Zapdos|Heat Wave|p1a: Ferrothorn
|-crit|p1a: Ferrothorn
|-supereffective|p1a: Ferrothorn
|-damage|p1a: Ferrothorn|0 fnt
|faint|p1a: Ferrothorn
|
|
|switch|p1a: Weavile|Weavile, M|281\/281
|-ability|p1a: Weavile|Pressure
|turn|10
|
|switch|p2a: Slowbro|Slowbro, F|394\/394 brn
|-damage|p2a: Slowbro|345\/394 brn|[from] Stealth Rock
|move|p1a: Weavile|Ice Punch|p2a: Slowbro
|-resisted|p2a: Slowbro
|-damage|p2a: Slowbro|290\/394 brn
|-damage|p1a: Weavile|235\/281|[from] item: Rocky Helmet|[of] p2a: Slowbro
|-damage|p1a: Weavile|207\/281|[from] item: Life Orb
|
|-damage|p2a: Slowbro|241\/394 brn|[from] brn
|turn|11
|
|switch|p2a: Ferrothorn|Ferrothorn, F|352\/352
|-damage|p2a: Ferrothorn|330\/352|[from] Stealth Rock
|move|p1a: Weavile|Knock Off|p2a: Ferrothorn
|-damage|p2a: Ferrothorn|161\/352
|-damage|p1a: Weavile|172\/281|[from] ability: Iron Barbs|[of] p2a: Ferrothorn
|-enditem|p2a: Ferrothorn|Leftovers|[from] move: Knock Off|[of] p1a: Weavile
|-damage|p1a: Weavile|144\/281|[from] item: Life Orb
|
|turn|12
|
|switch|p1a: Magnezone|Magnezone|324\/324
|switch|p2a: Slowbro|Slowbro, F|372\/394 brn
|-damage|p2a: Slowbro|323\/394 brn|[from] Stealth Rock
|
|-damage|p2a: Slowbro|274\/394 brn|[from] brn
|turn|13
|
|switch|p2a: Ferrothorn|Ferrothorn, F|161\/352
|-damage|p2a: Ferrothorn|139\/352|[from] Stealth Rock
|move|p1a: Magnezone|Volt Switch|p2a: Ferrothorn
|-resisted|p2a: Ferrothorn
|-damage|p2a: Ferrothorn|75\/352
|
|switch|p1a: Starmie|Starmie|262\/262
|
|turn|14
|
|move|p1a: Starmie|Ice Beam|p2a: Ferrothorn
|-damage|p2a: Ferrothorn|0 fnt
|-damage|p1a: Starmie|236\/262|[from] item: Life Orb
|faint|p2a: Ferrothorn
|
|
|switch|p2a: Weavile|Weavile, M|281\/281
|-damage|p2a: Weavile|211\/281|[from] Stealth Rock
|-ability|p2a: Weavile|Pressure
|turn|15
|
|move|p2a: Weavile|Knock Off|p1a: Starmie
|-supereffective|p1a: Starmie
|-damage|p1a: Starmie|0 fnt
|-enditem|p1a: Starmie|Life Orb|[from] move: Knock Off|[of] p2a: Weavile
|-damage|p2a: Weavile|183\/281|[from] item: Life Orb
|faint|p1a: Starmie
|
|
|switch|p1a: Beedrill|Beedrill, M|271\/271
|turn|16
|
|detailschange|p1a: Beedrill|Beedrill-Mega, M
|message|Beedrill has Mega Evolved into Mega Beedrill!
|move|p1a: Beedrill|Protect|p1a: Beedrill
|-singleturn|p1a: Beedrill|Protect
|move|p2a: Weavile|Swords Dance|p2a: Weavile
|-boost|p2a: Weavile|atk|2
|
|turn|17
|
|move|p2a: Weavile|Ice Shard|p1a: Beedrill
|-damage|p1a: Beedrill|0 fnt
|-damage|p2a: Weavile|155\/281|[from] item: Life Orb
|faint|p1a: Beedrill
|
|-message|DumberThanSlowpoke forfeited.
|
|win|paddy>all
|raw|Ladder updating...
|leave|DumberThanSlowpoke
|player|p1
|raw|DumberThanSlowpoke's rating: 1215 &rarr; <strong>1194<\/strong><br \/>(-21 for losing)
|raw|paddy&gt;all's rating: 1271 &rarr; <strong>1292<\/strong><br \/>(+21 for winning)
|leave|Hatchet>Blunder