|join|asitseems
|join|DumberThanSlowpoke
|player|p1|asitseems|32
|player|p2|DumberThanSlowpoke|168
|gametype|singles
|gen|6
|tier|ORAS OU
|rated
|rule|Sleep Clause Mod: Limit one foe put to sleep
|rule|Species Clause: Limit one of each PokÃ©mon
|rule|OHKO Clause: OHKO moves are banned
|rule|Moody Clause: Moody is banned
|rule|Evasion Moves Clause: Evasion moves are banned
|rule|Endless Battle Clause: Forcing endless battles is banned
|rule|HP Percentage Mod: HP is shown in percentages
|clearpoke
|poke|p1|Slowbro, M
|poke|p1|Ditto
|poke|p1|Magnezone
|poke|p1|Talonflame, F
|poke|p1|Diggersby, F
|poke|p1|Chansey, F
|poke|p2|Lopunny, M
|poke|p2|Ferrothorn, M
|poke|p2|Sylveon, F
|poke|p2|Rotom-Wash
|poke|p2|Landorus, M
|poke|p2|Latios, M
|rule|Swagger Clause: Swagger is banned
|rule|Baton Pass Clause: Limit one PokÃ©mon knowing Baton Pass
|teampreview
|
|start
|switch|p1a: Slowbro|Slowbro, M|394\/394
|switch|p2a: Rotom-Wash|Rotom-Wash|304\/304
|turn|1
|
|switch|p1a: Diggersby|Diggersby, F|311\/311
|move|p2a: Rotom-Wash|Will-O-Wisp|p1a: Diggersby
|-status|p1a: Diggersby|brn
|
|-damage|p1a: Diggersby|273\/311 brn|[from] brn
|turn|2
|
|move|p1a: Diggersby|Swords Dance|p1a: Diggersby
|-boost|p1a: Diggersby|atk|2
|move|p2a: Rotom-Wash|Hydro Pump|p1a: Diggersby
|-supereffective|p1a: Diggersby
|-damage|p1a: Diggersby|0 fnt
|faint|p1a: Diggersby
|
|
|switch|p1a: Chansey|Chansey, F|704\/704
|turn|3
|
|switch|p1a: Slowbro|Slowbro, M|394\/394
|move|p2a: Rotom-Wash|Volt Switch|p1a: Slowbro
|-supereffective|p1a: Slowbro
|-damage|p1a: Slowbro|194\/394
|
|switch|p2a: Landorus|Landorus, M|319\/319
|
|turn|4
|
|switch|p1a: Talonflame|Talonflame, F|297\/297
|move|p2a: Landorus|Knock Off|p1a: Talonflame
|-damage|p1a: Talonflame|193\/297
|-damage|p2a: Landorus|288\/319|[from] item: Life Orb
|
|turn|5
|
|move|p1a: Talonflame|Swords Dance|p1a: Talonflame
|-boost|p1a: Talonflame|atk|2
|move|p2a: Landorus|Psychic|p1a: Talonflame
|-damage|p1a: Talonflame|0 fnt
|faint|p1a: Talonflame
|
|
|switch|p1a: Magnezone|Magnezone|281\/281
|turn|6
|
|move|p1a: Magnezone|Flash Cannon|p2a: Landorus
|-damage|p2a: Landorus|95\/319
|move|p2a: Landorus|Earth Power|p1a: Magnezone
|-supereffective|p1a: Magnezone
|-damage|p1a: Magnezone|0 fnt
|faint|p1a: Magnezone
|
|
|switch|p1a: Ditto|Ditto|299\/299
|-transform|p1a: Ditto|p2a: Landorus
|turn|7
|
|move|p2a: Landorus|Knock Off|p1a: Ditto
|-damage|p1a: Ditto|172\/299
|-enditem|p1a: Ditto|Expert Belt|[from] move: Knock Off|[of] p2a: Landorus
|-damage|p2a: Landorus|64\/319|[from] item: Life Orb
|move|p1a: Ditto|Knock Off|p2a: Landorus
|-damage|p2a: Landorus|0 fnt
|-enditem|p2a: Landorus|Life Orb|[from] move: Knock Off|[of] p1a: Ditto
|faint|p2a: Landorus
|
|
|switch|p2a: Lopunny|Lopunny, M|272\/272
|turn|8
|
|detailschange|p2a: Lopunny|Lopunny-Mega, M
|message|Lopunny has Mega Evolved into Mega Lopunny!
|move|p2a: Lopunny|Fake Out|p1a: Ditto
|-damage|p1a: Ditto|91\/299
|cant|p1a: Ditto|flinch
|
|turn|9
|
|move|p2a: Lopunny|Return|p1a: Ditto
|-damage|p1a: Ditto|0 fnt
|faint|p1a: Ditto
|
|
|switch|p1a: Slowbro|Slowbro, M|325\/394
|turn|10
|
|detailschange|p1a: Slowbro|Slowbro-Mega, M
|message|Slowbro has Mega Evolved into Mega Slowbro!
|move|p2a: Lopunny|Power-Up Punch|p1a: Slowbro
|-resisted|p1a: Slowbro
|-damage|p1a: Slowbro|307\/394
|-boost|p2a: Lopunny|atk|1
|move|p1a: Slowbro|Slack Off|p1a: Slowbro
|-heal|p1a: Slowbro|394\/394
|
|turn|11
|
|move|p2a: Lopunny|Power-Up Punch|p1a: Slowbro
|-resisted|p1a: Slowbro
|-damage|p1a: Slowbro|367\/394
|-boost|p2a: Lopunny|atk|1
|move|p1a: Slowbro|Calm Mind|p1a: Slowbro
|-boost|p1a: Slowbro|spa|1
|-boost|p1a: Slowbro|spd|1
|
|turn|12
|
|move|p2a: Lopunny|Return|p1a: Slowbro
|-damage|p1a: Slowbro|184\/394
|move|p1a: Slowbro|Iron Defense|p1a: Slowbro
|-boost|p1a: Slowbro|def|2
|
|turn|13
|
|move|p2a: Lopunny|Return|p1a: Slowbro
|-damage|p1a: Slowbro|99\/394
|move|p1a: Slowbro|Slack Off|p1a: Slowbro
|-heal|p1a: Slowbro|296\/394
|
|turn|14
|
|move|p2a: Lopunny|Power-Up Punch|p1a: Slowbro
|-resisted|p1a: Slowbro
|-damage|p1a: Slowbro|280\/394
|-boost|p2a: Lopunny|atk|1
|move|p1a: Slowbro|Calm Mind|p1a: Slowbro
|-boost|p1a: Slowbro|spa|1
|-boost|p1a: Slowbro|spd|1
|
|turn|15
|
|move|p2a: Lopunny|Power-Up Punch|p1a: Slowbro
|-resisted|p1a: Slowbro
|-damage|p1a: Slowbro|258\/394
|-boost|p2a: Lopunny|atk|1
|move|p1a: Slowbro|Iron Defense|p1a: Slowbro
|-boost|p1a: Slowbro|def|2
|
|turn|16
|
|move|p2a: Lopunny|Return|p1a: Slowbro
|-damage|p1a: Slowbro|173\/394
|move|p1a: Slowbro|Calm Mind|p1a: Slowbro
|-boost|p1a: Slowbro|spa|1
|-boost|p1a: Slowbro|spd|1
|
|turn|17
|
|move|p2a: Lopunny|Return|p1a: Slowbro
|-damage|p1a: Slowbro|91\/394
|move|p1a: Slowbro|Slack Off|p1a: Slowbro
|-heal|p1a: Slowbro|288\/394
|
|turn|18
|
|move|p2a: Lopunny|Power-Up Punch|p1a: Slowbro
|-resisted|p1a: Slowbro
|-damage|p1a: Slowbro|270\/394
|-boost|p2a: Lopunny|atk|1
|move|p1a: Slowbro|Calm Mind|p1a: Slowbro
|-boost|p1a: Slowbro|spa|1
|-boost|p1a: Slowbro|spd|1
|
|turn|19
|
|move|p2a: Lopunny|Return|p1a: Slowbro
|-damage|p1a: Slowbro|162\/394
|move|p1a: Slowbro|Slack Off|p1a: Slowbro
|-heal|p1a: Slowbro|359\/394
|
|turn|20
|
|move|p2a: Lopunny|Power-Up Punch|p1a: Slowbro
|-resisted|p1a: Slowbro
|-damage|p1a: Slowbro|339\/394
|-boost|p2a: Lopunny|atk|1
|move|p1a: Slowbro|Iron Defense|p1a: Slowbro
|-boost|p1a: Slowbro|def|2
|
|turn|21
|
|move|p2a: Lopunny|Return|p1a: Slowbro
|-damage|p1a: Slowbro|245\/394
|move|p1a: Slowbro|Calm Mind|p1a: Slowbro
|-boost|p1a: Slowbro|spa|1
|-boost|p1a: Slowbro|spd|1
|
|turn|22
|
|move|p2a: Lopunny|Return|p1a: Slowbro
|-damage|p1a: Slowbro|157\/394
|move|p1a: Slowbro|Slack Off|p1a: Slowbro
|-heal|p1a: Slowbro|354\/394
|
|turn|23
|
|move|p2a: Lopunny|Return|p1a: Slowbro
|-damage|p1a: Slowbro|270\/394
|move|p1a: Slowbro|Calm Mind|p1a: Slowbro
|-boost|p1a: Slowbro|spa|1
|-boost|p1a: Slowbro|spd|1
|
|turn|24
|
|move|p2a: Lopunny|Return|p1a: Slowbro
|-damage|p1a: Slowbro|179\/394
|move|p1a: Slowbro|Slack Off|p1a: Slowbro
|-heal|p1a: Slowbro|376\/394
|
|turn|25
|
|move|p2a: Lopunny|Return|p1a: Slowbro
|-damage|p1a: Slowbro|291\/394
|move|p1a: Slowbro|Scald|p2a: Lopunny
|-damage|p2a: Lopunny|0 fnt
|faint|p2a: Lopunny
|
|
|switch|p2a: Rotom-Wash|Rotom-Wash|304\/304
|turn|26
|
|move|p2a: Rotom-Wash|Will-O-Wisp|p1a: Slowbro
|-status|p1a: Slowbro|brn
|move|p1a: Slowbro|Scald|p2a: Rotom-Wash
|-crit|p2a: Rotom-Wash
|-resisted|p2a: Rotom-Wash
|-damage|p2a: Rotom-Wash|0 fnt
|faint|p2a: Rotom-Wash
|
|-damage|p1a: Slowbro|242\/394 brn|[from] brn
|
|switch|p2a: Ferrothorn|Ferrothorn, M|352\/352
|turn|27
|
|move|p1a: Slowbro|Scald|p2a: Ferrothorn
|-resisted|p2a: Ferrothorn
|-damage|p2a: Ferrothorn|174\/352
|move|p2a: Ferrothorn|Leech Seed|p1a: Slowbro
|-start|p1a: Slowbro|move: Leech Seed
|
|-heal|p2a: Ferrothorn|196\/352|[from] item: Leftovers
|-damage|p1a: Slowbro|193\/394 brn|[from] Leech Seed|[of] p2a: Ferrothorn
|-heal|p2a: Ferrothorn|245\/352|[silent]
|-damage|p1a: Slowbro|144\/394 brn|[from] brn
|turn|28
|
|move|p1a: Slowbro|Slack Off|p1a: Slowbro
|-heal|p1a: Slowbro|341\/394 brn
|move|p2a: Ferrothorn|Power Whip|p1a: Slowbro
|-supereffective|p1a: Slowbro
|-damage|p1a: Slowbro|305\/394 brn
|
|-heal|p2a: Ferrothorn|267\/352|[from] item: Leftovers
|-damage|p1a: Slowbro|256\/394 brn|[from] Leech Seed|[of] p2a: Ferrothorn
|-heal|p2a: Ferrothorn|316\/352|[silent]
|-damage|p1a: Slowbro|207\/394 brn|[from] brn
|turn|29
|
|move|p1a: Slowbro|Slack Off|p1a: Slowbro
|-heal|p1a: Slowbro|394\/394 brn
|move|p2a: Ferrothorn|Power Whip|p1a: Slowbro|[miss]
|-miss|p2a: Ferrothorn|p1a: Slowbro
|
|-heal|p2a: Ferrothorn|338\/352|[from] item: Leftovers
|-damage|p1a: Slowbro|345\/394 brn|[from] Leech Seed|[of] p2a: Ferrothorn
|-heal|p2a: Ferrothorn|352\/352|[silent]
|-damage|p1a: Slowbro|296\/394 brn|[from] brn
|turn|30
|
|switch|p2a: Sylveon|Sylveon, F|394\/394
|move|p1a: Slowbro|Scald|p2a: Sylveon
|-damage|p2a: Sylveon|36\/394
|
|-heal|p2a: Sylveon|60\/394|[from] item: Leftovers
|-damage|p1a: Slowbro|247\/394 brn|[from] Leech Seed|[of] p2a: Sylveon
|-heal|p2a: Sylveon|109\/394|[silent]
|-damage|p1a: Slowbro|198\/394 brn|[from] brn
|turn|31
|
|move|p2a: Sylveon|Protect|p2a: Sylveon
|-singleturn|p2a: Sylveon|Protect
|move|p1a: Slowbro|Scald|p2a: Sylveon
|-activate|p2a: Sylveon|Protect
|
|-heal|p2a: Sylveon|133\/394|[from] item: Leftovers
|-damage|p1a: Slowbro|149\/394 brn|[from] Leech Seed|[of] p2a: Sylveon
|-heal|p2a: Sylveon|182\/394|[silent]
|-damage|p1a: Slowbro|100\/394 brn|[from] brn
|turn|32
|
|move|p2a: Sylveon|Wish|p2a: Sylveon
|move|p1a: Slowbro|Slack Off|p1a: Slowbro
|-heal|p1a: Slowbro|297\/394 brn
|
|-heal|p2a: Sylveon|206\/394|[from] item: Leftovers
|-damage|p1a: Slowbro|248\/394 brn|[from] Leech Seed|[of] p2a: Sylveon
|-heal|p2a: Sylveon|255\/394|[silent]
|-damage|p1a: Slowbro|199\/394 brn|[from] brn
|turn|33
|
|move|p2a: Sylveon|Protect|p2a: Sylveon
|-singleturn|p2a: Sylveon|Protect
|move|p1a: Slowbro|Slack Off|p1a: Slowbro
|-heal|p1a: Slowbro|394\/394 brn
|
|-heal|p2a: Sylveon|394\/394|[from] move: Wish|[wisher] Sylveon
|-damage|p1a: Slowbro|345\/394 brn|[from] Leech Seed|[of] p2a: Sylveon
|-damage|p1a: Slowbro|296\/394 brn|[from] brn
|turn|34
|
|move|p2a: Sylveon|Wish|p2a: Sylveon
|move|p1a: Slowbro|Scald|p2a: Sylveon
|-damage|p2a: Sylveon|33\/394
|
|-heal|p2a: Sylveon|57\/394|[from] item: Leftovers
|-damage|p1a: Slowbro|247\/394 brn|[from] Leech Seed|[of] p2a: Sylveon
|-heal|p2a: Sylveon|106\/394|[silent]
|-damage|p1a: Slowbro|198\/394 brn|[from] brn
|turn|35
|
|move|p2a: Sylveon|Protect|p2a: Sylveon
|-singleturn|p2a: Sylveon|Protect
|move|p1a: Slowbro|Slack Off|p1a: Slowbro
|-heal|p1a: Slowbro|394\/394 brn
|
|-heal|p2a: Sylveon|303\/394|[from] move: Wish|[wisher] Sylveon
|-heal|p2a: Sylveon|327\/394|[from] item: Leftovers
|-damage|p1a: Slowbro|345\/394 brn|[from] Leech Seed|[of] p2a: Sylveon
|-heal|p2a: Sylveon|376\/394|[silent]
|-damage|p1a: Slowbro|296\/394 brn|[from] brn
|turn|36
|
|move|p2a: Sylveon|Wish|p2a: Sylveon
|move|p1a: Slowbro|Scald|p2a: Sylveon
|-damage|p2a: Sylveon|30\/394
|
|-heal|p2a: Sylveon|54\/394|[from] item: Leftovers
|-damage|p1a: Slowbro|247\/394 brn|[from] Leech Seed|[of] p2a: Sylveon
|-heal|p2a: Sylveon|103\/394|[silent]
|-damage|p1a: Slowbro|198\/394 brn|[from] brn
|turn|37
|
|move|p2a: Sylveon|Protect|p2a: Sylveon
|-singleturn|p2a: Sylveon|Protect
|move|p1a: Slowbro|Slack Off|p1a: Slowbro
|-heal|p1a: Slowbro|394\/394 brn
|
|-heal|p2a: Sylveon|300\/394|[from] move: Wish|[wisher] Sylveon
|-heal|p2a: Sylveon|324\/394|[from] item: Leftovers
|-damage|p1a: Slowbro|345\/394 brn|[from] Leech Seed|[of] p2a: Sylveon
|-heal|p2a: Sylveon|373\/394|[silent]
|-damage|p1a: Slowbro|296\/394 brn|[from] brn
|turn|38
|
|move|p2a: Sylveon|Wish|p2a: Sylveon
|move|p1a: Slowbro|Scald|p2a: Sylveon
|-damage|p2a: Sylveon|34\/394
|
|-heal|p2a: Sylveon|58\/394|[from] item: Leftovers
|-damage|p1a: Slowbro|247\/394 brn|[from] Leech Seed|[of] p2a: Sylveon
|-heal|p2a: Sylveon|107\/394|[silent]
|-damage|p1a: Slowbro|198\/394 brn|[from] brn
|turn|39
|
|move|p2a: Sylveon|Protect|p2a: Sylveon
|-singleturn|p2a: Sylveon|Protect
|move|p1a: Slowbro|Slack Off|p1a: Slowbro
|-heal|p1a: Slowbro|394\/394 brn
|
|-heal|p2a: Sylveon|304\/394|[from] move: Wish|[wisher] Sylveon
|-heal|p2a: Sylveon|328\/394|[from] item: Leftovers
|-damage|p1a: Slowbro|345\/394 brn|[from] Leech Seed|[of] p2a: Sylveon
|-heal|p2a: Sylveon|377\/394|[silent]
|-damage|p1a: Slowbro|296\/394 brn|[from] brn
|turn|40
|
|move|p2a: Sylveon|Wish|p2a: Sylveon
|move|p1a: Slowbro|Scald|p2a: Sylveon
|-damage|p2a: Sylveon|43\/394
|
|-heal|p2a: Sylveon|67\/394|[from] item: Leftovers
|-damage|p1a: Slowbro|247\/394 brn|[from] Leech Seed|[of] p2a: Sylveon
|-heal|p2a: Sylveon|116\/394|[silent]
|-damage|p1a: Slowbro|198\/394 brn|[from] brn
|turn|41
|
|move|p2a: Sylveon|Protect|p2a: Sylveon
|-singleturn|p2a: Sylveon|Protect
|move|p1a: Slowbro|Scald|p2a: Sylveon
|-activate|p2a: Sylveon|Protect
|
|-heal|p2a: Sylveon|313\/394|[from] move: Wish|[wisher] Sylveon
|-heal|p2a: Sylveon|337\/394|[from] item: Leftovers
|-damage|p1a: Slowbro|149\/394 brn|[from] Leech Seed|[of] p2a: Sylveon
|-heal|p2a: Sylveon|386\/394|[silent]
|-damage|p1a: Slowbro|100\/394 brn|[from] brn
|turn|42
|
|move|p2a: Sylveon|Hyper Voice|p1a: Slowbro
|-damage|p1a: Slowbro|52\/394 brn
|move|p1a: Slowbro|Slack Off|p1a: Slowbro
|-heal|p1a: Slowbro|249\/394 brn
|
|-heal|p2a: Sylveon|394\/394|[from] item: Leftovers
|-damage|p1a: Slowbro|200\/394 brn|[from] Leech Seed|[of] p2a: Sylveon
|-damage|p1a: Slowbro|151\/394 brn|[from] brn
|turn|43
|
|switch|p2a: Ferrothorn|Ferrothorn, M|352\/352
|move|p1a: Slowbro|Slack Off|p1a: Slowbro
|-heal|p1a: Slowbro|348\/394 brn
|
|-damage|p1a: Slowbro|299\/394 brn|[from] Leech Seed|[of] p2a: Ferrothorn
|-damage|p1a: Slowbro|250\/394 brn|[from] brn
|turn|44
|
|move|p1a: Slowbro|Scald|p2a: Ferrothorn
|-resisted|p2a: Ferrothorn
|-damage|p2a: Ferrothorn|172\/352
|move|p2a: Ferrothorn|Power Whip|p1a: Slowbro|[miss]
|-miss|p2a: Ferrothorn|p1a: Slowbro
|
|-heal|p2a: Ferrothorn|194\/352|[from] item: Leftovers
|-damage|p1a: Slowbro|201\/394 brn|[from] Leech Seed|[of] p2a: Ferrothorn
|-heal|p2a: Ferrothorn|243\/352|[silent]
|-damage|p1a: Slowbro|152\/394 brn|[from] brn
|turn|45
|
|move|p1a: Slowbro|Slack Off|p1a: Slowbro
|-heal|p1a: Slowbro|349\/394 brn
|move|p2a: Ferrothorn|Stealth Rock|p1a: Slowbro
|-sidestart|p1: asitseems|move: Stealth Rock
|
|-heal|p2a: Ferrothorn|265\/352|[from] item: Leftovers
|-damage|p1a: Slowbro|300\/394 brn|[from] Leech Seed|[of] p2a: Ferrothorn
|-heal|p2a: Ferrothorn|314\/352|[silent]
|-damage|p1a: Slowbro|251\/394 brn|[from] brn
|turn|46
|
|move|p1a: Slowbro|Scald|p2a: Ferrothorn
|-resisted|p2a: Ferrothorn
|-damage|p2a: Ferrothorn|125\/352
|move|p2a: Ferrothorn|Power Whip|p1a: Slowbro
|-supereffective|p1a: Slowbro
|-damage|p1a: Slowbro|219\/394 brn
|
|-heal|p2a: Ferrothorn|147\/352|[from] item: Leftovers
|-damage|p1a: Slowbro|170\/394 brn|[from] Leech Seed|[of] p2a: Ferrothorn
|-heal|p2a: Ferrothorn|196\/352|[silent]
|-damage|p1a: Slowbro|121\/394 brn|[from] brn
|turn|47
|
|switch|p2a: Sylveon|Sylveon, F|394\/394
|move|p1a: Slowbro|Scald|p2a: Sylveon
|-damage|p2a: Sylveon|52\/394
|-status|p2a: Sylveon|brn
|
|-heal|p2a: Sylveon|76\/394 brn|[from] item: Leftovers
|-damage|p1a: Slowbro|72\/394 brn|[from] Leech Seed|[of] p2a: Sylveon
|-heal|p2a: Sylveon|125\/394 brn|[silent]
|-damage|p2a: Sylveon|76\/394 brn|[from] brn
|-damage|p1a: Slowbro|23\/394 brn|[from] brn
|turn|48
|
|switch|p1a: Chansey|Chansey, F|704\/704
|-damage|p1a: Chansey|616\/704|[from] Stealth Rock
|move|p2a: Sylveon|Heal Bell|p2a: Sylveon
|-cureteam|p2a: Sylveon|[from] move: HealBell
|
|-heal|p2a: Sylveon|100\/394|[from] item: Leftovers
|turn|49
|
|switch|p2a: Ferrothorn|Ferrothorn, M|196\/352
|move|p1a: Chansey|Toxic|p2a: Ferrothorn
|-fail|p2a: Ferrothorn
|
|-heal|p2a: Ferrothorn|218\/352|[from] item: Leftovers
|turn|50
|
|move|p1a: Chansey|Seismic Toss|p2a: Ferrothorn
|-damage|p2a: Ferrothorn|118\/352
|-damage|p1a: Chansey|528\/704|[from] ability: Iron Barbs|[of] p2a: Ferrothorn
|move|p2a: Ferrothorn|Leech Seed|p1a: Chansey
|-start|p1a: Chansey|move: Leech Seed
|
|-heal|p2a: Ferrothorn|140\/352|[from] item: Leftovers
|-damage|p1a: Chansey|440\/704|[from] Leech Seed|[of] p2a: Ferrothorn
|-heal|p2a: Ferrothorn|228\/352|[silent]
|turn|51
|-message|asitseems forfeited.
|
|win|DumberThanSlowpoke
|raw|Ladder updating...
|leave|asitseems
|player|p1
|raw|Ladder (probably) updated, but score could not be retrieved (timeout).
|raw|Ladder (probably) updated, but score could not be retrieved (Error: socket hang up).
|leave|DumberThanSlowpoke
|player|p2
|join|DumberThanSlowpoke
|leave|DumberThanSlowpoke
|join|DumberThanSlowpoke