|join|Tweetie
|join|DumberThanSlowpoke
|player|p1|Tweetie|220
|player|p2|DumberThanSlowpoke|168
|gametype|singles
|gen|6
|tier|OU
|rated
|clearpoke
|poke|p1|Tyranitar, M
|poke|p1|Ferrothorn, M
|poke|p1|Gliscor, M
|poke|p1|Chansey, F
|poke|p1|Clefable, M
|poke|p1|Cofagrigus, M
|poke|p2|Gyarados, M
|poke|p2|Magnezone
|poke|p2|Tyranitar, M
|poke|p2|Latios, M
|poke|p2|Mamoswine, M
|poke|p2|Gengar, M
|rule|Swagger Clause: Swagger is banned
|rule|Baton Pass Clause: Limit one PokÃ©mon knowing Baton Pass
|rule|Sleep Clause Mod: Limit one foe put to sleep
|rule|Species Clause: Limit one of each PokÃ©mon
|rule|OHKO Clause: OHKO moves are banned
|rule|Moody Clause: Moody is banned
|rule|Evasion Moves Clause: Evasion moves are banned
|rule|Endless Battle Clause: Forcing endless battles is banned
|rule|HP Percentage Mod: HP is shown in percentages
|teampreview
|
|start
|switch|p1a: Rock Lobster|Tyranitar, M|404\/404
|switch|p2a: Mamoswine|Mamoswine, M|361\/361
|-weather|Sandstorm
|turn|1
|
|detailschange|p1a: Rock Lobster|Tyranitar-Mega, M
|message|Tyranitar has Mega Evolved into Mega Tyranitar!
|move|p2a: Mamoswine|Stealth Rock|p1a: Rock Lobster
|-sidestart|p1: Tweetie|move: Stealth Rock
|move|p1a: Rock Lobster|Stealth Rock|p2a: Mamoswine
|-sidestart|p2: DumberThanSlowpoke|move: Stealth Rock
|
|-weather|Sandstorm|[upkeep]
|turn|2
|
|switch|p1a: Party Bus|Ferrothorn, M|352\/352
|-damage|p1a: Party Bus|330\/352|[from] Stealth Rock
|move|p2a: Mamoswine|Earthquake|p1a: Party Bus
|-damage|p1a: Party Bus|221\/352
|
|-weather|Sandstorm|[upkeep]
|-heal|p1a: Party Bus|243\/352|[from] item: Leftovers
|turn|3
|
|move|p2a: Mamoswine|Earthquake|p1a: Party Bus
|-damage|p1a: Party Bus|131\/352
|move|p1a: Party Bus|Leech Seed|p2a: Mamoswine
|-start|p2a: Mamoswine|move: Leech Seed
|
|-weather|Sandstorm|[upkeep]
|-heal|p1a: Party Bus|153\/352|[from] item: Leftovers
|-damage|p2a: Mamoswine|316\/361|[from] Leech Seed|[of] p1a: Party Bus
|-heal|p1a: Party Bus|198\/352|[silent]
|turn|4
|
|switch|p2a: Magnezone|Magnezone|311\/311
|-damage|p2a: Magnezone|292\/311|[from] Stealth Rock
|-item|p2a: Magnezone|Air Balloon
|switch|p1a: King|Gliscor, M|354\/354
|-damage|p1a: King|310\/354|[from] Stealth Rock
|
|-weather|Sandstorm|[upkeep]
|-status|p1a: King|tox|[from] item: Toxic Orb
|turn|5
|
|move|p1a: King|Substitute|p1a: King
|-start|p1a: King|Substitute
|-damage|p1a: King|222\/354 tox
|move|p2a: Magnezone|Flash Cannon|p1a: King
|-end|p1a: King|Substitute
|
|-weather|none
|-heal|p1a: King|266\/354 tox|[from] ability: Poison Heal
|turn|6
|
|move|p1a: King|Protect|p1a: King
|-singleturn|p1a: King|Protect
|move|p2a: Magnezone|Flash Cannon|p1a: King
|-activate|p1a: King|Protect
|
|-heal|p1a: King|310\/354 tox|[from] ability: Poison Heal
|turn|7
|
|switch|p2a: Gyarados|Gyarados, M|333\/333
|-damage|p2a: Gyarados|250\/333|[from] Stealth Rock
|-ability|p2a: Gyarados|Intimidate|[of] p1a: King
|-unboost|p1a: King|atk|1
|move|p1a: King|Substitute|p1a: King
|-start|p1a: King|Substitute
|-damage|p1a: King|222\/354 tox
|
|-heal|p1a: King|266\/354 tox|[from] ability: Poison Heal
|turn|8
|
|move|p2a: Gyarados|Waterfall|p1a: King
|-supereffective|p1a: King
|-end|p1a: King|Substitute
|move|p1a: King|Toxic|p2a: Gyarados
|-status|p2a: Gyarados|tox
|-enditem|p2a: Gyarados|Lum Berry|[eat]
|-curestatus|p2a: Gyarados|tox
|
|-heal|p1a: King|310\/354 tox|[from] ability: Poison Heal
|turn|9
|
|move|p1a: King|Protect|p1a: King
|-singleturn|p1a: King|Protect
|move|p2a: Gyarados|Dragon Dance|p2a: Gyarados
|-boost|p2a: Gyarados|atk|1
|-boost|p2a: Gyarados|spe|1
|
|-heal|p1a: King|354\/354 tox|[from] ability: Poison Heal
|turn|10
|
|move|p2a: Gyarados|Waterfall|p1a: King
|-supereffective|p1a: King
|-damage|p1a: King|90\/354 tox
|cant|p1a: King|flinch
|
|-heal|p1a: King|134\/354 tox|[from] ability: Poison Heal
|turn|11
|c|âTweetie|well then
|
|move|p2a: Gyarados|Waterfall|p1a: King
|-supereffective|p1a: King
|-damage|p1a: King|0 fnt
|faint|p1a: King
|
|
|switch|p1a: Lunchbox|Cofagrigus, M|320\/320
|-damage|p1a: Lunchbox|280\/320|[from] Stealth Rock
|turn|12
|
|move|p2a: Gyarados|Waterfall|p1a: Lunchbox
|-damage|p1a: Lunchbox|117\/320
|-endability|p2a: Gyarados|intimidate|[from] Mummy
|-ability|p2a: Gyarados|Mummy|[from] Mummy
|move|p1a: Lunchbox|Will-O-Wisp|p2a: Gyarados
|-status|p2a: Gyarados|brn
|
|-heal|p1a: Lunchbox|137\/320|[from] item: Leftovers
|-damage|p2a: Gyarados|209\/333 brn|[from] brn
|turn|13
|
|move|p2a: Gyarados|Waterfall|p1a: Lunchbox
|-damage|p1a: Lunchbox|58\/320
|move|p1a: Lunchbox|Pain Split|p2a: Gyarados
|-sethp|p2a: Gyarados|133\/333 brn|p1a: Lunchbox|133\/320|[from] move: Pain Split
|
|-heal|p1a: Lunchbox|153\/320|[from] item: Leftovers
|-damage|p2a: Gyarados|92\/333 brn|[from] brn
|turn|14
|
|move|p2a: Gyarados|Waterfall|p1a: Lunchbox
|-damage|p1a: Lunchbox|71\/320
|move|p1a: Lunchbox|Shadow Ball|p2a: Gyarados
|-damage|p2a: Gyarados|2\/333 brn
|
|-heal|p1a: Lunchbox|91\/320|[from] item: Leftovers
|-damage|p2a: Gyarados|0 fnt|[from] brn
|faint|p2a: Gyarados
|
|switch|p2a: Gengar|Gengar, M|261\/261
|-damage|p2a: Gengar|229\/261|[from] Stealth Rock
|turn|15
|
|move|p2a: Gengar|Shadow Ball|p1a: Lunchbox
|-supereffective|p1a: Lunchbox
|-damage|p1a: Lunchbox|0 fnt
|-damage|p2a: Gengar|203\/261|[from] item: Life Orb
|faint|p1a: Lunchbox
|
|
|switch|p1a: Rock Lobster|Tyranitar-Mega, M|404\/404
|-damage|p1a: Rock Lobster|354\/404|[from] Stealth Rock
|-weather|Sandstorm
|turn|16
|
|move|p2a: Gengar|Focus Blast|p1a: Rock Lobster
|-supereffective|p1a: Rock Lobster
|-damage|p1a: Rock Lobster|0 fnt
|-damage|p2a: Gengar|177\/261|[from] item: Life Orb
|faint|p1a: Rock Lobster
|
|-weather|Sandstorm|[upkeep]
|-damage|p2a: Gengar|161\/261|[from] sandstorm
|
|switch|p1a: Pillow|Chansey, F|704\/704
|-damage|p1a: Pillow|616\/704|[from] Stealth Rock
|turn|17
|
|move|p2a: Gengar|Pain Split|p1a: Pillow
|-sethp|p1a: Pillow|388\/704|p2a: Gengar|261\/261|[from] move: Pain Split
|move|p1a: Pillow|Wish|p1a: Pillow
|
|-weather|Sandstorm|[upkeep]
|-damage|p2a: Gengar|245\/261|[from] sandstorm
|-damage|p1a: Pillow|344\/704|[from] sandstorm
|turn|18
|
|move|p1a: Pillow|Protect|p1a: Pillow
|-singleturn|p1a: Pillow|Protect
|move|p2a: Gengar|Pain Split|p1a: Pillow
|-activate|p1a: Pillow|Protect
|
|-weather|Sandstorm|[upkeep]
|-damage|p2a: Gengar|229\/261|[from] sandstorm
|-damage|p1a: Pillow|300\/704|[from] sandstorm
|-heal|p1a: Pillow|652\/704|[from] move: Wish|[wisher] Pillow
|turn|19
|
|move|p2a: Gengar|Focus Blast|p1a: Pillow|[miss]
|-miss|p2a: Gengar|p1a: Pillow
|move|p1a: Pillow|Wish|p1a: Pillow
|
|-weather|Sandstorm|[upkeep]
|-damage|p2a: Gengar|213\/261|[from] sandstorm
|-damage|p1a: Pillow|608\/704|[from] sandstorm
|turn|20
|
|switch|p1a: Priest|Clefable, M|394\/394
|-damage|p1a: Priest|345\/394|[from] Stealth Rock
|move|p2a: Gengar|Substitute|p2a: Gengar
|-start|p2a: Gengar|Substitute
|-damage|p2a: Gengar|148\/261
|
|-weather|none
|-heal|p1a: Priest|394\/394|[from] move: Wish|[wisher] Pillow
|turn|21
|
|move|p2a: Gengar|Shadow Ball|p1a: Priest
|-damage|p1a: Priest|207\/394
|-damage|p2a: Gengar|122\/261|[from] item: Life Orb
|move|p1a: Priest|Calm Mind|p1a: Priest
|-boost|p1a: Priest|spa|1
|-boost|p1a: Priest|spd|1
|
|-heal|p1a: Priest|231\/394|[from] item: Leftovers
|turn|22
|
|move|p2a: Gengar|Pain Split|p1a: Priest
|-sethp|p1a: Priest|176\/394|p2a: Gengar|176\/261|[from] move: Pain Split
|move|p1a: Priest|Calm Mind|p1a: Priest
|-boost|p1a: Priest|spa|1
|-boost|p1a: Priest|spd|1
|
|-heal|p1a: Priest|200\/394|[from] item: Leftovers
|turn|23
|
|move|p2a: Gengar|Shadow Ball|p1a: Priest
|-damage|p1a: Priest|106\/394
|-damage|p2a: Gengar|150\/261|[from] item: Life Orb
|move|p1a: Priest|Calm Mind|p1a: Priest
|-boost|p1a: Priest|spa|1
|-boost|p1a: Priest|spd|1
|
|-heal|p1a: Priest|130\/394|[from] item: Leftovers
|turn|24
|
|move|p2a: Gengar|Shadow Ball|p1a: Priest
|-damage|p1a: Priest|52\/394
|-damage|p2a: Gengar|124\/261|[from] item: Life Orb
|move|p1a: Priest|Moonlight|p1a: Priest
|-heal|p1a: Priest|249\/394
|
|-heal|p1a: Priest|273\/394|[from] item: Leftovers
|turn|25
|
|move|p2a: Gengar|Shadow Ball|p1a: Priest
|-damage|p1a: Priest|186\/394
|-unboost|p1a: Priest|spd|1
|-damage|p2a: Gengar|98\/261|[from] item: Life Orb
|move|p1a: Priest|Calm Mind|p1a: Priest
|-boost|p1a: Priest|spa|1
|-boost|p1a: Priest|spd|1
|
|-heal|p1a: Priest|210\/394|[from] item: Leftovers
|turn|26
|
|move|p2a: Gengar|Shadow Ball|p1a: Priest
|-damage|p1a: Priest|127\/394
|-damage|p2a: Gengar|72\/261|[from] item: Life Orb
|move|p1a: Priest|Moonlight|p1a: Priest
|-heal|p1a: Priest|324\/394
|
|-heal|p1a: Priest|348\/394|[from] item: Leftovers
|turn|27
|
|move|p2a: Gengar|Shadow Ball|p1a: Priest
|-damage|p1a: Priest|265\/394
|-damage|p2a: Gengar|46\/261|[from] item: Life Orb
|move|p1a: Priest|Calm Mind|p1a: Priest
|-boost|p1a: Priest|spa|1
|-boost|p1a: Priest|spd|1
|
|-heal|p1a: Priest|289\/394|[from] item: Leftovers
|turn|28
|
|move|p2a: Gengar|Shadow Ball|p1a: Priest
|-damage|p1a: Priest|225\/394
|-damage|p2a: Gengar|20\/261|[from] item: Life Orb
|move|p1a: Priest|Calm Mind|p1a: Priest
|-boost|p1a: Priest|spa|1
|-boost|p1a: Priest|spd|1
|
|-heal|p1a: Priest|249\/394|[from] item: Leftovers
|turn|29
|
|move|p2a: Gengar|Pain Split|p1a: Priest
|-sethp|p1a: Priest|134\/394|p2a: Gengar|134\/261|[from] move: Pain Split
|move|p1a: Priest|Moonlight|p1a: Priest
|-heal|p1a: Priest|331\/394
|
|-heal|p1a: Priest|355\/394|[from] item: Leftovers
|turn|30
|
|move|p2a: Gengar|Shadow Ball|p1a: Priest
|-damage|p1a: Priest|295\/394
|-unboost|p1a: Priest|spd|1
|-damage|p2a: Gengar|108\/261|[from] item: Life Orb
|move|p1a: Priest|Calm Mind|p1a: Priest
|-boost|p1a: Priest|spd|1
|
|-heal|p1a: Priest|319\/394|[from] item: Leftovers
|turn|31
|
|move|p2a: Gengar|Shadow Ball|p1a: Priest
|-damage|p1a: Priest|263\/394
|-damage|p2a: Gengar|82\/261|[from] item: Life Orb
|move|p1a: Priest|Calm Mind|p1a: Priest
|-boost|p1a: Priest|spd|1
|
|-heal|p1a: Priest|287\/394|[from] item: Leftovers
|turn|32
|
|move|p2a: Gengar|Shadow Ball|p1a: Priest
|-damage|p1a: Priest|240\/394
|-damage|p2a: Gengar|56\/261|[from] item: Life Orb
|move|p1a: Priest|Moonblast|p2a: Gengar
|-resisted|p2a: Gengar
|-end|p2a: Gengar|Substitute
|
|-heal|p1a: Priest|264\/394|[from] item: Leftovers
|turn|33
|
|move|p2a: Gengar|Pain Split|p1a: Priest
|-sethp|p1a: Priest|160\/394|p2a: Gengar|160\/261|[from] move: Pain Split
|move|p1a: Priest|Moonblast|p2a: Gengar
|-resisted|p2a: Gengar
|-damage|p2a: Gengar|0 fnt
|faint|p2a: Gengar
|
|-heal|p1a: Priest|184\/394|[from] item: Leftovers
|
|switch|p2a: Tyranitar|Tyranitar, M|341\/341
|-damage|p2a: Tyranitar|299\/341|[from] Stealth Rock
|-weather|Sandstorm
|turn|34
|
|detailschange|p2a: Tyranitar|Tyranitar-Mega, M
|message|Tyranitar has Mega Evolved into Mega Tyranitar!
|move|p2a: Tyranitar|Stone Edge|p1a: Priest
|-damage|p1a: Priest|1\/394
|move|p1a: Priest|Moonblast|p2a: Tyranitar
|-supereffective|p2a: Tyranitar
|-damage|p2a: Tyranitar|0 fnt
|faint|p2a: Tyranitar
|
|-weather|Sandstorm|[upkeep]
|-damage|p1a: Priest|0 fnt|[from] sandstorm
|faint|p1a: Priest
|
|switch|p2a: Magnezone|Magnezone|292\/311
|-damage|p2a: Magnezone|273\/311|[from] Stealth Rock
|switch|p1a: Pillow|Chansey, F|608\/704
|-damage|p1a: Pillow|520\/704|[from] Stealth Rock
|-item|p2a: Magnezone|Air Balloon
|turn|35
|
|switch|p2a: Latios|Latios, M|302\/302
|-damage|p2a: Latios|265\/302|[from] Stealth Rock
|move|p1a: Pillow|Wish|p1a: Pillow
|
|-weather|Sandstorm|[upkeep]
|-damage|p2a: Latios|247\/302|[from] sandstorm
|-damage|p1a: Pillow|476\/704|[from] sandstorm
|turn|36
|
|move|p2a: Latios|Psyshock|p1a: Pillow
|-damage|p1a: Pillow|275\/704
|move|p1a: Pillow|Toxic|p2a: Latios
|-status|p2a: Latios|tox
|
|-weather|Sandstorm|[upkeep]
|-damage|p2a: Latios|229\/302 tox|[from] sandstorm
|-damage|p1a: Pillow|231\/704|[from] sandstorm
|-heal|p1a: Pillow|583\/704|[from] move: Wish|[wisher] Pillow
|-damage|p2a: Latios|211\/302 tox|[from] psn
|turn|37
|
|move|p2a: Latios|Psyshock|p1a: Pillow
|-damage|p1a: Pillow|402\/704
|move|p1a: Pillow|Wish|p1a: Pillow
|
|-weather|Sandstorm|[upkeep]
|-damage|p2a: Latios|193\/302 tox|[from] sandstorm
|-damage|p1a: Pillow|358\/704|[from] sandstorm
|-damage|p2a: Latios|157\/302 tox|[from] psn
|turn|38
|
|switch|p2a: Mamoswine|Mamoswine, M|316\/361
|-damage|p2a: Mamoswine|271\/361|[from] Stealth Rock
|move|p1a: Pillow|Protect|p1a: Pillow
|-fail|p1a: Pillow
|
|-weather|none
|-heal|p1a: Pillow|704\/704|[from] move: Wish|[wisher] Pillow
|turn|39
|
|move|p2a: Mamoswine|Earthquake|p1a: Pillow
|-damage|p1a: Pillow|451\/704
|move|p1a: Pillow|Toxic|p2a: Mamoswine
|-status|p2a: Mamoswine|tox
|
|-damage|p2a: Mamoswine|249\/361 tox|[from] psn
|turn|40
|
|move|p2a: Mamoswine|Earthquake|p1a: Pillow
|-damage|p1a: Pillow|216\/704
|move|p1a: Pillow|Wish|p1a: Pillow
|
|-damage|p2a: Mamoswine|205\/361 tox|[from] psn
|turn|41
|
|move|p1a: Pillow|Protect|p1a: Pillow
|-singleturn|p1a: Pillow|Protect
|move|p2a: Mamoswine|Earthquake|p1a: Pillow
|-activate|p1a: Pillow|Protect
|
|-heal|p1a: Pillow|568\/704|[from] move: Wish|[wisher] Pillow
|-damage|p2a: Mamoswine|139\/361 tox|[from] psn
|turn|42
|
|move|p2a: Mamoswine|Endeavor|p1a: Pillow
|-damage|p1a: Pillow|139\/704
|move|p1a: Pillow|Wish|p1a: Pillow
|
|-damage|p2a: Mamoswine|51\/361 tox|[from] psn
|turn|43
|
|move|p1a: Pillow|Protect|p1a: Pillow
|-singleturn|p1a: Pillow|Protect
|move|p2a: Mamoswine|Earthquake|p1a: Pillow
|-activate|p1a: Pillow|Protect
|
|-heal|p1a: Pillow|491\/704|[from] move: Wish|[wisher] Pillow
|-damage|p2a: Mamoswine|0 fnt|[from] psn
|faint|p2a: Mamoswine
|
|switch|p2a: Latios|Latios, M|157\/302 tox
|-damage|p2a: Latios|120\/302 tox|[from] Stealth Rock
|turn|44
|
|move|p2a: Latios|Psyshock|p1a: Pillow
|-damage|p1a: Pillow|305\/704
|move|p1a: Pillow|Wish|p1a: Pillow
|
|-damage|p2a: Latios|102\/302 tox|[from] psn
|turn|45
|
|move|p1a: Pillow|Protect|p1a: Pillow
|-singleturn|p1a: Pillow|Protect
|move|p2a: Latios|Psyshock|p1a: Pillow
|-activate|p1a: Pillow|Protect
|
|-heal|p1a: Pillow|657\/704|[from] move: Wish|[wisher] Pillow
|-damage|p2a: Latios|66\/302 tox|[from] psn
|turn|46
|
|move|p2a: Latios|Psyshock|p1a: Pillow
|-damage|p1a: Pillow|482\/704
|move|p1a: Pillow|Wish|p1a: Pillow
|
|-damage|p2a: Latios|12\/302 tox|[from] psn
|turn|47
|
|move|p1a: Pillow|Protect|p1a: Pillow
|-singleturn|p1a: Pillow|Protect
|move|p2a: Latios|Psyshock|p1a: Pillow
|-activate|p1a: Pillow|Protect
|
|-heal|p1a: Pillow|704\/704|[from] move: Wish|[wisher] Pillow
|-damage|p2a: Latios|0 fnt|[from] psn
|faint|p2a: Latios
|
|switch|p2a: Magnezone|Magnezone|273\/311
|-damage|p2a: Magnezone|254\/311|[from] Stealth Rock
|-item|p2a: Magnezone|Air Balloon
|turn|48
|
|move|p2a: Magnezone|Thunderbolt|p1a: Pillow
|-crit|p1a: Pillow
|-damage|p1a: Pillow|541\/704
|move|p1a: Pillow|Seismic Toss|p2a: Magnezone
|-damage|p2a: Magnezone|154\/311
|-enditem|p2a: Magnezone|Air Balloon
|
|turn|49
|
|move|p2a: Magnezone|Thunderbolt|p1a: Pillow
|-damage|p1a: Pillow|433\/704
|move|p1a: Pillow|Seismic Toss|p2a: Magnezone
|-damage|p2a: Magnezone|54\/311
|
|turn|50
|-message|DumberThanSlowpoke forfeited.
|
|win|Tweetie
|raw|Ladder updating...
|leave|DumberThanSlowpoke
|player|p2
|raw|Tweetie's rating: 1603 &rarr; <strong>1622<\/strong><br \/>(+19 for winning)
|raw|DumberThanSlowpoke's rating: 1595 &rarr; <strong>1576<\/strong><br \/>(-19 for losing)