|join|lt3n jinwhite
|join|DumberThanSlowpoke
|player|p1|lt3n jinwhite|195
|player|p2|DumberThanSlowpoke|168
|gametype|singles
|gen|6
|tier|OU
|rated
|clearpoke
|poke|p1|Gyarados, M
|poke|p1|Charizard, M
|poke|p1|Breloom, M
|poke|p1|Landorus-Therian, M
|poke|p1|Raikou
|poke|p1|Starmie
|poke|p2|Gyarados, M
|poke|p2|Magnezone
|poke|p2|Tyranitar, F
|poke|p2|Latios, M
|poke|p2|Mamoswine, M
|poke|p2|Gengar, F
|rule|Swagger Clause: Swagger is banned
|rule|Baton Pass Clause: Limit one PokÃ©mon knowing Baton Pass
|rule|Sleep Clause Mod: Limit one foe put to sleep
|rule|Species Clause: Limit one of each PokÃ©mon
|rule|OHKO Clause: OHKO moves are banned
|rule|Moody Clause: Moody is banned
|rule|Evasion Moves Clause: Evasion moves are banned
|rule|Endless Battle Clause: Forcing endless battles is banned
|rule|HP Percentage Mod: HP is shown in percentages
|teampreview
|
|start
|switch|p1a: alexander.|Landorus-Therian, M|325\/325
|switch|p2a: Mamoswine|Mamoswine, M|361\/361
|-ability|p1a: alexander.|Intimidate|[of] p2a: Mamoswine
|-unboost|p2a: Mamoswine|atk|1
|turn|1
|
|move|p2a: Mamoswine|Ice Shard|p1a: alexander.
|-supereffective|p1a: alexander.
|-damage|p1a: alexander.|129\/325
|move|p1a: alexander.|U-turn|p2a: Mamoswine
|-damage|p2a: Mamoswine|214\/361
|-damage|p1a: alexander.|97\/325|[from] item: Life Orb
|
|switch|p1a: masamune.|Starmie|261\/261
|
|turn|2
|
|switch|p2a: Latios|Latios, M|302\/302
|move|p1a: masamune.|Scald|p2a: Latios
|-resisted|p2a: Latios
|-damage|p2a: Latios|214\/302
|-damage|p1a: masamune.|235\/261|[from] item: Life Orb
|
|turn|3
|
|move|p2a: Latios|Draco Meteor|p1a: masamune.
|-damage|p1a: masamune.|0 fnt
|-unboost|p2a: Latios|spa|2
|faint|p1a: masamune.
|
|
|switch|p1a: mohsen.|Gyarados, M|341\/341
|turn|4
|
|switch|p2a: Gyarados|Gyarados, M|333\/333
|-ability|p2a: Gyarados|Intimidate|[of] p1a: mohsen.
|-unboost|p1a: mohsen.|atk|1
|move|p1a: mohsen.|Dragon Dance|p1a: mohsen.
|-boost|p1a: mohsen.|atk|1
|-boost|p1a: mohsen.|spe|1
|
|turn|5
|
|move|p1a: mohsen.|Dragon Dance|p1a: mohsen.
|-boost|p1a: mohsen.|atk|1
|-boost|p1a: mohsen.|spe|1
|move|p2a: Gyarados|Stone Edge|p1a: mohsen.
|-supereffective|p1a: mohsen.
|-damage|p1a: mohsen.|35\/341
|
|turn|6
|
|move|p1a: mohsen.|Bounce|p2a: Gyarados|[still]
|-prepare|p1a: mohsen.|Bounce|p2a: Gyarados
|move|p2a: Gyarados|Stone Edge|p1a: mohsen.|[miss]
|-miss|p2a: Gyarados|p1a: mohsen.
|
|turn|7
|
|switch|p2a: Magnezone|Magnezone|311\/311
|-item|p2a: Magnezone|Air Balloon
|move|p1a: mohsen.|Bounce|p2a: Magnezone|[miss]
|-miss|p1a: mohsen.|p2a: Magnezone
|
|turn|8
|
|move|p1a: mohsen.|Waterfall|p2a: Magnezone
|-damage|p2a: Magnezone|103\/311
|-enditem|p2a: Magnezone|Air Balloon
|move|p2a: Magnezone|Flash Cannon|p1a: mohsen.
|-resisted|p1a: mohsen.
|-damage|p1a: mohsen.|0 fnt
|faint|p1a: mohsen.
|
|
|switch|p1a: duke.|Charizard, M|297\/297
|turn|9
|
|switch|p1a: alexander.|Landorus-Therian, M|97\/325
|-ability|p1a: alexander.|Intimidate|[of] p2a: Magnezone
|-unboost|p2a: Magnezone|atk|1
|move|p2a: Magnezone|Thunderbolt|p1a: alexander.
|-immune|p1a: alexander.|[msg]
|
|turn|10
|
|move|p1a: alexander.|Stealth Rock|p2a: Magnezone
|-sidestart|p2: DumberThanSlowpoke|move: Stealth Rock
|move|p2a: Magnezone|Flash Cannon|p1a: alexander.
|-damage|p1a: alexander.|0 fnt
|faint|p1a: alexander.
|
|
|switch|p1a: duke.|Charizard, M|297\/297
|turn|11
|
|detailschange|p1a: duke.|Charizard-Mega-X, M
|message|Charizard has Mega Evolved into Mega Charizard!
|move|p1a: duke.|Dragon Dance|p1a: duke.
|-boost|p1a: duke.|atk|1
|-boost|p1a: duke.|spe|1
|move|p2a: Magnezone|Thunderbolt|p1a: duke.
|-resisted|p1a: duke.
|-damage|p1a: duke.|195\/297
|
|turn|12
|join|paralysia infantil
|
|switch|p2a: Mamoswine|Mamoswine, M|214\/361
|-damage|p2a: Mamoswine|169\/361|[from] Stealth Rock
|move|p1a: duke.|Dragon Dance|p1a: duke.
|-boost|p1a: duke.|atk|1
|-boost|p1a: duke.|spe|1
|
|turn|13
|
|move|p1a: duke.|Flare Blitz|p2a: Mamoswine
|-supereffective|p2a: Mamoswine
|-damage|p2a: Mamoswine|0 fnt
|-damage|p1a: duke.|139\/297|[from] recoil|[of] p2a: Mamoswine
|faint|p2a: Mamoswine
|
|
|switch|p2a: Tyranitar|Tyranitar, F|341\/341
|-damage|p2a: Tyranitar|299\/341|[from] Stealth Rock
|-weather|Sandstorm
|turn|14
|
|detailschange|p2a: Tyranitar|Tyranitar-Mega, F
|message|Tyranitar has Mega Evolved into Mega Tyranitar!
|move|p1a: duke.|Outrage|p2a: Tyranitar
|-damage|p2a: Tyranitar|0 fnt
|faint|p2a: Tyranitar
|
|-weather|Sandstorm|[upkeep]
|-damage|p1a: duke.|121\/297|[from] sandstorm
|
|switch|p2a: Magnezone|Magnezone|103\/311
|-damage|p2a: Magnezone|84\/311|[from] Stealth Rock
|turn|15
|
|move|p1a: duke.|Outrage|p2a: Magnezone
|-resisted|p2a: Magnezone
|-damage|p2a: Magnezone|0 fnt
|faint|p2a: Magnezone
|
|-end|p1a: duke.|rampage
|-start|p1a: duke.|confusion
|-weather|Sandstorm|[upkeep]
|-damage|p1a: duke.|103\/297|[from] sandstorm
|
|switch|p2a: Gyarados|Gyarados, M|333\/333
|-damage|p2a: Gyarados|250\/333|[from] Stealth Rock
|-ability|p2a: Gyarados|Intimidate|[of] p1a: duke.
|-unboost|p1a: duke.|atk|1
|turn|16
|
|-activate|p1a: duke.|confusion
|move|p1a: duke.|Outrage|p2a: Gyarados
|-damage|p2a: Gyarados|0 fnt
|faint|p2a: Gyarados
|
|-weather|Sandstorm|[upkeep]
|-damage|p1a: duke.|85\/297|[from] sandstorm
|leave|paralysia infantil
|
|switch|p2a: Gengar|Gengar, F|261\/261
|-damage|p2a: Gengar|229\/261|[from] Stealth Rock
|turn|17
|
|-activate|p1a: duke.|confusion
|-damage|p1a: duke.|19\/297|[from] confusion
|move|p2a: Gengar|Shadow Ball|p1a: duke.
|-damage|p1a: duke.|0 fnt
|-damage|p2a: Gengar|203\/261|[from] item: Life Orb
|faint|p1a: duke.
|
|-weather|Sandstorm|[upkeep]
|-damage|p2a: Gengar|187\/261|[from] sandstorm
|
|switch|p1a: raiju.|Raikou|329\/329
|-ability|p1a: raiju.|Pressure
|turn|18
|
|switch|p2a: Latios|Latios, M|214\/302
|-damage|p2a: Latios|177\/302|[from] Stealth Rock
|move|p1a: raiju.|Shadow Ball|p2a: Latios
|-supereffective|p2a: Latios
|-damage|p2a: Latios|5\/302
|
|-weather|none
|turn|19
|
|move|p2a: Latios|Draco Meteor|p1a: raiju.
|-damage|p1a: raiju.|178\/329
|-unboost|p2a: Latios|spa|2
|move|p1a: raiju.|Shadow Ball|p2a: Latios
|-supereffective|p2a: Latios
|-damage|p2a: Latios|0 fnt
|faint|p2a: Latios
|
|
|switch|p2a: Gengar|Gengar, F|187\/261
|-damage|p2a: Gengar|155\/261|[from] Stealth Rock
|turn|20
|
|move|p1a: raiju.|Shadow Ball|p2a: Gengar
|-supereffective|p2a: Gengar
|-damage|p2a: Gengar|0 fnt
|faint|p2a: Gengar
|
|win|lt3n jinwhite
|raw|Ladder updating...
|raw|lt3n jinwhite's rating: 1563 &rarr; <strong>1585<\/strong><br \/>(+22 for winning)
|raw|DumberThanSlowpoke's rating: 1595 &rarr; <strong>1574<\/strong><br \/>(-21 for losing)
|c|âlt3n jinwhite|g g