|join|Urizen
|join|DumberThanSlowpoke
|player|p1|Urizen|199
|player|p2|DumberThanSlowpoke|168
|gametype|singles
|gen|6
|tier|OU
|rated
|clearpoke
|poke|p1|Krookodile, F
|poke|p1|Escavalier, M
|poke|p1|Galvantula, F
|poke|p1|Torkoal, M
|poke|p1|Goodra, F
|poke|p1|Porygon2
|poke|p2|Alakazam, M
|poke|p2|Bisharp, M
|poke|p2|Landorus-Therian, M
|poke|p2|Rotom-Wash
|poke|p2|Heatran, M
|poke|p2|Breloom, M
|rule|Swagger Clause: Swagger is banned
|rule|Baton Pass Clause: Limit one PokÃ©mon knowing Baton Pass
|rule|Sleep Clause Mod: Limit one foe put to sleep
|rule|Species Clause: Limit one of each PokÃ©mon
|rule|OHKO Clause: OHKO moves are banned
|rule|Moody Clause: Moody is banned
|rule|Evasion Moves Clause: Evasion moves are banned
|rule|Endless Battle Clause: Forcing endless battles is banned
|rule|HP Percentage Mod: HP is shown in percentages
|teampreview
|
|start
|switch|p1a: Escavalier|Escavalier, M|344\/344
|switch|p2a: Alakazam|Alakazam, M|252\/252
|turn|1
|
|switch|p2a: Heatran|Heatran, M|323\/323
|move|p1a: Escavalier|Knock Off|p2a: Heatran
|-damage|p2a: Heatran|209\/323
|-enditem|p2a: Heatran|Choice Scarf|[from] move: Knock Off|[of] p1a: Escavalier
|
|turn|2
|
|switch|p1a: Barney|Goodra, F|384\/384
|move|p2a: Heatran|Overheat|p1a: Barney
|-resisted|p1a: Barney
|-damage|p1a: Barney|325\/384
|-unboost|p2a: Heatran|spa|2
|
|turn|3
|
|switch|p2a: Rotom-Wash|Rotom-Wash|304\/304
|move|p1a: Barney|Dragon Pulse|p2a: Rotom-Wash
|-damage|p2a: Rotom-Wash|204\/304
|
|-heal|p2a: Rotom-Wash|223\/304|[from] item: Leftovers
|turn|4
|
|move|p2a: Rotom-Wash|Will-O-Wisp|p1a: Barney
|-status|p1a: Barney|brn
|move|p1a: Barney|Thunderbolt|p2a: Rotom-Wash
|-damage|p2a: Rotom-Wash|147\/304
|
|-heal|p2a: Rotom-Wash|166\/304|[from] item: Leftovers
|-damage|p1a: Barney|277\/384 brn|[from] brn
|turn|5
|
|move|p2a: Rotom-Wash|Pain Split|p1a: Barney
|-sethp|p1a: Barney|221\/384 brn|p2a: Rotom-Wash|221\/304|[from] move: Pain Split
|move|p1a: Barney|Dragon Pulse|p2a: Rotom-Wash
|-damage|p2a: Rotom-Wash|115\/304
|
|-heal|p2a: Rotom-Wash|134\/304|[from] item: Leftovers
|-damage|p1a: Barney|173\/384 brn|[from] brn
|turn|6
|
|move|p2a: Rotom-Wash|Pain Split|p1a: Barney
|-sethp|p1a: Barney|153\/384 brn|p2a: Rotom-Wash|153\/304|[from] move: Pain Split
|move|p1a: Barney|Dragon Pulse|p2a: Rotom-Wash
|-damage|p2a: Rotom-Wash|39\/304
|
|-heal|p2a: Rotom-Wash|58\/304|[from] item: Leftovers
|-damage|p1a: Barney|105\/384 brn|[from] brn
|turn|7
|
|move|p2a: Rotom-Wash|Pain Split|p1a: Barney
|-sethp|p1a: Barney|81\/384 brn|p2a: Rotom-Wash|81\/304|[from] move: Pain Split
|move|p1a: Barney|Dragon Pulse|p2a: Rotom-Wash
|-damage|p2a: Rotom-Wash|0 fnt
|faint|p2a: Rotom-Wash
|
|-damage|p1a: Barney|33\/384 brn|[from] brn
|
|switch|p2a: Landorus-Therian|Landorus-Therian, M|382\/382
|-ability|p2a: Landorus-Therian|Intimidate|[of] p1a: Barney
|-unboost|p1a: Barney|atk|1
|turn|8
|
|move|p2a: Landorus-Therian|Stealth Rock|p1a: Barney
|-sidestart|p1: Urizen|move: Stealth Rock
|move|p1a: Barney|Dragon Pulse|p2a: Landorus-Therian
|-damage|p2a: Landorus-Therian|205\/382
|
|-damage|p1a: Barney|0 fnt|[from] brn
|faint|p1a: Barney
|
|switch|p1a: Galvao|Galvantula, F|282\/282
|-damage|p1a: Galvao|212\/282|[from] Stealth Rock
|turn|9
|
|move|p1a: Galvao|Hidden Power|p2a: Landorus-Therian
|-supereffective|p2a: Landorus-Therian
|-damage|p2a: Landorus-Therian|0 fnt
|-damage|p1a: Galvao|184\/282|[from] item: Life Orb
|faint|p2a: Landorus-Therian
|
|
|switch|p2a: Alakazam|Alakazam, M|252\/252
|turn|10
|
|detailschange|p2a: Alakazam|Alakazam-Mega, M
|message|Alakazam has Mega Evolved into Mega Alakazam!
|-ability|p2a: Alakazam|Compound Eyes|[from] ability: Trace|[of] p1a: Galvao
|move|p1a: Galvao|Bug Buzz|p2a: Alakazam
|-supereffective|p2a: Alakazam
|-damage|p2a: Alakazam|0 fnt
|-damage|p1a: Galvao|156\/282|[from] item: Life Orb
|faint|p2a: Alakazam
|
|
|switch|p2a: Heatran|Heatran, M|209\/323
|turn|11
|
|move|p1a: Galvao|Thunder|p2a: Heatran
|-damage|p2a: Heatran|1\/323
|-damage|p1a: Galvao|128\/282|[from] item: Life Orb
|move|p2a: Heatran|Overheat|p1a: Galvao
|-supereffective|p1a: Galvao
|-damage|p1a: Galvao|0 fnt
|-unboost|p2a: Heatran|spa|2
|faint|p1a: Galvao
|
|
|switch|p1a: Escavalier|Escavalier, M|344\/344
|-damage|p1a: Escavalier|301\/344|[from] Stealth Rock
|turn|12
|
|move|p2a: Heatran|Overheat|p1a: Escavalier
|-supereffective|p1a: Escavalier
|-damage|p1a: Escavalier|0 fnt
|-unboost|p2a: Heatran|spa|2
|faint|p1a: Escavalier
|
|
|switch|p1a: Virtual XI|Porygon2|374\/374
|-damage|p1a: Virtual XI|328\/374|[from] Stealth Rock
|-ability|p1a: Virtual XI|Flash Fire|[from] ability: Trace|[of] p2a: Heatran
|turn|13
|
|switch|p2a: Breloom|Breloom, M|261\/261
|move|p1a: Virtual XI|Ice Beam|p2a: Breloom
|-supereffective|p2a: Breloom
|-damage|p2a: Breloom|39\/261
|-status|p2a: Breloom|frz
|
|turn|14
|
|cant|p2a: Breloom|frz
|move|p1a: Virtual XI|Ice Beam|p2a: Breloom
|-supereffective|p2a: Breloom
|-damage|p2a: Breloom|0 fnt
|faint|p2a: Breloom
|
|
|switch|p2a: Bisharp|Bisharp, M|272\/272
|turn|15
|
|switch|p1a: Yasur|Torkoal, M|344\/344
|-damage|p1a: Yasur|258\/344|[from] Stealth Rock
|move|p2a: Bisharp|Knock Off|p1a: Yasur
|-damage|p1a: Yasur|125\/344
|-enditem|p1a: Yasur|Leftovers|[from] move: Knock Off|[of] p2a: Bisharp
|
|turn|16
|
|switch|p2a: Heatran|Heatran, M|1\/323
|move|p1a: Yasur|Yawn|p2a: Heatran
|-start|p2a: Heatran|move: Yawn|[of] p1a: Yasur
|
|turn|17
|
|move|p2a: Heatran|Earth Power|p1a: Yasur
|-supereffective|p1a: Yasur
|-damage|p1a: Yasur|0 fnt
|faint|p1a: Yasur
|
|-status|p2a: Heatran|slp
|
|switch|p1a: Virtual XI|Porygon2|328\/374
|-damage|p1a: Virtual XI|282\/374|[from] Stealth Rock
|-ability|p1a: Virtual XI|Flash Fire|[from] ability: Trace|[of] p2a: Heatran
|turn|18
|
|switch|p2a: Bisharp|Bisharp, M|272\/272
|move|p1a: Virtual XI|Thunderbolt|p2a: Bisharp
|-damage|p2a: Bisharp|171\/272
|
|turn|19
|
|move|p2a: Bisharp|Knock Off|p1a: Virtual XI
|-damage|p1a: Virtual XI|140\/374
|-enditem|p1a: Virtual XI|Eviolite|[from] move: Knock Off|[of] p2a: Bisharp
|move|p1a: Virtual XI|Thunderbolt|p2a: Bisharp
|-damage|p2a: Bisharp|72\/272
|
|turn|20
|
|move|p2a: Bisharp|Iron Head|p1a: Virtual XI
|-damage|p1a: Virtual XI|0 fnt
|faint|p1a: Virtual XI
|
|
|switch|p1a: Krookodile|Krookodile, F|332\/332
|-damage|p1a: Krookodile|312\/332|[from] Stealth Rock
|turn|21
|
|move|p2a: Bisharp|Sucker Punch|p1a: Krookodile
|-resisted|p1a: Krookodile
|-damage|p1a: Krookodile|197\/332
|move|p1a: Krookodile|Earthquake|p2a: Bisharp
|-supereffective|p2a: Bisharp
|-damage|p2a: Bisharp|0 fnt
|faint|p2a: Bisharp
|-boost|p1a: Krookodile|atk|1|[from] ability: Moxie
|
|
|switch|p2a: Heatran|Heatran, M|1\/323 slp
|turn|22
|
|move|p1a: Krookodile|Earthquake|p2a: Heatran
|-supereffective|p2a: Heatran
|-damage|p2a: Heatran|0 fnt
|faint|p2a: Heatran
|-boost|p1a: Krookodile|atk|1|[from] ability: Moxie
|
|win|Urizen
|raw|Ladder updating...
|chat|Urizen|gg
|leave|DumberThanSlowpoke
|player|p2
|raw|Urizen's rating: 1353 &rarr; <strong>1372<\/strong><br \/>(+19 for winning)
|raw|DumberThanSlowpoke's rating: 1342 &rarr; <strong>1323<\/strong><br \/>(-19 for losing)