|join|penguinn546
|join|DumberThanSlowpoke
|player|p1|penguinn546|265
|player|p2|DumberThanSlowpoke|168
|gametype|singles
|gen|6
|tier|OU
|rated
|clearpoke
|poke|p1|Crawdaunt, M
|poke|p1|Gengar, F
|poke|p1|Mamoswine, M
|poke|p1|Reuniclus, M
|poke|p1|Arcanine, F
|poke|p1|Goodra, F
|poke|p2|Suicune
|poke|p2|Forretress, M
|poke|p2|Celebi
|poke|p2|Heatran, M
|poke|p2|Tyranitar, F
|poke|p2|Medicham, M
|rule|Swagger Clause: Swagger is banned
|rule|Baton Pass Clause: Limit one PokÃ©mon knowing Baton Pass
|rule|Sleep Clause Mod: Limit one foe put to sleep
|rule|Species Clause: Limit one of each PokÃ©mon
|rule|OHKO Clause: OHKO moves are banned
|rule|Moody Clause: Moody is banned
|rule|Evasion Moves Clause: Evasion moves are banned
|rule|Endless Battle Clause: Forcing endless battles is banned
|rule|HP Percentage Mod: HP is shown in percentages
|teampreview
|
|start
|switch|p1a: Crawdaunt|Crawdaunt, M|268\/268
|switch|p2a: Forretress|Forretress, M|353\/353
|turn|1
|
|move|p1a: Crawdaunt|Dragon Dance|p1a: Crawdaunt
|-boost|p1a: Crawdaunt|atk|1
|-boost|p1a: Crawdaunt|spe|1
|move|p2a: Forretress|Toxic Spikes|p1a: Crawdaunt
|-sidestart|p1: penguinn546|move: Toxic Spikes
|
|turn|2
|
|move|p1a: Crawdaunt|Dragon Dance|p1a: Crawdaunt
|-boost|p1a: Crawdaunt|atk|1
|-boost|p1a: Crawdaunt|spe|1
|move|p2a: Forretress|Toxic Spikes|p1a: Crawdaunt
|-sidestart|p1: penguinn546|move: Toxic Spikes
|
|turn|3
|
|switch|p2a: Suicune|Suicune|404\/404
|-ability|p2a: Suicune|Pressure
|move|p1a: Crawdaunt|Knock Off|p2a: Suicune
|-damage|p2a: Suicune|66\/404
|-enditem|p2a: Suicune|Leftovers|[from] move: Knock Off|[of] p1a: Crawdaunt
|
|turn|4
|
|move|p1a: Crawdaunt|Knock Off|p2a: Suicune
|-damage|p2a: Suicune|0 fnt
|faint|p2a: Suicune
|
|
|switch|p2a: Heatran|Heatran, M|385\/385
|turn|5
|
|move|p1a: Crawdaunt|Crabhammer|p2a: Heatran
|-supereffective|p2a: Heatran
|-damage|p2a: Heatran|0 fnt
|faint|p2a: Heatran
|
|
|switch|p2a: Tyranitar|Tyranitar, F|341\/341
|-weather|Sandstorm
|turn|6
|
|move|p1a: Crawdaunt|Crabhammer|p2a: Tyranitar
|-supereffective|p2a: Tyranitar
|-damage|p2a: Tyranitar|0 fnt
|faint|p2a: Tyranitar
|
|-weather|Sandstorm|[upkeep]
|-damage|p1a: Crawdaunt|252\/268|[from] sandstorm
|
|switch|p2a: Celebi|Celebi|403\/403
|turn|7
|
|move|p1a: Crawdaunt|Knock Off|p2a: Celebi
|-supereffective|p2a: Celebi
|-damage|p2a: Celebi|0 fnt
|-enditem|p2a: Celebi|Leftovers|[from] move: Knock Off|[of] p1a: Crawdaunt
|faint|p2a: Celebi
|
|-weather|Sandstorm|[upkeep]
|-damage|p1a: Crawdaunt|236\/268|[from] sandstorm
|
|switch|p2a: Medicham|Medicham, M|261\/261
|turn|8
|
|detailschange|p2a: Medicham|Medicham-Mega, M
|message|Medicham has Mega Evolved into Mega Medicham!
|move|p1a: Crawdaunt|Crabhammer|p2a: Medicham
|-damage|p2a: Medicham|0 fnt
|faint|p2a: Medicham
|
|-weather|Sandstorm|[upkeep]
|-damage|p1a: Crawdaunt|220\/268|[from] sandstorm
|
|switch|p2a: Forretress|Forretress, M|353\/353
|turn|9
|
|move|p1a: Crawdaunt|Knock Off|p2a: Forretress
|-activate|p2a: Forretress|Sturdy
|-damage|p2a: Forretress|1\/353
|-enditem|p2a: Forretress|Leftovers|[from] move: Knock Off|[of] p1a: Crawdaunt
|move|p2a: Forretress|Gyro Ball|p1a: Crawdaunt
|-resisted|p1a: Crawdaunt
|-damage|p1a: Crawdaunt|158\/268
|
|-weather|Sandstorm|[upkeep]
|-damage|p1a: Crawdaunt|142\/268|[from] sandstorm
|turn|10
|
|move|p1a: Crawdaunt|Knock Off|p2a: Forretress
|-damage|p2a: Forretress|0 fnt
|faint|p2a: Forretress
|
|win|penguinn546
|raw|Ladder updating...
|raw|penguinn546's rating: 1492 &rarr; <strong>1516<\/strong><br \/>(+24 for winning)
|raw|DumberThanSlowpoke's rating: 1558 &rarr; <strong>1535<\/strong><br \/>(-23 for losing)
|leave|DumberThanSlowpoke
|player|p2