|join|DumberThanSlowpoke
|join|IcyFireDelta
|player|p1|DumberThanSlowpoke|168
|player|p2|IcyFireDelta|101
|gametype|singles
|gen|6
|tier|OU
|rated
|clearpoke
|poke|p1|Terrakion
|poke|p1|Alakazam, F
|poke|p1|Bisharp, M
|poke|p1|Gengar, F
|poke|p1|Azumarill, F
|poke|p1|Garchomp, F
|poke|p2|Darmanitan, F
|poke|p2|Kyurem-Black
|poke|p2|Medicham, M
|poke|p2|Whimsicott, M
|poke|p2|Rotom-Wash
|poke|p2|Sylveon, F
|rule|Swagger Clause: Swagger is banned
|rule|Baton Pass Clause: Limit one PokÃ©mon knowing Baton Pass
|rule|Sleep Clause Mod: Limit one foe put to sleep
|rule|Species Clause: Limit one of each PokÃ©mon
|rule|OHKO Clause: OHKO moves are banned
|rule|Moody Clause: Moody is banned
|rule|Evasion Moves Clause: Evasion moves are banned
|rule|Endless Battle Clause: Forcing endless battles is banned
|rule|HP Percentage Mod: HP is shown in percentages
|teampreview
|
|start
|switch|p1a: Gengar|Gengar, F|261\/261
|switch|p2a: Rotom-Wash|Rotom-Wash|304\/304
|turn|1
|
|move|p1a: Gengar|Substitute|p1a: Gengar
|-start|p1a: Gengar|Substitute
|-damage|p1a: Gengar|196\/261
|move|p2a: Rotom-Wash|Hydro Pump|p1a: Gengar|[miss]
|-miss|p2a: Rotom-Wash|p1a: Gengar
|
|turn|2
|
|switch|p2a: Whimsicott|Whimsicott, M|324\/324
|move|p1a: Gengar|Shadow Ball|p2a: Whimsicott
|-damage|p2a: Whimsicott|97\/324
|-damage|p1a: Gengar|170\/261|[from] item: Life Orb
|
|-heal|p2a: Whimsicott|117\/324|[from] item: Leftovers
|turn|3
|
|switch|p2a: Sylveon|Sylveon, F|351\/351
|move|p1a: Gengar|Shadow Ball|p2a: Sylveon
|-damage|p2a: Sylveon|242\/351
|-damage|p1a: Gengar|144\/261|[from] item: Life Orb
|
|turn|4
|
|move|p1a: Gengar|Pain Split|p2a: Sylveon
|-sethp|p2a: Sylveon|193\/351|p1a: Gengar|193\/261|[from] move: Pain Split
|move|p2a: Sylveon|Hyper Voice|p1a: Gengar
|-resisted|p1a: Gengar
|-damage|p1a: Gengar|58\/261
|
|turn|5
|
|move|p1a: Gengar|Pain Split|p2a: Sylveon
|-sethp|p2a: Sylveon|125\/351|p1a: Gengar|125\/261|[from] move: Pain Split
|move|p2a: Sylveon|Hyper Voice|p1a: Gengar
|-resisted|p1a: Gengar
|-damage|p1a: Gengar|2\/261
|
|turn|6
|
|move|p1a: Gengar|Shadow Ball|p2a: Sylveon
|-damage|p2a: Sylveon|30\/351
|-damage|p1a: Gengar|0 fnt|[from] item: Life Orb
|faint|p1a: Gengar
|move|p2a: Sylveon|Hyper Voice|p1: Gengar|[notarget]
|-notarget
|
|
|switch|p1a: Alakazam|Alakazam, F|251\/251
|turn|7
|
|move|p1a: Alakazam|Psychic|p2a: Sylveon
|-damage|p2a: Sylveon|0 fnt
|faint|p2a: Sylveon
|
|
|switch|p2a: Rotom-Wash|Rotom-Wash|304\/304
|turn|8
|
|move|p1a: Alakazam|Psychic|p2a: Rotom-Wash
|-damage|p2a: Rotom-Wash|147\/304
|-unboost|p2a: Rotom-Wash|spd|1
|move|p2a: Rotom-Wash|Trick|p1a: Alakazam
|-activate|p2a: Rotom-Wash|move: Trick|[of] p1a: Alakazam
|-item|p1a: Alakazam|Choice Specs|[from] move: Trick
|-item|p2a: Rotom-Wash|Focus Sash|[from] move: Trick
|
|turn|9
|
|move|p1a: Alakazam|Psychic|p2a: Rotom-Wash
|-damage|p2a: Rotom-Wash|0 fnt
|faint|p2a: Rotom-Wash
|
|
|switch|p2a: Medicham|Medicham, M|262\/262
|turn|10
|
|move|p2a: Medicham|High Jump Kick|p1a: Alakazam
|-resisted|p1a: Alakazam
|-damage|p1a: Alakazam|0 fnt
|faint|p1a: Alakazam
|
|
|switch|p1a: Azumarill|Azumarill, F|363\/363
|turn|11
|
|switch|p2a: Whimsicott|Whimsicott, M|117\/324
|move|p1a: Azumarill|Aqua Jet|p2a: Whimsicott
|-resisted|p2a: Whimsicott
|-damage|p2a: Whimsicott|63\/324
|
|-heal|p2a: Whimsicott|83\/324|[from] item: Leftovers
|turn|12
|
|switch|p1a: Bisharp|Bisharp, M|272\/272
|move|p2a: Whimsicott|Substitute|p2a: Whimsicott
|-start|p2a: Whimsicott|Substitute
|-damage|p2a: Whimsicott|2\/324
|
|-heal|p2a: Whimsicott|22\/324|[from] item: Leftovers
|turn|13
|
|move|p2a: Whimsicott|Leech Seed|p1a: Bisharp
|-start|p1a: Bisharp|move: Leech Seed
|move|p1a: Bisharp|Iron Head|p2a: Whimsicott
|-supereffective|p2a: Whimsicott
|-end|p2a: Whimsicott|Substitute
|
|-heal|p2a: Whimsicott|42\/324|[from] item: Leftovers
|-damage|p1a: Bisharp|238\/272|[from] Leech Seed|[of] p2a: Whimsicott
|-heal|p2a: Whimsicott|76\/324|[silent]
|turn|14
|
|switch|p2a: Darmanitan|Darmanitan, F|391\/391
|move|p1a: Bisharp|Iron Head|p2a: Darmanitan
|-resisted|p2a: Darmanitan
|-damage|p2a: Darmanitan|271\/391
|
|-damage|p1a: Bisharp|204\/272|[from] Leech Seed|[of] p2a: Darmanitan
|-heal|p2a: Darmanitan|305\/391|[silent]
|turn|15
|
|move|p1a: Bisharp|Sucker Punch|p2a: Darmanitan
|-damage|p2a: Darmanitan|0 fnt
|faint|p2a: Darmanitan
|
|
|switch|p2a: Whimsicott|Whimsicott, M|76\/324
|turn|16
|
|move|p2a: Whimsicott|Encore|p1a: Bisharp
|-start|p1a: Bisharp|Encore
|move|p1a: Bisharp|Sucker Punch|p2a: Whimsicott
|-fail|p2a: Whimsicott
|
|-heal|p2a: Whimsicott|96\/324|[from] item: Leftovers
|-damage|p1a: Bisharp|170\/272|[from] Leech Seed|[of] p2a: Whimsicott
|-heal|p2a: Whimsicott|130\/324|[silent]
|turn|17
|
|switch|p1a: Garchomp|Garchomp, F|357\/357
|move|p2a: Whimsicott|Substitute|p2a: Whimsicott
|-start|p2a: Whimsicott|Substitute
|-damage|p2a: Whimsicott|49\/324
|
|-heal|p2a: Whimsicott|69\/324|[from] item: Leftovers
|turn|18
|
|detailschange|p1a: Garchomp|Garchomp-Mega, F
|message|Garchomp has Mega Evolved into Mega Garchomp!
|move|p2a: Whimsicott|Leech Seed|p1a: Garchomp
|-start|p1a: Garchomp|move: Leech Seed
|move|p1a: Garchomp|Fire Blast|p2a: Whimsicott|[miss]
|-miss|p1a: Garchomp|p2a: Whimsicott
|
|-heal|p2a: Whimsicott|89\/324|[from] item: Leftovers
|-damage|p1a: Garchomp|313\/357|[from] Leech Seed|[of] p2a: Whimsicott
|-heal|p2a: Whimsicott|133\/324|[silent]
|turn|19
|
|move|p2a: Whimsicott|Encore|p1a: Garchomp
|-start|p1a: Garchomp|Encore
|move|p1a: Garchomp|Fire Blast|p2a: Whimsicott
|-supereffective|p2a: Whimsicott
|-end|p2a: Whimsicott|Substitute
|
|-heal|p2a: Whimsicott|153\/324|[from] item: Leftovers
|-damage|p1a: Garchomp|269\/357|[from] Leech Seed|[of] p2a: Whimsicott
|-heal|p2a: Whimsicott|197\/324|[silent]
|turn|20
|
|switch|p1a: Bisharp|Bisharp, M|170\/272
|move|p2a: Whimsicott|Substitute|p2a: Whimsicott
|-start|p2a: Whimsicott|Substitute
|-damage|p2a: Whimsicott|116\/324
|
|-heal|p2a: Whimsicott|136\/324|[from] item: Leftovers
|turn|21
|
|move|p2a: Whimsicott|Leech Seed|p1a: Bisharp
|-start|p1a: Bisharp|move: Leech Seed
|move|p1a: Bisharp|Iron Head|p2a: Whimsicott
|-crit|p2a: Whimsicott
|-supereffective|p2a: Whimsicott
|-end|p2a: Whimsicott|Substitute
|
|-heal|p2a: Whimsicott|156\/324|[from] item: Leftovers
|-damage|p1a: Bisharp|136\/272|[from] Leech Seed|[of] p2a: Whimsicott
|-heal|p2a: Whimsicott|190\/324|[silent]
|turn|22
|
|move|p2a: Whimsicott|Substitute|p2a: Whimsicott
|-start|p2a: Whimsicott|Substitute
|-damage|p2a: Whimsicott|109\/324
|move|p1a: Bisharp|Iron Head|p2a: Whimsicott
|-supereffective|p2a: Whimsicott
|-end|p2a: Whimsicott|Substitute
|
|-heal|p2a: Whimsicott|129\/324|[from] item: Leftovers
|-damage|p1a: Bisharp|102\/272|[from] Leech Seed|[of] p2a: Whimsicott
|-heal|p2a: Whimsicott|163\/324|[silent]
|turn|23
|
|move|p2a: Whimsicott|Substitute|p2a: Whimsicott
|-start|p2a: Whimsicott|Substitute
|-damage|p2a: Whimsicott|82\/324
|move|p1a: Bisharp|Iron Head|p2a: Whimsicott
|-supereffective|p2a: Whimsicott
|-end|p2a: Whimsicott|Substitute
|
|-heal|p2a: Whimsicott|102\/324|[from] item: Leftovers
|-damage|p1a: Bisharp|68\/272|[from] Leech Seed|[of] p2a: Whimsicott
|-heal|p2a: Whimsicott|136\/324|[silent]
|turn|24
|
|move|p2a: Whimsicott|Substitute|p2a: Whimsicott
|-start|p2a: Whimsicott|Substitute
|-damage|p2a: Whimsicott|55\/324
|move|p1a: Bisharp|Iron Head|p2a: Whimsicott
|-supereffective|p2a: Whimsicott
|-end|p2a: Whimsicott|Substitute
|
|-heal|p2a: Whimsicott|75\/324|[from] item: Leftovers
|-damage|p1a: Bisharp|34\/272|[from] Leech Seed|[of] p2a: Whimsicott
|-heal|p2a: Whimsicott|109\/324|[silent]
|turn|25
|
|move|p2a: Whimsicott|Substitute|p2a: Whimsicott
|-start|p2a: Whimsicott|Substitute
|-damage|p2a: Whimsicott|28\/324
|move|p1a: Bisharp|Iron Head|p2a: Whimsicott
|-supereffective|p2a: Whimsicott
|-end|p2a: Whimsicott|Substitute
|
|-heal|p2a: Whimsicott|48\/324|[from] item: Leftovers
|-damage|p1a: Bisharp|0 fnt|[from] Leech Seed|[of] p2a: Whimsicott
|-heal|p2a: Whimsicott|82\/324|[silent]
|faint|p1a: Bisharp
|
|switch|p1a: Azumarill|Azumarill, F|363\/363
|turn|26
|c|âIcyFireDelta|gg
|
|move|p2a: Whimsicott|Substitute|p2a: Whimsicott
|-start|p2a: Whimsicott|Substitute
|-damage|p2a: Whimsicott|1\/324
|move|p1a: Azumarill|Play Rough|p2a: Whimsicott|[miss]
|-miss|p1a: Azumarill|p2a: Whimsicott
|
|-heal|p2a: Whimsicott|21\/324|[from] item: Leftovers
|turn|27
|
|move|p2a: Whimsicott|Leech Seed|p1a: Azumarill
|-start|p1a: Azumarill|move: Leech Seed
|move|p1a: Azumarill|Play Rough|p2a: Whimsicott
|-end|p2a: Whimsicott|Substitute
|
|-heal|p2a: Whimsicott|41\/324|[from] item: Leftovers
|-damage|p1a: Azumarill|318\/363|[from] Leech Seed|[of] p2a: Whimsicott
|-heal|p2a: Whimsicott|86\/324|[silent]
|turn|28
|c|âIcyFireDelta|that band wont help u one bit
|
|move|p2a: Whimsicott|Substitute|p2a: Whimsicott
|-start|p2a: Whimsicott|Substitute
|-damage|p2a: Whimsicott|5\/324
|move|p1a: Azumarill|Play Rough|p2a: Whimsicott
|-end|p2a: Whimsicott|Substitute
|
|-heal|p2a: Whimsicott|25\/324|[from] item: Leftovers
|-damage|p1a: Azumarill|273\/363|[from] Leech Seed|[of] p2a: Whimsicott
|-heal|p2a: Whimsicott|70\/324|[silent]
|turn|29
|
|move|p2a: Whimsicott|Tailwind|p2a: Whimsicott
|-sidestart|p2: IcyFireDelta|move: Tailwind
|move|p1a: Azumarill|Play Rough|p2a: Whimsicott
|-damage|p2a: Whimsicott|0 fnt
|faint|p2a: Whimsicott
|
|
|switch|p2a: Kyurem-Black|Kyurem-Black|391\/391
|-ability|p2a: Kyurem-Black|Teravolt
|turn|30
|
|switch|p1a: Garchomp|Garchomp-Mega, F|269\/357
|move|p2a: Kyurem-Black|Fusion Bolt|p1a: Garchomp
|-immune|p1a: Garchomp|[msg]
|
|turn|31
|
|switch|p1a: Azumarill|Azumarill, F|273\/363
|move|p2a: Kyurem-Black|Ice Beam|p1a: Azumarill
|-resisted|p1a: Azumarill
|-damage|p1a: Azumarill|159\/363
|-damage|p2a: Kyurem-Black|352\/391|[from] item: Life Orb
|
|turn|32
|
|switch|p1a: Garchomp|Garchomp-Mega, F|269\/357
|move|p2a: Kyurem-Black|Fusion Bolt|p1a: Garchomp
|-immune|p1a: Garchomp|[msg]
|
|-sideend|p2: IcyFireDelta|move: Tailwind
|turn|33
|
|move|p1a: Garchomp|Draco Meteor|p2a: Kyurem-Black
|-supereffective|p2a: Kyurem-Black
|-damage|p2a: Kyurem-Black|0 fnt
|-unboost|p1a: Garchomp|spa|2
|faint|p2a: Kyurem-Black
|
|
|switch|p2a: Medicham|Medicham, M|262\/262
|turn|34
|
|switch|p1a: Terrakion|Terrakion|323\/323
|move|p2a: Medicham|High Jump Kick|p1a: Terrakion
|-supereffective|p1a: Terrakion
|-enditem|p1a: Terrakion|Focus Sash
|-damage|p1a: Terrakion|1\/323
|
|turn|35
|
|move|p2a: Medicham|High Jump Kick|p1a: Terrakion
|-supereffective|p1a: Terrakion
|-damage|p1a: Terrakion|0 fnt
|faint|p1a: Terrakion
|
|
|switch|p1a: Garchomp|Garchomp-Mega, F|269\/357
|turn|36
|
|move|p2a: Medicham|High Jump Kick|p1a: Garchomp
|-crit|p1a: Garchomp
|-damage|p1a: Garchomp|0 fnt
|faint|p1a: Garchomp
|
|
|switch|p1a: Azumarill|Azumarill, F|159\/363
|turn|37
|
|move|p1a: Azumarill|Aqua Jet|p2a: Medicham
|-damage|p2a: Medicham|88\/262
|move|p2a: Medicham|High Jump Kick|p1a: Azumarill
|-crit|p1a: Azumarill
|-resisted|p1a: Azumarill
|-damage|p1a: Azumarill|0 fnt
|faint|p1a: Azumarill
|
|win|IcyFireDelta
|raw|Ladder updating...
|raw|DumberThanSlowpoke's rating: 1518 &rarr; <strong>1498<\/strong><br \/>(-20 for losing)
|raw|IcyFireDelta's rating: 1531 &rarr; <strong>1550<\/strong><br \/>(+19 for winning)
|c|âIcyFireDelta|oh well. he tried