|join|DumberThanSlowpoke
|join|pake13
|player|p1|DumberThanSlowpoke|168
|player|p2|pake13|137
|gametype|singles
|gen|6
|tier|OU
|rated
|clearpoke
|poke|p1|Gyarados, F
|poke|p1|Gothitelle, M
|poke|p1|Landorus-Therian, M
|poke|p1|Excadrill, M
|poke|p1|Sylveon, M
|poke|p1|Weavile, F
|poke|p2|Donphan, M
|poke|p2|Scizor, F
|poke|p2|Ampharos, M
|poke|p2|Heracross, M
|poke|p2|Slowking, M
|poke|p2|Crobat, F
|rule|Swagger Clause: Swagger is banned
|rule|Baton Pass Clause: Limit one PokÃ©mon knowing Baton Pass
|rule|Sleep Clause Mod: Limit one foe put to sleep
|rule|Species Clause: Limit one of each PokÃ©mon
|rule|OHKO Clause: OHKO moves are banned
|rule|Moody Clause: Moody is banned
|rule|Evasion Moves Clause: Evasion moves are banned
|rule|Endless Battle Clause: Forcing endless battles is banned
|rule|HP Percentage Mod: HP is shown in percentages
|teampreview
|
|start
|switch|p1a: Landorus-Therian|Landorus-Therian, M|382\/382
|switch|p2a: horton|Donphan, M|384\/384
|-ability|p1a: Landorus-Therian|Intimidate|[of] p2a: horton
|-unboost|p2a: horton|atk|1
|turn|1
|
|move|p1a: Landorus-Therian|Stealth Rock|p2a: horton
|-sidestart|p2: pake13|move: Stealth Rock
|move|p2a: horton|Knock Off|p1a: Landorus-Therian
|-damage|p1a: Landorus-Therian|320\/382
|-damage|p2a: horton|320\/384|[from] item: Rocky Helmet|[of] p1a: Landorus-Therian
|-enditem|p1a: Landorus-Therian|Rocky Helmet|[from] move: Knock Off|[of] p2a: horton
|
|turn|2
|
|switch|p2a: red dead redmeptio|Scizor, F|320\/320
|-damage|p2a: red dead redmeptio|280\/320|[from] Stealth Rock
|move|p1a: Landorus-Therian|U-turn|p2a: red dead redmeptio
|-resisted|p2a: red dead redmeptio
|-damage|p2a: red dead redmeptio|248\/320
|
|switch|p1a: Gothitelle|Gothitelle, M|281\/281
|
|turn|3
|
|move|p1a: Gothitelle|Hidden Power|p2a: red dead redmeptio
|-supereffective|p2a: red dead redmeptio
|-damage|p2a: red dead redmeptio|0 fnt
|faint|p2a: red dead redmeptio
|
|
|switch|p2a: not a sheep|Ampharos, M|384\/384
|-damage|p2a: not a sheep|336\/384|[from] Stealth Rock
|turn|4
|
|switch|p1a: Excadrill|Excadrill, M|391\/391
|-ability|p1a: Excadrill|Mold Breaker
|detailschange|p2a: not a sheep|Ampharos-Mega, M
|message|Ampharos has Mega Evolved into Mega Ampharos!
|-ability|p2a: not a sheep|Mold Breaker
|move|p2a: not a sheep|Signal Beam|p1a: Excadrill
|-resisted|p1a: Excadrill
|-damage|p1a: Excadrill|351\/391
|-start|p1a: Excadrill|confusion
|
|turn|5
|
|switch|p2a: horton|Donphan, M|320\/384
|-damage|p2a: horton|296\/384|[from] Stealth Rock
|-activate|p1a: Excadrill|confusion
|move|p1a: Excadrill|Earthquake|p2a: horton
|-damage|p2a: horton|130\/384
|
|turn|6
|
|-end|p1a: Excadrill|confusion
|move|p1a: Excadrill|Earthquake|p2a: horton
|-damage|p2a: horton|0 fnt
|faint|p2a: horton
|
|
|switch|p2a: Heraclease|Heracross, M|302\/302
|-damage|p2a: Heraclease|265\/302|[from] Stealth Rock
|turn|7
|
|switch|p1a: Landorus-Therian|Landorus-Therian, M|320\/382
|-ability|p1a: Landorus-Therian|Intimidate|[of] p2a: Heraclease
|-unboost|p2a: Heraclease|atk|1
|move|p2a: Heraclease|Close Combat|p1a: Landorus-Therian
|-resisted|p1a: Landorus-Therian
|-damage|p1a: Landorus-Therian|268\/382
|-unboost|p2a: Heraclease|def|1
|-unboost|p2a: Heraclease|spd|1
|
|turn|8
|
|switch|p2a: cross wing|Crobat, F|374\/374
|-damage|p2a: cross wing|281\/374|[from] Stealth Rock
|move|p1a: Landorus-Therian|Stone Edge|p2a: cross wing
|-crit|p2a: cross wing
|-supereffective|p2a: cross wing
|-damage|p2a: cross wing|0 fnt
|faint|p2a: cross wing
|
|
|switch|p2a: i can talk?|Slowking, M|394\/394
|-damage|p2a: i can talk?|345\/394|[from] Stealth Rock
|turn|9
|
|move|p1a: Landorus-Therian|U-turn|p2a: i can talk?
|-supereffective|p2a: i can talk?
|-damage|p2a: i can talk?|151\/394
|
|switch|p1a: Gothitelle|Gothitelle, M|281\/281
|move|p2a: i can talk?|Scald|p1a: Gothitelle
|-damage|p1a: Gothitelle|187\/281
|
|-heal|p2a: i can talk?|175\/394|[from] item: Leftovers
|turn|10
|
|move|p1a: Gothitelle|Thunderbolt|p2a: i can talk?
|-supereffective|p2a: i can talk?
|-damage|p2a: i can talk?|0 fnt
|faint|p2a: i can talk?
|
|
|switch|p2a: Heraclease|Heracross, M|265\/302
|-damage|p2a: Heraclease|228\/302|[from] Stealth Rock
|turn|11
|
|switch|p1a: Landorus-Therian|Landorus-Therian, M|268\/382
|-ability|p1a: Landorus-Therian|Intimidate|[of] p2a: Heraclease
|-unboost|p2a: Heraclease|atk|1
|move|p2a: Heraclease|Megahorn|p1a: Landorus-Therian
|-resisted|p1a: Landorus-Therian
|-damage|p1a: Landorus-Therian|216\/382
|
|turn|12
|
|move|p2a: Heraclease|Megahorn|p1a: Landorus-Therian
|-resisted|p1a: Landorus-Therian
|-damage|p1a: Landorus-Therian|165\/382
|move|p1a: Landorus-Therian|U-turn|p2a: Heraclease
|-resisted|p2a: Heraclease
|-damage|p2a: Heraclease|178\/302
|
|switch|p1a: Sylveon|Sylveon, M|394\/394
|
|turn|13
|
|move|p2a: Heraclease|Megahorn|p1a: Sylveon
|-resisted|p1a: Sylveon
|-damage|p1a: Sylveon|331\/394
|move|p1a: Sylveon|Hyper Voice|p2a: Heraclease
|-supereffective|p2a: Heraclease
|-damage|p2a: Heraclease|0 fnt
|faint|p2a: Heraclease
|
|-heal|p1a: Sylveon|355\/394|[from] item: Leftovers
|
|switch|p2a: not a sheep|Ampharos-Mega, M|336\/384
|-damage|p2a: not a sheep|288\/384|[from] Stealth Rock
|-ability|p2a: not a sheep|Mold Breaker
|turn|14
|
|move|p1a: Sylveon|Hyper Voice|p2a: not a sheep
|-supereffective|p2a: not a sheep
|-damage|p2a: not a sheep|10\/384
|move|p2a: not a sheep|Thunderbolt|p1a: Sylveon
|-damage|p1a: Sylveon|198\/394
|
|-heal|p1a: Sylveon|222\/394|[from] item: Leftovers
|turn|15
|
|move|p1a: Sylveon|Hyper Voice|p2a: not a sheep
|-supereffective|p2a: not a sheep
|-damage|p2a: not a sheep|0 fnt
|faint|p2a: not a sheep
|
|win|DumberThanSlowpoke
|raw|Ladder updating...
|raw|DumberThanSlowpoke's rating: 1427 &rarr; <strong>1445<\/strong><br \/>(+18 for winning)
|raw|pake13's rating: 1397 &rarr; <strong>1379<\/strong><br \/>(-18 for losing)
|leave|pake13
|player|p2