|join|HOF69
|join|DumberThanSlowpoke
|player|p1|HOF69|163
|player|p2|DumberThanSlowpoke|168
|gametype|singles
|gen|6
|tier|OU
|rated
|clearpoke
|poke|p1|Dragonite, M
|poke|p1|Scizor, M
|poke|p1|Clefable, M
|poke|p1|Sableye, M
|poke|p1|Venusaur, M
|poke|p1|Landorus-Therian, M
|poke|p2|Gyarados, F
|poke|p2|Gothitelle, F
|poke|p2|Landorus-Therian, M
|poke|p2|Excadrill, M
|poke|p2|Sylveon, F
|poke|p2|Weavile, F
|rule|Swagger Clause: Swagger is banned
|rule|Baton Pass Clause: Limit one PokÃ©mon knowing Baton Pass
|rule|Sleep Clause Mod: Limit one foe put to sleep
|rule|Species Clause: Limit one of each PokÃ©mon
|rule|OHKO Clause: OHKO moves are banned
|rule|Moody Clause: Moody is banned
|rule|Evasion Moves Clause: Evasion moves are banned
|rule|Endless Battle Clause: Forcing endless battles is banned
|rule|HP Percentage Mod: HP is shown in percentages
|teampreview
|
|start
|switch|p1a: Venusaur|Venusaur, M|302\/302
|switch|p2a: Landorus-Therian|Landorus-Therian, M|382\/382
|-ability|p2a: Landorus-Therian|Intimidate|[of] p1a: Venusaur
|-unboost|p1a: Venusaur|atk|1
|turn|1
|
|switch|p2a: Gothitelle|Gothitelle, F|281\/281
|detailschange|p1a: Venusaur|Venusaur-Mega, M
|message|Venusaur has Mega Evolved into Mega Venusaur!
|move|p1a: Venusaur|Leech Seed|p2a: Gothitelle
|-start|p2a: Gothitelle|move: Leech Seed
|
|-damage|p2a: Gothitelle|246\/281|[from] Leech Seed|[of] p1a: Venusaur
|turn|2
|
|move|p1a: Venusaur|Giga Drain|p2a: Gothitelle
|-damage|p2a: Gothitelle|107\/281
|move|p2a: Gothitelle|Psychic|p1a: Venusaur
|-supereffective|p1a: Venusaur
|-damage|p1a: Venusaur|0 fnt
|faint|p1a: Venusaur
|
|
|switch|p1a: Landorus-Therian|Landorus-Therian, M|319\/319
|-ability|p1a: Landorus-Therian|Intimidate|[of] p2a: Gothitelle
|-unboost|p2a: Gothitelle|atk|1
|turn|3
|
|switch|p2a: Landorus-Therian|Landorus-Therian, M|382\/382
|-ability|p2a: Landorus-Therian|Intimidate|[of] p1a: Landorus-Therian
|-unboost|p1a: Landorus-Therian|atk|1
|move|p1a: Landorus-Therian|Knock Off|p2a: Landorus-Therian
|-crit|p2a: Landorus-Therian
|-damage|p2a: Landorus-Therian|225\/382
|-damage|p1a: Landorus-Therian|266\/319|[from] item: Rocky Helmet|[of] p2a: Landorus-Therian
|-enditem|p2a: Landorus-Therian|Rocky Helmet|[from] move: Knock Off|[of] p1a: Landorus-Therian
|
|turn|4
|
|switch|p1a: Sableye|Sableye, M|304\/304
|move|p2a: Landorus-Therian|Stealth Rock|p1a: Sableye
|-sidestart|p1: HOF69|move: Stealth Rock
|
|turn|5
|
|switch|p2a: Sylveon|Sylveon, F|394\/394
|move|p1a: Sableye|Will-O-Wisp|p2a: Sylveon|[miss]
|-miss|p1a: Sableye|p2a: Sylveon
|
|turn|6
|
|switch|p1a: Scizor|Scizor, M|344\/344
|-damage|p1a: Scizor|301\/344|[from] Stealth Rock
|move|p2a: Sylveon|Hyper Voice|p1a: Scizor
|-resisted|p1a: Scizor
|-damage|p1a: Scizor|207\/344
|
|-heal|p1a: Scizor|228\/344|[from] item: Leftovers
|turn|7
|
|move|p1a: Scizor|Defog|p2a: Sylveon
|-unboost|p2a: Sylveon|evasion|1
|-sideend|p1: HOF69|Stealth Rock|[from] move: Defog|[of] p1a: Scizor
|move|p2a: Sylveon|Wish|p2a: Sylveon
|
|-heal|p1a: Scizor|249\/344|[from] item: Leftovers
|turn|8
|
|switch|p2a: Gothitelle|Gothitelle, F|107\/281
|move|p1a: Scizor|Swords Dance|p1a: Scizor
|-boost|p1a: Scizor|atk|2
|
|-heal|p2a: Gothitelle|281\/281|[from] move: Wish|[wisher] Sylveon
|-heal|p1a: Scizor|270\/344|[from] item: Leftovers
|turn|9
|
|move|p2a: Gothitelle|Hidden Power|p1a: Scizor
|-supereffective|p1a: Scizor
|-damage|p1a: Scizor|0 fnt
|faint|p1a: Scizor
|
|
|switch|p1a: Landorus-Therian|Landorus-Therian, M|266\/319
|-ability|p1a: Landorus-Therian|Intimidate|[of] p2a: Gothitelle
|-unboost|p2a: Gothitelle|atk|1
|turn|10
|
|switch|p2a: Gyarados|Gyarados, F|331\/331
|-ability|p2a: Gyarados|Intimidate|[of] p1a: Landorus-Therian
|-unboost|p1a: Landorus-Therian|atk|1
|move|p1a: Landorus-Therian|Stealth Rock|p2a: Gyarados
|-sidestart|p2: DumberThanSlowpoke|move: Stealth Rock
|
|turn|11
|
|detailschange|p2a: Gyarados|Gyarados-Mega, F
|message|Gyarados has Mega Evolved into Mega Gyarados!
|-ability|p2a: Gyarados|Mold Breaker
|move|p1a: Landorus-Therian|Knock Off|p2a: Gyarados
|-crit|p2a: Gyarados
|-resisted|p2a: Gyarados
|-damage|p2a: Gyarados|272\/331
|move|p2a: Gyarados|Waterfall|p1a: Landorus-Therian
|-supereffective|p1a: Landorus-Therian
|-damage|p1a: Landorus-Therian|0 fnt
|faint|p1a: Landorus-Therian
|
|
|switch|p1a: Dragonite|Dragonite, M|324\/324
|turn|12
|
|switch|p2a: Sylveon|Sylveon, F|394\/394
|-damage|p2a: Sylveon|345\/394|[from] Stealth Rock
|move|p1a: Dragonite|Dragon Dance|p1a: Dragonite
|-boost|p1a: Dragonite|atk|1
|-boost|p1a: Dragonite|spe|1
|
|-heal|p2a: Sylveon|369\/394|[from] item: Leftovers
|turn|13
|
|move|p1a: Dragonite|Earthquake|p2a: Sylveon
|-damage|p2a: Sylveon|189\/394
|move|p2a: Sylveon|Hyper Voice|p1a: Dragonite
|-supereffective|p1a: Dragonite
|-damage|p1a: Dragonite|170\/324
|
|-heal|p2a: Sylveon|213\/394|[from] item: Leftovers
|turn|14
|
|move|p1a: Dragonite|Dragon Dance|p1a: Dragonite
|-boost|p1a: Dragonite|atk|1
|-boost|p1a: Dragonite|spe|1
|move|p2a: Sylveon|Hyper Voice|p1a: Dragonite
|-supereffective|p1a: Dragonite
|-damage|p1a: Dragonite|0 fnt
|faint|p1a: Dragonite
|
|-heal|p2a: Sylveon|237\/394|[from] item: Leftovers
|
|switch|p1a: Clefable|Clefable, M|394\/394
|turn|15
|
|switch|p2a: Excadrill|Excadrill, M|391\/391
|-damage|p2a: Excadrill|379\/391|[from] Stealth Rock
|-ability|p2a: Excadrill|Mold Breaker
|move|p1a: Clefable|Calm Mind|p1a: Clefable
|-boost|p1a: Clefable|spa|1
|-boost|p1a: Clefable|spd|1
|
|turn|16
|
|move|p2a: Excadrill|Iron Head|p1a: Clefable
|-supereffective|p1a: Clefable
|-damage|p1a: Clefable|146\/394
|move|p1a: Clefable|Flamethrower|p2a: Excadrill
|-supereffective|p2a: Excadrill
|-damage|p2a: Excadrill|241\/391
|
|-heal|p1a: Clefable|170\/394|[from] item: Leftovers
|turn|17
|
|switch|p1a: Sableye|Sableye, M|304\/304
|move|p2a: Excadrill|Iron Head|p1a: Sableye
|-damage|p1a: Sableye|148\/304
|
|-heal|p1a: Sableye|167\/304|[from] item: Leftovers
|turn|18
|
|switch|p2a: Sylveon|Sylveon, F|237\/394
|-damage|p2a: Sylveon|188\/394|[from] Stealth Rock
|move|p1a: Sableye|Will-O-Wisp|p2a: Sylveon
|-status|p2a: Sylveon|brn
|
|-heal|p2a: Sylveon|212\/394 brn|[from] item: Leftovers
|-heal|p1a: Sableye|186\/304|[from] item: Leftovers
|-damage|p2a: Sylveon|163\/394 brn|[from] brn
|turn|19
|
|move|p1a: Sableye|Taunt|p2a: Sylveon
|-start|p2a: Sylveon|move: Taunt
|move|p2a: Sylveon|Hyper Voice|p1a: Sableye
|-supereffective|p1a: Sableye
|-damage|p1a: Sableye|0 fnt
|faint|p1a: Sableye
|
|-heal|p2a: Sylveon|187\/394 brn|[from] item: Leftovers
|-damage|p2a: Sylveon|138\/394 brn|[from] brn
|
|switch|p1a: Clefable|Clefable, M|170\/394
|turn|20
|
|switch|p2a: Excadrill|Excadrill, M|241\/391
|-damage|p2a: Excadrill|229\/391|[from] Stealth Rock
|-ability|p2a: Excadrill|Mold Breaker
|move|p1a: Clefable|Soft-Boiled|p1a: Clefable
|-heal|p1a: Clefable|367\/394
|
|-heal|p1a: Clefable|391\/394|[from] item: Leftovers
|turn|21
|
|move|p2a: Excadrill|Iron Head|p1a: Clefable
|-crit|p1a: Clefable
|-supereffective|p1a: Clefable
|-damage|p1a: Clefable|11\/394
|cant|p1a: Clefable|flinch
|
|-heal|p1a: Clefable|35\/394|[from] item: Leftovers
|turn|22
|
|move|p2a: Excadrill|Iron Head|p1a: Clefable
|-supereffective|p1a: Clefable
|-damage|p1a: Clefable|0 fnt
|faint|p1a: Clefable
|
|win|DumberThanSlowpoke
|raw|Ladder updating...
|raw|HOF69's rating: 1593 &rarr; <strong>1570<\/strong><br \/>(-23 for losing)
|raw|DumberThanSlowpoke's rating: 1551 &rarr; <strong>1574<\/strong><br \/>(+23 for winning)
|leave|HOF69
|player|p1