|join|Sandman208
|join|DumberThanSlowpoke
|player|p1|Sandman208|1
|player|p2|DumberThanSlowpoke|168
|gametype|singles
|gen|6
|tier|OU
|rated
|clearpoke
|poke|p1|Hippowdon, M
|poke|p1|Tyranitar, M
|poke|p1|Excadrill, F
|poke|p1|Skarmory, F
|poke|p1|Chansey, F
|poke|p1|Alakazam, M
|poke|p2|Klefki, M
|poke|p2|Scolipede, F
|poke|p2|Heracross, M
|poke|p2|Landorus, M
|poke|p2|Excadrill, F
|poke|p2|Rotom-Wash
|rule|Swagger Clause: Swagger is banned
|rule|Baton Pass Clause: Limit one PokÃ©mon knowing Baton Pass
|rule|Sleep Clause Mod: Limit one foe put to sleep
|rule|Species Clause: Limit one of each PokÃ©mon
|rule|OHKO Clause: OHKO moves are banned
|rule|Moody Clause: Moody is banned
|rule|Evasion Moves Clause: Evasion moves are banned
|rule|Endless Battle Clause: Forcing endless battles is banned
|rule|HP Percentage Mod: HP is shown in percentages
|teampreview
|
|start
|switch|p1a: Hippowdon|Hippowdon, M|420\/420
|switch|p2a: Klefki|Klefki, M|318\/318
|-weather|Sandstorm
|turn|1
|
|move|p2a: Klefki|Reflect|p2a: Klefki
|-sidestart|p2: DumberThanSlowpoke|Reflect
|move|p1a: Hippowdon|Stealth Rock|p2a: Klefki
|-sidestart|p2: DumberThanSlowpoke|move: Stealth Rock
|
|-weather|Sandstorm|[upkeep]
|turn|2
|
|move|p2a: Klefki|Light Screen|p2a: Klefki
|-sidestart|p2: DumberThanSlowpoke|move: Light Screen
|move|p1a: Hippowdon|Whirlwind|p2a: Klefki
|drag|p2a: Landorus|Landorus, M|319\/319
|-damage|p2a: Landorus|280\/319|[from] Stealth Rock
|
|-weather|Sandstorm|[upkeep]
|turn|3
|
|switch|p1a: Skarmory|Skarmory, F|334\/334
|move|p2a: Landorus|Earth Power|p1a: Skarmory
|-immune|p1a: Skarmory|[msg]
|
|-weather|Sandstorm|[upkeep]
|turn|4
|
|move|p2a: Landorus|Focus Blast|p1a: Skarmory|[miss]
|-miss|p2a: Landorus|p1a: Skarmory
|move|p1a: Skarmory|Whirlwind|p2a: Landorus
|drag|p2a: Scolipede|Scolipede, F|323\/323
|-damage|p2a: Scolipede|243\/323|[from] Stealth Rock
|
|-weather|Sandstorm|[upkeep]
|-damage|p2a: Scolipede|223\/323|[from] sandstorm
|turn|5
|
|switch|p2a: Rotom-Wash|Rotom-Wash|304\/304
|-damage|p2a: Rotom-Wash|266\/304|[from] Stealth Rock
|move|p1a: Skarmory|Brave Bird|p2a: Rotom-Wash
|-resisted|p2a: Rotom-Wash
|-damage|p2a: Rotom-Wash|245\/304
|-damage|p1a: Skarmory|327\/334|[from] recoil|[of] p2a: Rotom-Wash
|
|-weather|Sandstorm|[upkeep]
|-damage|p2a: Rotom-Wash|226\/304|[from] sandstorm
|-heal|p2a: Rotom-Wash|245\/304|[from] item: Leftovers
|turn|6
|
|switch|p1a: Chansey|Chansey, F|642\/642
|move|p2a: Rotom-Wash|Volt Switch|p1a: Chansey
|-crit|p1a: Chansey
|-damage|p1a: Chansey|570\/642
|
|switch|p2a: Heracross|Heracross, M|308\/308
|-damage|p2a: Heracross|270\/308|[from] Stealth Rock
|
|-weather|Sandstorm|[upkeep]
|-damage|p2a: Heracross|251\/308|[from] sandstorm
|-damage|p1a: Chansey|530\/642|[from] sandstorm
|turn|7
|
|switch|p1a: Skarmory|Skarmory, F|327\/334
|detailschange|p2a: Heracross|Heracross-Mega, M
|message|Heracross has Mega Evolved into Mega Heracross!
|move|p2a: Heracross|Close Combat|p1a: Skarmory
|-damage|p1a: Skarmory|144\/334
|-damage|p2a: Heracross|200\/308|[from] item: Rocky Helmet|[of] p1a: Skarmory
|-unboost|p2a: Heracross|def|1
|-unboost|p2a: Heracross|spd|1
|
|-weather|Sandstorm|[upkeep]
|-damage|p2a: Heracross|181\/308|[from] sandstorm
|turn|8
|
|switch|p1a: Hippowdon|Hippowdon, M|420\/420
|move|p2a: Heracross|Close Combat|p1a: Hippowdon
|-crit|p1a: Hippowdon
|-damage|p1a: Hippowdon|119\/420
|-unboost|p2a: Heracross|def|1
|-unboost|p2a: Heracross|spd|1
|
|-weather|none
|-sideend|p2: DumberThanSlowpoke|Reflect
|turn|9
|
|switch|p1a: Skarmory|Skarmory, F|144\/334
|move|p2a: Heracross|Bullet Seed|p1a: Skarmory
|-resisted|p1a: Skarmory
|-damage|p1a: Skarmory|138\/334
|-resisted|p1a: Skarmory
|-damage|p1a: Skarmory|132\/334
|-resisted|p1a: Skarmory
|-damage|p1a: Skarmory|126\/334
|-resisted|p1a: Skarmory
|-damage|p1a: Skarmory|120\/334
|-resisted|p1a: Skarmory
|-damage|p1a: Skarmory|113\/334
|-hitcount|p1a: Skarmory|5
|
|-sideend|p2: DumberThanSlowpoke|move: Light Screen
|turn|10
|
|move|p2a: Heracross|Close Combat|p1a: Skarmory
|-damage|p1a: Skarmory|0 fnt
|-damage|p2a: Heracross|130\/308|[from] item: Rocky Helmet|[of] p1a: Skarmory
|-unboost|p2a: Heracross|def|1
|-unboost|p2a: Heracross|spd|1
|faint|p1a: Skarmory
|
|
|switch|p1a: Alakazam|Alakazam, M|252\/252
|turn|11
|
|switch|p2a: Klefki|Klefki, M|318\/318
|-damage|p2a: Klefki|299\/318|[from] Stealth Rock
|move|p1a: Alakazam|Hidden Power|p2a: Klefki
|-supereffective|p2a: Klefki
|-damage|p2a: Klefki|155\/318
|
|turn|12
|
|switch|p1a: Hippowdon|Hippowdon, M|119\/420
|-weather|Sandstorm
|move|p2a: Klefki|Light Screen|p2a: Klefki
|-sidestart|p2: DumberThanSlowpoke|move: Light Screen
|
|-weather|Sandstorm|[upkeep]
|turn|13
|
|move|p2a: Klefki|Reflect|p2a: Klefki
|-sidestart|p2: DumberThanSlowpoke|Reflect
|move|p1a: Hippowdon|Slack Off|p1a: Hippowdon
|-heal|p1a: Hippowdon|329\/420
|
|-weather|Sandstorm|[upkeep]
|turn|14
|
|move|p2a: Klefki|Spikes|p1a: Hippowdon
|-sidestart|p1: Sandman208|Spikes
|move|p1a: Hippowdon|Earthquake|p2a: Klefki
|-crit|p2a: Klefki
|-supereffective|p2a: Klefki
|-damage|p2a: Klefki|0 fnt
|faint|p2a: Klefki
|
|-weather|Sandstorm|[upkeep]
|
|switch|p2a: Heracross|Heracross-Mega, M|130\/308
|-damage|p2a: Heracross|92\/308|[from] Stealth Rock
|turn|15
|
|move|p2a: Heracross|Bullet Seed|p1a: Hippowdon
|-supereffective|p1a: Hippowdon
|-damage|p1a: Hippowdon|277\/420
|-supereffective|p1a: Hippowdon
|-damage|p1a: Hippowdon|217\/420
|-crit|p1a: Hippowdon
|-supereffective|p1a: Hippowdon
|-damage|p1a: Hippowdon|135\/420
|-supereffective|p1a: Hippowdon
|-damage|p1a: Hippowdon|75\/420
|-supereffective|p1a: Hippowdon
|-damage|p1a: Hippowdon|13\/420
|-hitcount|p1a: Hippowdon|5
|move|p1a: Hippowdon|Whirlwind|p2a: Heracross
|drag|p2a: Landorus|Landorus, M|280\/319
|-damage|p2a: Landorus|241\/319|[from] Stealth Rock
|
|-weather|Sandstorm|[upkeep]
|turn|16
|
|move|p2a: Landorus|Focus Blast|p1a: Hippowdon|[miss]
|-miss|p2a: Landorus|p1a: Hippowdon
|move|p1a: Hippowdon|Slack Off|p1a: Hippowdon
|-heal|p1a: Hippowdon|223\/420
|
|-weather|Sandstorm|[upkeep]
|turn|17
|
|move|p2a: Landorus|Psychic|p1a: Hippowdon
|-damage|p1a: Hippowdon|2\/420
|move|p1a: Hippowdon|Slack Off|p1a: Hippowdon
|-heal|p1a: Hippowdon|212\/420
|
|-weather|Sandstorm|[upkeep]
|turn|18
|
|switch|p1a: Tyranitar|Tyranitar, M|404\/404
|-damage|p1a: Tyranitar|354\/404|[from] Spikes
|move|p2a: Landorus|Psychic|p1a: Tyranitar
|-immune|p1a: Tyranitar|[msg]
|
|-weather|Sandstorm|[upkeep]
|turn|19
|
|move|p2a: Landorus|Focus Blast|p1a: Tyranitar
|-supereffective|p1a: Tyranitar
|-damage|p1a: Tyranitar|37\/404
|move|p1a: Tyranitar|Payback|p2a: Landorus
|-damage|p2a: Landorus|159\/319
|
|-weather|none
|-sideend|p2: DumberThanSlowpoke|move: Light Screen
|turn|20
|
|switch|p1a: Chansey|Chansey, F|530\/642
|-damage|p1a: Chansey|450\/642|[from] Spikes
|move|p2a: Landorus|Earth Power|p1a: Chansey
|-damage|p1a: Chansey|308\/642
|
|-sideend|p2: DumberThanSlowpoke|Reflect
|turn|21
|
|move|p2a: Landorus|Knock Off|p1a: Chansey
|-damage|p1a: Chansey|157\/642
|-enditem|p1a: Chansey|Eviolite|[from] move: Knock Off|[of] p2a: Landorus
|-damage|p2a: Landorus|128\/319|[from] item: Life Orb
|move|p1a: Chansey|Soft-Boiled|p1a: Chansey
|-heal|p1a: Chansey|478\/642
|
|turn|22
|
|move|p2a: Landorus|Focus Blast|p1a: Chansey
|-supereffective|p1a: Chansey
|-damage|p1a: Chansey|101\/642
|move|p1a: Chansey|Wish|p1a: Chansey
|
|turn|23
|
|move|p2a: Landorus|Focus Blast|p1a: Chansey
|-supereffective|p1a: Chansey
|-damage|p1a: Chansey|0 fnt
|faint|p1a: Chansey
|
|
|switch|p1a: Alakazam|Alakazam, M|252\/252
|turn|24
|
|move|p1a: Alakazam|Psyshock|p2a: Landorus
|-damage|p2a: Landorus|0 fnt
|faint|p2a: Landorus
|
|
|switch|p2a: Excadrill|Excadrill, F|361\/361
|-damage|p2a: Excadrill|350\/361|[from] Stealth Rock
|-ability|p2a: Excadrill|Mold Breaker
|turn|25
|
|move|p1a: Alakazam|Hidden Power|p2a: Excadrill
|-supereffective|p2a: Excadrill
|-damage|p2a: Excadrill|122\/361
|move|p2a: Excadrill|Iron Head|p1a: Alakazam
|-enditem|p1a: Alakazam|Focus Sash
|-damage|p1a: Alakazam|1\/252
|-damage|p2a: Excadrill|86\/361|[from] item: Life Orb
|
|turn|26
|
|move|p1a: Alakazam|Hidden Power|p2a: Excadrill
|-supereffective|p2a: Excadrill
|-damage|p2a: Excadrill|0 fnt
|faint|p2a: Excadrill
|
|
|switch|p2a: Rotom-Wash|Rotom-Wash|245\/304
|-damage|p2a: Rotom-Wash|207\/304|[from] Stealth Rock
|turn|27
|
|move|p1a: Alakazam|Energy Ball|p2a: Rotom-Wash
|-supereffective|p2a: Rotom-Wash
|-damage|p2a: Rotom-Wash|0 fnt
|faint|p2a: Rotom-Wash
|
|-message|DumberThanSlowpoke forfeited.
|
|win|Sandman208
|raw|Ladder updating...
|leave|DumberThanSlowpoke
|player|p2
|raw|Sandman208's rating: 1394 &rarr; <strong>1413<\/strong><br \/>(+19 for winning)
|raw|DumberThanSlowpoke's rating: 1387 &rarr; <strong>1368<\/strong><br \/>(-19 for losing)