|join|DumberThanSlowpoke
|join|Gnohomo
|player|p1|DumberThanSlowpoke|168
|player|p2|Gnohomo|2
|gametype|singles
|gen|6
|tier|OU
|rated
|clearpoke
|poke|p1|Espeon, M
|poke|p1|Scolipede, M
|poke|p1|Heracross, M
|poke|p1|Kyurem-Black
|poke|p1|Chandelure, M
|poke|p1|Thundurus-Therian, M
|poke|p2|Conkeldurr, M
|poke|p2|Sableye, M
|poke|p2|Togekiss, F
|poke|p2|Espeon, F
|poke|p2|Dragonite, F
|poke|p2|Talonflame, M
|rule|Swagger Clause: Swagger is banned
|rule|Baton Pass Clause: Limit one PokÃ©mon knowing Baton Pass
|rule|Sleep Clause Mod: Limit one foe put to sleep
|rule|Species Clause: Limit one of each PokÃ©mon
|rule|OHKO Clause: OHKO moves are banned
|rule|Moody Clause: Moody is banned
|rule|Evasion Moves Clause: Evasion moves are banned
|rule|Endless Battle Clause: Forcing endless battles is banned
|rule|HP Percentage Mod: HP is shown in percentages
|teampreview
|
|start
|switch|p1a: Espeon|Espeon, M|334\/334
|switch|p2a: Sableye|Sableye, M|304\/304
|turn|1
|
|move|p1a: Espeon|Reflect|p1a: Espeon
|-sidestart|p1: DumberThanSlowpoke|Reflect
|move|p2a: Sableye|Knock Off|p1a: Espeon
|-supereffective|p1a: Espeon
|-damage|p1a: Espeon|201\/334
|-enditem|p1a: Espeon|Light Clay|[from] move: Knock Off|[of] p2a: Sableye
|
|turn|2
|
|switch|p2a: Espeon|Espeon, F|334\/334
|move|p1a: Espeon|Light Screen|p1a: Espeon
|-sidestart|p1: DumberThanSlowpoke|move: Light Screen
|
|turn|3
|
|switch|p1a: Scolipede|Scolipede, M|323\/323
|move|p2a: Espeon|Reflect|p2a: Espeon
|-sidestart|p2: Gnohomo|Reflect
|
|turn|4
|
|switch|p2a: Sableye|Sableye, M|304\/304
|move|p1a: Scolipede|Substitute|p1a: Scolipede
|-start|p1a: Scolipede|Substitute
|-damage|p1a: Scolipede|243\/323
|
|-boost|p1a: Scolipede|spe|1|[from] ability: Speed Boost
|turn|5
|
|move|p1a: Scolipede|Swords Dance|p1a: Scolipede
|-boost|p1a: Scolipede|atk|2
|move|p2a: Sableye|Knock Off|p1a: Scolipede
|-crit|p1a: Scolipede
|-end|p1a: Scolipede|Substitute
|
|-boost|p1a: Scolipede|spe|1|[from] ability: Speed Boost
|turn|6
|
|move|p2a: Sableye|Taunt|p1a: Scolipede
|-start|p1a: Scolipede|move: Taunt
|-enditem|p1a: Scolipede|Mental Herb
|-end|p1a: Scolipede|move: Taunt
|move|p1a: Scolipede|Baton Pass|p1a: Scolipede
|
|switch|p1a: Kyurem-Black|Kyurem-Black|392\/392
|-ability|p1a: Kyurem-Black|Teravolt
|
|-sideend|p1: DumberThanSlowpoke|move: Light Screen
|turn|7
|
|move|p2a: Sableye|Will-O-Wisp|p1a: Kyurem-Black
|-status|p1a: Kyurem-Black|brn
|move|p1a: Kyurem-Black|Dragon Claw|p2a: Sableye
|-damage|p2a: Sableye|178\/304
|
|-heal|p2a: Sableye|197\/304|[from] item: Leftovers
|-damage|p1a: Kyurem-Black|343\/392 brn|[from] brn
|turn|8
|
|move|p1a: Kyurem-Black|Dragon Claw|p2a: Sableye
|-damage|p2a: Sableye|82\/304
|move|p2a: Sableye|Knock Off|p1a: Kyurem-Black
|-damage|p1a: Kyurem-Black|300\/392 brn
|-enditem|p1a: Kyurem-Black|Leftovers|[from] move: Knock Off|[of] p2a: Sableye
|
|-heal|p2a: Sableye|101\/304|[from] item: Leftovers
|-damage|p1a: Kyurem-Black|251\/392 brn|[from] brn
|-sideend|p1: DumberThanSlowpoke|Reflect
|turn|9
|
|move|p2a: Sableye|Recover|p2a: Sableye
|-heal|p2a: Sableye|253\/304
|move|p1a: Kyurem-Black|Dragon Claw|p2a: Sableye
|-damage|p2a: Sableye|139\/304
|
|-heal|p2a: Sableye|158\/304|[from] item: Leftovers
|-damage|p1a: Kyurem-Black|202\/392 brn|[from] brn
|turn|10
|
|move|p2a: Sableye|Recover|p2a: Sableye
|-heal|p2a: Sableye|304\/304
|move|p1a: Kyurem-Black|Dragon Claw|p2a: Sableye
|-damage|p2a: Sableye|189\/304
|
|-heal|p2a: Sableye|208\/304|[from] item: Leftovers
|-damage|p1a: Kyurem-Black|153\/392 brn|[from] brn
|-sideend|p2: Gnohomo|Reflect
|turn|11
|
|switch|p2a: Togekiss|Togekiss, F|374\/374
|move|p1a: Kyurem-Black|Dragon Claw|p2a: Togekiss
|-immune|p2a: Togekiss|[msg]
|
|-damage|p1a: Kyurem-Black|104\/392 brn|[from] brn
|turn|12
|
|switch|p2a: Conkeldurr|Conkeldurr, M|414\/414
|move|p1a: Kyurem-Black|Fusion Bolt|p2a: Conkeldurr
|-damage|p2a: Conkeldurr|261\/414
|
|-damage|p1a: Kyurem-Black|55\/392 brn|[from] brn
|turn|13
|
|move|p2a: Conkeldurr|Mach Punch|p1a: Kyurem-Black
|-supereffective|p1a: Kyurem-Black
|-damage|p1a: Kyurem-Black|0 fnt
|faint|p1a: Kyurem-Black
|
|
|switch|p1a: Espeon|Espeon, M|201\/334
|turn|14
|
|switch|p2a: Espeon|Espeon, F|334\/334
|move|p1a: Espeon|Psychic|p2a: Espeon
|-crit|p2a: Espeon
|-resisted|p2a: Espeon
|-damage|p2a: Espeon|233\/334
|
|turn|15
|
|move|p2a: Espeon|Reflect|p2a: Espeon
|-sidestart|p2: Gnohomo|Reflect
|move|p1a: Espeon|Light Screen|p1a: Espeon
|-sidestart|p1: DumberThanSlowpoke|move: Light Screen
|
|turn|16
|
|move|p1a: Espeon|Reflect|p1a: Espeon
|-sidestart|p1: DumberThanSlowpoke|Reflect
|move|p2a: Espeon|Light Screen|p2a: Espeon
|-sidestart|p2: Gnohomo|move: Light Screen
|
|turn|17
|
|switch|p2a: Sableye|Sableye, M|208\/304
|switch|p1a: Thundurus-Therian|Thundurus-Therian, M|303\/303
|
|-heal|p2a: Sableye|227\/304|[from] item: Leftovers
|turn|18
|
|move|p2a: Sableye|Taunt|p1a: Thundurus-Therian
|-start|p1a: Thundurus-Therian|move: Taunt
|cant|p1a: Thundurus-Therian|move: Taunt|Nasty Plot
|
|-heal|p2a: Sableye|246\/304|[from] item: Leftovers
|turn|19
|
|move|p1a: Thundurus-Therian|Thunderbolt|p2a: Sableye
|-damage|p2a: Sableye|163\/304
|move|p2a: Sableye|Knock Off|p1a: Thundurus-Therian
|-damage|p1a: Thundurus-Therian|238\/303
|-enditem|p1a: Thundurus-Therian|Leftovers|[from] move: Knock Off|[of] p2a: Sableye
|
|-heal|p2a: Sableye|182\/304|[from] item: Leftovers
|-sideend|p1: DumberThanSlowpoke|move: Light Screen
|turn|20
|
|move|p2a: Sableye|Will-O-Wisp|p1a: Thundurus-Therian
|-status|p1a: Thundurus-Therian|brn
|move|p1a: Thundurus-Therian|Thunderbolt|p2a: Sableye
|-damage|p2a: Sableye|86\/304
|
|-heal|p2a: Sableye|105\/304|[from] item: Leftovers
|-damage|p1a: Thundurus-Therian|201\/303 brn|[from] brn
|-end|p1a: Thundurus-Therian|move: Taunt
|-sideend|p1: DumberThanSlowpoke|Reflect
|turn|21
|
|move|p2a: Sableye|Taunt|p1a: Thundurus-Therian
|-start|p1a: Thundurus-Therian|move: Taunt
|cant|p1a: Thundurus-Therian|move: Taunt|Nasty Plot
|
|-heal|p2a: Sableye|124\/304|[from] item: Leftovers
|-damage|p1a: Thundurus-Therian|164\/303 brn|[from] brn
|turn|22
|-message|DumberThanSlowpoke forfeited.
|
|win|Gnohomo
|raw|Ladder updating...
|leave|DumberThanSlowpoke
|player|p1
|raw|DumberThanSlowpoke's rating: 1304 &rarr; <strong>1285<\/strong><br \/>(-19 for losing)
|raw|Gnohomo's rating: 1320 &rarr; <strong>1339<\/strong><br \/>(+19 for winning)