|join|DumberThanSlowpoke
|join|DraconianEmpire
|player|p1|DumberThanSlowpoke|168
|player|p2|DraconianEmpire|169
|gametype|singles
|gen|6
|tier|OU
|rated
|clearpoke
|poke|p1|Dragonite, M
|poke|p1|Excadrill, F
|poke|p1|Charizard, M
|poke|p1|Clefable, M
|poke|p1|Magnezone
|poke|p1|Klefki, M
|poke|p2|Infernape, M
|poke|p2|Medicham, M, shiny
|poke|p2|Garchomp, M
|poke|p2|Probopass, M
|poke|p2|Gourgeist-*, F
|poke|p2|Gliscor, M
|rule|Swagger Clause: Swagger is banned
|rule|Baton Pass Clause: Limit one PokÃ©mon knowing Baton Pass
|rule|Sleep Clause Mod: Limit one foe put to sleep
|rule|Species Clause: Limit one of each PokÃ©mon
|rule|OHKO Clause: OHKO moves are banned
|rule|Moody Clause: Moody is banned
|rule|Evasion Moves Clause: Evasion moves are banned
|rule|Endless Battle Clause: Forcing endless battles is banned
|rule|HP Percentage Mod: HP is shown in percentages
|teampreview
|
|start
|switch|p1a: Klefki|Klefki, M|318\/318
|switch|p2a: Infernape|Infernape, M|293\/293
|turn|1
|
|move|p2a: Infernape|Fake Out|p1a: Klefki
|-resisted|p1a: Klefki
|-damage|p1a: Klefki|303\/318
|cant|p1a: Klefki|flinch
|
|turn|2
|
|switch|p2a: Garchomp|Garchomp, M|358\/358
|move|p1a: Klefki|Reflect|p1a: Klefki
|-sidestart|p1: DumberThanSlowpoke|Reflect
|
|turn|3
|
|move|p1a: Klefki|Light Screen|p1a: Klefki
|-sidestart|p1: DumberThanSlowpoke|move: Light Screen
|move|p2a: Garchomp|Earthquake|p1a: Klefki
|-supereffective|p1a: Klefki
|-damage|p1a: Klefki|176\/318
|
|turn|4
|
|move|p1a: Klefki|Spikes|p2a: Garchomp
|-sidestart|p2: DraconianEmpire|Spikes
|move|p2a: Garchomp|Earthquake|p1a: Klefki
|-supereffective|p1a: Klefki
|-damage|p1a: Klefki|44\/318
|
|turn|5
|
|move|p1a: Klefki|Fairy Lock|p1a: Klefki
|-activate|Battle: ou|move: Fairy Lock
|move|p2a: Garchomp|Earthquake|p1a: Klefki
|-supereffective|p1a: Klefki
|-damage|p1a: Klefki|0 fnt
|faint|p1a: Klefki
|
|
|switch|p1a: Clefable|Clefable, M|394\/394
|turn|6
|
|move|p2a: Garchomp|Swords Dance|p2a: Garchomp
|-boost|p2a: Garchomp|atk|2
|move|p1a: Clefable|Moonblast|p2a: Garchomp
|-supereffective|p2a: Garchomp
|-damage|p2a: Garchomp|118\/358
|
|turn|7
|
|move|p2a: Garchomp|Iron Head|p1a: Clefable
|-supereffective|p1a: Clefable
|-damage|p1a: Clefable|191\/394
|move|p1a: Clefable|Moonblast|p2a: Garchomp
|-supereffective|p2a: Garchomp
|-damage|p2a: Garchomp|0 fnt
|faint|p2a: Garchomp
|
|-heal|p1a: Clefable|215\/394|[from] item: Leftovers
|
|switch|p2a: Gourgeist-Super|Gourgeist-Super, F|374\/374
|-damage|p2a: Gourgeist-Super|328\/374|[from] Spikes
|-item|p1a: Clefable|Leftovers|[from] ability: Frisk|[of] p2a: Gourgeist-Super|[identify]
|turn|8
|
|move|p2a: Gourgeist-Super|Trick|p1a: Clefable
|-activate|p2a: Gourgeist-Super|move: Trick|[of] p1a: Clefable
|-item|p1a: Clefable|Choice Scarf|[from] move: Trick
|-item|p2a: Gourgeist-Super|Leftovers|[from] move: Trick
|move|p1a: Clefable|Stealth Rock|p2a: Gourgeist-Super
|-sidestart|p2: DraconianEmpire|move: Stealth Rock
|
|-heal|p2a: Gourgeist-Super|351\/374|[from] item: Leftovers
|turn|9
|
|switch|p1a: Charizard|Charizard, M|297\/297
|move|p2a: Gourgeist-Super|Confuse Ray|p1a: Charizard
|-start|p1a: Charizard|confusion
|
|-heal|p2a: Gourgeist-Super|374\/374|[from] item: Leftovers
|-sideend|p1: DumberThanSlowpoke|Reflect
|turn|10
|
|switch|p2a: Probopass|Probopass, M|324\/324
|-damage|p2a: Probopass|304\/324|[from] Stealth Rock
|-damage|p2a: Probopass|264\/324|[from] Spikes
|detailschange|p1a: Charizard|Charizard-Mega-Y, M
|message|Charizard has Mega Evolved into Mega Charizard!
|-weather|SunnyDay
|-activate|p1a: Charizard|confusion
|-damage|p1a: Charizard|257\/297|[from] confusion
|
|-weather|SunnyDay|[upkeep]
|-heal|p2a: Probopass|284\/324|[from] item: Leftovers
|-sideend|p1: DumberThanSlowpoke|move: Light Screen
|turn|11
|
|-activate|p1a: Charizard|confusion
|-damage|p1a: Charizard|221\/297|[from] confusion
|move|p2a: Probopass|Stealth Rock|p1a: Charizard
|-sidestart|p1: DumberThanSlowpoke|move: Stealth Rock
|
|-weather|SunnyDay|[upkeep]
|-heal|p2a: Probopass|304\/324|[from] item: Leftovers
|turn|12
|
|-activate|p1a: Charizard|confusion
|-damage|p1a: Charizard|187\/297|[from] confusion
|move|p2a: Probopass|Toxic|p1a: Charizard
|-status|p1a: Charizard|tox
|
|-weather|SunnyDay|[upkeep]
|-heal|p2a: Probopass|324\/324|[from] item: Leftovers
|-damage|p1a: Charizard|169\/297 tox|[from] psn
|turn|13
|
|-activate|p1a: Charizard|confusion
|move|p1a: Charizard|Focus Blast|p2a: Probopass
|-supereffective|p2a: Probopass
|-activate|p2a: Probopass|Sturdy
|-damage|p2a: Probopass|1\/324
|move|p2a: Probopass|Power Gem|p1a: Charizard
|-supereffective|p1a: Charizard
|-damage|p1a: Charizard|0 fnt
|faint|p1a: Charizard
|
|-weather|SunnyDay|[upkeep]
|-heal|p2a: Probopass|21\/324|[from] item: Leftovers
|
|switch|p1a: Magnezone|Magnezone|324\/324
|-damage|p1a: Magnezone|304\/324|[from] Stealth Rock
|turn|14
|
|move|p1a: Magnezone|Volt Switch|p2a: Probopass
|-damage|p2a: Probopass|0 fnt
|faint|p2a: Probopass
|
|switch|p1a: Dragonite|Dragonite, M|323\/323
|-damage|p1a: Dragonite|243\/323|[from] Stealth Rock
|
|-weather|none
|
|switch|p2a: Gourgeist-Super|Gourgeist-Super, F|374\/374
|-damage|p2a: Gourgeist-Super|328\/374|[from] Stealth Rock
|-damage|p2a: Gourgeist-Super|282\/374|[from] Spikes
|-item|p1a: Dragonite|Lum Berry|[from] ability: Frisk|[of] p2a: Gourgeist-Super|[identify]
|turn|15
|
|move|p1a: Dragonite|Dragon Dance|p1a: Dragonite
|-boost|p1a: Dragonite|atk|1
|-boost|p1a: Dragonite|spe|1
|move|p2a: Gourgeist-Super|Will-O-Wisp|p1a: Dragonite
|-status|p1a: Dragonite|brn
|-enditem|p1a: Dragonite|Lum Berry|[eat]
|-curestatus|p1a: Dragonite|brn
|
|-heal|p2a: Gourgeist-Super|305\/374|[from] item: Leftovers
|turn|16
|
|move|p1a: Dragonite|Outrage|p2a: Gourgeist-Super
|-damage|p2a: Gourgeist-Super|79\/374
|move|p2a: Gourgeist-Super|Will-O-Wisp|p1a: Dragonite
|-status|p1a: Dragonite|brn
|
|-heal|p2a: Gourgeist-Super|102\/374|[from] item: Leftovers
|-damage|p1a: Dragonite|203\/323 brn|[from] brn
|turn|17
|
|switch|p2a: Gliscor|Gliscor, M|354\/354
|-damage|p2a: Gliscor|310\/354|[from] Stealth Rock
|move|p1a: Dragonite|Outrage|p2a: Gliscor
|-damage|p2a: Gliscor|180\/354
|
|-end|p1a: Dragonite|rampage
|-start|p1a: Dragonite|confusion
|-damage|p1a: Dragonite|163\/323 brn|[from] brn
|-status|p2a: Gliscor|tox|[from] item: Toxic Orb
|turn|18
|
|move|p2a: Gliscor|Protect|p2a: Gliscor
|-singleturn|p2a: Gliscor|Protect
|-activate|p1a: Dragonite|confusion
|move|p1a: Dragonite|Dragon Dance|p1a: Dragonite
|-boost|p1a: Dragonite|atk|1
|-boost|p1a: Dragonite|spe|1
|
|-damage|p1a: Dragonite|123\/323 brn|[from] brn
|-heal|p2a: Gliscor|224\/354 tox|[from] ability: Poison Heal
|turn|19
|
|-activate|p1a: Dragonite|confusion
|move|p1a: Dragonite|Outrage|p2a: Gliscor
|-damage|p2a: Gliscor|67\/354 tox
|move|p2a: Gliscor|Ice Fang|p1a: Dragonite
|-supereffective|p1a: Dragonite
|-damage|p1a: Dragonite|0 fnt
|faint|p1a: Dragonite
|
|-heal|p2a: Gliscor|111\/354 tox|[from] ability: Poison Heal
|
|switch|p1a: Excadrill|Excadrill, F|361\/361
|-damage|p1a: Excadrill|350\/361|[from] Stealth Rock
|-ability|p1a: Excadrill|Mold Breaker
|-item|p1a: Excadrill|Air Balloon
|turn|20
|
|switch|p2a: Gourgeist-Super|Gourgeist-Super, F|102\/374
|-damage|p2a: Gourgeist-Super|56\/374|[from] Spikes
|-damage|p2a: Gourgeist-Super|10\/374|[from] Stealth Rock
|-item|p1a: Excadrill|Air Balloon|[from] ability: Frisk|[of] p2a: Gourgeist-Super|[identify]
|move|p1a: Excadrill|Iron Head|p2a: Gourgeist-Super
|-damage|p2a: Gourgeist-Super|0 fnt
|faint|p2a: Gourgeist-Super
|
|
|switch|p2a: Infernape|Infernape, M|293\/293
|-damage|p2a: Infernape|257\/293|[from] Stealth Rock
|-damage|p2a: Infernape|221\/293|[from] Spikes
|turn|21
|
|switch|p1a: Clefable|Clefable, M|215\/394
|move|p2a: Infernape|Fake Out|p1a: Clefable
|-damage|p1a: Clefable|174\/394
|
|turn|22
|
|move|p2a: Infernape|U-turn|p1a: Clefable
|-resisted|p1a: Clefable
|-damage|p1a: Clefable|139\/394
|
|switch|p2a: Gliscor|Gliscor, M|111\/354 tox
|-damage|p2a: Gliscor|67\/354 tox|[from] Stealth Rock
|move|p1a: Clefable|Soft-Boiled|p1a: Clefable
|-heal|p1a: Clefable|336\/394
|
|-heal|p2a: Gliscor|111\/354 tox|[from] ability: Poison Heal
|turn|23
|
|switch|p1a: Excadrill|Excadrill, F|350\/361
|-damage|p1a: Excadrill|339\/361|[from] Stealth Rock
|-ability|p1a: Excadrill|Mold Breaker
|-item|p1a: Excadrill|Air Balloon
|move|p2a: Gliscor|Earthquake|p1a: Excadrill
|-immune|p1a: Excadrill|[msg]
|
|-heal|p2a: Gliscor|155\/354 tox|[from] ability: Poison Heal
|turn|24
|
|move|p1a: Excadrill|Iron Head|p2a: Gliscor
|-damage|p2a: Gliscor|50\/354 tox
|move|p2a: Gliscor|Ice Fang|p1a: Excadrill
|-damage|p1a: Excadrill|259\/361
|-enditem|p1a: Excadrill|Air Balloon
|
|-heal|p2a: Gliscor|94\/354 tox|[from] ability: Poison Heal
|turn|25
|
|switch|p2a: Infernape|Infernape, M|221\/293
|-damage|p2a: Infernape|185\/293|[from] Spikes
|-damage|p2a: Infernape|149\/293|[from] Stealth Rock
|move|p1a: Excadrill|Iron Head|p2a: Infernape
|-resisted|p2a: Infernape
|-damage|p2a: Infernape|22\/293
|
|turn|26
|
|switch|p1a: Clefable|Clefable, M|336\/394
|move|p2a: Infernape|Fake Out|p1a: Clefable
|-damage|p1a: Clefable|290\/394
|
|turn|27
|
|move|p2a: Infernape|Overheat|p1a: Clefable
|-damage|p1a: Clefable|85\/394
|-unboost|p2a: Infernape|spa|2
|move|p1a: Clefable|Moonblast|p2a: Infernape
|-damage|p2a: Infernape|0 fnt
|faint|p2a: Infernape
|
|
|switch|p2a: Medicham|Medicham, M, shiny|262\/262
|-damage|p2a: Medicham|246\/262|[from] Stealth Rock
|-damage|p2a: Medicham|214\/262|[from] Spikes
|turn|28
|
|detailschange|p2a: Medicham|Medicham-Mega, M, shiny
|message|Medicham has Mega Evolved into Mega Medicham!
|move|p2a: Medicham|Bullet Punch|p1a: Clefable
|-supereffective|p1a: Clefable
|-damage|p1a: Clefable|0 fnt
|faint|p1a: Clefable
|
|
|switch|p1a: Magnezone|Magnezone|304\/324
|-damage|p1a: Magnezone|284\/324|[from] Stealth Rock
|turn|29
|
|move|p2a: Medicham|Drain Punch|p1a: Magnezone
|-supereffective|p1a: Magnezone
|-damage|p1a: Magnezone|0 fnt
|-heal|p2a: Medicham|262\/262|[from] drain|[of] p1a: Magnezone
|faint|p1a: Magnezone
|
|
|switch|p1a: Excadrill|Excadrill, F|259\/361
|-damage|p1a: Excadrill|248\/361|[from] Stealth Rock
|-ability|p1a: Excadrill|Mold Breaker
|turn|30
|
|move|p2a: Medicham|Drain Punch|p1a: Excadrill
|-supereffective|p1a: Excadrill
|-damage|p1a: Excadrill|0 fnt
|faint|p1a: Excadrill
|
|win|DraconianEmpire
|raw|Ladder updating...