|join|DumberThanSlowpoke
|join|Grypher
|player|p1|DumberThanSlowpoke|168
|player|p2|Grypher|2
|gametype|singles
|gen|6
|tier|OU
|rated
|clearpoke
|poke|p1|Alakazam, F
|poke|p1|Bisharp, M
|poke|p1|Landorus-Therian, M
|poke|p1|Rotom-Wash
|poke|p1|Heatran, F
|poke|p1|Breloom, M
|poke|p2|Aggron, M
|poke|p2|Sylveon, F
|poke|p2|Zapdos
|poke|p2|Nidoking, M
|poke|p2|Dragonite, M
|poke|p2|Greninja, M
|rule|Swagger Clause: Swagger is banned
|rule|Baton Pass Clause: Limit one PokÃ©mon knowing Baton Pass
|rule|Sleep Clause Mod: Limit one foe put to sleep
|rule|Species Clause: Limit one of each PokÃ©mon
|rule|OHKO Clause: OHKO moves are banned
|rule|Moody Clause: Moody is banned
|rule|Evasion Moves Clause: Evasion moves are banned
|rule|Endless Battle Clause: Forcing endless battles is banned
|rule|HP Percentage Mod: HP is shown in percentages
|teampreview
|
|start
|switch|p1a: Breloom|Breloom, M|261\/261
|switch|p2a: Nidoking|Nidoking, M|366\/366
|turn|1
|
|move|p1a: Breloom|Spore|p2a: Nidoking
|-status|p2a: Nidoking|slp
|cant|p2a: Nidoking|slp
|
|turn|2
|
|switch|p2a: Dragonite|Dragonite, M|323\/323
|move|p1a: Breloom|Bullet Seed|p2a: Dragonite
|-resisted|p2a: Dragonite
|-damage|p2a: Dragonite|315\/323
|-resisted|p2a: Dragonite
|-damage|p2a: Dragonite|298\/323
|-resisted|p2a: Dragonite
|-damage|p2a: Dragonite|282\/323
|-hitcount|p2a: Dragonite|3
|
|turn|3
|
|move|p1a: Breloom|Rock Tomb|p2a: Dragonite
|-supereffective|p2a: Dragonite
|-damage|p2a: Dragonite|44\/323
|-unboost|p2a: Dragonite|spe|1
|move|p2a: Dragonite|Fire Punch|p1a: Breloom
|-crit|p1a: Breloom
|-supereffective|p1a: Breloom
|-enditem|p1a: Breloom|Focus Sash
|-damage|p1a: Breloom|1\/261
|
|turn|4
|
|move|p2a: Dragonite|Extreme Speed|p1a: Breloom
|-damage|p1a: Breloom|0 fnt
|faint|p1a: Breloom
|
|
|switch|p1a: Landorus-Therian|Landorus-Therian, M|382\/382
|-ability|p1a: Landorus-Therian|Intimidate|[of] p2a: Dragonite
|-unboost|p2a: Dragonite|atk|1
|turn|5
|
|switch|p2a: Zapdos|Zapdos|384\/384
|-ability|p2a: Zapdos|Pressure
|move|p1a: Landorus-Therian|Stealth Rock|p2a: Zapdos
|-sidestart|p2: Grypher|move: Stealth Rock
|
|turn|6
|
|move|p2a: Zapdos|Toxic|p1a: Landorus-Therian
|-status|p1a: Landorus-Therian|tox
|move|p1a: Landorus-Therian|Stone Edge|p2a: Zapdos
|-supereffective|p2a: Zapdos
|-damage|p2a: Zapdos|198\/384
|
|-heal|p2a: Zapdos|222\/384|[from] item: Leftovers
|-damage|p1a: Landorus-Therian|359\/382 tox|[from] psn
|turn|7
|
|move|p2a: Zapdos|Roost|p2a: Zapdos
|-heal|p2a: Zapdos|384\/384
|move|p1a: Landorus-Therian|Stone Edge|p2a: Zapdos
|-damage|p2a: Zapdos|284\/384
|
|-heal|p2a: Zapdos|308\/384|[from] item: Leftovers
|-damage|p1a: Landorus-Therian|313\/382 tox|[from] psn
|turn|8
|
|switch|p2a: Sylveon|Sylveon, F|394\/394
|-damage|p2a: Sylveon|345\/394|[from] Stealth Rock
|move|p1a: Landorus-Therian|Stone Edge|p2a: Sylveon|[miss]
|-miss|p1a: Landorus-Therian|p2a: Sylveon
|
|-heal|p2a: Sylveon|369\/394|[from] item: Leftovers
|-damage|p1a: Landorus-Therian|244\/382 tox|[from] psn
|turn|9
|
|move|p1a: Landorus-Therian|U-turn|p2a: Sylveon
|-resisted|p2a: Sylveon
|-damage|p2a: Sylveon|312\/394
|
|switch|p1a: Heatran|Heatran, F|323\/323
|move|p2a: Sylveon|Wish|p2a: Sylveon
|
|-heal|p2a: Sylveon|336\/394|[from] item: Leftovers
|turn|10
|
|switch|p2a: Aggron|Aggron, M|282\/282
|-damage|p2a: Aggron|265\/282|[from] Stealth Rock
|move|p1a: Heatran|Flash Cannon|p2a: Aggron
|-damage|p2a: Aggron|85\/282
|
|-heal|p2a: Aggron|282\/282|[from] move: Wish|[wisher] Sylveon
|turn|11
|
|switch|p1a: Landorus-Therian|Landorus-Therian, M|244\/382 tox
|-ability|p1a: Landorus-Therian|Intimidate|[of] p2a: Aggron
|-unboost|p2a: Aggron|atk|1
|detailschange|p2a: Aggron|Aggron-Mega, M
|message|Aggron has Mega Evolved into Mega Aggron!
|move|p2a: Aggron|Earthquake|p1a: Landorus-Therian
|-immune|p1a: Landorus-Therian|[msg]
|
|-damage|p1a: Landorus-Therian|221\/382 tox|[from] psn
|turn|12
|
|switch|p2a: Zapdos|Zapdos|308\/384
|-damage|p2a: Zapdos|212\/384|[from] Stealth Rock
|-ability|p2a: Zapdos|Pressure
|move|p1a: Landorus-Therian|Earthquake|p2a: Zapdos
|-immune|p2a: Zapdos|[msg]
|
|-heal|p2a: Zapdos|236\/384|[from] item: Leftovers
|-damage|p1a: Landorus-Therian|175\/382 tox|[from] psn
|turn|13
|
|move|p2a: Zapdos|Roost|p2a: Zapdos
|-heal|p2a: Zapdos|384\/384
|move|p1a: Landorus-Therian|Stone Edge|p2a: Zapdos|[miss]
|-miss|p1a: Landorus-Therian|p2a: Zapdos
|
|-damage|p1a: Landorus-Therian|106\/382 tox|[from] psn
|turn|14
|
|move|p2a: Zapdos|Defog|p1a: Landorus-Therian
|-unboost|p1a: Landorus-Therian|evasion|1
|-sideend|p2: Grypher|Stealth Rock|[from] move: Defog|[of] p2a: Zapdos
|move|p1a: Landorus-Therian|U-turn|p2a: Zapdos
|-resisted|p2a: Zapdos
|-damage|p2a: Zapdos|353\/384
|
|switch|p1a: Alakazam|Alakazam, F|252\/252
|
|-heal|p2a: Zapdos|377\/384|[from] item: Leftovers
|turn|15
|
|detailschange|p1a: Alakazam|Alakazam-Mega, F
|message|Alakazam has Mega Evolved into Mega Alakazam!
|-ability|p1a: Alakazam|Pressure|[from] ability: Trace|[of] p2a: Zapdos
|-ability|p1a: Alakazam|Pressure
|move|p1a: Alakazam|Psychic|p2a: Zapdos
|-damage|p2a: Zapdos|148\/384
|move|p2a: Zapdos|Thunderbolt|p1a: Alakazam
|-damage|p1a: Alakazam|105\/252
|
|-heal|p2a: Zapdos|172\/384|[from] item: Leftovers
|turn|16
|
|switch|p2a: Greninja|Greninja, M|285\/285
|move|p1a: Alakazam|Psychic|p2a: Greninja
|-immune|p2a: Greninja|[msg]
|
|turn|17
|
|switch|p1a: Rotom-Wash|Rotom-Wash|304\/304
|move|p2a: Greninja|U-turn|p1a: Rotom-Wash
|-start|p2a: Greninja|typechange|Bug|[from] Protean
|-crit|p1a: Rotom-Wash
|-damage|p1a: Rotom-Wash|158\/304
|-damage|p2a: Greninja|257\/285|[from] item: Life Orb
|
|switch|p2a: Sylveon|Sylveon, F|336\/394
|
|-heal|p1a: Rotom-Wash|177\/304|[from] item: Leftovers
|-heal|p2a: Sylveon|360\/394|[from] item: Leftovers
|turn|18
|
|move|p1a: Rotom-Wash|Pain Split|p2a: Sylveon
|-sethp|p2a: Sylveon|268\/394|p1a: Rotom-Wash|268\/304|[from] move: Pain Split
|move|p2a: Sylveon|Wish|p2a: Sylveon
|
|-heal|p1a: Rotom-Wash|287\/304|[from] item: Leftovers
|-heal|p2a: Sylveon|292\/394|[from] item: Leftovers
|turn|19
|
|move|p1a: Rotom-Wash|Volt Switch|p2a: Sylveon
|-damage|p2a: Sylveon|244\/394
|
|switch|p1a: Heatran|Heatran, F|323\/323
|move|p2a: Sylveon|Hyper Voice|p1a: Heatran
|-resisted|p1a: Heatran
|-damage|p1a: Heatran|290\/323
|
|-heal|p2a: Sylveon|394\/394|[from] move: Wish|[wisher] Sylveon
|turn|20
|
|move|p1a: Heatran|Overheat|p2a: Sylveon
|-damage|p2a: Sylveon|238\/394
|-unboost|p1a: Heatran|spa|2
|move|p2a: Sylveon|Wish|p2a: Sylveon
|
|-heal|p2a: Sylveon|262\/394|[from] item: Leftovers
|turn|21
|
|switch|p1a: Bisharp|Bisharp, M|272\/272
|switch|p2a: Zapdos|Zapdos|172\/384
|-ability|p2a: Zapdos|Pressure
|
|-heal|p2a: Zapdos|369\/384|[from] move: Wish|[wisher] Sylveon
|-heal|p2a: Zapdos|384\/384|[from] item: Leftovers
|turn|22
|
|move|p2a: Zapdos|Thunderbolt|p1a: Bisharp
|-damage|p1a: Bisharp|83\/272
|move|p1a: Bisharp|Knock Off|p2a: Zapdos
|-damage|p2a: Zapdos|206\/384
|-enditem|p2a: Zapdos|Leftovers|[from] move: Knock Off|[of] p1a: Bisharp
|
|turn|23
|
|move|p1a: Bisharp|Sucker Punch|p2a: Zapdos
|-damage|p2a: Zapdos|41\/384
|move|p2a: Zapdos|Thunderbolt|p1a: Bisharp
|-damage|p1a: Bisharp|0 fnt
|faint|p1a: Bisharp
|
|
|switch|p1a: Alakazam|Alakazam-Mega, F|105\/252
|-ability|p1a: Alakazam|Pressure|[from] ability: Trace|[of] p2a: Zapdos
|-ability|p1a: Alakazam|Pressure
|turn|24
|
|switch|p2a: Greninja|Greninja, M|257\/285
|move|p1a: Alakazam|Focus Blast|p2a: Greninja
|-crit|p2a: Greninja
|-supereffective|p2a: Greninja
|-damage|p2a: Greninja|0 fnt
|faint|p2a: Greninja
|
|
|switch|p2a: Dragonite|Dragonite, M|44\/323
|turn|25
|
|switch|p1a: Landorus-Therian|Landorus-Therian, M|106\/382 tox
|-ability|p1a: Landorus-Therian|Intimidate|[of] p2a: Dragonite
|-unboost|p2a: Dragonite|atk|1
|move|p2a: Dragonite|Extreme Speed|p1a: Landorus-Therian
|-damage|p1a: Landorus-Therian|52\/382 tox
|-damage|p2a: Dragonite|0 fnt|[from] item: Rocky Helmet|[of] p1a: Landorus-Therian
|faint|p2a: Dragonite
|
|-damage|p1a: Landorus-Therian|29\/382 tox|[from] psn
|
|switch|p2a: Zapdos|Zapdos|41\/384
|-ability|p2a: Zapdos|Pressure
|turn|26
|
|move|p2a: Zapdos|Roost|p2a: Zapdos
|-heal|p2a: Zapdos|233\/384
|move|p1a: Landorus-Therian|Earthquake|p2a: Zapdos
|-crit|p2a: Zapdos
|-supereffective|p2a: Zapdos
|-damage|p2a: Zapdos|0 fnt
|faint|p2a: Zapdos
|
|-damage|p1a: Landorus-Therian|0 fnt|[from] psn
|faint|p1a: Landorus-Therian
|
|switch|p1a: Alakazam|Alakazam-Mega, F|105\/252
|switch|p2a: Aggron|Aggron-Mega, M|282\/282
|-ability|p1a: Alakazam|Filter|[from] ability: Trace|[of] p2a: Aggron
|turn|27
|
|move|p1a: Alakazam|Focus Blast|p2a: Aggron|[miss]
|-miss|p1a: Alakazam|p2a: Aggron
|move|p2a: Aggron|Thunder Wave|p1a: Alakazam
|-status|p1a: Alakazam|par
|
|turn|28
|
|move|p2a: Aggron|Iron Head|p1a: Alakazam
|-damage|p1a: Alakazam|0 fnt
|faint|p1a: Alakazam
|
|
|switch|p1a: Rotom-Wash|Rotom-Wash|287\/304
|turn|29
|
|switch|p2a: Sylveon|Sylveon, F|262\/394
|move|p1a: Rotom-Wash|Will-O-Wisp|p2a: Sylveon|[miss]
|-miss|p1a: Rotom-Wash|p2a: Sylveon
|
|-heal|p1a: Rotom-Wash|304\/304|[from] item: Leftovers
|-heal|p2a: Sylveon|286\/394|[from] item: Leftovers
|turn|30
|
|move|p1a: Rotom-Wash|Will-O-Wisp|p2a: Sylveon
|-status|p2a: Sylveon|brn
|move|p2a: Sylveon|Wish|p2a: Sylveon
|
|-heal|p2a: Sylveon|310\/394 brn|[from] item: Leftovers
|-damage|p2a: Sylveon|261\/394 brn|[from] brn
|turn|31
|
|move|p1a: Rotom-Wash|Hydro Pump|p2a: Sylveon|[miss]
|-miss|p1a: Rotom-Wash|p2a: Sylveon
|move|p2a: Sylveon|Heal Bell|p2a: Sylveon
|-cureteam|p2a: Sylveon|[from] move: HealBell
|
|-heal|p2a: Sylveon|394\/394|[from] move: Wish|[wisher] Sylveon
|turn|32
|
|move|p1a: Rotom-Wash|Volt Switch|p2a: Sylveon
|-damage|p2a: Sylveon|345\/394
|
|switch|p1a: Heatran|Heatran, F|290\/323
|move|p2a: Sylveon|Hyper Voice|p1a: Heatran
|-resisted|p1a: Heatran
|-damage|p1a: Heatran|257\/323
|
|-heal|p2a: Sylveon|369\/394|[from] item: Leftovers
|turn|33
|
|move|p2a: Sylveon|Protect|p2a: Sylveon
|-singleturn|p2a: Sylveon|Protect
|move|p1a: Heatran|Flash Cannon|p2a: Sylveon
|-activate|p2a: Sylveon|Protect
|
|-heal|p2a: Sylveon|393\/394|[from] item: Leftovers
|turn|34
|
|switch|p2a: Nidoking|Nidoking, M|366\/366
|move|p1a: Heatran|Flash Cannon|p2a: Nidoking
|-damage|p2a: Nidoking|243\/366
|
|turn|35
|
|switch|p1a: Rotom-Wash|Rotom-Wash|304\/304
|move|p2a: Nidoking|Earth Power|p1a: Rotom-Wash
|-immune|p1a: Rotom-Wash|[msg]
|
|turn|36
|
|switch|p2a: Sylveon|Sylveon, F|393\/394
|move|p1a: Rotom-Wash|Will-O-Wisp|p2a: Sylveon
|-status|p2a: Sylveon|brn
|
|-heal|p2a: Sylveon|394\/394 brn|[from] item: Leftovers
|-damage|p2a: Sylveon|345\/394 brn|[from] brn
|turn|37
|
|move|p1a: Rotom-Wash|Volt Switch|p2a: Sylveon
|-damage|p2a: Sylveon|293\/394 brn
|
|switch|p1a: Heatran|Heatran, F|257\/323
|move|p2a: Sylveon|Wish|p2a: Sylveon
|
|-heal|p2a: Sylveon|317\/394 brn|[from] item: Leftovers
|-damage|p2a: Sylveon|268\/394 brn|[from] brn
|turn|38
|
|switch|p2a: Nidoking|Nidoking, M|243\/366
|move|p1a: Heatran|Flash Cannon|p2a: Nidoking
|-damage|p2a: Nidoking|117\/366
|-unboost|p2a: Nidoking|spd|1
|
|-heal|p2a: Nidoking|314\/366|[from] move: Wish|[wisher] Sylveon
|turn|39
|
|switch|p1a: Rotom-Wash|Rotom-Wash|304\/304
|move|p2a: Nidoking|Thunderbolt|p1a: Rotom-Wash
|-damage|p1a: Rotom-Wash|225\/304
|
|-heal|p1a: Rotom-Wash|244\/304|[from] item: Leftovers
|turn|40
|
|switch|p2a: Aggron|Aggron-Mega, M|282\/282
|move|p1a: Rotom-Wash|Hydro Pump|p2a: Aggron
|-damage|p2a: Aggron|150\/282
|
|-heal|p1a: Rotom-Wash|263\/304|[from] item: Leftovers
|turn|41
|
|move|p1a: Rotom-Wash|Will-O-Wisp|p2a: Aggron
|-status|p2a: Aggron|brn
|move|p2a: Aggron|Stealth Rock|p1a: Rotom-Wash
|-sidestart|p1: DumberThanSlowpoke|move: Stealth Rock
|
|-heal|p1a: Rotom-Wash|282\/304|[from] item: Leftovers
|-damage|p2a: Aggron|115\/282 brn|[from] brn
|turn|42
|
|switch|p2a: Sylveon|Sylveon, F|268\/394 brn
|move|p1a: Rotom-Wash|Hydro Pump|p2a: Sylveon
|-damage|p2a: Sylveon|187\/394 brn
|
|-heal|p1a: Rotom-Wash|301\/304|[from] item: Leftovers
|-heal|p2a: Sylveon|211\/394 brn|[from] item: Leftovers
|-damage|p2a: Sylveon|162\/394 brn|[from] brn
|turn|43
|
|move|p1a: Rotom-Wash|Volt Switch|p2a: Sylveon
|-damage|p2a: Sylveon|111\/394 brn
|
|switch|p1a: Heatran|Heatran, F|257\/323
|-damage|p1a: Heatran|217\/323|[from] Stealth Rock
|move|p2a: Sylveon|Wish|p2a: Sylveon
|
|-heal|p2a: Sylveon|135\/394 brn|[from] item: Leftovers
|-damage|p2a: Sylveon|86\/394 brn|[from] brn
|turn|44
|
|move|p2a: Sylveon|Protect|p2a: Sylveon
|-singleturn|p2a: Sylveon|Protect
|move|p1a: Heatran|Overheat|p2a: Sylveon
|-activate|p2a: Sylveon|Protect
|
|-heal|p2a: Sylveon|283\/394 brn|[from] move: Wish|[wisher] Sylveon
|-heal|p2a: Sylveon|307\/394 brn|[from] item: Leftovers
|-damage|p2a: Sylveon|258\/394 brn|[from] brn
|turn|45
|
|switch|p2a: Nidoking|Nidoking, M|314\/366
|move|p1a: Heatran|Overheat|p2a: Nidoking
|-damage|p2a: Nidoking|95\/366
|-unboost|p1a: Heatran|spa|2
|
|turn|46
|
|switch|p1a: Rotom-Wash|Rotom-Wash|301\/304
|-damage|p1a: Rotom-Wash|263\/304|[from] Stealth Rock
|switch|p2a: Sylveon|Sylveon, F|258\/394 brn
|
|-heal|p1a: Rotom-Wash|282\/304|[from] item: Leftovers
|-heal|p2a: Sylveon|282\/394 brn|[from] item: Leftovers
|-damage|p2a: Sylveon|233\/394 brn|[from] brn
|turn|47
|
|move|p1a: Rotom-Wash|Hydro Pump|p2a: Sylveon
|-damage|p2a: Sylveon|149\/394 brn
|move|p2a: Sylveon|Wish|p2a: Sylveon
|
|-heal|p1a: Rotom-Wash|301\/304|[from] item: Leftovers
|-heal|p2a: Sylveon|173\/394 brn|[from] item: Leftovers
|-damage|p2a: Sylveon|124\/394 brn|[from] brn
|turn|48
|
|move|p1a: Rotom-Wash|Volt Switch|p2a: Sylveon
|-damage|p2a: Sylveon|75\/394 brn
|
|switch|p1a: Heatran|Heatran, F|217\/323
|-damage|p1a: Heatran|177\/323|[from] Stealth Rock
|move|p2a: Sylveon|Heal Bell|p2a: Sylveon
|-cureteam|p2a: Sylveon|[from] move: HealBell
|
|-heal|p2a: Sylveon|272\/394|[from] move: Wish|[wisher] Sylveon
|-heal|p2a: Sylveon|296\/394|[from] item: Leftovers
|turn|49
|
|move|p1a: Heatran|Flash Cannon|p2a: Sylveon
|-supereffective|p2a: Sylveon
|-damage|p2a: Sylveon|98\/394
|move|p2a: Sylveon|Wish|p2a: Sylveon
|
|-heal|p2a: Sylveon|122\/394|[from] item: Leftovers
|turn|50
|
|move|p2a: Sylveon|Protect|p2a: Sylveon
|-singleturn|p2a: Sylveon|Protect
|move|p1a: Heatran|Flash Cannon|p2a: Sylveon
|-activate|p2a: Sylveon|Protect
|
|-heal|p2a: Sylveon|319\/394|[from] move: Wish|[wisher] Sylveon
|-heal|p2a: Sylveon|343\/394|[from] item: Leftovers
|turn|51
|
|move|p1a: Heatran|Flash Cannon|p2a: Sylveon
|-supereffective|p2a: Sylveon
|-damage|p2a: Sylveon|149\/394
|move|p2a: Sylveon|Wish|p2a: Sylveon
|
|-heal|p2a: Sylveon|173\/394|[from] item: Leftovers
|turn|52
|
|move|p2a: Sylveon|Protect|p2a: Sylveon
|-singleturn|p2a: Sylveon|Protect
|move|p1a: Heatran|Flash Cannon|p2a: Sylveon
|-activate|p2a: Sylveon|Protect
|
|-heal|p2a: Sylveon|370\/394|[from] move: Wish|[wisher] Sylveon
|-heal|p2a: Sylveon|394\/394|[from] item: Leftovers
|turn|53
|
|move|p1a: Heatran|Flash Cannon|p2a: Sylveon
|-supereffective|p2a: Sylveon
|-damage|p2a: Sylveon|188\/394
|move|p2a: Sylveon|Wish|p2a: Sylveon
|
|-heal|p2a: Sylveon|212\/394|[from] item: Leftovers
|turn|54
|
|switch|p1a: Rotom-Wash|Rotom-Wash|301\/304
|-damage|p1a: Rotom-Wash|263\/304|[from] Stealth Rock
|move|p2a: Sylveon|Protect|p2a: Sylveon
|-fail|p2a: Sylveon
|
|-heal|p2a: Sylveon|394\/394|[from] move: Wish|[wisher] Sylveon
|-heal|p1a: Rotom-Wash|282\/304|[from] item: Leftovers
|turn|55
|
|move|p1a: Rotom-Wash|Will-O-Wisp|p2a: Sylveon
|-status|p2a: Sylveon|brn
|move|p2a: Sylveon|Hyper Voice|p1a: Rotom-Wash
|-damage|p1a: Rotom-Wash|171\/304
|
|-heal|p1a: Rotom-Wash|190\/304|[from] item: Leftovers
|-damage|p2a: Sylveon|345\/394 brn|[from] brn
|turn|56
|
|move|p1a: Rotom-Wash|Volt Switch|p2a: Sylveon
|-damage|p2a: Sylveon|294\/394 brn
|
|switch|p1a: Heatran|Heatran, F|177\/323
|-damage|p1a: Heatran|137\/323|[from] Stealth Rock
|move|p2a: Sylveon|Heal Bell|p2a: Sylveon
|-cureteam|p2a: Sylveon|[from] move: HealBell
|
|-heal|p2a: Sylveon|318\/394|[from] item: Leftovers
|turn|57
|
|move|p1a: Heatran|Flash Cannon|p2a: Sylveon
|-supereffective|p2a: Sylveon
|-damage|p2a: Sylveon|142\/394
|move|p2a: Sylveon|Wish|p2a: Sylveon
|
|-heal|p2a: Sylveon|166\/394|[from] item: Leftovers
|turn|58
|
|switch|p1a: Rotom-Wash|Rotom-Wash|190\/304
|-damage|p1a: Rotom-Wash|152\/304|[from] Stealth Rock
|move|p2a: Sylveon|Protect|p2a: Sylveon
|-fail|p2a: Sylveon
|
|-heal|p2a: Sylveon|363\/394|[from] move: Wish|[wisher] Sylveon
|-heal|p1a: Rotom-Wash|171\/304|[from] item: Leftovers
|-heal|p2a: Sylveon|387\/394|[from] item: Leftovers
|turn|59
|
|move|p1a: Rotom-Wash|Will-O-Wisp|p2a: Sylveon
|-status|p2a: Sylveon|brn
|move|p2a: Sylveon|Hyper Voice|p1a: Rotom-Wash
|-damage|p1a: Rotom-Wash|72\/304
|
|-heal|p1a: Rotom-Wash|91\/304|[from] item: Leftovers
|-heal|p2a: Sylveon|394\/394 brn|[from] item: Leftovers
|-damage|p2a: Sylveon|345\/394 brn|[from] brn
|turn|60
|
|move|p1a: Rotom-Wash|Pain Split|p2a: Sylveon
|-sethp|p2a: Sylveon|218\/394 brn|p1a: Rotom-Wash|218\/304|[from] move: Pain Split
|move|p2a: Sylveon|Heal Bell|p2a: Sylveon
|-cureteam|p2a: Sylveon|[from] move: HealBell
|
|-heal|p1a: Rotom-Wash|237\/304|[from] item: Leftovers
|-heal|p2a: Sylveon|242\/394|[from] item: Leftovers
|turn|61
|
|move|p1a: Rotom-Wash|Will-O-Wisp|p2a: Sylveon|[miss]
|-miss|p1a: Rotom-Wash|p2a: Sylveon
|move|p2a: Sylveon|Wish|p2a: Sylveon
|
|-heal|p1a: Rotom-Wash|256\/304|[from] item: Leftovers
|-heal|p2a: Sylveon|266\/394|[from] item: Leftovers
|turn|62
|
|move|p1a: Rotom-Wash|Will-O-Wisp|p2a: Sylveon
|-status|p2a: Sylveon|brn
|move|p2a: Sylveon|Hyper Voice|p1a: Rotom-Wash
|-damage|p1a: Rotom-Wash|156\/304
|
|-heal|p2a: Sylveon|394\/394 brn|[from] move: Wish|[wisher] Sylveon
|-heal|p1a: Rotom-Wash|175\/304|[from] item: Leftovers
|-damage|p2a: Sylveon|345\/394 brn|[from] brn
|turn|63
|
|move|p1a: Rotom-Wash|Pain Split|p2a: Sylveon
|-sethp|p2a: Sylveon|260\/394 brn|p1a: Rotom-Wash|260\/304|[from] move: Pain Split
|move|p2a: Sylveon|Heal Bell|p2a: Sylveon
|-cureteam|p2a: Sylveon|[from] move: HealBell
|
|-heal|p1a: Rotom-Wash|279\/304|[from] item: Leftovers
|-heal|p2a: Sylveon|284\/394|[from] item: Leftovers
|turn|64
|
|move|p1a: Rotom-Wash|Will-O-Wisp|p2a: Sylveon
|-status|p2a: Sylveon|brn
|move|p2a: Sylveon|Wish|p2a: Sylveon
|
|-heal|p1a: Rotom-Wash|298\/304|[from] item: Leftovers
|-heal|p2a: Sylveon|308\/394 brn|[from] item: Leftovers
|-damage|p2a: Sylveon|259\/394 brn|[from] brn
|turn|65
|
|move|p1a: Rotom-Wash|Hydro Pump|p2a: Sylveon
|-damage|p2a: Sylveon|184\/394 brn
|move|p2a: Sylveon|Heal Bell|p2a: Sylveon
|-cureteam|p2a: Sylveon|[from] move: HealBell
|
|-heal|p2a: Sylveon|381\/394|[from] move: Wish|[wisher] Sylveon
|-heal|p1a: Rotom-Wash|304\/304|[from] item: Leftovers
|-heal|p2a: Sylveon|394\/394|[from] item: Leftovers
|turn|66
|
|move|p2a: Sylveon|Protect|p2a: Sylveon
|-singleturn|p2a: Sylveon|Protect
|move|p1a: Rotom-Wash|Will-O-Wisp|p2a: Sylveon
|-activate|p2a: Sylveon|Protect
|
|turn|67
|
|move|p1a: Rotom-Wash|Will-O-Wisp|p2a: Sylveon
|-status|p2a: Sylveon|brn
|move|p2a: Sylveon|Hyper Voice|p1a: Rotom-Wash
|-damage|p1a: Rotom-Wash|205\/304
|
|-heal|p1a: Rotom-Wash|224\/304|[from] item: Leftovers
|-damage|p2a: Sylveon|345\/394 brn|[from] brn
|turn|68
|
|move|p1a: Rotom-Wash|Pain Split|p2a: Sylveon
|-sethp|p2a: Sylveon|284\/394 brn|p1a: Rotom-Wash|284\/304|[from] move: Pain Split
|move|p2a: Sylveon|Hyper Voice|p1a: Rotom-Wash
|-damage|p1a: Rotom-Wash|176\/304
|
|-heal|p1a: Rotom-Wash|195\/304|[from] item: Leftovers
|-heal|p2a: Sylveon|308\/394 brn|[from] item: Leftovers
|-damage|p2a: Sylveon|259\/394 brn|[from] brn
|turn|69
|
|move|p1a: Rotom-Wash|Pain Split|p2a: Sylveon
|-sethp|p2a: Sylveon|227\/394 brn|p1a: Rotom-Wash|227\/304|[from] move: Pain Split
|move|p2a: Sylveon|Hyper Voice|p1a: Rotom-Wash
|-damage|p1a: Rotom-Wash|122\/304
|
|-heal|p1a: Rotom-Wash|141\/304|[from] item: Leftovers
|-heal|p2a: Sylveon|251\/394 brn|[from] item: Leftovers
|-damage|p2a: Sylveon|202\/394 brn|[from] brn
|turn|70
|
|move|p1a: Rotom-Wash|Pain Split|p2a: Sylveon
|-sethp|p2a: Sylveon|171\/394 brn|p1a: Rotom-Wash|171\/304|[from] move: Pain Split
|move|p2a: Sylveon|Hyper Voice|p1a: Rotom-Wash
|-damage|p1a: Rotom-Wash|74\/304
|
|-heal|p1a: Rotom-Wash|93\/304|[from] item: Leftovers
|-heal|p2a: Sylveon|195\/394 brn|[from] item: Leftovers
|-damage|p2a: Sylveon|146\/394 brn|[from] brn
|turn|71
|
|move|p1a: Rotom-Wash|Pain Split|p2a: Sylveon
|-sethp|p2a: Sylveon|119\/394 brn|p1a: Rotom-Wash|119\/304|[from] move: Pain Split
|move|p2a: Sylveon|Hyper Voice|p1a: Rotom-Wash
|-damage|p1a: Rotom-Wash|10\/304
|
|-heal|p1a: Rotom-Wash|29\/304|[from] item: Leftovers
|-heal|p2a: Sylveon|143\/394 brn|[from] item: Leftovers
|-damage|p2a: Sylveon|94\/394 brn|[from] brn
|turn|72
|
|move|p1a: Rotom-Wash|Pain Split|p2a: Sylveon
|-sethp|p2a: Sylveon|61\/394 brn|p1a: Rotom-Wash|61\/304|[from] move: Pain Split
|move|p2a: Sylveon|Hyper Voice|p1a: Rotom-Wash
|-damage|p1a: Rotom-Wash|0 fnt
|faint|p1a: Rotom-Wash
|
|-heal|p2a: Sylveon|85\/394 brn|[from] item: Leftovers
|-damage|p2a: Sylveon|36\/394 brn|[from] brn
|
|switch|p1a: Heatran|Heatran, F|137\/323
|-damage|p1a: Heatran|97\/323|[from] Stealth Rock
|turn|73
|
|move|p1a: Heatran|Earth Power|p2a: Sylveon
|-damage|p2a: Sylveon|0 fnt
|faint|p2a: Sylveon
|
|
|switch|p2a: Nidoking|Nidoking, M|95\/366
|turn|74
|
|move|p1a: Heatran|Earth Power|p2a: Nidoking
|-supereffective|p2a: Nidoking
|-damage|p2a: Nidoking|0 fnt
|faint|p2a: Nidoking
|
|chat|Grypher|gg
|
|switch|p2a: Aggron|Aggron-Mega, M|115\/282
|turn|75
|
|move|p1a: Heatran|Earth Power|p2a: Aggron
|-supereffective|p2a: Aggron
|-damage|p2a: Aggron|0 fnt
|faint|p2a: Aggron
|
|win|DumberThanSlowpoke
|raw|Ladder updating...
|raw|DumberThanSlowpoke's rating: 1480 &rarr; <strong>1497<\/strong><br \/>(+17 for winning)
|raw|Grypher's rating: 1420 &rarr; <strong>1403<\/strong><br \/>(-17 for losing)
|chat|DumberThanSlowpoke|gg
|leave|Grypher
|player|p2