|join|DumberThanSlowpoke
|join|krustybonez
|player|p1|DumberThanSlowpoke|168
|player|p2|krustybonez|236
|gametype|singles
|gen|6
|tier|OU
|rated
|clearpoke
|poke|p1|Alakazam, M
|poke|p1|Bisharp, F
|poke|p1|Landorus-Therian, M
|poke|p1|Rotom-Wash
|poke|p1|Heatran, M
|poke|p1|Breloom, M
|poke|p2|Diancie
|poke|p2|Talonflame, F
|poke|p2|Rotom-Wash
|poke|p2|Skarmory, M
|poke|p2|Chansey, F
|poke|p2|Venusaur, F
|rule|Swagger Clause: Swagger is banned
|rule|Baton Pass Clause: Limit one PokÃ©mon knowing Baton Pass
|rule|Sleep Clause Mod: Limit one foe put to sleep
|rule|Species Clause: Limit one of each PokÃ©mon
|rule|OHKO Clause: OHKO moves are banned
|rule|Moody Clause: Moody is banned
|rule|Evasion Moves Clause: Evasion moves are banned
|rule|Endless Battle Clause: Forcing endless battles is banned
|rule|HP Percentage Mod: HP is shown in percentages
|teampreview
|
|start
|switch|p1a: Landorus-Therian|Landorus-Therian, M|382\/382
|switch|p2a: Rotom-Wash|Rotom-Wash|304\/304
|-ability|p1a: Landorus-Therian|Intimidate|[of] p2a: Rotom-Wash
|-unboost|p2a: Rotom-Wash|atk|1
|turn|1
|
|switch|p1a: Breloom|Breloom, M|261\/261
|move|p2a: Rotom-Wash|Will-O-Wisp|p1a: Breloom
|-status|p1a: Breloom|brn
|
|-damage|p1a: Breloom|229\/261 brn|[from] brn
|turn|2
|
|switch|p2a: Venusaur|Venusaur, F|364\/364
|move|p1a: Breloom|Spore|p2a: Venusaur
|-fail|p2a: Venusaur
|
|-damage|p1a: Breloom|197\/261 brn|[from] brn
|turn|3
|
|detailschange|p2a: Venusaur|Venusaur-Mega, F
|message|Venusaur has Mega Evolved into Mega Venusaur!
|move|p1a: Breloom|Rock Tomb|p2a: Venusaur
|-damage|p2a: Venusaur|329\/364
|-unboost|p2a: Venusaur|spe|1
|move|p2a: Venusaur|Giga Drain|p1a: Breloom
|-resisted|p1a: Breloom
|-damage|p1a: Breloom|120\/261 brn
|-heal|p2a: Venusaur|364\/364|[from] drain|[of] p1a: Breloom
|
|-damage|p1a: Breloom|88\/261 brn|[from] brn
|turn|4
|
|switch|p1a: Landorus-Therian|Landorus-Therian, M|382\/382
|-ability|p1a: Landorus-Therian|Intimidate|[of] p2a: Venusaur
|-unboost|p2a: Venusaur|atk|1
|move|p2a: Venusaur|Giga Drain|p1a: Landorus-Therian
|-damage|p1a: Landorus-Therian|244\/382
|
|turn|5
|
|move|p1a: Landorus-Therian|U-turn|p2a: Venusaur
|-damage|p2a: Venusaur|320\/364
|
|switch|p1a: Alakazam|Alakazam, M|252\/252
|move|p2a: Venusaur|Leech Seed|p1a: Alakazam
|-start|p1a: Alakazam|move: Leech Seed
|
|turn|6
|
|switch|p2a: Diancie|Diancie|303\/303
|move|p1a: Alakazam|Psychic|p2a: Diancie
|-damage|p2a: Diancie|234\/303
|
|turn|7
|
|switch|p1a: Bisharp|Bisharp, F|272\/272
|move|p2a: Diancie|Diamond Storm|p1a: Bisharp
|-resisted|p1a: Bisharp
|-damage|p1a: Bisharp|211\/272
|
|turn|8
|
|switch|p2a: Skarmory|Skarmory, M|334\/334
|move|p1a: Bisharp|Iron Head|p2a: Skarmory
|-resisted|p2a: Skarmory
|-damage|p2a: Skarmory|289\/334
|-damage|p1a: Bisharp|166\/272|[from] item: Rocky Helmet|[of] p2a: Skarmory
|
|turn|9
|
|move|p1a: Bisharp|Knock Off|p2a: Skarmory
|-damage|p2a: Skarmory|160\/334
|-damage|p1a: Bisharp|121\/272|[from] item: Rocky Helmet|[of] p2a: Skarmory
|-enditem|p2a: Skarmory|Rocky Helmet|[from] move: Knock Off|[of] p1a: Bisharp
|move|p2a: Skarmory|Stealth Rock|p1a: Bisharp
|-sidestart|p1: DumberThanSlowpoke|move: Stealth Rock
|
|turn|10
|
|switch|p1a: Rotom-Wash|Rotom-Wash|304\/304
|-damage|p1a: Rotom-Wash|266\/304|[from] Stealth Rock
|move|p2a: Skarmory|Roost|p2a: Skarmory
|-heal|p2a: Skarmory|327\/334
|
|-heal|p1a: Rotom-Wash|285\/304|[from] item: Leftovers
|turn|11
|
|switch|p2a: Venusaur|Venusaur-Mega, F|320\/364
|move|p1a: Rotom-Wash|Volt Switch|p2a: Venusaur
|-resisted|p2a: Venusaur
|-damage|p2a: Venusaur|284\/364
|
|switch|p1a: Alakazam|Alakazam, M|252\/252
|
|turn|12
|
|switch|p2a: Chansey|Chansey, F|642\/642
|move|p1a: Alakazam|Taunt|p2a: Chansey
|-start|p2a: Chansey|move: Taunt
|
|turn|13
|
|switch|p1a: Landorus-Therian|Landorus-Therian, M|244\/382
|-damage|p1a: Landorus-Therian|197\/382|[from] Stealth Rock
|-ability|p1a: Landorus-Therian|Intimidate|[of] p2a: Chansey
|-unboost|p2a: Chansey|atk|1
|move|p2a: Chansey|Seismic Toss|p1a: Landorus-Therian
|-damage|p1a: Landorus-Therian|97\/382
|-damage|p2a: Chansey|535\/642|[from] item: Rocky Helmet|[of] p1a: Landorus-Therian
|
|turn|14
|
|switch|p2a: Skarmory|Skarmory, M|327\/334
|move|p1a: Landorus-Therian|Earthquake|p2a: Skarmory
|-immune|p2a: Skarmory|[msg]
|
|turn|15
|
|move|p1a: Landorus-Therian|Stealth Rock|p2a: Skarmory
|-sidestart|p2: krustybonez|move: Stealth Rock
|move|p2a: Skarmory|Whirlwind|p1a: Landorus-Therian
|drag|p1a: Alakazam|Alakazam, M|252\/252
|
|turn|16
|
|switch|p1a: Rotom-Wash|Rotom-Wash|285\/304
|-damage|p1a: Rotom-Wash|247\/304|[from] Stealth Rock
|move|p2a: Skarmory|Defog|p1a: Rotom-Wash
|-unboost|p1a: Rotom-Wash|evasion|1
|-sideend|p1: DumberThanSlowpoke|Stealth Rock|[from] move: Defog|[of] p1a: Rotom-Wash
|-sideend|p2: krustybonez|Stealth Rock|[from] move: Defog|[of] p2a: Skarmory
|
|-heal|p1a: Rotom-Wash|266\/304|[from] item: Leftovers
|turn|17
|
|switch|p2a: Chansey|Chansey, F|535\/642
|move|p1a: Rotom-Wash|Volt Switch|p2a: Chansey
|-damage|p2a: Chansey|493\/642
|
|switch|p1a: Breloom|Breloom, M|88\/261 brn
|
|-damage|p1a: Breloom|56\/261 brn|[from] brn
|turn|18
|
|switch|p2a: Skarmory|Skarmory, M|327\/334
|move|p1a: Breloom|Mach Punch|p2a: Skarmory
|-damage|p2a: Skarmory|294\/334
|
|-damage|p1a: Breloom|24\/261 brn|[from] brn
|turn|19
|
|move|p1a: Breloom|Spore|p2a: Skarmory
|-status|p2a: Skarmory|slp
|cant|p2a: Skarmory|slp
|
|-damage|p1a: Breloom|0 fnt|[from] brn
|faint|p1a: Breloom
|
|switch|p1a: Rotom-Wash|Rotom-Wash|266\/304
|turn|20
|
|switch|p2a: Venusaur|Venusaur-Mega, F|284\/364
|move|p1a: Rotom-Wash|Volt Switch|p2a: Venusaur
|-resisted|p2a: Venusaur
|-damage|p2a: Venusaur|248\/364
|
|switch|p1a: Alakazam|Alakazam, M|252\/252
|
|turn|21
|
|switch|p2a: Chansey|Chansey, F|493\/642
|detailschange|p1a: Alakazam|Alakazam-Mega, M
|message|Alakazam has Mega Evolved into Mega Alakazam!
|-ability|p1a: Alakazam|Natural Cure|[from] ability: Trace|[of] p2a: Chansey
|move|p1a: Alakazam|Psychic|p2a: Chansey
|-damage|p2a: Chansey|388\/642
|
|turn|22
|
|switch|p1a: Bisharp|Bisharp, F|121\/272
|move|p2a: Chansey|Seismic Toss|p1a: Bisharp
|-damage|p1a: Bisharp|21\/272
|
|turn|23
|
|move|p1a: Bisharp|Pursuit|p2a: Chansey|[from]Pursuit
|-damage|p2a: Chansey|145\/642
|switch|p2a: Skarmory|Skarmory, M|294\/334 slp
|
|turn|24
|
|switch|p1a: Heatran|Heatran, M|323\/323
|cant|p2a: Skarmory|slp
|
|turn|25
|
|switch|p2a: Rotom-Wash|Rotom-Wash|304\/304
|move|p1a: Heatran|Overheat|p2a: Rotom-Wash
|-resisted|p2a: Rotom-Wash
|-damage|p2a: Rotom-Wash|217\/304
|-unboost|p1a: Heatran|spa|2
|
|-heal|p2a: Rotom-Wash|236\/304|[from] item: Leftovers
|turn|26
|
|switch|p1a: Landorus-Therian|Landorus-Therian, M|97\/382
|-ability|p1a: Landorus-Therian|Intimidate|[of] p2a: Rotom-Wash
|-unboost|p2a: Rotom-Wash|atk|1
|move|p2a: Rotom-Wash|Hydro Pump|p1a: Landorus-Therian
|-supereffective|p1a: Landorus-Therian
|-damage|p1a: Landorus-Therian|0 fnt
|faint|p1a: Landorus-Therian
|
|-heal|p2a: Rotom-Wash|255\/304|[from] item: Leftovers
|
|switch|p1a: Bisharp|Bisharp, F|21\/272
|turn|27
|
|move|p1a: Bisharp|Sucker Punch|p2a: Rotom-Wash
|-fail|p2a: Rotom-Wash
|move|p2a: Rotom-Wash|Will-O-Wisp|p1a: Bisharp
|-status|p1a: Bisharp|brn
|
|-heal|p2a: Rotom-Wash|274\/304|[from] item: Leftovers
|-damage|p1a: Bisharp|0 fnt|[from] brn
|faint|p1a: Bisharp
|-message|DumberThanSlowpoke forfeited.
|
|win|krustybonez
|raw|Ladder updating...
|leave|DumberThanSlowpoke
|player|p1
|raw|DumberThanSlowpoke's rating: 1458 &rarr; <strong>1442<\/strong><br \/>(-16 for losing)
|raw|krustybonez's rating: 1515 &rarr; <strong>1532<\/strong><br \/>(+17 for winning)