|join|DumberThanSlowpoke
|join|Ilight
|player|p1|DumberThanSlowpoke|168
|player|p2|Ilight|102
|gametype|singles
|gen|6
|tier|OU
|rated
|clearpoke
|poke|p1|Magnezone
|poke|p1|Pinsir, F
|poke|p1|Diggersby, F
|poke|p1|Azumarill, F
|poke|p1|Latias, F
|poke|p1|Amoonguss, F
|poke|p2|Charizard, M
|poke|p2|Slowbro, M
|poke|p2|Magnezone
|poke|p2|Blissey, F
|poke|p2|Landorus-Therian, M
|poke|p2|Skarmory, F
|rule|Swagger Clause: Swagger is banned
|rule|Baton Pass Clause: Limit one PokÃ©mon knowing Baton Pass
|rule|Sleep Clause Mod: Limit one foe put to sleep
|rule|Species Clause: Limit one of each PokÃ©mon
|rule|OHKO Clause: OHKO moves are banned
|rule|Moody Clause: Moody is banned
|rule|Evasion Moves Clause: Evasion moves are banned
|rule|Endless Battle Clause: Forcing endless battles is banned
|rule|HP Percentage Mod: HP is shown in percentages
|teampreview
|
|start
|switch|p1a: Amoonguss|Amoonguss, F|432\/432
|switch|p2a: Landorus-Therian|Landorus-Therian, M|350\/350
|-ability|p2a: Landorus-Therian|Intimidate|[of] p1a: Amoonguss
|-unboost|p1a: Amoonguss|atk|1
|turn|1
|
|move|p2a: Landorus-Therian|Stealth Rock|p1a: Amoonguss
|-sidestart|p1: DumberThanSlowpoke|move: Stealth Rock
|move|p1a: Amoonguss|Spore|p2a: Landorus-Therian
|-status|p2a: Landorus-Therian|slp
|
|turn|2
|
|switch|p2a: Magnezone|Magnezone|282\/282
|move|p1a: Amoonguss|Foul Play|p2a: Magnezone
|-damage|p2a: Magnezone|238\/282
|
|turn|3
|
|move|p2a: Magnezone|Volt Switch|p1a: Amoonguss
|-resisted|p1a: Amoonguss
|-damage|p1a: Amoonguss|315\/432
|
|switch|p2a: Charizard|Charizard, M|298\/298
|move|p1a: Amoonguss|Foul Play|p2a: Charizard
|-damage|p2a: Charizard|183\/298
|
|-heal|p1a: Amoonguss|342\/432|[from] item: Black Sludge
|turn|4
|
|switch|p1a: Azumarill|Azumarill, F|401\/401
|-damage|p1a: Azumarill|351\/401|[from] Stealth Rock
|detailschange|p2a: Charizard|Charizard-Mega-X, M
|message|Charizard has Mega Evolved into Mega Charizard!
|move|p2a: Charizard|Dragon Claw|p1a: Azumarill
|-immune|p1a: Azumarill|[msg]
|
|turn|5
|
|switch|p2a: Magnezone|Magnezone|238\/282
|move|p1a: Azumarill|Play Rough|p2a: Magnezone
|-resisted|p2a: Magnezone
|-damage|p2a: Magnezone|148\/282
|
|turn|6
|
|move|p2a: Magnezone|Flash Cannon|p1a: Azumarill
|-damage|p1a: Azumarill|156\/401
|move|p1a: Azumarill|Play Rough|p2a: Magnezone
|-resisted|p2a: Magnezone
|-damage|p2a: Magnezone|64\/282
|
|turn|7
|
|switch|p2a: Landorus-Therian|Landorus-Therian, M|350\/350 slp
|-ability|p2a: Landorus-Therian|Intimidate|[of] p1a: Azumarill
|-unboost|p1a: Azumarill|atk|1
|switch|p1a: Magnezone|Magnezone|282\/282
|-damage|p1a: Magnezone|265\/282|[from] Stealth Rock
|
|turn|8
|
|switch|p2a: Blissey|Blissey, F|714\/714
|move|p1a: Magnezone|Flash Cannon|p2a: Blissey
|-damage|p2a: Blissey|602\/714
|
|-heal|p2a: Blissey|646\/714|[from] item: Leftovers
|turn|9
|
|switch|p1a: Latias|Latias, F|319\/319
|-damage|p1a: Latias|280\/319|[from] Stealth Rock
|move|p2a: Blissey|Wish|p2a: Blissey
|
|-heal|p2a: Blissey|690\/714|[from] item: Leftovers
|turn|10
|
|move|p1a: Latias|Draco Meteor|p2a: Blissey
|-damage|p2a: Blissey|505\/714
|-unboost|p1a: Latias|spa|2
|-damage|p1a: Latias|249\/319|[from] item: Life Orb
|move|p2a: Blissey|Toxic|p1a: Latias
|-status|p1a: Latias|tox
|
|-heal|p2a: Blissey|714\/714|[from] move: Wish|[wisher] Blissey
|-damage|p1a: Latias|230\/319 tox|[from] psn
|turn|11
|
|move|p1a: Latias|Defog|p2a: Blissey
|-unboost|p2a: Blissey|evasion|1
|-sideend|p1: DumberThanSlowpoke|Stealth Rock|[from] move: Defog|[of] p1a: Latias
|move|p2a: Blissey|Heal Bell|p2a: Blissey
|-cureteam|p2a: Blissey|[from] move: HealBell
|
|-damage|p1a: Latias|192\/319 tox|[from] psn
|turn|12
|
|switch|p1a: Pinsir|Pinsir, F|272\/272
|move|p2a: Blissey|Wish|p2a: Blissey
|
|turn|13
|
|detailschange|p1a: Pinsir|Pinsir-Mega, F
|message|Pinsir has Mega Evolved into Mega Pinsir!
|move|p1a: Pinsir|Swords Dance|p1a: Pinsir
|-boost|p1a: Pinsir|atk|2
|move|p2a: Blissey|Toxic|p1a: Pinsir
|-status|p1a: Pinsir|tox
|
|-damage|p1a: Pinsir|255\/272 tox|[from] psn
|turn|14
|
|move|p2a: Blissey|Protect|p2a: Blissey
|-singleturn|p2a: Blissey|Protect
|move|p1a: Pinsir|Close Combat|p2a: Blissey
|-activate|p2a: Blissey|Protect
|
|-damage|p1a: Pinsir|221\/272 tox|[from] psn
|turn|15
|
|switch|p2a: Skarmory|Skarmory, F|334\/334
|move|p1a: Pinsir|Return|p2a: Skarmory
|-resisted|p2a: Skarmory
|-damage|p2a: Skarmory|185\/334
|
|-heal|p2a: Skarmory|205\/334|[from] item: Leftovers
|-damage|p1a: Pinsir|170\/272 tox|[from] psn
|turn|16
|
|switch|p2a: Slowbro|Slowbro, M|394\/394
|move|p1a: Pinsir|Close Combat|p2a: Slowbro
|-resisted|p2a: Slowbro
|-damage|p2a: Slowbro|285\/394
|-unboost|p1a: Pinsir|def|1
|-unboost|p1a: Pinsir|spd|1
|
|-heal|p2a: Slowbro|309\/394|[from] item: Leftovers
|-damage|p1a: Pinsir|102\/272 tox|[from] psn
|turn|17
|
|switch|p2a: Skarmory|Skarmory, F|205\/334
|move|p1a: Pinsir|Return|p2a: Skarmory
|-resisted|p2a: Skarmory
|-damage|p2a: Skarmory|37\/334
|
|-heal|p2a: Skarmory|57\/334|[from] item: Leftovers
|-damage|p1a: Pinsir|17\/272 tox|[from] psn
|turn|18
|
|move|p1a: Pinsir|Return|p2a: Skarmory
|-resisted|p2a: Skarmory
|-damage|p2a: Skarmory|0 fnt
|faint|p2a: Skarmory
|
|-damage|p1a: Pinsir|0 fnt|[from] psn
|faint|p1a: Pinsir
|
|switch|p2a: Landorus-Therian|Landorus-Therian, M|350\/350
|switch|p1a: Diggersby|Diggersby, F|312\/312
|-ability|p2a: Landorus-Therian|Intimidate|[of] p1a: Diggersby
|-unboost|p1a: Diggersby|atk|1
|turn|19
|
|move|p2a: Landorus-Therian|Earthquake|p1a: Diggersby
|-damage|p1a: Diggersby|117\/312
|move|p1a: Diggersby|Swords Dance|p1a: Diggersby
|-boost|p1a: Diggersby|atk|2
|
|turn|20
|
|move|p1a: Diggersby|Quick Attack|p2a: Landorus-Therian
|-damage|p2a: Landorus-Therian|181\/350
|-damage|p1a: Diggersby|86\/312|[from] item: Life Orb
|move|p2a: Landorus-Therian|Earthquake|p1a: Diggersby
|-damage|p1a: Diggersby|0 fnt
|faint|p1a: Diggersby
|
|-heal|p2a: Landorus-Therian|202\/350|[from] item: Leftovers
|
|switch|p1a: Azumarill|Azumarill, F|156\/401
|turn|21
|
|switch|p2a: Slowbro|Slowbro, M|394\/394
|move|p1a: Azumarill|Aqua Jet|p2a: Slowbro
|-resisted|p2a: Slowbro
|-damage|p2a: Slowbro|364\/394
|
|-heal|p2a: Slowbro|388\/394|[from] item: Leftovers
|turn|22
|
|switch|p1a: Latias|Latias, F|192\/319 tox
|switch|p2a: Blissey|Blissey, F|714\/714
|
|-damage|p1a: Latias|173\/319 tox|[from] psn
|turn|23
|
|switch|p1a: Amoonguss|Amoonguss, F|432\/432
|move|p2a: Blissey|Wish|p2a: Blissey
|
|turn|24
|
|switch|p2a: Magnezone|Magnezone|64\/282
|move|p1a: Amoonguss|Spore|p2a: Magnezone
|-status|p2a: Magnezone|slp
|
|-heal|p2a: Magnezone|282\/282 slp|[from] move: Wish|[wisher] Blissey
|turn|25
|
|switch|p2a: Blissey|Blissey, F|714\/714
|switch|p1a: Latias|Latias, F|173\/319 tox
|
|-damage|p1a: Latias|154\/319 tox|[from] psn
|turn|26
|
|move|p1a: Latias|Psyshock|p2a: Blissey
|-damage|p2a: Blissey|444\/714
|-damage|p1a: Latias|123\/319 tox|[from] item: Life Orb
|move|p2a: Blissey|Wish|p2a: Blissey
|
|-heal|p2a: Blissey|488\/714|[from] item: Leftovers
|-damage|p1a: Latias|85\/319 tox|[from] psn
|turn|27
|
|switch|p2a: Landorus-Therian|Landorus-Therian, M|202\/350
|-ability|p2a: Landorus-Therian|Intimidate|[of] p1a: Latias
|-unboost|p1a: Latias|atk|1
|move|p1a: Latias|Healing Wish|p1a: Latias
|faint|p1a: Latias
|
|-heal|p2a: Landorus-Therian|350\/350|[from] move: Wish|[wisher] Blissey
|
|switch|p1a: Azumarill|Azumarill, F|156\/401
|-heal|p1a: Azumarill|401\/401|[from] move: Healing Wish
|turn|28
|
|move|p2a: Landorus-Therian|U-turn|p1a: Azumarill
|-resisted|p1a: Azumarill
|-damage|p1a: Azumarill|350\/401
|
|switch|p2a: Slowbro|Slowbro, M|394\/394
|move|p1a: Azumarill|Knock Off|p2a: Slowbro
|-supereffective|p2a: Slowbro
|-damage|p2a: Slowbro|206\/394
|-enditem|p2a: Slowbro|Leftovers|[from] move: Knock Off|[of] p1a: Azumarill
|
|turn|29
|
|move|p1a: Azumarill|Play Rough|p2a: Slowbro
|-damage|p2a: Slowbro|62\/394
|move|p2a: Slowbro|Slack Off|p2a: Slowbro
|-heal|p2a: Slowbro|259\/394
|
|turn|30
|
|move|p1a: Azumarill|Play Rough|p2a: Slowbro
|-damage|p2a: Slowbro|138\/394
|move|p2a: Slowbro|Thunder Wave|p1a: Azumarill
|-status|p1a: Azumarill|par
|
|turn|31
|
|move|p2a: Slowbro|Slack Off|p2a: Slowbro
|-heal|p2a: Slowbro|335\/394
|move|p1a: Azumarill|Knock Off|p2a: Slowbro
|-supereffective|p2a: Slowbro
|-damage|p2a: Slowbro|199\/394
|
|turn|32
|
|switch|p1a: Magnezone|Magnezone|265\/282
|move|p2a: Slowbro|Slack Off|p2a: Slowbro
|-heal|p2a: Slowbro|394\/394
|
|turn|33
|
|switch|p2a: Blissey|Blissey, F|488\/714
|move|p1a: Magnezone|Flash Cannon|p2a: Blissey
|-damage|p2a: Blissey|374\/714
|-unboost|p2a: Blissey|spd|1
|
|-heal|p2a: Blissey|418\/714|[from] item: Leftovers
|turn|34
|
|move|p1a: Magnezone|Flash Cannon|p2a: Blissey
|-damage|p2a: Blissey|249\/714
|move|p2a: Blissey|Wish|p2a: Blissey
|
|-heal|p2a: Blissey|293\/714|[from] item: Leftovers
|turn|35
|
|switch|p2a: Charizard|Charizard-Mega-X, M|183\/298
|move|p1a: Magnezone|Flash Cannon|p2a: Charizard
|-resisted|p2a: Charizard
|-damage|p2a: Charizard|99\/298
|
|-heal|p2a: Charizard|298\/298|[from] move: Wish|[wisher] Blissey
|turn|36
|
|switch|p1a: Azumarill|Azumarill, F|350\/401 par
|move|p2a: Charizard|Earthquake|p1a: Azumarill
|-crit|p1a: Azumarill
|-damage|p1a: Azumarill|116\/401 par
|
|turn|37
|
|move|p2a: Charizard|Earthquake|p1a: Azumarill
|-damage|p1a: Azumarill|0 fnt
|faint|p1a: Azumarill
|
|c|âIlight|gg
|-message|DumberThanSlowpoke forfeited.
|
|win|Ilight
|raw|Ladder updating...
|leave|DumberThanSlowpoke
|player|p1