|join|DumberThanSlowpoke
|join|AD impish john
|player|p1|DumberThanSlowpoke|168
|player|p2|AD impish john|290
|gametype|singles
|gen|6
|tier|OU
|rated
|clearpoke
|poke|p1|Diggersby, M
|poke|p1|Magnezone
|poke|p1|Venusaur, M
|poke|p1|Latias, F
|poke|p1|Bisharp, F
|poke|p1|Azumarill, M
|poke|p2|Altaria, F
|poke|p2|Magnezone
|poke|p2|Landorus-Therian, M
|poke|p2|Latias, F
|poke|p2|Azumarill, M
|poke|p2|Rotom-Wash
|rule|Swagger Clause: Swagger is banned
|rule|Baton Pass Clause: Limit one PokÃ©mon knowing Baton Pass
|rule|Sleep Clause Mod: Limit one foe put to sleep
|rule|Species Clause: Limit one of each PokÃ©mon
|rule|OHKO Clause: OHKO moves are banned
|rule|Moody Clause: Moody is banned
|rule|Evasion Moves Clause: Evasion moves are banned
|rule|Endless Battle Clause: Forcing endless battles is banned
|rule|HP Percentage Mod: HP is shown in percentages
|teampreview
|
|start
|switch|p1a: Venusaur|Venusaur, M|359\/359
|switch|p2a: Sly Zone|Magnezone|344\/344
|turn|1
|
|switch|p1a: Magnezone|Magnezone|324\/324
|move|p2a: Sly Zone|Volt Switch|p1a: Magnezone
|-resisted|p1a: Magnezone
|-damage|p1a: Magnezone|214\/324
|
|switch|p2a: Liger|Landorus-Therian, M|382\/382
|-ability|p2a: Liger|Intimidate|[of] p1a: Magnezone
|-unboost|p1a: Magnezone|atk|1
|
|turn|2
|
|move|p2a: Liger|Earthquake|p1a: Magnezone
|-supereffective|p1a: Magnezone
|-damage|p1a: Magnezone|0 fnt
|faint|p1a: Magnezone
|
|
|switch|p1a: Azumarill|Azumarill, M|363\/363
|turn|3
|
|switch|p2a: Washington|Rotom-Wash|304\/304
|move|p1a: Azumarill|Play Rough|p2a: Washington
|-damage|p2a: Washington|24\/304
|-unboost|p2a: Washington|atk|1
|
|-heal|p2a: Washington|43\/304|[from] item: Leftovers
|turn|4
|
|switch|p1a: Latias|Latias, F|319\/319
|move|p2a: Washington|Will-O-Wisp|p1a: Latias
|-status|p1a: Latias|brn
|
|-heal|p2a: Washington|62\/304|[from] item: Leftovers
|-damage|p1a: Latias|280\/319 brn|[from] brn
|turn|5
|
|move|p1a: Latias|Psyshock|p2a: Washington
|-damage|p2a: Washington|0 fnt
|-damage|p1a: Latias|249\/319 brn|[from] item: Life Orb
|faint|p2a: Washington
|
|-damage|p1a: Latias|210\/319 brn|[from] brn
|
|switch|p2a: Toy Bonnie|Azumarill, M|404\/404
|turn|6
|
|move|p1a: Latias|Psyshock|p2a: Toy Bonnie
|-damage|p2a: Toy Bonnie|219\/404
|-damage|p1a: Latias|179\/319 brn|[from] item: Life Orb
|move|p2a: Toy Bonnie|Play Rough|p1a: Latias
|-supereffective|p1a: Latias
|-damage|p1a: Latias|0 fnt
|faint|p1a: Latias
|
|
|switch|p1a: Venusaur|Venusaur, M|359\/359
|turn|7
|
|switch|p2a: Sly Zone|Magnezone|344\/344
|detailschange|p1a: Venusaur|Venusaur-Mega, M
|-mega|p1a: Venusaur|Venusaur|Venusaurite
|move|p1a: Venusaur|Giga Drain|p2a: Sly Zone
|-resisted|p2a: Sly Zone
|-damage|p2a: Sly Zone|272\/344
|
|turn|8
|
|move|p1a: Venusaur|Hidden Power|p2a: Sly Zone
|-supereffective|p2a: Sly Zone
|-damage|p2a: Sly Zone|104\/344
|move|p2a: Sly Zone|Flash Cannon|p1a: Venusaur
|-damage|p1a: Venusaur|151\/359
|
|turn|9
|
|switch|p2a: Red Dragon|Latias, F|302\/302
|move|p1a: Venusaur|Hidden Power|p2a: Red Dragon
|-resisted|p2a: Red Dragon
|-damage|p2a: Red Dragon|271\/302
|
|turn|10
|
|switch|p1a: Bisharp|Bisharp, F|272\/272
|move|p2a: Red Dragon|Psyshock|p1a: Bisharp
|-immune|p1a: Bisharp|[msg]
|
|turn|11
|
|move|p2a: Red Dragon|Healing Wish|p2a: Red Dragon
|faint|p2a: Red Dragon
|move|p1a: Bisharp|Pursuit|p2: Red Dragon|[notarget]
|-notarget
|
|
|switch|p2a: Sly Zone|Magnezone|104\/344
|-heal|p2a: Sly Zone|344\/344|[from] move: Healing Wish
|turn|12
|
|move|p1a: Bisharp|Sucker Punch|p2a: Sly Zone
|-damage|p2a: Sly Zone|191\/344
|move|p2a: Sly Zone|Hidden Power|p1a: Bisharp
|-supereffective|p1a: Bisharp
|-damage|p1a: Bisharp|0 fnt
|faint|p1a: Bisharp
|
|c|âAD impish john|try to run
|c|âAD impish john|oh wait your ded
|c|âAD impish john|oops
|
|switch|p1a: Diggersby|Diggersby, M|311\/311
|turn|13
|
|switch|p2a: Liger|Landorus-Therian, M|382\/382
|-ability|p2a: Liger|Intimidate|[of] p1a: Diggersby
|-unboost|p1a: Diggersby|atk|1
|move|p1a: Diggersby|Swords Dance|p1a: Diggersby
|-boost|p1a: Diggersby|atk|2
|
|turn|14
|
|move|p1a: Diggersby|Return|p2a: Liger
|-damage|p2a: Liger|0 fnt
|-damage|p1a: Diggersby|280\/311|[from] item: Life Orb
|faint|p2a: Liger
|
|
|switch|p2a: Toy Bonnie|Azumarill, M|219\/404
|turn|15
|
|move|p1a: Diggersby|Quick Attack|p2a: Toy Bonnie
|-damage|p2a: Toy Bonnie|8\/404
|-damage|p1a: Diggersby|249\/311|[from] item: Life Orb
|-enditem|p2a: Toy Bonnie|Sitrus Berry|[eat]
|-heal|p2a: Toy Bonnie|109\/404|[from] item: Sitrus Berry
|move|p2a: Toy Bonnie|Aqua Jet|p1a: Diggersby
|-supereffective|p1a: Diggersby
|-damage|p1a: Diggersby|45\/311
|
|turn|16
|
|move|p1a: Diggersby|Quick Attack|p2a: Toy Bonnie
|-damage|p2a: Toy Bonnie|0 fnt
|-damage|p1a: Diggersby|14\/311|[from] item: Life Orb
|faint|p2a: Toy Bonnie
|
|
|switch|p2a: Sly Zone|Magnezone|191\/344
|turn|17
|
|switch|p2a: Fluffy|Altaria, F|353\/353
|move|p1a: Diggersby|Earthquake|p2a: Fluffy
|-immune|p2a: Fluffy|[msg]
|
|turn|18
|
|detailschange|p2a: Fluffy|Altaria-Mega, F
|-mega|p2a: Fluffy|Altaria|Altarianite
|move|p1a: Diggersby|Quick Attack|p2a: Fluffy
|-damage|p2a: Fluffy|193\/353
|-damage|p1a: Diggersby|0 fnt|[from] item: Life Orb
|faint|p1a: Diggersby
|move|p2a: Fluffy|Hyper Voice|p1: Diggersby|[notarget]
|-notarget
|
|
|switch|p1a: Azumarill|Azumarill, M|363\/363
|turn|19
|
|switch|p2a: Sly Zone|Magnezone|191\/344
|move|p1a: Azumarill|Play Rough|p2a: Sly Zone
|-resisted|p2a: Sly Zone
|-damage|p2a: Sly Zone|62\/344
|
|turn|20
|
|move|p1a: Azumarill|Play Rough|p2a: Sly Zone
|-resisted|p2a: Sly Zone
|-damage|p2a: Sly Zone|0 fnt
|faint|p2a: Sly Zone
|
|
|switch|p2a: Fluffy|Altaria-Mega, F|193\/353
|turn|21
|
|move|p2a: Fluffy|Hyper Voice|p1a: Azumarill
|-damage|p1a: Azumarill|98\/363
|move|p1a: Azumarill|Play Rough|p2a: Fluffy
|-supereffective|p2a: Fluffy
|-damage|p2a: Fluffy|0 fnt
|faint|p2a: Fluffy
|
|win|DumberThanSlowpoke
|raw|Ladder updating...