|join|TachyonLord
|join|DumberThanSlowpoke
|player|p1|TachyonLord|267
|player|p2|DumberThanSlowpoke|43
|gametype|singles
|gen|6
|tier|OU
|rated
|clearpoke
|poke|p1|Entei, shiny
|poke|p1|Starmie
|poke|p1|Altaria, F
|poke|p1|Bisharp, M
|poke|p1|Landorus-Therian, M
|poke|p1|Breloom, M
|poke|p2|Metagross
|poke|p2|Exploud, M
|poke|p2|Azumarill, M
|poke|p2|Magnezone
|poke|p2|Landorus-Therian, M
|poke|p2|Latios, M
|rule|Swagger Clause: Swagger is banned
|rule|Baton Pass Clause: Limit one PokÃ©mon knowing Baton Pass
|rule|Sleep Clause Mod: Limit one foe put to sleep
|rule|Species Clause: Limit one of each PokÃ©mon
|rule|OHKO Clause: OHKO moves are banned
|rule|Moody Clause: Moody is banned
|rule|Evasion Moves Clause: Evasion moves are banned
|rule|Endless Battle Clause: Forcing endless battles is banned
|rule|HP Percentage Mod: HP is shown in percentages
|teampreview
|
|start
|switch|p1a: Bisharp|Bisharp, M|290\/290
|switch|p2a: Landorus-Therian|Landorus-Therian, M|382\/382
|-ability|p2a: Landorus-Therian|Intimidate|[of] p1a: Bisharp
|-unboost|p1a: Bisharp|atk|1
|-boost|p1a: Bisharp|atk|2|[from] ability: Defiant
|turn|1
|
|move|p1a: Bisharp|Knock Off|p2a: Landorus-Therian
|-damage|p2a: Landorus-Therian|138\/382
|-enditem|p2a: Landorus-Therian|Leftovers|[from] move: Knock Off|[of] p1a: Bisharp
|move|p2a: Landorus-Therian|Earthquake|p1a: Bisharp
|-supereffective|p1a: Bisharp
|-damage|p1a: Bisharp|0 fnt
|faint|p1a: Bisharp
|
|
|switch|p1a: Entei|Entei, shiny|385\/385
|-ability|p1a: Entei|Pressure
|turn|2
|
|move|p1a: Entei|Sacred Fire|p2a: Landorus-Therian
|-crit|p2a: Landorus-Therian
|-damage|p2a: Landorus-Therian|0 fnt
|-damage|p1a: Entei|347\/385|[from] item: Life Orb
|faint|p2a: Landorus-Therian
|
|
|switch|p2a: Exploud|Exploud, M|350\/350
|turn|3
|
|move|p1a: Entei|Sacred Fire|p2a: Exploud
|-damage|p2a: Exploud|13\/350
|-damage|p1a: Entei|309\/385|[from] item: Life Orb
|move|p2a: Exploud|Boomburst|p1a: Entei
|-damage|p1a: Entei|0 fnt
|faint|p1a: Entei
|
|
|switch|p1a: Breloom|Breloom, M|261\/261
|turn|4
|
|move|p1a: Breloom|Mach Punch|p2a: Exploud
|-supereffective|p2a: Exploud
|-damage|p2a: Exploud|0 fnt
|faint|p2a: Exploud
|
|
|switch|p2a: Latios|Latios, M|301\/301
|turn|5
|
|switch|p1a: Altaria|Altaria, F|353\/353
|move|p2a: Latios|Psyshock|p1a: Altaria
|-damage|p1a: Altaria|200\/353
|-damage|p2a: Latios|271\/301|[from] item: Life Orb
|
|turn|6
|
|switch|p2a: Metagross|Metagross|301\/301
|detailschange|p1a: Altaria|Altaria-Mega, F
|-mega|p1a: Altaria|Altaria|Altarianite
|move|p1a: Altaria|Frustration|p2a: Metagross
|-resisted|p2a: Metagross
|-damage|p2a: Metagross|228\/301
|
|turn|7
|
|detailschange|p2a: Metagross|Metagross-Mega
|-mega|p2a: Metagross|Metagross|Metagrossite
|move|p2a: Metagross|Meteor Mash|p1a: Altaria
|-supereffective|p1a: Altaria
|-damage|p1a: Altaria|0 fnt
|faint|p1a: Altaria
|
|
|switch|p1a: Landorus-Therian|Landorus-Therian, M|381\/381
|-ability|p1a: Landorus-Therian|Intimidate|[of] p2a: Metagross
|-unboost|p2a: Metagross|atk|1
|turn|8
|
|switch|p2a: Magnezone|Magnezone|324\/324
|move|p1a: Landorus-Therian|U-turn|p2a: Magnezone
|-resisted|p2a: Magnezone
|-damage|p2a: Magnezone|293\/324
|
|switch|p1a: Breloom|Breloom, M|261\/261
|
|turn|9
|
|switch|p1a: Landorus-Therian|Landorus-Therian, M|381\/381
|-ability|p1a: Landorus-Therian|Intimidate|[of] p2a: Magnezone
|-unboost|p2a: Magnezone|atk|1
|move|p2a: Magnezone|Volt Switch|p1a: Landorus-Therian
|-immune|p1a: Landorus-Therian|[msg]
|
|turn|10
|
|switch|p2a: Latios|Latios, M|271\/301
|move|p1a: Landorus-Therian|Earthquake|p2a: Latios
|-immune|p2a: Latios|[msg]
|
|turn|11
|
|move|p2a: Latios|Draco Meteor|p1a: Landorus-Therian
|-damage|p1a: Landorus-Therian|29\/381
|-unboost|p2a: Latios|spa|2
|-damage|p2a: Latios|241\/301|[from] item: Life Orb
|move|p1a: Landorus-Therian|U-turn|p2a: Latios
|-supereffective|p2a: Latios
|-damage|p2a: Latios|43\/301
|
|switch|p1a: Breloom|Breloom, M|261\/261
|
|turn|12
|
|move|p1a: Breloom|Mach Punch|p2a: Latios
|-resisted|p2a: Latios
|-damage|p2a: Latios|0 fnt
|faint|p2a: Latios
|
|
|switch|p2a: Magnezone|Magnezone|293\/324
|turn|13
|
|switch|p1a: Landorus-Therian|Landorus-Therian, M|29\/381
|-ability|p1a: Landorus-Therian|Intimidate|[of] p2a: Magnezone
|-unboost|p2a: Magnezone|atk|1
|move|p2a: Magnezone|Flash Cannon|p1a: Landorus-Therian
|-damage|p1a: Landorus-Therian|0 fnt
|faint|p1a: Landorus-Therian
|
|
|switch|p1a: Starmie|Starmie|261\/261
|turn|14
|
|switch|p2a: Azumarill|Azumarill, M|364\/364
|move|p1a: Starmie|Hydro Pump|p2a: Azumarill
|-resisted|p2a: Azumarill
|-damage|p2a: Azumarill|196\/364
|-damage|p1a: Starmie|235\/261|[from] item: Life Orb
|
|turn|15
|
|move|p1a: Starmie|Thunderbolt|p2a: Azumarill
|-supereffective|p2a: Azumarill
|-damage|p2a: Azumarill|0 fnt
|-damage|p1a: Starmie|209\/261|[from] item: Life Orb
|faint|p2a: Azumarill
|
|
|switch|p2a: Magnezone|Magnezone|293\/324
|turn|16
|
|move|p1a: Starmie|Hydro Pump|p2a: Magnezone
|-damage|p2a: Magnezone|63\/324
|-damage|p1a: Starmie|183\/261|[from] item: Life Orb
|move|p2a: Magnezone|Volt Switch|p1a: Starmie
|-supereffective|p1a: Starmie
|-damage|p1a: Starmie|0 fnt
|faint|p1a: Starmie
|
|switch|p2a: Metagross|Metagross-Mega|228\/301
|
|
|switch|p1a: Breloom|Breloom, M|261\/261
|turn|17
|
|move|p2a: Metagross|Bullet Punch|p1a: Breloom
|-damage|p1a: Breloom|132\/261
|move|p1a: Breloom|Spore|p2a: Metagross
|-status|p2a: Metagross|slp
|
|turn|18
|
|move|p1a: Breloom|Mach Punch|p2a: Metagross
|-damage|p2a: Metagross|156\/301 slp
|cant|p2a: Metagross|slp
|
|turn|19
|
|move|p1a: Breloom|Mach Punch|p2a: Metagross
|-damage|p2a: Metagross|77\/301 slp
|cant|p2a: Metagross|slp
|
|turn|20
|
|move|p1a: Breloom|Mach Punch|p2a: Metagross
|-crit|p2a: Metagross
|-damage|p2a: Metagross|0 fnt
|faint|p2a: Metagross
|
|
|switch|p2a: Magnezone|Magnezone|63\/324
|turn|21
|
|move|p1a: Breloom|Mach Punch|p2a: Magnezone
|-supereffective|p2a: Magnezone
|-damage|p2a: Magnezone|0 fnt
|faint|p2a: Magnezone
|
|win|TachyonLord
|raw|Ladder updating...
|raw|TachyonLord's rating: 1544 &rarr; <strong>1568<\/strong><br \/>(+24 for winning)
|raw|DumberThanSlowpoke's rating: 1620 &rarr; <strong>1596<\/strong><br \/>(-24 for losing)
|leave|DumberThanSlowpoke
|player|p2