|join|shinikahn
|join|DumberThanSlowpoke
|player|p1|shinikahn|163
|player|p2|DumberThanSlowpoke|43
|gametype|singles
|gen|6
|tier|OU
|rated
|clearpoke
|poke|p1|Hydreigon, M
|poke|p1|Cloyster, M, shiny
|poke|p1|Volcarona, F
|poke|p1|Gallade, M, shiny
|poke|p1|Sylveon, F, shiny
|poke|p1|Forretress, F
|poke|p2|Charizard, F
|poke|p2|Latios, M
|poke|p2|Bisharp, F
|poke|p2|Keldeo
|poke|p2|Thundurus, M
|poke|p2|Garchomp, F
|rule|Swagger Clause: Swagger is banned
|rule|Baton Pass Clause: Limit one PokÃ©mon knowing Baton Pass
|rule|Sleep Clause Mod: Limit one foe put to sleep
|rule|Species Clause: Limit one of each PokÃ©mon
|rule|OHKO Clause: OHKO moves are banned
|rule|Moody Clause: Moody is banned
|rule|Evasion Moves Clause: Evasion moves are banned
|rule|Endless Battle Clause: Forcing endless battles is banned
|rule|HP Percentage Mod: HP is shown in percentages
|teampreview
|
|start
|switch|p1a: Cloyster|Cloyster, M, shiny|241\/241
|switch|p2a: Garchomp|Garchomp, F|357\/357
|turn|1
|
|switch|p2a: Keldeo|Keldeo|323\/323
|move|p1a: Cloyster|Shell Smash|p1a: Cloyster
|-boost|p1a: Cloyster|atk|2
|-boost|p1a: Cloyster|spa|2
|-boost|p1a: Cloyster|spe|2
|-unboost|p1a: Cloyster|def|1
|-unboost|p1a: Cloyster|spd|1
|
|turn|2
|
|move|p1a: Cloyster|Shell Smash|p1a: Cloyster
|-boost|p1a: Cloyster|atk|2
|-boost|p1a: Cloyster|spa|2
|-boost|p1a: Cloyster|spe|2
|-unboost|p1a: Cloyster|def|1
|-unboost|p1a: Cloyster|spd|1
|move|p2a: Keldeo|Secret Sword|p1a: Cloyster
|-crit|p1a: Cloyster
|-supereffective|p1a: Cloyster
|-enditem|p1a: Cloyster|Focus Sash
|-damage|p1a: Cloyster|1\/241
|
|turn|3
|
|move|p1a: Cloyster|Icicle Spear|p2a: Keldeo
|-resisted|p2a: Keldeo
|-damage|p2a: Keldeo|267\/323
|-resisted|p2a: Keldeo
|-damage|p2a: Keldeo|208\/323
|-resisted|p2a: Keldeo
|-damage|p2a: Keldeo|149\/323
|-resisted|p2a: Keldeo
|-damage|p2a: Keldeo|88\/323
|-resisted|p2a: Keldeo
|-damage|p2a: Keldeo|29\/323
|-hitcount|p2a: Keldeo|5
|move|p2a: Keldeo|Secret Sword|p1a: Cloyster
|-supereffective|p1a: Cloyster
|-damage|p1a: Cloyster|0 fnt
|faint|p1a: Cloyster
|
|
|switch|p1a: Gallade|Gallade, M, shiny|277\/277
|turn|4
|
|switch|p2a: Latios|Latios, M|301\/301
|detailschange|p1a: Gallade|Gallade-Mega, M, shiny
|-mega|p1a: Gallade|Gallade|Galladite
|move|p1a: Gallade|Shadow Sneak|p2a: Latios
|-supereffective|p2a: Latios
|-damage|p2a: Latios|159\/301
|
|turn|5
|
|switch|p2a: Thundurus|Thundurus, M|298\/298
|move|p1a: Gallade|Shadow Sneak|p2a: Thundurus
|-damage|p2a: Thundurus|222\/298
|
|-heal|p2a: Thundurus|240\/298|[from] item: Leftovers
|turn|6
|
|switch|p1a: Forretress|Forretress, F|354\/354
|move|p2a: Thundurus|Hidden Power|p1a: Forretress
|-damage|p1a: Forretress|185\/354
|
|-heal|p2a: Thundurus|258\/298|[from] item: Leftovers
|turn|7
|
|move|p2a: Thundurus|Thunderbolt|p1a: Forretress
|-damage|p1a: Forretress|0 fnt
|faint|p1a: Forretress
|
|-heal|p2a: Thundurus|276\/298|[from] item: Leftovers
|
|switch|p1a: Hydreigon|Hydreigon, M|326\/326
|turn|8
|
|move|p1a: Hydreigon|Draco Meteor|p2a: Thundurus
|-damage|p2a: Thundurus|0 fnt
|-unboost|p1a: Hydreigon|spa|2
|faint|p2a: Thundurus
|
|
|switch|p2a: Charizard|Charizard, F|301\/301
|turn|9
|
|switch|p1a: Gallade|Gallade-Mega, M, shiny|277\/277
|detailschange|p2a: Charizard|Charizard-Mega-Y, F
|-mega|p2a: Charizard|Charizard|Charizardite Y
|-weather|SunnyDay
|move|p2a: Charizard|Focus Blast|p1a: Gallade
|-resisted|p1a: Gallade
|-damage|p1a: Gallade|199\/277
|
|-weather|SunnyDay|[upkeep]
|turn|10
|
|move|p1a: Gallade|Zen Headbutt|p2a: Charizard
|-damage|p2a: Charizard|73\/301
|move|p2a: Charizard|Fire Blast|p1a: Gallade
|-damage|p1a: Gallade|0 fnt
|faint|p1a: Gallade
|
|-weather|SunnyDay|[upkeep]
|
|switch|p1a: Hydreigon|Hydreigon, M|326\/326
|turn|11
|
|move|p1a: Hydreigon|Dark Pulse|p2a: Charizard
|-damage|p2a: Charizard|0 fnt
|faint|p2a: Charizard
|
|-weather|SunnyDay|[upkeep]
|
|switch|p2a: Bisharp|Bisharp, F|271\/271
|turn|12
|
|switch|p1a: Volcarona|Volcarona, F|373\/373
|move|p2a: Bisharp|Knock Off|p1a: Volcarona
|-crit|p1a: Volcarona
|-damage|p1a: Volcarona|13\/373
|-enditem|p1a: Volcarona|Lum Berry|[from] move: Knock Off|[of] p2a: Bisharp
|
|-weather|SunnyDay|[upkeep]
|turn|13
|
|move|p2a: Bisharp|Sucker Punch|p1a: Volcarona
|-fail|p1a: Volcarona
|move|p1a: Volcarona|Quiver Dance|p1a: Volcarona
|-boost|p1a: Volcarona|spa|1
|-boost|p1a: Volcarona|spd|1
|-boost|p1a: Volcarona|spe|1
|
|-weather|none
|turn|14
|
|move|p2a: Bisharp|Sucker Punch|p1a: Volcarona
|-fail|p1a: Volcarona
|move|p1a: Volcarona|Roost|p1a: Volcarona
|-heal|p1a: Volcarona|200\/373
|
|turn|15
|
|move|p1a: Volcarona|Roost|p1a: Volcarona
|-heal|p1a: Volcarona|373\/373
|move|p2a: Bisharp|Knock Off|p1a: Volcarona
|-damage|p1a: Volcarona|219\/373
|
|turn|16
|
|move|p2a: Bisharp|Sucker Punch|p1a: Volcarona
|-damage|p1a: Volcarona|33\/373
|move|p1a: Volcarona|Fiery Dance|p2a: Bisharp
|-supereffective|p2a: Bisharp
|-damage|p2a: Bisharp|0 fnt
|-boost|p1a: Volcarona|spa|1
|faint|p2a: Bisharp
|
|
|switch|p2a: Garchomp|Garchomp, F|357\/357
|turn|17
|
|switch|p1a: Sylveon|Sylveon, F, shiny|394\/394
|move|p2a: Garchomp|Dragon Claw|p1a: Sylveon
|-immune|p1a: Sylveon|[msg]
|
|turn|18
|
|move|p2a: Garchomp|Earthquake|p1a: Sylveon
|-crit|p1a: Sylveon
|-damage|p1a: Sylveon|136\/394
|move|p1a: Sylveon|Calm Mind|p1a: Sylveon
|-boost|p1a: Sylveon|spa|1
|-boost|p1a: Sylveon|spd|1
|
|-heal|p1a: Sylveon|160\/394|[from] item: Leftovers
|turn|19
|
|move|p1a: Sylveon|Protect|p1a: Sylveon
|-singleturn|p1a: Sylveon|Protect
|move|p2a: Garchomp|Earthquake|p1a: Sylveon
|-activate|p1a: Sylveon|Protect
|
|-heal|p1a: Sylveon|184\/394|[from] item: Leftovers
|turn|20
|
|move|p2a: Garchomp|Earthquake|p1a: Sylveon
|-crit|p1a: Sylveon
|-damage|p1a: Sylveon|0 fnt
|faint|p1a: Sylveon
|
|c|âDumberThanSlowpoke|sorry
|
|switch|p1a: Volcarona|Volcarona, F|33\/373
|turn|21
|
|move|p2a: Garchomp|Dragon Claw|p1a: Volcarona
|-damage|p1a: Volcarona|0 fnt
|-status|p2a: Garchomp|brn
|faint|p1a: Volcarona
|-enditem|p2a: Garchomp|Lum Berry|[eat]
|-curestatus|p2a: Garchomp|brn
|
|
|switch|p1a: Hydreigon|Hydreigon, M|326\/326
|turn|22
|
|switch|p2a: Keldeo|Keldeo|29\/323
|move|p1a: Hydreigon|Draco Meteor|p2a: Keldeo
|-damage|p2a: Keldeo|0 fnt
|-unboost|p1a: Hydreigon|spa|2
|faint|p2a: Keldeo
|
|
|switch|p2a: Latios|Latios, M|159\/301
|turn|23
|
|move|p1a: Hydreigon|Draco Meteor|p2a: Latios
|-supereffective|p2a: Latios
|-damage|p2a: Latios|0 fnt
|-unboost|p1a: Hydreigon|spa|2
|faint|p2a: Latios
|
|
|switch|p2a: Garchomp|Garchomp, F|357\/357
|turn|24
|
|move|p1a: Hydreigon|Draco Meteor|p2a: Garchomp|[miss]
|-miss|p1a: Hydreigon|p2a: Garchomp
|move|p2a: Garchomp|Dragon Claw|p1a: Hydreigon
|-supereffective|p1a: Hydreigon
|-damage|p1a: Hydreigon|20\/326
|
|turn|25
|
|move|p1a: Hydreigon|Draco Meteor|p2a: Garchomp
|-supereffective|p2a: Garchomp
|-damage|p2a: Garchomp|153\/357
|-unboost|p1a: Hydreigon|spa|2
|move|p2a: Garchomp|Dragon Claw|p1a: Hydreigon
|-supereffective|p1a: Hydreigon
|-damage|p1a: Hydreigon|0 fnt
|faint|p1a: Hydreigon
|
|win|DumberThanSlowpoke
|raw|Ladder updating...
|raw|shinikahn's rating: 1283 &rarr; <strong>1261<\/strong><br \/>(-22 for losing)
|raw|DumberThanSlowpoke's rating: 1318 &rarr; <strong>1336<\/strong><br \/>(+18 for winning)
|leave|DumberThanSlowpoke
|player|p2