|join|Invok3r
|join|Reverb
|player|p1|Invok3r|2
|player|p2|Reverb|33
|gametype|singles
|gen|6
|tier|OU
|rated
|clearpoke
|poke|p1|Swampert, F
|poke|p1|Chansey, F
|poke|p1|Clefable, F
|poke|p1|Tentacruel, M
|poke|p1|Cresselia, F
|poke|p1|Talonflame, F
|poke|p2|Sharpedo, M
|poke|p2|Heatran, F
|poke|p2|Thundurus, M
|poke|p2|Rotom-Wash
|poke|p2|Keldeo
|poke|p2|Gengar, M
|rule|Swagger Clause: Swagger is banned
|rule|Baton Pass Clause: Limit one PokÃ©mon knowing Baton Pass
|rule|Sleep Clause Mod: Limit one foe put to sleep
|rule|Species Clause: Limit one of each PokÃ©mon
|rule|OHKO Clause: OHKO moves are banned
|rule|Moody Clause: Moody is banned
|rule|Evasion Moves Clause: Evasion moves are banned
|rule|Endless Battle Clause: Forcing endless battles is banned
|rule|HP Percentage Mod: HP is shown in percentages
|teampreview
|join|seba1124
|join|Biz
|
|start
|switch|p1a: Chansey|Chansey, F|703\/703
|switch|p2a: Rotom-Wash|Rotom-Wash|303\/303
|turn|1
|
|move|p2a: Rotom-Wash|Volt Switch|p1a: Chansey
|-damage|p1a: Chansey|651\/703
|
|switch|p2a: Heatran|Heatran, F|385\/385
|move|p1a: Chansey|Stealth Rock|p2a: Heatran
|-sidestart|p2: Reverb|move: Stealth Rock
|
|turn|2
|
|switch|p1a: Tentacruel|Tentacruel, M|364\/364
|move|p2a: Heatran|Stealth Rock|p1a: Tentacruel
|-sidestart|p1: Invok3r|move: Stealth Rock
|
|turn|3
|
|move|p1a: Tentacruel|Rapid Spin|p2a: Heatran
|-crit|p2a: Heatran
|-resisted|p2a: Heatran
|-damage|p2a: Heatran|378\/385
|-sideend|p1: Invok3r|Stealth Rock|[from] move: Rapid Spin|[of] p1a: Tentacruel
|move|p2a: Heatran|Lava Plume|p1a: Tentacruel
|-crit|p1a: Tentacruel
|-resisted|p1a: Tentacruel
|-damage|p1a: Tentacruel|308\/364
|
|-heal|p1a: Tentacruel|330\/364|[from] item: Black Sludge
|-heal|p2a: Heatran|385\/385|[from] item: Leftovers
|turn|4
|
|move|p1a: Tentacruel|Toxic Spikes|p2a: Heatran
|-sidestart|p2: Reverb|move: Toxic Spikes
|move|p2a: Heatran|Lava Plume|p1a: Tentacruel
|-resisted|p1a: Tentacruel
|-damage|p1a: Tentacruel|289\/364
|
|-heal|p1a: Tentacruel|311\/364|[from] item: Black Sludge
|turn|5
|
|move|p1a: Tentacruel|Scald|p2a: Heatran
|-supereffective|p2a: Heatran
|-damage|p2a: Heatran|265\/385
|move|p2a: Heatran|Lava Plume|p1a: Tentacruel
|-resisted|p1a: Tentacruel
|-damage|p1a: Tentacruel|271\/364
|-status|p1a: Tentacruel|brn
|
|-heal|p1a: Tentacruel|293\/364 brn|[from] item: Black Sludge
|-heal|p2a: Heatran|289\/385|[from] item: Leftovers
|-damage|p1a: Tentacruel|248\/364 brn|[from] brn
|turn|6
|
|move|p1a: Tentacruel|Scald|p2a: Heatran
|-supereffective|p2a: Heatran
|-damage|p2a: Heatran|163\/385
|move|p2a: Heatran|Stealth Rock|p1a: Tentacruel
|-sidestart|p1: Invok3r|move: Stealth Rock
|
|-heal|p1a: Tentacruel|270\/364 brn|[from] item: Black Sludge
|-heal|p2a: Heatran|187\/385|[from] item: Leftovers
|-damage|p1a: Tentacruel|225\/364 brn|[from] brn
|turn|7
|
|switch|p2a: Gengar|Gengar, M|261\/261
|-damage|p2a: Gengar|229\/261|[from] Stealth Rock
|move|p1a: Tentacruel|Rapid Spin|p2a: Gengar
|-immune|p2a: Gengar|[msg]
|
|-heal|p1a: Tentacruel|247\/364 brn|[from] item: Black Sludge
|-damage|p1a: Tentacruel|202\/364 brn|[from] brn
|turn|8
|
|switch|p2a: Thundurus|Thundurus, M|299\/299
|-damage|p2a: Thundurus|225\/299|[from] Stealth Rock
|move|p1a: Tentacruel|Scald|p2a: Thundurus
|-damage|p2a: Thundurus|128\/299
|
|-heal|p1a: Tentacruel|224\/364 brn|[from] item: Black Sludge
|-damage|p1a: Tentacruel|179\/364 brn|[from] brn
|turn|9
|join|ailurophilia
|
|switch|p1a: Chansey|Chansey, F|651\/703
|-damage|p1a: Chansey|564\/703|[from] Stealth Rock
|move|p2a: Thundurus|Knock Off|p1a: Chansey
|-damage|p1a: Chansey|398\/703
|-enditem|p1a: Chansey|Eviolite|[from] move: Knock Off|[of] p2a: Thundurus
|-damage|p2a: Thundurus|99\/299|[from] item: Life Orb
|
|turn|10
|
|switch|p1a: Swampert|Swampert, F|403\/403
|-damage|p1a: Swampert|378\/403|[from] Stealth Rock
|move|p2a: Thundurus|Superpower|p1a: Swampert
|-damage|p1a: Swampert|255\/403
|-unboost|p2a: Thundurus|atk|1
|-unboost|p2a: Thundurus|def|1
|-damage|p2a: Thundurus|70\/299|[from] item: Life Orb
|
|turn|11
|join|mouse de frank
|c| ailurophilia|cursepert y\/n
|
|detailschange|p1a: Swampert|Swampert-Mega, F
|-mega|p1a: Swampert|Swampert|Swampertite
|move|p2a: Thundurus|Hidden Power|p1a: Swampert
|-damage|p1a: Swampert|177\/403
|-damage|p2a: Thundurus|41\/299|[from] item: Life Orb
|move|p1a: Swampert|Rest|p1a: Swampert
|-status|p1a: Swampert|slp
|-heal|p1a: Swampert|403\/403 slp|[silent]
|-status|p1a: Swampert|slp|[from] move: Rest
|
|turn|12
|
|switch|p2a: Rotom-Wash|Rotom-Wash|303\/303
|-damage|p2a: Rotom-Wash|266\/303|[from] Stealth Rock
|cant|p1a: Swampert|slp
|move|p1a: Swampert|Sleep Talk|p1a: Swampert
|move|p1a: Swampert|Scald|p2a: Rotom-Wash|[from]Sleep Talk
|-resisted|p2a: Rotom-Wash
|-damage|p2a: Rotom-Wash|224\/303
|
|-heal|p2a: Rotom-Wash|242\/303|[from] item: Leftovers
|turn|13
|join|Escavalier
|
|move|p2a: Rotom-Wash|Hydro Pump|p1a: Swampert
|-damage|p1a: Swampert|274\/403 slp
|cant|p1a: Swampert|slp
|move|p1a: Swampert|Sleep Talk|p1a: Swampert
|move|p1a: Swampert|Earthquake|p2a: Rotom-Wash|[from]Sleep Talk
|-immune|p2a: Rotom-Wash|[msg]
|
|-heal|p2a: Rotom-Wash|260\/303|[from] item: Leftovers
|turn|14
|
|move|p2a: Rotom-Wash|Hydro Pump|p1a: Swampert
|-damage|p1a: Swampert|147\/403 slp
|-curestatus|p1a: Swampert|slp
|move|p1a: Swampert|Rest|p1a: Swampert
|-status|p1a: Swampert|slp
|-heal|p1a: Swampert|403\/403 slp|[silent]
|-status|p1a: Swampert|slp|[from] move: Rest
|
|-heal|p2a: Rotom-Wash|278\/303|[from] item: Leftovers
|turn|15
|
|switch|p1a: Chansey|Chansey, F|398\/703
|-damage|p1a: Chansey|311\/703|[from] Stealth Rock
|move|p2a: Rotom-Wash|Hydro Pump|p1a: Chansey
|-damage|p1a: Chansey|175\/703
|
|-heal|p2a: Rotom-Wash|296\/303|[from] item: Leftovers
|turn|16
|
|move|p2a: Rotom-Wash|Volt Switch|p1a: Chansey
|-crit|p1a: Chansey
|-damage|p1a: Chansey|52\/703
|
|switch|p2a: Gengar|Gengar, M|229\/261
|-damage|p2a: Gengar|197\/261|[from] Stealth Rock
|move|p1a: Chansey|Soft-Boiled|p1a: Chansey
|-heal|p1a: Chansey|404\/703
|
|turn|17
|
|switch|p1a: Swampert|Swampert-Mega, F|403\/403 slp
|-damage|p1a: Swampert|378\/403 slp|[from] Stealth Rock
|move|p2a: Gengar|Taunt|p1a: Swampert
|-start|p1a: Swampert|move: Taunt
|
|turn|18
|join|kektus
|
|move|p2a: Gengar|Shadow Ball|p1a: Swampert
|-damage|p1a: Swampert|217\/403 slp
|-damage|p2a: Gengar|171\/261|[from] item: Life Orb
|cant|p1a: Swampert|slp
|
|turn|19
|
|switch|p1a: Chansey|Chansey, F|404\/703
|-damage|p1a: Chansey|317\/703|[from] Stealth Rock
|move|p2a: Gengar|Shadow Ball|p1a: Chansey
|-immune|p1a: Chansey|[msg]
|
|turn|20
|
|switch|p1a: Talonflame|Talonflame, F|359\/359
|-damage|p1a: Talonflame|180\/359|[from] Stealth Rock
|move|p2a: Gengar|Taunt|p1a: Talonflame
|-start|p1a: Talonflame|move: Taunt
|
|-heal|p1a: Talonflame|202\/359|[from] item: Leftovers
|turn|21
|
|switch|p2a: Thundurus|Thundurus, M|41\/299
|-damage|p2a: Thundurus|0 fnt|[from] Stealth Rock
|faint|p2a: Thundurus
|switch|p1a: Tentacruel|Tentacruel, M|179\/364 brn
|-damage|p1a: Tentacruel|134\/364 brn|[from] Stealth Rock
|
|-heal|p1a: Tentacruel|156\/364 brn|[from] item: Black Sludge
|-damage|p1a: Tentacruel|111\/364 brn|[from] brn
|
|switch|p2a: Gengar|Gengar, M|171\/261
|-damage|p2a: Gengar|139\/261|[from] Stealth Rock
|turn|22
|
|move|p2a: Gengar|Shadow Ball|p1a: Tentacruel
|-damage|p1a: Tentacruel|0 fnt
|-damage|p2a: Gengar|113\/261|[from] item: Life Orb
|faint|p1a: Tentacruel
|
|
|switch|p1a: Cresselia|Cresselia, F|444\/444
|-damage|p1a: Cresselia|389\/444|[from] Stealth Rock
|turn|23
|
|switch|p2a: Heatran|Heatran, F|187\/385
|-damage|p2a: Heatran|139\/385|[from] Stealth Rock
|move|p1a: Cresselia|Psychic|p2a: Heatran
|-resisted|p2a: Heatran
|-damage|p2a: Heatran|108\/385
|
|-heal|p2a: Heatran|132\/385|[from] item: Leftovers
|-heal|p1a: Cresselia|416\/444|[from] item: Leftovers
|turn|24
|join|finally
|
|switch|p1a: Swampert|Swampert-Mega, F|217\/403 slp
|-damage|p1a: Swampert|192\/403 slp|[from] Stealth Rock
|move|p2a: Heatran|Taunt|p1a: Swampert
|-start|p1a: Swampert|move: Taunt
|
|-heal|p2a: Heatran|156\/385|[from] item: Leftovers
|turn|25
|
|switch|p2a: Gengar|Gengar, M|113\/261
|-damage|p2a: Gengar|81\/261|[from] Stealth Rock
|cant|p1a: Swampert|slp
|
|turn|26
|
|move|p2a: Gengar|Shadow Ball|p1a: Swampert
|-damage|p1a: Swampert|20\/403 slp
|-damage|p2a: Gengar|55\/261|[from] item: Life Orb
|-curestatus|p1a: Swampert|slp
|move|p1a: Swampert|Scald|p2a: Gengar
|-damage|p2a: Gengar|0 fnt
|faint|p2a: Gengar
|
|
|switch|p2a: Heatran|Heatran, F|156\/385
|-damage|p2a: Heatran|108\/385|[from] Stealth Rock
|turn|27
|
|move|p2a: Heatran|Lava Plume|p1a: Swampert
|-resisted|p1a: Swampert
|-damage|p1a: Swampert|0 fnt
|faint|p1a: Swampert
|
|-heal|p2a: Heatran|132\/385|[from] item: Leftovers
|
|switch|p1a: Chansey|Chansey, F|317\/703
|-damage|p1a: Chansey|230\/703|[from] Stealth Rock
|turn|28
|
|switch|p2a: Keldeo|Keldeo|323\/323
|-status|p2a: Keldeo|psn
|-damage|p2a: Keldeo|303\/323 psn|[from] Stealth Rock
|move|p1a: Chansey|Soft-Boiled|p1a: Chansey
|-heal|p1a: Chansey|582\/703
|
|-damage|p2a: Keldeo|263\/323 psn|[from] psn
|turn|29
|
|switch|p2a: Rotom-Wash|Rotom-Wash|296\/303
|-damage|p2a: Rotom-Wash|259\/303|[from] Stealth Rock
|switch|p1a: Talonflame|Talonflame, F|202\/359
|-damage|p1a: Talonflame|23\/359|[from] Stealth Rock
|
|-heal|p1a: Talonflame|45\/359|[from] item: Leftovers
|-heal|p2a: Rotom-Wash|277\/303|[from] item: Leftovers
|turn|30
|
|move|p1a: Talonflame|Will-O-Wisp|p2a: Rotom-Wash|[miss]
|-miss|p1a: Talonflame|p2a: Rotom-Wash
|move|p2a: Rotom-Wash|Hydro Pump|p1a: Talonflame
|-supereffective|p1a: Talonflame
|-damage|p1a: Talonflame|0 fnt
|faint|p1a: Talonflame
|
|-heal|p2a: Rotom-Wash|295\/303|[from] item: Leftovers
|leave|kektus
|
|switch|p1a: Cresselia|Cresselia, F|416\/444
|-damage|p1a: Cresselia|361\/444|[from] Stealth Rock
|turn|31
|
|move|p2a: Rotom-Wash|Will-O-Wisp|p1a: Cresselia
|-status|p1a: Cresselia|brn
|move|p1a: Cresselia|Toxic|p2a: Rotom-Wash
|-status|p2a: Rotom-Wash|tox
|
|-heal|p2a: Rotom-Wash|303\/303 tox|[from] item: Leftovers
|-heal|p1a: Cresselia|388\/444 brn|[from] item: Leftovers
|-damage|p2a: Rotom-Wash|285\/303 tox|[from] psn
|-damage|p1a: Cresselia|333\/444 brn|[from] brn
|turn|32
|join|The DragonKnight
|
|move|p2a: Rotom-Wash|Volt Switch|p1a: Cresselia
|-damage|p1a: Cresselia|264\/444 brn
|
|switch|p2a: Sharpedo|Sharpedo, M|281\/281
|-status|p2a: Sharpedo|psn
|-damage|p2a: Sharpedo|246\/281 psn|[from] Stealth Rock
|move|p1a: Cresselia|Moonlight|p1a: Cresselia
|-heal|p1a: Cresselia|444\/444 brn
|
|-damage|p2a: Sharpedo|211\/281 psn|[from] psn
|-damage|p1a: Cresselia|389\/444 brn|[from] brn
|turn|33
|leave|The DragonKnight
|
|switch|p2a: Heatran|Heatran, F|132\/385
|-damage|p2a: Heatran|84\/385|[from] Stealth Rock
|switch|p1a: Clefable|Clefable, F|394\/394
|-damage|p1a: Clefable|345\/394|[from] Stealth Rock
|
|-heal|p2a: Heatran|108\/385|[from] item: Leftovers
|-heal|p1a: Clefable|369\/394|[from] item: Leftovers
|turn|34
|
|switch|p1a: Chansey|Chansey, F|582\/703
|-damage|p1a: Chansey|495\/703|[from] Stealth Rock
|move|p2a: Heatran|Lava Plume|p1a: Chansey
|-damage|p1a: Chansey|380\/703
|
|-heal|p2a: Heatran|132\/385|[from] item: Leftovers
|turn|35
|
|switch|p2a: Keldeo|Keldeo|263\/323 psn
|-damage|p2a: Keldeo|243\/323 psn|[from] Stealth Rock
|move|p1a: Chansey|Soft-Boiled|p1a: Chansey
|-heal|p1a: Chansey|703\/703
|
|-damage|p2a: Keldeo|203\/323 psn|[from] psn
|turn|36
|
|switch|p1a: Cresselia|Cresselia, F|389\/444 brn
|-damage|p1a: Cresselia|334\/444 brn|[from] Stealth Rock
|move|p2a: Keldeo|Hydro Pump|p1a: Cresselia
|-crit|p1a: Cresselia
|-damage|p1a: Cresselia|84\/444 brn
|
|-heal|p1a: Cresselia|111\/444 brn|[from] item: Leftovers
|-damage|p2a: Keldeo|163\/323 psn|[from] psn
|-damage|p1a: Cresselia|56\/444 brn|[from] brn
|turn|37
|
|move|p2a: Keldeo|Hydro Pump|p1a: Cresselia
|-damage|p1a: Cresselia|0 fnt
|faint|p1a: Cresselia
|
|-damage|p2a: Keldeo|123\/323 psn|[from] psn
|
|switch|p1a: Chansey|Chansey, F|703\/703
|-damage|p1a: Chansey|616\/703|[from] Stealth Rock
|turn|38
|
|switch|p2a: Rotom-Wash|Rotom-Wash|285\/303 tox
|-damage|p2a: Rotom-Wash|248\/303 tox|[from] Stealth Rock
|move|p1a: Chansey|Seismic Toss|p2a: Rotom-Wash
|-damage|p2a: Rotom-Wash|148\/303 tox
|
|-heal|p2a: Rotom-Wash|166\/303 tox|[from] item: Leftovers
|-damage|p2a: Rotom-Wash|148\/303 tox|[from] psn
|turn|39
|
|move|p2a: Rotom-Wash|Will-O-Wisp|p1a: Chansey
|-status|p1a: Chansey|brn
|move|p1a: Chansey|Soft-Boiled|p1a: Chansey
|-heal|p1a: Chansey|703\/703 brn
|
|-heal|p2a: Rotom-Wash|166\/303 tox|[from] item: Leftovers
|-damage|p2a: Rotom-Wash|130\/303 tox|[from] psn
|-damage|p1a: Chansey|616\/703 brn|[from] brn
|turn|40
|
|move|p2a: Rotom-Wash|Pain Split|p1a: Chansey
|-sethp|p1a: Chansey|373\/703 brn|p2a: Rotom-Wash|303\/303 tox|[from] move: Pain Split
|move|p1a: Chansey|Heal Bell|p1a: Chansey
|-cureteam|p1a: Chansey|[from] move: HealBell
|
|-damage|p2a: Rotom-Wash|249\/303 tox|[from] psn
|turn|41
|
|move|p2a: Rotom-Wash|Volt Switch|p1a: Chansey
|-damage|p1a: Chansey|294\/703
|
|switch|p2a: Sharpedo|Sharpedo, M|211\/281 psn
|-damage|p2a: Sharpedo|176\/281 psn|[from] Stealth Rock
|move|p1a: Chansey|Soft-Boiled|p1a: Chansey
|-heal|p1a: Chansey|646\/703
|
|-damage|p2a: Sharpedo|141\/281 psn|[from] psn
|turn|42
|
|switch|p1a: Clefable|Clefable, F|369\/394
|-damage|p1a: Clefable|320\/394|[from] Stealth Rock
|detailschange|p2a: Sharpedo|Sharpedo-Mega, M
|-mega|p2a: Sharpedo|Sharpedo|Sharpedonite
|move|p2a: Sharpedo|Crunch|p1a: Clefable
|-resisted|p1a: Clefable
|-damage|p1a: Clefable|210\/394
|
|-heal|p1a: Clefable|234\/394|[from] item: Leftovers
|-damage|p2a: Sharpedo|106\/281 psn|[from] psn
|turn|43
|
|move|p2a: Sharpedo|Ice Fang|p1a: Clefable
|-damage|p1a: Clefable|118\/394
|move|p1a: Clefable|Wish|p1a: Clefable
|
|-heal|p1a: Clefable|142\/394|[from] item: Leftovers
|-damage|p2a: Sharpedo|71\/281 psn|[from] psn
|turn|44
|
|move|p1a: Clefable|Protect|p1a: Clefable
|-singleturn|p1a: Clefable|Protect
|move|p2a: Sharpedo|Ice Fang|p1a: Clefable
|-activate|p1a: Clefable|Protect
|
|-heal|p1a: Clefable|339\/394|[from] move: Wish|[wisher] Clefable
|-heal|p1a: Clefable|363\/394|[from] item: Leftovers
|-damage|p2a: Sharpedo|36\/281 psn|[from] psn
|turn|45
|
|switch|p2a: Rotom-Wash|Rotom-Wash|249\/303 tox
|-damage|p2a: Rotom-Wash|212\/303 tox|[from] Stealth Rock
|move|p1a: Clefable|Wish|p1a: Clefable
|
|-heal|p2a: Rotom-Wash|230\/303 tox|[from] item: Leftovers
|-heal|p1a: Clefable|387\/394|[from] item: Leftovers
|-damage|p2a: Rotom-Wash|212\/303 tox|[from] psn
|turn|46
|leave|ailurophilia
|
|move|p2a: Rotom-Wash|Will-O-Wisp|p1a: Clefable
|-status|p1a: Clefable|brn
|move|p1a: Clefable|Moonblast|p2a: Rotom-Wash
|-damage|p2a: Rotom-Wash|116\/303 tox
|
|-heal|p1a: Clefable|394\/394 brn|[from] move: Wish|[wisher] Clefable
|-heal|p2a: Rotom-Wash|134\/303 tox|[from] item: Leftovers
|-damage|p2a: Rotom-Wash|98\/303 tox|[from] psn
|-damage|p1a: Clefable|345\/394 brn|[from] brn
|turn|47
|
|switch|p1a: Chansey|Chansey, F|646\/703
|-damage|p1a: Chansey|559\/703|[from] Stealth Rock
|move|p2a: Rotom-Wash|Pain Split|p1a: Chansey
|-sethp|p1a: Chansey|328\/703|p2a: Rotom-Wash|303\/303 tox|[from] move: Pain Split
|
|-damage|p2a: Rotom-Wash|249\/303 tox|[from] psn
|turn|48
|
|move|p2a: Rotom-Wash|Volt Switch|p1a: Chansey
|-damage|p1a: Chansey|240\/703
|c| seba1124|wait clefable hasnt magic guard?
|
|switch|p2a: Keldeo|Keldeo|123\/323 psn
|-damage|p2a: Keldeo|103\/323 psn|[from] Stealth Rock
|move|p1a: Chansey|Soft-Boiled|p1a: Chansey
|-heal|p1a: Chansey|592\/703
|
|-damage|p2a: Keldeo|63\/323 psn|[from] psn
|turn|49
|c| Biz|its unaware
|
|switch|p1a: Clefable|Clefable, F|345\/394 brn
|-damage|p1a: Clefable|296\/394 brn|[from] Stealth Rock
|move|p2a: Keldeo|Hydro Pump|p1a: Clefable
|-damage|p1a: Clefable|94\/394 brn
|
|-heal|p1a: Clefable|118\/394 brn|[from] item: Leftovers
|-damage|p2a: Keldeo|23\/323 psn|[from] psn
|-damage|p1a: Clefable|69\/394 brn|[from] brn
|turn|50
|c| seba1124|k
|c| seba1124|thanks
|
|switch|p2a: Heatran|Heatran, F|132\/385
|-damage|p2a: Heatran|84\/385|[from] Stealth Rock
|move|p1a: Clefable|Wish|p1a: Clefable
|
|-heal|p2a: Heatran|108\/385|[from] item: Leftovers
|-heal|p1a: Clefable|93\/394 brn|[from] item: Leftovers
|-damage|p1a: Clefable|44\/394 brn|[from] brn
|turn|51
|
|move|p1a: Clefable|Protect|p1a: Clefable
|-singleturn|p1a: Clefable|Protect
|move|p2a: Heatran|Roar|p1a: Clefable
|drag|p1a: Chansey|Chansey, F|592\/703
|-damage|p1a: Chansey|505\/703|[from] Stealth Rock
|
|-heal|p1a: Chansey|702\/703|[from] move: Wish|[wisher] Clefable
|-heal|p2a: Heatran|132\/385|[from] item: Leftovers
|turn|52
|
|move|p1a: Chansey|Seismic Toss|p2a: Heatran
|-damage|p2a: Heatran|32\/385
|move|p2a: Heatran|Roar|p1a: Chansey
|drag|p1a: Clefable|Clefable, F|44\/394 brn
|-damage|p1a: Clefable|0 fnt|[from] Stealth Rock
|faint|p1a: Clefable
|
|-heal|p2a: Heatran|56\/385|[from] item: Leftovers
|
|switch|p1a: Chansey|Chansey, F|702\/703
|-damage|p1a: Chansey|615\/703|[from] Stealth Rock
|turn|53
|
|move|p2a: Heatran|Lava Plume|p1a: Chansey
|-damage|p1a: Chansey|498\/703
|-status|p1a: Chansey|brn
|move|p1a: Chansey|Seismic Toss|p2a: Heatran
|-damage|p2a: Heatran|0 fnt
|faint|p2a: Heatran
|
|-damage|p1a: Chansey|411\/703 brn|[from] brn
|
|switch|p2a: Keldeo|Keldeo|23\/323 psn
|-damage|p2a: Keldeo|3\/323 psn|[from] Stealth Rock
|turn|54
|c|âReverb|gg
|
|move|p2a: Keldeo|Secret Sword|p1a: Chansey
|-supereffective|p1a: Chansey
|-damage|p1a: Chansey|0 fnt
|faint|p1a: Chansey
|
|win|Reverb
|raw|Ladder updating...
|raw|Invok3r's rating: 1783 &rarr; <strong>1763<\/strong><br \/>(-20 for losing)
|raw|Reverb's rating: 1773 &rarr; <strong>1794<\/strong><br \/>(+21 for winning)