|join|Reverb
|join|Invok3r
|player|p1|Reverb|#reverbxmas
|player|p2|Invok3r|102
|gametype|singles
|gen|6
|tier|OU
|rated
|clearpoke
|poke|p1|Scizor, F
|poke|p1|Diggersby, F, shiny
|poke|p1|Raikou, shiny
|poke|p1|Azelf
|poke|p1|Greninja, F
|poke|p1|Latios, M, shiny
|poke|p2|Swampert, F
|poke|p2|Chansey, F
|poke|p2|Clefable, M
|poke|p2|Tentacruel, M
|poke|p2|Gliscor, F
|poke|p2|Cresselia, F
|rule|Swagger Clause: Swagger is banned
|rule|Baton Pass Clause: Limit one PokÃ©mon knowing Baton Pass
|rule|Sleep Clause Mod: Limit one foe put to sleep
|rule|Species Clause: Limit one of each PokÃ©mon
|rule|OHKO Clause: OHKO moves are banned
|rule|Moody Clause: Moody is banned
|rule|Evasion Moves Clause: Evasion moves are banned
|rule|Endless Battle Clause: Forcing endless battles is banned
|rule|HP Percentage Mod: HP is shown in percentages
|teampreview
|join|Alvadora
|
|start
|switch|p1a: Azelf|Azelf|291\/291
|switch|p2a: Swampert|Swampert, F|403\/403
|turn|1
|join|Hammerburst
|c|âInvok3r|Everyone loves ox's team!
|
|move|p1a: Azelf|Stealth Rock|p2a: Swampert
|-sidestart|p2: Invok3r|move: Stealth Rock
|move|p2a: Swampert|Scald|p1a: Azelf
|-damage|p1a: Azelf|188\/291
|
|turn|2
|
|move|p1a: Azelf|Explosion|p2a: Swampert|[still]
|-activate|p2a: Swampert|ability: Damp
|move|p2a: Swampert|Scald|p1a: Azelf
|-damage|p1a: Azelf|85\/291
|
|turn|3
|
|switch|p1a: Greninja|Greninja, F|285\/285
|move|p2a: Swampert|Scald|p1a: Greninja
|-resisted|p1a: Greninja
|-damage|p1a: Greninja|235\/285
|
|turn|4
|
|switch|p2a: Tentacruel|Tentacruel, M|364\/364
|-damage|p2a: Tentacruel|319\/364|[from] Stealth Rock
|move|p1a: Greninja|Dark Pulse|p2a: Tentacruel
|-start|p1a: Greninja|typechange|Dark|[from] Protean
|-damage|p2a: Tentacruel|214\/364
|-damage|p1a: Greninja|207\/285|[from] item: Life Orb
|
|-heal|p2a: Tentacruel|236\/364|[from] item: Black Sludge
|turn|5
|join|AssaultVestLatias
|
|move|p1a: Greninja|Dark Pulse|p2a: Tentacruel
|-damage|p2a: Tentacruel|142\/364
|-damage|p1a: Greninja|179\/285|[from] item: Life Orb
|move|p2a: Tentacruel|Rapid Spin|p1a: Greninja
|-damage|p1a: Greninja|160\/285
|-sideend|p2: Invok3r|Stealth Rock|[from] move: Rapid Spin|[of] p2a: Tentacruel
|
|-heal|p2a: Tentacruel|164\/364|[from] item: Black Sludge
|turn|6
|
|move|p1a: Greninja|Dark Pulse|p2a: Tentacruel
|-crit|p2a: Tentacruel
|-damage|p2a: Tentacruel|4\/364
|-damage|p1a: Greninja|132\/285|[from] item: Life Orb
|move|p2a: Tentacruel|Toxic Spikes|p1a: Greninja
|-sidestart|p1: Reverb|move: Toxic Spikes
|
|-heal|p2a: Tentacruel|26\/364|[from] item: Black Sludge
|turn|7
|
|move|p1a: Greninja|Low Kick|p2a: Tentacruel
|-start|p1a: Greninja|typechange|Fighting|[from] Protean
|-resisted|p2a: Tentacruel
|-damage|p2a: Tentacruel|0 fnt
|-damage|p1a: Greninja|104\/285|[from] item: Life Orb
|faint|p2a: Tentacruel
|
|
|switch|p2a: Chansey|Chansey, F|703\/703
|turn|8
|
|switch|p1a: Azelf|Azelf|85\/291
|move|p2a: Chansey|Stealth Rock|p1a: Azelf
|-sidestart|p1: Reverb|move: Stealth Rock
|
|turn|9
|join|GBoey1
|
|switch|p2a: Swampert|Swampert, F|403\/403
|move|p1a: Azelf|Stealth Rock|p2a: Swampert
|-sidestart|p2: Invok3r|move: Stealth Rock
|
|turn|10
|
|switch|p1a: Greninja|Greninja, F|104\/285
|-status|p1a: Greninja|psn
|-damage|p1a: Greninja|69\/285 psn|[from] Stealth Rock
|move|p2a: Swampert|Scald|p1a: Greninja
|-resisted|p1a: Greninja
|-damage|p1a: Greninja|19\/285 psn
|
|-damage|p1a: Greninja|0 fnt|[from] psn
|faint|p1a: Greninja
|leave|GBoey1
|
|switch|p1a: Scizor|Scizor, F|307\/307
|-damage|p1a: Scizor|269\/307|[from] Stealth Rock
|turn|11
|
|detailschange|p1a: Scizor|Scizor-Mega, F
|-mega|p1a: Scizor|Scizor|Scizorite
|detailschange|p2a: Swampert|Swampert-Mega, F
|-mega|p2a: Swampert|Swampert|Swampertite
|move|p1a: Scizor|Swords Dance|p1a: Scizor
|-boost|p1a: Scizor|atk|2
|move|p2a: Swampert|Scald|p1a: Scizor
|-damage|p1a: Scizor|176\/307
|-status|p1a: Scizor|brn
|
|-damage|p1a: Scizor|138\/307 brn|[from] brn
|turn|12
|c|âReverb|fml
|c|âInvok3r|Ahh
|
|move|p1a: Scizor|Bug Bite|p2a: Swampert
|-crit|p2a: Swampert
|-damage|p2a: Swampert|219\/403
|move|p2a: Swampert|Earthquake|p1a: Scizor
|-damage|p1a: Scizor|20\/307 brn
|
|-damage|p1a: Scizor|0 fnt|[from] brn
|faint|p1a: Scizor
|
|switch|p1a: Azelf|Azelf|85\/291
|-damage|p1a: Azelf|49\/291|[from] Stealth Rock
|turn|13
|
|move|p1a: Azelf|Explosion|p2a: Swampert
|-damage|p2a: Swampert|47\/403
|faint|p1a: Azelf
|move|p2a: Swampert|Rest|p2a: Swampert
|-status|p2a: Swampert|slp
|-heal|p2a: Swampert|403\/403 slp|[silent]
|-status|p2a: Swampert|slp|[from] move: Rest
|
|
|switch|p1a: hoes on mah bed|Diggersby, F, shiny|311\/311
|-status|p1a: hoes on mah bed|psn
|-damage|p1a: hoes on mah bed|292\/311 psn|[from] Stealth Rock
|turn|14
|join|GBoey1
|
|move|p1a: hoes on mah bed|Return|p2a: Swampert
|-damage|p2a: Swampert|215\/403 slp
|-damage|p1a: hoes on mah bed|261\/311 psn|[from] item: Life Orb
|cant|p2a: Swampert|slp
|move|p2a: Swampert|Sleep Talk|p2a: Swampert
|move|p2a: Swampert|Scald|p1a: hoes on mah bed|[from]Sleep Talk
|-supereffective|p1a: hoes on mah bed
|-damage|p1a: hoes on mah bed|49\/311 psn
|
|-damage|p1a: hoes on mah bed|11\/311 psn|[from] psn
|turn|15
|-message|Reverb forfeited.
|
|win|Invok3r
|raw|Ladder updating...
|c|âInvok3r|Niche
|raw|Reverb's rating: 1839 &rarr; <strong>1811<\/strong><br \/>(-28 for losing)
|raw|Invok3r's rating: 1694 &rarr; <strong>1722<\/strong><br \/>(+28 for winning)
|c|âReverb|meh
|c| GBoey1|scald...
|c|âInvok3r|Ayu
|c|âInvok3r|ayy
|c|âInvok3r|gg
|c| GBoey1|...
|c|âReverb|not really :(
|c|âInvok3r|Yeah really
|c| GBoey1|i dont even know
|leave|Reverb
|player|p1
|join|SwaggBoi
|c|âInvok3r|that is why i use scald
|c|âInvok3r|not surf
|leave|SwaggBoi
|leave|GBoey1