|join|Dayanne
|join|Invok3r
|player|p1|Dayanne|37
|player|p2|Invok3r|250
|gametype|singles
|gen|6
|tier|OU
|rated
|clearpoke
|poke|p1|Chansey, F
|poke|p1|Zapdos
|poke|p1|Scizor, M
|poke|p1|Clefable, F
|poke|p1|Gliscor, M
|poke|p1|Slowbro, M
|poke|p2|Diancie
|poke|p2|Heracross, F
|poke|p2|Dragalge, M
|poke|p2|Slowbro, F, shiny
|poke|p2|Ursaring, F
|poke|p2|Cresselia, F
|rule|Swagger Clause: Swagger is banned
|rule|Baton Pass Clause: Limit one PokÃ©mon knowing Baton Pass
|rule|Sleep Clause Mod: Limit one foe put to sleep
|rule|Species Clause: Limit one of each PokÃ©mon
|rule|OHKO Clause: OHKO moves are banned
|rule|Moody Clause: Moody is banned
|rule|Evasion Moves Clause: Evasion moves are banned
|rule|Endless Battle Clause: Forcing endless battles is banned
|rule|HP Percentage Mod: HP is shown in percentages
|teampreview
|
|start
|switch|p1a: Slowbro|Slowbro, M|394\/394
|switch|p2a: Diancie|Diancie|304\/304
|turn|1
|
|move|p2a: Diancie|Stealth Rock|p1a: Slowbro
|-sidestart|p1: Dayanne|move: Stealth Rock
|move|p1a: Slowbro|Scald|p2a: Diancie
|-supereffective|p2a: Diancie
|-damage|p2a: Diancie|170\/304
|
|turn|2
|leave|Invok3r
|player|p2
|join|Invok3r
|player|p2|Invok3r|250
|
|move|p2a: Diancie|Explosion|p1a: Slowbro
|-enditem|p2a: Diancie|Normal Gem|[from] gem|[move] Explosion
|-damage|p1a: Slowbro|235\/394
|faint|p2a: Diancie
|move|p1a: Slowbro|Scald|p2: Diancie|[notarget]
|-notarget
|
|-heal|p1a: Slowbro|259\/394|[from] item: Leftovers
|
|switch|p2a: Heracross|Heracross, F|363\/363
|turn|3
|
|switch|p1a: Clefable|Clefable, F|394\/394
|-damage|p1a: Clefable|345\/394|[from] Stealth Rock
|detailschange|p2a: Heracross|Heracross-Mega, F
|-mega|p2a: Heracross|Heracross|Heracronite
|move|p2a: Heracross|Bullet Seed|p1a: Clefable
|-damage|p1a: Clefable|306\/394
|-damage|p1a: Clefable|267\/394
|-damage|p1a: Clefable|230\/394
|-damage|p1a: Clefable|191\/394
|-damage|p1a: Clefable|152\/394
|-hitcount|p1a: Clefable|5
|
|-heal|p1a: Clefable|176\/394|[from] item: Leftovers
|turn|4
|
|move|p1a: Clefable|Protect|p1a: Clefable
|-singleturn|p1a: Clefable|Protect
|move|p2a: Heracross|Rock Blast|p1a: Clefable
|-activate|p1a: Clefable|Protect
|
|-heal|p1a: Clefable|200\/394|[from] item: Leftovers
|turn|5
|
|move|p1a: Clefable|Wish|p1a: Clefable
|move|p2a: Heracross|Bullet Seed|p1a: Clefable
|-damage|p1a: Clefable|160\/394
|-damage|p1a: Clefable|124\/394
|-damage|p1a: Clefable|85\/394
|-damage|p1a: Clefable|46\/394
|-damage|p1a: Clefable|9\/394
|-hitcount|p1a: Clefable|5
|
|-heal|p1a: Clefable|33\/394|[from] item: Leftovers
|turn|6
|
|switch|p2a: Ursaring|Ursaring, F|383\/383
|move|p1a: Clefable|Protect|p1a: Clefable
|-fail|p1a: Clefable
|
|-heal|p1a: Clefable|230\/394|[from] move: Wish|[wisher] Clefable
|-heal|p1a: Clefable|254\/394|[from] item: Leftovers
|-status|p2a: Ursaring|tox|[from] item: Toxic Orb
|turn|7
|
|move|p1a: Clefable|Protect|p1a: Clefable
|-singleturn|p1a: Clefable|Protect
|move|p2a: Ursaring|Facade|p1a: Clefable
|-activate|p1a: Clefable|Protect
|
|-heal|p1a: Clefable|278\/394|[from] item: Leftovers
|-damage|p2a: Ursaring|360\/383 tox|[from] psn
|turn|8
|
|switch|p1a: Scizor|Scizor, M|344\/344
|-damage|p1a: Scizor|301\/344|[from] Stealth Rock
|move|p2a: Ursaring|Facade|p1a: Scizor
|-resisted|p1a: Scizor
|-damage|p1a: Scizor|151\/344
|
|-damage|p2a: Ursaring|314\/383 tox|[from] psn
|turn|9
|
|switch|p2a: Heracross|Heracross-Mega, F|363\/363
|detailschange|p1a: Scizor|Scizor-Mega, M
|-mega|p1a: Scizor|Scizor|Scizorite
|move|p1a: Scizor|Bullet Punch|p2a: Heracross
|-damage|p2a: Heracross|269\/363
|
|turn|10
|
|move|p1a: Scizor|Roost|p1a: Scizor
|-heal|p1a: Scizor|323\/344
|move|p2a: Heracross|Rock Blast|p1a: Scizor
|-damage|p1a: Scizor|297\/344
|-damage|p1a: Scizor|272\/344
|-damage|p1a: Scizor|248\/344
|-damage|p1a: Scizor|222\/344
|-damage|p1a: Scizor|196\/344
|-hitcount|p1a: Scizor|5
|
|turn|11
|
|move|p1a: Scizor|Roost|p1a: Scizor
|-heal|p1a: Scizor|344\/344
|move|p2a: Heracross|Close Combat|p1a: Scizor
|-damage|p1a: Scizor|172\/344
|-unboost|p2a: Heracross|def|1
|-unboost|p2a: Heracross|spd|1
|
|turn|12
|
|move|p1a: Scizor|Roost|p1a: Scizor
|-heal|p1a: Scizor|344\/344
|move|p2a: Heracross|Close Combat|p1a: Scizor
|-damage|p1a: Scizor|172\/344
|-unboost|p2a: Heracross|def|1
|-unboost|p2a: Heracross|spd|1
|
|turn|13
|
|switch|p2a: Ursaring|Ursaring, F|314\/383 tox
|move|p1a: Scizor|Roost|p1a: Scizor
|-heal|p1a: Scizor|344\/344
|
|-damage|p2a: Ursaring|291\/383 tox|[from] psn
|turn|14
|
|switch|p1a: Slowbro|Slowbro, M|390\/394
|-damage|p1a: Slowbro|341\/394|[from] Stealth Rock
|move|p2a: Ursaring|Fire Punch|p1a: Slowbro
|-resisted|p1a: Slowbro
|-damage|p1a: Slowbro|288\/394
|
|-heal|p1a: Slowbro|312\/394|[from] item: Leftovers
|-damage|p2a: Ursaring|245\/383 tox|[from] psn
|turn|15
|
|switch|p2a: Dragalge|Dragalge, M|333\/333
|move|p1a: Slowbro|Scald|p2a: Dragalge
|-resisted|p2a: Dragalge
|-damage|p2a: Dragalge|297\/333
|
|-heal|p1a: Slowbro|336\/394|[from] item: Leftovers
|turn|16
|
|switch|p1a: Chansey|Chansey, F|704\/704
|-damage|p1a: Chansey|616\/704|[from] Stealth Rock
|switch|p2a: Heracross|Heracross-Mega, F|269\/363
|
|turn|17
|
|switch|p1a: Scizor|Scizor-Mega, M|344\/344
|-damage|p1a: Scizor|301\/344|[from] Stealth Rock
|move|p2a: Heracross|Bullet Seed|p1a: Scizor
|-resisted|p1a: Scizor
|-damage|p1a: Scizor|295\/344
|-resisted|p1a: Scizor
|-damage|p1a: Scizor|288\/344
|-resisted|p1a: Scizor
|-damage|p1a: Scizor|281\/344
|-resisted|p1a: Scizor
|-damage|p1a: Scizor|275\/344
|-resisted|p1a: Scizor
|-damage|p1a: Scizor|269\/344
|-hitcount|p1a: Scizor|5
|
|turn|18
|
|move|p1a: Scizor|Bullet Punch|p2a: Heracross
|-damage|p2a: Heracross|185\/363
|move|p2a: Heracross|Close Combat|p1a: Scizor
|-damage|p1a: Scizor|97\/344
|-unboost|p2a: Heracross|def|1
|-unboost|p2a: Heracross|spd|1
|
|turn|19
|
|move|p1a: Scizor|Roost|p1a: Scizor
|-heal|p1a: Scizor|269\/344
|move|p2a: Heracross|Close Combat|p1a: Scizor
|-damage|p1a: Scizor|86\/344
|-unboost|p2a: Heracross|def|1
|-unboost|p2a: Heracross|spd|1
|
|turn|20
|
|switch|p2a: Slowbro|Slowbro, F, shiny|394\/394
|move|p1a: Scizor|Roost|p1a: Scizor
|-heal|p1a: Scizor|258\/344
|
|turn|21
|
|switch|p1a: Zapdos|Zapdos|384\/384
|-damage|p1a: Zapdos|288\/384|[from] Stealth Rock
|-ability|p1a: Zapdos|Pressure
|switch|p2a: Ursaring|Ursaring, F|245\/383 tox
|
|-heal|p1a: Zapdos|312\/384|[from] item: Leftovers
|-damage|p2a: Ursaring|222\/383 tox|[from] psn
|turn|22
|
|move|p1a: Zapdos|Defog|p2a: Ursaring
|-unboost|p2a: Ursaring|evasion|1
|-sideend|p1: Dayanne|Stealth Rock|[from] move: Defog|[of] p1a: Zapdos
|move|p2a: Ursaring|Facade|p1a: Zapdos
|-damage|p1a: Zapdos|0 fnt
|faint|p1a: Zapdos
|
|-damage|p2a: Ursaring|176\/383 tox|[from] psn
|
|switch|p1a: Slowbro|Slowbro, M|394\/394
|turn|23
|
|switch|p2a: Dragalge|Dragalge, M|297\/333
|move|p1a: Slowbro|Thunder Wave|p2a: Dragalge
|-status|p2a: Dragalge|par
|
|turn|24
|
|switch|p1a: Chansey|Chansey, F|616\/704
|switch|p2a: Ursaring|Ursaring, F|176\/383 tox
|
|-damage|p2a: Ursaring|153\/383 tox|[from] psn
|turn|25
|
|switch|p1a: Slowbro|Slowbro, M|394\/394
|move|p2a: Ursaring|Close Combat|p1a: Slowbro
|-crit|p1a: Slowbro
|-resisted|p1a: Slowbro
|-damage|p1a: Slowbro|275\/394
|-unboost|p2a: Ursaring|def|1
|-unboost|p2a: Ursaring|spd|1
|
|-heal|p1a: Slowbro|299\/394|[from] item: Leftovers
|-damage|p2a: Ursaring|107\/383 tox|[from] psn
|turn|26
|
|switch|p2a: Cresselia|Cresselia, F|444\/444
|move|p1a: Slowbro|Scald|p2a: Cresselia
|-damage|p2a: Cresselia|383\/444
|
|-heal|p2a: Cresselia|410\/444|[from] item: Leftovers
|-heal|p1a: Slowbro|323\/394|[from] item: Leftovers
|turn|27
|
|switch|p1a: Gliscor|Gliscor, M|352\/352
|move|p2a: Cresselia|Lunar Dance|p2a: Cresselia
|faint|p2a: Cresselia
|
|-status|p1a: Gliscor|tox|[from] item: Toxic Orb
|
|switch|p2a: Ursaring|Ursaring, F|107\/383 tox
|-heal|p2a: Ursaring|383\/383|[from] move: Lunar Dance
|turn|28
|
|switch|p1a: Slowbro|Slowbro, M|394\/394
|move|p2a: Ursaring|Ice Punch|p1a: Slowbro
|-resisted|p1a: Slowbro
|-damage|p1a: Slowbro|363\/394
|-status|p1a: Slowbro|frz
|
|-heal|p1a: Slowbro|387\/394 frz|[from] item: Leftovers
|-status|p2a: Ursaring|tox|[from] item: Toxic Orb
|turn|29
|
|move|p2a: Ursaring|Facade|p1a: Slowbro
|-damage|p1a: Slowbro|111\/394 frz
|-curestatus|p1a: Slowbro|frz
|move|p1a: Slowbro|Thunder Wave|p2a: Ursaring
|-fail|p2a: Ursaring
|
|-heal|p1a: Slowbro|135\/394|[from] item: Leftovers
|-damage|p2a: Ursaring|360\/383 tox|[from] psn
|turn|30
|
|switch|p1a: Gliscor|Gliscor, M|352\/352 tox
|move|p2a: Ursaring|Fire Punch|p1a: Gliscor
|-damage|p1a: Gliscor|232\/352 tox
|
|-heal|p1a: Gliscor|276\/352 tox|[from] ability: Poison Heal
|-damage|p2a: Ursaring|314\/383 tox|[from] psn
|turn|31
|
|switch|p1a: Slowbro|Slowbro, M|266\/394
|move|p2a: Ursaring|Facade|p1a: Slowbro
|-damage|p1a: Slowbro|5\/394
|
|-heal|p1a: Slowbro|29\/394|[from] item: Leftovers
|-damage|p2a: Ursaring|245\/383 tox|[from] psn
|turn|32
|
|switch|p1a: Scizor|Scizor-Mega, M|258\/344
|move|p2a: Ursaring|Facade|p1a: Scizor
|-resisted|p1a: Scizor
|-damage|p1a: Scizor|135\/344
|
|-damage|p2a: Ursaring|153\/383 tox|[from] psn
|turn|33
|
|switch|p2a: Slowbro|Slowbro, F, shiny|394\/394
|move|p1a: Scizor|Bullet Punch|p2a: Slowbro
|-resisted|p2a: Slowbro
|-damage|p2a: Slowbro|362\/394
|
|-heal|p2a: Slowbro|386\/394|[from] item: Leftovers
|turn|34
|
|switch|p2a: Ursaring|Ursaring, F|153\/383 tox
|move|p1a: Scizor|Roost|p1a: Scizor
|-heal|p1a: Scizor|307\/344
|
|-damage|p2a: Ursaring|130\/383 tox|[from] psn
|turn|35
|
|switch|p2a: Slowbro|Slowbro, F, shiny|394\/394
|move|p1a: Scizor|Bullet Punch|p2a: Slowbro
|-resisted|p2a: Slowbro
|-damage|p2a: Slowbro|359\/394
|
|-heal|p2a: Slowbro|383\/394|[from] item: Leftovers
|turn|36
|
|switch|p1a: Chansey|Chansey, F|616\/704
|switch|p2a: Heracross|Heracross-Mega, F|185\/363
|
|turn|37
|
|switch|p1a: Scizor|Scizor-Mega, M|307\/344
|move|p2a: Heracross|Close Combat|p1a: Scizor
|-damage|p1a: Scizor|138\/344
|-unboost|p2a: Heracross|def|1
|-unboost|p2a: Heracross|spd|1
|
|turn|38
|
|move|p1a: Scizor|Roost|p1a: Scizor
|-heal|p1a: Scizor|310\/344
|move|p2a: Heracross|Close Combat|p1a: Scizor
|-damage|p1a: Scizor|135\/344
|-unboost|p2a: Heracross|def|1
|-unboost|p2a: Heracross|spd|1
|
|turn|39
|
|move|p1a: Scizor|Roost|p1a: Scizor
|-heal|p1a: Scizor|307\/344
|move|p2a: Heracross|Close Combat|p1a: Scizor
|-damage|p1a: Scizor|129\/344
|-unboost|p2a: Heracross|def|1
|-unboost|p2a: Heracross|spd|1
|
|turn|40
|
|move|p1a: Scizor|Roost|p1a: Scizor
|-heal|p1a: Scizor|301\/344
|move|p2a: Heracross|Close Combat|p1a: Scizor
|-damage|p1a: Scizor|139\/344
|-unboost|p2a: Heracross|def|1
|-unboost|p2a: Heracross|spd|1
|
|turn|41
|
|move|p1a: Scizor|Bullet Punch|p2a: Heracross
|-damage|p2a: Heracross|0 fnt
|faint|p2a: Heracross
|
|
|switch|p2a: Dragalge|Dragalge, M|297\/333 par
|turn|42
|
|switch|p1a: Chansey|Chansey, F|616\/704
|move|p2a: Dragalge|Scald|p1a: Chansey
|-damage|p1a: Chansey|545\/704
|-damage|p2a: Dragalge|264\/333 par|[from] item: Life Orb
|
|turn|43
|
|move|p1a: Chansey|Seismic Toss|p2a: Dragalge
|-damage|p2a: Dragalge|164\/333 par
|move|p2a: Dragalge|Draco Meteor|p1a: Chansey
|-damage|p1a: Chansey|321\/704
|-unboost|p2a: Dragalge|spa|2
|-damage|p2a: Dragalge|131\/333 par|[from] item: Life Orb
|
|turn|44
|
|switch|p2a: Ursaring|Ursaring, F|130\/383 tox
|move|p1a: Chansey|Stealth Rock|p2a: Ursaring
|-sidestart|p2: Invok3r|move: Stealth Rock
|
|-damage|p2a: Ursaring|107\/383 tox|[from] psn
|turn|45
|c|âDayanne|gg
|
|switch|p1a: Gliscor|Gliscor, M|276\/352 tox
|move|p2a: Ursaring|Facade|p1a: Gliscor
|-damage|p1a: Gliscor|0 fnt
|faint|p1a: Gliscor
|
|-damage|p2a: Ursaring|61\/383 tox|[from] psn
|
|switch|p1a: Scizor|Scizor-Mega, M|139\/344
|turn|46
|-message|Invok3r forfeited.
|
|win|Dayanne
|raw|Ladder updating...
|leave|Invok3r
|player|p2
|raw|Dayanne's rating: 1653 &rarr; <strong>1670<\/strong><br \/>(+17 for winning)
|raw|Invok3r's rating: 1603 &rarr; <strong>1586<\/strong><br \/>(-17 for losing)