|join|WECAMEASROMANS
|join|Invok3r
|player|p1|WECAMEASROMANS|9
|player|p2|Invok3r|250
|gametype|singles
|gen|6
|tier|OU
|rated
|clearpoke
|poke|p1|Victini
|poke|p1|Altaria, M
|poke|p1|Starmie
|poke|p1|Hippowdon, M
|poke|p1|Tangrowth, F
|poke|p1|Zapdos
|poke|p2|Garchomp, M, shiny
|poke|p2|Alakazam, F, shiny
|poke|p2|Scizor, F
|poke|p2|Keldeo
|poke|p2|Raikou, shiny
|poke|p2|Lopunny, M, shiny
|rule|Swagger Clause: Swagger is banned
|rule|Baton Pass Clause: Limit one PokÃ©mon knowing Baton Pass
|rule|Sleep Clause Mod: Limit one foe put to sleep
|rule|Species Clause: Limit one of each PokÃ©mon
|rule|OHKO Clause: OHKO moves are banned
|rule|Moody Clause: Moody is banned
|rule|Evasion Moves Clause: Evasion moves are banned
|rule|Endless Battle Clause: Forcing endless battles is banned
|rule|HP Percentage Mod: HP is shown in percentages
|teampreview
|
|start
|switch|p1a: Tangrowth|Tangrowth, F|403\/403
|switch|p2a: Garchomp|Garchomp, M, shiny|357\/357
|turn|1
|
|move|p2a: Garchomp|Stealth Rock|p1a: Tangrowth
|-sidestart|p1: WECAMEASROMANS|move: Stealth Rock
|move|p1a: Tangrowth|Hidden Power|p2a: Garchomp
|-supereffective|p2a: Garchomp
|-damage|p2a: Garchomp|129\/357
|
|turn|2
|
|move|p2a: Garchomp|Dragon Claw|p1a: Tangrowth
|-damage|p1a: Tangrowth|294\/403
|move|p1a: Tangrowth|Hidden Power|p2a: Garchomp
|-supereffective|p2a: Garchomp
|-damage|p2a: Garchomp|0 fnt
|faint|p2a: Garchomp
|
|join|That Bloke Matt
|leave|That Bloke Matt
|
|switch|p2a: Lopunny|Lopunny, M, shiny|271\/271
|turn|3
|
|switch|p1a: Hippowdon|Hippowdon, M|416\/416
|-damage|p1a: Hippowdon|390\/416|[from] Stealth Rock
|-weather|Sandstorm
|detailschange|p2a: Lopunny|Lopunny-Mega, M, shiny
|-mega|p2a: Lopunny|Lopunny|Lopunnite
|move|p2a: Lopunny|Encore|p1a: Hippowdon
|-fail|p1a: Hippowdon
|
|-weather|Sandstorm|[upkeep]
|-damage|p2a: Lopunny|255\/271|[from] sandstorm
|-heal|p1a: Hippowdon|416\/416|[from] item: Leftovers
|turn|4
|
|move|p2a: Lopunny|Power-Up Punch|p1a: Hippowdon
|-damage|p1a: Hippowdon|359\/416
|-boost|p2a: Lopunny|atk|1
|move|p1a: Hippowdon|Stealth Rock|p2a: Lopunny
|-sidestart|p2: Invok3r|move: Stealth Rock
|
|-weather|Sandstorm|[upkeep]
|-damage|p2a: Lopunny|239\/271|[from] sandstorm
|-heal|p1a: Hippowdon|385\/416|[from] item: Leftovers
|turn|5
|
|switch|p1a: Altaria|Altaria, M|353\/353
|-damage|p1a: Altaria|265\/353|[from] Stealth Rock
|move|p2a: Lopunny|Encore|p1a: Altaria
|-fail|p1a: Altaria
|
|-weather|Sandstorm|[upkeep]
|-damage|p2a: Lopunny|223\/271|[from] sandstorm
|-damage|p1a: Altaria|243\/353|[from] sandstorm
|turn|6
|
|detailschange|p1a: Altaria|Altaria-Mega, M
|-mega|p1a: Altaria|Altaria|Altarianite
|move|p2a: Lopunny|Return|p1a: Altaria
|-crit|p1a: Altaria
|-damage|p1a: Altaria|0 fnt
|faint|p1a: Altaria
|
|-weather|Sandstorm|[upkeep]
|-damage|p2a: Lopunny|207\/271|[from] sandstorm
|c|âInvok3r|did that matter
|
|switch|p1a: Hippowdon|Hippowdon, M|385\/416
|-damage|p1a: Hippowdon|359\/416|[from] Stealth Rock
|turn|7
|join|All Together Now
|c|âWECAMEASROMANS|yeah im max hp impish
|c|âInvok3r|:[
|
|move|p2a: Lopunny|High Jump Kick|p1a: Hippowdon
|-damage|p1a: Hippowdon|82\/416
|move|p1a: Hippowdon|Earthquake|p2a: Lopunny
|-damage|p2a: Lopunny|75\/271
|
|-weather|none
|-heal|p1a: Hippowdon|108\/416|[from] item: Leftovers
|turn|8
|
|move|p2a: Lopunny|Return|p1a: Hippowdon
|-damage|p1a: Hippowdon|0 fnt
|faint|p1a: Hippowdon
|
|
|switch|p1a: Tangrowth|Tangrowth, F|403\/403
|-damage|p1a: Tangrowth|353\/403|[from] Stealth Rock
|turn|9
|
|move|p2a: Lopunny|High Jump Kick|p1a: Tangrowth
|-damage|p1a: Tangrowth|50\/403
|move|p1a: Tangrowth|Giga Drain|p2a: Lopunny
|-damage|p2a: Lopunny|0 fnt
|-heal|p1a: Tangrowth|88\/403|[from] drain|[of] p2a: Lopunny
|faint|p2a: Lopunny
|
|
|switch|p2a: Raikou|Raikou, shiny|329\/329
|-damage|p2a: Raikou|288\/329|[from] Stealth Rock
|-ability|p2a: Raikou|Pressure
|turn|10
|
|switch|p1a: Zapdos|Zapdos|371\/371
|-damage|p1a: Zapdos|279\/371|[from] Stealth Rock
|-ability|p1a: Zapdos|Pressure
|move|p2a: Raikou|Shadow Ball|p1a: Zapdos
|-damage|p1a: Zapdos|135\/371
|
|-heal|p1a: Zapdos|158\/371|[from] item: Leftovers
|turn|11
|
|switch|p2a: Alakazam|Alakazam, F, shiny|251\/251
|switch|p1a: Starmie|Starmie|261\/261
|-damage|p1a: Starmie|229\/261|[from] Stealth Rock
|
|turn|12
|
|move|p2a: Alakazam|Shadow Ball|p1a: Starmie
|-supereffective|p1a: Starmie
|-damage|p1a: Starmie|5\/261
|move|p1a: Starmie|Rapid Spin|p2a: Alakazam
|-damage|p2a: Alakazam|221\/251
|-sideend|p1: WECAMEASROMANS|Stealth Rock|[from] move: Rapid Spin|[of] p1a: Starmie
|-damage|p1a: Starmie|0 fnt|[from] item: Life Orb
|faint|p1a: Starmie
|
|
|switch|p1a: Tangrowth|Tangrowth, F|222\/403
|turn|13
|c|âInvok3r|nuuu
|
|switch|p2a: Scizor|Scizor, F|290\/290
|-damage|p2a: Scizor|254\/290|[from] Stealth Rock
|move|p1a: Tangrowth|Knock Off|p2a: Scizor
|-damage|p2a: Scizor|177\/290
|-enditem|p2a: Scizor|Life Orb|[from] move: Knock Off|[of] p1a: Tangrowth
|
|turn|14
|
|switch|p2a: Raikou|Raikou, shiny|288\/329
|-damage|p2a: Raikou|247\/329|[from] Stealth Rock
|-ability|p2a: Raikou|Pressure
|switch|p1a: Zapdos|Zapdos|158\/371
|-ability|p1a: Zapdos|Pressure
|
|-heal|p1a: Zapdos|181\/371|[from] item: Leftovers
|turn|15
|
|switch|p1a: Victini|Victini|393\/393
|move|p2a: Raikou|Volt Switch|p1a: Victini
|-damage|p1a: Victini|233\/393
|join|Justin T1
|join|habajiga
|
|switch|p2a: Alakazam|Alakazam, F, shiny|221\/251
|
|-heal|p1a: Victini|257\/393|[from] item: Leftovers
|turn|16
|
|switch|p1a: Tangrowth|Tangrowth, F|356\/403
|move|p2a: Alakazam|Shadow Ball|p1a: Tangrowth
|-damage|p1a: Tangrowth|271\/403
|
|turn|17
|
|move|p2a: Alakazam|Psychic|p1a: Tangrowth
|-damage|p1a: Tangrowth|133\/403
|move|p1a: Tangrowth|Knock Off|p2a: Alakazam
|-supereffective|p2a: Alakazam
|-damage|p2a: Alakazam|0 fnt
|-enditem|p2a: Alakazam|Focus Sash|[from] move: Knock Off|[of] p1a: Tangrowth
|faint|p2a: Alakazam
|
|c|âInvok3r|why is tangrowth so good
|leave|habajiga
|
|switch|p2a: Raikou|Raikou, shiny|247\/329
|-damage|p2a: Raikou|206\/329|[from] Stealth Rock
|-ability|p2a: Raikou|Pressure
|turn|18
|
|switch|p1a: Victini|Victini|257\/393
|move|p2a: Raikou|Shadow Ball|p1a: Victini
|-supereffective|p1a: Victini
|-damage|p1a: Victini|11\/393
|-unboost|p1a: Victini|spd|1
|
|-heal|p1a: Victini|35\/393|[from] item: Leftovers
|turn|19
|
|switch|p1a: Tangrowth|Tangrowth, F|267\/403
|move|p2a: Raikou|Shadow Ball|p1a: Tangrowth
|-damage|p1a: Tangrowth|156\/403
|
|turn|20
|
|switch|p2a: Scizor|Scizor, F|177\/290
|-damage|p2a: Scizor|141\/290|[from] Stealth Rock
|move|p1a: Tangrowth|Earthquake|p2a: Scizor
|-damage|p2a: Scizor|63\/290
|
|turn|21
|
|switch|p1a: Victini|Victini|35\/393
|move|p2a: Scizor|Bug Bite|p1a: Victini
|-damage|p1a: Victini|0 fnt
|faint|p1a: Victini
|
|
|switch|p1a: Zapdos|Zapdos|181\/371
|-ability|p1a: Zapdos|Pressure
|turn|22
|
|move|p1a: Zapdos|Roost|p1a: Zapdos
|-heal|p1a: Zapdos|367\/371
|move|p2a: Scizor|Bug Bite|p1a: Zapdos
|-damage|p1a: Zapdos|178\/371
|
|-heal|p1a: Zapdos|201\/371|[from] item: Leftovers
|turn|23
|
|switch|p2a: Keldeo|Keldeo|323\/323
|-damage|p2a: Keldeo|303\/323|[from] Stealth Rock
|move|p1a: Zapdos|Roost|p1a: Zapdos
|-heal|p1a: Zapdos|371\/371
|
|turn|24
|
|switch|p1a: Tangrowth|Tangrowth, F|290\/403
|move|p2a: Keldeo|Secret Sword|p1a: Tangrowth
|-damage|p1a: Tangrowth|113\/403
|
|turn|25
|c|âInvok3r|bulky ass bitch
|
|switch|p2a: Raikou|Raikou, shiny|206\/329
|-damage|p2a: Raikou|165\/329|[from] Stealth Rock
|-ability|p2a: Raikou|Pressure
|switch|p1a: Zapdos|Zapdos|371\/371
|-ability|p1a: Zapdos|Pressure
|
|turn|26
|c|âInvok3r|now i see why that one guy hates regenerator so much
|
|move|p2a: Raikou|Volt Switch|p1a: Zapdos
|-damage|p1a: Zapdos|194\/371
|
|switch|p2a: Scizor|Scizor, F|63\/290
|-damage|p2a: Scizor|27\/290|[from] Stealth Rock
|move|p1a: Zapdos|Roost|p1a: Zapdos
|-heal|p1a: Zapdos|371\/371
|
|turn|27
|
|move|p1a: Zapdos|Thunderbolt|p2a: Scizor
|-damage|p2a: Scizor|0 fnt
|faint|p2a: Scizor
|
|
|switch|p2a: Keldeo|Keldeo|303\/323
|-damage|p2a: Keldeo|283\/323|[from] Stealth Rock
|turn|28
|
|move|p2a: Keldeo|Hydro Pump|p1a: Zapdos
|-damage|p1a: Zapdos|31\/371
|move|p1a: Zapdos|Thunderbolt|p2a: Keldeo
|-supereffective|p2a: Keldeo
|-damage|p2a: Keldeo|0 fnt
|faint|p2a: Keldeo
|
|-heal|p1a: Zapdos|54\/371|[from] item: Leftovers
|
|switch|p2a: Raikou|Raikou, shiny|165\/329
|-damage|p2a: Raikou|124\/329|[from] Stealth Rock
|-ability|p2a: Raikou|Pressure
|turn|29
|
|move|p2a: Raikou|Hidden Power|p1a: Zapdos
|-supereffective|p1a: Zapdos
|-damage|p1a: Zapdos|0 fnt
|faint|p1a: Zapdos
|
|
|switch|p1a: Tangrowth|Tangrowth, F|247\/403
|turn|30
|
|move|p2a: Raikou|Hidden Power|p1a: Tangrowth
|-supereffective|p1a: Tangrowth
|-damage|p1a: Tangrowth|83\/403
|move|p1a: Tangrowth|Earthquake|p2a: Raikou
|-supereffective|p2a: Raikou
|-damage|p2a: Raikou|0 fnt
|faint|p2a: Raikou
|
|win|WECAMEASROMANS
|raw|Ladder updating...
|c|âWECAMEASROMANS|gg
|leave|WECAMEASROMANS
|raw|WECAMEASROMANS's rating: 1707 &rarr; <strong>1729<\/strong><br \/>(+22 for winning)
|raw|Invok3r's rating: 1748 &rarr; <strong>1725<\/strong><br \/>(-23 for losing)
|player|p1
|c|âInvok3r|gg
|leave|Invok3r
|player|p2
|leave|Justin T1