|join|Invok3r
|join|Alvadora
|player|p1|Invok3r|169
|player|p2|Alvadora|256
|gametype|singles
|gen|6
|tier|OU
|rated
|clearpoke
|poke|p1|Archeops, F, shiny
|poke|p1|Cacturne, M, shiny
|poke|p1|Gardevoir, F
|poke|p1|Keldeo
|poke|p1|Scizor, M
|poke|p1|Raikou, shiny
|poke|p2|Celebi
|poke|p2|Keldeo
|poke|p2|Metagross
|poke|p2|Garchomp, F
|poke|p2|Clefable, F
|poke|p2|Latios, M
|rule|Swagger Clause: Swagger is banned
|rule|Baton Pass Clause: Limit one PokÃ©mon knowing Baton Pass
|rule|Sleep Clause Mod: Limit one foe put to sleep
|rule|Species Clause: Limit one of each PokÃ©mon
|rule|OHKO Clause: OHKO moves are banned
|rule|Moody Clause: Moody is banned
|rule|Evasion Moves Clause: Evasion moves are banned
|rule|Endless Battle Clause: Forcing endless battles is banned
|rule|HP Percentage Mod: HP is shown in percentages
|teampreview
|
|start
|switch|p1a: Archie|Archeops, F, shiny|291\/291
|switch|p2a: Garchomp|Garchomp, F|420\/420
|turn|1
|
|move|p1a: Archie|Taunt|p2a: Garchomp
|-start|p2a: Garchomp|move: Taunt
|move|p2a: Garchomp|Dragon Tail|p1a: Archie
|-damage|p1a: Archie|159\/291
|drag|p1a: Kektus|Cacturne, M, shiny|281\/281
|
|turn|2
|
|move|p1a: Kektus|Spikes|p2a: Garchomp
|-sidestart|p2: Alvadora|Spikes
|move|p2a: Garchomp|Dragon Tail|p1a: Kektus
|-damage|p1a: Kektus|149\/281
|drag|p1a: Pwny|Keldeo|323\/323
|
|turn|3
|
|switch|p1a: Archie|Archeops, F, shiny|159\/291
|switch|p2a: Celebi|Celebi|355\/355
|-damage|p2a: Celebi|311\/355|[from] Spikes
|
|turn|4
|
|move|p1a: Archie|Stealth Rock|p2a: Celebi
|-sidestart|p2: Alvadora|move: Stealth Rock
|move|p2a: Celebi|Giga Drain|p1a: Archie
|-crit|p1a: Archie
|-damage|p1a: Archie|0 fnt
|-heal|p2a: Celebi|355\/355|[from] drain|[of] p1a: Archie
|-damage|p2a: Celebi|320\/355|[from] item: Life Orb
|faint|p1a: Archie
|
|
|switch|p1a: Cordelia|Gardevoir, F|277\/277
|-ability|p1a: Cordelia|Natural Cure|[from] ability: Trace|[of] p2a: Celebi
|turn|5
|
|detailschange|p1a: Cordelia|Gardevoir-Mega, F
|-mega|p1a: Cordelia|Gardevoir|Gardevoirite
|move|p2a: Celebi|Giga Drain|p1a: Cordelia
|-damage|p1a: Cordelia|148\/277
|-heal|p2a: Celebi|355\/355|[from] drain|[of] p1a: Cordelia
|-damage|p2a: Celebi|320\/355|[from] item: Life Orb
|move|p1a: Cordelia|Hyper Voice|p2a: Celebi
|-damage|p2a: Celebi|67\/355
|
|turn|6
|
|move|p1a: Cordelia|Hyper Voice|p2a: Celebi
|-damage|p2a: Celebi|0 fnt
|faint|p2a: Celebi
|
|
|switch|p2a: Metagross|Metagross|301\/301
|-damage|p2a: Metagross|283\/301|[from] Stealth Rock
|-damage|p2a: Metagross|246\/301|[from] Spikes
|turn|7
|
|switch|p1a: Kektus|Cacturne, M, shiny|149\/281
|switch|p2a: Garchomp|Garchomp, F|420\/420
|-damage|p2a: Garchomp|394\/420|[from] Stealth Rock
|-damage|p2a: Garchomp|342\/420|[from] Spikes
|
|turn|8
|
|move|p2a: Garchomp|Stealth Rock|p1a: Kektus
|-sidestart|p1: Invok3r|move: Stealth Rock
|move|p1a: Kektus|Spikes|p2a: Garchomp
|-sidestart|p2: Alvadora|Spikes
|
|turn|9
|
|move|p1a: Kektus|Spikes|p2a: Garchomp
|-sidestart|p2: Alvadora|Spikes
|move|p2a: Garchomp|Dragon Tail|p1a: Kektus
|-damage|p1a: Kektus|13\/281
|drag|p1a: Cordelia|Gardevoir-Mega, F|148\/277
|-damage|p1a: Cordelia|114\/277|[from] Stealth Rock
|
|turn|10
|
|move|p1a: Cordelia|Hyper Voice|p2a: Garchomp
|-supereffective|p2a: Garchomp
|-damage|p2a: Garchomp|0 fnt
|faint|p2a: Garchomp
|
|
|switch|p2a: Metagross|Metagross|246\/301
|-damage|p2a: Metagross|228\/301|[from] Stealth Rock
|-damage|p2a: Metagross|153\/301|[from] Spikes
|turn|11
|
|switch|p1a: Kektus|Cacturne, M, shiny|13\/281
|-damage|p1a: Kektus|0 fnt|[from] Stealth Rock
|faint|p1a: Kektus
|detailschange|p2a: Metagross|Metagross-Mega
|-mega|p2a: Metagross|Metagross|Metagrossite
|move|p2a: Metagross|Meteor Mash|p1: Kektus|[notarget]
|-notarget
|
|
|switch|p1a: Scissor|Scizor, M|287\/287
|-damage|p1a: Scissor|252\/287|[from] Stealth Rock
|turn|12
|
|move|p2a: Metagross|Earthquake|p1a: Scissor
|-damage|p1a: Scissor|129\/287
|move|p1a: Scissor|Bug Bite|p2a: Metagross
|-damage|p2a: Metagross|1\/301
|-damage|p1a: Scissor|101\/287|[from] item: Life Orb
|
|turn|13
|
|move|p1a: Scissor|Bullet Punch|p2a: Metagross
|-resisted|p2a: Metagross
|-damage|p2a: Metagross|0 fnt
|-damage|p1a: Scissor|73\/287|[from] item: Life Orb
|faint|p2a: Metagross
|
|
|switch|p2a: Keldeo|Keldeo|323\/323
|-damage|p2a: Keldeo|303\/323|[from] Stealth Rock
|-damage|p2a: Keldeo|223\/323|[from] Spikes
|turn|14
|
|switch|p1a: Pwny|Keldeo|323\/323
|-damage|p1a: Pwny|303\/323|[from] Stealth Rock
|move|p2a: Keldeo|Secret Sword|p1a: Pwny
|-damage|p1a: Pwny|140\/323
|
|-heal|p2a: Keldeo|243\/323|[from] item: Leftovers
|turn|15
|
|move|p1a: Pwny|Secret Sword|p2a: Keldeo
|-damage|p2a: Keldeo|86\/323
|move|p2a: Keldeo|Secret Sword|p1a: Pwny
|-damage|p1a: Pwny|0 fnt
|faint|p1a: Pwny
|
|-heal|p2a: Keldeo|106\/323|[from] item: Leftovers
|
|switch|p1a: President|Raikou, shiny|321\/321
|-damage|p1a: President|281\/321|[from] Stealth Rock
|-ability|p1a: President|Pressure
|turn|16
|
|move|p1a: President|Thunderbolt|p2a: Keldeo
|-supereffective|p2a: Keldeo
|-damage|p2a: Keldeo|0 fnt
|faint|p2a: Keldeo
|
|
|switch|p2a: Clefable|Clefable, F|394\/394
|turn|17
|
|move|p1a: President|Volt Switch|p2a: Clefable
|-damage|p2a: Clefable|291\/394
|
|switch|p1a: Cordelia|Gardevoir-Mega, F|114\/277
|-damage|p1a: Cordelia|80\/277|[from] Stealth Rock
|move|p2a: Clefable|Calm Mind|p2a: Clefable
|-boost|p2a: Clefable|spa|1
|-boost|p2a: Clefable|spd|1
|
|-heal|p2a: Clefable|315\/394|[from] item: Leftovers
|turn|18
|
|move|p1a: Cordelia|Hyper Voice|p2a: Clefable
|-crit|p2a: Clefable
|-damage|p2a: Clefable|0 fnt
|faint|p2a: Clefable
|
|c|âAlvadora|ARE YOU FUCKING
|c|âAlvadora|KIDDING ME
|c|âAlvadora|232+ SpA Pixilate Mega Gardevoir Hyper Voice vs. +1 252 HP \/ 96+ SpD Clefable: 148-175 (37.5 - 44.4%) -- guaranteed 3HKO after Leftovers recovery
|c|âAlvadora|-.-
|
|switch|p2a: Latios|Latios, M|301\/301
|-damage|p2a: Latios|264\/301|[from] Stealth Rock
|turn|19
|c|âAlvadora|wow
|
|move|p2a: Latios|Psyshock|p1a: Cordelia
|-resisted|p1a: Cordelia
|-damage|p1a: Cordelia|0 fnt
|faint|p1a: Cordelia
|
|
|switch|p1a: President|Raikou, shiny|281\/321
|-damage|p1a: President|241\/321|[from] Stealth Rock
|-ability|p1a: President|Pressure
|turn|20
|
|move|p2a: Latios|Psyshock|p1a: President
|-damage|p1a: President|66\/321
|move|p1a: President|Shadow Ball|p2a: Latios
|-supereffective|p2a: Latios
|-damage|p2a: Latios|94\/301
|-unboost|p2a: Latios|spd|1
|
|turn|21
|
|move|p2a: Latios|Psyshock|p1a: President
|-damage|p1a: President|0 fnt
|faint|p1a: President
|
|
|switch|p1a: Scissor|Scizor, M|73\/287
|-damage|p1a: Scissor|38\/287|[from] Stealth Rock
|turn|22
|c|âAlvadora|zzzz
|c|âAlvadora|winning
|c|âAlvadora|cus of a crit
|c|âAlvadora|3rd game in a row
|c|âAlvadora|i lost this way
|c|âAlvadora|1781 rating
|c|âAlvadora|winning
|c|âAlvadora|thru a
|c|âAlvadora|garbage crit
|-message|Alvadora lost due to inactivity.
|c|âAlvadora|fucking garbage
|
|win|Invok3r
|raw|Ladder updating...
|raw|Invok3r's rating: 1781 &rarr; <strong>1795<\/strong><br \/>(+14 for winning)
|raw|Alvadora's rating: 1676 &rarr; <strong>1662<\/strong><br \/>(-14 for losing)
|leave|Alvadora
|player|p2