|join|Invok3r
|join|yay3435
|player|p1|Invok3r|250
|player|p2|yay3435|170
|gametype|singles
|gen|6
|tier|OU
|rated
|clearpoke
|poke|p1|Garchomp, M, shiny
|poke|p1|Alakazam, F, shiny
|poke|p1|Scizor, M
|poke|p1|Keldeo
|poke|p1|Raikou, shiny
|poke|p1|Lopunny, M, shiny
|poke|p2|Metagross
|poke|p2|Gastrodon, F
|poke|p2|Tyranitar, F
|poke|p2|Heatran, F
|poke|p2|Gyarados, M
|poke|p2|Latias, F
|rule|Swagger Clause: Swagger is banned
|rule|Baton Pass Clause: Limit one PokÃ©mon knowing Baton Pass
|rule|Sleep Clause Mod: Limit one foe put to sleep
|rule|Species Clause: Limit one of each PokÃ©mon
|rule|OHKO Clause: OHKO moves are banned
|rule|Moody Clause: Moody is banned
|rule|Evasion Moves Clause: Evasion moves are banned
|rule|Endless Battle Clause: Forcing endless battles is banned
|rule|HP Percentage Mod: HP is shown in percentages
|teampreview
|
|start
|switch|p1a: Garchomp|Garchomp, M, shiny|357\/357
|switch|p2a: Gastrodon|Gastrodon, F|425\/425
|turn|1
|
|move|p1a: Garchomp|Stealth Rock|p2a: Gastrodon
|-sidestart|p2: yay3435|move: Stealth Rock
|move|p2a: Gastrodon|Scald|p1a: Garchomp
|-damage|p1a: Garchomp|252\/357
|
|turn|2
|c|âInvok3r|was that damage?
|
|move|p1a: Garchomp|Swords Dance|p1a: Garchomp
|-boost|p1a: Garchomp|atk|2
|move|p2a: Gastrodon|Scald|p1a: Garchomp
|-crit|p1a: Garchomp
|-damage|p1a: Garchomp|98\/357
|
|turn|3
|c|âInvok3r|aww..
|
|move|p1a: Garchomp|Dragon Claw|p2a: Gastrodon
|-damage|p2a: Gastrodon|173\/425
|move|p2a: Gastrodon|Scald|p1a: Garchomp
|-damage|p1a: Garchomp|5\/357
|
|-heal|p2a: Gastrodon|199\/425|[from] item: Leftovers
|turn|4
|c|âInvok3r|oh clutch
|c|âInvok3r|:]
|
|switch|p2a: Tyranitar|Tyranitar, F|341\/341
|-damage|p2a: Tyranitar|299\/341|[from] Stealth Rock
|-weather|Sandstorm
|move|p1a: Garchomp|Dragon Claw|p2a: Tyranitar
|-damage|p2a: Tyranitar|0 fnt
|faint|p2a: Tyranitar
|
|-weather|Sandstorm|[upkeep]
|
|switch|p2a: Latias|Latias, F|308\/308
|-damage|p2a: Latias|270\/308|[from] Stealth Rock
|turn|5
|
|move|p2a: Latias|Psyshock|p1a: Garchomp
|-damage|p1a: Garchomp|0 fnt
|-damage|p2a: Latias|240\/308|[from] item: Life Orb
|faint|p1a: Garchomp
|
|-weather|Sandstorm|[upkeep]
|-damage|p2a: Latias|221\/308|[from] sandstorm
|
|switch|p1a: Raikou|Raikou, shiny|329\/329
|-ability|p1a: Raikou|Pressure
|turn|6
|
|switch|p2a: Heatran|Heatran, F|385\/385
|-damage|p2a: Heatran|337\/385|[from] Stealth Rock
|move|p1a: Raikou|Shadow Ball|p2a: Heatran
|-damage|p2a: Heatran|252\/385
|-unboost|p2a: Heatran|spd|1
|
|-weather|Sandstorm|[upkeep]
|-damage|p1a: Raikou|309\/329|[from] sandstorm
|-heal|p2a: Heatran|276\/385|[from] item: Leftovers
|turn|7
|
|move|p1a: Raikou|Shadow Ball|p2a: Heatran
|-damage|p2a: Heatran|133\/385
|move|p2a: Heatran|Stealth Rock|p1a: Raikou
|-sidestart|p1: Invok3r|move: Stealth Rock
|
|-weather|Sandstorm|[upkeep]
|-damage|p1a: Raikou|289\/329|[from] sandstorm
|-heal|p2a: Heatran|157\/385|[from] item: Leftovers
|turn|8
|
|move|p2a: Heatran|Protect|p2a: Heatran
|-singleturn|p2a: Heatran|Protect
|move|p1a: Raikou|Shadow Ball|p2a: Heatran
|-activate|p2a: Heatran|Protect
|
|-weather|none
|-heal|p2a: Heatran|181\/385|[from] item: Leftovers
|turn|9
|
|move|p1a: Raikou|Shadow Ball|p2a: Heatran
|-damage|p2a: Heatran|49\/385
|move|p2a: Heatran|Lava Plume|p1a: Raikou
|-damage|p1a: Raikou|171\/329
|
|-heal|p2a: Heatran|73\/385|[from] item: Leftovers
|turn|10
|
|move|p2a: Heatran|Protect|p2a: Heatran
|-singleturn|p2a: Heatran|Protect
|move|p1a: Raikou|Shadow Ball|p2a: Heatran
|-activate|p2a: Heatran|Protect
|
|-heal|p2a: Heatran|97\/385|[from] item: Leftovers
|turn|11
|
|move|p1a: Raikou|Shadow Ball|p2a: Heatran
|-damage|p2a: Heatran|0 fnt
|faint|p2a: Heatran
|
|
|switch|p2a: Gastrodon|Gastrodon, F|199\/425
|-damage|p2a: Gastrodon|173\/425|[from] Stealth Rock
|turn|12
|
|switch|p1a: Lopunny|Lopunny, M, shiny|271\/271
|-damage|p1a: Lopunny|238\/271|[from] Stealth Rock
|move|p2a: Gastrodon|Recover|p2a: Gastrodon
|-heal|p2a: Gastrodon|386\/425
|
|-heal|p2a: Gastrodon|412\/425|[from] item: Leftovers
|turn|13
|
|detailschange|p1a: Lopunny|Lopunny-Mega, M, shiny
|-mega|p1a: Lopunny|Lopunny|Lopunnite
|move|p1a: Lopunny|Encore|p2a: Gastrodon
|-start|p2a: Gastrodon|Encore
|move|p2a: Gastrodon|Recover|p2a: Gastrodon
|-heal|p2a: Gastrodon|425\/425
|
|turn|14
|join|NagariNewMETA
|c| NagariNewMETA|ah
|c| NagariNewMETA|the best mega is here
|c|âInvok3r|:]
|
|switch|p2a: Metagross|Metagross|301\/301
|-damage|p2a: Metagross|283\/301|[from] Stealth Rock
|move|p1a: Lopunny|Return|p2a: Metagross
|-resisted|p2a: Metagross
|-damage|p2a: Metagross|202\/301
|
|turn|15
|c| NagariNewMETA|PuP ENcore Lop
|c| NagariNewMETA|is it?
|c|âInvok3r|wait what is that play
|c| NagariNewMETA|if u had PuP
|c| NagariNewMETA|you'd OHKO Mega Metagross rn
|c|âInvok3r|:[
|
|detailschange|p2a: Metagross|Metagross-Mega
|-mega|p2a: Metagross|Metagross|Metagrossite
|move|p1a: Lopunny|High Jump Kick|p2a: Metagross
|-damage|p2a: Metagross|16\/301
|move|p2a: Metagross|Zen Headbutt|p1a: Lopunny
|-supereffective|p1a: Lopunny
|-damage|p1a: Lopunny|0 fnt
|faint|p1a: Lopunny
|
|c|âInvok3r|rolls
|c|âInvok3r|:[
|
|switch|p1a: Alakazam|Alakazam, F, shiny|251\/251
|turn|16
|c|âInvok3r|i thought he was going to gyara btw
|
|move|p1a: Alakazam|Shadow Ball|p2a: Metagross
|-supereffective|p2a: Metagross
|-damage|p2a: Metagross|0 fnt
|faint|p2a: Metagross
|
|
|switch|p2a: Gastrodon|Gastrodon, F|425\/425
|-damage|p2a: Gastrodon|399\/425|[from] Stealth Rock
|turn|17
|
|move|p1a: Alakazam|Psychic|p2a: Gastrodon
|-damage|p2a: Gastrodon|213\/425
|move|p2a: Gastrodon|Scald|p1a: Alakazam
|-damage|p1a: Alakazam|158\/251
|
|-heal|p2a: Gastrodon|239\/425|[from] item: Leftovers
|turn|18
|c|âInvok3r|just one drop
|
|move|p1a: Alakazam|Psychic|p2a: Gastrodon
|-damage|p2a: Gastrodon|41\/425
|move|p2a: Gastrodon|Recover|p2a: Gastrodon
|-heal|p2a: Gastrodon|254\/425
|
|-heal|p2a: Gastrodon|280\/425|[from] item: Leftovers
|turn|19
|
|move|p1a: Alakazam|Encore|p2a: Gastrodon
|-start|p2a: Gastrodon|Encore
|move|p2a: Gastrodon|Recover|p2a: Gastrodon
|-heal|p2a: Gastrodon|425\/425
|
|turn|20
|c|âInvok3r|HEHEH BWOI
|c|âInvok3r|double encore smd
|
|move|p1a: Alakazam|Shadow Ball|p2a: Gastrodon
|-crit|p2a: Gastrodon
|-damage|p2a: Gastrodon|257\/425
|move|p2a: Gastrodon|Recover|p2a: Gastrodon
|-heal|p2a: Gastrodon|425\/425
|
|turn|21
|
|move|p1a: Alakazam|Shadow Ball|p2a: Gastrodon
|-damage|p2a: Gastrodon|307\/425
|move|p2a: Gastrodon|Recover|p2a: Gastrodon
|-heal|p2a: Gastrodon|425\/425
|
|-end|p2a: Gastrodon|Encore
|turn|22
|c|âInvok3r|hey nagari
|c|âInvok3r|i just thought of something
|c| NagariNewMETA|shoot
|
|switch|p2a: Gyarados|Gyarados, M|387\/387
|-damage|p2a: Gyarados|291\/387|[from] Stealth Rock
|-ability|p2a: Gyarados|Intimidate|[of] p1a: Alakazam
|-unboost|p1a: Alakazam|atk|1
|move|p1a: Alakazam|Psychic|p2a: Gyarados
|-damage|p2a: Gyarados|137\/387
|
|-heal|p2a: Gyarados|161\/387|[from] item: Leftovers
|turn|23
|c|âInvok3r|encore + cm alakazam
|c|âInvok3r|and git predicted
|
|move|p1a: Alakazam|Psychic|p2a: Gyarados
|-damage|p2a: Gyarados|0 fnt
|faint|p2a: Gyarados
|
|c| NagariNewMETA|that set
|-message|yay3435 forfeited.
|leave|yay3435
|c|âInvok3r|HEHE BWOI
|
|win|Invok3r
|raw|Ladder updating...
|player|p2
|c|âInvok3r|saving replay
|raw|Invok3r's rating: 1718 &rarr; <strong>1735<\/strong><br \/>(+17 for winning)
|raw|yay3435's rating: 1672 &rarr; <strong>1654<\/strong><br \/>(-18 for losing)