|join|Invok3r
|join|leyuwitzki
|player|p1|Invok3r|250
|player|p2|leyuwitzki|146
|gametype|singles
|gen|6
|tier|OU
|rated
|clearpoke
|poke|p1|Diancie
|poke|p1|Heracross, F
|poke|p1|Dragalge, F
|poke|p1|Slowbro, F, shiny
|poke|p1|Ursaring, M
|poke|p1|Cresselia, F
|poke|p2|Bisharp, F
|poke|p2|Ferrothorn, M, shiny
|poke|p2|Landorus-Therian, M
|poke|p2|Rotom-Wash
|poke|p2|Lopunny, F, shiny
|poke|p2|Greninja, M, shiny
|rule|Swagger Clause: Swagger is banned
|rule|Baton Pass Clause: Limit one PokÃ©mon knowing Baton Pass
|rule|Sleep Clause Mod: Limit one foe put to sleep
|rule|Species Clause: Limit one of each PokÃ©mon
|rule|OHKO Clause: OHKO moves are banned
|rule|Moody Clause: Moody is banned
|rule|Evasion Moves Clause: Evasion moves are banned
|rule|Endless Battle Clause: Forcing endless battles is banned
|rule|HP Percentage Mod: HP is shown in percentages
|teampreview
|
|start
|switch|p1a: Diancie|Diancie|304\/304
|switch|p2a: Landorus-Therian|Landorus-Therian, M|320\/320
|-ability|p2a: Landorus-Therian|Intimidate|[of] p1a: Diancie
|-fail|p1a: Diancie|unboost|[from] ability: Clear Body|[of] p1a: Diancie
|turn|1
|
|move|p2a: Landorus-Therian|Earthquake|p1a: Diancie
|-supereffective|p1a: Diancie
|-damage|p1a: Diancie|76\/304
|move|p1a: Diancie|Trick Room|p1a: Diancie
|-fieldstart|move: Trick Room|[of] p1a: Diancie
|
|turn|2
|
|switch|p2a: Ferrothorn|Ferrothorn, M, shiny|352\/352
|move|p1a: Diancie|Stealth Rock|p2a: Ferrothorn
|-sidestart|p2: leyuwitzki|move: Stealth Rock
|
|turn|3
|
|move|p2a: Ferrothorn|Power Whip|p1a: Diancie
|-crit|p1a: Diancie
|-supereffective|p1a: Diancie
|-damage|p1a: Diancie|0 fnt
|faint|p1a: Diancie
|
|
|switch|p1a: Ursaring|Ursaring, M|383\/383
|turn|4
|
|move|p2a: Ferrothorn|Leech Seed|p1a: Ursaring
|-start|p1a: Ursaring|move: Leech Seed
|move|p1a: Ursaring|Fire Punch|p2a: Ferrothorn
|-supereffective|p2a: Ferrothorn
|-damage|p2a: Ferrothorn|124\/352
|-damage|p1a: Ursaring|336\/383|[from] ability: Iron Barbs|[of] p2a: Ferrothorn
|
|-heal|p2a: Ferrothorn|146\/352|[from] item: Leftovers
|-damage|p1a: Ursaring|289\/383|[from] Leech Seed|[of] p2a: Ferrothorn
|-heal|p2a: Ferrothorn|193\/352|[silent]
|-status|p1a: Ursaring|tox|[from] item: Toxic Orb
|turn|5
|
|move|p2a: Ferrothorn|Protect|p2a: Ferrothorn
|-singleturn|p2a: Ferrothorn|Protect
|move|p1a: Ursaring|Ice Punch|p2a: Ferrothorn
|-activate|p2a: Ferrothorn|Protect
|
|-heal|p2a: Ferrothorn|215\/352|[from] item: Leftovers
|-damage|p1a: Ursaring|242\/383 tox|[from] Leech Seed|[of] p2a: Ferrothorn
|-heal|p2a: Ferrothorn|262\/352|[silent]
|-damage|p1a: Ursaring|219\/383 tox|[from] psn
|-fieldend|move: Trick Room
|turn|6
|
|switch|p2a: Rotom-Wash|Rotom-Wash|304\/304
|-damage|p2a: Rotom-Wash|266\/304|[from] Stealth Rock
|move|p1a: Ursaring|Facade|p2a: Rotom-Wash
|-damage|p2a: Rotom-Wash|0 fnt
|faint|p2a: Rotom-Wash
|
|-damage|p1a: Ursaring|173\/383 tox|[from] psn
|
|switch|p2a: Landorus-Therian|Landorus-Therian, M|320\/320
|-damage|p2a: Landorus-Therian|280\/320|[from] Stealth Rock
|-ability|p2a: Landorus-Therian|Intimidate|[of] p1a: Ursaring
|-unboost|p1a: Ursaring|atk|1
|turn|7
|
|switch|p1a: Slowbro|Slowbro, F, shiny|394\/394
|move|p2a: Landorus-Therian|Earthquake|p1a: Slowbro
|-damage|p1a: Slowbro|255\/394
|
|-heal|p1a: Slowbro|279\/394|[from] item: Leftovers
|turn|8
|
|switch|p2a: Ferrothorn|Ferrothorn, M, shiny|262\/352
|-damage|p2a: Ferrothorn|240\/352|[from] Stealth Rock
|move|p1a: Slowbro|Scald|p2a: Ferrothorn
|-resisted|p2a: Ferrothorn
|-damage|p2a: Ferrothorn|198\/352
|-status|p2a: Ferrothorn|brn
|
|-heal|p2a: Ferrothorn|220\/352 brn|[from] item: Leftovers
|-heal|p1a: Slowbro|303\/394|[from] item: Leftovers
|-damage|p2a: Ferrothorn|176\/352 brn|[from] brn
|turn|9
|
|switch|p1a: Heracross|Heracross, F|363\/363
|move|p2a: Ferrothorn|Leech Seed|p1a: Heracross
|-start|p1a: Heracross|move: Leech Seed
|
|-heal|p2a: Ferrothorn|198\/352 brn|[from] item: Leftovers
|-damage|p1a: Heracross|318\/363|[from] Leech Seed|[of] p2a: Ferrothorn
|-heal|p2a: Ferrothorn|243\/352 brn|[silent]
|-damage|p2a: Ferrothorn|199\/352 brn|[from] brn
|turn|10
|
|switch|p1a: Ursaring|Ursaring, M|173\/383 tox
|move|p2a: Ferrothorn|Protect|p2a: Ferrothorn
|-fail|p2a: Ferrothorn
|
|-heal|p2a: Ferrothorn|221\/352 brn|[from] item: Leftovers
|-damage|p1a: Ursaring|150\/383 tox|[from] psn
|-damage|p2a: Ferrothorn|177\/352 brn|[from] brn
|turn|11
|
|move|p1a: Ursaring|Close Combat|p2a: Ferrothorn
|-supereffective|p2a: Ferrothorn
|-damage|p2a: Ferrothorn|0 fnt
|-damage|p1a: Ursaring|103\/383 tox|[from] ability: Iron Barbs|[of] p2a: Ferrothorn
|-unboost|p1a: Ursaring|def|1
|-unboost|p1a: Ursaring|spd|1
|faint|p2a: Ferrothorn
|
|-damage|p1a: Ursaring|57\/383 tox|[from] psn
|
|switch|p2a: Lopunny|Lopunny, F, shiny|272\/272
|-damage|p2a: Lopunny|238\/272|[from] Stealth Rock
|turn|12
|
|switch|p1a: Slowbro|Slowbro, F, shiny|394\/394
|detailschange|p2a: Lopunny|Lopunny-Mega, F, shiny
|-mega|p2a: Lopunny|Lopunny|Lopunnite
|move|p2a: Lopunny|Fake Out|p1a: Slowbro
|-damage|p1a: Slowbro|339\/394
|
|-heal|p1a: Slowbro|363\/394|[from] item: Leftovers
|turn|13
|leave|Invok3r
|player|p1
|join|Invok3r
|player|p1|Invok3r|250
|
|switch|p2a: Greninja|Greninja, M, shiny|285\/285
|-damage|p2a: Greninja|250\/285|[from] Stealth Rock
|switch|p1a: Heracross|Heracross, F|318\/363
|
|turn|14
|
|switch|p2a: Landorus-Therian|Landorus-Therian, M|280\/320
|-damage|p2a: Landorus-Therian|240\/320|[from] Stealth Rock
|-ability|p2a: Landorus-Therian|Intimidate|[of] p1a: Heracross
|-unboost|p1a: Heracross|atk|1
|detailschange|p1a: Heracross|Heracross-Mega, F
|-mega|p1a: Heracross|Heracross|Heracronite
|move|p1a: Heracross|Bullet Seed|p2a: Landorus-Therian
|-damage|p2a: Landorus-Therian|209\/320
|-damage|p2a: Landorus-Therian|179\/320
|-damage|p2a: Landorus-Therian|149\/320
|-damage|p2a: Landorus-Therian|118\/320
|-damage|p2a: Landorus-Therian|88\/320
|-hitcount|p2a: Landorus-Therian|5
|
|turn|15
|
|switch|p1a: Cresselia|Cresselia, F|444\/444
|move|p2a: Landorus-Therian|U-turn|p1a: Cresselia
|-crit|p1a: Cresselia
|-supereffective|p1a: Cresselia
|-damage|p1a: Cresselia|196\/444
|
|switch|p2a: Greninja|Greninja, M, shiny|250\/285
|-damage|p2a: Greninja|215\/285|[from] Stealth Rock
|
|-heal|p1a: Cresselia|223\/444|[from] item: Leftovers
|turn|16
|
|move|p2a: Greninja|Dark Pulse|p1a: Cresselia
|-start|p2a: Greninja|typechange|Dark|[from] Protean
|-supereffective|p1a: Cresselia
|-damage|p1a: Cresselia|36\/444
|-damage|p2a: Greninja|187\/285|[from] item: Life Orb
|move|p1a: Cresselia|Trick Room|p1a: Cresselia
|-fieldstart|move: Trick Room|[of] p1a: Cresselia
|
|-heal|p1a: Cresselia|63\/444|[from] item: Leftovers
|turn|17
|
|move|p1a: Cresselia|Lunar Dance|p1a: Cresselia
|faint|p1a: Cresselia
|move|p2a: Greninja|Dark Pulse|p1: Cresselia|[notarget]
|-notarget
|
|
|switch|p1a: Ursaring|Ursaring, M|57\/383 tox
|-heal|p1a: Ursaring|383\/383|[from] move: Lunar Dance
|turn|18
|
|switch|p2a: Landorus-Therian|Landorus-Therian, M|88\/320
|-damage|p2a: Landorus-Therian|48\/320|[from] Stealth Rock
|-ability|p2a: Landorus-Therian|Intimidate|[of] p1a: Ursaring
|-unboost|p1a: Ursaring|atk|1
|move|p1a: Ursaring|Facade|p2a: Landorus-Therian
|-damage|p2a: Landorus-Therian|0 fnt
|faint|p2a: Landorus-Therian
|
|-status|p1a: Ursaring|tox|[from] item: Toxic Orb
|
|switch|p2a: Bisharp|Bisharp, F|272\/272
|-damage|p2a: Bisharp|255\/272|[from] Stealth Rock
|turn|19
|
|move|p2a: Bisharp|Sucker Punch|p1a: Ursaring
|-damage|p1a: Ursaring|133\/383 tox
|-damage|p2a: Bisharp|228\/272|[from] item: Life Orb
|move|p1a: Ursaring|Close Combat|p2a: Bisharp
|-supereffective|p2a: Bisharp
|-damage|p2a: Bisharp|0 fnt
|-unboost|p1a: Ursaring|def|1
|-unboost|p1a: Ursaring|spd|1
|faint|p2a: Bisharp
|
|-damage|p1a: Ursaring|110\/383 tox|[from] psn
|
|switch|p2a: Lopunny|Lopunny-Mega, F, shiny|238\/272
|-damage|p2a: Lopunny|221\/272|[from] Stealth Rock
|turn|20
|
|move|p2a: Lopunny|Fake Out|p1a: Ursaring
|-damage|p1a: Ursaring|0 fnt
|faint|p1a: Ursaring
|
|-fieldend|move: Trick Room
|
|switch|p1a: Slowbro|Slowbro, F, shiny|394\/394
|turn|21
|
|move|p2a: Lopunny|Frustration|p1a: Slowbro
|-damage|p1a: Slowbro|262\/394
|move|p1a: Slowbro|Trick Room|p1a: Slowbro
|-fieldstart|move: Trick Room|[of] p1a: Slowbro
|
|-heal|p1a: Slowbro|286\/394|[from] item: Leftovers
|turn|22
|
|move|p1a: Slowbro|Psychic|p2a: Lopunny
|-supereffective|p2a: Lopunny
|-damage|p2a: Lopunny|0 fnt
|faint|p2a: Lopunny
|
|-heal|p1a: Slowbro|310\/394|[from] item: Leftovers
|
|switch|p2a: Greninja|Greninja, M, shiny|187\/285
|-damage|p2a: Greninja|152\/285|[from] Stealth Rock
|turn|23
|
|move|p1a: Slowbro|Scald|p2a: Greninja
|-resisted|p2a: Greninja
|-damage|p2a: Greninja|80\/285
|move|p2a: Greninja|Dark Pulse|p1a: Slowbro
|-start|p2a: Greninja|typechange|Dark|[from] Protean
|-supereffective|p1a: Slowbro
|-damage|p1a: Slowbro|0 fnt
|-damage|p2a: Greninja|52\/285|[from] item: Life Orb
|faint|p1a: Slowbro
|
|
|switch|p1a: Dragalge|Dragalge, F|333\/333
|turn|24
|
|move|p1a: Dragalge|Sludge Wave|p2a: Greninja
|-crit|p2a: Greninja
|-damage|p2a: Greninja|0 fnt
|-damage|p1a: Dragalge|300\/333|[from] item: Life Orb
|faint|p2a: Greninja
|
|win|Invok3r
|raw|Ladder updating...
|raw|Invok3r's rating: 1587 &rarr; <strong>1603<\/strong><br \/>(+16 for winning)
|raw|leyuwitzki's rating: 1476 &rarr; <strong>1462<\/strong><br \/>(-14 for losing)
|leave|leyuwitzki
|player|p2