|join|Wond3rbread
|join|Invok3r
|player|p1|Wond3rbread|165
|player|p2|Invok3r|250
|gametype|singles
|gen|6
|tier|OU
|clearpoke
|poke|p1|Gallade, M
|poke|p1|Landorus-Therian, M
|poke|p1|Ferrothorn, M
|poke|p1|Clefable, M
|poke|p1|Keldeo
|poke|p1|Latias, F
|poke|p2|Dragalge, M
|poke|p2|Gyarados, M
|poke|p2|Tornadus-Therian, M, shiny
|poke|p2|Hippowdon, F
|poke|p2|Ferrothorn, F
|poke|p2|Starmie
|rule|Swagger Clause: Swagger is banned
|rule|Baton Pass Clause: Limit one PokÃ©mon knowing Baton Pass
|rule|Sleep Clause Mod: Limit one foe put to sleep
|rule|Species Clause: Limit one of each PokÃ©mon
|rule|OHKO Clause: OHKO moves are banned
|rule|Moody Clause: Moody is banned
|rule|Evasion Moves Clause: Evasion moves are banned
|rule|Endless Battle Clause: Forcing endless battles is banned
|rule|HP Percentage Mod: HP is shown in percentages
|teampreview
|c|âInvok3r|this is for teambuilding comp
|c|âWond3rbread|kk
|
|start
|switch|p1a: Landorus-Therian|Landorus-Therian, M|381\/381
|switch|p2a: Hippowdon|Hippowdon, F|420\/420
|-ability|p1a: Landorus-Therian|Intimidate|[of] p2a: Hippowdon
|-unboost|p2a: Hippowdon|atk|1
|-weather|Sandstorm
|turn|1
|c|âInvok3r|glhf etcetc
|c|âInvok3r|actually just have fun
|c|âWond3rbread|.lool
|c|âInvok3r|and btw can we make this match like 7-8 minutes long
|leave|Wond3rbread
|
|move|p1a: Landorus-Therian|Stealth Rock|p2a: Hippowdon
|-sidestart|p2: Invok3r|move: Stealth Rock
|move|p2a: Hippowdon|Stealth Rock|p1a: Landorus-Therian
|-sidestart|p1: Wond3rbread|move: Stealth Rock
|
|-weather|Sandstorm|[upkeep]
|turn|2
|join|Wond3rbread
|player|p1
|c|âInvok3r|i have basketball practice
|c|âWond3rbread|kk
|player|p1|Wond3rbread|165
|
|move|p1a: Landorus-Therian|U-turn|p2a: Hippowdon
|-damage|p2a: Hippowdon|367\/420
|
|switch|p1a: Ferrothorn|Ferrothorn, M|352\/352
|-damage|p1a: Ferrothorn|330\/352|[from] Stealth Rock
|move|p2a: Hippowdon|Rock Slide|p1a: Ferrothorn
|-resisted|p1a: Ferrothorn
|-damage|p1a: Ferrothorn|317\/352
|
|-weather|Sandstorm|[upkeep]
|-heal|p2a: Hippowdon|393\/420|[from] item: Leftovers
|-heal|p1a: Ferrothorn|339\/352|[from] item: Leftovers
|turn|3
|
|switch|p2a: Dragalge|Dragalge, M|334\/334
|-damage|p2a: Dragalge|293\/334|[from] Stealth Rock
|move|p1a: Ferrothorn|Leech Seed|p2a: Dragalge
|-start|p2a: Dragalge|move: Leech Seed
|
|-weather|Sandstorm|[upkeep]
|-damage|p2a: Dragalge|273\/334|[from] sandstorm
|-heal|p2a: Dragalge|293\/334|[from] item: Black Sludge
|-heal|p1a: Ferrothorn|352\/352|[from] item: Leftovers
|-damage|p2a: Dragalge|252\/334|[from] Leech Seed|[of] p1a: Ferrothorn
|turn|4
|
|switch|p1a: Latias|Latias, F|301\/301
|-damage|p1a: Latias|264\/301|[from] Stealth Rock
|move|p2a: Dragalge|Toxic Spikes|p1a: Latias
|-sidestart|p1: Wond3rbread|move: Toxic Spikes
|
|-weather|Sandstorm|[upkeep]
|-damage|p1a: Latias|246\/301|[from] sandstorm
|-damage|p2a: Dragalge|232\/334|[from] sandstorm
|-heal|p2a: Dragalge|252\/334|[from] item: Black Sludge
|-damage|p2a: Dragalge|211\/334|[from] Leech Seed|[of] p1a: Latias
|-heal|p1a: Latias|287\/301|[silent]
|turn|5
|c|âWond3rbread|probs gonna change galla to lopp
|c|âInvok3r|lop is good
|
|switch|p1a: Gallade|Gallade, M|277\/277
|-status|p1a: Gallade|psn
|-damage|p1a: Gallade|260\/277 psn|[from] Stealth Rock
|switch|p2a: Tornadus-Therian|Tornadus-Therian, M, shiny|361\/361
|-damage|p2a: Tornadus-Therian|271\/361|[from] Stealth Rock
|
|-weather|none
|-damage|p1a: Gallade|226\/277 psn|[from] psn
|turn|6
|c|âInvok3r|i won my match with that shit
|c|âWond3rbread|ol
|c|âWond3rbread|nice
|c|âWond3rbread|wait torn t
|c|âWond3rbread|fuck
|c|âInvok3r|:]
|
|switch|p1a: Ferrothorn|Ferrothorn, M|352\/352
|-damage|p1a: Ferrothorn|330\/352|[from] Stealth Rock
|move|p2a: Tornadus-Therian|Hurricane|p1a: Ferrothorn
|-damage|p1a: Ferrothorn|216\/352
|-start|p1a: Ferrothorn|confusion
|
|-heal|p1a: Ferrothorn|238\/352|[from] item: Leftovers
|turn|7
|c|âWond3rbread|stawp.
|c|âWond3rbread|I actually gtg soon as well
|c|âWond3rbread|:[
|c|âInvok3r|:[
|c|âInvok3r|self made niggas gotta work
|c|âWond3rbread|true
|
|switch|p1a: Clefable|Clefable, M|394\/394
|-status|p1a: Clefable|psn
|move|p2a: Tornadus-Therian|Heat Wave|p1a: Clefable
|-damage|p1a: Clefable|320\/394 psn
|
|-heal|p1a: Clefable|344\/394 psn|[from] item: Leftovers
|turn|8
|c|âInvok3r|nuuu
|c|âWond3rbread|sry I'm very good at this game
|c|âInvok3r|y u predict
|c|âWond3rbread|cuz I had no reason
|
|move|p2a: Tornadus-Therian|Knock Off|p1a: Clefable
|-resisted|p1a: Clefable
|-damage|p1a: Clefable|309\/394 psn
|-enditem|p1a: Clefable|Leftovers|[from] move: Knock Off|[of] p2a: Tornadus-Therian
|move|p1a: Clefable|Calm Mind|p1a: Clefable
|-boost|p1a: Clefable|spa|1
|-boost|p1a: Clefable|spd|1
|
|turn|9
|c|âWond3rbread|not 2
|c|âWond3rbread|best reasoning imo.
|
|move|p2a: Tornadus-Therian|U-turn|p1a: Clefable
|-resisted|p1a: Clefable
|-damage|p1a: Clefable|281\/394 psn
|
|switch|p2a: Dragalge|Dragalge, M|211\/334
|-damage|p2a: Dragalge|170\/334|[from] Stealth Rock
|move|p1a: Clefable|Calm Mind|p1a: Clefable
|-boost|p1a: Clefable|spa|1
|-boost|p1a: Clefable|spd|1
|
|-heal|p2a: Dragalge|190\/334|[from] item: Black Sludge
|turn|10
|c|âWond3rbread|clef don't be slow
|
|move|p1a: Clefable|Moonblast|p2a: Dragalge
|-damage|p2a: Dragalge|6\/334
|move|p2a: Dragalge|Sludge Wave|p1a: Clefable
|-supereffective|p1a: Clefable
|-damage|p1a: Clefable|109\/394 psn
|
|-heal|p2a: Dragalge|26\/334|[from] item: Black Sludge
|turn|11
|c|âWond3rbread|DON't BE SLOW
|c|âInvok3r|wtf
|c|âWond3rbread|wow drag at that up.
|c|âInvok3r|shit no life orb
|c|âWond3rbread|lool
|
|move|p1a: Clefable|Soft-Boiled|p1a: Clefable
|-heal|p1a: Clefable|306\/394 psn
|move|p2a: Dragalge|Sludge Wave|p1a: Clefable
|-supereffective|p1a: Clefable
|-damage|p1a: Clefable|110\/394 psn
|
|-heal|p2a: Dragalge|46\/334|[from] item: Black Sludge
|turn|12
|c|âWond3rbread|the struggle
|c|âWond3rbread|guess that means
|
|move|p1a: Clefable|Soft-Boiled|p1a: Clefable
|-heal|p1a: Clefable|307\/394 psn
|move|p2a: Dragalge|Sludge Wave|p1a: Clefable
|-supereffective|p1a: Clefable
|-damage|p1a: Clefable|139\/394 psn
|
|-heal|p2a: Dragalge|66\/334|[from] item: Black Sludge
|turn|13
|c|âWond3rbread|ur setup foddder
|c|âWond3rbread|ty
|c|âInvok3r|guess that means crit
|c|âWond3rbread|for the opportunity
|c|âInvok3r|:[
|c|âInvok3r|i can crit right?
|c|âWond3rbread|lol
|
|move|p1a: Clefable|Soft-Boiled|p1a: Clefable
|-heal|p1a: Clefable|336\/394 psn
|move|p2a: Dragalge|Sludge Wave|p1a: Clefable
|-supereffective|p1a: Clefable
|-damage|p1a: Clefable|168\/394 psn
|
|-heal|p2a: Dragalge|86\/334|[from] item: Black Sludge
|turn|14
|c|âWond3rbread|I was actually expecting the crit dere
|c|âWond3rbread|ngl
|
|move|p1a: Clefable|Soft-Boiled|p1a: Clefable
|-heal|p1a: Clefable|365\/394 psn
|move|p2a: Dragalge|Sludge Wave|p1a: Clefable
|-supereffective|p1a: Clefable
|-damage|p1a: Clefable|193\/394 psn
|
|-heal|p2a: Dragalge|106\/334|[from] item: Black Sludge
|turn|15
|c|âWond3rbread|I might use this team vs my opponent
|c|âInvok3r|ok come on
|c|âWond3rbread|in r2
|join|TheJok3r
|c|âInvok3r|this is just dumb
|c|âWond3rbread|lool.
|raw|<div class="broadcast-red"><b>Moderated chat was set to +!<\/b><br \/>Only users of rank + and higher can talk.<\/div>
|
|move|p1a: Clefable|Calm Mind|p1a: Clefable
|-boost|p1a: Clefable|spa|1
|-boost|p1a: Clefable|spd|1
|move|p2a: Dragalge|Sludge Wave|p1a: Clefable
|-supereffective|p1a: Clefable
|-damage|p1a: Clefable|53\/394 psn
|
|-heal|p2a: Dragalge|126\/334|[from] item: Black Sludge
|turn|16
|c|âWond3rbread|that's a troll I assume
|c|âInvok3r|OK WTF IS THIS
|c|âWond3rbread|yum
|
|move|p1a: Clefable|Soft-Boiled|p1a: Clefable
|-heal|p1a: Clefable|250\/394 psn
|move|p2a: Dragalge|Sludge Wave|p1a: Clefable
|-supereffective|p1a: Clefable
|-damage|p1a: Clefable|94\/394 psn
|
|-heal|p2a: Dragalge|146\/334|[from] item: Black Sludge
|turn|17
|c|âInvok3r|a crit ohkos
|c|âInvok3r|btw
|join|Lord Kuvira
|c|âWond3rbread|ik
|leave|TheJok3r
|c|âWond3rbread|its adaptability sludge wave
|c|âInvok3r|with no life orb zzzz
|
|move|p1a: Clefable|Soft-Boiled|p1a: Clefable
|-heal|p1a: Clefable|291\/394 psn
|move|p2a: Dragalge|Sludge Wave|p1a: Clefable
|-supereffective|p1a: Clefable
|-damage|p1a: Clefable|155\/394 psn
|
|-heal|p2a: Dragalge|166\/334|[from] item: Black Sludge
|turn|18
|c|âInvok3r|ok fuck this game
|c|âWond3rbread|LOl.
|c|âWond3rbread|*LOL.
|c|âInvok3r|such trash
|c|âWond3rbread|clef for mvp
|
|move|p1a: Clefable|Soft-Boiled|p1a: Clefable
|-heal|p1a: Clefable|352\/394 psn
|move|p2a: Dragalge|Sludge Wave|p1a: Clefable
|-crit|p1a: Clefable
|-supereffective|p1a: Clefable
|-damage|p1a: Clefable|0 fnt
|faint|p1a: Clefable
|
|-heal|p2a: Dragalge|186\/334|[from] item: Black Sludge
|c|âWond3rbread|sitting here
|c|âInvok3r|BITCH
|c|âInvok3r|FUCK YOUR WEAKASS CLEFABLE SHIT
|c|âWond3rbread|so lucky... n bad
|c|âInvok3r|how is that lucky
|c|âInvok3r|wtf
|
|switch|p1a: Gallade|Gallade, M|226\/277 psn
|-damage|p1a: Gallade|209\/277 psn|[from] Stealth Rock
|turn|19
|c|âWond3rbread|a crit
|c|âWond3rbread|is a crit
|c|âWond3rbread|js.
|c|âInvok3r|i used 9\/16 sludge waves
|c|âInvok3r|crit chance is 1\/16
|c|âWond3rbread|a crit chance is def
|c|âInvok3r|js
|c|âWond3rbread|below average
|c|âWond3rbread|I'm just unlucky
|c|âWond3rbread|:[
|
|detailschange|p1a: Gallade|Gallade-Mega, M
|-mega|p1a: Gallade|Gallade|Galladite
|move|p1a: Gallade|Zen Headbutt|p2a: Dragalge
|-supereffective|p2a: Dragalge
|-damage|p2a: Dragalge|0 fnt
|faint|p2a: Dragalge
|
|-damage|p1a: Gallade|175\/277 psn|[from] psn
|c|âInvok3r|nah i am more likely than not to get one crit out of 9 sludge waves
|c|âWond3rbread|liek u got 6-0d
|c|âWond3rbread|if  didn't crit
|
|switch|p2a: Tornadus-Therian|Tornadus-Therian, M, shiny|361\/361
|-damage|p2a: Tornadus-Therian|271\/361|[from] Stealth Rock
|turn|20
|c|âWond3rbread|lucky
|c|âInvok3r|wait
|c|âInvok3r|where are switchins
|
|move|p2a: Tornadus-Therian|Hurricane|p1a: Gallade
|-supereffective|p1a: Gallade
|-damage|p1a: Gallade|0 fnt
|faint|p1a: Gallade
|
|c|âInvok3r|thanks for no miss
|c|âWond3rbread|wow u landed 2 hurricanes
|c|âWond3rbread|so fucking lucky
|c|âInvok3r|...
|c|âWond3rbread|smh
|
|switch|p1a: Landorus-Therian|Landorus-Therian, M|381\/381
|-damage|p1a: Landorus-Therian|334\/381|[from] Stealth Rock
|-ability|p1a: Landorus-Therian|Intimidate|[of] p2a: Tornadus-Therian
|-unboost|p2a: Tornadus-Therian|atk|1
|turn|21
|c|âInvok3r|you cant set up a clefable on a dragalge
|c|âInvok3r|smh
|c|âWond3rbread|ofc I can't vs you
|c|âInvok3r|:[
|c|âWond3rbread|and your crit getting sef
|c|âWond3rbread|did u take based godfish's luck by any chance
|c|âInvok3r|you said so yourself you expected to get crit
|c|âWond3rbread|this feels reminiscent
|
|move|p2a: Tornadus-Therian|U-turn|p1a: Landorus-Therian
|-resisted|p1a: Landorus-Therian
|-damage|p1a: Landorus-Therian|320\/381
|c|âInvok3r|so why the fuck wouldnt you just go to landorus to tank sludge wave?
|
|switch|p2a: Ferrothorn|Ferrothorn, F|352\/352
|-damage|p2a: Ferrothorn|330\/352|[from] Stealth Rock
|move|p1a: Landorus-Therian|U-turn|p2a: Ferrothorn
|-damage|p2a: Ferrothorn|277\/352
|-damage|p1a: Landorus-Therian|273\/381|[from] ability: Iron Barbs|[of] p2a: Ferrothorn
|c|âWond3rbread|cuz I need to be at as great an hp amount as possible
|c|âWond3rbread|to be able to take on tornadus-t
|c|âInvok3r|true..
|
|switch|p1a: Keldeo|Keldeo|323\/323
|-status|p1a: Keldeo|psn
|-damage|p1a: Keldeo|303\/323 psn|[from] Stealth Rock
|
|-heal|p2a: Ferrothorn|299\/352|[from] item: Leftovers
|-damage|p1a: Keldeo|263\/323 psn|[from] psn
|turn|22
|c|âInvok3r|w\/e
|c|âWond3rbread|happens
|c|âWond3rbread|p sure that's ggs
|c|âInvok3r|yh
|c|âInvok3r|not over yet
|c|âInvok3r|hey i need to save replay
|c|âWond3rbread|nah this is scarf keld
|c|âInvok3r|can you please not forfeit
|c|âWond3rbread|aight
|c|âInvok3r|i am submitting for teambuilding comp
|c|âWond3rbread|btw I can do \/forfeit
|c|âInvok3r|please don't
|c|âWond3rbread|oh nice
|
|switch|p2a: Starmie|Starmie|261\/261
|-damage|p2a: Starmie|229\/261|[from] Stealth Rock
|move|p1a: Keldeo|Secret Sword|p2a: Starmie
|-resisted|p2a: Starmie
|-damage|p2a: Starmie|136\/261
|
|-damage|p1a: Keldeo|223\/323 psn|[from] psn
|turn|23
|c|âInvok3r|i need replays
|c|âWond3rbread|nah I won't forf
|c|âInvok3r|thanks blood
|c|âWond3rbread|np
|
|switch|p1a: Latias|Latias, F|287\/301
|-damage|p1a: Latias|250\/301|[from] Stealth Rock
|move|p2a: Starmie|Rapid Spin|p1a: Latias
|-damage|p1a: Latias|234\/301
|-sideend|p2: Invok3r|Stealth Rock|[from] move: Rapid Spin|[of] p2a: Starmie
|-damage|p2a: Starmie|110\/261|[from] item: Life Orb
|
|turn|24
|c|âWond3rbread|actually now that I look at thit
|c|âWond3rbread|oh shit..offensive starmie
|
|switch|p2a: Tornadus-Therian|Tornadus-Therian, M, shiny|361\/361
|switch|p1a: Ferrothorn|Ferrothorn, M|238\/352
|-damage|p1a: Ferrothorn|216\/352|[from] Stealth Rock
|
|-heal|p1a: Ferrothorn|238\/352|[from] item: Leftovers
|turn|25
|c|âWond3rbread|liek if u cri everytim u see this theat
|c|âWond3rbread|oh shit the plays
|c|âInvok3r|torn is my lati switchin
|
|switch|p1a: Landorus-Therian|Landorus-Therian, M|273\/381
|-damage|p1a: Landorus-Therian|226\/381|[from] Stealth Rock
|-ability|p1a: Landorus-Therian|Intimidate|[of] p2a: Tornadus-Therian
|-unboost|p2a: Tornadus-Therian|atk|1
|move|p2a: Tornadus-Therian|Heat Wave|p1a: Landorus-Therian
|-damage|p1a: Landorus-Therian|125\/381
|-status|p1a: Landorus-Therian|brn
|
|-heal|p1a: Landorus-Therian|148\/381 brn|[from] item: Leftovers
|-damage|p1a: Landorus-Therian|101\/381 brn|[from] brn
|turn|26
|c|âWond3rbread|u have ferro tho
|c|âInvok3r|lezzgo hit one more hurricane
|c|âWond3rbread|isn't that spikes ferro
|c|âInvok3r|y
|c|âWond3rbread|damn..so lucky.
|c|âInvok3r|didnt matter
|c|âInvok3r|tbh
|
|move|p2a: Tornadus-Therian|Hurricane|p1a: Landorus-Therian|[miss]
|-miss|p2a: Tornadus-Therian|p1a: Landorus-Therian
|move|p1a: Landorus-Therian|Rock Slide|p2a: Tornadus-Therian
|-supereffective|p2a: Tornadus-Therian
|-damage|p2a: Tornadus-Therian|259\/361
|
|-heal|p1a: Landorus-Therian|124\/381 brn|[from] item: Leftovers
|-damage|p1a: Landorus-Therian|77\/381 brn|[from] brn
|turn|27
|c|âInvok3r|stone edge doesnt kill
|c|âWond3rbread|JUSTICE.
|c|âWond3rbread|wow that did nothin
|c|âInvok3r|:[
|
|move|p2a: Tornadus-Therian|Heat Wave|p1a: Landorus-Therian
|-damage|p1a: Landorus-Therian|0 fnt
|faint|p1a: Landorus-Therian
|
|c|âWond3rbread|lol ggs man
|c|âInvok3r|-attack nature
|c|âInvok3r|please dont forfeit
|c|âInvok3r|but gg
|c|âWond3rbread|nah I won't
|c|âInvok3r|the core is dragalge + m-gyara
|
|switch|p1a: Keldeo|Keldeo|223\/323 psn
|-damage|p1a: Keldeo|203\/323 psn|[from] Stealth Rock
|turn|28
|c|âInvok3r|it is very fun to use
|c|âWond3rbread|ic
|c|âWond3rbread|I thught of an innovative core
|c|âInvok3r|?
|c|âWond3rbread|to fuck w\/ offense
|c|âWond3rbread|rock polish diancie
|c|âInvok3r|[please make ur move]
|c|âWond3rbread|+memento latios
|c|âInvok3r|k
|c|âInvok3r|but please make your move
|
|move|p1a: Keldeo|Hydro Pump|p2a: Tornadus-Therian
|-damage|p2a: Tornadus-Therian|120\/361
|move|p2a: Tornadus-Therian|Hurricane|p1a: Keldeo|[miss]
|-miss|p2a: Tornadus-Therian|p1a: Keldeo
|
|-damage|p1a: Keldeo|163\/323 psn|[from] psn
|turn|29
|c|âInvok3r|i gtg soon
|c|âInvok3r|:[
|c|âWond3rbread|its just ps lag
|c|âWond3rbread|I think
|c|âInvok3r|oh
|
|switch|p1a: Ferrothorn|Ferrothorn, M|238\/352
|-damage|p1a: Ferrothorn|216\/352|[from] Stealth Rock
|switch|p2a: Ferrothorn|Ferrothorn, F|299\/352
|
|-heal|p2a: Ferrothorn|321\/352|[from] item: Leftovers
|-heal|p1a: Ferrothorn|238\/352|[from] item: Leftovers
|turn|30
|c|âWond3rbread|I'm clickin my moves p quick
|join|Alldaalts
|c|âWond3rbread|ps just has been lagging a lot as of late
|c|âInvok3r|yh
|c|âInvok3r|probs because of tourneys
|
|switch|p2a: Tornadus-Therian|Tornadus-Therian, M, shiny|240\/361
|move|p1a: Ferrothorn|Leech Seed|p2a: Tornadus-Therian
|-start|p2a: Tornadus-Therian|move: Leech Seed
|
|-heal|p1a: Ferrothorn|260\/352|[from] item: Leftovers
|-damage|p2a: Tornadus-Therian|195\/361|[from] Leech Seed|[of] p1a: Ferrothorn
|-heal|p1a: Ferrothorn|305\/352|[silent]
|turn|31
|c|âWond3rbread|lol
|
|switch|p1a: Latias|Latias, F|234\/301
|-damage|p1a: Latias|197\/301|[from] Stealth Rock
|move|p2a: Tornadus-Therian|Heat Wave|p1a: Latias
|-resisted|p1a: Latias
|-damage|p1a: Latias|164\/301
|
|-damage|p2a: Tornadus-Therian|150\/361|[from] Leech Seed|[of] p1a: Latias
|-heal|p1a: Latias|209\/301|[silent]
|turn|32
|
|switch|p1a: Ferrothorn|Ferrothorn, M|305\/352
|-damage|p1a: Ferrothorn|283\/352|[from] Stealth Rock
|move|p2a: Tornadus-Therian|U-turn|p1a: Ferrothorn
|-damage|p1a: Ferrothorn|248\/352
|-damage|p2a: Tornadus-Therian|105\/361|[from] ability: Iron Barbs|[of] p1a: Ferrothorn
|c|âInvok3r|y u do this
|
|switch|p2a: Gyarados|Gyarados, M|353\/353
|-ability|p2a: Gyarados|Intimidate|[of] p1a: Ferrothorn
|-unboost|p1a: Ferrothorn|atk|1
|
|-heal|p1a: Ferrothorn|270\/352|[from] item: Leftovers
|turn|33
|c|âWond3rbread|can't show how bad I am on camera
|c|âWond3rbread|despite being that bad
|c|âWond3rbread|xD
|c|âInvok3r|:[
|
|move|p2a: Gyarados|Taunt|p1a: Ferrothorn
|-start|p1a: Ferrothorn|move: Taunt
|move|p1a: Ferrothorn|Power Whip|p2a: Gyarados|[miss]
|-miss|p1a: Ferrothorn|p2a: Gyarados
|
|-heal|p1a: Ferrothorn|292\/352|[from] item: Leftovers
|turn|34
|c|âInvok3r|my team is a weirdass playstyle
|
|switch|p2a: Tornadus-Therian|Tornadus-Therian, M, shiny|225\/361
|move|p1a: Ferrothorn|Power Whip|p2a: Tornadus-Therian|[miss]
|-miss|p1a: Ferrothorn|p2a: Tornadus-Therian
|
|-heal|p1a: Ferrothorn|314\/352|[from] item: Leftovers
|turn|35
|c|âWond3rbread|well the.
|
|move|p2a: Tornadus-Therian|Heat Wave|p1a: Ferrothorn
|-supereffective|p1a: Ferrothorn
|-damage|p1a: Ferrothorn|70\/352
|move|p1a: Ferrothorn|Gyro Ball|p2a: Tornadus-Therian
|-damage|p2a: Tornadus-Therian|81\/361
|
|-heal|p1a: Ferrothorn|92\/352|[from] item: Leftovers
|-end|p1a: Ferrothorn|move: Taunt
|turn|36
|c|âInvok3r|\/me sighs
|c|âWond3rbread|ferro's gonna live
|c|âWond3rbread|lol knew it
|c|âInvok3r|please hit
|c|âWond3rbread|miss
|
|move|p2a: Tornadus-Therian|Heat Wave|p1a: Ferrothorn
|-supereffective|p1a: Ferrothorn
|-damage|p1a: Ferrothorn|0 fnt
|faint|p1a: Ferrothorn
|
|c|âWond3rbread|NOO..
|c|âInvok3r|ggs
|c|âWond3rbread|ggs
|
|switch|p1a: Keldeo|Keldeo|163\/323 psn
|-damage|p1a: Keldeo|143\/323 psn|[from] Stealth Rock
|turn|37
|
|switch|p2a: Gyarados|Gyarados, M|353\/353
|-ability|p2a: Gyarados|Intimidate|[of] p1a: Keldeo
|-unboost|p1a: Keldeo|atk|1
|move|p1a: Keldeo|Scald|p2a: Gyarados
|-resisted|p2a: Gyarados
|-damage|p2a: Gyarados|282\/353
|
|-damage|p1a: Keldeo|103\/323 psn|[from] psn
|turn|38
|
|detailschange|p2a: Gyarados|Gyarados-Mega, M
|-mega|p2a: Gyarados|Gyarados|Gyaradosite
|-ability|p2a: Gyarados|Mold Breaker
|move|p1a: Keldeo|Scald|p2a: Gyarados
|-resisted|p2a: Gyarados
|-damage|p2a: Gyarados|227\/353
|move|p2a: Gyarados|Dragon Dance|p2a: Gyarados
|-boost|p2a: Gyarados|atk|1
|-boost|p2a: Gyarados|spe|1
|
|-damage|p1a: Keldeo|63\/323 psn|[from] psn
|turn|39
|c|âInvok3r|gyara is gonna break through
|c|âWond3rbread|no scald burn such wow.
|c|âInvok3r|no burn
|
|switch|p1a: Latias|Latias, F|209\/301
|-damage|p1a: Latias|172\/301|[from] Stealth Rock
|move|p2a: Gyarados|Crunch|p1a: Latias
|-supereffective|p1a: Latias
|-damage|p1a: Latias|0 fnt
|faint|p1a: Latias
|
|c|âWond3rbread|so  lucky :[
|c|âInvok3r|didnt matter tho
|c|âWond3rbread|ahh well
|c|âWond3rbread|ik
|leave|Alldaalts
|c|âInvok3r|the only thing that mattered
|c|âInvok3r|was the crit
|
|switch|p1a: Keldeo|Keldeo|63\/323 psn
|-damage|p1a: Keldeo|43\/323 psn|[from] Stealth Rock
|turn|40
|c|âInvok3r|but that was slightly more in my favor
|c|âWond3rbread|that saved u
|c|âInvok3r|yh
|c|âWond3rbread|fro an ez 6-0 snackwrap
|c|âInvok3r|eh
|
|switch|p2a: Hippowdon|Hippowdon, F|393\/420
|-weather|Sandstorm
|move|p1a: Keldeo|Secret Sword|p2a: Hippowdon
|-damage|p2a: Hippowdon|281\/420
|
|-weather|Sandstorm|[upkeep]
|-damage|p1a: Keldeo|23\/323 psn|[from] sandstorm
|-heal|p2a: Hippowdon|307\/420|[from] item: Leftovers
|-damage|p1a: Keldeo|0 fnt|[from] psn
|faint|p1a: Keldeo
|
|win|Invok3r
|c|âInvok3r|gyara flinch
|c|âWond3rbread|lol gyara flinch can't save you
|c|âInvok3r|gg
|c|âWond3rbread|clef is too balky
|c|âWond3rbread|gg
|c|âInvok3r|guess what
|c|âInvok3r|in my game yesterday