|join|Invok3r
|join|blackwing zero
|player|p1|Invok3r|250
|player|p2|blackwing zero|266
|gametype|singles
|gen|6
|tier|OU
|rated
|clearpoke
|poke|p1|Dragalge, M
|poke|p1|Gyarados, M
|poke|p1|Landorus-Therian, M, shiny
|poke|p1|Tornadus-Therian, M, shiny
|poke|p1|Scizor, M
|poke|p1|Clefable, F, shiny
|poke|p2|Diancie
|poke|p2|Azumarill, F
|poke|p2|Gliscor, M
|poke|p2|Heatran, F
|poke|p2|Dragonite, M
|poke|p2|Latios, M
|rule|Swagger Clause: Swagger is banned
|rule|Baton Pass Clause: Limit one PokÃ©mon knowing Baton Pass
|rule|Sleep Clause Mod: Limit one foe put to sleep
|rule|Species Clause: Limit one of each PokÃ©mon
|rule|OHKO Clause: OHKO moves are banned
|rule|Moody Clause: Moody is banned
|rule|Evasion Moves Clause: Evasion moves are banned
|rule|Endless Battle Clause: Forcing endless battles is banned
|rule|HP Percentage Mod: HP is shown in percentages
|teampreview
|
|start
|switch|p1a: Landorus-Therian|Landorus-Therian, M, shiny|382\/382
|switch|p2a: Diancie|Diancie|241\/241
|-ability|p1a: Landorus-Therian|Intimidate|[of] p2a: Diancie
|-fail|p2a: Diancie|unboost|[from] ability: Clear Body|[of] p2a: Diancie
|turn|1
|
|detailschange|p2a: Diancie|Diancie-Mega
|-mega|p2a: Diancie|Diancie|Diancite
|move|p1a: Landorus-Therian|Earthquake|p2a: Diancie
|-supereffective|p2a: Diancie
|-damage|p2a: Diancie|0 fnt
|faint|p2a: Diancie
|
|
|switch|p2a: Gliscor|Gliscor, M|354\/354
|turn|2
|
|move|p2a: Gliscor|Swords Dance|p2a: Gliscor
|-boost|p2a: Gliscor|atk|2
|move|p1a: Landorus-Therian|Stealth Rock|p2a: Gliscor
|-sidestart|p2: blackwing zero|move: Stealth Rock
|
|-status|p2a: Gliscor|tox|[from] item: Toxic Orb
|turn|3
|
|move|p2a: Gliscor|Knock Off|p1a: Landorus-Therian
|-damage|p1a: Landorus-Therian|260\/382
|-enditem|p1a: Landorus-Therian|Leftovers|[from] move: Knock Off|[of] p2a: Gliscor
|move|p1a: Landorus-Therian|U-turn|p2a: Gliscor
|-resisted|p2a: Gliscor
|-damage|p2a: Gliscor|322\/354 tox
|
|switch|p1a: Gyarados|Gyarados, M|353\/353
|-ability|p1a: Gyarados|Intimidate|[of] p2a: Gliscor
|-unboost|p2a: Gliscor|atk|1
|
|-heal|p2a: Gliscor|354\/354 tox|[from] ability: Poison Heal
|turn|4
|
|switch|p2a: Azumarill|Azumarill, F|404\/404
|-damage|p2a: Azumarill|354\/404|[from] Stealth Rock
|detailschange|p1a: Gyarados|Gyarados-Mega, M
|-mega|p1a: Gyarados|Gyarados|Gyaradosite
|-ability|p1a: Gyarados|Mold Breaker
|move|p1a: Gyarados|Waterfall|p2a: Azumarill
|-resisted|p2a: Azumarill
|-damage|p2a: Azumarill|243\/404
|
|turn|5
|
|switch|p1a: Scizor|Scizor, M|344\/344
|move|p2a: Azumarill|Play Rough|p1a: Scizor
|-crit|p1a: Scizor
|-resisted|p1a: Scizor
|-damage|p1a: Scizor|242\/344
|
|-heal|p1a: Scizor|263\/344|[from] item: Leftovers
|turn|6
|
|switch|p2a: Heatran|Heatran, F|323\/323
|-damage|p2a: Heatran|283\/323|[from] Stealth Rock
|move|p1a: Scizor|U-turn|p2a: Heatran
|-crit|p2a: Heatran
|-resisted|p2a: Heatran
|-damage|p2a: Heatran|249\/323
|
|switch|p1a: Gyarados|Gyarados-Mega, M|353\/353
|-ability|p1a: Gyarados|Mold Breaker
|
|-heal|p2a: Heatran|269\/323|[from] item: Leftovers
|turn|7
|
|switch|p2a: Latios|Latios, M|301\/301
|-damage|p2a: Latios|264\/301|[from] Stealth Rock
|move|p1a: Gyarados|Crunch|p2a: Latios
|-supereffective|p2a: Latios
|-damage|p2a: Latios|0 fnt
|faint|p2a: Latios
|
|
|switch|p2a: Dragonite|Dragonite, M|323\/323
|-damage|p2a: Dragonite|243\/323|[from] Stealth Rock
|turn|8
|
|switch|p1a: Landorus-Therian|Landorus-Therian, M, shiny|260\/382
|-ability|p1a: Landorus-Therian|Intimidate|[of] p2a: Dragonite
|-unboost|p2a: Dragonite|atk|1
|move|p2a: Dragonite|Dragon Dance|p2a: Dragonite
|-boost|p2a: Dragonite|atk|1
|-boost|p2a: Dragonite|spe|1
|
|turn|9
|
|move|p2a: Dragonite|Outrage|p1a: Landorus-Therian
|-damage|p1a: Landorus-Therian|71\/382
|move|p1a: Landorus-Therian|Stone Edge|p2a: Dragonite
|-supereffective|p2a: Dragonite
|-damage|p2a: Dragonite|23\/323
|
|turn|10
|
|switch|p1a: Clefable|Clefable, F, shiny|394\/394
|move|p2a: Dragonite|Outrage|p1a: Clefable
|-immune|p1a: Clefable|[msg]
|
|turn|11
|
|move|p2a: Dragonite|Extreme Speed|p1a: Clefable
|-damage|p1a: Clefable|304\/394
|move|p1a: Clefable|Moonblast|p2a: Dragonite
|-supereffective|p2a: Dragonite
|-damage|p2a: Dragonite|0 fnt
|faint|p2a: Dragonite
|
|-heal|p1a: Clefable|328\/394|[from] item: Leftovers
|
|switch|p2a: Heatran|Heatran, F|269\/323
|-damage|p2a: Heatran|229\/323|[from] Stealth Rock
|turn|12
|
|switch|p1a: Gyarados|Gyarados-Mega, M|353\/353
|-ability|p1a: Gyarados|Mold Breaker
|move|p2a: Heatran|Stealth Rock|p1a: Gyarados
|-sidestart|p1: Invok3r|move: Stealth Rock
|
|-heal|p2a: Heatran|249\/323|[from] item: Leftovers
|turn|13
|
|move|p2a: Heatran|Toxic|p1a: Gyarados|[miss]
|-miss|p2a: Heatran|p1a: Gyarados
|move|p1a: Gyarados|Waterfall|p2a: Heatran
|-supereffective|p2a: Heatran
|-damage|p2a: Heatran|0 fnt
|faint|p2a: Heatran
|
|
|switch|p2a: Azumarill|Azumarill, F|243\/404
|-damage|p2a: Azumarill|193\/404|[from] Stealth Rock
|-enditem|p2a: Azumarill|Sitrus Berry|[eat]
|-heal|p2a: Azumarill|294\/404|[from] item: Sitrus Berry
|turn|14
|
|switch|p1a: Landorus-Therian|Landorus-Therian, M, shiny|71\/382
|-damage|p1a: Landorus-Therian|24\/382|[from] Stealth Rock
|-ability|p1a: Landorus-Therian|Intimidate|[of] p2a: Azumarill
|-unboost|p2a: Azumarill|atk|1
|move|p2a: Azumarill|Play Rough|p1a: Landorus-Therian
|-damage|p1a: Landorus-Therian|0 fnt
|faint|p1a: Landorus-Therian
|
|
|switch|p1a: Scizor|Scizor, M|263\/344
|-damage|p1a: Scizor|220\/344|[from] Stealth Rock
|turn|15
|
|switch|p2a: Gliscor|Gliscor, M|354\/354 tox
|-damage|p2a: Gliscor|310\/354 tox|[from] Stealth Rock
|move|p1a: Scizor|Bullet Punch|p2a: Gliscor
|-damage|p2a: Gliscor|235\/354 tox
|
|-heal|p1a: Scizor|241\/344|[from] item: Leftovers
|-heal|p2a: Gliscor|279\/354 tox|[from] ability: Poison Heal
|turn|16
|-message|blackwing zero forfeited.
|
|win|Invok3r
|raw|Ladder updating...
|raw|Invok3r's rating: 1760 &rarr; <strong>1774<\/strong><br \/>(+14 for winning)
|raw|blackwing zero's rating: 1648 &rarr; <strong>1634<\/strong><br \/>(-14 for losing)