|join|Invok3r
|join|lil manaphy
|player|p1|Invok3r|250
|player|p2|lil manaphy|272
|gametype|singles
|gen|6
|tier|OU
|rated
|clearpoke
|poke|p1|Garchomp, M, shiny
|poke|p1|Scizor, M
|poke|p1|Azumarill, F
|poke|p1|Keldeo
|poke|p1|Gengar, M
|poke|p1|Landorus, M
|poke|p2|Gardevoir, M
|poke|p2|Keldeo-Resolute
|poke|p2|Chansey, F
|poke|p2|Mandibuzz, F
|poke|p2|Amoonguss, M
|poke|p2|Landorus-Therian, M
|rule|Swagger Clause: Swagger is banned
|rule|Baton Pass Clause: Limit one PokÃ©mon knowing Baton Pass
|rule|Sleep Clause Mod: Limit one foe put to sleep
|rule|Species Clause: Limit one of each PokÃ©mon
|rule|OHKO Clause: OHKO moves are banned
|rule|Moody Clause: Moody is banned
|rule|Evasion Moves Clause: Evasion moves are banned
|rule|Endless Battle Clause: Forcing endless battles is banned
|rule|HP Percentage Mod: HP is shown in percentages
|teampreview
|
|start
|switch|p1a: Garchomp|Garchomp, M, shiny|357\/357
|switch|p2a: Keldeo-Resolute|Keldeo-Resolute|323\/323
|turn|1
|
|switch|p1a: Azumarill|Azumarill, F|345\/345
|move|p2a: Keldeo-Resolute|Scald|p1a: Azumarill
|-resisted|p1a: Azumarill
|-damage|p1a: Azumarill|302\/345
|
|turn|2
|
|switch|p1a: Landorus|Landorus, M|319\/319
|move|p2a: Keldeo-Resolute|Substitute|p2a: Keldeo-Resolute
|-start|p2a: Keldeo-Resolute|Substitute
|-damage|p2a: Keldeo-Resolute|243\/323
|
|-heal|p2a: Keldeo-Resolute|263\/323|[from] item: Leftovers
|turn|3
|
|switch|p1a: Azumarill|Azumarill, F|302\/345
|move|p2a: Keldeo-Resolute|Scald|p1a: Azumarill
|-resisted|p1a: Azumarill
|-damage|p1a: Azumarill|259\/345
|
|-heal|p2a: Keldeo-Resolute|283\/323|[from] item: Leftovers
|turn|4
|
|move|p2a: Keldeo-Resolute|Scald|p1a: Azumarill
|-resisted|p1a: Azumarill
|-damage|p1a: Azumarill|217\/345
|move|p1a: Azumarill|Play Rough|p2a: Keldeo-Resolute
|-supereffective|p2a: Keldeo-Resolute
|-end|p2a: Keldeo-Resolute|Substitute
|
|-heal|p2a: Keldeo-Resolute|303\/323|[from] item: Leftovers
|turn|5
|
|switch|p2a: Amoonguss|Amoonguss, M|432\/432
|move|p1a: Azumarill|Play Rough|p2a: Amoonguss
|-resisted|p2a: Amoonguss
|-damage|p2a: Amoonguss|339\/432
|
|-heal|p2a: Amoonguss|366\/432|[from] item: Black Sludge
|turn|6
|
|switch|p1a: Garchomp|Garchomp, M, shiny|357\/357
|move|p2a: Amoonguss|Spore|p1a: Garchomp
|-status|p1a: Garchomp|slp
|-enditem|p1a: Garchomp|Lum Berry|[eat]
|-curestatus|p1a: Garchomp|slp
|
|-heal|p2a: Amoonguss|393\/432|[from] item: Black Sludge
|turn|7
|
|switch|p2a: Mandibuzz|Mandibuzz, F|424\/424
|move|p1a: Garchomp|Stealth Rock|p2a: Mandibuzz
|-sidestart|p2: lil manaphy|move: Stealth Rock
|
|turn|8
|
|move|p1a: Garchomp|Swords Dance|p1a: Garchomp
|-boost|p1a: Garchomp|atk|2
|move|p2a: Mandibuzz|Defog|p1a: Garchomp
|-unboost|p1a: Garchomp|evasion|1
|-sideend|p2: lil manaphy|Stealth Rock|[from] move: Defog|[of] p2a: Mandibuzz
|
|turn|9
|
|move|p1a: Garchomp|Stealth Rock|p2a: Mandibuzz
|-sidestart|p2: lil manaphy|move: Stealth Rock
|move|p2a: Mandibuzz|Foul Play|p1a: Garchomp
|-crit|p1a: Garchomp
|-damage|p1a: Garchomp|0 fnt
|-damage|p2a: Mandibuzz|371\/424|[from] ability: Rough Skin|[of] p1a: Garchomp
|faint|p1a: Garchomp
|
|-heal|p2a: Mandibuzz|397\/424|[from] item: Leftovers
|
|switch|p1a: Gengar|Gengar, M|261\/261
|turn|10
|
|move|p1a: Gengar|Taunt|p2a: Mandibuzz
|-start|p2a: Mandibuzz|move: Taunt
|move|p2a: Mandibuzz|Foul Play|p1a: Gengar
|-supereffective|p1a: Gengar
|-damage|p1a: Gengar|45\/261
|
|-heal|p2a: Mandibuzz|423\/424|[from] item: Leftovers
|turn|11
|
|move|p1a: Gengar|Sludge Wave|p2a: Mandibuzz
|-damage|p2a: Mandibuzz|209\/424
|-damage|p1a: Gengar|19\/261|[from] item: Life Orb
|move|p2a: Mandibuzz|Foul Play|p1a: Gengar
|-supereffective|p1a: Gengar
|-damage|p1a: Gengar|0 fnt
|faint|p1a: Gengar
|
|-heal|p2a: Mandibuzz|235\/424|[from] item: Leftovers
|
|switch|p1a: Landorus|Landorus, M|319\/319
|turn|12
|
|move|p1a: Landorus|Focus Blast|p2a: Mandibuzz|[miss]
|-miss|p1a: Landorus|p2a: Mandibuzz
|move|p2a: Mandibuzz|Foul Play|p1a: Landorus
|-damage|p1a: Landorus|189\/319
|
|-heal|p2a: Mandibuzz|261\/424|[from] item: Leftovers
|-end|p2a: Mandibuzz|move: Taunt
|turn|13
|c|âInvok3r|:[
|
|move|p1a: Landorus|Focus Blast|p2a: Mandibuzz
|-damage|p2a: Mandibuzz|27\/424
|move|p2a: Mandibuzz|Defog|p1a: Landorus
|-unboost|p1a: Landorus|evasion|1
|-sideend|p2: lil manaphy|Stealth Rock|[from] move: Defog|[of] p2a: Mandibuzz
|
|-heal|p2a: Mandibuzz|53\/424|[from] item: Leftovers
|turn|14
|
|move|p1a: Landorus|Focus Blast|p2a: Mandibuzz
|-damage|p2a: Mandibuzz|0 fnt
|faint|p2a: Mandibuzz
|
|
|switch|p2a: Keldeo-Resolute|Keldeo-Resolute|303\/323
|turn|15
|
|switch|p1a: Keldeo|Keldeo|323\/323
|move|p2a: Keldeo-Resolute|Scald|p1a: Keldeo
|-resisted|p1a: Keldeo
|-damage|p1a: Keldeo|239\/323
|
|-heal|p2a: Keldeo-Resolute|323\/323|[from] item: Leftovers
|turn|16
|
|switch|p1a: Landorus|Landorus, M|189\/319
|switch|p2a: Amoonguss|Amoonguss, M|432\/432
|
|turn|17
|
|switch|p2a: Chansey|Chansey, F|703\/703
|move|p1a: Landorus|Psychic|p2a: Chansey
|-damage|p2a: Chansey|595\/703
|
|turn|18
|
|move|p1a: Landorus|Focus Blast|p2a: Chansey
|-supereffective|p2a: Chansey
|-damage|p2a: Chansey|319\/703
|move|p2a: Chansey|Seismic Toss|p1a: Landorus
|-damage|p1a: Landorus|89\/319
|
|turn|19
|
|switch|p1a: Scizor|Scizor, M|282\/282
|move|p2a: Chansey|Soft-Boiled|p2a: Chansey
|-heal|p2a: Chansey|671\/703
|
|turn|20
|
|switch|p2a: Amoonguss|Amoonguss, M|432\/432
|detailschange|p1a: Scizor|Scizor-Mega, M
|-mega|p1a: Scizor|Scizor|Scizorite
|move|p1a: Scizor|Swords Dance|p1a: Scizor
|-boost|p1a: Scizor|atk|2
|
|turn|21
|
|move|p1a: Scizor|Bug Bite|p2a: Amoonguss
|-damage|p2a: Amoonguss|60\/432
|move|p2a: Amoonguss|Spore|p1a: Scizor
|-status|p1a: Scizor|slp
|
|-heal|p2a: Amoonguss|87\/432|[from] item: Black Sludge
|turn|22
|
|cant|p1a: Scizor|slp
|move|p2a: Amoonguss|Hidden Power|p1a: Scizor
|-supereffective|p1a: Scizor
|-damage|p1a: Scizor|114\/282 slp
|
|-heal|p2a: Amoonguss|114\/432|[from] item: Black Sludge
|turn|23
|
|switch|p2a: Landorus-Therian|Landorus-Therian, M|382\/382
|-ability|p2a: Landorus-Therian|Intimidate|[of] p1a: Scizor
|-unboost|p1a: Scizor|atk|1
|cant|p1a: Scizor|slp
|
|turn|24
|c|âInvok3r|:[
|join|ltoi6
|
|switch|p1a: Landorus|Landorus, M|89\/319
|move|p2a: Landorus-Therian|Earthquake|p1a: Landorus
|-immune|p1a: Landorus|[msg]
|
|turn|25
|
|switch|p1a: Scizor|Scizor-Mega, M|114\/282 slp
|move|p2a: Landorus-Therian|U-turn|p1a: Scizor
|-resisted|p1a: Scizor
|-damage|p1a: Scizor|85\/282 slp
|
|switch|p2a: Keldeo-Resolute|Keldeo-Resolute|323\/323
|
|turn|26
|-message|Invok3r forfeited.
|leave|Invok3r
|
|win|lil manaphy
|raw|Ladder updating...
|player|p1
|raw|Invok3r's rating: 1755 &rarr; <strong>1734<\/strong><br \/>(-21 for losing)
|raw|lil manaphy's rating: 1742 &rarr; <strong>1762<\/strong><br \/>(+20 for winning)
|leave|lil manaphy
|player|p2
|leave|ltoi6
|join|ltoi6