|join|Invok3r
|join|Test Trainer Nubz
|player|p1|Invok3r|250
|player|p2|Test Trainer Nubz|102
|gametype|singles
|gen|6
|tier|OU
|clearpoke
|poke|p1|Garchomp, F, shiny
|poke|p1|Lopunny, F, shiny
|poke|p1|Raikou
|poke|p1|Landorus, M
|poke|p1|Latios, M
|poke|p1|Crawdaunt, M
|poke|p2|Archeops, F
|poke|p2|Rotom-Wash
|poke|p2|Flygon, M
|poke|p2|Whimsicott, F
|poke|p2|Jolteon, F
|poke|p2|Beedrill, M
|rule|Swagger Clause: Swagger is banned
|rule|Baton Pass Clause: Limit one PokÃ©mon knowing Baton Pass
|rule|Sleep Clause Mod: Limit one foe put to sleep
|rule|Species Clause: Limit one of each PokÃ©mon
|rule|OHKO Clause: OHKO moves are banned
|rule|Moody Clause: Moody is banned
|rule|Evasion Moves Clause: Evasion moves are banned
|rule|Endless Battle Clause: Forcing endless battles is banned
|rule|HP Percentage Mod: HP is shown in percentages
|teampreview
|c|âTest Trainer Nubz|the last battle of the day
|c|âInvok3r|i dont want to waste my time
|c|âInvok3r|but w\/e
|
|start
|switch|p1a: Garchomp|Garchomp, F, shiny|357\/357
|switch|p2a: No.15|Beedrill, M|293\/293
|turn|1
|c|âInvok3r|are you knew to pokemon
|c|âInvok3r|new
|
|switch|p2a: Mr. Clean|Rotom-Wash|303\/303
|move|p1a: Garchomp|Stealth Rock|p2a: Mr. Clean
|-sidestart|p2: Test Trainer Nubz|move: Stealth Rock
|
|turn|2
|c|âTest Trainer Nubz|nah
|c|âInvok3r|?
|c|âInvok3r|i mean competitive
|c|âTest Trainer Nubz|testing out a team i picked
|c|âTest Trainer Nubz|up
|c|âInvok3r|not cartridge
|
|move|p1a: Garchomp|Swords Dance|p1a: Garchomp
|-boost|p1a: Garchomp|atk|2
|move|p2a: Mr. Clean|Will-O-Wisp|p1a: Garchomp
|-status|p1a: Garchomp|brn
|
|-damage|p1a: Garchomp|313\/357 brn|[from] brn
|turn|3
|c|âInvok3r|cuz your team is really nooby
|c|âTest Trainer Nubz|oh that yea
|
|switch|p2a: Whimsi|Whimsicott, F|322\/322
|-damage|p2a: Whimsi|282\/322|[from] Stealth Rock
|move|p1a: Garchomp|Dragon Claw|p2a: Whimsi
|-immune|p2a: Whimsi|[msg]
|
|-damage|p1a: Garchomp|269\/357 brn|[from] brn
|turn|4
|
|move|p2a: Whimsi|Encore|p1a: Garchomp
|-start|p1a: Garchomp|Encore
|move|p1a: Garchomp|Dragon Claw|p2a: Whimsi
|-immune|p2a: Whimsi|[msg]
|
|-damage|p1a: Garchomp|225\/357 brn|[from] brn
|turn|5
|c|âInvok3r|ngl;
|
|switch|p1a: Latios|Latios, M|301\/301
|move|p2a: Whimsi|Stun Spore|p1a: Latios
|-status|p1a: Latios|par
|
|turn|6
|
|move|p2a: Whimsi|Moonblast|p1a: Latios
|-supereffective|p1a: Latios
|-damage|p1a: Latios|139\/301 par
|-unboost|p1a: Latios|spa|1
|move|p1a: Latios|Psyshock|p2a: Whimsi
|-crit|p2a: Whimsi
|-damage|p2a: Whimsi|17\/322
|-damage|p1a: Latios|109\/301 par|[from] item: Life Orb
|-enditem|p2a: Whimsi|Sitrus Berry|[eat]
|-heal|p2a: Whimsi|97\/322|[from] item: Sitrus Berry
|
|turn|7
|
|switch|p1a: Garchomp|Garchomp, F, shiny|225\/357 brn
|move|p2a: Whimsi|Moonblast|p1a: Garchomp
|-supereffective|p1a: Garchomp
|-damage|p1a: Garchomp|21\/357 brn
|-unboost|p1a: Garchomp|spa|1
|
|-damage|p1a: Garchomp|0 fnt|[from] brn
|faint|p1a: Garchomp
|c|âTest Trainer Nubz|:I
|
|switch|p1a: Raikou|Raikou|321\/321
|-ability|p1a: Raikou|Pressure
|turn|8
|
|switch|p2a: Jolt|Jolteon, F|291\/291
|-damage|p2a: Jolt|255\/291|[from] Stealth Rock
|move|p1a: Raikou|Shadow Ball|p2a: Jolt
|-damage|p2a: Jolt|118\/291
|
|turn|9
|c|âTest Trainer Nubz|hm
|
|switch|p2a: Antlione|Flygon, M|346\/346
|-damage|p2a: Antlione|325\/346|[from] Stealth Rock
|move|p1a: Raikou|Shadow Ball|p2a: Antlione
|-damage|p2a: Antlione|147\/346
|
|turn|10
|
|switch|p1a: Landorus|Landorus, M|319\/319
|move|p2a: Antlione|Earthquake|p1a: Landorus
|-immune|p1a: Landorus|[msg]
|
|turn|11
|
|switch|p2a: Mr. Clean|Rotom-Wash|303\/303
|-damage|p2a: Mr. Clean|266\/303|[from] Stealth Rock
|move|p1a: Landorus|Psychic|p2a: Mr. Clean
|-damage|p2a: Mr. Clean|106\/303
|
|-heal|p2a: Mr. Clean|124\/303|[from] item: Leftovers
|turn|12
|
|switch|p2a: Antlione|Flygon, M|147\/346
|-damage|p2a: Antlione|126\/346|[from] Stealth Rock
|move|p1a: Landorus|Psychic|p2a: Antlione
|-damage|p2a: Antlione|0 fnt
|faint|p2a: Antlione
|
|c|âInvok3r|not a switchin
|c|âTest Trainer Nubz|i have to stop taking things to the head
|
|switch|p2a: Aero|Archeops, F|311\/311
|-damage|p2a: Aero|234\/311|[from] Stealth Rock
|turn|13
|
|move|p2a: Aero|Head Smash|p1a: Landorus
|-damage|p1a: Landorus|1\/319
|-damage|p2a: Aero|75\/311|[from] recoil|[of] p1a: Landorus
|move|p1a: Landorus|Psychic|p2a: Aero
|-damage|p2a: Aero|0 fnt
|faint|p2a: Aero
|
|c|âInvok3r|O.o
|c|âTest Trainer Nubz|god damn
|c|âInvok3r|rofl 1 hp
|
|switch|p2a: No.15|Beedrill, M|293\/293
|-damage|p2a: No.15|220\/293|[from] Stealth Rock
|turn|14
|
|detailschange|p2a: No.15|Beedrill-Mega, M
|-mega|p2a: No.15|Beedrill|Beedrillite
|move|p2a: No.15|Protect|p2a: No.15
|-singleturn|p2a: No.15|Protect
|move|p1a: Landorus|Psychic|p2a: No.15
|-activate|p2a: No.15|Protect
|
|turn|15
|
|switch|p1a: Latios|Latios, M|109\/301 par
|move|p2a: No.15|Poison Jab|p1a: Latios
|-damage|p1a: Latios|0 fnt
|faint|p1a: Latios
|
|
|switch|p1a: Lopunny|Lopunny, F, shiny|271\/271
|turn|16
|
|detailschange|p1a: Lopunny|Lopunny-Mega, F, shiny
|-mega|p1a: Lopunny|Lopunny|Lopunnite
|move|p2a: No.15|Protect|p2a: No.15
|-singleturn|p2a: No.15|Protect
|move|p1a: Lopunny|Fake Out|p2a: No.15
|-activate|p2a: No.15|Protect
|
|turn|17
|
|move|p2a: No.15|U-turn|p1a: Lopunny
|-resisted|p1a: Lopunny
|-damage|p1a: Lopunny|172\/271
|
|switch|p2a: Whimsi|Whimsicott, F|97\/322
|-damage|p2a: Whimsi|57\/322|[from] Stealth Rock
|move|p1a: Lopunny|Return|p2a: Whimsi
|-damage|p2a: Whimsi|0 fnt
|faint|p2a: Whimsi
|
|
|switch|p2a: No.15|Beedrill-Mega, M|220\/293
|-damage|p2a: No.15|147\/293|[from] Stealth Rock
|turn|18
|
|switch|p1a: Landorus|Landorus, M|1\/319
|move|p2a: No.15|Poison Jab|p1a: Landorus
|-resisted|p1a: Landorus
|-damage|p1a: Landorus|0 fnt
|faint|p1a: Landorus
|
|
|switch|p1a: Crawdaunt|Crawdaunt, M|268\/268
|turn|19
|
|switch|p2a: Mr. Clean|Rotom-Wash|124\/303
|-damage|p2a: Mr. Clean|87\/303|[from] Stealth Rock
|move|p1a: Crawdaunt|Aqua Jet|p2a: Mr. Clean
|-resisted|p2a: Mr. Clean
|-damage|p2a: Mr. Clean|43\/303
|-damage|p1a: Crawdaunt|242\/268|[from] item: Life Orb
|
|-heal|p2a: Mr. Clean|61\/303|[from] item: Leftovers
|turn|20
|
|switch|p1a: Raikou|Raikou|321\/321
|-ability|p1a: Raikou|Pressure
|move|p2a: Mr. Clean|Pain Split|p1a: Raikou
|-sethp|p1a: Raikou|191\/321|p2a: Mr. Clean|191\/303|[from] move: Pain Split
|
|-heal|p2a: Mr. Clean|209\/303|[from] item: Leftovers
|turn|21
|
|switch|p2a: Jolt|Jolteon, F|118\/291
|-damage|p2a: Jolt|82\/291|[from] Stealth Rock
|move|p1a: Raikou|Shadow Ball|p2a: Jolt
|-damage|p2a: Jolt|0 fnt
|faint|p2a: Jolt
|
|
|switch|p2a: No.15|Beedrill-Mega, M|147\/293
|-damage|p2a: No.15|74\/293|[from] Stealth Rock
|turn|22
|
|move|p2a: No.15|Poison Jab|p1a: Raikou
|-damage|p1a: Raikou|0 fnt
|faint|p1a: Raikou
|
|
|switch|p1a: Crawdaunt|Crawdaunt, M|242\/268
|turn|23
|
|move|p2a: No.15|U-turn|p1a: Crawdaunt
|-supereffective|p1a: Crawdaunt
|-damage|p1a: Crawdaunt|0 fnt
|faint|p1a: Crawdaunt
|leave|Invok3r
|player|p1
|-message|Player 1 lost due to inactivity.
|
|win|Test Trainer Nubz