|join|Mndez
|join|Invok3r
|player|p1|Mndez|163
|player|p2|Invok3r|250
|gametype|singles
|gen|6
|tier|OU (suspect test)
|rated
|clearpoke
|poke|p1|Magnezone
|poke|p1|Breloom, M
|poke|p1|Heatran, F
|poke|p1|Slowbro, M
|poke|p1|Landorus-Therian, M
|poke|p1|Kyurem-Black
|poke|p2|Doublade, M
|poke|p2|Chansey, F
|poke|p2|Clefable, F
|poke|p2|Gliscor, M
|poke|p2|Sableye, M
|poke|p2|Tentacruel, M
|rule|Swagger Clause: Swagger is banned
|rule|Baton Pass Clause: Limit one PokÃ©mon knowing Baton Pass
|rule|Sleep Clause Mod: Limit one foe put to sleep
|rule|Species Clause: Limit one of each PokÃ©mon
|rule|OHKO Clause: OHKO moves are banned
|rule|Moody Clause: Moody is banned
|rule|Evasion Moves Clause: Evasion moves are banned
|rule|Endless Battle Clause: Forcing endless battles is banned
|rule|HP Percentage Mod: HP is shown in percentages
|teampreview
|c|âMndez|invoker: dota?
|c|âMndez|stall
|join|dany981205
|leave|dany981205
|
|start
|switch|p1a: Breloom|Breloom, M|323\/323
|switch|p2a: Sableye|Sableye, M|304\/304
|turn|1
|
|switch|p1a: Heatran|Heatran, F|384\/384
|detailschange|p2a: Sableye|Sableye-Mega, M
|-mega|p2a: Sableye|Sableye|Sablenite
|move|p2a: Sableye|Knock Off|p1a: Heatran
|-damage|p1a: Heatran|288\/384
|-enditem|p1a: Heatran|Leftovers|[from] move: Knock Off|[of] p2a: Sableye
|
|turn|2
|
|switch|p2a: Tentacruel|Tentacruel, M|364\/364
|move|p1a: Heatran|Lava Plume|p2a: Tentacruel
|-resisted|p2a: Tentacruel
|-damage|p2a: Tentacruel|311\/364
|
|-heal|p2a: Tentacruel|333\/364|[from] item: Black Sludge
|turn|3
|
|switch|p1a: Magnezone|Magnezone|344\/344
|move|p2a: Tentacruel|Toxic Spikes|p1a: Magnezone
|-sidestart|p1: Mndez|move: Toxic Spikes
|
|-heal|p2a: Tentacruel|355\/364|[from] item: Black Sludge
|turn|4
|
|switch|p2a: Gliscor|Gliscor, M|354\/354
|move|p1a: Magnezone|Flash Cannon|p2a: Gliscor
|-damage|p2a: Gliscor|143\/354
|-unboost|p2a: Gliscor|spd|1
|
|-status|p2a: Gliscor|tox|[from] item: Toxic Orb
|turn|5
|
|switch|p1a: Landorus-Therian|Landorus-Therian, M|333\/333
|-ability|p1a: Landorus-Therian|Intimidate|[of] p2a: Gliscor
|-unboost|p2a: Gliscor|atk|1
|move|p2a: Gliscor|Earthquake|p1a: Landorus-Therian
|-immune|p1a: Landorus-Therian|[msg]
|
|-heal|p2a: Gliscor|187\/354 tox|[from] ability: Poison Heal
|turn|6
|
|move|p1a: Landorus-Therian|Swords Dance|p1a: Landorus-Therian
|-boost|p1a: Landorus-Therian|atk|2
|move|p2a: Gliscor|Roost|p2a: Gliscor
|-heal|p2a: Gliscor|354\/354 tox
|
|turn|7
|
|move|p1a: Landorus-Therian|Swords Dance|p1a: Landorus-Therian
|-boost|p1a: Landorus-Therian|atk|2
|move|p2a: Gliscor|Knock Off|p1a: Landorus-Therian
|-damage|p1a: Landorus-Therian|277\/333
|-enditem|p1a: Landorus-Therian|Leftovers|[from] move: Knock Off|[of] p2a: Gliscor
|
|turn|8
|
|switch|p2a: Clefable|Clefable, F|394\/394
|move|p1a: Landorus-Therian|Swords Dance|p1a: Landorus-Therian
|-boost|p1a: Landorus-Therian|atk|2
|
|turn|9
|
|move|p1a: Landorus-Therian|Earthquake|p2a: Clefable
|-damage|p2a: Clefable|214\/394
|move|p2a: Clefable|Wish|p2a: Clefable
|
|-heal|p2a: Clefable|238\/394|[from] item: Leftovers
|turn|10
|
|move|p1a: Landorus-Therian|Earthquake|p2a: Clefable
|-damage|p2a: Clefable|40\/394
|move|p2a: Clefable|Moonblast|p1a: Landorus-Therian
|-damage|p1a: Landorus-Therian|159\/333
|
|-heal|p2a: Clefable|237\/394|[from] move: Wish|[wisher] Clefable
|-heal|p2a: Clefable|261\/394|[from] item: Leftovers
|turn|11
|
|move|p1a: Landorus-Therian|Earthquake|p2a: Clefable
|-damage|p2a: Clefable|93\/394
|move|p2a: Clefable|Wish|p2a: Clefable
|
|-heal|p2a: Clefable|117\/394|[from] item: Leftovers
|turn|12
|
|switch|p1a: Magnezone|Magnezone|344\/344
|move|p2a: Clefable|Protect|p2a: Clefable
|-fail|p2a: Clefable
|
|-heal|p2a: Clefable|314\/394|[from] move: Wish|[wisher] Clefable
|-heal|p2a: Clefable|338\/394|[from] item: Leftovers
|turn|13
|
|move|p2a: Clefable|Protect|p2a: Clefable
|-singleturn|p2a: Clefable|Protect
|move|p1a: Magnezone|Volt Switch|p2a: Clefable
|-activate|p2a: Clefable|Protect
|
|-heal|p2a: Clefable|362\/394|[from] item: Leftovers
|turn|14
|
|switch|p2a: Gliscor|Gliscor, M|354\/354 tox
|move|p1a: Magnezone|Volt Switch|p2a: Gliscor
|-immune|p2a: Gliscor|[msg]
|
|turn|15
|
|switch|p1a: Landorus-Therian|Landorus-Therian, M|159\/333
|-ability|p1a: Landorus-Therian|Intimidate|[of] p2a: Gliscor
|-unboost|p2a: Gliscor|atk|1
|move|p2a: Gliscor|Knock Off|p1a: Landorus-Therian
|-damage|p1a: Landorus-Therian|121\/333
|
|turn|16
|
|move|p1a: Landorus-Therian|Earthquake|p2a: Gliscor
|-immune|p2a: Gliscor|[msg]
|move|p2a: Gliscor|Knock Off|p1a: Landorus-Therian
|-damage|p1a: Landorus-Therian|82\/333
|
|turn|17
|
|switch|p1a: Slowbro|Slowbro, M|394\/394
|-status|p1a: Slowbro|psn
|switch|p2a: Clefable|Clefable, F|362\/394
|
|-heal|p2a: Clefable|386\/394|[from] item: Leftovers
|-damage|p1a: Slowbro|345\/394 psn|[from] psn
|turn|18
|
|switch|p1a: Magnezone|Magnezone|344\/344
|move|p2a: Clefable|Moonblast|p1a: Magnezone
|-resisted|p1a: Magnezone
|-damage|p1a: Magnezone|290\/344
|
|-heal|p2a: Clefable|394\/394|[from] item: Leftovers
|turn|19
|
|move|p2a: Clefable|Protect|p2a: Clefable
|-singleturn|p2a: Clefable|Protect
|move|p1a: Magnezone|Flash Cannon|p2a: Clefable
|-activate|p2a: Clefable|Protect
|
|turn|20
|
|switch|p1a: Breloom|Breloom, M|323\/323
|-status|p1a: Breloom|psn
|switch|p2a: Chansey|Chansey, F|703\/703
|
|turn|21
|
|switch|p2a: Doublade|Doublade, M|321\/321
|move|p1a: Breloom|Substitute|p1a: Breloom
|-start|p1a: Breloom|Substitute
|-damage|p1a: Breloom|243\/323 psn
|
|-heal|p1a: Breloom|283\/323 psn|[from] ability: Poison Heal
|turn|22
|
|move|p1a: Breloom|Spore|p2a: Doublade
|-status|p2a: Doublade|slp
|cant|p2a: Doublade|slp
|
|-heal|p1a: Breloom|323\/323 psn|[from] ability: Poison Heal
|turn|23
|
|switch|p1a: Magnezone|Magnezone|290\/344
|switch|p2a: Clefable|Clefable, F|394\/394
|
|turn|24
|
|move|p2a: Clefable|Protect|p2a: Clefable
|-singleturn|p2a: Clefable|Protect
|move|p1a: Magnezone|Flash Cannon|p2a: Clefable
|-activate|p2a: Clefable|Protect
|
|turn|25
|
|switch|p2a: Chansey|Chansey, F|703\/703
|move|p1a: Magnezone|Flash Cannon|p2a: Chansey
|-damage|p2a: Chansey|558\/703
|
|turn|26
|
|switch|p1a: Breloom|Breloom, M|323\/323 psn
|move|p2a: Chansey|Stealth Rock|p1a: Breloom
|-sidestart|p1: Mndez|move: Stealth Rock
|
|turn|27
|
|switch|p1a: Magnezone|Magnezone|290\/344
|-damage|p1a: Magnezone|269\/344|[from] Stealth Rock
|switch|p2a: Clefable|Clefable, F|394\/394
|
|turn|28
|
|switch|p2a: Gliscor|Gliscor, M|354\/354 tox
|move|p1a: Magnezone|Flash Cannon|p2a: Gliscor
|-damage|p2a: Gliscor|138\/354 tox
|
|-heal|p2a: Gliscor|182\/354 tox|[from] ability: Poison Heal
|turn|29
|
|switch|p1a: Breloom|Breloom, M|323\/323 psn
|-damage|p1a: Breloom|303\/323 psn|[from] Stealth Rock
|move|p2a: Gliscor|Roost|p2a: Gliscor
|-heal|p2a: Gliscor|354\/354 tox
|
|-heal|p1a: Breloom|323\/323 psn|[from] ability: Poison Heal
|turn|30
|
|switch|p2a: Clefable|Clefable, F|394\/394
|move|p1a: Breloom|Leech Seed|p2a: Clefable
|-start|p2a: Clefable|move: Leech Seed
|
|-damage|p2a: Clefable|345\/394|[from] Leech Seed|[of] p1a: Breloom
|turn|31
|
|switch|p2a: Tentacruel|Tentacruel, M|355\/364
|move|p1a: Breloom|Substitute|p1a: Breloom
|-start|p1a: Breloom|Substitute
|-damage|p1a: Breloom|243\/323 psn
|
|-heal|p2a: Tentacruel|364\/364|[from] item: Black Sludge
|-heal|p1a: Breloom|283\/323 psn|[from] ability: Poison Heal
|turn|32
|
|-singleturn|p1a: Breloom|move: Focus Punch
|move|p2a: Tentacruel|Acid Spray|p1a: Breloom
|-supereffective|p1a: Breloom
|-end|p1a: Breloom|Substitute
|move|p1a: Breloom|Focus Punch|p2a: Tentacruel
|-resisted|p2a: Tentacruel
|-damage|p2a: Tentacruel|248\/364
|
|-heal|p2a: Tentacruel|270\/364|[from] item: Black Sludge
|-heal|p1a: Breloom|323\/323 psn|[from] ability: Poison Heal
|turn|33
|
|switch|p1a: Magnezone|Magnezone|269\/344
|-damage|p1a: Magnezone|248\/344|[from] Stealth Rock
|move|p2a: Tentacruel|Scald|p1a: Magnezone
|-damage|p1a: Magnezone|167\/344
|-status|p1a: Magnezone|brn
|
|-heal|p2a: Tentacruel|292\/364|[from] item: Black Sludge
|-damage|p1a: Magnezone|124\/344 brn|[from] brn
|turn|34
|
|switch|p2a: Gliscor|Gliscor, M|354\/354 tox
|move|p1a: Magnezone|Volt Switch|p2a: Gliscor
|-immune|p2a: Gliscor|[msg]
|
|-damage|p1a: Magnezone|81\/344 brn|[from] brn
|turn|35
|
|switch|p1a: Breloom|Breloom, M|323\/323 psn
|-damage|p1a: Breloom|303\/323 psn|[from] Stealth Rock
|move|p2a: Gliscor|Knock Off|p1a: Breloom
|-resisted|p1a: Breloom
|-damage|p1a: Breloom|268\/323 psn
|-enditem|p1a: Breloom|Toxic Orb|[from] move: Knock Off|[of] p2a: Gliscor
|
|-heal|p1a: Breloom|308\/323 psn|[from] ability: Poison Heal
|turn|36
|
|switch|p2a: Tentacruel|Tentacruel, M|292\/364
|switch|p1a: Landorus-Therian|Landorus-Therian, M|82\/333
|-damage|p1a: Landorus-Therian|41\/333|[from] Stealth Rock
|-ability|p1a: Landorus-Therian|Intimidate|[of] p2a: Tentacruel
|-unboost|p2a: Tentacruel|atk|1
|
|-heal|p2a: Tentacruel|314\/364|[from] item: Black Sludge
|turn|37
|
|switch|p2a: Gliscor|Gliscor, M|354\/354 tox
|move|p1a: Landorus-Therian|Earthquake|p2a: Gliscor
|-immune|p2a: Gliscor|[msg]
|
|turn|38
|
|move|p1a: Landorus-Therian|Stone Edge|p2a: Gliscor
|-damage|p2a: Gliscor|233\/354 tox
|move|p2a: Gliscor|Knock Off|p1a: Landorus-Therian
|-damage|p1a: Landorus-Therian|0 fnt
|faint|p1a: Landorus-Therian
|
|-heal|p2a: Gliscor|277\/354 tox|[from] ability: Poison Heal
|
|switch|p1a: Kyurem-Black|Kyurem-Black|391\/391
|-damage|p1a: Kyurem-Black|294\/391|[from] Stealth Rock
|-status|p1a: Kyurem-Black|psn
|-ability|p1a: Kyurem-Black|Teravolt
|turn|39
|
|switch|p2a: Doublade|Doublade, M|321\/321 slp
|move|p1a: Kyurem-Black|Outrage|p2a: Doublade
|-resisted|p2a: Doublade
|-damage|p2a: Doublade|273\/321 slp
|
|-damage|p1a: Kyurem-Black|246\/391 psn|[from] psn
|turn|40
|
|switch|p2a: Clefable|Clefable, F|345\/394
|move|p1a: Kyurem-Black|Outrage|p2a: Clefable
|-immune|p2a: Clefable|[msg]
|
|-end|p1a: Kyurem-Black|rampage
|-start|p1a: Kyurem-Black|confusion
|-heal|p2a: Clefable|369\/394|[from] item: Leftovers
|-damage|p1a: Kyurem-Black|198\/391 psn|[from] psn
|turn|41
|-message|Mndez forfeited.
|
|win|Invok3r
|raw|Ladder updating...
|leave|Mndez
|raw|Mndez's rating: 1565 &rarr; <strong>1540<\/strong><br \/>(-25 for losing)
|raw|Invok3r's rating: 1478 &rarr; <strong>1503<\/strong><br \/>(+25 for winning)
|player|p1