|join|iplaytennislol
|join|Invok3r
|player|p1|iplaytennislol|175
|player|p2|Invok3r|250
|gametype|singles
|gen|6
|tier|OU (suspect test)
|rated
|clearpoke
|poke|p1|Infernape, F
|poke|p1|Azumarill, F
|poke|p1|Lucario, M
|poke|p1|Landorus, M
|poke|p1|Metagross
|poke|p1|Thundurus, M
|poke|p2|Azelf
|poke|p2|Absol, F, shiny
|poke|p2|Kyurem-Black
|poke|p2|Azumarill, M
|poke|p2|Scizor, M
|poke|p2|Manaphy, shiny
|rule|Swagger Clause: Swagger is banned
|rule|Baton Pass Clause: Limit one PokÃ©mon knowing Baton Pass
|rule|Sleep Clause Mod: Limit one foe put to sleep
|rule|Species Clause: Limit one of each PokÃ©mon
|rule|OHKO Clause: OHKO moves are banned
|rule|Moody Clause: Moody is banned
|rule|Evasion Moves Clause: Evasion moves are banned
|rule|Endless Battle Clause: Forcing endless battles is banned
|rule|HP Percentage Mod: HP is shown in percentages
|teampreview
|
|start
|switch|p1a: Infernape|Infernape, F|294\/294
|switch|p2a: Azelf|Azelf|291\/291
|turn|1
|
|move|p1a: Infernape|Fire Blast|p2a: Azelf
|-damage|p2a: Azelf|23\/291
|move|p2a: Azelf|Stealth Rock|p1a: Infernape
|-sidestart|p1: iplaytennislol|move: Stealth Rock
|
|turn|2
|
|move|p1a: Infernape|Stealth Rock|p2a: Azelf
|-sidestart|p2: Invok3r|move: Stealth Rock
|move|p2a: Azelf|Explosion|p1a: Infernape
|-enditem|p1a: Infernape|Focus Sash
|-damage|p1a: Infernape|1\/294
|faint|p2a: Azelf
|
|c|âiplaytennislol|nice ev's
|
|switch|p2a: Azumarill|Azumarill, M|345\/345
|-damage|p2a: Azumarill|302\/345|[from] Stealth Rock
|turn|3
|
|move|p2a: Azumarill|Aqua Jet|p1a: Infernape
|-supereffective|p1a: Infernape
|-damage|p1a: Infernape|0 fnt
|faint|p1a: Infernape
|
|
|switch|p1a: Thundurus|Thundurus, M|299\/299
|-damage|p1a: Thundurus|225\/299|[from] Stealth Rock
|turn|4
|
|move|p1a: Thundurus|Thunderbolt|p2a: Azumarill
|-supereffective|p2a: Azumarill
|-damage|p2a: Azumarill|60\/345
|-damage|p1a: Thundurus|196\/299|[from] item: Life Orb
|move|p2a: Azumarill|Waterfall|p1a: Thundurus
|-damage|p1a: Thundurus|0 fnt
|faint|p1a: Thundurus
|
|
|switch|p1a: Metagross|Metagross|301\/301
|-damage|p1a: Metagross|283\/301|[from] Stealth Rock
|turn|5
|
|detailschange|p1a: Metagross|Metagross-Mega
|-mega|p1a: Metagross|Metagross|Metagrossite
|move|p1a: Metagross|Bullet Punch|p2a: Azumarill
|-damage|p2a: Azumarill|0 fnt
|faint|p2a: Azumarill
|
|
|switch|p2a: Scizor|Scizor, M|343\/343
|-damage|p2a: Scizor|301\/343|[from] Stealth Rock
|turn|6
|
|move|p1a: Metagross|Hammer Arm|p2a: Scizor
|-damage|p2a: Scizor|125\/343
|-unboost|p1a: Metagross|spe|1
|move|p2a: Scizor|U-turn|p1a: Metagross
|-damage|p1a: Metagross|142\/301
|join|dank memez
|c| dank memez|dank teams
|leave|dank memez
|
|switch|p2a: Absol|Absol, F, shiny|271\/271
|-damage|p2a: Absol|238\/271|[from] Stealth Rock
|
|turn|7
|
|switch|p2a: Kyurem-Black|Kyurem-Black|413\/413
|-damage|p2a: Kyurem-Black|310\/413|[from] Stealth Rock
|-ability|p2a: Kyurem-Black|Teravolt
|switch|p1a: Azumarill|Azumarill, F|364\/364
|-damage|p1a: Azumarill|319\/364|[from] Stealth Rock
|
|turn|8
|
|switch|p1a: Landorus|Landorus, M|319\/319
|-damage|p1a: Landorus|280\/319|[from] Stealth Rock
|move|p2a: Kyurem-Black|Outrage|p1a: Landorus
|-damage|p1a: Landorus|0 fnt
|-damage|p2a: Kyurem-Black|269\/413|[from] item: Life Orb
|faint|p1a: Landorus
|
|c|âiplaytennislol|O.o
|
|switch|p1a: Azumarill|Azumarill, F|319\/364
|-damage|p1a: Azumarill|274\/364|[from] Stealth Rock
|turn|9
|
|move|p2a: Kyurem-Black|Outrage|p1a: Azumarill
|-immune|p1a: Azumarill|[msg]
|move|p1a: Azumarill|Belly Drum|p1a: Azumarill
|-damage|p1a: Azumarill|92\/364
|-setboost|p1a: Azumarill|atk|6|[from] move: Belly Drum
|-enditem|p1a: Azumarill|Sitrus Berry|[eat]
|-heal|p1a: Azumarill|183\/364|[from] item: Sitrus Berry
|
|turn|10
|
|move|p1a: Azumarill|Aqua Jet|p2a: Kyurem-Black
|-resisted|p2a: Kyurem-Black
|-damage|p2a: Kyurem-Black|89\/413
|move|p2a: Kyurem-Black|Fusion Bolt|p1a: Azumarill
|-supereffective|p1a: Azumarill
|-damage|p1a: Azumarill|0 fnt
|-damage|p2a: Kyurem-Black|48\/413|[from] item: Life Orb
|faint|p1a: Azumarill
|
|c|âiplaytennislol|oweak
|
|switch|p1a: Lucario|Lucario, M|281\/281
|-damage|p1a: Lucario|273\/281|[from] Stealth Rock
|turn|11
|
|move|p1a: Lucario|Extreme Speed|p2a: Kyurem-Black
|-damage|p2a: Kyurem-Black|0 fnt
|-damage|p1a: Lucario|245\/281|[from] item: Life Orb
|faint|p2a: Kyurem-Black
|
|
|switch|p2a: Manaphy|Manaphy, shiny|354\/354
|-damage|p2a: Manaphy|310\/354|[from] Stealth Rock
|turn|12
|join|blarghlfarghl
|
|move|p2a: Manaphy|Surf|p1a: Lucario
|-damage|p1a: Lucario|32\/281
|move|p1a: Lucario|Close Combat|p2a: Manaphy
|-damage|p2a: Manaphy|41\/354
|-unboost|p1a: Lucario|def|1
|-unboost|p1a: Lucario|spd|1
|-damage|p1a: Lucario|4\/281|[from] item: Life Orb
|
|-heal|p2a: Manaphy|63\/354|[from] item: Leftovers
|turn|13
|
|move|p1a: Lucario|Extreme Speed|p2a: Manaphy
|-damage|p2a: Manaphy|0 fnt
|-damage|p1a: Lucario|0 fnt|[from] item: Life Orb
|faint|p2a: Manaphy
|faint|p1a: Lucario
|
|
|switch|p1a: Metagross|Metagross-Mega|142\/301
|switch|p2a: Absol|Absol, F, shiny|238\/271
|-damage|p1a: Metagross|124\/301|[from] Stealth Rock
|-damage|p2a: Absol|205\/271|[from] Stealth Rock
|turn|14
|
|detailschange|p2a: Absol|Absol-Mega, F, shiny
|-mega|p2a: Absol|Absol|Absolite
|move|p2a: Absol|Sucker Punch|p1a: Metagross
|-supereffective|p1a: Metagross
|-damage|p1a: Metagross|0 fnt
|faint|p1a: Metagross
|
|win|Invok3r
|raw|Ladder updating...
|raw|iplaytennislol's rating: 1481 &rarr; <strong>1464<\/strong><br \/>(-17 for losing)
|raw|Invok3r's rating: 1528 &rarr; <strong>1545<\/strong><br \/>(+17 for winning)
|leave|iplaytennislol
|player|p1