|join|TachyonLord
|join|Invok3r
|player|p1|TachyonLord|99
|player|p2|Invok3r|250
|gametype|singles
|gen|6
|tier|OU (suspect test)
|rated
|clearpoke
|poke|p1|Bisharp, F, shiny
|poke|p1|Gyarados, M
|poke|p1|Landorus-Therian, M
|poke|p1|Manectric, M
|poke|p1|Latias, F
|poke|p1|Clefable, F
|poke|p2|Politoed, F
|poke|p2|Kingdra, M
|poke|p2|Scizor, M
|poke|p2|Tornadus-Therian, M
|poke|p2|Ferrothorn, M
|poke|p2|Toxicroak, M
|rule|Swagger Clause: Swagger is banned
|rule|Baton Pass Clause: Limit one PokÃ©mon knowing Baton Pass
|rule|Sleep Clause Mod: Limit one foe put to sleep
|rule|Species Clause: Limit one of each PokÃ©mon
|rule|OHKO Clause: OHKO moves are banned
|rule|Moody Clause: Moody is banned
|rule|Evasion Moves Clause: Evasion moves are banned
|rule|Endless Battle Clause: Forcing endless battles is banned
|rule|HP Percentage Mod: HP is shown in percentages
|teampreview
|
|start
|switch|p1a: Manectric|Manectric, M|281\/281
|switch|p2a: Politoed|Politoed, F|383\/383
|-weather|RainDance
|turn|1
|
|switch|p2a: Ferrothorn|Ferrothorn, M|352\/352
|detailschange|p1a: Manectric|Manectric-Mega, M
|-mega|p1a: Manectric|Manectric|Manectite
|-ability|p1a: Manectric|Intimidate|[of] p2a: Ferrothorn
|-unboost|p2a: Ferrothorn|atk|1
|move|p1a: Manectric|Volt Switch|p2a: Ferrothorn
|-resisted|p2a: Ferrothorn
|-damage|p2a: Ferrothorn|307\/352
|
|switch|p1a: Gyarados|Gyarados, M|355\/355
|-ability|p1a: Gyarados|Intimidate|[of] p2a: Ferrothorn
|-unboost|p2a: Ferrothorn|atk|1
|
|-weather|RainDance|[upkeep]
|-heal|p2a: Ferrothorn|329\/352|[from] item: Leftovers
|turn|2
|
|move|p1a: Gyarados|Substitute|p1a: Gyarados
|-start|p1a: Gyarados|Substitute
|-damage|p1a: Gyarados|267\/355
|move|p2a: Ferrothorn|Stealth Rock|p1a: Gyarados
|-sidestart|p1: TachyonLord|move: Stealth Rock
|
|-weather|RainDance|[upkeep]
|-heal|p1a: Gyarados|289\/355|[from] item: Leftovers
|-heal|p2a: Ferrothorn|351\/352|[from] item: Leftovers
|turn|3
|
|switch|p2a: Politoed|Politoed, F|383\/383
|move|p1a: Gyarados|Dragon Dance|p1a: Gyarados
|-boost|p1a: Gyarados|atk|1
|-boost|p1a: Gyarados|spe|1
|
|-weather|RainDance|[upkeep]
|-heal|p1a: Gyarados|311\/355|[from] item: Leftovers
|turn|4
|
|move|p1a: Gyarados|Bounce|p2a: Politoed|[still]
|-prepare|p1a: Gyarados|Bounce|p2a: Politoed
|move|p2a: Politoed|Encore|p1a: Gyarados|[miss]
|-miss|p2a: Politoed|p1a: Gyarados
|
|-weather|RainDance|[upkeep]
|-heal|p1a: Gyarados|333\/355|[from] item: Leftovers
|turn|5
|
|switch|p2a: Ferrothorn|Ferrothorn, M|351\/352
|move|p1a: Gyarados|Bounce|p2a: Ferrothorn
|-damage|p2a: Ferrothorn|206\/352
|-damage|p1a: Gyarados|289\/355|[from] ability: Iron Barbs|[of] p2a: Ferrothorn
|
|-weather|RainDance|[upkeep]
|-heal|p1a: Gyarados|311\/355|[from] item: Leftovers
|-heal|p2a: Ferrothorn|228\/352|[from] item: Leftovers
|turn|6
|
|move|p1a: Gyarados|Dragon Dance|p1a: Gyarados
|-boost|p1a: Gyarados|atk|1
|-boost|p1a: Gyarados|spe|1
|move|p2a: Ferrothorn|Gyro Ball|p1a: Gyarados
|-resisted|p1a: Gyarados
|-end|p1a: Gyarados|Substitute
|
|-weather|RainDance|[upkeep]
|-heal|p1a: Gyarados|333\/355|[from] item: Leftovers
|-heal|p2a: Ferrothorn|250\/352|[from] item: Leftovers
|turn|7
|
|move|p1a: Gyarados|Bounce|p2a: Ferrothorn|[still]
|-prepare|p1a: Gyarados|Bounce|p2a: Ferrothorn
|move|p2a: Ferrothorn|Gyro Ball|p1a: Gyarados|[miss]
|-miss|p2a: Ferrothorn|p1a: Gyarados
|
|-weather|RainDance|[upkeep]
|-heal|p1a: Gyarados|355\/355|[from] item: Leftovers
|-heal|p2a: Ferrothorn|272\/352|[from] item: Leftovers
|turn|8
|
|move|p2a: Ferrothorn|Protect|p2a: Ferrothorn
|-singleturn|p2a: Ferrothorn|Protect
|move|p1a: Gyarados|Bounce|p2a: Ferrothorn
|-activate|p2a: Ferrothorn|Protect
|
|-weather|none
|-heal|p2a: Ferrothorn|294\/352|[from] item: Leftovers
|turn|9
|
|move|p1a: Gyarados|Dragon Dance|p1a: Gyarados
|-boost|p1a: Gyarados|atk|1
|-boost|p1a: Gyarados|spe|1
|move|p2a: Ferrothorn|Gyro Ball|p1a: Gyarados
|-resisted|p1a: Gyarados
|-damage|p1a: Gyarados|259\/355
|
|-heal|p1a: Gyarados|281\/355|[from] item: Leftovers
|-heal|p2a: Ferrothorn|316\/352|[from] item: Leftovers
|turn|10
|
|move|p1a: Gyarados|Dragon Dance|p1a: Gyarados
|-boost|p1a: Gyarados|atk|1
|-boost|p1a: Gyarados|spe|1
|move|p2a: Ferrothorn|Leech Seed|p1a: Gyarados
|-start|p1a: Gyarados|move: Leech Seed
|
|-heal|p1a: Gyarados|303\/355|[from] item: Leftovers
|-heal|p2a: Ferrothorn|338\/352|[from] item: Leftovers
|-damage|p1a: Gyarados|259\/355|[from] Leech Seed|[of] p2a: Ferrothorn
|-heal|p2a: Ferrothorn|352\/352|[silent]
|turn|11
|
|move|p1a: Gyarados|Waterfall|p2a: Ferrothorn
|-resisted|p2a: Ferrothorn
|-damage|p2a: Ferrothorn|196\/352
|-damage|p1a: Gyarados|215\/355|[from] ability: Iron Barbs|[of] p2a: Ferrothorn
|move|p2a: Ferrothorn|Gyro Ball|p1a: Gyarados
|-resisted|p1a: Gyarados
|-damage|p1a: Gyarados|109\/355
|
|-heal|p1a: Gyarados|131\/355|[from] item: Leftovers
|-heal|p2a: Ferrothorn|218\/352|[from] item: Leftovers
|-damage|p1a: Gyarados|87\/355|[from] Leech Seed|[of] p2a: Ferrothorn
|-heal|p2a: Ferrothorn|262\/352|[silent]
|turn|12
|
|switch|p1a: Latias|Latias, F|319\/319
|-damage|p1a: Latias|280\/319|[from] Stealth Rock
|move|p2a: Ferrothorn|Protect|p2a: Ferrothorn
|-fail|p2a: Ferrothorn
|
|-heal|p1a: Latias|299\/319|[from] item: Leftovers
|-heal|p2a: Ferrothorn|284\/352|[from] item: Leftovers
|turn|13
|
|move|p1a: Latias|Defog|p2a: Ferrothorn
|-unboost|p2a: Ferrothorn|evasion|1
|-sideend|p1: TachyonLord|Stealth Rock|[from] move: Defog|[of] p1a: Latias
|move|p2a: Ferrothorn|Leech Seed|p1a: Latias
|-start|p1a: Latias|move: Leech Seed
|
|-heal|p1a: Latias|318\/319|[from] item: Leftovers
|-heal|p2a: Ferrothorn|306\/352|[from] item: Leftovers
|-damage|p1a: Latias|279\/319|[from] Leech Seed|[of] p2a: Ferrothorn
|-heal|p2a: Ferrothorn|345\/352|[silent]
|turn|14
|
|move|p1a: Latias|Healing Wish|p1a: Latias
|faint|p1a: Latias
|move|p2a: Ferrothorn|Stealth Rock|p1: Latias
|-sidestart|p1: TachyonLord|move: Stealth Rock
|
|-heal|p2a: Ferrothorn|352\/352|[from] item: Leftovers
|
|switch|p1a: Gyarados|Gyarados, M|87\/355
|-heal|p1a: Gyarados|355\/355|[from] move: Healing Wish
|-damage|p1a: Gyarados|267\/355|[from] Stealth Rock
|-ability|p1a: Gyarados|Intimidate|[of] p2a: Ferrothorn
|-unboost|p2a: Ferrothorn|atk|1
|turn|15
|
|switch|p2a: Politoed|Politoed, F|383\/383
|-weather|RainDance
|move|p1a: Gyarados|Substitute|p1a: Gyarados
|-start|p1a: Gyarados|Substitute
|-damage|p1a: Gyarados|179\/355
|
|-weather|RainDance|[upkeep]
|-heal|p1a: Gyarados|201\/355|[from] item: Leftovers
|turn|16
|
|move|p1a: Gyarados|Bounce|p2a: Politoed|[still]
|-prepare|p1a: Gyarados|Bounce|p2a: Politoed
|move|p2a: Politoed|Encore|p1a: Gyarados|[miss]
|-miss|p2a: Politoed|p1a: Gyarados
|
|-weather|RainDance|[upkeep]
|-heal|p1a: Gyarados|223\/355|[from] item: Leftovers
|turn|17
|
|switch|p2a: Ferrothorn|Ferrothorn, M|352\/352
|move|p1a: Gyarados|Bounce|p2a: Ferrothorn
|-damage|p2a: Ferrothorn|253\/352
|-damage|p1a: Gyarados|179\/355|[from] ability: Iron Barbs|[of] p2a: Ferrothorn
|
|-weather|RainDance|[upkeep]
|-heal|p1a: Gyarados|201\/355|[from] item: Leftovers
|-heal|p2a: Ferrothorn|275\/352|[from] item: Leftovers
|turn|18
|
|move|p1a: Gyarados|Dragon Dance|p1a: Gyarados
|-boost|p1a: Gyarados|atk|1
|-boost|p1a: Gyarados|spe|1
|move|p2a: Ferrothorn|Gyro Ball|p1a: Gyarados
|-resisted|p1a: Gyarados
|-end|p1a: Gyarados|Substitute
|
|-weather|RainDance|[upkeep]
|-heal|p1a: Gyarados|223\/355|[from] item: Leftovers
|-heal|p2a: Ferrothorn|297\/352|[from] item: Leftovers
|turn|19
|
|move|p1a: Gyarados|Substitute|p1a: Gyarados
|-start|p1a: Gyarados|Substitute
|-damage|p1a: Gyarados|135\/355
|move|p2a: Ferrothorn|Leech Seed|p1a: Gyarados
|
|-weather|RainDance|[upkeep]
|-heal|p1a: Gyarados|157\/355|[from] item: Leftovers
|-heal|p2a: Ferrothorn|319\/352|[from] item: Leftovers
|turn|20
|
|move|p1a: Gyarados|Bounce|p2a: Ferrothorn|[still]
|-prepare|p1a: Gyarados|Bounce|p2a: Ferrothorn
|move|p2a: Ferrothorn|Gyro Ball|p1a: Gyarados|[miss]
|-miss|p2a: Ferrothorn|p1a: Gyarados
|
|-weather|RainDance|[upkeep]
|-heal|p1a: Gyarados|179\/355|[from] item: Leftovers
|-heal|p2a: Ferrothorn|341\/352|[from] item: Leftovers
|turn|21
|
|move|p2a: Ferrothorn|Protect|p2a: Ferrothorn
|-singleturn|p2a: Ferrothorn|Protect
|move|p1a: Gyarados|Bounce|p2a: Ferrothorn
|-activate|p2a: Ferrothorn|Protect
|
|-weather|RainDance|[upkeep]
|-heal|p1a: Gyarados|201\/355|[from] item: Leftovers
|-heal|p2a: Ferrothorn|352\/352|[from] item: Leftovers
|turn|22
|
|move|p1a: Gyarados|Dragon Dance|p1a: Gyarados
|-boost|p1a: Gyarados|atk|1
|-boost|p1a: Gyarados|spe|1
|move|p2a: Ferrothorn|Gyro Ball|p1a: Gyarados
|-resisted|p1a: Gyarados
|-end|p1a: Gyarados|Substitute
|
|-weather|none
|-heal|p1a: Gyarados|223\/355|[from] item: Leftovers
|turn|23
|
|switch|p2a: Toxicroak|Toxicroak, M|307\/307
|move|p1a: Gyarados|Substitute|p1a: Gyarados
|-start|p1a: Gyarados|Substitute
|-damage|p1a: Gyarados|135\/355
|
|-heal|p1a: Gyarados|157\/355|[from] item: Leftovers
|turn|24
|
|move|p2a: Toxicroak|Sucker Punch|p1a: Gyarados
|-end|p1a: Gyarados|Substitute
|-damage|p2a: Toxicroak|277\/307|[from] item: Life Orb
|move|p1a: Gyarados|Bounce|p2a: Toxicroak|[still]
|-prepare|p1a: Gyarados|Bounce|p2a: Toxicroak
|
|-heal|p1a: Gyarados|179\/355|[from] item: Leftovers
|turn|25
|
|switch|p2a: Ferrothorn|Ferrothorn, M|352\/352
|move|p1a: Gyarados|Bounce|p2a: Ferrothorn
|-damage|p2a: Ferrothorn|162\/352
|-damage|p1a: Gyarados|135\/355|[from] ability: Iron Barbs|[of] p2a: Ferrothorn
|-status|p2a: Ferrothorn|par
|
|-heal|p1a: Gyarados|157\/355|[from] item: Leftovers
|-heal|p2a: Ferrothorn|184\/352 par|[from] item: Leftovers
|turn|26
|
|move|p1a: Gyarados|Substitute|p1a: Gyarados
|-start|p1a: Gyarados|Substitute
|-damage|p1a: Gyarados|69\/355
|cant|p2a: Ferrothorn|par
|
|-heal|p1a: Gyarados|91\/355|[from] item: Leftovers
|-heal|p2a: Ferrothorn|206\/352 par|[from] item: Leftovers
|turn|27
|
|move|p1a: Gyarados|Dragon Dance|p1a: Gyarados
|-boost|p1a: Gyarados|atk|1
|-boost|p1a: Gyarados|spe|1
|cant|p2a: Ferrothorn|par
|
|-heal|p1a: Gyarados|113\/355|[from] item: Leftovers
|-heal|p2a: Ferrothorn|228\/352 par|[from] item: Leftovers
|turn|28
|
|move|p1a: Gyarados|Bounce|p2a: Ferrothorn|[still]
|-prepare|p1a: Gyarados|Bounce|p2a: Ferrothorn
|move|p2a: Ferrothorn|Leech Seed|p1a: Gyarados|[miss]
|-miss|p2a: Ferrothorn|p1a: Gyarados
|
|-heal|p1a: Gyarados|135\/355|[from] item: Leftovers
|-heal|p2a: Ferrothorn|250\/352 par|[from] item: Leftovers
|turn|29
|
|move|p1a: Gyarados|Bounce|p2a: Ferrothorn
|-damage|p2a: Ferrothorn|0 fnt
|-damage|p1a: Gyarados|91\/355|[from] ability: Iron Barbs|[of] p2a: Ferrothorn
|faint|p2a: Ferrothorn
|
|-heal|p1a: Gyarados|113\/355|[from] item: Leftovers
|
|switch|p2a: Toxicroak|Toxicroak, M|277\/307
|turn|30
|
|move|p2a: Toxicroak|Sucker Punch|p1a: Gyarados
|-end|p1a: Gyarados|Substitute
|-damage|p2a: Toxicroak|247\/307|[from] item: Life Orb
|move|p1a: Gyarados|Bounce|p2a: Toxicroak|[still]
|-prepare|p1a: Gyarados|Bounce|p2a: Toxicroak
|
|-heal|p1a: Gyarados|135\/355|[from] item: Leftovers
|turn|31
|
|move|p2a: Toxicroak|Sucker Punch|p1a: Gyarados|[miss]
|-miss|p2a: Toxicroak|p1a: Gyarados
|move|p1a: Gyarados|Bounce|p2a: Toxicroak
|-supereffective|p2a: Toxicroak
|-damage|p2a: Toxicroak|0 fnt
|faint|p2a: Toxicroak
|
|-heal|p1a: Gyarados|157\/355|[from] item: Leftovers
|
|switch|p2a: Scizor|Scizor, M|344\/344
|turn|32
|
|detailschange|p2a: Scizor|Scizor-Mega, M
|-mega|p2a: Scizor|Scizor|Scizorite
|move|p2a: Scizor|Bullet Punch|p1a: Gyarados
|-resisted|p1a: Gyarados
|-damage|p1a: Gyarados|92\/355
|move|p1a: Gyarados|Waterfall|p2a: Scizor
|-damage|p2a: Scizor|116\/344
|
|-heal|p1a: Gyarados|114\/355|[from] item: Leftovers
|turn|33
|
|move|p2a: Scizor|Bullet Punch|p1a: Gyarados
|-resisted|p1a: Gyarados
|-damage|p1a: Gyarados|48\/355
|move|p1a: Gyarados|Waterfall|p2a: Scizor
|-damage|p2a: Scizor|0 fnt
|faint|p2a: Scizor
|
|-heal|p1a: Gyarados|70\/355|[from] item: Leftovers
|-message|Invok3r forfeited.
|leave|Invok3r
|
|win|TachyonLord
|raw|Ladder updating...
|player|p2
|raw|TachyonLord's rating: 1558 &rarr; <strong>1576<\/strong><br \/>(+18 for winning)
|raw|Invok3r's rating: 1516 &rarr; <strong>1498<\/strong><br \/>(-18 for losing)