|join|Acidneeds
|join|noccliolinee
|player|p1|Acidneeds|11
|player|p2|noccliolinee|203
|gametype|singles
|gen|6
|tier|OU
|rated
|clearpoke
|poke|p1|Clefable, M
|poke|p1|Ferrothorn, M
|poke|p1|Sableye, M
|poke|p1|Talonflame, F
|poke|p1|Starmie
|poke|p1|Gliscor, F
|poke|p2|Greninja, F
|poke|p2|Sylveon, M
|poke|p2|Skarmory, M
|poke|p2|Suicune
|poke|p2|Heatran, M
|poke|p2|Sceptile, M
|rule|Swagger Clause: Swagger is banned
|rule|Baton Pass Clause: Limit one PokÃ©mon knowing Baton Pass
|rule|Sleep Clause Mod: Limit one foe put to sleep
|rule|Species Clause: Limit one of each PokÃ©mon
|rule|OHKO Clause: OHKO moves are banned
|rule|Moody Clause: Moody is banned
|rule|Evasion Moves Clause: Evasion moves are banned
|rule|Endless Battle Clause: Forcing endless battles is banned
|rule|HP Percentage Mod: HP is shown in percentages
|teampreview
|
|start
|switch|p1a: Gliscor|Gliscor, F|354\/354
|switch|p2a: Greninja|Greninja, F|285\/285
|turn|1
|
|switch|p1a: Ferrothorn|Ferrothorn, M|352\/352
|move|p2a: Greninja|Ice Beam|p1a: Ferrothorn
|-crit|p1a: Ferrothorn
|-damage|p1a: Ferrothorn|208\/352
|-damage|p2a: Greninja|257\/285|[from] item: Life Orb
|
|-heal|p1a: Ferrothorn|230\/352|[from] item: Leftovers
|turn|2
|
|switch|p2a: Heatran|Heatran, M|326\/326
|move|p1a: Ferrothorn|Gyro Ball|p2a: Heatran
|-resisted|p2a: Heatran
|-damage|p2a: Heatran|286\/326
|
|-heal|p2a: Heatran|306\/326|[from] item: Leftovers
|-heal|p1a: Ferrothorn|252\/352|[from] item: Leftovers
|turn|3
|
|switch|p1a: Starmie|Starmie|323\/323
|move|p2a: Heatran|Lava Plume|p1a: Starmie
|-resisted|p1a: Starmie
|-damage|p1a: Starmie|247\/323
|-status|p1a: Starmie|brn
|
|-heal|p1a: Starmie|267\/323 brn|[from] item: Leftovers
|-heal|p2a: Heatran|326\/326|[from] item: Leftovers
|-damage|p1a: Starmie|227\/323 brn|[from] brn
|turn|4
|
|switch|p2a: Suicune|Suicune|404\/404
|-ability|p2a: Suicune|Pressure
|move|p1a: Starmie|Recover|p1a: Starmie
|-heal|p1a: Starmie|323\/323 brn
|
|-damage|p1a: Starmie|283\/323 brn|[from] brn
|turn|5
|
|switch|p1a: Ferrothorn|Ferrothorn, M|252\/352
|move|p2a: Suicune|Scald|p1a: Ferrothorn
|-resisted|p1a: Ferrothorn
|-damage|p1a: Ferrothorn|216\/352
|-status|p1a: Ferrothorn|brn
|
|-heal|p1a: Ferrothorn|238\/352 brn|[from] item: Leftovers
|-damage|p1a: Ferrothorn|194\/352 brn|[from] brn
|turn|6
|
|switch|p2a: Sceptile|Sceptile, M|281\/281
|move|p1a: Ferrothorn|Leech Seed|p2a: Sceptile
|-immune|p2a: Sceptile|[msg]
|
|-heal|p1a: Ferrothorn|216\/352 brn|[from] item: Leftovers
|-damage|p1a: Ferrothorn|172\/352 brn|[from] brn
|turn|7
|
|switch|p1a: Clefable|Clefable, M|394\/394
|detailschange|p2a: Sceptile|Sceptile-Mega, M
|message|Sceptile has Mega Evolved into Mega Sceptile!
|move|p2a: Sceptile|Hidden Power|p1a: Clefable
|-damage|p1a: Clefable|325\/394
|
|-heal|p1a: Clefable|349\/394|[from] item: Leftovers
|turn|8
|
|switch|p2a: Heatran|Heatran, M|326\/326
|move|p1a: Clefable|Calm Mind|p1a: Clefable
|-boost|p1a: Clefable|spa|1
|-boost|p1a: Clefable|spd|1
|
|-heal|p1a: Clefable|373\/394|[from] item: Leftovers
|turn|9
|
|move|p2a: Heatran|Toxic|p1a: Clefable|[miss]
|-miss|p2a: Heatran|p1a: Clefable
|move|p1a: Clefable|Calm Mind|p1a: Clefable
|-boost|p1a: Clefable|spa|1
|-boost|p1a: Clefable|spd|1
|
|-heal|p1a: Clefable|394\/394|[from] item: Leftovers
|turn|10
|
|move|p2a: Heatran|Toxic|p1a: Clefable
|-status|p1a: Clefable|tox
|move|p1a: Clefable|Calm Mind|p1a: Clefable
|-boost|p1a: Clefable|spa|1
|-boost|p1a: Clefable|spd|1
|
|turn|11
|
|move|p2a: Heatran|Taunt|p1a: Clefable
|-start|p1a: Clefable|move: Taunt
|cant|p1a: Clefable|move: Taunt|Calm Mind
|
|turn|12
|
|switch|p2a: Suicune|Suicune|404\/404
|-ability|p2a: Suicune|Pressure
|move|p1a: Clefable|Moonblast|p2a: Suicune
|-damage|p2a: Suicune|182\/404
|-unboost|p2a: Suicune|spa|1
|
|-heal|p2a: Suicune|207\/404|[from] item: Leftovers
|turn|13
|
|move|p1a: Clefable|Moonblast|p2a: Suicune
|-damage|p2a: Suicune|0 fnt
|faint|p2a: Suicune
|
|-end|p1a: Clefable|move: Taunt
|
|switch|p2a: Greninja|Greninja, F|257\/285
|turn|14
|
|switch|p1a: Ferrothorn|Ferrothorn, M|172\/352 brn
|move|p2a: Greninja|Gunk Shot|p1a: Ferrothorn
|-immune|p1a: Ferrothorn|[msg]
|
|-heal|p1a: Ferrothorn|194\/352 brn|[from] item: Leftovers
|-damage|p1a: Ferrothorn|150\/352 brn|[from] brn
|turn|15
|
|switch|p2a: Sceptile|Sceptile-Mega, M|281\/281
|move|p1a: Ferrothorn|Spikes|p2a: Sceptile
|-sidestart|p2: noccliolinee|Spikes
|
|-heal|p1a: Ferrothorn|172\/352 brn|[from] item: Leftovers
|-damage|p1a: Ferrothorn|128\/352 brn|[from] brn
|turn|16
|
|switch|p1a: Clefable|Clefable, M|394\/394 tox
|move|p2a: Sceptile|Focus Blast|p1a: Clefable
|-resisted|p1a: Clefable
|-damage|p1a: Clefable|330\/394 tox
|
|-heal|p1a: Clefable|354\/394 tox|[from] item: Leftovers
|turn|17
|
|switch|p2a: Greninja|Greninja, F|257\/285
|-damage|p2a: Greninja|222\/285|[from] Spikes
|switch|p1a: Gliscor|Gliscor, F|354\/354
|
|-status|p1a: Gliscor|tox|[from] item: Toxic Orb
|turn|18
|
|switch|p1a: Clefable|Clefable, M|354\/394 tox
|move|p2a: Greninja|Dark Pulse|p1a: Clefable
|-resisted|p1a: Clefable
|-damage|p1a: Clefable|288\/394 tox
|-damage|p2a: Greninja|194\/285|[from] item: Life Orb
|
|-heal|p1a: Clefable|312\/394 tox|[from] item: Leftovers
|turn|19
|
|switch|p1a: Ferrothorn|Ferrothorn, M|128\/352 brn
|move|p2a: Greninja|Gunk Shot|p1a: Ferrothorn
|-immune|p1a: Ferrothorn|[msg]
|
|-heal|p1a: Ferrothorn|150\/352 brn|[from] item: Leftovers
|-damage|p1a: Ferrothorn|106\/352 brn|[from] brn
|turn|20
|
|move|p2a: Greninja|Dark Pulse|p1a: Ferrothorn
|-damage|p1a: Ferrothorn|0 fnt
|-damage|p2a: Greninja|166\/285|[from] item: Life Orb
|faint|p1a: Ferrothorn
|
|
|switch|p1a: Talonflame|Talonflame, F|359\/359
|turn|21
|
|switch|p2a: Heatran|Heatran, M|326\/326
|-damage|p2a: Heatran|286\/326|[from] Spikes
|move|p1a: Talonflame|Brave Bird|p2a: Heatran
|-resisted|p2a: Heatran
|-damage|p2a: Heatran|234\/326
|-damage|p1a: Talonflame|342\/359|[from] recoil|[of] p2a: Heatran
|
|-heal|p1a: Talonflame|359\/359|[from] item: Leftovers
|-heal|p2a: Heatran|254\/326|[from] item: Leftovers
|turn|22
|
|move|p1a: Talonflame|Taunt|p2a: Heatran
|-start|p2a: Heatran|move: Taunt
|cant|p2a: Heatran|move: Taunt|Toxic
|
|-heal|p2a: Heatran|274\/326|[from] item: Leftovers
|turn|23
|
|move|p1a: Talonflame|Brave Bird|p2a: Heatran
|-resisted|p2a: Heatran
|-damage|p2a: Heatran|222\/326
|-damage|p1a: Talonflame|342\/359|[from] recoil|[of] p2a: Heatran
|move|p2a: Heatran|Lava Plume|p1a: Talonflame
|-resisted|p1a: Talonflame
|-damage|p1a: Talonflame|282\/359
|
|-heal|p1a: Talonflame|304\/359|[from] item: Leftovers
|-heal|p2a: Heatran|242\/326|[from] item: Leftovers
|turn|24
|
|switch|p2a: Skarmory|Skarmory, M|334\/334
|move|p1a: Talonflame|Brave Bird|p2a: Skarmory
|-resisted|p2a: Skarmory
|-damage|p2a: Skarmory|298\/334
|-damage|p1a: Talonflame|292\/359|[from] recoil|[of] p2a: Skarmory
|
|-heal|p1a: Talonflame|314\/359|[from] item: Leftovers
|turn|25
|
|move|p1a: Talonflame|Taunt|p2a: Skarmory
|-start|p2a: Skarmory|move: Taunt
|cant|p2a: Skarmory|move: Taunt|Stealth Rock
|
|-heal|p1a: Talonflame|336\/359|[from] item: Leftovers
|turn|26
|
|switch|p2a: Heatran|Heatran, M|242\/326
|-damage|p2a: Heatran|202\/326|[from] Spikes
|move|p1a: Talonflame|Will-O-Wisp|p2a: Heatran
|-start|p2a: Heatran|ability: Flash Fire
|
|-heal|p1a: Talonflame|358\/359|[from] item: Leftovers
|-heal|p2a: Heatran|222\/326|[from] item: Leftovers
|turn|27
|
|move|p1a: Talonflame|Taunt|p2a: Heatran
|-start|p2a: Heatran|move: Taunt
|move|p2a: Heatran|Lava Plume|p1a: Talonflame
|-resisted|p1a: Talonflame
|-damage|p1a: Talonflame|259\/359
|
|-heal|p1a: Talonflame|281\/359|[from] item: Leftovers
|-heal|p2a: Heatran|242\/326|[from] item: Leftovers
|turn|28
|
|move|p1a: Talonflame|Brave Bird|p2a: Heatran
|-resisted|p2a: Heatran
|-damage|p2a: Heatran|191\/326
|-damage|p1a: Talonflame|264\/359|[from] recoil|[of] p2a: Heatran
|move|p2a: Heatran|Lava Plume|p1a: Talonflame
|-resisted|p1a: Talonflame
|-damage|p1a: Talonflame|163\/359
|
|-heal|p1a: Talonflame|185\/359|[from] item: Leftovers
|-heal|p2a: Heatran|211\/326|[from] item: Leftovers
|turn|29
|
|move|p1a: Talonflame|Brave Bird|p2a: Heatran
|-resisted|p2a: Heatran
|-damage|p2a: Heatran|157\/326
|-damage|p1a: Talonflame|167\/359|[from] recoil|[of] p2a: Heatran
|move|p2a: Heatran|Lava Plume|p1a: Talonflame
|-resisted|p1a: Talonflame
|-damage|p1a: Talonflame|62\/359
|
|-heal|p1a: Talonflame|84\/359|[from] item: Leftovers
|-heal|p2a: Heatran|177\/326|[from] item: Leftovers
|-end|p2a: Heatran|move: Taunt
|turn|30
|
|move|p1a: Talonflame|Taunt|p2a: Heatran
|-start|p2a: Heatran|move: Taunt
|move|p2a: Heatran|Lava Plume|p1a: Talonflame
|-resisted|p1a: Talonflame
|-damage|p1a: Talonflame|0 fnt
|faint|p1a: Talonflame
|
|-heal|p2a: Heatran|197\/326|[from] item: Leftovers
|
|switch|p1a: Gliscor|Gliscor, F|354\/354 tox
|turn|31
|
|switch|p2a: Skarmory|Skarmory, M|298\/334
|move|p1a: Gliscor|Stealth Rock|p2a: Skarmory
|-sidestart|p2: noccliolinee|move: Stealth Rock
|
|turn|32
|
|move|p1a: Gliscor|Taunt|p2a: Skarmory
|-start|p2a: Skarmory|move: Taunt
|cant|p2a: Skarmory|move: Taunt|Defog
|
|turn|33
|
|switch|p1a: Sableye|Sableye, M|304\/304
|move|p2a: Skarmory|Struggle|p1a: Sableye
|-damage|p1a: Sableye|274\/304
|-damage|p2a: Skarmory|215\/334
|
|turn|34
|
|switch|p2a: Sylveon|Sylveon, M|394\/394
|-damage|p2a: Sylveon|345\/394|[from] Spikes
|-damage|p2a: Sylveon|296\/394|[from] Stealth Rock
|detailschange|p1a: Sableye|Sableye-Mega, M
|message|Sableye has Mega Evolved into Mega Sableye!
|move|p1a: Sableye|Will-O-Wisp|p2a: Sylveon
|-status|p2a: Sylveon|brn
|
|-heal|p2a: Sylveon|320\/394 brn|[from] item: Leftovers
|-damage|p2a: Sylveon|271\/394 brn|[from] brn
|turn|35
|
|switch|p1a: Clefable|Clefable, M|312\/394 tox
|move|p2a: Sylveon|Heal Bell|p2a: Sylveon
|-cureteam|p2a: Sylveon|[from] move: HealBell
|
|-heal|p2a: Sylveon|295\/394|[from] item: Leftovers
|-heal|p1a: Clefable|336\/394 tox|[from] item: Leftovers
|turn|36
|
|switch|p2a: Skarmory|Skarmory, M|215\/334
|-damage|p2a: Skarmory|174\/334|[from] Stealth Rock
|move|p1a: Clefable|Moonblast|p2a: Skarmory
|-crit|p2a: Skarmory
|-resisted|p2a: Skarmory
|-damage|p2a: Skarmory|69\/334
|
|-heal|p1a: Clefable|360\/394 tox|[from] item: Leftovers
|turn|37
|
|move|p2a: Skarmory|Roost|p2a: Skarmory
|-heal|p2a: Skarmory|236\/334
|move|p1a: Clefable|Flamethrower|p2a: Skarmory
|-supereffective|p2a: Skarmory
|-damage|p2a: Skarmory|54\/334
|
|-heal|p1a: Clefable|384\/394 tox|[from] item: Leftovers
|turn|38
|
|move|p2a: Skarmory|Defog|p1a: Clefable
|-unboost|p1a: Clefable|evasion|1
|-sideend|p2: noccliolinee|Spikes|[from] move: Defog|[of] p2a: Skarmory
|-sideend|p2: noccliolinee|Stealth Rock|[from] move: Defog|[of] p2a: Skarmory
|move|p1a: Clefable|Calm Mind|p1a: Clefable
|-boost|p1a: Clefable|spa|1
|-boost|p1a: Clefable|spd|1
|
|-heal|p1a: Clefable|394\/394 tox|[from] item: Leftovers
|turn|39
|
|move|p1a: Clefable|Flamethrower|p2a: Skarmory
|-supereffective|p2a: Skarmory
|-damage|p2a: Skarmory|0 fnt
|faint|p2a: Skarmory
|
|
|switch|p2a: Greninja|Greninja, F|166\/285
|turn|40
|
|switch|p1a: Sableye|Sableye-Mega, M|274\/304
|move|p2a: Greninja|Gunk Shot|p1a: Sableye
|-resisted|p1a: Sableye
|-damage|p1a: Sableye|238\/304
|-damage|p2a: Greninja|138\/285|[from] item: Life Orb
|
|turn|41
|
|switch|p2a: Heatran|Heatran, M|197\/326
|move|p1a: Sableye|Recover|p1a: Sableye
|-heal|p1a: Sableye|304\/304
|
|-heal|p2a: Heatran|217\/326|[from] item: Leftovers
|turn|42
|
|switch|p2a: Greninja|Greninja, F|138\/285
|switch|p1a: Gliscor|Gliscor, F|354\/354 tox
|
|turn|43
|
|switch|p1a: Sableye|Sableye-Mega, M|304\/304
|move|p2a: Greninja|Hydro Pump|p1a: Sableye
|-damage|p1a: Sableye|121\/304
|-damage|p2a: Greninja|110\/285|[from] item: Life Orb
|
|turn|44
|
|switch|p1a: Starmie|Starmie|283\/323
|move|p2a: Greninja|Hydro Pump|p1a: Starmie
|-resisted|p1a: Starmie
|-damage|p1a: Starmie|162\/323
|-damage|p2a: Greninja|82\/285|[from] item: Life Orb
|
|-heal|p1a: Starmie|182\/323|[from] item: Leftovers
|turn|45
|
|switch|p1a: Sableye|Sableye-Mega, M|121\/304
|move|p2a: Greninja|Dark Pulse|p1a: Sableye
|-damage|p1a: Sableye|0 fnt
|-damage|p2a: Greninja|54\/285|[from] item: Life Orb
|faint|p1a: Sableye
|
|
|switch|p1a: Gliscor|Gliscor, F|354\/354 tox
|turn|46
|
|move|p2a: Greninja|Dark Pulse|p1a: Gliscor
|-damage|p1a: Gliscor|158\/354 tox
|-damage|p2a: Greninja|26\/285|[from] item: Life Orb
|cant|p1a: Gliscor|flinch
|
|-heal|p1a: Gliscor|202\/354 tox|[from] ability: Poison Heal
|turn|47
|c|âAcidneeds|omg
|
|switch|p2a: Sylveon|Sylveon, M|295\/394
|switch|p1a: Clefable|Clefable, M|394\/394 tox
|
|-heal|p2a: Sylveon|319\/394|[from] item: Leftovers
|turn|48
|
|switch|p1a: Gliscor|Gliscor, F|202\/354 tox
|switch|p2a: Heatran|Heatran, M|217\/326
|
|-heal|p2a: Heatran|237\/326|[from] item: Leftovers
|-heal|p1a: Gliscor|246\/354 tox|[from] ability: Poison Heal
|turn|49
|
|switch|p2a: Sceptile|Sceptile-Mega, M|281\/281
|move|p1a: Gliscor|Stealth Rock|p2a: Sceptile
|-sidestart|p2: noccliolinee|move: Stealth Rock
|
|-heal|p1a: Gliscor|290\/354 tox|[from] ability: Poison Heal
|turn|50
|
|switch|p1a: Clefable|Clefable, M|394\/394 tox
|move|p2a: Sceptile|Leaf Storm|p1a: Clefable
|-damage|p1a: Clefable|154\/394 tox
|-unboost|p2a: Sceptile|spa|2
|
|-heal|p1a: Clefable|178\/394 tox|[from] item: Leftovers
|turn|51
|
|switch|p2a: Greninja|Greninja, F|26\/285
|-damage|p2a: Greninja|0 fnt|[from] Stealth Rock
|faint|p2a: Greninja
|move|p1a: Clefable|Soft-Boiled|p1a: Clefable
|-heal|p1a: Clefable|375\/394 tox
|
|-heal|p1a: Clefable|394\/394 tox|[from] item: Leftovers
|
|switch|p2a: Heatran|Heatran, M|237\/326
|-damage|p2a: Heatran|197\/326|[from] Stealth Rock
|turn|52
|
|switch|p1a: Gliscor|Gliscor, F|290\/354 tox
|move|p2a: Heatran|Taunt|p1a: Gliscor
|-start|p1a: Gliscor|move: Taunt
|
|-heal|p2a: Heatran|217\/326|[from] item: Leftovers
|-heal|p1a: Gliscor|334\/354 tox|[from] ability: Poison Heal
|turn|53
|
|switch|p2a: Sylveon|Sylveon, M|319\/394
|-damage|p2a: Sylveon|270\/394|[from] Stealth Rock
|move|p1a: Gliscor|Earthquake|p2a: Sylveon
|-damage|p2a: Sylveon|171\/394
|
|-heal|p2a: Sylveon|195\/394|[from] item: Leftovers
|-heal|p1a: Gliscor|354\/354 tox|[from] ability: Poison Heal
|turn|54
|
|switch|p1a: Clefable|Clefable, M|394\/394 tox
|move|p2a: Sylveon|Hyper Voice|p1a: Clefable
|-damage|p1a: Clefable|258\/394 tox
|
|-heal|p2a: Sylveon|219\/394|[from] item: Leftovers
|-heal|p1a: Clefable|282\/394 tox|[from] item: Leftovers
|turn|55
|
|move|p1a: Clefable|Calm Mind|p1a: Clefable
|-boost|p1a: Clefable|spa|1
|-boost|p1a: Clefable|spd|1
|move|p2a: Sylveon|Hyper Voice|p1a: Clefable
|-damage|p1a: Clefable|195\/394 tox
|
|-heal|p1a: Clefable|219\/394 tox|[from] item: Leftovers
|-heal|p2a: Sylveon|243\/394|[from] item: Leftovers
|turn|56
|
|switch|p2a: Heatran|Heatran, M|217\/326
|-damage|p2a: Heatran|177\/326|[from] Stealth Rock
|move|p1a: Clefable|Calm Mind|p1a: Clefable
|-boost|p1a: Clefable|spa|1
|-boost|p1a: Clefable|spd|1
|
|-heal|p2a: Heatran|197\/326|[from] item: Leftovers
|-heal|p1a: Clefable|243\/394 tox|[from] item: Leftovers
|turn|57
|
|move|p2a: Heatran|Taunt|p1a: Clefable
|-start|p1a: Clefable|move: Taunt
|move|p1a: Clefable|Moonblast|p2a: Heatran
|-resisted|p2a: Heatran
|-damage|p2a: Heatran|143\/326
|-unboost|p2a: Heatran|spa|1
|
|-heal|p2a: Heatran|163\/326|[from] item: Leftovers
|-heal|p1a: Clefable|267\/394 tox|[from] item: Leftovers
|turn|58
|
|move|p2a: Heatran|Earth Power|p1a: Clefable
|-damage|p1a: Clefable|234\/394 tox
|move|p1a: Clefable|Moonblast|p2a: Heatran
|-crit|p2a: Heatran
|-resisted|p2a: Heatran
|-damage|p2a: Heatran|81\/326
|-unboost|p2a: Heatran|spa|1
|
|-heal|p2a: Heatran|101\/326|[from] item: Leftovers
|-heal|p1a: Clefable|258\/394 tox|[from] item: Leftovers
|turn|59
|
|move|p2a: Heatran|Earth Power|p1a: Clefable
|-damage|p1a: Clefable|234\/394 tox
|move|p1a: Clefable|Moonblast|p2a: Heatran
|-resisted|p2a: Heatran
|-damage|p2a: Heatran|54\/326
|-unboost|p2a: Heatran|spa|1
|
|-heal|p2a: Heatran|74\/326|[from] item: Leftovers
|-heal|p1a: Clefable|258\/394 tox|[from] item: Leftovers
|-end|p1a: Clefable|move: Taunt
|turn|60
|
|move|p2a: Heatran|Taunt|p1a: Clefable
|-start|p1a: Clefable|move: Taunt
|move|p1a: Clefable|Moonblast|p2a: Heatran
|-resisted|p2a: Heatran
|-damage|p2a: Heatran|28\/326
|
|-heal|p2a: Heatran|48\/326|[from] item: Leftovers
|-heal|p1a: Clefable|282\/394 tox|[from] item: Leftovers
|turn|61
|
|move|p2a: Heatran|Earth Power|p1a: Clefable
|-damage|p1a: Clefable|262\/394 tox
|move|p1a: Clefable|Moonblast|p2a: Heatran
|-resisted|p2a: Heatran
|-damage|p2a: Heatran|0 fnt
|faint|p2a: Heatran
|
|-heal|p1a: Clefable|286\/394 tox|[from] item: Leftovers
|
|switch|p2a: Sceptile|Sceptile-Mega, M|281\/281
|-damage|p2a: Sceptile|246\/281|[from] Stealth Rock
|turn|62
|
|move|p2a: Sceptile|Leaf Storm|p1a: Clefable
|-damage|p1a: Clefable|165\/394 tox
|-unboost|p2a: Sceptile|spa|2
|move|p1a: Clefable|Moonblast|p2a: Sceptile
|-supereffective|p2a: Sceptile
|-damage|p2a: Sceptile|0 fnt
|faint|p2a: Sceptile
|
|-heal|p1a: Clefable|189\/394 tox|[from] item: Leftovers
|-end|p1a: Clefable|move: Taunt
|-message|noccliolinee forfeited.
|
|win|Acidneeds
|raw|Ladder updating...
|leave|noccliolinee
|player|p2
|raw|Acidneeds's rating: 1471 &rarr; <strong>1494<\/strong><br \/>(+23 for winning)
|raw|noccliolinee's rating: 1524 &rarr; <strong>1501<\/strong><br \/>(-23 for losing)