|join|noccliolinee
|join|testitesttesti
|player|p1|noccliolinee|203
|player|p2|testitesttesti|101
|gametype|singles
|gen|6
|tier|OU
|rated
|clearpoke
|poke|p1|Latios, M
|poke|p1|Gyarados, M
|poke|p1|Ferrothorn, M
|poke|p1|Sylveon, F
|poke|p1|Bisharp, F
|poke|p1|Rotom-Wash
|poke|p2|Sceptile, M
|poke|p2|Bisharp, F
|poke|p2|Rotom-Wash
|poke|p2|Talonflame, F
|poke|p2|Tentacruel, M
|poke|p2|Mamoswine, M
|rule|Swagger Clause: Swagger is banned
|rule|Baton Pass Clause: Limit one PokÃ©mon knowing Baton Pass
|rule|Sleep Clause Mod: Limit one foe put to sleep
|rule|Species Clause: Limit one of each PokÃ©mon
|rule|OHKO Clause: OHKO moves are banned
|rule|Moody Clause: Moody is banned
|rule|Evasion Moves Clause: Evasion moves are banned
|rule|Endless Battle Clause: Forcing endless battles is banned
|rule|HP Percentage Mod: HP is shown in percentages
|teampreview
|
|start
|switch|p1a: Gyarados|Gyarados, M|394\/394
|switch|p2a: Rotom-Wash|Rotom-Wash|303\/303
|-ability|p1a: Gyarados|Intimidate|[of] p2a: Rotom-Wash
|-unboost|p2a: Rotom-Wash|atk|1
|turn|1
|
|detailschange|p1a: Gyarados|Gyarados-Mega, M
|message|Gyarados has Mega Evolved into Mega Gyarados!
|-ability|p1a: Gyarados|Mold Breaker
|move|p2a: Rotom-Wash|Volt Switch|p1a: Gyarados
|-supereffective|p1a: Gyarados
|-damage|p1a: Gyarados|254\/394
|
|switch|p2a: Bisharp|Bisharp, F|277\/277
|move|p1a: Gyarados|Earthquake|p2a: Bisharp
|-crit|p2a: Bisharp
|-supereffective|p2a: Bisharp
|-damage|p2a: Bisharp|0 fnt
|faint|p2a: Bisharp
|
|
|switch|p2a: Sceptile|Sceptile, M|281\/281
|turn|2
|
|switch|p1a: Sylveon|Sylveon, F|394\/394
|detailschange|p2a: Sceptile|Sceptile-Mega, M
|message|Sceptile has Mega Evolved into Mega Sceptile!
|move|p2a: Sceptile|Leaf Storm|p1a: Sylveon
|-damage|p1a: Sylveon|204\/394
|-unboost|p2a: Sceptile|spa|2
|
|-heal|p1a: Sylveon|228\/394|[from] item: Leftovers
|turn|3
|
|switch|p2a: Tentacruel|Tentacruel, M|364\/364
|switch|p1a: Gyarados|Gyarados-Mega, M|254\/394
|-ability|p1a: Gyarados|Mold Breaker
|
|turn|4
|
|switch|p2a: Sceptile|Sceptile-Mega, M|281\/281
|move|p1a: Gyarados|Waterfall|p2a: Sceptile
|-resisted|p2a: Sceptile
|-damage|p2a: Sceptile|224\/281
|
|turn|5
|
|switch|p1a: Ferrothorn|Ferrothorn, M|352\/352
|move|p2a: Sceptile|Hidden Power|p1a: Ferrothorn
|-supereffective|p1a: Ferrothorn
|-damage|p1a: Ferrothorn|152\/352
|
|turn|6
|
|move|p2a: Sceptile|Hidden Power|p1a: Ferrothorn
|-crit|p1a: Ferrothorn
|-supereffective|p1a: Ferrothorn
|-damage|p1a: Ferrothorn|0 fnt
|faint|p1a: Ferrothorn
|
|
|switch|p1a: Latios|Latios, M|301\/301
|turn|7
|
|move|p1a: Latios|Draco Meteor|p2a: Sceptile
|-supereffective|p2a: Sceptile
|-damage|p2a: Sceptile|0 fnt
|-unboost|p1a: Latios|spa|2
|faint|p2a: Sceptile
|
|
|switch|p2a: Rotom-Wash|Rotom-Wash|303\/303
|turn|8
|
|switch|p1a: Rotom-Wash|Rotom-Wash|303\/303
|move|p2a: Rotom-Wash|Volt Switch|p1a: Rotom-Wash
|-damage|p1a: Rotom-Wash|225\/303
|
|switch|p2a: Tentacruel|Tentacruel, M|364\/364
|
|-heal|p1a: Rotom-Wash|243\/303|[from] item: Leftovers
|turn|9
|
|switch|p2a: Rotom-Wash|Rotom-Wash|303\/303
|switch|p1a: Latios|Latios, M|301\/301
|
|turn|10
|
|move|p1a: Latios|Draco Meteor|p2a: Rotom-Wash
|-damage|p2a: Rotom-Wash|72\/303
|-unboost|p1a: Latios|spa|2
|move|p2a: Rotom-Wash|Pain Split|p1a: Latios
|-sethp|p1a: Latios|186\/301|p2a: Rotom-Wash|186\/303|[from] move: Pain Split
|
|-heal|p2a: Rotom-Wash|204\/303|[from] item: Leftovers
|turn|11
|
|switch|p1a: Rotom-Wash|Rotom-Wash|243\/303
|move|p2a: Rotom-Wash|Will-O-Wisp|p1a: Rotom-Wash
|-status|p1a: Rotom-Wash|brn
|
|-heal|p1a: Rotom-Wash|261\/303 brn|[from] item: Leftovers
|-heal|p2a: Rotom-Wash|222\/303|[from] item: Leftovers
|-damage|p1a: Rotom-Wash|224\/303 brn|[from] brn
|turn|12
|
|move|p1a: Rotom-Wash|Will-O-Wisp|p2a: Rotom-Wash
|-status|p2a: Rotom-Wash|brn
|move|p2a: Rotom-Wash|Volt Switch|p1a: Rotom-Wash
|-damage|p1a: Rotom-Wash|142\/303 brn
|
|switch|p2a: Talonflame|Talonflame, F|297\/297
|
|-heal|p1a: Rotom-Wash|160\/303 brn|[from] item: Leftovers
|-damage|p1a: Rotom-Wash|123\/303 brn|[from] brn
|turn|13
|
|move|p2a: Talonflame|U-turn|p1a: Rotom-Wash
|-damage|p1a: Rotom-Wash|56\/303 brn
|
|switch|p2a: Rotom-Wash|Rotom-Wash|222\/303 brn
|move|p1a: Rotom-Wash|Pain Split|p2a: Rotom-Wash
|-sethp|p2a: Rotom-Wash|139\/303 brn|p1a: Rotom-Wash|139\/303 brn|[from] move: Pain Split
|
|-heal|p1a: Rotom-Wash|157\/303 brn|[from] item: Leftovers
|-heal|p2a: Rotom-Wash|157\/303 brn|[from] item: Leftovers
|-damage|p1a: Rotom-Wash|120\/303 brn|[from] brn
|-damage|p2a: Rotom-Wash|120\/303 brn|[from] brn
|turn|14
|
|move|p1a: Rotom-Wash|Pain Split|p2a: Rotom-Wash
|-sethp|p2a: Rotom-Wash|120\/303 brn|p1a: Rotom-Wash|120\/303 brn|[from] move: Pain Split
|move|p2a: Rotom-Wash|Volt Switch|p1a: Rotom-Wash
|-damage|p1a: Rotom-Wash|30\/303 brn
|
|switch|p2a: Mamoswine|Mamoswine, M|361\/361
|
|-heal|p1a: Rotom-Wash|48\/303 brn|[from] item: Leftovers
|-damage|p1a: Rotom-Wash|11\/303 brn|[from] brn
|turn|15
|
|move|p2a: Mamoswine|Ice Shard|p1a: Rotom-Wash
|-resisted|p1a: Rotom-Wash
|-damage|p1a: Rotom-Wash|0 fnt
|faint|p1a: Rotom-Wash
|
|raw|<div class="broadcast-blue"><b>New seasonal, Sleigh Showdown, is out now!<\/b><\/div>
|
|switch|p1a: Gyarados|Gyarados-Mega, M|254\/394
|-ability|p1a: Gyarados|Mold Breaker
|turn|16
|
|move|p2a: Mamoswine|Earthquake|p1a: Gyarados
|-damage|p1a: Gyarados|85\/394
|move|p1a: Gyarados|Waterfall|p2a: Mamoswine
|-supereffective|p2a: Mamoswine
|-enditem|p2a: Mamoswine|Focus Sash
|-damage|p2a: Mamoswine|1\/361
|
|turn|17
|
|switch|p1a: Latios|Latios, M|186\/301
|move|p2a: Mamoswine|Earthquake|p1a: Latios
|-immune|p1a: Latios|[msg]
|
|turn|18
|
|switch|p1a: Bisharp|Bisharp, F|272\/272
|move|p2a: Mamoswine|Earthquake|p1a: Bisharp
|-supereffective|p1a: Bisharp
|-damage|p1a: Bisharp|0 fnt
|faint|p1a: Bisharp
|
|
|switch|p1a: Sylveon|Sylveon, F|228\/394
|turn|19
|
|move|p2a: Mamoswine|Earthquake|p1a: Sylveon
|-damage|p1a: Sylveon|39\/394
|move|p1a: Sylveon|Wish|p1a: Sylveon
|
|-heal|p1a: Sylveon|63\/394|[from] item: Leftovers
|turn|20
|
|move|p1a: Sylveon|Protect|p1a: Sylveon
|-singleturn|p1a: Sylveon|Protect
|move|p2a: Mamoswine|Stealth Rock|p1a: Sylveon
|-sidestart|p1: noccliolinee|move: Stealth Rock
|
|-heal|p1a: Sylveon|260\/394|[from] move: Wish|[wisher] Sylveon
|-heal|p1a: Sylveon|284\/394|[from] item: Leftovers
|turn|21
|
|move|p2a: Mamoswine|Icicle Crash|p1a: Sylveon
|-damage|p1a: Sylveon|140\/394
|move|p1a: Sylveon|Wish|p1a: Sylveon
|
|-heal|p1a: Sylveon|164\/394|[from] item: Leftovers
|turn|22
|
|switch|p2a: Tentacruel|Tentacruel, M|364\/364
|move|p1a: Sylveon|Protect|p1a: Sylveon
|-fail|p1a: Sylveon
|
|-heal|p1a: Sylveon|361\/394|[from] move: Wish|[wisher] Sylveon
|-heal|p1a: Sylveon|385\/394|[from] item: Leftovers
|turn|23
|
|switch|p1a: Latios|Latios, M|186\/301
|-damage|p1a: Latios|149\/301|[from] Stealth Rock
|move|p2a: Tentacruel|Scald|p1a: Latios
|-resisted|p1a: Latios
|-damage|p1a: Latios|111\/301
|
|turn|24
|
|switch|p2a: Rotom-Wash|Rotom-Wash|120\/303 brn
|move|p1a: Latios|Psyshock|p2a: Rotom-Wash
|-damage|p2a: Rotom-Wash|27\/303 brn
|
|-heal|p2a: Rotom-Wash|45\/303 brn|[from] item: Leftovers
|-damage|p2a: Rotom-Wash|8\/303 brn|[from] brn
|turn|25
|
|move|p1a: Latios|Psyshock|p2a: Rotom-Wash
|-damage|p2a: Rotom-Wash|0 fnt
|faint|p2a: Rotom-Wash
|
|
|switch|p2a: Talonflame|Talonflame, F|297\/297
|turn|26
|
|switch|p1a: Sylveon|Sylveon, F|385\/394
|-damage|p1a: Sylveon|336\/394|[from] Stealth Rock
|move|p2a: Talonflame|Brave Bird|p1a: Sylveon
|-damage|p1a: Sylveon|113\/394
|-damage|p2a: Talonflame|223\/297|[from] recoil|[of] p1a: Sylveon
|
|-heal|p1a: Sylveon|137\/394|[from] item: Leftovers
|turn|27
|
|move|p2a: Talonflame|Brave Bird|p1a: Sylveon
|-damage|p1a: Sylveon|0 fnt
|-damage|p2a: Talonflame|178\/297|[from] recoil|[of] p1a: Sylveon
|faint|p1a: Sylveon
|
|
|switch|p1a: Gyarados|Gyarados-Mega, M|85\/394
|-damage|p1a: Gyarados|36\/394|[from] Stealth Rock
|-ability|p1a: Gyarados|Mold Breaker
|turn|28
|
|move|p2a: Talonflame|Brave Bird|p1a: Gyarados
|-damage|p1a: Gyarados|0 fnt
|-damage|p2a: Talonflame|166\/297|[from] recoil|[of] p1a: Gyarados
|faint|p1a: Gyarados
|
|-message|noccliolinee forfeited.
|
|win|testitesttesti
|raw|Ladder updating...
|leave|noccliolinee
|player|p1
|raw|noccliolinee's rating: 1479 &rarr; <strong>1462<\/strong><br \/>(-17 for losing)
|raw|testitesttesti's rating: 1527 &rarr; <strong>1544<\/strong><br \/>(+17 for winning)