|join|noccliolinee
|join|helkijin
|player|p1|noccliolinee|203
|player|p2|helkijin|170
|gametype|singles
|gen|6
|tier|OU
|rated
|clearpoke
|poke|p1|Suicune
|poke|p1|Clefable, M
|poke|p1|Skarmory, F
|poke|p1|Sceptile, F
|poke|p1|Talonflame, F
|poke|p1|Tyranitar, M
|poke|p2|Politoed, M
|poke|p2|Swampert, F
|poke|p2|Tornadus-Therian, M
|poke|p2|Starmie
|poke|p2|Chesnaught, F
|poke|p2|Empoleon, F
|rule|Swagger Clause: Swagger is banned
|rule|Baton Pass Clause: Limit one PokÃ©mon knowing Baton Pass
|rule|Sleep Clause Mod: Limit one foe put to sleep
|rule|Species Clause: Limit one of each PokÃ©mon
|rule|OHKO Clause: OHKO moves are banned
|rule|Moody Clause: Moody is banned
|rule|Evasion Moves Clause: Evasion moves are banned
|rule|Endless Battle Clause: Forcing endless battles is banned
|rule|HP Percentage Mod: HP is shown in percentages
|teampreview
|
|start
|switch|p1a: Sceptile|Sceptile, F|281\/281
|switch|p2a: Empoleon|Empoleon, F|371\/371
|turn|1
|
|detailschange|p1a: Sceptile|Sceptile-Mega, F
|message|Sceptile has Mega Evolved into Mega Sceptile!
|move|p1a: Sceptile|Leaf Storm|p2a: Empoleon
|-damage|p2a: Empoleon|113\/371
|-unboost|p1a: Sceptile|spa|2
|move|p2a: Empoleon|Stealth Rock|p1a: Sceptile
|-sidestart|p1: noccliolinee|move: Stealth Rock
|
|turn|2
|
|switch|p2a: Chesnaught|Chesnaught, F|379\/379
|move|p1a: Sceptile|Earthquake|p2a: Chesnaught
|-resisted|p2a: Chesnaught
|-damage|p2a: Chesnaught|352\/379
|
|-heal|p2a: Chesnaught|375\/379|[from] item: Leftovers
|turn|3
|
|switch|p1a: Talonflame|Talonflame, F|359\/359
|-damage|p1a: Talonflame|180\/359|[from] Stealth Rock
|switch|p2a: Empoleon|Empoleon, F|113\/371
|
|-heal|p1a: Talonflame|202\/359|[from] item: Leftovers
|turn|4
|
|move|p1a: Talonflame|Roost|p1a: Talonflame
|-heal|p1a: Talonflame|359\/359
|move|p2a: Empoleon|Scald|p1a: Talonflame
|-supereffective|p1a: Talonflame
|-damage|p1a: Talonflame|77\/359
|
|-heal|p1a: Talonflame|99\/359|[from] item: Leftovers
|turn|5
|
|switch|p1a: Suicune|Suicune|404\/404
|-damage|p1a: Suicune|354\/404|[from] Stealth Rock
|-ability|p1a: Suicune|Pressure
|move|p2a: Empoleon|Scald|p1a: Suicune
|-resisted|p1a: Suicune
|-damage|p1a: Suicune|288\/404
|
|-heal|p1a: Suicune|313\/404|[from] item: Leftovers
|turn|6
|
|move|p1a: Suicune|Scald|p2a: Empoleon
|-resisted|p2a: Empoleon
|-damage|p2a: Empoleon|73\/371
|move|p2a: Empoleon|Roar|p1a: Suicune
|drag|p1a: Talonflame|Talonflame, F|99\/359
|-damage|p1a: Talonflame|0 fnt|[from] Stealth Rock
|faint|p1a: Talonflame
|
|
|switch|p1a: Sceptile|Sceptile-Mega, F|281\/281
|-damage|p1a: Sceptile|246\/281|[from] Stealth Rock
|turn|7
|
|switch|p2a: Tornadus-Therian|Tornadus-Therian, M|301\/301
|move|p1a: Sceptile|Hidden Power|p2a: Tornadus-Therian
|-damage|p2a: Tornadus-Therian|201\/301
|
|turn|8
|
|switch|p1a: Tyranitar|Tyranitar, M|341\/341
|-damage|p1a: Tyranitar|299\/341|[from] Stealth Rock
|-weather|Sandstorm
|move|p2a: Tornadus-Therian|Hurricane|p1a: Tyranitar|[miss]
|-miss|p2a: Tornadus-Therian|p1a: Tyranitar
|
|-weather|Sandstorm|[upkeep]
|-damage|p2a: Tornadus-Therian|183\/301|[from] sandstorm
|turn|9
|
|move|p2a: Tornadus-Therian|Focus Blast|p1a: Tyranitar
|-supereffective|p1a: Tyranitar
|-damage|p1a: Tyranitar|0 fnt
|-damage|p2a: Tornadus-Therian|153\/301|[from] item: Life Orb
|faint|p1a: Tyranitar
|
|-weather|Sandstorm|[upkeep]
|-damage|p2a: Tornadus-Therian|135\/301|[from] sandstorm
|
|switch|p1a: Clefable|Clefable, M|394\/394
|-damage|p1a: Clefable|345\/394|[from] Stealth Rock
|turn|10
|
|switch|p2a: Empoleon|Empoleon, F|73\/371
|move|p1a: Clefable|Thunder Wave|p2a: Empoleon
|-status|p2a: Empoleon|par
|
|-weather|Sandstorm|[upkeep]
|-damage|p1a: Clefable|321\/394|[from] sandstorm
|-heal|p1a: Clefable|345\/394|[from] item: Leftovers
|turn|11
|
|move|p1a: Clefable|Moonblast|p2a: Empoleon
|-resisted|p2a: Empoleon
|-damage|p2a: Empoleon|20\/371 par
|cant|p2a: Empoleon|par
|
|-weather|Sandstorm|[upkeep]
|-damage|p1a: Clefable|321\/394|[from] sandstorm
|-heal|p1a: Clefable|345\/394|[from] item: Leftovers
|turn|12
|
|move|p1a: Clefable|Moonblast|p2a: Empoleon
|-resisted|p2a: Empoleon
|-damage|p2a: Empoleon|0 fnt
|faint|p2a: Empoleon
|
|-weather|none
|-heal|p1a: Clefable|369\/394|[from] item: Leftovers
|
|switch|p2a: Politoed|Politoed, M|383\/383
|-weather|RainDance
|turn|13
|
|switch|p2a: Swampert|Swampert, F|341\/341
|move|p1a: Clefable|Thunder Wave|p2a: Swampert
|-immune|p2a: Swampert|[msg]
|
|-weather|RainDance|[upkeep]
|-heal|p1a: Clefable|393\/394|[from] item: Leftovers
|turn|14
|
|switch|p1a: Skarmory|Skarmory, F|334\/334
|-damage|p1a: Skarmory|293\/334|[from] Stealth Rock
|detailschange|p2a: Swampert|Swampert-Mega, F
|message|Swampert has Mega Evolved into Mega Swampert!
|move|p2a: Swampert|Waterfall|p1a: Skarmory
|-damage|p1a: Skarmory|169\/334
|
|-weather|RainDance|[upkeep]
|turn|15
|
|-singleturn|p2a: Swampert|move: Focus Punch
|move|p1a: Skarmory|Roost|p1a: Skarmory
|-heal|p1a: Skarmory|334\/334
|move|p2a: Swampert|Focus Punch|p1a: Skarmory
|-supereffective|p1a: Skarmory
|-damage|p1a: Skarmory|126\/334
|
|-weather|RainDance|[upkeep]
|turn|16
|
|-singleturn|p2a: Swampert|move: Focus Punch
|switch|p1a: Suicune|Suicune|313\/404
|-damage|p1a: Suicune|263\/404|[from] Stealth Rock
|-ability|p1a: Suicune|Pressure
|move|p2a: Swampert|Focus Punch|p1a: Suicune
|-damage|p1a: Suicune|144\/404
|
|-weather|RainDance|[upkeep]
|-heal|p1a: Suicune|169\/404|[from] item: Leftovers
|turn|17
|
|switch|p2a: Starmie|Starmie|261\/261
|move|p1a: Suicune|Rest|p1a: Suicune
|-status|p1a: Suicune|slp
|-heal|p1a: Suicune|404\/404 slp|[silent]
|-status|p1a: Suicune|slp|[from] move: Rest
|
|-weather|RainDance|[upkeep]
|turn|18
|
|move|p2a: Starmie|Thunder|p1a: Suicune
|-supereffective|p1a: Suicune
|-damage|p1a: Suicune|147\/404 slp
|-damage|p2a: Starmie|235\/261|[from] item: Life Orb
|cant|p1a: Suicune|slp
|move|p1a: Suicune|Sleep Talk|p1a: Suicune
|move|p1a: Suicune|Rest|p1a: Suicune|[from]Sleep Talk
|-fail|p1a: Suicune
|
|-weather|RainDance|[upkeep]
|-heal|p1a: Suicune|172\/404 slp|[from] item: Leftovers
|turn|19
|
|switch|p1a: Sceptile|Sceptile-Mega, F|246\/281
|-damage|p1a: Sceptile|211\/281|[from] Stealth Rock
|move|p2a: Starmie|Hydro Pump|p1a: Sceptile
|-crit|p1a: Sceptile
|-resisted|p1a: Sceptile
|-damage|p1a: Sceptile|24\/281
|-damage|p2a: Starmie|209\/261|[from] item: Life Orb
|
|-weather|RainDance|[upkeep]
|turn|20
|
|switch|p2a: Chesnaught|Chesnaught, F|375\/379
|move|p1a: Sceptile|Dragon Pulse|p2a: Chesnaught
|-damage|p2a: Chesnaught|158\/379
|
|-weather|none
|-heal|p2a: Chesnaught|181\/379|[from] item: Leftovers
|turn|21
|
|move|p2a: Chesnaught|Spiky Shield|p2a: Chesnaught
|-singleturn|p2a: Chesnaught|move: Protect
|move|p1a: Sceptile|Dragon Pulse|p2a: Chesnaught
|-activate|p2a: Chesnaught|move: Protect
|
|-heal|p2a: Chesnaught|204\/379|[from] item: Leftovers
|turn|22
|
|move|p1a: Sceptile|Dragon Pulse|p2a: Chesnaught
|-damage|p2a: Chesnaught|0 fnt
|faint|p2a: Chesnaught
|
|
|switch|p2a: Tornadus-Therian|Tornadus-Therian, M|235\/301
|turn|23
|
|move|p1a: Sceptile|Dragon Pulse|p2a: Tornadus-Therian
|-damage|p2a: Tornadus-Therian|24\/301
|move|p2a: Tornadus-Therian|Knock Off|p1a: Sceptile
|-damage|p1a: Sceptile|0 fnt
|-damage|p2a: Tornadus-Therian|0 fnt|[from] item: Life Orb
|faint|p1a: Sceptile
|faint|p2a: Tornadus-Therian
|
|
|switch|p1a: Suicune|Suicune|172\/404 slp
|switch|p2a: Politoed|Politoed, M|383\/383
|-damage|p1a: Suicune|122\/404 slp|[from] Stealth Rock
|-ability|p1a: Suicune|Pressure
|-weather|RainDance
|turn|24
|
|cant|p1a: Suicune|slp
|move|p1a: Suicune|Sleep Talk|p1a: Suicune
|move|p1a: Suicune|Scald|p2a: Politoed|[from]Sleep Talk
|-resisted|p2a: Politoed
|-damage|p2a: Politoed|338\/383
|move|p2a: Politoed|Encore|p1a: Suicune
|-start|p1a: Suicune|Encore
|
|-weather|RainDance|[upkeep]
|-heal|p1a: Suicune|147\/404 slp|[from] item: Leftovers
|turn|25
|
|switch|p1a: Clefable|Clefable, M|393\/394
|-damage|p1a: Clefable|344\/394|[from] Stealth Rock
|switch|p2a: Starmie|Starmie|209\/261
|
|-weather|RainDance|[upkeep]
|-heal|p1a: Clefable|368\/394|[from] item: Leftovers
|turn|26
|
|move|p2a: Starmie|Hydro Pump|p1a: Clefable|[miss]
|-miss|p2a: Starmie|p1a: Clefable
|move|p1a: Clefable|Moonblast|p2a: Starmie
|-damage|p2a: Starmie|77\/261
|
|-weather|RainDance|[upkeep]
|-heal|p1a: Clefable|392\/394|[from] item: Leftovers
|turn|27
|
|move|p2a: Starmie|Hydro Pump|p1a: Clefable|[miss]
|-miss|p2a: Starmie|p1a: Clefable
|move|p1a: Clefable|Thunder Wave|p2a: Starmie
|-status|p2a: Starmie|par
|
|-weather|RainDance|[upkeep]
|-heal|p1a: Clefable|394\/394|[from] item: Leftovers
|turn|28
|
|switch|p2a: Swampert|Swampert-Mega, F|341\/341
|move|p1a: Clefable|Wish|p1a: Clefable
|
|-weather|RainDance|[upkeep]
|turn|29
|
|move|p2a: Swampert|Earthquake|p1a: Clefable
|-damage|p1a: Clefable|205\/394
|move|p1a: Clefable|Moonblast|p2a: Swampert
|-damage|p2a: Swampert|238\/341
|
|-weather|RainDance|[upkeep]
|-heal|p1a: Clefable|394\/394|[from] move: Wish|[wisher] Clefable
|turn|30
|
|move|p1a: Clefable|Protect|p1a: Clefable
|-singleturn|p1a: Clefable|Protect
|move|p2a: Swampert|Waterfall|p1a: Clefable
|-activate|p1a: Clefable|Protect
|
|-weather|RainDance|[upkeep]
|turn|31
|
|move|p2a: Swampert|Waterfall|p1a: Clefable
|-damage|p1a: Clefable|183\/394
|move|p1a: Clefable|Wish|p1a: Clefable
|
|-weather|none
|-heal|p1a: Clefable|207\/394|[from] item: Leftovers
|turn|32
|
|-singleturn|p2a: Swampert|move: Focus Punch
|move|p1a: Clefable|Moonblast|p2a: Swampert
|-damage|p2a: Swampert|130\/341
|-unboost|p2a: Swampert|spa|1
|cant|p2a: Swampert|Focus Punch|Focus Punch
|
|-heal|p1a: Clefable|394\/394|[from] move: Wish|[wisher] Clefable
|turn|33
|
|switch|p2a: Politoed|Politoed, M|338\/383
|-weather|RainDance
|move|p1a: Clefable|Wish|p1a: Clefable
|
|-weather|RainDance|[upkeep]
|turn|34
|
|switch|p2a: Starmie|Starmie|77\/261 par
|move|p1a: Clefable|Moonblast|p2a: Starmie
|-damage|p2a: Starmie|0 fnt
|faint|p2a: Starmie
|
|-weather|RainDance|[upkeep]
|
|switch|p2a: Swampert|Swampert-Mega, F|130\/341
|turn|35
|
|move|p2a: Swampert|Waterfall|p1a: Clefable
|-damage|p1a: Clefable|163\/394
|move|p1a: Clefable|Wish|p1a: Clefable
|
|-weather|RainDance|[upkeep]
|-heal|p1a: Clefable|187\/394|[from] item: Leftovers
|turn|36
|
|move|p1a: Clefable|Protect|p1a: Clefable
|-singleturn|p1a: Clefable|Protect
|move|p2a: Swampert|Waterfall|p1a: Clefable
|-activate|p1a: Clefable|Protect
|
|-weather|RainDance|[upkeep]
|-heal|p1a: Clefable|384\/394|[from] move: Wish|[wisher] Clefable
|-heal|p1a: Clefable|394\/394|[from] item: Leftovers
|turn|37
|
|move|p2a: Swampert|Waterfall|p1a: Clefable
|-damage|p1a: Clefable|174\/394
|move|p1a: Clefable|Wish|p1a: Clefable
|
|-weather|RainDance|[upkeep]
|-heal|p1a: Clefable|198\/394|[from] item: Leftovers
|turn|38
|
|move|p1a: Clefable|Protect|p1a: Clefable
|-singleturn|p1a: Clefable|Protect
|move|p2a: Swampert|Waterfall|p1a: Clefable
|-activate|p1a: Clefable|Protect
|
|-weather|RainDance|[upkeep]
|-heal|p1a: Clefable|394\/394|[from] move: Wish|[wisher] Clefable
|turn|39
|
|move|p2a: Swampert|Waterfall|p1a: Clefable
|-damage|p1a: Clefable|166\/394
|move|p1a: Clefable|Wish|p1a: Clefable
|
|-weather|RainDance|[upkeep]
|-heal|p1a: Clefable|190\/394|[from] item: Leftovers
|turn|40
|
|move|p1a: Clefable|Protect|p1a: Clefable
|-singleturn|p1a: Clefable|Protect
|move|p2a: Swampert|Waterfall|p1a: Clefable
|-activate|p1a: Clefable|Protect
|
|-weather|none
|-heal|p1a: Clefable|387\/394|[from] move: Wish|[wisher] Clefable
|-heal|p1a: Clefable|394\/394|[from] item: Leftovers
|turn|41
|
|switch|p2a: Politoed|Politoed, M|338\/383
|-weather|RainDance
|move|p1a: Clefable|Moonblast|p2a: Politoed
|-damage|p2a: Politoed|260\/383
|
|-weather|RainDance|[upkeep]
|turn|42
|
|move|p2a: Politoed|Encore|p1a: Clefable
|-start|p1a: Clefable|Encore
|move|p1a: Clefable|Moonblast|p2a: Politoed
|-damage|p2a: Politoed|188\/383
|-unboost|p2a: Politoed|spa|1
|
|-weather|RainDance|[upkeep]
|turn|43
|
|move|p2a: Politoed|Scald|p1a: Clefable
|-damage|p1a: Clefable|268\/394
|move|p1a: Clefable|Moonblast|p2a: Politoed
|-damage|p2a: Politoed|116\/383
|
|-weather|RainDance|[upkeep]
|-heal|p1a: Clefable|292\/394|[from] item: Leftovers
|turn|44
|
|move|p2a: Politoed|Scald|p1a: Clefable
|-damage|p1a: Clefable|154\/394
|move|p1a: Clefable|Moonblast|p2a: Politoed
|-damage|p2a: Politoed|41\/383
|
|-weather|RainDance|[upkeep]
|-heal|p1a: Clefable|178\/394|[from] item: Leftovers
|-end|p1a: Clefable|Encore
|turn|45
|
|move|p1a: Clefable|Protect|p1a: Clefable
|-singleturn|p1a: Clefable|Protect
|move|p2a: Politoed|Rest|p2a: Politoed
|-status|p2a: Politoed|slp
|-heal|p2a: Politoed|383\/383 slp|[silent]
|-status|p2a: Politoed|slp|[from] move: Rest
|
|-weather|RainDance|[upkeep]
|-heal|p1a: Clefable|202\/394|[from] item: Leftovers
|turn|46
|
|cant|p2a: Politoed|slp
|move|p2a: Politoed|Sleep Talk|p2a: Politoed
|move|p2a: Politoed|Encore|p1a: Clefable|[from]Sleep Talk
|-start|p1a: Clefable|Encore
|move|p1a: Clefable|Protect|p1a: Clefable
|-fail|p1a: Clefable
|
|-weather|RainDance|[upkeep]
|-heal|p1a: Clefable|226\/394|[from] item: Leftovers
|turn|47
|
|switch|p2a: Swampert|Swampert-Mega, F|130\/341
|switch|p1a: Suicune|Suicune|147\/404 slp
|-damage|p1a: Suicune|97\/404 slp|[from] Stealth Rock
|-ability|p1a: Suicune|Pressure
|
|-weather|RainDance|[upkeep]
|-heal|p1a: Suicune|122\/404 slp|[from] item: Leftovers
|turn|48
|
|move|p2a: Swampert|Earthquake|p1a: Suicune
|-damage|p1a: Suicune|0 fnt
|faint|p1a: Suicune
|
|-weather|none
|
|switch|p1a: Skarmory|Skarmory, F|126\/334
|-damage|p1a: Skarmory|85\/334|[from] Stealth Rock
|turn|49
|
|-singleturn|p2a: Swampert|move: Focus Punch
|move|p1a: Skarmory|Drill Peck|p2a: Swampert
|-crit|p2a: Swampert
|-damage|p2a: Swampert|15\/341
|cant|p2a: Swampert|Focus Punch|Focus Punch
|
|turn|50
|
|move|p2a: Swampert|Waterfall|p1a: Skarmory
|-damage|p1a: Skarmory|0 fnt
|faint|p1a: Skarmory
|
|
|switch|p1a: Clefable|Clefable, M|226\/394
|-damage|p1a: Clefable|177\/394|[from] Stealth Rock
|turn|51
|
|move|p1a: Clefable|Protect|p1a: Clefable
|-singleturn|p1a: Clefable|Protect
|move|p2a: Swampert|Waterfall|p1a: Clefable
|-activate|p1a: Clefable|Protect
|
|-heal|p1a: Clefable|201\/394|[from] item: Leftovers
|turn|52
|
|move|p2a: Swampert|Waterfall|p1a: Clefable
|-damage|p1a: Clefable|38\/394
|move|p1a: Clefable|Wish|p1a: Clefable
|
|-heal|p1a: Clefable|62\/394|[from] item: Leftovers
|turn|53
|
|switch|p2a: Politoed|Politoed, M|383\/383 slp
|-weather|RainDance
|move|p1a: Clefable|Protect|p1a: Clefable
|-fail|p1a: Clefable
|
|-weather|RainDance|[upkeep]
|-heal|p1a: Clefable|259\/394|[from] move: Wish|[wisher] Clefable
|-heal|p1a: Clefable|283\/394|[from] item: Leftovers
|turn|54
|
|cant|p2a: Politoed|slp
|move|p2a: Politoed|Sleep Talk|p2a: Politoed
|move|p2a: Politoed|Rest|p2a: Politoed|[from]Sleep Talk
|-fail|p2a: Politoed
|move|p1a: Clefable|Wish|p1a: Clefable
|
|-weather|RainDance|[upkeep]
|-heal|p1a: Clefable|307\/394|[from] item: Leftovers
|turn|55
|
|-curestatus|p2a: Politoed|slp
|move|p2a: Politoed|Scald|p1a: Clefable
|-damage|p1a: Clefable|169\/394
|move|p1a: Clefable|Moonblast|p2a: Politoed
|-damage|p2a: Politoed|311\/383
|-unboost|p2a: Politoed|spa|1
|
|-weather|RainDance|[upkeep]
|-heal|p1a: Clefable|366\/394|[from] move: Wish|[wisher] Clefable
|-heal|p1a: Clefable|390\/394|[from] item: Leftovers
|turn|56
|
|move|p2a: Politoed|Scald|p1a: Clefable
|-damage|p1a: Clefable|260\/394
|-status|p1a: Clefable|brn
|move|p1a: Clefable|Moonblast|p2a: Politoed
|-damage|p2a: Politoed|235\/383
|
|-weather|RainDance|[upkeep]
|-heal|p1a: Clefable|284\/394 brn|[from] item: Leftovers
|-damage|p1a: Clefable|235\/394 brn|[from] brn
|turn|57
|
|move|p2a: Politoed|Encore|p1a: Clefable
|-start|p1a: Clefable|Encore
|move|p1a: Clefable|Moonblast|p2a: Politoed
|-damage|p2a: Politoed|154\/383
|-unboost|p2a: Politoed|spa|1
|
|-weather|RainDance|[upkeep]
|-heal|p1a: Clefable|259\/394 brn|[from] item: Leftovers
|-damage|p1a: Clefable|210\/394 brn|[from] brn
|turn|58
|
|move|p2a: Politoed|Scald|p1a: Clefable
|-damage|p1a: Clefable|90\/394 brn
|move|p1a: Clefable|Moonblast|p2a: Politoed
|-damage|p2a: Politoed|75\/383
|
|-weather|RainDance|[upkeep]
|-heal|p1a: Clefable|114\/394 brn|[from] item: Leftovers
|-damage|p1a: Clefable|65\/394 brn|[from] brn
|turn|59
|c|âhelkijin|gg
|
|move|p2a: Politoed|Scald|p1a: Clefable
|-crit|p1a: Clefable
|-damage|p1a: Clefable|0 fnt
|faint|p1a: Clefable
|
|win|helkijin
|raw|Ladder updating...
|leave|noccliolinee
|player|p1
|raw|noccliolinee's rating: 1557 &rarr; <strong>1539<\/strong><br \/>(-18 for losing)
|raw|helkijin's rating: 1599 &rarr; <strong>1617<\/strong><br \/>(+18 for winning)