|join|DisastrousFutility
|join|noccliolinee
|player|p1|DisastrousFutility|248
|player|p2|noccliolinee|2
|gametype|singles
|gen|6
|tier|OU
|rated
|clearpoke
|poke|p1|Manaphy
|poke|p1|Amoonguss, M
|poke|p1|Heatran, M
|poke|p1|Gothitelle, F
|poke|p1|Mandibuzz, F
|poke|p1|Lopunny, F
|poke|p2|Conkeldurr, M
|poke|p2|Slowbro, M
|poke|p2|Charizard, M
|poke|p2|Skarmory, F
|poke|p2|Clefable, F
|poke|p2|Bisharp, F
|rule|Swagger Clause: Swagger is banned
|rule|Baton Pass Clause: Limit one PokÃ©mon knowing Baton Pass
|rule|Sleep Clause Mod: Limit one foe put to sleep
|rule|Species Clause: Limit one of each PokÃ©mon
|rule|OHKO Clause: OHKO moves are banned
|rule|Moody Clause: Moody is banned
|rule|Evasion Moves Clause: Evasion moves are banned
|rule|Endless Battle Clause: Forcing endless battles is banned
|rule|HP Percentage Mod: HP is shown in percentages
|teampreview
|
|start
|switch|p1a: Manaphy|Manaphy|404\/404
|switch|p2a: Charizard|Charizard, M|297\/297
|turn|1
|
|switch|p1a: Mandibuzz|Mandibuzz, F|423\/423
|detailschange|p2a: Charizard|Charizard-Mega-Y, M
|message|Charizard has Mega Evolved into Mega Charizard!
|-weather|SunnyDay
|move|p2a: Charizard|Solar Beam|p1a: Mandibuzz|[still]
|-prepare|p2a: Charizard|Solar Beam|p1a: Mandibuzz
|-anim|p2a: Charizard|Solar Beam|p1a: Mandibuzz
|-resisted|p1a: Mandibuzz
|-damage|p1a: Mandibuzz|349\/423
|
|-weather|SunnyDay|[upkeep]
|-heal|p1a: Mandibuzz|375\/423|[from] item: Leftovers
|turn|2
|
|switch|p1a: Krakatoa|Heatran, M|385\/385
|-item|p1a: Krakatoa|Air Balloon
|move|p2a: Charizard|Earthquake|p1a: Krakatoa
|-immune|p1a: Krakatoa|[msg]
|
|-weather|SunnyDay|[upkeep]
|turn|3
|
|move|p2a: Charizard|Air Slash|p1a: Krakatoa
|-resisted|p1a: Krakatoa
|-damage|p1a: Krakatoa|333\/385
|-enditem|p1a: Krakatoa|Air Balloon
|move|p1a: Krakatoa|Stealth Rock|p2a: Charizard
|-sidestart|p2: noccliolinee|move: Stealth Rock
|
|-weather|SunnyDay|[upkeep]
|turn|4
|
|move|p2a: Charizard|Fire Blast|p1a: Krakatoa
|-start|p1a: Krakatoa|ability: Flash Fire
|move|p1a: Krakatoa|Toxic|p2a: Charizard
|-status|p2a: Charizard|tox
|
|-weather|SunnyDay|[upkeep]
|-damage|p2a: Charizard|279\/297 tox|[from] psn
|turn|5
|
|switch|p1a: Lopunny|Lopunny, F|271\/271
|move|p2a: Charizard|Earthquake|p1a: Lopunny
|-damage|p1a: Lopunny|178\/271
|
|-weather|none
|-damage|p2a: Charizard|243\/297 tox|[from] psn
|turn|6
|
|detailschange|p1a: Lopunny|Lopunny-Mega, F
|message|Lopunny has Mega Evolved into Mega Lopunny!
|move|p1a: Lopunny|Fake Out|p2a: Charizard
|-damage|p2a: Charizard|134\/297 tox
|cant|p2a: Charizard|flinch
|
|-damage|p2a: Charizard|80\/297 tox|[from] psn
|turn|7
|
|switch|p2a: Skarmory|Skarmory, F|334\/334
|-damage|p2a: Skarmory|293\/334|[from] Stealth Rock
|move|p1a: Lopunny|Return|p2a: Skarmory
|-resisted|p2a: Skarmory
|-damage|p2a: Skarmory|241\/334
|
|turn|8
|
|move|p1a: Lopunny|High Jump Kick|p2a: Skarmory|[miss]
|-miss|p1a: Lopunny|p2a: Skarmory
|-damage|p1a: Lopunny|43\/271|[from] highjumpkick
|move|p2a: Skarmory|Defog|p1a: Lopunny
|-unboost|p1a: Lopunny|evasion|1
|-sideend|p2: noccliolinee|Stealth Rock|[from] move: Defog|[of] p2a: Skarmory
|
|turn|9
|c|âDisastrousFutility|well then
|
|switch|p1a: Krakatoa|Heatran, M|333\/385
|move|p2a: Skarmory|Roost|p2a: Skarmory
|-heal|p2a: Skarmory|334\/334
|
|turn|10
|
|switch|p2a: Charizard|Charizard-Mega-Y, M|80\/297 tox
|-weather|SunnyDay
|move|p1a: Krakatoa|Stealth Rock|p2a: Charizard
|-sidestart|p2: noccliolinee|move: Stealth Rock
|
|-weather|SunnyDay|[upkeep]
|-damage|p2a: Charizard|62\/297 tox|[from] psn
|turn|11
|
|switch|p1a: Gothitelle|Gothitelle, F|301\/301
|move|p2a: Charizard|Earthquake|p1a: Gothitelle
|-damage|p1a: Gothitelle|214\/301
|
|-weather|SunnyDay|[upkeep]
|-damage|p2a: Charizard|26\/297 tox|[from] psn
|turn|12
|
|switch|p1a: Krakatoa|Heatran, M|333\/385
|move|p2a: Charizard|Fire Blast|p1a: Krakatoa
|-start|p1a: Krakatoa|ability: Flash Fire
|
|-weather|SunnyDay|[upkeep]
|-damage|p2a: Charizard|0 fnt|[from] psn
|faint|p2a: Charizard
|
|switch|p2a: Conkeldurr|Conkeldurr, M|410\/410
|-damage|p2a: Conkeldurr|385\/410|[from] Stealth Rock
|turn|13
|
|move|p1a: Krakatoa|Fire Blast|p2a: Conkeldurr
|-damage|p2a: Conkeldurr|49\/410
|move|p2a: Conkeldurr|Drain Punch|p1a: Krakatoa
|-supereffective|p1a: Krakatoa
|-damage|p1a: Krakatoa|19\/385
|-heal|p2a: Conkeldurr|206\/410|[from] drain|[of] p1a: Krakatoa
|
|-weather|SunnyDay|[upkeep]
|turn|14
|
|switch|p1a: Gothitelle|Gothitelle, F|214\/301
|move|p2a: Conkeldurr|Knock Off|p1a: Gothitelle
|-supereffective|p1a: Gothitelle
|-damage|p1a: Gothitelle|0 fnt
|-enditem|p1a: Gothitelle|Choice Scarf|[from] move: Knock Off|[of] p2a: Conkeldurr
|faint|p1a: Gothitelle
|
|-weather|none
|
|switch|p1a: Manaphy|Manaphy|404\/404
|turn|15
|
|move|p1a: Manaphy|Rain Dance|p1a: Manaphy
|-weather|RainDance
|move|p2a: Conkeldurr|Drain Punch|p1a: Manaphy
|-damage|p1a: Manaphy|289\/404
|-heal|p2a: Conkeldurr|264\/410|[from] drain|[of] p1a: Manaphy
|
|-weather|RainDance|[upkeep]
|-heal|p1a: Manaphy|314\/404|[from] item: Leftovers
|turn|16
|
|move|p1a: Manaphy|Tail Glow|p1a: Manaphy
|-boost|p1a: Manaphy|spa|3
|move|p2a: Conkeldurr|Drain Punch|p1a: Manaphy
|-damage|p1a: Manaphy|197\/404
|-heal|p2a: Conkeldurr|323\/410|[from] drain|[of] p1a: Manaphy
|
|-weather|RainDance|[upkeep]
|-heal|p1a: Manaphy|222\/404|[from] item: Leftovers
|turn|17
|
|move|p1a: Manaphy|Scald|p2a: Conkeldurr
|-damage|p2a: Conkeldurr|0 fnt
|faint|p2a: Conkeldurr
|
|-weather|RainDance|[upkeep]
|-heal|p1a: Manaphy|247\/404|[from] item: Leftovers
|
|switch|p2a: Bisharp|Bisharp, F|272\/272
|-damage|p2a: Bisharp|255\/272|[from] Stealth Rock
|turn|18
|
|move|p1a: Manaphy|Scald|p2a: Bisharp
|-damage|p2a: Bisharp|0 fnt
|faint|p2a: Bisharp
|
|-weather|RainDance|[upkeep]
|-heal|p1a: Manaphy|272\/404|[from] item: Leftovers
|
|switch|p2a: Clefable|Clefable, F|331\/331
|-damage|p2a: Clefable|290\/331|[from] Stealth Rock
|turn|19
|
|move|p1a: Manaphy|Scald|p2a: Clefable
|-damage|p2a: Clefable|131\/331
|move|p2a: Clefable|Thunder Wave|p1a: Manaphy
|-status|p1a: Manaphy|par
|
|-weather|none
|-heal|p2a: Clefable|151\/331|[from] item: Leftovers
|-heal|p1a: Manaphy|297\/404 par|[from] item: Leftovers
|turn|20
|
|move|p2a: Clefable|Wish|p2a: Clefable
|move|p1a: Manaphy|Rain Dance|p1a: Manaphy
|-weather|RainDance
|
|-weather|RainDance|[upkeep]
|-heal|p2a: Clefable|171\/331|[from] item: Leftovers
|-curestatus|p1a: Manaphy|par
|-heal|p1a: Manaphy|322\/404|[from] item: Leftovers
|turn|21
|
|move|p1a: Manaphy|Scald|p2a: Clefable
|-crit|p2a: Clefable
|-damage|p2a: Clefable|0 fnt
|faint|p2a: Clefable
|
|-weather|RainDance|[upkeep]
|-heal|p1a: Manaphy|347\/404|[from] item: Leftovers
|-message|noccliolinee forfeited.
|
|win|DisastrousFutility
|raw|Ladder updating...
|leave|noccliolinee
|player|p2
|raw|DisastrousFutility's rating: 1633 &rarr; <strong>1647<\/strong><br \/>(+14 for winning)
|raw|noccliolinee's rating: 1510 &rarr; <strong>1497<\/strong><br \/>(-13 for losing)