|join|noccliolinee
|join|Wolf Bros
|player|p1|noccliolinee|203
|player|p2|Wolf Bros|168
|gametype|singles
|gen|6
|tier|OU
|rated
|clearpoke
|poke|p1|Sableye, F
|poke|p1|Keldeo
|poke|p1|Bisharp, F
|poke|p1|Skarmory, M
|poke|p1|Sylveon, M
|poke|p1|Heatran, M
|poke|p2|Sableye, M
|poke|p2|Excadrill, M
|poke|p2|Manaphy
|poke|p2|Gliscor, M
|poke|p2|Talonflame, M
|poke|p2|Clefable, M
|rule|Swagger Clause: Swagger is banned
|rule|Baton Pass Clause: Limit one PokÃ©mon knowing Baton Pass
|rule|Sleep Clause Mod: Limit one foe put to sleep
|rule|Species Clause: Limit one of each PokÃ©mon
|rule|OHKO Clause: OHKO moves are banned
|rule|Moody Clause: Moody is banned
|rule|Evasion Moves Clause: Evasion moves are banned
|rule|Endless Battle Clause: Forcing endless battles is banned
|rule|HP Percentage Mod: HP is shown in percentages
|teampreview
|
|start
|switch|p1a: Jail|Bisharp, F|271\/271
|switch|p2a: Manaphy|Manaphy|401\/401
|turn|1
|
|move|p1a: Jail|Swords Dance|p1a: Jail
|-boost|p1a: Jail|atk|2
|move|p2a: Manaphy|Scald|p1a: Jail
|-damage|p1a: Jail|136\/271
|-status|p1a: Jail|brn
|
|-damage|p1a: Jail|103\/271 brn|[from] brn
|turn|2
|
|switch|p2a: Gliscor|Gliscor, M|353\/353
|move|p1a: Jail|Sucker Punch|p2a: Gliscor
|-fail|p2a: Gliscor
|
|-damage|p1a: Jail|70\/271 brn|[from] brn
|-status|p2a: Gliscor|tox|[from] item: Toxic Orb
|turn|3
|c|âWolf Bros|gg
|c|ânoccliolinee|gg
|
|switch|p1a: Shield|Skarmory, M|334\/334
|move|p2a: Gliscor|Stealth Rock|p1a: Shield
|-sidestart|p1: noccliolinee|move: Stealth Rock
|
|turn|4
|
|move|p2a: Gliscor|Taunt|p1a: Shield
|-start|p1a: Shield|move: Taunt
|cant|p1a: Shield|move: Taunt|Stealth Rock
|
|turn|5
|
|switch|p1a: D2D|Sableye, F|304\/304
|-damage|p1a: D2D|266\/304|[from] Stealth Rock
|move|p2a: Gliscor|U-turn|p1a: D2D
|-damage|p1a: D2D|202\/304
|
|switch|p2a: Clefable|Clefable, M|393\/393
|
|turn|6
|
|switch|p2a: Talonflame|Talonflame, M|345\/345
|switch|p1a: Nachos|Heatran, M|323\/323
|-damage|p1a: Nachos|283\/323|[from] Stealth Rock
|
|turn|7
|
|move|p1a: Nachos|Stone Edge|p2a: Talonflame|[miss]
|-miss|p1a: Nachos|p2a: Talonflame
|move|p2a: Talonflame|Taunt|p1a: Nachos
|-start|p1a: Nachos|move: Taunt
|
|turn|8
|
|switch|p2a: Manaphy|Manaphy|401\/401
|move|p1a: Nachos|Stone Edge|p2a: Manaphy|[miss]
|-miss|p1a: Nachos|p2a: Manaphy
|
|turn|9
|c|ânoccliolinee|noob
|
|switch|p1a: Call the police|Keldeo|322\/322
|-damage|p1a: Call the police|302\/322|[from] Stealth Rock
|move|p2a: Manaphy|Scald|p1a: Call the police
|-resisted|p1a: Call the police
|-damage|p1a: Call the police|251\/322
|-status|p1a: Call the police|brn
|
|-damage|p1a: Call the police|211\/322 brn|[from] brn
|turn|10
|c|âWolf Bros|ez
|c|ânoccliolinee|lucky nab
|
|move|p1a: Call the police|Secret Sword|p2a: Manaphy
|-damage|p2a: Manaphy|209\/401
|-damage|p1a: Call the police|179\/322 brn|[from] item: Life Orb
|move|p2a: Manaphy|Rain Dance|p2a: Manaphy
|-weather|RainDance
|
|-weather|RainDance|[upkeep]
|-heal|p2a: Manaphy|234\/401|[from] item: Leftovers
|-damage|p1a: Call the police|139\/322 brn|[from] brn
|turn|11
|c|âWolf Bros|not even trying
|c|ânoccliolinee|ofc
|
|switch|p1a: Shield|Skarmory, M|334\/334
|-damage|p1a: Shield|293\/334|[from] Stealth Rock
|move|p2a: Manaphy|Rest|p2a: Manaphy
|-status|p2a: Manaphy|slp
|-heal|p2a: Manaphy|401\/401 slp|[silent]
|-status|p2a: Manaphy|slp|[from] move: Rest
|
|-weather|RainDance|[upkeep]
|-curestatus|p2a: Manaphy|slp
|turn|12
|
|move|p2a: Manaphy|Scald|p1a: Shield
|-damage|p1a: Shield|100\/334
|-status|p1a: Shield|brn
|move|p1a: Shield|Stealth Rock|p2a: Manaphy
|-sidestart|p2: Wolf Bros|move: Stealth Rock
|
|-weather|RainDance|[upkeep]
|-damage|p1a: Shield|59\/334 brn|[from] brn
|turn|13
|
|move|p2a: Manaphy|Scald|p1a: Shield
|-damage|p1a: Shield|0 fnt
|faint|p1a: Shield
|
|-weather|RainDance|[upkeep]
|c|âWolf Bros|u got the rocks yp
|c|âWolf Bros|gg
|
|switch|p1a: Jail|Bisharp, F|70\/271 brn
|-damage|p1a: Jail|54\/271 brn|[from] Stealth Rock
|turn|14
|
|switch|p2a: Excadrill|Excadrill, M|424\/424
|-damage|p2a: Excadrill|411\/424|[from] Stealth Rock
|-ability|p2a: Excadrill|Mold Breaker
|move|p1a: Jail|Knock Off|p2a: Excadrill
|-damage|p2a: Excadrill|264\/424
|-enditem|p2a: Excadrill|Leftovers|[from] move: Knock Off|[of] p1a: Jail
|
|-weather|none
|-damage|p1a: Jail|21\/271 brn|[from] brn
|turn|15
|c|ânoccliolinee|ty idiot
|c|âWolf Bros|:)
|c|âWolf Bros|or not
|
|switch|p1a: D2D|Sableye, F|202\/304
|-damage|p1a: D2D|164\/304|[from] Stealth Rock
|move|p2a: Excadrill|Rapid Spin|p1a: D2D
|-immune|p1a: D2D|[msg]
|
|turn|16
|c|ânoccliolinee|defenetly
|c|âWolf Bros|xD
|
|detailschange|p1a: D2D|Sableye-Mega, F
|-mega|p1a: D2D|Sableye|Sablenite
|move|p1a: D2D|Will-O-Wisp|p2a: Excadrill
|-status|p2a: Excadrill|brn
|move|p2a: Excadrill|Iron Head|p1a: D2D
|-damage|p1a: D2D|116\/304
|
|-damage|p2a: Excadrill|211\/424 brn|[from] brn
|turn|17
|
|switch|p2a: Manaphy|Manaphy|401\/401
|-damage|p2a: Manaphy|351\/401|[from] Stealth Rock
|move|p1a: D2D|Recover|p1a: D2D
|-heal|p1a: D2D|268\/304
|
|-heal|p2a: Manaphy|376\/401|[from] item: Leftovers
|turn|18
|
|move|p2a: Manaphy|Rain Dance|p2a: Manaphy
|-weather|RainDance
|move|p1a: D2D|Knock Off|p2a: Manaphy
|-damage|p2a: Manaphy|280\/401
|-enditem|p2a: Manaphy|Leftovers|[from] move: Knock Off|[of] p1a: D2D
|
|-weather|RainDance|[upkeep]
|turn|19
|
|switch|p1a: Jail|Bisharp, F|21\/271 brn
|-damage|p1a: Jail|5\/271 brn|[from] Stealth Rock
|move|p2a: Manaphy|Rest|p2a: Manaphy
|-status|p2a: Manaphy|slp
|-heal|p2a: Manaphy|401\/401 slp|[silent]
|-status|p2a: Manaphy|slp|[from] move: Rest
|
|-weather|RainDance|[upkeep]
|-curestatus|p2a: Manaphy|slp
|-damage|p1a: Jail|0 fnt|[from] brn
|faint|p1a: Jail
|c|âWolf Bros|smooth move
|
|switch|p1a: Bacon|Sylveon, M|394\/394
|-damage|p1a: Bacon|345\/394|[from] Stealth Rock
|turn|20
|
|move|p1a: Bacon|Protect|p1a: Bacon
|-singleturn|p1a: Bacon|Protect
|move|p2a: Manaphy|Scald|p1a: Bacon
|-activate|p1a: Bacon|Protect
|
|-weather|RainDance|[upkeep]
|-heal|p1a: Bacon|369\/394|[from] item: Leftovers
|turn|21
|
|switch|p2a: Excadrill|Excadrill, M|211\/424 brn
|-damage|p2a: Excadrill|198\/424 brn|[from] Stealth Rock
|-ability|p2a: Excadrill|Mold Breaker
|move|p1a: Bacon|Wish|p1a: Bacon
|
|-weather|RainDance|[upkeep]
|-heal|p1a: Bacon|393\/394|[from] item: Leftovers
|-damage|p2a: Excadrill|145\/424 brn|[from] brn
|turn|22
|
|switch|p1a: D2D|Sableye-Mega, F|268\/304
|-damage|p1a: D2D|230\/304|[from] Stealth Rock
|move|p2a: Excadrill|Toxic|p1a: D2D
|-status|p1a: D2D|tox
|
|-weather|none
|-heal|p1a: D2D|304\/304 tox|[from] move: Wish|[wisher] Bacon
|-damage|p2a: Excadrill|92\/424 brn|[from] brn
|-damage|p1a: D2D|285\/304 tox|[from] psn
|turn|23
|
|move|p2a: Excadrill|Iron Head|p1a: D2D
|-damage|p1a: D2D|234\/304 tox
|cant|p1a: D2D|flinch
|
|-damage|p2a: Excadrill|39\/424 brn|[from] brn
|-damage|p1a: D2D|196\/304 tox|[from] psn
|turn|24
|
|move|p2a: Excadrill|Iron Head|p1a: D2D
|-damage|p1a: D2D|148\/304 tox
|move|p1a: D2D|Recover|p1a: D2D
|-heal|p1a: D2D|300\/304 tox
|
|-damage|p2a: Excadrill|0 fnt|[from] brn
|-damage|p1a: D2D|243\/304 tox|[from] psn
|faint|p2a: Excadrill
|
|switch|p2a: Manaphy|Manaphy|401\/401
|-damage|p2a: Manaphy|351\/401|[from] Stealth Rock
|turn|25
|
|switch|p1a: Bacon|Sylveon, M|393\/394
|-damage|p1a: Bacon|344\/394|[from] Stealth Rock
|move|p2a: Manaphy|Rain Dance|p2a: Manaphy
|-weather|RainDance
|
|-weather|RainDance|[upkeep]
|-heal|p1a: Bacon|368\/394|[from] item: Leftovers
|turn|26
|
|move|p1a: Bacon|Protect|p1a: Bacon
|-singleturn|p1a: Bacon|Protect
|move|p2a: Manaphy|Scald|p1a: Bacon
|-activate|p1a: Bacon|Protect
|
|-weather|RainDance|[upkeep]
|-heal|p1a: Bacon|392\/394|[from] item: Leftovers
|turn|27
|
|move|p2a: Manaphy|Scald|p1a: Bacon
|-damage|p1a: Bacon|274\/394
|move|p1a: Bacon|Wish|p1a: Bacon
|
|-weather|RainDance|[upkeep]
|-heal|p1a: Bacon|298\/394|[from] item: Leftovers
|turn|28
|
|move|p2a: Manaphy|Scald|p1a: Bacon
|-damage|p1a: Bacon|186\/394
|move|p1a: Bacon|Hyper Voice|p2a: Manaphy
|-damage|p2a: Manaphy|237\/401
|
|-weather|RainDance|[upkeep]
|-heal|p1a: Bacon|383\/394|[from] move: Wish|[wisher] Bacon
|-heal|p1a: Bacon|394\/394|[from] item: Leftovers
|turn|29
|
|move|p2a: Manaphy|Scald|p1a: Bacon
|-damage|p1a: Bacon|276\/394
|-status|p1a: Bacon|brn
|move|p1a: Bacon|Wish|p1a: Bacon
|
|-weather|none
|-heal|p1a: Bacon|300\/394 brn|[from] item: Leftovers
|-damage|p1a: Bacon|251\/394 brn|[from] brn
|turn|30
|
|move|p2a: Manaphy|Rain Dance|p2a: Manaphy
|-weather|RainDance
|move|p1a: Bacon|Heal Bell|p1a: Bacon
|-cureteam|p1a: Bacon|[from] move: HealBell
|
|-weather|RainDance|[upkeep]
|-heal|p1a: Bacon|394\/394|[from] move: Wish|[wisher] Bacon
|turn|31
|
|move|p2a: Manaphy|Rest|p2a: Manaphy
|-status|p2a: Manaphy|slp
|-heal|p2a: Manaphy|401\/401 slp|[silent]
|-status|p2a: Manaphy|slp|[from] move: Rest
|move|p1a: Bacon|Wish|p1a: Bacon
|
|-weather|RainDance|[upkeep]
|-curestatus|p2a: Manaphy|slp
|turn|32
|
|move|p2a: Manaphy|Scald|p1a: Bacon
|-damage|p1a: Bacon|285\/394
|move|p1a: Bacon|Hyper Voice|p2a: Manaphy
|-damage|p2a: Manaphy|301\/401
|
|-weather|RainDance|[upkeep]
|-heal|p1a: Bacon|394\/394|[from] move: Wish|[wisher] Bacon
|turn|33
|
|switch|p2a: Talonflame|Talonflame, M|345\/345
|-damage|p2a: Talonflame|173\/345|[from] Stealth Rock
|move|p1a: Bacon|Wish|p1a: Bacon
|
|-weather|RainDance|[upkeep]
|-heal|p2a: Talonflame|194\/345|[from] item: Leftovers
|turn|34
|
|switch|p1a: Nachos|Heatran, M|283\/323
|-damage|p1a: Nachos|243\/323|[from] Stealth Rock
|move|p2a: Talonflame|Roost|p2a: Talonflame
|-heal|p2a: Talonflame|345\/345
|
|-weather|none
|-heal|p1a: Nachos|323\/323|[from] move: Wish|[wisher] Bacon
|turn|35
|
|switch|p1a: Call the police|Keldeo|139\/322
|-damage|p1a: Call the police|119\/322|[from] Stealth Rock
|switch|p2a: Sableye|Sableye, M|303\/303
|-damage|p2a: Sableye|266\/303|[from] Stealth Rock
|
|turn|36
|
|switch|p1a: Bacon|Sylveon, M|394\/394
|-damage|p1a: Bacon|345\/394|[from] Stealth Rock
|move|p2a: Sableye|Will-O-Wisp|p1a: Bacon
|-status|p1a: Bacon|brn
|
|-heal|p1a: Bacon|369\/394 brn|[from] item: Leftovers
|-damage|p1a: Bacon|320\/394 brn|[from] brn
|turn|37
|
|detailschange|p2a: Sableye|Sableye-Mega, M
|-mega|p2a: Sableye|Sableye|Sablenite
|move|p1a: Bacon|Heal Bell|p1a: Bacon
|-cureteam|p1a: Bacon|[from] move: HealBell
|move|p2a: Sableye|Knock Off|p1a: Bacon
|-resisted|p1a: Bacon
|-damage|p1a: Bacon|273\/394
|-enditem|p1a: Bacon|Leftovers|[from] move: Knock Off|[of] p2a: Sableye
|
|turn|38
|
|switch|p2a: Manaphy|Manaphy|301\/401
|-damage|p2a: Manaphy|251\/401|[from] Stealth Rock
|move|p1a: Bacon|Hyper Voice|p2a: Manaphy
|-damage|p2a: Manaphy|151\/401
|
|turn|39
|
|move|p2a: Manaphy|Rain Dance|p2a: Manaphy
|-weather|RainDance
|move|p1a: Bacon|Hyper Voice|p2a: Manaphy
|-damage|p2a: Manaphy|48\/401
|
|-weather|RainDance|[upkeep]
|turn|40
|
|move|p2a: Manaphy|Rest|p2a: Manaphy
|-status|p2a: Manaphy|slp
|-heal|p2a: Manaphy|401\/401 slp|[silent]
|-status|p2a: Manaphy|slp|[from] move: Rest
|move|p1a: Bacon|Hyper Voice|p2a: Manaphy
|-damage|p2a: Manaphy|292\/401 slp
|
|-weather|RainDance|[upkeep]
|-curestatus|p2a: Manaphy|slp
|turn|41
|
|switch|p2a: Talonflame|Talonflame, M|345\/345
|-damage|p2a: Talonflame|173\/345|[from] Stealth Rock
|move|p1a: Bacon|Wish|p1a: Bacon
|
|-weather|RainDance|[upkeep]
|-heal|p2a: Talonflame|194\/345|[from] item: Leftovers
|turn|42
|
|switch|p1a: Nachos|Heatran, M|323\/323
|-damage|p1a: Nachos|283\/323|[from] Stealth Rock
|move|p2a: Talonflame|Brave Bird|p1a: Nachos
|-resisted|p1a: Nachos
|-damage|p1a: Nachos|187\/323
|-damage|p2a: Talonflame|162\/345|[from] recoil|[of] p1a: Nachos
|
|-weather|RainDance|[upkeep]
|-heal|p1a: Nachos|323\/323|[from] move: Wish|[wisher] Bacon
|-heal|p2a: Talonflame|183\/345|[from] item: Leftovers
|turn|43
|
|move|p2a: Talonflame|Roost|p2a: Talonflame
|-heal|p2a: Talonflame|345\/345
|move|p1a: Nachos|Stone Edge|p2a: Talonflame
|-supereffective|p2a: Talonflame
|-damage|p2a: Talonflame|159\/345
|
|-weather|none
|-heal|p2a: Talonflame|180\/345|[from] item: Leftovers
|turn|44
|
|move|p2a: Talonflame|Roost|p2a: Talonflame
|-heal|p2a: Talonflame|345\/345
|move|p1a: Nachos|Stone Edge|p2a: Talonflame|[miss]
|-miss|p1a: Nachos|p2a: Talonflame
|
|turn|45
|
|switch|p1a: Call the police|Keldeo|119\/322
|-damage|p1a: Call the police|99\/322|[from] Stealth Rock
|move|p2a: Talonflame|Brave Bird|p1a: Call the police
|-crit|p1a: Call the police
|-supereffective|p1a: Call the police
|-damage|p1a: Call the police|0 fnt
|-damage|p2a: Talonflame|312\/345|[from] recoil|[of] p1a: Call the police
|faint|p1a: Call the police
|
|-heal|p2a: Talonflame|333\/345|[from] item: Leftovers
|
|switch|p1a: Nachos|Heatran, M|323\/323
|-damage|p1a: Nachos|283\/323|[from] Stealth Rock
|turn|46
|
|move|p2a: Talonflame|Brave Bird|p1a: Nachos
|-resisted|p1a: Nachos
|-damage|p1a: Nachos|197\/323
|-damage|p2a: Talonflame|305\/345|[from] recoil|[of] p1a: Nachos
|move|p1a: Nachos|Stone Edge|p2a: Talonflame
|-supereffective|p2a: Talonflame
|-damage|p2a: Talonflame|0 fnt
|faint|p2a: Talonflame
|
|
|switch|p2a: Gliscor|Gliscor, M|353\/353 tox
|-damage|p2a: Gliscor|309\/353 tox|[from] Stealth Rock
|turn|47
|c|ânoccliolinee|bugged damage
|
|switch|p1a: D2D|Sableye-Mega, F|243\/304
|-damage|p1a: D2D|205\/304|[from] Stealth Rock
|move|p2a: Gliscor|Earthquake|p1a: D2D
|-damage|p1a: D2D|106\/304
|
|-heal|p2a: Gliscor|353\/353 tox|[from] ability: Poison Heal
|turn|48
|
|move|p2a: Gliscor|Earthquake|p1a: D2D
|-damage|p1a: D2D|15\/304
|move|p1a: D2D|Recover|p1a: D2D
|-heal|p1a: D2D|167\/304
|
|turn|49
|
|move|p2a: Gliscor|Earthquake|p1a: D2D
|-damage|p1a: D2D|74\/304
|move|p1a: D2D|Recover|p1a: D2D
|-heal|p1a: D2D|226\/304
|
|turn|50
|
|move|p2a: Gliscor|U-turn|p1a: D2D
|-damage|p1a: D2D|180\/304
|
|switch|p2a: Manaphy|Manaphy|292\/401
|-damage|p2a: Manaphy|242\/401|[from] Stealth Rock
|move|p1a: D2D|Recover|p1a: D2D
|-heal|p1a: D2D|304\/304
|
|turn|51
|
|switch|p1a: Bacon|Sylveon, M|273\/394
|-damage|p1a: Bacon|224\/394|[from] Stealth Rock
|move|p2a: Manaphy|U-turn|p1a: Bacon
|-resisted|p1a: Bacon
|-damage|p1a: Bacon|201\/394
|
|switch|p2a: Clefable|Clefable, M|393\/393
|-damage|p2a: Clefable|344\/393|[from] Stealth Rock
|
|-heal|p2a: Clefable|368\/393|[from] item: Leftovers
|turn|52
|
|move|p2a: Clefable|Calm Mind|p2a: Clefable
|-boost|p2a: Clefable|spa|1
|-boost|p2a: Clefable|spd|1
|move|p1a: Bacon|Wish|p1a: Bacon
|
|-heal|p2a: Clefable|392\/393|[from] item: Leftovers
|turn|53
|
|move|p2a: Clefable|Calm Mind|p2a: Clefable
|-boost|p2a: Clefable|spa|1
|-boost|p2a: Clefable|spd|1
|move|p1a: Bacon|Hyper Voice|p2a: Clefable
|-damage|p2a: Clefable|323\/393
|
|-heal|p1a: Bacon|394\/394|[from] move: Wish|[wisher] Bacon
|-heal|p2a: Clefable|347\/393|[from] item: Leftovers
|turn|54
|
|switch|p1a: Nachos|Heatran, M|197\/323
|-damage|p1a: Nachos|157\/323|[from] Stealth Rock
|move|p2a: Clefable|Calm Mind|p2a: Clefable
|-boost|p2a: Clefable|spa|1
|-boost|p2a: Clefable|spd|1
|
|-heal|p2a: Clefable|371\/393|[from] item: Leftovers
|turn|55
|c|âWolf Bros|yum
|
|move|p1a: Nachos|Flash Cannon|p2a: Clefable
|-supereffective|p2a: Clefable
|-damage|p2a: Clefable|269\/393
|move|p2a: Clefable|Calm Mind|p2a: Clefable
|-boost|p2a: Clefable|spa|1
|-boost|p2a: Clefable|spd|1
|
|-heal|p2a: Clefable|293\/393|[from] item: Leftovers
|turn|56
|c|âWolf Bros|yum
|
|move|p1a: Nachos|Flash Cannon|p2a: Clefable
|-supereffective|p2a: Clefable
|-damage|p2a: Clefable|197\/393
|move|p2a: Clefable|Moonlight|p2a: Clefable
|-heal|p2a: Clefable|393\/393
|
|turn|57
|c|ânoccliolinee|stop sucking cocks pls
|
|move|p1a: Nachos|Flash Cannon|p2a: Clefable
|-supereffective|p2a: Clefable
|-damage|p2a: Clefable|301\/393
|move|p2a: Clefable|Calm Mind|p2a: Clefable
|-boost|p2a: Clefable|spa|1
|-boost|p2a: Clefable|spd|1
|
|-heal|p2a: Clefable|325\/393|[from] item: Leftovers
|turn|58
|c|âWolf Bros|yum
|
|move|p1a: Nachos|Flash Cannon|p2a: Clefable
|-supereffective|p2a: Clefable
|-damage|p2a: Clefable|253\/393
|move|p2a: Clefable|Calm Mind|p2a: Clefable
|-boost|p2a: Clefable|spa|1
|-boost|p2a: Clefable|spd|1
|
|-heal|p2a: Clefable|277\/393|[from] item: Leftovers
|turn|59
|c|ânoccliolinee|you like it too much
|
|move|p1a: Nachos|Flash Cannon|p2a: Clefable
|-supereffective|p2a: Clefable
|-damage|p2a: Clefable|211\/393
|-unboost|p2a: Clefable|spd|1
|move|p2a: Clefable|Moonlight|p2a: Clefable
|-heal|p2a: Clefable|393\/393
|
|turn|60
|c|âWolf Bros|yeah like ur mother
|
|move|p1a: Nachos|Flash Cannon|p2a: Clefable
|-supereffective|p2a: Clefable
|-damage|p2a: Clefable|319\/393
|move|p2a: Clefable|Moonblast|p1a: Nachos
|-resisted|p1a: Nachos
|-damage|p1a: Nachos|63\/323
|
|-heal|p2a: Clefable|343\/393|[from] item: Leftovers
|turn|61
|c|ânoccliolinee|you scuk your mother dick
|
|move|p1a: Nachos|Flash Cannon|p2a: Clefable
|-supereffective|p2a: Clefable
|-damage|p2a: Clefable|265\/393
|move|p2a: Clefable|Moonblast|p1a: Nachos
|-resisted|p1a: Nachos
|-damage|p1a: Nachos|0 fnt
|faint|p1a: Nachos
|
|-heal|p2a: Clefable|289\/393|[from] item: Leftovers
|c|âWolf Bros|funy
|c|ânoccliolinee|all day
|c|âWolf Bros|xD
|c|âWolf Bros|loser
|c|ânoccliolinee|bitch
|-message|noccliolinee forfeited.
|
|win|Wolf Bros
|raw|Ladder updating...
|c|âWolf Bros|get rekt
|leave|noccliolinee
|player|p1
|raw|noccliolinee's rating: 1585 &rarr; <strong>1566<\/strong><br \/>(-19 for losing)
|raw|Wolf Bros's rating: 1602 &rarr; <strong>1621<\/strong><br \/>(+19 for winning)