|join|Reverb
|join|noccliolinee
|player|p1|Reverb|#reverb
|player|p2|noccliolinee|203
|gametype|singles
|gen|6
|tier|OU
|rated
|clearpoke
|poke|p1|Landorus, M
|poke|p1|Latias, F
|poke|p1|Heatran, M
|poke|p1|Conkeldurr, M
|poke|p1|Azumarill, F
|poke|p1|Metagross
|poke|p2|Sableye, M
|poke|p2|Keldeo
|poke|p2|Bisharp, M
|poke|p2|Skarmory, F
|poke|p2|Sylveon, M
|poke|p2|Heatran, M
|rule|Swagger Clause: Swagger is banned
|rule|Baton Pass Clause: Limit one PokÃ©mon knowing Baton Pass
|rule|Sleep Clause Mod: Limit one foe put to sleep
|rule|Species Clause: Limit one of each PokÃ©mon
|rule|OHKO Clause: OHKO moves are banned
|rule|Moody Clause: Moody is banned
|rule|Evasion Moves Clause: Evasion moves are banned
|rule|Endless Battle Clause: Forcing endless battles is banned
|rule|HP Percentage Mod: HP is shown in percentages
|teampreview
|join|CleanerThanRotom-W
|join|Emma Bae
|join|I Iike Squirtles
|join|PomMan
|
|start
|switch|p1a: Azumarill|Azumarill, F|372\/372
|switch|p2a: D2D|Sableye, M|304\/304
|turn|1
|
|switch|p1a: Heatran|Heatran, M|385\/385
|switch|p2a: Shield|Skarmory, F|334\/334
|
|turn|2
|
|switch|p2a: Call the police|Keldeo|322\/322
|move|p1a: Heatran|Stealth Rock|p2a: Call the police
|-sidestart|p2: noccliolinee|move: Stealth Rock
|
|turn|3
|
|switch|p2a: D2D|Sableye, M|304\/304
|-damage|p2a: D2D|266\/304|[from] Stealth Rock
|switch|p1a: Latias|Latias, F|364\/364
|
|turn|4
|join|Alvok
|join|daftmau5
|
|switch|p1a: Heatran|Heatran, M|385\/385
|detailschange|p2a: D2D|Sableye-Mega, M
|-mega|p2a: D2D|Sableye|Sablenite
|move|p2a: D2D|Calm Mind|p2a: D2D
|-boost|p2a: D2D|spa|1
|-boost|p2a: D2D|spd|1
|
|turn|5
|
|move|p1a: Heatran|Lava Plume|p2a: D2D
|-crit|p2a: D2D
|-damage|p2a: D2D|148\/304
|-status|p2a: D2D|brn
|move|p2a: D2D|Calm Mind|p2a: D2D
|-boost|p2a: D2D|spa|1
|-boost|p2a: D2D|spd|1
|
|-damage|p2a: D2D|110\/304 brn|[from] brn
|turn|6
|
|switch|p1a: Azumarill|Azumarill, F|372\/372
|move|p2a: D2D|Recover|p2a: D2D
|-heal|p2a: D2D|262\/304 brn
|
|-damage|p2a: D2D|224\/304 brn|[from] brn
|turn|7
|
|switch|p2a: Shield|Skarmory, F|334\/334
|-damage|p2a: Shield|293\/334|[from] Stealth Rock
|move|p1a: Azumarill|Play Rough|p2a: Shield|[miss]
|-miss|p1a: Azumarill|p2a: Shield
|
|turn|8
|
|switch|p1a: Landorus|Landorus, M|319\/319
|move|p2a: Shield|Stealth Rock|p1a: Landorus
|-sidestart|p1: Reverb|move: Stealth Rock
|
|turn|9
|leave|PomMan
|c| CleanerThanRotom-W|defog here
|join|Soul M8
|c| daftmau5|y
|
|move|p1a: Landorus|Knock Off|p2a: Shield
|-damage|p2a: Shield|222\/334
|-damage|p1a: Landorus|266\/319|[from] item: Rocky Helmet|[of] p2a: Shield
|-enditem|p2a: Shield|Rocky Helmet|[from] move: Knock Off|[of] p1a: Landorus
|-damage|p1a: Landorus|235\/319|[from] item: Life Orb
|move|p2a: Shield|Whirlwind|p1a: Landorus
|drag|p1a: Latias|Latias, F|364\/364
|-damage|p1a: Latias|319\/364|[from] Stealth Rock
|
|-heal|p1a: Latias|341\/364|[from] item: Leftovers
|turn|10
|join|Cienight
|c| daftmau5|defog right after you got rocks up
|c| daftmau5|gg
|
|switch|p1a: Heatran|Heatran, M|385\/385
|-damage|p1a: Heatran|337\/385|[from] Stealth Rock
|switch|p2a: Jail|Bisharp, M|271\/271
|-damage|p2a: Jail|255\/271|[from] Stealth Rock
|
|-heal|p1a: Heatran|361\/385|[from] item: Leftovers
|turn|11
|
|switch|p2a: Nachos|Heatran, M|323\/323
|-damage|p2a: Nachos|283\/323|[from] Stealth Rock
|move|p1a: Heatran|Lava Plume|p2a: Nachos
|-start|p2a: Nachos|ability: Flash Fire
|
|-heal|p1a: Heatran|385\/385|[from] item: Leftovers
|turn|12
|
|switch|p1a: Latias|Latias, F|341\/364
|-damage|p1a: Latias|296\/364|[from] Stealth Rock
|move|p2a: Nachos|Earth Power|p1a: Latias
|-immune|p1a: Latias|[msg]
|
|-heal|p1a: Latias|318\/364|[from] item: Leftovers
|turn|13
|c| Emma Bae|So many earth power heatrans O.o
|c| CleanerThanRotom-W|latias the heatran counter
|
|switch|p2a: Bacon|Sylveon, M|394\/394
|-damage|p2a: Bacon|345\/394|[from] Stealth Rock
|switch|p1a: Conkeldurr|Conkeldurr, M|364\/364
|-damage|p1a: Conkeldurr|342\/364|[from] Stealth Rock
|
|-heal|p2a: Bacon|369\/394|[from] item: Leftovers
|turn|14
|join|TheJFrenzy1
|c| CleanerThanRotom-W|why is he switching a tran
|
|switch|p1a: Azumarill|Azumarill, F|372\/372
|-damage|p1a: Azumarill|326\/372|[from] Stealth Rock
|move|p2a: Bacon|Heal Bell|p2a: Bacon
|-cureteam|p2a: Bacon|[from] move: HealBell
|
|-heal|p2a: Bacon|393\/394|[from] item: Leftovers
|turn|15
|c| CleanerThanRotom-W|out of latias
|
|move|p2a: Bacon|Hyper Voice|p1a: Azumarill
|-damage|p1a: Azumarill|142\/372
|move|p1a: Azumarill|Waterfall|p2a: Bacon
|-damage|p2a: Bacon|158\/394
|
|-heal|p2a: Bacon|182\/394|[from] item: Leftovers
|turn|16
|c| daftmau5|no one ever scouts for poison jab conk...
|c| daftmau5|dude
|c| daftmau5|how slow
|c| daftmau5|is your azu
|
|switch|p1a: Metagross|Metagross|301\/301
|-damage|p1a: Metagross|283\/301|[from] Stealth Rock
|move|p2a: Bacon|Protect|p2a: Bacon
|-fail|p2a: Bacon
|
|-heal|p2a: Bacon|206\/394|[from] item: Leftovers
|turn|17
|
|detailschange|p1a: Metagross|Metagross-Mega
|-mega|p1a: Metagross|Metagross|Metagrossite
|move|p2a: Bacon|Protect|p2a: Bacon
|-singleturn|p2a: Bacon|Protect
|move|p1a: Metagross|Meteor Mash|p2a: Bacon
|-activate|p2a: Bacon|Protect
|
|-heal|p2a: Bacon|230\/394|[from] item: Leftovers
|turn|18
|join|Tom Bus
|
|switch|p1a: Azumarill|Azumarill, F|142\/372
|-damage|p1a: Azumarill|96\/372|[from] Stealth Rock
|switch|p2a: Shield|Skarmory, F|222\/334
|-damage|p2a: Shield|181\/334|[from] Stealth Rock
|
|turn|19
|
|move|p2a: Shield|Roost|p2a: Shield
|-heal|p2a: Shield|334\/334
|move|p1a: Azumarill|Waterfall|p2a: Shield
|-damage|p2a: Shield|181\/334
|
|turn|20
|c| I Iike Squirtles|he only runs 20 speed
|
|move|p2a: Shield|Roost|p2a: Shield
|-heal|p2a: Shield|334\/334
|move|p1a: Azumarill|Waterfall|p2a: Shield
|-damage|p2a: Shield|180\/334
|
|turn|21
|
|move|p2a: Shield|Roost|p2a: Shield
|-heal|p2a: Shield|334\/334
|move|p1a: Azumarill|Waterfall|p2a: Shield
|-damage|p2a: Shield|189\/334
|
|turn|22
|c| daftmau5|he got crept by a chansey
|c| daftmau5|earlier
|
|move|p2a: Shield|Roost|p2a: Shield
|-heal|p2a: Shield|334\/334
|move|p1a: Azumarill|Waterfall|p2a: Shield
|-damage|p2a: Shield|184\/334
|
|turn|23
|c| Cienight|are you
|
|move|p2a: Shield|Roost|p2a: Shield
|-heal|p2a: Shield|334\/334
|move|p1a: Azumarill|Waterfall|p2a: Shield
|-damage|p2a: Shield|177\/334
|
|turn|24
|c| Cienight|kidding
|c| I Iike Squirtles|he need at least 88
|
|move|p2a: Shield|Roost|p2a: Shield
|-heal|p2a: Shield|334\/334
|move|p1a: Azumarill|Waterfall|p2a: Shield
|-damage|p2a: Shield|178\/334
|
|turn|25
|c| daftmau5|n
|c|âReverb|how much should i ru nthen?
|c| daftmau5|you do realise this 2hkos skarm w\/ rocks
|
|move|p2a: Shield|Roost|p2a: Shield
|-heal|p2a: Shield|334\/334
|move|p1a: Azumarill|Waterfall|p2a: Shield
|-damage|p2a: Shield|196\/334
|
|turn|26
|c| Cienight|it doesnt
|
|move|p2a: Shield|Roost|p2a: Shield
|-heal|p2a: Shield|334\/334
|move|p1a: Azumarill|Waterfall|p2a: Shield
|-damage|p2a: Shield|183\/334
|
|turn|27
|c| daftmau5|rolls?
|c| Cienight|only aqua tail azu 2hkos it
|c| Cienight|n
|leave|CleanerThanRotom-W
|c| Cienight|aqua tail
|
|move|p1a: Azumarill|Waterfall|p2a: Shield
|-damage|p2a: Shield|27\/334
|move|p2a: Shield|Whirlwind|p1a: Azumarill
|drag|p1a: Heatran|Heatran, M|385\/385
|-damage|p1a: Heatran|337\/385|[from] Stealth Rock
|
|-heal|p1a: Heatran|361\/385|[from] item: Leftovers
|turn|28
|c| daftmau5|252+ Atk Choice Band Huge Power Azumarill Waterfall vs. 252 HP \/ 252+ Def Skarmory: 135-160 (40.4 - 47.9%) -- 58.2% chance to 2HKO after Stealth Rock
|c|âReverb|waterfall ahs more pp
|c|âReverb|so it's fine
|
|move|p1a: Heatran|Lava Plume|p2a: Shield
|-supereffective|p2a: Shield
|-damage|p2a: Shield|0 fnt
|faint|p2a: Shield
|
|-heal|p1a: Heatran|385\/385|[from] item: Leftovers
|
|switch|p2a: Call the police|Keldeo|322\/322
|-damage|p2a: Call the police|302\/322|[from] Stealth Rock
|turn|29
|
|switch|p1a: Latias|Latias, F|318\/364
|-damage|p1a: Latias|273\/364|[from] Stealth Rock
|move|p2a: Call the police|Scald|p1a: Latias
|-resisted|p1a: Latias
|-damage|p1a: Latias|196\/364
|-damage|p2a: Call the police|270\/322|[from] item: Life Orb
|
|-heal|p1a: Latias|218\/364|[from] item: Leftovers
|turn|30
|
|move|p2a: Call the police|Scald|p1a: Latias
|-resisted|p1a: Latias
|-damage|p1a: Latias|139\/364
|-damage|p2a: Call the police|238\/322|[from] item: Life Orb
|move|p1a: Latias|Defog|p2a: Call the police
|-unboost|p2a: Call the police|evasion|1
|-sideend|p2: noccliolinee|Stealth Rock|[from] move: Defog|[of] p2a: Call the police
|-sideend|p1: Reverb|Stealth Rock|[from] move: Defog|[of] p1a: Latias
|
|-heal|p1a: Latias|161\/364|[from] item: Leftovers
|turn|31
|c| daftmau5|you should outrun at least 60s
|c| daftmau5|so sylveon\/clef can't just pick you off for free
|c|âReverb|i need azu to be bulky
|c|âReverb|to check char-x
|
|move|p2a: Call the police|Icy Wind|p1a: Latias
|-supereffective|p1a: Latias
|-damage|p1a: Latias|31\/364
|-unboost|p1a: Latias|spe|1
|-damage|p2a: Call the police|206\/322|[from] item: Life Orb
|move|p1a: Latias|Recover|p1a: Latias
|-heal|p1a: Latias|213\/364
|
|-heal|p1a: Latias|235\/364|[from] item: Leftovers
|turn|32
|
|switch|p2a: Bacon|Sylveon, M|230\/394
|move|p1a: Latias|Recover|p1a: Latias
|-heal|p1a: Latias|364\/364
|
|-heal|p2a: Bacon|254\/394|[from] item: Leftovers
|turn|33
|
|move|p1a: Latias|Thunder Wave|p2a: Bacon
|-status|p2a: Bacon|par
|move|p2a: Bacon|Wish|p2a: Bacon
|
|-heal|p2a: Bacon|278\/394 par|[from] item: Leftovers
|turn|34
|
|move|p1a: Latias|Psyshock|p2a: Bacon
|-damage|p2a: Bacon|181\/394 par
|cant|p2a: Bacon|par
|
|-heal|p2a: Bacon|378\/394 par|[from] move: Wish|[wisher] Bacon
|-heal|p2a: Bacon|394\/394 par|[from] item: Leftovers
|turn|35
|
|switch|p1a: Metagross|Metagross-Mega|283\/301
|move|p2a: Bacon|Heal Bell|p2a: Bacon
|-cureteam|p2a: Bacon|[from] move: HealBell
|
|turn|36
|
|move|p2a: Bacon|Protect|p2a: Bacon
|-singleturn|p2a: Bacon|Protect
|move|p1a: Metagross|Meteor Mash|p2a: Bacon
|-activate|p2a: Bacon|Protect
|
|turn|37
|
|switch|p2a: Nachos|Heatran, M|283\/323
|move|p1a: Metagross|Meteor Mash|p2a: Nachos
|-resisted|p2a: Nachos
|-damage|p2a: Nachos|222\/323
|-boost|p1a: Metagross|atk|1
|
|turn|38
|join|XperimentTeams
|
|switch|p1a: Heatran|Heatran, M|385\/385
|move|p2a: Nachos|Fire Blast|p1a: Heatran
|-start|p1a: Heatran|ability: Flash Fire
|
|turn|39
|
|switch|p2a: Call the police|Keldeo|206\/322
|move|p1a: Heatran|Lava Plume|p2a: Call the police
|-resisted|p2a: Call the police
|-damage|p2a: Call the police|109\/322
|
|turn|40
|join|Alexander
|
|switch|p2a: Bacon|Sylveon, M|394\/394
|switch|p1a: Latias|Latias, F|364\/364
|
|turn|41
|
|switch|p1a: Heatran|Heatran, M|385\/385
|move|p2a: Bacon|Wish|p2a: Bacon
|
|turn|42
|
|switch|p2a: Call the police|Keldeo|109\/322
|move|p1a: Heatran|Roar|p2a: Call the police
|drag|p2a: Jail|Bisharp, M|255\/271
|
|-heal|p2a: Jail|271\/271|[from] move: Wish|[wisher] Bacon
|turn|43
|
|switch|p2a: Nachos|Heatran, M|222\/323
|move|p1a: Heatran|Stealth Rock|p2a: Nachos
|-sidestart|p2: noccliolinee|move: Stealth Rock
|
|turn|44
|
|switch|p2a: D2D|Sableye-Mega, M|224\/304
|-damage|p2a: D2D|186\/304|[from] Stealth Rock
|switch|p1a: Latias|Latias, F|364\/364
|
|turn|45
|
|switch|p1a: Landorus|Landorus, M|235\/319
|move|p2a: D2D|Recover|p2a: D2D
|-heal|p2a: D2D|304\/304
|
|turn|46
|leave|Tom Bus
|
|move|p1a: Landorus|Earth Power|p2a: D2D
|-damage|p2a: D2D|152\/304
|move|p2a: D2D|Calm Mind|p2a: D2D
|-boost|p2a: D2D|spa|1
|-boost|p2a: D2D|spd|1
|
|turn|47
|
|switch|p1a: Azumarill|Azumarill, F|96\/372
|move|p2a: D2D|Recover|p2a: D2D
|-heal|p2a: D2D|304\/304
|
|turn|48
|
|switch|p2a: Nachos|Heatran, M|222\/323
|-damage|p2a: Nachos|182\/323|[from] Stealth Rock
|move|p1a: Azumarill|Play Rough|p2a: Nachos
|-resisted|p2a: Nachos
|-damage|p2a: Nachos|103\/323
|
|turn|49
|
|switch|p1a: Latias|Latias, F|364\/364
|move|p2a: Nachos|Flash Cannon|p1a: Latias
|-damage|p1a: Latias|252\/364
|
|-heal|p1a: Latias|274\/364|[from] item: Leftovers
|turn|50
|
|switch|p2a: D2D|Sableye-Mega, M|304\/304
|-damage|p2a: D2D|266\/304|[from] Stealth Rock
|switch|p1a: Heatran|Heatran, M|385\/385
|
|turn|51
|
|switch|p1a: Azumarill|Azumarill, F|96\/372
|move|p2a: D2D|Shadow Ball|p1a: Azumarill
|-damage|p1a: Azumarill|2\/372
|
|turn|52
|
|switch|p2a: Bacon|Sylveon, M|394\/394
|-damage|p2a: Bacon|345\/394|[from] Stealth Rock
|move|p1a: Azumarill|Play Rough|p2a: Bacon
|-damage|p2a: Bacon|90\/394
|
|-heal|p2a: Bacon|114\/394|[from] item: Leftovers
|turn|53
|c| daftmau5|like now
|
|switch|p1a: Heatran|Heatran, M|385\/385
|move|p2a: Bacon|Hyper Voice|p1a: Heatran
|-resisted|p1a: Heatran
|-damage|p1a: Heatran|348\/385
|
|-heal|p1a: Heatran|372\/385|[from] item: Leftovers
|-heal|p2a: Bacon|138\/394|[from] item: Leftovers
|turn|54
|c| daftmau5|you cant even ko this sylveon
|c| daftmau5|...
|
|move|p1a: Heatran|Lava Plume|p2a: Bacon
|-damage|p2a: Bacon|42\/394
|-status|p2a: Bacon|brn
|move|p2a: Bacon|Wish|p2a: Bacon
|
|-heal|p1a: Heatran|385\/385|[from] item: Leftovers
|-heal|p2a: Bacon|66\/394 brn|[from] item: Leftovers
|-damage|p2a: Bacon|17\/394 brn|[from] brn
|turn|55
|
|move|p2a: Bacon|Protect|p2a: Bacon
|-singleturn|p2a: Bacon|Protect
|move|p1a: Heatran|Roar|p2a: Bacon
|drag|p2a: Jail|Bisharp, M|271\/271
|-damage|p2a: Jail|255\/271|[from] Stealth Rock
|
|-heal|p2a: Jail|271\/271|[from] move: Wish|[wisher] Bacon
|turn|56
|
|move|p1a: Heatran|Lava Plume|p2a: Jail
|-supereffective|p2a: Jail
|-damage|p2a: Jail|0 fnt
|faint|p2a: Jail
|
|
|switch|p2a: Call the police|Keldeo|109\/322
|-damage|p2a: Call the police|89\/322|[from] Stealth Rock
|turn|57
|
|switch|p1a: Latias|Latias, F|274\/364
|move|p2a: Call the police|Scald|p1a: Latias
|-resisted|p1a: Latias
|-damage|p1a: Latias|196\/364
|-damage|p2a: Call the police|57\/322|[from] item: Life Orb
|
|-heal|p1a: Latias|218\/364|[from] item: Leftovers
|turn|58
|c|âReverb|daft
|c|âReverb|find me a spread
|c|âReverb|that doesnt get ohkoed after sr
|c|âReverb|by +1 har x flare blitz
|c|âReverb|and is speedy
|
|switch|p2a: D2D|Sableye-Mega, M|266\/304
|-damage|p2a: D2D|228\/304|[from] Stealth Rock
|move|p1a: Latias|Recover|p1a: Latias
|-heal|p1a: Latias|364\/364
|
|turn|59
|
|switch|p1a: Heatran|Heatran, M|385\/385
|move|p2a: D2D|Shadow Ball|p1a: Heatran
|-damage|p1a: Heatran|309\/385
|
|-heal|p1a: Heatran|333\/385|[from] item: Leftovers
|turn|60
|
|move|p1a: Heatran|Lava Plume|p2a: D2D
|-damage|p2a: D2D|155\/304
|-status|p2a: D2D|brn
|move|p2a: D2D|Calm Mind|p2a: D2D
|-boost|p2a: D2D|spa|1
|-boost|p2a: D2D|spd|1
|
|-heal|p1a: Heatran|357\/385|[from] item: Leftovers
|-damage|p2a: D2D|117\/304 brn|[from] brn
|turn|61
|c| daftmau5|+1 252+ Atk Tough Claws Mega Charizard X Flare Blitz vs. 32 HP \/ 0 Def Azumarill: 258-305 (73.9 - 87.3%) -- guaranteed 2HKO after Stealth Rock
|
|switch|p1a: Azumarill|Azumarill, F|2\/372
|move|p2a: D2D|Recover|p2a: D2D
|-heal|p2a: D2D|269\/304 brn
|
|-damage|p2a: D2D|231\/304 brn|[from] brn
|turn|62
|
|move|p1a: Azumarill|Waterfall|p2a: D2D
|-damage|p2a: D2D|6\/304 brn
|cant|p2a: D2D|flinch
|
|-damage|p2a: D2D|0 fnt|[from] brn
|faint|p2a: D2D
|c| Alvok|lol
|
|switch|p2a: Nachos|Heatran, M|103\/323
|-damage|p2a: Nachos|63\/323|[from] Stealth Rock
|turn|63
|c|ânoccliolinee|gg
|-message|noccliolinee forfeited.
|
|win|Reverb
|raw|Ladder updating...
|leave|noccliolinee
|player|p2
|raw|Reverb's rating: 1705 &rarr; <strong>1717<\/strong><br \/>(+12 for winning)
|raw|noccliolinee's rating: 1549 &rarr; <strong>1537<\/strong><br \/>(-12 for losing)