|join|noccliolinee
|join|watchMeMiss
|player|p1|noccliolinee|203
|player|p2|watchMeMiss|170
|gametype|singles
|gen|6
|tier|OU (suspect test)
|rated
|clearpoke
|poke|p1|Heatran, F
|poke|p1|Landorus, M
|poke|p1|Sylveon, F
|poke|p1|Skarmory, M
|poke|p1|Conkeldurr, F
|poke|p1|Gyarados, F
|poke|p2|Medicham, M
|poke|p2|Azumarill, F
|poke|p2|Zapdos
|poke|p2|Landorus-Therian, M
|poke|p2|Magnezone
|poke|p2|Rotom-Wash
|rule|Swagger Clause: Swagger is banned
|rule|Baton Pass Clause: Limit one PokÃ©mon knowing Baton Pass
|rule|Sleep Clause Mod: Limit one foe put to sleep
|rule|Species Clause: Limit one of each PokÃ©mon
|rule|OHKO Clause: OHKO moves are banned
|rule|Moody Clause: Moody is banned
|rule|Evasion Moves Clause: Evasion moves are banned
|rule|Endless Battle Clause: Forcing endless battles is banned
|rule|HP Percentage Mod: HP is shown in percentages
|teampreview
|
|start
|switch|p1a: Conkeldurr|Conkeldurr, F|410\/410
|switch|p2a: Rotom-Wash|Rotom-Wash|304\/304
|turn|1
|
|move|p2a: Rotom-Wash|Volt Switch|p1a: Conkeldurr
|-crit|p1a: Conkeldurr
|-damage|p1a: Conkeldurr|281\/410
|
|switch|p2a: Azumarill|Azumarill, F|401\/401
|move|p1a: Conkeldurr|Knock Off|p2a: Azumarill
|-resisted|p2a: Azumarill
|-damage|p2a: Azumarill|323\/401
|-enditem|p2a: Azumarill|Assault Vest|[from] move: Knock Off|[of] p1a: Conkeldurr
|
|turn|2
|
|switch|p1a: Skarmory|Skarmory, M|334\/334
|move|p2a: Azumarill|Play Rough|p1a: Skarmory
|-resisted|p1a: Skarmory
|-damage|p1a: Skarmory|282\/334
|-damage|p2a: Azumarill|257\/401|[from] item: Rocky Helmet|[of] p1a: Skarmory
|
|turn|3
|
|switch|p1a: Landorus|Landorus, M|319\/319
|switch|p2a: Magnezone|Magnezone|281\/281
|
|turn|4
|
|switch|p2a: Landorus-Therian|Landorus-Therian, M|319\/319
|-ability|p2a: Landorus-Therian|Intimidate|[of] p1a: Landorus
|-unboost|p1a: Landorus|atk|1
|move|p1a: Landorus|Stealth Rock|p2a: Landorus-Therian
|-sidestart|p2: watchMeMiss|move: Stealth Rock
|
|turn|5
|
|switch|p1a: Gyarados|Gyarados, F|331\/331
|-ability|p1a: Gyarados|Intimidate|[of] p2a: Landorus-Therian
|-unboost|p2a: Landorus-Therian|atk|1
|move|p2a: Landorus-Therian|Knock Off|p1a: Gyarados
|-damage|p1a: Gyarados|260\/331
|
|turn|6
|
|switch|p2a: Rotom-Wash|Rotom-Wash|304\/304
|-damage|p2a: Rotom-Wash|266\/304|[from] Stealth Rock
|detailschange|p1a: Gyarados|Gyarados-Mega, F
|-mega|p1a: Gyarados|Gyarados|Gyaradosite
|-ability|p1a: Gyarados|Mold Breaker
|move|p1a: Gyarados|Dragon Dance|p1a: Gyarados
|-boost|p1a: Gyarados|atk|1
|-boost|p1a: Gyarados|spe|1
|
|-heal|p2a: Rotom-Wash|285\/304|[from] item: Leftovers
|turn|7
|
|move|p1a: Gyarados|Crunch|p2a: Rotom-Wash
|-damage|p2a: Rotom-Wash|113\/304
|move|p2a: Rotom-Wash|Will-O-Wisp|p1a: Gyarados
|-status|p1a: Gyarados|brn
|
|-heal|p2a: Rotom-Wash|132\/304|[from] item: Leftovers
|-damage|p1a: Gyarados|219\/331 brn|[from] brn
|turn|8
|
|switch|p1a: Sylveon|Sylveon, F|394\/394
|move|p2a: Rotom-Wash|Pain Split|p1a: Sylveon
|-sethp|p1a: Sylveon|263\/394|p2a: Rotom-Wash|263\/304|[from] move: Pain Split
|
|-heal|p2a: Rotom-Wash|282\/304|[from] item: Leftovers
|-heal|p1a: Sylveon|287\/394|[from] item: Leftovers
|turn|9
|
|move|p2a: Rotom-Wash|Volt Switch|p1a: Sylveon
|-damage|p1a: Sylveon|221\/394
|
|switch|p2a: Zapdos|Zapdos|384\/384
|-damage|p2a: Zapdos|288\/384|[from] Stealth Rock
|-ability|p2a: Zapdos|Pressure
|move|p1a: Sylveon|Heal Bell|p1a: Sylveon
|-cureteam|p1a: Sylveon|[from] move: HealBell
|
|-heal|p2a: Zapdos|312\/384|[from] item: Leftovers
|-heal|p1a: Sylveon|245\/394|[from] item: Leftovers
|turn|10
|
|move|p2a: Zapdos|Defog|p1a: Sylveon
|-unboost|p1a: Sylveon|evasion|1
|-sideend|p2: watchMeMiss|Stealth Rock|[from] move: Defog|[of] p2a: Zapdos
|move|p1a: Sylveon|Wish|p1a: Sylveon
|
|-heal|p2a: Zapdos|336\/384|[from] item: Leftovers
|-heal|p1a: Sylveon|269\/394|[from] item: Leftovers
|turn|11
|
|move|p2a: Zapdos|Volt Switch|p1a: Sylveon
|-damage|p1a: Sylveon|184\/394
|
|switch|p2a: Magnezone|Magnezone|281\/281
|move|p1a: Sylveon|Hyper Voice|p2a: Magnezone
|-resisted|p2a: Magnezone
|-damage|p2a: Magnezone|196\/281
|
|-heal|p1a: Sylveon|381\/394|[from] move: Wish|[wisher] Sylveon
|-heal|p1a: Sylveon|394\/394|[from] item: Leftovers
|turn|12
|
|move|p1a: Sylveon|Protect|p1a: Sylveon
|-singleturn|p1a: Sylveon|Protect
|move|p2a: Magnezone|Flash Cannon|p1a: Sylveon
|-activate|p1a: Sylveon|Protect
|
|turn|13
|
|switch|p2a: Medicham|Medicham, M|261\/261
|switch|p1a: Heatran|Heatran, F|385\/385
|
|turn|14
|
|switch|p1a: Skarmory|Skarmory, M|282\/334
|detailschange|p2a: Medicham|Medicham-Mega, M
|-mega|p2a: Medicham|Medicham|Medichamite
|move|p2a: Medicham|Drain Punch|p1a: Skarmory
|-damage|p1a: Skarmory|138\/334
|-damage|p2a: Medicham|218\/261|[from] item: Rocky Helmet|[of] p1a: Skarmory
|
|turn|15
|
|move|p2a: Medicham|Drain Punch|p1a: Skarmory
|-damage|p1a: Skarmory|0 fnt
|-heal|p2a: Medicham|261\/261|[from] drain|[of] p1a: Skarmory
|-damage|p2a: Medicham|218\/261|[from] item: Rocky Helmet|[of] p1a: Skarmory
|faint|p1a: Skarmory
|
|
|switch|p1a: Sylveon|Sylveon, F|394\/394
|turn|16
|
|switch|p2a: Magnezone|Magnezone|196\/281
|move|p1a: Sylveon|Hyper Voice|p2a: Magnezone
|-resisted|p2a: Magnezone
|-damage|p2a: Magnezone|119\/281
|
|turn|17
|
|move|p1a: Sylveon|Protect|p1a: Sylveon
|-singleturn|p1a: Sylveon|Protect
|move|p2a: Magnezone|Flash Cannon|p1a: Sylveon
|-activate|p1a: Sylveon|Protect
|
|turn|18
|
|switch|p2a: Azumarill|Azumarill, F|257\/401
|move|p1a: Sylveon|Wish|p1a: Sylveon
|
|turn|19
|
|move|p1a: Sylveon|Hyper Voice|p2a: Azumarill
|-damage|p2a: Azumarill|82\/401
|move|p2a: Azumarill|Waterfall|p1a: Sylveon
|-damage|p1a: Sylveon|217\/394
|
|-heal|p1a: Sylveon|394\/394|[from] move: Wish|[wisher] Sylveon
|turn|20
|
|switch|p2a: Zapdos|Zapdos|336\/384
|-ability|p2a: Zapdos|Pressure
|move|p1a: Sylveon|Hyper Voice|p2a: Zapdos
|-crit|p2a: Zapdos
|-damage|p2a: Zapdos|152\/384
|
|-heal|p2a: Zapdos|176\/384|[from] item: Leftovers
|turn|21
|
|move|p2a: Zapdos|Hidden Power|p1a: Sylveon
|-damage|p1a: Sylveon|350\/394
|move|p1a: Sylveon|Wish|p1a: Sylveon
|
|-heal|p2a: Zapdos|200\/384|[from] item: Leftovers
|-heal|p1a: Sylveon|374\/394|[from] item: Leftovers
|turn|22
|
|switch|p1a: Conkeldurr|Conkeldurr, F|281\/410
|move|p2a: Zapdos|Roost|p2a: Zapdos
|-heal|p2a: Zapdos|384\/384
|
|-heal|p1a: Conkeldurr|410\/410|[from] move: Wish|[wisher] Sylveon
|turn|23
|
|switch|p2a: Azumarill|Azumarill, F|82\/401
|move|p1a: Conkeldurr|Knock Off|p2a: Azumarill
|-resisted|p2a: Azumarill
|-damage|p2a: Azumarill|29\/401
|
|turn|24
|
|move|p2a: Azumarill|Aqua Jet|p1a: Conkeldurr
|-damage|p1a: Conkeldurr|316\/410
|move|p1a: Conkeldurr|Mach Punch|p2a: Azumarill
|-resisted|p2a: Azumarill
|-damage|p2a: Azumarill|0 fnt
|faint|p2a: Azumarill
|
|
|switch|p2a: Medicham|Medicham-Mega, M|218\/261
|turn|25
|
|switch|p1a: Heatran|Heatran, F|385\/385
|move|p2a: Medicham|Drain Punch|p1a: Heatran
|-supereffective|p1a: Heatran
|-damage|p1a: Heatran|0 fnt
|-heal|p2a: Medicham|261\/261|[from] drain|[of] p1a: Heatran
|faint|p1a: Heatran
|
|
|switch|p1a: Sylveon|Sylveon, F|374\/394
|turn|26
|
|switch|p2a: Zapdos|Zapdos|384\/384
|-ability|p2a: Zapdos|Pressure
|move|p1a: Sylveon|Hyper Voice|p2a: Zapdos
|-damage|p2a: Zapdos|275\/384
|
|-heal|p2a: Zapdos|299\/384|[from] item: Leftovers
|-heal|p1a: Sylveon|394\/394|[from] item: Leftovers
|turn|27
|
|move|p2a: Zapdos|Volt Switch|p1a: Sylveon
|-damage|p1a: Sylveon|313\/394
|
|switch|p2a: Magnezone|Magnezone|119\/281
|move|p1a: Sylveon|Wish|p1a: Sylveon
|
|-heal|p1a: Sylveon|337\/394|[from] item: Leftovers
|turn|28
|
|switch|p1a: Conkeldurr|Conkeldurr, F|316\/410
|move|p2a: Magnezone|Flash Cannon|p1a: Conkeldurr
|-damage|p1a: Conkeldurr|120\/410
|
|-heal|p1a: Conkeldurr|317\/410|[from] move: Wish|[wisher] Sylveon
|turn|29
|
|switch|p2a: Rotom-Wash|Rotom-Wash|282\/304
|move|p1a: Conkeldurr|Drain Punch|p2a: Rotom-Wash
|-damage|p2a: Rotom-Wash|167\/304
|-heal|p1a: Conkeldurr|375\/410|[from] drain|[of] p2a: Rotom-Wash
|
|-heal|p2a: Rotom-Wash|186\/304|[from] item: Leftovers
|turn|30
|
|move|p2a: Rotom-Wash|Pain Split|p1a: Conkeldurr
|-sethp|p1a: Conkeldurr|280\/410|p2a: Rotom-Wash|280\/304|[from] move: Pain Split
|move|p1a: Conkeldurr|Drain Punch|p2a: Rotom-Wash
|-damage|p2a: Rotom-Wash|172\/304
|-heal|p1a: Conkeldurr|334\/410|[from] drain|[of] p2a: Rotom-Wash
|
|-heal|p2a: Rotom-Wash|191\/304|[from] item: Leftovers
|turn|31
|
|move|p2a: Rotom-Wash|Volt Switch|p1a: Conkeldurr
|-damage|p1a: Conkeldurr|247\/410
|
|switch|p2a: Medicham|Medicham-Mega, M|261\/261
|move|p1a: Conkeldurr|Drain Punch|p2a: Medicham
|-resisted|p2a: Medicham
|-damage|p2a: Medicham|170\/261
|-heal|p1a: Conkeldurr|293\/410|[from] drain|[of] p2a: Medicham
|
|turn|32
|
|switch|p1a: Landorus|Landorus, M|319\/319
|move|p2a: Medicham|Fake Out|p1a: Landorus
|-damage|p1a: Landorus|216\/319
|
|turn|33
|
|switch|p2a: Landorus-Therian|Landorus-Therian, M|319\/319
|-ability|p2a: Landorus-Therian|Intimidate|[of] p1a: Landorus
|-unboost|p1a: Landorus|atk|1
|move|p1a: Landorus|Psychic|p2a: Landorus-Therian
|-damage|p2a: Landorus-Therian|123\/319
|
|turn|34
|
|move|p2a: Landorus-Therian|U-turn|p1a: Landorus
|-resisted|p1a: Landorus
|-damage|p1a: Landorus|167\/319
|
|switch|p2a: Zapdos|Zapdos|299\/384
|-ability|p2a: Zapdos|Pressure
|move|p1a: Landorus|Psychic|p2a: Zapdos
|-damage|p2a: Zapdos|182\/384
|
|-heal|p2a: Zapdos|206\/384|[from] item: Leftovers
|turn|35
|
|switch|p1a: Sylveon|Sylveon, F|337\/394
|move|p2a: Zapdos|Volt Switch|p1a: Sylveon
|-damage|p1a: Sylveon|253\/394
|
|switch|p2a: Medicham|Medicham-Mega, M|170\/261
|
|-heal|p1a: Sylveon|277\/394|[from] item: Leftovers
|turn|36
|
|move|p2a: Medicham|Fake Out|p1a: Sylveon
|-damage|p1a: Sylveon|199\/394
|cant|p1a: Sylveon|flinch
|
|-heal|p1a: Sylveon|223\/394|[from] item: Leftovers
|turn|37
|
|move|p1a: Sylveon|Protect|p1a: Sylveon
|-singleturn|p1a: Sylveon|Protect
|move|p2a: Medicham|Psycho Cut|p1a: Sylveon
|-activate|p1a: Sylveon|Protect
|
|-heal|p1a: Sylveon|247\/394|[from] item: Leftovers
|turn|38
|
|move|p2a: Medicham|Psycho Cut|p1a: Sylveon
|-damage|p1a: Sylveon|42\/394
|move|p1a: Sylveon|Wish|p1a: Sylveon
|
|-heal|p1a: Sylveon|66\/394|[from] item: Leftovers
|turn|39
|
|move|p1a: Sylveon|Protect|p1a: Sylveon
|-singleturn|p1a: Sylveon|Protect
|move|p2a: Medicham|Bullet Punch|p1a: Sylveon
|-activate|p1a: Sylveon|Protect
|
|-heal|p1a: Sylveon|263\/394|[from] move: Wish|[wisher] Sylveon
|-heal|p1a: Sylveon|287\/394|[from] item: Leftovers
|turn|40
|
|switch|p2a: Zapdos|Zapdos|206\/384
|-ability|p2a: Zapdos|Pressure
|move|p1a: Sylveon|Wish|p1a: Sylveon
|
|-heal|p2a: Zapdos|230\/384|[from] item: Leftovers
|-heal|p1a: Sylveon|311\/394|[from] item: Leftovers
|turn|41
|
|move|p2a: Zapdos|Volt Switch|p1a: Sylveon
|-damage|p1a: Sylveon|223\/394
|
|switch|p2a: Magnezone|Magnezone|119\/281
|move|p1a: Sylveon|Hyper Voice|p2a: Magnezone
|-resisted|p2a: Magnezone
|-damage|p2a: Magnezone|38\/281
|
|-heal|p1a: Sylveon|394\/394|[from] move: Wish|[wisher] Sylveon
|turn|42
|
|move|p1a: Sylveon|Protect|p1a: Sylveon
|-singleturn|p1a: Sylveon|Protect
|move|p2a: Magnezone|Volt Switch|p1a: Sylveon
|-activate|p1a: Sylveon|Protect
|
|turn|43
|
|switch|p2a: Zapdos|Zapdos|230\/384
|-ability|p2a: Zapdos|Pressure
|move|p1a: Sylveon|Wish|p1a: Sylveon
|
|-heal|p2a: Zapdos|254\/384|[from] item: Leftovers
|turn|44
|
|switch|p1a: Conkeldurr|Conkeldurr, F|293\/410
|move|p2a: Zapdos|Hidden Power|p1a: Conkeldurr
|-damage|p1a: Conkeldurr|241\/410
|
|-heal|p1a: Conkeldurr|410\/410|[from] move: Wish|[wisher] Sylveon
|-heal|p2a: Zapdos|278\/384|[from] item: Leftovers
|turn|45
|
|move|p2a: Zapdos|Volt Switch|p1a: Conkeldurr
|-damage|p1a: Conkeldurr|307\/410
|
|switch|p2a: Rotom-Wash|Rotom-Wash|191\/304
|move|p1a: Conkeldurr|Knock Off|p2a: Rotom-Wash
|-damage|p2a: Rotom-Wash|92\/304
|-enditem|p2a: Rotom-Wash|Leftovers|[from] move: Knock Off|[of] p1a: Conkeldurr
|
|turn|46
|
|move|p2a: Rotom-Wash|Pain Split|p1a: Conkeldurr
|-sethp|p1a: Conkeldurr|199\/410|p2a: Rotom-Wash|199\/304|[from] move: Pain Split
|move|p1a: Conkeldurr|Drain Punch|p2a: Rotom-Wash
|-damage|p2a: Rotom-Wash|91\/304
|-heal|p1a: Conkeldurr|253\/410|[from] drain|[of] p2a: Rotom-Wash
|
|turn|47
|
|move|p2a: Rotom-Wash|Volt Switch|p1a: Conkeldurr
|-damage|p1a: Conkeldurr|171\/410
|
|switch|p2a: Medicham|Medicham-Mega, M|170\/261
|move|p1a: Conkeldurr|Drain Punch|p2a: Medicham
|-resisted|p2a: Medicham
|-damage|p2a: Medicham|88\/261
|-heal|p1a: Conkeldurr|212\/410|[from] drain|[of] p2a: Medicham
|
|turn|48
|
|switch|p1a: Landorus|Landorus, M|167\/319
|move|p2a: Medicham|Drain Punch|p1a: Landorus
|-resisted|p1a: Landorus
|-damage|p1a: Landorus|34\/319
|-heal|p2a: Medicham|155\/261|[from] drain|[of] p1a: Landorus
|
|turn|49
|
|move|p2a: Medicham|Bullet Punch|p1a: Landorus
|-damage|p1a: Landorus|0 fnt
|faint|p1a: Landorus
|
|
|switch|p1a: Sylveon|Sylveon, F|394\/394
|turn|50
|
|switch|p2a: Zapdos|Zapdos|278\/384
|-ability|p2a: Zapdos|Pressure
|move|p1a: Sylveon|Hyper Voice|p2a: Zapdos
|-damage|p2a: Zapdos|172\/384
|
|-heal|p2a: Zapdos|196\/384|[from] item: Leftovers
|turn|51
|
|move|p2a: Zapdos|Roost|p2a: Zapdos
|-heal|p2a: Zapdos|384\/384
|move|p1a: Sylveon|Wish|p1a: Sylveon
|
|turn|52
|
|switch|p1a: Conkeldurr|Conkeldurr, F|212\/410
|move|p2a: Zapdos|Hidden Power|p1a: Conkeldurr
|-damage|p1a: Conkeldurr|160\/410
|
|-heal|p1a: Conkeldurr|357\/410|[from] move: Wish|[wisher] Sylveon
|turn|53
|
|switch|p2a: Landorus-Therian|Landorus-Therian, M|123\/319
|-ability|p2a: Landorus-Therian|Intimidate|[of] p1a: Conkeldurr
|-unboost|p1a: Conkeldurr|atk|1
|move|p1a: Conkeldurr|Ice Punch|p2a: Landorus-Therian
|-supereffective|p2a: Landorus-Therian
|-damage|p2a: Landorus-Therian|0 fnt
|faint|p2a: Landorus-Therian
|
|
|switch|p2a: Medicham|Medicham-Mega, M|155\/261
|turn|54
|
|switch|p1a: Gyarados|Gyarados-Mega, F|219\/331
|-ability|p1a: Gyarados|Mold Breaker
|move|p2a: Medicham|Drain Punch|p1a: Gyarados
|-crit|p1a: Gyarados
|-supereffective|p1a: Gyarados
|-damage|p1a: Gyarados|0 fnt
|-heal|p2a: Medicham|261\/261|[from] drain|[of] p1a: Gyarados
|faint|p1a: Gyarados
|
|
|switch|p1a: Sylveon|Sylveon, F|394\/394
|turn|55
|
|switch|p2a: Zapdos|Zapdos|384\/384
|-ability|p2a: Zapdos|Pressure
|move|p1a: Sylveon|Hyper Voice|p2a: Zapdos
|-damage|p2a: Zapdos|270\/384
|
|-heal|p2a: Zapdos|294\/384|[from] item: Leftovers
|turn|56
|
|move|p2a: Zapdos|Hidden Power|p1a: Sylveon
|-damage|p1a: Sylveon|348\/394
|move|p1a: Sylveon|Hyper Voice|p2a: Zapdos
|-damage|p2a: Zapdos|176\/384
|
|-heal|p2a: Zapdos|200\/384|[from] item: Leftovers
|-heal|p1a: Sylveon|372\/394|[from] item: Leftovers
|turn|57
|
|move|p2a: Zapdos|Roost|p2a: Zapdos
|-heal|p2a: Zapdos|384\/384
|move|p1a: Sylveon|Wish|p1a: Sylveon
|
|-heal|p1a: Sylveon|394\/394|[from] item: Leftovers
|turn|58
|
|switch|p1a: Conkeldurr|Conkeldurr, F|357\/410
|move|p2a: Zapdos|Volt Switch|p1a: Conkeldurr
|-damage|p1a: Conkeldurr|258\/410
|
|switch|p2a: Medicham|Medicham-Mega, M|261\/261
|
|-heal|p1a: Conkeldurr|410\/410|[from] move: Wish|[wisher] Sylveon
|turn|59
|
|switch|p1a: Sylveon|Sylveon, F|394\/394
|move|p2a: Medicham|Fake Out|p1a: Sylveon
|-damage|p1a: Sylveon|311\/394
|
|-heal|p1a: Sylveon|335\/394|[from] item: Leftovers
|turn|60
|
|switch|p2a: Zapdos|Zapdos|384\/384
|-ability|p2a: Zapdos|Pressure
|move|p1a: Sylveon|Wish|p1a: Sylveon
|
|-heal|p1a: Sylveon|359\/394|[from] item: Leftovers
|turn|61
|
|switch|p1a: Conkeldurr|Conkeldurr, F|410\/410
|move|p2a: Zapdos|Hidden Power|p1a: Conkeldurr
|-damage|p1a: Conkeldurr|359\/410
|
|-heal|p1a: Conkeldurr|410\/410|[from] move: Wish|[wisher] Sylveon
|turn|62
|
|switch|p2a: Rotom-Wash|Rotom-Wash|91\/304
|move|p1a: Conkeldurr|Ice Punch|p2a: Rotom-Wash
|-resisted|p2a: Rotom-Wash
|-damage|p2a: Rotom-Wash|56\/304
|
|turn|63
|
|move|p2a: Rotom-Wash|Pain Split|p1a: Conkeldurr
|-sethp|p1a: Conkeldurr|233\/410|p2a: Rotom-Wash|233\/304|[from] move: Pain Split
|move|p1a: Conkeldurr|Drain Punch|p2a: Rotom-Wash
|-damage|p2a: Rotom-Wash|133\/304
|-heal|p1a: Conkeldurr|283\/410|[from] drain|[of] p2a: Rotom-Wash
|
|turn|64
|
|move|p2a: Rotom-Wash|Volt Switch|p1a: Conkeldurr
|-crit|p1a: Conkeldurr
|-damage|p1a: Conkeldurr|162\/410
|
|switch|p2a: Medicham|Medicham-Mega, M|261\/261
|move|p1a: Conkeldurr|Drain Punch|p2a: Medicham
|-resisted|p2a: Medicham
|-damage|p2a: Medicham|180\/261
|-heal|p1a: Conkeldurr|203\/410|[from] drain|[of] p2a: Medicham
|
|turn|65
|
|move|p2a: Medicham|Psycho Cut|p1a: Conkeldurr
|-supereffective|p1a: Conkeldurr
|-damage|p1a: Conkeldurr|0 fnt
|faint|p1a: Conkeldurr
|
|
|switch|p1a: Sylveon|Sylveon, F|359\/394
|turn|66
|
|switch|p2a: Zapdos|Zapdos|384\/384
|-ability|p2a: Zapdos|Pressure
|move|p1a: Sylveon|Hyper Voice|p2a: Zapdos
|-damage|p2a: Zapdos|266\/384
|
|-heal|p2a: Zapdos|290\/384|[from] item: Leftovers
|-heal|p1a: Sylveon|383\/394|[from] item: Leftovers
|turn|67
|-message|noccliolinee forfeited.
|
|win|watchMeMiss
|raw|Ladder updating...
|leave|noccliolinee
|player|p1
|raw|noccliolinee's rating: 1334 &rarr; <strong>1310<\/strong><br \/>(-24 for losing)
|raw|watchMeMiss's rating: 1264 &rarr; <strong>1294<\/strong><br \/>(+30 for winning)