|join|uCan'tSeeMe
|join|wertzu
|player|p1|uCan'tSeeMe|211
|player|p2|wertzu|7
|gametype|singles
|gen|6
|tier|ORAS OU
|rated
|rule|Sleep Clause Mod: Limit one foe put to sleep
|rule|Species Clause: Limit one of each PokÃ©mon
|rule|OHKO Clause: OHKO moves are banned
|rule|Moody Clause: Moody is banned
|rule|Evasion Moves Clause: Evasion moves are banned
|rule|Endless Battle Clause: Forcing endless battles is banned
|rule|HP Percentage Mod: HP is shown in percentages
|clearpoke
|poke|p1|Medicham, F
|poke|p1|Tyranitar, M
|poke|p1|Excadrill, F
|poke|p1|Clefable, M
|poke|p1|Ferrothorn, M
|poke|p1|Thundurus, M
|poke|p2|Salamence, M
|poke|p2|Azumarill, M
|poke|p2|Magnezone, shiny
|poke|p2|Rotom-Wash
|poke|p2|Heatran, M, shiny
|poke|p2|Latios, M, shiny
|rule|Swagger Clause: Swagger is banned
|rule|Baton Pass Clause: Limit one PokÃ©mon knowing Baton Pass
|teampreview
|c|âwertzu|ucant <3
|c|âuCan'tSeeMe|>wertzu
|c|âuCan'tSeeMe|<3
|c|âwertzu|lol
|
|start
|switch|p1a: Medicham|Medicham, F|261\/261
|switch|p2a: Sock Eater|Rotom-Wash|242\/242
|turn|1
|
|detailschange|p1a: Medicham|Medicham-Mega, F
|message|Medicham has Mega Evolved into Mega Medicham!
|move|p1a: Medicham|Fake Out|p2a: Sock Eater
|-damage|p2a: Sock Eater|170\/242
|cant|p2a: Sock Eater|flinch
|
|turn|2
|
|move|p2a: Sock Eater|Will-O-Wisp|p1a: Medicham
|-status|p1a: Medicham|brn
|move|p1a: Medicham|High Jump Kick|p2a: Sock Eater
|-damage|p2a: Sock Eater|0 fnt
|faint|p2a: Sock Eater
|
|-damage|p1a: Medicham|229\/261 brn|[from] brn
|c|âwertzu|oha
|
|switch|p2a: Dreamer|Salamence, M|331\/331
|-ability|p2a: Dreamer|Intimidate|[of] p1a: Medicham
|-unboost|p1a: Medicham|atk|1
|turn|3
|
|detailschange|p2a: Dreamer|Salamence-Mega, M
|message|Salamence has Mega Evolved into Mega Salamence!
|move|p1a: Medicham|Ice Punch|p2a: Dreamer
|-supereffective|p2a: Dreamer
|-damage|p2a: Dreamer|175\/331
|move|p2a: Dreamer|Substitute|p2a: Dreamer
|-start|p2a: Dreamer|Substitute
|-damage|p2a: Dreamer|93\/331
|
|-damage|p1a: Medicham|197\/261 brn|[from] brn
|turn|4
|
|move|p2a: Dreamer|Roost|p2a: Dreamer
|-heal|p2a: Dreamer|259\/331
|move|p1a: Medicham|Ice Punch|p2a: Dreamer
|-supereffective|p2a: Dreamer
|-end|p2a: Dreamer|Substitute
|
|-damage|p1a: Medicham|165\/261 brn|[from] brn
|turn|5
|
|switch|p1a: Clefable|Clefable, M|393\/393
|move|p2a: Dreamer|Dragon Dance|p2a: Dreamer
|-boost|p2a: Dreamer|atk|1
|-boost|p2a: Dreamer|spe|1
|
|turn|6
|
|switch|p2a: Vulcano|Heatran, M, shiny|385\/385
|move|p1a: Clefable|Moonblast|p2a: Vulcano
|-resisted|p2a: Vulcano
|-damage|p2a: Vulcano|366\/385
|-unboost|p2a: Vulcano|spa|1
|
|-heal|p2a: Vulcano|385\/385|[from] item: Leftovers
|turn|7
|
|switch|p1a: Medicham|Medicham-Mega, F|165\/261 brn
|move|p2a: Vulcano|Stealth Rock|p1a: Medicham
|-sidestart|p1: uCan'tSeeMe|move: Stealth Rock
|
|-damage|p1a: Medicham|133\/261 brn|[from] brn
|turn|8
|
|switch|p2a: Real bunny|Azumarill, M|403\/403
|move|p1a: Medicham|Zen Headbutt|p2a: Real bunny
|-crit|p2a: Real bunny
|-damage|p2a: Real bunny|201\/403
|
|-damage|p1a: Medicham|101\/261 brn|[from] brn
|turn|9
|c|âwertzu|hax
|c|âuCan'tSeeMe|sry
|c|âuCan'tSeeMe|:\/
|c|âwertzu|u.u
|
|switch|p1a: Ferrothorn|Ferrothorn, M|351\/351
|-damage|p1a: Ferrothorn|330\/351|[from] Stealth Rock
|move|p2a: Real bunny|Aqua Jet|p1a: Ferrothorn
|-resisted|p1a: Ferrothorn
|-damage|p1a: Ferrothorn|303\/351
|-damage|p2a: Real bunny|151\/403|[from] ability: Iron Barbs|[of] p1a: Ferrothorn
|
|-heal|p1a: Ferrothorn|324\/351|[from] item: Leftovers
|turn|10
|c|âuCan'tSeeMe|n_n
|c|âwertzu|ich hasse dich :c
|
|switch|p2a: Eon|Latios, M, shiny|302\/302
|move|p1a: Ferrothorn|Stealth Rock|p2a: Eon
|-sidestart|p2: wertzu|move: Stealth Rock
|
|-heal|p1a: Ferrothorn|345\/351|[from] item: Leftovers
|turn|11
|c|âuCan'tSeeMe|:\/
|
|switch|p1a: Clefable|Clefable, M|393\/393
|move|p2a: Eon|Hidden Power|p1a: Clefable
|-damage|p1a: Clefable|296\/393
|-damage|p2a: Eon|272\/302|[from] item: Life Orb
|
|-heal|p1a: Clefable|320\/393|[from] item: Leftovers
|turn|12
|
|move|p2a: Eon|Defog|p1a: Clefable
|-unboost|p1a: Clefable|evasion|1
|-sideend|p1: uCan'tSeeMe|Stealth Rock|[from] move: Defog|[of] p1a: Clefable
|-sideend|p2: wertzu|Stealth Rock|[from] move: Defog|[of] p2a: Eon
|move|p1a: Clefable|Calm Mind|p1a: Clefable
|-boost|p1a: Clefable|spa|1
|-boost|p1a: Clefable|spd|1
|
|-heal|p1a: Clefable|344\/393|[from] item: Leftovers
|turn|13
|
|switch|p2a: Vulcano|Heatran, M, shiny|385\/385
|move|p1a: Clefable|Calm Mind|p1a: Clefable
|-boost|p1a: Clefable|spa|1
|-boost|p1a: Clefable|spd|1
|
|-heal|p1a: Clefable|368\/393|[from] item: Leftovers
|turn|14
|
|move|p2a: Vulcano|Stealth Rock|p1a: Clefable
|-sidestart|p1: uCan'tSeeMe|move: Stealth Rock
|move|p1a: Clefable|Moonblast|p2a: Vulcano
|-resisted|p2a: Vulcano
|-damage|p2a: Vulcano|349\/385
|-unboost|p2a: Vulcano|spa|1
|
|-heal|p2a: Vulcano|373\/385|[from] item: Leftovers
|-heal|p1a: Clefable|392\/393|[from] item: Leftovers
|turn|15
|
|switch|p2a: Magnetic Zone|Magnezone, shiny|324\/324
|move|p1a: Clefable|Moonblast|p2a: Magnetic Zone
|-resisted|p2a: Magnetic Zone
|-damage|p2a: Magnetic Zone|203\/324
|-unboost|p2a: Magnetic Zone|spa|1
|
|-heal|p1a: Clefable|393\/393|[from] item: Leftovers
|turn|16
|c|âwertzu|dat drop .-.
|
|move|p2a: Magnetic Zone|Flash Cannon|p1a: Clefable
|-supereffective|p1a: Clefable
|-damage|p1a: Clefable|231\/393
|move|p1a: Clefable|Calm Mind|p1a: Clefable
|-boost|p1a: Clefable|spa|1
|-boost|p1a: Clefable|spd|1
|
|-heal|p1a: Clefable|255\/393|[from] item: Leftovers
|turn|17
|
|switch|p2a: Vulcano|Heatran, M, shiny|373\/385
|move|p1a: Clefable|Soft-Boiled|p1a: Clefable
|-heal|p1a: Clefable|393\/393
|
|-heal|p2a: Vulcano|385\/385|[from] item: Leftovers
|turn|18
|
|move|p2a: Vulcano|Lava Plume|p1a: Clefable
|-damage|p1a: Clefable|342\/393
|-status|p1a: Clefable|brn
|move|p1a: Clefable|Moonblast|p2a: Vulcano
|-resisted|p2a: Vulcano
|-damage|p2a: Vulcano|335\/385
|-unboost|p2a: Vulcano|spa|1
|
|-heal|p2a: Vulcano|359\/385|[from] item: Leftovers
|-heal|p1a: Clefable|366\/393 brn|[from] item: Leftovers
|turn|19
|c|âwertzu|wtf
|c|âwertzu|!dt moonblast
|c|~|\/data-move Moonblast
|raw|<font size="1"><font color=#585858>Priority:<\/font> 0&nbsp;|&ThickSpace;<font color=#585858><font color=black>&#10003; Secondary Effect<\/font><\/font>&nbsp;|&ThickSpace;<font color=#585858>Target:<\/font> Adjacent Pokemon<\/font>
|c|âuCan'tSeeMe|is wie scald
|c|âwertzu|30 % ._.
|
|move|p2a: Vulcano|Lava Plume|p1a: Clefable
|-damage|p1a: Clefable|332\/393 brn
|move|p1a: Clefable|Calm Mind|p1a: Clefable
|-boost|p1a: Clefable|spa|1
|-boost|p1a: Clefable|spd|1
|
|-heal|p2a: Vulcano|383\/385|[from] item: Leftovers
|-heal|p1a: Clefable|356\/393 brn|[from] item: Leftovers
|turn|20
|
|move|p2a: Vulcano|Stealth Rock|p1a: Clefable
|-fail|p1a: Clefable
|move|p1a: Clefable|Calm Mind|p1a: Clefable
|-boost|p1a: Clefable|spa|1
|-boost|p1a: Clefable|spd|1
|
|-heal|p2a: Vulcano|385\/385|[from] item: Leftovers
|-heal|p1a: Clefable|380\/393 brn|[from] item: Leftovers
|turn|21
|
|move|p2a: Vulcano|Stealth Rock|p1a: Clefable
|-fail|p1a: Clefable
|move|p1a: Clefable|Calm Mind|p1a: Clefable
|-boost|p1a: Clefable|spa|1
|-boost|p1a: Clefable|spd|1
|
|-heal|p1a: Clefable|393\/393 brn|[from] item: Leftovers
|turn|22
|
|move|p2a: Vulcano|Stealth Rock|p1a: Clefable
|-fail|p1a: Clefable
|move|p1a: Clefable|Moonblast|p2a: Vulcano
|-resisted|p2a: Vulcano
|-damage|p2a: Vulcano|305\/385
|
|-heal|p2a: Vulcano|329\/385|[from] item: Leftovers
|turn|23
|
|move|p2a: Vulcano|Stealth Rock|p1a: Clefable
|-fail|p1a: Clefable
|move|p1a: Clefable|Moonblast|p2a: Vulcano
|-resisted|p2a: Vulcano
|-damage|p2a: Vulcano|259\/385
|
|-heal|p2a: Vulcano|283\/385|[from] item: Leftovers
|turn|24
|
|move|p2a: Vulcano|Stealth Rock|p1a: Clefable
|-fail|p1a: Clefable
|move|p1a: Clefable|Moonblast|p2a: Vulcano
|-resisted|p2a: Vulcano
|-damage|p2a: Vulcano|208\/385
|-unboost|p2a: Vulcano|spa|1
|
|-heal|p2a: Vulcano|232\/385|[from] item: Leftovers
|turn|25
|
|move|p2a: Vulcano|Stealth Rock|p1a: Clefable
|-fail|p1a: Clefable
|move|p1a: Clefable|Moonblast|p2a: Vulcano
|-resisted|p2a: Vulcano
|-damage|p2a: Vulcano|160\/385
|
|-heal|p2a: Vulcano|184\/385|[from] item: Leftovers
|turn|26
|
|move|p2a: Vulcano|Lava Plume|p1a: Clefable
|-damage|p1a: Clefable|377\/393 brn
|move|p1a: Clefable|Moonblast|p2a: Vulcano
|-resisted|p2a: Vulcano
|-damage|p2a: Vulcano|114\/385
|
|-heal|p2a: Vulcano|138\/385|[from] item: Leftovers
|-heal|p1a: Clefable|393\/393 brn|[from] item: Leftovers
|turn|27
|
|move|p2a: Vulcano|Lava Plume|p1a: Clefable
|-damage|p1a: Clefable|377\/393 brn
|move|p1a: Clefable|Moonblast|p2a: Vulcano
|-resisted|p2a: Vulcano
|-damage|p2a: Vulcano|57\/385
|-unboost|p2a: Vulcano|spa|1
|
|-heal|p2a: Vulcano|81\/385|[from] item: Leftovers
|-heal|p1a: Clefable|393\/393 brn|[from] item: Leftovers
|turn|28
|
|move|p2a: Vulcano|Lava Plume|p1a: Clefable
|-damage|p1a: Clefable|380\/393 brn
|move|p1a: Clefable|Moonblast|p2a: Vulcano
|-resisted|p2a: Vulcano
|-damage|p2a: Vulcano|5\/385
|
|-heal|p2a: Vulcano|29\/385|[from] item: Leftovers
|-heal|p1a: Clefable|393\/393 brn|[from] item: Leftovers
|turn|29
|
|move|p2a: Vulcano|Lava Plume|p1a: Clefable
|-damage|p1a: Clefable|380\/393 brn
|move|p1a: Clefable|Moonblast|p2a: Vulcano
|-resisted|p2a: Vulcano
|-damage|p2a: Vulcano|0 fnt
|faint|p2a: Vulcano
|
|-heal|p1a: Clefable|393\/393 brn|[from] item: Leftovers
|
|switch|p2a: Real bunny|Azumarill, M|151\/403
|turn|30
|
|move|p1a: Clefable|Moonblast|p2a: Real bunny
|-damage|p2a: Real bunny|0 fnt
|faint|p2a: Real bunny
|
|c|âwertzu|clefable 2 op
|
|switch|p2a: Magnetic Zone|Magnezone, shiny|203\/324
|turn|31
|c|âuCan'tSeeMe|y
|
|move|p2a: Magnetic Zone|Flash Cannon|p1a: Clefable
|-supereffective|p1a: Clefable
|-damage|p1a: Clefable|265\/393 brn
|-unboost|p1a: Clefable|spd|1
|move|p1a: Clefable|Flamethrower|p2a: Magnetic Zone
|-supereffective|p2a: Magnetic Zone
|-damage|p2a: Magnetic Zone|0 fnt
|faint|p2a: Magnetic Zone
|
|-heal|p1a: Clefable|289\/393 brn|[from] item: Leftovers
|
|switch|p2a: Dreamer|Salamence-Mega, M|259\/331
|turn|32
|
|move|p2a: Dreamer|Return|p1a: Clefable
|-damage|p1a: Clefable|78\/393 brn
|move|p1a: Clefable|Moonblast|p2a: Dreamer
|-crit|p2a: Dreamer
|-supereffective|p2a: Dreamer
|-damage|p2a: Dreamer|0 fnt
|faint|p2a: Dreamer
|
|-heal|p1a: Clefable|102\/393 brn|[from] item: Leftovers
|
|switch|p2a: Eon|Latios, M, shiny|272\/302
|turn|33
|
|switch|p1a: Tyranitar|Tyranitar, M|342\/342
|-damage|p1a: Tyranitar|300\/342|[from] Stealth Rock
|-weather|Sandstorm
|move|p2a: Eon|Draco Meteor|p1a: Tyranitar
|-damage|p1a: Tyranitar|113\/342
|-unboost|p2a: Eon|spa|2
|-damage|p2a: Eon|242\/302|[from] item: Life Orb
|
|-weather|Sandstorm|[upkeep]
|-damage|p2a: Eon|224\/302|[from] sandstorm
|turn|34
|c|âuCan'tSeeMe|:P
|c|âwertzu|._.
|
|move|p1a: Tyranitar|Crunch|p2a: Eon
|-supereffective|p2a: Eon
|-damage|p2a: Eon|0 fnt
|faint|p2a: Eon
|
|win|uCan'tSeeMe
|raw|Ladder updating...
|c|âuCan'tSeeMe|:]
|c|âuCan'tSeeMe|gg
|c|âwertzu|u.u
|raw|uCan&apos;tSeeMe's rating: 1611 &rarr; <strong>1619<\/strong><br \/>(+8 for winning)
|raw|wertzu's rating: 1383 &rarr; <strong>1374<\/strong><br \/>(-9 for losing)
|c|âwertzu|haxwin imo
|c|âuCan'tSeeMe|lol
|c|âwertzu|:]