|join|wertzu
|join|One Day More
|player|p1|wertzu|7
|player|p2|One Day More|79
|gametype|singles
|gen|6
|tier|ORAS OU
|rated
|rule|Sleep Clause Mod: Limit one foe put to sleep
|rule|Species Clause: Limit one of each PokÃ©mon
|rule|OHKO Clause: OHKO moves are banned
|rule|Moody Clause: Moody is banned
|rule|Evasion Moves Clause: Evasion moves are banned
|rule|Endless Battle Clause: Forcing endless battles is banned
|rule|HP Percentage Mod: HP is shown in percentages
|clearpoke
|poke|p1|Slowbro, F
|poke|p1|Mandibuzz, F
|poke|p1|Landorus-Therian, M
|poke|p1|Ferrothorn, F
|poke|p1|Rotom-Wash
|poke|p1|Sylveon, M
|poke|p2|Azumarill, M
|poke|p2|Glalie, M
|poke|p2|Latias, F
|poke|p2|Heatran, F
|poke|p2|Landorus-Therian, M
|poke|p2|Breloom, M
|rule|Swagger Clause: Swagger is banned
|rule|Baton Pass Clause: Limit one PokÃ©mon knowing Baton Pass
|teampreview
|
|start
|switch|p1a: Rotom-Wash|Rotom-Wash|303\/303
|switch|p2a: Breloom|Breloom, M|262\/262
|turn|1
|join|NeoSorrow
|join|Sid_Saurav
|c| Sid_Saurav|hi
|c|âwertzu|._.
|leave|Sid_Saurav
|
|switch|p1a: Mandibuzz|Mandibuzz, F|423\/423
|move|p2a: Breloom|Bullet Seed|p1a: Mandibuzz
|-resisted|p1a: Mandibuzz
|-damage|p1a: Mandibuzz|396\/423
|-resisted|p1a: Mandibuzz
|-damage|p1a: Mandibuzz|369\/423
|-resisted|p1a: Mandibuzz
|-damage|p1a: Mandibuzz|344\/423
|-resisted|p1a: Mandibuzz
|-damage|p1a: Mandibuzz|319\/423
|-resisted|p1a: Mandibuzz
|-damage|p1a: Mandibuzz|295\/423
|-hitcount|p1a: Mandibuzz|5
|
|-heal|p1a: Mandibuzz|321\/423|[from] item: Leftovers
|turn|2
|join|burgerfresser
|c| burgerfresser|blub
|c|âwertzu|blub
|
|move|p2a: Breloom|Rock Tomb|p1a: Mandibuzz
|-supereffective|p1a: Mandibuzz
|-damage|p1a: Mandibuzz|163\/423
|-unboost|p1a: Mandibuzz|spe|1
|move|p1a: Mandibuzz|Foul Play|p2a: Breloom
|-resisted|p2a: Breloom
|-damage|p2a: Breloom|158\/262
|
|-heal|p1a: Mandibuzz|189\/423|[from] item: Leftovers
|turn|3
|
|switch|p2a: Glalie|Glalie, M|302\/302
|move|p1a: Mandibuzz|Roost|p1a: Mandibuzz
|-heal|p1a: Mandibuzz|401\/423
|
|-heal|p1a: Mandibuzz|423\/423|[from] item: Leftovers
|turn|4
|
|switch|p1a: Rotom-Wash|Rotom-Wash|303\/303
|detailschange|p2a: Glalie|Glalie-Mega, M
|message|Glalie has Mega Evolved into Mega Glalie!
|move|p2a: Glalie|Double-Edge|p1a: Rotom-Wash
|-resisted|p1a: Rotom-Wash
|-damage|p1a: Rotom-Wash|203\/303
|-damage|p2a: Glalie|269\/302|[from] recoil|[of] p1a: Rotom-Wash
|
|-heal|p1a: Rotom-Wash|221\/303|[from] item: Leftovers
|turn|5
|
|move|p2a: Glalie|Explosion|p1a: Rotom-Wash
|-resisted|p1a: Rotom-Wash
|-damage|p1a: Rotom-Wash|8\/303
|faint|p2a: Glalie
|move|p1a: Rotom-Wash|Will-O-Wisp|p2: Glalie|[notarget]
|-notarget
|
|-heal|p1a: Rotom-Wash|26\/303|[from] item: Leftovers
|
|switch|p2a: Landorus-Therian|Landorus-Therian, M|320\/320
|-ability|p2a: Landorus-Therian|Intimidate|[of] p1a: Rotom-Wash
|-unboost|p1a: Rotom-Wash|atk|1
|turn|6
|
|move|p2a: Landorus-Therian|U-turn|p1a: Rotom-Wash
|-crit|p1a: Rotom-Wash
|-damage|p1a: Rotom-Wash|0 fnt
|faint|p1a: Rotom-Wash
|leave|NeoSorrow
|
|switch|p2a: Heatran|Heatran, F|323\/323
|-item|p2a: Heatran|Air Balloon
|
|
|switch|p1a: Slowbro|Slowbro, F|393\/393
|turn|7
|
|switch|p2a: Breloom|Breloom, M|158\/262
|detailschange|p1a: Slowbro|Slowbro-Mega, F
|message|Slowbro has Mega Evolved into Mega Slowbro!
|move|p1a: Slowbro|Calm Mind|p1a: Slowbro
|-boost|p1a: Slowbro|spa|1
|-boost|p1a: Slowbro|spd|1
|
|turn|8
|
|move|p2a: Breloom|Spore|p1a: Slowbro
|-status|p1a: Slowbro|slp
|cant|p1a: Slowbro|slp
|
|turn|9
|
|move|p2a: Breloom|Bullet Seed|p1a: Slowbro
|-supereffective|p1a: Slowbro
|-damage|p1a: Slowbro|327\/393 slp
|-supereffective|p1a: Slowbro
|-damage|p1a: Slowbro|259\/393 slp
|-supereffective|p1a: Slowbro
|-damage|p1a: Slowbro|197\/393 slp
|-supereffective|p1a: Slowbro
|-damage|p1a: Slowbro|135\/393 slp
|-hitcount|p1a: Slowbro|4
|cant|p1a: Slowbro|slp
|move|p1a: Slowbro|Sleep Talk|p1a: Slowbro
|move|p1a: Slowbro|Calm Mind|p1a: Slowbro|[from]Sleep Talk
|-boost|p1a: Slowbro|spa|1
|-boost|p1a: Slowbro|spd|1
|
|turn|10
|
|switch|p1a: Ferrothorn|Ferrothorn, F|352\/352
|move|p2a: Breloom|Bullet Seed|p1a: Ferrothorn
|-resisted|p1a: Ferrothorn
|-damage|p1a: Ferrothorn|341\/352
|-resisted|p1a: Ferrothorn
|-damage|p1a: Ferrothorn|329\/352
|-resisted|p1a: Ferrothorn
|-damage|p1a: Ferrothorn|318\/352
|-resisted|p1a: Ferrothorn
|-damage|p1a: Ferrothorn|308\/352
|-resisted|p1a: Ferrothorn
|-damage|p1a: Ferrothorn|298\/352
|-hitcount|p1a: Ferrothorn|5
|
|-heal|p1a: Ferrothorn|320\/352|[from] item: Leftovers
|turn|11
|
|switch|p2a: Heatran|Heatran, F|323\/323
|-item|p2a: Heatran|Air Balloon
|move|p1a: Ferrothorn|Stealth Rock|p2a: Heatran
|-sidestart|p2: One Day More|move: Stealth Rock
|
|-heal|p1a: Ferrothorn|342\/352|[from] item: Leftovers
|turn|12
|
|switch|p1a: Sylveon|Sylveon, M|393\/393
|move|p2a: Heatran|Fire Blast|p1a: Sylveon
|-damage|p1a: Sylveon|269\/393
|
|-heal|p1a: Sylveon|293\/393|[from] item: Leftovers
|turn|13
|
|move|p2a: Heatran|Flash Cannon|p1a: Sylveon
|-supereffective|p1a: Sylveon
|-damage|p1a: Sylveon|99\/393
|-unboost|p1a: Sylveon|spd|1
|move|p1a: Sylveon|Wish|p1a: Sylveon
|
|-heal|p1a: Sylveon|123\/393|[from] item: Leftovers
|turn|14
|
|switch|p1a: Slowbro|Slowbro-Mega, F|135\/393 slp
|move|p2a: Heatran|Stealth Rock|p1a: Slowbro
|-sidestart|p1: wertzu|move: Stealth Rock
|
|-heal|p1a: Slowbro|331\/393 slp|[from] move: Wish|[wisher] Sylveon
|turn|15
|
|switch|p2a: Latias|Latias, F|302\/302
|-damage|p2a: Latias|265\/302|[from] Stealth Rock
|cant|p1a: Slowbro|slp
|move|p1a: Slowbro|Sleep Talk|p1a: Slowbro
|move|p1a: Slowbro|Calm Mind|p1a: Slowbro|[from]Sleep Talk
|-boost|p1a: Slowbro|spa|1
|-boost|p1a: Slowbro|spd|1
|
|turn|16
|
|move|p2a: Latias|Thunderbolt|p1a: Slowbro
|-supereffective|p1a: Slowbro
|-damage|p1a: Slowbro|123\/393 slp
|-damage|p2a: Latias|235\/302|[from] item: Life Orb
|-curestatus|p1a: Slowbro|slp
|move|p1a: Slowbro|Scald|p2a: Latias
|-resisted|p2a: Latias
|-damage|p2a: Latias|159\/302
|
|turn|17
|
|move|p2a: Latias|Thunderbolt|p1a: Slowbro
|-supereffective|p1a: Slowbro
|-damage|p1a: Slowbro|0 fnt
|-damage|p2a: Latias|129\/302|[from] item: Life Orb
|faint|p1a: Slowbro
|
|
|switch|p1a: Landorus-Therian|Landorus-Therian, M|319\/319
|-damage|p1a: Landorus-Therian|280\/319|[from] Stealth Rock
|-ability|p1a: Landorus-Therian|Intimidate|[of] p2a: Latias
|-unboost|p2a: Latias|atk|1
|turn|18
|
|switch|p2a: Azumarill|Azumarill, M|404\/404
|-damage|p2a: Azumarill|354\/404|[from] Stealth Rock
|move|p1a: Landorus-Therian|U-turn|p2a: Azumarill
|-resisted|p2a: Azumarill
|-damage|p2a: Azumarill|293\/404
|
|switch|p1a: Ferrothorn|Ferrothorn, F|342\/352
|-damage|p1a: Ferrothorn|320\/352|[from] Stealth Rock
|
|-heal|p1a: Ferrothorn|342\/352|[from] item: Leftovers
|turn|19
|
|move|p2a: Azumarill|Knock Off|p1a: Ferrothorn
|-damage|p1a: Ferrothorn|244\/352
|-damage|p2a: Azumarill|243\/404|[from] ability: Iron Barbs|[of] p1a: Ferrothorn
|-enditem|p1a: Ferrothorn|Leftovers|[from] move: Knock Off|[of] p2a: Azumarill
|move|p1a: Ferrothorn|Leech Seed|p2a: Azumarill
|-start|p2a: Azumarill|move: Leech Seed
|
|-damage|p2a: Azumarill|193\/404|[from] Leech Seed|[of] p1a: Ferrothorn
|-heal|p1a: Ferrothorn|294\/352|[silent]
|turn|20
|
|switch|p2a: Heatran|Heatran, F|323\/323
|-damage|p2a: Heatran|283\/323|[from] Stealth Rock
|-item|p2a: Heatran|Air Balloon
|move|p1a: Ferrothorn|Leech Seed|p2a: Heatran
|-start|p2a: Heatran|move: Leech Seed
|
|-damage|p2a: Heatran|243\/323|[from] Leech Seed|[of] p1a: Ferrothorn
|-heal|p1a: Ferrothorn|334\/352|[silent]
|turn|21
|
|move|p1a: Ferrothorn|Protect|p1a: Ferrothorn
|-singleturn|p1a: Ferrothorn|Protect
|move|p2a: Heatran|Fire Blast|p1a: Ferrothorn
|-activate|p1a: Ferrothorn|Protect
|
|-damage|p2a: Heatran|203\/323|[from] Leech Seed|[of] p1a: Ferrothorn
|-heal|p1a: Ferrothorn|352\/352|[silent]
|turn|22
|
|switch|p1a: Sylveon|Sylveon, M|123\/393
|-damage|p1a: Sylveon|74\/393|[from] Stealth Rock
|move|p2a: Heatran|Fire Blast|p1a: Sylveon
|-damage|p1a: Sylveon|0 fnt
|faint|p1a: Sylveon
|
|
|switch|p1a: Mandibuzz|Mandibuzz, F|423\/423
|-damage|p1a: Mandibuzz|318\/423|[from] Stealth Rock
|turn|23
|
|switch|p2a: Azumarill|Azumarill, M|193\/404
|-damage|p2a: Azumarill|143\/404|[from] Stealth Rock
|move|p1a: Mandibuzz|Defog|p2a: Azumarill
|-unboost|p2a: Azumarill|evasion|1
|-sideend|p2: One Day More|Stealth Rock|[from] move: Defog|[of] p2a: Azumarill
|-sideend|p1: wertzu|Stealth Rock|[from] move: Defog|[of] p1a: Mandibuzz
|
|-heal|p1a: Mandibuzz|344\/423|[from] item: Leftovers
|turn|24
|
|switch|p1a: Ferrothorn|Ferrothorn, F|352\/352
|move|p2a: Azumarill|Play Rough|p1a: Ferrothorn|[miss]
|-miss|p2a: Azumarill|p1a: Ferrothorn
|
|turn|25
|
|switch|p2a: Heatran|Heatran, F|203\/323
|-item|p2a: Heatran|Air Balloon
|move|p1a: Ferrothorn|Power Whip|p2a: Heatran
|-resisted|p2a: Heatran
|-damage|p2a: Heatran|171\/323
|-enditem|p2a: Heatran|Air Balloon
|
|turn|26
|
|switch|p1a: Mandibuzz|Mandibuzz, F|344\/423
|move|p2a: Heatran|Fire Blast|p1a: Mandibuzz
|-damage|p1a: Mandibuzz|152\/423
|
|-heal|p1a: Mandibuzz|178\/423|[from] item: Leftovers
|turn|27
|
|move|p2a: Heatran|Fire Blast|p1a: Mandibuzz
|-damage|p1a: Mandibuzz|0 fnt
|faint|p1a: Mandibuzz
|
|
|switch|p1a: Landorus-Therian|Landorus-Therian, M|280\/319
|-ability|p1a: Landorus-Therian|Intimidate|[of] p2a: Heatran
|-unboost|p2a: Heatran|atk|1
|turn|28
|
|switch|p2a: Landorus-Therian|Landorus-Therian, M|320\/320
|-ability|p2a: Landorus-Therian|Intimidate|[of] p1a: Landorus-Therian
|-unboost|p1a: Landorus-Therian|atk|1
|move|p1a: Landorus-Therian|Knock Off|p2a: Landorus-Therian
|-damage|p2a: Landorus-Therian|220\/320
|-enditem|p2a: Landorus-Therian|Choice Scarf|[from] move: Knock Off|[of] p1a: Landorus-Therian
|
|turn|29
|
|switch|p1a: Ferrothorn|Ferrothorn, F|352\/352
|move|p2a: Landorus-Therian|Earthquake|p1a: Ferrothorn
|-damage|p1a: Ferrothorn|222\/352
|
|turn|30
|
|move|p2a: Landorus-Therian|Earthquake|p1a: Ferrothorn
|-damage|p1a: Ferrothorn|89\/352
|move|p1a: Ferrothorn|Leech Seed|p2a: Landorus-Therian|[miss]
|-miss|p1a: Ferrothorn|p2a: Landorus-Therian
|
|turn|31
|c|âwertzu|.-.
|
|switch|p1a: Landorus-Therian|Landorus-Therian, M|280\/319
|-ability|p1a: Landorus-Therian|Intimidate|[of] p2a: Landorus-Therian
|-unboost|p2a: Landorus-Therian|atk|1
|move|p2a: Landorus-Therian|U-turn|p1a: Landorus-Therian
|-resisted|p1a: Landorus-Therian
|-damage|p1a: Landorus-Therian|248\/319
|
|switch|p2a: Azumarill|Azumarill, M|143\/404
|
|turn|32
|
|move|p2a: Azumarill|Aqua Jet|p1a: Landorus-Therian
|-supereffective|p1a: Landorus-Therian
|-damage|p1a: Landorus-Therian|44\/319
|move|p1a: Landorus-Therian|Stone Edge|p2a: Azumarill
|-damage|p2a: Azumarill|0 fnt
|faint|p2a: Azumarill
|
|
|switch|p2a: Breloom|Breloom, M|158\/262
|turn|33
|
|switch|p1a: Ferrothorn|Ferrothorn, F|89\/352
|move|p2a: Breloom|Mach Punch|p1a: Ferrothorn
|-supereffective|p1a: Ferrothorn
|-damage|p1a: Ferrothorn|0 fnt
|-damage|p2a: Breloom|126\/262|[from] ability: Iron Barbs|[of] p1a: Ferrothorn
|faint|p1a: Ferrothorn
|
|c|âOne Day More|:)
|
|switch|p1a: Landorus-Therian|Landorus-Therian, M|44\/319
|-ability|p1a: Landorus-Therian|Intimidate|[of] p2a: Breloom
|-unboost|p2a: Breloom|atk|1
|turn|34
|
|move|p2a: Breloom|Mach Punch|p1a: Landorus-Therian
|-resisted|p1a: Landorus-Therian
|-damage|p1a: Landorus-Therian|2\/319
|move|p1a: Landorus-Therian|Knock Off|p2a: Breloom
|-resisted|p2a: Breloom
|-damage|p2a: Breloom|47\/262
|-enditem|p2a: Breloom|Focus Sash|[from] move: Knock Off|[of] p1a: Landorus-Therian
|
|turn|35
|
|move|p2a: Breloom|Mach Punch|p1a: Landorus-Therian
|-resisted|p1a: Landorus-Therian
|-damage|p1a: Landorus-Therian|0 fnt
|faint|p1a: Landorus-Therian
|
|win|One Day More
|raw|Ladder updating...
|raw|wertzu's rating: 1127 &rarr; <strong>1107<\/strong><br \/>(-20 for losing)
|raw|One Day More's rating: 1196 &rarr; <strong>1216<\/strong><br \/>(+20 for winning)
|leave|wertzu
|player|p1