|join|wertzu
|join|NWE~KoBrA
|player|p1|wertzu|7
|player|p2|NWE~KoBrA|209
|gametype|singles
|gen|6
|tier|ORAS OU
|rule|Sleep Clause Mod: Limit one foe put to sleep
|rule|Species Clause: Limit one of each PokÃ©mon
|rule|OHKO Clause: OHKO moves are banned
|rule|Moody Clause: Moody is banned
|rule|Evasion Moves Clause: Evasion moves are banned
|rule|Endless Battle Clause: Forcing endless battles is banned
|rule|HP Percentage Mod: HP is shown in percentages
|clearpoke
|poke|p1|Slowbro, M
|poke|p1|Mandibuzz, F
|poke|p1|Landorus-Therian, M
|poke|p1|Ferrothorn, M
|poke|p1|Rotom-Wash
|poke|p1|Sylveon, F
|poke|p2|Charizard, M, shiny
|poke|p2|Garchomp, F, shiny
|poke|p2|Greninja, M, shiny
|poke|p2|Talonflame, F, shiny
|poke|p2|Gengar, M, shiny
|poke|p2|Zapdos, shiny
|rule|Swagger Clause: Swagger is banned
|rule|Baton Pass Clause: Limit one PokÃ©mon knowing Baton Pass
|teampreview
|join|Gekostyl
|join|Erzkrieger
|join|Moskito (ââ _â )
|join|kingzero3000
|
|start
|switch|p1a: Landorus-Therian|Landorus-Therian, M|319\/319
|switch|p2a: Glurak|Charizard, M, shiny|338\/338
|-ability|p1a: Landorus-Therian|Intimidate|[of] p2a: Glurak
|-unboost|p2a: Glurak|atk|1
|turn|1
|
|detailschange|p2a: Glurak|Charizard-Mega-Y, M, shiny
|message|Charizard has Mega Evolved into Mega Charizard!
|-weather|SunnyDay
|move|p1a: Landorus-Therian|Stone Edge|p2a: Glurak
|-supereffective|p2a: Glurak
|-damage|p2a: Glurak|0 fnt
|faint|p2a: Glurak
|
|-weather|SunnyDay|[upkeep]
|
|switch|p2a: Zapdos|Zapdos, shiny|322\/322
|-ability|p2a: Zapdos|Pressure
|turn|2
|c| Moskito (ââ _â )|lol
|join|Kaepina
|join|Brselmonster
|
|switch|p1a: Sylveon|Sylveon, F|393\/393
|move|p2a: Zapdos|Hidden Power|p1a: Sylveon
|-damage|p1a: Sylveon|337\/393
|-damage|p2a: Zapdos|290\/322|[from] item: Life Orb
|
|-weather|SunnyDay|[upkeep]
|-heal|p1a: Sylveon|361\/393|[from] item: Leftovers
|turn|3
|
|move|p2a: Zapdos|Discharge|p1a: Sylveon
|-damage|p1a: Sylveon|239\/393
|-status|p1a: Sylveon|par
|-damage|p2a: Zapdos|258\/322|[from] item: Life Orb
|move|p1a: Sylveon|Wish|p1a: Sylveon
|
|-weather|SunnyDay|[upkeep]
|-heal|p1a: Sylveon|263\/393 par|[from] item: Leftovers
|turn|4
|
|switch|p2a: Gengar|Gengar, M, shiny|286\/286
|move|p1a: Sylveon|Heal Bell|p1a: Sylveon
|-cureteam|p1a: Sylveon|[from] move: HealBell
|
|-weather|SunnyDay|[upkeep]
|-heal|p1a: Sylveon|393\/393|[from] move: Wish|[wisher] Sylveon
|turn|5
|join|shawn007
|
|move|p2a: Gengar|Shadow Ball|p1a: Sylveon
|-crit|p1a: Sylveon
|-damage|p1a: Sylveon|239\/393
|move|p1a: Sylveon|Hyper Voice|p2a: Gengar
|-resisted|p2a: Gengar
|-damage|p2a: Gengar|208\/286
|
|-weather|none
|-heal|p2a: Gengar|225\/286|[from] item: Leftovers
|-heal|p1a: Sylveon|263\/393|[from] item: Leftovers
|turn|6
|
|move|p2a: Gengar|Shadow Ball|p1a: Sylveon
|-damage|p1a: Sylveon|175\/393
|move|p1a: Sylveon|Wish|p1a: Sylveon
|
|-heal|p2a: Gengar|242\/286|[from] item: Leftovers
|-heal|p1a: Sylveon|199\/393|[from] item: Leftovers
|turn|7
|
|move|p2a: Gengar|Shadow Ball|p1a: Sylveon
|-damage|p1a: Sylveon|109\/393
|move|p1a: Sylveon|Hyper Voice|p2a: Gengar
|-resisted|p2a: Gengar
|-damage|p2a: Gengar|170\/286
|
|-heal|p1a: Sylveon|305\/393|[from] move: Wish|[wisher] Sylveon
|-heal|p2a: Gengar|187\/286|[from] item: Leftovers
|-heal|p1a: Sylveon|329\/393|[from] item: Leftovers
|turn|8
|
|move|p2a: Gengar|Shadow Ball|p1a: Sylveon
|-crit|p1a: Sylveon
|-damage|p1a: Sylveon|185\/393
|move|p1a: Sylveon|Hyper Voice|p2a: Gengar
|-resisted|p2a: Gengar
|-damage|p2a: Gengar|106\/286
|
|-heal|p2a: Gengar|123\/286|[from] item: Leftovers
|-heal|p1a: Sylveon|209\/393|[from] item: Leftovers
|turn|9
|c| shawn007|wertzu benutz slowbro mega
|
|move|p2a: Gengar|Shadow Ball|p1a: Sylveon
|-damage|p1a: Sylveon|121\/393
|move|p1a: Sylveon|Wish|p1a: Sylveon
|
|-heal|p2a: Gengar|140\/286|[from] item: Leftovers
|-heal|p1a: Sylveon|145\/393|[from] item: Leftovers
|turn|10
|
|move|p2a: Gengar|Shadow Ball|p1a: Sylveon
|-damage|p1a: Sylveon|52\/393
|move|p1a: Sylveon|Hyper Voice|p2a: Gengar
|-resisted|p2a: Gengar
|-damage|p2a: Gengar|68\/286
|
|-heal|p1a: Sylveon|248\/393|[from] move: Wish|[wisher] Sylveon
|-heal|p2a: Gengar|85\/286|[from] item: Leftovers
|-heal|p1a: Sylveon|272\/393|[from] item: Leftovers
|turn|11
|join|NUK Unfaithful
|c| Brselmonster|kobra?
|
|move|p2a: Gengar|Protect|p2a: Gengar
|-singleturn|p2a: Gengar|Protect
|move|p1a: Sylveon|Wish|p1a: Sylveon
|
|-heal|p2a: Gengar|102\/286|[from] item: Leftovers
|-heal|p1a: Sylveon|296\/393|[from] item: Leftovers
|turn|12
|c| Brselmonster|was soll das?
|
|switch|p2a: Fire|Talonflame, F, shiny|321\/321
|move|p1a: Sylveon|Hyper Voice|p2a: Fire
|-resisted|p2a: Fire
|-damage|p2a: Fire|228\/321
|
|-heal|p1a: Sylveon|393\/393|[from] move: Wish|[wisher] Sylveon
|turn|13
|join|ogayamamoto
|
|switch|p1a: Rotom-Wash|Rotom-Wash|303\/303
|move|p2a: Fire|Brave Bird|p1a: Rotom-Wash
|-resisted|p1a: Rotom-Wash
|-damage|p1a: Rotom-Wash|213\/303
|-damage|p2a: Fire|198\/321|[from] recoil|[of] p1a: Rotom-Wash
|
|-heal|p1a: Rotom-Wash|231\/303|[from] item: Leftovers
|turn|14
|
|switch|p2a: Zapdos|Zapdos, shiny|258\/322
|-ability|p2a: Zapdos|Pressure
|move|p1a: Rotom-Wash|Volt Switch|p2a: Zapdos
|-damage|p2a: Zapdos|153\/322
|
|switch|p1a: Sylveon|Sylveon, F|393\/393
|
|turn|15
|leave|Brselmonster
|
|move|p2a: Zapdos|Roost|p2a: Zapdos
|-heal|p2a: Zapdos|314\/322
|move|p1a: Sylveon|Hyper Voice|p2a: Zapdos
|-damage|p2a: Zapdos|161\/322
|
|turn|16
|
|move|p2a: Zapdos|Roost|p2a: Zapdos
|-heal|p2a: Zapdos|322\/322
|move|p1a: Sylveon|Hyper Voice|p2a: Zapdos
|-damage|p2a: Zapdos|153\/322
|
|turn|17
|
|move|p2a: Zapdos|Roost|p2a: Zapdos
|-heal|p2a: Zapdos|314\/322
|move|p1a: Sylveon|Hyper Voice|p2a: Zapdos
|-damage|p2a: Zapdos|143\/322
|
|turn|18
|c| shawn007|wertzu hau slowbro  raus
|join|whazzybear
|c| Kaepina|why
|
|move|p2a: Zapdos|Protect|p2a: Zapdos
|-singleturn|p2a: Zapdos|Protect
|move|p1a: Sylveon|Wish|p1a: Sylveon
|
|turn|19
|join|Brselmonster
|
|switch|p1a: Rotom-Wash|Rotom-Wash|231\/303
|move|p2a: Zapdos|Roost|p2a: Zapdos
|-heal|p2a: Zapdos|304\/322
|
|-heal|p1a: Rotom-Wash|303\/303|[from] move: Wish|[wisher] Sylveon
|turn|20
|c| shawn007|also das er jetzt samit kampft
|
|move|p2a: Zapdos|Discharge|p1a: Rotom-Wash
|-damage|p1a: Rotom-Wash|112\/303
|-damage|p2a: Zapdos|272\/322|[from] item: Life Orb
|move|p1a: Rotom-Wash|Will-O-Wisp|p2a: Zapdos
|-status|p2a: Zapdos|brn
|
|-heal|p1a: Rotom-Wash|130\/303|[from] item: Leftovers
|-damage|p2a: Zapdos|232\/322 brn|[from] brn
|turn|21
|leave|Brselmonster
|
|switch|p1a: Sylveon|Sylveon, F|393\/393
|move|p2a: Zapdos|Discharge|p1a: Sylveon
|-damage|p1a: Sylveon|271\/393
|-damage|p2a: Zapdos|200\/322 brn|[from] item: Life Orb
|
|-heal|p1a: Sylveon|295\/393|[from] item: Leftovers
|-damage|p2a: Zapdos|160\/322 brn|[from] brn
|turn|22
|c| Kaepina|why?
|
|move|p2a: Zapdos|Roost|p2a: Zapdos
|-heal|p2a: Zapdos|321\/322 brn
|move|p1a: Sylveon|Wish|p1a: Sylveon
|
|-heal|p1a: Sylveon|319\/393|[from] item: Leftovers
|-damage|p2a: Zapdos|281\/322 brn|[from] brn
|turn|23
|c|âwertzu|was ?
|c| shawn007|mega
|
|switch|p2a: Fire|Talonflame, F, shiny|198\/321
|move|p1a: Sylveon|Hyper Voice|p2a: Fire
|-resisted|p2a: Fire
|-damage|p2a: Fire|102\/321
|
|-heal|p1a: Sylveon|393\/393|[from] move: Wish|[wisher] Sylveon
|turn|24
|leave|kingzero3000
|
|switch|p1a: Slowbro|Slowbro, M|393\/393
|move|p2a: Fire|Brave Bird|p1a: Slowbro
|-crit|p1a: Slowbro
|-damage|p1a: Slowbro|147\/393
|-damage|p2a: Fire|21\/321|[from] recoil|[of] p1a: Slowbro
|
|turn|25
|join|av kakuna
|join|Luiance
|join|RainPB
|c| whazzybear|megah slowbro kanns tanken
|
|switch|p1a: Landorus-Therian|Landorus-Therian, M|319\/319
|-ability|p1a: Landorus-Therian|Intimidate|[of] p2a: Fire
|-unboost|p2a: Fire|atk|1
|move|p2a: Fire|Brave Bird|p1a: Landorus-Therian
|-damage|p1a: Landorus-Therian|132\/319
|-damage|p2a: Fire|0 fnt|[from] recoil|[of] p1a: Landorus-Therian
|faint|p2a: Fire
|
|join|Luiance.
|
|switch|p2a: Zapdos|Zapdos, shiny|281\/322 brn
|-ability|p2a: Zapdos|Pressure
|turn|26
|
|move|p1a: Landorus-Therian|U-turn|p2a: Zapdos
|-resisted|p2a: Zapdos
|-damage|p2a: Zapdos|223\/322 brn
|
|switch|p1a: Sylveon|Sylveon, F|393\/393
|move|p2a: Zapdos|Hidden Power|p1a: Sylveon
|-damage|p1a: Sylveon|332\/393
|-damage|p2a: Zapdos|191\/322 brn|[from] item: Life Orb
|
|-heal|p1a: Sylveon|356\/393|[from] item: Leftovers
|-damage|p2a: Zapdos|151\/322 brn|[from] brn
|turn|27
|
|move|p2a: Zapdos|Roost|p2a: Zapdos
|-heal|p2a: Zapdos|312\/322 brn
|move|p1a: Sylveon|Hyper Voice|p2a: Zapdos
|-damage|p2a: Zapdos|161\/322 brn
|
|-heal|p1a: Sylveon|380\/393|[from] item: Leftovers
|-damage|p2a: Zapdos|121\/322 brn|[from] brn
|turn|28
|join|DFantasyy
|c| DFantasyy|gogogo
|
|switch|p2a: Knakrack|Garchomp, F, shiny|358\/358
|move|p1a: Sylveon|Wish|p1a: Sylveon
|
|-heal|p1a: Sylveon|393\/393|[from] item: Leftovers
|turn|29
|c| Moskito (ââ _â )|der feuert kobra an :x
|
|move|p2a: Knakrack|Earthquake|p1a: Sylveon
|-damage|p1a: Sylveon|125\/393
|move|p1a: Sylveon|Hyper Voice|p2a: Knakrack
|-supereffective|p2a: Knakrack
|-damage|p2a: Knakrack|62\/358
|
|-heal|p1a: Sylveon|321\/393|[from] move: Wish|[wisher] Sylveon
|-heal|p1a: Sylveon|345\/393|[from] item: Leftovers
|turn|30
|c| DFantasyy|n
|
|switch|p1a: Mandibuzz|Mandibuzz, F|423\/423
|move|p2a: Knakrack|Earthquake|p1a: Mandibuzz
|-immune|p1a: Mandibuzz|[msg]
|
|turn|31
|c| DFantasyy|gogo wertzu
|c|âwertzu|<3
|
|switch|p2a: Zapdos|Zapdos, shiny|121\/322 brn
|-ability|p2a: Zapdos|Pressure
|move|p1a: Mandibuzz|Foul Play|p2a: Zapdos
|-damage|p2a: Zapdos|24\/322 brn
|
|-damage|p2a: Zapdos|0 fnt|[from] brn
|faint|p2a: Zapdos
|c| Luiance.|Der Name des Fiaros ist sehr kreativ.
|
|switch|p2a: Gengar|Gengar, M, shiny|102\/286
|turn|32
|
|move|p2a: Gengar|Shadow Ball|p1a: Mandibuzz
|-resisted|p1a: Mandibuzz
|-damage|p1a: Mandibuzz|351\/423
|move|p1a: Mandibuzz|Foul Play|p2a: Gengar
|-supereffective|p2a: Gengar
|-damage|p2a: Gengar|0 fnt
|faint|p2a: Gengar
|
|-heal|p1a: Mandibuzz|377\/423|[from] item: Leftovers
|c| NUK Unfaithful|Fantasy fgt
|
|switch|p2a: Quajutsu|Greninja, M, shiny|286\/286
|turn|33
|c| DFantasyy|lol
|
|switch|p1a: Sylveon|Sylveon, F|345\/393
|move|p2a: Quajutsu|Ice Beam|p1a: Sylveon
|-start|p2a: Quajutsu|typechange|Ice|[from] Protean
|-damage|p1a: Sylveon|218\/393
|
|-heal|p1a: Sylveon|242\/393|[from] item: Leftovers
|turn|34
|
|switch|p2a: Knakrack|Garchomp, F, shiny|62\/358
|move|p1a: Sylveon|Wish|p1a: Sylveon
|
|-heal|p1a: Sylveon|266\/393|[from] item: Leftovers
|turn|35
|c| NUK Unfaithful|;3
|
|switch|p1a: Landorus-Therian|Landorus-Therian, M|132\/319
|-ability|p1a: Landorus-Therian|Intimidate|[of] p2a: Knakrack
|-unboost|p2a: Knakrack|atk|1
|move|p2a: Knakrack|Earthquake|p1a: Landorus-Therian
|-immune|p1a: Landorus-Therian|[msg]
|
|-heal|p1a: Landorus-Therian|319\/319|[from] move: Wish|[wisher] Sylveon
|turn|36
|
|switch|p2a: Quajutsu|Greninja, M, shiny|286\/286
|move|p1a: Landorus-Therian|U-turn|p2a: Quajutsu
|-supereffective|p2a: Quajutsu
|-damage|p2a: Quajutsu|28\/286
|-message|NWE~KoBrA forfeited.
|
|win|wertzu
|leave|NUK Unfaithful
|c|âNWE~KoBrA|gg
|leave|wertzu
|player|p1
|leave|av kakuna
|leave|NWE~KoBrA
|player|p2
|leave|RainPB
|leave|whazzybear
|leave|ogayamamoto
|leave|Moskito (ââ _â )
|leave|Erzkrieger
|leave|DFantasyy