|join|wertzu
|join|EmboarBoos
|player|p1|wertzu|7
|player|p2|EmboarBoos|169
|gametype|singles
|gen|6
|tier|ORAS OU
|rated
|rule|Sleep Clause Mod: Limit one foe put to sleep
|rule|Species Clause: Limit one of each PokÃ©mon
|rule|OHKO Clause: OHKO moves are banned
|rule|Moody Clause: Moody is banned
|rule|Evasion Moves Clause: Evasion moves are banned
|rule|Endless Battle Clause: Forcing endless battles is banned
|rule|HP Percentage Mod: HP is shown in percentages
|clearpoke
|poke|p1|Sableye, M
|poke|p1|Ferrothorn, M
|poke|p1|Rotom-Wash
|poke|p1|Landorus-Therian, M
|poke|p1|Heatran, F
|poke|p1|Latias, F
|poke|p2|Salamence, F, shiny
|poke|p2|Latios, M, shiny
|poke|p2|Clefable, M
|poke|p2|Magnezone
|poke|p2|Rotom-Wash
|poke|p2|Landorus-Therian, M
|rule|Swagger Clause: Swagger is banned
|rule|Baton Pass Clause: Limit one PokÃ©mon knowing Baton Pass
|teampreview
|
|start
|switch|p1a: Rotom-Wash|Rotom-Wash|302\/302
|switch|p2a: Landorus-Therian|Landorus-Therian, M|379\/379
|-ability|p2a: Landorus-Therian|Intimidate|[of] p1a: Rotom-Wash
|-unboost|p1a: Rotom-Wash|atk|1
|turn|1
|
|move|p2a: Landorus-Therian|U-turn|p1a: Rotom-Wash
|-crit|p1a: Rotom-Wash
|-damage|p1a: Rotom-Wash|222\/302
|
|switch|p2a: Rotom-Wash|Rotom-Wash|299\/299
|move|p1a: Rotom-Wash|Volt Switch|p2a: Rotom-Wash
|-damage|p2a: Rotom-Wash|242\/299
|
|switch|p1a: Latias|Latias, F|301\/301
|
|-heal|p2a: Rotom-Wash|260\/299|[from] item: Leftovers
|turn|2
|
|move|p1a: Latias|Psyshock|p2a: Rotom-Wash
|-damage|p2a: Rotom-Wash|116\/299
|-damage|p1a: Latias|271\/301|[from] item: Life Orb
|move|p2a: Rotom-Wash|Volt Switch|p1a: Latias
|-resisted|p1a: Latias
|-damage|p1a: Latias|235\/301
|
|switch|p2a: Clefable|Clefable, M|389\/389
|
|turn|3
|
|move|p1a: Latias|Psyshock|p2a: Clefable
|-damage|p2a: Clefable|247\/389
|-damage|p1a: Latias|205\/301|[from] item: Life Orb
|move|p2a: Clefable|Moonblast|p1a: Latias
|-supereffective|p1a: Latias
|-damage|p1a: Latias|35\/301
|
|-heal|p2a: Clefable|271\/389|[from] item: Leftovers
|turn|4
|
|switch|p1a: Heatran|Heatran, F|385\/385
|move|p2a: Clefable|Soft-Boiled|p2a: Clefable
|-heal|p2a: Clefable|389\/389
|
|turn|5
|
|switch|p2a: Rotom-Wash|Rotom-Wash|116\/299
|move|p1a: Heatran|Toxic|p2a: Rotom-Wash
|-status|p2a: Rotom-Wash|tox
|
|-heal|p2a: Rotom-Wash|134\/299 tox|[from] item: Leftovers
|-damage|p2a: Rotom-Wash|116\/299 tox|[from] psn
|turn|6
|
|switch|p1a: Rotom-Wash|Rotom-Wash|222\/302
|move|p2a: Rotom-Wash|Volt Switch|p1a: Rotom-Wash
|-damage|p1a: Rotom-Wash|144\/302
|
|switch|p2a: Magnezone|Magnezone|281\/281
|
|-heal|p1a: Rotom-Wash|162\/302|[from] item: Leftovers
|turn|7
|
|move|p2a: Magnezone|Volt Switch|p1a: Rotom-Wash
|-crit|p1a: Rotom-Wash
|-damage|p1a: Rotom-Wash|0 fnt
|faint|p1a: Rotom-Wash
|
|switch|p2a: Clefable|Clefable, M|389\/389
|
|
|switch|p1a: Heatran|Heatran, F|385\/385
|turn|8
|
|move|p1a: Heatran|Lava Plume|p2a: Clefable
|-damage|p2a: Clefable|254\/389
|-status|p2a: Clefable|brn
|move|p2a: Clefable|Calm Mind|p2a: Clefable
|-boost|p2a: Clefable|spa|1
|-boost|p2a: Clefable|spd|1
|
|-heal|p2a: Clefable|278\/389 brn|[from] item: Leftovers
|turn|9
|
|move|p2a: Clefable|Calm Mind|p2a: Clefable
|-boost|p2a: Clefable|spa|1
|-boost|p2a: Clefable|spd|1
|move|p1a: Heatran|Roar|p2a: Clefable
|drag|p2a: Landorus-Therian|Landorus-Therian, M|379\/379
|-ability|p2a: Landorus-Therian|Intimidate|[of] p1a: Heatran
|-unboost|p1a: Heatran|atk|1
|
|turn|10
|
|move|p2a: Landorus-Therian|U-turn|p1a: Heatran
|-resisted|p1a: Heatran
|-damage|p1a: Heatran|367\/385
|
|switch|p2a: Clefable|Clefable, M|278\/389 brn
|move|p1a: Heatran|Lava Plume|p2a: Clefable
|-damage|p2a: Clefable|142\/389 brn
|
|-heal|p1a: Heatran|385\/385|[from] item: Leftovers
|-heal|p2a: Clefable|166\/389 brn|[from] item: Leftovers
|turn|11
|
|switch|p1a: Landorus-Therian|Landorus-Therian, M|319\/319
|-ability|p1a: Landorus-Therian|Intimidate|[of] p2a: Clefable
|-unboost|p2a: Clefable|atk|1
|move|p2a: Clefable|Soft-Boiled|p2a: Clefable
|-heal|p2a: Clefable|361\/389 brn
|
|-heal|p2a: Clefable|385\/389 brn|[from] item: Leftovers
|turn|12
|
|move|p1a: Landorus-Therian|U-turn|p2a: Clefable
|-resisted|p2a: Clefable
|-damage|p2a: Clefable|339\/389 brn
|
|switch|p1a: Heatran|Heatran, F|385\/385
|move|p2a: Clefable|Flamethrower|p1a: Heatran
|-start|p1a: Heatran|ability: Flash Fire
|
|-heal|p2a: Clefable|363\/389 brn|[from] item: Leftovers
|turn|13
|
|move|p1a: Heatran|Lava Plume|p2a: Clefable
|-damage|p2a: Clefable|173\/389 brn
|move|p2a: Clefable|Moonblast|p1a: Heatran
|-resisted|p1a: Heatran
|-damage|p1a: Heatran|367\/385
|
|-heal|p1a: Heatran|385\/385|[from] item: Leftovers
|-heal|p2a: Clefable|197\/389 brn|[from] item: Leftovers
|turn|14
|
|move|p1a: Heatran|Lava Plume|p2a: Clefable
|-damage|p2a: Clefable|25\/389 brn
|move|p2a: Clefable|Soft-Boiled|p2a: Clefable
|-heal|p2a: Clefable|220\/389 brn
|
|-heal|p2a: Clefable|244\/389 brn|[from] item: Leftovers
|turn|15
|
|move|p1a: Heatran|Lava Plume|p2a: Clefable
|-damage|p2a: Clefable|51\/389 brn
|move|p2a: Clefable|Soft-Boiled|p2a: Clefable
|-heal|p2a: Clefable|246\/389 brn
|
|-heal|p2a: Clefable|270\/389 brn|[from] item: Leftovers
|turn|16
|
|move|p1a: Heatran|Lava Plume|p2a: Clefable
|-damage|p2a: Clefable|98\/389 brn
|move|p2a: Clefable|Soft-Boiled|p2a: Clefable
|-heal|p2a: Clefable|293\/389 brn
|
|-heal|p2a: Clefable|317\/389 brn|[from] item: Leftovers
|turn|17
|
|move|p1a: Heatran|Lava Plume|p2a: Clefable
|-damage|p2a: Clefable|140\/389 brn
|move|p2a: Clefable|Soft-Boiled|p2a: Clefable
|-heal|p2a: Clefable|335\/389 brn
|
|-heal|p2a: Clefable|359\/389 brn|[from] item: Leftovers
|turn|18
|
|switch|p2a: Latios|Latios, M, shiny|301\/301
|move|p1a: Heatran|Lava Plume|p2a: Latios
|-resisted|p2a: Latios
|-damage|p2a: Latios|225\/301
|-status|p2a: Latios|brn
|
|-damage|p2a: Latios|188\/301 brn|[from] brn
|turn|19
|
|switch|p1a: Latias|Latias, F|35\/301
|move|p2a: Latios|Thunderbolt|p1a: Latias
|-resisted|p1a: Latias
|-damage|p1a: Latias|0 fnt
|-damage|p2a: Latios|158\/301 brn|[from] item: Life Orb
|faint|p1a: Latias
|
|-damage|p2a: Latios|121\/301 brn|[from] brn
|
|switch|p1a: Landorus-Therian|Landorus-Therian, M|319\/319
|-ability|p1a: Landorus-Therian|Intimidate|[of] p2a: Latios
|-unboost|p2a: Latios|atk|1
|turn|20
|
|move|p1a: Landorus-Therian|U-turn|p2a: Latios
|-supereffective|p2a: Latios
|-damage|p2a: Latios|0 fnt
|faint|p2a: Latios
|
|switch|p1a: Heatran|Heatran, F|385\/385
|
|
|switch|p2a: Landorus-Therian|Landorus-Therian, M|379\/379
|-ability|p2a: Landorus-Therian|Intimidate|[of] p1a: Heatran
|-unboost|p1a: Heatran|atk|1
|turn|21
|
|switch|p1a: Landorus-Therian|Landorus-Therian, M|319\/319
|-ability|p1a: Landorus-Therian|Intimidate|[of] p2a: Landorus-Therian
|-unboost|p2a: Landorus-Therian|atk|1
|move|p2a: Landorus-Therian|Earthquake|p1a: Landorus-Therian
|-immune|p1a: Landorus-Therian|[msg]
|
|turn|22
|
|switch|p2a: Rotom-Wash|Rotom-Wash|116\/299 tox
|move|p1a: Landorus-Therian|U-turn|p2a: Rotom-Wash
|-damage|p2a: Rotom-Wash|30\/299 tox
|
|switch|p1a: Ferrothorn|Ferrothorn, M|351\/351
|
|-heal|p2a: Rotom-Wash|48\/299 tox|[from] item: Leftovers
|-damage|p2a: Rotom-Wash|30\/299 tox|[from] psn
|turn|23
|
|move|p2a: Rotom-Wash|Will-O-Wisp|p1a: Ferrothorn
|-status|p1a: Ferrothorn|brn
|move|p1a: Ferrothorn|Leech Seed|p2a: Rotom-Wash
|-start|p2a: Rotom-Wash|move: Leech Seed
|
|-heal|p2a: Rotom-Wash|48\/299 tox|[from] item: Leftovers
|-damage|p2a: Rotom-Wash|11\/299 tox|[from] Leech Seed|[of] p1a: Ferrothorn
|-damage|p2a: Rotom-Wash|0 fnt|[from] psn
|-damage|p1a: Ferrothorn|308\/351 brn|[from] brn
|faint|p2a: Rotom-Wash
|
|switch|p2a: Landorus-Therian|Landorus-Therian, M|379\/379
|-ability|p2a: Landorus-Therian|Intimidate|[of] p1a: Ferrothorn
|-unboost|p1a: Ferrothorn|atk|1
|turn|24
|
|switch|p1a: Landorus-Therian|Landorus-Therian, M|319\/319
|-ability|p1a: Landorus-Therian|Intimidate|[of] p2a: Landorus-Therian
|-unboost|p2a: Landorus-Therian|atk|1
|move|p2a: Landorus-Therian|Earthquake|p1a: Landorus-Therian
|-immune|p1a: Landorus-Therian|[msg]
|
|turn|25
|
|move|p1a: Landorus-Therian|Knock Off|p2a: Landorus-Therian
|-damage|p2a: Landorus-Therian|262\/379
|-enditem|p2a: Landorus-Therian|Leftovers|[from] move: Knock Off|[of] p1a: Landorus-Therian
|move|p2a: Landorus-Therian|U-turn|p1a: Landorus-Therian
|-resisted|p1a: Landorus-Therian
|-damage|p1a: Landorus-Therian|293\/319
|
|switch|p2a: Salamence|Salamence, F, shiny|331\/331
|-ability|p2a: Salamence|Intimidate|[of] p1a: Landorus-Therian
|-unboost|p1a: Landorus-Therian|atk|1
|
|turn|26
|
|switch|p1a: Sableye|Sableye, M|303\/303
|detailschange|p2a: Salamence|Salamence-Mega, F, shiny
|message|Salamence has Mega Evolved into Mega Salamence!
|move|p2a: Salamence|Dragon Dance|p2a: Salamence
|-boost|p2a: Salamence|atk|1
|-boost|p2a: Salamence|spe|1
|
|turn|27
|
|move|p1a: Sableye|Will-O-Wisp|p2a: Salamence
|-status|p2a: Salamence|brn
|move|p2a: Salamence|Return|p1a: Sableye
|-damage|p1a: Sableye|147\/303
|
|-damage|p2a: Salamence|290\/331 brn|[from] brn
|turn|28
|
|move|p1a: Sableye|Recover|p1a: Sableye
|-heal|p1a: Sableye|299\/303
|move|p2a: Salamence|Dragon Dance|p2a: Salamence
|-boost|p2a: Salamence|atk|1
|-boost|p2a: Salamence|spe|1
|
|-damage|p2a: Salamence|249\/331 brn|[from] brn
|turn|29
|
|detailschange|p1a: Sableye|Sableye-Mega, M
|message|Sableye has Mega Evolved into Mega Sableye!
|move|p2a: Salamence|Dragon Dance|p2a: Salamence
|-boost|p2a: Salamence|atk|1
|-boost|p2a: Salamence|spe|1
|move|p1a: Sableye|Dark Pulse|p2a: Salamence
|-damage|p2a: Salamence|162\/331 brn
|
|-damage|p2a: Salamence|121\/331 brn|[from] brn
|turn|30
|
|move|p2a: Salamence|Return|p1a: Sableye
|-damage|p1a: Sableye|118\/303
|move|p1a: Sableye|Recover|p1a: Sableye
|-heal|p1a: Sableye|270\/303
|
|-damage|p2a: Salamence|80\/331 brn|[from] brn
|turn|31
|c|âEmboarBoos|stall no
|c|âEmboarBoos|pls
|c|âwertzu|said the guy with the mega salamence
|
|switch|p1a: Ferrothorn|Ferrothorn, M|308\/351 brn
|move|p2a: Salamence|Return|p1a: Ferrothorn
|-damage|p1a: Ferrothorn|103\/351 brn
|-damage|p2a: Salamence|39\/331 brn|[from] ability: Iron Barbs|[of] p1a: Ferrothorn
|
|-damage|p2a: Salamence|0 fnt|[from] brn
|-damage|p1a: Ferrothorn|60\/351 brn|[from] brn
|faint|p2a: Salamence
|
|switch|p2a: Magnezone|Magnezone|281\/281
|turn|32
|
|move|p2a: Magnezone|Volt Switch|p1a: Ferrothorn
|-resisted|p1a: Ferrothorn
|-damage|p1a: Ferrothorn|9\/351 brn
|c|âwertzu|lol
|
|switch|p2a: Clefable|Clefable, M|359\/389 brn
|move|p1a: Ferrothorn|Leech Seed|p2a: Clefable
|-start|p2a: Clefable|move: Leech Seed
|
|-heal|p2a: Clefable|383\/389 brn|[from] item: Leftovers
|-damage|p1a: Ferrothorn|0 fnt|[from] brn
|faint|p1a: Ferrothorn
|
|switch|p1a: Landorus-Therian|Landorus-Therian, M|293\/319
|-ability|p1a: Landorus-Therian|Intimidate|[of] p2a: Clefable
|-unboost|p2a: Clefable|atk|1
|turn|33
|
|switch|p2a: Landorus-Therian|Landorus-Therian, M|262\/379
|-ability|p2a: Landorus-Therian|Intimidate|[of] p1a: Landorus-Therian
|-unboost|p1a: Landorus-Therian|atk|1
|move|p1a: Landorus-Therian|Earthquake|p2a: Landorus-Therian
|-immune|p2a: Landorus-Therian|[msg]
|
|turn|34
|
|switch|p1a: Sableye|Sableye-Mega, M|270\/303
|move|p2a: Landorus-Therian|Knock Off|p1a: Sableye
|-crit|p1a: Sableye
|-damage|p1a: Sableye|204\/303
|
|turn|35
|
|switch|p1a: Landorus-Therian|Landorus-Therian, M|293\/319
|-ability|p1a: Landorus-Therian|Intimidate|[of] p2a: Landorus-Therian
|-unboost|p2a: Landorus-Therian|atk|1
|move|p2a: Landorus-Therian|Earthquake|p1a: Landorus-Therian
|-immune|p1a: Landorus-Therian|[msg]
|
|turn|36
|
|switch|p2a: Clefable|Clefable, M|383\/389 brn
|move|p1a: Landorus-Therian|Stone Edge|p2a: Clefable
|-damage|p2a: Clefable|257\/389 brn
|
|-heal|p2a: Clefable|281\/389 brn|[from] item: Leftovers
|turn|37
|
|switch|p1a: Heatran|Heatran, F|385\/385
|switch|p2a: Magnezone|Magnezone|281\/281
|
|turn|38
|
|move|p2a: Magnezone|Volt Switch|p1a: Heatran
|-damage|p1a: Heatran|280\/385
|
|switch|p2a: Clefable|Clefable, M|281\/389 brn
|move|p1a: Heatran|Lava Plume|p2a: Clefable
|-crit|p2a: Clefable
|-damage|p2a: Clefable|91\/389 brn
|
|-heal|p1a: Heatran|304\/385|[from] item: Leftovers
|-heal|p2a: Clefable|115\/389 brn|[from] item: Leftovers
|turn|39
|c|âwertzu|lol
|
|switch|p2a: Magnezone|Magnezone|281\/281
|move|p1a: Heatran|Lava Plume|p2a: Magnezone
|-supereffective|p2a: Magnezone
|-damage|p2a: Magnezone|11\/281
|
|-heal|p1a: Heatran|328\/385|[from] item: Leftovers
|turn|40
|
|move|p2a: Magnezone|Thunderbolt|p1a: Heatran
|-damage|p1a: Heatran|208\/385
|move|p1a: Heatran|Lava Plume|p2a: Magnezone
|-supereffective|p2a: Magnezone
|-damage|p2a: Magnezone|0 fnt
|faint|p2a: Magnezone
|
|-heal|p1a: Heatran|232\/385|[from] item: Leftovers
|
|switch|p2a: Landorus-Therian|Landorus-Therian, M|262\/379
|-ability|p2a: Landorus-Therian|Intimidate|[of] p1a: Heatran
|-unboost|p1a: Heatran|atk|1
|turn|41
|
|switch|p1a: Landorus-Therian|Landorus-Therian, M|293\/319
|-ability|p1a: Landorus-Therian|Intimidate|[of] p2a: Landorus-Therian
|-unboost|p2a: Landorus-Therian|atk|1
|move|p2a: Landorus-Therian|Earthquake|p1a: Landorus-Therian
|-immune|p1a: Landorus-Therian|[msg]
|
|turn|42
|c|âEmboarBoos|fuck the swodown
|
|move|p1a: Landorus-Therian|U-turn|p2a: Landorus-Therian
|-crit|p2a: Landorus-Therian
|-resisted|p2a: Landorus-Therian
|-damage|p2a: Landorus-Therian|199\/379
|
|switch|p1a: Sableye|Sableye-Mega, M|204\/303
|move|p2a: Landorus-Therian|Knock Off|p1a: Sableye
|-crit|p1a: Sableye
|-damage|p1a: Sableye|136\/303
|
|turn|43
|c|âwertzu|lol chill
|
|switch|p2a: Clefable|Clefable, M|115\/389 brn
|switch|p1a: Landorus-Therian|Landorus-Therian, M|293\/319
|-ability|p1a: Landorus-Therian|Intimidate|[of] p2a: Clefable
|-unboost|p2a: Clefable|atk|1
|
|-heal|p2a: Clefable|139\/389 brn|[from] item: Leftovers
|turn|44
|
|switch|p2a: Landorus-Therian|Landorus-Therian, M|199\/379
|-ability|p2a: Landorus-Therian|Intimidate|[of] p1a: Landorus-Therian
|-unboost|p1a: Landorus-Therian|atk|1
|move|p1a: Landorus-Therian|Earthquake|p2a: Landorus-Therian
|-immune|p2a: Landorus-Therian|[msg]
|
|turn|45
|
|move|p1a: Landorus-Therian|Earthquake|p2a: Landorus-Therian
|-immune|p2a: Landorus-Therian|[msg]
|move|p2a: Landorus-Therian|Knock Off|p1a: Landorus-Therian
|-damage|p1a: Landorus-Therian|176\/319
|-enditem|p1a: Landorus-Therian|Choice Scarf|[from] move: Knock Off|[of] p2a: Landorus-Therian
|
|turn|46
|
|move|p1a: Landorus-Therian|U-turn|p2a: Landorus-Therian
|-resisted|p2a: Landorus-Therian
|-damage|p2a: Landorus-Therian|173\/379
|
|switch|p1a: Sableye|Sableye-Mega, M|136\/303
|move|p2a: Landorus-Therian|Knock Off|p1a: Sableye
|-damage|p1a: Sableye|91\/303
|
|turn|47
|
|switch|p1a: Landorus-Therian|Landorus-Therian, M|176\/319
|-ability|p1a: Landorus-Therian|Intimidate|[of] p2a: Landorus-Therian
|-unboost|p2a: Landorus-Therian|atk|1
|move|p2a: Landorus-Therian|Earthquake|p1a: Landorus-Therian
|-immune|p1a: Landorus-Therian|[msg]
|
|turn|48
|
|switch|p2a: Clefable|Clefable, M|139\/389 brn
|move|p1a: Landorus-Therian|Knock Off|p2a: Clefable
|-resisted|p2a: Clefable
|-damage|p2a: Clefable|74\/389 brn
|-enditem|p2a: Clefable|Leftovers|[from] move: Knock Off|[of] p1a: Landorus-Therian
|
|turn|49
|
|move|p1a: Landorus-Therian|Earthquake|p2a: Clefable
|-damage|p2a: Clefable|0 fnt
|faint|p2a: Clefable
|
|
|switch|p2a: Landorus-Therian|Landorus-Therian, M|173\/379
|-ability|p2a: Landorus-Therian|Intimidate|[of] p1a: Landorus-Therian
|-unboost|p1a: Landorus-Therian|atk|1
|turn|50
|c|âEmboarBoos|gg?
|c|âwertzu|yeah
|
|switch|p1a: Heatran|Heatran, F|232\/385
|move|p2a: Landorus-Therian|Knock Off|p1a: Heatran
|-damage|p1a: Heatran|137\/385
|-enditem|p1a: Heatran|Leftovers|[from] move: Knock Off|[of] p2a: Landorus-Therian
|
|turn|51
|
|move|p2a: Landorus-Therian|Knock Off|p1a: Heatran
|-damage|p1a: Heatran|75\/385
|move|p1a: Heatran|Lava Plume|p2a: Landorus-Therian
|-crit|p2a: Landorus-Therian
|-damage|p2a: Landorus-Therian|0 fnt
|faint|p2a: Landorus-Therian
|
|win|wertzu
|raw|Ladder updating...