|join|wertzu
|join|ZFantasyy
|player|p1|wertzu|184
|player|p2|ZFantasyy|218
|gametype|singles
|gen|6
|tier|ORAS OU
|rule|Sleep Clause Mod: Limit one foe put to sleep
|rule|Species Clause: Limit one of each PokÃ©mon
|rule|OHKO Clause: OHKO moves are banned
|rule|Moody Clause: Moody is banned
|rule|Evasion Moves Clause: Evasion moves are banned
|rule|Endless Battle Clause: Forcing endless battles is banned
|rule|HP Percentage Mod: HP is shown in percentages
|clearpoke
|poke|p1|Salamence, M
|poke|p1|Azumarill, F
|poke|p1|Magnezone, shiny
|poke|p1|Rotom-Wash
|poke|p1|Heatran, M, shiny
|poke|p1|Latios, M, shiny
|poke|p2|Latias, F
|poke|p2|Chesnaught, M
|poke|p2|Tentacruel, M
|poke|p2|Hippowdon, M
|poke|p2|Clefable, F
|poke|p2|Jirachi
|rule|Swagger Clause: Swagger is banned
|rule|Baton Pass Clause: Limit one PokÃ©mon knowing Baton Pass
|teampreview
|c|âwertzu|clfable u.u
|
|start
|switch|p1a: Real bunny|Azumarill, F|403\/403
|switch|p2a: Jirachi|Jirachi|404\/404
|turn|1
|
|move|p2a: Jirachi|Body Slam|p1a: Real bunny
|-damage|p1a: Real bunny|329\/403
|-status|p1a: Real bunny|par
|move|p1a: Real bunny|Knock Off|p2a: Jirachi
|-supereffective|p2a: Jirachi
|-damage|p2a: Jirachi|122\/404
|-enditem|p2a: Jirachi|Leftovers|[from] move: Knock Off|[of] p1a: Real bunny
|
|turn|2
|c|âwertzu|hm
|c|âZFantasyy|?
|
|switch|p2a: Hippowdon|Hippowdon, M|420\/420
|move|p1a: Real bunny|Aqua Jet|p2a: Hippowdon
|-supereffective|p2a: Hippowdon
|-damage|p2a: Hippowdon|304\/420
|
|-heal|p2a: Hippowdon|330\/420|[from] item: Leftovers
|turn|3
|
|move|p2a: Hippowdon|Stealth Rock|p1a: Real bunny
|-sidestart|p1: wertzu|move: Stealth Rock
|move|p1a: Real bunny|Waterfall|p2a: Hippowdon
|-supereffective|p2a: Hippowdon
|-damage|p2a: Hippowdon|114\/420
|
|-heal|p2a: Hippowdon|140\/420|[from] item: Leftovers
|turn|4
|
|move|p2a: Hippowdon|Slack Off|p2a: Hippowdon
|-heal|p2a: Hippowdon|350\/420
|cant|p1a: Real bunny|par
|
|-heal|p2a: Hippowdon|376\/420|[from] item: Leftovers
|turn|5
|
|move|p2a: Hippowdon|Earthquake|p1a: Real bunny
|-damage|p1a: Real bunny|181\/403 par
|move|p1a: Real bunny|Play Rough|p2a: Hippowdon
|-damage|p2a: Hippowdon|256\/420
|-unboost|p2a: Hippowdon|atk|1
|
|-heal|p2a: Hippowdon|282\/420|[from] item: Leftovers
|turn|6
|
|switch|p1a: Eon|Latios, M, shiny|302\/302
|-damage|p1a: Eon|265\/302|[from] Stealth Rock
|move|p2a: Hippowdon|Slack Off|p2a: Hippowdon
|-heal|p2a: Hippowdon|420\/420
|
|turn|7
|c|âZFantasyy|sand force
|c|âZFantasyy|hppo
|c|âwertzu|jo
|c|âZFantasyy|gg
|c|âZFantasyy|-.-
|
|switch|p2a: Clefable|Clefable, F|394\/394
|move|p1a: Eon|Defog|p2a: Clefable
|-unboost|p2a: Clefable|evasion|1
|-sideend|p1: wertzu|Stealth Rock|[from] move: Defog|[of] p1a: Eon
|
|turn|8
|
|switch|p1a: Magnetic Zone|Magnezone, shiny|324\/324
|move|p2a: Clefable|Moonblast|p1a: Magnetic Zone
|-resisted|p1a: Magnetic Zone
|-damage|p1a: Magnetic Zone|270\/324
|-unboost|p1a: Magnetic Zone|spa|1
|
|turn|9
|c|âwertzu|._.
|
|switch|p2a: Hippowdon|Hippowdon, M|420\/420
|move|p1a: Magnetic Zone|Volt Switch|p2a: Hippowdon
|-immune|p2a: Hippowdon|[msg]
|
|turn|10
|
|switch|p1a: Sock Eater|Rotom-Wash|242\/242
|move|p2a: Hippowdon|Stealth Rock|p1a: Sock Eater
|-sidestart|p1: wertzu|move: Stealth Rock
|
|turn|11
|c|âZFantasyy|get predicted
|c|âwertzu|:I
|
|switch|p2a: Latias|Latias, F|363\/363
|move|p1a: Sock Eater|Will-O-Wisp|p2a: Latias
|-status|p2a: Latias|brn
|
|-damage|p2a: Latias|318\/363 brn|[from] brn
|turn|12
|
|switch|p1a: Vulcano|Heatran, M, shiny|385\/385
|-damage|p1a: Vulcano|337\/385|[from] Stealth Rock
|detailschange|p2a: Latias|Latias-Mega, F
|message|Latias has Mega Evolved into Mega Latias!
|move|p2a: Latias|Calm Mind|p2a: Latias
|-boost|p2a: Latias|spa|1
|-boost|p2a: Latias|spd|1
|
|-heal|p1a: Vulcano|361\/385|[from] item: Leftovers
|-damage|p2a: Latias|273\/363 brn|[from] brn
|turn|13
|
|move|p2a: Latias|Stored Power|p1a: Vulcano
|-resisted|p1a: Vulcano
|-damage|p1a: Vulcano|313\/385
|move|p1a: Vulcano|Stealth Rock|p2a: Latias
|-sidestart|p2: ZFantasyy|move: Stealth Rock
|
|-heal|p1a: Vulcano|337\/385|[from] item: Leftovers
|-damage|p2a: Latias|228\/363 brn|[from] brn
|turn|14
|
|switch|p1a: Magnetic Zone|Magnezone, shiny|270\/324
|-damage|p1a: Magnetic Zone|250\/324|[from] Stealth Rock
|move|p2a: Latias|Roost|p2a: Latias
|-heal|p2a: Latias|363\/363 brn
|
|-damage|p2a: Latias|318\/363 brn|[from] brn
|turn|15
|
|move|p2a: Latias|Calm Mind|p2a: Latias
|-boost|p2a: Latias|spa|1
|-boost|p2a: Latias|spd|1
|move|p1a: Magnetic Zone|Flash Cannon|p2a: Latias
|-damage|p2a: Latias|231\/363 brn
|
|-damage|p2a: Latias|186\/363 brn|[from] brn
|turn|16
|
|move|p2a: Latias|Roost|p2a: Latias
|-heal|p2a: Latias|363\/363 brn
|move|p1a: Magnetic Zone|Flash Cannon|p2a: Latias
|-damage|p2a: Latias|278\/363 brn
|
|-damage|p2a: Latias|233\/363 brn|[from] brn
|turn|17
|c|âwertzu|crit imo
|
|move|p2a: Latias|Calm Mind|p2a: Latias
|-boost|p2a: Latias|spa|1
|-boost|p2a: Latias|spd|1
|move|p1a: Magnetic Zone|Flash Cannon|p2a: Latias
|-damage|p2a: Latias|161\/363 brn
|
|-damage|p2a: Latias|116\/363 brn|[from] brn
|turn|18
|
|move|p2a: Latias|Roost|p2a: Latias
|-heal|p2a: Latias|298\/363 brn
|move|p1a: Magnetic Zone|Flash Cannon|p2a: Latias
|-damage|p2a: Latias|228\/363 brn
|
|-damage|p2a: Latias|183\/363 brn|[from] brn
|turn|19
|
|move|p2a: Latias|Roost|p2a: Latias
|-heal|p2a: Latias|363\/363 brn
|move|p1a: Magnetic Zone|Flash Cannon|p2a: Latias
|-damage|p2a: Latias|299\/363 brn
|-unboost|p2a: Latias|spd|1
|
|-damage|p2a: Latias|254\/363 brn|[from] brn
|turn|20
|
|move|p2a: Latias|Calm Mind|p2a: Latias
|-boost|p2a: Latias|spa|1
|-boost|p2a: Latias|spd|1
|move|p1a: Magnetic Zone|Flash Cannon|p2a: Latias
|-damage|p2a: Latias|190\/363 brn
|
|-damage|p2a: Latias|145\/363 brn|[from] brn
|turn|21
|
|move|p2a: Latias|Roost|p2a: Latias
|-heal|p2a: Latias|327\/363 brn
|move|p1a: Magnetic Zone|Flash Cannon|p2a: Latias
|-crit|p2a: Latias
|-damage|p2a: Latias|69\/363 brn
|
|-damage|p2a: Latias|24\/363 brn|[from] brn
|turn|22
|
|move|p2a: Latias|Roost|p2a: Latias
|-heal|p2a: Latias|206\/363 brn
|move|p1a: Magnetic Zone|Flash Cannon|p2a: Latias
|-damage|p2a: Latias|133\/363 brn
|
|-damage|p2a: Latias|88\/363 brn|[from] brn
|turn|23
|
|move|p2a: Latias|Roost|p2a: Latias
|-heal|p2a: Latias|270\/363 brn
|move|p1a: Magnetic Zone|Flash Cannon|p2a: Latias
|-damage|p2a: Latias|203\/363 brn
|
|-damage|p2a: Latias|158\/363 brn|[from] brn
|turn|24
|c|âwertzu|mÃ¶p
|
|move|p2a: Latias|Roost|p2a: Latias
|-heal|p2a: Latias|340\/363 brn
|move|p1a: Magnetic Zone|Flash Cannon|p2a: Latias
|-damage|p2a: Latias|276\/363 brn
|-unboost|p2a: Latias|spd|1
|
|-damage|p2a: Latias|231\/363 brn|[from] brn
|turn|25
|
|move|p2a: Latias|Calm Mind|p2a: Latias
|-boost|p2a: Latias|spa|1
|-boost|p2a: Latias|spd|1
|move|p1a: Magnetic Zone|Flash Cannon|p2a: Latias
|-damage|p2a: Latias|162\/363 brn
|-unboost|p2a: Latias|spd|1
|
|-damage|p2a: Latias|117\/363 brn|[from] brn
|turn|26
|
|move|p2a: Latias|Roost|p2a: Latias
|-heal|p2a: Latias|299\/363 brn
|move|p1a: Magnetic Zone|Flash Cannon|p2a: Latias
|-damage|p2a: Latias|209\/363 brn
|
|-damage|p2a: Latias|164\/363 brn|[from] brn
|turn|27
|c|âZFantasyy|-.-
|
|move|p2a: Latias|Calm Mind|p2a: Latias
|-boost|p2a: Latias|spa|1
|-boost|p2a: Latias|spd|1
|move|p1a: Magnetic Zone|Flash Cannon|p2a: Latias
|-damage|p2a: Latias|94\/363 brn
|
|-damage|p2a: Latias|49\/363 brn|[from] brn
|turn|28
|
|move|p2a: Latias|Roost|p2a: Latias
|-heal|p2a: Latias|231\/363 brn
|move|p1a: Magnetic Zone|Flash Cannon|p2a: Latias
|-damage|p2a: Latias|168\/363 brn
|
|-damage|p2a: Latias|123\/363 brn|[from] brn
|turn|29
|
|move|p2a: Latias|Roost|p2a: Latias
|-heal|p2a: Latias|305\/363 brn
|move|p1a: Magnetic Zone|Flash Cannon|p2a: Latias
|-damage|p2a: Latias|244\/363 brn
|
|-damage|p2a: Latias|199\/363 brn|[from] brn
|turn|30
|
|switch|p1a: Real bunny|Azumarill, F|181\/403 par
|-damage|p1a: Real bunny|131\/403 par|[from] Stealth Rock
|move|p2a: Latias|Substitute|p2a: Latias
|-start|p2a: Latias|Substitute
|-damage|p2a: Latias|109\/363 brn
|
|-damage|p2a: Latias|64\/363 brn|[from] brn
|turn|31
|
|move|p2a: Latias|Roost|p2a: Latias
|-heal|p2a: Latias|246\/363 brn
|move|p1a: Real bunny|Knock Off|p2a: Latias
|-supereffective|p2a: Latias
|-end|p2a: Latias|Substitute
|
|-damage|p2a: Latias|201\/363 brn|[from] brn
|turn|32
|
|move|p2a: Latias|Stored Power|p1a: Real bunny
|-damage|p1a: Real bunny|0 fnt
|faint|p1a: Real bunny
|
|-damage|p2a: Latias|156\/363 brn|[from] brn
|
|switch|p1a: Eon|Latios, M, shiny|265\/302
|-damage|p1a: Eon|228\/302|[from] Stealth Rock
|turn|33
|c|âZFantasyy|komm latos
|c|âZFantasyy|:33333
|c|âZFantasyy|brb calc
|c|âwertzu|draco miss incoming
|c|âwertzu|sollte reichen
|c|âwertzu|!calc
|raw|<div class="infobox">Pokemon Showdown! damage calculator. (Courtesy of Honko)<br \/>- <a href="https:\/\/pokemonshowdown.com\/damagecalc\/">Damage Calculator<\/a><\/div>
|
|switch|p2a: Clefable|Clefable, F|394\/394
|-damage|p2a: Clefable|345\/394|[from] Stealth Rock
|move|p1a: Eon|Draco Meteor|p2a: Clefable
|-immune|p2a: Clefable|[msg]
|
|-heal|p2a: Clefable|369\/394|[from] item: Leftovers
|turn|34
|
|switch|p1a: Sock Eater|Rotom-Wash|242\/242
|-damage|p1a: Sock Eater|212\/242|[from] Stealth Rock
|move|p2a: Clefable|Moonblast|p1a: Sock Eater
|-damage|p1a: Sock Eater|101\/242
|
|-heal|p2a: Clefable|393\/394|[from] item: Leftovers
|turn|35
|c|âZFantasyy|lol 
|
|switch|p2a: Latias|Latias-Mega, F|156\/363 brn
|-damage|p2a: Latias|111\/363 brn|[from] Stealth Rock
|move|p1a: Sock Eater|Trick|p2a: Latias
|-fail|p2a: Latias
|
|-damage|p2a: Latias|66\/363 brn|[from] brn
|turn|36
|
|switch|p1a: Eon|Latios, M, shiny|228\/302
|-damage|p1a: Eon|191\/302|[from] Stealth Rock
|move|p2a: Latias|Calm Mind|p2a: Latias
|-boost|p2a: Latias|spa|1
|-boost|p2a: Latias|spd|1
|
|-damage|p2a: Latias|21\/363 brn|[from] brn
|turn|37
|c|âwertzu|that sucks
|
|move|p1a: Eon|Draco Meteor|p2a: Latias
|-supereffective|p2a: Latias
|-damage|p2a: Latias|0 fnt
|-unboost|p1a: Eon|spa|2
|-damage|p1a: Eon|161\/302|[from] item: Life Orb
|faint|p2a: Latias
|
|
|switch|p2a: Chesnaught|Chesnaught, M|380\/380
|-damage|p2a: Chesnaught|357\/380|[from] Stealth Rock
|turn|38
|
|move|p1a: Eon|Roost|p1a: Eon
|-heal|p1a: Eon|302\/302
|move|p2a: Chesnaught|Leech Seed|p1a: Eon
|-start|p1a: Eon|move: Leech Seed
|
|-heal|p2a: Chesnaught|380\/380|[from] item: Leftovers
|-damage|p1a: Eon|265\/302|[from] Leech Seed|[of] p2a: Chesnaught
|turn|39
|
|switch|p1a: Sock Eater|Rotom-Wash|101\/242
|-damage|p1a: Sock Eater|71\/242|[from] Stealth Rock
|move|p2a: Chesnaught|Leech Seed|p1a: Sock Eater
|-start|p1a: Sock Eater|move: Leech Seed
|
|-damage|p1a: Sock Eater|41\/242|[from] Leech Seed|[of] p2a: Chesnaught
|turn|40
|
|move|p1a: Sock Eater|Trick|p2a: Chesnaught
|-activate|p1a: Sock Eater|move: Trick|[of] p2a: Chesnaught
|-item|p2a: Chesnaught|Choice Scarf|[from] move: Trick
|-item|p1a: Sock Eater|Leftovers|[from] move: Trick
|move|p2a: Chesnaught|Drain Punch|p1a: Sock Eater
|-damage|p1a: Sock Eater|0 fnt
|faint|p1a: Sock Eater
|
|
|switch|p1a: Dreamer|Salamence, M|331\/331
|-damage|p1a: Dreamer|249\/331|[from] Stealth Rock
|-ability|p1a: Dreamer|Intimidate|[of] p2a: Chesnaught
|-unboost|p2a: Chesnaught|atk|1
|turn|41
|c|âZFantasyy|gg?
|c|âZFantasyy|lol
|c|âwertzu|hm
|c|âwertzu|unaware clefable ?
|
|switch|p2a: Hippowdon|Hippowdon, M|420\/420
|-damage|p2a: Hippowdon|394\/420|[from] Stealth Rock
|detailschange|p1a: Dreamer|Salamence-Mega, M
|message|Salamence has Mega Evolved into Mega Salamence!
|move|p1a: Dreamer|Return|p2a: Hippowdon
|-damage|p2a: Hippowdon|222\/420
|
|-heal|p2a: Hippowdon|248\/420|[from] item: Leftovers
|turn|42
|
|move|p1a: Dreamer|Return|p2a: Hippowdon
|-damage|p2a: Hippowdon|86\/420
|move|p2a: Hippowdon|Slack Off|p2a: Hippowdon
|-heal|p2a: Hippowdon|296\/420
|
|-heal|p2a: Hippowdon|322\/420|[from] item: Leftovers
|turn|43
|
|move|p1a: Dreamer|Return|p2a: Hippowdon
|-damage|p2a: Hippowdon|147\/420
|move|p2a: Hippowdon|Stone Edge|p1a: Dreamer
|-supereffective|p1a: Dreamer
|-damage|p1a: Dreamer|121\/331
|
|-heal|p2a: Hippowdon|173\/420|[from] item: Leftovers
|turn|44
|c|âwertzu|?
|join|bauer
|c| bauer|wasn das fÃ¼rn nick
|c| bauer|auf mence
|c| bauer|erklÃ¤r mir das mal
|c| bauer|los
|join|Naruto94
|join|av kakuna
|c| Naruto94|wertzu timer aus :D
|c|âwertzu|nÃ¶
|c| Naruto94|du hÃ¤ttest verloren :D
|-message|ZFantasyy lost due to inactivity.
|
|win|wertzu
|leave|Naruto94
|leave|wertzu
|player|p1
|leave|av kakuna
|join|Frank Stone
|leave|Frank Stone
|join|Frank Stone