|join|wertzu
|join|Svea489
|player|p1|wertzu|7
|player|p2|Svea489|237
|gametype|singles
|gen|6
|tier|OU
|clearpoke
|poke|p1|Swampert, F, shiny
|poke|p1|Politoed, F, shiny
|poke|p1|Ferrothorn, M
|poke|p1|Kabutops, M
|poke|p1|Tornadus-Therian, M, shiny
|poke|p1|Ludicolo, F
|poke|p2|Sceptile, M
|poke|p2|Dragalge, F
|poke|p2|Zebstrika, M
|poke|p2|Golurk
|poke|p2|Malamar, M
|poke|p2|Audino, M
|rule|Swagger Clause: Swagger is banned
|rule|Baton Pass Clause: Limit one PokÃ©mon knowing Baton Pass
|rule|Sleep Clause Mod: Limit one foe put to sleep
|rule|Species Clause: Limit one of each PokÃ©mon
|rule|OHKO Clause: OHKO moves are banned
|rule|Moody Clause: Moody is banned
|rule|Evasion Moves Clause: Evasion moves are banned
|rule|Endless Battle Clause: Forcing endless battles is banned
|rule|HP Percentage Mod: HP is shown in percentages
|teampreview
|join|Draganfly
|
|start
|switch|p1a: HURRICANE|Tornadus-Therian, M, shiny|332\/332
|switch|p2a: Zebstrika|Zebstrika, M|292\/292
|turn|1
|join|Mellartach
|
|move|p1a: HURRICANE|U-turn|p2a: Zebstrika
|-damage|p2a: Zebstrika|222\/292
|
|switch|p1a: 3 arms|Ferrothorn, M|351\/351
|move|p2a: Zebstrika|Thunderbolt|p1a: 3 arms
|-resisted|p1a: 3 arms
|-damage|p1a: 3 arms|285\/351
|-status|p1a: 3 arms|par
|-damage|p2a: Zebstrika|193\/292|[from] item: Life Orb
|
|turn|2
|
|switch|p1a: HURRICANE|Tornadus-Therian, M, shiny|332\/332
|move|p2a: Zebstrika|Thunderbolt|p1a: HURRICANE
|-supereffective|p1a: HURRICANE
|-damage|p1a: HURRICANE|103\/332
|-damage|p2a: Zebstrika|164\/292|[from] item: Life Orb
|
|turn|3
|
|move|p1a: HURRICANE|U-turn|p2a: Zebstrika
|-damage|p2a: Zebstrika|91\/292
|
|switch|p1a: She-Hulk|Swampert, F, shiny|361\/361
|move|p2a: Zebstrika|Overheat|p1a: She-Hulk
|-resisted|p1a: She-Hulk
|-damage|p1a: She-Hulk|273\/361
|-unboost|p2a: Zebstrika|spa|2
|-damage|p2a: Zebstrika|62\/292|[from] item: Life Orb
|
|turn|4
|
|detailschange|p1a: She-Hulk|Swampert-Mega, F, shiny
|message|Swampert has Mega Evolved into Mega Swampert!
|move|p2a: Zebstrika|Hidden Power|p1a: She-Hulk
|-supereffective|p1a: She-Hulk
|-damage|p1a: She-Hulk|143\/361
|-damage|p2a: Zebstrika|33\/292|[from] item: Life Orb
|move|p1a: She-Hulk|Earthquake|p2a: Zebstrika
|-supereffective|p2a: Zebstrika
|-damage|p2a: Zebstrika|0 fnt
|faint|p2a: Zebstrika
|
|
|switch|p2a: Sceptile|Sceptile, M|282\/282
|turn|5
|
|switch|p1a: HURRICANE|Tornadus-Therian, M, shiny|213\/332
|detailschange|p2a: Sceptile|Sceptile-Mega, M
|message|Sceptile has Mega Evolved into Mega Sceptile!
|move|p2a: Sceptile|Dragon Pulse|p1a: HURRICANE
|-damage|p1a: HURRICANE|89\/332
|
|turn|6
|
|switch|p1a: 3 arms|Ferrothorn, M|285\/351 par
|move|p2a: Sceptile|Hidden Power|p1a: 3 arms
|-resisted|p1a: 3 arms
|-damage|p1a: 3 arms|253\/351 par
|
|turn|7
|
|move|p2a: Sceptile|Focus Blast|p1a: 3 arms|[miss]
|-miss|p2a: Sceptile|p1a: 3 arms
|move|p1a: 3 arms|Stealth Rock|p2a: Sceptile
|-sidestart|p2: Svea489|move: Stealth Rock
|
|turn|8
|
|switch|p1a: HURRICANE|Tornadus-Therian, M, shiny|199\/332
|move|p2a: Sceptile|Focus Blast|p1a: HURRICANE|[miss]
|-miss|p2a: Sceptile|p1a: HURRICANE
|
|turn|9
|
|switch|p2a: Audino|Audino, M|410\/410
|-damage|p2a: Audino|359\/410|[from] Stealth Rock
|move|p1a: HURRICANE|U-turn|p2a: Audino
|-crit|p2a: Audino
|-damage|p2a: Audino|303\/410
|
|switch|p1a: Frog Princess|Politoed, F, shiny|383\/383
|-weather|RainDance
|
|-weather|RainDance|[upkeep]
|-heal|p2a: Audino|328\/410|[from] item: Leftovers
|turn|10
|
|move|p1a: Frog Princess|Scald|p2a: Audino
|-damage|p2a: Audino|193\/410
|move|p2a: Audino|Toxic|p1a: Frog Princess
|-status|p1a: Frog Princess|tox
|
|-weather|RainDance|[upkeep]
|-heal|p2a: Audino|218\/410|[from] item: Leftovers
|-damage|p1a: Frog Princess|360\/383 tox|[from] psn
|turn|11
|
|move|p1a: Frog Princess|Encore|p2a: Audino
|-start|p2a: Audino|Encore
|move|p2a: Audino|Toxic|p1a: Frog Princess
|-fail|p1a: Frog Princess|tox
|
|-weather|RainDance|[upkeep]
|-heal|p2a: Audino|243\/410|[from] item: Leftovers
|-damage|p1a: Frog Princess|314\/383 tox|[from] psn
|turn|12
|
|switch|p2a: Malamar|Malamar, M|376\/376
|-damage|p2a: Malamar|329\/376|[from] Stealth Rock
|move|p1a: Frog Princess|Scald|p2a: Malamar
|-damage|p2a: Malamar|221\/376
|-status|p2a: Malamar|brn
|
|-weather|RainDance|[upkeep]
|-damage|p2a: Malamar|174\/376 brn|[from] brn
|-damage|p1a: Frog Princess|245\/383 tox|[from] psn
|turn|13
|
|switch|p2a: Audino|Audino, M|379\/410
|-damage|p2a: Audino|328\/410|[from] Stealth Rock
|switch|p1a: HURRICANE|Tornadus-Therian, M, shiny|309\/332
|
|-weather|RainDance|[upkeep]
|-heal|p2a: Audino|353\/410|[from] item: Leftovers
|turn|14
|
|move|p1a: HURRICANE|Focus Blast|p2a: Audino|[miss]
|-miss|p1a: HURRICANE|p2a: Audino
|move|p2a: Audino|Heal Bell|p2a: Audino
|-cureteam|p2a: Audino|[from] move: HealBell
|
|-weather|RainDance|[upkeep]
|-heal|p2a: Audino|378\/410|[from] item: Leftovers
|turn|15
|
|move|p1a: HURRICANE|U-turn|p2a: Audino
|-damage|p2a: Audino|341\/410
|
|switch|p1a: 3 arms|Ferrothorn, M|253\/351 par
|move|p2a: Audino|Wish|p2a: Audino
|
|-weather|RainDance|[upkeep]
|-heal|p2a: Audino|366\/410|[from] item: Leftovers
|turn|16
|
|switch|p2a: Malamar|Malamar, M|174\/376
|-damage|p2a: Malamar|127\/376|[from] Stealth Rock
|cant|p1a: 3 arms|par
|
|-weather|none
|-heal|p2a: Malamar|332\/376|[from] move: Wish|[wisher] Audino
|turn|17
|
|switch|p1a: HURRICANE|Tornadus-Therian, M, shiny|332\/332
|move|p2a: Malamar|Superpower|p1a: HURRICANE
|-crit|p1a: HURRICANE
|-resisted|p1a: HURRICANE
|-damage|p1a: HURRICANE|226\/332
|-boost|p2a: Malamar|atk|1
|-boost|p2a: Malamar|def|1
|
|turn|18
|
|switch|p2a: Audino|Audino, M|410\/410
|-damage|p2a: Audino|359\/410|[from] Stealth Rock
|move|p1a: HURRICANE|U-turn|p2a: Audino
|-damage|p2a: Audino|323\/410
|leave|Draganfly
|
|switch|p1a: Frog Princess|Politoed, F, shiny|245\/383 tox
|-weather|RainDance
|
|-weather|RainDance|[upkeep]
|-heal|p2a: Audino|348\/410|[from] item: Leftovers
|-damage|p1a: Frog Princess|222\/383 tox|[from] psn
|turn|19
|
|move|p1a: Frog Princess|Scald|p2a: Audino
|-damage|p2a: Audino|204\/410
|-status|p2a: Audino|brn
|move|p2a: Audino|Wish|p2a: Audino
|
|-weather|RainDance|[upkeep]
|-heal|p2a: Audino|229\/410 brn|[from] item: Leftovers
|-damage|p1a: Frog Princess|176\/383 tox|[from] psn
|-damage|p2a: Audino|178\/410 brn|[from] brn
|turn|20
|
|move|p1a: Frog Princess|Scald|p2a: Audino
|-damage|p2a: Audino|28\/410 brn
|move|p2a: Audino|Wish|p2a: Audino
|-fail|p2a: Audino
|
|-weather|RainDance|[upkeep]
|-heal|p2a: Audino|233\/410 brn|[from] move: Wish|[wisher] Audino
|-heal|p2a: Audino|258\/410 brn|[from] item: Leftovers
|-damage|p1a: Frog Princess|107\/383 tox|[from] psn
|-damage|p2a: Audino|207\/410 brn|[from] brn
|turn|21
|
|move|p1a: Frog Princess|Rest|p1a: Frog Princess
|-status|p1a: Frog Princess|slp
|-heal|p1a: Frog Princess|383\/383 slp|[silent]
|-status|p1a: Frog Princess|slp|[from] move: Rest
|move|p2a: Audino|Wish|p2a: Audino
|
|-weather|RainDance|[upkeep]
|-heal|p2a: Audino|232\/410 brn|[from] item: Leftovers
|-damage|p2a: Audino|181\/410 brn|[from] brn
|turn|22
|join|Draganfly
|
|switch|p1a: Fossilfighter|Kabutops, M|261\/261
|move|p2a: Audino|Heal Bell|p2a: Audino
|-cureteam|p2a: Audino|[from] move: HealBell
|
|-weather|RainDance|[upkeep]
|-heal|p2a: Audino|386\/410|[from] move: Wish|[wisher] Audino
|-heal|p2a: Audino|410\/410|[from] item: Leftovers
|turn|23
|
|move|p2a: Audino|Protect|p2a: Audino
|-singleturn|p2a: Audino|Protect
|move|p1a: Fossilfighter|Waterfall|p2a: Audino
|-activate|p2a: Audino|Protect
|
|-weather|RainDance|[upkeep]
|turn|24
|
|switch|p2a: Sceptile|Sceptile-Mega, M|282\/282
|-damage|p2a: Sceptile|247\/282|[from] Stealth Rock
|move|p1a: Fossilfighter|Waterfall|p2a: Sceptile
|-resisted|p2a: Sceptile
|-damage|p2a: Sceptile|139\/282
|
|-weather|RainDance|[upkeep]
|turn|25
|
|switch|p1a: HURRICANE|Tornadus-Therian, M, shiny|332\/332
|move|p2a: Sceptile|Leaf Storm|p1a: HURRICANE
|-resisted|p1a: HURRICANE
|-damage|p1a: HURRICANE|244\/332
|-unboost|p2a: Sceptile|spa|2
|
|-weather|none
|turn|26
|
|switch|p2a: Dragalge|Dragalge, F|272\/272
|-damage|p2a: Dragalge|238\/272|[from] Stealth Rock
|move|p1a: HURRICANE|U-turn|p2a: Dragalge
|-resisted|p2a: Dragalge
|-damage|p2a: Dragalge|213\/272
|
|switch|p1a: She-Hulk|Swampert-Mega, F, shiny|143\/361
|
|turn|27
|
|switch|p2a: Audino|Audino, M|410\/410
|-damage|p2a: Audino|359\/410|[from] Stealth Rock
|move|p1a: She-Hulk|Earthquake|p2a: Audino
|-damage|p2a: Audino|208\/410
|
|-heal|p2a: Audino|233\/410|[from] item: Leftovers
|turn|28
|
|move|p1a: She-Hulk|Superpower|p2a: Audino
|-supereffective|p2a: Audino
|-damage|p2a: Audino|0 fnt
|-unboost|p1a: She-Hulk|atk|1
|-unboost|p1a: She-Hulk|def|1
|faint|p2a: Audino
|
|
|switch|p2a: Malamar|Malamar, M|332\/376
|-damage|p2a: Malamar|285\/376|[from] Stealth Rock
|turn|29
|
|switch|p1a: HURRICANE|Tornadus-Therian, M, shiny|332\/332
|move|p2a: Malamar|Superpower|p1a: HURRICANE
|-resisted|p1a: HURRICANE
|-damage|p1a: HURRICANE|258\/332
|-boost|p2a: Malamar|atk|1
|-boost|p2a: Malamar|def|1
|
|turn|30
|
|move|p1a: HURRICANE|Hurricane|p2a: Malamar
|-damage|p2a: Malamar|137\/376
|move|p2a: Malamar|Night Slash|p1a: HURRICANE
|-damage|p1a: HURRICANE|59\/332
|
|turn|31
|
|move|p1a: HURRICANE|U-turn|p2a: Malamar
|-supereffective|p2a: Malamar
|-damage|p2a: Malamar|0 fnt
|faint|p2a: Malamar
|
|switch|p1a: Frog Princess|Politoed, F, shiny|383\/383 slp
|-weather|RainDance
|
|-weather|RainDance|[upkeep]
|
|switch|p2a: Sceptile|Sceptile-Mega, M|139\/282
|-damage|p2a: Sceptile|104\/282|[from] Stealth Rock
|turn|32
|
|switch|p1a: 3 arms|Ferrothorn, M|253\/351 par
|move|p2a: Sceptile|Dragon Pulse|p1a: 3 arms
|-resisted|p1a: 3 arms
|-damage|p1a: 3 arms|190\/351 par
|
|-weather|RainDance|[upkeep]
|turn|33
|
|move|p2a: Sceptile|Focus Blast|p1a: 3 arms
|-supereffective|p1a: 3 arms
|-damage|p1a: 3 arms|0 fnt
|faint|p1a: 3 arms
|
|-weather|RainDance|[upkeep]
|
|switch|p1a: She-Hulk|Swampert-Mega, F, shiny|143\/361
|turn|34
|
|move|p1a: She-Hulk|Ice Punch|p2a: Sceptile
|-supereffective|p2a: Sceptile
|-damage|p2a: Sceptile|0 fnt
|faint|p2a: Sceptile
|
|-weather|RainDance|[upkeep]
|
|switch|p2a: Dragalge|Dragalge, F|213\/272
|-damage|p2a: Dragalge|179\/272|[from] Stealth Rock
|turn|35
|
|move|p1a: She-Hulk|Earthquake|p2a: Dragalge
|-supereffective|p2a: Dragalge
|-damage|p2a: Dragalge|0 fnt
|faint|p2a: Dragalge
|
|-weather|RainDance|[upkeep]
|
|switch|p2a: Golurk|Golurk|382\/382
|-damage|p2a: Golurk|359\/382|[from] Stealth Rock
|turn|36
|
|move|p1a: She-Hulk|Waterfall|p2a: Golurk
|-supereffective|p2a: Golurk
|-damage|p2a: Golurk|0 fnt
|faint|p2a: Golurk
|
|win|wertzu
|leave|Svea489
|player|p2
|leave|wertzu
|player|p1
|join|Mellartach
|leave|Draganfly