|join|Maistero
|join|wertzu
|player|p1|Maistero|153
|player|p2|wertzu|184
|gametype|singles
|gen|6
|tier|OU
|rated
|clearpoke
|poke|p1|Tyranitar, F
|poke|p1|Excadrill, M
|poke|p1|Charizard, F
|poke|p1|Latios, M
|poke|p1|Rotom-Wash
|poke|p1|Scizor, F
|poke|p2|Swampert, F, shiny
|poke|p2|Politoed, F, shiny
|poke|p2|Ferrothorn, M
|poke|p2|Kabutops, M
|poke|p2|Tornadus-Therian, M, shiny
|poke|p2|Ludicolo, F
|rule|Swagger Clause: Swagger is banned
|rule|Baton Pass Clause: Limit one PokÃ©mon knowing Baton Pass
|rule|Sleep Clause Mod: Limit one foe put to sleep
|rule|Species Clause: Limit one of each PokÃ©mon
|rule|OHKO Clause: OHKO moves are banned
|rule|Moody Clause: Moody is banned
|rule|Evasion Moves Clause: Evasion moves are banned
|rule|Endless Battle Clause: Forcing endless battles is banned
|rule|HP Percentage Mod: HP is shown in percentages
|teampreview
|join|bauer baut bauten
|c| bauer baut bauten|los wertz
|c| bauer baut bauten|seitwann kappalorÃ¤s
|c|âwertzu|seit heute
|c| bauer baut bauten|was haste rausgetan
|c|âwertzu|gothi
|c| bauer baut bauten|ah
|c| bauer baut bauten|wiso
|
|start
|switch|p1a: Tyranitar|Tyranitar, F|404\/404
|switch|p2a: HURRICANE|Tornadus-Therian, M, shiny|332\/332
|-weather|Sandstorm
|turn|1
|
|move|p2a: HURRICANE|U-turn|p1a: Tyranitar
|-crit|p1a: Tyranitar
|-supereffective|p1a: Tyranitar
|-damage|p1a: Tyranitar|254\/404
|c| bauer baut bauten|obv
|
|switch|p2a: 3 arms|Ferrothorn, M|351\/351
|move|p1a: Tyranitar|Ice Beam|p2a: 3 arms
|-damage|p2a: 3 arms|276\/351
|
|-weather|Sandstorm|[upkeep]
|turn|2
|
|move|p1a: Tyranitar|Fire Blast|p2a: 3 arms
|-supereffective|p2a: 3 arms
|-damage|p2a: 3 arms|0 fnt
|faint|p2a: 3 arms
|
|-weather|Sandstorm|[upkeep]
|c| bauer baut bauten|._.
|c|âMaistero|>:D
|c| bauer baut bauten|TTars sind schweine
|
|switch|p2a: Frog Princess|Politoed, F, shiny|383\/383
|-weather|RainDance
|turn|3
|c| bauer baut bauten|traue ihnen nie
|
|switch|p1a: Rotom-Wash|Rotom-Wash|304\/304
|move|p2a: Frog Princess|Scald|p1a: Rotom-Wash
|-resisted|p1a: Rotom-Wash
|-damage|p1a: Rotom-Wash|246\/304
|-status|p1a: Rotom-Wash|brn
|
|-weather|RainDance|[upkeep]
|-heal|p1a: Rotom-Wash|265\/304 brn|[from] item: Leftovers
|-damage|p1a: Rotom-Wash|227\/304 brn|[from] brn
|turn|4
|
|switch|p2a: CARLITO|Ludicolo, F|321\/321
|move|p1a: Rotom-Wash|Will-O-Wisp|p2a: CARLITO
|-status|p2a: CARLITO|brn
|
|-weather|RainDance|[upkeep]
|-heal|p1a: Rotom-Wash|246\/304 brn|[from] item: Leftovers
|-damage|p2a: CARLITO|281\/321 brn|[from] brn
|-damage|p1a: Rotom-Wash|208\/304 brn|[from] brn
|turn|5
|
|switch|p1a: Charizard|Charizard, F|298\/298
|move|p2a: CARLITO|Giga Drain|p1a: Charizard
|-resisted|p1a: Charizard
|-damage|p1a: Charizard|255\/298
|-heal|p2a: CARLITO|303\/321 brn|[from] drain|[of] p1a: Charizard
|-damage|p2a: CARLITO|271\/321 brn|[from] item: Life Orb
|
|-weather|RainDance|[upkeep]
|-damage|p2a: CARLITO|231\/321 brn|[from] brn
|turn|6
|
|detailschange|p1a: Charizard|Charizard-Mega-Y, F
|message|Charizard has Mega Evolved into Mega Charizard!
|-weather|SunnyDay
|move|p2a: CARLITO|Surf|p1a: Charizard
|-supereffective|p1a: Charizard
|-damage|p1a: Charizard|104\/298
|-damage|p2a: CARLITO|199\/321 brn|[from] item: Life Orb
|move|p1a: Charizard|Air Slash|p2a: CARLITO
|-supereffective|p2a: CARLITO
|-damage|p2a: CARLITO|0 fnt
|faint|p2a: CARLITO
|
|-weather|SunnyDay|[upkeep]
|
|switch|p2a: HURRICANE|Tornadus-Therian, M, shiny|332\/332
|turn|7
|
|switch|p1a: Tyranitar|Tyranitar, F|254\/404
|-weather|Sandstorm
|move|p2a: HURRICANE|Hurricane|p1a: Tyranitar
|-resisted|p1a: Tyranitar
|-damage|p1a: Tyranitar|200\/404
|
|-weather|Sandstorm|[upkeep]
|-damage|p2a: HURRICANE|312\/332|[from] sandstorm
|turn|8
|
|move|p2a: HURRICANE|Focus Blast|p1a: Tyranitar|[miss]
|-miss|p2a: HURRICANE|p1a: Tyranitar
|move|p1a: Tyranitar|Stealth Rock|p2a: HURRICANE
|-sidestart|p2: wertzu|move: Stealth Rock
|
|-weather|Sandstorm|[upkeep]
|-damage|p2a: HURRICANE|292\/332|[from] sandstorm
|turn|9
|c|âMaistero|Hm
|
|switch|p1a: Scizor|Scizor, F|344\/344
|move|p2a: HURRICANE|U-turn|p1a: Scizor
|-resisted|p1a: Scizor
|-damage|p1a: Scizor|321\/344
|
|switch|p2a: Frog Princess|Politoed, F, shiny|383\/383
|-damage|p2a: Frog Princess|336\/383|[from] Stealth Rock
|-weather|RainDance
|
|-weather|RainDance|[upkeep]
|turn|10
|
|move|p2a: Frog Princess|Scald|p1a: Scizor
|-damage|p1a: Scizor|162\/344
|move|p1a: Scizor|U-turn|p2a: Frog Princess
|-damage|p2a: Frog Princess|78\/383
|
|switch|p1a: Charizard|Charizard-Mega-Y, F|104\/298
|-weather|SunnyDay
|
|-weather|SunnyDay|[upkeep]
|turn|11
|
|switch|p2a: HURRICANE|Tornadus-Therian, M, shiny|332\/332
|-damage|p2a: HURRICANE|249\/332|[from] Stealth Rock
|move|p1a: Charizard|Solar Beam|p2a: HURRICANE|[still]
|-prepare|p1a: Charizard|Solar Beam|p2a: HURRICANE
|-anim|p1a: Charizard|Solar Beam|p2a: HURRICANE
|-resisted|p2a: HURRICANE
|-damage|p2a: HURRICANE|190\/332
|
|-weather|SunnyDay|[upkeep]
|turn|12
|
|switch|p1a: Scizor|Scizor, F|162\/344
|move|p2a: HURRICANE|U-turn|p1a: Scizor
|-resisted|p1a: Scizor
|-damage|p1a: Scizor|138\/344
|join|Highfly
|leave|Highfly
|join|Lyra214
|
|switch|p2a: Frog Princess|Politoed, F, shiny|78\/383
|-damage|p2a: Frog Princess|31\/383|[from] Stealth Rock
|-weather|RainDance
|
|-weather|RainDance|[upkeep]
|turn|13
|c| Lyra214|Wertzu fan army
|c| bauer baut bauten|^
|c|âMaistero|Basically
|
|switch|p2a: She-Hulk|Swampert, F, shiny|361\/361
|-damage|p2a: She-Hulk|339\/361|[from] Stealth Rock
|move|p1a: Scizor|Bullet Punch|p2a: She-Hulk
|-resisted|p2a: She-Hulk
|-damage|p2a: She-Hulk|244\/361
|
|-weather|RainDance|[upkeep]
|turn|14
|
|switch|p1a: Tyranitar|Tyranitar, F|200\/404
|-weather|Sandstorm
|detailschange|p2a: She-Hulk|Swampert-Mega, F, shiny
|message|Swampert has Mega Evolved into Mega Swampert!
|move|p2a: She-Hulk|Waterfall|p1a: Tyranitar
|-supereffective|p1a: Tyranitar
|-damage|p1a: Tyranitar|0 fnt
|faint|p1a: Tyranitar
|
|-weather|Sandstorm|[upkeep]
|
|switch|p1a: Latios|Latios, M|301\/301
|turn|15
|
|switch|p2a: HURRICANE|Tornadus-Therian, M, shiny|300\/332
|-damage|p2a: HURRICANE|217\/332|[from] Stealth Rock
|move|p1a: Latios|Draco Meteor|p2a: HURRICANE
|-damage|p2a: HURRICANE|45\/332
|-unboost|p1a: Latios|spa|2
|
|-weather|Sandstorm|[upkeep]
|-damage|p2a: HURRICANE|25\/332|[from] sandstorm
|turn|16
|
|switch|p1a: Scizor|Scizor, F|138\/344
|move|p2a: HURRICANE|U-turn|p1a: Scizor
|-crit|p1a: Scizor
|-resisted|p1a: Scizor
|-damage|p1a: Scizor|103\/344
|
|switch|p2a: Fossilfighter|Kabutops, M|261\/261
|-damage|p2a: Fossilfighter|229\/261|[from] Stealth Rock
|
|-weather|Sandstorm|[upkeep]
|turn|17
|
|move|p1a: Scizor|Bullet Punch|p2a: Fossilfighter
|-damage|p2a: Fossilfighter|54\/261
|move|p2a: Fossilfighter|Rapid Spin|p1a: Scizor
|-resisted|p1a: Scizor
|-damage|p1a: Scizor|86\/344
|-sideend|p2: wertzu|Stealth Rock|[from] move: Rapid Spin|[of] p2a: Fossilfighter
|
|-weather|Sandstorm|[upkeep]
|turn|18
|
|switch|p2a: She-Hulk|Swampert-Mega, F, shiny|244\/361
|move|p1a: Scizor|Bullet Punch|p2a: She-Hulk
|-resisted|p2a: She-Hulk
|-damage|p2a: She-Hulk|163\/361
|
|-weather|Sandstorm|[upkeep]
|turn|19
|c|âMaistero|Not bad
|c|âwertzu|i am bad
|c|âwertzu|i suck so hard
|c|âwertzu|and i am sorry for that
|
|switch|p1a: Rotom-Wash|Rotom-Wash|208\/304 brn
|move|p2a: She-Hulk|Waterfall|p1a: Rotom-Wash
|-resisted|p1a: Rotom-Wash
|-damage|p1a: Rotom-Wash|152\/304 brn
|
|-weather|Sandstorm|[upkeep]
|-damage|p1a: Rotom-Wash|133\/304 brn|[from] sandstorm
|-heal|p1a: Rotom-Wash|152\/304 brn|[from] item: Leftovers
|-damage|p1a: Rotom-Wash|114\/304 brn|[from] brn
|turn|20
|c|âMaistero|??
|
|move|p2a: She-Hulk|Superpower|p1a: Rotom-Wash
|-damage|p1a: Rotom-Wash|4\/304 brn
|-unboost|p2a: She-Hulk|atk|1
|-unboost|p2a: She-Hulk|def|1
|move|p1a: Rotom-Wash|Will-O-Wisp|p2a: She-Hulk
|-status|p2a: She-Hulk|brn
|
|-weather|Sandstorm|[upkeep]
|-damage|p1a: Rotom-Wash|0 fnt|[from] sandstorm
|-damage|p2a: She-Hulk|118\/361 brn|[from] brn
|faint|p1a: Rotom-Wash
|
|switch|p1a: Excadrill|Excadrill, M|362\/362
|-item|p1a: Excadrill|Air Balloon
|turn|21
|
|switch|p2a: HURRICANE|Tornadus-Therian, M, shiny|135\/332
|move|p1a: Excadrill|Iron Head|p2a: HURRICANE
|-damage|p2a: HURRICANE|0 fnt
|faint|p2a: HURRICANE
|
|-weather|none
|
|switch|p2a: Frog Princess|Politoed, F, shiny|31\/383
|-weather|RainDance
|turn|22
|
|move|p1a: Excadrill|Earthquake|p2a: Frog Princess
|-damage|p2a: Frog Princess|0 fnt
|faint|p2a: Frog Princess
|
|-weather|RainDance|[upkeep]
|
|switch|p2a: Fossilfighter|Kabutops, M|54\/261
|turn|23
|c|âMaistero|If I didn't have Char Y
|c|âMaistero|I'd have a pretty hard time of winning
|c|âwertzu|if i wuldnt suck so hard
|c|âMaistero|But gg
|
|move|p2a: Fossilfighter|Waterfall|p1a: Excadrill
|-supereffective|p1a: Excadrill
|-damage|p1a: Excadrill|0 fnt
|-enditem|p1a: Excadrill|Air Balloon
|faint|p1a: Excadrill
|
|-weather|RainDance|[upkeep]
|c|âwertzu|*wouldn't
|
|switch|p1a: Charizard|Charizard-Mega-Y, F|104\/298
|-weather|SunnyDay
|turn|24
|
|move|p1a: Charizard|Solar Beam|p2a: Fossilfighter|[still]
|-prepare|p1a: Charizard|Solar Beam|p2a: Fossilfighter
|-anim|p1a: Charizard|Solar Beam|p2a: Fossilfighter
|-supereffective|p2a: Fossilfighter
|-damage|p2a: Fossilfighter|0 fnt
|faint|p2a: Fossilfighter
|
|-weather|SunnyDay|[upkeep]
|
|switch|p2a: She-Hulk|Swampert-Mega, F, shiny|118\/361 brn
|turn|25
|
|move|p1a: Charizard|Solar Beam|p2a: She-Hulk|[still]
|-prepare|p1a: Charizard|Solar Beam|p2a: She-Hulk
|-anim|p1a: Charizard|Solar Beam|p2a: She-Hulk
|-supereffective|p2a: She-Hulk
|-damage|p2a: She-Hulk|0 fnt
|faint|p2a: She-Hulk
|
|win|Maistero
|raw|Ladder updating...
|raw|Maistero's rating: 1318 &rarr; <strong>1342<\/strong><br \/>(+24 for winning)
|raw|wertzu's rating: 1385 &rarr; <strong>1361<\/strong><br \/>(-24 for losing)
|leave|Maistero
|player|p1
|leave|wertzu
|player|p2
|leave|Lyra214