|join|wertzu
|join|Waybig99
|player|p1|wertzu|184
|player|p2|Waybig99|266
|gametype|singles
|gen|6
|tier|OU
|clearpoke
|poke|p1|Latias, F
|poke|p1|Rotom-Wash
|poke|p1|Heatran, M
|poke|p1|Gardevoir, M
|poke|p1|Landorus-Therian, M
|poke|p1|Conkeldurr, F
|poke|p2|Pinsir, M
|poke|p2|Malamar, M
|poke|p2|Scrafty, M
|poke|p2|Sharpedo, M
|poke|p2|Garchomp, M
|poke|p2|Azumarill, M
|rule|Swagger Clause: Swagger is banned
|rule|Baton Pass Clause: Limit one PokÃ©mon knowing Baton Pass
|rule|Sleep Clause Mod: Limit one foe put to sleep
|rule|Species Clause: Limit one of each PokÃ©mon
|rule|OHKO Clause: OHKO moves are banned
|rule|Moody Clause: Moody is banned
|rule|Evasion Moves Clause: Evasion moves are banned
|rule|Endless Battle Clause: Forcing endless battles is banned
|rule|HP Percentage Mod: HP is shown in percentages
|teampreview
|join|Melonen-Marie
|
|start
|switch|p1a: Gardevoir|Gardevoir, M|277\/277
|switch|p2a: Azumarill|Azumarill, M|404\/404
|-ability|p1a: Gardevoir|Huge Power|[from] ability: Trace|[of] p2a: Azumarill
|turn|1
|join|bauer
|c| bauer|los werrtzu
|c|âwertzu|nÃ¶
|
|switch|p1a: Rotom-Wash|Rotom-Wash|303\/303
|move|p2a: Azumarill|Belly Drum|p2a: Azumarill
|-damage|p2a: Azumarill|202\/404
|-setboost|p2a: Azumarill|atk|6|[from] move: Belly Drum
|-enditem|p2a: Azumarill|Sitrus Berry|[eat]
|-heal|p2a: Azumarill|303\/404|[from] item: Sitrus Berry
|
|turn|2
|c|âwertzu|kb
|c|âwertzu|ich verlier den mit absicht
|c| bauer|ich geb dir 300gp wenn du die tour gewinnst
|c|âwertzu|> gp
|c| bauer|und 200 wenn finale
|
|move|p1a: Rotom-Wash|Volt Switch|p2a: Azumarill
|-crit|p2a: Azumarill
|-supereffective|p2a: Azumarill
|-damage|p2a: Azumarill|3\/404
|c| bauer|ich bin so behindert
|c|âwertzu|NO
|c|âwertzu|NOOO
|c| bauer|ich mach ja selber bei der tour mit
|c|âwertzu|NOOOOOOOOOO
|c|âWaybig99|LOL:))
|
|switch|p1a: Heatran|Heatran, M|323\/323
|-item|p1a: Heatran|Air Balloon
|move|p2a: Azumarill|Play Rough|p1a: Heatran
|-resisted|p1a: Heatran
|-damage|p1a: Heatran|140\/323
|-enditem|p1a: Heatran|Air Balloon
|
|turn|3
|c|âwertzu|obv aj
|
|move|p2a: Azumarill|Aqua Jet|p1a: Heatran
|-supereffective|p1a: Heatran
|-damage|p1a: Heatran|0 fnt
|faint|p1a: Heatran
|
|
|switch|p1a: Rotom-Wash|Rotom-Wash|303\/303
|turn|4
|
|move|p2a: Azumarill|Aqua Jet|p1a: Rotom-Wash
|-resisted|p1a: Rotom-Wash
|-damage|p1a: Rotom-Wash|189\/303
|move|p1a: Rotom-Wash|Volt Switch|p2a: Azumarill
|-supereffective|p2a: Azumarill
|-damage|p2a: Azumarill|0 fnt
|faint|p2a: Azumarill
|
|switch|p1a: Landorus-Therian|Landorus-Therian, M|319\/319
|
|
|switch|p2a: Sharpedo|Sharpedo, M|281\/281
|turn|5
|
|move|p1a: Landorus-Therian|U-turn|p2a: Sharpedo
|-supereffective|p2a: Sharpedo
|-enditem|p2a: Sharpedo|Focus Sash
|-damage|p2a: Sharpedo|1\/281
|
|switch|p1a: Conkeldurr|Conkeldurr, F|413\/413
|move|p2a: Sharpedo|Waterfall|p1a: Conkeldurr
|-damage|p1a: Conkeldurr|269\/413
|
|-boost|p2a: Sharpedo|spe|1|[from] ability: Speed Boost
|turn|6
|
|move|p1a: Conkeldurr|Mach Punch|p2a: Sharpedo
|-supereffective|p2a: Sharpedo
|-damage|p2a: Sharpedo|0 fnt
|faint|p2a: Sharpedo
|
|
|switch|p2a: Pinsir|Pinsir, M|272\/272
|turn|7
|join|Freigeist
|join|Ambii
|c| Ambii|gewinn das pls wertzu :\/
|c|âwertzu|y ?
|c| Ambii|ich bin schon drauÃen ;_;
|c|âwertzu|noob
|c| Ambii|situation:
|
|detailschange|p2a: Pinsir|Pinsir-Mega, M
|-mega|p2a: Pinsir|Pinsir|Pinsirite
|move|p2a: Pinsir|Return|p1a: Conkeldurr
|-supereffective|p1a: Conkeldurr
|-damage|p1a: Conkeldurr|0 fnt
|faint|p1a: Conkeldurr
|
|c|âwertzu|jetzt kommts
|c|+Freigeist|wehe du lÃ¤sst burger gewinnen
|c|+Freigeist|dann bann xD
|c|âwertzu|lol
|join|Marshmallon
|c|âwertzu|chill
|
|switch|p1a: Landorus-Therian|Landorus-Therian, M|319\/319
|-ability|p1a: Landorus-Therian|Intimidate|[of] p2a: Pinsir
|-unboost|p2a: Pinsir|atk|1
|turn|8
|c| Ambii|latios vs conkel: ich predicte dass er mit conkel zu chansey wechselt und setze selber lopunny ein
|c| Ambii|:s
|c| Ambii|er bleibt drin :x
|c|âwertzu|k
|c| Ambii|lol freigeist
|c|âwertzu|noob
|c| Ambii|was passiert
|c| Ambii|ice punch crit
|c| Ambii|-> loppuny tot
|
|move|p1a: Landorus-Therian|U-turn|p2a: Pinsir
|-resisted|p2a: Pinsir
|-damage|p2a: Pinsir|228\/272
|c|âwertzu|meh
|c| Ambii|also ich weiÃ ja nicht...
|
|switch|p1a: Rotom-Wash|Rotom-Wash|189\/303
|move|p2a: Pinsir|Return|p1a: Rotom-Wash
|-resisted|p1a: Rotom-Wash
|-damage|p1a: Rotom-Wash|123\/303
|
|-heal|p1a: Rotom-Wash|141\/303|[from] item: Leftovers
|turn|9
|c|âwertzu|pff richtig predicten wer braucht sowas
|
|switch|p2a: Garchomp|Garchomp, M|357\/357
|move|p1a: Rotom-Wash|Will-O-Wisp|p2a: Garchomp
|-status|p2a: Garchomp|brn
|
|-heal|p1a: Rotom-Wash|159\/303|[from] item: Leftovers
|-damage|p2a: Garchomp|313\/357 brn|[from] brn
|turn|10
|c|âwertzu|<3
|
|switch|p1a: Landorus-Therian|Landorus-Therian, M|319\/319
|-ability|p1a: Landorus-Therian|Intimidate|[of] p2a: Garchomp
|-unboost|p2a: Garchomp|atk|1
|move|p2a: Garchomp|Crunch|p1a: Landorus-Therian
|-damage|p1a: Landorus-Therian|286\/319
|
|-damage|p2a: Garchomp|269\/357 brn|[from] brn
|turn|11
|c|âwertzu|dat damage
|
|move|p1a: Landorus-Therian|U-turn|p2a: Garchomp
|-damage|p2a: Garchomp|166\/357 brn
|-damage|p1a: Landorus-Therian|247\/319|[from] ability: Rough Skin|[of] p2a: Garchomp
|
|switch|p1a: Rotom-Wash|Rotom-Wash|159\/303
|move|p2a: Garchomp|Stone Edge|p1a: Rotom-Wash
|-damage|p1a: Rotom-Wash|131\/303
|
|-heal|p1a: Rotom-Wash|149\/303|[from] item: Leftovers
|-damage|p2a: Garchomp|122\/357 brn|[from] brn
|turn|12
|
|move|p2a: Garchomp|Outrage|p1a: Rotom-Wash
|-damage|p1a: Rotom-Wash|101\/303
|move|p1a: Rotom-Wash|Hydro Pump|p2a: Garchomp
|-damage|p2a: Garchomp|0 fnt
|faint|p2a: Garchomp
|
|-heal|p1a: Rotom-Wash|119\/303|[from] item: Leftovers
|c|âwertzu|._.
|
|switch|p2a: Scrafty|Scrafty, M|271\/271
|turn|13
|
|move|p1a: Rotom-Wash|Will-O-Wisp|p2a: Scrafty|[miss]
|-miss|p1a: Rotom-Wash|p2a: Scrafty
|move|p2a: Scrafty|Dragon Dance|p2a: Scrafty
|-boost|p2a: Scrafty|atk|1
|-boost|p2a: Scrafty|spe|1
|
|-heal|p1a: Rotom-Wash|137\/303|[from] item: Leftovers
|turn|14
|c| Ambii|lol atk evs?
|c|âwertzu|._.
|c|âwertzu|pls
|c|âwertzu|PLS
|
|move|p2a: Scrafty|High Jump Kick|p1a: Rotom-Wash
|-damage|p1a: Rotom-Wash|0 fnt
|faint|p1a: Rotom-Wash
|-boost|p2a: Scrafty|atk|1|[from] ability: Moxie
|
|c|âwertzu|FXGHKJLZHFDZ
|c| Ambii|ui
|c| Ambii|so ungefÃ¤hr fÃ¼hle ich mich auch
|c|âwertzu|nein
|
|switch|p1a: Gardevoir|Gardevoir, M|277\/277
|-ability|p1a: Gardevoir|Moxie|[from] ability: Trace|[of] p2a: Scrafty
|turn|15
|c|âwertzu|dat missklick
|
|detailschange|p1a: Gardevoir|Gardevoir-Mega, M
|-mega|p1a: Gardevoir|Gardevoir|Gardevoirite
|move|p2a: Scrafty|High Jump Kick|p1a: Gardevoir
|-resisted|p1a: Gardevoir
|-damage|p1a: Gardevoir|140\/277
|move|p1a: Gardevoir|Hyper Voice|p2a: Scrafty
|-supereffective|p2a: Scrafty
|-damage|p2a: Scrafty|0 fnt
|faint|p2a: Scrafty
|
|c|âwertzu|> skill
|c|âwertzu|*hax
|
|switch|p2a: Pinsir|Pinsir-Mega, M|228\/272
|turn|16
|
|switch|p1a: Latias|Latias, F|319\/319
|move|p2a: Pinsir|Return|p1a: Latias
|-damage|p1a: Latias|30\/319
|
|turn|17
|
|move|p2a: Pinsir|Quick Attack|p1a: Latias
|-damage|p1a: Latias|0 fnt
|faint|p1a: Latias
|
|join|Schneewittchen
|
|switch|p1a: Landorus-Therian|Landorus-Therian, M|247\/319
|-ability|p1a: Landorus-Therian|Intimidate|[of] p2a: Pinsir
|-unboost|p2a: Pinsir|atk|1
|turn|18
|
|move|p1a: Landorus-Therian|Stone Edge|p2a: Pinsir|[miss]
|-miss|p1a: Landorus-Therian|p2a: Pinsir
|move|p2a: Pinsir|Return|p1a: Landorus-Therian
|-damage|p1a: Landorus-Therian|61\/319
|
|turn|19
|c|âwertzu|NO
|c|âwertzu|NPOO
|c|âwertzu|NPOOGCHkgzjkuiÃ
|c|âwertzu|zjfth
|c|âwertzu|zujgczhft
|c|âwertzu|zjzcg
|c|âwertzu|ukj,vmgku
|c|âwertzu|vuuk
|c|âwertzu|gkugv
|c|âwertzu|ugvj
|c|âwertzu|ugjz
|c|âwertzu|g
|c|âwertzu|zjhgc
|c|âwertzu|hcg
|c| Ambii|chill
|c|âwertzu|th
|leave|Schneewittchen
|c|âwertzu|thg
|c|âwertzu|htt
|c|âwertzu|fzhf
|c|âwertzu|jzj
|c|âwertzu|._.
|
|move|p2a: Pinsir|Quick Attack|p1a: Landorus-Therian
|-damage|p1a: Landorus-Therian|0 fnt
|faint|p1a: Landorus-Therian
|
|c|âwertzu|OK
|c|âwertzu|OLK
|-message|wertzu forfeited.
|
|win|Waybig99
|c|âWaybig99|LOL
|leave|Freigeist
|c|âwertzu|achtung spam incoming
|c|âwertzu|gdxhcfjklhnh
|c|âwertzu|jh
|c|âwertzu|hcku
|c|âwertzu|fmgdzj
|c|âwertzu|ukjgzukg
|c|âwertzu|jczucg
|c|âwertzu|zukjgz
|c|âwertzu|vjgukkhjv
|c|âwertzu|h,jhuilj,
|c|âwertzu|hkn,h
|c|âwertzu|n
|c|âwertzu|k,nj
|leave|Marshmallon
|c|âwertzu|km
|c|âwertzu|zjggz
|c|âwertzu|so ._.
|leave|wertzu
|leave|Ambii
|player|p1