|join|DisastrousFutility
|join|wertzu
|player|p1|DisastrousFutility|248
|player|p2|wertzu|184
|gametype|singles
|gen|6
|tier|OU
|rated
|clearpoke
|poke|p1|Manaphy
|poke|p1|Amoonguss, M
|poke|p1|Heatran, M
|poke|p1|Gothitelle, F
|poke|p1|Mandibuzz, F
|poke|p1|Lopunny, F
|poke|p2|Latias, F
|poke|p2|Landorus-Therian, M
|poke|p2|Magnezone
|poke|p2|Azumarill, F
|poke|p2|Metagross
|poke|p2|Clefable, M
|rule|Swagger Clause: Swagger is banned
|rule|Baton Pass Clause: Limit one PokÃ©mon knowing Baton Pass
|rule|Sleep Clause Mod: Limit one foe put to sleep
|rule|Species Clause: Limit one of each PokÃ©mon
|rule|OHKO Clause: OHKO moves are banned
|rule|Moody Clause: Moody is banned
|rule|Evasion Moves Clause: Evasion moves are banned
|rule|Endless Battle Clause: Forcing endless battles is banned
|rule|HP Percentage Mod: HP is shown in percentages
|teampreview
|
|start
|switch|p1a: Lopunny|Lopunny, F|271\/271
|switch|p2a: Metagross|Metagross|301\/301
|turn|1
|
|detailschange|p1a: Lopunny|Lopunny-Mega, F
|message|Lopunny has Mega Evolved into Mega Lopunny!
|detailschange|p2a: Metagross|Metagross-Mega
|message|Metagross has Mega Evolved into Mega Metagross!
|move|p1a: Lopunny|Fake Out|p2a: Metagross
|-resisted|p2a: Metagross
|-damage|p2a: Metagross|274\/301
|cant|p2a: Metagross|flinch
|
|turn|2
|
|switch|p1a: Mandibuzz|Mandibuzz, F|423\/423
|move|p2a: Metagross|Meteor Mash|p1a: Mandibuzz
|-damage|p1a: Mandibuzz|249\/423
|
|-heal|p1a: Mandibuzz|275\/423|[from] item: Leftovers
|turn|3
|
|switch|p2a: Magnezone|Magnezone|324\/324
|switch|p1a: Gothitelle|Gothitelle, F|301\/301
|
|turn|4
|
|switch|p1a: Grasloch|Amoonguss, M|432\/432
|move|p2a: Magnezone|Volt Switch|p1a: Grasloch
|-resisted|p1a: Grasloch
|-damage|p1a: Grasloch|334\/432
|
|switch|p2a: Metagross|Metagross-Mega|274\/301
|
|-heal|p1a: Grasloch|361\/432|[from] item: Black Sludge
|turn|5
|
|switch|p1a: Manaphy|Manaphy|404\/404
|move|p2a: Metagross|Zen Headbutt|p1a: Manaphy
|-damage|p1a: Manaphy|254\/404
|
|-heal|p1a: Manaphy|279\/404|[from] item: Leftovers
|turn|6
|
|switch|p2a: Magnezone|Magnezone|324\/324
|move|p1a: Manaphy|Rain Dance|p1a: Manaphy
|-weather|RainDance
|
|-weather|RainDance|[upkeep]
|-heal|p1a: Manaphy|304\/404|[from] item: Leftovers
|turn|7
|
|switch|p1a: Grasloch|Amoonguss, M|432\/432
|move|p2a: Magnezone|Volt Switch|p1a: Grasloch
|-resisted|p1a: Grasloch
|-damage|p1a: Grasloch|334\/432
|
|switch|p2a: Metagross|Metagross-Mega|274\/301
|
|-weather|RainDance|[upkeep]
|-heal|p1a: Grasloch|361\/432|[from] item: Black Sludge
|turn|8
|
|switch|p1a: Mandibuzz|Mandibuzz, F|275\/423
|move|p2a: Metagross|Zen Headbutt|p1a: Mandibuzz
|-immune|p1a: Mandibuzz|[msg]
|
|-weather|RainDance|[upkeep]
|-heal|p1a: Mandibuzz|301\/423|[from] item: Leftovers
|turn|9
|
|switch|p2a: Magnezone|Magnezone|324\/324
|move|p1a: Mandibuzz|Foul Play|p2a: Magnezone
|-damage|p2a: Magnezone|254\/324
|
|-weather|RainDance|[upkeep]
|-heal|p1a: Mandibuzz|327\/423|[from] item: Leftovers
|turn|10
|
|switch|p1a: Grasloch|Amoonguss, M|432\/432
|move|p2a: Magnezone|Volt Switch|p1a: Grasloch
|-resisted|p1a: Grasloch
|-damage|p1a: Grasloch|324\/432
|
|switch|p2a: Metagross|Metagross-Mega|274\/301
|
|-weather|none
|-heal|p1a: Grasloch|351\/432|[from] item: Black Sludge
|turn|11
|
|switch|p1a: Mandibuzz|Mandibuzz, F|327\/423
|move|p2a: Metagross|Meteor Mash|p1a: Mandibuzz
|-damage|p1a: Mandibuzz|150\/423
|-boost|p2a: Metagross|atk|1
|
|-heal|p1a: Mandibuzz|176\/423|[from] item: Leftovers
|turn|12
|c|âDisastrousFutility|no.
|c|âwertzu|yes
|c|âDisastrousFutility|nooooo.
|
|switch|p1a: Manaphy|Manaphy|304\/404
|move|p2a: Metagross|Meteor Mash|p1a: Manaphy
|-resisted|p1a: Manaphy
|-damage|p1a: Manaphy|184\/404
|
|-heal|p1a: Manaphy|209\/404|[from] item: Leftovers
|turn|13
|c|âwertzu|YESSS
|
|move|p2a: Metagross|Zen Headbutt|p1a: Manaphy
|-damage|p1a: Manaphy|0 fnt
|faint|p1a: Manaphy
|
|c|âDisastrousFutility|you monster
|
|switch|p1a: Krakatoa|Heatran, M|385\/385
|-item|p1a: Krakatoa|Air Balloon
|turn|14
|c|âDisastrousFutility|wait no
|c|âwertzu|lol
|c|âDisastrousFutility|meh
|c|âDisastrousFutility|it's over already
|
|switch|p2a: Latias|Latias, F|301\/301
|move|p1a: Krakatoa|Fire Blast|p2a: Latias
|-resisted|p2a: Latias
|-damage|p2a: Latias|233\/301
|
|turn|15
|c|âDisastrousFutility|oh grace
|c|âDisastrousFutility|I thought it had hammer arm
|c|âwertzu|._.
|
|move|p2a: Latias|Draco Meteor|p1a: Krakatoa
|-resisted|p1a: Krakatoa
|-damage|p1a: Krakatoa|289\/385
|-enditem|p1a: Krakatoa|Air Balloon
|-unboost|p2a: Latias|spa|2
|-damage|p2a: Latias|203\/301|[from] item: Life Orb
|move|p1a: Krakatoa|Toxic|p2a: Latias
|-status|p2a: Latias|tox
|
|-damage|p2a: Latias|185\/301 tox|[from] psn
|turn|16
|c|âwertzu|but now its over ._.
|
|switch|p2a: Azumarill|Azumarill, F|401\/401
|move|p1a: Krakatoa|Stealth Rock|p2a: Azumarill
|-sidestart|p2: wertzu|move: Stealth Rock
|
|turn|17
|c|âDisastrousFutility|v true
|
|move|p1a: Krakatoa|Toxic|p2a: Azumarill
|-status|p2a: Azumarill|tox
|move|p2a: Azumarill|Waterfall|p1a: Krakatoa
|-supereffective|p1a: Krakatoa
|-damage|p1a: Krakatoa|0 fnt
|faint|p1a: Krakatoa
|
|-damage|p2a: Azumarill|376\/401 tox|[from] psn
|
|switch|p1a: Mandibuzz|Mandibuzz, F|176\/423
|turn|18
|
|move|p1a: Mandibuzz|Roost|p1a: Mandibuzz
|-heal|p1a: Mandibuzz|388\/423
|move|p2a: Azumarill|Play Rough|p1a: Mandibuzz
|-supereffective|p1a: Mandibuzz
|-damage|p1a: Mandibuzz|82\/423
|-unboost|p1a: Mandibuzz|atk|1
|
|-heal|p1a: Mandibuzz|108\/423|[from] item: Leftovers
|-damage|p2a: Azumarill|326\/401 tox|[from] psn
|turn|19
|c|âDisastrousFutility|I thought it was banded
|c|âDisastrousFutility|._.
|c|âwertzu|lol
|
|switch|p1a: Grasloch|Amoonguss, M|432\/432
|move|p2a: Azumarill|Play Rough|p1a: Grasloch
|-resisted|p1a: Grasloch
|-damage|p1a: Grasloch|328\/432
|
|-heal|p1a: Grasloch|355\/432|[from] item: Black Sludge
|-damage|p2a: Azumarill|251\/401 tox|[from] psn
|turn|20
|
|switch|p2a: Latias|Latias, F|185\/301 tox
|-damage|p2a: Latias|148\/301 tox|[from] Stealth Rock
|switch|p1a: Lopunny|Lopunny-Mega, F|271\/271
|
|-damage|p2a: Latias|130\/301 tox|[from] psn
|turn|21
|
|move|p1a: Lopunny|Return|p2a: Latias
|-damage|p2a: Latias|0 fnt
|faint|p2a: Latias
|
|
|switch|p2a: Clefable|Clefable, M|393\/393
|-damage|p2a: Clefable|344\/393|[from] Stealth Rock
|turn|22
|
|move|p1a: Lopunny|Return|p2a: Clefable
|-damage|p2a: Clefable|164\/393
|move|p2a: Clefable|Stealth Rock|p1a: Lopunny
|-sidestart|p1: DisastrousFutility|move: Stealth Rock
|
|-heal|p2a: Clefable|188\/393|[from] item: Leftovers
|turn|23
|
|switch|p1a: Gothitelle|Gothitelle, F|301\/301
|-damage|p1a: Gothitelle|264\/301|[from] Stealth Rock
|move|p2a: Clefable|Moonblast|p1a: Gothitelle
|-damage|p1a: Gothitelle|161\/301
|-unboost|p1a: Gothitelle|spa|1
|
|-heal|p2a: Clefable|212\/393|[from] item: Leftovers
|turn|24
|
|move|p1a: Gothitelle|Trick|p2a: Clefable
|-activate|p1a: Gothitelle|move: Trick|[of] p2a: Clefable
|-item|p2a: Clefable|Choice Scarf|[from] move: Trick
|-item|p1a: Gothitelle|Leftovers|[from] move: Trick
|move|p2a: Clefable|Wish|p2a: Clefable
|
|-heal|p1a: Gothitelle|179\/301|[from] item: Leftovers
|turn|25
|
|move|p1a: Gothitelle|Calm Mind|p1a: Gothitelle
|-boost|p1a: Gothitelle|spa|1
|-boost|p1a: Gothitelle|spd|1
|move|p2a: Clefable|Wish|p2a: Clefable
|-fail|p2a: Clefable
|
|-heal|p2a: Clefable|393\/393|[from] move: Wish|[wisher] Clefable
|-heal|p1a: Gothitelle|197\/301|[from] item: Leftovers
|turn|26
|
|move|p1a: Gothitelle|Calm Mind|p1a: Gothitelle
|-boost|p1a: Gothitelle|spa|1
|-boost|p1a: Gothitelle|spd|1
|move|p2a: Clefable|Wish|p2a: Clefable
|
|-heal|p1a: Gothitelle|215\/301|[from] item: Leftovers
|turn|27
|
|move|p1a: Gothitelle|Calm Mind|p1a: Gothitelle
|-boost|p1a: Gothitelle|spa|1
|-boost|p1a: Gothitelle|spd|1
|move|p2a: Clefable|Wish|p2a: Clefable
|-fail|p2a: Clefable
|
|-heal|p1a: Gothitelle|233\/301|[from] item: Leftovers
|turn|28
|c|âwertzu|.-.
|
|move|p1a: Gothitelle|Calm Mind|p1a: Gothitelle
|-boost|p1a: Gothitelle|spa|1
|-boost|p1a: Gothitelle|spd|1
|move|p2a: Clefable|Wish|p2a: Clefable
|
|-heal|p1a: Gothitelle|251\/301|[from] item: Leftovers
|turn|29
|
|move|p1a: Gothitelle|Calm Mind|p1a: Gothitelle
|-boost|p1a: Gothitelle|spa|1
|-boost|p1a: Gothitelle|spd|1
|move|p2a: Clefable|Wish|p2a: Clefable
|-fail|p2a: Clefable
|
|-heal|p1a: Gothitelle|269\/301|[from] item: Leftovers
|turn|30
|
|move|p1a: Gothitelle|Calm Mind|p1a: Gothitelle
|-boost|p1a: Gothitelle|spa|1
|-boost|p1a: Gothitelle|spd|1
|move|p2a: Clefable|Wish|p2a: Clefable
|
|-heal|p1a: Gothitelle|287\/301|[from] item: Leftovers
|turn|31
|
|move|p1a: Gothitelle|Calm Mind|p1a: Gothitelle
|-boost|p1a: Gothitelle|spa|1
|move|p2a: Clefable|Wish|p2a: Clefable
|-fail|p2a: Clefable
|
|-heal|p1a: Gothitelle|301\/301|[from] item: Leftovers
|turn|32
|
|move|p1a: Gothitelle|Psyshock|p2a: Clefable
|-damage|p2a: Clefable|290\/393
|move|p2a: Clefable|Wish|p2a: Clefable
|
|turn|33
|
|move|p1a: Gothitelle|Psyshock|p2a: Clefable
|-damage|p2a: Clefable|199\/393
|move|p2a: Clefable|Wish|p2a: Clefable
|-fail|p2a: Clefable
|
|-heal|p2a: Clefable|393\/393|[from] move: Wish|[wisher] Clefable
|turn|34
|c|âwertzu|._.
|c|âDisastrousFutility|i just need to stall you out
|
|move|p1a: Gothitelle|Psyshock|p2a: Clefable
|-damage|p2a: Clefable|297\/393
|move|p2a: Clefable|Wish|p2a: Clefable
|
|turn|35
|c|âwertzu|ik
|
|move|p1a: Gothitelle|Psyshock|p2a: Clefable
|-damage|p2a: Clefable|192\/393
|move|p2a: Clefable|Wish|p2a: Clefable
|-fail|p2a: Clefable
|
|-heal|p2a: Clefable|388\/393|[from] move: Wish|[wisher] Clefable
|turn|36
|
|move|p1a: Gothitelle|Psyshock|p2a: Clefable
|-damage|p2a: Clefable|289\/393
|move|p2a: Clefable|Wish|p2a: Clefable
|
|turn|37
|
|move|p1a: Gothitelle|Psyshock|p2a: Clefable
|-damage|p2a: Clefable|181\/393
|move|p2a: Clefable|Wish|p2a: Clefable
|-fail|p2a: Clefable
|
|-heal|p2a: Clefable|377\/393|[from] move: Wish|[wisher] Clefable
|turn|38
|
|move|p1a: Gothitelle|Psyshock|p2a: Clefable
|-damage|p2a: Clefable|278\/393
|move|p2a: Clefable|Wish|p2a: Clefable
|
|turn|39
|
|move|p1a: Gothitelle|Psyshock|p2a: Clefable
|-damage|p2a: Clefable|182\/393
|move|p2a: Clefable|Wish|p2a: Clefable
|-fail|p2a: Clefable
|
|-heal|p2a: Clefable|378\/393|[from] move: Wish|[wisher] Clefable
|turn|40
|
|move|p1a: Gothitelle|Psyshock|p2a: Clefable
|-damage|p2a: Clefable|272\/393
|move|p2a: Clefable|Struggle|p1a: Gothitelle
|-damage|p1a: Gothitelle|271\/301
|-damage|p2a: Clefable|174\/393
|
|-heal|p1a: Gothitelle|289\/301|[from] item: Leftovers
|turn|41
|c|âwertzu|wow that damag
|c|âwertzu|e
|
|move|p1a: Gothitelle|Trick|p2a: Clefable
|-activate|p1a: Gothitelle|move: Trick|[of] p2a: Clefable
|-item|p2a: Clefable|Leftovers|[from] move: Trick
|-item|p1a: Gothitelle|Choice Scarf|[from] move: Trick
|move|p2a: Clefable|Struggle|p1a: Gothitelle
|-damage|p1a: Gothitelle|261\/301
|-damage|p2a: Clefable|76\/393
|
|-heal|p2a: Clefable|100\/393|[from] item: Leftovers
|turn|42
|
|move|p1a: Gothitelle|Psyshock|p2a: Clefable
|-damage|p2a: Clefable|1\/393
|move|p2a: Clefable|Moonblast|p1a: Gothitelle
|-damage|p1a: Gothitelle|159\/301
|
|-heal|p2a: Clefable|25\/393|[from] item: Leftovers
|turn|43
|
|move|p1a: Gothitelle|Psyshock|p2a: Clefable
|-damage|p2a: Clefable|0 fnt
|faint|p2a: Clefable
|
|
|switch|p2a: Landorus-Therian|Landorus-Therian, M|319\/319
|-damage|p2a: Landorus-Therian|280\/319|[from] Stealth Rock
|-ability|p2a: Landorus-Therian|Intimidate|[of] p1a: Gothitelle
|-unboost|p1a: Gothitelle|atk|1
|turn|44
|c|âDisastrousFutility|this is so painful
|c|âwertzu|;D
|
|move|p2a: Landorus-Therian|U-turn|p1a: Gothitelle
|-crit|p1a: Gothitelle
|-supereffective|p1a: Gothitelle
|-damage|p1a: Gothitelle|0 fnt
|faint|p1a: Gothitelle
|
|switch|p2a: Azumarill|Azumarill, F|251\/401 tox
|-damage|p2a: Azumarill|201\/401 tox|[from] Stealth Rock
|
|-damage|p2a: Azumarill|176\/401 tox|[from] psn
|
|switch|p1a: Lopunny|Lopunny-Mega, F|271\/271
|-damage|p1a: Lopunny|255\/271|[from] Stealth Rock
|turn|45
|
|move|p1a: Lopunny|Return|p2a: Azumarill
|-damage|p2a: Azumarill|0 fnt
|faint|p2a: Azumarill
|
|
|switch|p2a: Landorus-Therian|Landorus-Therian, M|280\/319
|-damage|p2a: Landorus-Therian|241\/319|[from] Stealth Rock
|-ability|p2a: Landorus-Therian|Intimidate|[of] p1a: Lopunny
|-unboost|p1a: Lopunny|atk|1
|turn|46
|
|switch|p1a: Mandibuzz|Mandibuzz, F|108\/423
|-damage|p1a: Mandibuzz|3\/423|[from] Stealth Rock
|move|p2a: Landorus-Therian|U-turn|p1a: Mandibuzz
|-damage|p1a: Mandibuzz|0 fnt
|faint|p1a: Mandibuzz
|
|switch|p2a: Magnezone|Magnezone|254\/324
|-damage|p2a: Magnezone|234\/324|[from] Stealth Rock
|
|
|switch|p1a: Lopunny|Lopunny-Mega, F|255\/271
|-damage|p1a: Lopunny|239\/271|[from] Stealth Rock
|turn|47
|
|move|p1a: Lopunny|High Jump Kick|p2a: Magnezone
|-supereffective|p2a: Magnezone
|-damage|p2a: Magnezone|0 fnt
|faint|p2a: Magnezone
|
|
|switch|p2a: Landorus-Therian|Landorus-Therian, M|241\/319
|-damage|p2a: Landorus-Therian|202\/319|[from] Stealth Rock
|-ability|p2a: Landorus-Therian|Intimidate|[of] p1a: Lopunny
|-unboost|p1a: Lopunny|atk|1
|turn|48
|
|switch|p1a: Grasloch|Amoonguss, M|432\/432
|-damage|p1a: Grasloch|378\/432|[from] Stealth Rock
|move|p2a: Landorus-Therian|Earthquake|p1a: Grasloch
|-damage|p1a: Grasloch|191\/432
|
|-heal|p1a: Grasloch|218\/432|[from] item: Black Sludge
|turn|49
|
|move|p2a: Landorus-Therian|Earthquake|p1a: Grasloch
|-damage|p1a: Grasloch|13\/432
|move|p1a: Grasloch|Spore|p2a: Landorus-Therian
|-status|p2a: Landorus-Therian|slp
|
|-heal|p1a: Grasloch|40\/432|[from] item: Black Sludge
|turn|50
|
|switch|p2a: Metagross|Metagross-Mega|274\/301
|-damage|p2a: Metagross|256\/301|[from] Stealth Rock
|move|p1a: Grasloch|Hidden Power|p2a: Metagross
|-supereffective|p2a: Metagross
|-damage|p2a: Metagross|182\/301
|
|-heal|p1a: Grasloch|67\/432|[from] item: Black Sludge
|turn|51
|
|move|p2a: Metagross|Meteor Mash|p1a: Grasloch
|-damage|p1a: Grasloch|0 fnt
|-boost|p2a: Metagross|atk|1
|faint|p1a: Grasloch
|
|c|âDisastrousFutility|.
|
|switch|p1a: Lopunny|Lopunny-Mega, F|239\/271
|-damage|p1a: Lopunny|223\/271|[from] Stealth Rock
|turn|52
|c|âwertzu|dat boost lol
|
|move|p1a: Lopunny|Fake Out|p2a: Metagross
|-resisted|p2a: Metagross
|-damage|p2a: Metagross|156\/301
|cant|p2a: Metagross|flinch
|
|turn|53
|
|move|p1a: Lopunny|High Jump Kick|p2a: Metagross
|-damage|p2a: Metagross|0 fnt
|faint|p2a: Metagross
|
|
|switch|p2a: Landorus-Therian|Landorus-Therian, M|202\/319 slp
|-damage|p2a: Landorus-Therian|163\/319 slp|[from] Stealth Rock
|-ability|p2a: Landorus-Therian|Intimidate|[of] p1a: Lopunny
|-unboost|p1a: Lopunny|atk|1
|turn|54
|c|âDisastrousFutility|nb
|
|cant|p2a: Landorus-Therian|slp
|move|p1a: Lopunny|Ice Punch|p2a: Landorus-Therian
|-supereffective|p2a: Landorus-Therian
|-damage|p2a: Landorus-Therian|0 fnt
|faint|p2a: Landorus-Therian
|
|win|DisastrousFutility
|raw|Ladder updating...
|c|âwertzu|wtf
|c|âwertzu|my calc sucks
|c|âDisastrousFutility|:l
|raw|DisastrousFutility's rating: 1633 &rarr; <strong>1648<\/strong><br \/>(+15 for winning)
|raw|wertzu's rating: 1555 &rarr; <strong>1539<\/strong><br \/>(-16 for losing)