|join|burgerfresser
|join|wertzu
|player|p1|burgerfresser|115
|player|p2|wertzu|184
|gametype|singles
|gen|6
|tier|OU
|clearpoke
|poke|p1|Dragonite, M, shiny
|poke|p1|Gardevoir, F, shiny
|poke|p1|Starmie
|poke|p1|Amoonguss, M
|poke|p1|Heatran, M
|poke|p1|Conkeldurr, F
|poke|p2|Diancie
|poke|p2|Magnezone
|poke|p2|Ferrothorn, M
|poke|p2|Landorus-Therian, M
|poke|p2|Latias, F
|poke|p2|Azumarill, M
|rule|Swagger Clause: Swagger is banned
|rule|Baton Pass Clause: Limit one PokÃ©mon knowing Baton Pass
|rule|Sleep Clause Mod: Limit one foe put to sleep
|rule|Species Clause: Limit one of each PokÃ©mon
|rule|OHKO Clause: OHKO moves are banned
|rule|Moody Clause: Moody is banned
|rule|Evasion Moves Clause: Evasion moves are banned
|rule|Endless Battle Clause: Forcing endless battles is banned
|rule|HP Percentage Mod: HP is shown in percentages
|teampreview
|join|av kakuna
|c|âburgerfresser|gl hf :3
|join|Mellartach
|join|Nicowhaat
|join|HylianBowman
|c|âwertzu|u2
|c| Nicowhaat|das duell darum wer mich stolz machen darf :3
|join|Levinlux
|join|Fairy Fee
|c|+Fairy Fee|ok
|c|âwertzu|pls nico ~
|c|âburgerfresser|nico halts maul, danke
|c|+Fairy Fee|bozzmode activated
|c|+Fairy Fee|wertzu**GODZILLA**
|join|Roman14k
|c|âwertzu|lolz
|c| HylianBowman|braucht hier jemand final musik?
|
|start
|switch|p1a: Heatran|Heatran, M|386\/386
|switch|p2a: Doener|Diancie|241\/241
|turn|1
|c| Mellartach|\/me ich
|c|âwertzu|doener no chance ~
|c|âburgerfresser|haha wie er es ernsthaft so genennt hat
|c|+Fairy Fee|LOLZ
|c| HylianBowman|https:\/\/www.youtube.com\/watch?v=SBy5i5x-6IA
|
|switch|p1a: Amoonguss|Amoonguss, M|432\/432
|detailschange|p2a: Doener|Diancie-Mega
|message|Diancie has Mega Evolved into Mega Diancie!
|move|p2a: Doener|Earth Power|p1a: Amoonguss
|-damage|p1a: Amoonguss|272\/432
|
|-heal|p1a: Amoonguss|299\/432|[from] item: Black Sludge
|turn|2
|c| HylianBowman|here ya go
|join|teamtesting3
|
|move|p2a: Doener|Psyshock|p1a: Amoonguss
|-supereffective|p1a: Amoonguss
|-damage|p1a: Amoonguss|79\/432
|move|p1a: Amoonguss|Giga Drain|p2a: Doener
|-supereffective|p2a: Doener
|-damage|p2a: Doener|91\/241
|-heal|p1a: Amoonguss|154\/432|[from] drain|[of] p2a: Doener
|
|-heal|p1a: Amoonguss|181\/432|[from] item: Black Sludge
|turn|3
|c| Mellartach|thx
|c|+Fairy Fee|a-aber diancie <3
|join|Draganfly
|
|switch|p1a: Heatran|Heatran, M|386\/386
|move|p2a: Doener|Psyshock|p1a: Heatran
|-resisted|p1a: Heatran
|-damage|p1a: Heatran|338\/386
|
|-heal|p1a: Heatran|362\/386|[from] item: Leftovers
|turn|4
|c|âburgerfresser|psyschok dia o.O
|c| Draganfly|wertzu hat das gleiche team wie gestern
|c|âwertzu|;D
|c| Draganfly|lol
|c| Draganfly|gg
|
|switch|p1a: Amoonguss|Amoonguss, M|325\/432
|move|p2a: Doener|Earth Power|p1a: Amoonguss
|-damage|p1a: Amoonguss|188\/432
|
|-heal|p1a: Amoonguss|215\/432|[from] item: Black Sludge
|turn|5
|
|switch|p1a: Starmie|Starmie|324\/324
|move|p2a: Doener|Calm Mind|p2a: Doener
|-boost|p2a: Doener|spa|1
|-boost|p2a: Doener|spd|1
|
|turn|6
|c|âwertzu|mop
|
|switch|p2a: Doener|Ferrothorn, M|352\/352
|move|p1a: Starmie|Scald|p2a: Doener
|-resisted|p2a: Doener
|-damage|p2a: Doener|313\/352
|-status|p2a: Doener|brn
|
|-damage|p2a: Doener|269\/352 brn|[from] brn
|turn|7
|c|âwertzu|MÃ¤h
|
|move|p1a: Starmie|Reflect Type|p2a: Doener
|-start|p1a: Starmie|typechange|[from] move: Reflect Type|[of] p2a: Doener
|move|p2a: Doener|Stealth Rock|p1a: Starmie
|-sidestart|p1: burgerfresser|move: Stealth Rock
|
|-damage|p2a: Doener|225\/352 brn|[from] brn
|turn|8
|
|switch|p2a: Doener|Magnezone|324\/324
|move|p1a: Starmie|Rapid Spin|p2a: Doener
|-resisted|p2a: Doener
|-damage|p2a: Doener|319\/324
|-sideend|p1: burgerfresser|Stealth Rock|[from] move: Rapid Spin|[of] p1a: Starmie
|
|turn|9
|c|âburgerfresser|aww
|c|âwertzu|:]
|
|move|p1a: Starmie|Reflect Type|p2a: Doener
|-start|p1a: Starmie|typechange|[from] move: Reflect Type|[of] p2a: Doener
|move|p2a: Doener|Hidden Power|p1a: Starmie
|-supereffective|p1a: Starmie
|-damage|p1a: Starmie|50\/324
|
|-heal|p1a: Starmie|70\/324|[from] item: Leftovers
|turn|10
|
|move|p1a: Starmie|Scald|p2a: Doener
|-damage|p2a: Doener|250\/324
|-status|p2a: Doener|brn
|move|p2a: Doener|Hidden Power|p1a: Starmie
|-supereffective|p1a: Starmie
|-damage|p1a: Starmie|0 fnt
|faint|p1a: Starmie
|
|-damage|p2a: Doener|210\/324 brn|[from] brn
|c|âwertzu|still trapped
|c|âwertzu|2 BURN
|
|switch|p1a: Heatran|Heatran, M|362\/386
|turn|11
|c| Roman14k|wertzu hast du alle Doener genannt
|c|+Fairy Fee|dat burn
|
|switch|p2a: Doener|Landorus-Therian, M|319\/319
|-ability|p2a: Doener|Intimidate|[of] p1a: Heatran
|-unboost|p1a: Heatran|atk|1
|move|p1a: Heatran|Lava Plume|p2a: Doener
|-damage|p2a: Doener|169\/319
|
|-heal|p1a: Heatran|386\/386|[from] item: Leftovers
|turn|12
|c|âwertzu|eq
|
|move|p1a: Heatran|Protect|p1a: Heatran
|-singleturn|p1a: Heatran|Protect
|move|p2a: Doener|U-turn|p1a: Heatran
|-activate|p1a: Heatran|Protect
|
|turn|13
|c|âwertzu|darum spiel ich rocky helmet
|c|âburgerfresser|dat obv troll
|
|move|p2a: Doener|U-turn|p1a: Heatran
|-resisted|p1a: Heatran
|-damage|p1a: Heatran|364\/386
|
|switch|p2a: Doener|Azumarill, M|401\/401
|move|p1a: Heatran|Lava Plume|p2a: Doener
|-resisted|p2a: Doener
|-damage|p2a: Doener|352\/401
|-status|p2a: Doener|brn
|
|-heal|p1a: Heatran|386\/386|[from] item: Leftovers
|-damage|p2a: Doener|302\/401 brn|[from] brn
|turn|14
|c|âwertzu|WTF
|c| Draganfly|lol
|c|+Fairy Fee|omg
|c| Draganfly|dÃ¶ner
|c|âwertzu|less hax pls
|c|âburgerfresser|moaaaar haxx plzzzz
|c| Draganfly|lava plume burn =\/= hax
|c| Roman14k|der hat aimbot
|c|+Fairy Fee|naja7
|c| Mellartach|30%
|c|+Fairy Fee|bei 3\/4 burn
|c|+Fairy Fee|schon hax
|c| Mellartach|eigentlich
|c| Draganfly|das ist genau so bei ~~focus miss~~ scald
|
|switch|p2a: Doener|Latias, F|301\/301
|move|p1a: Heatran|Stealth Rock|p2a: Doener
|-sidestart|p2: wertzu|move: Stealth Rock
|
|turn|15
|
|move|p2a: Doener|Defog|p1a: Heatran
|-unboost|p1a: Heatran|evasion|1
|-sideend|p2: wertzu|Stealth Rock|[from] move: Defog|[of] p2a: Doener
|move|p1a: Heatran|Lava Plume|p2a: Doener
|-crit|p2a: Doener
|-resisted|p2a: Doener
|-damage|p2a: Doener|227\/301
|
|turn|16
|c| Draganfly|nÃ¶
|c|âwertzu|._.
|
|switch|p2a: Doener|Diancie-Mega|91\/241
|move|p1a: Heatran|Lava Plume|p2a: Doener
|-resisted|p2a: Doener
|-damage|p2a: Doener|37\/241
|
|turn|17
|c|âwertzu|pls
|
|switch|p1a: Conkeldurr|Conkeldurr, F|351\/351
|move|p2a: Doener|Earth Power|p1a: Conkeldurr
|-damage|p1a: Conkeldurr|253\/351
|
|turn|18
|c| Draganfly|die dÃ¶nerbude
|
|switch|p2a: Doener|Azumarill, M|302\/401 brn
|move|p1a: Conkeldurr|Mach Punch|p2a: Doener
|-resisted|p2a: Doener
|-damage|p2a: Doener|248\/401 brn
|
|-damage|p2a: Doener|198\/401 brn|[from] brn
|turn|19
|
|switch|p1a: Amoonguss|Amoonguss, M|359\/432
|move|p2a: Doener|Play Rough|p1a: Amoonguss
|-resisted|p1a: Amoonguss
|-damage|p1a: Amoonguss|317\/432
|-unboost|p1a: Amoonguss|atk|1
|
|-heal|p1a: Amoonguss|344\/432|[from] item: Black Sludge
|-damage|p2a: Doener|148\/401 brn|[from] brn
|turn|20
|c| teamtesting3|dat damage oO
|c| Nicowhaat|dat drophax
|c|âwertzu|jo
|c| Nicowhaat|q.q
|c|âwertzu|nico ...
|c| Draganfly|lol
|
|switch|p2a: Doener|Magnezone|210\/324 brn
|switch|p1a: Heatran|Heatran, M|386\/386
|
|-damage|p2a: Doener|170\/324 brn|[from] brn
|turn|21
|
|move|p1a: Heatran|Lava Plume|p2a: Doener
|-supereffective|p2a: Doener
|-damage|p2a: Doener|0 fnt
|faint|p2a: Doener
|
|
|switch|p2a: Doener|Diancie-Mega|37\/241
|turn|22
|c| Draganfly|fairy
|c|âburgerfresser|sexy specsy
|c| Draganfly|dq wertzu, er hat eh verloren T_T
|c|âwertzu|no
|c|âwertzu|noch ned
|c| Draganfly|doch
|
|switch|p1a: Amoonguss|Amoonguss, M|432\/432
|move|p2a: Doener|Moonblast|p1a: Amoonguss
|-resisted|p1a: Amoonguss
|-damage|p1a: Amoonguss|318\/432
|-unboost|p1a: Amoonguss|spa|1
|
|-heal|p1a: Amoonguss|345\/432|[from] item: Black Sludge
|turn|23
|c|âwertzu|na
|c|+Fairy Fee|ich fieber mit wertzu^^
|c|âwertzu|wie er immer richtig predictet
|
|switch|p2a: Doener|Latias, F|227\/301
|move|p1a: Amoonguss|Giga Drain|p2a: Doener
|-resisted|p2a: Doener
|-damage|p2a: Doener|205\/301
|-heal|p1a: Amoonguss|356\/432|[from] drain|[of] p2a: Doener
|
|-heal|p1a: Amoonguss|383\/432|[from] item: Black Sludge
|turn|24
|c| Roman14k|man kÃ¤mpft bis zum letztem Pokemon
|c| Draganfly|fairy ;-;
|c| Draganfly|du gemeiner
|c| Draganfly|;-;
|c| Draganfly|;-;-;-;-;
|c| Nicowhaat|bÃ¼rgerfresser ist mein dunkler helfer natÃ¼rlich predictet er immer richtig :x
|c|âwertzu|ich hab eh noch ne geheimwaffe
|c| Draganfly|ja klar
|c|âwertzu|hoff mal die wirkt
|c|+Fairy Fee|healing wish
|c|+Fairy Fee|standard
|c| av kakuna|^
|c| Draganfly|landorus mit swords dance ;-;
|join|Litschy
|c|âburgerfresser|ich wette eer hat eq latias
|c|âwertzu|no spoiler pls fee
|c| Nicowhaat|eq-latias
|c|+Fairy Fee|;_;
|c|âburgerfresser|wobei
|c| Nicowhaat|ich habs zuerst gedacht :<
|
|switch|p2a: Doener|Ferrothorn, M|225\/352 brn
|switch|p1a: Heatran|Heatran, M|386\/386
|
|-damage|p2a: Doener|181\/352 brn|[from] brn
|turn|25
|c|âburgerfresser|dann hÃ¤tte er vorher nicht gewechselt
|
|switch|p2a: Doener|Latias, F|205\/301
|move|p1a: Heatran|Lava Plume|p2a: Doener
|-resisted|p2a: Doener
|-damage|p2a: Doener|154\/301
|
|turn|26
|c| av kakuna|wenn man eq spielt latios > latias
|c| Draganfly|Deine dÃ¶nerbude ist kaputt wertzu
|c| Draganfly|;-;
|c|+Fairy Fee|dat azu burn sucks hart
|c|âwertzu|diese burns haben mich gereckt
|c| teamtesting3|soll leute geben die ihre lure moves nicht sofort einsetzen um ihre gegner in sicherheit zu wiegen
|
|move|p2a: Doener|Psyshock|p1a: Heatran
|-resisted|p1a: Heatran
|-damage|p1a: Heatran|302\/386
|-damage|p2a: Doener|124\/301|[from] item: Life Orb
|move|p1a: Heatran|Lava Plume|p2a: Doener
|-resisted|p2a: Doener
|-damage|p2a: Doener|82\/301
|-status|p2a: Doener|brn
|
|-heal|p1a: Heatran|326\/386|[from] item: Leftovers
|-damage|p2a: Doener|45\/301 brn|[from] brn
|turn|27
|c|âburgerfresser|naaaa amoonguss
|c| Draganfly|naja
|
|move|p2a: Doener|Healing Wish|p2a: Doener
|faint|p2a: Doener
|move|p1a: Heatran|Stealth Rock|p2: Doener
|-sidestart|p2: wertzu|move: Stealth Rock
|
|-heal|p1a: Heatran|350\/386|[from] item: Leftovers
|c|âwertzu|sr
|c| Nicowhaat|ich glaub wertzu ist fÃ¼r diesen kampf... feuer und flamme :I
|
|switch|p2a: Doener|Diancie-Mega|37\/241
|-heal|p2a: Doener|241\/241|[from] move: Healing Wish
|-damage|p2a: Doener|211\/241|[from] Stealth Rock
|turn|28
|leave|HylianBowman
|c| Draganfly|Du wÃ¼rdes eh von fairy fee ge dqd werden, wertzu
|join|feelinara-lover
|
|switch|p1a: Amoonguss|Amoonguss, M|432\/432
|move|p2a: Doener|Calm Mind|p2a: Doener
|-boost|p2a: Doener|spa|1
|-boost|p2a: Doener|spd|1
|
|turn|29
|c| Draganfly|;-;
|
|move|p2a: Doener|Calm Mind|p2a: Doener
|-boost|p2a: Doener|spa|1
|-boost|p2a: Doener|spd|1
|move|p1a: Amoonguss|Giga Drain|p2a: Doener
|-supereffective|p2a: Doener
|-damage|p2a: Doener|143\/241
|
|turn|30
|c|+Fairy Fee|diancie sweep Â°^Â°
|c|âwertzu|jetzt komm ich
|c| av kakuna|nah
|
|move|p2a: Doener|Psyshock|p1a: Amoonguss
|-supereffective|p1a: Amoonguss
|-damage|p1a: Amoonguss|4\/432
|move|p1a: Amoonguss|Giga Drain|p2a: Doener
|-supereffective|p2a: Doener
|-damage|p2a: Doener|71\/241
|-heal|p1a: Amoonguss|40\/432|[from] drain|[of] p2a: Doener
|
|-heal|p1a: Amoonguss|67\/432|[from] item: Black Sludge
|turn|31
|c| av kakuna|conk + dnite killen
|c|âwertzu|1 %
|join|janis30
|c|âwertzu|1 %
|c|âwertzu|1%
|c|âwertzu|1%
|c|+Fairy Fee|oh lord
|c| av kakuna|oder auch nur conk
|c|âwertzu|die hÃ¤tte ich Ã¼berlebt av
|c| av kakuna|idk
|c|+Fairy Fee|es soll net sein wertzu
|leave|Litschy
|c|âwertzu|hab alles gecalt
|c|âwertzu|jop
|c|âwertzu|GG
|
|switch|p1a: Gardewhore|Gardevoir, F, shiny|277\/277
|-ability|p1a: Gardewhore|Magic Bounce|[from] ability: Trace|[of] p2a: Doener
|move|p2a: Doener|Psyshock|p1a: Gardewhore
|-resisted|p1a: Gardewhore
|-damage|p1a: Gardewhore|126\/277
|
|turn|32
|c| Draganfly|fee, du hÃ¤ttest ihn eh dqd, gibs zu ;-;
|
|detailschange|p1a: Gardewhore|Gardevoir-Mega, F, shiny
|message|Gardevoir has Mega Evolved into Mega Gardevoir!
|move|p2a: Doener|Moonblast|p1a: Gardewhore
|-damage|p1a: Gardewhore|0 fnt
|faint|p1a: Gardewhore
|
|
|switch|p1a: Conkeldurr|Conkeldurr, F|253\/351
|turn|33
|
|move|p1a: Conkeldurr|Mach Punch|p2a: Doener
|-damage|p2a: Doener|0 fnt
|faint|p2a: Doener
|
|
|switch|p2a: Doener|Azumarill, M|148\/401 brn
|-damage|p2a: Doener|98\/401 brn|[from] Stealth Rock
|turn|34
|c| Draganfly|kaputt
|c| Draganfly|gg
|
|switch|p2a: Doener|Landorus-Therian, M|169\/319
|-damage|p2a: Doener|130\/319|[from] Stealth Rock
|-ability|p2a: Doener|Intimidate|[of] p1a: Conkeldurr
|-unboost|p1a: Conkeldurr|atk|1
|switch|p1a: Amoonguss|Amoonguss, M|211\/432
|
|-heal|p1a: Amoonguss|238\/432|[from] item: Black Sludge
|turn|35
|c| Draganfly|dq ihn fairy
|c|âburgerfresser|da plays :O
|c| Draganfly|schnell
|
|switch|p1a: Pimpnite|Dragonite, M, shiny|343\/343
|move|p2a: Doener|Stone Edge|p1a: Pimpnite
|-crit|p1a: Pimpnite
|-supereffective|p1a: Pimpnite
|-damage|p1a: Pimpnite|138\/343
|
|turn|36
|c|âwertzu|burger bringt auch nichts mehr
|c|+Fairy Fee|!
|c| Draganfly|dq ihn!!!
|c|âburgerfresser|ich weiÃ warn witz
|c| Draganfly|dq
|c| Draganfly|dq
|c| Draganfly|dq
|c| Draganfly|dq
|c| Draganfly|dq
|c| Draganfly|dq
|c| Draganfly|dq
|c|âwertzu|chill dragan
|c| Draganfly|dq
|c| teamtesting3|dragan es reicht jetzt
|c| Draganfly|dq
|
|switch|p2a: Doener|Ferrothorn, M|181\/352 brn
|-damage|p2a: Doener|159\/352 brn|[from] Stealth Rock
|move|p1a: Pimpnite|Extreme Speed|p2a: Doener
|-crit|p2a: Doener
|-resisted|p2a: Doener
|-damage|p2a: Doener|84\/352 brn
|-damage|p1a: Pimpnite|96\/343|[from] ability: Iron Barbs|[of] p2a: Doener
|-damage|p1a: Pimpnite|39\/343|[from] item: Rocky Helmet|[of] p2a: Doener
|
|-damage|p2a: Doener|40\/352 brn|[from] brn
|turn|37
|c| Draganfly|dqdq
|c| Mellartach|Dragan es reicht
|c| Draganfly|nÃ¶
|
|move|p1a: Pimpnite|Extreme Speed|p2a: Doener
|-resisted|p2a: Doener
|-damage|p2a: Doener|0 fnt
|-damage|p1a: Pimpnite|0 fnt|[from] ability: Iron Barbs|[of] p2a: Doener
|faint|p1a: Pimpnite
|faint|p2a: Doener
|
|c| Draganfly|es muss passieren
|c| Draganfly|;-;
|c|âburgerfresser|amoonguss 4 mvp
|
|switch|p2a: Doener|Landorus-Therian, M|130\/319
|switch|p1a: Amoonguss|Amoonguss, M|382\/432
|-damage|p2a: Doener|91\/319|[from] Stealth Rock
|-ability|p2a: Doener|Intimidate|[of] p1a: Amoonguss
|-unboost|p1a: Amoonguss|atk|1
|turn|38
|c|âwertzu|crit
|c|âwertzu|imo
|c| Draganfly|nein
|
|move|p2a: Doener|Earthquake|p1a: Amoonguss
|-damage|p1a: Amoonguss|195\/432
|move|p1a: Amoonguss|Giga Drain|p2a: Doener
|-damage|p2a: Doener|0 fnt
|-heal|p1a: Amoonguss|241\/432|[from] drain|[of] p2a: Doener
|faint|p2a: Doener
|
|-heal|p1a: Amoonguss|268\/432|[from] item: Black Sludge
|c| Draganfly|dq
|leave|feelinara-lover
|c|âwertzu|u.u
|
|switch|p2a: Doener|Azumarill, M|98\/401 brn
|-damage|p2a: Doener|48\/401 brn|[from] Stealth Rock
|turn|39
|c|âburgerfresser|crit hÃ¤tte nicht gerreicht
|c|âwertzu|giga drain miss
|c| Draganfly|letzte chance
|
|move|p2a: Doener|Knock Off|p1a: Amoonguss
|-damage|p1a: Amoonguss|203\/432
|-enditem|p1a: Amoonguss|Black Sludge|[from] move: Knock Off|[of] p2a: Doener
|move|p1a: Amoonguss|Giga Drain|p2a: Doener
|-supereffective|p2a: Doener
|-damage|p2a: Doener|0 fnt
|-heal|p1a: Amoonguss|227\/432|[from] drain|[of] p2a: Doener
|faint|p2a: Doener
|
|win|burgerfresser
|c|âburgerfresser|xD
|c| Draganfly|neein
|c| Nicowhaat|eq-crit incoming :x
|c| Draganfly|;-;
|leave|Mellartach
|leave|wertzu
|player|p2
|leave|Draganfly
|c|âburgerfresser|gg
|leave|av kakuna
|leave|teamtesting3
|leave|janis30
|leave|Roman14k
|join|janis30
|join|Bristleback
|leave|janis30
|leave|Bristleback
|join|FullLifeGames
|leave|FullLifeGames
|leave|Fairy Fee