|join|wertzu
|join|av kakuna
|player|p1|wertzu|184
|player|p2|av kakuna|153
|gametype|singles
|gen|6
|tier|OU
|clearpoke
|poke|p1|Scizor, F
|poke|p2|Kakuna, M
|rule|Swagger Clause: Swagger is banned
|rule|Baton Pass Clause: Limit one PokÃ©mon knowing Baton Pass
|rule|Sleep Clause Mod: Limit one foe put to sleep
|rule|Species Clause: Limit one of each PokÃ©mon
|rule|OHKO Clause: OHKO moves are banned
|rule|Moody Clause: Moody is banned
|rule|Evasion Moves Clause: Evasion moves are banned
|rule|Endless Battle Clause: Forcing endless battles is banned
|rule|HP Percentage Mod: HP is shown in percentages
|teampreview
|
|start
|switch|p1a: Scizor|Scizor, F|282\/282
|switch|p2a: Kakuna|Kakuna, M|293\/293
|turn|1
|
|detailschange|p1a: Scizor|Scizor-Mega, F
|-mega|p1a: Scizor|Scizor|Scizorite
|move|p1a: Scizor|Swords Dance|p1a: Scizor
|-boost|p1a: Scizor|atk|2
|move|p2a: Kakuna|Electroweb|p1a: Scizor
|-damage|p1a: Scizor|266\/282
|-unboost|p1a: Scizor|spe|1
|
|turn|2
|c|âwertzu|come at me
|c|âav kakuna|op
|c|âwertzu|ye
|
|move|p1a: Scizor|Morning Sun|p1a: Scizor
|-heal|p1a: Scizor|282\/282
|move|p2a: Kakuna|Bug Bite|p1a: Scizor
|-resisted|p1a: Scizor
|-damage|p1a: Scizor|269\/282
|
|turn|3
|c|âav kakuna|wtf o_O
|c|âav kakuna|!learn scizor, morning sun
|raw|<div class="infobox">Scizor <span class="message-learn-canlearn">can<\/span> learn Morning Sun only when obtained from:<ul class="message-learn-list"><li>gen 3 event: 1 scyther<\/ul><\/div>
|c|âav kakuna|lol
|c|âwertzu|hab das op set rausgeholt
|
|move|p1a: Scizor|Swords Dance|p1a: Scizor
|-boost|p1a: Scizor|atk|2
|move|p2a: Kakuna|Electroweb|p1a: Scizor
|-damage|p1a: Scizor|254\/282
|-unboost|p1a: Scizor|spe|1
|
|turn|4
|
|move|p2a: Kakuna|Electroweb|p1a: Scizor
|-damage|p1a: Scizor|239\/282
|-unboost|p1a: Scizor|spe|1
|move|p1a: Scizor|Swords Dance|p1a: Scizor
|-boost|p1a: Scizor|atk|2
|
|turn|5
|c|âwertzu|:]
|
|move|p2a: Kakuna|Electroweb|p1a: Scizor
|-crit|p1a: Scizor
|-damage|p1a: Scizor|218\/282
|-unboost|p1a: Scizor|spe|1
|move|p1a: Scizor|Morning Sun|p1a: Scizor
|-heal|p1a: Scizor|282\/282
|
|turn|6
|c|âwertzu|so stirb
|
|move|p1a: Scizor|Bullet Punch|p2a: Kakuna
|-damage|p2a: Kakuna|0 fnt
|faint|p2a: Kakuna
|
|win|wertzu
|c|âav kakuna|hax