|join|FullLifeGames
|join|wertzu
|player|p1|FullLifeGames|80
|player|p2|wertzu|184
|gametype|singles
|gen|6
|tier|OU (suspect test)
|rated
|clearpoke
|poke|p1|Metagross
|poke|p1|Keldeo
|poke|p1|Thundurus, M
|poke|p1|Landorus-Therian, M
|poke|p1|Bisharp, F
|poke|p1|Garchomp, F
|poke|p2|Metagross
|poke|p2|Heatran, F
|poke|p2|Rotom-Wash
|poke|p2|Landorus-Therian, M
|poke|p2|Latias, F
|poke|p2|Bisharp, M
|rule|Swagger Clause: Swagger is banned
|rule|Baton Pass Clause: Limit one PokÃ©mon knowing Baton Pass
|rule|Sleep Clause Mod: Limit one foe put to sleep
|rule|Species Clause: Limit one of each PokÃ©mon
|rule|OHKO Clause: OHKO moves are banned
|rule|Moody Clause: Moody is banned
|rule|Evasion Moves Clause: Evasion moves are banned
|rule|Endless Battle Clause: Forcing endless battles is banned
|rule|HP Percentage Mod: HP is shown in percentages
|teampreview
|c|âFullLifeGames|Ach, wir hatten doch schonmal das VergnÃ¼gen in einem Random Battle Turnier
|c|âwertzu|ah hi
|c|âwertzu|kann sein
|c|âwertzu|> random
|c|âwertzu|> battle
|
|start
|switch|p1a: Garchomp|Garchomp, F|358\/358
|switch|p2a: Rotom-Wash|Rotom-Wash|303\/303
|turn|1
|
|move|p1a: Garchomp|Swords Dance|p1a: Garchomp
|-boost|p1a: Garchomp|atk|2
|move|p2a: Rotom-Wash|Will-O-Wisp|p1a: Garchomp|[miss]
|-miss|p2a: Rotom-Wash|p1a: Garchomp
|
|turn|2
|
|move|p1a: Garchomp|Stealth Rock|p2a: Rotom-Wash
|-sidestart|p2: wertzu|move: Stealth Rock
|move|p2a: Rotom-Wash|Will-O-Wisp|p1a: Garchomp
|-status|p1a: Garchomp|brn
|-enditem|p1a: Garchomp|Lum Berry|[eat]
|-curestatus|p1a: Garchomp|brn
|
|turn|3
|c|âwertzu|dieser miss .-.
|c|âwertzu|come on
|
|move|p1a: Garchomp|Outrage|p2a: Rotom-Wash
|-damage|p2a: Rotom-Wash|20\/303
|move|p2a: Rotom-Wash|Will-O-Wisp|p1a: Garchomp
|-status|p1a: Garchomp|brn
|
|-heal|p2a: Rotom-Wash|38\/303|[from] item: Leftovers
|-damage|p1a: Garchomp|314\/358 brn|[from] brn
|turn|4
|
|move|p1a: Garchomp|Outrage|p2a: Rotom-Wash
|-damage|p2a: Rotom-Wash|0 fnt
|faint|p2a: Rotom-Wash
|
|-damage|p1a: Garchomp|270\/358 brn|[from] brn
|
|switch|p2a: Metagross|Metagross|301\/301
|-damage|p2a: Metagross|283\/301|[from] Stealth Rock
|turn|5
|
|detailschange|p2a: Metagross|Metagross-Mega
|-mega|p2a: Metagross|Metagross|Metagrossite
|move|p1a: Garchomp|Outrage|p2a: Metagross
|-resisted|p2a: Metagross
|-damage|p2a: Metagross|211\/301
|move|p2a: Metagross|Meteor Mash|p1a: Garchomp
|-damage|p1a: Garchomp|14\/358 brn
|-damage|p2a: Metagross|174\/301|[from] ability: Rough Skin|[of] p1a: Garchomp
|
|-end|p1a: Garchomp|rampage
|-start|p1a: Garchomp|confusion
|-damage|p1a: Garchomp|0 fnt|[from] brn
|faint|p1a: Garchomp
|
|switch|p1a: Thundurus|Thundurus, M|305\/305
|turn|6
|
|move|p1a: Thundurus|Thunderbolt|p2a: Metagross
|-damage|p2a: Metagross|0 fnt
|-damage|p1a: Thundurus|275\/305|[from] item: Life Orb
|faint|p2a: Metagross
|
|
|switch|p2a: Landorus-Therian|Landorus-Therian, M|319\/319
|-damage|p2a: Landorus-Therian|280\/319|[from] Stealth Rock
|-ability|p2a: Landorus-Therian|Intimidate|[of] p1a: Thundurus
|-unboost|p1a: Thundurus|atk|1
|turn|7
|
|move|p2a: Landorus-Therian|U-turn|p1a: Thundurus
|-resisted|p1a: Thundurus
|-damage|p1a: Thundurus|210\/305
|
|switch|p2a: Bisharp|Bisharp, M|291\/291
|-damage|p2a: Bisharp|273\/291|[from] Stealth Rock
|move|p1a: Thundurus|Thunderbolt|p2a: Bisharp
|-damage|p2a: Bisharp|14\/291
|-damage|p1a: Thundurus|180\/305|[from] item: Life Orb
|
|turn|8
|
|move|p1a: Thundurus|Thunder Wave|p2a: Bisharp
|-status|p2a: Bisharp|par
|-enditem|p2a: Bisharp|Lum Berry|[eat]
|-curestatus|p2a: Bisharp|par
|move|p2a: Bisharp|Sucker Punch|p1a: Thundurus
|-fail|p1a: Thundurus
|
|turn|9
|
|move|p1a: Thundurus|Hidden Power|p2a: Bisharp
|-resisted|p2a: Bisharp
|-damage|p2a: Bisharp|0 fnt
|-damage|p1a: Thundurus|150\/305|[from] item: Life Orb
|faint|p2a: Bisharp
|
|c|âwertzu|boah bin ich heute scheiÃe
|-message|wertzu forfeited.
|
|win|FullLifeGames
|raw|Ladder updating...
|raw|FullLifeGames's rating: 1494 &rarr; <strong>1507<\/strong><br \/>(+13 for winning)
|raw|wertzu's rating: 1367 &rarr; <strong>1354<\/strong><br \/>(-13 for losing)
|leave|wertzu
|player|p2