|join|RebornCelebi
|join|scentre
|player|p1|RebornCelebi|77
|player|p2|scentre|169
|gametype|singles
|gen|6
|tier|OU
|rated
|clearpoke
|poke|p1|Landorus-Therian, M
|poke|p1|Keldeo
|poke|p1|Slowbro, F
|poke|p1|Charizard, F
|poke|p1|Tyranitar, M
|poke|p1|Excadrill, M
|poke|p2|Mamoswine, M
|poke|p2|Heatran, M
|poke|p2|Salamence, F
|poke|p2|Bisharp, M
|poke|p2|Gengar, F
|poke|p2|Metagross
|rule|Swagger Clause: Swagger is banned
|rule|Baton Pass Clause: Limit one PokÃ©mon knowing Baton Pass
|rule|Sleep Clause Mod: Limit one foe put to sleep
|rule|Species Clause: Limit one of each PokÃ©mon
|rule|OHKO Clause: OHKO moves are banned
|rule|Moody Clause: Moody is banned
|rule|Evasion Moves Clause: Evasion moves are banned
|rule|Endless Battle Clause: Forcing endless battles is banned
|rule|HP Percentage Mod: HP is shown in percentages
|teampreview
|
|start
|switch|p1a: Slowbro|Slowbro, F|394\/394
|switch|p2a: Mamoswine|Mamoswine, M|361\/361
|turn|1
|
|move|p2a: Mamoswine|Stealth Rock|p1a: Slowbro
|-sidestart|p1: RebornCelebi|move: Stealth Rock
|move|p1a: Slowbro|Scald|p2a: Mamoswine
|-crit|p2a: Mamoswine
|-supereffective|p2a: Mamoswine
|-enditem|p2a: Mamoswine|Focus Sash
|-damage|p2a: Mamoswine|1\/361
|
|turn|2
|join|djoooo
|
|move|p2a: Mamoswine|Knock Off|p1a: Slowbro
|-supereffective|p1a: Slowbro
|-damage|p1a: Slowbro|246\/394
|-enditem|p1a: Slowbro|Leftovers|[from] move: Knock Off|[of] p2a: Mamoswine
|move|p1a: Slowbro|Scald|p2a: Mamoswine
|-supereffective|p2a: Mamoswine
|-damage|p2a: Mamoswine|0 fnt
|faint|p2a: Mamoswine
|
|leave|djoooo
|leave|scentre
|
|switch|p2a: Salamence|Salamence, F|331\/331
|turn|3
|join|scentre
|player|p2
|leave|scentre
|join|scentre
|player|p2|scentre|169
|
|move|p2a: Salamence|Dragon Dance|p2a: Salamence
|-boost|p2a: Salamence|atk|1
|-boost|p2a: Salamence|spe|1
|move|p1a: Slowbro|Thunder Wave|p2a: Salamence
|-status|p2a: Salamence|par
|
|turn|4
|
|switch|p1a: Landorus-Therian|Landorus-Therian, M|377\/377
|-damage|p1a: Landorus-Therian|330\/377|[from] Stealth Rock
|-ability|p1a: Landorus-Therian|Intimidate|[of] p2a: Salamence
|-unboost|p2a: Salamence|atk|1
|move|p2a: Salamence|Outrage|p1a: Landorus-Therian
|-damage|p1a: Landorus-Therian|110\/377
|
|-heal|p1a: Landorus-Therian|133\/377|[from] item: Leftovers
|turn|5
|
|move|p1a: Landorus-Therian|Stealth Rock|p2a: Salamence
|-sidestart|p2: scentre|move: Stealth Rock
|move|p2a: Salamence|Outrage|p1a: Landorus-Therian
|-damage|p1a: Landorus-Therian|0 fnt
|faint|p1a: Landorus-Therian
|-boost|p2a: Salamence|atk|1|[from] ability: Moxie
|
|-end|p2a: Salamence|rampage
|-start|p2a: Salamence|confusion
|
|switch|p1a: Tyranitar|Tyranitar, M|403\/403
|-damage|p1a: Tyranitar|353\/403|[from] Stealth Rock
|-weather|Sandstorm
|turn|6
|
|move|p1a: Tyranitar|Stone Edge|p2a: Salamence
|-supereffective|p2a: Salamence
|-damage|p2a: Salamence|0 fnt
|faint|p2a: Salamence
|
|-weather|Sandstorm|[upkeep]
|
|switch|p2a: Metagross|Metagross|302\/302
|-damage|p2a: Metagross|284\/302|[from] Stealth Rock
|turn|7
|
|switch|p1a: Slowbro|Slowbro, F|377\/394
|-damage|p1a: Slowbro|328\/394|[from] Stealth Rock
|detailschange|p2a: Metagross|Metagross-Mega
|-mega|p2a: Metagross|Metagross|Metagrossite
|move|p2a: Metagross|Meteor Mash|p1a: Slowbro
|-resisted|p1a: Slowbro
|-damage|p1a: Slowbro|256\/394
|
|-weather|Sandstorm|[upkeep]
|-damage|p1a: Slowbro|232\/394|[from] sandstorm
|turn|8
|
|switch|p2a: Heatran|Heatran, M|386\/386
|-damage|p2a: Heatran|338\/386|[from] Stealth Rock
|move|p1a: Slowbro|Thunder Wave|p2a: Heatran
|-status|p2a: Heatran|par
|
|-weather|Sandstorm|[upkeep]
|-damage|p1a: Slowbro|208\/394|[from] sandstorm
|-heal|p2a: Heatran|362\/386 par|[from] item: Leftovers
|turn|9
|
|switch|p1a: Tyranitar|Tyranitar, M|353\/403
|-damage|p1a: Tyranitar|303\/403|[from] Stealth Rock
|move|p2a: Heatran|Will-O-Wisp|p1a: Tyranitar
|-status|p1a: Tyranitar|brn
|
|-weather|Sandstorm|[upkeep]
|-heal|p2a: Heatran|386\/386 par|[from] item: Leftovers
|-damage|p1a: Tyranitar|253\/403 brn|[from] brn
|turn|10
|
|move|p1a: Tyranitar|Stone Edge|p2a: Heatran
|-damage|p2a: Heatran|253\/386 par
|move|p2a: Heatran|Flash Cannon|p1a: Tyranitar
|-supereffective|p1a: Tyranitar
|-damage|p1a: Tyranitar|29\/403 brn
|
|-weather|none
|-heal|p2a: Heatran|277\/386 par|[from] item: Leftovers
|-damage|p1a: Tyranitar|0 fnt|[from] brn
|faint|p1a: Tyranitar
|
|switch|p1a: Excadrill|Excadrill, M|361\/361
|-damage|p1a: Excadrill|350\/361|[from] Stealth Rock
|turn|11
|
|switch|p2a: Gengar|Gengar, F|261\/261
|-damage|p2a: Gengar|229\/261|[from] Stealth Rock
|move|p1a: Excadrill|Iron Head|p2a: Gengar
|-damage|p2a: Gengar|0 fnt
|-damage|p1a: Excadrill|314\/361|[from] item: Life Orb
|faint|p2a: Gengar
|
|
|switch|p2a: Metagross|Metagross-Mega|284\/302
|-damage|p2a: Metagross|266\/302|[from] Stealth Rock
|turn|12
|
|switch|p1a: Slowbro|Slowbro, F|339\/394
|-damage|p1a: Slowbro|290\/394|[from] Stealth Rock
|move|p2a: Metagross|Earthquake|p1a: Slowbro
|-crit|p1a: Slowbro
|-damage|p1a: Slowbro|156\/394
|
|turn|13
|
|switch|p2a: Heatran|Heatran, M|277\/386 par
|-damage|p2a: Heatran|229\/386 par|[from] Stealth Rock
|move|p1a: Slowbro|Slack Off|p1a: Slowbro
|-heal|p1a: Slowbro|353\/394
|
|-heal|p2a: Heatran|253\/386 par|[from] item: Leftovers
|turn|14
|
|move|p1a: Slowbro|Scald|p2a: Heatran
|-supereffective|p2a: Heatran
|-damage|p2a: Heatran|77\/386 par
|move|p2a: Heatran|Will-O-Wisp|p1a: Slowbro
|-status|p1a: Slowbro|brn
|
|-heal|p2a: Heatran|101\/386 par|[from] item: Leftovers
|-damage|p1a: Slowbro|304\/394 brn|[from] brn
|turn|15
|
|move|p1a: Slowbro|Scald|p2a: Heatran
|-supereffective|p2a: Heatran
|-damage|p2a: Heatran|0 fnt
|faint|p2a: Heatran
|
|-damage|p1a: Slowbro|255\/394 brn|[from] brn
|
|switch|p2a: Bisharp|Bisharp, M|271\/271
|-damage|p2a: Bisharp|255\/271|[from] Stealth Rock
|turn|16
|
|switch|p1a: Keldeo|Keldeo|323\/323
|-damage|p1a: Keldeo|303\/323|[from] Stealth Rock
|move|p2a: Bisharp|Knock Off|p1a: Keldeo
|-crit|p1a: Keldeo
|-resisted|p1a: Keldeo
|-damage|p1a: Keldeo|95\/323
|-boost|p1a: Keldeo|atk|1|[from] ability: Justified
|-enditem|p1a: Keldeo|Choice Specs|[from] move: Knock Off|[of] p2a: Bisharp
|-damage|p2a: Bisharp|228\/271|[from] item: Life Orb
|
|turn|17
|
|move|p2a: Bisharp|Sucker Punch|p1a: Keldeo
|-resisted|p1a: Keldeo
|-damage|p1a: Keldeo|0 fnt
|-damage|p2a: Bisharp|201\/271|[from] item: Life Orb
|faint|p1a: Keldeo
|
|c|âscentre|sorry
|
|switch|p1a: Excadrill|Excadrill, M|314\/361
|-damage|p1a: Excadrill|303\/361|[from] Stealth Rock
|turn|18
|
|switch|p2a: Metagross|Metagross-Mega|266\/302
|-damage|p2a: Metagross|248\/302|[from] Stealth Rock
|move|p1a: Excadrill|Earthquake|p2a: Metagross
|-supereffective|p2a: Metagross
|-damage|p2a: Metagross|0 fnt
|-damage|p1a: Excadrill|267\/361|[from] item: Life Orb
|faint|p2a: Metagross
|
|
|switch|p2a: Bisharp|Bisharp, M|201\/271
|-damage|p2a: Bisharp|185\/271|[from] Stealth Rock
|turn|19
|
|move|p2a: Bisharp|Sucker Punch|p1a: Excadrill
|-damage|p1a: Excadrill|0 fnt
|-damage|p2a: Bisharp|158\/271|[from] item: Life Orb
|faint|p1a: Excadrill
|
|
|switch|p1a: Slowbro|Slowbro, F|386\/394 brn
|-damage|p1a: Slowbro|337\/394 brn|[from] Stealth Rock
|turn|20
|
|move|p2a: Bisharp|Knock Off|p1a: Slowbro
|-supereffective|p1a: Slowbro
|-damage|p1a: Slowbro|119\/394 brn
|-damage|p2a: Bisharp|131\/271|[from] item: Life Orb
|move|p1a: Slowbro|Scald|p2a: Bisharp
|-damage|p2a: Bisharp|7\/271
|-status|p2a: Bisharp|brn
|
|-damage|p2a: Bisharp|0 fnt|[from] brn
|-damage|p1a: Slowbro|70\/394 brn|[from] brn
|faint|p2a: Bisharp
|
|win|RebornCelebi
|raw|Ladder updating...
|raw|RebornCelebi's rating: 1735 &rarr; <strong>1747<\/strong><br \/>(+12 for winning)
|raw|scentre's rating: 1583 &rarr; <strong>1571<\/strong><br \/>(-12 for losing)
|leave|scentre
|player|p2