|join|reborncelebi
|join|22dula
|player|p1|reborncelebi|77
|player|p2|22dula|101
|gametype|singles
|gen|6
|tier|OU
|rated
|clearpoke
|poke|p1|Tyranitar, M
|poke|p1|Heracross, M
|poke|p1|Gliscor, F
|poke|p1|Victini
|poke|p1|Slowbro, F
|poke|p1|Serperior, F
|poke|p2|Scizor, M
|poke|p2|Heatran, F
|poke|p2|Dragonite, F
|poke|p2|Landorus-Therian, M
|poke|p2|Rotom-Wash
|poke|p2|Latias, F
|rule|Swagger Clause: Swagger is banned
|rule|Baton Pass Clause: Limit one PokÃ©mon knowing Baton Pass
|rule|Sleep Clause Mod: Limit one foe put to sleep
|rule|Species Clause: Limit one of each PokÃ©mon
|rule|OHKO Clause: OHKO moves are banned
|rule|Moody Clause: Moody is banned
|rule|Evasion Moves Clause: Evasion moves are banned
|rule|Endless Battle Clause: Forcing endless battles is banned
|rule|HP Percentage Mod: HP is shown in percentages
|teampreview
|
|start
|switch|p1a: Tyranitar|Tyranitar, M|404\/404
|switch|p2a: Landorus-Therian|Landorus-Therian, M|319\/319
|-ability|p2a: Landorus-Therian|Intimidate|[of] p1a: Tyranitar
|-unboost|p1a: Tyranitar|atk|1
|-weather|Sandstorm
|turn|1
|
|move|p2a: Landorus-Therian|U-turn|p1a: Tyranitar
|-supereffective|p1a: Tyranitar
|-damage|p1a: Tyranitar|226\/404
|
|switch|p2a: Heatran|Heatran, F|386\/386
|move|p1a: Tyranitar|Stealth Rock|p2a: Heatran
|-sidestart|p2: 22dula|move: Stealth Rock
|
|-weather|Sandstorm|[upkeep]
|-heal|p1a: Tyranitar|251\/404|[from] item: Leftovers
|turn|2
|
|switch|p1a: Gliscor|Gliscor, F|353\/353
|move|p2a: Heatran|Stealth Rock|p1a: Gliscor
|-sidestart|p1: reborncelebi|move: Stealth Rock
|
|-weather|Sandstorm|[upkeep]
|-status|p1a: Gliscor|tox|[from] item: Toxic Orb
|turn|3
|
|switch|p2a: Rotom-Wash|Rotom-Wash|304\/304
|-damage|p2a: Rotom-Wash|266\/304|[from] Stealth Rock
|move|p1a: Gliscor|Knock Off|p2a: Rotom-Wash
|-damage|p2a: Rotom-Wash|211\/304
|-enditem|p2a: Rotom-Wash|Leftovers|[from] move: Knock Off|[of] p1a: Gliscor
|
|-weather|Sandstorm|[upkeep]
|-damage|p2a: Rotom-Wash|192\/304|[from] sandstorm
|turn|4
|
|switch|p1a: Serperior|Serperior, F|291\/291
|-damage|p1a: Serperior|255\/291|[from] Stealth Rock
|move|p2a: Rotom-Wash|Volt Switch|p1a: Serperior
|-resisted|p1a: Serperior
|-damage|p1a: Serperior|213\/291
|
|switch|p2a: Landorus-Therian|Landorus-Therian, M|319\/319
|-damage|p2a: Landorus-Therian|280\/319|[from] Stealth Rock
|-ability|p2a: Landorus-Therian|Intimidate|[of] p1a: Serperior
|-boost|p1a: Serperior|atk|1
|
|-weather|Sandstorm|[upkeep]
|-damage|p1a: Serperior|195\/291|[from] sandstorm
|-heal|p1a: Serperior|213\/291|[from] item: Leftovers
|turn|5
|
|switch|p1a: Gliscor|Gliscor, F|353\/353 tox
|-damage|p1a: Gliscor|309\/353 tox|[from] Stealth Rock
|move|p2a: Landorus-Therian|U-turn|p1a: Gliscor
|-resisted|p1a: Gliscor
|-damage|p1a: Gliscor|280\/353 tox
|
|switch|p2a: Scizor|Scizor, M|339\/339
|-damage|p2a: Scizor|297\/339|[from] Stealth Rock
|
|-weather|none
|-heal|p1a: Gliscor|324\/353 tox|[from] ability: Poison Heal
|turn|6
|
|detailschange|p2a: Scizor|Scizor-Mega, M
|-mega|p2a: Scizor|Scizor|Scizorite
|move|p1a: Gliscor|Taunt|p2a: Scizor
|-start|p2a: Scizor|move: Taunt
|cant|p2a: Scizor|move: Taunt|Swords Dance
|
|-heal|p1a: Gliscor|353\/353 tox|[from] ability: Poison Heal
|turn|7
|
|move|p2a: Scizor|Bullet Punch|p1a: Gliscor
|-damage|p1a: Gliscor|280\/353 tox
|move|p1a: Gliscor|Taunt|p2a: Scizor
|-fail|p2a: Scizor
|
|-heal|p1a: Gliscor|324\/353 tox|[from] ability: Poison Heal
|turn|8
|
|switch|p2a: Rotom-Wash|Rotom-Wash|192\/304
|-damage|p2a: Rotom-Wash|154\/304|[from] Stealth Rock
|move|p1a: Gliscor|Earthquake|p2a: Rotom-Wash
|-immune|p2a: Rotom-Wash|[msg]
|
|-heal|p1a: Gliscor|353\/353 tox|[from] ability: Poison Heal
|turn|9
|
|move|p1a: Gliscor|Taunt|p2a: Rotom-Wash
|-start|p2a: Rotom-Wash|move: Taunt
|cant|p2a: Rotom-Wash|move: Taunt|Pain Split
|
|turn|10
|c|âreborncelebi|nice job keep taking sr damage
|
|switch|p1a: Serperior|Serperior, F|213\/291
|-damage|p1a: Serperior|177\/291|[from] Stealth Rock
|move|p2a: Rotom-Wash|Volt Switch|p1a: Serperior
|-resisted|p1a: Serperior
|-damage|p1a: Serperior|132\/291
|
|switch|p2a: Landorus-Therian|Landorus-Therian, M|280\/319
|-damage|p2a: Landorus-Therian|241\/319|[from] Stealth Rock
|-ability|p2a: Landorus-Therian|Intimidate|[of] p1a: Serperior
|-boost|p1a: Serperior|atk|1
|
|-heal|p1a: Serperior|150\/291|[from] item: Leftovers
|turn|11
|
|switch|p1a: Gliscor|Gliscor, F|353\/353 tox
|-damage|p1a: Gliscor|309\/353 tox|[from] Stealth Rock
|move|p2a: Landorus-Therian|U-turn|p1a: Gliscor
|-resisted|p1a: Gliscor
|-damage|p1a: Gliscor|277\/353 tox
|
|switch|p2a: Latias|Latias, F|301\/301
|-damage|p2a: Latias|264\/301|[from] Stealth Rock
|
|-heal|p1a: Gliscor|321\/353 tox|[from] ability: Poison Heal
|turn|12
|
|switch|p1a: Tyranitar|Tyranitar, M|251\/404
|-damage|p1a: Tyranitar|201\/404|[from] Stealth Rock
|-weather|Sandstorm
|move|p2a: Latias|Draco Meteor|p1a: Tyranitar
|-damage|p1a: Tyranitar|65\/404
|-unboost|p2a: Latias|spa|2
|-damage|p2a: Latias|234\/301|[from] item: Life Orb
|
|-weather|Sandstorm|[upkeep]
|-damage|p2a: Latias|216\/301|[from] sandstorm
|-heal|p1a: Tyranitar|90\/404|[from] item: Leftovers
|turn|13
|
|move|p2a: Latias|Defog|p1a: Tyranitar
|-unboost|p1a: Tyranitar|evasion|1
|-sideend|p1: reborncelebi|Stealth Rock|[from] move: Defog|[of] p1a: Tyranitar
|-sideend|p2: 22dula|Stealth Rock|[from] move: Defog|[of] p2a: Latias
|move|p1a: Tyranitar|Stealth Rock|p2a: Latias
|-sidestart|p2: 22dula|move: Stealth Rock
|
|-weather|Sandstorm|[upkeep]
|-damage|p2a: Latias|198\/301|[from] sandstorm
|-heal|p1a: Tyranitar|115\/404|[from] item: Leftovers
|turn|14
|
|move|p2a: Latias|Defog|p1a: Tyranitar
|-unboost|p1a: Tyranitar|evasion|1
|-sideend|p2: 22dula|Stealth Rock|[from] move: Defog|[of] p2a: Latias
|move|p1a: Tyranitar|Pursuit|p2a: Latias
|-supereffective|p2a: Latias
|-damage|p2a: Latias|64\/301
|
|-weather|Sandstorm|[upkeep]
|-damage|p2a: Latias|46\/301|[from] sandstorm
|-heal|p1a: Tyranitar|140\/404|[from] item: Leftovers
|turn|15
|
|move|p2a: Latias|Draco Meteor|p1a: Tyranitar
|-damage|p1a: Tyranitar|70\/404
|-unboost|p2a: Latias|spa|2
|-damage|p2a: Latias|16\/301|[from] item: Life Orb
|move|p1a: Tyranitar|Stealth Rock|p2a: Latias
|-sidestart|p2: 22dula|move: Stealth Rock
|
|-weather|Sandstorm|[upkeep]
|-damage|p2a: Latias|0 fnt|[from] sandstorm
|-heal|p1a: Tyranitar|95\/404|[from] item: Leftovers
|faint|p2a: Latias
|
|switch|p2a: Scizor|Scizor-Mega, M|297\/339
|-damage|p2a: Scizor|255\/339|[from] Stealth Rock
|turn|16
|
|move|p2a: Scizor|Swords Dance|p2a: Scizor
|-boost|p2a: Scizor|atk|2
|move|p1a: Tyranitar|Fire Blast|p2a: Scizor
|-supereffective|p2a: Scizor
|-damage|p2a: Scizor|0 fnt
|faint|p2a: Scizor
|
|-weather|none
|-heal|p1a: Tyranitar|120\/404|[from] item: Leftovers
|-message|22dula forfeited.
|c|âreborncelebi|LOOL
|leave|22dula
|
|win|reborncelebi
|raw|Ladder updating...
|player|p2
|raw|reborncelebi's rating: 1661 &rarr; <strong>1674<\/strong><br \/>(+13 for winning)
|raw|22dula's rating: 1541 &rarr; <strong>1528<\/strong><br \/>(-13 for losing)