|join|eylee
|join|MyLittleDick
|player|p1|eylee|264
|player|p2|MyLittleDick|1
|gametype|singles
|gen|6
|tier|OU
|rated
|clearpoke
|poke|p1|Gothitelle, M
|poke|p1|Politoed, M
|poke|p1|Swampert, M
|poke|p1|Breloom, F
|poke|p1|Latias, F
|poke|p1|Landorus-Therian, M
|poke|p2|Clefable, F
|poke|p2|Gliscor, F
|poke|p2|Heatran, M
|poke|p2|Starmie
|poke|p2|Venusaur, F
|poke|p2|Landorus, M
|rule|Swagger Clause: Swagger is banned
|rule|Baton Pass Clause: Limit one PokÃ©mon knowing Baton Pass
|rule|Sleep Clause Mod: Limit one foe put to sleep
|rule|Species Clause: Limit one of each PokÃ©mon
|rule|OHKO Clause: OHKO moves are banned
|rule|Moody Clause: Moody is banned
|rule|Evasion Moves Clause: Evasion moves are banned
|rule|Endless Battle Clause: Forcing endless battles is banned
|rule|HP Percentage Mod: HP is shown in percentages
|teampreview
|
|start
|switch|p1a: Landorus-Therian|Landorus-Therian, M|381\/381
|switch|p2a: Starmie|Starmie|323\/323
|-ability|p1a: Landorus-Therian|Intimidate|[of] p2a: Starmie
|-unboost|p2a: Starmie|atk|1
|turn|1
|
|switch|p2a: Landorus|Landorus, M|319\/319
|switch|p1a: Politoed|Politoed, M|384\/384
|-weather|RainDance
|
|-weather|RainDance|[upkeep]
|turn|2
|
|move|p2a: Landorus|Knock Off|p1a: Politoed
|-damage|p1a: Politoed|245\/384
|-enditem|p1a: Politoed|Damp Rock|[from] move: Knock Off|[of] p2a: Landorus
|-damage|p2a: Landorus|288\/319|[from] item: Life Orb
|move|p1a: Politoed|Ice Beam|p2a: Landorus
|-supereffective|p2a: Landorus
|-damage|p2a: Landorus|0 fnt
|faint|p2a: Landorus
|
|-weather|RainDance|[upkeep]
|
|switch|p2a: Venusaur|Venusaur, F|363\/363
|turn|3
|
|switch|p2a: Heatran|Heatran, M|385\/385
|switch|p1a: Latias|Latias, F|301\/301
|
|-weather|RainDance|[upkeep]
|turn|4
|
|switch|p1a: Swampert|Swampert, M|341\/341
|switch|p2a: Starmie|Starmie|323\/323
|
|-weather|RainDance|[upkeep]
|turn|5
|
|detailschange|p1a: Swampert|Swampert-Mega, M
|-mega|p1a: Swampert|Swampert|Swampertite
|move|p2a: Starmie|Scald|p1a: Swampert
|-damage|p1a: Swampert|209\/341
|move|p1a: Swampert|Earthquake|p2a: Starmie
|-damage|p2a: Starmie|95\/323
|
|-weather|RainDance|[upkeep]
|-heal|p2a: Starmie|115\/323|[from] item: Leftovers
|turn|6
|
|move|p1a: Swampert|Waterfall|p2a: Starmie
|-resisted|p2a: Starmie
|-damage|p2a: Starmie|0 fnt
|faint|p2a: Starmie
|
|-weather|RainDance|[upkeep]
|
|switch|p2a: Venusaur|Venusaur, F|363\/363
|turn|7
|c|âMyLittleDick|every time i wake up in the morning i lose to shit [players
|c|âeylee|maybe you should stay in bed
|c|âMyLittleDick|true
|c|âeylee|dumbass
|c|âMyLittleDick|ur right
|c|âMyLittleDick|i am a dumbass
|c|âMyLittleDick|b-b-but u were born in 2001
|c|âMyLittleDick|lol
|
|switch|p1a: Latias|Latias, F|301\/301
|switch|p2a: Gliscor|Gliscor, F|353\/353
|
|-weather|RainDance|[upkeep]
|-status|p2a: Gliscor|tox|[from] item: Toxic Orb
|turn|8
|c|âeylee|and i still have a bigger dick than you
|c|âMyLittleDick|do u even know what a dick is
|c|âMyLittleDick|r u even that old yet
|
|switch|p1a: Landorus-Therian|Landorus-Therian, M|381\/381
|-ability|p1a: Landorus-Therian|Intimidate|[of] p2a: Gliscor
|-unboost|p2a: Gliscor|atk|1
|switch|p2a: Clefable|Clefable, F|393\/393
|
|-weather|none
|turn|9
|c|âMyLittleDick|lol
|
|switch|p2a: Venusaur|Venusaur, F|363\/363
|move|p1a: Landorus-Therian|U-turn|p2a: Venusaur
|-damage|p2a: Venusaur|263\/363
|
|switch|p1a: Gothitelle|Gothitelle, M|344\/344
|
|turn|10
|
|detailschange|p2a: Venusaur|Venusaur-Mega, F
|-mega|p2a: Venusaur|Venusaur|Venusaurite
|move|p1a: Gothitelle|Psychic|p2a: Venusaur
|-supereffective|p2a: Venusaur
|-damage|p2a: Venusaur|117\/363
|move|p2a: Venusaur|Synthesis|p2a: Venusaur
|-heal|p2a: Venusaur|298\/363
|
|turn|11
|
|move|p1a: Gothitelle|Psychic|p2a: Venusaur
|-supereffective|p2a: Venusaur
|-damage|p2a: Venusaur|170\/363
|move|p2a: Venusaur|Synthesis|p2a: Venusaur
|-heal|p2a: Venusaur|351\/363
|
|turn|12
|
|move|p1a: Gothitelle|Psychic|p2a: Venusaur
|-supereffective|p2a: Venusaur
|-damage|p2a: Venusaur|223\/363
|move|p2a: Venusaur|Sludge Bomb|p1a: Gothitelle
|-damage|p1a: Gothitelle|260\/344
|
|turn|13
|
|switch|p1a: Politoed|Politoed, M|245\/384
|-weather|RainDance
|move|p2a: Venusaur|Synthesis|p2a: Venusaur
|-heal|p2a: Venusaur|314\/363
|
|-weather|RainDance|[upkeep]
|turn|14
|
|switch|p1a: Gothitelle|Gothitelle, M|260\/344
|move|p2a: Venusaur|Sludge Bomb|p1a: Gothitelle
|-damage|p1a: Gothitelle|167\/344
|-status|p1a: Gothitelle|psn
|
|-weather|RainDance|[upkeep]
|-damage|p1a: Gothitelle|124\/344 psn|[from] psn
|turn|15
|
|switch|p1a: Latias|Latias, F|301\/301
|move|p2a: Venusaur|Sludge Bomb|p1a: Latias
|-damage|p1a: Latias|202\/301
|-status|p1a: Latias|psn
|
|-weather|RainDance|[upkeep]
|-heal|p1a: Latias|220\/301 psn|[from] item: Leftovers
|-damage|p1a: Latias|183\/301 psn|[from] psn
|turn|16
|
|switch|p2a: Heatran|Heatran, M|385\/385
|move|p1a: Latias|Psyshock|p2a: Heatran
|-resisted|p2a: Heatran
|-damage|p2a: Heatran|326\/385
|
|-weather|RainDance|[upkeep]
|-heal|p1a: Latias|201\/301 psn|[from] item: Leftovers
|-heal|p2a: Heatran|350\/385|[from] item: Leftovers
|-damage|p1a: Latias|164\/301 psn|[from] psn
|turn|17
|c|âMyLittleDick|surf
|c|âMyLittleDick|incoming
|
|switch|p1a: Landorus-Therian|Landorus-Therian, M|381\/381
|-ability|p1a: Landorus-Therian|Intimidate|[of] p2a: Heatran
|-unboost|p2a: Heatran|atk|1
|move|p2a: Heatran|Protect|p2a: Heatran
|-fail|p2a: Heatran
|
|-weather|none
|-heal|p2a: Heatran|374\/385|[from] item: Leftovers
|turn|18
|
|move|p2a: Heatran|Protect|p2a: Heatran
|-singleturn|p2a: Heatran|Protect
|move|p1a: Landorus-Therian|Stealth Rock|p2a: Heatran
|-sidestart|p2: MyLittleDick|move: Stealth Rock
|
|-heal|p2a: Heatran|385\/385|[from] item: Leftovers
|turn|19
|
|move|p1a: Landorus-Therian|Earthquake|p2a: Heatran
|-supereffective|p2a: Heatran
|-damage|p2a: Heatran|0 fnt
|faint|p2a: Heatran
|
|c|âMyLittleDick|im dumb
|c|âMyLittleDick|as fuck
|c|âMyLittleDick|u se
|c|âMyLittleDick|lol
|c|âeylee|you just realized that
|
|switch|p2a: Gliscor|Gliscor, F|353\/353 tox
|-damage|p2a: Gliscor|309\/353 tox|[from] Stealth Rock
|turn|20
|c|âMyLittleDick|nah
|c|âMyLittleDick|i knew it
|c|âMyLittleDick|i have to repeat it tho
|c|âMyLittleDick|:)
|c|âMyLittleDick|i dont like kids
|c|âMyLittleDick|i cant take them serious
|c|âMyLittleDick|ur too young
|c|âMyLittleDick|to talk to me
|
|move|p2a: Gliscor|Swords Dance|p2a: Gliscor
|-boost|p2a: Gliscor|atk|2
|move|p1a: Landorus-Therian|U-turn|p2a: Gliscor
|-resisted|p2a: Gliscor
|-damage|p2a: Gliscor|269\/353 tox
|
|switch|p1a: Politoed|Politoed, M|245\/384
|-weather|RainDance
|
|-weather|RainDance|[upkeep]
|-heal|p2a: Gliscor|313\/353 tox|[from] ability: Poison Heal
|turn|21
|c|âeylee|you're*
|c|âeylee|though*
|c|âeylee|don't*
|c|âeylee|can't*
|
|switch|p1a: Landorus-Therian|Landorus-Therian, M|381\/381
|-ability|p1a: Landorus-Therian|Intimidate|[of] p2a: Gliscor
|-unboost|p2a: Gliscor|atk|1
|move|p2a: Gliscor|Facade|p1a: Landorus-Therian
|-damage|p1a: Landorus-Therian|214\/381
|
|-weather|RainDance|[upkeep]
|-heal|p1a: Landorus-Therian|237\/381|[from] item: Leftovers
|-heal|p2a: Gliscor|353\/353 tox|[from] ability: Poison Heal
|turn|22
|
|switch|p2a: Venusaur|Venusaur-Mega, F|314\/363
|-damage|p2a: Venusaur|269\/363|[from] Stealth Rock
|move|p1a: Landorus-Therian|U-turn|p2a: Venusaur
|-damage|p2a: Venusaur|192\/363
|
|switch|p1a: Latias|Latias, F|164\/301 psn
|
|-weather|RainDance|[upkeep]
|-heal|p1a: Latias|182\/301 psn|[from] item: Leftovers
|-damage|p1a: Latias|145\/301 psn|[from] psn
|turn|23
|
|switch|p2a: Gliscor|Gliscor, F|353\/353 tox
|-damage|p2a: Gliscor|309\/353 tox|[from] Stealth Rock
|move|p1a: Latias|Psyshock|p2a: Gliscor
|-damage|p2a: Gliscor|209\/353 tox
|
|-weather|RainDance|[upkeep]
|-heal|p1a: Latias|163\/301 psn|[from] item: Leftovers
|-damage|p1a: Latias|126\/301 psn|[from] psn
|-heal|p2a: Gliscor|253\/353 tox|[from] ability: Poison Heal
|turn|24
|
|move|p1a: Latias|Healing Wish|p1a: Latias
|faint|p1a: Latias
|move|p2a: Gliscor|Facade|p1: Latias|[notarget]
|-notarget
|
|-weather|none
|-heal|p2a: Gliscor|297\/353 tox|[from] ability: Poison Heal
|
|switch|p1a: Swampert|Swampert-Mega, M|209\/341
|-heal|p1a: Swampert|341\/341|[from] move: Healing Wish
|turn|25
|
|switch|p2a: Clefable|Clefable, F|393\/393
|move|p1a: Swampert|Ice Punch|p2a: Clefable
|-damage|p2a: Clefable|308\/393
|
|-heal|p2a: Clefable|332\/393|[from] item: Leftovers
|turn|26
|
|move|p1a: Swampert|Earthquake|p2a: Clefable
|-damage|p2a: Clefable|149\/393
|move|p2a: Clefable|Moonblast|p1a: Swampert
|-damage|p1a: Swampert|250\/341
|
|-heal|p2a: Clefable|173\/393|[from] item: Leftovers
|turn|27
|
|move|p1a: Swampert|Waterfall|p2a: Clefable
|-damage|p2a: Clefable|43\/393
|move|p2a: Clefable|Soft-Boiled|p2a: Clefable
|-heal|p2a: Clefable|240\/393
|
|-heal|p2a: Clefable|264\/393|[from] item: Leftovers
|turn|28
|
|switch|p1a: Politoed|Politoed, M|245\/384
|-weather|RainDance
|move|p2a: Clefable|Soft-Boiled|p2a: Clefable
|-heal|p2a: Clefable|393\/393
|
|-weather|RainDance|[upkeep]
|turn|29
|
|move|p1a: Politoed|Hydro Pump|p2a: Clefable|[miss]
|-miss|p1a: Politoed|p2a: Clefable
|move|p2a: Clefable|Moonblast|p1a: Politoed
|-damage|p1a: Politoed|134\/384
|
|-weather|RainDance|[upkeep]
|turn|30
|
|switch|p1a: Gothitelle|Gothitelle, M|124\/344 psn
|move|p2a: Clefable|Soft-Boiled|p2a: Clefable
|-fail|p2a: Clefable
|
|-weather|RainDance|[upkeep]
|-damage|p1a: Gothitelle|81\/344 psn|[from] psn
|turn|31
|c|âMyLittleDick|very very very bad play
|c|âMyLittleDick|if i moonblast
|c|âMyLittleDick|ud be dead
|
|move|p1a: Gothitelle|Trick|p2a: Clefable
|-activate|p1a: Gothitelle|move: Trick|[of] p2a: Clefable
|-item|p2a: Clefable|Choice Scarf|[from] move: Trick
|-item|p1a: Gothitelle|Leftovers|[from] move: Trick
|move|p2a: Clefable|Moonblast|p1a: Gothitelle
|-damage|p1a: Gothitelle|11\/344 psn
|-unboost|p1a: Gothitelle|spa|1
|
|-weather|RainDance|[upkeep]
|-heal|p1a: Gothitelle|32\/344 psn|[from] item: Leftovers
|-damage|p1a: Gothitelle|0 fnt|[from] psn
|faint|p1a: Gothitelle
|c|âMyLittleDick|very shit play
|c|âMyLittleDick|this is why u cant get past a 71 shit gxe
|c|âMyLittleDick|lelelel ^.^
|c|âeylee|not  a bad play cause that's not what happened
|c|âeylee|i predicted you to not go for it
|c|âeylee|so obvious cause you're shit
|c|âMyLittleDick|but ur at 71 gxe
|c|âMyLittleDick|hahahahha
|c|âMyLittleDick|literally loling
|
|switch|p1a: Swampert|Swampert-Mega, M|250\/341
|turn|32
|c|âMyLittleDick|71 gxe
|
|move|p1a: Swampert|Waterfall|p2a: Clefable
|-damage|p2a: Clefable|170\/393
|move|p2a: Clefable|Moonblast|p1a: Swampert
|-damage|p1a: Swampert|150\/341
|
|-weather|none
|turn|33
|
|move|p1a: Swampert|Earthquake|p2a: Clefable
|-damage|p2a: Clefable|8\/393
|move|p2a: Clefable|Moonblast|p1a: Swampert
|-damage|p1a: Swampert|59\/341
|-unboost|p1a: Swampert|spa|1
|
|turn|34
|c|âeylee|cool story bro
|
|move|p1a: Swampert|Waterfall|p2a: Clefable
|-damage|p2a: Clefable|0 fnt
|faint|p2a: Clefable
|
|c|âMyLittleDick|not a story
|c|âMyLittleDick|ur at 71 gxe
|c|âMyLittleDick|ur horrible
|c|âeylee|you just lost to 71 gxe then
|c|âeylee|gf
|c|âMyLittleDick|but ur shit
|
|switch|p2a: Venusaur|Venusaur-Mega, F|192\/363
|-damage|p2a: Venusaur|147\/363|[from] Stealth Rock
|turn|35
|c|âMyLittleDick|lol
|c|âMyLittleDick|dont say gf lol
|c|âMyLittleDick|ur a kid
|c|âMyLittleDick|haha
|c|âeylee|game over
|c|âeylee|GG
|c|âMyLittleDick|hahahahahah
|c|âMyLittleDick|leoeleol
|
|move|p1a: Swampert|Earthquake|p2a: Venusaur
|-damage|p2a: Venusaur|0 fnt
|faint|p2a: Venusaur
|
|c|âeylee|hahaha
|c|âeylee|garbage
|c|âeylee|good game
|
|switch|p2a: Gliscor|Gliscor, F|297\/353 tox
|-damage|p2a: Gliscor|253\/353 tox|[from] Stealth Rock
|turn|36
|c|âMyLittleDick|not really
|c|âMyLittleDick|lol
|c|âeylee|GG
|c|âeylee|GG
|c|âeylee|GG
|c|âeylee|GG
|c|âeylee|YOU JSUT LOST
|c|âeylee|HAHAHAHA
|c|âeylee|YOU SHOULD STAY IN BED SMALL PENIS
|c|âeylee|CANT HANDLE PLAYING with pros
|c|âeylee|stay in bed cause you cant handle the morning
|c|âeylee|you know that saying stay in the kitchen if you cant handle the heat
|c|âeylee|you need to go home
|c|âeylee|POS
|-message|MyLittleDick lost due to inactivity.
|
|win|eylee
|raw|Ladder updating...
|raw|eylee's rating: 1491 &rarr; <strong>1512<\/strong><br \/>(+21 for winning)
|raw|MyLittleDick's rating: 1522 &rarr; <strong>1500<\/strong><br \/>(-22 for losing)