|join|dingbat
|join|King UU
|player|p1|dingbat|3
|player|p2|King UU|29
|gametype|singles
|gen|6
|tier|UU
|rule|Sleep Clause Mod: Limit one foe put to sleep
|rule|Species Clause: Limit one of each PokÃ©mon
|rule|OHKO Clause: OHKO moves are banned
|rule|Moody Clause: Moody is banned
|rule|Evasion Moves Clause: Evasion moves are banned
|rule|Endless Battle Clause: Forcing endless battles is banned
|rule|HP Percentage Mod: HP is shown in percentages
|clearpoke
|poke|p1|Alakazam, F
|poke|p1|Tentacruel, F
|poke|p1|Chesnaught, M
|poke|p1|Sableye, M
|poke|p1|Rhyperior, F
|poke|p1|Florges, F
|poke|p2|Chandelure, M
|poke|p2|Krookodile, M
|poke|p2|Crobat, M
|poke|p2|Sableye, M
|poke|p2|Blastoise, F
|poke|p2|Galvantula, F
|rule|Swagger Clause: Swagger is banned
|rule|Baton Pass Clause: Limit one PokÃ©mon knowing Baton Pass
|teampreview
|join|Pinkin Lark
|join|UniterFlash
|join|Tipsy Russian
|join|So Dynamic
|join|ANGER MANAGEMENT
|join|YMAS
|c|âdingbat|time for the rust
|c|âdingbat|to show
|c| Pinkin Lark|prelims hype
|c|âdingbat|NICE N RUST
|join|Technosis
|c| UniterFlash|lol
|c|+ANGER MANAGEMENT|rust + megazam
|c| Pinkin Lark|who needs rust when you got tenta
|join|ayo sb
|c|âdingbat|i need rust
|c| UniterFlash|rust=?
|join|BenzMafia
|
|start
|switch|p1a: Sableye|Sableye, M|303\/303
|switch|p2a: Galvantula|Galvantula, F|281\/281
|turn|1
|
|move|p2a: Galvantula|Bug Buzz|p1a: Sableye
|-damage|p1a: Sableye|185\/303
|move|p1a: Sableye|Knock Off|p2a: Galvantula
|-damage|p2a: Galvantula|155\/281
|-enditem|p2a: Galvantula|Focus Sash|[from] move: Knock Off|[of] p1a: Sableye
|
|-heal|p1a: Sableye|203\/303|[from] item: Leftovers
|turn|2
|
|move|p2a: Galvantula|Bug Buzz|p1a: Sableye
|-damage|p1a: Sableye|71\/303
|move|p1a: Sableye|Knock Off|p2a: Galvantula
|-crit|p2a: Galvantula
|-damage|p2a: Galvantula|10\/281
|
|-heal|p1a: Sableye|89\/303|[from] item: Leftovers
|turn|3
|
|move|p1a: Sableye|Recover|p1a: Sableye
|-heal|p1a: Sableye|241\/303
|move|p2a: Galvantula|Bug Buzz|p1a: Sableye
|-damage|p1a: Sableye|49\/303
|
|-heal|p1a: Sableye|67\/303|[from] item: Leftovers
|turn|4
|c|âdingbat|that is
|c|âdingbat|ah.
|c| Pinkin Lark|that swarm
|join|Yellow Skarmory'._
|leave|Yellow Skarmory'._
|
|move|p1a: Sableye|Will-O-Wisp|p2a: Galvantula
|-status|p2a: Galvantula|brn
|move|p2a: Galvantula|Sticky Web|p1a: Sableye
|-sidestart|p1: dingbat|move: Sticky Web
|
|-heal|p1a: Sableye|85\/303|[from] item: Leftovers
|-damage|p2a: Galvantula|0 fnt|[from] brn
|faint|p2a: Galvantula
|join|fun :'D
|
|switch|p2a: Chandelure|Chandelure, M|261\/261
|turn|5
|leave|fun :'D
|
|move|p2a: Chandelure|Shadow Ball|p1a: Sableye
|-damage|p1a: Sableye|0 fnt
|faint|p1a: Sableye
|
|
|switch|p1a: Tentacruel|Tentacruel, F|364\/364
|-activate|p1a: Tentacruel|move: Sticky Web
|-unboost|p1a: Tentacruel|spe|1
|turn|6
|
|move|p2a: Chandelure|Shadow Ball|p1a: Tentacruel
|-damage|p1a: Tentacruel|148\/364
|move|p1a: Tentacruel|Toxic Spikes|p2a: Chandelure
|-sidestart|p2: King UU|move: Toxic Spikes
|
|-heal|p1a: Tentacruel|170\/364|[from] item: Black Sludge
|turn|7
|
|switch|p1a: Chesnaught|Chesnaught, M|380\/380
|-activate|p1a: Chesnaught|move: Sticky Web
|-unboost|p1a: Chesnaught|spe|1
|move|p2a: Chandelure|Shadow Ball|p1a: Chesnaught
|-immune|p1a: Chesnaught|[msg]|[from] Bulletproof
|
|turn|8
|
|switch|p2a: Crobat|Crobat, M|353\/353
|move|p1a: Chesnaught|Leech Seed|p2a: Crobat
|-start|p2a: Crobat|move: Leech Seed
|
|-damage|p2a: Crobat|309\/353|[from] Leech Seed|[of] p1a: Chesnaught
|turn|9
|join|schlamaladingdong
|c|âKing UU|Pfft you don't think I prepare for my own stupidity?
|c|âdingbat|:p
|
|switch|p1a: Rhyperior|Rhyperior, F|434\/434
|-activate|p1a: Rhyperior|move: Sticky Web
|-unboost|p1a: Rhyperior|spe|1
|move|p2a: Crobat|Defog|p1a: Rhyperior
|-unboost|p1a: Rhyperior|evasion|1
|-sideend|p1: dingbat|Sticky Web|[from] move: Defog|[of] p1a: Rhyperior
|-sideend|p2: King UU|Toxic Spikes|[from] move: Defog|[of] p2a: Crobat
|
|-heal|p2a: Crobat|331\/353|[from] item: Black Sludge
|-damage|p2a: Crobat|287\/353|[from] Leech Seed|[of] p1a: Rhyperior
|turn|10
|c|+ANGER MANAGEMENT|uh
|
|move|p2a: Crobat|U-turn|p1a: Rhyperior
|-damage|p1a: Rhyperior|394\/434
|
|switch|p2a: Blastoise|Blastoise, F|313\/313
|move|p1a: Rhyperior|Earthquake|p2a: Blastoise
|-damage|p2a: Blastoise|147\/313
|
|-heal|p1a: Rhyperior|421\/434|[from] item: Leftovers
|turn|11
|
|switch|p1a: Florges|Florges, F|360\/360
|detailschange|p2a: Blastoise|Blastoise-Mega, F
|message|Blastoise has Mega Evolved into Mega Blastoise!
|move|p2a: Blastoise|Water Spout|p1a: Florges
|-damage|p1a: Florges|266\/360
|
|-heal|p1a: Florges|288\/360|[from] item: Leftovers
|turn|12
|c|âdingbat|nice 47% hp
|
|switch|p2a: Chandelure|Chandelure, M|261\/261
|move|p1a: Florges|Moonblast|p2a: Chandelure
|-resisted|p2a: Chandelure
|-damage|p2a: Chandelure|197\/261
|-unboost|p2a: Chandelure|spa|1
|
|-heal|p1a: Florges|310\/360|[from] item: Leftovers
|turn|13
|c|âKing UU|Thanks
|c|âKing UU|Still almost as strong as scald
|c|âdingbat|:]]]
|
|move|p1a: Florges|Protect|p1a: Florges
|-singleturn|p1a: Florges|Protect
|move|p2a: Chandelure|Trick|p1a: Florges
|-activate|p1a: Florges|Protect
|
|-heal|p1a: Florges|332\/360|[from] item: Leftovers
|turn|14
|join|Reggae Ganja Fish
|
|switch|p2a: Krookodile|Krookodile, M|331\/331
|move|p1a: Florges|Wish|p1a: Florges
|
|-heal|p1a: Florges|354\/360|[from] item: Leftovers
|turn|15
|c| Reggae Ganja Fish|kink im cherring for u =)
|
|switch|p2a: Crobat|Crobat, M|287\/353
|move|p1a: Florges|Moonblast|p2a: Crobat
|-resisted|p2a: Crobat
|-damage|p2a: Crobat|209\/353
|-unboost|p2a: Crobat|spa|1
|
|-heal|p1a: Florges|360\/360|[from] move: Wish|[wisher] Florges
|-heal|p2a: Crobat|231\/353|[from] item: Black Sludge
|turn|16
|
|move|p2a: Crobat|U-turn|p1a: Florges
|-resisted|p1a: Florges
|-damage|p1a: Florges|331\/360
|
|switch|p2a: Chandelure|Chandelure, M|197\/261
|move|p1a: Florges|Moonblast|p2a: Chandelure
|-resisted|p2a: Chandelure
|-damage|p2a: Chandelure|133\/261
|
|-heal|p1a: Florges|353\/360|[from] item: Leftovers
|turn|17
|c| Pinkin Lark|no fear florges
|c|âdingbat|i feel so fucking real atm
|leave|Technosis
|
|move|p1a: Florges|Protect|p1a: Florges
|-singleturn|p1a: Florges|Protect
|move|p2a: Chandelure|Trick|p1a: Florges
|-activate|p1a: Florges|Protect
|
|-heal|p1a: Florges|360\/360|[from] item: Leftovers
|turn|18
|
|switch|p1a: Alakazam|Alakazam, F|252\/252
|move|p2a: Chandelure|Trick|p1a: Alakazam
|-fail|p1a: Alakazam
|
|turn|19
|c| Reggae Ganja Fish|put tbh kink running galv is quite a nub move imo
|
|switch|p2a: Crobat|Crobat, M|231\/353
|detailschange|p1a: Alakazam|Alakazam-Mega, F
|message|Alakazam has Mega Evolved into Mega Alakazam!
|-ability|p1a: Alakazam|Infiltrator|[from] ability: Trace|[of] p2a: Crobat
|move|p1a: Alakazam|Dazzling Gleam|p2a: Crobat
|-crit|p2a: Crobat
|-resisted|p2a: Crobat
|-damage|p2a: Crobat|118\/353
|
|-heal|p2a: Crobat|140\/353|[from] item: Black Sludge
|turn|20
|c|+ANGER MANAGEMENT|no the defog was the undoing
|c|+ANGER MANAGEMENT|now zam has free reign
|c|âdingbat|ye i was wondering
|c| Pinkin Lark|^
|c|âdingbat|where the fuck
|c|âdingbat|the webs were
|
|switch|p2a: Sableye|Sableye, M|304\/304
|move|p1a: Alakazam|Psyshock|p2a: Sableye
|-immune|p2a: Sableye|[msg]
|
|turn|21
|
|switch|p1a: Florges|Florges, F|360\/360
|move|p2a: Sableye|Will-O-Wisp|p1a: Florges|[miss]
|-miss|p2a: Sableye|p1a: Florges
|
|turn|22
|
|move|p1a: Florges|Wish|p1a: Florges
|move|p2a: Sableye|Knock Off|p1a: Florges
|-resisted|p1a: Florges
|-damage|p1a: Florges|316\/360
|-enditem|p1a: Florges|Leftovers|[from] move: Knock Off|[of] p2a: Sableye
|
|turn|23
|
|switch|p1a: Tentacruel|Tentacruel, F|170\/364
|move|p2a: Sableye|Will-O-Wisp|p1a: Tentacruel
|-status|p1a: Tentacruel|brn
|
|-heal|p1a: Tentacruel|350\/364 brn|[from] move: Wish|[wisher] Florges
|-heal|p1a: Tentacruel|364\/364 brn|[from] item: Black Sludge
|-damage|p1a: Tentacruel|319\/364 brn|[from] brn
|turn|24
|
|move|p2a: Sableye|Taunt|p1a: Tentacruel
|-start|p1a: Tentacruel|move: Taunt
|move|p1a: Tentacruel|Acid Spray|p2a: Sableye
|-resisted|p2a: Sableye
|-damage|p2a: Sableye|284\/304
|-unboost|p2a: Sableye|spd|2
|
|-heal|p1a: Tentacruel|341\/364 brn|[from] item: Black Sludge
|-heal|p2a: Sableye|303\/304|[from] item: Leftovers
|-damage|p1a: Tentacruel|296\/364 brn|[from] brn
|turn|25
|
|switch|p2a: Crobat|Crobat, M|140\/353
|move|p1a: Tentacruel|Scald|p2a: Crobat
|-damage|p2a: Crobat|46\/353
|
|-heal|p2a: Crobat|68\/353|[from] item: Black Sludge
|-heal|p1a: Tentacruel|318\/364 brn|[from] item: Black Sludge
|-damage|p1a: Tentacruel|273\/364 brn|[from] brn
|turn|26
|
|move|p2a: Crobat|Roost|p2a: Crobat
|-heal|p2a: Crobat|245\/353
|move|p1a: Tentacruel|Acid Spray|p2a: Crobat
|-resisted|p2a: Crobat
|-damage|p2a: Crobat|222\/353
|-unboost|p2a: Crobat|spd|2
|
|-heal|p2a: Crobat|244\/353|[from] item: Black Sludge
|-heal|p1a: Tentacruel|295\/364 brn|[from] item: Black Sludge
|-damage|p1a: Tentacruel|250\/364 brn|[from] brn
|-end|p1a: Tentacruel|move: Taunt
|turn|27
|
|move|p2a: Crobat|U-turn|p1a: Tentacruel
|-resisted|p1a: Tentacruel
|-damage|p1a: Tentacruel|224\/364 brn
|
|switch|p2a: Blastoise|Blastoise-Mega, F|147\/313
|move|p1a: Tentacruel|Scald|p2a: Blastoise
|-resisted|p2a: Blastoise
|-damage|p2a: Blastoise|115\/313
|
|-heal|p1a: Tentacruel|246\/364 brn|[from] item: Black Sludge
|-damage|p1a: Tentacruel|201\/364 brn|[from] brn
|turn|28
|
|switch|p1a: Florges|Florges, F|316\/360
|move|p2a: Blastoise|Dark Pulse|p1a: Florges
|-resisted|p1a: Florges
|-damage|p1a: Florges|268\/360
|
|turn|29
|join|angusc34
|
|switch|p2a: Crobat|Crobat, M|244\/353
|move|p1a: Florges|Moonblast|p2a: Crobat
|-resisted|p2a: Crobat
|-damage|p2a: Crobat|174\/353
|
|-heal|p2a: Crobat|196\/353|[from] item: Black Sludge
|turn|30
|
|switch|p1a: Rhyperior|Rhyperior, F|421\/434
|move|p2a: Crobat|Brave Bird|p1a: Rhyperior
|-resisted|p1a: Rhyperior
|-damage|p1a: Rhyperior|370\/434
|-damage|p2a: Crobat|179\/353|[from] recoil|[of] p1a: Rhyperior
|
|-heal|p2a: Crobat|201\/353|[from] item: Black Sludge
|-heal|p1a: Rhyperior|397\/434|[from] item: Leftovers
|turn|31
|
|move|p2a: Crobat|U-turn|p1a: Rhyperior
|-damage|p1a: Rhyperior|357\/434
|
|switch|p2a: Krookodile|Krookodile, M|331\/331
|move|p1a: Rhyperior|Rock Blast|p2a: Krookodile
|-resisted|p2a: Krookodile
|-damage|p2a: Krookodile|306\/331
|-crit|p2a: Krookodile
|-resisted|p2a: Krookodile
|-damage|p2a: Krookodile|267\/331
|-resisted|p2a: Krookodile
|-damage|p2a: Krookodile|239\/331
|-resisted|p2a: Krookodile
|-damage|p2a: Krookodile|211\/331
|-crit|p2a: Krookodile
|-resisted|p2a: Krookodile
|-damage|p2a: Krookodile|173\/331
|-hitcount|p2a: Krookodile|5
|
|-heal|p1a: Rhyperior|384\/434|[from] item: Leftovers
|turn|32
|c| Reggae Ganja Fish|megahorn pls
|c|âdingbat|lol
|c| Reggae Ganja Fish|dingbat how did u not
|c|âdingbat|earthquake still KOs
|c| Pinkin Lark|skill link super luck perior
|
|move|p2a: Krookodile|Earthquake|p1a: Rhyperior
|-crit|p1a: Rhyperior
|-supereffective|p1a: Rhyperior
|-damage|p1a: Rhyperior|0 fnt
|faint|p1a: Rhyperior
|-boost|p2a: Krookodile|atk|1|[from] ability: Moxie
|
|c|âdingbat|OW.
|
|switch|p1a: Chesnaught|Chesnaught, M|380\/380
|turn|33
|c|âdingbat|maybe that was
|c|âdingbat|band moxie
|c|âKing UU|want a hint?
|
|move|p2a: Krookodile|Earthquake|p1a: Chesnaught
|-resisted|p1a: Chesnaught
|-damage|p1a: Chesnaught|232\/380
|move|p1a: Chesnaught|Leech Seed|p2a: Krookodile
|-start|p2a: Krookodile|move: Leech Seed
|
|-heal|p1a: Chesnaught|255\/380|[from] item: Leftovers
|-damage|p2a: Krookodile|132\/331|[from] Leech Seed|[of] p1a: Chesnaught
|-heal|p1a: Chesnaught|296\/380|[silent]
|turn|34
|c|âdingbat|mebbe
|c|âdingbat|:]
|
|switch|p2a: Crobat|Crobat, M|201\/353
|switch|p1a: Alakazam|Alakazam-Mega, F|252\/252
|-ability|p1a: Alakazam|Infiltrator|[from] ability: Trace|[of] p2a: Crobat
|
|-heal|p2a: Crobat|223\/353|[from] item: Black Sludge
|turn|35
|c|âdingbat|don't
|c|âdingbat|sub
|c|âdingbat|:]
|
|switch|p2a: Blastoise|Blastoise-Mega, F|115\/313
|move|p1a: Alakazam|Psyshock|p2a: Blastoise
|-damage|p2a: Blastoise|0 fnt
|faint|p2a: Blastoise
|
|
|switch|p2a: Sableye|Sableye, M|303\/304
|turn|36
|
|switch|p1a: Florges|Florges, F|268\/360
|move|p2a: Sableye|Will-O-Wisp|p1a: Florges
|-status|p1a: Florges|brn
|
|-heal|p2a: Sableye|304\/304|[from] item: Leftovers
|-damage|p1a: Florges|223\/360 brn|[from] brn
|turn|37
|
|move|p2a: Sableye|Taunt|p1a: Florges
|-start|p1a: Florges|move: Taunt
|move|p1a: Florges|Moonblast|p2a: Sableye
|-supereffective|p2a: Sableye
|-damage|p2a: Sableye|82\/304
|
|-heal|p2a: Sableye|101\/304|[from] item: Leftovers
|-damage|p1a: Florges|178\/360 brn|[from] brn
|turn|38
|
|switch|p2a: Crobat|Crobat, M|223\/353
|move|p1a: Florges|Moonblast|p2a: Crobat
|-resisted|p2a: Crobat
|-damage|p2a: Crobat|150\/353
|-unboost|p2a: Crobat|spa|1
|
|-heal|p2a: Crobat|172\/353|[from] item: Black Sludge
|-damage|p1a: Florges|133\/360 brn|[from] brn
|turn|39
|
|move|p2a: Crobat|Roost|p2a: Crobat
|-heal|p2a: Crobat|349\/353
|move|p1a: Florges|Moonblast|p2a: Crobat
|-resisted|p2a: Crobat
|-damage|p2a: Crobat|274\/353
|
|-heal|p2a: Crobat|296\/353|[from] item: Black Sludge
|-damage|p1a: Florges|88\/360 brn|[from] brn
|-end|p1a: Florges|move: Taunt
|turn|40
|join|Paradoxyz
|
|move|p2a: Crobat|Brave Bird|p1a: Florges
|-damage|p1a: Florges|0 fnt
|-damage|p2a: Crobat|267\/353|[from] recoil|[of] p1a: Florges
|faint|p1a: Florges
|
|-heal|p2a: Crobat|289\/353|[from] item: Black Sludge
|
|switch|p1a: Alakazam|Alakazam-Mega, F|252\/252
|-ability|p1a: Alakazam|Infiltrator|[from] ability: Trace|[of] p2a: Crobat
|turn|41
|
|move|p1a: Alakazam|Psyshock|p2a: Crobat
|-supereffective|p2a: Crobat
|-damage|p2a: Crobat|0 fnt
|faint|p2a: Crobat
|
|c|âKing UU|Damn
|c|âKing UU|lol
|
|switch|p2a: Chandelure|Chandelure, M|133\/261
|turn|42
|
|move|p1a: Alakazam|Shadow Ball|p2a: Chandelure
|-supereffective|p2a: Chandelure
|-damage|p2a: Chandelure|0 fnt
|faint|p2a: Chandelure
|
|
|switch|p2a: Sableye|Sableye, M|101\/304
|turn|43
|c|âdingbat|nice n clean :]
|
|move|p2a: Sableye|Recover|p2a: Sableye
|-heal|p2a: Sableye|253\/304
|move|p1a: Alakazam|Dazzling Gleam|p2a: Sableye
|-supereffective|p2a: Sableye
|-damage|p2a: Sableye|15\/304
|
|-heal|p2a: Sableye|34\/304|[from] item: Leftovers
|turn|44
|
|move|p2a: Sableye|Will-O-Wisp|p1a: Alakazam
|-status|p1a: Alakazam|brn
|move|p1a: Alakazam|Dazzling Gleam|p2a: Sableye
|-supereffective|p2a: Sableye
|-damage|p2a: Sableye|0 fnt
|faint|p2a: Sableye
|
|-damage|p1a: Alakazam|221\/252 brn|[from] brn
|
|switch|p2a: Krookodile|Krookodile, M|132\/331
|turn|45
|
|move|p1a: Alakazam|Dazzling Gleam|p2a: Krookodile
|-supereffective|p2a: Krookodile
|-damage|p2a: Krookodile|0 fnt
|faint|p2a: Krookodile
|
|win|dingbat
|c|âKing UU|gg
|c|âdingbat|geegs
|leave|Tipsy Russian
|leave|King UU
|player|p2
|leave|ayo sb