|join|dudman
|join|dingbat
|player|p1|dudman|171
|player|p2|dingbat|3
|gametype|singles
|gen|6
|tier|UU
|rule|Sleep Clause Mod: Limit one foe put to sleep
|rule|Species Clause: Limit one of each PokÃ©mon
|rule|OHKO Clause: OHKO moves are banned
|rule|Moody Clause: Moody is banned
|rule|Evasion Moves Clause: Evasion moves are banned
|rule|Endless Battle Clause: Forcing endless battles is banned
|rule|HP Percentage Mod: HP is shown in percentages
|clearpoke
|poke|p1|Jirachi, shiny
|poke|p1|Nidoqueen, F
|poke|p1|Dugtrio, F
|poke|p1|Aerodactyl, M
|poke|p1|Lucario, F
|poke|p1|Infernape, F
|poke|p2|Infernape, M
|poke|p2|Haxorus, M
|poke|p2|Sableye, M
|poke|p2|Aerodactyl, F
|poke|p2|Florges, F
|poke|p2|Forretress, M
|rule|Swagger Clause: Swagger is banned
|rule|Baton Pass Clause: Limit one PokÃ©mon knowing Baton Pass
|teampreview
|chat|dudman|o no
|join|pkmn21
|chat|dingbat|o.O
|chat|dudman|wonder what kind of aero thta is
|
|start
|switch|p1a: Infernape|Infernape, F|293\/293
|switch|p2a: Aerodactyl|Aerodactyl, F|302\/302
|-ability|p2a: Aerodactyl|Pressure
|turn|1
|chat|dudman|mmmmmhm
|
|detailschange|p2a: Aerodactyl|Aerodactyl-Mega, F
|message|Aerodactyl has Mega Evolved into Mega Aerodactyl!
|move|p2a: Aerodactyl|Stealth Rock|p1a: Infernape
|-sidestart|p1: dudman|move: Stealth Rock
|move|p1a: Infernape|Stealth Rock|p2a: Aerodactyl
|-sidestart|p2: dingbat|move: Stealth Rock
|
|turn|2
|chat|dingbat|:]
|chat|dudman|[:
|
|move|p2a: Aerodactyl|Aerial Ace|p1a: Infernape
|-supereffective|p1a: Infernape
|-enditem|p1a: Infernape|Focus Sash
|-damage|p1a: Infernape|1\/293
|move|p1a: Infernape|Endeavor|p2a: Aerodactyl
|-damage|p2a: Aerodactyl|1\/302
|
|turn|3
|chat|dudman|ayy
|chat|dingbat|fk
|chat|dingbat|u
|chat|dingbat|:[
|chat|dudman|kek
|
|switch|p2a: Sableye|Sableye, M|304\/304
|-damage|p2a: Sableye|266\/304|[from] Stealth Rock
|move|p1a: Infernape|Mach Punch|p2a: Sableye
|-immune|p2a: Sableye|[msg]
|
|-heal|p2a: Sableye|285\/304|[from] item: Leftovers
|turn|4
|
|move|p1a: Infernape|Taunt|p2a: Sableye
|-start|p2a: Sableye|move: Taunt
|move|p2a: Sableye|Knock Off|p1a: Infernape
|-resisted|p1a: Infernape
|-damage|p1a: Infernape|0 fnt
|faint|p1a: Infernape
|
|-heal|p2a: Sableye|304\/304|[from] item: Leftovers
|
|switch|p1a: Lucario|Lucario, F|281\/281
|-damage|p1a: Lucario|273\/281|[from] Stealth Rock
|turn|5
|chat|dudman|lgi
|join|Shit User
|
|switch|p2a: Forretress|Forretress, M|354\/354
|-damage|p2a: Forretress|310\/354|[from] Stealth Rock
|move|p1a: Lucario|Swords Dance|p1a: Lucario
|-boost|p1a: Lucario|atk|2
|
|-heal|p2a: Forretress|332\/354|[from] item: Leftovers
|turn|6
|chat|Shit User|nice
|chat|Shit User|sending in counters
|
|switch|p2a: Sableye|Sableye, M|304\/304
|-damage|p2a: Sableye|266\/304|[from] Stealth Rock
|move|p1a: Lucario|Swords Dance|p1a: Lucario
|-boost|p1a: Lucario|atk|2
|
|-heal|p2a: Sableye|285\/304|[from] item: Leftovers
|turn|7
|join|Lavi04
|chat|dingbat|pls
|chat|dingbat|have bullet punch
|chat|dingbat|:[
|chat|dudman|ok
|
|move|p1a: Lucario|Bullet Punch|p2a: Sableye
|-damage|p2a: Sableye|0 fnt
|-damage|p1a: Lucario|245\/281|[from] item: Life Orb
|faint|p2a: Sableye
|
|
|switch|p2a: Haxorus|Haxorus, M|294\/294
|-damage|p2a: Haxorus|258\/294|[from] Stealth Rock
|-ability|p2a: Haxorus|Mold Breaker
|turn|8
|chat|dudman|lol
|
|move|p1a: Lucario|Extreme Speed|p2a: Haxorus
|-damage|p2a: Haxorus|0 fnt
|-damage|p1a: Lucario|217\/281|[from] item: Life Orb
|faint|p2a: Haxorus
|
|chat|Shit User|mfw dingbat is a good player
|join|sniperaim
|chat|dingbat|bopped :[
|chat|Shit User|wtf
|chat|dudman|:[
|
|switch|p2a: Forretress|Forretress, M|332\/354
|-damage|p2a: Forretress|288\/354|[from] Stealth Rock
|turn|9
|chat|Shit User|why bring forrey in on luc
|chat|Shit User|who does that
|chat|dudman|he had no other option lol
|chat|dudman|besides maybe sacking aero
|
|move|p1a: Lucario|Close Combat|p2a: Forretress
|-damage|p2a: Forretress|0 fnt
|-unboost|p1a: Lucario|def|1
|-unboost|p1a: Lucario|spd|1
|-damage|p1a: Lucario|189\/281|[from] item: Life Orb
|faint|p2a: Forretress
|
|chat|Shit User|tbh bp is rare
|
|switch|p2a: Aerodactyl|Aerodactyl-Mega, F|1\/302
|-damage|p2a: Aerodactyl|0 fnt|[from] Stealth Rock
|faint|p2a: Aerodactyl
|chat|Shit User|so go into florg
|
|switch|p2a: Infernape|Infernape, M|293\/293
|-damage|p2a: Infernape|257\/293|[from] Stealth Rock
|turn|10
|chat|Shit User|:^)
|chat|dudman|banded fake out imo
|
|move|p1a: Lucario|Extreme Speed|p2a: Infernape
|-damage|p2a: Infernape|0 fnt
|-damage|p1a: Lucario|161\/281|[from] item: Life Orb
|faint|p2a: Infernape
|
|
|switch|p2a: Florges|Florges, F|360\/360
|-damage|p2a: Florges|315\/360|[from] Stealth Rock
|turn|11
|
|move|p1a: Lucario|Close Combat|p2a: Florges
|-resisted|p2a: Florges
|-damage|p2a: Florges|0 fnt
|-unboost|p1a: Lucario|def|1
|-unboost|p1a: Lucario|spd|1
|-damage|p1a: Lucario|133\/281|[from] item: Life Orb
|faint|p2a: Florges
|
|win|dudman
|chat|dingbat|banded fake out
|chat|dingbat|is real
|chat|dudman|gg fren
|chat|dingbat|:]
|chat|dudman|[:
|chat|dingbat|gg
|chat|Shit User|mfw ban lucario
|chat|Shit User|its such a nerd
|join|CoolStoryBrobat