|join|dingbat
|join|Sweep
|player|p1|dingbat|3
|player|p2|Sweep|1
|gametype|singles
|gen|6
|tier|UU
|rated
|rule|Sleep Clause Mod: Limit one foe put to sleep
|rule|Species Clause: Limit one of each PokÃ©mon
|rule|OHKO Clause: OHKO moves are banned
|rule|Moody Clause: Moody is banned
|rule|Evasion Moves Clause: Evasion moves are banned
|rule|Endless Battle Clause: Forcing endless battles is banned
|rule|HP Percentage Mod: HP is shown in percentages
|clearpoke
|poke|p1|Aggron, M
|poke|p1|Vaporeon, F
|poke|p1|Krookodile, F
|poke|p1|Volcarona, F
|poke|p1|Whimsicott, M
|poke|p1|Crobat, F
|poke|p2|Yanmega, M
|poke|p2|Krookodile, M
|poke|p2|Blastoise, F
|poke|p2|Azelf
|poke|p2|Machamp, F
|poke|p2|Entei, shiny
|rule|Swagger Clause: Swagger is banned
|rule|Baton Pass Clause: Limit one PokÃ©mon knowing Baton Pass
|teampreview
|c|âdingbat|hai
|c|âSweep|hello
|
|start
|switch|p1a: Whimsicott|Whimsicott, M|261\/261
|switch|p2a: Azelf|Azelf|291\/291
|turn|1
|
|move|p1a: Whimsicott|U-turn|p2a: Azelf
|-supereffective|p2a: Azelf
|-damage|p2a: Azelf|191\/291
|
|switch|p1a: Crobat|Crobat, F|311\/311
|move|p2a: Azelf|Zen Headbutt|p1a: Crobat
|-supereffective|p1a: Crobat
|-damage|p1a: Crobat|0 fnt
|faint|p1a: Crobat
|
|c|âdingbat|ow.
|
|switch|p1a: Whimsicott|Whimsicott, M|261\/261
|turn|2
|
|switch|p2a: Entei|Entei, shiny|371\/371
|-ability|p2a: Entei|Pressure
|move|p1a: Whimsicott|Moonblast|p2a: Entei
|-resisted|p2a: Entei
|-damage|p2a: Entei|263\/371
|-unboost|p2a: Entei|spa|1
|
|turn|3
|
|switch|p1a: Vaporeon|Vaporeon, F|444\/444
|switch|p2a: Azelf|Azelf|191\/291
|
|turn|4
|
|move|p2a: Azelf|Stealth Rock|p1a: Vaporeon
|-sidestart|p1: dingbat|move: Stealth Rock
|move|p1a: Vaporeon|Baton Pass|p1a: Vaporeon
|
|switch|p1a: Whimsicott|Whimsicott, M|261\/261
|-damage|p1a: Whimsicott|229\/261|[from] Stealth Rock
|
|turn|5
|
|switch|p2a: Entei|Entei, shiny|263\/371
|-ability|p2a: Entei|Pressure
|move|p1a: Whimsicott|U-turn|p2a: Entei
|-resisted|p2a: Entei
|-damage|p2a: Entei|243\/371
|
|switch|p1a: Krookodile|Krookodile, F|331\/331
|-damage|p1a: Krookodile|311\/331|[from] Stealth Rock
|-ability|p1a: Krookodile|Intimidate|[of] p2a: Entei
|-unboost|p2a: Entei|atk|1
|
|turn|6
|
|move|p1a: Krookodile|Knock Off|p2a: Entei
|-damage|p2a: Entei|0 fnt
|-enditem|p2a: Entei|Charcoal|[from] move: Knock Off|[of] p1a: Krookodile
|faint|p2a: Entei
|
|
|switch|p2a: Machamp|Machamp, F|375\/375
|turn|7
|
|switch|p1a: Volcarona|Volcarona, F|312\/312
|-damage|p1a: Volcarona|156\/312|[from] Stealth Rock
|move|p2a: Machamp|Ice Punch|p1a: Volcarona
|-resisted|p1a: Volcarona
|-damage|p1a: Volcarona|90\/312
|
|turn|8
|c|âdingbat|o.O
|
|move|p1a: Volcarona|Fire Blast|p2a: Machamp
|-damage|p2a: Machamp|224\/375
|move|p2a: Machamp|Stone Edge|p1a: Volcarona
|-supereffective|p1a: Volcarona
|-damage|p1a: Volcarona|0 fnt
|faint|p1a: Volcarona
|
|
|switch|p1a: Krookodile|Krookodile, F|311\/331
|-damage|p1a: Krookodile|291\/331|[from] Stealth Rock
|-ability|p1a: Krookodile|Intimidate|[of] p2a: Machamp
|-unboost|p2a: Machamp|atk|1
|turn|9
|
|switch|p1a: Whimsicott|Whimsicott, M|229\/261
|-damage|p1a: Whimsicott|197\/261|[from] Stealth Rock
|switch|p2a: Azelf|Azelf|191\/291
|
|turn|10
|
|move|p1a: Whimsicott|Moonblast|p2a: Azelf
|-damage|p2a: Azelf|0 fnt
|faint|p2a: Azelf
|
|
|switch|p2a: Blastoise|Blastoise, F|331\/331
|turn|11
|
|switch|p1a: Vaporeon|Vaporeon, F|444\/444
|-damage|p1a: Vaporeon|389\/444|[from] Stealth Rock
|detailschange|p2a: Blastoise|Blastoise-Mega, F
|message|Blastoise has Mega Evolved into Mega Blastoise!
|move|p2a: Blastoise|Dragon Pulse|p1a: Vaporeon
|-damage|p1a: Vaporeon|215\/444
|
|-heal|p1a: Vaporeon|242\/444|[from] item: Leftovers
|turn|12
|
|move|p2a: Blastoise|Dragon Pulse|p1a: Vaporeon
|-damage|p1a: Vaporeon|72\/444
|move|p1a: Vaporeon|Wish|p1a: Vaporeon
|
|-heal|p1a: Vaporeon|99\/444|[from] item: Leftovers
|turn|13
|
|switch|p2a: Machamp|Machamp, F|224\/375
|move|p1a: Vaporeon|Protect|p1a: Vaporeon
|-fail|p1a: Vaporeon
|
|-heal|p1a: Vaporeon|321\/444|[from] move: Wish|[wisher] Vaporeon
|-heal|p1a: Vaporeon|348\/444|[from] item: Leftovers
|turn|14
|
|move|p1a: Vaporeon|Protect|p1a: Vaporeon
|-singleturn|p1a: Vaporeon|Protect
|move|p2a: Machamp|Dynamic Punch|p1a: Vaporeon
|-activate|p1a: Vaporeon|Protect
|
|-heal|p1a: Vaporeon|375\/444|[from] item: Leftovers
|turn|15
|
|move|p1a: Vaporeon|Wish|p1a: Vaporeon
|move|p2a: Machamp|Dynamic Punch|p1a: Vaporeon
|-damage|p1a: Vaporeon|180\/444
|-start|p1a: Vaporeon|confusion
|
|-heal|p1a: Vaporeon|207\/444|[from] item: Leftovers
|turn|16
|c|âdingbat|vappy is fast o.O
|
|-activate|p1a: Vaporeon|confusion
|move|p1a: Vaporeon|Scald|p2a: Machamp
|-damage|p2a: Machamp|145\/375
|-status|p2a: Machamp|brn
|move|p2a: Machamp|Dynamic Punch|p1a: Vaporeon
|-damage|p1a: Vaporeon|114\/444
|
|-heal|p1a: Vaporeon|336\/444|[from] move: Wish|[wisher] Vaporeon
|-heal|p1a: Vaporeon|363\/444|[from] item: Leftovers
|-damage|p2a: Machamp|99\/375 brn|[from] brn
|turn|17
|c|âSweep|n i just don't know what speed creep is
|
|-activate|p1a: Vaporeon|confusion
|-damage|p1a: Vaporeon|347\/444|[from] confusion
|move|p2a: Machamp|Knock Off|p1a: Vaporeon
|-damage|p1a: Vaporeon|285\/444
|-enditem|p1a: Vaporeon|Leftovers|[from] move: Knock Off|[of] p2a: Machamp
|
|-damage|p2a: Machamp|53\/375 brn|[from] brn
|turn|18
|c|âdingbat|:p
|
|-end|p1a: Vaporeon|confusion
|move|p1a: Vaporeon|Wish|p1a: Vaporeon
|move|p2a: Machamp|Dynamic Punch|p1a: Vaporeon
|-damage|p1a: Vaporeon|188\/444
|-start|p1a: Vaporeon|confusion
|
|-damage|p2a: Machamp|7\/375 brn|[from] brn
|turn|19
|c|âdingbat|i actually have
|c|âdingbat|30 speed IV
|c|âdingbat|so i can baton pass off other vaps\/umbs
|c|âSweep|yeah
|
|-activate|p1a: Vaporeon|confusion
|-damage|p1a: Vaporeon|172\/444|[from] confusion
|move|p2a: Machamp|Dynamic Punch|p1a: Vaporeon
|-damage|p1a: Vaporeon|75\/444
|
|-heal|p1a: Vaporeon|297\/444|[from] move: Wish|[wisher] Vaporeon
|-damage|p2a: Machamp|0 fnt|[from] brn
|faint|p2a: Machamp
|c|âSweep|not surprising :o
|
|switch|p2a: Krookodile|Krookodile, M|331\/331
|-ability|p2a: Krookodile|Intimidate|[of] p1a: Vaporeon
|-unboost|p1a: Vaporeon|atk|1
|turn|20
|
|switch|p1a: Krookodile|Krookodile, F|291\/331
|-damage|p1a: Krookodile|271\/331|[from] Stealth Rock
|-ability|p1a: Krookodile|Intimidate|[of] p2a: Krookodile
|-unboost|p2a: Krookodile|atk|1
|move|p2a: Krookodile|Earthquake|p1a: Krookodile
|-damage|p1a: Krookodile|64\/331
|
|turn|21
|
|move|p2a: Krookodile|Earthquake|p1a: Krookodile
|-damage|p1a: Krookodile|0 fnt
|faint|p1a: Krookodile
|
|
|switch|p1a: Whimsicott|Whimsicott, M|197\/261
|-damage|p1a: Whimsicott|165\/261|[from] Stealth Rock
|turn|22
|
|switch|p2a: Yanmega|Yanmega, M|313\/313
|move|p1a: Whimsicott|Moonblast|p2a: Yanmega
|-damage|p2a: Yanmega|33\/313
|
|turn|23
|
|switch|p1a: Aggron|Aggron, M|344\/344
|-damage|p1a: Aggron|323\/344|[from] Stealth Rock
|move|p2a: Yanmega|Protect|p2a: Yanmega
|-fail|p2a: Yanmega
|
|-boost|p2a: Yanmega|spe|1|[from] ability: Speed Boost
|turn|24
|
|detailschange|p1a: Aggron|Aggron-Mega, M
|message|Aggron has Mega Evolved into Mega Aggron!
|move|p2a: Yanmega|Bug Buzz|p1a: Aggron
|-crit|p1a: Aggron
|-resisted|p1a: Aggron
|-damage|p1a: Aggron|183\/344
|-damage|p2a: Yanmega|2\/313|[from] item: Life Orb
|move|p1a: Aggron|Heavy Slam|p2a: Yanmega
|-damage|p2a: Yanmega|0 fnt
|faint|p2a: Yanmega
|
|
|switch|p2a: Blastoise|Blastoise-Mega, F|331\/331
|turn|25
|
|move|p2a: Blastoise|Hydro Pump|p1a: Aggron
|-damage|p1a: Aggron|0 fnt
|faint|p1a: Aggron
|
|
|switch|p1a: Vaporeon|Vaporeon, F|297\/444
|-damage|p1a: Vaporeon|242\/444|[from] Stealth Rock
|turn|26
|
|move|p2a: Blastoise|Dragon Pulse|p1a: Vaporeon
|-damage|p1a: Vaporeon|88\/444
|move|p1a: Vaporeon|Wish|p1a: Vaporeon
|
|turn|27
|
|switch|p2a: Krookodile|Krookodile, M|331\/331
|-ability|p2a: Krookodile|Intimidate|[of] p1a: Vaporeon
|-unboost|p1a: Vaporeon|atk|1
|move|p1a: Vaporeon|Protect|p1a: Vaporeon
|-fail|p1a: Vaporeon
|
|-heal|p1a: Vaporeon|310\/444|[from] move: Wish|[wisher] Vaporeon
|turn|28
|c|âdingbat|i don't even know how much
|c|âdingbat|energy ball does
|c|âdingbat|zzz
|join|gamerguy1123
|c|âSweep|i'm much too lazy to calc!
|
|move|p2a: Krookodile|Earthquake|p1a: Vaporeon
|-damage|p1a: Vaporeon|49\/444
|move|p1a: Vaporeon|Baton Pass|p1a: Vaporeon
|
|switch|p1a: Whimsicott|Whimsicott, M|165\/261
|-damage|p1a: Whimsicott|133\/261|[from] Stealth Rock
|
|turn|29
|c|âdingbat|rip based fish
|
|move|p1a: Whimsicott|Energy Ball|p2a: Krookodile
|-supereffective|p2a: Krookodile
|-damage|p2a: Krookodile|0 fnt
|faint|p2a: Krookodile
|
|
|switch|p2a: Blastoise|Blastoise-Mega, F|331\/331
|turn|30
|c|âSweep|ok
|c|âSweep|i admittedly
|c|âSweep|run considerable speed
|c|âSweep|THIS is bothered to creep
|c|âSweep|*I
|c|âdingbat|lololol
|c|âSweep|how fortunate for me
|c| gamerguy1123|does enegry ball kill?
|c|âdingbat|gotta rek speedy machamps
|c|âdingbat|i doubt it kills
|
|move|p1a: Whimsicott|Energy Ball|p2a: Blastoise
|-supereffective|p2a: Blastoise
|-damage|p2a: Blastoise|41\/331
|move|p2a: Blastoise|Ice Beam|p1a: Whimsicott
|-supereffective|p1a: Whimsicott
|-damage|p1a: Whimsicott|0 fnt
|faint|p1a: Whimsicott
|
|c|âSweep|neither of us know
|c| gamerguy1123|Holy shit
|c|âSweep|close
|c|âdingbat|geegs
|c|âSweep|gg
|
|switch|p1a: Vaporeon|Vaporeon, F|49\/444
|-damage|p1a: Vaporeon|0 fnt|[from] Stealth Rock
|faint|p1a: Vaporeon
|
|win|Sweep
|raw|Ladder updating...
|c| gamerguy1123|awwww