|join|Century Express
|join|dingbat
|player|p1|Century Express|145
|player|p2|dingbat|3
|gametype|singles
|gen|6
|tier|UU
|rated
|rule|Sleep Clause Mod: Limit one foe put to sleep
|rule|Species Clause: Limit one of each PokÃ©mon
|rule|OHKO Clause: OHKO moves are banned
|rule|Moody Clause: Moody is banned
|rule|Evasion Moves Clause: Evasion moves are banned
|rule|Endless Battle Clause: Forcing endless battles is banned
|rule|HP Percentage Mod: HP is shown in percentages
|clearpoke
|poke|p1|Aggron, M
|poke|p1|Aromatisse, F
|poke|p1|Crobat, M
|poke|p1|Infernape, M
|poke|p1|Swampert, M
|poke|p1|Shaymin
|poke|p2|Krookodile, M
|poke|p2|Whimsicott, F
|poke|p2|Gallade, M
|poke|p2|Gligar, M
|poke|p2|Infernape, F
|poke|p2|Alakazam, F
|rule|Swagger Clause: Swagger is banned
|rule|Baton Pass Clause: Limit one PokÃ©mon knowing Baton Pass
|teampreview
|c|âdingbat|hai
|c|âCentury Express|oh, hi
|c|âCentury Express|hf
|
|start
|switch|p1a: Capt. Barrelman|Aggron, M|281\/281
|switch|p2a: Infernape|Infernape, F|293\/293
|turn|1
|c|âdingbat|i'm rusty
|c|âdingbat|:]
|c|âCentury Express|:x
|c|âCentury Express|I'm building again yesterday
|
|switch|p1a: Garnet|Aromatisse, F|405\/405
|move|p2a: Infernape|Taunt|p1a: Garnet
|-start|p1a: Garnet|move: Taunt
|
|turn|2
|c|âdingbat|not even
|c|âCentury Express|oh, i forgot Aroma Veil
|c|âdingbat|the taunt immune
|c|âdingbat|ability
|c|âdingbat|:s
|
|move|p2a: Infernape|Stealth Rock|p1a: Garnet
|-sidestart|p1: Century Express|move: Stealth Rock
|move|p1a: Garnet|Moonblast|p2a: Infernape
|-crit|p2a: Infernape
|-damage|p2a: Infernape|58\/293
|
|turn|3
|c|âdingbat|o.k
|
|move|p2a: Infernape|Endeavor|p1a: Garnet
|-damage|p1a: Garnet|58\/405
|move|p1a: Garnet|Moonblast|p2a: Infernape
|-crit|p2a: Infernape
|-damage|p2a: Infernape|0 fnt
|faint|p2a: Infernape
|
|-heal|p1a: Garnet|83\/405|[from] item: Leftovers
|
|switch|p2a: Alakazam|Alakazam, F|252\/252
|turn|4
|
|switch|p1a: Swampodin|Swampert, M|401\/401
|-damage|p1a: Swampodin|376\/401|[from] Stealth Rock
|move|p2a: Alakazam|Psyshock|p1a: Swampodin
|-damage|p1a: Swampodin|265\/401
|
|-heal|p1a: Swampodin|290\/401|[from] item: Leftovers
|turn|5
|
|switch|p2a: Whimsicott|Whimsicott, F|324\/324
|move|p1a: Swampodin|Stealth Rock|p2a: Whimsicott
|-sidestart|p2: dingbat|move: Stealth Rock
|
|-heal|p1a: Swampodin|315\/401|[from] item: Leftovers
|turn|6
|
|move|p1a: Swampodin|Protect|p1a: Swampodin
|-singleturn|p1a: Swampodin|Protect
|move|p2a: Whimsicott|Stun Spore|p1a: Swampodin
|-activate|p1a: Swampodin|Protect
|
|-heal|p1a: Swampodin|340\/401|[from] item: Leftovers
|turn|7
|
|switch|p1a: Rose of May|Shaymin|349\/349
|-damage|p1a: Rose of May|306\/349|[from] Stealth Rock
|move|p2a: Whimsicott|U-turn|p1a: Rose of May
|-supereffective|p1a: Rose of May
|-damage|p1a: Rose of May|230\/349
|c|âdingbat|muh shaymin checks
|c|âdingbat|:x
|
|switch|p2a: Gligar|Gligar, M|334\/334
|-damage|p2a: Gligar|293\/334|[from] Stealth Rock
|
|turn|8
|
|move|p1a: Rose of May|Seed Flare|p2a: Gligar
|-damage|p2a: Gligar|81\/334
|-unboost|p2a: Gligar|spd|2
|-damage|p1a: Rose of May|196\/349|[from] item: Life Orb
|move|p2a: Gligar|U-turn|p1a: Rose of May
|-supereffective|p1a: Rose of May
|-damage|p1a: Rose of May|114\/349
|
|switch|p2a: Alakazam|Alakazam, F|252\/252
|
|turn|9
|
|move|p2a: Alakazam|Calm Mind|p2a: Alakazam
|-boost|p2a: Alakazam|spa|1
|-boost|p2a: Alakazam|spd|1
|move|p1a: Rose of May|Seed Flare|p2a: Alakazam
|-damage|p2a: Alakazam|103\/252
|-damage|p1a: Rose of May|80\/349|[from] item: Life Orb
|
|turn|10
|c|âdingbat|oh lol
|
|move|p2a: Alakazam|Psyshock|p1a: Rose of May
|-damage|p1a: Rose of May|0 fnt
|faint|p1a: Rose of May
|
|
|switch|p1a: Purple Haze|Crobat, M|325\/325
|-damage|p1a: Purple Haze|244\/325|[from] Stealth Rock
|turn|11
|
|move|p1a: Purple Haze|Acrobatics|p2a: Alakazam
|-damage|p2a: Alakazam|0 fnt
|faint|p2a: Alakazam
|
|
|switch|p2a: Krookodile|Krookodile, M|331\/331
|-damage|p2a: Krookodile|311\/331|[from] Stealth Rock
|-ability|p2a: Krookodile|Intimidate|[of] p1a: Purple Haze
|-unboost|p1a: Purple Haze|atk|1
|turn|12
|c|âdingbat|acrobat
|c|âdingbat|is cool bat :]
|
|move|p1a: Purple Haze|Roost|p1a: Purple Haze
|-heal|p1a: Purple Haze|325\/325
|move|p2a: Krookodile|Stone Edge|p1a: Purple Haze
|-damage|p1a: Purple Haze|119\/325
|
|turn|13
|c|âdingbat|oh damn
|c|âdingbat|stronk
|
|switch|p1a: Capt. Barrelman|Aggron, M|281\/281
|-damage|p1a: Capt. Barrelman|264\/281|[from] Stealth Rock
|switch|p2a: Gligar|Gligar, M|81\/334
|-damage|p2a: Gligar|40\/334|[from] Stealth Rock
|
|turn|14
|c|âCentury Express|the damage of this Krook is cruel x_x
|c|âdingbat|oh wow
|c|âdingbat|i don't even have
|c|âdingbat|roost
|c|âdingbat|zzzzzzzzzzzzzzzzzzzzzzzzzzzzzzzzzzzzzzzzzzzzzzzzzzzzzzzzzzzzzzzzzzzzzzzzzzzzzzzzzzzzz
|
|detailschange|p1a: Capt. Barrelman|Aggron-Mega, M
|message|Aggron has Mega Evolved into Mega Aggron!
|move|p2a: Gligar|Earthquake|p1a: Capt. Barrelman
|-supereffective|p1a: Capt. Barrelman
|-damage|p1a: Capt. Barrelman|201\/281
|move|p1a: Capt. Barrelman|Avalanche|p2a: Gligar
|-supereffective|p2a: Gligar
|-damage|p2a: Gligar|0 fnt
|faint|p2a: Gligar
|
|
|switch|p2a: Krookodile|Krookodile, M|311\/331
|-damage|p2a: Krookodile|291\/331|[from] Stealth Rock
|-ability|p2a: Krookodile|Intimidate|[of] p1a: Capt. Barrelman
|-unboost|p1a: Capt. Barrelman|atk|1
|turn|15
|
|switch|p1a: Garnet|Aromatisse, F|83\/405
|-damage|p1a: Garnet|33\/405|[from] Stealth Rock
|move|p2a: Krookodile|Earthquake|p1a: Garnet
|-damage|p1a: Garnet|0 fnt
|faint|p1a: Garnet
|
|
|switch|p1a: Purple Haze|Crobat, M|119\/325
|-damage|p1a: Purple Haze|38\/325|[from] Stealth Rock
|turn|16
|
|move|p1a: Purple Haze|Defog|p2a: Krookodile
|-unboost|p2a: Krookodile|evasion|1
|-sideend|p2: dingbat|Stealth Rock|[from] move: Defog|[of] p2a: Krookodile
|-sideend|p1: Century Express|Stealth Rock|[from] move: Defog|[of] p1a: Purple Haze
|move|p2a: Krookodile|Earthquake|p1a: Purple Haze
|-immune|p1a: Purple Haze|[msg]
|
|turn|17
|c|âdingbat|weko
|c|âdingbat|welp
|c|âdingbat|that was my chance to swith
|c|âdingbat|:s
|
|move|p1a: Purple Haze|Acrobatics|p2a: Krookodile
|-damage|p2a: Krookodile|101\/331
|move|p2a: Krookodile|Earthquake|p1a: Purple Haze
|-immune|p1a: Purple Haze|[msg]
|
|turn|18
|
|move|p1a: Purple Haze|Acrobatics|p2a: Krookodile
|-damage|p2a: Krookodile|0 fnt
|faint|p2a: Krookodile
|
|
|switch|p2a: Whimsicott|Whimsicott, F|324\/324
|turn|19
|
|switch|p1a: Capt. Barrelman|Aggron-Mega, M|201\/281
|move|p2a: Whimsicott|Stun Spore|p1a: Capt. Barrelman
|-status|p1a: Capt. Barrelman|par
|
|turn|20
|c|âdingbat|geegs
|
|move|p2a: Whimsicott|Memento|p1a: Capt. Barrelman
|-unboost|p1a: Capt. Barrelman|atk|2
|-unboost|p1a: Capt. Barrelman|spa|2
|faint|p2a: Whimsicott
|move|p1a: Capt. Barrelman|Heavy Slam|p2: Whimsicott|[notarget]
|-notarget
|
|
|switch|p2a: Gallade|Gallade, M|277\/277
|turn|21
|
|switch|p1a: Swampodin|Swampert, M|340\/401
|detailschange|p2a: Gallade|Gallade-Mega, M
|message|Gallade has Mega Evolved into Mega Gallade!
|move|p2a: Gallade|Swords Dance|p2a: Gallade
|-boost|p2a: Gallade|atk|2
|
|-heal|p1a: Swampodin|365\/401|[from] item: Leftovers
|turn|22
|
|move|p2a: Gallade|Zen Headbutt|p1a: Swampodin
|-damage|p1a: Swampodin|80\/401
|move|p1a: Swampodin|Earthquake|p2a: Gallade
|-damage|p2a: Gallade|147\/277
|
|-heal|p1a: Swampodin|105\/401|[from] item: Leftovers
|turn|23
|
|move|p2a: Gallade|Knock Off|p1a: Swampodin
|-damage|p1a: Swampodin|0 fnt
|-enditem|p1a: Swampodin|Leftovers|[from] move: Knock Off|[of] p2a: Gallade
|faint|p1a: Swampodin
|
|
|switch|p1a: Purple Haze|Crobat, M|38\/325
|turn|24
|
|move|p1a: Purple Haze|Acrobatics|p2a: Gallade
|-supereffective|p2a: Gallade
|-damage|p2a: Gallade|0 fnt
|faint|p2a: Gallade
|
|win|Century Express
|raw|Ladder updating...
|raw|Century Express's rating: 1493 &rarr; <strong>1509<\/strong><br \/>(+16 for winning)
|raw|dingbat's rating: 1409 &rarr; <strong>1393<\/strong><br \/>(-16 for losing)
|c|âCentury Express|gg
|leave|dingbat
|player|p2