|join|dingbat
|join|Meruu
|player|p1|dingbat|3
|player|p2|Meruu|174
|gametype|singles
|gen|6
|tier|UU
|rule|Sleep Clause Mod: Limit one foe put to sleep
|rule|Species Clause: Limit one of each PokÃ©mon
|rule|OHKO Clause: OHKO moves are banned
|rule|Moody Clause: Moody is banned
|rule|Evasion Moves Clause: Evasion moves are banned
|rule|Endless Battle Clause: Forcing endless battles is banned
|rule|HP Percentage Mod: HP is shown in percentages
|clearpoke
|poke|p1|Aggron, M
|poke|p1|Vaporeon, M
|poke|p1|Krookodile, M
|poke|p1|Volcarona, M
|poke|p1|Whimsicott, M
|poke|p1|Crobat, F
|poke|p2|Heliolisk, F
|poke|p2|Swampert, F
|poke|p2|Klefki, F
|poke|p2|Kingdra, M
|poke|p2|Togekiss, M
|poke|p2|Donphan, F
|rule|Swagger Clause: Swagger is banned
|rule|Baton Pass Clause: Limit one PokÃ©mon knowing Baton Pass
|teampreview
|c|âdingbat|jingly keyzzzzzzzz
|c|âMeruu|wow
|c|âMeruu|that team
|c|âMeruu|looks
|c|âMeruu|hella
|c|âMeruu|familiar
|c|âMeruu|z
|c|âdingbat|:p
|
|start
|switch|p1a: Krookodile|Krookodile, M|331\/331
|switch|p2a: Donphan|Donphan, F|334\/334
|-ability|p1a: Krookodile|Intimidate|[of] p2a: Donphan
|-unboost|p2a: Donphan|atk|1
|turn|1
|
|switch|p2a: Togekiss|Togekiss, M|374\/374
|move|p1a: Krookodile|Knock Off|p2a: Togekiss
|-resisted|p2a: Togekiss
|-damage|p2a: Togekiss|282\/374
|-enditem|p2a: Togekiss|Leftovers|[from] move: Knock Off|[of] p1a: Krookodile
|
|turn|2
|
|switch|p1a: Aggron|Aggron, M|344\/344
|move|p2a: Togekiss|Baton Pass|p2a: Togekiss
|
|switch|p2a: Swampert|Swampert, F|361\/361
|
|turn|3
|
|switch|p1a: Vaporeon|Vaporeon, M|444\/444
|detailschange|p2a: Swampert|Swampert-Mega, F
|message|Swampert has Mega Evolved into Mega Swampert!
|move|p2a: Swampert|Earthquake|p1a: Vaporeon
|-damage|p1a: Vaporeon|218\/444
|
|-heal|p1a: Vaporeon|245\/444|[from] item: Leftovers
|turn|4
|c|âdingbat|powah!!!!
|
|switch|p2a: Heliolisk|Heliolisk, F|265\/265
|move|p1a: Vaporeon|Wish|p1a: Vaporeon
|
|-heal|p1a: Vaporeon|272\/444|[from] item: Leftovers
|turn|5
|
|switch|p1a: Whimsicott|Whimsicott, M|261\/261
|move|p2a: Heliolisk|Rain Dance|p2a: Heliolisk
|-weather|RainDance
|
|-weather|RainDance|[upkeep]
|turn|6
|
|switch|p2a: Klefki|Klefki, F|318\/318
|move|p1a: Whimsicott|U-turn|p2a: Klefki
|-resisted|p2a: Klefki
|-damage|p2a: Klefki|308\/318
|
|switch|p1a: Krookodile|Krookodile, M|331\/331
|-ability|p1a: Krookodile|Intimidate|[of] p2a: Klefki
|-unboost|p2a: Klefki|atk|1
|
|-weather|RainDance|[upkeep]
|turn|7
|
|switch|p2a: Togekiss|Togekiss, M|282\/374
|move|p1a: Krookodile|Knock Off|p2a: Togekiss
|-resisted|p2a: Togekiss
|-damage|p2a: Togekiss|222\/374
|
|-weather|RainDance|[upkeep]
|turn|8
|
|switch|p1a: Aggron|Aggron, M|344\/344
|move|p2a: Togekiss|Baton Pass|p2a: Togekiss
|c|âMeruu|ugh my roommate keeps TALKING to me
|
|switch|p2a: Swampert|Swampert-Mega, F|361\/361
|
|-weather|RainDance|[upkeep]
|turn|9
|c|âdingbat|l0l
|
|detailschange|p1a: Aggron|Aggron-Mega, M
|message|Aggron has Mega Evolved into Mega Aggron!
|move|p2a: Swampert|Earthquake|p1a: Aggron
|-supereffective|p1a: Aggron
|-damage|p1a: Aggron|209\/344
|move|p1a: Aggron|Stealth Rock|p2a: Swampert
|-sidestart|p2: Meruu|move: Stealth Rock
|
|-weather|none
|turn|10
|
|switch|p1a: Whimsicott|Whimsicott, M|261\/261
|move|p2a: Swampert|Ice Punch|p1a: Whimsicott
|-crit|p1a: Whimsicott
|-supereffective|p1a: Whimsicott
|-damage|p1a: Whimsicott|0 fnt
|faint|p1a: Whimsicott
|
|c|âMeruu|n0pe
|c|âdingbat|0w
|
|switch|p1a: Vaporeon|Vaporeon, M|272\/444
|turn|11
|
|switch|p2a: Heliolisk|Heliolisk, F|265\/265
|-damage|p2a: Heliolisk|232\/265|[from] Stealth Rock
|move|p1a: Vaporeon|Baton Pass|p1a: Vaporeon
|
|switch|p1a: Crobat|Crobat, F|311\/311
|
|turn|12
|
|move|p1a: Crobat|U-turn|p2a: Heliolisk
|-damage|p2a: Heliolisk|113\/265
|
|switch|p1a: Krookodile|Krookodile, M|331\/331
|-ability|p1a: Krookodile|Intimidate|[of] p2a: Heliolisk
|-unboost|p2a: Heliolisk|atk|1
|move|p2a: Heliolisk|Hyper Voice|p1a: Krookodile
|-crit|p1a: Krookodile
|-damage|p1a: Krookodile|0 fnt
|-damage|p2a: Heliolisk|87\/265|[from] item: Life Orb
|faint|p1a: Krookodile
|
|c|âdingbat|bop
|
|switch|p1a: Crobat|Crobat, F|311\/311
|turn|13
|
|switch|p2a: Klefki|Klefki, F|308\/318
|-damage|p2a: Klefki|289\/318|[from] Stealth Rock
|move|p1a: Crobat|U-turn|p2a: Klefki
|-crit|p2a: Klefki
|-resisted|p2a: Klefki
|-damage|p2a: Klefki|261\/318
|
|switch|p1a: Volcarona|Volcarona, M|312\/312
|
|turn|14
|
|move|p2a: Klefki|Rain Dance|p2a: Klefki
|-weather|RainDance
|move|p1a: Volcarona|Fire Blast|p2a: Klefki
|-supereffective|p2a: Klefki
|-damage|p2a: Klefki|85\/318
|
|-weather|RainDance|[upkeep]
|turn|15
|
|move|p2a: Klefki|Thunder Wave|p1a: Volcarona
|-status|p1a: Volcarona|par
|-enditem|p1a: Volcarona|Lum Berry|[eat]
|-curestatus|p1a: Volcarona|par
|move|p1a: Volcarona|Hidden Power|p2a: Klefki
|-damage|p2a: Klefki|0 fnt
|faint|p2a: Klefki
|
|-weather|RainDance|[upkeep]
|
|switch|p2a: Swampert|Swampert-Mega, F|361\/361
|-damage|p2a: Swampert|339\/361|[from] Stealth Rock
|turn|16
|c|âMeruu|thx 4
|c|âMeruu|revealing
|c|âMeruu|bop
|c|âdingbat|:p
|
|move|p2a: Swampert|Earthquake|p1a: Volcarona
|-damage|p1a: Volcarona|0 fnt
|faint|p1a: Volcarona
|
|-weather|RainDance|[upkeep]
|
|switch|p1a: Vaporeon|Vaporeon, M|272\/444
|turn|17
|c|âMeruu|lmoa
|c|âdingbat|hella
|
|move|p2a: Swampert|Earthquake|p1a: Vaporeon
|-damage|p1a: Vaporeon|55\/444
|move|p1a: Vaporeon|Wish|p1a: Vaporeon
|
|-weather|RainDance|[upkeep]
|-heal|p1a: Vaporeon|82\/444|[from] item: Leftovers
|turn|18
|c|âdingbat|stronk
|
|switch|p2a: Heliolisk|Heliolisk, F|87\/265
|-damage|p2a: Heliolisk|54\/265|[from] Stealth Rock
|move|p1a: Vaporeon|Protect|p1a: Vaporeon
|-fail|p1a: Vaporeon
|
|-weather|RainDance|[upkeep]
|-heal|p2a: Heliolisk|87\/265|[from] ability: Dry Skin
|-heal|p1a: Vaporeon|304\/444|[from] move: Wish|[wisher] Vaporeon
|-heal|p1a: Vaporeon|331\/444|[from] item: Leftovers
|turn|19
|c|âMeruu|catch this deth
|c|âdingbat|o.k
|
|move|p2a: Heliolisk|Thunder|p1a: Vaporeon
|-supereffective|p1a: Vaporeon
|-damage|p1a: Vaporeon|0 fnt
|-damage|p2a: Heliolisk|61\/265|[from] item: Life Orb
|faint|p1a: Vaporeon
|
|-weather|RainDance|[upkeep]
|-heal|p2a: Heliolisk|94\/265|[from] ability: Dry Skin
|
|switch|p1a: Crobat|Crobat, F|311\/311
|turn|20
|
|move|p1a: Crobat|Brave Bird|p2a: Heliolisk
|-resisted|p2a: Heliolisk
|-damage|p2a: Heliolisk|0 fnt
|-damage|p1a: Crobat|280\/311|[from] recoil|[of] p2a: Heliolisk
|faint|p2a: Heliolisk
|
|-weather|RainDance|[upkeep]
|-heal|p1a: Crobat|299\/311|[from] item: Black Sludge
|
|switch|p2a: Kingdra|Kingdra, M|301\/301
|-damage|p2a: Kingdra|264\/301|[from] Stealth Rock
|turn|21
|c|âdingbat|killdra
|
|switch|p1a: Aggron|Aggron-Mega, M|209\/344
|move|p2a: Kingdra|Scald|p1a: Aggron
|-damage|p1a: Aggron|0 fnt
|faint|p1a: Aggron
|
|-weather|none
|
|switch|p1a: Crobat|Crobat, F|299\/311
|turn|22
|c|âMeruu|specs scald
|c|âMeruu|in the rain
|c|âdingbat|b0p
|c|âMeruu|taking LYVZ
|
|move|p1a: Crobat|Brave Bird|p2a: Kingdra
|-damage|p2a: Kingdra|95\/301
|-damage|p1a: Crobat|243\/311|[from] recoil|[of] p2a: Kingdra
|move|p2a: Kingdra|Scald|p1a: Crobat
|-damage|p1a: Crobat|3\/311
|
|-heal|p1a: Crobat|22\/311|[from] item: Black Sludge
|turn|23
|c|âdingbat|looool
|c|âMeruu|:3
|c|âdingbat|3 hp tho so
|c|âMeruu|gg
|c|âdingbat|not quite :]]]]]]]
|c|âMeruu|those cores are
|c|âMeruu|kinda outdated imo tbh
|c|âdingbat|ye
|
|move|p1a: Crobat|Brave Bird|p2a: Kingdra
|-damage|p2a: Kingdra|0 fnt
|-damage|p1a: Crobat|0 fnt|[from] recoil|[of] p2a: Kingdra
|faint|p2a: Kingdra
|faint|p1a: Crobat
|
|win|Meruu
|c|âMeruu|esp whims
|c|âMeruu|giga drain volc
|c|âdingbat|i haven't made
|c|âMeruu|can be a huge shit
|c|âMeruu|to this team
|c|âMeruu|if it comes in when rain isnt up
|c|âdingbat|a mega lop team yet
|c|âdingbat|i was gonna use a baton pass one l0000l but
|c|âMeruu|i have one
|c|âMeruu|then i got
|c|âdingbat|seems like fake out\/PuP\/strong stabs is the way to go
|c|âMeruu|bopped by mega pert
|c|âMeruu|i almost
|c|âMeruu|wanna try
|c|âMeruu|fake out and quick attack
|c|âMeruu|on the same set
|c|âMeruu|l0l
|join|King UU
|c|âdingbat|lelelelelellelelellelelellelelellelelelelele
|join|adfssv
|c|+King UU|merpoo
|c|+King UU|open up
|c|+King UU|HoF thread
|leave|adfssv
|c|âMeruu|again
|c|âMeruu|z
|c|+King UU|Yes, it's december
|c|+King UU|fucking dork
|c|âMeruu|kk
|c|âMeruu|nice n open
|c|âMeruu|like ur mum's legs,,,
|c|âMeruu|bop
|c|âdingbat|bop
|join|OmegaW
|join|watfor
|leave|watfor
|leave|dingbat
|player|p1
|join|watfor
|leave|watfor