|join|dingbat
|join|diggersby test LoL
|player|p1|dingbat|3
|player|p2|diggersby test LoL|253
|gametype|singles
|gen|6
|tier|UU
|rated
|rule|Sleep Clause Mod: Limit one foe put to sleep
|rule|Species Clause: Limit one of each PokÃ©mon
|rule|OHKO Clause: OHKO moves are banned
|rule|Moody Clause: Moody is banned
|rule|Evasion Moves Clause: Evasion moves are banned
|rule|Endless Battle Clause: Forcing endless battles is banned
|rule|HP Percentage Mod: HP is shown in percentages
|clearpoke
|poke|p1|Diggersby, F
|poke|p1|Sableye, M
|poke|p1|Cobalion
|poke|p1|Vaporeon, F
|poke|p1|Whimsicott, M
|poke|p1|Gligar, M
|poke|p2|Galvantula, M
|poke|p2|Diggersby, M
|poke|p2|Noivern, M
|poke|p2|Forretress, M
|poke|p2|Florges, F
|poke|p2|Jellicent, M
|rule|Swagger Clause: Swagger is banned
|rule|Baton Pass Clause: Limit one PokÃ©mon knowing Baton Pass
|teampreview
|c|âdingbat|LOL
|c|âdingbat|>
|c|âdingbat|LOL
|
|start
|switch|p1a: Whimsicott|Whimsicott, M|261\/261
|switch|p2a: Galvantula|Galvantula, M|282\/282
|turn|1
|c|âdiggersby test LoL|made no adjustmensts for the past like 2 days
|c|âdiggersby test LoL|lol
|
|move|p1a: Whimsicott|Moonblast|p2a: Galvantula
|-damage|p2a: Galvantula|107\/282
|move|p2a: Galvantula|Sticky Web|p1a: Whimsicott
|-sidestart|p1: dingbat|move: Sticky Web
|
|turn|2
|c|âdingbat|me neither lol
|
|switch|p2a: Forretress|Forretress, M|354\/354
|move|p1a: Whimsicott|U-turn|p2a: Forretress
|-resisted|p2a: Forretress
|-damage|p2a: Forretress|343\/354
|
|switch|p1a: Gligar|Gligar, M|334\/334
|
|-heal|p2a: Forretress|354\/354|[from] item: Leftovers
|turn|3
|
|switch|p2a: Noivern|Noivern, M|312\/312
|move|p1a: Gligar|U-turn|p2a: Noivern
|-resisted|p2a: Noivern
|-damage|p2a: Noivern|285\/312
|
|switch|p1a: Sableye|Sableye, M|303\/303
|-activate|p1a: Sableye|move: Sticky Web
|-unboost|p1a: Sableye|spe|1
|
|turn|4
|
|move|p1a: Sableye|Taunt|p2a: Noivern
|-start|p2a: Noivern|move: Taunt
|cant|p2a: Noivern|move: Taunt|Switcheroo
|
|turn|5
|join|yan-too-ultimate
|c|âdingbat|bop
|
|move|p2a: Noivern|Hurricane|p1a: Sableye
|-damage|p1a: Sableye|84\/303
|move|p1a: Sableye|Knock Off|p2a: Noivern
|-damage|p2a: Noivern|177\/312
|-enditem|p2a: Noivern|Choice Specs|[from] move: Knock Off|[of] p1a: Sableye
|
|-heal|p1a: Sableye|102\/303|[from] item: Leftovers
|turn|6
|
|move|p1a: Sableye|Recover|p1a: Sableye
|-heal|p1a: Sableye|254\/303
|move|p2a: Noivern|Hurricane|p1a: Sableye
|-damage|p1a: Sableye|103\/303
|-start|p1a: Sableye|confusion
|
|-heal|p1a: Sableye|121\/303|[from] item: Leftovers
|-end|p2a: Noivern|move: Taunt
|turn|7
|
|switch|p1a: Gligar|Gligar, M|334\/334
|move|p2a: Noivern|Draco Meteor|p1a: Gligar
|-damage|p1a: Gligar|199\/334
|-unboost|p2a: Noivern|spa|2
|
|turn|8
|
|move|p2a: Noivern|Switcheroo|p1a: Gligar
|-activate|p2a: Noivern|move: Trick|[of] p1a: Gligar
|-item|p2a: Noivern|Eviolite|[from] Trick
|move|p1a: Gligar|Defog|p2a: Noivern
|-unboost|p2a: Noivern|evasion|1
|-sideend|p1: dingbat|Sticky Web|[from] move: Defog|[of] p1a: Gligar
|
|turn|9
|
|switch|p2a: Forretress|Forretress, M|354\/354
|move|p1a: Gligar|U-turn|p2a: Forretress
|-resisted|p2a: Forretress
|-damage|p2a: Forretress|340\/354
|
|switch|p1a: Sableye|Sableye, M|121\/303
|
|-heal|p1a: Sableye|139\/303|[from] item: Leftovers
|-heal|p2a: Forretress|354\/354|[from] item: Leftovers
|turn|10
|
|move|p1a: Sableye|Knock Off|p2a: Forretress
|-damage|p2a: Forretress|300\/354
|-enditem|p2a: Forretress|Leftovers|[from] move: Knock Off|[of] p1a: Sableye
|move|p2a: Forretress|Volt Switch|p1a: Sableye
|-damage|p1a: Sableye|101\/303
|
|switch|p2a: Noivern|Noivern, M|177\/312
|
|-heal|p1a: Sableye|119\/303|[from] item: Leftovers
|turn|11
|
|switch|p1a: Gligar|Gligar, M|199\/334
|move|p2a: Noivern|Draco Meteor|p1a: Gligar
|-damage|p1a: Gligar|0 fnt
|-unboost|p2a: Noivern|spa|2
|faint|p1a: Gligar
|
|
|switch|p1a: Whimsicott|Whimsicott, M|261\/261
|turn|12
|
|switch|p2a: Forretress|Forretress, M|300\/354
|move|p1a: Whimsicott|Moonblast|p2a: Forretress
|-resisted|p2a: Forretress
|-damage|p2a: Forretress|224\/354
|-unboost|p2a: Forretress|spa|1
|
|turn|13
|
|move|p1a: Whimsicott|U-turn|p2a: Forretress
|-resisted|p2a: Forretress
|-damage|p2a: Forretress|213\/354
|
|switch|p1a: Sableye|Sableye, M|119\/303
|move|p2a: Forretress|Stealth Rock|p1a: Sableye
|-sidestart|p1: dingbat|move: Stealth Rock
|
|-heal|p1a: Sableye|137\/303|[from] item: Leftovers
|turn|14
|
|move|p1a: Sableye|Will-O-Wisp|p2a: Forretress
|-status|p2a: Forretress|brn
|move|p2a: Forretress|Volt Switch|p1a: Sableye
|-damage|p1a: Sableye|114\/303
|
|switch|p2a: Galvantula|Galvantula, M|107\/282
|
|-heal|p1a: Sableye|132\/303|[from] item: Leftovers
|turn|15
|
|move|p1a: Sableye|Taunt|p2a: Galvantula
|-start|p2a: Galvantula|move: Taunt
|move|p2a: Galvantula|Volt Switch|p1a: Sableye
|-damage|p1a: Sableye|38\/303
|
|switch|p2a: Noivern|Noivern, M|177\/312
|
|-heal|p1a: Sableye|56\/303|[from] item: Leftovers
|turn|16
|
|move|p1a: Sableye|Recover|p1a: Sableye
|-heal|p1a: Sableye|208\/303
|move|p2a: Noivern|Switcheroo|p1a: Sableye
|-activate|p2a: Noivern|move: Trick|[of] p1a: Sableye
|-item|p1a: Sableye|Eviolite|[from] Trick
|-item|p2a: Noivern|Leftovers|[from] Trick
|
|-heal|p2a: Noivern|196\/312|[from] item: Leftovers
|turn|17
|
|switch|p2a: Forretress|Forretress, M|213\/354 brn
|move|p1a: Sableye|Knock Off|p2a: Forretress
|-crit|p2a: Forretress
|-damage|p2a: Forretress|159\/354 brn
|
|-damage|p2a: Forretress|115\/354 brn|[from] brn
|turn|18
|
|move|p1a: Sableye|Taunt|p2a: Forretress
|-start|p2a: Forretress|move: Taunt
|move|p2a: Forretress|Volt Switch|p1a: Sableye
|-damage|p1a: Sableye|173\/303
|
|switch|p2a: Galvantula|Galvantula, M|107\/282
|
|turn|19
|
|move|p1a: Sableye|Taunt|p2a: Galvantula
|-start|p2a: Galvantula|move: Taunt
|move|p2a: Galvantula|Volt Switch|p1a: Sableye
|-damage|p1a: Sableye|82\/303
|
|switch|p2a: Diggersby|Diggersby, M|312\/312
|
|turn|20
|
|move|p1a: Sableye|Will-O-Wisp|p2a: Diggersby
|-status|p2a: Diggersby|brn
|move|p2a: Diggersby|Earthquake|p1a: Sableye
|-damage|p1a: Sableye|0 fnt
|faint|p1a: Sableye
|
|-damage|p2a: Diggersby|273\/312 brn|[from] brn
|
|switch|p1a: Cobalion|Cobalion|323\/323
|-damage|p1a: Cobalion|313\/323|[from] Stealth Rock
|turn|21
|
|switch|p2a: Jellicent|Jellicent, M|404\/404
|move|p1a: Cobalion|Stealth Rock|p2a: Jellicent
|-sidestart|p2: diggersby test LoL|move: Stealth Rock
|
|-heal|p1a: Cobalion|323\/323|[from] item: Leftovers
|turn|22
|
|move|p1a: Cobalion|Volt Switch|p2a: Jellicent
|-supereffective|p2a: Jellicent
|-damage|p2a: Jellicent|302\/404
|
|switch|p1a: Whimsicott|Whimsicott, M|261\/261
|-damage|p1a: Whimsicott|229\/261|[from] Stealth Rock
|move|p2a: Jellicent|Will-O-Wisp|p1a: Whimsicott
|-status|p1a: Whimsicott|brn
|
|-heal|p1a: Whimsicott|245\/261 brn|[from] item: Leftovers
|-heal|p2a: Jellicent|327\/404|[from] item: Leftovers
|-damage|p1a: Whimsicott|213\/261 brn|[from] brn
|turn|23
|
|move|p1a: Whimsicott|Energy Ball|p2a: Jellicent
|-crit|p2a: Jellicent
|-supereffective|p2a: Jellicent
|-damage|p2a: Jellicent|0 fnt
|faint|p2a: Jellicent
|
|-heal|p1a: Whimsicott|229\/261 brn|[from] item: Leftovers
|-damage|p1a: Whimsicott|197\/261 brn|[from] brn
|
|switch|p2a: Florges|Florges, F|360\/360
|-damage|p2a: Florges|315\/360|[from] Stealth Rock
|turn|24
|
|move|p1a: Whimsicott|U-turn|p2a: Florges
|-resisted|p2a: Florges
|-damage|p2a: Florges|307\/360
|
|switch|p1a: Cobalion|Cobalion|323\/323
|-damage|p1a: Cobalion|313\/323|[from] Stealth Rock
|move|p2a: Florges|Aromatherapy|p2a: Florges
|-cureteam|p2a: Florges|[from] move: Aromatherapy
|
|-heal|p1a: Cobalion|323\/323|[from] item: Leftovers
|-heal|p2a: Florges|329\/360|[from] item: Leftovers
|turn|25
|
|move|p1a: Cobalion|Iron Head|p2a: Florges
|-supereffective|p2a: Florges
|-damage|p2a: Florges|113\/360
|move|p2a: Florges|Wish|p2a: Florges
|
|-heal|p2a: Florges|135\/360|[from] item: Leftovers
|turn|26
|
|switch|p2a: Noivern|Noivern, M|196\/312
|-damage|p2a: Noivern|118\/312|[from] Stealth Rock
|move|p1a: Cobalion|Close Combat|p2a: Noivern
|-resisted|p2a: Noivern
|-damage|p2a: Noivern|19\/312
|-unboost|p1a: Cobalion|def|1
|-unboost|p1a: Cobalion|spd|1
|
|-heal|p2a: Noivern|199\/312|[from] move: Wish|[wisher] Florges
|-heal|p2a: Noivern|218\/312|[from] item: Leftovers
|turn|27
|
|switch|p2a: Galvantula|Galvantula, M|107\/282
|-damage|p2a: Galvantula|37\/282|[from] Stealth Rock
|switch|p1a: Vaporeon|Vaporeon, F|464\/464
|-damage|p1a: Vaporeon|406\/464|[from] Stealth Rock
|
|-heal|p1a: Vaporeon|435\/464|[from] item: Leftovers
|turn|28
|
|move|p2a: Galvantula|Sticky Web|p1a: Vaporeon
|-sidestart|p1: dingbat|move: Sticky Web
|move|p1a: Vaporeon|Scald|p2a: Galvantula
|-damage|p2a: Galvantula|0 fnt
|faint|p2a: Galvantula
|
|-heal|p1a: Vaporeon|464\/464|[from] item: Leftovers
|
|switch|p2a: Florges|Florges, F|135\/360
|-damage|p2a: Florges|90\/360|[from] Stealth Rock
|turn|29
|
|move|p2a: Florges|Wish|p2a: Florges
|move|p1a: Vaporeon|Baton Pass|p1a: Vaporeon
|
|switch|p1a: DiggersBOP|Diggersby, F|311\/311
|-activate|p1a: DiggersBOP|move: Sticky Web
|-unboost|p1a: DiggersBOP|spe|1
|-damage|p1a: DiggersBOP|292\/311|[from] Stealth Rock
|
|-heal|p2a: Florges|112\/360|[from] item: Leftovers
|turn|30
|
|move|p2a: Florges|Moonblast|p1a: DiggersBOP
|-damage|p1a: DiggersBOP|126\/311
|-unboost|p1a: DiggersBOP|spa|1
|move|p1a: DiggersBOP|Stone Edge|p2a: Florges|[miss]
|-miss|p1a: DiggersBOP|p2a: Florges
|
|-heal|p2a: Florges|292\/360|[from] move: Wish|[wisher] Florges
|-heal|p2a: Florges|314\/360|[from] item: Leftovers
|turn|31
|
|switch|p1a: Vaporeon|Vaporeon, F|464\/464
|-damage|p1a: Vaporeon|406\/464|[from] Stealth Rock
|-activate|p1a: Vaporeon|move: Sticky Web
|-unboost|p1a: Vaporeon|spe|1
|move|p2a: Florges|Moonblast|p1a: Vaporeon
|-damage|p1a: Vaporeon|286\/464
|
|-heal|p2a: Florges|336\/360|[from] item: Leftovers
|-heal|p1a: Vaporeon|315\/464|[from] item: Leftovers
|turn|32
|
|move|p2a: Florges|Wish|p2a: Florges
|move|p1a: Vaporeon|Scald|p2a: Florges
|-damage|p2a: Florges|270\/360
|-status|p2a: Florges|brn
|
|-heal|p2a: Florges|292\/360 brn|[from] item: Leftovers
|-heal|p1a: Vaporeon|344\/464|[from] item: Leftovers
|-damage|p2a: Florges|247\/360 brn|[from] brn
|turn|33
|
|move|p2a: Florges|Aromatherapy|p2a: Florges
|-cureteam|p2a: Florges|[from] move: Aromatherapy
|move|p1a: Vaporeon|Scald|p2a: Florges
|-damage|p2a: Florges|175\/360
|-status|p2a: Florges|brn
|
|-heal|p2a: Florges|355\/360 brn|[from] move: Wish|[wisher] Florges
|-heal|p2a: Florges|360\/360 brn|[from] item: Leftovers
|-heal|p1a: Vaporeon|373\/464|[from] item: Leftovers
|-damage|p2a: Florges|315\/360 brn|[from] brn
|turn|34
|
|move|p2a: Florges|Aromatherapy|p2a: Florges
|-cureteam|p2a: Florges|[from] move: Aromatherapy
|move|p1a: Vaporeon|Wish|p1a: Vaporeon
|
|-heal|p2a: Florges|337\/360|[from] item: Leftovers
|-heal|p1a: Vaporeon|402\/464|[from] item: Leftovers
|turn|35
|
|move|p2a: Florges|Moonblast|p1a: Vaporeon
|-crit|p1a: Vaporeon
|-damage|p1a: Vaporeon|204\/464
|move|p1a: Vaporeon|Baton Pass|p1a: Vaporeon
|
|switch|p1a: DiggersBOP|Diggersby, F|126\/311
|-activate|p1a: DiggersBOP|move: Sticky Web
|-unboost|p1a: DiggersBOP|spe|1
|-damage|p1a: DiggersBOP|107\/311|[from] Stealth Rock
|
|-heal|p1a: DiggersBOP|311\/311|[from] move: Wish|[wisher] Vaporeon
|-heal|p2a: Florges|359\/360|[from] item: Leftovers
|turn|36
|
|move|p2a: Florges|Moonblast|p1a: DiggersBOP
|-damage|p1a: DiggersBOP|149\/311
|move|p1a: DiggersBOP|Earthquake|p2a: Florges
|-damage|p2a: Florges|100\/360
|-damage|p1a: DiggersBOP|118\/311|[from] item: Life Orb
|
|-heal|p2a: Florges|122\/360|[from] item: Leftovers
|turn|37
|
|move|p2a: Florges|Moonblast|p1a: DiggersBOP
|-damage|p1a: DiggersBOP|0 fnt
|faint|p1a: DiggersBOP
|
|-heal|p2a: Florges|144\/360|[from] item: Leftovers
|
|switch|p1a: Cobalion|Cobalion|323\/323
|-damage|p1a: Cobalion|313\/323|[from] Stealth Rock
|-activate|p1a: Cobalion|move: Sticky Web
|-unboost|p1a: Cobalion|spe|1
|turn|38
|
|move|p1a: Cobalion|Iron Head|p2a: Florges
|-supereffective|p2a: Florges
|-damage|p2a: Florges|0 fnt
|faint|p2a: Florges
|
|-heal|p1a: Cobalion|323\/323|[from] item: Leftovers
|
|switch|p2a: Diggersby|Diggersby, M|273\/312
|-damage|p2a: Diggersby|254\/312|[from] Stealth Rock
|turn|39
|
|switch|p1a: Vaporeon|Vaporeon, F|204\/464
|-activate|p1a: Vaporeon|move: Sticky Web
|-unboost|p1a: Vaporeon|spe|1
|-damage|p1a: Vaporeon|146\/464|[from] Stealth Rock
|move|p2a: Diggersby|Earthquake|p1a: Vaporeon
|-damage|p1a: Vaporeon|0 fnt
|faint|p1a: Vaporeon
|
|
|switch|p1a: Whimsicott|Whimsicott, M|197\/261 brn
|-damage|p1a: Whimsicott|165\/261 brn|[from] Stealth Rock
|-activate|p1a: Whimsicott|move: Sticky Web
|-unboost|p1a: Whimsicott|spe|1
|turn|40
|
|move|p2a: Diggersby|Return|p1a: Whimsicott
|-damage|p1a: Whimsicott|0 fnt
|faint|p1a: Whimsicott
|
|
|switch|p1a: Cobalion|Cobalion|323\/323
|-activate|p1a: Cobalion|move: Sticky Web
|-unboost|p1a: Cobalion|spe|1
|-damage|p1a: Cobalion|313\/323|[from] Stealth Rock
|turn|41
|c|âdingbat|geegs
|
|move|p2a: Diggersby|Earthquake|p1a: Cobalion
|-supereffective|p1a: Cobalion
|-damage|p1a: Cobalion|0 fnt
|faint|p1a: Cobalion
|
|win|diggersby test LoL
|raw|Ladder updating...
|raw|dingbat's rating: 1608 &rarr; <strong>1586<\/strong><br \/>(-22 for losing)
|raw|diggersby test LoL's rating: 1571 &rarr; <strong>1593<\/strong><br \/>(+22 for winning)
|c|âdiggersby test LoL|gg
|leave|dingbat
|player|p1