|join|dingbat
|join|dudman
|player|p1|dingbat|3
|player|p2|dudman|171
|gametype|singles
|gen|6
|tier|UU
|rated
|rule|Sleep Clause Mod: Limit one foe put to sleep
|rule|Species Clause: Limit one of each PokÃ©mon
|rule|OHKO Clause: OHKO moves are banned
|rule|Moody Clause: Moody is banned
|rule|Evasion Moves Clause: Evasion moves are banned
|rule|Endless Battle Clause: Forcing endless battles is banned
|rule|HP Percentage Mod: HP is shown in percentages
|clearpoke
|poke|p1|Aggron, M
|poke|p1|Vaporeon, M
|poke|p1|Krookodile, F
|poke|p1|Volcarona, M
|poke|p1|Whimsicott, F
|poke|p1|Crobat, F
|poke|p2|Azelf
|poke|p2|Doublade, M
|poke|p2|Zygarde
|poke|p2|Alakazam, F
|poke|p2|Togekiss, F
|poke|p2|Raikou
|rule|Swagger Clause: Swagger is banned
|rule|Baton Pass Clause: Limit one PokÃ©mon knowing Baton Pass
|teampreview
|c|âdingbat|TEK2
|c|âdudman|lol
|
|start
|switch|p1a: Crobat|Crobat, F|311\/311
|switch|p2a: Azelf|Azelf|291\/291
|turn|1
|
|move|p1a: Crobat|U-turn|p2a: Azelf
|-supereffective|p2a: Azelf
|-damage|p2a: Azelf|119\/291
|
|switch|p1a: Aggron|Aggron, M|344\/344
|move|p2a: Azelf|Stealth Rock|p1a: Aggron
|-sidestart|p1: dingbat|move: Stealth Rock
|
|turn|2
|
|move|p2a: Azelf|Fire Blast|p1a: Aggron
|-damage|p1a: Aggron|210\/344
|move|p1a: Aggron|Stealth Rock|p2a: Azelf
|-sidestart|p2: dudman|move: Stealth Rock
|
|turn|3
|
|switch|p2a: Raikou|Raikou|322\/322
|-damage|p2a: Raikou|282\/322|[from] Stealth Rock
|-ability|p2a: Raikou|Pressure
|detailschange|p1a: Aggron|Aggron-Mega, M
|message|Aggron has Mega Evolved into Mega Aggron!
|move|p1a: Aggron|Heavy Slam|p2a: Raikou
|-resisted|p2a: Raikou
|-damage|p2a: Raikou|226\/322
|
|turn|4
|c|âdingbat|nice n heavy raikou
|c|âdudman|fat
|
|move|p2a: Raikou|Volt Switch|p1a: Aggron
|-damage|p1a: Aggron|98\/344
|
|switch|p2a: Azelf|Azelf|119\/291
|-damage|p2a: Azelf|83\/291|[from] Stealth Rock
|move|p1a: Aggron|Earthquake|p2a: Azelf
|-immune|p2a: Azelf|[msg]
|
|turn|5
|join|Bob the Bro
|c|âdudman|i ain't missin this
|
|switch|p1a: Vaporeon|Vaporeon, M|444\/444
|-damage|p1a: Vaporeon|389\/444|[from] Stealth Rock
|move|p2a: Azelf|Fire Blast|p1a: Vaporeon
|-resisted|p1a: Vaporeon
|-damage|p1a: Vaporeon|327\/444
|
|-heal|p1a: Vaporeon|354\/444|[from] item: Leftovers
|turn|6
|c| Bob the Bro|is this laddur
|c|âdingbat|n
|c|âdingbat|:^)
|
|move|p2a: Azelf|Psyshock|p1a: Vaporeon
|-damage|p1a: Vaporeon|225\/444
|move|p1a: Vaporeon|Baton Pass|p1a: Vaporeon
|
|switch|p1a: Whimsicott|Whimsicott, F|261\/261
|-damage|p1a: Whimsicott|229\/261|[from] Stealth Rock
|
|turn|7
|join|I3Magikarp Alt
|
|move|p1a: Whimsicott|U-turn|p2a: Azelf
|-supereffective|p2a: Azelf
|-damage|p2a: Azelf|0 fnt
|faint|p2a: Azelf
|join|tuRkles
|
|switch|p1a: Crobat|Crobat, F|311\/311
|-damage|p1a: Crobat|234\/311|[from] Stealth Rock
|
|-heal|p1a: Crobat|253\/311|[from] item: Black Sludge
|c| I3Magikarp Alt|"Rated Battle"
|
|switch|p2a: Raikou|Raikou|226\/322
|-damage|p2a: Raikou|186\/322|[from] Stealth Rock
|-ability|p2a: Raikou|Pressure
|turn|8
|c|âdingbat|^shutup :[
|join|Shaneee
|
|move|p1a: Crobat|U-turn|p2a: Raikou
|-damage|p2a: Raikou|101\/322
|c| I3Magikarp Alt|lol
|
|switch|p1a: Whimsicott|Whimsicott, F|229\/261
|-damage|p1a: Whimsicott|197\/261|[from] Stealth Rock
|move|p2a: Raikou|Thunderbolt|p1a: Whimsicott
|-resisted|p1a: Whimsicott
|-damage|p1a: Whimsicott|101\/261
|
|turn|9
|
|switch|p2a: Doublade|Doublade, M|322\/322
|-damage|p2a: Doublade|302\/322|[from] Stealth Rock
|move|p1a: Whimsicott|Moonblast|p2a: Doublade
|-crit|p2a: Doublade
|-resisted|p2a: Doublade
|-damage|p2a: Doublade|150\/322
|
|turn|10
|c|âdingbat|dAmn lol
|c| I3Magikarp Alt|what's a switch in
|
|switch|p1a: Krookodile|Krookodile, F|331\/331
|-damage|p1a: Krookodile|311\/331|[from] Stealth Rock
|-ability|p1a: Krookodile|Intimidate|[of] p2a: Doublade
|-unboost|p2a: Doublade|atk|1
|move|p2a: Doublade|Iron Head|p1a: Krookodile
|-damage|p1a: Krookodile|194\/331
|
|turn|11
|c|âdudman|crit again
|
|move|p1a: Krookodile|Knock Off|p2a: Doublade
|-supereffective|p2a: Doublade
|-damage|p2a: Doublade|0 fnt
|-enditem|p2a: Doublade|Eviolite|[from] move: Knock Off|[of] p1a: Krookodile
|faint|p2a: Doublade
|
|c|âdingbat|i wanted to click
|c|âdingbat|pursuit
|
|switch|p2a: Togekiss|Togekiss, F|371\/371
|-damage|p2a: Togekiss|279\/371|[from] Stealth Rock
|turn|12
|c|âdingbat|zzzzzz
|leave|Shaneee
|
|switch|p1a: Whimsicott|Whimsicott, F|101\/261
|-damage|p1a: Whimsicott|69\/261|[from] Stealth Rock
|move|p2a: Togekiss|Nasty Plot|p2a: Togekiss
|-boost|p2a: Togekiss|spa|2
|
|-heal|p2a: Togekiss|302\/371|[from] item: Leftovers
|turn|13
|
|move|p1a: Whimsicott|Memento|p2a: Togekiss
|-unboost|p2a: Togekiss|atk|2
|-unboost|p2a: Togekiss|spa|2
|faint|p1a: Whimsicott
|move|p2a: Togekiss|Baton Pass|p2a: Togekiss
|c|âdingbat|nice
|
|switch|p2a: Raikou|Raikou|101\/322
|-damage|p2a: Raikou|61\/322|[from] Stealth Rock
|-ability|p2a: Raikou|Pressure
|
|
|switch|p1a: Crobat|Crobat, F|253\/311
|-damage|p1a: Crobat|176\/311|[from] Stealth Rock
|turn|14
|
|move|p1a: Crobat|Brave Bird|p2a: Raikou
|-resisted|p2a: Raikou
|-damage|p2a: Raikou|0 fnt
|-damage|p1a: Crobat|156\/311|[from] recoil|[of] p2a: Raikou
|faint|p2a: Raikou
|
|-heal|p1a: Crobat|175\/311|[from] item: Black Sludge
|
|switch|p2a: Zygarde|Zygarde|357\/357
|-damage|p2a: Zygarde|335\/357|[from] Stealth Rock
|-ability|p2a: Zygarde|Aura Break
|turn|15
|
|move|p1a: Crobat|Defog|p2a: Zygarde
|-unboost|p2a: Zygarde|evasion|1
|-sideend|p2: dudman|Stealth Rock|[from] move: Defog|[of] p2a: Zygarde
|-sideend|p1: dingbat|Stealth Rock|[from] move: Defog|[of] p1a: Crobat
|move|p2a: Zygarde|Dragon Dance|p2a: Zygarde
|-boost|p2a: Zygarde|atk|1
|-boost|p2a: Zygarde|spe|1
|
|-heal|p1a: Crobat|194\/311|[from] item: Black Sludge
|turn|16
|
|move|p2a: Zygarde|Extreme Speed|p1a: Crobat
|-damage|p1a: Crobat|0 fnt
|-damage|p2a: Zygarde|300\/357|[from] item: Life Orb
|faint|p1a: Crobat
|
|
|switch|p1a: Krookodile|Krookodile, F|194\/331
|-ability|p1a: Krookodile|Intimidate|[of] p2a: Zygarde
|-unboost|p2a: Zygarde|atk|1
|turn|17
|
|move|p2a: Zygarde|Earthquake|p1a: Krookodile
|-damage|p1a: Krookodile|0 fnt
|-damage|p2a: Zygarde|265\/357|[from] item: Life Orb
|faint|p1a: Krookodile
|
|c| Bob the Bro|some ubers guy is trying to recruit me to his clan
|
|switch|p1a: Vaporeon|Vaporeon, M|225\/444
|turn|18
|c| Bob the Bro|what is going on
|c|âdingbat|who?
|
|move|p2a: Zygarde|Earthquake|p1a: Vaporeon
|-damage|p1a: Vaporeon|5\/444
|-damage|p2a: Zygarde|230\/357|[from] item: Life Orb
|move|p1a: Vaporeon|Scald|p2a: Zygarde
|-damage|p2a: Zygarde|130\/357
|
|-heal|p1a: Vaporeon|32\/444|[from] item: Leftovers
|turn|19
|c| Bob the Bro|dracomaster pain
|c|âdingbat|oh
|c|âdingbat|dunno him
|
|move|p2a: Zygarde|Earthquake|p1a: Vaporeon
|-damage|p1a: Vaporeon|0 fnt
|-damage|p2a: Zygarde|95\/357|[from] item: Life Orb
|faint|p1a: Vaporeon
|
|
|switch|p1a: Volcarona|Volcarona, M|312\/312
|turn|20
|
|move|p2a: Zygarde|Earthquake|p1a: Volcarona
|-damage|p1a: Volcarona|0 fnt
|-damage|p2a: Zygarde|60\/357|[from] item: Life Orb
|faint|p1a: Volcarona
|
|c|âdingbat|auch
|
|switch|p1a: Aggron|Aggron-Mega, M|98\/344
|turn|21
|c|âdudman|r
|c|âdudman|e
|c|âdudman|k
|c|âdudman|t
|
|move|p2a: Zygarde|Earthquake|p1a: Aggron
|-supereffective|p1a: Aggron
|-damage|p1a: Aggron|0 fnt
|-damage|p2a: Zygarde|25\/357|[from] item: Life Orb
|faint|p1a: Aggron
|
|win|dudman
|raw|Ladder updating...
|raw|dingbat's rating: 1419 &rarr; <strong>1405<\/strong><br \/>(-14 for losing)
|raw|dudman's rating: 1521 &rarr; <strong>1536<\/strong><br \/>(+15 for winning)
|c|âdingbat|shrekekekekk