|join|Yellow Skarmory'._
|join|dingbat
|player|p1|Yellow Skarmory'._|101
|player|p2|dingbat|3
|gametype|singles
|gen|6
|tier|UU
|rule|Sleep Clause Mod: Limit one foe put to sleep
|rule|Species Clause: Limit one of each PokÃ©mon
|rule|OHKO Clause: OHKO moves are banned
|rule|Moody Clause: Moody is banned
|rule|Evasion Moves Clause: Evasion moves are banned
|rule|Endless Battle Clause: Forcing endless battles is banned
|rule|HP Percentage Mod: HP is shown in percentages
|clearpoke
|poke|p1|Chandelure, M, shiny
|poke|p1|Absol, M
|poke|p1|Crobat, F
|poke|p1|Haxorus, M, shiny
|poke|p1|Metagross, shiny
|poke|p1|Nidoqueen, F
|poke|p2|Alakazam, F
|poke|p2|Tentacruel, F
|poke|p2|Chesnaught, F
|poke|p2|Sableye, M
|poke|p2|Rhyperior, F
|poke|p2|Florges, F
|rule|Swagger Clause: Swagger is banned
|rule|Baton Pass Clause: Limit one PokÃ©mon knowing Baton Pass
|teampreview
|join|Paradoxyz
|c|âYellow Skarmory'._|glhf
|c|âdingbat|u2
|join|Tipsy Russian
|join|Super Mario Kek
|join|BurstStream
|c|âYellow Skarmory'._|i brought the wrong team :(
|c|âYellow Skarmory'._|i'll see how good i do
|join|ayo sb
|c|âdingbat|i only have one team atm
|
|start
|switch|p1a: My Name Is Bat|Crobat, F|312\/312
|switch|p2a: Rhyperior|Rhyperior, F|434\/434
|turn|1
|c|âdingbat|lollololllololollololol
|join|BenzMafia
|
|move|p1a: My Name Is Bat|U-turn|p2a: Rhyperior
|-damage|p2a: Rhyperior|394\/434
|c|âdingbat|k
|c|âdingbat|somethings ded
|join|Reggae Ganja Fish
|c| BurstStream|All hail CB Rhyperior?
|c|âdingbat|no
|c|âdingbat|not yet
|
|switch|p1a: Computerbrain|Metagross, shiny|364\/364
|move|p2a: Rhyperior|Earthquake|p1a: Computerbrain
|-supereffective|p1a: Computerbrain
|-damage|p1a: Computerbrain|92\/364
|
|-heal|p2a: Rhyperior|421\/434|[from] item: Leftovers
|turn|2
|c|âdingbat|:p
|join|Dusk T Sevenington
|join|ANGER MANAGEMENT
|c| BurstStream|you are not manly enough
|c|âdingbat|ik
|c|âdingbat|ik
|c|âYellow Skarmory'._|bulk
|c|âYellow Skarmory'._|bulk
|
|switch|p2a: Chesnaught|Chesnaught, F|380\/380
|move|p1a: Computerbrain|Meteor Mash|p2a: Chesnaught|[miss]
|-miss|p1a: Computerbrain|p2a: Chesnaught
|
|turn|3
|c|âdingbat|oh
|join|Impossible2864
|c| BurstStream|Dat Fast Reflexes
|
|switch|p1a: My Name Is Bat|Crobat, F|312\/312
|move|p2a: Chesnaught|Leech Seed|p1a: My Name Is Bat
|-start|p1a: My Name Is Bat|move: Leech Seed
|
|-damage|p1a: My Name Is Bat|273\/312|[from] Leech Seed|[of] p2a: Chesnaught
|turn|4
|join|roast toast
|join|Pre8==Dted
|
|move|p2a: Chesnaught|Spiky Shield|p2a: Chesnaught
|-singleturn|p2a: Chesnaught|move: Protect
|move|p1a: My Name Is Bat|Roost|p1a: My Name Is Bat
|-heal|p1a: My Name Is Bat|312\/312
|
|-damage|p1a: My Name Is Bat|273\/312|[from] Leech Seed|[of] p2a: Chesnaught
|turn|5
|
|switch|p2a: Rhyperior|Rhyperior, F|421\/434
|move|p1a: My Name Is Bat|Brave Bird|p2a: Rhyperior
|-resisted|p2a: Rhyperior
|-damage|p2a: Rhyperior|368\/434
|-damage|p1a: My Name Is Bat|256\/312|[from] recoil|[of] p2a: Rhyperior
|
|-heal|p1a: My Name Is Bat|275\/312|[from] item: Black Sludge
|-heal|p2a: Rhyperior|395\/434|[from] item: Leftovers
|-damage|p1a: My Name Is Bat|236\/312|[from] Leech Seed|[of] p2a: Rhyperior
|-heal|p2a: Rhyperior|434\/434|[silent]
|turn|6
|
|switch|p1a: Darkness|Haxorus, M, shiny|302\/302
|-ability|p1a: Darkness|Mold Breaker
|move|p2a: Rhyperior|Earthquake|p1a: Darkness
|-damage|p1a: Darkness|115\/302
|
|turn|7
|
|move|p1a: Darkness|Outrage|p2a: Rhyperior
|-damage|p2a: Rhyperior|196\/434
|-damage|p1a: Darkness|85\/302|[from] item: Life Orb
|move|p2a: Rhyperior|Earthquake|p1a: Darkness
|-damage|p1a: Darkness|0 fnt
|faint|p1a: Darkness
|
|-heal|p2a: Rhyperior|223\/434|[from] item: Leftovers
|join|schlamaladingdong
|c|âdingbat|O
|c|âdingbat|W
|
|switch|p1a: Computerbrain|Metagross, shiny|92\/364
|turn|8
|
|switch|p2a: Tentacruel|Tentacruel, F|364\/364
|move|p1a: Computerbrain|Zen Headbutt|p2a: Tentacruel
|-supereffective|p2a: Tentacruel
|-damage|p2a: Tentacruel|0 fnt
|faint|p2a: Tentacruel
|
|c|âYellow Skarmory'._|YUS
|c|âdingbat|o
|c|âdingbat|w
|c| Pre8==Dted|lmao
|
|switch|p2a: Sableye|Sableye, M|303\/303
|turn|9
|c| BurstStream|Dat Prediction
|
|switch|p1a: Shine Bright|Chandelure, M, shiny|261\/261
|move|p2a: Sableye|Knock Off|p1a: Shine Bright
|-supereffective|p1a: Shine Bright
|-damage|p1a: Shine Bright|57\/261
|-enditem|p1a: Shine Bright|Choice Scarf|[from] move: Knock Off|[of] p2a: Sableye
|
|turn|10
|c|âdingbat|bop
|c| Pre8==Dted|...
|c| Pre8==Dted|tf is goin on here
|c| Reggae Ganja Fish|did u rly think he would wow a band meta stuck on zen
|c|âdingbat|lol
|c|âdingbat|yes
|c|âdingbat|cuz mega absol
|c|âYellow Skarmory'._|i needed to switch
|c|âdingbat|counters the fuck out of sableye
|
|move|p1a: Shine Bright|Fire Blast|p2a: Sableye
|-damage|p2a: Sableye|113\/303
|move|p2a: Sableye|Knock Off|p1a: Shine Bright
|-supereffective|p1a: Shine Bright
|-damage|p1a: Shine Bright|0 fnt
|faint|p1a: Shine Bright
|
|-heal|p2a: Sableye|131\/303|[from] item: Leftovers
|c|âYellow Skarmory'._|and wanted to cripple this with trick
|join|caitlolz
|
|switch|p1a: Absolution|Absol, M|271\/271
|-ability|p1a: Absolution|Pressure
|turn|11
|c| BurstStream|unless Sableye has the weiredo
|c|âdingbat|no.
|c| BurstStream|HP Fiary
|c| BurstStream|off Dooom
|
|switch|p1a: Queen Nido|Nidoqueen, F|384\/384
|switch|p2a: Chesnaught|Chesnaught, F|380\/380
|
|turn|12
|join|Volbeatdown
|c| Pre8==Dted|This team has nothing but offensive switch ins
|c| Tipsy Russian|absol doesnt like foul play sableye
|c|âdingbat|oh gawd.
|c|âdingbat|true
|c| Dusk T Sevenington|reveal sludge bomb nidoqueen here
|c| Dusk T Sevenington|:^
|c| Pre8==Dted|lol wut
|c|âdingbat|LLLLLLLLL
|
|switch|p2a: Sableye|Sableye, M|131\/303
|move|p1a: Queen Nido|Sludge Wave|p2a: Sableye
|-resisted|p2a: Sableye
|-damage|p2a: Sableye|24\/303
|
|-heal|p2a: Sableye|42\/303|[from] item: Leftovers
|turn|13
|
|move|p2a: Sableye|Will-O-Wisp|p1a: Queen Nido|[miss]
|-miss|p2a: Sableye|p1a: Queen Nido
|move|p1a: Queen Nido|Sludge Wave|p2a: Sableye
|-resisted|p2a: Sableye
|-damage|p2a: Sableye|0 fnt
|faint|p2a: Sableye
|
|
|switch|p2a: Alakazam|Alakazam, F|252\/252
|turn|14
|c|âYellow Skarmory'._|lol
|
|switch|p1a: Absolution|Absol, M|271\/271
|-ability|p1a: Absolution|Pressure
|detailschange|p2a: Alakazam|Alakazam-Mega, F
|message|Alakazam has Mega Evolved into Mega Alakazam!
|-ability|p2a: Alakazam|Pressure|[from] ability: Trace|[of] p1a: Absolution
|-ability|p2a: Alakazam|Pressure
|move|p2a: Alakazam|Dazzling Gleam|p1a: Absolution
|-supereffective|p1a: Absolution
|-damage|p1a: Absolution|0 fnt
|faint|p1a: Absolution
|
|c|âdingbat|bye
|join|khris roost
|c|âdingbat|:p
|
|switch|p1a: My Name Is Bat|Crobat, F|236\/312
|turn|15
|c|âdingbat|wait
|c| roast toast|scarfbat lol
|c|âdingbat|that was blk sludge rite
|c| BurstStream|oh wait
|c| BurstStream|mEga zam is back?
|
|switch|p2a: Rhyperior|Rhyperior, F|223\/434
|move|p1a: My Name Is Bat|U-turn|p2a: Rhyperior
|-damage|p2a: Rhyperior|177\/434
|
|switch|p1a: Computerbrain|Metagross, shiny|92\/364
|
|-heal|p2a: Rhyperior|204\/434|[from] item: Leftovers
|turn|16
|c|âYellow Skarmory'._|wow
|c| Super Mario Kek|is that band?
|c|âdingbat|well
|c|âdingbat|florges is useful
|c| Super Mario Kek|not at all
|
|switch|p2a: Florges|Florges, F|360\/360
|move|p1a: Computerbrain|Meteor Mash|p2a: Florges
|-crit|p2a: Florges
|-supereffective|p2a: Florges
|-damage|p2a: Florges|0 fnt
|faint|p2a: Florges
|
|c| Super Mario Kek|y-turn
|c|âYellow Skarmory'._|it's a 50\/50
|c|âYellow Skarmory'._|YES
|c| Reggae Ganja Fish|probs sacked it lol
|
|switch|p2a: Alakazam|Alakazam-Mega, F|252\/252
|-ability|p2a: Alakazam|Clear Body|[from] ability: Trace|[of] p1a: Computerbrain
|turn|17
|c| Tipsy Russian|i dont think crit mattered
|c|âdingbat|ofc i sacked it
|
|move|p2a: Alakazam|Shadow Ball|p1a: Computerbrain
|-crit|p1a: Computerbrain
|-supereffective|p1a: Computerbrain
|-damage|p1a: Computerbrain|0 fnt
|faint|p1a: Computerbrain
|
|
|switch|p1a: My Name Is Bat|Crobat, F|236\/312
|turn|18
|
|move|p2a: Alakazam|Psyshock|p1a: My Name Is Bat
|-supereffective|p1a: My Name Is Bat
|-damage|p1a: My Name Is Bat|0 fnt
|faint|p1a: My Name Is Bat
|
|c| BurstStream|now where is your scarfed
|c| BurstStream|Crobat now?
|c| Super Mario Kek|what
|c|âdingbat|band
|c|âdingbat|bat
|c|âYellow Skarmory'._|it's black sludge
|c| Super Mario Kek|loool
|
|switch|p1a: Queen Nido|Nidoqueen, F|384\/384
|turn|19
|c|âdingbat|or
|c|âdingbat|i'm
|leave|Super Mario Kek
|c|âdingbat|dumb
|c|âdingbat|.------------------------------.
|
|move|p2a: Alakazam|Psyshock|p1a: Queen Nido
|-supereffective|p1a: Queen Nido
|-damage|p1a: Queen Nido|0 fnt
|faint|p1a: Queen Nido
|
|win|dingbat
|c|âdingbat|gg
|leave|khris roost
|leave|Reggae Ganja Fish
|c| Pre8==Dted|reveal sash\/quick claw
|leave|Tipsy Russian
|leave|Volbeatdown
|c| Pre8==Dted|nope
|leave|Pre8==Dted
|leave|ANGER MANAGEMENT
|join|Dutch Luck
|leave|BenzMafia
|c|âYellow Skarmory'._|gg
|leave|Dutch Luck
|leave|roast toast
|leave|Yellow Skarmory'._
|player|p1
|leave|dingbat
|player|p2
|leave|Dusk T Sevenington
|leave|BurstStream
|leave|Paradoxyz
|leave|ayo sb
|leave|Impossible2864