|join|Preserve
|join|dingbat
|player|p1|Preserve|101
|player|p2|dingbat|3
|gametype|singles
|gen|6
|tier|UU
|rated
|rule|Sleep Clause Mod: Limit one foe put to sleep
|rule|Species Clause: Limit one of each PokÃ©mon
|rule|OHKO Clause: OHKO moves are banned
|rule|Moody Clause: Moody is banned
|rule|Evasion Moves Clause: Evasion moves are banned
|rule|Endless Battle Clause: Forcing endless battles is banned
|rule|HP Percentage Mod: HP is shown in percentages
|clearpoke
|poke|p1|Empoleon, M
|poke|p1|Chesnaught, M
|poke|p1|Crobat, M
|poke|p1|Goodra, M
|poke|p1|Alakazam, M
|poke|p1|Darmanitan, M
|poke|p2|Diggersby, M
|poke|p2|Sableye, F
|poke|p2|Cobalion
|poke|p2|Vaporeon, F
|poke|p2|Whimsicott, M
|poke|p2|Gligar, F
|rule|Swagger Clause: Swagger is banned
|rule|Baton Pass Clause: Limit one PokÃ©mon knowing Baton Pass
|teampreview
|
|start
|switch|p1a: Empoleon|Empoleon, M|372\/372
|switch|p2a: Cobalion|Cobalion|323\/323
|turn|1
|join|Moniker
|
|switch|p1a: Chesnaught|Chesnaught, M|380\/380
|move|p2a: Cobalion|Volt Switch|p1a: Chesnaught
|-resisted|p1a: Chesnaught
|-damage|p1a: Chesnaught|350\/380
|
|switch|p2a: Whimsicott|Whimsicott, M|261\/261
|
|-heal|p1a: Chesnaught|373\/380|[from] item: Leftovers
|turn|2
|join|Tipsy Russian
|
|switch|p1a: Empoleon|Empoleon, M|372\/372
|move|p2a: Whimsicott|Moonblast|p1a: Empoleon
|-resisted|p1a: Empoleon
|-damage|p1a: Empoleon|331\/372
|
|-heal|p1a: Empoleon|354\/372|[from] item: Leftovers
|turn|3
|
|move|p2a: Whimsicott|U-turn|p1a: Empoleon
|-resisted|p1a: Empoleon
|-damage|p1a: Empoleon|334\/372
|
|switch|p2a: Vaporeon|Vaporeon, F|464\/464
|move|p1a: Empoleon|Stealth Rock|p2a: Vaporeon
|-sidestart|p2: dingbat|move: Stealth Rock
|
|-heal|p1a: Empoleon|357\/372|[from] item: Leftovers
|turn|4
|c| Tipsy Russian|dingbop
|c| Tipsy Russian|how broke is diggersbae
|
|switch|p1a: Crobat|Crobat, M|369\/369
|move|p2a: Vaporeon|Scald|p1a: Crobat
|-damage|p1a: Crobat|234\/369
|
|-heal|p1a: Crobat|257\/369|[from] item: Black Sludge
|turn|5
|c| Tipsy Russian|?
|c|âdingbat|rape
|
|move|p1a: Crobat|Toxic|p2a: Vaporeon
|-status|p2a: Vaporeon|tox
|move|p2a: Vaporeon|Scald|p1a: Crobat
|-damage|p1a: Crobat|131\/369
|
|-heal|p1a: Crobat|154\/369|[from] item: Black Sludge
|-damage|p2a: Vaporeon|435\/464 tox|[from] psn
|turn|6
|c| Tipsy Russian|that bad
|c| Tipsy Russian|?
|
|move|p1a: Crobat|Taunt|p2a: Vaporeon
|-start|p2a: Vaporeon|move: Taunt
|cant|p2a: Vaporeon|move: Taunt|Baton Pass
|
|-heal|p1a: Crobat|177\/369|[from] item: Black Sludge
|-heal|p2a: Vaporeon|464\/464 tox|[from] item: Leftovers
|-damage|p2a: Vaporeon|406\/464 tox|[from] psn
|turn|7
|
|switch|p2a: Cobalion|Cobalion|323\/323
|-damage|p2a: Cobalion|313\/323|[from] Stealth Rock
|move|p1a: Crobat|Roost|p1a: Crobat
|-heal|p1a: Crobat|362\/369
|
|-heal|p1a: Crobat|369\/369|[from] item: Black Sludge
|-heal|p2a: Cobalion|323\/323|[from] item: Leftovers
|turn|8
|join|knickKnack
|
|move|p1a: Crobat|Taunt|p2a: Cobalion
|-start|p2a: Cobalion|move: Taunt
|cant|p2a: Cobalion|move: Taunt|Stealth Rock
|
|turn|9
|
|move|p1a: Crobat|Brave Bird|p2a: Cobalion
|-damage|p2a: Cobalion|215\/323
|-damage|p1a: Crobat|333\/369|[from] recoil|[of] p2a: Cobalion
|move|p2a: Cobalion|Volt Switch|p1a: Crobat
|-supereffective|p1a: Crobat
|-damage|p1a: Crobat|209\/369
|
|switch|p2a: Sableye|Sableye, F|303\/303
|-damage|p2a: Sableye|266\/303|[from] Stealth Rock
|
|-heal|p1a: Crobat|232\/369|[from] item: Black Sludge
|-heal|p2a: Sableye|284\/303|[from] item: Leftovers
|turn|10
|
|switch|p1a: Darmanitan|Darmanitan, M|351\/351
|move|p2a: Sableye|Will-O-Wisp|p1a: Darmanitan
|-fail|p1a: Darmanitan
|
|-heal|p2a: Sableye|302\/303|[from] item: Leftovers
|turn|11
|
|switch|p2a: Vaporeon|Vaporeon, F|406\/464 tox
|-damage|p2a: Vaporeon|348\/464 tox|[from] Stealth Rock
|move|p1a: Darmanitan|Flare Blitz|p2a: Vaporeon
|-resisted|p2a: Vaporeon
|-damage|p2a: Vaporeon|108\/464 tox
|-damage|p1a: Darmanitan|272\/351|[from] recoil|[of] p2a: Vaporeon
|
|-heal|p2a: Vaporeon|137\/464 tox|[from] item: Leftovers
|-damage|p2a: Vaporeon|108\/464 tox|[from] psn
|turn|12
|join|watfor
|
|move|p1a: Darmanitan|Flare Blitz|p2a: Vaporeon
|-resisted|p2a: Vaporeon
|-damage|p2a: Vaporeon|0 fnt
|-damage|p1a: Darmanitan|236\/351|[from] recoil|[of] p2a: Vaporeon
|faint|p2a: Vaporeon
|
|
|switch|p2a: Cobalion|Cobalion|215\/323
|-damage|p2a: Cobalion|205\/323|[from] Stealth Rock
|turn|13
|
|switch|p1a: Chesnaught|Chesnaught, M|373\/380
|move|p2a: Cobalion|Close Combat|p1a: Chesnaught
|-damage|p1a: Chesnaught|261\/380
|-unboost|p2a: Cobalion|def|1
|-unboost|p2a: Cobalion|spd|1
|
|-heal|p2a: Cobalion|225\/323|[from] item: Leftovers
|-heal|p1a: Chesnaught|284\/380|[from] item: Leftovers
|turn|14
|
|move|p2a: Cobalion|Volt Switch|p1a: Chesnaught
|-resisted|p1a: Chesnaught
|-damage|p1a: Chesnaught|252\/380
|
|switch|p2a: Whimsicott|Whimsicott, M|261\/261
|-damage|p2a: Whimsicott|229\/261|[from] Stealth Rock
|move|p1a: Chesnaught|Spikes|p2a: Whimsicott
|-sidestart|p2: dingbat|Spikes
|
|-heal|p2a: Whimsicott|245\/261|[from] item: Leftovers
|-heal|p1a: Chesnaught|275\/380|[from] item: Leftovers
|turn|15
|
|move|p1a: Chesnaught|Spiky Shield|p1a: Chesnaught
|-singleturn|p1a: Chesnaught|move: Protect
|move|p2a: Whimsicott|U-turn|p1a: Chesnaught
|-activate|p1a: Chesnaught|move: Protect
|-damage|p2a: Whimsicott|213\/261|[from] Spiky Shield|[of] p1a: Chesnaught
|
|-heal|p2a: Whimsicott|229\/261|[from] item: Leftovers
|-heal|p1a: Chesnaught|298\/380|[from] item: Leftovers
|turn|16
|
|switch|p1a: Empoleon|Empoleon, M|357\/372
|move|p2a: Whimsicott|U-turn|p1a: Empoleon
|-resisted|p1a: Empoleon
|-damage|p1a: Empoleon|337\/372
|
|switch|p2a: DiggersBOP|Diggersby, M|311\/311
|-damage|p2a: DiggersBOP|273\/311|[from] Spikes
|-damage|p2a: DiggersBOP|254\/311|[from] Stealth Rock
|
|-heal|p1a: Empoleon|360\/372|[from] item: Leftovers
|turn|17
|
|switch|p2a: Gligar|Gligar, F|334\/334
|-damage|p2a: Gligar|293\/334|[from] Stealth Rock
|move|p1a: Empoleon|Scald|p2a: Gligar
|-supereffective|p2a: Gligar
|-damage|p2a: Gligar|147\/334
|-status|p2a: Gligar|brn
|
|-heal|p1a: Empoleon|372\/372|[from] item: Leftovers
|-damage|p2a: Gligar|106\/334 brn|[from] brn
|turn|18
|c| dingersby|!
|c|âdingbat|fack
|c| dingersby|aw
|
|move|p2a: Gligar|Defog|p1a: Empoleon
|-unboost|p1a: Empoleon|evasion|1
|-sideend|p2: dingbat|Spikes|[from] move: Defog|[of] p2a: Gligar
|-sideend|p2: dingbat|Stealth Rock|[from] move: Defog|[of] p2a: Gligar
|move|p1a: Empoleon|Scald|p2a: Gligar
|-supereffective|p2a: Gligar
|-damage|p2a: Gligar|0 fnt
|faint|p2a: Gligar
|
|
|switch|p2a: Cobalion|Cobalion|225\/323
|turn|19
|c| Dingleby|:3
|
|switch|p1a: Chesnaught|Chesnaught, M|298\/380
|move|p2a: Cobalion|Close Combat|p1a: Chesnaught
|-damage|p1a: Chesnaught|186\/380
|-unboost|p2a: Cobalion|def|1
|-unboost|p2a: Cobalion|spd|1
|
|-heal|p2a: Cobalion|245\/323|[from] item: Leftovers
|-heal|p1a: Chesnaught|209\/380|[from] item: Leftovers
|turn|20
|
|move|p2a: Cobalion|Volt Switch|p1a: Chesnaught
|-crit|p1a: Chesnaught
|-resisted|p1a: Chesnaught
|-damage|p1a: Chesnaught|164\/380
|
|switch|p2a: Sableye|Sableye, F|302\/303
|move|p1a: Chesnaught|Spikes|p2a: Sableye
|-sidestart|p2: dingbat|Spikes
|
|-heal|p1a: Chesnaught|187\/380|[from] item: Leftovers
|-heal|p2a: Sableye|303\/303|[from] item: Leftovers
|turn|21
|c| Tipsy Russian|seems you got a problem
|c| Tipsy Russian|with chesnaught
|c| Tipsy Russian|!
|
|switch|p1a: Darmanitan|Darmanitan, M|236\/351
|move|p2a: Sableye|Knock Off|p1a: Darmanitan
|-damage|p1a: Darmanitan|79\/351
|-enditem|p1a: Darmanitan|Choice Band|[from] move: Knock Off|[of] p2a: Sableye
|
|turn|22
|c|âdingbat|auch
|c| watfor|cb darm ,,,
|c|âPreserve|something still dies
|c|âdingbat|yup
|c| knickKnack|inb4 sucker punch
|c|âPreserve|hmm
|c|âdingbat|sucker punch
|c|âdingbat|lolol
|c|âdingbat|i luv dat move tho
|
|move|p1a: Darmanitan|Flare Blitz|p2a: Sableye
|-crit|p2a: Sableye
|-damage|p2a: Sableye|0 fnt
|-damage|p1a: Darmanitan|0 fnt|[from] recoil|[of] p2a: Sableye
|faint|p2a: Sableye
|faint|p1a: Darmanitan
|
|c|âdingbat|CRIT MATTERED
|c| Tipsy Russian|the clit
|c|âdingbat|CRIT MATTERED
|c|âdingbat|CRIT MATTERED
|c| Tipsy Russian|!?!?!?!
|c|âdingbat|CRIT MATTERED
|c|âdingbat|CRIT MATTERED
|c|âdingbat|CRIT MATTERED
|c|âPreserve|XD
|c|âdingbat|not really
|c| knickKnack|the clit
|c| knickKnack|relly
|c| Tipsy Russian|yes pls
|c| Tipsy Russian|!
|
|switch|p2a: Whimsicott|Whimsicott, M|229\/261
|-damage|p2a: Whimsicott|197\/261|[from] Spikes
|switch|p1a: Alakazam|Alakazam, M|251\/251
|turn|23
|c| Tipsy Russian|chokebat
|c| Tipsy Russian|!
|c| knickKnack|clitoris is good i must say
|
|detailschange|p1a: Alakazam|Alakazam-Mega, M
|message|Alakazam has Mega Evolved into Mega Alakazam!
|-ability|p1a: Alakazam|Prankster|[from] ability: Trace|[of] p2a: Whimsicott
|move|p2a: Whimsicott|U-turn|p1a: Alakazam
|-supereffective|p1a: Alakazam
|-damage|p1a: Alakazam|151\/251
|c| watfor|why didn't you sack coba tbh
|
|switch|p2a: Cobalion|Cobalion|245\/323
|-damage|p2a: Cobalion|205\/323|[from] Spikes
|move|p1a: Alakazam|Psychic|p2a: Cobalion
|-damage|p2a: Cobalion|0 fnt
|faint|p2a: Cobalion
|
|c| Tipsy Russian|wow u mind is in the gutter
|c| Tipsy Russian|i was talking about his sableye getting clitted
|
|switch|p2a: Whimsicott|Whimsicott, M|197\/261
|-damage|p2a: Whimsicott|165\/261|[from] Spikes
|turn|24
|join|Emma Bae â¥
|c| knickKnack|oh boy
|
|move|p2a: Whimsicott|Memento|p1a: Alakazam
|-unboost|p1a: Alakazam|atk|2
|-unboost|p1a: Alakazam|spa|2
|faint|p2a: Whimsicott
|move|p1a: Alakazam|Psychic|p2: Whimsicott|[notarget]
|-notarget
|
|
|switch|p2a: DiggersBOP|Diggersby, M|254\/311
|-damage|p2a: DiggersBOP|216\/311|[from] Spikes
|turn|25
|c| watfor|oh
|c| watfor|that's why
|c| Tipsy Russian|diggersbae
|c| Tipsy Russian|going in
|c| watfor|agility y\/y
|c| Tipsy Russian|double dance here
|c| Tipsy Russian|!
|
|move|p1a: Alakazam|Psychic|p2a: DiggersBOP
|-damage|p2a: DiggersBOP|87\/311
|move|p2a: DiggersBOP|Swords Dance|p2a: DiggersBOP
|-boost|p2a: DiggersBOP|atk|2
|
|turn|26
|c|âdingbat|rip
|c| Tipsy Russian|o
|
|switch|p1a: Goodra|Goodra, M|383\/383
|move|p2a: DiggersBOP|Quick Attack|p1a: Goodra
|-crit|p1a: Goodra
|-damage|p1a: Goodra|0 fnt
|-unboost|p2a: DiggersBOP|spe|1
|-damage|p2a: DiggersBOP|56\/311|[from] item: Life Orb
|faint|p1a: Goodra
|
|join|Colbrushie
|c|âdingbat|oh wow
|c| watfor|LOL
|c| Tipsy Russian|quick kektack
|c|âdingbat|nice n
|c| Tipsy Russian|!
|c|âdingbat|stronk
|
|switch|p1a: Empoleon|Empoleon, M|372\/372
|turn|27
|c| Colbrushie|[18:56:13] @dingbat: oh well
|c| Colbrushie|[18:56:18] @dingbat: time to earn dem pts back
|c| Colbrushie|[18:56:13] @dingbat: oh well
|c| Colbrushie|[18:56:18] @dingbat: time to earn dem pts back
|
|move|p2a: DiggersBOP|Earthquake|p1a: Empoleon
|-supereffective|p1a: Empoleon
|-damage|p1a: Empoleon|0 fnt
|-damage|p2a: DiggersBOP|25\/311|[from] item: Life Orb
|faint|p1a: Empoleon
|
|c|âdingbat|EMPOLEON
|c|âdingbat|IS SLOW
|c|âPreserve|still so fast
|c| Colbrushie|@dingbat: oh well
|c| Tipsy Russian|ruining lives
|c|âdingbat|!!!!
|c| knickKnack|inb4 recover
|c| Colbrushie|@dingbat: time to earn dem pts back
|
|switch|p1a: Chesnaught|Chesnaught, M|187\/380
|turn|28
|c| knickKnack|:(
|c|âdingbat|CHESNAUGHT
|c| Colbrushie|@dingbat: oh well
|c| Tipsy Russian|sd here
|c| Colbrushie|@dingbat: time to earn dem pts back
|c|âdingbat|IS SLOW
|c| Tipsy Russian|!
|
|move|p2a: DiggersBOP|Earthquake|p1a: Chesnaught
|-resisted|p1a: Chesnaught
|-damage|p1a: Chesnaught|0 fnt
|-damage|p2a: DiggersBOP|0 fnt|[from] item: Life Orb
|faint|p1a: Chesnaught
|faint|p2a: DiggersBOP
|
|win|Preserve
|raw|Ladder updating...
|c| Tipsy Russian|o
|raw|Preserve's rating: 1589 &rarr; <strong>1612<\/strong><br \/>(+23 for winning)
|raw|dingbat's rating: 1646 &rarr; <strong>1623<\/strong><br \/>(-23 for losing)
|c|âPreserve|gg
|c|âdingbat|geegs
|leave|Moniker
|leave|dingbat
|player|p2
|leave|Colbrushie
|leave|knickKnack
|join|I<3Magikarp