|join|dingbat
|join|Crossroads
|player|p1|dingbat|3
|player|p2|Crossroads|170
|gametype|singles
|gen|6
|tier|UU
|rated
|rule|Sleep Clause Mod: Limit one foe put to sleep
|rule|Species Clause: Limit one of each PokÃ©mon
|rule|OHKO Clause: OHKO moves are banned
|rule|Moody Clause: Moody is banned
|rule|Evasion Moves Clause: Evasion moves are banned
|rule|Endless Battle Clause: Forcing endless battles is banned
|rule|HP Percentage Mod: HP is shown in percentages
|clearpoke
|poke|p1|Diggersby, F
|poke|p1|Sableye, F
|poke|p1|Cobalion
|poke|p1|Vaporeon, F
|poke|p1|Whimsicott, F
|poke|p1|Gligar, F
|poke|p2|Arcanine, M
|poke|p2|Vaporeon, F
|poke|p2|Alakazam, M
|poke|p2|Blastoise, M
|poke|p2|Starmie
|poke|p2|Snorlax, M
|rule|Swagger Clause: Swagger is banned
|rule|Baton Pass Clause: Limit one PokÃ©mon knowing Baton Pass
|teampreview
|c|âdingbat|diggers
|c|âdingbat|BOP
|c|âdingbat|diggers
|c|âdingbat|BOP
|
|start
|switch|p1a: Vaporeon|Vaporeon, F|464\/464
|switch|p2a: Vaporeon|Vaporeon, F|464\/464
|turn|1
|join|DrReuniclus3
|c|âdingbat|nice
|c|âdingbat|start
|
|move|p1a: Vaporeon|Baton Pass|p1a: Vaporeon
|
|switch|p1a: Whimsicott|Whimsicott, F|261\/261
|move|p2a: Vaporeon|Wish|p2a: Vaporeon
|
|turn|2
|join|SmashBrosBrawl
|
|switch|p2a: Arcanine|Arcanine, M|384\/384
|-ability|p2a: Arcanine|Intimidate|[of] p1a: Whimsicott
|-unboost|p1a: Whimsicott|atk|1
|move|p1a: Whimsicott|U-turn|p2a: Arcanine
|-resisted|p2a: Arcanine
|-damage|p2a: Arcanine|373\/384
|
|switch|p1a: Vaporeon|Vaporeon, F|464\/464
|
|-heal|p2a: Arcanine|384\/384|[from] move: Wish|[wisher] Vaporeon
|turn|3
|c|+SmashBrosBrawl|>not going to diggers
|
|switch|p2a: Starmie|Starmie|261\/261
|switch|p1a: Gligar|Gligar, F|334\/334
|
|turn|4
|
|switch|p1a: Vaporeon|Vaporeon, F|464\/464
|move|p2a: Starmie|Ice Beam|p1a: Vaporeon
|-resisted|p1a: Vaporeon
|-damage|p1a: Vaporeon|396\/464
|
|-heal|p1a: Vaporeon|425\/464|[from] item: Leftovers
|turn|5
|
|switch|p2a: Vaporeon|Vaporeon, F|464\/464
|move|p1a: Vaporeon|Baton Pass|p1a: Vaporeon
|
|switch|p1a: Whimsicott|Whimsicott, F|261\/261
|
|turn|6
|
|move|p1a: Whimsicott|Energy Ball|p2a: Vaporeon
|-supereffective|p2a: Vaporeon
|-damage|p2a: Vaporeon|290\/464
|move|p2a: Vaporeon|Wish|p2a: Vaporeon
|
|-heal|p2a: Vaporeon|319\/464|[from] item: Leftovers
|turn|7
|c|âdingbat|nice n specially defensive
|
|move|p1a: Whimsicott|U-turn|p2a: Vaporeon
|-damage|p2a: Vaporeon|268\/464
|
|switch|p1a: Vaporeon|Vaporeon, F|425\/464
|move|p2a: Vaporeon|Scald|p1a: Vaporeon
|-heal|p1a: Vaporeon|464\/464|[from] ability: Water Absorb|[of] p2a: Vaporeon
|
|-heal|p2a: Vaporeon|464\/464|[from] move: Wish|[wisher] Vaporeon
|turn|8
|c|+SmashBrosBrawl|uh
|c|+SmashBrosBrawl|i think the real problem is
|c|+SmashBrosBrawl|ure week
|c|+SmashBrosBrawl|af
|c|+SmashBrosBrawl|!data whimsicott
|c|~|\/data-pokemon Whimsicott

|
|switch|p2a: Blastoise|Blastoise, M|362\/362
|move|p1a: Vaporeon|Baton Pass|p1a: Vaporeon
|c|âdingbat|kills krookodile :^)
|
|switch|p1a: Cobalion|Cobalion|323\/323
|
|turn|9
|c|+SmashBrosBrawl|bop
|join|I<3Magikarp
|
|detailschange|p2a: Blastoise|Blastoise-Mega, M
|message|Blastoise has Mega Evolved into Mega Blastoise!
|move|p1a: Cobalion|Volt Switch|p2a: Blastoise
|-supereffective|p2a: Blastoise
|-damage|p2a: Blastoise|272\/362
|c|âdingbat|LETS RACK UP RANDOM ASS DAMAGE
|
|switch|p1a: Vaporeon|Vaporeon, F|464\/464
|move|p2a: Blastoise|Aura Sphere|p1a: Vaporeon
|-damage|p1a: Vaporeon|288\/464
|
|-heal|p1a: Vaporeon|317\/464|[from] item: Leftovers
|turn|10
|
|move|p2a: Blastoise|Dark Pulse|p1a: Vaporeon
|-damage|p1a: Vaporeon|150\/464
|move|p1a: Vaporeon|Wish|p1a: Vaporeon
|
|-heal|p1a: Vaporeon|179\/464|[from] item: Leftovers
|turn|11
|c|+SmashBrosBrawl|flinch
|c|+SmashBrosBrawl|l0l
|
|move|p2a: Blastoise|Dark Pulse|p1a: Vaporeon
|-damage|p1a: Vaporeon|7\/464
|move|p1a: Vaporeon|Scald|p2a: Blastoise
|-resisted|p2a: Blastoise
|-damage|p2a: Blastoise|230\/362
|
|-heal|p1a: Vaporeon|239\/464|[from] move: Wish|[wisher] Vaporeon
|-heal|p1a: Vaporeon|268\/464|[from] item: Leftovers
|turn|12
|c|+SmashBrosBrawl|ppl should start running roar
|
|move|p2a: Blastoise|Dark Pulse|p1a: Vaporeon
|-damage|p1a: Vaporeon|90\/464
|move|p1a: Vaporeon|Wish|p1a: Vaporeon
|
|-heal|p1a: Vaporeon|119\/464|[from] item: Leftovers
|turn|13
|c|+SmashBrosBrawl|on this thing
|
|switch|p2a: Vaporeon|Vaporeon, F|464\/464
|move|p1a: Vaporeon|Protect|p1a: Vaporeon
|-fail|p1a: Vaporeon
|
|-heal|p1a: Vaporeon|351\/464|[from] move: Wish|[wisher] Vaporeon
|-heal|p1a: Vaporeon|380\/464|[from] item: Leftovers
|turn|14
|c|âdingbat|problem is
|
|move|p2a: Vaporeon|Wish|p2a: Vaporeon
|move|p1a: Vaporeon|Baton Pass|p1a: Vaporeon
|
|switch|p1a: Whimsicott|Whimsicott, F|261\/261
|
|turn|15
|c|âdingbat|what moveslot is stoise gonna sacrifice?
|c|âdingbat|especially if it's spinning
|c|âdingbat|oh wait
|c|+SmashBrosBrawl|water
|c|+SmashBrosBrawl|spin
|c|âdingbat|oh
|c|+SmashBrosBrawl|dragon
|c|âdingbat|waaaiiittttt
|c|+SmashBrosBrawl|roar
|
|move|p1a: Whimsicott|Energy Ball|p2a: Vaporeon
|-supereffective|p2a: Vaporeon
|-damage|p2a: Vaporeon|288\/464
|move|p2a: Vaporeon|Scald|p1a: Whimsicott
|-resisted|p1a: Whimsicott
|-damage|p1a: Whimsicott|200\/261
|-status|p1a: Whimsicott|brn
|
|-heal|p2a: Vaporeon|464\/464|[from] move: Wish|[wisher] Vaporeon
|-heal|p1a: Whimsicott|216\/261 brn|[from] item: Leftovers
|-damage|p1a: Whimsicott|184\/261 brn|[from] brn
|turn|16
|c|âdingbat|he has
|
|switch|p2a: Arcanine|Arcanine, M|384\/384
|-ability|p2a: Arcanine|Intimidate|[of] p1a: Whimsicott
|-unboost|p1a: Whimsicott|atk|1
|move|p1a: Whimsicott|Energy Ball|p2a: Arcanine
|-resisted|p2a: Arcanine
|-damage|p2a: Arcanine|315\/384
|
|-heal|p1a: Whimsicott|200\/261 brn|[from] item: Leftovers
|-heal|p2a: Arcanine|339\/384|[from] item: Leftovers
|-damage|p1a: Whimsicott|168\/261 brn|[from] brn
|turn|17
|c|âdingbat|starmie
|
|move|p1a: Whimsicott|U-turn|p2a: Arcanine
|-resisted|p2a: Arcanine
|-damage|p2a: Arcanine|334\/384
|
|switch|p1a: Vaporeon|Vaporeon, F|380\/464
|move|p2a: Arcanine|Will-O-Wisp|p1a: Vaporeon
|-status|p1a: Vaporeon|brn
|
|-heal|p2a: Arcanine|358\/384|[from] item: Leftovers
|-heal|p1a: Vaporeon|409\/464 brn|[from] item: Leftovers
|-damage|p1a: Vaporeon|351\/464 brn|[from] brn
|turn|18
|
|move|p2a: Arcanine|Will-O-Wisp|p1a: Vaporeon
|-fail|p1a: Vaporeon|brn
|move|p1a: Vaporeon|Baton Pass|p1a: Vaporeon
|
|switch|p1a: DiggersBOP|Diggersby, F|311\/311
|
|-heal|p2a: Arcanine|382\/384|[from] item: Leftovers
|turn|19
|c|+SmashBrosBrawl|bop
|c|âdingbat|DIGGERS
|c|âdingbat|BOP
|c|âdingbat|IS
|c|âdingbat|IN
|c| DrReuniclus3|In
|c| DrReuniclus3|in
|c| DrReuniclus3|in
|c|âCrossroads|gameover
|c|âdingbat|IN
|c| DrReuniclus3|o
|c|âdingbat|IN
|c|âdingbat|IN
|c| DrReuniclus3|IN
|c| DrReuniclus3|IN
|c|âdingbat|IN
|c|+SmashBrosBrawl|click
|c| DrReuniclus3|IN
|c| DrReuniclus3|in
|c|+SmashBrosBrawl|the move
|c|+SmashBrosBrawl|nao
|c| DrReuniclus3|inin
|join|ahmersucks
|c| DrReuniclus3|in
|c| DrReuniclus3|in
|c| DrReuniclus3|in
|c| DrReuniclus3|in
|c|âdingbat|IN
|c| DrReuniclus3|in
|c|âdingbat|IN
|c| DrReuniclus3|in
|c|âdingbat|IN
|c| DrReuniclus3|in
|c| DrReuniclus3|in
|c| DrReuniclus3|in
|c| DrReuniclus3|in
|c| DrReuniclus3|in
|c| DrReuniclus3|in
|c| DrReuniclus3|in
|c| DrReuniclus3|in
|c| DrReuniclus3|in
|c| DrReuniclus3|in
|c| DrReuniclus3|in
|c| DrReuniclus3|in
|c| DrReuniclus3|in
|c|âdingbat|i feel like
|c| DrReuniclus3|in
|c| DrReuniclus3|in
|c| DrReuniclus3|in
|c|+SmashBrosBrawl|HE IS ACTUALLY MAX SPE JOLLY AACNAINRAINE
|c| DrReuniclus3|in
|c| DrReuniclus3|in
|c| DrReuniclus3|in
|c|âdingbat|ppl are gonna run speedcreep
|c| DrReuniclus3|in
|c| DrReuniclus3|in
|c| DrReuniclus3|in
|c| DrReuniclus3|in
|leave|ahmersucks
|c| DrReuniclus3|in
|c| DrReuniclus3|in
|c| DrReuniclus3|in
|c| DrReuniclus3|in
|c| DrReuniclus3|in
|c|âdingbat|on diggersbop
|c| DrReuniclus3|in
|c| DrReuniclus3|in
|c| DrReuniclus3|in
|c| DrReuniclus3|in
|c|âdingbat|ok
|c| DrReuniclus3|in
|c| DrReuniclus3|in
|c|âdingbat|shh
|
|switch|p2a: Vaporeon|Vaporeon, F|464\/464
|move|p1a: DiggersBOP|Earthquake|p2a: Vaporeon
|-damage|p2a: Vaporeon|35\/464
|-damage|p1a: DiggersBOP|280\/311|[from] item: Life Orb
|
|-heal|p2a: Vaporeon|64\/464|[from] item: Leftovers
|turn|20
|c| DrReuniclus3|in
|c| DrReuniclus3|in
|c| DrReuniclus3|in
|c| DrReuniclus3|in
|c| DrReuniclus3|in
|c| DrReuniclus3|in
|c| DrReuniclus3|k
|c|âdingbat|oh
|c|âdingbat|my
|c|âdingbat|lord
|c|+SmashBrosBrawl|BULKE
|c|+SmashBrosBrawl|BALKE
|c| DrReuniclus3|no tiers
|
|move|p2a: Vaporeon|Protect|p2a: Vaporeon
|-singleturn|p2a: Vaporeon|Protect
|move|p1a: DiggersBOP|Earthquake|p2a: Vaporeon
|-activate|p2a: Vaporeon|Protect
|
|-heal|p2a: Vaporeon|93\/464|[from] item: Leftovers
|turn|21
|c| DrReuniclus3|its in
|c|+SmashBrosBrawl|WHY ARE YOU PROTECTING
|c|+SmashBrosBrawl|ON A FUCKING SD
|c|âdingbat|wut SD
|c|+SmashBrosBrawl|nerd
|c| DrReuniclus3|doesn't even fear diggersbop
|c| DrReuniclus3|2 reel
|
|switch|p2a: Arcanine|Arcanine, M|382\/384
|-ability|p2a: Arcanine|Intimidate|[of] p1a: DiggersBOP
|-unboost|p1a: DiggersBOP|atk|1
|move|p1a: DiggersBOP|Earthquake|p2a: Arcanine
|-supereffective|p2a: Arcanine
|-damage|p2a: Arcanine|28\/384
|-damage|p1a: DiggersBOP|249\/311|[from] item: Life Orb
|
|-heal|p2a: Arcanine|52\/384|[from] item: Leftovers
|turn|22
|c|+SmashBrosBrawl|bop
|
|switch|p1a: Vaporeon|Vaporeon, F|351\/464 brn
|switch|p2a: Starmie|Starmie|261\/261
|
|-heal|p1a: Vaporeon|380\/464 brn|[from] item: Leftovers
|-damage|p1a: Vaporeon|322\/464 brn|[from] brn
|turn|23
|c|âdingbat|fking
|c|âdingbat|bulk
|c|+SmashBrosBrawl|y u
|c|+SmashBrosBrawl|switch
|
|move|p2a: Starmie|Trick|p1a: Vaporeon
|-activate|p2a: Starmie|move: Trick|[of] p1a: Vaporeon
|-item|p1a: Vaporeon|Choice Specs|[from] move: Trick
|-item|p2a: Starmie|Leftovers|[from] move: Trick
|move|p1a: Vaporeon|Wish|p1a: Vaporeon
|
|-damage|p1a: Vaporeon|264\/464 brn|[from] brn
|turn|24
|c|+SmashBrosBrawl|O
|c|+SmashBrosBrawl|OOOOOOOO
|c|âdingbat|\_(ã)_\/
|
|switch|p1a: Sableye|Sableye, F|303\/303
|move|p2a: Starmie|Ice Beam|p1a: Sableye
|-damage|p1a: Sableye|218\/303
|
|-heal|p1a: Sableye|303\/303|[from] move: Wish|[wisher] Vaporeon
|turn|25
|
|switch|p2a: Arcanine|Arcanine, M|52\/384
|-ability|p2a: Arcanine|Intimidate|[of] p1a: Sableye
|-unboost|p1a: Sableye|atk|1
|move|p1a: Sableye|Knock Off|p2a: Arcanine
|-crit|p2a: Arcanine
|-damage|p2a: Arcanine|0 fnt
|-enditem|p2a: Arcanine|Leftovers|[from] move: Knock Off|[of] p1a: Sableye
|faint|p2a: Arcanine
|
|c|âdingbat|rk9 pls smd kthx
|c|+SmashBrosBrawl|u know
|c|+SmashBrosBrawl|its actually
|c|+SmashBrosBrawl|r KA 9
|c|+SmashBrosBrawl|:^
|c|âdingbat|shhhh
|
|switch|p2a: Vaporeon|Vaporeon, F|93\/464
|turn|26
|join|ahmersucks
|c|+SmashBrosBrawl|god
|c|+SmashBrosBrawl|vaporeon
|c|+SmashBrosBrawl|is so fucking boring
|leave|ahmersucks
|join|ahmersucks
|c|+SmashBrosBrawl|i literally feel like dying when i see it
|
|move|p1a: Sableye|Taunt|p2a: Vaporeon
|-start|p2a: Vaporeon|move: Taunt
|cant|p2a: Vaporeon|move: Taunt|Wish
|
|-heal|p2a: Vaporeon|122\/464|[from] item: Leftovers
|turn|27
|
|move|p2a: Vaporeon|Scald|p1a: Sableye
|-damage|p1a: Sableye|197\/303
|move|p1a: Sableye|Knock Off|p2a: Vaporeon
|-damage|p2a: Vaporeon|35\/464
|-enditem|p2a: Vaporeon|Leftovers|[from] move: Knock Off|[of] p1a: Sableye
|
|-heal|p1a: Sableye|215\/303|[from] item: Leftovers
|turn|28
|
|switch|p1a: Vaporeon|Vaporeon, F|264\/464 brn
|move|p2a: Vaporeon|Scald|p1a: Vaporeon
|-heal|p1a: Vaporeon|380\/464 brn|[from] ability: Water Absorb|[of] p2a: Vaporeon
|
|-damage|p1a: Vaporeon|322\/464 brn|[from] brn
|-end|p2a: Vaporeon|move: Taunt
|turn|29
|
|move|p2a: Vaporeon|Wish|p2a: Vaporeon
|move|p1a: Vaporeon|Baton Pass|p1a: Vaporeon
|c|+SmashBrosBrawl|diggersbop
|
|switch|p1a: DiggersBOP|Diggersby, F|249\/311
|
|turn|30
|
|move|p1a: DiggersBOP|Earthquake|p2a: Vaporeon
|-damage|p2a: Vaporeon|0 fnt
|-damage|p1a: DiggersBOP|218\/311|[from] item: Life Orb
|faint|p2a: Vaporeon
|
|
|switch|p2a: Alakazam|Alakazam, M|252\/252
|turn|31
|c|âdingbat|gud thing i didn't click agil\/sd
|c|âdingbat|n_n
|
|switch|p1a: Gligar|Gligar, F|334\/334
|move|p2a: Alakazam|Substitute|p2a: Alakazam
|-start|p2a: Alakazam|Substitute
|-damage|p2a: Alakazam|189\/252
|
|turn|32
|c|âdingbat|u
|c|+SmashBrosBrawl|hp ice
|c|âdingbat|w0t?
|c|+SmashBrosBrawl|BOP
|c|+SmashBrosBrawl|BOP
|
|move|p2a: Alakazam|Calm Mind|p2a: Alakazam
|-boost|p2a: Alakazam|spa|1
|-boost|p2a: Alakazam|spd|1
|move|p1a: Gligar|U-turn|p2a: Alakazam
|-supereffective|p2a: Alakazam
|-end|p2a: Alakazam|Substitute
|
|switch|p1a: DiggersBOP|Diggersby, F|218\/311
|
|turn|33
|
|move|p1a: DiggersBOP|Quick Attack|p2a: Alakazam
|-damage|p2a: Alakazam|0 fnt
|-damage|p1a: DiggersBOP|187\/311|[from] item: Life Orb
|faint|p2a: Alakazam
|
|
|switch|p2a: Starmie|Starmie|261\/261
|turn|34
|c| DrReuniclus3|O
|c| DrReuniclus3|he was in
|c| DrReuniclus3|and I missed it
|c| DrReuniclus3|fml
|
|switch|p1a: Vaporeon|Vaporeon, F|322\/464 brn
|move|p2a: Starmie|Thunder|p1a: Vaporeon
|-supereffective|p1a: Vaporeon
|-damage|p1a: Vaporeon|104\/464 brn
|
|-damage|p1a: Vaporeon|46\/464 brn|[from] brn
|turn|35
|c|âdingbat|n
|c|âdingbat|e
|c|âdingbat|r
|c|âdingbat|d
|c|+SmashBrosBrawl|IN
|c|+SmashBrosBrawl|IN
|
|move|p2a: Starmie|Ice Beam|p1a: Vaporeon
|-resisted|p1a: Vaporeon
|-damage|p1a: Vaporeon|1\/464 brn
|move|p1a: Vaporeon|Wish|p1a: Vaporeon
|
|-damage|p1a: Vaporeon|0 fnt|[from] brn
|faint|p1a: Vaporeon
|c|+SmashBrosBrawl|DUDE
|c|âdingbat|LOOOOOOOOOOOOOOL
|c|+SmashBrosBrawl|DUDE
|c|+SmashBrosBrawl|DUDE
|c|âdingbat|LOOOOOOOOOOOOOOL
|c|+SmashBrosBrawl|DUEDUE
|c|+SmashBrosBrawl|DARUDE
|c|âdingbat|LOOOOOOOOOOOOOOL
|c|âdingbat|LOOOOOOOOOOOOOOL
|c|+SmashBrosBrawl|DARUDE
|c|+SmashBrosBrawl|DUDE
|c|âdingbat|LOOOOOOOOOOOOOOL
|c|+SmashBrosBrawl|DURUDE
|
|switch|p1a: Sableye|Sableye, F|215\/303
|turn|36
|c|âCrossroads|so klos
|c| DrReuniclus3|o
|c| DrReuniclus3|what did I miss now?
|
|switch|p2a: Blastoise|Blastoise-Mega, M|230\/362
|move|p1a: Sableye|Will-O-Wisp|p2a: Blastoise
|-status|p2a: Blastoise|brn
|
|-heal|p1a: Sableye|303\/303|[from] move: Wish|[wisher] Vaporeon
|-damage|p2a: Blastoise|185\/362 brn|[from] brn
|turn|37
|c|âdingbat|ice beam
|c|âdingbat|not KOing vappy
|c|âdingbat|at 10%
|
|move|p2a: Blastoise|Water Pulse|p1a: Sableye
|-damage|p1a: Sableye|132\/303
|-start|p1a: Sableye|confusion
|-activate|p1a: Sableye|confusion
|move|p1a: Sableye|Knock Off|p2a: Blastoise
|-damage|p2a: Blastoise|137\/362 brn
|
|-heal|p1a: Sableye|150\/303|[from] item: Leftovers
|-damage|p2a: Blastoise|92\/362 brn|[from] brn
|turn|38
|c|+SmashBrosBrawl|blast starmie vappy
|c|+SmashBrosBrawl|thats some synergy
|
|-end|p1a: Sableye|confusion
|move|p1a: Sableye|Recover|p1a: Sableye
|-heal|p1a: Sableye|302\/303
|move|p2a: Blastoise|Water Pulse|p1a: Sableye
|-damage|p1a: Sableye|125\/303
|
|-heal|p1a: Sableye|143\/303|[from] item: Leftovers
|-damage|p2a: Blastoise|47\/362 brn|[from] brn
|turn|39
|c|âdingbat|wut
|c|âdingbat|i snaped out
|c|âdingbat|without suffering 1 turn
|c|âdingbat|dafuq
|c|âdingbat|BUG
|c|âdingbat|BUG
|c|âdingbat|BUG
|c|âdingbat|BUG
|c|âdingbat|BUG
|c|âdingbat|BUG
|c|âdingbat|BUG
|c|âdingbat|BUG
|c|âdingbat|BUG
|c|âdingbat|BUG
|c|âdingbat|BUG
|c|âCrossroads|so klos
|c|âdingbat|BUG
|c|âdingbat|BUG
|c|âdingbat|BUG
|c|âdingbat|BUG
|c|âdingbat|BUG
|c|âdingbat|BUG
|c|âdingbat|BUG
|c|âdingbat|BUG
|c|âdingbat|BUG
|c|âdingbat|BUG
|
|move|p1a: Sableye|Recover|p1a: Sableye
|-heal|p1a: Sableye|295\/303
|move|p2a: Blastoise|Water Pulse|p1a: Sableye
|-damage|p1a: Sableye|118\/303
|
|-heal|p1a: Sableye|136\/303|[from] item: Leftovers
|-damage|p2a: Blastoise|2\/362 brn|[from] brn
|turn|40
|c|âdingbat|BUG
|c|âdingbat|BUG
|c|âdingbat|BUG
|c|âdingbat|BUG
|c|âdingbat|BUG
|c|âdingbat|BUG
|
|move|p1a: Sableye|Recover|p1a: Sableye
|-heal|p1a: Sableye|288\/303
|move|p2a: Blastoise|Water Pulse|p1a: Sableye
|-damage|p1a: Sableye|125\/303
|
|-heal|p1a: Sableye|143\/303|[from] item: Leftovers
|-damage|p2a: Blastoise|0 fnt|[from] brn
|faint|p2a: Blastoise
|join|plebian ruser
|c|âdingbat|BUG
|c|âdingbat|BUG
|c|âdingbat|BUG
|join|LisannaDragneel
|c|âdingbat|BUG
|c|âdingbat|BUG
|c|âdingbat|BUG
|join|thymeÂ¯\_(ã)_\/Â¯time
|leave|thymeÂ¯\_(ã)_\/Â¯time
|c|+SmashBrosBrawl|and tahts muh friends
|
|switch|p2a: Starmie|Starmie|261\/261
|turn|41
|c|+SmashBrosBrawl|is why u run hydro pump
|c| DrReuniclus3|WHat happened
|join|Mew Neta
|c|âdingbat|i snapped out of confusion
|c|+SmashBrosBrawl|if you recover he gets the anal boost
|c|+SmashBrosBrawl|fun stuff
|c|âdingbat|without even suffering the turn of confusion
|c|âdingbat|go to turn 39
|c|âdingbat|or 38
|c|âdingbat|or w\/e
|c|âdingbat|you'll see
|
|move|p1a: Sableye|Recover|p1a: Sableye
|-heal|p1a: Sableye|295\/303
|move|p2a: Starmie|Hydro Pump|p1a: Sableye
|-damage|p1a: Sableye|124\/303
|
|-heal|p1a: Sableye|142\/303|[from] item: Leftovers
|turn|42
|
|move|p2a: Starmie|Thunder|p1a: Sableye
|-damage|p1a: Sableye|39\/303
|move|p1a: Sableye|Knock Off|p2a: Starmie
|-supereffective|p2a: Starmie
|-damage|p2a: Starmie|45\/261
|-enditem|p2a: Starmie|Leftovers|[from] move: Knock Off|[of] p1a: Sableye
|
|-heal|p1a: Sableye|57\/303|[from] item: Leftovers
|turn|43
|c|+SmashBrosBrawl|um
|c|+SmashBrosBrawl|kek
|
|move|p2a: Starmie|Hydro Pump|p1a: Sableye
|-damage|p1a: Sableye|0 fnt
|faint|p1a: Sableye
|
|
|switch|p1a: Whimsicott|Whimsicott, F|168\/261 brn
|turn|44
|
|switch|p2a: Snorlax|Snorlax, M|524\/524
|move|p1a: Whimsicott|Moonblast|p2a: Snorlax
|-damage|p2a: Snorlax|443\/524
|
|-heal|p1a: Whimsicott|184\/261 brn|[from] item: Leftovers
|-heal|p2a: Snorlax|475\/524|[from] item: Leftovers
|-damage|p1a: Whimsicott|152\/261 brn|[from] brn
|turn|45
|
|move|p1a: Whimsicott|Memento|p2a: Snorlax
|-unboost|p2a: Snorlax|atk|2
|-unboost|p2a: Snorlax|spa|2
|faint|p1a: Whimsicott
|move|p2a: Snorlax|Body Slam|p1: Whimsicott|[notarget]
|-notarget
|
|-heal|p2a: Snorlax|507\/524|[from] item: Leftovers
|
|switch|p1a: DiggersBOP|Diggersby, F|187\/311
|turn|46
|
|move|p1a: DiggersBOP|Earthquake|p2a: Snorlax
|-damage|p2a: Snorlax|53\/524
|-damage|p1a: DiggersBOP|156\/311|[from] item: Life Orb
|move|p2a: Snorlax|Body Slam|p1a: DiggersBOP
|-damage|p1a: DiggersBOP|92\/311
|
|-heal|p2a: Snorlax|85\/524|[from] item: Leftovers
|turn|47
|leave|plebian ruser
|
|move|p1a: DiggersBOP|Earthquake|p2a: Snorlax
|-damage|p2a: Snorlax|0 fnt
|-damage|p1a: DiggersBOP|61\/311|[from] item: Life Orb
|faint|p2a: Snorlax
|
|c|âdingbat|ogre
|
|switch|p2a: Starmie|Starmie|45\/261
|turn|48
|
|move|p1a: DiggersBOP|Quick Attack|p2a: Starmie
|-damage|p2a: Starmie|0 fnt
|-damage|p1a: DiggersBOP|30\/311|[from] item: Life Orb
|faint|p2a: Starmie
|
|win|dingbat
|raw|Ladder updating...
|leave|SmashBrosBrawl
|raw|dingbat's rating: 1628 &rarr; <strong>1634<\/strong><br \/>(+6 for winning)
|raw|Crossroads's rating: 1345 &rarr; <strong>1338<\/strong><br \/>(-7 for losing)
|leave|LisannaDragneel