|join|dingbat
|join|Meruu
|player|p1|dingbat|3
|player|p2|Meruu|174
|gametype|singles
|gen|6
|tier|UU
|rated
|rule|Sleep Clause Mod: Limit one foe put to sleep
|rule|Species Clause: Limit one of each PokÃ©mon
|rule|OHKO Clause: OHKO moves are banned
|rule|Moody Clause: Moody is banned
|rule|Evasion Moves Clause: Evasion moves are banned
|rule|Endless Battle Clause: Forcing endless battles is banned
|rule|HP Percentage Mod: HP is shown in percentages
|clearpoke
|poke|p1|Aerodactyl, M
|poke|p1|Infernape, M
|poke|p1|Krookodile, M
|poke|p1|Jirachi
|poke|p1|Aromatisse, F
|poke|p1|Tentacruel, F
|poke|p2|Bronzong
|poke|p2|Florges, F
|poke|p2|Entei, shiny
|poke|p2|Roserade, M
|poke|p2|Starmie
|poke|p2|Pidgeot, F
|rule|Swagger Clause: Swagger is banned
|rule|Baton Pass Clause: Limit one PokÃ©mon knowing Baton Pass
|teampreview
|c|âMeruu|KEKKK
|c|âMeruu|UR DEDDD
|join|Rangerbass3587
|join|Bob the m8
|c|âdingbat|KEK
|c|âMeruu|.
|c|âMeruu|.
|c|âMeruu|.
|c|âMeruu|.
|
|start
|switch|p1a: Jirachi|Jirachi|341\/341
|switch|p2a: Starmie|Starmie|261\/261
|turn|1
|c|âMeruu|.
|c|âMeruu|.
|c| Bob the m8|dingbop you have to redeem yourself
|c| Bob the m8|after getting shat on by sheddy
|c|âdingbat|sheddy
|join|wakeru
|c|âdingbat|didn't even appear
|c|âdingbat|zzzzzzzzzzzzzzzzz
|
|move|p1a: Jirachi|U-turn|p2a: Starmie
|-crit|p2a: Starmie
|-supereffective|p2a: Starmie
|-damage|p2a: Starmie|29\/261
|c|âMeruu|HAX!!
|c|âdingbat|BOP
|c|âdingbat|BOP
|c|âdingbat|BOP
|c|âdingbat|BOP
|c|âdingbat|BOP
|c| Bob the m8|coz
|c|âdingbat|BOP
|c|âdingbat|BOP
|c|âdingbat|BOP
|c|âdingbat|BOP
|c|âMeruu|wheres ur switch in
|c|âMeruu|nigga
|c|âdingbat|Â¯\_(ã)_\/Â¯
|c|âMeruu|hello
|
|switch|p1a: Tentacruel|Tentacruel, F|362\/362
|move|p2a: Starmie|Scald|p1a: Tentacruel
|-resisted|p1a: Tentacruel
|-damage|p1a: Tentacruel|308\/362
|
|-heal|p2a: Starmie|45\/261|[from] item: Leftovers
|-heal|p1a: Tentacruel|330\/362|[from] item: Black Sludge
|turn|2
|c| Rangerbass3587|whats bop
|c| Rangerbass3587|?
|c|âMeruu|watch n learn
|c|âdingbat|idek
|c|âMeruu|yn
|
|switch|p1a: Jirachi|Jirachi|341\/341
|move|p2a: Starmie|Recover|p2a: Starmie
|-heal|p2a: Starmie|176\/261
|
|-heal|p2a: Starmie|192\/261|[from] item: Leftovers
|turn|3
|c|âdingbat|clit again
|c|âdingbat|y\/n
|c|âdingbat|Â¯\_(ã)_\/Â¯
|
|move|p1a: Jirachi|Trick|p2a: Starmie
|-activate|p1a: Jirachi|move: Trick|[of] p2a: Starmie
|-item|p2a: Starmie|Choice Scarf|[from] move: Trick
|-item|p1a: Jirachi|Leftovers|[from] move: Trick
|move|p2a: Starmie|Scald|p1a: Jirachi
|-damage|p1a: Jirachi|227\/341
|
|-heal|p1a: Jirachi|248\/341|[from] item: Leftovers
|turn|4
|c| Rangerbass3587|yn?
|
|move|p2a: Starmie|Scald|p1a: Jirachi
|-damage|p1a: Jirachi|130\/341
|move|p1a: Jirachi|U-turn|p2a: Starmie
|-supereffective|p2a: Starmie
|-damage|p2a: Starmie|46\/261
|
|switch|p1a: Aromatisse|Aromatisse, F|406\/406
|
|turn|5
|c|âdingbat|nice burnz
|join|Shedinja LMOA
|
|switch|p2a: Entei|Entei, shiny|371\/371
|-ability|p2a: Entei|Pressure
|move|p1a: Aromatisse|Wish|p1a: Aromatisse
|
|turn|6
|c|âMeruu|u were sayin
|c|âdingbat|Â¯\_(ã)_\/Â¯Â¯\_(ã)_\/Â¯Â¯\_(ã)_\/Â¯Â¯\_(ã)_\/Â¯Â¯\_(ã)_\/Â¯Â¯\_(ã)_\/Â¯Â¯\_(ã)_\/Â¯Â¯\_(ã)_\/Â¯Â¯\_(ã)_\/Â¯Â¯\_(ã)_\/Â¯Â¯\_(ã)_\/Â¯Â¯\_(ã)_\/Â¯Â¯\_(ã)_\/Â¯Â¯\_(ã)_\/Â¯Â¯\_(ã)_\/Â¯Â¯\_(ã)_\/Â¯
|
|switch|p1a: Tentacruel|Tentacruel, F|330\/362
|move|p2a: Entei|Sacred Fire|p1a: Tentacruel
|-resisted|p1a: Tentacruel
|-damage|p1a: Tentacruel|209\/362
|-status|p1a: Tentacruel|brn
|
|-heal|p1a: Tentacruel|362\/362 brn|[from] move: Wish|[wisher] Aromatisse
|-damage|p1a: Tentacruel|317\/362 brn|[from] brn
|turn|7
|leave|Rangerbass3587
|c|âdingbat|EVERYBODY HOLD HANDZ
|
|switch|p1a: Krookodile|Krookodile, M|331\/331
|-ability|p1a: Krookodile|Intimidate|[of] p2a: Entei
|-unboost|p2a: Entei|atk|1
|move|p2a: Entei|Sacred Fire|p1a: Krookodile
|-damage|p1a: Krookodile|133\/331
|-status|p1a: Krookodile|brn
|
|-damage|p1a: Krookodile|92\/331 brn|[from] brn
|turn|8
|c|âdingbat|DIS GON BE A WILD RIDE
|c|âMeruu|helo
|
|switch|p2a: Pidgeot|Pidgeot, F|317\/317
|move|p1a: Krookodile|Knock Off|p2a: Pidgeot
|-damage|p2a: Pidgeot|211\/317
|
|-damage|p1a: Krookodile|51\/331 brn|[from] brn
|turn|9
|c|âdingbat|33%
|c|âdingbat|not
|c|âdingbat|bad
|
|detailschange|p2a: Pidgeot|Pidgeot-Mega, F
|message|Pidgeot has Mega Evolved into Mega Pidgeot!
|move|p2a: Pidgeot|Hurricane|p1a: Krookodile
|-damage|p1a: Krookodile|0 fnt
|faint|p1a: Krookodile
|
|
|switch|p1a: Aerodactyl|Aerodactyl, M|311\/311
|turn|10
|
|switch|p2a: Bronzong|Bronzong|338\/338
|detailschange|p1a: Aerodactyl|Aerodactyl-Mega, M
|message|Aerodactyl has Mega Evolved into Mega Aerodactyl!
|move|p1a: Aerodactyl|Taunt|p2a: Bronzong
|-start|p2a: Bronzong|move: Taunt
|
|turn|11
|
|switch|p1a: Infernape|Infernape, M|294\/294
|move|p2a: Bronzong|Earthquake|p1a: Infernape
|-supereffective|p1a: Infernape
|-damage|p1a: Infernape|98\/294
|
|turn|12
|c|âdingbat|NICE
|c|âdingbat|N
|c|âdingbat|BLAZED
|
|move|p1a: Infernape|Fire Blast|p2a: Bronzong
|-supereffective|p2a: Bronzong
|-damage|p2a: Bronzong|0 fnt
|faint|p2a: Bronzong
|
|c|âMeruu|h-hax
|c|âdingbat|EXACTLY
|c|âdingbat|1\/3 HP
|
|switch|p2a: Pidgeot|Pidgeot-Mega, F|211\/317
|turn|13
|c|âdingbat|RIP
|c|âMeruu|my screen says 34%
|c|âMeruu|o_O
|c|âdingbat|it rounds up
|c|âdingbat|zzzz
|c|âMeruu|k well thats gay
|c|âMeruu|cuz otherwise i live
|c|âMeruu|:[
|c|âdingbat|yup
|
|switch|p1a: Tentacruel|Tentacruel, F|317\/362 brn
|move|p2a: Pidgeot|Hurricane|p1a: Tentacruel
|-damage|p1a: Tentacruel|151\/362 brn
|
|-heal|p1a: Tentacruel|173\/362 brn|[from] item: Black Sludge
|-damage|p1a: Tentacruel|128\/362 brn|[from] brn
|turn|14
|c|âdingbat|i wana spam
|c|âdingbat|dat stone edge
|c|âdingbat|badly
|
|move|p2a: Pidgeot|Hurricane|p1a: Tentacruel
|-damage|p1a: Tentacruel|0 fnt
|faint|p1a: Tentacruel
|
|
|switch|p1a: Aerodactyl|Aerodactyl-Mega, M|311\/311
|turn|15
|join|Alldaalts
|
|switch|p2a: Florges|Florges, F|360\/360
|move|p1a: Aerodactyl|Stone Edge|p2a: Florges
|-crit|p2a: Florges
|-damage|p2a: Florges|113\/360
|
|-heal|p2a: Florges|135\/360|[from] item: Leftovers
|turn|16
|c|âdingbat|H
|c|âdingbat|@
|c|âdingbat|X
|c|âMeruu|haxing fgt!!
|
|switch|p1a: Jirachi|Jirachi|130\/341
|move|p2a: Florges|Protect|p2a: Florges
|-fail|p2a: Florges
|
|-heal|p1a: Jirachi|151\/341|[from] item: Leftovers
|-heal|p2a: Florges|157\/360|[from] item: Leftovers
|turn|17
|
|move|p2a: Florges|Protect|p2a: Florges
|-singleturn|p2a: Florges|Protect
|move|p1a: Jirachi|Zen Headbutt|p2a: Florges
|-activate|p2a: Florges|Protect
|
|-heal|p1a: Jirachi|172\/341|[from] item: Leftovers
|-heal|p2a: Florges|179\/360|[from] item: Leftovers
|turn|18
|
|switch|p2a: Entei|Entei, shiny|371\/371
|-ability|p2a: Entei|Pressure
|move|p1a: Jirachi|Zen Headbutt|p2a: Entei
|-damage|p2a: Entei|235\/371
|
|-heal|p1a: Jirachi|193\/341|[from] item: Leftovers
|turn|19
|
|move|p1a: Jirachi|Zen Headbutt|p2a: Entei
|-damage|p2a: Entei|97\/371
|move|p2a: Entei|Sacred Fire|p1a: Jirachi
|-supereffective|p1a: Jirachi
|-damage|p1a: Jirachi|0 fnt
|faint|p1a: Jirachi
|
|
|switch|p1a: Aerodactyl|Aerodactyl-Mega, M|311\/311
|turn|20
|
|switch|p2a: Roserade|Roserade, M|261\/261
|move|p1a: Aerodactyl|Aerial Ace|p2a: Roserade
|-crit|p2a: Roserade
|-supereffective|p2a: Roserade
|-damage|p2a: Roserade|0 fnt
|faint|p2a: Roserade
|
|c|âdingbat|H
|c|âdingbat|@
|c|âdingbat|X
|c|âdingbat|not
|
|switch|p2a: Starmie|Starmie|46\/261
|turn|21
|c|âMeruu|rip me
|
|switch|p1a: Aromatisse|Aromatisse, F|406\/406
|move|p2a: Starmie|Scald|p1a: Aromatisse
|-damage|p1a: Aromatisse|277\/406
|-status|p1a: Aromatisse|brn
|
|-heal|p1a: Aromatisse|302\/406 brn|[from] item: Leftovers
|-damage|p1a: Aromatisse|252\/406 brn|[from] brn
|turn|22
|
|switch|p2a: Entei|Entei, shiny|97\/371
|-ability|p2a: Entei|Pressure
|move|p1a: Aromatisse|Wish|p1a: Aromatisse
|
|-heal|p1a: Aromatisse|277\/406 brn|[from] item: Leftovers
|-damage|p1a: Aromatisse|227\/406 brn|[from] brn
|turn|23
|c| Bob the m8|that some scarf starmie?
|c|âdingbat|yup
|
|move|p1a: Aromatisse|Protect|p1a: Aromatisse
|-singleturn|p1a: Aromatisse|Protect
|move|p2a: Entei|Iron Head|p1a: Aromatisse
|-activate|p1a: Aromatisse|Protect
|
|-heal|p1a: Aromatisse|406\/406 brn|[from] move: Wish|[wisher] Aromatisse
|-damage|p1a: Aromatisse|356\/406 brn|[from] brn
|turn|24
|c|âMeruu|he tricked me
|c| Bob the m8|oh
|c| Bob the m8|kek
|
|switch|p1a: Infernape|Infernape, M|98\/294
|move|p2a: Entei|Iron Head|p1a: Infernape
|-resisted|p1a: Infernape
|-damage|p1a: Infernape|0 fnt
|faint|p1a: Infernape
|
|
|switch|p1a: Aerodactyl|Aerodactyl-Mega, M|311\/311
|turn|25
|
|switch|p2a: Florges|Florges, F|179\/360
|move|p1a: Aerodactyl|Aerial Ace|p2a: Florges
|-damage|p2a: Florges|44\/360
|
|-heal|p2a: Florges|66\/360|[from] item: Leftovers
|turn|26
|
|move|p1a: Aerodactyl|Aerial Ace|p2a: Florges
|-damage|p2a: Florges|0 fnt
|faint|p2a: Florges
|
|
|switch|p2a: Starmie|Starmie|46\/261
|turn|27
|c|âdingbat|scaldmie
|c|âdingbat|real doozy
|
|switch|p2a: Pidgeot|Pidgeot-Mega, F|211\/317
|switch|p1a: Aromatisse|Aromatisse, F|356\/406 brn
|
|-heal|p1a: Aromatisse|381\/406 brn|[from] item: Leftovers
|-damage|p1a: Aromatisse|331\/406 brn|[from] brn
|turn|28
|leave|Alldaalts
|
|move|p2a: Pidgeot|Hurricane|p1a: Aromatisse
|-damage|p1a: Aromatisse|91\/406 brn
|move|p1a: Aromatisse|Wish|p1a: Aromatisse
|
|-heal|p1a: Aromatisse|116\/406 brn|[from] item: Leftovers
|-damage|p1a: Aromatisse|66\/406 brn|[from] brn
|turn|29
|c|âMeruu|show me some HAX
|join|Alldaalts
|c|âdingbat|RIP
|
|move|p1a: Aromatisse|Protect|p1a: Aromatisse
|-singleturn|p1a: Aromatisse|Protect
|move|p2a: Pidgeot|Hurricane|p1a: Aromatisse
|-activate|p1a: Aromatisse|Protect
|
|-heal|p1a: Aromatisse|269\/406 brn|[from] move: Wish|[wisher] Aromatisse
|-heal|p1a: Aromatisse|294\/406 brn|[from] item: Leftovers
|-damage|p1a: Aromatisse|244\/406 brn|[from] brn
|turn|30
|c| Bob the m8|just eat a scald and win
|c| Bob the m8|ez
|c|âMeruu|n0
|leave|Alldaalts
|
|switch|p1a: Aerodactyl|Aerodactyl-Mega, M|311\/311
|move|p2a: Pidgeot|Hurricane|p1a: Aerodactyl
|-resisted|p1a: Aerodactyl
|-damage|p1a: Aerodactyl|212\/311
|-start|p1a: Aerodactyl|confusion
|
|turn|31
|join|Alldaalts
|leave|Alldaalts
|c| Bob the m8|rip
|c|âdingbat|AERO
|c|âdingbat|PULLIN THRU!!!!
|
|-activate|p1a: Aerodactyl|confusion
|-damage|p1a: Aerodactyl|154\/311|[from] confusion
|move|p2a: Pidgeot|Hurricane|p1a: Aerodactyl
|-resisted|p1a: Aerodactyl
|-damage|p1a: Aerodactyl|44\/311
|
|turn|32
|c|âdingbat|ZZZZZZZZ
|
|-end|p1a: Aerodactyl|confusion
|move|p1a: Aerodactyl|Stone Edge|p2a: Pidgeot
|-supereffective|p2a: Pidgeot
|-damage|p2a: Pidgeot|0 fnt
|faint|p2a: Pidgeot
|
|c|âdingbat|RIP
|
|switch|p2a: Starmie|Starmie|46\/261
|turn|33
|c| Bob the m8|now eat this scald
|c|âMeruu|too gud
|c|âMeruu|rip u
|
|move|p2a: Starmie|Scald|p1a: Aerodactyl
|-supereffective|p1a: Aerodactyl
|-damage|p1a: Aerodactyl|0 fnt
|faint|p1a: Aerodactyl
|
|
|switch|p1a: Aromatisse|Aromatisse, F|244\/406 brn
|turn|34
|c|âdingbat|:,,,,,,,,,,,,,,,,,,,,,,,,,,,,,,,,,,,,,,,,,,,,,,,,,,,,,[
|
|move|p2a: Starmie|Scald|p1a: Aromatisse
|-damage|p1a: Aromatisse|112\/406 brn
|move|p1a: Aromatisse|Moonblast|p2a: Starmie
|-damage|p2a: Starmie|0 fnt
|faint|p2a: Starmie
|
|-heal|p1a: Aromatisse|137\/406 brn|[from] item: Leftovers
|-damage|p1a: Aromatisse|87\/406 brn|[from] brn
|
|switch|p2a: Entei|Entei, shiny|97\/371
|-ability|p2a: Entei|Pressure
|turn|35
|
|move|p2a: Entei|Iron Head|p1a: Aromatisse
|-supereffective|p1a: Aromatisse
|-damage|p1a: Aromatisse|0 fnt
|faint|p1a: Aromatisse
|
|win|Meruu
|raw|Ladder updating...
|raw|dingbat's rating: 1600 &rarr; <strong>1577<\/strong><br \/>(-23 for losing)
|raw|Meruu's rating: 1540 &rarr; <strong>1563<\/strong><br \/>(+23 for winning)