|join|Shaymind
|join|dingbat
|player|p1|Shaymind|1
|player|p2|dingbat|3
|gametype|singles
|gen|6
|tier|UU
|rule|Sleep Clause Mod: Limit one foe put to sleep
|rule|Species Clause: Limit one of each PokÃ©mon
|rule|OHKO Clause: OHKO moves are banned
|rule|Moody Clause: Moody is banned
|rule|Evasion Moves Clause: Evasion moves are banned
|rule|Endless Battle Clause: Forcing endless battles is banned
|rule|HP Percentage Mod: HP is shown in percentages
|clearpoke
|poke|p1|Chandelure, M
|poke|p1|Swampert, F
|poke|p1|Shaymin, shiny
|poke|p1|Jirachi
|poke|p1|Crobat, F
|poke|p1|Lopunny, M
|poke|p2|Aerodactyl, M
|poke|p2|Infernape, M
|poke|p2|Krookodile, M
|poke|p2|Jirachi
|poke|p2|Aromatisse, M
|poke|p2|Tentacruel, F
|rule|Swagger Clause: Swagger is banned
|rule|Baton Pass Clause: Limit one PokÃ©mon knowing Baton Pass
|teampreview
|c|âShaymind|M-lop wasnt banned iirc right
|c|âdingbat|naw
|c|âShaymind|aight
|c|âdingbat|it was close
|c|âShaymind|yeah one vote away
|
|start
|switch|p1a: Swampert|Swampert, F|403\/403
|switch|p2a: Infernape|Infernape, M|294\/294
|turn|1
|
|switch|p1a: Chandelure|Chandelure, M|289\/289
|move|p2a: Infernape|Taunt|p1a: Chandelure
|-start|p1a: Chandelure|move: Taunt
|
|turn|2
|
|move|p2a: Infernape|Stealth Rock|p1a: Chandelure
|-sidestart|p1: Shaymind|move: Stealth Rock
|move|p1a: Chandelure|Shadow Ball|p2a: Infernape
|-damage|p2a: Infernape|111\/294
|
|turn|3
|
|switch|p2a: Krookodile|Krookodile, M|331\/331
|-ability|p2a: Krookodile|Intimidate|[of] p1a: Chandelure
|-unboost|p1a: Chandelure|atk|1
|switch|p1a: Swampert|Swampert, F|403\/403
|-damage|p1a: Swampert|378\/403|[from] Stealth Rock
|
|-heal|p1a: Swampert|403\/403|[from] item: Leftovers
|turn|4
|
|move|p2a: Krookodile|Knock Off|p1a: Swampert
|-damage|p1a: Swampert|205\/403
|-enditem|p1a: Swampert|Leftovers|[from] move: Knock Off|[of] p2a: Krookodile
|move|p1a: Swampert|Scald|p2a: Krookodile
|-supereffective|p2a: Krookodile
|-damage|p2a: Krookodile|109\/331
|
|turn|5
|
|move|p2a: Krookodile|Knock Off|p1a: Swampert
|-damage|p1a: Swampert|69\/403
|move|p1a: Swampert|Stealth Rock|p2a: Krookodile
|-sidestart|p2: dingbat|move: Stealth Rock
|
|turn|6
|
|move|p2a: Krookodile|Knock Off|p1a: Swampert
|-damage|p1a: Swampert|0 fnt
|faint|p1a: Swampert
|
|
|switch|p1a: Lopunny|Lopunny, M|271\/271
|-damage|p1a: Lopunny|238\/271|[from] Stealth Rock
|turn|7
|c|âdingbat|hm
|
|switch|p2a: Infernape|Infernape, M|111\/294
|-damage|p2a: Infernape|75\/294|[from] Stealth Rock
|detailschange|p1a: Lopunny|Lopunny-Mega, M
|message|Lopunny has Mega Evolved into Mega Lopunny!
|move|p1a: Lopunny|Substitute|p1a: Lopunny
|-start|p1a: Lopunny|Substitute
|-damage|p1a: Lopunny|171\/271
|
|turn|8
|c|âdingbat|that might be a problem o.O
|
|move|p1a: Lopunny|Return|p2a: Infernape
|-damage|p2a: Infernape|0 fnt
|faint|p2a: Infernape
|
|
|switch|p2a: Jirachi|Jirachi|341\/341
|-damage|p2a: Jirachi|320\/341|[from] Stealth Rock
|turn|9
|join|epic4eternity
|
|move|p2a: Jirachi|Iron Head|p1a: Lopunny
|-end|p1a: Lopunny|Substitute
|move|p1a: Lopunny|High Jump Kick|p2a: Jirachi
|-damage|p2a: Jirachi|98\/341
|
|turn|10
|
|switch|p2a: Tentacruel|Tentacruel, F|362\/362
|-damage|p2a: Tentacruel|317\/362|[from] Stealth Rock
|switch|p1a: Jirachi|Jirachi|341\/341
|-damage|p1a: Jirachi|320\/341|[from] Stealth Rock
|
|-heal|p2a: Tentacruel|339\/362|[from] item: Black Sludge
|turn|11
|
|move|p1a: Jirachi|U-turn|p2a: Tentacruel
|-resisted|p2a: Tentacruel
|-damage|p2a: Tentacruel|305\/362
|
|switch|p1a: Lopunny|Lopunny-Mega, M|171\/271
|-damage|p1a: Lopunny|155\/271|[from] Stealth Rock
|move|p2a: Tentacruel|Rapid Spin|p1a: Lopunny
|-damage|p1a: Lopunny|144\/271
|-sideend|p2: dingbat|Stealth Rock|[from] move: Rapid Spin|[of] p2a: Tentacruel
|
|-heal|p2a: Tentacruel|327\/362|[from] item: Black Sludge
|turn|12
|
|move|p1a: Lopunny|Encore|p2a: Tentacruel
|-start|p2a: Tentacruel|Encore
|move|p2a: Tentacruel|Rapid Spin|p1a: Lopunny
|-damage|p1a: Lopunny|133\/271
|
|-heal|p2a: Tentacruel|349\/362|[from] item: Black Sludge
|turn|13
|
|switch|p2a: Aromatisse|Aromatisse, M|406\/406
|move|p1a: Lopunny|Return|p2a: Aromatisse
|-damage|p2a: Aromatisse|225\/406
|
|-heal|p2a: Aromatisse|250\/406|[from] item: Leftovers
|turn|14
|
|switch|p1a: Crobat|Crobat, F|373\/373
|-damage|p1a: Crobat|280\/373|[from] Stealth Rock
|move|p2a: Aromatisse|Wish|p2a: Aromatisse
|
|-heal|p1a: Crobat|303\/373|[from] item: Black Sludge
|-heal|p2a: Aromatisse|275\/406|[from] item: Leftovers
|turn|15
|c|âdingbat|dis aerosmacktyl gonna b
|c|âdingbat|important
|c|âShaymind|mhmm
|c|âShaymind|i forgot whether scarfrachi is faster or not
|
|switch|p2a: Jirachi|Jirachi|98\/341
|move|p1a: Crobat|Defog|p2a: Jirachi
|-unboost|p2a: Jirachi|evasion|1
|-sideend|p1: Shaymind|Stealth Rock|[from] move: Defog|[of] p1a: Crobat
|
|-heal|p2a: Jirachi|301\/341|[from] move: Wish|[wisher] Aromatisse
|-heal|p1a: Crobat|326\/373|[from] item: Black Sludge
|turn|16
|
|move|p2a: Jirachi|Zen Headbutt|p1a: Crobat
|-supereffective|p1a: Crobat
|-damage|p1a: Crobat|20\/373
|move|p1a: Crobat|U-turn|p2a: Jirachi
|-damage|p2a: Jirachi|242\/341
|c|âShaymind|oww
|
|switch|p1a: Jirachi|Jirachi|320\/341
|
|turn|17
|c|âdingbat|Â¯\_(ã)_\/Â¯
|
|switch|p2a: Tentacruel|Tentacruel, F|349\/362
|move|p1a: Jirachi|U-turn|p2a: Tentacruel
|-resisted|p2a: Tentacruel
|-damage|p2a: Tentacruel|316\/362
|
|switch|p1a: Shaymin|Shaymin, shiny|341\/341
|
|-heal|p2a: Tentacruel|338\/362|[from] item: Black Sludge
|turn|18
|c|âShaymind|.-.
|c|âdingbat|*burp*
|
|move|p1a: Shaymin|Seed Flare|p2a: Tentacruel
|-damage|p2a: Tentacruel|138\/362
|-damage|p1a: Shaymin|307\/341|[from] item: Life Orb
|move|p2a: Tentacruel|Toxic|p1a: Shaymin
|-status|p1a: Shaymin|tox
|
|-heal|p2a: Tentacruel|160\/362|[from] item: Black Sludge
|-damage|p1a: Shaymin|286\/341 tox|[from] psn
|turn|19
|c|âdingbat|hmm
|
|switch|p2a: Aerodactyl|Aerodactyl, M|311\/311
|move|p1a: Shaymin|Seed Flare|p2a: Aerodactyl
|-damage|p2a: Aerodactyl|15\/311
|-damage|p1a: Shaymin|252\/341 tox|[from] item: Life Orb
|
|-damage|p1a: Shaymin|210\/341 tox|[from] psn
|turn|20
|c|âdingbat|h00000leeeeeeeeeeeeeeeee
|c|âdingbat|SHIT
|c|âdingbat|THAT COULDA BEEN BAD
|c|âShaymind|predict imo
|c|âdingbat|THOSE 40 HP EVS
|c|âdingbat|ALMOST MATTERED
|c|âShaymind|....
|c|âShaymind|holy shit
|c|âdingbat|it's ok
|c|âdingbat|i woulda lived with
|
|detailschange|p2a: Aerodactyl|Aerodactyl-Mega, M
|message|Aerodactyl has Mega Evolved into Mega Aerodactyl!
|move|p2a: Aerodactyl|Aerial Ace|p1a: Shaymin
|-supereffective|p1a: Shaymin
|-damage|p1a: Shaymin|0 fnt
|faint|p1a: Shaymin
|
|c|âdingbat|10 hp less
|c|âdingbat|np np np np
|c|âdingbat|nnnnnnpppppppppp
|c|âShaymind|hmm, no roost I presume
|c|âShaymind|w\/e
|c|âdingbat|you don't know :[
|c|âShaymind|I was predicting roost ;;
|
|switch|p1a: Jirachi|Jirachi|320\/341
|turn|21
|c|âdingbat|;;;;
|
|switch|p2a: Tentacruel|Tentacruel, F|160\/362
|move|p1a: Jirachi|U-turn|p2a: Tentacruel
|-resisted|p2a: Tentacruel
|-damage|p2a: Tentacruel|125\/362
|
|switch|p1a: Lopunny|Lopunny-Mega, M|133\/271
|
|-heal|p2a: Tentacruel|147\/362|[from] item: Black Sludge
|turn|22
|
|move|p1a: Lopunny|Return|p2a: Tentacruel
|-damage|p2a: Tentacruel|0 fnt
|faint|p2a: Tentacruel
|
|
|switch|p2a: Jirachi|Jirachi|242\/341
|turn|23
|
|switch|p1a: Jirachi|Jirachi|320\/341
|move|p2a: Jirachi|U-turn|p1a: Jirachi
|-damage|p1a: Jirachi|247\/341
|
|switch|p2a: Krookodile|Krookodile, M|109\/331
|-ability|p2a: Krookodile|Intimidate|[of] p1a: Jirachi
|-unboost|p1a: Jirachi|atk|1
|
|turn|24
|c|âShaymind|...
|c|âdingbat|ez
|c|âShaymind|I don't wanna throw this game to hax
|c|âShaymind|but...
|c|âdingbat|ITS GONNA HAPPEN
|c|âdingbat|i said let the hax commence tho sooooooooooooooooooooo
|c|âdingbat|we're all assuming
|c|âdingbat|it'll be ok :]
|c|âdingbat|it'll all be ok
|c|âShaymind|;;
|c|âdingbat|i promise
|c|âShaymind|alright :[
|
|switch|p2a: Jirachi|Jirachi|242\/341
|move|p1a: Jirachi|Iron Head|p2a: Jirachi
|-resisted|p2a: Jirachi
|-damage|p2a: Jirachi|204\/341
|
|turn|25
|c|âShaymind|aight
|
|move|p2a: Jirachi|Iron Head|p1a: Jirachi
|-resisted|p1a: Jirachi
|-damage|p1a: Jirachi|185\/341
|cant|p1a: Jirachi|flinch
|
|turn|26
|c|âShaymind|rood
|c|âdingbat|r00d
|
|move|p1a: Jirachi|Iron Head|p2a: Jirachi
|-resisted|p2a: Jirachi
|-damage|p2a: Jirachi|163\/341
|move|p2a: Jirachi|Iron Head|p1a: Jirachi
|-crit|p1a: Jirachi
|-resisted|p1a: Jirachi
|-damage|p1a: Jirachi|103\/341
|
|turn|27
|c|âdingbat|OML
|c|âdingbat|NOT
|c|âdingbat|FLINCH
|c|âShaymind|wow
|c|âdingbat|ZZZZZZZZZZZZZZZZZZZZZZZ
|
|switch|p1a: Chandelure|Chandelure, M|289\/289
|move|p2a: Jirachi|Iron Head|p1a: Chandelure
|-resisted|p1a: Chandelure
|-damage|p1a: Chandelure|221\/289
|
|-heal|p1a: Chandelure|239\/289|[from] item: Leftovers
|turn|28
|c|âdingbat|oh ok
|c|âdingbat|krok can kill
|c|âdingbat|np
|c|âShaymind|np
|
|move|p2a: Jirachi|Iron Head|p1a: Chandelure
|-resisted|p1a: Chandelure
|-damage|p1a: Chandelure|178\/289
|cant|p1a: Chandelure|flinch
|
|-heal|p1a: Chandelure|196\/289|[from] item: Leftovers
|turn|29
|c|âShaymind|...
|
|move|p2a: Jirachi|Iron Head|p1a: Chandelure
|-resisted|p1a: Chandelure
|-damage|p1a: Chandelure|132\/289
|move|p1a: Chandelure|Flamethrower|p2a: Jirachi
|-supereffective|p2a: Jirachi
|-damage|p2a: Jirachi|0 fnt
|faint|p2a: Jirachi
|
|-heal|p1a: Chandelure|150\/289|[from] item: Leftovers
|c|âdingbat|unless
|c|âdingbat|i don't deny the sub
|c|âdingbat|or that
|
|switch|p2a: Krookodile|Krookodile, M|109\/331
|-ability|p2a: Krookodile|Intimidate|[of] p1a: Chandelure
|-unboost|p1a: Chandelure|atk|1
|turn|30
|c|âdingbat|that's
|c|âdingbat|ok
|c|âdingbat|THAT IS
|c|âdingbat|OK
|
|move|p2a: Krookodile|Earthquake|p1a: Chandelure
|-supereffective|p1a: Chandelure
|-damage|p1a: Chandelure|0 fnt
|faint|p1a: Chandelure
|
|
|switch|p1a: Crobat|Crobat, F|20\/373
|turn|31
|
|switch|p2a: Aromatisse|Aromatisse, M|275\/406
|move|p1a: Crobat|Brave Bird|p2a: Aromatisse
|-damage|p2a: Aromatisse|142\/406
|-damage|p1a: Crobat|0 fnt|[from] recoil|[of] p2a: Aromatisse
|faint|p1a: Crobat
|
|-heal|p2a: Aromatisse|167\/406|[from] item: Leftovers
|c|âShaymind|...
|c|âdingbat|rip
|c|âdingbat|in
|c|âShaymind|40 hp evs huh
|c|âdingbat|peace
|c|âdingbat|dem
|c|âdingbat|40 hp EVs
|c|âdingbat|!!!
|c|âShaymind|calcing some stuf
|c|âdingbat|i think you have
|c|âdingbat|a 60-40 on me
|c|âdingbat|zzzzzzzzzzzzzz
|c|âdingbat|you wanna know what's surprising
|c|âdingbat|that no one else has joined
|c|âdingbat|l0l0l0l0l0l0l0l0l0l0l0l0l
|c| epic4eternity|.
|c|âdingbat|oh
|c|âShaymind|lol
|c|âdingbat|DIE
|c|âdingbat|DIE
|c|âdingbat|DIE
|c|âdingbat|DIE
|c|âdingbat|DIE
|raw|<div class="broadcast-red"><b>Moderated chat was set to +!<\/b><br \/>Only users of rank + and higher can talk.<\/div>
|raw|<div class="broadcast-blue"><b>Moderated chat was disabled!<\/b><br \/>Anyone may talk now.<\/div>
|
|switch|p1a: Jirachi|Jirachi|103\/341
|turn|32
|c| epic4eternity|that modchat wouldn't have mattered if I actually wanted to keep global voice
|c|âdingbat|rip
|
|move|p2a: Aromatisse|Protect|p2a: Aromatisse
|-singleturn|p2a: Aromatisse|Protect
|move|p1a: Jirachi|Iron Head|p2a: Aromatisse
|-activate|p2a: Aromatisse|Protect
|
|-heal|p2a: Aromatisse|192\/406|[from] item: Leftovers
|turn|33
|c|âShaymind|rood
|c|âdingbat|does iron head even
|c|âdingbat|KO o.O
|c|âdingbat|eh probaly
|c|âShaymind|i swear
|c|âShaymind|if it doesnt...
|c|âShaymind|not like it would really matter
|c|âdingbat|ye it does
|c|âShaymind|but w\/e
|c|âShaymind|death fodder krook
|c|âdingbat|this is gonna be a painful
|c|âShaymind|if real O.o
|c|âdingbat|60-40
|c|âdingbat|no
|c|âdingbat|u win otherwise
|c|âdingbat|zzzzzzzzzzzzzzz
|c|âShaymind|zzzzzz
|c|âdingbat|zzzzzzzzzzzzzzzzzzzzzzzzzzzzzzzzzzzz
|c|âdingbat|soooooooooo
|c|âdingbat|here it goes
|
|move|p2a: Aromatisse|Protect|p2a: Aromatisse
|-fail|p2a: Aromatisse
|move|p1a: Jirachi|Iron Head|p2a: Aromatisse
|-crit|p2a: Aromatisse
|-supereffective|p2a: Aromatisse
|-damage|p2a: Aromatisse|0 fnt
|faint|p2a: Aromatisse
|
|c|âShaymind|rip
|c|âdingbat|crit
|c|âShaymind|in
|c|âdingbat|didn't matter
|
|switch|p2a: Krookodile|Krookodile, M|109\/331
|-ability|p2a: Krookodile|Intimidate|[of] p1a: Jirachi
|-unboost|p1a: Jirachi|atk|1
|turn|34
|c|âShaymind|pieces
|c|âdingbat|60-40
|c|âdingbat|!!!!!!!!!!!!!!!!!!!!!!1
|c|âdingbat|!!!!!!!!!!!!!!!!!!!!!!1
|c|âdingbat|!!!!!!!!!!!!!!!!!!!!!!1
|c|âdingbat|!!!!!!!!!!!!!!!!!!!!!!1
|c|âdingbat|!!!!!!!!!!!!!!!!!!!!!!1
|c|âdingbat|!!!!!!!!!!!!!!!!!!!!!!1
|c|âdingbat|!!!!!!!!!!!!!!!!!!!!!!
|c|âdingbat|!!!!!!!!!!!!!!!!!!!!!!
|c|âdingbat|!!!!!!!!!!!!!!!!!!!!!!
|c|âdingbat|!!!!!!!!!!!!!!!!!!!!!!
|c|âdingbat|!!!!!!!!!!!!!!!!!!!!!!
|c|âdingbat|!!!!!!!!!!!!!!!!!!!!!!
|c|âdingbat|!!!!!!!!!!!!!!!!!!!!!!
|c|âdingbat|!!!!!!!!!!!!!!!!!!!!!!
|c|âdingbat|!!!!!!!!!!!!!!!!!!!!!!
|c|âdingbat|!!!!!!!!!!!!!!!!!!!!!!
|c|âdingbat|!!!!!!!!!!!!!!!!!!!!!!
|c|âdingbat|!!!!!!!!!!!!!!!!!!!!!!
|c|âdingbat|!!!!!!!!!!!!!!!!!!!!!!
|c|âdingbat|FUCKING
|c|âShaymind|;;;;;;;
|c|âdingbat|PULL
|c|âdingbat|THRU
|c|âShaymind|please
|c|âdingbat|!#@@!#@@!#!@!!@
|c|âShaymind|no
|
|move|p1a: Jirachi|Iron Head|p2a: Krookodile
|-damage|p2a: Krookodile|13\/331
|move|p2a: Krookodile|Pursuit|p1a: Jirachi
|-supereffective|p1a: Jirachi
|-damage|p1a: Jirachi|0 fnt
|faint|p1a: Jirachi
|
|c|âShaymind|;;;;;;;;;
|c|âdingbat|AHTU$YO@AWEKLZGETO#U$AWLKZRHU#%YOU%$AWIRGZJEAH#$IZRGH$ATUO$WJR
|c|âShaymind|FUUUUUUU
|c|âdingbat|AHTU$YO@AWEKLZGETO#U$AWLKZRHU#%YOU%$AWIRGZJEAH#$IZRGH$ATUO$WJR
|c|âdingbat|AHTU$YO@AWEKLZGETO#U$AWLKZRHU#%YOU%$AWIRGZJEAH#$IZRGH$ATUO$WJR
|c|âdingbat|AHTU$YO@AWEKLZGETO#U$AWLKZRHU#%YOU%$AWIRGZJEAH#$IZRGH$ATUO$WJR
|c|âdingbat|AHTU$YO@AWEKLZGETO#U$AWLKZRHU#%YOU%$AWIRGZJEAH#$IZRGH$ATUO$WJR
|c|âdingbat|AHTU$YO@AWEKLZGETO#U$AWLKZRHU#%YOU%$AWIRGZJEAH#$IZRGH$ATUO$WJR
|c|âdingbat|AHTU$YO@AWEKLZGETO#U$AWLKZRHU#%YOU%$AWIRGZJEAH#$IZRGH$ATUO$WJR
|c|âdingbat|AHTU$YO@AWEKLZGETO#U$AWLKZRHU#%YOU%$AWIRGZJEAH#$IZRGH$ATUO$WJR
|
|switch|p1a: Lopunny|Lopunny-Mega, M|133\/271
|turn|35
|c|âdingbat|AHTU$YO@AWEKLZGETO#U$AWLKZRHU#%YOU%$AWIRGZJEAH#$IZRGH$ATUO$WJR
|c|âdingbat|oh shit
|c|âdingbat|I LOST
|c|âdingbat|I LOST
|c|âdingbat|I LOST
|c|âdingbat|I LOST
|c|âdingbat|I LOST
|c|âShaymind|SUB
|c|âdingbat|I LOST
|c|âdingbat|I LOST
|c|âdingbat|I LOST
|c|âdingbat|I LOST
|c|âShaymind|LOLOLOOLOLOLOOLL
|
|move|p1a: Lopunny|Substitute|p1a: Lopunny
|-start|p1a: Lopunny|Substitute
|-damage|p1a: Lopunny|66\/271
|move|p2a: Krookodile|Pursuit|p1a: Lopunny
|-crit|p1a: Lopunny
|-resisted|p1a: Lopunny
|-end|p1a: Lopunny|Substitute
|
|turn|36
|c|âShaymind|LOLOLOOLOLOLOOLL
|c|âShaymind|LOLOLOOLOLOLOOLL
|c|âdingbat|I LOST
|c|âdingbat|I LOST
|c|âdingbat|I LOST
|c|âdingbat|I LOST
|c|âdingbat|I LOST
|c|âShaymind|..........
|c|âdingbat|OML
|c|âdingbat|I WON
|c|âShaymind|wtf
|c|âdingbat|I WON
|c|âdingbat|I WON
|c|âdingbat|I WON
|c|âdingbat|I WON
|c|âShaymind|......
|c| epic4eternity|good choke then hax dingbat
|c|âdingbat|I WON
|c|âShaymind|..................
|c|âdingbat|I WON
|c|âdingbat|I WON
|c|âdingbat|I WON
|c|âdingbat|I WON
|c|âdingbat|WHAT THE FUCK
|c|âShaymind|oh my fucking god
|c|âdingbat|IS THIS
|c|âShaymind|......
|c|âShaymind|what are even the chances
|c|âdingbat|I FEEL
|c|âdingbat|2000% GUILT
|c|âdingbat|NOT EVEN
|c|âdingbat|GONNA
|c|âdingbat|LIE
|c|âShaymind|winning the 60\/40
|c|âdingbat|GIRATOWUEFISZHUOTRIGZFDIOESTIRGDJFSIOERGXJ
|c|âShaymind|then getting a crit
|c|âShaymind|:\/
|c|âShaymind|o well
|c| epic4eternity|actually
|c|âdingbat|it was good game
|c|âdingbat|until the 60-40
|c| epic4eternity|he won the 60\/40 then choked
|c| epic4eternity|then got the crit
|c|âShaymind|;;;;;;
|c|âShaymind|I'm really salty
|c|âdingbat|i know exactl
|c|âdingbat|what i'm gonna type
|c|âShaymind|see wat u do haxbat
|c|âdingbat|"I cheated my way to victory"
|c|âShaymind|;;;;;;
|c|âdingbat|how should
|c|âdingbat|i incorporate haxbat into this lolol
|player|p2|haxbat|3
|c| haxbat|there we go
|
|move|p1a: Lopunny|Substitute|p1a: Lopunny
|-fail|p1a: Lopunny|move: Substitute|[weak]
|move|p2a: Krookodile|Pursuit|p1a: Lopunny
|-resisted|p1a: Lopunny
|-damage|p1a: Lopunny|18\/271
|
|turn|37
|c| haxbat|18%
|c|âShaymind|;;;
|c| haxbat|18%
|c| haxbat|18%
|c| haxbat|18%
|c| haxbat|18%
|c| haxbat|18%
|c| haxbat|18%
|c| haxbat|18%
|c| haxbat|brb
|c| haxbat|gonna go shit myself
|
|move|p1a: Lopunny|Return|p2a: Krookodile
|-damage|p2a: Krookodile|0 fnt
|faint|p2a: Krookodile
|
|c|âShaymind|;;;;
|player|p2|dingbat|3
|c|âShaymind|so close
|c|âShaymind|only to get superhaxed
|
|switch|p2a: Aerodactyl|Aerodactyl-Mega, M|15\/311
|turn|38
|
|move|p2a: Aerodactyl|Pursuit|p1a: Lopunny
|-resisted|p1a: Lopunny
|-damage|p1a: Lopunny|0 fnt
|faint|p1a: Lopunny
|
|win|dingbat
|join|Kyla's Nightmare
|c|âdingbat|go to
|c|âdingbat|turn 35 or something
|c|âShaymind|._.
|c|âdingbat|n read