|join|dingbat
|join|Marco Esquandolas
|player|p1|dingbat|3
|player|p2|Marco Esquandolas|242
|gametype|singles
|gen|6
|tier|UU
|rated
|rule|Sleep Clause Mod: Limit one foe put to sleep
|rule|Species Clause: Limit one of each PokÃ©mon
|rule|OHKO Clause: OHKO moves are banned
|rule|Moody Clause: Moody is banned
|rule|Evasion Moves Clause: Evasion moves are banned
|rule|Endless Battle Clause: Forcing endless battles is banned
|rule|HP Percentage Mod: HP is shown in percentages
|clearpoke
|poke|p1|Aerodactyl, F
|poke|p1|Infernape, M
|poke|p1|Krookodile, M
|poke|p1|Jirachi
|poke|p1|Aromatisse, F
|poke|p1|Tentacruel, F
|poke|p2|Gallade, M
|poke|p2|Jirachi
|poke|p2|Zygarde
|poke|p2|Nidoqueen, F
|poke|p2|Hydreigon, M
|poke|p2|Whimsicott, M
|rule|Swagger Clause: Swagger is banned
|rule|Baton Pass Clause: Limit one PokÃ©mon knowing Baton Pass
|teampreview
|
|start
|switch|p1a: Krookodile|Krookodile, M|331\/331
|switch|p2a: Jirachi|Jirachi|341\/341
|-ability|p1a: Krookodile|Intimidate|[of] p2a: Jirachi
|-unboost|p2a: Jirachi|atk|1
|turn|1
|
|move|p2a: Jirachi|U-turn|p1a: Krookodile
|-supereffective|p1a: Krookodile
|-damage|p1a: Krookodile|213\/331
|
|move|p1a: Krookodile|Pursuit|p2a: Jirachi|[from]Pursuit
|-supereffective|p2a: Jirachi
|-damage|p2a: Jirachi|0 fnt
|faint|p2a: Jirachi
|
|
|switch|p2a: Gallade|Gallade, M|277\/277
|turn|2
|
|switch|p1a: Aromatisse|Aromatisse, F|406\/406
|detailschange|p2a: Gallade|Gallade-Mega, M
|message|Gallade has Mega Evolved into Mega Gallade!
|move|p2a: Gallade|Swords Dance|p2a: Gallade
|-boost|p2a: Gallade|atk|2
|
|turn|3
|
|move|p2a: Gallade|Zen Headbutt|p1a: Aromatisse
|-damage|p1a: Aromatisse|85\/406
|cant|p1a: Aromatisse|flinch
|
|-heal|p1a: Aromatisse|110\/406|[from] item: Leftovers
|turn|4
|
|move|p2a: Gallade|Knock Off|p1a: Aromatisse
|-resisted|p1a: Aromatisse
|-damage|p1a: Aromatisse|0 fnt
|-enditem|p1a: Aromatisse|Leftovers|[from] move: Knock Off|[of] p2a: Gallade
|faint|p1a: Aromatisse
|
|
|switch|p1a: Aerodactyl|Aerodactyl, F|311\/311
|turn|5
|
|switch|p2a: Zygarde|Zygarde|358\/358
|-ability|p2a: Zygarde|Aura Break
|detailschange|p1a: Aerodactyl|Aerodactyl-Mega, F
|message|Aerodactyl has Mega Evolved into Mega Aerodactyl!
|move|p1a: Aerodactyl|Aerial Ace|p2a: Zygarde
|-damage|p2a: Zygarde|235\/358
|
|turn|6
|
|move|p1a: Aerodactyl|Taunt|p2a: Zygarde
|-start|p2a: Zygarde|move: Taunt
|cant|p2a: Zygarde|move: Taunt|Dragon Dance
|
|turn|7
|
|move|p1a: Aerodactyl|Aerial Ace|p2a: Zygarde
|-damage|p2a: Zygarde|114\/358
|move|p2a: Zygarde|Outrage|p1a: Aerodactyl
|-damage|p1a: Aerodactyl|76\/311
|
|turn|8
|
|move|p1a: Aerodactyl|Aerial Ace|p2a: Zygarde
|-damage|p2a: Zygarde|0 fnt
|faint|p2a: Zygarde
|
|
|switch|p2a: Hydreigon|Hydreigon, M|325\/325
|turn|9
|
|switch|p1a: Tentacruel|Tentacruel, F|362\/362
|move|p2a: Hydreigon|Dark Pulse|p1a: Tentacruel
|-damage|p1a: Tentacruel|213\/362
|-damage|p2a: Hydreigon|293\/325|[from] item: Life Orb
|
|-heal|p1a: Tentacruel|235\/362|[from] item: Black Sludge
|turn|10
|
|move|p2a: Hydreigon|Dark Pulse|p1a: Tentacruel
|-damage|p1a: Tentacruel|91\/362
|-damage|p2a: Hydreigon|261\/325|[from] item: Life Orb
|cant|p1a: Tentacruel|flinch
|
|-heal|p1a: Tentacruel|113\/362|[from] item: Black Sludge
|turn|11
|
|move|p2a: Hydreigon|Dark Pulse|p1a: Tentacruel
|-damage|p1a: Tentacruel|0 fnt
|-damage|p2a: Hydreigon|229\/325|[from] item: Life Orb
|faint|p1a: Tentacruel
|
|
|switch|p1a: Jirachi|Jirachi|341\/341
|turn|12
|
|move|p1a: Jirachi|U-turn|p2a: Hydreigon
|-supereffective|p2a: Hydreigon
|-damage|p2a: Hydreigon|69\/325
|
|switch|p1a: Infernape|Infernape, M|294\/294
|move|p2a: Hydreigon|Dark Pulse|p1a: Infernape
|-resisted|p1a: Infernape
|-damage|p1a: Infernape|167\/294
|-damage|p2a: Hydreigon|37\/325|[from] item: Life Orb
|
|turn|13
|
|move|p1a: Infernape|Fire Blast|p2a: Hydreigon
|-resisted|p2a: Hydreigon
|-damage|p2a: Hydreigon|0 fnt
|faint|p2a: Hydreigon
|
|
|switch|p2a: Gallade|Gallade-Mega, M|277\/277
|turn|14
|
|move|p2a: Gallade|Zen Headbutt|p1a: Infernape
|-supereffective|p1a: Infernape
|-damage|p1a: Infernape|0 fnt
|faint|p1a: Infernape
|
|
|switch|p1a: Aerodactyl|Aerodactyl-Mega, F|76\/311
|turn|15
|
|switch|p2a: Nidoqueen|Nidoqueen, F|366\/366
|move|p1a: Aerodactyl|Aerial Ace|p2a: Nidoqueen
|-damage|p2a: Nidoqueen|212\/366
|
|turn|16
|
|move|p1a: Aerodactyl|Aerial Ace|p2a: Nidoqueen
|-damage|p2a: Nidoqueen|40\/366
|move|p2a: Nidoqueen|Ice Beam|p1a: Aerodactyl
|-supereffective|p1a: Aerodactyl
|-damage|p1a: Aerodactyl|0 fnt
|faint|p1a: Aerodactyl
|
|c|âdingbat|woops
|
|switch|p1a: Krookodile|Krookodile, M|213\/331
|-ability|p1a: Krookodile|Intimidate|[of] p2a: Nidoqueen
|-unboost|p2a: Nidoqueen|atk|1
|turn|17
|
|move|p1a: Krookodile|Earthquake|p2a: Nidoqueen
|-supereffective|p2a: Nidoqueen
|-damage|p2a: Nidoqueen|0 fnt
|faint|p2a: Nidoqueen
|
|
|switch|p2a: Gallade|Gallade-Mega, M|277\/277
|turn|18
|
|move|p2a: Gallade|Close Combat|p1a: Krookodile
|-supereffective|p1a: Krookodile
|-damage|p1a: Krookodile|0 fnt
|-unboost|p2a: Gallade|def|1
|-unboost|p2a: Gallade|spd|1
|faint|p1a: Krookodile
|
|
|switch|p1a: Jirachi|Jirachi|341\/341
|turn|19
|
|move|p1a: Jirachi|Iron Head|p2a: Gallade
|-damage|p2a: Gallade|79\/277
|move|p2a: Gallade|Knock Off|p1a: Jirachi
|-supereffective|p1a: Jirachi
|-damage|p1a: Jirachi|45\/341
|-enditem|p1a: Jirachi|Choice Scarf|[from] move: Knock Off|[of] p2a: Gallade
|
|turn|20
|
|move|p2a: Gallade|Close Combat|p1a: Jirachi
|-damage|p1a: Jirachi|0 fnt
|-unboost|p2a: Gallade|def|1
|-unboost|p2a: Gallade|spd|1
|faint|p1a: Jirachi
|
|win|Marco Esquandolas
|raw|Ladder updating...
|leave|dingbat
|player|p1
|raw|dingbat's rating: 1539 &rarr; <strong>1517<\/strong><br \/>(-22 for losing)
|raw|Marco Esquandolas's rating: 1507 &rarr; <strong>1528<\/strong><br \/>(+21 for winning)