|join|dingbat
|join|Emma Bae â¥
|player|p1|dingbat|3
|player|p2|Emma Bae â¥|260
|gametype|singles
|gen|6
|tier|UU
|rated
|rule|Sleep Clause Mod: Limit one foe put to sleep
|rule|Species Clause: Limit one of each PokÃ©mon
|rule|OHKO Clause: OHKO moves are banned
|rule|Moody Clause: Moody is banned
|rule|Evasion Moves Clause: Evasion moves are banned
|rule|Endless Battle Clause: Forcing endless battles is banned
|rule|HP Percentage Mod: HP is shown in percentages
|clearpoke
|poke|p1|Diggersby, M
|poke|p1|Sableye, F
|poke|p1|Cobalion
|poke|p1|Vaporeon, F
|poke|p1|Whimsicott, M
|poke|p1|Gligar, M
|poke|p2|Diggersby, M
|poke|p2|Gligar, M
|poke|p2|Jirachi
|poke|p2|Blastoise, M
|poke|p2|Roserade, M
|poke|p2|Raikou
|rule|Swagger Clause: Swagger is banned
|rule|Baton Pass Clause: Limit one PokÃ©mon knowing Baton Pass
|teampreview
|c|âdingbat|hihihihhihihihihi
|c|âdingbat|what is
|c|âdingbat|diggersbop
|c|âdingbat|???
|
|start
|switch|p1a: Cobalion|Cobalion|323\/323
|switch|p2a: Blastoise|Blastoise, M|320\/320
|turn|1
|
|detailschange|p2a: Blastoise|Blastoise-Mega, M
|message|Blastoise has Mega Evolved into Mega Blastoise!
|move|p1a: Cobalion|Volt Switch|p2a: Blastoise
|-supereffective|p2a: Blastoise
|-damage|p2a: Blastoise|234\/320
|
|switch|p1a: Vaporeon|Vaporeon, F|464\/464
|move|p2a: Blastoise|Water Pulse|p1a: Vaporeon
|-immune|p1a: Vaporeon|[msg]
|
|turn|2
|
|switch|p2a: Roserade|Roserade, M|293\/293
|move|p1a: Vaporeon|Baton Pass|p1a: Vaporeon
|
|switch|p1a: Cobalion|Cobalion|323\/323
|
|turn|3
|
|move|p1a: Cobalion|Iron Head|p2a: Roserade
|-damage|p2a: Roserade|131\/293
|move|p2a: Roserade|Sleep Powder|p1a: Cobalion
|-status|p1a: Cobalion|slp
|
|-heal|p2a: Roserade|149\/293|[from] item: Black Sludge
|turn|4
|
|switch|p1a: Gligar|Gligar, M|334\/334
|move|p2a: Roserade|Giga Drain|p1a: Gligar
|-damage|p1a: Gligar|228\/334
|-heal|p2a: Roserade|202\/293|[from] drain|[of] p1a: Gligar
|
|-heal|p2a: Roserade|220\/293|[from] item: Black Sludge
|turn|5
|
|move|p2a: Roserade|Giga Drain|p1a: Gligar
|-damage|p1a: Gligar|132\/334
|-heal|p2a: Roserade|268\/293|[from] drain|[of] p1a: Gligar
|move|p1a: Gligar|Earthquake|p2a: Roserade
|-damage|p2a: Roserade|141\/293
|
|-heal|p2a: Roserade|159\/293|[from] item: Black Sludge
|turn|6
|
|move|p2a: Roserade|Giga Drain|p1a: Gligar
|-damage|p1a: Gligar|21\/334
|-heal|p2a: Roserade|215\/293|[from] drain|[of] p1a: Gligar
|move|p1a: Gligar|Roost|p1a: Gligar
|-heal|p1a: Gligar|188\/334
|
|-heal|p2a: Roserade|233\/293|[from] item: Black Sludge
|turn|7
|
|switch|p1a: Sableye|Sableye, F|303\/303
|move|p2a: Roserade|Giga Drain|p1a: Sableye
|-damage|p1a: Sableye|167\/303
|-heal|p2a: Roserade|293\/293|[from] drain|[of] p1a: Sableye
|
|-heal|p1a: Sableye|185\/303|[from] item: Leftovers
|turn|8
|
|move|p2a: Roserade|Giga Drain|p1a: Sableye
|-crit|p1a: Sableye
|-damage|p1a: Sableye|0 fnt
|faint|p1a: Sableye
|
|c|âEmma Bae â¥|sry
|
|switch|p1a: Cobalion|Cobalion|323\/323 slp
|turn|9
|
|switch|p2a: Blastoise|Blastoise-Mega, M|234\/320
|cant|p1a: Cobalion|slp
|
|turn|10
|
|switch|p1a: Whimsicott|Whimsicott, M|261\/261
|move|p2a: Blastoise|Aura Sphere|p1a: Whimsicott
|-resisted|p1a: Whimsicott
|-damage|p1a: Whimsicott|168\/261
|
|-heal|p1a: Whimsicott|184\/261|[from] item: Leftovers
|turn|11
|
|move|p1a: Whimsicott|Moonblast|p2a: Blastoise
|-damage|p2a: Blastoise|131\/320
|move|p2a: Blastoise|Water Pulse|p1a: Whimsicott
|-crit|p1a: Whimsicott
|-resisted|p1a: Whimsicott
|-damage|p1a: Whimsicott|1\/261
|
|-heal|p1a: Whimsicott|17\/261|[from] item: Leftovers
|turn|12
|
|switch|p2a: Roserade|Roserade, M|293\/293
|move|p1a: Whimsicott|Energy Ball|p2a: Roserade
|-resisted|p2a: Roserade
|-damage|p2a: Roserade|268\/293
|
|-heal|p1a: Whimsicott|33\/261|[from] item: Leftovers
|-heal|p2a: Roserade|286\/293|[from] item: Black Sludge
|turn|13
|
|move|p1a: Whimsicott|U-turn|p2a: Roserade
|-damage|p2a: Roserade|233\/293
|
|switch|p1a: Cobalion|Cobalion|323\/323 slp
|move|p2a: Roserade|Giga Drain|p1a: Cobalion
|-resisted|p1a: Cobalion
|-damage|p1a: Cobalion|228\/323 slp
|-heal|p2a: Roserade|281\/293|[from] drain|[of] p1a: Cobalion
|
|-heal|p1a: Cobalion|248\/323 slp|[from] item: Leftovers
|-heal|p2a: Roserade|293\/293|[from] item: Black Sludge
|turn|14
|
|cant|p1a: Cobalion|slp
|move|p2a: Roserade|Toxic Spikes|p1a: Cobalion
|-sidestart|p1: dingbat|move: Toxic Spikes
|
|-heal|p1a: Cobalion|268\/323 slp|[from] item: Leftovers
|turn|15
|
|cant|p1a: Cobalion|slp
|move|p2a: Roserade|Giga Drain|p1a: Cobalion
|-resisted|p1a: Cobalion
|-damage|p1a: Cobalion|165\/323 slp
|
|-heal|p1a: Cobalion|185\/323 slp|[from] item: Leftovers
|turn|16
|
|-curestatus|p1a: Cobalion|slp
|move|p1a: Cobalion|Iron Head|p2a: Roserade
|-damage|p2a: Roserade|130\/293
|cant|p2a: Roserade|flinch
|
|-heal|p1a: Cobalion|205\/323|[from] item: Leftovers
|-heal|p2a: Roserade|148\/293|[from] item: Black Sludge
|turn|17
|
|move|p1a: Cobalion|Volt Switch|p2a: Roserade
|-resisted|p2a: Roserade
|-damage|p2a: Roserade|124\/293
|c|âdingbat|dam
|
|switch|p1a: Whimsicott|Whimsicott, M|33\/261
|-status|p1a: Whimsicott|psn
|move|p2a: Roserade|Sleep Powder|p1a: Whimsicott|[miss]
|-miss|p2a: Roserade|p1a: Whimsicott
|
|-heal|p1a: Whimsicott|49\/261 psn|[from] item: Leftovers
|-heal|p2a: Roserade|142\/293|[from] item: Black Sludge
|-damage|p1a: Whimsicott|17\/261 psn|[from] psn
|turn|18
|
|move|p1a: Whimsicott|U-turn|p2a: Roserade
|-damage|p2a: Roserade|92\/293
|
|switch|p1a: Cobalion|Cobalion|205\/323
|move|p2a: Roserade|Giga Drain|p1a: Cobalion
|-resisted|p1a: Cobalion
|-damage|p1a: Cobalion|110\/323
|-heal|p2a: Roserade|140\/293|[from] drain|[of] p1a: Cobalion
|
|-heal|p1a: Cobalion|130\/323|[from] item: Leftovers
|-heal|p2a: Roserade|158\/293|[from] item: Black Sludge
|turn|19
|join|Zitro E
|
|switch|p2a: Blastoise|Blastoise-Mega, M|131\/320
|move|p1a: Cobalion|Iron Head|p2a: Blastoise
|-resisted|p2a: Blastoise
|-damage|p2a: Blastoise|85\/320
|
|-heal|p1a: Cobalion|150\/323|[from] item: Leftovers
|turn|20
|c| Zitro E|Hey Emma.
|
|move|p1a: Cobalion|Volt Switch|p2a: Blastoise
|-supereffective|p2a: Blastoise
|-damage|p2a: Blastoise|0 fnt
|faint|p2a: Blastoise
|c| Zitro E|Are you still tilting?
|c| Zitro E|xD
|
|switch|p1a: Whimsicott|Whimsicott, M|17\/261 psn
|
|-heal|p1a: Whimsicott|33\/261 psn|[from] item: Leftovers
|-damage|p1a: Whimsicott|1\/261 psn|[from] psn
|c|âdingbat|1
|c|âdingbat|hp
|c|âdingbat|l00000000l
|c|âEmma Bae â¥|illestt?
|c| Zitro E|Indeed it is.
|
|switch|p2a: Diggersby|Diggersby, M|311\/311
|turn|21
|
|switch|p1a: Cobalion|Cobalion|150\/323
|switch|p2a: Raikou|Raikou|322\/322
|-ability|p2a: Raikou|Pressure
|
|-heal|p1a: Cobalion|170\/323|[from] item: Leftovers
|turn|22
|
|switch|p1a: Gligar|Gligar, M|188\/334
|move|p2a: Raikou|Extrasensory|p1a: Gligar
|-damage|p1a: Gligar|94\/334
|
|turn|23
|
|move|p2a: Raikou|Extrasensory|p1a: Gligar
|-damage|p1a: Gligar|6\/334
|move|p1a: Gligar|Roost|p1a: Gligar
|-heal|p1a: Gligar|173\/334
|
|turn|24
|
|switch|p2a: Roserade|Roserade, M|158\/293
|move|p1a: Gligar|Defog|p2a: Roserade
|-unboost|p2a: Roserade|evasion|1
|-sideend|p1: dingbat|Toxic Spikes|[from] move: Defog|[of] p1a: Gligar
|
|-heal|p2a: Roserade|176\/293|[from] item: Black Sludge
|turn|25
|join|illestt
|
|move|p2a: Roserade|Sleep Powder|p1a: Gligar
|-status|p1a: Gligar|slp
|cant|p1a: Gligar|slp
|
|-heal|p2a: Roserade|194\/293|[from] item: Black Sludge
|turn|26
|c| illestt|No more "OU" 
|
|switch|p1a: Whimsicott|Whimsicott, M|1\/261 psn
|move|p2a: Roserade|Toxic Spikes|p1a: Whimsicott
|-sidestart|p1: dingbat|move: Toxic Spikes
|
|-heal|p1a: Whimsicott|17\/261 psn|[from] item: Leftovers
|-heal|p2a: Roserade|212\/293|[from] item: Black Sludge
|-damage|p1a: Whimsicott|0 fnt|[from] psn
|faint|p1a: Whimsicott
|c|âEmma Bae â¥|nope
|c| illestt|I'm guessing.
|
|switch|p1a: Cobalion|Cobalion|170\/323
|turn|27
|c|âEmma Bae â¥|for a while
|c|âEmma Bae â¥|at least
|
|move|p1a: Cobalion|Stealth Rock|p2a: Roserade
|-sidestart|p2: Emma Bae â¥|move: Stealth Rock
|move|p2a: Roserade|Giga Drain|p1a: Cobalion
|-resisted|p1a: Cobalion
|-damage|p1a: Cobalion|68\/323
|-heal|p2a: Roserade|263\/293|[from] drain|[of] p1a: Cobalion
|
|-heal|p1a: Cobalion|88\/323|[from] item: Leftovers
|-heal|p2a: Roserade|281\/293|[from] item: Black Sludge
|turn|28
|
|move|p1a: Cobalion|Iron Head|p2a: Roserade
|-damage|p2a: Roserade|122\/293
|move|p2a: Roserade|Giga Drain|p1a: Cobalion
|-resisted|p1a: Cobalion
|-damage|p1a: Cobalion|0 fnt
|-heal|p2a: Roserade|166\/293|[from] drain|[of] p1a: Cobalion
|faint|p1a: Cobalion
|
|-heal|p2a: Roserade|184\/293|[from] item: Black Sludge
|c| illestt|Maybe until oras comes out?
|c|âEmma Bae â¥|yup
|
|switch|p1a: DiggersBOP|Diggersby, M|311\/311
|-status|p1a: DiggersBOP|psn
|turn|29
|
|move|p1a: DiggersBOP|Quick Attack|p2a: Roserade
|-damage|p2a: Roserade|7\/293
|-damage|p1a: DiggersBOP|280\/311 psn|[from] item: Life Orb
|move|p2a: Roserade|Giga Drain|p1a: DiggersBOP
|-supereffective|p1a: DiggersBOP
|-damage|p1a: DiggersBOP|0 fnt
|-heal|p2a: Roserade|147\/293|[from] drain|[of] p1a: DiggersBOP
|faint|p1a: DiggersBOP
|
|-heal|p2a: Roserade|165\/293|[from] item: Black Sludge
|c|âdingbat|crud
|-message|dingbat forfeited.
|
|win|Emma Bae â¥
|raw|Ladder updating...
|c|âEmma Bae â¥|lol
|c| illestt|So you can abuse salemence and rank your way up the ladder again
|raw|dingbat's rating: 1624 &rarr; <strong>1601<\/strong><br \/>(-23 for losing)
|raw|Emma Bae â¥'s rating: 1568 &rarr; <strong>1591<\/strong><br \/>(+23 for winning)
|c| illestt|lol
|leave|dingbat
|player|p1
|c| illestt|Salamance might not be instantly banned
|c| illestt|maybe they'll leave it for a couple of days
|c|âEmma Bae â¥|hopefully
|leave|illestt