|join|dingbat
|join|xMarth
|player|p1|dingbat|3
|player|p2|xMarth|153
|gametype|singles
|gen|6
|tier|UU
|rule|Sleep Clause Mod: Limit one foe put to sleep
|rule|Species Clause: Limit one of each PokÃ©mon
|rule|OHKO Clause: OHKO moves are banned
|rule|Moody Clause: Moody is banned
|rule|Evasion Moves Clause: Evasion moves are banned
|rule|Endless Battle Clause: Forcing endless battles is banned
|rule|HP Percentage Mod: HP is shown in percentages
|clearpoke
|poke|p1|Jirachi
|poke|p1|Virizion
|poke|p1|Alomomola, M
|poke|p1|Hydreigon, M
|poke|p1|Sableye, M
|poke|p1|Aerodactyl, F
|poke|p2|Infernape, F
|poke|p2|Chesnaught, F
|poke|p2|Jirachi
|poke|p2|Vaporeon, M
|poke|p2|Donphan, M
|poke|p2|Crobat, M
|rule|Swagger Clause: Swagger is banned
|rule|Baton Pass Clause: Limit one PokÃ©mon knowing Baton Pass
|teampreview
|join|EvilExperiments
|join|Torm
|c|âdingbat|dis team
|c|âdingbat|is shit
|c|âdingbat|:[
|join|Shit User
|join|BidoofGotSwag
|c|âxMarth|so is mine
|join|Frickett
|c|âxMarth|av donphan is trash
|c|âdingbat|:pppppp
|c| Shit User|av phan beats
|
|start
|switch|p1a: Aerodactyl|Aerodactyl, F|305\/305
|switch|p2a: Jirachi|Jirachi|341\/341
|turn|1
|c| Shit User|sableye
|c| Shit User|play rough on the switch y
|
|detailschange|p1a: Aerodactyl|Aerodactyl-Mega, F
|message|Aerodactyl has Mega Evolved into Mega Aerodactyl!
|move|p1a: Aerodactyl|Stealth Rock|p2a: Jirachi
|-sidestart|p2: xMarth|move: Stealth Rock
|move|p2a: Jirachi|Stealth Rock|p1a: Aerodactyl
|-sidestart|p1: dingbat|move: Stealth Rock
|
|turn|2
|join|Casual Raptor
|
|switch|p1a: Hydreigon|Hydreigon, M|325\/325
|-damage|p1a: Hydreigon|285\/325|[from] Stealth Rock
|move|p2a: Jirachi|U-turn|p1a: Hydreigon
|-supereffective|p1a: Hydreigon
|-damage|p1a: Hydreigon|123\/325
|join|angel management
|c|âdingbat|oh
|join|big booty iggy
|c| Casual Raptor|rekt
|c|âdingbat|wtf am i doing
|
|switch|p2a: Donphan|Donphan, M|363\/363
|-damage|p2a: Donphan|341\/363|[from] Stealth Rock
|
|turn|3
|c| Casual Raptor|dingbat
|c| Casual Raptor|is getting cocky
|c| Casual Raptor|after last battle
|c| Shit User|sd
|c| Shit User|sd
|c| Shit User|sd
|
|move|p2a: Donphan|Ice Shard|p1a: Hydreigon
|-crit|p1a: Hydreigon
|-supereffective|p1a: Hydreigon
|-damage|p1a: Hydreigon|0 fnt
|faint|p1a: Hydreigon
|
|c| Casual Raptor|CLIT
|c| EvilExperiments|â¦
|
|switch|p1a: Sableye|Sableye, M|304\/304
|-damage|p1a: Sableye|266\/304|[from] Stealth Rock
|turn|4
|
|switch|p2a: Infernape|Infernape, F|293\/293
|-damage|p2a: Infernape|257\/293|[from] Stealth Rock
|move|p1a: Sableye|Knock Off|p2a: Infernape
|-resisted|p2a: Infernape
|-damage|p2a: Infernape|197\/293
|-enditem|p2a: Infernape|Life Orb|[from] move: Knock Off|[of] p1a: Sableye
|
|-heal|p1a: Sableye|285\/304|[from] item: Leftovers
|turn|5
|
|switch|p1a: Aerodactyl|Aerodactyl-Mega, F|305\/305
|-damage|p1a: Aerodactyl|229\/305|[from] Stealth Rock
|move|p2a: Infernape|Nasty Plot|p2a: Infernape
|-boost|p2a: Infernape|spa|2
|
|turn|6
|c| Casual Raptor|mfw
|
|switch|p2a: Jirachi|Jirachi|341\/341
|-damage|p2a: Jirachi|320\/341|[from] Stealth Rock
|move|p1a: Aerodactyl|Aerial Ace|p2a: Jirachi
|-resisted|p2a: Jirachi
|-damage|p2a: Jirachi|236\/341
|
|-heal|p2a: Jirachi|257\/341|[from] item: Leftovers
|turn|7
|c| Casual Raptor|nasty ape
|
|switch|p1a: Alomomola|Alomomola, M|504\/504
|-damage|p1a: Alomomola|441\/504|[from] Stealth Rock
|move|p2a: Jirachi|U-turn|p1a: Alomomola
|-damage|p1a: Alomomola|388\/504
|
|switch|p2a: Chesnaught|Chesnaught, F|380\/380
|-damage|p2a: Chesnaught|357\/380|[from] Stealth Rock
|
|-heal|p1a: Alomomola|419\/504|[from] item: Leftovers
|turn|8
|
|move|p2a: Chesnaught|Spikes|p1a: Alomomola
|-sidestart|p1: dingbat|Spikes
|move|p1a: Alomomola|Toxic|p2a: Chesnaught
|-status|p2a: Chesnaught|tox
|
|-heal|p1a: Alomomola|450\/504|[from] item: Leftovers
|-damage|p2a: Chesnaught|334\/380 tox|[from] psn
|turn|9
|
|move|p2a: Chesnaught|Spikes|p1a: Alomomola
|-sidestart|p1: dingbat|Spikes
|move|p1a: Alomomola|Wish|p1a: Alomomola
|
|-heal|p1a: Alomomola|481\/504|[from] item: Leftovers
|-damage|p2a: Chesnaught|288\/380 tox|[from] psn
|turn|10
|
|switch|p1a: Jirachi|Jirachi|404\/404
|-damage|p1a: Jirachi|337\/404|[from] Spikes
|-damage|p1a: Jirachi|312\/404|[from] Stealth Rock
|move|p2a: Chesnaught|Wood Hammer|p1a: Jirachi
|-resisted|p1a: Jirachi
|-damage|p1a: Jirachi|233\/404
|-damage|p2a: Chesnaught|262\/380 tox|[from] recoil|[of] p1a: Jirachi
|
|-heal|p1a: Jirachi|404\/404|[from] move: Wish|[wisher] Alomomola
|-damage|p2a: Chesnaught|193\/380 tox|[from] psn
|turn|11
|
|move|p1a: Jirachi|Substitute|p1a: Jirachi
|-start|p1a: Jirachi|Substitute
|-damage|p1a: Jirachi|303\/404
|move|p2a: Chesnaught|Roar|p1a: Jirachi
|drag|p1a: Aerodactyl|Aerodactyl-Mega, F|229\/305
|-damage|p1a: Aerodactyl|153\/305|[from] Stealth Rock
|
|-damage|p2a: Chesnaught|101\/380 tox|[from] psn
|turn|12
|c| Casual Raptor|R E K T
|c| Casual Raptor|E
|c| Casual Raptor|K
|c| Casual Raptor|T
|
|switch|p2a: Vaporeon|Vaporeon, M|464\/464
|-damage|p2a: Vaporeon|406\/464|[from] Stealth Rock
|move|p1a: Aerodactyl|Stone Edge|p2a: Vaporeon
|-damage|p2a: Vaporeon|225\/464
|
|-heal|p2a: Vaporeon|254\/464|[from] item: Leftovers
|turn|13
|c| Shit User|dinbat
|c| Shit User|where is your
|c| Shit User|defogger
|c| Shit User|0_0
|c| Casual Raptor|it's
|c| Casual Raptor|hydreigon
|c| Casual Raptor|imo
|c|âdingbat|told u
|c|âdingbat|dis team
|c|âdingbat|is shit
|c|âdingbat|:]]]]]]
|c| Shit User|smh
|
|move|p1a: Aerodactyl|Stone Edge|p2a: Vaporeon
|-damage|p2a: Vaporeon|64\/464
|move|p2a: Vaporeon|Heal Bell|p2a: Vaporeon
|-cureteam|p2a: Vaporeon|[from] move: HealBell
|
|-heal|p2a: Vaporeon|93\/464|[from] item: Leftovers
|turn|14
|join|ok ppl
|c| Shit User|he doesnt even spinblock
|c|âdingbat|oh nice
|c| Shit User|miss
|join|Donphantastic
|c| Casual Raptor|reveal
|c|âdingbat|am i real or no
|c| Casual Raptor|grass fang
|c| Casual Raptor|to hit donphan on the switch
|join|DaGoldBrick
|join|Haywood Airlines
|join|Backwardzsnuggie
|
|switch|p2a: Donphan|Donphan, M|341\/363
|-damage|p2a: Donphan|319\/363|[from] Stealth Rock
|move|p1a: Aerodactyl|Aerial Ace|p2a: Donphan
|-damage|p2a: Donphan|175\/363
|
|turn|15
|c|âxMarth|not real
|join|Cranham
|c|âdingbat|not real
|c| Casual Raptor|where
|c| Casual Raptor|is your grass fang
|c| Casual Raptor|fren
|
|switch|p1a: Alomomola|Alomomola, M|504\/504
|-damage|p1a: Alomomola|420\/504|[from] Spikes
|-damage|p1a: Alomomola|357\/504|[from] Stealth Rock
|move|p2a: Donphan|Rapid Spin|p1a: Alomomola
|-damage|p1a: Alomomola|336\/504
|-sideend|p2: xMarth|Stealth Rock|[from] move: Rapid Spin|[of] p2a: Donphan
|
|-heal|p1a: Alomomola|367\/504|[from] item: Leftovers
|turn|16
|c| Shit User|aqua tail
|c| Shit User|ur shit
|
|switch|p1a: Virizion|Virizion|324\/324
|-damage|p1a: Virizion|270\/324|[from] Spikes
|-damage|p1a: Virizion|250\/324|[from] Stealth Rock
|switch|p2a: Vaporeon|Vaporeon, M|93\/464
|
|-heal|p2a: Vaporeon|122\/464|[from] item: Leftovers
|turn|17
|c| Casual Raptor|dw
|c| Casual Raptor|grass fang now
|
|switch|p2a: Infernape|Infernape, F|197\/293
|move|p1a: Virizion|Close Combat|p2a: Infernape
|-damage|p2a: Infernape|0 fnt
|-unboost|p1a: Virizion|def|1
|-unboost|p1a: Virizion|spd|1
|-damage|p1a: Virizion|218\/324|[from] item: Life Orb
|faint|p2a: Infernape
|
|c| Shit User|MAKING DEM PLAYS
|
|switch|p2a: Crobat|Crobat, M|325\/325
|turn|18
|c| Casual Raptor|why
|c| Casual Raptor|didn't you crobat
|c| Casual Raptor|in the first place?
|c|+Cranham|stay in if real
|c| Shit User|stone edge
|c| Shit User|y
|
|switch|p1a: Jirachi|Jirachi|303\/404
|-damage|p1a: Jirachi|236\/404|[from] Spikes
|-damage|p1a: Jirachi|211\/404|[from] Stealth Rock
|move|p2a: Crobat|Brave Bird|p1a: Jirachi
|-resisted|p1a: Jirachi
|-damage|p1a: Jirachi|113\/404
|-damage|p2a: Crobat|293\/325|[from] recoil|[of] p1a: Jirachi
|
|-heal|p1a: Jirachi|138\/404|[from] item: Leftovers
|turn|19
|c| Casual Raptor|dw
|c| Casual Raptor|stone edge has garbo accuracy
|c| Casual Raptor|dw
|
|move|p2a: Crobat|Brave Bird|p1a: Jirachi
|-resisted|p1a: Jirachi
|-damage|p1a: Jirachi|39\/404
|-damage|p2a: Crobat|260\/325|[from] recoil|[of] p1a: Jirachi
|move|p1a: Jirachi|Iron Head|p2a: Crobat
|-crit|p2a: Crobat
|-damage|p2a: Crobat|85\/325
|
|-heal|p1a: Jirachi|64\/404|[from] item: Leftovers
|turn|20
|c| Casual Raptor|you'll crit
|c| Casual Raptor|mfw
|c| Casual Raptor|you stay in
|c| angel management|real virizions use zen > se
|c| Casual Raptor|o
|
|move|p2a: Crobat|U-turn|p1a: Jirachi
|-damage|p1a: Jirachi|0 fnt
|faint|p1a: Jirachi
|c| Casual Raptor|something got a crit
|c| Casual Raptor|:]
|
|switch|p2a: Jirachi|Jirachi|257\/341
|
|-heal|p2a: Jirachi|278\/341|[from] item: Leftovers
|c| Shit User|what item
|c| Shit User|is that bat
|
|switch|p1a: Sableye|Sableye, M|285\/304
|-damage|p1a: Sableye|247\/304|[from] Stealth Rock
|-damage|p1a: Sableye|197\/304|[from] Spikes
|turn|21
|c| Haywood Airlines|baseball
|c| Casual Raptor|snowball
|c| Casual Raptor|imo
|c| Haywood Airlines|;>
|join|Shaneghoul
|
|move|p1a: Sableye|Will-O-Wisp|p2a: Jirachi
|-status|p2a: Jirachi|brn
|move|p2a: Jirachi|U-turn|p1a: Sableye
|-damage|p1a: Sableye|154\/304
|c|âdingbat|i'm gonna
|
|switch|p2a: Crobat|Crobat, M|85\/325
|
|-heal|p1a: Sableye|173\/304|[from] item: Leftovers
|turn|22
|c| Shit User|sd
|c|âdingbat|try to pick off the rest of marth's team :p
|join|Emma Bae â¥
|c| ok ppl|finna* 
|c| Shit User|ok dw u can do this i believe
|c| DaGoldBrick|Emma Bae 
|c| Casual Raptor|the ebonix
|
|move|p1a: Sableye|Will-O-Wisp|p2a: Crobat
|-status|p2a: Crobat|brn
|move|p2a: Crobat|Taunt|p1a: Sableye
|-start|p1a: Sableye|move: Taunt
|
|-heal|p1a: Sableye|192\/304|[from] item: Leftovers
|-damage|p2a: Crobat|45\/325 brn|[from] brn
|turn|23
|c| Casual Raptor|is real
|leave|ok ppl
|
|switch|p1a: Alomomola|Alomomola, M|504\/504
|-damage|p1a: Alomomola|420\/504|[from] Spikes
|-damage|p1a: Alomomola|357\/504|[from] Stealth Rock
|move|p2a: Crobat|U-turn|p1a: Alomomola
|-damage|p1a: Alomomola|331\/504
|join|ok ppl
|
|switch|p2a: Chesnaught|Chesnaught, F|101\/380
|
|-heal|p1a: Alomomola|362\/504|[from] item: Leftovers
|turn|24
|c| Shit User|lol ur shit
|c|âdingbat|oh
|leave|angel management
|c| Casual Raptor|reveal
|c|âdingbat|rip
|c| Casual Raptor|ice fang
|join|angel management
|join|Excuse
|leave|angel management
|join|zFinalist
|
|move|p2a: Chesnaught|Wood Hammer|p1a: Alomomola
|-supereffective|p1a: Alomomola
|-damage|p1a: Alomomola|92\/504
|-damage|p2a: Chesnaught|12\/380|[from] recoil|[of] p1a: Alomomola
|move|p1a: Alomomola|Toxic|p2a: Chesnaught
|-status|p2a: Chesnaught|tox
|
|-heal|p1a: Alomomola|123\/504|[from] item: Leftovers
|-damage|p2a: Chesnaught|0 fnt|[from] psn
|faint|p2a: Chesnaught
|
|switch|p2a: Vaporeon|Vaporeon, M|122\/464
|turn|25
|
|move|p2a: Vaporeon|Scald|p1a: Alomomola
|-resisted|p1a: Alomomola
|-damage|p1a: Alomomola|48\/504
|move|p1a: Alomomola|Wish|p1a: Alomomola
|
|-heal|p1a: Alomomola|79\/504|[from] item: Leftovers
|-heal|p2a: Vaporeon|151\/464|[from] item: Leftovers
|turn|26
|
|switch|p1a: Virizion|Virizion|218\/324
|-damage|p1a: Virizion|164\/324|[from] Spikes
|-damage|p1a: Virizion|144\/324|[from] Stealth Rock
|move|p2a: Vaporeon|Heal Bell|p2a: Vaporeon
|-cureteam|p2a: Vaporeon|[from] move: HealBell
|
|-heal|p1a: Virizion|324\/324|[from] move: Wish|[wisher] Alomomola
|-heal|p2a: Vaporeon|180\/464|[from] item: Leftovers
|turn|27
|c| Shit User|risk burn
|join|Shit in a Bucket
|leave|Excuse
|join|Thisbemyalt
|c|+Cranham|SD here
|
|switch|p2a: Jirachi|Jirachi|278\/341
|move|p1a: Virizion|Leaf Blade|p2a: Jirachi
|-resisted|p2a: Jirachi
|-damage|p2a: Jirachi|197\/341
|-damage|p1a: Virizion|292\/324|[from] item: Life Orb
|
|-heal|p2a: Jirachi|218\/341|[from] item: Leftovers
|turn|28
|c| Casual Raptor|reveal
|c| Casual Raptor|EQ
|c| Thisbemyalt|Shit user my fren
|c| Shit in a Bucket|fwend*
|c| Thisbemyalt|How is u today
|leave|Haywood Airlines
|
|switch|p1a: Alomomola|Alomomola, M|247\/504
|-damage|p1a: Alomomola|184\/504|[from] Stealth Rock
|-damage|p1a: Alomomola|100\/504|[from] Spikes
|move|p2a: Jirachi|Fire Punch|p1a: Alomomola
|-resisted|p1a: Alomomola
|-damage|p1a: Alomomola|67\/504
|
|-heal|p2a: Jirachi|239\/341|[from] item: Leftovers
|-heal|p1a: Alomomola|98\/504|[from] item: Leftovers
|turn|29
|c| Shit in a Bucket|dat 6%
|
|move|p2a: Jirachi|Iron Head|p1a: Alomomola
|-resisted|p1a: Alomomola
|-damage|p1a: Alomomola|47\/504
|cant|p1a: Alomomola|flinch
|
|-heal|p2a: Jirachi|260\/341|[from] item: Leftovers
|-heal|p1a: Alomomola|78\/504|[from] item: Leftovers
|turn|30
|
|move|p1a: Alomomola|Protect|p1a: Alomomola
|-singleturn|p1a: Alomomola|Protect
|move|p2a: Jirachi|Iron Head|p1a: Alomomola
|-activate|p1a: Alomomola|Protect
|
|-heal|p2a: Jirachi|281\/341|[from] item: Leftovers
|-heal|p1a: Alomomola|109\/504|[from] item: Leftovers
|turn|31
|c| ok ppl|**RIOT**
|
|move|p2a: Jirachi|Fire Punch|p1a: Alomomola
|-crit|p1a: Alomomola
|-resisted|p1a: Alomomola
|-damage|p1a: Alomomola|58\/504
|-status|p1a: Alomomola|brn
|move|p1a: Alomomola|Wish|p1a: Alomomola
|
|-heal|p2a: Jirachi|302\/341|[from] item: Leftovers
|-heal|p1a: Alomomola|89\/504 brn|[from] item: Leftovers
|-damage|p1a: Alomomola|26\/504 brn|[from] brn
|turn|32
|join|angel management
|c| EvilExperiments|crit burn
|
|switch|p2a: Crobat|Crobat, M|45\/325
|move|p1a: Alomomola|Protect|p1a: Alomomola
|-fail|p1a: Alomomola
|
|-heal|p1a: Alomomola|278\/504 brn|[from] move: Wish|[wisher] Alomomola
|-heal|p1a: Alomomola|309\/504 brn|[from] item: Leftovers
|-damage|p1a: Alomomola|246\/504 brn|[from] brn
|turn|33
|c| Casual Raptor|ban xmarth for hax
|
|move|p2a: Crobat|Roost|p2a: Crobat
|-heal|p2a: Crobat|208\/325
|move|p1a: Alomomola|Scald|p2a: Crobat
|-damage|p2a: Crobat|148\/325
|-status|p2a: Crobat|brn
|
|-heal|p1a: Alomomola|277\/504 brn|[from] item: Leftovers
|-damage|p2a: Crobat|108\/325 brn|[from] brn
|-damage|p1a: Alomomola|214\/504 brn|[from] brn
|turn|34
|c|âdingbat|lolol
|c| Shit User|haxbat
|c| ok ppl|ded
|c| Shit User|is on
|c| EvilExperiments|revenge burn
|
|switch|p2a: Vaporeon|Vaporeon, M|180\/464
|switch|p1a: Aerodactyl|Aerodactyl-Mega, F|153\/305
|-damage|p1a: Aerodactyl|77\/305|[from] Stealth Rock
|
|-heal|p2a: Vaporeon|209\/464|[from] item: Leftovers
|turn|35
|c|+Cranham|o this is the top ladder sweat
|c| ok ppl|its a room tour
|c| Shit User|+Cranham: o this is the top ladder sweat
|c|âdingbat|meh
|leave|Shaneghoul
|c| Shit User|something you would never know about
|c| Casual Raptor|nice
|c| Casual Raptor|hazard control
|c| Shit User|:>
|c| Casual Raptor|!!!
|
|move|p1a: Aerodactyl|Stone Edge|p2a: Vaporeon
|-damage|p2a: Vaporeon|28\/464
|move|p2a: Vaporeon|Scald|p1a: Aerodactyl
|-supereffective|p1a: Aerodactyl
|-damage|p1a: Aerodactyl|0 fnt
|faint|p1a: Aerodactyl
|
|-heal|p2a: Vaporeon|57\/464|[from] item: Leftovers
|c| Thisbemyalt|Shit user mean af
|c| Shit in a Bucket|im too wank to be top ladder
|c| Casual Raptor|not even kill
|c| Backwardzsnuggie|Weak
|c| Shit in a Bucket|so im 1200+ :P
|
|switch|p1a: Virizion|Virizion|292\/324
|-damage|p1a: Virizion|238\/324|[from] Spikes
|-damage|p1a: Virizion|218\/324|[from] Stealth Rock
|turn|36
|
|switch|p2a: Donphan|Donphan, M|175\/363
|move|p1a: Virizion|Close Combat|p2a: Donphan
|-damage|p2a: Donphan|0 fnt
|-unboost|p1a: Virizion|def|1
|-unboost|p1a: Virizion|spd|1
|-damage|p1a: Virizion|186\/324|[from] item: Life Orb
|faint|p2a: Donphan
|
|c| Backwardzsnuggie|Mega Aero for brave bird
|leave|Emma Bae â¥
|c|âdingbat|wow
|c| Shit User|nb viriz
|c|âdingbat|how did that kill?
|c| Shit in a Bucket|rip
|
|switch|p2a: Crobat|Crobat, M|108\/325 brn
|turn|37
|c| Shit User|max af
|c| Casual Raptor|stay in
|c| Backwardzsnuggie|Pull out the quick claw
|c| Casual Raptor|you can tank
|c| Casual Raptor|!!!
|
|switch|p1a: Alomomola|Alomomola, M|382\/504 brn
|-damage|p1a: Alomomola|298\/504 brn|[from] Spikes
|-damage|p1a: Alomomola|235\/504 brn|[from] Stealth Rock
|move|p2a: Crobat|Roost|p2a: Crobat
|-heal|p2a: Crobat|271\/325 brn
|
|-heal|p1a: Alomomola|266\/504 brn|[from] item: Leftovers
|-damage|p2a: Crobat|231\/325 brn|[from] brn
|-damage|p1a: Alomomola|203\/504 brn|[from] brn
|turn|38
|c| Shit User|he must have lots of speed invest
|c| Shit User|too
|c| Shit in a Bucket|m8
|c| Casual Raptor|not real enuff
|
|switch|p1a: Sableye|Sableye, M|192\/304
|-damage|p1a: Sableye|154\/304|[from] Stealth Rock
|-damage|p1a: Sableye|104\/304|[from] Spikes
|move|p2a: Crobat|Taunt|p1a: Sableye
|-start|p1a: Sableye|move: Taunt
|
|-heal|p1a: Sableye|123\/304|[from] item: Leftovers
|-damage|p2a: Crobat|191\/325 brn|[from] brn
|turn|39
|c| Shit in a Bucket|i played a low ladder match
|join|Hussnasty
|c| Shit in a Bucket|some guy with quick claw forretress
|
|move|p2a: Crobat|Brave Bird|p1a: Sableye
|-damage|p1a: Sableye|0 fnt
|-damage|p2a: Crobat|150\/325 brn|[from] recoil|[of] p1a: Sableye
|faint|p1a: Sableye
|
|-damage|p2a: Crobat|110\/325 brn|[from] brn
|c| Casual Raptor|dw
|c| Casual Raptor|It's like
|c| Casual Raptor|custap
|c| Casual Raptor|!!!
|
|switch|p1a: Alomomola|Alomomola, M|371\/504 brn
|-damage|p1a: Alomomola|308\/504 brn|[from] Stealth Rock
|-damage|p1a: Alomomola|224\/504 brn|[from] Spikes
|turn|40
|c| angel management|is that sharp beak
|
|move|p2a: Crobat|Taunt|p1a: Alomomola
|-start|p1a: Alomomola|move: Taunt
|move|p1a: Alomomola|Scald|p2a: Crobat
|-damage|p2a: Crobat|59\/325 brn
|
|-heal|p1a: Alomomola|255\/504 brn|[from] item: Leftovers
|-damage|p2a: Crobat|19\/325 brn|[from] brn
|-damage|p1a: Alomomola|192\/504 brn|[from] brn
|turn|41
|c| angel management|lol
|c|âxMarth|n
|
|move|p2a: Crobat|U-turn|p1a: Alomomola
|-damage|p1a: Alomomola|166\/504 brn
|
|switch|p2a: Vaporeon|Vaporeon, M|57\/464
|move|p1a: Alomomola|Scald|p2a: Vaporeon
|-heal|p2a: Vaporeon|173\/464|[from] ability: Water Absorb|[of] p1a: Alomomola
|
|-heal|p1a: Alomomola|197\/504 brn|[from] item: Leftovers
|-heal|p2a: Vaporeon|202\/464|[from] item: Leftovers
|-damage|p1a: Alomomola|134\/504 brn|[from] brn
|turn|42
|c| Shit User|what item
|c| Backwardzsnuggie|Alomamamlamala gonna clean 
|c| Casual Raptor|bird plate
|c| Casual Raptor|imo
|c|âxMarth|pl8s
|
|switch|p1a: Virizion|Virizion|186\/324
|-damage|p1a: Virizion|132\/324|[from] Spikes
|-damage|p1a: Virizion|112\/324|[from] Stealth Rock
|move|p2a: Vaporeon|Heal Bell|p2a: Vaporeon
|-cureteam|p2a: Vaporeon|[from] move: HealBell
|
|-heal|p2a: Vaporeon|231\/464|[from] item: Leftovers
|turn|43
|c| Shit User|o
|c| Backwardzsnuggie|Clean wash that vaporeon
|c| Thisbemyalt|o
|c| Casual Raptor|just
|c| ok ppl|gg
|c| Casual Raptor|get the skillcrit
|c| Casual Raptor|imo
|
|switch|p2a: Jirachi|Jirachi|302\/341
|move|p1a: Virizion|Leaf Blade|p2a: Jirachi
|-resisted|p2a: Jirachi
|-damage|p2a: Jirachi|224\/341
|-damage|p1a: Virizion|80\/324|[from] item: Life Orb
|
|-heal|p2a: Jirachi|245\/341|[from] item: Leftovers
|turn|44
|join|DeadeyezRy
|c| Backwardzsnuggie|Revive your aero and set rocks up
|join|glenkx
|c| Casual Raptor|^^^
|leave|DeadeyezRy
|
|move|p1a: Virizion|Close Combat|p2a: Jirachi
|-damage|p2a: Jirachi|31\/341
|-unboost|p1a: Virizion|def|1
|-unboost|p1a: Virizion|spd|1
|-damage|p1a: Virizion|48\/324|[from] item: Life Orb
|move|p2a: Jirachi|U-turn|p1a: Virizion
|-damage|p1a: Virizion|0 fnt
|faint|p1a: Virizion
|c| Casual Raptor|weak
|
|switch|p2a: Crobat|Crobat, M|19\/325
|
|c|âdingbat|gg
|
|switch|p1a: Alomomola|Alomomola, M|302\/504 brn
|-damage|p1a: Alomomola|218\/504 brn|[from] Spikes
|-damage|p1a: Alomomola|155\/504 brn|[from] Stealth Rock
|turn|45
|c| Casual Raptor|dingbat
|c|âxMarth|gg
|c| Casual Raptor|you can do it
|
|move|p2a: Crobat|Roost|p2a: Crobat
|-heal|p2a: Crobat|182\/325
|move|p1a: Alomomola|Scald|p2a: Crobat
|-damage|p2a: Crobat|125\/325
|-status|p2a: Crobat|brn
|
|-heal|p1a: Alomomola|186\/504 brn|[from] item: Leftovers
|-damage|p2a: Crobat|85\/325 brn|[from] brn
|-damage|p1a: Alomomola|123\/504 brn|[from] brn
|turn|46
|c| Backwardzsnuggie|Pull out the shell smash
|c|âdingbat|reburn crobat
|c| ok ppl|mfw
|c| Shit in a Bucket|dem burns
|c|âdingbat|first step lol
|c| Shit User|kek
|
|move|p2a: Crobat|Taunt|p1a: Alomomola
|-start|p1a: Alomomola|move: Taunt
|move|p1a: Alomomola|Scald|p2a: Crobat
|-damage|p2a: Crobat|30\/325 brn
|
|-heal|p1a: Alomomola|154\/504 brn|[from] item: Leftovers
|-damage|p2a: Crobat|0 fnt|[from] brn
|-damage|p1a: Alomomola|91\/504 brn|[from] brn
|faint|p2a: Crobat
|c| Casual Raptor|serene grace
|c| Casual Raptor|alom
|c| Casual Raptor|is real
|c| Shit User|ok
|
|switch|p2a: Jirachi|Jirachi|31\/341
|turn|47
|c| Backwardzsnuggie|Got 1 more kill!!!!
|
|move|p2a: Jirachi|Iron Head|p1a: Alomomola
|-resisted|p1a: Alomomola
|-damage|p1a: Alomomola|42\/504 brn
|cant|p1a: Alomomola|flinch
|
|-heal|p2a: Jirachi|52\/341|[from] item: Leftovers
|-heal|p1a: Alomomola|73\/504 brn|[from] item: Leftovers
|-damage|p1a: Alomomola|10\/504 brn|[from] brn
|turn|48
|c| Backwardzsnuggie|Nooo
|c| Shit User|:[[[[[[[[[[[[
|c|âdingbat|what if
|c| Backwardzsnuggie|BS
|c| Shit in a Bucket|>flinch
|c|âdingbat|i pulled through lol
|c| Casual Raptor|IRON HEAD
|
|move|p2a: Jirachi|Fire Punch|p1a: Alomomola
|-resisted|p1a: Alomomola
|-damage|p1a: Alomomola|0 fnt
|faint|p1a: Alomomola
|
|win|xMarth
|c| Casual Raptor|MISS
|c| Shit User|:[[[[[[[[[[[[[[[[[[[[[[[[[[[[[[[[[[[[[[[[[[[[[[[[[[[[[[[[[[[[[[[[[[[[[
|c| Casual Raptor|:[
|c|âxMarth|gg
|c| ok ppl|ded
|c| Backwardzsnuggie|:[
|leave|xMarth
|player|p2
|c|âdingbat|bop
|leave|Torm
|c| Shit User|:[[[[[[[[[[[[[[[[[[[[[[[[[[[[[[[[[[[[[[[[[[[[[[[[[[[[[[[[[[[[[[[[[[[[[{{{{{{{{{{{{{{{{{{{{{{{{{{{{{{{{{{{{{{{[[
|leave|dingbat
|player|p1
|leave|Cranham
|leave|Hussnasty
|leave|Casual Raptor
|leave|Thisbemyalt
|leave|angel management
|leave|Backwardzsnuggie
|leave|Shit in a Bucket
|leave|Frickett
|leave|Shit User
|leave|glenkx
|leave|EvilExperiments
|leave|zFinalist
|leave|Donphantastic
|join|EyanZ