|join|dingbat
|join|teal6
|player|p1|dingbat|3
|player|p2|teal6|102
|gametype|singles
|gen|6
|tier|UU
|rule|Sleep Clause Mod: Limit one foe put to sleep
|rule|Species Clause: Limit one of each PokÃ©mon
|rule|OHKO Clause: OHKO moves are banned
|rule|Moody Clause: Moody is banned
|rule|Evasion Moves Clause: Evasion moves are banned
|rule|Endless Battle Clause: Forcing endless battles is banned
|rule|HP Percentage Mod: HP is shown in percentages
|clearpoke
|poke|p1|Krookodile, M
|poke|p1|Infernape, F
|poke|p1|Vaporeon, F
|poke|p1|Aerodactyl, M
|poke|p1|Whimsicott, F
|poke|p1|Jirachi
|poke|p2|Jirachi
|poke|p2|Suicune
|poke|p2|Entei, shiny
|poke|p2|Hydreigon, F
|poke|p2|Chesnaught, M
|poke|p2|Diancie
|rule|Swagger Clause: Swagger is banned
|rule|Baton Pass Clause: Limit one PokÃ©mon knowing Baton Pass
|teampreview
|
|start
|switch|p1a: Krookodile|Krookodile, M|331\/331
|switch|p2a: Hydreigon|Hydreigon, F|325\/325
|-ability|p1a: Krookodile|Intimidate|[of] p2a: Hydreigon
|-unboost|p2a: Hydreigon|atk|1
|turn|1
|
|switch|p1a: Whimsicott|Whimsicott, F|262\/262
|move|p2a: Hydreigon|U-turn|p1a: Whimsicott
|-damage|p1a: Whimsicott|224\/262
|c|âteal6|have you been playing in the tournaments a lot?
|
|switch|p2a: Entei|Entei, shiny|371\/371
|-ability|p2a: Entei|Pressure
|
|-heal|p1a: Whimsicott|240\/262|[from] item: Leftovers
|turn|2
|c|âdingbat|not really
|c|âteal6|same.. i was a much more active player back in gen 3.. haven't been able to get a handle on ORAS that much
|
|move|p1a: Whimsicott|U-turn|p2a: Entei
|-resisted|p2a: Entei
|-damage|p2a: Entei|351\/371
|c|âdingbat|ah
|
|switch|p1a: Vaporeon|Vaporeon, F|464\/464
|move|p2a: Entei|Sacred Fire|p1a: Vaporeon
|-resisted|p1a: Vaporeon
|-damage|p1a: Vaporeon|307\/464
|-status|p1a: Vaporeon|brn
|
|-heal|p1a: Vaporeon|336\/464 brn|[from] item: Leftovers
|-damage|p1a: Vaporeon|278\/464 brn|[from] brn
|turn|3
|
|switch|p2a: Chesnaught|Chesnaught, M|380\/380
|move|p1a: Vaporeon|Baton Pass|p1a: Vaporeon
|
|switch|p1a: Infernape|Infernape, F|293\/293
|
|turn|4
|
|switch|p2a: Hydreigon|Hydreigon, F|325\/325
|move|p1a: Infernape|Stealth Rock|p2a: Hydreigon
|-sidestart|p2: teal6|move: Stealth Rock
|
|turn|5
|c|âdingbat|risky switch o.O
|
|switch|p1a: Whimsicott|Whimsicott, F|240\/262
|move|p2a: Hydreigon|U-turn|p1a: Whimsicott
|-damage|p1a: Whimsicott|179\/262
|c|âteal6|hah well i figured you wouldn't go for a fire move
|c|âteal6|*fighting
|c|âdingbat|:p
|
|switch|p2a: Jirachi|Jirachi|341\/341
|-damage|p2a: Jirachi|320\/341|[from] Stealth Rock
|
|-heal|p1a: Whimsicott|195\/262|[from] item: Leftovers
|turn|6
|
|switch|p1a: Krookodile|Krookodile, M|331\/331
|-ability|p1a: Krookodile|Intimidate|[of] p2a: Jirachi
|-unboost|p2a: Jirachi|atk|1
|move|p2a: Jirachi|U-turn|p1a: Krookodile
|-supereffective|p1a: Krookodile
|-damage|p1a: Krookodile|213\/331
|
|switch|p2a: Chesnaught|Chesnaught, M|380\/380
|-damage|p2a: Chesnaught|357\/380|[from] Stealth Rock
|
|-heal|p2a: Chesnaught|380\/380|[from] item: Leftovers
|turn|7
|
|switch|p1a: Whimsicott|Whimsicott, F|195\/262
|move|p2a: Chesnaught|Spikes|p1a: Whimsicott
|-sidestart|p1: dingbat|Spikes
|
|-heal|p1a: Whimsicott|211\/262|[from] item: Leftovers
|turn|8
|
|switch|p2a: Jirachi|Jirachi|320\/341
|-damage|p2a: Jirachi|299\/341|[from] Stealth Rock
|move|p1a: Whimsicott|Stun Spore|p2a: Jirachi
|-status|p2a: Jirachi|par
|
|-heal|p1a: Whimsicott|227\/262|[from] item: Leftovers
|turn|9
|c|âdingbat|yus
|c|âteal6|:( haha
|c|âteal6|i was too predictable there
|
|move|p1a: Whimsicott|U-turn|p2a: Jirachi
|-damage|p2a: Jirachi|261\/341 par
|c|âdingbat|idek who to switch to
|c|âdingbat|w\/e
|
|switch|p1a: Jirachi|Jirachi|404\/404
|-damage|p1a: Jirachi|354\/404|[from] Spikes
|move|p2a: Jirachi|Iron Head|p1a: Jirachi
|-resisted|p1a: Jirachi
|-damage|p1a: Jirachi|297\/404
|
|-heal|p1a: Jirachi|322\/404|[from] item: Leftovers
|turn|10
|
|switch|p2a: Suicune|Suicune|404\/404
|-damage|p2a: Suicune|354\/404|[from] Stealth Rock
|-ability|p2a: Suicune|Pressure
|move|p1a: Jirachi|Toxic|p2a: Suicune
|-status|p2a: Suicune|tox
|
|-heal|p1a: Jirachi|347\/404|[from] item: Leftovers
|-heal|p2a: Suicune|379\/404 tox|[from] item: Leftovers
|-damage|p2a: Suicune|354\/404 tox|[from] psn
|turn|11
|
|switch|p1a: Infernape|Infernape, F|293\/293
|-damage|p1a: Infernape|257\/293|[from] Spikes
|switch|p2a: Chesnaught|Chesnaught, M|380\/380
|-damage|p2a: Chesnaught|357\/380|[from] Stealth Rock
|
|-heal|p2a: Chesnaught|380\/380|[from] item: Leftovers
|turn|12
|
|move|p2a: Chesnaught|Spiky Shield|p2a: Chesnaught
|-singleturn|p2a: Chesnaught|move: Protect
|move|p1a: Infernape|Fire Blast|p2a: Chesnaught
|-activate|p2a: Chesnaught|move: Protect
|
|turn|13
|c|âteal6|is grass knot standard on infernape?
|c|âdingbat|it's pretty common
|c|âdingbat|on non-choiced variants
|c|âteal6|ah true
|
|move|p1a: Infernape|Fire Blast|p2a: Chesnaught
|-supereffective|p2a: Chesnaught
|-damage|p2a: Chesnaught|0 fnt
|faint|p2a: Chesnaught
|
|c|âdingbat|roasted
|c|âdingbat|:[
|
|switch|p2a: Hydreigon|Hydreigon, F|325\/325
|-damage|p2a: Hydreigon|285\/325|[from] Stealth Rock
|turn|14
|
|switch|p1a: Jirachi|Jirachi|347\/404
|-damage|p1a: Jirachi|297\/404|[from] Spikes
|move|p2a: Hydreigon|U-turn|p1a: Jirachi
|-crit|p1a: Jirachi
|-damage|p1a: Jirachi|218\/404
|
|switch|p2a: Entei|Entei, shiny|351\/371
|-damage|p2a: Entei|259\/371|[from] Stealth Rock
|-ability|p2a: Entei|Pressure
|
|-heal|p1a: Jirachi|243\/404|[from] item: Leftovers
|turn|15
|
|move|p1a: Jirachi|Substitute|p1a: Jirachi
|-start|p1a: Jirachi|Substitute
|-damage|p1a: Jirachi|142\/404
|move|p2a: Entei|Sacred Fire|p1a: Jirachi
|-supereffective|p1a: Jirachi
|-end|p1a: Jirachi|Substitute
|
|-heal|p1a: Jirachi|167\/404|[from] item: Leftovers
|turn|16
|c|âdingbat|sacred fire is so annoying to switch into .-.
|c|âteal6|it really is
|c|âteal6|but i think i have to replace entei on this team.. i got no sr and no way to manage hazards
|c|âdingbat|entei is cool 'mon tho
|c|âdingbat|:}
|c|âteal6|true and he hits like a truck haha
|
|switch|p1a: Vaporeon|Vaporeon, F|278\/464 brn
|-damage|p1a: Vaporeon|220\/464 brn|[from] Spikes
|move|p2a: Entei|Sacred Fire|p1a: Vaporeon
|-resisted|p1a: Vaporeon
|-damage|p1a: Vaporeon|59\/464 brn
|
|-heal|p1a: Vaporeon|88\/464 brn|[from] item: Leftovers
|-damage|p1a: Vaporeon|30\/464 brn|[from] brn
|turn|17
|
|move|p2a: Entei|Sacred Fire|p1a: Vaporeon
|-resisted|p1a: Vaporeon
|-damage|p1a: Vaporeon|0 fnt
|faint|p1a: Vaporeon
|
|
|switch|p1a: Aerodactyl|Aerodactyl, M|311\/311
|turn|18
|
|switch|p2a: Jirachi|Jirachi|261\/341 par
|-damage|p2a: Jirachi|240\/341 par|[from] Stealth Rock
|detailschange|p1a: Aerodactyl|Aerodactyl-Mega, M
|-mega|p1a: Aerodactyl|Aerodactyl|Aerodactylite
|move|p1a: Aerodactyl|Stone Edge|p2a: Jirachi|[miss]
|-miss|p1a: Aerodactyl|p2a: Jirachi
|
|turn|19
|
|switch|p1a: Infernape|Infernape, F|257\/293
|-damage|p1a: Infernape|221\/293|[from] Spikes
|move|p2a: Jirachi|Healing Wish|p2a: Jirachi
|faint|p2a: Jirachi
|
|
|switch|p2a: Diancie|Diancie|241\/241
|-heal|p2a: Diancie|241\/241|[from] move: Healing Wish
|-damage|p2a: Diancie|211\/241|[from] Stealth Rock
|turn|20
|c|âdingbat|might b a slight problem
|
|detailschange|p2a: Diancie|Diancie-Mega
|-mega|p2a: Diancie|Diancie|Diancite
|move|p1a: Infernape|Fire Blast|p2a: Diancie
|-resisted|p2a: Diancie
|-damage|p2a: Diancie|129\/241
|move|p2a: Diancie|Rock Polish|p2a: Diancie
|-boost|p2a: Diancie|spe|2
|
|turn|21
|
|move|p2a: Diancie|Earth Power|p1a: Infernape
|-supereffective|p1a: Infernape
|-damage|p1a: Infernape|0 fnt
|faint|p1a: Infernape
|
|
|switch|p1a: Whimsicott|Whimsicott, F|227\/262
|-damage|p1a: Whimsicott|195\/262|[from] Spikes
|turn|22
|c|âdingbat|that might b a slight problem
|c|âdingbat|!
|c|âteal6|haha
|
|move|p2a: Diancie|Moonblast|p1a: Whimsicott
|-damage|p1a: Whimsicott|0 fnt
|faint|p1a: Whimsicott
|
|c|âteal6|its the only way i have to deal with hazards, but its almost always my win condition so i can't risk it
|
|switch|p1a: Aerodactyl|Aerodactyl-Mega, M|311\/311
|turn|23
|c|âdingbat|it's gona get rebanned tho :[
|c|âteal6|absolutely
|
|move|p2a: Diancie|Diamond Storm|p1a: Aerodactyl
|-supereffective|p1a: Aerodactyl
|-damage|p1a: Aerodactyl|0 fnt
|faint|p1a: Aerodactyl
|
|c|âteal6|there was a
|c|âteal6|mega zam there before it
|c|âteal6|which ia ctually liked better
|c|âteal6|no need for rock polish
|
|switch|p1a: Krookodile|Krookodile, M|213\/331
|-damage|p1a: Krookodile|172\/331|[from] Spikes
|-ability|p1a: Krookodile|Intimidate|[of] p2a: Diancie
|-unboost|p2a: Diancie|atk|1
|turn|24
|c|âteal6|i might have to scrap the team once its gone
|
|move|p2a: Diancie|Moonblast|p1a: Krookodile
|-supereffective|p1a: Krookodile
|-damage|p1a: Krookodile|0 fnt
|faint|p1a: Krookodile
|
|
|switch|p1a: Jirachi|Jirachi|167\/404
|-damage|p1a: Jirachi|117\/404|[from] Spikes
|turn|25
|c|âdingbat|geegs
|c|âteal6|gg
|
|move|p2a: Diancie|Earth Power|p1a: Jirachi
|-supereffective|p1a: Jirachi
|-damage|p1a: Jirachi|0 fnt
|faint|p1a: Jirachi
|
|win|teal6