|join|Bin Ladder
|join|Roystopror
|player|p1|Bin Ladder|76
|player|p2|Roystopror|280
|gametype|singles
|gen|6
|tier|OU
|rated
|clearpoke
|poke|p1|Gyarados, M
|poke|p1|Greninja, M
|poke|p1|Latias, F
|poke|p1|Gliscor, M
|poke|p1|Clefable, M
|poke|p1|Ferrothorn, M
|poke|p2|Lopunny, M
|poke|p2|Azumarill, M, shiny
|poke|p2|Landorus-Therian, M, shiny
|poke|p2|Talonflame, F, shiny
|poke|p2|Conkeldurr, F, shiny
|poke|p2|Latios, M, shiny
|rule|Swagger Clause: Swagger is banned
|rule|Baton Pass Clause: Limit one PokÃ©mon knowing Baton Pass
|rule|Sleep Clause Mod: Limit one foe put to sleep
|rule|Species Clause: Limit one of each PokÃ©mon
|rule|OHKO Clause: OHKO moves are banned
|rule|Moody Clause: Moody is banned
|rule|Evasion Moves Clause: Evasion moves are banned
|rule|Endless Battle Clause: Forcing endless battles is banned
|rule|HP Percentage Mod: HP is shown in percentages
|teampreview
|
|start
|switch|p1a: Gyarados|Gyarados, M|341\/341
|switch|p2a: Lopunny|Lopunny, M|271\/271
|-ability|p1a: Gyarados|Intimidate|[of] p2a: Lopunny
|-unboost|p2a: Lopunny|atk|1
|turn|1
|
|detailschange|p2a: Lopunny|Lopunny-Mega, M
|message|Lopunny has Mega Evolved into Mega Lopunny!
|move|p2a: Lopunny|Fake Out|p1a: Gyarados
|-damage|p1a: Gyarados|286\/341
|cant|p1a: Gyarados|flinch
|
|turn|2
|join|ALASTOR LAW
|c| ALASTOR LAW|hola nigga
|
|switch|p2a: Talonflame|Talonflame, F, shiny|298\/298
|move|p1a: Gyarados|Waterfall|p2a: Talonflame
|-supereffective|p2a: Talonflame
|-damage|p2a: Talonflame|0 fnt
|faint|p2a: Talonflame
|
|c|âBin Ladder|hey
|
|switch|p2a: Landorus-Therian|Landorus-Therian, M, shiny|382\/382
|-ability|p2a: Landorus-Therian|Intimidate|[of] p1a: Gyarados
|-unboost|p1a: Gyarados|atk|1
|turn|3
|c| ALASTOR LAW|que haces
|c|âBin Ladder|nada aquÃ­
|c|âBin Ladder|probando cosas
|
|switch|p1a: Gliscor|Gliscor, M|349\/349
|move|p2a: Landorus-Therian|Knock Off|p1a: Gliscor
|-damage|p1a: Gliscor|238\/349
|-enditem|p1a: Gliscor|Toxic Orb|[from] move: Knock Off|[of] p2a: Landorus-Therian
|
|turn|4
|c| ALASTOR LAW|yo hoy he reanimado a un muÃ±eco
|c| ALASTOR LAW|ha estado chulo
|
|switch|p1a: Ferrothorn|Ferrothorn, M|352\/352
|move|p2a: Landorus-Therian|Stealth Rock|p1a: Ferrothorn
|-sidestart|p1: Bin Ladder|move: Stealth Rock
|
|turn|5
|c|âBin Ladder|lol
|
|move|p2a: Landorus-Therian|Knock Off|p1a: Ferrothorn
|-damage|p1a: Ferrothorn|266\/352
|-damage|p2a: Landorus-Therian|335\/382|[from] ability: Iron Barbs|[of] p1a: Ferrothorn
|-enditem|p1a: Ferrothorn|Shed Shell|[from] move: Knock Off|[of] p2a: Landorus-Therian
|move|p1a: Ferrothorn|Leech Seed|p2a: Landorus-Therian
|-start|p2a: Landorus-Therian|move: Leech Seed
|
|-heal|p2a: Landorus-Therian|358\/382|[from] item: Leftovers
|-damage|p2a: Landorus-Therian|311\/382|[from] Leech Seed|[of] p1a: Ferrothorn
|-heal|p1a: Ferrothorn|313\/352|[silent]
|turn|6
|join|Gemeliers
|
|switch|p2a: Conkeldurr|Conkeldurr, F, shiny|414\/414
|move|p1a: Ferrothorn|Leech Seed|p2a: Conkeldurr
|-start|p2a: Conkeldurr|move: Leech Seed
|
|-damage|p2a: Conkeldurr|363\/414|[from] Leech Seed|[of] p1a: Ferrothorn
|-heal|p1a: Ferrothorn|352\/352|[silent]
|turn|7
|
|move|p2a: Conkeldurr|Knock Off|p1a: Ferrothorn
|-damage|p1a: Ferrothorn|288\/352
|-damage|p2a: Conkeldurr|312\/414|[from] ability: Iron Barbs|[of] p1a: Ferrothorn
|move|p1a: Ferrothorn|Stealth Rock|p2a: Conkeldurr
|-sidestart|p2: Roystopror|move: Stealth Rock
|
|-damage|p2a: Conkeldurr|261\/414|[from] Leech Seed|[of] p1a: Ferrothorn
|-heal|p1a: Ferrothorn|339\/352|[silent]
|turn|8
|c| ALASTOR LAW|oye axel
|c| ALASTOR LAW|esta guille por ahi?
|
|switch|p1a: Clefable|Clefable, M|393\/393
|move|p2a: Conkeldurr|Drain Punch|p1a: Clefable
|-resisted|p1a: Clefable
|-damage|p1a: Clefable|315\/393
|-heal|p2a: Conkeldurr|300\/414|[from] drain|[of] p1a: Clefable
|
|-heal|p1a: Clefable|339\/393|[from] item: Leftovers
|-damage|p2a: Conkeldurr|249\/414|[from] Leech Seed|[of] p1a: Clefable
|-heal|p1a: Clefable|390\/393|[silent]
|turn|9
|c|âBin Ladder|no sÃ©
|c|âBin Ladder|tengo su wa
|c|âBin Ladder|le digo algo?
|
|move|p1a: Clefable|Calm Mind|p1a: Clefable
|-boost|p1a: Clefable|spa|1
|-boost|p1a: Clefable|spd|1
|move|p2a: Conkeldurr|Knock Off|p1a: Clefable
|-resisted|p1a: Clefable
|-damage|p1a: Clefable|325\/393
|-enditem|p1a: Clefable|Leftovers|[from] move: Knock Off|[of] p2a: Conkeldurr
|
|-damage|p2a: Conkeldurr|198\/414|[from] Leech Seed|[of] p1a: Clefable
|-heal|p1a: Clefable|376\/393|[silent]
|turn|10
|c| ALASTOR LAW|yo tambien lo tengo y tal
|
|switch|p2a: Landorus-Therian|Landorus-Therian, M, shiny|311\/382
|-damage|p2a: Landorus-Therian|264\/382|[from] Stealth Rock
|-ability|p2a: Landorus-Therian|Intimidate|[of] p1a: Clefable
|-unboost|p1a: Clefable|atk|1
|move|p1a: Clefable|Calm Mind|p1a: Clefable
|-boost|p1a: Clefable|spa|1
|-boost|p1a: Clefable|spd|1
|
|-heal|p2a: Landorus-Therian|287\/382|[from] item: Leftovers
|turn|11
|join|mati212
|c| ALASTOR LAW|es que necesito un team RU y uno UU
|c| ALASTOR LAW|de ORAS
|
|move|p2a: Landorus-Therian|Earthquake|p1a: Clefable
|-damage|p1a: Clefable|148\/393
|move|p1a: Clefable|Moonblast|p2a: Landorus-Therian
|-crit|p2a: Landorus-Therian
|-damage|p2a: Landorus-Therian|0 fnt
|faint|p2a: Landorus-Therian
|
|c|âBin Ladder|madre las golpisas
|
|switch|p2a: Lopunny|Lopunny-Mega, M|271\/271
|-damage|p2a: Lopunny|255\/271|[from] Stealth Rock
|turn|12
|join|rojo red el piola
|c| ALASTOR LAW|lando es que pega duro
|
|switch|p1a: Ferrothorn|Ferrothorn, M|339\/352
|-damage|p1a: Ferrothorn|317\/352|[from] Stealth Rock
|move|p2a: Lopunny|Return|p1a: Ferrothorn
|-resisted|p1a: Ferrothorn
|-damage|p1a: Ferrothorn|257\/352
|-damage|p2a: Lopunny|222\/271|[from] ability: Iron Barbs|[of] p1a: Ferrothorn
|
|turn|13
|c|âBin Ladder|que dolor me hace eso
|
|move|p1a: Ferrothorn|Protect|p1a: Ferrothorn
|-singleturn|p1a: Ferrothorn|Protect
|move|p2a: Lopunny|Drain Punch|p1a: Ferrothorn
|-activate|p1a: Ferrothorn|Protect
|
|turn|14
|c| ALASTOR LAW|dp en serio?
|
|move|p2a: Lopunny|Drain Punch|p1a: Ferrothorn
|-supereffective|p1a: Ferrothorn
|-damage|p1a: Ferrothorn|59\/352
|-heal|p2a: Lopunny|271\/271|[from] drain|[of] p1a: Ferrothorn
|-damage|p2a: Lopunny|238\/271|[from] ability: Iron Barbs|[of] p1a: Ferrothorn
|move|p1a: Ferrothorn|Gyro Ball|p2a: Lopunny
|-damage|p2a: Lopunny|82\/271
|
|turn|15
|c| ALASTOR LAW|que mierda
|c| ALASTOR LAW|a quien pretendes engaÃ±ar xD
|c| rojo red el piola|porque no falla...
|
|move|p1a: Ferrothorn|Protect|p1a: Ferrothorn
|-singleturn|p1a: Ferrothorn|Protect
|move|p2a: Lopunny|Drain Punch|p1a: Ferrothorn
|-activate|p1a: Ferrothorn|Protect
|
|turn|16
|c| rojo red el piola|si haces patada super alta
|c| rojo red el piola|te caes
|
|move|p2a: Lopunny|Drain Punch|p1a: Ferrothorn
|-supereffective|p1a: Ferrothorn
|-damage|p1a: Ferrothorn|0 fnt
|-heal|p2a: Lopunny|112\/271|[from] drain|[of] p1a: Ferrothorn
|-damage|p2a: Lopunny|79\/271|[from] ability: Iron Barbs|[of] p1a: Ferrothorn
|faint|p1a: Ferrothorn
|
|c| rojo red el piola|...
|c| ALASTOR LAW|em
|c| ALASTOR LAW|lopunny pega flojisimo
|
|switch|p1a: Latias|Latias, F|319\/319
|-damage|p1a: Latias|280\/319|[from] Stealth Rock
|turn|17
|c| ALASTOR LAW|HJK es necesaria
|c| ALASTOR LAW|no es medicham
|
|switch|p2a: Conkeldurr|Conkeldurr, F, shiny|198\/414
|-damage|p2a: Conkeldurr|173\/414|[from] Stealth Rock
|move|p1a: Latias|Psyshock|p2a: Conkeldurr
|-supereffective|p2a: Conkeldurr
|-damage|p2a: Conkeldurr|0 fnt
|-damage|p1a: Latias|249\/319|[from] item: Life Orb
|faint|p2a: Conkeldurr
|
|
|switch|p2a: Azumarill|Azumarill, M, shiny|404\/404
|-damage|p2a: Azumarill|354\/404|[from] Stealth Rock
|turn|18
|c| ALASTOR LAW|lo que no entiendo axel
|c| ALASTOR LAW|es como dejas que te baje al clef xd
|
|switch|p1a: Gliscor|Gliscor, M|238\/349
|-damage|p1a: Gliscor|195\/349|[from] Stealth Rock
|move|p2a: Azumarill|Belly Drum|p2a: Azumarill
|-damage|p2a: Azumarill|152\/404
|-setboost|p2a: Azumarill|atk|6|[from] move: Belly Drum
|-enditem|p2a: Azumarill|Sitrus Berry|[eat]
|-heal|p2a: Azumarill|253\/404|[from] item: Sitrus Berry
|
|turn|19
|c|âBin Ladder|a tomar por culo
|join|Viduf
|
|move|p2a: Azumarill|Aqua Jet|p1a: Gliscor
|-supereffective|p1a: Gliscor
|-damage|p1a: Gliscor|0 fnt
|faint|p1a: Gliscor
|
|c| ALASTOR LAW|greg vive creo
|c|âBin Ladder|mÃ¡s me vale
|c|âBin Ladder|xD
|c|âBin Ladder|a ver
|leave|mati212
|c| ALASTOR LAW|como vas de ladder?
|
|switch|p1a: Greninja|Greninja, M|285\/285
|-damage|p1a: Greninja|250\/285|[from] Stealth Rock
|turn|20
|c|âBin Ladder|not bad
|c|âBin Ladder|estuve el 30 hace unos dÃ­as
|c|âBin Ladder|pero he bajado por no laddear
|
|move|p2a: Azumarill|Aqua Jet|p1a: Greninja
|-resisted|p1a: Greninja
|-damage|p1a: Greninja|0 fnt
|faint|p1a: Greninja
|
|c|âBin Ladder|no me jodas
|join|IvanElFantasero
|c|âBin Ladder|+6 252+ Atk Huge Power Azumarill Aqua Jet vs. 4 HP \/ 0 Def Greninja: 220-259 (76.9 - 90.5%) -- guaranteed 2HKO
|c|âBin Ladder|vaya estafa
|
|switch|p1a: Gyarados|Gyarados, M|286\/341
|-damage|p1a: Gyarados|201\/341|[from] Stealth Rock
|-ability|p1a: Gyarados|Intimidate|[of] p2a: Azumarill
|-unboost|p2a: Azumarill|atk|1
|turn|21
|
|detailschange|p1a: Gyarados|Gyarados-Mega, M
|message|Gyarados has Mega Evolved into Mega Gyarados!
|-ability|p1a: Gyarados|Mold Breaker
|move|p2a: Azumarill|Aqua Jet|p1a: Gyarados
|-resisted|p1a: Gyarados
|-damage|p1a: Gyarados|59\/341
|move|p1a: Gyarados|Waterfall|p2a: Azumarill
|-resisted|p2a: Azumarill
|-damage|p2a: Azumarill|155\/404
|
|turn|22
|
|move|p2a: Azumarill|Aqua Jet|p1a: Gyarados
|-resisted|p1a: Gyarados
|-damage|p1a: Gyarados|0 fnt
|faint|p1a: Gyarados
|
|
|switch|p1a: Latias|Latias, F|249\/319
|-damage|p1a: Latias|210\/319|[from] Stealth Rock
|turn|23
|
|move|p2a: Azumarill|Aqua Jet|p1a: Latias
|-resisted|p1a: Latias
|-damage|p1a: Latias|40\/319
|move|p1a: Latias|Psyshock|p2a: Azumarill
|-damage|p2a: Azumarill|0 fnt
|-damage|p1a: Latias|9\/319|[from] item: Life Orb
|faint|p2a: Azumarill
|
|
|switch|p2a: Lopunny|Lopunny-Mega, M|79\/271
|-damage|p2a: Lopunny|63\/271|[from] Stealth Rock
|turn|24
|
|move|p2a: Lopunny|Fake Out|p1a: Latias
|-damage|p1a: Latias|0 fnt
|faint|p1a: Latias
|
|
|switch|p1a: Clefable|Clefable, M|148\/393
|turn|25
|
|move|p2a: Lopunny|Return|p1a: Clefable
|-damage|p1a: Clefable|0 fnt
|faint|p1a: Clefable
|
|win|Roystopror
|raw|Ladder updating...
|c|âBin Ladder|pues rip
|leave|IvanElFantasero
|raw|Bin Ladder's rating: 1577 &rarr; <strong>1557<\/strong><br \/>(-20 for losing)
|raw|Roystopror's rating: 1575 &rarr; <strong>1595<\/strong><br \/>(+20 for winning)
|leave|Bin Ladder
|player|p1
|leave|rojo red el piola
|leave|ALASTOR LAW