|join|Bin Ladder
|join|TakanoSan
|player|p1|Bin Ladder|76
|player|p2|TakanoSan|266
|gametype|singles
|gen|6
|tier|OU
|clearpoke
|poke|p1|Amoonguss, F
|poke|p1|Metagross
|poke|p1|Heatran, M
|poke|p1|Landorus, M
|poke|p1|Alomomola, F
|poke|p1|Keldeo
|poke|p2|Metagross
|poke|p2|Landorus-Therian, M
|poke|p2|Heatran, M
|poke|p2|Greninja, M
|poke|p2|Chesnaught, M
|poke|p2|Thundurus, M
|rule|Swagger Clause: Swagger is banned
|rule|Baton Pass Clause: Limit one PokÃ©mon knowing Baton Pass
|rule|Sleep Clause Mod: Limit one foe put to sleep
|rule|Species Clause: Limit one of each PokÃ©mon
|rule|OHKO Clause: OHKO moves are banned
|rule|Moody Clause: Moody is banned
|rule|Evasion Moves Clause: Evasion moves are banned
|rule|Endless Battle Clause: Forcing endless battles is banned
|rule|HP Percentage Mod: HP is shown in percentages
|teampreview
|c|âTakanoSan|regenerator core me folla
|c|âTakanoSan|gg :c
|c|âBin Ladder|es entierro
|c|âTakanoSan|!learn amoonguss, spikes
|raw|<div class="infobox">Amoonguss <span class="message-learn-cannotlearn">can't<\/span> learn Spikes<\/div>
|c|âBin Ladder|a mi me follan las puas
|c|âTakanoSan|!learn lando, defog
|raw|<div class="infobox">Landorus <span class="message-learn-cannotlearn">can't<\/span> learn Defog<\/div>
|c|âBin Ladder|sip
|
|start
|switch|p1a: Keldeo|Keldeo|323\/323
|switch|p2a: Chesnaught|Chesnaught, M|380\/380
|turn|1
|c|âTakanoSan|juegas sin spikes y sin defogger aaa
|
|switch|p1a: Metagross|Metagross|301\/301
|move|p2a: Chesnaught|Spikes|p1a: Metagross
|-sidestart|p1: Bin Ladder|Spikes
|
|turn|2
|
|switch|p2a: Heatran|Heatran, M|323\/323
|detailschange|p1a: Metagross|Metagross-Mega
|message|Metagross has Mega Evolved into Mega Metagross!
|move|p1a: Metagross|Zen Headbutt|p2a: Heatran
|-resisted|p2a: Heatran
|-damage|p2a: Heatran|224\/323
|
|turn|3
|
|switch|p2a: Chesnaught|Chesnaught, M|380\/380
|switch|p1a: Alomomola|Alomomola, F|501\/501
|-damage|p1a: Alomomola|439\/501|[from] Spikes
|
|-heal|p1a: Alomomola|470\/501|[from] item: Leftovers
|turn|4
|c|âBin Ladder|oie no
|
|switch|p1a: Heatran|Heatran, M|385\/385
|-damage|p1a: Heatran|337\/385|[from] Spikes
|move|p2a: Chesnaught|Spikes|p1a: Heatran
|-sidestart|p1: Bin Ladder|Spikes
|
|-heal|p1a: Heatran|361\/385|[from] item: Leftovers
|turn|5
|c|âTakanoSan|7u7
|
|move|p1a: Heatran|Stealth Rock|p2a: Chesnaught
|-sidestart|p2: TakanoSan|move: Stealth Rock
|move|p2a: Chesnaught|Spikes|p1a: Heatran
|-sidestart|p1: Bin Ladder|Spikes
|
|-heal|p1a: Heatran|385\/385|[from] item: Leftovers
|turn|6
|
|switch|p2a: Heatran|Heatran, M|224\/323
|-damage|p2a: Heatran|184\/323|[from] Stealth Rock
|move|p1a: Heatran|Lava Plume|p2a: Heatran
|-start|p2a: Heatran|ability: Flash Fire
|
|turn|7
|
|switch|p1a: Alomomola|Alomomola, F|501\/501
|-damage|p1a: Alomomola|376\/501|[from] Spikes
|move|p2a: Heatran|Fire Blast|p1a: Alomomola
|-resisted|p1a: Alomomola
|-damage|p1a: Alomomola|202\/501
|
|-heal|p1a: Alomomola|233\/501|[from] item: Leftovers
|turn|8
|c|âTakanoSan|las ostias que mete
|c|âTakanoSan|no son humanas
|
|switch|p1a: Heatran|Heatran, M|385\/385
|-damage|p1a: Heatran|289\/385|[from] Spikes
|move|p2a: Heatran|Fire Blast|p1a: Heatran
|-start|p1a: Heatran|ability: Flash Fire
|
|-heal|p1a: Heatran|313\/385|[from] item: Leftovers
|turn|9
|
|move|p2a: Heatran|Fire Blast|p1a: Heatran
|-immune|p1a: Heatran|[msg]
|move|p1a: Heatran|Lava Plume|p2a: Heatran
|-immune|p2a: Heatran|[msg]
|
|-heal|p1a: Heatran|337\/385|[from] item: Leftovers
|turn|10
|
|move|p2a: Heatran|Fire Blast|p1a: Heatran
|-immune|p1a: Heatran|[msg]
|move|p1a: Heatran|Lava Plume|p2a: Heatran
|-immune|p2a: Heatran|[msg]
|
|-heal|p1a: Heatran|361\/385|[from] item: Leftovers
|turn|11
|
|move|p2a: Heatran|Fire Blast|p1a: Heatran
|-immune|p1a: Heatran|[msg]
|move|p1a: Heatran|Lava Plume|p2a: Heatran
|-immune|p2a: Heatran|[msg]
|
|-heal|p1a: Heatran|385\/385|[from] item: Leftovers
|turn|12
|c|âBin Ladder|vas a morir a struggles
|c|âBin Ladder|isi
|
|move|p2a: Heatran|Fire Blast|p1a: Heatran
|-immune|p1a: Heatran|[msg]
|move|p1a: Heatran|Lava Plume|p2a: Heatran
|-immune|p2a: Heatran|[msg]
|
|turn|13
|c|âTakanoSan|aaa
|
|move|p2a: Heatran|Fire Blast|p1a: Heatran
|-immune|p1a: Heatran|[msg]
|move|p1a: Heatran|Lava Plume|p2a: Heatran
|-immune|p2a: Heatran|[msg]
|
|turn|14
|
|move|p2a: Heatran|Fire Blast|p1a: Heatran
|-immune|p1a: Heatran|[msg]
|move|p1a: Heatran|Lava Plume|p2a: Heatran
|-immune|p2a: Heatran|[msg]
|
|turn|15
|
|move|p2a: Heatran|Struggle|p1a: Heatran
|-damage|p1a: Heatran|351\/385
|-damage|p2a: Heatran|104\/323
|move|p1a: Heatran|Lava Plume|p2a: Heatran
|-immune|p2a: Heatran|[msg]
|
|-heal|p1a: Heatran|375\/385|[from] item: Leftovers
|turn|16
|
|move|p2a: Heatran|Struggle|p1a: Heatran
|-damage|p1a: Heatran|339\/385
|-damage|p2a: Heatran|24\/323
|move|p1a: Heatran|Lava Plume|p2a: Heatran
|-immune|p2a: Heatran|[msg]
|
|-heal|p1a: Heatran|363\/385|[from] item: Leftovers
|turn|17
|
|move|p2a: Heatran|Struggle|p1a: Heatran
|-damage|p1a: Heatran|326\/385
|-damage|p2a: Heatran|0 fnt
|faint|p2a: Heatran
|move|p1a: Heatran|Lava Plume|p2: Heatran|[notarget]
|-notarget
|
|-heal|p1a: Heatran|350\/385|[from] item: Leftovers
|
|switch|p2a: Greninja|Greninja, M|285\/285
|-damage|p2a: Greninja|250\/285|[from] Stealth Rock
|turn|18
|
|move|p2a: Greninja|Hydro Pump|p1a: Heatran
|-start|p2a: Greninja|typechange|Water|[from] Protean
|-supereffective|p1a: Heatran
|-damage|p1a: Heatran|28\/385
|-damage|p2a: Greninja|222\/285|[from] item: Life Orb
|move|p1a: Heatran|Lava Plume|p2a: Greninja
|-resisted|p2a: Greninja
|-damage|p2a: Greninja|102\/285
|
|-heal|p1a: Heatran|52\/385|[from] item: Leftovers
|turn|19
|c|âTakanoSan|encerio??1
|
|move|p2a: Greninja|Dark Pulse|p1a: Heatran
|-start|p2a: Greninja|typechange|Dark|[from] Protean
|-damage|p1a: Heatran|0 fnt
|-damage|p2a: Greninja|74\/285|[from] item: Life Orb
|faint|p1a: Heatran
|
|
|switch|p1a: Keldeo|Keldeo|323\/323
|-damage|p1a: Keldeo|243\/323|[from] Spikes
|turn|20
|c|âTakanoSan|reveal scarf aaa
|
|move|p2a: Greninja|Gunk Shot|p1a: Keldeo
|-start|p2a: Greninja|typechange|Poison|[from] Protean
|-damage|p1a: Keldeo|56\/323
|-damage|p2a: Greninja|46\/285|[from] item: Life Orb
|move|p1a: Keldeo|Scald|p2a: Greninja
|-damage|p2a: Greninja|0 fnt
|faint|p2a: Greninja
|
|c|âBin Ladder|es funeral
|
|switch|p2a: Thundurus|Thundurus, M|299\/299
|-damage|p2a: Thundurus|225\/299|[from] Stealth Rock
|turn|21
|c|âTakanoSan|tu crees que me importa una mierda el vacio legal?
|
|move|p2a: Thundurus|Knock Off|p1a: Keldeo
|-resisted|p1a: Keldeo
|-damage|p1a: Keldeo|0 fnt
|-enditem|p1a: Keldeo|Choice Specs|[from] move: Knock Off|[of] p2a: Thundurus
|-damage|p2a: Thundurus|196\/299|[from] item: Life Orb
|faint|p1a: Keldeo
|
|c|âTakanoSan|necesitas algo que te saque las hazards imo
|c|âBin Ladder|sÃ­
|c|âBin Ladder|nada mÃ¡s hacer el team
|c|âBin Ladder|lo vi
|
|switch|p1a: Metagross|Metagross-Mega|301\/301
|-damage|p1a: Metagross|226\/301|[from] Spikes
|turn|22
|c|âBin Ladder|digo bah
|c|âBin Ladder|no tanta gente usa puas
|c|âBin Ladder|y rip
|
|move|p2a: Thundurus|Thunderbolt|p1a: Metagross
|-damage|p1a: Metagross|43\/301
|-status|p1a: Metagross|par
|-damage|p2a: Thundurus|167\/299|[from] item: Life Orb
|move|p1a: Metagross|Zen Headbutt|p2a: Thundurus
|-damage|p2a: Thundurus|0 fnt
|faint|p2a: Thundurus
|
|c|âTakanoSan|de hecho ahora se ve mucho
|c|âTakanoSan|ALA
|c|âTakanoSan|LO SIENTO
|c|âBin Ladder|np no importa lel
|
|switch|p2a: Metagross|Metagross|302\/302
|-damage|p2a: Metagross|284\/302|[from] Stealth Rock
|turn|23
|join|Jspeed
|
|detailschange|p2a: Metagross|Metagross-Mega
|message|Metagross has Mega Evolved into Mega Metagross!
|move|p2a: Metagross|Meteor Mash|p1a: Metagross
|-resisted|p1a: Metagross
|-damage|p1a: Metagross|0 fnt
|faint|p1a: Metagross
|
|
|switch|p1a: Alomomola|Alomomola, F|400\/501
|-damage|p1a: Alomomola|275\/501|[from] Spikes
|turn|24
|
|move|p2a: Metagross|Zen Headbutt|p1a: Alomomola
|-damage|p1a: Alomomola|62\/501
|cant|p1a: Alomomola|flinch
|
|-heal|p1a: Alomomola|93\/501|[from] item: Leftovers
|turn|25
|c|âBin Ladder|eso ya si
|c|âBin Ladder|JAJAJAJA
|c|âTakanoSan|rip
|c|âTakanoSan|anyway
|c|âTakanoSan|la tenia ganada
|c|âTakanoSan|podias stallearme con alomomola y moonguss
|c|âBin Ladder|no querÃ­a stallearte, querÃ­a quemarte
|c|âBin Ladder|xD
|c|âBin Ladder|tengo rock polish en lando
|c|âTakanoSan|lo mejor era wish igual
|c|âTakanoSan|dios
|c|âBin Ladder|lo hice
|c|âTakanoSan|que bestia es eso xD
|
|move|p1a: Alomomola|Protect|p1a: Alomomola
|-singleturn|p1a: Alomomola|Protect
|move|p2a: Metagross|Earthquake|p1a: Alomomola
|-activate|p1a: Alomomola|Protect
|
|-heal|p1a: Alomomola|124\/501|[from] item: Leftovers
|turn|26
|
|move|p2a: Metagross|Zen Headbutt|p1a: Alomomola
|-damage|p1a: Alomomola|0 fnt
|faint|p1a: Alomomola
|
|
|switch|p1a: Landorus|Landorus, M|319\/319
|turn|27
|c|âBin Ladder|inb4 no ice punch
|
|move|p2a: Metagross|Ice Punch|p1a: Landorus
|-supereffective|p1a: Landorus
|-damage|p1a: Landorus|0 fnt
|faint|p1a: Landorus
|
|c|âBin Ladder|sad day
|
|switch|p1a: Amoonguss|Amoonguss, F|431\/431
|-damage|p1a: Amoonguss|324\/431|[from] Spikes
|turn|28
|
|move|p2a: Metagross|Zen Headbutt|p1a: Amoonguss
|-supereffective|p1a: Amoonguss
|-damage|p1a: Amoonguss|0 fnt
|faint|p1a: Amoonguss
|
|win|TakanoSan
|c|âTakanoSan|bg aaa
|c|âBin Ladder|gggggg