|join|PLEASE MURDER ME
|join|Bin Ladder
|player|p1|PLEASE MURDER ME|188
|player|p2|Bin Ladder|76
|gametype|singles
|gen|6
|tier|OU
|rated
|clearpoke
|poke|p1|Keldeo-Resolute
|poke|p1|Bisharp, F
|poke|p1|Gengar, F, shiny
|poke|p1|Garchomp, F, shiny
|poke|p1|Diancie
|poke|p1|Thundurus, M
|poke|p2|Heatran, F
|poke|p2|Sableye, F
|poke|p2|Gliscor, M
|poke|p2|Jirachi
|poke|p2|Tentacruel, F
|poke|p2|Chesnaught, M
|rule|Swagger Clause: Swagger is banned
|rule|Baton Pass Clause: Limit one PokÃ©mon knowing Baton Pass
|rule|Sleep Clause Mod: Limit one foe put to sleep
|rule|Species Clause: Limit one of each PokÃ©mon
|rule|OHKO Clause: OHKO moves are banned
|rule|Moody Clause: Moody is banned
|rule|Evasion Moves Clause: Evasion moves are banned
|rule|Endless Battle Clause: Forcing endless battles is banned
|rule|HP Percentage Mod: HP is shown in percentages
|teampreview
|
|start
|switch|p1a: '|Gengar, F, shiny|261\/261
|switch|p2a: Sableye|Sableye, F|303\/303
|turn|1
|
|switch|p1a: '|Diancie|241\/241
|detailschange|p2a: Sableye|Sableye-Mega, F
|message|Sableye has Mega Evolved into Mega Sableye!
|move|p2a: Sableye|Knock Off|p1a: '
|-resisted|p1a: '
|-damage|p1a: '|217\/241
|
|turn|2
|
|switch|p2a: Gliscor|Gliscor, M|349\/349
|detailschange|p1a: '|Diancie-Mega
|message|Diancie has Mega Evolved into Mega Diancie!
|move|p1a: '|Moonblast|p2a: Gliscor
|-damage|p2a: Gliscor|162\/349
|
|-status|p2a: Gliscor|tox|[from] item: Toxic Orb
|turn|3
|
|switch|p2a: Jirachi|Jirachi|403\/403
|move|p1a: '|Moonblast|p2a: Jirachi
|-resisted|p2a: Jirachi
|-damage|p2a: Jirachi|335\/403
|-unboost|p2a: Jirachi|spa|1
|
|-heal|p2a: Jirachi|360\/403|[from] item: Leftovers
|turn|4
|
|switch|p1a: '|Garchomp, F, shiny|357\/357
|move|p2a: Jirachi|Body Slam|p1a: '
|-damage|p1a: '|285\/357
|-damage|p2a: Jirachi|310\/403|[from] ability: Rough Skin|[of] p1a: '
|
|-heal|p2a: Jirachi|335\/403|[from] item: Leftovers
|turn|5
|
|switch|p2a: Gliscor|Gliscor, M|162\/349 tox
|move|p1a: '|Earthquake|p2a: Gliscor
|-immune|p2a: Gliscor|[msg]
|
|-heal|p2a: Gliscor|205\/349 tox|[from] ability: Poison Heal
|turn|6
|
|move|p1a: '|Draco Meteor|p2a: Gliscor
|-damage|p2a: Gliscor|18\/349 tox
|-unboost|p1a: '|spa|2
|-damage|p1a: '|250\/357|[from] item: Life Orb
|move|p2a: Gliscor|Earthquake|p1a: '
|-damage|p1a: '|123\/357
|
|-heal|p2a: Gliscor|61\/349 tox|[from] ability: Poison Heal
|turn|7
|
|switch|p2a: Chesnaught|Chesnaught, M|361\/361
|move|p1a: '|Stealth Rock|p2a: Chesnaught
|-sidestart|p2: Bin Ladder|move: Stealth Rock
|
|turn|8
|
|switch|p1a: '|Gengar, F, shiny|261\/261
|move|p2a: Chesnaught|Spikes|p1a: '
|-sidestart|p1: PLEASE MURDER ME|Spikes
|
|turn|9
|
|switch|p2a: Gliscor|Gliscor, M|61\/349 tox
|-damage|p2a: Gliscor|18\/349 tox|[from] Stealth Rock
|move|p1a: '|Sludge Wave|p2a: Gliscor
|-resisted|p2a: Gliscor
|-damage|p2a: Gliscor|0 fnt
|-damage|p1a: '|235\/261|[from] item: Life Orb
|faint|p2a: Gliscor
|
|
|switch|p2a: Sableye|Sableye-Mega, F|303\/303
|-damage|p2a: Sableye|266\/303|[from] Stealth Rock
|turn|10
|
|switch|p1a: '|Diancie-Mega|217\/241
|-damage|p1a: '|187\/241|[from] Spikes
|move|p2a: Sableye|Will-O-Wisp|p1a: '
|move|p1a: '|Will-O-Wisp|p2a: Sableye|[from]Magic Bounce
|-status|p2a: Sableye|brn
|
|-damage|p2a: Sableye|229\/303 brn|[from] brn
|turn|11
|
|switch|p1a: '|Garchomp, F, shiny|123\/357
|-damage|p1a: '|79\/357|[from] Spikes
|switch|p2a: Jirachi|Jirachi|335\/403
|-damage|p2a: Jirachi|310\/403|[from] Stealth Rock
|
|-heal|p2a: Jirachi|335\/403|[from] item: Leftovers
|turn|12
|
|switch|p2a: Chesnaught|Chesnaught, M|361\/361
|-damage|p2a: Chesnaught|339\/361|[from] Stealth Rock
|move|p1a: '|Earthquake|p2a: Chesnaught
|-resisted|p2a: Chesnaught
|-damage|p2a: Chesnaught|277\/361
|-damage|p1a: '|44\/357|[from] item: Life Orb
|
|-heal|p2a: Chesnaught|299\/361|[from] item: Leftovers
|turn|13
|
|move|p1a: '|Flamethrower|p2a: Chesnaught
|-supereffective|p2a: Chesnaught
|-damage|p2a: Chesnaught|49\/361
|-damage|p1a: '|9\/357|[from] item: Life Orb
|move|p2a: Chesnaught|Synthesis|p2a: Chesnaught
|-heal|p2a: Chesnaught|229\/361
|
|-heal|p2a: Chesnaught|251\/361|[from] item: Leftovers
|turn|14
|join|Relic antiqua
|
|switch|p2a: Sableye|Sableye-Mega, F|229\/303 brn
|-damage|p2a: Sableye|192\/303 brn|[from] Stealth Rock
|move|p1a: '|Flamethrower|p2a: Sableye
|-damage|p2a: Sableye|122\/303 brn
|-damage|p1a: '|0 fnt|[from] item: Life Orb
|faint|p1a: '
|
|-damage|p2a: Sableye|85\/303 brn|[from] brn
|
|switch|p1a: '|Diancie-Mega|187\/241
|-damage|p1a: '|157\/241|[from] Spikes
|turn|15
|c| Licor43|a ver si banean ya
|c| Licor43|eso
|c| Licor43|porque s pm como rompe
|c|âBin Ladder|a diancie?
|c| Licor43|y
|
|move|p1a: '|Moonblast|p2a: Sableye
|-crit|p2a: Sableye
|-supereffective|p2a: Sableye
|-damage|p2a: Sableye|0 fnt
|faint|p2a: Sableye
|
|
|switch|p2a: Jirachi|Jirachi|335\/403
|-damage|p2a: Jirachi|310\/403|[from] Stealth Rock
|turn|16
|
|switch|p1a: '|Keldeo-Resolute|324\/324
|-damage|p1a: '|284\/324|[from] Spikes
|move|p2a: Jirachi|Wish|p2a: Jirachi
|
|-heal|p2a: Jirachi|335\/403|[from] item: Leftovers
|turn|17
|
|move|p1a: '|Scald|p2a: Jirachi
|-damage|p2a: Jirachi|227\/403
|move|p2a: Jirachi|Body Slam|p1a: '
|-damage|p1a: '|215\/324
|
|-heal|p2a: Jirachi|403\/403|[from] move: Wish|[wisher] Jirachi
|turn|18
|join|KiritoPliss
|c| Licor43|no entende ese suich teniendo un Sharp lol
|c| Licor43|entendÃ­*
|
|move|p1a: '|Scald|p2a: Jirachi
|-crit|p2a: Jirachi
|-damage|p2a: Jirachi|249\/403
|-status|p2a: Jirachi|brn
|move|p2a: Jirachi|Wish|p2a: Jirachi
|
|-heal|p2a: Jirachi|274\/403 brn|[from] item: Leftovers
|-damage|p2a: Jirachi|224\/403 brn|[from] brn
|turn|19
|c|âBin Ladder|xddddddddd
|
|switch|p1a: '|Bisharp, F|271\/271
|-damage|p1a: '|238\/271|[from] Spikes
|move|p2a: Jirachi|Body Slam|p1a: '
|-resisted|p1a: '
|-damage|p1a: '|222\/271
|
|-heal|p2a: Jirachi|403\/403 brn|[from] move: Wish|[wisher] Jirachi
|-damage|p2a: Jirachi|353\/403 brn|[from] brn
|turn|20
|c|âBin Ladder|tio
|c|âBin Ladder|la primera
|c|âBin Ladder|que juego
|c| Licor43|mejor
|c| Licor43|me voy
|c|âBin Ladder|y parece un counter team
|c|âBin Ladder|esto
|c| Licor43|porque te jodi
|c| Licor43|la partida
|
|switch|p2a: Chesnaught|Chesnaught, M|251\/361
|-damage|p2a: Chesnaught|229\/361|[from] Stealth Rock
|move|p1a: '|Knock Off|p2a: Chesnaught
|-resisted|p2a: Chesnaught
|-damage|p2a: Chesnaught|161\/361
|-enditem|p2a: Chesnaught|Leftovers|[from] move: Knock Off|[of] p1a: '
|
|turn|21
|c| Licor43|O no saes
|c| Licor43|XDDD
|c| Licor43|es el Sharp que no pica
|
|switch|p1a: '|Keldeo-Resolute|215\/324
|-damage|p1a: '|175\/324|[from] Spikes
|move|p2a: Chesnaught|Synthesis|p2a: Chesnaught
|-heal|p2a: Chesnaught|341\/361
|
|turn|22
|
|switch|p2a: Tentacruel|Tentacruel, F|364\/364
|-damage|p2a: Tentacruel|319\/364|[from] Stealth Rock
|move|p1a: '|Scald|p2a: Tentacruel
|-crit|p2a: Tentacruel
|-resisted|p2a: Tentacruel
|-damage|p2a: Tentacruel|226\/364
|-status|p2a: Tentacruel|brn
|
|-heal|p2a: Tentacruel|248\/364 brn|[from] item: Leftovers
|-damage|p2a: Tentacruel|203\/364 brn|[from] brn
|turn|23
|c|âBin Ladder|me cago en dios
|c|âPLEASE MURDER ME|jaja a la verga
|c| Licor43|le
|c| Licor43|alex got haxe'd Cx
|
|switch|p1a: '|Gengar, F, shiny|235\/261
|move|p2a: Tentacruel|Scald|p1a: '
|-damage|p1a: '|139\/261
|
|-heal|p2a: Tentacruel|225\/364 brn|[from] item: Leftovers
|-damage|p2a: Tentacruel|180\/364 brn|[from] brn
|turn|24
|c|âBin Ladder|yo no quemo no
|c|âBin Ladder|xd
|
|move|p1a: '|Shadow Ball|p2a: Tentacruel
|-damage|p2a: Tentacruel|34\/364 brn
|-damage|p1a: '|113\/261|[from] item: Life Orb
|move|p2a: Tentacruel|Scald|p1a: '
|-damage|p1a: '|16\/261
|
|-heal|p2a: Tentacruel|56\/364 brn|[from] item: Leftovers
|-damage|p2a: Tentacruel|11\/364 brn|[from] brn
|turn|25
|c| Licor43|pues parece que no lol
|c| Licor43|es como cuando te jugaron el ttar restalker
|
|switch|p1a: '|Keldeo-Resolute|175\/324
|-damage|p1a: '|135\/324|[from] Spikes
|move|p2a: Tentacruel|Scald|p1a: '
|-resisted|p1a: '
|-damage|p1a: '|95\/324
|
|-heal|p2a: Tentacruel|33\/364 brn|[from] item: Leftovers
|-damage|p2a: Tentacruel|0 fnt|[from] brn
|faint|p2a: Tentacruel
|c| Licor43|xD
|c| Licor43|O.o
|leave|KiritoPliss
|
|switch|p2a: Chesnaught|Chesnaught, M|341\/361
|-damage|p2a: Chesnaught|319\/361|[from] Stealth Rock
|turn|26
|c| Licor43|osom
|
|move|p1a: '|Scald|p2a: Chesnaught
|-resisted|p2a: Chesnaught
|-damage|p2a: Chesnaught|231\/361
|-status|p2a: Chesnaught|brn
|move|p2a: Chesnaught|Drain Punch|p1a: '
|-damage|p1a: '|47\/324
|-heal|p2a: Chesnaught|255\/361 brn|[from] drain|[of] p1a: '
|
|-damage|p2a: Chesnaught|210\/361 brn|[from] brn
|turn|27
|-message|Bin Ladder forfeited.
|
|win|PLEASE MURDER ME
|raw|Ladder updating...
|c|âPLEASE MURDER ME|jajajaja
|leave|Bin Ladder
|player|p2
|raw|PLEASE MURDER ME's rating: 1652 &rarr; <strong>1667<\/strong><br \/>(+15 for winning)
|raw|Bin Ladder's rating: 1574 &rarr; <strong>1559<\/strong><br \/>(-15 for losing)