|join|quiladinftw
|join|Bin Ladder
|player|p1|quiladinftw|266
|player|p2|Bin Ladder|76
|gametype|singles
|gen|6
|tier|OU
|rated
|clearpoke
|poke|p1|Empoleon, M
|poke|p1|Gardevoir, M
|poke|p1|Raikou, shiny
|poke|p1|Landorus-Therian, M
|poke|p1|Breloom, M
|poke|p1|Diggersby, M
|poke|p2|Camerupt, F
|poke|p2|Ferrothorn, F
|poke|p2|Crawdaunt, F
|poke|p2|Cofagrigus, M
|poke|p2|Cresselia, F
|poke|p2|Rampardos, F
|rule|Swagger Clause: Swagger is banned
|rule|Baton Pass Clause: Limit one PokÃ©mon knowing Baton Pass
|rule|Sleep Clause Mod: Limit one foe put to sleep
|rule|Species Clause: Limit one of each PokÃ©mon
|rule|OHKO Clause: OHKO moves are banned
|rule|Moody Clause: Moody is banned
|rule|Evasion Moves Clause: Evasion moves are banned
|rule|Endless Battle Clause: Forcing endless battles is banned
|rule|HP Percentage Mod: HP is shown in percentages
|teampreview
|c|âquiladinftw|oh hey bin ladder
|
|start
|switch|p1a: One night stand|Landorus-Therian, M|382\/382
|switch|p2a: Ferrothorn|Ferrothorn, F|351\/351
|-ability|p1a: One night stand|Intimidate|[of] p2a: Ferrothorn
|-unboost|p2a: Ferrothorn|atk|1
|turn|1
Bin Ladder turned on modjoin.
|raw|<div class="broadcast-red"><b>Moderated chat was set to +!<\/b><br \/>Only users of rank + and higher can talk.<\/div>
Bin Ladder made this room hidden.
|c|âquiladinftw|o-o
|
|move|p1a: One night stand|Knock Off|p2a: Ferrothorn
|-crit|p2a: Ferrothorn
|-damage|p2a: Ferrothorn|224\/351
|-damage|p1a: One night stand|335\/382|[from] ability: Iron Barbs|[of] p2a: Ferrothorn
|-enditem|p2a: Ferrothorn|Life Orb|[from] move: Knock Off|[of] p1a: One night stand
|move|p2a: Ferrothorn|Stealth Rock|p1a: One night stand
|-sidestart|p1: quiladinftw|move: Stealth Rock
|
|-heal|p1a: One night stand|358\/382|[from] item: Leftovers
|turn|2
|
|move|p1a: One night stand|Earthquake|p2a: Ferrothorn
|-damage|p2a: Ferrothorn|101\/351
|move|p2a: Ferrothorn|Knock Off|p1a: One night stand
|-damage|p1a: One night stand|301\/382
|-enditem|p1a: One night stand|Leftovers|[from] move: Knock Off|[of] p2a: Ferrothorn
|
|turn|3
|
|switch|p2a: Cresselia|Cresselia, F|444\/444
|move|p1a: One night stand|Earthquake|p2a: Cresselia
|-immune|p2a: Cresselia|[msg]
|
|turn|4
|
|move|p1a: One night stand|Knock Off|p2a: Cresselia
|-supereffective|p2a: Cresselia
|-damage|p2a: Cresselia|282\/444
|-enditem|p2a: Cresselia|Leftovers|[from] move: Knock Off|[of] p1a: One night stand
|move|p2a: Cresselia|Trick Room|p2a: Cresselia
|-fieldstart|move: Trick Room|[of] p2a: Cresselia
|
|turn|5
|raw|<div class="broadcast-red"><b>The server is restarting soon.<\/b><br \/>Please finish your battles quickly. No new battles can be started until the server resets in a few minutes.<\/div>
|
|switch|p2a: Camerupt|Camerupt, F|281\/281
|switch|p1a: Empoleon Bonaparte|Empoleon, M|371\/371
|-damage|p1a: Empoleon Bonaparte|348\/371|[from] Stealth Rock
|
|-heal|p1a: Empoleon Bonaparte|371\/371|[from] item: Leftovers
|turn|6
|raw|<div class="broadcast-blue"><b>Hi, this is admin Joim at the wheel. The server is undergoing a typical maintenance restart. Stuff will be updated, etc.<\/b><\/div>
|
|detailschange|p2a: Camerupt|Camerupt-Mega, F
|-mega|p2a: Camerupt|Camerupt|Cameruptite
|move|p1a: Empoleon Bonaparte|Protect|p1a: Empoleon Bonaparte
|-singleturn|p1a: Empoleon Bonaparte|Protect
|move|p2a: Camerupt|Earth Power|p1a: Empoleon Bonaparte
|-activate|p1a: Empoleon Bonaparte|Protect
|
|turn|7
|raw|<div class="broadcast-blue"><b>Please finish your battles and stuff. Redirect all your complaints to user: HYDRO IMPACT.<\/b><\/div>
|
|switch|p1a: THIRD RAICH|Raikou, shiny|322\/322
|-damage|p1a: THIRD RAICH|282\/322|[from] Stealth Rock
|-ability|p1a: THIRD RAICH|Pressure
|move|p2a: Camerupt|Earth Power|p1a: THIRD RAICH
|-supereffective|p1a: THIRD RAICH
|-damage|p1a: THIRD RAICH|0 fnt
|faint|p1a: THIRD RAICH
|
|raw|<div class="broadcast-blue"><b>You may complain to user: Former Hope as well. Cheers!<\/b><\/div>
|
|switch|p1a: Empoleon Bonaparte|Empoleon, M|371\/371
|-damage|p1a: Empoleon Bonaparte|348\/371|[from] Stealth Rock
|turn|8
|
|switch|p2a: Crawdaunt|Crawdaunt, F|329\/329
|move|p1a: Empoleon Bonaparte|Protect|p1a: Empoleon Bonaparte
|-fail|p1a: Empoleon Bonaparte
|
|-heal|p1a: Empoleon Bonaparte|371\/371|[from] item: Leftovers
|-fieldend|move: Trick Room
|turn|9
|raw|<div class="broadcast-blue"><b>While we wait for battles to finish, let me remind you Smog Awards nominations are up and you should totally nominate me for something cool. Also today I ate at an indonesian Wok, shit was so cash.<\/b><\/div>
|
|move|p1a: Empoleon Bonaparte|Defog|p2a: Crawdaunt
|-unboost|p2a: Crawdaunt|evasion|1
|-sideend|p1: quiladinftw|Stealth Rock|[from] move: Defog|[of] p1a: Empoleon Bonaparte
|move|p2a: Crawdaunt|Superpower|p1a: Empoleon Bonaparte
|-supereffective|p1a: Empoleon Bonaparte
|-damage|p1a: Empoleon Bonaparte|0 fnt
|-unboost|p2a: Crawdaunt|atk|1
|-unboost|p2a: Crawdaunt|def|1
|-damage|p2a: Crawdaunt|297\/329|[from] item: Life Orb
|faint|p1a: Empoleon Bonaparte
|
|
|switch|p1a: Al capone|Breloom, M|261\/261
|turn|10
|
|switch|p2a: Ferrothorn|Ferrothorn, F|101\/351
|move|p1a: Al capone|Mach Punch|p2a: Ferrothorn
|-crit|p2a: Ferrothorn
|-supereffective|p2a: Ferrothorn
|-damage|p2a: Ferrothorn|0 fnt
|-damage|p1a: Al capone|229\/261|[from] ability: Iron Barbs|[of] p2a: Ferrothorn
|faint|p2a: Ferrothorn
|
|
|switch|p2a: Cresselia|Cresselia, F|282\/444
|turn|11
|
|move|p1a: Al capone|Spore|p2a: Cresselia
|-status|p2a: Cresselia|slp
|cant|p2a: Cresselia|slp
|
|turn|12
|
|switch|p2a: Cofagrigus|Cofagrigus, M|320\/320
|move|p1a: Al capone|Bullet Seed|p2a: Cofagrigus
|-damage|p2a: Cofagrigus|269\/320
|-damage|p2a: Cofagrigus|217\/320
|-damage|p2a: Cofagrigus|168\/320
|-hitcount|p2a: Cofagrigus|3
|
|-heal|p2a: Cofagrigus|188\/320|[from] item: Leftovers
|turn|13
|
|switch|p1a: Princess kenny|Gardevoir, M|277\/277
|-ability|p1a: Princess kenny|Mummy|[from] ability: Trace|[of] p2a: Cofagrigus
|move|p2a: Cofagrigus|Trick Room|p2a: Cofagrigus
|-fieldstart|move: Trick Room|[of] p2a: Cofagrigus
|
|-heal|p2a: Cofagrigus|208\/320|[from] item: Leftovers
|turn|14
|
|detailschange|p1a: Princess kenny|Gardevoir-Mega, M
|-mega|p1a: Princess kenny|Gardevoir|Gardevoirite
|move|p2a: Cofagrigus|Shadow Ball|p1a: Princess kenny
|-supereffective|p1a: Princess kenny
|-damage|p1a: Princess kenny|65\/277
|move|p1a: Princess kenny|Hyper Voice|p2a: Cofagrigus
|-damage|p2a: Cofagrigus|0 fnt
|faint|p2a: Cofagrigus
|
|
|switch|p2a: Camerupt|Camerupt-Mega, F|281\/281
|turn|15
|
|move|p2a: Camerupt|Fire Blast|p1a: Princess kenny
|-damage|p1a: Princess kenny|0 fnt
|faint|p1a: Princess kenny
|
|
|switch|p1a: One night stand|Landorus-Therian, M|301\/382
|-ability|p1a: One night stand|Intimidate|[of] p2a: Camerupt
|-unboost|p2a: Camerupt|atk|1
|turn|16
|raw|<div class="broadcast-blue"><b>While we wait for battles to finish, may I have five minutes of your time to talk about our lord and saviour? No seriously, but checkout <a href="http:\/\/www.smogon.com\/forums\/threads\/skillmons-playable-on-joims-lab.3524601\/">skillmons<\/a>, I'm sure you'll love it.<\/b><\/div>
|
|move|p2a: Camerupt|Fire Blast|p1a: One night stand
|-damage|p1a: One night stand|0 fnt
|faint|p1a: One night stand
|
|
|switch|p1a: Choke a bitch|Diggersby, M|311\/311
|turn|17
|
|move|p2a: Camerupt|Fire Blast|p1a: Choke a bitch
|-damage|p1a: Choke a bitch|0 fnt
|faint|p1a: Choke a bitch
|
|-fieldend|move: Trick Room
|
|switch|p1a: Al capone|Breloom, M|229\/261
|turn|18
|
|move|p1a: Al capone|Bullet Seed|p2a: Camerupt
|-damage|p2a: Camerupt|218\/281
|-crit|p2a: Camerupt
|-damage|p2a: Camerupt|113\/281
|-damage|p2a: Camerupt|49\/281
|-hitcount|p2a: Camerupt|3
|move|p2a: Camerupt|Explosion|p1a: Al capone
|-damage|p1a: Al capone|19\/261
|faint|p2a: Camerupt
|
|c|âquiladinftw|5 hits
|c|âquiladinftw|o-o
|c|âBin Ladder|damn
|c|âBin Ladder|i thought that kills
|
|switch|p2a: Crawdaunt|Crawdaunt, F|297\/329
|turn|19
|
|move|p1a: Al capone|Mach Punch|p2a: Crawdaunt
|-supereffective|p2a: Crawdaunt
|-damage|p2a: Crawdaunt|61\/329
|move|p2a: Crawdaunt|Knock Off|p1a: Al capone
|-resisted|p1a: Al capone
|-damage|p1a: Al capone|0 fnt
|-enditem|p1a: Al capone|Focus Sash|[from] move: Knock Off|[of] p2a: Crawdaunt
|-damage|p2a: Crawdaunt|29\/329|[from] item: Life Orb
|faint|p1a: Al capone
|
|win|Bin Ladder
|raw|Ladder updating...
|raw|quiladinftw's rating: 1583 &rarr; <strong>1568<\/strong><br \/>(-15 for losing)
|raw|Bin Ladder's rating: 1683 &rarr; <strong>1698<\/strong><br \/>(+15 for winning)
|c|âquiladinftw|nm
|c|âBin Ladder|gg