|join|Bin Ladder
|join|Here to GG
|player|p1|Bin Ladder|76
|player|p2|Here to GG|148
|gametype|singles
|gen|6
|tier|OU
|rated
|clearpoke
|poke|p1|Metagross
|poke|p1|Celebi
|poke|p1|Landorus, M
|poke|p1|Hippowdon, M
|poke|p1|Excadrill, F
|poke|p1|Keldeo
|poke|p2|Charizard, F
|poke|p2|Gothitelle, F
|poke|p2|Skarmory, F
|poke|p2|Keldeo
|poke|p2|Landorus-Therian, M
|poke|p2|Chansey, F
|rule|Swagger Clause: Swagger is banned
|rule|Baton Pass Clause: Limit one PokÃ©mon knowing Baton Pass
|rule|Sleep Clause Mod: Limit one foe put to sleep
|rule|Species Clause: Limit one of each PokÃ©mon
|rule|OHKO Clause: OHKO moves are banned
|rule|Moody Clause: Moody is banned
|rule|Evasion Moves Clause: Evasion moves are banned
|rule|Endless Battle Clause: Forcing endless battles is banned
|rule|HP Percentage Mod: HP is shown in percentages
|teampreview
Bin Ladder turned on modjoin.
|raw|<div class="broadcast-red"><b>Moderated chat was set to +!<\/b><br \/>Only users of rank + and higher can talk.<\/div>
Bin Ladder made this room hidden.
|
|start
|switch|p1a: Keldeo|Keldeo|323\/323
|switch|p2a: Gothitelle|Gothitelle, F|281\/281
|turn|1
|
|move|p1a: Keldeo|Hydro Pump|p2a: Gothitelle
|-damage|p2a: Gothitelle|101\/281
|move|p2a: Gothitelle|Psychic|p1a: Keldeo
|-supereffective|p1a: Keldeo
|-damage|p1a: Keldeo|47\/323
|
|turn|2
|
|switch|p2a: Keldeo|Keldeo|323\/323
|move|p1a: Keldeo|Hydro Pump|p2a: Keldeo
|-resisted|p2a: Keldeo
|-damage|p2a: Keldeo|215\/323
|
|turn|3
|
|switch|p1a: Metagross|Metagross|301\/301
|switch|p2a: Gothitelle|Gothitelle, F|101\/281
|
|turn|4
|
|detailschange|p1a: Metagross|Metagross-Mega
|-mega|p1a: Metagross|Metagross|Metagrossite
|move|p1a: Metagross|Pursuit|p2a: Gothitelle|[from]Pursuit
|-supereffective|p2a: Gothitelle
|-damage|p2a: Gothitelle|0 fnt
|faint|p2a: Gothitelle
|
|
|switch|p2a: Charizard|Charizard, F|297\/297
|turn|5
|
|detailschange|p2a: Charizard|Charizard-Mega-X, F
|-mega|p2a: Charizard|Charizard|Charizardite X
|move|p1a: Metagross|Zen Headbutt|p2a: Charizard
|-damage|p2a: Charizard|126\/297
|move|p2a: Charizard|Dragon Dance|p2a: Charizard
|-boost|p2a: Charizard|atk|1
|-boost|p2a: Charizard|spe|1
|
|turn|6
|
|switch|p1a: Hippowdon|Hippowdon, M|419\/419
|-weather|Sandstorm
|move|p2a: Charizard|Flare Blitz|p1a: Hippowdon
|-crit|p1a: Hippowdon
|-damage|p1a: Hippowdon|0 fnt
|-damage|p2a: Charizard|0 fnt|[from] recoil|[of] p1a: Hippowdon
|faint|p1a: Hippowdon
|faint|p2a: Charizard
|
|-weather|Sandstorm|[upkeep]
|
|switch|p1a: Keldeo|Keldeo|47\/323
|switch|p2a: Landorus-Therian|Landorus-Therian, M|319\/319
|-ability|p2a: Landorus-Therian|Intimidate|[of] p1a: Keldeo
|-unboost|p1a: Keldeo|atk|1
|turn|7
|
|switch|p2a: Skarmory|Skarmory, F|334\/334
|move|p1a: Keldeo|Scald|p2a: Skarmory
|-damage|p2a: Skarmory|159\/334
|
|-weather|Sandstorm|[upkeep]
|-damage|p1a: Keldeo|27\/323|[from] sandstorm
|turn|8
|
|switch|p1a: Metagross|Metagross-Mega|301\/301
|switch|p2a: Chansey|Chansey, F|703\/703
|
|-weather|Sandstorm|[upkeep]
|-damage|p2a: Chansey|660\/703|[from] sandstorm
|turn|9
|
|switch|p2a: Skarmory|Skarmory, F|159\/334
|move|p1a: Metagross|Meteor Mash|p2a: Skarmory
|-resisted|p2a: Skarmory
|-damage|p2a: Skarmory|96\/334
|-damage|p1a: Metagross|251\/301|[from] item: Rocky Helmet|[of] p2a: Skarmory
|
|-weather|Sandstorm|[upkeep]
|turn|10
|
|move|p1a: Metagross|Hammer Arm|p2a: Skarmory
|-damage|p2a: Skarmory|0 fnt
|-damage|p1a: Metagross|201\/301|[from] item: Rocky Helmet|[of] p2a: Skarmory
|-unboost|p1a: Metagross|spe|1
|faint|p2a: Skarmory
|
|-weather|Sandstorm|[upkeep]
|
|switch|p2a: Landorus-Therian|Landorus-Therian, M|319\/319
|-ability|p2a: Landorus-Therian|Intimidate|[of] p1a: Metagross
|-unboost|p1a: Metagross|atk|1
|turn|11
|
|switch|p1a: Excadrill|Excadrill, F|361\/361
|move|p2a: Landorus-Therian|Earthquake|p1a: Excadrill
|-supereffective|p1a: Excadrill
|-damage|p1a: Excadrill|0 fnt
|faint|p1a: Excadrill
|
|-weather|Sandstorm|[upkeep]
|
|switch|p1a: Keldeo|Keldeo|27\/323
|turn|12
|
|switch|p2a: Keldeo|Keldeo|215\/323
|move|p1a: Keldeo|Secret Sword|p2a: Keldeo
|-damage|p2a: Keldeo|61\/323
|
|-weather|Sandstorm|[upkeep]
|-damage|p1a: Keldeo|7\/323|[from] sandstorm
|-damage|p2a: Keldeo|41\/323|[from] sandstorm
|turn|13
|
|move|p1a: Keldeo|Secret Sword|p2a: Keldeo
|-damage|p2a: Keldeo|0 fnt
|faint|p2a: Keldeo
|
|-weather|none
|
|switch|p2a: Landorus-Therian|Landorus-Therian, M|319\/319
|-ability|p2a: Landorus-Therian|Intimidate|[of] p1a: Keldeo
|-unboost|p1a: Keldeo|atk|1
|turn|14
|
|switch|p1a: Landorus|Landorus, M|319\/319
|move|p2a: Landorus-Therian|Knock Off|p1a: Landorus
|-damage|p1a: Landorus|163\/319
|-enditem|p1a: Landorus|Life Orb|[from] move: Knock Off|[of] p2a: Landorus-Therian
|
|turn|15
|
|switch|p2a: Chansey|Chansey, F|660\/703
|switch|p1a: Celebi|Celebi|381\/381
|
|turn|16
|
|switch|p1a: Keldeo|Keldeo|7\/323
|move|p2a: Chansey|Wish|p2a: Chansey
|
|turn|17
|
|switch|p1a: Celebi|Celebi|381\/381
|move|p2a: Chansey|Protect|p2a: Chansey
|-fail|p2a: Chansey
|
|-heal|p2a: Chansey|703\/703|[from] move: Wish|[wisher] Chansey
|turn|18
|
|move|p1a: Celebi|Nasty Plot|p1a: Celebi
|-boost|p1a: Celebi|spa|2
|move|p2a: Chansey|Wish|p2a: Chansey
|
|turn|19
|
|switch|p2a: Landorus-Therian|Landorus-Therian, M|319\/319
|-ability|p2a: Landorus-Therian|Intimidate|[of] p1a: Celebi
|-unboost|p1a: Celebi|atk|1
|move|p1a: Celebi|Nasty Plot|p1a: Celebi
|-boost|p1a: Celebi|spa|2
|
|turn|20
|
|move|p2a: Landorus-Therian|U-turn|p1a: Celebi
|-supereffective|p1a: Celebi
|-damage|p1a: Celebi|49\/381
|
|switch|p2a: Chansey|Chansey, F|703\/703
|move|p1a: Celebi|Baton Pass|p1a: Celebi
|
|switch|p1a: Keldeo|Keldeo|7\/323
|
|turn|21
|
|move|p2a: Chansey|Protect|p2a: Chansey
|-singleturn|p2a: Chansey|Protect
|move|p1a: Keldeo|Secret Sword|p2a: Chansey
|-activate|p2a: Chansey|Protect
|
|turn|22
|
|move|p1a: Keldeo|Secret Sword|p2a: Chansey
|-supereffective|p2a: Chansey
|-damage|p2a: Chansey|0 fnt
|faint|p2a: Chansey
|
|
|switch|p2a: Landorus-Therian|Landorus-Therian, M|319\/319
|-ability|p2a: Landorus-Therian|Intimidate|[of] p1a: Keldeo
|-unboost|p1a: Keldeo|atk|1
|turn|23
|
|switch|p1a: Celebi|Celebi|49\/381
|move|p2a: Landorus-Therian|Knock Off|p1a: Celebi
|-supereffective|p1a: Celebi
|-damage|p1a: Celebi|0 fnt
|-enditem|p1a: Celebi|Leftovers|[from] move: Knock Off|[of] p2a: Landorus-Therian
|faint|p1a: Celebi
|
|
|switch|p1a: Keldeo|Keldeo|7\/323
|turn|24
|
|move|p1a: Keldeo|Scald|p2a: Landorus-Therian
|-supereffective|p2a: Landorus-Therian
|-damage|p2a: Landorus-Therian|0 fnt
|faint|p2a: Landorus-Therian
|
|win|Bin Ladder
|raw|Ladder updating...
|raw|Bin Ladder's rating: 1641 &rarr; <strong>1661<\/strong><br \/>(+20 for winning)
|raw|Here to GG's rating: 1630 &rarr; <strong>1610<\/strong><br \/>(-20 for losing)
|leave|Here to GG
|player|p2
|c|âBin Ladder|gg