|join|lucy20
|join|Tradekaiser
|player|p1|lucy20|266
|player|p2|Tradekaiser|1
|gametype|singles
|gen|6
|tier|OU
|rated
|clearpoke
|poke|p1|Aerodactyl, F
|poke|p1|Goodra, F
|poke|p1|Metagross, shiny
|poke|p1|Rotom-Wash
|poke|p1|Chansey, F
|poke|p1|Tentacruel, F, shiny
|poke|p2|Magnezone
|poke|p2|Gengar, M
|poke|p2|Landorus-Therian, M
|poke|p2|Keldeo
|poke|p2|Absol, F
|poke|p2|Kyurem-Black
|rule|Swagger Clause: Swagger is banned
|rule|Baton Pass Clause: Limit one PokÃ©mon knowing Baton Pass
|rule|Sleep Clause Mod: Limit one foe put to sleep
|rule|Species Clause: Limit one of each PokÃ©mon
|rule|OHKO Clause: OHKO moves are banned
|rule|Moody Clause: Moody is banned
|rule|Evasion Moves Clause: Evasion moves are banned
|rule|Endless Battle Clause: Forcing endless battles is banned
|rule|HP Percentage Mod: HP is shown in percentages
|teampreview
|
|start
|switch|p1a: Narvic|Rotom-Wash|304\/304
|switch|p2a: Landorus-Therian|Landorus-Therian, M|381\/381
|-ability|p2a: Landorus-Therian|Intimidate|[of] p1a: Narvic
|-unboost|p1a: Narvic|atk|1
|turn|1
|
|move|p2a: Landorus-Therian|U-turn|p1a: Narvic
|-damage|p1a: Narvic|234\/304
|
|switch|p2a: Keldeo|Keldeo|323\/323
|move|p1a: Narvic|Will-O-Wisp|p2a: Keldeo|[miss]
|-miss|p1a: Narvic|p2a: Keldeo
|
|-heal|p1a: Narvic|253\/304|[from] item: Leftovers
|turn|2
|
|move|p2a: Keldeo|Secret Sword|p1a: Narvic
|-damage|p1a: Narvic|157\/304
|move|p1a: Narvic|Volt Switch|p2a: Keldeo
|-supereffective|p2a: Keldeo
|-damage|p2a: Keldeo|135\/323
|
|switch|p1a: Arsis|Aerodactyl, F|305\/305
|-ability|p1a: Arsis|Pressure
|
|turn|3
|
|switch|p2a: Landorus-Therian|Landorus-Therian, M|381\/381
|-ability|p2a: Landorus-Therian|Intimidate|[of] p1a: Arsis
|-unboost|p1a: Arsis|atk|1
|detailschange|p1a: Arsis|Aerodactyl-Mega, F
|message|Aerodactyl has Mega Evolved into Mega Aerodactyl!
|move|p1a: Arsis|Aerial Ace|p2a: Landorus-Therian
|-damage|p2a: Landorus-Therian|264\/381
|
|turn|4
|
|move|p1a: Arsis|Aerial Ace|p2a: Landorus-Therian
|-damage|p2a: Landorus-Therian|135\/381
|move|p2a: Landorus-Therian|Stone Edge|p1a: Arsis
|-supereffective|p1a: Arsis
|-damage|p1a: Arsis|7\/305
|
|turn|5
|
|switch|p1a: Thesis|Metagross, shiny|364\/364
|move|p2a: Landorus-Therian|U-turn|p1a: Thesis
|-damage|p1a: Thesis|283\/364
|
|switch|p2a: Magnezone|Magnezone|324\/324
|
|turn|6
|
|move|p2a: Magnezone|Hidden Power|p1a: Thesis
|-supereffective|p1a: Thesis
|-damage|p1a: Thesis|35\/364
|move|p1a: Thesis|Trick|p2a: Magnezone
|-activate|p1a: Thesis|move: Trick|[of] p2a: Magnezone
|-item|p2a: Magnezone|Choice Band|[from] move: Trick
|-item|p1a: Thesis|Choice Specs|[from] move: Trick
|
|turn|7
|
|move|p1a: Thesis|Meteor Mash|p2a: Magnezone|[miss]
|-miss|p1a: Thesis|p2a: Magnezone
|move|p2a: Magnezone|Volt Switch|p1a: Thesis
|-damage|p1a: Thesis|0 fnt
|faint|p1a: Thesis
|
|switch|p2a: Absol|Absol, F|271\/271
|
|
|switch|p1a: Narvic|Rotom-Wash|157\/304
|turn|8
|
|detailschange|p2a: Absol|Absol-Mega, F
|message|Absol has Mega Evolved into Mega Absol!
|move|p2a: Absol|Knock Off|p1a: Narvic
|-damage|p1a: Narvic|30\/304
|-enditem|p1a: Narvic|Leftovers|[from] move: Knock Off|[of] p2a: Absol
|move|p1a: Narvic|Pain Split|p2a: Absol
|-sethp|p2a: Absol|150\/271|p1a: Narvic|150\/304|[from] move: Pain Split
|
|turn|9
|
|move|p2a: Absol|Sucker Punch|p1a: Narvic
|-damage|p1a: Narvic|35\/304
|move|p1a: Narvic|Volt Switch|p2a: Absol
|-damage|p2a: Absol|26\/271
|
|switch|p1a: Testa|Tentacruel, F, shiny|364\/364
|
|turn|10
|
|switch|p2a: Keldeo|Keldeo|135\/323
|move|p1a: Testa|Scald|p2a: Keldeo
|-resisted|p2a: Keldeo
|-damage|p2a: Keldeo|93\/323
|-status|p2a: Keldeo|brn
|
|-damage|p2a: Keldeo|53\/323 brn|[from] brn
|turn|11
|
|move|p2a: Keldeo|Hydro Pump|p1a: Testa
|-resisted|p1a: Testa
|-damage|p1a: Testa|280\/364
|move|p1a: Testa|Giga Drain|p2a: Keldeo
|-supereffective|p2a: Keldeo
|-damage|p2a: Keldeo|0 fnt
|-heal|p1a: Testa|307\/364|[from] drain|[of] p2a: Keldeo
|faint|p2a: Keldeo
|
|-heal|p1a: Testa|329\/364|[from] item: Black Sludge
|
|switch|p2a: Landorus-Therian|Landorus-Therian, M|135\/381
|-ability|p2a: Landorus-Therian|Intimidate|[of] p1a: Testa
|-unboost|p1a: Testa|atk|1
|turn|12
|
|switch|p1a: Arsis|Aerodactyl-Mega, F|7\/305
|move|p2a: Landorus-Therian|Earthquake|p1a: Arsis
|-immune|p1a: Arsis|[msg]
|
|turn|13
|
|switch|p2a: Gengar|Gengar, M|261\/261
|move|p1a: Arsis|Aerial Ace|p2a: Gengar
|-damage|p2a: Gengar|30\/261
|
|turn|14
|
|move|p1a: Arsis|Aerial Ace|p2a: Gengar
|-damage|p2a: Gengar|0 fnt
|faint|p2a: Gengar
|
|
|switch|p2a: Landorus-Therian|Landorus-Therian, M|135\/381
|-ability|p2a: Landorus-Therian|Intimidate|[of] p1a: Arsis
|-unboost|p1a: Arsis|atk|1
|turn|15
|
|switch|p1a: Narvic|Rotom-Wash|35\/304
|move|p2a: Landorus-Therian|Knock Off|p1a: Narvic
|-damage|p1a: Narvic|0 fnt
|faint|p1a: Narvic
|
|
|switch|p1a: Arsis|Aerodactyl-Mega, F|7\/305
|turn|16
|
|move|p1a: Arsis|Aerial Ace|p2a: Landorus-Therian
|-damage|p2a: Landorus-Therian|0 fnt
|faint|p2a: Landorus-Therian
|
|
|switch|p2a: Absol|Absol-Mega, F|26\/271
|turn|17
|
|switch|p1a: Testa|Tentacruel, F, shiny|329\/364
|move|p2a: Absol|Sucker Punch|p1a: Testa
|-fail|p1a: Testa
|
|-heal|p1a: Testa|351\/364|[from] item: Black Sludge
|turn|18
|
|move|p2a: Absol|Knock Off|p1a: Testa
|-damage|p1a: Testa|158\/364
|-enditem|p1a: Testa|Black Sludge|[from] move: Knock Off|[of] p2a: Absol
|move|p1a: Testa|Scald|p2a: Absol
|-damage|p2a: Absol|0 fnt
|faint|p2a: Absol
|
|
|switch|p2a: Kyurem-Black|Kyurem-Black|391\/391
|-ability|p2a: Kyurem-Black|Teravolt
|turn|19
|
|move|p2a: Kyurem-Black|Fusion Bolt|p1a: Testa
|-supereffective|p1a: Testa
|-damage|p1a: Testa|0 fnt
|-damage|p2a: Kyurem-Black|352\/391|[from] item: Life Orb
|faint|p1a: Testa
|
|
|switch|p1a: Arsis|Aerodactyl-Mega, F|7\/305
|turn|20
|
|move|p1a: Arsis|Stone Edge|p2a: Kyurem-Black
|-supereffective|p2a: Kyurem-Black
|-damage|p2a: Kyurem-Black|0 fnt
|faint|p2a: Kyurem-Black
|
|
|switch|p2a: Magnezone|Magnezone|324\/324
|turn|21
|
|move|p1a: Arsis|Earthquake|p2a: Magnezone
|-supereffective|p2a: Magnezone
|-damage|p2a: Magnezone|0 fnt
|faint|p2a: Magnezone
|
|win|lucy20
|raw|Ladder updating...
|raw|lucy20's rating: 1462 &rarr; <strong>1484<\/strong><br \/>(+22 for winning)
|raw|Tradekaiser's rating: 1499 &rarr; <strong>1477<\/strong><br \/>(-22 for losing)
|leave|Tradekaiser
|player|p2