|join|JKtheAwesome2000
|join|Tradekaiser
|player|p1|JKtheAwesome2000|274
|player|p2|Tradekaiser|169
|gametype|singles
|gen|6
|tier|OU
|rated
|clearpoke
|poke|p1|Ferrothorn, M
|poke|p1|Azumarill, M
|poke|p1|Talonflame, M
|poke|p1|Conkeldurr, M
|poke|p1|Garchomp, M
|poke|p1|Greninja, M
|poke|p2|Breloom, M
|poke|p2|Gardevoir, F
|poke|p2|Landorus-Therian, M
|poke|p2|Magnezone
|poke|p2|Latios, M
|poke|p2|Gengar, F
|rule|Swagger Clause: Swagger is banned
|rule|Baton Pass Clause: Limit one PokÃ©mon knowing Baton Pass
|rule|Sleep Clause Mod: Limit one foe put to sleep
|rule|Species Clause: Limit one of each PokÃ©mon
|rule|OHKO Clause: OHKO moves are banned
|rule|Moody Clause: Moody is banned
|rule|Evasion Moves Clause: Evasion moves are banned
|rule|Endless Battle Clause: Forcing endless battles is banned
|rule|HP Percentage Mod: HP is shown in percentages
|teampreview
|
|start
|switch|p1a: Talon|Talonflame, M|298\/298
|switch|p2a: Gengar|Gengar, F|261\/261
|turn|1
|
|switch|p2a: Landorus-Therian|Landorus-Therian, M|319\/319
|-ability|p2a: Landorus-Therian|Intimidate|[of] p1a: Talon
|-unboost|p1a: Talon|atk|1
|move|p1a: Talon|Swords Dance|p1a: Talon
|-boost|p1a: Talon|atk|2
|
|turn|2
|
|move|p2a: Landorus-Therian|Stone Edge|p1a: Talon|[miss]
|-miss|p2a: Landorus-Therian|p1a: Talon
|move|p1a: Talon|Flare Blitz|p2a: Landorus-Therian
|-crit|p2a: Landorus-Therian
|-damage|p2a: Landorus-Therian|0 fnt
|-damage|p1a: Talon|193\/298|[from] recoil|[of] p2a: Landorus-Therian
|faint|p2a: Landorus-Therian
|
|
|switch|p2a: Breloom|Breloom, M|261\/261
|turn|3
|
|move|p1a: Talon|Flare Blitz|p2a: Breloom
|-supereffective|p2a: Breloom
|-enditem|p2a: Breloom|Focus Sash
|-damage|p2a: Breloom|1\/261
|-damage|p1a: Talon|107\/298|[from] recoil|[of] p2a: Breloom
|move|p2a: Breloom|Rock Tomb|p1a: Talon
|-supereffective|p1a: Talon
|-damage|p1a: Talon|0 fnt
|faint|p1a: Talon
|
|
|switch|p1a: Azul|Azumarill, M|404\/404
|turn|4
|
|move|p1a: Azul|Aqua Jet|p2a: Breloom
|-resisted|p2a: Breloom
|-damage|p2a: Breloom|0 fnt
|faint|p2a: Breloom
|
|
|switch|p2a: Gardevoir|Gardevoir, F|340\/340
|-ability|p2a: Gardevoir|Huge Power|[from] ability: Trace|[of] p1a: Azul
|turn|5
|
|move|p1a: Azul|Aqua Jet|p2a: Gardevoir
|-damage|p2a: Gardevoir|210\/340
|move|p2a: Gardevoir|Will-O-Wisp|p1a: Azul
|-status|p1a: Azul|brn
|
|-heal|p2a: Gardevoir|231\/340|[from] item: Leftovers
|-damage|p1a: Azul|354\/404 brn|[from] brn
|turn|6
|
|move|p1a: Azul|Aqua Jet|p2a: Gardevoir
|-damage|p2a: Gardevoir|164\/340
|move|p2a: Gardevoir|Moonblast|p1a: Azul
|-damage|p1a: Azul|189\/404 brn
|
|-heal|p2a: Gardevoir|185\/340|[from] item: Leftovers
|-damage|p1a: Azul|139\/404 brn|[from] brn
|turn|7
|
|move|p1a: Azul|Aqua Jet|p2a: Gardevoir
|-damage|p2a: Gardevoir|125\/340
|move|p2a: Gardevoir|Wish|p2a: Gardevoir
|
|-heal|p2a: Gardevoir|146\/340|[from] item: Leftovers
|-damage|p1a: Azul|89\/404 brn|[from] brn
|turn|8
|
|switch|p2a: Latios|Latios, M|317\/317
|move|p1a: Azul|Aqua Jet|p2a: Latios
|-resisted|p2a: Latios
|-damage|p2a: Latios|275\/317
|
|-heal|p2a: Latios|317\/317|[from] move: Wish|[wisher] Gardevoir
|-damage|p1a: Azul|39\/404 brn|[from] brn
|turn|9
|
|switch|p1a: Thornton|Ferrothorn, M|352\/352
|move|p2a: Latios|Dragon Dance|p2a: Latios
|-boost|p2a: Latios|atk|1
|-boost|p2a: Latios|spe|1
|
|turn|10
|
|switch|p2a: Magnezone|Magnezone|295\/295
|-item|p2a: Magnezone|Air Balloon
|move|p1a: Thornton|Knock Off|p2a: Magnezone
|-damage|p2a: Magnezone|235\/295
|-enditem|p2a: Magnezone|Air Balloon
|
|turn|11
|
|move|p2a: Magnezone|Hidden Power|p1a: Thornton
|-supereffective|p1a: Thornton
|-damage|p1a: Thornton|100\/352
|move|p1a: Thornton|Leech Seed|p2a: Magnezone
|-start|p2a: Magnezone|move: Leech Seed
|
|-damage|p2a: Magnezone|199\/295|[from] Leech Seed|[of] p1a: Thornton
|-heal|p1a: Thornton|136\/352|[silent]
|turn|12
|
|move|p2a: Magnezone|Hidden Power|p1a: Thornton
|-supereffective|p1a: Thornton
|-damage|p1a: Thornton|0 fnt
|faint|p1a: Thornton
|
|
|switch|p1a: Conkelderp|Conkeldurr, M|414\/414
|turn|13
|
|move|p2a: Magnezone|Volt Switch|p1a: Conkelderp
|-damage|p1a: Conkelderp|296\/414
|
|switch|p2a: Gardevoir|Gardevoir, F|146\/340
|-ability|p2a: Gardevoir|Guts|[from] ability: Trace|[of] p1a: Conkelderp
|move|p1a: Conkelderp|Drain Punch|p2a: Gardevoir
|-crit|p2a: Gardevoir
|-resisted|p2a: Gardevoir
|-damage|p2a: Gardevoir|95\/340
|-heal|p1a: Conkelderp|322\/414|[from] drain|[of] p2a: Gardevoir
|
|-heal|p2a: Gardevoir|116\/340|[from] item: Leftovers
|turn|14
|
|move|p2a: Gardevoir|Wish|p2a: Gardevoir
|move|p1a: Conkelderp|Knock Off|p2a: Gardevoir
|-damage|p2a: Gardevoir|0 fnt
|-enditem|p2a: Gardevoir|Leftovers|[from] move: Knock Off|[of] p1a: Conkelderp
|faint|p2a: Gardevoir
|
|
|switch|p2a: Gengar|Gengar, F|261\/261
|turn|15
|
|move|p2a: Gengar|Substitute|p2a: Gengar
|-start|p2a: Gengar|Substitute
|-damage|p2a: Gengar|196\/261
|move|p1a: Conkelderp|Knock Off|p2a: Gengar
|-crit|p2a: Gengar
|-supereffective|p2a: Gengar
|-end|p2a: Gengar|Substitute
|
|-heal|p2a: Gengar|261\/261|[from] move: Wish|[wisher] Gardevoir
|turn|16
|
|move|p2a: Gengar|Sludge Wave|p1a: Conkelderp
|-damage|p1a: Conkelderp|154\/414
|move|p1a: Conkelderp|Knock Off|p2a: Gengar
|-supereffective|p2a: Gengar
|-damage|p2a: Gengar|0 fnt
|-enditem|p2a: Gengar|Black Sludge|[from] move: Knock Off|[of] p1a: Conkelderp
|faint|p2a: Gengar
|
|
|switch|p2a: Magnezone|Magnezone|199\/295
|turn|17
|
|move|p2a: Magnezone|Volt Switch|p1a: Conkelderp
|-damage|p1a: Conkelderp|27\/414
|
|switch|p2a: Latios|Latios, M|317\/317
|move|p1a: Conkelderp|Drain Punch|p2a: Latios
|-resisted|p2a: Latios
|-damage|p2a: Latios|229\/317
|-heal|p1a: Conkelderp|71\/414|[from] drain|[of] p2a: Latios
|
|turn|18
|
|move|p2a: Latios|Zen Headbutt|p1a: Conkelderp|[miss]
|-miss|p2a: Latios|p1a: Conkelderp
|move|p1a: Conkelderp|Knock Off|p2a: Latios
|-supereffective|p2a: Latios
|-damage|p2a: Latios|0 fnt
|-enditem|p2a: Latios|Life Orb|[from] move: Knock Off|[of] p1a: Conkelderp
|faint|p2a: Latios
|
|
|switch|p2a: Magnezone|Magnezone|199\/295
|turn|19
|
|move|p2a: Magnezone|Volt Switch|p1a: Conkelderp
|-damage|p1a: Conkelderp|0 fnt
|faint|p1a: Conkelderp
|
|
|switch|p1a: Death Dragon|Garchomp, M|358\/358
|turn|20
|
|move|p1a: Death Dragon|Earthquake|p2a: Magnezone
|-supereffective|p2a: Magnezone
|-damage|p2a: Magnezone|0 fnt
|faint|p2a: Magnezone
|
|win|JKtheAwesome2000
|raw|Ladder updating...
|raw|JKtheAwesome2000's rating: 1318 &rarr; <strong>1343<\/strong><br \/>(+25 for winning)
|raw|Tradekaiser's rating: 1406 &rarr; <strong>1381<\/strong><br \/>(-25 for losing)
|c|âJKtheAwesome2000|gg