|join|Tradekaiser
|join|houhouhouhou
|player|p1|Tradekaiser|265
|player|p2|houhouhouhou|102
|gametype|singles
|gen|6
|tier|OU
|rated
|clearpoke
|poke|p1|Breloom, M
|poke|p1|Heatran, M
|poke|p1|Rotom-Wash
|poke|p1|Zapdos
|poke|p1|Landorus-Therian, M
|poke|p1|Blastoise, M
|poke|p2|Rotom-Wash
|poke|p2|Latias, F
|poke|p2|Landorus-Therian, M
|poke|p2|Breloom, M
|poke|p2|Charizard, F
|poke|p2|Clefable, F
|rule|Swagger Clause: Swagger is banned
|rule|Baton Pass Clause: Limit one PokÃ©mon knowing Baton Pass
|rule|Sleep Clause Mod: Limit one foe put to sleep
|rule|Species Clause: Limit one of each PokÃ©mon
|rule|OHKO Clause: OHKO moves are banned
|rule|Moody Clause: Moody is banned
|rule|Evasion Moves Clause: Evasion moves are banned
|rule|Endless Battle Clause: Forcing endless battles is banned
|rule|HP Percentage Mod: HP is shown in percentages
|teampreview
|
|start
|switch|p1a: Landorus-Therian|Landorus-Therian, M|382\/382
|switch|p2a: Breloom|Breloom, M|262\/262
|-ability|p1a: Landorus-Therian|Intimidate|[of] p2a: Breloom
|-unboost|p2a: Breloom|atk|1
|turn|1
|
|move|p2a: Breloom|Spore|p1a: Landorus-Therian
|-status|p1a: Landorus-Therian|slp
|cant|p1a: Landorus-Therian|slp
|
|turn|2
|
|switch|p2a: Landorus-Therian|Landorus-Therian, M|355\/355
|-ability|p2a: Landorus-Therian|Intimidate|[of] p1a: Landorus-Therian
|-unboost|p1a: Landorus-Therian|atk|1
|-curestatus|p1a: Landorus-Therian|slp
|move|p1a: Landorus-Therian|U-turn|p2a: Landorus-Therian
|-resisted|p2a: Landorus-Therian
|-damage|p2a: Landorus-Therian|335\/355
|
|switch|p1a: Rotom-Wash|Rotom-Wash|304\/304
|
|-heal|p2a: Landorus-Therian|355\/355|[from] item: Leftovers
|turn|3
|
|move|p2a: Landorus-Therian|Stealth Rock|p1a: Rotom-Wash
|-sidestart|p1: Tradekaiser|move: Stealth Rock
|move|p1a: Rotom-Wash|Will-O-Wisp|p2a: Landorus-Therian
|-status|p2a: Landorus-Therian|brn
|
|-damage|p2a: Landorus-Therian|311\/355 brn|[from] brn
|turn|4
|
|move|p2a: Landorus-Therian|U-turn|p1a: Rotom-Wash
|-damage|p1a: Rotom-Wash|277\/304
|
|switch|p2a: Clefable|Clefable, F|394\/394
|move|p1a: Rotom-Wash|Hydro Pump|p2a: Clefable
|-crit|p2a: Clefable
|-damage|p2a: Clefable|157\/394
|
|-heal|p2a: Clefable|181\/394|[from] item: Leftovers
|turn|5
|
|move|p1a: Rotom-Wash|Volt Switch|p2a: Clefable
|-damage|p2a: Clefable|84\/394
|
|switch|p1a: Heatran|Heatran, M|385\/385
|-damage|p1a: Heatran|337\/385|[from] Stealth Rock
|move|p2a: Clefable|Soft-Boiled|p2a: Clefable
|-heal|p2a: Clefable|281\/394
|
|-heal|p1a: Heatran|361\/385|[from] item: Leftovers
|-heal|p2a: Clefable|305\/394|[from] item: Leftovers
|turn|6
|
|switch|p2a: Rotom-Wash|Rotom-Wash|304\/304
|move|p1a: Heatran|Roar|p2a: Rotom-Wash
|drag|p2a: Breloom|Breloom, M|262\/262
|
|-heal|p1a: Heatran|385\/385|[from] item: Leftovers
|turn|7
|
|move|p1a: Heatran|Protect|p1a: Heatran
|-singleturn|p1a: Heatran|Protect
|move|p2a: Breloom|Spore|p1a: Heatran
|-activate|p1a: Heatran|Protect
|
|turn|8
|
|switch|p1a: Landorus-Therian|Landorus-Therian, M|382\/382
|-damage|p1a: Landorus-Therian|335\/382|[from] Stealth Rock
|-ability|p1a: Landorus-Therian|Intimidate|[of] p2a: Breloom
|-unboost|p2a: Breloom|atk|1
|move|p2a: Breloom|Mach Punch|p1a: Landorus-Therian
|-crit|p1a: Landorus-Therian
|-resisted|p1a: Landorus-Therian
|-damage|p1a: Landorus-Therian|270\/382
|
|-heal|p1a: Landorus-Therian|293\/382|[from] item: Leftovers
|turn|9
|
|move|p2a: Breloom|Spore|p1a: Landorus-Therian
|-status|p1a: Landorus-Therian|slp
|cant|p1a: Landorus-Therian|slp
|
|-heal|p1a: Landorus-Therian|316\/382 slp|[from] item: Leftovers
|turn|10
|
|switch|p2a: Charizard|Charizard, F|298\/298
|cant|p1a: Landorus-Therian|slp
|
|-heal|p1a: Landorus-Therian|339\/382 slp|[from] item: Leftovers
|turn|11
|
|switch|p1a: Heatran|Heatran, M|385\/385
|-damage|p1a: Heatran|337\/385|[from] Stealth Rock
|detailschange|p2a: Charizard|Charizard-Mega-X, F
|message|Charizard has Mega Evolved into Mega Charizard!
|move|p2a: Charizard|Dragon Dance|p2a: Charizard
|-boost|p2a: Charizard|atk|1
|-boost|p2a: Charizard|spe|1
|
|-heal|p1a: Heatran|361\/385|[from] item: Leftovers
|turn|12
|
|move|p1a: Heatran|Protect|p1a: Heatran
|-singleturn|p1a: Heatran|Protect
|move|p2a: Charizard|Earthquake|p1a: Heatran
|-activate|p1a: Heatran|Protect
|
|-heal|p1a: Heatran|385\/385|[from] item: Leftovers
|turn|13
|
|switch|p1a: Landorus-Therian|Landorus-Therian, M|339\/382 slp
|-damage|p1a: Landorus-Therian|292\/382 slp|[from] Stealth Rock
|-ability|p1a: Landorus-Therian|Intimidate|[of] p2a: Charizard
|-unboost|p2a: Charizard|atk|1
|move|p2a: Charizard|Dragon Dance|p2a: Charizard
|-boost|p2a: Charizard|atk|1
|-boost|p2a: Charizard|spe|1
|
|-heal|p1a: Landorus-Therian|315\/382 slp|[from] item: Leftovers
|turn|14
|
|move|p2a: Charizard|Dragon Claw|p1a: Landorus-Therian
|-damage|p1a: Landorus-Therian|87\/382 slp
|-curestatus|p1a: Landorus-Therian|slp
|move|p1a: Landorus-Therian|Earthquake|p2a: Charizard
|-crit|p2a: Charizard
|-supereffective|p2a: Charizard
|-damage|p2a: Charizard|0 fnt
|faint|p2a: Charizard
|
|-heal|p1a: Landorus-Therian|110\/382|[from] item: Leftovers
|
|switch|p2a: Latias|Latias, F|302\/302
|turn|15
|
|move|p2a: Latias|Draco Meteor|p1a: Landorus-Therian
|-damage|p1a: Landorus-Therian|0 fnt
|-unboost|p2a: Latias|spa|2
|-damage|p2a: Latias|272\/302|[from] item: Life Orb
|faint|p1a: Landorus-Therian
|
|
|switch|p1a: Blastoise|Blastoise, M|358\/358
|-damage|p1a: Blastoise|314\/358|[from] Stealth Rock
|turn|16
|
|switch|p2a: Rotom-Wash|Rotom-Wash|304\/304
|detailschange|p1a: Blastoise|Blastoise-Mega, M
|message|Blastoise has Mega Evolved into Mega Blastoise!
|move|p1a: Blastoise|Rapid Spin|p2a: Rotom-Wash
|-damage|p2a: Rotom-Wash|293\/304
|-sideend|p1: Tradekaiser|Stealth Rock|[from] move: Rapid Spin|[of] p1a: Blastoise
|
|-heal|p2a: Rotom-Wash|304\/304|[from] item: Leftovers
|turn|17
|
|switch|p1a: Rotom-Wash|Rotom-Wash|277\/304
|move|p2a: Rotom-Wash|Will-O-Wisp|p1a: Rotom-Wash
|-status|p1a: Rotom-Wash|brn
|
|-damage|p1a: Rotom-Wash|239\/304 brn|[from] brn
|turn|18
|
|move|p2a: Rotom-Wash|Volt Switch|p1a: Rotom-Wash
|-damage|p1a: Rotom-Wash|158\/304 brn
|
|switch|p2a: Landorus-Therian|Landorus-Therian, M|311\/355 brn
|-ability|p2a: Landorus-Therian|Intimidate|[of] p1a: Rotom-Wash
|-unboost|p1a: Rotom-Wash|atk|1
|move|p1a: Rotom-Wash|Will-O-Wisp|p2a: Landorus-Therian
|-fail|p2a: Landorus-Therian|brn
|
|-heal|p2a: Landorus-Therian|333\/355 brn|[from] item: Leftovers
|-damage|p2a: Landorus-Therian|289\/355 brn|[from] brn
|-damage|p1a: Rotom-Wash|120\/304 brn|[from] brn
|turn|19
|
|move|p2a: Landorus-Therian|Stealth Rock|p1a: Rotom-Wash
|-sidestart|p1: Tradekaiser|move: Stealth Rock
|move|p1a: Rotom-Wash|Rest|p1a: Rotom-Wash
|-status|p1a: Rotom-Wash|slp
|-heal|p1a: Rotom-Wash|304\/304 slp|[silent]
|-status|p1a: Rotom-Wash|slp|[from] move: Rest
|-enditem|p1a: Rotom-Wash|Chesto Berry|[eat]
|-curestatus|p1a: Rotom-Wash|slp
|
|-heal|p2a: Landorus-Therian|311\/355 brn|[from] item: Leftovers
|-damage|p2a: Landorus-Therian|267\/355 brn|[from] brn
|turn|20
|
|move|p2a: Landorus-Therian|U-turn|p1a: Rotom-Wash
|-damage|p1a: Rotom-Wash|274\/304
|
|switch|p2a: Rotom-Wash|Rotom-Wash|304\/304
|move|p1a: Rotom-Wash|Hydro Pump|p2a: Rotom-Wash
|-crit|p2a: Rotom-Wash
|-resisted|p2a: Rotom-Wash
|-damage|p2a: Rotom-Wash|208\/304
|
|-heal|p2a: Rotom-Wash|227\/304|[from] item: Leftovers
|turn|21
|
|move|p1a: Rotom-Wash|Will-O-Wisp|p2a: Rotom-Wash|[miss]
|-miss|p1a: Rotom-Wash|p2a: Rotom-Wash
|move|p2a: Rotom-Wash|Will-O-Wisp|p1a: Rotom-Wash
|-status|p1a: Rotom-Wash|brn
|
|-heal|p2a: Rotom-Wash|246\/304|[from] item: Leftovers
|-damage|p1a: Rotom-Wash|236\/304 brn|[from] brn
|turn|22
|
|move|p2a: Rotom-Wash|Volt Switch|p1a: Rotom-Wash
|-damage|p1a: Rotom-Wash|152\/304 brn
|
|switch|p2a: Clefable|Clefable, F|305\/394
|move|p1a: Rotom-Wash|Will-O-Wisp|p2a: Clefable
|-status|p2a: Clefable|brn
|
|-heal|p2a: Clefable|329\/394 brn|[from] item: Leftovers
|-damage|p1a: Rotom-Wash|114\/304 brn|[from] brn
|turn|23
|
|switch|p2a: Rotom-Wash|Rotom-Wash|246\/304
|move|p1a: Rotom-Wash|Volt Switch|p2a: Rotom-Wash
|-damage|p2a: Rotom-Wash|162\/304
|
|switch|p1a: Breloom|Breloom, M|261\/261
|-damage|p1a: Breloom|245\/261|[from] Stealth Rock
|
|-heal|p2a: Rotom-Wash|181\/304|[from] item: Leftovers
|turn|24
|
|switch|p2a: Landorus-Therian|Landorus-Therian, M|267\/355 brn
|-ability|p2a: Landorus-Therian|Intimidate|[of] p1a: Breloom
|-unboost|p1a: Breloom|atk|1
|move|p1a: Breloom|Bullet Seed|p2a: Landorus-Therian
|-damage|p2a: Landorus-Therian|233\/355 brn
|-damage|p2a: Landorus-Therian|199\/355 brn
|-hitcount|p2a: Landorus-Therian|2
|
|-heal|p2a: Landorus-Therian|221\/355 brn|[from] item: Leftovers
|-damage|p2a: Landorus-Therian|177\/355 brn|[from] brn
|turn|25
|
|move|p1a: Breloom|Bullet Seed|p2a: Landorus-Therian
|-damage|p2a: Landorus-Therian|140\/355 brn
|-damage|p2a: Landorus-Therian|106\/355 brn
|-hitcount|p2a: Landorus-Therian|2
|move|p2a: Landorus-Therian|U-turn|p1a: Breloom
|-damage|p1a: Breloom|194\/261
|c|âhouhouhouhou|this is gonna be a looong battle
|
|switch|p2a: Breloom|Breloom, M|262\/262
|
|turn|26
|
|move|p1a: Breloom|Mach Punch|p2a: Breloom
|-damage|p2a: Breloom|178\/262
|move|p2a: Breloom|Mach Punch|p1a: Breloom
|-damage|p1a: Breloom|52\/261
|
|turn|27
|
|switch|p1a: Rotom-Wash|Rotom-Wash|114\/304 brn
|-damage|p1a: Rotom-Wash|76\/304 brn|[from] Stealth Rock
|switch|p2a: Landorus-Therian|Landorus-Therian, M|106\/355 brn
|-ability|p2a: Landorus-Therian|Intimidate|[of] p1a: Rotom-Wash
|-unboost|p1a: Rotom-Wash|atk|1
|
|-heal|p2a: Landorus-Therian|128\/355 brn|[from] item: Leftovers
|-damage|p2a: Landorus-Therian|84\/355 brn|[from] brn
|-damage|p1a: Rotom-Wash|38\/304 brn|[from] brn
|turn|28
|
|move|p2a: Landorus-Therian|Rock Slide|p1a: Rotom-Wash
|-damage|p1a: Rotom-Wash|7\/304 brn
|move|p1a: Rotom-Wash|Rest|p1a: Rotom-Wash
|-status|p1a: Rotom-Wash|slp
|-heal|p1a: Rotom-Wash|304\/304 slp|[silent]
|-status|p1a: Rotom-Wash|slp|[from] move: Rest
|
|-heal|p2a: Landorus-Therian|106\/355 brn|[from] item: Leftovers
|-damage|p2a: Landorus-Therian|62\/355 brn|[from] brn
|turn|29
|c|âTradekaiser|lol
|
|move|p2a: Landorus-Therian|U-turn|p1a: Rotom-Wash
|-damage|p1a: Rotom-Wash|277\/304 slp
|
|switch|p2a: Latias|Latias, F|272\/302
|cant|p1a: Rotom-Wash|slp
|
|turn|30
|
|move|p2a: Latias|Thunderbolt|p1a: Rotom-Wash
|-damage|p1a: Rotom-Wash|154\/304 slp
|-damage|p2a: Latias|242\/302|[from] item: Life Orb
|cant|p1a: Rotom-Wash|slp
|
|turn|31
|
|move|p2a: Latias|Thunderbolt|p1a: Rotom-Wash
|-damage|p1a: Rotom-Wash|28\/304 slp
|-damage|p2a: Latias|212\/302|[from] item: Life Orb
|-curestatus|p1a: Rotom-Wash|slp
|move|p1a: Rotom-Wash|Volt Switch|p2a: Latias
|-resisted|p2a: Latias
|-damage|p2a: Latias|180\/302
|
|switch|p1a: Heatran|Heatran, M|385\/385
|-damage|p1a: Heatran|337\/385|[from] Stealth Rock
|
|-heal|p1a: Heatran|361\/385|[from] item: Leftovers
|turn|32
|
|move|p2a: Latias|Healing Wish|p2a: Latias
|faint|p2a: Latias
|move|p1a: Heatran|Lava Plume|p2: Latias|[notarget]
|-notarget
|
|-heal|p1a: Heatran|385\/385|[from] item: Leftovers
|
|switch|p2a: Landorus-Therian|Landorus-Therian, M|62\/355 brn
|-heal|p2a: Landorus-Therian|355\/355|[from] move: Healing Wish
|-ability|p2a: Landorus-Therian|Intimidate|[of] p1a: Heatran
|-unboost|p1a: Heatran|atk|1
|turn|33
|c|âTradekaiser|shit
|
|move|p2a: Landorus-Therian|Earthquake|p1a: Heatran
|-supereffective|p1a: Heatran
|-damage|p1a: Heatran|0 fnt
|faint|p1a: Heatran
|
|
|switch|p1a: Blastoise|Blastoise-Mega, M|314\/358
|-damage|p1a: Blastoise|270\/358|[from] Stealth Rock
|turn|34
|
|move|p2a: Landorus-Therian|U-turn|p1a: Blastoise
|-damage|p1a: Blastoise|203\/358
|
|switch|p2a: Rotom-Wash|Rotom-Wash|181\/304
|move|p1a: Blastoise|Scald|p2a: Rotom-Wash
|-resisted|p2a: Rotom-Wash
|-damage|p2a: Rotom-Wash|100\/304
|-status|p2a: Rotom-Wash|brn
|
|-heal|p2a: Rotom-Wash|119\/304 brn|[from] item: Leftovers
|-damage|p2a: Rotom-Wash|81\/304 brn|[from] brn
|turn|35
|
|move|p2a: Rotom-Wash|Volt Switch|p1a: Blastoise
|-supereffective|p1a: Blastoise
|-damage|p1a: Blastoise|45\/358
|
|switch|p2a: Landorus-Therian|Landorus-Therian, M|355\/355
|-ability|p2a: Landorus-Therian|Intimidate|[of] p1a: Blastoise
|-unboost|p1a: Blastoise|atk|1
|move|p1a: Blastoise|Dark Pulse|p2a: Landorus-Therian
|-damage|p2a: Landorus-Therian|175\/355
|
|-heal|p2a: Landorus-Therian|197\/355|[from] item: Leftovers
|turn|36
|
|move|p2a: Landorus-Therian|U-turn|p1a: Blastoise
|-damage|p1a: Blastoise|0 fnt
|faint|p1a: Blastoise
|
|switch|p2a: Clefable|Clefable, F|329\/394 brn
|
|-heal|p2a: Clefable|353\/394 brn|[from] item: Leftovers
|
|switch|p1a: Zapdos|Zapdos|322\/322
|-damage|p1a: Zapdos|242\/322|[from] Stealth Rock
|-ability|p1a: Zapdos|Pressure
|turn|37
|
|move|p1a: Zapdos|Thunderbolt|p2a: Clefable
|-damage|p2a: Clefable|123\/394 brn
|-damage|p1a: Zapdos|210\/322|[from] item: Life Orb
|move|p2a: Clefable|Calm Mind|p2a: Clefable
|-boost|p2a: Clefable|spa|1
|-boost|p2a: Clefable|spd|1
|
|-heal|p2a: Clefable|147\/394 brn|[from] item: Leftovers
|turn|38
|
|move|p1a: Zapdos|Thunderbolt|p2a: Clefable
|-damage|p2a: Clefable|9\/394 brn
|-damage|p1a: Zapdos|178\/322|[from] item: Life Orb
|move|p2a: Clefable|Soft-Boiled|p2a: Clefable
|-heal|p2a: Clefable|206\/394 brn
|
|-heal|p2a: Clefable|230\/394 brn|[from] item: Leftovers
|turn|39
|
|move|p1a: Zapdos|Thunderbolt|p2a: Clefable
|-damage|p2a: Clefable|86\/394 brn
|-damage|p1a: Zapdos|146\/322|[from] item: Life Orb
|move|p2a: Clefable|Soft-Boiled|p2a: Clefable
|-heal|p2a: Clefable|283\/394 brn
|
|-heal|p2a: Clefable|307\/394 brn|[from] item: Leftovers
|turn|40
|
|move|p1a: Zapdos|Roost|p1a: Zapdos
|-heal|p1a: Zapdos|307\/322
|move|p2a: Clefable|Moonblast|p1a: Zapdos
|-damage|p1a: Zapdos|142\/322
|
|-heal|p2a: Clefable|331\/394 brn|[from] item: Leftovers
|turn|41
|
|move|p1a: Zapdos|Thunderbolt|p2a: Clefable
|-damage|p2a: Clefable|170\/394 brn
|-damage|p1a: Zapdos|110\/322|[from] item: Life Orb
|move|p2a: Clefable|Moonblast|p1a: Zapdos
|-damage|p1a: Zapdos|0 fnt
|faint|p1a: Zapdos
|
|-heal|p2a: Clefable|194\/394 brn|[from] item: Leftovers
|
|switch|p1a: Breloom|Breloom, M|52\/261
|-damage|p1a: Breloom|36\/261|[from] Stealth Rock
|turn|42
|c|âTradekaiser|gg
|
|move|p1a: Breloom|Bullet Seed|p2a: Clefable
|-damage|p2a: Clefable|139\/394 brn
|-crit|p2a: Clefable
|-damage|p2a: Clefable|57\/394 brn
|-hitcount|p2a: Clefable|2
|move|p2a: Clefable|Flamethrower|p1a: Breloom
|-supereffective|p1a: Breloom
|-damage|p1a: Breloom|0 fnt
|faint|p1a: Breloom
|
|-heal|p2a: Clefable|81\/394 brn|[from] item: Leftovers
|
|switch|p1a: Rotom-Wash|Rotom-Wash|28\/304
|-damage|p1a: Rotom-Wash|0 fnt|[from] Stealth Rock
|faint|p1a: Rotom-Wash
|
|win|houhouhouhou
|raw|Ladder updating...
|raw|Tradekaiser's rating: 1598 &rarr; <strong>1571<\/strong><br \/>(-27 for losing)
|raw|houhouhouhou's rating: 1481 &rarr; <strong>1507<\/strong><br \/>(+26 for winning)
|c|âhouhouhouhou|gg
|leave|Tradekaiser
|player|p1