|join|kibblecat
|join|tradekaiser
|player|p1|kibblecat|70
|player|p2|tradekaiser|2
|gametype|singles
|gen|6
|tier|OU
|rated
|clearpoke
|poke|p1|Gengar, M
|poke|p1|Azumarill, F
|poke|p1|Landorus-Therian, M
|poke|p1|Latios, M
|poke|p1|Manectric, F
|poke|p1|Terrakion
|poke|p2|Altaria, F
|poke|p2|Heatran, M
|poke|p2|Thundurus, M
|poke|p2|Conkeldurr, M
|poke|p2|Forretress, M
|poke|p2|Slowbro, F
|rule|Swagger Clause: Swagger is banned
|rule|Baton Pass Clause: Limit one PokÃ©mon knowing Baton Pass
|rule|Sleep Clause Mod: Limit one foe put to sleep
|rule|Species Clause: Limit one of each PokÃ©mon
|rule|OHKO Clause: OHKO moves are banned
|rule|Moody Clause: Moody is banned
|rule|Evasion Moves Clause: Evasion moves are banned
|rule|Endless Battle Clause: Forcing endless battles is banned
|rule|HP Percentage Mod: HP is shown in percentages
|teampreview
|
|start
|switch|p1a: Terrakion|Terrakion|323\/323
|switch|p2a: Altaria|Altaria, F|307\/307
|turn|1
|
|detailschange|p2a: Altaria|Altaria-Mega, F
|-mega|p2a: Altaria|Altaria|Altarianite
|move|p1a: Terrakion|Stealth Rock|p2a: Altaria
|-sidestart|p2: tradekaiser|move: Stealth Rock
|move|p2a: Altaria|Dragon Dance|p2a: Altaria
|-boost|p2a: Altaria|atk|1
|-boost|p2a: Altaria|spe|1
|
|turn|2
|
|switch|p1a: Landorus-Therian|Landorus-Therian, M|319\/319
|-ability|p1a: Landorus-Therian|Intimidate|[of] p2a: Altaria
|-unboost|p2a: Altaria|atk|1
|move|p2a: Altaria|Return|p1a: Landorus-Therian
|-damage|p1a: Landorus-Therian|73\/319
|
|turn|3
|
|move|p1a: Landorus-Therian|U-turn|p2a: Altaria
|-resisted|p2a: Altaria
|-damage|p2a: Altaria|267\/307
|
|switch|p1a: Manectric|Manectric, F|281\/281
|move|p2a: Altaria|Return|p1a: Manectric
|-damage|p1a: Manectric|0 fnt
|faint|p1a: Manectric
|
|
|switch|p1a: Landorus-Therian|Landorus-Therian, M|73\/319
|-ability|p1a: Landorus-Therian|Intimidate|[of] p2a: Altaria
|-unboost|p2a: Altaria|atk|1
|turn|4
|
|move|p1a: Landorus-Therian|Earthquake|p2a: Altaria
|-damage|p2a: Altaria|93\/307
|move|p2a: Altaria|Dragon Dance|p2a: Altaria
|-boost|p2a: Altaria|atk|1
|-boost|p2a: Altaria|spe|1
|
|turn|5
|
|move|p2a: Altaria|Return|p1a: Landorus-Therian
|-damage|p1a: Landorus-Therian|0 fnt
|faint|p1a: Landorus-Therian
|
|
|switch|p1a: Azumarill|Azumarill, F|401\/401
|turn|6
|
|move|p2a: Altaria|Roost|p2a: Altaria
|-heal|p2a: Altaria|247\/307
|move|p1a: Azumarill|Play Rough|p2a: Altaria|[miss]
|-miss|p1a: Azumarill|p2a: Altaria
|
|turn|7
|
|move|p2a: Altaria|Return|p1a: Azumarill
|-damage|p1a: Azumarill|128\/401
|move|p1a: Azumarill|Play Rough|p2a: Altaria
|-supereffective|p2a: Altaria
|-damage|p2a: Altaria|0 fnt
|faint|p2a: Altaria
|
|
|switch|p2a: Slowbro|Slowbro, F|394\/394
|-damage|p2a: Slowbro|345\/394|[from] Stealth Rock
|turn|8
|
|move|p1a: Azumarill|Knock Off|p2a: Slowbro
|-supereffective|p2a: Slowbro
|-damage|p2a: Slowbro|145\/394
|-enditem|p2a: Slowbro|Leftovers|[from] move: Knock Off|[of] p1a: Azumarill
|move|p2a: Slowbro|Scald|p1a: Azumarill
|-resisted|p1a: Azumarill
|-damage|p1a: Azumarill|92\/401
|
|turn|9
|
|switch|p1a: Gengar|Gengar, M|261\/261
|move|p2a: Slowbro|Toxic|p1a: Gengar
|-fail|p1a: Gengar
|
|turn|10
|
|switch|p2a: Conkeldurr|Conkeldurr, M|351\/351
|-damage|p2a: Conkeldurr|330\/351|[from] Stealth Rock
|move|p1a: Gengar|Shadow Ball|p2a: Conkeldurr
|-damage|p2a: Conkeldurr|190\/351
|-damage|p1a: Gengar|235\/261|[from] item: Life Orb
|
|turn|11
|
|switch|p1a: Terrakion|Terrakion|323\/323
|move|p2a: Conkeldurr|Drain Punch|p1a: Terrakion
|-supereffective|p1a: Terrakion
|-enditem|p1a: Terrakion|Focus Sash
|-damage|p1a: Terrakion|1\/323
|-heal|p2a: Conkeldurr|351\/351|[from] drain|[of] p1a: Terrakion
|
|turn|12
|
|move|p2a: Conkeldurr|Mach Punch|p1a: Terrakion
|-supereffective|p1a: Terrakion
|-damage|p1a: Terrakion|0 fnt
|faint|p1a: Terrakion
|
|
|switch|p1a: Latios|Latios, M|301\/301
|turn|13
|
|move|p1a: Latios|Psyshock|p2a: Conkeldurr
|-supereffective|p2a: Conkeldurr
|-damage|p2a: Conkeldurr|0 fnt
|-damage|p1a: Latios|271\/301|[from] item: Life Orb
|faint|p2a: Conkeldurr
|
|
|switch|p2a: Thundurus|Thundurus, M|299\/299
|-damage|p2a: Thundurus|225\/299|[from] Stealth Rock
|turn|14
|
|move|p2a: Thundurus|Thunder Wave|p1a: Latios
|-status|p1a: Latios|par
|move|p1a: Latios|Draco Meteor|p2a: Thundurus
|-damage|p2a: Thundurus|0 fnt
|-unboost|p1a: Latios|spa|2
|-damage|p1a: Latios|241\/301 par|[from] item: Life Orb
|faint|p2a: Thundurus
|
|
|switch|p2a: Team Forretress|Forretress, M|354\/354
|-damage|p2a: Team Forretress|310\/354|[from] Stealth Rock
|turn|15
|
|switch|p1a: Azumarill|Azumarill, F|92\/401
|move|p2a: Team Forretress|Rapid Spin|p1a: Azumarill
|-damage|p1a: Azumarill|73\/401
|-sideend|p2: tradekaiser|Stealth Rock|[from] move: Rapid Spin|[of] p2a: Team Forretress
|
|-heal|p2a: Team Forretress|332\/354|[from] item: Leftovers
|turn|16
|
|move|p1a: Azumarill|Knock Off|p2a: Team Forretress
|-damage|p2a: Team Forretress|253\/354
|-enditem|p2a: Team Forretress|Leftovers|[from] move: Knock Off|[of] p1a: Azumarill
|move|p2a: Team Forretress|Volt Switch|p1a: Azumarill
|-supereffective|p1a: Azumarill
|-damage|p1a: Azumarill|19\/401
|
|switch|p2a: Slowbro|Slowbro, F|276\/394
|
|turn|17
|
|move|p1a: Azumarill|Play Rough|p2a: Slowbro
|-damage|p2a: Slowbro|132\/394
|move|p2a: Slowbro|Scald|p1a: Azumarill
|-resisted|p1a: Azumarill
|-damage|p1a: Azumarill|0 fnt
|faint|p1a: Azumarill
|
|
|switch|p1a: Gengar|Gengar, M|235\/261
|turn|18
|
|switch|p2a: Team Forretress|Forretress, M|253\/354
|move|p1a: Gengar|Shadow Ball|p2a: Team Forretress
|-damage|p2a: Team Forretress|0 fnt
|-damage|p1a: Gengar|209\/261|[from] item: Life Orb
|faint|p2a: Team Forretress
|
|
|switch|p2a: Heatran|Heatran, M|358\/358
|turn|19
|
|move|p1a: Gengar|Focus Blast|p2a: Heatran|[miss]
|-miss|p1a: Gengar|p2a: Heatran
|move|p2a: Heatran|Fire Blast|p1a: Gengar
|-damage|p1a: Gengar|0 fnt
|faint|p1a: Gengar
|
|c|âkibblecat|well fuck that xD
|
|switch|p1a: Latios|Latios, M|241\/301 par
|turn|20
|c|âtradekaiser|gg
|c|âkibblecat|mm, gg.
|c|âtradekaiser|focus blast miss
|c|âkibblecat|aye.
|c|âtradekaiser|gets ppl every time
|
|switch|p2a: Slowbro|Slowbro, F|263\/394
|move|p1a: Latios|Surf|p2a: Slowbro
|-resisted|p2a: Slowbro
|-damage|p2a: Slowbro|184\/394
|-damage|p1a: Latios|211\/301 par|[from] item: Life Orb
|
|turn|21
|
|move|p2a: Slowbro|Ice Beam|p1a: Latios
|-supereffective|p1a: Latios
|-damage|p1a: Latios|91\/301 par
|move|p1a: Latios|Draco Meteor|p2a: Slowbro
|-damage|p2a: Slowbro|0 fnt
|-unboost|p1a: Latios|spa|2
|-damage|p1a: Latios|61\/301 par|[from] item: Life Orb
|faint|p2a: Slowbro
|
|
|switch|p2a: Heatran|Heatran, M|358\/358
|turn|22
|
|move|p2a: Heatran|Solar Beam|p1a: Latios|[still]
|-prepare|p2a: Heatran|Solar Beam|p1a: Latios
|-enditem|p2a: Heatran|Power Herb
|-anim|p2a: Heatran|Solar Beam|p1a: Latios
|-crit|p1a: Latios
|-resisted|p1a: Latios
|-damage|p1a: Latios|0 fnt
|faint|p1a: Latios
|
|win|tradekaiser
|raw|Ladder updating...
|raw|kibblecat's rating: 1439 &rarr; <strong>1417<\/strong><br \/>(-22 for losing)
|raw|tradekaiser's rating: 1401 &rarr; <strong>1423<\/strong><br \/>(+22 for winning)