|join|Derro
|join|tradekaiser
|player|p1|Derro|161
|player|p2|tradekaiser|1
|gametype|singles
|gen|6
|tier|OU
|rated
|clearpoke
|poke|p1|Clefable, F
|poke|p1|Gyarados, M
|poke|p1|Raikou
|poke|p1|Heatran, M
|poke|p1|Latias, F
|poke|p1|Chesnaught, M
|poke|p2|Kyurem-Black
|poke|p2|Blastoise, M
|poke|p2|Clefable, M
|poke|p2|Landorus-Therian, M
|poke|p2|Klefki, M
|poke|p2|Rotom-Wash
|rule|Swagger Clause: Swagger is banned
|rule|Baton Pass Clause: Limit one PokÃ©mon knowing Baton Pass
|rule|Sleep Clause Mod: Limit one foe put to sleep
|rule|Species Clause: Limit one of each PokÃ©mon
|rule|OHKO Clause: OHKO moves are banned
|rule|Moody Clause: Moody is banned
|rule|Evasion Moves Clause: Evasion moves are banned
|rule|Endless Battle Clause: Forcing endless battles is banned
|rule|HP Percentage Mod: HP is shown in percentages
|teampreview
|
|start
|switch|p1a: Johnny Storm|Heatran, M|324\/324
|switch|p2a: Rotom-Wash|Rotom-Wash|275\/275
|turn|1
|
|switch|p1a: Chip & Dale|Chesnaught, M|380\/380
|move|p2a: Rotom-Wash|Volt Switch|p1a: Chip & Dale
|-crit|p1a: Chip & Dale
|-resisted|p1a: Chip & Dale
|-damage|p1a: Chip & Dale|305\/380
|
|switch|p2a: Clefable|Clefable, M|394\/394
|
|-heal|p1a: Chip & Dale|328\/380|[from] item: Leftovers
|turn|2
|
|switch|p1a: Johnny Storm|Heatran, M|324\/324
|move|p2a: Clefable|Wish|p2a: Clefable
|
|turn|3
|
|switch|p2a: Blastoise|Blastoise, M|299\/299
|move|p1a: Johnny Storm|Flash Cannon|p2a: Blastoise
|-resisted|p2a: Blastoise
|-damage|p2a: Blastoise|224\/299
|-unboost|p2a: Blastoise|spd|1
|
|-heal|p2a: Blastoise|299\/299|[from] move: Wish|[wisher] Clefable
|turn|4
|
|switch|p1a: G. Lightning|Raikou|321\/321
|-ability|p1a: G. Lightning|Pressure
|detailschange|p2a: Blastoise|Blastoise-Mega, M
|-mega|p2a: Blastoise|Blastoise|Blastoisinite
|move|p2a: Blastoise|Hydro Pump|p1a: G. Lightning|[miss]
|-miss|p2a: Blastoise|p1a: G. Lightning
|
|turn|5
|
|switch|p2a: Rotom-Wash|Rotom-Wash|275\/275
|move|p1a: G. Lightning|Thunderbolt|p2a: Rotom-Wash
|-damage|p2a: Rotom-Wash|166\/275
|
|turn|6
|
|move|p1a: G. Lightning|Volt Switch|p2a: Rotom-Wash
|-damage|p2a: Rotom-Wash|76\/275
|
|switch|p1a: Chip & Dale|Chesnaught, M|328\/380
|move|p2a: Rotom-Wash|Will-O-Wisp|p1a: Chip & Dale
|-status|p1a: Chip & Dale|brn
|
|-heal|p1a: Chip & Dale|351\/380 brn|[from] item: Leftovers
|-damage|p1a: Chip & Dale|304\/380 brn|[from] brn
|turn|7
|
|move|p2a: Rotom-Wash|Rest|p2a: Rotom-Wash
|-status|p2a: Rotom-Wash|slp
|-heal|p2a: Rotom-Wash|275\/275 slp|[silent]
|-status|p2a: Rotom-Wash|slp|[from] move: Rest
|-enditem|p2a: Rotom-Wash|Chesto Berry|[eat]
|-curestatus|p2a: Rotom-Wash|slp
|move|p1a: Chip & Dale|Leech Seed|p2a: Rotom-Wash
|-start|p2a: Rotom-Wash|move: Leech Seed
|
|-heal|p1a: Chip & Dale|327\/380 brn|[from] item: Leftovers
|-damage|p2a: Rotom-Wash|241\/275|[from] Leech Seed|[of] p1a: Chip & Dale
|-heal|p1a: Chip & Dale|361\/380 brn|[silent]
|-damage|p1a: Chip & Dale|314\/380 brn|[from] brn
|turn|8
|
|switch|p2a: Clefable|Clefable, M|394\/394
|move|p1a: Chip & Dale|Leech Seed|p2a: Clefable
|-start|p2a: Clefable|move: Leech Seed
|
|-heal|p1a: Chip & Dale|337\/380 brn|[from] item: Leftovers
|-damage|p1a: Chip & Dale|290\/380 brn|[from] brn
|turn|9
|
|switch|p1a: Kirby's cousin|Clefable, F|393\/393
|switch|p2a: Blastoise|Blastoise-Mega, M|299\/299
|
|turn|10
|
|move|p2a: Blastoise|Hydro Pump|p1a: Kirby's cousin
|-damage|p1a: Kirby's cousin|141\/393
|move|p1a: Kirby's cousin|Heal Bell|p1a: Kirby's cousin
|-cureteam|p1a: Kirby's cousin|[from] move: HealBell
|
|-heal|p1a: Kirby's cousin|165\/393|[from] item: Leftovers
|turn|11
|
|switch|p1a: Chip & Dale|Chesnaught, M|290\/380
|move|p2a: Blastoise|Hydro Pump|p1a: Chip & Dale
|-resisted|p1a: Chip & Dale
|-damage|p1a: Chip & Dale|145\/380
|
|-heal|p1a: Chip & Dale|168\/380|[from] item: Leftovers
|turn|12
|
|move|p2a: Blastoise|Aura Sphere|p1a: Chip & Dale
|-immune|p1a: Chip & Dale|[msg]|[from] Bulletproof
|move|p1a: Chip & Dale|Spikes|p2a: Blastoise
|-sidestart|p2: tradekaiser|Spikes
|
|-heal|p1a: Chip & Dale|191\/380|[from] item: Leftovers
|turn|13
|
|move|p2a: Blastoise|Rapid Spin|p1a: Chip & Dale
|-damage|p1a: Chip & Dale|181\/380
|-sideend|p2: tradekaiser|Spikes|[from] move: Rapid Spin|[of] p2a: Blastoise
|move|p1a: Chip & Dale|Leech Seed|p2a: Blastoise
|-start|p2a: Blastoise|move: Leech Seed
|
|-heal|p1a: Chip & Dale|204\/380|[from] item: Leftovers
|-damage|p2a: Blastoise|262\/299|[from] Leech Seed|[of] p1a: Chip & Dale
|-heal|p1a: Chip & Dale|241\/380|[silent]
|turn|14
|
|switch|p2a: Kyurem-Black|Kyurem-Black|391\/391
|-ability|p2a: Kyurem-Black|Teravolt
|move|p1a: Chip & Dale|Seed Bomb|p2a: Kyurem-Black
|-resisted|p2a: Kyurem-Black
|-damage|p2a: Kyurem-Black|331\/391
|
|-heal|p1a: Chip & Dale|264\/380|[from] item: Leftovers
|turn|15
|
|switch|p1a: Johnny Storm|Heatran, M|324\/324
|move|p2a: Kyurem-Black|Ice Beam|p1a: Johnny Storm
|-resisted|p1a: Johnny Storm
|-damage|p1a: Johnny Storm|291\/324
|
|turn|16
|
|switch|p2a: Landorus-Therian|Landorus-Therian, M|319\/319
|-ability|p2a: Landorus-Therian|Intimidate|[of] p1a: Johnny Storm
|-unboost|p1a: Johnny Storm|atk|1
|move|p1a: Johnny Storm|Flash Cannon|p2a: Landorus-Therian
|-damage|p2a: Landorus-Therian|147\/319
|
|turn|17
|
|move|p2a: Landorus-Therian|U-turn|p1a: Johnny Storm
|-resisted|p1a: Johnny Storm
|-damage|p1a: Johnny Storm|268\/324
|
|switch|p2a: Rotom-Wash|Rotom-Wash|241\/275
|move|p1a: Johnny Storm|Flash Cannon|p2a: Rotom-Wash
|-resisted|p2a: Rotom-Wash
|-damage|p2a: Rotom-Wash|212\/275
|
|turn|18
|
|switch|p1a: Chip & Dale|Chesnaught, M|264\/380
|move|p2a: Rotom-Wash|Hydro Pump|p1a: Chip & Dale
|-resisted|p1a: Chip & Dale
|-damage|p1a: Chip & Dale|174\/380
|
|-heal|p1a: Chip & Dale|197\/380|[from] item: Leftovers
|turn|19
|
|move|p2a: Rotom-Wash|Volt Switch|p1a: Chip & Dale
|-resisted|p1a: Chip & Dale
|-damage|p1a: Chip & Dale|144\/380
|
|switch|p2a: Clefable|Clefable, M|394\/394
|move|p1a: Chip & Dale|Seed Bomb|p2a: Clefable
|-damage|p2a: Clefable|301\/394
|
|-heal|p1a: Chip & Dale|167\/380|[from] item: Leftovers
|-heal|p2a: Clefable|325\/394|[from] item: Leftovers
|turn|20
|
|switch|p1a: Kirby's cousin|Clefable, F|165\/393
|move|p2a: Clefable|Moonblast|p1a: Kirby's cousin
|-damage|p1a: Kirby's cousin|41\/393
|
|-heal|p2a: Clefable|349\/394|[from] item: Leftovers
|-heal|p1a: Kirby's cousin|65\/393|[from] item: Leftovers
|turn|21
|
|move|p2a: Clefable|Moonblast|p1a: Kirby's cousin
|-damage|p1a: Kirby's cousin|0 fnt
|faint|p1a: Kirby's cousin
|
|-heal|p2a: Clefable|373\/394|[from] item: Leftovers
|
|switch|p1a: G. Lightning|Raikou|321\/321
|-ability|p1a: G. Lightning|Pressure
|turn|22
|
|move|p1a: G. Lightning|Thunderbolt|p2a: Clefable
|-damage|p2a: Clefable|207\/394
|move|p2a: Clefable|Wish|p2a: Clefable
|
|-heal|p2a: Clefable|231\/394|[from] item: Leftovers
|turn|23
|
|switch|p2a: Kyurem-Black|Kyurem-Black|331\/391
|-ability|p2a: Kyurem-Black|Teravolt
|move|p1a: G. Lightning|Hidden Power|p2a: Kyurem-Black
|-damage|p2a: Kyurem-Black|286\/391
|
|-heal|p2a: Kyurem-Black|391\/391|[from] move: Wish|[wisher] Clefable
|turn|24
|
|switch|p1a: Chip & Dale|Chesnaught, M|167\/380
|move|p2a: Kyurem-Black|Dragon Claw|p1a: Chip & Dale
|-damage|p1a: Chip & Dale|40\/380
|
|-heal|p1a: Chip & Dale|63\/380|[from] item: Leftovers
|turn|25
|
|switch|p1a: Johnny Storm|Heatran, M|268\/324
|move|p2a: Kyurem-Black|Ice Beam|p1a: Johnny Storm
|-resisted|p1a: Johnny Storm
|-damage|p1a: Johnny Storm|236\/324
|
|turn|26
|
|switch|p2a: Blastoise|Blastoise-Mega, M|262\/299
|move|p1a: Johnny Storm|Overheat|p2a: Blastoise
|-resisted|p2a: Blastoise
|-damage|p2a: Blastoise|153\/299
|-unboost|p1a: Johnny Storm|spa|2
|
|turn|27
|
|switch|p1a: Chip & Dale|Chesnaught, M|63\/380
|move|p2a: Blastoise|Hydro Pump|p1a: Chip & Dale
|-resisted|p1a: Chip & Dale
|-damage|p1a: Chip & Dale|0 fnt
|faint|p1a: Chip & Dale
|
|
|switch|p1a: G. Lightning|Raikou|321\/321
|-ability|p1a: G. Lightning|Pressure
|turn|28
|
|switch|p2a: Landorus-Therian|Landorus-Therian, M|147\/319
|-ability|p2a: Landorus-Therian|Intimidate|[of] p1a: G. Lightning
|-unboost|p1a: G. Lightning|atk|1
|move|p1a: G. Lightning|Thunderbolt|p2a: Landorus-Therian
|-immune|p2a: Landorus-Therian|[msg]
|
|turn|29
|
|switch|p1a: (Frank) Gyary|Gyarados, M|361\/361
|-ability|p1a: (Frank) Gyary|Intimidate|[of] p2a: Landorus-Therian
|-unboost|p2a: Landorus-Therian|atk|1
|move|p2a: Landorus-Therian|Earthquake|p1a: (Frank) Gyary
|-immune|p1a: (Frank) Gyary|[msg]
|
|turn|30
|
|switch|p2a: Klefki|Klefki, M|318\/318
|move|p1a: (Frank) Gyary|Taunt|p2a: Klefki
|-start|p2a: Klefki|move: Taunt
|
|turn|31
|
|detailschange|p1a: (Frank) Gyary|Gyarados-Mega, M
|-mega|p1a: (Frank) Gyary|Gyarados|Gyaradosite
|-ability|p1a: (Frank) Gyary|Mold Breaker
|move|p1a: (Frank) Gyary|Dragon Dance|p1a: (Frank) Gyary
|-boost|p1a: (Frank) Gyary|atk|1
|-boost|p1a: (Frank) Gyary|spe|1
|move|p2a: Klefki|Foul Play|p1a: (Frank) Gyary
|-resisted|p1a: (Frank) Gyary
|-damage|p1a: (Frank) Gyary|269\/361
|
|turn|32
|
|move|p1a: (Frank) Gyary|Dragon Dance|p1a: (Frank) Gyary
|-boost|p1a: (Frank) Gyary|atk|1
|-boost|p1a: (Frank) Gyary|spe|1
|move|p2a: Klefki|Foul Play|p1a: (Frank) Gyary
|-resisted|p1a: (Frank) Gyary
|-damage|p1a: (Frank) Gyary|149\/361
|
|turn|33
|
|switch|p2a: Landorus-Therian|Landorus-Therian, M|147\/319
|-ability|p2a: Landorus-Therian|Intimidate|[of] p1a: (Frank) Gyary
|-unboost|p1a: (Frank) Gyary|atk|1
|move|p1a: (Frank) Gyary|Waterfall|p2a: Landorus-Therian
|-supereffective|p2a: Landorus-Therian
|-damage|p2a: Landorus-Therian|0 fnt
|faint|p2a: Landorus-Therian
|
|
|switch|p2a: Klefki|Klefki, M|318\/318
|turn|34
|
|switch|p1a: G. Lightning|Raikou|321\/321
|-ability|p1a: G. Lightning|Pressure
|move|p2a: Klefki|Thunder Wave|p1a: G. Lightning
|-fail|p1a: G. Lightning
|
|turn|35
|
|move|p2a: Klefki|Light Screen|p2a: Klefki
|-sidestart|p2: tradekaiser|move: Light Screen
|move|p1a: G. Lightning|Volt Switch|p2a: Klefki
|-damage|p2a: Klefki|260\/318
|
|switch|p1a: Johnny Storm|Heatran, M|236\/324
|
|turn|36
|
|switch|p2a: Rotom-Wash|Rotom-Wash|212\/275
|move|p1a: Johnny Storm|Overheat|p2a: Rotom-Wash
|-resisted|p2a: Rotom-Wash
|-damage|p2a: Rotom-Wash|164\/275
|-unboost|p1a: Johnny Storm|spa|2
|
|turn|37
|
|switch|p1a: G. Lightning|Raikou|321\/321
|-ability|p1a: G. Lightning|Pressure
|move|p2a: Rotom-Wash|Hydro Pump|p1a: G. Lightning
|-damage|p1a: G. Lightning|237\/321
|
|turn|38
|
|move|p1a: G. Lightning|Thunderbolt|p2a: Rotom-Wash
|-damage|p2a: Rotom-Wash|106\/275
|move|p2a: Rotom-Wash|Volt Switch|p1a: G. Lightning
|-resisted|p1a: G. Lightning
|-damage|p1a: G. Lightning|210\/321
|
|switch|p2a: Kyurem-Black|Kyurem-Black|391\/391
|-ability|p2a: Kyurem-Black|Teravolt
|
|turn|39
|
|move|p1a: G. Lightning|Volt Switch|p2a: Kyurem-Black
|-crit|p2a: Kyurem-Black
|-resisted|p2a: Kyurem-Black
|-damage|p2a: Kyurem-Black|328\/391
|
|switch|p1a: Johnny Storm|Heatran, M|236\/324
|move|p2a: Kyurem-Black|Dragon Claw|p1a: Johnny Storm
|-resisted|p1a: Johnny Storm
|-damage|p1a: Johnny Storm|152\/324
|
|turn|40
|
|move|p1a: Johnny Storm|Flash Cannon|p2a: Kyurem-Black
|-crit|p2a: Kyurem-Black
|-supereffective|p2a: Kyurem-Black
|-damage|p2a: Kyurem-Black|16\/391
|move|p2a: Kyurem-Black|Fusion Bolt|p1a: Johnny Storm
|-damage|p1a: Johnny Storm|12\/324
|
|turn|41
|
|switch|p2a: Klefki|Klefki, M|260\/318
|move|p1a: Johnny Storm|Flash Cannon|p2a: Klefki
|-damage|p2a: Klefki|195\/318
|
|turn|42
|
|switch|p1a: G. Lightning|Raikou|210\/321
|-ability|p1a: G. Lightning|Pressure
|move|p2a: Klefki|Foul Play|p1a: G. Lightning
|-damage|p1a: G. Lightning|142\/321
|
|-sideend|p2: tradekaiser|move: Light Screen
|turn|43
|
|move|p2a: Klefki|Light Screen|p2a: Klefki
|-sidestart|p2: tradekaiser|move: Light Screen
|move|p1a: G. Lightning|Thunderbolt|p2a: Klefki
|-damage|p2a: Klefki|125\/318
|-status|p2a: Klefki|par
|
|turn|44
|
|switch|p2a: Clefable|Clefable, M|231\/394
|move|p1a: G. Lightning|Thunderbolt|p2a: Clefable
|-crit|p2a: Clefable
|-damage|p2a: Clefable|0 fnt
|faint|p2a: Clefable
|
|
|switch|p2a: Rotom-Wash|Rotom-Wash|106\/275
|turn|45
|
|move|p1a: G. Lightning|Thunderbolt|p2a: Rotom-Wash
|-damage|p2a: Rotom-Wash|48\/275
|move|p2a: Rotom-Wash|Hydro Pump|p1a: G. Lightning|[miss]
|-miss|p2a: Rotom-Wash|p1a: G. Lightning
|
|turn|46
|
|move|p1a: G. Lightning|Thunderbolt|p2a: Rotom-Wash
|-damage|p2a: Rotom-Wash|0 fnt
|faint|p2a: Rotom-Wash
|
|
|switch|p2a: Blastoise|Blastoise-Mega, M|153\/299
|turn|47
|
|move|p1a: G. Lightning|Volt Switch|p2a: Blastoise
|-crit|p2a: Blastoise
|-supereffective|p2a: Blastoise
|-damage|p2a: Blastoise|0 fnt
|faint|p2a: Blastoise
|c|âDerro|o__o
|c|âDerro|i'm horrible.
|
|switch|p1a: Onee-Chan|Latias, F|301\/301
|
|
|switch|p2a: Kyurem-Black|Kyurem-Black|16\/391
|-ability|p2a: Kyurem-Black|Teravolt
|turn|48
|
|move|p1a: Onee-Chan|Psyshock|p2a: Kyurem-Black
|-crit|p2a: Kyurem-Black
|-damage|p2a: Kyurem-Black|0 fnt
|-damage|p1a: Onee-Chan|271\/301|[from] item: Life Orb
|faint|p2a: Kyurem-Black
|
|c|âDerro|O_O
|c|âtradekaiser|gg
|c|âDerro|there must be a bug
|c|âDerro|in me.
|
|switch|p2a: Klefki|Klefki, M|125\/318 par
|turn|49
|c|âDerro|gg
|
|switch|p1a: G. Lightning|Raikou|142\/321
|-ability|p1a: G. Lightning|Pressure
|move|p2a: Klefki|Foul Play|p1a: G. Lightning
|-damage|p1a: G. Lightning|71\/321
|
|turn|50
|
|move|p1a: G. Lightning|Thunderbolt|p2a: Klefki
|-damage|p2a: Klefki|48\/318 par
|move|p2a: Klefki|Foul Play|p1a: G. Lightning
|-damage|p1a: G. Lightning|0 fnt
|faint|p1a: G. Lightning
|
|-sideend|p2: tradekaiser|move: Light Screen
|
|switch|p1a: Johnny Storm|Heatran, M|12\/324
|turn|51
|
|move|p1a: Johnny Storm|Earth Power|p2a: Klefki
|-supereffective|p2a: Klefki
|-damage|p2a: Klefki|0 fnt
|faint|p2a: Klefki
|
|win|Derro
|raw|Ladder updating...
|raw|Derro's rating: 1447 &rarr; <strong>1465<\/strong><br \/>(+18 for winning)
|raw|tradekaiser's rating: 1407 &rarr; <strong>1390<\/strong><br \/>(-17 for losing)
|c|âDerro|gg