|join|tradekaiser
|join|CycloTJ
|player|p1|tradekaiser|169
|player|p2|CycloTJ|269
|gametype|singles
|gen|6
|tier|OU
|rated
|clearpoke
|poke|p1|Kyurem-Black
|poke|p1|Blastoise, M
|poke|p1|Chansey, F
|poke|p1|Landorus-Therian, M
|poke|p1|Klefki, M
|poke|p1|Rotom-Wash
|poke|p2|Landorus-Therian, M
|poke|p2|Heatran, M
|poke|p2|Metagross
|poke|p2|Ferrothorn, M
|poke|p2|Keldeo-Resolute
|poke|p2|Clefable, M
|rule|Swagger Clause: Swagger is banned
|rule|Baton Pass Clause: Limit one PokÃ©mon knowing Baton Pass
|rule|Sleep Clause Mod: Limit one foe put to sleep
|rule|Species Clause: Limit one of each PokÃ©mon
|rule|OHKO Clause: OHKO moves are banned
|rule|Moody Clause: Moody is banned
|rule|Evasion Moves Clause: Evasion moves are banned
|rule|Endless Battle Clause: Forcing endless battles is banned
|rule|HP Percentage Mod: HP is shown in percentages
|teampreview
|
|start
|switch|p1a: Rotom-Wash|Rotom-Wash|275\/275
|switch|p2a: Landorus-Therian|Landorus-Therian, M|355\/355
|-ability|p2a: Landorus-Therian|Intimidate|[of] p1a: Rotom-Wash
|-unboost|p1a: Rotom-Wash|atk|1
|turn|1
|
|move|p2a: Landorus-Therian|U-turn|p1a: Rotom-Wash
|-damage|p1a: Rotom-Wash|198\/275
|
|switch|p2a: Ferrothorn|Ferrothorn, M|352\/352
|move|p1a: Rotom-Wash|Hydro Pump|p2a: Ferrothorn
|-resisted|p2a: Ferrothorn
|-damage|p2a: Ferrothorn|306\/352
|
|-heal|p2a: Ferrothorn|328\/352|[from] item: Leftovers
|turn|2
|
|move|p1a: Rotom-Wash|Volt Switch|p2a: Ferrothorn
|-resisted|p2a: Ferrothorn
|-damage|p2a: Ferrothorn|298\/352
|
|switch|p1a: Blastoise|Blastoise, M|299\/299
|move|p2a: Ferrothorn|Stealth Rock|p1a: Blastoise
|-sidestart|p1: tradekaiser|move: Stealth Rock
|
|-heal|p2a: Ferrothorn|320\/352|[from] item: Leftovers
|turn|3
|
|detailschange|p1a: Blastoise|Blastoise-Mega, M
|-mega|p1a: Blastoise|Blastoise|Blastoisinite
|move|p1a: Blastoise|Aura Sphere|p2a: Ferrothorn
|-supereffective|p2a: Ferrothorn
|-damage|p2a: Ferrothorn|90\/352
|move|p2a: Ferrothorn|Power Whip|p1a: Blastoise
|-supereffective|p1a: Blastoise
|-damage|p1a: Blastoise|71\/299
|
|-heal|p2a: Ferrothorn|112\/352|[from] item: Leftovers
|turn|4
|
|move|p1a: Blastoise|Aura Sphere|p2a: Ferrothorn
|-supereffective|p2a: Ferrothorn
|-damage|p2a: Ferrothorn|0 fnt
|faint|p2a: Ferrothorn
|
|
|switch|p2a: Metagross|Metagross|302\/302
|turn|5
|
|detailschange|p2a: Metagross|Metagross-Mega
|-mega|p2a: Metagross|Metagross|Metagrossite
|move|p2a: Metagross|Zen Headbutt|p1a: Blastoise
|-damage|p1a: Blastoise|0 fnt
|faint|p1a: Blastoise
|
|
|switch|p1a: Klefki|Klefki, M|318\/318
|-damage|p1a: Klefki|299\/318|[from] Stealth Rock
|turn|6
|
|switch|p2a: Landorus-Therian|Landorus-Therian, M|355\/355
|-ability|p2a: Landorus-Therian|Intimidate|[of] p1a: Klefki
|-unboost|p1a: Klefki|atk|1
|move|p1a: Klefki|Thunder Wave|p2a: Landorus-Therian
|-immune|p2a: Landorus-Therian|[msg]
|
|turn|7
|
|move|p1a: Klefki|Reflect|p1a: Klefki
|-sidestart|p1: tradekaiser|Reflect
|move|p2a: Landorus-Therian|Earthquake|p1a: Klefki
|-supereffective|p1a: Klefki
|-damage|p1a: Klefki|73\/318
|
|turn|8
|
|switch|p1a: Rotom-Wash|Rotom-Wash|198\/275
|-damage|p1a: Rotom-Wash|164\/275|[from] Stealth Rock
|move|p2a: Landorus-Therian|Earthquake|p1a: Rotom-Wash
|-immune|p1a: Rotom-Wash|[msg]
|
|turn|9
|
|switch|p2a: Clefable|Clefable, M|394\/394
|move|p1a: Rotom-Wash|Hydro Pump|p2a: Clefable
|-damage|p2a: Clefable|265\/394
|
|-heal|p2a: Clefable|289\/394|[from] item: Leftovers
|turn|10
|
|move|p1a: Rotom-Wash|Volt Switch|p2a: Clefable
|-damage|p2a: Clefable|207\/394
|
|switch|p1a: Chansey|Chansey, F|642\/642
|-damage|p1a: Chansey|562\/642|[from] Stealth Rock
|move|p2a: Clefable|Moonblast|p1a: Chansey
|-damage|p1a: Chansey|508\/642
|
|-heal|p2a: Clefable|231\/394|[from] item: Leftovers
|turn|11
|
|move|p2a: Clefable|Soft-Boiled|p2a: Clefable
|-heal|p2a: Clefable|394\/394
|move|p1a: Chansey|Wish|p1a: Chansey
|
|turn|12
|
|switch|p1a: Klefki|Klefki, M|73\/318
|-damage|p1a: Klefki|54\/318|[from] Stealth Rock
|move|p2a: Clefable|Fire Blast|p1a: Klefki
|-supereffective|p1a: Klefki
|-damage|p1a: Klefki|0 fnt
|faint|p1a: Klefki
|
|
|switch|p1a: Kyurem-Black|Kyurem-Black|391\/391
|-damage|p1a: Kyurem-Black|294\/391|[from] Stealth Rock
|-ability|p1a: Kyurem-Black|Teravolt
|turn|13
|
|move|p1a: Kyurem-Black|Iron Head|p2a: Clefable
|-supereffective|p2a: Clefable
|-damage|p2a: Clefable|160\/394
|move|p2a: Clefable|Thunder Wave|p1a: Kyurem-Black
|-status|p1a: Kyurem-Black|par
|
|-heal|p2a: Clefable|184\/394|[from] item: Leftovers
|turn|14
|
|switch|p2a: Metagross|Metagross-Mega|302\/302
|move|p1a: Kyurem-Black|Iron Head|p2a: Metagross
|-resisted|p2a: Metagross
|-damage|p2a: Metagross|251\/302
|
|-sideend|p1: tradekaiser|Reflect
|turn|15
|
|switch|p1a: Landorus-Therian|Landorus-Therian, M|319\/319
|-damage|p1a: Landorus-Therian|280\/319|[from] Stealth Rock
|-ability|p1a: Landorus-Therian|Intimidate|[of] p2a: Metagross
|-unboost|p2a: Metagross|atk|1
|move|p2a: Metagross|Meteor Mash|p1a: Landorus-Therian
|-damage|p1a: Landorus-Therian|102\/319
|
|turn|16
|
|switch|p2a: Landorus-Therian|Landorus-Therian, M|355\/355
|-ability|p2a: Landorus-Therian|Intimidate|[of] p1a: Landorus-Therian
|-unboost|p1a: Landorus-Therian|atk|1
|move|p1a: Landorus-Therian|Earthquake|p2a: Landorus-Therian
|-immune|p2a: Landorus-Therian|[msg]
|
|turn|17
|
|switch|p1a: Rotom-Wash|Rotom-Wash|164\/275
|-damage|p1a: Rotom-Wash|130\/275|[from] Stealth Rock
|move|p2a: Landorus-Therian|Gravity|p2a: Landorus-Therian
|-fieldstart|move: Gravity
|
|turn|18
|
|move|p2a: Landorus-Therian|Earthquake|p1a: Rotom-Wash
|-supereffective|p1a: Rotom-Wash
|-damage|p1a: Rotom-Wash|0 fnt
|faint|p1a: Rotom-Wash
|
|
|switch|p1a: Landorus-Therian|Landorus-Therian, M|102\/319
|-damage|p1a: Landorus-Therian|63\/319|[from] Stealth Rock
|-ability|p1a: Landorus-Therian|Intimidate|[of] p2a: Landorus-Therian
|-unboost|p2a: Landorus-Therian|atk|1
|turn|19
|
|move|p1a: Landorus-Therian|Earthquake|p2a: Landorus-Therian
|-damage|p2a: Landorus-Therian|126\/355
|move|p2a: Landorus-Therian|U-turn|p1a: Landorus-Therian
|-resisted|p1a: Landorus-Therian
|-damage|p1a: Landorus-Therian|30\/319
|
|switch|p2a: Metagross|Metagross-Mega|251\/302
|
|turn|20
|
|move|p1a: Landorus-Therian|Earthquake|p2a: Metagross
|-crit|p2a: Metagross
|-supereffective|p2a: Metagross
|-damage|p2a: Metagross|0 fnt
|faint|p2a: Metagross
|
|
|switch|p2a: Keldeo-Resolute|Keldeo-Resolute|323\/323
|turn|21
|
|switch|p1a: Chansey|Chansey, F|508\/642
|-damage|p1a: Chansey|428\/642|[from] Stealth Rock
|move|p2a: Keldeo-Resolute|Secret Sword|p1a: Chansey
|-supereffective|p1a: Chansey
|-damage|p1a: Chansey|0 fnt
|faint|p1a: Chansey
|
|-fieldend|move: Gravity
|
|switch|p1a: Kyurem-Black|Kyurem-Black|294\/391 par
|-damage|p1a: Kyurem-Black|197\/391 par|[from] Stealth Rock
|-ability|p1a: Kyurem-Black|Teravolt
|turn|22
|
|move|p2a: Keldeo-Resolute|Secret Sword|p1a: Kyurem-Black
|-supereffective|p1a: Kyurem-Black
|-damage|p1a: Kyurem-Black|0 fnt
|faint|p1a: Kyurem-Black
|
|
|switch|p1a: Landorus-Therian|Landorus-Therian, M|30\/319
|-damage|p1a: Landorus-Therian|0 fnt|[from] Stealth Rock
|faint|p1a: Landorus-Therian
|
|win|CycloTJ
|raw|Ladder updating...
|raw|tradekaiser's rating: 1405 &rarr; <strong>1384<\/strong><br \/>(-21 for losing)
|raw|CycloTJ's rating: 1383 &rarr; <strong>1405<\/strong><br \/>(+22 for winning)
|c|âCycloTJ|gg