|join|Tradekaiser
|join|tpan
|player|p1|Tradekaiser|99
|player|p2|tpan|264
|gametype|singles
|tier|OU
|rated
|rule|Evasion Abilities Clause: Evasion abilities are banned
|clearpoke
|poke|p1|Politoed, F
|poke|p1|Tentacruel, F
|poke|p1|Ferrothorn, F
|poke|p1|Starmie
|poke|p1|Volcarona, M
|poke|p1|Toxicroak, M
|poke|p2|Azelf
|poke|p2|Garchomp, F
|poke|p2|Blissey, F
|poke|p2|Jirachi
|poke|p2|Infernape, M
|poke|p2|Kingdra, F
|rule|Sleep Clause Mod: Limit one foe put to sleep
|rule|Species Clause: Limit one of each Pokemon
|rule|OHKO Clause: OHKO moves are banned
|rule|Moody Clause: Moody is banned
|rule|Evasion Moves Clause: Evasion moves are banned
|rule|HP Percentage Mod: HP is reported as percentages
|teampreview
|callback|decision
|
|start
|switch|p1a: R-Drizzle|Politoed, F|384\/384
|switch|p2a: Jirachi|Jirachi|404\/404
|-weather|RainDance|[from] ability: Drizzle|[of] p1a: R-Drizzle
|turn|1
|callback|decision
|
|move|p1a: R-Drizzle|Protect|p1a: R-Drizzle
|-singleturn|p1a: R-Drizzle|Protect
|move|p2a: Jirachi|Calm Mind|p2a: Jirachi
|-boost|p2a: Jirachi|spa|1
|-boost|p2a: Jirachi|spd|1
|
|-weather|RainDance|[upkeep]
|turn|2
|callback|decision
|
|move|p2a: Jirachi|Substitute|p2a: Jirachi
|-start|p2a: Jirachi|Substitute
|-damage|p2a: Jirachi|303\/404
|move|p1a: R-Drizzle|Perish Song|p1a: R-Drizzle
|-fieldactivate|move: Perish Song
|
|-start|p2a: Jirachi|perish3
|-start|p1a: R-Drizzle|perish3
|-weather|RainDance|[upkeep]
|-heal|p2a: Jirachi|328\/404|[from] item: Leftovers
|turn|3
|callback|decision
|
|move|p2a: Jirachi|Thunder|p1a: R-Drizzle
|-supereffective|p1a: R-Drizzle
|-damage|p1a: R-Drizzle|82\/384
|-status|p1a: R-Drizzle|par
|move|p1a: R-Drizzle|Scald|p2a: Jirachi
|-crit|p2a: Jirachi
|-end|p2a: Jirachi|Substitute
|
|-start|p2a: Jirachi|perish2
|-start|p1a: R-Drizzle|perish2
|-weather|RainDance|[upkeep]
|-heal|p2a: Jirachi|353\/404|[from] item: Leftovers
|-heal|p1a: R-Drizzle|106\/384 par|[from] item: Leftovers
|turn|4
|callback|decision
|
|move|p1a: R-Drizzle|Protect|p1a: R-Drizzle
|-singleturn|p1a: R-Drizzle|Protect
|move|p2a: Jirachi|Thunder|p1a: R-Drizzle
|-activate|p1a: R-Drizzle|Protect
|
|-start|p2a: Jirachi|perish1
|-start|p1a: R-Drizzle|perish1
|-weather|RainDance|[upkeep]
|-heal|p2a: Jirachi|378\/404|[from] item: Leftovers
|-heal|p1a: R-Drizzle|130\/384 par|[from] item: Leftovers
|turn|5
|callback|decision
|
|switch|p2a: Azelf|Azelf|292\/292
|switch|p1a: Fair-O-Thorn|Ferrothorn, F|352\/352
|
|-weather|RainDance|[upkeep]
|turn|6
|callback|decision
|
|move|p2a: Azelf|Taunt|p1a: Fair-O-Thorn
|-start|p1a: Fair-O-Thorn|move: Taunt
|cant|p1a: Fair-O-Thorn|move: Taunt|Stealth Rock
|
|-weather|RainDance|[upkeep]
|turn|7
|callback|decision
|
|switch|p2a: Jirachi|Jirachi|378\/404
|move|p1a: Fair-O-Thorn|Power Whip|p2a: Jirachi
|-resisted|p2a: Jirachi
|-damage|p2a: Jirachi|315\/404
|
|-weather|RainDance|[upkeep]
|-heal|p2a: Jirachi|340\/404|[from] item: Leftovers
|turn|8
|callback|decision
|
|switch|p1a: Volcarno|Volcarona, M|311\/311
|move|p2a: Jirachi|Substitute|p2a: Jirachi
|-start|p2a: Jirachi|Substitute
|-damage|p2a: Jirachi|239\/404
|
|-weather|RainDance|[upkeep]
|-heal|p2a: Jirachi|264\/404|[from] item: Leftovers
|turn|9
|callback|decision
|
|move|p1a: Volcarno|Fiery Dance|p2a: Jirachi
|-supereffective|p2a: Jirachi
|-end|p2a: Jirachi|Substitute
|-boost|p1a: Volcarno|spa|1
|-damage|p1a: Volcarno|280\/311|[from] item: Life Orb
|move|p2a: Jirachi|Thunder|p1a: Volcarno
|-damage|p1a: Volcarno|183\/311
|-status|p1a: Volcarno|par
|
|-weather|RainDance|[upkeep]
|-heal|p2a: Jirachi|289\/404|[from] item: Leftovers
|turn|10
|callback|decision
|
|move|p2a: Jirachi|Psychic|p1a: Volcarno
|-damage|p1a: Volcarno|72\/311 par
|cant|p1a: Volcarno|par
|
|-weather|RainDance|[upkeep]
|-heal|p2a: Jirachi|314\/404|[from] item: Leftovers
|turn|11
|callback|decision
|
|switch|p1a: Fair-O-Thorn|Ferrothorn, F|352\/352
|move|p2a: Jirachi|Thunder|p1a: Fair-O-Thorn
|-crit|p1a: Fair-O-Thorn
|-resisted|p1a: Fair-O-Thorn
|-damage|p1a: Fair-O-Thorn|283\/352
|-status|p1a: Fair-O-Thorn|par
|
|-weather|RainDance|[upkeep]
|-heal|p2a: Jirachi|339\/404|[from] item: Leftovers
|-heal|p1a: Fair-O-Thorn|305\/352 par|[from] item: Leftovers
|turn|12
|callback|decision
|
|move|p2a: Jirachi|Substitute|p2a: Jirachi
|-start|p2a: Jirachi|Substitute
|-damage|p2a: Jirachi|238\/404
|move|p1a: Fair-O-Thorn|Stealth Rock|p2a: Jirachi
|-sidestart|p2: tpan|move: Stealth Rock
|
|-weather|RainDance|[upkeep]
|-heal|p2a: Jirachi|263\/404|[from] item: Leftovers
|-heal|p1a: Fair-O-Thorn|327\/352 par|[from] item: Leftovers
|turn|13
|callback|decision
|
|move|p2a: Jirachi|Calm Mind|p2a: Jirachi
|-boost|p2a: Jirachi|spa|1
|-boost|p2a: Jirachi|spd|1
|move|p1a: Fair-O-Thorn|Power Whip|p2a: Jirachi
|-resisted|p2a: Jirachi
|-activate|p2a: Jirachi|Substitute|[damage]
|
|-weather|RainDance|[upkeep]
|-heal|p2a: Jirachi|288\/404|[from] item: Leftovers
|-heal|p1a: Fair-O-Thorn|349\/352 par|[from] item: Leftovers
|turn|14
|callback|decision
|
|switch|p1a: R-Drizzle|Politoed, F|130\/384 par
|move|p2a: Jirachi|Calm Mind|p2a: Jirachi
|-boost|p2a: Jirachi|spa|1
|-boost|p2a: Jirachi|spd|1
|
|-weather|RainDance|[upkeep]
|-heal|p2a: Jirachi|313\/404|[from] item: Leftovers
|-heal|p1a: R-Drizzle|154\/384 par|[from] item: Leftovers
|turn|15
|callback|decision
|
|move|p2a: Jirachi|Thunder|p1a: R-Drizzle
|-supereffective|p1a: R-Drizzle
|-damage|p1a: R-Drizzle|0 fnt
|faint|p1a: R-Drizzle
|
|-weather|RainDance|[upkeep]
|-heal|p2a: Jirachi|338\/404|[from] item: Leftovers
|callback|decision
|
|switch|p1a: Toxicroak|Toxicroak, M|307\/307
|turn|16
|callback|decision
|
|move|p2a: Jirachi|Psychic|p1a: Toxicroak
|-supereffective|p1a: Toxicroak
|-damage|p1a: Toxicroak|0 fnt
|faint|p1a: Toxicroak
|
|-weather|RainDance|[upkeep]
|-heal|p2a: Jirachi|363\/404|[from] item: Leftovers
|callback|decision
|
|switch|p1a: Patrick|Starmie|261\/261
|turn|17
|callback|decision
|
|move|p1a: Patrick|Hydro Pump|p2a: Jirachi
|-end|p2a: Jirachi|Substitute
|move|p2a: Jirachi|Thunder|p1a: Patrick
|-supereffective|p1a: Patrick
|-enditem|p1a: Patrick|Focus Sash
|-damage|p1a: Patrick|1\/261
|-status|p1a: Patrick|par
|
|-weather|RainDance|[upkeep]
|-heal|p2a: Jirachi|388\/404|[from] item: Leftovers
|turn|18
|callback|decision
|
|move|p2a: Jirachi|Calm Mind|p2a: Jirachi
|-boost|p2a: Jirachi|spa|1
|-boost|p2a: Jirachi|spd|1
|cant|p1a: Patrick|par
|
|-weather|RainDance|[upkeep]
|-heal|p2a: Jirachi|404\/404|[from] item: Leftovers
|turn|19
|callback|decision
|-message|Tradekaiser forfeited.
|
|win|tpan
|raw|Ladder updating...
|leave|Tradekaiser
|player|p1
|raw|Tradekaiser's rating: 1542 &rarr; <strong>1538<\/strong><br \/>(-4 for losing)
|raw|tpan's rating: 1694 &rarr; <strong>1696<\/strong><br \/>(+2 for winning)