|join|N199ER5
|join|Tradekaiser
|player|p1|N199ER5|169
|player|p2|Tradekaiser|99
|gametype|singles
|tier|OU (beta)
|rated
|clearpoke
|poke|p1|Aegislash, F
|poke|p1|Tyranitar, F
|poke|p1|Alakazam, M
|poke|p1|Gliscor, M
|poke|p1|Hydreigon, F
|poke|p1|Lucario, F
|poke|p2|Mandibuzz, F
|poke|p2|Rotom-Wash
|poke|p2|Scizor, M
|poke|p2|Charizard, F
|poke|p2|Gengar, M
|poke|p2|Breloom, F
|rule|Sleep Clause Mod: Limit one foe put to sleep
|rule|Species Clause: Limit one of each Pokemon
|rule|OHKO Clause: OHKO moves are banned
|rule|Moody Clause: Moody is banned
|rule|Evasion Moves Clause: Evasion moves are banned
|rule|HP Percentage Mod: HP is reported as percentages
|teampreview
|callback|decision
|
|start
|switch|p1a: Gliscor|Gliscor, M|352\/352
|switch|p2a: Mandibuzz|Mandibuzz, F|423\/423
|turn|1
|callback|decision
|
|move|p1a: Gliscor|Substitute|p1a: Gliscor
|-start|p1a: Gliscor|Substitute
|-damage|p1a: Gliscor|264\/352
|move|p2a: Mandibuzz|Whirlwind|p1a: Gliscor
|drag|p1a: Tyranitar|Tyranitar, F|404\/404
|-weather|Sandstorm
|
|-weather|Sandstorm|[upkeep]
|turn|2
|callback|decision
|
|move|p2a: Mandibuzz|Knock Off|p1a: Tyranitar
|-resisted|p1a: Tyranitar
|-damage|p1a: Tyranitar|364\/404
|-enditem|p1a: Tyranitar|Leftovers|[from] move: Knock Off|[of] p2a: Mandibuzz
|move|p1a: Tyranitar|Stealth Rock|p2a: Mandibuzz
|-sidestart|p2: Tradekaiser|move: Stealth Rock
|
|-weather|Sandstorm|[upkeep]
|turn|3
|callback|decision
|
|move|p2a: Mandibuzz|Defog|p1a: Tyranitar
|-unboost|p1a: Tyranitar|evasion|1
|-sideend|p2: Tradekaiser|Stealth Rock|[from] move: Defog|[of] p2a: Mandibuzz
|move|p1a: Tyranitar|Stone Edge|p2a: Mandibuzz
|-supereffective|p2a: Mandibuzz
|-damage|p2a: Mandibuzz|201\/423
|
|-weather|Sandstorm|[upkeep]
|-heal|p2a: Mandibuzz|227\/423|[from] item: Leftovers
|turn|4
|callback|decision
|
|move|p2a: Mandibuzz|Foul Play|p1a: Tyranitar
|-resisted|p1a: Tyranitar
|-damage|p1a: Tyranitar|292\/404
|move|p1a: Tyranitar|Fire Blast|p2a: Mandibuzz
|-damage|p2a: Mandibuzz|134\/423
|
|-weather|Sandstorm|[upkeep]
|-heal|p2a: Mandibuzz|160\/423|[from] item: Leftovers
|turn|5
|callback|decision
|
|switch|p2a: Rotom-Wash|Rotom-Wash|304\/304
|move|p1a: Tyranitar|Stealth Rock|p2a: Rotom-Wash
|-sidestart|p2: Tradekaiser|move: Stealth Rock
|
|-weather|none
|turn|6
|callback|decision
|
|move|p2a: Rotom-Wash|Will-O-Wisp|p1a: Tyranitar
|-status|p1a: Tyranitar|brn
|move|p1a: Tyranitar|Stone Edge|p2a: Rotom-Wash
|-damage|p2a: Rotom-Wash|255\/304
|
|-damage|p1a: Tyranitar|242\/404 brn|[from] brn
|turn|7
|callback|decision
|
|switch|p1a: Hydreigon|Hydreigon, F|326\/326
|move|p2a: Rotom-Wash|Hydro Pump|p1a: Hydreigon
|-resisted|p1a: Hydreigon
|-damage|p1a: Hydreigon|259\/326
|
|-heal|p1a: Hydreigon|279\/326|[from] item: Leftovers
|turn|8
|callback|decision
|
|move|p1a: Hydreigon|Substitute|p1a: Hydreigon
|-start|p1a: Hydreigon|Substitute
|-damage|p1a: Hydreigon|198\/326
|move|p2a: Rotom-Wash|Will-O-Wisp|p1a: Hydreigon
|
|-heal|p1a: Hydreigon|218\/326|[from] item: Leftovers
|turn|9
|callback|decision
|
|move|p1a: Hydreigon|Dark Pulse|p2a: Rotom-Wash
|-damage|p2a: Rotom-Wash|120\/304
|move|p2a: Rotom-Wash|Volt Switch|p1a: Hydreigon
|-resisted|p1a: Hydreigon
|-activate|p1a: Hydreigon|Substitute|[damage]
|callback|decision
|
|switch|p2a: Breloom|Breloom, F|262\/262
|-damage|p2a: Breloom|246\/262|[from] Stealth Rock
|
|-heal|p1a: Hydreigon|238\/326|[from] item: Leftovers
|turn|10
|callback|decision
|
|move|p2a: Breloom|Force Palm|p1a: Hydreigon
|-supereffective|p1a: Hydreigon
|-end|p1a: Hydreigon|Substitute
|move|p1a: Hydreigon|Fire Blast|p2a: Breloom
|-crit|p2a: Breloom
|-supereffective|p2a: Breloom
|-damage|p2a: Breloom|0 fnt
|faint|p2a: Breloom
|
|-heal|p1a: Hydreigon|258\/326|[from] item: Leftovers
|callback|decision
|
|switch|p2a: Scizor|Scizor, M|343\/343
|-damage|p2a: Scizor|301\/343|[from] Stealth Rock
|turn|11
|callback|decision
|
|switch|p2a: Mandibuzz|Mandibuzz, F|160\/423
|-damage|p2a: Mandibuzz|55\/423|[from] Stealth Rock
|move|p1a: Hydreigon|Fire Blast|p2a: Mandibuzz|[miss]
|-miss|p1a: Hydreigon|p2a: Mandibuzz
|
|-heal|p1a: Hydreigon|278\/326|[from] item: Leftovers
|-heal|p2a: Mandibuzz|81\/423|[from] item: Leftovers
|turn|12
|callback|decision
|
|move|p1a: Hydreigon|Fire Blast|p2a: Mandibuzz
|-damage|p2a: Mandibuzz|0 fnt
|faint|p2a: Mandibuzz
|
|-heal|p1a: Hydreigon|298\/326|[from] item: Leftovers
|callback|decision
|chat|Tradekaiser|OH THE HAX
|
|switch|p2a: Rotom-Wash|Rotom-Wash|120\/304
|-damage|p2a: Rotom-Wash|82\/304|[from] Stealth Rock
|turn|13
|callback|decision
|chat|N199ER5|it's okay though
|
|move|p1a: Hydreigon|Substitute|p1a: Hydreigon
|-start|p1a: Hydreigon|Substitute
|-damage|p1a: Hydreigon|217\/326
|move|p2a: Rotom-Wash|Rest|p2a: Rotom-Wash
|-status|p2a: Rotom-Wash|slp
|-heal|p2a: Rotom-Wash|304\/304 slp|[silent]
|-status|p2a: Rotom-Wash|slp|[from] move: Rest
|-enditem|p2a: Rotom-Wash|Chesto Berry|[eat]
|-curestatus|p2a: Rotom-Wash|slp
|
|-heal|p1a: Hydreigon|237\/326|[from] item: Leftovers
|turn|14
|callback|decision
|
|switch|p2a: Scizor|Scizor, M|301\/343
|-damage|p2a: Scizor|259\/343|[from] Stealth Rock
|move|p1a: Hydreigon|Dark Pulse|p2a: Scizor
|-damage|p2a: Scizor|87\/343
|
|-heal|p1a: Hydreigon|257\/326|[from] item: Leftovers
|turn|15
|callback|decision
|
|move|p1a: Hydreigon|Dark Pulse|p2a: Scizor
|-damage|p2a: Scizor|0 fnt
|faint|p2a: Scizor
|
|-heal|p1a: Hydreigon|277\/326|[from] item: Leftovers
|callback|decision
|
|switch|p2a: Charizard|Charizard, F|297\/297
|-damage|p2a: Charizard|149\/297|[from] Stealth Rock
|turn|16
|callback|decision
|
|move|p2a: Charizard|Roost|p2a: Charizard
|-heal|p2a: Charizard|297\/297
|move|p1a: Hydreigon|Dark Pulse|p2a: Charizard
|-damage|p2a: Charizard|113\/297
|
|-heal|p1a: Hydreigon|297\/326|[from] item: Leftovers
|turn|17
|callback|decision
|
|move|p2a: Charizard|Roost|p2a: Charizard
|-heal|p2a: Charizard|262\/297
|move|p1a: Hydreigon|Dark Pulse|p2a: Charizard
|-damage|p2a: Charizard|73\/297
|
|-heal|p1a: Hydreigon|317\/326|[from] item: Leftovers
|turn|18
|callback|decision
|
|move|p2a: Charizard|Roost|p2a: Charizard
|-heal|p2a: Charizard|222\/297
|move|p1a: Hydreigon|Dark Pulse|p2a: Charizard
|-crit|p2a: Charizard
|-damage|p2a: Charizard|0 fnt
|faint|p2a: Charizard
|
|-heal|p1a: Hydreigon|326\/326|[from] item: Leftovers
|callback|decision
|chat|N199ER5|what were you trying to achieve
|
|switch|p2a: Gengar|Gengar, M|261\/261
|-damage|p2a: Gengar|229\/261|[from] Stealth Rock
|turn|19
|callback|decision
|
|move|p2a: Gengar|Focus Blast|p1a: Hydreigon|[miss]
|-miss|p2a: Gengar|p1a: Hydreigon
|move|p1a: Hydreigon|Dark Pulse|p2a: Gengar
|-supereffective|p2a: Gengar
|-damage|p2a: Gengar|0 fnt
|faint|p2a: Gengar
|
|callback|decision
|
|switch|p2a: Rotom-Wash|Rotom-Wash|304\/304
|-damage|p2a: Rotom-Wash|266\/304|[from] Stealth Rock
|turn|20
|callback|decision
|
|move|p1a: Hydreigon|Dark Pulse|p2a: Rotom-Wash
|-damage|p2a: Rotom-Wash|116\/304
|move|p2a: Rotom-Wash|Hydro Pump|p1a: Hydreigon
|-resisted|p1a: Hydreigon
|-activate|p1a: Hydreigon|Substitute|[damage]
|
|turn|21
|callback|decision
|
|move|p1a: Hydreigon|Dark Pulse|p2a: Rotom-Wash
|-damage|p2a: Rotom-Wash|0 fnt
|faint|p2a: Rotom-Wash
|
|win|N199ER5
|raw|Ladder updating...
|raw|N199ER5's rating: 1801 &rarr; <strong>1805<\/strong><br \/>(+4 for winning)
|raw|Tradekaiser's rating: 1700 &rarr; <strong>1698<\/strong><br \/>(-2 for losing)
|leave|Tradekaiser
|player|p2