|join|paulydoregon2
|join|Tradekaiser
|player|p1|paulydoregon2|284
|player|p2|Tradekaiser|170
|gametype|singles
|tier|OU (beta)
|rated
|rule|Evasion Abilities Clause: Evasion abilities are banned
|clearpoke
|poke|p1|Greninja, M, shiny
|poke|p1|Espeon, M, shiny
|poke|p1|Pinsir, F, shiny
|poke|p1|Galvantula, M, shiny
|poke|p1|Charizard, F, shiny
|poke|p1|Aegislash, F, shiny
|poke|p2|Garchomp, F
|poke|p2|Tyranitar, F
|poke|p2|Trevenant, M
|poke|p2|Scolipede, F
|poke|p2|Aegislash, F
|poke|p2|Rotom-Wash
|rule|Sleep Clause Mod: Limit one foe put to sleep
|rule|Species Clause: Limit one of each Pokemon
|rule|OHKO Clause: OHKO moves are banned
|rule|Moody Clause: Moody is banned
|rule|Evasion Moves Clause: Evasion moves are banned
|rule|HP Percentage Mod: HP is reported as percentages
|teampreview
|callback|decision
|chat|paulydoregon2|glhf
|
|start
|switch|p1a: Galvantula|Galvantula, M, shiny|281\/281
|switch|p2a: Trevenant|Trevenant, M|374\/374
|turn|1
|callback|decision
|
|move|p1a: Galvantula|Sticky Web|p2a: Trevenant
|-sidestart|p2: Tradekaiser|move: Sticky Web
|move|p2a: Trevenant|Will-O-Wisp|p1a: Galvantula
|-status|p1a: Galvantula|brn
|
|-damage|p1a: Galvantula|246\/281 brn|[from] brn
|turn|2
|callback|decision
|
|move|p1a: Galvantula|Bug Buzz|p2a: Trevenant
|-damage|p2a: Trevenant|274\/374
|move|p2a: Trevenant|Leech Seed|p1a: Galvantula
|-start|p1a: Galvantula|move: Leech Seed
|
|-heal|p2a: Trevenant|297\/374|[from] item: Leftovers
|-damage|p1a: Galvantula|211\/281 brn|[from] Leech Seed|[of] p2a: Trevenant
|-heal|p2a: Trevenant|332\/374|[silent]
|-damage|p1a: Galvantula|176\/281 brn|[from] brn
|turn|3
|callback|decision
|
|switch|p1a: Espeon|Espeon, M, shiny|272\/272
|move|p2a: Trevenant|Substitute|p2a: Trevenant
|-start|p2a: Trevenant|Substitute
|-damage|p2a: Trevenant|239\/374
|
|-heal|p2a: Trevenant|262\/374|[from] item: Leftovers
|turn|4
|callback|decision
|
|move|p1a: Espeon|Hidden Power|p2a: Trevenant
|-supereffective|p2a: Trevenant
|-end|p2a: Trevenant|Substitute
|move|p2a: Trevenant|Shadow Claw|p1a: Espeon
|-supereffective|p1a: Espeon
|-enditem|p1a: Espeon|Focus Sash
|-damage|p1a: Espeon|1\/272
|
|-heal|p2a: Trevenant|285\/374|[from] item: Leftovers
|turn|5
|callback|decision
|
|move|p1a: Espeon|Hidden Power|p2a: Trevenant
|-supereffective|p2a: Trevenant
|-damage|p2a: Trevenant|165\/374
|move|p2a: Trevenant|Shadow Claw|p1a: Espeon
|-supereffective|p1a: Espeon
|-damage|p1a: Espeon|0 fnt
|faint|p1a: Espeon
|
|-heal|p2a: Trevenant|188\/374|[from] item: Leftovers
|callback|decision
|
|switch|p1a: Greninja|Greninja, M, shiny|286\/286
|turn|6
|callback|decision
|
|switch|p2a: Rotom-Wash|Rotom-Wash|299\/299
|-start|p1a: Greninja|typechange|Ice|[from] Protean
|move|p1a: Greninja|Ice Beam|p2a: Rotom-Wash
|-resisted|p2a: Rotom-Wash
|-damage|p2a: Rotom-Wash|227\/299
|
|-heal|p2a: Rotom-Wash|245\/299|[from] item: Leftovers
|turn|7
|callback|decision
|
|-start|p1a: Greninja|typechange|Grass|[from] Protean
|move|p1a: Greninja|Grass Knot|p2a: Rotom-Wash
|-supereffective|p2a: Rotom-Wash
|-damage|p2a: Rotom-Wash|183\/299
|move|p2a: Rotom-Wash|Hydro Pump|p1a: Greninja|[miss]
|-miss|p2a: Rotom-Wash|p1a: Greninja
|
|-heal|p2a: Rotom-Wash|201\/299|[from] item: Leftovers
|turn|8
|callback|decision
|
|-start|p1a: Greninja|typechange|Ice|[from] Protean
|move|p1a: Greninja|Ice Beam|p2a: Rotom-Wash
|-resisted|p2a: Rotom-Wash
|-damage|p2a: Rotom-Wash|126\/299
|move|p2a: Rotom-Wash|Will-O-Wisp|p1a: Greninja
|-status|p1a: Greninja|brn
|
|-heal|p2a: Rotom-Wash|144\/299|[from] item: Leftovers
|-damage|p1a: Greninja|251\/286 brn|[from] brn
|turn|9
|callback|decision
|
|move|p1a: Greninja|Ice Beam|p2a: Rotom-Wash
|-resisted|p2a: Rotom-Wash
|-damage|p2a: Rotom-Wash|69\/299
|move|p2a: Rotom-Wash|Volt Switch|p1a: Greninja
|-damage|p1a: Greninja|115\/286 brn
|callback|decision
|
|switch|p2a: Tyranitar|Tyranitar, F|341\/341
|-unboost|p2a: Tyranitar|spe|1
|-weather|Sandstorm
|
|-weather|Sandstorm|[upkeep]
|-damage|p1a: Greninja|98\/286 brn|[from] sandstorm
|-damage|p1a: Greninja|63\/286 brn|[from] brn
|turn|10
|callback|decision
|
|-start|p1a: Greninja|typechange|Grass|[from] Protean
|move|p1a: Greninja|Grass Knot|p2a: Tyranitar
|-supereffective|p2a: Tyranitar
|-damage|p2a: Tyranitar|87\/341
|move|p2a: Tyranitar|Stealth Rock|p1a: Greninja
|-sidestart|p1: paulydoregon2|move: Stealth Rock
|
|-weather|Sandstorm|[upkeep]
|-damage|p1a: Greninja|46\/286 brn|[from] sandstorm
|-damage|p1a: Greninja|11\/286 brn|[from] brn
|turn|11
|callback|decision
|
|move|p1a: Greninja|Grass Knot|p2a: Tyranitar
|-supereffective|p2a: Tyranitar
|-damage|p2a: Tyranitar|0 fnt
|faint|p2a: Tyranitar
|
|-weather|Sandstorm|[upkeep]
|-damage|p1a: Greninja|0 fnt|[from] sandstorm
|faint|p1a: Greninja
|callback|decision
|
|switch|p2a: Garchomp|Garchomp, F|358\/358
|-unboost|p2a: Garchomp|spe|1
|switch|p1a: Pinsir|Pinsir, F, shiny|334\/334
|-damage|p1a: Pinsir|251\/334|[from] Stealth Rock
|turn|12
|callback|decision
|
|-formechange|p2a: Garchomp|Garchomp-Mega
|message|Garchomp has Mega Evolved into Mega Garchomp!
|move|p2a: Garchomp|Stone Edge|p1a: Pinsir|[miss]
|-miss|p2a: Garchomp|p1a: Pinsir
|move|p1a: Pinsir|Swords Dance|p1a: Pinsir
|-boost|p1a: Pinsir|atk|2
|
|-weather|Sandstorm|[upkeep]
|-damage|p1a: Pinsir|231\/334|[from] sandstorm
|turn|13
|callback|decision
|
|-formechange|p1a: Pinsir|Pinsir-Mega
|message|Pinsir has Mega Evolved into Mega Pinsir!
|move|p2a: Garchomp|Stone Edge|p1a: Pinsir|[miss]
|-miss|p2a: Garchomp|p1a: Pinsir
|move|p1a: Pinsir|X-Scissor|p2a: Garchomp
|-damage|p2a: Garchomp|61\/358
|
|-weather|none
|turn|14
|callback|decision
|
|move|p1a: Pinsir|Quick Attack|p2a: Garchomp
|-damage|p2a: Garchomp|0 fnt
|faint|p2a: Garchomp
|
|callback|decision
|
|switch|p2a: Aegislash|Aegislash, F|324\/324
|-unboost|p2a: Aegislash|spe|1
|turn|15
|callback|decision
|chat|Tradekaiser|got lucky twie
|
|move|p2a: Aegislash|King's Shield|p2a: Aegislash
|-singleturn|p2a: Aegislash|King's Shield
|move|p1a: Pinsir|Swords Dance|p1a: Pinsir
|-boost|p1a: Pinsir|atk|2
|
|turn|16
|callback|decision
|
|move|p2a: Aegislash|King's Shield|p2a: Aegislash
|-fail|p2a: Aegislash
|move|p1a: Pinsir|Quick Attack|p2a: Aegislash
|-resisted|p2a: Aegislash
|-damage|p2a: Aegislash|196\/324
|
|-heal|p2a: Aegislash|216\/324|[from] item: Leftovers
|turn|17
|callback|decision
|
|move|p1a: Pinsir|Swords Dance|p1a: Pinsir
|-boost|p1a: Pinsir|atk|2
|move|p2a: Aegislash|Swords Dance|p2a: Aegislash
|-boost|p2a: Aegislash|atk|2
|
|-heal|p2a: Aegislash|236\/324|[from] item: Leftovers
|turn|18
|callback|decision
|
|move|p2a: Aegislash|King's Shield|p2a: Aegislash
|-singleturn|p2a: Aegislash|King's Shield
|move|p1a: Pinsir|Swords Dance|p1a: Pinsir
|-fail|p1a: Pinsir
|
|-heal|p2a: Aegislash|256\/324|[from] item: Leftovers
|turn|19
|callback|decision
|
|move|p2a: Aegislash|King's Shield|p2a: Aegislash
|-fail|p2a: Aegislash
|move|p1a: Pinsir|Quick Attack|p2a: Aegislash
|-resisted|p2a: Aegislash
|-damage|p2a: Aegislash|98\/324
|
|-heal|p2a: Aegislash|118\/324|[from] item: Leftovers
|turn|20
|callback|decision
|
|move|p1a: Pinsir|Quick Attack|p2a: Aegislash
|-resisted|p2a: Aegislash
|-damage|p2a: Aegislash|0 fnt
|faint|p2a: Aegislash
|
|callback|decision
|
|switch|p2a: Rotom-Wash|Rotom-Wash|69\/299
|turn|21
|callback|decision
|
|move|p1a: Pinsir|Quick Attack|p2a: Rotom-Wash
|-resisted|p2a: Rotom-Wash
|-damage|p2a: Rotom-Wash|0 fnt
|faint|p2a: Rotom-Wash
|
|callback|decision
|
|switch|p2a: Trevenant|Trevenant, M|188\/374
|-unboost|p2a: Trevenant|spe|1
|turn|22
|callback|decision
|
|move|p1a: Pinsir|Quick Attack|p2a: Trevenant
|-supereffective|p2a: Trevenant
|-damage|p2a: Trevenant|0 fnt
|faint|p2a: Trevenant
|
|callback|decision
|-message|Tradekaiser forfeited.
|
|win|paulydoregon2
|raw|Ladder updating...
|leave|Tradekaiser
|player|p2
|raw|paulydoregon2's rating: 1645 &rarr; <strong>1649<\/strong><br \/>(+4 for winning)
|raw|Tradekaiser's rating: 1662 &rarr; <strong>1635<\/strong><br \/>(-27 for losing)