|join|Pichichi
|join|Tradekaiser
|player|p1|Pichichi|163
|player|p2|Tradekaiser|170
|gametype|singles
|gen|6
|tier|OU (suspect test)
|rated
|clearpoke
|poke|p1|Gyarados, M, shiny
|poke|p1|Latias, F, shiny
|poke|p1|Landorus, M
|poke|p1|Heatran, M
|poke|p1|Toxicroak, M
|poke|p1|Sylveon, F, shiny
|poke|p2|Sceptile, F
|poke|p2|Talonflame, F
|poke|p2|Rotom-Wash
|poke|p2|Conkeldurr, M
|poke|p2|Latias, F
|poke|p2|Skarmory, M
|rule|Swagger Clause: Swagger is banned
|rule|Baton Pass Clause: Limit one PokÃ©mon knowing Baton Pass
|rule|Sleep Clause Mod: Limit one foe put to sleep
|rule|Species Clause: Limit one of each PokÃ©mon
|rule|OHKO Clause: OHKO moves are banned
|rule|Moody Clause: Moody is banned
|rule|Evasion Moves Clause: Evasion moves are banned
|rule|Endless Battle Clause: Forcing endless battles is banned
|rule|HP Percentage Mod: HP is shown in percentages
|teampreview
|
|start
|switch|p1a: Heatran|Heatran, M|385\/385
|switch|p2a: Skarmory|Skarmory, M|334\/334
|turn|1
|
|switch|p2a: Conkeldurr|Conkeldurr, M|351\/351
|move|p1a: Heatran|Taunt|p2a: Conkeldurr
|-start|p2a: Conkeldurr|move: Taunt
|
|turn|2
|
|switch|p1a: Pixel|Sylveon, F, shiny|394\/394
|move|p2a: Conkeldurr|Knock Off|p1a: Pixel
|-resisted|p1a: Pixel
|-damage|p1a: Pixel|329\/394
|-enditem|p1a: Pixel|Leftovers|[from] move: Knock Off|[of] p2a: Conkeldurr
|
|turn|3
|
|switch|p2a: Skarmory|Skarmory, M|334\/334
|move|p1a: Pixel|Wish|p1a: Pixel
|
|turn|4
|
|switch|p1a: Heatran|Heatran, M|385\/385
|move|p2a: Skarmory|Stealth Rock|p1a: Heatran
|-sidestart|p1: Pichichi|move: Stealth Rock
|
|turn|5
|
|move|p1a: Heatran|Roar|p2a: Skarmory
|drag|p2a: Talonflame|Talonflame, F|297\/297
|
|turn|6
|
|switch|p2a: Conkeldurr|Conkeldurr, M|351\/351
|move|p1a: Heatran|Stealth Rock|p2a: Conkeldurr
|-sidestart|p2: Tradekaiser|move: Stealth Rock
|
|turn|7
|
|switch|p1a: Pixel|Sylveon, F, shiny|329\/394
|-damage|p1a: Pixel|280\/394|[from] Stealth Rock
|move|p2a: Conkeldurr|Drain Punch|p1a: Pixel
|-resisted|p1a: Pixel
|-damage|p1a: Pixel|204\/394
|
|turn|8
|
|move|p1a: Pixel|Wish|p1a: Pixel
|move|p2a: Conkeldurr|Ice Punch|p1a: Pixel
|-crit|p1a: Pixel
|-damage|p1a: Pixel|43\/394
|
|turn|9
|
|move|p1a: Pixel|Protect|p1a: Pixel
|-singleturn|p1a: Pixel|Protect
|move|p2a: Conkeldurr|Drain Punch|p1a: Pixel
|-activate|p1a: Pixel|Protect
|
|-heal|p1a: Pixel|240\/394|[from] move: Wish|[wisher] Pixel
|turn|10
|
|switch|p2a: Skarmory|Skarmory, M|334\/334
|-damage|p2a: Skarmory|293\/334|[from] Stealth Rock
|move|p1a: Pixel|Wish|p1a: Pixel
|
|turn|11
|
|move|p2a: Skarmory|Roost|p2a: Skarmory
|-heal|p2a: Skarmory|334\/334
|move|p1a: Pixel|Hyper Voice|p2a: Skarmory
|-resisted|p2a: Skarmory
|-damage|p2a: Skarmory|231\/334
|
|-heal|p1a: Pixel|394\/394|[from] move: Wish|[wisher] Pixel
|turn|12
|
|switch|p1a: Heatran|Heatran, M|385\/385
|-damage|p1a: Heatran|337\/385|[from] Stealth Rock
|move|p2a: Skarmory|Roost|p2a: Skarmory
|-heal|p2a: Skarmory|334\/334
|
|-heal|p1a: Heatran|361\/385|[from] item: Leftovers
|turn|13
|
|switch|p1a: Latias|Latias, F, shiny|322\/322
|-damage|p1a: Latias|282\/322|[from] Stealth Rock
|move|p2a: Skarmory|Whirlwind|p1a: Latias
|drag|p1a: Heatran|Heatran, M|361\/385
|-damage|p1a: Heatran|313\/385|[from] Stealth Rock
|
|-heal|p1a: Heatran|337\/385|[from] item: Leftovers
|turn|14
|
|switch|p2a: Conkeldurr|Conkeldurr, M|351\/351
|-damage|p2a: Conkeldurr|330\/351|[from] Stealth Rock
|move|p1a: Heatran|Lava Plume|p2a: Conkeldurr
|-damage|p2a: Conkeldurr|251\/351
|-status|p2a: Conkeldurr|brn
|
|-heal|p1a: Heatran|361\/385|[from] item: Leftovers
|-damage|p2a: Conkeldurr|208\/351 brn|[from] brn
|turn|15
|
|switch|p1a: Pixel|Sylveon, F, shiny|394\/394
|-damage|p1a: Pixel|345\/394|[from] Stealth Rock
|move|p2a: Conkeldurr|Drain Punch|p1a: Pixel
|-resisted|p1a: Pixel
|-damage|p1a: Pixel|240\/394
|-heal|p2a: Conkeldurr|261\/351 brn|[from] drain|[of] p1a: Pixel
|
|-damage|p2a: Conkeldurr|218\/351 brn|[from] brn
|turn|16
|
|switch|p2a: Talonflame|Talonflame, F|297\/297
|-damage|p2a: Talonflame|149\/297|[from] Stealth Rock
|move|p1a: Pixel|Protect|p1a: Pixel
|-fail|p1a: Pixel
|
|turn|17
|
|switch|p1a: Heatran|Heatran, M|361\/385
|-damage|p1a: Heatran|313\/385|[from] Stealth Rock
|move|p2a: Talonflame|Roost|p2a: Talonflame
|-heal|p2a: Talonflame|297\/297
|
|-heal|p1a: Heatran|337\/385|[from] item: Leftovers
|turn|18
|
|switch|p2a: Rotom-Wash|Rotom-Wash|303\/303
|-damage|p2a: Rotom-Wash|266\/303|[from] Stealth Rock
|move|p1a: Heatran|Roar|p2a: Rotom-Wash
|drag|p2a: Sceptile|Sceptile, F|281\/281
|-damage|p2a: Sceptile|246\/281|[from] Stealth Rock
|
|-heal|p1a: Heatran|361\/385|[from] item: Leftovers
|turn|19
|
|detailschange|p2a: Sceptile|Sceptile-Mega, F
|-mega|p2a: Sceptile|Sceptile|Sceptilite
|move|p2a: Sceptile|Focus Blast|p1a: Heatran
|-supereffective|p1a: Heatran
|-damage|p1a: Heatran|121\/385
|move|p1a: Heatran|Lava Plume|p2a: Sceptile
|-damage|p2a: Sceptile|111\/281
|
|-heal|p1a: Heatran|145\/385|[from] item: Leftovers
|turn|20
|
|switch|p1a: Pixel|Sylveon, F, shiny|240\/394
|-damage|p1a: Pixel|191\/394|[from] Stealth Rock
|move|p2a: Sceptile|Focus Blast|p1a: Pixel|[miss]
|-miss|p2a: Sceptile|p1a: Pixel
|
|turn|21
|
|move|p2a: Sceptile|Leaf Storm|p1a: Pixel
|-damage|p1a: Pixel|13\/394
|-unboost|p2a: Sceptile|spa|2
|move|p1a: Pixel|Wish|p1a: Pixel
|
|turn|22
|
|move|p1a: Pixel|Protect|p1a: Pixel
|-singleturn|p1a: Pixel|Protect
|move|p2a: Sceptile|Hidden Power|p1a: Pixel
|-activate|p1a: Pixel|Protect
|
|-heal|p1a: Pixel|210\/394|[from] move: Wish|[wisher] Pixel
|turn|23
|
|switch|p2a: Rotom-Wash|Rotom-Wash|266\/303
|-damage|p2a: Rotom-Wash|229\/303|[from] Stealth Rock
|move|p1a: Pixel|Wish|p1a: Pixel
|
|-heal|p2a: Rotom-Wash|247\/303|[from] item: Leftovers
|turn|24
|
|switch|p1a: Heatran|Heatran, M|145\/385
|-damage|p1a: Heatran|97\/385|[from] Stealth Rock
|move|p2a: Rotom-Wash|Will-O-Wisp|p1a: Heatran
|-start|p1a: Heatran|ability: Flash Fire
|
|-heal|p1a: Heatran|294\/385|[from] move: Wish|[wisher] Pixel
|-heal|p1a: Heatran|318\/385|[from] item: Leftovers
|-heal|p2a: Rotom-Wash|265\/303|[from] item: Leftovers
|turn|25
|
|switch|p1a: Toxicroak|Toxicroak, M|307\/307
|-damage|p1a: Toxicroak|288\/307|[from] Stealth Rock
|move|p2a: Rotom-Wash|Hydro Pump|p1a: Toxicroak
|-heal|p1a: Toxicroak|307\/307|[from] ability: Dry Skin|[of] p2a: Rotom-Wash
|
|-heal|p2a: Rotom-Wash|283\/303|[from] item: Leftovers
|turn|26
|
|switch|p1a: Pixel|Sylveon, F, shiny|210\/394
|-damage|p1a: Pixel|161\/394|[from] Stealth Rock
|move|p2a: Rotom-Wash|Will-O-Wisp|p1a: Pixel
|-status|p1a: Pixel|brn
|
|-heal|p2a: Rotom-Wash|301\/303|[from] item: Leftovers
|-damage|p1a: Pixel|112\/394 brn|[from] brn
|turn|27
|
|move|p2a: Rotom-Wash|Volt Switch|p1a: Pixel
|-damage|p1a: Pixel|51\/394 brn
|
|switch|p2a: Talonflame|Talonflame, F|297\/297
|-damage|p2a: Talonflame|149\/297|[from] Stealth Rock
|move|p1a: Pixel|Wish|p1a: Pixel
|
|-damage|p1a: Pixel|2\/394 brn|[from] brn
|turn|28
|
|move|p2a: Talonflame|Brave Bird|p1a: Pixel
|-damage|p1a: Pixel|0 fnt
|-damage|p2a: Talonflame|148\/297|[from] recoil|[of] p1a: Pixel
|faint|p1a: Pixel
|
|
|switch|p1a: Heatran|Heatran, M|318\/385
|-damage|p1a: Heatran|270\/385|[from] Stealth Rock
|turn|29
|
|switch|p2a: Latias|Latias, F|319\/319
|-damage|p2a: Latias|280\/319|[from] Stealth Rock
|move|p1a: Heatran|Taunt|p2a: Latias
|-start|p2a: Latias|move: Taunt
|
|-heal|p1a: Heatran|294\/385|[from] item: Leftovers
|turn|30
|
|switch|p2a: Rotom-Wash|Rotom-Wash|301\/303
|-damage|p2a: Rotom-Wash|264\/303|[from] Stealth Rock
|move|p1a: Heatran|Roar|p2a: Rotom-Wash
|drag|p2a: Sceptile|Sceptile-Mega, F|111\/281
|-damage|p2a: Sceptile|76\/281|[from] Stealth Rock
|
|-heal|p1a: Heatran|318\/385|[from] item: Leftovers
|turn|31
|
|move|p2a: Sceptile|Focus Blast|p1a: Heatran|[miss]
|-miss|p2a: Sceptile|p1a: Heatran
|move|p1a: Heatran|Lava Plume|p2a: Sceptile
|-crit|p2a: Sceptile
|-damage|p2a: Sceptile|0 fnt
|faint|p2a: Sceptile
|
|-heal|p1a: Heatran|342\/385|[from] item: Leftovers
|
|switch|p2a: Latias|Latias, F|280\/319
|-damage|p2a: Latias|241\/319|[from] Stealth Rock
|turn|32
|
|move|p2a: Latias|Defog|p1a: Heatran
|-unboost|p1a: Heatran|evasion|1
|-sideend|p1: Pichichi|Stealth Rock|[from] move: Defog|[of] p1a: Heatran
|-sideend|p2: Tradekaiser|Stealth Rock|[from] move: Defog|[of] p2a: Latias
|move|p1a: Heatran|Stealth Rock|p2a: Latias
|-sidestart|p2: Tradekaiser|move: Stealth Rock
|
|-heal|p1a: Heatran|366\/385|[from] item: Leftovers
|turn|33
|c|âPichichi|trolololo
|c|âPichichi|xr
|c|âTradekaiser|excuse me while i write to gamefreak on why did they make focus blast the move with terrible accuracy for everyone to hate
|
|move|p2a: Latias|Defog|p1a: Heatran
|-unboost|p1a: Heatran|evasion|1
|-sideend|p2: Tradekaiser|Stealth Rock|[from] move: Defog|[of] p2a: Latias
|move|p1a: Heatran|Stealth Rock|p2a: Latias
|-sidestart|p2: Tradekaiser|move: Stealth Rock
|
|-heal|p1a: Heatran|385\/385|[from] item: Leftovers
|turn|34
|
|switch|p2a: Conkeldurr|Conkeldurr, M|218\/351 brn
|-damage|p2a: Conkeldurr|197\/351 brn|[from] Stealth Rock
|move|p1a: Heatran|Stealth Rock|p2a: Conkeldurr
|-fail|p2a: Conkeldurr
|
|-damage|p2a: Conkeldurr|154\/351 brn|[from] brn
|turn|35
|
|switch|p1a: KarpStyle|Gyarados, M, shiny|333\/333
|-ability|p1a: KarpStyle|Intimidate|[of] p2a: Conkeldurr
|-unboost|p2a: Conkeldurr|atk|1
|move|p2a: Conkeldurr|Knock Off|p1a: KarpStyle
|-damage|p1a: KarpStyle|217\/333
|
|-damage|p2a: Conkeldurr|111\/351 brn|[from] brn
|turn|36
|
|move|p1a: KarpStyle|Waterfall|p2a: Conkeldurr
|-damage|p2a: Conkeldurr|0 fnt
|faint|p2a: Conkeldurr
|
|
|switch|p2a: Rotom-Wash|Rotom-Wash|264\/303
|-damage|p2a: Rotom-Wash|227\/303|[from] Stealth Rock
|turn|37
|
|switch|p1a: Landorus|Landorus, M|319\/319
|move|p2a: Rotom-Wash|Will-O-Wisp|p1a: Landorus
|-status|p1a: Landorus|brn
|
|-heal|p2a: Rotom-Wash|245\/303|[from] item: Leftovers
|-damage|p1a: Landorus|280\/319 brn|[from] brn
|turn|38
|
|move|p1a: Landorus|Psychic|p2a: Rotom-Wash
|-damage|p2a: Rotom-Wash|88\/303
|move|p2a: Rotom-Wash|Hydro Pump|p1a: Landorus
|-supereffective|p1a: Landorus
|-damage|p1a: Landorus|0 fnt
|faint|p1a: Landorus
|
|-heal|p2a: Rotom-Wash|106\/303|[from] item: Leftovers
|
|switch|p1a: KarpStyle|Gyarados, M, shiny|217\/333
|-ability|p1a: KarpStyle|Intimidate|[of] p2a: Rotom-Wash
|-unboost|p2a: Rotom-Wash|atk|1
|turn|39
|
|detailschange|p1a: KarpStyle|Gyarados-Mega, M, shiny
|-mega|p1a: KarpStyle|Gyarados|Gyaradosite
|-ability|p1a: KarpStyle|Mold Breaker
|move|p1a: KarpStyle|Crunch|p2a: Rotom-Wash
|-damage|p2a: Rotom-Wash|0 fnt
|faint|p2a: Rotom-Wash
|
|
|switch|p2a: Latias|Latias, F|241\/319
|-damage|p2a: Latias|202\/319|[from] Stealth Rock
|turn|40
|
|move|p2a: Latias|Draco Meteor|p1a: KarpStyle
|-damage|p1a: KarpStyle|9\/333
|-unboost|p2a: Latias|spa|2
|-damage|p2a: Latias|171\/319|[from] item: Life Orb
|move|p1a: KarpStyle|Dragon Dance|p1a: KarpStyle
|-boost|p1a: KarpStyle|atk|1
|-boost|p1a: KarpStyle|spe|1
|
|turn|41
|c|âPichichi|gg
|
|move|p1a: KarpStyle|Crunch|p2a: Latias
|-supereffective|p2a: Latias
|-damage|p2a: Latias|0 fnt
|faint|p2a: Latias
|
|
|switch|p2a: Skarmory|Skarmory, M|334\/334
|-damage|p2a: Skarmory|293\/334|[from] Stealth Rock
|turn|42
|c|âTradekaiser|gg
|
|move|p1a: KarpStyle|Waterfall|p2a: Skarmory
|-damage|p2a: Skarmory|163\/334
|-damage|p1a: KarpStyle|0 fnt|[from] item: Rocky Helmet|[of] p2a: Skarmory
|faint|p1a: KarpStyle
|move|p2a: Skarmory|Brave Bird|p1: KarpStyle|[notarget]
|-notarget
|
|
|switch|p1a: Heatran|Heatran, M|385\/385
|turn|43
|
|move|p1a: Heatran|Lava Plume|p2a: Skarmory
|-crit|p2a: Skarmory
|-supereffective|p2a: Skarmory
|-damage|p2a: Skarmory|0 fnt
|faint|p2a: Skarmory
|
|
|switch|p2a: Talonflame|Talonflame, F|148\/297
|-damage|p2a: Talonflame|0 fnt|[from] Stealth Rock
|faint|p2a: Talonflame
|
|win|Pichichi
|raw|Ladder updating...
|raw|Pichichi's rating: 1311 &rarr; <strong>1330<\/strong><br \/>(+19 for winning)
|raw|Tradekaiser's rating: 1302 &rarr; <strong>1283<\/strong><br \/>(-19 for losing)
|leave|Tradekaiser
|player|p2