|join|Scarf Shuckle
|join|Tradekaiser
|player|p1|Scarf Shuckle|153
|player|p2|Tradekaiser|1
|gametype|doubles
|tier|Smogon Doubles
|clearpoke
|poke|p1|Galvantula, F
|poke|p1|Scizor, M
|poke|p1|Shedinja
|poke|p1|Heracross, M
|poke|p1|Volcarona, F
|poke|p1|Forretress, F
|poke|p2|Whimsicott, F
|poke|p2|Lucario, M
|poke|p2|Starmie
|poke|p2|Garchomp, M
|poke|p2|Staraptor, M
|poke|p2|Blissey, F
|rule|Sleep Clause: Limit one foe put to sleep
|rule|Species Clause: Limit one of each Pokemon
|rule|OHKO Clause: OHKO moves are banned
|rule|Moody Clause: Moody is banned
|rule|Evasion Moves Clause: Evasion moves are banned
|rule|Evasion Abilities Clause: Evasion abilities are banned
|teampreview
|callback|decision
|chat|Scarf Shuckle|whats this.
|chat|Scarf Shuckle|YOU COPYCAT
|chat|Scarf Shuckle|YOU STOLE MY STARAPTOR
|chat|Scarf Shuckle|PLUS THIS DOESNT COUNT
|chat|Scarf Shuckle|LETS DS WIFI
|chat|Scarf Shuckle|EH YOU CAN TALK OR NOT
|
|start
|switch|p1a: Heracross|Heracross, M|302\/302
|switch|p1b: Galvantula|Galvantula, F|281\/281
|switch|p2a: WhimScott|Whimsicott, F|324\/324
|switch|p2b: Lucas|Lucario, M|281\/281
|turn|1
|callback|decision
|chat|Tradekaiser|after this
|chat|Scarf Shuckle|I SEE WHAT YOU DID THERE MELVIN
|chat|Scarf Shuckle|BEAT UP HUH
|
|move|p1a: Heracross|Close Combat|p2b: Lucas
|-supereffective|p2b: Lucas
|-damage|p2b: Lucas|0 fnt
|-unboost|p1a: Heracross|def|1
|-unboost|p1a: Heracross|spd|1
|faint|p2b: Lucas
|-boost|p1a: Heracross|atk|1|[from] ability: Moxie
|move|p2a: WhimScott|Beat Up|p1b: Galvantula
|-damage|p1b: Galvantula|270\/281
|-damage|p1b: Galvantula|258\/281
|-damage|p1b: Galvantula|241\/281
|-damage|p1b: Galvantula|225\/281
|-damage|p1b: Galvantula|219\/281
|-hitcount|p1b: Galvantula|5
|move|p1b: Galvantula|Bug Buzz|p2a: WhimScott
|-supereffective|p2a: WhimScott
|-enditem|p2a: WhimScott|Focus Sash
|-damage|p2a: WhimScott|1\/324
|-damage|p1b: Galvantula|191\/281|[from] item: Life Orb
|
|callback|decision
|chat|Scarf Shuckle|THAT NOT WORKIN ON ME BRO
|chat|Scarf Shuckle|lol.
|
|switch|p2b: Blissey|Blissey, F|652\/652
|turn|2
|callback|decision
|
|move|p2a: WhimScott|Charm|p1a: Heracross
|-unboost|p1a: Heracross|atk|2
|move|p1a: Heracross|Close Combat|p2b: Blissey
|-supereffective|p2b: Blissey
|-damage|p2b: Blissey|70\/652
|-unboost|p1a: Heracross|def|1
|-unboost|p1a: Heracross|spd|1
|move|p1b: Galvantula|Bug Buzz|p2a: WhimScott
|-supereffective|p2a: WhimScott
|-damage|p2a: WhimScott|0 fnt
|-damage|p1b: Galvantula|163\/281|[from] item: Life Orb
|faint|p2a: WhimScott
|move|p2b: Blissey|Heal Pulse|p1b: Galvantula
|-heal|p1b: Galvantula|281\/281
|
|-heal|p2b: Blissey|110\/652|[from] item: Leftovers
|callback|decision
|
|switch|p2a: Raptor|Staraptor, M|311\/311
|turn|3
|callback|decision
|chat|Scarf Shuckle|thanks melvin
|chat|Scarf Shuckle|you're the best.
|
|move|p1a: Heracross|Close Combat|p2b: Blissey
|-supereffective|p2b: Blissey
|-damage|p2b: Blissey|0 fnt
|-unboost|p1a: Heracross|def|1
|-unboost|p1a: Heracross|spd|1
|faint|p2b: Blissey
|-boost|p1a: Heracross|atk|1|[from] ability: Moxie
|move|p1b: Galvantula|Thunder|p2a: Raptor
|-supereffective|p2a: Raptor
|-damage|p2a: Raptor|0 fnt
|-damage|p1b: Galvantula|253\/281|[from] item: Life Orb
|faint|p2a: Raptor
|
|callback|decision
|
|switch|p2a: Patrick|Starmie|261\/261
|switch|p2b: Chompy|Garchomp, M|358\/358
|turn|4
|callback|decision
|
|move|p1a: Heracross|Close Combat|p2b: Chompy
|-damage|p2b: Chompy|132\/358
|-damage|p1a: Heracross|265\/302|[from] ability: Rough Skin|[of] p2b: Chompy
|-unboost|p1a: Heracross|def|1
|-unboost|p1a: Heracross|spd|1
|move|p2a: Patrick|Gravity|p2a: Patrick
|-fieldstart|move: Gravity
|move|p1b: Galvantula|Thunder|p2a: Patrick
|-supereffective|p2a: Patrick
|-enditem|p2a: Patrick|Focus Sash
|-damage|p2a: Patrick|1\/261
|-damage|p1b: Galvantula|225\/281|[from] item: Life Orb
|move|p2b: Chompy|Dragon Rush|p1a: Heracross
|-damage|p1a: Heracross|0 fnt
|-damage|p2b: Chompy|97\/358|[from] item: Life Orb
|faint|p1a: Heracross
|
|callback|decision
|
|switch|p1a: Shedinja|Shedinja|1\/1
|turn|5
|callback|decision
|
|move|p1a: Shedinja|Shadow Sneak|p2a: Patrick
|-supereffective|p2a: Patrick
|-damage|p2a: Patrick|0 fnt
|faint|p2a: Patrick
|move|p1b: Galvantula|Hidden Power|p2b: Chompy
|-supereffective|p2b: Chompy
|-damage|p2b: Chompy|0 fnt
|-damage|p1b: Galvantula|197\/281|[from] item: Life Orb
|faint|p2b: Chompy
|
|win|Scarf Shuckle
|chat|Tradekaiser|this never happen
|leave|Tradekaiser
|player|p2
|chat|Scarf Shuckle|OF COURSE IT DID