|join|Alkov
|join|Arcanine is Regal
|player|p1|Alkov|256
|player|p2|Arcanine is Regal|126
|gametype|singles
|gen|6
|tier|OU
|rated
|clearpoke
|poke|p1|Charizard, M
|poke|p1|Tyranitar, F
|poke|p1|Excadrill, M
|poke|p1|Rotom-Wash
|poke|p1|Greninja, M, shiny
|poke|p1|Breloom, M
|poke|p2|Bisharp, F
|poke|p2|Gengar, F
|poke|p2|Manectric, M
|poke|p2|Landorus-Therian, M
|poke|p2|Mamoswine, M
|poke|p2|Azumarill, F
|rule|Swagger Clause: Swagger is banned
|rule|Baton Pass Clause: Limit one PokÃ©mon knowing Baton Pass
|rule|Sleep Clause Mod: Limit one foe put to sleep
|rule|Species Clause: Limit one of each PokÃ©mon
|rule|OHKO Clause: OHKO moves are banned
|rule|Moody Clause: Moody is banned
|rule|Evasion Moves Clause: Evasion moves are banned
|rule|Endless Battle Clause: Forcing endless battles is banned
|rule|HP Percentage Mod: HP is shown in percentages
|teampreview
|join|JohnxYiu
|c| JohnxYiu|lel
|
|start
|switch|p1a: Tyranitar|Tyranitar, F|404\/404
|switch|p2a: Manectric|Manectric, M|281\/281
|-weather|Sandstorm
|turn|1
|
|detailschange|p2a: Manectric|Manectric-Mega, M
|message|Manectric has Mega Evolved into Mega Manectric!
|-ability|p2a: Manectric|Intimidate|[of] p1a: Tyranitar
|-unboost|p1a: Tyranitar|atk|1
|move|p2a: Manectric|Volt Switch|p1a: Tyranitar
|-damage|p1a: Tyranitar|331\/404
|
|switch|p2a: Mamoswine|Mamoswine, M|361\/361
|move|p1a: Tyranitar|Stealth Rock|p2a: Mamoswine
|-sidestart|p2: Arcanine is Regal|move: Stealth Rock
|
|-weather|Sandstorm|[upkeep]
|turn|2
|
|switch|p1a: Rotom-Wash|Rotom-Wash|304\/304
|move|p2a: Mamoswine|Stealth Rock|p1a: Rotom-Wash
|-sidestart|p1: Alkov|move: Stealth Rock
|
|-weather|Sandstorm|[upkeep]
|-damage|p1a: Rotom-Wash|285\/304|[from] sandstorm
|-heal|p1a: Rotom-Wash|304\/304|[from] item: Leftovers
|turn|3
|
|move|p2a: Mamoswine|Knock Off|p1a: Rotom-Wash
|-damage|p1a: Rotom-Wash|215\/304
|-enditem|p1a: Rotom-Wash|Leftovers|[from] move: Knock Off|[of] p2a: Mamoswine
|move|p1a: Rotom-Wash|Will-O-Wisp|p2a: Mamoswine
|-status|p2a: Mamoswine|brn
|
|-weather|Sandstorm|[upkeep]
|-damage|p1a: Rotom-Wash|196\/304|[from] sandstorm
|-damage|p2a: Mamoswine|316\/361 brn|[from] brn
|turn|4
|
|move|p2a: Mamoswine|Knock Off|p1a: Rotom-Wash
|-damage|p1a: Rotom-Wash|165\/304
|move|p1a: Rotom-Wash|Hydro Pump|p2a: Mamoswine
|-supereffective|p2a: Mamoswine
|-damage|p2a: Mamoswine|0 fnt
|faint|p2a: Mamoswine
|
|-weather|Sandstorm|[upkeep]
|-damage|p1a: Rotom-Wash|146\/304|[from] sandstorm
|
|switch|p2a: Gengar|Gengar, F|262\/262
|-damage|p2a: Gengar|230\/262|[from] Stealth Rock
|turn|5
|
|switch|p1a: Excadrill|Excadrill, M|359\/359
|-damage|p1a: Excadrill|348\/359|[from] Stealth Rock
|move|p2a: Gengar|Shadow Ball|p1a: Excadrill
|-damage|p1a: Excadrill|62\/359
|-damage|p2a: Gengar|204\/262|[from] item: Life Orb
|
|-weather|Sandstorm|[upkeep]
|-damage|p2a: Gengar|188\/262|[from] sandstorm
|turn|6
|
|move|p1a: Excadrill|Iron Head|p2a: Gengar
|-damage|p2a: Gengar|0 fnt
|-damage|p1a: Excadrill|27\/359|[from] item: Life Orb
|faint|p2a: Gengar
|
|-weather|Sandstorm|[upkeep]
|
|switch|p2a: Azumarill|Azumarill, F|342\/342
|-damage|p2a: Azumarill|300\/342|[from] Stealth Rock
|turn|7
|
|move|p2a: Azumarill|Aqua Jet|p1a: Excadrill
|-supereffective|p1a: Excadrill
|-damage|p1a: Excadrill|0 fnt
|faint|p1a: Excadrill
|
|-weather|Sandstorm|[upkeep]
|-damage|p2a: Azumarill|279\/342|[from] sandstorm
|
|switch|p1a: Rotom-Wash|Rotom-Wash|146\/304
|-damage|p1a: Rotom-Wash|108\/304|[from] Stealth Rock
|turn|8
|
|move|p1a: Rotom-Wash|Will-O-Wisp|p2a: Azumarill
|-status|p2a: Azumarill|brn
|move|p2a: Azumarill|Play Rough|p1a: Rotom-Wash
|-damage|p1a: Rotom-Wash|45\/304
|
|-weather|none
|-damage|p2a: Azumarill|237\/342 brn|[from] brn
|turn|9
|
|move|p1a: Rotom-Wash|Volt Switch|p2a: Azumarill
|-supereffective|p2a: Azumarill
|-damage|p2a: Azumarill|27\/342 brn
|
|switch|p1a: Tyranitar|Tyranitar, F|331\/404
|-enditem|p2a: Azumarill|Sitrus Berry|[eat]
|-heal|p2a: Azumarill|112\/342 brn|[from] item: Sitrus Berry
|-damage|p1a: Tyranitar|281\/404|[from] Stealth Rock
|-weather|Sandstorm
|move|p2a: Azumarill|Belly Drum|p2a: Azumarill
|-fail|p2a: Azumarill
|
|-weather|Sandstorm|[upkeep]
|-damage|p2a: Azumarill|91\/342 brn|[from] sandstorm
|-damage|p2a: Azumarill|49\/342 brn|[from] brn
|turn|10
|
|move|p2a: Azumarill|Play Rough|p1a: Tyranitar
|-supereffective|p1a: Tyranitar
|-damage|p1a: Tyranitar|105\/404
|move|p1a: Tyranitar|Pursuit|p2a: Azumarill
|-crit|p2a: Azumarill
|-resisted|p2a: Azumarill
|-damage|p2a: Azumarill|0 fnt
|faint|p2a: Azumarill
|
|-weather|Sandstorm|[upkeep]
|
|switch|p2a: Landorus-Therian|Landorus-Therian, M|320\/320
|-damage|p2a: Landorus-Therian|280\/320|[from] Stealth Rock
|-ability|p2a: Landorus-Therian|Intimidate|[of] p1a: Tyranitar
|-unboost|p1a: Tyranitar|atk|1
|turn|11
|
|move|p2a: Landorus-Therian|U-turn|p1a: Tyranitar
|-supereffective|p1a: Tyranitar
|-damage|p1a: Tyranitar|0 fnt
|faint|p1a: Tyranitar
|
|switch|p2a: Manectric|Manectric-Mega, M|281\/281
|-damage|p2a: Manectric|246\/281|[from] Stealth Rock
|
|-weather|Sandstorm|[upkeep]
|-damage|p2a: Manectric|229\/281|[from] sandstorm
|
|switch|p1a: Breloom|Breloom, M|262\/262
|-damage|p1a: Breloom|246\/262|[from] Stealth Rock
|turn|12
|
|switch|p1a: Rotom-Wash|Rotom-Wash|45\/304
|-damage|p1a: Rotom-Wash|7\/304|[from] Stealth Rock
|move|p2a: Manectric|Flamethrower|p1a: Rotom-Wash
|-crit|p1a: Rotom-Wash
|-resisted|p1a: Rotom-Wash
|-damage|p1a: Rotom-Wash|0 fnt
|faint|p1a: Rotom-Wash
|
|-weather|Sandstorm|[upkeep]
|-damage|p2a: Manectric|212\/281|[from] sandstorm
|
|switch|p1a: Greninja|Greninja, M, shiny|285\/285
|-damage|p1a: Greninja|250\/285|[from] Stealth Rock
|turn|13
|
|move|p2a: Manectric|Thunderbolt|p1a: Greninja
|-supereffective|p1a: Greninja
|-damage|p1a: Greninja|0 fnt
|faint|p1a: Greninja
|
|-weather|Sandstorm|[upkeep]
|-damage|p2a: Manectric|195\/281|[from] sandstorm
|c|âAlkov|urghh i done goofed
|c|âAlkov|i sacked the wrong mons
|
|switch|p1a: Breloom|Breloom, M|246\/262
|-damage|p1a: Breloom|230\/262|[from] Stealth Rock
|turn|14
|
|move|p1a: Breloom|Mach Punch|p2a: Manectric
|-damage|p2a: Manectric|65\/281
|move|p2a: Manectric|Flamethrower|p1a: Breloom
|-supereffective|p1a: Breloom
|-damage|p1a: Breloom|0 fnt
|faint|p1a: Breloom
|
|-weather|Sandstorm|[upkeep]
|-damage|p2a: Manectric|48\/281|[from] sandstorm
|
|switch|p1a: Charizard|Charizard, M|297\/297
|-damage|p1a: Charizard|149\/297|[from] Stealth Rock
|turn|15
|c|âArcanine is Regal|gg
|c|âAlkov|gg
|-message|Alkov forfeited.
|
|win|Arcanine is Regal
|raw|Ladder updating...
|leave|Alkov
|player|p1
|raw|Alkov's rating: 1724 &rarr; <strong>1703<\/strong><br \/>(-21 for losing)
|raw|Arcanine is Regal's rating: 1705 &rarr; <strong>1727<\/strong><br \/>(+22 for winning)
|leave|Arcanine is Regal
|player|p2