|join|RS Swept
|join|Alkov
|player|p1|RS Swept|29
|player|p2|Alkov|256
|gametype|singles
|gen|6
|tier|OU
|rated
|clearpoke
|poke|p1|Gothitelle, M
|poke|p1|Skarmory, F
|poke|p1|Cresselia, F
|poke|p1|Quagsire, M
|poke|p1|Sableye, F
|poke|p1|Chansey, F
|poke|p2|Charizard, M
|poke|p2|Tyranitar, F
|poke|p2|Excadrill, M
|poke|p2|Rotom-Wash
|poke|p2|Greninja, M, shiny
|poke|p2|Breloom, M
|rule|Swagger Clause: Swagger is banned
|rule|Baton Pass Clause: Limit one PokÃ©mon knowing Baton Pass
|rule|Sleep Clause Mod: Limit one foe put to sleep
|rule|Species Clause: Limit one of each PokÃ©mon
|rule|OHKO Clause: OHKO moves are banned
|rule|Moody Clause: Moody is banned
|rule|Evasion Moves Clause: Evasion moves are banned
|rule|Endless Battle Clause: Forcing endless battles is banned
|rule|HP Percentage Mod: HP is shown in percentages
|teampreview
|c|âAlkov|first i get tele then now you
|c|âAlkov|fuck me
|c|âAlkov|aids
|join|Squirrelll
|
|start
|switch|p1a: Chansey|Chansey, F|645\/645
|switch|p2a: Charizard|Charizard, M|297\/297
|turn|1
|
|switch|p2a: Tyranitar|Tyranitar, F|404\/404
|-weather|Sandstorm
|move|p1a: Chansey|Soft-Boiled|p1a: Chansey
|-fail|p1a: Chansey
|
|-weather|Sandstorm|[upkeep]
|-damage|p1a: Chansey|605\/645|[from] sandstorm
|turn|2
|
|move|p2a: Tyranitar|Stealth Rock|p1a: Chansey
|-sidestart|p1: RS Swept|move: Stealth Rock
|move|p1a: Chansey|Stealth Rock|p2a: Tyranitar
|-sidestart|p2: Alkov|move: Stealth Rock
|
|-weather|Sandstorm|[upkeep]
|-damage|p1a: Chansey|565\/645|[from] sandstorm
|turn|3
|
|switch|p1a: Quagsire|Quagsire, M|394\/394
|-damage|p1a: Quagsire|370\/394|[from] Stealth Rock
|move|p2a: Tyranitar|Stone Edge|p1a: Quagsire
|-resisted|p1a: Quagsire
|-damage|p1a: Quagsire|310\/394
|
|-weather|Sandstorm|[upkeep]
|-heal|p1a: Quagsire|334\/394|[from] item: Leftovers
|turn|4
|
|switch|p2a: Rotom-Wash|Rotom-Wash|304\/304
|-damage|p2a: Rotom-Wash|266\/304|[from] Stealth Rock
|move|p1a: Quagsire|Toxic|p2a: Rotom-Wash
|-status|p2a: Rotom-Wash|tox
|
|-weather|Sandstorm|[upkeep]
|-damage|p2a: Rotom-Wash|247\/304 tox|[from] sandstorm
|-heal|p2a: Rotom-Wash|266\/304 tox|[from] item: Leftovers
|-heal|p1a: Quagsire|358\/394|[from] item: Leftovers
|-damage|p2a: Rotom-Wash|247\/304 tox|[from] psn
|turn|5
|
|move|p2a: Rotom-Wash|Hydro Pump|p1a: Quagsire
|-damage|p1a: Quagsire|165\/394
|move|p1a: Quagsire|Encore|p2a: Rotom-Wash
|-start|p2a: Rotom-Wash|Encore
|
|-weather|Sandstorm|[upkeep]
|-damage|p2a: Rotom-Wash|228\/304 tox|[from] sandstorm
|-heal|p2a: Rotom-Wash|247\/304 tox|[from] item: Leftovers
|-heal|p1a: Quagsire|189\/394|[from] item: Leftovers
|-damage|p2a: Rotom-Wash|209\/304 tox|[from] psn
|turn|6
|
|switch|p2a: Excadrill|Excadrill, M|359\/359
|-damage|p2a: Excadrill|348\/359|[from] Stealth Rock
|switch|p1a: Chansey|Chansey, F|565\/645
|-damage|p1a: Chansey|485\/645|[from] Stealth Rock
|
|-weather|Sandstorm|[upkeep]
|-damage|p1a: Chansey|445\/645|[from] sandstorm
|turn|7
|
|switch|p1a: Skarmory|Skarmory, F|333\/333
|-damage|p1a: Skarmory|292\/333|[from] Stealth Rock
|move|p2a: Excadrill|Rapid Spin|p1a: Skarmory
|-resisted|p1a: Skarmory
|-damage|p1a: Skarmory|282\/333
|-sideend|p2: Alkov|Stealth Rock|[from] move: Rapid Spin|[of] p2a: Excadrill
|-damage|p2a: Excadrill|313\/359|[from] item: Life Orb
|
|-weather|Sandstorm|[upkeep]
|turn|8
|
|switch|p2a: Charizard|Charizard, M|297\/297
|move|p1a: Skarmory|Defog|p2a: Charizard
|-unboost|p2a: Charizard|evasion|1
|-sideend|p1: RS Swept|Stealth Rock|[from] move: Defog|[of] p1a: Skarmory
|
|-weather|none
|turn|9
|
|switch|p1a: Cresselia|Cresselia, F|444\/444
|detailschange|p2a: Charizard|Charizard-Mega-Y, M
|message|Charizard has Mega Evolved into Mega Charizard!
|-weather|SunnyDay
|move|p2a: Charizard|Flamethrower|p1a: Cresselia
|-damage|p1a: Cresselia|203\/444
|-status|p1a: Cresselia|brn
|
|-weather|SunnyDay|[upkeep]
|-heal|p1a: Cresselia|230\/444 brn|[from] item: Leftovers
|-damage|p1a: Cresselia|175\/444 brn|[from] brn
|turn|10
|
|switch|p1a: Chansey|Chansey, F|445\/645
|move|p2a: Charizard|Flamethrower|p1a: Chansey
|-damage|p1a: Chansey|273\/645
|
|-weather|SunnyDay|[upkeep]
|turn|11
|
|switch|p2a: Breloom|Breloom, M|262\/262
|move|p1a: Chansey|Soft-Boiled|p1a: Chansey
|-heal|p1a: Chansey|596\/645
|
|-weather|SunnyDay|[upkeep]
|turn|12
|
|switch|p1a: Skarmory|Skarmory, F|282\/333
|move|p2a: Breloom|Spore|p1a: Skarmory
|-status|p1a: Skarmory|slp
|
|-weather|SunnyDay|[upkeep]
|turn|13
|
|switch|p2a: Tyranitar|Tyranitar, F|404\/404
|-weather|Sandstorm
|switch|p1a: Sableye|Sableye, F|303\/303
|
|-weather|Sandstorm|[upkeep]
|-damage|p1a: Sableye|285\/303|[from] sandstorm
|turn|14
|
|switch|p2a: Charizard|Charizard-Mega-Y, M|297\/297
|-weather|SunnyDay
|detailschange|p1a: Sableye|Sableye-Mega, F
|message|Sableye has Mega Evolved into Mega Sableye!
|move|p1a: Sableye|Snarl|p2a: Charizard
|-damage|p2a: Charizard|246\/297
|-unboost|p2a: Charizard|spa|1
|
|-weather|SunnyDay|[upkeep]
|turn|15
|
|switch|p2a: Excadrill|Excadrill, M|313\/359
|switch|p1a: Chansey|Chansey, F|596\/645
|
|-weather|SunnyDay|[upkeep]
|turn|16
|
|switch|p2a: Tyranitar|Tyranitar, F|404\/404
|-weather|Sandstorm
|move|p1a: Chansey|Aromatherapy|p1a: Chansey
|-cureteam|p1a: Chansey|[from] move: Aromatherapy
|
|-weather|Sandstorm|[upkeep]
|-damage|p1a: Chansey|556\/645|[from] sandstorm
|turn|17
|
|switch|p1a: Sableye|Sableye-Mega, F|285\/303
|move|p2a: Tyranitar|Stealth Rock|p1a: Sableye
|move|p1a: Sableye|Stealth Rock|p2a: Tyranitar|[from]Magic Bounce
|-sidestart|p2: Alkov|move: Stealth Rock
|
|-weather|Sandstorm|[upkeep]
|-damage|p1a: Sableye|267\/303|[from] sandstorm
|turn|18
|
|move|p2a: Tyranitar|Stone Edge|p1a: Sableye
|-damage|p1a: Sableye|153\/303
|move|p1a: Sableye|Snarl|p2a: Tyranitar
|-resisted|p2a: Tyranitar
|-damage|p2a: Tyranitar|386\/404
|-unboost|p2a: Tyranitar|spa|1
|
|-weather|Sandstorm|[upkeep]
|-damage|p1a: Sableye|135\/303|[from] sandstorm
|turn|19
|
|move|p2a: Tyranitar|Stone Edge|p1a: Sableye
|-damage|p1a: Sableye|29\/303
|move|p1a: Sableye|Recover|p1a: Sableye
|-heal|p1a: Sableye|181\/303
|
|-weather|Sandstorm|[upkeep]
|-damage|p1a: Sableye|163\/303|[from] sandstorm
|turn|20
|c|âAlkov|one crit
|c|âAlkov|one dream
|
|move|p2a: Tyranitar|Stone Edge|p1a: Sableye
|-crit|p1a: Sableye
|-damage|p1a: Sableye|0 fnt
|faint|p1a: Sableye
|
|-weather|Sandstorm|[upkeep]
|c|âAlkov|ROFL
|c|âRS Swept|lol
|join|Ascendant Justice
|c|âAlkov|ohmy
|c|âRS Swept|idk why youd go for that so early
|
|switch|p1a: Quagsire|Quagsire, M|189\/394
|turn|21
|c|âAlkov|idk why either but hahaha
|c|âAlkov|it was funny
|
|move|p2a: Tyranitar|Stealth Rock|p1a: Quagsire
|-sidestart|p1: RS Swept|move: Stealth Rock
|move|p1a: Quagsire|Scald|p2a: Tyranitar
|-crit|p2a: Tyranitar
|-supereffective|p2a: Tyranitar
|-damage|p2a: Tyranitar|258\/404
|
|-weather|Sandstorm|[upkeep]
|-heal|p1a: Quagsire|213\/394|[from] item: Leftovers
|turn|22
|
|switch|p2a: Rotom-Wash|Rotom-Wash|209\/304 tox
|-damage|p2a: Rotom-Wash|171\/304 tox|[from] Stealth Rock
|move|p1a: Quagsire|Recover|p1a: Quagsire
|-heal|p1a: Quagsire|394\/394
|
|-weather|Sandstorm|[upkeep]
|-damage|p2a: Rotom-Wash|152\/304 tox|[from] sandstorm
|-heal|p2a: Rotom-Wash|171\/304 tox|[from] item: Leftovers
|-damage|p2a: Rotom-Wash|152\/304 tox|[from] psn
|turn|23
|
|move|p2a: Rotom-Wash|Pain Split|p1a: Quagsire
|-sethp|p1a: Quagsire|273\/394|p2a: Rotom-Wash|273\/304 tox|[from] move: Pain Split
|move|p1a: Quagsire|Encore|p2a: Rotom-Wash
|-start|p2a: Rotom-Wash|Encore
|
|-weather|none
|-heal|p2a: Rotom-Wash|292\/304 tox|[from] item: Leftovers
|-heal|p1a: Quagsire|297\/394|[from] item: Leftovers
|-damage|p2a: Rotom-Wash|254\/304 tox|[from] psn
|turn|24
|
|switch|p2a: Charizard|Charizard-Mega-Y, M|246\/297
|-damage|p2a: Charizard|98\/297|[from] Stealth Rock
|-weather|SunnyDay
|move|p1a: Quagsire|Scald|p2a: Charizard
|-supereffective|p2a: Charizard
|-damage|p2a: Charizard|36\/297
|
|-weather|SunnyDay|[upkeep]
|-heal|p1a: Quagsire|321\/394|[from] item: Leftovers
|turn|25
|
|switch|p1a: Chansey|Chansey, F|556\/645
|-damage|p1a: Chansey|476\/645|[from] Stealth Rock
|move|p2a: Charizard|Roost|p2a: Charizard
|-heal|p2a: Charizard|185\/297
|
|-weather|SunnyDay|[upkeep]
|turn|26
|
|switch|p2a: Excadrill|Excadrill, M|313\/359
|-damage|p2a: Excadrill|302\/359|[from] Stealth Rock
|move|p1a: Chansey|Seismic Toss|p2a: Excadrill
|-damage|p2a: Excadrill|202\/359
|
|-weather|SunnyDay|[upkeep]
|turn|27
|
|switch|p1a: Skarmory|Skarmory, F|282\/333
|-damage|p1a: Skarmory|241\/333|[from] Stealth Rock
|move|p2a: Excadrill|Rapid Spin|p1a: Skarmory
|-resisted|p1a: Skarmory
|-damage|p1a: Skarmory|232\/333
|-sideend|p2: Alkov|Stealth Rock|[from] move: Rapid Spin|[of] p2a: Excadrill
|-damage|p2a: Excadrill|167\/359|[from] item: Life Orb
|
|-weather|SunnyDay|[upkeep]
|turn|28
|
|switch|p2a: Breloom|Breloom, M|262\/262
|move|p1a: Skarmory|Defog|p2a: Breloom
|-unboost|p2a: Breloom|evasion|1
|-sideend|p1: RS Swept|Stealth Rock|[from] move: Defog|[of] p1a: Skarmory
|
|-weather|none
|turn|29
|
|switch|p1a: Cresselia|Cresselia, F|175\/444
|move|p2a: Breloom|Spore|p1a: Cresselia
|-status|p1a: Cresselia|slp
|
|-heal|p1a: Cresselia|202\/444 slp|[from] item: Leftovers
|turn|30
|
|switch|p1a: Skarmory|Skarmory, F|232\/333
|move|p2a: Breloom|Bullet Seed|p1a: Skarmory
|-resisted|p1a: Skarmory
|-damage|p1a: Skarmory|222\/333
|-resisted|p1a: Skarmory
|-damage|p1a: Skarmory|212\/333
|-resisted|p1a: Skarmory
|-damage|p1a: Skarmory|202\/333
|-hitcount|p1a: Skarmory|3
|
|turn|31
|
|switch|p2a: Charizard|Charizard-Mega-Y, M|185\/297
|-weather|SunnyDay
|move|p1a: Skarmory|Roost|p1a: Skarmory
|-heal|p1a: Skarmory|333\/333
|
|-weather|SunnyDay|[upkeep]
|turn|32
|
|switch|p1a: Chansey|Chansey, F|476\/645
|move|p2a: Charizard|Roost|p2a: Charizard
|-heal|p2a: Charizard|297\/297
|
|-weather|SunnyDay|[upkeep]
|turn|33
|
|switch|p2a: Breloom|Breloom, M|262\/262
|move|p1a: Chansey|Stealth Rock|p2a: Breloom
|-sidestart|p2: Alkov|move: Stealth Rock
|
|-weather|SunnyDay|[upkeep]
|turn|34
|
|switch|p1a: Skarmory|Skarmory, F|333\/333
|move|p2a: Breloom|Bullet Seed|p1a: Skarmory
|-resisted|p1a: Skarmory
|-damage|p1a: Skarmory|323\/333
|-resisted|p1a: Skarmory
|-damage|p1a: Skarmory|313\/333
|-resisted|p1a: Skarmory
|-damage|p1a: Skarmory|303\/333
|-hitcount|p1a: Skarmory|3
|
|-weather|SunnyDay|[upkeep]
|turn|35
|
|move|p2a: Breloom|Spore|p1a: Skarmory
|-message|Sleep Clause Mod activated.
|-fail|p1a: Skarmory
|move|p1a: Skarmory|Spikes|p2a: Breloom
|-sidestart|p2: Alkov|Spikes
|
|-weather|none
|turn|36
|c|âAlkov|right
|c|âAlkov|im blind
|
|switch|p2a: Tyranitar|Tyranitar, F|258\/404
|-damage|p2a: Tyranitar|208\/404|[from] Spikes
|-damage|p2a: Tyranitar|158\/404|[from] Stealth Rock
|-weather|Sandstorm
|move|p1a: Skarmory|Brave Bird|p2a: Tyranitar
|-resisted|p2a: Tyranitar
|-damage|p2a: Tyranitar|105\/404
|-damage|p1a: Skarmory|286\/333|[from] recoil|[of] p2a: Tyranitar
|
|-weather|Sandstorm|[upkeep]
|turn|37
|
|switch|p1a: Quagsire|Quagsire, M|321\/394
|move|p2a: Tyranitar|Stealth Rock|p1a: Quagsire
|-sidestart|p1: RS Swept|move: Stealth Rock
|
|-weather|Sandstorm|[upkeep]
|-heal|p1a: Quagsire|345\/394|[from] item: Leftovers
|turn|38
|
|switch|p2a: Rotom-Wash|Rotom-Wash|254\/304 tox
|-damage|p2a: Rotom-Wash|216\/304 tox|[from] Stealth Rock
|move|p1a: Quagsire|Scald|p2a: Rotom-Wash
|-resisted|p2a: Rotom-Wash
|-damage|p2a: Rotom-Wash|185\/304 tox
|
|-weather|Sandstorm|[upkeep]
|-damage|p2a: Rotom-Wash|166\/304 tox|[from] sandstorm
|-heal|p2a: Rotom-Wash|185\/304 tox|[from] item: Leftovers
|-heal|p1a: Quagsire|369\/394|[from] item: Leftovers
|-damage|p2a: Rotom-Wash|166\/304 tox|[from] psn
|turn|39
|
|move|p2a: Rotom-Wash|Pain Split|p1a: Quagsire
|-sethp|p1a: Quagsire|267\/394|p2a: Rotom-Wash|267\/304 tox|[from] move: Pain Split
|move|p1a: Quagsire|Recover|p1a: Quagsire
|-heal|p1a: Quagsire|394\/394
|
|-weather|Sandstorm|[upkeep]
|-damage|p2a: Rotom-Wash|248\/304 tox|[from] sandstorm
|-heal|p2a: Rotom-Wash|267\/304 tox|[from] item: Leftovers
|-damage|p2a: Rotom-Wash|229\/304 tox|[from] psn
|turn|40
|
|switch|p1a: Chansey|Chansey, F|476\/645
|-damage|p1a: Chansey|396\/645|[from] Stealth Rock
|move|p2a: Rotom-Wash|Hydro Pump|p1a: Chansey
|-damage|p1a: Chansey|320\/645
|
|-weather|Sandstorm|[upkeep]
|-damage|p2a: Rotom-Wash|210\/304 tox|[from] sandstorm
|-damage|p1a: Chansey|280\/645|[from] sandstorm
|-heal|p2a: Rotom-Wash|229\/304 tox|[from] item: Leftovers
|-damage|p2a: Rotom-Wash|172\/304 tox|[from] psn
|turn|41
|
|move|p2a: Rotom-Wash|Volt Switch|p1a: Chansey
|-damage|p1a: Chansey|238\/645
|
|switch|p2a: Breloom|Breloom, M|262\/262
|-damage|p2a: Breloom|230\/262|[from] Spikes
|-damage|p2a: Breloom|214\/262|[from] Stealth Rock
|move|p1a: Chansey|Soft-Boiled|p1a: Chansey
|-heal|p1a: Chansey|561\/645
|
|-weather|Sandstorm|[upkeep]
|-damage|p2a: Breloom|198\/262|[from] sandstorm
|-damage|p1a: Chansey|521\/645|[from] sandstorm
|turn|42
|
|switch|p2a: Rotom-Wash|Rotom-Wash|172\/304 tox
|-damage|p2a: Rotom-Wash|134\/304 tox|[from] Stealth Rock
|switch|p1a: Skarmory|Skarmory, F|286\/333
|-damage|p1a: Skarmory|245\/333|[from] Stealth Rock
|
|-weather|Sandstorm|[upkeep]
|-damage|p2a: Rotom-Wash|115\/304 tox|[from] sandstorm
|-heal|p2a: Rotom-Wash|134\/304 tox|[from] item: Leftovers
|-damage|p2a: Rotom-Wash|115\/304 tox|[from] psn
|turn|43
|
|switch|p1a: Quagsire|Quagsire, M|394\/394
|-damage|p1a: Quagsire|370\/394|[from] Stealth Rock
|move|p2a: Rotom-Wash|Pain Split|p1a: Quagsire
|-sethp|p1a: Quagsire|242\/394|p2a: Rotom-Wash|242\/304 tox|[from] move: Pain Split
|
|-weather|none
|-heal|p2a: Rotom-Wash|261\/304 tox|[from] item: Leftovers
|-heal|p1a: Quagsire|266\/394|[from] item: Leftovers
|-damage|p2a: Rotom-Wash|223\/304 tox|[from] psn
|turn|44
|
|move|p2a: Rotom-Wash|Will-O-Wisp|p1a: Quagsire
|-status|p1a: Quagsire|brn
|move|p1a: Quagsire|Recover|p1a: Quagsire
|-heal|p1a: Quagsire|394\/394 brn
|
|-heal|p2a: Rotom-Wash|242\/304 tox|[from] item: Leftovers
|-damage|p2a: Rotom-Wash|185\/304 tox|[from] psn
|-damage|p1a: Quagsire|345\/394 brn|[from] brn
|turn|45
|
|move|p2a: Rotom-Wash|Hydro Pump|p1a: Quagsire
|-damage|p1a: Quagsire|170\/394 brn
|move|p1a: Quagsire|Recover|p1a: Quagsire
|-heal|p1a: Quagsire|367\/394 brn
|
|-heal|p2a: Rotom-Wash|204\/304 tox|[from] item: Leftovers
|-heal|p1a: Quagsire|391\/394 brn|[from] item: Leftovers
|-damage|p2a: Rotom-Wash|128\/304 tox|[from] psn
|-damage|p1a: Quagsire|342\/394 brn|[from] brn
|turn|46
|
|move|p2a: Rotom-Wash|Pain Split|p1a: Quagsire
|-sethp|p1a: Quagsire|235\/394 brn|p2a: Rotom-Wash|235\/304 tox|[from] move: Pain Split
|move|p1a: Quagsire|Recover|p1a: Quagsire
|-heal|p1a: Quagsire|394\/394 brn
|
|-heal|p2a: Rotom-Wash|254\/304 tox|[from] item: Leftovers
|-damage|p2a: Rotom-Wash|159\/304 tox|[from] psn
|-damage|p1a: Quagsire|345\/394 brn|[from] brn
|turn|47
|
|switch|p2a: Charizard|Charizard-Mega-Y, M|297\/297
|-damage|p2a: Charizard|149\/297|[from] Stealth Rock
|-weather|SunnyDay
|switch|p1a: Chansey|Chansey, F|521\/645
|-damage|p1a: Chansey|441\/645|[from] Stealth Rock
|
|-weather|SunnyDay|[upkeep]
|turn|48
|
|move|p2a: Charizard|Roost|p2a: Charizard
|-heal|p2a: Charizard|297\/297
|move|p1a: Chansey|Soft-Boiled|p1a: Chansey
|-heal|p1a: Chansey|645\/645
|
|-weather|SunnyDay|[upkeep]
|turn|49
|
|move|p2a: Charizard|Focus Blast|p1a: Chansey
|-supereffective|p1a: Chansey
|-damage|p1a: Chansey|467\/645
|move|p1a: Chansey|Seismic Toss|p2a: Charizard
|-damage|p2a: Charizard|197\/297
|
|-weather|SunnyDay|[upkeep]
|turn|50
|
|switch|p2a: Rotom-Wash|Rotom-Wash|159\/304 tox
|-damage|p2a: Rotom-Wash|121\/304 tox|[from] Stealth Rock
|move|p1a: Chansey|Seismic Toss|p2a: Rotom-Wash
|-damage|p2a: Rotom-Wash|21\/304 tox
|
|-weather|SunnyDay|[upkeep]
|-heal|p2a: Rotom-Wash|40\/304 tox|[from] item: Leftovers
|-damage|p2a: Rotom-Wash|21\/304 tox|[from] psn
|turn|51
|
|move|p2a: Rotom-Wash|Pain Split|p1a: Chansey
|-sethp|p1a: Chansey|244\/645|p2a: Rotom-Wash|244\/304 tox|[from] move: Pain Split
|move|p1a: Chansey|Seismic Toss|p2a: Rotom-Wash
|-damage|p2a: Rotom-Wash|144\/304 tox
|
|-weather|none
|-heal|p2a: Rotom-Wash|163\/304 tox|[from] item: Leftovers
|-damage|p2a: Rotom-Wash|125\/304 tox|[from] psn
|turn|52
|
|move|p2a: Rotom-Wash|Pain Split|p1a: Chansey
|-sethp|p1a: Chansey|184\/645|p2a: Rotom-Wash|184\/304 tox|[from] move: Pain Split
|move|p1a: Chansey|Soft-Boiled|p1a: Chansey
|-heal|p1a: Chansey|507\/645
|
|-heal|p2a: Rotom-Wash|203\/304 tox|[from] item: Leftovers
|-damage|p2a: Rotom-Wash|146\/304 tox|[from] psn
|turn|53
|
|move|p2a: Rotom-Wash|Pain Split|p1a: Chansey
|-sethp|p1a: Chansey|326\/645|p2a: Rotom-Wash|304\/304 tox|[from] move: Pain Split
|move|p1a: Chansey|Seismic Toss|p2a: Rotom-Wash
|-damage|p2a: Rotom-Wash|204\/304 tox
|
|-heal|p2a: Rotom-Wash|223\/304 tox|[from] item: Leftovers
|-damage|p2a: Rotom-Wash|147\/304 tox|[from] psn
|turn|54
|join|I Iike Squirtles
|
|move|p2a: Rotom-Wash|Volt Switch|p1a: Chansey
|-damage|p1a: Chansey|281\/645
|
|switch|p2a: Breloom|Breloom, M|198\/262
|-damage|p2a: Breloom|182\/262|[from] Stealth Rock
|-damage|p2a: Breloom|150\/262|[from] Spikes
|move|p1a: Chansey|Soft-Boiled|p1a: Chansey
|-heal|p1a: Chansey|604\/645
|
|turn|55
|
|switch|p1a: Skarmory|Skarmory, F|245\/333
|-damage|p1a: Skarmory|204\/333|[from] Stealth Rock
|move|p2a: Breloom|Mach Punch|p1a: Skarmory
|-damage|p1a: Skarmory|132\/333
|
|turn|56
|join|Cienight
|
|switch|p2a: Rotom-Wash|Rotom-Wash|147\/304 tox
|-damage|p2a: Rotom-Wash|109\/304 tox|[from] Stealth Rock
|move|p1a: Skarmory|Roost|p1a: Skarmory
|-heal|p1a: Skarmory|299\/333
|
|-heal|p2a: Rotom-Wash|128\/304 tox|[from] item: Leftovers
|-damage|p2a: Rotom-Wash|109\/304 tox|[from] psn
|turn|57
|
|switch|p1a: Chansey|Chansey, F|604\/645
|-damage|p1a: Chansey|524\/645|[from] Stealth Rock
|move|p2a: Rotom-Wash|Hydro Pump|p1a: Chansey
|-damage|p1a: Chansey|457\/645
|
|-heal|p2a: Rotom-Wash|128\/304 tox|[from] item: Leftovers
|-damage|p2a: Rotom-Wash|90\/304 tox|[from] psn
|turn|58
|
|move|p2a: Rotom-Wash|Pain Split|p1a: Chansey
|-sethp|p1a: Chansey|273\/645|p2a: Rotom-Wash|273\/304 tox|[from] move: Pain Split
|move|p1a: Chansey|Seismic Toss|p2a: Rotom-Wash
|-damage|p2a: Rotom-Wash|173\/304 tox
|
|-heal|p2a: Rotom-Wash|192\/304 tox|[from] item: Leftovers
|-damage|p2a: Rotom-Wash|135\/304 tox|[from] psn
|turn|59
|
|move|p2a: Rotom-Wash|Hydro Pump|p1a: Chansey
|-damage|p1a: Chansey|209\/645
|move|p1a: Chansey|Soft-Boiled|p1a: Chansey
|-heal|p1a: Chansey|532\/645
|
|-heal|p2a: Rotom-Wash|154\/304 tox|[from] item: Leftovers
|-damage|p2a: Rotom-Wash|78\/304 tox|[from] psn
|turn|60
|
|move|p2a: Rotom-Wash|Pain Split|p1a: Chansey
|-sethp|p1a: Chansey|305\/645|p2a: Rotom-Wash|304\/304 tox|[from] move: Pain Split
|move|p1a: Chansey|Seismic Toss|p2a: Rotom-Wash
|-damage|p2a: Rotom-Wash|204\/304 tox
|
|-heal|p2a: Rotom-Wash|223\/304 tox|[from] item: Leftovers
|-damage|p2a: Rotom-Wash|128\/304 tox|[from] psn
|turn|61
|
|move|p2a: Rotom-Wash|Will-O-Wisp|p1a: Chansey
|-status|p1a: Chansey|brn
|move|p1a: Chansey|Soft-Boiled|p1a: Chansey
|-heal|p1a: Chansey|628\/645 brn
|
|-heal|p2a: Rotom-Wash|147\/304 tox|[from] item: Leftovers
|-damage|p2a: Rotom-Wash|33\/304 tox|[from] psn
|-damage|p1a: Chansey|548\/645 brn|[from] brn
|turn|62
|
|switch|p1a: Gothitelle|Gothitelle, M|301\/301
|-damage|p1a: Gothitelle|264\/301|[from] Stealth Rock
|move|p2a: Rotom-Wash|Pain Split|p1a: Gothitelle
|-sethp|p1a: Gothitelle|148\/301|p2a: Rotom-Wash|148\/304 tox|[from] move: Pain Split
|
|-heal|p2a: Rotom-Wash|167\/304 tox|[from] item: Leftovers
|-damage|p2a: Rotom-Wash|34\/304 tox|[from] psn
|turn|63
|
|move|p1a: Gothitelle|Psyshock|p2a: Rotom-Wash
|-damage|p2a: Rotom-Wash|0 fnt
|faint|p2a: Rotom-Wash
|
|c|âAlkov|rip
|
|switch|p2a: Tyranitar|Tyranitar, F|105\/404
|-damage|p2a: Tyranitar|55\/404|[from] Stealth Rock
|-damage|p2a: Tyranitar|5\/404|[from] Spikes
|-weather|Sandstorm
|turn|64
|
|move|p2a: Tyranitar|Pursuit|p1a: Gothitelle|[from]Pursuit
|-supereffective|p1a: Gothitelle
|-damage|p1a: Gothitelle|0 fnt
|faint|p1a: Gothitelle
|
|-weather|Sandstorm|[upkeep]
|c|âAlkov|im fucked over by this stupid quagsire
|
|switch|p1a: Quagsire|Quagsire, M|345\/394 brn
|-damage|p1a: Quagsire|321\/394 brn|[from] Stealth Rock
|turn|65
|
|move|p2a: Tyranitar|Stone Edge|p1a: Quagsire
|-resisted|p1a: Quagsire
|-damage|p1a: Quagsire|259\/394 brn
|move|p1a: Quagsire|Recover|p1a: Quagsire
|-heal|p1a: Quagsire|394\/394 brn
|
|-weather|Sandstorm|[upkeep]
|-damage|p1a: Quagsire|345\/394 brn|[from] brn
|turn|66
|
|move|p2a: Tyranitar|Fire Blast|p1a: Quagsire
|-resisted|p1a: Quagsire
|-damage|p1a: Quagsire|296\/394 brn
|move|p1a: Quagsire|Scald|p2a: Tyranitar
|-supereffective|p2a: Tyranitar
|-damage|p2a: Tyranitar|0 fnt
|faint|p2a: Tyranitar
|
|-weather|Sandstorm|[upkeep]
|-heal|p1a: Quagsire|320\/394 brn|[from] item: Leftovers
|-damage|p1a: Quagsire|271\/394 brn|[from] brn
|
|switch|p2a: Charizard|Charizard-Mega-Y, M|197\/297
|-damage|p2a: Charizard|49\/297|[from] Stealth Rock
|-weather|SunnyDay
|turn|67
|
|switch|p1a: Chansey|Chansey, F|548\/645
|-damage|p1a: Chansey|468\/645|[from] Stealth Rock
|move|p2a: Charizard|Focus Blast|p1a: Chansey
|-supereffective|p1a: Chansey
|-damage|p1a: Chansey|276\/645
|
|-weather|SunnyDay|[upkeep]
|turn|68
|c|âAlkov|give me one more crit
|c|âAlkov|lets go
|
|move|p2a: Charizard|Focus Blast|p1a: Chansey
|-supereffective|p1a: Chansey
|-damage|p1a: Chansey|78\/645
|move|p1a: Chansey|Soft-Boiled|p1a: Chansey
|-heal|p1a: Chansey|401\/645
|
|-weather|SunnyDay|[upkeep]
|turn|69
|
|move|p2a: Charizard|Roost|p2a: Charizard
|-heal|p2a: Charizard|198\/297
|move|p1a: Chansey|Soft-Boiled|p1a: Chansey
|-heal|p1a: Chansey|645\/645
|
|-weather|SunnyDay|[upkeep]
|turn|70
|
|move|p2a: Charizard|Roost|p2a: Charizard
|-heal|p2a: Charizard|297\/297
|move|p1a: Chansey|Seismic Toss|p2a: Charizard
|-damage|p2a: Charizard|197\/297
|
|-weather|SunnyDay|[upkeep]
|turn|71
|c|âAlkov|would be cool if i called for 2 hax
|c|âRS Swept|n
|c|âAlkov|:[
|
|move|p2a: Charizard|Roost|p2a: Charizard
|-heal|p2a: Charizard|297\/297
|move|p1a: Chansey|Seismic Toss|p2a: Charizard
|-damage|p2a: Charizard|197\/297
|
|-weather|none
|turn|72
|c|âRS Swept|free wins are supposed to be free
|
|move|p2a: Charizard|Focus Blast|p1a: Chansey
|-supereffective|p1a: Chansey
|-damage|p1a: Chansey|445\/645
|move|p1a: Chansey|Seismic Toss|p2a: Charizard
|-damage|p2a: Charizard|97\/297
|
|turn|73
|
|move|p2a: Charizard|Roost|p2a: Charizard
|-heal|p2a: Charizard|246\/297
|move|p1a: Chansey|Seismic Toss|p2a: Charizard
|-damage|p2a: Charizard|146\/297
|
|turn|74
|
|move|p2a: Charizard|Focus Blast|p1a: Chansey
|-supereffective|p1a: Chansey
|-damage|p1a: Chansey|257\/645
|move|p1a: Chansey|Soft-Boiled|p1a: Chansey
|-heal|p1a: Chansey|580\/645
|
|turn|75
|
|move|p2a: Charizard|Focus Blast|p1a: Chansey
|-supereffective|p1a: Chansey
|-damage|p1a: Chansey|396\/645
|move|p1a: Chansey|Seismic Toss|p2a: Charizard
|-damage|p2a: Charizard|46\/297
|
|turn|76
|
|move|p2a: Charizard|Roost|p2a: Charizard
|-heal|p2a: Charizard|195\/297
|move|p1a: Chansey|Soft-Boiled|p1a: Chansey
|-heal|p1a: Chansey|645\/645
|
|turn|77
|
|move|p2a: Charizard|Focus Blast|p1a: Chansey
|-supereffective|p1a: Chansey
|-damage|p1a: Chansey|467\/645
|move|p1a: Chansey|Seismic Toss|p2a: Charizard
|-damage|p2a: Charizard|95\/297
|
|turn|78
|c|âAlkov|nigga zard hitting 7 focus blasts
|
|move|p2a: Charizard|Roost|p2a: Charizard
|-heal|p2a: Charizard|244\/297
|move|p1a: Chansey|Soft-Boiled|p1a: Chansey
|-heal|p1a: Chansey|645\/645
|
|turn|79
|
|move|p2a: Charizard|Focus Blast|p1a: Chansey
|-supereffective|p1a: Chansey
|-damage|p1a: Chansey|459\/645
|move|p1a: Chansey|Seismic Toss|p2a: Charizard
|-damage|p2a: Charizard|144\/297
|
|turn|80
|c|âAlkov|i hit 8\/8
|c|âRS Swept|can you just forfeit
|c|âAlkov|and no spdef drop
|c|âAlkov|lol
|c|âRS Swept|and save us the time
|
|move|p2a: Charizard|Roost|p2a: Charizard
|-heal|p2a: Charizard|293\/297
|move|p1a: Chansey|Seismic Toss|p2a: Charizard
|-damage|p2a: Charizard|193\/297
|
|turn|81
|
|switch|p2a: Greninja|Greninja, M, shiny|285\/285
|-damage|p2a: Greninja|250\/285|[from] Spikes
|-damage|p2a: Greninja|215\/285|[from] Stealth Rock
|move|p1a: Chansey|Seismic Toss|p2a: Greninja
|-damage|p2a: Greninja|115\/285
|
|turn|82
|c|âRS Swept|you should probably just go buy a lottery ticket anyway :3
|
|move|p2a: Greninja|Low Kick|p1a: Chansey
|-start|p2a: Greninja|typechange|Fighting|[from] Protean
|-supereffective|p1a: Chansey
|-damage|p1a: Chansey|217\/645
|-damage|p2a: Greninja|87\/285|[from] item: Life Orb
|move|p1a: Chansey|Soft-Boiled|p1a: Chansey
|-heal|p1a: Chansey|540\/645
|
|turn|83
|join|I'm your Soul
|c|âAlkov|why?
|
|move|p2a: Greninja|Gunk Shot|p1a: Chansey
|-start|p2a: Greninja|typechange|Poison|[from] Protean
|-damage|p1a: Chansey|316\/645
|-damage|p2a: Greninja|59\/285|[from] item: Life Orb
|move|p1a: Chansey|Soft-Boiled|p1a: Chansey
|-heal|p1a: Chansey|639\/645
|
|turn|84
|
|switch|p1a: Quagsire|Quagsire, M|271\/394 brn
|-damage|p1a: Quagsire|247\/394 brn|[from] Stealth Rock
|move|p2a: Greninja|Gunk Shot|p1a: Quagsire
|-resisted|p1a: Quagsire
|-damage|p1a: Quagsire|168\/394 brn
|-damage|p2a: Greninja|31\/285|[from] item: Life Orb
|
|-heal|p1a: Quagsire|192\/394 brn|[from] item: Leftovers
|-damage|p1a: Quagsire|143\/394 brn|[from] brn
|turn|85
|
|switch|p1a: Chansey|Chansey, F|639\/645
|-damage|p1a: Chansey|559\/645|[from] Stealth Rock
|move|p2a: Greninja|Gunk Shot|p1a: Chansey
|-damage|p1a: Chansey|294\/645
|-damage|p2a: Greninja|3\/285|[from] item: Life Orb
|
|turn|86
|
|move|p2a: Greninja|Low Kick|p1a: Chansey
|-start|p2a: Greninja|typechange|Fighting|[from] Protean
|-supereffective|p1a: Chansey
|-damage|p1a: Chansey|44\/645
|-damage|p2a: Greninja|0 fnt|[from] item: Life Orb
|faint|p2a: Greninja
|move|p1a: Chansey|Soft-Boiled|p1a: Chansey
|-heal|p1a: Chansey|367\/645
|
|c|âAlkov|no
|c|âAlkov|dammit
|leave|I'm your Soul
|c|âAlkov|1crit 1 dream
|
|switch|p2a: Breloom|Breloom, M|150\/262
|-damage|p2a: Breloom|134\/262|[from] Stealth Rock
|-damage|p2a: Breloom|102\/262|[from] Spikes
|turn|87
|
|switch|p1a: Skarmory|Skarmory, F|299\/333
|-damage|p1a: Skarmory|258\/333|[from] Stealth Rock
|move|p2a: Breloom|Spore|p1a: Skarmory
|-message|Sleep Clause Mod activated.
|-fail|p1a: Skarmory
|
|turn|88
|join|I'm your Soul
|
|switch|p2a: Excadrill|Excadrill, M|167\/359
|-damage|p2a: Excadrill|156\/359|[from] Stealth Rock
|-damage|p2a: Excadrill|112\/359|[from] Spikes
|move|p1a: Skarmory|Spikes|p2a: Excadrill
|-sidestart|p2: Alkov|Spikes
|
|turn|89
|
|move|p2a: Excadrill|Rapid Spin|p1a: Skarmory
|-resisted|p1a: Skarmory
|-damage|p1a: Skarmory|249\/333
|-sideend|p2: Alkov|Spikes|[from] move: Rapid Spin|[of] p2a: Excadrill
|-sideend|p2: Alkov|Stealth Rock|[from] move: Rapid Spin|[of] p2a: Excadrill
|-damage|p2a: Excadrill|77\/359|[from] item: Life Orb
|move|p1a: Skarmory|Defog|p2a: Excadrill
|-unboost|p2a: Excadrill|evasion|1
|-sideend|p1: RS Swept|Stealth Rock|[from] move: Defog|[of] p1a: Skarmory
|
|turn|90
|
|switch|p2a: Charizard|Charizard-Mega-Y, M|193\/297
|-weather|SunnyDay
|move|p1a: Skarmory|Roost|p1a: Skarmory
|-heal|p1a: Skarmory|333\/333
|
|-weather|SunnyDay|[upkeep]
|turn|91
|join|churos1.5
|
|switch|p1a: Quagsire|Quagsire, M|143\/394 brn
|move|p2a: Charizard|Flamethrower|p1a: Quagsire
|-resisted|p1a: Quagsire
|-damage|p1a: Quagsire|0 fnt
|faint|p1a: Quagsire
|
|-weather|SunnyDay|[upkeep]
|
|switch|p1a: Chansey|Chansey, F|367\/645
|turn|92
|
|switch|p2a: Excadrill|Excadrill, M|77\/359
|move|p1a: Chansey|Aromatherapy|p1a: Chansey
|-cureteam|p1a: Chansey|[from] move: Aromatherapy
|
|-weather|SunnyDay|[upkeep]
|turn|93
|
|switch|p2a: Charizard|Charizard-Mega-Y, M|193\/297
|switch|p1a: Skarmory|Skarmory, F|333\/333
|
|-weather|SunnyDay|[upkeep]
|turn|94
|
|switch|p1a: Chansey|Chansey, F|367\/645
|move|p2a: Charizard|Flamethrower|p1a: Chansey
|-damage|p1a: Chansey|210\/645
|
|-weather|none
|turn|95
|
|switch|p2a: Excadrill|Excadrill, M|77\/359
|move|p1a: Chansey|Seismic Toss|p2a: Excadrill
|-damage|p2a: Excadrill|0 fnt
|faint|p2a: Excadrill
|
|
|switch|p2a: Breloom|Breloom, M|102\/262
|turn|96
|
|switch|p1a: Skarmory|Skarmory, F|333\/333
|move|p2a: Breloom|Bullet Seed|p1a: Skarmory
|-resisted|p1a: Skarmory
|-damage|p1a: Skarmory|323\/333
|-resisted|p1a: Skarmory
|-damage|p1a: Skarmory|313\/333
|-hitcount|p1a: Skarmory|2
|
|turn|97
|
|move|p2a: Breloom|Spore|p1a: Skarmory
|-status|p1a: Skarmory|slp
|cant|p1a: Skarmory|slp
|
|turn|98
|
|switch|p2a: Charizard|Charizard-Mega-Y, M|193\/297
|-weather|SunnyDay
|switch|p1a: Cresselia|Cresselia, F|202\/444
|
|-weather|SunnyDay|[upkeep]
|-heal|p1a: Cresselia|229\/444|[from] item: Leftovers
|turn|99
|
|move|p2a: Charizard|Flamethrower|p1a: Cresselia
|-damage|p1a: Cresselia|0 fnt
|faint|p1a: Cresselia
|
|-weather|SunnyDay|[upkeep]
|
|switch|p1a: Chansey|Chansey, F|210\/645
|turn|100
|
|move|p2a: Charizard|Flamethrower|p1a: Chansey
|-damage|p1a: Chansey|56\/645
|move|p1a: Chansey|Seismic Toss|p2a: Charizard
|-damage|p2a: Charizard|93\/297
|
|-weather|SunnyDay|[upkeep]
|turn|101
|c|âRS Swept|these calcs
|c|âAlkov|lmfao
|c|âRS Swept|lied to me
|c|âAlkov|good job
|c| Squirrelll|why would you s toss lol
|c| Squirrelll|you still had it won
|c|âAlkov|that 1 click from soft boiled
|c|âAlkov|to stoss
|c|âAlkov|made him lost
|c|âRS Swept|or im out of softboiled
|c| Squirrelll|ah
|
|move|p2a: Charizard|Flamethrower|p1a: Chansey
|-damage|p1a: Chansey|0 fnt
|faint|p1a: Chansey
|
|-weather|SunnyDay|[upkeep]
|c|âRS Swept|fuck hax man
|
|switch|p1a: Skarmory|Skarmory, F|313\/333 slp
|turn|102
|c| Squirrelll|this team is very prone to hax lol
|c|âRS Swept|should have just gone to bed
|c|âRS Swept|but no
|c|âRS Swept|im going to lose all my points
|c|âAlkov|lol you ran out of soft boiled
|c|âRS Swept|and now nobody will get 2k
|c|âRS Swept|:'(
|c|âAlkov|the only hax i got
|c|âAlkov|was that crit i called
|c|âAlkov|on stone edge
|c|âAlkov|but lol
|c|âRS Swept|which was huge
|c|âAlkov|err
|c|âRS Swept|much less hitting 8 focus blasts
|c|âRS Swept|and the burn on cress
|c|âAlkov|stone edge has a high chance of crit ... you could had just wisp me
|join|survivor tele
|c|âRS Swept|and hitting all those stone miss in a row
|c|âRS Swept|and gunk shot not missing
|c|âAlkov|ok
|c|âRS Swept|and my WoW on rotom missing
|c| Squirrelll|tele come back to bof
|c|âAlkov|you toxic'ed it instead
|join|haunter
|c| survivor tele|dw costa
|c|âAlkov|made it better for you
|c| survivor tele|ill get to 2000
|c| I'm your Soul|full stall
|c|âAlkov|lol
|c| survivor tele|today
|c| I'm your Soul|ouch
|
|move|p2a: Charizard|Flamethrower|p1a: Skarmory
|-supereffective|p1a: Skarmory
|-damage|p1a: Skarmory|0 fnt
|faint|p1a: Skarmory
|
|win|Alkov
|raw|Ladder updating...
|c| I'm your Soul|very full stall oo
|raw|RS Swept's rating: 1963 &rarr; <strong>1931<\/strong><br \/>(-32 for losing)
|raw|Alkov's rating: 1728 &rarr; <strong>1760<\/strong><br \/>(+32 for winning)
|c|âRS Swept|grats on hax
|leave|RS Swept
|player|p1
|leave|churos1.5
|join|churos1.5
|leave|haunter
|leave|survivor tele
|leave|churos1.5
|leave|Squirrelll
|leave|I Iike Squirtles