|join|Funtastique
|join|Alkov
|player|p1|Funtastique|203
|player|p2|Alkov|256
|gametype|singles
|gen|6
|tier|OU
|rated
|clearpoke
|poke|p1|Slurpuff, M
|poke|p1|Chatot, M
|poke|p1|Empoleon, M
|poke|p1|Entei, shiny
|poke|p1|Weavile, M
|poke|p1|Venusaur, F
|poke|p2|Politoed, F
|poke|p2|Kabutops, M
|poke|p2|Ferrothorn, F
|poke|p2|Latias, F
|poke|p2|Tornadus-Therian, M
|poke|p2|Heracross, M
|rule|Swagger Clause: Swagger is banned
|rule|Baton Pass Clause: Limit one PokÃ©mon knowing Baton Pass
|rule|Sleep Clause Mod: Limit one foe put to sleep
|rule|Species Clause: Limit one of each PokÃ©mon
|rule|OHKO Clause: OHKO moves are banned
|rule|Moody Clause: Moody is banned
|rule|Evasion Moves Clause: Evasion moves are banned
|rule|Endless Battle Clause: Forcing endless battles is banned
|rule|HP Percentage Mod: HP is shown in percentages
|teampreview
|
|start
|switch|p1a: Chatot|Chatot, M|293\/293
|switch|p2a: Ferrothorn|Ferrothorn, F|352\/352
|turn|1
|
|move|p1a: Chatot|Chatter|p2a: Ferrothorn
|-damage|p2a: Ferrothorn|286\/352
|-start|p2a: Ferrothorn|confusion
|-activate|p2a: Ferrothorn|confusion
|-damage|p2a: Ferrothorn|266\/352|[from] confusion
|
|-heal|p2a: Ferrothorn|288\/352|[from] item: Leftovers
|turn|2
|
|move|p1a: Chatot|Substitute|p1a: Chatot
|-start|p1a: Chatot|Substitute
|-damage|p1a: Chatot|220\/293
|-end|p2a: Ferrothorn|confusion
|move|p2a: Ferrothorn|Gyro Ball|p1a: Chatot
|-end|p1a: Chatot|Substitute
|
|-heal|p2a: Ferrothorn|310\/352|[from] item: Leftovers
|turn|3
|
|move|p1a: Chatot|Chatter|p2a: Ferrothorn
|-damage|p2a: Ferrothorn|246\/352
|-start|p2a: Ferrothorn|confusion
|-activate|p2a: Ferrothorn|confusion
|move|p2a: Ferrothorn|Stealth Rock|p1a: Chatot
|-sidestart|p1: Funtastique|move: Stealth Rock
|
|-heal|p2a: Ferrothorn|268\/352|[from] item: Leftovers
|turn|4
|
|move|p1a: Chatot|Substitute|p1a: Chatot
|-start|p1a: Chatot|Substitute
|-damage|p1a: Chatot|147\/293
|-activate|p2a: Ferrothorn|confusion
|-damage|p2a: Ferrothorn|246\/352|[from] confusion
|
|-heal|p2a: Ferrothorn|268\/352|[from] item: Leftovers
|turn|5
|
|move|p1a: Chatot|Nasty Plot|p1a: Chatot
|-boost|p1a: Chatot|spa|2
|-activate|p2a: Ferrothorn|confusion
|-damage|p2a: Ferrothorn|245\/352|[from] confusion
|
|-heal|p2a: Ferrothorn|267\/352|[from] item: Leftovers
|turn|6
|
|move|p1a: Chatot|Chatter|p2a: Ferrothorn
|-damage|p2a: Ferrothorn|122\/352
|-activate|p2a: Ferrothorn|confusion
|-damage|p2a: Ferrothorn|100\/352|[from] confusion
|
|-heal|p2a: Ferrothorn|122\/352|[from] item: Leftovers
|turn|7
|c|âAlkov|zzz
|
|move|p1a: Chatot|Chatter|p2a: Ferrothorn
|-damage|p2a: Ferrothorn|0 fnt
|faint|p2a: Ferrothorn
|
|
|switch|p2a: Latias|Latias, F|302\/302
|turn|8
|
|move|p2a: Latias|Psyshock|p1a: Chatot
|-end|p1a: Chatot|Substitute
|-damage|p2a: Latias|272\/302|[from] item: Life Orb
|move|p1a: Chatot|Boomburst|p2a: Latias
|-damage|p2a: Latias|0 fnt
|faint|p2a: Latias
|
|
|switch|p2a: Politoed|Politoed, F|384\/384
|-weather|RainDance
|turn|9
|
|move|p1a: Chatot|Boomburst|p2a: Politoed
|-damage|p2a: Politoed|2\/384
|move|p2a: Politoed|Ice Beam|p1a: Chatot
|-supereffective|p1a: Chatot
|-damage|p1a: Chatot|0 fnt
|faint|p1a: Chatot
|
|-weather|RainDance|[upkeep]
|
|switch|p1a: Empoleon|Empoleon, M|372\/372
|-damage|p1a: Empoleon|349\/372|[from] Stealth Rock
|turn|10
|
|switch|p2a: Heracross|Heracross, M|302\/302
|move|p1a: Empoleon|Stealth Rock|p2a: Heracross
|-sidestart|p2: Alkov|move: Stealth Rock
|
|-weather|RainDance|[upkeep]
|-heal|p1a: Empoleon|372\/372|[from] item: Leftovers
|turn|11
|
|detailschange|p2a: Heracross|Heracross-Mega, M
|message|Heracross has Mega Evolved into Mega Heracross!
|move|p2a: Heracross|Close Combat|p1a: Empoleon
|-crit|p1a: Empoleon
|-supereffective|p1a: Empoleon
|-damage|p1a: Empoleon|0 fnt
|-unboost|p2a: Heracross|def|1
|-unboost|p2a: Heracross|spd|1
|faint|p1a: Empoleon
|
|-weather|RainDance|[upkeep]
|
|switch|p1a: Slurpuff|Slurpuff, M|306\/306
|-damage|p1a: Slurpuff|268\/306|[from] Stealth Rock
|turn|12
|
|switch|p2a: Politoed|Politoed, F|2\/384
|-damage|p2a: Politoed|0 fnt|[from] Stealth Rock
|faint|p2a: Politoed
|move|p1a: Slurpuff|Belly Drum|p1a: Slurpuff
|-damage|p1a: Slurpuff|115\/306
|-setboost|p1a: Slurpuff|atk|6|[from] move: Belly Drum
|-enditem|p1a: Slurpuff|Sitrus Berry|[eat]
|-heal|p1a: Slurpuff|191\/306|[from] item: Sitrus Berry
|
|-weather|RainDance|[upkeep]
|
|switch|p2a: Kabutops|Kabutops, M|261\/261
|-damage|p2a: Kabutops|229\/261|[from] Stealth Rock
|turn|13
|
|move|p1a: Slurpuff|Play Rough|p2a: Kabutops
|-damage|p2a: Kabutops|0 fnt
|faint|p2a: Kabutops
|
|-weather|RainDance|[upkeep]
|-message|Alkov forfeited.
|
|win|Funtastique
|raw|Ladder updating...
|raw|Funtastique's rating: 1583 &rarr; <strong>1603<\/strong><br \/>(+20 for winning)
|raw|Alkov's rating: 1590 &rarr; <strong>1570<\/strong><br \/>(-20 for losing)
|leave|Alkov
|player|p2