|join|Alkov
|join|Captain Jiggs
|player|p1|Alkov|256
|player|p2|Captain Jiggs|260
|gametype|singles
|gen|6
|tier|OU
|rated
|clearpoke
|poke|p1|Scizor, M
|poke|p1|Heatran, F
|poke|p1|Serperior, M
|poke|p1|Keldeo
|poke|p1|Zapdos
|poke|p1|Landorus, M
|poke|p2|Landorus-Therian, M
|poke|p2|Latios, M
|poke|p2|Gardevoir, M
|poke|p2|Ferrothorn, F
|poke|p2|Hawlucha, F
|poke|p2|Rotom-Wash
|rule|Swagger Clause: Swagger is banned
|rule|Baton Pass Clause: Limit one PokÃ©mon knowing Baton Pass
|rule|Sleep Clause Mod: Limit one foe put to sleep
|rule|Species Clause: Limit one of each PokÃ©mon
|rule|OHKO Clause: OHKO moves are banned
|rule|Moody Clause: Moody is banned
|rule|Evasion Moves Clause: Evasion moves are banned
|rule|Endless Battle Clause: Forcing endless battles is banned
|rule|HP Percentage Mod: HP is shown in percentages
|teampreview
|join|RandomGuy105Lel
|join|Attribute
|c|âCaptain Jiggs|hi alkov lol
|c|âAlkov|hi
|c|âAlkov|GL
|c|âCaptain Jiggs|u2
|
|start
|switch|p1a: Keldeo|Keldeo|323\/323
|switch|p2a: Gardevoir|Gardevoir, M|277\/277
|-ability|p2a: Gardevoir|Justified|[from] ability: Trace|[of] p1a: Keldeo
|turn|1
|
|switch|p1a: Scizor|Scizor, M|290\/290
|detailschange|p2a: Gardevoir|Gardevoir-Mega, M
|-mega|p2a: Gardevoir|Gardevoir|Gardevoirite
|move|p2a: Gardevoir|Focus Blast|p1a: Scizor|[miss]
|-miss|p2a: Gardevoir|p1a: Scizor
|
|turn|2
|
|switch|p2a: Landorus-Therian|Landorus-Therian, M|365\/365
|-ability|p2a: Landorus-Therian|Intimidate|[of] p1a: Scizor
|-unboost|p1a: Scizor|atk|1
|detailschange|p1a: Scizor|Scizor-Mega, M
|-mega|p1a: Scizor|Scizor|Scizorite
|move|p1a: Scizor|Bug Bite|p2a: Landorus-Therian
|-resisted|p2a: Landorus-Therian
|-damage|p2a: Landorus-Therian|312\/365
|
|-heal|p2a: Landorus-Therian|334\/365|[from] item: Leftovers
|turn|3
|
|switch|p1a: Zapdos|Zapdos|383\/383
|-ability|p1a: Zapdos|Pressure
|move|p2a: Landorus-Therian|Stealth Rock|p1a: Zapdos
|-sidestart|p1: Alkov|move: Stealth Rock
|
|-heal|p2a: Landorus-Therian|356\/365|[from] item: Leftovers
|turn|4
|join|I Iike Squirtles
|
|move|p2a: Landorus-Therian|Stone Edge|p1a: Zapdos
|-supereffective|p1a: Zapdos
|-damage|p1a: Zapdos|193\/383
|move|p1a: Zapdos|Heat Wave|p2a: Landorus-Therian
|-damage|p2a: Landorus-Therian|243\/365
|
|-heal|p2a: Landorus-Therian|265\/365|[from] item: Leftovers
|-heal|p1a: Zapdos|216\/383|[from] item: Leftovers
|turn|5
|
|move|p2a: Landorus-Therian|Stone Edge|p1a: Zapdos
|-supereffective|p1a: Zapdos
|-damage|p1a: Zapdos|46\/383
|move|p1a: Zapdos|Defog|p2a: Landorus-Therian
|-unboost|p2a: Landorus-Therian|evasion|1
|-sideend|p1: Alkov|Stealth Rock|[from] move: Defog|[of] p1a: Zapdos
|
|-heal|p2a: Landorus-Therian|287\/365|[from] item: Leftovers
|-heal|p1a: Zapdos|69\/383|[from] item: Leftovers
|turn|6
|c| RandomGuy105Lel|i like squirtles=shadow?
|
|move|p2a: Landorus-Therian|Stealth Rock|p1a: Zapdos
|-sidestart|p1: Alkov|move: Stealth Rock
|move|p1a: Zapdos|Roost|p1a: Zapdos
|-heal|p1a: Zapdos|261\/383
|
|-heal|p2a: Landorus-Therian|309\/365|[from] item: Leftovers
|-heal|p1a: Zapdos|284\/383|[from] item: Leftovers
|turn|7
|
|move|p2a: Landorus-Therian|Stone Edge|p1a: Zapdos|[miss]
|-miss|p2a: Landorus-Therian|p1a: Zapdos
|move|p1a: Zapdos|Heat Wave|p2a: Landorus-Therian
|-damage|p2a: Landorus-Therian|196\/365
|
|-heal|p2a: Landorus-Therian|218\/365|[from] item: Leftovers
|-heal|p1a: Zapdos|307\/383|[from] item: Leftovers
|turn|8
|c| I Iike Squirtles|Shadow?
|
|move|p2a: Landorus-Therian|Stone Edge|p1a: Zapdos
|-supereffective|p1a: Zapdos
|-damage|p1a: Zapdos|135\/383
|move|p1a: Zapdos|Roost|p1a: Zapdos
|-heal|p1a: Zapdos|327\/383
|
|-heal|p2a: Landorus-Therian|240\/365|[from] item: Leftovers
|-heal|p1a: Zapdos|350\/383|[from] item: Leftovers
|turn|9
|c|âCaptain Jiggs|i
|c|âCaptain Jiggs|forgot
|c|âAlkov|i like bulbasaur
|c|âAlkov|n_n
|
|move|p2a: Landorus-Therian|U-turn|p1a: Zapdos
|-resisted|p1a: Zapdos
|-damage|p1a: Zapdos|319\/383
|
|switch|p2a: Gardevoir|Gardevoir-Mega, M|277\/277
|move|p1a: Zapdos|Heat Wave|p2a: Gardevoir
|-miss|p1a: Zapdos|p2a: Gardevoir
|
|-heal|p1a: Zapdos|342\/383|[from] item: Leftovers
|turn|10
|c|âAlkov|rip
|
|move|p2a: Gardevoir|Hyper Voice|p1a: Zapdos
|-damage|p1a: Zapdos|89\/383
|move|p1a: Zapdos|Volt Switch|p2a: Gardevoir
|-damage|p2a: Gardevoir|201\/277
|
|switch|p1a: Scizor|Scizor-Mega, M|290\/290
|-damage|p1a: Scizor|254\/290|[from] Stealth Rock
|
|turn|11
|
|move|p2a: Gardevoir|Focus Blast|p1a: Scizor
|-damage|p1a: Scizor|79\/290
|move|p1a: Scizor|Swords Dance|p1a: Scizor
|-boost|p1a: Scizor|atk|2
|
|turn|12
|
|switch|p2a: Ferrothorn|Ferrothorn, F|352\/352
|move|p1a: Scizor|Bullet Punch|p2a: Ferrothorn
|-resisted|p2a: Ferrothorn
|-damage|p2a: Ferrothorn|250\/352
|-damage|p1a: Scizor|43\/290|[from] ability: Iron Barbs|[of] p2a: Ferrothorn
|
|-heal|p2a: Ferrothorn|272\/352|[from] item: Leftovers
|turn|13
|c|âAlkov|so close to SDing again
|c|âAlkov|zzzz
|
|switch|p2a: Landorus-Therian|Landorus-Therian, M|240\/365
|-ability|p2a: Landorus-Therian|Intimidate|[of] p1a: Scizor
|-unboost|p1a: Scizor|atk|1
|move|p1a: Scizor|Superpower|p2a: Landorus-Therian
|-resisted|p2a: Landorus-Therian
|-damage|p2a: Landorus-Therian|145\/365
|-unboost|p1a: Scizor|atk|1
|-unboost|p1a: Scizor|def|1
|
|-heal|p2a: Landorus-Therian|167\/365|[from] item: Leftovers
|turn|14
|c| I Iike Squirtles|That's I I run hp fire garg no one ever bp's
|
|move|p2a: Landorus-Therian|Earthquake|p1a: Scizor
|-damage|p1a: Scizor|0 fnt
|faint|p1a: Scizor
|
|-heal|p2a: Landorus-Therian|189\/365|[from] item: Leftovers
|
|switch|p1a: Serperior|Serperior, M|291\/291
|-damage|p1a: Serperior|255\/291|[from] Stealth Rock
|turn|15
|
|move|p1a: Serperior|Leaf Storm|p2a: Landorus-Therian
|-crit|p2a: Landorus-Therian
|-damage|p2a: Landorus-Therian|0 fnt
|-boost|p1a: Serperior|spa|2
|faint|p2a: Landorus-Therian
|
|-heal|p1a: Serperior|273\/291|[from] item: Leftovers
|c|âCaptain Jiggs|;-;
|
|switch|p2a: Hawlucha|Hawlucha, F|328\/328
|turn|16
|
|switch|p1a: Zapdos|Zapdos|89\/383
|-damage|p1a: Zapdos|0 fnt|[from] Stealth Rock
|faint|p1a: Zapdos
|move|p2a: Hawlucha|Substitute|p2a: Hawlucha
|-start|p2a: Hawlucha|Substitute
|-damage|p2a: Hawlucha|246\/328
|
|c|âAlkov|zzzzzzzzz
|c|âAlkov|holyfuck
|c|âAlkov|cant believe you subbed -.-
|c| RandomGuy105Lel|rip
|
|switch|p1a: Landorus|Landorus, M|319\/319
|-damage|p1a: Landorus|280\/319|[from] Stealth Rock
|turn|17
|
|move|p2a: Hawlucha|Substitute|p2a: Hawlucha
|-fail|p2a: Hawlucha|move: Substitute
|move|p1a: Landorus|Rock Polish|p1a: Landorus
|-boost|p1a: Landorus|spe|2
|
|turn|18
|c| Attribute|Lol
|c|âCaptain Jiggs|o im faster
|c|âCaptain Jiggs|lel
|
|move|p1a: Landorus|Psychic|p2a: Hawlucha
|-supereffective|p2a: Hawlucha
|-end|p2a: Hawlucha|Substitute
|move|p2a: Hawlucha|Substitute|p2a: Hawlucha
|-start|p2a: Hawlucha|Substitute
|-damage|p2a: Hawlucha|164\/328
|-enditem|p2a: Hawlucha|Sitrus Berry|[eat]
|-heal|p2a: Hawlucha|246\/328|[from] item: Sitrus Berry
|
|turn|19
|
|move|p2a: Hawlucha|Acrobatics|p1a: Landorus
|-damage|p1a: Landorus|106\/319
|move|p1a: Landorus|Psychic|p2a: Hawlucha
|-supereffective|p2a: Hawlucha
|-end|p2a: Hawlucha|Substitute
|
|turn|20
|
|move|p2a: Hawlucha|Acrobatics|p1a: Landorus
|-damage|p1a: Landorus|0 fnt
|faint|p1a: Landorus
|
|
|switch|p1a: Heatran|Heatran, F|385\/385
|-damage|p1a: Heatran|337\/385|[from] Stealth Rock
|turn|21
|c|âAlkov|you subbing on that turn was aids man -.-
|c|âAlkov|i could had hit you so hard you cant even sub
|c|âAlkov|and swept thru -.-
|c| RandomGuy105Lel|quick predict miss
|c|âAlkov|why do people make this kind of plays that doesnt make sense
|c|âCaptain Jiggs|i didnt have any other choice is the thing
|c|âCaptain Jiggs|im ps D pulse kills at +2
|c| Attribute|it doesn't
|c| Attribute|if you are at full
|
|move|p2a: Hawlucha|High Jump Kick|p1a: Heatran
|-supereffective|p1a: Heatran
|-damage|p1a: Heatran|0 fnt
|faint|p1a: Heatran
|
|c|âAlkov|haiii
|c|âAlkov|this kind of plays
|c|âAlkov|are aids
|c|âCaptain Jiggs|i swear it did once
|c|âAlkov|Dpulse doesnt kill at +2 if he's full
|c|âAlkov|but then
|c|âAlkov|he cant sub if i dpulsed
|c|âAlkov|and outspeed him -.-
|c|âAlkov|and then since lando lives a hit, i can kill him easily
|c| Attribute|+2 252 SpA Serperior Dragon Pulse vs. 8 HP \/ 0 SpD Hawlucha: 187-221 (62.5 - 73.9%) -- guaranteed 2HKO
|c|âAlkov|but he subbed right away
|c|âAlkov|was fucking aids
|-message|Alkov forfeited.
|
|win|Captain Jiggs
|raw|Ladder updating...
|raw|Alkov's rating: 1663 &rarr; <strong>1636<\/strong><br \/>(-27 for losing)
|raw|Captain Jiggs's rating: 1522 &rarr; <strong>1550<\/strong><br \/>(+28 for winning)
|leave|Alkov
|player|p1