|join|Alkov
|join|goodnewsbears
|player|p1|Alkov|256
|player|p2|goodnewsbears|1
|gametype|singles
|gen|6
|tier|OU
|rated
|clearpoke
|poke|p1|Charizard, M
|poke|p1|Tyranitar, F
|poke|p1|Excadrill, M
|poke|p1|Keldeo
|poke|p1|Latios, M
|poke|p1|Kyurem-Black, shiny
|poke|p2|Medicham, M
|poke|p2|Heatran, M
|poke|p2|Ferrothorn, F
|poke|p2|Landorus-Therian, M
|poke|p2|Gothitelle, F
|poke|p2|Latios, M
|rule|Swagger Clause: Swagger is banned
|rule|Baton Pass Clause: Limit one PokÃ©mon knowing Baton Pass
|rule|Sleep Clause Mod: Limit one foe put to sleep
|rule|Species Clause: Limit one of each PokÃ©mon
|rule|OHKO Clause: OHKO moves are banned
|rule|Moody Clause: Moody is banned
|rule|Evasion Moves Clause: Evasion moves are banned
|rule|Endless Battle Clause: Forcing endless battles is banned
|rule|HP Percentage Mod: HP is shown in percentages
|teampreview
|
|start
|switch|p1a: Keldeo|Keldeo|323\/323
|switch|p2a: Medicham|Medicham, M|261\/261
|turn|1
|
|detailschange|p2a: Medicham|Medicham-Mega, M
|-mega|p2a: Medicham|Medicham|Medichamite
|move|p2a: Medicham|Fake Out|p1a: Keldeo
|-crit|p1a: Keldeo
|-damage|p1a: Keldeo|186\/323
|cant|p1a: Keldeo|flinch
|
|turn|2
|c|âAlkov|......
|
|switch|p1a: Tyranitar|Tyranitar, F|403\/403
|-weather|Sandstorm
|switch|p2a: Gothitelle|Gothitelle, F|281\/281
|
|-weather|Sandstorm|[upkeep]
|-damage|p2a: Gothitelle|264\/281|[from] sandstorm
|turn|3
|
|move|p2a: Gothitelle|Trick|p1a: Tyranitar
|-activate|p2a: Gothitelle|move: Trick|[of] p1a: Tyranitar
|-item|p1a: Tyranitar|Choice Scarf|[from] move: Trick
|-item|p2a: Gothitelle|Smooth Rock|[from] move: Trick
|move|p1a: Tyranitar|Pursuit|p2a: Gothitelle
|-supereffective|p2a: Gothitelle
|-damage|p2a: Gothitelle|114\/281
|
|-weather|Sandstorm|[upkeep]
|-damage|p2a: Gothitelle|97\/281|[from] sandstorm
|turn|4
|
|move|p2a: Gothitelle|Thunderbolt|p1a: Tyranitar
|-damage|p1a: Tyranitar|358\/403
|move|p1a: Tyranitar|Pursuit|p2a: Gothitelle
|-supereffective|p2a: Gothitelle
|-damage|p2a: Gothitelle|0 fnt
|faint|p2a: Gothitelle
|
|-weather|Sandstorm|[upkeep]
|
|switch|p2a: Medicham|Medicham-Mega, M|261\/261
|turn|5
|
|switch|p1a: Latios|Latios, M|301\/301
|move|p2a: Medicham|Drain Punch|p1a: Latios
|-resisted|p1a: Latios
|-damage|p1a: Latios|171\/301
|
|-weather|Sandstorm|[upkeep]
|-damage|p1a: Latios|153\/301|[from] sandstorm
|-damage|p2a: Medicham|245\/261|[from] sandstorm
|turn|6
|
|switch|p1a: Keldeo|Keldeo|186\/323
|switch|p2a: Heatran|Heatran, M|330\/330
|
|-weather|Sandstorm|[upkeep]
|-damage|p1a: Keldeo|166\/323|[from] sandstorm
|turn|7
|
|switch|p2a: Latios|Latios, M|301\/301
|move|p1a: Keldeo|Secret Sword|p2a: Latios
|-resisted|p2a: Latios
|-damage|p2a: Latios|149\/301
|
|-weather|Sandstorm|[upkeep]
|-damage|p2a: Latios|131\/301|[from] sandstorm
|-damage|p1a: Keldeo|146\/323|[from] sandstorm
|turn|8
|
|switch|p2a: Medicham|Medicham-Mega, M|245\/261
|switch|p1a: Tyranitar|Tyranitar, F|358\/403
|
|-weather|Sandstorm|[upkeep]
|-damage|p2a: Medicham|229\/261|[from] sandstorm
|turn|9
|
|switch|p1a: Latios|Latios, M|153\/301
|move|p2a: Medicham|Drain Punch|p1a: Latios
|-resisted|p1a: Latios
|-damage|p1a: Latios|11\/301
|-heal|p2a: Medicham|261\/261|[from] drain|[of] p1a: Latios
|
|-weather|none
|turn|10
|
|move|p2a: Medicham|Bullet Punch|p1a: Latios
|-damage|p1a: Latios|0 fnt
|faint|p1a: Latios
|
|
|switch|p1a: Charizard|Charizard, M|297\/297
|turn|11
|
|detailschange|p1a: Charizard|Charizard-Mega-Y, M
|-mega|p1a: Charizard|Charizard|Charizardite Y
|-weather|SunnyDay
|move|p2a: Medicham|Zen Headbutt|p1a: Charizard
|-damage|p1a: Charizard|24\/297
|cant|p1a: Charizard|flinch
|
|-weather|SunnyDay|[upkeep]
|turn|12
|c|âAlkov|ARE YOU SERIOUS
|c|âAlkov|!dt zen headbutt
|c|~|\/data-move Zen Headbutt
|raw|<font size="1"><font color=#585858>Priority:<\/font> 0&nbsp;|&ThickSpace;<font color=#585858><font color=black>&#10003; Secondary effect<\/font><\/font>&nbsp;|&ThickSpace;<font color=#585858><font color=black>&#10003; Contact<\/font><\/font>&nbsp;|&ThickSpace;<font color=#585858><font color=black>&#10003; Blocked by Protect<\/font><\/font>&nbsp;|&ThickSpace;<font color=#585858>Target:<\/font> One Adjacent Pokemon<\/font>
|c|âAlkov|20% -.-
|
|switch|p1a: Tyranitar|Tyranitar, F|358\/403
|-weather|Sandstorm
|move|p2a: Medicham|Bullet Punch|p1a: Tyranitar
|-supereffective|p1a: Tyranitar
|-damage|p1a: Tyranitar|206\/403
|
|-weather|Sandstorm|[upkeep]
|-damage|p2a: Medicham|245\/261|[from] sandstorm
|turn|13
|
|move|p2a: Medicham|Drain Punch|p1a: Tyranitar
|-crit|p1a: Tyranitar
|-supereffective|p1a: Tyranitar
|-damage|p1a: Tyranitar|0 fnt
|-heal|p2a: Medicham|261\/261|[from] drain|[of] p1a: Tyranitar
|faint|p1a: Tyranitar
|
|-weather|Sandstorm|[upkeep]
|-damage|p2a: Medicham|245\/261|[from] sandstorm
|
|switch|p1a: Excadrill|Excadrill, M|361\/361
|turn|14
|
|switch|p2a: Ferrothorn|Ferrothorn, F|341\/341
|move|p1a: Excadrill|Swords Dance|p1a: Excadrill
|-boost|p1a: Excadrill|atk|2
|
|-weather|Sandstorm|[upkeep]
|turn|15
|
|move|p1a: Excadrill|Earthquake|p2a: Ferrothorn
|-damage|p2a: Ferrothorn|43\/341
|-damage|p1a: Excadrill|325\/361|[from] item: Life Orb
|move|p2a: Ferrothorn|Stealth Rock|p1a: Excadrill
|-sidestart|p1: Alkov|move: Stealth Rock
|
|-weather|Sandstorm|[upkeep]
|-heal|p2a: Ferrothorn|64\/341|[from] item: Leftovers
|turn|16
|
|move|p1a: Excadrill|Iron Head|p2a: Ferrothorn
|-resisted|p2a: Ferrothorn
|-damage|p2a: Ferrothorn|0 fnt
|-damage|p1a: Excadrill|280\/361|[from] ability: Iron Barbs|[of] p2a: Ferrothorn
|-damage|p1a: Excadrill|244\/361|[from] item: Life Orb
|faint|p2a: Ferrothorn
|
|-weather|none
|
|switch|p2a: Medicham|Medicham-Mega, M|245\/261
|turn|17
|
|switch|p1a: Charizard|Charizard-Mega-Y, M|24\/297
|-damage|p1a: Charizard|0 fnt|[from] Stealth Rock
|faint|p1a: Charizard
|move|p2a: Medicham|Drain Punch|p1: Charizard|[notarget]
|-notarget
|
|
|switch|p1a: Keldeo|Keldeo|146\/323
|-damage|p1a: Keldeo|126\/323|[from] Stealth Rock
|turn|18
|
|switch|p2a: Latios|Latios, M|131\/301
|move|p1a: Keldeo|Hydro Pump|p2a: Latios
|-resisted|p2a: Latios
|-damage|p2a: Latios|0 fnt
|faint|p2a: Latios
|
|
|switch|p2a: Landorus-Therian|Landorus-Therian, M|319\/319
|-ability|p2a: Landorus-Therian|Intimidate|[of] p1a: Keldeo
|-unboost|p1a: Keldeo|atk|1
|turn|19
|
|switch|p1a: Excadrill|Excadrill, M|244\/361
|-damage|p1a: Excadrill|233\/361|[from] Stealth Rock
|move|p2a: Landorus-Therian|Earthquake|p1a: Excadrill
|-supereffective|p1a: Excadrill
|-damage|p1a: Excadrill|0 fnt
|faint|p1a: Excadrill
|
|
|switch|p1a: Kyurem-Black|Kyurem-Black, shiny|391\/391
|-damage|p1a: Kyurem-Black|294\/391|[from] Stealth Rock
|-ability|p1a: Kyurem-Black|Teravolt
|turn|20
|
|switch|p2a: Heatran|Heatran, M|330\/330
|move|p1a: Kyurem-Black|Ice Beam|p2a: Heatran
|-resisted|p2a: Heatran
|-damage|p2a: Heatran|298\/330
|
|-heal|p2a: Heatran|318\/330|[from] item: Leftovers
|turn|21
|
|switch|p1a: Keldeo|Keldeo|126\/323
|-damage|p1a: Keldeo|106\/323|[from] Stealth Rock
|move|p2a: Heatran|Toxic|p1a: Keldeo
|-status|p1a: Keldeo|tox
|
|-heal|p2a: Heatran|330\/330|[from] item: Leftovers
|-damage|p1a: Keldeo|86\/323 tox|[from] psn
|turn|22
|
|switch|p1a: Kyurem-Black|Kyurem-Black, shiny|294\/391
|-damage|p1a: Kyurem-Black|197\/391|[from] Stealth Rock
|-ability|p1a: Kyurem-Black|Teravolt
|move|p2a: Heatran|Protect|p2a: Heatran
|-fail|p2a: Heatran
|
|turn|23
|
|move|p2a: Heatran|Protect|p2a: Heatran
|-singleturn|p2a: Heatran|Protect
|move|p1a: Kyurem-Black|Earth Power|p2a: Heatran
|-activate|p2a: Heatran|Protect
|
|turn|24
|
|switch|p1a: Keldeo|Keldeo|86\/323 tox
|-damage|p1a: Keldeo|66\/323 tox|[from] Stealth Rock
|switch|p2a: Landorus-Therian|Landorus-Therian, M|319\/319
|-ability|p2a: Landorus-Therian|Intimidate|[of] p1a: Keldeo
|-unboost|p1a: Keldeo|atk|1
|
|-damage|p1a: Keldeo|46\/323 tox|[from] psn
|turn|25
|
|move|p2a: Landorus-Therian|Earthquake|p1a: Keldeo
|-damage|p1a: Keldeo|0 fnt
|faint|p1a: Keldeo
|
|-message|Alkov forfeited.
|
|win|goodnewsbears
|raw|Ladder updating...
|leave|Alkov
|player|p1
|raw|Alkov's rating: 1684 &rarr; <strong>1655<\/strong><br \/>(-29 for losing)
|raw|goodnewsbears's rating: 1530 &rarr; <strong>1559<\/strong><br \/>(+29 for winning)