|join|jinzetsu
|join|Alkov
|player|p1|jinzetsu|266
|player|p2|Alkov|256
|gametype|singles
|gen|6
|tier|OU
|rated
|clearpoke
|poke|p1|Talonflame, M
|poke|p1|Breloom, M
|poke|p1|Gengar, F
|poke|p1|Latios, M
|poke|p1|Garchomp, F
|poke|p1|Metagross
|poke|p2|Scizor, M
|poke|p2|Heatran, F
|poke|p2|Serperior, M
|poke|p2|Keldeo
|poke|p2|Zapdos
|poke|p2|Landorus, M
|rule|Swagger Clause: Swagger is banned
|rule|Baton Pass Clause: Limit one PokÃ©mon knowing Baton Pass
|rule|Sleep Clause Mod: Limit one foe put to sleep
|rule|Species Clause: Limit one of each PokÃ©mon
|rule|OHKO Clause: OHKO moves are banned
|rule|Moody Clause: Moody is banned
|rule|Evasion Moves Clause: Evasion moves are banned
|rule|Endless Battle Clause: Forcing endless battles is banned
|rule|HP Percentage Mod: HP is shown in percentages
|teampreview
|
|start
|switch|p1a: Gengar|Gengar, F|261\/261
|switch|p2a: Heatran|Heatran, F|385\/385
|turn|1
|
|move|p1a: Gengar|Taunt|p2a: Heatran
|-start|p2a: Heatran|move: Taunt
|move|p2a: Heatran|Lava Plume|p1a: Gengar
|-damage|p1a: Gengar|102\/261
|
|turn|2
|
|switch|p2a: Scizor|Scizor, M|290\/290
|move|p1a: Gengar|Destiny Bond|p1a: Gengar
|-singlemove|p1a: Gengar|Destiny Bond
|
|turn|3
|
|switch|p2a: Keldeo|Keldeo|323\/323
|move|p1a: Gengar|Shadow Ball|p2a: Keldeo
|-damage|p2a: Keldeo|169\/323
|
|turn|4
|
|move|p2a: Keldeo|Scald|p1a: Gengar
|-damage|p1a: Gengar|0 fnt
|faint|p1a: Gengar
|
|
|switch|p1a: Talonflame|Talonflame, M|359\/359
|turn|5
|
|switch|p2a: Zapdos|Zapdos|383\/383
|-ability|p2a: Zapdos|Pressure
|switch|p1a: Garchomp|Garchomp, F|420\/420
|
|turn|6
|
|move|p2a: Zapdos|Heat Wave|p1a: Garchomp
|-resisted|p1a: Garchomp
|-damage|p1a: Garchomp|364\/420
|move|p1a: Garchomp|Stealth Rock|p2a: Zapdos
|-sidestart|p2: Alkov|move: Stealth Rock
|
|turn|7
|
|move|p2a: Zapdos|Defog|p1a: Garchomp
|-unboost|p1a: Garchomp|evasion|1
|-sideend|p2: Alkov|Stealth Rock|[from] move: Defog|[of] p2a: Zapdos
|move|p1a: Garchomp|Toxic|p2a: Zapdos
|-status|p2a: Zapdos|tox
|
|-damage|p2a: Zapdos|360\/383 tox|[from] psn
|turn|8
|
|switch|p2a: Serperior|Serperior, M|291\/291
|move|p1a: Garchomp|Stealth Rock|p2a: Serperior
|-sidestart|p2: Alkov|move: Stealth Rock
|
|turn|9
|
|switch|p1a: Talonflame|Talonflame, M|359\/359
|move|p2a: Serperior|Leaf Storm|p1a: Talonflame
|-resisted|p1a: Talonflame
|-damage|p1a: Talonflame|307\/359
|-boost|p2a: Serperior|spa|2
|
|-heal|p1a: Talonflame|329\/359|[from] item: Leftovers
|turn|10
|
|switch|p2a: Heatran|Heatran, F|385\/385
|-damage|p2a: Heatran|337\/385|[from] Stealth Rock
|move|p1a: Talonflame|Brave Bird|p2a: Heatran
|-resisted|p2a: Heatran
|-damage|p2a: Heatran|256\/385
|-damage|p1a: Talonflame|302\/359|[from] recoil|[of] p2a: Heatran
|
|-heal|p1a: Talonflame|324\/359|[from] item: Leftovers
|-heal|p2a: Heatran|280\/385|[from] item: Leftovers
|turn|11
|
|move|p1a: Talonflame|Substitute|p1a: Talonflame
|-start|p1a: Talonflame|Substitute
|-damage|p1a: Talonflame|235\/359
|move|p2a: Heatran|Stealth Rock|p1a: Talonflame
|-sidestart|p1: jinzetsu|move: Stealth Rock
|
|-heal|p1a: Talonflame|257\/359|[from] item: Leftovers
|-heal|p2a: Heatran|304\/385|[from] item: Leftovers
|turn|12
|
|switch|p2a: Zapdos|Zapdos|360\/383 tox
|-damage|p2a: Zapdos|265\/383 tox|[from] Stealth Rock
|-ability|p2a: Zapdos|Pressure
|move|p1a: Talonflame|Swords Dance|p1a: Talonflame
|-boost|p1a: Talonflame|atk|2
|
|-heal|p1a: Talonflame|279\/359|[from] item: Leftovers
|-heal|p2a: Zapdos|288\/383 tox|[from] item: Leftovers
|-damage|p2a: Zapdos|265\/383 tox|[from] psn
|turn|13
|
|move|p1a: Talonflame|Brave Bird|p2a: Zapdos
|-resisted|p2a: Zapdos
|-damage|p2a: Zapdos|135\/383 tox
|-damage|p1a: Talonflame|236\/359|[from] recoil|[of] p2a: Zapdos
|move|p2a: Zapdos|Volt Switch|p1a: Talonflame
|-supereffective|p1a: Talonflame
|-end|p1a: Talonflame|Substitute
|
|switch|p2a: Keldeo|Keldeo|169\/323
|-damage|p2a: Keldeo|149\/323|[from] Stealth Rock
|
|-heal|p1a: Talonflame|258\/359|[from] item: Leftovers
|turn|14
|
|switch|p2a: Zapdos|Zapdos|135\/383 tox
|-damage|p2a: Zapdos|40\/383 tox|[from] Stealth Rock
|-ability|p2a: Zapdos|Pressure
|move|p1a: Talonflame|Brave Bird|p2a: Zapdos
|-resisted|p2a: Zapdos
|-damage|p2a: Zapdos|0 fnt
|-damage|p1a: Talonflame|245\/359|[from] recoil|[of] p2a: Zapdos
|faint|p2a: Zapdos
|
|-heal|p1a: Talonflame|267\/359|[from] item: Leftovers
|
|switch|p2a: Landorus|Landorus, M|319\/319
|-damage|p2a: Landorus|280\/319|[from] Stealth Rock
|turn|15
|
|move|p1a: Talonflame|Brave Bird|p2a: Landorus
|-damage|p2a: Landorus|0 fnt
|-damage|p1a: Talonflame|175\/359|[from] recoil|[of] p2a: Landorus
|faint|p2a: Landorus
|
|-heal|p1a: Talonflame|197\/359|[from] item: Leftovers
|
|switch|p2a: Scizor|Scizor, M|290\/290
|-damage|p2a: Scizor|254\/290|[from] Stealth Rock
|turn|16
|
|detailschange|p2a: Scizor|Scizor-Mega, M
|-mega|p2a: Scizor|Scizor|Scizorite
|move|p1a: Talonflame|Brave Bird|p2a: Scizor
|-damage|p2a: Scizor|0 fnt
|-damage|p1a: Talonflame|113\/359|[from] recoil|[of] p2a: Scizor
|faint|p2a: Scizor
|
|-heal|p1a: Talonflame|135\/359|[from] item: Leftovers
|
|switch|p2a: Heatran|Heatran, F|304\/385
|-damage|p2a: Heatran|256\/385|[from] Stealth Rock
|turn|17
|
|move|p1a: Talonflame|Brave Bird|p2a: Heatran
|-resisted|p2a: Heatran
|-damage|p2a: Heatran|80\/385
|-damage|p1a: Talonflame|77\/359|[from] recoil|[of] p2a: Heatran
|move|p2a: Heatran|Lava Plume|p1a: Talonflame
|-resisted|p1a: Talonflame
|-damage|p1a: Talonflame|0 fnt
|faint|p1a: Talonflame
|
|-heal|p2a: Heatran|104\/385|[from] item: Leftovers
|
|switch|p1a: Garchomp|Garchomp, F|364\/420
|-damage|p1a: Garchomp|338\/420|[from] Stealth Rock
|turn|18
|
|move|p1a: Garchomp|Earthquake|p2a: Heatran
|-supereffective|p2a: Heatran
|-damage|p2a: Heatran|0 fnt
|faint|p2a: Heatran
|
|
|switch|p2a: Serperior|Serperior, M|291\/291
|-damage|p2a: Serperior|255\/291|[from] Stealth Rock
|turn|19
|
|move|p2a: Serperior|Leaf Storm|p1a: Garchomp
|-damage|p1a: Garchomp|149\/420
|-boost|p2a: Serperior|spa|2
|move|p1a: Garchomp|Toxic|p2a: Serperior
|-status|p2a: Serperior|tox
|
|-heal|p2a: Serperior|273\/291 tox|[from] item: Leftovers
|-damage|p2a: Serperior|255\/291 tox|[from] psn
|turn|20
|
|move|p2a: Serperior|Leaf Storm|p1a: Garchomp
|-damage|p1a: Garchomp|0 fnt
|-boost|p2a: Serperior|spa|2
|faint|p1a: Garchomp
|
|-heal|p2a: Serperior|273\/291 tox|[from] item: Leftovers
|-damage|p2a: Serperior|237\/291 tox|[from] psn
|
|switch|p1a: Latios|Latios, M|301\/301
|-damage|p1a: Latios|264\/301|[from] Stealth Rock
|turn|21
|
|move|p1a: Latios|Draco Meteor|p2a: Serperior
|-damage|p2a: Serperior|0 fnt
|-unboost|p1a: Latios|spa|2
|faint|p2a: Serperior
|
|
|switch|p2a: Keldeo|Keldeo|149\/323
|-damage|p2a: Keldeo|129\/323|[from] Stealth Rock
|turn|22
|c|âAlkov|scarfed lati
|c|âAlkov|gg
|
|switch|p1a: Breloom|Breloom, M|261\/261
|-damage|p1a: Breloom|245\/261|[from] Stealth Rock
|move|p2a: Keldeo|Secret Sword|p1a: Breloom
|-damage|p1a: Breloom|64\/261
|
|-status|p1a: Breloom|tox|[from] item: Toxic Orb
|turn|23
|-message|Alkov forfeited.
|
|win|jinzetsu
|raw|Ladder updating...
|raw|jinzetsu's rating: 1588 &rarr; <strong>1614<\/strong><br \/>(+26 for winning)
|raw|Alkov's rating: 1696 &rarr; <strong>1670<\/strong><br \/>(-26 for losing)
|leave|Alkov
|player|p2
|leave|jinzetsu
|player|p1
|join|jinzetsu