|join|Alkov
|join|Spooky Feeble
|player|p1|Alkov|256
|player|p2|Spooky Feeble|40
|gametype|singles
|gen|6
|tier|OU
|rated
|clearpoke
|poke|p1|Scizor, M
|poke|p1|Heatran, F
|poke|p1|Serperior, M
|poke|p1|Keldeo
|poke|p1|Zapdos
|poke|p1|Landorus, M
|poke|p2|Gyarados, M
|poke|p2|Latios, M, shiny
|poke|p2|Raikou
|poke|p2|Landorus-Therian, M
|poke|p2|Talonflame, F
|poke|p2|Sylveon, M
|rule|Swagger Clause: Swagger is banned
|rule|Baton Pass Clause: Limit one PokÃ©mon knowing Baton Pass
|rule|Sleep Clause Mod: Limit one foe put to sleep
|rule|Species Clause: Limit one of each PokÃ©mon
|rule|OHKO Clause: OHKO moves are banned
|rule|Moody Clause: Moody is banned
|rule|Evasion Moves Clause: Evasion moves are banned
|rule|Endless Battle Clause: Forcing endless battles is banned
|rule|HP Percentage Mod: HP is shown in percentages
|teampreview
|
|start
|switch|p1a: Keldeo|Keldeo|323\/323
|switch|p2a: Raikou|Raikou|321\/321
|-ability|p2a: Raikou|Pressure
|turn|1
|c|âSpooky Feeble|gl hf :)
|c|âAlkov|GL
|
|switch|p1a: Landorus|Landorus, M|319\/319
|move|p2a: Raikou|Thunderbolt|p1a: Landorus
|-immune|p1a: Landorus|[msg]
|
|turn|2
|
|switch|p1a: Heatran|Heatran, F|385\/385
|move|p2a: Raikou|Hidden Power|p1a: Heatran
|-resisted|p1a: Heatran
|-damage|p1a: Heatran|374\/385
|
|-heal|p1a: Heatran|385\/385|[from] item: Leftovers
|turn|3
|
|move|p2a: Raikou|Volt Switch|p1a: Heatran
|-damage|p1a: Heatran|304\/385
|
|switch|p2a: Gyarados|Gyarados, M|331\/331
|-ability|p2a: Gyarados|Intimidate|[of] p1a: Heatran
|-unboost|p1a: Heatran|atk|1
|move|p1a: Heatran|Stealth Rock|p2a: Gyarados
|-sidestart|p2: Spooky Feeble|move: Stealth Rock
|
|-heal|p1a: Heatran|328\/385|[from] item: Leftovers
|turn|4
|
|switch|p1a: Zapdos|Zapdos|383\/383
|-ability|p1a: Zapdos|Pressure
|move|p2a: Gyarados|Taunt|p1a: Zapdos
|-start|p1a: Zapdos|move: Taunt
|
|turn|5
|
|switch|p2a: Latios|Latios, M, shiny|299\/299
|-damage|p2a: Latios|262\/299|[from] Stealth Rock
|move|p1a: Zapdos|Volt Switch|p2a: Latios
|-resisted|p2a: Latios
|-damage|p2a: Latios|216\/299
|
|switch|p1a: Scizor|Scizor, M|290\/290
|
|turn|6
|
|switch|p2a: Gyarados|Gyarados, M|331\/331
|-damage|p2a: Gyarados|249\/331|[from] Stealth Rock
|-ability|p2a: Gyarados|Intimidate|[of] p1a: Scizor
|-unboost|p1a: Scizor|atk|1
|detailschange|p1a: Scizor|Scizor-Mega, M
|-mega|p1a: Scizor|Scizor|Scizorite
|move|p1a: Scizor|Bug Bite|p2a: Gyarados
|-resisted|p2a: Gyarados
|-damage|p2a: Gyarados|177\/331
|
|turn|7
|
|switch|p1a: Zapdos|Zapdos|383\/383
|-ability|p1a: Zapdos|Pressure
|move|p2a: Gyarados|Taunt|p1a: Zapdos
|-start|p1a: Zapdos|move: Taunt
|
|turn|8
|
|switch|p2a: Uncommon I swear|Landorus-Therian, M|381\/381
|-damage|p2a: Uncommon I swear|334\/381|[from] Stealth Rock
|-ability|p2a: Uncommon I swear|Intimidate|[of] p1a: Zapdos
|-unboost|p1a: Zapdos|atk|1
|move|p1a: Zapdos|Volt Switch|p2a: Uncommon I swear
|-immune|p2a: Uncommon I swear|[msg]
|
|turn|9
|
|move|p1a: Zapdos|Heat Wave|p2a: Uncommon I swear
|-damage|p2a: Uncommon I swear|225\/381
|move|p2a: Uncommon I swear|Stealth Rock|p1a: Zapdos
|-sidestart|p1: Alkov|move: Stealth Rock
|
|turn|10
|
|move|p1a: Zapdos|Heat Wave|p2a: Uncommon I swear
|-damage|p2a: Uncommon I swear|112\/381
|move|p2a: Uncommon I swear|Knock Off|p1a: Zapdos
|-damage|p1a: Zapdos|271\/383
|-enditem|p1a: Zapdos|Leftovers|[from] move: Knock Off|[of] p2a: Uncommon I swear
|
|-end|p1a: Zapdos|move: Taunt
|turn|11
|
|switch|p2a: Latios|Latios, M, shiny|216\/299
|-damage|p2a: Latios|179\/299|[from] Stealth Rock
|move|p1a: Zapdos|Heat Wave|p2a: Latios
|-resisted|p2a: Latios
|-damage|p2a: Latios|140\/299
|
|turn|12
|
|switch|p1a: Heatran|Heatran, F|328\/385
|-damage|p1a: Heatran|280\/385|[from] Stealth Rock
|move|p2a: Latios|Psyshock|p1a: Heatran
|-resisted|p1a: Heatran
|-damage|p1a: Heatran|188\/385
|-damage|p2a: Latios|111\/299|[from] item: Life Orb
|
|-heal|p1a: Heatran|212\/385|[from] item: Leftovers
|turn|13
|
|switch|p2a: Uncommon I swear|Landorus-Therian, M|112\/381
|-damage|p2a: Uncommon I swear|65\/381|[from] Stealth Rock
|-ability|p2a: Uncommon I swear|Intimidate|[of] p1a: Heatran
|-unboost|p1a: Heatran|atk|1
|switch|p1a: Scizor|Scizor-Mega, M|290\/290
|-damage|p1a: Scizor|254\/290|[from] Stealth Rock
|
|turn|14
|
|move|p1a: Scizor|Bullet Punch|p2a: Uncommon I swear
|-damage|p2a: Uncommon I swear|0 fnt
|faint|p2a: Uncommon I swear
|
|
|switch|p2a: Latios|Latios, M, shiny|111\/299
|-damage|p2a: Latios|74\/299|[from] Stealth Rock
|turn|15
|
|move|p1a: Scizor|Bullet Punch|p2a: Latios
|-damage|p2a: Latios|0 fnt
|faint|p2a: Latios
|
|
|switch|p2a: Talonflame|Talonflame, F|319\/319
|-damage|p2a: Talonflame|160\/319|[from] Stealth Rock
|turn|16
|
|switch|p1a: Zapdos|Zapdos|271\/383
|-damage|p1a: Zapdos|176\/383|[from] Stealth Rock
|-ability|p1a: Zapdos|Pressure
|move|p2a: Talonflame|Roost|p2a: Talonflame
|-heal|p2a: Talonflame|319\/319
|
|turn|17
|
|move|p2a: Talonflame|Brave Bird|p1a: Zapdos
|-resisted|p1a: Zapdos
|-damage|p1a: Zapdos|99\/383
|-damage|p2a: Talonflame|294\/319|[from] recoil|[of] p1a: Zapdos
|move|p1a: Zapdos|Roost|p1a: Zapdos
|-heal|p1a: Zapdos|291\/383
|
|turn|18
|
|switch|p2a: Sylveon|Sylveon, M|392\/392
|-damage|p2a: Sylveon|343\/392|[from] Stealth Rock
|move|p1a: Zapdos|Volt Switch|p2a: Sylveon
|-damage|p2a: Sylveon|267\/392
|
|switch|p1a: Scizor|Scizor-Mega, M|254\/290
|-damage|p1a: Scizor|218\/290|[from] Stealth Rock
|
|turn|19
|
|move|p1a: Scizor|Bug Bite|p2a: Sylveon
|-resisted|p2a: Sylveon
|-damage|p2a: Sylveon|134\/392
|move|p2a: Sylveon|Hidden Power|p1a: Scizor
|-supereffective|p1a: Scizor
|-damage|p1a: Scizor|0 fnt
|faint|p1a: Scizor
|
|c|âAlkov|!!!! :[
|c|âAlkov|RIP
|c|âSpooky Feeble|oh man, that was such a risky call
|
|switch|p1a: Serperior|Serperior, M|291\/291
|-damage|p1a: Serperior|255\/291|[from] Stealth Rock
|turn|20
|
|move|p1a: Serperior|Leaf Storm|p2a: Sylveon
|-damage|p2a: Sylveon|5\/392
|-boost|p1a: Serperior|spa|2
|move|p2a: Sylveon|Hidden Power|p1a: Serperior
|-supereffective|p1a: Serperior
|-damage|p1a: Serperior|51\/291
|
|-heal|p1a: Serperior|69\/291|[from] item: Leftovers
|turn|21
|
|move|p1a: Serperior|Hidden Power|p2a: Sylveon
|-damage|p2a: Sylveon|0 fnt
|faint|p2a: Sylveon
|
|-heal|p1a: Serperior|87\/291|[from] item: Leftovers
|c|âAlkov|omg
|c|âAlkov|its so bulky
|
|switch|p2a: Talonflame|Talonflame, F|294\/319
|-damage|p2a: Talonflame|135\/319|[from] Stealth Rock
|turn|22
|
|move|p2a: Talonflame|Brave Bird|p1a: Serperior
|-supereffective|p1a: Serperior
|-damage|p1a: Serperior|0 fnt
|-damage|p2a: Talonflame|106\/319|[from] recoil|[of] p1a: Serperior
|faint|p1a: Serperior
|
|
|switch|p1a: Zapdos|Zapdos|291\/383
|-damage|p1a: Zapdos|196\/383|[from] Stealth Rock
|-ability|p1a: Zapdos|Pressure
|turn|23
|
|move|p2a: Talonflame|Roost|p2a: Talonflame
|-heal|p2a: Talonflame|266\/319
|move|p1a: Zapdos|Roost|p1a: Zapdos
|-heal|p1a: Zapdos|383\/383
|
|turn|24
|
|move|p2a: Talonflame|Swords Dance|p2a: Talonflame
|-boost|p2a: Talonflame|atk|2
|move|p1a: Zapdos|Volt Switch|p2a: Talonflame
|-supereffective|p2a: Talonflame
|-damage|p2a: Talonflame|0 fnt
|faint|p2a: Talonflame
|
|switch|p1a: Landorus|Landorus, M|319\/319
|-damage|p1a: Landorus|280\/319|[from] Stealth Rock
|
|
|switch|p2a: Raikou|Raikou|321\/321
|-damage|p2a: Raikou|281\/321|[from] Stealth Rock
|-ability|p2a: Raikou|Pressure
|turn|25
|
|switch|p1a: Heatran|Heatran, F|212\/385
|-damage|p1a: Heatran|164\/385|[from] Stealth Rock
|move|p2a: Raikou|Hidden Power|p1a: Heatran
|-resisted|p1a: Heatran
|-damage|p1a: Heatran|153\/385
|
|-heal|p1a: Heatran|177\/385|[from] item: Leftovers
|turn|26
|
|move|p2a: Raikou|Volt Switch|p1a: Heatran
|-damage|p1a: Heatran|96\/385
|
|switch|p2a: Gyarados|Gyarados, M|177\/331
|-damage|p2a: Gyarados|95\/331|[from] Stealth Rock
|-ability|p2a: Gyarados|Intimidate|[of] p1a: Heatran
|-unboost|p1a: Heatran|atk|1
|move|p1a: Heatran|Will-O-Wisp|p2a: Gyarados|[miss]
|-miss|p1a: Heatran|p2a: Gyarados
|
|-heal|p1a: Heatran|120\/385|[from] item: Leftovers
|turn|27
|c|âAlkov|!!!!!!!!
|c|âAlkov|!!!!!!!!!!!!!!!!!!!!!!!!!!!!!!!!!!!!!!1
|c|âAlkov|!!!!!!!!!!!!!!!!!!!!!!!!!!!!!!!!!!!!!!!!!!!!!!!!!!!!!!!!!!!!!!!!!!!!!!!!!!!!!!!!!!
|c|âAlkov|:[
|
|switch|p1a: Zapdos|Zapdos|383\/383
|-damage|p1a: Zapdos|288\/383|[from] Stealth Rock
|-ability|p1a: Zapdos|Pressure
|detailschange|p2a: Gyarados|Gyarados-Mega, M
|-mega|p2a: Gyarados|Gyarados|Gyaradosite
|-ability|p2a: Gyarados|Mold Breaker
|move|p2a: Gyarados|Waterfall|p1a: Zapdos
|-damage|p1a: Zapdos|156\/383
|
|turn|28
|
|move|p2a: Gyarados|Crunch|p1a: Zapdos
|-damage|p1a: Zapdos|33\/383
|move|p1a: Zapdos|Volt Switch|p2a: Gyarados
|-supereffective|p2a: Gyarados
|-damage|p2a: Gyarados|0 fnt
|faint|p2a: Gyarados
|
|switch|p1a: Keldeo|Keldeo|323\/323
|-damage|p1a: Keldeo|303\/323|[from] Stealth Rock
|
|
|switch|p2a: Raikou|Raikou|281\/321
|-damage|p2a: Raikou|241\/321|[from] Stealth Rock
|-ability|p2a: Raikou|Pressure
|turn|29
|
|move|p1a: Keldeo|Secret Sword|p2a: Raikou
|-damage|p2a: Raikou|46\/321
|move|p2a: Raikou|Thunderbolt|p1a: Keldeo
|-supereffective|p1a: Keldeo
|-damage|p1a: Keldeo|0 fnt
|faint|p1a: Keldeo
|
|
|switch|p1a: Heatran|Heatran, F|120\/385
|-damage|p1a: Heatran|72\/385|[from] Stealth Rock
|turn|30
|c|âAlkov|i just lost
|c|âAlkov|cus of that wisp miss
|c|âAlkov|my zapdos could had been healthy
|c|âAlkov|zzzzz
|c|âAlkov|stupid ass miss
|
|move|p2a: Raikou|Thunderbolt|p1a: Heatran
|-damage|p1a: Heatran|0 fnt
|faint|p1a: Heatran
|
|
|switch|p1a: Landorus|Landorus, M|280\/319
|-damage|p1a: Landorus|241\/319|[from] Stealth Rock
|turn|31
|
|move|p2a: Raikou|Hidden Power|p1a: Landorus
|-supereffective|p1a: Landorus
|-damage|p1a: Landorus|0 fnt
|faint|p1a: Landorus
|
|c|âAlkov|stupid ass game
|c|âSpooky Feeble|sorry :(
|c|âAlkov|you're not even sorry -.-
|c|âAlkov|i made a good play
|c|âSpooky Feeble|i got hella lucky, you outplayed the fuck out of me at the start
|c|âAlkov|but lost cus of the miss
|c|âAlkov|im not even rewarded cus of a good play
|c|âAlkov|instead i lost
|c|âAlkov|zzzzzz
|c|âAlkov|can you forfeit? i really need the points
|c|âAlkov|you're only at 1499
|c|âAlkov|you wont lose a lot of points
|c|âAlkov|at most 10
|c|âAlkov|im nearing 1700 alr
|c|âSpooky Feeble|woah whats with the huge discrepancy in rating
|c|âAlkov|idk
|c|âAlkov|but i really need the points
|c|âAlkov|....
|c|âAlkov|urghhh
|c|âAlkov|what a prick
|-message|Alkov lost due to inactivity.
|
|win|Spooky Feeble
|raw|Ladder updating...
|raw|Alkov's rating: 1678 &rarr; <strong>1649<\/strong><br \/>(-29 for losing)
|raw|Spooky Feeble's rating: 1499 &rarr; <strong>1529<\/strong><br \/>(+30 for winning)
|c|âAlkov|-29
|c|âAlkov|thanks to your hax
|c|âAlkov|fgt
|leave|Alkov
|player|p1