|join|Alkov
|join|traveloka
|player|p1|Alkov|256
|player|p2|traveloka|31
|gametype|singles
|gen|6
|tier|OU
|rated
|clearpoke
|poke|p1|Gothitelle, F
|poke|p1|Skarmory, M
|poke|p1|Cresselia, F
|poke|p1|Quagsire, M
|poke|p1|Sableye, F
|poke|p1|Chansey, F
|poke|p2|Keldeo
|poke|p2|Heatran, F, shiny
|poke|p2|Ferrothorn, F, shiny
|poke|p2|Clefable, M
|poke|p2|Latios, M, shiny
|poke|p2|Lopunny, M
|rule|Swagger Clause: Swagger is banned
|rule|Baton Pass Clause: Limit one PokÃ©mon knowing Baton Pass
|rule|Sleep Clause Mod: Limit one foe put to sleep
|rule|Species Clause: Limit one of each PokÃ©mon
|rule|OHKO Clause: OHKO moves are banned
|rule|Moody Clause: Moody is banned
|rule|Evasion Moves Clause: Evasion moves are banned
|rule|Endless Battle Clause: Forcing endless battles is banned
|rule|HP Percentage Mod: HP is shown in percentages
|teampreview
|
|start
|switch|p1a: Chansey|Chansey, F|704\/704
|switch|p2a: Lopunny|Lopunny, M|271\/271
|turn|1
|
|switch|p1a: Cresselia|Cresselia, F|444\/444
|detailschange|p2a: Lopunny|Lopunny-Mega, M
|-mega|p2a: Lopunny|Lopunny|Lopunnite
|move|p2a: Lopunny|High Jump Kick|p1a: Cresselia|[miss]
|-miss|p2a: Lopunny|p1a: Cresselia
|-damage|p2a: Lopunny|136\/271|[from] highjumpkick
|
|turn|2
|
|switch|p2a: Clefable|Clefable, M|394\/394
|switch|p1a: Sableye|Sableye, F|303\/303
|
|turn|3
|
|switch|p1a: Gothitelle|Gothitelle, F|301\/301
|move|p2a: Clefable|Moonblast|p1a: Gothitelle
|-damage|p1a: Gothitelle|213\/301
|-unboost|p1a: Gothitelle|spa|1
|
|turn|4
|
|move|p1a: Gothitelle|Trick|p2a: Clefable
|-activate|p1a: Gothitelle|move: Trick|[of] p2a: Clefable
|-item|p2a: Clefable|Choice Scarf|[from] move: Trick
|-item|p1a: Gothitelle|Leftovers|[from] move: Trick
|move|p2a: Clefable|Moonblast|p1a: Gothitelle
|-damage|p1a: Gothitelle|120\/301
|-unboost|p1a: Gothitelle|spa|1
|
|-heal|p1a: Gothitelle|138\/301|[from] item: Leftovers
|turn|5
|
|move|p1a: Gothitelle|Calm Mind|p1a: Gothitelle
|-boost|p1a: Gothitelle|spa|1
|-boost|p1a: Gothitelle|spd|1
|move|p2a: Clefable|Moonblast|p1a: Gothitelle
|-damage|p1a: Gothitelle|83\/301
|
|-heal|p1a: Gothitelle|101\/301|[from] item: Leftovers
|turn|6
|
|move|p1a: Gothitelle|Rest|p1a: Gothitelle
|-status|p1a: Gothitelle|slp
|-heal|p1a: Gothitelle|301\/301 slp|[silent]
|-status|p1a: Gothitelle|slp|[from] move: Rest
|move|p2a: Clefable|Moonblast|p1a: Gothitelle
|-damage|p1a: Gothitelle|247\/301 slp
|
|-heal|p1a: Gothitelle|265\/301 slp|[from] item: Leftovers
|turn|7
|
|cant|p1a: Gothitelle|slp
|move|p2a: Clefable|Moonblast|p1a: Gothitelle
|-damage|p1a: Gothitelle|208\/301 slp
|
|-heal|p1a: Gothitelle|226\/301 slp|[from] item: Leftovers
|turn|8
|
|cant|p1a: Gothitelle|slp
|move|p2a: Clefable|Moonblast|p1a: Gothitelle
|-damage|p1a: Gothitelle|165\/301 slp
|
|-heal|p1a: Gothitelle|183\/301 slp|[from] item: Leftovers
|turn|9
|-message|traveloka forfeited.
|
|win|Alkov
|raw|Ladder updating...
|leave|traveloka
|player|p2
|raw|Alkov's rating: 1618 &rarr; <strong>1639<\/strong><br \/>(+21 for winning)
|raw|traveloka's rating: 1638 &rarr; <strong>1617<\/strong><br \/>(-21 for losing)
|leave|Alkov
|player|p1