|join|lil manaphy
|join|Alkov
|player|p1|lil manaphy|272
|player|p2|Alkov|256
|gametype|singles
|gen|6
|tier|OU
|rated
|clearpoke
|poke|p1|Gardevoir, F
|poke|p1|Keldeo-Resolute
|poke|p1|Chansey, F
|poke|p1|Mandibuzz, F
|poke|p1|Amoonguss, F
|poke|p1|Landorus-Therian, M
|poke|p2|Scizor, M
|poke|p2|Heatran, F
|poke|p2|Serperior, M
|poke|p2|Keldeo
|poke|p2|Zapdos
|poke|p2|Landorus, M
|rule|Swagger Clause: Swagger is banned
|rule|Baton Pass Clause: Limit one PokÃ©mon knowing Baton Pass
|rule|Sleep Clause Mod: Limit one foe put to sleep
|rule|Species Clause: Limit one of each PokÃ©mon
|rule|OHKO Clause: OHKO moves are banned
|rule|Moody Clause: Moody is banned
|rule|Evasion Moves Clause: Evasion moves are banned
|rule|Endless Battle Clause: Forcing endless battles is banned
|rule|HP Percentage Mod: HP is shown in percentages
|teampreview
|c|âAlkov|dammit :[
|
|start
|switch|p1a: Keldeo-Resolute|Keldeo-Resolute|323\/323
|switch|p2a: Zapdos|Zapdos|383\/383
|-ability|p2a: Zapdos|Pressure
|turn|1
|
|switch|p1a: Amoonguss|Amoonguss, F|432\/432
|move|p2a: Zapdos|Volt Switch|p1a: Amoonguss
|-resisted|p1a: Amoonguss
|-damage|p1a: Amoonguss|375\/432
|
|switch|p2a: Heatran|Heatran, F|385\/385
|
|-heal|p1a: Amoonguss|402\/432|[from] item: Black Sludge
|turn|2
|
|switch|p1a: Landorus-Therian|Landorus-Therian, M|382\/382
|-ability|p1a: Landorus-Therian|Intimidate|[of] p2a: Heatran
|-unboost|p2a: Heatran|atk|1
|move|p2a: Heatran|Taunt|p1a: Landorus-Therian
|-start|p1a: Landorus-Therian|move: Taunt
|
|turn|3
|c|âAlkov|so close to wisping
|c|âAlkov|RIP
|
|switch|p2a: Zapdos|Zapdos|383\/383
|-ability|p2a: Zapdos|Pressure
|move|p1a: Landorus-Therian|Earthquake|p2a: Zapdos
|-immune|p2a: Zapdos|[msg]
|
|turn|4
|
|switch|p1a: Amoonguss|Amoonguss, F|432\/432
|move|p2a: Zapdos|Volt Switch|p1a: Amoonguss
|-resisted|p1a: Amoonguss
|-damage|p1a: Amoonguss|368\/432
|
|switch|p2a: Heatran|Heatran, F|385\/385
|
|-heal|p1a: Amoonguss|395\/432|[from] item: Black Sludge
|turn|5
|
|switch|p1a: Gardevoir|Gardevoir, F|277\/277
|-ability|p1a: Gardevoir|Flash Fire|[from] ability: Trace|[of] p2a: Heatran
|move|p2a: Heatran|Stealth Rock|p1a: Gardevoir
|-sidestart|p1: lil manaphy|move: Stealth Rock
|
|turn|6
|
|switch|p2a: Zapdos|Zapdos|383\/383
|-ability|p2a: Zapdos|Pressure
|move|p1a: Gardevoir|Focus Blast|p2a: Zapdos
|-resisted|p2a: Zapdos
|-damage|p2a: Zapdos|310\/383
|
|-heal|p2a: Zapdos|333\/383|[from] item: Leftovers
|turn|7
|
|switch|p1a: Amoonguss|Amoonguss, F|432\/432
|-damage|p1a: Amoonguss|378\/432|[from] Stealth Rock
|move|p2a: Zapdos|Volt Switch|p1a: Amoonguss
|-crit|p1a: Amoonguss
|-resisted|p1a: Amoonguss
|-damage|p1a: Amoonguss|290\/432
|
|switch|p2a: Landorus|Landorus, M|319\/319
|
|-heal|p1a: Amoonguss|317\/432|[from] item: Black Sludge
|turn|8
|
|switch|p1a: Chansey|Chansey, F|703\/703
|-damage|p1a: Chansey|616\/703|[from] Stealth Rock
|move|p2a: Landorus|Knock Off|p1a: Chansey
|-damage|p1a: Chansey|459\/703
|-enditem|p1a: Chansey|Eviolite|[from] move: Knock Off|[of] p2a: Landorus
|-damage|p2a: Landorus|288\/319|[from] item: Life Orb
|
|turn|9
|
|switch|p2a: Serperior|Serperior, M|291\/291
|move|p1a: Chansey|Seismic Toss|p2a: Serperior
|-damage|p2a: Serperior|191\/291
|
|-heal|p2a: Serperior|209\/291|[from] item: Leftovers
|turn|10
|
|switch|p1a: Amoonguss|Amoonguss, F|432\/432
|-damage|p1a: Amoonguss|378\/432|[from] Stealth Rock
|move|p2a: Serperior|Leaf Storm|p1a: Amoonguss
|-resisted|p1a: Amoonguss
|-damage|p1a: Amoonguss|329\/432
|-boost|p2a: Serperior|spa|2
|
|-heal|p2a: Serperior|227\/291|[from] item: Leftovers
|-heal|p1a: Amoonguss|356\/432|[from] item: Black Sludge
|turn|11
|
|move|p2a: Serperior|Substitute|p2a: Serperior
|-start|p2a: Serperior|Substitute
|-damage|p2a: Serperior|155\/291
|move|p1a: Amoonguss|Clear Smog|p2a: Serperior
|-supereffective|p2a: Serperior
|-end|p2a: Serperior|Substitute
|
|-heal|p2a: Serperior|173\/291|[from] item: Leftovers
|-heal|p1a: Amoonguss|383\/432|[from] item: Black Sludge
|turn|12
|
|switch|p2a: Heatran|Heatran, F|385\/385
|move|p1a: Amoonguss|Clear Smog|p2a: Heatran
|-immune|p2a: Heatran|[msg]
|
|-heal|p1a: Amoonguss|410\/432|[from] item: Black Sludge
|turn|13
|
|move|p2a: Heatran|Will-O-Wisp|p1a: Amoonguss
|-status|p1a: Amoonguss|brn
|move|p1a: Amoonguss|Spore|p2a: Heatran
|-status|p2a: Heatran|slp
|
|-heal|p1a: Amoonguss|432\/432 brn|[from] item: Black Sludge
|-damage|p1a: Amoonguss|378\/432 brn|[from] brn
|turn|14
|
|switch|p1a: Gardevoir|Gardevoir, F|277\/277
|-damage|p1a: Gardevoir|243\/277|[from] Stealth Rock
|-ability|p1a: Gardevoir|Flash Fire|[from] ability: Trace|[of] p2a: Heatran
|cant|p2a: Heatran|slp
|
|turn|15
|
|detailschange|p1a: Gardevoir|Gardevoir-Mega, F
|-mega|p1a: Gardevoir|Gardevoir|Gardevoirite
|move|p1a: Gardevoir|Hyper Voice|p2a: Heatran
|-resisted|p2a: Heatran
|-damage|p2a: Heatran|342\/385 slp
|cant|p2a: Heatran|slp
|
|-heal|p2a: Heatran|366\/385 slp|[from] item: Leftovers
|turn|16
|
|switch|p1a: Keldeo-Resolute|Keldeo-Resolute|323\/323
|-damage|p1a: Keldeo-Resolute|303\/323|[from] Stealth Rock
|cant|p2a: Heatran|slp
|
|-heal|p1a: Keldeo-Resolute|323\/323|[from] item: Leftovers
|-heal|p2a: Heatran|385\/385 slp|[from] item: Leftovers
|turn|17
|c|âAlkov|:[ 3 turn sleep
|c|âAlkov|rip
|
|switch|p2a: Zapdos|Zapdos|333\/383
|-ability|p2a: Zapdos|Pressure
|move|p1a: Keldeo-Resolute|Scald|p2a: Zapdos
|-damage|p2a: Zapdos|171\/383
|-status|p2a: Zapdos|brn
|
|-heal|p2a: Zapdos|194\/383 brn|[from] item: Leftovers
|-damage|p2a: Zapdos|147\/383 brn|[from] brn
|turn|18
|
|move|p1a: Keldeo-Resolute|Scald|p2a: Zapdos
|-damage|p2a: Zapdos|2\/383 brn
|move|p2a: Zapdos|Volt Switch|p1a: Keldeo-Resolute
|-supereffective|p1a: Keldeo-Resolute
|-damage|p1a: Keldeo-Resolute|117\/323
|
|switch|p2a: Serperior|Serperior, M|173\/291
|
|-heal|p2a: Serperior|191\/291|[from] item: Leftovers
|-heal|p1a: Keldeo-Resolute|137\/323|[from] item: Leftovers
|turn|19
|
|switch|p1a: Amoonguss|Amoonguss, F|432\/432 brn
|-damage|p1a: Amoonguss|378\/432 brn|[from] Stealth Rock
|move|p2a: Serperior|Leaf Storm|p1a: Amoonguss
|-resisted|p1a: Amoonguss
|-damage|p1a: Amoonguss|332\/432 brn
|-boost|p2a: Serperior|spa|2
|
|-heal|p2a: Serperior|209\/291|[from] item: Leftovers
|-heal|p1a: Amoonguss|359\/432 brn|[from] item: Black Sludge
|-damage|p1a: Amoonguss|305\/432 brn|[from] brn
|turn|20
|
|move|p2a: Serperior|Leaf Storm|p1a: Amoonguss
|-resisted|p1a: Amoonguss
|-damage|p1a: Amoonguss|208\/432 brn
|-boost|p2a: Serperior|spa|2
|move|p1a: Amoonguss|Clear Smog|p2a: Serperior
|-supereffective|p2a: Serperior
|-damage|p2a: Serperior|111\/291
|-clearboost|p2a: Serperior
|
|-heal|p2a: Serperior|129\/291|[from] item: Leftovers
|-heal|p1a: Amoonguss|235\/432 brn|[from] item: Black Sludge
|-damage|p1a: Amoonguss|181\/432 brn|[from] brn
|turn|21
|
|switch|p2a: Heatran|Heatran, F|385\/385 slp
|move|p1a: Amoonguss|Clear Smog|p2a: Heatran
|-immune|p2a: Heatran|[msg]
|
|-heal|p1a: Amoonguss|208\/432 brn|[from] item: Black Sludge
|-damage|p1a: Amoonguss|154\/432 brn|[from] brn
|turn|22
|
|switch|p1a: Landorus-Therian|Landorus-Therian, M|382\/382
|-damage|p1a: Landorus-Therian|335\/382|[from] Stealth Rock
|-ability|p1a: Landorus-Therian|Intimidate|[of] p2a: Heatran
|-unboost|p2a: Heatran|atk|1
|-curestatus|p2a: Heatran|slp
|move|p2a: Heatran|Lava Plume|p1a: Landorus-Therian
|-damage|p1a: Landorus-Therian|200\/382
|-status|p1a: Landorus-Therian|brn
|
|-heal|p1a: Landorus-Therian|223\/382 brn|[from] item: Leftovers
|-damage|p1a: Landorus-Therian|176\/382 brn|[from] brn
|turn|23
|
|switch|p2a: Zapdos|Zapdos|2\/383 brn
|-ability|p2a: Zapdos|Pressure
|move|p1a: Landorus-Therian|Stealth Rock|p2a: Zapdos
|-sidestart|p2: Alkov|move: Stealth Rock
|
|-heal|p2a: Zapdos|25\/383 brn|[from] item: Leftovers
|-heal|p1a: Landorus-Therian|199\/382 brn|[from] item: Leftovers
|-damage|p2a: Zapdos|0 fnt|[from] brn
|-damage|p1a: Landorus-Therian|152\/382 brn|[from] brn
|faint|p2a: Zapdos
|
|switch|p2a: Serperior|Serperior, M|129\/291
|-damage|p2a: Serperior|93\/291|[from] Stealth Rock
|turn|24
|
|switch|p1a: Amoonguss|Amoonguss, F|298\/432 brn
|-damage|p1a: Amoonguss|244\/432 brn|[from] Stealth Rock
|move|p2a: Serperior|Leaf Storm|p1a: Amoonguss|[miss]
|-miss|p2a: Serperior|p1a: Amoonguss
|
|-heal|p2a: Serperior|111\/291|[from] item: Leftovers
|-heal|p1a: Amoonguss|271\/432 brn|[from] item: Black Sludge
|-damage|p1a: Amoonguss|217\/432 brn|[from] brn
|turn|25
|c|âAlkov|:[
|
|move|p2a: Serperior|Leaf Storm|p1a: Amoonguss
|-resisted|p1a: Amoonguss
|-damage|p1a: Amoonguss|170\/432 brn
|-boost|p2a: Serperior|spa|2
|move|p1a: Amoonguss|Clear Smog|p2a: Serperior
|-supereffective|p2a: Serperior
|-damage|p2a: Serperior|1\/291
|-clearboost|p2a: Serperior
|
|-heal|p2a: Serperior|19\/291|[from] item: Leftovers
|-heal|p1a: Amoonguss|197\/432 brn|[from] item: Black Sludge
|-damage|p1a: Amoonguss|143\/432 brn|[from] brn
|turn|26
|
|move|p2a: Serperior|Hidden Power|p1a: Amoonguss
|-supereffective|p1a: Amoonguss
|-damage|p1a: Amoonguss|29\/432 brn
|move|p1a: Amoonguss|Clear Smog|p2a: Serperior
|-supereffective|p2a: Serperior
|-damage|p2a: Serperior|0 fnt
|-clearboost|p2a: Serperior
|faint|p2a: Serperior
|
|-heal|p1a: Amoonguss|56\/432 brn|[from] item: Black Sludge
|-damage|p1a: Amoonguss|2\/432 brn|[from] brn
|c|âAlkov|!!!!
|c|âAlkov|:[
|
|switch|p2a: Heatran|Heatran, F|385\/385
|-damage|p2a: Heatran|337\/385|[from] Stealth Rock
|turn|27
|
|switch|p1a: Landorus-Therian|Landorus-Therian, M|152\/382 brn
|-damage|p1a: Landorus-Therian|105\/382 brn|[from] Stealth Rock
|-ability|p1a: Landorus-Therian|Intimidate|[of] p2a: Heatran
|-unboost|p2a: Heatran|atk|1
|move|p2a: Heatran|Lava Plume|p1a: Landorus-Therian
|-damage|p1a: Landorus-Therian|0 fnt
|faint|p1a: Landorus-Therian
|
|-heal|p2a: Heatran|361\/385|[from] item: Leftovers
|
|switch|p1a: Keldeo-Resolute|Keldeo-Resolute|137\/323
|-damage|p1a: Keldeo-Resolute|117\/323|[from] Stealth Rock
|turn|28
|join|I Iike Squirtles
|
|move|p1a: Keldeo-Resolute|Substitute|p1a: Keldeo-Resolute
|-start|p1a: Keldeo-Resolute|Substitute
|-damage|p1a: Keldeo-Resolute|37\/323
|move|p2a: Heatran|Lava Plume|p1a: Keldeo-Resolute
|-resisted|p1a: Keldeo-Resolute
|-activate|p1a: Keldeo-Resolute|Substitute|[damage]
|
|-heal|p1a: Keldeo-Resolute|57\/323|[from] item: Leftovers
|-heal|p2a: Heatran|385\/385|[from] item: Leftovers
|turn|29
|
|move|p1a: Keldeo-Resolute|Secret Sword|p2a: Heatran
|-supereffective|p2a: Heatran
|-damage|p2a: Heatran|109\/385
|move|p2a: Heatran|Lava Plume|p1a: Keldeo-Resolute
|-resisted|p1a: Keldeo-Resolute
|-end|p1a: Keldeo-Resolute|Substitute
|
|-heal|p1a: Keldeo-Resolute|77\/323|[from] item: Leftovers
|-heal|p2a: Heatran|133\/385|[from] item: Leftovers
|turn|30
|
|move|p1a: Keldeo-Resolute|Secret Sword|p2a: Heatran
|-supereffective|p2a: Heatran
|-damage|p2a: Heatran|0 fnt
|faint|p2a: Heatran
|
|-heal|p1a: Keldeo-Resolute|97\/323|[from] item: Leftovers
|
|switch|p2a: Keldeo|Keldeo|323\/323
|-damage|p2a: Keldeo|303\/323|[from] Stealth Rock
|turn|31
|
|switch|p1a: Chansey|Chansey, F|459\/703
|-damage|p1a: Chansey|372\/703|[from] Stealth Rock
|move|p2a: Keldeo|Secret Sword|p1a: Chansey
|-supereffective|p1a: Chansey
|-damage|p1a: Chansey|0 fnt
|faint|p1a: Chansey
|
|
|switch|p1a: Gardevoir|Gardevoir-Mega, F|243\/277
|-damage|p1a: Gardevoir|209\/277|[from] Stealth Rock
|turn|32
|
|switch|p2a: Landorus|Landorus, M|288\/319
|-damage|p2a: Landorus|249\/319|[from] Stealth Rock
|move|p1a: Gardevoir|Hyper Voice|p2a: Landorus
|-crit|p2a: Landorus
|-damage|p2a: Landorus|0 fnt
|faint|p2a: Landorus
|
|
|switch|p2a: Scizor|Scizor, M|290\/290
|-damage|p2a: Scizor|254\/290|[from] Stealth Rock
|turn|33
|
|switch|p1a: Mandibuzz|Mandibuzz, F|424\/424
|-damage|p1a: Mandibuzz|318\/424|[from] Stealth Rock
|switch|p2a: Keldeo|Keldeo|303\/323
|-damage|p2a: Keldeo|283\/323|[from] Stealth Rock
|
|-heal|p1a: Mandibuzz|344\/424|[from] item: Leftovers
|turn|34
|
|switch|p1a: Keldeo-Resolute|Keldeo-Resolute|97\/323
|-damage|p1a: Keldeo-Resolute|77\/323|[from] Stealth Rock
|move|p2a: Keldeo|Hydro Pump|p1a: Keldeo-Resolute
|-resisted|p1a: Keldeo-Resolute
|-damage|p1a: Keldeo-Resolute|0 fnt
|faint|p1a: Keldeo-Resolute
|
|
|switch|p1a: Amoonguss|Amoonguss, F|146\/432 brn
|-damage|p1a: Amoonguss|92\/432 brn|[from] Stealth Rock
|turn|35
|
|switch|p1a: Gardevoir|Gardevoir-Mega, F|209\/277
|-damage|p1a: Gardevoir|175\/277|[from] Stealth Rock
|move|p2a: Keldeo|Hydro Pump|p1a: Gardevoir
|-damage|p1a: Gardevoir|16\/277
|
|turn|36
|
|switch|p2a: Scizor|Scizor, M|254\/290
|-damage|p2a: Scizor|218\/290|[from] Stealth Rock
|move|p1a: Gardevoir|Hyper Voice|p2a: Scizor
|-resisted|p2a: Scizor
|-damage|p2a: Scizor|80\/290
|
|turn|37
|
|detailschange|p2a: Scizor|Scizor-Mega, M
|-mega|p2a: Scizor|Scizor|Scizorite
|move|p2a: Scizor|Bullet Punch|p1a: Gardevoir
|-supereffective|p1a: Gardevoir
|-damage|p1a: Gardevoir|0 fnt
|faint|p1a: Gardevoir
|
|
|switch|p1a: Mandibuzz|Mandibuzz, F|344\/424
|-damage|p1a: Mandibuzz|238\/424|[from] Stealth Rock
|turn|38
|
|switch|p2a: Keldeo|Keldeo|283\/323
|-damage|p2a: Keldeo|263\/323|[from] Stealth Rock
|move|p1a: Mandibuzz|Foul Play|p2a: Keldeo
|-resisted|p2a: Keldeo
|-damage|p2a: Keldeo|223\/323
|-boost|p2a: Keldeo|atk|1|[from] ability: Justified
|
|-heal|p1a: Mandibuzz|264\/424|[from] item: Leftovers
|turn|39
|
|move|p2a: Keldeo|Hydro Pump|p1a: Mandibuzz
|-damage|p1a: Mandibuzz|71\/424
|move|p1a: Mandibuzz|Roost|p1a: Mandibuzz
|-heal|p1a: Mandibuzz|283\/424
|
|-heal|p1a: Mandibuzz|309\/424|[from] item: Leftovers
|turn|40
|c|âAlkov|!!! :[
|
|switch|p2a: Scizor|Scizor-Mega, M|80\/290
|-damage|p2a: Scizor|44\/290|[from] Stealth Rock
|move|p1a: Mandibuzz|Roost|p1a: Mandibuzz
|-heal|p1a: Mandibuzz|424\/424
|
|turn|41
|
|switch|p2a: Keldeo|Keldeo|223\/323
|-damage|p2a: Keldeo|203\/323|[from] Stealth Rock
|move|p1a: Mandibuzz|Foul Play|p2a: Keldeo
|-crit|p2a: Keldeo
|-resisted|p2a: Keldeo
|-damage|p2a: Keldeo|143\/323
|-boost|p2a: Keldeo|atk|1|[from] ability: Justified
|
|turn|42
|
|move|p2a: Keldeo|Scald|p1a: Mandibuzz
|-damage|p1a: Mandibuzz|270\/424
|-status|p1a: Mandibuzz|brn
|move|p1a: Mandibuzz|Foul Play|p2a: Keldeo
|-resisted|p2a: Keldeo
|-damage|p2a: Keldeo|113\/323
|-boost|p2a: Keldeo|atk|1|[from] ability: Justified
|
|-heal|p1a: Mandibuzz|296\/424 brn|[from] item: Leftovers
|-damage|p1a: Mandibuzz|243\/424 brn|[from] brn
|turn|43
|
|move|p2a: Keldeo|Scald|p1a: Mandibuzz
|-damage|p1a: Mandibuzz|95\/424 brn
|move|p1a: Mandibuzz|Roost|p1a: Mandibuzz
|-heal|p1a: Mandibuzz|307\/424 brn
|
|-heal|p1a: Mandibuzz|333\/424 brn|[from] item: Leftovers
|-damage|p1a: Mandibuzz|280\/424 brn|[from] brn
|turn|44
|
|move|p2a: Keldeo|Scald|p1a: Mandibuzz
|-damage|p1a: Mandibuzz|142\/424 brn
|move|p1a: Mandibuzz|Roost|p1a: Mandibuzz
|-heal|p1a: Mandibuzz|354\/424 brn
|
|-heal|p1a: Mandibuzz|380\/424 brn|[from] item: Leftovers
|-damage|p1a: Mandibuzz|327\/424 brn|[from] brn
|turn|45
|
|move|p2a: Keldeo|Scald|p1a: Mandibuzz
|-damage|p1a: Mandibuzz|170\/424 brn
|move|p1a: Mandibuzz|Roost|p1a: Mandibuzz
|-heal|p1a: Mandibuzz|382\/424 brn
|
|-heal|p1a: Mandibuzz|408\/424 brn|[from] item: Leftovers
|-damage|p1a: Mandibuzz|355\/424 brn|[from] brn
|turn|46
|
|move|p2a: Keldeo|Scald|p1a: Mandibuzz
|-damage|p1a: Mandibuzz|201\/424 brn
|move|p1a: Mandibuzz|Foul Play|p2a: Keldeo
|-resisted|p2a: Keldeo
|-damage|p2a: Keldeo|71\/323
|-boost|p2a: Keldeo|atk|1|[from] ability: Justified
|
|-heal|p1a: Mandibuzz|227\/424 brn|[from] item: Leftovers
|-damage|p1a: Mandibuzz|174\/424 brn|[from] brn
|turn|47
|
|move|p2a: Keldeo|Scald|p1a: Mandibuzz
|-damage|p1a: Mandibuzz|35\/424 brn
|move|p1a: Mandibuzz|Roost|p1a: Mandibuzz
|-heal|p1a: Mandibuzz|247\/424 brn
|
|-heal|p1a: Mandibuzz|273\/424 brn|[from] item: Leftovers
|-damage|p1a: Mandibuzz|220\/424 brn|[from] brn
|turn|48
|
|move|p2a: Keldeo|Scald|p1a: Mandibuzz
|-damage|p1a: Mandibuzz|72\/424 brn
|move|p1a: Mandibuzz|Roost|p1a: Mandibuzz
|-heal|p1a: Mandibuzz|284\/424 brn
|
|-heal|p1a: Mandibuzz|310\/424 brn|[from] item: Leftovers
|-damage|p1a: Mandibuzz|257\/424 brn|[from] brn
|turn|49
|
|move|p2a: Keldeo|Scald|p1a: Mandibuzz
|-damage|p1a: Mandibuzz|113\/424 brn
|move|p1a: Mandibuzz|Roost|p1a: Mandibuzz
|-heal|p1a: Mandibuzz|325\/424 brn
|
|-heal|p1a: Mandibuzz|351\/424 brn|[from] item: Leftovers
|-damage|p1a: Mandibuzz|298\/424 brn|[from] brn
|turn|50
|
|move|p2a: Keldeo|Scald|p1a: Mandibuzz
|-damage|p1a: Mandibuzz|138\/424 brn
|move|p1a: Mandibuzz|Roost|p1a: Mandibuzz
|-heal|p1a: Mandibuzz|350\/424 brn
|
|-heal|p1a: Mandibuzz|376\/424 brn|[from] item: Leftovers
|-damage|p1a: Mandibuzz|323\/424 brn|[from] brn
|turn|51
|
|move|p2a: Keldeo|Scald|p1a: Mandibuzz
|-damage|p1a: Mandibuzz|181\/424 brn
|move|p1a: Mandibuzz|Roost|p1a: Mandibuzz
|-heal|p1a: Mandibuzz|393\/424 brn
|
|-heal|p1a: Mandibuzz|419\/424 brn|[from] item: Leftovers
|-damage|p1a: Mandibuzz|366\/424 brn|[from] brn
|turn|52
|
|move|p2a: Keldeo|Scald|p1a: Mandibuzz
|-damage|p1a: Mandibuzz|228\/424 brn
|move|p1a: Mandibuzz|Roost|p1a: Mandibuzz
|-heal|p1a: Mandibuzz|424\/424 brn
|
|-damage|p1a: Mandibuzz|371\/424 brn|[from] brn
|turn|53
|
|move|p2a: Keldeo|Scald|p1a: Mandibuzz
|-damage|p1a: Mandibuzz|217\/424 brn
|move|p1a: Mandibuzz|Foul Play|p2a: Keldeo
|-resisted|p2a: Keldeo
|-damage|p2a: Keldeo|19\/323
|-boost|p2a: Keldeo|atk|1|[from] ability: Justified
|
|-heal|p1a: Mandibuzz|243\/424 brn|[from] item: Leftovers
|-damage|p1a: Mandibuzz|190\/424 brn|[from] brn
|turn|54
|
|move|p2a: Keldeo|Scald|p1a: Mandibuzz
|-damage|p1a: Mandibuzz|45\/424 brn
|move|p1a: Mandibuzz|Roost|p1a: Mandibuzz
|-heal|p1a: Mandibuzz|257\/424 brn
|
|-heal|p1a: Mandibuzz|283\/424 brn|[from] item: Leftovers
|-damage|p1a: Mandibuzz|230\/424 brn|[from] brn
|turn|55
|c|âAlkov|CRITTT
|c|âAlkov|:[
|
|move|p2a: Keldeo|Scald|p1a: Mandibuzz
|-damage|p1a: Mandibuzz|92\/424 brn
|move|p1a: Mandibuzz|Roost|p1a: Mandibuzz
|-heal|p1a: Mandibuzz|304\/424 brn
|
|-heal|p1a: Mandibuzz|330\/424 brn|[from] item: Leftovers
|-damage|p1a: Mandibuzz|277\/424 brn|[from] brn
|turn|56
|
|move|p2a: Keldeo|Scald|p1a: Mandibuzz
|-damage|p1a: Mandibuzz|142\/424 brn
|move|p1a: Mandibuzz|Roost|p1a: Mandibuzz
|-heal|p1a: Mandibuzz|354\/424 brn
|
|-heal|p1a: Mandibuzz|380\/424 brn|[from] item: Leftovers
|-damage|p1a: Mandibuzz|327\/424 brn|[from] brn
|turn|57
|
|move|p2a: Keldeo|Scald|p1a: Mandibuzz
|-damage|p1a: Mandibuzz|182\/424 brn
|move|p1a: Mandibuzz|Foul Play|p2a: Keldeo
|-resisted|p2a: Keldeo
|-damage|p2a: Keldeo|0 fnt
|faint|p2a: Keldeo
|
|-heal|p1a: Mandibuzz|208\/424 brn|[from] item: Leftovers
|-damage|p1a: Mandibuzz|155\/424 brn|[from] brn
|
|switch|p2a: Scizor|Scizor-Mega, M|44\/290
|-damage|p2a: Scizor|8\/290|[from] Stealth Rock
|turn|58
|
|move|p2a: Scizor|Bug Bite|p1a: Mandibuzz
|-damage|p1a: Mandibuzz|7\/424 brn
|move|p1a: Mandibuzz|Foul Play|p2a: Scizor
|-damage|p2a: Scizor|0 fnt
|faint|p2a: Scizor
|
|win|lil manaphy
|raw|Ladder updating...
|c|âAlkov|NOOOO
|raw|lil manaphy's rating: 1787 &rarr; <strong>1802<\/strong><br \/>(+15 for winning)
|raw|Alkov's rating: 1706 &rarr; <strong>1690<\/strong><br \/>(-16 for losing)
|c|âAlkov|THE ROLL
|c|âAlkov|:[
|c|âAlkov|RIP