|join|Alkov
|join|Sir Slaking
|player|p1|Alkov|256
|player|p2|Sir Slaking|99
|gametype|singles
|gen|6
|tier|OU
|rated
|clearpoke
|poke|p1|Kyurem-Black, shiny
|poke|p1|Slowbro, M
|poke|p1|Gardevoir, F, shiny
|poke|p1|Cobalion
|poke|p1|Landorus-Therian, M
|poke|p1|Zapdos
|poke|p2|Diggersby, M
|poke|p2|Lopunny, M
|poke|p2|Landorus-Therian, M
|poke|p2|Latios, M
|poke|p2|Rotom-Wash
|poke|p2|Tyranitar, F
|rule|Swagger Clause: Swagger is banned
|rule|Baton Pass Clause: Limit one PokÃ©mon knowing Baton Pass
|rule|Sleep Clause Mod: Limit one foe put to sleep
|rule|Species Clause: Limit one of each PokÃ©mon
|rule|OHKO Clause: OHKO moves are banned
|rule|Moody Clause: Moody is banned
|rule|Evasion Moves Clause: Evasion moves are banned
|rule|Endless Battle Clause: Forcing endless battles is banned
|rule|HP Percentage Mod: HP is shown in percentages
|teampreview
|
|start
|switch|p1a: Cobalion|Cobalion|351\/351
|switch|p2a: Rotom-Wash|Rotom-Wash|304\/304
|turn|1
|
|move|p1a: Cobalion|Stealth Rock|p2a: Rotom-Wash
|-sidestart|p2: Sir Slaking|move: Stealth Rock
|move|p2a: Rotom-Wash|Will-O-Wisp|p1a: Cobalion
|-status|p1a: Cobalion|brn
|
|-damage|p1a: Cobalion|308\/351 brn|[from] brn
|turn|2
|
|move|p1a: Cobalion|Volt Switch|p2a: Rotom-Wash
|-damage|p2a: Rotom-Wash|272\/304
|
|switch|p1a: Kyurem-Black|Kyurem-Black, shiny|391\/391
|-ability|p1a: Kyurem-Black|Teravolt
|move|p2a: Rotom-Wash|Hydro Pump|p1a: Kyurem-Black
|-resisted|p1a: Kyurem-Black
|-damage|p1a: Kyurem-Black|307\/391
|
|-heal|p2a: Rotom-Wash|291\/304|[from] item: Leftovers
|turn|3
|
|move|p1a: Kyurem-Black|Earth Power|p2a: Rotom-Wash
|-supereffective|p2a: Rotom-Wash
|-damage|p2a: Rotom-Wash|109\/304
|-damage|p1a: Kyurem-Black|268\/391|[from] item: Life Orb
|move|p2a: Rotom-Wash|Will-O-Wisp|p1a: Kyurem-Black
|-status|p1a: Kyurem-Black|brn
|
|-heal|p2a: Rotom-Wash|128\/304|[from] item: Leftovers
|-damage|p1a: Kyurem-Black|220\/391 brn|[from] brn
|turn|4
|c|âAlkov|ohgod ... spdef rotom
|
|switch|p2a: Lopunny|Lopunny, M|271\/271
|-damage|p2a: Lopunny|238\/271|[from] Stealth Rock
|move|p1a: Kyurem-Black|Ice Beam|p2a: Lopunny
|-damage|p2a: Lopunny|22\/271
|-damage|p1a: Kyurem-Black|181\/391 brn|[from] item: Life Orb
|
|-damage|p1a: Kyurem-Black|133\/391 brn|[from] brn
|turn|5
|
|switch|p1a: Slowbro|Slowbro, M|394\/394
|detailschange|p2a: Lopunny|Lopunny-Mega, M
|-mega|p2a: Lopunny|Lopunny|Lopunnite
|move|p2a: Lopunny|Return|p1a: Slowbro
|-damage|p1a: Slowbro|264\/394
|
|-heal|p1a: Slowbro|288\/394|[from] item: Leftovers
|turn|6
|
|switch|p2a: Rotom-Wash|Rotom-Wash|128\/304
|-damage|p2a: Rotom-Wash|90\/304|[from] Stealth Rock
|move|p1a: Slowbro|Psyshock|p2a: Rotom-Wash
|-damage|p2a: Rotom-Wash|2\/304
|
|-heal|p2a: Rotom-Wash|21\/304|[from] item: Leftovers
|-heal|p1a: Slowbro|312\/394|[from] item: Leftovers
|turn|7
|
|switch|p1a: Kyurem-Black|Kyurem-Black, shiny|133\/391 brn
|-ability|p1a: Kyurem-Black|Teravolt
|move|p2a: Rotom-Wash|Pain Split|p1a: Kyurem-Black
|-sethp|p1a: Kyurem-Black|77\/391 brn|p2a: Rotom-Wash|77\/304|[from] move: Pain Split
|
|-heal|p2a: Rotom-Wash|96\/304|[from] item: Leftovers
|-damage|p1a: Kyurem-Black|29\/391 brn|[from] brn
|turn|8
|
|switch|p2a: Latios|Latios, M|301\/301
|-damage|p2a: Latios|264\/301|[from] Stealth Rock
|move|p1a: Kyurem-Black|Fusion Bolt|p2a: Latios
|-resisted|p2a: Latios
|-damage|p2a: Latios|212\/301
|-damage|p1a: Kyurem-Black|0 fnt|[from] item: Life Orb
|faint|p1a: Kyurem-Black
|
|
|switch|p1a: Landorus-Therian|Landorus-Therian, M|328\/328
|-ability|p1a: Landorus-Therian|Intimidate|[of] p2a: Latios
|-unboost|p2a: Latios|atk|1
|turn|9
|
|switch|p2a: Landorus-Therian|Landorus-Therian, M|382\/382
|-damage|p2a: Landorus-Therian|335\/382|[from] Stealth Rock
|-ability|p2a: Landorus-Therian|Intimidate|[of] p1a: Landorus-Therian
|-unboost|p1a: Landorus-Therian|atk|1
|move|p1a: Landorus-Therian|Knock Off|p2a: Landorus-Therian
|-damage|p2a: Landorus-Therian|241\/382
|-enditem|p2a: Landorus-Therian|Leftovers|[from] move: Knock Off|[of] p1a: Landorus-Therian
|
|turn|10
|
|switch|p1a: Gardevoir|Gardevoir, F, shiny|277\/277
|-ability|p1a: Gardevoir|Intimidate|[from] ability: Trace|[of] p2a: Landorus-Therian
|-ability|p1a: Gardevoir|Intimidate|[of] p2a: Landorus-Therian
|-unboost|p2a: Landorus-Therian|atk|1
|move|p2a: Landorus-Therian|Stealth Rock|p1a: Gardevoir
|-sidestart|p1: Alkov|move: Stealth Rock
|
|turn|11
|
|detailschange|p1a: Gardevoir|Gardevoir-Mega, F, shiny
|-mega|p1a: Gardevoir|Gardevoir|Gardevoirite
|move|p1a: Gardevoir|Hyper Voice|p2a: Landorus-Therian
|-damage|p2a: Landorus-Therian|0 fnt
|faint|p2a: Landorus-Therian
|
|
|switch|p2a: Lopunny|Lopunny-Mega, M|22\/271
|-damage|p2a: Lopunny|6\/271|[from] Stealth Rock
|turn|12
|
|switch|p1a: Slowbro|Slowbro, M|394\/394
|-damage|p1a: Slowbro|345\/394|[from] Stealth Rock
|move|p2a: Lopunny|Return|p1a: Slowbro
|-damage|p1a: Slowbro|224\/394
|
|-heal|p1a: Slowbro|248\/394|[from] item: Leftovers
|turn|13
|
|switch|p2a: Latios|Latios, M|212\/301
|-damage|p2a: Latios|175\/301|[from] Stealth Rock
|move|p1a: Slowbro|Slack Off|p1a: Slowbro
|-heal|p1a: Slowbro|394\/394
|
|turn|14
|
|switch|p1a: Cobalion|Cobalion|308\/351 brn
|-damage|p1a: Cobalion|298\/351 brn|[from] Stealth Rock
|move|p2a: Latios|Defog|p1a: Cobalion
|-unboost|p1a: Cobalion|evasion|1
|-sideend|p1: Alkov|Stealth Rock|[from] move: Defog|[of] p1a: Cobalion
|-sideend|p2: Sir Slaking|Stealth Rock|[from] move: Defog|[of] p2a: Latios
|
|-heal|p1a: Cobalion|319\/351 brn|[from] item: Leftovers
|-damage|p1a: Cobalion|276\/351 brn|[from] brn
|turn|15
|
|move|p2a: Latios|Roost|p2a: Latios
|-heal|p2a: Latios|301\/301
|move|p1a: Cobalion|Stealth Rock|p2a: Latios
|-sidestart|p2: Sir Slaking|move: Stealth Rock
|
|-heal|p1a: Cobalion|297\/351 brn|[from] item: Leftovers
|-damage|p1a: Cobalion|254\/351 brn|[from] brn
|turn|16
|
|move|p2a: Latios|Defog|p1a: Cobalion
|-unboost|p1a: Cobalion|evasion|1
|-sideend|p2: Sir Slaking|Stealth Rock|[from] move: Defog|[of] p2a: Latios
|move|p1a: Cobalion|Volt Switch|p2a: Latios
|-resisted|p2a: Latios
|-damage|p2a: Latios|279\/301
|
|switch|p1a: Gardevoir|Gardevoir-Mega, F, shiny|277\/277
|
|turn|17
|
|switch|p2a: Rotom-Wash|Rotom-Wash|96\/304
|move|p1a: Gardevoir|Hyper Voice|p2a: Rotom-Wash
|-damage|p2a: Rotom-Wash|0 fnt
|faint|p2a: Rotom-Wash
|
|
|switch|p2a: Diggersby|Diggersby, M|311\/311
|turn|18
|
|switch|p1a: Zapdos|Zapdos|383\/383
|-ability|p1a: Zapdos|Pressure
|move|p2a: Diggersby|Return|p1a: Zapdos
|-damage|p1a: Zapdos|190\/383
|
|-heal|p1a: Zapdos|213\/383|[from] item: Leftovers
|turn|19
|
|move|p2a: Diggersby|Swords Dance|p2a: Diggersby
|-boost|p2a: Diggersby|atk|2
|move|p1a: Zapdos|Heat Wave|p2a: Diggersby
|-damage|p2a: Diggersby|197\/311
|
|-heal|p1a: Zapdos|236\/383|[from] item: Leftovers
|turn|20
|
|move|p2a: Diggersby|Return|p1a: Zapdos
|-damage|p1a: Zapdos|0 fnt
|faint|p1a: Zapdos
|
|
|switch|p1a: Cobalion|Cobalion|254\/351 brn
|turn|21
|
|switch|p2a: Latios|Latios, M|279\/301
|move|p1a: Cobalion|Close Combat|p2a: Latios
|-resisted|p2a: Latios
|-damage|p2a: Latios|236\/301
|-unboost|p1a: Cobalion|def|1
|-unboost|p1a: Cobalion|spd|1
|
|-heal|p1a: Cobalion|275\/351 brn|[from] item: Leftovers
|-damage|p1a: Cobalion|232\/351 brn|[from] brn
|turn|22
|
|switch|p2a: Tyranitar|Tyranitar, F|341\/341
|-weather|Sandstorm
|move|p1a: Cobalion|Volt Switch|p2a: Tyranitar
|-damage|p2a: Tyranitar|310\/341
|
|switch|p1a: Gardevoir|Gardevoir-Mega, F, shiny|277\/277
|
|-weather|Sandstorm|[upkeep]
|-damage|p1a: Gardevoir|260\/277|[from] sandstorm
|turn|23
|
|move|p2a: Tyranitar|Crunch|p1a: Gardevoir
|-damage|p1a: Gardevoir|76\/277
|move|p1a: Gardevoir|Focus Blast|p2a: Tyranitar
|-supereffective|p2a: Tyranitar
|-damage|p2a: Tyranitar|0 fnt
|faint|p2a: Tyranitar
|
|-weather|Sandstorm|[upkeep]
|-damage|p1a: Gardevoir|59\/277|[from] sandstorm
|
|switch|p2a: Lopunny|Lopunny-Mega, M|6\/271
|turn|24
|
|move|p2a: Lopunny|Healing Wish|p2a: Lopunny
|faint|p2a: Lopunny
|move|p1a: Gardevoir|Hyper Voice|p2: Lopunny|[notarget]
|-notarget
|
|-weather|Sandstorm|[upkeep]
|-damage|p1a: Gardevoir|42\/277|[from] sandstorm
|
|switch|p2a: Diggersby|Diggersby, M|197\/311
|-heal|p2a: Diggersby|311\/311|[from] move: Healing Wish
|turn|25
|join|CleanerThanRotom-W
|c|âAlkov|WUTTTT
|
|move|p2a: Diggersby|Quick Attack|p1a: Gardevoir
|-damage|p1a: Gardevoir|0 fnt
|faint|p1a: Gardevoir
|
|-weather|Sandstorm|[upkeep]
|
|switch|p1a: Slowbro|Slowbro, M|394\/394
|turn|26
|
|switch|p2a: Latios|Latios, M|236\/301
|move|p1a: Slowbro|Scald|p2a: Latios
|-resisted|p2a: Latios
|-damage|p2a: Latios|192\/301
|-status|p2a: Latios|brn
|
|-weather|none
|-damage|p2a: Latios|155\/301 brn|[from] brn
|turn|27
|
|switch|p1a: Cobalion|Cobalion|232\/351 brn
|move|p2a: Latios|Roost|p2a: Latios
|-heal|p2a: Latios|301\/301 brn
|
|-heal|p1a: Cobalion|253\/351 brn|[from] item: Leftovers
|-damage|p2a: Latios|264\/301 brn|[from] brn
|-damage|p1a: Cobalion|210\/351 brn|[from] brn
|turn|28
|
|move|p2a: Latios|Roost|p2a: Latios
|-heal|p2a: Latios|301\/301 brn
|move|p1a: Cobalion|Stealth Rock|p2a: Latios
|-sidestart|p2: Sir Slaking|move: Stealth Rock
|
|-heal|p1a: Cobalion|231\/351 brn|[from] item: Leftovers
|-damage|p2a: Latios|264\/301 brn|[from] brn
|-damage|p1a: Cobalion|188\/351 brn|[from] brn
|turn|29
|
|move|p2a: Latios|Defog|p1a: Cobalion
|-unboost|p1a: Cobalion|evasion|1
|-sideend|p2: Sir Slaking|Stealth Rock|[from] move: Defog|[of] p2a: Latios
|move|p1a: Cobalion|Volt Switch|p2a: Latios
|-resisted|p2a: Latios
|-damage|p2a: Latios|243\/301 brn
|
|switch|p1a: Landorus-Therian|Landorus-Therian, M|328\/328
|-ability|p1a: Landorus-Therian|Intimidate|[of] p2a: Latios
|-unboost|p2a: Latios|atk|1
|
|-damage|p2a: Latios|206\/301 brn|[from] brn
|turn|30
|
|move|p1a: Landorus-Therian|U-turn|p2a: Latios
|-supereffective|p2a: Latios
|-damage|p2a: Latios|0 fnt
|faint|p2a: Latios
|
|switch|p1a: Cobalion|Cobalion|188\/351 brn
|
|-heal|p1a: Cobalion|209\/351 brn|[from] item: Leftovers
|-damage|p1a: Cobalion|166\/351 brn|[from] brn
|
|switch|p2a: Diggersby|Diggersby, M|311\/311
|turn|31
|
|move|p1a: Cobalion|Close Combat|p2a: Diggersby
|-supereffective|p2a: Diggersby
|-damage|p2a: Diggersby|141\/311
|-unboost|p1a: Cobalion|def|1
|-unboost|p1a: Cobalion|spd|1
|move|p2a: Diggersby|Swords Dance|p2a: Diggersby
|-boost|p2a: Diggersby|atk|2
|
|-heal|p1a: Cobalion|187\/351 brn|[from] item: Leftovers
|-damage|p1a: Cobalion|144\/351 brn|[from] brn
|turn|32
|
|move|p2a: Diggersby|Quick Attack|p1a: Cobalion
|-resisted|p1a: Cobalion
|-damage|p1a: Cobalion|25\/351 brn
|move|p1a: Cobalion|Close Combat|p2a: Diggersby
|-supereffective|p2a: Diggersby
|-damage|p2a: Diggersby|0 fnt
|-unboost|p1a: Cobalion|def|1
|-unboost|p1a: Cobalion|spd|1
|faint|p2a: Diggersby
|
|win|Alkov
|raw|Ladder updating...
|raw|Alkov's rating: 1700 &rarr; <strong>1708<\/strong><br \/>(+8 for winning)
|raw|Sir Slaking's rating: 1452 &rarr; <strong>1444<\/strong><br \/>(-8 for losing)