|join|Alkov
|join|xEvade
|player|p1|Alkov|256
|player|p2|xEvade|1
|gametype|singles
|gen|6
|tier|OU
|rated
|clearpoke
|poke|p1|Gothitelle, F
|poke|p1|Skarmory, M
|poke|p1|Cresselia, F
|poke|p1|Quagsire, M
|poke|p1|Sableye, M
|poke|p1|Chansey, F
|poke|p2|Volcarona, M
|poke|p2|Mandibuzz, F
|poke|p2|Medicham, M
|poke|p2|Scizor, M
|poke|p2|Quagsire, M
|poke|p2|Sylveon, F
|rule|Swagger Clause: Swagger is banned
|rule|Baton Pass Clause: Limit one PokÃ©mon knowing Baton Pass
|rule|Sleep Clause Mod: Limit one foe put to sleep
|rule|Species Clause: Limit one of each PokÃ©mon
|rule|OHKO Clause: OHKO moves are banned
|rule|Moody Clause: Moody is banned
|rule|Evasion Moves Clause: Evasion moves are banned
|rule|Endless Battle Clause: Forcing endless battles is banned
|rule|HP Percentage Mod: HP is shown in percentages
|teampreview
|join|Praj.pran
|c|âxEvade|why all i get is stall team?
|c|âxEvade|My god
|
|start
|switch|p1a: Sableye|Sableye, M|303\/303
|switch|p2a: Mandibuzz|Mandibuzz, F|423\/423
|turn|1
|
|switch|p2a: Sylveon|Sylveon, F|393\/393
|detailschange|p1a: Sableye|Sableye-Mega, M
|-mega|p1a: Sableye|Sableye|Sablenite
|move|p1a: Sableye|Will-O-Wisp|p2a: Sylveon
|-status|p2a: Sylveon|brn
|
|-damage|p2a: Sylveon|344\/393 brn|[from] brn
|turn|2
|
|switch|p1a: Chansey|Chansey, F|704\/704
|move|p2a: Sylveon|Heal Bell|p2a: Sylveon
|-cureteam|p2a: Sylveon|[from] move: HealBell
|
|-heal|p2a: Sylveon|368\/393|[from] item: Leftovers
|turn|3
|
|move|p2a: Sylveon|Wish|p2a: Sylveon
|move|p1a: Chansey|Stealth Rock|p2a: Sylveon
|-sidestart|p2: xEvade|move: Stealth Rock
|
|-heal|p2a: Sylveon|392\/393|[from] item: Leftovers
|turn|4
|
|switch|p2a: Medicham|Medicham, M|261\/261
|-damage|p2a: Medicham|245\/261|[from] Stealth Rock
|move|p1a: Chansey|Seismic Toss|p2a: Medicham
|-damage|p2a: Medicham|145\/261
|
|-heal|p2a: Medicham|261\/261|[from] move: Wish|[wisher] Sylveon
|turn|5
|
|switch|p1a: Sableye|Sableye-Mega, M|303\/303
|detailschange|p2a: Medicham|Medicham-Mega, M
|-mega|p2a: Medicham|Medicham|Medichamite
|move|p2a: Medicham|Ice Punch|p1a: Sableye
|-damage|p1a: Sableye|201\/303
|
|turn|6
|
|switch|p2a: Mandibuzz|Mandibuzz, F|423\/423
|-damage|p2a: Mandibuzz|318\/423|[from] Stealth Rock
|switch|p1a: Gothitelle|Gothitelle, F|301\/301
|
|-heal|p2a: Mandibuzz|344\/423|[from] item: Leftovers
|turn|7
|
|switch|p1a: Sableye|Sableye-Mega, M|201\/303
|move|p2a: Mandibuzz|Defog|p1a: Sableye
|move|p1a: Sableye|Defog|p2a: Mandibuzz|[from]Magic Bounce
|-unboost|p2a: Mandibuzz|evasion|1
|-sideend|p2: xEvade|Stealth Rock|[from] move: Defog|[of] p2a: Mandibuzz
|
|-heal|p2a: Mandibuzz|370\/423|[from] item: Leftovers
|turn|8
|
|switch|p2a: Volcarona|Volcarona, M|373\/373
|switch|p1a: Chansey|Chansey, F|704\/704
|
|turn|9
|
|move|p2a: Volcarona|Quiver Dance|p2a: Volcarona
|-boost|p2a: Volcarona|spa|1
|-boost|p2a: Volcarona|spd|1
|-boost|p2a: Volcarona|spe|1
|move|p1a: Chansey|Stealth Rock|p2a: Volcarona
|-sidestart|p2: xEvade|move: Stealth Rock
|
|turn|10
|
|move|p2a: Volcarona|Quiver Dance|p2a: Volcarona
|-boost|p2a: Volcarona|spa|1
|-boost|p2a: Volcarona|spd|1
|-boost|p2a: Volcarona|spe|1
|move|p1a: Chansey|Seismic Toss|p2a: Volcarona
|-damage|p2a: Volcarona|273\/373
|-status|p1a: Chansey|brn
|
|-heal|p2a: Volcarona|296\/373|[from] item: Leftovers
|-damage|p1a: Chansey|616\/704 brn|[from] brn
|turn|11
|
|move|p2a: Volcarona|Quiver Dance|p2a: Volcarona
|-boost|p2a: Volcarona|spa|1
|-boost|p2a: Volcarona|spd|1
|-boost|p2a: Volcarona|spe|1
|move|p1a: Chansey|Seismic Toss|p2a: Volcarona
|-damage|p2a: Volcarona|196\/373
|
|-heal|p2a: Volcarona|219\/373|[from] item: Leftovers
|-damage|p1a: Chansey|528\/704 brn|[from] brn
|turn|12
|
|move|p2a: Volcarona|Quiver Dance|p2a: Volcarona
|-boost|p2a: Volcarona|spa|1
|-boost|p2a: Volcarona|spd|1
|-boost|p2a: Volcarona|spe|1
|move|p1a: Chansey|Seismic Toss|p2a: Volcarona
|-damage|p2a: Volcarona|119\/373
|
|-heal|p2a: Volcarona|142\/373|[from] item: Leftovers
|-damage|p1a: Chansey|440\/704 brn|[from] brn
|turn|13
|
|move|p2a: Volcarona|Roost|p2a: Volcarona
|-heal|p2a: Volcarona|329\/373
|move|p1a: Chansey|Soft-Boiled|p1a: Chansey
|-heal|p1a: Chansey|704\/704 brn
|
|-heal|p2a: Volcarona|352\/373|[from] item: Leftovers
|-damage|p1a: Chansey|616\/704 brn|[from] brn
|turn|14
|
|switch|p1a: Quagsire|Quagsire, M|394\/394
|move|p2a: Volcarona|Quiver Dance|p2a: Volcarona
|-boost|p2a: Volcarona|spa|1
|-boost|p2a: Volcarona|spd|1
|-boost|p2a: Volcarona|spe|1
|
|-heal|p2a: Volcarona|373\/373|[from] item: Leftovers
|turn|15
|
|move|p2a: Volcarona|Bug Buzz|p1a: Quagsire
|-crit|p1a: Quagsire
|-damage|p1a: Quagsire|117\/394
|move|p1a: Quagsire|Toxic|p2a: Volcarona
|-status|p2a: Volcarona|tox
|
|-heal|p1a: Quagsire|141\/394|[from] item: Leftovers
|-damage|p2a: Volcarona|350\/373 tox|[from] psn
|turn|16
|c| Praj.pran|awww
|
|switch|p1a: Chansey|Chansey, F|616\/704
|move|p2a: Volcarona|Bug Buzz|p1a: Chansey
|-damage|p1a: Chansey|333\/704
|
|-heal|p2a: Volcarona|373\/373 tox|[from] item: Leftovers
|-damage|p2a: Volcarona|327\/373 tox|[from] psn
|turn|17
|
|move|p2a: Volcarona|Fiery Dance|p1a: Chansey
|-damage|p1a: Chansey|57\/704
|-boost|p2a: Volcarona|spa|1
|move|p1a: Chansey|Soft-Boiled|p1a: Chansey
|-heal|p1a: Chansey|409\/704
|
|-heal|p2a: Volcarona|350\/373 tox|[from] item: Leftovers
|-damage|p2a: Volcarona|281\/373 tox|[from] psn
|turn|18
|
|move|p2a: Volcarona|Fiery Dance|p1a: Chansey
|-damage|p1a: Chansey|111\/704
|move|p1a: Chansey|Soft-Boiled|p1a: Chansey
|-heal|p1a: Chansey|463\/704
|
|-heal|p2a: Volcarona|304\/373 tox|[from] item: Leftovers
|-damage|p2a: Volcarona|212\/373 tox|[from] psn
|turn|19
|
|switch|p2a: Sylveon|Sylveon, F|392\/393
|-damage|p2a: Sylveon|343\/393|[from] Stealth Rock
|move|p1a: Chansey|Soft-Boiled|p1a: Chansey
|-heal|p1a: Chansey|704\/704
|
|-heal|p2a: Sylveon|367\/393|[from] item: Leftovers
|turn|20
|c|âxEvade|so much skill
|c|âxEvade|seriously
|
|switch|p1a: Gothitelle|Gothitelle, F|301\/301
|move|p2a: Sylveon|Heal Bell|p2a: Sylveon
|-cureteam|p2a: Sylveon|[from] move: HealBell
|
|-heal|p2a: Sylveon|391\/393|[from] item: Leftovers
|turn|21
|
|move|p2a: Sylveon|Protect|p2a: Sylveon
|-singleturn|p2a: Sylveon|Protect
|move|p1a: Gothitelle|Trick|p2a: Sylveon
|-activate|p2a: Sylveon|Protect
|
|-heal|p2a: Sylveon|393\/393|[from] item: Leftovers
|turn|22
|
|move|p1a: Gothitelle|Trick|p2a: Sylveon
|-activate|p1a: Gothitelle|move: Trick|[of] p2a: Sylveon
|-item|p2a: Sylveon|Choice Scarf|[from] move: Trick
|-item|p1a: Gothitelle|Leftovers|[from] move: Trick
|move|p2a: Sylveon|Hyper Voice|p1a: Gothitelle
|-damage|p1a: Gothitelle|180\/301
|
|-heal|p1a: Gothitelle|198\/301|[from] item: Leftovers
|turn|23
|
|move|p1a: Gothitelle|Calm Mind|p1a: Gothitelle
|-boost|p1a: Gothitelle|spa|1
|-boost|p1a: Gothitelle|spd|1
|move|p2a: Sylveon|Hyper Voice|p1a: Gothitelle
|-damage|p1a: Gothitelle|120\/301
|
|-heal|p1a: Gothitelle|138\/301|[from] item: Leftovers
|turn|24
|
|move|p1a: Gothitelle|Rest|p1a: Gothitelle
|-status|p1a: Gothitelle|slp
|-heal|p1a: Gothitelle|301\/301 slp|[silent]
|-status|p1a: Gothitelle|slp|[from] move: Rest
|move|p2a: Sylveon|Hyper Voice|p1a: Gothitelle
|-crit|p1a: Gothitelle
|-damage|p1a: Gothitelle|138\/301 slp
|
|-heal|p1a: Gothitelle|156\/301 slp|[from] item: Leftovers
|turn|25
|c|âAlkov|:[
|
|cant|p1a: Gothitelle|slp
|move|p2a: Sylveon|Hyper Voice|p1a: Gothitelle
|-damage|p1a: Gothitelle|80\/301 slp
|
|-heal|p1a: Gothitelle|98\/301 slp|[from] item: Leftovers
|turn|26
|
|cant|p1a: Gothitelle|slp
|move|p2a: Sylveon|Hyper Voice|p1a: Gothitelle
|-damage|p1a: Gothitelle|22\/301 slp
|
|-heal|p1a: Gothitelle|40\/301 slp|[from] item: Leftovers
|turn|27
|
|-curestatus|p1a: Gothitelle|slp
|move|p1a: Gothitelle|Rest|p1a: Gothitelle
|-status|p1a: Gothitelle|slp
|-heal|p1a: Gothitelle|301\/301 slp|[silent]
|-status|p1a: Gothitelle|slp|[from] move: Rest
|move|p2a: Sylveon|Hyper Voice|p1a: Gothitelle
|-damage|p1a: Gothitelle|222\/301 slp
|
|-heal|p1a: Gothitelle|240\/301 slp|[from] item: Leftovers
|turn|28
|
|cant|p1a: Gothitelle|slp
|move|p2a: Sylveon|Hyper Voice|p1a: Gothitelle
|-damage|p1a: Gothitelle|165\/301 slp
|
|-heal|p1a: Gothitelle|183\/301 slp|[from] item: Leftovers
|turn|29
|
|cant|p1a: Gothitelle|slp
|move|p2a: Sylveon|Hyper Voice|p1a: Gothitelle
|-damage|p1a: Gothitelle|107\/301 slp
|
|-heal|p1a: Gothitelle|125\/301 slp|[from] item: Leftovers
|turn|30
|
|-curestatus|p1a: Gothitelle|slp
|move|p1a: Gothitelle|Calm Mind|p1a: Gothitelle
|-boost|p1a: Gothitelle|spa|1
|-boost|p1a: Gothitelle|spd|1
|move|p2a: Sylveon|Hyper Voice|p1a: Gothitelle
|-damage|p1a: Gothitelle|70\/301
|
|-heal|p1a: Gothitelle|88\/301|[from] item: Leftovers
|turn|31
|
|move|p1a: Gothitelle|Rest|p1a: Gothitelle
|-status|p1a: Gothitelle|slp
|-heal|p1a: Gothitelle|301\/301 slp|[silent]
|-status|p1a: Gothitelle|slp|[from] move: Rest
|move|p2a: Sylveon|Hyper Voice|p1a: Gothitelle
|-damage|p1a: Gothitelle|241\/301 slp
|
|-heal|p1a: Gothitelle|259\/301 slp|[from] item: Leftovers
|turn|32
|
|cant|p1a: Gothitelle|slp
|move|p2a: Sylveon|Hyper Voice|p1a: Gothitelle
|-damage|p1a: Gothitelle|205\/301 slp
|
|-heal|p1a: Gothitelle|223\/301 slp|[from] item: Leftovers
|turn|33
|c|âxEvade|what a fucking cancer
|
|cant|p1a: Gothitelle|slp
|move|p2a: Sylveon|Hyper Voice|p1a: Gothitelle
|-damage|p1a: Gothitelle|163\/301 slp
|
|-heal|p1a: Gothitelle|181\/301 slp|[from] item: Leftovers
|turn|34
|c| Praj.pran|lol
|
|-curestatus|p1a: Gothitelle|slp
|move|p1a: Gothitelle|Calm Mind|p1a: Gothitelle
|-boost|p1a: Gothitelle|spa|1
|-boost|p1a: Gothitelle|spd|1
|move|p2a: Sylveon|Hyper Voice|p1a: Gothitelle
|-crit|p1a: Gothitelle
|-damage|p1a: Gothitelle|0 fnt
|faint|p1a: Gothitelle
|
|c|âAlkov|zzzzzzzzzzzzzz
|c|âAlkov|WOW
|c|âxEvade|sorry
|c|âxEvade|did that hurt bitch?
|c|âAlkov|and says "cancer" lmfao
|
|switch|p1a: Chansey|Chansey, F|704\/704
|turn|35
|c|âAlkov|10\/10
|c|âxEvade|shut and play slut
|c|âAlkov|lmfao
|c| Praj.pran|lol
|
|switch|p2a: Scizor|Scizor, M|343\/343
|-damage|p2a: Scizor|301\/343|[from] Stealth Rock
|move|p1a: Chansey|Seismic Toss|p2a: Scizor
|-damage|p2a: Scizor|201\/343
|
|-heal|p2a: Scizor|222\/343|[from] item: Leftovers
|turn|36
|c|âAlkov|gets 2 crit
|c|âAlkov|and says this kinda shit
|c|âAlkov|10\/10
|
|switch|p1a: Skarmory|Skarmory, M|334\/334
|move|p2a: Scizor|Knock Off|p1a: Skarmory
|-damage|p1a: Skarmory|280\/334
|-enditem|p1a: Skarmory|Shed Shell|[from] move: Knock Off|[of] p2a: Scizor
|
|-heal|p2a: Scizor|243\/343|[from] item: Leftovers
|turn|37
|c| Praj.pran|haxy player
|c|âxEvade|ahahaah
|c|âxEvade|says the one who play stall team
|
|move|p1a: Skarmory|Spikes|p2a: Scizor
|-sidestart|p2: xEvade|Spikes
|move|p2a: Scizor|Swords Dance|p2a: Scizor
|-boost|p2a: Scizor|atk|2
|
|-heal|p2a: Scizor|264\/343|[from] item: Leftovers
|turn|38
|c|âAlkov|how is stall haxy
|c|âxEvade|ridiclous
|c|âAlkov|not even making sense
|
|move|p1a: Skarmory|Brave Bird|p2a: Scizor
|-damage|p2a: Scizor|149\/343
|-damage|p1a: Skarmory|242\/334|[from] recoil|[of] p2a: Scizor
|move|p2a: Scizor|Swords Dance|p2a: Scizor
|-boost|p2a: Scizor|atk|2
|
|-heal|p2a: Scizor|170\/343|[from] item: Leftovers
|turn|39
|
|move|p1a: Skarmory|Roost|p1a: Skarmory
|-heal|p1a: Skarmory|334\/334
|move|p2a: Scizor|Roost|p2a: Scizor
|-heal|p2a: Scizor|342\/343
|
|-heal|p2a: Scizor|343\/343|[from] item: Leftovers
|turn|40
|
|move|p1a: Skarmory|Brave Bird|p2a: Scizor
|-damage|p2a: Scizor|238\/343
|-damage|p1a: Skarmory|299\/334|[from] recoil|[of] p2a: Scizor
|move|p2a: Scizor|Swords Dance|p2a: Scizor
|-boost|p2a: Scizor|atk|2
|
|-heal|p2a: Scizor|259\/343|[from] item: Leftovers
|turn|41
|c|âxEvade|go play alone with your shitty stall team
|c|âAlkov|lmfao
|
|move|p2a: Scizor|Bullet Punch|p1a: Skarmory
|-crit|p1a: Skarmory
|-resisted|p1a: Skarmory
|-damage|p1a: Skarmory|125\/334
|move|p1a: Skarmory|Roost|p1a: Skarmory
|-heal|p1a: Skarmory|292\/334
|
|-heal|p2a: Scizor|280\/343|[from] item: Leftovers
|turn|42
|c|âAlkov|crits my quagsire, crits my skarm and crits my goth twice
|c|âAlkov|and saying shit
|c|âxEvade|blah blah
|c|âAlkov|must be nice
|
|move|p1a: Skarmory|Roost|p1a: Skarmory
|-heal|p1a: Skarmory|334\/334
|move|p2a: Scizor|Knock Off|p1a: Skarmory
|-damage|p1a: Skarmory|192\/334
|
|-heal|p2a: Scizor|301\/343|[from] item: Leftovers
|turn|43
|
|move|p1a: Skarmory|Roost|p1a: Skarmory
|-heal|p1a: Skarmory|334\/334
|move|p2a: Scizor|Knock Off|p1a: Skarmory
|-damage|p1a: Skarmory|177\/334
|
|-heal|p2a: Scizor|322\/343|[from] item: Leftovers
|turn|44
|
|move|p1a: Skarmory|Brave Bird|p2a: Scizor
|-damage|p2a: Scizor|220\/343
|-damage|p1a: Skarmory|143\/334|[from] recoil|[of] p2a: Scizor
|move|p2a: Scizor|Knock Off|p1a: Skarmory
|-damage|p1a: Skarmory|0 fnt
|faint|p1a: Skarmory
|
|-heal|p2a: Scizor|241\/343|[from] item: Leftovers
|
|switch|p1a: Quagsire|Quagsire, M|141\/394
|turn|45
|c|âAlkov|must be nice
|
|move|p2a: Scizor|Knock Off|p1a: Quagsire
|-damage|p1a: Quagsire|59\/394
|-enditem|p1a: Quagsire|Leftovers|[from] move: Knock Off|[of] p2a: Scizor
|move|p1a: Quagsire|Recover|p1a: Quagsire
|-heal|p1a: Quagsire|256\/394
|
|-heal|p2a: Scizor|262\/343|[from] item: Leftovers
|turn|46
|c|âAlkov|to be fucking lucky
|c|âxEvade|AHAHAAH
|
|switch|p2a: Mandibuzz|Mandibuzz, F|370\/423
|-damage|p2a: Mandibuzz|265\/423|[from] Stealth Rock
|move|p1a: Quagsire|Recover|p1a: Quagsire
|-heal|p1a: Quagsire|394\/394
|
|-heal|p2a: Mandibuzz|291\/423|[from] item: Leftovers
|turn|47
|
|move|p2a: Mandibuzz|Taunt|p1a: Quagsire
|-start|p1a: Quagsire|move: Taunt
|cant|p1a: Quagsire|move: Taunt|Toxic
|
|-heal|p2a: Mandibuzz|317\/423|[from] item: Leftovers
|turn|48
|
|move|p2a: Mandibuzz|Defog|p1a: Quagsire
|-unboost|p1a: Quagsire|evasion|1
|-sideend|p2: xEvade|Spikes|[from] move: Defog|[of] p2a: Mandibuzz
|-sideend|p2: xEvade|Stealth Rock|[from] move: Defog|[of] p2a: Mandibuzz
|move|p1a: Quagsire|Scald|p2a: Mandibuzz
|-damage|p2a: Mandibuzz|253\/423
|
|-heal|p2a: Mandibuzz|279\/423|[from] item: Leftovers
|turn|49
|
|move|p2a: Mandibuzz|Foul Play|p1a: Quagsire
|-damage|p1a: Quagsire|321\/394
|move|p1a: Quagsire|Scald|p2a: Mandibuzz
|-damage|p2a: Mandibuzz|213\/423
|
|-heal|p2a: Mandibuzz|239\/423|[from] item: Leftovers
|-end|p1a: Quagsire|move: Taunt
|turn|50
|
|switch|p1a: Sableye|Sableye-Mega, M|201\/303
|move|p2a: Mandibuzz|Taunt|p1a: Sableye
|move|p1a: Sableye|Taunt|p2a: Mandibuzz|[from]Magic Bounce
|-start|p2a: Mandibuzz|move: Taunt
|
|-heal|p2a: Mandibuzz|265\/423|[from] item: Leftovers
|turn|51
|
|move|p2a: Mandibuzz|Foul Play|p1a: Sableye
|-damage|p1a: Sableye|149\/303
|move|p1a: Sableye|Will-O-Wisp|p2a: Mandibuzz
|-status|p2a: Mandibuzz|brn
|
|-heal|p2a: Mandibuzz|291\/423 brn|[from] item: Leftovers
|-damage|p2a: Mandibuzz|239\/423 brn|[from] brn
|turn|52
|
|switch|p2a: Volcarona|Volcarona, M|212\/373
|move|p1a: Sableye|Recover|p1a: Sableye
|-heal|p1a: Sableye|301\/303
|
|-heal|p2a: Volcarona|235\/373|[from] item: Leftovers
|turn|53
|
|move|p2a: Volcarona|Quiver Dance|p2a: Volcarona
|-boost|p2a: Volcarona|spa|1
|-boost|p2a: Volcarona|spd|1
|-boost|p2a: Volcarona|spe|1
|move|p1a: Sableye|Snarl|p2a: Volcarona
|-damage|p2a: Volcarona|201\/373
|-unboost|p2a: Volcarona|spa|1
|
|-heal|p2a: Volcarona|224\/373|[from] item: Leftovers
|turn|54
|
|switch|p1a: Quagsire|Quagsire, M|321\/394
|move|p2a: Volcarona|Quiver Dance|p2a: Volcarona
|-boost|p2a: Volcarona|spa|1
|-boost|p2a: Volcarona|spd|1
|-boost|p2a: Volcarona|spe|1
|
|-heal|p2a: Volcarona|247\/373|[from] item: Leftovers
|turn|55
|
|switch|p2a: Scizor|Scizor, M|262\/343
|move|p1a: Quagsire|Toxic|p2a: Scizor
|-fail|p2a: Scizor
|
|-heal|p2a: Scizor|283\/343|[from] item: Leftovers
|turn|56
|c|âxEvade|really?
|c|âxEvade|lol
|
|move|p2a: Scizor|Roost|p2a: Scizor
|-heal|p2a: Scizor|343\/343
|move|p1a: Quagsire|Scald|p2a: Scizor
|-damage|p2a: Scizor|274\/343
|
|-heal|p2a: Scizor|295\/343|[from] item: Leftovers
|turn|57
|
|move|p2a: Scizor|Knock Off|p1a: Quagsire
|-damage|p1a: Quagsire|266\/394
|move|p1a: Quagsire|Scald|p2a: Scizor
|-damage|p2a: Scizor|225\/343
|
|-heal|p2a: Scizor|246\/343|[from] item: Leftovers
|turn|58
|
|switch|p2a: Sylveon|Sylveon, F|393\/393
|move|p1a: Quagsire|Recover|p1a: Quagsire
|-heal|p1a: Quagsire|394\/394
|
|turn|59
|
|switch|p1a: Chansey|Chansey, F|704\/704
|move|p2a: Sylveon|Heal Bell|p2a: Sylveon
|-cureteam|p2a: Sylveon|[from] move: HealBell
|
|turn|60
|
|switch|p2a: Medicham|Medicham-Mega, M|261\/261
|move|p1a: Chansey|Stealth Rock|p2a: Medicham
|-sidestart|p2: xEvade|move: Stealth Rock
|
|turn|61
|
|switch|p2a: Sylveon|Sylveon, F|393\/393
|-damage|p2a: Sylveon|344\/393|[from] Stealth Rock
|switch|p1a: Sableye|Sableye-Mega, M|301\/303
|
|turn|62
|c|âxEvade|l2p
|c|âxEvade|lmfao
|c|âAlkov|says the one
|c|âAlkov|that has crit
|c|âAlkov|so many time
|c|âAlkov|lmfao
|c| Praj.pran|y
|
|switch|p1a: Chansey|Chansey, F|704\/704
|move|p2a: Sylveon|Hyper Voice|p1a: Chansey
|-damage|p1a: Chansey|604\/704
|
|turn|63
|
|switch|p2a: Medicham|Medicham-Mega, M|261\/261
|-damage|p2a: Medicham|245\/261|[from] Stealth Rock
|move|p1a: Chansey|Seismic Toss|p2a: Medicham
|-damage|p2a: Medicham|145\/261
|
|turn|64
|
|switch|p1a: Sableye|Sableye-Mega, M|301\/303
|move|p2a: Medicham|Ice Punch|p1a: Sableye
|-damage|p1a: Sableye|191\/303
|
|turn|65
|
|switch|p2a: Mandibuzz|Mandibuzz, F|239\/423
|-damage|p2a: Mandibuzz|134\/423|[from] Stealth Rock
|move|p1a: Sableye|Recover|p1a: Sableye
|-heal|p1a: Sableye|303\/303
|
|-heal|p2a: Mandibuzz|160\/423|[from] item: Leftovers
|turn|66
|
|move|p2a: Mandibuzz|Roost|p2a: Mandibuzz
|-heal|p2a: Mandibuzz|372\/423
|move|p1a: Sableye|Calm Mind|p1a: Sableye
|-boost|p1a: Sableye|spa|1
|-boost|p1a: Sableye|spd|1
|
|-heal|p2a: Mandibuzz|398\/423|[from] item: Leftovers
|turn|67
|
|move|p2a: Mandibuzz|Defog|p1a: Sableye
|move|p1a: Sableye|Defog|p2a: Mandibuzz|[from]Magic Bounce
|-unboost|p2a: Mandibuzz|evasion|1
|-sideend|p2: xEvade|Stealth Rock|[from] move: Defog|[of] p2a: Mandibuzz
|move|p1a: Sableye|Calm Mind|p1a: Sableye
|-boost|p1a: Sableye|spa|1
|-boost|p1a: Sableye|spd|1
|
|-heal|p2a: Mandibuzz|423\/423|[from] item: Leftovers
|turn|68
|
|switch|p2a: Volcarona|Volcarona, M|247\/373
|move|p1a: Sableye|Calm Mind|p1a: Sableye
|-boost|p1a: Sableye|spa|1
|-boost|p1a: Sableye|spd|1
|
|-heal|p2a: Volcarona|270\/373|[from] item: Leftovers
|turn|69
|
|move|p2a: Volcarona|Quiver Dance|p2a: Volcarona
|-boost|p2a: Volcarona|spa|1
|-boost|p2a: Volcarona|spd|1
|-boost|p2a: Volcarona|spe|1
|move|p1a: Sableye|Snarl|p2a: Volcarona
|-crit|p2a: Volcarona
|-damage|p2a: Volcarona|81\/373
|-unboost|p2a: Volcarona|spa|1
|
|-heal|p2a: Volcarona|104\/373|[from] item: Leftovers
|turn|70
|
|move|p2a: Volcarona|Roost|p2a: Volcarona
|-heal|p2a: Volcarona|291\/373
|move|p1a: Sableye|Snarl|p2a: Volcarona
|-damage|p2a: Volcarona|215\/373
|-unboost|p2a: Volcarona|spa|1
|
|-heal|p2a: Volcarona|238\/373|[from] item: Leftovers
|turn|71
|
|move|p2a: Volcarona|Quiver Dance|p2a: Volcarona
|-boost|p2a: Volcarona|spa|1
|-boost|p2a: Volcarona|spd|1
|-boost|p2a: Volcarona|spe|1
|move|p1a: Sableye|Calm Mind|p1a: Sableye
|-boost|p1a: Sableye|spa|1
|-boost|p1a: Sableye|spd|1
|
|-heal|p2a: Volcarona|261\/373|[from] item: Leftovers
|turn|72
|c|âxEvade|can't even kill me with crit
|
|move|p2a: Volcarona|Quiver Dance|p2a: Volcarona
|-boost|p2a: Volcarona|spa|1
|-boost|p2a: Volcarona|spd|1
|-boost|p2a: Volcarona|spe|1
|move|p1a: Sableye|Snarl|p2a: Volcarona
|-damage|p2a: Volcarona|201\/373
|-unboost|p2a: Volcarona|spa|1
|
|-heal|p2a: Volcarona|224\/373|[from] item: Leftovers
|turn|73
|c|âAlkov|cant even keep quiet
|c|âxEvade|never
|c|âxEvade|make me shut up
|c| Praj.pran|O_O
|
|move|p2a: Volcarona|Quiver Dance|p2a: Volcarona
|-boost|p2a: Volcarona|spa|1
|-boost|p2a: Volcarona|spd|1
|-boost|p2a: Volcarona|spe|1
|move|p1a: Sableye|Snarl|p2a: Volcarona
|-damage|p2a: Volcarona|173\/373
|-unboost|p2a: Volcarona|spa|1
|
|-heal|p2a: Volcarona|196\/373|[from] item: Leftovers
|turn|74
|
|move|p2a: Volcarona|Roost|p2a: Volcarona
|-heal|p2a: Volcarona|373\/373
|move|p1a: Sableye|Snarl|p2a: Volcarona
|-damage|p2a: Volcarona|319\/373
|-unboost|p2a: Volcarona|spa|1
|
|-heal|p2a: Volcarona|342\/373|[from] item: Leftovers
|turn|75
|c| Praj.pran|shut up xevade do u even know what are u speaking?
|
|move|p2a: Volcarona|Quiver Dance|p2a: Volcarona
|-boost|p2a: Volcarona|spa|1
|-boost|p2a: Volcarona|spd|1
|-boost|p2a: Volcarona|spe|1
|move|p1a: Sableye|Snarl|p2a: Volcarona
|-damage|p2a: Volcarona|296\/373
|-unboost|p2a: Volcarona|spa|1
|
|-heal|p2a: Volcarona|319\/373|[from] item: Leftovers
|turn|76
|c|âxEvade|gtfo you too
|c|âxEvade|it's not your match
|join|Swagata
|
|move|p2a: Volcarona|Quiver Dance|p2a: Volcarona
|-boost|p2a: Volcarona|spa|1
|-boost|p2a: Volcarona|spd|1
|-boost|p2a: Volcarona|spe|1
|move|p1a: Sableye|Calm Mind|p1a: Sableye
|-boost|p1a: Sableye|spa|1
|-boost|p1a: Sableye|spd|1
|
|-heal|p2a: Volcarona|342\/373|[from] item: Leftovers
|turn|77
|c|âxEvade|you're not alloweded to talk
|
|move|p2a: Volcarona|Quiver Dance|p2a: Volcarona
|-boost|p2a: Volcarona|spa|1
|move|p1a: Sableye|Snarl|p2a: Volcarona
|-damage|p2a: Volcarona|300\/373
|-unboost|p2a: Volcarona|spa|1
|
|-heal|p2a: Volcarona|323\/373|[from] item: Leftovers
|turn|78
|c| Praj.pran|whynaut
|c|âAlkov|"alloweded"
|c|âAlkov|LMFAO
|c|âAlkov|allowed is the past tense
|
|move|p2a: Volcarona|Fiery Dance|p1a: Sableye
|-damage|p1a: Sableye|278\/303
|move|p1a: Sableye|Snarl|p2a: Volcarona
|-damage|p2a: Volcarona|278\/373
|-unboost|p2a: Volcarona|spa|1
|
|-heal|p2a: Volcarona|301\/373|[from] item: Leftovers
|turn|79
|c|âAlkov|allowded
|
|move|p2a: Volcarona|Bug Buzz|p1a: Sableye
|-damage|p1a: Sableye|256\/303
|-unboost|p1a: Sableye|spd|1
|move|p1a: Sableye|Snarl|p2a: Volcarona
|-damage|p2a: Volcarona|261\/373
|-unboost|p2a: Volcarona|spa|1
|
|-heal|p2a: Volcarona|284\/373|[from] item: Leftovers
|turn|80
|c|âxEvade|now they act like grammar nazi lmfao
|
|move|p2a: Volcarona|Quiver Dance|p2a: Volcarona
|-boost|p2a: Volcarona|spa|1
|move|p1a: Sableye|Calm Mind|p1a: Sableye
|-boost|p1a: Sableye|spa|1
|-boost|p1a: Sableye|spd|1
|
|-heal|p2a: Volcarona|307\/373|[from] item: Leftovers
|turn|81
|c|âxEvade|!data Snarl
|c|~|\/data-move Snarl

|
|move|p2a: Volcarona|Quiver Dance|p2a: Volcarona
|-boost|p2a: Volcarona|spa|1
|move|p1a: Sableye|Snarl|p2a: Volcarona
|-crit|p2a: Volcarona
|-damage|p2a: Volcarona|13\/373
|-unboost|p2a: Volcarona|spa|1
|
|-heal|p2a: Volcarona|36\/373|[from] item: Leftovers
|turn|82
|
|move|p2a: Volcarona|Roost|p2a: Volcarona
|-heal|p2a: Volcarona|223\/373
|move|p1a: Sableye|Snarl|p2a: Volcarona
|-damage|p2a: Volcarona|178\/373
|-unboost|p2a: Volcarona|spa|1
|
|-heal|p2a: Volcarona|201\/373|[from] item: Leftovers
|turn|83
|
|move|p2a: Volcarona|Roost|p2a: Volcarona
|-heal|p2a: Volcarona|373\/373
|move|p1a: Sableye|Snarl|p2a: Volcarona
|-damage|p2a: Volcarona|327\/373
|-unboost|p2a: Volcarona|spa|1
|
|-heal|p2a: Volcarona|350\/373|[from] item: Leftovers
|turn|84
|
|switch|p1a: Quagsire|Quagsire, M|394\/394
|move|p2a: Volcarona|Quiver Dance|p2a: Volcarona
|-boost|p2a: Volcarona|spa|1
|
|-heal|p2a: Volcarona|373\/373|[from] item: Leftovers
|turn|85
|
|switch|p2a: Scizor|Scizor, M|246\/343
|move|p1a: Quagsire|Toxic|p2a: Scizor
|-fail|p2a: Scizor
|
|-heal|p2a: Scizor|267\/343|[from] item: Leftovers
|turn|86
|
|switch|p2a: Medicham|Medicham-Mega, M|145\/261
|move|p1a: Quagsire|Scald|p2a: Medicham
|-damage|p2a: Medicham|75\/261
|
|turn|87
|
|switch|p1a: Sableye|Sableye-Mega, M|256\/303
|move|p2a: Medicham|Ice Punch|p1a: Sableye
|-crit|p1a: Sableye
|-damage|p1a: Sableye|103\/303
|
|turn|88
|c|âAlkov|nice crit
|c|âxEvade|thanks bitch
|c| Praj.pran|that's what he can do ._.
|c|âxEvade|does the crits depend from me?
|c|âxEvade|no
|c|âxEvade|so stop qq
|c| Praj.pran|Then why are u being rude
|c| Praj.pran|its depended on u
|c|âxEvade|then why don't you shut the fuck up?
|
|switch|p1a: Cresselia|Cresselia, F|444\/444
|move|p2a: Medicham|Ice Punch|p1a: Cresselia
|-damage|p1a: Cresselia|336\/444
|
|-heal|p1a: Cresselia|363\/444|[from] item: Leftovers
|turn|89
|c| Mentalist Swag|wow so edgy
|c| Praj.pran|whynaut
|
|switch|p2a: Mandibuzz|Mandibuzz, F|423\/423
|move|p1a: Cresselia|Moonblast|p2a: Mandibuzz
|-supereffective|p2a: Mandibuzz
|-damage|p2a: Mandibuzz|309\/423
|
|-heal|p1a: Cresselia|390\/444|[from] item: Leftovers
|-heal|p2a: Mandibuzz|335\/423|[from] item: Leftovers
|turn|90
|
|switch|p1a: Sableye|Sableye-Mega, M|103\/303
|move|p2a: Mandibuzz|Foul Play|p1a: Sableye
|-damage|p1a: Sableye|49\/303
|
|-heal|p2a: Mandibuzz|361\/423|[from] item: Leftovers
|turn|91
|
|switch|p2a: Sylveon|Sylveon, F|344\/393
|move|p1a: Sableye|Recover|p1a: Sableye
|-heal|p1a: Sableye|201\/303
|
|turn|92
|
|switch|p2a: Medicham|Medicham-Mega, M|75\/261
|switch|p1a: Chansey|Chansey, F|604\/704
|
|turn|93
|
|switch|p2a: Sylveon|Sylveon, F|344\/393
|switch|p1a: Cresselia|Cresselia, F|390\/444
|
|-heal|p1a: Cresselia|417\/444|[from] item: Leftovers
|turn|94
|
|switch|p1a: Chansey|Chansey, F|604\/704
|move|p2a: Sylveon|Wish|p2a: Sylveon
|
|turn|95
|
|switch|p2a: Medicham|Medicham-Mega, M|75\/261
|move|p1a: Chansey|Stealth Rock|p2a: Medicham
|-sidestart|p2: xEvade|move: Stealth Rock
|
|-heal|p2a: Medicham|261\/261|[from] move: Wish|[wisher] Sylveon
|turn|96
|
|switch|p1a: Cresselia|Cresselia, F|417\/444
|move|p2a: Medicham|Ice Punch|p1a: Cresselia
|-damage|p1a: Cresselia|313\/444
|
|-heal|p1a: Cresselia|340\/444|[from] item: Leftovers
|turn|97
|c|âAlkov|lol misclick , wanted to stoss to kill it
|c|âAlkov|bummer
|
|switch|p2a: Scizor|Scizor, M|267\/343
|-damage|p2a: Scizor|225\/343|[from] Stealth Rock
|move|p1a: Cresselia|Thunder Wave|p2a: Scizor
|-status|p2a: Scizor|par
|
|-heal|p1a: Cresselia|367\/444|[from] item: Leftovers
|-heal|p2a: Scizor|246\/343 par|[from] item: Leftovers
|turn|98
|
|switch|p1a: Quagsire|Quagsire, M|394\/394
|move|p2a: Scizor|Knock Off|p1a: Quagsire
|-damage|p1a: Quagsire|338\/394
|
|-heal|p2a: Scizor|267\/343 par|[from] item: Leftovers
|turn|99
|
|switch|p2a: Sylveon|Sylveon, F|344\/393
|-damage|p2a: Sylveon|295\/393|[from] Stealth Rock
|move|p1a: Quagsire|Earthquake|p2a: Sylveon
|-damage|p2a: Sylveon|201\/393
|
|turn|100
|
|move|p2a: Sylveon|Hyper Voice|p1a: Quagsire
|-damage|p1a: Quagsire|142\/394
|move|p1a: Quagsire|Recover|p1a: Quagsire
|-heal|p1a: Quagsire|339\/394
|
|turn|101
|
|switch|p2a: Mandibuzz|Mandibuzz, F|361\/423
|-damage|p2a: Mandibuzz|256\/423|[from] Stealth Rock
|switch|p1a: Chansey|Chansey, F|604\/704
|
|-heal|p2a: Mandibuzz|282\/423|[from] item: Leftovers
|turn|102
|
|switch|p1a: Sableye|Sableye-Mega, M|201\/303
|move|p2a: Mandibuzz|Taunt|p1a: Sableye
|move|p1a: Sableye|Taunt|p2a: Mandibuzz|[from]Magic Bounce
|-start|p2a: Mandibuzz|move: Taunt
|
|-heal|p2a: Mandibuzz|308\/423|[from] item: Leftovers
|turn|103
|
|move|p2a: Mandibuzz|Foul Play|p1a: Sableye
|-damage|p1a: Sableye|146\/303
|move|p1a: Sableye|Will-O-Wisp|p2a: Mandibuzz
|-status|p2a: Mandibuzz|brn
|
|-heal|p2a: Mandibuzz|334\/423 brn|[from] item: Leftovers
|-damage|p2a: Mandibuzz|282\/423 brn|[from] brn
|turn|104
|
|switch|p2a: Volcarona|Volcarona, M|373\/373
|-damage|p2a: Volcarona|187\/373|[from] Stealth Rock
|move|p1a: Sableye|Recover|p1a: Sableye
|-heal|p1a: Sableye|298\/303
|
|-heal|p2a: Volcarona|210\/373|[from] item: Leftovers
|turn|105
|
|switch|p1a: Quagsire|Quagsire, M|339\/394
|move|p2a: Volcarona|Quiver Dance|p2a: Volcarona
|-boost|p2a: Volcarona|spa|1
|-boost|p2a: Volcarona|spd|1
|-boost|p2a: Volcarona|spe|1
|
|-heal|p2a: Volcarona|233\/373|[from] item: Leftovers
|turn|106
|
|move|p2a: Volcarona|Bug Buzz|p1a: Quagsire
|-damage|p1a: Quagsire|150\/394
|move|p1a: Quagsire|Toxic|p2a: Volcarona
|-status|p2a: Volcarona|tox
|
|-heal|p2a: Volcarona|256\/373 tox|[from] item: Leftovers
|-damage|p2a: Volcarona|233\/373 tox|[from] psn
|turn|107
|
|switch|p2a: Medicham|Medicham-Mega, M|261\/261
|-damage|p2a: Medicham|245\/261|[from] Stealth Rock
|switch|p1a: Chansey|Chansey, F|604\/704
|
|turn|108
|
|switch|p1a: Sableye|Sableye-Mega, M|298\/303
|move|p2a: Medicham|Psycho Cut|p1a: Sableye
|-immune|p1a: Sableye|[msg]
|
|turn|109
|
|switch|p2a: Sylveon|Sylveon, F|201\/393
|-damage|p2a: Sylveon|152\/393|[from] Stealth Rock
|move|p1a: Sableye|Will-O-Wisp|p2a: Sylveon
|-status|p2a: Sylveon|brn
|
|-damage|p2a: Sylveon|103\/393 brn|[from] brn
|turn|110
|
|switch|p1a: Quagsire|Quagsire, M|150\/394
|move|p2a: Sylveon|Heal Bell|p2a: Sylveon
|-cureteam|p2a: Sylveon|[from] move: HealBell
|
|turn|111
|
|switch|p2a: Mandibuzz|Mandibuzz, F|282\/423
|-damage|p2a: Mandibuzz|177\/423|[from] Stealth Rock
|move|p1a: Quagsire|Recover|p1a: Quagsire
|-heal|p1a: Quagsire|347\/394
|
|-heal|p2a: Mandibuzz|203\/423|[from] item: Leftovers
|turn|112
|join|Kolu
|
|switch|p1a: Sableye|Sableye-Mega, M|298\/303
|move|p2a: Mandibuzz|Roost|p2a: Mandibuzz
|-heal|p2a: Mandibuzz|415\/423
|
|-heal|p2a: Mandibuzz|423\/423|[from] item: Leftovers
|turn|113
|
|move|p2a: Mandibuzz|Defog|p1a: Sableye
|move|p1a: Sableye|Defog|p2a: Mandibuzz|[from]Magic Bounce
|-unboost|p2a: Mandibuzz|evasion|1
|-sideend|p2: xEvade|Stealth Rock|[from] move: Defog|[of] p2a: Mandibuzz
|move|p1a: Sableye|Will-O-Wisp|p2a: Mandibuzz
|-status|p2a: Mandibuzz|brn
|
|-damage|p2a: Mandibuzz|371\/423 brn|[from] brn
|turn|114
|
|switch|p2a: Volcarona|Volcarona, M|233\/373
|switch|p1a: Chansey|Chansey, F|604\/704
|
|-heal|p2a: Volcarona|256\/373|[from] item: Leftovers
|turn|115
|
|move|p2a: Volcarona|Quiver Dance|p2a: Volcarona
|-boost|p2a: Volcarona|spa|1
|-boost|p2a: Volcarona|spd|1
|-boost|p2a: Volcarona|spe|1
|move|p1a: Chansey|Stealth Rock|p2a: Volcarona
|-sidestart|p2: xEvade|move: Stealth Rock
|
|-heal|p2a: Volcarona|279\/373|[from] item: Leftovers
|turn|116
|c|âxEvade|you're so fucking annoying
|
|move|p2a: Volcarona|Bug Buzz|p1a: Chansey
|-damage|p1a: Chansey|478\/704
|move|p1a: Chansey|Seismic Toss|p2a: Volcarona
|-damage|p2a: Volcarona|179\/373
|
|-heal|p2a: Volcarona|202\/373|[from] item: Leftovers
|turn|117
|
|move|p2a: Volcarona|Fiery Dance|p1a: Chansey
|-damage|p1a: Chansey|369\/704
|move|p1a: Chansey|Seismic Toss|p2a: Volcarona
|-damage|p2a: Volcarona|102\/373
|-status|p1a: Chansey|brn
|
|-heal|p2a: Volcarona|125\/373|[from] item: Leftovers
|-damage|p1a: Chansey|281\/704 brn|[from] brn
|turn|118
|
|move|p2a: Volcarona|Roost|p2a: Volcarona
|-heal|p2a: Volcarona|312\/373
|move|p1a: Chansey|Soft-Boiled|p1a: Chansey
|-heal|p1a: Chansey|633\/704 brn
|
|-heal|p2a: Volcarona|335\/373|[from] item: Leftovers
|-damage|p1a: Chansey|545\/704 brn|[from] brn
|turn|119
|
|move|p2a: Volcarona|Quiver Dance|p2a: Volcarona
|-boost|p2a: Volcarona|spa|1
|-boost|p2a: Volcarona|spd|1
|-boost|p2a: Volcarona|spe|1
|move|p1a: Chansey|Seismic Toss|p2a: Volcarona
|-damage|p2a: Volcarona|235\/373
|
|-heal|p2a: Volcarona|258\/373|[from] item: Leftovers
|-damage|p1a: Chansey|457\/704 brn|[from] brn
|turn|120
|
|move|p2a: Volcarona|Quiver Dance|p2a: Volcarona
|-boost|p2a: Volcarona|spa|1
|-boost|p2a: Volcarona|spd|1
|-boost|p2a: Volcarona|spe|1
|move|p1a: Chansey|Seismic Toss|p2a: Volcarona
|-damage|p2a: Volcarona|158\/373
|
|-heal|p2a: Volcarona|181\/373|[from] item: Leftovers
|-damage|p1a: Chansey|369\/704 brn|[from] brn
|turn|121
|
|switch|p1a: Quagsire|Quagsire, M|347\/394
|move|p2a: Volcarona|Fiery Dance|p1a: Quagsire
|-resisted|p1a: Quagsire
|-damage|p1a: Quagsire|264\/394
|-boost|p2a: Volcarona|spa|1
|
|-heal|p2a: Volcarona|204\/373|[from] item: Leftovers
|turn|122
|
|move|p2a: Volcarona|Bug Buzz|p1a: Quagsire
|-damage|p1a: Quagsire|78\/394
|move|p1a: Quagsire|Toxic|p2a: Volcarona
|-status|p2a: Volcarona|tox
|
|-heal|p2a: Volcarona|227\/373 tox|[from] item: Leftovers
|-damage|p2a: Volcarona|204\/373 tox|[from] psn
|turn|123
|
|switch|p1a: Chansey|Chansey, F|369\/704
|move|p2a: Volcarona|Bug Buzz|p1a: Chansey
|-damage|p1a: Chansey|123\/704
|
|-heal|p2a: Volcarona|227\/373 tox|[from] item: Leftovers
|-damage|p2a: Volcarona|181\/373 tox|[from] psn
|turn|124
|
|switch|p1a: Sableye|Sableye-Mega, M|298\/303
|move|p2a: Volcarona|Bug Buzz|p1a: Sableye
|-damage|p1a: Sableye|0 fnt
|faint|p1a: Sableye
|
|-heal|p2a: Volcarona|204\/373 tox|[from] item: Leftovers
|-damage|p2a: Volcarona|135\/373 tox|[from] psn
|
|switch|p1a: Cresselia|Cresselia, F|367\/444
|turn|125
|
|move|p2a: Volcarona|Bug Buzz|p1a: Cresselia
|-supereffective|p1a: Cresselia
|-damage|p1a: Cresselia|0 fnt
|faint|p1a: Cresselia
|
|-heal|p2a: Volcarona|158\/373 tox|[from] item: Leftovers
|-damage|p2a: Volcarona|66\/373 tox|[from] psn
|c|âAlkov|nice and aids
|c|âAlkov|those 5 crits
|c|âAlkov|gave you a win
|c|âAlkov|good job
|-message|Alkov forfeited.
|
|win|xEvade
|raw|Ladder updating...
|c|âxEvade|say goodbye to your shitty team
|leave|Alkov
|player|p1
|raw|Alkov's rating: 1550 &rarr; <strong>1528<\/strong><br \/>(-22 for losing)
|raw|xEvade's rating: 1507 &rarr; <strong>1529<\/strong><br \/>(+22 for winning)
|leave|Kolu
|leave|Praj.pran
|leave|Mentalist Swag