|join|Alkov
|join|40 the kid1
|player|p1|Alkov|256
|player|p2|40 the kid1|169
|gametype|singles
|gen|6
|tier|OU
|rated
|clearpoke
|poke|p1|Kyurem-Black, shiny
|poke|p1|Slowbro, M
|poke|p1|Gardevoir, F, shiny
|poke|p1|Cobalion
|poke|p1|Landorus-Therian, M
|poke|p1|Zapdos
|poke|p2|Magnezone
|poke|p2|Slowbro, F
|poke|p2|Landorus, M
|poke|p2|Gengar, M
|poke|p2|Lopunny, F
|poke|p2|Azumarill, F
|rule|Swagger Clause: Swagger is banned
|rule|Baton Pass Clause: Limit one PokÃ©mon knowing Baton Pass
|rule|Sleep Clause Mod: Limit one foe put to sleep
|rule|Species Clause: Limit one of each PokÃ©mon
|rule|OHKO Clause: OHKO moves are banned
|rule|Moody Clause: Moody is banned
|rule|Evasion Moves Clause: Evasion moves are banned
|rule|Endless Battle Clause: Forcing endless battles is banned
|rule|HP Percentage Mod: HP is shown in percentages
|teampreview
|join|jake5
|c|âAlkov|he has the 2 mons that destroys my team
|c|âAlkov|fuck
|c| jake5|this is your suspect team right nigga
|join|ulcer
|c|âAlkov|can you ever watch a game
|c| jake5|yeah hardly anyone is using the broken mon
|c|âAlkov|without talking too much
|c| ulcer|yeah.....
|c| jake5|good thing
|join|okayI'mturningup
|c|âAlkov|or being annoying
|c| ulcer|cuz those are so rare...
|c| jake5|hmm what are the 2 mons
|c| jake5|i assume landoge and gengar
|c| ulcer|alkov,  maybe u should gut gid.
|
|start
|switch|p1a: Cobalion|Cobalion|351\/351
|switch|p2a: Gengar|Gengar, M|261\/261
|turn|1
|
|switch|p1a: Landorus-Therian|Landorus-Therian, M|328\/328
|-ability|p1a: Landorus-Therian|Intimidate|[of] p2a: Gengar
|-unboost|p2a: Gengar|atk|1
|move|p2a: Gengar|Focus Blast|p1a: Landorus-Therian
|-resisted|p1a: Landorus-Therian
|-damage|p1a: Landorus-Therian|218\/328
|-damage|p2a: Gengar|235\/261|[from] item: Life Orb
|
|turn|2
|
|switch|p2a: Slowbro|Slowbro, F|394\/394
|move|p1a: Landorus-Therian|Knock Off|p2a: Slowbro
|-supereffective|p2a: Slowbro
|-damage|p2a: Slowbro|222\/394
|-enditem|p2a: Slowbro|Leftovers|[from] move: Knock Off|[of] p1a: Landorus-Therian
|
|turn|3
|
|switch|p1a: Cobalion|Cobalion|351\/351
|move|p2a: Slowbro|Scald|p1a: Cobalion
|-damage|p1a: Cobalion|236\/351
|
|-heal|p1a: Cobalion|257\/351|[from] item: Leftovers
|turn|4
|
|switch|p2a: Landorus|Landorus, M|319\/319
|move|p1a: Cobalion|Stealth Rock|p2a: Landorus
|-sidestart|p2: 40 the kid1|move: Stealth Rock
|
|-heal|p1a: Cobalion|278\/351|[from] item: Leftovers
|turn|5
|
|move|p1a: Cobalion|Iron Head|p2a: Landorus
|-crit|p2a: Landorus
|-damage|p2a: Landorus|163\/319
|move|p2a: Landorus|Stealth Rock|p1a: Cobalion
|-sidestart|p1: Alkov|move: Stealth Rock
|
|-heal|p1a: Cobalion|299\/351|[from] item: Leftovers
|turn|6
|
|move|p1a: Cobalion|Iron Head|p2a: Landorus
|-damage|p2a: Landorus|61\/319
|cant|p2a: Landorus|flinch
|
|-heal|p1a: Cobalion|320\/351|[from] item: Leftovers
|turn|7
|c| jake5|wut
|
|switch|p2a: Magnezone|Magnezone|281\/281
|-damage|p2a: Magnezone|264\/281|[from] Stealth Rock
|move|p1a: Cobalion|Iron Head|p2a: Magnezone
|-resisted|p2a: Magnezone
|-damage|p2a: Magnezone|242\/281
|
|-heal|p1a: Cobalion|341\/351|[from] item: Leftovers
|turn|8
|c| jake5|you run a max speed cobbalion lol
|c| ulcer|>not the fairly common hp ice cobailon used to handle gliscors
|c|âAlkov|who doesnt
|c| ulcer|holy shit gut gid
|c|âAlkov|you stupid
|c| ulcer|*gligars
|c| jake5|dafuq
|
|move|p2a: Magnezone|Volt Switch|p1a: Cobalion
|-damage|p1a: Cobalion|172\/351
|c| jake5|isnt it supposed to be bulky
|c| okayI'mturningup|jake5 u never fucking shut up do u
|c| jake5|and not an offensive mon
|c|âAlkov|no
|c| okayI'mturningup|jesus christ
|c| jake5|nope i dont
|c|âAlkov|you run max speed with a bit of bulk
|c| jake5|eh ok
|c|âAlkov|and lesser attack
|
|switch|p2a: Slowbro|Slowbro, F|353\/394
|-damage|p2a: Slowbro|304\/394|[from] Stealth Rock
|move|p1a: Cobalion|Volt Switch|p2a: Slowbro
|-supereffective|p2a: Slowbro
|-damage|p2a: Slowbro|194\/394
|c| okayI'mturningup|is there an off switch
|c| jake5|nope
|
|switch|p1a: Gardevoir|Gardevoir, F, shiny|277\/277
|-damage|p1a: Gardevoir|243\/277|[from] Stealth Rock
|-ability|p1a: Gardevoir|Regenerator|[from] ability: Trace|[of] p2a: Slowbro
|
|turn|9
|c| jake5|gtfo thats the off switch
|c| jake5|no one's asking you to watch
|c|âAlkov|but its true tho, jake you gotta like
|c|âAlkov|stop being
|c|âAlkov|a fgt
|
|switch|p2a: Landorus|Landorus, M|61\/319
|-damage|p2a: Landorus|22\/319|[from] Stealth Rock
|detailschange|p1a: Gardevoir|Gardevoir-Mega, F, shiny
|-mega|p1a: Gardevoir|Gardevoir|Gardevoirite
|move|p1a: Gardevoir|Hyper Voice|p2a: Landorus
|-damage|p2a: Landorus|0 fnt
|faint|p2a: Landorus
|
|c| ulcer|jake5... more like fake5.
|c|âAlkov|and talk nicely
|c| jake5|loool says alkov
|
|switch|p2a: Gengar|Gengar, M|235\/261
|-damage|p2a: Gengar|203\/261|[from] Stealth Rock
|turn|10
|
|switch|p1a: Cobalion|Cobalion|172\/351
|-damage|p1a: Cobalion|162\/351|[from] Stealth Rock
|move|p2a: Gengar|Shadow Ball|p1a: Cobalion
|-damage|p1a: Cobalion|0 fnt
|-damage|p2a: Gengar|177\/261|[from] item: Life Orb
|faint|p1a: Cobalion
|
|
|switch|p1a: Landorus-Therian|Landorus-Therian, M|218\/328
|-damage|p1a: Landorus-Therian|177\/328|[from] Stealth Rock
|-ability|p1a: Landorus-Therian|Intimidate|[of] p2a: Gengar
|-unboost|p2a: Gengar|atk|1
|turn|11
|
|move|p1a: Landorus-Therian|U-turn|p2a: Gengar
|-resisted|p2a: Gengar
|-damage|p2a: Gengar|144\/261
|
|switch|p1a: Zapdos|Zapdos|383\/383
|-damage|p1a: Zapdos|288\/383|[from] Stealth Rock
|-ability|p1a: Zapdos|Pressure
|move|p2a: Gengar|Shadow Ball|p1a: Zapdos
|-damage|p1a: Zapdos|68\/383
|-damage|p2a: Gengar|118\/261|[from] item: Life Orb
|
|-heal|p1a: Zapdos|91\/383|[from] item: Leftovers
|turn|12
|
|move|p2a: Gengar|Shadow Ball|p1a: Zapdos
|-damage|p1a: Zapdos|0 fnt
|-damage|p2a: Gengar|92\/261|[from] item: Life Orb
|faint|p1a: Zapdos
|
|
|switch|p1a: Landorus-Therian|Landorus-Therian, M|177\/328
|-damage|p1a: Landorus-Therian|136\/328|[from] Stealth Rock
|-ability|p1a: Landorus-Therian|Intimidate|[of] p2a: Gengar
|-unboost|p2a: Gengar|atk|1
|turn|13
|leave|okayI'mturningup
|
|switch|p2a: Slowbro|Slowbro, F|325\/394
|-damage|p2a: Slowbro|276\/394|[from] Stealth Rock
|move|p1a: Landorus-Therian|U-turn|p2a: Slowbro
|-supereffective|p2a: Slowbro
|-damage|p2a: Slowbro|160\/394
|
|switch|p1a: Gardevoir|Gardevoir-Mega, F, shiny|243\/277
|-damage|p1a: Gardevoir|209\/277|[from] Stealth Rock
|
|turn|14
|
|switch|p2a: Magnezone|Magnezone|242\/281
|-damage|p2a: Magnezone|225\/281|[from] Stealth Rock
|move|p1a: Gardevoir|Hyper Voice|p2a: Magnezone
|-resisted|p2a: Magnezone
|-damage|p2a: Magnezone|87\/281
|
|turn|15
|
|switch|p1a: Slowbro|Slowbro, M|394\/394
|-damage|p1a: Slowbro|345\/394|[from] Stealth Rock
|move|p2a: Magnezone|Thunderbolt|p1a: Slowbro
|-supereffective|p1a: Slowbro
|-damage|p1a: Slowbro|0 fnt
|faint|p1a: Slowbro
|
|c|âAlkov|RIP
|
|switch|p1a: Landorus-Therian|Landorus-Therian, M|136\/328
|-damage|p1a: Landorus-Therian|95\/328|[from] Stealth Rock
|-ability|p1a: Landorus-Therian|Intimidate|[of] p2a: Magnezone
|-unboost|p2a: Magnezone|atk|1
|turn|16
|c| jake5|dis man is fearless
|c|âAlkov|that bolt
|c|âAlkov|won
|c|âAlkov|the game
|c| jake5|your teh one risknig your only switchin to lopunny zzzzzz
|
|switch|p2a: Slowbro|Slowbro, F|291\/394
|-damage|p2a: Slowbro|242\/394|[from] Stealth Rock
|move|p1a: Landorus-Therian|Knock Off|p2a: Slowbro
|-supereffective|p2a: Slowbro
|-damage|p2a: Slowbro|122\/394
|
|turn|17
|c|âAlkov|i had no switchins for flash
|c|âAlkov|anyway
|
|move|p1a: Landorus-Therian|Knock Off|p2a: Slowbro
|-supereffective|p2a: Slowbro
|-damage|p2a: Slowbro|12\/394
|move|p2a: Slowbro|Slack Off|p2a: Slowbro
|-heal|p2a: Slowbro|209\/394
|
|turn|18
|c|âAlkov|wow 10\/10 rolls
|
|switch|p1a: Gardevoir|Gardevoir-Mega, F, shiny|209\/277
|-damage|p1a: Gardevoir|175\/277|[from] Stealth Rock
|move|p2a: Slowbro|Scald|p1a: Gardevoir
|-damage|p1a: Gardevoir|100\/277
|
|turn|19
|
|switch|p2a: Magnezone|Magnezone|87\/281
|-damage|p2a: Magnezone|70\/281|[from] Stealth Rock
|move|p1a: Gardevoir|Hyper Voice|p2a: Magnezone
|-resisted|p2a: Magnezone
|-damage|p2a: Magnezone|0 fnt
|faint|p2a: Magnezone
|
|
|switch|p2a: Lopunny|Lopunny, F|271\/271
|-damage|p2a: Lopunny|238\/271|[from] Stealth Rock
|turn|20
|
|detailschange|p2a: Lopunny|Lopunny-Mega, F
|-mega|p2a: Lopunny|Lopunny|Lopunnite
|move|p2a: Lopunny|Return|p1a: Gardevoir
|-damage|p1a: Gardevoir|0 fnt
|faint|p1a: Gardevoir
|
|
|switch|p1a: Landorus-Therian|Landorus-Therian, M|95\/328
|-damage|p1a: Landorus-Therian|54\/328|[from] Stealth Rock
|-ability|p1a: Landorus-Therian|Intimidate|[of] p2a: Lopunny
|-unboost|p2a: Lopunny|atk|1
|turn|21
|
|switch|p2a: Slowbro|Slowbro, F|340\/394
|-damage|p2a: Slowbro|291\/394|[from] Stealth Rock
|move|p1a: Landorus-Therian|U-turn|p2a: Slowbro
|-supereffective|p2a: Slowbro
|-damage|p2a: Slowbro|171\/394
|
|switch|p1a: Kyurem-Black|Kyurem-Black, shiny|391\/391
|-damage|p1a: Kyurem-Black|294\/391|[from] Stealth Rock
|-ability|p1a: Kyurem-Black|Teravolt
|
|turn|22
|c| jake5|does zappy have defog?
|
|switch|p2a: Gengar|Gengar, M|92\/261
|-damage|p2a: Gengar|60\/261|[from] Stealth Rock
|move|p1a: Kyurem-Black|Earth Power|p2a: Gengar
|-supereffective|p2a: Gengar
|-damage|p2a: Gengar|0 fnt
|-damage|p1a: Kyurem-Black|255\/391|[from] item: Life Orb
|faint|p2a: Gengar
|
|
|switch|p2a: Lopunny|Lopunny-Mega, F|238\/271
|-damage|p2a: Lopunny|222\/271|[from] Stealth Rock
|turn|23
|c|âAlkov|y
|c| jake5|lol if he misses hjk
|c| jake5|you might win
|
|move|p2a: Lopunny|Fake Out|p1a: Kyurem-Black
|-damage|p1a: Kyurem-Black|176\/391
|cant|p1a: Kyurem-Black|flinch
|
|turn|24
|
|move|p2a: Lopunny|Return|p1a: Kyurem-Black
|-damage|p1a: Kyurem-Black|0 fnt
|faint|p1a: Kyurem-Black
|
|c| jake5|k no need lel
|
|switch|p1a: Landorus-Therian|Landorus-Therian, M|54\/328
|-damage|p1a: Landorus-Therian|13\/328|[from] Stealth Rock
|-ability|p1a: Landorus-Therian|Intimidate|[of] p2a: Lopunny
|-unboost|p2a: Lopunny|atk|1
|turn|25
|-message|Alkov forfeited.
|
|win|40 the kid1
|raw|Ladder updating...
|leave|Alkov
|player|p1
|raw|Alkov's rating: 1673 &rarr; <strong>1642<\/strong><br \/>(-31 for losing)
|raw|40 the kid1's rating: 1462 &rarr; <strong>1493<\/strong><br \/>(+31 for winning)
|leave|jake5
|leave|ulcer