|join|Alkov
|join|I'm just a name
|player|p1|Alkov|256
|player|p2|I'm just a name|92
|gametype|singles
|gen|6
|tier|OU (suspect test)
|clearpoke
|poke|p1|Politoed, F
|poke|p1|Tornadus-Therian, M
|poke|p1|Scizor, M
|poke|p1|Seismitoad, F
|poke|p1|Kabutops, M
|poke|p1|Garchomp, F
|poke|p2|Gallade, M, shiny
|poke|p2|Porygon-Z
|poke|p2|Goodra, F
|poke|p2|Rotom-Wash
|poke|p2|Excadrill, M
|poke|p2|Talonflame, F
|rule|Swagger Clause: Swagger is banned
|rule|Baton Pass Clause: Limit one PokÃ©mon knowing Baton Pass
|rule|Sleep Clause Mod: Limit one foe put to sleep
|rule|Species Clause: Limit one of each PokÃ©mon
|rule|OHKO Clause: OHKO moves are banned
|rule|Moody Clause: Moody is banned
|rule|Evasion Moves Clause: Evasion moves are banned
|rule|Endless Battle Clause: Forcing endless battles is banned
|rule|HP Percentage Mod: HP is shown in percentages
|teampreview
|join|Omegasization
|c|âAlkov|GL
|c|âI'm just a name|same
|c|âAlkov|OMEGASIZATION
|c| Omegasization|garchomp ;-;
|c|âAlkov|GHOST ME
|c|âAlkov|IM BAD
|c| Omegasization|NO
|
|start
|switch|p1a: Garchomp|Garchomp, F|420\/420
|switch|p2a: Goodra|Goodra, F|383\/383
|turn|1
|c| Omegasization|I WANNA HAVE A LAUGH
|join|Afreezingflare
|c|âAlkov|:[
|join|swaqfeq
|c|âAlkov|y u gotta be da rudeeeee
|
|switch|p2a: Rotom-Wash|Rotom-Wash|303\/303
|move|p1a: Garchomp|Stealth Rock|p2a: Rotom-Wash
|-sidestart|p2: I'm just a name|move: Stealth Rock
|
|turn|2
|
|switch|p1a: Politoed|Politoed, F|383\/383
|-weather|RainDance
|move|p2a: Rotom-Wash|Will-O-Wisp|p1a: Politoed
|-status|p1a: Politoed|brn
|
|-weather|RainDance|[upkeep]
|-damage|p1a: Politoed|336\/383 brn|[from] brn
|turn|3
|c|âAlkov|wait ...
|c|âAlkov|how do i kill this thing?
|c|âAlkov|i have nothing for it lol
|c| Omegasization|lol
|
|switch|p1a: Seismitoad|Seismitoad, F|351\/351
|move|p2a: Rotom-Wash|Volt Switch|p1a: Seismitoad
|-immune|p1a: Seismitoad|[msg]
|
|-weather|RainDance|[upkeep]
|turn|4
|c|âI'm just a name|lol
|c| Afreezingflare|U screwed
|c| swaqfeq|Old rain team
|c| swaqfeq|i liek
|
|move|p1a: Seismitoad|Hydro Pump|p2a: Rotom-Wash
|-resisted|p2a: Rotom-Wash
|-damage|p2a: Rotom-Wash|151\/303
|-damage|p1a: Seismitoad|316\/351|[from] item: Life Orb
|move|p2a: Rotom-Wash|Hydro Pump|p1a: Seismitoad|[miss]
|-miss|p2a: Rotom-Wash|p1a: Seismitoad
|
|-weather|RainDance|[upkeep]
|turn|5
|c|âAlkov|not very effective
|
|switch|p2a: Goodra|Goodra, F|383\/383
|-damage|p2a: Goodra|336\/383|[from] Stealth Rock
|move|p1a: Seismitoad|Hydro Pump|p2a: Goodra
|-resisted|p2a: Goodra
|-damage|p2a: Goodra|257\/383
|-damage|p1a: Seismitoad|281\/351|[from] item: Life Orb
|
|-weather|RainDance|[upkeep]
|-heal|p2a: Goodra|280\/383|[from] item: Leftovers
|turn|6
|c|âAlkov|takes 50%
|c|âAlkov|POWERR
|c|âAlkov|eh fuck yo goodra
|
|switch|p1a: Garchomp|Garchomp, F|420\/420
|move|p2a: Goodra|Power Whip|p1a: Garchomp
|-damage|p1a: Garchomp|337\/420
|-damage|p2a: Goodra|233\/383|[from] ability: Rough Skin|[of] p1a: Garchomp
|-damage|p2a: Goodra|170\/383|[from] item: Rocky Helmet|[of] p1a: Garchomp
|
|-weather|RainDance|[upkeep]
|-heal|p2a: Goodra|193\/383|[from] item: Leftovers
|turn|7
|
|switch|p1a: Tornadus-Therian|Tornadus-Therian, M|334\/334
|switch|p2a: Excadrill|Excadrill, M|361\/361
|-damage|p2a: Excadrill|350\/361|[from] Stealth Rock
|-ability|p2a: Excadrill|Mold Breaker
|-item|p2a: Excadrill|Air Balloon
|
|-weather|RainDance|[upkeep]
|turn|8
|join|IAmGingy
|
|move|p1a: Tornadus-Therian|Focus Blast|p2a: Excadrill|[miss]
|-miss|p1a: Tornadus-Therian|p2a: Excadrill
|move|p2a: Excadrill|Rapid Spin|p1a: Tornadus-Therian
|-damage|p1a: Tornadus-Therian|299\/334
|-sideend|p2: I'm just a name|Stealth Rock|[from] move: Rapid Spin|[of] p2a: Excadrill
|
|-weather|RainDance|[upkeep]
|turn|9
|c|âAlkov|thats
|c|âAlkov|not cool mang
|
|switch|p2a: Goodra|Goodra, F|193\/383
|move|p1a: Tornadus-Therian|U-turn|p2a: Goodra
|-damage|p2a: Goodra|123\/383
|
|switch|p1a: Garchomp|Garchomp, F|337\/420
|
|-weather|none
|-heal|p2a: Goodra|146\/383|[from] item: Leftovers
|turn|10
|
|move|p1a: Garchomp|Earthquake|p2a: Goodra
|-damage|p2a: Goodra|0 fnt
|faint|p2a: Goodra
|
|
|switch|p2a: Rotom-Wash|Rotom-Wash|151\/303
|turn|11
|
|move|p1a: Garchomp|Stealth Rock|p2a: Rotom-Wash
|-sidestart|p2: I'm just a name|move: Stealth Rock
|move|p2a: Rotom-Wash|Volt Switch|p1a: Garchomp
|-immune|p1a: Garchomp|[msg]
|
|turn|12
|c|âAlkov|looool
|c|âI'm just a name|fuck I'm playing bad
|
|switch|p1a: Politoed|Politoed, F|336\/383 brn
|-weather|RainDance
|move|p2a: Rotom-Wash|Rest|p2a: Rotom-Wash
|-status|p2a: Rotom-Wash|slp
|-heal|p2a: Rotom-Wash|303\/303 slp|[silent]
|-status|p2a: Rotom-Wash|slp|[from] move: Rest
|-enditem|p2a: Rotom-Wash|Chesto Berry|[eat]
|-curestatus|p2a: Rotom-Wash|slp
|
|-weather|RainDance|[upkeep]
|-damage|p1a: Politoed|289\/383 brn|[from] brn
|turn|13
|c|âAlkov|im in this man's head
|c|âAlkov|jk
|c|âAlkov|im just bad
|c| swaqfeq|ohh chesto resto
|c| swaqfeq|CUTE
|
|switch|p2a: Excadrill|Excadrill, M|350\/361
|-damage|p2a: Excadrill|339\/361|[from] Stealth Rock
|-ability|p2a: Excadrill|Mold Breaker
|-item|p2a: Excadrill|Air Balloon
|move|p1a: Politoed|Scald|p2a: Excadrill
|-supereffective|p2a: Excadrill
|-damage|p2a: Excadrill|0 fnt
|-enditem|p2a: Excadrill|Air Balloon
|faint|p2a: Excadrill
|
|-weather|RainDance|[upkeep]
|-damage|p1a: Politoed|242\/383 brn|[from] brn
|c|âI'm just a name|lol
|c|âAlkov|WOOOO
|c|âAlkov|IM IN THIS MAN'S HEAD
|c|âI'm just a name|fuck my life
|c| swaqfeq|ew
|c|âAlkov|hahaha
|
|switch|p2a: Porygon-Z|Porygon-Z|311\/311
|-damage|p2a: Porygon-Z|273\/311|[from] Stealth Rock
|turn|14
|c| Afreezingflare|y u send in Excadrill on Politoad
|
|switch|p1a: Scizor|Scizor, M|343\/343
|move|p2a: Porygon-Z|Tri Attack|p1a: Scizor
|-resisted|p1a: Scizor
|-damage|p1a: Scizor|208\/343
|
|-weather|RainDance|[upkeep]
|turn|15
|c|âI'm just a name|omg
|c| swaqfeq|i need to build around this
|c|âAlkov|obv he's predicting my torn-t
|c|âAlkov|or something
|c| swaqfeq|Like adaptability + 130 spatk
|c|âI'm just a name|nah I knew scizor would come in
|c|âI'm just a name|but didn't react on it
|
|detailschange|p1a: Scizor|Scizor-Mega, M
|-mega|p1a: Scizor|Scizor|Scizorite
|move|p2a: Porygon-Z|Tri Attack|p1a: Scizor
|-resisted|p1a: Scizor
|-damage|p1a: Scizor|99\/343
|move|p1a: Scizor|Superpower|p2a: Porygon-Z
|-supereffective|p2a: Porygon-Z
|-damage|p2a: Porygon-Z|0 fnt
|-unboost|p1a: Scizor|atk|1
|-unboost|p1a: Scizor|def|1
|faint|p2a: Porygon-Z
|
|-weather|RainDance|[upkeep]
|
|switch|p2a: Gallade|Gallade, M, shiny|277\/277
|-damage|p2a: Gallade|260\/277|[from] Stealth Rock
|turn|16
|join|SafeORAS
|join|Arcanine is Regal
|c| Afreezingflare|go mega on mega!
|
|detailschange|p2a: Gallade|Gallade-Mega, M, shiny
|-mega|p2a: Gallade|Gallade|Galladite
|move|p1a: Scizor|Bullet Punch|p2a: Gallade
|-damage|p2a: Gallade|178\/277
|move|p2a: Gallade|Ice Punch|p1a: Scizor
|-resisted|p1a: Scizor
|-damage|p1a: Scizor|50\/343
|
|-weather|RainDance|[upkeep]
|turn|17
|join|Keldeown
|c| swaqfeq|..
|c|âI'm just a name|aids
|c| swaqfeq|You're of ur game
|
|move|p2a: Gallade|Shadow Sneak|p1a: Scizor
|-damage|p1a: Scizor|0 fnt
|faint|p1a: Scizor
|
|-weather|RainDance|[upkeep]
|c|âI'm just a name|yes
|c| swaqfeq|off*
|
|switch|p1a: Seismitoad|Seismitoad, F|281\/351
|turn|18
|c| Afreezingflare|yay
|
|move|p1a: Seismitoad|Hydro Pump|p2a: Gallade|[miss]
|-miss|p1a: Seismitoad|p2a: Gallade
|move|p2a: Gallade|Close Combat|p1a: Seismitoad
|-damage|p1a: Seismitoad|0 fnt
|-unboost|p2a: Gallade|def|1
|-unboost|p2a: Gallade|spd|1
|faint|p1a: Seismitoad
|
|-weather|RainDance|[upkeep]
|c|âAlkov|RIP
|c| Afreezingflare|damn
|
|switch|p1a: Tornadus-Therian|Tornadus-Therian, M|334\/334
|turn|19
|c| Arcanine is Regal|outplayed
|join|CleanerThanRotom-W
|c|âAlkov|the miss was predicted
|c|âAlkov|hahah
|
|switch|p2a: Rotom-Wash|Rotom-Wash|303\/303
|-damage|p2a: Rotom-Wash|266\/303|[from] Stealth Rock
|move|p1a: Tornadus-Therian|Hurricane|p2a: Rotom-Wash
|-resisted|p2a: Rotom-Wash
|-damage|p2a: Rotom-Wash|188\/303
|
|-weather|none
|turn|20
|c| Arcanine is Regal|earth power might have killed?
|c|âAlkov|not at full tho
|join|Dark380
|c| Arcanine is Regal|its not at full tho
|c| swaqfeq|115 spdef is nice n chunky
|join|Vetleb The Trash
|c| Arcanine is Regal|oh yeah
|c| Arcanine is Regal|it probs wouldnt have
|
|move|p1a: Tornadus-Therian|U-turn|p2a: Rotom-Wash
|-damage|p2a: Rotom-Wash|152\/303
|
|switch|p1a: Garchomp|Garchomp, F|337\/420
|move|p2a: Rotom-Wash|Hydro Pump|p1a: Garchomp
|-damage|p1a: Garchomp|186\/420
|
|turn|21
|
|move|p1a: Garchomp|Rain Dance|p1a: Garchomp
|-weather|RainDance
|move|p2a: Rotom-Wash|Will-O-Wisp|p1a: Garchomp
|-status|p1a: Garchomp|brn
|
|-weather|RainDance|[upkeep]
|-damage|p1a: Garchomp|134\/420 brn|[from] brn
|turn|22
|c| Afreezingflare|wow him!
|c| swaqfeq|hahaha
|
|move|p1a: Garchomp|Aqua Tail|p2a: Rotom-Wash
|-resisted|p2a: Rotom-Wash
|-damage|p2a: Rotom-Wash|128\/303
|move|p2a: Rotom-Wash|Rest|p2a: Rotom-Wash
|-status|p2a: Rotom-Wash|slp
|-heal|p2a: Rotom-Wash|303\/303 slp|[silent]
|-status|p2a: Rotom-Wash|slp|[from] move: Rest
|
|-weather|RainDance|[upkeep]
|-damage|p1a: Garchomp|82\/420 brn|[from] brn
|turn|23
|
|switch|p1a: Kabutops|Kabutops, M|261\/261
|cant|p2a: Rotom-Wash|slp
|
|-weather|RainDance|[upkeep]
|turn|24
|c| Arcanine is Regal|lol
|c| Vetleb The Trash|rain dance garchomp new meta
|c| Afreezingflare|aqua tail?
|
|move|p1a: Kabutops|Swords Dance|p1a: Kabutops
|-boost|p1a: Kabutops|atk|2
|cant|p2a: Rotom-Wash|slp
|
|-weather|RainDance|[upkeep]
|turn|25
|
|move|p1a: Kabutops|Stone Edge|p2a: Rotom-Wash
|-damage|p2a: Rotom-Wash|0 fnt
|-damage|p1a: Kabutops|235\/261|[from] item: Life Orb
|faint|p2a: Rotom-Wash
|
|-weather|none
|c| swaqfeq|Miss here
|c|âAlkov|catch this real quick
|
|switch|p2a: Gallade|Gallade-Mega, M, shiny|178\/277
|-damage|p2a: Gallade|161\/277|[from] Stealth Rock
|turn|26
|c|âAlkov|fuck the rain ended
|c|âAlkov|lmfao
|
|switch|p1a: Politoed|Politoed, F|242\/383 brn
|-weather|RainDance
|move|p2a: Gallade|Close Combat|p1a: Politoed
|-damage|p1a: Politoed|5\/383 brn
|-unboost|p2a: Gallade|def|1
|-unboost|p2a: Gallade|spd|1
|
|-weather|RainDance|[upkeep]
|-damage|p1a: Politoed|0 fnt|[from] brn
|faint|p1a: Politoed
|
|switch|p1a: Kabutops|Kabutops, M|235\/261
|turn|27
|
|move|p2a: Gallade|Shadow Sneak|p1a: Kabutops
|-damage|p1a: Kabutops|181\/261
|move|p1a: Kabutops|Waterfall|p2a: Gallade
|-damage|p2a: Gallade|0 fnt
|-damage|p1a: Kabutops|155\/261|[from] item: Life Orb
|faint|p2a: Gallade
|
|-weather|RainDance|[upkeep]
|c|âAlkov|gg
|
|switch|p2a: Talonflame|Talonflame, F|297\/297
|-damage|p2a: Talonflame|149\/297|[from] Stealth Rock
|turn|28
|c|âI'm just a name|gg
|c| Afreezingflare|u dead
|
|move|p2a: Talonflame|Brave Bird|p1a: Kabutops
|-resisted|p1a: Kabutops
|-damage|p1a: Kabutops|33\/261
|-damage|p2a: Talonflame|109\/297|[from] recoil|[of] p1a: Kabutops
|move|p1a: Kabutops|Waterfall|p2a: Talonflame
|-supereffective|p2a: Talonflame
|-damage|p2a: Talonflame|0 fnt
|-damage|p1a: Kabutops|7\/261|[from] item: Life Orb
|faint|p2a: Talonflame
|
|win|Alkov
|leave|Arcanine is Regal
|leave|Vetleb The Trash
|c| swaqfeq|lol
|c| swaqfeq|fuck
|leave|I'm just a name
|player|p2
|c|âAlkov|lol
|leave|swaqfeq
|c|âAlkov|i read his mind
|leave|CleanerThanRotom-W
|leave|Afreezingflare
|leave|Keldeown
|leave|Omegasization