|join|Hawkeye998
|join|Alkov
|player|p1|Hawkeye998|269
|player|p2|Alkov|256
|gametype|singles
|gen|6
|tier|OU (suspect test)
|clearpoke
|poke|p1|Tyranitar, M
|poke|p1|Latias, F
|poke|p1|Gyarados, F
|poke|p1|Ferrothorn, M
|poke|p1|Heatran, F
|poke|p1|Landorus, M
|poke|p2|Kyurem-Black, shiny
|poke|p2|Slowbro, M
|poke|p2|Gardevoir, F, shiny
|poke|p2|Cobalion
|poke|p2|Landorus-Therian, M
|poke|p2|Zapdos
|rule|Swagger Clause: Swagger is banned
|rule|Baton Pass Clause: Limit one PokÃ©mon knowing Baton Pass
|rule|Sleep Clause Mod: Limit one foe put to sleep
|rule|Species Clause: Limit one of each PokÃ©mon
|rule|OHKO Clause: OHKO moves are banned
|rule|Moody Clause: Moody is banned
|rule|Evasion Moves Clause: Evasion moves are banned
|rule|Endless Battle Clause: Forcing endless battles is banned
|rule|HP Percentage Mod: HP is shown in percentages
|teampreview
|c|âHawkeye998|gl hf
|join|anphonic
|c|âAlkov|GL :]
|join|Mistaken
|c| Mistaken|cobalion <3
|join|Squirrelll
|
|start
|switch|p1a: Ferrothorn|Ferrothorn, M|352\/352
|switch|p2a: Cobalion|Cobalion|351\/351
|turn|1
|
|switch|p1a: Gyarados|Gyarados, F|331\/331
|-ability|p1a: Gyarados|Intimidate|[of] p2a: Cobalion
|-unboost|p2a: Cobalion|atk|1
|move|p2a: Cobalion|Close Combat|p1a: Gyarados
|-resisted|p1a: Gyarados
|-damage|p1a: Gyarados|268\/331
|-unboost|p2a: Cobalion|def|1
|-unboost|p2a: Cobalion|spd|1
|
|turn|2
|
|switch|p1a: Ferrothorn|Ferrothorn, M|352\/352
|move|p2a: Cobalion|Volt Switch|p1a: Ferrothorn
|-resisted|p1a: Ferrothorn
|-damage|p1a: Ferrothorn|331\/352
|
|switch|p2a: Zapdos|Zapdos|383\/383
|-ability|p2a: Zapdos|Pressure
|
|-heal|p1a: Ferrothorn|352\/352|[from] item: Leftovers
|turn|3
|
|switch|p1a: Heatran|Heatran, F|386\/386
|move|p2a: Zapdos|Heat Wave|p1a: Heatran
|-start|p1a: Heatran|ability: Flash Fire
|
|turn|4
|
|switch|p2a: Slowbro|Slowbro, M|394\/394
|move|p1a: Heatran|Toxic|p2a: Slowbro
|-status|p2a: Slowbro|tox
|
|-damage|p2a: Slowbro|370\/394 tox|[from] psn
|turn|5
|
|switch|p1a: Ferrothorn|Ferrothorn, M|352\/352
|move|p2a: Slowbro|Scald|p1a: Ferrothorn
|-resisted|p1a: Ferrothorn
|-damage|p1a: Ferrothorn|313\/352
|
|-heal|p2a: Slowbro|394\/394 tox|[from] item: Leftovers
|-heal|p1a: Ferrothorn|335\/352|[from] item: Leftovers
|-damage|p2a: Slowbro|346\/394 tox|[from] psn
|turn|6
|
|switch|p2a: Cobalion|Cobalion|351\/351
|move|p1a: Ferrothorn|Stealth Rock|p2a: Cobalion
|-sidestart|p2: Alkov|move: Stealth Rock
|
|-heal|p1a: Ferrothorn|352\/352|[from] item: Leftovers
|turn|7
|
|switch|p1a: Landorus|Landorus, M|319\/319
|move|p2a: Cobalion|Stealth Rock|p1a: Landorus
|-sidestart|p1: Hawkeye998|move: Stealth Rock
|
|turn|8
|
|move|p2a: Cobalion|Iron Head|p1a: Landorus
|-damage|p1a: Landorus|204\/319
|cant|p1a: Landorus|flinch
|
|turn|9
|c| anphonic|lool
|c|âHawkeye998|>.<
|
|switch|p2a: Landorus-Therian|Landorus-Therian, M|328\/328
|-damage|p2a: Landorus-Therian|287\/328|[from] Stealth Rock
|-ability|p2a: Landorus-Therian|Intimidate|[of] p1a: Landorus
|-unboost|p1a: Landorus|atk|1
|move|p1a: Landorus|Earth Power|p2a: Landorus-Therian
|-immune|p2a: Landorus-Therian|[msg]
|
|turn|10
|
|move|p2a: Landorus-Therian|Knock Off|p1a: Landorus
|-damage|p1a: Landorus|73\/319
|-enditem|p1a: Landorus|Life Orb|[from] move: Knock Off|[of] p2a: Landorus-Therian
|move|p1a: Landorus|Psychic|p2a: Landorus-Therian
|-damage|p2a: Landorus-Therian|123\/328
|
|turn|11
|
|move|p2a: Landorus-Therian|Knock Off|p1a: Landorus
|-damage|p1a: Landorus|0 fnt
|faint|p1a: Landorus
|
|
|switch|p1a: Gyarados|Gyarados, F|268\/331
|-damage|p1a: Gyarados|186\/331|[from] Stealth Rock
|-ability|p1a: Gyarados|Intimidate|[of] p2a: Landorus-Therian
|-unboost|p2a: Landorus-Therian|atk|1
|turn|12
|
|switch|p2a: Kyurem-Black|Kyurem-Black, shiny|391\/391
|-damage|p2a: Kyurem-Black|294\/391|[from] Stealth Rock
|-ability|p2a: Kyurem-Black|Teravolt
|move|p1a: Gyarados|Dragon Dance|p1a: Gyarados
|-boost|p1a: Gyarados|atk|1
|-boost|p1a: Gyarados|spe|1
|
|turn|13
|
|detailschange|p1a: Gyarados|Gyarados-Mega, F
|-mega|p1a: Gyarados|Gyarados|Gyaradosite
|-ability|p1a: Gyarados|Mold Breaker
|move|p2a: Kyurem-Black|Fusion Bolt|p1a: Gyarados
|-supereffective|p1a: Gyarados
|-damage|p1a: Gyarados|0 fnt
|faint|p1a: Gyarados
|
|
|switch|p1a: Latias|Latias, F|301\/301
|-damage|p1a: Latias|264\/301|[from] Stealth Rock
|turn|14
|
|switch|p2a: Gardevoir|Gardevoir, F, shiny|277\/277
|-damage|p2a: Gardevoir|243\/277|[from] Stealth Rock
|-ability|p2a: Gardevoir|Levitate|[from] ability: Trace|[of] p1a: Latias
|move|p1a: Latias|Defog|p2a: Gardevoir
|-unboost|p2a: Gardevoir|evasion|1
|-sideend|p2: Alkov|Stealth Rock|[from] move: Defog|[of] p2a: Gardevoir
|-sideend|p1: Hawkeye998|Stealth Rock|[from] move: Defog|[of] p1a: Latias
|
|turn|15
|c|âHawkeye998|well i wasn't expecting that
|c|âAlkov|:]
|
|switch|p1a: Ferrothorn|Ferrothorn, M|352\/352
|detailschange|p2a: Gardevoir|Gardevoir-Mega, F, shiny
|-mega|p2a: Gardevoir|Gardevoir|Gardevoirite
|move|p2a: Gardevoir|Hyper Voice|p1a: Ferrothorn
|-resisted|p1a: Ferrothorn
|-damage|p1a: Ferrothorn|223\/352
|
|-heal|p1a: Ferrothorn|245\/352|[from] item: Leftovers
|turn|16
|join|fingerscrossed
|
|move|p2a: Gardevoir|Focus Blast|p1a: Ferrothorn
|-supereffective|p1a: Ferrothorn
|-damage|p1a: Ferrothorn|0 fnt
|faint|p1a: Ferrothorn
|
|
|switch|p1a: Tyranitar|Tyranitar, M|341\/341
|-weather|Sandstorm
|turn|17
|
|move|p1a: Tyranitar|Crunch|p2a: Gardevoir
|-damage|p2a: Gardevoir|57\/277
|move|p2a: Gardevoir|Focus Blast|p1a: Tyranitar
|-crit|p1a: Tyranitar
|-supereffective|p1a: Tyranitar
|-damage|p1a: Tyranitar|0 fnt
|faint|p1a: Tyranitar
|
|-weather|Sandstorm|[upkeep]
|-damage|p2a: Gardevoir|40\/277|[from] sandstorm
|join|Can-Eh-Dian
|
|switch|p1a: Latias|Latias, F|264\/301
|turn|18
|join|innovamania
|
|move|p1a: Latias|Psyshock|p2a: Gardevoir
|-resisted|p2a: Gardevoir
|-damage|p2a: Gardevoir|0 fnt
|-damage|p1a: Latias|234\/301|[from] item: Life Orb
|faint|p2a: Gardevoir
|
|-weather|Sandstorm|[upkeep]
|-damage|p1a: Latias|216\/301|[from] sandstorm
|c|âHawkeye998|lol
|c|âHawkeye998|well gg
|c|âAlkov|gg
|leave|innovamania
|join|Animus Majulous
|
|switch|p2a: Landorus-Therian|Landorus-Therian, M|123\/328
|-ability|p2a: Landorus-Therian|Intimidate|[of] p1a: Latias
|-unboost|p1a: Latias|atk|1
|turn|19
|
|move|p2a: Landorus-Therian|U-turn|p1a: Latias
|-supereffective|p1a: Latias
|-damage|p1a: Latias|8\/301
|
|switch|p2a: Cobalion|Cobalion|351\/351
|move|p1a: Latias|Psyshock|p2a: Cobalion
|-damage|p2a: Cobalion|211\/351
|-damage|p1a: Latias|0 fnt|[from] item: Life Orb
|faint|p1a: Latias
|
|-weather|Sandstorm|[upkeep]
|-heal|p2a: Cobalion|232\/351|[from] item: Leftovers
|leave|Can-Eh-Dian
|
|switch|p1a: Heatran|Heatran, F|386\/386
|turn|20
|
|move|p2a: Cobalion|Close Combat|p1a: Heatran
|-supereffective|p1a: Heatran
|-damage|p1a: Heatran|110\/386
|-unboost|p2a: Cobalion|def|1
|-unboost|p2a: Cobalion|spd|1
|move|p1a: Heatran|Lava Plume|p2a: Cobalion
|-supereffective|p2a: Cobalion
|-damage|p2a: Cobalion|0 fnt
|faint|p2a: Cobalion
|
|-weather|Sandstorm|[upkeep]
|-heal|p1a: Heatran|134\/386|[from] item: Leftovers
|
|switch|p2a: Landorus-Therian|Landorus-Therian, M|123\/328
|-ability|p2a: Landorus-Therian|Intimidate|[of] p1a: Heatran
|-unboost|p1a: Heatran|atk|1
|turn|21
|
|move|p2a: Landorus-Therian|Earthquake|p1a: Heatran
|-crit|p1a: Heatran
|-supereffective|p1a: Heatran
|-damage|p1a: Heatran|0 fnt
|faint|p1a: Heatran
|
|win|Alkov
|c|âAlkov|gg
|c|âHawkeye998|gg