|join|swaqfeq
|join|Alkov
|player|p1|swaqfeq|246
|player|p2|Alkov|256
|gametype|singles
|gen|6
|tier|OU (suspect test)
|clearpoke
|poke|p1|Garchomp, F, shiny
|poke|p1|Gengar, M, shiny
|poke|p1|Bisharp, M, shiny
|poke|p1|Keldeo
|poke|p1|Sceptile, F, shiny
|poke|p1|Landorus-Therian, M, shiny
|poke|p2|Politoed, F
|poke|p2|Tornadus-Therian, M
|poke|p2|Scizor, M
|poke|p2|Seismitoad, F
|poke|p2|Kabutops, F
|poke|p2|Garchomp, F
|rule|Swagger Clause: Swagger is banned
|rule|Baton Pass Clause: Limit one PokÃ©mon knowing Baton Pass
|rule|Sleep Clause Mod: Limit one foe put to sleep
|rule|Species Clause: Limit one of each PokÃ©mon
|rule|OHKO Clause: OHKO moves are banned
|rule|Moody Clause: Moody is banned
|rule|Evasion Moves Clause: Evasion moves are banned
|rule|Endless Battle Clause: Forcing endless battles is banned
|rule|HP Percentage Mod: HP is shown in percentages
|teampreview
|c|âAlkov|HAHAHA
|c|âAlkov|ready to have me in your mind
|c|âswaqfeq|mate
|c|âAlkov|like the guy just now?
|join|Arcanine is Regal
|c|âswaqfeq|i beat defacto atheist
|c|âswaqfeq|with this here team
|c|âAlkov|who's that
|c|âswaqfeq|idk
|c|âswaqfeq|some dude
|c|âAlkov|lmfao
|
|start
|switch|p1a: Garchomp|Garchomp, F, shiny|357\/357
|switch|p2a: Garchomp|Garchomp, F|420\/420
|turn|1
|
|move|p1a: Garchomp|Stealth Rock|p2a: Garchomp
|-sidestart|p2: Alkov|move: Stealth Rock
|move|p2a: Garchomp|Stealth Rock|p1a: Garchomp
|-sidestart|p1: swaqfeq|move: Stealth Rock
|
|turn|2
|c|âswaqfeq|pls be dragon tail
|
|move|p1a: Garchomp|Swords Dance|p1a: Garchomp
|-boost|p1a: Garchomp|atk|2
|move|p2a: Garchomp|Earthquake|p1a: Garchomp
|-damage|p1a: Garchomp|201\/357
|
|turn|3
|c|âAlkov|eh
|c|âAlkov|thats not cool bro
|
|move|p1a: Garchomp|Outrage|p2a: Garchomp
|-supereffective|p2a: Garchomp
|-damage|p2a: Garchomp|0 fnt
|-damage|p1a: Garchomp|157\/357|[from] ability: Rough Skin|[of] p2a: Garchomp
|-damage|p1a: Garchomp|98\/357|[from] item: Rocky Helmet|[of] p2a: Garchomp
|faint|p2a: Garchomp
|
|c|âAlkov|fml
|c|âswaqfeq|I didnt even know i was vsing u
|c|âswaqfeq|Wasnt tryna scout but .-.
|
|switch|p2a: Tornadus-Therian|Tornadus-Therian, M|334\/334
|-damage|p2a: Tornadus-Therian|251\/334|[from] Stealth Rock
|turn|4
|join|minority7
|join|Omegasization
|leave|minority7
|
|move|p2a: Tornadus-Therian|Hurricane|p1a: Garchomp
|-damage|p1a: Garchomp|0 fnt
|faint|p1a: Garchomp
|
|c|âAlkov|ohhhh
|c|âAlkov|IT HIT
|c|âswaqfeq|Nice
|c|âswaqfeq|and clutch
|c|âAlkov|GLORIOUS
|
|switch|p1a: Landorus-Therian|Landorus-Therian, M, shiny|319\/319
|-damage|p1a: Landorus-Therian|280\/319|[from] Stealth Rock
|-ability|p1a: Landorus-Therian|Intimidate|[of] p2a: Tornadus-Therian
|-unboost|p2a: Tornadus-Therian|atk|1
|turn|5
|c|âAlkov|nigga you gonna u-turn right?
|c|âswaqfeq|predict the miss
|c|âAlkov|you're gonna u-turn for sure
|c|âswaqfeq|u know im real when im not on ladder
|c|âAlkov|to mega sceptile
|c|âswaqfeq|stay in
|c|âAlkov|so that politoed is fucked
|c|âAlkov|I KNOW
|c|âAlkov|YOU
|
|move|p1a: Landorus-Therian|U-turn|p2a: Tornadus-Therian
|-resisted|p2a: Tornadus-Therian
|-damage|p2a: Tornadus-Therian|193\/334
|c|âswaqfeq|fk
|c|âswaqfeq|..
|c| Arcanine is Regal|lol
|c|âAlkov|NAIL IT
|
|switch|p1a: Bisharp|Bisharp, M, shiny|271\/271
|-damage|p1a: Bisharp|255\/271|[from] Stealth Rock
|move|p2a: Tornadus-Therian|Knock Off|p1a: Bisharp
|-resisted|p1a: Bisharp
|-damage|p1a: Bisharp|231\/271
|-enditem|p1a: Bisharp|Life Orb|[from] move: Knock Off|[of] p2a: Tornadus-Therian
|
|turn|6
|c|âAlkov|GIVE ME THAT LO
|
|switch|p2a: Scizor|Scizor, M|343\/343
|-damage|p2a: Scizor|301\/343|[from] Stealth Rock
|switch|p1a: Landorus-Therian|Landorus-Therian, M, shiny|280\/319
|-damage|p1a: Landorus-Therian|241\/319|[from] Stealth Rock
|-ability|p1a: Landorus-Therian|Intimidate|[of] p2a: Scizor
|-unboost|p2a: Scizor|atk|1
|
|turn|7
|c| Arcanine is Regal|alkov playin that meta metagame
|c|âAlkov|ALL THIS MIND GAME
|c|âAlkov|IS KID'S PLAY
|c|âswaqfeq|is 2 much for me
|c|âswaqfeq|7.8\/10
|
|detailschange|p2a: Scizor|Scizor-Mega, M
|-mega|p2a: Scizor|Scizor|Scizorite
|move|p1a: Landorus-Therian|Earthquake|p2a: Scizor
|-damage|p2a: Scizor|183\/343
|move|p2a: Scizor|Superpower|p1a: Landorus-Therian
|-resisted|p1a: Landorus-Therian
|-damage|p1a: Landorus-Therian|188\/319
|-unboost|p2a: Scizor|atk|1
|-unboost|p2a: Scizor|def|1
|
|turn|8
|c|âswaqfeq|Oml
|c|âAlkov|wow you fag
|c|âswaqfeq|the bulk
|c| Arcanine is Regal|ewww
|c| Arcanine is Regal|what would he even switch too????
|c|âswaqfeq|Bisharp
|c|âAlkov|keldeo?
|c| Arcanine is Regal|itd be keldeo if anything
|c|âswaqfeq|obv
|c|âAlkov|idk
|
|switch|p1a: Sceptile|Sceptile, F, shiny|281\/281
|-damage|p1a: Sceptile|246\/281|[from] Stealth Rock
|move|p2a: Scizor|Roost|p2a: Scizor
|-heal|p2a: Scizor|343\/343
|
|turn|9
|c|âAlkov|IM NOT GOING ANYWHERE
|c|âAlkov|SHOW ME THE HP FIRE
|c|âswaqfeq|I just whittle
|
|switch|p2a: Politoed|Politoed, F|383\/383
|-damage|p2a: Politoed|336\/383|[from] Stealth Rock
|-weather|RainDance
|detailschange|p1a: Sceptile|Sceptile-Mega, F, shiny
|-mega|p1a: Sceptile|Sceptile|Sceptilite
|move|p1a: Sceptile|Hidden Power|p2a: Politoed
|-resisted|p2a: Politoed
|-damage|p2a: Politoed|319\/383
|
|-weather|RainDance|[upkeep]
|turn|10
|c|âswaqfeq|0.5 atk isnt doing much ay
|c|âswaqfeq|FUCK!
|c|âAlkov|LMFAO
|c|âAlkov|REALLY HP FIRE
|c| Arcanine is Regal|lol
|c|âAlkov|~!@#$%^&*)_+
|c|âswaqfeq|FUCK!
|c|âAlkov|IM IN THIS MAN'S HEAD ALL DAY
|c|âswaqfeq|i shouldnt have tested with u
|
|switch|p2a: Scizor|Scizor-Mega, M|343\/343
|-damage|p2a: Scizor|301\/343|[from] Stealth Rock
|move|p1a: Sceptile|Giga Drain|p2a: Scizor
|-resisted|p2a: Scizor
|-damage|p2a: Scizor|267\/343
|-heal|p1a: Sceptile|263\/281|[from] drain|[of] p2a: Scizor
|
|-weather|RainDance|[upkeep]
|turn|11
|c|âswaqfeq|u know im 2 real
|c|âAlkov|PLAYS FOR DAYS
|
|switch|p1a: Landorus-Therian|Landorus-Therian, M, shiny|188\/319
|-damage|p1a: Landorus-Therian|149\/319|[from] Stealth Rock
|-ability|p1a: Landorus-Therian|Intimidate|[of] p2a: Scizor
|-unboost|p2a: Scizor|atk|1
|move|p2a: Scizor|Superpower|p1a: Landorus-Therian
|-resisted|p1a: Landorus-Therian
|-damage|p1a: Landorus-Therian|95\/319
|-unboost|p2a: Scizor|atk|1
|-unboost|p2a: Scizor|def|1
|
|-weather|RainDance|[upkeep]
|turn|12
|c|âswaqfeq|i dont fkin care
|
|move|p1a: Landorus-Therian|U-turn|p2a: Scizor
|-resisted|p2a: Scizor
|-damage|p2a: Scizor|221\/343
|
|switch|p1a: Keldeo|Keldeo|323\/323
|-damage|p1a: Keldeo|303\/323|[from] Stealth Rock
|move|p2a: Scizor|Roost|p2a: Scizor
|-heal|p2a: Scizor|343\/343
|
|-weather|RainDance|[upkeep]
|turn|13
|c|âAlkov|ok i have no keldeo switch ins
|c|âAlkov|hahahaha
|c|âAlkov|gameover
|
|switch|p2a: Politoed|Politoed, F|319\/383
|-damage|p2a: Politoed|272\/383|[from] Stealth Rock
|move|p1a: Keldeo|Scald|p2a: Politoed
|-resisted|p2a: Politoed
|-damage|p2a: Politoed|119\/383
|
|-weather|RainDance|[upkeep]
|turn|14
|c| Arcanine is Regal|nigga
|c|âswaqfeq|>politoed
|c|âAlkov|fuck
|c| Arcanine is Regal|we know thats water absorb toad
|c|âswaqfeq|oh wait
|c|âswaqfeq|>not politoed
|
|switch|p2a: Tornadus-Therian|Tornadus-Therian, M|304\/334
|-damage|p2a: Tornadus-Therian|221\/334|[from] Stealth Rock
|move|p1a: Keldeo|Scald|p2a: Tornadus-Therian
|-damage|p2a: Tornadus-Therian|0 fnt
|faint|p2a: Tornadus-Therian
|
|-weather|RainDance|[upkeep]
|c|âAlkov|THAT DID TOO MUCH
|c|âAlkov|FUCK
|
|switch|p2a: Seismitoad|Seismitoad, F|351\/351
|-damage|p2a: Seismitoad|330\/351|[from] Stealth Rock
|turn|15
|c|âswaqfeq|the expect belt game is nice n strong
|
|move|p2a: Seismitoad|Earth Power|p1a: Keldeo
|-damage|p1a: Keldeo|131\/323
|-damage|p2a: Seismitoad|295\/351|[from] item: Life Orb
|move|p1a: Keldeo|Scald|p2a: Seismitoad
|-damage|p2a: Seismitoad|0 fnt
|faint|p2a: Seismitoad
|
|-weather|RainDance|[upkeep]
|
|switch|p2a: Kabutops|Kabutops, F|261\/261
|-damage|p2a: Kabutops|229\/261|[from] Stealth Rock
|turn|16
|c| Arcanine is Regal|oml
|c| Arcanine is Regal|did that even do damage?
|c|âswaqfeq|keld puttin in a bit of work
|
|move|p2a: Kabutops|Waterfall|p1a: Keldeo
|-resisted|p1a: Keldeo
|-damage|p1a: Keldeo|0 fnt
|-damage|p2a: Kabutops|203\/261|[from] item: Life Orb
|faint|p1a: Keldeo
|
|-weather|none
|c|âAlkov|RESIST?!
|
|switch|p1a: Sceptile|Sceptile-Mega, F, shiny|263\/281
|-damage|p1a: Sceptile|228\/281|[from] Stealth Rock
|turn|17
|c|âswaqfeq|its all good
|c|âAlkov|ehhhh
|c|âAlkov|dont do this
|c|âswaqfeq|ih hope
|
|switch|p2a: Politoed|Politoed, F|119\/383
|-damage|p2a: Politoed|72\/383|[from] Stealth Rock
|-weather|RainDance
|move|p1a: Sceptile|Giga Drain|p2a: Politoed
|-supereffective|p2a: Politoed
|-damage|p2a: Politoed|0 fnt
|-heal|p1a: Sceptile|264\/281|[from] drain|[of] p2a: Politoed
|faint|p2a: Politoed
|
|-weather|RainDance|[upkeep]
|
|switch|p2a: Kabutops|Kabutops, F|203\/261
|-damage|p2a: Kabutops|171\/261|[from] Stealth Rock
|turn|18
|c| Arcanine is Regal|SD on the hp fire
|join|Praj.pran
|c|âswaqfeq|Hm
|c| Arcanine is Regal|then aj the bisharp
|c|âswaqfeq|does ur shit kill?
|c|âAlkov|idk
|
|move|p2a: Kabutops|Stone Edge|p1a: Sceptile
|-damage|p1a: Sceptile|0 fnt
|-damage|p2a: Kabutops|145\/261|[from] item: Life Orb
|faint|p1a: Sceptile
|
|-weather|RainDance|[upkeep]
|c|âswaqfeq|pls no
|c| Arcanine is Regal|stone edge kills
|c|âswaqfeq|fk me
|c|âAlkov|BOPD
|
|switch|p1a: Bisharp|Bisharp, M, shiny|231\/271
|-damage|p1a: Bisharp|215\/271|[from] Stealth Rock
|turn|19
|c| Arcanine is Regal|now aqua jet mind games
|c|âAlkov|CATCH THIS AQUA JET OK
|c|âAlkov|IM IN YOUR HEAD
|c|âAlkov|REMEMBER THAT
|c| Praj.pran|lol
|c|âswaqfeq|im legit
|c|âswaqfeq|sweating
|
|move|p2a: Kabutops|Low Kick|p1a: Bisharp
|-crit|p1a: Bisharp
|-supereffective|p1a: Bisharp
|-damage|p1a: Bisharp|0 fnt
|-damage|p2a: Kabutops|119\/261|[from] item: Life Orb
|faint|p1a: Bisharp
|
|-weather|RainDance|[upkeep]
|c|âswaqfeq|n scared
|c|âAlkov|ROFL
|c|âAlkov|REKT
|c|âAlkov|BOPD
|c| Arcanine is Regal|OML
|c|âswaqfeq|No im done
|c|âswaqfeq|thats not ok
|c|âAlkov|HAHAHAHAHAHA
|c|âswaqfeq|this is not ok
|
|switch|p1a: Landorus-Therian|Landorus-Therian, M, shiny|95\/319
|-damage|p1a: Landorus-Therian|56\/319|[from] Stealth Rock
|-ability|p1a: Landorus-Therian|Intimidate|[of] p2a: Kabutops
|-unboost|p2a: Kabutops|atk|1
|turn|20
|c| Arcanine is Regal|this is 2ez
|c|âAlkov|why are you and the previous opponent
|c|âAlkov|so easy to read?
|c|âAlkov|seriously man
|c|âswaqfeq|why didnt i sucker
|
|move|p2a: Kabutops|Waterfall|p1a: Landorus-Therian
|-supereffective|p1a: Landorus-Therian
|-damage|p1a: Landorus-Therian|0 fnt
|-damage|p2a: Kabutops|93\/261|[from] item: Life Orb
|faint|p1a: Landorus-Therian
|
|-weather|RainDance|[upkeep]
|c|âswaqfeq|i have no idea
|c|âAlkov|hahahaha
|
|switch|p1a: Gengar|Gengar, M, shiny|261\/261
|-damage|p1a: Gengar|229\/261|[from] Stealth Rock
|turn|21
|c|âAlkov|i swear this 2 game's replay shall be saved
|
|move|p2a: Kabutops|Waterfall|p1a: Gengar
|-damage|p1a: Gengar|0 fnt
|-damage|p2a: Kabutops|67\/261|[from] item: Life Orb
|faint|p1a: Gengar
|
|win|Alkov
|c|âAlkov|reading people's mind 101
|c|âswaqfeq|i am
|c|âAlkov|with Alkov