|join|Alkov
|join|Pure Demize
|player|p1|Alkov|256
|player|p2|Pure Demize|269
|gametype|singles
|gen|6
|tier|OU (suspect test)
|clearpoke
|poke|p1|Politoed, F
|poke|p1|Tornadus-Therian, M
|poke|p1|Scizor, M
|poke|p1|Seismitoad, F
|poke|p1|Kabutops, F
|poke|p1|Garchomp, F
|poke|p2|Landorus, M, shiny
|poke|p2|Thundurus, M
|poke|p2|Ferrothorn, F
|poke|p2|Mew
|poke|p2|Slowbro, M
|poke|p2|Latios, M
|rule|Swagger Clause: Swagger is banned
|rule|Baton Pass Clause: Limit one PokÃ©mon knowing Baton Pass
|rule|Sleep Clause Mod: Limit one foe put to sleep
|rule|Species Clause: Limit one of each PokÃ©mon
|rule|OHKO Clause: OHKO moves are banned
|rule|Moody Clause: Moody is banned
|rule|Evasion Moves Clause: Evasion moves are banned
|rule|Endless Battle Clause: Forcing endless battles is banned
|rule|HP Percentage Mod: HP is shown in percentages
|teampreview
|join|MeGalladeBetch
|c|âPure Demize|this team looks scary
|c|âAlkov|GL :]
|c|âPure Demize|glhf
|join|swaqfeq
|c|âAlkov|its just a troll team
|join|minority7
|c|âAlkov|relax
|
|start
|switch|p1a: Garchomp|Garchomp, F|420\/420
|switch|p2a: Ferrothorn|Ferrothorn, F|352\/352
|turn|1
|c| swaqfeq|its rly not pure
|c| swaqfeq|its ez
|
|move|p1a: Garchomp|Stealth Rock|p2a: Ferrothorn
|-sidestart|p2: Pure Demize|move: Stealth Rock
|move|p2a: Ferrothorn|Leech Seed|p1a: Garchomp
|-start|p1a: Garchomp|move: Leech Seed
|
|-damage|p1a: Garchomp|368\/420|[from] Leech Seed|[of] p2a: Ferrothorn
|turn|2
|c| swaqfeq|just dont look at chat
|
|switch|p1a: Scizor|Scizor, M|343\/343
|move|p2a: Ferrothorn|Stealth Rock|p1a: Scizor
|-sidestart|p1: Alkov|move: Stealth Rock
|
|turn|3
|c|âAlkov|lol
|c|âAlkov|come on
|leave|minority7
|c|âAlkov|im cool man
|c| swaqfeq|c:
|
|detailschange|p1a: Scizor|Scizor-Mega, M
|-mega|p1a: Scizor|Scizor|Scizorite
|move|p1a: Scizor|Superpower|p2a: Ferrothorn
|-supereffective|p2a: Ferrothorn
|-damage|p2a: Ferrothorn|106\/352
|-damage|p1a: Scizor|301\/343|[from] ability: Iron Barbs|[of] p2a: Ferrothorn
|-unboost|p1a: Scizor|atk|1
|-unboost|p1a: Scizor|def|1
|move|p2a: Ferrothorn|Leech Seed|p1a: Scizor
|-start|p1a: Scizor|move: Leech Seed
|
|-heal|p2a: Ferrothorn|128\/352|[from] item: Leftovers
|-damage|p1a: Scizor|259\/343|[from] Leech Seed|[of] p2a: Ferrothorn
|-heal|p2a: Ferrothorn|170\/352|[silent]
|turn|4
|c| swaqfeq|js
|c|âAlkov|:] ok
|c| swaqfeq|dont look at chat
|
|switch|p2a: Slowbro|Slowbro, M|390\/390
|-damage|p2a: Slowbro|342\/390|[from] Stealth Rock
|move|p1a: Scizor|Swords Dance|p1a: Scizor
|-boost|p1a: Scizor|atk|2
|
|-damage|p1a: Scizor|217\/343|[from] Leech Seed|[of] p2a: Slowbro
|-heal|p2a: Slowbro|384\/390|[silent]
|turn|5
|c|âAlkov|swaq's being sad i read his mind
|c|âPure Demize|shit
|c|âPure Demize|a bug bite is gonna shit on me lol
|join|Arcanine is Regal
|
|switch|p1a: Tornadus-Therian|Tornadus-Therian, M|334\/334
|-damage|p1a: Tornadus-Therian|251\/334|[from] Stealth Rock
|detailschange|p2a: Slowbro|Slowbro-Mega, M
|-mega|p2a: Slowbro|Slowbro|Slowbronite
|move|p2a: Slowbro|Slack Off|p2a: Slowbro
|-heal|p2a: Slowbro|390\/390
|
|turn|6
|c|âPure Demize|nvm
|join|Prosaic
|join|Praj.pran
|
|switch|p2a: Ferrothorn|Ferrothorn, F|170\/352
|-damage|p2a: Ferrothorn|148\/352|[from] Stealth Rock
|move|p1a: Tornadus-Therian|Hurricane|p2a: Ferrothorn|[miss]
|-miss|p1a: Tornadus-Therian|p2a: Ferrothorn
|
|-heal|p2a: Ferrothorn|170\/352|[from] item: Leftovers
|turn|7
|
|move|p1a: Tornadus-Therian|Focus Blast|p2a: Ferrothorn
|-supereffective|p2a: Ferrothorn
|-damage|p2a: Ferrothorn|24\/352
|move|p2a: Ferrothorn|Leech Seed|p1a: Tornadus-Therian|[miss]
|-miss|p2a: Ferrothorn|p1a: Tornadus-Therian
|
|-heal|p2a: Ferrothorn|46\/352|[from] item: Leftovers
|turn|8
|
|move|p1a: Tornadus-Therian|Hurricane|p2a: Ferrothorn
|-damage|p2a: Ferrothorn|0 fnt
|faint|p2a: Ferrothorn
|
|c| Praj.pran|alkov
|c|âAlkov|YO
|
|switch|p2a: Thundurus|Thundurus, M|299\/299
|-damage|p2a: Thundurus|225\/299|[from] Stealth Rock
|turn|9
|c| Praj.pran|riskinh hurricane miss ._.
|c| Praj.pran|risking
|c|âAlkov|you know
|c|âAlkov|YOLO
|c|âAlkov|right
|
|switch|p1a: Garchomp|Garchomp, F|368\/420
|-damage|p1a: Garchomp|342\/420|[from] Stealth Rock
|move|p2a: Thundurus|Thunder Wave|p1a: Garchomp
|-immune|p1a: Garchomp|[msg]
|
|turn|10
|
|switch|p1a: Politoed|Politoed, F|383\/383
|-damage|p1a: Politoed|336\/383|[from] Stealth Rock
|-weather|RainDance
|move|p2a: Thundurus|Hidden Power|p1a: Politoed
|-resisted|p1a: Politoed
|-damage|p1a: Politoed|288\/383
|-damage|p2a: Thundurus|196\/299|[from] item: Life Orb
|
|-weather|RainDance|[upkeep]
|turn|11
|join|Orisont
|c|âAlkov|WE ARE YOUNG
|c|âAlkov|SO WE PLAY
|
|switch|p2a: Slowbro|Slowbro-Mega, M|390\/390
|-damage|p2a: Slowbro|342\/390|[from] Stealth Rock
|switch|p1a: Seismitoad|Seismitoad, F|351\/351
|-damage|p1a: Seismitoad|330\/351|[from] Stealth Rock
|
|-weather|RainDance|[upkeep]
|turn|12
|c|âAlkov|ehhhh fuck
|
|move|p1a: Seismitoad|Earth Power|p2a: Slowbro
|-damage|p2a: Slowbro|139\/390
|-damage|p1a: Seismitoad|295\/351|[from] item: Life Orb
|move|p2a: Slowbro|Calm Mind|p2a: Slowbro
|-boost|p2a: Slowbro|spa|1
|-boost|p2a: Slowbro|spd|1
|
|-weather|RainDance|[upkeep]
|turn|13
|c|âAlkov|get out tho
|
|move|p1a: Seismitoad|Earth Power|p2a: Slowbro
|-damage|p2a: Slowbro|3\/390
|-damage|p1a: Seismitoad|260\/351|[from] item: Life Orb
|move|p2a: Slowbro|Slack Off|p2a: Slowbro
|-heal|p2a: Slowbro|198\/390
|
|-weather|RainDance|[upkeep]
|turn|14
|c|âPure Demize|1%
|c|âAlkov|NOOOOOO
|
|switch|p1a: Tornadus-Therian|Tornadus-Therian, M|334\/334
|-damage|p1a: Tornadus-Therian|251\/334|[from] Stealth Rock
|move|p2a: Slowbro|Slack Off|p2a: Slowbro
|-heal|p2a: Slowbro|390\/390
|
|-weather|RainDance|[upkeep]
|turn|15
|c|âAlkov|that was a low roll
|
|move|p1a: Tornadus-Therian|Hurricane|p2a: Slowbro
|-damage|p2a: Slowbro|258\/390
|move|p2a: Slowbro|Ice Beam|p1a: Tornadus-Therian
|-supereffective|p1a: Tornadus-Therian
|-damage|p1a: Tornadus-Therian|59\/334
|
|-weather|RainDance|[upkeep]
|turn|16
|c|âAlkov|i need my confusion hax
|
|move|p1a: Tornadus-Therian|Hurricane|p2a: Slowbro
|-damage|p2a: Slowbro|125\/390
|move|p2a: Slowbro|Slack Off|p2a: Slowbro
|-heal|p2a: Slowbro|320\/390
|
|-weather|RainDance|[upkeep]
|turn|17
|join|Tyltashiro
|
|move|p1a: Tornadus-Therian|Hurricane|p2a: Slowbro
|-damage|p2a: Slowbro|197\/390
|move|p2a: Slowbro|Calm Mind|p2a: Slowbro
|-boost|p2a: Slowbro|spa|1
|-boost|p2a: Slowbro|spd|1
|
|-weather|none
|turn|18
|
|move|p1a: Tornadus-Therian|Hurricane|p2a: Slowbro
|-damage|p2a: Slowbro|103\/390
|-start|p2a: Slowbro|confusion
|-activate|p2a: Slowbro|confusion
|-damage|p2a: Slowbro|91\/390|[from] confusion
|
|turn|19
|c|âAlkov|confusion hax here
|c| Praj.pran|._.
|c|âAlkov|ROFL
|c|âAlkov|LMFAO
|c|âAlkov|HAHAHAHAHAHAHAHA
|c|âPure Demize|rip
|
|move|p1a: Tornadus-Therian|Hurricane|p2a: Slowbro
|-damage|p2a: Slowbro|0 fnt
|faint|p2a: Slowbro
|
|
|switch|p2a: Mew|Mew|402\/402
|-damage|p2a: Mew|352\/402|[from] Stealth Rock
|turn|20
|c|âAlkov|hahahaha praj
|c|âAlkov|you saw that?
|c| Praj.pran|yes
|
|move|p1a: Tornadus-Therian|U-turn|p2a: Mew
|-supereffective|p2a: Mew
|-damage|p2a: Mew|262\/402
|c| Arcanine is Regal|kek
|c|âAlkov|im so fucking bad
|c|âAlkov|i swear
|
|switch|p1a: Garchomp|Garchomp, F|342\/420
|-damage|p1a: Garchomp|316\/420|[from] Stealth Rock
|move|p2a: Mew|Knock Off|p1a: Garchomp
|-damage|p1a: Garchomp|250\/420
|-damage|p2a: Mew|212\/402|[from] ability: Rough Skin|[of] p1a: Garchomp
|-damage|p2a: Mew|145\/402|[from] item: Rocky Helmet|[of] p1a: Garchomp
|-enditem|p1a: Garchomp|Rocky Helmet|[from] move: Knock Off|[of] p2a: Mew
|
|-heal|p2a: Mew|170\/402|[from] item: Leftovers
|turn|21
|leave|Prosaic
|
|switch|p1a: Politoed|Politoed, F|288\/383
|-damage|p1a: Politoed|241\/383|[from] Stealth Rock
|-weather|RainDance
|move|p2a: Mew|Roost|p2a: Mew
|-heal|p2a: Mew|371\/402
|
|-weather|RainDance|[upkeep]
|-heal|p2a: Mew|396\/402|[from] item: Leftovers
|turn|22
|
|switch|p1a: Tornadus-Therian|Tornadus-Therian, M|170\/334
|-damage|p1a: Tornadus-Therian|87\/334|[from] Stealth Rock
|move|p2a: Mew|Will-O-Wisp|p1a: Tornadus-Therian
|-status|p1a: Tornadus-Therian|brn
|
|-weather|RainDance|[upkeep]
|-heal|p2a: Mew|402\/402|[from] item: Leftovers
|-damage|p1a: Tornadus-Therian|46\/334 brn|[from] brn
|turn|23
|
|move|p1a: Tornadus-Therian|Hurricane|p2a: Mew
|-damage|p2a: Mew|242\/402
|move|p2a: Mew|Roost|p2a: Mew
|-heal|p2a: Mew|402\/402
|
|-weather|RainDance|[upkeep]
|-damage|p1a: Tornadus-Therian|5\/334 brn|[from] brn
|turn|24
|
|move|p1a: Tornadus-Therian|Knock Off|p2a: Mew
|-supereffective|p2a: Mew
|-damage|p2a: Mew|334\/402
|-enditem|p2a: Mew|Leftovers|[from] move: Knock Off|[of] p1a: Tornadus-Therian
|move|p2a: Mew|Roost|p2a: Mew
|-heal|p2a: Mew|402\/402
|
|-weather|RainDance|[upkeep]
|-damage|p1a: Tornadus-Therian|0 fnt|[from] brn
|faint|p1a: Tornadus-Therian
|
|switch|p1a: Seismitoad|Seismitoad, F|260\/351
|-damage|p1a: Seismitoad|239\/351|[from] Stealth Rock
|turn|25
|c|âAlkov|y u do dis
|
|move|p1a: Seismitoad|Hydro Pump|p2a: Mew
|-damage|p2a: Mew|106\/402
|-damage|p1a: Seismitoad|204\/351|[from] item: Life Orb
|move|p2a: Mew|Will-O-Wisp|p1a: Seismitoad
|-status|p1a: Seismitoad|brn
|
|-weather|RainDance|[upkeep]
|-damage|p1a: Seismitoad|161\/351 brn|[from] brn
|turn|26
|c| Praj.pran|hydro miss
|c|âPure Demize|yooooooooooooooooo
|c| swaqfeq|alvok
|c|âAlkov|?
|c|âPure Demize|so much dom
|c| swaqfeq|dare u winning?
|c| swaqfeq|are*
|c|âAlkov|IDK
|c| Arcanine is Regal|LO rain boosted hydro
|c|âAlkov|I MIGHT BE
|c| swaqfeq|I just joined
|c| Arcanine is Regal|bout as strong as it gets
|c| swaqfeq|aftera while
|c| swaqfeq|so idk what's going on xd
|c|âPure Demize|lol
|c|âPure Demize|nah
|c| swaqfeq|went and had a cry
|c|âPure Demize|hydro cannon
|c|âPure Demize|even stronger
|c| swaqfeq|that i let u and arc get in my head
|
|move|p1a: Seismitoad|Earth Power|p2a: Mew
|-damage|p2a: Mew|0 fnt
|-damage|p1a: Seismitoad|126\/351 brn|[from] item: Life Orb
|faint|p2a: Mew
|
|-weather|RainDance|[upkeep]
|-damage|p1a: Seismitoad|83\/351 brn|[from] brn
|c|âAlkov|swaq i just confuse haxed this man's slowbro
|c|âAlkov|while i called for it to happen
|
|switch|p2a: Latios|Latios, M|301\/301
|-damage|p2a: Latios|264\/301|[from] Stealth Rock
|turn|27
|c|âAlkov|and it really did
|c|âAlkov|im feeling so bad
|c| swaqfeq|Invok3r will be crying
|
|switch|p1a: Scizor|Scizor-Mega, M|217\/343
|-damage|p1a: Scizor|175\/343|[from] Stealth Rock
|move|p2a: Latios|Psyshock|p1a: Scizor
|-resisted|p1a: Scizor
|-damage|p1a: Scizor|133\/343
|
|-weather|RainDance|[upkeep]
|turn|28
|c|âPure Demize|lol i remember that dude
|c| swaqfeq|oh i just saw the confusion hax
|c|âPure Demize|scizor sweeps
|
|switch|p2a: Thundurus|Thundurus, M|196\/299
|-damage|p2a: Thundurus|122\/299|[from] Stealth Rock
|move|p1a: Scizor|Roost|p1a: Scizor
|-heal|p1a: Scizor|305\/343
|
|-weather|none
|turn|29
|c|âPure Demize|with ease.
|
|switch|p1a: Garchomp|Garchomp, F|250\/420
|-damage|p1a: Garchomp|224\/420|[from] Stealth Rock
|move|p2a: Thundurus|Thunder Wave|p1a: Garchomp
|-immune|p1a: Garchomp|[msg]
|
|turn|30
|
|move|p2a: Thundurus|Thunderbolt|p1a: Garchomp
|-immune|p1a: Garchomp|[msg]
|move|p1a: Garchomp|Rain Dance|p1a: Garchomp
|-weather|RainDance
|
|-weather|RainDance|[upkeep]
|turn|31
|c|âAlkov|HAHAHA
|c|âPure Demize|what
|c|âAlkov|im not doing that twice
|c|âPure Demize|the fuck
|c|âAlkov|im not silly
|
|move|p2a: Thundurus|Hidden Power|p1a: Garchomp
|-crit|p1a: Garchomp
|-supereffective|p1a: Garchomp
|-damage|p1a: Garchomp|0 fnt
|-damage|p2a: Thundurus|93\/299|[from] item: Life Orb
|faint|p1a: Garchomp
|
|-weather|RainDance|[upkeep]
|
|switch|p1a: Seismitoad|Seismitoad, F|83\/351 brn
|-damage|p1a: Seismitoad|62\/351 brn|[from] Stealth Rock
|turn|32
|
|move|p2a: Thundurus|Thunder Wave|p1a: Seismitoad
|-immune|p1a: Seismitoad|[msg]
|move|p1a: Seismitoad|Sludge Wave|p2a: Thundurus
|-damage|p2a: Thundurus|0 fnt
|-damage|p1a: Seismitoad|27\/351 brn|[from] item: Life Orb
|faint|p2a: Thundurus
|
|-weather|RainDance|[upkeep]
|-damage|p1a: Seismitoad|0 fnt|[from] brn
|faint|p1a: Seismitoad
|c| swaqfeq|I like this team tho
|
|switch|p2a: Latios|Latios, M|264\/301
|switch|p1a: Kabutops|Kabutops, F|261\/261
|-damage|p2a: Latios|227\/301|[from] Stealth Rock
|-damage|p1a: Kabutops|229\/261|[from] Stealth Rock
|turn|33
|c|âPure Demize|gg
|c| swaqfeq|Is that scizor ev'd into bulk?
|c| Praj.pran|miss
|c|âAlkov|y
|
|switch|p1a: Scizor|Scizor-Mega, M|305\/343
|-damage|p1a: Scizor|263\/343|[from] Stealth Rock
|move|p2a: Latios|Draco Meteor|p1a: Scizor
|-crit|p1a: Scizor
|-resisted|p1a: Scizor
|-damage|p1a: Scizor|79\/343
|-unboost|p2a: Latios|spa|2
|
|-weather|RainDance|[upkeep]
|turn|34
|c|âAlkov|:[
|
|switch|p2a: Landorus|Landorus, M, shiny|319\/319
|-damage|p2a: Landorus|280\/319|[from] Stealth Rock
|move|p1a: Scizor|Roost|p1a: Scizor
|-heal|p1a: Scizor|251\/343
|
|-weather|none
|turn|35
|leave|Tyltashiro
|
|switch|p1a: Politoed|Politoed, F|241\/383
|-damage|p1a: Politoed|194\/383|[from] Stealth Rock
|-weather|RainDance
|move|p2a: Landorus|Earth Power|p1a: Politoed
|-damage|p1a: Politoed|0 fnt
|faint|p1a: Politoed
|
|-weather|RainDance|[upkeep]
|
|switch|p1a: Kabutops|Kabutops, F|229\/261
|-damage|p1a: Kabutops|197\/261|[from] Stealth Rock
|turn|36
|c| Praj.pran|no rock polish?
|c| swaqfeq|rp lando is legit so dank
|c|âPure Demize|don't have it
|
|move|p1a: Kabutops|Waterfall|p2a: Landorus
|-supereffective|p2a: Landorus
|-damage|p2a: Landorus|0 fnt
|-damage|p1a: Kabutops|171\/261|[from] item: Life Orb
|faint|p2a: Landorus
|
|-weather|RainDance|[upkeep]
|c| swaqfeq|only reason i beat lil mana
|
|switch|p2a: Latios|Latios, M|227\/301
|-damage|p2a: Latios|190\/301|[from] Stealth Rock
|turn|37
|c| swaqfeq|was cos of rp
|c|âPure Demize|gg lol
|
|move|p2a: Latios|Trick|p1a: Kabutops
|-activate|p2a: Latios|move: Trick|[of] p1a: Kabutops
|-item|p1a: Kabutops|Choice Scarf|[from] move: Trick
|-item|p2a: Latios|Life Orb|[from] move: Trick
|move|p1a: Kabutops|Waterfall|p2a: Latios
|-resisted|p2a: Latios
|-damage|p2a: Latios|66\/301
|
|-weather|RainDance|[upkeep]
|turn|38
|c|âAlkov|gg
|
|move|p1a: Kabutops|Waterfall|p2a: Latios
|-resisted|p2a: Latios
|-damage|p2a: Latios|0 fnt
|faint|p2a: Latios
|
|win|Alkov
|leave|swaqfeq
|leave|Pure Demize
|player|p2
|leave|Alkov
|player|p1
|leave|Praj.pran
|leave|MeGalladeBetch