|join|Cholera90
|join|Alkov
|player|p1|Cholera90|25
|player|p2|Alkov|256
|gametype|singles
|gen|6
|tier|OU (suspect test)
|rated
|clearpoke
|poke|p1|Metagross
|poke|p1|Thundurus, M
|poke|p1|Nidoking, M
|poke|p1|Gothitelle, F
|poke|p1|Rotom-Wash
|poke|p1|Togekiss, F
|poke|p2|Ninetales, F
|poke|p2|Shiftry, M
|poke|p2|Venusaur, F
|poke|p2|Garchomp, F
|poke|p2|Excadrill, M
|poke|p2|Charizard, M
|rule|Swagger Clause: Swagger is banned
|rule|Baton Pass Clause: Limit one PokÃ©mon knowing Baton Pass
|rule|Sleep Clause Mod: Limit one foe put to sleep
|rule|Species Clause: Limit one of each PokÃ©mon
|rule|OHKO Clause: OHKO moves are banned
|rule|Moody Clause: Moody is banned
|rule|Evasion Moves Clause: Evasion moves are banned
|rule|Endless Battle Clause: Forcing endless battles is banned
|rule|HP Percentage Mod: HP is shown in percentages
|teampreview
|join|anphonic
|
|start
|switch|p1a: Nidoking|Nidoking, M|303\/303
|switch|p2a: Garchomp|Garchomp, F|357\/357
|turn|1
|join|Disorient
|
|move|p2a: Garchomp|Earthquake|p1a: Nidoking
|-supereffective|p1a: Nidoking
|-enditem|p1a: Nidoking|Focus Sash
|-damage|p1a: Nidoking|1\/303
|move|p1a: Nidoking|Stealth Rock|p2a: Garchomp
|-sidestart|p2: Alkov|move: Stealth Rock
|
|turn|2
|c| anphonic|did you get cholera
|c| anphonic|from alkov's team
|
|move|p2a: Garchomp|Stealth Rock|p1a: Nidoking
|-sidestart|p1: Cholera90|move: Stealth Rock
|move|p1a: Nidoking|Ice Beam|p2a: Garchomp
|-supereffective|p2a: Garchomp
|-enditem|p2a: Garchomp|Focus Sash
|-damage|p2a: Garchomp|1\/357
|
|turn|3
|join|Albacore
|
|move|p2a: Garchomp|Sunny Day|p2a: Garchomp
|-weather|SunnyDay
|move|p1a: Nidoking|Ice Beam|p2a: Garchomp
|-supereffective|p2a: Garchomp
|-damage|p2a: Garchomp|0 fnt
|faint|p2a: Garchomp
|
|-weather|SunnyDay|[upkeep]
|c| anphonic|sash nido
|c| anphonic|that seems kind of cool
|c| Disorient|I played something like this one
|
|switch|p2a: Venusaur|Venusaur, F|301\/301
|-damage|p2a: Venusaur|264\/301|[from] Stealth Rock
|turn|4
|c| Disorient|guy used heat rock sunnd lead azelf
|join|Inflikted
|
|move|p2a: Venusaur|Sludge Bomb|p1a: Nidoking
|-resisted|p1a: Nidoking
|-damage|p1a: Nidoking|0 fnt
|faint|p1a: Nidoking
|
|-weather|SunnyDay|[upkeep]
|-heal|p2a: Venusaur|282\/301|[from] item: Black Sludge
|join|CleanerThanRotom-W
|join|Kimio
|
|switch|p1a: Gothitelle|Gothitelle, F|343\/343
|-damage|p1a: Gothitelle|301\/343|[from] Stealth Rock
|turn|5
|
|move|p2a: Venusaur|Sludge Bomb|p1a: Gothitelle
|-damage|p1a: Gothitelle|154\/343
|-status|p1a: Gothitelle|psn
|move|p1a: Gothitelle|Psychic|p2a: Venusaur
|-supereffective|p2a: Venusaur
|-damage|p2a: Venusaur|0 fnt
|faint|p2a: Venusaur
|
|-weather|SunnyDay|[upkeep]
|-damage|p1a: Gothitelle|112\/343 psn|[from] psn
|c|+Albacore|i saw one w\/ sunny day rotom-h
|leave|CleanerThanRotom-W
|
|switch|p2a: Shiftry|Shiftry, M|321\/321
|-damage|p2a: Shiftry|281\/321|[from] Stealth Rock
|turn|6
|
|switch|p1a: Togekiss|Togekiss, F|374\/374
|-damage|p1a: Togekiss|281\/374|[from] Stealth Rock
|move|p2a: Shiftry|Knock Off|p1a: Togekiss
|-resisted|p1a: Togekiss
|-damage|p1a: Togekiss|176\/374
|-enditem|p1a: Togekiss|Leftovers|[from] move: Knock Off|[of] p2a: Shiftry
|-damage|p2a: Shiftry|249\/321|[from] item: Life Orb
|
|-weather|SunnyDay|[upkeep]
|turn|7
|join|Omegasization
|
|switch|p2a: Excadrill|Excadrill, M|364\/364
|-damage|p2a: Excadrill|353\/364|[from] Stealth Rock
|-ability|p2a: Excadrill|Mold Breaker
|move|p1a: Togekiss|Heal Bell|p1a: Togekiss
|-cureteam|p1a: Togekiss|[from] move: HealBell
|
|-weather|none
|turn|8
|
|move|p2a: Excadrill|Rapid Spin|p1a: Togekiss
|-damage|p1a: Togekiss|152\/374
|-sideend|p2: Alkov|Stealth Rock|[from] move: Rapid Spin|[of] p2a: Excadrill
|move|p1a: Togekiss|Roost|p1a: Togekiss
|-heal|p1a: Togekiss|339\/374
|
|turn|9
|
|switch|p2a: Ninetales|Ninetales, F|350\/350
|-weather|SunnyDay
|move|p1a: Togekiss|Air Slash|p2a: Ninetales
|-damage|p2a: Ninetales|274\/350
|
|-weather|SunnyDay|[upkeep]
|turn|10
|leave|anphonic
|
|move|p2a: Ninetales|Hypnosis|p1a: Togekiss|[miss]
|-miss|p2a: Ninetales|p1a: Togekiss
|move|p1a: Togekiss|Thunder Wave|p2a: Ninetales
|-status|p2a: Ninetales|par
|
|-weather|SunnyDay|[upkeep]
|turn|11
|
|switch|p2a: Excadrill|Excadrill, M|353\/364
|-ability|p2a: Excadrill|Mold Breaker
|move|p1a: Togekiss|Air Slash|p2a: Excadrill
|-crit|p2a: Excadrill
|-resisted|p2a: Excadrill
|-damage|p2a: Excadrill|241\/364
|
|-weather|SunnyDay|[upkeep]
|turn|12
|
|switch|p1a: Metagross|Metagross|342\/342
|-damage|p1a: Metagross|321\/342|[from] Stealth Rock
|move|p2a: Excadrill|Iron Head|p1a: Metagross
|-resisted|p1a: Metagross
|-damage|p1a: Metagross|264\/342
|
|-weather|SunnyDay|[upkeep]
|turn|13
|leave|Kimio
|
|switch|p2a: Charizard|Charizard, M|315\/315
|detailschange|p1a: Metagross|Metagross-Mega
|-mega|p1a: Metagross|Metagross|Metagrossite
|move|p1a: Metagross|Zen Headbutt|p2a: Charizard
|-damage|p2a: Charizard|51\/315
|
|-weather|SunnyDay|[upkeep]
|turn|14
|
|switch|p2a: Shiftry|Shiftry, M|249\/321
|move|p1a: Metagross|Bullet Punch|p2a: Shiftry
|-damage|p2a: Shiftry|84\/321
|
|-weather|SunnyDay|[upkeep]
|turn|15
|
|switch|p2a: Excadrill|Excadrill, M|241\/364
|-ability|p2a: Excadrill|Mold Breaker
|switch|p1a: Gothitelle|Gothitelle, F|112\/343
|-damage|p1a: Gothitelle|70\/343|[from] Stealth Rock
|
|-weather|SunnyDay|[upkeep]
|turn|16
|
|move|p2a: Excadrill|Earthquake|p1a: Gothitelle
|-damage|p1a: Gothitelle|0 fnt
|faint|p1a: Gothitelle
|
|-weather|none
|
|switch|p1a: Togekiss|Togekiss, F|339\/374
|-damage|p1a: Togekiss|246\/374|[from] Stealth Rock
|turn|17
|join|asdfCookie
|
|switch|p2a: Ninetales|Ninetales, F|274\/350 par
|-weather|SunnyDay
|move|p1a: Togekiss|Air Slash|p2a: Ninetales
|-damage|p2a: Ninetales|195\/350 par
|
|-weather|SunnyDay|[upkeep]
|turn|18
|
|move|p1a: Togekiss|Air Slash|p2a: Ninetales
|-damage|p2a: Ninetales|117\/350 par
|cant|p2a: Ninetales|flinch
|
|-weather|SunnyDay|[upkeep]
|turn|19
|
|switch|p2a: Excadrill|Excadrill, M|241\/364
|-ability|p2a: Excadrill|Mold Breaker
|move|p1a: Togekiss|Air Slash|p2a: Excadrill
|-resisted|p2a: Excadrill
|-damage|p2a: Excadrill|171\/364
|
|-weather|SunnyDay|[upkeep]
|turn|20
|
|switch|p1a: Rotom-Wash|Rotom-Wash|303\/303
|-damage|p1a: Rotom-Wash|266\/303|[from] Stealth Rock
|move|p2a: Excadrill|Iron Head|p1a: Rotom-Wash
|-resisted|p1a: Rotom-Wash
|-damage|p1a: Rotom-Wash|242\/303
|
|-weather|SunnyDay|[upkeep]
|-heal|p1a: Rotom-Wash|260\/303|[from] item: Leftovers
|turn|21
|c| Omegasization|togekiss pls
|
|switch|p2a: Charizard|Charizard, M|51\/315
|move|p1a: Rotom-Wash|Volt Switch|p2a: Charizard
|-supereffective|p2a: Charizard
|-damage|p2a: Charizard|0 fnt
|faint|p2a: Charizard
|
|switch|p1a: Togekiss|Togekiss, F|246\/374
|-damage|p1a: Togekiss|153\/374|[from] Stealth Rock
|
|-weather|SunnyDay|[upkeep]
|
|switch|p2a: Excadrill|Excadrill, M|171\/364
|-ability|p2a: Excadrill|Mold Breaker
|turn|22
|
|switch|p1a: Rotom-Wash|Rotom-Wash|260\/303
|-damage|p1a: Rotom-Wash|223\/303|[from] Stealth Rock
|move|p2a: Excadrill|Iron Head|p1a: Rotom-Wash
|-resisted|p1a: Rotom-Wash
|-damage|p1a: Rotom-Wash|199\/303
|
|-weather|SunnyDay|[upkeep]
|-heal|p1a: Rotom-Wash|217\/303|[from] item: Leftovers
|turn|23
|
|move|p2a: Excadrill|Iron Head|p1a: Rotom-Wash
|-resisted|p1a: Rotom-Wash
|-damage|p1a: Rotom-Wash|190\/303
|cant|p1a: Rotom-Wash|flinch
|
|-weather|SunnyDay|[upkeep]
|-heal|p1a: Rotom-Wash|208\/303|[from] item: Leftovers
|turn|24
|
|switch|p2a: Ninetales|Ninetales, F|117\/350 par
|move|p1a: Rotom-Wash|Hydro Pump|p2a: Ninetales
|-supereffective|p2a: Ninetales
|-damage|p2a: Ninetales|19\/350 par
|
|-weather|none
|-heal|p1a: Rotom-Wash|226\/303|[from] item: Leftovers
|turn|25
|c|âAlkov|fml
|c| Omegasization|alkov ffs just eq and win with shiftree
|c|âAlkov|I CANT
|c|âAlkov|i miscounted the sun turns :[
|c|âAlkov|fuuuuck
|-message|Alkov forfeited.
|
|win|Cholera90
|raw|Ladder updating...
|c|âCholera90|the scarf kind of limits the team
|leave|Alkov
|player|p2
|raw|Cholera90's rating: 1244 &rarr; <strong>1277<\/strong><br \/>(+33 for winning)
|raw|Alkov's rating: 1355 &rarr; <strong>1329<\/strong><br \/>(-26 for losing)
|c| Omegasization|"bad"
|leave|Omegasization
|leave|Disorient
|leave|Inflikted
|join|anphonic
|leave|Albacore
|leave|asdfCookie