|join|Alkov
|join|Lavuuh
|player|p1|Alkov|256
|player|p2|Lavuuh|109
|gametype|singles
|gen|6
|tier|OU (suspect test)
|rated
|clearpoke
|poke|p1|Kyurem-Black, shiny
|poke|p1|Slowbro, M
|poke|p1|Gardevoir, F, shiny
|poke|p1|Cobalion
|poke|p1|Landorus-Therian, M
|poke|p1|Zapdos
|poke|p2|Terrakion
|poke|p2|Scizor, M
|poke|p2|Thundurus, M
|poke|p2|Latios, M
|poke|p2|Heatran, M
|poke|p2|Azumarill, M
|rule|Swagger Clause: Swagger is banned
|rule|Baton Pass Clause: Limit one PokÃ©mon knowing Baton Pass
|rule|Sleep Clause Mod: Limit one foe put to sleep
|rule|Species Clause: Limit one of each PokÃ©mon
|rule|OHKO Clause: OHKO moves are banned
|rule|Moody Clause: Moody is banned
|rule|Evasion Moves Clause: Evasion moves are banned
|rule|Endless Battle Clause: Forcing endless battles is banned
|rule|HP Percentage Mod: HP is shown in percentages
|teampreview
|
|start
|switch|p1a: Slowbro|Slowbro, M|394\/394
|switch|p2a: Heatran|Heatran, M|385\/385
|turn|1
|
|move|p2a: Heatran|Toxic|p1a: Slowbro
|-status|p1a: Slowbro|tox
|move|p1a: Slowbro|Thunder Wave|p2a: Heatran
|-status|p2a: Heatran|par
|
|-damage|p1a: Slowbro|370\/394 tox|[from] psn
|turn|2
|c|âAlkov|GL
|c|âLavuuh|u2
|
|switch|p2a: Genie-us|Thundurus, M|299\/299
|move|p1a: Slowbro|Scald|p2a: Genie-us
|-damage|p2a: Genie-us|196\/299
|
|-heal|p1a: Slowbro|394\/394 tox|[from] item: Leftovers
|-damage|p1a: Slowbro|346\/394 tox|[from] psn
|turn|3
|
|switch|p1a: Zapdos|Zapdos|383\/383
|-ability|p1a: Zapdos|Pressure
|move|p2a: Genie-us|Hidden Power|p1a: Zapdos
|-supereffective|p1a: Zapdos
|-damage|p1a: Zapdos|180\/383
|-damage|p2a: Genie-us|167\/299|[from] item: Life Orb
|
|-heal|p1a: Zapdos|203\/383|[from] item: Leftovers
|turn|4
|
|move|p2a: Genie-us|Thunderbolt|p1a: Zapdos
|-crit|p1a: Zapdos
|-damage|p1a: Zapdos|0 fnt
|-damage|p2a: Genie-us|138\/299|[from] item: Life Orb
|faint|p1a: Zapdos
|
|c|âAlkov|.....
|
|switch|p1a: Landorus-Therian|Landorus-Therian, M|328\/328
|-ability|p1a: Landorus-Therian|Intimidate|[of] p2a: Genie-us
|-unboost|p2a: Genie-us|atk|1
|turn|5
|c|âLavuuh|that didn't matter
|c|âLavuuh|lol
|c|âLavuuh|hp ice: 60*2=120, thunderbolt=90*1,5=135
|
|switch|p2a: Scizor|Scizor, M|344\/344
|move|p1a: Landorus-Therian|Knock Off|p2a: Scizor
|-damage|p2a: Scizor|274\/344
|
|turn|6
|
|switch|p1a: Cobalion|Cobalion|351\/351
|detailschange|p2a: Scizor|Scizor-Mega, M
|-mega|p2a: Scizor|Scizor|Scizorite
|move|p2a: Scizor|U-turn|p1a: Cobalion
|-resisted|p1a: Cobalion
|-damage|p1a: Cobalion|330\/351
|
|switch|p2a: Latios|Latios, M|301\/301
|
|-heal|p1a: Cobalion|351\/351|[from] item: Leftovers
|turn|7
|
|move|p2a: Latios|Hidden Power|p1a: Cobalion
|-supereffective|p1a: Cobalion
|-damage|p1a: Cobalion|122\/351
|-damage|p2a: Latios|271\/301|[from] item: Life Orb
|move|p1a: Cobalion|Stealth Rock|p2a: Latios
|-sidestart|p2: Lavuuh|move: Stealth Rock
|
|-heal|p1a: Cobalion|143\/351|[from] item: Leftovers
|turn|8
|
|switch|p1a: Gardevoir|Gardevoir, F, shiny|277\/277
|-ability|p1a: Gardevoir|Levitate|[from] ability: Trace|[of] p2a: Latios
|move|p2a: Latios|Hidden Power|p1a: Gardevoir
|-damage|p1a: Gardevoir|194\/277
|-damage|p2a: Latios|241\/301|[from] item: Life Orb
|
|turn|9
|
|switch|p2a: Heatran|Heatran, M|385\/385 par
|-damage|p2a: Heatran|337\/385 par|[from] Stealth Rock
|detailschange|p1a: Gardevoir|Gardevoir-Mega, F, shiny
|-mega|p1a: Gardevoir|Gardevoir|Gardevoirite
|move|p1a: Gardevoir|Hyper Voice|p2a: Heatran
|-resisted|p2a: Heatran
|-damage|p2a: Heatran|286\/385 par
|
|-heal|p2a: Heatran|310\/385 par|[from] item: Leftovers
|turn|10
|
|move|p1a: Gardevoir|Focus Blast|p2a: Heatran
|-supereffective|p2a: Heatran
|-damage|p2a: Heatran|48\/385 par
|move|p2a: Heatran|Toxic|p1a: Gardevoir
|-status|p1a: Gardevoir|tox
|
|-heal|p2a: Heatran|72\/385 par|[from] item: Leftovers
|-damage|p1a: Gardevoir|177\/277 tox|[from] psn
|turn|11
|
|move|p2a: Heatran|Protect|p2a: Heatran
|-singleturn|p2a: Heatran|Protect
|move|p1a: Gardevoir|Psyshock|p2a: Heatran
|-activate|p2a: Heatran|Protect
|
|-heal|p2a: Heatran|96\/385 par|[from] item: Leftovers
|-damage|p1a: Gardevoir|143\/277 tox|[from] psn
|turn|12
|
|move|p1a: Gardevoir|Psyshock|p2a: Heatran
|-resisted|p2a: Heatran
|-damage|p2a: Heatran|9\/385 par
|move|p2a: Heatran|Stealth Rock|p1a: Gardevoir
|-sidestart|p1: Alkov|move: Stealth Rock
|
|-heal|p2a: Heatran|33\/385 par|[from] item: Leftovers
|-damage|p1a: Gardevoir|92\/277 tox|[from] psn
|turn|13
|
|switch|p1a: Cobalion|Cobalion|143\/351
|-damage|p1a: Cobalion|133\/351|[from] Stealth Rock
|cant|p2a: Heatran|par
|
|-heal|p1a: Cobalion|154\/351|[from] item: Leftovers
|-heal|p2a: Heatran|57\/385 par|[from] item: Leftovers
|turn|14
|
|move|p1a: Cobalion|Close Combat|p2a: Heatran
|-supereffective|p2a: Heatran
|-damage|p2a: Heatran|0 fnt
|-unboost|p1a: Cobalion|def|1
|-unboost|p1a: Cobalion|spd|1
|faint|p2a: Heatran
|
|-heal|p1a: Cobalion|175\/351|[from] item: Leftovers
|
|switch|p2a: Genie-us|Thundurus, M|138\/299
|-damage|p2a: Genie-us|64\/299|[from] Stealth Rock
|turn|15
|
|move|p2a: Genie-us|Thunderbolt|p1a: Cobalion
|-damage|p1a: Cobalion|0 fnt
|-damage|p2a: Genie-us|35\/299|[from] item: Life Orb
|faint|p1a: Cobalion
|
|
|switch|p1a: Landorus-Therian|Landorus-Therian, M|328\/328
|-damage|p1a: Landorus-Therian|287\/328|[from] Stealth Rock
|-ability|p1a: Landorus-Therian|Intimidate|[of] p2a: Genie-us
|-unboost|p2a: Genie-us|atk|1
|turn|16
|
|move|p1a: Landorus-Therian|U-turn|p2a: Genie-us
|-resisted|p2a: Genie-us
|-damage|p2a: Genie-us|0 fnt
|faint|p2a: Genie-us
|
|switch|p1a: Gardevoir|Gardevoir-Mega, F, shiny|92\/277 tox
|-damage|p1a: Gardevoir|58\/277 tox|[from] Stealth Rock
|
|-damage|p1a: Gardevoir|41\/277 tox|[from] psn
|
|switch|p2a: Scizor|Scizor-Mega, M|274\/344
|-damage|p2a: Scizor|231\/344|[from] Stealth Rock
|turn|17
|
|move|p2a: Scizor|Bullet Punch|p1a: Gardevoir
|-supereffective|p1a: Gardevoir
|-damage|p1a: Gardevoir|0 fnt
|faint|p1a: Gardevoir
|
|
|switch|p1a: Kyurem-Black|Kyurem-Black, shiny|391\/391
|-damage|p1a: Kyurem-Black|294\/391|[from] Stealth Rock
|-ability|p1a: Kyurem-Black|Teravolt
|turn|18
|
|move|p2a: Scizor|Bullet Punch|p1a: Kyurem-Black
|-supereffective|p1a: Kyurem-Black
|-damage|p1a: Kyurem-Black|106\/391
|move|p1a: Kyurem-Black|Hidden Power|p2a: Scizor
|-supereffective|p2a: Scizor
|-damage|p2a: Scizor|0 fnt
|-damage|p1a: Kyurem-Black|67\/391|[from] item: Life Orb
|faint|p2a: Scizor
|
|
|switch|p2a: Terrakion|Terrakion|323\/323
|-damage|p2a: Terrakion|303\/323|[from] Stealth Rock
|turn|19
|
|move|p2a: Terrakion|Rock Slide|p1a: Kyurem-Black
|-supereffective|p1a: Kyurem-Black
|-damage|p1a: Kyurem-Black|0 fnt
|faint|p1a: Kyurem-Black
|
|
|switch|p1a: Slowbro|Slowbro, M|394\/394 tox
|-damage|p1a: Slowbro|345\/394 tox|[from] Stealth Rock
|turn|20
|
|move|p2a: Terrakion|Rock Slide|p1a: Slowbro
|-damage|p1a: Slowbro|249\/394 tox
|move|p1a: Slowbro|Thunder Wave|p2a: Terrakion
|-status|p2a: Terrakion|par
|
|-heal|p1a: Slowbro|273\/394 tox|[from] item: Leftovers
|-damage|p1a: Slowbro|249\/394 tox|[from] psn
|turn|21
|
|move|p2a: Terrakion|Rock Slide|p1a: Slowbro
|-miss|p2a: Terrakion|p1a: Slowbro
|move|p1a: Slowbro|Slack Off|p1a: Slowbro
|-heal|p1a: Slowbro|394\/394 tox
|
|-damage|p1a: Slowbro|346\/394 tox|[from] psn
|turn|22
|
|move|p2a: Terrakion|Rock Slide|p1a: Slowbro
|-damage|p1a: Slowbro|255\/394 tox
|move|p1a: Slowbro|Psyshock|p2a: Terrakion
|-crit|p2a: Terrakion
|-supereffective|p2a: Terrakion
|-damage|p2a: Terrakion|1\/323 par
|
|-heal|p1a: Slowbro|279\/394 tox|[from] item: Leftovers
|-damage|p1a: Slowbro|207\/394 tox|[from] psn
|turn|23
|
|switch|p1a: Landorus-Therian|Landorus-Therian, M|287\/328
|-damage|p1a: Landorus-Therian|246\/328|[from] Stealth Rock
|-ability|p1a: Landorus-Therian|Intimidate|[of] p2a: Terrakion
|-unboost|p2a: Terrakion|atk|1
|cant|p2a: Terrakion|par
|
|turn|24
|
|move|p1a: Landorus-Therian|Knock Off|p2a: Terrakion
|-resisted|p2a: Terrakion
|-damage|p2a: Terrakion|0 fnt
|-enditem|p2a: Terrakion|Choice Scarf|[from] move: Knock Off|[of] p1a: Landorus-Therian
|faint|p2a: Terrakion
|
|
|switch|p2a: Azumarill|Azumarill, M|403\/403
|-damage|p2a: Azumarill|353\/403|[from] Stealth Rock
|turn|25
|
|switch|p1a: Slowbro|Slowbro, M|338\/394 tox
|-damage|p1a: Slowbro|289\/394 tox|[from] Stealth Rock
|move|p2a: Azumarill|Knock Off|p1a: Slowbro
|-supereffective|p1a: Slowbro
|-damage|p1a: Slowbro|107\/394 tox
|-enditem|p1a: Slowbro|Leftovers|[from] move: Knock Off|[of] p2a: Azumarill
|
|-damage|p1a: Slowbro|83\/394 tox|[from] psn
|turn|26
|c|âAlkov|gg
|
|move|p2a: Azumarill|Knock Off|p1a: Slowbro
|-supereffective|p1a: Slowbro
|-damage|p1a: Slowbro|0 fnt
|faint|p1a: Slowbro
|
|-message|Alkov forfeited.
|
|win|Lavuuh
|raw|Ladder updating...
|leave|Alkov
|player|p1
|raw|Alkov's rating: 1490 &rarr; <strong>1463<\/strong><br \/>(-27 for losing)
|raw|Lavuuh's rating: 1358 &rarr; <strong>1385<\/strong><br \/>(+27 for winning)
|c|âLavuuh|g
|c|âLavuuh|g