|join|QTBugi
|join|Alkov
|player|p1|QTBugi|279
|player|p2|Alkov|256
|gametype|singles
|gen|6
|tier|OU (suspect test)
|rated
|clearpoke
|poke|p1|Diggersby, M, shiny
|poke|p1|Crobat, M, shiny
|poke|p1|Blastoise, M
|poke|p1|Bisharp, M
|poke|p1|Medicham, M, shiny
|poke|p1|Latios, M
|poke|p2|Kyurem-Black, shiny
|poke|p2|Slowbro, M
|poke|p2|Gardevoir, F, shiny
|poke|p2|Cobalion
|poke|p2|Landorus-Therian, M
|poke|p2|Zapdos
|rule|Swagger Clause: Swagger is banned
|rule|Baton Pass Clause: Limit one PokÃ©mon knowing Baton Pass
|rule|Sleep Clause Mod: Limit one foe put to sleep
|rule|Species Clause: Limit one of each PokÃ©mon
|rule|OHKO Clause: OHKO moves are banned
|rule|Moody Clause: Moody is banned
|rule|Evasion Moves Clause: Evasion moves are banned
|rule|Endless Battle Clause: Forcing endless battles is banned
|rule|HP Percentage Mod: HP is shown in percentages
|teampreview
|c|âAlkov|GL
|c|âQTBugi|gl
|join|Swaqfeq
|
|start
|switch|p1a: Blastoise|Blastoise, M|362\/362
|switch|p2a: Landorus-Therian|Landorus-Therian, M|328\/328
|-ability|p2a: Landorus-Therian|Intimidate|[of] p1a: Blastoise
|-unboost|p1a: Blastoise|atk|1
|turn|1
|
|move|p2a: Landorus-Therian|U-turn|p1a: Blastoise
|-damage|p1a: Blastoise|299\/362
|
|switch|p2a: Zapdos|Zapdos|383\/383
|-ability|p2a: Zapdos|Pressure
|move|p1a: Blastoise|Scald|p2a: Zapdos
|-damage|p2a: Zapdos|292\/383
|-status|p2a: Zapdos|brn
|
|-heal|p2a: Zapdos|315\/383 brn|[from] item: Leftovers
|-damage|p2a: Zapdos|268\/383 brn|[from] brn
|turn|2
|
|move|p2a: Zapdos|Discharge|p1a: Blastoise
|-supereffective|p1a: Blastoise
|-damage|p1a: Blastoise|77\/362
|-status|p1a: Blastoise|par
|-enditem|p1a: Blastoise|Sitrus Berry|[eat]
|-heal|p1a: Blastoise|167\/362 par|[from] item: Sitrus Berry
|cant|p1a: Blastoise|par
|
|-heal|p2a: Zapdos|291\/383 brn|[from] item: Leftovers
|-damage|p2a: Zapdos|244\/383 brn|[from] brn
|turn|3
|
|switch|p1a: Diggersby|Diggersby, M, shiny|312\/312
|move|p2a: Zapdos|Discharge|p1a: Diggersby
|-immune|p1a: Diggersby|[msg]
|
|-heal|p2a: Zapdos|267\/383 brn|[from] item: Leftovers
|-damage|p2a: Zapdos|220\/383 brn|[from] brn
|turn|4
|
|switch|p2a: Cobalion|Cobalion|351\/351
|move|p1a: Diggersby|Ice Punch|p2a: Cobalion
|-resisted|p2a: Cobalion
|-damage|p2a: Cobalion|302\/351
|
|-heal|p2a: Cobalion|323\/351|[from] item: Leftovers
|turn|5
|
|move|p2a: Cobalion|Close Combat|p1a: Diggersby
|-crit|p1a: Diggersby
|-supereffective|p1a: Diggersby
|-enditem|p1a: Diggersby|Focus Sash
|-damage|p1a: Diggersby|1\/312
|-unboost|p2a: Cobalion|def|1
|-unboost|p2a: Cobalion|spd|1
|move|p1a: Diggersby|Earthquake|p2a: Cobalion
|-supereffective|p2a: Cobalion
|-damage|p2a: Cobalion|0 fnt
|faint|p2a: Cobalion
|
|c|âAlkov|........
|
|switch|p2a: Landorus-Therian|Landorus-Therian, M|328\/328
|-ability|p2a: Landorus-Therian|Intimidate|[of] p1a: Diggersby
|-unboost|p1a: Diggersby|atk|1
|turn|6
|
|switch|p1a: Crobat|Crobat, M, shiny|374\/374
|move|p2a: Landorus-Therian|U-turn|p1a: Crobat
|-resisted|p1a: Crobat
|-damage|p1a: Crobat|353\/374
|
|switch|p2a: Zapdos|Zapdos|220\/383 brn
|-ability|p2a: Zapdos|Pressure
|
|-heal|p1a: Crobat|374\/374|[from] item: Black Sludge
|-heal|p2a: Zapdos|243\/383 brn|[from] item: Leftovers
|-damage|p2a: Zapdos|196\/383 brn|[from] brn
|turn|7
|
|move|p1a: Crobat|Taunt|p2a: Zapdos
|-start|p2a: Zapdos|move: Taunt
|cant|p2a: Zapdos|move: Taunt|Roost
|
|-heal|p2a: Zapdos|219\/383 brn|[from] item: Leftovers
|-damage|p2a: Zapdos|172\/383 brn|[from] brn
|turn|8
|
|switch|p1a: Diggersby|Diggersby, M, shiny|1\/312
|move|p2a: Zapdos|Discharge|p1a: Diggersby
|-immune|p1a: Diggersby|[msg]
|
|-heal|p2a: Zapdos|195\/383 brn|[from] item: Leftovers
|-damage|p2a: Zapdos|148\/383 brn|[from] brn
|turn|9
|
|move|p1a: Diggersby|Ice Punch|p2a: Zapdos
|-supereffective|p2a: Zapdos
|-damage|p2a: Zapdos|0 fnt
|faint|p2a: Zapdos
|
|
|switch|p2a: Landorus-Therian|Landorus-Therian, M|328\/328
|-ability|p2a: Landorus-Therian|Intimidate|[of] p1a: Diggersby
|-unboost|p1a: Diggersby|atk|1
|turn|10
|
|switch|p1a: Crobat|Crobat, M, shiny|374\/374
|move|p2a: Landorus-Therian|U-turn|p1a: Crobat
|-resisted|p1a: Crobat
|-damage|p1a: Crobat|353\/374
|
|switch|p2a: Kyurem-Black|Kyurem-Black, shiny|391\/391
|-ability|p2a: Kyurem-Black|Teravolt
|
|-heal|p1a: Crobat|374\/374|[from] item: Black Sludge
|turn|11
|
|move|p1a: Crobat|Super Fang|p2a: Kyurem-Black
|-damage|p2a: Kyurem-Black|196\/391
|move|p2a: Kyurem-Black|Ice Beam|p1a: Crobat
|-supereffective|p1a: Crobat
|-damage|p1a: Crobat|0 fnt
|-damage|p2a: Kyurem-Black|157\/391|[from] item: Life Orb
|faint|p1a: Crobat
|
|
|switch|p1a: Medicham|Medicham, M, shiny|261\/261
|turn|12
|
|switch|p2a: Slowbro|Slowbro, M|394\/394
|detailschange|p1a: Medicham|Medicham-Mega, M, shiny
|-mega|p1a: Medicham|Medicham|Medichamite
|move|p1a: Medicham|Fake Out|p2a: Slowbro
|-damage|p2a: Slowbro|343\/394
|
|-heal|p2a: Slowbro|367\/394|[from] item: Leftovers
|turn|13
|
|switch|p1a: Blastoise|Blastoise, M|167\/362 par
|move|p2a: Slowbro|Thunder Wave|p1a: Blastoise
|-fail|p1a: Blastoise|par
|
|-heal|p2a: Slowbro|391\/394|[from] item: Leftovers
|turn|14
|
|move|p2a: Slowbro|Psyshock|p1a: Blastoise
|-damage|p1a: Blastoise|100\/362 par
|move|p1a: Blastoise|Scald|p2a: Slowbro
|-resisted|p2a: Slowbro
|-damage|p2a: Slowbro|322\/394
|
|-heal|p2a: Slowbro|346\/394|[from] item: Leftovers
|turn|15
|
|move|p2a: Slowbro|Psyshock|p1a: Blastoise
|-damage|p1a: Blastoise|31\/362 par
|move|p1a: Blastoise|Scald|p2a: Slowbro
|-resisted|p2a: Slowbro
|-damage|p2a: Slowbro|267\/394
|
|-heal|p2a: Slowbro|291\/394|[from] item: Leftovers
|turn|16
|
|switch|p1a: Bisharp|Bisharp, M|272\/272
|move|p2a: Slowbro|Psyshock|p1a: Bisharp
|-immune|p1a: Bisharp|[msg]
|
|-heal|p2a: Slowbro|315\/394|[from] item: Leftovers
|turn|17
|
|move|p1a: Bisharp|Knock Off|p2a: Slowbro
|-supereffective|p2a: Slowbro
|-damage|p2a: Slowbro|0 fnt
|-enditem|p2a: Slowbro|Leftovers|[from] move: Knock Off|[of] p1a: Bisharp
|-damage|p1a: Bisharp|245\/272|[from] item: Life Orb
|faint|p2a: Slowbro
|
|
|switch|p2a: Gardevoir|Gardevoir, F, shiny|277\/277
|-ability|p2a: Gardevoir|Defiant|[from] ability: Trace|[of] p1a: Bisharp
|turn|18
|
|switch|p1a: Blastoise|Blastoise, M|31\/362 par
|detailschange|p2a: Gardevoir|Gardevoir-Mega, F, shiny
|-mega|p2a: Gardevoir|Gardevoir|Gardevoirite
|move|p2a: Gardevoir|Hyper Voice|p1a: Blastoise
|-damage|p1a: Blastoise|0 fnt
|faint|p1a: Blastoise
|
|
|switch|p1a: Bisharp|Bisharp, M|245\/272
|turn|19
|
|move|p2a: Gardevoir|Hyper Voice|p1a: Bisharp
|-damage|p1a: Bisharp|0 fnt
|faint|p1a: Bisharp
|
|
|switch|p1a: Diggersby|Diggersby, M, shiny|1\/312
|turn|20
|
|switch|p2a: Kyurem-Black|Kyurem-Black, shiny|157\/391
|-ability|p2a: Kyurem-Black|Teravolt
|move|p1a: Diggersby|Quick Attack|p2a: Kyurem-Black
|-crit|p2a: Kyurem-Black
|-damage|p2a: Kyurem-Black|25\/391
|
|turn|21
|
|move|p1a: Diggersby|Quick Attack|p2a: Kyurem-Black
|-damage|p2a: Kyurem-Black|0 fnt
|faint|p2a: Kyurem-Black
|
|
|switch|p2a: Landorus-Therian|Landorus-Therian, M|328\/328
|-ability|p2a: Landorus-Therian|Intimidate|[of] p1a: Diggersby
|-unboost|p1a: Diggersby|atk|1
|turn|22
|
|switch|p1a: Latios|Latios, M|308\/308
|move|p2a: Landorus-Therian|Knock Off|p1a: Latios
|-supereffective|p1a: Latios
|-damage|p1a: Latios|60\/308
|-enditem|p1a: Latios|Choice Scarf|[from] move: Knock Off|[of] p2a: Landorus-Therian
|
|turn|23
|
|move|p2a: Landorus-Therian|Knock Off|p1a: Latios
|-supereffective|p1a: Latios
|-damage|p1a: Latios|0 fnt
|faint|p1a: Latios
|
|
|switch|p1a: Medicham|Medicham-Mega, M, shiny|261\/261
|turn|24
|
|move|p2a: Landorus-Therian|Knock Off|p1a: Medicham
|-damage|p1a: Medicham|173\/261
|move|p1a: Medicham|Zen Headbutt|p2a: Landorus-Therian
|-crit|p2a: Landorus-Therian
|-damage|p2a: Landorus-Therian|0 fnt
|faint|p2a: Landorus-Therian
|
|c|âAlkov|crits
|c|âAlkov|how wonderful -.-
|c| Swaqfeq|luckE
|
|switch|p2a: Gardevoir|Gardevoir-Mega, F, shiny|277\/277
|turn|25
|
|move|p1a: Medicham|Bullet Punch|p2a: Gardevoir
|-supereffective|p2a: Gardevoir
|-damage|p2a: Gardevoir|59\/277
|move|p2a: Gardevoir|Hyper Voice|p1a: Medicham
|-supereffective|p1a: Medicham
|-damage|p1a: Medicham|0 fnt
|faint|p1a: Medicham
|
|c|âQTBugi|gg
|
|switch|p1a: Diggersby|Diggersby, M, shiny|1\/312
|turn|26
|c|âAlkov|says gg
|c|âAlkov|after critting
|c|âAlkov|WOW
|c| Swaqfeq|Wow the lack of rocks
|c|âAlkov|i love this kinda player
|c| Swaqfeq|rly didnt help
|
|move|p1a: Diggersby|Quick Attack|p2a: Gardevoir
|-damage|p2a: Gardevoir|0 fnt
|faint|p2a: Gardevoir
|
|win|QTBugi
|raw|Ladder updating...
|raw|QTBugi's rating: 1395 &rarr; <strong>1419<\/strong><br \/>(+24 for winning)
|raw|Alkov's rating: 1471 &rarr; <strong>1447<\/strong><br \/>(-24 for losing)
|c|âAlkov|fucking garbage
|leave|Alkov
|leave|Swaqfeq
|player|p2