|join|Alkov
|join|Aka DH
|player|p1|Alkov|256
|player|p2|Aka DH|1
|gametype|singles
|gen|6
|tier|OU (suspect test)
|rated
|clearpoke
|poke|p1|Politoed, F
|poke|p1|Tornadus-Therian, M
|poke|p1|Scizor, M
|poke|p1|Seismitoad, F
|poke|p1|Kabutops, F
|poke|p1|Garchomp, F
|poke|p2|Bisharp, M
|poke|p2|Venusaur, M
|poke|p2|Heatran, F
|poke|p2|Keldeo
|poke|p2|Chansey, F
|poke|p2|Skarmory, F
|rule|Swagger Clause: Swagger is banned
|rule|Baton Pass Clause: Limit one PokÃ©mon knowing Baton Pass
|rule|Sleep Clause Mod: Limit one foe put to sleep
|rule|Species Clause: Limit one of each PokÃ©mon
|rule|OHKO Clause: OHKO moves are banned
|rule|Moody Clause: Moody is banned
|rule|Evasion Moves Clause: Evasion moves are banned
|rule|Endless Battle Clause: Forcing endless battles is banned
|rule|HP Percentage Mod: HP is shown in percentages
|teampreview
|
|start
|switch|p1a: Garchomp|Garchomp, F|420\/420
|switch|p2a: Heatran|Heatran, F|340\/340
|-item|p2a: Heatran|Air Balloon
|turn|1
|
|move|p2a: Heatran|Stealth Rock|p1a: Garchomp
|-sidestart|p1: Alkov|move: Stealth Rock
|move|p1a: Garchomp|Aqua Tail|p2a: Heatran
|-supereffective|p2a: Heatran
|-damage|p2a: Heatran|204\/340
|-enditem|p2a: Heatran|Air Balloon
|
|turn|2
|join|yuy
|join|Zenzo
|join|only team testing
|join|ampd302
|c| yuy|ily dh
|c| only team testing|..
|
|move|p2a: Heatran|Toxic|p1a: Garchomp
|-status|p1a: Garchomp|tox
|move|p1a: Garchomp|Stealth Rock|p2a: Heatran
|-sidestart|p2: Aka DH|move: Stealth Rock
|
|-damage|p1a: Garchomp|394\/420 tox|[from] psn
|turn|3
|
|switch|p2a: Skarmory|Skarmory, F|334\/334
|-damage|p2a: Skarmory|293\/334|[from] Stealth Rock
|move|p1a: Garchomp|Rain Dance|p1a: Garchomp
|-weather|RainDance
|
|-weather|RainDance|[upkeep]
|-damage|p1a: Garchomp|342\/420 tox|[from] psn
|turn|4
|
|switch|p1a: Seismitoad|Seismitoad, F|351\/351
|-damage|p1a: Seismitoad|330\/351|[from] Stealth Rock
|move|p2a: Skarmory|Whirlwind|p1a: Seismitoad
|drag|p1a: Garchomp|Garchomp, F|342\/420 tox
|-damage|p1a: Garchomp|316\/420 tox|[from] Stealth Rock
|
|-weather|RainDance|[upkeep]
|-damage|p1a: Garchomp|290\/420 tox|[from] psn
|turn|5
|join|i came from leddit
|
|switch|p1a: Seismitoad|Seismitoad, F|330\/351
|-damage|p1a: Seismitoad|309\/351|[from] Stealth Rock
|move|p2a: Skarmory|Spikes|p1a: Seismitoad
|-sidestart|p1: Alkov|Spikes
|
|-weather|RainDance|[upkeep]
|turn|6
|
|switch|p2a: Chansey|Chansey, F|684\/684
|-damage|p2a: Chansey|599\/684|[from] Stealth Rock
|move|p1a: Seismitoad|Hydro Pump|p2a: Chansey
|-crit|p2a: Chansey
|-damage|p2a: Chansey|325\/684
|-damage|p1a: Seismitoad|274\/351|[from] item: Life Orb
|
|-weather|RainDance|[upkeep]
|turn|7
|c| i came from leddit|.....
|
|move|p1a: Seismitoad|Knock Off|p2a: Chansey
|-crit|p2a: Chansey
|-damage|p2a: Chansey|168\/684
|-enditem|p2a: Chansey|Eviolite|[from] move: Knock Off|[of] p1a: Seismitoad
|-damage|p1a: Seismitoad|239\/351|[from] item: Life Orb
|move|p2a: Chansey|Soft-Boiled|p2a: Chansey
|-heal|p2a: Chansey|510\/684
|
|-weather|none
|turn|8
|
|switch|p1a: Scizor|Scizor, M|343\/343
|-damage|p1a: Scizor|301\/343|[from] Spikes
|-damage|p1a: Scizor|259\/343|[from] Stealth Rock
|move|p2a: Chansey|Seismic Toss|p1a: Scizor
|-damage|p1a: Scizor|159\/343
|
|turn|9
|
|switch|p2a: Heatran|Heatran, F|204\/340
|-damage|p2a: Heatran|162\/340|[from] Stealth Rock
|detailschange|p1a: Scizor|Scizor-Mega, M
|-mega|p1a: Scizor|Scizor|Scizorite
|move|p1a: Scizor|Roost|p1a: Scizor
|-heal|p1a: Scizor|331\/343
|
|turn|10
|
|switch|p1a: Politoed|Politoed, F|383\/383
|-damage|p1a: Politoed|336\/383|[from] Stealth Rock
|-damage|p1a: Politoed|289\/383|[from] Spikes
|-weather|RainDance
|move|p2a: Heatran|Toxic|p1a: Politoed
|-status|p1a: Politoed|tox
|
|-weather|RainDance|[upkeep]
|-damage|p1a: Politoed|266\/383 tox|[from] psn
|turn|11
|
|switch|p2a: Chansey|Chansey, F|510\/684
|-damage|p2a: Chansey|425\/684|[from] Stealth Rock
|move|p1a: Politoed|Scald|p2a: Chansey
|-damage|p2a: Chansey|314\/684
|
|-weather|RainDance|[upkeep]
|-damage|p1a: Politoed|220\/383 tox|[from] psn
|turn|12
|
|switch|p1a: Kabutops|Kabutops, F|261\/261
|-damage|p1a: Kabutops|229\/261|[from] Spikes
|-damage|p1a: Kabutops|197\/261|[from] Stealth Rock
|move|p2a: Chansey|Soft-Boiled|p2a: Chansey
|-heal|p2a: Chansey|656\/684
|
|-weather|RainDance|[upkeep]
|turn|13
|
|move|p1a: Kabutops|Swords Dance|p1a: Kabutops
|-boost|p1a: Kabutops|atk|2
|move|p2a: Chansey|Thunder Wave|p1a: Kabutops
|-status|p1a: Kabutops|par
|
|-weather|RainDance|[upkeep]
|turn|14
|
|switch|p2a: Skarmory|Skarmory, F|293\/334
|-damage|p2a: Skarmory|252\/334|[from] Stealth Rock
|move|p1a: Kabutops|Waterfall|p2a: Skarmory
|-damage|p2a: Skarmory|0 fnt
|-damage|p1a: Kabutops|154\/261 par|[from] item: Rocky Helmet|[of] p2a: Skarmory
|-damage|p1a: Kabutops|128\/261 par|[from] item: Life Orb
|faint|p2a: Skarmory
|
|-weather|RainDance|[upkeep]
|c| yuy|that's one fucked up play
|
|switch|p2a: Venusaur|Venusaur, M|364\/364
|-damage|p2a: Venusaur|319\/364|[from] Stealth Rock
|turn|15
|c| yuy|why not venu instead?
|c| yuy|for the wfall
|
|detailschange|p2a: Venusaur|Venusaur-Mega, M
|-mega|p2a: Venusaur|Venusaur|Venusaurite
|move|p2a: Venusaur|Giga Drain|p1a: Kabutops
|-supereffective|p1a: Kabutops
|-damage|p1a: Kabutops|0 fnt
|-heal|p2a: Venusaur|364\/364|[from] drain|[of] p1a: Kabutops
|faint|p1a: Kabutops
|
|-weather|RainDance|[upkeep]
|c| yuy|cuz it isn't mega prob
|
|switch|p1a: Tornadus-Therian|Tornadus-Therian, M|334\/334
|-damage|p1a: Tornadus-Therian|251\/334|[from] Stealth Rock
|turn|16
|
|switch|p2a: Heatran|Heatran, F|162\/340
|-damage|p2a: Heatran|120\/340|[from] Stealth Rock
|move|p1a: Tornadus-Therian|Hurricane|p2a: Heatran
|-resisted|p2a: Heatran
|-damage|p2a: Heatran|43\/340
|-start|p2a: Heatran|confusion
|
|-weather|RainDance|[upkeep]
|turn|17
|
|move|p1a: Tornadus-Therian|Hurricane|p2a: Heatran
|-resisted|p2a: Heatran
|-damage|p2a: Heatran|0 fnt
|faint|p2a: Heatran
|
|-weather|none
|
|switch|p2a: Chansey|Chansey, F|656\/684
|-damage|p2a: Chansey|571\/684|[from] Stealth Rock
|turn|18
|
|move|p1a: Tornadus-Therian|U-turn|p2a: Chansey
|-damage|p2a: Chansey|465\/684
|
|switch|p1a: Scizor|Scizor-Mega, M|331\/343
|-damage|p1a: Scizor|289\/343|[from] Spikes
|-damage|p1a: Scizor|247\/343|[from] Stealth Rock
|move|p2a: Chansey|Seismic Toss|p1a: Scizor
|-damage|p1a: Scizor|147\/343
|
|turn|19
|
|switch|p2a: Venusaur|Venusaur-Mega, M|364\/364
|-damage|p2a: Venusaur|319\/364|[from] Stealth Rock
|move|p1a: Scizor|Superpower|p2a: Venusaur
|-resisted|p2a: Venusaur
|-damage|p2a: Venusaur|274\/364
|-unboost|p1a: Scizor|atk|1
|-unboost|p1a: Scizor|def|1
|
|turn|20
|
|switch|p1a: Tornadus-Therian|Tornadus-Therian, M|334\/334
|-damage|p1a: Tornadus-Therian|251\/334|[from] Stealth Rock
|move|p2a: Venusaur|Giga Drain|p1a: Tornadus-Therian
|-resisted|p1a: Tornadus-Therian
|-damage|p1a: Tornadus-Therian|212\/334
|-heal|p2a: Venusaur|294\/364|[from] drain|[of] p1a: Tornadus-Therian
|
|turn|21
|
|move|p1a: Tornadus-Therian|Hurricane|p2a: Venusaur
|-supereffective|p2a: Venusaur
|-damage|p2a: Venusaur|0 fnt
|faint|p2a: Venusaur
|
|
|switch|p2a: Bisharp|Bisharp, M|334\/334
|-damage|p2a: Bisharp|314\/334|[from] Stealth Rock
|turn|22
|
|move|p1a: Tornadus-Therian|Focus Blast|p2a: Bisharp|[miss]
|-miss|p1a: Tornadus-Therian|p2a: Bisharp
|move|p2a: Bisharp|Swords Dance|p2a: Bisharp
|-boost|p2a: Bisharp|atk|2
|
|-heal|p2a: Bisharp|334\/334|[from] item: Leftovers
|turn|23
|c|âAlkov|are you serious
|c|âAlkov|i just lost cus of a 70% miss
|
|switch|p1a: Politoed|Politoed, F|220\/383 tox
|-damage|p1a: Politoed|173\/383 tox|[from] Spikes
|-damage|p1a: Politoed|126\/383 tox|[from] Stealth Rock
|-weather|RainDance
|move|p2a: Bisharp|Sucker Punch|p1a: Politoed
|-fail|p1a: Politoed
|
|-weather|RainDance|[upkeep]
|-damage|p1a: Politoed|103\/383 tox|[from] psn
|turn|24
|c|âAlkov|..........
|
|move|p2a: Bisharp|Knock Off|p1a: Politoed
|-damage|p1a: Politoed|0 fnt
|-enditem|p1a: Politoed|Damp Rock|[from] move: Knock Off|[of] p2a: Bisharp
|faint|p1a: Politoed
|
|-weather|RainDance|[upkeep]
|c|âAlkov|what a fucking good player
|
|switch|p1a: Garchomp|Garchomp, F|290\/420 tox
|-damage|p1a: Garchomp|238\/420 tox|[from] Spikes
|-damage|p1a: Garchomp|212\/420 tox|[from] Stealth Rock
|turn|25
|c|âAlkov|winning off someone's 70% miss
|c| i came from leddit|:]
|
|move|p2a: Bisharp|Sucker Punch|p1a: Garchomp
|-damage|p1a: Garchomp|0 fnt
|-damage|p2a: Bisharp|293\/334|[from] ability: Rough Skin|[of] p1a: Garchomp
|-damage|p2a: Bisharp|238\/334|[from] item: Rocky Helmet|[of] p1a: Garchomp
|faint|p1a: Garchomp
|
|-weather|RainDance|[upkeep]
|-heal|p2a: Bisharp|258\/334|[from] item: Leftovers
|c|âAlkov|fucking garbage
|-message|Alkov forfeited.
|
|win|Aka DH
|raw|Ladder updating...
|raw|Alkov's rating: 1479 &rarr; <strong>1463<\/strong><br \/>(-16 for losing)
|raw|Aka DH's rating: 1565 &rarr; <strong>1580<\/strong><br \/>(+15 for winning)
|leave|Alkov
|player|p1
|leave|yuy
|leave|i came from leddit
|c| ampd302|was it that serious lol
|leave|ampd302
|leave|only team testing
|leave|Zenzo