|join|trevor ellis
|join|Cell in a Hell
|player|p1|trevor ellis|112
|player|p2|Cell in a Hell|125
|gametype|singles
|gen|6
|tier|UU
|rated
|rule|Sleep Clause Mod: Limit one foe put to sleep
|rule|Species Clause: Limit one of each PokÃ©mon
|rule|OHKO Clause: OHKO moves are banned
|rule|Moody Clause: Moody is banned
|rule|Evasion Moves Clause: Evasion moves are banned
|rule|Endless Battle Clause: Forcing endless battles is banned
|rule|HP Percentage Mod: HP is shown in percentages
|clearpoke
|poke|p1|Pidgeot, F
|poke|p1|Machamp, F
|poke|p1|Swampert, F
|poke|p1|Forretress, F
|poke|p1|Jirachi
|poke|p1|Raikou
|poke|p2|Sharpedo, M
|poke|p2|Celebi
|poke|p2|Volcarona, M
|poke|p2|Goodra, M
|poke|p2|Gligar, M
|poke|p2|Raikou
|rule|Swagger Clause: Swagger is banned
|rule|Baton Pass Clause: Limit one PokÃ©mon knowing Baton Pass
|teampreview
|
|start
|switch|p1a: Jirachi|Jirachi|341\/341
|switch|p2a: I demand u to cry|Celebi|404\/404
|turn|1
|
|switch|p2a: Raikou|Raikou|321\/321
|-ability|p2a: Raikou|Pressure
|move|p1a: Jirachi|Trick|p2a: Raikou
|-activate|p1a: Jirachi|move: Trick|[of] p2a: Raikou
|-item|p2a: Raikou|Leftovers|[from] move: Trick
|-item|p1a: Jirachi|Expert Belt|[from] move: Trick
|
|turn|2
|
|move|p2a: Raikou|Volt Switch|p1a: Jirachi
|-damage|p1a: Jirachi|227\/341
|
|switch|p2a: Volcarona|Volcarona, M|311\/311
|move|p1a: Jirachi|U-turn|p2a: Volcarona
|-resisted|p2a: Volcarona
|-damage|p2a: Volcarona|259\/311
|-status|p1a: Jirachi|brn
|
|switch|p1a: Machamp|Machamp, F|321\/321
|
|turn|3
|
|switch|p2a: Gligar|Gligar, M|334\/334
|move|p1a: Machamp|Knock Off|p2a: Gligar
|-damage|p2a: Gligar|246\/334
|-enditem|p2a: Gligar|Eviolite|[from] move: Knock Off|[of] p1a: Machamp
|
|turn|4
|
|switch|p1a: Pidgeot|Pidgeot, F|309\/309
|move|p2a: Gligar|U-turn|p1a: Pidgeot
|-resisted|p1a: Pidgeot
|-damage|p1a: Pidgeot|281\/309
|
|switch|p2a: Raikou|Raikou|321\/321
|-ability|p2a: Raikou|Pressure
|
|turn|5
|
|switch|p2a: I demand u to cry|Celebi|404\/404
|switch|p1a: Swampert|Swampert, F|404\/404
|
|turn|6
|
|switch|p1a: Pidgeot|Pidgeot, F|281\/309
|move|p2a: I demand u to cry|Stealth Rock|p1a: Pidgeot
|-sidestart|p1: trevor ellis|move: Stealth Rock
|
|turn|7
|
|switch|p2a: Raikou|Raikou|321\/321
|-ability|p2a: Raikou|Pressure
|detailschange|p1a: Pidgeot|Pidgeot-Mega, F
|message|Pidgeot has Mega Evolved into Mega Pidgeot!
|move|p1a: Pidgeot|Hurricane|p2a: Raikou
|-resisted|p2a: Raikou
|-damage|p2a: Raikou|222\/321
|-start|p2a: Raikou|confusion
|
|-heal|p2a: Raikou|242\/321|[from] item: Leftovers
|turn|8
|
|move|p1a: Pidgeot|U-turn|p2a: Raikou
|-crit|p2a: Raikou
|-damage|p2a: Raikou|160\/321
|
|switch|p1a: Swampert|Swampert, F|404\/404
|-damage|p1a: Swampert|379\/404|[from] Stealth Rock
|-activate|p2a: Raikou|confusion
|move|p2a: Raikou|Thunderbolt|p1a: Swampert
|-immune|p1a: Swampert|[msg]
|
|-heal|p2a: Raikou|180\/321|[from] item: Leftovers
|-heal|p1a: Swampert|404\/404|[from] item: Leftovers
|turn|9
|
|switch|p2a: I demand u to cry|Celebi|404\/404
|move|p1a: Swampert|Stealth Rock|p2a: I demand u to cry
|-sidestart|p2: Cell in a Hell|move: Stealth Rock
|
|turn|10
|
|switch|p1a: Forretress|Forretress, F|354\/354
|-damage|p1a: Forretress|310\/354|[from] Stealth Rock
|move|p2a: I demand u to cry|Nasty Plot|p2a: I demand u to cry
|-boost|p2a: I demand u to cry|spa|2
|
|-heal|p1a: Forretress|332\/354|[from] item: Leftovers
|turn|11
|join|Shit User
|
|move|p2a: I demand u to cry|Nasty Plot|p2a: I demand u to cry
|-boost|p2a: I demand u to cry|spa|2
|move|p1a: Forretress|Rapid Spin|p2a: I demand u to cry
|-damage|p2a: I demand u to cry|389\/404
|-sideend|p1: trevor ellis|Stealth Rock|[from] move: Rapid Spin|[of] p1a: Forretress
|
|-heal|p1a: Forretress|354\/354|[from] item: Leftovers
|turn|12
|
|move|p2a: I demand u to cry|Baton Pass|p2a: I demand u to cry
|
|switch|p2a: Volcarona|Volcarona, M|259\/311
|-damage|p2a: Volcarona|104\/311|[from] Stealth Rock
|move|p1a: Forretress|Volt Switch|p2a: Volcarona
|-damage|p2a: Volcarona|68\/311
|c| Shit User|.
|c| Shit User|why
|c| Shit User|would
|c| Shit User|you
|c| Shit User|ok
|
|switch|p1a: Pidgeot|Pidgeot-Mega, F|281\/309
|
|turn|13
|
|move|p2a: Volcarona|Fiery Dance|p1a: Pidgeot
|-damage|p1a: Pidgeot|0 fnt
|-boost|p2a: Volcarona|spa|1
|faint|p1a: Pidgeot
|
|
|switch|p1a: Swampert|Swampert, F|404\/404
|turn|14
|
|move|p2a: Volcarona|Fiery Dance|p1a: Swampert
|-resisted|p1a: Swampert
|-damage|p1a: Swampert|110\/404
|-boost|p2a: Volcarona|spa|1
|move|p1a: Swampert|Roar|p2a: Volcarona
|drag|p2a: Goodracula|Goodra, M|337\/337
|-damage|p2a: Goodracula|295\/337|[from] Stealth Rock
|
|-heal|p1a: Swampert|135\/404|[from] item: Leftovers
|turn|15
|leave|Shit User
|
|switch|p1a: Forretress|Forretress, F|354\/354
|move|p2a: Goodracula|Earthquake|p1a: Forretress
|-damage|p1a: Forretress|229\/354
|
|-heal|p1a: Forretress|251\/354|[from] item: Leftovers
|turn|16
|
|move|p2a: Goodracula|Earthquake|p1a: Forretress
|-damage|p1a: Forretress|138\/354
|move|p1a: Forretress|Toxic Spikes|p2a: Goodracula
|-sidestart|p2: Cell in a Hell|move: Toxic Spikes
|
|-heal|p1a: Forretress|160\/354|[from] item: Leftovers
|turn|17
|
|switch|p1a: Machamp|Machamp, F|321\/321
|move|p2a: Goodracula|Earthquake|p1a: Machamp
|-damage|p1a: Machamp|137\/321
|
|turn|18
|
|move|p2a: Goodracula|Earthquake|p1a: Machamp
|-damage|p1a: Machamp|0 fnt
|faint|p1a: Machamp
|
|
|switch|p1a: Swampert|Swampert, F|135\/404
|turn|19
|
|move|p2a: Goodracula|Earthquake|p1a: Swampert
|-damage|p1a: Swampert|5\/404
|move|p1a: Swampert|Roar|p2a: Goodracula
|drag|p2a: I demand u to cry|Celebi|389\/404
|-damage|p2a: I demand u to cry|339\/404|[from] Stealth Rock
|-status|p2a: I demand u to cry|psn
|
|-heal|p1a: Swampert|30\/404|[from] item: Leftovers
|-damage|p2a: I demand u to cry|289\/404 psn|[from] psn
|turn|20
|
|switch|p1a: Forretress|Forretress, F|160\/354
|move|p2a: I demand u to cry|Giga Drain|p1a: Forretress
|-resisted|p1a: Forretress
|-damage|p1a: Forretress|140\/354
|-heal|p2a: I demand u to cry|299\/404 psn|[from] drain|[of] p1a: Forretress
|
|-heal|p1a: Forretress|162\/354|[from] item: Leftovers
|-damage|p2a: I demand u to cry|249\/404 psn|[from] psn
|turn|21
|
|switch|p1a: Raikou|Raikou|349\/349
|-ability|p1a: Raikou|Pressure
|move|p2a: I demand u to cry|Baton Pass|p2a: I demand u to cry
|
|switch|p2a: Goodracula|Goodra, M|295\/337
|-damage|p2a: Goodracula|253\/337|[from] Stealth Rock
|-status|p2a: Goodracula|psn
|
|-damage|p2a: Goodracula|211\/337 psn|[from] psn
|turn|22
|
|switch|p1a: Swampert|Swampert, F|30\/404
|move|p2a: Goodracula|Earthquake|p1a: Swampert
|-damage|p1a: Swampert|0 fnt
|faint|p1a: Swampert
|
|-damage|p2a: Goodracula|169\/337 psn|[from] psn
|
|switch|p1a: Jirachi|Jirachi|227\/341 brn
|turn|23
|
|move|p1a: Jirachi|Iron Head|p2a: Goodracula
|-damage|p2a: Goodracula|94\/337 psn
|cant|p2a: Goodracula|flinch
|
|-damage|p1a: Jirachi|185\/341 brn|[from] brn
|-damage|p2a: Goodracula|52\/337 psn|[from] psn
|turn|24
|
|move|p1a: Jirachi|U-turn|p2a: Goodracula
|-damage|p2a: Goodracula|7\/337 psn
|
|switch|p1a: Forretress|Forretress, F|162\/354
|move|p2a: Goodracula|Earthquake|p1a: Forretress
|-damage|p1a: Forretress|49\/354
|
|-heal|p1a: Forretress|71\/354|[from] item: Leftovers
|-damage|p2a: Goodracula|0 fnt|[from] psn
|faint|p2a: Goodracula
|
|switch|p2a: Gligar|Gligar, M|246\/334
|-damage|p2a: Gligar|205\/334|[from] Stealth Rock
|turn|25
|
|switch|p1a: Raikou|Raikou|349\/349
|-ability|p1a: Raikou|Pressure
|move|p2a: Gligar|Defog|p1a: Raikou
|-unboost|p1a: Raikou|evasion|1
|-sideend|p2: Cell in a Hell|Toxic Spikes|[from] move: Defog|[of] p2a: Gligar
|-sideend|p2: Cell in a Hell|Stealth Rock|[from] move: Defog|[of] p2a: Gligar
|
|turn|26
|
|move|p1a: Raikou|Hidden Power|p2a: Gligar
|-supereffective|p2a: Gligar
|-damage|p2a: Gligar|0 fnt
|faint|p2a: Gligar
|
|
|switch|p2a: I demand u to cry|Celebi|249\/404
|turn|27
|
|move|p1a: Raikou|Calm Mind|p1a: Raikou
|-boost|p1a: Raikou|spa|1
|-boost|p1a: Raikou|spd|1
|move|p2a: I demand u to cry|Baton Pass|p2a: I demand u to cry
|
|switch|p2a: Volcarona|Volcarona, M|68\/311
|
|turn|28
|
|move|p2a: Volcarona|Fiery Dance|p1a: Raikou
|-damage|p1a: Raikou|259\/349
|-boost|p2a: Volcarona|spa|1
|move|p1a: Raikou|Calm Mind|p1a: Raikou
|-boost|p1a: Raikou|spa|1
|-boost|p1a: Raikou|spd|1
|
|-heal|p1a: Raikou|280\/349|[from] item: Leftovers
|turn|29
|
|move|p2a: Volcarona|Fiery Dance|p1a: Raikou
|-damage|p1a: Raikou|166\/349
|-boost|p2a: Volcarona|spa|1
|move|p1a: Raikou|Calm Mind|p1a: Raikou
|-boost|p1a: Raikou|spa|1
|-boost|p1a: Raikou|spd|1
|
|-heal|p1a: Raikou|187\/349|[from] item: Leftovers
|turn|30
|
|move|p2a: Volcarona|Fiery Dance|p1a: Raikou
|-damage|p1a: Raikou|75\/349
|-boost|p2a: Volcarona|spa|1
|move|p1a: Raikou|Thunderbolt|p2a: Volcarona
|-damage|p2a: Volcarona|0 fnt
|faint|p2a: Volcarona
|
|-heal|p1a: Raikou|96\/349|[from] item: Leftovers
|
|switch|p2a: Sharpedo|Sharpedo, M|281\/281
|turn|31
|
|move|p2a: Sharpedo|Protect|p2a: Sharpedo
|-singleturn|p2a: Sharpedo|Protect
|move|p1a: Raikou|Thunderbolt|p2a: Sharpedo
|-activate|p2a: Sharpedo|Protect
|
|-heal|p1a: Raikou|117\/349|[from] item: Leftovers
|-boost|p2a: Sharpedo|spe|1|[from] ability: Speed Boost
|turn|32
|-message|trevor ellis forfeited.
|
|win|Cell in a Hell
|raw|Ladder updating...
|leave|trevor ellis
|player|p1
|raw|trevor ellis's rating: 1489 &rarr; <strong>1459<\/strong><br \/>(-30 for losing)
|raw|Cell in a Hell's rating: 1310 &rarr; <strong>1339<\/strong><br \/>(+29 for winning)
|c|âCell in a Hell|sorry for the cancer scarfarona
|c|âCell in a Hell|gg