|join|trevor ellis
|join|mliok
|player|p1|trevor ellis|112
|player|p2|mliok|169
|gametype|singles
|gen|6
|tier|UU
|rated
|rule|Sleep Clause Mod: Limit one foe put to sleep
|rule|Species Clause: Limit one of each PokÃ©mon
|rule|OHKO Clause: OHKO moves are banned
|rule|Moody Clause: Moody is banned
|rule|Evasion Moves Clause: Evasion moves are banned
|rule|Endless Battle Clause: Forcing endless battles is banned
|rule|HP Percentage Mod: HP is shown in percentages
|clearpoke
|poke|p1|Beedrill, F
|poke|p1|Entei, shiny
|poke|p1|Donphan, F
|poke|p1|Celebi
|poke|p1|Yanmega, M
|poke|p1|Jirachi
|poke|p2|Tangrowth, F
|poke|p2|Milotic, M
|poke|p2|Toxicroak, M
|poke|p2|Infernape, M
|poke|p2|Crobat, M
|poke|p2|Ampharos, F, shiny
|rule|Swagger Clause: Swagger is banned
|rule|Baton Pass Clause: Limit one PokÃ©mon knowing Baton Pass
|teampreview
|
|start
|switch|p1a: Beedrill|Beedrill, F|272\/272
|switch|p2a: Infernape|Infernape, M|293\/293
|turn|1
|
|detailschange|p1a: Beedrill|Beedrill-Mega, F
|message|Beedrill has Mega Evolved into Mega Beedrill!
|move|p1a: Beedrill|Protect|p1a: Beedrill
|-singleturn|p1a: Beedrill|Protect
|move|p2a: Infernape|Fire Blast|p1a: Beedrill
|-activate|p1a: Beedrill|Protect
|
|turn|2
|
|switch|p1a: Entei|Entei, shiny|372\/372
|-ability|p1a: Entei|Pressure
|move|p2a: Infernape|Stealth Rock|p1a: Entei
|-sidestart|p1: trevor ellis|move: Stealth Rock
|
|turn|3
|
|switch|p2a: Milotic|Milotic, M|394\/394
|move|p1a: Entei|Bulldoze|p2a: Milotic
|-damage|p2a: Milotic|272\/394
|-unboost|p2a: Milotic|spe|1
|
|-heal|p2a: Milotic|296\/394|[from] item: Leftovers
|turn|4
|
|switch|p1a: Celebi|Celebi|404\/404
|-damage|p1a: Celebi|354\/404|[from] Stealth Rock
|move|p2a: Milotic|Toxic|p1a: Celebi
|-status|p1a: Celebi|tox
|
|-heal|p2a: Milotic|320\/394|[from] item: Leftovers
|-damage|p1a: Celebi|329\/404 tox|[from] psn
|turn|5
|
|switch|p2a: Crobat|Crobat, M|373\/373
|move|p1a: Celebi|Baton Pass|p1a: Celebi
|
|switch|p1a: Donphan|Donphan, F|384\/384
|-damage|p1a: Donphan|360\/384|[from] Stealth Rock
|
|-heal|p1a: Donphan|384\/384|[from] item: Leftovers
|turn|6
|
|move|p2a: Crobat|Toxic|p1a: Donphan
|-status|p1a: Donphan|tox
|move|p1a: Donphan|Rapid Spin|p2a: Crobat
|-damage|p2a: Crobat|350\/373
|-sideend|p1: trevor ellis|Stealth Rock|[from] move: Rapid Spin|[of] p1a: Donphan
|
|-heal|p2a: Crobat|373\/373|[from] item: Black Sludge
|-damage|p1a: Donphan|360\/384 tox|[from] psn
|turn|7
|
|switch|p2a: Infernape|Infernape, M|293\/293
|move|p1a: Donphan|Knock Off|p2a: Infernape
|-crit|p2a: Infernape
|-resisted|p2a: Infernape
|-damage|p2a: Infernape|197\/293
|-enditem|p2a: Infernape|Focus Sash|[from] move: Knock Off|[of] p1a: Donphan
|
|-heal|p1a: Donphan|384\/384 tox|[from] item: Leftovers
|-damage|p1a: Donphan|336\/384 tox|[from] psn
|turn|8
|
|move|p2a: Infernape|Grass Knot|p1a: Donphan
|-supereffective|p1a: Donphan
|-damage|p1a: Donphan|50\/384 tox
|move|p1a: Donphan|Stealth Rock|p2a: Infernape
|-sidestart|p2: mliok|move: Stealth Rock
|
|-heal|p1a: Donphan|74\/384 tox|[from] item: Leftovers
|-damage|p1a: Donphan|2\/384 tox|[from] psn
|turn|9
|
|move|p2a: Infernape|Grass Knot|p1a: Donphan
|-crit|p1a: Donphan
|-supereffective|p1a: Donphan
|-damage|p1a: Donphan|0 fnt
|faint|p1a: Donphan
|
|
|switch|p1a: Beedrill|Beedrill-Mega, F|272\/272
|turn|10
|
|switch|p2a: Crobat|Crobat, M|373\/373
|-damage|p2a: Crobat|280\/373|[from] Stealth Rock
|move|p1a: Beedrill|Poison Jab|p2a: Crobat
|-resisted|p2a: Crobat
|-damage|p2a: Crobat|149\/373
|
|-heal|p2a: Crobat|172\/373|[from] item: Black Sludge
|turn|11
|
|move|p1a: Beedrill|U-turn|p2a: Crobat
|-resisted|p2a: Crobat
|-damage|p2a: Crobat|118\/373
|
|switch|p1a: Jirachi|Jirachi|341\/341
|move|p2a: Crobat|Defog|p1a: Jirachi
|-unboost|p1a: Jirachi|evasion|1
|-sideend|p2: mliok|Stealth Rock|[from] move: Defog|[of] p2a: Crobat
|
|-heal|p2a: Crobat|141\/373|[from] item: Black Sludge
|turn|12
|
|switch|p2a: Ampharos|Ampharos, F, shiny|384\/384
|move|p1a: Jirachi|U-turn|p2a: Ampharos
|-damage|p2a: Ampharos|329\/384
|
|switch|p1a: Beedrill|Beedrill-Mega, F|272\/272
|
|turn|13
|
|detailschange|p2a: Ampharos|Ampharos-Mega, F, shiny
|message|Ampharos has Mega Evolved into Mega Ampharos!
|-ability|p2a: Ampharos|Mold Breaker
|move|p1a: Beedrill|U-turn|p2a: Ampharos
|-damage|p2a: Ampharos|207\/384
|
|switch|p1a: Jirachi|Jirachi|341\/341
|move|p2a: Ampharos|Volt Switch|p1a: Jirachi
|-damage|p1a: Jirachi|218\/341
|
|switch|p2a: Infernape|Infernape, M|197\/293
|
|turn|14
|
|switch|p2a: Ampharos|Ampharos-Mega, F, shiny|207\/384
|-ability|p2a: Ampharos|Mold Breaker
|move|p1a: Jirachi|Iron Head|p2a: Ampharos
|-resisted|p2a: Ampharos
|-damage|p2a: Ampharos|163\/384
|
|turn|15
|
|switch|p1a: Entei|Entei, shiny|372\/372
|-ability|p1a: Entei|Pressure
|move|p2a: Ampharos|Rest|p2a: Ampharos
|-status|p2a: Ampharos|slp
|-heal|p2a: Ampharos|384\/384 slp|[silent]
|-status|p2a: Ampharos|slp|[from] move: Rest
|
|turn|16
|
|switch|p2a: Crobat|Crobat, M|141\/373
|move|p1a: Entei|Bulldoze|p2a: Crobat
|-immune|p2a: Crobat|[msg]
|
|-heal|p2a: Crobat|164\/373|[from] item: Black Sludge
|turn|17
|
|switch|p1a: Jirachi|Jirachi|218\/341
|move|p2a: Crobat|Roost|p2a: Crobat
|-heal|p2a: Crobat|351\/373
|
|-heal|p2a: Crobat|373\/373|[from] item: Black Sludge
|turn|18
|
|move|p1a: Jirachi|U-turn|p2a: Crobat
|-resisted|p2a: Crobat
|-damage|p2a: Crobat|354\/373
|
|switch|p1a: Entei|Entei, shiny|372\/372
|-ability|p1a: Entei|Pressure
|move|p2a: Crobat|Toxic|p1a: Entei
|-status|p1a: Entei|tox
|
|-heal|p2a: Crobat|373\/373|[from] item: Black Sludge
|-damage|p1a: Entei|349\/372 tox|[from] psn
|turn|19
|
|switch|p2a: Ampharos|Ampharos-Mega, F, shiny|384\/384 slp
|-ability|p2a: Ampharos|Mold Breaker
|move|p1a: Entei|Stone Edge|p2a: Ampharos
|-damage|p2a: Ampharos|262\/384 slp
|
|-damage|p1a: Entei|303\/372 tox|[from] psn
|turn|20
|
|switch|p1a: Beedrill|Beedrill-Mega, F|272\/272
|cant|p2a: Ampharos|slp
|move|p2a: Ampharos|Sleep Talk|p2a: Ampharos
|move|p2a: Ampharos|Dragon Pulse|p1a: Beedrill|[from]Sleep Talk
|-damage|p1a: Beedrill|73\/272
|
|turn|21
|
|switch|p2a: Crobat|Crobat, M|373\/373
|move|p1a: Beedrill|U-turn|p2a: Crobat
|-resisted|p2a: Crobat
|-damage|p2a: Crobat|318\/373
|
|switch|p1a: Jirachi|Jirachi|218\/341
|
|-heal|p2a: Crobat|341\/373|[from] item: Black Sludge
|turn|22
|
|switch|p2a: Ampharos|Ampharos-Mega, F, shiny|262\/384 slp
|-ability|p2a: Ampharos|Mold Breaker
|move|p1a: Jirachi|Iron Head|p2a: Ampharos
|-resisted|p2a: Ampharos
|-damage|p2a: Ampharos|223\/384 slp
|
|turn|23
|
|switch|p1a: Celebi|Celebi|329\/404
|cant|p2a: Ampharos|slp
|move|p2a: Ampharos|Sleep Talk|p2a: Ampharos
|move|p2a: Ampharos|Rest|p2a: Ampharos|[from]Sleep Talk
|-fail|p2a: Ampharos
|
|turn|24
|
|move|p1a: Celebi|Baton Pass|p1a: Celebi
|
|switch|p1a: Entei|Entei, shiny|303\/372 tox
|-ability|p1a: Entei|Pressure
|-curestatus|p2a: Ampharos|slp
|move|p2a: Ampharos|Volt Switch|p1a: Entei
|-damage|p1a: Entei|140\/372 tox
|
|switch|p2a: Milotic|Milotic, M|320\/394
|
|-heal|p2a: Milotic|344\/394|[from] item: Leftovers
|-damage|p1a: Entei|117\/372 tox|[from] psn
|turn|25
|
|move|p1a: Entei|Sacred Fire|p2a: Milotic
|-resisted|p2a: Milotic
|-damage|p2a: Milotic|188\/394
|-status|p2a: Milotic|brn
|move|p2a: Milotic|Recover|p2a: Milotic
|-heal|p2a: Milotic|385\/394 brn
|
|-heal|p2a: Milotic|394\/394 brn|[from] item: Leftovers
|-damage|p1a: Entei|71\/372 tox|[from] psn
|-damage|p2a: Milotic|345\/394 brn|[from] brn
|turn|26
|
|switch|p1a: Celebi|Celebi|329\/404
|switch|p2a: Ampharos|Ampharos-Mega, F, shiny|223\/384
|-ability|p2a: Ampharos|Mold Breaker
|
|turn|27
|
|move|p1a: Celebi|Nasty Plot|p1a: Celebi
|-boost|p1a: Celebi|spa|2
|move|p2a: Ampharos|Volt Switch|p1a: Celebi
|-resisted|p1a: Celebi
|-damage|p1a: Celebi|263\/404
|
|switch|p2a: Toxicroak|Toxicroak, M|307\/307
|
|turn|28
|
|move|p2a: Toxicroak|Gunk Shot|p1a: Celebi
|-supereffective|p1a: Celebi
|-damage|p1a: Celebi|0 fnt
|-damage|p2a: Toxicroak|277\/307|[from] item: Life Orb
|faint|p1a: Celebi
|
|
|switch|p1a: Yanmega|Yanmega, M|349\/349
|turn|29
|
|switch|p2a: Tangrowth|Tangrowth, F|404\/404
|move|p1a: Yanmega|Air Slash|p2a: Tangrowth
|-supereffective|p2a: Tangrowth
|-damage|p2a: Tangrowth|50\/404
|
|-boost|p1a: Yanmega|spe|1|[from] ability: Speed Boost
|turn|30
|
|move|p1a: Yanmega|Bug Buzz|p2a: Tangrowth
|-supereffective|p2a: Tangrowth
|-damage|p2a: Tangrowth|0 fnt
|faint|p2a: Tangrowth
|
|-boost|p1a: Yanmega|spe|1|[from] ability: Speed Boost
|
|switch|p2a: Milotic|Milotic, M|345\/394 brn
|turn|31
|
|move|p1a: Yanmega|Bug Buzz|p2a: Milotic
|-damage|p2a: Milotic|267\/394 brn
|-unboost|p2a: Milotic|spd|1
|move|p2a: Milotic|Scald|p1a: Yanmega
|-damage|p1a: Yanmega|202\/349
|
|-heal|p2a: Milotic|291\/394 brn|[from] item: Leftovers
|-damage|p2a: Milotic|242\/394 brn|[from] brn
|-boost|p1a: Yanmega|spe|1|[from] ability: Speed Boost
|turn|32
|
|move|p1a: Yanmega|Bug Buzz|p2a: Milotic
|-damage|p2a: Milotic|119\/394 brn
|move|p2a: Milotic|Mirror Coat|p1a: Yanmega
|-damage|p1a: Yanmega|0 fnt
|faint|p1a: Yanmega
|
|-heal|p2a: Milotic|143\/394 brn|[from] item: Leftovers
|-damage|p2a: Milotic|94\/394 brn|[from] brn
|
|switch|p1a: Beedrill|Beedrill-Mega, F|73\/272
|turn|33
|
|move|p1a: Beedrill|U-turn|p2a: Milotic
|-damage|p2a: Milotic|0 fnt
|faint|p2a: Milotic
|
|switch|p1a: Entei|Entei, shiny|71\/372 tox
|-ability|p1a: Entei|Pressure
|
|-damage|p1a: Entei|48\/372 tox|[from] psn
|
|switch|p2a: Infernape|Infernape, M|197\/293
|turn|34
|
|move|p1a: Entei|Extreme Speed|p2a: Infernape
|-damage|p2a: Infernape|0 fnt
|faint|p2a: Infernape
|
|-damage|p1a: Entei|2\/372 tox|[from] psn
|
|switch|p2a: Ampharos|Ampharos-Mega, F, shiny|223\/384
|-ability|p2a: Ampharos|Mold Breaker
|turn|35
|
|switch|p1a: Beedrill|Beedrill-Mega, F|73\/272
|move|p2a: Ampharos|Rest|p2a: Ampharos
|-status|p2a: Ampharos|slp
|-heal|p2a: Ampharos|384\/384 slp|[silent]
|-status|p2a: Ampharos|slp|[from] move: Rest
|
|turn|36
|
|switch|p2a: Crobat|Crobat, M|341\/373
|move|p1a: Beedrill|U-turn|p2a: Crobat
|-resisted|p2a: Crobat
|-damage|p2a: Crobat|286\/373
|
|switch|p1a: Jirachi|Jirachi|218\/341
|
|-heal|p2a: Crobat|309\/373|[from] item: Black Sludge
|turn|37
|
|switch|p2a: Ampharos|Ampharos-Mega, F, shiny|384\/384 slp
|-ability|p2a: Ampharos|Mold Breaker
|move|p1a: Jirachi|U-turn|p2a: Ampharos
|-crit|p2a: Ampharos
|-damage|p2a: Ampharos|309\/384 slp
|
|switch|p1a: Beedrill|Beedrill-Mega, F|73\/272
|
|turn|38
|
|move|p1a: Beedrill|Poison Jab|p2a: Ampharos
|-damage|p2a: Ampharos|157\/384 slp
|cant|p2a: Ampharos|slp
|move|p2a: Ampharos|Sleep Talk|p2a: Ampharos
|move|p2a: Ampharos|Dragon Pulse|p1a: Beedrill|[from]Sleep Talk
|-damage|p1a: Beedrill|0 fnt
|faint|p1a: Beedrill
|
|
|switch|p1a: Jirachi|Jirachi|218\/341
|turn|39
|
|move|p1a: Jirachi|Healing Wish|p1a: Jirachi
|faint|p1a: Jirachi
|cant|p2a: Ampharos|slp
|move|p2a: Ampharos|Sleep Talk|p2a: Ampharos
|move|p2a: Ampharos|Rest|p2a: Ampharos|[from]Sleep Talk
|-fail|p2a: Ampharos
|
|
|switch|p1a: Entei|Entei, shiny|2\/372 tox
|-heal|p1a: Entei|372\/372|[from] move: Healing Wish
|-ability|p1a: Entei|Pressure
|turn|40
|
|move|p1a: Entei|Sacred Fire|p2a: Ampharos
|-resisted|p2a: Ampharos
|-damage|p2a: Ampharos|65\/384 slp
|-curestatus|p2a: Ampharos|slp
|move|p2a: Ampharos|Rest|p2a: Ampharos
|-status|p2a: Ampharos|slp
|-heal|p2a: Ampharos|384\/384 slp|[silent]
|-status|p2a: Ampharos|slp|[from] move: Rest
|
|turn|41
|-message|trevor ellis forfeited.
|
|win|mliok
|raw|Ladder updating...
|leave|trevor ellis
|player|p1
|raw|trevor ellis's rating: 1520 &rarr; <strong>1490<\/strong><br \/>(-30 for losing)
|raw|mliok's rating: 1328 &rarr; <strong>1358<\/strong><br \/>(+30 for winning)