|join|trevor ellis
|join|dodmen
|player|p1|trevor ellis|266
|player|p2|dodmen|171
|gametype|singles
|gen|6
|tier|UU
|rated
|rule|Sleep Clause Mod: Limit one foe put to sleep
|rule|Species Clause: Limit one of each PokÃ©mon
|rule|OHKO Clause: OHKO moves are banned
|rule|Moody Clause: Moody is banned
|rule|Evasion Moves Clause: Evasion moves are banned
|rule|Endless Battle Clause: Forcing endless battles is banned
|rule|HP Percentage Mod: HP is shown in percentages
|clearpoke
|poke|p1|Togekiss, M
|poke|p1|Raikou
|poke|p1|Empoleon, F
|poke|p1|Infernape, M
|poke|p1|Beedrill, M
|poke|p1|Ditto
|poke|p2|Slowking, F
|poke|p2|Diancie
|poke|p2|Cofagrigus, M
|poke|p2|Rhyperior, M
|poke|p2|Escavalier, F
|poke|p2|Omastar, F
|rule|Swagger Clause: Swagger is banned
|rule|Baton Pass Clause: Limit one PokÃ©mon knowing Baton Pass
|teampreview
|
|start
|switch|p1a: Beedrill|Beedrill, M|272\/272
|switch|p2a: SMASHING"|Omastar, F|281\/281
|turn|1
|
|detailschange|p1a: Beedrill|Beedrill-Mega, M
|message|Beedrill has Mega Evolved into Mega Beedrill!
|move|p1a: Beedrill|U-turn|p2a: SMASHING"
|-damage|p2a: SMASHING"|125\/281
|-boost|p2a: SMASHING"|spe|1|[from] ability: Weak Armor
|-unboost|p2a: SMASHING"|def|1|[from] ability: Weak Armor
|
|switch|p1a: Empoleon|Empoleon, F|369\/369
|move|p2a: SMASHING"|Stealth Rock|p1a: Empoleon
|-sidestart|p1: trevor ellis|move: Stealth Rock
|
|turn|2
|
|switch|p2a: KNOCK OFF"|Slowking, F|394\/394
|move|p1a: Empoleon|Defog|p2a: KNOCK OFF"
|-unboost|p2a: KNOCK OFF"|evasion|1
|-sideend|p1: trevor ellis|Stealth Rock|[from] move: Defog|[of] p1a: Empoleon
|
|turn|3
|
|move|p1a: Empoleon|Stealth Rock|p2a: KNOCK OFF"
|-sidestart|p2: dodmen|move: Stealth Rock
|move|p2a: KNOCK OFF"|Scald|p1a: Empoleon
|-resisted|p1a: Empoleon
|-damage|p1a: Empoleon|300\/369
|
|-heal|p1a: Empoleon|323\/369|[from] item: Leftovers
|turn|4
|
|switch|p1a: Raikou|Raikou|349\/349
|-ability|p1a: Raikou|Pressure
|move|p2a: KNOCK OFF"|Trick Room|p2a: KNOCK OFF"
|-fieldstart|move: Trick Room|[of] p2a: KNOCK OFF"
|
|turn|5
|
|switch|p2a: COUNTER"|Rhyperior, M|434\/434
|-damage|p2a: COUNTER"|407\/434|[from] Stealth Rock
|move|p1a: Raikou|Hidden Power|p2a: COUNTER"
|-supereffective|p2a: COUNTER"
|-damage|p2a: COUNTER"|250\/434
|
|turn|6
|
|switch|p1a: Togekiss|Togekiss, M|369\/369
|move|p2a: COUNTER"|Stone Edge|p1a: Togekiss
|-supereffective|p1a: Togekiss
|-damage|p1a: Togekiss|0 fnt
|-damage|p2a: COUNTER"|207\/434|[from] item: Life Orb
|faint|p1a: Togekiss
|
|
|switch|p1a: Beedrill|Beedrill-Mega, M|272\/272
|turn|7
|
|move|p1a: Beedrill|Protect|p1a: Beedrill
|-singleturn|p1a: Beedrill|Protect
|move|p2a: COUNTER"|Earthquake|p1a: Beedrill
|-activate|p1a: Beedrill|Protect
|
|turn|8
|
|switch|p1a: Ditto|Ditto|299\/299
|-transform|p1a: Ditto|p2a: COUNTER"
|move|p2a: COUNTER"|Earthquake|p1a: Ditto
|-crit|p1a: Ditto
|-supereffective|p1a: Ditto
|-damage|p1a: Ditto|0 fnt
|-damage|p2a: COUNTER"|164\/434|[from] item: Life Orb
|faint|p1a: Ditto
|
|-fieldend|move: Trick Room
|
|switch|p1a: Empoleon|Empoleon, F|323\/369
|turn|9
|
|switch|p2a: KNOCK OFF"|Slowking, F|394\/394
|-damage|p2a: KNOCK OFF"|345\/394|[from] Stealth Rock
|move|p1a: Empoleon|Scald|p2a: KNOCK OFF"
|-resisted|p2a: KNOCK OFF"
|-damage|p2a: KNOCK OFF"|277\/394
|
|-heal|p1a: Empoleon|346\/369|[from] item: Leftovers
|turn|10
|
|switch|p1a: Beedrill|Beedrill-Mega, M|272\/272
|move|p2a: KNOCK OFF"|Scald|p1a: Beedrill
|-damage|p1a: Beedrill|109\/272
|-status|p1a: Beedrill|brn
|
|-damage|p1a: Beedrill|75\/272 brn|[from] brn
|turn|11
|
|move|p1a: Beedrill|U-turn|p2a: KNOCK OFF"
|-supereffective|p2a: KNOCK OFF"
|-damage|p2a: KNOCK OFF"|37\/394
|
|switch|p1a: Raikou|Raikou|349\/349
|-ability|p1a: Raikou|Pressure
|move|p2a: KNOCK OFF"|Trick Room|p2a: KNOCK OFF"
|-fieldstart|move: Trick Room|[of] p2a: KNOCK OFF"
|
|turn|12
|
|switch|p1a: Empoleon|Empoleon, F|346\/369
|move|p2a: KNOCK OFF"|Scald|p1a: Empoleon
|-resisted|p1a: Empoleon
|-damage|p1a: Empoleon|279\/369
|-status|p1a: Empoleon|brn
|
|-heal|p1a: Empoleon|302\/369 brn|[from] item: Leftovers
|-damage|p1a: Empoleon|256\/369 brn|[from] brn
|turn|13
|
|switch|p2a: SMASHING"|Omastar, F|125\/281
|-damage|p2a: SMASHING"|90\/281|[from] Stealth Rock
|move|p1a: Empoleon|Stealth Rock|p2a: SMASHING"
|-fail|p2a: SMASHING"
|
|-heal|p1a: Empoleon|279\/369 brn|[from] item: Leftovers
|-damage|p1a: Empoleon|233\/369 brn|[from] brn
|turn|14
|
|move|p1a: Empoleon|Scald|p2a: SMASHING"
|-damage|p2a: SMASHING"|0 fnt
|faint|p2a: SMASHING"
|
|-heal|p1a: Empoleon|256\/369 brn|[from] item: Leftovers
|-damage|p1a: Empoleon|210\/369 brn|[from] brn
|
|switch|p2a: COUNTER"|Rhyperior, M|164\/434
|-damage|p2a: COUNTER"|137\/434|[from] Stealth Rock
|turn|15
|
|switch|p1a: Beedrill|Beedrill-Mega, M|75\/272 brn
|move|p2a: COUNTER"|Earthquake|p1a: Beedrill
|-crit|p1a: Beedrill
|-damage|p1a: Beedrill|0 fnt
|-damage|p2a: COUNTER"|94\/434|[from] item: Life Orb
|faint|p1a: Beedrill
|
|-fieldend|move: Trick Room
|
|switch|p1a: Raikou|Raikou|349\/349
|-ability|p1a: Raikou|Pressure
|turn|16
|
|move|p1a: Raikou|Hidden Power|p2a: COUNTER"
|-supereffective|p2a: COUNTER"
|-damage|p2a: COUNTER"|0 fnt
|faint|p2a: COUNTER"
|
|
|switch|p2a: OFFENSE"|Diancie|241\/241
|-damage|p2a: OFFENSE"|211\/241|[from] Stealth Rock
|turn|17
|
|move|p1a: Raikou|Calm Mind|p1a: Raikou
|-boost|p1a: Raikou|spa|1
|-boost|p1a: Raikou|spd|1
|move|p2a: OFFENSE"|Trick Room|p2a: OFFENSE"
|-fieldstart|move: Trick Room|[of] p2a: OFFENSE"
|
|turn|18
|
|move|p2a: OFFENSE"|Diamond Storm|p1a: Raikou
|-damage|p1a: Raikou|92\/349
|-boost|p2a: OFFENSE"|def|1
|-damage|p2a: OFFENSE"|187\/241|[from] item: Life Orb
|move|p1a: Raikou|Thunderbolt|p2a: OFFENSE"
|-damage|p2a: OFFENSE"|49\/241
|
|-heal|p1a: Raikou|113\/349|[from] item: Leftovers
|turn|19
|
|switch|p1a: Infernape|Infernape, M|293\/293
|move|p2a: OFFENSE"|Diamond Storm|p1a: Infernape
|-damage|p1a: Infernape|4\/293
|-damage|p2a: OFFENSE"|25\/241|[from] item: Life Orb
|
|turn|20
|
|move|p2a: OFFENSE"|Moonblast|p1a: Infernape
|-damage|p1a: Infernape|0 fnt
|-damage|p2a: OFFENSE"|1\/241|[from] item: Life Orb
|faint|p1a: Infernape
|
|
|switch|p1a: Raikou|Raikou|113\/349
|-ability|p1a: Raikou|Pressure
|turn|21
|
|move|p2a: OFFENSE"|Explosion|p1a: Raikou
|-damage|p1a: Raikou|0 fnt
|faint|p2a: OFFENSE"
|faint|p1a: Raikou
|
|-fieldend|move: Trick Room
|
|switch|p2a: FORRETRESS"|Cofagrigus, M|320\/320
|switch|p1a: Empoleon|Empoleon, F|210\/369 brn
|-damage|p2a: FORRETRESS"|280\/320|[from] Stealth Rock
|turn|22
|
|move|p1a: Empoleon|Scald|p2a: FORRETRESS"
|-damage|p2a: FORRETRESS"|133\/320
|move|p2a: FORRETRESS"|Shadow Ball|p1a: Empoleon
|-damage|p1a: Empoleon|75\/369 brn
|
|-heal|p1a: Empoleon|98\/369 brn|[from] item: Leftovers
|-heal|p2a: FORRETRESS"|153\/320|[from] item: Leftovers
|-damage|p1a: Empoleon|52\/369 brn|[from] brn
|turn|23
|
|move|p1a: Empoleon|Scald|p2a: FORRETRESS"
|-damage|p2a: FORRETRESS"|0 fnt
|faint|p2a: FORRETRESS"
|
|-heal|p1a: Empoleon|75\/369 brn|[from] item: Leftovers
|-damage|p1a: Empoleon|29\/369 brn|[from] brn
|
|switch|p2a: KNOCK OFF"|Slowking, F|168\/394
|-damage|p2a: KNOCK OFF"|119\/394|[from] Stealth Rock
|turn|24
|
|switch|p2a: RESIST"|Escavalier, F|344\/344
|-damage|p2a: RESIST"|301\/344|[from] Stealth Rock
|move|p1a: Empoleon|Grass Knot|p2a: RESIST"
|-resisted|p2a: RESIST"
|-damage|p2a: RESIST"|285\/344
|
|-heal|p1a: Empoleon|52\/369 brn|[from] item: Leftovers
|-damage|p1a: Empoleon|6\/369 brn|[from] brn
|turn|25
|
|move|p1a: Empoleon|Scald|p2a: RESIST"
|-damage|p2a: RESIST"|89\/344
|move|p2a: RESIST"|Knock Off|p1a: Empoleon
|-damage|p1a: Empoleon|0 fnt
|-enditem|p1a: Empoleon|Leftovers|[from] move: Knock Off|[of] p2a: RESIST"
|faint|p1a: Empoleon
|
|win|dodmen
|raw|Ladder updating...
|c|âtrevor ellis|gg
|raw|trevor ellis's rating: 1478 &rarr; <strong>1453<\/strong><br \/>(-25 for losing)
|raw|dodmen's rating: 1382 &rarr; <strong>1407<\/strong><br \/>(+25 for winning)
|c|âdodmen|gg