|join|trevor ellis
|join|xShiba
|player|p1|trevor ellis|112
|player|p2|xShiba|170
|gametype|singles
|gen|6
|tier|UU
|rule|Sleep Clause Mod: Limit one foe put to sleep
|rule|Species Clause: Limit one of each PokÃ©mon
|rule|OHKO Clause: OHKO moves are banned
|rule|Moody Clause: Moody is banned
|rule|Evasion Moves Clause: Evasion moves are banned
|rule|Endless Battle Clause: Forcing endless battles is banned
|rule|HP Percentage Mod: HP is shown in percentages
|clearpoke
|poke|p1|Shuckle, M
|poke|p1|Blastoise, F
|poke|p1|Machamp, F
|poke|p1|Jirachi
|poke|p1|Kingdra, F
|poke|p1|Doublade, F
|poke|p2|Honchkrow, M, shiny
|poke|p2|Florges, F, shiny
|poke|p2|Shaymin, shiny
|poke|p2|Mienshao, M
|poke|p2|Forretress, M
|poke|p2|Alakazam, M, shiny
|rule|Swagger Clause: Swagger is banned
|rule|Baton Pass Clause: Limit one PokÃ©mon knowing Baton Pass
|teampreview
|join|BIG SCHLONG MCDONG
|join|Dudeman130498
|
|start
|switch|p1a: Shuckle|Shuckle, M|244\/244
|switch|p2a: Floppy The God|Mienshao, M|271\/271
|turn|1
|join|beffalo
|
|move|p2a: Floppy The God|U-turn|p1a: Shuckle
|-crit|p1a: Shuckle
|-damage|p1a: Shuckle|196\/244
|
|switch|p2a: Spoon'D|Alakazam, M, shiny|252\/252
|move|p1a: Shuckle|Sticky Web|p2a: Spoon'D
|-sidestart|p2: xShiba|move: Sticky Web
|
|turn|2
|
|detailschange|p2a: Spoon'D|Alakazam-Mega, M, shiny
|message|Alakazam has Mega Evolved into Mega Alakazam!
|-ability|p2a: Spoon'D|Sturdy|[from] ability: Trace|[of] p1a: Shuckle
|move|p2a: Spoon'D|Calm Mind|p2a: Spoon'D
|-boost|p2a: Spoon'D|spa|1
|-boost|p2a: Spoon'D|spd|1
|move|p1a: Shuckle|Knock Off|p2a: Spoon'D
|-supereffective|p2a: Spoon'D
|-damage|p2a: Spoon'D|214\/252
|
|turn|3
|
|move|p2a: Spoon'D|Calm Mind|p2a: Spoon'D
|-boost|p2a: Spoon'D|spa|1
|-boost|p2a: Spoon'D|spd|1
|move|p1a: Shuckle|Encore|p2a: Spoon'D
|-start|p2a: Spoon'D|Encore
|
|turn|4
|c| Dudeman130498|>
|c|âxShiba|Sheeeit
|
|move|p2a: Spoon'D|Calm Mind|p2a: Spoon'D
|-boost|p2a: Spoon'D|spa|1
|-boost|p2a: Spoon'D|spd|1
|move|p1a: Shuckle|Stealth Rock|p2a: Spoon'D
|-sidestart|p2: xShiba|move: Stealth Rock
|
|turn|5
|
|switch|p1a: Jirachi|Jirachi|341\/341
|move|p2a: Spoon'D|Calm Mind|p2a: Spoon'D
|-boost|p2a: Spoon'D|spa|1
|-boost|p2a: Spoon'D|spd|1
|
|turn|6
|join|derpahsaurus rex
|
|move|p1a: Jirachi|U-turn|p2a: Spoon'D
|-supereffective|p2a: Spoon'D
|-damage|p2a: Spoon'D|20\/252
|
|switch|p1a: Doublade|Doublade, F|322\/322
|move|p2a: Spoon'D|Calm Mind|p2a: Spoon'D
|-boost|p2a: Spoon'D|spa|1
|-boost|p2a: Spoon'D|spd|1
|
|-end|p2a: Spoon'D|Encore
|turn|7
|leave|Dudeman130498
|
|move|p1a: Doublade|Shadow Sneak|p2a: Spoon'D
|-crit|p2a: Spoon'D
|-supereffective|p2a: Spoon'D
|-damage|p2a: Spoon'D|0 fnt
|faint|p2a: Spoon'D
|
|
|switch|p2a: Paul|Forretress, M|354\/354
|-damage|p2a: Paul|310\/354|[from] Stealth Rock
|-activate|p2a: Paul|move: Sticky Web
|-unboost|p2a: Paul|spe|1
|turn|8
|join|plini
|
|move|p1a: Doublade|Swords Dance|p1a: Doublade
|-boost|p1a: Doublade|atk|2
|move|p2a: Paul|Toxic Spikes|p1a: Doublade
|-sidestart|p1: trevor ellis|move: Toxic Spikes
|
|turn|9
|
|move|p1a: Doublade|Swords Dance|p1a: Doublade
|-boost|p1a: Doublade|atk|2
|move|p2a: Paul|Stealth Rock|p1a: Doublade
|-sidestart|p1: trevor ellis|move: Stealth Rock
|
|turn|10
|
|move|p1a: Doublade|Swords Dance|p1a: Doublade
|-boost|p1a: Doublade|atk|2
|move|p2a: Paul|Toxic Spikes|p1a: Doublade
|-sidestart|p1: trevor ellis|move: Toxic Spikes
|
|turn|11
|
|move|p1a: Doublade|Sacred Sword|p2a: Paul
|-damage|p2a: Paul|72\/354
|-damage|p1a: Doublade|269\/322|[from] item: Rocky Helmet|[of] p2a: Paul
|move|p2a: Paul|Gyro Ball|p1a: Doublade
|-resisted|p1a: Doublade
|-damage|p1a: Doublade|254\/322
|
|turn|12
|
|move|p1a: Doublade|Shadow Sneak|p2a: Paul
|-damage|p2a: Paul|0 fnt
|-damage|p1a: Doublade|201\/322|[from] item: Rocky Helmet|[of] p2a: Paul
|faint|p2a: Paul
|
|leave|derpahsaurus rex
|
|switch|p2a: P1mp Krow|Honchkrow, M, shiny|341\/341
|-damage|p2a: P1mp Krow|256\/341|[from] Stealth Rock
|turn|13
|
|move|p2a: P1mp Krow|Sucker Punch|p1a: Doublade
|-fail|p1a: Doublade
|move|p1a: Doublade|Swords Dance|p1a: Doublade
|-fail|p1a: Doublade
|
|turn|14
|
|move|p2a: P1mp Krow|Sucker Punch|p1a: Doublade
|-fail|p1a: Doublade
|move|p1a: Doublade|Swords Dance|p1a: Doublade
|-fail|p1a: Doublade
|
|turn|15
|
|move|p2a: P1mp Krow|Sucker Punch|p1a: Doublade
|-fail|p1a: Doublade
|move|p1a: Doublade|Swords Dance|p1a: Doublade
|-fail|p1a: Doublade
|
|turn|16
|
|move|p2a: P1mp Krow|Brave Bird|p1a: Doublade
|-crit|p1a: Doublade
|-resisted|p1a: Doublade
|-damage|p1a: Doublade|93\/322
|-damage|p2a: P1mp Krow|220\/341|[from] recoil|[of] p1a: Doublade
|-damage|p2a: P1mp Krow|186\/341|[from] item: Life Orb
|move|p1a: Doublade|Swords Dance|p1a: Doublade
|-fail|p1a: Doublade
|
|turn|17
|
|move|p2a: P1mp Krow|Sucker Punch|p1a: Doublade
|-fail|p1a: Doublade
|move|p1a: Doublade|Swords Dance|p1a: Doublade
|-fail|p1a: Doublade
|
|turn|18
|
|move|p1a: Doublade|Shadow Sneak|p2a: P1mp Krow
|-resisted|p2a: P1mp Krow
|-damage|p2a: P1mp Krow|0 fnt
|faint|p2a: P1mp Krow
|
|
|switch|p2a: Nightshade|Florges, F, shiny|360\/360
|-damage|p2a: Nightshade|315\/360|[from] Stealth Rock
|-activate|p2a: Nightshade|move: Sticky Web
|-unboost|p2a: Nightshade|spe|1
|turn|19
|
|move|p1a: Doublade|Shadow Sneak|p2a: Nightshade
|-damage|p2a: Nightshade|0 fnt
|faint|p2a: Nightshade
|
|
|switch|p2a: Douchebag|Shaymin, shiny|341\/341
|-damage|p2a: Douchebag|299\/341|[from] Stealth Rock
|-activate|p2a: Douchebag|move: Sticky Web
|-unboost|p2a: Douchebag|spe|1
|turn|20
|c|âxShiba|jesus
|c|âxShiba|thats gg
|c|âxShiba|Im too tired to play this lol
|
|move|p1a: Doublade|Shadow Sneak|p2a: Douchebag
|-damage|p2a: Douchebag|0 fnt
|faint|p2a: Douchebag
|
|
|switch|p2a: Floppy The God|Mienshao, M|271\/271
|-damage|p2a: Floppy The God|255\/271|[from] Stealth Rock
|-activate|p2a: Floppy The God|move: Sticky Web
|-unboost|p2a: Floppy The God|spe|1
|turn|21
|
|move|p1a: Doublade|Shadow Sneak|p2a: Floppy The God
|-damage|p2a: Floppy The God|0 fnt
|faint|p2a: Floppy The God
|
|win|trevor ellis
|leave|xShiba
|player|p2
|leave|beffalo