|join|trevor ellis
|join|xShiba
|player|p1|trevor ellis|112
|player|p2|xShiba|260
|gametype|singles
|gen|6
|tier|UU
|rule|Sleep Clause Mod: Limit one foe put to sleep
|rule|Species Clause: Limit one of each PokÃ©mon
|rule|OHKO Clause: OHKO moves are banned
|rule|Moody Clause: Moody is banned
|rule|Evasion Moves Clause: Evasion moves are banned
|rule|Endless Battle Clause: Forcing endless battles is banned
|rule|HP Percentage Mod: HP is shown in percentages
|clearpoke
|poke|p1|Sharpedo, F
|poke|p1|Klefki, M
|poke|p1|Donphan, M
|poke|p1|Chandelure, M
|poke|p1|Lucario, M
|poke|p1|Celebi
|poke|p2|Gligar, M, shiny
|poke|p2|Doublade, M, shiny
|poke|p2|Hydreigon, M, shiny
|poke|p2|Swampert, M
|poke|p2|Umbreon, M, shiny
|poke|p2|Altaria, M
|rule|Swagger Clause: Swagger is banned
|rule|Baton Pass Clause: Limit one PokÃ©mon knowing Baton Pass
|teampreview
|join|SmashBrosBrawl
|join|warzoid
|join|thymetime
|c|+SmashBrosBrawl|holy fuck
|c|+SmashBrosBrawl|still using that
|join|dadsdad
|c|âtrevor ellis|what?
|c|+SmashBrosBrawl|np bi
|c|+SmashBrosBrawl|team
|join|So Dynamic
|c|âxShiba|Im going to lose this
|c|âxShiba|kek
|c|âtrevor ellis|when was i using it first
|c|+SmashBrosBrawl|ladder
|c|âxShiba|trevor owns me tbh
|c|âtrevor ellis|oh ye its the team i made for today
|
|start
|switch|p1a: Celebi|Celebi|404\/404
|switch|p2a: u Liek me naow|Swampert, M|403\/403
|turn|1
|
|switch|p2a: Hail Hydra|Hydreigon, M, shiny|325\/325
|move|p1a: Celebi|Nasty Plot|p1a: Celebi
|-boost|p1a: Celebi|spa|2
|
|turn|2
|
|switch|p1a: Klefki|Klefki, M|318\/318
|move|p2a: Hail Hydra|U-turn|p1a: Klefki
|-resisted|p1a: Klefki
|-damage|p1a: Klefki|308\/318
|
|switch|p2a: u Liek me naow|Swampert, M|403\/403
|
|turn|3
|c|âtrevor ellis|...
|c|âtrevor ellis|lol
|c|+SmashBrosBrawl|celebi passing to chandelure
|c|+SmashBrosBrawl|synergy where
|
|move|p1a: Klefki|Spikes|p2a: u Liek me naow
|-sidestart|p2: xShiba|Spikes
|move|p2a: u Liek me naow|Earthquake|p1a: Klefki
|-supereffective|p1a: Klefki
|-damage|p1a: Klefki|104\/318
|
|turn|4
|
|switch|p1a: Celebi|Celebi|404\/404
|move|p2a: u Liek me naow|Earthquake|p1a: Celebi
|-resisted|p1a: Celebi
|-damage|p1a: Celebi|355\/404
|
|turn|5
|c|âtrevor ellis|was dat
|
|move|p1a: Celebi|Baton Pass|p1a: Celebi
|
|switch|p1a: Donphan|Donphan, M|384\/384
|move|p2a: u Liek me naow|Roar|p1a: Donphan
|drag|p1a: Klefki|Klefki, M|104\/318
|
|turn|6
|
|switch|p1a: Celebi|Celebi|355\/404
|move|p2a: u Liek me naow|Scald|p1a: Celebi
|-resisted|p1a: Celebi
|-damage|p1a: Celebi|312\/404
|
|turn|7
|
|switch|p2a: Hail Hydra|Hydreigon, M, shiny|325\/325
|move|p1a: Celebi|Baton Pass|p1a: Celebi
|
|switch|p1a: Klefki|Klefki, M|104\/318
|
|turn|8
|
|switch|p2a: u Liek me naow|Swampert, M|403\/403
|-damage|p2a: u Liek me naow|353\/403|[from] Spikes
|move|p1a: Klefki|Spikes|p2a: u Liek me naow
|-sidestart|p2: xShiba|Spikes
|
|-heal|p2a: u Liek me naow|378\/403|[from] item: Leftovers
|turn|9
|
|switch|p1a: Celebi|Celebi|312\/404
|move|p2a: u Liek me naow|Stealth Rock|p1a: Celebi
|-sidestart|p1: trevor ellis|move: Stealth Rock
|
|-heal|p2a: u Liek me naow|403\/403|[from] item: Leftovers
|turn|10
|join|HallowedHarlequin
|
|switch|p2a: Hail Hydra|Hydreigon, M, shiny|325\/325
|move|p1a: Celebi|Giga Drain|p2a: Hail Hydra
|-resisted|p2a: Hail Hydra
|-damage|p2a: Hail Hydra|277\/325
|-heal|p1a: Celebi|336\/404|[from] drain|[of] p2a: Hail Hydra
|
|turn|11
|
|switch|p1a: Klefki|Klefki, M|104\/318
|-damage|p1a: Klefki|85\/318|[from] Stealth Rock
|move|p2a: Hail Hydra|Fire Blast|p1a: Klefki
|-supereffective|p1a: Klefki
|-damage|p1a: Klefki|0 fnt
|faint|p1a: Klefki
|
|
|switch|p1a: Chandelure|Chandelure, M|261\/261
|-damage|p1a: Chandelure|196\/261|[from] Stealth Rock
|turn|12
|
|switch|p2a: Grey Wind|Umbreon, M, shiny|394\/394
|-damage|p2a: Grey Wind|329\/394|[from] Spikes
|move|p1a: Chandelure|Trick|p2a: Grey Wind
|-activate|p1a: Chandelure|move: Trick|[of] p2a: Grey Wind
|-item|p2a: Grey Wind|Choice Scarf|[from] move: Trick
|-item|p1a: Chandelure|Leftovers|[from] move: Trick
|
|-heal|p1a: Chandelure|212\/261|[from] item: Leftovers
|turn|13
|c|âxShiba|nb
|c| warzoid|well
|c| dadsdad|fkn slayed
|join|Friendshit
|
|switch|p1a: Donphan|Donphan, M|384\/384
|-damage|p1a: Donphan|360\/384|[from] Stealth Rock
|move|p2a: Grey Wind|Foul Play|p1a: Donphan
|-damage|p1a: Donphan|279\/384
|
|-heal|p1a: Donphan|303\/384|[from] item: Leftovers
|turn|14
|join|PLOF
|
|switch|p2a: Dad's Dad|Gligar, M, shiny|333\/333
|move|p1a: Donphan|Stealth Rock|p2a: Dad's Dad
|-sidestart|p2: xShiba|move: Stealth Rock
|
|-heal|p1a: Donphan|327\/384|[from] item: Leftovers
|turn|15
|
|move|p2a: Dad's Dad|Defog|p1a: Donphan
|-unboost|p1a: Donphan|evasion|1
|-sideend|p1: trevor ellis|Stealth Rock|[from] move: Defog|[of] p1a: Donphan
|-sideend|p2: xShiba|Spikes|[from] move: Defog|[of] p2a: Dad's Dad
|-sideend|p2: xShiba|Stealth Rock|[from] move: Defog|[of] p2a: Dad's Dad
|move|p1a: Donphan|Knock Off|p2a: Dad's Dad
|-damage|p2a: Dad's Dad|281\/333
|-enditem|p2a: Dad's Dad|Eviolite|[from] move: Knock Off|[of] p1a: Donphan
|
|-heal|p1a: Donphan|351\/384|[from] item: Leftovers
|turn|16
|join|Snowystar242
|
|switch|p2a: u Liek me naow|Swampert, M|403\/403
|move|p1a: Donphan|Stealth Rock|p2a: u Liek me naow
|-sidestart|p2: xShiba|move: Stealth Rock
|
|-heal|p1a: Donphan|375\/384|[from] item: Leftovers
|turn|17
|
|switch|p1a: Celebi|Celebi|336\/404
|move|p2a: u Liek me naow|Scald|p1a: Celebi
|-resisted|p1a: Celebi
|-damage|p1a: Celebi|295\/404
|
|turn|18
|c| Snowystar242|SHIBA I REMEMBER YOU YOU WON LAST TIME
|c| dadsdad|lol
|
|switch|p2a: Hail Hydra|Hydreigon, M, shiny|277\/325
|-damage|p2a: Hail Hydra|237\/325|[from] Stealth Rock
|move|p1a: Celebi|Giga Drain|p2a: Hail Hydra
|-resisted|p2a: Hail Hydra
|-damage|p2a: Hail Hydra|189\/325
|-heal|p1a: Celebi|319\/404|[from] drain|[of] p2a: Hail Hydra
|
|turn|19
|c| dadsdad|shiba address your fans
|
|switch|p1a: Lucario|Lucario, M|281\/281
|move|p2a: Hail Hydra|Draco Meteor|p1a: Lucario
|-crit|p1a: Lucario
|-resisted|p1a: Lucario
|-damage|p1a: Lucario|67\/281
|-unboost|p2a: Hail Hydra|spa|2
|
|turn|20
|c|âxShiba|wat
|c| Snowystar242|DADSDAD IS THE GLIGAR
|c|âtrevor ellis|gay
|c|âxShiba|I dont have fans
|
|switch|p1a: Celebi|Celebi|319\/404
|move|p2a: Hail Hydra|Draco Meteor|p1a: Celebi
|-damage|p1a: Celebi|216\/404
|-unboost|p2a: Hail Hydra|spa|2
|
|turn|21
|c| dadsdad|snowystar sounds like he wants to suck your dick
|c|âxShiba|kek
|c| Snowystar242|no
|
|switch|p2a: Grey Wind|Umbreon, M, shiny|329\/394
|-damage|p2a: Grey Wind|280\/394|[from] Stealth Rock
|move|p1a: Celebi|Nasty Plot|p1a: Celebi
|-boost|p1a: Celebi|spa|2
|
|turn|22
|c|âxShiba|you can have that job dadsdad
|c|âxShiba|if you want
|
|move|p1a: Celebi|Giga Drain|p2a: Grey Wind
|-damage|p2a: Grey Wind|175\/394
|-heal|p1a: Celebi|269\/404|[from] drain|[of] p2a: Grey Wind
|move|p2a: Grey Wind|Foul Play|p1a: Celebi
|-supereffective|p1a: Celebi
|-damage|p1a: Celebi|129\/404
|-enditem|p1a: Celebi|Weakness Policy
|-boost|p1a: Celebi|atk|2|[from] item: Weakness Policy
|-boost|p1a: Celebi|spa|2|[from] item: Weakness Policy
|
|turn|23
|c| Snowystar242|ur mega altaria is awesome
|c|âxShiba|ah shit
|c|âxShiba|I made a big mistake
|c|âtrevor ellis|let see if pedo is god or n
|
|move|p1a: Celebi|Baton Pass|p1a: Celebi
|
|switch|p1a: Sharpedo|Sharpedo, F|281\/281
|move|p2a: Grey Wind|Foul Play|p1a: Sharpedo
|-resisted|p1a: Sharpedo
|-damage|p1a: Sharpedo|0 fnt
|faint|p1a: Sharpedo
|
|c| thymetime|LMAO
|leave|SmashBrosBrawl
|c|âxShiba|rip
|c| warzoid|bop
|c|âtrevor ellis|pedo isnt god
|c| Friendshit|we;p
|c|âtrevor ellis|gg
|c| Snowystar242|:P
|c| Friendshit|*welp
|-message|trevor ellis forfeited.
|
|win|xShiba
|c| Snowystar242|it over
|leave|So Dynamic
|leave|Snowystar242
|leave|trevor ellis
|player|p1
|leave|xShiba
|player|p2
|leave|Friendshit
|leave|warzoid