|join|trevor ellis
|join|El Lechero PR
|player|p1|trevor ellis|207
|player|p2|El Lechero PR|261
|gametype|singles
|gen|6
|tier|UU
|rated
|rule|Sleep Clause Mod: Limit one foe put to sleep
|rule|Species Clause: Limit one of each PokÃ©mon
|rule|OHKO Clause: OHKO moves are banned
|rule|Moody Clause: Moody is banned
|rule|Evasion Moves Clause: Evasion moves are banned
|rule|Endless Battle Clause: Forcing endless battles is banned
|rule|HP Percentage Mod: HP is shown in percentages
|clearpoke
|poke|p1|Accelgor, F
|poke|p1|Zygarde
|poke|p1|Aerodactyl, F
|poke|p1|Suicune
|poke|p1|Crobat, M
|poke|p1|Mienshao, F
|poke|p2|Blissey, F, shiny
|poke|p2|Aggron, M, shiny
|poke|p2|Machamp, F
|poke|p2|Quagsire, M
|poke|p2|Starmie
|poke|p2|Jirachi
|rule|Swagger Clause: Swagger is banned
|rule|Baton Pass Clause: Limit one PokÃ©mon knowing Baton Pass
|teampreview
|
|start
|switch|p1a: Accelgor|Accelgor, F|363\/363
|switch|p2a: Jirachi|Jirachi|341\/341
|turn|1
|
|switch|p1a: Suicune|Suicune|404\/404
|-ability|p1a: Suicune|Pressure
|move|p2a: Jirachi|U-turn|p1a: Suicune
|-damage|p1a: Suicune|343\/404
|
|switch|p2a: Machamp|Machamp, F|364\/364
|
|-heal|p1a: Suicune|368\/404|[from] item: Leftovers
|turn|2
|
|switch|p1a: Crobat|Crobat, M|311\/311
|move|p2a: Machamp|Knock Off|p1a: Crobat
|-damage|p1a: Crobat|160\/311
|-enditem|p1a: Crobat|Choice Band|[from] move: Knock Off|[of] p2a: Machamp
|
|turn|3
|
|switch|p2a: The Ass Reaper|Aggron, M, shiny|344\/344
|move|p1a: Crobat|U-turn|p2a: The Ass Reaper
|-resisted|p2a: The Ass Reaper
|-damage|p2a: The Ass Reaper|329\/344
|
|switch|p1a: Accelgor|Accelgor, F|363\/363
|
|turn|4
|
|detailschange|p2a: The Ass Reaper|Aggron-Mega, M, shiny
|-mega|p2a: The Ass Reaper|Aggron|Aggronite
|move|p1a: Accelgor|Spikes|p2a: The Ass Reaper
|-sidestart|p2: El Lechero PR|Spikes
|move|p2a: The Ass Reaper|Stealth Rock|p1a: Accelgor
|-sidestart|p1: trevor ellis|move: Stealth Rock
|
|turn|5
|
|move|p1a: Accelgor|Encore|p2a: The Ass Reaper
|-start|p2a: The Ass Reaper|Encore
|move|p2a: The Ass Reaper|Stealth Rock|p1a: Accelgor
|-fail|p1a: Accelgor
|
|turn|6
|
|switch|p2a: Machamp|Machamp, F|364\/364
|-damage|p2a: Machamp|319\/364|[from] Spikes
|move|p1a: Accelgor|Spikes|p2a: Machamp
|-sidestart|p2: El Lechero PR|Spikes
|
|turn|7
|
|move|p1a: Accelgor|Final Gambit|p2a: Machamp
|-damage|p2a: Machamp|0 fnt
|faint|p1a: Accelgor
|faint|p2a: Machamp
|
|
|switch|p1a: Crobat|Crobat, M|160\/311
|switch|p2a: Starmie|Starmie|324\/324
|-damage|p1a: Crobat|83\/311|[from] Stealth Rock
|-damage|p2a: Starmie|270\/324|[from] Spikes
|turn|8
|
|move|p1a: Crobat|Brave Bird|p2a: Starmie
|-damage|p2a: Starmie|81\/324
|-damage|p1a: Crobat|21\/311|[from] recoil|[of] p2a: Starmie
|move|p2a: Starmie|Psyshock|p1a: Crobat
|-supereffective|p1a: Crobat
|-damage|p1a: Crobat|0 fnt
|faint|p1a: Crobat
|
|-heal|p2a: Starmie|101\/324|[from] item: Leftovers
|
|switch|p1a: Mienshao|Mienshao, F|271\/271
|-damage|p1a: Mienshao|255\/271|[from] Stealth Rock
|turn|9
|
|switch|p2a: Quagsire|Quagsire, M|394\/394
|-damage|p2a: Quagsire|329\/394|[from] Spikes
|move|p1a: Mienshao|U-turn|p2a: Quagsire
|-damage|p2a: Quagsire|267\/394
|
|switch|p1a: Aerodactyl|Aerodactyl, F|309\/309
|-damage|p1a: Aerodactyl|232\/309|[from] Stealth Rock
|
|-heal|p2a: Quagsire|291\/394|[from] item: Leftovers
|turn|10
|
|detailschange|p1a: Aerodactyl|Aerodactyl-Mega, F
|-mega|p1a: Aerodactyl|Aerodactyl|Aerodactylite
|move|p1a: Aerodactyl|Stealth Rock|p2a: Quagsire
|-sidestart|p2: El Lechero PR|move: Stealth Rock
|move|p2a: Quagsire|Scald|p1a: Aerodactyl
|-supereffective|p1a: Aerodactyl
|-damage|p1a: Aerodactyl|86\/309
|-status|p1a: Aerodactyl|brn
|
|-heal|p2a: Quagsire|315\/394|[from] item: Leftovers
|-damage|p1a: Aerodactyl|48\/309 brn|[from] brn
|turn|11
|
|move|p1a: Aerodactyl|Taunt|p2a: Quagsire
|-start|p2a: Quagsire|move: Taunt
|move|p2a: Quagsire|Scald|p1a: Aerodactyl
|-supereffective|p1a: Aerodactyl
|-damage|p1a: Aerodactyl|0 fnt
|faint|p1a: Aerodactyl
|
|-heal|p2a: Quagsire|339\/394|[from] item: Leftovers
|
|switch|p1a: Suicune|Suicune|368\/404
|-damage|p1a: Suicune|318\/404|[from] Stealth Rock
|-ability|p1a: Suicune|Pressure
|turn|12
|
|switch|p2a: Starmie|Starmie|101\/324
|-damage|p2a: Starmie|47\/324|[from] Spikes
|-damage|p2a: Starmie|7\/324|[from] Stealth Rock
|move|p1a: Suicune|Substitute|p1a: Suicune
|-start|p1a: Suicune|Substitute
|-damage|p1a: Suicune|217\/404
|
|-heal|p2a: Starmie|27\/324|[from] item: Leftovers
|-heal|p1a: Suicune|242\/404|[from] item: Leftovers
|turn|13
|
|move|p2a: Starmie|Recover|p2a: Starmie
|-heal|p2a: Starmie|189\/324
|move|p1a: Suicune|Calm Mind|p1a: Suicune
|-boost|p1a: Suicune|spa|1
|-boost|p1a: Suicune|spd|1
|
|-heal|p2a: Starmie|209\/324|[from] item: Leftovers
|-heal|p1a: Suicune|267\/404|[from] item: Leftovers
|turn|14
|
|move|p2a: Starmie|Rapid Spin|p1a: Suicune
|-activate|p1a: Suicune|Substitute|[damage]
|-sideend|p2: El Lechero PR|Spikes|[from] move: Rapid Spin|[of] p2a: Starmie
|-sideend|p2: El Lechero PR|Stealth Rock|[from] move: Rapid Spin|[of] p2a: Starmie
|move|p1a: Suicune|Scald|p2a: Starmie
|-resisted|p2a: Starmie
|-damage|p2a: Starmie|119\/324
|
|-heal|p2a: Starmie|139\/324|[from] item: Leftovers
|-heal|p1a: Suicune|292\/404|[from] item: Leftovers
|turn|15
|
|move|p2a: Starmie|Psyshock|p1a: Suicune
|-activate|p1a: Suicune|Substitute|[damage]
|move|p1a: Suicune|Scald|p2a: Starmie
|-resisted|p2a: Starmie
|-damage|p2a: Starmie|49\/324
|-status|p2a: Starmie|brn
|
|-heal|p2a: Starmie|69\/324 brn|[from] item: Leftovers
|-heal|p1a: Suicune|317\/404|[from] item: Leftovers
|-damage|p2a: Starmie|29\/324 brn|[from] brn
|turn|16
|
|move|p2a: Starmie|Psyshock|p1a: Suicune
|-end|p1a: Suicune|Substitute
|move|p1a: Suicune|Calm Mind|p1a: Suicune
|-boost|p1a: Suicune|spa|1
|-boost|p1a: Suicune|spd|1
|
|-heal|p2a: Starmie|49\/324 brn|[from] item: Leftovers
|-heal|p1a: Suicune|342\/404|[from] item: Leftovers
|-damage|p2a: Starmie|9\/324 brn|[from] brn
|turn|17
|
|move|p2a: Starmie|Psyshock|p1a: Suicune
|-damage|p1a: Suicune|266\/404
|move|p1a: Suicune|Substitute|p1a: Suicune
|-start|p1a: Suicune|Substitute
|-damage|p1a: Suicune|165\/404
|
|-heal|p2a: Starmie|29\/324 brn|[from] item: Leftovers
|-heal|p1a: Suicune|190\/404|[from] item: Leftovers
|-damage|p2a: Starmie|0 fnt|[from] brn
|faint|p2a: Starmie
|
|switch|p2a: The Ass Reaper|Aggron-Mega, M, shiny|329\/344
|turn|18
|
|move|p1a: Suicune|Scald|p2a: The Ass Reaper
|-damage|p2a: The Ass Reaper|112\/344
|move|p2a: The Ass Reaper|Roar|p1a: Suicune
|drag|p1a: Zygarde|Zygarde|374\/374
|-damage|p1a: Zygarde|351\/374|[from] Stealth Rock
|-ability|p1a: Zygarde|Aura Break
|
|turn|19
|
|switch|p2a: Quagsire|Quagsire, M|339\/394
|move|p1a: Zygarde|Earthquake|p2a: Quagsire
|-damage|p2a: Quagsire|190\/394
|-damage|p1a: Zygarde|314\/374|[from] item: Life Orb
|
|-heal|p2a: Quagsire|214\/394|[from] item: Leftovers
|turn|20
|
|switch|p1a: Suicune|Suicune|190\/404
|-damage|p1a: Suicune|140\/404|[from] Stealth Rock
|-ability|p1a: Suicune|Pressure
|switch|p2a: Jirachi|Jirachi|341\/341
|
|-heal|p1a: Suicune|165\/404|[from] item: Leftovers
|turn|21
|
|switch|p1a: Mienshao|Mienshao, F|255\/271
|-damage|p1a: Mienshao|239\/271|[from] Stealth Rock
|move|p2a: Jirachi|Trick|p1a: Mienshao
|-activate|p2a: Jirachi|move: Trick|[of] p1a: Mienshao
|-item|p1a: Mienshao|Choice Scarf|[from] move: Trick
|-item|p2a: Jirachi|Choice Scarf|[from] move: Trick
|
|turn|22
|
|switch|p2a: The Ass Reaper|Aggron-Mega, M, shiny|112\/344
|move|p1a: Mienshao|High Jump Kick|p2a: The Ass Reaper
|-supereffective|p2a: The Ass Reaper
|-damage|p2a: The Ass Reaper|0 fnt
|faint|p2a: The Ass Reaper
|
|
|switch|p2a: Quagsire|Quagsire, M|214\/394
|turn|23
|
|move|p1a: Mienshao|High Jump Kick|p2a: Quagsire
|-damage|p2a: Quagsire|0 fnt
|faint|p2a: Quagsire
|
|
|switch|p2a: Blissey|Blissey, F, shiny|713\/713
|turn|24
|
|switch|p1a: Suicune|Suicune|165\/404
|-damage|p1a: Suicune|115\/404|[from] Stealth Rock
|-ability|p1a: Suicune|Pressure
|move|p2a: Blissey|Protect|p2a: Blissey
|-fail|p2a: Blissey
|
|-heal|p1a: Suicune|140\/404|[from] item: Leftovers
|turn|25
|
|move|p1a: Suicune|Substitute|p1a: Suicune
|-start|p1a: Suicune|Substitute
|-damage|p1a: Suicune|39\/404
|move|p2a: Blissey|Seismic Toss|p1a: Suicune
|-activate|p1a: Suicune|Substitute|[damage]
|
|-heal|p1a: Suicune|64\/404|[from] item: Leftovers
|turn|26
|
|move|p1a: Suicune|Calm Mind|p1a: Suicune
|-boost|p1a: Suicune|spa|1
|-boost|p1a: Suicune|spd|1
|move|p2a: Blissey|Seismic Toss|p1a: Suicune
|-end|p1a: Suicune|Substitute
|
|-heal|p1a: Suicune|89\/404|[from] item: Leftovers
|turn|27
|
|move|p1a: Suicune|Scald|p2a: Blissey
|-damage|p2a: Blissey|572\/713
|-status|p2a: Blissey|brn
|move|p2a: Blissey|Seismic Toss|p1a: Suicune
|-damage|p1a: Suicune|0 fnt
|faint|p1a: Suicune
|
|-heal|p2a: Blissey|616\/713 brn|[from] item: Leftovers
|-damage|p2a: Blissey|527\/713 brn|[from] brn
|c|âEl Lechero PR|no rest ?
|
|switch|p1a: Zygarde|Zygarde|314\/374
|-damage|p1a: Zygarde|291\/374|[from] Stealth Rock
|-ability|p1a: Zygarde|Aura Break
|turn|28
|c|âtrevor ellis|sub calm mind suicune is scald ice beam
|c|âEl Lechero PR|ohhhhhhh ok\
|
|switch|p2a: Jirachi|Jirachi|341\/341
|move|p1a: Zygarde|Dragon Dance|p1a: Zygarde
|-boost|p1a: Zygarde|atk|1
|-boost|p1a: Zygarde|spe|1
|
|turn|29
|c|âEl Lechero PR|i though u had rest instead of ice beam
|
|move|p1a: Zygarde|Extreme Speed|p2a: Jirachi
|-resisted|p2a: Jirachi
|-damage|p2a: Jirachi|271\/341
|-damage|p1a: Zygarde|254\/374|[from] item: Life Orb
|move|p2a: Jirachi|Iron Head|p1a: Zygarde
|-damage|p1a: Zygarde|158\/374
|
|turn|30
|
|move|p1a: Zygarde|Extreme Speed|p2a: Jirachi
|-resisted|p2a: Jirachi
|-damage|p2a: Jirachi|197\/341
|-damage|p1a: Zygarde|121\/374|[from] item: Life Orb
|move|p2a: Jirachi|Iron Head|p1a: Zygarde
|-damage|p1a: Zygarde|25\/374
|
|turn|31
|
|switch|p2a: Blissey|Blissey, F, shiny|527\/713
|move|p1a: Zygarde|Extreme Speed|p2a: Blissey
|-damage|p2a: Blissey|242\/713
|-damage|p1a: Zygarde|0 fnt|[from] item: Life Orb
|faint|p1a: Zygarde
|
|-heal|p2a: Blissey|286\/713|[from] item: Leftovers
|
|switch|p1a: Mienshao|Mienshao, F|239\/271
|-damage|p1a: Mienshao|223\/271|[from] Stealth Rock
|turn|32
|
|move|p2a: Blissey|Protect|p2a: Blissey
|-singleturn|p2a: Blissey|Protect
|move|p1a: Mienshao|High Jump Kick|p2a: Blissey
|-activate|p2a: Blissey|Protect
|-damage|p1a: Mienshao|88\/271|[from] highjumpkick
|
|-heal|p2a: Blissey|330\/713|[from] item: Leftovers
|turn|33
|-message|trevor ellis forfeited.
|leave|trevor ellis
|
|win|El Lechero PR
|raw|Ladder updating...
|player|p1
|raw|trevor ellis's rating: 1589 &rarr; <strong>1556<\/strong><br \/>(-33 for losing)
|raw|El Lechero PR's rating: 1320 &rarr; <strong>1353<\/strong><br \/>(+33 for winning)