|join|trevor ellis
|join|dodmen
|player|p1|trevor ellis|170
|player|p2|dodmen|171
|gametype|singles
|gen|6
|tier|UU
|rated
|rule|Sleep Clause Mod: Limit one foe put to sleep
|rule|Species Clause: Limit one of each PokÃ©mon
|rule|OHKO Clause: OHKO moves are banned
|rule|Moody Clause: Moody is banned
|rule|Evasion Moves Clause: Evasion moves are banned
|rule|Endless Battle Clause: Forcing endless battles is banned
|rule|HP Percentage Mod: HP is shown in percentages
|clearpoke
|poke|p1|Entei, shiny
|poke|p1|Beedrill, F
|poke|p1|Zygarde
|poke|p1|Forretress, F
|poke|p1|Vaporeon, M
|poke|p1|Porygon-Z
|poke|p2|Slowking, F
|poke|p2|Diancie
|poke|p2|Cofagrigus, F
|poke|p2|Rhyperior, F
|poke|p2|Escavalier, F
|poke|p2|Omastar, M
|rule|Swagger Clause: Swagger is banned
|rule|Baton Pass Clause: Limit one PokÃ©mon knowing Baton Pass
|teampreview
|
|start
|switch|p1a: Porygon-Z|Porygon-Z|311\/311
|switch|p2a: RESIST"|Escavalier, F|344\/344
|turn|1
|
|switch|p1a: Forretress|Forretress, F|354\/354
|move|p2a: RESIST"|Megahorn|p1a: Forretress
|-resisted|p1a: Forretress
|-damage|p1a: Forretress|208\/354
|
|-heal|p1a: Forretress|230\/354|[from] item: Leftovers
|turn|2
|
|move|p1a: Forretress|Stealth Rock|p2a: RESIST"
|-sidestart|p2: dodmen|move: Stealth Rock
|move|p2a: RESIST"|Megahorn|p1a: Forretress
|-resisted|p1a: Forretress
|-damage|p1a: Forretress|95\/354
|
|-heal|p1a: Forretress|117\/354|[from] item: Leftovers
|turn|3
|
|move|p2a: RESIST"|Megahorn|p1a: Forretress
|-resisted|p1a: Forretress
|-damage|p1a: Forretress|0 fnt
|faint|p1a: Forretress
|
|
|switch|p1a: Entei|Entei, shiny|371\/371
|-ability|p1a: Entei|Pressure
|turn|4
|
|switch|p2a: SMASHING"|Omastar, M|281\/281
|-damage|p2a: SMASHING"|246\/281|[from] Stealth Rock
|move|p1a: Entei|Sacred Fire|p2a: SMASHING"
|-resisted|p2a: SMASHING"
|-damage|p2a: SMASHING"|186\/281
|-boost|p2a: SMASHING"|spe|1|[from] ability: Weak Armor
|-unboost|p2a: SMASHING"|def|1|[from] ability: Weak Armor
|-status|p2a: SMASHING"|brn
|
|-damage|p2a: SMASHING"|151\/281 brn|[from] brn
|turn|5
|
|switch|p1a: Porygon-Z|Porygon-Z|311\/311
|move|p2a: SMASHING"|Stealth Rock|p1a: Porygon-Z
|-sidestart|p1: trevor ellis|move: Stealth Rock
|
|-damage|p2a: SMASHING"|116\/281 brn|[from] brn
|turn|6
|
|move|p2a: SMASHING"|Scald|p1a: Porygon-Z
|-damage|p1a: Porygon-Z|146\/311
|-status|p1a: Porygon-Z|brn
|-enditem|p1a: Porygon-Z|Lum Berry|[eat]
|-curestatus|p1a: Porygon-Z|brn
|move|p1a: Porygon-Z|Nasty Plot|p1a: Porygon-Z
|-boost|p1a: Porygon-Z|spa|2
|
|-damage|p2a: SMASHING"|81\/281 brn|[from] brn
|turn|7
|
|switch|p1a: Vaporeon|Vaporeon, M|464\/464
|-damage|p1a: Vaporeon|406\/464|[from] Stealth Rock
|move|p2a: SMASHING"|Scald|p1a: Vaporeon
|-heal|p1a: Vaporeon|464\/464|[from] ability: Water Absorb|[of] p2a: SMASHING"
|
|-damage|p2a: SMASHING"|46\/281 brn|[from] brn
|turn|8
|
|move|p2a: SMASHING"|Spikes|p1a: Vaporeon
|-sidestart|p1: trevor ellis|Spikes
|move|p1a: Vaporeon|Wish|p1a: Vaporeon
|
|-damage|p2a: SMASHING"|11\/281 brn|[from] brn
|turn|9
|join|DrReuniclus3
|leave|DrReuniclus3
|
|move|p2a: SMASHING"|Toxic Spikes|p1a: Vaporeon
|-sidestart|p1: trevor ellis|move: Toxic Spikes
|move|p1a: Vaporeon|Baton Pass|p1a: Vaporeon
|
|switch|p1a: Porygon-Z|Porygon-Z|146\/311
|-damage|p1a: Porygon-Z|108\/311|[from] Stealth Rock
|-status|p1a: Porygon-Z|psn
|-damage|p1a: Porygon-Z|70\/311 psn|[from] Spikes
|
|-heal|p1a: Porygon-Z|302\/311 psn|[from] move: Wish|[wisher] Vaporeon
|-damage|p2a: SMASHING"|0 fnt|[from] brn
|-damage|p1a: Porygon-Z|264\/311 psn|[from] psn
|faint|p2a: SMASHING"
|
|switch|p2a: RESIST"|Escavalier, F|344\/344
|-damage|p2a: RESIST"|301\/344|[from] Stealth Rock
|turn|10
|
|switch|p1a: Zygarde|Zygarde|405\/405
|-damage|p1a: Zygarde|355\/405|[from] Spikes
|-damage|p1a: Zygarde|330\/405|[from] Stealth Rock
|-status|p1a: Zygarde|psn
|-ability|p1a: Zygarde|Aura Break
|move|p2a: RESIST"|Megahorn|p1a: Zygarde
|-damage|p1a: Zygarde|15\/405 psn
|
|-heal|p1a: Zygarde|40\/405 psn|[from] item: Leftovers
|-damage|p1a: Zygarde|0 fnt|[from] psn
|faint|p1a: Zygarde
|
|switch|p1a: Entei|Entei, shiny|371\/371
|-status|p1a: Entei|psn
|-damage|p1a: Entei|325\/371 psn|[from] Spikes
|-damage|p1a: Entei|233\/371 psn|[from] Stealth Rock
|-ability|p1a: Entei|Pressure
|turn|11
|c|âdodmen|why do my quotation marks not work?
|
|switch|p1a: Beedrill|Beedrill, F|272\/272
|-damage|p1a: Beedrill|204\/272|[from] Stealth Rock
|-damage|p1a: Beedrill|170\/272|[from] Spikes
|-sideend|p1: trevor ellis|move: Toxic Spikes|[of] p1a: Beedrill
|switch|p2a: KNOCK OFF"|Slowking, F|394\/394
|-damage|p2a: KNOCK OFF"|345\/394|[from] Stealth Rock
|
|turn|12
|c|âtrevor ellis|bc fuck you
|
|switch|p2a: FORRETRESS"|Cofagrigus, F|320\/320
|-damage|p2a: FORRETRESS"|280\/320|[from] Stealth Rock
|detailschange|p1a: Beedrill|Beedrill-Mega, F
|message|Beedrill has Mega Evolved into Mega Beedrill!
|move|p1a: Beedrill|U-turn|p2a: FORRETRESS"
|-resisted|p2a: FORRETRESS"
|-damage|p2a: FORRETRESS"|208\/320
|-endability|p1a: Beedrill|adaptability|[from] Mummy
|-ability|p1a: Beedrill|Mummy|[from] Mummy
|c|âtrevor ellis|imo
|c|âdodmen|ic
|
|switch|p1a: Porygon-Z|Porygon-Z|264\/311 psn
|-damage|p1a: Porygon-Z|226\/311 psn|[from] Stealth Rock
|-damage|p1a: Porygon-Z|188\/311 psn|[from] Spikes
|
|-heal|p2a: FORRETRESS"|228\/320|[from] item: Leftovers
|-damage|p1a: Porygon-Z|150\/311 psn|[from] psn
|turn|13
|
|move|p1a: Porygon-Z|Dark Pulse|p2a: FORRETRESS"
|-crit|p2a: FORRETRESS"
|-supereffective|p2a: FORRETRESS"
|-damage|p2a: FORRETRESS"|0 fnt
|faint|p2a: FORRETRESS"
|
|-damage|p1a: Porygon-Z|112\/311 psn|[from] psn
|c|âtrevor ellis|nice
|
|switch|p2a: OFFENSE"|Diancie|241\/241
|-damage|p2a: OFFENSE"|211\/241|[from] Stealth Rock
|turn|14
|c|âdodmen|frz
|
|move|p1a: Porygon-Z|Tri Attack|p2a: OFFENSE"
|-crit|p2a: OFFENSE"
|-resisted|p2a: OFFENSE"
|-damage|p2a: OFFENSE"|99\/241
|move|p2a: OFFENSE"|Trick Room|p2a: OFFENSE"
|-fieldstart|move: Trick Room|[of] p2a: OFFENSE"
|
|-damage|p1a: Porygon-Z|74\/311 psn|[from] psn
|turn|15
|c|âtrevor ellis|nice
|
|switch|p1a: Vaporeon|Vaporeon, M|464\/464
|-damage|p1a: Vaporeon|406\/464|[from] Stealth Rock
|-damage|p1a: Vaporeon|348\/464|[from] Spikes
|move|p2a: OFFENSE"|Moonblast|p1a: Vaporeon
|-damage|p1a: Vaporeon|145\/464
|-damage|p2a: OFFENSE"|75\/241|[from] item: Life Orb
|
|-heal|p1a: Vaporeon|174\/464|[from] item: Leftovers
|turn|16
|
|move|p1a: Vaporeon|Protect|p1a: Vaporeon
|-singleturn|p1a: Vaporeon|Protect
|move|p2a: OFFENSE"|Moonblast|p1a: Vaporeon
|-activate|p1a: Vaporeon|Protect
|
|-heal|p1a: Vaporeon|203\/464|[from] item: Leftovers
|turn|17
|
|move|p2a: OFFENSE"|Diamond Storm|p1a: Vaporeon
|-damage|p1a: Vaporeon|0 fnt
|-boost|p2a: OFFENSE"|def|1
|-damage|p2a: OFFENSE"|51\/241|[from] item: Life Orb
|faint|p1a: Vaporeon
|
|
|switch|p1a: Beedrill|Beedrill-Mega, F|170\/272
|-damage|p1a: Beedrill|136\/272|[from] Spikes
|-damage|p1a: Beedrill|68\/272|[from] Stealth Rock
|turn|18
|
|move|p1a: Beedrill|Protect|p1a: Beedrill
|-singleturn|p1a: Beedrill|Protect
|move|p2a: OFFENSE"|Moonblast|p1a: Beedrill
|-activate|p1a: Beedrill|Protect
|
|-fieldend|move: Trick Room
|turn|19
|
|move|p1a: Beedrill|Drill Run|p2a: OFFENSE"
|-supereffective|p2a: OFFENSE"
|-damage|p2a: OFFENSE"|0 fnt
|faint|p2a: OFFENSE"
|
|
|switch|p2a: RESIST"|Escavalier, F|301\/344
|-damage|p2a: RESIST"|258\/344|[from] Stealth Rock
|turn|20
|
|move|p1a: Beedrill|Drill Run|p2a: RESIST"
|-damage|p2a: RESIST"|156\/344
|move|p2a: RESIST"|Knock Off|p1a: Beedrill
|-crit|p1a: Beedrill
|-damage|p1a: Beedrill|0 fnt
|faint|p1a: Beedrill
|
|
|switch|p1a: Entei|Entei, shiny|233\/371 psn
|-damage|p1a: Entei|187\/371 psn|[from] Spikes
|-damage|p1a: Entei|95\/371 psn|[from] Stealth Rock
|-ability|p1a: Entei|Pressure
|turn|21
|
|move|p1a: Entei|Sacred Fire|p2a: RESIST"
|-supereffective|p2a: RESIST"
|-damage|p2a: RESIST"|0 fnt
|faint|p2a: RESIST"
|
|-damage|p1a: Entei|49\/371 psn|[from] psn
|
|switch|p2a: KNOCK OFF"|Slowking, F|394\/394
|-damage|p2a: KNOCK OFF"|345\/394|[from] Stealth Rock
|turn|22
|
|move|p1a: Entei|Sacred Fire|p2a: KNOCK OFF"
|-resisted|p2a: KNOCK OFF"
|-damage|p2a: KNOCK OFF"|178\/394
|-status|p2a: KNOCK OFF"|brn
|move|p2a: KNOCK OFF"|Trick Room|p2a: KNOCK OFF"
|-fieldstart|move: Trick Room|[of] p2a: KNOCK OFF"
|
|-damage|p2a: KNOCK OFF"|129\/394 brn|[from] brn
|-damage|p1a: Entei|3\/371 psn|[from] psn
|turn|23
|
|move|p2a: KNOCK OFF"|Scald|p1a: Entei
|-supereffective|p1a: Entei
|-damage|p1a: Entei|0 fnt
|faint|p1a: Entei
|
|-damage|p2a: KNOCK OFF"|80\/394 brn|[from] brn
|-message|trevor ellis forfeited.
|
|win|dodmen
|raw|Ladder updating...
|leave|trevor ellis
|player|p1