|join|trevor ellis
|join|Bob the Bro
|player|p1|trevor ellis|112
|player|p2|Bob the Bro|23
|gametype|singles
|gen|6
|tier|UU
|rule|Sleep Clause Mod: Limit one foe put to sleep
|rule|Species Clause: Limit one of each PokÃ©mon
|rule|OHKO Clause: OHKO moves are banned
|rule|Moody Clause: Moody is banned
|rule|Evasion Moves Clause: Evasion moves are banned
|rule|Endless Battle Clause: Forcing endless battles is banned
|rule|HP Percentage Mod: HP is shown in percentages
|clearpoke
|poke|p1|Pidgeot, F
|poke|p1|Tentacruel, M
|poke|p1|Krookodile, M
|poke|p1|Aromatisse, F
|poke|p1|Snorlax, F
|poke|p1|Jirachi
|poke|p2|Shedinja
|poke|p2|Blissey, F
|poke|p2|Zygarde
|poke|p2|Aggron, F
|poke|p2|Tentacruel, M
|poke|p2|Togetic, M
|rule|Swagger Clause: Swagger is banned
|rule|Baton Pass Clause: Limit one PokÃ©mon knowing Baton Pass
|teampreview
|join|Jimmy Russel
|join|therandanman
|join|DrReuniclus3
|c| DrReuniclus3|So bob
|c|âBob the Bro|?
|c| DrReuniclus3|What's a quicky?
|
|start
|switch|p1a: Krookodile|Krookodile, M|360\/360
|switch|p2a: Archilles|Aggron, F|344\/344
|-ability|p1a: Krookodile|Intimidate|[of] p2a: Archilles
|-unboost|p2a: Archilles|atk|1
|turn|1
|join|secret kekleon
|c|âtrevor ellis|he was fucking a bitch
|c|âBob the Bro|its whatever you'd like it to be
|c| DrReuniclus3|Ok
|
|detailschange|p2a: Archilles|Aggron-Mega, F
|-mega|p2a: Archilles|Aggron|Aggronite
|move|p1a: Krookodile|Taunt|p2a: Archilles
|-start|p2a: Archilles|move: Taunt
|cant|p2a: Archilles|move: Taunt|Toxic
|
|turn|2
|join|Goyim UU
|c|âBob the Bro|oh
|
|move|p1a: Krookodile|Stealth Rock|p2a: Archilles
|-sidestart|p2: Bob the Bro|move: Stealth Rock
|move|p2a: Archilles|Heavy Slam|p1a: Krookodile
|-damage|p1a: Krookodile|224\/360
|
|-heal|p1a: Krookodile|246\/360|[from] item: Leftovers
|turn|3
|
|move|p1a: Krookodile|Earthquake|p2a: Archilles
|-supereffective|p2a: Archilles
|-damage|p2a: Archilles|223\/344
|move|p2a: Archilles|Heavy Slam|p1a: Krookodile
|-damage|p1a: Krookodile|110\/360
|
|-heal|p1a: Krookodile|132\/360|[from] item: Leftovers
|-end|p2a: Archilles|move: Taunt
|turn|4
|
|switch|p1a: Tentacruel|Tentacruel, M|364\/364
|move|p2a: Archilles|Heavy Slam|p1a: Tentacruel
|-resisted|p1a: Tentacruel
|-damage|p1a: Tentacruel|303\/364
|
|-heal|p1a: Tentacruel|325\/364|[from] item: Black Sludge
|turn|5
|
|switch|p1a: Krookodile|Krookodile, M|132\/360
|-ability|p1a: Krookodile|Intimidate|[of] p2a: Archilles
|-unboost|p2a: Archilles|atk|1
|switch|p2a: Kraken|Tentacruel, M|364\/364
|-damage|p2a: Kraken|319\/364|[from] Stealth Rock
|
|-heal|p1a: Krookodile|154\/360|[from] item: Leftovers
|-heal|p2a: Kraken|341\/364|[from] item: Black Sludge
|turn|6
|
|move|p1a: Krookodile|Earthquake|p2a: Kraken
|-supereffective|p2a: Kraken
|-damage|p2a: Kraken|23\/364
|move|p2a: Kraken|Scald|p1a: Krookodile
|-supereffective|p1a: Krookodile
|-damage|p1a: Krookodile|0 fnt
|faint|p1a: Krookodile
|
|-heal|p2a: Kraken|45\/364|[from] item: Black Sludge
|c|âBob the Bro|ez
|
|switch|p1a: Pidgeot|Pidgeot, F|307\/307
|turn|7
|
|switch|p2a: Venus|Blissey, F|714\/714
|-damage|p2a: Venus|625\/714|[from] Stealth Rock
|detailschange|p1a: Pidgeot|Pidgeot-Mega, F
|-mega|p1a: Pidgeot|Pidgeot|Pidgeotite
|move|p1a: Pidgeot|Hurricane|p2a: Venus
|-damage|p2a: Venus|472\/714
|
|-heal|p2a: Venus|516\/714|[from] item: Leftovers
|turn|8
|
|move|p1a: Pidgeot|Work Up|p1a: Pidgeot
|-boost|p1a: Pidgeot|atk|1
|-boost|p1a: Pidgeot|spa|1
|move|p2a: Venus|Wish|p2a: Venus
|
|-heal|p2a: Venus|560\/714|[from] item: Leftovers
|turn|9
|c|âtrevor ellis|i think you lost to this b4
|c|âtrevor ellis|yes?
|c|âBob the Bro|y
|
|switch|p2a: Archilles|Aggron-Mega, F|223\/344
|-damage|p2a: Archilles|202\/344|[from] Stealth Rock
|move|p1a: Pidgeot|Hurricane|p2a: Archilles
|-resisted|p2a: Archilles
|-damage|p2a: Archilles|78\/344
|
|-heal|p2a: Archilles|344\/344|[from] move: Wish|[wisher] Venus
|turn|10
|c| DrReuniclus3|reveal mixed pidg
|c|âBob the Bro|reveal heat wave
|c|âBob the Bro|reveal confusion
|
|switch|p1a: Tentacruel|Tentacruel, M|325\/364
|move|p2a: Archilles|Heavy Slam|p1a: Tentacruel
|-resisted|p1a: Tentacruel
|-damage|p1a: Tentacruel|238\/364
|
|-heal|p1a: Tentacruel|260\/364|[from] item: Black Sludge
|turn|11
|
|switch|p2a: Freyja|Togetic, M|314\/314
|-damage|p2a: Freyja|236\/314|[from] Stealth Rock
|move|p1a: Tentacruel|Scald|p2a: Freyja
|-damage|p2a: Freyja|185\/314
|
|-heal|p1a: Tentacruel|282\/364|[from] item: Black Sludge
|turn|12
|
|move|p1a: Tentacruel|Acid Spray|p2a: Freyja
|-supereffective|p2a: Freyja
|-damage|p2a: Freyja|131\/314
|-unboost|p2a: Freyja|spd|2
|move|p2a: Freyja|Defog|p1a: Tentacruel
|-unboost|p1a: Tentacruel|evasion|1
|-sideend|p2: Bob the Bro|Stealth Rock|[from] move: Defog|[of] p2a: Freyja
|
|-heal|p1a: Tentacruel|304\/364|[from] item: Black Sludge
|turn|13
|join|InnovativeUsername
|
|switch|p2a: Venus|Blissey, F|560\/714
|move|p1a: Tentacruel|Toxic Spikes|p2a: Venus
|-sidestart|p2: Bob the Bro|move: Toxic Spikes
|
|-heal|p1a: Tentacruel|326\/364|[from] item: Black Sludge
|-heal|p2a: Venus|604\/714|[from] item: Leftovers
|turn|14
|
|switch|p1a: Pidgeot|Pidgeot-Mega, F|307\/307
|move|p2a: Venus|Wish|p2a: Venus
|
|-heal|p2a: Venus|648\/714|[from] item: Leftovers
|turn|15
|
|switch|p2a: Archilles|Aggron-Mega, F|344\/344
|move|p1a: Pidgeot|Work Up|p1a: Pidgeot
|-boost|p1a: Pidgeot|atk|1
|-boost|p1a: Pidgeot|spa|1
|
|turn|16
|leave|therandanman
|
|switch|p1a: Tentacruel|Tentacruel, M|326\/364
|move|p2a: Archilles|Stealth Rock|p1a: Tentacruel
|-sidestart|p1: trevor ellis|move: Stealth Rock
|
|-heal|p1a: Tentacruel|348\/364|[from] item: Black Sludge
|turn|17
|
|switch|p2a: Freyja|Togetic, M|131\/314
|move|p1a: Tentacruel|Rapid Spin|p2a: Freyja
|-damage|p2a: Freyja|124\/314
|-sideend|p1: trevor ellis|Stealth Rock|[from] move: Rapid Spin|[of] p1a: Tentacruel
|
|-heal|p1a: Tentacruel|364\/364|[from] item: Black Sludge
|turn|18
|
|move|p1a: Tentacruel|Acid Spray|p2a: Freyja
|-supereffective|p2a: Freyja
|-damage|p2a: Freyja|74\/314
|-unboost|p2a: Freyja|spd|2
|move|p2a: Freyja|Roost|p2a: Freyja
|-heal|p2a: Freyja|231\/314
|
|turn|19
|
|move|p1a: Tentacruel|Acid Spray|p2a: Freyja
|-supereffective|p2a: Freyja
|-damage|p2a: Freyja|127\/314
|-unboost|p2a: Freyja|spd|2
|move|p2a: Freyja|Roost|p2a: Freyja
|-heal|p2a: Freyja|284\/314
|
|turn|20
|
|switch|p2a: Venus|Blissey, F|648\/714
|-status|p2a: Venus|psn
|move|p1a: Tentacruel|Acid Spray|p2a: Venus
|-damage|p2a: Venus|620\/714 psn
|-unboost|p2a: Venus|spd|2
|
|-heal|p2a: Venus|664\/714 psn|[from] item: Leftovers
|-damage|p2a: Venus|575\/714 psn|[from] psn
|turn|21
|
|move|p1a: Tentacruel|Scald|p2a: Venus
|-damage|p2a: Venus|458\/714 psn
|move|p2a: Venus|Wish|p2a: Venus
|
|-heal|p2a: Venus|502\/714 psn|[from] item: Leftovers
|-damage|p2a: Venus|413\/714 psn|[from] psn
|turn|22
|
|switch|p2a: Kraken|Tentacruel, M|45\/364
|-sideend|p2: Bob the Bro|move: Toxic Spikes|[of] p2a: Kraken
|move|p1a: Tentacruel|Scald|p2a: Kraken
|-resisted|p2a: Kraken
|-damage|p2a: Kraken|10\/364
|
|-heal|p2a: Kraken|364\/364|[from] move: Wish|[wisher] Venus
|turn|23
|c|âBob the Bro|ez
|c|âtrevor ellis|rolls
|
|move|p1a: Tentacruel|Acid Spray|p2a: Kraken
|-resisted|p2a: Kraken
|-damage|p2a: Kraken|347\/364
|-unboost|p2a: Kraken|spd|2
|move|p2a: Kraken|Toxic Spikes|p1a: Tentacruel
|-sidestart|p1: trevor ellis|move: Toxic Spikes
|
|-heal|p2a: Kraken|364\/364|[from] item: Black Sludge
|turn|24
|
|move|p1a: Tentacruel|Toxic Spikes|p2a: Kraken
|-sidestart|p2: Bob the Bro|move: Toxic Spikes
|move|p2a: Kraken|Scald|p1a: Tentacruel
|-resisted|p1a: Tentacruel
|-damage|p1a: Tentacruel|328\/364
|
|-heal|p1a: Tentacruel|350\/364|[from] item: Black Sludge
|turn|25
|
|switch|p1a: Pidgeot|Pidgeot-Mega, F|307\/307
|move|p2a: Kraken|Scald|p1a: Pidgeot
|-damage|p1a: Pidgeot|213\/307
|
|turn|26
|
|switch|p2a: Archilles|Aggron-Mega, F|344\/344
|move|p1a: Pidgeot|Hurricane|p2a: Archilles
|-resisted|p2a: Archilles
|-damage|p2a: Archilles|260\/344
|
|turn|27
|
|switch|p1a: Tentacruel|Tentacruel, M|350\/364
|-sideend|p1: trevor ellis|move: Toxic Spikes|[of] p1a: Tentacruel
|switch|p2a: Kraken|Tentacruel, M|364\/364
|-sideend|p2: Bob the Bro|move: Toxic Spikes|[of] p2a: Kraken
|
|-heal|p1a: Tentacruel|364\/364|[from] item: Black Sludge
|turn|28
|
|move|p1a: Tentacruel|Toxic Spikes|p2a: Kraken
|-sidestart|p2: Bob the Bro|move: Toxic Spikes
|move|p2a: Kraken|Scald|p1a: Tentacruel
|-resisted|p1a: Tentacruel
|-damage|p1a: Tentacruel|331\/364
|
|-heal|p1a: Tentacruel|353\/364|[from] item: Black Sludge
|turn|29
|
|switch|p1a: Pidgeot|Pidgeot-Mega, F|213\/307
|move|p2a: Kraken|Scald|p1a: Pidgeot
|-damage|p1a: Pidgeot|111\/307
|
|turn|30
|
|move|p1a: Pidgeot|Roost|p1a: Pidgeot
|-heal|p1a: Pidgeot|265\/307
|move|p2a: Kraken|Rapid Spin|p1a: Pidgeot
|-damage|p1a: Pidgeot|251\/307
|-sideend|p2: Bob the Bro|Toxic Spikes|[from] move: Rapid Spin|[of] p2a: Kraken
|
|turn|31
|
|switch|p2a: Archilles|Aggron-Mega, F|260\/344
|move|p1a: Pidgeot|Hurricane|p2a: Archilles
|-resisted|p2a: Archilles
|-damage|p2a: Archilles|173\/344
|
|turn|32
|c|âtrevor ellis|confuzzle where
|
|switch|p1a: Tentacruel|Tentacruel, M|353\/364
|move|p2a: Archilles|Heavy Slam|p1a: Tentacruel
|-resisted|p1a: Tentacruel
|-damage|p1a: Tentacruel|270\/364
|
|-heal|p1a: Tentacruel|292\/364|[from] item: Black Sludge
|turn|33
|
|switch|p1a: Pidgeot|Pidgeot-Mega, F|251\/307
|switch|p2a: Serpentine|Zygarde|404\/404
|-ability|p2a: Serpentine|Aura Break
|
|turn|34
|
|move|p1a: Pidgeot|Hurricane|p2a: Serpentine
|-damage|p2a: Serpentine|245\/404
|-start|p2a: Serpentine|confusion
|-activate|p2a: Serpentine|confusion
|move|p2a: Serpentine|Coil|p2a: Serpentine
|-boost|p2a: Serpentine|atk|1
|-boost|p2a: Serpentine|def|1
|-boost|p2a: Serpentine|accuracy|1
|
|-heal|p2a: Serpentine|270\/404|[from] item: Leftovers
|turn|35
|
|move|p1a: Pidgeot|Hurricane|p2a: Serpentine
|-damage|p2a: Serpentine|128\/404
|-activate|p2a: Serpentine|confusion
|move|p2a: Serpentine|Dragon Tail|p1a: Pidgeot
|-damage|p1a: Pidgeot|133\/307
|drag|p1a: Aromatisse|Aromatisse, F|405\/405
|
|-heal|p2a: Serpentine|153\/404|[from] item: Leftovers
|turn|36
|c|âBob the Bro|oh
|
|switch|p2a: Venus|Blissey, F|413\/714
|switch|p1a: Tentacruel|Tentacruel, M|292\/364
|
|-heal|p1a: Tentacruel|314\/364|[from] item: Black Sludge
|-heal|p2a: Venus|457\/714|[from] item: Leftovers
|turn|37
|
|move|p1a: Tentacruel|Toxic Spikes|p2a: Venus
|-sidestart|p2: Bob the Bro|move: Toxic Spikes
|move|p2a: Venus|Wish|p2a: Venus
|
|-heal|p1a: Tentacruel|336\/364|[from] item: Black Sludge
|-heal|p2a: Venus|501\/714|[from] item: Leftovers
|turn|38
|
|switch|p2a: Archilles|Aggron-Mega, F|173\/344
|move|p1a: Tentacruel|Scald|p2a: Archilles
|-damage|p2a: Archilles|104\/344
|-status|p2a: Archilles|brn
|
|-heal|p2a: Archilles|344\/344 brn|[from] move: Wish|[wisher] Venus
|-heal|p1a: Tentacruel|358\/364|[from] item: Black Sludge
|-damage|p2a: Archilles|301\/344 brn|[from] brn
|turn|39
|c|âtrevor ellis|burn
|join|LessThanThreeMan
|c|âtrevor ellis|well trained
|
|switch|p1a: Snorlax|Snorlax, F|509\/509
|switch|p2a: Freyja|Togetic, M|284\/314
|
|turn|40
|
|switch|p1a: Pidgeot|Pidgeot-Mega, F|133\/307
|move|p2a: Freyja|Heal Bell|p2a: Freyja
|-cureteam|p2a: Freyja|[from] move: HealBell
|
|turn|41
|
|switch|p2a: Kraken|Tentacruel, M|364\/364
|-sideend|p2: Bob the Bro|move: Toxic Spikes|[of] p2a: Kraken
|move|p1a: Pidgeot|Roost|p1a: Pidgeot
|-heal|p1a: Pidgeot|287\/307
|
|turn|42
|
|switch|p2a: Archilles|Aggron-Mega, F|301\/344
|move|p1a: Pidgeot|Work Up|p1a: Pidgeot
|-boost|p1a: Pidgeot|atk|1
|-boost|p1a: Pidgeot|spa|1
|
|turn|43
|c|âtrevor ellis|im gonna confuse you
|c|âtrevor ellis|and youre gonna hit your self
|
|switch|p1a: Tentacruel|Tentacruel, M|358\/364
|move|p2a: Archilles|Stealth Rock|p1a: Tentacruel
|-sidestart|p1: trevor ellis|move: Stealth Rock
|
|-heal|p1a: Tentacruel|364\/364|[from] item: Black Sludge
|turn|44
|
|switch|p2a: Hades|Shedinja|1\/1
|move|p1a: Tentacruel|Toxic Spikes|p2a: Hades
|-sidestart|p2: Bob the Bro|move: Toxic Spikes
|
|turn|45
|
|switch|p1a: Pidgeot|Pidgeot-Mega, F|287\/307
|-damage|p1a: Pidgeot|211\/307|[from] Stealth Rock
|move|p2a: Hades|Will-O-Wisp|p1a: Pidgeot
|-status|p1a: Pidgeot|brn
|
|-damage|p1a: Pidgeot|173\/307 brn|[from] brn
|turn|46
|
|switch|p2a: Archilles|Aggron-Mega, F|301\/344
|move|p1a: Pidgeot|Refresh|p1a: Pidgeot
|-curestatus|p1a: Pidgeot|brn
|
|turn|47
|
|switch|p1a: Tentacruel|Tentacruel, M|364\/364
|-damage|p1a: Tentacruel|319\/364|[from] Stealth Rock
|switch|p2a: Kraken|Tentacruel, M|364\/364
|-sideend|p2: Bob the Bro|move: Toxic Spikes|[of] p2a: Kraken
|
|-heal|p1a: Tentacruel|341\/364|[from] item: Black Sludge
|turn|48
|
|move|p1a: Tentacruel|Toxic Spikes|p2a: Kraken
|-sidestart|p2: Bob the Bro|move: Toxic Spikes
|move|p2a: Kraken|Scald|p1a: Tentacruel
|-resisted|p1a: Tentacruel
|-damage|p1a: Tentacruel|309\/364
|
|-heal|p1a: Tentacruel|331\/364|[from] item: Black Sludge
|turn|49
|c| Jimmy Russel|riveting match boys
|
|move|p1a: Tentacruel|Rapid Spin|p2a: Kraken
|-damage|p2a: Kraken|354\/364
|-sideend|p1: trevor ellis|Stealth Rock|[from] move: Rapid Spin|[of] p1a: Tentacruel
|move|p2a: Kraken|Scald|p1a: Tentacruel
|-resisted|p1a: Tentacruel
|-damage|p1a: Tentacruel|299\/364
|
|-heal|p1a: Tentacruel|321\/364|[from] item: Black Sludge
|-heal|p2a: Kraken|364\/364|[from] item: Black Sludge
|turn|50
|c|âtrevor ellis|ik
|c|âBob the Bro|fkn burn
|c| secret kekleon|refresh?
|c|âBob the Bro|pls
|
|switch|p1a: Pidgeot|Pidgeot-Mega, F|173\/307
|move|p2a: Kraken|Rapid Spin|p1a: Pidgeot
|-damage|p1a: Pidgeot|158\/307
|-sideend|p2: Bob the Bro|Toxic Spikes|[from] move: Rapid Spin|[of] p2a: Kraken
|
|turn|51
|
|switch|p2a: Archilles|Aggron-Mega, F|301\/344
|move|p1a: Pidgeot|Hurricane|p2a: Archilles
|-resisted|p2a: Archilles
|-damage|p2a: Archilles|224\/344
|
|turn|52
|c|âtrevor ellis|confuseeeeeee
|c|âtrevor ellis|you fuck boy
|
|switch|p1a: Tentacruel|Tentacruel, M|321\/364
|move|p2a: Archilles|Stealth Rock|p1a: Tentacruel
|-sidestart|p1: trevor ellis|move: Stealth Rock
|
|-heal|p1a: Tentacruel|343\/364|[from] item: Black Sludge
|turn|53
|c|âBob the Bro|gonna
|c|âBob the Bro|pp stall hurricanes
|c|âtrevor ellis|i see
|
|switch|p1a: Pidgeot|Pidgeot-Mega, F|158\/307
|-damage|p1a: Pidgeot|82\/307|[from] Stealth Rock
|switch|p2a: Hades|Shedinja|1\/1
|
|turn|54
|
|switch|p2a: Archilles|Aggron-Mega, F|224\/344
|move|p1a: Pidgeot|Roost|p1a: Pidgeot
|-heal|p1a: Pidgeot|236\/307
|
|turn|55
|
|switch|p1a: Tentacruel|Tentacruel, M|343\/364
|-damage|p1a: Tentacruel|298\/364|[from] Stealth Rock
|move|p2a: Archilles|Heavy Slam|p1a: Tentacruel
|-resisted|p1a: Tentacruel
|-damage|p1a: Tentacruel|201\/364
|
|-heal|p1a: Tentacruel|223\/364|[from] item: Black Sludge
|turn|56
|
|switch|p2a: Hades|Shedinja|1\/1
|move|p1a: Tentacruel|Toxic Spikes|p2a: Hades
|-sidestart|p2: Bob the Bro|move: Toxic Spikes
|
|-heal|p1a: Tentacruel|245\/364|[from] item: Black Sludge
|turn|57
|
|switch|p1a: Snorlax|Snorlax, F|509\/509
|-damage|p1a: Snorlax|446\/509|[from] Stealth Rock
|move|p2a: Hades|Swords Dance|p2a: Hades
|-boost|p2a: Hades|atk|2
|
|-heal|p1a: Snorlax|477\/509|[from] item: Leftovers
|turn|58
|c|âBob the Bro|reveal pursuit
|
|switch|p1a: Pidgeot|Pidgeot-Mega, F|236\/307
|-damage|p1a: Pidgeot|160\/307|[from] Stealth Rock
|move|p2a: Hades|X-Scissor|p1a: Pidgeot
|-resisted|p1a: Pidgeot
|-damage|p1a: Pidgeot|22\/307
|
|turn|59
|c| secret kekleon|dam
|
|move|p1a: Pidgeot|Hurricane|p2a: Hades
|-supereffective|p2a: Hades
|-enditem|p2a: Hades|Focus Sash
|-damage|p2a: Hades|1\/1
|move|p2a: Hades|X-Scissor|p1a: Pidgeot
|-resisted|p1a: Pidgeot
|-damage|p1a: Pidgeot|0 fnt
|faint|p1a: Pidgeot
|
|c|âBob the Bro|ez
|
|switch|p1a: Jirachi|Jirachi|341\/341
|-damage|p1a: Jirachi|320\/341|[from] Stealth Rock
|turn|60
|c| Jimmy Russel|shedinja putting in a shift
|
|switch|p2a: Kraken|Tentacruel, M|364\/364
|-sideend|p2: Bob the Bro|move: Toxic Spikes|[of] p2a: Kraken
|move|p1a: Jirachi|Trick|p2a: Kraken
|-activate|p1a: Jirachi|move: Trick|[of] p2a: Kraken
|-item|p2a: Kraken|Choice Scarf|[from] move: Trick
|-item|p1a: Jirachi|Black Sludge|[from] move: Trick
|
|-damage|p1a: Jirachi|278\/341|[from] item: Black Sludge
|turn|61
|
|move|p2a: Kraken|Scald|p1a: Jirachi
|-damage|p1a: Jirachi|193\/341
|-status|p1a: Jirachi|brn
|move|p1a: Jirachi|U-turn|p2a: Kraken
|-resisted|p2a: Kraken
|-damage|p2a: Kraken|346\/364
|
|switch|p1a: Tentacruel|Tentacruel, M|245\/364
|-damage|p1a: Tentacruel|200\/364|[from] Stealth Rock
|
|-heal|p1a: Tentacruel|222\/364|[from] item: Black Sludge
|turn|62
|
|switch|p2a: Hades|Shedinja|1\/1
|move|p1a: Tentacruel|Toxic Spikes|p2a: Hades
|-sidestart|p2: Bob the Bro|move: Toxic Spikes
|
|-heal|p1a: Tentacruel|244\/364|[from] item: Black Sludge
|turn|63
|c|âBob the Bro|its my game y?
|
|switch|p1a: Jirachi|Jirachi|193\/341 brn
|-damage|p1a: Jirachi|172\/341 brn|[from] Stealth Rock
|move|p2a: Hades|Swords Dance|p2a: Hades
|-boost|p2a: Hades|atk|2
|
|-damage|p1a: Jirachi|130\/341 brn|[from] item: Black Sludge
|-damage|p1a: Jirachi|88\/341 brn|[from] brn
|turn|64
|c|âtrevor ellis|n
|c|âtrevor ellis|lol
|
|move|p2a: Hades|Shadow Sneak|p1a: Jirachi
|-supereffective|p1a: Jirachi
|-damage|p1a: Jirachi|0 fnt
|faint|p1a: Jirachi
|
|c|âtrevor ellis|gg
|leave|trevor ellis
|player|p1
|leave|InnovativeUsername
|c| secret kekleon|voice me
|leave|Jimmy Russel
|join|Lizerd Skwod
|leave|DrReuniclus3
|c| secret kekleon|i help forf
|c|âBob the Bro|doesnt work with tour matches
|c| secret kekleon|o
|leave|Lizerd Skwod
|leave|LessThanThreeMan
|leave|secret kekleon
|join|Lizerd Skwod
|leave|Lizerd Skwod
|-message|Player 1 lost due to inactivity.
|
|win|Bob the Bro