|join|trevor ellis
|join|naruto(sage)
|player|p1|trevor ellis|112
|player|p2|naruto(sage)|260
|gametype|singles
|gen|6
|tier|UU
|rated
|rule|Sleep Clause Mod: Limit one foe put to sleep
|rule|Species Clause: Limit one of each PokÃ©mon
|rule|OHKO Clause: OHKO moves are banned
|rule|Moody Clause: Moody is banned
|rule|Evasion Moves Clause: Evasion moves are banned
|rule|Endless Battle Clause: Forcing endless battles is banned
|rule|HP Percentage Mod: HP is shown in percentages
|clearpoke
|poke|p1|Zygarde
|poke|p1|Tentacruel, M
|poke|p1|Aerodactyl, F
|poke|p1|Sableye, M
|poke|p1|Whimsicott, M
|poke|p1|Jirachi
|poke|p2|Alakazam, F
|poke|p2|Azelf
|poke|p2|Milotic, F
|poke|p2|Crobat, F
|poke|p2|Hippowdon, F
|poke|p2|Roserade, F
|rule|Swagger Clause: Swagger is banned
|rule|Baton Pass Clause: Limit one PokÃ©mon knowing Baton Pass
|teampreview
|
|start
|switch|p1a: Jirachi|Jirachi|341\/341
|switch|p2a: Roserade|Roserade, F|261\/261
|turn|1
|
|move|p1a: Jirachi|U-turn|p2a: Roserade
|-damage|p2a: Roserade|159\/261
|
|switch|p1a: Whimsicott|Whimsicott, M|261\/261
|move|p2a: Roserade|Sleep Powder|p1a: Whimsicott
|-fail|p1a: Whimsicott
|
|-heal|p2a: Roserade|175\/261|[from] item: Black Sludge
|turn|2
|
|move|p1a: Whimsicott|Psychic|p2a: Roserade
|-supereffective|p2a: Roserade
|-damage|p2a: Roserade|0 fnt
|faint|p2a: Roserade
|
|join|BIG SCHLONG MCDONG
|
|switch|p2a: Crobat|Crobat, F|312\/312
|turn|3
|
|switch|p1a: Jirachi|Jirachi|341\/341
|move|p2a: Crobat|Brave Bird|p1a: Jirachi
|-resisted|p1a: Jirachi
|-damage|p1a: Jirachi|260\/341
|-damage|p2a: Crobat|285\/312|[from] recoil|[of] p1a: Jirachi
|
|-heal|p2a: Crobat|304\/312|[from] item: Black Sludge
|turn|4
|
|move|p1a: Jirachi|Trick|p2a: Crobat
|-activate|p1a: Jirachi|move: Trick|[of] p2a: Crobat
|-item|p2a: Crobat|Choice Scarf|[from] move: Trick
|-item|p1a: Jirachi|Black Sludge|[from] move: Trick
|move|p2a: Crobat|U-turn|p1a: Jirachi
|-damage|p1a: Jirachi|197\/341
|
|switch|p2a: Azelf|Azelf|292\/292
|
|-damage|p1a: Jirachi|155\/341|[from] item: Black Sludge
|turn|5
|
|switch|p1a: Sableye|Sableye, M|304\/304
|move|p2a: Azelf|Knock Off|p1a: Sableye
|-damage|p1a: Sableye|118\/304
|-enditem|p1a: Sableye|Leftovers|[from] move: Knock Off|[of] p2a: Azelf
|-damage|p2a: Azelf|263\/292|[from] item: Life Orb
|
|turn|6
|
|switch|p2a: Alakazam|Alakazam, F|251\/251
|move|p1a: Sableye|Will-O-Wisp|p2a: Alakazam
|-status|p2a: Alakazam|brn
|
|turn|7
|
|move|p2a: Alakazam|Dazzling Gleam|p1a: Sableye
|-supereffective|p1a: Sableye
|-damage|p1a: Sableye|0 fnt
|faint|p1a: Sableye
|
|
|switch|p1a: Aerodactyl|Aerodactyl, F|359\/359
|turn|8
|
|detailschange|p1a: Aerodactyl|Aerodactyl-Mega, F
|message|Aerodactyl has Mega Evolved into Mega Aerodactyl!
|move|p2a: Alakazam|Psyshock|p1a: Aerodactyl
|-damage|p1a: Aerodactyl|196\/359
|move|p1a: Aerodactyl|Pursuit|p2a: Alakazam
|-supereffective|p2a: Alakazam
|-damage|p2a: Alakazam|37\/251 brn
|
|turn|9
|
|move|p1a: Aerodactyl|Stealth Rock|p2a: Alakazam
|-sidestart|p2: naruto(sage)|move: Stealth Rock
|move|p2a: Alakazam|Shadow Ball|p1a: Aerodactyl
|-damage|p1a: Aerodactyl|92\/359
|
|turn|10
|
|move|p1a: Aerodactyl|Roost|p1a: Aerodactyl
|-heal|p1a: Aerodactyl|272\/359
|move|p2a: Alakazam|Psyshock|p1a: Aerodactyl
|-damage|p1a: Aerodactyl|95\/359
|
|turn|11
|
|move|p1a: Aerodactyl|Roost|p1a: Aerodactyl
|-heal|p1a: Aerodactyl|275\/359
|move|p2a: Alakazam|Psyshock|p1a: Aerodactyl
|-damage|p1a: Aerodactyl|116\/359
|
|turn|12
|
|move|p1a: Aerodactyl|Pursuit|p2a: Alakazam
|-supereffective|p2a: Alakazam
|-damage|p2a: Alakazam|0 fnt
|faint|p2a: Alakazam
|
|join|Tipsy Russian
|
|switch|p2a: Hippowdon|Hippowdon, F|420\/420
|-damage|p2a: Hippowdon|394\/420|[from] Stealth Rock
|-weather|Sandstorm
|turn|13
|
|move|p1a: Aerodactyl|Roost|p1a: Aerodactyl
|-heal|p1a: Aerodactyl|296\/359
|move|p2a: Hippowdon|Earthquake|p1a: Aerodactyl
|-supereffective|p1a: Aerodactyl
|-damage|p1a: Aerodactyl|0 fnt
|faint|p1a: Aerodactyl
|
|-weather|Sandstorm|[upkeep]
|-heal|p2a: Hippowdon|420\/420|[from] item: Leftovers
|
|switch|p1a: Whimsicott|Whimsicott, M|261\/261
|turn|14
|join|gobosox
|
|move|p1a: Whimsicott|Moonblast|p2a: Hippowdon
|-damage|p2a: Hippowdon|218\/420
|-unboost|p2a: Hippowdon|spa|1
|move|p2a: Hippowdon|Stealth Rock|p1a: Whimsicott
|-sidestart|p1: trevor ellis|move: Stealth Rock
|
|-weather|Sandstorm|[upkeep]
|-damage|p1a: Whimsicott|245\/261|[from] sandstorm
|-heal|p2a: Hippowdon|244\/420|[from] item: Leftovers
|turn|15
|
|switch|p1a: Jirachi|Jirachi|155\/341
|-damage|p1a: Jirachi|134\/341|[from] Stealth Rock
|move|p2a: Hippowdon|Slack Off|p2a: Hippowdon
|-heal|p2a: Hippowdon|420\/420
|
|-weather|Sandstorm|[upkeep]
|-damage|p1a: Jirachi|92\/341|[from] item: Black Sludge
|turn|16
|c| gobosox|why is that milotic not shiny
|
|switch|p2a: Crobat|Crobat, F|304\/312
|-damage|p2a: Crobat|226\/312|[from] Stealth Rock
|move|p1a: Jirachi|Trick|p2a: Crobat
|-activate|p1a: Jirachi|move: Trick|[of] p2a: Crobat
|-item|p2a: Crobat|Black Sludge|[from] move: Trick
|-item|p1a: Jirachi|Choice Scarf|[from] move: Trick
|
|-weather|Sandstorm|[upkeep]
|-damage|p2a: Crobat|207\/312|[from] sandstorm
|-heal|p2a: Crobat|226\/312|[from] item: Black Sludge
|turn|17
|c|ânaruto(sage)|cuz he doesnt want to be
|c|ânaruto(sage)|get predicted
|
|move|p1a: Jirachi|Iron Head|p2a: Crobat
|-damage|p2a: Crobat|78\/312
|cant|p2a: Crobat|flinch
|
|-weather|none
|-heal|p2a: Crobat|97\/312|[from] item: Black Sludge
|turn|18
|c| gobosox|milotic is a girl and it should be shiny smh
|leave|Tipsy Russian
|c|âtrevor ellis|maybe that was a win win for me
|c|âtrevor ellis|and it didnt matter what you did
|c| gobosox|trevor knows about milotics
|
|switch|p1a: Zygarde|Zygarde|404\/404
|-damage|p1a: Zygarde|379\/404|[from] Stealth Rock
|-ability|p1a: Zygarde|Aura Break
|switch|p2a: Hippowdon|Hippowdon, F|420\/420
|-damage|p2a: Hippowdon|394\/420|[from] Stealth Rock
|-weather|Sandstorm
|
|-weather|Sandstorm|[upkeep]
|-heal|p1a: Zygarde|404\/404|[from] item: Leftovers
|-heal|p2a: Hippowdon|420\/420|[from] item: Leftovers
|turn|19
|
|switch|p1a: Tentacruel|Tentacruel, M|364\/364
|-damage|p1a: Tentacruel|319\/364|[from] Stealth Rock
|move|p2a: Hippowdon|Earthquake|p1a: Tentacruel
|-supereffective|p1a: Tentacruel
|-damage|p1a: Tentacruel|31\/364
|
|-weather|Sandstorm|[upkeep]
|-damage|p1a: Tentacruel|9\/364|[from] sandstorm
|-heal|p1a: Tentacruel|31\/364|[from] item: Black Sludge
|turn|20
|
|move|p1a: Tentacruel|Toxic Spikes|p2a: Hippowdon
|-sidestart|p2: naruto(sage)|move: Toxic Spikes
|move|p2a: Hippowdon|Earthquake|p1a: Tentacruel
|-supereffective|p1a: Tentacruel
|-damage|p1a: Tentacruel|0 fnt
|faint|p1a: Tentacruel
|
|-weather|Sandstorm|[upkeep]
|
|switch|p1a: Whimsicott|Whimsicott, M|245\/261
|-damage|p1a: Whimsicott|213\/261|[from] Stealth Rock
|turn|21
|
|move|p1a: Whimsicott|Giga Drain|p2a: Hippowdon
|-supereffective|p2a: Hippowdon
|-damage|p2a: Hippowdon|142\/420
|-heal|p1a: Whimsicott|261\/261|[from] drain|[of] p2a: Hippowdon
|move|p2a: Hippowdon|Slack Off|p2a: Hippowdon
|-heal|p2a: Hippowdon|352\/420
|
|-weather|Sandstorm|[upkeep]
|-damage|p1a: Whimsicott|245\/261|[from] sandstorm
|-heal|p2a: Hippowdon|378\/420|[from] item: Leftovers
|turn|22
|
|switch|p2a: Azelf|Azelf|263\/292
|-damage|p2a: Azelf|227\/292|[from] Stealth Rock
|move|p1a: Whimsicott|Giga Drain|p2a: Azelf
|-damage|p2a: Azelf|7\/292
|-heal|p1a: Whimsicott|261\/261|[from] drain|[of] p2a: Azelf
|
|-weather|none
|turn|23
|
|switch|p1a: Jirachi|Jirachi|92\/341
|-damage|p1a: Jirachi|71\/341|[from] Stealth Rock
|move|p2a: Azelf|Explosion|p1a: Jirachi
|-resisted|p1a: Jirachi
|-damage|p1a: Jirachi|0 fnt
|faint|p2a: Azelf
|faint|p1a: Jirachi
|
|
|switch|p2a: Crobat|Crobat, F|97\/312
|-damage|p2a: Crobat|19\/312|[from] Stealth Rock
|switch|p1a: Zygarde|Zygarde|404\/404
|-damage|p1a: Zygarde|379\/404|[from] Stealth Rock
|-ability|p1a: Zygarde|Aura Break
|turn|24
|
|move|p2a: Crobat|Brave Bird|p1a: Zygarde
|-damage|p1a: Zygarde|235\/404
|-damage|p2a: Crobat|0 fnt|[from] recoil|[of] p1a: Zygarde
|faint|p2a: Crobat
|move|p1a: Zygarde|Coil|p1a: Zygarde
|-boost|p1a: Zygarde|atk|1
|-boost|p1a: Zygarde|def|1
|-boost|p1a: Zygarde|accuracy|1
|
|-heal|p1a: Zygarde|260\/404|[from] item: Leftovers
|
|switch|p2a: Milotic|Milotic, F|394\/394
|-damage|p2a: Milotic|345\/394|[from] Stealth Rock
|-status|p2a: Milotic|psn
|turn|25
|
|move|p1a: Zygarde|Substitute|p1a: Zygarde
|-start|p1a: Zygarde|Substitute
|-damage|p1a: Zygarde|159\/404
|move|p2a: Milotic|Ice Beam|p1a: Zygarde
|-supereffective|p1a: Zygarde
|-end|p1a: Zygarde|Substitute
|
|-heal|p1a: Zygarde|184\/404|[from] item: Leftovers
|-heal|p2a: Milotic|369\/394 psn|[from] item: Leftovers
|-damage|p2a: Milotic|320\/394 psn|[from] psn
|turn|26
|
|move|p1a: Zygarde|Earthquake|p2a: Milotic
|-damage|p2a: Milotic|92\/394 psn
|move|p2a: Milotic|Refresh|p2a: Milotic
|-curestatus|p2a: Milotic|psn
|
|-heal|p1a: Zygarde|209\/404|[from] item: Leftovers
|-heal|p2a: Milotic|116\/394|[from] item: Leftovers
|turn|27
|
|switch|p2a: Hippowdon|Hippowdon, F|378\/420
|-damage|p2a: Hippowdon|352\/420|[from] Stealth Rock
|-status|p2a: Hippowdon|psn
|-weather|Sandstorm
|move|p1a: Zygarde|Earthquake|p2a: Hippowdon
|-damage|p2a: Hippowdon|213\/420 psn
|
|-weather|Sandstorm|[upkeep]
|-heal|p1a: Zygarde|234\/404|[from] item: Leftovers
|-heal|p2a: Hippowdon|239\/420 psn|[from] item: Leftovers
|-damage|p2a: Hippowdon|187\/420 psn|[from] psn
|turn|28
|
|move|p1a: Zygarde|Dragon Tail|p2a: Hippowdon
|-damage|p2a: Hippowdon|93\/420 psn
|drag|p2a: Milotic|Milotic, F|116\/394
|-damage|p2a: Milotic|67\/394|[from] Stealth Rock
|-status|p2a: Milotic|psn
|
|-weather|Sandstorm|[upkeep]
|-damage|p2a: Milotic|43\/394 psn|[from] sandstorm
|-heal|p1a: Zygarde|259\/404|[from] item: Leftovers
|-heal|p2a: Milotic|67\/394 psn|[from] item: Leftovers
|-damage|p2a: Milotic|18\/394 psn|[from] psn
|turn|29
|
|move|p1a: Zygarde|Earthquake|p2a: Milotic
|-damage|p2a: Milotic|0 fnt
|faint|p2a: Milotic
|
|-weather|Sandstorm|[upkeep]
|-heal|p1a: Zygarde|284\/404|[from] item: Leftovers
|
|switch|p2a: Hippowdon|Hippowdon, F|93\/420 psn
|-damage|p2a: Hippowdon|67\/420 psn|[from] Stealth Rock
|turn|30
|c|ânaruto(sage)|gg
|c|âtrevor ellis|gg
|
|move|p1a: Zygarde|Earthquake|p2a: Hippowdon
|-damage|p2a: Hippowdon|0 fnt
|faint|p2a: Hippowdon
|
|win|trevor ellis
|raw|Ladder updating...
|raw|trevor ellis's rating: 1637 &rarr; <strong>1644<\/strong><br \/>(+7 for winning)
|raw|naruto(sage)'s rating: 1359 &rarr; <strong>1352<\/strong><br \/>(-7 for losing)
|leave|naruto(sage)
|player|p2
|leave|trevor ellis