|join|leefootlawd
|join|trevor ellis
|player|p1|leefootlawd|253
|player|p2|trevor ellis|112
|gametype|singles
|gen|6
|tier|UU
|rated
|rule|Sleep Clause Mod: Limit one foe put to sleep
|rule|Species Clause: Limit one of each PokÃ©mon
|rule|OHKO Clause: OHKO moves are banned
|rule|Moody Clause: Moody is banned
|rule|Evasion Moves Clause: Evasion moves are banned
|rule|Endless Battle Clause: Forcing endless battles is banned
|rule|HP Percentage Mod: HP is shown in percentages
|clearpoke
|poke|p1|Forretress, M
|poke|p1|Zygarde
|poke|p1|Florges, F
|poke|p1|Crobat, M
|poke|p1|Entei, shiny
|poke|p1|Tangrowth, M
|poke|p2|Nidoqueen, F
|poke|p2|Aerodactyl, M
|poke|p2|Suicune
|poke|p2|Forretress, F
|poke|p2|Hydreigon, M
|poke|p2|Infernape, M
|rule|Swagger Clause: Swagger is banned
|rule|Baton Pass Clause: Limit one PokÃ©mon knowing Baton Pass
|teampreview
|
|start
|switch|p1a: Zygarde|Zygarde|401\/401
|switch|p2a: Suicune|Suicune|404\/404
|-ability|p1a: Zygarde|Aura Break
|-ability|p2a: Suicune|Pressure
|turn|1
|
|move|p1a: Zygarde|Coil|p1a: Zygarde
|-boost|p1a: Zygarde|atk|1
|-boost|p1a: Zygarde|def|1
|-boost|p1a: Zygarde|accuracy|1
|move|p2a: Suicune|Ice Beam|p1a: Zygarde
|-supereffective|p1a: Zygarde
|-damage|p1a: Zygarde|129\/401
|-status|p1a: Zygarde|frz
|
|-heal|p1a: Zygarde|154\/401 frz|[from] item: Leftovers
|turn|2
|c|âtrevor ellis|foolish
|
|switch|p1a: Tangrowth|Tangrowth, M|384\/384
|move|p2a: Suicune|Substitute|p2a: Suicune
|-start|p2a: Suicune|Substitute
|-damage|p2a: Suicune|303\/404
|
|-heal|p2a: Suicune|328\/404|[from] item: Leftovers
|turn|3
|c|âtrevor ellis|as if i would have stuff to beat that
|c|âtrevor ellis|*wouldnt
|c|âleefootlawd|im running into random sets that are like perfect for this team 
|c|âleefootlawd|third time
|c|âleefootlawd|this has happened to me
|
|switch|p1a: Crobat|Crobat, M|312\/312
|move|p2a: Suicune|Ice Beam|p1a: Crobat
|-supereffective|p1a: Crobat
|-damage|p1a: Crobat|122\/312
|
|-heal|p1a: Crobat|141\/312|[from] item: Black Sludge
|-heal|p2a: Suicune|353\/404|[from] item: Leftovers
|turn|4
|c|âtrevor ellis|zygarde is well prepared by balance teams atleast decent ones
|
|switch|p2a: Aerodactyl|Aerodactyl, M|337\/337
|move|p1a: Crobat|Roost|p1a: Crobat
|-heal|p1a: Crobat|297\/312
|
|-heal|p1a: Crobat|312\/312|[from] item: Black Sludge
|turn|5
|c|âleefootlawd|why did you switch just now?
|c|âleefootlawd|hello?
|c|âtrevor ellis|bc you couldve\/shouldve bravebirded
|c|âleefootlawd|no defense?
|c|âtrevor ellis|sub suicune dont run def evs
|c|âtrevor ellis|i could take it easy
|c|âleefootlawd|right
|
|detailschange|p2a: Aerodactyl|Aerodactyl-Mega, M
|message|Aerodactyl has Mega Evolved into Mega Aerodactyl!
|move|p2a: Aerodactyl|Pursuit|p1a: Crobat|[from]Pursuit
|-damage|p1a: Crobat|155\/312
|switch|p1a: Forretress|Forretress, M|354\/354
|
|turn|6
|
|switch|p2a: Nidoqueen|Nidoqueen, F|379\/379
|move|p1a: Forretress|Stealth Rock|p2a: Nidoqueen
|-sidestart|p2: trevor ellis|move: Stealth Rock
|
|turn|7
|
|switch|p1a: Tangrowth|Tangrowth, M|384\/384
|move|p2a: Nidoqueen|Stealth Rock|p1a: Tangrowth
|-sidestart|p1: leefootlawd|move: Stealth Rock
|
|turn|8
|
|switch|p2a: Forretress|Forretress, F|354\/354
|-damage|p2a: Forretress|310\/354|[from] Stealth Rock
|move|p1a: Tangrowth|Leaf Storm|p2a: Forretress
|-resisted|p2a: Forretress
|-damage|p2a: Forretress|255\/354
|-unboost|p1a: Tangrowth|spa|2
|
|-heal|p2a: Forretress|277\/354|[from] item: Leftovers
|turn|9
|
|move|p1a: Tangrowth|Hidden Power|p2a: Forretress
|-supereffective|p2a: Forretress
|-damage|p2a: Forretress|133\/354
|move|p2a: Forretress|Rapid Spin|p1a: Tangrowth
|-damage|p1a: Tangrowth|372\/384
|-sideend|p2: trevor ellis|Stealth Rock|[from] move: Rapid Spin|[of] p2a: Forretress
|
|-heal|p2a: Forretress|155\/354|[from] item: Leftovers
|turn|10
|
|switch|p2a: Nidoqueen|Nidoqueen, F|379\/379
|move|p1a: Tangrowth|Knock Off|p2a: Nidoqueen
|-damage|p2a: Nidoqueen|290\/379
|-enditem|p2a: Nidoqueen|Life Orb|[from] move: Knock Off|[of] p1a: Tangrowth
|
|turn|11
|
|switch|p1a: Forretress|Forretress, M|354\/354
|-damage|p1a: Forretress|310\/354|[from] Stealth Rock
|move|p2a: Nidoqueen|Sludge Wave|p1a: Forretress
|-immune|p1a: Forretress|[msg]
|
|-heal|p1a: Forretress|332\/354|[from] item: Leftovers
|turn|12
|
|move|p2a: Nidoqueen|Earth Power|p1a: Forretress
|-damage|p1a: Forretress|155\/354
|move|p1a: Forretress|Rapid Spin|p2a: Nidoqueen
|-damage|p2a: Nidoqueen|273\/379
|-sideend|p1: leefootlawd|Stealth Rock|[from] move: Rapid Spin|[of] p1a: Forretress
|
|-heal|p1a: Forretress|177\/354|[from] item: Leftovers
|turn|13
|
|switch|p1a: Crobat|Crobat, M|155\/312
|move|p2a: Nidoqueen|Stealth Rock|p1a: Crobat
|-sidestart|p1: leefootlawd|move: Stealth Rock
|
|-heal|p1a: Crobat|174\/312|[from] item: Black Sludge
|turn|14
|
|move|p1a: Crobat|Brave Bird|p2a: Nidoqueen
|-damage|p2a: Nidoqueen|102\/379
|-damage|p1a: Crobat|118\/312|[from] recoil|[of] p2a: Nidoqueen
|move|p2a: Nidoqueen|Thunderbolt|p1a: Crobat
|-supereffective|p1a: Crobat
|-damage|p1a: Crobat|0 fnt
|faint|p1a: Crobat
|
|
|switch|p1a: Entei|Entei, shiny|372\/372
|-damage|p1a: Entei|279\/372|[from] Stealth Rock
|-ability|p1a: Entei|Pressure
|turn|15
|
|move|p1a: Entei|Sacred Fire|p2a: Nidoqueen
|-damage|p2a: Nidoqueen|0 fnt
|faint|p2a: Nidoqueen
|
|
|switch|p2a: Suicune|Suicune|353\/404
|-ability|p2a: Suicune|Pressure
|turn|16
|
|move|p1a: Entei|Sacred Fire|p2a: Suicune
|-resisted|p2a: Suicune
|-damage|p2a: Suicune|239\/404
|-status|p2a: Suicune|brn
|move|p2a: Suicune|Scald|p1a: Entei
|-supereffective|p1a: Entei
|-damage|p1a: Entei|0 fnt
|faint|p1a: Entei
|
|-heal|p2a: Suicune|264\/404 brn|[from] item: Leftovers
|-damage|p2a: Suicune|214\/404 brn|[from] brn
|
|switch|p1a: Florges|Florges, F|360\/360
|-damage|p1a: Florges|315\/360|[from] Stealth Rock
|turn|17
|
|switch|p2a: Forretress|Forretress, F|155\/354
|move|p1a: Florges|Wish|p1a: Florges
|
|-heal|p1a: Florges|337\/360|[from] item: Leftovers
|-heal|p2a: Forretress|177\/354|[from] item: Leftovers
|turn|18
|
|move|p1a: Florges|Aromatherapy|p1a: Florges
|-cureteam|p1a: Florges|[from] move: Aromatherapy
|move|p2a: Forretress|Toxic Spikes|p1a: Florges
|-sidestart|p1: leefootlawd|move: Toxic Spikes
|
|-heal|p1a: Florges|360\/360|[from] move: Wish|[wisher] Florges
|-heal|p2a: Forretress|199\/354|[from] item: Leftovers
|turn|19
|
|move|p1a: Florges|Wish|p1a: Florges
|move|p2a: Forretress|Volt Switch|p1a: Florges
|-damage|p1a: Florges|335\/360
|
|switch|p2a: Hydreigon|Hydreigon, M|325\/325
|
|-heal|p1a: Florges|357\/360|[from] item: Leftovers
|turn|20
|
|switch|p2a: Forretress|Forretress, F|199\/354
|move|p1a: Florges|Moonblast|p2a: Forretress
|-resisted|p2a: Forretress
|-damage|p2a: Forretress|144\/354
|
|-heal|p1a: Florges|360\/360|[from] move: Wish|[wisher] Florges
|-heal|p2a: Forretress|166\/354|[from] item: Leftovers
|turn|21
|
|move|p1a: Florges|Wish|p1a: Florges
|move|p2a: Forretress|Gyro Ball|p1a: Florges
|-supereffective|p1a: Florges
|-damage|p1a: Florges|238\/360
|
|-heal|p1a: Florges|260\/360|[from] item: Leftovers
|-heal|p2a: Forretress|188\/354|[from] item: Leftovers
|turn|22
|
|move|p1a: Florges|Moonblast|p2a: Forretress
|-resisted|p2a: Forretress
|-damage|p2a: Forretress|131\/354
|move|p2a: Forretress|Volt Switch|p1a: Florges
|-damage|p1a: Florges|232\/360
|
|switch|p2a: Aerodactyl|Aerodactyl-Mega, M|337\/337
|
|-heal|p1a: Florges|360\/360|[from] move: Wish|[wisher] Florges
|turn|23
|
|move|p2a: Aerodactyl|Aerial Ace|p1a: Florges
|-damage|p1a: Florges|227\/360
|move|p1a: Florges|Wish|p1a: Florges
|
|-heal|p1a: Florges|249\/360|[from] item: Leftovers
|turn|24
|
|switch|p2a: Hydreigon|Hydreigon, M|325\/325
|move|p1a: Florges|Moonblast|p2a: Hydreigon
|-supereffective|p2a: Hydreigon
|-damage|p2a: Hydreigon|0 fnt
|faint|p2a: Hydreigon
|
|-heal|p1a: Florges|360\/360|[from] move: Wish|[wisher] Florges
|
|switch|p2a: Infernape|Infernape, M|293\/293
|turn|25
|
|move|p2a: Infernape|Flare Blitz|p1a: Florges
|-damage|p1a: Florges|204\/360
|-damage|p2a: Infernape|242\/293|[from] recoil|[of] p1a: Florges
|move|p1a: Florges|Wish|p1a: Florges
|
|-heal|p1a: Florges|226\/360|[from] item: Leftovers
|turn|26
|c|âleefootlawd|oh this is hilarious
|
|switch|p2a: Forretress|Forretress, F|131\/354
|move|p1a: Florges|Moonblast|p2a: Forretress
|-crit|p2a: Forretress
|-resisted|p2a: Forretress
|-damage|p2a: Forretress|38\/354
|
|-heal|p1a: Florges|360\/360|[from] move: Wish|[wisher] Florges
|-heal|p2a: Forretress|60\/354|[from] item: Leftovers
|turn|27
|
|move|p1a: Florges|Wish|p1a: Florges
|move|p2a: Forretress|Gyro Ball|p1a: Florges
|-supereffective|p1a: Florges
|-damage|p1a: Florges|250\/360
|
|-heal|p1a: Florges|272\/360|[from] item: Leftovers
|-heal|p2a: Forretress|82\/354|[from] item: Leftovers
|turn|28
|
|move|p1a: Florges|Moonblast|p2a: Forretress
|-resisted|p2a: Forretress
|-damage|p2a: Forretress|22\/354
|move|p2a: Forretress|Gyro Ball|p1a: Florges
|-supereffective|p1a: Florges
|-damage|p1a: Florges|144\/360
|
|-heal|p1a: Florges|324\/360|[from] move: Wish|[wisher] Florges
|-heal|p1a: Florges|346\/360|[from] item: Leftovers
|-heal|p2a: Forretress|44\/354|[from] item: Leftovers
|turn|29
|
|move|p1a: Florges|Moonblast|p2a: Forretress
|-crit|p2a: Forretress
|-resisted|p2a: Forretress
|-damage|p2a: Forretress|0 fnt
|faint|p2a: Forretress
|
|-heal|p1a: Florges|360\/360|[from] item: Leftovers
|
|switch|p2a: Aerodactyl|Aerodactyl-Mega, M|337\/337
|turn|30
|c|âleefootlawd|bring ur sub cune in right now
|c|âleefootlawd|itll help u out
|
|move|p2a: Aerodactyl|Aerial Ace|p1a: Florges
|-damage|p1a: Florges|222\/360
|move|p1a: Florges|Wish|p1a: Florges
|
|-heal|p1a: Florges|244\/360|[from] item: Leftovers
|turn|31
|
|move|p2a: Aerodactyl|Aerial Ace|p1a: Florges
|-damage|p1a: Florges|99\/360
|move|p1a: Florges|Moonblast|p2a: Aerodactyl
|-damage|p2a: Aerodactyl|198\/337
|
|-heal|p1a: Florges|279\/360|[from] move: Wish|[wisher] Florges
|-heal|p1a: Florges|301\/360|[from] item: Leftovers
|turn|32
|
|move|p1a: Florges|Protect|p1a: Florges
|-singleturn|p1a: Florges|Protect
|move|p2a: Aerodactyl|Aerial Ace|p1a: Florges
|-activate|p1a: Florges|Protect
|
|-heal|p1a: Florges|323\/360|[from] item: Leftovers
|turn|33
|
|move|p2a: Aerodactyl|Aerial Ace|p1a: Florges
|-damage|p1a: Florges|187\/360
|move|p1a: Florges|Wish|p1a: Florges
|
|-heal|p1a: Florges|209\/360|[from] item: Leftovers
|turn|34
|
|move|p1a: Florges|Protect|p1a: Florges
|-singleturn|p1a: Florges|Protect
|move|p2a: Aerodactyl|Aerial Ace|p1a: Florges
|-activate|p1a: Florges|Protect
|
|-heal|p1a: Florges|360\/360|[from] move: Wish|[wisher] Florges
|turn|35
|
|move|p2a: Aerodactyl|Roost|p2a: Aerodactyl
|-heal|p2a: Aerodactyl|337\/337
|move|p1a: Florges|Wish|p1a: Florges
|
|turn|36
|
|move|p2a: Aerodactyl|Aerial Ace|p1a: Florges
|-damage|p1a: Florges|225\/360
|move|p1a: Florges|Moonblast|p2a: Aerodactyl
|-damage|p2a: Aerodactyl|198\/337
|
|-heal|p1a: Florges|360\/360|[from] move: Wish|[wisher] Florges
|turn|37
|
|move|p2a: Aerodactyl|Roost|p2a: Aerodactyl
|-heal|p2a: Aerodactyl|337\/337
|move|p1a: Florges|Wish|p1a: Florges
|
|turn|38
|
|switch|p2a: Infernape|Infernape, M|242\/293
|switch|p1a: Forretress|Forretress, M|177\/354
|-damage|p1a: Forretress|133\/354|[from] Stealth Rock
|
|-heal|p1a: Forretress|313\/354|[from] move: Wish|[wisher] Florges
|-heal|p1a: Forretress|335\/354|[from] item: Leftovers
|turn|39
|
|switch|p1a: Zygarde|Zygarde|154\/401
|-damage|p1a: Zygarde|129\/401|[from] Stealth Rock
|-status|p1a: Zygarde|psn
|-ability|p1a: Zygarde|Aura Break
|move|p2a: Infernape|Flare Blitz|p1a: Zygarde
|-resisted|p1a: Zygarde
|-damage|p1a: Zygarde|45\/401 psn
|-damage|p2a: Infernape|214\/293|[from] recoil|[of] p1a: Zygarde
|
|-heal|p1a: Zygarde|70\/401 psn|[from] item: Leftovers
|-damage|p1a: Zygarde|20\/401 psn|[from] psn
|turn|40
|
|move|p1a: Zygarde|Extreme Speed|p2a: Infernape
|-damage|p2a: Infernape|135\/293
|move|p2a: Infernape|Flare Blitz|p1a: Zygarde
|-resisted|p1a: Zygarde
|-damage|p1a: Zygarde|0 fnt
|-damage|p2a: Infernape|128\/293|[from] recoil|[of] p1a: Zygarde
|faint|p1a: Zygarde
|
|c|âtrevor ellis|this is hilarious
|
|switch|p1a: Tangrowth|Tangrowth, M|384\/384
|-status|p1a: Tangrowth|psn
|-damage|p1a: Tangrowth|336\/384 psn|[from] Stealth Rock
|turn|41
|c|âtrevor ellis|fuck boy
|
|move|p2a: Infernape|Flare Blitz|p1a: Tangrowth
|-supereffective|p1a: Tangrowth
|-damage|p1a: Tangrowth|34\/384 psn
|-damage|p2a: Infernape|28\/293|[from] recoil|[of] p1a: Tangrowth
|move|p1a: Tangrowth|Leaf Storm|p2a: Infernape
|-resisted|p2a: Infernape
|-damage|p2a: Infernape|0 fnt
|-unboost|p1a: Tangrowth|spa|2
|faint|p2a: Infernape
|
|-damage|p1a: Tangrowth|0 fnt|[from] psn
|faint|p1a: Tangrowth
|
|switch|p2a: Suicune|Suicune|214\/404 brn
|switch|p1a: Forretress|Forretress, M|335\/354
|-damage|p1a: Forretress|291\/354|[from] Stealth Rock
|-ability|p2a: Suicune|Pressure
|turn|42
|c|âleefootlawd|ur going to lose
|
|move|p2a: Suicune|Calm Mind|p2a: Suicune
|-boost|p2a: Suicune|spa|1
|-boost|p2a: Suicune|spd|1
|move|p1a: Forretress|Rapid Spin|p2a: Suicune
|-damage|p2a: Suicune|201\/404 brn
|-sideend|p1: leefootlawd|Toxic Spikes|[from] move: Rapid Spin|[of] p1a: Forretress
|-sideend|p1: leefootlawd|Stealth Rock|[from] move: Rapid Spin|[of] p1a: Forretress
|
|-heal|p2a: Suicune|226\/404 brn|[from] item: Leftovers
|-heal|p1a: Forretress|313\/354|[from] item: Leftovers
|-damage|p2a: Suicune|176\/404 brn|[from] brn
|turn|43
|c|âtrevor ellis|ok lol
|
|move|p2a: Suicune|Calm Mind|p2a: Suicune
|-boost|p2a: Suicune|spa|1
|-boost|p2a: Suicune|spd|1
|move|p1a: Forretress|Volt Switch|p2a: Suicune
|-crit|p2a: Suicune
|-supereffective|p2a: Suicune
|-damage|p2a: Suicune|74\/404 brn
|
|switch|p1a: Florges|Florges, F|360\/360
|
|-heal|p2a: Suicune|99\/404 brn|[from] item: Leftovers
|-damage|p2a: Suicune|49\/404 brn|[from] brn
|turn|44
|c|âleefootlawd|LOL
|
|move|p2a: Suicune|Scald|p1a: Florges
|-damage|p1a: Florges|200\/360
|-status|p1a: Florges|brn
|move|p1a: Florges|Wish|p1a: Florges
|
|-heal|p2a: Suicune|74\/404 brn|[from] item: Leftovers
|-heal|p1a: Florges|222\/360 brn|[from] item: Leftovers
|-damage|p2a: Suicune|24\/404 brn|[from] brn
|-damage|p1a: Florges|177\/360 brn|[from] brn
|turn|45
|
|switch|p2a: Aerodactyl|Aerodactyl-Mega, M|337\/337
|move|p1a: Florges|Moonblast|p2a: Aerodactyl
|-damage|p2a: Aerodactyl|199\/337
|
|-heal|p1a: Florges|357\/360 brn|[from] move: Wish|[wisher] Florges
|-heal|p1a: Florges|360\/360 brn|[from] item: Leftovers
|-damage|p1a: Florges|315\/360 brn|[from] brn
|turn|46
|
|move|p2a: Aerodactyl|Aerial Ace|p1a: Florges
|-damage|p1a: Florges|173\/360 brn
|move|p1a: Florges|Aromatherapy|p1a: Florges
|-cureteam|p1a: Florges|[from] move: Aromatherapy
|
|-heal|p1a: Florges|195\/360|[from] item: Leftovers
|turn|47
|
|move|p1a: Florges|Protect|p1a: Florges
|-singleturn|p1a: Florges|Protect
|move|p2a: Aerodactyl|Roost|p2a: Aerodactyl
|-heal|p2a: Aerodactyl|337\/337
|
|-heal|p1a: Florges|217\/360|[from] item: Leftovers
|turn|48
|
|move|p2a: Aerodactyl|Aerial Ace|p1a: Florges
|-crit|p1a: Florges
|-damage|p1a: Florges|24\/360
|move|p1a: Florges|Wish|p1a: Florges
|
|-heal|p1a: Florges|46\/360|[from] item: Leftovers
|turn|49
|c|âleefootlawd|oh so close
|
|move|p1a: Florges|Protect|p1a: Florges
|-singleturn|p1a: Florges|Protect
|move|p2a: Aerodactyl|Aerial Ace|p1a: Florges
|-activate|p1a: Florges|Protect
|
|-heal|p1a: Florges|226\/360|[from] move: Wish|[wisher] Florges
|-heal|p1a: Florges|248\/360|[from] item: Leftovers
|turn|50
|
|move|p2a: Aerodactyl|Aerial Ace|p1a: Florges
|-damage|p1a: Florges|113\/360
|move|p1a: Florges|Wish|p1a: Florges
|
|-heal|p1a: Florges|135\/360|[from] item: Leftovers
|turn|51
|c|âtrevor ellis|youre wasting your wishes
|c|âtrevor ellis|i can count lol
|
|move|p1a: Florges|Protect|p1a: Florges
|-singleturn|p1a: Florges|Protect
|move|p2a: Aerodactyl|Aerial Ace|p1a: Florges
|-activate|p1a: Florges|Protect
|
|-heal|p1a: Florges|315\/360|[from] move: Wish|[wisher] Florges
|-heal|p1a: Florges|337\/360|[from] item: Leftovers
|turn|52
|c|âleefootlawd|gyro ball is a one shot
|c|âleefootlawd|u do know that right?
|c|âleefootlawd|im just making this full proof
|c|âleefootlawd|because ull get nb hax or something with a crit
|
|move|p2a: Aerodactyl|Aerial Ace|p1a: Florges
|-damage|p1a: Florges|202\/360
|move|p1a: Florges|Wish|p1a: Florges
|
|-heal|p1a: Florges|224\/360|[from] item: Leftovers
|turn|53
|
|switch|p1a: Forretress|Forretress, M|313\/354
|move|p2a: Aerodactyl|Aerial Ace|p1a: Forretress
|-damage|p1a: Forretress|226\/354
|
|-heal|p1a: Forretress|354\/354|[from] move: Wish|[wisher] Florges
|turn|54
|
|move|p2a: Aerodactyl|Aerial Ace|p1a: Forretress
|-damage|p1a: Forretress|266\/354
|move|p1a: Forretress|Gyro Ball|p2a: Aerodactyl
|-supereffective|p2a: Aerodactyl
|-damage|p2a: Aerodactyl|37\/337
|
|-heal|p1a: Forretress|288\/354|[from] item: Leftovers
|turn|55
|c|âleefootlawd|ahh nb investment in hp or something right?
|
|move|p2a: Aerodactyl|Aerial Ace|p1a: Forretress
|-damage|p1a: Forretress|198\/354
|move|p1a: Forretress|Gyro Ball|p2a: Aerodactyl
|-supereffective|p2a: Aerodactyl
|-damage|p2a: Aerodactyl|0 fnt
|faint|p2a: Aerodactyl
|
|-heal|p1a: Forretress|220\/354|[from] item: Leftovers
|
|switch|p2a: Suicune|Suicune|24\/404 brn
|-ability|p2a: Suicune|Pressure
|turn|56
|c|âleefootlawd|gg fgt
|c|âtrevor ellis|gtfo you know you won bc of a crit
|
|move|p2a: Suicune|Scald|p1a: Forretress
|-damage|p1a: Forretress|79\/354
|move|p1a: Forretress|Volt Switch|p2a: Suicune
|-supereffective|p2a: Suicune
|-damage|p2a: Suicune|0 fnt
|faint|p2a: Suicune
|
|win|leefootlawd
|raw|Ladder updating...
|raw|leefootlawd's rating: 1553 &rarr; <strong>1574<\/strong><br \/>(+21 for winning)
|raw|trevor ellis's rating: 1569 &rarr; <strong>1548<\/strong><br \/>(-21 for losing)
|c|âleefootlawd|u mad?
|c|âtrevor ellis|no its pokemon haha