|join|Gordin
|join|trevor ellis
|player|p1|Gordin|1
|player|p2|trevor ellis|170
|gametype|singles
|gen|6
|tier|UU
|rated
|rule|Sleep Clause Mod: Limit one foe put to sleep
|rule|Species Clause: Limit one of each PokÃ©mon
|rule|OHKO Clause: OHKO moves are banned
|rule|Moody Clause: Moody is banned
|rule|Evasion Moves Clause: Evasion moves are banned
|rule|Endless Battle Clause: Forcing endless battles is banned
|rule|HP Percentage Mod: HP is shown in percentages
|clearpoke
|poke|p1|Sharpedo, M
|poke|p1|Volcarona, M
|poke|p1|Jirachi
|poke|p1|Florges, F
|poke|p1|Zygarde
|poke|p1|Tentacruel, F
|poke|p2|Sharpedo, F
|poke|p2|Klefki, F
|poke|p2|Donphan, M
|poke|p2|Chandelure, F
|poke|p2|Lucario, M
|poke|p2|Celebi
|rule|Swagger Clause: Swagger is banned
|rule|Baton Pass Clause: Limit one PokÃ©mon knowing Baton Pass
|teampreview
|
|start
|switch|p1a: Zygarde|Zygarde|407\/407
|switch|p2a: Donphan|Donphan, M|384\/384
|-ability|p1a: Zygarde|Aura Break
|turn|1
|
|switch|p1a: Tentacruel|Tentacruel, F|364\/364
|move|p2a: Donphan|Stealth Rock|p1a: Tentacruel
|-sidestart|p1: Gordin|move: Stealth Rock
|
|turn|2
|
|move|p1a: Tentacruel|Scald|p2a: Donphan
|-supereffective|p2a: Donphan
|-damage|p2a: Donphan|154\/384
|move|p2a: Donphan|Earthquake|p1a: Tentacruel
|-supereffective|p1a: Tentacruel
|-damage|p1a: Tentacruel|94\/364
|
|-heal|p1a: Tentacruel|116\/364|[from] item: Black Sludge
|-heal|p2a: Donphan|178\/384|[from] item: Leftovers
|turn|3
|
|switch|p2a: Chandelure|Chandelure, F|261\/261
|move|p1a: Tentacruel|Rapid Spin|p2a: Chandelure
|-immune|p2a: Chandelure|[msg]
|
|-heal|p1a: Tentacruel|138\/364|[from] item: Black Sludge
|turn|4
|
|switch|p1a: Florges|Florges, F|360\/360
|-damage|p1a: Florges|315\/360|[from] Stealth Rock
|move|p2a: Chandelure|Trick|p1a: Florges
|-activate|p2a: Chandelure|move: Trick|[of] p1a: Florges
|-item|p1a: Florges|Choice Scarf|[from] move: Trick
|-item|p2a: Chandelure|Leftovers|[from] move: Trick
|
|turn|5
|
|switch|p2a: Klefki|Klefki, F|318\/318
|move|p1a: Florges|Moonblast|p2a: Klefki
|-resisted|p2a: Klefki
|-damage|p2a: Klefki|248\/318
|-unboost|p2a: Klefki|spa|1
|
|turn|6
|c|âGordin|I clicked wish :[
|c|âGordin|Stupid showdown
|
|switch|p1a: Tentacruel|Tentacruel, F|138\/364
|-damage|p1a: Tentacruel|93\/364|[from] Stealth Rock
|move|p2a: Klefki|Spikes|p1a: Tentacruel
|-sidestart|p1: Gordin|Spikes
|
|-heal|p1a: Tentacruel|115\/364|[from] item: Black Sludge
|turn|7
|c|âtrevor ellis|well that still would put you in a bad position
|
|switch|p2a: Chandelure|Chandelure, F|261\/261
|move|p1a: Tentacruel|Scald|p2a: Chandelure
|-supereffective|p2a: Chandelure
|-damage|p2a: Chandelure|105\/261
|
|-heal|p2a: Chandelure|121\/261|[from] item: Leftovers
|-heal|p1a: Tentacruel|137\/364|[from] item: Black Sludge
|turn|8
|c|âGordin|It would have allowed me to pass to tenta
|c|âtrevor ellis|cool go
|
|move|p2a: Chandelure|Shadow Ball|p1a: Tentacruel
|-damage|p1a: Tentacruel|0 fnt
|faint|p1a: Tentacruel
|
|-heal|p2a: Chandelure|137\/261|[from] item: Leftovers
|
|switch|p1a: Sharpedo|Sharpedo, M|281\/281
|-damage|p1a: Sharpedo|246\/281|[from] Stealth Rock
|-damage|p1a: Sharpedo|211\/281|[from] Spikes
|turn|9
|
|switch|p2a: Klefki|Klefki, F|248\/318
|move|p1a: Sharpedo|Waterfall|p2a: Klefki
|-damage|p2a: Klefki|134\/318
|
|-boost|p1a: Sharpedo|spe|1|[from] ability: Speed Boost
|turn|10
|
|switch|p1a: Zygarde|Zygarde|407\/407
|-damage|p1a: Zygarde|357\/407|[from] Spikes
|-damage|p1a: Zygarde|332\/407|[from] Stealth Rock
|-ability|p1a: Zygarde|Aura Break
|move|p2a: Klefki|Thunder Wave|p1a: Zygarde
|-immune|p1a: Zygarde|[msg]
|
|-heal|p1a: Zygarde|357\/407|[from] item: Leftovers
|turn|11
|
|switch|p2a: Celebi|Celebi|404\/404
|move|p1a: Zygarde|Earthquake|p2a: Celebi
|-resisted|p2a: Celebi
|-damage|p2a: Celebi|362\/404
|
|-heal|p1a: Zygarde|382\/407|[from] item: Leftovers
|turn|12
|
|move|p2a: Celebi|Nasty Plot|p2a: Celebi
|-boost|p2a: Celebi|spa|2
|move|p1a: Zygarde|Dragon Tail|p2a: Celebi
|-damage|p2a: Celebi|305\/404
|drag|p2a: Chandelure|Chandelure, F|137\/261
|
|-heal|p2a: Chandelure|153\/261|[from] item: Leftovers
|-heal|p1a: Zygarde|407\/407|[from] item: Leftovers
|turn|13
|
|move|p2a: Chandelure|Memento|p1a: Zygarde
|-unboost|p1a: Zygarde|atk|2
|-unboost|p1a: Zygarde|spa|2
|faint|p2a: Chandelure
|move|p1a: Zygarde|Earthquake|p2: Chandelure|[notarget]
|-notarget
|
|
|switch|p2a: Sharpedo|Sharpedo, F|281\/281
|turn|14
|
|switch|p1a: Jirachi|Jirachi|404\/404
|-damage|p1a: Jirachi|354\/404|[from] Spikes
|-damage|p1a: Jirachi|329\/404|[from] Stealth Rock
|move|p2a: Sharpedo|Ice Fang|p1a: Jirachi
|-resisted|p1a: Jirachi
|-damage|p1a: Jirachi|288\/404
|
|-heal|p1a: Jirachi|313\/404|[from] item: Leftovers
|-boost|p2a: Sharpedo|spe|1|[from] ability: Speed Boost
|turn|15
|
|switch|p2a: Celebi|Celebi|305\/404
|move|p1a: Jirachi|Body Slam|p2a: Celebi
|-damage|p2a: Celebi|252\/404
|-status|p2a: Celebi|par
|
|-heal|p1a: Jirachi|338\/404|[from] item: Leftovers
|turn|16
|
|switch|p2a: Klefki|Klefki, F|134\/318
|move|p1a: Jirachi|Stealth Rock|p2a: Klefki
|-sidestart|p2: trevor ellis|move: Stealth Rock
|
|-heal|p1a: Jirachi|363\/404|[from] item: Leftovers
|turn|17
|
|switch|p1a: Zygarde|Zygarde|407\/407
|-damage|p1a: Zygarde|357\/407|[from] Spikes
|-damage|p1a: Zygarde|332\/407|[from] Stealth Rock
|-ability|p1a: Zygarde|Aura Break
|move|p2a: Klefki|Spikes|p1a: Zygarde
|-sidestart|p1: Gordin|Spikes
|
|-heal|p1a: Zygarde|357\/407|[from] item: Leftovers
|turn|18
|
|move|p2a: Klefki|Reflect|p2a: Klefki
|-sidestart|p2: trevor ellis|Reflect
|move|p1a: Zygarde|Substitute|p1a: Zygarde
|-start|p1a: Zygarde|Substitute
|-damage|p1a: Zygarde|256\/407
|
|-heal|p1a: Zygarde|281\/407|[from] item: Leftovers
|turn|19
|
|switch|p2a: Donphan|Donphan, M|178\/384
|-damage|p2a: Donphan|154\/384|[from] Stealth Rock
|move|p1a: Zygarde|Coil|p1a: Zygarde
|-boost|p1a: Zygarde|atk|1
|-boost|p1a: Zygarde|def|1
|-boost|p1a: Zygarde|accuracy|1
|
|-heal|p1a: Zygarde|306\/407|[from] item: Leftovers
|-heal|p2a: Donphan|178\/384|[from] item: Leftovers
|turn|20
|
|move|p2a: Donphan|Rapid Spin|p1a: Zygarde
|-activate|p1a: Zygarde|Substitute|[damage]
|-sideend|p2: trevor ellis|Stealth Rock|[from] move: Rapid Spin|[of] p2a: Donphan
|move|p1a: Zygarde|Dragon Tail|p2a: Donphan
|-damage|p2a: Donphan|145\/384
|drag|p2a: Klefki|Klefki, F|134\/318
|
|-heal|p1a: Zygarde|331\/407|[from] item: Leftovers
|turn|21
|
|switch|p2a: Celebi|Celebi|252\/404
|move|p1a: Zygarde|Earthquake|p2a: Celebi
|-resisted|p2a: Celebi
|-damage|p2a: Celebi|221\/404
|
|-heal|p1a: Zygarde|356\/407|[from] item: Leftovers
|turn|22
|
|move|p2a: Celebi|Giga Drain|p1a: Zygarde
|-activate|p1a: Zygarde|Substitute|[damage]
|-heal|p2a: Celebi|255\/404|[from] drain|[of] p1a: Zygarde
|move|p1a: Zygarde|Dragon Tail|p2a: Celebi
|-damage|p2a: Celebi|216\/404
|drag|p2a: Sharpedo|Sharpedo, F|281\/281
|
|-heal|p1a: Zygarde|381\/407|[from] item: Leftovers
|turn|23
|
|switch|p2a: Klefki|Klefki, F|134\/318
|move|p1a: Zygarde|Dragon Tail|p2a: Klefki
|-immune|p2a: Klefki|[msg]
|
|-heal|p1a: Zygarde|406\/407|[from] item: Leftovers
|turn|24
|
|switch|p2a: Celebi|Celebi|216\/404
|move|p1a: Zygarde|Coil|p1a: Zygarde
|-boost|p1a: Zygarde|atk|1
|-boost|p1a: Zygarde|def|1
|-boost|p1a: Zygarde|accuracy|1
|
|-heal|p1a: Zygarde|407\/407|[from] item: Leftovers
|turn|25
|
|move|p2a: Celebi|Giga Drain|p1a: Zygarde
|-end|p1a: Zygarde|Substitute
|-heal|p2a: Celebi|227\/404|[from] drain|[of] p1a: Zygarde
|move|p1a: Zygarde|Substitute|p1a: Zygarde
|-start|p1a: Zygarde|Substitute
|-damage|p1a: Zygarde|306\/407
|
|-heal|p1a: Zygarde|331\/407|[from] item: Leftovers
|-sideend|p2: trevor ellis|Reflect
|turn|26
|
|move|p2a: Celebi|Giga Drain|p1a: Zygarde
|-activate|p1a: Zygarde|Substitute|[damage]
|-heal|p2a: Celebi|261\/404|[from] drain|[of] p1a: Zygarde
|move|p1a: Zygarde|Dragon Tail|p2a: Celebi
|-damage|p2a: Celebi|150\/404
|drag|p2a: Klefki|Klefki, F|134\/318
|
|-heal|p1a: Zygarde|356\/407|[from] item: Leftovers
|turn|27
|
|switch|p2a: Celebi|Celebi|150\/404
|move|p1a: Zygarde|Earthquake|p2a: Celebi
|-resisted|p2a: Celebi
|-damage|p2a: Celebi|63\/404
|
|-heal|p1a: Zygarde|381\/407|[from] item: Leftovers
|turn|28
|
|move|p2a: Celebi|Giga Drain|p1a: Zygarde
|-end|p1a: Zygarde|Substitute
|-heal|p2a: Celebi|80\/404|[from] drain|[of] p1a: Zygarde
|move|p1a: Zygarde|Substitute|p1a: Zygarde
|-start|p1a: Zygarde|Substitute
|-damage|p1a: Zygarde|280\/407
|
|-heal|p1a: Zygarde|305\/407|[from] item: Leftovers
|turn|29
|
|move|p2a: Celebi|Recover|p2a: Celebi
|-heal|p2a: Celebi|282\/404
|move|p1a: Zygarde|Dragon Tail|p2a: Celebi
|-damage|p2a: Celebi|168\/404
|drag|p2a: Klefki|Klefki, F|134\/318
|
|-heal|p1a: Zygarde|330\/407|[from] item: Leftovers
|turn|30
|
|move|p2a: Klefki|Reflect|p2a: Klefki
|-sidestart|p2: trevor ellis|Reflect
|move|p1a: Zygarde|Coil|p1a: Zygarde
|-boost|p1a: Zygarde|atk|1
|-boost|p1a: Zygarde|def|1
|-boost|p1a: Zygarde|accuracy|1
|
|-heal|p1a: Zygarde|355\/407|[from] item: Leftovers
|turn|31
|
|switch|p2a: Donphan|Donphan, M|145\/384
|move|p1a: Zygarde|Dragon Tail|p2a: Donphan
|-damage|p2a: Donphan|91\/384
|drag|p2a: Celebi|Celebi|168\/404
|
|-heal|p1a: Zygarde|380\/407|[from] item: Leftovers
|turn|32
|
|move|p2a: Celebi|Giga Drain|p1a: Zygarde
|-activate|p1a: Zygarde|Substitute|[damage]
|-heal|p2a: Celebi|203\/404|[from] drain|[of] p1a: Zygarde
|move|p1a: Zygarde|Coil|p1a: Zygarde
|-boost|p1a: Zygarde|atk|1
|-boost|p1a: Zygarde|def|1
|-boost|p1a: Zygarde|accuracy|1
|
|-heal|p1a: Zygarde|405\/407|[from] item: Leftovers
|turn|33
|
|move|p2a: Celebi|Giga Drain|p1a: Zygarde
|-end|p1a: Zygarde|Substitute
|-heal|p2a: Celebi|219\/404|[from] drain|[of] p1a: Zygarde
|move|p1a: Zygarde|Substitute|p1a: Zygarde
|-start|p1a: Zygarde|Substitute
|-damage|p1a: Zygarde|304\/407
|
|-heal|p1a: Zygarde|329\/407|[from] item: Leftovers
|turn|34
|
|move|p2a: Celebi|Giga Drain|p1a: Zygarde
|-activate|p1a: Zygarde|Substitute|[damage]
|-heal|p2a: Celebi|254\/404|[from] drain|[of] p1a: Zygarde
|move|p1a: Zygarde|Dragon Tail|p2a: Celebi
|-damage|p2a: Celebi|176\/404
|drag|p2a: Klefki|Klefki, F|134\/318
|
|-heal|p1a: Zygarde|354\/407|[from] item: Leftovers
|turn|35
|
|switch|p2a: Celebi|Celebi|176\/404
|move|p1a: Zygarde|Earthquake|p2a: Celebi
|-resisted|p2a: Celebi
|-damage|p2a: Celebi|112\/404
|
|-heal|p1a: Zygarde|379\/407|[from] item: Leftovers
|turn|36
|
|move|p2a: Celebi|Nasty Plot|p2a: Celebi
|-boost|p2a: Celebi|spa|2
|move|p1a: Zygarde|Dragon Tail|p2a: Celebi
|-damage|p2a: Celebi|32\/404
|drag|p2a: Sharpedo|Sharpedo, F|281\/281
|
|-heal|p1a: Zygarde|404\/407|[from] item: Leftovers
|turn|37
|-message|trevor ellis forfeited.
|
|win|Gordin
|raw|Ladder updating...
|leave|trevor ellis
|player|p2
|raw|Gordin's rating: 1342 &rarr; <strong>1369<\/strong><br \/>(+27 for winning)
|raw|trevor ellis's rating: 1475 &rarr; <strong>1447<\/strong><br \/>(-28 for losing)