|join|trevor ellis
|join|JarrettIsAwesome
|player|p1|trevor ellis|112
|player|p2|JarrettIsAwesome|209
|gametype|singles
|gen|6
|tier|UU
|rated
|rule|Sleep Clause Mod: Limit one foe put to sleep
|rule|Species Clause: Limit one of each PokÃ©mon
|rule|OHKO Clause: OHKO moves are banned
|rule|Moody Clause: Moody is banned
|rule|Evasion Moves Clause: Evasion moves are banned
|rule|Endless Battle Clause: Forcing endless battles is banned
|rule|HP Percentage Mod: HP is shown in percentages
|clearpoke
|poke|p1|Empoleon, F
|poke|p1|Zygarde
|poke|p1|Togetic, M
|poke|p1|Raikou
|poke|p1|Alakazam, M
|poke|p1|Mienshao, F
|poke|p2|Swampert, F
|poke|p2|Porygon-Z
|poke|p2|Empoleon, F
|poke|p2|Haxorus, F
|poke|p2|Honchkrow, F
|poke|p2|Chesnaught, F
|rule|Swagger Clause: Swagger is banned
|rule|Baton Pass Clause: Limit one PokÃ©mon knowing Baton Pass
|teampreview
|
|start
|switch|p1a: Raikou|Raikou|321\/321
|switch|p2a: Empoleon|Empoleon, F|371\/371
|-ability|p1a: Raikou|Pressure
|turn|1
|
|move|p1a: Raikou|Hidden Power|p2a: Empoleon
|-damage|p2a: Empoleon|322\/371
|move|p2a: Empoleon|Stealth Rock|p1a: Raikou
|-sidestart|p1: trevor ellis|move: Stealth Rock
|
|-heal|p2a: Empoleon|345\/371|[from] item: Leftovers
|turn|2
|
|move|p1a: Raikou|Volt Switch|p2a: Empoleon
|-supereffective|p2a: Empoleon
|-damage|p2a: Empoleon|148\/371
|
|switch|p1a: Empoleon|Empoleon, F|369\/369
|-damage|p1a: Empoleon|346\/369|[from] Stealth Rock
|move|p2a: Empoleon|Scald|p1a: Empoleon
|-resisted|p1a: Empoleon
|-damage|p1a: Empoleon|295\/369
|
|-heal|p1a: Empoleon|318\/369|[from] item: Leftovers
|-heal|p2a: Empoleon|171\/371|[from] item: Leftovers
|turn|3
|
|switch|p2a: Swampert|Swampert, F|341\/341
|move|p1a: Empoleon|Defog|p2a: Swampert
|-unboost|p2a: Swampert|evasion|1
|-sideend|p1: trevor ellis|Stealth Rock|[from] move: Defog|[of] p1a: Empoleon
|
|-heal|p1a: Empoleon|341\/369|[from] item: Leftovers
|turn|4
|
|switch|p1a: Togetic|Togetic, M|314\/314
|detailschange|p2a: Swampert|Swampert-Mega, F
|-mega|p2a: Swampert|Swampert|Swampertite
|move|p2a: Swampert|Earthquake|p1a: Togetic
|-immune|p1a: Togetic|[msg]
|
|turn|5
|
|switch|p2a: Empoleon|Empoleon, F|171\/371
|move|p1a: Togetic|Nasty Plot|p1a: Togetic
|-boost|p1a: Togetic|spa|2
|
|-heal|p2a: Empoleon|194\/371|[from] item: Leftovers
|turn|6
|
|move|p2a: Empoleon|Flash Cannon|p1a: Togetic
|-crit|p1a: Togetic
|-supereffective|p1a: Togetic
|-damage|p1a: Togetic|116\/314
|move|p1a: Togetic|Baton Pass|p1a: Togetic
|
|switch|p1a: Raikou|Raikou|321\/321
|-ability|p1a: Raikou|Pressure
|
|-heal|p2a: Empoleon|217\/371|[from] item: Leftovers
|turn|7
|
|move|p1a: Raikou|Thunderbolt|p2a: Empoleon
|-supereffective|p2a: Empoleon
|-damage|p2a: Empoleon|0 fnt
|faint|p2a: Empoleon
|
|
|switch|p2a: Haxorus|Haxorus, F|293\/293
|-ability|p2a: Haxorus|Mold Breaker
|turn|8
|
|move|p2a: Haxorus|Earthquake|p1a: Raikou
|-supereffective|p1a: Raikou
|-damage|p1a: Raikou|0 fnt
|faint|p1a: Raikou
|
|
|switch|p1a: Togetic|Togetic, M|116\/314
|turn|9
|
|switch|p2a: Chesnaught|Chesnaught, F|379\/379
|move|p1a: Togetic|Roost|p1a: Togetic
|-heal|p1a: Togetic|273\/314
|
|turn|10
|join|Emma Bae
|
|move|p2a: Chesnaught|Leech Seed|p1a: Togetic
|-start|p1a: Togetic|move: Leech Seed
|move|p1a: Togetic|Baton Pass|p1a: Togetic
|
|switch|p1a: Mienshao|Mienshao, F|271\/271
|
|-damage|p1a: Mienshao|238\/271|[from] Leech Seed|[of] p2a: Chesnaught
|turn|11
|
|switch|p1a: Zygarde|Zygarde|404\/404
|-ability|p1a: Zygarde|Aura Break
|move|p2a: Chesnaught|Spikes|p1a: Zygarde
|-sidestart|p1: trevor ellis|Spikes
|
|turn|12
|
|move|p1a: Zygarde|Substitute|p1a: Zygarde
|-start|p1a: Zygarde|Substitute
|-damage|p1a: Zygarde|303\/404
|move|p2a: Chesnaught|Leech Seed|p1a: Zygarde
|
|-heal|p1a: Zygarde|328\/404|[from] item: Leftovers
|turn|13
|
|move|p1a: Zygarde|Coil|p1a: Zygarde
|-boost|p1a: Zygarde|atk|1
|-boost|p1a: Zygarde|def|1
|-boost|p1a: Zygarde|accuracy|1
|move|p2a: Chesnaught|Drain Punch|p1a: Zygarde
|-activate|p1a: Zygarde|Substitute|[damage]
|
|-heal|p1a: Zygarde|353\/404|[from] item: Leftovers
|turn|14
|
|move|p1a: Zygarde|Coil|p1a: Zygarde
|-boost|p1a: Zygarde|atk|1
|-boost|p1a: Zygarde|def|1
|-boost|p1a: Zygarde|accuracy|1
|move|p2a: Chesnaught|Drain Punch|p1a: Zygarde
|-activate|p1a: Zygarde|Substitute|[damage]
|
|-heal|p1a: Zygarde|378\/404|[from] item: Leftovers
|turn|15
|
|move|p1a: Zygarde|Coil|p1a: Zygarde
|-boost|p1a: Zygarde|atk|1
|-boost|p1a: Zygarde|def|1
|-boost|p1a: Zygarde|accuracy|1
|move|p2a: Chesnaught|Drain Punch|p1a: Zygarde
|-end|p1a: Zygarde|Substitute
|
|-heal|p1a: Zygarde|403\/404|[from] item: Leftovers
|turn|16
|
|switch|p2a: Swampert|Swampert-Mega, F|341\/341
|move|p1a: Zygarde|Substitute|p1a: Zygarde
|-start|p1a: Zygarde|Substitute
|-damage|p1a: Zygarde|302\/404
|
|-heal|p1a: Zygarde|327\/404|[from] item: Leftovers
|turn|17
|
|move|p1a: Zygarde|Earthquake|p2a: Swampert
|-damage|p2a: Swampert|76\/341
|move|p2a: Swampert|Ice Punch|p1a: Zygarde
|-supereffective|p1a: Zygarde
|-end|p1a: Zygarde|Substitute
|
|-heal|p1a: Zygarde|352\/404|[from] item: Leftovers
|turn|18
|
|move|p1a: Zygarde|Earthquake|p2a: Swampert
|-damage|p2a: Swampert|0 fnt
|faint|p2a: Swampert
|
|-heal|p1a: Zygarde|377\/404|[from] item: Leftovers
|
|switch|p2a: Haxorus|Haxorus, F|293\/293
|-ability|p2a: Haxorus|Mold Breaker
|turn|19
|
|switch|p1a: Togetic|Togetic, M|273\/314
|move|p2a: Haxorus|Outrage|p1a: Togetic
|-immune|p1a: Togetic|[msg]
|
|turn|20
|
|switch|p2a: Chesnaught|Chesnaught, F|379\/379
|move|p1a: Togetic|Baton Pass|p1a: Togetic
|
|switch|p1a: Zygarde|Zygarde|377\/404
|-damage|p1a: Zygarde|327\/404|[from] Spikes
|-ability|p1a: Zygarde|Aura Break
|
|-heal|p1a: Zygarde|352\/404|[from] item: Leftovers
|turn|21
|
|switch|p2a: Porygon-Z|Porygon-Z|311\/311
|move|p1a: Zygarde|Substitute|p1a: Zygarde
|-start|p1a: Zygarde|Substitute
|-damage|p1a: Zygarde|251\/404
|
|-heal|p1a: Zygarde|276\/404|[from] item: Leftovers
|turn|22
|
|move|p2a: Porygon-Z|Ice Beam|p1a: Zygarde
|-supereffective|p1a: Zygarde
|-end|p1a: Zygarde|Substitute
|move|p1a: Zygarde|Dragon Tail|p2a: Porygon-Z
|-damage|p2a: Porygon-Z|217\/311
|drag|p2a: Chesnaught|Chesnaught, F|379\/379
|
|-heal|p1a: Zygarde|301\/404|[from] item: Leftovers
|turn|23
|
|move|p1a: Zygarde|Substitute|p1a: Zygarde
|-start|p1a: Zygarde|Substitute
|-damage|p1a: Zygarde|200\/404
|move|p2a: Chesnaught|Seed Bomb|p1a: Zygarde
|-activate|p1a: Zygarde|Substitute|[damage]
|
|-heal|p1a: Zygarde|225\/404|[from] item: Leftovers
|turn|24
|
|switch|p2a: Haxorus|Haxorus, F|293\/293
|-ability|p2a: Haxorus|Mold Breaker
|move|p1a: Zygarde|Coil|p1a: Zygarde
|-boost|p1a: Zygarde|atk|1
|-boost|p1a: Zygarde|def|1
|-boost|p1a: Zygarde|accuracy|1
|
|-heal|p1a: Zygarde|250\/404|[from] item: Leftovers
|turn|25
|
|move|p2a: Haxorus|Dragon Claw|p1a: Zygarde
|-supereffective|p1a: Zygarde
|-end|p1a: Zygarde|Substitute
|move|p1a: Zygarde|Dragon Tail|p2a: Haxorus
|-supereffective|p2a: Haxorus
|-damage|p2a: Haxorus|57\/293
|drag|p2a: Porygon-Z|Porygon-Z|217\/311
|
|-heal|p1a: Zygarde|275\/404|[from] item: Leftovers
|turn|26
|
|switch|p1a: Empoleon|Empoleon, F|341\/369
|-damage|p1a: Empoleon|295\/369|[from] Spikes
|move|p2a: Porygon-Z|Ice Beam|p1a: Empoleon
|-resisted|p1a: Empoleon
|-damage|p1a: Empoleon|257\/369
|
|-heal|p1a: Empoleon|280\/369|[from] item: Leftovers
|turn|27
|
|switch|p2a: Haxorus|Haxorus, F|57\/293
|-ability|p2a: Haxorus|Mold Breaker
|move|p1a: Empoleon|Stealth Rock|p2a: Haxorus
|-sidestart|p2: JarrettIsAwesome|move: Stealth Rock
|
|-heal|p1a: Empoleon|303\/369|[from] item: Leftovers
|turn|28
|
|switch|p2a: Chesnaught|Chesnaught, F|379\/379
|-damage|p2a: Chesnaught|356\/379|[from] Stealth Rock
|switch|p1a: Togetic|Togetic, M|273\/314
|
|-heal|p2a: Chesnaught|379\/379|[from] item: Leftovers
|turn|29
|c|âtrevor ellis|youre so bad
|
|move|p2a: Chesnaught|Leech Seed|p1a: Togetic
|-start|p1a: Togetic|move: Leech Seed
|move|p1a: Togetic|Dazzling Gleam|p2a: Chesnaught
|-supereffective|p2a: Chesnaught
|-damage|p2a: Chesnaught|181\/379
|
|-heal|p2a: Chesnaught|204\/379|[from] item: Leftovers
|-damage|p1a: Togetic|234\/314|[from] Leech Seed|[of] p2a: Chesnaught
|-heal|p2a: Chesnaught|243\/379|[silent]
|turn|30
|
|switch|p1a: Zygarde|Zygarde|275\/404
|-damage|p1a: Zygarde|225\/404|[from] Spikes
|-ability|p1a: Zygarde|Aura Break
|move|p2a: Chesnaught|Leech Seed|p1a: Zygarde
|-start|p1a: Zygarde|move: Leech Seed
|
|-heal|p1a: Zygarde|250\/404|[from] item: Leftovers
|-heal|p2a: Chesnaught|266\/379|[from] item: Leftovers
|-damage|p1a: Zygarde|200\/404|[from] Leech Seed|[of] p2a: Chesnaught
|-heal|p2a: Chesnaught|316\/379|[silent]
|turn|31
|
|switch|p1a: Togetic|Togetic, M|234\/314
|move|p2a: Chesnaught|Drain Punch|p1a: Togetic
|-resisted|p1a: Togetic
|-damage|p1a: Togetic|222\/314
|-heal|p2a: Chesnaught|322\/379|[from] drain|[of] p1a: Togetic
|
|-heal|p2a: Chesnaught|345\/379|[from] item: Leftovers
|turn|32
|
|move|p2a: Chesnaught|Leech Seed|p1a: Togetic
|-start|p1a: Togetic|move: Leech Seed
|move|p1a: Togetic|Dazzling Gleam|p2a: Chesnaught
|-crit|p2a: Chesnaught
|-supereffective|p2a: Chesnaught
|-damage|p2a: Chesnaught|69\/379
|
|-heal|p2a: Chesnaught|92\/379|[from] item: Leftovers
|-damage|p1a: Togetic|183\/314|[from] Leech Seed|[of] p2a: Chesnaught
|-heal|p2a: Chesnaught|131\/379|[silent]
|turn|33
|
|switch|p1a: Zygarde|Zygarde|200\/404
|-damage|p1a: Zygarde|150\/404|[from] Spikes
|-ability|p1a: Zygarde|Aura Break
|move|p2a: Chesnaught|Leech Seed|p1a: Zygarde
|-start|p1a: Zygarde|move: Leech Seed
|
|-heal|p1a: Zygarde|175\/404|[from] item: Leftovers
|-heal|p2a: Chesnaught|154\/379|[from] item: Leftovers
|-damage|p1a: Zygarde|125\/404|[from] Leech Seed|[of] p2a: Chesnaught
|-heal|p2a: Chesnaught|204\/379|[silent]
|turn|34
|
|switch|p1a: Togetic|Togetic, M|183\/314
|move|p2a: Chesnaught|Leech Seed|p1a: Togetic
|-start|p1a: Togetic|move: Leech Seed
|
|-heal|p2a: Chesnaught|227\/379|[from] item: Leftovers
|-damage|p1a: Togetic|144\/314|[from] Leech Seed|[of] p2a: Chesnaught
|-heal|p2a: Chesnaught|266\/379|[silent]
|turn|35
|
|move|p2a: Chesnaught|Leech Seed|p1a: Togetic
|-fail|p1a: Togetic
|move|p1a: Togetic|Dazzling Gleam|p2a: Chesnaught
|-supereffective|p2a: Chesnaught
|-damage|p2a: Chesnaught|62\/379
|
|-heal|p2a: Chesnaught|85\/379|[from] item: Leftovers
|-damage|p1a: Togetic|105\/314|[from] Leech Seed|[of] p2a: Chesnaught
|-heal|p2a: Chesnaught|124\/379|[silent]
|turn|36
|
|switch|p1a: Zygarde|Zygarde|125\/404
|-damage|p1a: Zygarde|75\/404|[from] Spikes
|-ability|p1a: Zygarde|Aura Break
|move|p2a: Chesnaught|Leech Seed|p1a: Zygarde
|-start|p1a: Zygarde|move: Leech Seed
|
|-heal|p1a: Zygarde|100\/404|[from] item: Leftovers
|-heal|p2a: Chesnaught|147\/379|[from] item: Leftovers
|-damage|p1a: Zygarde|50\/404|[from] Leech Seed|[of] p2a: Chesnaught
|-heal|p2a: Chesnaught|197\/379|[silent]
|turn|37
|
|move|p2a: Chesnaught|Spikes|p1a: Zygarde
|-sidestart|p1: trevor ellis|Spikes
|move|p1a: Zygarde|Dragon Tail|p2a: Chesnaught
|-damage|p2a: Chesnaught|149\/379
|drag|p2a: Honchkrow|Honchkrow, F|341\/341
|-damage|p2a: Honchkrow|256\/341|[from] Stealth Rock
|
|-heal|p1a: Zygarde|75\/404|[from] item: Leftovers
|-damage|p1a: Zygarde|25\/404|[from] Leech Seed|[of] p2a: Honchkrow
|-heal|p2a: Honchkrow|306\/341|[silent]
|turn|38
|c| Emma Bae|outplayd
|c|âtrevor ellis|lol
|
|move|p2a: Honchkrow|Brave Bird|p1a: Zygarde
|-damage|p1a: Zygarde|0 fnt
|-damage|p2a: Honchkrow|298\/341|[from] recoil|[of] p1a: Zygarde
|-damage|p2a: Honchkrow|264\/341|[from] item: Life Orb
|faint|p1a: Zygarde
|-boost|p2a: Honchkrow|atk|1|[from] ability: Moxie
|
|c|âtrevor ellis|strongest player ive ever seen
|
|switch|p1a: Mienshao|Mienshao, F|238\/271
|-damage|p1a: Mienshao|193\/271|[from] Spikes
|turn|39
|c| Emma Bae|x)
|
|move|p2a: Honchkrow|Sucker Punch|p1a: Mienshao
|-resisted|p1a: Mienshao
|-damage|p1a: Mienshao|0 fnt
|-damage|p2a: Honchkrow|230\/341|[from] item: Life Orb
|faint|p1a: Mienshao
|-boost|p2a: Honchkrow|atk|1|[from] ability: Moxie
|
|c| Emma Bae|oml
|
|switch|p1a: Alakazam|Alakazam, M|251\/251
|turn|40
|
|detailschange|p1a: Alakazam|Alakazam-Mega, M
|-mega|p1a: Alakazam|Alakazam|Alakazite
|-ability|p1a: Alakazam|Moxie|[from] ability: Trace|[of] p2a: Honchkrow
|move|p1a: Alakazam|Protect|p1a: Alakazam
|-singleturn|p1a: Alakazam|Protect
|move|p2a: Honchkrow|Sucker Punch|p1a: Alakazam
|-fail|p1a: Alakazam
|
|turn|41
|
|move|p1a: Alakazam|Protect|p1a: Alakazam
|-singleturn|p1a: Alakazam|Protect
|move|p2a: Honchkrow|Sucker Punch|p1a: Alakazam
|-fail|p1a: Alakazam
|
|turn|42
|
|switch|p1a: Empoleon|Empoleon, F|303\/369
|-damage|p1a: Empoleon|242\/369|[from] Spikes
|move|p2a: Honchkrow|Sucker Punch|p1a: Empoleon
|-fail|p1a: Empoleon
|
|-heal|p1a: Empoleon|265\/369|[from] item: Leftovers
|turn|43
|
|switch|p1a: Togetic|Togetic, M|105\/314
|move|p2a: Honchkrow|Superpower|p1a: Togetic
|-resisted|p1a: Togetic
|-damage|p1a: Togetic|56\/314
|-unboost|p2a: Honchkrow|atk|1
|-unboost|p2a: Honchkrow|def|1
|-damage|p2a: Honchkrow|196\/341|[from] item: Life Orb
|
|turn|44
|
|switch|p1a: Empoleon|Empoleon, F|265\/369
|-damage|p1a: Empoleon|204\/369|[from] Spikes
|move|p2a: Honchkrow|Brave Bird|p1a: Empoleon
|-resisted|p1a: Empoleon
|-damage|p1a: Empoleon|0 fnt
|-damage|p2a: Honchkrow|129\/341|[from] recoil|[of] p1a: Empoleon
|-damage|p2a: Honchkrow|95\/341|[from] item: Life Orb
|faint|p1a: Empoleon
|-boost|p2a: Honchkrow|atk|1|[from] ability: Moxie
|
|
|switch|p1a: Alakazam|Alakazam-Mega, M|251\/251
|-damage|p1a: Alakazam|210\/251|[from] Spikes
|-ability|p1a: Alakazam|Moxie|[from] ability: Trace|[of] p2a: Honchkrow
|turn|45
|
|move|p1a: Alakazam|Protect|p1a: Alakazam
|-singleturn|p1a: Alakazam|Protect
|move|p2a: Honchkrow|Sucker Punch|p1a: Alakazam
|-fail|p1a: Alakazam
|
|turn|46
|
|move|p2a: Honchkrow|Sucker Punch|p1a: Alakazam
|-supereffective|p1a: Alakazam
|-damage|p1a: Alakazam|0 fnt
|-damage|p2a: Honchkrow|61\/341|[from] item: Life Orb
|faint|p1a: Alakazam
|-boost|p2a: Honchkrow|atk|1|[from] ability: Moxie
|
|c|âtrevor ellis|lololol
|c| Emma Bae|...
|-message|trevor ellis forfeited.
|
|win|JarrettIsAwesome
|raw|Ladder updating...
|leave|trevor ellis
|player|p1
|raw|trevor ellis's rating: 1518 &rarr; <strong>1490<\/strong><br \/>(-28 for losing)
|raw|JarrettIsAwesome's rating: 1375 &rarr; <strong>1402<\/strong><br \/>(+27 for winning)