|join|Rubicon
|join|trevor ellis
|player|p1|Rubicon|129
|player|p2|trevor ellis|112
|gametype|singles
|gen|6
|tier|UU
|rule|Sleep Clause Mod: Limit one foe put to sleep
|rule|Species Clause: Limit one of each PokÃ©mon
|rule|OHKO Clause: OHKO moves are banned
|rule|Moody Clause: Moody is banned
|rule|Evasion Moves Clause: Evasion moves are banned
|rule|Endless Battle Clause: Forcing endless battles is banned
|rule|HP Percentage Mod: HP is shown in percentages
|clearpoke
|poke|p1|Cobalion
|poke|p1|Sableye, M
|poke|p1|Alomomola, F
|poke|p1|Roserade, M
|poke|p1|Aerodactyl, M
|poke|p1|Raikou, shiny
|poke|p2|Nidoqueen, F
|poke|p2|Aerodactyl, M
|poke|p2|Suicune
|poke|p2|Forretress, F
|poke|p2|Hydreigon, M
|poke|p2|Infernape, F
|rule|Swagger Clause: Swagger is banned
|rule|Baton Pass Clause: Limit one PokÃ©mon knowing Baton Pass
|teampreview
|join|BIG SCHLONG MCDONG
|join|my name is stan
|join|leefootlawd
|join|Yellow Skarmory
|join|Bud Hertz
|join|Voltage
|join|Munkin
|
|start
|switch|p1a: Lonely Heart|Alomomola, F|534\/534
|switch|p2a: Infernape|Infernape, F|293\/293
|turn|1
|join|OG_Wanka
|
|switch|p2a: Forretress|Forretress, F|354\/354
|move|p1a: Lonely Heart|Waterfall|p2a: Forretress
|-damage|p2a: Forretress|296\/354
|
|-heal|p2a: Forretress|318\/354|[from] item: Leftovers
|turn|2
|join|Vaporeon for Ubers
|join|Treo's alt
|
|move|p1a: Lonely Heart|Knock Off|p2a: Forretress
|-damage|p2a: Forretress|276\/354
|-enditem|p2a: Forretress|Leftovers|[from] move: Knock Off|[of] p1a: Lonely Heart
|move|p2a: Forretress|Toxic Spikes|p1a: Lonely Heart
|-sidestart|p1: Rubicon|move: Toxic Spikes
|
|turn|3
|
|switch|p1a: Bo K.|Roserade, M|324\/324
|-sideend|p1: Rubicon|move: Toxic Spikes|[of] p1a: Bo K.
|switch|p2a: Aerodactyl|Aerodactyl, M|337\/337
|
|turn|4
|join|XxSevagxX
|
|detailschange|p2a: Aerodactyl|Aerodactyl-Mega, M
|message|Aerodactyl has Mega Evolved into Mega Aerodactyl!
|move|p2a: Aerodactyl|Pursuit|p1a: Bo K.|[from]Pursuit
|-damage|p1a: Bo K.|153\/324
|switch|p1a: Lonely Heart|Alomomola, F|534\/534
|
|turn|5
|c| Treo's alt|gr8 b8 m8
|
|switch|p2a: Forretress|Forretress, F|276\/354
|move|p1a: Lonely Heart|Wish|p1a: Lonely Heart
|
|turn|6
|
|switch|p1a: Bo K.|Roserade, M|153\/324
|move|p2a: Forretress|Toxic Spikes|p1a: Bo K.
|-sidestart|p1: Rubicon|move: Toxic Spikes
|
|-heal|p1a: Bo K.|324\/324|[from] move: Wish|[wisher] Lonely Heart
|turn|7
|join|Over Under Used
|
|move|p1a: Bo K.|Spikes|p2a: Forretress
|-sidestart|p2: trevor ellis|Spikes
|move|p2a: Forretress|Gyro Ball|p1a: Bo K.
|-damage|p1a: Bo K.|218\/324
|
|-heal|p1a: Bo K.|238\/324|[from] item: Black Sludge
|turn|8
|c| Yellow Skarmory|gr8 b8 m8 i r8 8\/8
|
|move|p1a: Bo K.|Giga Drain|p2a: Forretress
|-resisted|p2a: Forretress
|-damage|p2a: Forretress|251\/354
|-heal|p1a: Bo K.|251\/324|[from] drain|[of] p2a: Forretress
|move|p2a: Forretress|Gyro Ball|p1a: Bo K.
|-damage|p1a: Bo K.|143\/324
|
|-heal|p1a: Bo K.|163\/324|[from] item: Black Sludge
|turn|9
|
|move|p1a: Bo K.|Giga Drain|p2a: Forretress
|-resisted|p2a: Forretress
|-damage|p2a: Forretress|227\/354
|-heal|p1a: Bo K.|175\/324|[from] drain|[of] p2a: Forretress
|move|p2a: Forretress|Volt Switch|p1a: Bo K.
|-resisted|p1a: Bo K.
|-damage|p1a: Bo K.|161\/324
|
|switch|p2a: Aerodactyl|Aerodactyl-Mega, M|337\/337
|
|-heal|p1a: Bo K.|181\/324|[from] item: Black Sludge
|turn|10
|c| Treo's alt|inbe4raikou
|c| Treo's alt|inb4alomomola?
|
|move|p2a: Aerodactyl|Pursuit|p1a: Bo K.|[from]Pursuit
|-damage|p1a: Bo K.|0 fnt
|faint|p1a: Bo K.
|
|c| Treo's alt|:\/
|c| Voltage|nice and clean
|join|aVeryBraveBird
|c|âRubicon|high roll
|c|âRubicon|verdammt
|c| Treo's alt|Don't call him a verdammit!
|c| Over Under Used|^
|c| Treo's alt|That's just rude
|
|switch|p1a: Centurion|Cobalion|324\/324
|turn|11
|join|Specs Cranidos
|
|switch|p2a: Nidoqueen|Nidoqueen, F|379\/379
|-damage|p2a: Nidoqueen|332\/379|[from] Spikes
|move|p1a: Centurion|Iron Head|p2a: Nidoqueen
|-damage|p2a: Nidoqueen|206\/379
|
|turn|12
|
|switch|p1a: Aeroga|Aerodactyl, M|301\/301
|-ability|p1a: Aeroga|Pressure
|move|p2a: Nidoqueen|Stealth Rock|p1a: Aeroga
|-sidestart|p1: Rubicon|move: Stealth Rock
|
|turn|13
|
|switch|p2a: Forretress|Forretress, F|227\/354
|-damage|p2a: Forretress|183\/354|[from] Spikes
|detailschange|p1a: Aeroga|Aerodactyl-Mega, M
|message|Aerodactyl has Mega Evolved into Mega Aerodactyl!
|move|p1a: Aeroga|Stealth Rock|p2a: Forretress
|-sidestart|p2: trevor ellis|move: Stealth Rock
|
|turn|14
|join|I<3Magikarp
|leave|Over Under Used
|
|move|p1a: Aeroga|Hone Claws|p1a: Aeroga
|-boost|p1a: Aeroga|atk|1
|-boost|p1a: Aeroga|accuracy|1
|move|p2a: Forretress|Gyro Ball|p1a: Aeroga
|-supereffective|p1a: Aeroga
|-damage|p1a: Aeroga|0 fnt
|faint|p1a: Aeroga
|
|join|Colbrushie
|c| Munkin|fire blast
|c| Munkin|now
|c| Treo's alt|...
|c| Treo's alt|wut
|
|switch|p1a: Tiger Shot|Raikou, shiny|322\/322
|-status|p1a: Tiger Shot|psn
|-damage|p1a: Tiger Shot|282\/322 psn|[from] Stealth Rock
|-ability|p1a: Tiger Shot|Pressure
|turn|15
|join|Uniterflash
|
|move|p1a: Tiger Shot|Volt Switch|p2a: Forretress
|-damage|p2a: Forretress|54\/354
|leave|Uniterflash
|c| XxSevagxX|forretress pwoning
|
|switch|p1a: Lonely Heart|Alomomola, F|534\/534
|-status|p1a: Lonely Heart|psn
|-damage|p1a: Lonely Heart|468\/534 psn|[from] Stealth Rock
|move|p2a: Forretress|Rapid Spin|p1a: Lonely Heart
|-damage|p1a: Lonely Heart|456\/534 psn
|-damage|p2a: Forretress|0 fnt|[from] item: Rocky Helmet|[of] p1a: Lonely Heart
|faint|p2a: Forretress
|
|-damage|p1a: Lonely Heart|390\/534 psn|[from] psn
|c| Voltage|these obvious plays are hurting my brain
|c| Treo's alt|ha
|
|switch|p2a: Nidoqueen|Nidoqueen, F|206\/379
|-damage|p2a: Nidoqueen|183\/379|[from] Stealth Rock
|-damage|p2a: Nidoqueen|136\/379|[from] Spikes
|turn|16
|c| Treo's alt|inb4tank
|
|move|p2a: Nidoqueen|Thunderbolt|p1a: Lonely Heart
|-supereffective|p1a: Lonely Heart
|-damage|p1a: Lonely Heart|0 fnt
|faint|p1a: Lonely Heart
|
|c|âtrevor ellis|the pursuit wasnt as obvious
|c|âtrevor ellis|it was a 50\/50
|join|Henry
|c|âRubicon|and a high roll
|
|switch|p1a: Boom lay boom|Sableye, M|304\/304
|-status|p1a: Boom lay boom|psn
|-damage|p1a: Boom lay boom|266\/304 psn|[from] Stealth Rock
|turn|17
|
|move|p2a: Nidoqueen|Earth Power|p1a: Boom lay boom
|-damage|p1a: Boom lay boom|91\/304 psn
|move|p1a: Boom lay boom|Foul Play|p2a: Nidoqueen
|-damage|p2a: Nidoqueen|42\/379
|
|-heal|p1a: Boom lay boom|110\/304 psn|[from] item: Leftovers
|-damage|p1a: Boom lay boom|72\/304 psn|[from] psn
|turn|18
|c| Yellow Skarmory|**FINALS HYPE**
|join|bob the bro
|c| XxSevagxX|trevor ellis won
|c| Henry|holy shit
|c| Henry|bob the bro is here
|c|âtrevor ellis|wow good job
|c| my name is stan|misses will o imo
|c| Treo's alt|You don't say
|c|âtrevor ellis|you have eyes
|c| bob the bro|wot
|
|move|p1a: Boom lay boom|Will-O-Wisp|p2a: Nidoqueen
|-status|p2a: Nidoqueen|brn
|move|p2a: Nidoqueen|Earth Power|p1a: Boom lay boom
|-damage|p1a: Boom lay boom|0 fnt
|faint|p1a: Boom lay boom
|
|-damage|p2a: Nidoqueen|0 fnt|[from] brn
|faint|p2a: Nidoqueen
|c| Henry|\/me is euphoric
|c| XxSevagxX|theres hydragon
|
|switch|p1a: Tiger Shot|Raikou, shiny|282\/322 psn
|-damage|p1a: Tiger Shot|242\/322 psn|[from] Stealth Rock
|switch|p2a: Aerodactyl|Aerodactyl-Mega, M|337\/337
|-damage|p2a: Aerodactyl|253\/337|[from] Stealth Rock
|-ability|p1a: Tiger Shot|Pressure
|turn|19
|c| Voltage|bob the bro i saw that vid from DMT where you got 6-0
|c| XxSevagxX|choice scarf
|c| Voltage|was cool
|
|move|p1a: Tiger Shot|Thunderbolt|p2a: Aerodactyl
|-supereffective|p2a: Aerodactyl
|-damage|p2a: Aerodactyl|0 fnt
|faint|p2a: Aerodactyl
|
|-damage|p1a: Tiger Shot|202\/322 psn|[from] psn
|c| Munkin|scarf kou
|c| bob the bro|ofc
|
|switch|p2a: Hydreigon|Hydreigon, M|325\/325
|-damage|p2a: Hydreigon|285\/325|[from] Stealth Rock
|turn|20
|c|âRubicon|#tiger
|c| Treo's alt|Da scarf do
|c| XxSevagxX|hydragon kills both
|c|âtrevor ellis|no lol
|
|switch|p1a: Centurion|Cobalion|324\/324
|-damage|p1a: Centurion|314\/324|[from] Stealth Rock
|move|p2a: Hydreigon|Superpower|p1a: Centurion
|-supereffective|p1a: Centurion
|-damage|p1a: Centurion|111\/324
|-unboost|p2a: Hydreigon|atk|1
|-unboost|p2a: Hydreigon|def|1
|-damage|p2a: Hydreigon|253\/325|[from] item: Life Orb
|
|turn|21
|c| Treo's alt|inb4rekt
|c| Munkin|eating it up
|
|switch|p2a: Suicune|Suicune|404\/404
|-damage|p2a: Suicune|354\/404|[from] Spikes
|-damage|p2a: Suicune|304\/404|[from] Stealth Rock
|-ability|p2a: Suicune|Pressure
|move|p1a: Centurion|Close Combat|p2a: Suicune
|-damage|p2a: Suicune|159\/404
|-unboost|p1a: Centurion|def|1
|-unboost|p1a: Centurion|spd|1
|
|-heal|p2a: Suicune|184\/404|[from] item: Leftovers
|turn|22
|c| XxSevagxX|now stick to ifernape
|c| Colbrushie|bob the bro: ct imo
|c| XxSevagxX|or nah
|c| XxSevagxX|suicune is done
|
|switch|p1a: Tiger Shot|Raikou, shiny|202\/322 psn
|-damage|p1a: Tiger Shot|162\/322 psn|[from] Stealth Rock
|-ability|p1a: Tiger Shot|Pressure
|move|p2a: Suicune|Scald|p1a: Tiger Shot
|-damage|p1a: Tiger Shot|39\/322 psn
|
|-heal|p2a: Suicune|209\/404|[from] item: Leftovers
|-damage|p1a: Tiger Shot|0 fnt|[from] psn
|faint|p1a: Tiger Shot
|c| bob the bro|nigga wot
|c| Treo's alt|inb4 bad switch
|c| Henry|just crit here
|c| XxSevagxX|bad move
|c| Henry|ez
|c|âRubicon|damn
|
|switch|p1a: Centurion|Cobalion|111\/324
|-damage|p1a: Centurion|101\/324|[from] Stealth Rock
|turn|23
|c| Treo's alt|Terrible play
|c|âRubicon|i saw 13%
|leave|Henry
|c|âRubicon|thought he could barely take it
|c| Colbrushie|it rounds up
|c| Colbrushie|always
|c| Colbrushie|12.1 = 13
|
|move|p1a: Centurion|Swords Dance|p1a: Centurion
|-boost|p1a: Centurion|atk|2
|move|p2a: Suicune|Scald|p1a: Centurion
|-crit|p1a: Centurion
|-damage|p1a: Centurion|0 fnt
|faint|p1a: Centurion
|
|win|trevor ellis
|c|âtrevor ellis|if i was crocune ye
|c| Yellow Skarmory|gg
|leave|Munkin
|leave|Yellow Skarmory
|leave|my name is stan
|leave|Voltage
|leave|Treo's alt
|leave|XxSevagxX
|leave|Rubicon
|player|p1
|join|dingbat
|leave|trevor ellis
|player|p2
|leave|Bud Hertz
|join|LT8A JEFO
|leave|LT8A JEFO
|leave|Specs Cranidos
|leave|I<3Magikarp
|join|I<3Magikarp
|leave|aVeryBraveBird
|leave|I<3Magikarp
|join|aVeryBraveBird
|join|I<3Magikarp
|leave|I<3Magikarp
|leave|dingbat
|leave|bob the bro
|leave|OG_Wanka
|join|Jay From Walmart
|leave|Jay From Walmart