|join|Lol1z da Fuccboi
|join|trevor ellis
|player|p1|Lol1z da Fuccboi|102
|player|p2|trevor ellis|112
|gametype|singles
|gen|6
|tier|UU
|rated
|rule|Sleep Clause Mod: Limit one foe put to sleep
|rule|Species Clause: Limit one of each PokÃ©mon
|rule|OHKO Clause: OHKO moves are banned
|rule|Moody Clause: Moody is banned
|rule|Evasion Moves Clause: Evasion moves are banned
|rule|Endless Battle Clause: Forcing endless battles is banned
|rule|HP Percentage Mod: HP is shown in percentages
|clearpoke
|poke|p1|Swampert, F
|poke|p1|Celebi
|poke|p1|Entei, shiny
|poke|p1|Forretress, M
|poke|p1|Mienshao, M
|poke|p1|Hydreigon, M
|poke|p2|Empoleon, F
|poke|p2|Zygarde
|poke|p2|Togetic, M
|poke|p2|Raikou
|poke|p2|Alakazam, F
|poke|p2|Mienshao, M
|rule|Swagger Clause: Swagger is banned
|rule|Baton Pass Clause: Limit one PokÃ©mon knowing Baton Pass
|teampreview
|c|âLol1z da Fuccboi|yo yo
|c|âtrevor ellis|2 legends
|join|Emma Bae
|c|âLol1z da Fuccboi|that's what's up
|
|start
|switch|p1a: Swampert|Swampert, F|404\/404
|switch|p2a: Togetic|Togetic, M|314\/314
|turn|1
|
|switch|p1a: Forretress|Forretress, M|354\/354
|move|p2a: Togetic|Nasty Plot|p2a: Togetic
|-boost|p2a: Togetic|spa|2
|
|turn|2
|
|move|p2a: Togetic|Baton Pass|p2a: Togetic
|
|switch|p2a: Raikou|Raikou|321\/321
|-ability|p2a: Raikou|Pressure
|move|p1a: Forretress|Volt Switch|p2a: Raikou
|-resisted|p2a: Raikou
|-damage|p2a: Raikou|302\/321
|
|switch|p1a: Swampert|Swampert, F|404\/404
|
|turn|3
|
|switch|p1a: Celebi|Celebi|404\/404
|move|p2a: Raikou|Hidden Power|p1a: Celebi
|-resisted|p1a: Celebi
|-damage|p1a: Celebi|357\/404
|
|-heal|p1a: Celebi|382\/404|[from] item: Leftovers
|turn|4
|
|move|p2a: Raikou|Thunderbolt|p1a: Celebi
|-resisted|p1a: Celebi
|-damage|p1a: Celebi|280\/404
|move|p1a: Celebi|U-turn|p2a: Raikou
|-damage|p2a: Raikou|236\/321
|
|switch|p1a: Hydreigon|Hydreigon, M|325\/325
|
|turn|5
|
|switch|p2a: Togetic|Togetic, M|314\/314
|move|p1a: Hydreigon|U-turn|p2a: Togetic
|-resisted|p2a: Togetic
|-damage|p2a: Togetic|307\/314
|
|switch|p1a: Swampert|Swampert, F|404\/404
|
|turn|6
|
|move|p1a: Swampert|Stealth Rock|p2a: Togetic
|-sidestart|p2: trevor ellis|move: Stealth Rock
|move|p2a: Togetic|Nasty Plot|p2a: Togetic
|-boost|p2a: Togetic|spa|2
|
|turn|7
|
|move|p2a: Togetic|Dazzling Gleam|p1a: Swampert
|-damage|p1a: Swampert|284\/404
|move|p1a: Swampert|Roar|p2a: Togetic
|drag|p2a: Empoleon|Empoleon, F|369\/369
|-damage|p2a: Empoleon|346\/369|[from] Stealth Rock
|
|-heal|p2a: Empoleon|369\/369|[from] item: Leftovers
|-heal|p1a: Swampert|309\/404|[from] item: Leftovers
|turn|8
|
|move|p2a: Empoleon|Grass Knot|p1a: Swampert
|-supereffective|p1a: Swampert
|-damage|p1a: Swampert|9\/404
|move|p1a: Swampert|Earthquake|p2a: Empoleon
|-supereffective|p2a: Empoleon
|-damage|p2a: Empoleon|61\/369
|
|-heal|p2a: Empoleon|84\/369|[from] item: Leftovers
|-heal|p1a: Swampert|34\/404|[from] item: Leftovers
|turn|9
|
|switch|p1a: Celebi|Celebi|280\/404
|move|p2a: Empoleon|Stealth Rock|p1a: Celebi
|-sidestart|p1: Lol1z da Fuccboi|move: Stealth Rock
|
|-heal|p1a: Celebi|305\/404|[from] item: Leftovers
|-heal|p2a: Empoleon|107\/369|[from] item: Leftovers
|turn|10
|
|switch|p2a: Raikou|Raikou|236\/321
|-damage|p2a: Raikou|196\/321|[from] Stealth Rock
|-ability|p2a: Raikou|Pressure
|move|p1a: Celebi|Giga Drain|p2a: Raikou
|-damage|p2a: Raikou|114\/321
|-heal|p1a: Celebi|346\/404|[from] drain|[of] p2a: Raikou
|
|-heal|p1a: Celebi|371\/404|[from] item: Leftovers
|turn|11
|
|move|p2a: Raikou|Volt Switch|p1a: Celebi
|-resisted|p1a: Celebi
|-damage|p1a: Celebi|332\/404
|
|switch|p2a: Empoleon|Empoleon, F|107\/369
|-damage|p2a: Empoleon|84\/369|[from] Stealth Rock
|move|p1a: Celebi|U-turn|p2a: Empoleon
|-resisted|p2a: Empoleon
|-damage|p2a: Empoleon|54\/369
|
|switch|p1a: Mienshao|Mienshao, M|271\/271
|-damage|p1a: Mienshao|255\/271|[from] Stealth Rock
|
|-heal|p2a: Empoleon|77\/369|[from] item: Leftovers
|turn|12
|
|move|p1a: Mienshao|Knock Off|p2a: Empoleon
|-damage|p2a: Empoleon|0 fnt
|-enditem|p2a: Empoleon|Leftovers|[from] move: Knock Off|[of] p1a: Mienshao
|-damage|p1a: Mienshao|228\/271|[from] item: Life Orb
|faint|p2a: Empoleon
|
|
|switch|p2a: Alakazam|Alakazam, F|251\/251
|turn|13
|
|switch|p1a: Swampert|Swampert, F|34\/404
|-damage|p1a: Swampert|9\/404|[from] Stealth Rock
|detailschange|p2a: Alakazam|Alakazam-Mega, F
|-mega|p2a: Alakazam|Alakazam|Alakazite
|-ability|p2a: Alakazam|Torrent|[from] ability: Trace|[of] p1a: Swampert
|move|p2a: Alakazam|Shadow Ball|p1a: Swampert
|-damage|p1a: Swampert|0 fnt
|faint|p1a: Swampert
|
|
|switch|p1a: Celebi|Celebi|332\/404
|-damage|p1a: Celebi|282\/404|[from] Stealth Rock
|turn|14
|
|switch|p2a: Mienshao|Mienshao, M|271\/271
|-damage|p2a: Mienshao|255\/271|[from] Stealth Rock
|move|p1a: Celebi|U-turn|p2a: Mienshao
|-resisted|p2a: Mienshao
|-damage|p2a: Mienshao|210\/271
|
|switch|p1a: Forretress|Forretress, M|354\/354
|-damage|p1a: Forretress|310\/354|[from] Stealth Rock
|
|-heal|p1a: Forretress|332\/354|[from] item: Leftovers
|turn|15
|
|move|p2a: Mienshao|U-turn|p1a: Forretress
|-resisted|p1a: Forretress
|-damage|p1a: Forretress|308\/354
|
|switch|p2a: Zygarde|Zygarde|404\/404
|-damage|p2a: Zygarde|379\/404|[from] Stealth Rock
|-ability|p2a: Zygarde|Aura Break
|move|p1a: Forretress|Rapid Spin|p2a: Zygarde
|-damage|p2a: Zygarde|365\/404
|-sideend|p1: Lol1z da Fuccboi|Stealth Rock|[from] move: Rapid Spin|[of] p1a: Forretress
|
|-heal|p2a: Zygarde|390\/404|[from] item: Leftovers
|-heal|p1a: Forretress|330\/354|[from] item: Leftovers
|turn|16
|
|switch|p1a: Celebi|Celebi|282\/404
|move|p2a: Zygarde|Substitute|p2a: Zygarde
|-start|p2a: Zygarde|Substitute
|-damage|p2a: Zygarde|289\/404
|
|-heal|p2a: Zygarde|314\/404|[from] item: Leftovers
|-heal|p1a: Celebi|307\/404|[from] item: Leftovers
|turn|17
|
|move|p1a: Celebi|Psychic|p2a: Zygarde
|-activate|p2a: Zygarde|Substitute|[damage]
|move|p2a: Zygarde|Dragon Tail|p1a: Celebi
|-damage|p1a: Celebi|220\/404
|drag|p1a: Forretress|Forretress, M|330\/354
|
|-heal|p2a: Zygarde|339\/404|[from] item: Leftovers
|-heal|p1a: Forretress|352\/354|[from] item: Leftovers
|turn|18
|c|âLol1z da Fuccboi|yeah that set is popular now
|
|switch|p1a: Celebi|Celebi|220\/404
|move|p2a: Zygarde|Coil|p2a: Zygarde
|-boost|p2a: Zygarde|atk|1
|-boost|p2a: Zygarde|def|1
|-boost|p2a: Zygarde|accuracy|1
|
|-heal|p2a: Zygarde|364\/404|[from] item: Leftovers
|-heal|p1a: Celebi|245\/404|[from] item: Leftovers
|turn|19
|
|move|p2a: Zygarde|Coil|p2a: Zygarde
|-boost|p2a: Zygarde|atk|1
|-boost|p2a: Zygarde|def|1
|-boost|p2a: Zygarde|accuracy|1
|move|p1a: Celebi|U-turn|p2a: Zygarde
|-end|p2a: Zygarde|Substitute
|
|switch|p1a: Hydreigon|Hydreigon, M|325\/325
|
|-heal|p2a: Zygarde|389\/404|[from] item: Leftovers
|turn|20
|
|switch|p2a: Raikou|Raikou|114\/321
|-damage|p2a: Raikou|74\/321|[from] Stealth Rock
|-ability|p2a: Raikou|Pressure
|move|p1a: Hydreigon|Draco Meteor|p2a: Raikou
|-damage|p2a: Raikou|0 fnt
|-unboost|p1a: Hydreigon|spa|2
|faint|p2a: Raikou
|
|join|feng
|
|switch|p2a: Mienshao|Mienshao, M|210\/271
|-damage|p2a: Mienshao|194\/271|[from] Stealth Rock
|turn|21
|
|switch|p1a: Celebi|Celebi|245\/404
|move|p2a: Mienshao|U-turn|p1a: Celebi
|-crit|p1a: Celebi
|-supereffective|p1a: Celebi
|-damage|p1a: Celebi|0 fnt
|faint|p1a: Celebi
|
|switch|p2a: Alakazam|Alakazam-Mega, F|251\/251
|-damage|p2a: Alakazam|220\/251|[from] Stealth Rock
|
|
|switch|p1a: Entei|Entei, shiny|372\/372
|-ability|p2a: Alakazam|Pressure|[from] ability: Trace|[of] p1a: Entei
|-ability|p2a: Alakazam|Pressure
|-ability|p1a: Entei|Pressure
|turn|22
|
|move|p2a: Alakazam|Protect|p2a: Alakazam
|-singleturn|p2a: Alakazam|Protect
|move|p1a: Entei|Sacred Fire|p2a: Alakazam
|-activate|p2a: Alakazam|Protect
|
|turn|23
|
|move|p2a: Alakazam|Psyshock|p1a: Entei
|-damage|p1a: Entei|168\/372
|move|p1a: Entei|Sacred Fire|p2a: Alakazam
|-damage|p2a: Alakazam|0 fnt
|faint|p2a: Alakazam
|
|
|switch|p2a: Zygarde|Zygarde|389\/404
|-damage|p2a: Zygarde|364\/404|[from] Stealth Rock
|-ability|p2a: Zygarde|Aura Break
|turn|24
|
|move|p2a: Zygarde|Substitute|p2a: Zygarde
|-start|p2a: Zygarde|Substitute
|-damage|p2a: Zygarde|263\/404
|move|p1a: Entei|Sacred Fire|p2a: Zygarde
|-resisted|p2a: Zygarde
|-end|p2a: Zygarde|Substitute
|
|-heal|p2a: Zygarde|288\/404|[from] item: Leftovers
|turn|25
|
|switch|p1a: Hydreigon|Hydreigon, M|325\/325
|move|p2a: Zygarde|Earthquake|p1a: Hydreigon
|-immune|p1a: Hydreigon|[msg]
|
|-heal|p2a: Zygarde|313\/404|[from] item: Leftovers
|turn|26
|
|move|p1a: Hydreigon|U-turn|p2a: Zygarde
|-damage|p2a: Zygarde|265\/404
|
|switch|p1a: Mienshao|Mienshao, M|271\/271
|move|p2a: Zygarde|Substitute|p2a: Zygarde
|-start|p2a: Zygarde|Substitute
|-damage|p2a: Zygarde|164\/404
|
|-heal|p2a: Zygarde|189\/404|[from] item: Leftovers
|turn|27
|
|move|p1a: Mienshao|Knock Off|p2a: Zygarde
|-end|p2a: Zygarde|Substitute
|-damage|p1a: Mienshao|244\/271|[from] item: Life Orb
|move|p2a: Zygarde|Dragon Tail|p1a: Mienshao
|-damage|p1a: Mienshao|133\/271
|drag|p1a: Hydreigon|Hydreigon, M|325\/325
|
|-heal|p2a: Zygarde|214\/404|[from] item: Leftovers
|turn|28
|
|switch|p2a: Togetic|Togetic, M|307\/314
|-damage|p2a: Togetic|229\/314|[from] Stealth Rock
|move|p1a: Hydreigon|Dark Pulse|p2a: Togetic
|-crit|p2a: Togetic
|-resisted|p2a: Togetic
|-damage|p2a: Togetic|166\/314
|
|turn|29
|
|switch|p1a: Entei|Entei, shiny|168\/372
|-ability|p1a: Entei|Pressure
|move|p2a: Togetic|Baton Pass|p2a: Togetic
|
|switch|p2a: Mienshao|Mienshao, M|194\/271
|-damage|p2a: Mienshao|178\/271|[from] Stealth Rock
|
|turn|30
|
|move|p1a: Entei|Extreme Speed|p2a: Mienshao
|-damage|p2a: Mienshao|0 fnt
|faint|p2a: Mienshao
|
|-message|trevor ellis forfeited.
|leave|trevor ellis
|
|win|Lol1z da Fuccboi
|raw|Ladder updating...
|player|p2
|raw|Lol1z da Fuccboi's rating: 1576 &rarr; <strong>1594<\/strong><br \/>(+18 for winning)
|raw|trevor ellis's rating: 1535 &rarr; <strong>1518<\/strong><br \/>(-17 for losing)