|join|trevor ellis
|join|sadadsasdwedwed
|player|p1|trevor ellis|112
|player|p2|sadadsasdwedwed|1
|gametype|singles
|gen|6
|tier|UU
|rated
|rule|Sleep Clause Mod: Limit one foe put to sleep
|rule|Species Clause: Limit one of each PokÃ©mon
|rule|OHKO Clause: OHKO moves are banned
|rule|Moody Clause: Moody is banned
|rule|Evasion Moves Clause: Evasion moves are banned
|rule|Endless Battle Clause: Forcing endless battles is banned
|rule|HP Percentage Mod: HP is shown in percentages
|clearpoke
|poke|p1|Diancie
|poke|p1|Volcarona, F
|poke|p1|Mienshao, F
|poke|p1|Suicune
|poke|p1|Gligar, M
|poke|p1|Celebi
|poke|p2|Swampert, M
|poke|p2|Altaria, F
|poke|p2|Chandelure, M
|poke|p2|Jirachi
|poke|p2|Crobat, F
|poke|p2|Fletchinder, M
|rule|Swagger Clause: Swagger is banned
|rule|Baton Pass Clause: Limit one PokÃ©mon knowing Baton Pass
|teampreview
|
|start
|switch|p1a: Suicune|Suicune|404\/404
|switch|p2a: Chandelure|Chandelure, M|261\/261
|-ability|p1a: Suicune|Pressure
|turn|1
|
|switch|p1a: Volcarona|Volcarona, F|369\/369
|move|p2a: Chandelure|Trick|p1a: Volcarona
|-activate|p2a: Chandelure|move: Trick|[of] p1a: Volcarona
|-item|p1a: Volcarona|Choice Specs|[from] move: Trick
|-item|p2a: Chandelure|Lum Berry|[from] move: Trick
|
|turn|2
|
|move|p2a: Chandelure|Shadow Ball|p1a: Volcarona
|-damage|p1a: Volcarona|212\/369
|-unboost|p1a: Volcarona|spd|1
|move|p1a: Volcarona|Bug Buzz|p2a: Chandelure
|-resisted|p2a: Chandelure
|-damage|p2a: Chandelure|206\/261
|
|turn|3
|
|switch|p1a: Gligar|Gligar, M|334\/334
|move|p2a: Chandelure|Energy Ball|p1a: Gligar
|-damage|p1a: Gligar|262\/334
|
|turn|4
|
|move|p2a: Chandelure|Fire Blast|p1a: Gligar
|-damage|p1a: Gligar|136\/334
|move|p1a: Gligar|Stealth Rock|p2a: Chandelure
|-sidestart|p2: sadadsasdwedwed|move: Stealth Rock
|
|turn|5
|
|switch|p2a: Crobat|Crobat, F|373\/373
|-damage|p2a: Crobat|280\/373|[from] Stealth Rock
|move|p1a: Gligar|Roost|p1a: Gligar
|-heal|p1a: Gligar|303\/334
|
|turn|6
|
|move|p2a: Crobat|Defog|p1a: Gligar
|-unboost|p1a: Gligar|evasion|1
|-sideend|p2: sadadsasdwedwed|Stealth Rock|[from] move: Defog|[of] p2a: Crobat
|move|p1a: Gligar|U-turn|p2a: Crobat
|-resisted|p2a: Crobat
|-damage|p2a: Crobat|268\/373
|
|switch|p1a: Diancie|Diancie|283\/283
|
|turn|7
|
|detailschange|p1a: Diancie|Diancie-Mega
|message|Diancie has Mega Evolved into Mega Diancie!
|move|p2a: Crobat|U-turn|p1a: Diancie
|-resisted|p1a: Diancie
|-damage|p1a: Diancie|260\/283
|
|switch|p2a: Jirachi|Jirachi|341\/341
|move|p1a: Diancie|Moonblast|p2a: Jirachi
|-resisted|p2a: Jirachi
|-damage|p2a: Jirachi|240\/341
|
|turn|8
|
|switch|p1a: Volcarona|Volcarona, F|212\/369
|move|p2a: Jirachi|U-turn|p1a: Volcarona
|-resisted|p1a: Volcarona
|-damage|p1a: Volcarona|181\/369
|
|switch|p2a: Altaria|Altaria, F|353\/353
|
|turn|9
|
|switch|p1a: Gligar|Gligar, M|303\/334
|detailschange|p2a: Altaria|Altaria-Mega, F
|message|Altaria has Mega Evolved into Mega Altaria!
|move|p2a: Altaria|Dragon Dance|p2a: Altaria
|-boost|p2a: Altaria|atk|1
|-boost|p2a: Altaria|spe|1
|
|turn|10
|
|move|p2a: Altaria|Dragon Dance|p2a: Altaria
|-boost|p2a: Altaria|atk|1
|-boost|p2a: Altaria|spe|1
|move|p1a: Gligar|U-turn|p2a: Altaria
|-crit|p2a: Altaria
|-resisted|p2a: Altaria
|-damage|p2a: Altaria|324\/353
|
|switch|p1a: Suicune|Suicune|404\/404
|-ability|p1a: Suicune|Pressure
|
|turn|11
|
|move|p2a: Altaria|Return|p1a: Suicune
|-damage|p1a: Suicune|119\/404
|move|p1a: Suicune|Roar|p2a: Altaria
|drag|p2a: Fletchinder|Fletchinder, M|327\/327
|
|-heal|p1a: Suicune|144\/404|[from] item: Leftovers
|turn|12
|
|move|p1a: Suicune|Scald|p2a: Fletchinder
|-supereffective|p2a: Fletchinder
|-damage|p2a: Fletchinder|31\/327
|move|p2a: Fletchinder|Swords Dance|p2a: Fletchinder
|-boost|p2a: Fletchinder|atk|2
|
|-heal|p1a: Suicune|169\/404|[from] item: Leftovers
|turn|13
|
|switch|p1a: Volcarona|Volcarona, F|181\/369
|move|p2a: Fletchinder|Acrobatics|p1a: Volcarona
|-supereffective|p1a: Volcarona
|-damage|p1a: Volcarona|0 fnt
|faint|p1a: Volcarona
|
|
|switch|p1a: Diancie|Diancie-Mega|260\/283
|turn|14
|
|switch|p2a: Jirachi|Jirachi|240\/341
|move|p1a: Diancie|Moonblast|p2a: Jirachi
|-resisted|p2a: Jirachi
|-damage|p2a: Jirachi|133\/341
|
|turn|15
|
|switch|p1a: Celebi|Celebi|399\/399
|move|p2a: Jirachi|Iron Head|p1a: Celebi
|-damage|p1a: Celebi|306\/399
|
|turn|16
|
|move|p2a: Jirachi|Iron Head|p1a: Celebi
|-damage|p1a: Celebi|213\/399
|move|p1a: Celebi|Baton Pass|p1a: Celebi
|
|switch|p1a: Gligar|Gligar, M|303\/334
|
|turn|17
|
|switch|p2a: Altaria|Altaria-Mega, F|324\/353
|move|p1a: Gligar|Stealth Rock|p2a: Altaria
|-sidestart|p2: sadadsasdwedwed|move: Stealth Rock
|
|turn|18
|
|move|p2a: Altaria|Dragon Dance|p2a: Altaria
|-boost|p2a: Altaria|atk|1
|-boost|p2a: Altaria|spe|1
|move|p1a: Gligar|U-turn|p2a: Altaria
|-resisted|p2a: Altaria
|-damage|p2a: Altaria|304\/353
|
|switch|p1a: Diancie|Diancie-Mega|260\/283
|
|turn|19
|
|move|p2a: Altaria|Earthquake|p1a: Diancie
|-supereffective|p1a: Diancie
|-damage|p1a: Diancie|0 fnt
|faint|p1a: Diancie
|
|
|switch|p1a: Mienshao|Mienshao, F|271\/271
|turn|20
|
|move|p1a: Mienshao|Poison Jab|p2a: Altaria
|-supereffective|p2a: Altaria
|-damage|p2a: Altaria|124\/353
|move|p2a: Altaria|Return|p1a: Mienshao
|-supereffective|p1a: Mienshao
|-damage|p1a: Mienshao|0 fnt
|faint|p1a: Mienshao
|
|-message|trevor ellis forfeited.
|
|win|sadadsasdwedwed
|raw|Ladder updating...
|leave|trevor ellis
|player|p1
|raw|trevor ellis's rating: 1449 &rarr; <strong>1423<\/strong><br \/>(-26 for losing)
|raw|sadadsasdwedwed's rating: 1326 &rarr; <strong>1353<\/strong><br \/>(+27 for winning)
|join|los santos
|leave|los santos