|join|trevor ellis
|join|AAZY
|player|p1|trevor ellis|112
|player|p2|AAZY|102
|gametype|singles
|gen|6
|tier|UU
|rated
|rule|Sleep Clause Mod: Limit one foe put to sleep
|rule|Species Clause: Limit one of each PokÃ©mon
|rule|OHKO Clause: OHKO moves are banned
|rule|Moody Clause: Moody is banned
|rule|Evasion Moves Clause: Evasion moves are banned
|rule|Endless Battle Clause: Forcing endless battles is banned
|rule|HP Percentage Mod: HP is shown in percentages
|clearpoke
|poke|p1|Empoleon, F
|poke|p1|Zygarde
|poke|p1|Togetic, M
|poke|p1|Raikou
|poke|p1|Alakazam, M
|poke|p1|Mienshao, F
|poke|p2|Alakazam, M
|poke|p2|Chesnaught, M
|poke|p2|Blissey, F
|poke|p2|Crobat, M
|poke|p2|Zygarde
|poke|p2|Starmie
|rule|Swagger Clause: Swagger is banned
|rule|Baton Pass Clause: Limit one PokÃ©mon knowing Baton Pass
|teampreview
|
|start
|switch|p1a: Togetic|Togetic, M|314\/314
|switch|p2a: Crobat|Crobat, M|313\/313
|turn|1
|
|switch|p1a: Empoleon|Empoleon, F|369\/369
|move|p2a: Crobat|Taunt|p1a: Empoleon
|-start|p1a: Empoleon|move: Taunt
|
|turn|2
|
|move|p2a: Crobat|U-turn|p1a: Empoleon
|-resisted|p1a: Empoleon
|-damage|p1a: Empoleon|332\/369
|
|switch|p2a: Blissey|Blissey, F|651\/651
|move|p1a: Empoleon|Scald|p2a: Blissey
|-damage|p2a: Blissey|573\/651
|-status|p2a: Blissey|brn
|
|-heal|p1a: Empoleon|355\/369|[from] item: Leftovers
|-heal|p2a: Blissey|613\/651 brn|[from] item: Leftovers
|-damage|p2a: Blissey|532\/651 brn|[from] brn
|turn|3
|
|switch|p1a: Zygarde|Zygarde|404\/404
|-ability|p1a: Zygarde|Aura Break
|move|p2a: Blissey|Stealth Rock|p1a: Zygarde
|-sidestart|p1: trevor ellis|move: Stealth Rock
|
|-heal|p2a: Blissey|572\/651 brn|[from] item: Leftovers
|-damage|p2a: Blissey|491\/651 brn|[from] brn
|turn|4
|
|switch|p2a: Crobat|Crobat, M|313\/313
|move|p1a: Zygarde|Substitute|p1a: Zygarde
|-start|p1a: Zygarde|Substitute
|-damage|p1a: Zygarde|303\/404
|
|-heal|p1a: Zygarde|328\/404|[from] item: Leftovers
|turn|5
|
|switch|p1a: Empoleon|Empoleon, F|355\/369
|-damage|p1a: Empoleon|332\/369|[from] Stealth Rock
|move|p2a: Crobat|U-turn|p1a: Empoleon
|-resisted|p1a: Empoleon
|-damage|p1a: Empoleon|298\/369
|
|switch|p2a: Alakazam|Alakazam, M|253\/253
|
|-heal|p1a: Empoleon|321\/369|[from] item: Leftovers
|turn|6
|c|âtrevor ellis|so youre saying you dont have anything for gare ok
|
|detailschange|p2a: Alakazam|Alakazam-Mega, M
|-mega|p2a: Alakazam|Alakazam|Alakazite
|-ability|p2a: Alakazam|Torrent|[from] ability: Trace|[of] p1a: Empoleon
|move|p2a: Alakazam|Calm Mind|p2a: Alakazam
|-boost|p2a: Alakazam|spa|1
|-boost|p2a: Alakazam|spd|1
|move|p1a: Empoleon|Scald|p2a: Alakazam
|-damage|p2a: Alakazam|159\/253
|
|-heal|p1a: Empoleon|344\/369|[from] item: Leftovers
|turn|7
|
|switch|p1a: Raikou|Raikou|321\/321
|-damage|p1a: Raikou|281\/321|[from] Stealth Rock
|-ability|p1a: Raikou|Pressure
|move|p2a: Alakazam|Shadow Ball|p1a: Raikou
|-damage|p1a: Raikou|118\/321
|
|turn|8
|c|âAAZY|ok lor
|
|move|p2a: Alakazam|Psyshock|p1a: Raikou
|-damage|p1a: Raikou|0 fnt
|faint|p1a: Raikou
|
|
|switch|p1a: Mienshao|Mienshao, F|271\/271
|-damage|p1a: Mienshao|255\/271|[from] Stealth Rock
|turn|9
|
|switch|p2a: Chesnaught|Chesnaught, M|380\/380
|move|p1a: Mienshao|U-turn|p2a: Chesnaught
|-damage|p2a: Chesnaught|327\/380
|
|switch|p1a: Zygarde|Zygarde|328\/404
|-damage|p1a: Zygarde|303\/404|[from] Stealth Rock
|-ability|p1a: Zygarde|Aura Break
|
|-heal|p1a: Zygarde|328\/404|[from] item: Leftovers
|-heal|p2a: Chesnaught|350\/380|[from] item: Leftovers
|turn|10
|
|switch|p2a: Crobat|Crobat, M|313\/313
|move|p1a: Zygarde|Substitute|p1a: Zygarde
|-start|p1a: Zygarde|Substitute
|-damage|p1a: Zygarde|227\/404
|
|-heal|p1a: Zygarde|252\/404|[from] item: Leftovers
|turn|11
|
|move|p2a: Crobat|U-turn|p1a: Zygarde
|-damage|p1a: Zygarde|199\/404
|
|switch|p2a: Starmie|Starmie|323\/323
|move|p1a: Zygarde|Coil|p1a: Zygarde
|-boost|p1a: Zygarde|atk|1
|-boost|p1a: Zygarde|def|1
|-boost|p1a: Zygarde|accuracy|1
|
|-heal|p1a: Zygarde|224\/404|[from] item: Leftovers
|turn|12
|
|move|p2a: Starmie|Ice Beam|p1a: Zygarde
|-supereffective|p1a: Zygarde
|-end|p1a: Zygarde|Substitute
|move|p1a: Zygarde|Dragon Tail|p2a: Starmie
|-damage|p2a: Starmie|199\/323
|drag|p2a: Zygarde|Zygarde|404\/404
|-ability|p2a: Zygarde|Aura Break
|
|-heal|p1a: Zygarde|249\/404|[from] item: Leftovers
|turn|13
|
|switch|p1a: Togetic|Togetic, M|314\/314
|-damage|p1a: Togetic|236\/314|[from] Stealth Rock
|move|p2a: Zygarde|Dragon Tail|p1a: Togetic
|-immune|p1a: Togetic|[msg]
|
|turn|14
|
|switch|p2a: Crobat|Crobat, M|313\/313
|move|p1a: Togetic|Baton Pass|p1a: Togetic
|
|switch|p1a: Alakazam|Alakazam, M|251\/251
|
|turn|15
|
|detailschange|p1a: Alakazam|Alakazam-Mega, M
|-mega|p1a: Alakazam|Alakazam|Alakazite
|-ability|p1a: Alakazam|Infiltrator|[from] ability: Trace|[of] p2a: Crobat
|move|p1a: Alakazam|Protect|p1a: Alakazam
|-singleturn|p1a: Alakazam|Protect
|move|p2a: Crobat|U-turn|p1a: Alakazam
|-activate|p1a: Alakazam|Protect
|
|turn|16
|
|switch|p2a: Chesnaught|Chesnaught, M|350\/380
|move|p1a: Alakazam|Psyshock|p2a: Chesnaught
|-supereffective|p2a: Chesnaught
|-damage|p2a: Chesnaught|116\/380
|
|-heal|p2a: Chesnaught|139\/380|[from] item: Leftovers
|turn|17
|
|move|p2a: Chesnaught|Spiky Shield|p2a: Chesnaught
|-singleturn|p2a: Chesnaught|move: Protect
|move|p1a: Alakazam|Psyshock|p2a: Chesnaught
|-activate|p2a: Chesnaught|move: Protect
|
|-heal|p2a: Chesnaught|162\/380|[from] item: Leftovers
|turn|18
|
|move|p1a: Alakazam|Psyshock|p2a: Chesnaught
|-supereffective|p2a: Chesnaught
|-damage|p2a: Chesnaught|0 fnt
|faint|p2a: Chesnaught
|
|
|switch|p2a: Alakazam|Alakazam-Mega, M|159\/253
|-ability|p2a: Alakazam|Infiltrator|[from] ability: Trace|[of] p1a: Alakazam
|turn|19
|
|switch|p1a: Zygarde|Zygarde|249\/404
|-damage|p1a: Zygarde|224\/404|[from] Stealth Rock
|-ability|p1a: Zygarde|Aura Break
|move|p2a: Alakazam|Shadow Ball|p1a: Zygarde
|-damage|p1a: Zygarde|122\/404
|
|-heal|p1a: Zygarde|147\/404|[from] item: Leftovers
|turn|20
|
|move|p2a: Alakazam|Dazzling Gleam|p1a: Zygarde
|-supereffective|p1a: Zygarde
|-damage|p1a: Zygarde|0 fnt
|faint|p1a: Zygarde
|
|
|switch|p1a: Empoleon|Empoleon, F|344\/369
|-damage|p1a: Empoleon|321\/369|[from] Stealth Rock
|turn|21
|
|switch|p2a: Blissey|Blissey, F|491\/651
|move|p1a: Empoleon|Defog|p2a: Blissey
|-unboost|p2a: Blissey|evasion|1
|-sideend|p1: trevor ellis|Stealth Rock|[from] move: Defog|[of] p1a: Empoleon
|
|-heal|p1a: Empoleon|344\/369|[from] item: Leftovers
|-heal|p2a: Blissey|531\/651|[from] item: Leftovers
|turn|22
|
|switch|p1a: Togetic|Togetic, M|236\/314
|move|p2a: Blissey|Stealth Rock|p1a: Togetic
|-sidestart|p1: trevor ellis|move: Stealth Rock
|
|-heal|p2a: Blissey|571\/651|[from] item: Leftovers
|turn|23
|
|move|p2a: Blissey|Toxic|p1a: Togetic
|-status|p1a: Togetic|tox
|move|p1a: Togetic|Nasty Plot|p1a: Togetic
|-boost|p1a: Togetic|spa|2
|
|-heal|p2a: Blissey|611\/651|[from] item: Leftovers
|-damage|p1a: Togetic|217\/314 tox|[from] psn
|turn|24
|
|move|p2a: Blissey|Toxic|p1a: Togetic
|-fail|p1a: Togetic|tox
|move|p1a: Togetic|Baton Pass|p1a: Togetic
|
|switch|p1a: Alakazam|Alakazam-Mega, M|251\/251
|-damage|p1a: Alakazam|220\/251|[from] Stealth Rock
|-ability|p1a: Alakazam|Natural Cure|[from] ability: Trace|[of] p2a: Blissey
|
|-heal|p2a: Blissey|651\/651|[from] item: Leftovers
|turn|25
|
|move|p1a: Alakazam|Psyshock|p2a: Blissey
|-damage|p2a: Blissey|0 fnt
|faint|p2a: Blissey
|
|
|switch|p2a: Zygarde|Zygarde|404\/404
|-ability|p2a: Zygarde|Aura Break
|turn|26
|
|move|p2a: Zygarde|Extreme Speed|p1a: Alakazam
|-damage|p1a: Alakazam|126\/251
|move|p1a: Alakazam|Dazzling Gleam|p2a: Zygarde
|-supereffective|p2a: Zygarde
|-damage|p2a: Zygarde|16\/404
|
|-heal|p2a: Zygarde|41\/404|[from] item: Leftovers
|turn|27
|
|move|p2a: Zygarde|Extreme Speed|p1a: Alakazam
|-damage|p1a: Alakazam|30\/251
|move|p1a: Alakazam|Dazzling Gleam|p2a: Zygarde
|-supereffective|p2a: Zygarde
|-damage|p2a: Zygarde|0 fnt
|faint|p2a: Zygarde
|
|
|switch|p2a: Alakazam|Alakazam-Mega, M|159\/253
|-ability|p2a: Alakazam|Natural Cure|[from] ability: Trace|[of] p1a: Alakazam
|turn|28
|
|move|p1a: Alakazam|Shadow Ball|p2a: Alakazam
|-supereffective|p2a: Alakazam
|-damage|p2a: Alakazam|0 fnt
|faint|p2a: Alakazam
|
|
|switch|p2a: Starmie|Starmie|199\/323
|turn|29
|
|move|p1a: Alakazam|Shadow Ball|p2a: Starmie
|-supereffective|p2a: Starmie
|-damage|p2a: Starmie|0 fnt
|faint|p2a: Starmie
|
|c|âAAZY|gg
|
|switch|p2a: Crobat|Crobat, M|313\/313
|turn|30
|c|âtrevor ellis|gg
|
|move|p1a: Alakazam|Psyshock|p2a: Crobat
|-supereffective|p2a: Crobat
|-damage|p2a: Crobat|0 fnt
|faint|p2a: Crobat
|
|win|trevor ellis
|raw|Ladder updating...
|raw|trevor ellis's rating: 1577 &rarr; <strong>1584<\/strong><br \/>(+7 for winning)
|raw|AAZY's rating: 1298 &rarr; <strong>1290<\/strong><br \/>(-8 for losing)
|leave|trevor ellis
|player|p1