|join|Spoooooons
|join|trevor ellis
|player|p1|Spoooooons|96
|player|p2|trevor ellis|266
|gametype|singles
|gen|6
|tier|UU
|rule|Sleep Clause Mod: Limit one foe put to sleep
|rule|Species Clause: Limit one of each PokÃ©mon
|rule|OHKO Clause: OHKO moves are banned
|rule|Moody Clause: Moody is banned
|rule|Evasion Moves Clause: Evasion moves are banned
|rule|Endless Battle Clause: Forcing endless battles is banned
|rule|HP Percentage Mod: HP is shown in percentages
|clearpoke
|poke|p1|Sableye, M
|poke|p1|Hydreigon, M
|poke|p1|Absol, F
|poke|p1|Florges, F
|poke|p1|Espeon, F
|poke|p1|Donphan, F
|poke|p2|Togekiss, F
|poke|p2|Raikou
|poke|p2|Empoleon, F
|poke|p2|Infernape, M
|poke|p2|Beedrill, M
|poke|p2|Ditto
|rule|Swagger Clause: Swagger is banned
|rule|Baton Pass Clause: Limit one PokÃ©mon knowing Baton Pass
|teampreview
|join|DrReuniclus3
|join|Friendshit
|join|monkeyka
|c|âSpoooooons|gl hf
|join|CoolTrainerGary
|join|Over Under Used
|join|finnigans wake
|join|Prof Celebi
|c|âtrevor ellis|gotta keep hazards away huh
|c| Prof Celebi|go ditto
|
|start
|switch|p1a: Sableye|Sableye, M|304\/304
|switch|p2a: Empoleon|Empoleon, F|369\/369
|turn|1
|
|move|p1a: Sableye|Taunt|p2a: Empoleon
|-start|p2a: Empoleon|move: Taunt
|move|p2a: Empoleon|Scald|p1a: Sableye
|-damage|p1a: Sableye|145\/304
|
|-heal|p1a: Sableye|164\/304|[from] item: Leftovers
|turn|2
|join|newblueshoe
|
|move|p1a: Sableye|Confuse Ray|p2a: Empoleon
|-start|p2a: Empoleon|confusion
|-activate|p2a: Empoleon|confusion
|-damage|p2a: Empoleon|343\/369|[from] confusion
|
|-heal|p2a: Empoleon|366\/369|[from] item: Leftovers
|-heal|p1a: Sableye|183\/304|[from] item: Leftovers
|turn|3
|c|âtrevor ellis|.
|
|move|p1a: Sableye|Will-O-Wisp|p2a: Empoleon
|-status|p2a: Empoleon|brn
|-activate|p2a: Empoleon|confusion
|move|p2a: Empoleon|Scald|p1a: Sableye
|-crit|p1a: Sableye
|-damage|p1a: Sableye|0 fnt
|faint|p1a: Sableye
|
|-heal|p2a: Empoleon|369\/369 brn|[from] item: Leftovers
|-damage|p2a: Empoleon|323\/369 brn|[from] brn
|-end|p2a: Empoleon|move: Taunt
|c| CoolTrainerGary|lol
|leave|Prof Celebi
|c| Friendshit|lel
|c|âtrevor ellis|why is a low ladder in the finals
|
|switch|p1a: Hydreigon|Hydreigon, M|326\/326
|turn|4
|
|switch|p2a: Togekiss|Togekiss, F|369\/369
|move|p1a: Hydreigon|Earth Power|p2a: Togekiss
|-immune|p2a: Togekiss|[msg]
|
|turn|5
|c| CoolTrainerGary|i blame friendshit
|
|switch|p1a: Donphan|Donphan, F|384\/384
|move|p2a: Togekiss|Nasty Plot|p2a: Togekiss
|-boost|p2a: Togekiss|spa|2
|
|turn|6
|c| Friendshit|Me?
|c| Friendshit|What did I do
|join|Prof Celebi
|
|move|p1a: Donphan|Ice Shard|p2a: Togekiss
|-supereffective|p2a: Togekiss
|-damage|p2a: Togekiss|297\/369
|move|p2a: Togekiss|Air Slash|p1a: Donphan
|-damage|p1a: Donphan|81\/384
|
|-heal|p2a: Togekiss|320\/369|[from] item: Leftovers
|-heal|p1a: Donphan|105\/384|[from] item: Leftovers
|turn|7
|c| CoolTrainerGary|you lost to him
|
|move|p1a: Donphan|Ice Shard|p2a: Togekiss
|-supereffective|p2a: Togekiss
|-damage|p2a: Togekiss|242\/369
|move|p2a: Togekiss|Air Slash|p1a: Donphan
|-damage|p1a: Donphan|0 fnt
|faint|p1a: Donphan
|
|-heal|p2a: Togekiss|265\/369|[from] item: Leftovers
|c| Friendshit|His confuse ray sableye caught me off guard
|c| CoolTrainerGary|allowing in finals
|join|poonHunter (DD)
|c| CoolTrainerGary|lol
|c| Friendshit|I got hit in confusion every time
|join|Meruu
|
|switch|p1a: Espeon|Espeon, F|334\/334
|turn|8
|c| Friendshit|That sucked
|
|move|p1a: Espeon|Psychic|p2a: Togekiss
|-damage|p2a: Togekiss|147\/369
|-unboost|p2a: Togekiss|spd|1
|move|p2a: Togekiss|Baton Pass|p2a: Togekiss
|
|switch|p2a: Raikou|Raikou|349\/349
|-ability|p2a: Raikou|Pressure
|
|turn|9
|c| Friendshit|Because my choiced scarf killed it in one go
|
|move|p2a: Raikou|Thunderbolt|p1a: Espeon
|-damage|p1a: Espeon|52\/334
|move|p1a: Espeon|Psychic|p2a: Raikou
|-damage|p2a: Raikou|145\/349
|
|-heal|p2a: Raikou|166\/349|[from] item: Leftovers
|-heal|p1a: Espeon|72\/334|[from] item: Leftovers
|turn|10
|c| CoolTrainerGary|meowie lost to him to lol
|
|move|p2a: Raikou|Thunderbolt|p1a: Espeon
|-damage|p1a: Espeon|0 fnt
|faint|p1a: Espeon
|
|-heal|p2a: Raikou|187\/349|[from] item: Leftovers
|c|âtrevor ellis|all of you suck
|
|switch|p1a: Absol|Absol, F|272\/272
|turn|11
|
|move|p1a: Absol|Sucker Punch|p2a: Raikou
|-fail|p2a: Raikou
|move|p2a: Raikou|Substitute|p2a: Raikou
|-start|p2a: Raikou|Substitute
|-damage|p2a: Raikou|100\/349
|
|-heal|p2a: Raikou|121\/349|[from] item: Leftovers
|turn|12
|c| Friendshit|Because of the confuse ray sableye?
|c| DrReuniclus3|trevor is nice
|
|move|p2a: Raikou|Thunderbolt|p1a: Absol
|-damage|p1a: Absol|0 fnt
|faint|p1a: Absol
|
|-heal|p2a: Raikou|142\/349|[from] item: Leftovers
|c| Friendshit|Trevor pls beat him
|c| Friendshit|6-0
|
|switch|p1a: Florges|Florges, F|360\/360
|turn|13
|c| CoolTrainerGary|i beat u earlier today
|c| Friendshit|Me?
|c|âtrevor ellis|it doesnt matter if you beat me on ladder
|c| Friendshit|o
|c| CoolTrainerGary|no trev
|c|âtrevor ellis|bc i can make cancer and never lose
|
|move|p2a: Raikou|Thunderbolt|p1a: Florges
|-damage|p1a: Florges|170\/360
|-status|p1a: Florges|par
|move|p1a: Florges|Moonblast|p2a: Raikou
|-end|p2a: Raikou|Substitute
|
|-heal|p2a: Raikou|163\/349|[from] item: Leftovers
|turn|14
|c| Prof Celebi|gg
|join|eaglehawk
|c| Prof Celebi|spoon
|c|âSpoooooons|gg
|
|move|p2a: Raikou|Thunderbolt|p1a: Florges
|-damage|p1a: Florges|0 fnt
|faint|p1a: Florges
|
|-heal|p2a: Raikou|184\/349|[from] item: Leftovers
|c| CoolTrainerGary|what does that mean
|
|switch|p1a: Hydreigon|Hydreigon, M|326\/326
|turn|15
|c| Prof Celebi|good game
|c| DrReuniclus3|...
|c| Friendshit|Spoooons got what he\/she\/it deserved
|c|âtrevor ellis|that means that i use fun teams bc im to good
|
|switch|p2a: Empoleon|Empoleon, F|323\/369 brn
|move|p1a: Hydreigon|Earth Power|p2a: Empoleon
|-supereffective|p2a: Empoleon
|-damage|p2a: Empoleon|9\/369 brn
|
|-heal|p2a: Empoleon|32\/369 brn|[from] item: Leftovers
|-damage|p2a: Empoleon|0 fnt|[from] brn
|faint|p2a: Empoleon
|join|gobosox
|
|switch|p2a: Ditto|Ditto|299\/299
|-transform|p2a: Ditto|p1a: Hydreigon
|turn|16
|c| Friendshit|* too
|c| Prof Celebi|oooo
|
|move|p2a: Ditto|Draco Meteor|p1a: Hydreigon
|-supereffective|p1a: Hydreigon
|-damage|p1a: Hydreigon|0 fnt
|-unboost|p2a: Ditto|spa|2
|faint|p1a: Hydreigon
|
|win|trevor ellis
|c| CoolTrainerGary|damn we got an ego over here
|leave|gobosox