|join|trevor ellis
|join|jb champ
|player|p1|trevor ellis|112
|player|p2|jb champ|101
|gametype|singles
|gen|6
|tier|UU
|rated
|rule|Sleep Clause Mod: Limit one foe put to sleep
|rule|Species Clause: Limit one of each PokÃ©mon
|rule|OHKO Clause: OHKO moves are banned
|rule|Moody Clause: Moody is banned
|rule|Evasion Moves Clause: Evasion moves are banned
|rule|Endless Battle Clause: Forcing endless battles is banned
|rule|HP Percentage Mod: HP is shown in percentages
|clearpoke
|poke|p1|Shuckle, F
|poke|p1|Blastoise, F
|poke|p1|Machamp, M
|poke|p1|Jirachi
|poke|p1|Kingdra, F
|poke|p1|Doublade, M
|poke|p2|Blastoise, F
|poke|p2|Roserade, M
|poke|p2|Arcanine, M
|poke|p2|Florges, F
|poke|p2|Mienshao, F
|poke|p2|Jirachi
|rule|Swagger Clause: Swagger is banned
|rule|Baton Pass Clause: Limit one PokÃ©mon knowing Baton Pass
|teampreview
|
|start
|switch|p1a: Shuckle|Shuckle, F|244\/244
|switch|p2a: Jirachi|Jirachi|397\/397
|turn|1
|
|move|p2a: Jirachi|Iron Head|p1a: Shuckle
|-supereffective|p1a: Shuckle
|-damage|p1a: Shuckle|148\/244
|cant|p1a: Shuckle|flinch
|
|turn|2
|
|switch|p1a: Doublade|Doublade, M|322\/322
|move|p2a: Jirachi|Iron Head|p1a: Doublade
|-resisted|p1a: Doublade
|-damage|p1a: Doublade|290\/322
|
|turn|3
|
|switch|p2a: Arcanine|Arcanine, M|384\/384
|-ability|p2a: Arcanine|Intimidate|[of] p1a: Doublade
|-unboost|p1a: Doublade|atk|1
|switch|p1a: Kingdra|Kingdra, F|292\/292
|
|turn|4
|
|switch|p1a: Shuckle|Shuckle, F|148\/244
|move|p2a: Arcanine|Roar|p1a: Shuckle
|drag|p1a: Blastoise|Blastoise, F|313\/313
|
|turn|5
|join|4FS
|
|switch|p1a: Jirachi|Jirachi|341\/341
|switch|p2a: Roserade|Roserade, M|324\/324
|
|turn|6
|
|switch|p2a: Arcanine|Arcanine, M|384\/384
|-ability|p2a: Arcanine|Intimidate|[of] p1a: Jirachi
|-unboost|p1a: Jirachi|atk|1
|move|p1a: Jirachi|Trick|p2a: Arcanine
|-activate|p1a: Jirachi|move: Trick|[of] p2a: Arcanine
|-item|p2a: Arcanine|Choice Scarf|[from] move: Trick
|-item|p1a: Jirachi|Leftovers|[from] move: Trick
|
|turn|7
|
|switch|p1a: Shuckle|Shuckle, F|148\/244
|move|p2a: Arcanine|Will-O-Wisp|p1a: Shuckle
|-status|p1a: Shuckle|brn
|
|-damage|p1a: Shuckle|118\/244 brn|[from] brn
|turn|8
|
|switch|p2a: Blastoise|Blastoise, F|362\/362
|move|p1a: Shuckle|Sticky Web|p2a: Blastoise
|-sidestart|p2: jb champ|move: Sticky Web
|
|-damage|p1a: Shuckle|88\/244 brn|[from] brn
|turn|9
|
|switch|p1a: Kingdra|Kingdra, F|292\/292
|detailschange|p2a: Blastoise|Blastoise-Mega, F
|message|Blastoise has Mega Evolved into Mega Blastoise!
|move|p2a: Blastoise|Dark Pulse|p1a: Kingdra
|-damage|p1a: Kingdra|129\/292
|
|turn|10
|
|move|p1a: Kingdra|Draco Meteor|p2a: Blastoise
|-damage|p2a: Blastoise|193\/362
|-unboost|p1a: Kingdra|spa|2
|move|p2a: Blastoise|Rapid Spin|p1a: Kingdra
|-damage|p1a: Kingdra|113\/292
|-sideend|p2: jb champ|Sticky Web|[from] move: Rapid Spin|[of] p2a: Blastoise
|
|turn|11
|
|switch|p1a: Machamp|Machamp, M|321\/321
|switch|p2a: Florges|Florges, F|360\/360
|
|turn|12
|
|move|p1a: Machamp|Heavy Slam|p2a: Florges
|-supereffective|p2a: Florges
|-damage|p2a: Florges|0 fnt
|faint|p2a: Florges
|
|
|switch|p2a: Jirachi|Jirachi|397\/397
|turn|13
|
|switch|p1a: Jirachi|Jirachi|341\/341
|move|p2a: Jirachi|Zen Headbutt|p1a: Jirachi
|-resisted|p1a: Jirachi
|-damage|p1a: Jirachi|308\/341
|
|-heal|p1a: Jirachi|329\/341|[from] item: Leftovers
|turn|14
|
|move|p1a: Jirachi|U-turn|p2a: Jirachi
|-damage|p2a: Jirachi|333\/397
|
|switch|p1a: Doublade|Doublade, M|290\/322
|move|p2a: Jirachi|Stealth Rock|p1a: Doublade
|-sidestart|p1: trevor ellis|move: Stealth Rock
|
|-heal|p2a: Jirachi|357\/397|[from] item: Leftovers
|turn|15
|
|switch|p2a: Roserade|Roserade, M|324\/324
|move|p1a: Doublade|Shadow Sneak|p2a: Roserade
|-crit|p2a: Roserade
|-damage|p2a: Roserade|186\/324
|
|-heal|p2a: Roserade|206\/324|[from] item: Black Sludge
|turn|16
|
|move|p2a: Roserade|Sleep Powder|p1a: Doublade
|-status|p1a: Doublade|slp
|cant|p1a: Doublade|slp
|
|-heal|p2a: Roserade|226\/324|[from] item: Black Sludge
|turn|17
|
|switch|p2a: Blastoise|Blastoise-Mega, F|193\/362
|-curestatus|p1a: Doublade|slp
|move|p1a: Doublade|Iron Head|p2a: Blastoise
|-resisted|p2a: Blastoise
|-damage|p2a: Blastoise|130\/362
|
|turn|18
|
|switch|p1a: Blastoise|Blastoise, F|313\/313
|-damage|p1a: Blastoise|274\/313|[from] Stealth Rock
|move|p2a: Blastoise|Dark Pulse|p1a: Blastoise
|-damage|p1a: Blastoise|123\/313
|
|turn|19
|
|switch|p2a: Roserade|Roserade, M|226\/324
|detailschange|p1a: Blastoise|Blastoise-Mega, F
|message|Blastoise has Mega Evolved into Mega Blastoise!
|move|p1a: Blastoise|Dragon Pulse|p2a: Roserade
|-damage|p2a: Roserade|77\/324
|
|-heal|p2a: Roserade|97\/324|[from] item: Black Sludge
|turn|20
|
|move|p1a: Blastoise|Dragon Pulse|p2a: Roserade
|-damage|p2a: Roserade|0 fnt
|faint|p2a: Roserade
|
|
|switch|p2a: Mienshao|Mienshao, F|271\/271
|turn|21
|
|move|p2a: Mienshao|U-turn|p1a: Blastoise
|-damage|p1a: Blastoise|52\/313
|
|switch|p2a: Jirachi|Jirachi|357\/397
|move|p1a: Blastoise|Water Pulse|p2a: Jirachi
|-damage|p2a: Jirachi|173\/397
|
|-heal|p2a: Jirachi|197\/397|[from] item: Leftovers
|turn|22
|
|switch|p1a: Jirachi|Jirachi|329\/341
|-damage|p1a: Jirachi|308\/341|[from] Stealth Rock
|move|p2a: Jirachi|Zen Headbutt|p1a: Jirachi
|-resisted|p1a: Jirachi
|-damage|p1a: Jirachi|276\/341
|
|-heal|p1a: Jirachi|297\/341|[from] item: Leftovers
|-heal|p2a: Jirachi|221\/397|[from] item: Leftovers
|turn|23
|
|move|p1a: Jirachi|Healing Wish|p1a: Jirachi
|faint|p1a: Jirachi
|move|p2a: Jirachi|Body Slam|p1: Jirachi|[notarget]
|-notarget
|
|-heal|p2a: Jirachi|245\/397|[from] item: Leftovers
|
|switch|p1a: Shuckle|Shuckle, F|88\/244 brn
|-heal|p1a: Shuckle|244\/244|[from] move: Healing Wish
|-damage|p1a: Shuckle|183\/244|[from] Stealth Rock
|turn|24
|
|switch|p1a: Doublade|Doublade, M|290\/322
|-damage|p1a: Doublade|270\/322|[from] Stealth Rock
|move|p2a: Jirachi|Iron Head|p1a: Doublade
|-resisted|p1a: Doublade
|-damage|p1a: Doublade|238\/322
|
|-heal|p2a: Jirachi|269\/397|[from] item: Leftovers
|turn|25
|
|switch|p2a: Arcanine|Arcanine, M|384\/384
|-ability|p2a: Arcanine|Intimidate|[of] p1a: Doublade
|-unboost|p1a: Doublade|atk|1
|move|p1a: Doublade|Shadow Sneak|p2a: Arcanine
|-damage|p2a: Arcanine|345\/384
|
|turn|26
|join|BIG SCHLONG MCDONG
|leave|BIG SCHLONG MCDONG
|
|switch|p1a: Blastoise|Blastoise-Mega, F|52\/313
|-damage|p1a: Blastoise|13\/313|[from] Stealth Rock
|move|p2a: Arcanine|Will-O-Wisp|p1a: Blastoise
|-status|p1a: Blastoise|brn
|
|-damage|p1a: Blastoise|0 fnt|[from] brn
|faint|p1a: Blastoise
|
|switch|p1a: Shuckle|Shuckle, F|183\/244
|-damage|p1a: Shuckle|122\/244|[from] Stealth Rock
|turn|27
|
|move|p2a: Arcanine|Will-O-Wisp|p1a: Shuckle|[miss]
|-miss|p2a: Arcanine|p1a: Shuckle
|move|p1a: Shuckle|Sticky Web|p2a: Arcanine
|-sidestart|p2: jb champ|move: Sticky Web
|
|turn|28
|
|switch|p2a: Blastoise|Blastoise-Mega, F|130\/362
|-activate|p2a: Blastoise|move: Sticky Web
|-unboost|p2a: Blastoise|spe|1
|switch|p1a: Machamp|Machamp, M|321\/321
|-damage|p1a: Machamp|301\/321|[from] Stealth Rock
|
|turn|29
|
|switch|p2a: Arcanine|Arcanine, M|345\/384
|-activate|p2a: Arcanine|move: Sticky Web
|-unboost|p2a: Arcanine|spe|1
|-ability|p2a: Arcanine|Intimidate|[of] p1a: Machamp
|-unboost|p1a: Machamp|atk|1
|move|p1a: Machamp|Close Combat|p2a: Arcanine
|-damage|p2a: Arcanine|149\/384
|-unboost|p1a: Machamp|def|1
|-unboost|p1a: Machamp|spd|1
|
|turn|30
|
|switch|p1a: Shuckle|Shuckle, F|122\/244
|-damage|p1a: Shuckle|61\/244|[from] Stealth Rock
|move|p2a: Arcanine|Flare Blitz|p1a: Shuckle
|-damage|p1a: Shuckle|6\/244
|-damage|p2a: Arcanine|131\/384|[from] recoil|[of] p1a: Shuckle
|
|turn|31
|
|switch|p1a: Kingdra|Kingdra, F|113\/292
|-damage|p1a: Kingdra|77\/292|[from] Stealth Rock
|move|p2a: Arcanine|Flare Blitz|p1a: Kingdra
|-resisted|p1a: Kingdra
|-damage|p1a: Kingdra|39\/292
|-damage|p2a: Arcanine|118\/384|[from] recoil|[of] p1a: Kingdra
|
|turn|32
|
|move|p1a: Kingdra|Focus Energy|p1a: Kingdra
|-start|p1a: Kingdra|move: Focus Energy
|move|p2a: Arcanine|Flare Blitz|p1a: Kingdra
|-resisted|p1a: Kingdra
|-damage|p1a: Kingdra|1\/292
|-damage|p2a: Arcanine|105\/384|[from] recoil|[of] p1a: Kingdra
|
|turn|33
|
|move|p1a: Kingdra|Surf|p2a: Arcanine
|-crit|p2a: Arcanine
|-supereffective|p2a: Arcanine
|-damage|p2a: Arcanine|0 fnt
|faint|p2a: Arcanine
|
|
|switch|p2a: Mienshao|Mienshao, F|271\/271
|-activate|p2a: Mienshao|move: Sticky Web
|-unboost|p2a: Mienshao|spe|1
|turn|34
|
|move|p2a: Mienshao|Knock Off|p1a: Kingdra
|-damage|p1a: Kingdra|0 fnt
|-enditem|p1a: Kingdra|Scope Lens|[from] move: Knock Off|[of] p2a: Mienshao
|faint|p1a: Kingdra
|
|
|switch|p1a: Doublade|Doublade, M|238\/322
|-damage|p1a: Doublade|218\/322|[from] Stealth Rock
|turn|35
|
|move|p2a: Mienshao|Knock Off|p1a: Doublade
|-supereffective|p1a: Doublade
|-damage|p1a: Doublade|112\/322
|-enditem|p1a: Doublade|Eviolite|[from] move: Knock Off|[of] p2a: Mienshao
|move|p1a: Doublade|Swords Dance|p1a: Doublade
|-boost|p1a: Doublade|atk|2
|
|turn|36
|
|move|p1a: Doublade|Shadow Sneak|p2a: Mienshao
|-damage|p2a: Mienshao|60\/271
|move|p2a: Mienshao|Knock Off|p1a: Doublade
|-supereffective|p1a: Doublade
|-damage|p1a: Doublade|2\/322
|
|turn|37
|c|âjb champ|?
|c|âjb champ|how did the second one mare damage than the first one?
|c|âjb champ|More
|c|âtrevor ellis|no eviolite
|c|âjb champ|ah right
|c|âjb champ|gg
|
|move|p1a: Doublade|Shadow Sneak|p2a: Mienshao
|-damage|p2a: Mienshao|0 fnt
|faint|p2a: Mienshao
|
|c|âtrevor ellis|gg
|
|switch|p2a: Blastoise|Blastoise-Mega, F|130\/362
|-activate|p2a: Blastoise|move: Sticky Web
|-unboost|p2a: Blastoise|spe|1
|turn|38
|
|move|p1a: Doublade|Shadow Sneak|p2a: Blastoise
|-damage|p2a: Blastoise|15\/362
|move|p2a: Blastoise|Scald|p1a: Doublade
|-damage|p1a: Doublade|0 fnt
|faint|p1a: Doublade
|
|
|switch|p1a: Machamp|Machamp, M|301\/321
|-damage|p1a: Machamp|281\/321|[from] Stealth Rock
|turn|39
|
|move|p1a: Machamp|Close Combat|p2a: Blastoise
|-damage|p2a: Blastoise|0 fnt
|-unboost|p1a: Machamp|def|1
|-unboost|p1a: Machamp|spd|1
|faint|p2a: Blastoise
|
|
|switch|p2a: Jirachi|Jirachi|269\/397
|-activate|p2a: Jirachi|move: Sticky Web
|-unboost|p2a: Jirachi|spe|1
|turn|40
|
|move|p1a: Machamp|Close Combat|p2a: Jirachi
|-damage|p2a: Jirachi|0 fnt
|-unboost|p1a: Machamp|def|1
|-unboost|p1a: Machamp|spd|1
|faint|p2a: Jirachi
|
|win|trevor ellis
|raw|Ladder updating...
|raw|trevor ellis's rating: 1577 &rarr; <strong>1588<\/strong><br \/>(+11 for winning)
|raw|jb champ's rating: 1406 &rarr; <strong>1395<\/strong><br \/>(-11 for losing)