|join|trevor ellis
|join|Meruu
|player|p1|trevor ellis|112
|player|p2|Meruu|174
|gametype|singles
|gen|6
|tier|UU
|rated
|rule|Sleep Clause Mod: Limit one foe put to sleep
|rule|Species Clause: Limit one of each PokÃ©mon
|rule|OHKO Clause: OHKO moves are banned
|rule|Moody Clause: Moody is banned
|rule|Evasion Moves Clause: Evasion moves are banned
|rule|Endless Battle Clause: Forcing endless battles is banned
|rule|HP Percentage Mod: HP is shown in percentages
|clearpoke
|poke|p1|Togekiss, M
|poke|p1|Raikou
|poke|p1|Empoleon, M
|poke|p1|Infernape, M
|poke|p1|Beedrill, M
|poke|p1|Ditto
|poke|p2|Aromatisse, M
|poke|p2|Empoleon, M
|poke|p2|Abomasnow, F
|poke|p2|Volcarona, F
|poke|p2|Jirachi
|poke|p2|Zygarde
|rule|Swagger Clause: Swagger is banned
|rule|Baton Pass Clause: Limit one PokÃ©mon knowing Baton Pass
|teampreview
|c|âMeruu|ur ded m8,,,
|c|âtrevor ellis|no u nub
|
|start
|switch|p1a: Beedrill|Beedrill, M|272\/272
|switch|p2a: Abomasnow|Abomasnow, F|371\/371
|-weather|Hail
|turn|1
|
|switch|p2a: Empoleon|Empoleon, M|372\/372
|detailschange|p1a: Beedrill|Beedrill-Mega, M
|message|Beedrill has Mega Evolved into Mega Beedrill!
|move|p1a: Beedrill|U-turn|p2a: Empoleon
|-resisted|p2a: Empoleon
|-damage|p2a: Empoleon|277\/372
|
|switch|p1a: Raikou|Raikou|349\/349
|-ability|p1a: Raikou|Pressure
|
|-weather|Hail|[upkeep]
|-damage|p1a: Raikou|328\/349|[from] hail
|-damage|p2a: Empoleon|254\/372|[from] hail
|-heal|p1a: Raikou|349\/349|[from] item: Leftovers
|-heal|p2a: Empoleon|277\/372|[from] item: Leftovers
|turn|2
|join|dudman
|
|switch|p2a: Abomasnow|Abomasnow, F|371\/371
|move|p1a: Raikou|Hidden Power|p2a: Abomasnow
|-damage|p2a: Abomasnow|304\/371
|
|-weather|Hail|[upkeep]
|-damage|p1a: Raikou|328\/349|[from] hail
|-heal|p1a: Raikou|349\/349|[from] item: Leftovers
|turn|3
|join|dingbat
|
|switch|p1a: Empoleon|Empoleon, M|369\/369
|switch|p2a: Empoleon|Empoleon, M|277\/372
|
|-weather|Hail|[upkeep]
|-damage|p1a: Empoleon|346\/369|[from] hail
|-damage|p2a: Empoleon|254\/372|[from] hail
|-heal|p1a: Empoleon|369\/369|[from] item: Leftovers
|-heal|p2a: Empoleon|277\/372|[from] item: Leftovers
|turn|4
|
|move|p1a: Empoleon|Grass Knot|p2a: Empoleon
|-damage|p2a: Empoleon|206\/372
|move|p2a: Empoleon|Scald|p1a: Empoleon
|-resisted|p1a: Empoleon
|-damage|p1a: Empoleon|318\/369
|
|-weather|Hail|[upkeep]
|-damage|p1a: Empoleon|295\/369|[from] hail
|-damage|p2a: Empoleon|183\/372|[from] hail
|-heal|p1a: Empoleon|318\/369|[from] item: Leftovers
|-heal|p2a: Empoleon|206\/372|[from] item: Leftovers
|turn|5
|join|I3Magikarp Alt
|
|move|p1a: Empoleon|Stealth Rock|p2a: Empoleon
|-sidestart|p2: Meruu|move: Stealth Rock
|move|p2a: Empoleon|Stealth Rock|p1a: Empoleon
|-sidestart|p1: trevor ellis|move: Stealth Rock
|
|-weather|none
|-heal|p1a: Empoleon|341\/369|[from] item: Leftovers
|-heal|p2a: Empoleon|229\/372|[from] item: Leftovers
|turn|6
|
|move|p1a: Empoleon|Scald|p2a: Empoleon
|-resisted|p2a: Empoleon
|-damage|p2a: Empoleon|175\/372
|move|p2a: Empoleon|Defog|p1a: Empoleon
|-unboost|p1a: Empoleon|evasion|1
|-sideend|p1: trevor ellis|Stealth Rock|[from] move: Defog|[of] p1a: Empoleon
|-sideend|p2: Meruu|Stealth Rock|[from] move: Defog|[of] p2a: Empoleon
|
|-heal|p1a: Empoleon|364\/369|[from] item: Leftovers
|-heal|p2a: Empoleon|198\/372|[from] item: Leftovers
|turn|7
|
|switch|p1a: Infernape|Infernape, M|293\/293
|move|p2a: Empoleon|Scald|p1a: Infernape
|-supereffective|p1a: Infernape
|-damage|p1a: Infernape|23\/293
|
|-heal|p2a: Empoleon|221\/372|[from] item: Leftovers
|turn|8
|
|switch|p2a: Volcarona|Volcarona, F|311\/311
|move|p1a: Infernape|U-turn|p2a: Volcarona
|-resisted|p2a: Volcarona
|-damage|p2a: Volcarona|257\/311
|
|switch|p1a: Empoleon|Empoleon, M|364\/369
|
|-heal|p1a: Empoleon|369\/369|[from] item: Leftovers
|turn|9
|
|move|p2a: Volcarona|Quiver Dance|p2a: Volcarona
|-boost|p2a: Volcarona|spa|1
|-boost|p2a: Volcarona|spd|1
|-boost|p2a: Volcarona|spe|1
|move|p1a: Empoleon|Scald|p2a: Volcarona
|-supereffective|p2a: Volcarona
|-damage|p2a: Volcarona|81\/311
|
|turn|10
|
|move|p2a: Volcarona|Fiery Dance|p1a: Empoleon
|-damage|p1a: Empoleon|170\/369
|move|p1a: Empoleon|Scald|p2a: Volcarona
|-supereffective|p2a: Volcarona
|-damage|p2a: Volcarona|0 fnt
|faint|p2a: Volcarona
|
|-heal|p1a: Empoleon|193\/369|[from] item: Leftovers
|
|switch|p2a: Abomasnow|Abomasnow, F|304\/371
|-weather|Hail
|turn|11
|
|switch|p1a: Ditto|Ditto|299\/299
|-transform|p1a: Ditto|p2a: Abomasnow
|detailschange|p2a: Abomasnow|Abomasnow-Mega, F
|message|Abomasnow has Mega Evolved into Mega Abomasnow!
|move|p2a: Abomasnow|Earthquake|p1a: Ditto
|-resisted|p1a: Ditto
|-damage|p1a: Ditto|218\/299
|
|-weather|Hail|[upkeep]
|turn|12
|
|move|p1a: Ditto|Seed Bomb|p2a: Abomasnow
|-resisted|p2a: Abomasnow
|-damage|p2a: Abomasnow|242\/371
|move|p2a: Abomasnow|Swords Dance|p2a: Abomasnow
|-boost|p2a: Abomasnow|atk|2
|
|-weather|Hail|[upkeep]
|turn|13
|
|move|p1a: Ditto|Seed Bomb|p2a: Abomasnow
|-resisted|p2a: Abomasnow
|-damage|p2a: Abomasnow|182\/371
|move|p2a: Abomasnow|Seed Bomb|p1a: Ditto
|-resisted|p1a: Ditto
|-damage|p1a: Ditto|21\/299
|
|-weather|Hail|[upkeep]
|turn|14
|
|switch|p1a: Infernape|Infernape, M|23\/293
|move|p2a: Abomasnow|Ice Shard|p1a: Infernape
|-crit|p1a: Infernape
|-resisted|p1a: Infernape
|-damage|p1a: Infernape|0 fnt
|faint|p1a: Infernape
|
|-weather|Hail|[upkeep]
|
|switch|p1a: Ditto|Ditto|21\/299
|-transform|p1a: Ditto|p2a: Abomasnow
|turn|15
|
|switch|p2a: Jirachi|Jirachi|341\/341
|move|p1a: Ditto|Ice Shard|p2a: Jirachi
|-resisted|p2a: Jirachi
|-damage|p2a: Jirachi|263\/341
|
|-weather|none
|turn|16
|
|switch|p1a: Empoleon|Empoleon, M|193\/369
|move|p2a: Jirachi|U-turn|p1a: Empoleon
|-resisted|p1a: Empoleon
|-damage|p1a: Empoleon|154\/369
|
|switch|p2a: Empoleon|Empoleon, M|221\/372
|
|-heal|p1a: Empoleon|177\/369|[from] item: Leftovers
|-heal|p2a: Empoleon|244\/372|[from] item: Leftovers
|turn|17
|
|move|p1a: Empoleon|Scald|p2a: Empoleon
|-resisted|p2a: Empoleon
|-damage|p2a: Empoleon|194\/372
|move|p2a: Empoleon|Scald|p1a: Empoleon
|-resisted|p1a: Empoleon
|-damage|p1a: Empoleon|126\/369
|
|-heal|p1a: Empoleon|149\/369|[from] item: Leftovers
|-heal|p2a: Empoleon|217\/372|[from] item: Leftovers
|turn|18
|
|move|p1a: Empoleon|Scald|p2a: Empoleon
|-crit|p2a: Empoleon
|-resisted|p2a: Empoleon
|-damage|p2a: Empoleon|145\/372
|move|p2a: Empoleon|Scald|p1a: Empoleon
|-resisted|p1a: Empoleon
|-damage|p1a: Empoleon|103\/369
|
|-heal|p1a: Empoleon|126\/369|[from] item: Leftovers
|-heal|p2a: Empoleon|168\/372|[from] item: Leftovers
|turn|19
|
|move|p1a: Empoleon|Stealth Rock|p2a: Empoleon
|-sidestart|p2: Meruu|move: Stealth Rock
|move|p2a: Empoleon|Scald|p1a: Empoleon
|-resisted|p1a: Empoleon
|-damage|p1a: Empoleon|75\/369
|-status|p1a: Empoleon|brn
|
|-heal|p1a: Empoleon|98\/369 brn|[from] item: Leftovers
|-heal|p2a: Empoleon|191\/372|[from] item: Leftovers
|-damage|p1a: Empoleon|52\/369 brn|[from] brn
|turn|20
|
|move|p1a: Empoleon|Scald|p2a: Empoleon
|-resisted|p2a: Empoleon
|-damage|p2a: Empoleon|120\/372
|move|p2a: Empoleon|Defog|p1a: Empoleon
|-unboost|p1a: Empoleon|evasion|1
|-sideend|p2: Meruu|Stealth Rock|[from] move: Defog|[of] p2a: Empoleon
|
|-heal|p1a: Empoleon|75\/369 brn|[from] item: Leftovers
|-heal|p2a: Empoleon|143\/372|[from] item: Leftovers
|-damage|p1a: Empoleon|29\/369 brn|[from] brn
|turn|21
|
|move|p1a: Empoleon|Stealth Rock|p2a: Empoleon
|-sidestart|p2: Meruu|move: Stealth Rock
|move|p2a: Empoleon|Stealth Rock|p1a: Empoleon
|-sidestart|p1: trevor ellis|move: Stealth Rock
|
|-heal|p1a: Empoleon|52\/369 brn|[from] item: Leftovers
|-heal|p2a: Empoleon|166\/372|[from] item: Leftovers
|-damage|p1a: Empoleon|6\/369 brn|[from] brn
|turn|22
|
|move|p1a: Empoleon|Scald|p2a: Empoleon
|-resisted|p2a: Empoleon
|-damage|p2a: Empoleon|90\/372
|move|p2a: Empoleon|Defog|p1a: Empoleon
|-unboost|p1a: Empoleon|evasion|1
|-sideend|p1: trevor ellis|Stealth Rock|[from] move: Defog|[of] p1a: Empoleon
|-sideend|p2: Meruu|Stealth Rock|[from] move: Defog|[of] p2a: Empoleon
|
|-heal|p1a: Empoleon|29\/369 brn|[from] item: Leftovers
|-heal|p2a: Empoleon|113\/372|[from] item: Leftovers
|-damage|p1a: Empoleon|0 fnt|[from] brn
|faint|p1a: Empoleon
|
|switch|p1a: Beedrill|Beedrill-Mega, M|272\/272
|turn|23
|
|switch|p2a: Zygarde|Zygarde|404\/404
|-ability|p2a: Zygarde|Aura Break
|move|p1a: Beedrill|Drill Run|p2a: Zygarde
|-damage|p2a: Zygarde|310\/404
|
|-heal|p2a: Zygarde|335\/404|[from] item: Leftovers
|turn|24
|
|move|p1a: Beedrill|U-turn|p2a: Zygarde
|-damage|p2a: Zygarde|187\/404
|
|switch|p1a: Togekiss|Togekiss, M|369\/369
|move|p2a: Zygarde|Earthquake|p1a: Togekiss
|-immune|p1a: Togekiss|[msg]
|
|-heal|p2a: Zygarde|212\/404|[from] item: Leftovers
|turn|25
|
|switch|p2a: Aromatisse|Aromatisse, M|406\/406
|move|p1a: Togekiss|Baton Pass|p1a: Togekiss
|
|switch|p1a: Beedrill|Beedrill-Mega, M|272\/272
|
|turn|26
|
|switch|p2a: Zygarde|Zygarde|212\/404
|-ability|p2a: Zygarde|Aura Break
|move|p1a: Beedrill|Poison Jab|p2a: Zygarde
|-resisted|p2a: Zygarde
|-damage|p2a: Zygarde|129\/404
|
|-heal|p2a: Zygarde|154\/404|[from] item: Leftovers
|turn|27
|
|switch|p2a: Aromatisse|Aromatisse, M|406\/406
|move|p1a: Beedrill|U-turn|p2a: Aromatisse
|-resisted|p2a: Aromatisse
|-damage|p2a: Aromatisse|328\/406
|
|switch|p1a: Raikou|Raikou|349\/349
|-ability|p1a: Raikou|Pressure
|
|-heal|p2a: Aromatisse|353\/406|[from] item: Leftovers
|turn|28
|
|move|p1a: Raikou|Calm Mind|p1a: Raikou
|-boost|p1a: Raikou|spa|1
|-boost|p1a: Raikou|spd|1
|move|p2a: Aromatisse|Wish|p2a: Aromatisse
|
|-heal|p2a: Aromatisse|378\/406|[from] item: Leftovers
|turn|29
|
|switch|p2a: Abomasnow|Abomasnow-Mega, F|182\/371
|-weather|Hail
|move|p1a: Raikou|Thunderbolt|p2a: Abomasnow
|-resisted|p2a: Abomasnow
|-damage|p2a: Abomasnow|79\/371
|
|-weather|Hail|[upkeep]
|-damage|p1a: Raikou|328\/349|[from] hail
|-heal|p2a: Abomasnow|282\/371|[from] move: Wish|[wisher] Aromatisse
|-heal|p1a: Raikou|349\/349|[from] item: Leftovers
|turn|30
|
|switch|p1a: Togekiss|Togekiss, M|369\/369
|move|p2a: Abomasnow|Seed Bomb|p1a: Togekiss
|-resisted|p1a: Togekiss
|-damage|p1a: Togekiss|309\/369
|
|-weather|Hail|[upkeep]
|-damage|p1a: Togekiss|286\/369|[from] hail
|-heal|p1a: Togekiss|309\/369|[from] item: Leftovers
|turn|31
|
|switch|p2a: Aromatisse|Aromatisse, M|378\/406
|move|p1a: Togekiss|Baton Pass|p1a: Togekiss
|
|switch|p1a: Beedrill|Beedrill-Mega, M|272\/272
|
|-weather|Hail|[upkeep]
|-damage|p1a: Beedrill|255\/272|[from] hail
|-damage|p2a: Aromatisse|353\/406|[from] hail
|-heal|p2a: Aromatisse|378\/406|[from] item: Leftovers
|turn|32
|
|move|p2a: Aromatisse|Protect|p2a: Aromatisse
|-singleturn|p2a: Aromatisse|Protect
|move|p1a: Beedrill|U-turn|p2a: Aromatisse
|-activate|p2a: Aromatisse|Protect
|
|-weather|Hail|[upkeep]
|-damage|p1a: Beedrill|238\/272|[from] hail
|-damage|p2a: Aromatisse|353\/406|[from] hail
|-heal|p2a: Aromatisse|378\/406|[from] item: Leftovers
|turn|33
|
|switch|p2a: Zygarde|Zygarde|154\/404
|-ability|p2a: Zygarde|Aura Break
|move|p1a: Beedrill|U-turn|p2a: Zygarde
|-damage|p2a: Zygarde|0 fnt
|faint|p2a: Zygarde
|
|switch|p1a: Togekiss|Togekiss, M|309\/369
|
|-weather|none
|-heal|p1a: Togekiss|332\/369|[from] item: Leftovers
|
|switch|p2a: Empoleon|Empoleon, M|113\/372
|turn|34
|
|move|p1a: Togekiss|Nasty Plot|p1a: Togekiss
|-boost|p1a: Togekiss|spa|2
|move|p2a: Empoleon|Stealth Rock|p1a: Togekiss
|-sidestart|p1: trevor ellis|move: Stealth Rock
|
|-heal|p1a: Togekiss|355\/369|[from] item: Leftovers
|-heal|p2a: Empoleon|136\/372|[from] item: Leftovers
|turn|35
|
|switch|p2a: Jirachi|Jirachi|263\/341
|move|p1a: Togekiss|Nasty Plot|p1a: Togekiss
|-boost|p1a: Togekiss|spa|2
|
|-heal|p1a: Togekiss|369\/369|[from] item: Leftovers
|turn|36
|
|move|p2a: Jirachi|Iron Head|p1a: Togekiss
|-crit|p1a: Togekiss
|-supereffective|p1a: Togekiss
|-damage|p1a: Togekiss|97\/369
|move|p1a: Togekiss|Baton Pass|p1a: Togekiss
|
|switch|p1a: Raikou|Raikou|349\/349
|-damage|p1a: Raikou|306\/349|[from] Stealth Rock
|-ability|p1a: Raikou|Pressure
|
|-heal|p1a: Raikou|327\/349|[from] item: Leftovers
|turn|37
|
|switch|p2a: Empoleon|Empoleon, M|136\/372
|move|p1a: Raikou|Thunderbolt|p2a: Empoleon
|-supereffective|p2a: Empoleon
|-damage|p2a: Empoleon|0 fnt
|faint|p2a: Empoleon
|
|-heal|p1a: Raikou|348\/349|[from] item: Leftovers
|
|switch|p2a: Abomasnow|Abomasnow-Mega, F|282\/371
|-weather|Hail
|turn|38
|c|âtrevor ellis|should have subbed
|
|move|p1a: Raikou|Thunderbolt|p2a: Abomasnow
|-resisted|p2a: Abomasnow
|-damage|p2a: Abomasnow|85\/371
|move|p2a: Abomasnow|Earthquake|p1a: Raikou
|-supereffective|p1a: Raikou
|-damage|p1a: Raikou|38\/349
|
|-weather|Hail|[upkeep]
|-damage|p1a: Raikou|17\/349|[from] hail
|-heal|p1a: Raikou|38\/349|[from] item: Leftovers
|turn|39
|
|move|p2a: Abomasnow|Ice Shard|p1a: Raikou
|-damage|p1a: Raikou|0 fnt
|faint|p1a: Raikou
|
|-weather|Hail|[upkeep]
|
|switch|p1a: Beedrill|Beedrill-Mega, M|238\/272
|-damage|p1a: Beedrill|170\/272|[from] Stealth Rock
|turn|40
|c|âtrevor ellis|gg
|
|move|p2a: Abomasnow|Ice Shard|p1a: Beedrill
|-damage|p1a: Beedrill|8\/272
|move|p1a: Beedrill|Poison Jab|p2a: Abomasnow
|-supereffective|p2a: Abomasnow
|-damage|p2a: Abomasnow|0 fnt
|faint|p2a: Abomasnow
|
|-weather|Hail|[upkeep]
|-damage|p1a: Beedrill|0 fnt|[from] hail
|faint|p1a: Beedrill
|
|switch|p2a: Jirachi|Jirachi|263\/341
|switch|p1a: Togekiss|Togekiss, M|97\/369
|-damage|p1a: Togekiss|5\/369|[from] Stealth Rock
|turn|41
|
|move|p2a: Jirachi|Iron Head|p1a: Togekiss
|-supereffective|p1a: Togekiss
|-damage|p1a: Togekiss|0 fnt
|faint|p1a: Togekiss
|
|-weather|Hail|[upkeep]
|-damage|p2a: Jirachi|242\/341|[from] hail
|
|switch|p1a: Ditto|Ditto|21\/299
|-damage|p1a: Ditto|0 fnt|[from] Stealth Rock
|faint|p1a: Ditto
|
|win|Meruu
|raw|Ladder updating...
|raw|trevor ellis's rating: 1559 &rarr; <strong>1526<\/strong><br \/>(-33 for losing)
|raw|Meruu's rating: 1290 &rarr; <strong>1332<\/strong><br \/>(+42 for winning)
|leave|trevor ellis
|player|p1