|join|trevor ellis
|join|DerpaniteX
|player|p1|trevor ellis|112
|player|p2|DerpaniteX|85
|gametype|singles
|gen|6
|tier|UU
|rated
|rule|Sleep Clause Mod: Limit one foe put to sleep
|rule|Species Clause: Limit one of each PokÃ©mon
|rule|OHKO Clause: OHKO moves are banned
|rule|Moody Clause: Moody is banned
|rule|Evasion Moves Clause: Evasion moves are banned
|rule|Endless Battle Clause: Forcing endless battles is banned
|rule|HP Percentage Mod: HP is shown in percentages
|clearpoke
|poke|p1|Empoleon, F
|poke|p1|Zygarde
|poke|p1|Togetic, M
|poke|p1|Raikou
|poke|p1|Alakazam, F
|poke|p1|Mienshao, M
|poke|p2|Nidoking, M
|poke|p2|Infernape, F
|poke|p2|Celebi
|poke|p2|Mienshao, M, shiny
|poke|p2|Vaporeon, F
|poke|p2|Forretress, F, shiny
|rule|Swagger Clause: Swagger is banned
|rule|Baton Pass Clause: Limit one PokÃ©mon knowing Baton Pass
|teampreview
|c|âDerpaniteX|i lose because of zygarde
|c|âDerpaniteX|:c
|join|SirJhon117
|c|âtrevor ellis|use icebeam on vape
|c|âDerpaniteX|but but
|c|âDerpaniteX|scald
|c|âDerpaniteX|:c
|leave|SirJhon117
|
|start
|switch|p1a: Alakazam|Alakazam, F|251\/251
|switch|p2a: Forretress|Forretress, F, shiny|354\/354
|turn|1
|
|detailschange|p1a: Alakazam|Alakazam-Mega, F
|-mega|p1a: Alakazam|Alakazam|Alakazite
|-ability|p1a: Alakazam|Sturdy|[from] ability: Trace|[of] p2a: Forretress
|move|p1a: Alakazam|Shadow Ball|p2a: Forretress
|-damage|p2a: Forretress|169\/354
|move|p2a: Forretress|Stealth Rock|p1a: Alakazam
|-sidestart|p1: trevor ellis|move: Stealth Rock
|
|-heal|p2a: Forretress|191\/354|[from] item: Leftovers
|turn|2
|
|move|p1a: Alakazam|Shadow Ball|p2a: Forretress
|-damage|p2a: Forretress|14\/354
|move|p2a: Forretress|Gyro Ball|p1a: Alakazam
|-damage|p1a: Alakazam|41\/251
|
|-heal|p2a: Forretress|36\/354|[from] item: Leftovers
|turn|3
|
|move|p1a: Alakazam|Shadow Ball|p2a: Forretress
|-damage|p2a: Forretress|0 fnt
|faint|p2a: Forretress
|
|
|switch|p2a: Mienshao|Mienshao, M, shiny|271\/271
|turn|4
|
|move|p1a: Alakazam|Protect|p1a: Alakazam
|-singleturn|p1a: Alakazam|Protect
|move|p2a: Mienshao|U-turn|p1a: Alakazam
|-activate|p1a: Alakazam|Protect
|
|turn|5
|
|switch|p1a: Raikou|Raikou|321\/321
|-damage|p1a: Raikou|281\/321|[from] Stealth Rock
|-ability|p1a: Raikou|Pressure
|move|p2a: Mienshao|U-turn|p1a: Raikou
|-damage|p1a: Raikou|172\/321
|join|Jimmy Russel
|
|switch|p2a: Nidoking|Nidoking, M|303\/303
|
|turn|6
|
|move|p1a: Raikou|Extrasensory|p2a: Nidoking
|-supereffective|p2a: Nidoking
|-damage|p2a: Nidoking|10\/303
|move|p2a: Nidoking|Earth Power|p1a: Raikou
|-supereffective|p1a: Raikou
|-damage|p1a: Raikou|0 fnt
|faint|p1a: Raikou
|
|
|switch|p1a: Mienshao|Mienshao, M|271\/271
|-damage|p1a: Mienshao|255\/271|[from] Stealth Rock
|turn|7
|
|switch|p2a: Mienshao|Mienshao, M, shiny|271\/271
|move|p1a: Mienshao|U-turn|p2a: Mienshao
|-resisted|p2a: Mienshao
|-damage|p2a: Mienshao|210\/271
|
|switch|p1a: Togetic|Togetic, M|314\/314
|-damage|p1a: Togetic|236\/314|[from] Stealth Rock
|
|turn|8
|
|move|p2a: Mienshao|Knock Off|p1a: Togetic
|-resisted|p1a: Togetic
|-damage|p1a: Togetic|204\/314
|-enditem|p1a: Togetic|Eviolite|[from] move: Knock Off|[of] p2a: Mienshao
|move|p1a: Togetic|Dazzling Gleam|p2a: Mienshao
|-supereffective|p2a: Mienshao
|-damage|p2a: Mienshao|0 fnt
|faint|p2a: Mienshao
|
|
|switch|p2a: Nidoking|Nidoking, M|10\/303
|turn|9
|
|switch|p1a: Zygarde|Zygarde|404\/404
|-damage|p1a: Zygarde|379\/404|[from] Stealth Rock
|-ability|p1a: Zygarde|Aura Break
|move|p2a: Nidoking|Poison Jab|p1a: Zygarde
|-crit|p1a: Zygarde
|-resisted|p1a: Zygarde
|-damage|p1a: Zygarde|282\/404
|
|-heal|p1a: Zygarde|307\/404|[from] item: Leftovers
|turn|10
|
|switch|p2a: Celebi|Celebi|404\/404
|move|p1a: Zygarde|Earthquake|p2a: Celebi
|-resisted|p2a: Celebi
|-damage|p2a: Celebi|347\/404
|
|-heal|p1a: Zygarde|332\/404|[from] item: Leftovers
|-heal|p2a: Celebi|372\/404|[from] item: Leftovers
|turn|11
|
|switch|p1a: Empoleon|Empoleon, F|369\/369
|-damage|p1a: Empoleon|346\/369|[from] Stealth Rock
|move|p2a: Celebi|Energy Ball|p1a: Empoleon
|-damage|p1a: Empoleon|244\/369
|
|-heal|p2a: Celebi|397\/404|[from] item: Leftovers
|-heal|p1a: Empoleon|267\/369|[from] item: Leftovers
|turn|12
|
|switch|p2a: Nidoking|Nidoking, M|10\/303
|move|p1a: Empoleon|Defog|p2a: Nidoking
|-unboost|p2a: Nidoking|evasion|1
|-sideend|p1: trevor ellis|Stealth Rock|[from] move: Defog|[of] p1a: Empoleon
|
|-heal|p1a: Empoleon|290\/369|[from] item: Leftovers
|turn|13
|c|âDerpaniteX|do u think zygarde is op
|c|âtrevor ellis|no
|
|move|p2a: Nidoking|Earth Power|p1a: Empoleon
|-supereffective|p1a: Empoleon
|-damage|p1a: Empoleon|0 fnt
|faint|p1a: Empoleon
|
|c|âDerpaniteX|what do u use
|c|âDerpaniteX|other than togekiss
|c|âDerpaniteX|togetic*
|c|âtrevor ellis|things with ice beam
|c|âDerpaniteX|likeeeee
|c|âtrevor ellis|whimsicott
|c|âtrevor ellis|crobat with toxic
|c|âtrevor ellis|toxic spikes
|c|âDerpaniteX|yeah but meh
|c|âDerpaniteX|ive done all that
|
|switch|p1a: Alakazam|Alakazam-Mega, F|41\/251
|-ability|p1a: Alakazam|Sheer Force|[from] ability: Trace|[of] p2a: Nidoking
|turn|14
|c|âtrevor ellis|then play better?
|c|âDerpaniteX|no like its worked lol
|c|âDerpaniteX|but i dont want to have to use those
|
|switch|p2a: Celebi|Celebi|397\/404
|move|p1a: Alakazam|Psyshock|p2a: Celebi
|-resisted|p2a: Celebi
|-damage|p2a: Celebi|313\/404
|
|-heal|p2a: Celebi|338\/404|[from] item: Leftovers
|turn|15
|
|move|p1a: Alakazam|Shadow Ball|p2a: Celebi
|-supereffective|p2a: Celebi
|-damage|p2a: Celebi|112\/404
|move|p2a: Celebi|Thunder Wave|p1a: Alakazam
|-status|p1a: Alakazam|par
|
|-heal|p2a: Celebi|137\/404|[from] item: Leftovers
|turn|16
|
|move|p2a: Celebi|Recover|p2a: Celebi
|-heal|p2a: Celebi|339\/404
|move|p1a: Alakazam|Shadow Ball|p2a: Celebi
|-supereffective|p2a: Celebi
|-damage|p2a: Celebi|103\/404
|
|-heal|p2a: Celebi|128\/404|[from] item: Leftovers
|turn|17
|
|switch|p1a: Togetic|Togetic, M|204\/314
|move|p2a: Celebi|Recover|p2a: Celebi
|-heal|p2a: Celebi|330\/404
|
|-heal|p2a: Celebi|355\/404|[from] item: Leftovers
|turn|18
|
|move|p2a: Celebi|Leech Seed|p1a: Togetic
|-start|p1a: Togetic|move: Leech Seed
|move|p1a: Togetic|Nasty Plot|p1a: Togetic
|-boost|p1a: Togetic|spa|2
|
|-heal|p2a: Celebi|380\/404|[from] item: Leftovers
|-damage|p1a: Togetic|165\/314|[from] Leech Seed|[of] p2a: Celebi
|-heal|p2a: Celebi|404\/404|[silent]
|turn|19
|
|switch|p1a: Mienshao|Mienshao, M|255\/271
|move|p2a: Celebi|Thunder Wave|p1a: Mienshao
|-status|p1a: Mienshao|par
|
|turn|20
|
|switch|p2a: Vaporeon|Vaporeon, F|448\/448
|move|p1a: Mienshao|U-turn|p2a: Vaporeon
|-damage|p2a: Vaporeon|359\/448
|
|switch|p1a: Togetic|Togetic, M|165\/314
|
|-heal|p2a: Vaporeon|387\/448|[from] item: Leftovers
|turn|21
|
|switch|p2a: Celebi|Celebi|404\/404
|move|p1a: Togetic|Baton Pass|p1a: Togetic
|
|switch|p1a: Alakazam|Alakazam-Mega, F|41\/251 par
|-ability|p1a: Alakazam|Natural Cure|[from] ability: Trace|[of] p2a: Celebi
|
|turn|22
|
|switch|p1a: Mienshao|Mienshao, M|255\/271 par
|move|p2a: Celebi|Energy Ball|p1a: Mienshao
|-damage|p1a: Mienshao|101\/271 par
|-unboost|p1a: Mienshao|spd|1
|
|turn|23
|c|âDerpaniteX|just switch to it and sub coil and win
|
|move|p2a: Celebi|Energy Ball|p1a: Mienshao
|-damage|p1a: Mienshao|0 fnt
|faint|p1a: Mienshao
|
|c|âDerpaniteX|lol
|
|switch|p1a: Zygarde|Zygarde|332\/404
|-ability|p1a: Zygarde|Aura Break
|turn|24
|
|move|p1a: Zygarde|Substitute|p1a: Zygarde
|-start|p1a: Zygarde|Substitute
|-damage|p1a: Zygarde|231\/404
|move|p2a: Celebi|Energy Ball|p1a: Zygarde
|-end|p1a: Zygarde|Substitute
|
|-heal|p1a: Zygarde|256\/404|[from] item: Leftovers
|turn|25
|c|âDerpaniteX|omg
|
|move|p2a: Celebi|Energy Ball|p1a: Zygarde
|-damage|p1a: Zygarde|156\/404
|move|p1a: Zygarde|Dragon Tail|p2a: Celebi
|-damage|p2a: Celebi|337\/404
|drag|p2a: Infernape|Infernape, F|293\/293
|
|-heal|p1a: Zygarde|181\/404|[from] item: Leftovers
|turn|26
|c|âtrevor ellis|thats why m8
|
|move|p2a: Infernape|Close Combat|p1a: Zygarde
|-damage|p1a: Zygarde|0 fnt
|-unboost|p2a: Infernape|def|1
|-unboost|p2a: Infernape|spd|1
|-damage|p2a: Infernape|264\/293|[from] item: Life Orb
|faint|p1a: Zygarde
|
|
|switch|p1a: Togetic|Togetic, M|165\/314
|turn|27
|c|âDerpaniteX|u could have 6-0'd with spdef set
|c|âtrevor ellis|so
|c|âtrevor ellis|whattt
|
|switch|p2a: Celebi|Celebi|337\/404
|move|p1a: Togetic|Roost|p1a: Togetic
|-heal|p1a: Togetic|314\/314
|
|-heal|p2a: Celebi|362\/404|[from] item: Leftovers
|turn|28
|c|âDerpaniteX|it's broken
|
|move|p2a: Celebi|Thunder Wave|p1a: Togetic
|-status|p1a: Togetic|par
|move|p1a: Togetic|Nasty Plot|p1a: Togetic
|-boost|p1a: Togetic|spa|2
|
|-heal|p2a: Celebi|387\/404|[from] item: Leftovers
|turn|29
|
|move|p2a: Celebi|Leech Seed|p1a: Togetic|[miss]
|-miss|p2a: Celebi|p1a: Togetic
|cant|p1a: Togetic|par
|
|-heal|p2a: Celebi|404\/404|[from] item: Leftovers
|turn|30
|
|move|p2a: Celebi|Leech Seed|p1a: Togetic
|-start|p1a: Togetic|move: Leech Seed
|cant|p1a: Togetic|par
|
|-damage|p1a: Togetic|275\/314 par|[from] Leech Seed|[of] p2a: Celebi
|turn|31
|
|switch|p2a: Infernape|Infernape, F|264\/293
|move|p1a: Togetic|Dazzling Gleam|p2a: Infernape
|-damage|p2a: Infernape|54\/293
|
|-damage|p1a: Togetic|236\/314 par|[from] Leech Seed|[of] p2a: Infernape
|-heal|p2a: Infernape|93\/293|[silent]
|turn|32
|
|move|p2a: Infernape|Fire Punch|p1a: Togetic
|-damage|p1a: Togetic|87\/314 par
|-damage|p2a: Infernape|64\/293|[from] item: Life Orb
|cant|p1a: Togetic|par
|
|-damage|p1a: Togetic|48\/314 par|[from] Leech Seed|[of] p2a: Infernape
|-heal|p2a: Infernape|103\/293|[silent]
|turn|33
|join|DrReuniclus3
|leave|Jimmy Russel
|-message|trevor ellis forfeited.
|
|win|DerpaniteX
|raw|Ladder updating...
|leave|trevor ellis
|player|p1
|raw|trevor ellis's rating: 1547 &rarr; <strong>1523<\/strong><br \/>(-24 for losing)
|raw|DerpaniteX's rating: 1465 &rarr; <strong>1490<\/strong><br \/>(+25 for winning)
|leave|DrReuniclus3