|join|trevor ellis
|join|dudeman130498
|player|p1|trevor ellis|112
|player|p2|dudeman130498|171
|gametype|singles
|gen|6
|tier|UU
|rule|Sleep Clause Mod: Limit one foe put to sleep
|rule|Species Clause: Limit one of each PokÃ©mon
|rule|OHKO Clause: OHKO moves are banned
|rule|Moody Clause: Moody is banned
|rule|Evasion Moves Clause: Evasion moves are banned
|rule|Endless Battle Clause: Forcing endless battles is banned
|rule|HP Percentage Mod: HP is shown in percentages
|clearpoke
|poke|p1|Beedrill, M
|poke|p1|Entei, shiny
|poke|p1|Donphan, F
|poke|p1|Celebi
|poke|p1|Yanmega, F
|poke|p1|Jirachi
|poke|p2|Slowking, F
|poke|p2|Diancie
|poke|p2|Cofagrigus, M
|poke|p2|Rhyperior, M
|poke|p2|Escavalier, M
|poke|p2|Omastar, M
|rule|Swagger Clause: Swagger is banned
|rule|Baton Pass Clause: Limit one PokÃ©mon knowing Baton Pass
|teampreview
|join|roast toast
|join|DatLatias
|join|angler management
|join|TR. Kasomune
|join|Wolfenstein
|join|DO'Kolan
|join|SmashBrosBrawl
|join|Bob the TURD
|c| DatLatias|sd pass to beedrill
|join|BenzMafia
|c| DatLatias|imo
|
|start
|switch|p1a: Celebi|Celebi|404\/404
|switch|p2a: 'RESIST'|Escavalier, M|344\/344
|turn|1
|c|âdudeman130498|ayy
|c|+SmashBrosBrawl|dudeman loses to houndoom!!!!
|
|switch|p1a: Donphan|Donphan, F|384\/384
|move|p2a: 'RESIST'|Megahorn|p1a: Donphan
|-damage|p1a: Donphan|156\/384
|
|-heal|p1a: Donphan|180\/384|[from] item: Leftovers
|turn|2
|c| DatLatias|call it
|c| DatLatias|a
|c| DatLatias|counter
|c| Bob the TURD|KEK
|
|move|p1a: Donphan|Knock Off|p2a: 'RESIST'
|-damage|p2a: 'RESIST'|255\/344
|-enditem|p2a: 'RESIST'|Choice Band|[from] move: Knock Off|[of] p1a: Donphan
|move|p2a: 'RESIST'|Megahorn|p1a: Donphan
|-damage|p1a: Donphan|21\/384
|
|-heal|p1a: Donphan|45\/384|[from] item: Leftovers
|turn|3
|c|+SmashBrosBrawl|walled
|
|move|p1a: Donphan|Stealth Rock|p2a: 'RESIST'
|-sidestart|p2: dudeman130498|move: Stealth Rock
|move|p2a: 'RESIST'|Iron Head|p1a: Donphan
|-damage|p1a: Donphan|0 fnt
|faint|p1a: Donphan
|
|c| Bob the TURD|kek
|
|switch|p1a: Entei|Entei, shiny|372\/372
|-ability|p1a: Entei|Pressure
|turn|4
|join|Druides
|c| DatLatias|predict miss
|
|switch|p2a: 'SMASHING'|Omastar, M|281\/281
|-damage|p2a: 'SMASHING'|246\/281|[from] Stealth Rock
|move|p1a: Entei|Sacred Fire|p2a: 'SMASHING'
|-resisted|p2a: 'SMASHING'
|-damage|p2a: 'SMASHING'|188\/281
|-boost|p2a: 'SMASHING'|spe|1|[from] ability: Weak Armor
|-unboost|p2a: 'SMASHING'|def|1|[from] ability: Weak Armor
|
|turn|5
|c| Bob the TURD|he has hp
|join|CrimsonZap
|c| Bob the TURD|grass
|
|switch|p1a: Celebi|Celebi|404\/404
|move|p2a: 'SMASHING'|Stealth Rock|p1a: Celebi
|-sidestart|p1: trevor ellis|move: Stealth Rock
|
|turn|6
|join|Charizard92
|
|switch|p2a: 'RESIST'|Escavalier, M|255\/344
|-damage|p2a: 'RESIST'|212\/344|[from] Stealth Rock
|move|p1a: Celebi|Baton Pass|p1a: Celebi
|join|gobosox
|
|switch|p1a: Entei|Entei, shiny|372\/372
|-damage|p1a: Entei|279\/372|[from] Stealth Rock
|-ability|p1a: Entei|Pressure
|
|turn|7
|c| gobosox|trevor ellis is bad
|c| gobosox|trevor ellis is bad
|c|+SmashBrosBrawl|>not using hp grass
|c| gobosox|trevor ellis is bad
|c| gobosox|trevor ellis is bad
|c| gobosox|trevor ellis is bad
|c| gobosox|trevor ellis is bad
|c| gobosox|trevor ellis is bad
|c| gobosox|trevor ellis is bad
|
|switch|p2a: 'SMASHING'|Omastar, M|188\/281
|-damage|p2a: 'SMASHING'|153\/281|[from] Stealth Rock
|move|p1a: Entei|Sacred Fire|p2a: 'SMASHING'
|-resisted|p2a: 'SMASHING'
|-damage|p2a: 'SMASHING'|95\/281
|-boost|p2a: 'SMASHING'|spe|1|[from] ability: Weak Armor
|-unboost|p2a: 'SMASHING'|def|1|[from] ability: Weak Armor
|
|turn|8
|c| gobosox|trevor ellis is bad
|c| gobosox|trevor ellis is bad
|c| DatLatias|got em
|c| gobosox|trevor ellis is bad
|c| Wolfenstein|lol
|c| gobosox|trevor ellis is bad
|c| gobosox|trevor ellis is bad
|c| gobosox|trevor ellis is bad
|c| DatLatias|the gen 5
|c| DatLatias|salt
|c| DatLatias|is here
|c| gobosox|kek
|
|switch|p1a: Celebi|Celebi|404\/404
|-damage|p1a: Celebi|354\/404|[from] Stealth Rock
|move|p2a: 'SMASHING'|Scald|p1a: Celebi
|-resisted|p1a: Celebi
|-damage|p1a: Celebi|293\/404
|
|turn|9
|c| Bob the TURD|nice double switches
|c| gobosox|those were the days
|c|+SmashBrosBrawl|hp
|c|+SmashBrosBrawl|grass
|c|+SmashBrosBrawl|tbh
|
|move|p2a: 'SMASHING'|Spikes|p1a: Celebi
|-sidestart|p1: trevor ellis|Spikes
|move|p1a: Celebi|Giga Drain|p2a: 'SMASHING'
|-supereffective|p2a: 'SMASHING'
|-damage|p2a: 'SMASHING'|0 fnt
|-heal|p1a: Celebi|341\/404|[from] drain|[of] p2a: 'SMASHING'
|faint|p2a: 'SMASHING'
|
|
|switch|p2a: 'RESIST'|Escavalier, M|212\/344
|-damage|p2a: 'RESIST'|169\/344|[from] Stealth Rock
|turn|10
|c| DatLatias|inb4
|c| DatLatias|this isnt sd
|
|switch|p1a: Jirachi|Jirachi|341\/341
|-damage|p1a: Jirachi|320\/341|[from] Stealth Rock
|-damage|p1a: Jirachi|278\/341|[from] Spikes
|move|p2a: 'RESIST'|Megahorn|p1a: Jirachi
|-damage|p1a: Jirachi|31\/341
|
|turn|11
|c| gobosox|latias i found logs of you getting banned by fat mouthbreather
|c| gobosox|and lochie
|c| DatLatias|lmao
|
|switch|p2a: 'KNOCK OFF'|Slowking, F|394\/394
|-damage|p2a: 'KNOCK OFF'|345\/394|[from] Stealth Rock
|move|p1a: Jirachi|Healing Wish|p1a: Jirachi
|faint|p1a: Jirachi
|
|c| DatLatias|do u hav em
|join|So Dynamic
|c| DatLatias|rn
|c| Bob the TURD|who is fat mouthbreather
|c| gobosox|i'll get them later
|c| gobosox|he's an og mod
|
|switch|p1a: Yanmega|Yanmega, F|349\/349
|-heal|p1a: Yanmega|349\/349|[from] move: Healing Wish
|-damage|p1a: Yanmega|175\/349|[from] Stealth Rock
|turn|12
|c| DatLatias|u would no if ur an old fag
|c| DatLatias|nice healing
|c| DatLatias|wish
|c| Shit User|i want to be an
|c| Shit User|old fag
|
|move|p1a: Yanmega|Bug Buzz|p2a: 'KNOCK OFF'
|-supereffective|p2a: 'KNOCK OFF'
|-damage|p2a: 'KNOCK OFF'|111\/394
|move|p2a: 'KNOCK OFF'|Trick Room|p2a: 'KNOCK OFF'
|-fieldstart|move: Trick Room|[of] p2a: 'KNOCK OFF'
|
|-boost|p1a: Yanmega|spe|1|[from] ability: Speed Boost
|turn|13
|c|âdudeman130498|nice lo
|c| gobosox|nice speed
|c| gobosox|nerd
|leave|Charizard92
|c| gobosox|!!!
|c|âtrevor ellis|sh
|c| Shit User|hes obvs
|c| Shit User|wp
|c| DatLatias|epic
|c| Shit User|endure
|c|+SmashBrosBrawl|u are both
|
|switch|p2a: 'RESIST'|Escavalier, M|169\/344
|-damage|p2a: 'RESIST'|126\/344|[from] Stealth Rock
|switch|p1a: Celebi|Celebi|341\/404
|-damage|p1a: Celebi|291\/404|[from] Stealth Rock
|-damage|p1a: Celebi|241\/404|[from] Spikes
|
|turn|14
|c|+SmashBrosBrawl|cancer
|c|+SmashBrosBrawl|literal
|c|+SmashBrosBrawl|ebola
|c| DO'Kolan|guess this is over
|c|+SmashBrosBrawl|virus
|c| DatLatias|tfw
|c|âdudeman130498|hnggg
|
|switch|p1a: Entei|Entei, shiny|279\/372
|-damage|p1a: Entei|186\/372|[from] Stealth Rock
|-damage|p1a: Entei|140\/372|[from] Spikes
|-ability|p1a: Entei|Pressure
|move|p2a: 'RESIST'|Megahorn|p1a: Entei
|-resisted|p1a: Entei
|-damage|p1a: Entei|0 fnt
|faint|p1a: Entei
|
|c|+SmashBrosBrawl|resist
|c| DatLatias|RESIST
|c| DatLatias|""
|c|+SmashBrosBrawl|ressit
|c| Wolfenstein|LOL
|
|switch|p1a: Beedrill|Beedrill, M|272\/272
|-damage|p1a: Beedrill|204\/272|[from] Stealth Rock
|-damage|p1a: Beedrill|170\/272|[from] Spikes
|turn|15
|c|+SmashBrosBrawl|sss
|c| Shit User|not even
|c| Shit User|banded
|
|detailschange|p1a: Beedrill|Beedrill-Mega, M
|message|Beedrill has Mega Evolved into Mega Beedrill!
|move|p1a: Beedrill|Protect|p1a: Beedrill
|-singleturn|p1a: Beedrill|Protect
|move|p2a: 'RESIST'|Iron Head|p1a: Beedrill
|-activate|p1a: Beedrill|Protect
|
|turn|16
|join|thymetime
|c| DatLatias|countered
|c|+SmashBrosBrawl|bop
|c|+SmashBrosBrawl|hp fire
|c|+SmashBrosBrawl|here
|c| DatLatias|go
|
|switch|p1a: Celebi|Celebi|241\/404
|-damage|p1a: Celebi|191\/404|[from] Spikes
|-damage|p1a: Celebi|141\/404|[from] Stealth Rock
|move|p2a: 'RESIST'|Iron Head|p1a: Celebi
|-damage|p1a: Celebi|23\/404
|
|-fieldend|move: Trick Room
|turn|17
|c| DatLatias|for
|c| DatLatias|double
|c| DatLatias|o
|
|move|p1a: Celebi|Giga Drain|p2a: 'RESIST'
|-resisted|p2a: 'RESIST'
|-damage|p2a: 'RESIST'|103\/344
|-heal|p1a: Celebi|35\/404|[from] drain|[of] p2a: 'RESIST'
|move|p2a: 'RESIST'|Megahorn|p1a: Celebi|[miss]
|-miss|p2a: 'RESIST'|p1a: Celebi
|
|turn|18
|c|+SmashBrosBrawl|epic
|c| DatLatias|simply
|c|+SmashBrosBrawl|EPIC
|c| Shit User|lol
|
|move|p1a: Celebi|Giga Drain|p2a: 'RESIST'
|-resisted|p2a: 'RESIST'
|-damage|p2a: 'RESIST'|82\/344
|-heal|p1a: Celebi|46\/404|[from] drain|[of] p2a: 'RESIST'
|move|p2a: 'RESIST'|Knock Off|p1a: Celebi
|-supereffective|p1a: Celebi
|-damage|p1a: Celebi|0 fnt
|-enditem|p1a: Celebi|Weakness Policy|[from] move: Knock Off|[of] p2a: 'RESIST'
|faint|p1a: Celebi
|
|c| DatLatias|epic
|c| gobosox|obv not well trained
|
|switch|p1a: Beedrill|Beedrill-Mega, M|170\/272
|-damage|p1a: Beedrill|136\/272|[from] Spikes
|-damage|p1a: Beedrill|68\/272|[from] Stealth Rock
|turn|19
|c| Wolfenstein|^
|leave|roast toast
|
|move|p1a: Beedrill|Drill Run|p2a: 'RESIST'
|-damage|p2a: 'RESIST'|0 fnt
|faint|p2a: 'RESIST'
|
|
|switch|p2a: 'FORRETRESS'|Cofagrigus, M|320\/320
|-damage|p2a: 'FORRETRESS'|280\/320|[from] Stealth Rock
|turn|20
|c| Shit User|flinch cogag
|
|move|p1a: Beedrill|Poison Jab|p2a: 'FORRETRESS'
|-resisted|p2a: 'FORRETRESS'
|-damage|p2a: 'FORRETRESS'|203\/320
|-endability|p1a: Beedrill|adaptability|[from] Mummy
|-ability|p1a: Beedrill|Mummy|[from] Mummy
|move|p2a: 'FORRETRESS'|Trick Room|p2a: 'FORRETRESS'
|-fieldstart|move: Trick Room|[of] p2a: 'FORRETRESS'
|
|-heal|p2a: 'FORRETRESS'|223\/320|[from] item: Leftovers
|turn|21
|
|move|p1a: Beedrill|Protect|p1a: Beedrill
|-singleturn|p1a: Beedrill|Protect
|move|p2a: 'FORRETRESS'|Shadow Ball|p1a: Beedrill
|-activate|p1a: Beedrill|Protect
|
|-heal|p2a: 'FORRETRESS'|243\/320|[from] item: Leftovers
|turn|22
|
|move|p1a: Beedrill|Protect|p1a: Beedrill
|-fail|p1a: Beedrill
|move|p2a: 'FORRETRESS'|Shadow Ball|p1a: Beedrill
|-damage|p1a: Beedrill|0 fnt
|faint|p1a: Beedrill
|
|-heal|p2a: 'FORRETRESS'|263\/320|[from] item: Leftovers
|c| DatLatias|get
|c| Shit User|nasty plot
|c| DatLatias|5
|
|switch|p1a: Yanmega|Yanmega, F|175\/349
|-damage|p1a: Yanmega|1\/349|[from] Stealth Rock
|turn|23
|leave|Wolfenstein
|c| gobosox|lat ditch protect effort
|c| DatLatias|protects
|
|move|p1a: Yanmega|Endure|p1a: Yanmega
|-singleturn|p1a: Yanmega|move: Endure
|move|p2a: 'FORRETRESS'|Shadow Ball|p1a: Yanmega
|-damage|p1a: Yanmega|1\/349
|-unboost|p1a: Yanmega|spd|1
|
|-heal|p2a: 'FORRETRESS'|283\/320|[from] item: Leftovers
|-boost|p1a: Yanmega|spe|1|[from] ability: Speed Boost
|turn|24
|c|+SmashBrosBrawl|double
|c| gobosox|*last
|c|+SmashBrosBrawl|triple
|c| DO'Kolan|lol
|c|âdudeman130498|drop
|c| DatLatias|endure
|c| DatLatias|yes
|c| DatLatias|yes
|c| DO'Kolan|the stall
|
|move|p2a: 'FORRETRESS'|Shadow Ball|p1a: Yanmega
|-damage|p1a: Yanmega|0 fnt
|faint|p1a: Yanmega
|
|win|dudeman130498
|c| DatLatias|its happening
|c| DatLatias|i bleve
|c| DatLatias|in
|c| DatLatias|o