|join|trevor ellis
|join|CoolTrainerGary
|player|p1|trevor ellis|112
|player|p2|CoolTrainerGary|169
|gametype|singles
|gen|6
|tier|UU
|rated
|rule|Sleep Clause Mod: Limit one foe put to sleep
|rule|Species Clause: Limit one of each PokÃ©mon
|rule|OHKO Clause: OHKO moves are banned
|rule|Moody Clause: Moody is banned
|rule|Evasion Moves Clause: Evasion moves are banned
|rule|Endless Battle Clause: Forcing endless battles is banned
|rule|HP Percentage Mod: HP is shown in percentages
|clearpoke
|poke|p1|Abomasnow, F, shiny
|poke|p1|Krookodile, M
|poke|p1|Tentacruel, F
|poke|p1|Swampert, M
|poke|p1|Mienshao, F
|poke|p1|Cresselia, F
|poke|p2|Azelf
|poke|p2|Moltres
|poke|p2|Raikou
|poke|p2|Entei, shiny
|poke|p2|Celebi
|poke|p2|Lucario, F
|rule|Swagger Clause: Swagger is banned
|rule|Baton Pass Clause: Limit one PokÃ©mon knowing Baton Pass
|teampreview
|
|start
|switch|p1a: chun li|Mienshao, F|271\/271
|switch|p2a: Azmah|Azelf|291\/291
|turn|1
|
|move|p1a: chun li|U-turn|p2a: Azmah
|-supereffective|p2a: Azmah
|-damage|p2a: Azmah|71\/291
|
|switch|p1a: snowball|Abomasnow, F, shiny|321\/321
|move|p2a: Azmah|Stealth Rock|p1a: snowball
|-sidestart|p1: trevor ellis|move: Stealth Rock
|
|turn|2
|
|switch|p2a: Mardis Gras|Entei, shiny|371\/371
|-ability|p2a: Mardis Gras|Pressure
|detailschange|p1a: snowball|Abomasnow-Mega, F, shiny
|-mega|p1a: snowball|Abomasnow|Abomasite
|-weather|Hail
|move|p1a: snowball|Ice Shard|p2a: Mardis Gras
|-resisted|p2a: Mardis Gras
|-damage|p2a: Mardis Gras|332\/371
|
|-weather|Hail|[upkeep]
|-damage|p2a: Mardis Gras|309\/371|[from] hail
|turn|3
|
|switch|p1a: chun li|Mienshao, F|271\/271
|-damage|p1a: chun li|255\/271|[from] Stealth Rock
|move|p2a: Mardis Gras|Sacred Fire|p1a: chun li
|-damage|p1a: chun li|0 fnt
|-damage|p2a: Mardis Gras|272\/371|[from] item: Life Orb
|faint|p1a: chun li
|
|-weather|Hail|[upkeep]
|-damage|p2a: Mardis Gras|249\/371|[from] hail
|leave|CoolTrainerGary
|join|CoolTrainerGary
|player|p2
|
|switch|p1a: squid|Tentacruel, F|364\/364
|-damage|p1a: squid|319\/364|[from] Stealth Rock
|turn|4
|player|p2|CoolTrainerGary|169
|
|move|p2a: Mardis Gras|Sacred Fire|p1a: squid
|-crit|p1a: squid
|-resisted|p1a: squid
|-damage|p1a: squid|142\/364
|-status|p1a: squid|brn
|-damage|p2a: Mardis Gras|212\/371|[from] item: Life Orb
|move|p1a: squid|Rapid Spin|p2a: Mardis Gras
|-damage|p2a: Mardis Gras|205\/371
|-sideend|p1: trevor ellis|Stealth Rock|[from] move: Rapid Spin|[of] p1a: squid
|
|-weather|Hail|[upkeep]
|-damage|p2a: Mardis Gras|182\/371|[from] hail
|-damage|p1a: squid|120\/364 brn|[from] hail
|-heal|p1a: squid|142\/364 brn|[from] item: Black Sludge
|-damage|p1a: squid|97\/364 brn|[from] brn
|turn|5
|
|move|p2a: Mardis Gras|Sacred Fire|p1a: squid
|-resisted|p1a: squid
|-damage|p1a: squid|0 fnt
|-damage|p2a: Mardis Gras|145\/371|[from] item: Life Orb
|faint|p1a: squid
|
|-weather|Hail|[upkeep]
|-damage|p2a: Mardis Gras|122\/371|[from] hail
|
|switch|p1a: shrek shrek|Swampert, M|404\/404
|turn|6
|
|move|p2a: Mardis Gras|Sacred Fire|p1a: shrek shrek
|-resisted|p1a: shrek shrek
|-damage|p1a: shrek shrek|317\/404
|-damage|p2a: Mardis Gras|85\/371|[from] item: Life Orb
|move|p1a: shrek shrek|Stealth Rock|p2a: Mardis Gras
|-sidestart|p2: CoolTrainerGary|move: Stealth Rock
|
|-weather|none
|-heal|p1a: shrek shrek|342\/404|[from] item: Leftovers
|turn|7
|
|move|p2a: Mardis Gras|Sacred Fire|p1a: shrek shrek
|-crit|p1a: shrek shrek
|-resisted|p1a: shrek shrek
|-damage|p1a: shrek shrek|211\/404
|-damage|p2a: Mardis Gras|48\/371|[from] item: Life Orb
|move|p1a: shrek shrek|Scald|p2a: Mardis Gras
|-supereffective|p2a: Mardis Gras
|-damage|p2a: Mardis Gras|0 fnt
|faint|p2a: Mardis Gras
|
|-heal|p1a: shrek shrek|236\/404|[from] item: Leftovers
|
|switch|p2a: Azmah|Azelf|71\/291
|-damage|p2a: Azmah|35\/291|[from] Stealth Rock
|turn|8
|
|move|p2a: Azmah|Stealth Rock|p1a: shrek shrek
|-sidestart|p1: trevor ellis|move: Stealth Rock
|move|p1a: shrek shrek|Scald|p2a: Azmah
|-damage|p2a: Azmah|0 fnt
|faint|p2a: Azmah
|
|-heal|p1a: shrek shrek|261\/404|[from] item: Leftovers
|
|switch|p2a: Onion|Celebi|404\/404
|-damage|p2a: Onion|354\/404|[from] Stealth Rock
|turn|9
|
|switch|p1a: snowball|Abomasnow-Mega, F, shiny|321\/321
|-damage|p1a: snowball|241\/321|[from] Stealth Rock
|-weather|Hail
|move|p2a: Onion|Baton Pass|p2a: Onion
|
|switch|p2a: Trey8|Moltres|347\/347
|-damage|p2a: Trey8|174\/347|[from] Stealth Rock
|-ability|p2a: Trey8|Pressure
|
|-weather|Hail|[upkeep]
|-damage|p2a: Trey8|153\/347|[from] hail
|turn|10
|c|âtrevor ellis|lag is so real
|
|move|p1a: snowball|Ice Shard|p2a: Trey8
|-damage|p2a: Trey8|75\/347
|move|p2a: Trey8|Air Slash|p1a: snowball
|-supereffective|p1a: snowball
|-damage|p1a: snowball|0 fnt
|-damage|p2a: Trey8|41\/347|[from] item: Life Orb
|faint|p1a: snowball
|
|-weather|Hail|[upkeep]
|-damage|p2a: Trey8|20\/347|[from] hail
|
|switch|p1a: shrek shrek|Swampert, M|261\/404
|-damage|p1a: shrek shrek|236\/404|[from] Stealth Rock
|turn|11
|
|move|p1a: shrek shrek|Protect|p1a: shrek shrek
|-singleturn|p1a: shrek shrek|Protect
|move|p2a: Trey8|Air Slash|p1a: shrek shrek
|-activate|p1a: shrek shrek|Protect
|
|-weather|Hail|[upkeep]
|-damage|p2a: Trey8|0 fnt|[from] hail
|-damage|p1a: shrek shrek|211\/404|[from] hail
|-heal|p1a: shrek shrek|236\/404|[from] item: Leftovers
|faint|p2a: Trey8
|
|switch|p2a: Onion|Celebi|354\/404
|-damage|p2a: Onion|304\/404|[from] Stealth Rock
|turn|12
|
|move|p2a: Onion|Nasty Plot|p2a: Onion
|-boost|p2a: Onion|spa|2
|move|p1a: shrek shrek|Earthquake|p2a: Onion
|-resisted|p2a: Onion
|-damage|p2a: Onion|238\/404
|
|-weather|Hail|[upkeep]
|-damage|p2a: Onion|213\/404|[from] hail
|-damage|p1a: shrek shrek|211\/404|[from] hail
|-heal|p1a: shrek shrek|236\/404|[from] item: Leftovers
|turn|13
|
|move|p2a: Onion|Giga Drain|p1a: shrek shrek
|-crit|p1a: shrek shrek
|-supereffective|p1a: shrek shrek
|-damage|p1a: shrek shrek|0 fnt
|-heal|p2a: Onion|331\/404|[from] drain|[of] p1a: shrek shrek
|faint|p1a: shrek shrek
|
|-weather|none
|
|switch|p1a: king krule|Krookodile, M|331\/331
|-damage|p1a: king krule|311\/331|[from] Stealth Rock
|-ability|p1a: king krule|Intimidate|[of] p2a: Onion
|-unboost|p2a: Onion|atk|1
|turn|14
|
|move|p2a: Onion|Giga Drain|p1a: king krule
|-supereffective|p1a: king krule
|-damage|p1a: king krule|0 fnt
|-heal|p2a: Onion|404\/404|[from] drain|[of] p1a: king krule
|faint|p1a: king krule
|
|
|switch|p1a: alexis texas|Cresselia, F|444\/444
|-damage|p1a: alexis texas|389\/444|[from] Stealth Rock
|turn|15
|
|move|p2a: Onion|Nasty Plot|p2a: Onion
|-boost|p2a: Onion|spa|2
|move|p1a: alexis texas|Calm Mind|p1a: alexis texas
|-boost|p1a: alexis texas|spa|1
|-boost|p1a: alexis texas|spd|1
|
|-heal|p1a: alexis texas|416\/444|[from] item: Leftovers
|turn|16
|
|move|p2a: Onion|Nasty Plot|p2a: Onion
|-boost|p2a: Onion|spa|2
|move|p1a: alexis texas|Moonblast|p2a: Onion
|-damage|p2a: Onion|324\/404
|
|-heal|p1a: alexis texas|443\/444|[from] item: Leftovers
|turn|17
|c|âtrevor ellis|gg
|leave|trevor ellis
|c|âCoolTrainerGary|gg
|
|move|p2a: Onion|Giga Drain|p1a: alexis texas
|-crit|p1a: alexis texas
|-damage|p1a: alexis texas|58\/444
|-heal|p2a: Onion|404\/404|[from] drain|[of] p1a: alexis texas
|move|p1a: alexis texas|Calm Mind|p1a: alexis texas
|-boost|p1a: alexis texas|spa|1
|-boost|p1a: alexis texas|spd|1
|
|-heal|p1a: alexis texas|85\/444|[from] item: Leftovers
|turn|18
|player|p1
|-message|trevorellis lost due to inactivity.
|
|win|CoolTrainerGary
|raw|Ladder updating...
|raw|trevor ellis's rating: 1616 &rarr; <strong>1586<\/strong><br \/>(-30 for losing)
|raw|CoolTrainerGary's rating: 1421 &rarr; <strong>1452<\/strong><br \/>(+31 for winning)