|join|trevor ellis
|join|Julie3
|player|p1|trevor ellis|112
|player|p2|Julie3|170
|gametype|singles
|gen|6
|tier|UU
|rated
|rule|Sleep Clause Mod: Limit one foe put to sleep
|rule|Species Clause: Limit one of each PokÃ©mon
|rule|OHKO Clause: OHKO moves are banned
|rule|Moody Clause: Moody is banned
|rule|Evasion Moves Clause: Evasion moves are banned
|rule|Endless Battle Clause: Forcing endless battles is banned
|rule|HP Percentage Mod: HP is shown in percentages
|clearpoke
|poke|p1|Swampert, F
|poke|p1|Haxorus, F
|poke|p1|Tornadus, M
|poke|p1|Jirachi
|poke|p1|Kingdra, M
|poke|p1|Accelgor, F
|poke|p2|Milotic, M
|poke|p2|Shaymin
|poke|p2|Chandelure, M
|poke|p2|Swellow, F
|poke|p2|Azelf
|poke|p2|Cobalion
|rule|Swagger Clause: Swagger is banned
|rule|Baton Pass Clause: Limit one PokÃ©mon knowing Baton Pass
|teampreview
|
|start
|switch|p1a: slick asl|Accelgor, F|363\/363
|switch|p2a: Milotic|Milotic, M|393\/393
|turn|1
|
|move|p1a: slick asl|Final Gambit|p2a: Milotic
|-damage|p2a: Milotic|30\/393
|faint|p1a: slick asl
|move|p2a: Milotic|Scald|p1: slick asl|[notarget]
|-notarget
|
|-heal|p2a: Milotic|54\/393|[from] item: Leftovers
|
|switch|p1a: low ladder scarf|Haxorus, F|307\/307
|-ability|p1a: low ladder scarf|Mold Breaker
|turn|2
|
|move|p1a: low ladder scarf|Dragon Claw|p2a: Milotic
|-damage|p2a: Milotic|0 fnt
|faint|p2a: Milotic
|
|
|switch|p2a: Cobalion|Cobalion|323\/323
|turn|3
|
|move|p2a: Cobalion|Close Combat|p1a: low ladder scarf
|-damage|p1a: low ladder scarf|139\/307
|-unboost|p2a: Cobalion|def|1
|-unboost|p2a: Cobalion|spd|1
|move|p1a: low ladder scarf|Earthquake|p2a: Cobalion
|-supereffective|p2a: Cobalion
|-damage|p2a: Cobalion|0 fnt
|faint|p2a: Cobalion
|
|
|switch|p2a: Azelf|Azelf|291\/291
|turn|4
|
|move|p2a: Azelf|Psychic|p1a: low ladder scarf
|-damage|p1a: low ladder scarf|0 fnt
|faint|p1a: low ladder scarf
|
|
|switch|p1a: genie2|Jirachi|341\/341
|turn|5
|
|switch|p2a: Chandelure|Chandelure, M|261\/261
|move|p1a: genie2|Stealth Rock|p2a: Chandelure
|-sidestart|p2: Julie3|move: Stealth Rock
|
|turn|6
|
|move|p1a: genie2|Iron Head|p2a: Chandelure
|-resisted|p2a: Chandelure
|-damage|p2a: Chandelure|197\/261
|cant|p2a: Chandelure|flinch
|
|-heal|p2a: Chandelure|213\/261|[from] item: Leftovers
|turn|7
|
|move|p1a: genie2|Iron Head|p2a: Chandelure
|-resisted|p2a: Chandelure
|-damage|p2a: Chandelure|159\/261
|cant|p2a: Chandelure|flinch
|
|-heal|p2a: Chandelure|175\/261|[from] item: Leftovers
|turn|8
|
|move|p1a: genie2|Iron Head|p2a: Chandelure
|-resisted|p2a: Chandelure
|-damage|p2a: Chandelure|113\/261
|cant|p2a: Chandelure|flinch
|
|-heal|p2a: Chandelure|129\/261|[from] item: Leftovers
|turn|9
|
|move|p1a: genie2|Iron Head|p2a: Chandelure
|-resisted|p2a: Chandelure
|-damage|p2a: Chandelure|75\/261
|move|p2a: Chandelure|Substitute|p2a: Chandelure
|-start|p2a: Chandelure|Substitute
|-damage|p2a: Chandelure|10\/261
|
|-heal|p2a: Chandelure|26\/261|[from] item: Leftovers
|turn|10
|
|move|p1a: genie2|Iron Head|p2a: Chandelure
|-resisted|p2a: Chandelure
|-activate|p2a: Chandelure|Substitute|[damage]
|move|p2a: Chandelure|Fire Blast|p1a: genie2
|-supereffective|p1a: genie2
|-damage|p1a: genie2|0 fnt
|faint|p1a: genie2
|
|-heal|p2a: Chandelure|42\/261|[from] item: Leftovers
|
|switch|p1a: crit|Kingdra, M|291\/291
|turn|11
|
|move|p1a: crit|Surf|p2a: Chandelure
|-supereffective|p2a: Chandelure
|-end|p2a: Chandelure|Substitute
|move|p2a: Chandelure|Shadow Ball|p1a: crit
|-damage|p1a: crit|143\/291
|
|-heal|p2a: Chandelure|58\/261|[from] item: Leftovers
|turn|12
|
|move|p1a: crit|Surf|p2a: Chandelure
|-supereffective|p2a: Chandelure
|-damage|p2a: Chandelure|0 fnt
|faint|p2a: Chandelure
|
|
|switch|p2a: Azelf|Azelf|291\/291
|-damage|p2a: Azelf|255\/291|[from] Stealth Rock
|turn|13
|
|move|p2a: Azelf|Dazzling Gleam|p1a: crit
|-supereffective|p1a: crit
|-damage|p1a: crit|0 fnt
|faint|p1a: crit
|
|
|switch|p1a: pitbull|Swampert, F|341\/341
|turn|14
|
|switch|p2a: Shaymin|Shaymin|341\/341
|-damage|p2a: Shaymin|299\/341|[from] Stealth Rock
|detailschange|p1a: pitbull|Swampert-Mega, F
|-mega|p1a: pitbull|Swampert|Swampertite
|move|p1a: pitbull|Ice Punch|p2a: Shaymin
|-supereffective|p2a: Shaymin
|-damage|p2a: Shaymin|99\/341
|
|-heal|p2a: Shaymin|120\/341|[from] item: Leftovers
|turn|15
|
|switch|p1a: genie1|Tornadus, M|309\/309
|move|p2a: Shaymin|Seed Flare|p1a: genie1
|-resisted|p1a: genie1
|-damage|p1a: genie1|197\/309
|
|-heal|p2a: Shaymin|141\/341|[from] item: Leftovers
|turn|16
|
|move|p1a: genie1|Hurricane|p2a: Shaymin|[miss]
|-miss|p1a: genie1|p2a: Shaymin
|move|p2a: Shaymin|Psychic|p1a: genie1
|-damage|p1a: genie1|86\/309
|
|-heal|p2a: Shaymin|162\/341|[from] item: Leftovers
|turn|17
|
|move|p1a: genie1|Rain Dance|p1a: genie1
|-weather|RainDance
|move|p2a: Shaymin|Psychic|p1a: genie1
|-damage|p1a: genie1|0 fnt
|faint|p1a: genie1
|
|-weather|RainDance|[upkeep]
|-heal|p2a: Shaymin|183\/341|[from] item: Leftovers
|
|switch|p1a: pitbull|Swampert-Mega, F|341\/341
|turn|18
|
|move|p1a: pitbull|Ice Punch|p2a: Shaymin
|-supereffective|p2a: Shaymin
|-damage|p2a: Shaymin|0 fnt
|faint|p2a: Shaymin
|
|-weather|RainDance|[upkeep]
|
|switch|p2a: Swellow|Swellow, F|261\/261
|-damage|p2a: Swellow|196\/261|[from] Stealth Rock
|turn|19
|
|move|p2a: Swellow|Protect|p2a: Swellow
|-singleturn|p2a: Swellow|Protect
|move|p1a: pitbull|Waterfall|p2a: Swellow
|-activate|p2a: Swellow|Protect
|
|-weather|RainDance|[upkeep]
|-status|p2a: Swellow|brn|[from] item: Flame Orb
|turn|20
|
|move|p1a: pitbull|Waterfall|p2a: Swellow
|-damage|p2a: Swellow|0 fnt
|faint|p2a: Swellow
|
|-weather|RainDance|[upkeep]
|
|switch|p2a: Azelf|Azelf|255\/291
|-damage|p2a: Azelf|219\/291|[from] Stealth Rock
|turn|21
|
|move|p2a: Azelf|Energy Ball|p1a: pitbull
|-supereffective|p1a: pitbull
|-damage|p1a: pitbull|0 fnt
|faint|p1a: pitbull
|
|win|Julie3
|raw|Ladder updating...
|raw|trevor ellis's rating: 1626 &rarr; <strong>1592<\/strong><br \/>(-34 for losing)
|raw|Julie3's rating: 1344 &rarr; <strong>1377<\/strong><br \/>(+33 for winning)
|c|âJulie3|gg
|leave|trevor ellis
|player|p1