|join|Lucipurrr
|join|trevor ellis
|player|p1|Lucipurrr|59
|player|p2|trevor ellis|112
|gametype|singles
|gen|6
|tier|UU
|rule|Sleep Clause Mod: Limit one foe put to sleep
|rule|Species Clause: Limit one of each PokÃ©mon
|rule|OHKO Clause: OHKO moves are banned
|rule|Moody Clause: Moody is banned
|rule|Evasion Moves Clause: Evasion moves are banned
|rule|Endless Battle Clause: Forcing endless battles is banned
|rule|HP Percentage Mod: HP is shown in percentages
|clearpoke
|poke|p1|Cresselia, F, shiny
|poke|p1|Aerodactyl, F, shiny
|poke|p1|Krookodile, M
|poke|p1|Raikou
|poke|p1|Empoleon, M
|poke|p1|Florges, F, shiny
|poke|p2|Yanmega, F
|poke|p2|Empoleon, M
|poke|p2|Absol, M
|poke|p2|Reuniclus, F
|poke|p2|Chandelure, M
|poke|p2|Whimsicott, M
|rule|Swagger Clause: Swagger is banned
|rule|Baton Pass Clause: Limit one PokÃ©mon knowing Baton Pass
|teampreview
|c|âLucipurrr|If I leave or anything, please don't turn timer on.
|
|start
|switch|p1a: Krookodile|Krookodile, M|331\/331
|switch|p2a: Absol|Absol, M|271\/271
|-ability|p1a: Krookodile|Intimidate|[of] p2a: Absol
|-unboost|p2a: Absol|atk|1
|-ability|p2a: Absol|Pressure
|turn|1
|c|âtrevor ellis|k
|c|âLucipurrr|My internet connection is awful.
|
|switch|p2a: Yanmega|Yanmega, F|313\/313
|move|p1a: Krookodile|Taunt|p2a: Yanmega
|-start|p2a: Yanmega|move: Taunt
|
|turn|2
|
|switch|p2a: Empoleon|Empoleon, M|369\/369
|switch|p1a: Raikou|Raikou|321\/321
|-ability|p1a: Raikou|Pressure
|
|turn|3
|
|switch|p2a: Whimsicott|Whimsicott, M|309\/309
|move|p1a: Raikou|Thunderbolt|p2a: Whimsicott
|-resisted|p2a: Whimsicott
|-damage|p2a: Whimsicott|221\/309
|
|-heal|p2a: Whimsicott|240\/309|[from] item: Leftovers
|turn|4
|
|switch|p1a: Florges|Florges, F, shiny|358\/358
|move|p2a: Whimsicott|Moonblast|p1a: Florges
|-damage|p1a: Florges|297\/358
|
|-heal|p2a: Whimsicott|259\/309|[from] item: Leftovers
|-heal|p1a: Florges|319\/358|[from] item: Leftovers
|turn|5
|c|âtrevor ellis|this team is so fucking bad
|
|switch|p2a: Empoleon|Empoleon, M|369\/369
|move|p1a: Florges|Wish|p1a: Florges
|
|-heal|p1a: Florges|341\/358|[from] item: Leftovers
|turn|6
|c|âtrevor ellis|lol
|c|âLucipurrr|Feel free to forfeit lol
|c|âtrevor ellis|k
|c|âLucipurrr|I won't hold it against you lol
|
|switch|p1a: Raikou|Raikou|321\/321
|-ability|p1a: Raikou|Pressure
|move|p2a: Empoleon|Stealth Rock|p1a: Raikou
|-sidestart|p1: Lucipurrr|move: Stealth Rock
|
|turn|7
|c|âtrevor ellis|ty
|c|âLucipurrr|yw bud
|
|switch|p2a: Reuniclus|Reuniclus, F|405\/405
|move|p1a: Raikou|Volt Switch|p2a: Reuniclus
|-damage|p2a: Reuniclus|264\/405
|
|switch|p1a: Krookodile|Krookodile, M|331\/331
|-damage|p1a: Krookodile|311\/331|[from] Stealth Rock
|-ability|p1a: Krookodile|Intimidate|[of] p2a: Reuniclus
|-unboost|p2a: Reuniclus|atk|1
|
|-heal|p2a: Reuniclus|289\/405|[from] item: Leftovers
|turn|8
|
|move|p1a: Krookodile|Pursuit|p2a: Reuniclus|[from]Pursuit
|-supereffective|p2a: Reuniclus
|-damage|p2a: Reuniclus|0 fnt
|faint|p2a: Reuniclus
|
|c|âLucipurrr|I've been nervous about this all week
|c|âLucipurrr|Cause every battle we have
|
|switch|p2a: Yanmega|Yanmega, F|313\/313
|turn|9
|c|âtrevor ellis|thats cool
Lucipurrr turned on modjoin.
|raw|<div class="broadcast-red"><b>Moderated chat was set to +!<\/b><br \/>Only users of rank + and higher can talk.<\/div>
Lucipurrr made this room hidden.
|c|âLucipurrr|Idk how that's cool, lol
|
|move|p2a: Yanmega|Bug Buzz|p1a: Krookodile
|-supereffective|p1a: Krookodile
|-damage|p1a: Krookodile|0 fnt
|-damage|p2a: Yanmega|282\/313|[from] item: Life Orb
|faint|p1a: Krookodile
|
|-boost|p2a: Yanmega|spe|1|[from] ability: Speed Boost
|c|âLucipurrr|Shit =\/
|
|switch|p1a: Raikou|Raikou|321\/321
|-damage|p1a: Raikou|281\/321|[from] Stealth Rock
|-ability|p1a: Raikou|Pressure
|turn|10
|c|âtrevor ellis|whatd u expect
|c|âLucipurrr|Not sure
|c|âLucipurrr|Not a OHKO
|
|switch|p2a: Whimsicott|Whimsicott, M|259\/309
|move|p1a: Raikou|Thunderbolt|p2a: Whimsicott
|-resisted|p2a: Whimsicott
|-damage|p2a: Whimsicott|160\/309
|
|-heal|p2a: Whimsicott|179\/309|[from] item: Leftovers
|turn|11
|c|âtrevor ellis|what
|c|âLucipurrr|but at the same time
|
|move|p1a: Raikou|Volt Switch|p2a: Whimsicott
|-resisted|p2a: Whimsicott
|-damage|p2a: Whimsicott|104\/309
|c|âLucipurrr|I figured you'd protect or something
|c|âtrevor ellis|lol
|
|switch|p1a: Aerodactyl|Aerodactyl, F, shiny|301\/301
|-damage|p1a: Aerodactyl|226\/301|[from] Stealth Rock
|move|p2a: Whimsicott|Giga Drain|p1a: Aerodactyl
|-damage|p1a: Aerodactyl|118\/301
|-heal|p2a: Whimsicott|158\/309|[from] drain|[of] p1a: Aerodactyl
|
|-heal|p2a: Whimsicott|177\/309|[from] item: Leftovers
|turn|12
|c|âLucipurrr|jesus damage
|
|switch|p2a: Empoleon|Empoleon, M|369\/369
|detailschange|p1a: Aerodactyl|Aerodactyl-Mega, F, shiny
|-mega|p1a: Aerodactyl|Aerodactyl|Aerodactylite
|move|p1a: Aerodactyl|Aerial Ace|p2a: Empoleon
|-resisted|p2a: Empoleon
|-damage|p2a: Empoleon|291\/369
|
|-heal|p2a: Empoleon|314\/369|[from] item: Leftovers
|turn|13
|
|switch|p1a: Empoleon|Empoleon, M|372\/372
|-damage|p1a: Empoleon|349\/372|[from] Stealth Rock
|switch|p2a: Yanmega|Yanmega, F|282\/313
|
|-heal|p1a: Empoleon|372\/372|[from] item: Leftovers
|turn|14
|
|move|p2a: Yanmega|Bug Buzz|p1a: Empoleon
|-resisted|p1a: Empoleon
|-damage|p1a: Empoleon|271\/372
|-damage|p2a: Yanmega|251\/313|[from] item: Life Orb
|move|p1a: Empoleon|Toxic|p2a: Yanmega
|-status|p2a: Yanmega|tox
|
|-heal|p1a: Empoleon|294\/372|[from] item: Leftovers
|-damage|p2a: Yanmega|232\/313 tox|[from] psn
|-boost|p2a: Yanmega|spe|1|[from] ability: Speed Boost
|turn|15
|
|switch|p2a: Whimsicott|Whimsicott, M|177\/309
|move|p1a: Empoleon|Defog|p2a: Whimsicott
|-unboost|p2a: Whimsicott|evasion|1
|-sideend|p1: Lucipurrr|Stealth Rock|[from] move: Defog|[of] p1a: Empoleon
|
|-heal|p2a: Whimsicott|196\/309|[from] item: Leftovers
|-heal|p1a: Empoleon|317\/372|[from] item: Leftovers
|turn|16
|
|move|p2a: Whimsicott|Encore|p1a: Empoleon
|-start|p1a: Empoleon|Encore
|move|p1a: Empoleon|Defog|p2a: Whimsicott
|-unboost|p2a: Whimsicott|evasion|1
|
|-heal|p2a: Whimsicott|215\/309|[from] item: Leftovers
|-heal|p1a: Empoleon|340\/372|[from] item: Leftovers
|turn|17
|c|âLucipurrr|Sneaky
|
|switch|p1a: Florges|Florges, F, shiny|341\/358
|move|p2a: Whimsicott|Stun Spore|p1a: Florges
|-status|p1a: Florges|par
|
|-heal|p2a: Whimsicott|234\/309|[from] item: Leftovers
|-heal|p1a: Florges|358\/358 par|[from] item: Leftovers
|turn|18
|c|âLucipurrr|Have you noticed
|
|switch|p2a: Empoleon|Empoleon, M|314\/369
|move|p1a: Florges|Wish|p1a: Florges
|
|-heal|p2a: Empoleon|337\/369|[from] item: Leftovers
|turn|19
|c|âLucipurrr|Sometimes it doesn't show your pokemon in the little poke'line up if it's mega evolved?
|c|âtrevor ellis|n
|leave|Lucipurrr
|player|p1
|join|Lucipurrr
|c|âtrevor ellis|u good?
|player|p1|Lucipurrr|59
|c|âtrevor ellis|k cool
|c|âLucipurrr|Yeah
|c|âLucipurrr|that was fucking weird
|
|switch|p1a: Raikou|Raikou|281\/321
|-ability|p1a: Raikou|Pressure
|move|p2a: Empoleon|Stealth Rock|p1a: Raikou
|-sidestart|p1: Lucipurrr|move: Stealth Rock
|
|-heal|p1a: Raikou|321\/321|[from] move: Wish|[wisher] Florges
|-heal|p2a: Empoleon|360\/369|[from] item: Leftovers
|turn|20
|
|switch|p2a: Whimsicott|Whimsicott, M|234\/309
|move|p1a: Raikou|Thunderbolt|p2a: Whimsicott
|-resisted|p2a: Whimsicott
|-damage|p2a: Whimsicott|147\/309
|
|-heal|p2a: Whimsicott|166\/309|[from] item: Leftovers
|turn|21
|
|move|p1a: Raikou|Thunderbolt|p2a: Whimsicott
|-resisted|p2a: Whimsicott
|-damage|p2a: Whimsicott|73\/309
|move|p2a: Whimsicott|Giga Drain|p1a: Raikou
|-damage|p1a: Raikou|234\/321
|-heal|p2a: Whimsicott|117\/309|[from] drain|[of] p1a: Raikou
|
|-heal|p2a: Whimsicott|136\/309|[from] item: Leftovers
|turn|22
|
|move|p1a: Raikou|Thunderbolt|p2a: Whimsicott
|-resisted|p2a: Whimsicott
|-damage|p2a: Whimsicott|43\/309
|move|p2a: Whimsicott|Giga Drain|p1a: Raikou
|-damage|p1a: Raikou|156\/321
|-heal|p2a: Whimsicott|82\/309|[from] drain|[of] p1a: Raikou
|
|-heal|p2a: Whimsicott|101\/309|[from] item: Leftovers
|turn|23
|
|switch|p2a: Chandelure|Chandelure, M|261\/261
|move|p1a: Raikou|Volt Switch|p2a: Chandelure
|-damage|p2a: Chandelure|143\/261
|c|âLucipurrr|Funny Story is
|c|âLucipurrr|I got rip of Specs
|
|switch|p1a: Aerodactyl|Aerodactyl-Mega, F, shiny|118\/301
|-damage|p1a: Aerodactyl|43\/301|[from] Stealth Rock
|
|turn|24
|c|âLucipurrr|Cause I figured you'd be running Pert
|c|âtrevor ellis|hm
|
|switch|p2a: Empoleon|Empoleon, M|360\/369
|move|p1a: Aerodactyl|Stone Edge|p2a: Empoleon
|-resisted|p2a: Empoleon
|-damage|p2a: Empoleon|264\/369
|
|-heal|p2a: Empoleon|287\/369|[from] item: Leftovers
|turn|25
|c|âLucipurrr|?
|c|âLucipurrr|?
|leave|Lucipurrr
|player|p1
|join|Lucipurrr
|player|p1|Lucipurrr|59
|
|switch|p1a: Empoleon|Empoleon, M|340\/372
|-damage|p1a: Empoleon|317\/372|[from] Stealth Rock
|switch|p2a: Yanmega|Yanmega, F|232\/313 tox
|
|-heal|p1a: Empoleon|340\/372|[from] item: Leftovers
|-damage|p2a: Yanmega|213\/313 tox|[from] psn
|turn|26
|c|âLucipurrr|?
|c|âtrevor ellis|what
|c|âLucipurrr|wasn't sure if I lost connection
|
|move|p2a: Yanmega|Giga Drain|p1a: Empoleon
|-damage|p1a: Empoleon|241\/372
|-heal|p2a: Yanmega|263\/313 tox|[from] drain|[of] p1a: Empoleon
|-damage|p2a: Yanmega|232\/313 tox|[from] item: Life Orb
|move|p1a: Empoleon|Defog|p2a: Yanmega
|-unboost|p2a: Yanmega|evasion|1
|-sideend|p1: Lucipurrr|Stealth Rock|[from] move: Defog|[of] p1a: Empoleon
|
|-heal|p1a: Empoleon|264\/372|[from] item: Leftovers
|-damage|p2a: Yanmega|194\/313 tox|[from] psn
|-boost|p2a: Yanmega|spe|1|[from] ability: Speed Boost
|turn|27
|
|switch|p2a: Whimsicott|Whimsicott, M|101\/309
|move|p1a: Empoleon|Scald|p2a: Whimsicott
|-resisted|p2a: Whimsicott
|-damage|p2a: Whimsicott|31\/309
|-status|p2a: Whimsicott|brn
|
|-heal|p2a: Whimsicott|50\/309 brn|[from] item: Leftovers
|-heal|p1a: Empoleon|287\/372|[from] item: Leftovers
|-damage|p2a: Whimsicott|12\/309 brn|[from] brn
|turn|28
|c|âLucipurrr|Brns git
|
|move|p2a: Whimsicott|Stun Spore|p1a: Empoleon
|-status|p1a: Empoleon|par
|cant|p1a: Empoleon|par
|
|-heal|p2a: Whimsicott|31\/309 brn|[from] item: Leftovers
|-heal|p1a: Empoleon|310\/372 par|[from] item: Leftovers
|-damage|p2a: Whimsicott|0 fnt|[from] brn
|faint|p2a: Whimsicott
|
|switch|p2a: Empoleon|Empoleon, M|287\/369
|turn|29
|
|move|p2a: Empoleon|Stealth Rock|p1a: Empoleon
|-sidestart|p1: Lucipurrr|move: Stealth Rock
|cant|p1a: Empoleon|par
|
|-heal|p2a: Empoleon|310\/369|[from] item: Leftovers
|-heal|p1a: Empoleon|333\/372 par|[from] item: Leftovers
|turn|30
|
|move|p2a: Empoleon|Scald|p1a: Empoleon
|-resisted|p1a: Empoleon
|-damage|p1a: Empoleon|260\/372 par
|move|p1a: Empoleon|Defog|p2a: Empoleon
|-unboost|p2a: Empoleon|evasion|1
|-sideend|p1: Lucipurrr|Stealth Rock|[from] move: Defog|[of] p1a: Empoleon
|
|-heal|p2a: Empoleon|333\/369|[from] item: Leftovers
|-heal|p1a: Empoleon|283\/372 par|[from] item: Leftovers
|turn|31
|
|move|p2a: Empoleon|Stealth Rock|p1a: Empoleon
|-sidestart|p1: Lucipurrr|move: Stealth Rock
|move|p1a: Empoleon|Scald|p2a: Empoleon
|-resisted|p2a: Empoleon
|-damage|p2a: Empoleon|285\/369
|-status|p2a: Empoleon|brn
|
|-heal|p2a: Empoleon|308\/369 brn|[from] item: Leftovers
|-heal|p1a: Empoleon|306\/372 par|[from] item: Leftovers
|-damage|p2a: Empoleon|262\/369 brn|[from] brn
|turn|32
|
|move|p2a: Empoleon|Scald|p1a: Empoleon
|-resisted|p1a: Empoleon
|-damage|p1a: Empoleon|237\/372 par
|move|p1a: Empoleon|Defog|p2a: Empoleon
|-unboost|p2a: Empoleon|evasion|1
|-sideend|p1: Lucipurrr|Stealth Rock|[from] move: Defog|[of] p1a: Empoleon
|
|-heal|p2a: Empoleon|285\/369 brn|[from] item: Leftovers
|-heal|p1a: Empoleon|260\/372 par|[from] item: Leftovers
|-damage|p2a: Empoleon|239\/369 brn|[from] brn
|turn|33
|
|move|p2a: Empoleon|Scald|p1a: Empoleon
|-resisted|p1a: Empoleon
|-damage|p1a: Empoleon|191\/372 par
|cant|p1a: Empoleon|par
|
|-heal|p2a: Empoleon|262\/369 brn|[from] item: Leftovers
|-heal|p1a: Empoleon|214\/372 par|[from] item: Leftovers
|-damage|p2a: Empoleon|216\/369 brn|[from] brn
|turn|34
|c|âLucipurrr|Thinking?
|c|âtrevor ellis|na typing
|
|switch|p1a: Cresselia|Cresselia, F, shiny|424\/424
|move|p2a: Empoleon|Scald|p1a: Cresselia
|-damage|p1a: Cresselia|310\/424
|
|-heal|p1a: Cresselia|336\/424|[from] item: Leftovers
|-heal|p2a: Empoleon|239\/369 brn|[from] item: Leftovers
|-damage|p2a: Empoleon|193\/369 brn|[from] brn
|turn|35
|c|âLucipurrr|Writing a book or something? lol
|
|move|p1a: Cresselia|Calm Mind|p1a: Cresselia
|-boost|p1a: Cresselia|spa|1
|-boost|p1a: Cresselia|spd|1
|move|p2a: Empoleon|Stealth Rock|p1a: Cresselia
|-sidestart|p1: Lucipurrr|move: Stealth Rock
|
|-heal|p1a: Cresselia|362\/424|[from] item: Leftovers
|-heal|p2a: Empoleon|216\/369 brn|[from] item: Leftovers
|-damage|p2a: Empoleon|170\/369 brn|[from] brn
|turn|36
|
|switch|p2a: Chandelure|Chandelure, M|143\/261
|move|p1a: Cresselia|Calm Mind|p1a: Cresselia
|-boost|p1a: Cresselia|spa|1
|-boost|p1a: Cresselia|spd|1
|
|-heal|p1a: Cresselia|388\/424|[from] item: Leftovers
|turn|37
|
|move|p2a: Chandelure|Trick|p1a: Cresselia
|-activate|p2a: Chandelure|move: Trick|[of] p1a: Cresselia
|-item|p1a: Cresselia|Choice Scarf|[from] move: Trick
|-item|p2a: Chandelure|Leftovers|[from] move: Trick
|move|p1a: Cresselia|Psyshock|p2a: Chandelure
|-damage|p2a: Chandelure|0 fnt
|faint|p2a: Chandelure
|
|
|switch|p2a: Absol|Absol, M|271\/271
|-ability|p2a: Absol|Pressure
|turn|38
|
|switch|p1a: Florges|Florges, F, shiny|358\/358 par
|-damage|p1a: Florges|314\/358 par|[from] Stealth Rock
|detailschange|p2a: Absol|Absol-Mega, M
|-mega|p2a: Absol|Absol|Absolite
|move|p2a: Absol|Swords Dance|p2a: Absol
|-boost|p2a: Absol|atk|2
|
|-heal|p1a: Florges|336\/358 par|[from] item: Leftovers
|turn|39
|c|âtrevor ellis|plz
|c|âLucipurrr|plz
|c|âLucipurrr|plz
|c|âLucipurrr|plz
|c|âLucipurrr|plz
|
|move|p2a: Absol|Iron Tail|p1a: Florges
|-supereffective|p1a: Florges
|-damage|p1a: Florges|0 fnt
|faint|p1a: Florges
|
|c|âLucipurrr|gg
|c|âLucipurrr|=\/
|c|âtrevor ellis|gg
|
|switch|p1a: Raikou|Raikou|156\/321
|-damage|p1a: Raikou|116\/321|[from] Stealth Rock
|-ability|p1a: Raikou|Pressure
|turn|40
|c|âLucipurrr|Dont sucker punch
|c|âLucipurrr|k thanks
|c|âtrevor ellis|ok
|
|move|p2a: Absol|Sucker Punch|p1a: Raikou
|-damage|p1a: Raikou|0 fnt
|faint|p1a: Raikou
|
|c|âLucipurrr|wtf trevor
|c|âLucipurrr|that's not what we agreed one
|
|switch|p1a: Empoleon|Empoleon, M|214\/372 par
|-damage|p1a: Empoleon|191\/372 par|[from] Stealth Rock
|turn|41
|c|âtrevor ellis|im sorry cancel didnt go thru
|c|âLucipurrr|cancel stop
|
|move|p2a: Absol|Knock Off|p1a: Empoleon
|-damage|p1a: Empoleon|0 fnt
|-enditem|p1a: Empoleon|Leftovers|[from] move: Knock Off|[of] p2a: Absol
|faint|p1a: Empoleon
|
|
|switch|p1a: Cresselia|Cresselia, F, shiny|388\/424
|-damage|p1a: Cresselia|335\/424|[from] Stealth Rock
|turn|42
|
|move|p2a: Absol|Sucker Punch|p1a: Cresselia
|-supereffective|p1a: Cresselia
|-damage|p1a: Cresselia|0 fnt
|faint|p1a: Cresselia
|
|c|âLucipurrr|fucking
|c|âLucipurrr|priority op
|
|switch|p1a: Aerodactyl|Aerodactyl-Mega, F, shiny|43\/301
|-damage|p1a: Aerodactyl|0 fnt|[from] Stealth Rock
|faint|p1a: Aerodactyl
|
|win|trevor ellis
|c|âLucipurrr|gg