|join|Lucipurrr
|join|trevor ellis
|join|SmashBrosBrawl
|player|p1|Lucipurrr|77
|player|p2|trevor ellis|112
|gametype|singles
|gen|6
|tier|UU
|rule|Sleep Clause Mod: Limit one foe put to sleep
|rule|Species Clause: Limit one of each PokÃ©mon
|rule|OHKO Clause: OHKO moves are banned
|rule|Moody Clause: Moody is banned
|rule|Evasion Moves Clause: Evasion moves are banned
|rule|Endless Battle Clause: Forcing endless battles is banned
|rule|HP Percentage Mod: HP is shown in percentages
|clearpoke
|poke|p1|Serperior, F, shiny
|poke|p1|Ampharos, M
|poke|p1|Vaporeon, F
|poke|p1|Gligar, M
|poke|p1|Mawile, M, shiny
|poke|p1|Machamp, M
|poke|p2|Swampert, M
|poke|p2|Haxorus, F
|poke|p2|Tornadus, M
|poke|p2|Jirachi
|poke|p2|Kingdra, M
|poke|p2|Accelgor, M
|rule|Swagger Clause: Swagger is banned
|rule|Baton Pass Clause: Limit one PokÃ©mon knowing Baton Pass
|teampreview
|join|Pink Core Is Back
|
|start
|switch|p1a: Ampharos|Ampharos, M|374\/374
|switch|p2a: slick asl|Accelgor, M|363\/363
|turn|1
|leave|SmashBrosBrawl
|
|detailschange|p1a: Ampharos|Ampharos-Mega, M
|-mega|p1a: Ampharos|Ampharos|Ampharosite
|-ability|p1a: Ampharos|Mold Breaker
|move|p2a: slick asl|Spikes|p1a: Ampharos
|-sidestart|p1: Lucipurrr|Spikes
|move|p1a: Ampharos|Volt Switch|p2a: slick asl
|-damage|p2a: slick asl|128\/363
|
|switch|p1a: Mawile|Mawile, M, shiny|303\/303
|-damage|p1a: Mawile|266\/303|[from] Spikes
|
|turn|2
|
|move|p2a: slick asl|Spikes|p1a: Mawile
|-sidestart|p1: Lucipurrr|Spikes
|move|p1a: Mawile|Fire Fang|p2a: slick asl
|-supereffective|p2a: slick asl
|-damage|p2a: slick asl|0 fnt
|faint|p2a: slick asl
|
|
|switch|p2a: pitbull|Swampert, M|341\/341
|turn|3
|
|switch|p1a: Gligar|Gligar, M|334\/334
|detailschange|p2a: pitbull|Swampert-Mega, M
|-mega|p2a: pitbull|Swampert|Swampertite
|move|p2a: pitbull|Earthquake|p1a: Gligar
|-immune|p1a: Gligar|[msg]
|
|turn|4
|
|switch|p1a: Vaporeon|Vaporeon, F|464\/464
|-damage|p1a: Vaporeon|387\/464|[from] Spikes
|move|p2a: pitbull|Ice Punch|p1a: Vaporeon
|-crit|p1a: Vaporeon
|-resisted|p1a: Vaporeon
|-damage|p1a: Vaporeon|303\/464
|-status|p1a: Vaporeon|frz
|
|-heal|p1a: Vaporeon|332\/464 frz|[from] item: Leftovers
|turn|5
|
|switch|p2a: genie2|Jirachi|341\/341
|-curestatus|p1a: Vaporeon|frz
|move|p1a: Vaporeon|Scald|p2a: genie2
|-damage|p2a: genie2|245\/341
|-status|p2a: genie2|brn
|
|-heal|p1a: Vaporeon|361\/464|[from] item: Leftovers
|-damage|p2a: genie2|203\/341 brn|[from] brn
|turn|6
|
|move|p2a: genie2|U-turn|p1a: Vaporeon
|-damage|p1a: Vaporeon|325\/464
|
|switch|p2a: low ladder scarf|Haxorus, F|307\/307
|-ability|p2a: low ladder scarf|Mold Breaker
|move|p1a: Vaporeon|Scald|p2a: low ladder scarf
|-resisted|p2a: low ladder scarf
|-damage|p2a: low ladder scarf|241\/307
|
|-heal|p1a: Vaporeon|354\/464|[from] item: Leftovers
|turn|7
|
|move|p1a: Vaporeon|Protect|p1a: Vaporeon
|-singleturn|p1a: Vaporeon|Protect
|move|p2a: low ladder scarf|Swords Dance|p2a: low ladder scarf
|-boost|p2a: low ladder scarf|atk|2
|
|-heal|p1a: Vaporeon|383\/464|[from] item: Leftovers
|turn|8
|
|move|p2a: low ladder scarf|Dragon Claw|p1a: Vaporeon
|-damage|p1a: Vaporeon|25\/464
|move|p1a: Vaporeon|Ice Beam|p2a: low ladder scarf
|-supereffective|p2a: low ladder scarf
|-damage|p2a: low ladder scarf|33\/307
|
|-heal|p1a: Vaporeon|54\/464|[from] item: Leftovers
|turn|9
|c|âLucipurrr|Jesus
|
|move|p2a: low ladder scarf|Earthquake|p1a: Vaporeon
|-damage|p1a: Vaporeon|0 fnt
|faint|p1a: Vaporeon
|
|
|switch|p1a: Mawile|Mawile, M, shiny|266\/303
|-damage|p1a: Mawile|216\/303|[from] Spikes
|turn|10
|join|meowiekins
|
|move|p2a: low ladder scarf|Earthquake|p1a: Mawile
|-supereffective|p1a: Mawile
|-damage|p1a: Mawile|0 fnt
|faint|p1a: Mawile
|
|join|I3Magikarp
|
|switch|p1a: Gligar|Gligar, M|334\/334
|turn|11
|c| meowiekins|b-b-but sucker punch
|
|move|p2a: low ladder scarf|Swords Dance|p2a: low ladder scarf
|-boost|p2a: low ladder scarf|atk|2
|move|p1a: Gligar|U-turn|p2a: low ladder scarf
|-damage|p2a: low ladder scarf|0 fnt
|faint|p2a: low ladder scarf
|
|switch|p1a: Serperior|Serperior, F, shiny|291\/291
|-damage|p1a: Serperior|243\/291|[from] Spikes
|
|c|âLucipurrr|hm
|
|switch|p2a: genie1|Tornadus, M|309\/309
|turn|12
|
|move|p1a: Serperior|Hidden Power|p2a: genie1
|-supereffective|p2a: genie1
|-damage|p2a: genie1|143\/309
|-damage|p1a: Serperior|214\/291|[from] item: Life Orb
|move|p2a: genie1|Hurricane|p1a: Serperior|[miss]
|-miss|p2a: genie1|p1a: Serperior
|
|turn|13
|join|BurstStream
|
|switch|p2a: genie2|Jirachi|203\/341 brn
|move|p1a: Serperior|Hidden Power|p2a: genie2
|-resisted|p2a: genie2
|-damage|p2a: genie2|173\/341 brn
|-damage|p1a: Serperior|185\/291|[from] item: Life Orb
|
|-damage|p2a: genie2|131\/341 brn|[from] brn
|turn|14
|c| BurstStream|well
|c| BurstStream|I didn`t know serpirior shinny
|c| BurstStream|looked that cool
|c| BurstStream|also  Trevor pls tell me
|c| BurstStream|thats SD Haxorus
|c|âtrevor ellis|ofc
|
|move|p1a: Serperior|Leaf Storm|p2a: genie2
|-resisted|p2a: genie2
|-damage|p2a: genie2|35\/341 brn
|-boost|p1a: Serperior|spa|2
|-damage|p1a: Serperior|156\/291|[from] item: Life Orb
|move|p2a: genie2|Stealth Rock|p1a: Serperior
|-sidestart|p1: Lucipurrr|move: Stealth Rock
|
|-damage|p2a: genie2|0 fnt|[from] brn
|faint|p2a: genie2
|join|Serperior Test
|c|âLucipurrr|Glad that Cancel worked
|c|âLucipurrr|lol
|
|switch|p2a: genie1|Tornadus, M|143\/309
|turn|15
|
|move|p2a: genie1|Rain Dance|p2a: genie1
|-weather|RainDance
|move|p1a: Serperior|Hidden Power|p2a: genie1
|-supereffective|p2a: genie1
|-damage|p2a: genie1|0 fnt
|-damage|p1a: Serperior|127\/291|[from] item: Life Orb
|faint|p2a: genie1
|
|-weather|RainDance|[upkeep]
|
|switch|p2a: pitbull|Swampert-Mega, M|341\/341
|turn|16
|
|move|p2a: pitbull|Ice Punch|p1a: Serperior
|-supereffective|p1a: Serperior
|-damage|p1a: Serperior|0 fnt
|faint|p1a: Serperior
|
|-weather|RainDance|[upkeep]
|
|switch|p1a: Machamp|Machamp, M|363\/363
|-damage|p1a: Machamp|303\/363|[from] Spikes
|-damage|p1a: Machamp|281\/363|[from] Stealth Rock
|turn|17
|
|move|p2a: pitbull|Waterfall|p1a: Machamp
|-damage|p1a: Machamp|0 fnt
|faint|p1a: Machamp
|
|-weather|RainDance|[upkeep]
|c|âLucipurrr|gg
|
|switch|p1a: Ampharos|Ampharos-Mega, M|374\/374
|-damage|p1a: Ampharos|328\/374|[from] Stealth Rock
|-damage|p1a: Ampharos|266\/374|[from] Spikes
|-ability|p1a: Ampharos|Mold Breaker
|turn|18
|
|move|p2a: pitbull|Earthquake|p1a: Ampharos
|-supereffective|p1a: Ampharos
|-damage|p1a: Ampharos|0 fnt
|faint|p1a: Ampharos
|
|-weather|RainDance|[upkeep]
|
|switch|p1a: Gligar|Gligar, M|334\/334
|-damage|p1a: Gligar|293\/334|[from] Stealth Rock
|turn|19
|
|move|p2a: pitbull|Waterfall|p1a: Gligar
|-supereffective|p1a: Gligar
|-damage|p1a: Gligar|41\/334
|move|p1a: Gligar|Earthquake|p2a: pitbull
|-damage|p2a: pitbull|256\/341
|
|-weather|RainDance|[upkeep]
|turn|20
|c|âtrevor ellis|spdef is a better set most cases
|c|âtrevor ellis|u wouldve died if spdef tho
|
|move|p2a: pitbull|Waterfall|p1a: Gligar
|-supereffective|p1a: Gligar
|-damage|p1a: Gligar|0 fnt
|faint|p1a: Gligar
|
|win|trevor ellis
|leave|trevor ellis
|c|âLucipurrr|mhm
|c|âLucipurrr|gg
|leave|Lucipurrr
|player|p2
|player|p1
|leave|Pink Core Is Back
|leave|Serperior Test
|leave|I3Magikarp
|join|Lucipurrr