|join|trevor ellis
|join|Christo m8
|join|Futurefusion
|join|Kushalos
|player|p1|trevor ellis|112
|player|p2|Christo m8|1
|gametype|singles
|gen|6
|tier|UU
|rule|Sleep Clause Mod: Limit one foe put to sleep
|rule|Species Clause: Limit one of each PokÃ©mon
|rule|OHKO Clause: OHKO moves are banned
|rule|Moody Clause: Moody is banned
|rule|Evasion Moves Clause: Evasion moves are banned
|rule|Endless Battle Clause: Forcing endless battles is banned
|rule|HP Percentage Mod: HP is shown in percentages
|clearpoke
|poke|p1|Entei, shiny
|poke|p1|Blastoise, M
|poke|p1|Florges, F
|poke|p1|Jirachi
|poke|p1|Roserade, M
|poke|p1|Hydreigon, M
|poke|p2|Celebi
|poke|p2|Nidoqueen, F
|poke|p2|Entei, shiny
|poke|p2|Doublade, F
|poke|p2|Sharpedo, M
|poke|p2|Raikou
|rule|Swagger Clause: Swagger is banned
|rule|Baton Pass Clause: Limit one PokÃ©mon knowing Baton Pass
|teampreview
|join|Choke69LoL
|join|Kuza
|join|dodmen
|join|LiLo383
|
|start
|switch|p1a: Roserade|Roserade, M|309\/309
|switch|p2a: Nidoqueen|Nidoqueen, F|330\/330
|turn|1
|join|PICHU SWEG
|
|move|p1a: Roserade|Giga Drain|p2a: Nidoqueen
|-damage|p2a: Nidoqueen|165\/330
|-damage|p1a: Roserade|279\/309|[from] item: Life Orb
|move|p2a: Nidoqueen|Ice Beam|p1a: Roserade
|-supereffective|p1a: Roserade
|-damage|p1a: Roserade|35\/309
|
|turn|2
|leave|PICHU SWEG
|
|switch|p2a: Entei|Entei, shiny|372\/372
|-ability|p2a: Entei|Pressure
|move|p1a: Roserade|Spikes|p2a: Entei
|-sidestart|p2: Christo m8|Spikes
|
|turn|3
|
|move|p1a: Roserade|Spikes|p2a: Entei
|-sidestart|p2: Christo m8|Spikes
|move|p2a: Entei|Flame Charge|p1a: Roserade
|-supereffective|p1a: Roserade
|-damage|p1a: Roserade|0 fnt
|-boost|p2a: Entei|spe|1
|-damage|p2a: Entei|335\/372|[from] item: Life Orb
|faint|p1a: Roserade
|
|
|switch|p1a: Blastoise|Blastoise, M|361\/361
|turn|4
|
|detailschange|p1a: Blastoise|Blastoise-Mega, M
|-mega|p1a: Blastoise|Blastoise|Blastoisinite
|move|p2a: Entei|Sacred Fire|p1a: Blastoise
|-resisted|p1a: Blastoise
|-damage|p1a: Blastoise|286\/361
|-damage|p2a: Entei|298\/372|[from] item: Life Orb
|move|p1a: Blastoise|Scald|p2a: Entei
|-supereffective|p2a: Entei
|-damage|p2a: Entei|0 fnt
|faint|p2a: Entei
|
|
|switch|p2a: Celebi|Celebi|404\/404
|-damage|p2a: Celebi|337\/404|[from] Spikes
|turn|5
|c|+dodmen|mfw
|
|switch|p1a: Jirachi|Jirachi|375\/375
|move|p2a: Celebi|Baton Pass|p2a: Celebi
|
|switch|p2a: Doublade|Doublade, F|322\/322
|-damage|p2a: Doublade|269\/322|[from] Spikes
|
|turn|6
|
|move|p1a: Jirachi|Stealth Rock|p2a: Doublade
|-sidestart|p2: Christo m8|move: Stealth Rock
|move|p2a: Doublade|Sacred Sword|p1a: Jirachi
|-damage|p1a: Jirachi|268\/375
|
|-heal|p1a: Jirachi|291\/375|[from] item: Leftovers
|turn|7
|
|switch|p1a: Entei|Entei, shiny|371\/371
|-ability|p1a: Entei|Pressure
|move|p2a: Doublade|Sacred Sword|p1a: Entei
|-damage|p1a: Entei|247\/371
|
|turn|8
|c|âChristo m8|should have brought my main team
|c|âChristo m8|thought u were gonna scout
|c|âtrevor ellis|this team still had good match up against ur other one
|
|switch|p2a: Nidoqueen|Nidoqueen, F|165\/330
|-damage|p2a: Nidoqueen|110\/330|[from] Spikes
|-damage|p2a: Nidoqueen|90\/330|[from] Stealth Rock
|move|p1a: Entei|Sacred Fire|p2a: Nidoqueen
|-damage|p2a: Nidoqueen|0 fnt
|faint|p2a: Nidoqueen
|
|c|âChristo m8|other than entei not that much
|
|switch|p2a: Sharpedo|Sharpedo, M|282\/282
|-damage|p2a: Sharpedo|235\/282|[from] Spikes
|-damage|p2a: Sharpedo|200\/282|[from] Stealth Rock
|turn|9
|
|switch|p1a: Jirachi|Jirachi|291\/375
|move|p2a: Sharpedo|Waterfall|p1a: Jirachi
|-damage|p1a: Jirachi|153\/375
|
|-heal|p1a: Jirachi|176\/375|[from] item: Leftovers
|-boost|p2a: Sharpedo|spe|1|[from] ability: Speed Boost
|turn|10
|leave|Futurefusion
|
|move|p2a: Sharpedo|Crunch|p1a: Jirachi
|-supereffective|p1a: Jirachi
|-damage|p1a: Jirachi|0 fnt
|faint|p1a: Jirachi
|
|-boost|p2a: Sharpedo|spe|1|[from] ability: Speed Boost
|
|switch|p1a: Florges|Florges, F|360\/360
|turn|11
|
|switch|p2a: Doublade|Doublade, F|269\/322
|-damage|p2a: Doublade|216\/322|[from] Spikes
|-damage|p2a: Doublade|196\/322|[from] Stealth Rock
|move|p1a: Florges|Moonblast|p2a: Doublade
|-resisted|p2a: Doublade
|-damage|p2a: Doublade|121\/322
|
|turn|12
|
|move|p1a: Florges|Moonblast|p2a: Doublade
|-resisted|p2a: Doublade
|-damage|p2a: Doublade|51\/322
|-unboost|p2a: Doublade|spa|1
|move|p2a: Doublade|Sacred Sword|p1a: Florges
|-resisted|p1a: Florges
|-damage|p1a: Florges|312\/360
|
|-heal|p1a: Florges|334\/360|[from] item: Leftovers
|turn|13
|
|move|p2a: Doublade|Shadow Sneak|p1a: Florges
|-damage|p1a: Florges|267\/360
|move|p1a: Florges|Moonblast|p2a: Doublade
|-resisted|p2a: Doublade
|-damage|p2a: Doublade|0 fnt
|faint|p2a: Doublade
|
|-heal|p1a: Florges|289\/360|[from] item: Leftovers
|c|âChristo m8|gg
|c|âtrevor ellis|gg
|
|switch|p2a: Raikou|Raikou|322\/322
|-damage|p2a: Raikou|282\/322|[from] Stealth Rock
|-damage|p2a: Raikou|229\/322|[from] Spikes
|-ability|p2a: Raikou|Pressure
|turn|14
|
|move|p2a: Raikou|Calm Mind|p2a: Raikou
|-boost|p2a: Raikou|spa|1
|-boost|p2a: Raikou|spd|1
|move|p1a: Florges|Calm Mind|p1a: Florges
|-boost|p1a: Florges|spa|1
|-boost|p1a: Florges|spd|1
|
|-heal|p2a: Raikou|249\/322|[from] item: Leftovers
|-heal|p1a: Florges|311\/360|[from] item: Leftovers
|turn|15
|join|thymetime
|
|move|p2a: Raikou|Calm Mind|p2a: Raikou
|-boost|p2a: Raikou|spa|1
|-boost|p2a: Raikou|spd|1
|move|p1a: Florges|Moonblast|p2a: Raikou
|-damage|p2a: Raikou|161\/322
|-unboost|p2a: Raikou|spa|1
|
|-heal|p2a: Raikou|181\/322|[from] item: Leftovers
|-heal|p1a: Florges|333\/360|[from] item: Leftovers
|turn|16
|
|move|p2a: Raikou|Calm Mind|p2a: Raikou
|-boost|p2a: Raikou|spa|1
|-boost|p2a: Raikou|spd|1
|move|p1a: Florges|Moonblast|p2a: Raikou
|-damage|p2a: Raikou|111\/322
|
|-heal|p2a: Raikou|131\/322|[from] item: Leftovers
|-heal|p1a: Florges|355\/360|[from] item: Leftovers
|turn|17
|
|switch|p1a: Hydreigon|Hydreigon, M|325\/325
|move|p2a: Raikou|Substitute|p2a: Raikou
|-start|p2a: Raikou|Substitute
|-damage|p2a: Raikou|51\/322
|
|-heal|p2a: Raikou|71\/322|[from] item: Leftovers
|turn|18
|
|move|p1a: Hydreigon|U-turn|p2a: Raikou
|-activate|p2a: Raikou|Substitute|[damage]
|
|switch|p1a: Blastoise|Blastoise-Mega, M|286\/361
|move|p2a: Raikou|Calm Mind|p2a: Raikou
|-boost|p2a: Raikou|spa|1
|-boost|p2a: Raikou|spd|1
|
|-heal|p2a: Raikou|91\/322|[from] item: Leftovers
|turn|19
|
|switch|p1a: Hydreigon|Hydreigon, M|325\/325
|move|p2a: Raikou|Thunderbolt|p1a: Hydreigon
|-resisted|p1a: Hydreigon
|-damage|p1a: Hydreigon|111\/325
|
|-heal|p2a: Raikou|111\/322|[from] item: Leftovers
|turn|20
|leave|Kushalos
|
|move|p1a: Hydreigon|Dark Pulse|p2a: Raikou
|-end|p2a: Raikou|Substitute
|move|p2a: Raikou|Substitute|p2a: Raikou
|-start|p2a: Raikou|Substitute
|-damage|p2a: Raikou|31\/322
|
|-heal|p2a: Raikou|51\/322|[from] item: Leftovers
|turn|21
|
|move|p1a: Hydreigon|Dark Pulse|p2a: Raikou
|-activate|p2a: Raikou|Substitute|[damage]
|move|p2a: Raikou|Thunderbolt|p1a: Hydreigon
|-resisted|p1a: Hydreigon
|-damage|p1a: Hydreigon|0 fnt
|faint|p1a: Hydreigon
|
|-heal|p2a: Raikou|71\/322|[from] item: Leftovers
|c|âChristo m8|if i win im a lord
|
|switch|p1a: Florges|Florges, F|355\/360
|turn|22
|c|âtrevor ellis|kinda
|
|move|p2a: Raikou|Thunderbolt|p1a: Florges
|-damage|p1a: Florges|97\/360
|move|p1a: Florges|Moonblast|p2a: Raikou
|-end|p2a: Raikou|Substitute
|
|-heal|p2a: Raikou|91\/322|[from] item: Leftovers
|-heal|p1a: Florges|119\/360|[from] item: Leftovers
|turn|23
|
|move|p2a: Raikou|Substitute|p2a: Raikou
|-start|p2a: Raikou|Substitute
|-damage|p2a: Raikou|11\/322
|move|p1a: Florges|Moonblast|p2a: Raikou
|-activate|p2a: Raikou|Substitute|[damage]
|
|-heal|p2a: Raikou|31\/322|[from] item: Leftovers
|-heal|p1a: Florges|141\/360|[from] item: Leftovers
|turn|24
|
|move|p2a: Raikou|Thunderbolt|p1a: Florges
|-damage|p1a: Florges|0 fnt
|faint|p1a: Florges
|
|-heal|p2a: Raikou|51\/322|[from] item: Leftovers
|c|âChristo m8|Based lord Christo
|leave|trevor ellis
|player|p1
|leave|LiLo383
|player|p1|dodmen|171
|-message|dodmen forfeited.
|
|win|Christo m8