|join|pokemonisfun
|join|trevor ellis
|player|p1|pokemonisfun|184
|player|p2|trevor ellis|112
|gametype|singles
|gen|6
|tier|UU
|rated
|rule|Sleep Clause Mod: Limit one foe put to sleep
|rule|Species Clause: Limit one of each PokÃ©mon
|rule|OHKO Clause: OHKO moves are banned
|rule|Moody Clause: Moody is banned
|rule|Evasion Moves Clause: Evasion moves are banned
|rule|Endless Battle Clause: Forcing endless battles is banned
|rule|HP Percentage Mod: HP is shown in percentages
|clearpoke
|poke|p1|Blissey, F
|poke|p1|Swampert, M
|poke|p1|Granbull, F
|poke|p1|Alomomola, F
|poke|p1|Crobat, M
|poke|p1|Celebi
|poke|p2|Pidgeot, M
|poke|p2|Hydreigon, F
|poke|p2|Raikou
|poke|p2|Jirachi
|poke|p2|Tentacruel, F
|poke|p2|Swampert, M
|rule|Swagger Clause: Swagger is banned
|rule|Baton Pass Clause: Limit one PokÃ©mon knowing Baton Pass
|teampreview
|
|start
|switch|p1a: bubblsy bubbles|Swampert, M|404\/404
|switch|p2a: Raikou|Raikou|321\/321
|-ability|p2a: Raikou|Pressure
|turn|1
|join|ShrektacularSwamps
|join|Vaporeon for Ubers
|join|keks party mix
|c| Vaporeon for Ubers|eyy
|join|Fuouu
|
|detailschange|p1a: bubblsy bubbles|Swampert-Mega, M
|-mega|p1a: bubblsy bubbles|Swampert|Swampertite
|move|p2a: Raikou|Hidden Power|p1a: bubblsy bubbles
|-supereffective|p1a: bubblsy bubbles
|-damage|p1a: bubblsy bubbles|202\/404
|move|p1a: bubblsy bubbles|Earthquake|p2a: Raikou
|-crit|p2a: Raikou
|-supereffective|p2a: Raikou
|-damage|p2a: Raikou|0 fnt
|faint|p2a: Raikou
|
|c| ShrektacularSwamps|LOL
|c|âtrevor ellis|i knew it was it was
|c| Fuouu|was that hp grass?
|
|switch|p2a: Swampert|Swampert, M|403\/403
|turn|2
|c| keks party mix|YUNG TREVVVVV!!!
|c| ShrektacularSwamps|r u max sp att
|c| ShrektacularSwamps|or something
|c|âtrevor ellis|ye
|c|âtrevor ellis|its spdef obv
|
|switch|p1a: onion fairy god|Celebi|396\/396
|move|p2a: Swampert|Stealth Rock|p1a: onion fairy god
|-sidestart|p1: pokemonisfun|move: Stealth Rock
|
|turn|3
|
|switch|p2a: Jirachi|Jirachi|404\/404
|move|p1a: onion fairy god|Stealth Rock|p2a: Jirachi
|-sidestart|p2: trevor ellis|move: Stealth Rock
|
|turn|4
|
|switch|p1a: swimmy swim|Alomomola, F|471\/471
|-damage|p1a: swimmy swim|413\/471|[from] Stealth Rock
|move|p2a: Jirachi|Substitute|p2a: Jirachi
|-start|p2a: Jirachi|Substitute
|-damage|p2a: Jirachi|303\/404
|
|-heal|p2a: Jirachi|328\/404|[from] item: Leftovers
|-heal|p1a: swimmy swim|442\/471|[from] item: Leftovers
|turn|5
|c| Vaporeon for Ubers|pls reveal the good pidgeot set
|c| keks party mix|o nb
|c|âtrevor ellis|it is
|c| Vaporeon for Ubers|or subtoxic rachi
|
|move|p2a: Jirachi|Toxic|p1a: swimmy swim
|-status|p1a: swimmy swim|tox
|move|p1a: swimmy swim|Wish|p1a: swimmy swim
|
|-heal|p2a: Jirachi|353\/404|[from] item: Leftovers
|-heal|p1a: swimmy swim|471\/471 tox|[from] item: Leftovers
|-damage|p1a: swimmy swim|442\/471 tox|[from] psn
|turn|6
|c|âtrevor ellis|he doesnt have the best match up
|
|switch|p1a: bubblsy bubbles|Swampert-Mega, M|202\/404
|-damage|p1a: bubblsy bubbles|177\/404|[from] Stealth Rock
|move|p2a: Jirachi|Toxic|p1a: bubblsy bubbles
|-status|p1a: bubblsy bubbles|tox
|
|-heal|p1a: bubblsy bubbles|404\/404 tox|[from] move: Wish|[wisher] swimmy swim
|-heal|p2a: Jirachi|378\/404|[from] item: Leftovers
|-damage|p1a: bubblsy bubbles|379\/404 tox|[from] psn
|turn|7
|join|SmashBrosBrawl
|join|drreuniclus3
|
|move|p2a: Jirachi|Iron Head|p1a: bubblsy bubbles
|-resisted|p1a: bubblsy bubbles
|-damage|p1a: bubblsy bubbles|332\/404 tox
|cant|p1a: bubblsy bubbles|flinch
|
|-heal|p2a: Jirachi|403\/404|[from] item: Leftovers
|-damage|p1a: bubblsy bubbles|282\/404 tox|[from] psn
|turn|8
|
|switch|p1a: onion fairy god|Celebi|396\/396
|-damage|p1a: onion fairy god|347\/396|[from] Stealth Rock
|move|p2a: Jirachi|Iron Head|p1a: onion fairy god
|-damage|p1a: onion fairy god|280\/396
|
|-heal|p2a: Jirachi|404\/404|[from] item: Leftovers
|-heal|p1a: onion fairy god|304\/396|[from] item: Leftovers
|turn|9
|
|move|p2a: Jirachi|Toxic|p1a: onion fairy god
|-status|p1a: onion fairy god|tox
|move|p1a: onion fairy god|Recover|p1a: onion fairy god
|-heal|p1a: onion fairy god|396\/396 tox
|
|-damage|p1a: onion fairy god|372\/396 tox|[from] psn
|turn|10
|c|+SmashBrosBrawl|how do u beat this pif
|join|Dolfin Named Rolf
|c| Dolfin Named Rolf|with my mind on my money and my money on my mind
|
|switch|p1a: swimmy swim|Alomomola, F|471\/471 tox
|-damage|p1a: swimmy swim|413\/471 tox|[from] Stealth Rock
|move|p2a: Jirachi|Fire Punch|p1a: swimmy swim
|-resisted|p1a: swimmy swim
|-damage|p1a: swimmy swim|388\/471 tox
|
|-heal|p1a: swimmy swim|417\/471 tox|[from] item: Leftovers
|-damage|p1a: swimmy swim|388\/471 tox|[from] psn
|turn|11
|c|âpokemonisfun|pecha berries
|c|âpokemonisfun|lots of pecha berries
|c| keks party mix|good luck guise
|c|+SmashBrosBrawl|u should use them
|c|+SmashBrosBrawl|rn
|leave|keks party mix
|c|âpokemonisfun|and antidotes
|
|move|p2a: Jirachi|Iron Head|p1a: swimmy swim
|-resisted|p1a: swimmy swim
|-damage|p1a: swimmy swim|349\/471 tox
|cant|p1a: swimmy swim|flinch
|
|-heal|p1a: swimmy swim|378\/471 tox|[from] item: Leftovers
|-damage|p1a: swimmy swim|320\/471 tox|[from] psn
|turn|12
|
|switch|p1a: onion fairy god|Celebi|372\/396
|-damage|p1a: onion fairy god|323\/396|[from] Stealth Rock
|move|p2a: Jirachi|Iron Head|p1a: onion fairy god
|-damage|p1a: onion fairy god|257\/396
|
|-heal|p1a: onion fairy god|281\/396|[from] item: Leftovers
|turn|13
|
|move|p2a: Jirachi|Fire Punch|p1a: onion fairy god
|-supereffective|p1a: onion fairy god
|-damage|p1a: onion fairy god|189\/396
|-status|p1a: onion fairy god|brn
|move|p1a: onion fairy god|Recover|p1a: onion fairy god
|-heal|p1a: onion fairy god|387\/396 brn
|
|-heal|p1a: onion fairy god|396\/396 brn|[from] item: Leftovers
|-damage|p1a: onion fairy god|347\/396 brn|[from] brn
|turn|14
|
|switch|p1a: swimmy swim|Alomomola, F|471\/471 tox
|-damage|p1a: swimmy swim|413\/471 tox|[from] Stealth Rock
|move|p2a: Jirachi|Iron Head|p1a: swimmy swim
|-resisted|p1a: swimmy swim
|-damage|p1a: swimmy swim|371\/471 tox
|
|-heal|p1a: swimmy swim|400\/471 tox|[from] item: Leftovers
|-damage|p1a: swimmy swim|371\/471 tox|[from] psn
|turn|15
|
|switch|p2a: Swampert|Swampert, M|403\/403
|-damage|p2a: Swampert|378\/403|[from] Stealth Rock
|move|p1a: swimmy swim|Wish|p1a: swimmy swim
|
|-heal|p1a: swimmy swim|400\/471 tox|[from] item: Leftovers
|-heal|p2a: Swampert|403\/403|[from] item: Leftovers
|-damage|p1a: swimmy swim|342\/471 tox|[from] psn
|turn|16
|
|move|p1a: swimmy swim|Toxic|p2a: Swampert
|-status|p2a: Swampert|tox
|move|p2a: Swampert|Roar|p1a: swimmy swim
|drag|p1a: woofy woof woof|Granbull, F|384\/384
|-damage|p1a: woofy woof woof|336\/384|[from] Stealth Rock
|-ability|p1a: woofy woof woof|Intimidate|[of] p2a: Swampert
|-unboost|p2a: Swampert|atk|1
|
|-heal|p1a: woofy woof woof|384\/384|[from] move: Wish|[wisher] swimmy swim
|-damage|p2a: Swampert|378\/403 tox|[from] psn
|turn|17
|
|switch|p2a: Tentacruel|Tentacruel, F|364\/364
|-damage|p2a: Tentacruel|319\/364|[from] Stealth Rock
|move|p1a: woofy woof woof|Play Rough|p2a: Tentacruel
|-resisted|p2a: Tentacruel
|-damage|p2a: Tentacruel|256\/364
|
|-heal|p2a: Tentacruel|278\/364|[from] item: Black Sludge
|turn|18
|
|switch|p1a: bubblsy bubbles|Swampert-Mega, M|282\/404 tox
|-damage|p1a: bubblsy bubbles|257\/404 tox|[from] Stealth Rock
|move|p2a: Tentacruel|Acid Spray|p1a: bubblsy bubbles
|-resisted|p1a: bubblsy bubbles
|-damage|p1a: bubblsy bubbles|243\/404 tox
|-unboost|p1a: bubblsy bubbles|spd|2
|
|-heal|p2a: Tentacruel|300\/364|[from] item: Black Sludge
|-damage|p1a: bubblsy bubbles|218\/404 tox|[from] psn
|turn|19
|
|switch|p2a: Pidgeot|Pidgeot, M|307\/307
|-damage|p2a: Pidgeot|231\/307|[from] Stealth Rock
|move|p1a: bubblsy bubbles|Earthquake|p2a: Pidgeot
|-immune|p2a: Pidgeot|[msg]
|
|-damage|p1a: bubblsy bubbles|168\/404 tox|[from] psn
|turn|20
|
|switch|p1a: Mega Chansey|Blissey, F|656\/656
|-damage|p1a: Mega Chansey|574\/656|[from] Stealth Rock
|detailschange|p2a: Pidgeot|Pidgeot-Mega, M
|-mega|p2a: Pidgeot|Pidgeot|Pidgeotite
|move|p2a: Pidgeot|Work Up|p2a: Pidgeot
|-boost|p2a: Pidgeot|atk|1
|-boost|p2a: Pidgeot|spa|1
|
|-heal|p1a: Mega Chansey|615\/656|[from] item: Leftovers
|turn|21
|c| Dolfin Named Rolf|destroyed
|c| Vaporeon for Ubers|good
|c| Vaporeon for Ubers|game
|
|move|p2a: Pidgeot|Work Up|p2a: Pidgeot
|-boost|p2a: Pidgeot|atk|1
|-boost|p2a: Pidgeot|spa|1
|move|p1a: Mega Chansey|Toxic|p2a: Pidgeot
|-status|p2a: Pidgeot|tox
|
|-heal|p1a: Mega Chansey|656\/656|[from] item: Leftovers
|-damage|p2a: Pidgeot|212\/307 tox|[from] psn
|turn|22
|c|+SmashBrosBrawl|refresh
|c| Dolfin Named Rolf|CONFUSE HERE
|c|+SmashBrosBrawl|refresh
|c|+SmashBrosBrawl|refresh
|c|+SmashBrosBrawl|refresh
|c|+SmashBrosBrawl|refresh
|join|amg
|
|move|p2a: Pidgeot|Refresh|p2a: Pidgeot
|-curestatus|p2a: Pidgeot|tox
|move|p1a: Mega Chansey|Seismic Toss|p2a: Pidgeot
|-damage|p2a: Pidgeot|112\/307
|
|turn|23
|c| Vaporeon for Ubers|like really though
|c| Vaporeon for Ubers|how does stall beat this
|c| Vaporeon for Ubers|at all
|c| Dolfin Named Rolf|Pidgeot can learn Refresh only when obtained from:
|c|+SmashBrosBrawl|huehueh
|c| Dolfin Named Rolf|gen 3 event: 0 pidgeotto
|c| drreuniclus3|oml
|c| Dolfin Named Rolf|HYPE
|c| drreuniclus3|is this
|c| drreuniclus3|the counter teaam
|c| Dolfin Named Rolf|Pidgeot can learn Refresh only when obtained from:
|c| Dolfin Named Rolf|gen 3 event: 0 pidgeotto
|c| Dolfin Named Rolf|Pidgeot can learn Refresh only when obtained from:
|c| Dolfin Named Rolf|gen 3 event: 0 pidgeotto
|c| Dolfin Named Rolf|Pidgeot can learn Refresh only when obtained from:
|c| Dolfin Named Rolf|gen 3 event: 0 pidgeotto
|
|move|p2a: Pidgeot|Roost|p2a: Pidgeot
|-heal|p2a: Pidgeot|266\/307
|move|p1a: Mega Chansey|Toxic|p2a: Pidgeot
|-status|p2a: Pidgeot|tox
|
|-damage|p2a: Pidgeot|247\/307 tox|[from] psn
|turn|24
|c| Dolfin Named Rolf|Pidgeot can learn Refresh only when obtained from:
|c| Dolfin Named Rolf|gen 3 event: 0 pidgeotto
|c| Dolfin Named Rolf|Pidgeot can learn Refresh only when obtained from:
|c| Dolfin Named Rolf|gen 3 event: 0 pidgeotto
|c| Vaporeon for Ubers|like
|c| Vaporeon for Ubers|what stops this
|
|move|p2a: Pidgeot|Work Up|p2a: Pidgeot
|-boost|p2a: Pidgeot|atk|1
|-boost|p2a: Pidgeot|spa|1
|move|p1a: Mega Chansey|Seismic Toss|p2a: Pidgeot
|-damage|p2a: Pidgeot|147\/307 tox
|
|-damage|p2a: Pidgeot|109\/307 tox|[from] psn
|turn|25
|c| Vaporeon for Ubers|is there anything
|c|+SmashBrosBrawl|how does any team
|c| Vaporeon for Ubers|maybe spdef zong
|c|+SmashBrosBrawl|beat pidgeot
|
|switch|p1a: batsy watzy|Crobat, M|373\/373
|-damage|p1a: batsy watzy|280\/373|[from] Stealth Rock
|move|p2a: Pidgeot|Roost|p2a: Pidgeot
|-heal|p2a: Pidgeot|263\/307 tox
|
|-heal|p1a: batsy watzy|303\/373|[from] item: Black Sludge
|-damage|p2a: Pidgeot|206\/307 tox|[from] psn
|turn|26
|c| amg|what is this spamming
|c| Vaporeon for Ubers|true
|c|âtrevor ellis|i fucked up by work uping n it didnt cancel
|
|switch|p2a: Jirachi|Jirachi|404\/404
|-damage|p2a: Jirachi|379\/404|[from] Stealth Rock
|move|p1a: batsy watzy|Haze|p1a: batsy watzy
|-clearallboost
|
|-heal|p1a: batsy watzy|326\/373|[from] item: Black Sludge
|-heal|p2a: Jirachi|404\/404|[from] item: Leftovers
|turn|27
|c| Dolfin Named Rolf|how do u beat cm reuniclus
|c| Dolfin Named Rolf|hehehe
|c|+SmashBrosBrawl|nplot
|c|+SmashBrosBrawl|celebi
|c|+SmashBrosBrawl|hehehe
|c| Dolfin Named Rolf|its nasty plot??\/
|c|âpokemonisfun|+6 252 SpA Pidgey Hurricane vs. 4 HP \/ 252 SpD Blissey: 217-256 (33.2 - 39.2%) -- 14% chance to 3HKO after Leftovers recovery
|c|âpokemonisfun|i am safe neways
|c|+SmashBrosBrawl|crt
|c|+SmashBrosBrawl|confuse
|c| Vaporeon for Ubers|is that really
|c| Dolfin Named Rolf|nice safe
|c| Vaporeon for Ubers|how little it does?
|c| Vaporeon for Ubers|oh
|c| Vaporeon for Ubers|pidgey
|
|switch|p1a: swimmy swim|Alomomola, F|471\/471 tox
|-damage|p1a: swimmy swim|413\/471 tox|[from] Stealth Rock
|move|p2a: Jirachi|Iron Head|p1a: swimmy swim
|-resisted|p1a: swimmy swim
|-damage|p1a: swimmy swim|375\/471 tox
|
|-heal|p1a: swimmy swim|404\/471 tox|[from] item: Leftovers
|-damage|p1a: swimmy swim|375\/471 tox|[from] psn
|turn|28
|c| Vaporeon for Ubers|good meme
|c| Dolfin Named Rolf|BIRD JESUS CRUST
|
|switch|p2a: Tentacruel|Tentacruel, F|300\/364
|-damage|p2a: Tentacruel|255\/364|[from] Stealth Rock
|move|p1a: swimmy swim|Wish|p1a: swimmy swim
|
|-heal|p2a: Tentacruel|277\/364|[from] item: Black Sludge
|-heal|p1a: swimmy swim|404\/471 tox|[from] item: Leftovers
|-damage|p1a: swimmy swim|346\/471 tox|[from] psn
|turn|29
|
|switch|p1a: bubblsy bubbles|Swampert-Mega, M|168\/404 tox
|-damage|p1a: bubblsy bubbles|143\/404 tox|[from] Stealth Rock
|move|p2a: Tentacruel|Rapid Spin|p1a: bubblsy bubbles
|-damage|p1a: bubblsy bubbles|133\/404 tox
|-sideend|p2: trevor ellis|Stealth Rock|[from] move: Rapid Spin|[of] p2a: Tentacruel
|
|-heal|p1a: bubblsy bubbles|368\/404 tox|[from] move: Wish|[wisher] swimmy swim
|-heal|p2a: Tentacruel|299\/364|[from] item: Black Sludge
|-damage|p1a: bubblsy bubbles|343\/404 tox|[from] psn
|turn|30
|
|switch|p2a: Hydreigon|Hydreigon, F|325\/325
|move|p1a: bubblsy bubbles|Rest|p1a: bubblsy bubbles
|-status|p1a: bubblsy bubbles|slp
|-heal|p1a: bubblsy bubbles|404\/404 slp|[silent]
|-status|p1a: bubblsy bubbles|slp|[from] move: Rest
|
|turn|31
|c|+SmashBrosBrawl|mf
|c|+SmashBrosBrawl|w
|
|switch|p1a: woofy woof woof|Granbull, F|384\/384
|-damage|p1a: woofy woof woof|336\/384|[from] Stealth Rock
|-ability|p1a: woofy woof woof|Intimidate|[of] p2a: Hydreigon
|-unboost|p2a: Hydreigon|atk|1
|move|p2a: Hydreigon|U-turn|p1a: woofy woof woof
|-resisted|p1a: woofy woof woof
|-damage|p1a: woofy woof woof|319\/384
|c|âpokemonisfun|!data work up
|c|~|\/data-move Work Up

|
|switch|p2a: Tentacruel|Tentacruel, F|299\/364
|
|-heal|p2a: Tentacruel|321\/364|[from] item: Black Sludge
|-heal|p1a: woofy woof woof|343\/384|[from] item: Leftovers
|turn|32
|c|âpokemonisfun|thats quite a bit of pp
|c| drreuniclus3|no pp stallling :(
|
|switch|p1a: bubblsy bubbles|Swampert-Mega, M|404\/404 slp
|-damage|p1a: bubblsy bubbles|379\/404 slp|[from] Stealth Rock
|move|p2a: Tentacruel|Acid Spray|p1a: bubblsy bubbles
|-crit|p1a: bubblsy bubbles
|-resisted|p1a: bubblsy bubbles
|-damage|p1a: bubblsy bubbles|357\/404 slp
|-unboost|p1a: bubblsy bubbles|spd|2
|
|-heal|p2a: Tentacruel|343\/364|[from] item: Black Sludge
|turn|33
|c|âtrevor ellis|risking
|
|switch|p1a: Mega Chansey|Blissey, F|656\/656
|-damage|p1a: Mega Chansey|574\/656|[from] Stealth Rock
|move|p2a: Tentacruel|Toxic Spikes|p1a: Mega Chansey
|-sidestart|p1: pokemonisfun|move: Toxic Spikes
|
|-heal|p2a: Tentacruel|364\/364|[from] item: Black Sludge
|-heal|p1a: Mega Chansey|615\/656|[from] item: Leftovers
|turn|34
|c| Fuouu|turn 34- one poke has died
|c|+SmashBrosBrawl|and thats why
|
|switch|p2a: Pidgeot|Pidgeot-Mega, M|206\/307 tox
|move|p1a: Mega Chansey|Seismic Toss|p2a: Pidgeot
|-damage|p2a: Pidgeot|106\/307 tox
|
|-heal|p1a: Mega Chansey|656\/656|[from] item: Leftovers
|-damage|p2a: Pidgeot|87\/307 tox|[from] psn
|turn|35
|c|+SmashBrosBrawl|we hate stall
|c|âpokemonisfun|i like stall
|
|switch|p2a: Jirachi|Jirachi|404\/404
|switch|p1a: batsy watzy|Crobat, M|326\/373
|-damage|p1a: batsy watzy|233\/373|[from] Stealth Rock
|
|-heal|p1a: batsy watzy|256\/373|[from] item: Black Sludge
|turn|36
|c|+SmashBrosBrawl|k
|
|move|p1a: batsy watzy|Defog|p2a: Jirachi
|-unboost|p2a: Jirachi|evasion|1
|-sideend|p1: pokemonisfun|Toxic Spikes|[from] move: Defog|[of] p1a: batsy watzy
|-sideend|p1: pokemonisfun|Stealth Rock|[from] move: Defog|[of] p1a: batsy watzy
|move|p2a: Jirachi|Fire Punch|p1a: batsy watzy
|-damage|p1a: batsy watzy|190\/373
|
|-heal|p1a: batsy watzy|213\/373|[from] item: Black Sludge
|turn|37
|c|âpokemonisfun|and u like me :)
|
|move|p1a: batsy watzy|Roost|p1a: batsy watzy
|-heal|p1a: batsy watzy|373\/373
|move|p2a: Jirachi|Iron Head|p1a: batsy watzy
|-damage|p1a: batsy watzy|265\/373
|
|-heal|p1a: batsy watzy|288\/373|[from] item: Black Sludge
|turn|38
|
|switch|p1a: onion fairy god|Celebi|347\/396
|move|p2a: Jirachi|Fire Punch|p1a: onion fairy god
|-supereffective|p1a: onion fairy god
|-damage|p1a: onion fairy god|257\/396
|-status|p1a: onion fairy god|brn
|
|-heal|p1a: onion fairy god|281\/396 brn|[from] item: Leftovers
|-damage|p1a: onion fairy god|232\/396 brn|[from] brn
|turn|39
|c| Vaporeon for Ubers|ah predicted
|
|switch|p2a: Pidgeot|Pidgeot-Mega, M|87\/307 tox
|switch|p1a: bubblsy bubbles|Swampert-Mega, M|357\/404 slp
|
|-damage|p2a: Pidgeot|68\/307 tox|[from] psn
|turn|40
|
|switch|p1a: batsy watzy|Crobat, M|288\/373
|move|p2a: Pidgeot|Refresh|p2a: Pidgeot
|-curestatus|p2a: Pidgeot|tox
|
|-heal|p1a: batsy watzy|311\/373|[from] item: Black Sludge
|turn|41
|
|switch|p2a: Jirachi|Jirachi|404\/404
|move|p1a: batsy watzy|Brave Bird|p2a: Jirachi
|-resisted|p2a: Jirachi
|-damage|p2a: Jirachi|345\/404
|-damage|p1a: batsy watzy|292\/373|[from] recoil|[of] p2a: Jirachi
|
|-heal|p1a: batsy watzy|315\/373|[from] item: Black Sludge
|-heal|p2a: Jirachi|370\/404|[from] item: Leftovers
|turn|42
|c|âtrevor ellis|i really dont understand why ppl use these teams
|c|âtrevor ellis|its kinda sad
|c| Vaporeon for Ubers|to top the ladder i s'pose
|c| Dolfin Named Rolf|lol dont hate on pif
|
|switch|p1a: bubblsy bubbles|Swampert-Mega, M|357\/404 slp
|move|p2a: Jirachi|Iron Head|p1a: bubblsy bubbles
|-resisted|p1a: bubblsy bubbles
|-damage|p1a: bubblsy bubbles|312\/404 slp
|
|-heal|p2a: Jirachi|395\/404|[from] item: Leftovers
|turn|43
|c|âpokemonisfun|my mother didnt love me
|c| Vaporeon for Ubers|damn
|join|eaglehwak
|
|switch|p2a: Hydreigon|Hydreigon, F|325\/325
|cant|p1a: bubblsy bubbles|slp
|move|p1a: bubblsy bubbles|Sleep Talk|p1a: bubblsy bubbles
|move|p1a: bubblsy bubbles|Scald|p2a: Hydreigon|[from]Sleep Talk
|-resisted|p2a: Hydreigon
|-damage|p2a: Hydreigon|277\/325
|
|turn|44
|c| eaglehwak|Pokemonisfun
|c| Vaporeon for Ubers|thats rough
|c| eaglehwak|What do you want to be when you grow up?
|
|switch|p1a: Mega Chansey|Blissey, F|656\/656
|move|p2a: Hydreigon|U-turn|p1a: Mega Chansey
|-damage|p1a: Mega Chansey|546\/656
|c| amg|lolwut
|c| Vaporeon for Ubers|a pokemon champion of course
|
|switch|p2a: Pidgeot|Pidgeot-Mega, M|68\/307
|
|-heal|p1a: Mega Chansey|587\/656|[from] item: Leftovers
|turn|45
|c|âpokemonisfun|will settle for gym leader
|
|move|p2a: Pidgeot|Roost|p2a: Pidgeot
|-heal|p2a: Pidgeot|222\/307
|move|p1a: Mega Chansey|Toxic|p2a: Pidgeot
|-status|p2a: Pidgeot|tox
|
|-heal|p1a: Mega Chansey|628\/656|[from] item: Leftovers
|-damage|p2a: Pidgeot|203\/307 tox|[from] psn
|turn|46
|
|move|p2a: Pidgeot|Refresh|p2a: Pidgeot
|-curestatus|p2a: Pidgeot|tox
|move|p1a: Mega Chansey|Seismic Toss|p2a: Pidgeot
|-damage|p2a: Pidgeot|103\/307
|
|-heal|p1a: Mega Chansey|656\/656|[from] item: Leftovers
|turn|47
|
|move|p2a: Pidgeot|Roost|p2a: Pidgeot
|-heal|p2a: Pidgeot|257\/307
|move|p1a: Mega Chansey|Toxic|p2a: Pidgeot
|-status|p2a: Pidgeot|tox
|
|-damage|p2a: Pidgeot|238\/307 tox|[from] psn
|turn|48
|c|+SmashBrosBrawl|!learn pidgeot, taunt
|raw|<div class="infobox">Pidgeot <span class="message-learn-cannotlearn">can't<\/span> learn Taunt<\/div>
|
|move|p2a: Pidgeot|Refresh|p2a: Pidgeot
|-curestatus|p2a: Pidgeot|tox
|move|p1a: Mega Chansey|Seismic Toss|p2a: Pidgeot
|-damage|p2a: Pidgeot|138\/307
|
|turn|49
|c|+SmashBrosBrawl|fuk
|c|âpokemonisfun|!learn pidgeot, double edge
|raw|<div class="infobox">Pidgeot <span class="message-learn-canlearn">can<\/span> learn Double-Edge only when obtained from:<ul class="message-learn-list"><li>any generation before 4<\/ul><\/div>
|c|âpokemonisfun|o
|
|switch|p1a: batsy watzy|Crobat, M|315\/373
|move|p2a: Pidgeot|Roost|p2a: Pidgeot
|-heal|p2a: Pidgeot|292\/307
|
|-heal|p1a: batsy watzy|338\/373|[from] item: Black Sludge
|turn|50
|
|move|p1a: batsy watzy|Brave Bird|p2a: Pidgeot
|-damage|p2a: Pidgeot|145\/307
|-damage|p1a: batsy watzy|289\/373|[from] recoil|[of] p2a: Pidgeot
|move|p2a: Pidgeot|Hurricane|p1a: batsy watzy
|-damage|p1a: batsy watzy|55\/373
|
|-heal|p1a: batsy watzy|78\/373|[from] item: Black Sludge
|turn|51
|
|switch|p2a: Hydreigon|Hydreigon, F|277\/325
|move|p1a: batsy watzy|Roost|p1a: batsy watzy
|-heal|p1a: batsy watzy|265\/373
|
|-heal|p1a: batsy watzy|288\/373|[from] item: Black Sludge
|turn|52
|
|switch|p1a: woofy woof woof|Granbull, F|343\/384
|-ability|p1a: woofy woof woof|Intimidate|[of] p2a: Hydreigon
|-unboost|p2a: Hydreigon|atk|1
|move|p2a: Hydreigon|U-turn|p1a: woofy woof woof
|-resisted|p1a: woofy woof woof
|-damage|p1a: woofy woof woof|326\/384
|
|switch|p2a: Jirachi|Jirachi|395\/404
|
|-heal|p2a: Jirachi|404\/404|[from] item: Leftovers
|-heal|p1a: woofy woof woof|350\/384|[from] item: Leftovers
|turn|53
|
|switch|p1a: onion fairy god|Celebi|232\/396
|move|p2a: Jirachi|Substitute|p2a: Jirachi
|-start|p2a: Jirachi|Substitute
|-damage|p2a: Jirachi|303\/404
|
|-heal|p2a: Jirachi|328\/404|[from] item: Leftovers
|-heal|p1a: onion fairy god|256\/396|[from] item: Leftovers
|turn|54
|
|switch|p2a: Pidgeot|Pidgeot-Mega, M|145\/307
|move|p1a: onion fairy god|Stealth Rock|p2a: Pidgeot
|-sidestart|p2: trevor ellis|move: Stealth Rock
|
|-heal|p1a: onion fairy god|280\/396|[from] item: Leftovers
|turn|55
|
|switch|p1a: Mega Chansey|Blissey, F|656\/656
|move|p2a: Pidgeot|Roost|p2a: Pidgeot
|-heal|p2a: Pidgeot|299\/307
|
|turn|56
|
|move|p2a: Pidgeot|Work Up|p2a: Pidgeot
|-boost|p2a: Pidgeot|atk|1
|-boost|p2a: Pidgeot|spa|1
|move|p1a: Mega Chansey|Toxic|p2a: Pidgeot
|-status|p2a: Pidgeot|tox
|
|-damage|p2a: Pidgeot|280\/307 tox|[from] psn
|turn|57
|
|move|p2a: Pidgeot|Refresh|p2a: Pidgeot
|-curestatus|p2a: Pidgeot|tox
|move|p1a: Mega Chansey|Seismic Toss|p2a: Pidgeot
|-damage|p2a: Pidgeot|180\/307
|
|turn|58
|
|move|p2a: Pidgeot|Roost|p2a: Pidgeot
|-heal|p2a: Pidgeot|307\/307
|move|p1a: Mega Chansey|Seismic Toss|p2a: Pidgeot
|-damage|p2a: Pidgeot|207\/307
|
|turn|59
|
|switch|p2a: Jirachi|Jirachi|328\/404
|-damage|p2a: Jirachi|303\/404|[from] Stealth Rock
|move|p1a: Mega Chansey|Seismic Toss|p2a: Jirachi
|-damage|p2a: Jirachi|203\/404
|
|-heal|p2a: Jirachi|228\/404|[from] item: Leftovers
|turn|60
|
|switch|p1a: bubblsy bubbles|Swampert-Mega, M|312\/404 slp
|move|p2a: Jirachi|Toxic|p1a: bubblsy bubbles
|-fail|p1a: bubblsy bubbles
|
|-heal|p2a: Jirachi|253\/404|[from] item: Leftovers
|turn|61
|
|switch|p2a: Swampert|Swampert, M|378\/403 tox
|-damage|p2a: Swampert|353\/403 tox|[from] Stealth Rock
|cant|p1a: bubblsy bubbles|slp
|move|p1a: bubblsy bubbles|Sleep Talk|p1a: bubblsy bubbles
|move|p1a: bubblsy bubbles|Rest|p1a: bubblsy bubbles|[from]Sleep Talk
|-fail|p1a: bubblsy bubbles
|
|-heal|p2a: Swampert|378\/403 tox|[from] item: Leftovers
|-damage|p2a: Swampert|353\/403 tox|[from] psn
|turn|62
|
|-curestatus|p1a: bubblsy bubbles|slp
|move|p1a: bubblsy bubbles|Earthquake|p2a: Swampert
|-damage|p2a: Swampert|223\/403 tox
|move|p2a: Swampert|Stealth Rock|p1a: bubblsy bubbles
|-sidestart|p1: pokemonisfun|move: Stealth Rock
|
|-heal|p2a: Swampert|248\/403 tox|[from] item: Leftovers
|-damage|p2a: Swampert|198\/403 tox|[from] psn
|turn|63
|
|move|p1a: bubblsy bubbles|Scald|p2a: Swampert
|-damage|p2a: Swampert|92\/403 tox
|move|p2a: Swampert|Roar|p1a: bubblsy bubbles
|drag|p1a: batsy watzy|Crobat, M|288\/373
|-damage|p1a: batsy watzy|195\/373|[from] Stealth Rock
|
|-heal|p1a: batsy watzy|218\/373|[from] item: Black Sludge
|-heal|p2a: Swampert|117\/403 tox|[from] item: Leftovers
|-damage|p2a: Swampert|42\/403 tox|[from] psn
|turn|64
|join|Sam Brazer
|
|move|p1a: batsy watzy|Brave Bird|p2a: Swampert
|-damage|p2a: Swampert|0 fnt
|-damage|p1a: batsy watzy|204\/373|[from] recoil|[of] p2a: Swampert
|faint|p2a: Swampert
|
|-heal|p1a: batsy watzy|227\/373|[from] item: Black Sludge
|
|switch|p2a: Hydreigon|Hydreigon, F|277\/325
|-damage|p2a: Hydreigon|237\/325|[from] Stealth Rock
|turn|65
|
|switch|p1a: woofy woof woof|Granbull, F|350\/384
|-damage|p1a: woofy woof woof|302\/384|[from] Stealth Rock
|-ability|p1a: woofy woof woof|Intimidate|[of] p2a: Hydreigon
|-unboost|p2a: Hydreigon|atk|1
|move|p2a: Hydreigon|Draco Meteor|p1a: woofy woof woof
|-immune|p1a: woofy woof woof|[msg]
|
|-heal|p1a: woofy woof woof|326\/384|[from] item: Leftovers
|turn|66
|
|switch|p2a: Tentacruel|Tentacruel, F|364\/364
|-damage|p2a: Tentacruel|319\/364|[from] Stealth Rock
|move|p1a: woofy woof woof|Roar|p2a: Tentacruel
|drag|p2a: Jirachi|Jirachi|253\/404
|-damage|p2a: Jirachi|228\/404|[from] Stealth Rock
|
|-heal|p2a: Jirachi|253\/404|[from] item: Leftovers
|-heal|p1a: woofy woof woof|350\/384|[from] item: Leftovers
|turn|67
|
|switch|p2a: Hydreigon|Hydreigon, F|237\/325
|-damage|p2a: Hydreigon|197\/325|[from] Stealth Rock
|switch|p1a: bubblsy bubbles|Swampert-Mega, M|312\/404
|-damage|p1a: bubblsy bubbles|287\/404|[from] Stealth Rock
|
|turn|68
|
|move|p2a: Hydreigon|Dark Pulse|p1a: bubblsy bubbles
|-damage|p1a: bubblsy bubbles|188\/404
|cant|p1a: bubblsy bubbles|flinch
|
|turn|69
|leave|Sam Brazer
|
|switch|p2a: Tentacruel|Tentacruel, F|319\/364
|-damage|p2a: Tentacruel|274\/364|[from] Stealth Rock
|move|p1a: bubblsy bubbles|Rest|p1a: bubblsy bubbles
|-status|p1a: bubblsy bubbles|slp
|-heal|p1a: bubblsy bubbles|404\/404 slp|[silent]
|-status|p1a: bubblsy bubbles|slp|[from] move: Rest
|
|-heal|p2a: Tentacruel|296\/364|[from] item: Black Sludge
|turn|70
|c|âtrevor ellis|fckin obnoxious
|
|move|p2a: Tentacruel|Scald|p1a: bubblsy bubbles
|-damage|p1a: bubblsy bubbles|353\/404 slp
|cant|p1a: bubblsy bubbles|slp
|move|p1a: bubblsy bubbles|Sleep Talk|p1a: bubblsy bubbles
|move|p1a: bubblsy bubbles|Scald|p2a: Tentacruel|[from]Sleep Talk
|-resisted|p2a: Tentacruel
|-damage|p2a: Tentacruel|258\/364
|-status|p2a: Tentacruel|brn
|
|-heal|p2a: Tentacruel|280\/364 brn|[from] item: Black Sludge
|-damage|p2a: Tentacruel|235\/364 brn|[from] brn
|turn|71
|
|move|p2a: Tentacruel|Toxic Spikes|p1a: bubblsy bubbles
|-sidestart|p1: pokemonisfun|move: Toxic Spikes
|cant|p1a: bubblsy bubbles|slp
|move|p1a: bubblsy bubbles|Sleep Talk|p1a: bubblsy bubbles
|move|p1a: bubblsy bubbles|Earthquake|p2a: Tentacruel|[from]Sleep Talk
|-supereffective|p2a: Tentacruel
|-damage|p2a: Tentacruel|0 fnt
|faint|p2a: Tentacruel
|
|c|âtrevor ellis|zzz
|
|switch|p2a: Hydreigon|Hydreigon, F|197\/325
|-damage|p2a: Hydreigon|157\/325|[from] Stealth Rock
|turn|72
|-message|trevor ellis forfeited.
|leave|trevor ellis
|leave|SmashBrosBrawl
|
|win|pokemonisfun
|raw|Ladder updating...
|player|p2
|raw|pokemonisfun's rating: 1754 &rarr; <strong>1766<\/strong><br \/>(+12 for winning)
|raw|trevor ellis's rating: 1620 &rarr; <strong>1607<\/strong><br \/>(-13 for losing)