|join|trevor ellis
|join|Acemanassasin
|player|p1|trevor ellis|59
|player|p2|Acemanassasin|120
|gametype|singles
|gen|6
|tier|UU
|rated
|rule|Sleep Clause Mod: Limit one foe put to sleep
|rule|Species Clause: Limit one of each PokÃ©mon
|rule|OHKO Clause: OHKO moves are banned
|rule|Moody Clause: Moody is banned
|rule|Evasion Moves Clause: Evasion moves are banned
|rule|Endless Battle Clause: Forcing endless battles is banned
|rule|HP Percentage Mod: HP is shown in percentages
|clearpoke
|poke|p1|Swampert, M
|poke|p1|Doublade, M
|poke|p1|Crobat, M
|poke|p1|Celebi
|poke|p1|Machamp, F
|poke|p1|Hydreigon, F
|poke|p2|Whimsicott, F
|poke|p2|Jirachi
|poke|p2|Tentacruel, F
|poke|p2|Machamp, F
|poke|p2|Sharpedo, F
|poke|p2|Hippowdon, M
|rule|Swagger Clause: Swagger is banned
|rule|Baton Pass Clause: Limit one PokÃ©mon knowing Baton Pass
|teampreview
|
|start
|switch|p1a: Machamp|Machamp, F|335\/335
|switch|p2a: Jirachi|Jirachi|342\/342
|turn|1
|
|move|p2a: Jirachi|Zen Headbutt|p1a: Machamp|[miss]
|-miss|p2a: Jirachi|p1a: Machamp
|move|p1a: Machamp|Knock Off|p2a: Jirachi
|-supereffective|p2a: Jirachi
|-damage|p2a: Jirachi|106\/342
|-enditem|p2a: Jirachi|Choice Scarf|[from] move: Knock Off|[of] p1a: Machamp
|
|turn|2
|c|âAcemanassasin|bad start
|
|switch|p1a: Doublade|Doublade, M|321\/321
|move|p2a: Jirachi|Zen Headbutt|p1a: Doublade
|-resisted|p1a: Doublade
|-damage|p1a: Doublade|295\/321
|
|turn|3
|
|switch|p2a: Hippowdon|Hippowdon, M|420\/420
|-weather|Sandstorm
|switch|p1a: Celebi|Celebi|404\/404
|
|-weather|Sandstorm|[upkeep]
|-damage|p1a: Celebi|379\/404|[from] sandstorm
|-heal|p1a: Celebi|404\/404|[from] item: Leftovers
|turn|4
|
|switch|p2a: Whimsicott|Whimsicott, F|280\/280
|move|p1a: Celebi|Stealth Rock|p2a: Whimsicott
|-sidestart|p2: Acemanassasin|move: Stealth Rock
|
|-weather|Sandstorm|[upkeep]
|-damage|p2a: Whimsicott|263\/280|[from] sandstorm
|-damage|p1a: Celebi|379\/404|[from] sandstorm
|-heal|p2a: Whimsicott|280\/280|[from] item: Leftovers
|-heal|p1a: Celebi|404\/404|[from] item: Leftovers
|turn|5
|
|switch|p1a: Crobat|Crobat, M|359\/359
|move|p2a: Whimsicott|U-turn|p1a: Crobat
|-resisted|p1a: Crobat
|-damage|p1a: Crobat|349\/359
|
|switch|p2a: Tentacruel|Tentacruel, F|364\/364
|-damage|p2a: Tentacruel|319\/364|[from] Stealth Rock
|
|-weather|Sandstorm|[upkeep]
|-damage|p1a: Crobat|327\/359|[from] sandstorm
|-damage|p2a: Tentacruel|297\/364|[from] sandstorm
|-heal|p1a: Crobat|349\/359|[from] item: Black Sludge
|-heal|p2a: Tentacruel|319\/364|[from] item: Black Sludge
|turn|6
|
|move|p1a: Crobat|Brave Bird|p2a: Tentacruel
|-damage|p2a: Tentacruel|175\/364
|-damage|p1a: Crobat|301\/359|[from] recoil|[of] p2a: Tentacruel
|move|p2a: Tentacruel|Scald|p1a: Crobat
|-damage|p1a: Crobat|213\/359
|-status|p1a: Crobat|brn
|
|-weather|Sandstorm|[upkeep]
|-damage|p1a: Crobat|191\/359 brn|[from] sandstorm
|-damage|p2a: Tentacruel|153\/364|[from] sandstorm
|-heal|p1a: Crobat|213\/359 brn|[from] item: Black Sludge
|-heal|p2a: Tentacruel|175\/364|[from] item: Black Sludge
|-damage|p1a: Crobat|169\/359 brn|[from] brn
|turn|7
|
|move|p1a: Crobat|U-turn|p2a: Tentacruel
|-resisted|p2a: Tentacruel
|-damage|p2a: Tentacruel|159\/364
|
|switch|p1a: Swampert|Swampert, M|341\/341
|move|p2a: Tentacruel|Rapid Spin|p1a: Swampert
|-damage|p1a: Swampert|328\/341
|-sideend|p2: Acemanassasin|Stealth Rock|[from] move: Rapid Spin|[of] p2a: Tentacruel
|
|-weather|none
|-heal|p2a: Tentacruel|181\/364|[from] item: Black Sludge
|turn|8
|
|detailschange|p1a: Swampert|Swampert-Mega, M
|-mega|p1a: Swampert|Swampert|Swampertite
|move|p2a: Tentacruel|Scald|p1a: Swampert
|-damage|p1a: Swampert|255\/341
|-status|p1a: Swampert|brn
|move|p1a: Swampert|Earthquake|p2a: Tentacruel
|-supereffective|p2a: Tentacruel
|-damage|p2a: Tentacruel|0 fnt
|faint|p2a: Tentacruel
|
|-damage|p1a: Swampert|213\/341 brn|[from] brn
|c|âAcemanassasin|you would risk a burn?
|
|switch|p2a: Hippowdon|Hippowdon, M|420\/420
|-weather|Sandstorm
|turn|9
|c|âAcemanassasin|lag dang i pressed cancel
|
|move|p1a: Swampert|Rest|p1a: Swampert
|-status|p1a: Swampert|slp
|-heal|p1a: Swampert|341\/341 slp|[silent]
|-status|p1a: Swampert|slp|[from] move: Rest
|move|p2a: Hippowdon|Stealth Rock|p1a: Swampert
|-sidestart|p1: trevor ellis|move: Stealth Rock
|
|-weather|Sandstorm|[upkeep]
|turn|10
|c|âAcemanassasin|oooo
|c|âAcemanassasin|i see
|
|switch|p2a: Whimsicott|Whimsicott, F|280\/280
|cant|p1a: Swampert|slp
|move|p1a: Swampert|Sleep Talk|p1a: Swampert
|move|p1a: Swampert|Rest|p1a: Swampert|[from]Sleep Talk
|-fail|p1a: Swampert
|
|-weather|Sandstorm|[upkeep]
|-damage|p2a: Whimsicott|263\/280|[from] sandstorm
|-heal|p2a: Whimsicott|280\/280|[from] item: Leftovers
|turn|11
|
|switch|p1a: Crobat|Crobat, M|169\/359 brn
|-damage|p1a: Crobat|80\/359 brn|[from] Stealth Rock
|move|p2a: Whimsicott|Giga Drain|p1a: Crobat
|-resisted|p1a: Crobat
|-damage|p1a: Crobat|51\/359 brn
|
|-weather|Sandstorm|[upkeep]
|-damage|p1a: Crobat|29\/359 brn|[from] sandstorm
|-damage|p2a: Whimsicott|263\/280|[from] sandstorm
|-heal|p1a: Crobat|51\/359 brn|[from] item: Black Sludge
|-heal|p2a: Whimsicott|280\/280|[from] item: Leftovers
|-damage|p1a: Crobat|7\/359 brn|[from] brn
|turn|12
|
|move|p1a: Crobat|Defog|p2a: Whimsicott
|-unboost|p2a: Whimsicott|evasion|1
|-sideend|p1: trevor ellis|Stealth Rock|[from] move: Defog|[of] p1a: Crobat
|move|p2a: Whimsicott|U-turn|p1a: Crobat
|-resisted|p1a: Crobat
|-damage|p1a: Crobat|0 fnt
|faint|p1a: Crobat
|
|switch|p2a: Machamp|Machamp, F|343\/343
|
|-weather|Sandstorm|[upkeep]
|-damage|p2a: Machamp|322\/343|[from] sandstorm
|
|switch|p1a: Doublade|Doublade, M|295\/321
|turn|13
|
|move|p2a: Machamp|Knock Off|p1a: Doublade
|-supereffective|p1a: Doublade
|-damage|p1a: Doublade|173\/321
|-enditem|p1a: Doublade|Eviolite|[from] move: Knock Off|[of] p2a: Machamp
|move|p1a: Doublade|Iron Head|p2a: Machamp
|-damage|p2a: Machamp|159\/343
|
|-weather|none
|turn|14
|
|switch|p2a: Hippowdon|Hippowdon, M|420\/420
|-weather|Sandstorm
|move|p1a: Doublade|Iron Head|p2a: Hippowdon
|-damage|p2a: Hippowdon|312\/420
|
|-weather|Sandstorm|[upkeep]
|-heal|p2a: Hippowdon|338\/420|[from] item: Leftovers
|turn|15
|
|switch|p1a: Celebi|Celebi|404\/404
|move|p2a: Hippowdon|Stealth Rock|p1a: Celebi
|-sidestart|p1: trevor ellis|move: Stealth Rock
|
|-weather|Sandstorm|[upkeep]
|-damage|p1a: Celebi|379\/404|[from] sandstorm
|-heal|p1a: Celebi|404\/404|[from] item: Leftovers
|-heal|p2a: Hippowdon|364\/420|[from] item: Leftovers
|turn|16
|
|switch|p2a: Whimsicott|Whimsicott, F|280\/280
|move|p1a: Celebi|Stealth Rock|p2a: Whimsicott
|-sidestart|p2: Acemanassasin|move: Stealth Rock
|
|-weather|Sandstorm|[upkeep]
|-damage|p2a: Whimsicott|263\/280|[from] sandstorm
|-damage|p1a: Celebi|379\/404|[from] sandstorm
|-heal|p2a: Whimsicott|280\/280|[from] item: Leftovers
|-heal|p1a: Celebi|404\/404|[from] item: Leftovers
|turn|17
|
|move|p2a: Whimsicott|Encore|p1a: Celebi
|-start|p1a: Celebi|Encore
|move|p1a: Celebi|Stealth Rock|p2a: Whimsicott
|-fail|p2a: Whimsicott
|
|-weather|Sandstorm|[upkeep]
|-damage|p2a: Whimsicott|263\/280|[from] sandstorm
|-damage|p1a: Celebi|379\/404|[from] sandstorm
|-heal|p2a: Whimsicott|280\/280|[from] item: Leftovers
|-heal|p1a: Celebi|404\/404|[from] item: Leftovers
|turn|18
|
|move|p2a: Whimsicott|U-turn|p1a: Celebi
|-supereffective|p1a: Celebi
|-damage|p1a: Celebi|284\/404
|
|switch|p2a: Machamp|Machamp, F|159\/343
|-damage|p2a: Machamp|138\/343|[from] Stealth Rock
|move|p1a: Celebi|Stealth Rock|p2a: Machamp
|-fail|p2a: Machamp
|
|-weather|none
|-heal|p1a: Celebi|309\/404|[from] item: Leftovers
|turn|19
|
|switch|p1a: Machamp|Machamp, F|335\/335
|-damage|p1a: Machamp|315\/335|[from] Stealth Rock
|move|p2a: Machamp|Knock Off|p1a: Machamp
|-resisted|p1a: Machamp
|-damage|p1a: Machamp|245\/335
|-enditem|p1a: Machamp|Assault Vest|[from] move: Knock Off|[of] p2a: Machamp
|
|turn|20
|
|move|p1a: Machamp|Close Combat|p2a: Machamp
|-damage|p2a: Machamp|0 fnt
|-unboost|p1a: Machamp|def|1
|-unboost|p1a: Machamp|spd|1
|faint|p2a: Machamp
|
|
|switch|p2a: Whimsicott|Whimsicott, F|280\/280
|-damage|p2a: Whimsicott|245\/280|[from] Stealth Rock
|turn|21
|
|switch|p1a: Doublade|Doublade, M|173\/321
|-damage|p1a: Doublade|153\/321|[from] Stealth Rock
|move|p2a: Whimsicott|Moonblast|p1a: Doublade
|-resisted|p1a: Doublade
|-damage|p1a: Doublade|45\/321
|-unboost|p1a: Doublade|spa|1
|
|-heal|p2a: Whimsicott|262\/280|[from] item: Leftovers
|turn|22
|
|move|p1a: Doublade|Shadow Sneak|p2a: Whimsicott
|-damage|p2a: Whimsicott|186\/280
|move|p2a: Whimsicott|Moonblast|p1a: Doublade
|-resisted|p1a: Doublade
|-damage|p1a: Doublade|0 fnt
|faint|p1a: Doublade
|
|-heal|p2a: Whimsicott|203\/280|[from] item: Leftovers
|
|switch|p1a: Hydreigon|Hydreigon, F|325\/325
|-damage|p1a: Hydreigon|285\/325|[from] Stealth Rock
|turn|23
|leave|trevor ellis
|player|p1
|-message|trevorellis lost due to inactivity.
|
|win|Acemanassasin
|raw|Ladder updating...
|raw|trevor ellis's rating: 1634 &rarr; <strong>1601<\/strong><br \/>(-33 for losing)
|raw|Acemanassasin's rating: 1359 &rarr; <strong>1392<\/strong><br \/>(+33 for winning)