|join|littlelucario
|join|trevor ellis
|player|p1|littlelucario|99
|player|p2|trevor ellis|207
|gametype|singles
|gen|6
|tier|UU
|rule|Sleep Clause Mod: Limit one foe put to sleep
|rule|Species Clause: Limit one of each PokÃ©mon
|rule|OHKO Clause: OHKO moves are banned
|rule|Moody Clause: Moody is banned
|rule|Evasion Moves Clause: Evasion moves are banned
|rule|Endless Battle Clause: Forcing endless battles is banned
|rule|HP Percentage Mod: HP is shown in percentages
|clearpoke
|poke|p1|Kingdra, F
|poke|p1|Crobat, M
|poke|p1|Swampert, F
|poke|p1|Lucario, M
|poke|p1|Froslass, F
|poke|p1|Blastoise, F
|poke|p2|Swampert, F
|poke|p2|Haxorus, M
|poke|p2|Tornadus, M
|poke|p2|Jirachi
|poke|p2|Kingdra, F
|poke|p2|Accelgor, M
|rule|Swagger Clause: Swagger is banned
|rule|Baton Pass Clause: Limit one PokÃ©mon knowing Baton Pass
|teampreview
|join|Deltre
|join|Godsend
|c|âtrevor ellis|ct
|join|DrReunitickless
|c|âtrevor ellis|wow
|
|start
|switch|p1a: Swampert|Swampert, F|401\/401
|switch|p2a: Accelgor|Accelgor, M|363\/363
|turn|1
|join|futurefusion
|
|move|p2a: Accelgor|Spikes|p1a: Swampert
|-sidestart|p1: littlelucario|Spikes
|move|p1a: Swampert|Stealth Rock|p2a: Accelgor
|-sidestart|p2: trevor ellis|move: Stealth Rock
|
|turn|2
|
|move|p2a: Accelgor|Encore|p1a: Swampert
|-start|p1a: Swampert|Encore
|move|p1a: Swampert|Stealth Rock|p2a: Accelgor
|-fail|p2a: Accelgor
|
|turn|3
|
|switch|p1a: Crobat|Crobat, M|373\/373
|move|p2a: Accelgor|Spikes|p1a: Crobat
|-sidestart|p1: littlelucario|Spikes
|
|turn|4
|join|ElderVen
|
|move|p2a: Accelgor|Final Gambit|p1a: Crobat
|-damage|p1a: Crobat|10\/373
|faint|p2a: Accelgor
|move|p1a: Crobat|Brave Bird|p2: Accelgor|[notarget]
|-notarget
|
|-heal|p1a: Crobat|33\/373|[from] item: Black Sludge
|c|âlittlelucario|ouuuch
|
|switch|p2a: Jirachi|Jirachi|341\/341
|-damage|p2a: Jirachi|320\/341|[from] Stealth Rock
|turn|5
|
|move|p1a: Crobat|Roost|p1a: Crobat
|-heal|p1a: Crobat|220\/373
|move|p2a: Jirachi|Iron Head|p1a: Crobat
|-damage|p1a: Crobat|84\/373
|
|-heal|p1a: Crobat|107\/373|[from] item: Black Sludge
|turn|6
|
|move|p1a: Crobat|Roost|p1a: Crobat
|-heal|p1a: Crobat|294\/373
|move|p2a: Jirachi|U-turn|p1a: Crobat
|-resisted|p1a: Crobat
|-damage|p1a: Crobat|258\/373
|
|switch|p2a: Tornadus|Tornadus, M|299\/299
|-damage|p2a: Tornadus|225\/299|[from] Stealth Rock
|
|-heal|p1a: Crobat|281\/373|[from] item: Black Sludge
|turn|7
|
|move|p2a: Tornadus|Taunt|p1a: Crobat
|-start|p1a: Crobat|move: Taunt
|move|p1a: Crobat|Brave Bird|p2a: Tornadus
|-damage|p2a: Tornadus|45\/299
|-damage|p1a: Crobat|222\/373|[from] recoil|[of] p2a: Tornadus
|
|-heal|p1a: Crobat|245\/373|[from] item: Black Sludge
|turn|8
|
|switch|p2a: Jirachi|Jirachi|320\/341
|-damage|p2a: Jirachi|299\/341|[from] Stealth Rock
|move|p1a: Crobat|Brave Bird|p2a: Jirachi
|-resisted|p2a: Jirachi
|-damage|p2a: Jirachi|223\/341
|-damage|p1a: Crobat|220\/373|[from] recoil|[of] p2a: Jirachi
|
|-heal|p1a: Crobat|243\/373|[from] item: Black Sludge
|turn|9
|
|move|p1a: Crobat|Brave Bird|p2a: Jirachi
|-resisted|p2a: Jirachi
|-damage|p2a: Jirachi|140\/341
|-damage|p1a: Crobat|216\/373|[from] recoil|[of] p2a: Jirachi
|move|p2a: Jirachi|Stealth Rock|p1a: Crobat
|-sidestart|p1: littlelucario|move: Stealth Rock
|
|-heal|p1a: Crobat|239\/373|[from] item: Black Sludge
|-end|p1a: Crobat|move: Taunt
|turn|10
|leave|Deltre
|
|move|p1a: Crobat|Roost|p1a: Crobat
|-heal|p1a: Crobat|373\/373
|move|p2a: Jirachi|Iron Head|p1a: Crobat
|-damage|p1a: Crobat|249\/373
|
|-heal|p1a: Crobat|272\/373|[from] item: Black Sludge
|turn|11
|join|meowiekins
|
|move|p1a: Crobat|U-turn|p2a: Jirachi
|-damage|p2a: Jirachi|83\/341
|
|switch|p1a: Swampert|Swampert, F|401\/401
|-damage|p1a: Swampert|335\/401|[from] Spikes
|-damage|p1a: Swampert|310\/401|[from] Stealth Rock
|move|p2a: Jirachi|Iron Head|p1a: Swampert
|-resisted|p1a: Swampert
|-damage|p1a: Swampert|265\/401
|
|-heal|p1a: Swampert|290\/401|[from] item: Leftovers
|turn|12
|
|move|p2a: Jirachi|Grass Knot|p1a: Swampert
|-supereffective|p1a: Swampert
|-damage|p1a: Swampert|0 fnt
|faint|p1a: Swampert
|
|c|âlittlelucario|oh
|c|âlittlelucario|i see
|
|switch|p1a: Blastoise|Blastoise, F|358\/358
|-damage|p1a: Blastoise|299\/358|[from] Spikes
|-damage|p1a: Blastoise|255\/358|[from] Stealth Rock
|turn|13
|
|detailschange|p1a: Blastoise|Blastoise-Mega, F
|-mega|p1a: Blastoise|Blastoise|Blastoisinite
|move|p2a: Jirachi|Iron Head|p1a: Blastoise
|-resisted|p1a: Blastoise
|-damage|p1a: Blastoise|206\/358
|move|p1a: Blastoise|Rapid Spin|p2a: Jirachi
|-resisted|p2a: Jirachi
|-damage|p2a: Jirachi|75\/341
|-sideend|p1: littlelucario|Spikes|[from] move: Rapid Spin|[of] p1a: Blastoise
|-sideend|p1: littlelucario|Stealth Rock|[from] move: Rapid Spin|[of] p1a: Blastoise
|
|turn|14
|c|âtrevor ellis|cool
|c|âlittlelucario|nice and yummy
|
|move|p2a: Jirachi|Stealth Rock|p1a: Blastoise
|-sidestart|p1: littlelucario|move: Stealth Rock
|move|p1a: Blastoise|Dark Pulse|p2a: Jirachi
|-crit|p2a: Jirachi
|-supereffective|p2a: Jirachi
|-damage|p2a: Jirachi|0 fnt
|faint|p2a: Jirachi
|
|
|switch|p2a: Kingdra|Kingdra, F|291\/291
|-damage|p2a: Kingdra|255\/291|[from] Stealth Rock
|turn|15
|c|âlittlelucario|now you can't reset rocks
|
|move|p2a: Kingdra|Draco Meteor|p1a: Blastoise
|-damage|p1a: Blastoise|0 fnt
|-unboost|p2a: Kingdra|spa|2
|faint|p1a: Blastoise
|
|c|âtrevor ellis|now you cant spin rocks?
|c|âlittlelucario|oh
|
|switch|p1a: Froslass|Froslass, F|281\/281
|-damage|p1a: Froslass|211\/281|[from] Stealth Rock
|turn|16
|c|âlittlelucario|uh
|c|âlittlelucario|this needs fixing
|
|move|p1a: Froslass|Taunt|p2a: Kingdra
|-start|p2a: Kingdra|move: Taunt
|move|p2a: Kingdra|Draco Meteor|p1a: Froslass
|-damage|p1a: Froslass|0 fnt
|-unboost|p2a: Kingdra|spa|2
|faint|p1a: Froslass
|
|
|switch|p1a: Kingdra|Kingdra, F|307\/307
|-damage|p1a: Kingdra|269\/307|[from] Stealth Rock
|turn|17
|c|âlittlelucario|wait
|
|move|p2a: Kingdra|Draco Meteor|p1a: Kingdra
|-supereffective|p1a: Kingdra
|-damage|p1a: Kingdra|57\/307
|-unboost|p2a: Kingdra|spa|2
|move|p1a: Kingdra|Agility|p1a: Kingdra
|-boost|p1a: Kingdra|spe|2
|
|turn|18
|c|âlittlelucario|SHIT
|
|move|p1a: Kingdra|Draco Meteor|p2a: Kingdra
|-crit|p2a: Kingdra
|-supereffective|p2a: Kingdra
|-damage|p2a: Kingdra|0 fnt
|-unboost|p1a: Kingdra|spa|2
|faint|p2a: Kingdra
|
|
|switch|p2a: Swampert|Swampert, F|341\/341
|-damage|p2a: Swampert|320\/341|[from] Stealth Rock
|turn|19
|c|âlittlelucario|too much damag
|c|âlittlelucario|e
|
|detailschange|p2a: Swampert|Swampert-Mega, F
|-mega|p2a: Swampert|Swampert|Swampertite
|move|p1a: Kingdra|Focus Energy|p1a: Kingdra
|-start|p1a: Kingdra|move: Focus Energy
|move|p2a: Swampert|Earthquake|p1a: Kingdra
|-damage|p1a: Kingdra|0 fnt
|faint|p1a: Kingdra
|
|
|switch|p1a: Crobat|Crobat, M|272\/373
|-damage|p1a: Crobat|179\/373|[from] Stealth Rock
|turn|20
|
|move|p1a: Crobat|Roost|p1a: Crobat
|-heal|p1a: Crobat|366\/373
|move|p2a: Swampert|Ice Punch|p1a: Crobat
|-damage|p1a: Crobat|244\/373
|
|-heal|p1a: Crobat|267\/373|[from] item: Black Sludge
|turn|21
|
|move|p1a: Crobat|Brave Bird|p2a: Swampert
|-damage|p2a: Swampert|190\/341
|-damage|p1a: Crobat|224\/373|[from] recoil|[of] p2a: Swampert
|move|p2a: Swampert|Ice Punch|p1a: Crobat
|-supereffective|p1a: Crobat
|-damage|p1a: Crobat|0 fnt
|faint|p1a: Crobat
|
|
|switch|p1a: Lucario|Lucario, M|281\/281
|-damage|p1a: Lucario|273\/281|[from] Stealth Rock
|turn|22
|c|âlittlelucario|GG
|
|move|p1a: Lucario|Close Combat|p2a: Swampert
|-damage|p2a: Swampert|0 fnt
|-unboost|p1a: Lucario|def|1
|-unboost|p1a: Lucario|spd|1
|-damage|p1a: Lucario|245\/281|[from] item: Life Orb
|faint|p2a: Swampert
|
|c|âtrevor ellis|gg
|
|switch|p2a: Haxorus|Haxorus, M|314\/314
|-damage|p2a: Haxorus|275\/314|[from] Stealth Rock
|-ability|p2a: Haxorus|Mold Breaker
|turn|23
|
|move|p1a: Lucario|Close Combat|p2a: Haxorus
|-damage|p2a: Haxorus|0 fnt
|-unboost|p1a: Lucario|def|1
|-unboost|p1a: Lucario|spd|1
|-damage|p1a: Lucario|217\/281|[from] item: Life Orb
|faint|p2a: Haxorus
|
|c|âlittlelucario|TOO MUCH LUCARIO
|c|âtrevor ellis|oh your jolly kek
|
|switch|p2a: Tornadus|Tornadus, M|45\/299
|-damage|p2a: Tornadus|0 fnt|[from] Stealth Rock
|faint|p2a: Tornadus
|
|win|littlelucario