|join|trevor ellis
|join|LMOA xD
|join|senegal
|join|ANGER MANAGEMENT
|player|p1|trevor ellis|207
|player|p2|LMOA xD|160
|gametype|singles
|gen|6
|tier|UU
|rule|Sleep Clause Mod: Limit one foe put to sleep
|rule|Species Clause: Limit one of each PokÃ©mon
|rule|OHKO Clause: OHKO moves are banned
|rule|Moody Clause: Moody is banned
|rule|Evasion Moves Clause: Evasion moves are banned
|rule|Endless Battle Clause: Forcing endless battles is banned
|rule|HP Percentage Mod: HP is shown in percentages
|clearpoke
|poke|p1|Donphan, M
|poke|p1|Diancie
|poke|p1|Celebi
|poke|p1|Yanmega, F
|poke|p1|Dragalge, F
|poke|p1|Hydreigon, M
|poke|p2|Froslass, F
|poke|p2|Diancie
|poke|p2|Lucario, F
|poke|p2|Spiritomb, F
|poke|p2|Swampert, M
|poke|p2|Jirachi
|rule|Swagger Clause: Swagger is banned
|rule|Baton Pass Clause: Limit one PokÃ©mon knowing Baton Pass
|teampreview
|join|Pijamas
|join|HYP3
|leave|Pijamas
|
|start
|switch|p1a: Diancie|Diancie|269\/269
|switch|p2a: Swampert|Swampert, M|404\/404
|turn|1
|join|Kurow Hayabusa
|
|switch|p1a: Yanmega|Yanmega, F|313\/313
|move|p2a: Swampert|Earthquake|p1a: Yanmega
|-immune|p1a: Yanmega|[msg]
|
|turn|2
|
|switch|p2a: Spiritomb|Spiritomb, F|296\/296
|move|p1a: Yanmega|Giga Drain|p2a: Spiritomb
|-damage|p2a: Spiritomb|191\/296
|-damage|p1a: Yanmega|282\/313|[from] item: Life Orb
|
|-boost|p1a: Yanmega|spe|1|[from] ability: Speed Boost
|turn|3
|join|thymethyme
|
|move|p2a: Spiritomb|Pursuit|p1a: Yanmega|[from]Pursuit
|-damage|p1a: Yanmega|117\/313
|switch|p1a: Donphan|Donphan, M|384\/384
|
|turn|4
|
|move|p1a: Donphan|Stealth Rock|p2a: Spiritomb
|-sidestart|p2: LMOA xD|move: Stealth Rock
|move|p2a: Spiritomb|Will-O-Wisp|p1a: Donphan
|-status|p1a: Donphan|brn
|
|-damage|p1a: Donphan|336\/384 brn|[from] brn
|turn|5
|
|switch|p1a: Celebi|Celebi|404\/404
|switch|p2a: Swampert|Swampert, M|404\/404
|-damage|p2a: Swampert|379\/404|[from] Stealth Rock
|
|-heal|p2a: Swampert|404\/404|[from] item: Leftovers
|turn|6
|
|move|p1a: Celebi|Nasty Plot|p1a: Celebi
|-boost|p1a: Celebi|spa|2
|move|p2a: Swampert|Roar|p1a: Celebi
|drag|p1a: Donphan|Donphan, M|336\/384 brn
|
|-heal|p1a: Donphan|360\/384 brn|[from] item: Leftovers
|-damage|p1a: Donphan|312\/384 brn|[from] brn
|turn|7
|
|move|p2a: Swampert|Stealth Rock|p1a: Donphan
|-sidestart|p1: trevor ellis|move: Stealth Rock
|move|p1a: Donphan|Rapid Spin|p2a: Swampert
|-damage|p2a: Swampert|396\/404
|-sideend|p1: trevor ellis|Stealth Rock|[from] move: Rapid Spin|[of] p1a: Donphan
|
|-heal|p2a: Swampert|404\/404|[from] item: Leftovers
|-heal|p1a: Donphan|336\/384 brn|[from] item: Leftovers
|-damage|p1a: Donphan|288\/384 brn|[from] brn
|turn|8
|
|move|p2a: Swampert|Stealth Rock|p1a: Donphan
|-sidestart|p1: trevor ellis|move: Stealth Rock
|move|p1a: Donphan|Rapid Spin|p2a: Swampert
|-damage|p2a: Swampert|396\/404
|-sideend|p1: trevor ellis|Stealth Rock|[from] move: Rapid Spin|[of] p1a: Donphan
|
|-heal|p2a: Swampert|404\/404|[from] item: Leftovers
|-heal|p1a: Donphan|312\/384 brn|[from] item: Leftovers
|-damage|p1a: Donphan|264\/384 brn|[from] brn
|turn|9
|
|move|p2a: Swampert|Stealth Rock|p1a: Donphan
|-sidestart|p1: trevor ellis|move: Stealth Rock
|move|p1a: Donphan|Rapid Spin|p2a: Swampert
|-damage|p2a: Swampert|397\/404
|-sideend|p1: trevor ellis|Stealth Rock|[from] move: Rapid Spin|[of] p1a: Donphan
|
|-heal|p2a: Swampert|404\/404|[from] item: Leftovers
|-heal|p1a: Donphan|288\/384 brn|[from] item: Leftovers
|-damage|p1a: Donphan|240\/384 brn|[from] brn
|turn|10
|
|move|p2a: Swampert|Scald|p1a: Donphan
|-supereffective|p1a: Donphan
|-damage|p1a: Donphan|10\/384 brn
|move|p1a: Donphan|Rapid Spin|p2a: Swampert
|-damage|p2a: Swampert|396\/404
|
|-heal|p2a: Swampert|404\/404|[from] item: Leftovers
|-heal|p1a: Donphan|34\/384 brn|[from] item: Leftovers
|-damage|p1a: Donphan|0 fnt|[from] brn
|faint|p1a: Donphan
|
|switch|p1a: Celebi|Celebi|404\/404
|turn|11
|
|move|p1a: Celebi|Giga Drain|p2a: Swampert
|-supereffective|p2a: Swampert
|-damage|p2a: Swampert|44\/404
|move|p2a: Swampert|Roar|p1a: Celebi
|drag|p1a: Diancie|Diancie|269\/269
|
|-heal|p2a: Swampert|69\/404|[from] item: Leftovers
|turn|12
|
|switch|p1a: Celebi|Celebi|404\/404
|move|p2a: Swampert|Earthquake|p1a: Celebi
|-resisted|p1a: Celebi
|-damage|p1a: Celebi|358\/404
|
|-heal|p2a: Swampert|94\/404|[from] item: Leftovers
|turn|13
|
|switch|p2a: Froslass|Froslass, F|343\/343
|-damage|p2a: Froslass|258\/343|[from] Stealth Rock
|move|p1a: Celebi|Giga Drain|p2a: Froslass
|-damage|p2a: Froslass|140\/343
|-heal|p1a: Celebi|404\/404|[from] drain|[of] p2a: Froslass
|
|turn|14
|leave|ANGER MANAGEMENT
|
|move|p2a: Froslass|Taunt|p1a: Celebi
|-start|p1a: Celebi|move: Taunt
|cant|p1a: Celebi|move: Taunt|Baton Pass
|
|turn|15
|
|switch|p2a: Jirachi|Jirachi|341\/341
|-damage|p2a: Jirachi|320\/341|[from] Stealth Rock
|switch|p1a: Yanmega|Yanmega, F|117\/313
|
|turn|16
|
|move|p1a: Yanmega|Protect|p1a: Yanmega
|-singleturn|p1a: Yanmega|Protect
|move|p2a: Jirachi|Iron Head|p1a: Yanmega
|-activate|p1a: Yanmega|Protect
|
|-boost|p1a: Yanmega|spe|1|[from] ability: Speed Boost
|turn|17
|
|switch|p1a: Dragalge|Dragalge, F|334\/334
|move|p2a: Jirachi|Iron Head|p1a: Dragalge
|-crit|p1a: Dragalge
|-damage|p1a: Dragalge|202\/334
|
|-heal|p1a: Dragalge|222\/334|[from] item: Black Sludge
|turn|18
|leave|Kurow Hayabusa
|join|Pijamas
|
|switch|p2a: Swampert|Swampert, M|94\/404
|-damage|p2a: Swampert|69\/404|[from] Stealth Rock
|move|p1a: Dragalge|Toxic Spikes|p2a: Swampert
|-sidestart|p2: LMOA xD|move: Toxic Spikes
|
|-heal|p2a: Swampert|94\/404|[from] item: Leftovers
|-heal|p1a: Dragalge|242\/334|[from] item: Black Sludge
|turn|19
|c|âtrevor ellis|u there
|c|âLMOA xD|ya
|c|âLMOA xD|i clicked a move
|
|switch|p1a: Yanmega|Yanmega, F|117\/313
|move|p2a: Swampert|Stealth Rock|p1a: Yanmega
|-sidestart|p1: trevor ellis|move: Stealth Rock
|
|-heal|p2a: Swampert|119\/404|[from] item: Leftovers
|turn|20
|c|âLMOA xD|like a minute ago
|join|895129n
|
|move|p1a: Yanmega|Giga Drain|p2a: Swampert
|-supereffective|p2a: Swampert
|-damage|p2a: Swampert|0 fnt
|-heal|p1a: Yanmega|177\/313|[from] drain|[of] p2a: Swampert
|-damage|p1a: Yanmega|146\/313|[from] item: Life Orb
|faint|p2a: Swampert
|
|-boost|p1a: Yanmega|spe|1|[from] ability: Speed Boost
|
|switch|p2a: Spiritomb|Spiritomb, F|191\/296
|-status|p2a: Spiritomb|psn
|-damage|p2a: Spiritomb|154\/296 psn|[from] Stealth Rock
|turn|21
|
|move|p1a: Yanmega|Protect|p1a: Yanmega
|-singleturn|p1a: Yanmega|Protect
|move|p2a: Spiritomb|Sucker Punch|p1a: Yanmega
|-fail|p1a: Yanmega
|
|-damage|p2a: Spiritomb|117\/296 psn|[from] psn
|-boost|p1a: Yanmega|spe|1|[from] ability: Speed Boost
|turn|22
|
|move|p1a: Yanmega|Protect|p1a: Yanmega
|-fail|p1a: Yanmega
|move|p2a: Spiritomb|Sucker Punch|p1a: Yanmega
|-fail|p1a: Yanmega
|
|-damage|p2a: Spiritomb|80\/296 psn|[from] psn
|-boost|p1a: Yanmega|spe|1|[from] ability: Speed Boost
|turn|23
|
|move|p1a: Yanmega|Protect|p1a: Yanmega
|-singleturn|p1a: Yanmega|Protect
|move|p2a: Spiritomb|Pursuit|p1a: Yanmega
|-activate|p1a: Yanmega|Protect
|
|-damage|p2a: Spiritomb|43\/296 psn|[from] psn
|-boost|p1a: Yanmega|spe|1|[from] ability: Speed Boost
|turn|24
|
|move|p1a: Yanmega|Protect|p1a: Yanmega
|-singleturn|p1a: Yanmega|Protect
|move|p2a: Spiritomb|Pursuit|p1a: Yanmega
|-activate|p1a: Yanmega|Protect
|
|-damage|p2a: Spiritomb|6\/296 psn|[from] psn
|-boost|p1a: Yanmega|spe|1|[from] ability: Speed Boost
|turn|25
|
|move|p2a: Spiritomb|Sucker Punch|p1a: Yanmega
|-damage|p1a: Yanmega|0 fnt
|faint|p1a: Yanmega
|
|-damage|p2a: Spiritomb|0 fnt|[from] psn
|faint|p2a: Spiritomb
|
|switch|p2a: Jirachi|Jirachi|320\/341
|switch|p1a: Hydreigon|Hydreigon, M|325\/325
|-damage|p2a: Jirachi|299\/341|[from] Stealth Rock
|-damage|p1a: Hydreigon|285\/325|[from] Stealth Rock
|turn|26
|
|move|p2a: Jirachi|U-turn|p1a: Hydreigon
|-supereffective|p1a: Hydreigon
|-damage|p1a: Hydreigon|129\/325
|
|switch|p2a: Froslass|Froslass, F|140\/343
|-status|p2a: Froslass|psn
|-damage|p2a: Froslass|55\/343 psn|[from] Stealth Rock
|move|p1a: Hydreigon|Dark Pulse|p2a: Froslass
|-supereffective|p2a: Froslass
|-damage|p2a: Froslass|0 fnt
|-start|p1a: Hydreigon|Disable|Dark Pulse
|faint|p2a: Froslass
|
|join|lelbuttz
|
|switch|p2a: Lucario|Lucario, F|281\/281
|-damage|p2a: Lucario|273\/281|[from] Stealth Rock
|turn|27
|
|move|p1a: Hydreigon|Struggle|p2a: Lucario
|-damage|p2a: Lucario|215\/281
|-damage|p1a: Hydreigon|48\/325
|move|p2a: Lucario|Swords Dance|p2a: Lucario
|-boost|p2a: Lucario|atk|2
|
|turn|28
|
|move|p1a: Hydreigon|Struggle|p2a: Lucario
|-damage|p2a: Lucario|156\/281
|-damage|p1a: Hydreigon|0 fnt
|faint|p1a: Hydreigon
|move|p2a: Lucario|Swords Dance|p2a: Lucario
|-boost|p2a: Lucario|atk|2
|
|
|switch|p1a: Dragalge|Dragalge, F|242\/334
|-damage|p1a: Dragalge|201\/334|[from] Stealth Rock
|turn|29
|join|ANGER MANAGEMENT
|
|move|p2a: Lucario|Close Combat|p1a: Dragalge
|-resisted|p1a: Dragalge
|-damage|p1a: Dragalge|0 fnt
|-unboost|p2a: Lucario|def|1
|-unboost|p2a: Lucario|spd|1
|-damage|p2a: Lucario|128\/281|[from] item: Life Orb
|faint|p1a: Dragalge
|
|
|switch|p1a: Diancie|Diancie|269\/269
|-damage|p1a: Diancie|236\/269|[from] Stealth Rock
|turn|30
|
|switch|p1a: Celebi|Celebi|404\/404
|-damage|p1a: Celebi|354\/404|[from] Stealth Rock
|move|p2a: Lucario|Bullet Punch|p1a: Celebi
|-damage|p1a: Celebi|146\/404
|-damage|p2a: Lucario|100\/281|[from] item: Life Orb
|
|turn|31
|leave|trevor ellis
|player|p1
|c|âLMOA xD|gg
|leave|lelbuttz
|leave|HYP3
|leave|ANGER MANAGEMENT
|leave|thymethyme
|leave|Pijamas
|leave|895129n
|-message|Player 1 lost due to inactivity.
|
|win|LMOA xD