|join|Saph
|join|Professional 01
|player|p1|Saph|2
|player|p2|Professional 01|293
|gametype|singles
|gen|6
|tier|OU
|clearpoke
|poke|p1|Altaria, M
|poke|p1|Magnezone
|poke|p1|Landorus-Therian, M
|poke|p1|Rotom-Wash
|poke|p1|Latios, M
|poke|p1|Diggersby, F
|poke|p2|Volcarona, F
|poke|p2|Slowbro, F
|poke|p2|Tyranitar, M
|poke|p2|Keldeo
|poke|p2|Gyarados, F
|poke|p2|Latias, F
|rule|Swagger Clause: Swagger is banned
|rule|Baton Pass Clause: Limit one PokÃ©mon knowing Baton Pass
|rule|Sleep Clause Mod: Limit one foe put to sleep
|rule|Species Clause: Limit one of each PokÃ©mon
|rule|OHKO Clause: OHKO moves are banned
|rule|Moody Clause: Moody is banned
|rule|Evasion Moves Clause: Evasion moves are banned
|rule|Endless Battle Clause: Forcing endless battles is banned
|rule|HP Percentage Mod: HP is shown in percentages
|teampreview
|c|âProfessional 01|hf
|c|âSaph|u2
|join|elastico
|
|start
|switch|p1a: Rotom-Wash|Rotom-Wash|303\/303
|switch|p2a: Keldeo|Keldeo|323\/323
|turn|1
|
|switch|p2a: Latias|Latias, F|363\/363
|move|p1a: Rotom-Wash|Volt Switch|p2a: Latias
|-resisted|p2a: Latias
|-damage|p2a: Latias|330\/363
|
|switch|p1a: Altaria|Altaria, M|353\/353
|
|-heal|p2a: Latias|352\/363|[from] item: Leftovers
|turn|2
|
|detailschange|p1a: Altaria|Altaria-Mega, M
|-mega|p1a: Altaria|Altaria|Altarianite
|move|p2a: Latias|Thunder Wave|p1a: Altaria
|-status|p1a: Altaria|par
|move|p1a: Altaria|Dragon Dance|p1a: Altaria
|-boost|p1a: Altaria|atk|1
|-boost|p1a: Altaria|spe|1
|
|-heal|p2a: Latias|363\/363|[from] item: Leftovers
|turn|3
|
|move|p2a: Latias|Psyshock|p1a: Altaria
|-damage|p1a: Altaria|257\/353 par
|cant|p1a: Altaria|par
|
|turn|4
|
|move|p2a: Latias|Psyshock|p1a: Altaria
|-damage|p1a: Altaria|167\/353 par
|move|p1a: Altaria|Roost|p1a: Altaria
|-heal|p1a: Altaria|344\/353 par
|
|turn|5
|
|move|p2a: Latias|Psyshock|p1a: Altaria
|-damage|p1a: Altaria|242\/353 par
|move|p1a: Altaria|Heal Bell|p1a: Altaria
|-cureteam|p1a: Altaria|[from] move: HealBell
|
|turn|6
|
|move|p1a: Altaria|Dragon Dance|p1a: Altaria
|-boost|p1a: Altaria|atk|1
|-boost|p1a: Altaria|spe|1
|move|p2a: Latias|Thunder Wave|p1a: Altaria
|-status|p1a: Altaria|par
|
|turn|7
|join|suhnny
|
|switch|p2a: Tyranitar|Tyranitar, M|403\/403
|-weather|Sandstorm
|move|p1a: Altaria|Heal Bell|p1a: Altaria
|-cureteam|p1a: Altaria|[from] move: HealBell
|
|-weather|Sandstorm|[upkeep]
|-damage|p1a: Altaria|220\/353|[from] sandstorm
|turn|8
|
|move|p1a: Altaria|Frustration|p2a: Tyranitar
|-supereffective|p2a: Tyranitar
|-damage|p2a: Tyranitar|0 fnt
|faint|p2a: Tyranitar
|
|-weather|Sandstorm|[upkeep]
|-damage|p1a: Altaria|198\/353|[from] sandstorm
|
|switch|p2a: Volcarona|Volcarona, F|329\/329
|turn|9
|
|move|p1a: Altaria|Roost|p1a: Altaria
|-heal|p1a: Altaria|353\/353
|move|p2a: Volcarona|Fire Blast|p1a: Altaria
|-resisted|p1a: Altaria
|-damage|p1a: Altaria|250\/353
|
|-weather|Sandstorm|[upkeep]
|-damage|p1a: Altaria|228\/353|[from] sandstorm
|-damage|p2a: Volcarona|309\/329|[from] sandstorm
|turn|10
|
|move|p1a: Altaria|Dragon Dance|p1a: Altaria
|-boost|p1a: Altaria|atk|1
|-boost|p1a: Altaria|spe|1
|move|p2a: Volcarona|Fire Blast|p1a: Altaria
|-resisted|p1a: Altaria
|-damage|p1a: Altaria|131\/353
|
|-weather|Sandstorm|[upkeep]
|-damage|p1a: Altaria|109\/353|[from] sandstorm
|-damage|p2a: Volcarona|289\/329|[from] sandstorm
|turn|11
|
|move|p1a: Altaria|Roost|p1a: Altaria
|-heal|p1a: Altaria|286\/353
|move|p2a: Volcarona|Quiver Dance|p2a: Volcarona
|-boost|p2a: Volcarona|spa|1
|-boost|p2a: Volcarona|spd|1
|-boost|p2a: Volcarona|spe|1
|
|-weather|none
|turn|12
|
|move|p1a: Altaria|Frustration|p2a: Volcarona
|-crit|p2a: Volcarona
|-resisted|p2a: Volcarona
|-damage|p2a: Volcarona|0 fnt
|-status|p1a: Altaria|brn
|faint|p2a: Volcarona
|
|-damage|p1a: Altaria|242\/353 brn|[from] brn
|
|switch|p2a: Slowbro|Slowbro, F|393\/393
|turn|13
|
|detailschange|p2a: Slowbro|Slowbro-Mega, F
|-mega|p2a: Slowbro|Slowbro|Slowbronite
|move|p1a: Altaria|Heal Bell|p1a: Altaria
|-cureteam|p1a: Altaria|[from] move: HealBell
|move|p2a: Slowbro|Calm Mind|p2a: Slowbro
|-boost|p2a: Slowbro|spa|1
|-boost|p2a: Slowbro|spd|1
|
|turn|14
|
|move|p1a: Altaria|Frustration|p2a: Slowbro
|-damage|p2a: Slowbro|162\/393
|move|p2a: Slowbro|Psyshock|p1a: Altaria
|-damage|p1a: Altaria|85\/353
|
|turn|15
|
|move|p1a: Altaria|Frustration|p2a: Slowbro
|-damage|p2a: Slowbro|0 fnt
|faint|p2a: Slowbro
|
|c|âProfessional 01|LOL
|c|âProfessional 01|so unprepared for m-alt
|c|âProfessional 01|gg
|c|âSaph|gg lol
|leave|Professional 01
|player|p2
|leave|suhnny
|leave|elastico
|-message|Player 2 lost due to inactivity.
|
|win|Saph