|join|Yeps
|join|professional 01
|player|p1|Yeps|35
|player|p2|professional 01|2
|gametype|singles
|gen|6
|tier|OU
|rated
|clearpoke
|poke|p1|Arcanine, M, shiny
|poke|p1|Infernape, M, shiny
|poke|p1|Charizard, M, shiny
|poke|p1|Torkoal, M, shiny
|poke|p1|Talonflame, M, shiny
|poke|p1|Entei, shiny
|poke|p2|Conkeldurr, M
|poke|p2|Gliscor, M
|poke|p2|Landorus-Therian, M
|poke|p2|Rotom-Wash
|poke|p2|Venusaur, F
|poke|p2|Tyranitar, M
|rule|Sleep Clause Mod: Limit one foe put to sleep
|rule|Species Clause: Limit one of each Pokemon
|rule|OHKO Clause: OHKO moves are banned
|rule|Moody Clause: Moody is banned
|rule|Evasion Moves Clause: Evasion moves are banned
|rule|Endless Battle Clause: Forcing endless battles is banned.
|rule|HP Percentage Mod: HP is reported as percentages
|teampreview
|
|start
|switch|p1a: Charizard|Charizard, M, shiny|298\/298
|switch|p2a: Landorus-Therian|Landorus-Therian, M|381\/381
|-ability|p2a: Landorus-Therian|Intimidate|[of] p1a: Charizard
|-unboost|p1a: Charizard|atk|1
|turn|1
|
|-formechange|p1a: Charizard|Charizard-Mega-Y
|message|Charizard has Mega Evolved into Mega Charizard!
|-weather|SunnyDay
|move|p1a: Charizard|Flamethrower|p2a: Landorus-Therian
|-damage|p2a: Landorus-Therian|0 fnt
|faint|p2a: Landorus-Therian
|
|-weather|SunnyDay|[upkeep]
|
|switch|p2a: Tyranitar|Tyranitar, M|404\/404
|-weather|Sandstorm
|turn|2
|
|switch|p1a: Arcanine|Arcanine, M, shiny|384\/384
|-ability|p1a: Arcanine|Intimidate|[of] p2a: Tyranitar
|-unboost|p2a: Tyranitar|atk|1
|move|p2a: Tyranitar|Stone Edge|p1a: Arcanine
|-supereffective|p1a: Arcanine
|-damage|p1a: Arcanine|36\/384
|
|-weather|Sandstorm|[upkeep]
|-damage|p1a: Arcanine|12\/384|[from] sandstorm
|-heal|p1a: Arcanine|36\/384|[from] item: Leftovers
|turn|3
|
|switch|p2a: Venusaur|Venusaur, F|364\/364
|move|p1a: Arcanine|Will-O-Wisp|p2a: Venusaur
|-status|p2a: Venusaur|brn
|
|-weather|Sandstorm|[upkeep]
|-damage|p1a: Arcanine|12\/384|[from] sandstorm
|-damage|p2a: Venusaur|342\/364 brn|[from] sandstorm
|-heal|p1a: Arcanine|36\/384|[from] item: Leftovers
|-damage|p2a: Venusaur|297\/364 brn|[from] brn
|turn|4
|
|switch|p2a: Conkeldurr|Conkeldurr, M|414\/414
|move|p1a: Arcanine|Flare Blitz|p2a: Conkeldurr
|-damage|p2a: Conkeldurr|200\/414
|-damage|p1a: Arcanine|0 fnt|[from] recoil|[of] p2a: Conkeldurr
|faint|p1a: Arcanine
|
|-weather|Sandstorm|[upkeep]
|-damage|p2a: Conkeldurr|175\/414|[from] sandstorm
|
|switch|p1a: Entei|Entei, shiny|372\/372
|-ability|p1a: Entei|Pressure
|turn|5
|
|move|p1a: Entei|Sacred Fire|p2a: Conkeldurr
|-damage|p2a: Conkeldurr|0 fnt
|-damage|p1a: Entei|335\/372|[from] item: Life Orb
|faint|p2a: Conkeldurr
|
|-weather|Sandstorm|[upkeep]
|-damage|p1a: Entei|312\/372|[from] sandstorm
|
|switch|p2a: Tyranitar|Tyranitar, M|404\/404
|turn|6
|
|move|p1a: Entei|Iron Head|p2a: Tyranitar
|-supereffective|p2a: Tyranitar
|-damage|p2a: Tyranitar|191\/404
|-damage|p1a: Entei|275\/372|[from] item: Life Orb
|cant|p2a: Tyranitar|flinch
|
|-weather|none
|turn|7
|
|switch|p2a: Rotom-Wash|Rotom-Wash|304\/304
|move|p1a: Entei|Sacred Fire|p2a: Rotom-Wash
|-resisted|p2a: Rotom-Wash
|-damage|p2a: Rotom-Wash|187\/304
|-damage|p1a: Entei|238\/372|[from] item: Life Orb
|
|turn|8
|
|move|p1a: Entei|Sacred Fire|p2a: Rotom-Wash
|-resisted|p2a: Rotom-Wash
|-damage|p2a: Rotom-Wash|79\/304
|-status|p2a: Rotom-Wash|brn
|-damage|p1a: Entei|201\/372|[from] item: Life Orb
|move|p2a: Rotom-Wash|Hydro Pump|p1a: Entei
|-supereffective|p1a: Entei
|-damage|p1a: Entei|0 fnt
|faint|p1a: Entei
|
|-damage|p2a: Rotom-Wash|41\/304 brn|[from] brn
|
|switch|p1a: Infernape|Infernape, M, shiny|293\/293
|turn|9
|
|switch|p2a: Venusaur|Venusaur, F|297\/364 brn
|move|p1a: Infernape|Fire Punch|p2a: Venusaur
|-supereffective|p2a: Venusaur
|-damage|p2a: Venusaur|3\/364 brn
|
|-damage|p2a: Venusaur|0 fnt|[from] brn
|faint|p2a: Venusaur
|
|switch|p2a: Gliscor|Gliscor, M|354\/354
|turn|10
|
|switch|p1a: Charizard|Charizard, M, shiny|298\/298
|-formechange|p1a: Charizard|Charizard-Mega-Y
|-weather|SunnyDay
|move|p2a: Gliscor|Protect|p2a: Gliscor
|-fail|p2a: Gliscor
|
|-weather|SunnyDay|[upkeep]
|-activate|p2a: Gliscor|item: Toxic Orb
|-status|p2a: Gliscor|tox
|turn|11
|
|switch|p1a: Talonflame|Talonflame, M, shiny|360\/360
|switch|p2a: Tyranitar|Tyranitar, M|191\/404
|-weather|Sandstorm
|
|-weather|Sandstorm|[upkeep]
|-damage|p1a: Talonflame|338\/360|[from] sandstorm
|turn|12
|
|move|p1a: Talonflame|U-turn|p2a: Tyranitar
|-supereffective|p2a: Tyranitar
|-damage|p2a: Tyranitar|15\/404
|
|switch|p1a: Torkoal|Torkoal, M, shiny|344\/344
|move|p2a: Tyranitar|Stone Edge|p1a: Torkoal
|-supereffective|p1a: Torkoal
|-damage|p1a: Torkoal|110\/344
|
|-weather|Sandstorm|[upkeep]
|-damage|p1a: Torkoal|89\/344|[from] sandstorm
|-heal|p1a: Torkoal|110\/344|[from] item: Leftovers
|turn|13
|
|move|p2a: Tyranitar|Earthquake|p1a: Torkoal
|-supereffective|p1a: Torkoal
|-damage|p1a: Torkoal|0 fnt
|faint|p1a: Torkoal
|
|-weather|Sandstorm|[upkeep]
|
|switch|p1a: Charizard|Charizard, M, shiny|298\/298
|-formechange|p1a: Charizard|Charizard-Mega-Y
|-weather|SunnyDay
|turn|14
|
|move|p1a: Charizard|Flamethrower|p2a: Tyranitar
|-resisted|p2a: Tyranitar
|-damage|p2a: Tyranitar|0 fnt
|faint|p2a: Tyranitar
|
|-weather|SunnyDay|[upkeep]
|
|switch|p2a: Rotom-Wash|Rotom-Wash|41\/304 brn
|turn|15
|-message|professional 01 forfeited.
|
|win|Yeps
|raw|Ladder updating...
|leave|professional 01
|player|p2
|raw|Yeps's rating: 1513 &rarr; <strong>1535<\/strong><br \/>(+22 for winning)
|raw|professional 01's rating: 1539 &rarr; <strong>1517<\/strong><br \/>(-22 for losing)