|join|Professional 01
|join|LordPkmdz
|player|p1|Professional 01|293
|player|p2|LordPkmdz|70
|gametype|singles
|gen|6
|tier|OU
|rated
|clearpoke
|poke|p1|Kyurem-Black
|poke|p1|Bisharp, M
|poke|p1|Galvantula, F
|poke|p1|Landorus, M
|poke|p1|Terrakion
|poke|p1|Staraptor, F
|poke|p2|Umbreon, M
|poke|p2|Excadrill, M
|poke|p2|Azumarill, F
|poke|p2|Thundurus, M
|poke|p2|Venusaur, M
|poke|p2|Entei, shiny
|rule|Sleep Clause Mod: Limit one foe put to sleep
|rule|Species Clause: Limit one of each Pokemon
|rule|OHKO Clause: OHKO moves are banned
|rule|Moody Clause: Moody is banned
|rule|Evasion Moves Clause: Evasion moves are banned
|rule|Endless Battle Clause: Forcing endless battles is banned.
|rule|HP Percentage Mod: HP is reported as percentages
|teampreview
|chat|LordPkmdz|this looks fked up to play against..
|
|start
|switch|p1a: Galvantula|Galvantula, F|281\/281
|switch|p2a: Thundurus|Thundurus, M|300\/300
|turn|1
|chat|Professional 01|lol
|
|move|p2a: Thundurus|Volt Switch|p1a: Galvantula
|-resisted|p1a: Galvantula
|-damage|p1a: Galvantula|196\/281
|
|switch|p2a: Excential|Excadrill, M|362\/362
|-ability|p2a: Excential|Mold Breaker
|move|p1a: Galvantula|Sticky Web|p2a: Excential
|-sidestart|p2: LordPkmdz|move: Sticky Web
|
|turn|2
|
|move|p2a: Excential|Rapid Spin|p1a: Galvantula
|-damage|p1a: Galvantula|155\/281
|-sideend|p2: LordPkmdz|Sticky Web|[from] move: Rapid Spin|[of] p2a: Excential
|move|p1a: Galvantula|Hidden Power|p2a: Excential
|-supereffective|p2a: Excential
|-damage|p2a: Excential|206\/362
|
|turn|3
|chat|LordPkmdz|hm
|chat|LordPkmdz|expected a switch
|
|switch|p2a: Mara+|Venusaur, M|302\/302
|move|p1a: Galvantula|Sticky Web|p2a: Mara+
|-sidestart|p2: LordPkmdz|move: Sticky Web
|
|turn|4
|chat|Professional 01|nah
|
|-formechange|p2a: Mara+|Venusaur-Mega
|message|Venusaur has Mega Evolved into Mega Venusaur!
|move|p1a: Galvantula|Bug Buzz|p2a: Mara+
|-damage|p2a: Mara+|194\/302
|move|p2a: Mara+|Sleep Powder|p1a: Galvantula|[miss]
|-miss|p2a: Mara+|p1a: Galvantula
|
|turn|5
|chat|LordPkmdz|you ass hole venusaur...
|chat|LordPkmdz|I'm kicking your ass off the team
|chat|Professional 01|lol 
|
|move|p1a: Galvantula|Bug Buzz|p2a: Mara+
|-crit|p2a: Mara+
|-damage|p2a: Mara+|35\/302
|move|p2a: Mara+|Hidden Power|p1a: Galvantula
|-supereffective|p1a: Galvantula
|-damage|p1a: Galvantula|0 fnt
|faint|p1a: Galvantula
|
|chat|Professional 01|venusaur is pretty good
|chat|Professional 01|is yours specially defensive?
|chat|LordPkmdz|my ass
|
|switch|p1a: Kyurem-Black|Kyurem-Black|454\/454
|-ability|p1a: Kyurem-Black|Teravolt
|turn|6
|
|move|p2a: Mara+|Sludge Bomb|p1a: Kyurem-Black
|-damage|p1a: Kyurem-Black|246\/454
|move|p1a: Kyurem-Black|Substitute|p1a: Kyurem-Black
|-start|p1a: Kyurem-Black|Substitute
|-damage|p1a: Kyurem-Black|133\/454
|
|-heal|p1a: Kyurem-Black|161\/454|[from] item: Leftovers
|turn|7
|
|move|p2a: Mara+|Sludge Bomb|p1a: Kyurem-Black
|-end|p1a: Kyurem-Black|Substitute
|move|p1a: Kyurem-Black|Ice Beam|p2a: Mara+
|-crit|p2a: Mara+
|-supereffective|p2a: Mara+
|-damage|p2a: Mara+|0 fnt
|faint|p2a: Mara+
|
|-heal|p1a: Kyurem-Black|189\/454|[from] item: Leftovers
|chat|LordPkmdz|no poision..
|chat|LordPkmdz|yep hes gone
|
|switch|p2a: Entei|Entei, shiny|372\/372
|-activate|p2a: Entei|move: Sticky Web
|-unboost|p2a: Entei|spe|1
|-ability|p2a: Entei|Pressure
|turn|8
|chat|Professional 01|CRIT
|chat|LordPkmdz|this is my new favorite Pokemon for some reason
|chat|Professional 01|entei?
|
|move|p1a: Kyurem-Black|Earth Power|p2a: Entei
|-supereffective|p2a: Entei
|-damage|p2a: Entei|66\/372
|move|p2a: Entei|Sacred Fire|p1a: Kyurem-Black
|-damage|p1a: Kyurem-Black|0 fnt
|-damage|p2a: Entei|29\/372|[from] item: Life Orb
|faint|p1a: Kyurem-Black
|
|chat|LordPkmdz|huh?
|chat|Professional 01|entei is your new favorite pokemon?
|chat|LordPkmdz|you were just slower than my venusaur so howd u outspeed?
|chat|Professional 01|sticky web
|
|switch|p1a: Staraptor|Staraptor, F|312\/312
|turn|9
|chat|LordPkmdz|.....dumb asss mee!!!!
|
|switch|p2a: Thundurus|Thundurus, M|300\/300
|move|p1a: Staraptor|Double-Edge|p2a: Thundurus
|-damage|p2a: Thundurus|0 fnt
|-damage|p1a: Staraptor|213\/312|[from] recoil|[of] p2a: Thundurus
|faint|p2a: Thundurus
|
|
|switch|p2a: HajimePUNCH|Azumarill, F|404\/404
|-activate|p2a: HajimePUNCH|move: Sticky Web
|-unboost|p2a: HajimePUNCH|spe|1
|turn|10
|
|move|p2a: HajimePUNCH|Aqua Jet|p1a: Staraptor
|-damage|p1a: Staraptor|71\/312
|move|p1a: Staraptor|Double-Edge|p2a: HajimePUNCH
|-crit|p2a: HajimePUNCH
|-damage|p2a: HajimePUNCH|0 fnt
|-damage|p1a: Staraptor|0 fnt|[from] recoil|[of] p2a: HajimePUNCH
|faint|p2a: HajimePUNCH
|faint|p1a: Staraptor
|
|chat|LordPkmdz|failure all over..
|
|switch|p2a: Excential|Excadrill, M|206\/362
|-activate|p2a: Excential|move: Sticky Web
|-unboost|p2a: Excential|spe|1
|switch|p1a: Landorus|Landorus, M|320\/320
|-ability|p2a: Excential|Mold Breaker
|turn|11
|
|move|p1a: Landorus|Earth Power|p2a: Excential
|-supereffective|p2a: Excential
|-damage|p2a: Excential|0 fnt
|faint|p2a: Excential
|
|
|switch|p2a: NightWish|Umbreon, M|394\/394
|-activate|p2a: NightWish|move: Sticky Web
|-unboost|p2a: NightWish|spe|1
|turn|12
|chat|Professional 01|I'm pretty sure the crit didn't matter
|
|move|p1a: Landorus|Focus Blast|p2a: NightWish
|-crit|p2a: NightWish
|-supereffective|p2a: NightWish
|-damage|p2a: NightWish|0 fnt
|faint|p2a: NightWish
|
|chat|LordPkmdz|gods
|chat|LordPkmdz|who said anything about a crit
|chat|Professional 01|I know I'm just saying
|
|switch|p2a: Entei|Entei, shiny|29\/372
|-activate|p2a: Entei|move: Sticky Web
|-unboost|p2a: Entei|spe|1
|-ability|p2a: Entei|Pressure
|turn|13
|chat|Professional 01|but I'm haxing you man
|chat|Professional 01|my first time getting this much hax
|chat|LordPkmdz|BISHARP IS COMING BACK..
|
|move|p2a: Entei|Extreme Speed|p1a: Landorus
|-damage|p1a: Landorus|172\/320
|-damage|p2a: Entei|0 fnt|[from] item: Life Orb
|faint|p2a: Entei
|
|win|Professional 01
|raw|Ladder updating...
|raw|Professional 01's rating: 1519 &rarr; <strong>1538<\/strong><br \/>(+19 for winning)
|raw|LordPkmdz's rating: 1505 &rarr; <strong>1486<\/strong><br \/>(-19 for losing)