|join|derpderpderping
|join|Professional 01
|player|p1|derpderpderping|214
|player|p2|Professional 01|293
|gametype|singles
|gen|6
|tier|OU (suspect test)
|rated
|clearpoke
|poke|p1|Scizor, F
|poke|p1|Dragonite, F
|poke|p1|Landorus-Therian, M
|poke|p1|Azumarill, M
|poke|p1|Keldeo
|poke|p1|Latios, M
|poke|p2|Politoed, F
|poke|p2|Kingdra, F
|poke|p2|Ludicolo, M
|poke|p2|Swampert, F
|poke|p2|Toxicroak, M
|poke|p2|Kabutops, M
|rule|Swagger Clause: Swagger is banned
|rule|Baton Pass Clause: Limit one PokÃ©mon knowing Baton Pass
|rule|Sleep Clause Mod: Limit one foe put to sleep
|rule|Species Clause: Limit one of each PokÃ©mon
|rule|OHKO Clause: OHKO moves are banned
|rule|Moody Clause: Moody is banned
|rule|Evasion Moves Clause: Evasion moves are banned
|rule|Endless Battle Clause: Forcing endless battles is banned
|rule|HP Percentage Mod: HP is shown in percentages
|teampreview
|
|start
|switch|p1a: Eigenflash|Dragonite, F|386\/386
|switch|p2a: Politoed|Politoed, F|383\/383
|-weather|RainDance
|turn|1
|
|move|p1a: Eigenflash|Outrage|p2a: Politoed
|-damage|p2a: Politoed|16\/383
|move|p2a: Politoed|Scald|p1a: Eigenflash
|-resisted|p1a: Eigenflash
|-damage|p1a: Eigenflash|355\/386
|
|-weather|RainDance|[upkeep]
|turn|2
|
|switch|p2a: Kingdra|Kingdra, F|329\/329
|move|p1a: Eigenflash|Outrage|p2a: Kingdra
|-supereffective|p2a: Kingdra
|-damage|p2a: Kingdra|0 fnt
|faint|p2a: Kingdra
|
|-end|p1a: Eigenflash|rampage
|-start|p1a: Eigenflash|confusion
|-weather|RainDance|[upkeep]
|
|switch|p2a: Kabutops|Kabutops, M|289\/289
|turn|3
|
|move|p2a: Kabutops|Stone Edge|p1a: Eigenflash
|-supereffective|p1a: Eigenflash
|-damage|p1a: Eigenflash|0 fnt
|-damage|p2a: Kabutops|261\/289|[from] item: Life Orb
|faint|p1a: Eigenflash
|
|-weather|RainDance|[upkeep]
|
|switch|p1a: KT|Scizor, F|344\/344
|turn|4
|
|move|p2a: Kabutops|Waterfall|p1a: KT
|-damage|p1a: KT|85\/344
|-damage|p2a: Kabutops|233\/289|[from] item: Life Orb
|move|p1a: KT|U-turn|p2a: Kabutops
|-damage|p2a: Kabutops|38\/289
|
|switch|p1a: 1.cmpctfctn|Azumarill, M|404\/404
|
|-weather|RainDance|[upkeep]
|turn|5
|
|move|p2a: Kabutops|Aqua Jet|p1a: 1.cmpctfctn
|-resisted|p1a: 1.cmpctfctn
|-damage|p1a: 1.cmpctfctn|321\/404
|-damage|p2a: Kabutops|10\/289|[from] item: Life Orb
|move|p1a: 1.cmpctfctn|Aqua Jet|p2a: Kabutops
|-damage|p2a: Kabutops|0 fnt
|faint|p2a: Kabutops
|
|-weather|RainDance|[upkeep]
|
|switch|p2a: Ludicolo|Ludicolo, M|309\/309
|turn|6
|
|switch|p1a: Magma|Keldeo|323\/323
|move|p2a: Ludicolo|Giga Drain|p1a: Magma
|-supereffective|p1a: Magma
|-damage|p1a: Magma|1\/323
|-damage|p2a: Ludicolo|279\/309|[from] item: Life Orb
|
|-weather|RainDance|[upkeep]
|turn|7
|
|move|p2a: Ludicolo|Scald|p1a: Magma
|-resisted|p1a: Magma
|-damage|p1a: Magma|0 fnt
|-damage|p2a: Ludicolo|249\/309|[from] item: Life Orb
|faint|p1a: Magma
|
|-weather|RainDance|[upkeep]
|
|switch|p1a: Chi Tau|Latios, M|302\/302
|turn|8
|
|switch|p2a: Toxicroak|Toxicroak, M|309\/309
|move|p1a: Chi Tau|Psyshock|p2a: Toxicroak
|-supereffective|p2a: Toxicroak
|-damage|p2a: Toxicroak|0 fnt
|faint|p2a: Toxicroak
|
|-weather|none
|
|switch|p2a: Politoed|Politoed, F|16\/383
|-weather|RainDance
|turn|9
|
|move|p1a: Chi Tau|Psyshock|p2a: Politoed
|-damage|p2a: Politoed|0 fnt
|faint|p2a: Politoed
|
|-weather|RainDance|[upkeep]
|
|switch|p2a: Swampert|Swampert, F|403\/403
|turn|10
|
|detailschange|p2a: Swampert|Swampert-Mega, F
|-mega|p2a: Swampert|Swampert|Swampertite
|move|p1a: Chi Tau|Psyshock|p2a: Swampert
|-damage|p2a: Swampert|189\/403
|move|p2a: Swampert|Ice Punch|p1a: Chi Tau
|-supereffective|p1a: Chi Tau
|-damage|p1a: Chi Tau|28\/302
|
|-weather|RainDance|[upkeep]
|turn|11
|
|move|p2a: Swampert|Waterfall|p1a: Chi Tau
|-resisted|p1a: Chi Tau
|-damage|p1a: Chi Tau|0 fnt
|faint|p1a: Chi Tau
|
|-weather|RainDance|[upkeep]
|
|switch|p1a: 1.cmpctfctn|Azumarill, M|321\/404
|turn|12
|
|move|p1a: 1.cmpctfctn|Aqua Jet|p2a: Swampert
|-damage|p2a: Swampert|18\/403
|move|p2a: Swampert|Earthquake|p1a: 1.cmpctfctn
|-damage|p1a: 1.cmpctfctn|75\/404
|
|-weather|RainDance|[upkeep]
|turn|13
|
|move|p1a: 1.cmpctfctn|Aqua Jet|p2a: Swampert
|-damage|p2a: Swampert|0 fnt
|faint|p2a: Swampert
|
|-weather|RainDance|[upkeep]
|
|switch|p2a: Ludicolo|Ludicolo, M|249\/309
|turn|14
|
|move|p1a: 1.cmpctfctn|Aqua Jet|p2a: Ludicolo
|-resisted|p2a: Ludicolo
|-damage|p2a: Ludicolo|182\/309
|move|p2a: Ludicolo|Scald|p1a: 1.cmpctfctn
|-resisted|p1a: 1.cmpctfctn
|-damage|p1a: 1.cmpctfctn|0 fnt
|-damage|p2a: Ludicolo|152\/309|[from] item: Life Orb
|faint|p1a: 1.cmpctfctn
|
|-weather|RainDance|[upkeep]
|
|switch|p1a: KT|Scizor, F|85\/344
|turn|15
|
|move|p1a: KT|Bullet Punch|p2a: Ludicolo
|-resisted|p2a: Ludicolo
|-damage|p2a: Ludicolo|26\/309
|move|p2a: Ludicolo|Scald|p1a: KT
|-damage|p1a: KT|0 fnt
|-damage|p2a: Ludicolo|0 fnt|[from] item: Life Orb
|faint|p1a: KT
|faint|p2a: Ludicolo
|
|win|derpderpderping
|raw|Ladder updating...
|raw|derpderpderping's rating: 1321 &rarr; <strong>1345<\/strong><br \/>(+24 for winning)
|raw|Professional 01's rating: 1399 &rarr; <strong>1375<\/strong><br \/>(-24 for losing)
|c|âderpderpderping|gg
|c|âProfessional 01|gg