|join|SunnySuspect
|join|Professional 01
|player|p1|SunnySuspect|266
|player|p2|Professional 01|293
|gametype|singles
|gen|6
|tier|OU (suspect test)
|rated
|clearpoke
|poke|p1|Landorus-Therian, M
|poke|p1|Empoleon, F
|poke|p1|Gardevoir, M
|poke|p1|Rotom-Wash
|poke|p1|Chesnaught, M
|poke|p1|Tyranitar, F
|poke|p2|Gyarados, M
|poke|p2|Latios, M
|poke|p2|Clefable, F
|poke|p2|Keldeo
|poke|p2|Ferrothorn, F
|poke|p2|Gengar, F
|rule|Swagger Clause: Swagger is banned
|rule|Baton Pass Clause: Limit one PokÃ©mon knowing Baton Pass
|rule|Sleep Clause Mod: Limit one foe put to sleep
|rule|Species Clause: Limit one of each PokÃ©mon
|rule|OHKO Clause: OHKO moves are banned
|rule|Moody Clause: Moody is banned
|rule|Evasion Moves Clause: Evasion moves are banned
|rule|Endless Battle Clause: Forcing endless battles is banned
|rule|HP Percentage Mod: HP is shown in percentages
|teampreview
|
|start
|switch|p1a: Chesnaught|Chesnaught, M|369\/369
|switch|p2a: Clefable|Clefable, F|394\/394
|turn|1
|c|âProfessional 01|why Empoleon? Salamence is banned and greninja is not here
|c|âSunnySuspect|ew
|c|âSunnySuspect|needed a bulky defogger
|c|âSunnySuspect|Mew could also work lol
|c|âProfessional 01|i see
|
|move|p1a: Chesnaught|Spikes|p2a: Clefable
|-sidestart|p2: Professional 01|Spikes
|move|p2a: Clefable|Moonblast|p1a: Chesnaught
|-supereffective|p1a: Chesnaught
|-damage|p1a: Chesnaught|39\/369
|
|-heal|p1a: Chesnaught|62\/369|[from] item: Leftovers
|turn|2
|c|âSunnySuspect|no SR?
|c|âSunnySuspect|;-;
|
|switch|p1a: Empoleon|Empoleon, F|372\/372
|move|p2a: Clefable|Flamethrower|p1a: Empoleon
|-damage|p1a: Empoleon|308\/372
|
|turn|3
|c|âProfessional 01|nah
|
|switch|p2a: Ferrothorn|Ferrothorn, F|352\/352
|-damage|p2a: Ferrothorn|308\/352|[from] Spikes
|move|p1a: Empoleon|Stealth Rock|p2a: Ferrothorn
|-sidestart|p2: Professional 01|move: Stealth Rock
|
|-heal|p2a: Ferrothorn|330\/352|[from] item: Leftovers
|turn|4
|
|move|p2a: Ferrothorn|Leech Seed|p1a: Empoleon
|-start|p1a: Empoleon|move: Leech Seed
|move|p1a: Empoleon|Roar|p2a: Ferrothorn
|drag|p2a: Clefable|Clefable, F|394\/394
|
|-damage|p1a: Empoleon|262\/372|[from] Leech Seed|[of] p2a: Clefable
|turn|5
|
|switch|p1a: Gardevoir|Gardevoir, M|277\/277
|switch|p2a: Ferrothorn|Ferrothorn, F|330\/352
|-damage|p2a: Ferrothorn|286\/352|[from] Spikes
|-damage|p2a: Ferrothorn|264\/352|[from] Stealth Rock
|
|-heal|p2a: Ferrothorn|286\/352|[from] item: Leftovers
|turn|6
|
|detailschange|p1a: Gardevoir|Gardevoir-Mega, M
|-mega|p1a: Gardevoir|Gardevoir|Gardevoirite
|move|p1a: Gardevoir|Focus Blast|p2a: Ferrothorn
|-supereffective|p2a: Ferrothorn
|-damage|p2a: Ferrothorn|0 fnt
|faint|p2a: Ferrothorn
|
|c|âSunnySuspect|phew lol
|
|switch|p2a: Gengar|Gengar, F|261\/261
|-damage|p2a: Gengar|229\/261|[from] Stealth Rock
|turn|7
|
|switch|p1a: Chesnaught|Chesnaught, M|62\/369
|move|p2a: Gengar|Substitute|p2a: Gengar
|-start|p2a: Gengar|Substitute
|-damage|p2a: Gengar|164\/261
|
|-heal|p2a: Gengar|180\/261|[from] item: Leftovers
|-heal|p1a: Chesnaught|85\/369|[from] item: Leftovers
|turn|8
|
|switch|p1a: Landorus-Therian|Landorus-Therian, M|325\/325
|-activate|p2a: Gengar|Substitute|ability: Intimidate|[of] p1a: Landorus-Therian
|move|p2a: Gengar|Sludge Wave|p1a: Landorus-Therian
|-resisted|p1a: Landorus-Therian
|-damage|p1a: Landorus-Therian|241\/325
|
|-heal|p2a: Gengar|196\/261|[from] item: Leftovers
|turn|9
|
|move|p1a: Landorus-Therian|Knock Off|p2a: Gengar
|-supereffective|p2a: Gengar
|-end|p2a: Gengar|Substitute
|move|p2a: Gengar|Substitute|p2a: Gengar
|-start|p2a: Gengar|Substitute
|-damage|p2a: Gengar|131\/261
|
|-heal|p2a: Gengar|147\/261|[from] item: Leftovers
|turn|10
|
|move|p1a: Landorus-Therian|Knock Off|p2a: Gengar
|-supereffective|p2a: Gengar
|-end|p2a: Gengar|Substitute
|move|p2a: Gengar|Will-O-Wisp|p1a: Landorus-Therian
|-status|p1a: Landorus-Therian|brn
|
|-heal|p2a: Gengar|163\/261|[from] item: Leftovers
|-damage|p1a: Landorus-Therian|201\/325 brn|[from] brn
|turn|11
|
|switch|p2a: Clefable|Clefable, F|394\/394
|move|p1a: Landorus-Therian|Knock Off|p2a: Clefable
|-resisted|p2a: Clefable
|-damage|p2a: Clefable|362\/394
|-enditem|p2a: Clefable|Life Orb|[from] move: Knock Off|[of] p1a: Landorus-Therian
|
|-damage|p1a: Landorus-Therian|161\/325 brn|[from] brn
|turn|12
|
|switch|p1a: Rotom-Wash|Rotom-Wash|304\/304
|move|p2a: Clefable|Moonblast|p1a: Rotom-Wash
|-crit|p1a: Rotom-Wash
|-damage|p1a: Rotom-Wash|159\/304
|
|-heal|p1a: Rotom-Wash|178\/304|[from] item: Leftovers
|turn|13
|
|move|p1a: Rotom-Wash|Pain Split|p2a: Clefable
|-sethp|p2a: Clefable|270\/394|p1a: Rotom-Wash|270\/304|[from] move: Pain Split
|move|p2a: Clefable|Moonblast|p1a: Rotom-Wash
|-damage|p1a: Rotom-Wash|171\/304
|
|-heal|p1a: Rotom-Wash|190\/304|[from] item: Leftovers
|turn|14
|
|move|p1a: Rotom-Wash|Volt Switch|p2a: Clefable
|-damage|p2a: Clefable|174\/394
|
|switch|p1a: Empoleon|Empoleon, F|262\/372
|move|p2a: Clefable|Moonblast|p1a: Empoleon
|-resisted|p1a: Empoleon
|-damage|p1a: Empoleon|222\/372
|-unboost|p1a: Empoleon|spa|1
|
|turn|15
|
|move|p2a: Clefable|Soft-Boiled|p2a: Clefable
|-heal|p2a: Clefable|371\/394
|move|p1a: Empoleon|Roar|p2a: Clefable
|drag|p2a: Latios|Latios, M|309\/309
|-damage|p2a: Latios|271\/309|[from] Stealth Rock
|
|turn|16
|
|switch|p1a: Tyranitar|Tyranitar, F|366\/366
|-weather|Sandstorm
|move|p2a: Latios|Defog|p1a: Tyranitar
|-unboost|p1a: Tyranitar|evasion|1
|-sideend|p2: Professional 01|Spikes|[from] move: Defog|[of] p2a: Latios
|-sideend|p2: Professional 01|Stealth Rock|[from] move: Defog|[of] p2a: Latios
|
|-weather|Sandstorm|[upkeep]
|-damage|p2a: Latios|252\/309|[from] sandstorm
|turn|17
|
|move|p2a: Latios|Draco Meteor|p1a: Tyranitar
|-damage|p1a: Tyranitar|158\/366
|-unboost|p2a: Latios|spa|2
|-damage|p2a: Latios|222\/309|[from] item: Life Orb
|move|p1a: Tyranitar|Stone Edge|p2a: Latios
|-damage|p2a: Latios|0 fnt
|faint|p2a: Latios
|
|-weather|Sandstorm|[upkeep]
|
|switch|p2a: Keldeo|Keldeo|323\/323
|turn|18
|
|switch|p1a: Gardevoir|Gardevoir-Mega, M|277\/277
|move|p2a: Keldeo|Secret Sword|p1a: Gardevoir
|-resisted|p1a: Gardevoir
|-damage|p1a: Gardevoir|227\/277
|
|-weather|Sandstorm|[upkeep]
|-damage|p2a: Keldeo|303\/323|[from] sandstorm
|-damage|p1a: Gardevoir|210\/277|[from] sandstorm
|turn|19
|
|move|p2a: Keldeo|Hydro Pump|p1a: Gardevoir
|-damage|p1a: Gardevoir|56\/277
|move|p1a: Gardevoir|Hyper Voice|p2a: Keldeo
|-supereffective|p2a: Keldeo
|-damage|p2a: Keldeo|0 fnt
|faint|p2a: Keldeo
|
|-weather|Sandstorm|[upkeep]
|-damage|p1a: Gardevoir|39\/277|[from] sandstorm
|
|switch|p2a: Gengar|Gengar, F|163\/261
|turn|20
|
|switch|p1a: Rotom-Wash|Rotom-Wash|190\/304
|move|p2a: Gengar|Shadow Ball|p1a: Rotom-Wash
|-damage|p1a: Rotom-Wash|87\/304
|
|-weather|none
|-heal|p2a: Gengar|179\/261|[from] item: Leftovers
|-heal|p1a: Rotom-Wash|106\/304|[from] item: Leftovers
|turn|21
|
|move|p2a: Gengar|Sludge Wave|p1a: Rotom-Wash
|-damage|p1a: Rotom-Wash|0 fnt
|faint|p1a: Rotom-Wash
|
|-heal|p2a: Gengar|195\/261|[from] item: Leftovers
|
|switch|p1a: Empoleon|Empoleon, F|222\/372
|turn|22
|
|switch|p2a: Gyarados|Gyarados, M|351\/351
|-ability|p2a: Gyarados|Intimidate|[of] p1a: Empoleon
|-unboost|p1a: Empoleon|atk|1
|move|p1a: Empoleon|Stealth Rock|p2a: Gyarados
|-sidestart|p2: Professional 01|move: Stealth Rock
|
|turn|23
|
|move|p2a: Gyarados|Earthquake|p1a: Empoleon
|-supereffective|p1a: Empoleon
|-damage|p1a: Empoleon|0 fnt
|faint|p1a: Empoleon
|
|
|switch|p1a: Chesnaught|Chesnaught, M|85\/369
|turn|24
|
|switch|p2a: Gengar|Gengar, F|195\/261
|-damage|p2a: Gengar|163\/261|[from] Stealth Rock
|move|p1a: Chesnaught|Leech Seed|p2a: Gengar
|-start|p2a: Gengar|move: Leech Seed
|
|-heal|p2a: Gengar|179\/261|[from] item: Leftovers
|-heal|p1a: Chesnaught|108\/369|[from] item: Leftovers
|-damage|p2a: Gengar|147\/261|[from] Leech Seed|[of] p1a: Chesnaught
|-heal|p1a: Chesnaught|140\/369|[silent]
|turn|25
|
|switch|p1a: Landorus-Therian|Landorus-Therian, M|161\/325 brn
|-ability|p1a: Landorus-Therian|Intimidate|[of] p2a: Gengar
|-unboost|p2a: Gengar|atk|1
|move|p2a: Gengar|Sludge Wave|p1a: Landorus-Therian
|-resisted|p1a: Landorus-Therian
|-damage|p1a: Landorus-Therian|82\/325 brn
|
|-heal|p2a: Gengar|163\/261|[from] item: Leftovers
|-damage|p2a: Gengar|131\/261|[from] Leech Seed|[of] p1a: Landorus-Therian
|-heal|p1a: Landorus-Therian|114\/325 brn|[silent]
|-damage|p1a: Landorus-Therian|74\/325 brn|[from] brn
|turn|26
|
|move|p1a: Landorus-Therian|U-turn|p2a: Gengar
|-resisted|p2a: Gengar
|-damage|p2a: Gengar|115\/261
|
|switch|p1a: Tyranitar|Tyranitar, F|158\/366
|-weather|Sandstorm
|move|p2a: Gengar|Sludge Wave|p1a: Tyranitar
|-resisted|p1a: Tyranitar
|-damage|p1a: Tyranitar|112\/366
|
|-weather|Sandstorm|[upkeep]
|-damage|p2a: Gengar|99\/261|[from] sandstorm
|-heal|p2a: Gengar|115\/261|[from] item: Leftovers
|-damage|p2a: Gengar|83\/261|[from] Leech Seed|[of] p1a: Tyranitar
|-heal|p1a: Tyranitar|144\/366|[silent]
|turn|27
|
|move|p2a: Gengar|Will-O-Wisp|p1a: Tyranitar
|-status|p1a: Tyranitar|brn
|move|p1a: Tyranitar|Crunch|p2a: Gengar
|-crit|p2a: Gengar
|-supereffective|p2a: Gengar
|-damage|p2a: Gengar|0 fnt
|faint|p2a: Gengar
|
|-weather|Sandstorm|[upkeep]
|-damage|p1a: Tyranitar|99\/366 brn|[from] brn
|
|switch|p2a: Gyarados|Gyarados, M|351\/351
|-damage|p2a: Gyarados|264\/351|[from] Stealth Rock
|-ability|p2a: Gyarados|Intimidate|[of] p1a: Tyranitar
|-unboost|p1a: Tyranitar|atk|1
|turn|28
|
|switch|p1a: Chesnaught|Chesnaught, M|140\/369
|move|p2a: Gyarados|Dragon Dance|p2a: Gyarados
|-boost|p2a: Gyarados|atk|1
|-boost|p2a: Gyarados|spe|1
|
|-weather|Sandstorm|[upkeep]
|-damage|p2a: Gyarados|243\/351|[from] sandstorm
|-damage|p1a: Chesnaught|117\/369|[from] sandstorm
|-heal|p1a: Chesnaught|140\/369|[from] item: Leftovers
|turn|29
|c|âSunnySuspect|G_G
|
|move|p2a: Gyarados|Waterfall|p1a: Chesnaught
|-resisted|p1a: Chesnaught
|-damage|p1a: Chesnaught|74\/369
|move|p1a: Chesnaught|Leech Seed|p2a: Gyarados
|-start|p2a: Gyarados|move: Leech Seed
|
|-weather|Sandstorm|[upkeep]
|-damage|p2a: Gyarados|222\/351|[from] sandstorm
|-damage|p1a: Chesnaught|51\/369|[from] sandstorm
|-heal|p1a: Chesnaught|74\/369|[from] item: Leftovers
|-damage|p2a: Gyarados|179\/351|[from] Leech Seed|[of] p1a: Chesnaught
|-heal|p1a: Chesnaught|117\/369|[silent]
|turn|30
|
|detailschange|p2a: Gyarados|Gyarados-Mega, M
|-mega|p2a: Gyarados|Gyarados|Gyaradosite
|-ability|p2a: Gyarados|Mold Breaker
|move|p1a: Chesnaught|Spiky Shield|p1a: Chesnaught
|-singleturn|p1a: Chesnaught|move: Protect
|move|p2a: Gyarados|Waterfall|p1a: Chesnaught
|-activate|p1a: Chesnaught|move: Protect
|-damage|p2a: Gyarados|136\/351|[from] Spiky Shield|[of] p1a: Chesnaught
|
|-weather|none
|-heal|p1a: Chesnaught|140\/369|[from] item: Leftovers
|-damage|p2a: Gyarados|93\/351|[from] Leech Seed|[of] p1a: Chesnaught
|-heal|p1a: Chesnaught|183\/369|[silent]
|turn|31
|c|âProfessional 01|NO CANCEL BUTTON
|
|move|p2a: Gyarados|Waterfall|p1a: Chesnaught
|-crit|p1a: Chesnaught
|-resisted|p1a: Chesnaught
|-damage|p1a: Chesnaught|55\/369
|cant|p1a: Chesnaught|flinch
|
|-heal|p1a: Chesnaught|78\/369|[from] item: Leftovers
|-damage|p2a: Gyarados|50\/351|[from] Leech Seed|[of] p1a: Chesnaught
|-heal|p1a: Chesnaught|121\/369|[silent]
|turn|32
|
|move|p2a: Gyarados|Dragon Dance|p2a: Gyarados
|-boost|p2a: Gyarados|atk|1
|-boost|p2a: Gyarados|spe|1
|move|p1a: Chesnaught|Spikes|p2a: Gyarados
|-sidestart|p2: Professional 01|Spikes
|
|-heal|p1a: Chesnaught|144\/369|[from] item: Leftovers
|-damage|p2a: Gyarados|7\/351|[from] Leech Seed|[of] p1a: Chesnaught
|-heal|p1a: Chesnaught|187\/369|[silent]
|turn|33
|
|move|p1a: Chesnaught|Spiky Shield|p1a: Chesnaught
|-singleturn|p1a: Chesnaught|move: Protect
|move|p2a: Gyarados|Waterfall|p1a: Chesnaught
|-activate|p1a: Chesnaught|move: Protect
|-damage|p2a: Gyarados|0 fnt|[from] Spiky Shield|[of] p1a: Chesnaught
|faint|p2a: Gyarados
|
|-heal|p1a: Chesnaught|210\/369|[from] item: Leftovers
|
|switch|p2a: Clefable|Clefable, F|371\/394
|turn|34
|
|move|p1a: Chesnaught|Leech Seed|p2a: Clefable
|-start|p2a: Clefable|move: Leech Seed
|move|p2a: Clefable|Moonblast|p1a: Chesnaught
|-supereffective|p1a: Chesnaught
|-damage|p1a: Chesnaught|0 fnt
|faint|p1a: Chesnaught
|
|c|âSunnySuspect|tfw
|c|âSunnySuspect|clef sweep
|c|âProfessional 01|hopefully
|c|âProfessional 01|clef
|
|switch|p1a: Tyranitar|Tyranitar, F|99\/366 brn
|-weather|Sandstorm
|turn|35
|c|âProfessional 01|coming
|c|âProfessional 01|thloo
|
|move|p1a: Tyranitar|Stone Edge|p2a: Clefable
|-damage|p2a: Clefable|272\/394
|move|p2a: Clefable|Soft-Boiled|p2a: Clefable
|-heal|p2a: Clefable|394\/394
|
|-weather|Sandstorm|[upkeep]
|-damage|p1a: Tyranitar|54\/366 brn|[from] brn
|turn|36
|
|move|p1a: Tyranitar|Stone Edge|p2a: Clefable
|-damage|p2a: Clefable|300\/394
|move|p2a: Clefable|Soft-Boiled|p2a: Clefable
|-heal|p2a: Clefable|394\/394
|
|-weather|Sandstorm|[upkeep]
|-damage|p1a: Tyranitar|9\/366 brn|[from] brn
|turn|37
|c|âSunnySuspect|burning tar lost it for me
|c|âSunnySuspect|;-;
|
|move|p1a: Tyranitar|Stone Edge|p2a: Clefable
|-damage|p2a: Clefable|298\/394
|move|p2a: Clefable|Soft-Boiled|p2a: Clefable
|-heal|p2a: Clefable|394\/394
|
|-weather|Sandstorm|[upkeep]
|-damage|p1a: Tyranitar|0 fnt|[from] brn
|faint|p1a: Tyranitar
|
|switch|p1a: Landorus-Therian|Landorus-Therian, M|74\/325 brn
|-ability|p1a: Landorus-Therian|Intimidate|[of] p2a: Clefable
|-unboost|p2a: Clefable|atk|1
|turn|38
|
|move|p1a: Landorus-Therian|Earthquake|p2a: Clefable
|-damage|p2a: Clefable|291\/394
|move|p2a: Clefable|Soft-Boiled|p2a: Clefable
|-heal|p2a: Clefable|394\/394
|
|-weather|Sandstorm|[upkeep]
|-damage|p1a: Landorus-Therian|34\/325 brn|[from] brn
|turn|39
|c|âSunnySuspect|clef ability is godly
|
|move|p1a: Landorus-Therian|Earthquake|p2a: Clefable
|-crit|p2a: Clefable
|-damage|p2a: Clefable|255\/394
|move|p2a: Clefable|Soft-Boiled|p2a: Clefable
|-heal|p2a: Clefable|394\/394
|
|-weather|none
|-damage|p1a: Landorus-Therian|0 fnt|[from] brn
|faint|p1a: Landorus-Therian
|c|âSunnySuspect|fuck
|c|âSunnySuspect|;-;
|
|switch|p1a: Gardevoir|Gardevoir-Mega, M|39\/277
|turn|40
|c|âProfessional 01|gg
|c|âSunnySuspect|crit hyper voice right here imo
|c|âSunnySuspect|gg
|
|move|p1a: Gardevoir|Hyper Voice|p2a: Clefable
|-damage|p2a: Clefable|123\/394
|move|p2a: Clefable|Moonblast|p1a: Gardevoir
|-damage|p1a: Gardevoir|0 fnt
|faint|p1a: Gardevoir
|
|win|Professional 01
|raw|Ladder updating...
|c|âSunnySuspect|nope
|raw|SunnySuspect's rating: 1307 &rarr; <strong>1294<\/strong><br \/>(-13 for losing)
|raw|Professional 01's rating: 1429 &rarr; <strong>1443<\/strong><br \/>(+14 for winning)