|join|BruhBall
|join|Psych0
|player|p1|BruhBall|278
|player|p2|Psych0|169
|gametype|singles
|gen|6
|tier|UU
|rated
|rule|Sleep Clause Mod: Limit one foe put to sleep
|rule|Species Clause: Limit one of each PokÃ©mon
|rule|OHKO Clause: OHKO moves are banned
|rule|Moody Clause: Moody is banned
|rule|Evasion Moves Clause: Evasion moves are banned
|rule|Endless Battle Clause: Forcing endless battles is banned
|rule|HP Percentage Mod: HP is shown in percentages
|clearpoke
|poke|p1|Noivern, F
|poke|p1|Crobat, F
|poke|p1|Empoleon, M
|poke|p1|Absol, M
|poke|p1|Florges, F
|poke|p1|Raikou
|poke|p2|Azelf
|poke|p2|Chandelure, M
|poke|p2|Haxorus, F
|poke|p2|Hydreigon, F
|poke|p2|Jirachi
|poke|p2|Chesnaught, F
|rule|Swagger Clause: Swagger is banned
|rule|Baton Pass Clause: Limit one PokÃ©mon knowing Baton Pass
|teampreview
|
|start
|switch|p1a: Absol|Absol, M|271\/271
|switch|p2a: Jirachi|Jirachi|404\/404
|-ability|p1a: Absol|Pressure
|turn|1
|
|switch|p2a: Chesnaught|Chesnaught, F|379\/379
|detailschange|p1a: Absol|Absol-Mega, M
|-mega|p1a: Absol|Absol|Absolite
|move|p1a: Absol|Knock Off|p2a: Chesnaught
|-resisted|p2a: Chesnaught
|-damage|p2a: Chesnaught|316\/379
|-damage|p1a: Absol|226\/271|[from] item: Rocky Helmet|[of] p2a: Chesnaught
|-enditem|p2a: Chesnaught|Rocky Helmet|[from] move: Knock Off|[of] p1a: Absol
|
|turn|2
|
|switch|p1a: Crobat|Crobat, F|311\/311
|move|p2a: Chesnaught|Leech Seed|p1a: Crobat
|-start|p1a: Crobat|move: Leech Seed
|
|-damage|p1a: Crobat|273\/311|[from] Leech Seed|[of] p2a: Chesnaught
|-heal|p2a: Chesnaught|354\/379|[silent]
|turn|3
|
|switch|p1a: Florges|Florges, F|360\/360
|move|p2a: Chesnaught|Spiky Shield|p2a: Chesnaught
|-fail|p2a: Chesnaught
|
|turn|4
|
|switch|p1a: Raikou|Raikou|322\/322
|-ability|p1a: Raikou|Pressure
|switch|p2a: Jirachi|Jirachi|404\/404
|
|turn|5
|
|move|p1a: Raikou|Substitute|p1a: Raikou
|-start|p1a: Raikou|Substitute
|-damage|p1a: Raikou|242\/322
|move|p2a: Jirachi|Substitute|p2a: Jirachi
|-start|p2a: Jirachi|Substitute
|-damage|p2a: Jirachi|303\/404
|
|-heal|p1a: Raikou|262\/322|[from] item: Leftovers
|-heal|p2a: Jirachi|328\/404|[from] item: Leftovers
|turn|6
|
|move|p1a: Raikou|Thunderbolt|p2a: Jirachi
|-end|p2a: Jirachi|Substitute
|move|p2a: Jirachi|Zen Headbutt|p1a: Raikou
|-end|p1a: Raikou|Substitute
|
|-heal|p1a: Raikou|282\/322|[from] item: Leftovers
|-heal|p2a: Jirachi|353\/404|[from] item: Leftovers
|turn|7
|
|switch|p1a: Absol|Absol-Mega, M|226\/271
|move|p2a: Jirachi|Toxic|p1a: Absol
|move|p1a: Absol|Toxic|p2a: Jirachi|[from]Magic Bounce
|-fail|p2a: Jirachi
|
|-heal|p2a: Jirachi|378\/404|[from] item: Leftovers
|turn|8
|c|âPsych0|Why you no work cancel button ;-;
|
|switch|p2a: Chesnaught|Chesnaught, F|354\/379
|move|p1a: Absol|Knock Off|p2a: Chesnaught
|-resisted|p2a: Chesnaught
|-damage|p2a: Chesnaught|315\/379
|
|turn|9
|
|switch|p1a: Crobat|Crobat, F|273\/311
|move|p2a: Chesnaught|Drain Punch|p1a: Crobat
|-resisted|p1a: Crobat
|-damage|p1a: Crobat|246\/311
|-heal|p2a: Chesnaught|329\/379|[from] drain|[of] p1a: Crobat
|
|turn|10
|
|switch|p1a: Raikou|Raikou|282\/322
|-ability|p1a: Raikou|Pressure
|move|p2a: Chesnaught|Spiky Shield|p2a: Chesnaught
|-fail|p2a: Chesnaught
|
|-heal|p1a: Raikou|302\/322|[from] item: Leftovers
|turn|11
|
|move|p1a: Raikou|Substitute|p1a: Raikou
|-start|p1a: Raikou|Substitute
|-damage|p1a: Raikou|222\/322
|move|p2a: Chesnaught|Drain Punch|p1a: Raikou
|-end|p1a: Raikou|Substitute
|-heal|p2a: Chesnaught|369\/379|[from] drain|[of] p1a: Raikou
|
|-heal|p1a: Raikou|242\/322|[from] item: Leftovers
|turn|12
|
|move|p1a: Raikou|Hidden Power|p2a: Chesnaught
|-supereffective|p2a: Chesnaught
|-damage|p2a: Chesnaught|195\/379
|move|p2a: Chesnaught|Spikes|p1a: Raikou
|-sidestart|p1: BruhBall|Spikes
|
|-heal|p1a: Raikou|262\/322|[from] item: Leftovers
|turn|13
|
|switch|p2a: Hydreigon|Hydreigon, F|325\/325
|move|p1a: Raikou|Substitute|p1a: Raikou
|-start|p1a: Raikou|Substitute
|-damage|p1a: Raikou|182\/322
|
|-heal|p1a: Raikou|202\/322|[from] item: Leftovers
|turn|14
|
|move|p1a: Raikou|Hidden Power|p2a: Hydreigon
|-supereffective|p2a: Hydreigon
|-damage|p2a: Hydreigon|181\/325
|move|p2a: Hydreigon|U-turn|p1a: Raikou
|-activate|p1a: Raikou|Substitute|[damage]
|
|switch|p2a: Azelf|Azelf|291\/291
|
|-heal|p1a: Raikou|222\/322|[from] item: Leftovers
|turn|15
|
|move|p1a: Raikou|Thunderbolt|p2a: Azelf
|-damage|p2a: Azelf|75\/291
|move|p2a: Azelf|Stealth Rock|p1a: Raikou
|-sidestart|p1: BruhBall|move: Stealth Rock
|
|-heal|p1a: Raikou|242\/322|[from] item: Leftovers
|turn|16
|
|move|p1a: Raikou|Calm Mind|p1a: Raikou
|-boost|p1a: Raikou|spa|1
|-boost|p1a: Raikou|spd|1
|move|p2a: Azelf|U-turn|p1a: Raikou
|-end|p1a: Raikou|Substitute
|
|switch|p2a: Jirachi|Jirachi|378\/404
|
|-heal|p1a: Raikou|262\/322|[from] item: Leftovers
|-heal|p2a: Jirachi|403\/404|[from] item: Leftovers
|turn|17
|
|move|p1a: Raikou|Substitute|p1a: Raikou
|-start|p1a: Raikou|Substitute
|-damage|p1a: Raikou|182\/322
|move|p2a: Jirachi|Zen Headbutt|p1a: Raikou
|-end|p1a: Raikou|Substitute
|
|-heal|p1a: Raikou|202\/322|[from] item: Leftovers
|-heal|p2a: Jirachi|404\/404|[from] item: Leftovers
|turn|18
|
|move|p1a: Raikou|Substitute|p1a: Raikou
|-start|p1a: Raikou|Substitute
|-damage|p1a: Raikou|122\/322
|move|p2a: Jirachi|Toxic|p1a: Raikou
|
|-heal|p1a: Raikou|142\/322|[from] item: Leftovers
|turn|19
|
|move|p1a: Raikou|Thunderbolt|p2a: Jirachi
|-damage|p2a: Jirachi|202\/404
|move|p2a: Jirachi|Zen Headbutt|p1a: Raikou
|-end|p1a: Raikou|Substitute
|
|-heal|p1a: Raikou|162\/322|[from] item: Leftovers
|-heal|p2a: Jirachi|227\/404|[from] item: Leftovers
|turn|20
|
|move|p1a: Raikou|Thunderbolt|p2a: Jirachi
|-damage|p2a: Jirachi|11\/404
|move|p2a: Jirachi|Zen Headbutt|p1a: Raikou
|-damage|p1a: Raikou|0 fnt
|faint|p1a: Raikou
|
|-heal|p2a: Jirachi|36\/404|[from] item: Leftovers
|
|switch|p1a: Noivern|Noivern, F|311\/311
|-damage|p1a: Noivern|234\/311|[from] Stealth Rock
|turn|21
|
|switch|p2a: Azelf|Azelf|75\/291
|move|p1a: Noivern|Hurricane|p2a: Azelf|[miss]
|-miss|p1a: Noivern|p2a: Azelf
|
|turn|22
|
|move|p1a: Noivern|Hurricane|p2a: Azelf
|-damage|p2a: Azelf|0 fnt
|faint|p2a: Azelf
|
|
|switch|p2a: Haxorus|Haxorus, F|293\/293
|-ability|p2a: Haxorus|Mold Breaker
|turn|23
|
|switch|p1a: Empoleon|Empoleon, M|371\/371
|-damage|p1a: Empoleon|325\/371|[from] Spikes
|-damage|p1a: Empoleon|302\/371|[from] Stealth Rock
|move|p2a: Haxorus|Swords Dance|p2a: Haxorus
|-boost|p2a: Haxorus|atk|2
|
|-heal|p1a: Empoleon|325\/371|[from] item: Leftovers
|turn|24
|
|move|p2a: Haxorus|Dragon Claw|p1a: Empoleon
|-resisted|p1a: Empoleon
|-damage|p1a: Empoleon|144\/371
|move|p1a: Empoleon|Ice Beam|p2a: Haxorus
|-supereffective|p2a: Haxorus
|-damage|p2a: Haxorus|95\/293
|
|-heal|p1a: Empoleon|167\/371|[from] item: Leftovers
|turn|25
|
|move|p2a: Haxorus|Dragon Claw|p1a: Empoleon
|-resisted|p1a: Empoleon
|-damage|p1a: Empoleon|0 fnt
|faint|p1a: Empoleon
|
|
|switch|p1a: Crobat|Crobat, F|246\/311
|-damage|p1a: Crobat|169\/311|[from] Stealth Rock
|turn|26
|
|move|p1a: Crobat|Brave Bird|p2a: Haxorus
|-damage|p2a: Haxorus|0 fnt
|-damage|p1a: Crobat|138\/311|[from] recoil|[of] p2a: Haxorus
|faint|p2a: Haxorus
|
|
|switch|p2a: Chandelure|Chandelure, M|261\/261
|turn|27
|
|switch|p1a: Florges|Florges, F|360\/360
|-damage|p1a: Florges|315\/360|[from] Spikes
|-damage|p1a: Florges|270\/360|[from] Stealth Rock
|move|p2a: Chandelure|Fire Blast|p1a: Florges
|-crit|p1a: Florges
|-damage|p1a: Florges|62\/360
|
|-heal|p1a: Florges|84\/360|[from] item: Leftovers
|turn|28
|
|move|p1a: Florges|Protect|p1a: Florges
|-singleturn|p1a: Florges|Protect
|move|p2a: Chandelure|Fire Blast|p1a: Florges
|-activate|p1a: Florges|Protect
|
|-heal|p1a: Florges|106\/360|[from] item: Leftovers
|turn|29
|c|âBruhBall|oh
|
|move|p2a: Chandelure|Fire Blast|p1a: Florges
|-damage|p1a: Florges|0 fnt
|faint|p1a: Florges
|
|
|switch|p1a: Absol|Absol-Mega, M|226\/271
|-damage|p1a: Absol|193\/271|[from] Stealth Rock
|-damage|p1a: Absol|160\/271|[from] Spikes
|turn|30
|
|switch|p2a: Chesnaught|Chesnaught, F|195\/379
|move|p1a: Absol|Sucker Punch|p2a: Chesnaught
|-fail|p2a: Chesnaught
|
|turn|31
|
|move|p1a: Absol|Superpower|p2a: Chesnaught
|-damage|p2a: Chesnaught|90\/379
|-unboost|p1a: Absol|atk|1
|-unboost|p1a: Absol|def|1
|move|p2a: Chesnaught|Drain Punch|p1a: Absol
|-supereffective|p1a: Absol
|-damage|p1a: Absol|0 fnt
|-heal|p2a: Chesnaught|170\/379|[from] drain|[of] p1a: Absol
|faint|p1a: Absol
|
|
|switch|p1a: Noivern|Noivern, F|234\/311
|-damage|p1a: Noivern|157\/311|[from] Stealth Rock
|turn|32
|
|move|p2a: Chesnaught|Spiky Shield|p2a: Chesnaught
|-singleturn|p2a: Chesnaught|move: Protect
|move|p1a: Noivern|Hurricane|p2a: Chesnaught
|-activate|p2a: Chesnaught|move: Protect
|
|turn|33
|
|move|p1a: Noivern|Hurricane|p2a: Chesnaught|[miss]
|-miss|p1a: Noivern|p2a: Chesnaught
|move|p2a: Chesnaught|Drain Punch|p1a: Noivern
|-resisted|p1a: Noivern
|-damage|p1a: Noivern|94\/311
|-heal|p2a: Chesnaught|202\/379|[from] drain|[of] p1a: Noivern
|
|turn|34
|
|move|p1a: Noivern|Hurricane|p2a: Chesnaught|[miss]
|-miss|p1a: Noivern|p2a: Chesnaught
|move|p2a: Chesnaught|Drain Punch|p1a: Noivern
|-resisted|p1a: Noivern
|-damage|p1a: Noivern|34\/311
|-heal|p2a: Chesnaught|232\/379|[from] drain|[of] p1a: Noivern
|
|turn|35
|c|âPsych0|:\
|c|âBruhBall|........
|
|move|p1a: Noivern|Hurricane|p2a: Chesnaught|[miss]
|-miss|p1a: Noivern|p2a: Chesnaught
|move|p2a: Chesnaught|Drain Punch|p1a: Noivern
|-resisted|p1a: Noivern
|-damage|p1a: Noivern|0 fnt
|-heal|p2a: Chesnaught|249\/379|[from] drain|[of] p1a: Noivern
|faint|p1a: Noivern
|
|c|âBruhBall|lul
|
|switch|p1a: Crobat|Crobat, F|138\/311
|-damage|p1a: Crobat|61\/311|[from] Stealth Rock
|turn|36
|c|âBruhBall|gg sir
|
|move|p1a: Crobat|Brave Bird|p2a: Chesnaught
|-supereffective|p2a: Chesnaught
|-damage|p2a: Chesnaught|0 fnt
|-damage|p1a: Crobat|0 fnt|[from] recoil|[of] p2a: Chesnaught
|faint|p2a: Chesnaught
|faint|p1a: Crobat
|
|win|Psych0
|raw|Ladder updating...
|raw|BruhBall's rating: 1461 &rarr; <strong>1434<\/strong><br \/>(-27 for losing)
|raw|Psych0's rating: 1319 &rarr; <strong>1347<\/strong><br \/>(+28 for winning)
|c|âPsych0|same to you
|leave|BruhBall
|player|p1
|leave|Psych0
|player|p2
|join|BruhBall