|join|Yin
|join|Aegislash Returns
|player|p1|Yin|279
|player|p2|Aegislash Returns|274
|gametype|singles
|gen|6
|tier|OU
|clearpoke
|poke|p1|Victini
|poke|p1|Raikou
|poke|p1|Aerodactyl, M
|poke|p1|Landorus-Therian, M
|poke|p1|Azumarill, M
|poke|p1|Klefki, M
|poke|p2|Clefable, F
|poke|p2|Conkeldurr, F
|poke|p2|Landorus-Therian, M
|poke|p2|Chansey, F
|poke|p2|Scizor, F
|poke|p2|Alomomola, F
|rule|Swagger Clause: Swagger is banned
|rule|Baton Pass Clause: Limit one PokÃ©mon knowing Baton Pass
|rule|Sleep Clause Mod: Limit one foe put to sleep
|rule|Species Clause: Limit one of each PokÃ©mon
|rule|OHKO Clause: OHKO moves are banned
|rule|Moody Clause: Moody is banned
|rule|Evasion Moves Clause: Evasion moves are banned
|rule|Endless Battle Clause: Forcing endless battles is banned
|rule|HP Percentage Mod: HP is shown in percentages
|teampreview
|join|blasphereion
|
|start
|switch|p1a: Azumarill|Azumarill, M|382\/382
|switch|p2a: Mega Luvdisc|Alomomola, F|534\/534
|turn|1
|join|bossboss
|
|switch|p1a: Klefki|Klefki, M|317\/317
|move|p2a: Mega Luvdisc|Toxic|p1a: Klefki
|-fail|p1a: Klefki
|
|turn|2
|
|move|p1a: Klefki|Spikes|p2a: Mega Luvdisc
|-sidestart|p2: Aegislash Returns|Spikes
|move|p2a: Mega Luvdisc|Scald|p1a: Klefki
|-damage|p1a: Klefki|281\/317
|
|-heal|p1a: Klefki|300\/317|[from] item: Leftovers
|turn|3
|
|move|p1a: Klefki|Toxic|p2a: Mega Luvdisc
|-status|p2a: Mega Luvdisc|tox
|move|p2a: Mega Luvdisc|Scald|p1a: Klefki
|-damage|p1a: Klefki|264\/317
|-status|p1a: Klefki|brn
|
|-heal|p1a: Klefki|283\/317 brn|[from] item: Leftovers
|-damage|p1a: Klefki|244\/317 brn|[from] brn
|-damage|p2a: Mega Luvdisc|501\/534 tox|[from] psn
|turn|4
|
|switch|p1a: Raikou|Raikou|321\/321
|-ability|p1a: Raikou|Pressure
|switch|p2a: Clamps|Scizor, F|343\/343
|-damage|p2a: Clamps|301\/343|[from] Spikes
|
|turn|5
|
|detailschange|p2a: Clamps|Scizor-Mega, F
|message|Scizor has Mega Evolved into Mega Scizor!
|move|p1a: Raikou|Volt Switch|p2a: Clamps
|-damage|p2a: Clamps|196\/343
|
|switch|p1a: Victini|Victini|343\/343
|move|p2a: Clamps|Roost|p2a: Clamps
|-heal|p2a: Clamps|343\/343
|
|turn|6
|
|switch|p2a: Mega Luvdisc|Alomomola, F|534\/534 tox
|-damage|p2a: Mega Luvdisc|468\/534 tox|[from] Spikes
|move|p1a: Victini|V-create|p2a: Mega Luvdisc
|-resisted|p2a: Mega Luvdisc
|-damage|p2a: Mega Luvdisc|312\/534 tox
|-damage|p1a: Victini|286\/343|[from] item: Rocky Helmet|[of] p2a: Mega Luvdisc
|-unboost|p1a: Victini|def|1
|-unboost|p1a: Victini|spd|1
|-unboost|p1a: Victini|spe|1
|
|-damage|p2a: Mega Luvdisc|279\/534 tox|[from] psn
|turn|7
|
|switch|p1a: Raikou|Raikou|321\/321
|-ability|p1a: Raikou|Pressure
|switch|p2a: RAWR!|Landorus-Therian, M|382\/382
|-ability|p2a: RAWR!|Intimidate|[of] p1a: Raikou
|-unboost|p1a: Raikou|atk|1
|
|turn|8
|
|switch|p1a: Landorus-Therian|Landorus-Therian, M|325\/325
|-ability|p1a: Landorus-Therian|Intimidate|[of] p2a: RAWR!
|-unboost|p2a: RAWR!|atk|1
|switch|p2a: Conkelderp|Conkeldurr, F|401\/401
|-damage|p2a: Conkelderp|351\/401|[from] Spikes
|
|turn|9
|
|move|p1a: Landorus-Therian|Fly|p2a: Conkelderp|[still]
|-prepare|p1a: Landorus-Therian|Fly|p2a: Conkelderp
|-enditem|p1a: Landorus-Therian|Power Herb
|-anim|p1a: Landorus-Therian|Fly|p2a: Conkelderp
|-supereffective|p2a: Conkelderp
|-damage|p2a: Conkelderp|0 fnt
|faint|p2a: Conkelderp
|
|
|switch|p2a: RAWR!|Landorus-Therian, M|382\/382
|-ability|p2a: RAWR!|Intimidate|[of] p1a: Landorus-Therian
|-unboost|p1a: Landorus-Therian|atk|1
|turn|10
|
|move|p1a: Landorus-Therian|Stealth Rock|p2a: RAWR!
|-sidestart|p2: Aegislash Returns|move: Stealth Rock
|move|p2a: RAWR!|Stealth Rock|p1a: Landorus-Therian
|-sidestart|p1: Yin|move: Stealth Rock
|
|turn|11
|
|move|p1a: Landorus-Therian|U-turn|p2a: RAWR!
|-resisted|p2a: RAWR!
|-damage|p2a: RAWR!|358\/382
|
|switch|p1a: Azumarill|Azumarill, M|382\/382
|-damage|p1a: Azumarill|335\/382|[from] Stealth Rock
|move|p2a: RAWR!|U-turn|p1a: Azumarill
|-resisted|p1a: Azumarill
|-damage|p1a: Azumarill|292\/382
|
|switch|p2a: Wut's Toxic?|Clefable, F|394\/394
|-damage|p2a: Wut's Toxic?|345\/394|[from] Spikes
|-damage|p2a: Wut's Toxic?|296\/394|[from] Stealth Rock
|
|-heal|p2a: Wut's Toxic?|320\/394|[from] item: Leftovers
|turn|12
|
|move|p1a: Azumarill|Waterfall|p2a: Wut's Toxic?
|-damage|p2a: Wut's Toxic?|91\/394
|move|p2a: Wut's Toxic?|Moonlight|p2a: Wut's Toxic?
|-heal|p2a: Wut's Toxic?|288\/394
|
|-heal|p2a: Wut's Toxic?|312\/394|[from] item: Leftovers
|turn|13
|
|switch|p2a: Mega Luvdisc|Alomomola, F|457\/534 tox
|-damage|p2a: Mega Luvdisc|391\/534 tox|[from] Spikes
|-damage|p2a: Mega Luvdisc|325\/534 tox|[from] Stealth Rock
|move|p1a: Azumarill|Waterfall|p2a: Mega Luvdisc
|-resisted|p2a: Mega Luvdisc
|-damage|p2a: Mega Luvdisc|208\/534 tox
|-damage|p1a: Azumarill|229\/382|[from] item: Rocky Helmet|[of] p2a: Mega Luvdisc
|
|-damage|p2a: Mega Luvdisc|175\/534 tox|[from] psn
|turn|14
|
|switch|p2a: Clamps|Scizor-Mega, F|343\/343
|-damage|p2a: Clamps|301\/343|[from] Spikes
|-damage|p2a: Clamps|259\/343|[from] Stealth Rock
|move|p1a: Azumarill|Waterfall|p2a: Clamps
|-damage|p2a: Clamps|120\/343
|
|turn|15
|
|move|p2a: Clamps|Roost|p2a: Clamps
|-heal|p2a: Clamps|292\/343
|move|p1a: Azumarill|Waterfall|p2a: Clamps
|-crit|p2a: Clamps
|-damage|p2a: Clamps|63\/343
|
|turn|16
|
|switch|p1a: Victini|Victini|286\/343
|-damage|p1a: Victini|201\/343|[from] Stealth Rock
|move|p2a: Clamps|Roost|p2a: Clamps
|-heal|p2a: Clamps|235\/343
|
|turn|17
|
|switch|p2a: RAWR!|Landorus-Therian, M|358\/382
|-damage|p2a: RAWR!|311\/382|[from] Stealth Rock
|-ability|p2a: RAWR!|Intimidate|[of] p1a: Victini
|-unboost|p1a: Victini|atk|1
|move|p1a: Victini|V-create|p2a: RAWR!
|-damage|p2a: RAWR!|106\/382
|-unboost|p1a: Victini|def|1
|-unboost|p1a: Victini|spd|1
|-unboost|p1a: Victini|spe|1
|
|-heal|p2a: RAWR!|129\/382|[from] item: Leftovers
|turn|18
|
|switch|p1a: Landorus-Therian|Landorus-Therian, M|325\/325
|-damage|p1a: Landorus-Therian|285\/325|[from] Stealth Rock
|-ability|p1a: Landorus-Therian|Intimidate|[of] p2a: RAWR!
|-unboost|p2a: RAWR!|atk|1
|move|p2a: RAWR!|U-turn|p1a: Landorus-Therian
|-resisted|p1a: Landorus-Therian
|-damage|p1a: Landorus-Therian|260\/325
|
|switch|p2a: Clamps|Scizor-Mega, F|235\/343
|-damage|p2a: Clamps|193\/343|[from] Stealth Rock
|-damage|p2a: Clamps|151\/343|[from] Spikes
|
|turn|19
|
|move|p1a: Landorus-Therian|Earthquake|p2a: Clamps
|-damage|p2a: Clamps|34\/343
|move|p2a: Clamps|Roost|p2a: Clamps
|-heal|p2a: Clamps|206\/343
|
|turn|20
|
|move|p1a: Landorus-Therian|U-turn|p2a: Clamps
|-resisted|p2a: Clamps
|-damage|p2a: Clamps|179\/343
|
|switch|p1a: Raikou|Raikou|321\/321
|-damage|p1a: Raikou|281\/321|[from] Stealth Rock
|-ability|p1a: Raikou|Pressure
|move|p2a: Clamps|Roost|p2a: Clamps
|-heal|p2a: Clamps|343\/343
|
|turn|21
|
|move|p1a: Raikou|Thunderbolt|p2a: Clamps
|-damage|p2a: Clamps|189\/343
|move|p2a: Clamps|Defog|p1a: Raikou
|-unboost|p1a: Raikou|evasion|1
|-sideend|p1: Yin|Stealth Rock|[from] move: Defog|[of] p1a: Raikou
|-sideend|p2: Aegislash Returns|Spikes|[from] move: Defog|[of] p2a: Clamps
|-sideend|p2: Aegislash Returns|Stealth Rock|[from] move: Defog|[of] p2a: Clamps
|
|turn|22
|
|move|p1a: Raikou|Volt Switch|p2a: Clamps
|-damage|p2a: Clamps|80\/343
|
|switch|p1a: Victini|Victini|201\/343
|move|p2a: Clamps|Roost|p2a: Clamps
|-heal|p2a: Clamps|252\/343
|
|turn|23
|
|switch|p1a: Raikou|Raikou|281\/321
|-ability|p1a: Raikou|Pressure
|switch|p2a: Mega Luvdisc|Alomomola, F|353\/534 tox
|
|-damage|p2a: Mega Luvdisc|320\/534 tox|[from] psn
|turn|24
|
|switch|p2a: HP Blob|Chansey, F|704\/704
|move|p1a: Raikou|Volt Switch|p2a: HP Blob
|-damage|p2a: HP Blob|628\/704
|
|switch|p1a: Victini|Victini|201\/343
|
|turn|25
|
|move|p2a: HP Blob|Protect|p2a: HP Blob
|-singleturn|p2a: HP Blob|Protect
|move|p1a: Victini|V-create|p2a: HP Blob
|-activate|p2a: HP Blob|Protect
|
|turn|26
|join|Funkasaurus
|join|kevin loves gabbie
|
|switch|p1a: Raikou|Raikou|281\/321
|-ability|p1a: Raikou|Pressure
|switch|p2a: Mega Luvdisc|Alomomola, F|498\/534 tox
|
|-damage|p2a: Mega Luvdisc|465\/534 tox|[from] psn
|turn|27
|join|Kyou Fujibayashi
|
|switch|p2a: HP Blob|Chansey, F|628\/704
|move|p1a: Raikou|Volt Switch|p2a: HP Blob
|-damage|p2a: HP Blob|550\/704
|
|switch|p1a: Landorus-Therian|Landorus-Therian, M|260\/325
|-ability|p1a: Landorus-Therian|Intimidate|[of] p2a: HP Blob
|-unboost|p2a: HP Blob|atk|1
|
|turn|28
|
|switch|p2a: Clamps|Scizor-Mega, F|252\/343
|move|p1a: Landorus-Therian|U-turn|p2a: Clamps
|-resisted|p2a: Clamps
|-damage|p2a: Clamps|229\/343
|
|switch|p1a: Victini|Victini|201\/343
|
|turn|29
|
|switch|p2a: Mega Luvdisc|Alomomola, F|534\/534 tox
|move|p1a: Victini|Bolt Strike|p2a: Mega Luvdisc
|-supereffective|p2a: Mega Luvdisc
|-damage|p2a: Mega Luvdisc|202\/534 tox
|-damage|p1a: Victini|144\/343|[from] item: Rocky Helmet|[of] p2a: Mega Luvdisc
|
|-damage|p2a: Mega Luvdisc|169\/534 tox|[from] psn
|turn|30
|
|switch|p1a: Aerodactyl|Aerodactyl, M|301\/301
|-ability|p1a: Aerodactyl|Unnerve|p2: Aegislash Returns
|switch|p2a: RAWR!|Landorus-Therian, M|129\/382
|-ability|p2a: RAWR!|Intimidate|[of] p1a: Aerodactyl
|-unboost|p1a: Aerodactyl|atk|1
|
|-heal|p2a: RAWR!|152\/382|[from] item: Leftovers
|turn|31
|
|switch|p2a: HP Blob|Chansey, F|550\/704
|detailschange|p1a: Aerodactyl|Aerodactyl-Mega, M
|message|Aerodactyl has Mega Evolved into Mega Aerodactyl!
|move|p1a: Aerodactyl|Aqua Tail|p2a: HP Blob
|-damage|p2a: HP Blob|400\/704
|
|turn|32
|
|switch|p1a: Landorus-Therian|Landorus-Therian, M|260\/325
|-ability|p1a: Landorus-Therian|Intimidate|[of] p2a: HP Blob
|-unboost|p2a: HP Blob|atk|1
|move|p2a: HP Blob|Wish|p2a: HP Blob
|
|turn|33
|
|switch|p2a: RAWR!|Landorus-Therian, M|152\/382
|-ability|p2a: RAWR!|Intimidate|[of] p1a: Landorus-Therian
|-unboost|p1a: Landorus-Therian|atk|1
|move|p1a: Landorus-Therian|U-turn|p2a: RAWR!
|-resisted|p2a: RAWR!
|-damage|p2a: RAWR!|129\/382
|
|switch|p1a: Azumarill|Azumarill, M|229\/382
|
|-heal|p2a: RAWR!|382\/382|[from] move: Wish|[wisher] HP Blob
|turn|34
|
|move|p2a: RAWR!|U-turn|p1a: Azumarill
|-resisted|p1a: Azumarill
|-damage|p1a: Azumarill|184\/382
|
|switch|p2a: Clamps|Scizor-Mega, F|229\/343
|move|p1a: Azumarill|Waterfall|p2a: Clamps
|-damage|p2a: Clamps|81\/343
|
|turn|35
|
|switch|p1a: Raikou|Raikou|281\/321
|-ability|p1a: Raikou|Pressure
|move|p2a: Clamps|Roost|p2a: Clamps
|-heal|p2a: Clamps|253\/343
|
|turn|36
|
|move|p1a: Raikou|Volt Switch|p2a: Clamps
|-damage|p2a: Clamps|145\/343
|
|switch|p1a: Victini|Victini|144\/343
|move|p2a: Clamps|Roost|p2a: Clamps
|-heal|p2a: Clamps|317\/343
|
|turn|37
|
|switch|p2a: RAWR!|Landorus-Therian, M|382\/382
|-ability|p2a: RAWR!|Intimidate|[of] p1a: Victini
|-unboost|p1a: Victini|atk|1
|move|p1a: Victini|V-create|p2a: RAWR!
|-damage|p2a: RAWR!|168\/382
|-unboost|p1a: Victini|def|1
|-unboost|p1a: Victini|spd|1
|-unboost|p1a: Victini|spe|1
|
|-heal|p2a: RAWR!|191\/382|[from] item: Leftovers
|turn|38
|
|switch|p1a: Landorus-Therian|Landorus-Therian, M|260\/325
|-ability|p1a: Landorus-Therian|Intimidate|[of] p2a: RAWR!
|-unboost|p2a: RAWR!|atk|1
|move|p2a: RAWR!|U-turn|p1a: Landorus-Therian
|-resisted|p1a: Landorus-Therian
|-damage|p1a: Landorus-Therian|234\/325
|
|switch|p2a: Mega Luvdisc|Alomomola, F|347\/534 tox
|
|-damage|p2a: Mega Luvdisc|314\/534 tox|[from] psn
|turn|39
|
|move|p1a: Landorus-Therian|Stealth Rock|p2a: Mega Luvdisc
|-sidestart|p2: Aegislash Returns|move: Stealth Rock
|move|p2a: Mega Luvdisc|Wish|p2a: Mega Luvdisc
|
|-damage|p2a: Mega Luvdisc|248\/534 tox|[from] psn
|turn|40
|
|switch|p2a: RAWR!|Landorus-Therian, M|191\/382
|-damage|p2a: RAWR!|144\/382|[from] Stealth Rock
|-ability|p2a: RAWR!|Intimidate|[of] p1a: Landorus-Therian
|-unboost|p1a: Landorus-Therian|atk|1
|move|p1a: Landorus-Therian|U-turn|p2a: RAWR!
|-resisted|p2a: RAWR!
|-damage|p2a: RAWR!|120\/382
|
|switch|p1a: Aerodactyl|Aerodactyl-Mega, M|301\/301
|
|-heal|p2a: RAWR!|382\/382|[from] move: Wish|[wisher] Mega Luvdisc
|turn|41
|
|switch|p2a: Clamps|Scizor-Mega, F|317\/343
|-damage|p2a: Clamps|275\/343|[from] Stealth Rock
|move|p1a: Aerodactyl|Aqua Tail|p2a: Clamps
|-crit|p2a: Clamps
|-damage|p2a: Clamps|148\/343
|
|turn|42
|
|move|p1a: Aerodactyl|Fire Fang|p2a: Clamps
|-supereffective|p2a: Clamps
|-damage|p2a: Clamps|0 fnt
|faint|p2a: Clamps
|
|
|switch|p2a: Mega Luvdisc|Alomomola, F|426\/534 tox
|-damage|p2a: Mega Luvdisc|360\/534 tox|[from] Stealth Rock
|turn|43
|
|switch|p1a: Raikou|Raikou|281\/321
|-ability|p1a: Raikou|Pressure
|move|p2a: Mega Luvdisc|Wish|p2a: Mega Luvdisc
|
|-damage|p2a: Mega Luvdisc|327\/534 tox|[from] psn
|turn|44
|
|switch|p2a: Wut's Toxic?|Clefable, F|312\/394
|-damage|p2a: Wut's Toxic?|263\/394|[from] Stealth Rock
|move|p1a: Raikou|Hidden Power|p2a: Wut's Toxic?
|-damage|p2a: Wut's Toxic?|189\/394
|
|-heal|p2a: Wut's Toxic?|394\/394|[from] move: Wish|[wisher] Mega Luvdisc
|turn|45
|
|move|p1a: Raikou|Volt Switch|p2a: Wut's Toxic?
|-damage|p2a: Wut's Toxic?|274\/394
|
|switch|p1a: Klefki|Klefki, M|244\/317 brn
|move|p2a: Wut's Toxic?|Moonblast|p1a: Klefki
|-resisted|p1a: Klefki
|-damage|p1a: Klefki|205\/317 brn
|-unboost|p1a: Klefki|spa|1
|
|-heal|p1a: Klefki|224\/317 brn|[from] item: Leftovers
|-heal|p2a: Wut's Toxic?|298\/394|[from] item: Leftovers
|-damage|p1a: Klefki|185\/317 brn|[from] brn
|turn|46
|
|move|p1a: Klefki|Spikes|p2a: Wut's Toxic?
|-sidestart|p2: Aegislash Returns|Spikes
|move|p2a: Wut's Toxic?|Calm Mind|p2a: Wut's Toxic?
|-boost|p2a: Wut's Toxic?|spa|1
|-boost|p2a: Wut's Toxic?|spd|1
|
|-heal|p1a: Klefki|204\/317 brn|[from] item: Leftovers
|-heal|p2a: Wut's Toxic?|322\/394|[from] item: Leftovers
|-damage|p1a: Klefki|165\/317 brn|[from] brn
|turn|47
|
|move|p1a: Klefki|Toxic|p2a: Wut's Toxic?
|-status|p2a: Wut's Toxic?|tox
|move|p2a: Wut's Toxic?|Calm Mind|p2a: Wut's Toxic?
|-boost|p2a: Wut's Toxic?|spa|1
|-boost|p2a: Wut's Toxic?|spd|1
|
|-heal|p1a: Klefki|184\/317 brn|[from] item: Leftovers
|-heal|p2a: Wut's Toxic?|346\/394 tox|[from] item: Leftovers
|-damage|p1a: Klefki|145\/317 brn|[from] brn
|-damage|p2a: Wut's Toxic?|322\/394 tox|[from] psn
|turn|48
|join|B is for Brutus
|
|switch|p1a: Raikou|Raikou|281\/321
|-ability|p1a: Raikou|Pressure
|move|p2a: Wut's Toxic?|Flamethrower|p1a: Raikou
|-damage|p1a: Raikou|201\/321
|
|-heal|p2a: Wut's Toxic?|346\/394 tox|[from] item: Leftovers
|-damage|p2a: Wut's Toxic?|298\/394 tox|[from] psn
|turn|49
|
|move|p1a: Raikou|Volt Switch|p2a: Wut's Toxic?
|-damage|p2a: Wut's Toxic?|237\/394 tox
|
|switch|p1a: Victini|Victini|144\/343
|move|p2a: Wut's Toxic?|Moonblast|p1a: Victini
|-resisted|p1a: Victini
|-damage|p1a: Victini|32\/343
|
|-heal|p2a: Wut's Toxic?|261\/394 tox|[from] item: Leftovers
|-damage|p2a: Wut's Toxic?|189\/394 tox|[from] psn
|turn|50
|c| B is for Brutus|didnt even let me know u were doing
|c| B is for Brutus|:(
|c| B is for Brutus|is it g1
|c| kevin loves gabbie|who leaked
|c| kevin loves gabbie|:(
|c|âYin|sorry I forgot
|c| B is for Brutus|i found by myself oO
|
|switch|p1a: Klefki|Klefki, M|145\/317 brn
|switch|p2a: RAWR!|Landorus-Therian, M|382\/382
|-damage|p2a: RAWR!|335\/382|[from] Stealth Rock
|-ability|p2a: RAWR!|Intimidate|[of] p1a: Klefki
|-unboost|p1a: Klefki|atk|1
|
|-heal|p2a: RAWR!|358\/382|[from] item: Leftovers
|-heal|p1a: Klefki|164\/317 brn|[from] item: Leftovers
|-damage|p1a: Klefki|125\/317 brn|[from] brn
|turn|51
|
|switch|p1a: Victini|Victini|32\/343
|move|p2a: RAWR!|Stealth Rock|p1a: Victini
|-sidestart|p1: Yin|move: Stealth Rock
|
|-heal|p2a: RAWR!|381\/382|[from] item: Leftovers
|turn|52
|
|move|p1a: Victini|V-create|p2a: RAWR!
|-crit|p2a: RAWR!
|-damage|p2a: RAWR!|0 fnt
|-unboost|p1a: Victini|def|1
|-unboost|p1a: Victini|spd|1
|-unboost|p1a: Victini|spe|1
|faint|p2a: RAWR!
|
|
|switch|p2a: Mega Luvdisc|Alomomola, F|505\/534 tox
|-damage|p2a: Mega Luvdisc|439\/534 tox|[from] Spikes
|-damage|p2a: Mega Luvdisc|373\/534 tox|[from] Stealth Rock
|turn|53
|
|move|p1a: Victini|V-create|p2a: Mega Luvdisc
|-resisted|p2a: Mega Luvdisc
|-damage|p2a: Mega Luvdisc|199\/534 tox
|-damage|p1a: Victini|0 fnt|[from] item: Rocky Helmet|[of] p2a: Mega Luvdisc
|faint|p1a: Victini
|move|p2a: Mega Luvdisc|Wish|p2a: Mega Luvdisc
|
|-damage|p2a: Mega Luvdisc|166\/534 tox|[from] psn
|
|switch|p1a: Raikou|Raikou|201\/321
|-damage|p1a: Raikou|161\/321|[from] Stealth Rock
|-ability|p1a: Raikou|Pressure
|turn|54
|
|switch|p2a: HP Blob|Chansey, F|400\/704
|-damage|p2a: HP Blob|312\/704|[from] Stealth Rock
|-damage|p2a: HP Blob|224\/704|[from] Spikes
|move|p1a: Raikou|Volt Switch|p2a: HP Blob
|-damage|p2a: HP Blob|155\/704
|
|switch|p1a: Azumarill|Azumarill, M|184\/382
|-damage|p1a: Azumarill|137\/382|[from] Stealth Rock
|
|-heal|p2a: HP Blob|422\/704|[from] move: Wish|[wisher] Mega Luvdisc
|turn|55
|
|move|p2a: HP Blob|Protect|p2a: HP Blob
|-singleturn|p2a: HP Blob|Protect
|move|p1a: Azumarill|Superpower|p2a: HP Blob
|-activate|p2a: HP Blob|Protect
|
|turn|56
|c| B is for Brutus|but is it g1
|c| B is for Brutus|o.o
|c|âYin|n
|c|âYin|g2
|c| kevin loves gabbie|won g1.
|c| kevin loves gabbie|n_n
|
|switch|p2a: Wut's Toxic?|Clefable, F|189\/394 tox
|-damage|p2a: Wut's Toxic?|140\/394 tox|[from] Stealth Rock
|-damage|p2a: Wut's Toxic?|91\/394 tox|[from] Spikes
|move|p1a: Azumarill|Superpower|p2a: Wut's Toxic?
|-resisted|p2a: Wut's Toxic?
|-damage|p2a: Wut's Toxic?|0 fnt
|-unboost|p1a: Azumarill|atk|1
|-unboost|p1a: Azumarill|def|1
|faint|p2a: Wut's Toxic?
|
|c| B is for Brutus|n_n
|
|switch|p2a: Mega Luvdisc|Alomomola, F|344\/534 tox
|-damage|p2a: Mega Luvdisc|278\/534 tox|[from] Stealth Rock
|-damage|p2a: Mega Luvdisc|212\/534 tox|[from] Spikes
|turn|57
|
|switch|p1a: Raikou|Raikou|161\/321
|-damage|p1a: Raikou|121\/321|[from] Stealth Rock
|-ability|p1a: Raikou|Pressure
|move|p2a: Mega Luvdisc|Wish|p2a: Mega Luvdisc
|
|-damage|p2a: Mega Luvdisc|179\/534 tox|[from] psn
|turn|58
|
|switch|p2a: HP Blob|Chansey, F|422\/704
|-damage|p2a: HP Blob|334\/704|[from] Stealth Rock
|-damage|p2a: HP Blob|246\/704|[from] Spikes
|move|p1a: Raikou|Volt Switch|p2a: HP Blob
|-damage|p2a: HP Blob|177\/704
|
|switch|p1a: Azumarill|Azumarill, M|137\/382
|-damage|p1a: Azumarill|90\/382|[from] Stealth Rock
|
|-heal|p2a: HP Blob|444\/704|[from] move: Wish|[wisher] Mega Luvdisc
|turn|59
|
|move|p2a: HP Blob|Protect|p2a: HP Blob
|-singleturn|p2a: HP Blob|Protect
|move|p1a: Azumarill|Play Rough|p2a: HP Blob
|-activate|p2a: HP Blob|Protect
|
|turn|60
|
|move|p1a: Azumarill|Play Rough|p2a: HP Blob
|-damage|p2a: HP Blob|60\/704
|move|p2a: HP Blob|Wish|p2a: HP Blob
|
|turn|61
|
|move|p2a: HP Blob|Protect|p2a: HP Blob
|-singleturn|p2a: HP Blob|Protect
|move|p1a: Azumarill|Play Rough|p2a: HP Blob
|-activate|p2a: HP Blob|Protect
|
|-heal|p2a: HP Blob|412\/704|[from] move: Wish|[wisher] HP Blob
|turn|62
|
|move|p1a: Azumarill|Play Rough|p2a: HP Blob
|-damage|p2a: HP Blob|28\/704
|-unboost|p2a: HP Blob|atk|1
|move|p2a: HP Blob|Wish|p2a: HP Blob
|
|turn|63
|
|move|p2a: HP Blob|Protect|p2a: HP Blob
|-singleturn|p2a: HP Blob|Protect
|move|p1a: Azumarill|Play Rough|p2a: HP Blob
|-activate|p2a: HP Blob|Protect
|
|-heal|p2a: HP Blob|380\/704|[from] move: Wish|[wisher] HP Blob
|turn|64
|
|move|p1a: Azumarill|Play Rough|p2a: HP Blob
|-damage|p2a: HP Blob|0 fnt
|faint|p2a: HP Blob
|
|
|switch|p2a: Mega Luvdisc|Alomomola, F|357\/534 tox
|-damage|p2a: Mega Luvdisc|291\/534 tox|[from] Stealth Rock
|-damage|p2a: Mega Luvdisc|225\/534 tox|[from] Spikes
|turn|65
|
|move|p2a: Mega Luvdisc|Wish|p2a: Mega Luvdisc
|move|p1a: Azumarill|Play Rough|p2a: Mega Luvdisc
|-damage|p2a: Mega Luvdisc|0 fnt
|-damage|p1a: Azumarill|27\/382|[from] item: Rocky Helmet|[of] p2a: Mega Luvdisc
|faint|p2a: Mega Luvdisc
|
|win|Yin
|c|âYin|gg
|c|âAegislash Returns|gg
|c| kevin loves gabbie|n_n