|join|Aegislash Returns
|join|Reverb
|player|p1|Aegislash Returns|274
|player|p2|Reverb|#reverb
|gametype|singles
|gen|6
|tier|OU
|rated
|clearpoke
|poke|p1|Doublade, M
|poke|p1|Chansey, F
|poke|p1|Slowbro, M
|poke|p1|Gothitelle, F
|poke|p1|Mandibuzz, F
|poke|p1|Quagsire, F
|poke|p2|Empoleon, F
|poke|p2|Tyranitar, M
|poke|p2|Charizard, F
|poke|p2|Keldeo
|poke|p2|Kyurem-Black
|poke|p2|Landorus-Therian, M
|rule|Swagger Clause: Swagger is banned
|rule|Baton Pass Clause: Limit one PokÃ©mon knowing Baton Pass
|rule|Sleep Clause Mod: Limit one foe put to sleep
|rule|Species Clause: Limit one of each PokÃ©mon
|rule|OHKO Clause: OHKO moves are banned
|rule|Moody Clause: Moody is banned
|rule|Evasion Moves Clause: Evasion moves are banned
|rule|Endless Battle Clause: Forcing endless battles is banned
|rule|HP Percentage Mod: HP is shown in percentages
|teampreview
|
|start
|switch|p1a: Aegislash.|Doublade, M|322\/322
|switch|p2a: Tyranitar|Tyranitar, M|383\/383
|-weather|Sandstorm
|turn|1
|
|move|p2a: Tyranitar|Crunch|p1a: Aegislash.
|-supereffective|p1a: Aegislash.
|-damage|p1a: Aegislash.|92\/322
|move|p1a: Aegislash.|Sacred Sword|p2a: Tyranitar
|-supereffective|p2a: Tyranitar
|-damage|p2a: Tyranitar|115\/383
|
|-weather|Sandstorm|[upkeep]
|turn|2
|
|switch|p1a: Honchkrow.|Mandibuzz, F|423\/423
|move|p2a: Tyranitar|Crunch|p1a: Honchkrow.
|-resisted|p1a: Honchkrow.
|-damage|p1a: Honchkrow.|331\/423
|
|-weather|Sandstorm|[upkeep]
|-heal|p1a: Honchkrow.|357\/423|[from] item: Leftovers
|turn|3
|
|switch|p1a: Wobbuffet.|Gothitelle, F|301\/301
|switch|p2a: Empoleon|Empoleon, F|372\/372
|
|-weather|Sandstorm|[upkeep]
|-damage|p1a: Wobbuffet.|283\/301|[from] sandstorm
|turn|4
|
|move|p1a: Wobbuffet.|Trick|p2a: Empoleon
|-activate|p1a: Wobbuffet.|move: Trick|[of] p2a: Empoleon
|-item|p2a: Empoleon|Choice Scarf|[from] move: Trick
|-item|p1a: Wobbuffet.|Leftovers|[from] move: Trick
|move|p2a: Empoleon|Roar|p1a: Wobbuffet.
|drag|p1a: Blissey.|Chansey, F|642\/642
|
|-weather|Sandstorm|[upkeep]
|-damage|p1a: Blissey.|602\/642|[from] sandstorm
|turn|5
|
|switch|p2a: Tyranitar|Tyranitar, M|115\/383
|move|p1a: Blissey.|Stealth Rock|p2a: Tyranitar
|-sidestart|p2: Reverb|move: Stealth Rock
|
|-weather|none
|turn|6
|
|move|p2a: Tyranitar|Pursuit|p1a: Blissey.|[from]Pursuit
|-damage|p1a: Blissey.|289\/642
|switch|p1a: Aegislash.|Doublade, M|92\/322
|
|turn|7
|
|move|p2a: Tyranitar|Pursuit|p1a: Aegislash.
|-supereffective|p1a: Aegislash.
|-damage|p1a: Aegislash.|0 fnt
|faint|p1a: Aegislash.
|
|
|switch|p1a: Blissey.|Chansey, F|289\/642
|turn|8
|
|switch|p2a: Empoleon|Empoleon, F|372\/372
|-damage|p2a: Empoleon|349\/372|[from] Stealth Rock
|move|p1a: Blissey.|Soft-Boiled|p1a: Blissey.
|-heal|p1a: Blissey.|610\/642
|
|turn|9
|
|switch|p1a: Wobbuffet.|Gothitelle, F|283\/301
|move|p2a: Empoleon|Stealth Rock|p1a: Wobbuffet.
|-sidestart|p1: Aegislash Returns|move: Stealth Rock
|
|-heal|p1a: Wobbuffet.|301\/301|[from] item: Leftovers
|turn|10
|
|move|p1a: Wobbuffet.|Calm Mind|p1a: Wobbuffet.
|-boost|p1a: Wobbuffet.|spa|1
|-boost|p1a: Wobbuffet.|spd|1
|move|p2a: Empoleon|Stealth Rock|p1a: Wobbuffet.
|-fail|p1a: Wobbuffet.
|
|turn|11
|
|move|p1a: Wobbuffet.|Calm Mind|p1a: Wobbuffet.
|-boost|p1a: Wobbuffet.|spa|1
|-boost|p1a: Wobbuffet.|spd|1
|move|p2a: Empoleon|Stealth Rock|p1a: Wobbuffet.
|-fail|p1a: Wobbuffet.
|
|turn|12
|
|move|p1a: Wobbuffet.|Calm Mind|p1a: Wobbuffet.
|-boost|p1a: Wobbuffet.|spa|1
|-boost|p1a: Wobbuffet.|spd|1
|move|p2a: Empoleon|Stealth Rock|p1a: Wobbuffet.
|-fail|p1a: Wobbuffet.
|
|turn|13
|
|move|p1a: Wobbuffet.|Calm Mind|p1a: Wobbuffet.
|-boost|p1a: Wobbuffet.|spa|1
|-boost|p1a: Wobbuffet.|spd|1
|move|p2a: Empoleon|Stealth Rock|p1a: Wobbuffet.
|-fail|p1a: Wobbuffet.
|
|turn|14
|
|move|p1a: Wobbuffet.|Calm Mind|p1a: Wobbuffet.
|-boost|p1a: Wobbuffet.|spa|1
|-boost|p1a: Wobbuffet.|spd|1
|move|p2a: Empoleon|Stealth Rock|p1a: Wobbuffet.
|-fail|p1a: Wobbuffet.
|
|turn|15
|
|move|p1a: Wobbuffet.|Calm Mind|p1a: Wobbuffet.
|-boost|p1a: Wobbuffet.|spa|1
|-boost|p1a: Wobbuffet.|spd|1
|move|p2a: Empoleon|Stealth Rock|p1a: Wobbuffet.
|-fail|p1a: Wobbuffet.
|
|turn|16
|
|move|p1a: Wobbuffet.|Psyshock|p2a: Empoleon
|-resisted|p2a: Empoleon
|-damage|p2a: Empoleon|152\/372
|move|p2a: Empoleon|Stealth Rock|p1a: Wobbuffet.
|-fail|p1a: Wobbuffet.
|
|turn|17
|
|move|p1a: Wobbuffet.|Calm Mind|p1a: Wobbuffet.
|-fail|p1a: Wobbuffet.
|move|p2a: Empoleon|Stealth Rock|p1a: Wobbuffet.
|-fail|p1a: Wobbuffet.
|
|turn|18
|
|move|p1a: Wobbuffet.|Calm Mind|p1a: Wobbuffet.
|-fail|p1a: Wobbuffet.
|move|p2a: Empoleon|Stealth Rock|p1a: Wobbuffet.
|-fail|p1a: Wobbuffet.
|
|turn|19
|
|move|p1a: Wobbuffet.|Calm Mind|p1a: Wobbuffet.
|-fail|p1a: Wobbuffet.
|move|p2a: Empoleon|Stealth Rock|p1a: Wobbuffet.
|-fail|p1a: Wobbuffet.
|
|turn|20
|
|move|p1a: Wobbuffet.|Calm Mind|p1a: Wobbuffet.
|-fail|p1a: Wobbuffet.
|move|p2a: Empoleon|Stealth Rock|p1a: Wobbuffet.
|-fail|p1a: Wobbuffet.
|
|turn|21
|
|move|p1a: Wobbuffet.|Calm Mind|p1a: Wobbuffet.
|-fail|p1a: Wobbuffet.
|move|p2a: Empoleon|Stealth Rock|p1a: Wobbuffet.
|-fail|p1a: Wobbuffet.
|
|turn|22
|
|move|p1a: Wobbuffet.|Calm Mind|p1a: Wobbuffet.
|-fail|p1a: Wobbuffet.
|move|p2a: Empoleon|Stealth Rock|p1a: Wobbuffet.
|-fail|p1a: Wobbuffet.
|
|turn|23
|
|move|p1a: Wobbuffet.|Calm Mind|p1a: Wobbuffet.
|-fail|p1a: Wobbuffet.
|move|p2a: Empoleon|Stealth Rock|p1a: Wobbuffet.
|-fail|p1a: Wobbuffet.
|
|turn|24
|
|move|p1a: Wobbuffet.|Calm Mind|p1a: Wobbuffet.
|-fail|p1a: Wobbuffet.
|move|p2a: Empoleon|Stealth Rock|p1a: Wobbuffet.
|-fail|p1a: Wobbuffet.
|
|turn|25
|
|move|p1a: Wobbuffet.|Calm Mind|p1a: Wobbuffet.
|-fail|p1a: Wobbuffet.
|move|p2a: Empoleon|Stealth Rock|p1a: Wobbuffet.
|-fail|p1a: Wobbuffet.
|
|turn|26
|
|move|p1a: Wobbuffet.|Calm Mind|p1a: Wobbuffet.
|-fail|p1a: Wobbuffet.
|move|p2a: Empoleon|Stealth Rock|p1a: Wobbuffet.
|-fail|p1a: Wobbuffet.
|
|turn|27
|
|move|p1a: Wobbuffet.|Calm Mind|p1a: Wobbuffet.
|-fail|p1a: Wobbuffet.
|move|p2a: Empoleon|Stealth Rock|p1a: Wobbuffet.
|-fail|p1a: Wobbuffet.
|
|turn|28
|
|move|p1a: Wobbuffet.|Calm Mind|p1a: Wobbuffet.
|-fail|p1a: Wobbuffet.
|move|p2a: Empoleon|Stealth Rock|p1a: Wobbuffet.
|-fail|p1a: Wobbuffet.
|
|turn|29
|
|move|p1a: Wobbuffet.|Calm Mind|p1a: Wobbuffet.
|-fail|p1a: Wobbuffet.
|move|p2a: Empoleon|Stealth Rock|p1a: Wobbuffet.
|-fail|p1a: Wobbuffet.
|
|turn|30
|
|move|p1a: Wobbuffet.|Calm Mind|p1a: Wobbuffet.
|-fail|p1a: Wobbuffet.
|move|p2a: Empoleon|Stealth Rock|p1a: Wobbuffet.
|-fail|p1a: Wobbuffet.
|
|turn|31
|
|move|p1a: Wobbuffet.|Calm Mind|p1a: Wobbuffet.
|-fail|p1a: Wobbuffet.
|move|p2a: Empoleon|Stealth Rock|p1a: Wobbuffet.
|-fail|p1a: Wobbuffet.
|
|turn|32
|
|move|p1a: Wobbuffet.|Calm Mind|p1a: Wobbuffet.
|-fail|p1a: Wobbuffet.
|move|p2a: Empoleon|Stealth Rock|p1a: Wobbuffet.
|-fail|p1a: Wobbuffet.
|
|turn|33
|
|move|p1a: Wobbuffet.|Calm Mind|p1a: Wobbuffet.
|-fail|p1a: Wobbuffet.
|move|p2a: Empoleon|Stealth Rock|p1a: Wobbuffet.
|-fail|p1a: Wobbuffet.
|
|turn|34
|
|move|p1a: Wobbuffet.|Calm Mind|p1a: Wobbuffet.
|-fail|p1a: Wobbuffet.
|move|p2a: Empoleon|Stealth Rock|p1a: Wobbuffet.
|-fail|p1a: Wobbuffet.
|
|turn|35
|
|move|p1a: Wobbuffet.|Calm Mind|p1a: Wobbuffet.
|-fail|p1a: Wobbuffet.
|move|p2a: Empoleon|Stealth Rock|p1a: Wobbuffet.
|-fail|p1a: Wobbuffet.
|
|turn|36
|
|move|p1a: Wobbuffet.|Calm Mind|p1a: Wobbuffet.
|-fail|p1a: Wobbuffet.
|move|p2a: Empoleon|Stealth Rock|p1a: Wobbuffet.
|-fail|p1a: Wobbuffet.
|
|turn|37
|
|move|p1a: Wobbuffet.|Calm Mind|p1a: Wobbuffet.
|-fail|p1a: Wobbuffet.
|move|p2a: Empoleon|Stealth Rock|p1a: Wobbuffet.
|-fail|p1a: Wobbuffet.
|
|turn|38
|
|move|p1a: Wobbuffet.|Calm Mind|p1a: Wobbuffet.
|-fail|p1a: Wobbuffet.
|move|p2a: Empoleon|Stealth Rock|p1a: Wobbuffet.
|-fail|p1a: Wobbuffet.
|
|turn|39
|
|move|p1a: Wobbuffet.|Calm Mind|p1a: Wobbuffet.
|-fail|p1a: Wobbuffet.
|move|p2a: Empoleon|Stealth Rock|p1a: Wobbuffet.
|-fail|p1a: Wobbuffet.
|
|turn|40
|
|move|p1a: Wobbuffet.|Calm Mind|p1a: Wobbuffet.
|-fail|p1a: Wobbuffet.
|move|p2a: Empoleon|Stealth Rock|p1a: Wobbuffet.
|-fail|p1a: Wobbuffet.
|
|turn|41
|
|move|p1a: Wobbuffet.|Calm Mind|p1a: Wobbuffet.
|-fail|p1a: Wobbuffet.
|-activate|p2a: Empoleon|move: Struggle
|move|p2a: Empoleon|Struggle|p1a: Wobbuffet.
|-damage|p1a: Wobbuffet.|272\/301
|-damage|p2a: Empoleon|59\/372
|
|-heal|p1a: Wobbuffet.|290\/301|[from] item: Leftovers
|turn|42
|
|move|p1a: Wobbuffet.|Trick|p2a: Empoleon
|-activate|p1a: Wobbuffet.|move: Trick|[of] p2a: Empoleon
|-item|p2a: Empoleon|Leftovers|[from] move: Trick
|-item|p1a: Wobbuffet.|Choice Scarf|[from] move: Trick
|-activate|p2a: Empoleon|move: Struggle
|move|p2a: Empoleon|Struggle|p1a: Wobbuffet.
|-damage|p1a: Wobbuffet.|261\/301
|-damage|p2a: Empoleon|0 fnt
|faint|p2a: Empoleon
|
|
|switch|p2a: Tyranitar|Tyranitar, M|115\/383
|-damage|p2a: Tyranitar|68\/383|[from] Stealth Rock
|-weather|Sandstorm
|turn|43
|
|move|p1a: Wobbuffet.|Trick|p2a: Tyranitar
|-activate|p1a: Wobbuffet.|move: Trick|[of] p2a: Tyranitar
|-item|p2a: Tyranitar|Choice Scarf|[from] move: Trick
|-item|p1a: Wobbuffet.|Choice Band|[from] move: Trick
|move|p2a: Tyranitar|Crunch|p1a: Wobbuffet.
|-supereffective|p1a: Wobbuffet.
|-damage|p1a: Wobbuffet.|0 fnt
|faint|p1a: Wobbuffet.
|
|-weather|Sandstorm|[upkeep]
|
|switch|p1a: Honchkrow.|Mandibuzz, F|357\/423
|-damage|p1a: Honchkrow.|252\/423|[from] Stealth Rock
|turn|44
|
|switch|p2a: Keldeo|Keldeo|323\/323
|-damage|p2a: Keldeo|303\/323|[from] Stealth Rock
|move|p1a: Honchkrow.|Toxic|p2a: Keldeo|[miss]
|-miss|p1a: Honchkrow.|p2a: Keldeo
|
|-weather|Sandstorm|[upkeep]
|-damage|p2a: Keldeo|283\/323|[from] sandstorm
|-heal|p1a: Honchkrow.|278\/423|[from] item: Leftovers
|turn|45
|
|switch|p1a: Blissey.|Chansey, F|610\/642
|-damage|p1a: Blissey.|530\/642|[from] Stealth Rock
|move|p2a: Keldeo|Scald|p1a: Blissey.
|-damage|p1a: Blissey.|428\/642
|
|-weather|Sandstorm|[upkeep]
|-damage|p2a: Keldeo|263\/323|[from] sandstorm
|-damage|p1a: Blissey.|388\/642|[from] sandstorm
|turn|46
|
|switch|p2a: Tyranitar|Tyranitar, M|68\/383
|-damage|p2a: Tyranitar|21\/383|[from] Stealth Rock
|move|p1a: Blissey.|Soft-Boiled|p1a: Blissey.
|-heal|p1a: Blissey.|642\/642
|
|-weather|Sandstorm|[upkeep]
|-damage|p1a: Blissey.|602\/642|[from] sandstorm
|turn|47
|
|move|p2a: Tyranitar|Crunch|p1a: Blissey.
|-damage|p1a: Blissey.|397\/642
|move|p1a: Blissey.|Soft-Boiled|p1a: Blissey.
|-heal|p1a: Blissey.|642\/642
|
|-weather|none
|turn|48
|
|switch|p1a: Swampert.|Quagsire, F|394\/394
|-damage|p1a: Swampert.|370\/394|[from] Stealth Rock
|move|p2a: Tyranitar|Crunch|p1a: Swampert.
|-damage|p1a: Swampert.|238\/394
|
|-heal|p1a: Swampert.|262\/394|[from] item: Leftovers
|turn|49
|
|switch|p2a: Keldeo|Keldeo|263\/323
|-damage|p2a: Keldeo|243\/323|[from] Stealth Rock
|move|p1a: Swampert.|Recover|p1a: Swampert.
|-heal|p1a: Swampert.|394\/394
|
|turn|50
|
|switch|p1a: Starmie.|Slowbro, M|394\/394
|-damage|p1a: Starmie.|345\/394|[from] Stealth Rock
|move|p2a: Keldeo|Scald|p1a: Starmie.
|-resisted|p1a: Starmie.
|-damage|p1a: Starmie.|211\/394
|
|turn|51
|
|switch|p1a: Blissey.|Chansey, F|642\/642
|-damage|p1a: Blissey.|562\/642|[from] Stealth Rock
|move|p2a: Keldeo|Scald|p1a: Blissey.
|-damage|p1a: Blissey.|457\/642
|
|turn|52
|
|move|p2a: Keldeo|Scald|p1a: Blissey.
|-damage|p1a: Blissey.|343\/642
|move|p1a: Blissey.|Soft-Boiled|p1a: Blissey.
|-heal|p1a: Blissey.|642\/642
|
|turn|53
|
|switch|p2a: Tyranitar|Tyranitar, M|21\/383
|-damage|p2a: Tyranitar|0 fnt|[from] Stealth Rock
|faint|p2a: Tyranitar
|move|p1a: Blissey.|Seismic Toss|p2: Tyranitar|[notarget]
|-notarget
|
|
|switch|p2a: Keldeo|Keldeo|243\/323
|-damage|p2a: Keldeo|223\/323|[from] Stealth Rock
|turn|54
|
|switch|p1a: Starmie.|Slowbro, M|342\/394
|-damage|p1a: Starmie.|293\/394|[from] Stealth Rock
|move|p2a: Keldeo|Hydro Pump|p1a: Starmie.|[miss]
|-miss|p2a: Keldeo|p1a: Starmie.
|
|turn|55
|
|switch|p2a: Landorus-Therian|Landorus-Therian, M|327\/327
|-damage|p2a: Landorus-Therian|287\/327|[from] Stealth Rock
|-ability|p2a: Landorus-Therian|Intimidate|[of] p1a: Starmie.
|-unboost|p1a: Starmie.|atk|1
|move|p1a: Starmie.|Psyshock|p2a: Landorus-Therian
|-damage|p2a: Landorus-Therian|184\/327
|
|turn|56
|
|move|p2a: Landorus-Therian|Explosion|p1a: Starmie.
|-damage|p1a: Starmie.|89\/394
|faint|p2a: Landorus-Therian
|move|p1a: Starmie.|Slack Off|p1a: Starmie.
|-heal|p1a: Starmie.|286\/394
|
|
|switch|p2a: Kyurem-Black|Kyurem-Black|391\/391
|-damage|p2a: Kyurem-Black|294\/391|[from] Stealth Rock
|-ability|p2a: Kyurem-Black|Teravolt
|turn|57
|
|switch|p1a: Swampert.|Quagsire, F|394\/394
|-damage|p1a: Swampert.|370\/394|[from] Stealth Rock
|move|p2a: Kyurem-Black|Outrage|p1a: Swampert.
|-damage|p1a: Swampert.|166\/394
|
|-heal|p1a: Swampert.|190\/394|[from] item: Leftovers
|turn|58
|
|move|p2a: Kyurem-Black|Outrage|p1a: Swampert.
|-damage|p1a: Swampert.|0 fnt
|faint|p1a: Swampert.
|
|
|switch|p1a: Starmie.|Slowbro, M|394\/394
|-damage|p1a: Starmie.|345\/394|[from] Stealth Rock
|turn|59
|
|detailschange|p1a: Starmie.|Slowbro-Mega, M
|message|Slowbro has Mega Evolved into Mega Slowbro!
|move|p2a: Kyurem-Black|Outrage|p1a: Starmie.
|-damage|p1a: Starmie.|216\/394
|move|p1a: Starmie.|Calm Mind|p1a: Starmie.
|-boost|p1a: Starmie.|spa|1
|-boost|p1a: Starmie.|spd|1
|
|-end|p2a: Kyurem-Black|rampage
|-start|p2a: Kyurem-Black|confusion
|turn|60
|
|switch|p2a: Charizard|Charizard, F|297\/297
|-damage|p2a: Charizard|149\/297|[from] Stealth Rock
|move|p1a: Starmie.|Slack Off|p1a: Starmie.
|-heal|p1a: Starmie.|394\/394
|
|turn|61
|
|detailschange|p2a: Charizard|Charizard-Mega-Y, F
|message|Charizard has Mega Evolved into Mega Charizard!
|-weather|SunnyDay
|move|p2a: Charizard|Roost|p2a: Charizard
|-heal|p2a: Charizard|297\/297
|move|p1a: Starmie.|Scald|p2a: Charizard
|-supereffective|p2a: Charizard
|-damage|p2a: Charizard|139\/297
|
|-weather|SunnyDay|[upkeep]
|turn|62
|
|move|p2a: Charizard|Roost|p2a: Charizard
|-heal|p2a: Charizard|288\/297
|move|p1a: Starmie.|Scald|p2a: Charizard
|-supereffective|p2a: Charizard
|-damage|p2a: Charizard|124\/297
|
|-weather|SunnyDay|[upkeep]
|turn|63
|
|move|p2a: Charizard|Solar Beam|p1a: Starmie.|[still]
|-prepare|p2a: Charizard|Solar Beam|p1a: Starmie.
|-anim|p2a: Charizard|Solar Beam|p1a: Starmie.
|-supereffective|p1a: Starmie.
|-damage|p1a: Starmie.|124\/394
|move|p1a: Starmie.|Scald|p2a: Charizard
|-supereffective|p2a: Charizard
|-damage|p2a: Charizard|0 fnt
|faint|p2a: Charizard
|
|-weather|SunnyDay|[upkeep]
|
|switch|p2a: Kyurem-Black|Kyurem-Black|294\/391
|-damage|p2a: Kyurem-Black|197\/391|[from] Stealth Rock
|-ability|p2a: Kyurem-Black|Teravolt
|turn|64
|
|move|p2a: Kyurem-Black|Fusion Bolt|p1a: Starmie.
|-supereffective|p1a: Starmie.
|-damage|p1a: Starmie.|0 fnt
|faint|p1a: Starmie.
|
|-weather|SunnyDay|[upkeep]
|
|switch|p1a: Blissey.|Chansey, F|642\/642
|-damage|p1a: Blissey.|562\/642|[from] Stealth Rock
|turn|65
|
|switch|p2a: Keldeo|Keldeo|223\/323
|-damage|p2a: Keldeo|203\/323|[from] Stealth Rock
|move|p1a: Blissey.|Seismic Toss|p2a: Keldeo
|-damage|p2a: Keldeo|103\/323
|
|-weather|none
|turn|66
|
|move|p2a: Keldeo|Secret Sword|p1a: Blissey.
|-supereffective|p1a: Blissey.
|-damage|p1a: Blissey.|0 fnt
|faint|p1a: Blissey.
|
|
|switch|p1a: Honchkrow.|Mandibuzz, F|278\/423
|-damage|p1a: Honchkrow.|173\/423|[from] Stealth Rock
|turn|67
|
|switch|p2a: Kyurem-Black|Kyurem-Black|197\/391
|-damage|p2a: Kyurem-Black|100\/391|[from] Stealth Rock
|-ability|p2a: Kyurem-Black|Teravolt
|move|p1a: Honchkrow.|Roost|p1a: Honchkrow.
|-heal|p1a: Honchkrow.|385\/423
|
|-heal|p1a: Honchkrow.|411\/423|[from] item: Leftovers
|turn|68
|
|move|p2a: Kyurem-Black|Ice Beam|p1a: Honchkrow.
|-supereffective|p1a: Honchkrow.
|-damage|p1a: Honchkrow.|181\/423
|-status|p1a: Honchkrow.|frz
|-curestatus|p1a: Honchkrow.|frz
|move|p1a: Honchkrow.|Foul Play|p2a: Kyurem-Black
|-damage|p2a: Kyurem-Black|0 fnt
|faint|p2a: Kyurem-Black
|
|-heal|p1a: Honchkrow.|207\/423|[from] item: Leftovers
|c|âReverb|gg
|
|switch|p2a: Keldeo|Keldeo|103\/323
|-damage|p2a: Keldeo|83\/323|[from] Stealth Rock
|turn|69
|c|âAegislash Returns|gg
|
|move|p2a: Keldeo|Scald|p1a: Honchkrow.
|-damage|p1a: Honchkrow.|8\/423
|-status|p1a: Honchkrow.|brn
|move|p1a: Honchkrow.|Roost|p1a: Honchkrow.
|-heal|p1a: Honchkrow.|220\/423 brn
|
|-heal|p1a: Honchkrow.|246\/423 brn|[from] item: Leftovers
|-damage|p1a: Honchkrow.|194\/423 brn|[from] brn
|turn|70
|c|âReverb|oh
|c|âAegislash Returns|welp
|
|move|p2a: Keldeo|Scald|p1a: Honchkrow.
|-damage|p1a: Honchkrow.|0 fnt
|faint|p1a: Honchkrow.
|
|win|Reverb
|raw|Ladder updating...
|raw|Aegislash Returns's rating: 1738 &rarr; <strong>1717<\/strong><br \/>(-21 for losing)
|raw|Reverb's rating: 1711 &rarr; <strong>1733<\/strong><br \/>(+22 for winning)
|c|âAegislash Returns|lol gg
|c|âReverb|gg
|leave|Reverb
|player|p2
|leave|Aegislash Returns
|player|p1