|join|Aegislash Returns
|join|lil manaphy
|player|p1|Aegislash Returns|274
|player|p2|lil manaphy|8
|gametype|singles
|gen|6
|tier|OU
|rated
|clearpoke
|poke|p1|Doublade, F, shiny
|poke|p1|Chansey, F
|poke|p1|Slowbro, F
|poke|p1|Gothitelle, F
|poke|p1|Mandibuzz, F
|poke|p1|Clefable, M
|poke|p2|Lopunny, F
|poke|p2|Rotom-Wash
|poke|p2|Gothitelle, F
|poke|p2|Mandibuzz, F
|poke|p2|Heatran, F
|poke|p2|Celebi
|rule|Swagger Clause: Swagger is banned
|rule|Baton Pass Clause: Limit one PokÃ©mon knowing Baton Pass
|rule|Sleep Clause Mod: Limit one foe put to sleep
|rule|Species Clause: Limit one of each PokÃ©mon
|rule|OHKO Clause: OHKO moves are banned
|rule|Moody Clause: Moody is banned
|rule|Evasion Moves Clause: Evasion moves are banned
|rule|Endless Battle Clause: Forcing endless battles is banned
|rule|HP Percentage Mod: HP is shown in percentages
|teampreview
|
|start
|switch|p1a: Wobbuffet.|Gothitelle, F|301\/301
|switch|p2a: Rotom-Wash|Rotom-Wash|303\/303
|turn|1
|
|move|p1a: Wobbuffet.|Trick|p2a: Rotom-Wash
|-activate|p1a: Wobbuffet.|move: Trick|[of] p2a: Rotom-Wash
|-item|p2a: Rotom-Wash|Choice Scarf|[from] move: Trick
|-item|p1a: Wobbuffet.|Leftovers|[from] move: Trick
|move|p2a: Rotom-Wash|Volt Switch|p1a: Wobbuffet.
|-damage|p1a: Wobbuffet.|225\/301
|
|switch|p2a: Mandibuzz|Mandibuzz, F|424\/424
|
|-heal|p1a: Wobbuffet.|243\/301|[from] item: Leftovers
|turn|2
|
|switch|p1a: Honchkrow.|Mandibuzz, F|423\/423
|move|p2a: Mandibuzz|Foul Play|p1a: Honchkrow.
|-resisted|p1a: Honchkrow.
|-damage|p1a: Honchkrow.|395\/423
|
|-heal|p1a: Honchkrow.|421\/423|[from] item: Leftovers
|turn|3
|
|move|p2a: Mandibuzz|Taunt|p1a: Honchkrow.
|-start|p1a: Honchkrow.|move: Taunt
|cant|p1a: Honchkrow.|move: Taunt|Toxic
|
|-heal|p1a: Honchkrow.|423\/423|[from] item: Leftovers
|turn|4
|
|switch|p2a: Heatran|Heatran, F|386\/386
|move|p1a: Honchkrow.|Foul Play|p2a: Heatran
|-damage|p2a: Heatran|296\/386
|
|-heal|p2a: Heatran|320\/386|[from] item: Leftovers
|turn|5
|
|switch|p1a: Wobbuffet.|Gothitelle, F|243\/301
|move|p2a: Heatran|Lava Plume|p1a: Wobbuffet.
|-damage|p1a: Wobbuffet.|135\/301
|
|-heal|p1a: Wobbuffet.|153\/301|[from] item: Leftovers
|-heal|p2a: Heatran|344\/386|[from] item: Leftovers
|turn|6
|
|move|p1a: Wobbuffet.|Calm Mind|p1a: Wobbuffet.
|-boost|p1a: Wobbuffet.|spa|1
|-boost|p1a: Wobbuffet.|spd|1
|move|p2a: Heatran|Lava Plume|p1a: Wobbuffet.
|-damage|p1a: Wobbuffet.|81\/301
|
|-heal|p1a: Wobbuffet.|99\/301|[from] item: Leftovers
|-heal|p2a: Heatran|368\/386|[from] item: Leftovers
|turn|7
|
|move|p1a: Wobbuffet.|Calm Mind|p1a: Wobbuffet.
|-boost|p1a: Wobbuffet.|spa|1
|-boost|p1a: Wobbuffet.|spd|1
|move|p2a: Heatran|Stealth Rock|p1a: Wobbuffet.
|-sidestart|p1: Aegislash Returns|move: Stealth Rock
|
|-heal|p1a: Wobbuffet.|117\/301|[from] item: Leftovers
|-heal|p2a: Heatran|386\/386|[from] item: Leftovers
|turn|8
|
|move|p1a: Wobbuffet.|Psyshock|p2a: Heatran
|-resisted|p2a: Heatran
|-damage|p2a: Heatran|284\/386
|move|p2a: Heatran|Lava Plume|p1a: Wobbuffet.
|-damage|p1a: Wobbuffet.|60\/301
|
|-heal|p1a: Wobbuffet.|78\/301|[from] item: Leftovers
|-heal|p2a: Heatran|308\/386|[from] item: Leftovers
|turn|9
|
|move|p1a: Wobbuffet.|Rest|p1a: Wobbuffet.
|-status|p1a: Wobbuffet.|slp
|-heal|p1a: Wobbuffet.|301\/301 slp|[silent]
|-status|p1a: Wobbuffet.|slp|[from] move: Rest
|move|p2a: Heatran|Lava Plume|p1a: Wobbuffet.
|-damage|p1a: Wobbuffet.|249\/301 slp
|
|-heal|p1a: Wobbuffet.|267\/301 slp|[from] item: Leftovers
|-heal|p2a: Heatran|332\/386|[from] item: Leftovers
|turn|10
|
|cant|p1a: Wobbuffet.|slp
|move|p2a: Heatran|Lava Plume|p1a: Wobbuffet.
|-damage|p1a: Wobbuffet.|213\/301 slp
|
|-heal|p1a: Wobbuffet.|231\/301 slp|[from] item: Leftovers
|-heal|p2a: Heatran|356\/386|[from] item: Leftovers
|turn|11
|
|cant|p1a: Wobbuffet.|slp
|move|p2a: Heatran|Lava Plume|p1a: Wobbuffet.
|-damage|p1a: Wobbuffet.|180\/301 slp
|
|-heal|p1a: Wobbuffet.|198\/301 slp|[from] item: Leftovers
|-heal|p2a: Heatran|380\/386|[from] item: Leftovers
|turn|12
|
|-curestatus|p1a: Wobbuffet.|slp
|move|p1a: Wobbuffet.|Calm Mind|p1a: Wobbuffet.
|-boost|p1a: Wobbuffet.|spa|1
|-boost|p1a: Wobbuffet.|spd|1
|move|p2a: Heatran|Lava Plume|p1a: Wobbuffet.
|-damage|p1a: Wobbuffet.|156\/301
|-status|p1a: Wobbuffet.|brn
|
|-heal|p1a: Wobbuffet.|174\/301 brn|[from] item: Leftovers
|-heal|p2a: Heatran|386\/386|[from] item: Leftovers
|-damage|p1a: Wobbuffet.|137\/301 brn|[from] brn
|turn|13
|
|move|p1a: Wobbuffet.|Rest|p1a: Wobbuffet.
|-status|p1a: Wobbuffet.|slp
|-heal|p1a: Wobbuffet.|301\/301 slp|[silent]
|-status|p1a: Wobbuffet.|slp|[from] move: Rest
|move|p2a: Heatran|Lava Plume|p1a: Wobbuffet.
|-damage|p1a: Wobbuffet.|258\/301 slp
|
|-heal|p1a: Wobbuffet.|276\/301 slp|[from] item: Leftovers
|turn|14
|
|cant|p1a: Wobbuffet.|slp
|move|p2a: Heatran|Lava Plume|p1a: Wobbuffet.
|-damage|p1a: Wobbuffet.|234\/301 slp
|
|-heal|p1a: Wobbuffet.|252\/301 slp|[from] item: Leftovers
|turn|15
|
|cant|p1a: Wobbuffet.|slp
|move|p2a: Heatran|Lava Plume|p1a: Wobbuffet.
|-damage|p1a: Wobbuffet.|204\/301 slp
|
|-heal|p1a: Wobbuffet.|222\/301 slp|[from] item: Leftovers
|turn|16
|
|-curestatus|p1a: Wobbuffet.|slp
|move|p1a: Wobbuffet.|Calm Mind|p1a: Wobbuffet.
|-boost|p1a: Wobbuffet.|spa|1
|-boost|p1a: Wobbuffet.|spd|1
|move|p2a: Heatran|Lava Plume|p1a: Wobbuffet.
|-damage|p1a: Wobbuffet.|183\/301
|
|-heal|p1a: Wobbuffet.|201\/301|[from] item: Leftovers
|turn|17
|
|move|p1a: Wobbuffet.|Calm Mind|p1a: Wobbuffet.
|-boost|p1a: Wobbuffet.|spa|1
|-boost|p1a: Wobbuffet.|spd|1
|move|p2a: Heatran|Toxic|p1a: Wobbuffet.|[miss]
|-miss|p2a: Heatran|p1a: Wobbuffet.
|
|-heal|p1a: Wobbuffet.|219\/301|[from] item: Leftovers
|turn|18
|
|move|p1a: Wobbuffet.|Calm Mind|p1a: Wobbuffet.
|-boost|p1a: Wobbuffet.|spa|1
|-boost|p1a: Wobbuffet.|spd|1
|move|p2a: Heatran|Toxic|p1a: Wobbuffet.
|-status|p1a: Wobbuffet.|tox
|
|-heal|p1a: Wobbuffet.|237\/301 tox|[from] item: Leftovers
|-damage|p1a: Wobbuffet.|219\/301 tox|[from] psn
|turn|19
|
|move|p2a: Heatran|Protect|p2a: Heatran
|-singleturn|p2a: Heatran|Protect
|move|p1a: Wobbuffet.|Rest|p1a: Wobbuffet.
|-status|p1a: Wobbuffet.|slp
|-heal|p1a: Wobbuffet.|301\/301 slp|[silent]
|-status|p1a: Wobbuffet.|slp|[from] move: Rest
|
|turn|20
|
|cant|p1a: Wobbuffet.|slp
|move|p2a: Heatran|Lava Plume|p1a: Wobbuffet.
|-damage|p1a: Wobbuffet.|271\/301 slp
|
|-heal|p1a: Wobbuffet.|289\/301 slp|[from] item: Leftovers
|turn|21
|
|cant|p1a: Wobbuffet.|slp
|move|p2a: Heatran|Lava Plume|p1a: Wobbuffet.
|-damage|p1a: Wobbuffet.|261\/301 slp
|
|-heal|p1a: Wobbuffet.|279\/301 slp|[from] item: Leftovers
|turn|22
|
|-curestatus|p1a: Wobbuffet.|slp
|move|p1a: Wobbuffet.|Psyshock|p2a: Heatran
|-resisted|p2a: Heatran
|-damage|p2a: Heatran|161\/386
|move|p2a: Heatran|Lava Plume|p1a: Wobbuffet.
|-damage|p1a: Wobbuffet.|249\/301
|
|-heal|p1a: Wobbuffet.|267\/301|[from] item: Leftovers
|-heal|p2a: Heatran|185\/386|[from] item: Leftovers
|turn|23
|
|move|p1a: Wobbuffet.|Psyshock|p2a: Heatran
|-resisted|p2a: Heatran
|-damage|p2a: Heatran|0 fnt
|faint|p2a: Heatran
|
|-heal|p1a: Wobbuffet.|285\/301|[from] item: Leftovers
|
|switch|p2a: Mandibuzz|Mandibuzz, F|424\/424
|turn|24
|
|switch|p1a: Wigglytuff.|Clefable, M|394\/394
|-damage|p1a: Wigglytuff.|345\/394|[from] Stealth Rock
|move|p2a: Mandibuzz|Taunt|p1a: Wigglytuff.
|-start|p1a: Wigglytuff.|move: Taunt
|
|-heal|p1a: Wigglytuff.|369\/394|[from] item: Leftovers
|turn|25
|
|switch|p2a: Rotom-Wash|Rotom-Wash|303\/303
|switch|p1a: Aegislash.|Doublade, F, shiny|322\/322
|-damage|p1a: Aegislash.|302\/322|[from] Stealth Rock
|
|turn|26
|
|switch|p1a: Wobbuffet.|Gothitelle, F|285\/301
|-damage|p1a: Wobbuffet.|248\/301|[from] Stealth Rock
|move|p2a: Rotom-Wash|Volt Switch|p1a: Wobbuffet.
|-damage|p1a: Wobbuffet.|166\/301
|
|switch|p2a: Lopunny|Lopunny, F|271\/271
|
|-heal|p1a: Wobbuffet.|184\/301|[from] item: Leftovers
|turn|27
|
|switch|p1a: Starmie.|Slowbro, F|394\/394
|-damage|p1a: Starmie.|345\/394|[from] Stealth Rock
|detailschange|p2a: Lopunny|Lopunny-Mega, F
|message|Lopunny has Mega Evolved into Mega Lopunny!
|move|p2a: Lopunny|Fake Out|p1a: Starmie.
|-damage|p1a: Starmie.|293\/394
|
|turn|28
|
|switch|p2a: Rotom-Wash|Rotom-Wash|303\/303
|move|p1a: Starmie.|Calm Mind|p1a: Starmie.
|-boost|p1a: Starmie.|spa|1
|-boost|p1a: Starmie.|spd|1
|
|turn|29
|
|move|p2a: Rotom-Wash|Volt Switch|p1a: Starmie.
|-supereffective|p1a: Starmie.
|-damage|p1a: Starmie.|155\/394
|
|switch|p2a: Celebi|Celebi|404\/404
|move|p1a: Starmie.|Slack Off|p1a: Starmie.
|-heal|p1a: Starmie.|352\/394
|
|turn|30
|
|switch|p1a: Wobbuffet.|Gothitelle, F|184\/301
|-damage|p1a: Wobbuffet.|147\/301|[from] Stealth Rock
|move|p2a: Celebi|Giga Drain|p1a: Wobbuffet.
|-damage|p1a: Wobbuffet.|62\/301
|
|-heal|p1a: Wobbuffet.|80\/301|[from] item: Leftovers
|turn|31
|
|switch|p1a: Honchkrow.|Mandibuzz, F|423\/423
|-damage|p1a: Honchkrow.|318\/423|[from] Stealth Rock
|move|p2a: Celebi|Baton Pass|p2a: Celebi
|
|switch|p2a: Rotom-Wash|Rotom-Wash|303\/303
|
|-heal|p1a: Honchkrow.|344\/423|[from] item: Leftovers
|turn|32
|
|move|p2a: Rotom-Wash|Volt Switch|p1a: Honchkrow.
|-crit|p1a: Honchkrow.
|-supereffective|p1a: Honchkrow.
|-damage|p1a: Honchkrow.|116\/423
|
|switch|p2a: Mandibuzz|Mandibuzz, F|424\/424
|move|p1a: Honchkrow.|Defog|p2a: Mandibuzz
|-unboost|p2a: Mandibuzz|evasion|1
|-sideend|p1: Aegislash Returns|Stealth Rock|[from] move: Defog|[of] p1a: Honchkrow.
|
|-heal|p1a: Honchkrow.|142\/423|[from] item: Leftovers
|turn|33
|
|move|p2a: Mandibuzz|Taunt|p1a: Honchkrow.
|-start|p1a: Honchkrow.|move: Taunt
|cant|p1a: Honchkrow.|move: Taunt|Roost
|
|-heal|p1a: Honchkrow.|168\/423|[from] item: Leftovers
|turn|34
|
|switch|p2a: Rotom-Wash|Rotom-Wash|303\/303
|switch|p1a: Aegislash.|Doublade, F, shiny|302\/322
|
|turn|35
|
|move|p2a: Rotom-Wash|Volt Switch|p1a: Aegislash.
|-damage|p1a: Aegislash.|241\/322
|
|switch|p2a: Celebi|Celebi|404\/404
|move|p1a: Aegislash.|Gyro Ball|p2a: Celebi
|-damage|p2a: Celebi|298\/404
|
|-heal|p2a: Celebi|323\/404|[from] item: Leftovers
|turn|36
|
|switch|p1a: Honchkrow.|Mandibuzz, F|168\/423
|move|p2a: Celebi|Baton Pass|p2a: Celebi
|
|switch|p2a: Rotom-Wash|Rotom-Wash|303\/303
|
|-heal|p1a: Honchkrow.|194\/423|[from] item: Leftovers
|turn|37
|
|switch|p1a: Aegislash.|Doublade, F, shiny|241\/322
|move|p2a: Rotom-Wash|Will-O-Wisp|p1a: Aegislash.
|-status|p1a: Aegislash.|brn
|
|-damage|p1a: Aegislash.|201\/322 brn|[from] brn
|turn|38
|
|switch|p2a: Celebi|Celebi|323\/404
|switch|p1a: Wobbuffet.|Gothitelle, F|80\/301
|
|-heal|p2a: Celebi|348\/404|[from] item: Leftovers
|-heal|p1a: Wobbuffet.|98\/301|[from] item: Leftovers
|turn|39
|
|switch|p1a: Honchkrow.|Mandibuzz, F|194\/423
|move|p2a: Celebi|Giga Drain|p1a: Honchkrow.
|-resisted|p1a: Honchkrow.
|-damage|p1a: Honchkrow.|152\/423
|-heal|p2a: Celebi|369\/404|[from] drain|[of] p1a: Honchkrow.
|
|-heal|p2a: Celebi|394\/404|[from] item: Leftovers
|-heal|p1a: Honchkrow.|178\/423|[from] item: Leftovers
|turn|40
|
|move|p2a: Celebi|Baton Pass|p2a: Celebi
|
|switch|p2a: Rotom-Wash|Rotom-Wash|303\/303
|move|p1a: Honchkrow.|Toxic|p2a: Rotom-Wash
|-status|p2a: Rotom-Wash|tox
|
|-heal|p1a: Honchkrow.|204\/423|[from] item: Leftovers
|-damage|p2a: Rotom-Wash|285\/303 tox|[from] psn
|turn|41
|
|move|p2a: Rotom-Wash|Volt Switch|p1a: Honchkrow.
|-supereffective|p1a: Honchkrow.
|-damage|p1a: Honchkrow.|40\/423
|
|switch|p2a: Gothitelle|Gothitelle, F|301\/301
|move|p1a: Honchkrow.|Roost|p1a: Honchkrow.
|-heal|p1a: Honchkrow.|252\/423
|
|-heal|p1a: Honchkrow.|278\/423|[from] item: Leftovers
|turn|42
|
|move|p2a: Gothitelle|Trick|p1a: Honchkrow.
|-activate|p2a: Gothitelle|move: Trick|[of] p1a: Honchkrow.
|-item|p1a: Honchkrow.|Choice Scarf|[from] move: Trick
|-item|p2a: Gothitelle|Leftovers|[from] move: Trick
|move|p1a: Honchkrow.|Foul Play|p2a: Gothitelle
|-supereffective|p2a: Gothitelle
|-damage|p2a: Gothitelle|161\/301
|
|-heal|p2a: Gothitelle|179\/301|[from] item: Leftovers
|turn|43
|
|switch|p2a: Rotom-Wash|Rotom-Wash|285\/303 tox
|move|p1a: Honchkrow.|Foul Play|p2a: Rotom-Wash
|-damage|p2a: Rotom-Wash|237\/303 tox
|
|-damage|p2a: Rotom-Wash|219\/303 tox|[from] psn
|turn|44
|
|switch|p1a: Aegislash.|Doublade, F, shiny|201\/322 brn
|move|p2a: Rotom-Wash|Volt Switch|p1a: Aegislash.
|-damage|p1a: Aegislash.|132\/322 brn
|
|switch|p2a: Lopunny|Lopunny-Mega, F|271\/271
|
|-damage|p1a: Aegislash.|92\/322 brn|[from] brn
|turn|45
|
|switch|p2a: Rotom-Wash|Rotom-Wash|219\/303 tox
|switch|p1a: Starmie.|Slowbro, F|394\/394
|
|-damage|p2a: Rotom-Wash|201\/303 tox|[from] psn
|turn|46
|
|switch|p1a: Wobbuffet.|Gothitelle, F|98\/301
|move|p2a: Rotom-Wash|Volt Switch|p1a: Wobbuffet.
|-damage|p1a: Wobbuffet.|14\/301
|
|switch|p2a: Gothitelle|Gothitelle, F|179\/301
|
|-heal|p2a: Gothitelle|197\/301|[from] item: Leftovers
|-heal|p1a: Wobbuffet.|32\/301|[from] item: Leftovers
|turn|47
|
|switch|p1a: Aegislash.|Doublade, F, shiny|92\/322 brn
|move|p2a: Gothitelle|Psychic|p1a: Aegislash.
|-resisted|p1a: Aegislash.
|-damage|p1a: Aegislash.|48\/322 brn
|-unboost|p1a: Aegislash.|spd|1
|
|-heal|p2a: Gothitelle|215\/301|[from] item: Leftovers
|-damage|p1a: Aegislash.|8\/322 brn|[from] brn
|turn|48
|
|switch|p1a: Starmie.|Slowbro, F|394\/394
|move|p2a: Gothitelle|Psychic|p1a: Starmie.
|-crit|p1a: Starmie.
|-resisted|p1a: Starmie.
|-damage|p1a: Starmie.|286\/394
|
|-heal|p2a: Gothitelle|233\/301|[from] item: Leftovers
|turn|49
|
|switch|p2a: Celebi|Celebi|394\/404
|move|p1a: Starmie.|Calm Mind|p1a: Starmie.
|-boost|p1a: Starmie.|spa|1
|-boost|p1a: Starmie.|spd|1
|
|-heal|p2a: Celebi|404\/404|[from] item: Leftovers
|turn|50
|
|move|p2a: Celebi|Perish Song|p2a: Celebi
|-fieldactivate|move: Perish Song
|move|p1a: Starmie.|Calm Mind|p1a: Starmie.
|-boost|p1a: Starmie.|spa|1
|-boost|p1a: Starmie.|spd|1
|
|-start|p2a: Celebi|perish3
|-start|p1a: Starmie.|perish3
|turn|51
|
|switch|p1a: Wigglytuff.|Clefable, M|369\/394
|move|p2a: Celebi|Baton Pass|p2a: Celebi
|
|switch|p2a: Rotom-Wash|Rotom-Wash|201\/303 tox
|
|-start|p2a: Rotom-Wash|perish2
|-heal|p1a: Wigglytuff.|393\/394|[from] item: Leftovers
|-damage|p2a: Rotom-Wash|183\/303 tox|[from] psn
|turn|52
|
|switch|p1a: Aegislash.|Doublade, F, shiny|8\/322 brn
|move|p2a: Rotom-Wash|Volt Switch|p1a: Aegislash.
|-damage|p1a: Aegislash.|0 fnt
|faint|p1a: Aegislash.
|
|switch|p2a: Lopunny|Lopunny-Mega, F|271\/271
|
|
|switch|p1a: Wigglytuff.|Clefable, M|393\/394
|turn|53
|
|move|p2a: Lopunny|Fake Out|p1a: Wigglytuff.
|-damage|p1a: Wigglytuff.|332\/394
|cant|p1a: Wigglytuff.|flinch
|
|-heal|p1a: Wigglytuff.|356\/394|[from] item: Leftovers
|turn|54
|
|switch|p2a: Celebi|Celebi|404\/404
|move|p1a: Wigglytuff.|Calm Mind|p1a: Wigglytuff.
|-boost|p1a: Wigglytuff.|spa|1
|-boost|p1a: Wigglytuff.|spd|1
|
|-heal|p1a: Wigglytuff.|380\/394|[from] item: Leftovers
|turn|55
|
|move|p2a: Celebi|Giga Drain|p1a: Wigglytuff.
|-damage|p1a: Wigglytuff.|317\/394
|move|p1a: Wigglytuff.|Flamethrower|p2a: Celebi
|-supereffective|p2a: Celebi
|-damage|p2a: Celebi|250\/404
|
|-heal|p2a: Celebi|275\/404|[from] item: Leftovers
|-heal|p1a: Wigglytuff.|341\/394|[from] item: Leftovers
|turn|56
|
|move|p2a: Celebi|Perish Song|p2a: Celebi
|-fieldactivate|move: Perish Song
|move|p1a: Wigglytuff.|Flamethrower|p2a: Celebi
|-supereffective|p2a: Celebi
|-damage|p2a: Celebi|113\/404
|
|-start|p2a: Celebi|perish3
|-start|p1a: Wigglytuff.|perish3
|-heal|p2a: Celebi|138\/404|[from] item: Leftovers
|-heal|p1a: Wigglytuff.|365\/394|[from] item: Leftovers
|turn|57
|
|move|p2a: Celebi|Recover|p2a: Celebi
|-heal|p2a: Celebi|340\/404
|move|p1a: Wigglytuff.|Calm Mind|p1a: Wigglytuff.
|-boost|p1a: Wigglytuff.|spa|1
|-boost|p1a: Wigglytuff.|spd|1
|
|-start|p2a: Celebi|perish2
|-start|p1a: Wigglytuff.|perish2
|-heal|p2a: Celebi|365\/404|[from] item: Leftovers
|-heal|p1a: Wigglytuff.|389\/394|[from] item: Leftovers
|turn|58
|
|move|p2a: Celebi|Baton Pass|p2a: Celebi
|
|switch|p2a: Gothitelle|Gothitelle, F|233\/301
|move|p1a: Wigglytuff.|Moonblast|p2a: Gothitelle
|-damage|p2a: Gothitelle|20\/301
|
|-start|p2a: Gothitelle|perish1
|-start|p1a: Wigglytuff.|perish1
|-heal|p2a: Gothitelle|38\/301|[from] item: Leftovers
|-heal|p1a: Wigglytuff.|394\/394|[from] item: Leftovers
|turn|59
|
|switch|p2a: Celebi|Celebi|365\/404
|move|p1a: Wigglytuff.|Flamethrower|p2a: Celebi
|-supereffective|p2a: Celebi
|-damage|p2a: Celebi|173\/404
|
|-start|p1a: Wigglytuff.|perish0
|-heal|p2a: Celebi|198\/404|[from] item: Leftovers
|faint|p1a: Wigglytuff.
|
|switch|p1a: Starmie.|Slowbro, F|394\/394
|turn|60
|
|move|p2a: Celebi|Giga Drain|p1a: Starmie.
|-supereffective|p1a: Starmie.
|-damage|p1a: Starmie.|182\/394
|-heal|p2a: Celebi|304\/404|[from] drain|[of] p1a: Starmie.
|move|p1a: Starmie.|Calm Mind|p1a: Starmie.
|-boost|p1a: Starmie.|spa|1
|-boost|p1a: Starmie.|spd|1
|
|-heal|p2a: Celebi|329\/404|[from] item: Leftovers
|turn|61
|
|move|p2a: Celebi|Giga Drain|p1a: Starmie.
|-supereffective|p1a: Starmie.
|-damage|p1a: Starmie.|50\/394
|-heal|p2a: Celebi|395\/404|[from] drain|[of] p1a: Starmie.
|move|p1a: Starmie.|Slack Off|p1a: Starmie.
|-heal|p1a: Starmie.|247\/394
|
|-heal|p2a: Celebi|404\/404|[from] item: Leftovers
|turn|62
|
|move|p2a: Celebi|Giga Drain|p1a: Starmie.
|-supereffective|p1a: Starmie.
|-damage|p1a: Starmie.|109\/394
|move|p1a: Starmie.|Slack Off|p1a: Starmie.
|-heal|p1a: Starmie.|306\/394
|
|turn|63
|
|move|p2a: Celebi|Giga Drain|p1a: Starmie.
|-supereffective|p1a: Starmie.
|-damage|p1a: Starmie.|156\/394
|move|p1a: Starmie.|Calm Mind|p1a: Starmie.
|-boost|p1a: Starmie.|spa|1
|-boost|p1a: Starmie.|spd|1
|
|turn|64
|
|move|p2a: Celebi|Perish Song|p2a: Celebi
|-fieldactivate|move: Perish Song
|move|p1a: Starmie.|Slack Off|p1a: Starmie.
|-heal|p1a: Starmie.|353\/394
|
|-start|p2a: Celebi|perish3
|-start|p1a: Starmie.|perish3
|turn|65
|
|move|p2a: Celebi|Giga Drain|p1a: Starmie.
|-supereffective|p1a: Starmie.
|-damage|p1a: Starmie.|243\/394
|move|p1a: Starmie.|Scald|p2a: Celebi
|-resisted|p2a: Celebi
|-damage|p2a: Celebi|332\/404
|
|-start|p2a: Celebi|perish2
|-start|p1a: Starmie.|perish2
|-heal|p2a: Celebi|357\/404|[from] item: Leftovers
|turn|66
|
|move|p2a: Celebi|Baton Pass|p2a: Celebi
|
|switch|p2a: Rotom-Wash|Rotom-Wash|183\/303 tox
|move|p1a: Starmie.|Scald|p2a: Rotom-Wash
|-resisted|p2a: Rotom-Wash
|-damage|p2a: Rotom-Wash|88\/303 tox
|
|-start|p2a: Rotom-Wash|perish1
|-start|p1a: Starmie.|perish1
|-damage|p2a: Rotom-Wash|70\/303 tox|[from] psn
|turn|67
|
|switch|p1a: Honchkrow.|Mandibuzz, F|278\/423
|move|p2a: Rotom-Wash|Volt Switch|p1a: Honchkrow.
|-supereffective|p1a: Honchkrow.
|-damage|p1a: Honchkrow.|120\/423
|
|switch|p2a: Lopunny|Lopunny-Mega, F|271\/271
|
|turn|68
|
|switch|p1a: Starmie.|Slowbro, F|374\/394
|move|p2a: Lopunny|Return|p1a: Starmie.
|-damage|p1a: Starmie.|251\/394
|
|turn|69
|
|switch|p2a: Celebi|Celebi|357\/404
|move|p1a: Starmie.|Calm Mind|p1a: Starmie.
|-boost|p1a: Starmie.|spa|1
|-boost|p1a: Starmie.|spd|1
|
|-heal|p2a: Celebi|382\/404|[from] item: Leftovers
|turn|70
|
|move|p2a: Celebi|Perish Song|p2a: Celebi
|-fieldactivate|move: Perish Song
|move|p1a: Starmie.|Calm Mind|p1a: Starmie.
|-boost|p1a: Starmie.|spa|1
|-boost|p1a: Starmie.|spd|1
|
|-start|p2a: Celebi|perish3
|-start|p1a: Starmie.|perish3
|-heal|p2a: Celebi|404\/404|[from] item: Leftovers
|turn|71
|
|move|p2a: Celebi|Giga Drain|p1a: Starmie.
|-supereffective|p1a: Starmie.
|-damage|p1a: Starmie.|153\/394
|move|p1a: Starmie.|Slack Off|p1a: Starmie.
|-heal|p1a: Starmie.|350\/394
|
|-start|p2a: Celebi|perish2
|-start|p1a: Starmie.|perish2
|turn|72
|
|move|p2a: Celebi|Giga Drain|p1a: Starmie.
|-supereffective|p1a: Starmie.
|-damage|p1a: Starmie.|240\/394
|move|p1a: Starmie.|Psyshock|p2a: Celebi
|-resisted|p2a: Celebi
|-damage|p2a: Celebi|302\/404
|
|-start|p2a: Celebi|perish1
|-start|p1a: Starmie.|perish1
|-heal|p2a: Celebi|327\/404|[from] item: Leftovers
|turn|73
|
|switch|p2a: Rotom-Wash|Rotom-Wash|70\/303 tox
|switch|p1a: Wobbuffet.|Gothitelle, F|32\/301
|
|-heal|p1a: Wobbuffet.|50\/301|[from] item: Leftovers
|-damage|p2a: Rotom-Wash|52\/303 tox|[from] psn
|turn|74
|
|switch|p1a: Starmie.|Slowbro, F|371\/394
|move|p2a: Rotom-Wash|Volt Switch|p1a: Starmie.
|-supereffective|p1a: Starmie.
|-damage|p1a: Starmie.|147\/394
|
|switch|p2a: Gothitelle|Gothitelle, F|38\/301
|
|-heal|p2a: Gothitelle|56\/301|[from] item: Leftovers
|turn|75
|
|move|p2a: Gothitelle|Rest|p2a: Gothitelle
|-status|p2a: Gothitelle|slp
|-heal|p2a: Gothitelle|301\/301 slp|[silent]
|-status|p2a: Gothitelle|slp|[from] move: Rest
|move|p1a: Starmie.|Slack Off|p1a: Starmie.
|-heal|p1a: Starmie.|344\/394
|
|turn|76
|
|switch|p2a: Celebi|Celebi|327\/404
|move|p1a: Starmie.|Calm Mind|p1a: Starmie.
|-boost|p1a: Starmie.|spa|1
|-boost|p1a: Starmie.|spd|1
|
|-heal|p2a: Celebi|352\/404|[from] item: Leftovers
|turn|77
|
|move|p2a: Celebi|Giga Drain|p1a: Starmie.
|-supereffective|p1a: Starmie.
|-damage|p1a: Starmie.|206\/394
|-heal|p2a: Celebi|404\/404|[from] drain|[of] p1a: Starmie.
|move|p1a: Starmie.|Calm Mind|p1a: Starmie.
|-boost|p1a: Starmie.|spa|1
|-boost|p1a: Starmie.|spd|1
|
|turn|78
|
|move|p2a: Celebi|Perish Song|p2a: Celebi
|-fieldactivate|move: Perish Song
|move|p1a: Starmie.|Slack Off|p1a: Starmie.
|-heal|p1a: Starmie.|394\/394
|
|-start|p2a: Celebi|perish3
|-start|p1a: Starmie.|perish3
|turn|79
|
|switch|p2a: Rotom-Wash|Rotom-Wash|52\/303 tox
|move|p1a: Starmie.|Psyshock|p2a: Rotom-Wash
|-damage|p2a: Rotom-Wash|0 fnt
|faint|p2a: Rotom-Wash
|
|-start|p1a: Starmie.|perish2
|
|switch|p2a: Gothitelle|Gothitelle, F|301\/301 slp
|turn|80
|
|detailschange|p1a: Starmie.|Slowbro-Mega, F
|message|Slowbro has Mega Evolved into Mega Slowbro!
|cant|p2a: Gothitelle|slp
|move|p1a: Starmie.|Scald|p2a: Gothitelle
|-damage|p2a: Gothitelle|85\/301 slp
|
|-start|p1a: Starmie.|perish1
|-heal|p2a: Gothitelle|103\/301 slp|[from] item: Leftovers
|turn|81
|
|switch|p2a: Celebi|Celebi|404\/404
|move|p1a: Starmie.|Psyshock|p2a: Celebi
|-resisted|p2a: Celebi
|-damage|p2a: Celebi|285\/404
|
|-start|p1a: Starmie.|perish0
|-heal|p2a: Celebi|310\/404|[from] item: Leftovers
|faint|p1a: Starmie.
|
|switch|p1a: Honchkrow.|Mandibuzz, F|120\/423
|turn|82
|
|move|p1a: Honchkrow.|Roost|p1a: Honchkrow.
|-heal|p1a: Honchkrow.|332\/423
|move|p2a: Celebi|Baton Pass|p2a: Celebi
|
|switch|p2a: Gothitelle|Gothitelle, F|103\/301 slp
|
|-heal|p2a: Gothitelle|121\/301 slp|[from] item: Leftovers
|turn|83
|c|âlil manaphy|gg
|c|âAegislash Returns|gg
|-message|Aegislash Returns forfeited.
|
|win|lil manaphy
|raw|Ladder updating...
|leave|Aegislash Returns
|player|p1
|raw|Aegislash Returns's rating: 1720 &rarr; <strong>1705<\/strong><br \/>(-15 for losing)
|raw|lil manaphy's rating: 1797 &rarr; <strong>1812<\/strong><br \/>(+15 for winning)