|join|Aegislash Returns
|join|wish killer
|player|p1|Aegislash Returns|274
|player|p2|wish killer|288
|gametype|singles
|gen|6
|tier|OU
|rated
|clearpoke
|poke|p1|Doublade, F
|poke|p1|Chansey, F
|poke|p1|Slowbro, M
|poke|p1|Gothitelle, M
|poke|p1|Mandibuzz, F
|poke|p1|Quagsire, F
|poke|p2|Bisharp, F
|poke|p2|Venusaur, F
|poke|p2|Heatran, F
|poke|p2|Keldeo
|poke|p2|Chansey, F
|poke|p2|Skarmory, M
|rule|Swagger Clause: Swagger is banned
|rule|Baton Pass Clause: Limit one PokÃ©mon knowing Baton Pass
|rule|Sleep Clause Mod: Limit one foe put to sleep
|rule|Species Clause: Limit one of each PokÃ©mon
|rule|OHKO Clause: OHKO moves are banned
|rule|Moody Clause: Moody is banned
|rule|Evasion Moves Clause: Evasion moves are banned
|rule|Endless Battle Clause: Forcing endless battles is banned
|rule|HP Percentage Mod: HP is shown in percentages
|teampreview
|
|start
|switch|p1a: Starmie.|Slowbro, M|394\/394
|switch|p2a: Skarmory|Skarmory, M|334\/334
|turn|1
|
|move|p2a: Skarmory|Spikes|p1a: Starmie.
|-sidestart|p1: Aegislash Returns|Spikes
|move|p1a: Starmie.|Scald|p2a: Skarmory
|-damage|p2a: Skarmory|237\/334
|
|turn|2
|
|switch|p2a: Chansey|Chansey, F|684\/684
|switch|p1a: Honchkrow.|Mandibuzz, F|423\/423
|
|turn|3
|
|switch|p2a: Heatran|Heatran, F|340\/340
|-item|p2a: Heatran|Air Balloon
|move|p1a: Honchkrow.|Defog|p2a: Heatran
|-unboost|p2a: Heatran|evasion|1
|-sideend|p1: Aegislash Returns|Spikes|[from] move: Defog|[of] p1a: Honchkrow.
|
|turn|4
|
|switch|p1a: Starmie.|Slowbro, M|394\/394
|move|p2a: Heatran|Toxic|p1a: Starmie.
|-status|p1a: Starmie.|tox
|
|-damage|p1a: Starmie.|370\/394 tox|[from] psn
|turn|5
|
|switch|p2a: Skarmory|Skarmory, M|237\/334
|move|p1a: Starmie.|Scald|p2a: Skarmory
|-damage|p2a: Skarmory|140\/334
|
|-damage|p1a: Starmie.|322\/394 tox|[from] psn
|turn|6
|
|move|p2a: Skarmory|Roost|p2a: Skarmory
|-heal|p2a: Skarmory|307\/334
|move|p1a: Starmie.|Scald|p2a: Skarmory
|-damage|p2a: Skarmory|208\/334
|-status|p2a: Skarmory|brn
|
|-damage|p2a: Skarmory|167\/334 brn|[from] brn
|-damage|p1a: Starmie.|250\/394 tox|[from] psn
|turn|7
|
|switch|p1a: Honchkrow.|Mandibuzz, F|423\/423
|move|p2a: Skarmory|Spikes|p1a: Honchkrow.
|-sidestart|p1: Aegislash Returns|Spikes
|
|-damage|p2a: Skarmory|126\/334 brn|[from] brn
|turn|8
|
|switch|p2a: Heatran|Heatran, F|340\/340
|-item|p2a: Heatran|Air Balloon
|move|p1a: Honchkrow.|Defog|p2a: Heatran
|-unboost|p2a: Heatran|evasion|1
|-sideend|p1: Aegislash Returns|Spikes|[from] move: Defog|[of] p1a: Honchkrow.
|
|turn|9
|
|switch|p1a: Starmie.|Slowbro, M|381\/394 tox
|move|p2a: Heatran|Stealth Rock|p1a: Starmie.
|-sidestart|p1: Aegislash Returns|move: Stealth Rock
|
|-damage|p1a: Starmie.|357\/394 tox|[from] psn
|turn|10
|
|switch|p2a: Chansey|Chansey, F|684\/684
|switch|p1a: Wobbuffet.|Gothitelle, M|301\/301
|-damage|p1a: Wobbuffet.|264\/301|[from] Stealth Rock
|
|turn|11
|
|move|p1a: Wobbuffet.|Trick|p2a: Chansey
|-activate|p1a: Wobbuffet.|move: Trick|[of] p2a: Chansey
|-item|p2a: Chansey|Choice Scarf|[from] move: Trick
|-item|p1a: Wobbuffet.|Eviolite|[from] move: Trick
|move|p2a: Chansey|Seismic Toss|p1a: Wobbuffet.
|-damage|p1a: Wobbuffet.|164\/301
|
|turn|12
|
|move|p1a: Wobbuffet.|Calm Mind|p1a: Wobbuffet.
|-boost|p1a: Wobbuffet.|spa|1
|-boost|p1a: Wobbuffet.|spd|1
|move|p2a: Chansey|Seismic Toss|p1a: Wobbuffet.
|-damage|p1a: Wobbuffet.|64\/301
|
|turn|13
|
|move|p1a: Wobbuffet.|Rest|p1a: Wobbuffet.
|-status|p1a: Wobbuffet.|slp
|-heal|p1a: Wobbuffet.|301\/301 slp|[silent]
|-status|p1a: Wobbuffet.|slp|[from] move: Rest
|move|p2a: Chansey|Seismic Toss|p1a: Wobbuffet.
|-damage|p1a: Wobbuffet.|201\/301 slp
|
|turn|14
|
|cant|p1a: Wobbuffet.|slp
|move|p2a: Chansey|Seismic Toss|p1a: Wobbuffet.
|-damage|p1a: Wobbuffet.|101\/301 slp
|
|turn|15
|
|cant|p1a: Wobbuffet.|slp
|move|p2a: Chansey|Seismic Toss|p1a: Wobbuffet.
|-damage|p1a: Wobbuffet.|1\/301 slp
|
|turn|16
|
|-curestatus|p1a: Wobbuffet.|slp
|move|p1a: Wobbuffet.|Rest|p1a: Wobbuffet.
|-status|p1a: Wobbuffet.|slp
|-heal|p1a: Wobbuffet.|301\/301 slp|[silent]
|-status|p1a: Wobbuffet.|slp|[from] move: Rest
|move|p2a: Chansey|Seismic Toss|p1a: Wobbuffet.
|-damage|p1a: Wobbuffet.|201\/301 slp
|
|turn|17
|
|cant|p1a: Wobbuffet.|slp
|move|p2a: Chansey|Seismic Toss|p1a: Wobbuffet.
|-damage|p1a: Wobbuffet.|101\/301 slp
|
|turn|18
|
|cant|p1a: Wobbuffet.|slp
|move|p2a: Chansey|Seismic Toss|p1a: Wobbuffet.
|-damage|p1a: Wobbuffet.|1\/301 slp
|
|turn|19
|
|-curestatus|p1a: Wobbuffet.|slp
|move|p1a: Wobbuffet.|Rest|p1a: Wobbuffet.
|-status|p1a: Wobbuffet.|slp
|-heal|p1a: Wobbuffet.|301\/301 slp|[silent]
|-status|p1a: Wobbuffet.|slp|[from] move: Rest
|move|p2a: Chansey|Seismic Toss|p1a: Wobbuffet.
|-damage|p1a: Wobbuffet.|201\/301 slp
|
|turn|20
|
|cant|p1a: Wobbuffet.|slp
|move|p2a: Chansey|Seismic Toss|p1a: Wobbuffet.
|-damage|p1a: Wobbuffet.|101\/301 slp
|
|turn|21
|
|cant|p1a: Wobbuffet.|slp
|move|p2a: Chansey|Seismic Toss|p1a: Wobbuffet.
|-damage|p1a: Wobbuffet.|1\/301 slp
|
|turn|22
|
|-curestatus|p1a: Wobbuffet.|slp
|move|p1a: Wobbuffet.|Rest|p1a: Wobbuffet.
|-status|p1a: Wobbuffet.|slp
|-heal|p1a: Wobbuffet.|301\/301 slp|[silent]
|-status|p1a: Wobbuffet.|slp|[from] move: Rest
|move|p2a: Chansey|Seismic Toss|p1a: Wobbuffet.
|-damage|p1a: Wobbuffet.|201\/301 slp
|
|turn|23
|
|cant|p1a: Wobbuffet.|slp
|move|p2a: Chansey|Seismic Toss|p1a: Wobbuffet.
|-damage|p1a: Wobbuffet.|101\/301 slp
|
|turn|24
|
|cant|p1a: Wobbuffet.|slp
|move|p2a: Chansey|Seismic Toss|p1a: Wobbuffet.
|-damage|p1a: Wobbuffet.|1\/301 slp
|
|turn|25
|
|-curestatus|p1a: Wobbuffet.|slp
|move|p1a: Wobbuffet.|Rest|p1a: Wobbuffet.
|-status|p1a: Wobbuffet.|slp
|-heal|p1a: Wobbuffet.|301\/301 slp|[silent]
|-status|p1a: Wobbuffet.|slp|[from] move: Rest
|move|p2a: Chansey|Seismic Toss|p1a: Wobbuffet.
|-damage|p1a: Wobbuffet.|201\/301 slp
|
|turn|26
|
|cant|p1a: Wobbuffet.|slp
|move|p2a: Chansey|Seismic Toss|p1a: Wobbuffet.
|-damage|p1a: Wobbuffet.|101\/301 slp
|
|turn|27
|
|cant|p1a: Wobbuffet.|slp
|move|p2a: Chansey|Seismic Toss|p1a: Wobbuffet.
|-damage|p1a: Wobbuffet.|1\/301 slp
|
|turn|28
|
|-curestatus|p1a: Wobbuffet.|slp
|move|p1a: Wobbuffet.|Rest|p1a: Wobbuffet.
|-status|p1a: Wobbuffet.|slp
|-heal|p1a: Wobbuffet.|301\/301 slp|[silent]
|-status|p1a: Wobbuffet.|slp|[from] move: Rest
|move|p2a: Chansey|Seismic Toss|p1a: Wobbuffet.
|-damage|p1a: Wobbuffet.|201\/301 slp
|
|turn|29
|
|cant|p1a: Wobbuffet.|slp
|move|p2a: Chansey|Seismic Toss|p1a: Wobbuffet.
|-damage|p1a: Wobbuffet.|101\/301 slp
|
|turn|30
|
|cant|p1a: Wobbuffet.|slp
|move|p2a: Chansey|Seismic Toss|p1a: Wobbuffet.
|-damage|p1a: Wobbuffet.|1\/301 slp
|
|turn|31
|
|-curestatus|p1a: Wobbuffet.|slp
|move|p1a: Wobbuffet.|Rest|p1a: Wobbuffet.
|-status|p1a: Wobbuffet.|slp
|-heal|p1a: Wobbuffet.|301\/301 slp|[silent]
|-status|p1a: Wobbuffet.|slp|[from] move: Rest
|move|p2a: Chansey|Seismic Toss|p1a: Wobbuffet.
|-damage|p1a: Wobbuffet.|201\/301 slp
|
|turn|32
|
|cant|p1a: Wobbuffet.|slp
|move|p2a: Chansey|Seismic Toss|p1a: Wobbuffet.
|-damage|p1a: Wobbuffet.|101\/301 slp
|
|turn|33
|
|cant|p1a: Wobbuffet.|slp
|move|p2a: Chansey|Seismic Toss|p1a: Wobbuffet.
|-damage|p1a: Wobbuffet.|1\/301 slp
|
|turn|34
|
|-curestatus|p1a: Wobbuffet.|slp
|move|p1a: Wobbuffet.|Rest|p1a: Wobbuffet.
|-status|p1a: Wobbuffet.|slp
|-heal|p1a: Wobbuffet.|301\/301 slp|[silent]
|-status|p1a: Wobbuffet.|slp|[from] move: Rest
|move|p2a: Chansey|Seismic Toss|p1a: Wobbuffet.
|-damage|p1a: Wobbuffet.|201\/301 slp
|
|turn|35
|join|Alvadora
|
|cant|p1a: Wobbuffet.|slp
|move|p2a: Chansey|Seismic Toss|p1a: Wobbuffet.
|-damage|p1a: Wobbuffet.|101\/301 slp
|
|turn|36
|
|cant|p1a: Wobbuffet.|slp
|move|p2a: Chansey|Seismic Toss|p1a: Wobbuffet.
|-damage|p1a: Wobbuffet.|1\/301 slp
|
|turn|37
|
|-curestatus|p1a: Wobbuffet.|slp
|move|p1a: Wobbuffet.|Rest|p1a: Wobbuffet.
|-status|p1a: Wobbuffet.|slp
|-heal|p1a: Wobbuffet.|301\/301 slp|[silent]
|-status|p1a: Wobbuffet.|slp|[from] move: Rest
|move|p2a: Chansey|Seismic Toss|p1a: Wobbuffet.
|-damage|p1a: Wobbuffet.|201\/301 slp
|
|turn|38
|
|cant|p1a: Wobbuffet.|slp
|move|p2a: Chansey|Seismic Toss|p1a: Wobbuffet.
|-damage|p1a: Wobbuffet.|101\/301 slp
|
|turn|39
|
|cant|p1a: Wobbuffet.|slp
|move|p2a: Chansey|Seismic Toss|p1a: Wobbuffet.
|-damage|p1a: Wobbuffet.|1\/301 slp
|
|turn|40
|
|-curestatus|p1a: Wobbuffet.|slp
|move|p1a: Wobbuffet.|Rest|p1a: Wobbuffet.
|-status|p1a: Wobbuffet.|slp
|-heal|p1a: Wobbuffet.|301\/301 slp|[silent]
|-status|p1a: Wobbuffet.|slp|[from] move: Rest
|move|p2a: Chansey|Seismic Toss|p1a: Wobbuffet.
|-damage|p1a: Wobbuffet.|201\/301 slp
|
|turn|41
|
|cant|p1a: Wobbuffet.|slp
|move|p2a: Chansey|Seismic Toss|p1a: Wobbuffet.
|-damage|p1a: Wobbuffet.|101\/301 slp
|
|turn|42
|
|cant|p1a: Wobbuffet.|slp
|move|p2a: Chansey|Seismic Toss|p1a: Wobbuffet.
|-damage|p1a: Wobbuffet.|1\/301 slp
|
|turn|43
|
|-curestatus|p1a: Wobbuffet.|slp
|move|p1a: Wobbuffet.|Rest|p1a: Wobbuffet.
|-status|p1a: Wobbuffet.|slp
|-heal|p1a: Wobbuffet.|301\/301 slp|[silent]
|-status|p1a: Wobbuffet.|slp|[from] move: Rest
|move|p2a: Chansey|Struggle|p1a: Wobbuffet.
|-damage|p1a: Wobbuffet.|293\/301 slp
|-damage|p2a: Chansey|513\/684
|
|turn|44
|
|cant|p1a: Wobbuffet.|slp
|move|p2a: Chansey|Struggle|p1a: Wobbuffet.
|-damage|p1a: Wobbuffet.|285\/301 slp
|-damage|p2a: Chansey|342\/684
|
|turn|45
|
|cant|p1a: Wobbuffet.|slp
|move|p2a: Chansey|Struggle|p1a: Wobbuffet.
|-damage|p1a: Wobbuffet.|277\/301 slp
|-damage|p2a: Chansey|171\/684
|
|turn|46
|
|-curestatus|p1a: Wobbuffet.|slp
|move|p1a: Wobbuffet.|Trick|p2a: Chansey
|-activate|p1a: Wobbuffet.|move: Trick|[of] p2a: Chansey
|-item|p2a: Chansey|Eviolite|[from] move: Trick
|-item|p1a: Wobbuffet.|Choice Scarf|[from] move: Trick
|move|p2a: Chansey|Struggle|p1a: Wobbuffet.
|-damage|p1a: Wobbuffet.|270\/301
|-damage|p2a: Chansey|0 fnt
|faint|p2a: Chansey
|
|
|switch|p2a: Bisharp|Bisharp, F|334\/334
|turn|47
|
|switch|p1a: Swampert.|Quagsire, F|394\/394
|-damage|p1a: Swampert.|370\/394|[from] Stealth Rock
|move|p2a: Bisharp|Knock Off|p1a: Swampert.
|-damage|p1a: Swampert.|210\/394
|-enditem|p1a: Swampert.|Leftovers|[from] move: Knock Off|[of] p2a: Bisharp
|
|turn|48
|
|switch|p2a: Keldeo|Keldeo|323\/323
|move|p1a: Swampert.|Recover|p1a: Swampert.
|-heal|p1a: Swampert.|394\/394
|
|turn|49
|
|switch|p1a: Wobbuffet.|Gothitelle, M|270\/301
|-damage|p1a: Wobbuffet.|233\/301|[from] Stealth Rock
|move|p2a: Keldeo|Scald|p1a: Wobbuffet.
|-damage|p1a: Wobbuffet.|92\/301
|
|turn|50
|
|move|p1a: Wobbuffet.|Psyshock|p2a: Keldeo
|-supereffective|p2a: Keldeo
|-damage|p2a: Keldeo|83\/323
|move|p2a: Keldeo|Scald|p1a: Wobbuffet.
|-damage|p1a: Wobbuffet.|0 fnt
|faint|p1a: Wobbuffet.
|
|-heal|p2a: Keldeo|103\/323|[from] item: Leftovers
|
|switch|p1a: Starmie.|Slowbro, M|394\/394 tox
|-damage|p1a: Starmie.|345\/394 tox|[from] Stealth Rock
|turn|51
|
|switch|p2a: Skarmory|Skarmory, M|126\/334 brn
|move|p1a: Starmie.|Psyshock|p2a: Skarmory
|-resisted|p2a: Skarmory
|-damage|p2a: Skarmory|97\/334 brn
|
|-damage|p2a: Skarmory|56\/334 brn|[from] brn
|-damage|p1a: Starmie.|321\/394 tox|[from] psn
|turn|52
|
|move|p1a: Starmie.|Scald|p2a: Skarmory
|-damage|p2a: Skarmory|0 fnt
|faint|p2a: Skarmory
|
|-damage|p1a: Starmie.|273\/394 tox|[from] psn
|
|switch|p2a: Venusaur|Venusaur, F|364\/364
|turn|53
|
|switch|p1a: Blissey.|Chansey, F|642\/642
|-damage|p1a: Blissey.|562\/642|[from] Stealth Rock
|detailschange|p2a: Venusaur|Venusaur-Mega, F
|message|Venusaur has Mega Evolved into Mega Venusaur!
|move|p2a: Venusaur|Leech Seed|p1a: Blissey.
|-start|p1a: Blissey.|move: Leech Seed
|
|-damage|p1a: Blissey.|482\/642|[from] Leech Seed|[of] p2a: Venusaur
|turn|54
|
|switch|p2a: Keldeo|Keldeo|103\/323
|move|p1a: Blissey.|Heal Bell|p1a: Blissey.
|-cureteam|p1a: Blissey.|[from] move: HealBell
|
|-heal|p2a: Keldeo|123\/323|[from] item: Leftovers
|-damage|p1a: Blissey.|402\/642|[from] Leech Seed|[of] p2a: Keldeo
|-heal|p2a: Keldeo|203\/323|[silent]
|turn|55
|
|switch|p1a: Starmie.|Slowbro, M|394\/394
|-damage|p1a: Starmie.|345\/394|[from] Stealth Rock
|move|p2a: Keldeo|Scald|p1a: Starmie.
|-resisted|p1a: Starmie.
|-damage|p1a: Starmie.|265\/394
|-status|p1a: Starmie.|brn
|
|-heal|p2a: Keldeo|223\/323|[from] item: Leftovers
|-damage|p1a: Starmie.|216\/394 brn|[from] brn
|turn|56
|
|switch|p2a: Bisharp|Bisharp, F|334\/334
|move|p1a: Starmie.|Scald|p2a: Bisharp
|-damage|p2a: Bisharp|211\/334
|
|-heal|p2a: Bisharp|231\/334|[from] item: Leftovers
|-damage|p1a: Starmie.|167\/394 brn|[from] brn
|turn|57
|
|switch|p2a: Keldeo|Keldeo|223\/323
|switch|p1a: Swampert.|Quagsire, F|394\/394
|-damage|p1a: Swampert.|370\/394|[from] Stealth Rock
|
|-heal|p2a: Keldeo|243\/323|[from] item: Leftovers
|turn|58
|
|move|p2a: Keldeo|Scald|p1a: Swampert.
|-damage|p1a: Swampert.|177\/394
|move|p1a: Swampert.|Toxic|p2a: Keldeo
|-status|p2a: Keldeo|tox
|
|-heal|p2a: Keldeo|263\/323 tox|[from] item: Leftovers
|-damage|p2a: Keldeo|243\/323 tox|[from] psn
|turn|59
|
|switch|p1a: Starmie.|Slowbro, M|298\/394 brn
|-damage|p1a: Starmie.|249\/394 brn|[from] Stealth Rock
|move|p2a: Keldeo|Scald|p1a: Starmie.
|-resisted|p1a: Starmie.
|-damage|p1a: Starmie.|158\/394 brn
|
|-heal|p2a: Keldeo|263\/323 tox|[from] item: Leftovers
|-damage|p2a: Keldeo|223\/323 tox|[from] psn
|-damage|p1a: Starmie.|109\/394 brn|[from] brn
|turn|60
|
|switch|p2a: Bisharp|Bisharp, F|231\/334
|move|p1a: Starmie.|Slack Off|p1a: Starmie.
|-heal|p1a: Starmie.|306\/394 brn
|
|-heal|p2a: Bisharp|251\/334|[from] item: Leftovers
|-damage|p1a: Starmie.|257\/394 brn|[from] brn
|turn|61
|
|switch|p1a: Honchkrow.|Mandibuzz, F|423\/423
|-damage|p1a: Honchkrow.|318\/423|[from] Stealth Rock
|move|p2a: Bisharp|Knock Off|p1a: Honchkrow.
|-resisted|p1a: Honchkrow.
|-damage|p1a: Honchkrow.|249\/423
|-enditem|p1a: Honchkrow.|Leftovers|[from] move: Knock Off|[of] p2a: Bisharp
|
|-heal|p2a: Bisharp|271\/334|[from] item: Leftovers
|turn|62
|
|move|p1a: Honchkrow.|Roost|p1a: Honchkrow.
|-heal|p1a: Honchkrow.|423\/423
|move|p2a: Bisharp|Iron Head|p1a: Honchkrow.
|-damage|p1a: Honchkrow.|302\/423
|
|-heal|p2a: Bisharp|291\/334|[from] item: Leftovers
|turn|63
|
|move|p1a: Honchkrow.|Foul Play|p2a: Bisharp
|-resisted|p2a: Bisharp
|-damage|p2a: Bisharp|198\/334
|move|p2a: Bisharp|Iron Head|p1a: Honchkrow.
|-damage|p1a: Honchkrow.|175\/423
|
|-heal|p2a: Bisharp|218\/334|[from] item: Leftovers
|turn|64
|
|switch|p2a: Heatran|Heatran, F|340\/340
|-item|p2a: Heatran|Air Balloon
|move|p1a: Honchkrow.|Roost|p1a: Honchkrow.
|-heal|p1a: Honchkrow.|387\/423
|
|turn|65
|
|move|p2a: Heatran|Fire Blast|p1a: Honchkrow.
|-damage|p1a: Honchkrow.|246\/423
|move|p1a: Honchkrow.|Defog|p2a: Heatran
|-unboost|p2a: Heatran|evasion|1
|-sideend|p1: Aegislash Returns|Stealth Rock|[from] move: Defog|[of] p1a: Honchkrow.
|
|turn|66
|
|move|p2a: Heatran|Stealth Rock|p1a: Honchkrow.
|-sidestart|p1: Aegislash Returns|move: Stealth Rock
|move|p1a: Honchkrow.|Roost|p1a: Honchkrow.
|-heal|p1a: Honchkrow.|423\/423
|
|turn|67
|
|move|p2a: Heatran|Fire Blast|p1a: Honchkrow.
|-damage|p1a: Honchkrow.|275\/423
|move|p1a: Honchkrow.|Defog|p2a: Heatran
|-unboost|p2a: Heatran|evasion|1
|-sideend|p1: Aegislash Returns|Stealth Rock|[from] move: Defog|[of] p1a: Honchkrow.
|
|turn|68
|
|move|p2a: Heatran|Stealth Rock|p1a: Honchkrow.
|-sidestart|p1: Aegislash Returns|move: Stealth Rock
|move|p1a: Honchkrow.|Roost|p1a: Honchkrow.
|-heal|p1a: Honchkrow.|423\/423
|
|turn|69
|
|move|p2a: Heatran|Toxic|p1a: Honchkrow.
|-status|p1a: Honchkrow.|tox
|move|p1a: Honchkrow.|Defog|p2a: Heatran
|-unboost|p2a: Heatran|evasion|1
|-sideend|p1: Aegislash Returns|Stealth Rock|[from] move: Defog|[of] p1a: Honchkrow.
|
|-damage|p1a: Honchkrow.|397\/423 tox|[from] psn
|turn|70
|
|switch|p1a: Swampert.|Quagsire, F|177\/394
|move|p2a: Heatran|Stealth Rock|p1a: Swampert.
|-sidestart|p1: Aegislash Returns|move: Stealth Rock
|
|turn|71
|
|move|p2a: Heatran|Toxic|p1a: Swampert.
|-status|p1a: Swampert.|tox
|move|p1a: Swampert.|Recover|p1a: Swampert.
|-heal|p1a: Swampert.|374\/394 tox
|
|-damage|p1a: Swampert.|350\/394 tox|[from] psn
|turn|72
|
|switch|p1a: Starmie.|Slowbro, M|388\/394 brn
|-damage|p1a: Starmie.|339\/394 brn|[from] Stealth Rock
|move|p2a: Heatran|Fire Blast|p1a: Starmie.
|-resisted|p1a: Starmie.
|-damage|p1a: Starmie.|246\/394 brn
|
|-damage|p1a: Starmie.|197\/394 brn|[from] brn
|turn|73
|
|move|p2a: Heatran|Taunt|p1a: Starmie.
|-start|p1a: Starmie.|move: Taunt
|cant|p1a: Starmie.|move: Taunt|Slack Off
|
|-damage|p1a: Starmie.|148\/394 brn|[from] brn
|turn|74
|
|switch|p1a: Blissey.|Chansey, F|402\/642
|-damage|p1a: Blissey.|322\/642|[from] Stealth Rock
|move|p2a: Heatran|Fire Blast|p1a: Blissey.
|-damage|p1a: Blissey.|232\/642
|
|turn|75
|
|move|p2a: Heatran|Taunt|p1a: Blissey.
|-start|p1a: Blissey.|move: Taunt
|cant|p1a: Blissey.|move: Taunt|Soft-Boiled
|
|turn|76
|
|move|p2a: Heatran|Toxic|p1a: Blissey.
|-status|p1a: Blissey.|tox
|move|p1a: Blissey.|Seismic Toss|p2a: Heatran
|-damage|p2a: Heatran|240\/340
|-enditem|p2a: Heatran|Air Balloon
|
|-damage|p1a: Blissey.|192\/642 tox|[from] psn
|turn|77
|
|move|p2a: Heatran|Fire Blast|p1a: Blissey.
|-damage|p1a: Blissey.|108\/642 tox
|move|p1a: Blissey.|Seismic Toss|p2a: Heatran
|-damage|p2a: Heatran|140\/340
|
|-damage|p1a: Blissey.|28\/642 tox|[from] psn
|-end|p1a: Blissey.|move: Taunt
|turn|78
|
|move|p2a: Heatran|Taunt|p1a: Blissey.
|-start|p1a: Blissey.|move: Taunt
|cant|p1a: Blissey.|move: Taunt|Heal Bell
|
|-damage|p1a: Blissey.|0 fnt|[from] psn
|faint|p1a: Blissey.
|
|switch|p1a: Starmie.|Slowbro, M|279\/394 brn
|-damage|p1a: Starmie.|230\/394 brn|[from] Stealth Rock
|turn|79
|
|move|p2a: Heatran|Fire Blast|p1a: Starmie.
|-resisted|p1a: Starmie.
|-damage|p1a: Starmie.|125\/394 brn
|move|p1a: Starmie.|Scald|p2a: Heatran
|-supereffective|p2a: Heatran
|-damage|p2a: Heatran|0 fnt
|faint|p2a: Heatran
|
|-damage|p1a: Starmie.|76\/394 brn|[from] brn
|
|switch|p2a: Bisharp|Bisharp, F|218\/334
|turn|80
|
|switch|p1a: Swampert.|Quagsire, F|350\/394 tox
|-damage|p1a: Swampert.|326\/394 tox|[from] Stealth Rock
|move|p2a: Bisharp|Knock Off|p1a: Swampert.
|-damage|p1a: Swampert.|229\/394 tox
|
|-heal|p2a: Bisharp|238\/334|[from] item: Leftovers
|-damage|p1a: Swampert.|205\/394 tox|[from] psn
|turn|81
|
|move|p2a: Bisharp|Iron Head|p1a: Swampert.
|-resisted|p1a: Swampert.
|-damage|p1a: Swampert.|140\/394 tox
|move|p1a: Swampert.|Recover|p1a: Swampert.
|-heal|p1a: Swampert.|337\/394 tox
|
|-heal|p2a: Bisharp|258\/334|[from] item: Leftovers
|-damage|p1a: Swampert.|289\/394 tox|[from] psn
|turn|82
|
|move|p2a: Bisharp|Iron Head|p1a: Swampert.
|-resisted|p1a: Swampert.
|-damage|p1a: Swampert.|233\/394 tox
|move|p1a: Swampert.|Scald|p2a: Bisharp
|-damage|p2a: Bisharp|174\/334
|-status|p2a: Bisharp|brn
|
|-heal|p2a: Bisharp|194\/334 brn|[from] item: Leftovers
|-damage|p2a: Bisharp|153\/334 brn|[from] brn
|-damage|p1a: Swampert.|161\/394 tox|[from] psn
|turn|83
|
|move|p2a: Bisharp|Iron Head|p1a: Swampert.
|-resisted|p1a: Swampert.
|-damage|p1a: Swampert.|131\/394 tox
|move|p1a: Swampert.|Recover|p1a: Swampert.
|-heal|p1a: Swampert.|328\/394 tox
|
|-heal|p2a: Bisharp|173\/334 brn|[from] item: Leftovers
|-damage|p2a: Bisharp|132\/334 brn|[from] brn
|-damage|p1a: Swampert.|232\/394 tox|[from] psn
|turn|84
|
|switch|p2a: Keldeo|Keldeo|223\/323 tox
|move|p1a: Swampert.|Recover|p1a: Swampert.
|-heal|p1a: Swampert.|394\/394 tox
|
|-heal|p2a: Keldeo|243\/323 tox|[from] item: Leftovers
|-damage|p2a: Keldeo|223\/323 tox|[from] psn
|-damage|p1a: Swampert.|274\/394 tox|[from] psn
|turn|85
|
|switch|p1a: Aegislash.|Doublade, F|322\/322
|-damage|p1a: Aegislash.|302\/322|[from] Stealth Rock
|move|p2a: Keldeo|Scald|p1a: Aegislash.
|-damage|p1a: Aegislash.|206\/322
|
|-heal|p2a: Keldeo|243\/323 tox|[from] item: Leftovers
|-damage|p2a: Keldeo|203\/323 tox|[from] psn
|turn|86
|
|move|p2a: Keldeo|Scald|p1a: Aegislash.
|-damage|p1a: Aegislash.|98\/322
|move|p1a: Aegislash.|Sacred Sword|p2a: Keldeo
|-damage|p2a: Keldeo|116\/323 tox
|
|-heal|p2a: Keldeo|136\/323 tox|[from] item: Leftovers
|-damage|p2a: Keldeo|76\/323 tox|[from] psn
|turn|87
|
|switch|p1a: Starmie.|Slowbro, M|207\/394 brn
|-damage|p1a: Starmie.|158\/394 brn|[from] Stealth Rock
|move|p2a: Keldeo|Scald|p1a: Starmie.
|-resisted|p1a: Starmie.
|-damage|p1a: Starmie.|65\/394 brn
|
|-heal|p2a: Keldeo|96\/323 tox|[from] item: Leftovers
|-damage|p2a: Keldeo|16\/323 tox|[from] psn
|-damage|p1a: Starmie.|16\/394 brn|[from] brn
|turn|88
|
|switch|p1a: Swampert.|Quagsire, F|274\/394 tox
|-damage|p1a: Swampert.|250\/394 tox|[from] Stealth Rock
|move|p2a: Keldeo|Scald|p1a: Swampert.
|-damage|p1a: Swampert.|49\/394 tox
|
|-heal|p2a: Keldeo|36\/323 tox|[from] item: Leftovers
|-damage|p2a: Keldeo|0 fnt|[from] psn
|-damage|p1a: Swampert.|25\/394 tox|[from] psn
|faint|p2a: Keldeo
|
|switch|p2a: Venusaur|Venusaur-Mega, F|364\/364
|turn|89
|
|move|p2a: Venusaur|Giga Drain|p1a: Swampert.
|-supereffective|p1a: Swampert.
|-damage|p1a: Swampert.|0 fnt
|faint|p1a: Swampert.
|
|
|switch|p1a: Starmie.|Slowbro, M|147\/394 brn
|-damage|p1a: Starmie.|98\/394 brn|[from] Stealth Rock
|turn|90
|
|switch|p1a: Honchkrow.|Mandibuzz, F|397\/423 tox
|-damage|p1a: Honchkrow.|292\/423 tox|[from] Stealth Rock
|move|p2a: Venusaur|Leech Seed|p1a: Honchkrow.
|-start|p1a: Honchkrow.|move: Leech Seed
|
|-damage|p1a: Honchkrow.|240\/423 tox|[from] Leech Seed|[of] p2a: Venusaur
|-damage|p1a: Honchkrow.|214\/423 tox|[from] psn
|turn|91
|
|move|p1a: Honchkrow.|Roost|p1a: Honchkrow.
|-heal|p1a: Honchkrow.|423\/423 tox
|move|p2a: Venusaur|Giga Drain|p1a: Honchkrow.
|-damage|p1a: Honchkrow.|330\/423 tox
|
|-damage|p1a: Honchkrow.|278\/423 tox|[from] Leech Seed|[of] p2a: Venusaur
|-damage|p1a: Honchkrow.|226\/423 tox|[from] psn
|turn|92
|
|move|p1a: Honchkrow.|Defog|p2a: Venusaur
|-unboost|p2a: Venusaur|evasion|1
|-sideend|p1: Aegislash Returns|Stealth Rock|[from] move: Defog|[of] p1a: Honchkrow.
|move|p2a: Venusaur|Giga Drain|p1a: Honchkrow.
|-resisted|p1a: Honchkrow.
|-damage|p1a: Honchkrow.|175\/423 tox
|
|-damage|p1a: Honchkrow.|123\/423 tox|[from] Leech Seed|[of] p2a: Venusaur
|-damage|p1a: Honchkrow.|45\/423 tox|[from] psn
|turn|93
|
|move|p1a: Honchkrow.|Roost|p1a: Honchkrow.
|-heal|p1a: Honchkrow.|257\/423 tox
|move|p2a: Venusaur|Giga Drain|p1a: Honchkrow.
|-damage|p1a: Honchkrow.|161\/423 tox
|
|-damage|p1a: Honchkrow.|109\/423 tox|[from] Leech Seed|[of] p2a: Venusaur
|-damage|p1a: Honchkrow.|5\/423 tox|[from] psn
|turn|94
|
|move|p1a: Honchkrow.|Roost|p1a: Honchkrow.
|-heal|p1a: Honchkrow.|217\/423 tox
|move|p2a: Venusaur|Giga Drain|p1a: Honchkrow.
|-damage|p1a: Honchkrow.|114\/423 tox
|
|-damage|p1a: Honchkrow.|62\/423 tox|[from] Leech Seed|[of] p2a: Venusaur
|-damage|p1a: Honchkrow.|0 fnt|[from] psn
|faint|p1a: Honchkrow.
|
|switch|p1a: Starmie.|Slowbro, M|229\/394 brn
|turn|95
|
|switch|p1a: Aegislash.|Doublade, F|98\/322
|move|p2a: Venusaur|Giga Drain|p1a: Aegislash.
|-resisted|p1a: Aegislash.
|-damage|p1a: Aegislash.|61\/322
|
|turn|96
|
|move|p2a: Venusaur|Hidden Power|p1a: Aegislash.
|-supereffective|p1a: Aegislash.
|-damage|p1a: Aegislash.|0 fnt
|faint|p1a: Aegislash.
|
|
|switch|p1a: Starmie.|Slowbro, M|360\/394 brn
|turn|97
|
|detailschange|p1a: Starmie.|Slowbro-Mega, M
|message|Slowbro has Mega Evolved into Mega Slowbro!
|move|p2a: Venusaur|Giga Drain|p1a: Starmie.
|-supereffective|p1a: Starmie.
|-damage|p1a: Starmie.|106\/394 brn
|move|p1a: Starmie.|Psyshock|p2a: Venusaur
|-supereffective|p2a: Venusaur
|-damage|p2a: Venusaur|208\/364
|
|-damage|p1a: Starmie.|57\/394 brn|[from] brn
|turn|98
|
|move|p2a: Venusaur|Giga Drain|p1a: Starmie.
|-supereffective|p1a: Starmie.
|-damage|p1a: Starmie.|0 fnt
|-heal|p2a: Venusaur|237\/364|[from] drain|[of] p1a: Starmie.
|faint|p1a: Starmie.
|
|win|wish killer
|raw|Ladder updating...
|raw|Aegislash Returns's rating: 1830 &rarr; <strong>1812<\/strong><br \/>(-18 for losing)
|raw|wish killer's rating: 1850 &rarr; <strong>1869<\/strong><br \/>(+19 for winning)
|c|âAegislash Returns|gg
|leave|Aegislash Returns
|player|p1