|join|SableyeStall
|join|Aegislash Returns
|player|p1|SableyeStall|169
|player|p2|Aegislash Returns|274
|gametype|singles
|gen|6
|tier|OU
|clearpoke
|poke|p1|Diancie
|poke|p1|Magnezone
|poke|p1|Talonflame, M
|poke|p1|Rotom-Wash
|poke|p1|Chansey, F
|poke|p1|Latias, F
|poke|p2|Tyranitar, F
|poke|p2|Skarmory, M
|poke|p2|Stoutland, M
|poke|p2|Thundurus, M
|poke|p2|Excadrill, M
|poke|p2|Charizard, F, shiny
|rule|Swagger Clause: Swagger is banned
|rule|Baton Pass Clause: Limit one PokÃ©mon knowing Baton Pass
|rule|Sleep Clause Mod: Limit one foe put to sleep
|rule|Species Clause: Limit one of each PokÃ©mon
|rule|OHKO Clause: OHKO moves are banned
|rule|Moody Clause: Moody is banned
|rule|Evasion Moves Clause: Evasion moves are banned
|rule|Endless Battle Clause: Forcing endless battles is banned
|rule|HP Percentage Mod: HP is shown in percentages
|teampreview
|c|âSableyeStall|hmm ok
|c|âAegislash Returns|hmm chansey
|c|âSableyeStall|hmm hmm
|
|start
|switch|p1a: Diancie|Diancie|241\/241
|switch|p2a: Charizard Z|Charizard, F, shiny|297\/297
|turn|1
|c|âSableyeStall|the hidden threat has come out mate
|
|switch|p1a: Chansey|Chansey, F|641\/641
|detailschange|p2a: Charizard Z|Charizard-Mega-Y, F, shiny
|-mega|p2a: Charizard Z|Charizard|Charizardite Y
|-weather|SunnyDay
|move|p2a: Charizard Z|Solar Beam|p1a: Chansey|[still]
|-prepare|p2a: Charizard Z|Solar Beam|p1a: Chansey
|-anim|p2a: Charizard Z|Solar Beam|p1a: Chansey
|-damage|p1a: Chansey|560\/641
|
|-weather|SunnyDay|[upkeep]
|turn|2
|
|switch|p2a: Starscream|Skarmory, M|271\/271
|move|p1a: Chansey|Stealth Rock|p2a: Starscream
|-sidestart|p2: Aegislash Returns|move: Stealth Rock
|
|-weather|SunnyDay|[upkeep]
|turn|3
|
|switch|p1a: Magnezone|Magnezone|281\/281
|move|p2a: Starscream|Stealth Rock|p1a: Magnezone
|-sidestart|p1: SableyeStall|move: Stealth Rock
|
|-weather|SunnyDay|[upkeep]
|turn|4
|
|move|p2a: Starscream|Spikes|p1a: Magnezone
|-sidestart|p1: SableyeStall|Spikes
|move|p1a: Magnezone|Volt Switch|p2a: Starscream
|-supereffective|p2a: Starscream
|-activate|p2a: Starscream|Sturdy
|-damage|p2a: Starscream|1\/271
|
|switch|p1a: Latias|Latias, F|301\/301
|-enditem|p2a: Starscream|Salac Berry|[eat]
|-boost|p2a: Starscream|spe|1|[from] item: Salac Berry
|-damage|p1a: Latias|264\/301|[from] Stealth Rock
|
|-weather|SunnyDay|[upkeep]
|-heal|p1a: Latias|282\/301|[from] item: Leftovers
|turn|5
|
|move|p2a: Starscream|Taunt|p1a: Latias
|-start|p1a: Latias|move: Taunt
|move|p1a: Latias|Psyshock|p2a: Starscream
|-resisted|p2a: Starscream
|-damage|p2a: Starscream|0 fnt
|faint|p2a: Starscream
|
|-weather|none
|-heal|p1a: Latias|300\/301|[from] item: Leftovers
|
|switch|p2a: Godzirra|Tyranitar, F|403\/403
|-damage|p2a: Godzirra|353\/403|[from] Stealth Rock
|-weather|Sandstorm
|turn|6
|
|move|p1a: Latias|Draco Meteor|p2a: Godzirra
|-damage|p2a: Godzirra|226\/403
|-unboost|p1a: Latias|spa|2
|move|p2a: Godzirra|Crunch|p1a: Latias
|-supereffective|p1a: Latias
|-damage|p1a: Latias|48\/301
|
|-weather|Sandstorm|[upkeep]
|-damage|p1a: Latias|30\/301|[from] sandstorm
|-heal|p1a: Latias|48\/301|[from] item: Leftovers
|turn|7
|c|âAegislash Returns|weak :\/
|
|move|p1a: Latias|Draco Meteor|p2a: Godzirra
|-damage|p2a: Godzirra|159\/403
|-unboost|p1a: Latias|spa|2
|move|p2a: Godzirra|Stone Edge|p1a: Latias
|-damage|p1a: Latias|0 fnt
|faint|p1a: Latias
|
|-weather|Sandstorm|[upkeep]
|
|switch|p1a: Diancie|Diancie|241\/241
|-damage|p1a: Diancie|211\/241|[from] Spikes
|-damage|p1a: Diancie|181\/241|[from] Stealth Rock
|turn|8
|
|switch|p2a: Hans Moleman|Excadrill, M|361\/361
|-damage|p2a: Hans Moleman|350\/361|[from] Stealth Rock
|detailschange|p1a: Diancie|Diancie-Mega
|-mega|p1a: Diancie|Diancie|Diancite
|move|p1a: Diancie|Rock Polish|p1a: Diancie
|-boost|p1a: Diancie|spe|2
|
|-weather|Sandstorm|[upkeep]
|turn|9
|c|âSableyeStall|im going for it
|c|âAegislash Returns|aw man
|
|move|p1a: Diancie|Earth Power|p2a: Hans Moleman
|-supereffective|p2a: Hans Moleman
|-damage|p2a: Hans Moleman|0 fnt
|faint|p2a: Hans Moleman
|
|-weather|Sandstorm|[upkeep]
|
|switch|p2a: GOOBOY|Stoutland, M|311\/311
|-damage|p2a: GOOBOY|273\/311|[from] Stealth Rock
|turn|10
|
|move|p1a: Diancie|Diamond Storm|p2a: GOOBOY
|-damage|p2a: GOOBOY|77\/311
|-boost|p1a: Diancie|def|1
|move|p2a: GOOBOY|Superpower|p1a: Diancie
|-damage|p1a: Diancie|33\/241
|-unboost|p2a: GOOBOY|atk|1
|-unboost|p2a: GOOBOY|def|1
|
|-weather|Sandstorm|[upkeep]
|turn|11
|c|âSableyeStall|rekt
|c|âSableyeStall|gg
|c|âAegislash Returns|lol gg
|
|move|p1a: Diancie|Moonblast|p2a: GOOBOY
|-damage|p2a: GOOBOY|0 fnt
|faint|p2a: GOOBOY
|
|-weather|Sandstorm|[upkeep]
|c|âSableyeStall|hidden threat
|
|switch|p2a: Charizard Z|Charizard-Mega-Y, F, shiny|297\/297
|-damage|p2a: Charizard Z|149\/297|[from] Stealth Rock
|-weather|SunnyDay
|turn|12
|c|âAegislash Returns|nah RP was obvious tbh :P
|c|âAegislash Returns|I just had nothing for it lol
|c|âSableyeStall|but did u prepare for diancie?
|c|âSableyeStall|exactly
|c|âSableyeStall|hidden
|
|move|p1a: Diancie|Diamond Storm|p2a: Charizard Z
|-supereffective|p2a: Charizard Z
|-damage|p2a: Charizard Z|0 fnt
|faint|p2a: Charizard Z
|
|-weather|SunnyDay|[upkeep]
|c|âSableyeStall|threat
|
|switch|p2a: Genie|Thundurus, M|299\/299
|-damage|p2a: Genie|225\/299|[from] Stealth Rock
|turn|13
|
|move|p1a: Diancie|Diamond Storm|p2a: Genie
|-crit|p2a: Genie
|-supereffective|p2a: Genie
|-damage|p2a: Genie|0 fnt
|-boost|p1a: Diancie|def|1
|faint|p2a: Genie
|
|-weather|SunnyDay|[upkeep]
|
|switch|p2a: Godzirra|Tyranitar, F|159\/403
|-damage|p2a: Godzirra|109\/403|[from] Stealth Rock
|-weather|Sandstorm
|turn|14
|c|âSableyeStall|that looks like a nice picture too
|c|âSableyeStall|i like the way it looks
|
|move|p1a: Diancie|Moonblast|p2a: Godzirra
|-supereffective|p2a: Godzirra
|-damage|p2a: Godzirra|0 fnt
|faint|p2a: Godzirra
|
|win|SableyeStall
|c|âAegislash Returns|ya they did good
|c|âSableyeStall|gg
|c|âAegislash Returns|gg haha