|join|Aegislash Returns
|join|NWB 333
|player|p1|Aegislash Returns|274
|player|p2|NWB 333|161
|gametype|singles
|gen|6
|tier|OU
|rated
|clearpoke
|poke|p1|Doublade, M
|poke|p1|Chansey, F
|poke|p1|Slowbro, F
|poke|p1|Gothitelle, M
|poke|p1|Mandibuzz, F
|poke|p1|Quagsire, F
|poke|p2|Tyranitar, M
|poke|p2|Greninja, M
|poke|p2|Rotom-Wash
|poke|p2|Excadrill, M
|poke|p2|Charizard, M
|poke|p2|Victini
|rule|Swagger Clause: Swagger is banned
|rule|Baton Pass Clause: Limit one PokÃ©mon knowing Baton Pass
|rule|Sleep Clause Mod: Limit one foe put to sleep
|rule|Species Clause: Limit one of each PokÃ©mon
|rule|OHKO Clause: OHKO moves are banned
|rule|Moody Clause: Moody is banned
|rule|Evasion Moves Clause: Evasion moves are banned
|rule|Endless Battle Clause: Forcing endless battles is banned
|rule|HP Percentage Mod: HP is shown in percentages
|teampreview
|
|start
|switch|p1a: Blissey.|Chansey, F|642\/642
|switch|p2a: Tyranitar|Tyranitar, M|404\/404
|-weather|Sandstorm
|turn|1
|
|move|p2a: Tyranitar|Stealth Rock|p1a: Blissey.
|-sidestart|p1: Aegislash Returns|move: Stealth Rock
|move|p1a: Blissey.|Stealth Rock|p2a: Tyranitar
|-sidestart|p2: NWB 333|move: Stealth Rock
|
|-weather|Sandstorm|[upkeep]
|-damage|p1a: Blissey.|602\/642|[from] sandstorm
|turn|2
|
|move|p2a: Tyranitar|Pursuit|p1a: Blissey.|[from]Pursuit
|-damage|p1a: Blissey.|431\/642
|switch|p1a: Starmie.|Slowbro, F|394\/394
|-damage|p1a: Starmie.|345\/394|[from] Stealth Rock
|
|-weather|Sandstorm|[upkeep]
|-damage|p1a: Starmie.|321\/394|[from] sandstorm
|turn|3
|
|switch|p2a: Rotom-Wash|Rotom-Wash|303\/303
|-damage|p2a: Rotom-Wash|266\/303|[from] Stealth Rock
|move|p1a: Starmie.|Calm Mind|p1a: Starmie.
|-boost|p1a: Starmie.|spa|1
|-boost|p1a: Starmie.|spd|1
|
|-weather|Sandstorm|[upkeep]
|-damage|p2a: Rotom-Wash|248\/303|[from] sandstorm
|-damage|p1a: Starmie.|297\/394|[from] sandstorm
|-heal|p2a: Rotom-Wash|266\/303|[from] item: Leftovers
|turn|4
|
|switch|p1a: Wobbuffet.|Gothitelle, M|301\/301
|-damage|p1a: Wobbuffet.|264\/301|[from] Stealth Rock
|move|p2a: Rotom-Wash|Will-O-Wisp|p1a: Wobbuffet.|[miss]
|-miss|p2a: Rotom-Wash|p1a: Wobbuffet.
|
|-weather|Sandstorm|[upkeep]
|-damage|p1a: Wobbuffet.|246\/301|[from] sandstorm
|-damage|p2a: Rotom-Wash|248\/303|[from] sandstorm
|-heal|p2a: Rotom-Wash|266\/303|[from] item: Leftovers
|turn|5
|
|move|p1a: Wobbuffet.|Trick|p2a: Rotom-Wash
|-activate|p1a: Wobbuffet.|move: Trick|[of] p2a: Rotom-Wash
|-item|p2a: Rotom-Wash|Choice Scarf|[from] move: Trick
|-item|p1a: Wobbuffet.|Leftovers|[from] move: Trick
|move|p2a: Rotom-Wash|Volt Switch|p1a: Wobbuffet.
|-crit|p1a: Wobbuffet.
|-damage|p1a: Wobbuffet.|125\/301
|
|switch|p2a: Charizard|Charizard, M|297\/297
|-damage|p2a: Charizard|149\/297|[from] Stealth Rock
|
|-weather|Sandstorm|[upkeep]
|-damage|p2a: Charizard|131\/297|[from] sandstorm
|-damage|p1a: Wobbuffet.|107\/301|[from] sandstorm
|-heal|p1a: Wobbuffet.|125\/301|[from] item: Leftovers
|turn|6
|
|detailschange|p2a: Charizard|Charizard-Mega-Y, M
|message|Charizard has Mega Evolved into Mega Charizard!
|-weather|SunnyDay
|move|p2a: Charizard|Fire Blast|p1a: Wobbuffet.
|-damage|p1a: Wobbuffet.|0 fnt
|faint|p1a: Wobbuffet.
|
|-weather|SunnyDay|[upkeep]
|
|switch|p1a: Blissey.|Chansey, F|431\/642
|-damage|p1a: Blissey.|351\/642|[from] Stealth Rock
|turn|7
|
|move|p2a: Charizard|Roost|p2a: Charizard
|-heal|p2a: Charizard|280\/297
|move|p1a: Blissey.|Soft-Boiled|p1a: Blissey.
|-heal|p1a: Blissey.|642\/642
|
|-weather|SunnyDay|[upkeep]
|turn|8
|
|switch|p2a: Excadrill|Excadrill, M|362\/362
|-damage|p2a: Excadrill|351\/362|[from] Stealth Rock
|-item|p2a: Excadrill|Air Balloon
|move|p1a: Blissey.|Seismic Toss|p2a: Excadrill
|-damage|p2a: Excadrill|251\/362
|-enditem|p2a: Excadrill|Air Balloon
|
|-weather|SunnyDay|[upkeep]
|turn|9
|
|switch|p1a: Aegislash.|Doublade, M|322\/322
|-damage|p1a: Aegislash.|302\/322|[from] Stealth Rock
|move|p2a: Excadrill|Earthquake|p1a: Aegislash.
|-supereffective|p1a: Aegislash.
|-damage|p1a: Aegislash.|104\/322
|
|-weather|SunnyDay|[upkeep]
|turn|10
|
|move|p2a: Excadrill|Earthquake|p1a: Aegislash.
|-supereffective|p1a: Aegislash.
|-damage|p1a: Aegislash.|0 fnt
|faint|p1a: Aegislash.
|
|-weather|none
|
|switch|p1a: Starmie.|Slowbro, F|394\/394
|-damage|p1a: Starmie.|345\/394|[from] Stealth Rock
|turn|11
|
|move|p2a: Excadrill|Rapid Spin|p1a: Starmie.
|-damage|p1a: Starmie.|327\/394
|-sideend|p2: NWB 333|Stealth Rock|[from] move: Rapid Spin|[of] p2a: Excadrill
|move|p1a: Starmie.|Calm Mind|p1a: Starmie.
|-boost|p1a: Starmie.|spa|1
|-boost|p1a: Starmie.|spd|1
|
|turn|12
|
|switch|p2a: Charizard|Charizard-Mega-Y, M|280\/297
|-weather|SunnyDay
|move|p1a: Starmie.|Calm Mind|p1a: Starmie.
|-boost|p1a: Starmie.|spa|1
|-boost|p1a: Starmie.|spd|1
|
|-weather|SunnyDay|[upkeep]
|turn|13
|
|detailschange|p1a: Starmie.|Slowbro-Mega, F
|message|Slowbro has Mega Evolved into Mega Slowbro!
|move|p2a: Charizard|Solar Beam|p1a: Starmie.|[still]
|-prepare|p2a: Charizard|Solar Beam|p1a: Starmie.
|-anim|p2a: Charizard|Solar Beam|p1a: Starmie.
|-supereffective|p1a: Starmie.
|-damage|p1a: Starmie.|119\/394
|move|p1a: Starmie.|Slack Off|p1a: Starmie.
|-heal|p1a: Starmie.|316\/394
|
|-weather|SunnyDay|[upkeep]
|turn|14
|
|move|p2a: Charizard|Solar Beam|p1a: Starmie.|[still]
|-prepare|p2a: Charizard|Solar Beam|p1a: Starmie.
|-anim|p2a: Charizard|Solar Beam|p1a: Starmie.
|-supereffective|p1a: Starmie.
|-damage|p1a: Starmie.|98\/394
|move|p1a: Starmie.|Slack Off|p1a: Starmie.
|-heal|p1a: Starmie.|295\/394
|
|-weather|SunnyDay|[upkeep]
|turn|15
|
|move|p2a: Charizard|Solar Beam|p1a: Starmie.|[still]
|-prepare|p2a: Charizard|Solar Beam|p1a: Starmie.
|-anim|p2a: Charizard|Solar Beam|p1a: Starmie.
|-supereffective|p1a: Starmie.
|-damage|p1a: Starmie.|61\/394
|move|p1a: Starmie.|Slack Off|p1a: Starmie.
|-heal|p1a: Starmie.|258\/394
|
|-weather|SunnyDay|[upkeep]
|turn|16
|
|move|p2a: Charizard|Solar Beam|p1a: Starmie.|[still]
|-prepare|p2a: Charizard|Solar Beam|p1a: Starmie.
|-anim|p2a: Charizard|Solar Beam|p1a: Starmie.
|-supereffective|p1a: Starmie.
|-damage|p1a: Starmie.|20\/394
|move|p1a: Starmie.|Slack Off|p1a: Starmie.
|-heal|p1a: Starmie.|217\/394
|
|-weather|none
|turn|17
|
|switch|p2a: Greninja|Greninja, M|285\/285
|move|p1a: Starmie.|Calm Mind|p1a: Starmie.
|-boost|p1a: Starmie.|spa|1
|-boost|p1a: Starmie.|spd|1
|
|turn|18
|
|move|p2a: Greninja|Dark Pulse|p1a: Starmie.
|-start|p2a: Greninja|typechange|Dark|[from] Protean
|-supereffective|p1a: Starmie.
|-damage|p1a: Starmie.|66\/394
|-damage|p2a: Greninja|257\/285|[from] item: Life Orb
|cant|p1a: Starmie.|flinch
|
|turn|19
|-message|Aegislash Returns forfeited.
|
|win|NWB 333
|raw|Ladder updating...
|leave|Aegislash Returns
|player|p1
|raw|Aegislash Returns's rating: 1771 &rarr; <strong>1743<\/strong><br \/>(-28 for losing)
|raw|NWB 333's rating: 1624 &rarr; <strong>1652<\/strong><br \/>(+28 for winning)