|join|Aegislash Returns
|join|survivor tele
|player|p1|Aegislash Returns|274
|player|p2|survivor tele|167
|gametype|singles
|gen|6
|tier|OU
|rated
|clearpoke
|poke|p1|Doublade, F
|poke|p1|Chansey, F
|poke|p1|Slowbro, F
|poke|p1|Gothitelle, F
|poke|p1|Mandibuzz, F
|poke|p1|Quagsire, F
|poke|p2|Slowbro, M
|poke|p2|Gliscor, M
|poke|p2|Chansey, F
|poke|p2|Gothitelle, M
|poke|p2|Venusaur, F
|poke|p2|Clefable, F
|rule|Swagger Clause: Swagger is banned
|rule|Baton Pass Clause: Limit one PokÃ©mon knowing Baton Pass
|rule|Sleep Clause Mod: Limit one foe put to sleep
|rule|Species Clause: Limit one of each PokÃ©mon
|rule|OHKO Clause: OHKO moves are banned
|rule|Moody Clause: Moody is banned
|rule|Evasion Moves Clause: Evasion moves are banned
|rule|Endless Battle Clause: Forcing endless battles is banned
|rule|HP Percentage Mod: HP is shown in percentages
|teampreview
|
|start
|switch|p1a: Starmie.|Slowbro, F|394\/394
|switch|p2a: Clefable|Clefable, F|394\/394
|turn|1
|
|switch|p2a: Gliscor|Gliscor, M|352\/352
|move|p1a: Starmie.|Calm Mind|p1a: Starmie.
|-boost|p1a: Starmie.|spa|1
|-boost|p1a: Starmie.|spd|1
|
|-status|p2a: Gliscor|tox|[from] item: Toxic Orb
|turn|2
|
|move|p2a: Gliscor|Toxic|p1a: Starmie.
|-status|p1a: Starmie.|tox
|move|p1a: Starmie.|Scald|p2a: Gliscor
|-supereffective|p2a: Gliscor
|-damage|p2a: Gliscor|98\/352 tox
|
|-heal|p2a: Gliscor|142\/352 tox|[from] ability: Poison Heal
|-damage|p1a: Starmie.|370\/394 tox|[from] psn
|turn|3
|
|switch|p2a: Slowbro|Slowbro, M|394\/394
|switch|p1a: Wobbuffet.|Gothitelle, F|301\/301
|
|turn|4
|
|move|p1a: Wobbuffet.|Trick|p2a: Slowbro
|-activate|p1a: Wobbuffet.|move: Trick|[of] p2a: Slowbro
|-item|p2a: Slowbro|Choice Scarf|[from] move: Trick
|-item|p1a: Wobbuffet.|Leftovers|[from] move: Trick
|move|p2a: Slowbro|Thunder Wave|p1a: Wobbuffet.
|-status|p1a: Wobbuffet.|par
|
|turn|5
|
|move|p2a: Slowbro|Thunder Wave|p1a: Wobbuffet.
|-fail|p1a: Wobbuffet.|par
|move|p1a: Wobbuffet.|Calm Mind|p1a: Wobbuffet.
|-boost|p1a: Wobbuffet.|spa|1
|-boost|p1a: Wobbuffet.|spd|1
|
|turn|6
|
|move|p2a: Slowbro|Thunder Wave|p1a: Wobbuffet.
|-fail|p1a: Wobbuffet.|par
|cant|p1a: Wobbuffet.|par
|
|turn|7
|
|move|p2a: Slowbro|Thunder Wave|p1a: Wobbuffet.
|-fail|p1a: Wobbuffet.|par
|move|p1a: Wobbuffet.|Calm Mind|p1a: Wobbuffet.
|-boost|p1a: Wobbuffet.|spa|1
|-boost|p1a: Wobbuffet.|spd|1
|
|turn|8
|
|move|p2a: Slowbro|Thunder Wave|p1a: Wobbuffet.
|-fail|p1a: Wobbuffet.|par
|move|p1a: Wobbuffet.|Calm Mind|p1a: Wobbuffet.
|-boost|p1a: Wobbuffet.|spa|1
|-boost|p1a: Wobbuffet.|spd|1
|
|turn|9
|
|move|p2a: Slowbro|Thunder Wave|p1a: Wobbuffet.
|-fail|p1a: Wobbuffet.|par
|move|p1a: Wobbuffet.|Calm Mind|p1a: Wobbuffet.
|-boost|p1a: Wobbuffet.|spa|1
|-boost|p1a: Wobbuffet.|spd|1
|
|turn|10
|
|move|p2a: Slowbro|Thunder Wave|p1a: Wobbuffet.
|-fail|p1a: Wobbuffet.|par
|cant|p1a: Wobbuffet.|par
|
|turn|11
|
|move|p2a: Slowbro|Thunder Wave|p1a: Wobbuffet.
|-fail|p1a: Wobbuffet.|par
|move|p1a: Wobbuffet.|Calm Mind|p1a: Wobbuffet.
|-boost|p1a: Wobbuffet.|spa|1
|-boost|p1a: Wobbuffet.|spd|1
|
|turn|12
|
|move|p2a: Slowbro|Thunder Wave|p1a: Wobbuffet.
|-fail|p1a: Wobbuffet.|par
|move|p1a: Wobbuffet.|Calm Mind|p1a: Wobbuffet.
|-boost|p1a: Wobbuffet.|spa|1
|-boost|p1a: Wobbuffet.|spd|1
|
|turn|13
|
|move|p2a: Slowbro|Thunder Wave|p1a: Wobbuffet.
|-fail|p1a: Wobbuffet.|par
|cant|p1a: Wobbuffet.|par
|
|turn|14
|
|move|p2a: Slowbro|Thunder Wave|p1a: Wobbuffet.
|-fail|p1a: Wobbuffet.|par
|cant|p1a: Wobbuffet.|par
|
|turn|15
|
|move|p2a: Slowbro|Thunder Wave|p1a: Wobbuffet.
|-fail|p1a: Wobbuffet.|par
|move|p1a: Wobbuffet.|Calm Mind|p1a: Wobbuffet.
|-fail|p1a: Wobbuffet.
|
|turn|16
|
|move|p2a: Slowbro|Thunder Wave|p1a: Wobbuffet.
|-fail|p1a: Wobbuffet.|par
|move|p1a: Wobbuffet.|Calm Mind|p1a: Wobbuffet.
|-fail|p1a: Wobbuffet.
|
|turn|17
|
|move|p2a: Slowbro|Thunder Wave|p1a: Wobbuffet.
|-fail|p1a: Wobbuffet.|par
|move|p1a: Wobbuffet.|Calm Mind|p1a: Wobbuffet.
|-fail|p1a: Wobbuffet.
|
|turn|18
|
|move|p2a: Slowbro|Thunder Wave|p1a: Wobbuffet.
|-fail|p1a: Wobbuffet.|par
|move|p1a: Wobbuffet.|Calm Mind|p1a: Wobbuffet.
|-fail|p1a: Wobbuffet.
|
|turn|19
|
|move|p2a: Slowbro|Thunder Wave|p1a: Wobbuffet.
|-fail|p1a: Wobbuffet.|par
|move|p1a: Wobbuffet.|Calm Mind|p1a: Wobbuffet.
|-fail|p1a: Wobbuffet.
|
|turn|20
|
|move|p2a: Slowbro|Thunder Wave|p1a: Wobbuffet.
|-fail|p1a: Wobbuffet.|par
|move|p1a: Wobbuffet.|Calm Mind|p1a: Wobbuffet.
|-fail|p1a: Wobbuffet.
|
|turn|21
|
|move|p2a: Slowbro|Thunder Wave|p1a: Wobbuffet.
|-fail|p1a: Wobbuffet.|par
|cant|p1a: Wobbuffet.|par
|
|turn|22
|
|move|p2a: Slowbro|Thunder Wave|p1a: Wobbuffet.
|-fail|p1a: Wobbuffet.|par
|move|p1a: Wobbuffet.|Psyshock|p2a: Slowbro
|-resisted|p2a: Slowbro
|-damage|p2a: Slowbro|249\/394
|
|turn|23
|
|move|p2a: Slowbro|Thunder Wave|p1a: Wobbuffet.
|-fail|p1a: Wobbuffet.|par
|move|p1a: Wobbuffet.|Psyshock|p2a: Slowbro
|-resisted|p2a: Slowbro
|-damage|p2a: Slowbro|107\/394
|
|turn|24
|
|move|p2a: Slowbro|Thunder Wave|p1a: Wobbuffet.
|-fail|p1a: Wobbuffet.|par
|cant|p1a: Wobbuffet.|par
|
|turn|25
|
|move|p2a: Slowbro|Thunder Wave|p1a: Wobbuffet.
|-fail|p1a: Wobbuffet.|par
|move|p1a: Wobbuffet.|Trick|p2a: Slowbro
|-activate|p1a: Wobbuffet.|move: Trick|[of] p2a: Slowbro
|-item|p2a: Slowbro|Leftovers|[from] move: Trick
|-item|p1a: Wobbuffet.|Choice Scarf|[from] move: Trick
|
|-heal|p2a: Slowbro|131\/394|[from] item: Leftovers
|turn|26
|
|move|p2a: Slowbro|Slack Off|p2a: Slowbro
|-heal|p2a: Slowbro|328\/394
|move|p1a: Wobbuffet.|Psyshock|p2a: Slowbro
|-resisted|p2a: Slowbro
|-damage|p2a: Slowbro|183\/394
|
|-heal|p2a: Slowbro|207\/394|[from] item: Leftovers
|turn|27
|
|switch|p1a: Blissey.|Chansey, F|642\/642
|move|p2a: Slowbro|Scald|p1a: Blissey.
|-crit|p1a: Blissey.
|-damage|p1a: Blissey.|570\/642
|
|-heal|p2a: Slowbro|231\/394|[from] item: Leftovers
|turn|28
|
|switch|p1a: Aegislash.|Doublade, F|322\/322
|switch|p2a: Clefable|Clefable, F|394\/394
|
|turn|29
|
|move|p2a: Clefable|Stealth Rock|p1a: Aegislash.
|-sidestart|p1: Aegislash Returns|move: Stealth Rock
|move|p1a: Aegislash.|Gyro Ball|p2a: Clefable
|-supereffective|p2a: Clefable
|-damage|p2a: Clefable|236\/394
|
|-heal|p2a: Clefable|260\/394|[from] item: Leftovers
|turn|30
|
|switch|p2a: Venusaur|Venusaur, F|364\/364
|switch|p1a: Wobbuffet.|Gothitelle, F|301\/301 par
|-damage|p1a: Wobbuffet.|264\/301 par|[from] Stealth Rock
|
|turn|31
|
|switch|p1a: Honchkrow.|Mandibuzz, F|423\/423
|-damage|p1a: Honchkrow.|318\/423|[from] Stealth Rock
|detailschange|p2a: Venusaur|Venusaur-Mega, F
|message|Venusaur has Mega Evolved into Mega Venusaur!
|move|p2a: Venusaur|Sludge Bomb|p1a: Honchkrow.
|-damage|p1a: Honchkrow.|200\/423
|
|-heal|p1a: Honchkrow.|226\/423|[from] item: Leftovers
|turn|32
|
|switch|p2a: Clefable|Clefable, F|260\/394
|move|p1a: Honchkrow.|Defog|p2a: Clefable
|-unboost|p2a: Clefable|evasion|1
|-sideend|p1: Aegislash Returns|Stealth Rock|[from] move: Defog|[of] p1a: Honchkrow.
|
|-heal|p1a: Honchkrow.|252\/423|[from] item: Leftovers
|-heal|p2a: Clefable|284\/394|[from] item: Leftovers
|turn|33
|
|switch|p1a: Wobbuffet.|Gothitelle, F|264\/301 par
|move|p2a: Clefable|Calm Mind|p2a: Clefable
|-boost|p2a: Clefable|spa|1
|-boost|p2a: Clefable|spd|1
|
|-heal|p2a: Clefable|308\/394|[from] item: Leftovers
|turn|34
|
|move|p2a: Clefable|Stealth Rock|p1a: Wobbuffet.
|-sidestart|p1: Aegislash Returns|move: Stealth Rock
|cant|p1a: Wobbuffet.|par
|
|-heal|p2a: Clefable|332\/394|[from] item: Leftovers
|turn|35
|
|move|p2a: Clefable|Moonblast|p1a: Wobbuffet.
|-damage|p1a: Wobbuffet.|114\/301 par
|-unboost|p1a: Wobbuffet.|spa|1
|move|p1a: Wobbuffet.|Trick|p2a: Clefable
|-activate|p1a: Wobbuffet.|move: Trick|[of] p2a: Clefable
|-item|p2a: Clefable|Choice Scarf|[from] move: Trick
|-item|p1a: Wobbuffet.|Leftovers|[from] move: Trick
|
|-heal|p1a: Wobbuffet.|132\/301 par|[from] item: Leftovers
|turn|36
|
|switch|p1a: Swampert.|Quagsire, F|394\/394
|-damage|p1a: Swampert.|370\/394|[from] Stealth Rock
|move|p2a: Clefable|Moonblast|p1a: Swampert.
|-damage|p1a: Swampert.|232\/394
|-unboost|p1a: Swampert.|spa|1
|
|-heal|p1a: Swampert.|256\/394|[from] item: Leftovers
|turn|37
|
|switch|p2a: Gothitelle|Gothitelle, M|301\/301
|move|p1a: Swampert.|Scald|p2a: Gothitelle
|-damage|p2a: Gothitelle|259\/301
|
|-heal|p1a: Swampert.|280\/394|[from] item: Leftovers
|turn|38
|
|move|p2a: Gothitelle|Trick|p1a: Swampert.
|-activate|p2a: Gothitelle|move: Trick|[of] p1a: Swampert.
|-item|p1a: Swampert.|Choice Scarf|[from] move: Trick
|-item|p2a: Gothitelle|Leftovers|[from] move: Trick
|move|p1a: Swampert.|Haze|p1a: Swampert.
|-clearallboost
|
|-heal|p2a: Gothitelle|277\/301|[from] item: Leftovers
|turn|39
|
|move|p2a: Gothitelle|Psychic|p1a: Swampert.
|-damage|p1a: Swampert.|136\/394
|-unboost|p1a: Swampert.|spd|1
|move|p1a: Swampert.|Haze|p1a: Swampert.
|-clearallboost
|
|-heal|p2a: Gothitelle|295\/301|[from] item: Leftovers
|turn|40
|
|move|p2a: Gothitelle|Calm Mind|p2a: Gothitelle
|-boost|p2a: Gothitelle|spa|1
|-boost|p2a: Gothitelle|spd|1
|move|p1a: Swampert.|Haze|p1a: Swampert.
|-clearallboost
|
|-heal|p2a: Gothitelle|301\/301|[from] item: Leftovers
|turn|41
|
|move|p2a: Gothitelle|Rest|p2a: Gothitelle
|-fail|p2a: Gothitelle
|move|p1a: Swampert.|Haze|p1a: Swampert.
|-clearallboost
|
|turn|42
|
|move|p2a: Gothitelle|Rest|p2a: Gothitelle
|-fail|p2a: Gothitelle
|move|p1a: Swampert.|Haze|p1a: Swampert.
|-clearallboost
|
|turn|43
|
|move|p2a: Gothitelle|Calm Mind|p2a: Gothitelle
|-boost|p2a: Gothitelle|spa|1
|-boost|p2a: Gothitelle|spd|1
|move|p1a: Swampert.|Haze|p1a: Swampert.
|-clearallboost
|
|turn|44
|
|move|p2a: Gothitelle|Calm Mind|p2a: Gothitelle
|-boost|p2a: Gothitelle|spa|1
|-boost|p2a: Gothitelle|spd|1
|move|p1a: Swampert.|Haze|p1a: Swampert.
|-clearallboost
|
|turn|45
|
|move|p2a: Gothitelle|Calm Mind|p2a: Gothitelle
|-boost|p2a: Gothitelle|spa|1
|-boost|p2a: Gothitelle|spd|1
|move|p1a: Swampert.|Haze|p1a: Swampert.
|-clearallboost
|
|turn|46
|
|move|p2a: Gothitelle|Calm Mind|p2a: Gothitelle
|-boost|p2a: Gothitelle|spa|1
|-boost|p2a: Gothitelle|spd|1
|move|p1a: Swampert.|Haze|p1a: Swampert.
|-clearallboost
|
|turn|47
|
|move|p2a: Gothitelle|Calm Mind|p2a: Gothitelle
|-boost|p2a: Gothitelle|spa|1
|-boost|p2a: Gothitelle|spd|1
|move|p1a: Swampert.|Haze|p1a: Swampert.
|-clearallboost
|
|turn|48
|
|move|p2a: Gothitelle|Calm Mind|p2a: Gothitelle
|-boost|p2a: Gothitelle|spa|1
|-boost|p2a: Gothitelle|spd|1
|move|p1a: Swampert.|Haze|p1a: Swampert.
|-clearallboost
|
|turn|49
|
|move|p2a: Gothitelle|Calm Mind|p2a: Gothitelle
|-boost|p2a: Gothitelle|spa|1
|-boost|p2a: Gothitelle|spd|1
|move|p1a: Swampert.|Haze|p1a: Swampert.
|-clearallboost
|
|turn|50
|
|move|p2a: Gothitelle|Calm Mind|p2a: Gothitelle
|-boost|p2a: Gothitelle|spa|1
|-boost|p2a: Gothitelle|spd|1
|move|p1a: Swampert.|Haze|p1a: Swampert.
|-clearallboost
|
|turn|51
|
|move|p2a: Gothitelle|Calm Mind|p2a: Gothitelle
|-boost|p2a: Gothitelle|spa|1
|-boost|p2a: Gothitelle|spd|1
|move|p1a: Swampert.|Haze|p1a: Swampert.
|-clearallboost
|
|turn|52
|
|move|p2a: Gothitelle|Calm Mind|p2a: Gothitelle
|-boost|p2a: Gothitelle|spa|1
|-boost|p2a: Gothitelle|spd|1
|move|p1a: Swampert.|Haze|p1a: Swampert.
|-clearallboost
|
|turn|53
|
|move|p2a: Gothitelle|Calm Mind|p2a: Gothitelle
|-boost|p2a: Gothitelle|spa|1
|-boost|p2a: Gothitelle|spd|1
|move|p1a: Swampert.|Haze|p1a: Swampert.
|-clearallboost
|
|turn|54
|
|move|p2a: Gothitelle|Calm Mind|p2a: Gothitelle
|-boost|p2a: Gothitelle|spa|1
|-boost|p2a: Gothitelle|spd|1
|move|p1a: Swampert.|Haze|p1a: Swampert.
|-clearallboost
|
|turn|55
|
|move|p2a: Gothitelle|Calm Mind|p2a: Gothitelle
|-boost|p2a: Gothitelle|spa|1
|-boost|p2a: Gothitelle|spd|1
|move|p1a: Swampert.|Haze|p1a: Swampert.
|-clearallboost
|
|turn|56
|
|move|p2a: Gothitelle|Calm Mind|p2a: Gothitelle
|-boost|p2a: Gothitelle|spa|1
|-boost|p2a: Gothitelle|spd|1
|move|p1a: Swampert.|Haze|p1a: Swampert.
|-clearallboost
|
|turn|57
|
|move|p2a: Gothitelle|Calm Mind|p2a: Gothitelle
|-boost|p2a: Gothitelle|spa|1
|-boost|p2a: Gothitelle|spd|1
|move|p1a: Swampert.|Haze|p1a: Swampert.
|-clearallboost
|
|turn|58
|
|move|p2a: Gothitelle|Calm Mind|p2a: Gothitelle
|-boost|p2a: Gothitelle|spa|1
|-boost|p2a: Gothitelle|spd|1
|move|p1a: Swampert.|Haze|p1a: Swampert.
|-clearallboost
|
|turn|59
|
|move|p2a: Gothitelle|Rest|p2a: Gothitelle
|-fail|p2a: Gothitelle
|move|p1a: Swampert.|Haze|p1a: Swampert.
|-clearallboost
|
|turn|60
|
|move|p2a: Gothitelle|Rest|p2a: Gothitelle
|-fail|p2a: Gothitelle
|move|p1a: Swampert.|Haze|p1a: Swampert.
|-clearallboost
|
|turn|61
|
|move|p2a: Gothitelle|Rest|p2a: Gothitelle
|-fail|p2a: Gothitelle
|move|p1a: Swampert.|Haze|p1a: Swampert.
|-clearallboost
|
|turn|62
|
|move|p2a: Gothitelle|Rest|p2a: Gothitelle
|-fail|p2a: Gothitelle
|move|p1a: Swampert.|Haze|p1a: Swampert.
|-clearallboost
|
|turn|63
|
|move|p2a: Gothitelle|Rest|p2a: Gothitelle
|-fail|p2a: Gothitelle
|move|p1a: Swampert.|Haze|p1a: Swampert.
|-clearallboost
|
|turn|64
|
|move|p2a: Gothitelle|Calm Mind|p2a: Gothitelle
|-boost|p2a: Gothitelle|spa|1
|-boost|p2a: Gothitelle|spd|1
|move|p1a: Swampert.|Haze|p1a: Swampert.
|-clearallboost
|
|turn|65
|
|move|p2a: Gothitelle|Calm Mind|p2a: Gothitelle
|-boost|p2a: Gothitelle|spa|1
|-boost|p2a: Gothitelle|spd|1
|move|p1a: Swampert.|Haze|p1a: Swampert.
|-clearallboost
|
|turn|66
|
|move|p2a: Gothitelle|Calm Mind|p2a: Gothitelle
|-boost|p2a: Gothitelle|spa|1
|-boost|p2a: Gothitelle|spd|1
|move|p1a: Swampert.|Haze|p1a: Swampert.
|-clearallboost
|
|turn|67
|
|move|p2a: Gothitelle|Calm Mind|p2a: Gothitelle
|-boost|p2a: Gothitelle|spa|1
|-boost|p2a: Gothitelle|spd|1
|move|p1a: Swampert.|Haze|p1a: Swampert.
|-clearallboost
|
|turn|68
|
|move|p2a: Gothitelle|Calm Mind|p2a: Gothitelle
|-boost|p2a: Gothitelle|spa|1
|-boost|p2a: Gothitelle|spd|1
|move|p1a: Swampert.|Haze|p1a: Swampert.
|-clearallboost
|
|turn|69
|c|âAegislash Returns|ugh Gothitelle is cancer
|
|move|p2a: Gothitelle|Calm Mind|p2a: Gothitelle
|-boost|p2a: Gothitelle|spa|1
|-boost|p2a: Gothitelle|spd|1
|move|p1a: Swampert.|Haze|p1a: Swampert.
|-clearallboost
|
|turn|70
|
|move|p2a: Gothitelle|Calm Mind|p2a: Gothitelle
|-boost|p2a: Gothitelle|spa|1
|-boost|p2a: Gothitelle|spd|1
|move|p1a: Swampert.|Haze|p1a: Swampert.
|-clearallboost
|
|turn|71
|
|move|p2a: Gothitelle|Calm Mind|p2a: Gothitelle
|-boost|p2a: Gothitelle|spa|1
|-boost|p2a: Gothitelle|spd|1
|move|p1a: Swampert.|Haze|p1a: Swampert.
|-clearallboost
|
|turn|72
|
|move|p2a: Gothitelle|Rest|p2a: Gothitelle
|-fail|p2a: Gothitelle
|move|p1a: Swampert.|Haze|p1a: Swampert.
|-clearallboost
|
|turn|73
|
|move|p2a: Gothitelle|Rest|p2a: Gothitelle
|-fail|p2a: Gothitelle
|move|p1a: Swampert.|Haze|p1a: Swampert.
|-clearallboost
|
|turn|74
|
|move|p2a: Gothitelle|Rest|p2a: Gothitelle
|-fail|p2a: Gothitelle
|move|p1a: Swampert.|Haze|p1a: Swampert.
|-clearallboost
|
|turn|75
|
|move|p2a: Gothitelle|Rest|p2a: Gothitelle
|-fail|p2a: Gothitelle
|move|p1a: Swampert.|Haze|p1a: Swampert.
|-clearallboost
|
|turn|76
|
|move|p2a: Gothitelle|Rest|p2a: Gothitelle
|-fail|p2a: Gothitelle
|move|p1a: Swampert.|Haze|p1a: Swampert.
|-clearallboost
|
|turn|77
|
|move|p2a: Gothitelle|Calm Mind|p2a: Gothitelle
|-boost|p2a: Gothitelle|spa|1
|-boost|p2a: Gothitelle|spd|1
|move|p1a: Swampert.|Haze|p1a: Swampert.
|-clearallboost
|
|turn|78
|
|move|p2a: Gothitelle|Calm Mind|p2a: Gothitelle
|-boost|p2a: Gothitelle|spa|1
|-boost|p2a: Gothitelle|spd|1
|move|p1a: Swampert.|Haze|p1a: Swampert.
|-clearallboost
|
|turn|79
|
|move|p2a: Gothitelle|Rest|p2a: Gothitelle
|-fail|p2a: Gothitelle
|move|p1a: Swampert.|Haze|p1a: Swampert.
|-clearallboost
|
|turn|80
|
|move|p2a: Gothitelle|Calm Mind|p2a: Gothitelle
|-boost|p2a: Gothitelle|spa|1
|-boost|p2a: Gothitelle|spd|1
|move|p1a: Swampert.|Haze|p1a: Swampert.
|-clearallboost
|
|turn|81
|
|move|p2a: Gothitelle|Calm Mind|p2a: Gothitelle
|-boost|p2a: Gothitelle|spa|1
|-boost|p2a: Gothitelle|spd|1
|move|p1a: Swampert.|Haze|p1a: Swampert.
|-clearallboost
|
|turn|82
|
|move|p2a: Gothitelle|Calm Mind|p2a: Gothitelle
|-boost|p2a: Gothitelle|spa|1
|-boost|p2a: Gothitelle|spd|1
|move|p1a: Swampert.|Haze|p1a: Swampert.
|-clearallboost
|
|turn|83
|
|move|p2a: Gothitelle|Calm Mind|p2a: Gothitelle
|-boost|p2a: Gothitelle|spa|1
|-boost|p2a: Gothitelle|spd|1
|move|p1a: Swampert.|Haze|p1a: Swampert.
|-clearallboost
|
|turn|84
|
|move|p2a: Gothitelle|Calm Mind|p2a: Gothitelle
|-boost|p2a: Gothitelle|spa|1
|-boost|p2a: Gothitelle|spd|1
|move|p1a: Swampert.|Haze|p1a: Swampert.
|-clearallboost
|
|turn|85
|
|move|p2a: Gothitelle|Rest|p2a: Gothitelle
|-fail|p2a: Gothitelle
|move|p1a: Swampert.|Haze|p1a: Swampert.
|-clearallboost
|
|turn|86
|
|move|p2a: Gothitelle|Rest|p2a: Gothitelle
|-fail|p2a: Gothitelle
|move|p1a: Swampert.|Struggle|p2a: Gothitelle
|-damage|p2a: Gothitelle|272\/301
|-damage|p1a: Swampert.|38\/394
|
|-heal|p2a: Gothitelle|290\/301|[from] item: Leftovers
|turn|87
|
|move|p2a: Gothitelle|Trick|p1a: Swampert.
|-activate|p2a: Gothitelle|move: Trick|[of] p1a: Swampert.
|-item|p1a: Swampert.|Leftovers|[from] move: Trick
|-item|p2a: Gothitelle|Choice Scarf|[from] move: Trick
|move|p1a: Swampert.|Struggle|p2a: Gothitelle
|-damage|p2a: Gothitelle|258\/301
|-damage|p1a: Swampert.|0 fnt
|faint|p1a: Swampert.
|
|
|switch|p1a: Aegislash.|Doublade, F|322\/322
|-damage|p1a: Aegislash.|302\/322|[from] Stealth Rock
|turn|88
|
|move|p1a: Aegislash.|Pursuit|p2a: Gothitelle|[from]Pursuit
|-supereffective|p2a: Gothitelle
|-damage|p2a: Gothitelle|146\/301
|switch|p2a: Gliscor|Gliscor, M|142\/352 tox
|
|-heal|p2a: Gliscor|186\/352 tox|[from] ability: Poison Heal
|turn|89
|
|switch|p1a: Starmie.|Slowbro, F|394\/394 tox
|-damage|p1a: Starmie.|345\/394 tox|[from] Stealth Rock
|move|p2a: Gliscor|Earthquake|p1a: Starmie.
|-crit|p1a: Starmie.
|-damage|p1a: Starmie.|228\/394 tox
|
|-heal|p2a: Gliscor|230\/352 tox|[from] ability: Poison Heal
|-damage|p1a: Starmie.|204\/394 tox|[from] psn
|turn|90
|
|switch|p1a: Honchkrow.|Mandibuzz, F|252\/423
|-damage|p1a: Honchkrow.|147\/423|[from] Stealth Rock
|move|p2a: Gliscor|Earthquake|p1a: Honchkrow.
|-immune|p1a: Honchkrow.|[msg]
|
|-heal|p1a: Honchkrow.|173\/423|[from] item: Leftovers
|-heal|p2a: Gliscor|274\/352 tox|[from] ability: Poison Heal
|turn|91
|
|move|p2a: Gliscor|Toxic|p1a: Honchkrow.
|-status|p1a: Honchkrow.|tox
|move|p1a: Honchkrow.|Defog|p2a: Gliscor
|-unboost|p2a: Gliscor|evasion|1
|-sideend|p1: Aegislash Returns|Stealth Rock|[from] move: Defog|[of] p1a: Honchkrow.
|
|-heal|p1a: Honchkrow.|199\/423 tox|[from] item: Leftovers
|-heal|p2a: Gliscor|318\/352 tox|[from] ability: Poison Heal
|-damage|p1a: Honchkrow.|173\/423 tox|[from] psn
|turn|92
|
|switch|p2a: Clefable|Clefable, F|332\/394
|move|p1a: Honchkrow.|Roost|p1a: Honchkrow.
|-heal|p1a: Honchkrow.|385\/423 tox
|
|-heal|p1a: Honchkrow.|411\/423 tox|[from] item: Leftovers
|-damage|p1a: Honchkrow.|359\/423 tox|[from] psn
|turn|93
|
|switch|p1a: Wobbuffet.|Gothitelle, F|132\/301 par
|move|p2a: Clefable|Moonblast|p1a: Wobbuffet.
|-damage|p1a: Wobbuffet.|26\/301 par
|
|-heal|p1a: Wobbuffet.|44\/301 par|[from] item: Leftovers
|turn|94
|
|switch|p1a: Blissey.|Chansey, F|570\/642
|move|p2a: Clefable|Moonblast|p1a: Blissey.
|-damage|p1a: Blissey.|518\/642
|
|turn|95
|
|switch|p2a: Gothitelle|Gothitelle, M|146\/301
|switch|p1a: Aegislash.|Doublade, F|302\/322
|
|turn|96
|
|move|p2a: Gothitelle|Rest|p2a: Gothitelle
|-status|p2a: Gothitelle|slp
|-heal|p2a: Gothitelle|301\/301 slp|[silent]
|-status|p2a: Gothitelle|slp|[from] move: Rest
|move|p1a: Aegislash.|Gyro Ball|p2a: Gothitelle
|-damage|p2a: Gothitelle|141\/301 slp
|
|turn|97
|
|move|p1a: Aegislash.|Pursuit|p2a: Gothitelle|[from]Pursuit
|-supereffective|p2a: Gothitelle
|-damage|p2a: Gothitelle|17\/301 slp
|switch|p2a: Chansey|Chansey, F|642\/642
|
|turn|98
|
|switch|p1a: Blissey.|Chansey, F|518\/642
|move|p2a: Chansey|Heal Bell|p2a: Chansey
|-cureteam|p2a: Chansey|[from] move: HealBell
|
|turn|99
|
|switch|p2a: Gothitelle|Gothitelle, M|17\/301
|move|p1a: Blissey.|Seismic Toss|p2a: Gothitelle
|-damage|p2a: Gothitelle|0 fnt
|faint|p2a: Gothitelle
|
|
|switch|p2a: Clefable|Clefable, F|332\/394
|turn|100
|
|move|p2a: Clefable|Stealth Rock|p1a: Blissey.
|-sidestart|p1: Aegislash Returns|move: Stealth Rock
|move|p1a: Blissey.|Heal Bell|p1a: Blissey.
|-cureteam|p1a: Blissey.|[from] move: HealBell
|
|turn|101
|
|switch|p2a: Gliscor|Gliscor, M|318\/352
|switch|p1a: Starmie.|Slowbro, F|335\/394
|-damage|p1a: Starmie.|286\/394|[from] Stealth Rock
|
|-status|p2a: Gliscor|tox|[from] item: Toxic Orb
|turn|102
|-message|survivor tele lost due to inactivity.
|
|win|Aegislash Returns
|raw|Ladder updating...
|raw|Aegislash Returns's rating: 1781 &rarr; <strong>1796<\/strong><br \/>(+15 for winning)
|raw|survivor tele's rating: 1699 &rarr; <strong>1684<\/strong><br \/>(-15 for losing)
|leave|Aegislash Returns
|player|p1
|join|coito ergo sum
|leave|coito ergo sum
|join|coito ergo sum