|join|Aegislash Returns
|join|Invok3r
|player|p1|Aegislash Returns|274
|player|p2|Invok3r|250
|gametype|singles
|gen|6
|tier|OU
|rated
|clearpoke
|poke|p1|Doublade, F
|poke|p1|Chansey, F
|poke|p1|Slowbro, F
|poke|p1|Gothitelle, M
|poke|p1|Mandibuzz, F
|poke|p1|Quagsire, M
|poke|p2|Charizard, M
|poke|p2|Tyranitar, M
|poke|p2|Clefable, M
|poke|p2|Empoleon, F
|poke|p2|Chesnaught, M
|poke|p2|Dragonite, M
|rule|Swagger Clause: Swagger is banned
|rule|Baton Pass Clause: Limit one PokÃ©mon knowing Baton Pass
|rule|Sleep Clause Mod: Limit one foe put to sleep
|rule|Species Clause: Limit one of each PokÃ©mon
|rule|OHKO Clause: OHKO moves are banned
|rule|Moody Clause: Moody is banned
|rule|Evasion Moves Clause: Evasion moves are banned
|rule|Endless Battle Clause: Forcing endless battles is banned
|rule|HP Percentage Mod: HP is shown in percentages
|teampreview
|
|start
|switch|p1a: Blissey.|Chansey, F|642\/642
|switch|p2a: Charizard|Charizard, M|311\/311
|turn|1
|
|detailschange|p2a: Charizard|Charizard-Mega-Y, M
|message|Charizard has Mega Evolved into Mega Charizard!
|-weather|SunnyDay
|move|p2a: Charizard|Flare Blitz|p1a: Blissey.
|-damage|p1a: Blissey.|276\/642
|-status|p1a: Blissey.|brn
|-damage|p2a: Charizard|190\/311|[from] recoil|[of] p1a: Blissey.
|move|p1a: Blissey.|Stealth Rock|p2a: Charizard
|-sidestart|p2: Invok3r|move: Stealth Rock
|
|-weather|SunnyDay|[upkeep]
|-damage|p1a: Blissey.|196\/642 brn|[from] brn
|turn|2
|
|switch|p1a: Honchkrow.|Mandibuzz, F|423\/423
|move|p2a: Charizard|Roost|p2a: Charizard
|-heal|p2a: Charizard|311\/311
|
|-weather|SunnyDay|[upkeep]
|turn|3
|
|switch|p2a: Empoleon|Empoleon, F|372\/372
|-damage|p2a: Empoleon|349\/372|[from] Stealth Rock
|move|p1a: Honchkrow.|Toxic|p2a: Empoleon
|-fail|p2a: Empoleon
|
|-weather|SunnyDay|[upkeep]
|-heal|p2a: Empoleon|372\/372|[from] item: Leftovers
|turn|4
|
|switch|p1a: Blissey.|Chansey, F|196\/642
|move|p2a: Empoleon|Defog|p1a: Blissey.
|-unboost|p1a: Blissey.|evasion|1
|-sideend|p2: Invok3r|Stealth Rock|[from] move: Defog|[of] p2a: Empoleon
|
|-weather|SunnyDay|[upkeep]
|turn|5
|
|move|p2a: Empoleon|Stealth Rock|p1a: Blissey.
|-sidestart|p1: Aegislash Returns|move: Stealth Rock
|move|p1a: Blissey.|Soft-Boiled|p1a: Blissey.
|-heal|p1a: Blissey.|517\/642
|
|-weather|none
|turn|6
|
|switch|p2a: Charizard|Charizard-Mega-Y, M|311\/311
|-weather|SunnyDay
|move|p1a: Blissey.|Stealth Rock|p2a: Charizard
|-sidestart|p2: Invok3r|move: Stealth Rock
|
|-weather|SunnyDay|[upkeep]
|turn|7
|
|move|p2a: Charizard|Flare Blitz|p1a: Blissey.
|-damage|p1a: Blissey.|99\/642
|-damage|p2a: Charizard|173\/311|[from] recoil|[of] p1a: Blissey.
|move|p1a: Blissey.|Soft-Boiled|p1a: Blissey.
|-heal|p1a: Blissey.|420\/642
|
|-weather|SunnyDay|[upkeep]
|turn|8
|
|switch|p1a: Honchkrow.|Mandibuzz, F|423\/423
|-damage|p1a: Honchkrow.|318\/423|[from] Stealth Rock
|move|p2a: Charizard|Flare Blitz|p1a: Honchkrow.
|-crit|p1a: Honchkrow.
|-damage|p1a: Honchkrow.|0 fnt
|-damage|p2a: Charizard|68\/311|[from] recoil|[of] p1a: Honchkrow.
|faint|p1a: Honchkrow.
|
|-weather|SunnyDay|[upkeep]
|
|switch|p1a: Wobbuffet.|Gothitelle, M|301\/301
|-damage|p1a: Wobbuffet.|264\/301|[from] Stealth Rock
|turn|9
|
|move|p1a: Wobbuffet.|Psyshock|p2a: Charizard
|-damage|p2a: Charizard|0 fnt
|faint|p2a: Charizard
|
|-weather|SunnyDay|[upkeep]
|
|switch|p2a: Tyranitar|Tyranitar, M|404\/404
|-damage|p2a: Tyranitar|354\/404|[from] Stealth Rock
|-weather|Sandstorm
|turn|10
|
|move|p2a: Tyranitar|Pursuit|p1a: Wobbuffet.|[from]Pursuit
|-supereffective|p1a: Wobbuffet.
|-damage|p1a: Wobbuffet.|0 fnt
|faint|p1a: Wobbuffet.
|
|-weather|Sandstorm|[upkeep]
|
|switch|p1a: Starmie.|Slowbro, F|394\/394
|-damage|p1a: Starmie.|345\/394|[from] Stealth Rock
|turn|11
|
|switch|p2a: Empoleon|Empoleon, F|372\/372
|-damage|p2a: Empoleon|349\/372|[from] Stealth Rock
|move|p1a: Starmie.|Scald|p2a: Empoleon
|-resisted|p2a: Empoleon
|-damage|p2a: Empoleon|313\/372
|
|-weather|Sandstorm|[upkeep]
|-damage|p1a: Starmie.|321\/394|[from] sandstorm
|-heal|p2a: Empoleon|336\/372|[from] item: Leftovers
|turn|12
|
|move|p2a: Empoleon|Defog|p1a: Starmie.
|-unboost|p1a: Starmie.|evasion|1
|-sideend|p1: Aegislash Returns|Stealth Rock|[from] move: Defog|[of] p1a: Starmie.
|-sideend|p2: Invok3r|Stealth Rock|[from] move: Defog|[of] p2a: Empoleon
|move|p1a: Starmie.|Scald|p2a: Empoleon
|-resisted|p2a: Empoleon
|-damage|p2a: Empoleon|305\/372
|
|-weather|Sandstorm|[upkeep]
|-damage|p1a: Starmie.|297\/394|[from] sandstorm
|-heal|p2a: Empoleon|328\/372|[from] item: Leftovers
|turn|13
|
|move|p2a: Empoleon|Stealth Rock|p1a: Starmie.
|-sidestart|p1: Aegislash Returns|move: Stealth Rock
|move|p1a: Starmie.|Scald|p2a: Empoleon
|-resisted|p2a: Empoleon
|-damage|p2a: Empoleon|297\/372
|
|-weather|Sandstorm|[upkeep]
|-damage|p1a: Starmie.|273\/394|[from] sandstorm
|-heal|p2a: Empoleon|320\/372|[from] item: Leftovers
|turn|14
|
|move|p2a: Empoleon|Scald|p1a: Starmie.
|-resisted|p1a: Starmie.
|-damage|p1a: Starmie.|216\/394
|move|p1a: Starmie.|Scald|p2a: Empoleon
|-resisted|p2a: Empoleon
|-damage|p2a: Empoleon|287\/372
|
|-weather|none
|-heal|p2a: Empoleon|310\/372|[from] item: Leftovers
|turn|15
|
|move|p2a: Empoleon|Scald|p1a: Starmie.
|-resisted|p1a: Starmie.
|-damage|p1a: Starmie.|154\/394
|move|p1a: Starmie.|Scald|p2a: Empoleon
|-resisted|p2a: Empoleon
|-damage|p2a: Empoleon|274\/372
|-status|p2a: Empoleon|brn
|
|-heal|p2a: Empoleon|297\/372 brn|[from] item: Leftovers
|-damage|p2a: Empoleon|251\/372 brn|[from] brn
|turn|16
|
|switch|p2a: Clefable|Clefable, M|394\/394
|move|p1a: Starmie.|Slack Off|p1a: Starmie.
|-heal|p1a: Starmie.|351\/394
|
|turn|17
|
|move|p2a: Clefable|Moonblast|p1a: Starmie.
|-damage|p1a: Starmie.|227\/394
|move|p1a: Starmie.|Calm Mind|p1a: Starmie.
|-boost|p1a: Starmie.|spa|1
|-boost|p1a: Starmie.|spd|1
|
|turn|18
|
|move|p2a: Clefable|Aromatherapy|p2a: Clefable
|-cureteam|p2a: Clefable|[from] move: Aromatherapy
|move|p1a: Starmie.|Slack Off|p1a: Starmie.
|-heal|p1a: Starmie.|394\/394
|
|turn|19
|
|switch|p2a: Empoleon|Empoleon, F|251\/372
|move|p1a: Starmie.|Scald|p2a: Empoleon
|-resisted|p2a: Empoleon
|-damage|p2a: Empoleon|199\/372
|
|-heal|p2a: Empoleon|222\/372|[from] item: Leftovers
|turn|20
|
|move|p1a: Starmie.|Scald|p2a: Empoleon
|-resisted|p2a: Empoleon
|-damage|p2a: Empoleon|174\/372
|-status|p2a: Empoleon|brn
|move|p2a: Empoleon|Roar|p1a: Starmie.
|drag|p1a: Blissey.|Chansey, F|420\/642
|-damage|p1a: Blissey.|340\/642|[from] Stealth Rock
|
|-heal|p2a: Empoleon|197\/372 brn|[from] item: Leftovers
|-damage|p2a: Empoleon|151\/372 brn|[from] brn
|turn|21
|
|switch|p2a: Tyranitar|Tyranitar, M|354\/404
|-weather|Sandstorm
|move|p1a: Blissey.|Soft-Boiled|p1a: Blissey.
|-heal|p1a: Blissey.|642\/642
|
|-weather|Sandstorm|[upkeep]
|-damage|p1a: Blissey.|602\/642|[from] sandstorm
|turn|22
|
|switch|p1a: Swampert.|Quagsire, M|394\/394
|-damage|p1a: Swampert.|370\/394|[from] Stealth Rock
|move|p2a: Tyranitar|Crunch|p1a: Swampert.
|-damage|p1a: Swampert.|171\/394
|-unboost|p1a: Swampert.|def|1
|
|-weather|Sandstorm|[upkeep]
|-heal|p1a: Swampert.|195\/394|[from] item: Leftovers
|turn|23
|
|move|p2a: Tyranitar|Crunch|p1a: Swampert.
|-damage|p1a: Swampert.|0 fnt
|faint|p1a: Swampert.
|
|-weather|Sandstorm|[upkeep]
|
|switch|p1a: Aegislash.|Doublade, F|322\/322
|-damage|p1a: Aegislash.|302\/322|[from] Stealth Rock
|turn|24
|c|âAegislash Returns|gg
|
|switch|p2a: Clefable|Clefable, M|394\/394
|move|p1a: Aegislash.|Sacred Sword|p2a: Clefable
|-resisted|p2a: Clefable
|-damage|p2a: Clefable|362\/394
|
|-weather|Sandstorm|[upkeep]
|-heal|p2a: Clefable|386\/394|[from] item: Leftovers
|turn|25
|
|move|p2a: Clefable|Aromatherapy|p2a: Clefable
|-cureteam|p2a: Clefable|[from] move: Aromatherapy
|move|p1a: Aegislash.|Gyro Ball|p2a: Clefable
|-supereffective|p2a: Clefable
|-damage|p2a: Clefable|242\/394
|
|-weather|none
|-heal|p2a: Clefable|266\/394|[from] item: Leftovers
|turn|26
|
|switch|p1a: Starmie.|Slowbro, F|394\/394
|-damage|p1a: Starmie.|345\/394|[from] Stealth Rock
|move|p2a: Clefable|Wish|p2a: Clefable
|
|-heal|p2a: Clefable|290\/394|[from] item: Leftovers
|turn|27
|
|move|p2a: Clefable|Moonblast|p1a: Starmie.
|-crit|p1a: Starmie.
|-damage|p1a: Starmie.|153\/394
|move|p1a: Starmie.|Scald|p2a: Clefable
|-damage|p2a: Clefable|191\/394
|
|-heal|p2a: Clefable|388\/394|[from] move: Wish|[wisher] Clefable
|-heal|p2a: Clefable|394\/394|[from] item: Leftovers
|turn|28
|
|switch|p2a: Tyranitar|Tyranitar, M|354\/404
|-weather|Sandstorm
|move|p1a: Starmie.|Slack Off|p1a: Starmie.
|-heal|p1a: Starmie.|350\/394
|
|-weather|Sandstorm|[upkeep]
|-damage|p1a: Starmie.|326\/394|[from] sandstorm
|turn|29
|
|switch|p1a: Blissey.|Chansey, F|602\/642
|-damage|p1a: Blissey.|522\/642|[from] Stealth Rock
|move|p2a: Tyranitar|Crunch|p1a: Blissey.
|-damage|p1a: Blissey.|177\/642
|
|-weather|Sandstorm|[upkeep]
|-damage|p1a: Blissey.|137\/642|[from] sandstorm
|turn|30
|
|move|p2a: Tyranitar|Crunch|p1a: Blissey.
|-damage|p1a: Blissey.|0 fnt
|faint|p1a: Blissey.
|
|-weather|Sandstorm|[upkeep]
|
|switch|p1a: Aegislash.|Doublade, F|302\/322
|-damage|p1a: Aegislash.|282\/322|[from] Stealth Rock
|turn|31
|
|switch|p1a: Starmie.|Slowbro, F|394\/394
|-damage|p1a: Starmie.|345\/394|[from] Stealth Rock
|move|p2a: Tyranitar|Crunch|p1a: Starmie.
|-supereffective|p1a: Starmie.
|-damage|p1a: Starmie.|25\/394
|
|-weather|Sandstorm|[upkeep]
|-damage|p1a: Starmie.|1\/394|[from] sandstorm
|turn|32
|-message|Aegislash Returns forfeited.
|
|win|Invok3r
|raw|Ladder updating...
|raw|Aegislash Returns's rating: 1776 &rarr; <strong>1753<\/strong><br \/>(-23 for losing)
|raw|Invok3r's rating: 1734 &rarr; <strong>1757<\/strong><br \/>(+23 for winning)
|leave|Aegislash Returns
|player|p1