|join|Aegislash Returns
|join|Reverb
|player|p1|Aegislash Returns|274
|player|p2|Reverb|#reverb
|gametype|singles
|gen|6
|tier|OU
|rated
|clearpoke
|poke|p1|Doublade, M
|poke|p1|Chansey, F
|poke|p1|Slowbro, M
|poke|p1|Gothitelle, M
|poke|p1|Mandibuzz, F
|poke|p1|Quagsire, F
|poke|p2|Empoleon, M
|poke|p2|Tyranitar, F
|poke|p2|Charizard, F
|poke|p2|Keldeo
|poke|p2|Kyurem-Black
|poke|p2|Landorus-Therian, M
|rule|Swagger Clause: Swagger is banned
|rule|Baton Pass Clause: Limit one PokÃ©mon knowing Baton Pass
|rule|Sleep Clause Mod: Limit one foe put to sleep
|rule|Species Clause: Limit one of each PokÃ©mon
|rule|OHKO Clause: OHKO moves are banned
|rule|Moody Clause: Moody is banned
|rule|Evasion Moves Clause: Evasion moves are banned
|rule|Endless Battle Clause: Forcing endless battles is banned
|rule|HP Percentage Mod: HP is shown in percentages
|teampreview
|join|aurao
|
|start
|switch|p1a: Swampert.|Quagsire, F|394\/394
|switch|p2a: Empoleon|Empoleon, M|372\/372
|turn|1
|join|Marshmallon
|
|move|p2a: Empoleon|Stealth Rock|p1a: Swampert.
|-sidestart|p1: Aegislash Returns|move: Stealth Rock
|move|p1a: Swampert.|Scald|p2a: Empoleon
|-resisted|p2a: Empoleon
|-damage|p2a: Empoleon|342\/372
|
|-heal|p2a: Empoleon|365\/372|[from] item: Leftovers
|turn|2
|
|move|p2a: Empoleon|Scald|p1a: Swampert.
|-damage|p1a: Swampert.|243\/394
|move|p1a: Swampert.|Scald|p2a: Empoleon
|-resisted|p2a: Empoleon
|-damage|p2a: Empoleon|332\/372
|-status|p2a: Empoleon|brn
|
|-heal|p2a: Empoleon|355\/372 brn|[from] item: Leftovers
|-heal|p1a: Swampert.|267\/394|[from] item: Leftovers
|-damage|p2a: Empoleon|309\/372 brn|[from] brn
|turn|3
|
|move|p2a: Empoleon|Scald|p1a: Swampert.
|-damage|p1a: Swampert.|117\/394
|-status|p1a: Swampert.|brn
|move|p1a: Swampert.|Recover|p1a: Swampert.
|-heal|p1a: Swampert.|314\/394 brn
|
|-heal|p2a: Empoleon|332\/372 brn|[from] item: Leftovers
|-heal|p1a: Swampert.|338\/394 brn|[from] item: Leftovers
|-damage|p2a: Empoleon|286\/372 brn|[from] brn
|-damage|p1a: Swampert.|289\/394 brn|[from] brn
|turn|4
|
|switch|p2a: Tyranitar|Tyranitar, F|383\/383
|-weather|Sandstorm
|move|p1a: Swampert.|Toxic|p2a: Tyranitar
|-status|p2a: Tyranitar|tox
|
|-weather|Sandstorm|[upkeep]
|-heal|p1a: Swampert.|313\/394 brn|[from] item: Leftovers
|-damage|p2a: Tyranitar|360\/383 tox|[from] psn
|-damage|p1a: Swampert.|264\/394 brn|[from] brn
|turn|5
|join|Escavalier
|
|move|p2a: Tyranitar|Stone Edge|p1a: Swampert.|[miss]
|-miss|p2a: Tyranitar|p1a: Swampert.
|move|p1a: Swampert.|Recover|p1a: Swampert.
|-heal|p1a: Swampert.|394\/394 brn
|
|-weather|Sandstorm|[upkeep]
|-damage|p2a: Tyranitar|314\/383 tox|[from] psn
|-damage|p1a: Swampert.|345\/394 brn|[from] brn
|turn|6
|join|Inflikted
|
|switch|p2a: Empoleon|Empoleon, M|286\/372 brn
|move|p1a: Swampert.|Toxic|p2a: Empoleon
|-fail|p2a: Empoleon
|
|-weather|Sandstorm|[upkeep]
|-heal|p2a: Empoleon|309\/372 brn|[from] item: Leftovers
|-heal|p1a: Swampert.|369\/394 brn|[from] item: Leftovers
|-damage|p2a: Empoleon|263\/372 brn|[from] brn
|-damage|p1a: Swampert.|320\/394 brn|[from] brn
|turn|7
|
|move|p2a: Empoleon|Scald|p1a: Swampert.
|-damage|p1a: Swampert.|173\/394 brn
|move|p1a: Swampert.|Recover|p1a: Swampert.
|-heal|p1a: Swampert.|370\/394 brn
|
|-weather|Sandstorm|[upkeep]
|-heal|p2a: Empoleon|286\/372 brn|[from] item: Leftovers
|-heal|p1a: Swampert.|394\/394 brn|[from] item: Leftovers
|-damage|p2a: Empoleon|240\/372 brn|[from] brn
|-damage|p1a: Swampert.|345\/394 brn|[from] brn
|turn|8
|join|haunter
|
|switch|p2a: Keldeo|Keldeo|323\/323
|move|p1a: Swampert.|Recover|p1a: Swampert.
|-heal|p1a: Swampert.|394\/394 brn
|
|-weather|none
|-damage|p1a: Swampert.|345\/394 brn|[from] brn
|turn|9
|
|switch|p1a: Starmie.|Slowbro, M|394\/394
|-damage|p1a: Starmie.|345\/394|[from] Stealth Rock
|move|p2a: Keldeo|Hydro Pump|p1a: Starmie.
|-resisted|p1a: Starmie.
|-damage|p1a: Starmie.|172\/394
|
|turn|10
|
|switch|p2a: Tyranitar|Tyranitar, F|314\/383 tox
|-weather|Sandstorm
|switch|p1a: Blissey.|Chansey, F|642\/642
|-damage|p1a: Blissey.|562\/642|[from] Stealth Rock
|
|-weather|Sandstorm|[upkeep]
|-damage|p1a: Blissey.|522\/642|[from] sandstorm
|-damage|p2a: Tyranitar|291\/383 tox|[from] psn
|turn|11
|
|move|p2a: Tyranitar|Superpower|p1a: Blissey.
|-supereffective|p1a: Blissey.
|-damage|p1a: Blissey.|0 fnt
|-unboost|p2a: Tyranitar|atk|1
|-unboost|p2a: Tyranitar|def|1
|faint|p1a: Blissey.
|
|-weather|Sandstorm|[upkeep]
|-damage|p2a: Tyranitar|245\/383 tox|[from] psn
|
|switch|p1a: Wobbuffet.|Gothitelle, M|301\/301
|-damage|p1a: Wobbuffet.|264\/301|[from] Stealth Rock
|turn|12
|
|move|p1a: Wobbuffet.|Trick|p2a: Tyranitar
|-activate|p1a: Wobbuffet.|move: Trick|[of] p2a: Tyranitar
|-item|p2a: Tyranitar|Choice Scarf|[from] move: Trick
|-item|p1a: Wobbuffet.|Choice Band|[from] move: Trick
|move|p2a: Tyranitar|Superpower|p1a: Wobbuffet.
|-resisted|p1a: Wobbuffet.
|-damage|p1a: Wobbuffet.|209\/301
|-unboost|p2a: Tyranitar|atk|1
|-unboost|p2a: Tyranitar|def|1
|
|-weather|Sandstorm|[upkeep]
|-damage|p1a: Wobbuffet.|191\/301|[from] sandstorm
|-damage|p2a: Tyranitar|176\/383 tox|[from] psn
|turn|13
|
|move|p2a: Tyranitar|Superpower|p1a: Wobbuffet.
|-resisted|p1a: Wobbuffet.
|-damage|p1a: Wobbuffet.|148\/301
|-unboost|p2a: Tyranitar|atk|1
|-unboost|p2a: Tyranitar|def|1
|move|p1a: Wobbuffet.|Calm Mind|p1a: Wobbuffet.
|-boost|p1a: Wobbuffet.|spa|1
|-boost|p1a: Wobbuffet.|spd|1
|
|-weather|Sandstorm|[upkeep]
|-damage|p1a: Wobbuffet.|130\/301|[from] sandstorm
|-damage|p2a: Tyranitar|84\/383 tox|[from] psn
|turn|14
|c| Escavalier|thats a good idea
|c|+Inflikted|lol
|c|âReverb|minus cming
|c|âAegislash Returns|guh, I'm tired XD
|
|switch|p1a: Starmie.|Slowbro, M|303\/394
|-damage|p1a: Starmie.|254\/394|[from] Stealth Rock
|move|p2a: Tyranitar|Superpower|p1a: Starmie.
|-resisted|p1a: Starmie.
|-damage|p1a: Starmie.|233\/394
|-unboost|p2a: Tyranitar|atk|1
|-unboost|p2a: Tyranitar|def|1
|
|-weather|none
|-damage|p2a: Tyranitar|0 fnt|[from] psn
|faint|p2a: Tyranitar
|c|+Marshmallon|^^
|join|Alvadora
|c|âReverb|happens
|
|switch|p2a: Charizard|Charizard, F|297\/297
|turn|15
|c| Escavalier|gg zard is here
|
|switch|p1a: Wobbuffet.|Gothitelle, M|130\/301
|-damage|p1a: Wobbuffet.|93\/301|[from] Stealth Rock
|detailschange|p2a: Charizard|Charizard-Mega-Y, F
|message|Charizard has Mega Evolved into Mega Charizard!
|-weather|SunnyDay
|move|p2a: Charizard|Solar Beam|p1a: Wobbuffet.|[still]
|-prepare|p2a: Charizard|Solar Beam|p1a: Wobbuffet.
|-anim|p2a: Charizard|Solar Beam|p1a: Wobbuffet.
|-damage|p1a: Wobbuffet.|0 fnt
|faint|p1a: Wobbuffet.
|
|-weather|SunnyDay|[upkeep]
|
|switch|p1a: Swampert.|Quagsire, F|345\/394 brn
|-damage|p1a: Swampert.|321\/394 brn|[from] Stealth Rock
|turn|16
|
|switch|p1a: Aegislash.|Doublade, M|322\/322
|-damage|p1a: Aegislash.|302\/322|[from] Stealth Rock
|move|p2a: Charizard|Solar Beam|p1a: Aegislash.|[still]
|-prepare|p2a: Charizard|Solar Beam|p1a: Aegislash.
|-anim|p2a: Charizard|Solar Beam|p1a: Aegislash.
|-resisted|p1a: Aegislash.
|-damage|p1a: Aegislash.|237\/322
|
|-weather|SunnyDay|[upkeep]
|turn|17
|
|switch|p1a: Swampert.|Quagsire, F|321\/394 brn
|-damage|p1a: Swampert.|297\/394 brn|[from] Stealth Rock
|move|p2a: Charizard|Fire Blast|p1a: Swampert.
|-crit|p1a: Swampert.
|-resisted|p1a: Swampert.
|-damage|p1a: Swampert.|0 fnt
|faint|p1a: Swampert.
|
|-weather|SunnyDay|[upkeep]
|
|switch|p1a: Honchkrow.|Mandibuzz, F|423\/423
|-damage|p1a: Honchkrow.|318\/423|[from] Stealth Rock
|turn|18
|
|move|p2a: Charizard|Fire Blast|p1a: Honchkrow.
|-damage|p1a: Honchkrow.|0 fnt
|faint|p1a: Honchkrow.
|
|-weather|SunnyDay|[upkeep]
|
|switch|p1a: Aegislash.|Doublade, M|237\/322
|-damage|p1a: Aegislash.|217\/322|[from] Stealth Rock
|turn|19
|
|switch|p1a: Starmie.|Slowbro, M|364\/394
|-damage|p1a: Starmie.|315\/394|[from] Stealth Rock
|move|p2a: Charizard|Fire Blast|p1a: Starmie.
|-resisted|p1a: Starmie.
|-damage|p1a: Starmie.|75\/394
|
|-weather|none
|turn|20
|
|switch|p2a: Landorus-Therian|Landorus-Therian, M|327\/327
|-ability|p2a: Landorus-Therian|Intimidate|[of] p1a: Starmie.
|-unboost|p1a: Starmie.|atk|1
|switch|p1a: Aegislash.|Doublade, M|217\/322
|-damage|p1a: Aegislash.|197\/322|[from] Stealth Rock
|
|turn|21
|
|move|p2a: Landorus-Therian|Earthquake|p1a: Aegislash.
|-supereffective|p1a: Aegislash.
|-damage|p1a: Aegislash.|29\/322
|move|p1a: Aegislash.|Rest|p1a: Aegislash.
|-status|p1a: Aegislash.|slp
|-heal|p1a: Aegislash.|322\/322 slp|[silent]
|-status|p1a: Aegislash.|slp|[from] move: Rest
|
|turn|22
|
|move|p2a: Landorus-Therian|Earthquake|p1a: Aegislash.
|-supereffective|p1a: Aegislash.
|-damage|p1a: Aegislash.|130\/322 slp
|cant|p1a: Aegislash.|slp
|
|turn|23
|
|move|p2a: Landorus-Therian|Earthquake|p1a: Aegislash.
|-supereffective|p1a: Aegislash.
|-damage|p1a: Aegislash.|0 fnt
|faint|p1a: Aegislash.
|
|
|switch|p1a: Starmie.|Slowbro, M|206\/394
|-damage|p1a: Starmie.|157\/394|[from] Stealth Rock
|turn|24
|
|switch|p2a: Charizard|Charizard-Mega-Y, F|297\/297
|-weather|SunnyDay
|detailschange|p1a: Starmie.|Slowbro-Mega, M
|message|Slowbro has Mega Evolved into Mega Slowbro!
|move|p1a: Starmie.|Scald|p2a: Charizard
|-supereffective|p2a: Charizard
|-damage|p2a: Charizard|181\/297
|
|-weather|SunnyDay|[upkeep]
|turn|25
|join|Markastan
|c|âReverb|gg
|
|move|p2a: Charizard|Solar Beam|p1a: Starmie.|[still]
|-prepare|p2a: Charizard|Solar Beam|p1a: Starmie.
|-anim|p2a: Charizard|Solar Beam|p1a: Starmie.
|-supereffective|p1a: Starmie.
|-damage|p1a: Starmie.|0 fnt
|faint|p1a: Starmie.
|
|win|Reverb
|raw|Ladder updating...
|raw|Aegislash Returns's rating: 1827 &rarr; <strong>1800<\/strong><br \/>(-27 for losing)
|raw|Reverb's rating: 1706 &rarr; <strong>1733<\/strong><br \/>(+27 for winning)
|c|âAegislash Returns|gg
|leave|Aegislash Returns
|player|p1