|join|Wonderrfull
|join|Aegislash Returns
|player|p1|Wonderrfull|169
|player|p2|Aegislash Returns|274
|gametype|singles
|gen|6
|tier|OU
|rated
|clearpoke
|poke|p1|Metagross
|poke|p1|Rotom-Wash
|poke|p1|Latias, F
|poke|p1|Landorus-Therian, M
|poke|p1|Talonflame, F
|poke|p1|Dugtrio, F
|poke|p2|Doublade, F, shiny
|poke|p2|Gliscor, M
|poke|p2|Venusaur, F, shiny
|poke|p2|Gothitelle, M
|poke|p2|Heatran, F
|poke|p2|Mandibuzz, F
|rule|Swagger Clause: Swagger is banned
|rule|Baton Pass Clause: Limit one PokÃ©mon knowing Baton Pass
|rule|Sleep Clause Mod: Limit one foe put to sleep
|rule|Species Clause: Limit one of each PokÃ©mon
|rule|OHKO Clause: OHKO moves are banned
|rule|Moody Clause: Moody is banned
|rule|Evasion Moves Clause: Evasion moves are banned
|rule|Endless Battle Clause: Forcing endless battles is banned
|rule|HP Percentage Mod: HP is shown in percentages
|teampreview
|
|start
|switch|p1a: Landorus-Therian|Landorus-Therian, M|319\/319
|switch|p2a: Meganium.|Venusaur, F, shiny|364\/364
|-ability|p1a: Landorus-Therian|Intimidate|[of] p2a: Meganium.
|-unboost|p2a: Meganium.|atk|1
|turn|1
|
|detailschange|p2a: Meganium.|Venusaur-Mega, F, shiny
|message|Venusaur has Mega Evolved into Mega Venusaur!
|move|p1a: Landorus-Therian|U-turn|p2a: Meganium.
|-damage|p2a: Meganium.|283\/364
|
|switch|p1a: Dugtrio|Dugtrio, F|211\/211
|move|p2a: Meganium.|Leech Seed|p1a: Dugtrio
|-start|p1a: Dugtrio|move: Leech Seed
|
|-damage|p1a: Dugtrio|185\/211|[from] Leech Seed|[of] p2a: Meganium.
|-heal|p2a: Meganium.|309\/364|[silent]
|turn|2
|
|switch|p1a: Latias|Latias, F|301\/301
|move|p2a: Meganium.|Giga Drain|p1a: Latias
|-resisted|p1a: Latias
|-damage|p1a: Latias|260\/301
|-heal|p2a: Meganium.|330\/364|[from] drain|[of] p1a: Latias
|
|turn|3
|
|switch|p2a: Magmar.|Heatran, F|385\/385
|move|p1a: Latias|Psyshock|p2a: Magmar.
|-resisted|p2a: Magmar.
|-damage|p2a: Magmar.|312\/385
|-damage|p1a: Latias|230\/301|[from] item: Life Orb
|
|-heal|p2a: Magmar.|336\/385|[from] item: Leftovers
|turn|4
|
|switch|p1a: Dugtrio|Dugtrio, F|185\/211
|switch|p2a: Wobbuffet.|Gothitelle, M|301\/301
|
|turn|5
|
|move|p1a: Dugtrio|Sucker Punch|p2a: Wobbuffet.
|-fail|p2a: Wobbuffet.
|move|p2a: Wobbuffet.|Trick|p1a: Dugtrio
|-activate|p2a: Wobbuffet.|move: Trick|[of] p1a: Dugtrio
|-item|p1a: Dugtrio|Choice Scarf|[from] move: Trick
|-item|p2a: Wobbuffet.|Focus Sash|[from] move: Trick
|
|turn|6
|
|move|p1a: Dugtrio|Stealth Rock|p2a: Wobbuffet.
|-sidestart|p2: Aegislash Returns|move: Stealth Rock
|move|p2a: Wobbuffet.|Calm Mind|p2a: Wobbuffet.
|-boost|p2a: Wobbuffet.|spa|1
|-boost|p2a: Wobbuffet.|spd|1
|
|turn|7
|
|move|p1a: Dugtrio|Stealth Rock|p2a: Wobbuffet.
|-fail|p2a: Wobbuffet.
|move|p2a: Wobbuffet.|Calm Mind|p2a: Wobbuffet.
|-boost|p2a: Wobbuffet.|spa|1
|-boost|p2a: Wobbuffet.|spd|1
|
|turn|8
|
|move|p1a: Dugtrio|Stealth Rock|p2a: Wobbuffet.
|-fail|p2a: Wobbuffet.
|move|p2a: Wobbuffet.|Calm Mind|p2a: Wobbuffet.
|-boost|p2a: Wobbuffet.|spa|1
|-boost|p2a: Wobbuffet.|spd|1
|
|turn|9
|
|move|p1a: Dugtrio|Stealth Rock|p2a: Wobbuffet.
|-fail|p2a: Wobbuffet.
|move|p2a: Wobbuffet.|Calm Mind|p2a: Wobbuffet.
|-boost|p2a: Wobbuffet.|spa|1
|-boost|p2a: Wobbuffet.|spd|1
|
|turn|10
|
|move|p1a: Dugtrio|Stealth Rock|p2a: Wobbuffet.
|-fail|p2a: Wobbuffet.
|move|p2a: Wobbuffet.|Calm Mind|p2a: Wobbuffet.
|-boost|p2a: Wobbuffet.|spa|1
|-boost|p2a: Wobbuffet.|spd|1
|
|turn|11
|
|move|p1a: Dugtrio|Stealth Rock|p2a: Wobbuffet.
|-fail|p2a: Wobbuffet.
|move|p2a: Wobbuffet.|Calm Mind|p2a: Wobbuffet.
|-boost|p2a: Wobbuffet.|spa|1
|-boost|p2a: Wobbuffet.|spd|1
|
|turn|12
|
|move|p1a: Dugtrio|Stealth Rock|p2a: Wobbuffet.
|-fail|p2a: Wobbuffet.
|move|p2a: Wobbuffet.|Calm Mind|p2a: Wobbuffet.
|-fail|p2a: Wobbuffet.
|
|turn|13
|
|move|p1a: Dugtrio|Stealth Rock|p2a: Wobbuffet.
|-fail|p2a: Wobbuffet.
|move|p2a: Wobbuffet.|Calm Mind|p2a: Wobbuffet.
|-fail|p2a: Wobbuffet.
|
|turn|14
|
|move|p1a: Dugtrio|Stealth Rock|p2a: Wobbuffet.
|-fail|p2a: Wobbuffet.
|move|p2a: Wobbuffet.|Calm Mind|p2a: Wobbuffet.
|-fail|p2a: Wobbuffet.
|
|turn|15
|
|move|p1a: Dugtrio|Stealth Rock|p2a: Wobbuffet.
|-fail|p2a: Wobbuffet.
|move|p2a: Wobbuffet.|Calm Mind|p2a: Wobbuffet.
|-fail|p2a: Wobbuffet.
|
|turn|16
|
|move|p1a: Dugtrio|Stealth Rock|p2a: Wobbuffet.
|-fail|p2a: Wobbuffet.
|move|p2a: Wobbuffet.|Calm Mind|p2a: Wobbuffet.
|-fail|p2a: Wobbuffet.
|
|turn|17
|c|âWonderrfull|fucking kill dugg
|
|move|p1a: Dugtrio|Stealth Rock|p2a: Wobbuffet.
|-fail|p2a: Wobbuffet.
|move|p2a: Wobbuffet.|Calm Mind|p2a: Wobbuffet.
|-fail|p2a: Wobbuffet.
|
|turn|18
|c|âAegislash Returns|nah
|
|move|p1a: Dugtrio|Stealth Rock|p2a: Wobbuffet.
|-fail|p2a: Wobbuffet.
|move|p2a: Wobbuffet.|Calm Mind|p2a: Wobbuffet.
|-fail|p2a: Wobbuffet.
|
|turn|19
|
|move|p1a: Dugtrio|Stealth Rock|p2a: Wobbuffet.
|-fail|p2a: Wobbuffet.
|move|p2a: Wobbuffet.|Calm Mind|p2a: Wobbuffet.
|-fail|p2a: Wobbuffet.
|
|turn|20
|
|move|p1a: Dugtrio|Stealth Rock|p2a: Wobbuffet.
|-fail|p2a: Wobbuffet.
|move|p2a: Wobbuffet.|Calm Mind|p2a: Wobbuffet.
|-fail|p2a: Wobbuffet.
|
|turn|21
|
|move|p1a: Dugtrio|Stealth Rock|p2a: Wobbuffet.
|-fail|p2a: Wobbuffet.
|move|p2a: Wobbuffet.|Calm Mind|p2a: Wobbuffet.
|-fail|p2a: Wobbuffet.
|
|turn|22
|
|move|p1a: Dugtrio|Stealth Rock|p2a: Wobbuffet.
|-fail|p2a: Wobbuffet.
|move|p2a: Wobbuffet.|Calm Mind|p2a: Wobbuffet.
|-fail|p2a: Wobbuffet.
|
|turn|23
|
|move|p1a: Dugtrio|Stealth Rock|p2a: Wobbuffet.
|-fail|p2a: Wobbuffet.
|move|p2a: Wobbuffet.|Calm Mind|p2a: Wobbuffet.
|-fail|p2a: Wobbuffet.
|
|turn|24
|
|move|p1a: Dugtrio|Stealth Rock|p2a: Wobbuffet.
|-fail|p2a: Wobbuffet.
|move|p2a: Wobbuffet.|Calm Mind|p2a: Wobbuffet.
|-fail|p2a: Wobbuffet.
|
|turn|25
|
|move|p1a: Dugtrio|Stealth Rock|p2a: Wobbuffet.
|-fail|p2a: Wobbuffet.
|move|p2a: Wobbuffet.|Rest|p2a: Wobbuffet.
|-fail|p2a: Wobbuffet.
|
|turn|26
|
|move|p1a: Dugtrio|Stealth Rock|p2a: Wobbuffet.
|-fail|p2a: Wobbuffet.
|move|p2a: Wobbuffet.|Calm Mind|p2a: Wobbuffet.
|-fail|p2a: Wobbuffet.
|
|turn|27
|
|move|p1a: Dugtrio|Stealth Rock|p2a: Wobbuffet.
|-fail|p2a: Wobbuffet.
|move|p2a: Wobbuffet.|Calm Mind|p2a: Wobbuffet.
|-fail|p2a: Wobbuffet.
|
|turn|28
|
|move|p1a: Dugtrio|Stealth Rock|p2a: Wobbuffet.
|-fail|p2a: Wobbuffet.
|move|p2a: Wobbuffet.|Calm Mind|p2a: Wobbuffet.
|-fail|p2a: Wobbuffet.
|
|turn|29
|
|move|p1a: Dugtrio|Stealth Rock|p2a: Wobbuffet.
|-fail|p2a: Wobbuffet.
|move|p2a: Wobbuffet.|Rest|p2a: Wobbuffet.
|-fail|p2a: Wobbuffet.
|
|turn|30
|
|move|p1a: Dugtrio|Stealth Rock|p2a: Wobbuffet.
|-fail|p2a: Wobbuffet.
|move|p2a: Wobbuffet.|Rest|p2a: Wobbuffet.
|-fail|p2a: Wobbuffet.
|
|turn|31
|
|move|p1a: Dugtrio|Stealth Rock|p2a: Wobbuffet.
|-fail|p2a: Wobbuffet.
|move|p2a: Wobbuffet.|Calm Mind|p2a: Wobbuffet.
|-fail|p2a: Wobbuffet.
|
|turn|32
|
|move|p1a: Dugtrio|Stealth Rock|p2a: Wobbuffet.
|-fail|p2a: Wobbuffet.
|move|p2a: Wobbuffet.|Calm Mind|p2a: Wobbuffet.
|-fail|p2a: Wobbuffet.
|
|turn|33
|
|move|p1a: Dugtrio|Stealth Rock|p2a: Wobbuffet.
|-fail|p2a: Wobbuffet.
|move|p2a: Wobbuffet.|Calm Mind|p2a: Wobbuffet.
|-fail|p2a: Wobbuffet.
|
|turn|34
|
|move|p1a: Dugtrio|Stealth Rock|p2a: Wobbuffet.
|-fail|p2a: Wobbuffet.
|move|p2a: Wobbuffet.|Calm Mind|p2a: Wobbuffet.
|-fail|p2a: Wobbuffet.
|
|turn|35
|
|move|p1a: Dugtrio|Stealth Rock|p2a: Wobbuffet.
|-fail|p2a: Wobbuffet.
|move|p2a: Wobbuffet.|Calm Mind|p2a: Wobbuffet.
|-fail|p2a: Wobbuffet.
|
|turn|36
|
|move|p1a: Dugtrio|Stealth Rock|p2a: Wobbuffet.
|-fail|p2a: Wobbuffet.
|move|p2a: Wobbuffet.|Calm Mind|p2a: Wobbuffet.
|-fail|p2a: Wobbuffet.
|
|turn|37
|
|move|p1a: Dugtrio|Stealth Rock|p2a: Wobbuffet.
|-fail|p2a: Wobbuffet.
|move|p2a: Wobbuffet.|Calm Mind|p2a: Wobbuffet.
|-fail|p2a: Wobbuffet.
|
|turn|38
|
|-activate|p1a: Dugtrio|move: Struggle
|move|p1a: Dugtrio|Struggle|p2a: Wobbuffet.
|-damage|p2a: Wobbuffet.|256\/301
|-damage|p1a: Dugtrio|133\/211
|move|p2a: Wobbuffet.|Calm Mind|p2a: Wobbuffet.
|-fail|p2a: Wobbuffet.
|
|turn|39
|
|-activate|p1a: Dugtrio|move: Struggle
|move|p1a: Dugtrio|Struggle|p2a: Wobbuffet.
|-crit|p2a: Wobbuffet.
|-damage|p2a: Wobbuffet.|181\/301
|-damage|p1a: Dugtrio|81\/211
|move|p2a: Wobbuffet.|Calm Mind|p2a: Wobbuffet.
|-fail|p2a: Wobbuffet.
|
|turn|40
|
|-activate|p1a: Dugtrio|move: Struggle
|move|p1a: Dugtrio|Struggle|p2a: Wobbuffet.
|-damage|p2a: Wobbuffet.|138\/301
|-damage|p1a: Dugtrio|29\/211
|move|p2a: Wobbuffet.|Trick|p1a: Dugtrio
|-activate|p2a: Wobbuffet.|move: Trick|[of] p1a: Dugtrio
|-item|p1a: Dugtrio|Focus Sash|[from] move: Trick
|-item|p2a: Wobbuffet.|Choice Scarf|[from] move: Trick
|
|turn|41
|
|move|p1a: Dugtrio|Sucker Punch|p2a: Wobbuffet.
|-fail|p2a: Wobbuffet.
|move|p2a: Wobbuffet.|Rest|p2a: Wobbuffet.
|-status|p2a: Wobbuffet.|slp
|-heal|p2a: Wobbuffet.|301\/301 slp|[silent]
|-status|p2a: Wobbuffet.|slp|[from] move: Rest
|
|turn|42
|
|cant|p2a: Wobbuffet.|slp
|move|p1a: Dugtrio|Earthquake|p2a: Wobbuffet.
|-damage|p2a: Wobbuffet.|177\/301 slp
|
|turn|43
|
|cant|p2a: Wobbuffet.|slp
|move|p1a: Dugtrio|Earthquake|p2a: Wobbuffet.
|-damage|p2a: Wobbuffet.|53\/301 slp
|
|turn|44
|c|âWonderrfull|dumb
|
|-curestatus|p2a: Wobbuffet.|slp
|move|p2a: Wobbuffet.|Rest|p2a: Wobbuffet.
|-status|p2a: Wobbuffet.|slp
|-heal|p2a: Wobbuffet.|301\/301 slp|[silent]
|-status|p2a: Wobbuffet.|slp|[from] move: Rest
|move|p1a: Dugtrio|Earthquake|p2a: Wobbuffet.
|-damage|p2a: Wobbuffet.|154\/301 slp
|
|turn|45
|-message|Aegislash Returns forfeited.
|
|win|Wonderrfull
|raw|Ladder updating...
|leave|Aegislash Returns
|player|p2
|raw|Wonderrfull's rating: 1403 &rarr; <strong>1425<\/strong><br \/>(+22 for winning)
|raw|Aegislash Returns's rating: 1437 &rarr; <strong>1415<\/strong><br \/>(-22 for losing)