|join|Moxicity
|join|Aegislash Returns
|player|p1|Moxicity|279
|player|p2|Aegislash Returns|274
|gametype|singles
|gen|6
|tier|OU (suspect test)
|rated
|clearpoke
|poke|p1|Landorus-Therian, M
|poke|p1|Gallade, M
|poke|p1|Bisharp, F
|poke|p1|Rotom-Wash
|poke|p1|Sylveon, F
|poke|p1|Azumarill, M
|poke|p2|Doublade, F
|poke|p2|Chansey, F
|poke|p2|Slowbro, M
|poke|p2|Gothitelle, F
|poke|p2|Mandibuzz, F
|poke|p2|Quagsire, M
|rule|Swagger Clause: Swagger is banned
|rule|Baton Pass Clause: Limit one PokÃ©mon knowing Baton Pass
|rule|Sleep Clause Mod: Limit one foe put to sleep
|rule|Species Clause: Limit one of each PokÃ©mon
|rule|OHKO Clause: OHKO moves are banned
|rule|Moody Clause: Moody is banned
|rule|Evasion Moves Clause: Evasion moves are banned
|rule|Endless Battle Clause: Forcing endless battles is banned
|rule|HP Percentage Mod: HP is shown in percentages
|teampreview
|
|start
|switch|p1a: Rotom-Wash|Rotom-Wash|304\/304
|switch|p2a: Swampert.|Quagsire, M|394\/394
|turn|1
|
|move|p1a: Rotom-Wash|Will-O-Wisp|p2a: Swampert.
|-status|p2a: Swampert.|brn
|move|p2a: Swampert.|Toxic|p1a: Rotom-Wash
|-status|p1a: Rotom-Wash|tox
|
|-damage|p1a: Rotom-Wash|285\/304 tox|[from] psn
|-damage|p2a: Swampert.|345\/394 brn|[from] brn
|turn|2
|
|move|p1a: Rotom-Wash|Hydro Pump|p2a: Swampert.|[miss]
|-miss|p1a: Rotom-Wash|p2a: Swampert.
|move|p2a: Swampert.|Recover|p2a: Swampert.
|-heal|p2a: Swampert.|394\/394 brn
|
|-heal|p1a: Rotom-Wash|304\/304 tox|[from] item: Leftovers
|-damage|p1a: Rotom-Wash|266\/304 tox|[from] psn
|-damage|p2a: Swampert.|345\/394 brn|[from] brn
|turn|3
|
|switch|p1a: Bisharp|Bisharp, F|272\/272
|switch|p2a: Blissey.|Chansey, F|642\/642
|
|turn|4
|
|move|p1a: Bisharp|Knock Off|p2a: Blissey.
|-damage|p2a: Blissey.|351\/642
|-enditem|p2a: Blissey.|Eviolite|[from] move: Knock Off|[of] p1a: Bisharp
|move|p2a: Blissey.|Heal Bell|p2a: Blissey.
|-cureteam|p2a: Blissey.|[from] move: HealBell
|
|turn|5
|
|switch|p2a: Swampert.|Quagsire, M|345\/394
|move|p1a: Bisharp|Knock Off|p2a: Swampert.
|-damage|p2a: Swampert.|173\/394
|-enditem|p2a: Swampert.|Leftovers|[from] move: Knock Off|[of] p1a: Bisharp
|
|turn|6
|
|switch|p1a: Sylveon|Sylveon, F|391\/391
|move|p2a: Swampert.|Recover|p2a: Swampert.
|-heal|p2a: Swampert.|370\/394
|
|turn|7
|
|switch|p2a: Wobbuffet.|Gothitelle, F|301\/301
|move|p1a: Sylveon|Hyper Voice|p2a: Wobbuffet.
|-damage|p2a: Wobbuffet.|15\/301
|
|turn|8
|
|switch|p2a: Aegislash.|Doublade, F|322\/322
|move|p1a: Sylveon|Hyper Voice|p2a: Aegislash.
|-resisted|p2a: Aegislash.
|-damage|p2a: Aegislash.|217\/322
|
|turn|9
|
|switch|p1a: Landorus-Therian|Landorus-Therian, M|382\/382
|-ability|p1a: Landorus-Therian|Intimidate|[of] p2a: Aegislash.
|-unboost|p2a: Aegislash.|atk|1
|move|p2a: Aegislash.|Gyro Ball|p1a: Landorus-Therian
|-damage|p1a: Landorus-Therian|325\/382
|
|-heal|p1a: Landorus-Therian|348\/382|[from] item: Leftovers
|turn|10
|
|switch|p2a: Honchkrow.|Mandibuzz, F|423\/423
|move|p1a: Landorus-Therian|U-turn|p2a: Honchkrow.
|-damage|p2a: Honchkrow.|364\/423
|
|switch|p1a: Sylveon|Sylveon, F|391\/391
|
|-heal|p2a: Honchkrow.|390\/423|[from] item: Leftovers
|turn|11
|
|switch|p2a: Aegislash.|Doublade, F|217\/322
|switch|p1a: Bisharp|Bisharp, F|272\/272
|
|turn|12
|
|move|p1a: Bisharp|Knock Off|p2a: Aegislash.
|-crit|p2a: Aegislash.
|-supereffective|p2a: Aegislash.
|-damage|p2a: Aegislash.|0 fnt
|-enditem|p2a: Aegislash.|Eviolite|[from] move: Knock Off|[of] p1a: Bisharp
|faint|p2a: Aegislash.
|
|
|switch|p2a: Starmie.|Slowbro, M|394\/394
|turn|13
|
|switch|p1a: Sylveon|Sylveon, F|391\/391
|switch|p2a: Wobbuffet.|Gothitelle, F|15\/301
|
|turn|14
|
|move|p2a: Wobbuffet.|Trick|p1a: Sylveon
|-activate|p2a: Wobbuffet.|move: Trick|[of] p1a: Sylveon
|-item|p1a: Sylveon|Choice Scarf|[from] move: Trick
|-item|p2a: Wobbuffet.|Choice Specs|[from] move: Trick
|move|p1a: Sylveon|Hyper Voice|p2a: Wobbuffet.
|-damage|p2a: Wobbuffet.|0 fnt
|faint|p2a: Wobbuffet.
|
|
|switch|p2a: Blissey.|Chansey, F|351\/642
|turn|15
|
|switch|p1a: Gallade|Gallade, M|278\/278
|move|p2a: Blissey.|Soft-Boiled|p2a: Blissey.
|-heal|p2a: Blissey.|642\/642
|
|turn|16
|
|switch|p2a: Starmie.|Slowbro, M|394\/394
|move|p1a: Gallade|Swords Dance|p1a: Gallade
|-boost|p1a: Gallade|atk|2
|
|turn|17
|
|detailschange|p1a: Gallade|Gallade-Mega, M
|-mega|p1a: Gallade|Gallade|Galladite
|detailschange|p2a: Starmie.|Slowbro-Mega, M
|-mega|p2a: Starmie.|Slowbro|Slowbronite
|move|p1a: Gallade|Knock Off|p2a: Starmie.
|-supereffective|p2a: Starmie.
|-damage|p2a: Starmie.|216\/394
|move|p2a: Starmie.|Scald|p1a: Gallade
|-damage|p1a: Gallade|179\/278
|
|turn|18
|
|move|p1a: Gallade|Swords Dance|p1a: Gallade
|-boost|p1a: Gallade|atk|2
|move|p2a: Starmie.|Scald|p1a: Gallade
|-damage|p1a: Gallade|64\/278
|
|turn|19
|
|switch|p2a: Swampert.|Quagsire, M|370\/394
|move|p1a: Gallade|Knock Off|p2a: Swampert.
|-damage|p2a: Swampert.|297\/394
|
|turn|20
|
|move|p1a: Gallade|Close Combat|p2a: Swampert.
|-damage|p2a: Swampert.|75\/394
|-unboost|p1a: Gallade|def|1
|-unboost|p1a: Gallade|spd|1
|move|p2a: Swampert.|Haze|p2a: Swampert.
|-clearallboost
|
|turn|21
|
|move|p1a: Gallade|Close Combat|p2a: Swampert.
|-damage|p2a: Swampert.|0 fnt
|-unboost|p1a: Gallade|def|1
|-unboost|p1a: Gallade|spd|1
|faint|p2a: Swampert.
|
|
|switch|p2a: Starmie.|Slowbro-Mega, M|216\/394
|turn|22
|
|move|p1a: Gallade|Swords Dance|p1a: Gallade
|-boost|p1a: Gallade|atk|2
|move|p2a: Starmie.|Slack Off|p2a: Starmie.
|-heal|p2a: Starmie.|394\/394
|
|turn|23
|
|move|p1a: Gallade|Knock Off|p2a: Starmie.
|-supereffective|p2a: Starmie.
|-damage|p2a: Starmie.|206\/394
|move|p2a: Starmie.|Scald|p1a: Gallade
|-damage|p1a: Gallade|0 fnt
|faint|p1a: Gallade
|
|
|switch|p1a: Bisharp|Bisharp, F|272\/272
|turn|24
|
|switch|p2a: Honchkrow.|Mandibuzz, F|390\/423
|move|p1a: Bisharp|Swords Dance|p1a: Bisharp
|-boost|p1a: Bisharp|atk|2
|
|-heal|p2a: Honchkrow.|416\/423|[from] item: Leftovers
|turn|25
|
|move|p1a: Bisharp|Iron Head|p2a: Honchkrow.
|-damage|p2a: Honchkrow.|214\/423
|move|p2a: Honchkrow.|Foul Play|p1a: Bisharp
|-resisted|p1a: Bisharp
|-damage|p1a: Bisharp|100\/272
|
|-heal|p2a: Honchkrow.|240\/423|[from] item: Leftovers
|turn|26
|
|switch|p1a: Rotom-Wash|Rotom-Wash|266\/304 tox
|move|p2a: Honchkrow.|Foul Play|p1a: Rotom-Wash
|-damage|p1a: Rotom-Wash|223\/304 tox
|
|-heal|p1a: Rotom-Wash|242\/304 tox|[from] item: Leftovers
|-heal|p2a: Honchkrow.|266\/423|[from] item: Leftovers
|-damage|p1a: Rotom-Wash|223\/304 tox|[from] psn
|turn|27
|
|move|p1a: Rotom-Wash|Will-O-Wisp|p2a: Honchkrow.|[miss]
|-miss|p1a: Rotom-Wash|p2a: Honchkrow.
|move|p2a: Honchkrow.|Roost|p2a: Honchkrow.
|-heal|p2a: Honchkrow.|423\/423
|
|-heal|p1a: Rotom-Wash|242\/304 tox|[from] item: Leftovers
|-damage|p1a: Rotom-Wash|204\/304 tox|[from] psn
|turn|28
|
|switch|p2a: Blissey.|Chansey, F|642\/642
|move|p1a: Rotom-Wash|Volt Switch|p2a: Blissey.
|-damage|p2a: Blissey.|579\/642
|
|switch|p1a: Azumarill|Azumarill, M|364\/364
|
|turn|29
|
|switch|p2a: Honchkrow.|Mandibuzz, F|423\/423
|move|p1a: Azumarill|Belly Drum|p1a: Azumarill
|-damage|p1a: Azumarill|182\/364
|-setboost|p1a: Azumarill|atk|6|[from] move: Belly Drum
|-enditem|p1a: Azumarill|Sitrus Berry|[eat]
|-heal|p1a: Azumarill|273\/364|[from] item: Sitrus Berry
|
|turn|30
|
|move|p2a: Honchkrow.|Foul Play|p1a: Azumarill
|-resisted|p1a: Azumarill
|-damage|p1a: Azumarill|12\/364
|move|p1a: Azumarill|Play Rough|p2a: Honchkrow.
|-supereffective|p2a: Honchkrow.
|-damage|p2a: Honchkrow.|0 fnt
|faint|p2a: Honchkrow.
|
|
|switch|p2a: Starmie.|Slowbro-Mega, M|206\/394
|turn|31
|
|move|p1a: Azumarill|Knock Off|p2a: Starmie.
|-supereffective|p2a: Starmie.
|-damage|p2a: Starmie.|0 fnt
|faint|p2a: Starmie.
|
|
|switch|p2a: Blissey.|Chansey, F|579\/642
|turn|32
|
|move|p1a: Azumarill|Play Rough|p2a: Blissey.
|-damage|p2a: Blissey.|0 fnt
|faint|p2a: Blissey.
|
|win|Moxicity
|raw|Ladder updating...
|raw|Moxicity's rating: 1436 &rarr; <strong>1463<\/strong><br \/>(+27 for winning)
|raw|Aegislash Returns's rating: 1559 &rarr; <strong>1532<\/strong><br \/>(-27 for losing)
|c|âAegislash Returns|gg
|c|âMoxicity|gg
|leave|Aegislash Returns
|player|p2