|join|Aegislash Returns
|join|gg fagget
|player|p1|Aegislash Returns|274
|player|p2|gg fagget|153
|gametype|singles
|gen|6
|tier|OU (suspect test)
|rated
|clearpoke
|poke|p1|Doublade, M
|poke|p1|Chansey, F
|poke|p1|Slowbro, F
|poke|p1|Gothitelle, F
|poke|p1|Mandibuzz, F
|poke|p1|Quagsire, F
|poke|p2|Mamoswine, F
|poke|p2|Charizard, F
|poke|p2|Keldeo
|poke|p2|Clefable, M
|poke|p2|Thundurus, M
|poke|p2|Mew, shiny
|rule|Swagger Clause: Swagger is banned
|rule|Baton Pass Clause: Limit one PokÃ©mon knowing Baton Pass
|rule|Sleep Clause Mod: Limit one foe put to sleep
|rule|Species Clause: Limit one of each PokÃ©mon
|rule|OHKO Clause: OHKO moves are banned
|rule|Moody Clause: Moody is banned
|rule|Evasion Moves Clause: Evasion moves are banned
|rule|Endless Battle Clause: Forcing endless battles is banned
|rule|HP Percentage Mod: HP is shown in percentages
|teampreview
|
|start
|switch|p1a: Swampert.|Quagsire, F|394\/394
|switch|p2a: Keldeo|Keldeo|323\/323
|turn|1
|
|switch|p1a: Starmie.|Slowbro, F|394\/394
|move|p2a: Keldeo|Scald|p1a: Starmie.
|-resisted|p1a: Starmie.
|-damage|p1a: Starmie.|256\/394
|
|turn|2
|
|switch|p2a: Thundurus|Thundurus, M|300\/300
|move|p1a: Starmie.|Scald|p2a: Thundurus
|-damage|p2a: Thundurus|182\/300
|
|turn|3
|
|switch|p2a: Keldeo|Keldeo|323\/323
|switch|p1a: Swampert.|Quagsire, F|394\/394
|
|turn|4
|
|switch|p1a: Starmie.|Slowbro, F|387\/394
|move|p2a: Keldeo|Scald|p1a: Starmie.
|-resisted|p1a: Starmie.
|-damage|p1a: Starmie.|270\/394
|
|turn|5
|
|move|p2a: Keldeo|Scald|p1a: Starmie.
|-resisted|p1a: Starmie.
|-damage|p1a: Starmie.|143\/394
|move|p1a: Starmie.|Psyshock|p2a: Keldeo
|-supereffective|p2a: Keldeo
|-damage|p2a: Keldeo|113\/323
|
|turn|6
|
|switch|p2a: Clefable|Clefable, M|394\/394
|switch|p1a: Blissey.|Chansey, F|642\/642
|
|turn|7
|
|switch|p2a: Charizard|Charizard, F|333\/333
|move|p1a: Blissey.|Stealth Rock|p2a: Charizard
|-sidestart|p2: gg fagget|move: Stealth Rock
|
|turn|8
|
|switch|p1a: Swampert.|Quagsire, F|394\/394
|move|p2a: Charizard|Dragon Dance|p2a: Charizard
|-boost|p2a: Charizard|atk|1
|-boost|p2a: Charizard|spe|1
|
|turn|9
|
|detailschange|p2a: Charizard|Charizard-Mega-X, F
|-mega|p2a: Charizard|Charizard|Charizardite X
|move|p2a: Charizard|Dragon Claw|p1a: Swampert.
|-damage|p1a: Swampert.|235\/394
|move|p1a: Swampert.|Toxic|p2a: Charizard
|-status|p2a: Charizard|tox
|
|-heal|p1a: Swampert.|259\/394|[from] item: Leftovers
|-damage|p2a: Charizard|313\/333 tox|[from] psn
|turn|10
|
|switch|p2a: Mew|Mew, shiny|404\/404
|-damage|p2a: Mew|354\/404|[from] Stealth Rock
|move|p1a: Swampert.|Recover|p1a: Swampert.
|-heal|p1a: Swampert.|394\/394
|
|-heal|p2a: Mew|379\/404|[from] item: Leftovers
|turn|11
|
|move|p2a: Mew|Knock Off|p1a: Swampert.
|-damage|p1a: Swampert.|330\/394
|-enditem|p1a: Swampert.|Leftovers|[from] move: Knock Off|[of] p2a: Mew
|move|p1a: Swampert.|Toxic|p2a: Mew
|-status|p2a: Mew|tox
|-status|p1a: Swampert.|tox
|
|-heal|p2a: Mew|404\/404 tox|[from] item: Leftovers
|-damage|p2a: Mew|379\/404 tox|[from] psn
|-damage|p1a: Swampert.|306\/394 tox|[from] psn
|turn|12
|
|switch|p1a: Wobbuffet.|Gothitelle, F|301\/301
|move|p2a: Mew|Soft-Boiled|p2a: Mew
|-heal|p2a: Mew|404\/404 tox
|
|-damage|p2a: Mew|354\/404 tox|[from] psn
|turn|13
|
|move|p1a: Wobbuffet.|Trick|p2a: Mew
|-activate|p1a: Wobbuffet.|move: Trick|[of] p2a: Mew
|-item|p2a: Mew|Choice Scarf|[from] move: Trick
|-item|p1a: Wobbuffet.|Leftovers|[from] move: Trick
|move|p2a: Mew|Knock Off|p1a: Wobbuffet.
|-supereffective|p1a: Wobbuffet.
|-damage|p1a: Wobbuffet.|147\/301
|-enditem|p1a: Wobbuffet.|Leftovers|[from] move: Knock Off|[of] p2a: Mew
|
|-damage|p2a: Mew|279\/404 tox|[from] psn
|turn|14
|
|move|p2a: Mew|Knock Off|p1a: Wobbuffet.
|-supereffective|p1a: Wobbuffet.
|-damage|p1a: Wobbuffet.|45\/301
|move|p1a: Wobbuffet.|Rest|p1a: Wobbuffet.
|-status|p1a: Wobbuffet.|slp
|-heal|p1a: Wobbuffet.|301\/301 slp|[silent]
|-status|p1a: Wobbuffet.|slp|[from] move: Rest
|
|-damage|p2a: Mew|179\/404 tox|[from] psn
|turn|15
|
|move|p2a: Mew|Knock Off|p1a: Wobbuffet.
|-supereffective|p1a: Wobbuffet.
|-damage|p1a: Wobbuffet.|195\/301 slp
|cant|p1a: Wobbuffet.|slp
|
|-damage|p2a: Mew|54\/404 tox|[from] psn
|turn|16
|
|switch|p1a: Starmie.|Slowbro, F|274\/394
|move|p2a: Mew|Knock Off|p1a: Starmie.
|-supereffective|p1a: Starmie.
|-damage|p1a: Starmie.|210\/394
|
|-damage|p2a: Mew|0 fnt|[from] psn
|faint|p2a: Mew
|
|switch|p2a: Clefable|Clefable, M|394\/394
|turn|17
|
|move|p2a: Clefable|Calm Mind|p2a: Clefable
|-boost|p2a: Clefable|spa|1
|-boost|p2a: Clefable|spd|1
|move|p1a: Starmie.|Calm Mind|p1a: Starmie.
|-boost|p1a: Starmie.|spa|1
|-boost|p1a: Starmie.|spd|1
|
|turn|18
|
|move|p2a: Clefable|Calm Mind|p2a: Clefable
|-boost|p2a: Clefable|spa|1
|-boost|p2a: Clefable|spd|1
|move|p1a: Starmie.|Slack Off|p1a: Starmie.
|-heal|p1a: Starmie.|394\/394
|
|turn|19
|
|move|p2a: Clefable|Calm Mind|p2a: Clefable
|-boost|p2a: Clefable|spa|1
|-boost|p2a: Clefable|spd|1
|move|p1a: Starmie.|Calm Mind|p1a: Starmie.
|-boost|p1a: Starmie.|spa|1
|-boost|p1a: Starmie.|spd|1
|
|turn|20
|
|move|p2a: Clefable|Calm Mind|p2a: Clefable
|-boost|p2a: Clefable|spa|1
|-boost|p2a: Clefable|spd|1
|move|p1a: Starmie.|Calm Mind|p1a: Starmie.
|-boost|p1a: Starmie.|spa|1
|-boost|p1a: Starmie.|spd|1
|
|turn|21
|
|detailschange|p1a: Starmie.|Slowbro-Mega, F
|-mega|p1a: Starmie.|Slowbro|Slowbronite
|move|p2a: Clefable|Moonblast|p1a: Starmie.
|-damage|p1a: Starmie.|252\/394
|-unboost|p1a: Starmie.|spa|1
|move|p1a: Starmie.|Psyshock|p2a: Clefable
|-damage|p2a: Clefable|183\/394
|
|-heal|p2a: Clefable|207\/394|[from] item: Leftovers
|turn|22
|
|move|p2a: Clefable|Moonblast|p1a: Starmie.
|-damage|p1a: Starmie.|101\/394
|move|p1a: Starmie.|Calm Mind|p1a: Starmie.
|-boost|p1a: Starmie.|spa|1
|-boost|p1a: Starmie.|spd|1
|
|-heal|p2a: Clefable|231\/394|[from] item: Leftovers
|turn|23
|
|move|p2a: Clefable|Moonblast|p1a: Starmie.
|-damage|p1a: Starmie.|0 fnt
|faint|p1a: Starmie.
|
|-heal|p2a: Clefable|255\/394|[from] item: Leftovers
|
|switch|p1a: Blissey.|Chansey, F|642\/642
|turn|24
|
|move|p2a: Clefable|Calm Mind|p2a: Clefable
|-boost|p2a: Clefable|spa|1
|-boost|p2a: Clefable|spd|1
|move|p1a: Blissey.|Seismic Toss|p2a: Clefable
|-damage|p2a: Clefable|155\/394
|
|-heal|p2a: Clefable|179\/394|[from] item: Leftovers
|turn|25
|
|move|p2a: Clefable|Soft-Boiled|p2a: Clefable
|-heal|p2a: Clefable|376\/394
|move|p1a: Blissey.|Heal Bell|p1a: Blissey.
|-cureteam|p1a: Blissey.|[from] move: HealBell
|
|-heal|p2a: Clefable|394\/394|[from] item: Leftovers
|turn|26
|
|switch|p1a: Swampert.|Quagsire, F|306\/394
|move|p2a: Clefable|Moonblast|p1a: Swampert.
|-damage|p1a: Swampert.|141\/394
|
|turn|27
|
|switch|p1a: Blissey.|Chansey, F|642\/642
|move|p2a: Clefable|Moonblast|p1a: Blissey.
|-damage|p1a: Blissey.|450\/642
|-unboost|p1a: Blissey.|spa|1
|
|turn|28
|
|move|p2a: Clefable|Calm Mind|p2a: Clefable
|-boost|p2a: Clefable|spa|1
|-boost|p2a: Clefable|spd|1
|move|p1a: Blissey.|Seismic Toss|p2a: Clefable
|-damage|p2a: Clefable|294\/394
|
|-heal|p2a: Clefable|318\/394|[from] item: Leftovers
|turn|29
|
|move|p2a: Clefable|Flamethrower|p1a: Blissey.
|-damage|p1a: Blissey.|300\/642
|move|p1a: Blissey.|Soft-Boiled|p1a: Blissey.
|-heal|p1a: Blissey.|621\/642
|
|-heal|p2a: Clefable|342\/394|[from] item: Leftovers
|turn|30
|
|move|p2a: Clefable|Moonblast|p1a: Blissey.
|-damage|p1a: Blissey.|395\/642
|move|p1a: Blissey.|Seismic Toss|p2a: Clefable
|-damage|p2a: Clefable|242\/394
|
|-heal|p2a: Clefable|266\/394|[from] item: Leftovers
|turn|31
|
|move|p2a: Clefable|Moonblast|p1a: Blissey.
|-crit|p1a: Blissey.
|-damage|p1a: Blissey.|91\/642
|move|p1a: Blissey.|Soft-Boiled|p1a: Blissey.
|-heal|p1a: Blissey.|412\/642
|
|-heal|p2a: Clefable|290\/394|[from] item: Leftovers
|turn|32
|
|move|p2a: Clefable|Moonblast|p1a: Blissey.
|-damage|p1a: Blissey.|183\/642
|move|p1a: Blissey.|Soft-Boiled|p1a: Blissey.
|-heal|p1a: Blissey.|504\/642
|
|-heal|p2a: Clefable|314\/394|[from] item: Leftovers
|turn|33
|
|move|p2a: Clefable|Moonblast|p1a: Blissey.
|-damage|p1a: Blissey.|290\/642
|move|p1a: Blissey.|Soft-Boiled|p1a: Blissey.
|-heal|p1a: Blissey.|611\/642
|
|-heal|p2a: Clefable|338\/394|[from] item: Leftovers
|turn|34
|
|move|p2a: Clefable|Flamethrower|p1a: Blissey.
|-damage|p1a: Blissey.|469\/642
|move|p1a: Blissey.|Seismic Toss|p2a: Clefable
|-damage|p2a: Clefable|238\/394
|
|-heal|p2a: Clefable|262\/394|[from] item: Leftovers
|turn|35
|
|move|p2a: Clefable|Flamethrower|p1a: Blissey.
|-damage|p1a: Blissey.|319\/642
|move|p1a: Blissey.|Seismic Toss|p2a: Clefable
|-damage|p2a: Clefable|162\/394
|
|-heal|p2a: Clefable|186\/394|[from] item: Leftovers
|turn|36
|
|switch|p1a: Wobbuffet.|Gothitelle, F|195\/301
|move|p2a: Clefable|Soft-Boiled|p2a: Clefable
|-heal|p2a: Clefable|383\/394
|
|-heal|p2a: Clefable|394\/394|[from] item: Leftovers
|turn|37
|
|move|p1a: Wobbuffet.|Trick|p2a: Clefable
|-activate|p1a: Wobbuffet.|move: Trick|[of] p2a: Clefable
|-item|p1a: Wobbuffet.|Leftovers|[from] move: Trick
|move|p2a: Clefable|Moonblast|p1a: Wobbuffet.
|-damage|p1a: Wobbuffet.|0 fnt
|faint|p1a: Wobbuffet.
|
|
|switch|p1a: Blissey.|Chansey, F|319\/642
|turn|38
|
|move|p2a: Clefable|Moonblast|p1a: Blissey.
|-damage|p1a: Blissey.|100\/642
|-unboost|p1a: Blissey.|spa|1
|move|p1a: Blissey.|Soft-Boiled|p1a: Blissey.
|-heal|p1a: Blissey.|421\/642
|
|turn|39
|
|move|p2a: Clefable|Moonblast|p1a: Blissey.
|-damage|p1a: Blissey.|187\/642
|move|p1a: Blissey.|Soft-Boiled|p1a: Blissey.
|-heal|p1a: Blissey.|508\/642
|
|turn|40
|
|move|p2a: Clefable|Flamethrower|p1a: Blissey.
|-damage|p1a: Blissey.|370\/642
|-status|p1a: Blissey.|brn
|move|p1a: Blissey.|Soft-Boiled|p1a: Blissey.
|-heal|p1a: Blissey.|642\/642 brn
|
|-damage|p1a: Blissey.|562\/642 brn|[from] brn
|turn|41
|
|move|p2a: Clefable|Moonblast|p1a: Blissey.
|-damage|p1a: Blissey.|331\/642 brn
|move|p1a: Blissey.|Heal Bell|p1a: Blissey.
|-cureteam|p1a: Blissey.|[from] move: HealBell
|
|turn|42
|
|move|p2a: Clefable|Flamethrower|p1a: Blissey.
|-damage|p1a: Blissey.|183\/642
|-status|p1a: Blissey.|brn
|move|p1a: Blissey.|Soft-Boiled|p1a: Blissey.
|-heal|p1a: Blissey.|504\/642 brn
|
|-damage|p1a: Blissey.|424\/642 brn|[from] brn
|turn|43
|-message|Aegislash Returns forfeited.
|
|win|gg fagget
|raw|Ladder updating...
|leave|Aegislash Returns
|player|p1
|raw|Aegislash Returns's rating: 1516 &rarr; <strong>1489<\/strong><br \/>(-27 for losing)
|raw|gg fagget's rating: 1402 &rarr; <strong>1429<\/strong><br \/>(+27 for winning)