|join|Aegislash Returns
|join|RoasterthanRotomH
|player|p1|Aegislash Returns|274
|player|p2|RoasterthanRotomH|291
|gametype|singles
|gen|6
|tier|OU (suspect test)
|rated
|clearpoke
|poke|p1|Doublade, M
|poke|p1|Chansey, F
|poke|p1|Slowbro, F
|poke|p1|Gothitelle, M
|poke|p1|Mandibuzz, F
|poke|p1|Quagsire, M
|poke|p2|Venusaur, M
|poke|p2|Keldeo-Resolute
|poke|p2|Bisharp, F
|poke|p2|Heatran, F
|poke|p2|Skarmory, F
|poke|p2|Landorus-Therian, M
|rule|Swagger Clause: Swagger is banned
|rule|Baton Pass Clause: Limit one PokÃ©mon knowing Baton Pass
|rule|Sleep Clause Mod: Limit one foe put to sleep
|rule|Species Clause: Limit one of each PokÃ©mon
|rule|OHKO Clause: OHKO moves are banned
|rule|Moody Clause: Moody is banned
|rule|Evasion Moves Clause: Evasion moves are banned
|rule|Endless Battle Clause: Forcing endless battles is banned
|rule|HP Percentage Mod: HP is shown in percentages
|teampreview
|
|start
|switch|p1a: Starmie.|Slowbro, F|394\/394
|switch|p2a: Landorus-Therian|Landorus-Therian, M|320\/320
|-ability|p2a: Landorus-Therian|Intimidate|[of] p1a: Starmie.
|-unboost|p1a: Starmie.|atk|1
|turn|1
|
|move|p2a: Landorus-Therian|U-turn|p1a: Starmie.
|-supereffective|p1a: Starmie.
|-damage|p1a: Starmie.|280\/394
|
|switch|p2a: Venusaur|Venusaur, M|340\/340
|move|p1a: Starmie.|Calm Mind|p1a: Starmie.
|-boost|p1a: Starmie.|spa|1
|-boost|p1a: Starmie.|spd|1
|
|turn|2
|
|detailschange|p2a: Venusaur|Venusaur-Mega, M
|-mega|p2a: Venusaur|Venusaur|Venusaurite
|move|p2a: Venusaur|Giga Drain|p1a: Starmie.
|-supereffective|p1a: Starmie.
|-damage|p1a: Starmie.|40\/394
|move|p1a: Starmie.|Psyshock|p2a: Venusaur
|-supereffective|p2a: Venusaur
|-damage|p2a: Venusaur|100\/340
|
|turn|3
|
|switch|p1a: Aegislash.|Doublade, M|322\/322
|move|p2a: Venusaur|Sludge Bomb|p1a: Aegislash.
|-immune|p1a: Aegislash.|[msg]
|
|turn|4
|
|switch|p1a: Wobbuffet.|Gothitelle, M|301\/301
|move|p2a: Venusaur|Synthesis|p2a: Venusaur
|-heal|p2a: Venusaur|270\/340
|
|turn|5
|
|move|p1a: Wobbuffet.|Psyshock|p2a: Venusaur
|-supereffective|p2a: Venusaur
|-damage|p2a: Venusaur|90\/340
|move|p2a: Venusaur|Giga Drain|p1a: Wobbuffet.
|-damage|p1a: Wobbuffet.|172\/301
|-heal|p2a: Venusaur|155\/340|[from] drain|[of] p1a: Wobbuffet.
|
|turn|6
|
|move|p1a: Wobbuffet.|Psyshock|p2a: Venusaur
|-supereffective|p2a: Venusaur
|-damage|p2a: Venusaur|0 fnt
|faint|p2a: Venusaur
|
|
|switch|p2a: Bisharp|Bisharp, F|291\/291
|turn|7
|
|move|p2a: Bisharp|Pursuit|p1a: Wobbuffet.|[from]Pursuit
|-supereffective|p1a: Wobbuffet.
|-damage|p1a: Wobbuffet.|0 fnt
|-damage|p2a: Bisharp|262\/291|[from] item: Life Orb
|faint|p1a: Wobbuffet.
|
|
|switch|p1a: Swampert.|Quagsire, M|394\/394
|turn|8
|
|switch|p2a: Keldeo-Resolute|Keldeo-Resolute|323\/323
|move|p1a: Swampert.|Scald|p2a: Keldeo-Resolute
|-resisted|p2a: Keldeo-Resolute
|-damage|p2a: Keldeo-Resolute|287\/323
|
|turn|9
|
|move|p2a: Keldeo-Resolute|Hydro Pump|p1a: Swampert.
|-damage|p1a: Swampert.|6\/394
|move|p1a: Swampert.|Recover|p1a: Swampert.
|-heal|p1a: Swampert.|203\/394
|
|-heal|p1a: Swampert.|227\/394|[from] item: Leftovers
|turn|10
|
|switch|p2a: Bisharp|Bisharp, F|262\/291
|switch|p1a: Blissey.|Chansey, F|642\/642
|
|turn|11
|
|switch|p1a: Honchkrow.|Mandibuzz, F|423\/423
|move|p2a: Bisharp|Knock Off|p1a: Honchkrow.
|-resisted|p1a: Honchkrow.
|-damage|p1a: Honchkrow.|323\/423
|-enditem|p1a: Honchkrow.|Leftovers|[from] move: Knock Off|[of] p2a: Bisharp
|-damage|p2a: Bisharp|233\/291|[from] item: Life Orb
|
|turn|12
|
|move|p2a: Bisharp|Iron Head|p1a: Honchkrow.
|-damage|p1a: Honchkrow.|159\/423
|-damage|p2a: Bisharp|204\/291|[from] item: Life Orb
|move|p1a: Honchkrow.|Toxic|p2a: Bisharp
|-fail|p2a: Bisharp
|
|turn|13
|
|move|p2a: Bisharp|Iron Head|p1a: Honchkrow.
|-damage|p1a: Honchkrow.|19\/423
|-damage|p2a: Bisharp|175\/291|[from] item: Life Orb
|move|p1a: Honchkrow.|Roost|p1a: Honchkrow.
|-heal|p1a: Honchkrow.|231\/423
|
|turn|14
|
|switch|p1a: Swampert.|Quagsire, M|227\/394
|move|p2a: Bisharp|Iron Head|p1a: Swampert.
|-resisted|p1a: Swampert.
|-damage|p1a: Swampert.|141\/394
|-damage|p2a: Bisharp|146\/291|[from] item: Life Orb
|
|-heal|p1a: Swampert.|165\/394|[from] item: Leftovers
|turn|15
|
|switch|p1a: Honchkrow.|Mandibuzz, F|231\/423
|move|p2a: Bisharp|Knock Off|p1a: Honchkrow.
|-resisted|p1a: Honchkrow.
|-damage|p1a: Honchkrow.|171\/423
|-damage|p2a: Bisharp|117\/291|[from] item: Life Orb
|
|turn|16
|
|switch|p2a: Keldeo-Resolute|Keldeo-Resolute|287\/323
|move|p1a: Honchkrow.|Foul Play|p2a: Keldeo-Resolute
|-resisted|p2a: Keldeo-Resolute
|-damage|p2a: Keldeo-Resolute|247\/323
|-boost|p2a: Keldeo-Resolute|atk|1|[from] ability: Justified
|
|turn|17
|
|move|p2a: Keldeo-Resolute|Scald|p1a: Honchkrow.
|-damage|p1a: Honchkrow.|0 fnt
|faint|p1a: Honchkrow.
|
|
|switch|p1a: Starmie.|Slowbro, F|171\/394
|turn|18
|
|switch|p2a: Heatran|Heatran, F|386\/386
|move|p1a: Starmie.|Slack Off|p1a: Starmie.
|-heal|p1a: Starmie.|368\/394
|
|turn|19
|
|move|p1a: Starmie.|Calm Mind|p1a: Starmie.
|-boost|p1a: Starmie.|spa|1
|-boost|p1a: Starmie.|spd|1
|move|p2a: Heatran|Roar|p1a: Starmie.
|drag|p1a: Blissey.|Chansey, F|642\/642
|
|turn|20
|
|move|p2a: Heatran|Stealth Rock|p1a: Blissey.
|-sidestart|p1: Aegislash Returns|move: Stealth Rock
|move|p1a: Blissey.|Seismic Toss|p2a: Heatran
|-damage|p2a: Heatran|286\/386
|
|-heal|p2a: Heatran|310\/386|[from] item: Leftovers
|turn|21
|
|move|p2a: Heatran|Lava Plume|p1a: Blissey.
|-damage|p1a: Blissey.|579\/642
|move|p1a: Blissey.|Seismic Toss|p2a: Heatran
|-damage|p2a: Heatran|210\/386
|
|-heal|p2a: Heatran|234\/386|[from] item: Leftovers
|turn|22
|
|switch|p1a: Starmie.|Slowbro, F|394\/394
|-damage|p1a: Starmie.|345\/394|[from] Stealth Rock
|move|p2a: Heatran|Roar|p1a: Starmie.
|drag|p1a: Blissey.|Chansey, F|579\/642
|-damage|p1a: Blissey.|499\/642|[from] Stealth Rock
|
|-heal|p2a: Heatran|258\/386|[from] item: Leftovers
|turn|23
|
|move|p1a: Blissey.|Seismic Toss|p2a: Heatran
|-damage|p2a: Heatran|158\/386
|move|p2a: Heatran|Roar|p1a: Blissey.
|drag|p1a: Aegislash.|Doublade, M|322\/322
|-damage|p1a: Aegislash.|302\/322|[from] Stealth Rock
|
|-heal|p2a: Heatran|182\/386|[from] item: Leftovers
|turn|24
|
|switch|p1a: Blissey.|Chansey, F|499\/642
|-damage|p1a: Blissey.|419\/642|[from] Stealth Rock
|move|p2a: Heatran|Lava Plume|p1a: Blissey.
|-damage|p1a: Blissey.|355\/642
|
|-heal|p2a: Heatran|206\/386|[from] item: Leftovers
|turn|25
|
|move|p2a: Heatran|Protect|p2a: Heatran
|-singleturn|p2a: Heatran|Protect
|move|p1a: Blissey.|Seismic Toss|p2a: Heatran
|-activate|p2a: Heatran|Protect
|
|-heal|p2a: Heatran|230\/386|[from] item: Leftovers
|turn|26
|
|switch|p2a: Landorus-Therian|Landorus-Therian, M|320\/320
|-ability|p2a: Landorus-Therian|Intimidate|[of] p1a: Blissey.
|-unboost|p1a: Blissey.|atk|1
|move|p1a: Blissey.|Soft-Boiled|p1a: Blissey.
|-heal|p1a: Blissey.|642\/642
|
|turn|27
|
|switch|p1a: Starmie.|Slowbro, F|394\/394
|-damage|p1a: Starmie.|345\/394|[from] Stealth Rock
|move|p2a: Landorus-Therian|U-turn|p1a: Starmie.
|-supereffective|p1a: Starmie.
|-damage|p1a: Starmie.|223\/394
|
|switch|p2a: Bisharp|Bisharp, F|117\/291
|
|turn|28
|
|move|p2a: Bisharp|Knock Off|p1a: Starmie.
|-supereffective|p1a: Starmie.
|-damage|p1a: Starmie.|0 fnt
|-damage|p2a: Bisharp|88\/291|[from] item: Life Orb
|faint|p1a: Starmie.
|
|
|switch|p1a: Swampert.|Quagsire, M|165\/394
|-damage|p1a: Swampert.|141\/394|[from] Stealth Rock
|turn|29
|
|move|p2a: Bisharp|Knock Off|p1a: Swampert.
|-damage|p1a: Swampert.|0 fnt
|-enditem|p1a: Swampert.|Leftovers|[from] move: Knock Off|[of] p2a: Bisharp
|-damage|p2a: Bisharp|59\/291|[from] item: Life Orb
|faint|p1a: Swampert.
|
|-message|Aegislash Returns forfeited.
|
|win|RoasterthanRotomH
|raw|Ladder updating...
|leave|Aegislash Returns
|player|p1
|raw|Aegislash Returns's rating: 1405 &rarr; <strong>1379<\/strong><br \/>(-26 for losing)
|raw|RoasterthanRotomH's rating: 1297 &rarr; <strong>1329<\/strong><br \/>(+32 for winning)