|join|Aegislash Returns
|join|oijoijoijoij
|player|p1|Aegislash Returns|274
|player|p2|oijoijoijoij|29
|gametype|singles
|gen|6
|tier|OU (suspect test)
|rated
|clearpoke
|poke|p1|Doublade, F
|poke|p1|Chansey, F
|poke|p1|Slowbro, F
|poke|p1|Gothitelle, F
|poke|p1|Mandibuzz, F
|poke|p1|Quagsire, M
|poke|p2|Shuckle, F, shiny
|poke|p2|Bisharp, F, shiny
|poke|p2|Thundurus, M, shiny
|poke|p2|Heracross, F, shiny
|poke|p2|Latias, F
|poke|p2|Heatran, M
|rule|Swagger Clause: Swagger is banned
|rule|Baton Pass Clause: Limit one PokÃ©mon knowing Baton Pass
|rule|Sleep Clause Mod: Limit one foe put to sleep
|rule|Species Clause: Limit one of each PokÃ©mon
|rule|OHKO Clause: OHKO moves are banned
|rule|Moody Clause: Moody is banned
|rule|Evasion Moves Clause: Evasion moves are banned
|rule|Endless Battle Clause: Forcing endless battles is banned
|rule|HP Percentage Mod: HP is shown in percentages
|teampreview
|
|start
|switch|p1a: Swampert.|Quagsire, M|394\/394
|switch|p2a: funkle|Shuckle, F, shiny|244\/244
|turn|1
|
|move|p1a: Swampert.|Toxic|p2a: funkle
|-status|p2a: funkle|tox
|move|p2a: funkle|Encore|p1a: Swampert.
|-start|p1a: Swampert.|Encore
|
|-damage|p2a: funkle|229\/244 tox|[from] psn
|turn|2
|
|switch|p1a: Wobbuffet.|Gothitelle, F|301\/301
|move|p2a: funkle|Stealth Rock|p1a: Wobbuffet.
|-sidestart|p1: Aegislash Returns|move: Stealth Rock
|
|-damage|p2a: funkle|199\/244 tox|[from] psn
|turn|3
|join|bowser1
|
|move|p1a: Wobbuffet.|Psyshock|p2a: funkle
|-damage|p2a: funkle|156\/244 tox
|move|p2a: funkle|Sticky Web|p1a: Wobbuffet.
|-sidestart|p1: Aegislash Returns|move: Sticky Web
|
|-damage|p2a: funkle|111\/244 tox|[from] psn
|turn|4
|leave|bowser1
|
|switch|p1a: Honchkrow.|Mandibuzz, F|423\/423
|-damage|p1a: Honchkrow.|318\/423|[from] Stealth Rock
|move|p2a: funkle|Infestation|p1a: Honchkrow.
|-damage|p1a: Honchkrow.|312\/423
|-activate|p1a: Honchkrow.|move: Infestation|[of] p2a: funkle
|
|-heal|p1a: Honchkrow.|338\/423|[from] item: Leftovers
|-damage|p2a: funkle|51\/244 tox|[from] psn
|-damage|p1a: Honchkrow.|286\/423|[from] move: Infestation|[partiallytrapped]
|turn|5
|
|switch|p2a: kevin spacey|Bisharp, F, shiny|272\/272
|move|p1a: Honchkrow.|Defog|p2a: kevin spacey
|-unboost|p2a: kevin spacey|evasion|1
|-boost|p2a: kevin spacey|atk|2|[from] ability: Defiant
|-sideend|p1: Aegislash Returns|Stealth Rock|[from] move: Defog|[of] p1a: Honchkrow.
|-sideend|p1: Aegislash Returns|Sticky Web|[from] move: Defog|[of] p1a: Honchkrow.
|
|-heal|p1a: Honchkrow.|312\/423|[from] item: Leftovers
|-end|p1a: Honchkrow.|Infestation|[partiallytrapped]
|turn|6
|
|switch|p1a: Swampert.|Quagsire, M|394\/394
|move|p2a: kevin spacey|Knock Off|p1a: Swampert.
|-damage|p1a: Swampert.|226\/394
|-enditem|p1a: Swampert.|Leftovers|[from] move: Knock Off|[of] p2a: kevin spacey
|
|turn|7
|
|switch|p2a: la tia|Latias, F|319\/319
|move|p1a: Swampert.|Recover|p1a: Swampert.
|-heal|p1a: Swampert.|394\/394
|
|turn|8
|
|switch|p1a: Aegislash.|Doublade, F|322\/322
|move|p2a: la tia|Draco Meteor|p1a: Aegislash.
|-resisted|p1a: Aegislash.
|-damage|p1a: Aegislash.|236\/322
|-unboost|p2a: la tia|spa|2
|-damage|p2a: la tia|288\/319|[from] item: Life Orb
|
|turn|9
|
|move|p1a: Aegislash.|Pursuit|p2a: la tia|[from]Pursuit
|-supereffective|p2a: la tia
|-damage|p2a: la tia|144\/319
|switch|p2a: funkle|Shuckle, F, shiny|51\/244 tox
|
|-damage|p2a: funkle|36\/244 tox|[from] psn
|turn|10
|
|move|p1a: Aegislash.|Gyro Ball|p2a: funkle
|-supereffective|p2a: funkle
|-damage|p2a: funkle|18\/244 tox
|move|p2a: funkle|Sticky Web|p1a: Aegislash.
|-sidestart|p1: Aegislash Returns|move: Sticky Web
|
|-damage|p2a: funkle|0 fnt|[from] psn
|faint|p2a: funkle
|
|switch|p2a: kevin spacey|Bisharp, F, shiny|272\/272
|turn|11
|
|move|p2a: kevin spacey|Pursuit|p1a: Aegislash.
|-supereffective|p1a: Aegislash.
|-damage|p1a: Aegislash.|144\/322
|move|p1a: Aegislash.|Sacred Sword|p2a: kevin spacey
|-supereffective|p2a: kevin spacey
|-damage|p2a: kevin spacey|0 fnt
|faint|p2a: kevin spacey
|
|
|switch|p2a: buz|Heatran, M|323\/323
|turn|12
|
|switch|p1a: Blissey.|Chansey, F|642\/642
|-activate|p1a: Blissey.|move: Sticky Web
|-unboost|p1a: Blissey.|spe|1
|move|p2a: buz|Flamethrower|p1a: Blissey.
|-damage|p1a: Blissey.|549\/642
|-status|p1a: Blissey.|brn
|
|-damage|p1a: Blissey.|469\/642 brn|[from] brn
|turn|13
|
|switch|p2a: icloud|Thundurus, M, shiny|299\/299
|move|p1a: Blissey.|Stealth Rock|p2a: icloud
|-sidestart|p2: oijoijoijoij|move: Stealth Rock
|
|-damage|p1a: Blissey.|389\/642 brn|[from] brn
|turn|14
|
|switch|p1a: Swampert.|Quagsire, M|394\/394
|-activate|p1a: Swampert.|move: Sticky Web
|-unboost|p1a: Swampert.|spe|1
|move|p2a: icloud|Knock Off|p1a: Swampert.
|-damage|p1a: Swampert.|324\/394
|-damage|p2a: icloud|270\/299|[from] item: Life Orb
|
|turn|15
|
|switch|p2a: la tia|Latias, F|144\/319
|-damage|p2a: la tia|105\/319|[from] Stealth Rock
|move|p1a: Swampert.|Scald|p2a: la tia
|-resisted|p2a: la tia
|-damage|p2a: la tia|81\/319
|
|turn|16
|
|switch|p1a: Blissey.|Chansey, F|389\/642
|-activate|p1a: Blissey.|move: Sticky Web
|-unboost|p1a: Blissey.|spe|1
|move|p2a: la tia|Roost|p2a: la tia
|-heal|p2a: la tia|241\/319
|
|turn|17
|
|switch|p2a: critmut|Heracross, F, shiny|303\/303
|-damage|p2a: critmut|266\/303|[from] Stealth Rock
|move|p1a: Blissey.|Soft-Boiled|p1a: Blissey.
|-heal|p1a: Blissey.|642\/642
|
|turn|18
|
|switch|p1a: Aegislash.|Doublade, F|144\/322
|-activate|p1a: Aegislash.|move: Sticky Web
|-unboost|p1a: Aegislash.|spe|1
|detailschange|p2a: critmut|Heracross-Mega, F, shiny
|-mega|p2a: critmut|Heracross|Heracronite
|move|p2a: critmut|Close Combat|p1a: Aegislash.
|-immune|p1a: Aegislash.|[msg]
|
|turn|19
|
|move|p2a: critmut|Swords Dance|p2a: critmut
|-boost|p2a: critmut|atk|2
|move|p1a: Aegislash.|Gyro Ball|p2a: critmut
|-damage|p2a: critmut|86\/303
|
|turn|20
|
|move|p2a: critmut|Pin Missile|p1a: Aegislash.
|-resisted|p1a: Aegislash.
|-damage|p1a: Aegislash.|129\/322
|-resisted|p1a: Aegislash.
|-damage|p1a: Aegislash.|117\/322
|-crit|p1a: Aegislash.
|-resisted|p1a: Aegislash.
|-damage|p1a: Aegislash.|95\/322
|-resisted|p1a: Aegislash.
|-damage|p1a: Aegislash.|82\/322
|-resisted|p1a: Aegislash.
|-damage|p1a: Aegislash.|70\/322
|-hitcount|p1a: Aegislash.|5
|move|p1a: Aegislash.|Gyro Ball|p2a: critmut
|-damage|p2a: critmut|0 fnt
|faint|p2a: critmut
|
|
|switch|p2a: icloud|Thundurus, M, shiny|270\/299
|-damage|p2a: icloud|196\/299|[from] Stealth Rock
|turn|21
|
|switch|p1a: Swampert.|Quagsire, M|324\/394
|-activate|p1a: Swampert.|move: Sticky Web
|-unboost|p1a: Swampert.|spe|1
|move|p2a: icloud|Knock Off|p1a: Swampert.
|-crit|p1a: Swampert.
|-damage|p1a: Swampert.|223\/394
|-damage|p2a: icloud|167\/299|[from] item: Life Orb
|
|turn|22
|
|switch|p2a: la tia|Latias, F|241\/319
|-damage|p2a: la tia|202\/319|[from] Stealth Rock
|move|p1a: Swampert.|Recover|p1a: Swampert.
|-heal|p1a: Swampert.|394\/394
|
|turn|23
|
|switch|p1a: Blissey.|Chansey, F|642\/642
|-activate|p1a: Blissey.|move: Sticky Web
|-unboost|p1a: Blissey.|spe|1
|move|p2a: la tia|Draco Meteor|p1a: Blissey.
|-damage|p1a: Blissey.|506\/642
|-unboost|p2a: la tia|spa|2
|-damage|p2a: la tia|171\/319|[from] item: Life Orb
|
|turn|24
|
|switch|p1a: Wobbuffet.|Gothitelle, F|301\/301
|-activate|p1a: Wobbuffet.|move: Sticky Web
|-unboost|p1a: Wobbuffet.|spe|1
|move|p2a: la tia|Roost|p2a: la tia
|-heal|p2a: la tia|319\/319
|
|turn|25
|
|move|p2a: la tia|Draco Meteor|p1a: Wobbuffet.
|-damage|p1a: Wobbuffet.|187\/301
|-unboost|p2a: la tia|spa|2
|-damage|p2a: la tia|288\/319|[from] item: Life Orb
|move|p1a: Wobbuffet.|Trick|p2a: la tia
|-activate|p1a: Wobbuffet.|move: Trick|[of] p2a: la tia
|-item|p2a: la tia|Choice Scarf|[from] move: Trick
|-item|p1a: Wobbuffet.|Life Orb|[from] move: Trick
|
|turn|26
|
|move|p2a: la tia|Draco Meteor|p1a: Wobbuffet.
|-damage|p1a: Wobbuffet.|126\/301
|-unboost|p2a: la tia|spa|2
|move|p1a: Wobbuffet.|Calm Mind|p1a: Wobbuffet.
|-boost|p1a: Wobbuffet.|spa|1
|-boost|p1a: Wobbuffet.|spd|1
|
|turn|27
|
|move|p2a: la tia|Draco Meteor|p1a: Wobbuffet.
|-damage|p1a: Wobbuffet.|95\/301
|move|p1a: Wobbuffet.|Calm Mind|p1a: Wobbuffet.
|-boost|p1a: Wobbuffet.|spa|1
|-boost|p1a: Wobbuffet.|spd|1
|
|turn|28
|
|move|p2a: la tia|Draco Meteor|p1a: Wobbuffet.
|-damage|p1a: Wobbuffet.|71\/301
|move|p1a: Wobbuffet.|Rest|p1a: Wobbuffet.
|-status|p1a: Wobbuffet.|slp
|-heal|p1a: Wobbuffet.|301\/301 slp|[silent]
|-status|p1a: Wobbuffet.|slp|[from] move: Rest
|
|turn|29
|
|move|p2a: la tia|Draco Meteor|p1a: Wobbuffet.
|-damage|p1a: Wobbuffet.|277\/301 slp
|cant|p1a: Wobbuffet.|slp
|
|turn|30
|
|move|p2a: la tia|Draco Meteor|p1a: Wobbuffet.
|-damage|p1a: Wobbuffet.|256\/301 slp
|cant|p1a: Wobbuffet.|slp
|
|turn|31
|
|move|p2a: la tia|Struggle|p1a: Wobbuffet.
|-damage|p1a: Wobbuffet.|227\/301 slp
|-damage|p2a: la tia|209\/319
|-curestatus|p1a: Wobbuffet.|slp
|move|p1a: Wobbuffet.|Calm Mind|p1a: Wobbuffet.
|-boost|p1a: Wobbuffet.|spa|1
|-boost|p1a: Wobbuffet.|spd|1
|
|turn|32
|
|move|p2a: la tia|Struggle|p1a: Wobbuffet.
|-damage|p1a: Wobbuffet.|201\/301
|-damage|p2a: la tia|130\/319
|move|p1a: Wobbuffet.|Calm Mind|p1a: Wobbuffet.
|-boost|p1a: Wobbuffet.|spa|1
|-boost|p1a: Wobbuffet.|spd|1
|
|turn|33
|
|move|p2a: la tia|Struggle|p1a: Wobbuffet.
|-damage|p1a: Wobbuffet.|173\/301
|-damage|p2a: la tia|51\/319
|move|p1a: Wobbuffet.|Calm Mind|p1a: Wobbuffet.
|-boost|p1a: Wobbuffet.|spa|1
|-boost|p1a: Wobbuffet.|spd|1
|
|turn|34
|
|move|p2a: la tia|Struggle|p1a: Wobbuffet.
|-damage|p1a: Wobbuffet.|148\/301
|-damage|p2a: la tia|0 fnt
|faint|p2a: la tia
|move|p1a: Wobbuffet.|Calm Mind|p1a: Wobbuffet.
|-boost|p1a: Wobbuffet.|spa|1
|-boost|p1a: Wobbuffet.|spd|1
|
|
|switch|p2a: icloud|Thundurus, M, shiny|167\/299
|-damage|p2a: icloud|93\/299|[from] Stealth Rock
|turn|35
|
|switch|p1a: Swampert.|Quagsire, M|394\/394
|-activate|p1a: Swampert.|move: Sticky Web
|-unboost|p1a: Swampert.|spe|1
|move|p2a: icloud|Knock Off|p1a: Swampert.
|-damage|p1a: Swampert.|324\/394
|-damage|p2a: icloud|64\/299|[from] item: Life Orb
|
|turn|36
|
|move|p2a: icloud|Superpower|p1a: Swampert.
|-damage|p1a: Swampert.|197\/394
|-unboost|p2a: icloud|atk|1
|-unboost|p2a: icloud|def|1
|-damage|p2a: icloud|35\/299|[from] item: Life Orb
|move|p1a: Swampert.|Scald|p2a: icloud
|-damage|p2a: icloud|0 fnt
|faint|p2a: icloud
|
|
|switch|p2a: buz|Heatran, M|323\/323
|-damage|p2a: buz|283\/323|[from] Stealth Rock
|turn|37
|
|switch|p1a: Blissey.|Chansey, F|506\/642
|-activate|p1a: Blissey.|move: Sticky Web
|-unboost|p1a: Blissey.|spe|1
|move|p2a: buz|Flamethrower|p1a: Blissey.
|-damage|p1a: Blissey.|422\/642
|
|turn|38
|c|âoijoijoijoij|gg
|c|âAegislash Returns|gg
|
|move|p2a: buz|Flamethrower|p1a: Blissey.
|-damage|p1a: Blissey.|326\/642
|move|p1a: Blissey.|Seismic Toss|p2a: buz
|-damage|p2a: buz|183\/323
|
|turn|39
|
|move|p2a: buz|Flamethrower|p1a: Blissey.
|-damage|p1a: Blissey.|235\/642
|move|p1a: Blissey.|Soft-Boiled|p1a: Blissey.
|-heal|p1a: Blissey.|556\/642
|
|turn|40
|-message|oijoijoijoij forfeited.
|leave|oijoijoijoij
|
|win|Aegislash Returns
|raw|Ladder updating...
|player|p2
|raw|Aegislash Returns's rating: 1235 &rarr; <strong>1254<\/strong><br \/>(+19 for winning)
|raw|oijoijoijoij's rating: 1148 &rarr; <strong>1130<\/strong><br \/>(-18 for losing)