|join|bulkynigg
|join|Aegislash Returns
|player|p1|bulkynigg|154
|player|p2|Aegislash Returns|274
|gametype|singles
|gen|6
|tier|OU (suspect test)
|rated
|clearpoke
|poke|p1|Gardevoir, F
|poke|p1|Galvantula, F
|poke|p1|Rhyperior, M
|poke|p1|Magnezone
|poke|p1|Staraptor, M
|poke|p1|Bisharp, F
|poke|p2|Doublade, M
|poke|p2|Chansey, F
|poke|p2|Slowbro, M
|poke|p2|Gothitelle, M
|poke|p2|Mandibuzz, F
|poke|p2|Quagsire, M
|rule|Swagger Clause: Swagger is banned
|rule|Baton Pass Clause: Limit one PokÃ©mon knowing Baton Pass
|rule|Sleep Clause Mod: Limit one foe put to sleep
|rule|Species Clause: Limit one of each PokÃ©mon
|rule|OHKO Clause: OHKO moves are banned
|rule|Moody Clause: Moody is banned
|rule|Evasion Moves Clause: Evasion moves are banned
|rule|Endless Battle Clause: Forcing endless battles is banned
|rule|HP Percentage Mod: HP is shown in percentages
|teampreview
|
|start
|switch|p1a: Staraptor|Staraptor, M|312\/312
|switch|p2a: Blissey.|Chansey, F|642\/642
|turn|1
|
|switch|p2a: Aegislash.|Doublade, M|322\/322
|move|p1a: Staraptor|U-turn|p2a: Aegislash.
|-resisted|p2a: Aegislash.
|-damage|p2a: Aegislash.|313\/322
|
|switch|p1a: Magnezone|Magnezone|324\/324
|
|turn|2
|
|move|p1a: Magnezone|Thunderbolt|p2a: Aegislash.
|-damage|p2a: Aegislash.|130\/322
|move|p2a: Aegislash.|Sacred Sword|p1a: Magnezone
|-supereffective|p1a: Magnezone
|-damage|p1a: Magnezone|178\/324
|
|turn|3
|
|switch|p2a: Swampert.|Quagsire, M|394\/394
|move|p1a: Magnezone|Thunderbolt|p2a: Swampert.
|-immune|p2a: Swampert.|[msg]
|
|turn|4
|
|switch|p1a: Galvantula|Galvantula, F|281\/281
|move|p2a: Swampert.|Toxic|p1a: Galvantula
|-status|p1a: Galvantula|tox
|
|-damage|p1a: Galvantula|264\/281 tox|[from] psn
|turn|5
|
|switch|p2a: Aegislash.|Doublade, M|130\/322
|move|p1a: Galvantula|Energy Ball|p2a: Aegislash.
|-resisted|p2a: Aegislash.
|-damage|p2a: Aegislash.|97\/322
|
|-damage|p1a: Galvantula|230\/281 tox|[from] psn
|turn|6
|
|move|p1a: Galvantula|Thunder|p2a: Aegislash.
|-damage|p2a: Aegislash.|0 fnt
|faint|p2a: Aegislash.
|
|-damage|p1a: Galvantula|179\/281 tox|[from] psn
|
|switch|p2a: Blissey.|Chansey, F|642\/642
|turn|7
|
|move|p1a: Galvantula|Sticky Web|p2a: Blissey.
|-sidestart|p2: Aegislash Returns|move: Sticky Web
|move|p2a: Blissey.|Stealth Rock|p1a: Galvantula
|-sidestart|p1: bulkynigg|move: Stealth Rock
|
|-damage|p1a: Galvantula|111\/281 tox|[from] psn
|turn|8
|
|move|p1a: Galvantula|Thunder|p2a: Blissey.
|-damage|p2a: Blissey.|561\/642
|move|p2a: Blissey.|Seismic Toss|p1a: Galvantula
|-damage|p1a: Galvantula|11\/281 tox
|
|-damage|p1a: Galvantula|0 fnt|[from] psn
|faint|p1a: Galvantula
|
|switch|p1a: Bisharp|Bisharp, F|271\/271
|-damage|p1a: Bisharp|255\/271|[from] Stealth Rock
|turn|9
|
|switch|p2a: Swampert.|Quagsire, M|394\/394
|-activate|p2a: Swampert.|move: Sticky Web
|-unboost|p2a: Swampert.|spe|1
|move|p1a: Bisharp|Knock Off|p2a: Swampert.
|-damage|p2a: Swampert.|190\/394
|-enditem|p2a: Swampert.|Leftovers|[from] move: Knock Off|[of] p1a: Bisharp
|-damage|p1a: Bisharp|228\/271|[from] item: Life Orb
|
|turn|10
|
|switch|p1a: Gardevoir|Gardevoir, F|278\/278
|-damage|p1a: Gardevoir|244\/278|[from] Stealth Rock
|-ability|p1a: Gardevoir|Unaware|[from] ability: Trace|[of] p2a: Swampert.
|move|p2a: Swampert.|Recover|p2a: Swampert.
|-heal|p2a: Swampert.|387\/394
|
|turn|11
|
|switch|p2a: Blissey.|Chansey, F|561\/642
|-activate|p2a: Blissey.|move: Sticky Web
|-unboost|p2a: Blissey.|spe|1
|detailschange|p1a: Gardevoir|Gardevoir-Mega, F
|-mega|p1a: Gardevoir|Gardevoir|Gardevoirite
|move|p1a: Gardevoir|Calm Mind|p1a: Gardevoir
|-boost|p1a: Gardevoir|spa|1
|-boost|p1a: Gardevoir|spd|1
|
|turn|12
|
|move|p1a: Gardevoir|Calm Mind|p1a: Gardevoir
|-boost|p1a: Gardevoir|spa|1
|-boost|p1a: Gardevoir|spd|1
|move|p2a: Blissey.|Seismic Toss|p1a: Gardevoir
|-damage|p1a: Gardevoir|144\/278
|
|turn|13
|
|switch|p2a: Wobbuffet.|Gothitelle, M|301\/301
|-activate|p2a: Wobbuffet.|move: Sticky Web
|-unboost|p2a: Wobbuffet.|spe|1
|move|p1a: Gardevoir|Psyshock|p2a: Wobbuffet.
|-resisted|p2a: Wobbuffet.
|-damage|p2a: Wobbuffet.|123\/301
|
|turn|14
|c|âbulkynigg|gg
|
|move|p1a: Gardevoir|Hyper Voice|p2a: Wobbuffet.
|-damage|p2a: Wobbuffet.|0 fnt
|faint|p2a: Wobbuffet.
|
|
|switch|p2a: Swampert.|Quagsire, M|387\/394
|-activate|p2a: Swampert.|move: Sticky Web
|-unboost|p2a: Swampert.|spe|1
|turn|15
|
|move|p1a: Gardevoir|Hyper Voice|p2a: Swampert.
|-damage|p2a: Swampert.|24\/394
|move|p2a: Swampert.|Haze|p2a: Swampert.
|-clearallboost
|
|turn|16
|c|âAegislash Returns|:P
|c|âbulkynigg|u just last your win condition
|c|âbulkynigg|*lost
|
|move|p1a: Gardevoir|Hyper Voice|p2a: Swampert.
|-damage|p2a: Swampert.|0 fnt
|faint|p2a: Swampert.
|
|c|âAegislash Returns|Goth?
|c|âbulkynigg|no quag
|c|âbulkynigg|it checked bisharp
|
|switch|p2a: Blissey.|Chansey, F|561\/642
|-activate|p2a: Blissey.|move: Sticky Web
|-unboost|p2a: Blissey.|spe|1
|turn|17
|c|âbulkynigg|no bish sweeps
|
|switch|p1a: Bisharp|Bisharp, F|228\/271
|-damage|p1a: Bisharp|212\/271|[from] Stealth Rock
|move|p2a: Blissey.|Seismic Toss|p1a: Bisharp
|-damage|p1a: Bisharp|112\/271
|
|turn|18
|
|switch|p2a: Honchkrow.|Mandibuzz, F|423\/423
|move|p1a: Bisharp|Swords Dance|p1a: Bisharp
|-boost|p1a: Bisharp|atk|2
|
|turn|19
|
|move|p1a: Bisharp|Iron Head|p2a: Honchkrow.
|-damage|p2a: Honchkrow.|107\/423
|-damage|p1a: Bisharp|85\/271|[from] item: Life Orb
|move|p2a: Honchkrow.|Foul Play|p1a: Bisharp
|-resisted|p1a: Bisharp
|-damage|p1a: Bisharp|0 fnt
|faint|p1a: Bisharp
|
|-heal|p2a: Honchkrow.|133\/423|[from] item: Leftovers
|c|âAegislash Returns|does he now? XP
|
|switch|p1a: Magnezone|Magnezone|178\/324
|-damage|p1a: Magnezone|158\/324|[from] Stealth Rock
|turn|20
|
|switch|p2a: Blissey.|Chansey, F|561\/642
|-activate|p2a: Blissey.|move: Sticky Web
|-unboost|p2a: Blissey.|spe|1
|move|p1a: Magnezone|Volt Switch|p2a: Blissey.
|-crit|p2a: Blissey.
|-damage|p2a: Blissey.|410\/642
|
|switch|p1a: Staraptor|Staraptor, M|312\/312
|-damage|p1a: Staraptor|234\/312|[from] Stealth Rock
|
|turn|21
|
|switch|p2a: Starmie.|Slowbro, M|394\/394
|-activate|p2a: Starmie.|move: Sticky Web
|-unboost|p2a: Starmie.|spe|1
|move|p1a: Staraptor|Close Combat|p2a: Starmie.
|-resisted|p2a: Starmie.
|-damage|p2a: Starmie.|346\/394
|-unboost|p1a: Staraptor|def|1
|-unboost|p1a: Staraptor|spd|1
|
|turn|22
|
|switch|p1a: Magnezone|Magnezone|158\/324
|-damage|p1a: Magnezone|138\/324|[from] Stealth Rock
|move|p2a: Starmie.|Scald|p1a: Magnezone
|-damage|p1a: Magnezone|38\/324
|
|turn|23
|
|switch|p2a: Blissey.|Chansey, F|410\/642
|-activate|p2a: Blissey.|move: Sticky Web
|-unboost|p2a: Blissey.|spe|1
|move|p1a: Magnezone|Volt Switch|p2a: Blissey.
|-damage|p2a: Blissey.|314\/642
|
|switch|p1a: Staraptor|Staraptor, M|234\/312
|-damage|p1a: Staraptor|156\/312|[from] Stealth Rock
|
|turn|24
|
|switch|p2a: Starmie.|Slowbro, M|394\/394
|-activate|p2a: Starmie.|move: Sticky Web
|-unboost|p2a: Starmie.|spe|1
|move|p1a: Staraptor|Brave Bird|p2a: Starmie.
|-damage|p2a: Starmie.|220\/394
|-damage|p1a: Staraptor|99\/312|[from] recoil|[of] p2a: Starmie.
|
|turn|25
|
|move|p1a: Staraptor|Brave Bird|p2a: Starmie.
|-damage|p2a: Starmie.|42\/394
|-damage|p1a: Staraptor|40\/312|[from] recoil|[of] p2a: Starmie.
|move|p2a: Starmie.|Slack Off|p2a: Starmie.
|-heal|p2a: Starmie.|239\/394
|
|turn|26
|
|move|p1a: Staraptor|Brave Bird|p2a: Starmie.
|-damage|p2a: Starmie.|65\/394
|-damage|p1a: Staraptor|0 fnt|[from] recoil|[of] p2a: Starmie.
|faint|p1a: Staraptor
|move|p2a: Starmie.|Slack Off|p2a: Starmie.
|-heal|p2a: Starmie.|262\/394
|
|
|switch|p1a: Gardevoir|Gardevoir-Mega, F|144\/278
|-damage|p1a: Gardevoir|110\/278|[from] Stealth Rock
|turn|27
|
|detailschange|p2a: Starmie.|Slowbro-Mega, M
|-mega|p2a: Starmie.|Slowbro|Slowbronite
|move|p1a: Gardevoir|Calm Mind|p1a: Gardevoir
|-boost|p1a: Gardevoir|spa|1
|-boost|p1a: Gardevoir|spd|1
|move|p2a: Starmie.|Scald|p1a: Gardevoir
|-damage|p1a: Gardevoir|43\/278
|-status|p1a: Gardevoir|brn
|
|-damage|p1a: Gardevoir|9\/278 brn|[from] brn
|turn|28
|
|switch|p2a: Honchkrow.|Mandibuzz, F|133\/423
|move|p1a: Gardevoir|Hyper Voice|p2a: Honchkrow.
|-supereffective|p2a: Honchkrow.
|-damage|p2a: Honchkrow.|0 fnt
|faint|p2a: Honchkrow.
|
|-damage|p1a: Gardevoir|0 fnt|[from] brn
|faint|p1a: Gardevoir
|
|switch|p1a: Rhyperior|Rhyperior, M|434\/434
|switch|p2a: Starmie.|Slowbro-Mega, M|262\/394
|-damage|p1a: Rhyperior|407\/434|[from] Stealth Rock
|-activate|p2a: Starmie.|move: Sticky Web
|-unboost|p2a: Starmie.|spe|1
|turn|29
|-message|bulkynigg forfeited.
|leave|bulkynigg
|
|win|Aegislash Returns
|raw|Ladder updating...
|player|p1
|raw|bulkynigg's rating: 1040 &rarr; <strong>1022<\/strong><br \/>(-18 for losing)
|raw|Aegislash Returns's rating: 1000 &rarr; <strong>1045<\/strong><br \/>(+45 for winning)