|join|bsuuuu
|join|Pheonixmaster
|player|p1|bsuuuu|43
|player|p2|Pheonixmaster|248
|gametype|singles
|gen|6
|tier|ORAS OU
|rated
|rule|Sleep Clause Mod: Limit one foe put to sleep
|rule|Species Clause: Limit one of each PokÃ©mon
|rule|OHKO Clause: OHKO moves are banned
|rule|Moody Clause: Moody is banned
|rule|Evasion Moves Clause: Evasion moves are banned
|rule|Endless Battle Clause: Forcing endless battles is banned
|rule|HP Percentage Mod: HP is shown in percentages
|clearpoke
|poke|p1|Celebi
|poke|p1|Salamence, F
|poke|p1|Dugtrio, F
|poke|p1|Greninja, M
|poke|p1|Thundurus, M
|poke|p1|Skarmory, M
|poke|p2|Salamence, M
|poke|p2|Tyranitar, M
|poke|p2|Excadrill, M
|poke|p2|Greninja, M, shiny
|poke|p2|Clefable, F
|poke|p2|Rotom-Wash
|rule|Swagger Clause: Swagger is banned
|rule|Baton Pass Clause: Limit one PokÃ©mon knowing Baton Pass
|teampreview
|
|start
|switch|p1a: Greninja|Greninja, M|285\/285
|switch|p2a: Kira|Salamence, M|331\/331
|-ability|p2a: Kira|Intimidate|[of] p1a: Greninja
|-unboost|p1a: Greninja|atk|1
|turn|1
|
|switch|p2a: Jura|Tyranitar, M|403\/403
|-weather|Sandstorm
|move|p1a: Greninja|U-turn|p2a: Jura
|-start|p1a: Greninja|typechange|Bug|[from] Protean
|-supereffective|p2a: Jura
|-damage|p2a: Jura|278\/403
|-damage|p1a: Greninja|257\/285|[from] item: Life Orb
|
|switch|p1a: Dugtrio|Dugtrio, F|211\/211
|
|-weather|Sandstorm|[upkeep]
|turn|2
|
|move|p1a: Dugtrio|Earthquake|p2a: Jura
|-supereffective|p2a: Jura
|-damage|p2a: Jura|20\/403
|move|p2a: Jura|Stealth Rock|p1a: Dugtrio
|-sidestart|p1: bsuuuu|move: Stealth Rock
|
|-weather|Sandstorm|[upkeep]
|turn|3
|
|move|p1a: Dugtrio|Stealth Rock|p2a: Jura
|-sidestart|p2: Pheonixmaster|move: Stealth Rock
|move|p2a: Jura|Ice Beam|p1a: Dugtrio
|-supereffective|p1a: Dugtrio
|-damage|p1a: Dugtrio|19\/211
|
|-weather|Sandstorm|[upkeep]
|turn|4
|
|move|p1a: Dugtrio|Earthquake|p2a: Jura
|-supereffective|p2a: Jura
|-damage|p2a: Jura|0 fnt
|faint|p2a: Jura
|
|-weather|Sandstorm|[upkeep]
|
|switch|p2a: Simon|Excadrill, M|361\/361
|-damage|p2a: Simon|350\/361|[from] Stealth Rock
|turn|5
|
|switch|p1a: Skarmory|Skarmory, M|333\/333
|-damage|p1a: Skarmory|292\/333|[from] Stealth Rock
|move|p2a: Simon|Rapid Spin|p1a: Skarmory
|-resisted|p1a: Skarmory
|-damage|p1a: Skarmory|282\/333
|-sideend|p2: Pheonixmaster|Stealth Rock|[from] move: Rapid Spin|[of] p2a: Simon
|-damage|p2a: Simon|314\/361|[from] item: Life Orb
|
|-weather|Sandstorm|[upkeep]
|turn|6
|
|switch|p2a: Kira|Salamence, M|331\/331
|-ability|p2a: Kira|Intimidate|[of] p1a: Skarmory
|-unboost|p1a: Skarmory|atk|1
|move|p1a: Skarmory|Roost|p1a: Skarmory
|-heal|p1a: Skarmory|333\/333
|
|-weather|Sandstorm|[upkeep]
|-damage|p2a: Kira|311\/331|[from] sandstorm
|turn|7
|
|detailschange|p2a: Kira|Salamence-Mega, M
|message|Salamence has Mega Evolved into Mega Salamence!
|move|p2a: Kira|Fire Blast|p1a: Skarmory
|-supereffective|p1a: Skarmory
|-damage|p1a: Skarmory|31\/333
|move|p1a: Skarmory|Toxic|p2a: Kira
|-status|p2a: Kira|tox
|
|-weather|Sandstorm|[upkeep]
|-damage|p2a: Kira|291\/331 tox|[from] sandstorm
|-damage|p2a: Kira|271\/331 tox|[from] psn
|turn|8
|
|move|p2a: Kira|Frustration|p1a: Skarmory
|-resisted|p1a: Skarmory
|-damage|p1a: Skarmory|0 fnt
|faint|p1a: Skarmory
|
|-weather|none
|-damage|p2a: Kira|231\/331 tox|[from] psn
|
|switch|p1a: Salamence|Salamence, F|331\/331
|-damage|p1a: Salamence|249\/331|[from] Stealth Rock
|-ability|p1a: Salamence|Intimidate|[of] p2a: Kira
|-unboost|p2a: Kira|atk|1
|turn|9
|
|detailschange|p1a: Salamence|Salamence-Mega, F
|message|Salamence has Mega Evolved into Mega Salamence!
|move|p2a: Kira|Draco Meteor|p1a: Salamence
|-supereffective|p1a: Salamence
|-damage|p1a: Salamence|0 fnt
|-unboost|p2a: Kira|spa|2
|faint|p1a: Salamence
|
|-damage|p2a: Kira|171\/331 tox|[from] psn
|
|switch|p1a: Greninja|Greninja, M|257\/285
|-damage|p1a: Greninja|222\/285|[from] Stealth Rock
|turn|10
|join|shofu's babydaddy
|
|switch|p2a: Kaede|Clefable, F|394\/394
|move|p1a: Greninja|Ice Beam|p2a: Kaede
|-start|p1a: Greninja|typechange|Ice|[from] Protean
|-damage|p2a: Kaede|226\/394
|-damage|p1a: Greninja|194\/285|[from] item: Life Orb
|
|-heal|p2a: Kaede|250\/394|[from] item: Leftovers
|turn|11
|
|move|p1a: Greninja|Gunk Shot|p2a: Kaede
|-start|p1a: Greninja|typechange|Poison|[from] Protean
|-supereffective|p2a: Kaede
|-damage|p2a: Kaede|0 fnt
|-damage|p1a: Greninja|166\/285|[from] item: Life Orb
|faint|p2a: Kaede
|
|c| shofu's babydaddy|sup niggas
|
|switch|p2a: Misa|Rotom-Wash|303\/303
|turn|12
|
|move|p1a: Greninja|U-turn|p2a: Misa
|-start|p1a: Greninja|typechange|Bug|[from] Protean
|-damage|p2a: Misa|224\/303
|-damage|p1a: Greninja|138\/285|[from] item: Life Orb
|
|switch|p1a: Dugtrio|Dugtrio, F|19\/211
|-damage|p1a: Dugtrio|6\/211|[from] Stealth Rock
|move|p2a: Misa|Volt Switch|p1a: Dugtrio
|-immune|p1a: Dugtrio|[msg]
|
|-heal|p2a: Misa|242\/303|[from] item: Leftovers
|turn|13
|
|move|p1a: Dugtrio|Reversal|p2a: Misa
|-damage|p2a: Misa|116\/303
|move|p2a: Misa|Will-O-Wisp|p1a: Dugtrio
|-status|p1a: Dugtrio|brn
|
|-heal|p2a: Misa|134\/303|[from] item: Leftovers
|-damage|p1a: Dugtrio|0 fnt|[from] brn
|faint|p1a: Dugtrio
|
|switch|p1a: Celebi|Celebi|403\/403
|-damage|p1a: Celebi|353\/403|[from] Stealth Rock
|turn|14
|
|move|p1a: Celebi|U-turn|p2a: Misa
|-damage|p2a: Misa|101\/303
|
|switch|p1a: Thundurus|Thundurus, M|299\/299
|-damage|p1a: Thundurus|225\/299|[from] Stealth Rock
|move|p2a: Misa|Volt Switch|p1a: Thundurus
|-damage|p1a: Thundurus|107\/299
|
|switch|p2a: Kira|Salamence-Mega, M|171\/331 tox
|
|-heal|p1a: Thundurus|125\/299|[from] item: Leftovers
|-damage|p2a: Kira|151\/331 tox|[from] psn
|turn|15
|
|move|p2a: Kira|Frustration|p1a: Thundurus
|-resisted|p1a: Thundurus
|-damage|p1a: Thundurus|0 fnt
|faint|p1a: Thundurus
|
|-damage|p2a: Kira|111\/331 tox|[from] psn
|
|switch|p1a: Greninja|Greninja, M|138\/285
|-damage|p1a: Greninja|103\/285|[from] Stealth Rock
|turn|16
|
|switch|p2a: Misa|Rotom-Wash|101\/303
|move|p1a: Greninja|Ice Beam|p2a: Misa
|-start|p1a: Greninja|typechange|Ice|[from] Protean
|-resisted|p2a: Misa
|-damage|p2a: Misa|22\/303
|-damage|p1a: Greninja|75\/285|[from] item: Life Orb
|
|-heal|p2a: Misa|40\/303|[from] item: Leftovers
|turn|17
|
|switch|p2a: Simon|Excadrill, M|314\/361
|move|p1a: Greninja|Ice Beam|p2a: Simon
|-damage|p2a: Simon|79\/361
|-damage|p1a: Greninja|47\/285|[from] item: Life Orb
|
|turn|18
|
|move|p1a: Greninja|Ice Beam|p2a: Simon
|-damage|p2a: Simon|0 fnt
|-damage|p1a: Greninja|19\/285|[from] item: Life Orb
|faint|p2a: Simon
|
|
|switch|p2a: Misa|Rotom-Wash|40\/303
|turn|19
|
|move|p1a: Greninja|Ice Beam|p2a: Misa
|-resisted|p2a: Misa
|-damage|p2a: Misa|0 fnt
|-damage|p1a: Greninja|0 fnt|[from] item: Life Orb
|faint|p2a: Misa
|faint|p1a: Greninja
|
|-message|bsuuuu forfeited.
|
|win|Pheonixmaster
|raw|Ladder updating...
|leave|bsuuuu
|player|p1
|raw|bsuuuu's rating: 1584 &rarr; <strong>1557<\/strong><br \/>(-27 for losing)
|raw|Pheonixmaster's rating: 1457 &rarr; <strong>1484<\/strong><br \/>(+27 for winning)