|join|lil manaphy
|join|bsuuuu
|player|p1|lil manaphy|6
|player|p2|bsuuuu|43
|gametype|singles
|gen|6
|tier|ORAS OU
|rated
|rule|Sleep Clause Mod: Limit one foe put to sleep
|rule|Species Clause: Limit one of each PokÃ©mon
|rule|OHKO Clause: OHKO moves are banned
|rule|Moody Clause: Moody is banned
|rule|Evasion Moves Clause: Evasion moves are banned
|rule|Endless Battle Clause: Forcing endless battles is banned
|rule|HP Percentage Mod: HP is shown in percentages
|clearpoke
|poke|p1|Lopunny, F
|poke|p1|Gothitelle, F
|poke|p1|Chansey, F
|poke|p1|Alomomola, M
|poke|p1|Cresselia, F
|poke|p1|Zapdos
|poke|p2|Salamence, M
|poke|p2|Klefki, F
|poke|p2|Latias, F
|poke|p2|Garchomp, M
|poke|p2|Magneton
|poke|p2|Azumarill, F
|rule|Swagger Clause: Swagger is banned
|rule|Baton Pass Clause: Limit one PokÃ©mon knowing Baton Pass
|teampreview
|c|âbsuuuu|yum
|
|start
|switch|p1a: Gothitelle|Gothitelle, F|301\/301
|switch|p2a: Garchomp|Garchomp, M|357\/357
|turn|1
|join|Shavon
|
|move|p1a: Gothitelle|Trick|p2a: Garchomp
|-activate|p1a: Gothitelle|move: Trick|[of] p2a: Garchomp
|-item|p2a: Garchomp|Choice Scarf|[from] move: Trick
|-item|p1a: Gothitelle|Lum Berry|[from] move: Trick
|move|p2a: Garchomp|Stealth Rock|p1a: Gothitelle
|-sidestart|p1: lil manaphy|move: Stealth Rock
|
|turn|2
|
|move|p2a: Garchomp|Stealth Rock|p1a: Gothitelle
|-fail|p1a: Gothitelle
|move|p1a: Gothitelle|Calm Mind|p1a: Gothitelle
|-boost|p1a: Gothitelle|spa|1
|-boost|p1a: Gothitelle|spd|1
|
|turn|3
|
|move|p2a: Garchomp|Stealth Rock|p1a: Gothitelle
|-fail|p1a: Gothitelle
|move|p1a: Gothitelle|Calm Mind|p1a: Gothitelle
|-boost|p1a: Gothitelle|spa|1
|-boost|p1a: Gothitelle|spd|1
|
|turn|4
|join|Alldaalts
|c|âbsuuuu|ur one of those
|
|move|p2a: Garchomp|Stealth Rock|p1a: Gothitelle
|-fail|p1a: Gothitelle
|move|p1a: Gothitelle|Calm Mind|p1a: Gothitelle
|-boost|p1a: Gothitelle|spa|1
|-boost|p1a: Gothitelle|spd|1
|
|turn|5
|
|move|p2a: Garchomp|Stealth Rock|p1a: Gothitelle
|-fail|p1a: Gothitelle
|move|p1a: Gothitelle|Calm Mind|p1a: Gothitelle
|-boost|p1a: Gothitelle|spa|1
|-boost|p1a: Gothitelle|spd|1
|
|turn|6
|
|move|p2a: Garchomp|Stealth Rock|p1a: Gothitelle
|-fail|p1a: Gothitelle
|move|p1a: Gothitelle|Calm Mind|p1a: Gothitelle
|-boost|p1a: Gothitelle|spa|1
|-boost|p1a: Gothitelle|spd|1
|
|turn|7
|join|TheTent
|
|move|p2a: Garchomp|Stealth Rock|p1a: Gothitelle
|-fail|p1a: Gothitelle
|move|p1a: Gothitelle|Calm Mind|p1a: Gothitelle
|-boost|p1a: Gothitelle|spa|1
|-boost|p1a: Gothitelle|spd|1
|
|turn|8
|
|move|p2a: Garchomp|Stealth Rock|p1a: Gothitelle
|-fail|p1a: Gothitelle
|move|p1a: Gothitelle|Psychic|p2a: Garchomp
|-damage|p2a: Garchomp|0 fnt
|faint|p2a: Garchomp
|
|join|Kung Fu Pancham
|c|âbsuuuu|hello ur supposed to trick back ur scarf lol
|c| Shavon|^
|c|âlil manaphy|lets keep the lum berry
|c| Kung Fu Pancham|why would you set up on a goth
|
|switch|p2a: Klefki|Klefki, F|317\/317
|turn|9
|
|move|p2a: Klefki|Light Screen|p2a: Klefki
|-sidestart|p2: bsuuuu|move: Light Screen
|move|p1a: Gothitelle|Psychic|p2a: Klefki
|-resisted|p2a: Klefki
|-damage|p2a: Klefki|218\/317
|
|turn|10
|join|CZ
|
|move|p2a: Klefki|Thunder Wave|p1a: Gothitelle
|-status|p1a: Gothitelle|par
|-enditem|p1a: Gothitelle|Lum Berry|[eat]
|-curestatus|p1a: Gothitelle|par
|move|p1a: Gothitelle|Calm Mind|p1a: Gothitelle
|-fail|p1a: Gothitelle
|
|turn|11
|
|move|p2a: Klefki|Thunder Wave|p1a: Gothitelle
|-status|p1a: Gothitelle|par
|move|p1a: Gothitelle|Psychic|p2a: Klefki
|-resisted|p2a: Klefki
|-damage|p2a: Klefki|125\/317
|
|turn|12
|
|move|p2a: Klefki|Spikes|p1a: Gothitelle
|-sidestart|p1: lil manaphy|Spikes
|cant|p1a: Gothitelle|par
|
|turn|13
|
|move|p2a: Klefki|Spikes|p1a: Gothitelle
|-sidestart|p1: lil manaphy|Spikes
|cant|p1a: Gothitelle|par
|
|turn|14
|
|move|p2a: Klefki|Spikes|p1a: Gothitelle
|-sidestart|p1: lil manaphy|Spikes
|cant|p1a: Gothitelle|par
|
|turn|15
|
|move|p2a: Klefki|Reflect|p2a: Klefki
|-sidestart|p2: bsuuuu|Reflect
|cant|p1a: Gothitelle|par
|
|turn|16
|
|move|p2a: Klefki|Spikes|p1a: Gothitelle
|-fail|p1a: Gothitelle
|move|p1a: Gothitelle|Psychic|p2a: Klefki
|-resisted|p2a: Klefki
|-damage|p2a: Klefki|33\/317
|
|-sideend|p2: bsuuuu|move: Light Screen
|turn|17
|
|move|p2a: Klefki|Light Screen|p2a: Klefki
|-sidestart|p2: bsuuuu|move: Light Screen
|cant|p1a: Gothitelle|par
|
|turn|18
|
|move|p2a: Klefki|Thunder Wave|p1a: Gothitelle
|-fail|p1a: Gothitelle|par
|cant|p1a: Gothitelle|par
|
|turn|19
|
|move|p2a: Klefki|Spikes|p1a: Gothitelle
|-fail|p1a: Gothitelle
|cant|p1a: Gothitelle|par
|
|turn|20
|
|move|p2a: Klefki|Spikes|p1a: Gothitelle
|-fail|p1a: Gothitelle
|cant|p1a: Gothitelle|par
|
|turn|21
|c|âbsuuuu|damn
|c| CZ|LOL
|c| Shavon|lmaoo
|c|âbsuuuu|it would happen now
|
|move|p2a: Klefki|Spikes|p1a: Gothitelle
|-fail|p1a: Gothitelle
|move|p1a: Gothitelle|Rest|p1a: Gothitelle
|-fail|p1a: Gothitelle
|
|turn|22
|
|move|p2a: Klefki|Spikes|p1a: Gothitelle
|-fail|p1a: Gothitelle
|move|p1a: Gothitelle|Rest|p1a: Gothitelle
|-fail|p1a: Gothitelle
|
|-sideend|p2: bsuuuu|Reflect
|turn|23
|
|move|p2a: Klefki|Reflect|p2a: Klefki
|-sidestart|p2: bsuuuu|Reflect
|move|p1a: Gothitelle|Rest|p1a: Gothitelle
|-fail|p1a: Gothitelle
|
|turn|24
|
|move|p2a: Klefki|Thunder Wave|p1a: Gothitelle
|-fail|p1a: Gothitelle|par
|move|p1a: Gothitelle|Psychic|p2a: Klefki
|-resisted|p2a: Klefki
|-damage|p2a: Klefki|0 fnt
|faint|p2a: Klefki
|
|-sideend|p2: bsuuuu|move: Light Screen
|
|switch|p2a: Azumarill|Azumarill, F|403\/403
|turn|25
|
|move|p2a: Azumarill|Knock Off|p1a: Gothitelle
|-supereffective|p1a: Gothitelle
|-damage|p1a: Gothitelle|99\/301 par
|move|p1a: Gothitelle|Psychic|p2a: Azumarill
|-damage|p2a: Azumarill|0 fnt
|faint|p2a: Azumarill
|
|
|switch|p2a: Salamence|Salamence, M|331\/331
|-ability|p2a: Salamence|Intimidate|[of] p1a: Gothitelle
|-unboost|p1a: Gothitelle|atk|1
|turn|26
|
|detailschange|p2a: Salamence|Salamence-Mega, M
|message|Salamence has Mega Evolved into Mega Salamence!
|move|p2a: Salamence|Frustration|p1a: Gothitelle
|-damage|p1a: Gothitelle|0 fnt
|faint|p1a: Gothitelle
|
|c| Kung Fu Pancham|manaphy did you make this team
|
|switch|p1a: Lopunny|Lopunny, F|271\/271
|-damage|p1a: Lopunny|238\/271|[from] Stealth Rock
|-damage|p1a: Lopunny|171\/271|[from] Spikes
|turn|27
|c|âlil manaphy|yeah
|
|detailschange|p1a: Lopunny|Lopunny-Mega, F
|message|Lopunny has Mega Evolved into Mega Lopunny!
|move|p1a: Lopunny|Fake Out|p2a: Salamence
|-damage|p2a: Salamence|300\/331
|cant|p2a: Salamence|flinch
|
|turn|28
|c| Shavon|duh
|
|move|p1a: Lopunny|Ice Punch|p2a: Salamence
|-supereffective|p2a: Salamence
|-damage|p2a: Salamence|142\/331
|move|p2a: Salamence|Dragon Dance|p2a: Salamence
|-boost|p2a: Salamence|atk|1
|-boost|p2a: Salamence|spe|1
|
|turn|29
|c| Kung Fu Pancham|what was the thinking proccess behind it
|
|move|p2a: Salamence|Dragon Claw|p1a: Lopunny
|-damage|p1a: Lopunny|0 fnt
|faint|p1a: Lopunny
|
|
|switch|p1a: Alomomola|Alomomola, M|530\/530
|-damage|p1a: Alomomola|398\/530|[from] Spikes
|-damage|p1a: Alomomola|332\/530|[from] Stealth Rock
|turn|30
|
|move|p2a: Salamence|Frustration|p1a: Alomomola
|-damage|p1a: Alomomola|11\/530
|move|p1a: Alomomola|Toxic|p2a: Salamence
|-status|p2a: Salamence|tox
|
|-damage|p2a: Salamence|122\/331 tox|[from] psn
|-sideend|p2: bsuuuu|Reflect
|turn|31
|c| Kung Fu Pancham|also  mega mence needs to go
|
|move|p1a: Alomomola|Protect|p1a: Alomomola
|-singleturn|p1a: Alomomola|Protect
|move|p2a: Salamence|Dragon Claw|p1a: Alomomola
|-activate|p1a: Alomomola|Protect
|
|-damage|p2a: Salamence|82\/331 tox|[from] psn
|turn|32
|
|move|p1a: Alomomola|Protect|p1a: Alomomola
|-singleturn|p1a: Alomomola|Protect
|move|p2a: Salamence|Dragon Claw|p1a: Alomomola
|-activate|p1a: Alomomola|Protect
|
|-damage|p2a: Salamence|22\/331 tox|[from] psn
|turn|33
|
|move|p2a: Salamence|Frustration|p1a: Alomomola
|-damage|p1a: Alomomola|0 fnt
|faint|p1a: Alomomola
|
|-damage|p2a: Salamence|0 fnt|[from] psn
|faint|p2a: Salamence
|c|âbsuuuu|ofc
|c|âlil manaphy|it didnt matter tho
|
|switch|p2a: Magneton|Magneton|241\/241
|switch|p1a: Chansey|Chansey, F|704\/704
|-damage|p1a: Chansey|528\/704|[from] Spikes
|-damage|p1a: Chansey|440\/704|[from] Stealth Rock
|turn|34
|c|âlil manaphy|all i needed is chansey at this point
|c|âbsuuuu|kinda did
|
|move|p2a: Magneton|Volt Switch|p1a: Chansey
|-damage|p1a: Chansey|368\/704
|c| Kung Fu Pancham|you should have used healing wish
|
|switch|p2a: Latias|Latias, F|301\/301
|move|p1a: Chansey|Soft-Boiled|p1a: Chansey
|-heal|p1a: Chansey|704\/704
|
|turn|35
|c|âlil manaphy|lol nah
|
|move|p2a: Latias|Surf|p1a: Chansey
|-damage|p1a: Chansey|621\/704
|-damage|p2a: Latias|271\/301|[from] item: Life Orb
|move|p1a: Chansey|Toxic|p2a: Latias
|-status|p2a: Latias|tox
|
|-damage|p2a: Latias|253\/301 tox|[from] psn
|turn|36
|c|âbsuuuu|o wait
|c|âbsuuuu|i forgot i had healing wish LOL
|c|âbsuuuu|lol
|c| Kung Fu Pancham|you fool
|c| Kung Fu Pancham|!!!
|c|âbsuuuu|i had this in the bagggggg
|leave|TheTent
|c|âbsuuuu|lol
|-message|bsuuuu forfeited.
|
|win|lil manaphy
|raw|Ladder updating...
|raw|lil manaphy's rating: 1457 &rarr; <strong>1472<\/strong><br \/>(+15 for winning)
|raw|bsuuuu's rating: 1374 &rarr; <strong>1358<\/strong><br \/>(-16 for losing)
|leave|bsuuuu
|player|p2