|join|bsuuuu
|join|miloticite99
|player|p1|bsuuuu|43
|player|p2|miloticite99|1
|gametype|singles
|gen|6
|tier|ORAS OU
|rated
|rule|Sleep Clause Mod: Limit one foe put to sleep
|rule|Species Clause: Limit one of each PokÃ©mon
|rule|OHKO Clause: OHKO moves are banned
|rule|Moody Clause: Moody is banned
|rule|Evasion Moves Clause: Evasion moves are banned
|rule|Endless Battle Clause: Forcing endless battles is banned
|rule|HP Percentage Mod: HP is shown in percentages
|clearpoke
|poke|p1|Celebi
|poke|p1|Salamence, F
|poke|p1|Dugtrio, M
|poke|p1|Greninja, M
|poke|p1|Thundurus, M
|poke|p1|Skarmory, M
|poke|p2|Milotic, F
|poke|p2|Diancie
|poke|p2|Landorus-Therian, M
|poke|p2|Latios, M
|poke|p2|Ferrothorn, M
|poke|p2|Talonflame, M
|rule|Swagger Clause: Swagger is banned
|rule|Baton Pass Clause: Limit one PokÃ©mon knowing Baton Pass
|teampreview
|
|start
|switch|p1a: Salamence|Salamence, F|331\/331
|switch|p2a: Talonflame|Talonflame, M|298\/298
|-ability|p1a: Salamence|Intimidate|[of] p2a: Talonflame
|-unboost|p2a: Talonflame|atk|1
|turn|1
|
|detailschange|p1a: Salamence|Salamence-Mega, F
|message|Salamence has Mega Evolved into Mega Salamence!
|move|p2a: Talonflame|U-turn|p1a: Salamence
|-resisted|p1a: Salamence
|-damage|p1a: Salamence|305\/331
|
|switch|p2a: Landorus-Therian|Landorus-Therian, M|382\/382
|-ability|p2a: Landorus-Therian|Intimidate|[of] p1a: Salamence
|-unboost|p1a: Salamence|atk|1
|move|p1a: Salamence|Frustration|p2a: Landorus-Therian
|-damage|p2a: Landorus-Therian|255\/382
|
|-heal|p2a: Landorus-Therian|278\/382|[from] item: Leftovers
|turn|2
|
|switch|p1a: Greninja|Greninja, M|285\/285
|move|p2a: Landorus-Therian|Stealth Rock|p1a: Greninja
|-sidestart|p1: bsuuuu|move: Stealth Rock
|
|-heal|p2a: Landorus-Therian|301\/382|[from] item: Leftovers
|turn|3
|
|switch|p2a: Milotic|Milotic, F|393\/393
|move|p1a: Greninja|U-turn|p2a: Milotic
|-start|p1a: Greninja|typechange|Bug|[from] Protean
|-damage|p2a: Milotic|310\/393
|-damage|p1a: Greninja|257\/285|[from] item: Life Orb
|
|switch|p1a: Dugtrio|Dugtrio, M|211\/211
|-damage|p1a: Dugtrio|198\/211|[from] Stealth Rock
|
|-heal|p2a: Milotic|334\/393|[from] item: Leftovers
|turn|4
|
|move|p1a: Dugtrio|Stealth Rock|p2a: Milotic
|-sidestart|p2: miloticite99|move: Stealth Rock
|move|p2a: Milotic|Scald|p1a: Dugtrio
|-supereffective|p1a: Dugtrio
|-damage|p1a: Dugtrio|0 fnt
|faint|p1a: Dugtrio
|
|-heal|p2a: Milotic|358\/393|[from] item: Leftovers
|
|switch|p1a: Thundurus|Thundurus, M|299\/299
|-damage|p1a: Thundurus|225\/299|[from] Stealth Rock
|turn|5
|
|move|p1a: Thundurus|Thunderbolt|p2a: Milotic
|-supereffective|p2a: Milotic
|-damage|p2a: Milotic|122\/393
|move|p2a: Milotic|Ice Beam|p1a: Thundurus
|-supereffective|p1a: Thundurus
|-damage|p1a: Thundurus|51\/299
|
|-heal|p1a: Thundurus|69\/299|[from] item: Leftovers
|-heal|p2a: Milotic|146\/393|[from] item: Leftovers
|turn|6
|
|switch|p2a: Ferrothorn|Ferrothorn, M|352\/352
|-damage|p2a: Ferrothorn|330\/352|[from] Stealth Rock
|move|p1a: Thundurus|Thunderbolt|p2a: Ferrothorn
|-resisted|p2a: Ferrothorn
|-damage|p2a: Ferrothorn|264\/352
|
|-heal|p1a: Thundurus|87\/299|[from] item: Leftovers
|-heal|p2a: Ferrothorn|286\/352|[from] item: Leftovers
|turn|7
|
|switch|p1a: Celebi|Celebi|403\/403
|-damage|p1a: Celebi|353\/403|[from] Stealth Rock
|move|p2a: Ferrothorn|Spikes|p1a: Celebi
|-sidestart|p1: bsuuuu|Spikes
|
|-heal|p1a: Celebi|378\/403|[from] item: Leftovers
|-heal|p2a: Ferrothorn|308\/352|[from] item: Leftovers
|turn|8
|
|switch|p2a: Latios|Latios, M|309\/309
|-damage|p2a: Latios|271\/309|[from] Stealth Rock
|move|p1a: Celebi|Thunder Wave|p2a: Latios
|-status|p2a: Latios|par
|
|-heal|p1a: Celebi|403\/403|[from] item: Leftovers
|turn|9
|
|move|p1a: Celebi|U-turn|p2a: Latios
|-supereffective|p2a: Latios
|-damage|p2a: Latios|161\/309 par
|
|switch|p1a: Skarmory|Skarmory, M|333\/333
|-damage|p1a: Skarmory|292\/333|[from] Stealth Rock
|move|p2a: Latios|Draco Meteor|p1a: Skarmory
|-resisted|p1a: Skarmory
|-damage|p1a: Skarmory|91\/333
|-unboost|p2a: Latios|spa|2
|-damage|p2a: Latios|131\/309 par|[from] item: Life Orb
|
|turn|10
|
|switch|p2a: Milotic|Milotic, F|146\/393
|-damage|p2a: Milotic|97\/393|[from] Stealth Rock
|move|p1a: Skarmory|Roost|p1a: Skarmory
|-heal|p1a: Skarmory|258\/333
|
|-heal|p2a: Milotic|121\/393|[from] item: Leftovers
|turn|11
|
|move|p2a: Milotic|Recover|p2a: Milotic
|-heal|p2a: Milotic|318\/393
|move|p1a: Skarmory|Toxic|p2a: Milotic
|-status|p2a: Milotic|tox
|
|-heal|p2a: Milotic|342\/393 tox|[from] item: Leftovers
|-damage|p2a: Milotic|318\/393 tox|[from] psn
|turn|12
|
|move|p2a: Milotic|Scald|p1a: Skarmory
|-damage|p1a: Skarmory|129\/333
|move|p1a: Skarmory|Roost|p1a: Skarmory
|-heal|p1a: Skarmory|296\/333
|
|-heal|p2a: Milotic|342\/393 tox|[from] item: Leftovers
|-damage|p2a: Milotic|294\/393 tox|[from] psn
|turn|13
|
|switch|p2a: Diancie|Diancie|241\/241
|-damage|p2a: Diancie|211\/241|[from] Stealth Rock
|switch|p1a: Celebi|Celebi|403\/403
|-damage|p1a: Celebi|353\/403|[from] Spikes
|-damage|p1a: Celebi|303\/403|[from] Stealth Rock
|
|-heal|p1a: Celebi|328\/403|[from] item: Leftovers
|turn|14
|
|detailschange|p2a: Diancie|Diancie-Mega
|message|Diancie has Mega Evolved into Mega Diancie!
|move|p1a: Celebi|U-turn|p2a: Diancie
|-resisted|p2a: Diancie
|-damage|p2a: Diancie|190\/241
|
|switch|p1a: Greninja|Greninja, M|257\/285
|-damage|p1a: Greninja|222\/285|[from] Spikes
|-damage|p1a: Greninja|187\/285|[from] Stealth Rock
|move|p2a: Diancie|Diamond Storm|p1a: Greninja
|-damage|p1a: Greninja|0 fnt
|-boost|p2a: Diancie|def|1
|faint|p1a: Greninja
|
|
|switch|p1a: Celebi|Celebi|328\/403
|-damage|p1a: Celebi|278\/403|[from] Stealth Rock
|-damage|p1a: Celebi|228\/403|[from] Spikes
|turn|15
|
|move|p2a: Diancie|Moonblast|p1a: Celebi
|-damage|p1a: Celebi|44\/403
|-unboost|p1a: Celebi|spa|1
|move|p1a: Celebi|Giga Drain|p2a: Diancie
|-supereffective|p2a: Diancie
|-damage|p2a: Diancie|82\/241
|-heal|p1a: Celebi|98\/403|[from] drain|[of] p2a: Diancie
|
|-heal|p1a: Celebi|123\/403|[from] item: Leftovers
|turn|16
|
|switch|p1a: Skarmory|Skarmory, M|296\/333
|-damage|p1a: Skarmory|255\/333|[from] Stealth Rock
|move|p2a: Diancie|Moonblast|p1a: Skarmory
|-resisted|p1a: Skarmory
|-damage|p1a: Skarmory|132\/333
|
|turn|17
|
|move|p2a: Diancie|Hidden Power|p1a: Skarmory
|-supereffective|p1a: Skarmory
|-damage|p1a: Skarmory|0 fnt
|faint|p1a: Skarmory
|
|
|switch|p1a: Salamence|Salamence-Mega, F|305\/331
|-damage|p1a: Salamence|223\/331|[from] Stealth Rock
|turn|18
|
|switch|p2a: Landorus-Therian|Landorus-Therian, M|301\/382
|-damage|p2a: Landorus-Therian|254\/382|[from] Stealth Rock
|-ability|p2a: Landorus-Therian|Intimidate|[of] p1a: Salamence
|-unboost|p1a: Salamence|atk|1
|move|p1a: Salamence|Frustration|p2a: Landorus-Therian
|-damage|p2a: Landorus-Therian|130\/382
|
|-heal|p2a: Landorus-Therian|153\/382|[from] item: Leftovers
|turn|19
|
|move|p1a: Salamence|Frustration|p2a: Landorus-Therian
|-damage|p2a: Landorus-Therian|12\/382
|move|p2a: Landorus-Therian|U-turn|p1a: Salamence
|-resisted|p1a: Salamence
|-damage|p1a: Salamence|194\/331
|
|switch|p2a: Talonflame|Talonflame, M|298\/298
|-damage|p2a: Talonflame|149\/298|[from] Stealth Rock
|
|turn|20
|
|move|p2a: Talonflame|Brave Bird|p1a: Salamence
|-damage|p1a: Salamence|2\/331
|-damage|p2a: Talonflame|86\/298|[from] recoil|[of] p1a: Salamence
|move|p1a: Salamence|Roost|p1a: Salamence
|-heal|p1a: Salamence|168\/331
|
|turn|21
|
|move|p2a: Talonflame|Brave Bird|p1a: Salamence
|-damage|p1a: Salamence|0 fnt
|-damage|p2a: Talonflame|31\/298|[from] recoil|[of] p1a: Salamence
|faint|p1a: Salamence
|
|
|switch|p1a: Celebi|Celebi|123\/403
|-damage|p1a: Celebi|73\/403|[from] Spikes
|-damage|p1a: Celebi|23\/403|[from] Stealth Rock
|turn|22
|c|âbsuuuu|garbage
|
|move|p2a: Talonflame|Brave Bird|p1a: Celebi
|-supereffective|p1a: Celebi
|-damage|p1a: Celebi|0 fnt
|-damage|p2a: Talonflame|23\/298|[from] recoil|[of] p1a: Celebi
|faint|p1a: Celebi
|
|-message|bsuuuu forfeited.
|
|win|miloticite99
|raw|Ladder updating...
|raw|bsuuuu's rating: 1514 &rarr; <strong>1486<\/strong><br \/>(-28 for losing)
|raw|miloticite99's rating: 1376 &rarr; <strong>1403<\/strong><br \/>(+27 for winning)
|leave|bsuuuu
|player|p1