|join|Reverb
|join|bsuuuu
|player|p1|Reverb|#reverb
|player|p2|bsuuuu|43
|gametype|singles
|gen|6
|tier|ORAS OU
|rated
|rule|Sleep Clause Mod: Limit one foe put to sleep
|rule|Species Clause: Limit one of each PokÃ©mon
|rule|OHKO Clause: OHKO moves are banned
|rule|Moody Clause: Moody is banned
|rule|Evasion Moves Clause: Evasion moves are banned
|rule|Endless Battle Clause: Forcing endless battles is banned
|rule|HP Percentage Mod: HP is shown in percentages
|clearpoke
|poke|p1|Landorus-Therian, M
|poke|p1|Conkeldurr, M
|poke|p1|Magnezone
|poke|p1|Azumarill, M
|poke|p1|Salamence, F
|poke|p1|Empoleon, M
|poke|p2|Celebi
|poke|p2|Salamence, F
|poke|p2|Dugtrio, F
|poke|p2|Greninja, F
|poke|p2|Thundurus, M
|poke|p2|Skarmory, M
|rule|Swagger Clause: Swagger is banned
|rule|Baton Pass Clause: Limit one PokÃ©mon knowing Baton Pass
|teampreview
|join|habajiga
|join|stathakis
|
|start
|switch|p1a: Landorus-Therian|Landorus-Therian, M|327\/327
|switch|p2a: Salamence|Salamence, F|351\/351
|-ability|p1a: Landorus-Therian|Intimidate|[of] p2a: Salamence
|-unboost|p2a: Salamence|atk|1
|-ability|p2a: Salamence|Intimidate|[of] p1a: Landorus-Therian
|-unboost|p1a: Landorus-Therian|atk|1
|turn|1
|
|detailschange|p2a: Salamence|Salamence-Mega, F
|message|Salamence has Mega Evolved into Mega Salamence!
|move|p1a: Landorus-Therian|U-turn|p2a: Salamence
|-resisted|p2a: Salamence
|-damage|p2a: Salamence|328\/351
|join|Zamrock
|
|switch|p1a: Salamence|Salamence, F|331\/331
|-ability|p1a: Salamence|Intimidate|[of] p2a: Salamence
|-unboost|p2a: Salamence|atk|1
|move|p2a: Salamence|Frustration|p1a: Salamence
|-damage|p1a: Salamence|177\/331
|
|turn|2
|
|switch|p2a: Skarmory|Skarmory, M|333\/333
|detailschange|p1a: Salamence|Salamence-Mega, F
|message|Salamence has Mega Evolved into Mega Salamence!
|move|p1a: Salamence|Frustration|p2a: Skarmory
|-resisted|p2a: Skarmory
|-damage|p2a: Skarmory|264\/333
|
|turn|3
|
|switch|p1a: Empoleon|Empoleon, M|371\/371
|move|p2a: Skarmory|Roost|p2a: Skarmory
|-heal|p2a: Skarmory|333\/333
|
|turn|4
|
|switch|p2a: Thundurus|Thundurus, M|299\/299
|move|p1a: Empoleon|Scald|p2a: Thundurus
|-damage|p2a: Thundurus|170\/299
|
|-heal|p2a: Thundurus|188\/299|[from] item: Leftovers
|turn|5
|
|switch|p1a: Conkeldurr|Conkeldurr, M|365\/365
|move|p2a: Thundurus|Thunderbolt|p1a: Conkeldurr
|-damage|p1a: Conkeldurr|241\/365
|
|-heal|p2a: Thundurus|206\/299|[from] item: Leftovers
|turn|6
|
|move|p2a: Thundurus|U-turn|p1a: Conkeldurr
|-resisted|p1a: Conkeldurr
|-damage|p1a: Conkeldurr|206\/365
|
|switch|p2a: Salamence|Salamence-Mega, F|328\/351
|move|p1a: Conkeldurr|Knock Off|p2a: Salamence
|-crit|p2a: Salamence
|-damage|p2a: Salamence|215\/351
|
|turn|7
|
|switch|p1a: Landorus-Therian|Landorus-Therian, M|327\/327
|-ability|p1a: Landorus-Therian|Intimidate|[of] p2a: Salamence
|-unboost|p2a: Salamence|atk|1
|move|p2a: Salamence|Frustration|p1a: Landorus-Therian
|-damage|p1a: Landorus-Therian|135\/327
|
|turn|8
|
|move|p1a: Landorus-Therian|U-turn|p2a: Salamence
|-resisted|p2a: Salamence
|-damage|p2a: Salamence|176\/351
|
|switch|p1a: Empoleon|Empoleon, M|371\/371
|move|p2a: Salamence|Roost|p2a: Salamence
|-heal|p2a: Salamence|351\/351
|
|turn|9
|
|switch|p2a: Celebi|Celebi|403\/403
|move|p1a: Empoleon|Stealth Rock|p2a: Celebi
|-sidestart|p2: bsuuuu|move: Stealth Rock
|
|turn|10
|
|switch|p1a: Salamence|Salamence-Mega, F|177\/331
|move|p2a: Celebi|Thunder Wave|p1a: Salamence
|-status|p1a: Salamence|par
|
|turn|11
|
|switch|p1a: Magnezone|Magnezone|282\/282
|move|p2a: Celebi|U-turn|p1a: Magnezone
|-resisted|p1a: Magnezone
|-damage|p1a: Magnezone|264\/282
|
|switch|p2a: Dugtrio|Dugtrio, F|211\/211
|-damage|p2a: Dugtrio|198\/211|[from] Stealth Rock
|
|turn|12
|c|âReverb|ooh
|
|move|p2a: Dugtrio|Earthquake|p1a: Magnezone
|-supereffective|p1a: Magnezone
|-damage|p1a: Magnezone|0 fnt
|faint|p1a: Magnezone
|
|
|switch|p1a: Azumarill|Azumarill, M|349\/349
|turn|13
|
|move|p2a: Dugtrio|Earthquake|p1a: Azumarill
|-damage|p1a: Azumarill|219\/349
|move|p1a: Azumarill|Play Rough|p2a: Dugtrio
|-damage|p2a: Dugtrio|0 fnt
|faint|p2a: Dugtrio
|
|
|switch|p2a: Salamence|Salamence-Mega, F|351\/351
|-damage|p2a: Salamence|264\/351|[from] Stealth Rock
|turn|14
|
|switch|p1a: Empoleon|Empoleon, M|371\/371
|move|p2a: Salamence|Frustration|p1a: Empoleon
|-resisted|p1a: Empoleon
|-damage|p1a: Empoleon|266\/371
|
|-heal|p1a: Empoleon|289\/371|[from] item: Leftovers
|turn|15
|c|âbsuuuu|so bilk
|
|switch|p2a: Celebi|Celebi|403\/403
|-damage|p2a: Celebi|353\/403|[from] Stealth Rock
|move|p1a: Empoleon|Scald|p2a: Celebi
|-resisted|p2a: Celebi
|-damage|p2a: Celebi|304\/403
|
|-heal|p2a: Celebi|329\/403|[from] item: Leftovers
|-heal|p1a: Empoleon|312\/371|[from] item: Leftovers
|turn|16
|
|switch|p1a: Landorus-Therian|Landorus-Therian, M|135\/327
|-ability|p1a: Landorus-Therian|Intimidate|[of] p2a: Celebi
|-unboost|p2a: Celebi|atk|1
|move|p2a: Celebi|Giga Drain|p1a: Landorus-Therian
|-damage|p1a: Landorus-Therian|36\/327
|-heal|p2a: Celebi|379\/403|[from] drain|[of] p1a: Landorus-Therian
|
|-heal|p2a: Celebi|403\/403|[from] item: Leftovers
|turn|17
|
|switch|p2a: Skarmory|Skarmory, M|333\/333
|-damage|p2a: Skarmory|292\/333|[from] Stealth Rock
|move|p1a: Landorus-Therian|U-turn|p2a: Skarmory
|-resisted|p2a: Skarmory
|-damage|p2a: Skarmory|279\/333
|
|switch|p1a: Azumarill|Azumarill, M|219\/349
|
|turn|18
|
|move|p2a: Skarmory|Toxic|p1a: Azumarill|[miss]
|-miss|p2a: Skarmory|p1a: Azumarill
|move|p1a: Azumarill|Waterfall|p2a: Skarmory
|-damage|p2a: Skarmory|126\/333
|
|turn|19
|
|switch|p1a: Conkeldurr|Conkeldurr, M|206\/365
|move|p2a: Skarmory|Roost|p2a: Skarmory
|-heal|p2a: Skarmory|293\/333
|
|turn|20
|
|move|p2a: Skarmory|Brave Bird|p1a: Conkeldurr
|-supereffective|p1a: Conkeldurr
|-damage|p1a: Conkeldurr|0 fnt
|-damage|p2a: Skarmory|225\/333|[from] recoil|[of] p1a: Conkeldurr
|faint|p1a: Conkeldurr
|
|
|switch|p1a: Empoleon|Empoleon, M|312\/371
|turn|21
|
|switch|p2a: Celebi|Celebi|403\/403
|-damage|p2a: Celebi|353\/403|[from] Stealth Rock
|move|p1a: Empoleon|Scald|p2a: Celebi
|-resisted|p2a: Celebi
|-damage|p2a: Celebi|302\/403
|
|-heal|p2a: Celebi|327\/403|[from] item: Leftovers
|-heal|p1a: Empoleon|335\/371|[from] item: Leftovers
|turn|22
|
|switch|p2a: Skarmory|Skarmory, M|225\/333
|-damage|p2a: Skarmory|184\/333|[from] Stealth Rock
|switch|p1a: Salamence|Salamence-Mega, F|177\/331 par
|
|turn|23
|
|move|p2a: Skarmory|Roost|p2a: Skarmory
|-heal|p2a: Skarmory|333\/333
|move|p1a: Salamence|Dragon Dance|p1a: Salamence
|-boost|p1a: Salamence|atk|1
|-boost|p1a: Salamence|spe|1
|
|turn|24
|
|cant|p1a: Salamence|par
|move|p2a: Skarmory|Whirlwind|p1a: Salamence
|drag|p1a: Azumarill|Azumarill, M|219\/349
|
|turn|25
|
|switch|p1a: Empoleon|Empoleon, M|335\/371
|move|p2a: Skarmory|Toxic|p1a: Empoleon|[miss]
|-miss|p2a: Skarmory|p1a: Empoleon
|
|-heal|p1a: Empoleon|358\/371|[from] item: Leftovers
|turn|26
|c|âbsuuuu|wish i had rocks
|
|switch|p2a: Celebi|Celebi|327\/403
|-damage|p2a: Celebi|277\/403|[from] Stealth Rock
|switch|p1a: Landorus-Therian|Landorus-Therian, M|36\/327
|-ability|p1a: Landorus-Therian|Intimidate|[of] p2a: Celebi
|-unboost|p2a: Celebi|atk|1
|
|-heal|p2a: Celebi|302\/403|[from] item: Leftovers
|turn|27
|
|switch|p2a: Skarmory|Skarmory, M|333\/333
|-damage|p2a: Skarmory|292\/333|[from] Stealth Rock
|move|p1a: Landorus-Therian|U-turn|p2a: Skarmory
|-crit|p2a: Skarmory
|-resisted|p2a: Skarmory
|-damage|p2a: Skarmory|273\/333
|join|Prankster
|
|switch|p1a: Empoleon|Empoleon, M|358\/371
|
|-heal|p1a: Empoleon|371\/371|[from] item: Leftovers
|turn|28
|
|switch|p2a: Celebi|Celebi|302\/403
|-damage|p2a: Celebi|252\/403|[from] Stealth Rock
|switch|p1a: Salamence|Salamence-Mega, F|177\/331 par
|
|-heal|p2a: Celebi|277\/403|[from] item: Leftovers
|turn|29
|
|move|p2a: Celebi|U-turn|p1a: Salamence
|-crit|p1a: Salamence
|-resisted|p1a: Salamence
|-damage|p1a: Salamence|153\/331 par
|
|switch|p2a: Skarmory|Skarmory, M|273\/333
|-damage|p2a: Skarmory|232\/333|[from] Stealth Rock
|cant|p1a: Salamence|par
|
|turn|30
|
|switch|p1a: Empoleon|Empoleon, M|371\/371
|move|p2a: Skarmory|Roost|p2a: Skarmory
|-heal|p2a: Skarmory|333\/333
|
|turn|31
|
|switch|p2a: Celebi|Celebi|277\/403
|-damage|p2a: Celebi|227\/403|[from] Stealth Rock
|move|p1a: Empoleon|Scald|p2a: Celebi
|-resisted|p2a: Celebi
|-damage|p2a: Celebi|179\/403
|
|-heal|p2a: Celebi|204\/403|[from] item: Leftovers
|turn|32
|
|move|p2a: Celebi|Recover|p2a: Celebi
|-heal|p2a: Celebi|403\/403
|move|p1a: Empoleon|Scald|p2a: Celebi
|-resisted|p2a: Celebi
|-damage|p2a: Celebi|356\/403
|-status|p2a: Celebi|brn
|
|-heal|p2a: Celebi|381\/403 brn|[from] item: Leftovers
|-damage|p2a: Celebi|331\/403 brn|[from] brn
|turn|33
|
|move|p2a: Celebi|Giga Drain|p1a: Empoleon
|-damage|p1a: Empoleon|292\/371
|-heal|p2a: Celebi|371\/403 brn|[from] drain|[of] p1a: Empoleon
|move|p1a: Empoleon|Roar|p2a: Celebi
|drag|p2a: Skarmory|Skarmory, M|333\/333
|-damage|p2a: Skarmory|292\/333|[from] Stealth Rock
|
|-heal|p1a: Empoleon|315\/371|[from] item: Leftovers
|turn|34
|
|switch|p2a: Celebi|Celebi|371\/403
|-damage|p2a: Celebi|321\/403|[from] Stealth Rock
|move|p1a: Empoleon|Roar|p2a: Celebi
|drag|p2a: Thundurus|Thundurus, M|206\/299
|-damage|p2a: Thundurus|132\/299|[from] Stealth Rock
|
|-heal|p2a: Thundurus|150\/299|[from] item: Leftovers
|-heal|p1a: Empoleon|338\/371|[from] item: Leftovers
|turn|35
|
|move|p2a: Thundurus|Thunderbolt|p1a: Empoleon
|-supereffective|p1a: Empoleon
|-damage|p1a: Empoleon|50\/371
|-status|p1a: Empoleon|par
|cant|p1a: Empoleon|par
|
|-heal|p2a: Thundurus|168\/299|[from] item: Leftovers
|-heal|p1a: Empoleon|73\/371 par|[from] item: Leftovers
|turn|36
|-message|Reverb forfeited.
|
|win|bsuuuu
|raw|Ladder updating...
|leave|Reverb
|player|p1
|raw|Reverb's rating: 1637 &rarr; <strong>1611<\/strong><br \/>(-26 for losing)
|raw|bsuuuu's rating: 1537 &rarr; <strong>1563<\/strong><br \/>(+26 for winning)