|join|bsuuuu
|join|FunkyFrap
|player|p1|bsuuuu|43
|player|p2|FunkyFrap|180
|gametype|singles
|gen|6
|tier|ORAS OU
|rated
|rule|Sleep Clause Mod: Limit one foe put to sleep
|rule|Species Clause: Limit one of each PokÃ©mon
|rule|OHKO Clause: OHKO moves are banned
|rule|Moody Clause: Moody is banned
|rule|Evasion Moves Clause: Evasion moves are banned
|rule|Endless Battle Clause: Forcing endless battles is banned
|rule|HP Percentage Mod: HP is shown in percentages
|clearpoke
|poke|p1|Salamence, M
|poke|p1|Klefki, F
|poke|p1|Latias, F
|poke|p1|Garchomp, M
|poke|p1|Magneton
|poke|p1|Azumarill, F
|poke|p2|Breloom, M
|poke|p2|Excadrill, M
|poke|p2|Gallade, M
|poke|p2|Kyurem-Black
|poke|p2|Latias, F
|poke|p2|Arcanine, M
|rule|Swagger Clause: Swagger is banned
|rule|Baton Pass Clause: Limit one PokÃ©mon knowing Baton Pass
|teampreview
|
|start
|switch|p1a: Garchomp|Garchomp, M|357\/357
|switch|p2a: Excadrill|Excadrill, M|361\/361
|-ability|p2a: Excadrill|Mold Breaker
|-item|p2a: Excadrill|Air Balloon
|turn|1
|
|move|p1a: Garchomp|Stealth Rock|p2a: Excadrill
|-sidestart|p2: FunkyFrap|move: Stealth Rock
|move|p2a: Excadrill|Earthquake|p1a: Garchomp
|-damage|p1a: Garchomp|164\/357
|
|turn|2
|
|move|p1a: Garchomp|Outrage|p2a: Excadrill
|-resisted|p2a: Excadrill
|-damage|p2a: Excadrill|206\/361
|-enditem|p2a: Excadrill|Air Balloon
|move|p2a: Excadrill|Earthquake|p1a: Garchomp
|-damage|p1a: Garchomp|0 fnt
|faint|p1a: Garchomp
|
|
|switch|p1a: Salamence|Salamence, M|331\/331
|-ability|p1a: Salamence|Intimidate|[of] p2a: Excadrill
|-unboost|p2a: Excadrill|atk|1
|turn|3
|
|detailschange|p1a: Salamence|Salamence-Mega, M
|message|Salamence has Mega Evolved into Mega Salamence!
|move|p1a: Salamence|Earthquake|p2a: Excadrill
|-supereffective|p2a: Excadrill
|-damage|p2a: Excadrill|0 fnt
|faint|p2a: Excadrill
|
|
|switch|p2a: Arcanine|Arcanine, M|384\/384
|-damage|p2a: Arcanine|288\/384|[from] Stealth Rock
|-ability|p2a: Arcanine|Intimidate|[of] p1a: Salamence
|-unboost|p1a: Salamence|atk|1
|turn|4
|
|switch|p1a: Latias|Latias, F|301\/301
|move|p2a: Arcanine|Will-O-Wisp|p1a: Latias
|-status|p1a: Latias|brn
|
|-heal|p2a: Arcanine|312\/384|[from] item: Leftovers
|-damage|p1a: Latias|264\/301 brn|[from] brn
|turn|5
|
|switch|p2a: Latias|Latias, F|302\/302
|-damage|p2a: Latias|265\/302|[from] Stealth Rock
|move|p1a: Latias|Surf|p2a: Latias
|-resisted|p2a: Latias
|-damage|p2a: Latias|213\/302
|-damage|p1a: Latias|234\/301 brn|[from] item: Life Orb
|
|-damage|p1a: Latias|197\/301 brn|[from] brn
|turn|6
|
|switch|p1a: Azumarill|Azumarill, F|403\/403
|move|p2a: Latias|Defog|p1a: Azumarill
|-unboost|p1a: Azumarill|evasion|1
|-sideend|p2: FunkyFrap|Stealth Rock|[from] move: Defog|[of] p2a: Latias
|
|turn|7
|
|move|p2a: Latias|Psyshock|p1a: Azumarill
|-damage|p1a: Azumarill|192\/403
|-damage|p2a: Latias|183\/302|[from] item: Life Orb
|move|p1a: Azumarill|Play Rough|p2a: Latias
|-supereffective|p2a: Latias
|-damage|p2a: Latias|0 fnt
|faint|p2a: Latias
|
|
|switch|p2a: Breloom|Breloom, M|262\/262
|turn|8
|
|move|p1a: Azumarill|Aqua Jet|p2a: Breloom
|-resisted|p2a: Breloom
|-damage|p2a: Breloom|208\/262
|move|p2a: Breloom|Spore|p1a: Azumarill
|-status|p1a: Azumarill|slp
|
|turn|9
|
|switch|p1a: Magneton|Magneton|241\/241
|move|p2a: Breloom|Rock Tomb|p1a: Magneton
|-resisted|p1a: Magneton
|-damage|p1a: Magneton|164\/241
|-unboost|p1a: Magneton|spe|1
|-damage|p2a: Breloom|182\/262|[from] item: Life Orb
|
|turn|10
|
|move|p2a: Breloom|Mach Punch|p1a: Magneton
|-supereffective|p1a: Magneton
|-damage|p1a: Magneton|0 fnt
|-damage|p2a: Breloom|156\/262|[from] item: Life Orb
|faint|p1a: Magneton
|
|
|switch|p1a: Salamence|Salamence-Mega, M|331\/331
|turn|11
|
|move|p1a: Salamence|Frustration|p2a: Breloom
|-supereffective|p2a: Breloom
|-damage|p2a: Breloom|0 fnt
|faint|p2a: Breloom
|
|
|switch|p2a: Arcanine|Arcanine, M|312\/384
|-ability|p2a: Arcanine|Intimidate|[of] p1a: Salamence
|-unboost|p1a: Salamence|atk|1
|turn|12
|
|switch|p1a: Latias|Latias, F|197\/301 brn
|switch|p2a: Gallade|Gallade, M|278\/278
|
|-damage|p1a: Latias|160\/301 brn|[from] brn
|turn|13
|
|detailschange|p2a: Gallade|Gallade-Mega, M
|message|Gallade has Mega Evolved into Mega Gallade!
|move|p1a: Latias|Draco Meteor|p2a: Gallade|[miss]
|-miss|p1a: Latias|p2a: Gallade
|move|p2a: Gallade|Swords Dance|p2a: Gallade
|-boost|p2a: Gallade|atk|2
|
|-damage|p1a: Latias|123\/301 brn|[from] brn
|turn|14
|
|switch|p1a: Azumarill|Azumarill, F|192\/403 slp
|move|p2a: Gallade|Shadow Sneak|p1a: Azumarill
|-damage|p1a: Azumarill|61\/403 slp
|
|turn|15
|
|move|p2a: Gallade|Swords Dance|p2a: Gallade
|-boost|p2a: Gallade|atk|2
|cant|p1a: Azumarill|slp
|
|turn|16
|
|move|p2a: Gallade|Shadow Sneak|p1a: Azumarill
|-damage|p1a: Azumarill|0 fnt
|faint|p1a: Azumarill
|
|
|switch|p1a: Salamence|Salamence-Mega, M|331\/331
|turn|17
|
|move|p2a: Gallade|Shadow Sneak|p1a: Salamence
|-damage|p1a: Salamence|198\/331
|move|p1a: Salamence|Frustration|p2a: Gallade
|-supereffective|p2a: Gallade
|-damage|p2a: Gallade|0 fnt
|faint|p2a: Gallade
|
|
|switch|p2a: Arcanine|Arcanine, M|312\/384
|-ability|p2a: Arcanine|Intimidate|[of] p1a: Salamence
|-unboost|p1a: Salamence|atk|1
|turn|18
|
|switch|p1a: Klefki|Klefki, F|317\/317
|move|p2a: Arcanine|Flare Blitz|p1a: Klefki
|-supereffective|p1a: Klefki
|-damage|p1a: Klefki|5\/317
|-damage|p2a: Arcanine|209\/384|[from] recoil|[of] p1a: Klefki
|
|-heal|p2a: Arcanine|233\/384|[from] item: Leftovers
|turn|19
|
|move|p1a: Klefki|Reflect|p1a: Klefki
|-sidestart|p1: bsuuuu|Reflect
|move|p2a: Arcanine|Morning Sun|p2a: Arcanine
|-heal|p2a: Arcanine|384\/384
|
|turn|20
|
|move|p1a: Klefki|Thunder Wave|p2a: Arcanine
|-status|p2a: Arcanine|par
|cant|p2a: Arcanine|par
|
|turn|21
|
|move|p1a: Klefki|Spikes|p2a: Arcanine
|-sidestart|p2: FunkyFrap|Spikes
|cant|p2a: Arcanine|par
|
|turn|22
|
|move|p1a: Klefki|Spikes|p2a: Arcanine
|-sidestart|p2: FunkyFrap|Spikes
|move|p2a: Arcanine|Flare Blitz|p1a: Klefki
|-supereffective|p1a: Klefki
|-damage|p1a: Klefki|0 fnt
|-damage|p2a: Arcanine|382\/384 par|[from] recoil|[of] p1a: Klefki
|faint|p1a: Klefki
|
|-heal|p2a: Arcanine|384\/384 par|[from] item: Leftovers
|
|switch|p1a: Latias|Latias, F|123\/301 brn
|turn|23
|
|move|p1a: Latias|Surf|p2a: Arcanine
|-supereffective|p2a: Arcanine
|-damage|p2a: Arcanine|179\/384 par
|-damage|p1a: Latias|93\/301 brn|[from] item: Life Orb
|cant|p2a: Arcanine|par
|
|-heal|p2a: Arcanine|203\/384 par|[from] item: Leftovers
|-damage|p1a: Latias|56\/301 brn|[from] brn
|turn|24
|
|move|p1a: Latias|Draco Meteor|p2a: Arcanine
|-damage|p2a: Arcanine|0 fnt
|-unboost|p1a: Latias|spa|2
|-damage|p1a: Latias|26\/301 brn|[from] item: Life Orb
|faint|p2a: Arcanine
|
|-damage|p1a: Latias|0 fnt|[from] brn
|faint|p1a: Latias
|
|switch|p1a: Salamence|Salamence-Mega, M|198\/331
|switch|p2a: Kyurem-Black|Kyurem-Black|391\/391
|-damage|p2a: Kyurem-Black|326\/391|[from] Spikes
|-ability|p2a: Kyurem-Black|Teravolt
|turn|25
|
|move|p1a: Salamence|Dragon Claw|p2a: Kyurem-Black
|-supereffective|p2a: Kyurem-Black
|-damage|p2a: Kyurem-Black|6\/391
|move|p2a: Kyurem-Black|Ice Beam|p1a: Salamence
|-supereffective|p1a: Salamence
|-damage|p1a: Salamence|0 fnt
|-damage|p2a: Kyurem-Black|0 fnt|[from] item: Life Orb
|faint|p1a: Salamence
|faint|p2a: Kyurem-Black
|
|win|FunkyFrap
|raw|Ladder updating...
|raw|bsuuuu's rating: 1367 &rarr; <strong>1340<\/strong><br \/>(-27 for losing)
|raw|FunkyFrap's rating: 1239 &rarr; <strong>1273<\/strong><br \/>(+34 for winning)
|leave|bsuuuu
|player|p1
|c|âFunkyFrap|good game