|J|Level 56
|J|Qubae
|player|p1|Level 56|144
|player|p2|Qubae|qubae.gif
|gametype|singles
|gen|6
|tier|OU
|clearpoke
|poke|p1|Lopunny, M
|poke|p1|Jirachi
|poke|p1|Hydreigon, F
|poke|p1|Dragalge, F
|poke|p1|Jolteon, M
|poke|p1|Archeops, F
|poke|p2|Probopass, F
|poke|p2|Starmie
|poke|p2|Lopunny, M
|poke|p2|Amoonguss, F
|poke|p2|Flygon, M
|poke|p2|Sharpedo, M
|rule|Swagger Clause: Swagger is banned
|rule|Baton Pass Clause: Limit one PokÃ©mon knowing Baton Pass
|rule|Sleep Clause Mod: Limit one foe put to sleep
|rule|Species Clause: Limit one of each PokÃ©mon
|rule|OHKO Clause: OHKO moves are banned
|rule|Moody Clause: Moody is banned
|rule|Evasion Moves Clause: Evasion moves are banned
|rule|Endless Battle Clause: Forcing endless battles is banned
|rule|HP Percentage Mod: HP is shown in percentages
|teampreview
|
|start
|switch|p1a: Archeops|Archeops, F|291\/291
|switch|p2a: Flygon|Flygon, M|301\/301
|turn|1
|
|move|p2a: Flygon|Stone Edge|p1a: Archeops
|-supereffective|p1a: Archeops
|-enditem|p1a: Archeops|Focus Sash
|-damage|p1a: Archeops|1\/291
|move|p1a: Archeops|Stealth Rock|p2a: Flygon
|-sidestart|p2: Qubae|move: Stealth Rock
|
|turn|2
|
|switch|p1a: Jirachi|Jirachi|341\/341
|move|p2a: Flygon|Stone Edge|p1a: Jirachi
|-crit|p1a: Jirachi
|-resisted|p1a: Jirachi
|-damage|p1a: Jirachi|266\/341
|
|turn|3
|
|switch|p2a: Probopass|Probopass, F|324\/324
|-damage|p2a: Probopass|304\/324|[from] Stealth Rock
|-item|p2a: Probopass|Air Balloon
|move|p1a: Jirachi|U-turn|p2a: Probopass
|-resisted|p2a: Probopass
|-damage|p2a: Probopass|281\/324
|-enditem|p2a: Probopass|Air Balloon
|
|switch|p1a: Hydreigon|Hydreigon, F|325\/325
|
|turn|4
|J|PokeAlert845
|raw|<div class="broadcast-blue"><b><font size=1><i>Global declare from a Developer<br \/><\/i><\/font size>botl sign ups are now closed. If you signed up please join <button name="joinRoom" value="battleoftheleagues">here<\/button><\/b><\/div>
|c|âQubae|oh
|c|âQubae|rofl
|c|âQubae|shit
|c|âQubae|forgot
|
|move|p1a: Hydreigon|Superpower|p2a: Probopass
|-supereffective|p2a: Probopass
|-damage|p2a: Probopass|0 fnt
|-unboost|p1a: Hydreigon|atk|1
|-unboost|p1a: Hydreigon|def|1
|-damage|p1a: Hydreigon|293\/325|[from] item: Life Orb
|faint|p2a: Probopass
|
|
|switch|p2a: Lopunny|Lopunny, M|271\/271
|-damage|p2a: Lopunny|238\/271|[from] Stealth Rock
|turn|5
|
|switch|p1a: Archeops|Archeops, F|1\/291
|detailschange|p2a: Lopunny|Lopunny-Mega, M
|-mega|p2a: Lopunny|Lopunny|Lopunnite
|move|p2a: Lopunny|Fake Out|p1a: Archeops
|-resisted|p1a: Archeops
|-damage|p1a: Archeops|0 fnt
|faint|p1a: Archeops
|
|
|switch|p1a: Lopunny|Lopunny, M|271\/271
|turn|6
|
|switch|p2a: Amoonguss|Amoonguss, F|431\/431
|-damage|p2a: Amoonguss|378\/431|[from] Stealth Rock
|detailschange|p1a: Lopunny|Lopunny-Mega, M
|-mega|p1a: Lopunny|Lopunny|Lopunnite
|move|p1a: Lopunny|Fake Out|p2a: Amoonguss
|-damage|p2a: Amoonguss|282\/431
|
|-heal|p2a: Amoonguss|308\/431|[from] item: Black Sludge
|turn|7
|
|switch|p1a: Hydreigon|Hydreigon, F|293\/325
|move|p2a: Amoonguss|Spore|p1a: Hydreigon
|-status|p1a: Hydreigon|slp
|
|-heal|p2a: Amoonguss|334\/431|[from] item: Black Sludge
|turn|8
|
|switch|p1a: Dragalge|Dragalge, F|333\/333
|switch|p2a: Lopunny|Lopunny-Mega, M|238\/271
|-damage|p2a: Lopunny|222\/271|[from] Stealth Rock
|
|turn|9
|
|switch|p1a: Jirachi|Jirachi|266\/341
|move|p2a: Lopunny|Return|p1a: Jirachi
|-resisted|p1a: Jirachi
|-damage|p1a: Jirachi|175\/341
|
|turn|10
|
|switch|p2a: Amoonguss|Amoonguss, F|431\/431
|-damage|p2a: Amoonguss|378\/431|[from] Stealth Rock
|move|p1a: Jirachi|Iron Head|p2a: Amoonguss
|-crit|p2a: Amoonguss
|-damage|p2a: Amoonguss|144\/431
|
|-heal|p2a: Amoonguss|170\/431|[from] item: Black Sludge
|turn|11
|
|switch|p1a: Dragalge|Dragalge, F|333\/333
|switch|p2a: Sharpedo|Sharpedo, M|281\/281
|-damage|p2a: Sharpedo|246\/281|[from] Stealth Rock
|
|turn|12
|
|move|p2a: Sharpedo|Protect|p2a: Sharpedo
|-singleturn|p2a: Sharpedo|Protect
|move|p1a: Dragalge|Dragon Pulse|p2a: Sharpedo
|-activate|p2a: Sharpedo|Protect
|
|-boost|p2a: Sharpedo|spe|1|[from] ability: Speed Boost
|turn|13
|
|move|p2a: Sharpedo|Ice Fang|p1a: Dragalge
|-supereffective|p1a: Dragalge
|-damage|p1a: Dragalge|122\/333
|-damage|p2a: Sharpedo|218\/281|[from] item: Life Orb
|move|p1a: Dragalge|Dragon Pulse|p2a: Sharpedo
|-damage|p2a: Sharpedo|0 fnt
|faint|p2a: Sharpedo
|
|
|switch|p2a: Lopunny|Lopunny-Mega, M|222\/271
|-damage|p2a: Lopunny|206\/271|[from] Stealth Rock
|turn|14
|
|switch|p1a: Hydreigon|Hydreigon, F|293\/325 slp
|move|p2a: Lopunny|High Jump Kick|p1a: Hydreigon
|-supereffective|p1a: Hydreigon
|-damage|p1a: Hydreigon|0 fnt
|faint|p1a: Hydreigon
|
|
|switch|p1a: Jirachi|Jirachi|175\/341
|turn|15
|
|move|p1a: Jirachi|U-turn|p2a: Lopunny
|-resisted|p2a: Lopunny
|-damage|p2a: Lopunny|170\/271
|
|switch|p1a: Dragalge|Dragalge, F|122\/333
|move|p2a: Lopunny|High Jump Kick|p1a: Dragalge
|-resisted|p1a: Dragalge
|-damage|p1a: Dragalge|0 fnt
|faint|p1a: Dragalge
|
|
|switch|p1a: Jirachi|Jirachi|175\/341
|turn|16
|
|switch|p2a: Starmie|Starmie|261\/261
|-damage|p2a: Starmie|229\/261|[from] Stealth Rock
|move|p1a: Jirachi|Iron Head|p2a: Starmie
|-resisted|p2a: Starmie
|-damage|p2a: Starmie|161\/261
|
|turn|17
|
|switch|p1a: Jolteon|Jolteon, M|271\/271
|move|p2a: Starmie|Hydro Pump|p1a: Jolteon|[miss]
|-miss|p2a: Starmie|p1a: Jolteon
|
|turn|18
|
|switch|p2a: Amoonguss|Amoonguss, F|313\/431
|-damage|p2a: Amoonguss|260\/431|[from] Stealth Rock
|move|p1a: Jolteon|Shadow Ball|p2a: Amoonguss
|-damage|p2a: Amoonguss|172\/431
|-damage|p1a: Jolteon|244\/271|[from] item: Life Orb
|
|-heal|p2a: Amoonguss|198\/431|[from] item: Black Sludge
|turn|19
|
|move|p1a: Jolteon|Hidden Power|p2a: Amoonguss
|-supereffective|p2a: Amoonguss
|-damage|p2a: Amoonguss|50\/431
|-damage|p1a: Jolteon|217\/271|[from] item: Life Orb
|move|p2a: Amoonguss|Spore|p1a: Jolteon
|-status|p1a: Jolteon|slp
|
|-heal|p2a: Amoonguss|76\/431|[from] item: Black Sludge
|turn|20
|
|switch|p2a: Flygon|Flygon, M|301\/301
|-damage|p2a: Flygon|283\/301|[from] Stealth Rock
|cant|p1a: Jolteon|slp
|
|turn|21
|
|move|p2a: Flygon|Earthquake|p1a: Jolteon
|-supereffective|p1a: Jolteon
|-damage|p1a: Jolteon|0 fnt
|faint|p1a: Jolteon
|
|L|PokeAlert845
|
|switch|p1a: Lopunny|Lopunny-Mega, M|271\/271
|turn|22
|
|switch|p2a: Amoonguss|Amoonguss, F|219\/431
|-damage|p2a: Amoonguss|166\/431|[from] Stealth Rock
|move|p1a: Lopunny|Ice Punch|p2a: Amoonguss
|-supereffective|p2a: Amoonguss
|-damage|p2a: Amoonguss|0 fnt
|faint|p2a: Amoonguss
|
|
|switch|p2a: Flygon|Flygon, M|283\/301
|-damage|p2a: Flygon|265\/301|[from] Stealth Rock
|turn|23
|
|move|p2a: Flygon|Earthquake|p1a: Lopunny
|-damage|p1a: Lopunny|105\/271
|move|p1a: Lopunny|Ice Punch|p2a: Flygon
|-supereffective|p2a: Flygon
|-damage|p2a: Flygon|0 fnt
|faint|p2a: Flygon
|
|
|switch|p2a: Lopunny|Lopunny-Mega, M|170\/271
|-damage|p2a: Lopunny|154\/271|[from] Stealth Rock
|turn|24
|
|move|p1a: Lopunny|Return|p2a: Lopunny
|-damage|p2a: Lopunny|0 fnt
|faint|p2a: Lopunny
|
|c|âQubae|sigh
|
|switch|p2a: Starmie|Starmie|161\/261
|-damage|p2a: Starmie|129\/261|[from] Stealth Rock
|turn|25
|
|move|p1a: Lopunny|Return|p2a: Starmie
|-damage|p2a: Starmie|0 fnt
|faint|p2a: Starmie
|
|win|Level 56
|L|Qubae
|player|p2