|join|Feeling The Moment
|join|Level 56
|player|p1|Feeling The Moment|267
|player|p2|Level 56|144
|gametype|singles
|gen|6
|tier|OU
|clearpoke
|poke|p1|Sunflora, M
|poke|p1|Tyranitar, F
|poke|p1|Braviary, M
|poke|p1|Regice
|poke|p1|Salamence, F
|poke|p1|Sigilyph, M
|poke|p2|Frogadier, M
|poke|p2|Magneton
|poke|p2|Kabutops, M
|poke|p2|Simisage, M
|poke|p2|Manaphy
|poke|p2|Ditto
|rule|Swagger Clause: Swagger is banned
|rule|Baton Pass Clause: Limit one PokÃ©mon knowing Baton Pass
|rule|Sleep Clause Mod: Limit one foe put to sleep
|rule|Species Clause: Limit one of each PokÃ©mon
|rule|OHKO Clause: OHKO moves are banned
|rule|Moody Clause: Moody is banned
|rule|Evasion Moves Clause: Evasion moves are banned
|rule|Endless Battle Clause: Forcing endless battles is banned
|rule|HP Percentage Mod: HP is shown in percentages
|teampreview
|c|âFeeling The Moment|gl
|
|start
|switch|p1a: Regice|Regice|363\/363
|switch|p2a: Kabutops|Kabutops, M|262\/262
|turn|1
|
|switch|p1a: Tyranitar|Tyranitar, F|401\/401
|-weather|Sandstorm
|move|p2a: Kabutops|Stealth Rock|p1a: Tyranitar
|-sidestart|p1: Feeling The Moment|move: Stealth Rock
|
|-weather|Sandstorm|[upkeep]
|turn|2
|
|move|p2a: Kabutops|Waterfall|p1a: Tyranitar
|-supereffective|p1a: Tyranitar
|-enditem|p1a: Tyranitar|Passho Berry|[eat]
|-damage|p1a: Tyranitar|296\/401
|cant|p1a: Tyranitar|flinch
|
|-weather|Sandstorm|[upkeep]
|turn|3
|
|move|p2a: Kabutops|Waterfall|p1a: Tyranitar
|-supereffective|p1a: Tyranitar
|-damage|p1a: Tyranitar|78\/401
|move|p1a: Tyranitar|Counter|p2a: Kabutops
|-enditem|p2a: Kabutops|Focus Sash
|-damage|p2a: Kabutops|1\/262
|-boost|p2a: Kabutops|spe|1|[from] ability: Weak Armor
|-unboost|p2a: Kabutops|def|1|[from] ability: Weak Armor
|
|-weather|Sandstorm|[upkeep]
|turn|4
|
|move|p2a: Kabutops|Stone Edge|p1a: Tyranitar|[miss]
|-miss|p2a: Kabutops|p1a: Tyranitar
|move|p1a: Tyranitar|Earthquake|p2a: Kabutops
|-supereffective|p2a: Kabutops
|-damage|p2a: Kabutops|0 fnt
|faint|p2a: Kabutops
|
|-weather|Sandstorm|[upkeep]
|
|switch|p2a: Simisage|Simisage, M|291\/291
|turn|5
|
|move|p2a: Simisage|Seed Bomb|p1a: Tyranitar
|-supereffective|p1a: Tyranitar
|-damage|p1a: Tyranitar|0 fnt
|faint|p1a: Tyranitar
|
|-weather|none
|
|switch|p1a: Sigilyph|Sigilyph, M|285\/285
|turn|6
|
|switch|p2a: Magneton|Magneton|303\/303
|move|p1a: Sigilyph|Heat Wave|p2a: Magneton
|-supereffective|p2a: Magneton
|-damage|p2a: Magneton|79\/303
|
|turn|7
|
|switch|p1a: Sunflora|Sunflora, M|353\/353
|-damage|p1a: Sunflora|309\/353|[from] Stealth Rock
|switch|p2a: Manaphy|Manaphy|404\/404
|
|-heal|p1a: Sunflora|331\/353|[from] item: Leftovers
|turn|8
|
|move|p2a: Manaphy|Substitute|p2a: Manaphy
|-start|p2a: Manaphy|Substitute
|-damage|p2a: Manaphy|303\/404
|move|p1a: Sunflora|Giga Drain|p2a: Manaphy
|-supereffective|p2a: Manaphy
|-end|p2a: Manaphy|Substitute
|-heal|p1a: Sunflora|353\/353|[from] drain|[of] p2a: Manaphy
|
|-heal|p2a: Manaphy|328\/404|[from] item: Leftovers
|turn|9
|
|switch|p2a: Simisage|Simisage, M|291\/291
|move|p1a: Sunflora|Giga Drain|p2a: Simisage
|-resisted|p2a: Simisage
|-damage|p2a: Simisage|228\/291
|
|-heal|p2a: Simisage|246\/291|[from] item: Leftovers
|turn|10
|
|move|p2a: Simisage|Substitute|p2a: Simisage
|-start|p2a: Simisage|Substitute
|-damage|p2a: Simisage|174\/291
|move|p1a: Sunflora|Sludge Bomb|p2a: Simisage
|-supereffective|p2a: Simisage
|-end|p2a: Simisage|Substitute
|
|-heal|p2a: Simisage|192\/291|[from] item: Leftovers
|turn|11
|
|move|p2a: Simisage|Gunk Shot|p1a: Sunflora
|-supereffective|p1a: Sunflora
|-damage|p1a: Sunflora|5\/353
|-status|p1a: Sunflora|psn
|move|p1a: Sunflora|Sludge Bomb|p2a: Simisage
|-supereffective|p2a: Simisage
|-damage|p2a: Simisage|0 fnt
|faint|p2a: Simisage
|
|-heal|p1a: Sunflora|27\/353 psn|[from] item: Leftovers
|-damage|p1a: Sunflora|0 fnt|[from] psn
|faint|p1a: Sunflora
|
|switch|p2a: Frogadier|Frogadier, M|249\/249
|switch|p1a: Regice|Regice|363\/363
|-damage|p1a: Regice|273\/363|[from] Stealth Rock
|turn|12
|
|move|p2a: Frogadier|Low Kick|p1a: Regice
|-start|p2a: Frogadier|typechange|Fighting|[from] Protean
|-supereffective|p1a: Regice
|-damage|p1a: Regice|8\/363
|-damage|p2a: Frogadier|225\/249|[from] item: Life Orb
|move|p1a: Regice|Rock Polish|p1a: Regice
|-boost|p1a: Regice|spe|2
|
|turn|13
|
|switch|p2a: Ditto|Ditto|299\/299
|-transform|p2a: Ditto|p1a: Regice
|move|p1a: Regice|Ice Beam|p2a: Ditto
|-resisted|p2a: Ditto
|-damage|p2a: Ditto|252\/299
|-damage|p1a: Regice|0 fnt|[from] item: Life Orb
|faint|p1a: Regice
|
|
|switch|p1a: Sigilyph|Sigilyph, M|285\/285
|turn|14
|
|move|p2a: Ditto|Ice Beam|p1a: Sigilyph
|-supereffective|p1a: Sigilyph
|-damage|p1a: Sigilyph|0 fnt
|faint|p1a: Sigilyph
|
|
|switch|p1a: Braviary|Braviary, M|361\/361
|-damage|p1a: Braviary|271\/361|[from] Stealth Rock
|turn|15
|
|move|p2a: Ditto|Ice Beam|p1a: Braviary
|-supereffective|p1a: Braviary
|-damage|p1a: Braviary|0 fnt
|faint|p1a: Braviary
|
|
|switch|p1a: Salamence|Salamence, F|391\/391
|-damage|p1a: Salamence|294\/391|[from] Stealth Rock
|-ability|p1a: Salamence|Intimidate|[of] p2a: Ditto
|-fail|p2a: Ditto|unboost|[from] ability: Clear Body|[of] p2a: Ditto
|turn|16
|
|move|p2a: Ditto|Ice Beam|p1a: Salamence
|-supereffective|p1a: Salamence
|-damage|p1a: Salamence|0 fnt
|faint|p1a: Salamence
|
|win|Level 56
|leave|Feeling The Moment
|player|p1