|join|Level 56
|join|Pn Crd
|player|p1|Level 56|275
|player|p2|Pn Crd|169
|gametype|singles
|gen|6
|tier|OU (suspect test)
|rated
|clearpoke
|poke|p1|Metagross
|poke|p1|Keldeo-Resolute
|poke|p1|Dragonite, F
|poke|p1|Infernape, M
|poke|p1|Thundurus, M
|poke|p1|Bisharp, F
|poke|p2|Cresselia, F
|poke|p2|Tentacruel, F
|poke|p2|Gliscor, M
|poke|p2|Charizard, F
|poke|p2|Chansey, F
|poke|p2|Clefable, F
|rule|Swagger Clause: Swagger is banned
|rule|Baton Pass Clause: Limit one PokÃ©mon knowing Baton Pass
|rule|Sleep Clause Mod: Limit one foe put to sleep
|rule|Species Clause: Limit one of each PokÃ©mon
|rule|OHKO Clause: OHKO moves are banned
|rule|Moody Clause: Moody is banned
|rule|Evasion Moves Clause: Evasion moves are banned
|rule|Endless Battle Clause: Forcing endless battles is banned
|rule|HP Percentage Mod: HP is shown in percentages
|teampreview
|
|start
|switch|p1a: Bisharp|Bisharp, F|272\/272
|switch|p2a: Gliscor|Gliscor, M|354\/354
|turn|1
|
|move|p1a: Bisharp|Knock Off|p2a: Gliscor
|-damage|p2a: Gliscor|224\/354
|-enditem|p2a: Gliscor|Toxic Orb|[from] move: Knock Off|[of] p1a: Bisharp
|-damage|p1a: Bisharp|245\/272|[from] item: Life Orb
|move|p2a: Gliscor|Knock Off|p1a: Bisharp
|-resisted|p1a: Bisharp
|-damage|p1a: Bisharp|209\/272
|-enditem|p1a: Bisharp|Life Orb|[from] move: Knock Off|[of] p2a: Gliscor
|
|turn|2
|
|switch|p1a: Infernape|Infernape, M|293\/293
|move|p2a: Gliscor|Roost|p2a: Gliscor
|-heal|p2a: Gliscor|354\/354
|
|turn|3
|
|move|p1a: Infernape|Stealth Rock|p2a: Gliscor
|-sidestart|p2: Pn Crd|move: Stealth Rock
|move|p2a: Gliscor|Earthquake|p1a: Infernape
|-crit|p1a: Infernape
|-supereffective|p1a: Infernape
|-enditem|p1a: Infernape|Focus Sash
|-damage|p1a: Infernape|1\/293
|
|turn|4
|
|move|p1a: Infernape|Endeavor|p2a: Gliscor
|-damage|p2a: Gliscor|1\/354
|move|p2a: Gliscor|Roost|p2a: Gliscor
|-heal|p2a: Gliscor|178\/354
|
|turn|5
|
|move|p1a: Infernape|Fire Blast|p2a: Gliscor
|-damage|p2a: Gliscor|0 fnt
|faint|p2a: Gliscor
|
|
|switch|p2a: Tentacruel|Tentacruel, F|363\/363
|-damage|p2a: Tentacruel|318\/363|[from] Stealth Rock
|turn|6
|
|move|p1a: Infernape|Endeavor|p2a: Tentacruel
|-damage|p2a: Tentacruel|1\/363
|move|p2a: Tentacruel|Rapid Spin|p1a: Infernape
|-damage|p1a: Infernape|0 fnt
|-sideend|p2: Pn Crd|Stealth Rock|[from] move: Rapid Spin|[of] p2a: Tentacruel
|faint|p1a: Infernape
|
|-heal|p2a: Tentacruel|23\/363|[from] item: Black Sludge
|
|switch|p1a: Thundurus|Thundurus, M|299\/299
|turn|7
|
|switch|p2a: Chansey|Chansey, F|703\/703
|move|p1a: Thundurus|Thunderbolt|p2a: Chansey
|-damage|p2a: Chansey|578\/703
|-status|p2a: Chansey|par
|-damage|p1a: Thundurus|270\/299|[from] item: Life Orb
|
|turn|8
|
|move|p1a: Thundurus|Superpower|p2a: Chansey
|-supereffective|p2a: Chansey
|-damage|p2a: Chansey|232\/703 par
|-unboost|p1a: Thundurus|atk|1
|-unboost|p1a: Thundurus|def|1
|-damage|p1a: Thundurus|241\/299|[from] item: Life Orb
|cant|p2a: Chansey|par
|
|turn|9
|
|move|p1a: Thundurus|Superpower|p2a: Chansey
|-supereffective|p2a: Chansey
|-damage|p2a: Chansey|0 fnt
|-unboost|p1a: Thundurus|atk|1
|-unboost|p1a: Thundurus|def|1
|-damage|p1a: Thundurus|212\/299|[from] item: Life Orb
|faint|p2a: Chansey
|
|
|switch|p2a: Charizard|Charizard, F|307\/307
|turn|10
|
|detailschange|p2a: Charizard|Charizard-Mega-X, F
|-mega|p2a: Charizard|Charizard|Charizardite X
|move|p1a: Thundurus|Thunder Wave|p2a: Charizard
|-status|p2a: Charizard|par
|move|p2a: Charizard|Dragon Claw|p1a: Thundurus
|-damage|p1a: Thundurus|0 fnt
|faint|p1a: Thundurus
|
|
|switch|p1a: Keldeo-Resolute|Keldeo-Resolute|323\/323
|turn|11
|
|switch|p2a: Tentacruel|Tentacruel, F|23\/363
|move|p1a: Keldeo-Resolute|Scald|p2a: Tentacruel
|-resisted|p2a: Tentacruel
|-damage|p2a: Tentacruel|0 fnt
|faint|p2a: Tentacruel
|
|
|switch|p2a: Cresselia|Cresselia, F|443\/443
|turn|12
|
|switch|p1a: Bisharp|Bisharp, F|209\/272
|move|p2a: Cresselia|Thunder Wave|p1a: Bisharp
|-status|p1a: Bisharp|par
|
|turn|13
|
|move|p1a: Bisharp|Pursuit|p2a: Cresselia|[from]Pursuit
|-crit|p2a: Cresselia
|-supereffective|p2a: Cresselia
|-damage|p2a: Cresselia|155\/443
|switch|p2a: Clefable|Clefable, F|393\/393
|
|turn|14
|
|switch|p1a: Metagross|Metagross|302\/302
|move|p2a: Clefable|Flamethrower|p1a: Metagross
|-supereffective|p1a: Metagross
|-damage|p1a: Metagross|152\/302
|
|turn|15
|
|detailschange|p1a: Metagross|Metagross-Mega
|-mega|p1a: Metagross|Metagross|Metagrossite
|move|p1a: Metagross|Zen Headbutt|p2a: Clefable
|-damage|p2a: Clefable|215\/393
|move|p2a: Clefable|Stealth Rock|p1a: Metagross
|-sidestart|p1: Level 56|move: Stealth Rock
|
|-heal|p2a: Clefable|239\/393|[from] item: Leftovers
|turn|16
|
|move|p1a: Metagross|Meteor Mash|p2a: Clefable
|-crit|p2a: Clefable
|-supereffective|p2a: Clefable
|-damage|p2a: Clefable|0 fnt
|faint|p2a: Clefable
|
|
|switch|p2a: Charizard|Charizard-Mega-X, F|307\/307 par
|turn|17
|
|switch|p1a: Keldeo-Resolute|Keldeo-Resolute|323\/323
|-damage|p1a: Keldeo-Resolute|303\/323|[from] Stealth Rock
|cant|p2a: Charizard|par
|
|turn|18
|c|âPn Crd|on point!!!
|c|âPn Crd|gg
|-message|Pn Crd forfeited.
|
|win|Level 56
|raw|Ladder updating...
|leave|Pn Crd
|raw|Level 56's rating: 1509 &rarr; <strong>1524<\/strong><br \/>(+15 for winning)
|raw|Pn Crd's rating: 1419 &rarr; <strong>1404<\/strong><br \/>(-15 for losing)
|player|p2