|join|Level 56
|join|CykoMore
|player|p1|Level 56|275
|player|p2|CykoMore|69
|gametype|singles
|gen|6
|tier|OU (suspect test)
|rated
|clearpoke
|poke|p1|Metagross
|poke|p1|Keldeo-Resolute
|poke|p1|Dragonite, F
|poke|p1|Infernape, M
|poke|p1|Thundurus, M
|poke|p1|Bisharp, M
|poke|p2|Latias, F
|poke|p2|Heatran, F
|poke|p2|Gengar, F
|poke|p2|Rotom-Wash
|poke|p2|Gyarados, M
|poke|p2|Keldeo
|rule|Swagger Clause: Swagger is banned
|rule|Baton Pass Clause: Limit one PokÃ©mon knowing Baton Pass
|rule|Sleep Clause Mod: Limit one foe put to sleep
|rule|Species Clause: Limit one of each PokÃ©mon
|rule|OHKO Clause: OHKO moves are banned
|rule|Moody Clause: Moody is banned
|rule|Evasion Moves Clause: Evasion moves are banned
|rule|Endless Battle Clause: Forcing endless battles is banned
|rule|HP Percentage Mod: HP is shown in percentages
|teampreview
|
|start
|switch|p1a: Infernape|Infernape, M|293\/293
|switch|p2a: Rotom-Wash|Rotom-Wash|304\/304
|turn|1
|
|move|p1a: Infernape|Stealth Rock|p2a: Rotom-Wash
|-sidestart|p2: CykoMore|move: Stealth Rock
|move|p2a: Rotom-Wash|Thunder Wave|p1a: Infernape
|-status|p1a: Infernape|par
|
|turn|2
|
|move|p2a: Rotom-Wash|Hydro Pump|p1a: Infernape|[miss]
|-miss|p2a: Rotom-Wash|p1a: Infernape
|move|p1a: Infernape|Endeavor|p2a: Rotom-Wash
|-damage|p2a: Rotom-Wash|293\/304
|
|-heal|p2a: Rotom-Wash|304\/304|[from] item: Leftovers
|turn|3
|
|move|p2a: Rotom-Wash|Volt Switch|p1a: Infernape
|-damage|p1a: Infernape|173\/293 par
|
|switch|p2a: Gengar|Gengar, F|261\/261
|-damage|p2a: Gengar|229\/261|[from] Stealth Rock
|move|p1a: Infernape|Fire Blast|p2a: Gengar
|-crit|p2a: Gengar
|-damage|p2a: Gengar|0 fnt
|faint|p2a: Gengar
|
|
|switch|p2a: Keldeo|Keldeo|323\/323
|-damage|p2a: Keldeo|303\/323|[from] Stealth Rock
|turn|4
|
|move|p1a: Infernape|Vacuum Wave|p2a: Keldeo
|-damage|p2a: Keldeo|236\/323
|move|p2a: Keldeo|Scald|p1a: Infernape
|-supereffective|p1a: Infernape
|-damage|p1a: Infernape|0 fnt
|faint|p1a: Infernape
|
|
|switch|p1a: Thundurus|Thundurus, M|299\/299
|turn|5
|
|switch|p2a: Latias|Latias, F|301\/301
|-damage|p2a: Latias|264\/301|[from] Stealth Rock
|move|p1a: Thundurus|Thunderbolt|p2a: Latias
|-resisted|p2a: Latias
|-damage|p2a: Latias|177\/301
|-damage|p1a: Thundurus|270\/299|[from] item: Life Orb
|
|turn|6
|
|switch|p1a: Metagross|Metagross|302\/302
|switch|p2a: Gyarados|Gyarados, M|331\/331
|-damage|p2a: Gyarados|249\/331|[from] Stealth Rock
|-ability|p2a: Gyarados|Intimidate|[of] p1a: Metagross
|-fail|p1a: Metagross|unboost|[from] ability: Clear Body|[of] p1a: Metagross
|
|turn|7
|
|detailschange|p1a: Metagross|Metagross-Mega
|-mega|p1a: Metagross|Metagross|Metagrossite
|detailschange|p2a: Gyarados|Gyarados-Mega, M
|-mega|p2a: Gyarados|Gyarados|Gyaradosite
|-ability|p2a: Gyarados|Mold Breaker
|move|p1a: Metagross|Thunder Punch|p2a: Gyarados
|-crit|p2a: Gyarados
|-supereffective|p2a: Gyarados
|-damage|p2a: Gyarados|0 fnt
|faint|p2a: Gyarados
|
|
|switch|p2a: Rotom-Wash|Rotom-Wash|304\/304
|-damage|p2a: Rotom-Wash|266\/304|[from] Stealth Rock
|turn|8
|
|switch|p1a: Thundurus|Thundurus, M|270\/299
|move|p2a: Rotom-Wash|Thunder Wave|p1a: Thundurus
|-fail|p1a: Thundurus
|
|-heal|p2a: Rotom-Wash|285\/304|[from] item: Leftovers
|turn|9
|-message|CykoMore forfeited.
|leave|CykoMore
|
|win|Level 56
|raw|Ladder updating...
|raw|Level 56's rating: 1371 &rarr; <strong>1386<\/strong><br \/>(+15 for winning)
|raw|CykoMore's rating: 1269 &rarr; <strong>1251<\/strong><br \/>(-18 for losing)
|player|p2