|join|Level 56
|join|RoasterthanRotomH
|player|p1|Level 56|275
|player|p2|RoasterthanRotomH|291
|gametype|singles
|gen|6
|tier|OU (suspect test)
|rated
|clearpoke
|poke|p1|Metagross
|poke|p1|Keldeo-Resolute
|poke|p1|Dragonite, M
|poke|p1|Infernape, F
|poke|p1|Thundurus, M
|poke|p1|Bisharp, F
|poke|p2|Venusaur, F
|poke|p2|Keldeo-Resolute
|poke|p2|Bisharp, M
|poke|p2|Heatran, M
|poke|p2|Skarmory, F
|poke|p2|Landorus-Therian, M
|rule|Swagger Clause: Swagger is banned
|rule|Baton Pass Clause: Limit one PokÃ©mon knowing Baton Pass
|rule|Sleep Clause Mod: Limit one foe put to sleep
|rule|Species Clause: Limit one of each PokÃ©mon
|rule|OHKO Clause: OHKO moves are banned
|rule|Moody Clause: Moody is banned
|rule|Evasion Moves Clause: Evasion moves are banned
|rule|Endless Battle Clause: Forcing endless battles is banned
|rule|HP Percentage Mod: HP is shown in percentages
|teampreview
|
|start
|switch|p1a: Infernape|Infernape, F|293\/293
|switch|p2a: Venusaur|Venusaur, F|340\/340
|turn|1
|
|detailschange|p2a: Venusaur|Venusaur-Mega, F
|-mega|p2a: Venusaur|Venusaur|Venusaurite
|move|p1a: Infernape|Stealth Rock|p2a: Venusaur
|-sidestart|p2: RoasterthanRotomH|move: Stealth Rock
|move|p2a: Venusaur|Sludge Bomb|p1a: Infernape
|-damage|p1a: Infernape|86\/293
|
|turn|2
|
|move|p1a: Infernape|Endeavor|p2a: Venusaur
|-damage|p2a: Venusaur|86\/340
|move|p2a: Venusaur|Sludge Bomb|p1a: Infernape
|-damage|p1a: Infernape|0 fnt
|faint|p1a: Infernape
|
|
|switch|p1a: Metagross|Metagross|302\/302
|turn|3
|
|switch|p2a: Skarmory|Skarmory, F|334\/334
|-damage|p2a: Skarmory|293\/334|[from] Stealth Rock
|detailschange|p1a: Metagross|Metagross-Mega
|-mega|p1a: Metagross|Metagross|Metagrossite
|move|p1a: Metagross|Meteor Mash|p2a: Skarmory
|-resisted|p2a: Skarmory
|-damage|p2a: Skarmory|230\/334
|
|-heal|p2a: Skarmory|250\/334|[from] item: Leftovers
|turn|4
|
|move|p1a: Metagross|Thunder Punch|p2a: Skarmory
|-supereffective|p2a: Skarmory
|-damage|p2a: Skarmory|114\/334
|move|p2a: Skarmory|Defog|p1a: Metagross
|-unboost|p1a: Metagross|evasion|1
|-sideend|p2: RoasterthanRotomH|Stealth Rock|[from] move: Defog|[of] p2a: Skarmory
|
|-heal|p2a: Skarmory|134\/334|[from] item: Leftovers
|turn|5
|
|switch|p2a: Heatran|Heatran, M|386\/386
|move|p1a: Metagross|Thunder Punch|p2a: Heatran
|-damage|p2a: Heatran|269\/386
|
|-heal|p2a: Heatran|293\/386|[from] item: Leftovers
|turn|6
|
|move|p2a: Heatran|Protect|p2a: Heatran
|-singleturn|p2a: Heatran|Protect
|move|p1a: Metagross|Hammer Arm|p2a: Heatran
|-activate|p2a: Heatran|Protect
|
|-heal|p2a: Heatran|317\/386|[from] item: Leftovers
|turn|7
|
|switch|p1a: Keldeo-Resolute|Keldeo-Resolute|323\/323
|switch|p2a: Landorus-Therian|Landorus-Therian, M|320\/320
|-ability|p2a: Landorus-Therian|Intimidate|[of] p1a: Keldeo-Resolute
|-unboost|p1a: Keldeo-Resolute|atk|1
|
|turn|8
|
|move|p2a: Landorus-Therian|U-turn|p1a: Keldeo-Resolute
|-resisted|p1a: Keldeo-Resolute
|-damage|p1a: Keldeo-Resolute|278\/323
|
|switch|p2a: Keldeo-Resolute|Keldeo-Resolute|323\/323
|move|p1a: Keldeo-Resolute|Scald|p2a: Keldeo-Resolute
|-resisted|p2a: Keldeo-Resolute
|-damage|p2a: Keldeo-Resolute|206\/323
|
|turn|9
|
|switch|p1a: Dragonite|Dragonite, M|324\/324
|move|p2a: Keldeo-Resolute|Icy Wind|p1a: Dragonite
|-supereffective|p1a: Dragonite
|-damage|p1a: Dragonite|112\/324
|-unboost|p1a: Dragonite|spe|1
|
|turn|10
|
|switch|p2a: Landorus-Therian|Landorus-Therian, M|320\/320
|-ability|p2a: Landorus-Therian|Intimidate|[of] p1a: Dragonite
|-unboost|p1a: Dragonite|atk|1
|switch|p1a: Keldeo-Resolute|Keldeo-Resolute|278\/323
|
|turn|11
|
|switch|p2a: Venusaur|Venusaur-Mega, F|86\/340
|move|p1a: Keldeo-Resolute|Scald|p2a: Venusaur
|-resisted|p2a: Venusaur
|-damage|p2a: Venusaur|0 fnt
|faint|p2a: Venusaur
|
|
|switch|p2a: Keldeo-Resolute|Keldeo-Resolute|206\/323
|turn|12
|
|switch|p1a: Dragonite|Dragonite, M|112\/324
|move|p2a: Keldeo-Resolute|Secret Sword|p1a: Dragonite
|-resisted|p1a: Dragonite
|-damage|p1a: Dragonite|0 fnt
|faint|p1a: Dragonite
|
|
|switch|p1a: Thundurus|Thundurus, M|299\/299
|turn|13
|
|switch|p2a: Heatran|Heatran, M|317\/386
|move|p1a: Thundurus|Hidden Power|p2a: Heatran
|-resisted|p2a: Heatran
|-damage|p2a: Heatran|300\/386
|-damage|p1a: Thundurus|270\/299|[from] item: Life Orb
|
|-heal|p2a: Heatran|324\/386|[from] item: Leftovers
|turn|14
|
|switch|p1a: Keldeo-Resolute|Keldeo-Resolute|278\/323
|move|p2a: Heatran|Roar|p1a: Keldeo-Resolute
|drag|p1a: Thundurus|Thundurus, M|270\/299
|
|-heal|p2a: Heatran|348\/386|[from] item: Leftovers
|turn|15
|
|switch|p1a: Keldeo-Resolute|Keldeo-Resolute|278\/323
|move|p2a: Heatran|Stealth Rock|p1a: Keldeo-Resolute
|-sidestart|p1: Level 56|move: Stealth Rock
|
|-heal|p2a: Heatran|372\/386|[from] item: Leftovers
|turn|16
|
|move|p2a: Heatran|Protect|p2a: Heatran
|-singleturn|p2a: Heatran|Protect
|move|p1a: Keldeo-Resolute|Scald|p2a: Heatran
|-activate|p2a: Heatran|Protect
|
|-heal|p2a: Heatran|386\/386|[from] item: Leftovers
|turn|17
|
|switch|p2a: Keldeo-Resolute|Keldeo-Resolute|206\/323
|move|p1a: Keldeo-Resolute|Scald|p2a: Keldeo-Resolute
|-resisted|p2a: Keldeo-Resolute
|-damage|p2a: Keldeo-Resolute|89\/323
|
|turn|18
|
|move|p1a: Keldeo-Resolute|Scald|p2a: Keldeo-Resolute
|-resisted|p2a: Keldeo-Resolute
|-damage|p2a: Keldeo-Resolute|0 fnt
|faint|p2a: Keldeo-Resolute
|
|
|switch|p2a: Heatran|Heatran, M|386\/386
|turn|19
|
|move|p1a: Keldeo-Resolute|Scald|p2a: Heatran
|-supereffective|p2a: Heatran
|-damage|p2a: Heatran|108\/386
|move|p2a: Heatran|Lava Plume|p1a: Keldeo-Resolute
|-resisted|p1a: Keldeo-Resolute
|-damage|p1a: Keldeo-Resolute|216\/323
|
|-heal|p2a: Heatran|132\/386|[from] item: Leftovers
|turn|20
|
|move|p1a: Keldeo-Resolute|Scald|p2a: Heatran
|-supereffective|p2a: Heatran
|-damage|p2a: Heatran|0 fnt
|faint|p2a: Heatran
|
|
|switch|p2a: Landorus-Therian|Landorus-Therian, M|320\/320
|-ability|p2a: Landorus-Therian|Intimidate|[of] p1a: Keldeo-Resolute
|-unboost|p1a: Keldeo-Resolute|atk|1
|turn|21
|
|switch|p1a: Thundurus|Thundurus, M|270\/299
|-damage|p1a: Thundurus|196\/299|[from] Stealth Rock
|move|p2a: Landorus-Therian|Earthquake|p1a: Thundurus
|-immune|p1a: Thundurus|[msg]
|
|turn|22
|
|switch|p2a: Skarmory|Skarmory, F|134\/334
|move|p1a: Thundurus|Thunderbolt|p2a: Skarmory
|-supereffective|p2a: Skarmory
|-damage|p2a: Skarmory|0 fnt
|-damage|p1a: Thundurus|167\/299|[from] item: Life Orb
|faint|p2a: Skarmory
|
|
|switch|p2a: Landorus-Therian|Landorus-Therian, M|320\/320
|-ability|p2a: Landorus-Therian|Intimidate|[of] p1a: Thundurus
|-unboost|p1a: Thundurus|atk|1
|turn|23
|
|switch|p1a: Keldeo-Resolute|Keldeo-Resolute|216\/323
|-damage|p1a: Keldeo-Resolute|196\/323|[from] Stealth Rock
|move|p2a: Landorus-Therian|Earthquake|p1a: Keldeo-Resolute
|-damage|p1a: Keldeo-Resolute|0 fnt
|faint|p1a: Keldeo-Resolute
|
|
|switch|p1a: Thundurus|Thundurus, M|167\/299
|-damage|p1a: Thundurus|93\/299|[from] Stealth Rock
|turn|24
|
|switch|p2a: Bisharp|Bisharp, M|291\/291
|move|p1a: Thundurus|Thunderbolt|p2a: Bisharp
|-damage|p2a: Bisharp|5\/291
|-damage|p1a: Thundurus|64\/299|[from] item: Life Orb
|
|turn|25
|
|move|p1a: Thundurus|Thunder Wave|p2a: Bisharp
|-status|p2a: Bisharp|par
|move|p2a: Bisharp|Sucker Punch|p1a: Thundurus
|-fail|p1a: Thundurus
|
|turn|26
|
|move|p2a: Bisharp|Sucker Punch|p1a: Thundurus
|-damage|p1a: Thundurus|0 fnt
|-damage|p2a: Bisharp|0 fnt|[from] item: Life Orb
|faint|p1a: Thundurus
|faint|p2a: Bisharp
|
|
|switch|p2a: Landorus-Therian|Landorus-Therian, M|320\/320
|switch|p1a: Bisharp|Bisharp, F|272\/272
|-ability|p2a: Landorus-Therian|Intimidate|[of] p1a: Bisharp
|-unboost|p1a: Bisharp|atk|1
|-boost|p1a: Bisharp|atk|2|[from] ability: Defiant
|-damage|p1a: Bisharp|255\/272|[from] Stealth Rock
|turn|27
|
|move|p1a: Bisharp|Sucker Punch|p2a: Landorus-Therian
|-damage|p2a: Landorus-Therian|18\/320
|-damage|p1a: Bisharp|228\/272|[from] item: Life Orb
|move|p2a: Landorus-Therian|Earthquake|p1a: Bisharp
|-supereffective|p1a: Bisharp
|-damage|p1a: Bisharp|0 fnt
|faint|p1a: Bisharp
|
|
|switch|p1a: Metagross|Metagross-Mega|302\/302
|-damage|p1a: Metagross|284\/302|[from] Stealth Rock
|turn|28
|
|move|p1a: Metagross|Bullet Punch|p2a: Landorus-Therian
|-damage|p2a: Landorus-Therian|0 fnt
|faint|p2a: Landorus-Therian
|
|win|Level 56
|raw|Ladder updating...
|raw|Level 56's rating: 1474 &rarr; <strong>1487<\/strong><br \/>(+13 for winning)
|raw|RoasterthanRotomH's rating: 1345 &rarr; <strong>1332<\/strong><br \/>(-13 for losing)