|join|level 56
|join|shifty
|player|p1|level 56|275
|player|p2|shifty|266
|gametype|singles
|gen|6
|tier|OU (suspect test)
|rated
|clearpoke
|poke|p1|Metagross
|poke|p1|Keldeo-Resolute
|poke|p1|Dragonite, F
|poke|p1|Infernape, M
|poke|p1|Thundurus, M
|poke|p1|Bisharp, F
|poke|p2|Heatran, M
|poke|p2|Diancie
|poke|p2|Keldeo
|poke|p2|Raikou
|poke|p2|Suicune
|poke|p2|Landorus-Therian, M
|rule|Swagger Clause: Swagger is banned
|rule|Baton Pass Clause: Limit one PokÃ©mon knowing Baton Pass
|rule|Sleep Clause Mod: Limit one foe put to sleep
|rule|Species Clause: Limit one of each PokÃ©mon
|rule|OHKO Clause: OHKO moves are banned
|rule|Moody Clause: Moody is banned
|rule|Evasion Moves Clause: Evasion moves are banned
|rule|Endless Battle Clause: Forcing endless battles is banned
|rule|HP Percentage Mod: HP is shown in percentages
|teampreview
|
|start
|switch|p1a: Metagross|Metagross|302\/302
|switch|p2a: Keldeo|Keldeo|323\/323
|turn|1
|join|DracoMaster Dab
|
|switch|p2a: Suicune|Suicune|404\/404
|-ability|p2a: Suicune|Pressure
|detailschange|p1a: Metagross|Metagross-Mega
|-mega|p1a: Metagross|Metagross|Metagrossite
|move|p1a: Metagross|Thunder Punch|p2a: Suicune
|-supereffective|p2a: Suicune
|-damage|p2a: Suicune|220\/404
|
|-heal|p2a: Suicune|245\/404|[from] item: Leftovers
|turn|2
|
|switch|p1a: Infernape|Infernape, M|293\/293
|move|p2a: Suicune|Scald|p1a: Infernape
|-crit|p1a: Infernape
|-supereffective|p1a: Infernape
|-enditem|p1a: Infernape|Focus Sash
|-damage|p1a: Infernape|1\/293
|
|-heal|p2a: Suicune|270\/404|[from] item: Leftovers
|turn|3
|
|move|p1a: Infernape|Stealth Rock|p2a: Suicune
|-sidestart|p2: shifty|move: Stealth Rock
|move|p2a: Suicune|Scald|p1a: Infernape
|-supereffective|p1a: Infernape
|-damage|p1a: Infernape|0 fnt
|faint|p1a: Infernape
|
|-heal|p2a: Suicune|295\/404|[from] item: Leftovers
|join|BrB 018
|
|switch|p1a: Thundurus|Thundurus, M|299\/299
|turn|4
|leave|level 56
|player|p1
|join|level 56
|player|p1|level 56|275
|
|switch|p2a: Heatran|Heatran, M|386\/386
|-damage|p2a: Heatran|338\/386|[from] Stealth Rock
|move|p1a: Thundurus|Thunderbolt|p2a: Heatran
|-damage|p2a: Heatran|200\/386
|-damage|p1a: Thundurus|270\/299|[from] item: Life Orb
|
|-heal|p2a: Heatran|224\/386|[from] item: Leftovers
|turn|5
|
|move|p1a: Thundurus|Superpower|p2a: Heatran
|-supereffective|p2a: Heatran
|-damage|p2a: Heatran|0 fnt
|-unboost|p1a: Thundurus|atk|1
|-unboost|p1a: Thundurus|def|1
|-damage|p1a: Thundurus|241\/299|[from] item: Life Orb
|faint|p2a: Heatran
|
|
|switch|p2a: Raikou|Raikou|321\/321
|-damage|p2a: Raikou|281\/321|[from] Stealth Rock
|-ability|p2a: Raikou|Pressure
|turn|6
|
|switch|p1a: Dragonite|Dragonite, F|324\/324
|move|p2a: Raikou|Thunderbolt|p1a: Dragonite
|-damage|p1a: Dragonite|241\/324
|
|turn|7
|
|move|p1a: Dragonite|Extreme Speed|p2a: Raikou
|-damage|p2a: Raikou|65\/321
|move|p2a: Raikou|Hidden Power|p1a: Dragonite
|-crit|p1a: Dragonite
|-supereffective|p1a: Dragonite
|-damage|p1a: Dragonite|0 fnt
|faint|p1a: Dragonite
|
|
|switch|p1a: Metagross|Metagross-Mega|302\/302
|turn|8
|
|switch|p2a: Diancie|Diancie|241\/241
|-damage|p2a: Diancie|211\/241|[from] Stealth Rock
|move|p1a: Metagross|Meteor Mash|p2a: Diancie
|-supereffective|p2a: Diancie
|-damage|p2a: Diancie|0 fnt
|faint|p2a: Diancie
|
|
|switch|p2a: Landorus-Therian|Landorus-Therian, M|319\/319
|-damage|p2a: Landorus-Therian|280\/319|[from] Stealth Rock
|-ability|p2a: Landorus-Therian|Intimidate|[of] p1a: Metagross
|-unboost|p1a: Metagross|atk|1
|turn|9
|
|switch|p1a: Thundurus|Thundurus, M|241\/299
|move|p2a: Landorus-Therian|Knock Off|p1a: Thundurus
|-damage|p1a: Thundurus|82\/299
|-enditem|p1a: Thundurus|Life Orb|[from] move: Knock Off|[of] p2a: Landorus-Therian
|
|turn|10
|
|switch|p1a: Keldeo-Resolute|Keldeo-Resolute|323\/323
|move|p2a: Landorus-Therian|Knock Off|p1a: Keldeo-Resolute
|-resisted|p1a: Keldeo-Resolute
|-damage|p1a: Keldeo-Resolute|252\/323
|-boost|p1a: Keldeo-Resolute|atk|1|[from] ability: Justified
|-enditem|p1a: Keldeo-Resolute|Choice Specs|[from] move: Knock Off|[of] p2a: Landorus-Therian
|
|turn|11
|
|switch|p2a: Suicune|Suicune|295\/404
|-damage|p2a: Suicune|245\/404|[from] Stealth Rock
|-ability|p2a: Suicune|Pressure
|move|p1a: Keldeo-Resolute|Secret Sword|p2a: Suicune
|-damage|p2a: Suicune|145\/404
|
|-heal|p2a: Suicune|170\/404|[from] item: Leftovers
|turn|12
|join|PomMan
|
|move|p1a: Keldeo-Resolute|Secret Sword|p2a: Suicune
|-damage|p2a: Suicune|71\/404
|move|p2a: Suicune|Scald|p1a: Keldeo-Resolute
|-resisted|p1a: Keldeo-Resolute
|-damage|p1a: Keldeo-Resolute|202\/323
|
|-heal|p2a: Suicune|96\/404|[from] item: Leftovers
|turn|13
|
|move|p1a: Keldeo-Resolute|Secret Sword|p2a: Suicune
|-damage|p2a: Suicune|5\/404
|move|p2a: Suicune|Rest|p2a: Suicune
|-status|p2a: Suicune|slp
|-heal|p2a: Suicune|404\/404 slp|[silent]
|-status|p2a: Suicune|slp|[from] move: Rest
|
|turn|14
|
|switch|p1a: Bisharp|Bisharp, F|272\/272
|cant|p2a: Suicune|slp
|move|p2a: Suicune|Sleep Talk|p2a: Suicune
|move|p2a: Suicune|Calm Mind|p2a: Suicune|[from]Sleep Talk
|-boost|p2a: Suicune|spa|1
|-boost|p2a: Suicune|spd|1
|
|turn|15
|
|move|p1a: Bisharp|Knock Off|p2a: Suicune
|-crit|p2a: Suicune
|-damage|p2a: Suicune|182\/404 slp
|-enditem|p2a: Suicune|Leftovers|[from] move: Knock Off|[of] p1a: Bisharp
|-damage|p1a: Bisharp|245\/272|[from] item: Life Orb
|cant|p2a: Suicune|slp
|move|p2a: Suicune|Sleep Talk|p2a: Suicune
|move|p2a: Suicune|Scald|p1a: Bisharp|[from]Sleep Talk
|-damage|p1a: Bisharp|62\/272
|
|turn|16
|
|move|p1a: Bisharp|Knock Off|p2a: Suicune
|-damage|p2a: Suicune|79\/404 slp
|-damage|p1a: Bisharp|35\/272|[from] item: Life Orb
|-curestatus|p2a: Suicune|slp
|move|p2a: Suicune|Scald|p1a: Bisharp
|-damage|p1a: Bisharp|0 fnt
|faint|p1a: Bisharp
|
|
|switch|p1a: Metagross|Metagross-Mega|302\/302
|turn|17
|
|move|p1a: Metagross|Thunder Punch|p2a: Suicune
|-supereffective|p2a: Suicune
|-damage|p2a: Suicune|0 fnt
|faint|p2a: Suicune
|
|leave|DracoMaster Dab
|
|switch|p2a: Landorus-Therian|Landorus-Therian, M|280\/319
|-damage|p2a: Landorus-Therian|241\/319|[from] Stealth Rock
|-ability|p2a: Landorus-Therian|Intimidate|[of] p1a: Metagross
|-unboost|p1a: Metagross|atk|1
|turn|18
|
|switch|p1a: Thundurus|Thundurus, M|82\/299
|move|p2a: Landorus-Therian|Earthquake|p1a: Thundurus
|-immune|p1a: Thundurus|[msg]
|
|turn|19
|
|switch|p2a: Keldeo|Keldeo|323\/323
|-damage|p2a: Keldeo|303\/323|[from] Stealth Rock
|move|p1a: Thundurus|Hidden Power|p2a: Keldeo
|-resisted|p2a: Keldeo
|-damage|p2a: Keldeo|263\/323
|
|-heal|p2a: Keldeo|283\/323|[from] item: Leftovers
|turn|20
|
|switch|p2a: Landorus-Therian|Landorus-Therian, M|241\/319
|-damage|p2a: Landorus-Therian|202\/319|[from] Stealth Rock
|-ability|p2a: Landorus-Therian|Intimidate|[of] p1a: Thundurus
|-unboost|p1a: Thundurus|atk|1
|move|p1a: Thundurus|Thunderbolt|p2a: Landorus-Therian
|-immune|p2a: Landorus-Therian|[msg]
|
|turn|21
|
|switch|p1a: Metagross|Metagross-Mega|302\/302
|move|p2a: Landorus-Therian|Stone Edge|p1a: Metagross
|-resisted|p1a: Metagross
|-damage|p1a: Metagross|256\/302
|
|turn|22
|
|switch|p2a: Keldeo|Keldeo|283\/323
|-damage|p2a: Keldeo|263\/323|[from] Stealth Rock
|move|p1a: Metagross|Meteor Mash|p2a: Keldeo
|-resisted|p2a: Keldeo
|-damage|p2a: Keldeo|117\/323
|
|-heal|p2a: Keldeo|137\/323|[from] item: Leftovers
|turn|23
|
|move|p1a: Metagross|Thunder Punch|p2a: Keldeo
|-supereffective|p2a: Keldeo
|-damage|p2a: Keldeo|0 fnt
|faint|p2a: Keldeo
|
|
|switch|p2a: Landorus-Therian|Landorus-Therian, M|202\/319
|-damage|p2a: Landorus-Therian|163\/319|[from] Stealth Rock
|-ability|p2a: Landorus-Therian|Intimidate|[of] p1a: Metagross
|-unboost|p1a: Metagross|atk|1
|turn|24
|
|switch|p1a: Keldeo-Resolute|Keldeo-Resolute|202\/323
|move|p2a: Landorus-Therian|Knock Off|p1a: Keldeo-Resolute
|-resisted|p1a: Keldeo-Resolute
|-damage|p1a: Keldeo-Resolute|155\/323
|-boost|p1a: Keldeo-Resolute|atk|1|[from] ability: Justified
|
|turn|25
|-message|shifty forfeited.
|leave|shifty
|
|win|level 56
|raw|Ladder updating...
|player|p2
|raw|level 56's rating: 1431 &rarr; <strong>1445<\/strong><br \/>(+14 for winning)
|raw|shifty's rating: 1317 &rarr; <strong>1303<\/strong><br \/>(-14 for losing)