|join|Exiline
|join|Level 56
|player|p1|Exiline|131
|player|p2|Level 56|275
|gametype|singles
|gen|6
|tier|OU (suspect test)
|rated
|clearpoke
|poke|p1|Infernape, F
|poke|p1|Thundurus, M
|poke|p1|Bisharp, M
|poke|p1|Metagross, shiny
|poke|p1|Keldeo-Resolute
|poke|p1|Dragonite, M
|poke|p2|Metagross
|poke|p2|Keldeo-Resolute
|poke|p2|Dragonite, M
|poke|p2|Infernape, M
|poke|p2|Thundurus, M
|poke|p2|Bisharp, F
|rule|Swagger Clause: Swagger is banned
|rule|Baton Pass Clause: Limit one PokÃ©mon knowing Baton Pass
|rule|Sleep Clause Mod: Limit one foe put to sleep
|rule|Species Clause: Limit one of each PokÃ©mon
|rule|OHKO Clause: OHKO moves are banned
|rule|Moody Clause: Moody is banned
|rule|Evasion Moves Clause: Evasion moves are banned
|rule|Endless Battle Clause: Forcing endless battles is banned
|rule|HP Percentage Mod: HP is shown in percentages
|teampreview
|c|âExiline|rofl
|
|start
|switch|p1a: Infernape|Infernape, F|293\/293
|switch|p2a: Infernape|Infernape, M|293\/293
|turn|1
|
|move|p1a: Infernape|Stealth Rock|p2a: Infernape
|-sidestart|p2: Level 56|move: Stealth Rock
|move|p2a: Infernape|Stealth Rock|p1a: Infernape
|-sidestart|p1: Exiline|move: Stealth Rock
|
|turn|2
|
|move|p1a: Infernape|Fire Blast|p2a: Infernape|[miss]
|-miss|p1a: Infernape|p2a: Infernape
|move|p2a: Infernape|Fire Blast|p1a: Infernape
|-resisted|p1a: Infernape
|-damage|p1a: Infernape|191\/293
|
|turn|3
|
|move|p1a: Infernape|Fire Blast|p2a: Infernape
|-resisted|p2a: Infernape
|-damage|p2a: Infernape|178\/293
|move|p2a: Infernape|Fire Blast|p1a: Infernape
|-resisted|p1a: Infernape
|-damage|p1a: Infernape|89\/293
|
|turn|4
|
|move|p2a: Infernape|Vacuum Wave|p1a: Infernape
|-damage|p1a: Infernape|1\/293
|move|p1a: Infernape|Endeavor|p2a: Infernape
|-damage|p2a: Infernape|1\/293
|
|turn|5
|
|move|p1a: Infernape|Vacuum Wave|p2a: Infernape
|-damage|p2a: Infernape|0 fnt
|faint|p2a: Infernape
|
|
|switch|p2a: Metagross|Metagross|302\/302
|-damage|p2a: Metagross|284\/302|[from] Stealth Rock
|turn|6
|
|detailschange|p2a: Metagross|Metagross-Mega
|-mega|p2a: Metagross|Metagross|Metagrossite
|move|p1a: Infernape|Vacuum Wave|p2a: Metagross
|-damage|p2a: Metagross|226\/302
|move|p2a: Metagross|Bullet Punch|p1a: Infernape
|-resisted|p1a: Infernape
|-damage|p1a: Infernape|0 fnt
|faint|p1a: Infernape
|
|
|switch|p1a: Bisharp|Bisharp, M|271\/271
|-damage|p1a: Bisharp|255\/271|[from] Stealth Rock
|turn|7
|
|switch|p2a: Keldeo-Resolute|Keldeo-Resolute|323\/323
|-damage|p2a: Keldeo-Resolute|303\/323|[from] Stealth Rock
|switch|p1a: Thundurus|Thundurus, M|299\/299
|-damage|p1a: Thundurus|225\/299|[from] Stealth Rock
|
|turn|8
|
|switch|p2a: Metagross|Metagross-Mega|226\/302
|-damage|p2a: Metagross|208\/302|[from] Stealth Rock
|move|p1a: Thundurus|Thunderbolt|p2a: Metagross
|-damage|p2a: Metagross|8\/302
|-damage|p1a: Thundurus|196\/299|[from] item: Life Orb
|
|turn|9
|
|move|p2a: Metagross|Bullet Punch|p1a: Thundurus
|-resisted|p1a: Thundurus
|-damage|p1a: Thundurus|115\/299
|move|p1a: Thundurus|Thunderbolt|p2a: Metagross
|-damage|p2a: Metagross|0 fnt
|-damage|p1a: Thundurus|86\/299|[from] item: Life Orb
|faint|p2a: Metagross
|
|
|switch|p2a: Dragonite|Dragonite, M|324\/324
|-damage|p2a: Dragonite|243\/324|[from] Stealth Rock
|turn|10
|
|switch|p1a: Metagross|Metagross, shiny|301\/301
|-damage|p1a: Metagross|283\/301|[from] Stealth Rock
|move|p2a: Dragonite|Extreme Speed|p1a: Metagross
|-resisted|p1a: Metagross
|-damage|p1a: Metagross|218\/301
|
|turn|11
|
|switch|p2a: Bisharp|Bisharp, F|272\/272
|-damage|p2a: Bisharp|255\/272|[from] Stealth Rock
|detailschange|p1a: Metagross|Metagross-Mega, shiny
|-mega|p1a: Metagross|Metagross|Metagrossite
|move|p1a: Metagross|Hammer Arm|p2a: Bisharp
|-supereffective|p2a: Bisharp
|-damage|p2a: Bisharp|0 fnt
|-unboost|p1a: Metagross|spe|1
|faint|p2a: Bisharp
|
|
|switch|p2a: Keldeo-Resolute|Keldeo-Resolute|303\/323
|-damage|p2a: Keldeo-Resolute|283\/323|[from] Stealth Rock
|turn|12
|
|switch|p1a: Bisharp|Bisharp, M|255\/271
|-damage|p1a: Bisharp|239\/271|[from] Stealth Rock
|move|p2a: Keldeo-Resolute|Hydro Pump|p1a: Bisharp
|-damage|p1a: Bisharp|0 fnt
|faint|p1a: Bisharp
|
|
|switch|p1a: Thundurus|Thundurus, M|86\/299
|-damage|p1a: Thundurus|12\/299|[from] Stealth Rock
|turn|13
|
|switch|p2a: Dragonite|Dragonite, M|243\/324
|-damage|p2a: Dragonite|162\/324|[from] Stealth Rock
|move|p1a: Thundurus|Thunderbolt|p2a: Dragonite
|-damage|p2a: Dragonite|0 fnt
|-damage|p1a: Thundurus|0 fnt|[from] item: Life Orb
|faint|p2a: Dragonite
|faint|p1a: Thundurus
|
|
|switch|p2a: Thundurus|Thundurus, M|299\/299
|switch|p1a: Keldeo-Resolute|Keldeo-Resolute|323\/323
|-damage|p2a: Thundurus|225\/299|[from] Stealth Rock
|-damage|p1a: Keldeo-Resolute|303\/323|[from] Stealth Rock
|turn|14
|
|move|p2a: Thundurus|Thunderbolt|p1a: Keldeo-Resolute
|-supereffective|p1a: Keldeo-Resolute
|-damage|p1a: Keldeo-Resolute|0 fnt
|-damage|p2a: Thundurus|196\/299|[from] item: Life Orb
|faint|p1a: Keldeo-Resolute
|
|
|switch|p1a: Dragonite|Dragonite, M|323\/323
|-damage|p1a: Dragonite|243\/323|[from] Stealth Rock
|turn|15
|
|move|p1a: Dragonite|Extreme Speed|p2a: Thundurus
|-damage|p2a: Thundurus|0 fnt
|faint|p2a: Thundurus
|
|
|switch|p2a: Keldeo-Resolute|Keldeo-Resolute|283\/323
|-damage|p2a: Keldeo-Resolute|263\/323|[from] Stealth Rock
|turn|16
|c|âExiline|gg
|
|move|p1a: Dragonite|Extreme Speed|p2a: Keldeo-Resolute
|-damage|p2a: Keldeo-Resolute|92\/323
|move|p2a: Keldeo-Resolute|Scald|p1a: Dragonite
|-resisted|p1a: Dragonite
|-damage|p1a: Dragonite|144\/323
|
|turn|17
|-message|Level 56 forfeited.
|leave|Level 56
|
|win|Exiline
|raw|Ladder updating...
|player|p2
|raw|Exiline's rating: 1489 &rarr; <strong>1510<\/strong><br \/>(+21 for winning)
|raw|Level 56's rating: 1502 &rarr; <strong>1482<\/strong><br \/>(-20 for losing)