|join|Aka DH
|join|Brandonna
|player|p1|Aka DH|68
|player|p2|Brandonna|265
|gametype|singles
|gen|6
|tier|OU
|rated
|clearpoke
|poke|p1|Bisharp, M
|poke|p1|Venusaur, F
|poke|p1|Heatran, M
|poke|p1|Keldeo
|poke|p1|Chansey, F
|poke|p1|Skarmory, F
|poke|p2|Landorus-Therian, M
|poke|p2|Latios, M
|poke|p2|Keldeo-Resolute
|poke|p2|Heatran, M
|poke|p2|Magnezone
|poke|p2|Pinsir, M
|rule|Swagger Clause: Swagger is banned
|rule|Baton Pass Clause: Limit one PokÃ©mon knowing Baton Pass
|rule|Sleep Clause Mod: Limit one foe put to sleep
|rule|Species Clause: Limit one of each PokÃ©mon
|rule|OHKO Clause: OHKO moves are banned
|rule|Moody Clause: Moody is banned
|rule|Evasion Moves Clause: Evasion moves are banned
|rule|Endless Battle Clause: Forcing endless battles is banned
|rule|HP Percentage Mod: HP is shown in percentages
|teampreview
|
|start
|switch|p1a: Venusaur|Venusaur, F|364\/364
|switch|p2a: Keldeo-Resolute|Keldeo-Resolute|323\/323
|turn|1
|join|Bloody Tilt
|
|switch|p2a: Heatran|Heatran, M|386\/386
|detailschange|p1a: Venusaur|Venusaur-Mega, F
|message|Venusaur has Mega Evolved into Mega Venusaur!
|move|p1a: Venusaur|Leech Seed|p2a: Heatran
|-start|p2a: Heatran|move: Leech Seed
|
|-damage|p2a: Heatran|338\/386|[from] Leech Seed|[of] p1a: Venusaur
|turn|2
|
|switch|p1a: Heatran|Heatran, M|340\/340
|-item|p1a: Heatran|Air Balloon
|move|p2a: Heatran|Stealth Rock|p1a: Heatran
|-sidestart|p1: Aka DH|move: Stealth Rock
|
|-heal|p2a: Heatran|362\/386|[from] item: Leftovers
|-damage|p2a: Heatran|314\/386|[from] Leech Seed|[of] p1a: Heatran
|turn|3
|
|switch|p2a: Keldeo-Resolute|Keldeo-Resolute|323\/323
|move|p1a: Heatran|Stealth Rock|p2a: Keldeo-Resolute
|-sidestart|p2: Brandonna|move: Stealth Rock
|
|turn|4
|
|switch|p1a: Venusaur|Venusaur-Mega, F|364\/364
|-damage|p1a: Venusaur|319\/364|[from] Stealth Rock
|move|p2a: Keldeo-Resolute|Scald|p1a: Venusaur
|-resisted|p1a: Venusaur
|-damage|p1a: Venusaur|223\/364
|-status|p1a: Venusaur|brn
|
|-damage|p1a: Venusaur|178\/364 brn|[from] brn
|turn|5
|
|switch|p2a: Latios|Latios, M|302\/302
|-damage|p2a: Latios|265\/302|[from] Stealth Rock
|switch|p1a: Bisharp|Bisharp, M|334\/334
|-damage|p1a: Bisharp|314\/334|[from] Stealth Rock
|
|-heal|p1a: Bisharp|334\/334|[from] item: Leftovers
|turn|6
|
|switch|p2a: Heatran|Heatran, M|314\/386
|-damage|p2a: Heatran|266\/386|[from] Stealth Rock
|move|p1a: Bisharp|Knock Off|p2a: Heatran
|-damage|p2a: Heatran|94\/386
|-enditem|p2a: Heatran|Leftovers|[from] move: Knock Off|[of] p1a: Bisharp
|
|turn|7
|
|switch|p1a: Keldeo|Keldeo|323\/323
|-damage|p1a: Keldeo|303\/323|[from] Stealth Rock
|move|p2a: Heatran|Lava Plume|p1a: Keldeo
|-resisted|p1a: Keldeo
|-damage|p1a: Keldeo|240\/323
|
|-heal|p1a: Keldeo|260\/323|[from] item: Leftovers
|turn|8
|
|switch|p2a: Latios|Latios, M|265\/302
|-damage|p2a: Latios|228\/302|[from] Stealth Rock
|move|p1a: Keldeo|Scald|p2a: Latios
|-crit|p2a: Latios
|-resisted|p2a: Latios
|-damage|p2a: Latios|129\/302
|
|-heal|p1a: Keldeo|280\/323|[from] item: Leftovers
|turn|9
|
|switch|p1a: Heatran|Heatran, M|340\/340
|-damage|p1a: Heatran|298\/340|[from] Stealth Rock
|-item|p1a: Heatran|Air Balloon
|move|p2a: Latios|Draco Meteor|p1a: Heatran
|-crit|p1a: Heatran
|-resisted|p1a: Heatran
|-damage|p1a: Heatran|81\/340
|-enditem|p1a: Heatran|Air Balloon
|-unboost|p2a: Latios|spa|2
|-damage|p2a: Latios|99\/302|[from] item: Life Orb
|
|turn|10
|
|move|p2a: Latios|Roost|p2a: Latios
|-heal|p2a: Latios|250\/302
|move|p1a: Heatran|Toxic|p2a: Latios
|-status|p2a: Latios|tox
|
|-damage|p2a: Latios|232\/302 tox|[from] psn
|turn|11
|
|switch|p2a: Heatran|Heatran, M|94\/386
|-damage|p2a: Heatran|46\/386|[from] Stealth Rock
|switch|p1a: Bisharp|Bisharp, M|334\/334
|-damage|p1a: Bisharp|314\/334|[from] Stealth Rock
|
|-heal|p1a: Bisharp|334\/334|[from] item: Leftovers
|turn|12
|
|move|p1a: Bisharp|Sucker Punch|p2a: Heatran
|-damage|p2a: Heatran|0 fnt
|faint|p2a: Heatran
|
|
|switch|p2a: Keldeo-Resolute|Keldeo-Resolute|323\/323
|-damage|p2a: Keldeo-Resolute|303\/323|[from] Stealth Rock
|turn|13
|
|switch|p1a: Heatran|Heatran, M|81\/340
|-damage|p1a: Heatran|39\/340|[from] Stealth Rock
|move|p2a: Keldeo-Resolute|Secret Sword|p1a: Heatran
|-supereffective|p1a: Heatran
|-damage|p1a: Heatran|0 fnt
|faint|p1a: Heatran
|
|
|switch|p1a: Venusaur|Venusaur-Mega, F|178\/364 brn
|-damage|p1a: Venusaur|133\/364 brn|[from] Stealth Rock
|turn|14
|
|switch|p2a: Latios|Latios, M|232\/302 tox
|-damage|p2a: Latios|195\/302 tox|[from] Stealth Rock
|move|p1a: Venusaur|Synthesis|p1a: Venusaur
|-heal|p1a: Venusaur|315\/364 brn
|
|-damage|p2a: Latios|177\/302 tox|[from] psn
|-damage|p1a: Venusaur|270\/364 brn|[from] brn
|turn|15
|
|switch|p2a: Keldeo-Resolute|Keldeo-Resolute|303\/323
|-damage|p2a: Keldeo-Resolute|283\/323|[from] Stealth Rock
|switch|p1a: Bisharp|Bisharp, M|334\/334
|-damage|p1a: Bisharp|314\/334|[from] Stealth Rock
|
|-heal|p1a: Bisharp|334\/334|[from] item: Leftovers
|turn|16
|
|switch|p1a: Venusaur|Venusaur-Mega, F|270\/364 brn
|-damage|p1a: Venusaur|225\/364 brn|[from] Stealth Rock
|move|p2a: Keldeo-Resolute|Secret Sword|p1a: Venusaur
|-resisted|p1a: Venusaur
|-damage|p1a: Venusaur|159\/364 brn
|
|-damage|p1a: Venusaur|114\/364 brn|[from] brn
|turn|17
|c|âBrandonna|18% only o_O
|
|switch|p2a: Latios|Latios, M|177\/302 tox
|-damage|p2a: Latios|140\/302 tox|[from] Stealth Rock
|move|p1a: Venusaur|Synthesis|p1a: Venusaur
|-heal|p1a: Venusaur|296\/364 brn
|
|-damage|p2a: Latios|122\/302 tox|[from] psn
|-damage|p1a: Venusaur|251\/364 brn|[from] brn
|turn|18
|
|switch|p1a: Chansey|Chansey, F|684\/684
|-damage|p1a: Chansey|599\/684|[from] Stealth Rock
|move|p2a: Latios|Draco Meteor|p1a: Chansey
|-damage|p1a: Chansey|416\/684
|-unboost|p2a: Latios|spa|2
|-damage|p2a: Latios|92\/302 tox|[from] item: Life Orb
|
|-damage|p2a: Latios|56\/302 tox|[from] psn
|turn|19
|
|move|p2a: Latios|Defog|p1a: Chansey
|-unboost|p1a: Chansey|evasion|1
|-sideend|p1: Aka DH|Stealth Rock|[from] move: Defog|[of] p1a: Chansey
|-sideend|p2: Brandonna|Stealth Rock|[from] move: Defog|[of] p2a: Latios
|move|p1a: Chansey|Seismic Toss|p2a: Latios
|-damage|p2a: Latios|0 fnt
|faint|p2a: Latios
|
|
|switch|p2a: Pinsir|Pinsir, M|271\/271
|turn|20
|
|detailschange|p2a: Pinsir|Pinsir-Mega, M
|message|Pinsir has Mega Evolved into Mega Pinsir!
|move|p2a: Pinsir|Close Combat|p1a: Chansey
|-supereffective|p1a: Chansey
|-damage|p1a: Chansey|0 fnt
|-unboost|p2a: Pinsir|def|1
|-unboost|p2a: Pinsir|spd|1
|faint|p1a: Chansey
|
|
|switch|p1a: Keldeo|Keldeo|280\/323
|turn|21
|
|switch|p2a: Keldeo-Resolute|Keldeo-Resolute|283\/323
|move|p1a: Keldeo|Secret Sword|p2a: Keldeo-Resolute
|-damage|p2a: Keldeo-Resolute|120\/323
|
|-heal|p1a: Keldeo|300\/323|[from] item: Leftovers
|turn|22
|
|move|p1a: Keldeo|Secret Sword|p2a: Keldeo-Resolute
|-damage|p2a: Keldeo-Resolute|0 fnt
|faint|p2a: Keldeo-Resolute
|
|-heal|p1a: Keldeo|320\/323|[from] item: Leftovers
|
|switch|p2a: Landorus-Therian|Landorus-Therian, M|320\/320
|-ability|p2a: Landorus-Therian|Intimidate|[of] p1a: Keldeo
|-unboost|p1a: Keldeo|atk|1
|turn|23
|
|move|p2a: Landorus-Therian|Knock Off|p1a: Keldeo
|-resisted|p1a: Keldeo
|-damage|p1a: Keldeo|240\/323
|-boost|p1a: Keldeo|atk|1|[from] ability: Justified
|-enditem|p1a: Keldeo|Leftovers|[from] move: Knock Off|[of] p2a: Landorus-Therian
|move|p1a: Keldeo|Scald|p2a: Landorus-Therian
|-supereffective|p2a: Landorus-Therian
|-damage|p2a: Landorus-Therian|0 fnt
|faint|p2a: Landorus-Therian
|
|
|switch|p2a: Pinsir|Pinsir-Mega, M|271\/271
|turn|24
|
|switch|p2a: Magnezone|Magnezone|312\/312
|move|p1a: Keldeo|Scald|p2a: Magnezone
|-damage|p2a: Magnezone|152\/312
|-status|p2a: Magnezone|brn
|
|-heal|p2a: Magnezone|171\/312 brn|[from] item: Leftovers
|-damage|p2a: Magnezone|132\/312 brn|[from] brn
|turn|25
|
|move|p1a: Keldeo|Scald|p2a: Magnezone
|-damage|p2a: Magnezone|0 fnt
|faint|p2a: Magnezone
|
|
|switch|p2a: Pinsir|Pinsir-Mega, M|271\/271
|turn|26
|
|move|p2a: Pinsir|Quick Attack|p1a: Keldeo
|-supereffective|p1a: Keldeo
|-damage|p1a: Keldeo|0 fnt
|faint|p1a: Keldeo
|
|
|switch|p1a: Skarmory|Skarmory, F|334\/334
|turn|27
|
|move|p2a: Pinsir|Swords Dance|p2a: Pinsir
|-boost|p2a: Pinsir|atk|2
|move|p1a: Skarmory|Brave Bird|p2a: Pinsir
|-supereffective|p2a: Pinsir
|-damage|p2a: Pinsir|65\/271
|-damage|p1a: Skarmory|266\/334|[from] recoil|[of] p2a: Pinsir
|
|turn|28
|
|move|p2a: Pinsir|Close Combat|p1a: Skarmory
|-damage|p1a: Skarmory|57\/334
|-damage|p2a: Pinsir|20\/271|[from] item: Rocky Helmet|[of] p1a: Skarmory
|-unboost|p2a: Pinsir|def|1
|-unboost|p2a: Pinsir|spd|1
|move|p1a: Skarmory|Brave Bird|p2a: Pinsir
|-supereffective|p2a: Pinsir
|-damage|p2a: Pinsir|0 fnt
|-damage|p1a: Skarmory|50\/334|[from] recoil|[of] p2a: Pinsir
|faint|p2a: Pinsir
|
|win|Aka DH
|raw|Ladder updating...
|raw|Aka DH's rating: 1916 &rarr; <strong>1928<\/strong><br \/>(+12 for winning)
|raw|Brandonna's rating: 1772 &rarr; <strong>1759<\/strong><br \/>(-13 for losing)
|c|âBrandonna|gg
|leave|Brandonna
|player|p2
|leave|Aka DH
|player|p1