|join|Brandonna
|join|tryhardteamlole
|player|p1|Brandonna|119
|player|p2|tryhardteamlole|170
|gametype|singles
|gen|6
|tier|OU
|rated
|clearpoke
|poke|p1|Venusaur, M
|poke|p1|Landorus, M
|poke|p1|Aegislash, M
|poke|p1|Zapdos
|poke|p1|Dragonite, F
|poke|p1|Keldeo
|poke|p2|Gliscor, M, shiny
|poke|p2|Venusaur, F
|poke|p2|Landorus-Therian, M
|poke|p2|Chansey, F
|poke|p2|Crawdaunt, M
|poke|p2|Deoxys-Speed
|rule|Sleep Clause Mod: Limit one foe put to sleep
|rule|Species Clause: Limit one of each Pokemon
|rule|OHKO Clause: OHKO moves are banned
|rule|Moody Clause: Moody is banned
|rule|Evasion Moves Clause: Evasion moves are banned
|rule|Endless Battle Clause: Forcing endless battles is banned.
|rule|HP Percentage Mod: HP is reported as percentages
|teampreview
|
|start
|switch|p1a: Aegislash|Aegislash, M|324\/324
|switch|p2a: Deoxys-Speed|Deoxys-Speed|241\/241
|-ability|p2a: Deoxys-Speed|Pressure
|turn|1
|
|move|p2a: Deoxys-Speed|Knock Off|p1a: Aegislash
|-supereffective|p1a: Aegislash
|-damage|p1a: Aegislash|158\/324
|-enditem|p1a: Aegislash|Leftovers|[from] move: Knock Off|[of] p2a: Deoxys-Speed
|-damage|p2a: Deoxys-Speed|217\/241|[from] item: Life Orb
|-formechange|p1a: Aegislash|Aegislash-Blade
|move|p1a: Aegislash|Shadow Ball|p2a: Deoxys-Speed
|-supereffective|p2a: Deoxys-Speed
|-damage|p2a: Deoxys-Speed|0 fnt
|faint|p2a: Deoxys-Speed
|
|
|switch|p2a: Gliscor|Gliscor, M, shiny|354\/354
|turn|2
|
|switch|p1a: Venusaur|Venusaur, M|364\/364
|move|p2a: Gliscor|Earthquake|p1a: Venusaur
|-damage|p1a: Venusaur|222\/364
|
|-status|p2a: Gliscor|tox|[from] item: Toxic Orb
|turn|3
|
|detailschange|p1a: Venusaur|Venusaur-Mega, M
|message|Venusaur has Mega Evolved into Mega Venusaur!
|move|p2a: Gliscor|Earthquake|p1a: Venusaur
|-damage|p1a: Venusaur|131\/364
|move|p1a: Venusaur|Synthesis|p1a: Venusaur
|-heal|p1a: Venusaur|313\/364
|
|turn|4
|
|switch|p2a: Venusaur|Venusaur, F|364\/364
|move|p1a: Venusaur|Giga Drain|p2a: Venusaur
|-resisted|p2a: Venusaur
|-damage|p2a: Venusaur|345\/364
|-heal|p1a: Venusaur|323\/364|[from] drain|[of] p2a: Venusaur
|
|turn|5
|
|switch|p1a: Zapdos|Zapdos|384\/384
|-ability|p1a: Zapdos|Pressure
|detailschange|p2a: Venusaur|Venusaur-Mega, F
|message|Venusaur has Mega Evolved into Mega Venusaur!
|move|p2a: Venusaur|Leech Seed|p1a: Zapdos
|-start|p1a: Zapdos|move: Leech Seed
|
|-damage|p1a: Zapdos|336\/384|[from] Leech Seed|[of] p2a: Venusaur
|-heal|p2a: Venusaur|364\/364|[silent]
|turn|6
|
|switch|p1a: Aegislash|Aegislash, M|158\/324
|move|p2a: Venusaur|Sludge Bomb|p1a: Aegislash
|-immune|p1a: Aegislash|[msg]
|
|turn|7
|
|move|p2a: Venusaur|Leech Seed|p1a: Aegislash
|-start|p1a: Aegislash|move: Leech Seed
|-formechange|p1a: Aegislash|Aegislash-Blade
|move|p1a: Aegislash|Shadow Ball|p2a: Venusaur
|-damage|p2a: Venusaur|250\/364
|
|-damage|p1a: Aegislash|118\/324|[from] Leech Seed|[of] p2a: Venusaur
|-heal|p2a: Venusaur|290\/364|[silent]
|turn|8
|
|switch|p1a: Zapdos|Zapdos|336\/384
|-ability|p1a: Zapdos|Pressure
|move|p2a: Venusaur|Leech Seed|p1a: Zapdos
|-start|p1a: Zapdos|move: Leech Seed
|
|-heal|p1a: Zapdos|360\/384|[from] item: Leftovers
|-damage|p1a: Zapdos|312\/384|[from] Leech Seed|[of] p2a: Venusaur
|-heal|p2a: Venusaur|338\/364|[silent]
|turn|9
|
|move|p1a: Zapdos|Heat Wave|p2a: Venusaur
|-supereffective|p2a: Venusaur
|-damage|p2a: Venusaur|284\/364
|move|p2a: Venusaur|Sludge Bomb|p1a: Zapdos
|-damage|p1a: Zapdos|170\/384
|
|-heal|p1a: Zapdos|194\/384|[from] item: Leftovers
|-damage|p1a: Zapdos|146\/384|[from] Leech Seed|[of] p2a: Venusaur
|-heal|p2a: Venusaur|332\/364|[silent]
|turn|10
|
|move|p1a: Zapdos|Heat Wave|p2a: Venusaur
|-supereffective|p2a: Venusaur
|-damage|p2a: Venusaur|274\/364
|-status|p2a: Venusaur|brn
|move|p2a: Venusaur|Sludge Bomb|p1a: Zapdos
|-damage|p1a: Zapdos|13\/384
|-status|p1a: Zapdos|psn
|
|-heal|p1a: Zapdos|37\/384 psn|[from] item: Leftovers
|-damage|p1a: Zapdos|0 fnt|[from] Leech Seed|[of] p2a: Venusaur
|-heal|p2a: Venusaur|311\/364 brn|[silent]
|-damage|p2a: Venusaur|266\/364 brn|[from] brn
|faint|p1a: Zapdos
|
|switch|p1a: Dragonite|Dragonite, F|386\/386
|turn|11
|
|move|p2a: Venusaur|Leech Seed|p1a: Dragonite
|-start|p1a: Dragonite|move: Leech Seed
|move|p1a: Dragonite|Outrage|p2a: Venusaur
|-damage|p2a: Venusaur|0 fnt
|faint|p2a: Venusaur
|
|
|switch|p2a: Landorus-Therian|Landorus-Therian, M|320\/320
|-ability|p2a: Landorus-Therian|Intimidate|[of] p1a: Dragonite
|-unboost|p1a: Dragonite|atk|1
|turn|12
|
|move|p2a: Landorus-Therian|Stone Edge|p1a: Dragonite
|-supereffective|p1a: Dragonite
|-damage|p1a: Dragonite|241\/386
|move|p1a: Dragonite|Outrage|p2a: Landorus-Therian
|-crit|p2a: Landorus-Therian
|-damage|p2a: Landorus-Therian|0 fnt
|faint|p2a: Landorus-Therian
|
|-end|p1a: Dragonite|rampage
|-start|p1a: Dragonite|confusion
|chat|tryhardteamlole|are you serious
|
|switch|p2a: Crawdaunt|Crawdaunt, M|330\/330
|turn|13
|chat|Brandonna|its just one crit o_O
|chat|tryhardteamlole|yeah
|chat|tryhardteamlole|but it mattered a lot
|
|switch|p1a: Venusaur|Venusaur-Mega, M|323\/364
|move|p2a: Crawdaunt|Knock Off|p1a: Venusaur
|-damage|p1a: Venusaur|113\/364
|
|turn|14
|
|move|p1a: Venusaur|Giga Drain|p2a: Crawdaunt
|-supereffective|p2a: Crawdaunt
|-damage|p2a: Crawdaunt|10\/330
|-heal|p1a: Venusaur|273\/364|[from] drain|[of] p2a: Crawdaunt
|move|p2a: Crawdaunt|Knock Off|p1a: Venusaur
|-damage|p1a: Venusaur|57\/364
|
|turn|15
|
|move|p1a: Venusaur|Giga Drain|p2a: Crawdaunt
|-supereffective|p2a: Crawdaunt
|-damage|p2a: Crawdaunt|0 fnt
|-heal|p1a: Venusaur|62\/364|[from] drain|[of] p2a: Crawdaunt
|faint|p2a: Crawdaunt
|
|
|switch|p2a: Gliscor|Gliscor, M, shiny|354\/354 tox
|turn|16
|
|move|p2a: Gliscor|Earthquake|p1a: Venusaur
|-damage|p1a: Venusaur|0 fnt
|faint|p1a: Venusaur
|
|
|switch|p1a: Keldeo|Keldeo|323\/323
|turn|17
|
|move|p2a: Gliscor|Protect|p2a: Gliscor
|-singleturn|p2a: Gliscor|Protect
|move|p1a: Keldeo|Scald|p2a: Gliscor
|-activate|p2a: Gliscor|Protect
|
|turn|18
|
|switch|p2a: Chansey|Chansey, F|704\/704
|move|p1a: Keldeo|Scald|p2a: Chansey
|-damage|p2a: Chansey|566\/704
|
|turn|19
|
|switch|p1a: Aegislash|Aegislash, M|118\/324
|move|p2a: Chansey|Seismic Toss|p1a: Aegislash
|-immune|p1a: Aegislash|[msg]
|
|turn|20
|
|-formechange|p1a: Aegislash|Aegislash-Blade
|move|p1a: Aegislash|Shadow Ball|p2a: Chansey
|-immune|p2a: Chansey|[msg]
|move|p2a: Chansey|Thunder Wave|p1a: Aegislash
|-status|p1a: Aegislash|par
|
|turn|21
|
|move|p2a: Chansey|Seismic Toss|p1a: Aegislash
|-immune|p1a: Aegislash|[msg]
|cant|p1a: Aegislash|par
|
|turn|22
|
|move|p2a: Chansey|Wish|p2a: Chansey
|move|p1a: Aegislash|Iron Head|p2a: Chansey
|-damage|p2a: Chansey|376\/704
|
|turn|23
|
|move|p2a: Chansey|Thunder Wave|p1a: Aegislash
|-fail|p1a: Aegislash|par
|move|p1a: Aegislash|Iron Head|p2a: Chansey
|-damage|p2a: Chansey|207\/704
|
|-heal|p2a: Chansey|559\/704|[from] move: Wish|[wisher] Chansey
|turn|24
|
|switch|p1a: Dragonite|Dragonite, F|241\/386
|move|p2a: Chansey|Wish|p2a: Chansey
|
|turn|25
|
|switch|p2a: Gliscor|Gliscor, M, shiny|354\/354 tox
|move|p1a: Dragonite|Outrage|p2a: Gliscor
|-damage|p2a: Gliscor|126\/354 tox
|
|-heal|p2a: Gliscor|354\/354 tox|[from] move: Wish|[wisher] Chansey
|turn|26
|
|move|p2a: Gliscor|Ice Fang|p1a: Dragonite
|-supereffective|p1a: Dragonite
|-damage|p1a: Dragonite|25\/386
|move|p1a: Dragonite|Outrage|p2a: Gliscor
|-damage|p2a: Gliscor|125\/354 tox
|
|-heal|p2a: Gliscor|169\/354 tox|[from] ability: Poison Heal
|turn|27
|
|move|p2a: Gliscor|Ice Fang|p1a: Dragonite
|-supereffective|p1a: Dragonite
|-damage|p1a: Dragonite|0 fnt
|faint|p1a: Dragonite
|
|-heal|p2a: Gliscor|213\/354 tox|[from] ability: Poison Heal
|
|switch|p1a: Landorus|Landorus, M|320\/320
|turn|28
|
|move|p2a: Gliscor|Protect|p2a: Gliscor
|-singleturn|p2a: Gliscor|Protect
|move|p1a: Landorus|Hidden Power|p2a: Gliscor
|-activate|p2a: Gliscor|Protect
|
|-heal|p2a: Gliscor|257\/354 tox|[from] ability: Poison Heal
|turn|29
|chat|tryhardteamlole|well gg
|
|switch|p1a: Keldeo|Keldeo|323\/323
|switch|p2a: Chansey|Chansey, F|559\/704
|
|turn|30
|
|move|p1a: Keldeo|Scald|p2a: Chansey
|-damage|p2a: Chansey|415\/704
|-status|p2a: Chansey|brn
|move|p2a: Chansey|Thunder Wave|p1a: Keldeo
|-status|p1a: Keldeo|par
|
|-damage|p2a: Chansey|327\/704 brn|[from] brn
|turn|31
|
|move|p2a: Chansey|Soft-Boiled|p2a: Chansey
|-heal|p2a: Chansey|679\/704 brn
|cant|p1a: Keldeo|par
|
|-damage|p2a: Chansey|591\/704 brn|[from] brn
|turn|32
|chat|Brandonna|o goddd
|chat|Brandonna|the wishboil
|
|switch|p1a: Aegislash|Aegislash, M|118\/324 par
|move|p2a: Chansey|Seismic Toss|p1a: Aegislash
|-immune|p1a: Aegislash|[msg]
|
|-damage|p2a: Chansey|503\/704 brn|[from] brn
|turn|33
|
|switch|p1a: Keldeo|Keldeo|323\/323 par
|move|p2a: Chansey|Wish|p2a: Chansey
|
|-damage|p2a: Chansey|415\/704 brn|[from] brn
|turn|34
|
|switch|p2a: Gliscor|Gliscor, M, shiny|257\/354 tox
|move|p1a: Keldeo|Secret Sword|p2a: Gliscor
|-resisted|p2a: Gliscor
|-damage|p2a: Gliscor|191\/354 tox
|
|-heal|p2a: Gliscor|354\/354 tox|[from] move: Wish|[wisher] Chansey
|turn|35
|
|switch|p1a: Landorus|Landorus, M|320\/320
|move|p2a: Gliscor|Ice Fang|p1a: Landorus
|-supereffective|p1a: Landorus
|-damage|p1a: Landorus|96\/320
|
|turn|36
|
|move|p2a: Gliscor|Protect|p2a: Gliscor
|-singleturn|p2a: Gliscor|Protect
|move|p1a: Landorus|Hidden Power|p2a: Gliscor
|-activate|p2a: Gliscor|Protect
|
|turn|37
|
|switch|p1a: Keldeo|Keldeo|323\/323 par
|switch|p2a: Chansey|Chansey, F|415\/704
|
|turn|38
|
|move|p2a: Chansey|Soft-Boiled|p2a: Chansey
|-heal|p2a: Chansey|704\/704
|cant|p1a: Keldeo|par
|
|turn|39
|
|move|p2a: Chansey|Seismic Toss|p1a: Keldeo
|-damage|p1a: Keldeo|223\/323 par
|move|p1a: Keldeo|Secret Sword|p2a: Chansey
|-supereffective|p2a: Chansey
|-damage|p2a: Chansey|116\/704
|
|turn|40
|
|switch|p1a: Landorus|Landorus, M|96\/320
|move|p2a: Chansey|Seismic Toss|p1a: Landorus
|-damage|p1a: Landorus|0 fnt
|faint|p1a: Landorus
|
|
|switch|p1a: Keldeo|Keldeo|223\/323 par
|turn|41
|
|move|p2a: Chansey|Seismic Toss|p1a: Keldeo
|-damage|p1a: Keldeo|123\/323 par
|move|p1a: Keldeo|Secret Sword|p2a: Chansey
|-supereffective|p2a: Chansey
|-damage|p2a: Chansey|0 fnt
|faint|p2a: Chansey
|
|
|switch|p2a: Gliscor|Gliscor, M, shiny|354\/354 tox
|turn|42
|
|switch|p1a: Aegislash|Aegislash, M|118\/324 par
|move|p2a: Gliscor|Earthquake|p1a: Aegislash
|-supereffective|p1a: Aegislash
|-damage|p1a: Aegislash|0 fnt
|faint|p1a: Aegislash
|
|chat|Brandonna|you won
|chat|Brandonna|gg
|
|switch|p1a: Keldeo|Keldeo|123\/323 par
|turn|43
|chat|tryhardteamlole|no u stil win
|
|move|p2a: Gliscor|Protect|p2a: Gliscor
|-singleturn|p2a: Gliscor|Protect
|cant|p1a: Keldeo|par
|
|turn|44
|chat|Brandonna|i will be para
|chat|Brandonna|oih
|
|move|p2a: Gliscor|Earthquake|p1a: Keldeo
|-crit|p1a: Keldeo
|-damage|p1a: Keldeo|0 fnt
|faint|p1a: Keldeo
|
|win|tryhardteamlole
|raw|Ladder updating...
|raw|Brandonna's rating: 1664 &rarr; <strong>1644<\/strong><br \/>(-20 for losing)
|raw|tryhardteamlole's rating: 1674 &rarr; <strong>1693<\/strong><br \/>(+19 for winning)
|chat|Brandonna|see
|chat|tryhardteamlole|well
|chat|tryhardteamlole|crit for crit then
|chat|Brandonna|huh
|chat|tryhardteamlole|gg
|chat|Brandonna|LOL