|join|chessnova
|join|Brandonna
|player|p1|chessnova|2
|player|p2|Brandonna|102
|gametype|singles
|gen|6
|tier|OU
|rated
|clearpoke
|poke|p1|Talonflame, M
|poke|p1|Espeon, F
|poke|p1|Whimsicott, F
|poke|p1|Smeargle, F
|poke|p1|Azelf
|poke|p1|Heracross, M
|poke|p2|Landorus-Therian, M
|poke|p2|Manectric, M
|poke|p2|Keldeo-Resolute
|poke|p2|Ferrothorn, F
|poke|p2|Magnezone
|poke|p2|Weavile, F
|rule|Swagger Clause: Swagger is banned
|rule|Baton Pass Clause: Limit one PokÃ©mon knowing Baton Pass
|rule|Sleep Clause Mod: Limit one foe put to sleep
|rule|Species Clause: Limit one of each PokÃ©mon
|rule|OHKO Clause: OHKO moves are banned
|rule|Moody Clause: Moody is banned
|rule|Evasion Moves Clause: Evasion moves are banned
|rule|Endless Battle Clause: Forcing endless battles is banned
|rule|HP Percentage Mod: HP is shown in percentages
|teampreview
|
|start
|switch|p1a: Talonflame|Talonflame, M|359\/359
|switch|p2a: Manectric|Manectric, M|281\/281
|turn|1
|
|detailschange|p2a: Manectric|Manectric-Mega, M
|message|Manectric has Mega Evolved into Mega Manectric!
|-ability|p2a: Manectric|Intimidate|[of] p1a: Talonflame
|-unboost|p1a: Talonflame|atk|1
|move|p1a: Talonflame|Tailwind|p1a: Talonflame
|-sidestart|p1: chessnova|move: Tailwind
|move|p2a: Manectric|Volt Switch|p1a: Talonflame
|-supereffective|p1a: Talonflame
|-damage|p1a: Talonflame|0 fnt
|faint|p1a: Talonflame
|
|switch|p2a: Weavile|Weavile, F|282\/282
|-ability|p2a: Weavile|Pressure
|
|
|switch|p1a: Azelf|Azelf|354\/354
|turn|2
|
|move|p1a: Azelf|Reflect|p1a: Azelf
|-sidestart|p1: chessnova|Reflect
|move|p2a: Weavile|Knock Off|p1a: Azelf
|-supereffective|p1a: Azelf
|-damage|p1a: Azelf|79\/354
|-enditem|p1a: Azelf|Light Clay|[from] move: Knock Off|[of] p2a: Weavile
|
|turn|3
|
|move|p1a: Azelf|Explosion|p2a: Weavile
|-damage|p2a: Weavile|0 fnt
|faint|p1a: Azelf
|faint|p2a: Weavile
|
|
|switch|p1a: Whimsicott|Whimsicott, F|324\/324
|switch|p2a: Landorus-Therian|Landorus-Therian, M|320\/320
|-ability|p2a: Landorus-Therian|Intimidate|[of] p1a: Whimsicott
|-unboost|p1a: Whimsicott|atk|1
|turn|4
|
|move|p1a: Whimsicott|Taunt|p2a: Landorus-Therian
|-start|p2a: Landorus-Therian|move: Taunt
|move|p2a: Landorus-Therian|U-turn|p1a: Whimsicott
|-damage|p1a: Whimsicott|268\/324
|
|switch|p2a: Manectric|Manectric-Mega, M|281\/281
|-ability|p2a: Manectric|Intimidate|[of] p1a: Whimsicott
|-unboost|p1a: Whimsicott|atk|1
|
|-heal|p1a: Whimsicott|288\/324|[from] item: Leftovers
|-sideend|p1: chessnova|move: Tailwind
|turn|5
|
|move|p1a: Whimsicott|Memento|p2a: Manectric
|-unboost|p2a: Manectric|atk|2
|-unboost|p2a: Manectric|spa|2
|faint|p1a: Whimsicott
|move|p2a: Manectric|Flamethrower|p1: Whimsicott|[notarget]
|-notarget
|
|
|switch|p1a: Smeargle|Smeargle, F|252\/252
|turn|6
|
|move|p2a: Manectric|Volt Switch|p1a: Smeargle
|-damage|p1a: Smeargle|140\/252
|
|switch|p2a: Keldeo-Resolute|Keldeo-Resolute|323\/323
|move|p1a: Smeargle|Geomancy|p1a: Smeargle|[still]
|-prepare|p1a: Smeargle|Geomancy|p1a: Smeargle
|-enditem|p1a: Smeargle|Power Herb
|-anim|p1a: Smeargle|Geomancy|p1a: Smeargle
|-boost|p1a: Smeargle|spa|2
|-boost|p1a: Smeargle|spd|2
|-boost|p1a: Smeargle|spe|2
|
|turn|7
|
|move|p1a: Smeargle|Spore|p2a: Keldeo-Resolute
|-status|p2a: Keldeo-Resolute|slp
|cant|p2a: Keldeo-Resolute|slp
|
|turn|8
|
|switch|p2a: Landorus-Therian|Landorus-Therian, M|320\/320
|-ability|p2a: Landorus-Therian|Intimidate|[of] p1a: Smeargle
|-unboost|p1a: Smeargle|atk|1
|move|p1a: Smeargle|Cotton Guard|p1a: Smeargle
|-boost|p1a: Smeargle|def|3
|
|turn|9
|
|move|p1a: Smeargle|Baton Pass|p1a: Smeargle
|
|switch|p1a: Espeon|Espeon, F|272\/272
|move|p2a: Landorus-Therian|Knock Off|p1a: Espeon
|-supereffective|p1a: Espeon
|-damage|p1a: Espeon|192\/272
|-enditem|p1a: Espeon|Leftovers|[from] move: Knock Off|[of] p2a: Landorus-Therian
|
|-sideend|p1: chessnova|Reflect
|turn|10
|
|move|p1a: Espeon|Stored Power|p2a: Landorus-Therian
|-damage|p2a: Landorus-Therian|0 fnt
|faint|p2a: Landorus-Therian
|
|
|switch|p2a: Ferrothorn|Ferrothorn, F|352\/352
|turn|11
|
|move|p1a: Espeon|Stored Power|p2a: Ferrothorn
|-resisted|p2a: Ferrothorn
|-damage|p2a: Ferrothorn|46\/352
|move|p2a: Ferrothorn|Gyro Ball|p1a: Espeon
|-damage|p1a: Espeon|89\/272
|
|-heal|p2a: Ferrothorn|68\/352|[from] item: Leftovers
|turn|12
|
|move|p1a: Espeon|Hidden Power|p2a: Ferrothorn
|-supereffective|p2a: Ferrothorn
|-damage|p2a: Ferrothorn|0 fnt
|faint|p2a: Ferrothorn
|
|
|switch|p2a: Magnezone|Magnezone|343\/343
|turn|13
|
|move|p1a: Espeon|Morning Sun|p1a: Espeon
|-heal|p1a: Espeon|225\/272
|move|p2a: Magnezone|Thunderbolt|p1a: Espeon
|-damage|p1a: Espeon|128\/272
|
|turn|14
|chat|Brandonna|para gogo
|
|move|p1a: Espeon|Stored Power|p2a: Magnezone
|-resisted|p2a: Magnezone
|-damage|p2a: Magnezone|0 fnt
|faint|p2a: Magnezone
|
|
|switch|p2a: Manectric|Manectric-Mega, M|281\/281
|-ability|p2a: Manectric|Intimidate|[of] p1a: Espeon
|-unboost|p1a: Espeon|atk|1
|turn|15
|
|switch|p2a: Keldeo-Resolute|Keldeo-Resolute|323\/323 slp
|move|p1a: Espeon|Stored Power|p2a: Keldeo-Resolute
|-supereffective|p2a: Keldeo-Resolute
|-damage|p2a: Keldeo-Resolute|0 fnt
|faint|p2a: Keldeo-Resolute
|
|
|switch|p2a: Manectric|Manectric-Mega, M|281\/281
|-ability|p2a: Manectric|Intimidate|[of] p1a: Espeon
|-unboost|p1a: Espeon|atk|1
|turn|16
|chat|Brandonna|gg
|
|move|p1a: Espeon|Stored Power|p2a: Manectric
|-damage|p2a: Manectric|0 fnt
|faint|p2a: Manectric
|
|win|chessnova
|raw|Ladder updating...
|raw|chessnova's rating: 1568 &rarr; <strong>1590<\/strong><br \/>(+22 for winning)
|raw|Brandonna's rating: 1599 &rarr; <strong>1577<\/strong><br \/>(-22 for losing)
|leave|Brandonna
|player|p2