|join|Fuck toxzn
|join|Brandonna
|player|p1|Fuck toxzn|265
|player|p2|Brandonna|102
|gametype|singles
|gen|6
|tier|OU
|rated
|clearpoke
|poke|p1|Kabutops, F
|poke|p1|Deoxys-Speed
|poke|p1|Kingdra, F
|poke|p1|Scizor, M
|poke|p1|Politoed, F
|poke|p1|Kyurem-Black
|poke|p2|Garchomp, F, shiny
|poke|p2|Aegislash, F, shiny
|poke|p2|Keldeo
|poke|p2|Alakazam, F, shiny
|poke|p2|Deoxys-Defense
|poke|p2|Gyarados, F, shiny
|rule|Sleep Clause Mod: Limit one foe put to sleep
|rule|Species Clause: Limit one of each Pokemon
|rule|OHKO Clause: OHKO moves are banned
|rule|Moody Clause: Moody is banned
|rule|Evasion Moves Clause: Evasion moves are banned
|rule|Endless Battle Clause: Forcing endless battles is banned.
|rule|HP Percentage Mod: HP is reported as percentages
|teampreview
|
|start
|switch|p1a: Deoxys-Speed|Deoxys-Speed|304\/304
|switch|p2a: h|Deoxys-Defense|304\/304
|-ability|p1a: Deoxys-Speed|Pressure
|-ability|p2a: h|Pressure
|turn|1
|
|switch|p2a: Aegislash|Aegislash, F, shiny|324\/324
|move|p1a: Deoxys-Speed|Magic Coat|p1a: Deoxys-Speed
|-singleturn|p1a: Deoxys-Speed|move: Magic Coat
|
|turn|2
|
|move|p1a: Deoxys-Speed|Stealth Rock|p2a: Aegislash
|-sidestart|p2: Brandonna|move: Stealth Rock
|-formechange|p2a: Aegislash|Aegislash-Blade
|move|p2a: Aegislash|Shadow Ball|p1a: Deoxys-Speed
|-supereffective|p1a: Deoxys-Speed
|-damage|p1a: Deoxys-Speed|0 fnt
|faint|p1a: Deoxys-Speed
|
|
|switch|p1a: Scizor|Scizor, M|282\/282
|turn|3
|
|-formechange|p1a: Scizor|Scizor-Mega
|message|Scizor has Mega Evolved into Mega Scizor!
|move|p1a: Scizor|Swords Dance|p1a: Scizor
|-boost|p1a: Scizor|atk|2
|move|p2a: Aegislash|Shadow Ball|p1a: Scizor
|-damage|p1a: Scizor|102\/282
|
|turn|4
|
|move|p1a: Scizor|Knock Off|p2a: Aegislash
|-supereffective|p2a: Aegislash
|-damage|p2a: Aegislash|0 fnt
|faint|p2a: Aegislash
|
|
|switch|p2a: h|Deoxys-Defense|304\/304
|-damage|p2a: h|266\/304|[from] Stealth Rock
|-ability|p2a: h|Pressure
|turn|5
|
|move|p2a: h|Stealth Rock|p1a: Scizor
|-sidestart|p1: Fuck toxzn|move: Stealth Rock
|move|p1a: Scizor|Knock Off|p2a: h
|-supereffective|p2a: h
|-damage|p2a: h|0 fnt
|faint|p2a: h
|
|join|drop the soap
|
|switch|p2a: Keldeo|Keldeo|324\/324
|-damage|p2a: Keldeo|304\/324|[from] Stealth Rock
|turn|6
|
|move|p1a: Scizor|Bullet Punch|p2a: Keldeo
|-resisted|p2a: Keldeo
|-damage|p2a: Keldeo|169\/324
|move|p2a: Keldeo|Scald|p1a: Scizor
|-damage|p1a: Scizor|0 fnt
|faint|p1a: Scizor
|
|
|switch|p1a: Politoed|Politoed, F|384\/384
|-damage|p1a: Politoed|336\/384|[from] Stealth Rock
|-weather|RainDance
|turn|7
|
|switch|p2a: garc|Garchomp, F, shiny|358\/358
|-damage|p2a: garc|336\/358|[from] Stealth Rock
|switch|p1a: Kyurem-Black|Kyurem-Black|391\/391
|-damage|p1a: Kyurem-Black|294\/391|[from] Stealth Rock
|-ability|p1a: Kyurem-Black|Teravolt
|
|-weather|RainDance|[upkeep]
|turn|8
|
|move|p2a: garc|Dragon Claw|p1a: Kyurem-Black
|-supereffective|p1a: Kyurem-Black
|-damage|p1a: Kyurem-Black|0 fnt
|faint|p1a: Kyurem-Black
|
|-weather|RainDance|[upkeep]
|
|switch|p1a: Kingdra|Kingdra, F|308\/308
|-damage|p1a: Kingdra|270\/308|[from] Stealth Rock
|turn|9
|
|move|p1a: Kingdra|Dragon Pulse|p2a: garc
|-supereffective|p2a: garc
|-damage|p2a: garc|0 fnt
|faint|p2a: garc
|
|-weather|RainDance|[upkeep]
|
|switch|p2a: Gyarados|Gyarados, F, shiny|331\/331
|-damage|p2a: Gyarados|249\/331|[from] Stealth Rock
|-ability|p2a: Gyarados|Intimidate|[of] p1a: Kingdra
|-unboost|p1a: Kingdra|atk|1
|turn|10
|
|-formechange|p2a: Gyarados|Gyarados-Mega
|message|Gyarados has Mega Evolved into Mega Gyarados!
|-ability|p2a: Gyarados|Mold Breaker
|move|p1a: Kingdra|Dragon Pulse|p2a: Gyarados
|-damage|p2a: Gyarados|90\/331
|move|p2a: Gyarados|Earthquake|p1a: Kingdra
|-damage|p1a: Kingdra|127\/308
|
|-weather|RainDance|[upkeep]
|turn|11
|
|move|p1a: Kingdra|Dragon Pulse|p2a: Gyarados
|-damage|p2a: Gyarados|0 fnt
|faint|p2a: Gyarados
|
|-weather|RainDance|[upkeep]
|
|switch|p2a: Alakazam|Alakazam, F, shiny|252\/252
|turn|12
|
|move|p1a: Kingdra|Dragon Pulse|p2a: Alakazam
|-damage|p2a: Alakazam|57\/252
|move|p2a: Alakazam|Psychic|p1a: Kingdra
|-damage|p1a: Kingdra|0 fnt
|faint|p1a: Kingdra
|
|-weather|RainDance|[upkeep]
|
|switch|p1a: Kabutops|Kabutops, F|261\/261
|-damage|p1a: Kabutops|229\/261|[from] Stealth Rock
|turn|13
|
|move|p1a: Kabutops|Waterfall|p2a: Alakazam
|-damage|p2a: Alakazam|0 fnt
|-damage|p1a: Kabutops|203\/261|[from] item: Life Orb
|faint|p2a: Alakazam
|
|-weather|RainDance|[upkeep]
|
|switch|p2a: Keldeo|Keldeo|169\/324
|-damage|p2a: Keldeo|149\/324|[from] Stealth Rock
|turn|14
|
|move|p1a: Kabutops|Waterfall|p2a: Keldeo
|-resisted|p2a: Keldeo
|-damage|p2a: Keldeo|0 fnt
|-damage|p1a: Kabutops|177\/261|[from] item: Life Orb
|faint|p2a: Keldeo
|
|win|Fuck toxzn
|raw|Ladder updating...
|raw|Fuck toxzn's rating: 1999 &rarr; <strong>2012<\/strong><br \/>(+13 for winning)
|raw|Brandonna's rating: 1868 &rarr; <strong>1855<\/strong><br \/>(-13 for losing)
|leave|Brandonna
|player|p2