|join|Brandonna
|join|sugarhigh
|player|p1|Brandonna|1
|player|p2|sugarhigh|290
|gametype|singles
|gen|6
|tier|OU
|rated
|clearpoke
|poke|p1|Garchomp, M, shiny
|poke|p1|Aegislash, F, shiny
|poke|p1|Keldeo
|poke|p1|Alakazam, M, shiny
|poke|p1|Deoxys-Defense
|poke|p1|Gyarados, F, shiny
|poke|p2|Diggersby, M
|poke|p2|Thundurus, M
|poke|p2|Excadrill, M
|poke|p2|Deoxys-Speed
|poke|p2|Azumarill, M
|poke|p2|Charizard, M
|rule|Sleep Clause Mod: Limit one foe put to sleep
|rule|Species Clause: Limit one of each Pokemon
|rule|OHKO Clause: OHKO moves are banned
|rule|Moody Clause: Moody is banned
|rule|Evasion Moves Clause: Evasion moves are banned
|rule|Endless Battle Clause: Forcing endless battles is banned.
|rule|HP Percentage Mod: HP is reported as percentages
|teampreview
|join|alt iehor
|
|start
|switch|p1a: Keldeo|Keldeo|324\/324
|switch|p2a: Diggersby|Diggersby, M|311\/311
|turn|1
|
|switch|p2a: Azumarill|Azumarill, M|360\/360
|move|p1a: Keldeo|Scald|p2a: Azumarill
|-crit|p2a: Azumarill
|-resisted|p2a: Azumarill
|-damage|p2a: Azumarill|157\/360
|-enditem|p2a: Azumarill|Sitrus Berry|[eat]
|-heal|p2a: Azumarill|247\/360|[from] item: Sitrus Berry
|
|turn|2
|
|switch|p1a: Aegislash|Aegislash, F, shiny|324\/324
|move|p2a: Azumarill|Play Rough|p1a: Aegislash
|-resisted|p1a: Aegislash
|-damage|p1a: Aegislash|250\/324
|
|-heal|p1a: Aegislash|270\/324|[from] item: Leftovers
|turn|3
|
|switch|p2a: Diggersby|Diggersby, M|311\/311
|-formechange|p1a: Aegislash|Aegislash-Blade
|move|p1a: Aegislash|Iron Head|p2a: Diggersby
|-damage|p2a: Diggersby|143\/311
|
|-heal|p1a: Aegislash|290\/324|[from] item: Leftovers
|turn|4
|
|-formechange|p1a: Aegislash|Aegislash
|move|p1a: Aegislash|King's Shield|p1a: Aegislash
|-singleturn|p1a: Aegislash|Protect
|move|p2a: Diggersby|Return|p1a: Aegislash
|-immune|p1a: Aegislash|[msg]
|
|-heal|p1a: Aegislash|310\/324|[from] item: Leftovers
|turn|5
|
|switch|p1a: Gyarados|Gyarados, F, shiny|331\/331
|-ability|p1a: Gyarados|Intimidate|[of] p2a: Diggersby
|-unboost|p2a: Diggersby|atk|1
|move|p2a: Diggersby|Earthquake|p1a: Gyarados
|-immune|p1a: Gyarados|[msg]
|
|turn|6
|
|switch|p2a: Deoxys-Speed|Deoxys-Speed|283\/283
|-ability|p2a: Deoxys-Speed|Pressure
|move|p1a: Gyarados|Waterfall|p2a: Deoxys-Speed
|-damage|p2a: Deoxys-Speed|166\/283
|
|turn|7
|
|switch|p1a: Aegislash|Aegislash, F, shiny|310\/324
|move|p2a: Deoxys-Speed|Reflect|p2a: Deoxys-Speed
|-sidestart|p2: sugarhigh|Reflect
|
|-heal|p1a: Aegislash|324\/324|[from] item: Leftovers
|turn|8
|
|move|p2a: Deoxys-Speed|Stealth Rock|p1a: Aegislash
|-sidestart|p1: Brandonna|move: Stealth Rock
|-formechange|p1a: Aegislash|Aegislash-Blade
|move|p1a: Aegislash|Shadow Ball|p2a: Deoxys-Speed
|-supereffective|p2a: Deoxys-Speed
|-damage|p2a: Deoxys-Speed|0 fnt
|faint|p2a: Deoxys-Speed
|
|
|switch|p2a: Diggersby|Diggersby, M|143\/311
|turn|9
|
|-formechange|p1a: Aegislash|Aegislash
|move|p1a: Aegislash|King's Shield|p1a: Aegislash
|-singleturn|p1a: Aegislash|Protect
|move|p2a: Diggersby|Earthquake|p1a: Aegislash
|-activate|p1a: Aegislash|Protect
|
|turn|10
|join|Riles
|
|switch|p1a: h|Deoxys-Defense|304\/304
|-damage|p1a: h|266\/304|[from] Stealth Rock
|-ability|p1a: h|Pressure
|move|p2a: Diggersby|Earthquake|p1a: h
|-damage|p1a: h|58\/304
|-enditem|p1a: h|Red Card|[of] p2a: Diggersby
|drag|p2a: Azumarill|Azumarill, M|247\/360
|
|turn|11
|
|move|p1a: h|Stealth Rock|p2a: Azumarill
|-sidestart|p2: sugarhigh|move: Stealth Rock
|move|p2a: Azumarill|Belly Drum|p2a: Azumarill
|-damage|p2a: Azumarill|67\/360
|-setboost|p2a: Azumarill|atk|6|[from] move: Belly Drum
|
|turn|12
|
|move|p2a: Azumarill|Aqua Jet|p1a: h
|-damage|p1a: h|0 fnt
|faint|p1a: h
|
|
|switch|p1a: Aegislash|Aegislash, F, shiny|324\/324
|-damage|p1a: Aegislash|304\/324|[from] Stealth Rock
|turn|13
|
|move|p1a: Aegislash|King's Shield|p1a: Aegislash
|-singleturn|p1a: Aegislash|Protect
|move|p2a: Azumarill|Waterfall|p1a: Aegislash
|-activate|p1a: Aegislash|Protect
|-unboost|p2a: Azumarill|atk|2
|
|-heal|p1a: Aegislash|324\/324|[from] item: Leftovers
|turn|14
|
|move|p2a: Azumarill|Waterfall|p1a: Aegislash
|-damage|p1a: Aegislash|0 fnt
|faint|p1a: Aegislash
|
|-sideend|p2: sugarhigh|Reflect
|join|infsky
|chat|Riles|sac an aegi for no reason.
|
|switch|p1a: Keldeo|Keldeo|324\/324
|-damage|p1a: Keldeo|304\/324|[from] Stealth Rock
|turn|15
|
|move|p2a: Azumarill|Aqua Jet|p1a: Keldeo
|-resisted|p1a: Keldeo
|-damage|p1a: Keldeo|172\/324
|move|p1a: Keldeo|Scald|p2a: Azumarill
|-resisted|p2a: Azumarill
|-damage|p2a: Azumarill|0 fnt
|faint|p2a: Azumarill
|
|
|switch|p2a: Excadrill|Excadrill, M|362\/362
|-damage|p2a: Excadrill|351\/362|[from] Stealth Rock
|-ability|p2a: Excadrill|Mold Breaker
|turn|16
|
|switch|p1a: Gyarados|Gyarados, F, shiny|331\/331
|-damage|p1a: Gyarados|249\/331|[from] Stealth Rock
|-ability|p1a: Gyarados|Intimidate|[of] p2a: Excadrill
|-unboost|p2a: Excadrill|atk|1
|move|p2a: Excadrill|Earthquake|p1a: Gyarados
|-immune|p1a: Gyarados|[msg]
|
|turn|17
|
|switch|p2a: Thundurus|Thundurus, M|299\/299
|-damage|p2a: Thundurus|225\/299|[from] Stealth Rock
|move|p1a: Gyarados|Waterfall|p2a: Thundurus
|-damage|p2a: Thundurus|29\/299
|
|-heal|p2a: Thundurus|47\/299|[from] item: Leftovers
|turn|18
|
|switch|p1a: Keldeo|Keldeo|172\/324
|-damage|p1a: Keldeo|152\/324|[from] Stealth Rock
|move|p2a: Thundurus|Hidden Power|p1a: Keldeo
|-supereffective|p1a: Keldeo
|-damage|p1a: Keldeo|0 fnt
|faint|p1a: Keldeo
|
|-heal|p2a: Thundurus|65\/299|[from] item: Leftovers
|
|switch|p1a: Alakazam|Alakazam, M, shiny|252\/252
|turn|19
|join|Fuck toxzn
|
|move|p1a: Alakazam|Psychic|p2a: Thundurus
|-damage|p2a: Thundurus|0 fnt
|faint|p2a: Thundurus
|
|
|switch|p2a: Diggersby|Diggersby, M|143\/311
|-damage|p2a: Diggersby|124\/311|[from] Stealth Rock
|turn|20
|
|move|p2a: Diggersby|Quick Attack|p1a: Alakazam
|-damage|p1a: Alakazam|10\/252
|-damage|p2a: Diggersby|93\/311|[from] item: Life Orb
|move|p1a: Alakazam|Hidden Power|p2a: Diggersby
|-supereffective|p2a: Diggersby
|-damage|p2a: Diggersby|0 fnt
|faint|p2a: Diggersby
|
|
|switch|p2a: Excadrill|Excadrill, M|351\/362
|-damage|p2a: Excadrill|340\/362|[from] Stealth Rock
|-ability|p2a: Excadrill|Mold Breaker
|turn|21
|chat|Brandonna|oh its lo
|join|kid buuu
|
|move|p2a: Excadrill|Iron Head|p1a: Alakazam
|-damage|p1a: Alakazam|0 fnt
|faint|p1a: Alakazam
|
|
|switch|p1a: Gyarados|Gyarados, F, shiny|249\/331
|-damage|p1a: Gyarados|167\/331|[from] Stealth Rock
|-ability|p1a: Gyarados|Intimidate|[of] p2a: Excadrill
|-unboost|p2a: Excadrill|atk|1
|turn|22
|
|-formechange|p1a: Gyarados|Gyarados-Mega
|message|Gyarados has Mega Evolved into Mega Gyarados!
|-ability|p1a: Gyarados|Mold Breaker
|move|p2a: Excadrill|Iron Head|p1a: Gyarados
|-resisted|p1a: Gyarados
|-damage|p1a: Gyarados|120\/331
|move|p1a: Gyarados|Dragon Dance|p1a: Gyarados
|-boost|p1a: Gyarados|atk|1
|-boost|p1a: Gyarados|spe|1
|
|turn|23
|chat|kid buuu|sugar number 1!
|
|move|p1a: Gyarados|Substitute|p1a: Gyarados
|-start|p1a: Gyarados|Substitute
|-damage|p1a: Gyarados|38\/331
|move|p2a: Excadrill|Iron Head|p1a: Gyarados
|-resisted|p1a: Gyarados
|-activate|p1a: Gyarados|Substitute|[damage]
|
|turn|24
|chat|Brandonna|huhhhh
|-message|sugarhigh forfeited.
|
|win|Brandonna
|raw|Ladder updating...
|chat|Riles|gggggggg
|chat|kid buuu|*-*
|chat|Brandonna|gg
|raw|Brandonna's rating: 1852 &rarr; <strong>1882<\/strong><br \/>(+30 for winning)
|raw|sugarhigh's rating: 2044 &rarr; <strong>2014<\/strong><br \/>(-30 for losing)
|chat|sugarhigh|fck it
|leave|kid buuu
|chat|Brandonna|oh
|leave|sugarhigh
|player|p2
|chat|Brandonna|snap
|leave|Brandonna
|player|p1