|join|FlashyZoey
|join|Brandonna
|player|p1|FlashyZoey|33
|player|p2|Brandonna|2
|gametype|singles
|gen|6
|tier|OU
|rated
|clearpoke
|poke|p1|Talonflame, F
|poke|p1|Latias, F
|poke|p1|Ditto
|poke|p1|Magnezone
|poke|p1|Dugtrio, F
|poke|p1|Manaphy
|poke|p2|Landorus-Therian, M
|poke|p2|Manectric, F
|poke|p2|Keldeo-Resolute
|poke|p2|Ferrothorn, M
|poke|p2|Magnezone
|poke|p2|Weavile, F
|rule|Swagger Clause: Swagger is banned
|rule|Baton Pass Clause: Limit one PokÃ©mon knowing Baton Pass
|rule|Sleep Clause Mod: Limit one foe put to sleep
|rule|Species Clause: Limit one of each PokÃ©mon
|rule|OHKO Clause: OHKO moves are banned
|rule|Moody Clause: Moody is banned
|rule|Evasion Moves Clause: Evasion moves are banned
|rule|Endless Battle Clause: Forcing endless battles is banned
|rule|HP Percentage Mod: HP is shown in percentages
|teampreview
|chat|Brandonna|i think i batlled you before
|chat|Brandonna|not sure though lol
|
|start
|switch|p1a: Ditto|Ditto|299\/299
|switch|p2a: Landorus-Therian|Landorus-Therian, M|320\/320
|-ability|p2a: Landorus-Therian|Intimidate|[of] p1a: Ditto
|-unboost|p1a: Ditto|atk|1
|-transform|p1a: Ditto|p2a: Landorus-Therian
|-ability|p1a: Ditto|Intimidate|[of] p2a: Landorus-Therian
|-unboost|p2a: Landorus-Therian|atk|1
|turn|1
|chat|FlashyZoey|:))
|
|switch|p2a: Ferrothorn|Ferrothorn, M|352\/352
|move|p1a: Ditto|Knock Off|p2a: Ferrothorn
|-damage|p2a: Ferrothorn|274\/352
|-damage|p1a: Ditto|262\/299|[from] ability: Iron Barbs|[of] p2a: Ferrothorn
|-enditem|p2a: Ferrothorn|Leftovers|[from] move: Knock Off|[of] p1a: Ditto
|
|turn|2
|
|switch|p1a: Magnezone|Magnezone|281\/281
|switch|p2a: Keldeo-Resolute|Keldeo-Resolute|323\/323
|
|turn|3
|
|move|p1a: Magnezone|Volt Switch|p2a: Keldeo-Resolute
|-supereffective|p2a: Keldeo-Resolute
|-damage|p2a: Keldeo-Resolute|27\/323
|
|switch|p1a: Latias|Latias, F|301\/301
|move|p2a: Keldeo-Resolute|Secret Sword|p1a: Latias
|-resisted|p1a: Latias
|-damage|p1a: Latias|184\/301
|
|turn|4
|
|switch|p2a: Ferrothorn|Ferrothorn, M|274\/352
|move|p1a: Latias|Hidden Power|p2a: Ferrothorn
|-supereffective|p2a: Ferrothorn
|-damage|p2a: Ferrothorn|126\/352
|-damage|p1a: Latias|154\/301|[from] item: Life Orb
|
|turn|5
|
|switch|p2a: Landorus-Therian|Landorus-Therian, M|320\/320
|-ability|p2a: Landorus-Therian|Intimidate|[of] p1a: Latias
|-unboost|p1a: Latias|atk|1
|move|p1a: Latias|Hidden Power|p2a: Landorus-Therian
|-resisted|p2a: Landorus-Therian
|-damage|p2a: Landorus-Therian|267\/320
|-damage|p1a: Latias|124\/301|[from] item: Life Orb
|
|turn|6
|
|switch|p1a: Manaphy|Manaphy|404\/404
|move|p2a: Landorus-Therian|U-turn|p1a: Manaphy
|-damage|p1a: Manaphy|332\/404
|
|switch|p2a: Manectric|Manectric, F|281\/281
|
|-heal|p1a: Manaphy|357\/404|[from] item: Leftovers
|turn|7
|
|switch|p1a: Ditto|Ditto|262\/299
|-transform|p1a: Ditto|p2a: Manectric
|detailschange|p2a: Manectric|Manectric-Mega, F
|message|Manectric has Mega Evolved into Mega Manectric!
|-ability|p2a: Manectric|Intimidate|[of] p1a: Ditto
|-unboost|p1a: Ditto|atk|1
|move|p2a: Manectric|Flamethrower|p1a: Ditto
|-damage|p1a: Ditto|96\/299
|
|turn|8
|
|switch|p2a: Landorus-Therian|Landorus-Therian, M|267\/320
|-ability|p2a: Landorus-Therian|Intimidate|[of] p1a: Ditto
|-unboost|p1a: Ditto|atk|1
|move|p1a: Ditto|Volt Switch|p2a: Landorus-Therian
|-immune|p2a: Landorus-Therian|[msg]
|
|turn|9
|
|switch|p1a: Talonflame|Talonflame, F|360\/360
|move|p2a: Landorus-Therian|U-turn|p1a: Talonflame
|-crit|p1a: Talonflame
|-resisted|p1a: Talonflame
|-damage|p1a: Talonflame|316\/360
|
|switch|p2a: Manectric|Manectric-Mega, F|281\/281
|-ability|p2a: Manectric|Intimidate|[of] p1a: Talonflame
|-unboost|p1a: Talonflame|atk|1
|
|-heal|p1a: Talonflame|338\/360|[from] item: Leftovers
|turn|10
|
|move|p2a: Manectric|Flamethrower|p1a: Talonflame
|-resisted|p1a: Talonflame
|-damage|p1a: Talonflame|287\/360
|move|p1a: Talonflame|Will-O-Wisp|p2a: Manectric|[miss]
|-miss|p1a: Talonflame|p2a: Manectric
|
|-heal|p1a: Talonflame|309\/360|[from] item: Leftovers
|turn|11
|chat|FlashyZoey|:(
|
|switch|p1a: Dugtrio|Dugtrio, F|207\/207
|move|p2a: Manectric|Thunderbolt|p1a: Dugtrio
|-immune|p1a: Dugtrio|[msg]
|
|turn|12
|
|move|p2a: Manectric|Flamethrower|p1a: Dugtrio
|-damage|p1a: Dugtrio|52\/207
|move|p1a: Dugtrio|Earthquake|p2a: Manectric
|-supereffective|p2a: Manectric
|-damage|p2a: Manectric|0 fnt
|faint|p2a: Manectric
|
|
|switch|p2a: Landorus-Therian|Landorus-Therian, M|267\/320
|-ability|p2a: Landorus-Therian|Intimidate|[of] p1a: Dugtrio
|-unboost|p1a: Dugtrio|atk|1
|turn|13
|
|switch|p1a: Manaphy|Manaphy|357\/404
|move|p2a: Landorus-Therian|U-turn|p1a: Manaphy
|-damage|p1a: Manaphy|288\/404
|
|switch|p2a: Ferrothorn|Ferrothorn, M|126\/352
|
|-heal|p1a: Manaphy|313\/404|[from] item: Leftovers
|turn|14
|
|switch|p1a: Magnezone|Magnezone|281\/281
|move|p2a: Ferrothorn|Stealth Rock|p1a: Magnezone
|-sidestart|p1: FlashyZoey|move: Stealth Rock
|
|turn|15
|
|move|p1a: Magnezone|Hidden Power|p2a: Ferrothorn
|-supereffective|p2a: Ferrothorn
|-damage|p2a: Ferrothorn|0 fnt
|faint|p2a: Ferrothorn
|
|
|switch|p2a: Landorus-Therian|Landorus-Therian, M|267\/320
|-ability|p2a: Landorus-Therian|Intimidate|[of] p1a: Magnezone
|-unboost|p1a: Magnezone|atk|1
|turn|16
|
|switch|p1a: Manaphy|Manaphy|313\/404
|-damage|p1a: Manaphy|263\/404|[from] Stealth Rock
|move|p2a: Landorus-Therian|U-turn|p1a: Manaphy
|-damage|p1a: Manaphy|192\/404
|
|switch|p2a: Keldeo-Resolute|Keldeo-Resolute|27\/323
|
|-heal|p1a: Manaphy|217\/404|[from] item: Leftovers
|turn|17
|
|switch|p1a: Dugtrio|Dugtrio, F|52\/207
|-damage|p1a: Dugtrio|40\/207|[from] Stealth Rock
|move|p2a: Keldeo-Resolute|Secret Sword|p1a: Dugtrio
|-damage|p1a: Dugtrio|0 fnt
|faint|p1a: Dugtrio
|
|
|switch|p1a: Latias|Latias, F|124\/301
|-damage|p1a: Latias|87\/301|[from] Stealth Rock
|turn|18
|
|move|p1a: Latias|Defog|p2a: Keldeo-Resolute
|-unboost|p2a: Keldeo-Resolute|evasion|1
|-sideend|p1: FlashyZoey|Stealth Rock|[from] move: Defog|[of] p1a: Latias
|move|p2a: Keldeo-Resolute|Secret Sword|p1a: Latias
|-resisted|p1a: Latias
|-damage|p1a: Latias|0 fnt
|faint|p1a: Latias
|
|
|switch|p1a: Talonflame|Talonflame, F|309\/360
|turn|19
|
|switch|p2a: Magnezone|Magnezone|312\/312
|move|p1a: Talonflame|Will-O-Wisp|p2a: Magnezone
|-status|p2a: Magnezone|brn
|
|-heal|p1a: Talonflame|331\/360|[from] item: Leftovers
|-damage|p2a: Magnezone|273\/312 brn|[from] brn
|turn|20
|
|switch|p1a: Magnezone|Magnezone|281\/281
|switch|p2a: Landorus-Therian|Landorus-Therian, M|267\/320
|-ability|p2a: Landorus-Therian|Intimidate|[of] p1a: Magnezone
|-unboost|p1a: Magnezone|atk|1
|
|turn|21
|
|move|p2a: Landorus-Therian|Stone Edge|p1a: Magnezone
|-resisted|p1a: Magnezone
|-damage|p1a: Magnezone|221\/281
|move|p1a: Magnezone|Flash Cannon|p2a: Landorus-Therian
|-damage|p2a: Landorus-Therian|95\/320
|
|turn|22
|chat|Brandonna|playssss
|chat|FlashyZoey|:))0
|
|switch|p2a: Magnezone|Magnezone|273\/312 brn
|switch|p1a: Ditto|Ditto|96\/299
|-transform|p1a: Ditto|p2a: Magnezone
|
|-heal|p2a: Magnezone|292\/312 brn|[from] item: Leftovers
|-damage|p2a: Magnezone|253\/312 brn|[from] brn
|turn|23
|chat|Brandonna|awkward
|chat|FlashyZoey|:(((
|
|move|p1a: Ditto|Thunderbolt|p2a: Magnezone
|-resisted|p2a: Magnezone
|-damage|p2a: Magnezone|158\/312 brn
|move|p2a: Magnezone|Hidden Power|p1a: Ditto
|-supereffective|p1a: Ditto
|-damage|p1a: Ditto|0 fnt
|faint|p1a: Ditto
|
|-heal|p2a: Magnezone|177\/312 brn|[from] item: Leftovers
|-damage|p2a: Magnezone|138\/312 brn|[from] brn
|chat|FlashyZoey|no Volt Switch
|
|switch|p1a: Magnezone|Magnezone|221\/281
|turn|24
|
|move|p1a: Magnezone|Hidden Power|p2a: Magnezone
|-supereffective|p2a: Magnezone
|-damage|p2a: Magnezone|0 fnt
|faint|p2a: Magnezone
|
|chat|Brandonna|its a sub set :P
|
|switch|p2a: Landorus-Therian|Landorus-Therian, M|95\/320
|-ability|p2a: Landorus-Therian|Intimidate|[of] p1a: Magnezone
|-unboost|p1a: Magnezone|atk|1
|turn|25
|
|move|p2a: Landorus-Therian|Stone Edge|p1a: Magnezone|[miss]
|-miss|p2a: Landorus-Therian|p1a: Magnezone
|move|p1a: Magnezone|Hidden Power|p2a: Landorus-Therian
|-damage|p2a: Landorus-Therian|8\/320
|
|turn|26
|chat|FlashyZoey|lololol
|
|switch|p2a: Keldeo-Resolute|Keldeo-Resolute|27\/323
|move|p1a: Magnezone|Hidden Power|p2a: Keldeo-Resolute
|-resisted|p2a: Keldeo-Resolute
|-damage|p2a: Keldeo-Resolute|0 fnt
|faint|p2a: Keldeo-Resolute
|
|chat|Brandonna|the mind games are real
|
|switch|p2a: Landorus-Therian|Landorus-Therian, M|8\/320
|-ability|p2a: Landorus-Therian|Intimidate|[of] p1a: Magnezone
|-unboost|p1a: Magnezone|atk|1
|turn|27
|chat|Brandonna|ONE MORE TIME
|
|move|p2a: Landorus-Therian|Stone Edge|p1a: Magnezone
|-resisted|p1a: Magnezone
|-damage|p1a: Magnezone|163\/281
|move|p1a: Magnezone|Hidden Power|p2a: Landorus-Therian
|-damage|p2a: Landorus-Therian|0 fnt
|faint|p2a: Landorus-Therian
|
|chat|Brandonna|you win :) gg it was fun
|
|switch|p2a: Weavile|Weavile, F|282\/282
|-ability|p2a: Weavile|Pressure
|turn|28
|chat|FlashyZoey|gg
|
|move|p2a: Weavile|Low Kick|p1a: Magnezone
|-supereffective|p1a: Magnezone
|-damage|p1a: Magnezone|0 fnt
|faint|p1a: Magnezone
|
|chat|Brandonna|is that scarf
|chat|Brandonna|HOW DID I OUTSPEED LOL
|chat|FlashyZoey|yup
|chat|Brandonna|IF I KNEW I OUTSPED
|chat|Brandonna|I WOULDVE WENT INTO THIS THINGGGG
|
|switch|p1a: Talonflame|Talonflame, F|331\/360
|turn|29
|
|move|p1a: Talonflame|Brave Bird|p2a: Weavile
|-damage|p2a: Weavile|104\/282
|-damage|p1a: Talonflame|272\/360|[from] recoil|[of] p2a: Weavile
|move|p2a: Weavile|Knock Off|p1a: Talonflame
|-damage|p1a: Talonflame|70\/360
|-enditem|p1a: Talonflame|Leftovers|[from] move: Knock Off|[of] p2a: Weavile
|
|turn|30
|
|move|p2a: Weavile|Ice Shard|p1a: Talonflame
|-damage|p1a: Talonflame|0 fnt
|faint|p1a: Talonflame
|
|
|switch|p1a: Manaphy|Manaphy|217\/404
|turn|31
|
|move|p2a: Weavile|Knock Off|p1a: Manaphy
|-damage|p1a: Manaphy|97\/404
|-enditem|p1a: Manaphy|Leftovers|[from] move: Knock Off|[of] p2a: Weavile
|move|p1a: Manaphy|Scald|p2a: Weavile
|-damage|p2a: Weavile|0 fnt
|faint|p2a: Weavile
|
|win|FlashyZoey
|raw|Ladder updating...
|raw|FlashyZoey's rating: 1772 &rarr; <strong>1797<\/strong><br \/>(+25 for winning)
|raw|Brandonna's rating: 1847 &rarr; <strong>1823<\/strong><br \/>(-24 for losing)
|chat|Brandonna|gg
|chat|FlashyZoey|gg
|chat|Brandonna|cool teanm
|chat|FlashyZoey|:)))
|chat|Brandonna|:)
|chat|FlashyZoey|thanks
|chat|Brandonna|np
|leave|Brandonna
|player|p2