|join|ORAS UU Testing
|join|Pheonixmaster
|player|p1|ORAS UU Testing|126
|player|p2|Pheonixmaster|167
|gametype|singles
|gen|6
|tier|UU
|rated
|rule|Sleep Clause Mod: Limit one foe put to sleep
|rule|Species Clause: Limit one of each PokÃ©mon
|rule|OHKO Clause: OHKO moves are banned
|rule|Moody Clause: Moody is banned
|rule|Evasion Moves Clause: Evasion moves are banned
|rule|Endless Battle Clause: Forcing endless battles is banned
|rule|HP Percentage Mod: HP is shown in percentages
|clearpoke
|poke|p1|Nidoqueen, F
|poke|p1|Machamp, M
|poke|p1|Jirachi
|poke|p1|Vaporeon, M
|poke|p1|Hydreigon, F
|poke|p1|Crobat, M
|poke|p2|Aerodactyl, M
|poke|p2|Hydreigon, M
|poke|p2|Jirachi
|poke|p2|Starmie
|poke|p2|Crobat, M
|poke|p2|Snorlax, F
|rule|Swagger Clause: Swagger is banned
|rule|Baton Pass Clause: Limit one PokÃ©mon knowing Baton Pass
|teampreview
ORAS UU Testing made this room hidden.
|
|start
|switch|p1a: Jirachi|Jirachi|341\/341
|switch|p2a: Snorlax|Snorlax, F|513\/513
|turn|1
|
|switch|p2a: Starmie|Starmie|323\/323
|move|p1a: Jirachi|U-turn|p2a: Starmie
|-supereffective|p2a: Starmie
|-damage|p2a: Starmie|177\/323
|
|switch|p1a: Hydreigon|Hydreigon, F|325\/325
|
|-heal|p2a: Starmie|197\/323|[from] item: Leftovers
|turn|2
|
|move|p2a: Starmie|Recover|p2a: Starmie
|-heal|p2a: Starmie|323\/323
|move|p1a: Hydreigon|U-turn|p2a: Starmie
|-supereffective|p2a: Starmie
|-damage|p2a: Starmie|217\/323
|
|switch|p1a: Jirachi|Jirachi|341\/341
|
|-heal|p2a: Starmie|237\/323|[from] item: Leftovers
|turn|3
|
|move|p1a: Jirachi|U-turn|p2a: Starmie
|-supereffective|p2a: Starmie
|-damage|p2a: Starmie|85\/323
|
|switch|p1a: Hydreigon|Hydreigon, F|325\/325
|move|p2a: Starmie|Scald|p1a: Hydreigon
|-resisted|p1a: Hydreigon
|-damage|p1a: Hydreigon|278\/325
|
|-heal|p2a: Starmie|105\/323|[from] item: Leftovers
|turn|4
|
|switch|p2a: Snorlax|Snorlax, F|513\/513
|move|p1a: Hydreigon|Dragon Pulse|p2a: Snorlax
|-damage|p2a: Snorlax|366\/513
|
|-heal|p2a: Snorlax|398\/513|[from] item: Leftovers
|turn|5
|
|switch|p1a: Machamp|Machamp, M|341\/341
|move|p2a: Snorlax|Body Slam|p1a: Machamp
|-damage|p1a: Machamp|203\/341
|
|-heal|p2a: Snorlax|430\/513|[from] item: Leftovers
|turn|6
|
|switch|p2a: Crobat|Crobat, M|373\/373
|move|p1a: Machamp|Knock Off|p2a: Crobat
|-damage|p2a: Crobat|222\/373
|
|turn|7
|
|switch|p1a: Jirachi|Jirachi|341\/341
|move|p2a: Crobat|U-turn|p1a: Jirachi
|-damage|p1a: Jirachi|295\/341
|
|switch|p2a: Jirachi|Jirachi|371\/371
|
|turn|8
|
|move|p1a: Jirachi|U-turn|p2a: Jirachi
|-damage|p2a: Jirachi|304\/371
|
|switch|p1a: Crobat|Crobat, M|337\/337
|move|p2a: Jirachi|Stealth Rock|p1a: Crobat
|-sidestart|p1: ORAS UU Testing|move: Stealth Rock
|
|-heal|p2a: Jirachi|327\/371|[from] item: Leftovers
|turn|9
|
|move|p1a: Crobat|U-turn|p2a: Jirachi
|-damage|p2a: Jirachi|269\/371
|
|switch|p1a: Nidoqueen|Nidoqueen, F|359\/359
|-damage|p1a: Nidoqueen|337\/359|[from] Stealth Rock
|move|p2a: Jirachi|U-turn|p1a: Nidoqueen
|-crit|p1a: Nidoqueen
|-resisted|p1a: Nidoqueen
|-damage|p1a: Nidoqueen|283\/359
|
|switch|p2a: Starmie|Starmie|105\/323
|
|-heal|p2a: Starmie|125\/323|[from] item: Leftovers
|turn|10
|
|move|p2a: Starmie|Scald|p1a: Nidoqueen
|-supereffective|p1a: Nidoqueen
|-damage|p1a: Nidoqueen|71\/359
|move|p1a: Nidoqueen|Sludge Wave|p2a: Starmie
|-damage|p2a: Starmie|0 fnt
|faint|p2a: Starmie
|
|
|switch|p2a: Aerodactyl|Aerodactyl, M|325\/325
|-ability|p2a: Aerodactyl|Pressure
|turn|11
|
|switch|p1a: Vaporeon|Vaporeon, M|451\/451
|-damage|p1a: Vaporeon|395\/451|[from] Stealth Rock
|detailschange|p2a: Aerodactyl|Aerodactyl-Mega, M
|-mega|p2a: Aerodactyl|Aerodactyl|Aerodactylite
|move|p2a: Aerodactyl|Aerial Ace|p1a: Vaporeon
|-damage|p1a: Vaporeon|230\/451
|
|-heal|p1a: Vaporeon|258\/451|[from] item: Leftovers
|turn|12
|
|switch|p2a: Snorlax|Snorlax, F|430\/513
|move|p1a: Vaporeon|Wish|p1a: Vaporeon
|
|-heal|p1a: Vaporeon|286\/451|[from] item: Leftovers
|-heal|p2a: Snorlax|462\/513|[from] item: Leftovers
|turn|13
|
|switch|p1a: Machamp|Machamp, M|203\/341
|-damage|p1a: Machamp|182\/341|[from] Stealth Rock
|move|p2a: Snorlax|Curse|p2a: Snorlax
|-boost|p2a: Snorlax|atk|1
|-boost|p2a: Snorlax|def|1
|-unboost|p2a: Snorlax|spe|1
|
|-heal|p1a: Machamp|341\/341|[from] move: Wish|[wisher] Vaporeon
|-heal|p2a: Snorlax|494\/513|[from] item: Leftovers
|turn|14
|
|switch|p2a: Crobat|Crobat, M|222\/373
|move|p1a: Machamp|Knock Off|p2a: Crobat
|-damage|p2a: Crobat|68\/373
|
|turn|15
|
|switch|p1a: Nidoqueen|Nidoqueen, F|71\/359
|-damage|p1a: Nidoqueen|49\/359|[from] Stealth Rock
|move|p2a: Crobat|Roost|p2a: Crobat
|-heal|p2a: Crobat|255\/373
|
|turn|16
|
|move|p2a: Crobat|Acrobatics|p1a: Nidoqueen
|-damage|p1a: Nidoqueen|0 fnt
|faint|p1a: Nidoqueen
|
|
|switch|p1a: Crobat|Crobat, M|337\/337
|-damage|p1a: Crobat|253\/337|[from] Stealth Rock
|turn|17
|
|move|p1a: Crobat|Defog|p2a: Crobat
|-unboost|p2a: Crobat|evasion|1
|-sideend|p1: ORAS UU Testing|Stealth Rock|[from] move: Defog|[of] p1a: Crobat
|move|p2a: Crobat|Taunt|p1a: Crobat
|-start|p1a: Crobat|move: Taunt
|
|-heal|p1a: Crobat|274\/337|[from] item: Black Sludge
|turn|18
|
|move|p1a: Crobat|Brave Bird|p2a: Crobat
|-damage|p2a: Crobat|87\/373
|-damage|p1a: Crobat|219\/337|[from] recoil|[of] p2a: Crobat
|move|p2a: Crobat|U-turn|p1a: Crobat
|-resisted|p1a: Crobat
|-damage|p1a: Crobat|205\/337
|
|switch|p2a: Aerodactyl|Aerodactyl-Mega, M|325\/325
|
|-heal|p1a: Crobat|226\/337|[from] item: Black Sludge
|turn|19
|
|move|p1a: Crobat|U-turn|p2a: Aerodactyl
|-resisted|p2a: Aerodactyl
|-damage|p2a: Aerodactyl|288\/325
|
|switch|p1a: Jirachi|Jirachi|295\/341
|move|p2a: Aerodactyl|Hone Claws|p2a: Aerodactyl
|-boost|p2a: Aerodactyl|atk|1
|-boost|p2a: Aerodactyl|accuracy|1
|
|turn|20
|
|switch|p2a: Jirachi|Jirachi|269\/371
|move|p1a: Jirachi|Iron Head|p2a: Jirachi
|-resisted|p2a: Jirachi
|-damage|p2a: Jirachi|206\/371
|
|-heal|p2a: Jirachi|229\/371|[from] item: Leftovers
|turn|21
|
|switch|p1a: Vaporeon|Vaporeon, M|286\/451
|move|p2a: Jirachi|Stealth Rock|p1a: Vaporeon
|-sidestart|p1: ORAS UU Testing|move: Stealth Rock
|
|-heal|p2a: Jirachi|252\/371|[from] item: Leftovers
|-heal|p1a: Vaporeon|314\/451|[from] item: Leftovers
|turn|22
|
|move|p2a: Jirachi|U-turn|p1a: Vaporeon
|-crit|p1a: Vaporeon
|-damage|p1a: Vaporeon|211\/451
|
|switch|p2a: Snorlax|Snorlax, F|494\/513
|move|p1a: Vaporeon|Wish|p1a: Vaporeon
|
|-heal|p1a: Vaporeon|239\/451|[from] item: Leftovers
|-heal|p2a: Snorlax|513\/513|[from] item: Leftovers
|turn|23
|
|switch|p1a: Machamp|Machamp, M|341\/341
|-damage|p1a: Machamp|320\/341|[from] Stealth Rock
|move|p2a: Snorlax|Body Slam|p1a: Machamp
|-crit|p1a: Machamp
|-damage|p1a: Machamp|140\/341
|
|-heal|p1a: Machamp|341\/341|[from] move: Wish|[wisher] Vaporeon
|turn|24
|
|switch|p2a: Aerodactyl|Aerodactyl-Mega, M|288\/325
|move|p1a: Machamp|Close Combat|p2a: Aerodactyl
|-damage|p2a: Aerodactyl|0 fnt
|-unboost|p1a: Machamp|def|1
|-unboost|p1a: Machamp|spd|1
|faint|p2a: Aerodactyl
|
|
|switch|p2a: Crobat|Crobat, M|87\/373
|turn|25
|
|switch|p1a: Crobat|Crobat, M|226\/337
|-damage|p1a: Crobat|142\/337|[from] Stealth Rock
|move|p2a: Crobat|Roost|p2a: Crobat
|-heal|p2a: Crobat|274\/373
|
|-heal|p1a: Crobat|163\/337|[from] item: Black Sludge
|turn|26
|
|move|p1a: Crobat|Defog|p2a: Crobat
|-unboost|p2a: Crobat|evasion|1
|-sideend|p1: ORAS UU Testing|Stealth Rock|[from] move: Defog|[of] p1a: Crobat
|move|p2a: Crobat|Acrobatics|p1a: Crobat
|-damage|p1a: Crobat|19\/337
|
|-heal|p1a: Crobat|40\/337|[from] item: Black Sludge
|turn|27
|
|move|p1a: Crobat|Roost|p1a: Crobat
|-heal|p1a: Crobat|209\/337
|move|p2a: Crobat|Roost|p2a: Crobat
|-heal|p2a: Crobat|373\/373
|
|-heal|p1a: Crobat|230\/337|[from] item: Black Sludge
|turn|28
|
|move|p1a: Crobat|Brave Bird|p2a: Crobat
|-damage|p2a: Crobat|195\/373
|-damage|p1a: Crobat|171\/337|[from] recoil|[of] p2a: Crobat
|move|p2a: Crobat|Acrobatics|p1a: Crobat
|-damage|p1a: Crobat|36\/337
|
|-heal|p1a: Crobat|57\/337|[from] item: Black Sludge
|turn|29
|
|move|p1a: Crobat|Roost|p1a: Crobat
|-heal|p1a: Crobat|226\/337
|move|p2a: Crobat|Roost|p2a: Crobat
|-heal|p2a: Crobat|373\/373
|
|-heal|p1a: Crobat|247\/337|[from] item: Black Sludge
|turn|30
|
|move|p1a: Crobat|Brave Bird|p2a: Crobat
|-damage|p2a: Crobat|193\/373
|-damage|p1a: Crobat|188\/337|[from] recoil|[of] p2a: Crobat
|move|p2a: Crobat|Acrobatics|p1a: Crobat
|-damage|p1a: Crobat|50\/337
|
|-heal|p1a: Crobat|71\/337|[from] item: Black Sludge
|turn|31
|
|move|p1a: Crobat|Roost|p1a: Crobat
|-heal|p1a: Crobat|240\/337
|move|p2a: Crobat|Taunt|p1a: Crobat
|-start|p1a: Crobat|move: Taunt
|
|-heal|p1a: Crobat|261\/337|[from] item: Black Sludge
|turn|32
|
|move|p1a: Crobat|Brave Bird|p2a: Crobat
|-damage|p2a: Crobat|1\/373
|-damage|p1a: Crobat|198\/337|[from] recoil|[of] p2a: Crobat
|move|p2a: Crobat|Roost|p2a: Crobat
|-heal|p2a: Crobat|188\/373
|
|-heal|p1a: Crobat|219\/337|[from] item: Black Sludge
|turn|33
|
|move|p1a: Crobat|Brave Bird|p2a: Crobat
|-damage|p2a: Crobat|0 fnt
|-damage|p1a: Crobat|157\/337|[from] recoil|[of] p2a: Crobat
|faint|p2a: Crobat
|
|-heal|p1a: Crobat|178\/337|[from] item: Black Sludge
|
|switch|p2a: Jirachi|Jirachi|252\/371
|turn|34
|
|move|p1a: Crobat|Brave Bird|p2a: Jirachi
|-resisted|p2a: Jirachi
|-damage|p2a: Jirachi|177\/371
|-damage|p1a: Crobat|153\/337|[from] recoil|[of] p2a: Jirachi
|move|p2a: Jirachi|Stealth Rock|p1a: Crobat
|-sidestart|p1: ORAS UU Testing|move: Stealth Rock
|
|-heal|p1a: Crobat|174\/337|[from] item: Black Sludge
|-heal|p2a: Jirachi|200\/371|[from] item: Leftovers
|-end|p1a: Crobat|move: Taunt
|turn|35
|
|move|p1a: Crobat|Defog|p2a: Jirachi
|-unboost|p2a: Jirachi|evasion|1
|-sideend|p1: ORAS UU Testing|Stealth Rock|[from] move: Defog|[of] p1a: Crobat
|move|p2a: Jirachi|Iron Head|p1a: Crobat
|-damage|p1a: Crobat|41\/337
|
|-heal|p1a: Crobat|62\/337|[from] item: Black Sludge
|-heal|p2a: Jirachi|223\/371|[from] item: Leftovers
|turn|36
|
|move|p1a: Crobat|Roost|p1a: Crobat
|-heal|p1a: Crobat|231\/337
|move|p2a: Jirachi|Fire Punch|p1a: Crobat
|-crit|p1a: Crobat
|-damage|p1a: Crobat|107\/337
|
|-heal|p1a: Crobat|128\/337|[from] item: Black Sludge
|-heal|p2a: Jirachi|246\/371|[from] item: Leftovers
|turn|37
|
|move|p1a: Crobat|U-turn|p2a: Jirachi
|-damage|p2a: Jirachi|178\/371
|
|switch|p1a: Hydreigon|Hydreigon, F|278\/325
|move|p2a: Jirachi|Iron Head|p1a: Hydreigon
|-damage|p1a: Hydreigon|142\/325
|
|-heal|p2a: Jirachi|201\/371|[from] item: Leftovers
|turn|38
|
|move|p1a: Hydreigon|Dark Pulse|p2a: Jirachi
|-supereffective|p2a: Jirachi
|-damage|p2a: Jirachi|0 fnt
|faint|p2a: Jirachi
|
|
|switch|p2a: Snorlax|Snorlax, F|513\/513
|turn|39
|
|switch|p1a: Machamp|Machamp, M|341\/341
|move|p2a: Snorlax|Curse|p2a: Snorlax
|-boost|p2a: Snorlax|atk|1
|-boost|p2a: Snorlax|def|1
|-unboost|p2a: Snorlax|spe|1
|
|turn|40
|
|move|p1a: Machamp|Close Combat|p2a: Snorlax
|-supereffective|p2a: Snorlax
|-damage|p2a: Snorlax|0 fnt
|-unboost|p1a: Machamp|def|1
|-unboost|p1a: Machamp|spd|1
|faint|p2a: Snorlax
|
|
|switch|p2a: Ryuk|Hydreigon, M|325\/325
|turn|41
|
|move|p2a: Ryuk|Dark Pulse|p1a: Machamp
|-crit|p1a: Machamp
|-resisted|p1a: Machamp
|-damage|p1a: Machamp|175\/341
|move|p1a: Machamp|Close Combat|p2a: Ryuk
|-crit|p2a: Ryuk
|-supereffective|p2a: Ryuk
|-damage|p2a: Ryuk|0 fnt
|-unboost|p1a: Machamp|def|1
|-unboost|p1a: Machamp|spd|1
|faint|p2a: Ryuk
|
|win|ORAS UU Testing
|raw|Ladder updating...
|raw|ORAS UU Testing's rating: 1484 &rarr; <strong>1500<\/strong><br \/>(+16 for winning)
|raw|Pheonixmaster's rating: 1412 &rarr; <strong>1397<\/strong><br \/>(-15 for losing)
|c|âORAS UU Testing|gg
|leave|Pheonixmaster
|player|p2