|join|Pheonixmaster
|join|L'Amico
|player|p1|Pheonixmaster|167
|player|p2|L'Amico|176
|gametype|singles
|gen|6
|tier|UU
|rated
|rule|Sleep Clause Mod: Limit one foe put to sleep
|rule|Species Clause: Limit one of each PokÃ©mon
|rule|OHKO Clause: OHKO moves are banned
|rule|Moody Clause: Moody is banned
|rule|Evasion Moves Clause: Evasion moves are banned
|rule|Endless Battle Clause: Forcing endless battles is banned
|rule|HP Percentage Mod: HP is shown in percentages
|clearpoke
|poke|p1|Swampert, M
|poke|p1|Kingdra, M
|poke|p1|Toxicroak, M
|poke|p1|Tornadus, M
|poke|p1|Jirachi
|poke|p1|Chesnaught, M
|poke|p2|Trevenant, F
|poke|p2|Suicune
|poke|p2|Donphan, F
|poke|p2|Aggron, M
|poke|p2|Umbreon, F
|poke|p2|Toxicroak, M
|rule|Swagger Clause: Swagger is banned
|rule|Baton Pass Clause: Limit one PokÃ©mon knowing Baton Pass
|teampreview
|
|start
|switch|p1a: Jirachi|Jirachi|404\/404
|switch|p2a: Trevenant|Trevenant, F|373\/373
|turn|1
|
|switch|p2a: Aggron|Aggron, M|344\/344
|move|p1a: Jirachi|Rain Dance|p1a: Jirachi
|-weather|RainDance
|
|-weather|RainDance|[upkeep]
|turn|2
|
|detailschange|p2a: Aggron|Aggron-Mega, M
|-mega|p2a: Aggron|Aggron|Aggronite
|move|p1a: Jirachi|U-turn|p2a: Aggron
|-resisted|p2a: Aggron
|-damage|p2a: Aggron|333\/344
|
|switch|p1a: Swampert|Swampert, M|341\/341
|move|p2a: Aggron|Stealth Rock|p1a: Swampert
|-sidestart|p1: Pheonixmaster|move: Stealth Rock
|
|-weather|RainDance|[upkeep]
|turn|3
|
|switch|p2a: Toxicroak|Toxicroak, M|317\/317
|detailschange|p1a: Swampert|Swampert-Mega, M
|-mega|p1a: Swampert|Swampert|Swampertite
|move|p1a: Swampert|Waterfall|p2a: Toxicroak
|-immune|p2a: Toxicroak|[msg]
|
|-weather|RainDance|[upkeep]
|turn|4
|
|switch|p2a: Suicune|Suicune|404\/404
|-ability|p2a: Suicune|Pressure
|move|p1a: Swampert|Earthquake|p2a: Suicune
|-damage|p2a: Suicune|254\/404
|
|-weather|RainDance|[upkeep]
|-heal|p2a: Suicune|279\/404|[from] item: Leftovers
|turn|5
|
|switch|p1a: Toxicroak|Toxicroak, M|307\/307
|-damage|p1a: Toxicroak|288\/307|[from] Stealth Rock
|move|p2a: Suicune|Scald|p1a: Toxicroak
|-heal|p1a: Toxicroak|307\/307|[from] ability: Dry Skin|[of] p2a: Suicune
|
|-weather|RainDance|[upkeep]
|-heal|p2a: Suicune|304\/404|[from] item: Leftovers
|turn|6
|
|switch|p2a: Trevenant|Trevenant, F|373\/373
|move|p1a: Toxicroak|Gunk Shot|p2a: Trevenant
|-damage|p2a: Trevenant|21\/373
|-damage|p1a: Toxicroak|277\/307|[from] item: Life Orb
|-enditem|p2a: Trevenant|Sitrus Berry|[eat]
|-heal|p2a: Trevenant|114\/373|[from] item: Sitrus Berry
|
|-weather|RainDance|[upkeep]
|-heal|p1a: Toxicroak|307\/307|[from] ability: Dry Skin
|turn|7
|
|switch|p2a: Donphan|Donphan, F|384\/384
|move|p1a: Toxicroak|Gunk Shot|p2a: Donphan
|-resisted|p2a: Donphan
|-damage|p2a: Donphan|305\/384
|-damage|p1a: Toxicroak|277\/307|[from] item: Life Orb
|
|-weather|RainDance|[upkeep]
|-heal|p1a: Toxicroak|307\/307|[from] ability: Dry Skin
|-heal|p2a: Donphan|329\/384|[from] item: Leftovers
|turn|8
|
|switch|p1a: Swampert|Swampert-Mega, M|341\/341
|-damage|p1a: Swampert|320\/341|[from] Stealth Rock
|move|p2a: Donphan|Knock Off|p1a: Swampert
|-damage|p1a: Swampert|265\/341
|
|-weather|none
|-heal|p2a: Donphan|353\/384|[from] item: Leftovers
|turn|9
|
|switch|p2a: Suicune|Suicune|304\/404
|-ability|p2a: Suicune|Pressure
|move|p1a: Swampert|Earthquake|p2a: Suicune
|-damage|p2a: Suicune|154\/404
|
|-heal|p2a: Suicune|179\/404|[from] item: Leftovers
|turn|10
|
|switch|p1a: Toxicroak|Toxicroak, M|307\/307
|-damage|p1a: Toxicroak|288\/307|[from] Stealth Rock
|move|p2a: Suicune|Rest|p2a: Suicune
|-status|p2a: Suicune|slp
|-heal|p2a: Suicune|404\/404 slp|[silent]
|-status|p2a: Suicune|slp|[from] move: Rest
|
|turn|11
|
|switch|p2a: Aggron|Aggron-Mega, M|333\/344
|move|p1a: Toxicroak|Gunk Shot|p2a: Aggron
|-immune|p2a: Aggron|[msg]
|
|turn|12
|
|switch|p1a: Jirachi|Jirachi|404\/404
|-damage|p1a: Jirachi|379\/404|[from] Stealth Rock
|move|p2a: Aggron|Dragon Tail|p1a: Jirachi
|-resisted|p1a: Jirachi
|-damage|p1a: Jirachi|357\/404
|drag|p1a: Kingdra|Kingdra, M|291\/291
|-damage|p1a: Kingdra|255\/291|[from] Stealth Rock
|
|turn|13
|
|move|p1a: Kingdra|Scald|p2a: Aggron
|-damage|p2a: Aggron|101\/344
|move|p2a: Aggron|Dragon Tail|p1a: Kingdra
|-supereffective|p1a: Kingdra
|-damage|p1a: Kingdra|129\/291
|drag|p1a: Chesnaught|Chesnaught, M|380\/380
|-damage|p1a: Chesnaught|357\/380|[from] Stealth Rock
|
|-heal|p1a: Chesnaught|380\/380|[from] item: Leftovers
|turn|14
|
|switch|p1a: Jirachi|Jirachi|357\/404
|-damage|p1a: Jirachi|332\/404|[from] Stealth Rock
|switch|p2a: Trevenant|Trevenant, F|114\/373
|
|-item|p2a: Trevenant|Sitrus Berry|[from] ability: Harvest
|-enditem|p2a: Trevenant|Sitrus Berry|[eat]
|-heal|p2a: Trevenant|207\/373|[from] item: Sitrus Berry
|turn|15
|
|move|p1a: Jirachi|Iron Head|p2a: Trevenant
|-damage|p2a: Trevenant|93\/373
|cant|p2a: Trevenant|flinch
|
|-item|p2a: Trevenant|Sitrus Berry|[from] ability: Harvest
|-enditem|p2a: Trevenant|Sitrus Berry|[eat]
|-heal|p2a: Trevenant|186\/373|[from] item: Sitrus Berry
|turn|16
|
|move|p1a: Jirachi|Iron Head|p2a: Trevenant
|-crit|p2a: Trevenant
|-damage|p2a: Trevenant|8\/373
|cant|p2a: Trevenant|flinch
|
|-item|p2a: Trevenant|Sitrus Berry|[from] ability: Harvest
|-enditem|p2a: Trevenant|Sitrus Berry|[eat]
|-heal|p2a: Trevenant|101\/373|[from] item: Sitrus Berry
|turn|17
|join|JohnOrigins
|
|switch|p2a: Aggron|Aggron-Mega, M|101\/344
|move|p1a: Jirachi|Iron Head|p2a: Aggron
|-resisted|p2a: Aggron
|-damage|p2a: Aggron|83\/344
|
|turn|18
|
|move|p1a: Jirachi|Rain Dance|p1a: Jirachi
|-weather|RainDance
|move|p2a: Aggron|Earthquake|p1a: Jirachi
|-supereffective|p1a: Jirachi
|-damage|p1a: Jirachi|164\/404
|
|-weather|RainDance|[upkeep]
|turn|19
|
|move|p1a: Jirachi|U-turn|p2a: Aggron
|-resisted|p2a: Aggron
|-damage|p2a: Aggron|73\/344
|
|switch|p1a: Swampert|Swampert-Mega, M|265\/341
|-damage|p1a: Swampert|244\/341|[from] Stealth Rock
|move|p2a: Aggron|Dragon Tail|p1a: Swampert
|-damage|p1a: Swampert|181\/341
|drag|p1a: Tornadus|Tornadus, M|299\/299
|-damage|p1a: Tornadus|225\/299|[from] Stealth Rock
|
|-weather|RainDance|[upkeep]
|turn|20
|
|switch|p2a: Umbreon|Umbreon, F|394\/394
|move|p1a: Tornadus|Hurricane|p2a: Umbreon
|-damage|p2a: Umbreon|271\/394
|
|-weather|RainDance|[upkeep]
|-heal|p2a: Umbreon|295\/394|[from] item: Leftovers
|turn|21
|
|move|p1a: Tornadus|U-turn|p2a: Umbreon
|-supereffective|p2a: Umbreon
|-damage|p2a: Umbreon|169\/394
|
|switch|p1a: Toxicroak|Toxicroak, M|288\/307
|-damage|p1a: Toxicroak|269\/307|[from] Stealth Rock
|move|p2a: Umbreon|Wish|p2a: Umbreon
|
|-weather|RainDance|[upkeep]
|-heal|p1a: Toxicroak|307\/307|[from] ability: Dry Skin
|-heal|p2a: Umbreon|193\/394|[from] item: Leftovers
|turn|22
|
|switch|p2a: Trevenant|Trevenant, F|101\/373
|move|p1a: Toxicroak|Swords Dance|p1a: Toxicroak
|-boost|p1a: Toxicroak|atk|2
|
|-weather|RainDance|[upkeep]
|-heal|p2a: Trevenant|298\/373|[from] move: Wish|[wisher] Umbreon
|-item|p2a: Trevenant|Sitrus Berry|[from] ability: Harvest
|turn|23
|
|switch|p2a: Donphan|Donphan, F|353\/384
|move|p1a: Toxicroak|Gunk Shot|p2a: Donphan
|-resisted|p2a: Donphan
|-damage|p2a: Donphan|193\/384
|-damage|p1a: Toxicroak|277\/307|[from] item: Life Orb
|
|-weather|RainDance|[upkeep]
|-heal|p1a: Toxicroak|307\/307|[from] ability: Dry Skin
|-heal|p2a: Donphan|217\/384|[from] item: Leftovers
|turn|24
|
|move|p1a: Toxicroak|Drain Punch|p2a: Donphan
|-damage|p2a: Donphan|0 fnt
|-damage|p1a: Toxicroak|277\/307|[from] item: Life Orb
|faint|p2a: Donphan
|
|-weather|RainDance|[upkeep]
|-heal|p1a: Toxicroak|307\/307|[from] ability: Dry Skin
|
|switch|p2a: Toxicroak|Toxicroak, M|317\/317
|turn|25
|
|move|p2a: Toxicroak|Swords Dance|p2a: Toxicroak
|-boost|p2a: Toxicroak|atk|2
|move|p1a: Toxicroak|Drain Punch|p2a: Toxicroak
|-resisted|p2a: Toxicroak
|-damage|p2a: Toxicroak|74\/317
|-damage|p1a: Toxicroak|277\/307|[from] item: Life Orb
|
|-weather|none
|-heal|p2a: Toxicroak|93\/317|[from] item: Black Sludge
|turn|26
|
|move|p1a: Toxicroak|Sucker Punch|p2a: Toxicroak
|-resisted|p2a: Toxicroak
|-damage|p2a: Toxicroak|0 fnt
|-damage|p1a: Toxicroak|247\/307|[from] item: Life Orb
|faint|p2a: Toxicroak
|
|c|âL'Amico|gg
|c|âPheonixmaster|gg
|c| JohnOrigins|gg
|-message|L'Amico forfeited.
|
|win|Pheonixmaster
|raw|Ladder updating...
|leave|L'Amico
|player|p2
|raw|Pheonixmaster's rating: 1491 &rarr; <strong>1511<\/strong><br \/>(+20 for winning)
|raw|L&apos;Amico's rating: 1482 &rarr; <strong>1463<\/strong><br \/>(-19 for losing)