|join|Pheonixmaster
|join|Latias tho
|player|p1|Pheonixmaster|167
|player|p2|Latias tho|217
|gametype|singles
|gen|6
|tier|UU
|rated
|rule|Sleep Clause Mod: Limit one foe put to sleep
|rule|Species Clause: Limit one of each PokÃ©mon
|rule|OHKO Clause: OHKO moves are banned
|rule|Moody Clause: Moody is banned
|rule|Evasion Moves Clause: Evasion moves are banned
|rule|Endless Battle Clause: Forcing endless battles is banned
|rule|HP Percentage Mod: HP is shown in percentages
|clearpoke
|poke|p1|Medicham, M
|poke|p1|Krookodile, M
|poke|p1|Hydreigon, M
|poke|p1|Crobat, M
|poke|p1|Celebi
|poke|p1|Raikou
|poke|p2|Sneasel, M
|poke|p2|Chatot, M
|poke|p2|Serperior, M
|poke|p2|Volbeat, M
|poke|p2|Illumise, F
|poke|p2|Ursaring, F
|rule|Swagger Clause: Swagger is banned
|rule|Baton Pass Clause: Limit one PokÃ©mon knowing Baton Pass
|teampreview
|c|âPheonixmaster|oh hey
|c|âLatias tho|hello
|c|âPheonixmaster|gl buddy
|
|start
|switch|p1a: Aizawa|Raikou|321\/321
|switch|p2a: Hax|Sneasel, M|252\/252
|-ability|p1a: Aizawa|Pressure
|turn|1
|
|move|p2a: Hax|Beat Up|p1a: Aizawa
|-damage|p1a: Aizawa|293\/321
|-damage|p1a: Aizawa|272\/321
|-damage|p1a: Aizawa|250\/321
|-crit|p1a: Aizawa
|-damage|p1a: Aizawa|214\/321
|-damage|p1a: Aizawa|198\/321
|-damage|p1a: Aizawa|165\/321
|-hitcount|p1a: Aizawa|6
|cant|p1a: Aizawa|flinch
|
|turn|2
|c|âPheonixmaster|oh
|
|switch|p1a: Yagami Light|Krookodile, M|331\/331
|-ability|p1a: Yagami Light|Intimidate|[of] p2a: Hax
|-unboost|p2a: Hax|atk|1
|move|p2a: Hax|Beat Up|p1a: Yagami Light
|-resisted|p1a: Yagami Light
|-damage|p1a: Yagami Light|322\/331
|-resisted|p1a: Yagami Light
|-damage|p1a: Yagami Light|316\/331
|-resisted|p1a: Yagami Light
|-damage|p1a: Yagami Light|309\/331
|-resisted|p1a: Yagami Light
|-damage|p1a: Yagami Light|303\/331
|-resisted|p1a: Yagami Light
|-damage|p1a: Yagami Light|297\/331
|-resisted|p1a: Yagami Light
|-damage|p1a: Yagami Light|288\/331
|-hitcount|p1a: Yagami Light|6
|
|turn|3
|join|Eyan
|
|switch|p2a: Again|Serperior, M|354\/354
|move|p1a: Yagami Light|Earthquake|p2a: Again
|-crit|p2a: Again
|-resisted|p2a: Again
|-damage|p2a: Again|157\/354
|
|-heal|p2a: Again|179\/354|[from] item: Leftovers
|turn|4
|join|Truth In Lies
|
|switch|p1a: Rem|Crobat, M|373\/373
|move|p2a: Again|Glare|p1a: Rem
|-status|p1a: Rem|par
|
|-heal|p2a: Again|201\/354|[from] item: Leftovers
|turn|5
|
|move|p2a: Again|Leech Seed|p1a: Rem
|-start|p1a: Rem|move: Leech Seed
|cant|p1a: Rem|par
|
|-heal|p2a: Again|223\/354|[from] item: Leftovers
|-damage|p1a: Rem|327\/373 par|[from] Leech Seed|[of] p2a: Again
|-heal|p2a: Again|269\/354|[silent]
|turn|6
|
|switch|p2a: Teddeh|Ursaring, F|384\/384
|cant|p1a: Rem|par
|
|-damage|p1a: Rem|281\/373 par|[from] Leech Seed|[of] p2a: Teddeh
|turn|7
|
|switch|p1a: Yagami Light|Krookodile, M|288\/331
|-ability|p1a: Yagami Light|Intimidate|[of] p2a: Teddeh
|-unboost|p2a: Teddeh|atk|1
|move|p2a: Teddeh|Frustration|p1a: Yagami Light
|-crit|p1a: Yagami Light
|-damage|p1a: Yagami Light|0 fnt
|faint|p1a: Yagami Light
|
|
|switch|p1a: Ryuzaki|Medicham, M|261\/261
|turn|8
|
|switch|p2a: Motherfucker|Illumise, F|334\/334
|detailschange|p1a: Ryuzaki|Medicham-Mega, M
|-mega|p1a: Ryuzaki|Medicham|Medichamite
|move|p1a: Ryuzaki|Substitute|p1a: Ryuzaki
|-start|p1a: Ryuzaki|Substitute
|-damage|p1a: Ryuzaki|196\/261
|
|turn|9
|
|move|p2a: Motherfucker|Encore|p1a: Ryuzaki
|-start|p1a: Ryuzaki|Encore
|move|p1a: Ryuzaki|Substitute|p1a: Ryuzaki
|-fail|p1a: Ryuzaki|move: Substitute
|
|turn|10
|
|switch|p1a: Aizawa|Raikou|165\/321
|-ability|p1a: Aizawa|Pressure
|move|p2a: Motherfucker|Thunder Wave|p1a: Aizawa
|-fail|p1a: Aizawa
|
|turn|11
|
|move|p2a: Motherfucker|Confuse Ray|p1a: Aizawa
|-start|p1a: Aizawa|confusion
|-activate|p1a: Aizawa|confusion
|move|p1a: Aizawa|Volt Switch|p2a: Motherfucker
|-damage|p2a: Motherfucker|99\/334
|
|switch|p1a: Rem|Crobat, M|281\/373 par
|
|-heal|p2a: Motherfucker|119\/334|[from] item: Leftovers
|turn|12
|
|move|p2a: Motherfucker|Confuse Ray|p1a: Rem
|-start|p1a: Rem|confusion
|-activate|p1a: Rem|confusion
|-damage|p1a: Rem|248\/373 par|[from] confusion
|
|-heal|p2a: Motherfucker|139\/334|[from] item: Leftovers
|turn|13
|
|switch|p1a: Aizawa|Raikou|165\/321
|-ability|p1a: Aizawa|Pressure
|move|p2a: Motherfucker|Roost|p2a: Motherfucker
|-heal|p2a: Motherfucker|306\/334
|
|-heal|p2a: Motherfucker|326\/334|[from] item: Leftovers
|turn|14
|
|move|p2a: Motherfucker|Confuse Ray|p1a: Aizawa
|-start|p1a: Aizawa|confusion
|-activate|p1a: Aizawa|confusion
|-damage|p1a: Aizawa|135\/321|[from] confusion
|
|-heal|p2a: Motherfucker|334\/334|[from] item: Leftovers
|turn|15
|c|âPheonixmaster|C'mon lol
|c|âLatias tho|:]
|
|switch|p2a: You|Volbeat, M|334\/334
|-activate|p1a: Aizawa|confusion
|move|p1a: Aizawa|Thunderbolt|p2a: You
|-damage|p2a: You|141\/334
|
|-heal|p2a: You|161\/334|[from] item: Leftovers
|turn|16
|
|move|p2a: You|Roost|p2a: You
|-heal|p2a: You|328\/334
|-activate|p1a: Aizawa|confusion
|-damage|p1a: Aizawa|104\/321|[from] confusion
|
|-heal|p2a: You|334\/334|[from] item: Leftovers
|turn|17
|
|move|p2a: You|Encore|p1a: Aizawa
|-start|p1a: Aizawa|Encore
|-end|p1a: Aizawa|confusion
|move|p1a: Aizawa|Thunderbolt|p2a: You
|-damage|p2a: You|130\/334
|
|-heal|p2a: You|150\/334|[from] item: Leftovers
|turn|18
|
|move|p2a: You|Confuse Ray|p1a: Aizawa
|-start|p1a: Aizawa|confusion
|-activate|p1a: Aizawa|confusion
|-damage|p1a: Aizawa|72\/321|[from] confusion
|
|-heal|p2a: You|170\/334|[from] item: Leftovers
|turn|19
|
|move|p2a: You|Roost|p2a: You
|-heal|p2a: You|334\/334
|-activate|p1a: Aizawa|confusion
|move|p1a: Aizawa|Thunderbolt|p2a: You
|-damage|p2a: You|130\/334
|
|-heal|p2a: You|150\/334|[from] item: Leftovers
|-end|p1a: Aizawa|Encore
|turn|20
|c|âPheonixmaster|Sad how you have to resort to bs
|
|move|p2a: You|Roost|p2a: You
|-heal|p2a: You|317\/334
|-activate|p1a: Aizawa|confusion
|move|p1a: Aizawa|Thunderbolt|p2a: You
|-damage|p2a: You|131\/334
|
|-heal|p2a: You|151\/334|[from] item: Leftovers
|turn|21
|
|move|p2a: You|Roost|p2a: You
|-heal|p2a: You|318\/334
|-activate|p1a: Aizawa|confusion
|-damage|p1a: Aizawa|41\/321|[from] confusion
|
|-heal|p2a: You|334\/334|[from] item: Leftovers
|turn|22
|
|switch|p2a: Again|Serperior, M|269\/354
|-end|p1a: Aizawa|confusion
|move|p1a: Aizawa|Thunderbolt|p2a: Again
|-crit|p2a: Again
|-resisted|p2a: Again
|-damage|p2a: Again|85\/354
|
|-heal|p2a: Again|107\/354|[from] item: Leftovers
|turn|23
|c|âLatias tho|....
|
|move|p1a: Aizawa|Thunderbolt|p2a: Again
|-resisted|p2a: Again
|-damage|p2a: Again|0 fnt
|faint|p2a: Again
|
|
|switch|p2a: Hax|Sneasel, M|252\/252
|turn|24
|c|âPheonixmaster|You can't say that after haxing me,it doesn't work that way lol
|
|switch|p1a: Rem|Crobat, M|248\/373 par
|move|p2a: Hax|Ice Punch|p1a: Rem
|-supereffective|p1a: Rem
|-damage|p1a: Rem|8\/373 par
|
|turn|25
|
|move|p2a: Hax|Ice Punch|p1a: Rem
|-crit|p1a: Rem
|-supereffective|p1a: Rem
|-damage|p1a: Rem|0 fnt
|faint|p1a: Rem
|
|leave|Truth In Lies
|
|switch|p1a: Ryuk|Hydreigon, M|325\/325
|turn|26
|
|switch|p2a: You|Volbeat, M|334\/334
|move|p1a: Ryuk|U-turn|p2a: You
|-damage|p2a: You|247\/334
|join|Cyndequil
|
|switch|p1a: Misa|Celebi|404\/404
|
|-heal|p2a: You|267\/334|[from] item: Leftovers
|turn|27
|
|move|p2a: You|Confuse Ray|p1a: Misa
|-start|p1a: Misa|confusion
|-activate|p1a: Misa|confusion
|move|p1a: Misa|Stealth Rock|p2a: You
|-sidestart|p2: Latias tho|move: Stealth Rock
|
|-heal|p2a: You|287\/334|[from] item: Leftovers
|turn|28
|
|switch|p1a: Aizawa|Raikou|41\/321
|-ability|p1a: Aizawa|Pressure
|move|p2a: You|Confuse Ray|p1a: Aizawa
|-start|p1a: Aizawa|confusion
|
|-heal|p2a: You|307\/334|[from] item: Leftovers
|turn|29
|
|move|p2a: You|Roost|p2a: You
|-heal|p2a: You|334\/334
|-activate|p1a: Aizawa|confusion
|move|p1a: Aizawa|Volt Switch|p2a: You
|-damage|p2a: You|198\/334
|join|Truth In Lies
|
|switch|p1a: Ryuzaki|Medicham-Mega, M|196\/261
|
|-heal|p2a: You|218\/334|[from] item: Leftovers
|turn|30
|
|switch|p1a: Aizawa|Raikou|41\/321
|-ability|p1a: Aizawa|Pressure
|move|p2a: You|Confuse Ray|p1a: Aizawa
|-start|p1a: Aizawa|confusion
|
|-heal|p2a: You|238\/334|[from] item: Leftovers
|turn|31
|
|move|p2a: You|Roost|p2a: You
|-heal|p2a: You|334\/334
|-activate|p1a: Aizawa|confusion
|-damage|p1a: Aizawa|10\/321|[from] confusion
|
|turn|32
|
|move|p2a: You|Confuse Ray|p1a: Aizawa
|-fail|p1a: Aizawa
|-activate|p1a: Aizawa|confusion
|move|p1a: Aizawa|Volt Switch|p2a: You
|-damage|p2a: You|195\/334
|
|switch|p1a: Ryuzaki|Medicham-Mega, M|196\/261
|
|-heal|p2a: You|215\/334|[from] item: Leftovers
|turn|33
|
|move|p2a: You|Confuse Ray|p1a: Ryuzaki
|-start|p1a: Ryuzaki|confusion
|-activate|p1a: Ryuzaki|confusion
|move|p1a: Ryuzaki|Zen Headbutt|p2a: You
|-damage|p2a: You|0 fnt
|faint|p2a: You
|
|
|switch|p2a: Me|Chatot, M|293\/293
|-damage|p2a: Me|220\/293|[from] Stealth Rock
|turn|34
|
|-activate|p1a: Ryuzaki|confusion
|-damage|p1a: Ryuzaki|111\/261|[from] confusion
|move|p2a: Me|Chatter|p1a: Ryuzaki
|-supereffective|p1a: Ryuzaki
|-damage|p1a: Ryuzaki|0 fnt
|faint|p1a: Ryuzaki
|
|-heal|p2a: Me|238\/293|[from] item: Leftovers
|
|switch|p1a: Aizawa|Raikou|10\/321
|-ability|p1a: Aizawa|Pressure
|turn|35
|
|switch|p2a: Teddeh|Ursaring, F|384\/384
|-damage|p2a: Teddeh|336\/384|[from] Stealth Rock
|move|p1a: Aizawa|Thunderbolt|p2a: Teddeh
|-damage|p2a: Teddeh|165\/384
|
|turn|36
|
|move|p1a: Aizawa|Thunderbolt|p2a: Teddeh
|-damage|p2a: Teddeh|0 fnt
|faint|p2a: Teddeh
|
|
|switch|p2a: Hax|Sneasel, M|252\/252
|-damage|p2a: Hax|189\/252|[from] Stealth Rock
|turn|37
|
|move|p1a: Aizawa|Thunderbolt|p2a: Hax
|-damage|p2a: Hax|0 fnt
|faint|p2a: Hax
|
|
|switch|p2a: Motherfucker|Illumise, F|334\/334
|-damage|p2a: Motherfucker|251\/334|[from] Stealth Rock
|turn|38
|
|move|p2a: Motherfucker|Confuse Ray|p1a: Aizawa
|-start|p1a: Aizawa|confusion
|-activate|p1a: Aizawa|confusion
|move|p1a: Aizawa|Thunderbolt|p2a: Motherfucker
|-damage|p2a: Motherfucker|0 fnt
|faint|p2a: Motherfucker
|
|
|switch|p2a: Me|Chatot, M|238\/293
|-damage|p2a: Me|165\/293|[from] Stealth Rock
|turn|39
|leave|Eyan
|leave|Truth In Lies
|
|switch|p1a: Ryuk|Hydreigon, M|325\/325
|move|p2a: Me|Substitute|p2a: Me
|-start|p2a: Me|Substitute
|-damage|p2a: Me|92\/293
|
|-heal|p2a: Me|110\/293|[from] item: Leftovers
|turn|40
|
|move|p1a: Ryuk|Dark Pulse|p2a: Me
|-end|p2a: Me|Substitute
|move|p2a: Me|Chatter|p1a: Ryuk
|-damage|p1a: Ryuk|231\/325
|-start|p1a: Ryuk|confusion
|
|-heal|p2a: Me|128\/293|[from] item: Leftovers
|turn|41
|join|Eyan
|leave|Eyan
|
|-activate|p1a: Ryuk|confusion
|-damage|p1a: Ryuk|199\/325|[from] confusion
|move|p2a: Me|Boomburst|p1a: Ryuk
|-crit|p1a: Ryuk
|-damage|p1a: Ryuk|0 fnt
|faint|p1a: Ryuk
|
|-heal|p2a: Me|146\/293|[from] item: Leftovers
|
|switch|p1a: Aizawa|Raikou|10\/321
|-ability|p1a: Aizawa|Pressure
|turn|42
|c|âLatias tho|oh fuck
|c| Cyndequil|smh
|
|move|p1a: Aizawa|Thunderbolt|p2a: Me
|-supereffective|p2a: Me
|-damage|p2a: Me|0 fnt
|faint|p2a: Me
|
|win|Pheonixmaster
|raw|Ladder updating...
|raw|Pheonixmaster's rating: 1536 &rarr; <strong>1551<\/strong><br \/>(+15 for winning)
|raw|Latias tho's rating: 1440 &rarr; <strong>1425<\/strong><br \/>(-15 for losing)