|join|Pheonixmaster
|join|ndrs45
|player|p1|Pheonixmaster|167
|player|p2|ndrs45|2
|gametype|singles
|gen|6
|tier|UU
|rated
|rule|Sleep Clause Mod: Limit one foe put to sleep
|rule|Species Clause: Limit one of each PokÃ©mon
|rule|OHKO Clause: OHKO moves are banned
|rule|Moody Clause: Moody is banned
|rule|Evasion Moves Clause: Evasion moves are banned
|rule|Endless Battle Clause: Forcing endless battles is banned
|rule|HP Percentage Mod: HP is shown in percentages
|clearpoke
|poke|p1|Medicham, M
|poke|p1|Krookodile, F
|poke|p1|Hydreigon, M
|poke|p1|Crobat, F
|poke|p1|Celebi
|poke|p1|Raikou
|poke|p2|Beedrill, F
|poke|p2|Empoleon, F
|poke|p2|Rotom-Heat
|poke|p2|Honchkrow, M
|poke|p2|Flygon, M
|poke|p2|Celebi
|rule|Swagger Clause: Swagger is banned
|rule|Baton Pass Clause: Limit one PokÃ©mon knowing Baton Pass
|teampreview
|
|start
|switch|p1a: Yagami Light|Krookodile, F|331\/331
|switch|p2a: Flygon|Flygon, M|301\/301
|-ability|p1a: Yagami Light|Intimidate|[of] p2a: Flygon
|-unboost|p2a: Flygon|atk|1
|turn|1
|
|move|p2a: Flygon|U-turn|p1a: Yagami Light
|-supereffective|p1a: Yagami Light
|-damage|p1a: Yagami Light|217\/331
|
|switch|p2a: Honchkrow|Honchkrow, M|341\/341
|move|p1a: Yagami Light|Knock Off|p2a: Honchkrow
|-resisted|p2a: Honchkrow
|-damage|p2a: Honchkrow|136\/341
|-enditem|p2a: Honchkrow|Life Orb|[from] move: Knock Off|[of] p1a: Yagami Light
|
|turn|2
|
|switch|p1a: Rem|Crobat, F|373\/373
|move|p2a: Honchkrow|Brave Bird|p1a: Rem
|-damage|p1a: Rem|132\/373
|-damage|p2a: Honchkrow|56\/341|[from] recoil|[of] p1a: Rem
|
|turn|3
|
|switch|p2a: Empoleon|Empoleon, F|371\/371
|move|p1a: Rem|Roost|p1a: Rem
|-heal|p1a: Rem|319\/373
|
|turn|4
|
|move|p1a: Rem|U-turn|p2a: Empoleon
|-resisted|p2a: Empoleon
|-damage|p2a: Empoleon|344\/371
|
|switch|p1a: Misa|Celebi|404\/404
|move|p2a: Empoleon|Ice Beam|p1a: Misa
|-supereffective|p1a: Misa
|-damage|p1a: Misa|202\/404
|
|-heal|p1a: Misa|227\/404|[from] item: Leftovers
|-heal|p2a: Empoleon|367\/371|[from] item: Leftovers
|turn|5
|
|move|p1a: Misa|Stealth Rock|p2a: Empoleon
|-sidestart|p2: ndrs45|move: Stealth Rock
|move|p2a: Empoleon|Ice Beam|p1a: Misa
|-crit|p1a: Misa
|-supereffective|p1a: Misa
|-damage|p1a: Misa|0 fnt
|faint|p1a: Misa
|
|-heal|p2a: Empoleon|371\/371|[from] item: Leftovers
|
|switch|p1a: Ryuzaki|Medicham, M|261\/261
|turn|6
|
|detailschange|p1a: Ryuzaki|Medicham-Mega, M
|-mega|p1a: Ryuzaki|Medicham|Medichamite
|move|p1a: Ryuzaki|Substitute|p1a: Ryuzaki
|-start|p1a: Ryuzaki|Substitute
|-damage|p1a: Ryuzaki|196\/261
|move|p2a: Empoleon|Scald|p1a: Ryuzaki
|-end|p1a: Ryuzaki|Substitute
|
|turn|7
|
|move|p1a: Ryuzaki|High Jump Kick|p2a: Empoleon
|-supereffective|p2a: Empoleon
|-damage|p2a: Empoleon|0 fnt
|faint|p2a: Empoleon
|
|
|switch|p2a: Flygon|Flygon, M|301\/301
|-damage|p2a: Flygon|283\/301|[from] Stealth Rock
|turn|8
|
|switch|p1a: Rem|Crobat, F|319\/373
|move|p2a: Flygon|Outrage|p1a: Rem
|-damage|p1a: Rem|127\/373
|
|turn|9
|
|move|p2a: Flygon|Outrage|p1a: Rem
|-damage|p1a: Rem|0 fnt
|faint|p1a: Rem
|
|
|switch|p1a: Aizawa|Raikou|321\/321
|-ability|p1a: Aizawa|Pressure
|turn|10
|
|move|p2a: Flygon|Outrage|p1a: Aizawa
|-damage|p1a: Aizawa|93\/321
|move|p1a: Aizawa|Hidden Power|p2a: Flygon
|-crit|p2a: Flygon
|-supereffective|p2a: Flygon
|-damage|p2a: Flygon|0 fnt
|faint|p2a: Flygon
|
|
|switch|p2a: Beedrill|Beedrill, F|271\/271
|-damage|p2a: Beedrill|204\/271|[from] Stealth Rock
|turn|11
|
|detailschange|p2a: Beedrill|Beedrill-Mega, F
|-mega|p2a: Beedrill|Beedrill|Beedrillite
|move|p2a: Beedrill|Protect|p2a: Beedrill
|-singleturn|p2a: Beedrill|Protect
|move|p1a: Aizawa|Hidden Power|p2a: Beedrill
|-activate|p2a: Beedrill|Protect
|
|turn|12
|
|move|p2a: Beedrill|Poison Jab|p1a: Aizawa
|-damage|p1a: Aizawa|0 fnt
|faint|p1a: Aizawa
|
|
|switch|p1a: Ryuk|Hydreigon, M|325\/325
|turn|13
|
|move|p2a: Beedrill|Protect|p2a: Beedrill
|-singleturn|p2a: Beedrill|Protect
|move|p1a: Ryuk|Draco Meteor|p2a: Beedrill
|-activate|p2a: Beedrill|Protect
|
|turn|14
|
|switch|p2a: Honchkrow|Honchkrow, M|56\/341
|-damage|p2a: Honchkrow|0 fnt|[from] Stealth Rock
|faint|p2a: Honchkrow
|move|p1a: Ryuk|Draco Meteor|p2: Honchkrow|[notarget]
|-notarget
|
|
|switch|p2a: Celebi|Celebi|341\/341
|-damage|p2a: Celebi|299\/341|[from] Stealth Rock
|turn|15
|
|switch|p1a: Yagami Light|Krookodile, F|217\/331
|-ability|p1a: Yagami Light|Intimidate|[of] p2a: Celebi
|-unboost|p2a: Celebi|atk|1
|move|p2a: Celebi|Shadow Ball|p1a: Yagami Light
|-resisted|p1a: Yagami Light
|-damage|p1a: Yagami Light|144\/331
|-damage|p2a: Celebi|265\/341|[from] item: Life Orb
|
|turn|16
|
|move|p2a: Celebi|Leaf Storm|p1a: Yagami Light
|-supereffective|p1a: Yagami Light
|-damage|p1a: Yagami Light|0 fnt
|-unboost|p2a: Celebi|spa|2
|-damage|p2a: Celebi|231\/341|[from] item: Life Orb
|faint|p1a: Yagami Light
|
|
|switch|p1a: Ryuk|Hydreigon, M|325\/325
|turn|17
|
|move|p1a: Ryuk|Dark Pulse|p2a: Celebi
|-supereffective|p2a: Celebi
|-damage|p2a: Celebi|0 fnt
|faint|p2a: Celebi
|
|
|switch|p2a: Beedrill|Beedrill-Mega, F|204\/271
|-damage|p2a: Beedrill|137\/271|[from] Stealth Rock
|turn|18
|
|move|p1a: Ryuk|Dark Pulse|p2a: Beedrill
|-damage|p2a: Beedrill|0 fnt
|faint|p2a: Beedrill
|
|
|switch|p2a: Rotom-Heat|Rotom-Heat|241\/241
|-damage|p2a: Rotom-Heat|181\/241|[from] Stealth Rock
|turn|19
|
|move|p1a: Ryuk|Dark Pulse|p2a: Rotom-Heat
|-damage|p2a: Rotom-Heat|57\/241
|move|p2a: Rotom-Heat|Thunderbolt|p1a: Ryuk
|-resisted|p1a: Ryuk
|-damage|p1a: Ryuk|217\/325
|
|turn|20
|c|ândrs45|u r not the utuber right?
|c|âPheonixmaster|I am
|c|ândrs45|you're too low in the ladder
|
|move|p1a: Ryuk|Dark Pulse|p2a: Rotom-Heat
|-crit|p2a: Rotom-Heat
|-damage|p2a: Rotom-Heat|0 fnt
|faint|p2a: Rotom-Heat
|
|win|Pheonixmaster
|raw|Ladder updating...
|raw|Pheonixmaster's rating: 1571 &rarr; <strong>1578<\/strong><br \/>(+7 for winning)
|raw|ndrs45's rating: 1312 &rarr; <strong>1304<\/strong><br \/>(-8 for losing)
|c|ândrs45|gg
|c|âPheonixmaster|Im like #30 lol
|c|ândrs45|lol
|c|ândrs45|i see now
|c|âPheonixmaster|gg
|leave|Pheonixmaster
|player|p1