|join|Pheonixmaster
|join|itsmymaine
|player|p1|Pheonixmaster|167
|player|p2|itsmymaine|265
|gametype|singles
|gen|6
|tier|UU
|rated
|rule|Sleep Clause Mod: Limit one foe put to sleep
|rule|Species Clause: Limit one of each PokÃ©mon
|rule|OHKO Clause: OHKO moves are banned
|rule|Moody Clause: Moody is banned
|rule|Evasion Moves Clause: Evasion moves are banned
|rule|Endless Battle Clause: Forcing endless battles is banned
|rule|HP Percentage Mod: HP is shown in percentages
|clearpoke
|poke|p1|Medicham, M
|poke|p1|Krookodile, F
|poke|p1|Hydreigon, M
|poke|p1|Crobat, M
|poke|p1|Celebi
|poke|p1|Raikou
|poke|p2|Sharpedo, M
|poke|p2|Rotom-Heat
|poke|p2|Forretress, M
|poke|p2|Crobat, M
|poke|p2|Umbreon, F
|poke|p2|Mienshao, M
|rule|Swagger Clause: Swagger is banned
|rule|Baton Pass Clause: Limit one PokÃ©mon knowing Baton Pass
|teampreview
|
|start
|switch|p1a: Rem|Crobat, M|373\/373
|switch|p2a: Mienshao|Mienshao, M|271\/271
|turn|1
|join|tomasJefferson
|leave|tomasJefferson
|
|switch|p2a: Forretress|Forretress, M|354\/354
|move|p1a: Rem|U-turn|p2a: Forretress
|-resisted|p2a: Forretress
|-damage|p2a: Forretress|340\/354
|
|switch|p1a: Aizawa|Raikou|321\/321
|-ability|p1a: Aizawa|Pressure
|
|-heal|p2a: Forretress|354\/354|[from] item: Leftovers
|turn|2
|
|switch|p2a: Umbreon|Umbreon, F|394\/394
|move|p1a: Aizawa|Thunderbolt|p2a: Umbreon
|-damage|p2a: Umbreon|270\/394
|-status|p2a: Umbreon|par
|
|-heal|p2a: Umbreon|294\/394 par|[from] item: Leftovers
|turn|3
|
|switch|p1a: Yagami Light|Krookodile, F|331\/331
|-ability|p1a: Yagami Light|Intimidate|[of] p2a: Umbreon
|-unboost|p2a: Umbreon|atk|1
|move|p2a: Umbreon|Baton Pass|p2a: Umbreon
|
|switch|p2a: Mienshao|Mienshao, M|271\/271
|
|turn|4
|
|move|p2a: Mienshao|U-turn|p1a: Yagami Light
|-supereffective|p1a: Yagami Light
|-damage|p1a: Yagami Light|211\/331
|
|switch|p2a: Forretress|Forretress, M|354\/354
|move|p1a: Yagami Light|Knock Off|p2a: Forretress
|-damage|p2a: Forretress|210\/354
|-enditem|p2a: Forretress|Leftovers|[from] move: Knock Off|[of] p1a: Yagami Light
|
|turn|5
|
|switch|p1a: Aizawa|Raikou|321\/321
|-ability|p1a: Aizawa|Pressure
|move|p2a: Forretress|Stealth Rock|p1a: Aizawa
|-sidestart|p1: Pheonixmaster|move: Stealth Rock
|
|turn|6
|
|switch|p2a: Rotom-Heat|Rotom-Heat|304\/304
|move|p1a: Aizawa|Volt Switch|p2a: Rotom-Heat
|-resisted|p2a: Rotom-Heat
|-damage|p2a: Rotom-Heat|226\/304
|
|switch|p1a: Ryuk|Hydreigon, M|325\/325
|-damage|p1a: Ryuk|285\/325|[from] Stealth Rock
|
|-heal|p2a: Rotom-Heat|245\/304|[from] item: Leftovers
|turn|7
|
|switch|p2a: Umbreon|Umbreon, F|294\/394 par
|move|p1a: Ryuk|Draco Meteor|p2a: Umbreon
|-damage|p2a: Umbreon|159\/394 par
|-unboost|p1a: Ryuk|spa|2
|
|-heal|p2a: Umbreon|183\/394 par|[from] item: Leftovers
|turn|8
|
|switch|p1a: Ryuzaki|Medicham, M|261\/261
|-damage|p1a: Ryuzaki|245\/261|[from] Stealth Rock
|move|p2a: Umbreon|Baton Pass|p2a: Umbreon
|
|switch|p2a: Forretress|Forretress, M|210\/354
|
|turn|9
|
|detailschange|p1a: Ryuzaki|Medicham-Mega, M
|-mega|p1a: Ryuzaki|Medicham|Medichamite
|move|p1a: Ryuzaki|High Jump Kick|p2a: Forretress
|-damage|p2a: Forretress|0 fnt
|faint|p2a: Forretress
|
|
|switch|p2a: Crobat|Crobat, M|373\/373
|turn|10
|
|switch|p1a: Aizawa|Raikou|321\/321
|-damage|p1a: Aizawa|281\/321|[from] Stealth Rock
|-ability|p1a: Aizawa|Pressure
|move|p2a: Crobat|U-turn|p1a: Aizawa
|-damage|p1a: Aizawa|216\/321
|
|switch|p2a: Rotom-Heat|Rotom-Heat|245\/304
|
|-heal|p2a: Rotom-Heat|264\/304|[from] item: Leftovers
|turn|11
|
|move|p1a: Aizawa|Volt Switch|p2a: Rotom-Heat
|-resisted|p2a: Rotom-Heat
|-damage|p2a: Rotom-Heat|183\/304
|
|switch|p1a: Ryuk|Hydreigon, M|285\/325
|-damage|p1a: Ryuk|245\/325|[from] Stealth Rock
|move|p2a: Rotom-Heat|Overheat|p1a: Ryuk
|-resisted|p1a: Ryuk
|-damage|p1a: Ryuk|120\/325
|-unboost|p2a: Rotom-Heat|spa|2
|
|-heal|p2a: Rotom-Heat|202\/304|[from] item: Leftovers
|turn|12
|
|switch|p2a: Umbreon|Umbreon, F|183\/394 par
|move|p1a: Ryuk|Draco Meteor|p2a: Umbreon
|-damage|p2a: Umbreon|54\/394 par
|-unboost|p1a: Ryuk|spa|2
|
|-heal|p2a: Umbreon|78\/394 par|[from] item: Leftovers
|turn|13
|
|switch|p1a: Ryuzaki|Medicham-Mega, M|245\/261
|-damage|p1a: Ryuzaki|229\/261|[from] Stealth Rock
|cant|p2a: Umbreon|par
|
|-heal|p2a: Umbreon|102\/394 par|[from] item: Leftovers
|turn|14
|
|move|p1a: Ryuzaki|Substitute|p1a: Ryuzaki
|-start|p1a: Ryuzaki|Substitute
|-damage|p1a: Ryuzaki|164\/261
|cant|p2a: Umbreon|par
|
|-heal|p2a: Umbreon|126\/394 par|[from] item: Leftovers
|turn|15
|c|âitsmymaine|dammit
|
|move|p1a: Ryuzaki|Ice Punch|p2a: Umbreon
|-damage|p2a: Umbreon|0 fnt
|faint|p2a: Umbreon
|
|c|âPheonixmaster|unfortunate
|c|âitsmymaine|went for foul play both times : (
|
|switch|p2a: Crobat|Crobat, M|373\/373
|turn|16
|
|move|p2a: Crobat|Acrobatics|p1a: Ryuzaki
|-supereffective|p1a: Ryuzaki
|-damage|p1a: Ryuzaki|0 fnt
|faint|p1a: Ryuzaki
|
|c|âPheonixmaster|oh lol
|c|âitsmymaine|nooo!
|
|switch|p1a: Aizawa|Raikou|216\/321
|-damage|p1a: Aizawa|176\/321|[from] Stealth Rock
|-ability|p1a: Aizawa|Pressure
|turn|17
|c|âitsmymaine|haha i forgot myself...
|c|âPheonixmaster|Haha happens,I actually find Inner focus more useful against stuff like Scarf Rachi
|
|move|p2a: Crobat|Acrobatics|p1a: Aizawa
|-resisted|p1a: Aizawa
|-damage|p1a: Aizawa|98\/321
|move|p1a: Aizawa|Volt Switch|p2a: Crobat
|-supereffective|p2a: Crobat
|-damage|p2a: Crobat|0 fnt
|faint|p2a: Crobat
|
|switch|p1a: Ryuk|Hydreigon, M|120\/325
|-damage|p1a: Ryuk|80\/325|[from] Stealth Rock
|
|c|âitsmymaine|yeah thats true
|
|switch|p2a: Mienshao|Mienshao, M|271\/271
|turn|18
|c|âPheonixmaster|but since medi is now uu and sub 3 atks is popular infiltrator might be useful
|c|âitsmymaine|i think i had infiltrator from zygarde
|
|switch|p1a: Aizawa|Raikou|98\/321
|-damage|p1a: Aizawa|58\/321|[from] Stealth Rock
|-ability|p1a: Aizawa|Pressure
|move|p2a: Mienshao|U-turn|p1a: Aizawa
|-damage|p1a: Aizawa|0 fnt
|faint|p1a: Aizawa
|c|âitsmymaine|but yeah my team doesnt like medi
|
|switch|p2a: Sharpedo|Sharpedo, M|281\/281
|
|c|âPheonixmaster|yep since scarf shao cant revenge it
|c|âPheonixmaster|from full hp atleast
|
|switch|p1a: Ryuk|Hydreigon, M|80\/325
|-damage|p1a: Ryuk|40\/325|[from] Stealth Rock
|turn|19
|
|move|p2a: Sharpedo|Protect|p2a: Sharpedo
|-singleturn|p2a: Sharpedo|Protect
|move|p1a: Ryuk|Draco Meteor|p2a: Sharpedo
|-activate|p2a: Sharpedo|Protect
|
|-boost|p2a: Sharpedo|spe|1|[from] ability: Speed Boost
|turn|20
|
|switch|p2a: Mienshao|Mienshao, M|271\/271
|move|p1a: Ryuk|Draco Meteor|p2a: Mienshao
|-damage|p2a: Mienshao|0 fnt
|-unboost|p1a: Ryuk|spa|2
|faint|p2a: Mienshao
|
|
|switch|p2a: Rotom-Heat|Rotom-Heat|202\/304
|turn|21
|
|move|p1a: Ryuk|Draco Meteor|p2a: Rotom-Heat
|-damage|p2a: Rotom-Heat|96\/304
|-unboost|p1a: Ryuk|spa|2
|move|p2a: Rotom-Heat|Overheat|p1a: Ryuk
|-resisted|p1a: Ryuk
|-damage|p1a: Ryuk|0 fnt
|-unboost|p2a: Rotom-Heat|spa|2
|faint|p1a: Ryuk
|
|-heal|p2a: Rotom-Heat|115\/304|[from] item: Leftovers
|
|switch|p1a: Yagami Light|Krookodile, F|211\/331
|-damage|p1a: Yagami Light|191\/331|[from] Stealth Rock
|-ability|p1a: Yagami Light|Intimidate|[of] p2a: Rotom-Heat
|-unboost|p2a: Rotom-Heat|atk|1
|turn|22
|
|switch|p2a: Sharpedo|Sharpedo, M|281\/281
|move|p1a: Yagami Light|Superpower|p2a: Sharpedo
|-supereffective|p2a: Sharpedo
|-damage|p2a: Sharpedo|0 fnt
|-unboost|p1a: Yagami Light|atk|1
|-unboost|p1a: Yagami Light|def|1
|faint|p2a: Sharpedo
|
|c|âPheonixmaster|why
|c|âitsmymaine|damn got played
|
|switch|p2a: Rotom-Heat|Rotom-Heat|115\/304
|turn|23
|c|âPheonixmaster|Hmm..
|c|âitsmymaine|couldnt have taken down bat after intmidates
|c|âPheonixmaster|yeah
|c|âPheonixmaster|Celebi was def too
|c|âPheonixmaster|so at -1 I can live Crunch
|
|switch|p1a: Misa|Celebi|404\/404
|-damage|p1a: Misa|354\/404|[from] Stealth Rock
|move|p2a: Rotom-Heat|Will-O-Wisp|p1a: Misa
|-status|p1a: Misa|brn
|
|-heal|p1a: Misa|379\/404 brn|[from] item: Leftovers
|-heal|p2a: Rotom-Heat|134\/304|[from] item: Leftovers
|-damage|p1a: Misa|329\/404 brn|[from] brn
|turn|24
|
|move|p1a: Misa|Baton Pass|p1a: Misa
|
|switch|p1a: Rem|Crobat, M|373\/373
|-damage|p1a: Rem|280\/373|[from] Stealth Rock
|move|p2a: Rotom-Heat|Pain Split|p1a: Rem
|-sethp|p1a: Rem|207\/373|p2a: Rotom-Heat|207\/304|[from] move: Pain Split
|
|-heal|p2a: Rotom-Heat|226\/304|[from] item: Leftovers
|turn|25
|
|move|p1a: Rem|Roost|p1a: Rem
|-heal|p1a: Rem|373\/373
|move|p2a: Rotom-Heat|Volt Switch|p1a: Rem
|-damage|p1a: Rem|234\/373
|
|-heal|p2a: Rotom-Heat|245\/304|[from] item: Leftovers
|turn|26
|
|move|p1a: Rem|Acrobatics|p2a: Rotom-Heat
|-resisted|p2a: Rotom-Heat
|-damage|p2a: Rotom-Heat|185\/304
|move|p2a: Rotom-Heat|Will-O-Wisp|p1a: Rem
|-status|p1a: Rem|brn
|
|-heal|p2a: Rotom-Heat|204\/304|[from] item: Leftovers
|-damage|p1a: Rem|188\/373 brn|[from] brn
|turn|27
|
|move|p1a: Rem|Taunt|p2a: Rotom-Heat
|-start|p2a: Rotom-Heat|move: Taunt
|move|p2a: Rotom-Heat|Volt Switch|p1a: Rem
|-supereffective|p1a: Rem
|-damage|p1a: Rem|0 fnt
|faint|p1a: Rem
|
|-heal|p2a: Rotom-Heat|223\/304|[from] item: Leftovers
|c|âPheonixmaster|might lose due my stupidity
|
|switch|p1a: Yagami Light|Krookodile, F|191\/331
|-damage|p1a: Yagami Light|171\/331|[from] Stealth Rock
|-ability|p1a: Yagami Light|Intimidate|[of] p2a: Rotom-Heat
|-unboost|p2a: Rotom-Heat|atk|1
|turn|28
|c|âitsmymaine|nah
|
|move|p1a: Yagami Light|Knock Off|p2a: Rotom-Heat
|-damage|p2a: Rotom-Heat|7\/304
|-enditem|p2a: Rotom-Heat|Leftovers|[from] move: Knock Off|[of] p1a: Yagami Light
|move|p2a: Rotom-Heat|Overheat|p1a: Yagami Light
|-damage|p1a: Yagami Light|0 fnt
|-unboost|p2a: Rotom-Heat|spa|2
|faint|p1a: Yagami Light
|
|c|âPheonixmaster|its cb krook
|c|âitsmymaine|i cant kill celebi though
|
|switch|p1a: Misa|Celebi|329\/404
|-damage|p1a: Misa|279\/404|[from] Stealth Rock
|turn|29
|c|âPheonixmaster|Too close for comfort haha
|c|âitsmymaine|gg man
|
|move|p1a: Misa|Giga Drain|p2a: Rotom-Heat
|-resisted|p2a: Rotom-Heat
|-damage|p2a: Rotom-Heat|0 fnt
|-heal|p1a: Misa|283\/404|[from] drain|[of] p2a: Rotom-Heat
|faint|p2a: Rotom-Heat
|
|win|Pheonixmaster
|raw|Ladder updating...
|c|âPheonixmaster|gg bro
|raw|Pheonixmaster's rating: 1551 &rarr; <strong>1562<\/strong><br \/>(+11 for winning)
|raw|itsmymaine's rating: 1381 &rarr; <strong>1370<\/strong><br \/>(-11 for losing)
|c|âPheonixmaster|wp
|c|âitsmymaine|you too
|leave|itsmymaine
|player|p2