|join|Pheonixmaster
|join|somasora7
|player|p1|Pheonixmaster|167
|player|p2|somasora7|101
|gametype|singles
|gen|6
|tier|UU
|rated
|rule|Sleep Clause Mod: Limit one foe put to sleep
|rule|Species Clause: Limit one of each PokÃ©mon
|rule|OHKO Clause: OHKO moves are banned
|rule|Moody Clause: Moody is banned
|rule|Evasion Moves Clause: Evasion moves are banned
|rule|Endless Battle Clause: Forcing endless battles is banned
|rule|HP Percentage Mod: HP is shown in percentages
|clearpoke
|poke|p1|Medicham, M
|poke|p1|Krookodile, F
|poke|p1|Hydreigon, M
|poke|p1|Crobat, F
|poke|p1|Celebi
|poke|p1|Raikou
|poke|p2|Sharpedo, F
|poke|p2|Nidoqueen, F
|poke|p2|Celebi
|poke|p2|Arcanine, M
|poke|p2|Empoleon, M
|poke|p2|Chandelure, F
|rule|Swagger Clause: Swagger is banned
|rule|Baton Pass Clause: Limit one PokÃ©mon knowing Baton Pass
|teampreview
|
|start
|switch|p1a: Yagami Light|Krookodile, F|331\/331
|switch|p2a: Empoleon|Empoleon, M|372\/372
|-ability|p1a: Yagami Light|Intimidate|[of] p2a: Empoleon
|-unboost|p2a: Empoleon|atk|1
|turn|1
|
|move|p1a: Yagami Light|Earthquake|p2a: Empoleon
|-supereffective|p2a: Empoleon
|-damage|p2a: Empoleon|0 fnt
|faint|p2a: Empoleon
|
|
|switch|p2a: Celebi|Celebi|403\/403
|turn|2
|
|switch|p1a: Ryuk|Hydreigon, M|325\/325
|move|p2a: Celebi|Giga Drain|p1a: Ryuk
|-resisted|p1a: Ryuk
|-damage|p1a: Ryuk|277\/325
|
|turn|3
|
|switch|p2a: Nidoqueen|Nidoqueen, F|383\/383
|move|p1a: Ryuk|Dark Pulse|p2a: Nidoqueen
|-damage|p2a: Nidoqueen|229\/383
|
|-heal|p2a: Nidoqueen|252\/383|[from] item: Black Sludge
|turn|4
|
|move|p1a: Ryuk|Dark Pulse|p2a: Nidoqueen
|-damage|p2a: Nidoqueen|87\/383
|cant|p2a: Nidoqueen|flinch
|
|-heal|p2a: Nidoqueen|110\/383|[from] item: Black Sludge
|turn|5
|
|move|p1a: Ryuk|Dark Pulse|p2a: Nidoqueen
|-damage|p2a: Nidoqueen|0 fnt
|faint|p2a: Nidoqueen
|
|
|switch|p2a: Sharpedo|Sharpedo, F|281\/281
|turn|6
|
|switch|p1a: Aizawa|Raikou|321\/321
|-ability|p1a: Aizawa|Pressure
|move|p2a: Sharpedo|Ice Fang|p1a: Aizawa
|-damage|p1a: Aizawa|225\/321
|
|-boost|p2a: Sharpedo|spe|1|[from] ability: Speed Boost
|turn|7
|
|switch|p1a: Yagami Light|Krookodile, F|331\/331
|-ability|p1a: Yagami Light|Intimidate|[of] p2a: Sharpedo
|-unboost|p2a: Sharpedo|atk|1
|detailschange|p2a: Sharpedo|Sharpedo-Mega, F
|-mega|p2a: Sharpedo|Sharpedo|Sharpedonite
|move|p2a: Sharpedo|Crunch|p1a: Yagami Light
|-resisted|p1a: Yagami Light
|-damage|p1a: Yagami Light|233\/331
|-unboost|p1a: Yagami Light|def|1
|
|turn|8
|
|switch|p1a: Misa|Celebi|404\/404
|move|p2a: Sharpedo|Waterfall|p1a: Misa
|-resisted|p1a: Misa
|-damage|p1a: Misa|362\/404
|
|-heal|p1a: Misa|387\/404|[from] item: Leftovers
|turn|9
|
|move|p2a: Sharpedo|Crunch|p1a: Misa
|-supereffective|p1a: Misa
|-damage|p1a: Misa|121\/404
|move|p1a: Misa|Giga Drain|p2a: Sharpedo
|-supereffective|p2a: Sharpedo
|-damage|p2a: Sharpedo|51\/281
|-heal|p1a: Misa|236\/404|[from] drain|[of] p2a: Sharpedo
|
|-heal|p1a: Misa|261\/404|[from] item: Leftovers
|turn|10
|
|switch|p2a: Celebi|Celebi|403\/403
|move|p1a: Misa|Giga Drain|p2a: Celebi
|-resisted|p2a: Celebi
|-damage|p2a: Celebi|373\/403
|-heal|p1a: Misa|276\/404|[from] drain|[of] p2a: Celebi
|
|-heal|p1a: Misa|301\/404|[from] item: Leftovers
|-heal|p2a: Celebi|398\/403|[from] item: Leftovers
|turn|11
|
|switch|p2a: Arcanine|Arcanine, M|383\/383
|-ability|p2a: Arcanine|Intimidate|[of] p1a: Misa
|-unboost|p1a: Misa|atk|1
|move|p1a: Misa|Stealth Rock|p2a: Arcanine
|-sidestart|p2: somasora7|move: Stealth Rock
|
|-heal|p1a: Misa|326\/404|[from] item: Leftovers
|turn|12
|
|move|p1a: Misa|Baton Pass|p1a: Misa
|
|switch|p1a: Yagami Light|Krookodile, F|233\/331
|-ability|p1a: Yagami Light|Intimidate|[of] p2a: Arcanine
|-unboost|p2a: Arcanine|atk|1
|move|p2a: Arcanine|Flare Blitz|p1a: Yagami Light
|-damage|p1a: Yagami Light|74\/331
|-damage|p2a: Arcanine|331\/383|[from] recoil|[of] p1a: Yagami Light
|
|-heal|p2a: Arcanine|354\/383|[from] item: Leftovers
|turn|13
|
|move|p2a: Arcanine|Extreme Speed|p1a: Yagami Light
|-damage|p1a: Yagami Light|2\/331
|move|p1a: Yagami Light|Earthquake|p2a: Arcanine
|-supereffective|p2a: Arcanine
|-damage|p2a: Arcanine|0 fnt
|faint|p2a: Arcanine
|
|-message|somasora7 forfeited.
|
|win|Pheonixmaster
|raw|Ladder updating...
|leave|somasora7
|player|p2
|raw|Pheonixmaster's rating: 1498 &rarr; <strong>1515<\/strong><br \/>(+17 for winning)
|raw|somasora7's rating: 1441 &rarr; <strong>1425<\/strong><br \/>(-16 for losing)