|join|Pheonixmaster
|join|ult rh156
|player|p1|Pheonixmaster|167
|player|p2|ult rh156|14
|gametype|singles
|gen|6
|tier|UU
|rated
|rule|Sleep Clause Mod: Limit one foe put to sleep
|rule|Species Clause: Limit one of each PokÃ©mon
|rule|OHKO Clause: OHKO moves are banned
|rule|Moody Clause: Moody is banned
|rule|Evasion Moves Clause: Evasion moves are banned
|rule|Endless Battle Clause: Forcing endless battles is banned
|rule|HP Percentage Mod: HP is shown in percentages
|clearpoke
|poke|p1|Medicham, M
|poke|p1|Krookodile, M
|poke|p1|Hydreigon, M
|poke|p1|Crobat, F
|poke|p1|Celebi
|poke|p1|Raikou
|poke|p2|Infernape, M
|poke|p2|Absol, F
|poke|p2|Jirachi
|poke|p2|Barbaracle, M, shiny
|poke|p2|Celebi
|poke|p2|Gligar, M
|rule|Swagger Clause: Swagger is banned
|rule|Baton Pass Clause: Limit one PokÃ©mon knowing Baton Pass
|teampreview
|
|start
|switch|p1a: Rem|Crobat, F|373\/373
|switch|p2a: Gligar|Gligar, M|333\/333
|turn|1
|
|move|p1a: Rem|U-turn|p2a: Gligar
|-resisted|p2a: Gligar
|-damage|p2a: Gligar|316\/333
|
|switch|p1a: Ryuzaki|Medicham, M|261\/261
|move|p2a: Gligar|Stealth Rock|p1a: Ryuzaki
|-sidestart|p1: Pheonixmaster|move: Stealth Rock
|
|turn|2
|
|switch|p2a: Celebi|Celebi|401\/401
|detailschange|p1a: Ryuzaki|Medicham-Mega, M
|-mega|p1a: Ryuzaki|Medicham|Medichamite
|move|p1a: Ryuzaki|Substitute|p1a: Ryuzaki
|-start|p1a: Ryuzaki|Substitute
|-damage|p1a: Ryuzaki|196\/261
|
|turn|3
|join|ULT Bob
|
|move|p1a: Ryuzaki|Ice Punch|p2a: Celebi
|-supereffective|p2a: Celebi
|-damage|p2a: Celebi|199\/401
|move|p2a: Celebi|Seed Bomb|p1a: Ryuzaki
|-end|p1a: Ryuzaki|Substitute
|
|-heal|p2a: Celebi|224\/401|[from] item: Leftovers
|turn|4
|
|move|p1a: Ryuzaki|Ice Punch|p2a: Celebi
|-supereffective|p2a: Celebi
|-damage|p2a: Celebi|0 fnt
|faint|p2a: Celebi
|
|
|switch|p2a: Infernape|Infernape, M|293\/293
|turn|5
|join|so long lonesome
|
|switch|p1a: Rem|Crobat, F|373\/373
|-damage|p1a: Rem|280\/373|[from] Stealth Rock
|move|p2a: Infernape|Fire Blast|p1a: Rem
|-crit|p1a: Rem
|-damage|p1a: Rem|0 fnt
|-damage|p2a: Infernape|264\/293|[from] item: Life Orb
|faint|p1a: Rem
|
|
|switch|p1a: Ryuk|Hydreigon, M|325\/325
|-damage|p1a: Ryuk|285\/325|[from] Stealth Rock
|turn|6
|
|switch|p2a: Gligar|Gligar, M|316\/333
|move|p1a: Ryuk|Draco Meteor|p2a: Gligar
|-damage|p2a: Gligar|184\/333
|-unboost|p1a: Ryuk|spa|2
|
|turn|7
|join|waiv
|
|switch|p1a: Yagami Light|Krookodile, M|331\/331
|-damage|p1a: Yagami Light|311\/331|[from] Stealth Rock
|-ability|p1a: Yagami Light|Intimidate|[of] p2a: Gligar
|-unboost|p2a: Gligar|atk|1
|move|p2a: Gligar|U-turn|p1a: Yagami Light
|-supereffective|p1a: Yagami Light
|-damage|p1a: Yagami Light|233\/331
|
|switch|p2a: Infernape|Infernape, M|264\/293
|
|turn|8
|leave|waiv
|
|switch|p1a: Misa|Celebi|404\/404
|-damage|p1a: Misa|354\/404|[from] Stealth Rock
|move|p2a: Infernape|Close Combat|p1a: Misa
|-resisted|p1a: Misa
|-damage|p1a: Misa|283\/404
|-unboost|p2a: Infernape|def|1
|-unboost|p2a: Infernape|spd|1
|-damage|p2a: Infernape|235\/293|[from] item: Life Orb
|
|-heal|p1a: Misa|308\/404|[from] item: Leftovers
|turn|9
|
|move|p2a: Infernape|Fire Blast|p1a: Misa
|-supereffective|p1a: Misa
|-damage|p1a: Misa|0 fnt
|-damage|p2a: Infernape|206\/293|[from] item: Life Orb
|faint|p1a: Misa
|
|
|switch|p1a: Aizawa|Raikou|321\/321
|-damage|p1a: Aizawa|281\/321|[from] Stealth Rock
|-ability|p1a: Aizawa|Pressure
|turn|10
|
|switch|p2a: Gligar|Gligar, M|184\/333
|move|p1a: Aizawa|Volt Switch|p2a: Gligar
|-immune|p2a: Gligar|[msg]
|
|turn|11
|join|ult lowgock
|
|switch|p1a: Ryuk|Hydreigon, M|285\/325
|-damage|p1a: Ryuk|245\/325|[from] Stealth Rock
|move|p2a: Gligar|U-turn|p1a: Ryuk
|-supereffective|p1a: Ryuk
|-damage|p1a: Ryuk|153\/325
|
|switch|p2a: Jirachi|Jirachi|341\/341
|
|turn|12
|
|move|p2a: Jirachi|U-turn|p1a: Ryuk
|-supereffective|p1a: Ryuk
|-damage|p1a: Ryuk|0 fnt
|faint|p1a: Ryuk
|
|switch|p2a: Gligar|Gligar, M|184\/333
|
|join|RowDog
|
|switch|p1a: Yagami Light|Krookodile, M|233\/331
|-damage|p1a: Yagami Light|213\/331|[from] Stealth Rock
|-ability|p1a: Yagami Light|Intimidate|[of] p2a: Gligar
|-unboost|p2a: Gligar|atk|1
|turn|13
|
|move|p1a: Yagami Light|Knock Off|p2a: Gligar
|-damage|p2a: Gligar|42\/333
|-enditem|p2a: Gligar|Eviolite|[from] move: Knock Off|[of] p1a: Yagami Light
|move|p2a: Gligar|U-turn|p1a: Yagami Light
|-supereffective|p1a: Yagami Light
|-damage|p1a: Yagami Light|139\/331
|
|switch|p2a: Infernape|Infernape, M|206\/293
|
|turn|14
|
|switch|p1a: Ryuzaki|Medicham-Mega, M|196\/261
|-damage|p1a: Ryuzaki|180\/261|[from] Stealth Rock
|move|p2a: Infernape|Close Combat|p1a: Ryuzaki
|-resisted|p1a: Ryuzaki
|-damage|p1a: Ryuzaki|67\/261
|-unboost|p2a: Infernape|def|1
|-unboost|p2a: Infernape|spd|1
|-damage|p2a: Infernape|177\/293|[from] item: Life Orb
|
|turn|15
|
|move|p2a: Infernape|Close Combat|p1a: Ryuzaki
|-resisted|p1a: Ryuzaki
|-damage|p1a: Ryuzaki|0 fnt
|-unboost|p2a: Infernape|def|1
|-unboost|p2a: Infernape|spd|1
|-damage|p2a: Infernape|148\/293|[from] item: Life Orb
|faint|p1a: Ryuzaki
|
|
|switch|p1a: Aizawa|Raikou|281\/321
|-damage|p1a: Aizawa|241\/321|[from] Stealth Rock
|-ability|p1a: Aizawa|Pressure
|turn|16
|
|switch|p2a: Gligar|Gligar, M|42\/333
|move|p1a: Aizawa|Extrasensory|p2a: Gligar
|-damage|p2a: Gligar|0 fnt
|faint|p2a: Gligar
|
|
|switch|p2a: Absol|Absol, F|271\/271
|turn|17
|
|switch|p1a: Yagami Light|Krookodile, M|139\/331
|-damage|p1a: Yagami Light|119\/331|[from] Stealth Rock
|-ability|p1a: Yagami Light|Intimidate|[of] p2a: Absol
|-unboost|p2a: Absol|atk|1
|detailschange|p2a: Absol|Absol-Mega, F
|-mega|p2a: Absol|Absol|Absolite
|move|p2a: Absol|Swords Dance|p2a: Absol
|-boost|p2a: Absol|atk|2
|
|turn|18
|
|move|p2a: Absol|Knock Off|p1a: Yagami Light
|-resisted|p1a: Yagami Light
|-damage|p1a: Yagami Light|0 fnt
|-enditem|p1a: Yagami Light|Choice Band|[from] move: Knock Off|[of] p2a: Absol
|faint|p1a: Yagami Light
|
|
|switch|p1a: Aizawa|Raikou|241\/321
|-damage|p1a: Aizawa|201\/321|[from] Stealth Rock
|-ability|p1a: Aizawa|Pressure
|turn|19
|
|move|p2a: Absol|Sucker Punch|p1a: Aizawa
|-damage|p1a: Aizawa|0 fnt
|faint|p1a: Aizawa
|
|win|ult rh156
|raw|Ladder updating...
|raw|Pheonixmaster's rating: 1554 &rarr; <strong>1535<\/strong><br \/>(-19 for losing)
|raw|ult rh156's rating: 1562 &rarr; <strong>1581<\/strong><br \/>(+19 for winning)
|leave|Pheonixmaster
|player|p1
|leave|ult rh156
|player|p2
|join|ult rh156
|leave|ult rh156
|leave|ult lowgock
|leave|ULT Bob
|join|ult lowgock
|leave|ult lowgock