|join|oh no oh no
|join|Pheonixmaster
|player|p1|oh no oh no|157
|player|p2|Pheonixmaster|168
|gametype|singles
|gen|6
|tier|UU
|rated
|rule|Sleep Clause Mod: Limit one foe put to sleep
|rule|Species Clause: Limit one of each PokÃ©mon
|rule|OHKO Clause: OHKO moves are banned
|rule|Moody Clause: Moody is banned
|rule|Evasion Moves Clause: Evasion moves are banned
|rule|Endless Battle Clause: Forcing endless battles is banned
|rule|HP Percentage Mod: HP is shown in percentages
|clearpoke
|poke|p1|Weezing, M
|poke|p1|Forretress, M
|poke|p1|Suicune
|poke|p1|Celebi
|poke|p1|Blissey, F
|poke|p1|Spiritomb, F
|poke|p2|Diancie
|poke|p2|Jirachi
|poke|p2|Krookodile, M
|poke|p2|Chesnaught, M
|poke|p2|Hydreigon, M
|poke|p2|Nidoqueen, F
|rule|Swagger Clause: Swagger is banned
|rule|Baton Pass Clause: Limit one PokÃ©mon knowing Baton Pass
|teampreview
|
|start
|switch|p1a: Body and Soul|Forretress, M|354\/354
|switch|p2a: Nidoqueen|Nidoqueen, F|328\/328
|turn|1
|
|move|p2a: Nidoqueen|Stealth Rock|p1a: Body and Soul
|-sidestart|p1: oh no oh no|move: Stealth Rock
|move|p1a: Body and Soul|Spikes|p2a: Nidoqueen
|-sidestart|p2: Pheonixmaster|Spikes
|
|turn|2
|
|switch|p1a: My Foolish Heart|Blissey, F|657\/657
|-damage|p1a: My Foolish Heart|575\/657|[from] Stealth Rock
|move|p2a: Nidoqueen|Earth Power|p1a: My Foolish Heart
|-damage|p1a: My Foolish Heart|446\/657
|
|-heal|p1a: My Foolish Heart|487\/657|[from] item: Leftovers
|turn|3
|
|switch|p2a: Krookodile|Krookodile, M|331\/331
|-damage|p2a: Krookodile|290\/331|[from] Spikes
|-ability|p2a: Krookodile|Intimidate|[of] p1a: My Foolish Heart
|-unboost|p1a: My Foolish Heart|atk|1
|move|p1a: My Foolish Heart|Seismic Toss|p2a: Krookodile
|-damage|p2a: Krookodile|190\/331
|
|-heal|p1a: My Foolish Heart|528\/657|[from] item: Leftovers
|turn|4
|
|move|p1a: My Foolish Heart|Protect|p1a: My Foolish Heart
|-singleturn|p1a: My Foolish Heart|Protect
|move|p2a: Krookodile|Knock Off|p1a: My Foolish Heart
|-activate|p1a: My Foolish Heart|Protect
|
|-heal|p1a: My Foolish Heart|569\/657|[from] item: Leftovers
|turn|5
|
|switch|p1a: Body and Soul|Forretress, M|354\/354
|-damage|p1a: Body and Soul|310\/354|[from] Stealth Rock
|move|p2a: Krookodile|Knock Off|p1a: Body and Soul
|-damage|p1a: Body and Soul|163\/354
|-enditem|p1a: Body and Soul|Leftovers|[from] move: Knock Off|[of] p2a: Krookodile
|
|turn|6
|
|move|p2a: Krookodile|Knock Off|p1a: Body and Soul
|-damage|p1a: Body and Soul|75\/354
|move|p1a: Body and Soul|Spikes|p2a: Krookodile
|-sidestart|p2: Pheonixmaster|Spikes
|
|turn|7
|join|Darhom
|
|move|p2a: Krookodile|Knock Off|p1a: Body and Soul
|-damage|p1a: Body and Soul|0 fnt
|faint|p1a: Body and Soul
|
|
|switch|p1a: Nardis|Weezing, M|333\/333
|-damage|p1a: Nardis|292\/333|[from] Stealth Rock
|turn|8
|
|switch|p2a: Hydreigon|Hydreigon, M|325\/325
|move|p1a: Nardis|Will-O-Wisp|p2a: Hydreigon
|-status|p2a: Hydreigon|brn
|
|-heal|p1a: Nardis|312\/333|[from] item: Black Sludge
|-damage|p2a: Hydreigon|285\/325 brn|[from] brn
|turn|9
|
|switch|p2a: Diancie|Diancie|241\/241
|-damage|p2a: Diancie|201\/241|[from] Spikes
|switch|p1a: My Foolish Heart|Blissey, F|569\/657
|-damage|p1a: My Foolish Heart|487\/657|[from] Stealth Rock
|
|-heal|p1a: My Foolish Heart|528\/657|[from] item: Leftovers
|turn|10
|
|switch|p1a: Blue in Green|Suicune|404\/404
|-damage|p1a: Blue in Green|354\/404|[from] Stealth Rock
|-ability|p1a: Blue in Green|Pressure
|detailschange|p2a: Diancie|Diancie-Mega
|-mega|p2a: Diancie|Diancie|Diancite
|move|p2a: Diancie|Diamond Storm|p1a: Blue in Green
|-crit|p1a: Blue in Green
|-damage|p1a: Blue in Green|165\/404
|
|-heal|p1a: Blue in Green|190\/404|[from] item: Leftovers
|turn|11
|
|move|p2a: Diancie|Moonblast|p1a: Blue in Green
|-damage|p1a: Blue in Green|0 fnt
|faint|p1a: Blue in Green
|
|
|switch|p1a: Lush Life|Celebi|403\/403
|-damage|p1a: Lush Life|353\/403|[from] Stealth Rock
|turn|12
|
|switch|p2a: Hydreigon|Hydreigon, M|285\/325 brn
|move|p1a: Lush Life|Psychic|p2a: Hydreigon
|-immune|p2a: Hydreigon|[msg]
|
|-heal|p1a: Lush Life|378\/403|[from] item: Leftovers
|-damage|p2a: Hydreigon|245\/325 brn|[from] brn
|turn|13
|
|switch|p1a: My Foolish Heart|Blissey, F|528\/657
|-damage|p1a: My Foolish Heart|446\/657|[from] Stealth Rock
|move|p2a: Hydreigon|Dark Pulse|p1a: My Foolish Heart
|-crit|p1a: My Foolish Heart
|-damage|p1a: My Foolish Heart|265\/657
|-damage|p2a: Hydreigon|213\/325 brn|[from] item: Life Orb
|
|-heal|p1a: My Foolish Heart|306\/657|[from] item: Leftovers
|-damage|p2a: Hydreigon|173\/325 brn|[from] brn
|turn|14
|
|switch|p2a: Krookodile|Krookodile, M|190\/331
|-damage|p2a: Krookodile|135\/331|[from] Spikes
|-ability|p2a: Krookodile|Intimidate|[of] p1a: My Foolish Heart
|-unboost|p1a: My Foolish Heart|atk|1
|move|p1a: My Foolish Heart|Wish|p1a: My Foolish Heart
|
|-heal|p1a: My Foolish Heart|347\/657|[from] item: Leftovers
|turn|15
|
|move|p1a: My Foolish Heart|Protect|p1a: My Foolish Heart
|-singleturn|p1a: My Foolish Heart|Protect
|move|p2a: Krookodile|Knock Off|p1a: My Foolish Heart
|-activate|p1a: My Foolish Heart|Protect
|
|-heal|p1a: My Foolish Heart|657\/657|[from] move: Wish|[wisher] My Foolish Heart
|turn|16
|join|trialruns
|
|switch|p1a: Nardis|Weezing, M|312\/333
|-damage|p1a: Nardis|271\/333|[from] Stealth Rock
|move|p2a: Krookodile|Knock Off|p1a: Nardis
|-damage|p1a: Nardis|114\/333
|-enditem|p1a: Nardis|Black Sludge|[from] move: Knock Off|[of] p2a: Krookodile
|
|turn|17
|
|switch|p2a: Diancie|Diancie-Mega|201\/241
|-damage|p2a: Diancie|161\/241|[from] Spikes
|move|p1a: Nardis|Pain Split|p2a: Diancie
|-sethp|p2a: Diancie|137\/241|p1a: Nardis|137\/333|[from] move: Pain Split
|
|turn|18
|c| trialruns|banded damage?
|
|switch|p1a: Lush Life|Celebi|378\/403
|-damage|p1a: Lush Life|328\/403|[from] Stealth Rock
|move|p2a: Diancie|Moonblast|p1a: Lush Life
|-damage|p1a: Lush Life|171\/403
|
|-heal|p1a: Lush Life|196\/403|[from] item: Leftovers
|turn|19
|
|switch|p2a: Hydreigon|Hydreigon, M|173\/325 brn
|move|p1a: Lush Life|Recover|p1a: Lush Life
|-heal|p1a: Lush Life|398\/403
|
|-heal|p1a: Lush Life|403\/403|[from] item: Leftovers
|-damage|p2a: Hydreigon|133\/325 brn|[from] brn
|turn|20
|
|switch|p2a: Krookodile|Krookodile, M|135\/331
|-damage|p2a: Krookodile|80\/331|[from] Spikes
|-ability|p2a: Krookodile|Intimidate|[of] p1a: Lush Life
|-unboost|p1a: Lush Life|atk|1
|switch|p1a: My Foolish Heart|Blissey, F|657\/657
|-damage|p1a: My Foolish Heart|575\/657|[from] Stealth Rock
|
|-heal|p1a: My Foolish Heart|616\/657|[from] item: Leftovers
|turn|21
|
|move|p1a: My Foolish Heart|Protect|p1a: My Foolish Heart
|-singleturn|p1a: My Foolish Heart|Protect
|move|p2a: Krookodile|Knock Off|p1a: My Foolish Heart
|-activate|p1a: My Foolish Heart|Protect
|
|-heal|p1a: My Foolish Heart|657\/657|[from] item: Leftovers
|turn|22
|
|switch|p1a: Nardis|Weezing, M|137\/333
|-damage|p1a: Nardis|96\/333|[from] Stealth Rock
|move|p2a: Krookodile|Knock Off|p1a: Nardis
|-damage|p1a: Nardis|0 fnt
|faint|p1a: Nardis
|
|
|switch|p1a: Bitches Brew|Spiritomb, F|304\/304
|-damage|p1a: Bitches Brew|266\/304|[from] Stealth Rock
|turn|23
|
|switch|p2a: Hydreigon|Hydreigon, M|133\/325 brn
|move|p1a: Bitches Brew|Rest|p1a: Bitches Brew
|-status|p1a: Bitches Brew|slp
|-heal|p1a: Bitches Brew|304\/304 slp|[silent]
|-status|p1a: Bitches Brew|slp|[from] move: Rest
|
|-damage|p2a: Hydreigon|93\/325 brn|[from] brn
|turn|24
|
|move|p2a: Hydreigon|Roost|p2a: Hydreigon
|-heal|p2a: Hydreigon|256\/325 brn
|cant|p1a: Bitches Brew|slp
|move|p1a: Bitches Brew|Sleep Talk|p1a: Bitches Brew
|move|p1a: Bitches Brew|Rest|p1a: Bitches Brew|[from]Sleep Talk
|-fail|p1a: Bitches Brew
|
|-damage|p2a: Hydreigon|216\/325 brn|[from] brn
|turn|25
|
|move|p2a: Hydreigon|Dark Pulse|p1a: Bitches Brew
|-damage|p1a: Bitches Brew|183\/304 slp
|-damage|p2a: Hydreigon|184\/325 brn|[from] item: Life Orb
|cant|p1a: Bitches Brew|slp
|move|p1a: Bitches Brew|Sleep Talk|p1a: Bitches Brew
|move|p1a: Bitches Brew|Will-O-Wisp|p2a: Hydreigon|[from]Sleep Talk|[miss]
|-miss|p1a: Bitches Brew|p2a: Hydreigon
|
|-heal|p1a: Bitches Brew|202\/304 slp|[from] item: Leftovers
|-damage|p2a: Hydreigon|144\/325 brn|[from] brn
|turn|26
|c| trialruns|did you know you;re wrecking #7 on the uu ladder?
|c|âoh no oh no|my team is weak to diance
|c|âoh no oh no|what can i say
|c|âPheonixmaster|This guy is fucking shit I lost to his gayass stall multiple times
|
|move|p2a: Hydreigon|Draco Meteor|p1a: Bitches Brew
|-damage|p1a: Bitches Brew|7\/304 slp
|-unboost|p2a: Hydreigon|spa|2
|-damage|p2a: Hydreigon|112\/325 brn|[from] item: Life Orb
|-curestatus|p1a: Bitches Brew|slp
|move|p1a: Bitches Brew|Foul Play|p2a: Hydreigon
|-resisted|p2a: Hydreigon
|-damage|p2a: Hydreigon|43\/325 brn
|
|-heal|p1a: Bitches Brew|26\/304|[from] item: Leftovers
|-damage|p2a: Hydreigon|3\/325 brn|[from] brn
|turn|27
|c|âPheonixmaster|Krook alone shits on ur life good sir
|c| trialruns|i hate stall
|
|move|p2a: Hydreigon|Dark Pulse|p1a: Bitches Brew
|-damage|p1a: Bitches Brew|0 fnt
|-damage|p2a: Hydreigon|0 fnt|[from] item: Life Orb
|faint|p1a: Bitches Brew
|faint|p2a: Hydreigon
|
|join|waiv
|
|switch|p2a: Jirachi|Jirachi|341\/341
|switch|p1a: My Foolish Heart|Blissey, F|657\/657
|-damage|p2a: Jirachi|285\/341|[from] Spikes
|-damage|p1a: My Foolish Heart|575\/657|[from] Stealth Rock
|turn|28
|join|nofux
|join|Bob the Wut
|join|Celsius
|
|move|p1a: My Foolish Heart|Protect|p1a: My Foolish Heart
|-singleturn|p1a: My Foolish Heart|Protect
|move|p2a: Jirachi|Iron Head|p1a: My Foolish Heart
|-activate|p1a: My Foolish Heart|Protect
|
|-heal|p1a: My Foolish Heart|616\/657|[from] item: Leftovers
|turn|29
|join|acemanassasin
|
|move|p2a: Jirachi|Iron Head|p1a: My Foolish Heart
|-damage|p1a: My Foolish Heart|394\/657
|move|p1a: My Foolish Heart|Seismic Toss|p2a: Jirachi
|-damage|p2a: Jirachi|185\/341
|
|-heal|p1a: My Foolish Heart|435\/657|[from] item: Leftovers
|turn|30
|
|move|p1a: My Foolish Heart|Protect|p1a: My Foolish Heart
|-singleturn|p1a: My Foolish Heart|Protect
|move|p2a: Jirachi|Iron Head|p1a: My Foolish Heart
|-activate|p1a: My Foolish Heart|Protect
|
|-heal|p1a: My Foolish Heart|476\/657|[from] item: Leftovers
|turn|31
|
|move|p2a: Jirachi|Iron Head|p1a: My Foolish Heart
|-damage|p1a: My Foolish Heart|259\/657
|cant|p1a: My Foolish Heart|flinch
|
|-heal|p1a: My Foolish Heart|300\/657|[from] item: Leftovers
|turn|32
|
|move|p1a: My Foolish Heart|Protect|p1a: My Foolish Heart
|-singleturn|p1a: My Foolish Heart|Protect
|move|p2a: Jirachi|Iron Head|p1a: My Foolish Heart
|-activate|p1a: My Foolish Heart|Protect
|
|-heal|p1a: My Foolish Heart|341\/657|[from] item: Leftovers
|turn|33
|
|move|p2a: Jirachi|Iron Head|p1a: My Foolish Heart
|-damage|p1a: My Foolish Heart|140\/657
|cant|p1a: My Foolish Heart|flinch
|
|-heal|p1a: My Foolish Heart|181\/657|[from] item: Leftovers
|turn|34
|
|move|p1a: My Foolish Heart|Protect|p1a: My Foolish Heart
|-singleturn|p1a: My Foolish Heart|Protect
|move|p2a: Jirachi|Iron Head|p1a: My Foolish Heart
|-activate|p1a: My Foolish Heart|Protect
|
|-heal|p1a: My Foolish Heart|222\/657|[from] item: Leftovers
|turn|35
|
|move|p2a: Jirachi|Iron Head|p1a: My Foolish Heart
|-damage|p1a: My Foolish Heart|0 fnt
|faint|p1a: My Foolish Heart
|
|
|switch|p1a: Lush Life|Celebi|403\/403
|-damage|p1a: Lush Life|353\/403|[from] Stealth Rock
|turn|36
|
|move|p2a: Jirachi|Iron Head|p1a: Lush Life
|-damage|p1a: Lush Life|232\/403
|cant|p1a: Lush Life|flinch
|
|-heal|p1a: Lush Life|257\/403|[from] item: Leftovers
|turn|37
|
|move|p2a: Jirachi|Iron Head|p1a: Lush Life
|-crit|p1a: Lush Life
|-damage|p1a: Lush Life|89\/403
|move|p1a: Lush Life|Recover|p1a: Lush Life
|-heal|p1a: Lush Life|291\/403
|
|-heal|p1a: Lush Life|316\/403|[from] item: Leftovers
|turn|38
|
|move|p2a: Jirachi|Iron Head|p1a: Lush Life
|-damage|p1a: Lush Life|196\/403
|move|p1a: Lush Life|Perish Song|p1a: Lush Life
|-fieldactivate|move: Perish Song
|
|-start|p2a: Jirachi|perish3
|-start|p1a: Lush Life|perish3
|-heal|p1a: Lush Life|221\/403|[from] item: Leftovers
|turn|39
|
|move|p2a: Jirachi|Iron Head|p1a: Lush Life
|-damage|p1a: Lush Life|112\/403
|cant|p1a: Lush Life|flinch
|
|-start|p2a: Jirachi|perish2
|-start|p1a: Lush Life|perish2
|-heal|p1a: Lush Life|137\/403|[from] item: Leftovers
|turn|40
|c| acemanassasin|gg
|c|âoh no oh no|gg
|
|move|p2a: Jirachi|Iron Head|p1a: Lush Life
|-damage|p1a: Lush Life|17\/403
|move|p1a: Lush Life|Psychic|p2a: Jirachi
|-resisted|p2a: Jirachi
|-damage|p2a: Jirachi|159\/341
|
|-start|p2a: Jirachi|perish1
|-start|p1a: Lush Life|perish1
|-heal|p1a: Lush Life|42\/403|[from] item: Leftovers
|turn|41
|leave|Celsius
|
|move|p2a: Jirachi|Iron Head|p1a: Lush Life
|-crit|p1a: Lush Life
|-damage|p1a: Lush Life|0 fnt
|faint|p1a: Lush Life
|
|win|Pheonixmaster
|raw|Ladder updating...
|c|âPheonixmaster|gg now I can finally go to sleep satisfied
|raw|oh no oh no's rating: 1649 &rarr; <strong>1621<\/strong><br \/>(-28 for losing)
|raw|Pheonixmaster's rating: 1503 &rarr; <strong>1531<\/strong><br \/>(+28 for winning)
|leave|nofux
|leave|oh no oh no
|player|p1