|join|Pheonixmaster
|join|Earthes
|player|p1|Pheonixmaster|168
|player|p2|Earthes|248
|gametype|singles
|gen|6
|tier|UU
|rated
|rule|Sleep Clause Mod: Limit one foe put to sleep
|rule|Species Clause: Limit one of each PokÃ©mon
|rule|OHKO Clause: OHKO moves are banned
|rule|Moody Clause: Moody is banned
|rule|Evasion Moves Clause: Evasion moves are banned
|rule|Endless Battle Clause: Forcing endless battles is banned
|rule|HP Percentage Mod: HP is shown in percentages
|clearpoke
|poke|p1|Swampert, M
|poke|p1|Tornadus, M
|poke|p1|Kingdra, M
|poke|p1|Jirachi
|poke|p1|Chesnaught, M
|poke|p1|Toxicroak, M
|poke|p2|Sharpedo, M
|poke|p2|Florges, F
|poke|p2|Donphan, M
|poke|p2|Toxicroak, M
|poke|p2|Noivern, F
|poke|p2|Darmanitan, M
|rule|Swagger Clause: Swagger is banned
|rule|Baton Pass Clause: Limit one PokÃ©mon knowing Baton Pass
|teampreview
|
|start
|switch|p1a: Swampert|Swampert, M|349\/349
|switch|p2a: Senhime|Noivern, F|311\/311
|turn|1
|
|switch|p1a: Jirachi|Jirachi|399\/399
|move|p2a: Senhime|Draco Meteor|p1a: Jirachi
|-resisted|p1a: Jirachi
|-damage|p1a: Jirachi|254\/399
|-unboost|p2a: Senhime|spa|2
|
|turn|2
|
|switch|p2a: Shibata Katsuie|Donphan, M|383\/383
|move|p1a: Jirachi|U-turn|p2a: Shibata Katsuie
|-damage|p2a: Shibata Katsuie|332\/383
|-damage|p1a: Jirachi|188\/399|[from] item: Rocky Helmet|[of] p2a: Shibata Katsuie
|
|switch|p1a: Swampert|Swampert, M|349\/349
|
|turn|3
|
|detailschange|p1a: Swampert|Swampert-Mega, M
|-mega|p1a: Swampert|Swampert|Swampertite
|move|p1a: Swampert|Stealth Rock|p2a: Shibata Katsuie
|-sidestart|p2: Earthes|move: Stealth Rock
|move|p2a: Shibata Katsuie|Earthquake|p1a: Swampert
|-damage|p1a: Swampert|177\/349
|
|turn|4
|
|switch|p1a: Chesnaught|Chesnaught, M|380\/380
|move|p2a: Shibata Katsuie|Rapid Spin|p1a: Chesnaught
|-damage|p1a: Chesnaught|357\/380
|-sideend|p2: Earthes|Stealth Rock|[from] move: Rapid Spin|[of] p2a: Shibata Katsuie
|
|-heal|p1a: Chesnaught|380\/380|[from] item: Leftovers
|turn|5
|
|move|p1a: Chesnaught|Leech Seed|p2a: Shibata Katsuie
|-start|p2a: Shibata Katsuie|move: Leech Seed
|move|p2a: Shibata Katsuie|Stealth Rock|p1a: Chesnaught
|-sidestart|p1: Pheonixmaster|move: Stealth Rock
|
|-damage|p2a: Shibata Katsuie|285\/383|[from] Leech Seed|[of] p1a: Chesnaught
|turn|6
|
|switch|p2a: Senhime|Noivern, F|311\/311
|move|p1a: Chesnaught|Leech Seed|p2a: Senhime
|-start|p2a: Senhime|move: Leech Seed
|
|-damage|p2a: Senhime|273\/311|[from] Leech Seed|[of] p1a: Chesnaught
|turn|7
|
|move|p1a: Chesnaught|Spiky Shield|p1a: Chesnaught
|-singleturn|p1a: Chesnaught|move: Protect
|move|p2a: Senhime|Flamethrower|p1a: Chesnaught
|-activate|p1a: Chesnaught|move: Protect
|
|-damage|p2a: Senhime|235\/311|[from] Leech Seed|[of] p1a: Chesnaught
|turn|8
|
|move|p2a: Senhime|Flamethrower|p1a: Chesnaught
|-supereffective|p1a: Chesnaught
|-damage|p1a: Chesnaught|166\/380
|move|p1a: Chesnaught|Spikes|p2a: Senhime
|-sidestart|p2: Earthes|Spikes
|
|-heal|p1a: Chesnaught|189\/380|[from] item: Leftovers
|-damage|p2a: Senhime|197\/311|[from] Leech Seed|[of] p1a: Chesnaught
|-heal|p1a: Chesnaught|227\/380|[silent]
|turn|9
|
|switch|p2a: Rick Addison|Darmanitan, M|351\/351
|-damage|p2a: Rick Addison|308\/351|[from] Spikes
|move|p1a: Chesnaught|Spiky Shield|p1a: Chesnaught
|-fail|p1a: Chesnaught
|
|-heal|p1a: Chesnaught|250\/380|[from] item: Leftovers
|turn|10
|
|switch|p2a: Senhime|Noivern, F|197\/311
|move|p1a: Chesnaught|Spiky Shield|p1a: Chesnaught
|-fail|p1a: Chesnaught
|
|-heal|p1a: Chesnaught|273\/380|[from] item: Leftovers
|turn|11
|
|move|p1a: Chesnaught|Spiky Shield|p1a: Chesnaught
|-singleturn|p1a: Chesnaught|move: Protect
|move|p2a: Senhime|Draco Meteor|p1a: Chesnaught
|-activate|p1a: Chesnaught|move: Protect
|
|-heal|p1a: Chesnaught|296\/380|[from] item: Leftovers
|turn|12
|
|switch|p1a: Jirachi|Jirachi|188\/399
|-damage|p1a: Jirachi|164\/399|[from] Stealth Rock
|move|p2a: Senhime|Draco Meteor|p1a: Jirachi
|-resisted|p1a: Jirachi
|-damage|p1a: Jirachi|29\/399
|-unboost|p2a: Senhime|spa|2
|
|turn|13
|
|move|p2a: Senhime|Draco Meteor|p1a: Jirachi
|-resisted|p1a: Jirachi
|-damage|p1a: Jirachi|0 fnt
|-unboost|p2a: Senhime|spa|2
|faint|p1a: Jirachi
|
|
|switch|p1a: Toxicroak|Toxicroak, M|307\/307
|-damage|p1a: Toxicroak|288\/307|[from] Stealth Rock
|turn|14
|
|switch|p2a: Shibata Katsuie|Donphan, M|285\/383
|-damage|p2a: Shibata Katsuie|238\/383|[from] Spikes
|move|p1a: Toxicroak|Swords Dance|p1a: Toxicroak
|-boost|p1a: Toxicroak|atk|2
|
|turn|15
|
|move|p1a: Toxicroak|Drain Punch|p2a: Shibata Katsuie
|-damage|p2a: Shibata Katsuie|0 fnt
|-heal|p1a: Toxicroak|307\/307|[from] drain|[of] p2a: Shibata Katsuie
|-damage|p1a: Toxicroak|256\/307|[from] item: Rocky Helmet|[of] p2a: Shibata Katsuie
|-damage|p1a: Toxicroak|226\/307|[from] item: Life Orb
|faint|p2a: Shibata Katsuie
|
|
|switch|p2a: Rick Addison|Darmanitan, M|308\/351
|-damage|p2a: Rick Addison|265\/351|[from] Spikes
|turn|16
|
|switch|p2a: Dokuganryuu|Toxicroak, M|370\/370
|-damage|p2a: Dokuganryuu|324\/370|[from] Spikes
|move|p1a: Toxicroak|Sucker Punch|p2a: Dokuganryuu
|-fail|p2a: Dokuganryuu
|
|-heal|p2a: Dokuganryuu|347\/370|[from] item: Black Sludge
|turn|17
|
|move|p1a: Toxicroak|Drain Punch|p2a: Dokuganryuu
|-resisted|p2a: Dokuganryuu
|-damage|p2a: Dokuganryuu|126\/370
|-heal|p1a: Toxicroak|307\/307|[from] drain|[of] p2a: Dokuganryuu
|-damage|p1a: Toxicroak|277\/307|[from] item: Life Orb
|move|p2a: Dokuganryuu|Swords Dance|p2a: Dokuganryuu
|-boost|p2a: Dokuganryuu|atk|2
|
|-heal|p2a: Dokuganryuu|149\/370|[from] item: Black Sludge
|turn|18
|
|move|p1a: Toxicroak|Drain Punch|p2a: Dokuganryuu
|-resisted|p2a: Dokuganryuu
|-damage|p2a: Dokuganryuu|0 fnt
|-heal|p1a: Toxicroak|307\/307|[from] drain|[of] p2a: Dokuganryuu
|-damage|p1a: Toxicroak|277\/307|[from] item: Life Orb
|faint|p2a: Dokuganryuu
|
|
|switch|p2a: Rance|Sharpedo, M|281\/281
|-damage|p2a: Rance|246\/281|[from] Spikes
|turn|19
|
|move|p2a: Rance|Crunch|p1a: Toxicroak
|-resisted|p1a: Toxicroak
|-damage|p1a: Toxicroak|178\/307
|move|p1a: Toxicroak|Drain Punch|p2a: Rance
|-supereffective|p2a: Rance
|-damage|p2a: Rance|0 fnt
|-heal|p1a: Toxicroak|301\/307|[from] drain|[of] p2a: Rance
|-damage|p1a: Toxicroak|271\/307|[from] item: Life Orb
|faint|p2a: Rance
|
|c|âEarthes|bg
|c|âEarthes|die
|c|âPheonixmaster|LOL
|-message|Earthes forfeited.
|
|win|Pheonixmaster
|raw|Ladder updating...
|leave|Earthes
|player|p2
|raw|Pheonixmaster's rating: 1472 &rarr; <strong>1488<\/strong><br \/>(+16 for winning)
|raw|Earthes's rating: 1404 &rarr; <strong>1388<\/strong><br \/>(-16 for losing)