|join|Pheonixmaster
|join|Stimo
|player|p1|Pheonixmaster|167
|player|p2|Stimo|252
|gametype|singles
|gen|6
|tier|UU
|rated
|rule|Sleep Clause Mod: Limit one foe put to sleep
|rule|Species Clause: Limit one of each PokÃ©mon
|rule|OHKO Clause: OHKO moves are banned
|rule|Moody Clause: Moody is banned
|rule|Evasion Moves Clause: Evasion moves are banned
|rule|Endless Battle Clause: Forcing endless battles is banned
|rule|HP Percentage Mod: HP is shown in percentages
|clearpoke
|poke|p1|Krookodile, M
|poke|p1|Diancie
|poke|p1|Jirachi
|poke|p1|Hydreigon, M
|poke|p1|Chesnaught, M
|poke|p1|Nidoqueen, F
|poke|p2|Mienshao, M
|poke|p2|Crobat, F
|poke|p2|Umbreon, M
|poke|p2|Swampert, F
|poke|p2|Chandelure, M
|poke|p2|Tentacruel, F
|rule|Swagger Clause: Swagger is banned
|rule|Baton Pass Clause: Limit one PokÃ©mon knowing Baton Pass
|teampreview
|
|start
|switch|p1a: Jeremiah|Chesnaught, M|380\/380
|switch|p2a: Tentacruel|Tentacruel, F|361\/361
|turn|1
|
|move|p2a: Tentacruel|Toxic|p1a: Jeremiah
|-status|p1a: Jeremiah|tox
|move|p1a: Jeremiah|Wood Hammer|p2a: Tentacruel
|-damage|p2a: Tentacruel|231\/361
|-damage|p1a: Jeremiah|337\/380 tox|[from] recoil|[of] p2a: Tentacruel
|
|-heal|p2a: Tentacruel|253\/361|[from] item: Black Sludge
|-heal|p1a: Jeremiah|360\/380 tox|[from] item: Leftovers
|-damage|p1a: Jeremiah|337\/380 tox|[from] psn
|turn|2
|
|switch|p2a: Crobat|Crobat, F|373\/373
|switch|p1a: Takada Kiyomi|Nidoqueen, F|351\/351
|
|turn|3
|
|move|p2a: Crobat|U-turn|p1a: Takada Kiyomi
|-resisted|p1a: Takada Kiyomi
|-damage|p1a: Takada Kiyomi|319\/351
|
|switch|p2a: Swampert|Swampert, F|401\/401
|move|p1a: Takada Kiyomi|Stealth Rock|p2a: Swampert
|-sidestart|p2: Stimo|move: Stealth Rock
|
|turn|4
|
|move|p1a: Takada Kiyomi|Earth Power|p2a: Swampert
|-damage|p2a: Swampert|170\/401
|move|p2a: Swampert|Stealth Rock|p1a: Takada Kiyomi
|-sidestart|p1: Pheonixmaster|move: Stealth Rock
|
|-heal|p2a: Swampert|195\/401|[from] item: Leftovers
|turn|5
|
|switch|p2a: Umbreon|Umbreon, M|394\/394
|-damage|p2a: Umbreon|345\/394|[from] Stealth Rock
|move|p1a: Takada Kiyomi|Earth Power|p2a: Umbreon
|-damage|p2a: Umbreon|228\/394
|
|-heal|p2a: Umbreon|252\/394|[from] item: Leftovers
|turn|6
|
|switch|p1a: Euphemia|Diancie|241\/241
|-damage|p1a: Euphemia|211\/241|[from] Stealth Rock
|move|p2a: Umbreon|Wish|p2a: Umbreon
|
|-heal|p2a: Umbreon|276\/394|[from] item: Leftovers
|turn|7
|
|detailschange|p1a: Euphemia|Diancie-Mega
|-mega|p1a: Euphemia|Diancie|Diancite
|move|p2a: Umbreon|Protect|p2a: Umbreon
|-singleturn|p2a: Umbreon|Protect
|move|p1a: Euphemia|Moonblast|p2a: Umbreon
|-activate|p2a: Umbreon|Protect
|
|-heal|p2a: Umbreon|394\/394|[from] move: Wish|[wisher] Umbreon
|turn|8
|
|switch|p2a: Tentacruel|Tentacruel, F|253\/361
|-damage|p2a: Tentacruel|208\/361|[from] Stealth Rock
|move|p1a: Euphemia|Rock Polish|p1a: Euphemia
|-boost|p1a: Euphemia|spe|2
|
|-heal|p2a: Tentacruel|230\/361|[from] item: Black Sludge
|turn|9
|
|move|p1a: Euphemia|Earth Power|p2a: Tentacruel
|-supereffective|p2a: Tentacruel
|-damage|p2a: Tentacruel|0 fnt
|faint|p2a: Tentacruel
|
|
|switch|p2a: Swampert|Swampert, F|195\/401
|-damage|p2a: Swampert|170\/401|[from] Stealth Rock
|turn|10
|
|move|p1a: Euphemia|Moonblast|p2a: Swampert
|-damage|p2a: Swampert|0 fnt
|faint|p2a: Swampert
|
|
|switch|p2a: Umbreon|Umbreon, M|394\/394
|-damage|p2a: Umbreon|345\/394|[from] Stealth Rock
|turn|11
|
|move|p1a: Euphemia|Moonblast|p2a: Umbreon
|-supereffective|p2a: Umbreon
|-damage|p2a: Umbreon|85\/394
|move|p2a: Umbreon|Toxic|p1a: Euphemia
|move|p1a: Euphemia|Toxic|p2a: Umbreon|[from]Magic Bounce
|-status|p2a: Umbreon|tox
|-status|p1a: Euphemia|tox
|
|-heal|p2a: Umbreon|109\/394 tox|[from] item: Leftovers
|-damage|p1a: Euphemia|196\/241 tox|[from] psn
|-damage|p2a: Umbreon|85\/394 tox|[from] psn
|turn|12
|
|move|p2a: Umbreon|Protect|p2a: Umbreon
|-singleturn|p2a: Umbreon|Protect
|move|p1a: Euphemia|Diamond Storm|p2a: Umbreon
|-activate|p2a: Umbreon|Protect
|
|-heal|p2a: Umbreon|109\/394 tox|[from] item: Leftovers
|-damage|p1a: Euphemia|166\/241 tox|[from] psn
|-damage|p2a: Umbreon|61\/394 tox|[from] psn
|turn|13
|
|move|p1a: Euphemia|Moonblast|p2a: Umbreon
|-supereffective|p2a: Umbreon
|-damage|p2a: Umbreon|0 fnt
|faint|p2a: Umbreon
|
|-damage|p1a: Euphemia|121\/241 tox|[from] psn
|
|switch|p2a: Mienshao|Mienshao, M|271\/271
|-damage|p2a: Mienshao|255\/271|[from] Stealth Rock
|turn|14
|
|move|p2a: Mienshao|Fake Out|p1a: Euphemia
|-resisted|p1a: Euphemia
|-damage|p1a: Euphemia|94\/241 tox
|-damage|p2a: Mienshao|228\/271|[from] item: Life Orb
|cant|p1a: Euphemia|flinch
|
|-damage|p1a: Euphemia|34\/241 tox|[from] psn
|turn|15
|
|switch|p2a: Chandelure|Chandelure, M|261\/261
|-damage|p2a: Chandelure|196\/261|[from] Stealth Rock
|move|p1a: Euphemia|Diamond Storm|p2a: Chandelure
|-supereffective|p2a: Chandelure
|-damage|p2a: Chandelure|0 fnt
|faint|p2a: Chandelure
|
|-damage|p1a: Euphemia|0 fnt|[from] psn
|faint|p1a: Euphemia
|
|switch|p2a: Mienshao|Mienshao, M|271\/271
|switch|p1a: Takada Kiyomi|Nidoqueen, F|319\/351
|-damage|p2a: Mienshao|255\/271|[from] Stealth Rock
|-damage|p1a: Takada Kiyomi|298\/351|[from] Stealth Rock
|turn|16
|
|switch|p1a: Jeremiah|Chesnaught, M|337\/380 tox
|-damage|p1a: Jeremiah|314\/380 tox|[from] Stealth Rock
|move|p2a: Mienshao|Fake Out|p1a: Jeremiah
|-damage|p1a: Jeremiah|271\/380 tox
|-damage|p2a: Mienshao|228\/271|[from] item: Life Orb
|
|-heal|p1a: Jeremiah|294\/380 tox|[from] item: Leftovers
|-damage|p1a: Jeremiah|271\/380 tox|[from] psn
|turn|17
|
|move|p2a: Mienshao|U-turn|p1a: Jeremiah
|-damage|p1a: Jeremiah|198\/380 tox
|-damage|p2a: Mienshao|201\/271|[from] item: Life Orb
|
|switch|p2a: Crobat|Crobat, F|373\/373
|-damage|p2a: Crobat|280\/373|[from] Stealth Rock
|move|p1a: Jeremiah|Leech Seed|p2a: Crobat
|-start|p2a: Crobat|move: Leech Seed
|
|-heal|p2a: Crobat|303\/373|[from] item: Black Sludge
|-heal|p1a: Jeremiah|221\/380 tox|[from] item: Leftovers
|-damage|p2a: Crobat|257\/373|[from] Leech Seed|[of] p1a: Jeremiah
|-heal|p1a: Jeremiah|267\/380 tox|[silent]
|-damage|p1a: Jeremiah|221\/380 tox|[from] psn
|turn|18
|
|switch|p1a: Suzaku|Krookodile, M|331\/331
|-damage|p1a: Suzaku|311\/331|[from] Stealth Rock
|-ability|p1a: Suzaku|Intimidate|[of] p2a: Crobat
|-unboost|p2a: Crobat|atk|1
|move|p2a: Crobat|Roost|p2a: Crobat
|-heal|p2a: Crobat|373\/373
|
|-damage|p2a: Crobat|327\/373|[from] Leech Seed|[of] p1a: Suzaku
|-heal|p1a: Suzaku|331\/331|[silent]
|turn|19
|
|move|p2a: Crobat|U-turn|p1a: Suzaku
|-supereffective|p1a: Suzaku
|-damage|p1a: Suzaku|247\/331
|
|switch|p2a: Mienshao|Mienshao, M|271\/271
|-damage|p2a: Mienshao|255\/271|[from] Stealth Rock
|move|p1a: Suzaku|Knock Off|p2a: Mienshao
|-resisted|p2a: Mienshao
|-damage|p2a: Mienshao|59\/271
|-enditem|p2a: Mienshao|Life Orb|[from] move: Knock Off|[of] p1a: Suzaku
|
|turn|20
|
|switch|p1a: Jeremiah|Chesnaught, M|221\/380 tox
|-damage|p1a: Jeremiah|198\/380 tox|[from] Stealth Rock
|move|p2a: Mienshao|High Jump Kick|p1a: Jeremiah
|-damage|p1a: Jeremiah|56\/380 tox
|
|-heal|p1a: Jeremiah|79\/380 tox|[from] item: Leftovers
|-damage|p1a: Jeremiah|56\/380 tox|[from] psn
|turn|21
|
|move|p2a: Mienshao|High Jump Kick|p1a: Jeremiah
|-damage|p1a: Jeremiah|0 fnt
|faint|p1a: Jeremiah
|
|
|switch|p1a: Rollo|Jirachi|341\/341
|-damage|p1a: Rollo|320\/341|[from] Stealth Rock
|turn|22
|
|move|p1a: Rollo|Iron Head|p2a: Mienshao
|-damage|p2a: Mienshao|0 fnt
|faint|p2a: Mienshao
|
|
|switch|p2a: Crobat|Crobat, F|327\/373
|-damage|p2a: Crobat|234\/373|[from] Stealth Rock
|turn|23
|c|âStimo|gg
|-message|Stimo forfeited.
|
|win|Pheonixmaster
|raw|Ladder updating...
|leave|Stimo
|player|p2
|raw|Pheonixmaster's rating: 1458 &rarr; <strong>1468<\/strong><br \/>(+10 for winning)
|raw|Stimo's rating: 1264 &rarr; <strong>1252<\/strong><br \/>(-12 for losing)