|join|Pheonixmaster
|join|Nightmare Vampire
|player|p1|Pheonixmaster|167
|player|p2|Nightmare Vampire|272
|gametype|singles
|gen|6
|tier|UU
|rated
|rule|Sleep Clause Mod: Limit one foe put to sleep
|rule|Species Clause: Limit one of each PokÃ©mon
|rule|OHKO Clause: OHKO moves are banned
|rule|Moody Clause: Moody is banned
|rule|Evasion Moves Clause: Evasion moves are banned
|rule|Endless Battle Clause: Forcing endless battles is banned
|rule|HP Percentage Mod: HP is shown in percentages
|clearpoke
|poke|p1|Pidgeot, F
|poke|p1|Dugtrio, M
|poke|p1|Whimsicott, M
|poke|p1|Crobat, F
|poke|p1|Jirachi
|poke|p1|Hydreigon, M
|poke|p2|Steelix, F
|poke|p2|Vaporeon, M
|poke|p2|Celebi
|poke|p2|Braviary, M
|poke|p2|Nidoqueen, F
|poke|p2|Mienshao, M
|rule|Swagger Clause: Swagger is banned
|rule|Baton Pass Clause: Limit one PokÃ©mon knowing Baton Pass
|teampreview
|
|start
|switch|p1a: L|Dugtrio, M|211\/211
|switch|p2a: Mienshao|Mienshao, M|271\/271
|turn|1
|
|switch|p1a: Rem|Crobat, F|373\/373
|move|p2a: Mienshao|U-turn|p1a: Rem
|-resisted|p1a: Rem
|-damage|p1a: Rem|350\/373
|
|switch|p2a: Steelix|Steelix, F|354\/354
|
|turn|2
|
|detailschange|p2a: Steelix|Steelix-Mega, F
|-mega|p2a: Steelix|Steelix|Steelixite
|move|p1a: Rem|U-turn|p2a: Steelix
|-resisted|p2a: Steelix
|-damage|p2a: Steelix|343\/354
|
|switch|p1a: Nunnally|Jirachi|371\/371
|move|p2a: Steelix|Stealth Rock|p1a: Nunnally
|-sidestart|p1: Pheonixmaster|move: Stealth Rock
|
|turn|3
|
|move|p1a: Nunnally|Stealth Rock|p2a: Steelix
|-sidestart|p2: Nightmare Vampire|move: Stealth Rock
|move|p2a: Steelix|Roar|p1a: Nunnally
|drag|p1a: Near|Whimsicott, M|322\/322
|-damage|p1a: Near|282\/322|[from] Stealth Rock
|
|-heal|p1a: Near|302\/322|[from] item: Leftovers
|turn|4
|
|switch|p1a: Nunnally|Jirachi|371\/371
|-damage|p1a: Nunnally|348\/371|[from] Stealth Rock
|move|p2a: Steelix|Heavy Slam|p1a: Nunnally
|-resisted|p1a: Nunnally
|-damage|p1a: Nunnally|267\/371
|
|-heal|p1a: Nunnally|290\/371|[from] item: Leftovers
|turn|5
|
|move|p1a: Nunnally|Iron Head|p2a: Steelix
|-resisted|p2a: Steelix
|-damage|p2a: Steelix|319\/354
|cant|p2a: Steelix|flinch
|
|-heal|p1a: Nunnally|313\/371|[from] item: Leftovers
|turn|6
|
|move|p1a: Nunnally|Iron Head|p2a: Steelix
|-resisted|p2a: Steelix
|-damage|p2a: Steelix|295\/354
|cant|p2a: Steelix|flinch
|
|-heal|p1a: Nunnally|336\/371|[from] item: Leftovers
|turn|7
|
|move|p1a: Nunnally|Iron Head|p2a: Steelix
|-resisted|p2a: Steelix
|-damage|p2a: Steelix|272\/354
|cant|p2a: Steelix|flinch
|
|-heal|p1a: Nunnally|359\/371|[from] item: Leftovers
|turn|8
|
|move|p1a: Nunnally|Iron Head|p2a: Steelix
|-resisted|p2a: Steelix
|-damage|p2a: Steelix|248\/354
|cant|p2a: Steelix|flinch
|
|-heal|p1a: Nunnally|371\/371|[from] item: Leftovers
|turn|9
|
|move|p1a: Nunnally|Iron Head|p2a: Steelix
|-resisted|p2a: Steelix
|-damage|p2a: Steelix|224\/354
|cant|p2a: Steelix|flinch
|
|turn|10
|c|âNightmare Vampire|Hax
|
|move|p1a: Nunnally|Iron Head|p2a: Steelix
|-resisted|p2a: Steelix
|-damage|p2a: Steelix|201\/354
|move|p2a: Steelix|Earthquake|p1a: Nunnally
|-supereffective|p1a: Nunnally
|-damage|p1a: Nunnally|93\/371
|
|-heal|p1a: Nunnally|116\/371|[from] item: Leftovers
|turn|11
|c|âNightmare Vampire|Fkin
|c|âNightmare Vampire|God
|
|move|p1a: Nunnally|U-turn|p2a: Steelix
|-resisted|p2a: Steelix
|-damage|p2a: Steelix|186\/354
|
|switch|p1a: Yoko|Pidgeot, F|307\/307
|-damage|p1a: Yoko|231\/307|[from] Stealth Rock
|move|p2a: Steelix|Roar|p1a: Yoko
|drag|p1a: L|Dugtrio, M|211\/211
|-damage|p1a: L|198\/211|[from] Stealth Rock
|
|turn|12
|c|âNightmare Vampire|Lol
|
|move|p1a: L|Earthquake|p2a: Steelix
|-supereffective|p2a: Steelix
|-damage|p2a: Steelix|18\/354
|move|p2a: Steelix|Heavy Slam|p1a: L
|-crit|p1a: L
|-damage|p1a: L|0 fnt
|faint|p1a: L
|
|
|switch|p1a: Yoko|Pidgeot, F|231\/307
|-damage|p1a: Yoko|155\/307|[from] Stealth Rock
|turn|13
|
|detailschange|p1a: Yoko|Pidgeot-Mega, F
|-mega|p1a: Yoko|Pidgeot|Pidgeotite
|move|p1a: Yoko|Hurricane|p2a: Steelix
|-resisted|p2a: Steelix
|-damage|p2a: Steelix|0 fnt
|faint|p2a: Steelix
|
|
|switch|p2a: Mienshao|Mienshao, M|271\/271
|-damage|p2a: Mienshao|255\/271|[from] Stealth Rock
|turn|14
|
|move|p2a: Mienshao|U-turn|p1a: Yoko
|-resisted|p1a: Yoko
|-damage|p1a: Yoko|104\/307
|
|switch|p2a: Vaporeon|Vaporeon, M|451\/451
|-damage|p2a: Vaporeon|395\/451|[from] Stealth Rock
|move|p1a: Yoko|Roost|p1a: Yoko
|-heal|p1a: Yoko|258\/307
|
|-heal|p2a: Vaporeon|423\/451|[from] item: Leftovers
|turn|15
|
|move|p1a: Yoko|U-turn|p2a: Vaporeon
|-damage|p2a: Vaporeon|376\/451
|
|switch|p1a: Near|Whimsicott, M|302\/322
|-damage|p1a: Near|262\/322|[from] Stealth Rock
|move|p2a: Vaporeon|Scald|p1a: Near
|-resisted|p1a: Near
|-damage|p1a: Near|219\/322
|
|-heal|p1a: Near|239\/322|[from] item: Leftovers
|-heal|p2a: Vaporeon|404\/451|[from] item: Leftovers
|turn|16
|
|move|p1a: Near|U-turn|p2a: Vaporeon
|-damage|p2a: Vaporeon|366\/451
|
|switch|p1a: Hydreigon|Hydreigon, M|325\/325
|-damage|p1a: Hydreigon|285\/325|[from] Stealth Rock
|move|p2a: Vaporeon|Baton Pass|p2a: Vaporeon
|
|switch|p2a: Mienshao|Mienshao, M|255\/271
|-damage|p2a: Mienshao|239\/271|[from] Stealth Rock
|
|turn|17
|
|switch|p1a: Rem|Crobat, F|350\/373
|-damage|p1a: Rem|257\/373|[from] Stealth Rock
|move|p2a: Mienshao|U-turn|p1a: Rem
|-resisted|p1a: Rem
|-damage|p1a: Rem|236\/373
|
|switch|p2a: Nidoqueen|Nidoqueen, F|351\/351
|-damage|p2a: Nidoqueen|330\/351|[from] Stealth Rock
|
|turn|18
|
|move|p1a: Rem|Defog|p2a: Nidoqueen
|-unboost|p2a: Nidoqueen|evasion|1
|-sideend|p2: Nightmare Vampire|Stealth Rock|[from] move: Defog|[of] p2a: Nidoqueen
|-sideend|p1: Pheonixmaster|Stealth Rock|[from] move: Defog|[of] p1a: Rem
|move|p2a: Nidoqueen|Ice Beam|p1a: Rem
|-supereffective|p1a: Rem
|-damage|p1a: Rem|0 fnt
|faint|p1a: Rem
|
|
|switch|p1a: Nunnally|Jirachi|116\/371
|turn|19
|
|move|p1a: Nunnally|Iron Head|p2a: Nidoqueen
|-damage|p2a: Nidoqueen|203\/351
|cant|p2a: Nidoqueen|flinch
|
|-heal|p1a: Nunnally|139\/371|[from] item: Leftovers
|turn|20
|
|switch|p2a: Mienshao|Mienshao, M|239\/271
|move|p1a: Nunnally|Iron Head|p2a: Mienshao
|-damage|p2a: Mienshao|68\/271
|
|-heal|p1a: Nunnally|162\/371|[from] item: Leftovers
|turn|21
|
|switch|p1a: Near|Whimsicott, M|239\/322
|move|p2a: Mienshao|Knock Off|p1a: Near
|-resisted|p1a: Near
|-damage|p1a: Near|169\/322
|-enditem|p1a: Near|Leftovers|[from] move: Knock Off|[of] p2a: Mienshao
|
|turn|22
|
|switch|p2a: Celebi|Celebi|404\/404
|move|p1a: Near|U-turn|p2a: Celebi
|-supereffective|p2a: Celebi
|-damage|p2a: Celebi|304\/404
|
|switch|p1a: Yoko|Pidgeot-Mega, F|258\/307
|
|-heal|p2a: Celebi|329\/404|[from] item: Leftovers
|turn|23
|
|switch|p2a: Vaporeon|Vaporeon, M|366\/451
|move|p1a: Yoko|Hurricane|p2a: Vaporeon
|-damage|p2a: Vaporeon|176\/451
|
|-heal|p2a: Vaporeon|204\/451|[from] item: Leftovers
|turn|24
|
|move|p1a: Yoko|Hurricane|p2a: Vaporeon
|-damage|p2a: Vaporeon|23\/451
|move|p2a: Vaporeon|Baton Pass|p2a: Vaporeon
|
|switch|p2a: Mienshao|Mienshao, M|68\/271
|
|turn|25
|
|switch|p1a: Near|Whimsicott, M|169\/322
|move|p2a: Mienshao|High Jump Kick|p1a: Near
|-resisted|p1a: Near
|-damage|p1a: Near|7\/322
|
|turn|26
|
|move|p1a: Near|Stun Spore|p2a: Mienshao
|-status|p2a: Mienshao|par
|move|p2a: Mienshao|High Jump Kick|p1a: Near
|-resisted|p1a: Near
|-damage|p1a: Near|0 fnt
|faint|p1a: Near
|
|
|switch|p1a: Nunnally|Jirachi|162\/371
|turn|27
|
|switch|p2a: Celebi|Celebi|329\/404
|move|p1a: Nunnally|Iron Head|p2a: Celebi
|-damage|p2a: Celebi|245\/404
|
|-heal|p1a: Nunnally|185\/371|[from] item: Leftovers
|-heal|p2a: Celebi|270\/404|[from] item: Leftovers
|turn|28
|
|move|p1a: Nunnally|Iron Head|p2a: Celebi
|-damage|p2a: Celebi|179\/404
|move|p2a: Celebi|Heal Bell|p2a: Celebi
|-cureteam|p2a: Celebi|[from] move: HealBell
|
|-heal|p1a: Nunnally|208\/371|[from] item: Leftovers
|-heal|p2a: Celebi|204\/404|[from] item: Leftovers
|turn|29
|
|move|p1a: Nunnally|Iron Head|p2a: Celebi
|-damage|p2a: Celebi|119\/404
|move|p2a: Celebi|Thunder Wave|p1a: Nunnally
|-status|p1a: Nunnally|par
|
|-heal|p2a: Celebi|144\/404|[from] item: Leftovers
|-heal|p1a: Nunnally|231\/371 par|[from] item: Leftovers
|turn|30
|
|move|p2a: Celebi|Recover|p2a: Celebi
|-heal|p2a: Celebi|346\/404
|move|p1a: Nunnally|U-turn|p2a: Celebi
|-supereffective|p2a: Celebi
|-damage|p2a: Celebi|150\/404
|
|switch|p1a: Hydreigon|Hydreigon, M|285\/325
|
|-heal|p2a: Celebi|175\/404|[from] item: Leftovers
|turn|31
|
|move|p1a: Hydreigon|Dark Pulse|p2a: Celebi
|-supereffective|p2a: Celebi
|-damage|p2a: Celebi|0 fnt
|faint|p2a: Celebi
|
|
|switch|p2a: Mienshao|Mienshao, M|68\/271
|turn|32
|
|move|p2a: Mienshao|Jump Kick|p1a: Hydreigon
|-crit|p1a: Hydreigon
|-supereffective|p1a: Hydreigon
|-damage|p1a: Hydreigon|0 fnt
|faint|p1a: Hydreigon
|
|
|switch|p1a: Nunnally|Jirachi|231\/371 par
|turn|33
|
|switch|p2a: Vaporeon|Vaporeon, M|23\/451
|move|p1a: Nunnally|Iron Head|p2a: Vaporeon
|-resisted|p2a: Vaporeon
|-damage|p2a: Vaporeon|0 fnt
|faint|p2a: Vaporeon
|
|-heal|p1a: Nunnally|254\/371 par|[from] item: Leftovers
|
|switch|p2a: Nidoqueen|Nidoqueen, F|203\/351
|turn|34
|
|switch|p1a: Yoko|Pidgeot-Mega, F|258\/307
|move|p2a: Nidoqueen|Thunderbolt|p1a: Yoko
|-supereffective|p1a: Yoko
|-damage|p1a: Yoko|0 fnt
|faint|p1a: Yoko
|
|
|switch|p1a: Nunnally|Jirachi|254\/371 par
|turn|35
|c|âNightmare Vampire|Gg
|
|move|p2a: Nidoqueen|Earth Power|p1a: Nunnally
|-supereffective|p1a: Nunnally
|-damage|p1a: Nunnally|0 fnt
|faint|p1a: Nunnally
|
|win|Nightmare Vampire
|raw|Ladder updating...
|raw|Pheonixmaster's rating: 1468 &rarr; <strong>1437<\/strong><br \/>(-31 for losing)
|raw|Nightmare Vampire's rating: 1256 &rarr; <strong>1295<\/strong><br \/>(+39 for winning)
|leave|Pheonixmaster
|player|p1