|join|ULT King UU
|join|Pheonixmaster
|player|p1|ULT King UU|#kinguu
|player|p2|Pheonixmaster|167
|gametype|singles
|gen|6
|tier|UU
|rated
|rule|Sleep Clause Mod: Limit one foe put to sleep
|rule|Species Clause: Limit one of each PokÃ©mon
|rule|OHKO Clause: OHKO moves are banned
|rule|Moody Clause: Moody is banned
|rule|Evasion Moves Clause: Evasion moves are banned
|rule|Endless Battle Clause: Forcing endless battles is banned
|rule|HP Percentage Mod: HP is shown in percentages
|clearpoke
|poke|p1|Infernape, M
|poke|p1|Ampharos, F
|poke|p1|Forretress, F
|poke|p1|Swampert, M
|poke|p1|Umbreon, F
|poke|p1|Crobat, F
|poke|p2|Swampert, M
|poke|p2|Kingdra, M
|poke|p2|Toxicroak, M
|poke|p2|Tornadus, M
|poke|p2|Jirachi
|poke|p2|Roserade, F
|rule|Swagger Clause: Swagger is banned
|rule|Baton Pass Clause: Limit one PokÃ©mon knowing Baton Pass
|teampreview
|
|start
|switch|p1a: Swampert|Swampert, M|404\/404
|switch|p2a: Swampert|Swampert, M|341\/341
|turn|1
|join|ULT LibLuc
|
|switch|p2a: Roserade|Roserade, F|261\/261
|move|p1a: Swampert|Stealth Rock|p2a: Roserade
|-sidestart|p2: Pheonixmaster|move: Stealth Rock
|
|turn|2
|
|switch|p1a: Forretress|Forretress, F|354\/354
|move|p2a: Roserade|Spikes|p1a: Forretress
|-sidestart|p1: ULT King UU|Spikes
|
|turn|3
|
|move|p2a: Roserade|Sleep Powder|p1a: Forretress
|-fail|p1a: Forretress
|move|p1a: Forretress|Rapid Spin|p2a: Roserade
|-damage|p2a: Roserade|242\/261
|-sideend|p1: ULT King UU|Spikes|[from] move: Rapid Spin|[of] p1a: Forretress
|
|turn|4
|
|switch|p2a: Kingdra|Kingdra, M|291\/291
|-damage|p2a: Kingdra|255\/291|[from] Stealth Rock
|move|p1a: Forretress|Spikes|p2a: Kingdra
|-sidestart|p2: Pheonixmaster|Spikes
|
|turn|5
|join|YoungLegend
|
|switch|p2a: Swampert|Swampert, M|341\/341
|-damage|p2a: Swampert|299\/341|[from] Spikes
|-damage|p2a: Swampert|278\/341|[from] Stealth Rock
|move|p1a: Forretress|Volt Switch|p2a: Swampert
|-immune|p2a: Swampert|[msg]
|
|turn|6
|join|ThisBeMyButt
|
|detailschange|p2a: Swampert|Swampert-Mega, M
|-mega|p2a: Swampert|Swampert|Swampertite
|move|p2a: Swampert|Waterfall|p1a: Forretress
|-damage|p1a: Forretress|257\/354
|move|p1a: Forretress|Toxic|p2a: Swampert
|-status|p2a: Swampert|tox
|
|-heal|p1a: Forretress|279\/354|[from] item: Leftovers
|-damage|p2a: Swampert|257\/341 tox|[from] psn
|turn|7
|
|switch|p2a: Kingdra|Kingdra, M|255\/291
|-damage|p2a: Kingdra|219\/291|[from] Stealth Rock
|-damage|p2a: Kingdra|183\/291|[from] Spikes
|move|p1a: Forretress|Spikes|p2a: Kingdra
|-sidestart|p2: Pheonixmaster|Spikes
|
|-heal|p1a: Forretress|301\/354|[from] item: Leftovers
|turn|8
|
|move|p2a: Kingdra|Scald|p1a: Forretress
|-damage|p1a: Forretress|51\/354
|move|p1a: Forretress|Volt Switch|p2a: Kingdra
|-crit|p2a: Kingdra
|-damage|p2a: Kingdra|126\/291
|
|switch|p1a: Crobat|Crobat, F|331\/331
|
|turn|9
|join|Shit User
|
|switch|p2a: Jirachi|Jirachi|404\/404
|-damage|p2a: Jirachi|379\/404|[from] Stealth Rock
|-damage|p2a: Jirachi|312\/404|[from] Spikes
|move|p1a: Crobat|U-turn|p2a: Jirachi
|-damage|p2a: Jirachi|256\/404
|
|switch|p1a: Infernape|Infernape, M|293\/293
|
|turn|10
|c| Shit User|choice band infernape is shit
|
|move|p1a: Infernape|Fire Punch|p2a: Jirachi
|-supereffective|p2a: Jirachi
|-damage|p2a: Jirachi|0 fnt
|faint|p2a: Jirachi
|
|c| Shit User|fire
|c| Shit User|punch
|c| Shit User|so
|c| Shit User|weak
|
|switch|p2a: Tornadus|Tornadus, M|299\/299
|-damage|p2a: Tornadus|225\/299|[from] Stealth Rock
|turn|11
|c| Shit User|i bet ur not even band
|leave|ThisBeMyButt
|join|ThisBeMyButt
|
|switch|p1a: Ampharos|Ampharos, F|374\/374
|move|p2a: Tornadus|Rain Dance|p2a: Tornadus
|-weather|RainDance
|
|-weather|RainDance|[upkeep]
|turn|12
|leave|ThisBeMyButt
|join|The leprechaun
|
|detailschange|p1a: Ampharos|Ampharos-Mega, F
|-mega|p1a: Ampharos|Ampharos|Ampharosite
|-ability|p1a: Ampharos|Mold Breaker
|move|p2a: Tornadus|U-turn|p1a: Ampharos
|-damage|p1a: Ampharos|317\/374
|c| Shit User|sick
|c|+The leprechaun|he clicked pulse
|c| Shit User|go to pert
|
|switch|p2a: Roserade|Roserade, F|242\/261
|-damage|p2a: Roserade|199\/261|[from] Spikes
|-damage|p2a: Roserade|167\/261|[from] Stealth Rock
|move|p1a: Ampharos|Dragon Pulse|p2a: Roserade
|-damage|p2a: Roserade|0 fnt
|faint|p2a: Roserade
|
|-weather|RainDance|[upkeep]
|c| Shit User|no he clicked electric
|c| Shit User|hes a **man**
|c|âULT King UU|lol
|
|switch|p2a: Swampert|Swampert-Mega, M|257\/341 tox
|-damage|p2a: Swampert|236\/341 tox|[from] Stealth Rock
|-damage|p2a: Swampert|180\/341 tox|[from] Spikes
|turn|13
|
|switch|p1a: Forretress|Forretress, F|51\/354
|move|p2a: Swampert|Earthquake|p1a: Forretress
|-damage|p1a: Forretress|0 fnt
|faint|p1a: Forretress
|
|-weather|RainDance|[upkeep]
|-damage|p2a: Swampert|159\/341 tox|[from] psn
|c|+The leprechaun|1 down !
|
|switch|p1a: Umbreon|Umbreon, F|394\/394
|turn|14
|
|move|p2a: Swampert|Stealth Rock|p1a: Umbreon
|-sidestart|p1: ULT King UU|move: Stealth Rock
|move|p1a: Umbreon|Wish|p1a: Umbreon
|
|-weather|RainDance|[upkeep]
|-damage|p2a: Swampert|117\/341 tox|[from] psn
|turn|15
|
|move|p2a: Swampert|Earthquake|p1a: Umbreon
|-damage|p1a: Umbreon|205\/394
|move|p1a: Umbreon|Foul Play|p2a: Swampert
|-damage|p2a: Swampert|0 fnt
|faint|p2a: Swampert
|
|-weather|RainDance|[upkeep]
|-heal|p1a: Umbreon|394\/394|[from] move: Wish|[wisher] Umbreon
|
|switch|p2a: Toxicroak|Toxicroak, M|307\/307
|-damage|p2a: Toxicroak|256\/307|[from] Spikes
|-damage|p2a: Toxicroak|237\/307|[from] Stealth Rock
|turn|16
|c|âULT King UU|lep
|c|âULT King UU|How've you been?
|c|+The leprechaun|i've been great buddy
|
|switch|p1a: Swampert|Swampert, M|404\/404
|-damage|p1a: Swampert|379\/404|[from] Stealth Rock
|move|p2a: Toxicroak|Drain Punch|p1a: Swampert
|-damage|p1a: Swampert|241\/404
|-heal|p2a: Toxicroak|306\/307|[from] drain|[of] p1a: Swampert
|-damage|p2a: Toxicroak|276\/307|[from] item: Life Orb
|
|-weather|RainDance|[upkeep]
|-heal|p2a: Toxicroak|307\/307|[from] ability: Dry Skin
|-heal|p1a: Swampert|266\/404|[from] item: Leftovers
|turn|17
|c|âULT King UU|How's RU?
|c|+The leprechaun|how've you been
|c|âULT King UU|gouda, like the cheese
|c|+The leprechaun|ru's kinda dumb right now
|c|âULT King UU|just got mods c:
|c|+The leprechaun|yeah i heard mang
|
|switch|p2a: Tornadus|Tornadus, M|225\/299
|-damage|p2a: Tornadus|151\/299|[from] Stealth Rock
|move|p1a: Swampert|Earthquake|p2a: Tornadus
|-immune|p2a: Tornadus|[msg]
|
|-weather|RainDance|[upkeep]
|-heal|p1a: Swampert|291\/404|[from] item: Leftovers
|turn|18
|c|+The leprechaun|gouda is not a good cheese imo
|c|âULT King UU|no, but it's fun to say
|c|+The leprechaun|grats on mods tho
|
|move|p2a: Tornadus|Hurricane|p1a: Swampert
|-damage|p1a: Swampert|80\/404
|-start|p1a: Swampert|confusion
|-activate|p1a: Swampert|confusion
|-damage|p1a: Swampert|51\/404|[from] confusion
|
|-weather|none
|-heal|p1a: Swampert|76\/404|[from] item: Leftovers
|turn|19
|join|so long lonesome
|c|âULT King UU|haha thanks bud
|
|move|p2a: Tornadus|Rain Dance|p2a: Tornadus
|-weather|RainDance
|-activate|p1a: Swampert|confusion
|move|p1a: Swampert|Roar|p2a: Tornadus
|drag|p2a: Kingdra|Kingdra, M|126\/291
|-damage|p2a: Kingdra|90\/291|[from] Stealth Rock
|-damage|p2a: Kingdra|42\/291|[from] Spikes
|
|-weather|RainDance|[upkeep]
|-heal|p1a: Swampert|101\/404|[from] item: Leftovers
|turn|20
|
|move|p2a: Kingdra|Hydro Pump|p1a: Swampert
|-damage|p1a: Swampert|0 fnt
|faint|p1a: Swampert
|
|-weather|RainDance|[upkeep]
|
|switch|p1a: Infernape|Infernape, M|293\/293
|-damage|p1a: Infernape|257\/293|[from] Stealth Rock
|turn|21
|
|move|p1a: Infernape|Mach Punch|p2a: Kingdra
|-damage|p2a: Kingdra|0 fnt
|faint|p2a: Kingdra
|
|-weather|RainDance|[upkeep]
|
|switch|p2a: Tornadus|Tornadus, M|151\/299
|-damage|p2a: Tornadus|77\/299|[from] Stealth Rock
|turn|22
|join|0rbital
|
|move|p1a: Infernape|Mach Punch|p2a: Tornadus
|-crit|p2a: Tornadus
|-resisted|p2a: Tornadus
|-damage|p2a: Tornadus|0 fnt
|faint|p2a: Tornadus
|
|-weather|RainDance|[upkeep]
|c|âULT King UU|o
|c|âULT King UU|uh oh
|leave|0rbital
|
|switch|p2a: Toxicroak|Toxicroak, M|307\/307
|-damage|p2a: Toxicroak|288\/307|[from] Stealth Rock
|-damage|p2a: Toxicroak|237\/307|[from] Spikes
|turn|23
|
|move|p1a: Infernape|Mach Punch|p2a: Toxicroak
|-resisted|p2a: Toxicroak
|-damage|p2a: Toxicroak|159\/307
|move|p2a: Toxicroak|Swords Dance|p2a: Toxicroak
|-boost|p2a: Toxicroak|atk|2
|
|-weather|RainDance|[upkeep]
|-heal|p2a: Toxicroak|197\/307|[from] ability: Dry Skin
|turn|24
|c|âULT King UU|Not
|c|âULT King UU|Good
|c|âULT King UU|I needed that thing to kill ape lol
|
|move|p1a: Infernape|Mach Punch|p2a: Toxicroak
|-resisted|p2a: Toxicroak
|-damage|p2a: Toxicroak|123\/307
|move|p2a: Toxicroak|Swords Dance|p2a: Toxicroak
|-boost|p2a: Toxicroak|atk|2
|
|-weather|RainDance|[upkeep]
|-heal|p2a: Toxicroak|161\/307|[from] ability: Dry Skin
|turn|25
|join|ULT Bob
|c| Shit User|yes mach punch is so good
|c| Shit User|keep mach punching
|c|âULT King UU|It was over
|join|Thisbemyalt
|c|âULT King UU|the second I killed it
|c| Shit User|killed what
|
|move|p1a: Infernape|Mach Punch|p2a: Toxicroak
|-resisted|p2a: Toxicroak
|-damage|p2a: Toxicroak|88\/307
|move|p2a: Toxicroak|Drain Punch|p1a: Infernape
|-damage|p1a: Infernape|0 fnt
|-heal|p2a: Toxicroak|217\/307|[from] drain|[of] p1a: Infernape
|-damage|p2a: Toxicroak|187\/307|[from] item: Life Orb
|faint|p1a: Infernape
|
|-weather|RainDance|[upkeep]
|-heal|p2a: Toxicroak|225\/307|[from] ability: Dry Skin
|c|âULT King UU|tornadus
|join|ult celsius
|
|switch|p1a: Crobat|Crobat, F|331\/331
|-damage|p1a: Crobat|249\/331|[from] Stealth Rock
|turn|26
|c| Shit User|no it wasnt
|c|âULT King UU|then you're wrong.
|c|âULT King UU|and I have nothing to say to wrong people.
|c| Shit User|wait youre not bulky bat
|c| Shit User|can you takr a plus 2 sucker
|c|âULT King UU|no
|c| YoungLegend|u mean plus 4
|c| Shit User|what spread r u
|c|âULT King UU|...
|
|move|p2a: Toxicroak|Sucker Punch|p1a: Crobat
|-damage|p1a: Crobat|0 fnt
|-damage|p2a: Toxicroak|195\/307|[from] item: Life Orb
|faint|p1a: Crobat
|
|-weather|none
|c| Shit User|no plus 2
|c|âULT King UU|this is my volt-turn team
|c|âULT King UU|= scarfbat
|c| Shit User|yeah ik
|c| Shit User|how much bulk
|
|switch|p1a: Ampharos|Ampharos-Mega, F|317\/374
|-damage|p1a: Ampharos|271\/374|[from] Stealth Rock
|-ability|p1a: Ampharos|Mold Breaker
|turn|27
|c|âULT King UU|80
|c| Shit User|is it max max
|leave|Thisbemyalt
|
|move|p2a: Toxicroak|Drain Punch|p1a: Ampharos
|-damage|p1a: Ampharos|0 fnt
|-heal|p2a: Toxicroak|307\/307|[from] drain|[of] p1a: Ampharos
|-damage|p2a: Toxicroak|277\/307|[from] item: Life Orb
|faint|p1a: Ampharos
|
|c|âULT King UU|gg
|c|âPheonixmaster|gg
|join|ULT BiG BiRD
|-message|ULT King UU forfeited.
|leave|ULT King UU
|
|win|Pheonixmaster
|raw|Ladder updating...
|player|p1
|raw|ULT King UU's rating: 1531 &rarr; <strong>1509<\/strong><br \/>(-22 for losing)
|raw|Pheonixmaster's rating: 1486 &rarr; <strong>1508<\/strong><br \/>(+22 for winning)
|leave|ULT BiG BiRD
|join|0rbital
|leave|ULT Bob
|join|ULT BiG BiRD
|leave|ult celsius
|leave|0rbital
|leave|YoungLegend
|leave|ULT BiG BiRD
|leave|Shit User