|join|Pheonixmaster
|join|LASHLEY 93
|player|p1|Pheonixmaster|167
|player|p2|LASHLEY 93|102
|gametype|singles
|gen|6
|tier|UU
|rated
|rule|Sleep Clause Mod: Limit one foe put to sleep
|rule|Species Clause: Limit one of each PokÃ©mon
|rule|OHKO Clause: OHKO moves are banned
|rule|Moody Clause: Moody is banned
|rule|Evasion Moves Clause: Evasion moves are banned
|rule|Endless Battle Clause: Forcing endless battles is banned
|rule|HP Percentage Mod: HP is shown in percentages
|clearpoke
|poke|p1|Pidgeot, M
|poke|p1|Dugtrio, F
|poke|p1|Whimsicott, F
|poke|p1|Jirachi
|poke|p1|Crobat, F
|poke|p1|Infernape, M
|poke|p2|Medicham, M
|poke|p2|Suicune, shiny
|poke|p2|Krookodile, F
|poke|p2|Jirachi, shiny
|poke|p2|Crobat, M
|poke|p2|Chandelure, F
|rule|Swagger Clause: Swagger is banned
|rule|Baton Pass Clause: Limit one PokÃ©mon knowing Baton Pass
|teampreview
|
|start
|switch|p1a: Whimsicott|Whimsicott, F|322\/322
|switch|p2a: Jirachi|Jirachi, shiny|380\/380
|turn|1
|
|switch|p2a: XTREME TIGER|Crobat, M|343\/343
|move|p1a: Whimsicott|U-turn|p2a: XTREME TIGER
|-resisted|p2a: XTREME TIGER
|-damage|p2a: XTREME TIGER|333\/343
|
|switch|p1a: Jirachi|Jirachi|371\/371
|
|-heal|p2a: XTREME TIGER|343\/343|[from] item: Black Sludge
|turn|2
|
|switch|p2a: NWO BABY|Krookodile, F|331\/331
|-ability|p2a: NWO BABY|Intimidate|[of] p1a: Jirachi
|-unboost|p1a: Jirachi|atk|1
|move|p1a: Jirachi|U-turn|p2a: NWO BABY
|-crit|p2a: NWO BABY
|-supereffective|p2a: NWO BABY
|-damage|p2a: NWO BABY|75\/331
|
|switch|p1a: Pidgeot|Pidgeot, M|307\/307
|
|turn|3
|
|detailschange|p1a: Pidgeot|Pidgeot-Mega, M
|-mega|p1a: Pidgeot|Pidgeot|Pidgeotite
|move|p1a: Pidgeot|U-turn|p2a: NWO BABY
|-supereffective|p2a: NWO BABY
|-damage|p2a: NWO BABY|0 fnt
|faint|p2a: NWO BABY
|
|switch|p1a: Rem|Crobat, F|373\/373
|
|
|switch|p2a: Jirachi|Jirachi, shiny|380\/380
|turn|4
|
|move|p1a: Rem|U-turn|p2a: Jirachi
|-damage|p2a: Jirachi|334\/380
|
|switch|p1a: Dugtrio|Dugtrio, F|211\/211
|move|p2a: Jirachi|Substitute|p2a: Jirachi
|-start|p2a: Jirachi|Substitute
|-damage|p2a: Jirachi|239\/380
|
|-heal|p2a: Jirachi|262\/380|[from] item: Leftovers
|turn|5
|
|move|p1a: Dugtrio|Earthquake|p2a: Jirachi
|-supereffective|p2a: Jirachi
|-end|p2a: Jirachi|Substitute
|move|p2a: Jirachi|Psyshock|p1a: Dugtrio
|-damage|p1a: Dugtrio|55\/211
|
|-heal|p2a: Jirachi|285\/380|[from] item: Leftovers
|turn|6
|c|âPheonixmaster|nah buddy
|
|move|p1a: Dugtrio|Earthquake|p2a: Jirachi
|-supereffective|p2a: Jirachi
|-damage|p2a: Jirachi|0 fnt
|faint|p2a: Jirachi
|
|
|switch|p2a: XTREME TIGER|Crobat, M|343\/343
|turn|7
|
|move|p2a: XTREME TIGER|Brave Bird|p1a: Dugtrio
|-damage|p1a: Dugtrio|0 fnt
|-damage|p2a: XTREME TIGER|325\/343|[from] recoil|[of] p1a: Dugtrio
|faint|p1a: Dugtrio
|
|-heal|p2a: XTREME TIGER|343\/343|[from] item: Black Sludge
|
|switch|p1a: Jirachi|Jirachi|371\/371
|turn|8
|
|move|p2a: XTREME TIGER|Taunt|p1a: Jirachi
|-start|p1a: Jirachi|move: Taunt
|move|p1a: Jirachi|U-turn|p2a: XTREME TIGER
|-crit|p2a: XTREME TIGER
|-resisted|p2a: XTREME TIGER
|-damage|p2a: XTREME TIGER|313\/343
|
|switch|p1a: Pidgeot|Pidgeot-Mega, M|307\/307
|
|-heal|p2a: XTREME TIGER|334\/343|[from] item: Black Sludge
|turn|9
|
|move|p2a: XTREME TIGER|Brave Bird|p1a: Pidgeot
|-crit|p1a: Pidgeot
|-damage|p1a: Pidgeot|9\/307
|-damage|p2a: XTREME TIGER|236\/343|[from] recoil|[of] p1a: Pidgeot
|move|p1a: Pidgeot|Hurricane|p2a: XTREME TIGER
|-damage|p2a: XTREME TIGER|0 fnt
|faint|p2a: XTREME TIGER
|
|
|switch|p2a: TOSCANINI|Chandelure, F|261\/261
|turn|10
|
|switch|p1a: Infernape|Infernape, M|293\/293
|switch|p2a: REY|Suicune, shiny|373\/373
|-ability|p2a: REY|Pressure
|
|turn|11
|
|move|p1a: Infernape|Nasty Plot|p1a: Infernape
|-boost|p1a: Infernape|spa|2
|move|p2a: REY|Scald|p1a: Infernape
|-supereffective|p1a: Infernape
|-damage|p1a: Infernape|0 fnt
|faint|p1a: Infernape
|
|
|switch|p1a: Whimsicott|Whimsicott, F|322\/322
|turn|12
|
|move|p1a: Whimsicott|Giga Drain|p2a: REY
|-crit|p2a: REY
|-supereffective|p2a: REY
|-damage|p2a: REY|187\/373
|move|p2a: REY|Substitute|p2a: REY
|-start|p2a: REY|Substitute
|-damage|p2a: REY|94\/373
|
|-heal|p2a: REY|117\/373|[from] item: Leftovers
|turn|13
|
|move|p1a: Whimsicott|Giga Drain|p2a: REY
|-supereffective|p2a: REY
|-end|p2a: REY|Substitute
|move|p2a: REY|Calm Mind|p2a: REY
|-boost|p2a: REY|spa|1
|-boost|p2a: REY|spd|1
|
|-heal|p2a: REY|140\/373|[from] item: Leftovers
|turn|14
|
|switch|p2a: TOSCANINI|Chandelure, F|261\/261
|move|p1a: Whimsicott|Giga Drain|p2a: TOSCANINI
|-resisted|p2a: TOSCANINI
|-damage|p2a: TOSCANINI|220\/261
|
|turn|15
|
|move|p1a: Whimsicott|Stun Spore|p2a: TOSCANINI
|-status|p2a: TOSCANINI|par
|move|p2a: TOSCANINI|Fire Blast|p1a: Whimsicott
|-supereffective|p1a: Whimsicott
|-damage|p1a: Whimsicott|0 fnt
|faint|p1a: Whimsicott
|
|
|switch|p1a: Pidgeot|Pidgeot-Mega, M|9\/307
|turn|16
|
|move|p1a: Pidgeot|Hurricane|p2a: TOSCANINI
|-damage|p2a: TOSCANINI|12\/261 par
|cant|p2a: TOSCANINI|par
|
|turn|17
|c|âLASHLEY 93|PPPPPPPPPPFFFF
|
|move|p1a: Pidgeot|Hurricane|p2a: TOSCANINI
|-damage|p2a: TOSCANINI|0 fnt
|faint|p2a: TOSCANINI
|
|
|switch|p2a: REY|Suicune, shiny|140\/373
|-ability|p2a: REY|Pressure
|turn|18
|
|move|p1a: Pidgeot|Hurricane|p2a: REY
|-crit|p2a: REY
|-damage|p2a: REY|0 fnt
|faint|p2a: REY
|
|
|switch|p2a: Medicham|Medicham, M|261\/261
|turn|19
|
|detailschange|p2a: Medicham|Medicham-Mega, M
|-mega|p2a: Medicham|Medicham|Medichamite
|move|p1a: Pidgeot|Hurricane|p2a: Medicham
|-supereffective|p2a: Medicham
|-damage|p2a: Medicham|0 fnt
|faint|p2a: Medicham
|
|win|Pheonixmaster
|raw|Ladder updating...
|raw|Pheonixmaster's rating: 1508 &rarr; <strong>1521<\/strong><br \/>(+13 for winning)
|raw|LASHLEY 93's rating: 1379 &rarr; <strong>1366<\/strong><br \/>(-13 for losing)