|join|Pheonixmaster
|join|Blackhan
|player|p1|Pheonixmaster|168
|player|p2|Blackhan|154
|gametype|singles
|gen|6
|tier|UU
|rated
|rule|Sleep Clause Mod: Limit one foe put to sleep
|rule|Species Clause: Limit one of each PokÃ©mon
|rule|OHKO Clause: OHKO moves are banned
|rule|Moody Clause: Moody is banned
|rule|Evasion Moves Clause: Evasion moves are banned
|rule|Endless Battle Clause: Forcing endless battles is banned
|rule|HP Percentage Mod: HP is shown in percentages
|clearpoke
|poke|p1|Diancie
|poke|p1|Jirachi, shiny
|poke|p1|Hydreigon, M
|poke|p1|Krookodile, M
|poke|p1|Chesnaught, M
|poke|p1|Nidoqueen, F
|poke|p2|Abomasnow, M, shiny
|poke|p2|Machamp, F, shiny
|poke|p2|Dusclops, F, shiny
|poke|p2|Pangoro, F, shiny
|poke|p2|Alakazam, M, shiny
|poke|p2|Solrock
|rule|Swagger Clause: Swagger is banned
|rule|Baton Pass Clause: Limit one PokÃ©mon knowing Baton Pass
|teampreview
|
|start
|switch|p1a: Suzaku|Krookodile, M|331\/331
|switch|p2a: Time|Alakazam, M, shiny|252\/252
|-ability|p1a: Suzaku|Intimidate|[of] p2a: Time
|-unboost|p2a: Time|atk|1
|turn|1
|
|move|p2a: Time|Dazzling Gleam|p1a: Suzaku
|-supereffective|p1a: Suzaku
|-damage|p1a: Suzaku|35\/331
|move|p1a: Suzaku|Pursuit|p2a: Time
|-supereffective|p2a: Time
|-enditem|p2a: Time|Focus Sash
|-damage|p2a: Time|1\/252
|
|turn|2
|
|switch|p1a: Rollo|Jirachi, shiny|341\/341
|move|p2a: Time|Dazzling Gleam|p1a: Rollo
|-resisted|p1a: Rollo
|-damage|p1a: Rollo|292\/341
|
|turn|3
|
|move|p1a: Rollo|U-turn|p2a: Time
|-supereffective|p2a: Time
|-damage|p2a: Time|0 fnt
|faint|p2a: Time
|
|switch|p1a: Takada Kiyomi|Nidoqueen, F|327\/327
|
|
|switch|p2a: StoneSun|Solrock|343\/343
|turn|4
|
|switch|p1a: Rollo|Jirachi, shiny|292\/341
|move|p2a: StoneSun|Trick Room|p2a: StoneSun
|-fieldstart|move: Trick Room|[of] p2a: StoneSun
|
|turn|5
|
|switch|p2a: Mother|Pangoro, F, shiny|393\/393
|move|p1a: Rollo|Iron Head|p2a: Mother
|-damage|p2a: Mother|237\/393
|
|turn|6
|
|switch|p1a: Suzaku|Krookodile, M|35\/331
|-ability|p1a: Suzaku|Intimidate|[of] p2a: Mother
|-unboost|p2a: Mother|atk|1
|move|p2a: Mother|Knock Off|p1a: Suzaku
|-resisted|p1a: Suzaku
|-damage|p1a: Suzaku|0 fnt
|-enditem|p1a: Suzaku|Choice Band|[from] move: Knock Off|[of] p2a: Mother
|-damage|p2a: Mother|198\/393|[from] item: Life Orb
|faint|p1a: Suzaku
|
|
|switch|p1a: Jeremiah|Chesnaught, M|379\/379
|turn|7
|
|move|p1a: Jeremiah|Spiky Shield|p1a: Jeremiah
|-singleturn|p1a: Jeremiah|move: Protect
|move|p2a: Mother|Parting Shot|p1a: Jeremiah
|-activate|p1a: Jeremiah|move: Protect
|
|turn|8
|
|move|p2a: Mother|Parting Shot|p1a: Jeremiah
|-unboost|p1a: Jeremiah|atk|1
|-unboost|p1a: Jeremiah|spa|1
|
|switch|p2a: Artifact|Abomasnow, M, shiny|321\/321
|-weather|Hail
|move|p1a: Jeremiah|Leech Seed|p2a: Artifact
|-immune|p2a: Artifact|[msg]
|
|-weather|Hail|[upkeep]
|-damage|p1a: Jeremiah|356\/379|[from] hail
|-heal|p1a: Jeremiah|379\/379|[from] item: Leftovers
|-fieldend|move: Trick Room
|turn|9
|
|switch|p1a: Rollo|Jirachi, shiny|292\/341
|detailschange|p2a: Artifact|Abomasnow-Mega, M, shiny
|-mega|p2a: Artifact|Abomasnow|Abomasite
|move|p2a: Artifact|Earthquake|p1a: Rollo
|-supereffective|p1a: Rollo
|-damage|p1a: Rollo|46\/341
|
|-weather|Hail|[upkeep]
|-damage|p1a: Rollo|25\/341|[from] hail
|turn|10
|
|move|p2a: Artifact|Ice Shard|p1a: Rollo
|-resisted|p1a: Rollo
|-damage|p1a: Rollo|0 fnt
|faint|p1a: Rollo
|
|-weather|Hail|[upkeep]
|
|switch|p1a: Euphemia|Diancie|241\/241
|turn|11
|
|switch|p2a: Mother|Pangoro, F, shiny|198\/393
|detailschange|p1a: Euphemia|Diancie-Mega
|-mega|p1a: Euphemia|Diancie|Diancite
|move|p1a: Euphemia|Diamond Storm|p2a: Mother
|-crit|p2a: Mother
|-resisted|p2a: Mother
|-damage|p2a: Mother|33\/393
|
|-weather|Hail|[upkeep]
|-damage|p1a: Euphemia|226\/241|[from] hail
|-damage|p2a: Mother|9\/393|[from] hail
|turn|12
|
|move|p1a: Euphemia|Moonblast|p2a: Mother
|-supereffective|p2a: Mother
|-damage|p2a: Mother|0 fnt
|faint|p2a: Mother
|
|-weather|none
|
|switch|p2a: StoneSun|Solrock|343\/343
|turn|13
|
|move|p1a: Euphemia|Moonblast|p2a: StoneSun
|-damage|p2a: StoneSun|57\/343
|move|p2a: StoneSun|Trick Room|p2a: StoneSun
|-fieldstart|move: Trick Room|[of] p2a: StoneSun
|
|turn|14
|
|move|p2a: StoneSun|Explosion|p1a: Euphemia
|-resisted|p1a: Euphemia
|-damage|p1a: Euphemia|103\/241
|faint|p2a: StoneSun
|move|p1a: Euphemia|Moonblast|p2: StoneSun|[notarget]
|-notarget
|
|
|switch|p2a: Artifact|Abomasnow-Mega, M, shiny|321\/321
|-weather|Hail
|turn|15
|
|switch|p1a: Jeremiah|Chesnaught, M|379\/379
|move|p2a: Artifact|Wood Hammer|p1a: Jeremiah
|-resisted|p1a: Jeremiah
|-damage|p1a: Jeremiah|311\/379
|-damage|p2a: Artifact|299\/321|[from] recoil|[of] p1a: Jeremiah
|
|-weather|Hail|[upkeep]
|-damage|p1a: Jeremiah|288\/379|[from] hail
|-heal|p1a: Jeremiah|311\/379|[from] item: Leftovers
|turn|16
|
|move|p1a: Jeremiah|Spiky Shield|p1a: Jeremiah
|-singleturn|p1a: Jeremiah|move: Protect
|move|p2a: Artifact|Blizzard|p1a: Jeremiah
|-activate|p1a: Jeremiah|move: Protect
|
|-weather|Hail|[upkeep]
|-damage|p1a: Jeremiah|288\/379|[from] hail
|-heal|p1a: Jeremiah|311\/379|[from] item: Leftovers
|turn|17
|
|move|p1a: Jeremiah|Spiky Shield|p1a: Jeremiah
|-fail|p1a: Jeremiah
|move|p2a: Artifact|Blizzard|p1a: Jeremiah
|-supereffective|p1a: Jeremiah
|-damage|p1a: Jeremiah|0 fnt
|faint|p1a: Jeremiah
|
|-weather|Hail|[upkeep]
|-fieldend|move: Trick Room
|
|switch|p1a: Takada Kiyomi|Nidoqueen, F|327\/327
|turn|18
|
|switch|p2a: World|Dusclops, F, shiny|222\/222
|-item|p1a: Takada Kiyomi|Life Orb|[from] ability: Frisk|[of] p2a: World|[identify]
|move|p1a: Takada Kiyomi|Sludge Wave|p2a: World
|-resisted|p2a: World
|-damage|p2a: World|180\/222
|
|-weather|Hail|[upkeep]
|-damage|p1a: Takada Kiyomi|307\/327|[from] hail
|-damage|p2a: World|167\/222|[from] hail
|turn|19
|
|move|p1a: Takada Kiyomi|Stealth Rock|p2a: World
|-sidestart|p2: Blackhan|move: Stealth Rock
|move|p2a: World|Trick Room|p2a: World
|-fieldstart|move: Trick Room|[of] p2a: World
|
|-weather|none
|turn|20
|
|move|p2a: World|Night Shade|p1a: Takada Kiyomi
|-damage|p1a: Takada Kiyomi|207\/327
|move|p1a: Takada Kiyomi|Sludge Wave|p2a: World
|-resisted|p2a: World
|-damage|p2a: World|124\/222
|
|turn|21
|
|switch|p1a: Euphemia|Diancie-Mega|103\/241
|move|p2a: World|Pain Split|p1a: Euphemia
|-sethp|p1a: Euphemia|113\/241|p2a: World|113\/222|[from] move: Pain Split
|
|turn|22
|
|move|p2a: World|Night Shade|p1a: Euphemia
|-damage|p1a: Euphemia|13\/241
|move|p1a: Euphemia|Diamond Storm|p2a: World
|-damage|p2a: World|23\/222
|
|turn|23
|
|move|p2a: World|Night Shade|p1a: Euphemia
|-damage|p1a: Euphemia|0 fnt
|faint|p1a: Euphemia
|
|-fieldend|move: Trick Room
|
|switch|p1a: Ryuk|Hydreigon, M|325\/325
|turn|24
|
|move|p1a: Ryuk|Dark Pulse|p2a: World
|-supereffective|p2a: World
|-damage|p2a: World|0 fnt
|-damage|p1a: Ryuk|293\/325|[from] item: Life Orb
|faint|p2a: World
|
|
|switch|p2a: Artifact|Abomasnow-Mega, M, shiny|299\/321
|-damage|p2a: Artifact|219\/321|[from] Stealth Rock
|-weather|Hail
|turn|25
|
|move|p1a: Ryuk|Fire Blast|p2a: Artifact
|-crit|p2a: Artifact
|-supereffective|p2a: Artifact
|-damage|p2a: Artifact|0 fnt
|-damage|p1a: Ryuk|261\/325|[from] item: Life Orb
|faint|p2a: Artifact
|
|-weather|Hail|[upkeep]
|-damage|p1a: Ryuk|241\/325|[from] hail
|
|switch|p2a: llness|Machamp, F, shiny|383\/383
|-damage|p2a: llness|360\/383|[from] Stealth Rock
|turn|26
|
|move|p1a: Ryuk|Draco Meteor|p2a: llness
|-crit|p2a: llness
|-damage|p2a: llness|0 fnt
|-unboost|p1a: Ryuk|spa|2
|-damage|p1a: Ryuk|209\/325|[from] item: Life Orb
|faint|p2a: llness
|
|win|Pheonixmaster
|raw|Ladder updating...
|c|âPheonixmaster|You played really well,props to you for using such underated pokemon in uu.
|raw|Pheonixmaster's rating: 1543 &rarr; <strong>1552<\/strong><br \/>(+9 for winning)
|raw|Blackhan's rating: 1321 &rarr; <strong>1312<\/strong><br \/>(-9 for losing)