|join|Pheonixmaster
|join|venomlord69
|player|p1|Pheonixmaster|168
|player|p2|venomlord69|97
|gametype|singles
|gen|6
|tier|UU
|rated
|rule|Sleep Clause Mod: Limit one foe put to sleep
|rule|Species Clause: Limit one of each PokÃ©mon
|rule|OHKO Clause: OHKO moves are banned
|rule|Moody Clause: Moody is banned
|rule|Evasion Moves Clause: Evasion moves are banned
|rule|Endless Battle Clause: Forcing endless battles is banned
|rule|HP Percentage Mod: HP is shown in percentages
|clearpoke
|poke|p1|Diancie
|poke|p1|Jirachi, shiny
|poke|p1|Hydreigon, M
|poke|p1|Krookodile, M
|poke|p1|Chesnaught, M
|poke|p1|Nidoqueen, F
|poke|p2|Mienshao, F
|poke|p2|Slowking, F
|poke|p2|Amoonguss, M
|poke|p2|Machamp, F
|poke|p2|Arcanine, M
|poke|p2|Crobat, M
|rule|Swagger Clause: Swagger is banned
|rule|Baton Pass Clause: Limit one PokÃ©mon knowing Baton Pass
|teampreview
|
|start
|switch|p1a: Takada Kiyomi|Nidoqueen, F|327\/327
|switch|p2a: Machamp|Machamp, F|384\/384
|turn|1
|
|move|p1a: Takada Kiyomi|Sludge Wave|p2a: Machamp
|-damage|p2a: Machamp|150\/384
|move|p2a: Machamp|Dynamic Punch|p1a: Takada Kiyomi
|-crit|p1a: Takada Kiyomi
|-resisted|p1a: Takada Kiyomi
|-damage|p1a: Takada Kiyomi|175\/327
|-start|p1a: Takada Kiyomi|confusion
|
|-heal|p2a: Machamp|174\/384|[from] item: Leftovers
|turn|2
|
|-activate|p1a: Takada Kiyomi|confusion
|move|p1a: Takada Kiyomi|Sludge Wave|p2a: Machamp
|-damage|p2a: Machamp|0 fnt
|faint|p2a: Machamp
|
|
|switch|p2a: Slowking|Slowking, F|394\/394
|turn|3
|
|switch|p1a: Ryuk|Hydreigon, M|325\/325
|move|p2a: Slowking|Scald|p1a: Ryuk
|-resisted|p1a: Ryuk
|-damage|p1a: Ryuk|271\/325
|
|turn|4
|
|move|p1a: Ryuk|Dark Pulse|p2a: Slowking
|-supereffective|p2a: Slowking
|-damage|p2a: Slowking|160\/394
|-damage|p1a: Ryuk|239\/325|[from] item: Life Orb
|move|p2a: Slowking|Ice Beam|p1a: Ryuk
|-supereffective|p1a: Ryuk
|-damage|p1a: Ryuk|71\/325
|
|-heal|p2a: Slowking|184\/394|[from] item: Leftovers
|turn|5
|
|switch|p2a: Amoonguss|Amoonguss, M|432\/432
|move|p1a: Ryuk|Dark Pulse|p2a: Amoonguss
|-damage|p2a: Amoonguss|247\/432
|-damage|p1a: Ryuk|39\/325|[from] item: Life Orb
|
|-heal|p2a: Amoonguss|274\/432|[from] item: Black Sludge
|turn|6
|
|switch|p2a: Slowking|Slowking, F|315\/394
|move|p1a: Ryuk|Draco Meteor|p2a: Slowking
|-damage|p2a: Slowking|104\/394
|-unboost|p1a: Ryuk|spa|2
|-damage|p1a: Ryuk|7\/325|[from] item: Life Orb
|
|-heal|p2a: Slowking|128\/394|[from] item: Leftovers
|turn|7
|
|switch|p2a: Amoonguss|Amoonguss, M|418\/432
|move|p1a: Ryuk|Roost|p1a: Ryuk
|-heal|p1a: Ryuk|170\/325
|
|-heal|p2a: Amoonguss|432\/432|[from] item: Black Sludge
|turn|8
|
|switch|p1a: Jeremiah|Chesnaught, M|379\/379
|move|p2a: Amoonguss|Toxic|p1a: Jeremiah
|-status|p1a: Jeremiah|tox
|
|-damage|p1a: Jeremiah|356\/379 tox|[from] psn
|turn|9
|
|move|p1a: Jeremiah|Spikes|p2a: Amoonguss
|-sidestart|p2: venomlord69|Spikes
|move|p2a: Amoonguss|Hidden Power|p1a: Jeremiah
|-crit|p1a: Jeremiah
|-supereffective|p1a: Jeremiah
|-damage|p1a: Jeremiah|208\/379 tox
|
|-heal|p1a: Jeremiah|231\/379 tox|[from] item: Leftovers
|-damage|p1a: Jeremiah|185\/379 tox|[from] psn
|turn|10
|
|switch|p1a: Takada Kiyomi|Nidoqueen, F|175\/327
|switch|p2a: Crobat|Crobat, M|374\/374
|
|turn|11
|
|switch|p1a: Euphemia|Diancie|241\/241
|move|p2a: Crobat|Defog|p1a: Euphemia
|-fail|p1a: Euphemia|unboost|[from] ability: Clear Body|[of] p1a: Euphemia
|-sideend|p2: venomlord69|Spikes|[from] move: Defog|[of] p2a: Crobat
|
|turn|12
|
|detailschange|p1a: Euphemia|Diancie-Mega
|-mega|p1a: Euphemia|Diancie|Diancite
|move|p2a: Crobat|Super Fang|p1a: Euphemia
|-damage|p1a: Euphemia|121\/241
|move|p1a: Euphemia|Diamond Storm|p2a: Crobat
|-supereffective|p2a: Crobat
|-damage|p2a: Crobat|36\/374
|
|-heal|p2a: Crobat|59\/374|[from] item: Black Sludge
|turn|13
|
|switch|p2a: Arcanine|Arcanine, M|384\/384
|-ability|p2a: Arcanine|Intimidate|[of] p1a: Euphemia
|-unboost|p1a: Euphemia|atk|1
|move|p1a: Euphemia|Diamond Storm|p2a: Arcanine
|-supereffective|p2a: Arcanine
|-damage|p2a: Arcanine|156\/384
|-boost|p1a: Euphemia|def|1
|
|-heal|p2a: Arcanine|180\/384|[from] item: Leftovers
|turn|14
|
|move|p1a: Euphemia|Earth Power|p2a: Arcanine
|-supereffective|p2a: Arcanine
|-damage|p2a: Arcanine|0 fnt
|faint|p2a: Arcanine
|
|
|switch|p2a: Slowking|Slowking, F|259\/394
|turn|15
|
|switch|p1a: Ryuk|Hydreigon, M|170\/325
|move|p2a: Slowking|Scald|p1a: Ryuk
|-resisted|p1a: Ryuk
|-damage|p1a: Ryuk|108\/325
|
|-heal|p2a: Slowking|283\/394|[from] item: Leftovers
|turn|16
|
|move|p1a: Ryuk|Dark Pulse|p2a: Slowking
|-supereffective|p2a: Slowking
|-damage|p2a: Slowking|15\/394
|-damage|p1a: Ryuk|76\/325|[from] item: Life Orb
|move|p2a: Slowking|Ice Beam|p1a: Ryuk
|-supereffective|p1a: Ryuk
|-damage|p1a: Ryuk|0 fnt
|faint|p1a: Ryuk
|
|-heal|p2a: Slowking|39\/394|[from] item: Leftovers
|
|switch|p1a: Suzaku|Krookodile, M|331\/331
|-ability|p1a: Suzaku|Intimidate|[of] p2a: Slowking
|-unboost|p2a: Slowking|atk|1
|turn|17
|
|move|p1a: Suzaku|Pursuit|p2a: Slowking|[from]Pursuit
|-crit|p2a: Slowking
|-supereffective|p2a: Slowking
|-damage|p2a: Slowking|0 fnt
|faint|p2a: Slowking
|
|
|switch|p2a: Mienshao|Mienshao, F|271\/271
|turn|18
|
|switch|p1a: Jeremiah|Chesnaught, M|185\/379 tox
|move|p2a: Mienshao|High Jump Kick|p1a: Jeremiah
|-damage|p1a: Jeremiah|0 fnt
|faint|p1a: Jeremiah
|
|
|switch|p1a: Takada Kiyomi|Nidoqueen, F|175\/327
|turn|19
|
|move|p2a: Mienshao|High Jump Kick|p1a: Takada Kiyomi
|-resisted|p1a: Takada Kiyomi
|-damage|p1a: Takada Kiyomi|0 fnt
|faint|p1a: Takada Kiyomi
|
|
|switch|p1a: Rollo|Jirachi, shiny|341\/341
|turn|20
|
|move|p1a: Rollo|Iron Head|p2a: Mienshao
|-damage|p2a: Mienshao|84\/271
|move|p2a: Mienshao|High Jump Kick|p1a: Rollo
|-damage|p1a: Rollo|0 fnt
|faint|p1a: Rollo
|
|
|switch|p1a: Suzaku|Krookodile, M|331\/331
|-ability|p1a: Suzaku|Intimidate|[of] p2a: Mienshao
|-unboost|p2a: Mienshao|atk|1
|turn|21
|
|move|p1a: Suzaku|Knock Off|p2a: Mienshao
|-resisted|p2a: Mienshao
|-damage|p2a: Mienshao|0 fnt
|-enditem|p2a: Mienshao|Choice Band|[from] move: Knock Off|[of] p1a: Suzaku
|faint|p2a: Mienshao
|
|
|switch|p2a: Amoonguss|Amoonguss, M|432\/432
|turn|22
|
|move|p1a: Suzaku|Knock Off|p2a: Amoonguss
|-damage|p2a: Amoonguss|180\/432
|-enditem|p2a: Amoonguss|Black Sludge|[from] move: Knock Off|[of] p1a: Suzaku
|move|p2a: Amoonguss|Spore|p1a: Suzaku
|-status|p1a: Suzaku|slp
|
|turn|23
|
|cant|p1a: Suzaku|slp
|move|p2a: Amoonguss|Seed Bomb|p1a: Suzaku
|-supereffective|p1a: Suzaku
|-damage|p1a: Suzaku|149\/331 slp
|
|turn|24
|
|cant|p1a: Suzaku|slp
|move|p2a: Amoonguss|Seed Bomb|p1a: Suzaku
|-supereffective|p1a: Suzaku
|-damage|p1a: Suzaku|0 fnt
|faint|p1a: Suzaku
|
|
|switch|p1a: Euphemia|Diancie-Mega|121\/241
|turn|25
|
|switch|p2a: Crobat|Crobat, M|59\/374
|move|p1a: Euphemia|Diamond Storm|p2a: Crobat
|-supereffective|p2a: Crobat
|-damage|p2a: Crobat|0 fnt
|faint|p2a: Crobat
|
|
|switch|p2a: Amoonguss|Amoonguss, M|324\/432
|turn|26
|
|move|p1a: Euphemia|Diamond Storm|p2a: Amoonguss
|-miss|p1a: Euphemia|p2a: Amoonguss
|move|p2a: Amoonguss|Seed Bomb|p1a: Euphemia
|-supereffective|p1a: Euphemia
|-damage|p1a: Euphemia|0 fnt
|faint|p1a: Euphemia
|
|win|venomlord69
|raw|Ladder updating...
|raw|Pheonixmaster's rating: 1551 &rarr; <strong>1525<\/strong><br \/>(-26 for losing)
|raw|venomlord69's rating: 1440 &rarr; <strong>1466<\/strong><br \/>(+26 for winning)
|c|âvenomlord69|gg
|leave|Pheonixmaster
|player|p1
|c|âvenomlord69|rofl
|c|âvenomlord69|use a op ass pokemon and ragequit well guess what i calced it i swapped for a reason i would lived the hit asshat