|join|Pheonixmaster
|join|ULT Bob
|player|p1|Pheonixmaster|167
|player|p2|ULT Bob|23
|gametype|singles
|gen|6
|tier|UU
|rated
|rule|Sleep Clause Mod: Limit one foe put to sleep
|rule|Species Clause: Limit one of each PokÃ©mon
|rule|OHKO Clause: OHKO moves are banned
|rule|Moody Clause: Moody is banned
|rule|Evasion Moves Clause: Evasion moves are banned
|rule|Endless Battle Clause: Forcing endless battles is banned
|rule|HP Percentage Mod: HP is shown in percentages
|clearpoke
|poke|p1|Medicham, M
|poke|p1|Krookodile, M
|poke|p1|Hydreigon, M
|poke|p1|Crobat, M
|poke|p1|Celebi
|poke|p1|Raikou
|poke|p2|Celebi
|poke|p2|Aggron, F, shiny
|poke|p2|Crobat, F, shiny
|poke|p2|Blissey, F, shiny
|poke|p2|Alomomola, F, shiny
|poke|p2|Krookodile, F, shiny
|rule|Swagger Clause: Swagger is banned
|rule|Baton Pass Clause: Limit one PokÃ©mon knowing Baton Pass
|teampreview
|join|JohnOrigins
|
|start
|switch|p1a: Yagami Light|Krookodile, M|331\/331
|switch|p2a: bob the brobat|Crobat, F, shiny|325\/325
|-ability|p1a: Yagami Light|Intimidate|[of] p2a: bob the brobat
|-unboost|p2a: bob the brobat|atk|1
|turn|1
|
|switch|p2a: ugly fuck|Alomomola, F, shiny|534\/534
|move|p1a: Yagami Light|Knock Off|p2a: ugly fuck
|-damage|p2a: ugly fuck|345\/534
|-damage|p1a: Yagami Light|276\/331|[from] item: Rocky Helmet|[of] p2a: ugly fuck
|-enditem|p2a: ugly fuck|Rocky Helmet|[from] move: Knock Off|[of] p1a: Yagami Light
|
|turn|2
|
|switch|p1a: Aizawa|Raikou|321\/321
|-ability|p1a: Aizawa|Pressure
|move|p2a: ugly fuck|Knock Off|p1a: Aizawa
|-damage|p1a: Aizawa|250\/321
|-enditem|p1a: Aizawa|Choice Specs|[from] move: Knock Off|[of] p2a: ugly fuck
|
|turn|3
|
|switch|p2a: Fattest fuck|Blissey, F, shiny|714\/714
|move|p1a: Aizawa|Volt Switch|p2a: Fattest fuck
|-damage|p2a: Fattest fuck|632\/714
|
|switch|p1a: Ryuzaki|Medicham, M|261\/261
|
|-heal|p2a: Fattest fuck|676\/714|[from] item: Leftovers
|turn|4
|
|switch|p2a: cabbage|Celebi|341\/341
|detailschange|p1a: Ryuzaki|Medicham-Mega, M
|-mega|p1a: Ryuzaki|Medicham|Medichamite
|move|p1a: Ryuzaki|Substitute|p1a: Ryuzaki
|-start|p1a: Ryuzaki|Substitute
|-damage|p1a: Ryuzaki|196\/261
|
|turn|5
|
|move|p2a: cabbage|Seed Bomb|p1a: Ryuzaki
|-end|p1a: Ryuzaki|Substitute
|move|p1a: Ryuzaki|Ice Punch|p2a: cabbage
|-supereffective|p2a: cabbage
|-damage|p2a: cabbage|39\/341
|
|-heal|p2a: cabbage|60\/341|[from] item: Leftovers
|turn|6
|
|switch|p1a: Rem|Crobat, M|373\/373
|move|p2a: cabbage|Zen Headbutt|p1a: Rem
|-crit|p1a: Rem
|-supereffective|p1a: Rem
|-damage|p1a: Rem|0 fnt
|faint|p1a: Rem
|
|-heal|p2a: cabbage|81\/341|[from] item: Leftovers
|c|âPheonixmaster|Fuck you dude.
|
|switch|p1a: Ryuk|Hydreigon, M|325\/325
|turn|7
|
|switch|p2a: Fattest fuck|Blissey, F, shiny|676\/714
|move|p1a: Ryuk|U-turn|p2a: Fattest fuck
|-damage|p2a: Fattest fuck|578\/714
|
|switch|p1a: Ryuzaki|Medicham-Mega, M|196\/261
|
|-heal|p2a: Fattest fuck|622\/714|[from] item: Leftovers
|turn|8
|
|switch|p2a: The Don|Krookodile, F, shiny|331\/331
|-ability|p2a: The Don|Intimidate|[of] p1a: Ryuzaki
|-unboost|p1a: Ryuzaki|atk|1
|move|p1a: Ryuzaki|Zen Headbutt|p2a: The Don
|-immune|p2a: The Don|[msg]
|
|turn|9
|
|move|p1a: Ryuzaki|High Jump Kick|p2a: The Don
|-supereffective|p2a: The Don
|-damage|p2a: The Don|0 fnt
|faint|p2a: The Don
|
|
|switch|p2a: bob the brobat|Crobat, F, shiny|325\/325
|turn|10
|
|switch|p1a: Aizawa|Raikou|250\/321
|-ability|p1a: Aizawa|Pressure
|move|p2a: bob the brobat|Brave Bird|p1a: Aizawa
|-resisted|p1a: Aizawa
|-damage|p1a: Aizawa|151\/321
|-damage|p2a: bob the brobat|292\/325|[from] recoil|[of] p1a: Aizawa
|
|-heal|p2a: bob the brobat|312\/325|[from] item: Black Sludge
|turn|11
|join|watfor
|
|switch|p2a: cabbage|Celebi|81\/341
|move|p1a: Aizawa|Volt Switch|p2a: cabbage
|-resisted|p2a: cabbage
|-damage|p2a: cabbage|26\/341
|
|switch|p1a: Ryuk|Hydreigon, M|325\/325
|
|-heal|p2a: cabbage|47\/341|[from] item: Leftovers
|turn|12
|
|switch|p2a: fat fuck|Aggron, F, shiny|344\/344
|move|p1a: Ryuk|U-turn|p2a: fat fuck
|-resisted|p2a: fat fuck
|-damage|p2a: fat fuck|330\/344
|
|switch|p1a: Yagami Light|Krookodile, M|276\/331
|-ability|p1a: Yagami Light|Intimidate|[of] p2a: fat fuck
|-unboost|p2a: fat fuck|atk|1
|
|turn|13
|
|detailschange|p2a: fat fuck|Aggron-Mega, F, shiny
|-mega|p2a: fat fuck|Aggron|Aggronite
|move|p1a: Yagami Light|Earthquake|p2a: fat fuck
|-supereffective|p2a: fat fuck
|-damage|p2a: fat fuck|155\/344
|move|p2a: fat fuck|Stealth Rock|p1a: Yagami Light
|-sidestart|p1: Pheonixmaster|move: Stealth Rock
|
|turn|14
|
|switch|p2a: ugly fuck|Alomomola, F, shiny|523\/534
|move|p1a: Yagami Light|Earthquake|p2a: ugly fuck
|-crit|p2a: ugly fuck
|-damage|p2a: ugly fuck|237\/534
|
|turn|15
|
|move|p1a: Yagami Light|Earthquake|p2a: ugly fuck
|-damage|p2a: ugly fuck|21\/534
|move|p2a: ugly fuck|Wish|p2a: ugly fuck
|
|turn|16
|
|switch|p2a: bob the brobat|Crobat, F, shiny|312\/325
|move|p1a: Yagami Light|Earthquake|p2a: bob the brobat
|-immune|p2a: bob the brobat|[msg]
|
|-heal|p2a: bob the brobat|325\/325|[from] move: Wish|[wisher] ugly fuck
|turn|17
|
|switch|p1a: Misa|Celebi|404\/404
|-damage|p1a: Misa|354\/404|[from] Stealth Rock
|move|p2a: bob the brobat|Brave Bird|p1a: Misa
|-supereffective|p1a: Misa
|-damage|p1a: Misa|114\/404
|-damage|p2a: bob the brobat|246\/325|[from] recoil|[of] p1a: Misa
|
|-heal|p2a: bob the brobat|266\/325|[from] item: Black Sludge
|-heal|p1a: Misa|139\/404|[from] item: Leftovers
|turn|18
|
|move|p2a: bob the brobat|Brave Bird|p1a: Misa
|-supereffective|p1a: Misa
|-damage|p1a: Misa|0 fnt
|-damage|p2a: bob the brobat|220\/325|[from] recoil|[of] p1a: Misa
|faint|p1a: Misa
|
|-heal|p2a: bob the brobat|240\/325|[from] item: Black Sludge
|
|switch|p1a: Aizawa|Raikou|151\/321
|-damage|p1a: Aizawa|111\/321|[from] Stealth Rock
|-ability|p1a: Aizawa|Pressure
|turn|19
|c| watfor|roost on the volt y\/y
|
|move|p2a: bob the brobat|Roost|p2a: bob the brobat
|-heal|p2a: bob the brobat|325\/325
|move|p1a: Aizawa|Volt Switch|p2a: bob the brobat
|-damage|p2a: bob the brobat|177\/325
|
|switch|p1a: Yagami Light|Krookodile, M|276\/331
|-damage|p1a: Yagami Light|256\/331|[from] Stealth Rock
|-ability|p1a: Yagami Light|Intimidate|[of] p2a: bob the brobat
|-unboost|p2a: bob the brobat|atk|1
|
|-heal|p2a: bob the brobat|197\/325|[from] item: Black Sludge
|turn|20
|c| watfor|yaaaay bby
|c|âULT Bob|i may have just choked
|c| watfor|lel
|c| watfor|yea
|c| watfor|just for that one play
|c| watfor|lol
|c|âULT Bob|bad advice watfor
|c| watfor|don't worry he isn't real imo
|
|move|p2a: bob the brobat|Roost|p2a: bob the brobat
|-heal|p2a: bob the brobat|325\/325
|move|p1a: Yagami Light|Pursuit|p2a: bob the brobat
|-crit|p2a: bob the brobat
|-damage|p2a: bob the brobat|145\/325
|
|-heal|p2a: bob the brobat|165\/325|[from] item: Black Sludge
|turn|21
|c| watfor|yea
|c|âULT Bob|not real
|
|switch|p1a: Ryuk|Hydreigon, M|325\/325
|-damage|p1a: Ryuk|285\/325|[from] Stealth Rock
|move|p2a: bob the brobat|Roost|p2a: bob the brobat
|-heal|p2a: bob the brobat|325\/325
|
|turn|22
|
|switch|p2a: Fattest fuck|Blissey, F, shiny|622\/714
|move|p1a: Ryuk|Draco Meteor|p2a: Fattest fuck
|-damage|p2a: Fattest fuck|454\/714
|-unboost|p1a: Ryuk|spa|2
|
|-heal|p2a: Fattest fuck|498\/714|[from] item: Leftovers
|turn|23
|
|switch|p1a: Yagami Light|Krookodile, M|256\/331
|-damage|p1a: Yagami Light|236\/331|[from] Stealth Rock
|-ability|p1a: Yagami Light|Intimidate|[of] p2a: Fattest fuck
|-unboost|p2a: Fattest fuck|atk|1
|move|p2a: Fattest fuck|Seismic Toss|p1a: Yagami Light
|-damage|p1a: Yagami Light|136\/331
|
|-heal|p2a: Fattest fuck|542\/714|[from] item: Leftovers
|turn|24
|
|move|p2a: Fattest fuck|Protect|p2a: Fattest fuck
|-singleturn|p2a: Fattest fuck|Protect
|move|p1a: Yagami Light|Knock Off|p2a: Fattest fuck
|-activate|p2a: Fattest fuck|Protect
|
|-heal|p2a: Fattest fuck|586\/714|[from] item: Leftovers
|turn|25
|
|switch|p2a: fat fuck|Aggron-Mega, F, shiny|155\/344
|move|p1a: Yagami Light|Knock Off|p2a: fat fuck
|-damage|p2a: fat fuck|82\/344
|
|turn|26
|
|switch|p1a: Aizawa|Raikou|111\/321
|-damage|p1a: Aizawa|71\/321|[from] Stealth Rock
|-ability|p1a: Aizawa|Pressure
|move|p2a: fat fuck|Heavy Slam|p1a: Aizawa
|-resisted|p1a: Aizawa
|-damage|p1a: Aizawa|13\/321
|
|turn|27
|c| watfor|balk
|c|âULT Bob|balk tho lol
|c|âULT Bob|raikou is like 200kg
|c| watfor|what takes this volt
|c| watfor|lololol
|
|switch|p2a: Fattest fuck|Blissey, F, shiny|586\/714
|move|p1a: Aizawa|Volt Switch|p2a: Fattest fuck
|-damage|p2a: Fattest fuck|493\/714
|c| watfor|krook pursuits????
|
|switch|p1a: Yagami Light|Krookodile, M|136\/331
|-damage|p1a: Yagami Light|116\/331|[from] Stealth Rock
|-ability|p1a: Yagami Light|Intimidate|[of] p2a: Fattest fuck
|-unboost|p2a: Fattest fuck|atk|1
|
|-heal|p2a: Fattest fuck|537\/714|[from] item: Leftovers
|turn|28
|
|move|p2a: Fattest fuck|Protect|p2a: Fattest fuck
|-singleturn|p2a: Fattest fuck|Protect
|move|p1a: Yagami Light|Knock Off|p2a: Fattest fuck
|-activate|p2a: Fattest fuck|Protect
|
|-heal|p2a: Fattest fuck|581\/714|[from] item: Leftovers
|turn|29
|join|waiv
|c|âULT Bob|i can actually eat this knock
|c| waiv|go pheonixmaster!
|c| watfor|lol nah
|c| watfor|don't
|c| waiv|go pheonixmaster!
|c| watfor|just sack tbh
|c| waiv|go pheonixmaster!
|c|âULT Bob|obv
|c| waiv|go pheonixmaster!
|
|switch|p2a: fat fuck|Aggron-Mega, F, shiny|82\/344
|move|p1a: Yagami Light|Knock Off|p2a: fat fuck
|-damage|p2a: fat fuck|3\/344
|
|turn|30
|
|move|p1a: Yagami Light|Knock Off|p2a: fat fuck
|-damage|p2a: fat fuck|0 fnt
|faint|p2a: fat fuck
|
|
|switch|p2a: bob the brobat|Crobat, F, shiny|325\/325
|turn|31
|c| watfor|bat cleans at this point
|
|switch|p1a: Aizawa|Raikou|13\/321
|-damage|p1a: Aizawa|0 fnt|[from] Stealth Rock
|faint|p1a: Aizawa
|move|p2a: bob the brobat|Brave Bird|p1: Aizawa|[notarget]
|-notarget
|
|c|âULT Bob|ya
|c| waiv|bob the HOEbat
|c| waiv|kekekek
|c| waiv|ekeke
|c| waiv|ekee
|c| waiv|ekk
|c| waiv|ke
|c| waiv|kek
|c| waiv|*mic drop*
|leave|waiv
|
|switch|p1a: Ryuk|Hydreigon, M|285\/325
|-damage|p1a: Ryuk|245\/325|[from] Stealth Rock
|turn|32
|
|switch|p2a: Fattest fuck|Blissey, F, shiny|581\/714
|move|p1a: Ryuk|Draco Meteor|p2a: Fattest fuck
|-damage|p2a: Fattest fuck|395\/714
|-unboost|p1a: Ryuk|spa|2
|
|-heal|p2a: Fattest fuck|439\/714|[from] item: Leftovers
|turn|33
|
|switch|p1a: Ryuzaki|Medicham-Mega, M|196\/261
|-damage|p1a: Ryuzaki|180\/261|[from] Stealth Rock
|switch|p2a: bob the brobat|Crobat, F, shiny|325\/325
|
|turn|34
|
|switch|p1a: Yagami Light|Krookodile, M|116\/331
|-damage|p1a: Yagami Light|96\/331|[from] Stealth Rock
|-ability|p1a: Yagami Light|Intimidate|[of] p2a: bob the brobat
|-unboost|p2a: bob the brobat|atk|1
|move|p2a: bob the brobat|Brave Bird|p1a: Yagami Light
|-damage|p1a: Yagami Light|0 fnt
|-damage|p2a: bob the brobat|293\/325|[from] recoil|[of] p1a: Yagami Light
|faint|p1a: Yagami Light
|
|-heal|p2a: bob the brobat|313\/325|[from] item: Black Sludge
|
|switch|p1a: Ryuk|Hydreigon, M|245\/325
|-damage|p1a: Ryuk|205\/325|[from] Stealth Rock
|turn|35
|join|waiv
|
|switch|p2a: Fattest fuck|Blissey, F, shiny|439\/714
|move|p1a: Ryuk|Draco Meteor|p2a: Fattest fuck|[miss]
|-miss|p1a: Ryuk|p2a: Fattest fuck
|
|-heal|p2a: Fattest fuck|483\/714|[from] item: Leftovers
|turn|36
|leave|waiv
|c| watfor|iirc you don't actually kill medi from full with -1 brave bat
|
|move|p1a: Ryuk|Draco Meteor|p2a: Fattest fuck
|-damage|p2a: Fattest fuck|297\/714
|-unboost|p1a: Ryuk|spa|2
|move|p2a: Fattest fuck|Seismic Toss|p1a: Ryuk
|-damage|p1a: Ryuk|105\/325
|
|-heal|p2a: Fattest fuck|341\/714|[from] item: Leftovers
|turn|37
|
|switch|p1a: Ryuzaki|Medicham-Mega, M|180\/261
|-damage|p1a: Ryuzaki|164\/261|[from] Stealth Rock
|move|p2a: Fattest fuck|Seismic Toss|p1a: Ryuzaki
|-damage|p1a: Ryuzaki|64\/261
|
|-heal|p2a: Fattest fuck|385\/714|[from] item: Leftovers
|turn|38
|c|âULT Bob|im band bat
|
|switch|p2a: ugly fuck|Alomomola, F, shiny|199\/534
|move|p1a: Ryuzaki|Zen Headbutt|p2a: ugly fuck
|-damage|p2a: ugly fuck|0 fnt
|faint|p2a: ugly fuck
|
|
|switch|p2a: bob the brobat|Crobat, F, shiny|313\/325
|turn|39
|
|move|p2a: bob the brobat|Brave Bird|p1a: Ryuzaki
|-supereffective|p1a: Ryuzaki
|-damage|p1a: Ryuzaki|0 fnt
|-damage|p2a: bob the brobat|292\/325|[from] recoil|[of] p1a: Ryuzaki
|faint|p1a: Ryuzaki
|
|-heal|p2a: bob the brobat|312\/325|[from] item: Black Sludge
|
|switch|p1a: Ryuk|Hydreigon, M|105\/325
|-damage|p1a: Ryuk|65\/325|[from] Stealth Rock
|turn|40
|c| watfor|bat with ledties
|c| watfor|k
|
|move|p1a: Ryuk|Dark Pulse|p2a: bob the brobat
|-damage|p2a: bob the brobat|152\/325
|move|p2a: bob the brobat|Brave Bird|p1a: Ryuk
|-damage|p1a: Ryuk|0 fnt
|-damage|p2a: bob the brobat|131\/325|[from] recoil|[of] p1a: Ryuk
|faint|p1a: Ryuk
|
|win|ULT Bob
|raw|Ladder updating...
|raw|Pheonixmaster's rating: 1577 &rarr; <strong>1554<\/strong><br \/>(-23 for losing)
|raw|ULT Bob's rating: 1533 &rarr; <strong>1555<\/strong><br \/>(+22 for winning)
|leave|watfor
|leave|Pheonixmaster
|player|p1
|leave|JohnOrigins