|join|loserbaby
|join|MaatMattos
|player|p1|loserbaby|2
|player|p2|MaatMattos|52
|gametype|singles
|gen|6
|tier|ORAS OU
|rated
|rule|Sleep Clause Mod: Limit one foe put to sleep
|rule|Species Clause: Limit one of each PokÃ©mon
|rule|OHKO Clause: OHKO moves are banned
|rule|Moody Clause: Moody is banned
|rule|Evasion Moves Clause: Evasion moves are banned
|rule|Endless Battle Clause: Forcing endless battles is banned
|rule|HP Percentage Mod: HP is shown in percentages
|clearpoke
|poke|p1|Gyarados, M
|poke|p1|Talonflame, F
|poke|p1|Bisharp, F
|poke|p1|Breloom, F
|poke|p1|Landorus-Therian, M
|poke|p1|Latias, F
|poke|p2|Manaphy
|poke|p2|Cresselia, F
|poke|p2|Landorus-Therian, M
|poke|p2|Ferrothorn, F
|poke|p2|Slowbro, M
|poke|p2|Keldeo-Resolute
|rule|Swagger Clause: Swagger is banned
|rule|Baton Pass Clause: Limit one PokÃ©mon knowing Baton Pass
|teampreview
|
|start
|switch|p1a: not CB|Talonflame, F|359\/359
|switch|p2a: Ferrothorn|Ferrothorn, F|351\/351
|turn|1
|
|switch|p2a: Landorus-Therian|Landorus-Therian, M|381\/381
|-ability|p2a: Landorus-Therian|Intimidate|[of] p1a: not CB
|-unboost|p1a: not CB|atk|1
|move|p1a: not CB|Taunt|p2a: Landorus-Therian
|-start|p2a: Landorus-Therian|move: Taunt
|
|turn|2
|
|move|p1a: not CB|Will-O-Wisp|p2a: Landorus-Therian
|-status|p2a: Landorus-Therian|brn
|move|p2a: Landorus-Therian|U-turn|p1a: not CB
|-resisted|p1a: not CB
|-damage|p1a: not CB|345\/359
|
|switch|p2a: Slowbro|Slowbro, M|393\/393
|
|turn|3
|
|switch|p1a: mega latios|Latias, F|301\/301
|detailschange|p2a: Slowbro|Slowbro-Mega, M
|message|Slowbro has Mega Evolved into Mega Slowbro!
|move|p2a: Slowbro|Scald|p1a: mega latios
|-resisted|p1a: mega latios
|-damage|p1a: mega latios|256\/301
|-status|p1a: mega latios|brn
|
|-damage|p1a: mega latios|219\/301 brn|[from] brn
|turn|4
|
|switch|p1a: not CB|Talonflame, F|345\/359
|move|p2a: Slowbro|Calm Mind|p2a: Slowbro
|-boost|p2a: Slowbro|spa|1
|-boost|p2a: Slowbro|spd|1
|
|turn|5
|
|switch|p1a: abdel aziz|Breloom, F|261\/261
|move|p2a: Slowbro|Scald|p1a: abdel aziz
|-resisted|p1a: abdel aziz
|-damage|p1a: abdel aziz|136\/261
|
|turn|6
|
|move|p1a: abdel aziz|Bullet Seed|p2a: Slowbro
|-supereffective|p2a: Slowbro
|-damage|p2a: Slowbro|331\/393
|-supereffective|p2a: Slowbro
|-damage|p2a: Slowbro|265\/393
|-supereffective|p2a: Slowbro
|-damage|p2a: Slowbro|205\/393
|-supereffective|p2a: Slowbro
|-damage|p2a: Slowbro|139\/393
|-supereffective|p2a: Slowbro
|-damage|p2a: Slowbro|73\/393
|-hitcount|p2a: Slowbro|5
|move|p2a: Slowbro|Scald|p1a: abdel aziz
|-resisted|p1a: abdel aziz
|-damage|p1a: abdel aziz|7\/261
|-status|p1a: abdel aziz|brn
|
|-damage|p1a: abdel aziz|0 fnt|[from] brn
|faint|p1a: abdel aziz
|
|switch|p1a: ur a wizard harry|Bisharp, F|271\/271
|turn|7
|
|move|p1a: ur a wizard harry|Pursuit|p2a: Slowbro|[from]Pursuit
|-supereffective|p2a: Slowbro
|-damage|p2a: Slowbro|0 fnt
|-damage|p1a: ur a wizard harry|244\/271|[from] item: Life Orb
|faint|p2a: Slowbro
|
|
|switch|p2a: Keldeo-Resolute|Keldeo-Resolute|323\/323
|turn|8
|
|switch|p1a: mega latios|Latias, F|219\/301 brn
|move|p2a: Keldeo-Resolute|Substitute|p2a: Keldeo-Resolute
|-start|p2a: Keldeo-Resolute|Substitute
|-damage|p2a: Keldeo-Resolute|243\/323
|
|-heal|p2a: Keldeo-Resolute|263\/323|[from] item: Leftovers
|-damage|p1a: mega latios|182\/301 brn|[from] brn
|turn|9
|
|move|p1a: mega latios|Psyshock|p2a: Keldeo-Resolute
|-supereffective|p2a: Keldeo-Resolute
|-end|p2a: Keldeo-Resolute|Substitute
|-damage|p1a: mega latios|152\/301 brn|[from] item: Life Orb
|move|p2a: Keldeo-Resolute|Secret Sword|p1a: mega latios
|-resisted|p1a: mega latios
|-damage|p1a: mega latios|66\/301 brn
|
|-heal|p2a: Keldeo-Resolute|283\/323|[from] item: Leftovers
|-damage|p1a: mega latios|29\/301 brn|[from] brn
|turn|10
|
|switch|p2a: Ferrothorn|Ferrothorn, F|351\/351
|move|p1a: mega latios|Draco Meteor|p2a: Ferrothorn
|-crit|p2a: Ferrothorn
|-resisted|p2a: Ferrothorn
|-damage|p2a: Ferrothorn|212\/351
|-unboost|p1a: mega latios|spa|2
|-damage|p1a: mega latios|0 fnt|[from] item: Life Orb
|faint|p1a: mega latios
|
|-heal|p2a: Ferrothorn|233\/351|[from] item: Leftovers
|
|switch|p1a: not CB|Talonflame, F|345\/359
|turn|11
|
|switch|p1a: ur a wizard harry|Bisharp, F|244\/271
|switch|p2a: Landorus-Therian|Landorus-Therian, M|381\/381 brn
|-ability|p2a: Landorus-Therian|Intimidate|[of] p1a: ur a wizard harry
|-unboost|p1a: ur a wizard harry|atk|1
|-boost|p1a: ur a wizard harry|atk|2|[from] ability: Defiant
|
|-damage|p2a: Landorus-Therian|334\/381 brn|[from] brn
|turn|12
|
|move|p1a: ur a wizard harry|Iron Head|p2a: Landorus-Therian
|-damage|p2a: Landorus-Therian|130\/381 brn
|-damage|p1a: ur a wizard harry|199\/271|[from] item: Rocky Helmet|[of] p2a: Landorus-Therian
|-damage|p1a: ur a wizard harry|172\/271|[from] item: Life Orb
|move|p2a: Landorus-Therian|Stealth Rock|p1a: ur a wizard harry
|-sidestart|p1: loserbaby|move: Stealth Rock
|
|-damage|p2a: Landorus-Therian|83\/381 brn|[from] brn
|turn|13
|
|move|p1a: ur a wizard harry|Knock Off|p2a: Landorus-Therian
|-damage|p2a: Landorus-Therian|0 fnt
|-damage|p1a: ur a wizard harry|127\/271|[from] item: Rocky Helmet|[of] p2a: Landorus-Therian
|-enditem|p2a: Landorus-Therian|Rocky Helmet|[from] move: Knock Off|[of] p1a: ur a wizard harry
|-damage|p1a: ur a wizard harry|100\/271|[from] item: Life Orb
|faint|p2a: Landorus-Therian
|
|
|switch|p2a: Keldeo-Resolute|Keldeo-Resolute|283\/323
|turn|14
|
|move|p2a: Keldeo-Resolute|Secret Sword|p1a: ur a wizard harry
|-supereffective|p1a: ur a wizard harry
|-damage|p1a: ur a wizard harry|0 fnt
|faint|p1a: ur a wizard harry
|
|-heal|p2a: Keldeo-Resolute|303\/323|[from] item: Leftovers
|
|switch|p1a: not CB|Talonflame, F|345\/359
|-damage|p1a: not CB|166\/359|[from] Stealth Rock
|turn|15
|
|switch|p2a: Ferrothorn|Ferrothorn, F|233\/351
|move|p1a: not CB|Brave Bird|p2a: Ferrothorn
|-damage|p2a: Ferrothorn|61\/351
|-damage|p1a: not CB|122\/359|[from] ability: Iron Barbs|[of] p2a: Ferrothorn
|-damage|p1a: not CB|65\/359|[from] recoil|[of] p2a: Ferrothorn
|
|-heal|p2a: Ferrothorn|82\/351|[from] item: Leftovers
|turn|16
|
|move|p1a: not CB|Will-O-Wisp|p2a: Ferrothorn
|-status|p2a: Ferrothorn|brn
|move|p2a: Ferrothorn|Knock Off|p1a: not CB
|-damage|p1a: not CB|12\/359
|-enditem|p1a: not CB|Sharp Beak|[from] move: Knock Off|[of] p2a: Ferrothorn
|
|-heal|p2a: Ferrothorn|103\/351 brn|[from] item: Leftovers
|-damage|p2a: Ferrothorn|60\/351 brn|[from] brn
|turn|17
|
|move|p1a: not CB|Roost|p1a: not CB
|-heal|p1a: not CB|192\/359
|move|p2a: Ferrothorn|Leech Seed|p1a: not CB
|-start|p1a: not CB|move: Leech Seed
|
|-heal|p2a: Ferrothorn|81\/351 brn|[from] item: Leftovers
|-damage|p1a: not CB|148\/359|[from] Leech Seed|[of] p2a: Ferrothorn
|-heal|p2a: Ferrothorn|125\/351 brn|[silent]
|-damage|p2a: Ferrothorn|82\/351 brn|[from] brn
|turn|18
|
|move|p1a: not CB|Roost|p1a: not CB
|-heal|p1a: not CB|328\/359
|move|p2a: Ferrothorn|Knock Off|p1a: not CB
|-damage|p1a: not CB|297\/359
|
|-heal|p2a: Ferrothorn|103\/351 brn|[from] item: Leftovers
|-damage|p1a: not CB|253\/359|[from] Leech Seed|[of] p2a: Ferrothorn
|-heal|p2a: Ferrothorn|147\/351 brn|[silent]
|-damage|p2a: Ferrothorn|104\/351 brn|[from] brn
|turn|19
|
|switch|p2a: Manaphy|Manaphy|373\/373
|move|p1a: not CB|Brave Bird|p2a: Manaphy
|-damage|p2a: Manaphy|214\/373
|-damage|p1a: not CB|201\/359|[from] recoil|[of] p2a: Manaphy
|
|-heal|p2a: Manaphy|237\/373|[from] item: Leftovers
|-damage|p1a: not CB|157\/359|[from] Leech Seed|[of] p2a: Manaphy
|-heal|p2a: Manaphy|281\/373|[silent]
|turn|20
|
|move|p1a: not CB|Brave Bird|p2a: Manaphy
|-damage|p2a: Manaphy|106\/373
|-damage|p1a: not CB|99\/359|[from] recoil|[of] p2a: Manaphy
|move|p2a: Manaphy|Scald|p1a: not CB
|-supereffective|p1a: not CB
|-damage|p1a: not CB|0 fnt
|faint|p1a: not CB
|
|-heal|p2a: Manaphy|129\/373|[from] item: Leftovers
|
|switch|p1a: captain planet|Landorus-Therian, M|325\/325
|-damage|p1a: captain planet|285\/325|[from] Stealth Rock
|-ability|p1a: captain planet|Intimidate|[of] p2a: Manaphy
|-unboost|p2a: Manaphy|atk|1
|turn|21
|
|move|p1a: captain planet|Stealth Rock|p2a: Manaphy
|-sidestart|p2: MaatMattos|move: Stealth Rock
|move|p2a: Manaphy|Scald|p1a: captain planet
|-supereffective|p1a: captain planet
|-damage|p1a: captain planet|0 fnt
|faint|p1a: captain planet
|
|-heal|p2a: Manaphy|152\/373|[from] item: Leftovers
|
|switch|p1a: mohsen|Gyarados, M|341\/341
|-damage|p1a: mohsen|256\/341|[from] Stealth Rock
|-ability|p1a: mohsen|Intimidate|[of] p2a: Manaphy
|-unboost|p2a: Manaphy|atk|1
|turn|22
|
|move|p2a: Manaphy|Tail Glow|p2a: Manaphy
|-boost|p2a: Manaphy|spa|3
|move|p1a: mohsen|Dragon Dance|p1a: mohsen
|-boost|p1a: mohsen|atk|1
|-boost|p1a: mohsen|spe|1
|
|-heal|p2a: Manaphy|175\/373|[from] item: Leftovers
|turn|23
|c|âloserbaby|gg keldeo
|c|âMaatMattos|ye
|
|move|p1a: mohsen|Crunch|p2a: Manaphy
|-damage|p2a: Manaphy|22\/373
|-unboost|p2a: Manaphy|def|1
|move|p2a: Manaphy|Scald|p1a: mohsen
|-resisted|p1a: mohsen
|-damage|p1a: mohsen|91\/341
|
|-heal|p2a: Manaphy|45\/373|[from] item: Leftovers
|turn|24
|c|âMaatMattos|u can ddance again tbh
|
|move|p1a: mohsen|Crunch|p2a: Manaphy
|-damage|p2a: Manaphy|0 fnt
|faint|p2a: Manaphy
|
|
|switch|p2a: Ferrothorn|Ferrothorn, F|104\/351 brn
|-damage|p2a: Ferrothorn|83\/351 brn|[from] Stealth Rock
|turn|25
|
|detailschange|p1a: mohsen|Gyarados-Mega, M
|message|Gyarados has Mega Evolved into Mega Gyarados!
|-ability|p1a: mohsen|Mold Breaker
|move|p1a: mohsen|Substitute|p1a: mohsen
|-start|p1a: mohsen|Substitute
|-damage|p1a: mohsen|6\/341
|move|p2a: Ferrothorn|Leech Seed|p1a: mohsen
|
|-heal|p2a: Ferrothorn|104\/351 brn|[from] item: Leftovers
|-damage|p2a: Ferrothorn|61\/351 brn|[from] brn
|turn|26
|
|switch|p2a: Cresselia|Cresselia, F|444\/444
|-damage|p2a: Cresselia|389\/444|[from] Stealth Rock
|move|p1a: mohsen|Dragon Dance|p1a: mohsen
|-boost|p1a: mohsen|atk|1
|-boost|p1a: mohsen|spe|1
|
|turn|27
|
|move|p1a: mohsen|Crunch|p2a: Cresselia
|-supereffective|p2a: Cresselia
|-damage|p2a: Cresselia|0 fnt
|faint|p2a: Cresselia
|
|
|switch|p2a: Keldeo-Resolute|Keldeo-Resolute|303\/323
|-damage|p2a: Keldeo-Resolute|283\/323|[from] Stealth Rock
|turn|28
|
|move|p1a: mohsen|Waterfall|p2a: Keldeo-Resolute
|-resisted|p2a: Keldeo-Resolute
|-damage|p2a: Keldeo-Resolute|73\/323
|move|p2a: Keldeo-Resolute|Secret Sword|p1a: mohsen
|-supereffective|p1a: mohsen
|-end|p1a: mohsen|Substitute
|
|-heal|p2a: Keldeo-Resolute|93\/323|[from] item: Leftovers
|turn|29
|
|switch|p2a: Ferrothorn|Ferrothorn, F|61\/351 brn
|-damage|p2a: Ferrothorn|40\/351 brn|[from] Stealth Rock
|move|p1a: mohsen|Waterfall|p2a: Ferrothorn
|-resisted|p2a: Ferrothorn
|-damage|p2a: Ferrothorn|0 fnt
|-damage|p1a: mohsen|0 fnt|[from] ability: Iron Barbs|[of] p2a: Ferrothorn
|faint|p1a: mohsen
|faint|p2a: Ferrothorn
|
|win|MaatMattos
|raw|Ladder updating...
|c|âloserbaby|ahhh
|raw|loserbaby's rating: 1448 &rarr; <strong>1427<\/strong><br \/>(-21 for losing)
|raw|MaatMattos's rating: 1415 &rarr; <strong>1437<\/strong><br \/>(+22 for winning)
|c|âloserbaby|nice
|c|âloserbaby|gg
|c|âMaatMattos|gg