|join|MaatMattos
|join|brewplanner
|player|p1|MaatMattos|52
|player|p2|brewplanner|163
|gametype|singles
|gen|6
|tier|ORAS OU
|rated
|rule|Sleep Clause Mod: Limit one foe put to sleep
|rule|Species Clause: Limit one of each PokÃ©mon
|rule|OHKO Clause: OHKO moves are banned
|rule|Moody Clause: Moody is banned
|rule|Evasion Moves Clause: Evasion moves are banned
|rule|Endless Battle Clause: Forcing endless battles is banned
|rule|HP Percentage Mod: HP is shown in percentages
|clearpoke
|poke|p1|Manaphy
|poke|p1|Cresselia, F
|poke|p1|Landorus-Therian, M
|poke|p1|Ferrothorn, F
|poke|p1|Slowbro, F
|poke|p1|Keldeo-Resolute
|poke|p2|Rotom-Wash
|poke|p2|Greninja, M
|poke|p2|Staraptor, F
|poke|p2|Talonflame, F
|poke|p2|Lopunny, M
|poke|p2|Latias, F
|rule|Swagger Clause: Swagger is banned
|rule|Baton Pass Clause: Limit one PokÃ©mon knowing Baton Pass
|teampreview
|
|start
|switch|p1a: Ferrothorn|Ferrothorn, F|351\/351
|switch|p2a: Greninja|Greninja, M|285\/285
|turn|1
|
|move|p2a: Greninja|Hidden Power|p1a: Ferrothorn
|-start|p2a: Greninja|typechange|Fire|[from] Protean
|-supereffective|p1a: Ferrothorn
|-damage|p1a: Ferrothorn|18\/351
|-damage|p2a: Greninja|257\/285|[from] item: Life Orb
|move|p1a: Ferrothorn|Knock Off|p2a: Greninja
|-damage|p2a: Greninja|150\/285
|-enditem|p2a: Greninja|Life Orb|[from] move: Knock Off|[of] p1a: Ferrothorn
|
|-heal|p1a: Ferrothorn|39\/351|[from] item: Leftovers
|turn|2
|
|move|p1a: Ferrothorn|Protect|p1a: Ferrothorn
|-singleturn|p1a: Ferrothorn|Protect
|move|p2a: Greninja|U-turn|p1a: Ferrothorn
|-start|p2a: Greninja|typechange|Bug|[from] Protean
|-activate|p1a: Ferrothorn|Protect
|
|-heal|p1a: Ferrothorn|60\/351|[from] item: Leftovers
|turn|3
|
|move|p2a: Greninja|Hidden Power|p1a: Ferrothorn
|-start|p2a: Greninja|typechange|Fire|[from] Protean
|-supereffective|p1a: Ferrothorn
|-damage|p1a: Ferrothorn|0 fnt
|faint|p1a: Ferrothorn
|
|
|switch|p1a: Manaphy|Manaphy|373\/373
|turn|4
|
|move|p2a: Greninja|U-turn|p1a: Manaphy
|-start|p2a: Greninja|typechange|Bug|[from] Protean
|-damage|p1a: Manaphy|291\/373
|
|switch|p2a: Rotom-Wash|Rotom-Wash|304\/304
|move|p1a: Manaphy|Scald|p2a: Rotom-Wash
|-resisted|p2a: Rotom-Wash
|-damage|p2a: Rotom-Wash|244\/304
|
|-heal|p1a: Manaphy|314\/373|[from] item: Leftovers
|-heal|p2a: Rotom-Wash|263\/304|[from] item: Leftovers
|turn|5
|
|switch|p1a: Cresselia|Cresselia, F|444\/444
|move|p2a: Rotom-Wash|Volt Switch|p1a: Cresselia
|-damage|p1a: Cresselia|392\/444
|
|switch|p2a: Staraptor|Staraptor, F|312\/312
|
|turn|6
|
|move|p2a: Staraptor|Brave Bird|p1a: Cresselia
|-damage|p1a: Cresselia|62\/444
|-damage|p2a: Staraptor|203\/312|[from] recoil|[of] p1a: Cresselia
|move|p1a: Cresselia|Thunder Wave|p2a: Staraptor
|-status|p2a: Staraptor|par
|
|turn|7
|
|move|p1a: Cresselia|Reflect|p1a: Cresselia
|-sidestart|p1: MaatMattos|Reflect
|move|p2a: Staraptor|Brave Bird|p1a: Cresselia
|-damage|p1a: Cresselia|0 fnt
|-damage|p2a: Staraptor|183\/312 par|[from] recoil|[of] p1a: Cresselia
|faint|p1a: Cresselia
|
|
|switch|p1a: Slowbro|Slowbro, F|393\/393
|turn|8
|
|switch|p2a: Latias|Latias, F|302\/302
|detailschange|p1a: Slowbro|Slowbro-Mega, F
|message|Slowbro has Mega Evolved into Mega Slowbro!
|move|p1a: Slowbro|Calm Mind|p1a: Slowbro
|-boost|p1a: Slowbro|spa|1
|-boost|p1a: Slowbro|spd|1
|
|turn|9
|
|move|p2a: Latias|Thunderbolt|p1a: Slowbro
|-supereffective|p1a: Slowbro
|-damage|p1a: Slowbro|190\/393
|-status|p1a: Slowbro|par
|-damage|p2a: Latias|272\/302|[from] item: Life Orb
|move|p1a: Slowbro|Calm Mind|p1a: Slowbro
|-boost|p1a: Slowbro|spa|1
|-boost|p1a: Slowbro|spd|1
|
|turn|10
|
|move|p2a: Latias|Thunderbolt|p1a: Slowbro
|-supereffective|p1a: Slowbro
|-damage|p1a: Slowbro|39\/393 par
|-damage|p2a: Latias|242\/302|[from] item: Life Orb
|cant|p1a: Slowbro|par
|
|turn|11
|c|âMaatMattos|really
|
|move|p2a: Latias|Thunderbolt|p1a: Slowbro
|-supereffective|p1a: Slowbro
|-damage|p1a: Slowbro|0 fnt
|-damage|p2a: Latias|212\/302|[from] item: Life Orb
|faint|p1a: Slowbro
|
|
|switch|p1a: Landorus-Therian|Landorus-Therian, M|381\/381
|-ability|p1a: Landorus-Therian|Intimidate|[of] p2a: Latias
|-unboost|p2a: Latias|atk|1
|turn|12
|
|switch|p2a: Rotom-Wash|Rotom-Wash|263\/304
|move|p1a: Landorus-Therian|U-turn|p2a: Rotom-Wash
|-crit|p2a: Rotom-Wash
|-damage|p2a: Rotom-Wash|183\/304
|
|switch|p1a: Manaphy|Manaphy|314\/373
|
|-heal|p1a: Manaphy|337\/373|[from] item: Leftovers
|-heal|p2a: Rotom-Wash|202\/304|[from] item: Leftovers
|turn|13
|
|move|p1a: Manaphy|Tail Glow|p1a: Manaphy
|-boost|p1a: Manaphy|spa|3
|move|p2a: Rotom-Wash|Volt Switch|p1a: Manaphy
|-supereffective|p1a: Manaphy
|-damage|p1a: Manaphy|161\/373
|
|switch|p2a: Lopunny|Lopunny, M|272\/272
|
|-heal|p1a: Manaphy|184\/373|[from] item: Leftovers
|turn|14
|
|detailschange|p2a: Lopunny|Lopunny-Mega, M
|message|Lopunny has Mega Evolved into Mega Lopunny!
|move|p2a: Lopunny|Fake Out|p1a: Manaphy
|-crit|p1a: Manaphy
|-damage|p1a: Manaphy|70\/373
|cant|p1a: Manaphy|flinch
|
|-heal|p1a: Manaphy|93\/373|[from] item: Leftovers
|-sideend|p1: MaatMattos|Reflect
|turn|15
|
|switch|p1a: Landorus-Therian|Landorus-Therian, M|381\/381
|-ability|p1a: Landorus-Therian|Intimidate|[of] p2a: Lopunny
|-unboost|p2a: Lopunny|atk|1
|move|p2a: Lopunny|Return|p1a: Landorus-Therian
|-damage|p1a: Landorus-Therian|287\/381
|-damage|p2a: Lopunny|227\/272|[from] item: Rocky Helmet|[of] p1a: Landorus-Therian
|
|turn|16
|
|switch|p2a: Latias|Latias, F|212\/302
|move|p1a: Landorus-Therian|Stealth Rock|p2a: Latias
|-sidestart|p2: brewplanner|move: Stealth Rock
|
|turn|17
|
|move|p2a: Latias|Draco Meteor|p1a: Landorus-Therian
|-damage|p1a: Landorus-Therian|0 fnt
|-unboost|p2a: Latias|spa|2
|-damage|p2a: Latias|182\/302|[from] item: Life Orb
|faint|p1a: Landorus-Therian
|
|
|switch|p1a: Keldeo-Resolute|Keldeo-Resolute|323\/323
|turn|18
|
|move|p2a: Latias|Defog|p1a: Keldeo-Resolute
|-unboost|p1a: Keldeo-Resolute|evasion|1
|-sideend|p2: brewplanner|Stealth Rock|[from] move: Defog|[of] p2a: Latias
|move|p1a: Keldeo-Resolute|Calm Mind|p1a: Keldeo-Resolute
|-boost|p1a: Keldeo-Resolute|spa|1
|-boost|p1a: Keldeo-Resolute|spd|1
|
|turn|19
|
|move|p2a: Latias|Thunderbolt|p1a: Keldeo-Resolute
|-crit|p1a: Keldeo-Resolute
|-supereffective|p1a: Keldeo-Resolute
|-damage|p1a: Keldeo-Resolute|0 fnt
|-damage|p2a: Latias|152\/302|[from] item: Life Orb
|faint|p1a: Keldeo-Resolute
|
|-message|MaatMattos forfeited.
|
|win|brewplanner
|raw|Ladder updating...
|leave|MaatMattos
|player|p1
|raw|MaatMattos's rating: 1567 &rarr; <strong>1533<\/strong><br \/>(-34 for losing)
|raw|brewplanner's rating: 1270 &rarr; <strong>1313<\/strong><br \/>(+43 for winning)