|join|haterss gonna hate
|join|MaatMattos
|player|p1|haterss gonna hate|289
|player|p2|MaatMattos|52
|gametype|singles
|gen|6
|tier|OU
|rated
|clearpoke
|poke|p1|Bisharp, F
|poke|p1|Venusaur, F
|poke|p1|Heatran, M
|poke|p1|Keldeo
|poke|p1|Chansey, F
|poke|p1|Skarmory, F
|poke|p2|Manaphy
|poke|p2|Keldeo-Resolute
|poke|p2|Cresselia, F
|poke|p2|Landorus-Therian, M
|poke|p2|Heatran, F
|poke|p2|Heracross, F
|rule|Swagger Clause: Swagger is banned
|rule|Baton Pass Clause: Limit one PokÃ©mon knowing Baton Pass
|rule|Sleep Clause Mod: Limit one foe put to sleep
|rule|Species Clause: Limit one of each PokÃ©mon
|rule|OHKO Clause: OHKO moves are banned
|rule|Moody Clause: Moody is banned
|rule|Evasion Moves Clause: Evasion moves are banned
|rule|Endless Battle Clause: Forcing endless battles is banned
|rule|HP Percentage Mod: HP is shown in percentages
|teampreview
|
|start
|switch|p1a: Skarmory|Skarmory, F|334\/334
|switch|p2a: Heatran|Heatran, F|386\/386
|turn|1
|
|move|p2a: Heatran|Fire Blast|p1a: Skarmory
|-supereffective|p1a: Skarmory
|-activate|p1a: Skarmory|Sturdy
|-damage|p1a: Skarmory|1\/334
|move|p1a: Skarmory|Spikes|p2a: Heatran
|-sidestart|p2: MaatMattos|Spikes
|
|turn|2
|
|move|p2a: Heatran|Stealth Rock|p1a: Skarmory
|-sidestart|p1: haterss gonna hate|move: Stealth Rock
|move|p1a: Skarmory|Spikes|p2a: Heatran
|-sidestart|p2: MaatMattos|Spikes
|
|turn|3
|
|move|p2a: Heatran|Fire Blast|p1a: Skarmory|[miss]
|-miss|p2a: Heatran|p1a: Skarmory
|move|p1a: Skarmory|Spikes|p2a: Heatran
|-sidestart|p2: MaatMattos|Spikes
|
|turn|4
|
|switch|p1a: Heatran|Heatran, M|340\/340
|-damage|p1a: Heatran|298\/340|[from] Stealth Rock
|-item|p1a: Heatran|Air Balloon
|move|p2a: Heatran|Fire Blast|p1a: Heatran
|-start|p1a: Heatran|ability: Flash Fire
|
|turn|5
|
|switch|p2a: Cresselia|Cresselia, F|444\/444
|move|p1a: Heatran|Stealth Rock|p2a: Cresselia
|-sidestart|p2: MaatMattos|move: Stealth Rock
|
|turn|6
|
|move|p1a: Heatran|Taunt|p2a: Cresselia
|-start|p2a: Cresselia|move: Taunt
|cant|p2a: Cresselia|move: Taunt|Thunder Wave
|
|turn|7
|
|switch|p2a: Keldeo-Resolute|Keldeo-Resolute|323\/323
|-damage|p2a: Keldeo-Resolute|243\/323|[from] Spikes
|-damage|p2a: Keldeo-Resolute|223\/323|[from] Stealth Rock
|move|p1a: Heatran|Toxic|p2a: Keldeo-Resolute
|-status|p2a: Keldeo-Resolute|tox
|
|-heal|p2a: Keldeo-Resolute|243\/323 tox|[from] item: Leftovers
|-damage|p2a: Keldeo-Resolute|223\/323 tox|[from] psn
|turn|8
|
|switch|p1a: Venusaur|Venusaur, F|364\/364
|-damage|p1a: Venusaur|319\/364|[from] Stealth Rock
|move|p2a: Keldeo-Resolute|Scald|p1a: Venusaur
|-resisted|p1a: Venusaur
|-damage|p1a: Venusaur|247\/364
|
|-heal|p2a: Keldeo-Resolute|243\/323 tox|[from] item: Leftovers
|-damage|p2a: Keldeo-Resolute|203\/323 tox|[from] psn
|turn|9
|
|detailschange|p1a: Venusaur|Venusaur-Mega, F
|message|Venusaur has Mega Evolved into Mega Venusaur!
|move|p2a: Keldeo-Resolute|Scald|p1a: Venusaur
|-crit|p1a: Venusaur
|-resisted|p1a: Venusaur
|-damage|p1a: Venusaur|163\/364
|-status|p1a: Venusaur|brn
|move|p1a: Venusaur|Leech Seed|p2a: Keldeo-Resolute
|-start|p2a: Keldeo-Resolute|move: Leech Seed
|
|-heal|p2a: Keldeo-Resolute|223\/323 tox|[from] item: Leftovers
|-damage|p2a: Keldeo-Resolute|183\/323 tox|[from] Leech Seed|[of] p1a: Venusaur
|-heal|p1a: Venusaur|203\/364 brn|[silent]
|-damage|p2a: Keldeo-Resolute|123\/323 tox|[from] psn
|-damage|p1a: Venusaur|158\/364 brn|[from] brn
|turn|10
|
|move|p2a: Keldeo-Resolute|Calm Mind|p2a: Keldeo-Resolute
|-boost|p2a: Keldeo-Resolute|spa|1
|-boost|p2a: Keldeo-Resolute|spd|1
|move|p1a: Venusaur|Leech Seed|p2a: Keldeo-Resolute
|-fail|p2a: Keldeo-Resolute
|
|-heal|p2a: Keldeo-Resolute|143\/323 tox|[from] item: Leftovers
|-damage|p2a: Keldeo-Resolute|103\/323 tox|[from] Leech Seed|[of] p1a: Venusaur
|-heal|p1a: Venusaur|198\/364 brn|[silent]
|-damage|p2a: Keldeo-Resolute|23\/323 tox|[from] psn
|-damage|p1a: Venusaur|153\/364 brn|[from] brn
|turn|11
|
|move|p2a: Keldeo-Resolute|Secret Sword|p1a: Venusaur
|-resisted|p1a: Venusaur
|-damage|p1a: Venusaur|88\/364 brn
|move|p1a: Venusaur|Synthesis|p1a: Venusaur
|-heal|p1a: Venusaur|270\/364 brn
|
|-heal|p2a: Keldeo-Resolute|43\/323 tox|[from] item: Leftovers
|-damage|p2a: Keldeo-Resolute|3\/323 tox|[from] Leech Seed|[of] p1a: Venusaur
|-heal|p1a: Venusaur|310\/364 brn|[silent]
|-damage|p2a: Keldeo-Resolute|0 fnt|[from] psn
|-damage|p1a: Venusaur|265\/364 brn|[from] brn
|faint|p2a: Keldeo-Resolute
|
|switch|p2a: Heracross|Heracross, F|364\/364
|-damage|p2a: Heracross|273\/364|[from] Spikes
|-damage|p2a: Heracross|228\/364|[from] Stealth Rock
|turn|12
|
|detailschange|p2a: Heracross|Heracross-Mega, F
|message|Heracross has Mega Evolved into Mega Heracross!
|move|p2a: Heracross|Pin Missile|p1a: Venusaur
|-damage|p1a: Venusaur|223\/364 brn
|-damage|p1a: Venusaur|180\/364 brn
|-damage|p1a: Venusaur|135\/364 brn
|-damage|p1a: Venusaur|92\/364 brn
|-damage|p1a: Venusaur|52\/364 brn
|-hitcount|p1a: Venusaur|5
|move|p1a: Venusaur|Hidden Power|p2a: Heracross
|-supereffective|p2a: Heracross
|-damage|p2a: Heracross|118\/364
|
|-damage|p1a: Venusaur|7\/364 brn|[from] brn
|turn|13
|
|move|p1a: Venusaur|Hidden Power|p2a: Heracross
|-crit|p2a: Heracross
|-supereffective|p2a: Heracross
|-damage|p2a: Heracross|0 fnt
|faint|p2a: Heracross
|
|-damage|p1a: Venusaur|0 fnt|[from] brn
|faint|p1a: Venusaur
|
|switch|p1a: Heatran|Heatran, M|298\/340
|-damage|p1a: Heatran|256\/340|[from] Stealth Rock
|switch|p2a: Landorus-Therian|Landorus-Therian, M|381\/381
|-damage|p2a: Landorus-Therian|334\/381|[from] Stealth Rock
|-item|p1a: Heatran|Air Balloon
|-ability|p2a: Landorus-Therian|Intimidate|[of] p1a: Heatran
|-unboost|p1a: Heatran|atk|1
|turn|14
|
|move|p1a: Heatran|Fire Blast|p2a: Landorus-Therian
|-damage|p2a: Landorus-Therian|153\/381
|move|p2a: Landorus-Therian|U-turn|p1a: Heatran
|-resisted|p1a: Heatran
|-damage|p1a: Heatran|241\/340
|-enditem|p1a: Heatran|Air Balloon
|
|switch|p2a: Cresselia|Cresselia, F|444\/444
|-damage|p2a: Cresselia|389\/444|[from] Stealth Rock
|
|turn|15
|
|move|p1a: Heatran|Taunt|p2a: Cresselia
|-start|p2a: Cresselia|move: Taunt
|cant|p2a: Cresselia|move: Taunt|Thunder Wave
|
|turn|16
|
|switch|p2a: Landorus-Therian|Landorus-Therian, M|153\/381
|-damage|p2a: Landorus-Therian|106\/381|[from] Stealth Rock
|-ability|p2a: Landorus-Therian|Intimidate|[of] p1a: Heatran
|-unboost|p1a: Heatran|atk|1
|move|p1a: Heatran|Toxic|p2a: Landorus-Therian|[miss]
|-miss|p1a: Heatran|p2a: Landorus-Therian
|
|turn|17
|
|move|p1a: Heatran|Fire Blast|p2a: Landorus-Therian
|-damage|p2a: Landorus-Therian|0 fnt
|faint|p2a: Landorus-Therian
|
|
|switch|p2a: Manaphy|Manaphy|373\/373
|-damage|p2a: Manaphy|327\/373|[from] Stealth Rock
|-damage|p2a: Manaphy|234\/373|[from] Spikes
|turn|18
|
|switch|p1a: Skarmory|Skarmory, F|1\/334
|-damage|p1a: Skarmory|0 fnt|[from] Stealth Rock
|faint|p1a: Skarmory
|move|p2a: Manaphy|Tail Glow|p2a: Manaphy
|-boost|p2a: Manaphy|spa|3
|
|-heal|p2a: Manaphy|257\/373|[from] item: Leftovers
|
|switch|p1a: Chansey|Chansey, F|684\/684
|-damage|p1a: Chansey|599\/684|[from] Stealth Rock
|turn|19
|
|move|p2a: Manaphy|Rain Dance|p2a: Manaphy
|-weather|RainDance
|move|p1a: Chansey|Seismic Toss|p2a: Manaphy
|-damage|p2a: Manaphy|157\/373
|
|-weather|RainDance|[upkeep]
|-heal|p2a: Manaphy|180\/373|[from] item: Leftovers
|turn|20
|
|move|p2a: Manaphy|Scald|p1a: Chansey
|-damage|p1a: Chansey|325\/684
|move|p1a: Chansey|Seismic Toss|p2a: Manaphy
|-damage|p2a: Manaphy|80\/373
|
|-weather|RainDance|[upkeep]
|-heal|p2a: Manaphy|103\/373|[from] item: Leftovers
|turn|21
|
|move|p2a: Manaphy|Scald|p1a: Chansey
|-damage|p1a: Chansey|48\/684
|move|p1a: Chansey|Seismic Toss|p2a: Manaphy
|-damage|p2a: Manaphy|3\/373
|
|-weather|RainDance|[upkeep]
|-heal|p2a: Manaphy|26\/373|[from] item: Leftovers
|turn|22
|
|move|p2a: Manaphy|Scald|p1a: Chansey
|-damage|p1a: Chansey|0 fnt
|faint|p1a: Chansey
|
|-weather|RainDance|[upkeep]
|-heal|p2a: Manaphy|49\/373|[from] item: Leftovers
|
|switch|p1a: Keldeo|Keldeo|323\/323
|-damage|p1a: Keldeo|303\/323|[from] Stealth Rock
|turn|23
|
|switch|p2a: Cresselia|Cresselia, F|389\/444
|-damage|p2a: Cresselia|334\/444|[from] Stealth Rock
|move|p1a: Keldeo|Scald|p2a: Cresselia
|-damage|p2a: Cresselia|196\/444
|-status|p2a: Cresselia|brn
|
|-weather|none
|-heal|p1a: Keldeo|323\/323|[from] item: Leftovers
|-damage|p2a: Cresselia|141\/444 brn|[from] brn
|turn|24
|
|move|p1a: Keldeo|Scald|p2a: Cresselia
|-damage|p2a: Cresselia|54\/444 brn
|move|p2a: Cresselia|Lunar Dance|p2a: Cresselia
|faint|p2a: Cresselia
|
|
|switch|p2a: Manaphy|Manaphy|49\/373
|-heal|p2a: Manaphy|373\/373|[from] move: Lunar Dance
|-damage|p2a: Manaphy|327\/373|[from] Stealth Rock
|-damage|p2a: Manaphy|234\/373|[from] Spikes
|turn|25
|
|move|p1a: Keldeo|Secret Sword|p2a: Manaphy
|-damage|p2a: Manaphy|96\/373
|move|p2a: Manaphy|Psychic|p1a: Keldeo
|-supereffective|p1a: Keldeo
|-damage|p1a: Keldeo|99\/323
|
|-heal|p1a: Keldeo|119\/323|[from] item: Leftovers
|-heal|p2a: Manaphy|119\/373|[from] item: Leftovers
|turn|26
|
|move|p1a: Keldeo|Secret Sword|p2a: Manaphy
|-damage|p2a: Manaphy|0 fnt
|faint|p2a: Manaphy
|
|-heal|p1a: Keldeo|139\/323|[from] item: Leftovers
|-message|MaatMattos forfeited.
|
|win|haterss gonna hate
|raw|Ladder updating...
|leave|MaatMattos
|player|p2
|raw|haterss gonna hate's rating: 1823 &rarr; <strong>1841<\/strong><br \/>(+18 for winning)
|raw|MaatMattos's rating: 1795 &rarr; <strong>1776<\/strong><br \/>(-19 for losing)