|join|Reverb
|join|MaatMattos
|player|p1|Reverb|#reverb
|player|p2|MaatMattos|52
|gametype|singles
|gen|6
|tier|OU
|rated
|clearpoke
|poke|p1|Landorus-Therian, M
|poke|p1|Conkeldurr, M
|poke|p1|Magnezone
|poke|p1|Azumarill, F
|poke|p1|Pinsir, M
|poke|p1|Empoleon, F
|poke|p2|Manaphy
|poke|p2|Keldeo-Resolute
|poke|p2|Cresselia, F
|poke|p2|Gengar, F
|poke|p2|Landorus-Therian, M
|poke|p2|Medicham, M
|rule|Swagger Clause: Swagger is banned
|rule|Baton Pass Clause: Limit one PokÃ©mon knowing Baton Pass
|rule|Sleep Clause Mod: Limit one foe put to sleep
|rule|Species Clause: Limit one of each PokÃ©mon
|rule|OHKO Clause: OHKO moves are banned
|rule|Moody Clause: Moody is banned
|rule|Evasion Moves Clause: Evasion moves are banned
|rule|Endless Battle Clause: Forcing endless battles is banned
|rule|HP Percentage Mod: HP is shown in percentages
|teampreview
|join|GBoey1
|
|start
|switch|p1a: Pinsir|Pinsir, M|271\/271
|switch|p2a: Medicham|Medicham, M|261\/261
|turn|1
|c| GBoey1|bop
|
|detailschange|p1a: Pinsir|Pinsir-Mega, M
|message|Pinsir has Mega Evolved into Mega Pinsir!
|detailschange|p2a: Medicham|Medicham-Mega, M
|message|Medicham has Mega Evolved into Mega Medicham!
|move|p2a: Medicham|Fake Out|p1a: Pinsir
|-damage|p1a: Pinsir|195\/271
|cant|p1a: Pinsir|flinch
|
|turn|2
|
|switch|p2a: Landorus-Therian|Landorus-Therian, M|381\/381
|-ability|p2a: Landorus-Therian|Intimidate|[of] p1a: Pinsir
|-unboost|p1a: Pinsir|atk|1
|move|p1a: Pinsir|Return|p2a: Landorus-Therian
|-damage|p2a: Landorus-Therian|242\/381
|-damage|p1a: Pinsir|150\/271|[from] item: Rocky Helmet|[of] p2a: Landorus-Therian
|
|turn|3
|
|switch|p1a: Empoleon|Empoleon, F|371\/371
|move|p2a: Landorus-Therian|Stealth Rock|p1a: Empoleon
|-sidestart|p1: Reverb|move: Stealth Rock
|
|turn|4
|join|Austin
|
|switch|p2a: Cresselia|Cresselia, F|444\/444
|move|p1a: Empoleon|Stealth Rock|p2a: Cresselia
|-sidestart|p2: MaatMattos|move: Stealth Rock
|
|turn|5
|join|LT1A questionairre
|
|move|p2a: Cresselia|Thunder Wave|p1a: Empoleon
|-status|p1a: Empoleon|par
|cant|p1a: Empoleon|par
|
|turn|6
|
|move|p2a: Cresselia|Reflect|p2a: Cresselia
|-sidestart|p2: MaatMattos|Reflect
|move|p1a: Empoleon|Defog|p2a: Cresselia
|-unboost|p2a: Cresselia|evasion|1
|-sideend|p2: MaatMattos|Reflect
|-sideend|p2: MaatMattos|Reflect|[from] move: Defog|[of] p2a: Cresselia
|-sideend|p2: MaatMattos|Stealth Rock|[from] move: Defog|[of] p2a: Cresselia
|-sideend|p1: Reverb|Stealth Rock|[from] move: Defog|[of] p1a: Empoleon
|
|turn|7
|join|Crazy88
|
|move|p2a: Cresselia|Reflect|p2a: Cresselia
|-sidestart|p2: MaatMattos|Reflect
|cant|p1a: Empoleon|par
|
|turn|8
|c| LT1A questionairre|reverb u sure like that  team
|
|move|p2a: Cresselia|Light Screen|p2a: Cresselia
|-sidestart|p2: MaatMattos|move: Light Screen
|move|p1a: Empoleon|Stealth Rock|p2a: Cresselia
|-sidestart|p2: MaatMattos|move: Stealth Rock
|
|turn|9
|
|switch|p2a: Gengar|Gengar, F|261\/261
|-damage|p2a: Gengar|229\/261|[from] Stealth Rock
|move|p1a: Empoleon|Roar|p2a: Gengar
|drag|p2a: Cresselia|Cresselia, F|444\/444
|-damage|p2a: Cresselia|389\/444|[from] Stealth Rock
|
|turn|10
|c| GBoey1|:o
|c| Crazy88|no defog?
|
|switch|p2a: Landorus-Therian|Landorus-Therian, M|242\/381
|-damage|p2a: Landorus-Therian|195\/381|[from] Stealth Rock
|-ability|p2a: Landorus-Therian|Intimidate|[of] p1a: Empoleon
|-unboost|p1a: Empoleon|atk|1
|move|p1a: Empoleon|Defog|p2a: Landorus-Therian
|-unboost|p2a: Landorus-Therian|evasion|1
|-sideend|p2: MaatMattos|Reflect
|-sideend|p2: MaatMattos|Reflect|[from] move: Defog|[of] p2a: Landorus-Therian
|-sideend|p2: MaatMattos|move: Light Screen
|-sideend|p2: MaatMattos|Light Screen|[from] move: Defog|[of] p2a: Landorus-Therian
|-sideend|p2: MaatMattos|Stealth Rock|[from] move: Defog|[of] p2a: Landorus-Therian
|
|turn|11
|
|move|p2a: Landorus-Therian|Stealth Rock|p1a: Empoleon
|-sidestart|p1: Reverb|move: Stealth Rock
|move|p1a: Empoleon|Scald|p2a: Landorus-Therian
|-supereffective|p2a: Landorus-Therian
|-damage|p2a: Landorus-Therian|0 fnt
|faint|p2a: Landorus-Therian
|
|c| Crazy88|so risky with para
|
|switch|p2a: Medicham|Medicham-Mega, M|261\/261
|turn|12
|
|switch|p1a: Landorus-Therian|Landorus-Therian, M|328\/328
|-damage|p1a: Landorus-Therian|287\/328|[from] Stealth Rock
|-ability|p1a: Landorus-Therian|Intimidate|[of] p2a: Medicham
|-unboost|p2a: Medicham|atk|1
|move|p2a: Medicham|High Jump Kick|p1a: Landorus-Therian
|-resisted|p1a: Landorus-Therian
|-damage|p1a: Landorus-Therian|146\/328
|
|turn|13
|
|move|p1a: Landorus-Therian|U-turn|p2a: Medicham
|-crit|p2a: Medicham
|-damage|p2a: Medicham|110\/261
|
|switch|p1a: Azumarill|Azumarill, F|349\/349
|-damage|p1a: Azumarill|306\/349|[from] Stealth Rock
|move|p2a: Medicham|Ice Punch|p1a: Azumarill
|-resisted|p1a: Azumarill
|-damage|p1a: Azumarill|244\/349
|
|turn|14
|
|move|p1a: Azumarill|Aqua Jet|p2a: Medicham
|-damage|p2a: Medicham|0 fnt
|faint|p2a: Medicham
|
|
|switch|p2a: Gengar|Gengar, F|229\/261
|turn|15
|
|move|p1a: Azumarill|Aqua Jet|p2a: Gengar
|-damage|p2a: Gengar|49\/261
|move|p2a: Gengar|Will-O-Wisp|p1a: Azumarill
|-status|p1a: Azumarill|brn
|
|-heal|p2a: Gengar|65\/261|[from] item: Leftovers
|-damage|p1a: Azumarill|201\/349 brn|[from] brn
|turn|16
|
|switch|p2a: Cresselia|Cresselia, F|389\/444
|move|p1a: Azumarill|Aqua Jet|p2a: Cresselia
|-crit|p2a: Cresselia
|-damage|p2a: Cresselia|301\/444
|
|-damage|p1a: Azumarill|158\/349 brn|[from] brn
|turn|17
|c| GBoey1|reveal
|c| GBoey1|da facade
|
|switch|p1a: Empoleon|Empoleon, F|371\/371 par
|-damage|p1a: Empoleon|348\/371 par|[from] Stealth Rock
|move|p2a: Cresselia|Reflect|p2a: Cresselia
|-sidestart|p2: MaatMattos|Reflect
|
|-heal|p1a: Empoleon|371\/371 par|[from] item: Leftovers
|turn|18
|
|switch|p2a: Gengar|Gengar, F|65\/261
|cant|p1a: Empoleon|par
|
|-heal|p2a: Gengar|81\/261|[from] item: Leftovers
|turn|19
|
|move|p2a: Gengar|Pain Split|p1a: Empoleon
|-sethp|p1a: Empoleon|226\/371 par|p2a: Gengar|226\/261|[from] move: Pain Split
|cant|p1a: Empoleon|par
|
|-heal|p2a: Gengar|242\/261|[from] item: Leftovers
|-heal|p1a: Empoleon|249\/371 par|[from] item: Leftovers
|turn|20
|
|move|p2a: Gengar|Hex|p1a: Empoleon
|-damage|p1a: Empoleon|42\/371 par
|move|p1a: Empoleon|Defog|p2a: Gengar
|-unboost|p2a: Gengar|evasion|1
|-sideend|p2: MaatMattos|Reflect
|-sideend|p2: MaatMattos|Reflect|[from] move: Defog|[of] p2a: Gengar
|-sideend|p1: Reverb|Stealth Rock|[from] move: Defog|[of] p1a: Empoleon
|
|-heal|p2a: Gengar|258\/261|[from] item: Leftovers
|-heal|p1a: Empoleon|65\/371 par|[from] item: Leftovers
|turn|21
|c| Crazy88|phew
|c| GBoey1|is hex that legit
|
|switch|p1a: Azumarill|Azumarill, F|158\/349 brn
|move|p2a: Gengar|Hex|p1a: Azumarill
|-damage|p1a: Azumarill|0 fnt
|faint|p1a: Azumarill
|
|-heal|p2a: Gengar|261\/261|[from] item: Leftovers
|join|Dimitri0029
|join|True Monado
|
|switch|p1a: Conkeldurr|Conkeldurr, M|365\/365
|turn|22
|leave|GBoey1
|c|âMaatMattos|130 base power
|c|âMaatMattos|you tell me
|
|move|p2a: Gengar|Will-O-Wisp|p1a: Conkeldurr|[miss]
|-miss|p2a: Gengar|p1a: Conkeldurr
|move|p1a: Conkeldurr|Knock Off|p2a: Gengar
|-supereffective|p2a: Gengar
|-damage|p2a: Gengar|0 fnt
|-enditem|p2a: Gengar|Leftovers|[from] move: Knock Off|[of] p1a: Conkeldurr
|faint|p2a: Gengar
|
|c|âReverb|im guts
|
|switch|p2a: Manaphy|Manaphy|373\/373
|turn|23
|
|move|p2a: Manaphy|Tail Glow|p2a: Manaphy
|-boost|p2a: Manaphy|spa|3
|move|p1a: Conkeldurr|Knock Off|p2a: Manaphy
|-damage|p2a: Manaphy|231\/373
|-enditem|p2a: Manaphy|Leftovers|[from] move: Knock Off|[of] p1a: Conkeldurr
|
|turn|24
|
|switch|p1a: Empoleon|Empoleon, F|65\/371 par
|move|p2a: Manaphy|Psychic|p1a: Empoleon
|-resisted|p1a: Empoleon
|-damage|p1a: Empoleon|0 fnt
|faint|p1a: Empoleon
|
|
|switch|p1a: Magnezone|Magnezone|282\/282
|turn|25
|c| Crazy88|how much does volt do
|c| Crazy88|hmm
|
|switch|p2a: Keldeo-Resolute|Keldeo-Resolute|323\/323
|move|p1a: Magnezone|Thunderbolt|p2a: Keldeo-Resolute
|-supereffective|p2a: Keldeo-Resolute
|-damage|p2a: Keldeo-Resolute|0 fnt
|faint|p2a: Keldeo-Resolute
|
|
|switch|p2a: Cresselia|Cresselia, F|301\/444
|turn|26
|
|switch|p1a: Pinsir|Pinsir-Mega, M|150\/271
|move|p2a: Cresselia|Reflect|p2a: Cresselia
|-sidestart|p2: MaatMattos|Reflect
|
|turn|27
|
|move|p1a: Pinsir|Substitute|p1a: Pinsir
|-start|p1a: Pinsir|Substitute
|-damage|p1a: Pinsir|83\/271
|move|p2a: Cresselia|Thunder Wave|p1a: Pinsir
|
|turn|28
|c|âMaatMattos|dam
|
|move|p1a: Pinsir|Return|p2a: Cresselia
|-damage|p2a: Cresselia|195\/444
|move|p2a: Cresselia|Light Screen|p2a: Cresselia
|-sidestart|p2: MaatMattos|move: Light Screen
|
|turn|29
|
|move|p1a: Pinsir|Return|p2a: Cresselia
|-damage|p2a: Cresselia|80\/444
|move|p2a: Cresselia|Lunar Dance|p2a: Cresselia
|faint|p2a: Cresselia
|
|
|switch|p2a: Manaphy|Manaphy|231\/373
|-heal|p2a: Manaphy|373\/373|[from] move: Lunar Dance
|turn|30
|
|move|p1a: Pinsir|Return|p2a: Manaphy
|-damage|p2a: Manaphy|239\/373
|move|p2a: Manaphy|Scald|p1a: Pinsir
|-end|p1a: Pinsir|Substitute
|
|turn|31
|c| Crazy88|whoa bulky
|
|move|p1a: Pinsir|Substitute|p1a: Pinsir
|-start|p1a: Pinsir|Substitute
|-damage|p1a: Pinsir|16\/271
|move|p2a: Manaphy|Scald|p1a: Pinsir
|-end|p1a: Pinsir|Substitute
|
|turn|32
|
|switch|p1a: Conkeldurr|Conkeldurr, M|365\/365
|move|p2a: Manaphy|Scald|p1a: Conkeldurr
|-damage|p1a: Conkeldurr|269\/365
|
|turn|33
|
|move|p2a: Manaphy|Tail Glow|p2a: Manaphy
|-boost|p2a: Manaphy|spa|3
|move|p1a: Conkeldurr|Drain Punch|p2a: Manaphy
|-damage|p2a: Manaphy|165\/373
|-heal|p1a: Conkeldurr|306\/365|[from] drain|[of] p2a: Manaphy
|
|-sideend|p2: MaatMattos|Reflect
|turn|34
|c|âMaatMattos|it has been fun
|
|move|p2a: Manaphy|Psychic|p1a: Conkeldurr
|-supereffective|p1a: Conkeldurr
|-damage|p1a: Conkeldurr|0 fnt
|faint|p1a: Conkeldurr
|
|c|âMaatMattos|;p gg
|
|switch|p1a: Pinsir|Pinsir-Mega, M|16\/271
|turn|35
|c|âReverb|  gg
|
|move|p1a: Pinsir|Flail|p2a: Manaphy
|-damage|p2a: Manaphy|0 fnt
|faint|p2a: Manaphy
|
|win|Reverb
|raw|Ladder updating...
|raw|Reverb's rating: 1789 &rarr; <strong>1813<\/strong><br \/>(+24 for winning)
|raw|MaatMattos's rating: 1859 &rarr; <strong>1835<\/strong><br \/>(-24 for losing)
|leave|MaatMattos
|player|p2
|leave|Crazy88