|join|Reverb
|join|MaatMattos
|player|p1|Reverb|#reverb
|player|p2|MaatMattos|52
|gametype|singles
|gen|6
|tier|OU
|rated
|clearpoke
|poke|p1|Landorus-Therian, M
|poke|p1|Conkeldurr, M
|poke|p1|Magnezone
|poke|p1|Azumarill, F
|poke|p1|Pinsir, M
|poke|p1|Empoleon, F
|poke|p2|Manaphy
|poke|p2|Keldeo-Resolute
|poke|p2|Garchomp, F
|poke|p2|Magnezone
|poke|p2|Cresselia, F
|poke|p2|Landorus-Therian, M
|rule|Swagger Clause: Swagger is banned
|rule|Baton Pass Clause: Limit one PokÃ©mon knowing Baton Pass
|rule|Sleep Clause Mod: Limit one foe put to sleep
|rule|Species Clause: Limit one of each PokÃ©mon
|rule|OHKO Clause: OHKO moves are banned
|rule|Moody Clause: Moody is banned
|rule|Evasion Moves Clause: Evasion moves are banned
|rule|Endless Battle Clause: Forcing endless battles is banned
|rule|HP Percentage Mod: HP is shown in percentages
|teampreview
|
|start
|switch|p1a: Azumarill|Azumarill, F|349\/349
|switch|p2a: Magnezone|Magnezone|281\/281
|turn|1
|
|switch|p1a: Landorus-Therian|Landorus-Therian, M|328\/328
|-ability|p1a: Landorus-Therian|Intimidate|[of] p2a: Magnezone
|-unboost|p2a: Magnezone|atk|1
|move|p2a: Magnezone|Flash Cannon|p1a: Landorus-Therian
|-damage|p1a: Landorus-Therian|145\/328
|
|turn|2
|join|Austin
|
|switch|p2a: Landorus-Therian|Landorus-Therian, M|381\/381
|-ability|p2a: Landorus-Therian|Intimidate|[of] p1a: Landorus-Therian
|-unboost|p1a: Landorus-Therian|atk|1
|move|p1a: Landorus-Therian|U-turn|p2a: Landorus-Therian
|-resisted|p2a: Landorus-Therian
|-damage|p2a: Landorus-Therian|359\/381
|-damage|p1a: Landorus-Therian|91\/328|[from] item: Rocky Helmet|[of] p2a: Landorus-Therian
|
|switch|p1a: Empoleon|Empoleon, F|371\/371
|
|turn|3
|
|move|p2a: Landorus-Therian|Earthquake|p1a: Empoleon
|-supereffective|p1a: Empoleon
|-damage|p1a: Empoleon|95\/371
|move|p1a: Empoleon|Scald|p2a: Landorus-Therian
|-supereffective|p2a: Landorus-Therian
|-damage|p2a: Landorus-Therian|0 fnt
|faint|p2a: Landorus-Therian
|
|-heal|p1a: Empoleon|118\/371|[from] item: Leftovers
|
|switch|p2a: Keldeo-Resolute|Keldeo-Resolute|323\/323
|turn|4
|
|switch|p1a: Azumarill|Azumarill, F|349\/349
|move|p2a: Keldeo-Resolute|Secret Sword|p1a: Azumarill
|-resisted|p1a: Azumarill
|-damage|p1a: Azumarill|275\/349
|
|turn|5
|
|switch|p2a: Magnezone|Magnezone|281\/281
|move|p1a: Azumarill|Waterfall|p2a: Magnezone
|-crit|p2a: Magnezone
|-damage|p2a: Magnezone|0 fnt
|faint|p2a: Magnezone
|
|c| Austin|Lel
|
|switch|p2a: Cresselia|Cresselia, F|444\/444
|turn|6
|
|switch|p1a: Empoleon|Empoleon, F|118\/371
|move|p2a: Cresselia|Thunder Wave|p1a: Empoleon
|-status|p1a: Empoleon|par
|
|-heal|p1a: Empoleon|141\/371 par|[from] item: Leftovers
|turn|7
|
|move|p2a: Cresselia|Reflect|p2a: Cresselia
|-sidestart|p2: MaatMattos|Reflect
|move|p1a: Empoleon|Stealth Rock|p2a: Cresselia
|-sidestart|p2: MaatMattos|move: Stealth Rock
|
|-heal|p1a: Empoleon|164\/371 par|[from] item: Leftovers
|turn|8
|
|switch|p1a: Azumarill|Azumarill, F|275\/349
|move|p2a: Cresselia|Light Screen|p2a: Cresselia
|-sidestart|p2: MaatMattos|move: Light Screen
|
|turn|9
|
|move|p2a: Cresselia|Thunder Wave|p1a: Azumarill
|-status|p1a: Azumarill|par
|cant|p1a: Azumarill|par
|
|turn|10
|
|switch|p2a: Manaphy|Manaphy|373\/373
|-damage|p2a: Manaphy|327\/373|[from] Stealth Rock
|move|p1a: Azumarill|Brick Break|p2a: Manaphy
|-sideend|p2: MaatMattos|Reflect
|-sideend|p2: MaatMattos|move: Light Screen
|-damage|p2a: Manaphy|178\/373
|
|-heal|p2a: Manaphy|201\/373|[from] item: Leftovers
|turn|11
|
|move|p2a: Manaphy|Tail Glow|p2a: Manaphy
|-boost|p2a: Manaphy|spa|3
|move|p1a: Azumarill|Brick Break|p2a: Manaphy
|-damage|p2a: Manaphy|50\/373
|
|-heal|p2a: Manaphy|73\/373|[from] item: Leftovers
|turn|12
|
|switch|p1a: Empoleon|Empoleon, F|164\/371 par
|move|p2a: Manaphy|Psychic|p1a: Empoleon
|-crit|p1a: Empoleon
|-resisted|p1a: Empoleon
|-damage|p1a: Empoleon|0 fnt
|faint|p1a: Empoleon
|
|-heal|p2a: Manaphy|96\/373|[from] item: Leftovers
|
|switch|p1a: Landorus-Therian|Landorus-Therian, M|91\/328
|-ability|p1a: Landorus-Therian|Intimidate|[of] p2a: Manaphy
|-unboost|p2a: Manaphy|atk|1
|turn|13
|
|switch|p2a: Garchomp|Garchomp, F|419\/419
|-damage|p2a: Garchomp|393\/419|[from] Stealth Rock
|move|p1a: Landorus-Therian|Earthquake|p2a: Garchomp
|-damage|p2a: Garchomp|203\/419
|
|turn|14
|join|Im TwisTeD
|c|âReverb|max?
|
|detailschange|p2a: Garchomp|Garchomp-Mega, F
|message|Garchomp has Mega Evolved into Mega Garchomp!
|move|p1a: Landorus-Therian|Earthquake|p2a: Garchomp
|-damage|p2a: Garchomp|23\/419
|move|p2a: Garchomp|Dual Chop|p1a: Landorus-Therian
|-damage|p1a: Landorus-Therian|0 fnt
|-hitcount|p1a: Landorus-Therian|1
|faint|p1a: Landorus-Therian
|
|
|switch|p1a: Conkeldurr|Conkeldurr, M|365\/365
|turn|15
|leave|Im TwisTeD
|
|move|p1a: Conkeldurr|Mach Punch|p2a: Garchomp
|-damage|p2a: Garchomp|0 fnt
|faint|p2a: Garchomp
|
|
|switch|p2a: Keldeo-Resolute|Keldeo-Resolute|323\/323
|-damage|p2a: Keldeo-Resolute|303\/323|[from] Stealth Rock
|turn|16
|
|move|p2a: Keldeo-Resolute|Scald|p1a: Conkeldurr
|-damage|p1a: Conkeldurr|266\/365
|move|p1a: Conkeldurr|Drain Punch|p2a: Keldeo-Resolute
|-damage|p2a: Keldeo-Resolute|131\/323
|-heal|p1a: Conkeldurr|352\/365|[from] drain|[of] p2a: Keldeo-Resolute
|
|-heal|p2a: Keldeo-Resolute|151\/323|[from] item: Leftovers
|turn|17
|
|move|p2a: Keldeo-Resolute|Scald|p1a: Conkeldurr
|-damage|p1a: Conkeldurr|247\/365
|move|p1a: Conkeldurr|Drain Punch|p2a: Keldeo-Resolute
|-damage|p2a: Keldeo-Resolute|0 fnt
|-heal|p1a: Conkeldurr|323\/365|[from] drain|[of] p2a: Keldeo-Resolute
|faint|p2a: Keldeo-Resolute
|
|c|âMaatMattos|assault vest lol
|
|switch|p2a: Cresselia|Cresselia, F|444\/444
|-damage|p2a: Cresselia|389\/444|[from] Stealth Rock
|turn|18
|c|âMaatMattos|your team is very solid.
|
|move|p2a: Cresselia|Thunder Wave|p1a: Conkeldurr
|-status|p1a: Conkeldurr|par
|move|p1a: Conkeldurr|Knock Off|p2a: Cresselia
|-supereffective|p2a: Cresselia
|-damage|p2a: Cresselia|27\/444
|-enditem|p2a: Cresselia|Light Clay|[from] move: Knock Off|[of] p1a: Conkeldurr
|
|turn|19
|c|âReverb|guts
|
|move|p1a: Conkeldurr|Mach Punch|p2a: Cresselia
|-resisted|p2a: Cresselia
|-damage|p2a: Cresselia|0 fnt
|faint|p2a: Cresselia
|
|-message|MaatMattos forfeited.
|
|win|Reverb
|raw|Ladder updating...
|leave|MaatMattos
|player|p2
|raw|Reverb's rating: 1997 &rarr; <strong>2004<\/strong><br \/>(+7 for winning)
|raw|MaatMattos's rating: 1728 &rarr; <strong>1721<\/strong><br \/>(-7 for losing)