|join|MaatMattos
|join|Monster 87
|player|p1|MaatMattos|52
|player|p2|Monster 87|169
|gametype|singles
|gen|6
|tier|OU
|rated
|clearpoke
|poke|p1|Sableye, F
|poke|p1|Manaphy
|poke|p1|Cresselia, F
|poke|p1|Ferrothorn, F
|poke|p1|Landorus-Therian, M
|poke|p1|Keldeo-Resolute
|poke|p2|Charizard, F
|poke|p2|Dugtrio, M
|poke|p2|Conkeldurr, F
|poke|p2|Latias, F, shiny
|poke|p2|Bisharp, F
|poke|p2|Rotom-Wash
|rule|Swagger Clause: Swagger is banned
|rule|Baton Pass Clause: Limit one PokÃ©mon knowing Baton Pass
|rule|Sleep Clause Mod: Limit one foe put to sleep
|rule|Species Clause: Limit one of each PokÃ©mon
|rule|OHKO Clause: OHKO moves are banned
|rule|Moody Clause: Moody is banned
|rule|Evasion Moves Clause: Evasion moves are banned
|rule|Endless Battle Clause: Forcing endless battles is banned
|rule|HP Percentage Mod: HP is shown in percentages
|teampreview
|
|start
|switch|p1a: Sableye|Sableye, F|303\/303
|switch|p2a: NiceNClean|Rotom-Wash|303\/303
|turn|1
|
|switch|p2a: Destruction|Charizard, F|297\/297
|detailschange|p1a: Sableye|Sableye-Mega, F
|message|Sableye has Mega Evolved into Mega Sableye!
|move|p1a: Sableye|Will-O-Wisp|p2a: Destruction
|-fail|p2a: Destruction
|
|turn|2
|
|detailschange|p2a: Destruction|Charizard-Mega-X, F
|message|Charizard has Mega Evolved into Mega Charizard!
|move|p2a: Destruction|Flare Blitz|p1a: Sableye
|-damage|p1a: Sableye|113\/303
|-damage|p2a: Destruction|234\/297|[from] recoil|[of] p1a: Sableye
|move|p1a: Sableye|Calm Mind|p1a: Sableye
|-boost|p1a: Sableye|spa|1
|-boost|p1a: Sableye|spd|1
|
|turn|3
|
|switch|p1a: Landorus-Therian|Landorus-Therian, M|381\/381
|-ability|p1a: Landorus-Therian|Intimidate|[of] p2a: Destruction
|-unboost|p2a: Destruction|atk|1
|move|p2a: Destruction|Dragon Claw|p1a: Landorus-Therian
|-damage|p1a: Landorus-Therian|281\/381
|-damage|p2a: Destruction|185\/297|[from] item: Rocky Helmet|[of] p1a: Landorus-Therian
|
|turn|4
|
|switch|p2a: NiceNClean|Rotom-Wash|303\/303
|move|p1a: Landorus-Therian|Stealth Rock|p2a: NiceNClean
|-sidestart|p2: Monster 87|move: Stealth Rock
|
|turn|5
|
|switch|p1a: Sableye|Sableye-Mega, F|113\/303
|move|p2a: NiceNClean|Volt Switch|p1a: Sableye
|-damage|p1a: Sableye|31\/303
|
|switch|p2a: GAWN|Bisharp, F|291\/291
|-damage|p2a: GAWN|273\/291|[from] Stealth Rock
|
|turn|6
|
|move|p2a: GAWN|Knock Off|p1a: Sableye
|-damage|p1a: Sableye|0 fnt
|faint|p1a: Sableye
|
|
|switch|p1a: Keldeo-Resolute|Keldeo-Resolute|323\/323
|turn|7
|
|switch|p2a: WaifuIsHere|Latias, F, shiny|301\/301
|-damage|p2a: WaifuIsHere|264\/301|[from] Stealth Rock
|move|p1a: Keldeo-Resolute|Substitute|p1a: Keldeo-Resolute
|-start|p1a: Keldeo-Resolute|Substitute
|-damage|p1a: Keldeo-Resolute|243\/323
|
|-heal|p1a: Keldeo-Resolute|263\/323|[from] item: Leftovers
|turn|8
|
|move|p2a: WaifuIsHere|Defog|p1a: Keldeo-Resolute
|-sideend|p2: Monster 87|Stealth Rock|[from] move: Defog|[of] p2a: WaifuIsHere
|move|p1a: Keldeo-Resolute|Scald|p2a: WaifuIsHere
|-resisted|p2a: WaifuIsHere
|-damage|p2a: WaifuIsHere|206\/301
|
|-heal|p1a: Keldeo-Resolute|283\/323|[from] item: Leftovers
|turn|9
|
|move|p2a: WaifuIsHere|Psyshock|p1a: Keldeo-Resolute
|-supereffective|p1a: Keldeo-Resolute
|-end|p1a: Keldeo-Resolute|Substitute
|-damage|p2a: WaifuIsHere|176\/301|[from] item: Life Orb
|move|p1a: Keldeo-Resolute|Scald|p2a: WaifuIsHere
|-resisted|p2a: WaifuIsHere
|-damage|p2a: WaifuIsHere|119\/301
|
|-heal|p1a: Keldeo-Resolute|303\/323|[from] item: Leftovers
|turn|10
|
|switch|p2a: Moses|Conkeldurr, F|364\/364
|switch|p1a: Ferrothorn|Ferrothorn, F|351\/351
|
|turn|11
|
|switch|p1a: Landorus-Therian|Landorus-Therian, M|281\/381
|-ability|p1a: Landorus-Therian|Intimidate|[of] p2a: Moses
|-unboost|p2a: Moses|atk|1
|move|p2a: Moses|Drain Punch|p1a: Landorus-Therian
|-resisted|p1a: Landorus-Therian
|-damage|p1a: Landorus-Therian|237\/381
|-damage|p2a: Moses|304\/364|[from] item: Rocky Helmet|[of] p1a: Landorus-Therian
|
|turn|12
|
|move|p1a: Landorus-Therian|Stealth Rock|p2a: Moses
|-sidestart|p2: Monster 87|move: Stealth Rock
|move|p2a: Moses|Ice Punch|p1a: Landorus-Therian
|-supereffective|p1a: Landorus-Therian
|-damage|p1a: Landorus-Therian|0 fnt
|-damage|p2a: Moses|244\/364|[from] item: Rocky Helmet|[of] p1a: Landorus-Therian
|faint|p1a: Landorus-Therian
|
|
|switch|p1a: Manaphy|Manaphy|341\/341
|turn|13
|
|move|p1a: Manaphy|Psychic|p2a: Moses
|-crit|p2a: Moses
|-supereffective|p2a: Moses
|-damage|p2a: Moses|0 fnt
|faint|p2a: Moses
|
|
|switch|p2a: WaifuIsHere|Latias, F, shiny|119\/301
|-damage|p2a: WaifuIsHere|82\/301|[from] Stealth Rock
|turn|14
|
|switch|p1a: Ferrothorn|Ferrothorn, F|351\/351
|move|p2a: WaifuIsHere|Defog|p1a: Ferrothorn
|-unboost|p1a: Ferrothorn|evasion|1
|-sideend|p2: Monster 87|Stealth Rock|[from] move: Defog|[of] p2a: WaifuIsHere
|
|turn|15
|
|switch|p2a: NiceNClean|Rotom-Wash|303\/303
|move|p1a: Ferrothorn|Leech Seed|p2a: NiceNClean
|-start|p2a: NiceNClean|move: Leech Seed
|
|-damage|p2a: NiceNClean|266\/303|[from] Leech Seed|[of] p1a: Ferrothorn
|turn|16
|
|move|p2a: NiceNClean|Will-O-Wisp|p1a: Ferrothorn
|-status|p1a: Ferrothorn|brn
|move|p1a: Ferrothorn|Spikes|p2a: NiceNClean
|-sidestart|p2: Monster 87|Spikes
|
|-heal|p2a: NiceNClean|284\/303|[from] item: Leftovers
|-damage|p2a: NiceNClean|247\/303|[from] Leech Seed|[of] p1a: Ferrothorn
|-damage|p1a: Ferrothorn|308\/351 brn|[from] brn
|turn|17
|
|move|p2a: NiceNClean|Volt Switch|p1a: Ferrothorn
|-resisted|p1a: Ferrothorn
|-damage|p1a: Ferrothorn|282\/351 brn
|
|switch|p2a: Destruction|Charizard-Mega-X, F|185\/297
|-damage|p2a: Destruction|148\/297|[from] Spikes
|move|p1a: Ferrothorn|Leech Seed|p2a: Destruction
|-start|p2a: Destruction|move: Leech Seed
|
|-heal|p1a: Ferrothorn|303\/351 brn|[from] item: Leftovers
|-damage|p2a: Destruction|111\/297|[from] Leech Seed|[of] p1a: Ferrothorn
|-heal|p1a: Ferrothorn|340\/351 brn|[silent]
|-damage|p1a: Ferrothorn|297\/351 brn|[from] brn
|turn|18
|
|move|p1a: Ferrothorn|Protect|p1a: Ferrothorn
|-singleturn|p1a: Ferrothorn|Protect
|move|p2a: Destruction|Roost|p2a: Destruction
|-heal|p2a: Destruction|260\/297
|
|-heal|p1a: Ferrothorn|318\/351 brn|[from] item: Leftovers
|-damage|p2a: Destruction|223\/297|[from] Leech Seed|[of] p1a: Ferrothorn
|-heal|p1a: Ferrothorn|351\/351 brn|[silent]
|-damage|p1a: Ferrothorn|308\/351 brn|[from] brn
|turn|19
|
|switch|p2a: NiceNClean|Rotom-Wash|247\/303
|switch|p1a: Cresselia|Cresselia, F|443\/443
|
|-heal|p2a: NiceNClean|265\/303|[from] item: Leftovers
|turn|20
|
|move|p1a: Cresselia|Reflect|p1a: Cresselia
|-sidestart|p1: MaatMattos|Reflect
|move|p2a: NiceNClean|Volt Switch|p1a: Cresselia
|-damage|p1a: Cresselia|388\/443
|
|switch|p2a: GAWN|Bisharp, F|273\/291
|-damage|p2a: GAWN|237\/291|[from] Spikes
|
|turn|21
|
|move|p2a: GAWN|Knock Off|p1a: Cresselia
|-supereffective|p1a: Cresselia
|-damage|p1a: Cresselia|196\/443
|-enditem|p1a: Cresselia|Light Clay|[from] move: Knock Off|[of] p2a: GAWN
|move|p1a: Cresselia|Thunder Wave|p2a: GAWN
|-status|p2a: GAWN|par
|
|turn|22
|
|move|p1a: Cresselia|Light Screen|p1a: Cresselia
|-sidestart|p1: MaatMattos|move: Light Screen
|move|p2a: GAWN|Swords Dance|p2a: GAWN
|-boost|p2a: GAWN|atk|2
|
|turn|23
|
|move|p1a: Cresselia|Lunar Dance|p1a: Cresselia
|faint|p1a: Cresselia
|move|p2a: GAWN|Swords Dance|p2a: GAWN
|-boost|p2a: GAWN|atk|2
|
|
|switch|p1a: Keldeo-Resolute|Keldeo-Resolute|303\/323
|-heal|p1a: Keldeo-Resolute|323\/323|[from] move: Lunar Dance
|turn|24
|
|move|p2a: GAWN|Sucker Punch|p1a: Keldeo-Resolute
|-fail|p1a: Keldeo-Resolute
|move|p1a: Keldeo-Resolute|Substitute|p1a: Keldeo-Resolute
|-start|p1a: Keldeo-Resolute|Substitute
|-damage|p1a: Keldeo-Resolute|243\/323
|
|-heal|p1a: Keldeo-Resolute|263\/323|[from] item: Leftovers
|turn|25
|
|switch|p2a: NiceNClean|Rotom-Wash|265\/303
|move|p1a: Keldeo-Resolute|Secret Sword|p2a: NiceNClean
|-damage|p2a: NiceNClean|168\/303
|
|-heal|p1a: Keldeo-Resolute|283\/323|[from] item: Leftovers
|-heal|p2a: NiceNClean|186\/303|[from] item: Leftovers
|turn|26
|
|move|p1a: Keldeo-Resolute|Calm Mind|p1a: Keldeo-Resolute
|-boost|p1a: Keldeo-Resolute|spa|1
|-boost|p1a: Keldeo-Resolute|spd|1
|move|p2a: NiceNClean|Volt Switch|p1a: Keldeo-Resolute
|-supereffective|p1a: Keldeo-Resolute
|-activate|p1a: Keldeo-Resolute|Substitute|[damage]
|
|switch|p2a: HitThatDuggy|Dugtrio, M|201\/201
|-damage|p2a: HitThatDuggy|176\/201|[from] Spikes
|
|-heal|p1a: Keldeo-Resolute|303\/323|[from] item: Leftovers
|-sideend|p1: MaatMattos|move: Light Screen
|turn|27
|
|move|p2a: HitThatDuggy|Earthquake|p1a: Keldeo-Resolute
|-end|p1a: Keldeo-Resolute|Substitute
|move|p1a: Keldeo-Resolute|Scald|p2a: HitThatDuggy
|-supereffective|p2a: HitThatDuggy
|-damage|p2a: HitThatDuggy|0 fnt
|faint|p2a: HitThatDuggy
|
|-heal|p1a: Keldeo-Resolute|323\/323|[from] item: Leftovers
|-sideend|p1: MaatMattos|Reflect
|
|switch|p2a: NiceNClean|Rotom-Wash|186\/303
|turn|28
|
|move|p1a: Keldeo-Resolute|Secret Sword|p2a: NiceNClean
|-damage|p2a: NiceNClean|41\/303
|move|p2a: NiceNClean|Pain Split|p1a: Keldeo-Resolute
|-sethp|p1a: Keldeo-Resolute|182\/323|p2a: NiceNClean|182\/303|[from] move: Pain Split
|
|-heal|p1a: Keldeo-Resolute|202\/323|[from] item: Leftovers
|-heal|p2a: NiceNClean|200\/303|[from] item: Leftovers
|turn|29
|
|move|p1a: Keldeo-Resolute|Secret Sword|p2a: NiceNClean
|-damage|p2a: NiceNClean|56\/303
|move|p2a: NiceNClean|Volt Switch|p1a: Keldeo-Resolute
|-supereffective|p1a: Keldeo-Resolute
|-damage|p1a: Keldeo-Resolute|64\/323
|
|switch|p2a: WaifuIsHere|Latias, F, shiny|82\/301
|
|-heal|p1a: Keldeo-Resolute|84\/323|[from] item: Leftovers
|turn|30
|
|switch|p1a: Ferrothorn|Ferrothorn, F|308\/351 brn
|move|p2a: WaifuIsHere|Healing Wish|p2a: WaifuIsHere
|faint|p2a: WaifuIsHere
|
|-heal|p1a: Ferrothorn|329\/351 brn|[from] item: Leftovers
|-damage|p1a: Ferrothorn|286\/351 brn|[from] brn
|
|switch|p2a: GAWN|Bisharp, F|237\/291 par
|-heal|p2a: GAWN|291\/291|[from] move: Healing Wish
|-damage|p2a: GAWN|255\/291|[from] Spikes
|turn|31
|
|move|p2a: GAWN|Swords Dance|p2a: GAWN
|-boost|p2a: GAWN|atk|2
|move|p1a: Ferrothorn|Leech Seed|p2a: GAWN|[miss]
|-miss|p1a: Ferrothorn|p2a: GAWN
|
|-heal|p1a: Ferrothorn|307\/351 brn|[from] item: Leftovers
|-damage|p1a: Ferrothorn|264\/351 brn|[from] brn
|turn|32
|
|move|p2a: GAWN|Swords Dance|p2a: GAWN
|-boost|p2a: GAWN|atk|2
|move|p1a: Ferrothorn|Leech Seed|p2a: GAWN
|-start|p2a: GAWN|move: Leech Seed
|
|-heal|p1a: Ferrothorn|285\/351 brn|[from] item: Leftovers
|-damage|p2a: GAWN|219\/291|[from] Leech Seed|[of] p1a: Ferrothorn
|-heal|p1a: Ferrothorn|321\/351 brn|[silent]
|-damage|p1a: Ferrothorn|278\/351 brn|[from] brn
|turn|33
|
|move|p1a: Ferrothorn|Protect|p1a: Ferrothorn
|-singleturn|p1a: Ferrothorn|Protect
|move|p2a: GAWN|Knock Off|p1a: Ferrothorn
|-activate|p1a: Ferrothorn|Protect
|
|-heal|p1a: Ferrothorn|299\/351 brn|[from] item: Leftovers
|-damage|p2a: GAWN|183\/291|[from] Leech Seed|[of] p1a: Ferrothorn
|-heal|p1a: Ferrothorn|335\/351 brn|[silent]
|-damage|p1a: Ferrothorn|292\/351 brn|[from] brn
|turn|34
|
|move|p2a: GAWN|Knock Off|p1a: Ferrothorn
|-damage|p1a: Ferrothorn|0 fnt
|-damage|p2a: GAWN|147\/291|[from] ability: Iron Barbs|[of] p1a: Ferrothorn
|-enditem|p1a: Ferrothorn|Leftovers|[from] move: Knock Off|[of] p2a: GAWN
|faint|p1a: Ferrothorn
|
|
|switch|p1a: Keldeo-Resolute|Keldeo-Resolute|84\/323
|turn|35
|
|move|p1a: Keldeo-Resolute|Substitute|p1a: Keldeo-Resolute
|-start|p1a: Keldeo-Resolute|Substitute
|-damage|p1a: Keldeo-Resolute|4\/323
|move|p2a: GAWN|Knock Off|p1a: Keldeo-Resolute
|-resisted|p1a: Keldeo-Resolute
|-end|p1a: Keldeo-Resolute|Substitute
|
|-heal|p1a: Keldeo-Resolute|24\/323|[from] item: Leftovers
|-damage|p2a: GAWN|111\/291|[from] Leech Seed|[of] p1a: Keldeo-Resolute
|-heal|p1a: Keldeo-Resolute|60\/323|[silent]
|turn|36
|
|switch|p1a: Manaphy|Manaphy|341\/341
|move|p2a: GAWN|Knock Off|p1a: Manaphy
|-damage|p1a: Manaphy|0 fnt
|-enditem|p1a: Manaphy|Leftovers|[from] move: Knock Off|[of] p2a: GAWN
|faint|p1a: Manaphy
|
|
|switch|p1a: Keldeo-Resolute|Keldeo-Resolute|60\/323
|turn|37
|
|move|p1a: Keldeo-Resolute|Calm Mind|p1a: Keldeo-Resolute
|-boost|p1a: Keldeo-Resolute|spa|1
|-boost|p1a: Keldeo-Resolute|spd|1
|move|p2a: GAWN|Knock Off|p1a: Keldeo-Resolute
|-resisted|p1a: Keldeo-Resolute
|-damage|p1a: Keldeo-Resolute|0 fnt
|-enditem|p1a: Keldeo-Resolute|Leftovers|[from] move: Knock Off|[of] p2a: GAWN
|faint|p1a: Keldeo-Resolute
|
|win|Monster 87
|raw|Ladder updating...
|raw|MaatMattos's rating: 1745 &rarr; <strong>1718<\/strong><br \/>(-27 for losing)
|raw|Monster 87's rating: 1626 &rarr; <strong>1653<\/strong><br \/>(+27 for winning)
|leave|MaatMattos
|player|p1