|join|RS Swept
|join|MaatMattos
|player|p1|RS Swept|29
|player|p2|MaatMattos|52
|gametype|singles
|gen|6
|tier|OU
|rated
|clearpoke
|poke|p1|Gothitelle, M
|poke|p1|Skarmory, F
|poke|p1|Cresselia, F
|poke|p1|Quagsire, M
|poke|p1|Sableye, F
|poke|p1|Chansey, F
|poke|p2|Manaphy
|poke|p2|Cresselia, F
|poke|p2|Ferrothorn, F
|poke|p2|Metagross
|poke|p2|Landorus-Therian, M
|poke|p2|Keldeo-Resolute
|rule|Swagger Clause: Swagger is banned
|rule|Baton Pass Clause: Limit one PokÃ©mon knowing Baton Pass
|rule|Sleep Clause Mod: Limit one foe put to sleep
|rule|Species Clause: Limit one of each PokÃ©mon
|rule|OHKO Clause: OHKO moves are banned
|rule|Moody Clause: Moody is banned
|rule|Evasion Moves Clause: Evasion moves are banned
|rule|Endless Battle Clause: Forcing endless battles is banned
|rule|HP Percentage Mod: HP is shown in percentages
|teampreview
|
|start
|switch|p1a: Sableye|Sableye, F|304\/304
|switch|p2a: Manaphy|Manaphy|341\/341
|turn|1
|
|switch|p1a: Gothitelle|Gothitelle, M|301\/301
|move|p2a: Manaphy|Tail Glow|p2a: Manaphy
|-boost|p2a: Manaphy|spa|3
|
|turn|2
|
|move|p1a: Gothitelle|Trick|p2a: Manaphy
|-activate|p1a: Gothitelle|move: Trick|[of] p2a: Manaphy
|-item|p2a: Manaphy|Choice Scarf|[from] move: Trick
|-item|p1a: Gothitelle|Leftovers|[from] move: Trick
|move|p2a: Manaphy|Scald|p1a: Gothitelle
|-damage|p1a: Gothitelle|0 fnt
|faint|p1a: Gothitelle
|
|
|switch|p1a: Chansey|Chansey, F|645\/645
|turn|3
|
|move|p2a: Manaphy|Scald|p1a: Chansey
|-damage|p1a: Chansey|467\/645
|-status|p1a: Chansey|brn
|move|p1a: Chansey|Stealth Rock|p2a: Manaphy
|-sidestart|p2: MaatMattos|move: Stealth Rock
|
|-damage|p1a: Chansey|387\/645 brn|[from] brn
|turn|4
|
|move|p2a: Manaphy|Scald|p1a: Chansey
|-damage|p1a: Chansey|225\/645 brn
|move|p1a: Chansey|Soft-Boiled|p1a: Chansey
|-heal|p1a: Chansey|548\/645 brn
|
|-damage|p1a: Chansey|468\/645 brn|[from] brn
|turn|5
|
|move|p2a: Manaphy|Scald|p1a: Chansey
|-damage|p1a: Chansey|302\/645 brn
|move|p1a: Chansey|Soft-Boiled|p1a: Chansey
|-heal|p1a: Chansey|625\/645 brn
|
|-damage|p1a: Chansey|545\/645 brn|[from] brn
|turn|6
|
|move|p2a: Manaphy|Scald|p1a: Chansey
|-crit|p1a: Chansey
|-damage|p1a: Chansey|283\/645 brn
|move|p1a: Chansey|Aromatherapy|p1a: Chansey
|-cureteam|p1a: Chansey|[from] move: Aromatherapy
|
|turn|7
|
|move|p2a: Manaphy|Scald|p1a: Chansey
|-damage|p1a: Chansey|124\/645
|move|p1a: Chansey|Soft-Boiled|p1a: Chansey
|-heal|p1a: Chansey|447\/645
|
|turn|8
|
|move|p2a: Manaphy|Scald|p1a: Chansey
|-damage|p1a: Chansey|267\/645
|move|p1a: Chansey|Soft-Boiled|p1a: Chansey
|-heal|p1a: Chansey|590\/645
|
|turn|9
|
|move|p2a: Manaphy|Scald|p1a: Chansey
|-damage|p1a: Chansey|436\/645
|move|p1a: Chansey|Seismic Toss|p2a: Manaphy
|-damage|p2a: Manaphy|241\/341
|
|turn|10
|
|move|p2a: Manaphy|Scald|p1a: Chansey
|-damage|p1a: Chansey|267\/645
|move|p1a: Chansey|Soft-Boiled|p1a: Chansey
|-heal|p1a: Chansey|590\/645
|
|turn|11
|
|move|p2a: Manaphy|Scald|p1a: Chansey
|-damage|p1a: Chansey|415\/645
|-status|p1a: Chansey|brn
|move|p1a: Chansey|Seismic Toss|p2a: Manaphy
|-damage|p2a: Manaphy|141\/341
|
|-damage|p1a: Chansey|335\/645 brn|[from] brn
|turn|12
|
|move|p2a: Manaphy|Scald|p1a: Chansey
|-damage|p1a: Chansey|152\/645 brn
|move|p1a: Chansey|Soft-Boiled|p1a: Chansey
|-heal|p1a: Chansey|475\/645 brn
|
|-damage|p1a: Chansey|395\/645 brn|[from] brn
|turn|13
|
|move|p2a: Manaphy|Scald|p1a: Chansey
|-damage|p1a: Chansey|233\/645 brn
|move|p1a: Chansey|Soft-Boiled|p1a: Chansey
|-heal|p1a: Chansey|556\/645 brn
|
|-damage|p1a: Chansey|476\/645 brn|[from] brn
|turn|14
|
|move|p2a: Manaphy|Scald|p1a: Chansey
|-damage|p1a: Chansey|310\/645 brn
|move|p1a: Chansey|Aromatherapy|p1a: Chansey
|-cureteam|p1a: Chansey|[from] move: Aromatherapy
|
|turn|15
|
|move|p2a: Manaphy|Scald|p1a: Chansey
|-damage|p1a: Chansey|138\/645
|-status|p1a: Chansey|brn
|move|p1a: Chansey|Soft-Boiled|p1a: Chansey
|-heal|p1a: Chansey|461\/645 brn
|
|-damage|p1a: Chansey|381\/645 brn|[from] brn
|turn|16
|
|move|p2a: Manaphy|Scald|p1a: Chansey
|-damage|p1a: Chansey|203\/645 brn
|move|p1a: Chansey|Soft-Boiled|p1a: Chansey
|-heal|p1a: Chansey|526\/645 brn
|
|-damage|p1a: Chansey|446\/645 brn|[from] brn
|turn|17
|
|move|p2a: Manaphy|Scald|p1a: Chansey
|-damage|p1a: Chansey|271\/645 brn
|move|p1a: Chansey|Aromatherapy|p1a: Chansey
|-cureteam|p1a: Chansey|[from] move: Aromatherapy
|
|turn|18
|
|move|p2a: Manaphy|Scald|p1a: Chansey
|-damage|p1a: Chansey|111\/645
|-status|p1a: Chansey|brn
|move|p1a: Chansey|Soft-Boiled|p1a: Chansey
|-heal|p1a: Chansey|434\/645 brn
|
|-damage|p1a: Chansey|354\/645 brn|[from] brn
|turn|19
|
|move|p2a: Manaphy|Scald|p1a: Chansey
|-damage|p1a: Chansey|200\/645 brn
|move|p1a: Chansey|Soft-Boiled|p1a: Chansey
|-heal|p1a: Chansey|523\/645 brn
|
|-damage|p1a: Chansey|443\/645 brn|[from] brn
|turn|20
|
|move|p2a: Manaphy|Scald|p1a: Chansey
|-damage|p1a: Chansey|266\/645 brn
|move|p1a: Chansey|Aromatherapy|p1a: Chansey
|-cureteam|p1a: Chansey|[from] move: Aromatherapy
|
|turn|21
|
|move|p2a: Manaphy|Scald|p1a: Chansey
|-damage|p1a: Chansey|83\/645
|move|p1a: Chansey|Soft-Boiled|p1a: Chansey
|-heal|p1a: Chansey|406\/645
|
|turn|22
|
|move|p2a: Manaphy|Scald|p1a: Chansey
|-damage|p1a: Chansey|244\/645
|move|p1a: Chansey|Soft-Boiled|p1a: Chansey
|-heal|p1a: Chansey|567\/645
|
|turn|23
|
|move|p2a: Manaphy|Scald|p1a: Chansey
|-damage|p1a: Chansey|399\/645
|move|p1a: Chansey|Seismic Toss|p2a: Manaphy
|-damage|p2a: Manaphy|41\/341
|
|turn|24
|
|move|p2a: Manaphy|Scald|p1a: Chansey
|-damage|p1a: Chansey|236\/645
|-status|p1a: Chansey|brn
|move|p1a: Chansey|Soft-Boiled|p1a: Chansey
|-heal|p1a: Chansey|559\/645 brn
|
|-damage|p1a: Chansey|479\/645 brn|[from] brn
|turn|25
|
|move|p2a: Manaphy|Scald|p1a: Chansey
|-crit|p1a: Chansey
|-damage|p1a: Chansey|241\/645 brn
|move|p1a: Chansey|Aromatherapy|p1a: Chansey
|-cureteam|p1a: Chansey|[from] move: Aromatherapy
|
|turn|26
|
|-activate|p2a: Manaphy|move: Struggle
|move|p2a: Manaphy|Struggle|p1a: Chansey
|-damage|p1a: Chansey|193\/645
|-damage|p2a: Manaphy|0 fnt
|faint|p2a: Manaphy
|move|p1a: Chansey|Soft-Boiled|p1a: Chansey
|-heal|p1a: Chansey|516\/645
|
|join|PKM1
|
|switch|p2a: Metagross|Metagross|301\/301
|-damage|p2a: Metagross|283\/301|[from] Stealth Rock
|turn|27
|
|switch|p1a: Skarmory|Skarmory, F|333\/333
|detailschange|p2a: Metagross|Metagross-Mega
|message|Metagross has Mega Evolved into Mega Metagross!
|move|p2a: Metagross|Power-Up Punch|p1a: Skarmory
|-damage|p1a: Skarmory|291\/333
|-boost|p2a: Metagross|atk|1
|
|turn|28
|
|switch|p1a: Quagsire|Quagsire, M|394\/394
|move|p2a: Metagross|Power-Up Punch|p1a: Quagsire
|-damage|p1a: Quagsire|340\/394
|-boost|p2a: Metagross|atk|1
|
|-heal|p1a: Quagsire|364\/394|[from] item: Leftovers
|turn|29
|
|switch|p2a: Ferrothorn|Ferrothorn, F|351\/351
|-damage|p2a: Ferrothorn|330\/351|[from] Stealth Rock
|move|p1a: Quagsire|Scald|p2a: Ferrothorn
|-resisted|p2a: Ferrothorn
|-damage|p2a: Ferrothorn|310\/351
|
|-heal|p1a: Quagsire|388\/394|[from] item: Leftovers
|-heal|p2a: Ferrothorn|331\/351|[from] item: Leftovers
|turn|30
|
|switch|p1a: Sableye|Sableye, F|304\/304
|move|p2a: Ferrothorn|Leech Seed|p1a: Sableye
|-start|p1a: Sableye|move: Leech Seed
|
|-heal|p2a: Ferrothorn|351\/351|[from] item: Leftovers
|-damage|p1a: Sableye|266\/304|[from] Leech Seed|[of] p2a: Ferrothorn
|turn|31
|
|switch|p2a: Landorus-Therian|Landorus-Therian, M|381\/381
|-damage|p2a: Landorus-Therian|334\/381|[from] Stealth Rock
|-ability|p2a: Landorus-Therian|Intimidate|[of] p1a: Sableye
|-unboost|p1a: Sableye|atk|1
|detailschange|p1a: Sableye|Sableye-Mega, F
|message|Sableye has Mega Evolved into Mega Sableye!
|move|p1a: Sableye|Will-O-Wisp|p2a: Landorus-Therian
|-status|p2a: Landorus-Therian|brn
|
|-damage|p1a: Sableye|228\/304|[from] Leech Seed|[of] p2a: Landorus-Therian
|-heal|p2a: Landorus-Therian|372\/381 brn|[silent]
|-damage|p2a: Landorus-Therian|325\/381 brn|[from] brn
|turn|32
|
|switch|p1a: Skarmory|Skarmory, F|291\/333
|move|p2a: Landorus-Therian|U-turn|p1a: Skarmory
|-crit|p1a: Skarmory
|-resisted|p1a: Skarmory
|-damage|p1a: Skarmory|283\/333
|
|switch|p2a: Keldeo-Resolute|Keldeo-Resolute|323\/323
|-damage|p2a: Keldeo-Resolute|303\/323|[from] Stealth Rock
|
|-heal|p2a: Keldeo-Resolute|323\/323|[from] item: Leftovers
|turn|33
|
|switch|p1a: Cresselia|Cresselia, F|444\/444
|move|p2a: Keldeo-Resolute|Scald|p1a: Cresselia
|-damage|p1a: Cresselia|335\/444
|
|-heal|p1a: Cresselia|362\/444|[from] item: Leftovers
|turn|34
|
|switch|p2a: Ferrothorn|Ferrothorn, F|351\/351
|-damage|p2a: Ferrothorn|330\/351|[from] Stealth Rock
|move|p1a: Cresselia|Psyshock|p2a: Ferrothorn
|-resisted|p2a: Ferrothorn
|-damage|p2a: Ferrothorn|298\/351
|
|-heal|p1a: Cresselia|389\/444|[from] item: Leftovers
|-heal|p2a: Ferrothorn|319\/351|[from] item: Leftovers
|turn|35
|
|switch|p1a: Sableye|Sableye-Mega, F|228\/304
|switch|p2a: Keldeo-Resolute|Keldeo-Resolute|323\/323
|-damage|p2a: Keldeo-Resolute|303\/323|[from] Stealth Rock
|
|-heal|p2a: Keldeo-Resolute|323\/323|[from] item: Leftovers
|turn|36
|
|move|p2a: Keldeo-Resolute|Substitute|p2a: Keldeo-Resolute
|-start|p2a: Keldeo-Resolute|Substitute
|-damage|p2a: Keldeo-Resolute|243\/323
|move|p1a: Sableye|Will-O-Wisp|p2a: Keldeo-Resolute
|
|-heal|p2a: Keldeo-Resolute|263\/323|[from] item: Leftovers
|turn|37
|
|switch|p1a: Cresselia|Cresselia, F|389\/444
|move|p2a: Keldeo-Resolute|Calm Mind|p2a: Keldeo-Resolute
|-boost|p2a: Keldeo-Resolute|spa|1
|-boost|p2a: Keldeo-Resolute|spd|1
|
|-heal|p2a: Keldeo-Resolute|283\/323|[from] item: Leftovers
|-heal|p1a: Cresselia|416\/444|[from] item: Leftovers
|turn|38
|
|move|p2a: Keldeo-Resolute|Calm Mind|p2a: Keldeo-Resolute
|-boost|p2a: Keldeo-Resolute|spa|1
|-boost|p2a: Keldeo-Resolute|spd|1
|move|p1a: Cresselia|Psyshock|p2a: Keldeo-Resolute
|-supereffective|p2a: Keldeo-Resolute
|-end|p2a: Keldeo-Resolute|Substitute
|
|-heal|p2a: Keldeo-Resolute|303\/323|[from] item: Leftovers
|-heal|p1a: Cresselia|443\/444|[from] item: Leftovers
|turn|39
|
|move|p2a: Keldeo-Resolute|Scald|p1a: Cresselia
|-damage|p1a: Cresselia|223\/444
|-status|p1a: Cresselia|brn
|move|p1a: Cresselia|Thunder Wave|p2a: Keldeo-Resolute
|-status|p2a: Keldeo-Resolute|par
|
|-heal|p1a: Cresselia|250\/444 brn|[from] item: Leftovers
|-heal|p2a: Keldeo-Resolute|323\/323 par|[from] item: Leftovers
|-damage|p1a: Cresselia|195\/444 brn|[from] brn
|turn|40
|join|Starmaster
|
|move|p1a: Cresselia|Psyshock|p2a: Keldeo-Resolute
|-supereffective|p2a: Keldeo-Resolute
|-damage|p2a: Keldeo-Resolute|165\/323 par
|move|p2a: Keldeo-Resolute|Calm Mind|p2a: Keldeo-Resolute
|-boost|p2a: Keldeo-Resolute|spa|1
|-boost|p2a: Keldeo-Resolute|spd|1
|
|-heal|p1a: Cresselia|222\/444 brn|[from] item: Leftovers
|-heal|p2a: Keldeo-Resolute|185\/323 par|[from] item: Leftovers
|-damage|p1a: Cresselia|167\/444 brn|[from] brn
|turn|41
|
|move|p1a: Cresselia|Psyshock|p2a: Keldeo-Resolute
|-supereffective|p2a: Keldeo-Resolute
|-damage|p2a: Keldeo-Resolute|23\/323 par
|cant|p2a: Keldeo-Resolute|par
|
|-heal|p1a: Cresselia|194\/444 brn|[from] item: Leftovers
|-heal|p2a: Keldeo-Resolute|43\/323 par|[from] item: Leftovers
|-damage|p1a: Cresselia|139\/444 brn|[from] brn
|turn|42
|c| Starmaster|rip
|
|switch|p2a: Landorus-Therian|Landorus-Therian, M|325\/381 brn
|-damage|p2a: Landorus-Therian|278\/381 brn|[from] Stealth Rock
|-ability|p2a: Landorus-Therian|Intimidate|[of] p1a: Cresselia
|-unboost|p1a: Cresselia|atk|1
|move|p1a: Cresselia|Psyshock|p2a: Landorus-Therian
|-damage|p2a: Landorus-Therian|224\/381 brn
|
|-heal|p1a: Cresselia|166\/444 brn|[from] item: Leftovers
|-damage|p2a: Landorus-Therian|177\/381 brn|[from] brn
|-damage|p1a: Cresselia|111\/444 brn|[from] brn
|turn|43
|
|move|p2a: Landorus-Therian|U-turn|p1a: Cresselia
|-crit|p1a: Cresselia
|-supereffective|p1a: Cresselia
|-damage|p1a: Cresselia|21\/444 brn
|
|switch|p2a: Ferrothorn|Ferrothorn, F|319\/351
|-damage|p2a: Ferrothorn|298\/351|[from] Stealth Rock
|move|p1a: Cresselia|Moonlight|p1a: Cresselia
|-heal|p1a: Cresselia|243\/444 brn
|
|-heal|p1a: Cresselia|270\/444 brn|[from] item: Leftovers
|-heal|p2a: Ferrothorn|319\/351|[from] item: Leftovers
|-damage|p1a: Cresselia|215\/444 brn|[from] brn
|turn|44
|
|switch|p1a: Sableye|Sableye-Mega, F|228\/304
|move|p2a: Ferrothorn|Knock Off|p1a: Sableye
|-damage|p1a: Sableye|196\/304
|
|-heal|p2a: Ferrothorn|340\/351|[from] item: Leftovers
|turn|45
|
|switch|p2a: Landorus-Therian|Landorus-Therian, M|177\/381 brn
|-damage|p2a: Landorus-Therian|130\/381 brn|[from] Stealth Rock
|-ability|p2a: Landorus-Therian|Intimidate|[of] p1a: Sableye
|-unboost|p1a: Sableye|atk|1
|move|p1a: Sableye|Calm Mind|p1a: Sableye
|-boost|p1a: Sableye|spa|1
|-boost|p1a: Sableye|spd|1
|
|-damage|p2a: Landorus-Therian|83\/381 brn|[from] brn
|turn|46
|
|move|p2a: Landorus-Therian|Earthquake|p1a: Sableye
|-damage|p1a: Sableye|147\/304
|move|p1a: Sableye|Recover|p1a: Sableye
|-heal|p1a: Sableye|299\/304
|
|-damage|p2a: Landorus-Therian|36\/381 brn|[from] brn
|turn|47
|
|move|p2a: Landorus-Therian|Explosion|p1a: Sableye
|-immune|p1a: Sableye|[msg]
|faint|p2a: Landorus-Therian
|move|p1a: Sableye|Recover|p1a: Sableye
|-heal|p1a: Sableye|304\/304
|
|c| PKM1|lol
|
|switch|p2a: Cresselia|Cresselia, F|443\/443
|-damage|p2a: Cresselia|388\/443|[from] Stealth Rock
|turn|48
|
|move|p2a: Cresselia|Light Screen|p2a: Cresselia
|-sidestart|p2: MaatMattos|move: Light Screen
|move|p1a: Sableye|Dark Pulse|p2a: Cresselia
|-supereffective|p2a: Cresselia
|-damage|p2a: Cresselia|321\/443
|
|turn|49
|c| PKM1|ghost>explosion
|
|move|p2a: Cresselia|Reflect|p2a: Cresselia
|-sidestart|p2: MaatMattos|Reflect
|move|p1a: Sableye|Calm Mind|p1a: Sableye
|-boost|p1a: Sableye|spa|1
|-boost|p1a: Sableye|spd|1
|
|turn|50
|
|move|p2a: Cresselia|Lunar Dance|p2a: Cresselia
|faint|p2a: Cresselia
|move|p1a: Sableye|Calm Mind|p1a: Sableye
|-boost|p1a: Sableye|spa|1
|-boost|p1a: Sableye|spd|1
|
|
|switch|p2a: Keldeo-Resolute|Keldeo-Resolute|43\/323 par
|-heal|p2a: Keldeo-Resolute|323\/323|[from] move: Lunar Dance
|-damage|p2a: Keldeo-Resolute|303\/323|[from] Stealth Rock
|turn|51
|c| Starmaster|rof
|
|move|p2a: Keldeo-Resolute|Substitute|p2a: Keldeo-Resolute
|-start|p2a: Keldeo-Resolute|Substitute
|-damage|p2a: Keldeo-Resolute|223\/323
|move|p1a: Sableye|Dark Pulse|p2a: Keldeo-Resolute
|-resisted|p2a: Keldeo-Resolute
|-activate|p2a: Keldeo-Resolute|Substitute|[damage]
|
|-heal|p2a: Keldeo-Resolute|243\/323|[from] item: Leftovers
|turn|52
|
|switch|p1a: Cresselia|Cresselia, F|215\/444 brn
|move|p2a: Keldeo-Resolute|Calm Mind|p2a: Keldeo-Resolute
|-boost|p2a: Keldeo-Resolute|spa|1
|-boost|p2a: Keldeo-Resolute|spd|1
|
|-heal|p2a: Keldeo-Resolute|263\/323|[from] item: Leftovers
|-heal|p1a: Cresselia|242\/444 brn|[from] item: Leftovers
|-damage|p1a: Cresselia|187\/444 brn|[from] brn
|turn|53
|
|move|p2a: Keldeo-Resolute|Calm Mind|p2a: Keldeo-Resolute
|-boost|p2a: Keldeo-Resolute|spa|1
|-boost|p2a: Keldeo-Resolute|spd|1
|move|p1a: Cresselia|Psyshock|p2a: Keldeo-Resolute
|-supereffective|p2a: Keldeo-Resolute
|-end|p2a: Keldeo-Resolute|Substitute
|
|-heal|p2a: Keldeo-Resolute|283\/323|[from] item: Leftovers
|-heal|p1a: Cresselia|214\/444 brn|[from] item: Leftovers
|-damage|p1a: Cresselia|159\/444 brn|[from] brn
|turn|54
|
|move|p2a: Keldeo-Resolute|Scald|p1a: Cresselia
|-damage|p1a: Cresselia|0 fnt
|faint|p1a: Cresselia
|
|-heal|p2a: Keldeo-Resolute|303\/323|[from] item: Leftovers
|
|switch|p1a: Quagsire|Quagsire, M|388\/394
|turn|55
|
|move|p2a: Keldeo-Resolute|Substitute|p2a: Keldeo-Resolute
|-start|p2a: Keldeo-Resolute|Substitute
|-damage|p2a: Keldeo-Resolute|223\/323
|move|p1a: Quagsire|Earthquake|p2a: Keldeo-Resolute
|-activate|p2a: Keldeo-Resolute|Substitute|[damage]
|
|-heal|p2a: Keldeo-Resolute|243\/323|[from] item: Leftovers
|-heal|p1a: Quagsire|394\/394|[from] item: Leftovers
|-sideend|p2: MaatMattos|move: Light Screen
|turn|56
|c| Starmaster|r.i.p
|join|kullhadd hekk
|c| Starmaster|catch this burn y\/n
|
|move|p2a: Keldeo-Resolute|Scald|p1a: Quagsire
|-damage|p1a: Quagsire|156\/394
|move|p1a: Quagsire|Earthquake|p2a: Keldeo-Resolute
|-end|p2a: Keldeo-Resolute|Substitute
|
|-heal|p2a: Keldeo-Resolute|263\/323|[from] item: Leftovers
|-heal|p1a: Quagsire|180\/394|[from] item: Leftovers
|-sideend|p2: MaatMattos|Reflect
|turn|57
|c|âMaatMattos|wont matter
|c|âRS Swept|wat
|c|âRS Swept|that damage output
|
|move|p2a: Keldeo-Resolute|Scald|p1a: Quagsire
|-damage|p1a: Quagsire|0 fnt
|faint|p1a: Quagsire
|
|-heal|p2a: Keldeo-Resolute|283\/323|[from] item: Leftovers
|c|âMaatMattos|; )
|c| Starmaster|oh that was stronger
|
|switch|p1a: Skarmory|Skarmory, F|283\/333
|turn|58
|c| Starmaster|than i expected
|
|move|p2a: Keldeo-Resolute|Scald|p1a: Skarmory
|-damage|p1a: Skarmory|0 fnt
|faint|p1a: Skarmory
|
|-heal|p2a: Keldeo-Resolute|303\/323|[from] item: Leftovers
|c| Starmaster|this niggas
|c| Starmaster|modest
|c| Starmaster|LOL
|c|âMaatMattos|nope
|c|âRS Swept|.\/rank maatmattos
|join|Yuttt.annual
|c| Starmaster|oh quag sux
|c|âMaatMattos|ye
|c|âRS Swept|god another terrible loss
|c|âRS Swept|fuck me im getting off
|-message|RS Swept forfeited.
|
|win|MaatMattos
|raw|Ladder updating...
|leave|RS Swept
|player|p1
|raw|RS Swept's rating: 1795 &rarr; <strong>1768<\/strong><br \/>(-27 for losing)
|raw|MaatMattos's rating: 1663 &rarr; <strong>1690<\/strong><br \/>(+27 for winning)