|join|MaatMattos
|join|lil manaphy
|player|p1|MaatMattos|52
|player|p2|lil manaphy|9
|gametype|singles
|gen|6
|tier|OU
|rated
|clearpoke
|poke|p1|Manaphy
|poke|p1|Keldeo-Resolute
|poke|p1|Cresselia, F
|poke|p1|Gengar, M
|poke|p1|Landorus-Therian, M
|poke|p1|Medicham, M
|poke|p2|Gardevoir, F, shiny
|poke|p2|Mandibuzz, F
|poke|p2|Amoonguss, M
|poke|p2|Chansey, F
|poke|p2|Keldeo
|poke|p2|Landorus-Therian, M
|rule|Swagger Clause: Swagger is banned
|rule|Baton Pass Clause: Limit one PokÃ©mon knowing Baton Pass
|rule|Sleep Clause Mod: Limit one foe put to sleep
|rule|Species Clause: Limit one of each PokÃ©mon
|rule|OHKO Clause: OHKO moves are banned
|rule|Moody Clause: Moody is banned
|rule|Evasion Moves Clause: Evasion moves are banned
|rule|Endless Battle Clause: Forcing endless battles is banned
|rule|HP Percentage Mod: HP is shown in percentages
|teampreview
|
|start
|switch|p1a: Medicham|Medicham, M|261\/261
|switch|p2a: Misty day|Gardevoir, F, shiny|277\/277
|-ability|p2a: Misty day|Pure Power|[from] ability: Trace|[of] p1a: Medicham
|turn|1
|
|detailschange|p2a: Misty day|Gardevoir-Mega, F, shiny
|message|Gardevoir has Mega Evolved into Mega Gardevoir!
|detailschange|p1a: Medicham|Medicham-Mega, M
|message|Medicham has Mega Evolved into Mega Medicham!
|move|p2a: Misty day|Hyper Voice|p1a: Medicham
|-supereffective|p1a: Medicham
|-damage|p1a: Medicham|0 fnt
|faint|p1a: Medicham
|
|
|switch|p1a: Gengar|Gengar, M|261\/261
|turn|2
|
|switch|p2a: Laveau|Mandibuzz, F|424\/424
|move|p1a: Gengar|Taunt|p2a: Laveau
|-start|p2a: Laveau|move: Taunt
|
|turn|3
|
|switch|p2a: Keldeo|Keldeo|323\/323
|move|p1a: Gengar|Will-O-Wisp|p2a: Keldeo
|-status|p2a: Keldeo|brn
|
|-damage|p2a: Keldeo|283\/323 brn|[from] brn
|turn|4
|
|move|p1a: Gengar|Hex|p2a: Keldeo
|-damage|p2a: Keldeo|49\/323 brn
|move|p2a: Keldeo|Scald|p1a: Gengar
|-damage|p1a: Gengar|84\/261
|-status|p1a: Gengar|brn
|
|-heal|p1a: Gengar|100\/261 brn|[from] item: Leftovers
|-heal|p2a: Keldeo|69\/323 brn|[from] item: Leftovers
|-damage|p1a: Gengar|68\/261 brn|[from] brn
|-damage|p2a: Keldeo|29\/323 brn|[from] brn
|turn|5
|
|switch|p2a: Laveau|Mandibuzz, F|424\/424
|move|p1a: Gengar|Hex|p2a: Laveau
|-resisted|p2a: Laveau
|-damage|p2a: Laveau|364\/424
|
|-heal|p1a: Gengar|84\/261 brn|[from] item: Leftovers
|-heal|p2a: Laveau|390\/424|[from] item: Leftovers
|-damage|p1a: Gengar|52\/261 brn|[from] brn
|turn|6
|
|move|p1a: Gengar|Pain Split|p2a: Laveau
|-sethp|p2a: Laveau|221\/424|p1a: Gengar|221\/261 brn|[from] move: Pain Split
|move|p2a: Laveau|Taunt|p1a: Gengar
|-start|p1a: Gengar|move: Taunt
|
|-heal|p1a: Gengar|237\/261 brn|[from] item: Leftovers
|-heal|p2a: Laveau|247\/424|[from] item: Leftovers
|-damage|p1a: Gengar|205\/261 brn|[from] brn
|turn|7
|
|switch|p1a: Landorus-Therian|Landorus-Therian, M|381\/381
|-ability|p1a: Landorus-Therian|Intimidate|[of] p2a: Laveau
|-unboost|p2a: Laveau|atk|1
|move|p2a: Laveau|Foul Play|p1a: Landorus-Therian
|-damage|p1a: Landorus-Therian|254\/381
|-damage|p2a: Laveau|177\/424|[from] item: Rocky Helmet|[of] p1a: Landorus-Therian
|
|-heal|p2a: Laveau|203\/424|[from] item: Leftovers
|turn|8
|join|cftc
|
|move|p1a: Landorus-Therian|Stealth Rock|p2a: Laveau
|-sidestart|p2: lil manaphy|move: Stealth Rock
|move|p2a: Laveau|Roost|p2a: Laveau
|-heal|p2a: Laveau|415\/424
|
|-heal|p2a: Laveau|424\/424|[from] item: Leftovers
|turn|9
|
|move|p1a: Landorus-Therian|U-turn|p2a: Laveau
|-damage|p2a: Laveau|371\/424
|
|switch|p1a: Gengar|Gengar, M|205\/261 brn
|move|p2a: Laveau|Defog|p1a: Gengar
|-unboost|p1a: Gengar|evasion|1
|-sideend|p2: lil manaphy|Stealth Rock|[from] move: Defog|[of] p2a: Laveau
|
|-heal|p1a: Gengar|221\/261 brn|[from] item: Leftovers
|-heal|p2a: Laveau|397\/424|[from] item: Leftovers
|-damage|p1a: Gengar|189\/261 brn|[from] brn
|turn|10
|
|move|p1a: Gengar|Will-O-Wisp|p2a: Laveau
|-status|p2a: Laveau|brn
|move|p2a: Laveau|Foul Play|p1a: Gengar
|-supereffective|p1a: Gengar
|-damage|p1a: Gengar|85\/261 brn
|
|-heal|p1a: Gengar|101\/261 brn|[from] item: Leftovers
|-heal|p2a: Laveau|423\/424 brn|[from] item: Leftovers
|-damage|p1a: Gengar|69\/261 brn|[from] brn
|-damage|p2a: Laveau|370\/424 brn|[from] brn
|turn|11
|
|move|p1a: Gengar|Pain Split|p2a: Laveau
|-sethp|p2a: Laveau|219\/424 brn|p1a: Gengar|219\/261 brn|[from] move: Pain Split
|move|p2a: Laveau|Foul Play|p1a: Gengar
|-supereffective|p1a: Gengar
|-damage|p1a: Gengar|105\/261 brn
|
|-heal|p1a: Gengar|121\/261 brn|[from] item: Leftovers
|-heal|p2a: Laveau|245\/424 brn|[from] item: Leftovers
|-damage|p1a: Gengar|89\/261 brn|[from] brn
|-damage|p2a: Laveau|192\/424 brn|[from] brn
|turn|12
|
|move|p1a: Gengar|Pain Split|p2a: Laveau
|-sethp|p2a: Laveau|140\/424 brn|p1a: Gengar|140\/261 brn|[from] move: Pain Split
|move|p2a: Laveau|Foul Play|p1a: Gengar
|-crit|p1a: Gengar
|-supereffective|p1a: Gengar
|-damage|p1a: Gengar|0 fnt
|faint|p1a: Gengar
|
|-heal|p2a: Laveau|166\/424 brn|[from] item: Leftovers
|-damage|p2a: Laveau|113\/424 brn|[from] brn
|
|switch|p1a: Keldeo-Resolute|Keldeo-Resolute|323\/323
|turn|13
|
|move|p1a: Keldeo-Resolute|Substitute|p1a: Keldeo-Resolute
|-start|p1a: Keldeo-Resolute|Substitute
|-damage|p1a: Keldeo-Resolute|243\/323
|move|p2a: Laveau|Taunt|p1a: Keldeo-Resolute
|-start|p1a: Keldeo-Resolute|move: Taunt
|
|-heal|p1a: Keldeo-Resolute|263\/323|[from] item: Leftovers
|-heal|p2a: Laveau|139\/424 brn|[from] item: Leftovers
|-damage|p2a: Laveau|86\/424 brn|[from] brn
|turn|14
|
|move|p1a: Keldeo-Resolute|Scald|p2a: Laveau
|-damage|p2a: Laveau|0 fnt
|faint|p2a: Laveau
|
|-heal|p1a: Keldeo-Resolute|283\/323|[from] item: Leftovers
|
|switch|p2a: Misty day|Gardevoir-Mega, F, shiny|277\/277
|turn|15
|
|switch|p1a: Cresselia|Cresselia, F|444\/444
|move|p2a: Misty day|Hyper Voice|p1a: Cresselia
|-damage|p1a: Cresselia|294\/444
|
|turn|16
|
|move|p2a: Misty day|Taunt|p1a: Cresselia
|-start|p1a: Cresselia|move: Taunt
|cant|p1a: Cresselia|move: Taunt|Light Screen
|
|turn|17
|-message|MaatMattos forfeited.
|
|win|lil manaphy
|raw|Ladder updating...
|leave|MaatMattos
|player|p1
|raw|MaatMattos's rating: 1822 &rarr; <strong>1807<\/strong><br \/>(-15 for losing)
|raw|lil manaphy's rating: 1900 &rarr; <strong>1916<\/strong><br \/>(+16 for winning)