|join|LT3A ItoI6
|join|MaatMattos
|player|p1|LT3A ItoI6|166
|player|p2|MaatMattos|52
|gametype|singles
|gen|6
|tier|OU
|rated
|clearpoke
|poke|p1|Scolipede, F, shiny
|poke|p1|Bisharp, F
|poke|p1|Azumarill, F
|poke|p1|Landorus, M
|poke|p1|Raikou
|poke|p1|Medicham, M
|poke|p2|Manaphy
|poke|p2|Keldeo-Resolute
|poke|p2|Garchomp, F
|poke|p2|Magnezone
|poke|p2|Cresselia, F
|poke|p2|Landorus-Therian, M
|rule|Swagger Clause: Swagger is banned
|rule|Baton Pass Clause: Limit one PokÃ©mon knowing Baton Pass
|rule|Sleep Clause Mod: Limit one foe put to sleep
|rule|Species Clause: Limit one of each PokÃ©mon
|rule|OHKO Clause: OHKO moves are banned
|rule|Moody Clause: Moody is banned
|rule|Evasion Moves Clause: Evasion moves are banned
|rule|Endless Battle Clause: Forcing endless battles is banned
|rule|HP Percentage Mod: HP is shown in percentages
|teampreview
|join|Yung ItoI6
|
|start
|switch|p1a: Scolipede|Scolipede, F, shiny|261\/261
|switch|p2a: Magnezone|Magnezone|281\/281
|turn|1
|
|move|p2a: Magnezone|Volt Switch|p1a: Scolipede
|-damage|p1a: Scolipede|78\/261
|
|switch|p2a: Garchomp|Garchomp, F|419\/419
|move|p1a: Scolipede|Spikes|p2a: Garchomp
|-sidestart|p2: MaatMattos|Spikes
|
|-boost|p1a: Scolipede|spe|1|[from] ability: Speed Boost
|turn|2
|
|detailschange|p2a: Garchomp|Garchomp-Mega, F
|message|Garchomp has Mega Evolved into Mega Garchomp!
|move|p1a: Scolipede|Endeavor|p2a: Garchomp
|-damage|p2a: Garchomp|78\/419
|move|p2a: Garchomp|Fire Fang|p1a: Scolipede
|-supereffective|p1a: Scolipede
|-damage|p1a: Scolipede|0 fnt
|faint|p1a: Scolipede
|
|
|switch|p1a: Medicham|Medicham, M|261\/261
|turn|3
|c|âLT3A ItoI6|wait am i slower LOL
|c|âLT3A ItoI6|oh shit
|
|switch|p2a: Landorus-Therian|Landorus-Therian, M|381\/381
|-ability|p2a: Landorus-Therian|Intimidate|[of] p1a: Medicham
|-unboost|p1a: Medicham|atk|1
|detailschange|p1a: Medicham|Medicham-Mega, M
|message|Medicham has Mega Evolved into Mega Medicham!
|move|p1a: Medicham|Fake Out|p2a: Landorus-Therian
|-damage|p2a: Landorus-Therian|339\/381
|-damage|p1a: Medicham|218\/261|[from] item: Rocky Helmet|[of] p2a: Landorus-Therian
|
|turn|4
|c|âMaatMattos|unless ur adamant
|c|âLT3A ItoI6|oh
|
|move|p1a: Medicham|Ice Punch|p2a: Landorus-Therian
|-supereffective|p2a: Landorus-Therian
|-damage|p2a: Landorus-Therian|59\/381
|-damage|p1a: Medicham|175\/261|[from] item: Rocky Helmet|[of] p2a: Landorus-Therian
|move|p2a: Landorus-Therian|U-turn|p1a: Medicham
|-damage|p1a: Medicham|84\/261
|
|switch|p2a: Magnezone|Magnezone|281\/281
|-damage|p2a: Magnezone|246\/281|[from] Spikes
|
|turn|5
|
|switch|p1a: Raikou|Raikou|329\/329
|-ability|p1a: Raikou|Pressure
|move|p2a: Magnezone|Flash Cannon|p1a: Raikou
|-resisted|p1a: Raikou
|-damage|p1a: Raikou|263\/329
|
|turn|6
|
|switch|p2a: Garchomp|Garchomp-Mega, F|78\/419
|-damage|p2a: Garchomp|26\/419|[from] Spikes
|move|p1a: Raikou|Shadow Ball|p2a: Garchomp
|-damage|p2a: Garchomp|0 fnt
|faint|p2a: Garchomp
|
|c|âMaatMattos|lol
|
|switch|p2a: Cresselia|Cresselia, F|444\/444
|turn|7
|
|move|p1a: Raikou|Shadow Ball|p2a: Cresselia
|-supereffective|p2a: Cresselia
|-damage|p2a: Cresselia|288\/444
|move|p2a: Cresselia|Reflect|p2a: Cresselia
|-sidestart|p2: MaatMattos|Reflect
|
|turn|8
|
|switch|p1a: Landorus|Landorus, M|319\/319
|move|p2a: Cresselia|Light Screen|p2a: Cresselia
|-sidestart|p2: MaatMattos|move: Light Screen
|
|turn|9
|
|switch|p2a: Keldeo-Resolute|Keldeo-Resolute|323\/323
|-damage|p2a: Keldeo-Resolute|283\/323|[from] Spikes
|move|p1a: Landorus|Stealth Rock|p2a: Keldeo-Resolute
|-sidestart|p2: MaatMattos|move: Stealth Rock
|
|-heal|p2a: Keldeo-Resolute|303\/323|[from] item: Leftovers
|turn|10
|
|switch|p1a: Azumarill|Azumarill, F|399\/399
|move|p2a: Keldeo-Resolute|Scald|p1a: Azumarill
|-resisted|p1a: Azumarill
|-damage|p1a: Azumarill|342\/399
|
|-heal|p2a: Keldeo-Resolute|323\/323|[from] item: Leftovers
|turn|11
|
|switch|p2a: Landorus-Therian|Landorus-Therian, M|59\/381
|-damage|p2a: Landorus-Therian|12\/381|[from] Stealth Rock
|-ability|p2a: Landorus-Therian|Intimidate|[of] p1a: Azumarill
|-unboost|p1a: Azumarill|atk|1
|move|p1a: Azumarill|Play Rough|p2a: Landorus-Therian
|-damage|p2a: Landorus-Therian|0 fnt
|-damage|p1a: Azumarill|276\/399|[from] item: Rocky Helmet|[of] p2a: Landorus-Therian
|faint|p2a: Landorus-Therian
|
|
|switch|p2a: Manaphy|Manaphy|373\/373
|-damage|p2a: Manaphy|327\/373|[from] Stealth Rock
|-damage|p2a: Manaphy|281\/373|[from] Spikes
|turn|12
|
|move|p2a: Manaphy|Tail Glow|p2a: Manaphy
|-boost|p2a: Manaphy|spa|3
|move|p1a: Azumarill|Play Rough|p2a: Manaphy
|-damage|p2a: Manaphy|217\/373
|
|-heal|p2a: Manaphy|240\/373|[from] item: Leftovers
|turn|13
|c|âLT3A ItoI6|whaaaaat
|c|âMaatMattos|whaaaat
|
|switch|p1a: Landorus|Landorus, M|319\/319
|move|p2a: Manaphy|Psychic|p1a: Landorus
|-damage|p1a: Landorus|46\/319
|
|-heal|p2a: Manaphy|263\/373|[from] item: Leftovers
|turn|14
|
|move|p1a: Landorus|Earth Power|p2a: Manaphy
|-damage|p2a: Manaphy|130\/373
|move|p2a: Manaphy|Scald|p1a: Landorus
|-supereffective|p1a: Landorus
|-damage|p1a: Landorus|0 fnt
|faint|p1a: Landorus
|
|-heal|p2a: Manaphy|153\/373|[from] item: Leftovers
|-sideend|p2: MaatMattos|Reflect
|
|switch|p1a: Medicham|Medicham-Mega, M|84\/261
|turn|15
|
|move|p1a: Medicham|High Jump Kick|p2a: Manaphy|[miss]
|-miss|p1a: Medicham|p2a: Manaphy
|-damage|p1a: Medicham|0 fnt|[from] highjumpkick
|faint|p1a: Medicham
|move|p2a: Manaphy|Scald|p1: Medicham|[notarget]
|-notarget
|
|-heal|p2a: Manaphy|176\/373|[from] item: Leftovers
|-sideend|p2: MaatMattos|move: Light Screen
|c|âMaatMattos|wew
|c|âMaatMattos|im sorry
|c|âMaatMattos|):
|
|switch|p1a: Raikou|Raikou|263\/329
|-ability|p1a: Raikou|Pressure
|turn|16
|c|âLT3A ItoI6|its looking grim for our hero 
|c|âLT3A ItoI6|LOL
|c|âMaatMattos|X.D
|
|move|p1a: Raikou|Thunderbolt|p2a: Manaphy
|-supereffective|p2a: Manaphy
|-damage|p2a: Manaphy|0 fnt
|faint|p2a: Manaphy
|
|
|switch|p2a: Cresselia|Cresselia, F|288\/444
|-damage|p2a: Cresselia|233\/444|[from] Stealth Rock
|turn|17
|
|move|p1a: Raikou|Thunderbolt|p2a: Cresselia
|-damage|p2a: Cresselia|91\/444
|move|p2a: Cresselia|Light Screen|p2a: Cresselia
|-sidestart|p2: MaatMattos|move: Light Screen
|
|turn|18
|
|move|p1a: Raikou|Thunderbolt|p2a: Cresselia
|-damage|p2a: Cresselia|27\/444
|move|p2a: Cresselia|Reflect|p2a: Cresselia
|-sidestart|p2: MaatMattos|Reflect
|
|turn|19
|
|move|p1a: Raikou|Thunderbolt|p2a: Cresselia
|-damage|p2a: Cresselia|0 fnt
|faint|p2a: Cresselia
|
|
|switch|p2a: Keldeo-Resolute|Keldeo-Resolute|323\/323
|-damage|p2a: Keldeo-Resolute|303\/323|[from] Stealth Rock
|-damage|p2a: Keldeo-Resolute|263\/323|[from] Spikes
|turn|20
|
|move|p1a: Raikou|Thunderbolt|p2a: Keldeo-Resolute
|-supereffective|p2a: Keldeo-Resolute
|-damage|p2a: Keldeo-Resolute|28\/323
|move|p2a: Keldeo-Resolute|Secret Sword|p1a: Raikou
|-damage|p1a: Raikou|73\/329
|
|-heal|p2a: Keldeo-Resolute|48\/323|[from] item: Leftovers
|turn|21
|
|move|p1a: Raikou|Thunderbolt|p2a: Keldeo-Resolute
|-supereffective|p2a: Keldeo-Resolute
|-damage|p2a: Keldeo-Resolute|0 fnt
|faint|p2a: Keldeo-Resolute
|
|
|switch|p2a: Magnezone|Magnezone|246\/281
|-damage|p2a: Magnezone|211\/281|[from] Spikes
|-damage|p2a: Magnezone|194\/281|[from] Stealth Rock
|turn|22
|
|move|p2a: Magnezone|Thunderbolt|p1a: Raikou
|-resisted|p1a: Raikou
|-damage|p1a: Raikou|0 fnt
|faint|p1a: Raikou
|
|
|switch|p1a: Azumarill|Azumarill, F|276\/399
|turn|23
|
|move|p1a: Azumarill|Aqua Jet|p2a: Magnezone
|-damage|p2a: Magnezone|158\/281
|move|p2a: Magnezone|Thunderbolt|p1a: Azumarill
|-supereffective|p1a: Azumarill
|-damage|p1a: Azumarill|18\/399
|
|turn|24
|
|move|p1a: Azumarill|Aqua Jet|p2a: Magnezone
|-damage|p2a: Magnezone|122\/281
|move|p2a: Magnezone|Thunderbolt|p1a: Azumarill
|-supereffective|p1a: Azumarill
|-damage|p1a: Azumarill|0 fnt
|faint|p1a: Azumarill
|
|-sideend|p2: MaatMattos|move: Light Screen
|
|switch|p1a: Bisharp|Bisharp, F|271\/271
|turn|25
|
|move|p1a: Bisharp|Sucker Punch|p2a: Magnezone
|-damage|p2a: Magnezone|32\/281
|-damage|p1a: Bisharp|244\/271|[from] item: Life Orb
|move|p2a: Magnezone|Thunderbolt|p1a: Bisharp
|-damage|p1a: Bisharp|18\/271
|
|-sideend|p2: MaatMattos|Reflect
|turn|26
|
|move|p1a: Bisharp|Sucker Punch|p2a: Magnezone
|-damage|p2a: Magnezone|0 fnt
|-damage|p1a: Bisharp|0 fnt|[from] item: Life Orb
|faint|p2a: Magnezone
|faint|p1a: Bisharp
|
|win|LT3A ItoI6
|raw|Ladder updating...
|raw|LT3A ItoI6's rating: 1811 &rarr; <strong>1829<\/strong><br \/>(+18 for winning)
|raw|MaatMattos's rating: 1777 &rarr; <strong>1759<\/strong><br \/>(-18 for losing)
|c|âMaatMattos|so close
|c|âLT3A ItoI6|gg
|c|âMaatMattos|gg