|join|MaatMattos
|join|fkname
|player|p1|MaatMattos|52
|player|p2|fkname|34
|gametype|singles
|gen|6
|tier|OU
|rated
|clearpoke
|poke|p1|Manaphy
|poke|p1|Cresselia, F
|poke|p1|Ferrothorn, F
|poke|p1|Heatran, F
|poke|p1|Landorus-Therian, M
|poke|p1|Slowbro, M
|poke|p2|Sableye, M
|poke|p2|Chansey, F
|poke|p2|Gliscor, M
|poke|p2|Gyarados, M
|poke|p2|Gothitelle, F
|poke|p2|Landorus-Therian, M
|rule|Swagger Clause: Swagger is banned
|rule|Baton Pass Clause: Limit one PokÃ©mon knowing Baton Pass
|rule|Sleep Clause Mod: Limit one foe put to sleep
|rule|Species Clause: Limit one of each PokÃ©mon
|rule|OHKO Clause: OHKO moves are banned
|rule|Moody Clause: Moody is banned
|rule|Evasion Moves Clause: Evasion moves are banned
|rule|Endless Battle Clause: Forcing endless battles is banned
|rule|HP Percentage Mod: HP is shown in percentages
|teampreview
|
|start
|switch|p1a: Manaphy|Manaphy|341\/341
|switch|p2a: Landorus-Therian|Landorus-Therian, M|349\/349
|-ability|p2a: Landorus-Therian|Intimidate|[of] p1a: Manaphy
|-unboost|p1a: Manaphy|atk|1
|turn|1
|c|âfkname|gl hf
|
|move|p2a: Landorus-Therian|U-turn|p1a: Manaphy
|-damage|p1a: Manaphy|241\/341
|
|switch|p2a: Gothitelle|Gothitelle, F|344\/344
|move|p1a: Manaphy|Tail Glow|p1a: Manaphy
|-boost|p1a: Manaphy|spa|3
|
|-heal|p1a: Manaphy|262\/341|[from] item: Leftovers
|turn|2
|
|move|p1a: Manaphy|Scald|p2a: Gothitelle
|-damage|p2a: Gothitelle|116\/344
|move|p2a: Gothitelle|Trick|p1a: Manaphy
|-activate|p2a: Gothitelle|move: Trick|[of] p1a: Manaphy
|-item|p1a: Manaphy|Choice Scarf|[from] move: Trick
|-item|p2a: Gothitelle|Leftovers|[from] move: Trick
|
|-heal|p2a: Gothitelle|137\/344|[from] item: Leftovers
|turn|3
|
|switch|p2a: Chansey|Chansey, F|704\/704
|move|p1a: Manaphy|Scald|p2a: Chansey
|-damage|p2a: Chansey|482\/704
|
|turn|4
|
|move|p1a: Manaphy|Scald|p2a: Chansey
|-damage|p2a: Chansey|284\/704
|move|p2a: Chansey|Thunder Wave|p1a: Manaphy
|-status|p1a: Manaphy|par
|
|turn|5
|
|move|p2a: Chansey|Soft-Boiled|p2a: Chansey
|-heal|p2a: Chansey|636\/704
|move|p1a: Manaphy|Scald|p2a: Chansey
|-crit|p2a: Chansey
|-damage|p2a: Chansey|306\/704
|
|turn|6
|
|move|p2a: Chansey|Soft-Boiled|p2a: Chansey
|-heal|p2a: Chansey|658\/704
|cant|p1a: Manaphy|par
|
|turn|7
|
|move|p2a: Chansey|Seismic Toss|p1a: Manaphy
|-damage|p1a: Manaphy|162\/341 par
|move|p1a: Manaphy|Scald|p2a: Chansey
|-damage|p2a: Chansey|463\/704
|
|turn|8
|
|move|p2a: Chansey|Seismic Toss|p1a: Manaphy
|-damage|p1a: Manaphy|62\/341 par
|cant|p1a: Manaphy|par
|
|turn|9
|
|switch|p1a: Landorus-Therian|Landorus-Therian, M|381\/381
|-ability|p1a: Landorus-Therian|Intimidate|[of] p2a: Chansey
|-unboost|p2a: Chansey|atk|1
|move|p2a: Chansey|Seismic Toss|p1a: Landorus-Therian
|-damage|p1a: Landorus-Therian|281\/381
|-damage|p2a: Chansey|346\/704|[from] item: Rocky Helmet|[of] p1a: Landorus-Therian
|
|turn|10
|
|switch|p2a: Sableye|Sableye, M|304\/304
|move|p1a: Landorus-Therian|Stealth Rock|p2a: Sableye
|-sidestart|p2: fkname|move: Stealth Rock
|
|turn|11
|
|switch|p1a: Manaphy|Manaphy|62\/341 par
|detailschange|p2a: Sableye|Sableye-Mega, M
|message|Sableye has Mega Evolved into Mega Sableye!
|move|p2a: Sableye|Will-O-Wisp|p1a: Manaphy
|-fail|p1a: Manaphy
|
|turn|12
|
|move|p1a: Manaphy|Scald|p2a: Sableye
|-damage|p2a: Sableye|184\/304
|move|p2a: Sableye|Dark Pulse|p1a: Manaphy
|-damage|p1a: Manaphy|0 fnt
|faint|p1a: Manaphy
|
|
|switch|p1a: Heatran|Heatran, F|386\/386
|turn|13
|
|move|p1a: Heatran|Magma Storm|p2a: Sableye
|-damage|p2a: Sableye|55\/304
|-activate|p2a: Sableye|move: Magma Storm|[of] p1a: Heatran
|move|p2a: Sableye|Recover|p2a: Sableye
|-heal|p2a: Sableye|207\/304
|
|-damage|p2a: Sableye|169\/304|[from] move: Magma Storm|[partiallytrapped]
|turn|14
|
|move|p1a: Heatran|Magma Storm|p2a: Sableye|[miss]
|-miss|p1a: Heatran|p2a: Sableye
|move|p2a: Sableye|Recover|p2a: Sableye
|-heal|p2a: Sableye|304\/304
|
|-damage|p2a: Sableye|266\/304|[from] move: Magma Storm|[partiallytrapped]
|turn|15
|c|âfkname|that 75% accuracy tho
|c|âMaatMattos|yea
|c|âMaatMattos|the traps are worth it for me.
|c|âfkname|i'm a ghost type....
|c|âfkname|i can't be trapped
|
|move|p1a: Heatran|Magma Storm|p2a: Sableye
|-damage|p2a: Sableye|145\/304
|move|p2a: Sableye|Recover|p2a: Sableye
|-heal|p2a: Sableye|297\/304
|
|-damage|p2a: Sableye|259\/304|[from] move: Magma Storm|[partiallytrapped]
|turn|16
|c|âMaatMattos|LOL
|c|âMaatMattos|is that for real?
|c|âMaatMattos|i didnt even know about that rule.
|c|âfkname|lol
|c|âfkname|yes, forreal
|
|switch|p1a: Cresselia|Cresselia, F|443\/443
|move|p2a: Sableye|Recover|p2a: Sableye
|-heal|p2a: Sableye|304\/304
|
|-end|p2a: Sableye|Magma Storm|[partiallytrapped]
|turn|17
|
|move|p1a: Cresselia|Light Screen|p1a: Cresselia
|-sidestart|p1: MaatMattos|move: Light Screen
|move|p2a: Sableye|Dark Pulse|p1a: Cresselia
|-supereffective|p1a: Cresselia
|-damage|p1a: Cresselia|389\/443
|
|turn|18
|
|move|p1a: Cresselia|Reflect|p1a: Cresselia
|-sidestart|p1: MaatMattos|Reflect
|move|p2a: Sableye|Calm Mind|p2a: Sableye
|-boost|p2a: Sableye|spa|1
|-boost|p2a: Sableye|spd|1
|
|turn|19
|c|âfkname|that donkey
|
|switch|p1a: Slowbro|Slowbro, M|393\/393
|move|p2a: Sableye|Calm Mind|p2a: Sableye
|-boost|p2a: Sableye|spa|1
|-boost|p2a: Sableye|spd|1
|
|turn|20
|
|detailschange|p1a: Slowbro|Slowbro-Mega, M
|message|Slowbro has Mega Evolved into Mega Slowbro!
|move|p1a: Slowbro|Calm Mind|p1a: Slowbro
|-boost|p1a: Slowbro|spa|1
|-boost|p1a: Slowbro|spd|1
|move|p2a: Sableye|Calm Mind|p2a: Sableye
|-boost|p2a: Sableye|spa|1
|-boost|p2a: Sableye|spd|1
|
|turn|21
|c|âfkname|I'm ahead :P
|
|move|p1a: Slowbro|Calm Mind|p1a: Slowbro
|-boost|p1a: Slowbro|spa|1
|-boost|p1a: Slowbro|spd|1
|move|p2a: Sableye|Calm Mind|p2a: Sableye
|-boost|p2a: Sableye|spa|1
|-boost|p2a: Sableye|spd|1
|
|turn|22
|c|âMaatMattos|ikr
|
|move|p1a: Slowbro|Calm Mind|p1a: Slowbro
|-boost|p1a: Slowbro|spa|1
|-boost|p1a: Slowbro|spd|1
|move|p2a: Sableye|Calm Mind|p2a: Sableye
|-boost|p2a: Sableye|spa|1
|-boost|p2a: Sableye|spd|1
|
|turn|23
|c|âfkname|and you're faster
|
|move|p1a: Slowbro|Calm Mind|p1a: Slowbro
|-boost|p1a: Slowbro|spa|1
|-boost|p1a: Slowbro|spd|1
|move|p2a: Sableye|Calm Mind|p2a: Sableye
|-boost|p2a: Sableye|spa|1
|-boost|p2a: Sableye|spd|1
|
|turn|24
|c|âMaatMattos|fastbro
|c|âfkname|to think there is a pokemon slower than slowbro
|
|move|p1a: Slowbro|Calm Mind|p1a: Slowbro
|-boost|p1a: Slowbro|spa|1
|-boost|p1a: Slowbro|spd|1
|move|p2a: Sableye|Dark Pulse|p1a: Slowbro
|-supereffective|p1a: Slowbro
|-damage|p1a: Slowbro|287\/393
|
|-sideend|p1: MaatMattos|move: Light Screen
|turn|25
|
|move|p1a: Slowbro|Calm Mind|p1a: Slowbro
|-boost|p1a: Slowbro|spa|1
|-boost|p1a: Slowbro|spd|1
|move|p2a: Sableye|Dark Pulse|p1a: Slowbro
|-supereffective|p1a: Slowbro
|-damage|p1a: Slowbro|95\/393
|
|-sideend|p1: MaatMattos|Reflect
|turn|26
|
|move|p1a: Slowbro|Rest|p1a: Slowbro
|-status|p1a: Slowbro|slp
|-heal|p1a: Slowbro|393\/393 slp|[silent]
|-status|p1a: Slowbro|slp|[from] move: Rest
|move|p2a: Sableye|Dark Pulse|p1a: Slowbro
|-supereffective|p1a: Slowbro
|-damage|p1a: Slowbro|195\/393 slp
|
|turn|27
|
|cant|p1a: Slowbro|slp
|move|p1a: Slowbro|Sleep Talk|p1a: Slowbro
|move|p1a: Slowbro|Calm Mind|p1a: Slowbro|[from]Sleep Talk
|-fail|p1a: Slowbro
|move|p2a: Sableye|Dark Pulse|p1a: Slowbro
|-supereffective|p1a: Slowbro
|-damage|p1a: Slowbro|13\/393 slp
|
|turn|28
|c|âfkname|we're basically +1\/+1
|
|cant|p1a: Slowbro|slp
|move|p1a: Slowbro|Sleep Talk|p1a: Slowbro
|move|p1a: Slowbro|Scald|p2a: Sableye|[from]Sleep Talk
|-damage|p2a: Sableye|207\/304
|-status|p2a: Sableye|brn
|move|p2a: Sableye|Dark Pulse|p1a: Slowbro
|-supereffective|p1a: Slowbro
|-damage|p1a: Slowbro|0 fnt
|faint|p1a: Slowbro
|
|-damage|p2a: Sableye|169\/304 brn|[from] brn
|
|switch|p1a: Heatran|Heatran, F|386\/386
|turn|29
|c|âMaatMattos|thank god for the burn
|
|move|p1a: Heatran|Magma Storm|p2a: Sableye|[miss]
|-miss|p1a: Heatran|p2a: Sableye
|move|p2a: Sableye|Recover|p2a: Sableye
|-heal|p2a: Sableye|304\/304 brn
|
|-damage|p2a: Sableye|266\/304 brn|[from] brn
|turn|30
|
|move|p1a: Heatran|Magma Storm|p2a: Sableye
|-damage|p2a: Sableye|230\/304 brn
|-activate|p2a: Sableye|move: Magma Storm|[of] p1a: Heatran
|move|p2a: Sableye|Dark Pulse|p1a: Heatran
|-damage|p1a: Heatran|173\/386
|
|-heal|p1a: Heatran|197\/386|[from] item: Leftovers
|-damage|p2a: Sableye|192\/304 brn|[from] brn
|-damage|p2a: Sableye|154\/304 brn|[from] move: Magma Storm|[partiallytrapped]
|turn|31
|c|âfkname|lol doesn't even phase sableye
|
|move|p1a: Heatran|Magma Storm|p2a: Sableye
|-damage|p2a: Sableye|121\/304 brn
|move|p2a: Sableye|Recover|p2a: Sableye
|-heal|p2a: Sableye|273\/304 brn
|
|-heal|p1a: Heatran|221\/386|[from] item: Leftovers
|-damage|p2a: Sableye|235\/304 brn|[from] brn
|-damage|p2a: Sableye|197\/304 brn|[from] move: Magma Storm|[partiallytrapped]
|turn|32
|c|âMaatMattos|yea
|
|switch|p1a: Landorus-Therian|Landorus-Therian, M|281\/381
|-ability|p1a: Landorus-Therian|Intimidate|[of] p2a: Sableye
|-unboost|p2a: Sableye|atk|1
|move|p2a: Sableye|Recover|p2a: Sableye
|-heal|p2a: Sableye|304\/304 brn
|
|-damage|p2a: Sableye|266\/304 brn|[from] brn
|-end|p2a: Sableye|Magma Storm|[partiallytrapped]
|turn|33
|
|move|p1a: Landorus-Therian|Earthquake|p2a: Sableye
|-damage|p2a: Sableye|157\/304 brn
|move|p2a: Sableye|Dark Pulse|p1a: Landorus-Therian
|-damage|p1a: Landorus-Therian|0 fnt
|faint|p1a: Landorus-Therian
|
|-damage|p2a: Sableye|119\/304 brn|[from] brn
|
|switch|p1a: Heatran|Heatran, F|221\/386
|turn|34
|c|âMaatMattos|well im all out lol
|
|move|p1a: Heatran|Magma Storm|p2a: Sableye
|-damage|p2a: Sableye|88\/304 brn
|-activate|p2a: Sableye|move: Magma Storm|[of] p1a: Heatran
|move|p2a: Sableye|Recover|p2a: Sableye
|-heal|p2a: Sableye|240\/304 brn
|
|-heal|p1a: Heatran|245\/386|[from] item: Leftovers
|-damage|p2a: Sableye|202\/304 brn|[from] brn
|-damage|p2a: Sableye|164\/304 brn|[from] move: Magma Storm|[partiallytrapped]
|turn|35
|
|move|p2a: Sableye|Recover|p2a: Sableye
|-heal|p2a: Sableye|304\/304 brn
|move|p1a: Heatran|Roar|p2a: Sableye
|move|p2a: Sableye|Roar|p1a: Heatran|[from]Magic Bounce
|drag|p1a: Ferrothorn|Ferrothorn, F|351\/351
|
|-damage|p2a: Sableye|266\/304 brn|[from] brn
|-end|p2a: Sableye|Magma Storm|[partiallytrapped]
|turn|36
|c|âfkname|LOL
|-message|MaatMattos forfeited.
|
|win|fkname
|raw|Ladder updating...
|leave|MaatMattos
|player|p1
|raw|MaatMattos's rating: 1755 &rarr; <strong>1725<\/strong><br \/>(-30 for losing)
|raw|fkname's rating: 1568 &rarr; <strong>1598<\/strong><br \/>(+30 for winning)