|join|Hogback_fosh_men
|join|MaatMattos
|player|p1|Hogback_fosh_men|265
|player|p2|MaatMattos|52
|gametype|singles
|gen|6
|tier|OU
|rated
|clearpoke
|poke|p1|Pinsir, F
|poke|p1|Gengar, F, shiny
|poke|p1|Rotom-Wash
|poke|p1|Ferrothorn, F
|poke|p1|Heatran, M
|poke|p1|Conkeldurr, M, shiny
|poke|p2|Manaphy
|poke|p2|Keldeo-Resolute
|poke|p2|Heracross, M
|poke|p2|Cresselia, F
|poke|p2|Landorus-Therian, M
|poke|p2|Jirachi
|rule|Swagger Clause: Swagger is banned
|rule|Baton Pass Clause: Limit one PokÃ©mon knowing Baton Pass
|rule|Sleep Clause Mod: Limit one foe put to sleep
|rule|Species Clause: Limit one of each PokÃ©mon
|rule|OHKO Clause: OHKO moves are banned
|rule|Moody Clause: Moody is banned
|rule|Evasion Moves Clause: Evasion moves are banned
|rule|Endless Battle Clause: Forcing endless battles is banned
|rule|HP Percentage Mod: HP is shown in percentages
|teampreview
|
|start
|switch|p1a: Ferrothorn|Ferrothorn, F|352\/352
|switch|p2a: Jirachi|Jirachi|404\/404
|turn|1
|
|move|p2a: Jirachi|Body Slam|p1a: Ferrothorn
|-resisted|p1a: Ferrothorn
|-damage|p1a: Ferrothorn|320\/352
|-damage|p2a: Jirachi|354\/404|[from] ability: Iron Barbs|[of] p1a: Ferrothorn
|-damage|p2a: Jirachi|287\/404|[from] item: Rocky Helmet|[of] p1a: Ferrothorn
|move|p1a: Ferrothorn|Stealth Rock|p2a: Jirachi
|-sidestart|p2: MaatMattos|move: Stealth Rock
|
|-heal|p2a: Jirachi|312\/404|[from] item: Leftovers
|turn|2
|
|move|p2a: Jirachi|Body Slam|p1a: Ferrothorn
|-resisted|p1a: Ferrothorn
|-damage|p1a: Ferrothorn|290\/352
|-damage|p2a: Jirachi|262\/404|[from] ability: Iron Barbs|[of] p1a: Ferrothorn
|-damage|p2a: Jirachi|195\/404|[from] item: Rocky Helmet|[of] p1a: Ferrothorn
|-status|p1a: Ferrothorn|par
|move|p1a: Ferrothorn|Spikes|p2a: Jirachi
|-sidestart|p2: MaatMattos|Spikes
|
|-heal|p2a: Jirachi|220\/404|[from] item: Leftovers
|turn|3
|
|move|p2a: Jirachi|Wish|p2a: Jirachi
|move|p1a: Ferrothorn|Leech Seed|p2a: Jirachi
|-start|p2a: Jirachi|move: Leech Seed
|
|-heal|p2a: Jirachi|245\/404|[from] item: Leftovers
|-damage|p2a: Jirachi|195\/404|[from] Leech Seed|[of] p1a: Ferrothorn
|-heal|p1a: Ferrothorn|340\/352 par|[silent]
|turn|4
|
|move|p2a: Jirachi|Iron Head|p1a: Ferrothorn
|-resisted|p1a: Ferrothorn
|-damage|p1a: Ferrothorn|294\/352 par
|-damage|p2a: Jirachi|145\/404|[from] ability: Iron Barbs|[of] p1a: Ferrothorn
|-damage|p2a: Jirachi|78\/404|[from] item: Rocky Helmet|[of] p1a: Ferrothorn
|cant|p1a: Ferrothorn|flinch
|
|-heal|p2a: Jirachi|280\/404|[from] move: Wish|[wisher] Jirachi
|-heal|p2a: Jirachi|305\/404|[from] item: Leftovers
|-damage|p2a: Jirachi|255\/404|[from] Leech Seed|[of] p1a: Ferrothorn
|-heal|p1a: Ferrothorn|344\/352 par|[silent]
|turn|5
|
|switch|p2a: Heracross|Heracross, M|363\/363
|-damage|p2a: Heracross|318\/363|[from] Spikes
|-damage|p2a: Heracross|273\/363|[from] Stealth Rock
|move|p1a: Ferrothorn|Spikes|p2a: Heracross
|-sidestart|p2: MaatMattos|Spikes
|
|turn|6
|
|switch|p1a: Nightmare|Gengar, F, shiny|262\/262
|detailschange|p2a: Heracross|Heracross-Mega, M
|message|Heracross has Mega Evolved into Mega Heracross!
|move|p2a: Heracross|Close Combat|p1a: Nightmare
|-immune|p1a: Nightmare|[msg]
|
|turn|7
|-message|MaatMattos forfeited.
|
|win|Hogback_fosh_men
|raw|Ladder updating...
|leave|MaatMattos
|player|p2
|raw|Hogback_fosh_men's rating: 1786 &rarr; <strong>1809<\/strong><br \/>(+23 for winning)
|raw|MaatMattos's rating: 1832 &rarr; <strong>1809<\/strong><br \/>(-23 for losing)