|join|MaatMattos
|join|Animus Majulous
|player|p1|MaatMattos|52
|player|p2|Animus Majulous|115
|gametype|singles
|gen|6
|tier|OU
|rated
|clearpoke
|poke|p1|Manaphy
|poke|p1|Heracross, F
|poke|p1|Cresselia, F
|poke|p1|Landorus-Therian, M
|poke|p1|Heatran, F
|poke|p1|Scolipede, M
|poke|p2|Gothitelle, F
|poke|p2|Manectric, F
|poke|p2|Bisharp, M
|poke|p2|Breloom, F
|poke|p2|Latias, F
|poke|p2|Talonflame, M
|rule|Swagger Clause: Swagger is banned
|rule|Baton Pass Clause: Limit one PokÃ©mon knowing Baton Pass
|rule|Sleep Clause Mod: Limit one foe put to sleep
|rule|Species Clause: Limit one of each PokÃ©mon
|rule|OHKO Clause: OHKO moves are banned
|rule|Moody Clause: Moody is banned
|rule|Evasion Moves Clause: Evasion moves are banned
|rule|Endless Battle Clause: Forcing endless battles is banned
|rule|HP Percentage Mod: HP is shown in percentages
|teampreview
|
|start
|switch|p1a: Heracross|Heracross, F|301\/301
|switch|p2a: Manectric|Manectric, F|281\/281
|turn|1
|
|detailschange|p2a: Manectric|Manectric-Mega, F
|message|Manectric has Mega Evolved into Mega Manectric!
|-ability|p2a: Manectric|Intimidate|[of] p1a: Heracross
|-unboost|p1a: Heracross|atk|1
|detailschange|p1a: Heracross|Heracross-Mega, F
|message|Heracross has Mega Evolved into Mega Heracross!
|move|p2a: Manectric|Volt Switch|p1a: Heracross
|-damage|p1a: Heracross|172\/301
|
|switch|p2a: Talonflame|Talonflame, M|298\/298
|move|p1a: Heracross|Pin Missile|p2a: Talonflame
|-resisted|p2a: Talonflame
|-damage|p2a: Talonflame|284\/298
|-crit|p2a: Talonflame
|-resisted|p2a: Talonflame
|-damage|p2a: Talonflame|251\/298
|-resisted|p2a: Talonflame
|-damage|p2a: Talonflame|236\/298
|-resisted|p2a: Talonflame
|-damage|p2a: Talonflame|223\/298
|-resisted|p2a: Talonflame
|-damage|p2a: Talonflame|209\/298
|-hitcount|p2a: Talonflame|5
|
|turn|2
|
|switch|p1a: Landorus-Therian|Landorus-Therian, M|381\/381
|-ability|p1a: Landorus-Therian|Intimidate|[of] p2a: Talonflame
|-unboost|p2a: Talonflame|atk|1
|move|p2a: Talonflame|U-turn|p1a: Landorus-Therian
|-resisted|p1a: Landorus-Therian
|-damage|p1a: Landorus-Therian|358\/381
|-damage|p2a: Talonflame|160\/298|[from] item: Rocky Helmet|[of] p1a: Landorus-Therian
|
|switch|p2a: Manectric|Manectric-Mega, F|281\/281
|-ability|p2a: Manectric|Intimidate|[of] p1a: Landorus-Therian
|-unboost|p1a: Landorus-Therian|atk|1
|
|turn|3
|
|switch|p2a: Talonflame|Talonflame, M|160\/298
|switch|p1a: Heatran|Heatran, F|386\/386
|
|turn|4
|
|move|p2a: Talonflame|U-turn|p1a: Heatran
|-resisted|p1a: Heatran
|-damage|p1a: Heatran|366\/386
|
|switch|p2a: Breloom|Breloom, F|262\/262
|move|p1a: Heatran|Stealth Rock|p2a: Breloom
|-sidestart|p2: Animus Majulous|move: Stealth Rock
|
|-heal|p1a: Heatran|386\/386|[from] item: Leftovers
|turn|5
|
|switch|p1a: Landorus-Therian|Landorus-Therian, M|358\/381
|-ability|p1a: Landorus-Therian|Intimidate|[of] p2a: Breloom
|-unboost|p2a: Breloom|atk|1
|move|p2a: Breloom|Spore|p1a: Landorus-Therian
|-status|p1a: Landorus-Therian|slp
|
|turn|6
|
|switch|p1a: Heracross|Heracross-Mega, F|172\/301
|move|p2a: Breloom|Bullet Seed|p1a: Heracross
|-resisted|p1a: Heracross
|-damage|p1a: Heracross|145\/301
|-resisted|p1a: Heracross
|-damage|p1a: Heracross|119\/301
|-resisted|p1a: Heracross
|-damage|p1a: Heracross|92\/301
|-resisted|p1a: Heracross
|-damage|p1a: Heracross|69\/301
|-resisted|p1a: Heracross
|-damage|p1a: Heracross|43\/301
|-hitcount|p1a: Heracross|5
|-damage|p2a: Breloom|236\/262|[from] item: Life Orb
|
|turn|7
|
|move|p2a: Breloom|Bullet Seed|p1a: Heracross
|-resisted|p1a: Heracross
|-damage|p1a: Heracross|17\/301
|-resisted|p1a: Heracross
|-damage|p1a: Heracross|0 fnt
|-hitcount|p1a: Heracross|2
|-damage|p2a: Breloom|210\/262|[from] item: Life Orb
|faint|p1a: Heracross
|
|
|switch|p1a: Heatran|Heatran, F|386\/386
|turn|8
|
|switch|p2a: Latias|Latias, F|302\/302
|-damage|p2a: Latias|265\/302|[from] Stealth Rock
|move|p1a: Heatran|Will-O-Wisp|p2a: Latias
|-status|p2a: Latias|brn
|
|-damage|p2a: Latias|228\/302 brn|[from] brn
|turn|9
|
|move|p2a: Latias|Hidden Power|p1a: Heatran
|-supereffective|p1a: Heatran
|-damage|p1a: Heatran|274\/386
|-damage|p2a: Latias|198\/302 brn|[from] item: Life Orb
|move|p1a: Heatran|Stealth Rock|p2a: Latias
|-fail|p2a: Latias
|
|-heal|p1a: Heatran|298\/386|[from] item: Leftovers
|-damage|p2a: Latias|161\/302 brn|[from] brn
|turn|10
|
|switch|p1a: Cresselia|Cresselia, F|444\/444
|move|p2a: Latias|Defog|p1a: Cresselia
|-unboost|p1a: Cresselia|evasion|1
|-sideend|p2: Animus Majulous|Stealth Rock|[from] move: Defog|[of] p2a: Latias
|
|-damage|p2a: Latias|124\/302 brn|[from] brn
|turn|11
|
|switch|p2a: Bisharp|Bisharp, M|272\/272
|move|p1a: Cresselia|Reflect|p1a: Cresselia
|-sidestart|p1: MaatMattos|Reflect
|
|turn|12
|
|move|p2a: Bisharp|Swords Dance|p2a: Bisharp
|-boost|p2a: Bisharp|atk|2
|move|p1a: Cresselia|Thunder Wave|p2a: Bisharp
|-status|p2a: Bisharp|par
|
|turn|13
|
|switch|p1a: Heatran|Heatran, F|298\/386
|move|p2a: Bisharp|Swords Dance|p2a: Bisharp
|-boost|p2a: Bisharp|atk|2
|
|-heal|p1a: Heatran|322\/386|[from] item: Leftovers
|turn|14
|
|move|p2a: Bisharp|Sucker Punch|p1a: Heatran
|-fail|p1a: Heatran
|move|p1a: Heatran|Roar|p2a: Bisharp
|drag|p2a: Talonflame|Talonflame, M|160\/298
|
|-heal|p1a: Heatran|346\/386|[from] item: Leftovers
|turn|15
|
|move|p2a: Talonflame|Roost|p2a: Talonflame
|-heal|p2a: Talonflame|298\/298
|move|p1a: Heatran|Stealth Rock|p2a: Talonflame
|-sidestart|p2: Animus Majulous|move: Stealth Rock
|
|-heal|p1a: Heatran|370\/386|[from] item: Leftovers
|turn|16
|
|switch|p2a: Latias|Latias, F|124\/302 brn
|-damage|p2a: Latias|87\/302 brn|[from] Stealth Rock
|move|p1a: Heatran|Will-O-Wisp|p2a: Latias
|-fail|p2a: Latias|brn
|
|-heal|p1a: Heatran|386\/386|[from] item: Leftovers
|-damage|p2a: Latias|50\/302 brn|[from] brn
|turn|17
|
|move|p2a: Latias|Defog|p1a: Heatran
|-unboost|p1a: Heatran|evasion|1
|-sideend|p1: MaatMattos|Reflect
|-sideend|p1: MaatMattos|Reflect|[from] move: Defog|[of] p1a: Heatran
|-sideend|p2: Animus Majulous|Stealth Rock|[from] move: Defog|[of] p2a: Latias
|move|p1a: Heatran|Stealth Rock|p2a: Latias
|-sidestart|p2: Animus Majulous|move: Stealth Rock
|
|-damage|p2a: Latias|13\/302 brn|[from] brn
|turn|18
|
|switch|p1a: Cresselia|Cresselia, F|444\/444
|move|p2a: Latias|Hidden Power|p1a: Cresselia
|-resisted|p1a: Cresselia
|-damage|p1a: Cresselia|418\/444
|-damage|p2a: Latias|0 fnt|[from] item: Life Orb
|faint|p2a: Latias
|
|
|switch|p2a: Gothitelle|Gothitelle, F|312\/312
|-damage|p2a: Gothitelle|273\/312|[from] Stealth Rock
|turn|19
|
|move|p1a: Cresselia|Thunder Wave|p2a: Gothitelle
|-status|p2a: Gothitelle|par
|move|p2a: Gothitelle|Trick|p1a: Cresselia
|-activate|p2a: Gothitelle|move: Trick|[of] p1a: Cresselia
|-item|p1a: Cresselia|Choice Specs|[from] move: Trick
|-item|p2a: Gothitelle|Light Clay|[from] move: Trick
|
|turn|20
|
|move|p1a: Cresselia|Lunar Dance|p1a: Cresselia
|faint|p1a: Cresselia
|move|p2a: Gothitelle|Thunderbolt|p1: Cresselia|[notarget]
|-notarget
|
|
|switch|p1a: Scolipede|Scolipede, M|323\/323
|-heal|p1a: Scolipede|323\/323|[from] move: Lunar Dance
|turn|21
|
|move|p1a: Scolipede|Substitute|p1a: Scolipede
|-start|p1a: Scolipede|Substitute
|-damage|p1a: Scolipede|243\/323
|move|p2a: Gothitelle|Psychic|p1a: Scolipede
|-supereffective|p1a: Scolipede
|-end|p1a: Scolipede|Substitute
|
|-boost|p1a: Scolipede|spe|1|[from] ability: Speed Boost
|turn|22
|
|move|p1a: Scolipede|Substitute|p1a: Scolipede
|-start|p1a: Scolipede|Substitute
|-damage|p1a: Scolipede|163\/323
|cant|p2a: Gothitelle|par
|
|-boost|p1a: Scolipede|spe|1|[from] ability: Speed Boost
|turn|23
|
|move|p1a: Scolipede|Swords Dance|p1a: Scolipede
|-boost|p1a: Scolipede|atk|2
|move|p2a: Gothitelle|Psychic|p1a: Scolipede
|-supereffective|p1a: Scolipede
|-end|p1a: Scolipede|Substitute
|
|-boost|p1a: Scolipede|spe|1|[from] ability: Speed Boost
|turn|24
|
|move|p1a: Scolipede|Substitute|p1a: Scolipede
|-start|p1a: Scolipede|Substitute
|-damage|p1a: Scolipede|83\/323
|move|p2a: Gothitelle|Psychic|p1a: Scolipede
|-supereffective|p1a: Scolipede
|-end|p1a: Scolipede|Substitute
|
|-boost|p1a: Scolipede|spe|1|[from] ability: Speed Boost
|turn|25
|
|move|p1a: Scolipede|Substitute|p1a: Scolipede
|-start|p1a: Scolipede|Substitute
|-damage|p1a: Scolipede|3\/323
|move|p2a: Gothitelle|Psychic|p1a: Scolipede
|-supereffective|p1a: Scolipede
|-end|p1a: Scolipede|Substitute
|
|-boost|p1a: Scolipede|spe|1|[from] ability: Speed Boost
|turn|26
|
|move|p1a: Scolipede|Baton Pass|p1a: Scolipede
|
|switch|p1a: Landorus-Therian|Landorus-Therian, M|358\/381 slp
|-ability|p1a: Landorus-Therian|Intimidate|[of] p2a: Gothitelle
|-unboost|p2a: Gothitelle|atk|1
|move|p2a: Gothitelle|Psychic|p1a: Landorus-Therian
|-crit|p1a: Landorus-Therian
|-damage|p1a: Landorus-Therian|91\/381 slp
|
|turn|27
|
|cant|p1a: Landorus-Therian|slp
|move|p2a: Gothitelle|Psychic|p1a: Landorus-Therian
|-damage|p1a: Landorus-Therian|0 fnt
|faint|p1a: Landorus-Therian
|
|
|switch|p1a: Scolipede|Scolipede, M|3\/323
|turn|28
|-message|MaatMattos forfeited.
|
|win|Animus Majulous
|raw|Ladder updating...
|leave|MaatMattos
|player|p1
|raw|MaatMattos's rating: 1892 &rarr; <strong>1868<\/strong><br \/>(-24 for losing)
|raw|Animus Majulous's rating: 1822 &rarr; <strong>1846<\/strong><br \/>(+24 for winning)
|c|âAnimus Majulous|gg