|join|hot gay man
|join|MaatMattos
|player|p1|hot gay man|156
|player|p2|MaatMattos|52
|gametype|singles
|gen|6
|tier|OU
|rated
|clearpoke
|poke|p1|Cottonee, M
|poke|p1|Azelf
|poke|p1|Whimsicott, F
|poke|p1|Smeargle, M, shiny
|poke|p1|Espeon, M
|poke|p1|Gothitelle, F
|poke|p2|Manaphy
|poke|p2|Keldeo-Resolute
|poke|p2|Cresselia, F
|poke|p2|Landorus-Therian, M
|poke|p2|Pinsir, M
|poke|p2|Jirachi
|rule|Swagger Clause: Swagger is banned
|rule|Baton Pass Clause: Limit one PokÃ©mon knowing Baton Pass
|rule|Sleep Clause Mod: Limit one foe put to sleep
|rule|Species Clause: Limit one of each PokÃ©mon
|rule|OHKO Clause: OHKO moves are banned
|rule|Moody Clause: Moody is banned
|rule|Evasion Moves Clause: Evasion moves are banned
|rule|Endless Battle Clause: Forcing endless battles is banned
|rule|HP Percentage Mod: HP is shown in percentages
|teampreview
|
|start
|switch|p1a: CHICHICHI LELELE|Cottonee, M|284\/284
|switch|p2a: Pinsir|Pinsir, M|271\/271
|turn|1
|
|detailschange|p2a: Pinsir|Pinsir-Mega, M
|message|Pinsir has Mega Evolved into Mega Pinsir!
|move|p1a: CHICHICHI LELELE|Tailwind|p1a: CHICHICHI LELELE
|-sidestart|p1: hot gay man|move: Tailwind
|move|p2a: Pinsir|Swords Dance|p2a: Pinsir
|-boost|p2a: Pinsir|atk|2
|
|turn|2
|
|move|p1a: CHICHICHI LELELE|Encore|p2a: Pinsir
|-start|p2a: Pinsir|Encore
|move|p2a: Pinsir|Swords Dance|p2a: Pinsir
|-boost|p2a: Pinsir|atk|2
|
|turn|3
|
|switch|p1a: MURDERESS|Gothitelle, F|344\/344
|move|p2a: Pinsir|Swords Dance|p2a: Pinsir
|-boost|p2a: Pinsir|atk|2
|
|turn|4
|
|move|p2a: Pinsir|Swords Dance|p2a: Pinsir
|-fail|p2a: Pinsir
|move|p1a: MURDERESS|Thunderbolt|p2a: Pinsir
|-supereffective|p2a: Pinsir
|-damage|p2a: Pinsir|0 fnt
|faint|p2a: Pinsir
|
|-sideend|p1: hot gay man|move: Tailwind
|
|switch|p2a: Jirachi|Jirachi|404\/404
|turn|5
|
|switch|p1a: CHICHICHI LELELE|Cottonee, M|284\/284
|move|p2a: Jirachi|Body Slam|p1a: CHICHICHI LELELE
|-damage|p1a: CHICHICHI LELELE|153\/284
|
|turn|6
|
|move|p1a: CHICHICHI LELELE|Memento|p2a: Jirachi
|-unboost|p2a: Jirachi|atk|2
|-unboost|p2a: Jirachi|spa|2
|faint|p1a: CHICHICHI LELELE
|move|p2a: Jirachi|Iron Head|p1: CHICHICHI LELELE|[notarget]
|-notarget
|
|
|switch|p1a: MURDERESS|Gothitelle, F|344\/344
|turn|7
|
|move|p2a: Jirachi|Body Slam|p1a: MURDERESS
|-crit|p1a: MURDERESS
|-damage|p1a: MURDERESS|195\/344
|-status|p1a: MURDERESS|par
|move|p1a: MURDERESS|Trick|p2a: Jirachi
|-activate|p1a: MURDERESS|move: Trick|[of] p2a: Jirachi
|-item|p2a: Jirachi|Choice Specs|[from] move: Trick
|-item|p1a: MURDERESS|Leftovers|[from] move: Trick
|
|-heal|p1a: MURDERESS|216\/344 par|[from] item: Leftovers
|turn|8
|
|move|p2a: Jirachi|U-turn|p1a: MURDERESS
|-supereffective|p1a: MURDERESS
|-damage|p1a: MURDERESS|142\/344 par
|
|switch|p2a: Landorus-Therian|Landorus-Therian, M|381\/381
|-ability|p2a: Landorus-Therian|Intimidate|[of] p1a: MURDERESS
|-unboost|p1a: MURDERESS|atk|1
|cant|p1a: MURDERESS|par
|
|-heal|p1a: MURDERESS|163\/344 par|[from] item: Leftovers
|turn|9
|
|move|p2a: Landorus-Therian|Stealth Rock|p1a: MURDERESS
|-sidestart|p1: hot gay man|move: Stealth Rock
|move|p1a: MURDERESS|Thunderbolt|p2a: Landorus-Therian
|-immune|p2a: Landorus-Therian|[msg]
|
|-heal|p1a: MURDERESS|184\/344 par|[from] item: Leftovers
|turn|10
|
|move|p2a: Landorus-Therian|U-turn|p1a: MURDERESS
|-supereffective|p1a: MURDERESS
|-damage|p1a: MURDERESS|20\/344 par
|
|switch|p2a: Jirachi|Jirachi|404\/404
|move|p1a: MURDERESS|Psychic|p2a: Jirachi
|-resisted|p2a: Jirachi
|-damage|p2a: Jirachi|368\/404
|
|-heal|p1a: MURDERESS|41\/344 par|[from] item: Leftovers
|turn|11
|
|move|p2a: Jirachi|U-turn|p1a: MURDERESS
|-supereffective|p1a: MURDERESS
|-damage|p1a: MURDERESS|0 fnt
|faint|p1a: MURDERESS
|
|switch|p2a: Manaphy|Manaphy|373\/373
|
|
|switch|p1a: VIVA CHILE|Azelf|354\/354
|-damage|p1a: VIVA CHILE|310\/354|[from] Stealth Rock
|turn|12
|
|switch|p2a: Jirachi|Jirachi|368\/404
|move|p1a: VIVA CHILE|Taunt|p2a: Jirachi
|-start|p2a: Jirachi|move: Taunt
|
|turn|13
|
|move|p1a: VIVA CHILE|Reflect|p1a: VIVA CHILE
|-sidestart|p1: hot gay man|Reflect
|move|p2a: Jirachi|Body Slam|p1a: VIVA CHILE
|-damage|p1a: VIVA CHILE|247\/354
|-status|p1a: VIVA CHILE|par
|
|turn|14
|
|switch|p2a: Landorus-Therian|Landorus-Therian, M|381\/381
|-ability|p2a: Landorus-Therian|Intimidate|[of] p1a: VIVA CHILE
|-unboost|p1a: VIVA CHILE|atk|1
|cant|p1a: VIVA CHILE|par
|
|turn|15
|
|move|p2a: Landorus-Therian|U-turn|p1a: VIVA CHILE
|-supereffective|p1a: VIVA CHILE
|-damage|p1a: VIVA CHILE|150\/354 par
|
|switch|p2a: Manaphy|Manaphy|373\/373
|move|p1a: VIVA CHILE|Light Screen|p1a: VIVA CHILE
|-sidestart|p1: hot gay man|move: Light Screen
|
|turn|16
|
|move|p2a: Manaphy|Rain Dance|p2a: Manaphy
|-weather|RainDance
|move|p1a: VIVA CHILE|Taunt|p2a: Manaphy
|-start|p2a: Manaphy|move: Taunt
|
|-weather|RainDance|[upkeep]
|turn|17
|
|switch|p2a: Jirachi|Jirachi|368\/404
|switch|p1a: FAIRY SOLIDARITY|Whimsicott, F|324\/324
|-damage|p1a: FAIRY SOLIDARITY|284\/324|[from] Stealth Rock
|
|-weather|RainDance|[upkeep]
|turn|18
|
|move|p1a: FAIRY SOLIDARITY|Tailwind|p1a: FAIRY SOLIDARITY
|-sidestart|p1: hot gay man|move: Tailwind
|move|p2a: Jirachi|Iron Head|p1a: FAIRY SOLIDARITY
|-supereffective|p1a: FAIRY SOLIDARITY
|-damage|p1a: FAIRY SOLIDARITY|145\/324
|
|-weather|RainDance|[upkeep]
|turn|19
|
|move|p1a: FAIRY SOLIDARITY|Memento|p2a: Jirachi
|-unboost|p2a: Jirachi|atk|2
|-unboost|p2a: Jirachi|spa|2
|faint|p1a: FAIRY SOLIDARITY
|move|p2a: Jirachi|Iron Head|p1: FAIRY SOLIDARITY|[notarget]
|-notarget
|
|-weather|RainDance|[upkeep]
|
|switch|p1a: THE BP SAVIOR|Smeargle, M, shiny|251\/251
|-damage|p1a: THE BP SAVIOR|220\/251|[from] Stealth Rock
|turn|20
|
|switch|p2a: Manaphy|Manaphy|373\/373
|move|p1a: THE BP SAVIOR|Cotton Guard|p1a: THE BP SAVIOR
|-boost|p1a: THE BP SAVIOR|def|3
|
|-weather|none
|-sideend|p1: hot gay man|Reflect
|turn|21
|
|move|p1a: THE BP SAVIOR|Geomancy|p1a: THE BP SAVIOR|[still]
|-prepare|p1a: THE BP SAVIOR|Geomancy|p1a: THE BP SAVIOR
|-enditem|p1a: THE BP SAVIOR|Power Herb
|-anim|p1a: THE BP SAVIOR|Geomancy|p1a: THE BP SAVIOR
|-boost|p1a: THE BP SAVIOR|spa|2
|-boost|p1a: THE BP SAVIOR|spd|2
|-boost|p1a: THE BP SAVIOR|spe|2
|move|p2a: Manaphy|Rain Dance|p2a: Manaphy
|-weather|RainDance
|
|-weather|RainDance|[upkeep]
|-sideend|p1: hot gay man|move: Tailwind
|turn|22
|
|move|p1a: THE BP SAVIOR|Spore|p2a: Manaphy
|-status|p2a: Manaphy|slp
|cant|p2a: Manaphy|slp
|
|-weather|RainDance|[upkeep]
|-curestatus|p2a: Manaphy|slp
|-sideend|p1: hot gay man|move: Light Screen
|turn|23
|
|move|p1a: THE BP SAVIOR|Spore|p2a: Manaphy
|-status|p2a: Manaphy|slp
|cant|p2a: Manaphy|slp
|
|-weather|RainDance|[upkeep]
|-curestatus|p2a: Manaphy|slp
|turn|24
|
|move|p1a: THE BP SAVIOR|Spore|p2a: Manaphy
|-status|p2a: Manaphy|slp
|cant|p2a: Manaphy|slp
|
|-weather|RainDance|[upkeep]
|-curestatus|p2a: Manaphy|slp
|turn|25
|
|switch|p2a: Cresselia|Cresselia, F|444\/444
|move|p1a: THE BP SAVIOR|Spore|p2a: Cresselia
|-status|p2a: Cresselia|slp
|
|-weather|none
|turn|26
|
|switch|p2a: Jirachi|Jirachi|368\/404
|move|p1a: THE BP SAVIOR|Baton Pass|p1a: THE BP SAVIOR
|
|switch|p1a: DON TROLEONE|Espeon, M|321\/321
|-damage|p1a: DON TROLEONE|281\/321|[from] Stealth Rock
|
|-heal|p1a: DON TROLEONE|301\/321|[from] item: Leftovers
|turn|27
|
|move|p1a: DON TROLEONE|Substitute|p1a: DON TROLEONE
|-start|p1a: DON TROLEONE|Substitute
|-damage|p1a: DON TROLEONE|221\/321
|move|p2a: Jirachi|Body Slam|p1a: DON TROLEONE
|-activate|p1a: DON TROLEONE|Substitute|[damage]
|
|-heal|p1a: DON TROLEONE|241\/321|[from] item: Leftovers
|turn|28
|-message|MaatMattos forfeited.
|
|win|hot gay man
|raw|Ladder updating...