|join|MaatMattos
|join|Forblaze
|player|p1|MaatMattos|52
|player|p2|Forblaze|169
|gametype|singles
|gen|6
|tier|OU
|rated
|clearpoke
|poke|p1|Manaphy
|poke|p1|Keldeo-Resolute
|poke|p1|Cresselia, F
|poke|p1|Pinsir, M
|poke|p1|Landorus-Therian, M
|poke|p1|Latias, F
|poke|p2|Heracross, M
|poke|p2|Magnezone
|poke|p2|Tyranitar, F
|poke|p2|Excadrill, M
|poke|p2|Skarmory, F
|poke|p2|Dugtrio, F
|rule|Swagger Clause: Swagger is banned
|rule|Baton Pass Clause: Limit one PokÃ©mon knowing Baton Pass
|rule|Sleep Clause Mod: Limit one foe put to sleep
|rule|Species Clause: Limit one of each PokÃ©mon
|rule|OHKO Clause: OHKO moves are banned
|rule|Moody Clause: Moody is banned
|rule|Evasion Moves Clause: Evasion moves are banned
|rule|Endless Battle Clause: Forcing endless battles is banned
|rule|HP Percentage Mod: HP is shown in percentages
|teampreview
|
|start
|switch|p1a: Keldeo-Resolute|Keldeo-Resolute|323\/323
|switch|p2a: Magnezone|Magnezone|281\/281
|turn|1
|
|switch|p1a: Cresselia|Cresselia, F|444\/444
|move|p2a: Magnezone|Thunderbolt|p1a: Cresselia
|-damage|p1a: Cresselia|356\/444
|
|turn|2
|
|switch|p2a: Tyranitar|Tyranitar, F|341\/341
|-weather|Sandstorm
|move|p1a: Cresselia|Reflect|p1a: Cresselia
|-sidestart|p1: MaatMattos|Reflect
|
|-weather|Sandstorm|[upkeep]
|-damage|p1a: Cresselia|329\/444|[from] sandstorm
|turn|3
|
|move|p2a: Tyranitar|Stealth Rock|p1a: Cresselia
|-sidestart|p1: MaatMattos|move: Stealth Rock
|move|p1a: Cresselia|Thunder Wave|p2a: Tyranitar
|-status|p2a: Tyranitar|par
|
|-weather|Sandstorm|[upkeep]
|-damage|p1a: Cresselia|302\/444|[from] sandstorm
|turn|4
|
|switch|p2a: Heracross|Heracross, M|301\/301
|move|p1a: Cresselia|Light Screen|p1a: Cresselia
|-sidestart|p1: MaatMattos|move: Light Screen
|
|-weather|Sandstorm|[upkeep]
|-damage|p2a: Heracross|283\/301|[from] sandstorm
|-damage|p1a: Cresselia|275\/444|[from] sandstorm
|turn|5
|
|switch|p2a: Dugtrio|Dugtrio, F|211\/211
|move|p1a: Cresselia|Thunder Wave|p2a: Dugtrio
|-immune|p2a: Dugtrio|[msg]
|
|-weather|Sandstorm|[upkeep]
|-damage|p1a: Cresselia|248\/444|[from] sandstorm
|turn|6
|
|move|p2a: Dugtrio|Toxic|p1a: Cresselia
|-status|p1a: Cresselia|tox
|move|p1a: Cresselia|Lunar Dance|p1a: Cresselia
|faint|p1a: Cresselia
|
|-weather|none
|
|switch|p1a: Manaphy|Manaphy|373\/373
|-heal|p1a: Manaphy|373\/373|[from] move: Lunar Dance
|-damage|p1a: Manaphy|327\/373|[from] Stealth Rock
|turn|7
|
|switch|p2a: Skarmory|Skarmory, F|285\/285
|move|p1a: Manaphy|Tail Glow|p1a: Manaphy
|-boost|p1a: Manaphy|spa|3
|
|-heal|p1a: Manaphy|350\/373|[from] item: Leftovers
|turn|8
|
|move|p1a: Manaphy|Scald|p2a: Skarmory
|-activate|p2a: Skarmory|Sturdy
|-damage|p2a: Skarmory|1\/285
|move|p2a: Skarmory|Whirlwind|p1a: Manaphy
|drag|p1a: Keldeo-Resolute|Keldeo-Resolute|323\/323
|-damage|p1a: Keldeo-Resolute|303\/323|[from] Stealth Rock
|
|-heal|p1a: Keldeo-Resolute|323\/323|[from] item: Leftovers
|turn|9
|
|move|p1a: Keldeo-Resolute|Scald|p2a: Skarmory
|-damage|p2a: Skarmory|0 fnt
|faint|p2a: Skarmory
|
|-sideend|p1: MaatMattos|Reflect
|
|switch|p2a: Dugtrio|Dugtrio, F|211\/211
|turn|10
|
|move|p2a: Dugtrio|Toxic|p1a: Keldeo-Resolute
|-status|p1a: Keldeo-Resolute|tox
|move|p1a: Keldeo-Resolute|Scald|p2a: Dugtrio
|-supereffective|p2a: Dugtrio
|-enditem|p2a: Dugtrio|Focus Sash
|-damage|p2a: Dugtrio|1\/211
|-status|p2a: Dugtrio|brn
|
|-damage|p2a: Dugtrio|0 fnt|[from] brn
|-damage|p1a: Keldeo-Resolute|303\/323 tox|[from] psn
|faint|p2a: Dugtrio
|
|switch|p2a: Heracross|Heracross, M|283\/301
|turn|11
|
|switch|p1a: Landorus-Therian|Landorus-Therian, M|381\/381
|-damage|p1a: Landorus-Therian|334\/381|[from] Stealth Rock
|-ability|p1a: Landorus-Therian|Intimidate|[of] p2a: Heracross
|-unboost|p2a: Heracross|atk|1
|detailschange|p2a: Heracross|Heracross-Mega, M
|message|Heracross has Mega Evolved into Mega Heracross!
|move|p2a: Heracross|Swords Dance|p2a: Heracross
|-boost|p2a: Heracross|atk|2
|
|-sideend|p1: MaatMattos|move: Light Screen
|turn|12
|
|move|p2a: Heracross|Bullet Seed|p1a: Landorus-Therian
|-damage|p1a: Landorus-Therian|285\/381
|-crit|p1a: Landorus-Therian
|-damage|p1a: Landorus-Therian|214\/381
|-damage|p1a: Landorus-Therian|168\/381
|-damage|p1a: Landorus-Therian|122\/381
|-damage|p1a: Landorus-Therian|73\/381
|-hitcount|p1a: Landorus-Therian|5
|move|p1a: Landorus-Therian|Explosion|p2a: Heracross
|-damage|p2a: Heracross|56\/301
|faint|p1a: Landorus-Therian
|
|
|switch|p1a: Keldeo-Resolute|Keldeo-Resolute|303\/323 tox
|-damage|p1a: Keldeo-Resolute|283\/323 tox|[from] Stealth Rock
|turn|13
|
|move|p1a: Keldeo-Resolute|Scald|p2a: Heracross
|-damage|p2a: Heracross|0 fnt
|faint|p2a: Heracross
|
|-heal|p1a: Keldeo-Resolute|303\/323 tox|[from] item: Leftovers
|-damage|p1a: Keldeo-Resolute|283\/323 tox|[from] psn
|
|switch|p2a: Magnezone|Magnezone|281\/281
|turn|14
|
|switch|p1a: Latias|Latias, F|364\/364
|-damage|p1a: Latias|319\/364|[from] Stealth Rock
|move|p2a: Magnezone|Volt Switch|p1a: Latias
|-resisted|p1a: Latias
|-damage|p1a: Latias|280\/364
|
|switch|p2a: Tyranitar|Tyranitar, F|341\/341 par
|-weather|Sandstorm
|
|-weather|Sandstorm|[upkeep]
|-damage|p1a: Latias|258\/364|[from] sandstorm
|-heal|p1a: Latias|280\/364|[from] item: Leftovers
|turn|15
|
|move|p1a: Latias|Defog|p2a: Tyranitar
|-unboost|p2a: Tyranitar|evasion|1
|-sideend|p1: MaatMattos|Stealth Rock|[from] move: Defog|[of] p1a: Latias
|move|p2a: Tyranitar|Dark Pulse|p1a: Latias
|-supereffective|p1a: Latias
|-damage|p1a: Latias|146\/364
|
|-weather|Sandstorm|[upkeep]
|-damage|p1a: Latias|124\/364|[from] sandstorm
|-heal|p1a: Latias|146\/364|[from] item: Leftovers
|turn|16
|
|switch|p1a: Keldeo-Resolute|Keldeo-Resolute|283\/323 tox
|move|p2a: Tyranitar|Stealth Rock|p1a: Keldeo-Resolute
|-sidestart|p1: MaatMattos|move: Stealth Rock
|
|-weather|Sandstorm|[upkeep]
|-damage|p1a: Keldeo-Resolute|263\/323 tox|[from] sandstorm
|-heal|p1a: Keldeo-Resolute|283\/323 tox|[from] item: Leftovers
|-damage|p1a: Keldeo-Resolute|263\/323 tox|[from] psn
|turn|17
|
|switch|p2a: Magnezone|Magnezone|281\/281
|move|p1a: Keldeo-Resolute|Substitute|p1a: Keldeo-Resolute
|-start|p1a: Keldeo-Resolute|Substitute
|-damage|p1a: Keldeo-Resolute|183\/323 tox
|
|-weather|Sandstorm|[upkeep]
|-damage|p1a: Keldeo-Resolute|163\/323 tox|[from] sandstorm
|-heal|p1a: Keldeo-Resolute|183\/323 tox|[from] item: Leftovers
|-damage|p1a: Keldeo-Resolute|143\/323 tox|[from] psn
|turn|18
|
|move|p2a: Magnezone|Volt Switch|p1a: Keldeo-Resolute
|-supereffective|p1a: Keldeo-Resolute
|-end|p1a: Keldeo-Resolute|Substitute
|
|switch|p2a: Tyranitar|Tyranitar, F|341\/341 par
|move|p1a: Keldeo-Resolute|Secret Sword|p2a: Tyranitar
|-supereffective|p2a: Tyranitar
|-enditem|p2a: Tyranitar|Focus Sash
|-damage|p2a: Tyranitar|1\/341 par
|
|-weather|none
|-heal|p1a: Keldeo-Resolute|163\/323 tox|[from] item: Leftovers
|-damage|p1a: Keldeo-Resolute|103\/323 tox|[from] psn
|turn|19
|
|switch|p1a: Latias|Latias, F|146\/364
|-damage|p1a: Latias|101\/364|[from] Stealth Rock
|cant|p2a: Tyranitar|par
|
|-heal|p1a: Latias|123\/364|[from] item: Leftovers
|turn|20
|
|switch|p2a: Magnezone|Magnezone|281\/281
|move|p1a: Latias|Healing Wish|p1a: Latias
|faint|p1a: Latias
|
|
|switch|p1a: Keldeo-Resolute|Keldeo-Resolute|103\/323 tox
|-heal|p1a: Keldeo-Resolute|323\/323|[from] move: Healing Wish
|-damage|p1a: Keldeo-Resolute|303\/323|[from] Stealth Rock
|turn|21
|
|move|p2a: Magnezone|Thunderbolt|p1a: Keldeo-Resolute
|-supereffective|p1a: Keldeo-Resolute
|-damage|p1a: Keldeo-Resolute|0 fnt
|faint|p1a: Keldeo-Resolute
|
|
|switch|p1a: Pinsir|Pinsir, M|271\/271
|-damage|p1a: Pinsir|204\/271|[from] Stealth Rock
|turn|22
|
|switch|p2a: Tyranitar|Tyranitar, F|1\/341 par
|-weather|Sandstorm
|move|p1a: Pinsir|Close Combat|p2a: Tyranitar
|-supereffective|p2a: Tyranitar
|-damage|p2a: Tyranitar|0 fnt
|-unboost|p1a: Pinsir|def|1
|-unboost|p1a: Pinsir|spd|1
|faint|p2a: Tyranitar
|
|-weather|Sandstorm|[upkeep]
|-damage|p1a: Pinsir|188\/271|[from] sandstorm
|
|switch|p2a: Magnezone|Magnezone|281\/281
|turn|23
|
|move|p2a: Magnezone|Thunderbolt|p1a: Pinsir
|-damage|p1a: Pinsir|0 fnt
|faint|p1a: Pinsir
|
|-weather|Sandstorm|[upkeep]
|
|switch|p1a: Manaphy|Manaphy|350\/373
|-damage|p1a: Manaphy|304\/373|[from] Stealth Rock
|turn|24
|
|move|p2a: Magnezone|Thunderbolt|p1a: Manaphy
|-supereffective|p1a: Manaphy
|-damage|p1a: Manaphy|0 fnt
|faint|p1a: Manaphy
|
|win|Forblaze
|raw|Ladder updating...
|c|âForblaze|gg
|raw|MaatMattos's rating: 1881 &rarr; <strong>1855<\/strong><br \/>(-26 for losing)
|raw|Forblaze's rating: 1763 &rarr; <strong>1790<\/strong><br \/>(+27 for winning)