|join|lil manaphy
|join|MaatMattos
|player|p1|lil manaphy|9
|player|p2|MaatMattos|238
|gametype|singles
|gen|6
|tier|OU
|rated
|clearpoke
|poke|p1|Lopunny, F
|poke|p1|Rotom-Wash
|poke|p1|Gothitelle, M
|poke|p1|Celebi
|poke|p1|Heatran, M
|poke|p1|Mandibuzz, F
|poke|p2|Manaphy
|poke|p2|Cresselia, F
|poke|p2|Landorus-Therian, M
|poke|p2|Ferrothorn, M
|poke|p2|Slowbro, F
|poke|p2|Azumarill, M
|rule|Swagger Clause: Swagger is banned
|rule|Baton Pass Clause: Limit one PokÃ©mon knowing Baton Pass
|rule|Sleep Clause Mod: Limit one foe put to sleep
|rule|Species Clause: Limit one of each PokÃ©mon
|rule|OHKO Clause: OHKO moves are banned
|rule|Moody Clause: Moody is banned
|rule|Evasion Moves Clause: Evasion moves are banned
|rule|Endless Battle Clause: Forcing endless battles is banned
|rule|HP Percentage Mod: HP is shown in percentages
|teampreview
|
|start
|switch|p1a: Rotom-Wash|Rotom-Wash|303\/303
|switch|p2a: Landorus-Therian|Landorus-Therian, M|381\/381
|-ability|p2a: Landorus-Therian|Intimidate|[of] p1a: Rotom-Wash
|-unboost|p1a: Rotom-Wash|atk|1
|turn|1
|
|switch|p2a: Ferrothorn|Ferrothorn, M|351\/351
|move|p1a: Rotom-Wash|Will-O-Wisp|p2a: Ferrothorn
|-status|p2a: Ferrothorn|brn
|
|-damage|p2a: Ferrothorn|308\/351 brn|[from] brn
|turn|2
|
|move|p1a: Rotom-Wash|Volt Switch|p2a: Ferrothorn
|-resisted|p2a: Ferrothorn
|-damage|p2a: Ferrothorn|282\/351 brn
|
|switch|p1a: Heatran|Heatran, M|384\/384
|move|p2a: Ferrothorn|Leech Seed|p1a: Heatran|[miss]
|-miss|p2a: Ferrothorn|p1a: Heatran
|
|-heal|p2a: Ferrothorn|303\/351 brn|[from] item: Leftovers
|-damage|p2a: Ferrothorn|260\/351 brn|[from] brn
|turn|3
|
|switch|p2a: Cresselia|Cresselia, F|443\/443
|move|p1a: Heatran|Lava Plume|p2a: Cresselia
|-damage|p2a: Cresselia|376\/443
|
|turn|4
|
|move|p1a: Heatran|Taunt|p2a: Cresselia
|-start|p2a: Cresselia|move: Taunt
|cant|p2a: Cresselia|move: Taunt|Thunder Wave
|
|turn|5
|
|switch|p2a: Manaphy|Manaphy|373\/373
|move|p1a: Heatran|Stealth Rock|p2a: Manaphy
|-sidestart|p2: MaatMattos|move: Stealth Rock
|
|turn|6
|
|switch|p1a: Celebi|Celebi|404\/404
|switch|p2a: Landorus-Therian|Landorus-Therian, M|381\/381
|-damage|p2a: Landorus-Therian|334\/381|[from] Stealth Rock
|-ability|p2a: Landorus-Therian|Intimidate|[of] p1a: Celebi
|-unboost|p1a: Celebi|atk|1
|
|turn|7
|
|switch|p1a: Rotom-Wash|Rotom-Wash|303\/303
|move|p2a: Landorus-Therian|Stealth Rock|p1a: Rotom-Wash
|-sidestart|p1: lil manaphy|move: Stealth Rock
|
|turn|8
|join|FuqGliscore
|leave|FuqGliscore
|
|switch|p2a: Ferrothorn|Ferrothorn, M|260\/351 brn
|-damage|p2a: Ferrothorn|239\/351 brn|[from] Stealth Rock
|move|p1a: Rotom-Wash|Hydro Pump|p2a: Ferrothorn|[miss]
|-miss|p1a: Rotom-Wash|p2a: Ferrothorn
|
|-heal|p2a: Ferrothorn|260\/351 brn|[from] item: Leftovers
|-damage|p2a: Ferrothorn|217\/351 brn|[from] brn
|turn|9
|
|move|p1a: Rotom-Wash|Volt Switch|p2a: Ferrothorn
|-resisted|p2a: Ferrothorn
|-damage|p2a: Ferrothorn|187\/351 brn
|
|switch|p1a: Heatran|Heatran, M|384\/384
|-damage|p1a: Heatran|336\/384|[from] Stealth Rock
|move|p2a: Ferrothorn|Knock Off|p1a: Heatran
|-damage|p1a: Heatran|301\/384
|-enditem|p1a: Heatran|Leftovers|[from] move: Knock Off|[of] p2a: Ferrothorn
|
|-heal|p2a: Ferrothorn|208\/351 brn|[from] item: Leftovers
|-damage|p2a: Ferrothorn|165\/351 brn|[from] brn
|turn|10
|
|switch|p2a: Manaphy|Manaphy|373\/373
|-damage|p2a: Manaphy|327\/373|[from] Stealth Rock
|move|p1a: Heatran|Lava Plume|p2a: Manaphy
|-resisted|p2a: Manaphy
|-damage|p2a: Manaphy|270\/373
|
|-heal|p2a: Manaphy|293\/373|[from] item: Leftovers
|turn|11
|
|switch|p1a: Celebi|Celebi|404\/404
|-damage|p1a: Celebi|354\/404|[from] Stealth Rock
|move|p2a: Manaphy|Tail Glow|p2a: Manaphy
|-boost|p2a: Manaphy|spa|3
|
|-heal|p2a: Manaphy|316\/373|[from] item: Leftovers
|-heal|p1a: Celebi|379\/404|[from] item: Leftovers
|turn|12
|
|switch|p2a: Ferrothorn|Ferrothorn, M|165\/351 brn
|-damage|p2a: Ferrothorn|144\/351 brn|[from] Stealth Rock
|move|p1a: Celebi|Giga Drain|p2a: Ferrothorn
|-crit|p2a: Ferrothorn
|-resisted|p2a: Ferrothorn
|-damage|p2a: Ferrothorn|122\/351 brn
|-heal|p1a: Celebi|390\/404|[from] drain|[of] p2a: Ferrothorn
|
|-heal|p1a: Celebi|404\/404|[from] item: Leftovers
|-heal|p2a: Ferrothorn|143\/351 brn|[from] item: Leftovers
|-damage|p2a: Ferrothorn|100\/351 brn|[from] brn
|turn|13
|
|move|p1a: Celebi|Giga Drain|p2a: Ferrothorn
|-resisted|p2a: Ferrothorn
|-damage|p2a: Ferrothorn|85\/351 brn
|move|p2a: Ferrothorn|Spikes|p1a: Celebi
|-sidestart|p1: lil manaphy|Spikes
|
|-heal|p2a: Ferrothorn|106\/351 brn|[from] item: Leftovers
|-damage|p2a: Ferrothorn|63\/351 brn|[from] brn
|turn|14
|
|move|p1a: Celebi|Giga Drain|p2a: Ferrothorn
|-resisted|p2a: Ferrothorn
|-damage|p2a: Ferrothorn|50\/351 brn
|move|p2a: Ferrothorn|Knock Off|p1a: Celebi
|-supereffective|p1a: Celebi
|-damage|p1a: Celebi|330\/404
|-enditem|p1a: Celebi|Leftovers|[from] move: Knock Off|[of] p2a: Ferrothorn
|
|-heal|p2a: Ferrothorn|71\/351 brn|[from] item: Leftovers
|-damage|p2a: Ferrothorn|28\/351 brn|[from] brn
|turn|15
|join|WECAMEASROMANS
|
|move|p1a: Celebi|Giga Drain|p2a: Ferrothorn
|-resisted|p2a: Ferrothorn
|-damage|p2a: Ferrothorn|14\/351 brn
|-heal|p1a: Celebi|337\/404|[from] drain|[of] p2a: Ferrothorn
|move|p2a: Ferrothorn|Spikes|p1a: Celebi
|-sidestart|p1: lil manaphy|Spikes
|
|-heal|p2a: Ferrothorn|35\/351 brn|[from] item: Leftovers
|-damage|p2a: Ferrothorn|0 fnt|[from] brn
|faint|p2a: Ferrothorn
|
|switch|p2a: Landorus-Therian|Landorus-Therian, M|334\/381
|-damage|p2a: Landorus-Therian|287\/381|[from] Stealth Rock
|-ability|p2a: Landorus-Therian|Intimidate|[of] p1a: Celebi
|-unboost|p1a: Celebi|atk|1
|turn|16
|
|switch|p1a: Rotom-Wash|Rotom-Wash|303\/303
|-damage|p1a: Rotom-Wash|266\/303|[from] Stealth Rock
|move|p2a: Landorus-Therian|U-turn|p1a: Rotom-Wash
|-damage|p1a: Rotom-Wash|210\/303
|
|switch|p2a: Cresselia|Cresselia, F|376\/443
|-damage|p2a: Cresselia|321\/443|[from] Stealth Rock
|
|-heal|p1a: Rotom-Wash|228\/303|[from] item: Leftovers
|turn|17
|
|move|p1a: Rotom-Wash|Will-O-Wisp|p2a: Cresselia|[miss]
|-miss|p1a: Rotom-Wash|p2a: Cresselia
|move|p2a: Cresselia|Reflect|p2a: Cresselia
|-sidestart|p2: MaatMattos|Reflect
|
|-heal|p1a: Rotom-Wash|246\/303|[from] item: Leftovers
|turn|18
|
|move|p1a: Rotom-Wash|Volt Switch|p2a: Cresselia
|-damage|p2a: Cresselia|267\/443
|
|switch|p1a: Mandibuzz|Mandibuzz, F|423\/423
|-damage|p1a: Mandibuzz|318\/423|[from] Stealth Rock
|move|p2a: Cresselia|Light Screen|p2a: Cresselia
|-sidestart|p2: MaatMattos|move: Light Screen
|
|turn|19
|leave|WECAMEASROMANS
|
|move|p2a: Cresselia|Thunder Wave|p1a: Mandibuzz
|-status|p1a: Mandibuzz|par
|cant|p1a: Mandibuzz|par
|
|turn|20
|
|move|p2a: Cresselia|Lunar Dance|p2a: Cresselia
|faint|p2a: Cresselia
|move|p1a: Mandibuzz|Defog|p2: Cresselia|[notarget]
|-notarget
|
|
|switch|p2a: Azumarill|Azumarill, M|404\/404
|-heal|p2a: Azumarill|404\/404|[from] move: Lunar Dance
|-damage|p2a: Azumarill|354\/404|[from] Stealth Rock
|turn|21
|
|move|p2a: Azumarill|Belly Drum|p2a: Azumarill
|-damage|p2a: Azumarill|152\/404
|-setboost|p2a: Azumarill|atk|6|[from] move: Belly Drum
|-enditem|p2a: Azumarill|Sitrus Berry|[eat]
|-heal|p2a: Azumarill|253\/404|[from] item: Sitrus Berry
|move|p1a: Mandibuzz|Defog|p2a: Azumarill
|-unboost|p2a: Azumarill|evasion|1
|-sideend|p2: MaatMattos|Reflect
|-sideend|p2: MaatMattos|Reflect|[from] move: Defog|[of] p2a: Azumarill
|-sideend|p2: MaatMattos|move: Light Screen
|-sideend|p2: MaatMattos|Light Screen|[from] move: Defog|[of] p2a: Azumarill
|-sideend|p2: MaatMattos|Stealth Rock|[from] move: Defog|[of] p2a: Azumarill
|-sideend|p1: lil manaphy|Spikes|[from] move: Defog|[of] p1a: Mandibuzz
|-sideend|p1: lil manaphy|Stealth Rock|[from] move: Defog|[of] p1a: Mandibuzz
|
|turn|22
|
|move|p2a: Azumarill|Play Rough|p1a: Mandibuzz
|-supereffective|p1a: Mandibuzz
|-damage|p1a: Mandibuzz|0 fnt
|-damage|p2a: Azumarill|186\/404|[from] item: Rocky Helmet|[of] p1a: Mandibuzz
|faint|p1a: Mandibuzz
|
|
|switch|p1a: Rotom-Wash|Rotom-Wash|246\/303
|turn|23
|
|move|p1a: Rotom-Wash|Volt Switch|p2a: Azumarill
|-supereffective|p2a: Azumarill
|-damage|p2a: Azumarill|0 fnt
|faint|p2a: Azumarill
|-message|MaatMattos forfeited.
|leave|MaatMattos
|
|win|lil manaphy
|raw|Ladder updating...
|player|p2