|join|MaatMattos
|join|G0bbo
|player|p1|MaatMattos|170
|player|p2|G0bbo|221
|gametype|singles
|gen|6
|tier|OU (suspect test)
|rated
|clearpoke
|poke|p1|Manaphy
|poke|p1|Cresselia, F
|poke|p1|Landorus-Therian, M
|poke|p1|Ferrothorn, M
|poke|p1|Kyurem-Black
|poke|p1|Slowbro, F
|poke|p2|Slowbro, M
|poke|p2|Breloom, M
|poke|p2|Heatran, M
|poke|p2|Dragonite, F
|poke|p2|Klefki, F
|poke|p2|Donphan, F
|rule|Swagger Clause: Swagger is banned
|rule|Baton Pass Clause: Limit one PokÃ©mon knowing Baton Pass
|rule|Sleep Clause Mod: Limit one foe put to sleep
|rule|Species Clause: Limit one of each PokÃ©mon
|rule|OHKO Clause: OHKO moves are banned
|rule|Moody Clause: Moody is banned
|rule|Evasion Moves Clause: Evasion moves are banned
|rule|Endless Battle Clause: Forcing endless battles is banned
|rule|HP Percentage Mod: HP is shown in percentages
|teampreview
|
|start
|switch|p1a: Kyurem-Black|Kyurem-Black|453\/453
|switch|p2a: Donphan|Donphan, F|384\/384
|-ability|p1a: Kyurem-Black|Teravolt
|turn|1
|
|move|p1a: Kyurem-Black|Outrage|p2a: Donphan
|-damage|p2a: Donphan|33\/384
|move|p2a: Donphan|Stone Edge|p1a: Kyurem-Black
|-supereffective|p1a: Kyurem-Black
|-damage|p1a: Kyurem-Black|213\/453
|
|-heal|p2a: Donphan|57\/384|[from] item: Leftovers
|turn|2
|
|switch|p2a: Klefki|Klefki, F|317\/317
|move|p1a: Kyurem-Black|Outrage|p2a: Klefki
|-immune|p2a: Klefki|[msg]
|
|-end|p1a: Kyurem-Black|rampage
|-start|p1a: Kyurem-Black|confusion
|turn|3
|
|switch|p1a: Landorus-Therian|Landorus-Therian, M|381\/381
|-ability|p1a: Landorus-Therian|Intimidate|[of] p2a: Klefki
|-unboost|p2a: Klefki|atk|1
|move|p2a: Klefki|Draining Kiss|p1a: Landorus-Therian
|-damage|p1a: Landorus-Therian|300\/381
|-damage|p2a: Klefki|265\/317|[from] item: Rocky Helmet|[of] p1a: Landorus-Therian
|
|-heal|p2a: Klefki|284\/317|[from] item: Leftovers
|turn|4
|
|switch|p2a: Slowbro|Slowbro, M|393\/393
|move|p1a: Landorus-Therian|Stealth Rock|p2a: Slowbro
|-sidestart|p2: G0bbo|move: Stealth Rock
|
|turn|5
|
|detailschange|p2a: Slowbro|Slowbro-Mega, M
|-mega|p2a: Slowbro|Slowbro|Slowbronite
|move|p1a: Landorus-Therian|U-turn|p2a: Slowbro
|-supereffective|p2a: Slowbro
|-damage|p2a: Slowbro|315\/393
|
|switch|p1a: Ferrothorn|Ferrothorn, M|351\/351
|move|p2a: Slowbro|Calm Mind|p2a: Slowbro
|-boost|p2a: Slowbro|spa|1
|-boost|p2a: Slowbro|spd|1
|
|turn|6
|
|move|p2a: Slowbro|Scald|p1a: Ferrothorn
|-resisted|p1a: Ferrothorn
|-damage|p1a: Ferrothorn|291\/351
|-status|p1a: Ferrothorn|brn
|move|p1a: Ferrothorn|Leech Seed|p2a: Slowbro
|-start|p2a: Slowbro|move: Leech Seed
|
|-heal|p1a: Ferrothorn|312\/351 brn|[from] item: Leftovers
|-damage|p2a: Slowbro|266\/393|[from] Leech Seed|[of] p1a: Ferrothorn
|-heal|p1a: Ferrothorn|351\/351 brn|[silent]
|-damage|p1a: Ferrothorn|308\/351 brn|[from] brn
|turn|7
|
|switch|p2a: Heatran|Heatran, M|385\/385
|-damage|p2a: Heatran|337\/385|[from] Stealth Rock
|switch|p1a: Kyurem-Black|Kyurem-Black|213\/453
|-ability|p1a: Kyurem-Black|Teravolt
|
|-heal|p2a: Heatran|361\/385|[from] item: Leftovers
|turn|8
|
|switch|p1a: Manaphy|Manaphy|373\/373
|move|p2a: Heatran|Stealth Rock|p1a: Manaphy
|-sidestart|p1: MaatMattos|move: Stealth Rock
|
|-heal|p2a: Heatran|385\/385|[from] item: Leftovers
|turn|9
|
|switch|p2a: Breloom|Breloom, M|261\/261
|-damage|p2a: Breloom|245\/261|[from] Stealth Rock
|move|p1a: Manaphy|Tail Glow|p1a: Manaphy
|-boost|p1a: Manaphy|spa|3
|
|turn|10
|
|move|p1a: Manaphy|Psychic|p2a: Breloom
|-supereffective|p2a: Breloom
|-damage|p2a: Breloom|0 fnt
|faint|p2a: Breloom
|
|
|switch|p2a: Dragonite|Dragonite, F|385\/385
|-damage|p2a: Dragonite|289\/385|[from] Stealth Rock
|turn|11
|
|move|p1a: Manaphy|Psychic|p2a: Dragonite
|-damage|p2a: Dragonite|67\/385
|-unboost|p2a: Dragonite|spd|1
|move|p2a: Dragonite|Thunder Punch|p1a: Manaphy
|-supereffective|p1a: Manaphy
|-damage|p1a: Manaphy|71\/373
|
|-heal|p1a: Manaphy|94\/373|[from] item: Leftovers
|turn|12
|
|switch|p1a: Landorus-Therian|Landorus-Therian, M|300\/381
|-damage|p1a: Landorus-Therian|253\/381|[from] Stealth Rock
|-ability|p1a: Landorus-Therian|Intimidate|[of] p2a: Dragonite
|-unboost|p2a: Dragonite|atk|1
|switch|p2a: Klefki|Klefki, F|284\/317
|-damage|p2a: Klefki|265\/317|[from] Stealth Rock
|
|-heal|p2a: Klefki|284\/317|[from] item: Leftovers
|turn|13
|
|switch|p2a: Dragonite|Dragonite, F|67\/385
|-damage|p2a: Dragonite|0 fnt|[from] Stealth Rock
|faint|p2a: Dragonite
|move|p1a: Landorus-Therian|U-turn|p2: Dragonite|[notarget]
|-notarget
|
|
|switch|p2a: Donphan|Donphan, F|57\/384
|-damage|p2a: Donphan|33\/384|[from] Stealth Rock
|turn|14
|
|move|p2a: Donphan|Ice Shard|p1a: Landorus-Therian
|-supereffective|p1a: Landorus-Therian
|-damage|p1a: Landorus-Therian|101\/381
|move|p1a: Landorus-Therian|U-turn|p2a: Donphan
|-damage|p2a: Donphan|0 fnt
|faint|p2a: Donphan
|
|switch|p1a: Cresselia|Cresselia, F|443\/443
|-damage|p1a: Cresselia|388\/443|[from] Stealth Rock
|
|
|switch|p2a: Klefki|Klefki, F|284\/317
|-damage|p2a: Klefki|265\/317|[from] Stealth Rock
|turn|15
|
|move|p2a: Klefki|Calm Mind|p2a: Klefki
|-boost|p2a: Klefki|spa|1
|-boost|p2a: Klefki|spd|1
|move|p1a: Cresselia|Thunder Wave|p2a: Klefki
|-status|p2a: Klefki|par
|
|-heal|p2a: Klefki|284\/317 par|[from] item: Leftovers
|turn|16
|
|move|p1a: Cresselia|Light Screen|p1a: Cresselia
|-sidestart|p1: MaatMattos|move: Light Screen
|move|p2a: Klefki|Draining Kiss|p1a: Cresselia
|-damage|p1a: Cresselia|353\/443
|-heal|p2a: Klefki|311\/317 par|[from] drain|[of] p1a: Cresselia
|
|-heal|p2a: Klefki|317\/317 par|[from] item: Leftovers
|turn|17
|
|cant|p2a: Klefki|par
|move|p1a: Cresselia|Lunar Dance|p1a: Cresselia
|faint|p1a: Cresselia
|
|
|switch|p1a: Manaphy|Manaphy|94\/373
|-heal|p1a: Manaphy|373\/373|[from] move: Lunar Dance
|-damage|p1a: Manaphy|327\/373|[from] Stealth Rock
|turn|18
|
|move|p2a: Klefki|Thunder Wave|p1a: Manaphy
|-status|p1a: Manaphy|par
|cant|p1a: Manaphy|par
|
|-heal|p1a: Manaphy|350\/373 par|[from] item: Leftovers
|turn|19
|
|move|p2a: Klefki|Calm Mind|p2a: Klefki
|-boost|p2a: Klefki|spa|1
|-boost|p2a: Klefki|spd|1
|move|p1a: Manaphy|Rain Dance|p1a: Manaphy
|-weather|RainDance
|
|-weather|RainDance|[upkeep]
|-curestatus|p1a: Manaphy|par
|-heal|p1a: Manaphy|373\/373|[from] item: Leftovers
|turn|20
|
|move|p2a: Klefki|Calm Mind|p2a: Klefki
|-boost|p2a: Klefki|spa|1
|-boost|p2a: Klefki|spd|1
|move|p1a: Manaphy|Tail Glow|p1a: Manaphy
|-boost|p1a: Manaphy|spa|3
|
|-weather|RainDance|[upkeep]
|turn|21
|
|move|p1a: Manaphy|Tail Glow|p1a: Manaphy
|-boost|p1a: Manaphy|spa|3
|cant|p2a: Klefki|par
|
|-weather|RainDance|[upkeep]
|turn|22
|
|move|p1a: Manaphy|Scald|p2a: Klefki
|-damage|p2a: Klefki|0 fnt
|faint|p2a: Klefki
|
|-weather|RainDance|[upkeep]
|-message|G0bbo forfeited.
|leave|G0bbo
|
|win|MaatMattos
|raw|Ladder updating...
|player|p2
|raw|MaatMattos's rating: 1000 &rarr; <strong>1050<\/strong><br \/>(+50 for winning)
|raw|G0bbo's rating: 1091 &rarr; <strong>1061<\/strong><br \/>(-30 for losing)