|join|ULT Starzoid
|join|HiryuSan108
|player|p1|ULT Starzoid|188
|player|p2|HiryuSan108|148
|gametype|singles
|gen|6
|tier|UU
|rated
|rule|Sleep Clause Mod: Limit one foe put to sleep
|rule|Species Clause: Limit one of each PokÃ©mon
|rule|OHKO Clause: OHKO moves are banned
|rule|Moody Clause: Moody is banned
|rule|Evasion Moves Clause: Evasion moves are banned
|rule|Endless Battle Clause: Forcing endless battles is banned
|rule|HP Percentage Mod: HP is shown in percentages
|clearpoke
|poke|p1|Florges, F
|poke|p1|Goodra, M
|poke|p1|Lucario, F
|poke|p1|Pidgeot, F
|poke|p1|Swampert, F
|poke|p1|Tentacruel, F
|poke|p2|Slurpuff, M, shiny
|poke|p2|Forretress, M, shiny
|poke|p2|Chandelure, M
|poke|p2|Galvantula, M, shiny
|poke|p2|Espeon, M
|poke|p2|Beedrill, M
|rule|Swagger Clause: Swagger is banned
|rule|Baton Pass Clause: Limit one PokÃ©mon knowing Baton Pass
|teampreview
|
|start
|switch|p1a: Swampert|Swampert, F|404\/404
|switch|p2a: Inferno|Chandelure, M|261\/261
|turn|1
|
|switch|p1a: Tentacruel|Tentacruel, F|364\/364
|move|p2a: Inferno|Energy Ball|p1a: Tentacruel
|-crit|p1a: Tentacruel
|-damage|p1a: Tentacruel|212\/364
|-unboost|p1a: Tentacruel|spd|1
|
|-heal|p1a: Tentacruel|234\/364|[from] item: Black Sludge
|turn|2
|
|switch|p2a: Espio|Espeon, M|271\/271
|move|p1a: Tentacruel|Scald|p2a: Espio
|-damage|p2a: Espio|195\/271
|-status|p2a: Espio|brn
|
|-heal|p2a: Espio|211\/271 brn|[from] item: Leftovers
|-heal|p1a: Tentacruel|256\/364|[from] item: Black Sludge
|-damage|p2a: Espio|178\/271 brn|[from] brn
|turn|3
|
|switch|p1a: Pidgeot|Pidgeot, F|307\/307
|move|p2a: Espio|Psyshock|p1a: Pidgeot
|-damage|p1a: Pidgeot|139\/307
|
|-heal|p2a: Espio|194\/271 brn|[from] item: Leftovers
|-damage|p2a: Espio|161\/271 brn|[from] brn
|turn|4
|
|detailschange|p1a: Pidgeot|Pidgeot-Mega, F
|-mega|p1a: Pidgeot|Pidgeot|Pidgeotite
|move|p2a: Espio|Psyshock|p1a: Pidgeot
|-damage|p1a: Pidgeot|0 fnt
|faint|p1a: Pidgeot
|
|-heal|p2a: Espio|177\/271 brn|[from] item: Leftovers
|-damage|p2a: Espio|144\/271 brn|[from] brn
|
|switch|p1a: Swampert|Swampert, F|404\/404
|turn|5
|
|move|p2a: Espio|Psyshock|p1a: Swampert
|-crit|p1a: Swampert
|-damage|p1a: Swampert|241\/404
|move|p1a: Swampert|Earthquake|p2a: Espio
|-damage|p2a: Espio|0 fnt
|faint|p2a: Espio
|
|-heal|p1a: Swampert|266\/404|[from] item: Leftovers
|
|switch|p2a: Sting|Beedrill, M|271\/271
|turn|6
|
|detailschange|p2a: Sting|Beedrill-Mega, M
|-mega|p2a: Sting|Beedrill|Beedrillite
|move|p2a: Sting|Protect|p2a: Sting
|-singleturn|p2a: Sting|Protect
|move|p1a: Swampert|Stealth Rock|p2a: Sting
|-sidestart|p2: HiryuSan108|move: Stealth Rock
|
|-heal|p1a: Swampert|291\/404|[from] item: Leftovers
|turn|7
|
|move|p2a: Sting|U-turn|p1a: Swampert
|-damage|p1a: Swampert|157\/404
|
|switch|p2a: Goldd|Forretress, M, shiny|291\/291
|-damage|p2a: Goldd|255\/291|[from] Stealth Rock
|move|p1a: Swampert|Scald|p2a: Goldd
|-damage|p2a: Goldd|179\/291
|-status|p2a: Goldd|brn
|
|-heal|p1a: Swampert|182\/404|[from] item: Leftovers
|-heal|p2a: Goldd|197\/291 brn|[from] item: Leftovers
|-damage|p2a: Goldd|161\/291 brn|[from] brn
|turn|8
|
|switch|p1a: Tentacruel|Tentacruel, F|256\/364
|move|p2a: Goldd|Spikes|p1a: Tentacruel
|-sidestart|p1: ULT Starzoid|Spikes
|
|-heal|p1a: Tentacruel|278\/364|[from] item: Black Sludge
|-heal|p2a: Goldd|179\/291 brn|[from] item: Leftovers
|-damage|p2a: Goldd|143\/291 brn|[from] brn
|turn|9
|
|move|p1a: Tentacruel|Rapid Spin|p2a: Goldd
|-resisted|p2a: Goldd
|-damage|p2a: Goldd|139\/291 brn
|-sideend|p1: ULT Starzoid|Spikes|[from] move: Rapid Spin|[of] p1a: Tentacruel
|move|p2a: Goldd|Volt Switch|p1a: Tentacruel
|-supereffective|p1a: Tentacruel
|-damage|p1a: Tentacruel|212\/364
|
|switch|p2a: Sting|Beedrill-Mega, M|271\/271
|-damage|p2a: Sting|204\/271|[from] Stealth Rock
|
|-heal|p1a: Tentacruel|234\/364|[from] item: Black Sludge
|turn|10
|
|move|p2a: Sting|Drill Run|p1a: Tentacruel
|-supereffective|p1a: Tentacruel
|-damage|p1a: Tentacruel|30\/364
|move|p1a: Tentacruel|Toxic Spikes|p2a: Sting
|-sidestart|p2: HiryuSan108|move: Toxic Spikes
|
|-heal|p1a: Tentacruel|52\/364|[from] item: Black Sludge
|turn|11
|
|move|p2a: Sting|U-turn|p1a: Tentacruel
|-resisted|p1a: Tentacruel
|-damage|p1a: Tentacruel|0 fnt
|faint|p1a: Tentacruel
|
|switch|p2a: Goldd|Forretress, M, shiny|139\/291 brn
|-damage|p2a: Goldd|103\/291 brn|[from] Stealth Rock
|
|-heal|p2a: Goldd|121\/291 brn|[from] item: Leftovers
|-damage|p2a: Goldd|85\/291 brn|[from] brn
|
|switch|p1a: Lucario|Lucario, F|279\/279
|turn|12
|
|move|p1a: Lucario|Aura Sphere|p2a: Goldd
|-damage|p2a: Goldd|0 fnt
|-damage|p1a: Lucario|252\/279|[from] item: Life Orb
|faint|p2a: Goldd
|
|
|switch|p2a: Sting|Beedrill-Mega, M|204\/271
|-damage|p2a: Sting|137\/271|[from] Stealth Rock
|-sideend|p2: HiryuSan108|move: Toxic Spikes|[of] p2a: Sting
|turn|13
|
|move|p1a: Lucario|Vacuum Wave|p2a: Sting
|-resisted|p2a: Sting
|-damage|p2a: Sting|110\/271
|-damage|p1a: Lucario|225\/279|[from] item: Life Orb
|move|p2a: Sting|Drill Run|p1a: Lucario
|-supereffective|p1a: Lucario
|-damage|p1a: Lucario|0 fnt
|faint|p1a: Lucario
|
|
|switch|p1a: Swampert|Swampert, F|182\/404
|turn|14
|
|move|p2a: Sting|U-turn|p1a: Swampert
|-damage|p1a: Swampert|38\/404
|
|switch|p2a: Inferno|Chandelure, M|261\/261
|-damage|p2a: Inferno|196\/261|[from] Stealth Rock
|move|p1a: Swampert|Earthquake|p2a: Inferno
|-supereffective|p2a: Inferno
|-damage|p2a: Inferno|0 fnt
|faint|p2a: Inferno
|
|-heal|p1a: Swampert|63\/404|[from] item: Leftovers
|
|switch|p2a: Raditz|Slurpuff, M, shiny|306\/306
|-damage|p2a: Raditz|268\/306|[from] Stealth Rock
|turn|15
|
|move|p2a: Raditz|Belly Drum|p2a: Raditz
|-damage|p2a: Raditz|115\/306
|-setboost|p2a: Raditz|atk|6|[from] move: Belly Drum
|-enditem|p2a: Raditz|Sitrus Berry|[eat]
|-heal|p2a: Raditz|191\/306|[from] item: Sitrus Berry
|move|p1a: Swampert|Roar|p2a: Raditz
|drag|p2a: Giga-Brilliant|Galvantula, M, shiny|281\/281
|-damage|p2a: Giga-Brilliant|211\/281|[from] Stealth Rock
|
|-heal|p1a: Swampert|88\/404|[from] item: Leftovers
|turn|16
|
|move|p2a: Giga-Brilliant|Bug Buzz|p1a: Swampert
|-damage|p1a: Swampert|0 fnt
|faint|p1a: Swampert
|
|
|switch|p1a: Florges|Florges, F|360\/360
|turn|17
|
|move|p2a: Giga-Brilliant|Sticky Web|p1a: Florges
|-sidestart|p1: ULT Starzoid|move: Sticky Web
|move|p1a: Florges|Moonblast|p2a: Giga-Brilliant
|-damage|p2a: Giga-Brilliant|36\/281
|
|turn|18
|
|move|p2a: Giga-Brilliant|Thunder Wave|p1a: Florges
|-status|p1a: Florges|par
|move|p1a: Florges|Moonblast|p2a: Giga-Brilliant
|-damage|p2a: Giga-Brilliant|0 fnt
|faint|p2a: Giga-Brilliant
|
|c|âHiryuSan108|Even without the Slurpuff sweep, I've already won.
|
|switch|p2a: Sting|Beedrill-Mega, M|110\/271
|-damage|p2a: Sting|43\/271|[from] Stealth Rock
|turn|19
|
|move|p2a: Sting|Poison Jab|p1a: Florges
|-supereffective|p1a: Florges
|-damage|p1a: Florges|0 fnt
|faint|p1a: Florges
|
|
|switch|p1a: Goodra|Goodra, M|335\/335
|-activate|p1a: Goodra|move: Sticky Web
|-unboost|p1a: Goodra|spe|1
|turn|20
|
|move|p2a: Sting|Poison Jab|p1a: Goodra
|-damage|p1a: Goodra|71\/335
|move|p1a: Goodra|Earthquake|p2a: Sting
|-damage|p2a: Sting|0 fnt
|faint|p2a: Sting
|
|
|switch|p2a: Raditz|Slurpuff, M, shiny|191\/306
|-damage|p2a: Raditz|153\/306|[from] Stealth Rock
|turn|21
|c|âULT Starzoid|gg
|
|move|p2a: Raditz|Play Rough|p1a: Goodra
|-supereffective|p1a: Goodra
|-damage|p1a: Goodra|0 fnt
|faint|p1a: Goodra
|
|win|HiryuSan108
|raw|Ladder updating...
|raw|ULT Starzoid's rating: 1513 &rarr; <strong>1485<\/strong><br \/>(-28 for losing)
|raw|HiryuSan108's rating: 1359 &rarr; <strong>1388<\/strong><br \/>(+29 for winning)
|leave|ULT Starzoid