|join|ULT Starzoid
|join|EagleHeart
|player|p1|ULT Starzoid|188
|player|p2|EagleHeart|269
|gametype|singles
|gen|6
|tier|UU
|rated
|rule|Sleep Clause Mod: Limit one foe put to sleep
|rule|Species Clause: Limit one of each PokÃ©mon
|rule|OHKO Clause: OHKO moves are banned
|rule|Moody Clause: Moody is banned
|rule|Evasion Moves Clause: Evasion moves are banned
|rule|Endless Battle Clause: Forcing endless battles is banned
|rule|HP Percentage Mod: HP is shown in percentages
|clearpoke
|poke|p1|Florges, F
|poke|p1|Goodra, F
|poke|p1|Lucario, M
|poke|p1|Pidgeot, M
|poke|p1|Swampert, M
|poke|p1|Tentacruel, F
|poke|p2|Lucario, M
|poke|p2|Chesnaught, M
|poke|p2|Blissey, F
|poke|p2|Donphan, M
|poke|p2|Jirachi
|poke|p2|Houndoom, M, shiny
|rule|Swagger Clause: Swagger is banned
|rule|Baton Pass Clause: Limit one PokÃ©mon knowing Baton Pass
|teampreview
|
|start
|switch|p1a: Swampert|Swampert, M|404\/404
|switch|p2a: Thorns & Roses|Chesnaught, M|380\/380
|turn|1
|
|move|p2a: Thorns & Roses|Toxic|p1a: Swampert|[miss]
|-miss|p2a: Thorns & Roses|p1a: Swampert
|move|p1a: Swampert|Stealth Rock|p2a: Thorns & Roses
|-sidestart|p2: EagleHeart|move: Stealth Rock
|
|turn|2
|
|switch|p1a: Tentacruel|Tentacruel, F|364\/364
|move|p2a: Thorns & Roses|Seed Bomb|p1a: Tentacruel
|-damage|p1a: Tentacruel|274\/364
|
|-heal|p1a: Tentacruel|296\/364|[from] item: Black Sludge
|turn|3
|
|move|p1a: Tentacruel|Scald|p2a: Thorns & Roses
|-resisted|p2a: Thorns & Roses
|-damage|p2a: Thorns & Roses|330\/380
|move|p2a: Thorns & Roses|Seed Bomb|p1a: Tentacruel
|-damage|p1a: Tentacruel|193\/364
|
|-heal|p1a: Tentacruel|215\/364|[from] item: Black Sludge
|turn|4
|
|switch|p1a: Goodra|Goodra, F|335\/335
|move|p2a: Thorns & Roses|Seed Bomb|p1a: Goodra
|-boost|p1a: Goodra|atk|1|[from] ability: Sap Sipper
|
|turn|5
|
|move|p1a: Goodra|Outrage|p2a: Thorns & Roses
|-damage|p2a: Thorns & Roses|50\/380
|-damage|p1a: Goodra|280\/335|[from] item: Rocky Helmet|[of] p2a: Thorns & Roses
|move|p2a: Thorns & Roses|Toxic|p1a: Goodra
|-status|p1a: Goodra|tox
|
|-damage|p1a: Goodra|260\/335 tox|[from] psn
|turn|6
|
|move|p2a: Thorns & Roses|Spiky Shield|p2a: Thorns & Roses
|-singleturn|p2a: Thorns & Roses|move: Protect
|move|p1a: Goodra|Outrage|p2a: Thorns & Roses
|-activate|p2a: Thorns & Roses|Protect
|-damage|p1a: Goodra|219\/335 tox|[from] Spiky Shield|[of] p2a: Thorns & Roses
|
|-damage|p1a: Goodra|179\/335 tox|[from] psn
|turn|7
|
|move|p2a: Thorns & Roses|Spiky Shield|p2a: Thorns & Roses
|-singleturn|p2a: Thorns & Roses|move: Protect
|move|p1a: Goodra|Outrage|p2a: Thorns & Roses
|-activate|p2a: Thorns & Roses|Protect
|-damage|p1a: Goodra|138\/335 tox|[from] Spiky Shield|[of] p2a: Thorns & Roses
|
|-damage|p1a: Goodra|78\/335 tox|[from] psn
|turn|8
|
|move|p1a: Goodra|Outrage|p2a: Thorns & Roses
|-damage|p2a: Thorns & Roses|0 fnt
|-damage|p1a: Goodra|23\/335 tox|[from] item: Rocky Helmet|[of] p2a: Thorns & Roses
|faint|p2a: Thorns & Roses
|
|-damage|p1a: Goodra|0 fnt|[from] psn
|faint|p1a: Goodra
|
|switch|p1a: Pidgeot|Pidgeot, M|307\/307
|switch|p2a: Keep Rollin|Donphan, M|384\/384
|-damage|p2a: Keep Rollin|360\/384|[from] Stealth Rock
|turn|9
|
|detailschange|p1a: Pidgeot|Pidgeot-Mega, M
|-mega|p1a: Pidgeot|Pidgeot|Pidgeotite
|move|p1a: Pidgeot|Substitute|p1a: Pidgeot
|-start|p1a: Pidgeot|Substitute
|-damage|p1a: Pidgeot|231\/307
|move|p2a: Keep Rollin|Rapid Spin|p1a: Pidgeot
|-crit|p1a: Pidgeot
|-activate|p1a: Pidgeot|Substitute|[damage]
|-sideend|p2: EagleHeart|Stealth Rock|[from] move: Rapid Spin|[of] p2a: Keep Rollin
|
|-heal|p2a: Keep Rollin|384\/384|[from] item: Leftovers
|turn|10
|
|move|p2a: Keep Rollin|Ice Shard|p1a: Pidgeot
|-supereffective|p1a: Pidgeot
|-end|p1a: Pidgeot|Substitute
|move|p1a: Pidgeot|Hurricane|p2a: Keep Rollin
|-damage|p2a: Keep Rollin|59\/384
|-start|p2a: Keep Rollin|confusion
|
|-heal|p2a: Keep Rollin|83\/384|[from] item: Leftovers
|turn|11
|
|switch|p2a: Evil Nurse|Blissey, F|652\/652
|move|p1a: Pidgeot|Substitute|p1a: Pidgeot
|-start|p1a: Pidgeot|Substitute
|-damage|p1a: Pidgeot|155\/307
|
|turn|12
|
|move|p1a: Pidgeot|Roost|p1a: Pidgeot
|-heal|p1a: Pidgeot|307\/307
|move|p2a: Evil Nurse|Seismic Toss|p1a: Pidgeot
|-end|p1a: Pidgeot|Substitute
|
|turn|13
|
|switch|p1a: Swampert|Swampert, M|404\/404
|move|p2a: Evil Nurse|Thunder Wave|p1a: Swampert
|-immune|p1a: Swampert|[msg]
|
|turn|14
|
|move|p2a: Evil Nurse|Seismic Toss|p1a: Swampert
|-damage|p1a: Swampert|304\/404
|move|p1a: Swampert|Stealth Rock|p2a: Evil Nurse
|-sidestart|p2: EagleHeart|move: Stealth Rock
|
|-heal|p1a: Swampert|329\/404|[from] item: Leftovers
|turn|15
|
|move|p2a: Evil Nurse|Seismic Toss|p1a: Swampert
|-damage|p1a: Swampert|229\/404
|move|p1a: Swampert|Earthquake|p2a: Evil Nurse
|-damage|p2a: Evil Nurse|403\/652
|
|-heal|p2a: Evil Nurse|443\/652|[from] item: Leftovers
|-heal|p1a: Swampert|254\/404|[from] item: Leftovers
|turn|16
|
|move|p2a: Evil Nurse|Seismic Toss|p1a: Swampert
|-damage|p1a: Swampert|154\/404
|move|p1a: Swampert|Earthquake|p2a: Evil Nurse
|-crit|p2a: Evil Nurse
|-damage|p2a: Evil Nurse|53\/652
|
|-heal|p2a: Evil Nurse|93\/652|[from] item: Leftovers
|-heal|p1a: Swampert|179\/404|[from] item: Leftovers
|turn|17
|
|move|p2a: Evil Nurse|Soft-Boiled|p2a: Evil Nurse
|-heal|p2a: Evil Nurse|419\/652
|move|p1a: Swampert|Earthquake|p2a: Evil Nurse
|-crit|p2a: Evil Nurse
|-damage|p2a: Evil Nurse|22\/652
|
|-heal|p2a: Evil Nurse|62\/652|[from] item: Leftovers
|-heal|p1a: Swampert|204\/404|[from] item: Leftovers
|turn|18
|
|move|p2a: Evil Nurse|Soft-Boiled|p2a: Evil Nurse
|-heal|p2a: Evil Nurse|388\/652
|move|p1a: Swampert|Earthquake|p2a: Evil Nurse
|-crit|p2a: Evil Nurse
|-damage|p2a: Evil Nurse|7\/652
|
|-heal|p2a: Evil Nurse|47\/652|[from] item: Leftovers
|-heal|p1a: Swampert|229\/404|[from] item: Leftovers
|turn|19
|c|âULT Starzoid|well trained
|
|switch|p1a: Lucario|Lucario, M|279\/279
|move|p2a: Evil Nurse|Soft-Boiled|p2a: Evil Nurse
|-heal|p2a: Evil Nurse|373\/652
|
|-heal|p2a: Evil Nurse|413\/652|[from] item: Leftovers
|turn|20
|
|switch|p2a: Keep Rollin|Donphan, M|83\/384
|-damage|p2a: Keep Rollin|59\/384|[from] Stealth Rock
|move|p1a: Lucario|Aura Sphere|p2a: Keep Rollin
|-damage|p2a: Keep Rollin|0 fnt
|-damage|p1a: Lucario|252\/279|[from] item: Life Orb
|faint|p2a: Keep Rollin
|
|
|switch|p2a: Anubis|Lucario, M|281\/281
|-damage|p2a: Anubis|273\/281|[from] Stealth Rock
|turn|21
|
|switch|p1a: Tentacruel|Tentacruel, F|215\/364
|move|p2a: Anubis|Close Combat|p1a: Tentacruel
|-resisted|p1a: Tentacruel
|-damage|p1a: Tentacruel|131\/364
|-unboost|p2a: Anubis|def|1
|-unboost|p2a: Anubis|spd|1
|
|-heal|p1a: Tentacruel|153\/364|[from] item: Black Sludge
|turn|22
|
|move|p2a: Anubis|Earthquake|p1a: Tentacruel
|-supereffective|p1a: Tentacruel
|-damage|p1a: Tentacruel|0 fnt
|faint|p1a: Tentacruel
|
|
|switch|p1a: Pidgeot|Pidgeot-Mega, M|307\/307
|turn|23
|
|switch|p2a: Evil Nurse|Blissey, F|413\/652
|-damage|p2a: Evil Nurse|332\/652|[from] Stealth Rock
|move|p1a: Pidgeot|Hurricane|p2a: Evil Nurse
|-damage|p2a: Evil Nurse|206\/652
|
|-heal|p2a: Evil Nurse|246\/652|[from] item: Leftovers
|turn|24
|
|switch|p1a: Lucario|Lucario, M|252\/279
|move|p2a: Evil Nurse|Thunder Wave|p1a: Lucario
|-status|p1a: Lucario|par
|
|-heal|p2a: Evil Nurse|286\/652|[from] item: Leftovers
|turn|25
|
|move|p2a: Evil Nurse|Soft-Boiled|p2a: Evil Nurse
|-heal|p2a: Evil Nurse|612\/652
|cant|p1a: Lucario|par
|
|-heal|p2a: Evil Nurse|652\/652|[from] item: Leftovers
|turn|26
|
|move|p2a: Evil Nurse|Seismic Toss|p1a: Lucario
|-damage|p1a: Lucario|152\/279 par
|cant|p1a: Lucario|par
|
|turn|27
|c|âEagleHeart|well trained
|
|switch|p1a: Florges|Florges, F|360\/360
|move|p2a: Evil Nurse|Seismic Toss|p1a: Florges
|-damage|p1a: Florges|260\/360
|
|-heal|p1a: Florges|282\/360|[from] item: Leftovers
|turn|28
|
|switch|p2a: Mo's Embodyment|Jirachi|341\/341
|-damage|p2a: Mo's Embodyment|320\/341|[from] Stealth Rock
|move|p1a: Florges|Aromatherapy|p1a: Florges
|-cureteam|p1a: Florges|[from] move: Aromatherapy
|
|-heal|p1a: Florges|304\/360|[from] item: Leftovers
|turn|29
|
|move|p2a: Mo's Embodyment|Trick|p1a: Florges
|-activate|p2a: Mo's Embodyment|move: Trick|[of] p1a: Florges
|-item|p1a: Florges|Choice Scarf|[from] move: Trick
|-item|p2a: Mo's Embodyment|Leftovers|[from] move: Trick
|move|p1a: Florges|Wish|p1a: Florges
|
|-heal|p2a: Mo's Embodyment|341\/341|[from] item: Leftovers
|turn|30
|
|switch|p1a: Swampert|Swampert, M|229\/404
|move|p2a: Mo's Embodyment|U-turn|p1a: Swampert
|-crit|p1a: Swampert
|-damage|p1a: Swampert|154\/404
|
|switch|p2a: Evil Nurse|Blissey, F|652\/652
|-damage|p2a: Evil Nurse|571\/652|[from] Stealth Rock
|
|-heal|p1a: Swampert|334\/404|[from] move: Wish|[wisher] Florges
|-heal|p2a: Evil Nurse|611\/652|[from] item: Leftovers
|-heal|p1a: Swampert|359\/404|[from] item: Leftovers
|turn|31
|
|switch|p1a: Florges|Florges, F|304\/360
|move|p2a: Evil Nurse|Seismic Toss|p1a: Florges
|-damage|p1a: Florges|204\/360
|
|-heal|p2a: Evil Nurse|651\/652|[from] item: Leftovers
|turn|32
|
|move|p1a: Florges|Wish|p1a: Florges
|move|p2a: Evil Nurse|Seismic Toss|p1a: Florges
|-damage|p1a: Florges|104\/360
|
|-heal|p2a: Evil Nurse|652\/652|[from] item: Leftovers
|turn|33
|
|switch|p1a: Lucario|Lucario, M|152\/279
|move|p2a: Evil Nurse|Seismic Toss|p1a: Lucario
|-damage|p1a: Lucario|52\/279
|
|-heal|p1a: Lucario|232\/279|[from] move: Wish|[wisher] Florges
|turn|34
|
|move|p1a: Lucario|Nasty Plot|p1a: Lucario
|-boost|p1a: Lucario|spa|2
|move|p2a: Evil Nurse|Seismic Toss|p1a: Lucario
|-damage|p1a: Lucario|132\/279
|
|turn|35
|
|move|p1a: Lucario|Aura Sphere|p2a: Evil Nurse
|-supereffective|p2a: Evil Nurse
|-damage|p2a: Evil Nurse|213\/652
|-damage|p1a: Lucario|105\/279|[from] item: Life Orb
|move|p2a: Evil Nurse|Thunder Wave|p1a: Lucario
|-status|p1a: Lucario|par
|
|-heal|p2a: Evil Nurse|253\/652|[from] item: Leftovers
|turn|36
|
|move|p2a: Evil Nurse|Seismic Toss|p1a: Lucario
|-damage|p1a: Lucario|5\/279 par
|cant|p1a: Lucario|par
|
|-heal|p2a: Evil Nurse|293\/652|[from] item: Leftovers
|turn|37
|c|âEagleHeart|very well trained
|
|cant|p1a: Lucario|par
|move|p2a: Evil Nurse|Seismic Toss|p1a: Lucario
|-damage|p1a: Lucario|0 fnt
|faint|p1a: Lucario
|
|-heal|p2a: Evil Nurse|333\/652|[from] item: Leftovers
|
|switch|p1a: Swampert|Swampert, M|359\/404
|turn|38
|
|move|p2a: Evil Nurse|Seismic Toss|p1a: Swampert
|-damage|p1a: Swampert|259\/404
|move|p1a: Swampert|Earthquake|p2a: Evil Nurse
|-damage|p2a: Evil Nurse|95\/652
|
|-heal|p2a: Evil Nurse|135\/652|[from] item: Leftovers
|-heal|p1a: Swampert|284\/404|[from] item: Leftovers
|turn|39
|
|move|p2a: Evil Nurse|Soft-Boiled|p2a: Evil Nurse
|-heal|p2a: Evil Nurse|461\/652
|move|p1a: Swampert|Earthquake|p2a: Evil Nurse
|-damage|p2a: Evil Nurse|212\/652
|
|-heal|p2a: Evil Nurse|252\/652|[from] item: Leftovers
|-heal|p1a: Swampert|309\/404|[from] item: Leftovers
|turn|40
|
|move|p2a: Evil Nurse|Soft-Boiled|p2a: Evil Nurse
|-heal|p2a: Evil Nurse|578\/652
|move|p1a: Swampert|Earthquake|p2a: Evil Nurse
|-damage|p2a: Evil Nurse|346\/652
|
|-heal|p2a: Evil Nurse|386\/652|[from] item: Leftovers
|-heal|p1a: Swampert|334\/404|[from] item: Leftovers
|turn|41
|
|move|p2a: Evil Nurse|Seismic Toss|p1a: Swampert
|-damage|p1a: Swampert|234\/404
|move|p1a: Swampert|Scald|p2a: Evil Nurse
|-damage|p2a: Evil Nurse|332\/652
|
|-heal|p2a: Evil Nurse|372\/652|[from] item: Leftovers
|-heal|p1a: Swampert|259\/404|[from] item: Leftovers
|turn|42
|
|move|p2a: Evil Nurse|Seismic Toss|p1a: Swampert
|-damage|p1a: Swampert|159\/404
|move|p1a: Swampert|Scald|p2a: Evil Nurse
|-crit|p2a: Evil Nurse
|-damage|p2a: Evil Nurse|303\/652
|
|-heal|p2a: Evil Nurse|343\/652|[from] item: Leftovers
|-heal|p1a: Swampert|184\/404|[from] item: Leftovers
|turn|43
|
|move|p2a: Evil Nurse|Seismic Toss|p1a: Swampert
|-damage|p1a: Swampert|84\/404
|move|p1a: Swampert|Earthquake|p2a: Evil Nurse
|-damage|p2a: Evil Nurse|81\/652
|
|-heal|p2a: Evil Nurse|121\/652|[from] item: Leftovers
|-heal|p1a: Swampert|109\/404|[from] item: Leftovers
|turn|44
|
|move|p2a: Evil Nurse|Soft-Boiled|p2a: Evil Nurse
|-heal|p2a: Evil Nurse|447\/652
|move|p1a: Swampert|Earthquake|p2a: Evil Nurse
|-damage|p2a: Evil Nurse|195\/652
|
|-heal|p2a: Evil Nurse|235\/652|[from] item: Leftovers
|-heal|p1a: Swampert|134\/404|[from] item: Leftovers
|turn|45
|
|move|p2a: Evil Nurse|Soft-Boiled|p2a: Evil Nurse
|-heal|p2a: Evil Nurse|561\/652
|move|p1a: Swampert|Earthquake|p2a: Evil Nurse
|-damage|p2a: Evil Nurse|315\/652
|
|-heal|p2a: Evil Nurse|355\/652|[from] item: Leftovers
|-heal|p1a: Swampert|159\/404|[from] item: Leftovers
|turn|46
|
|move|p2a: Evil Nurse|Seismic Toss|p1a: Swampert
|-damage|p1a: Swampert|59\/404
|move|p1a: Swampert|Earthquake|p2a: Evil Nurse
|-damage|p2a: Evil Nurse|90\/652
|
|-heal|p2a: Evil Nurse|130\/652|[from] item: Leftovers
|-heal|p1a: Swampert|84\/404|[from] item: Leftovers
|turn|47
|
|move|p2a: Evil Nurse|Seismic Toss|p1a: Swampert
|-damage|p1a: Swampert|0 fnt
|faint|p1a: Swampert
|
|-heal|p2a: Evil Nurse|170\/652|[from] item: Leftovers
|
|switch|p1a: Pidgeot|Pidgeot-Mega, M|307\/307
|turn|48
|
|move|p1a: Pidgeot|Substitute|p1a: Pidgeot
|-start|p1a: Pidgeot|Substitute
|-damage|p1a: Pidgeot|231\/307
|move|p2a: Evil Nurse|Soft-Boiled|p2a: Evil Nurse
|-heal|p2a: Evil Nurse|496\/652
|
|-heal|p2a: Evil Nurse|536\/652|[from] item: Leftovers
|turn|49
|
|move|p1a: Pidgeot|Hurricane|p2a: Evil Nurse
|-damage|p2a: Evil Nurse|415\/652
|move|p2a: Evil Nurse|Seismic Toss|p1a: Pidgeot
|-end|p1a: Pidgeot|Substitute
|
|-heal|p2a: Evil Nurse|455\/652|[from] item: Leftovers
|turn|50
|
|move|p1a: Pidgeot|Substitute|p1a: Pidgeot
|-start|p1a: Pidgeot|Substitute
|-damage|p1a: Pidgeot|155\/307
|move|p2a: Evil Nurse|Seismic Toss|p1a: Pidgeot
|-end|p1a: Pidgeot|Substitute
|
|-heal|p2a: Evil Nurse|495\/652|[from] item: Leftovers
|turn|51
|
|move|p1a: Pidgeot|Hurricane|p2a: Evil Nurse
|-damage|p2a: Evil Nurse|369\/652
|-start|p2a: Evil Nurse|confusion
|-activate|p2a: Evil Nurse|confusion
|-damage|p2a: Evil Nurse|355\/652|[from] confusion
|
|-heal|p2a: Evil Nurse|395\/652|[from] item: Leftovers
|turn|52
|
|move|p1a: Pidgeot|Roost|p1a: Pidgeot
|-heal|p1a: Pidgeot|307\/307
|-activate|p2a: Evil Nurse|confusion
|move|p2a: Evil Nurse|Seismic Toss|p1a: Pidgeot
|-damage|p1a: Pidgeot|207\/307
|
|-heal|p2a: Evil Nurse|435\/652|[from] item: Leftovers
|turn|53
|
|move|p1a: Pidgeot|Substitute|p1a: Pidgeot
|-start|p1a: Pidgeot|Substitute
|-damage|p1a: Pidgeot|131\/307
|-activate|p2a: Evil Nurse|confusion
|move|p2a: Evil Nurse|Seismic Toss|p1a: Pidgeot
|-end|p1a: Pidgeot|Substitute
|
|-heal|p2a: Evil Nurse|475\/652|[from] item: Leftovers
|turn|54
|
|move|p1a: Pidgeot|Roost|p1a: Pidgeot
|-heal|p1a: Pidgeot|285\/307
|-end|p2a: Evil Nurse|confusion
|move|p2a: Evil Nurse|Thunder Wave|p1a: Pidgeot
|-status|p1a: Pidgeot|par
|
|-heal|p2a: Evil Nurse|515\/652|[from] item: Leftovers
|turn|55
|c|âEagleHeart|niiice
|
|switch|p2a: Mo's Embodyment|Jirachi|341\/341
|-damage|p2a: Mo's Embodyment|320\/341|[from] Stealth Rock
|switch|p1a: Florges|Florges, F|104\/360
|
|-heal|p2a: Mo's Embodyment|341\/341|[from] item: Leftovers
|turn|56
|
|move|p2a: Mo's Embodyment|Iron Head|p1a: Florges
|-supereffective|p1a: Florges
|-damage|p1a: Florges|0 fnt
|faint|p1a: Florges
|
|-message|ULT Starzoid forfeited.
|
|win|EagleHeart
|raw|Ladder updating...
|c|âULT Starzoid|gg
|raw|ULT Starzoid's rating: 1552 &rarr; <strong>1524<\/strong><br \/>(-28 for losing)
|raw|EagleHeart's rating: 1406 &rarr; <strong>1434<\/strong><br \/>(+28 for winning)
|c|âEagleHeart|extra niice
|c|âEagleHeart|gg
|leave|ULT Starzoid
|player|p1