|join|M0A L0RD P34
|join|Time2GetBopped
|player|p1|M0A L0RD P34|97
|player|p2|Time2GetBopped|138
|gametype|singles
|gen|6
|tier|OU
|rated
|clearpoke
|poke|p1|Metagross
|poke|p1|Bisharp, F
|poke|p1|Raikou
|poke|p1|Azumarill, M
|poke|p1|Talonflame, F
|poke|p1|Azelf
|poke|p2|Tyranitar, M
|poke|p2|Excadrill, F
|poke|p2|Pinsir, M
|poke|p2|Talonflame, M
|poke|p2|Dragonite, F
|poke|p2|Greninja, M
|rule|Swagger Clause: Swagger is banned
|rule|Baton Pass Clause: Limit one PokÃ©mon knowing Baton Pass
|rule|Sleep Clause Mod: Limit one foe put to sleep
|rule|Species Clause: Limit one of each PokÃ©mon
|rule|OHKO Clause: OHKO moves are banned
|rule|Moody Clause: Moody is banned
|rule|Evasion Moves Clause: Evasion moves are banned
|rule|Endless Battle Clause: Forcing endless battles is banned
|rule|HP Percentage Mod: HP is shown in percentages
|teampreview
|
|start
|switch|p1a: Tether|Azelf|338\/338
|switch|p2a: Bird Flu|Talonflame, M|297\/297
|turn|1
|
|move|p1a: Tether|Stealth Rock|p2a: Bird Flu
|-sidestart|p2: Time2GetBopped|move: Stealth Rock
|move|p2a: Bird Flu|U-turn|p1a: Tether
|-supereffective|p1a: Tether
|-damage|p1a: Tether|40\/338
|
|switch|p2a: Scientology|Tyranitar, M|341\/341
|-damage|p2a: Scientology|299\/341|[from] Stealth Rock
|-weather|Sandstorm
|
|-weather|Sandstorm|[upkeep]
|-damage|p1a: Tether|19\/338|[from] sandstorm
|turn|2
|
|move|p1a: Tether|Taunt|p2a: Scientology
|-start|p2a: Scientology|move: Taunt
|cant|p2a: Scientology|move: Taunt|Stealth Rock
|
|-weather|Sandstorm|[upkeep]
|-damage|p1a: Tether|0 fnt|[from] sandstorm
|faint|p1a: Tether
|
|switch|p1a: Metagross|Metagross|301\/301
|turn|3
|
|switch|p2a: Diabetes|Greninja, M|285\/285
|-damage|p2a: Diabetes|250\/285|[from] Stealth Rock
|detailschange|p1a: Metagross|Metagross-Mega
|-mega|p1a: Metagross|Metagross|Metagrossite
|move|p1a: Metagross|Hammer Arm|p2a: Diabetes
|-supereffective|p2a: Diabetes
|-damage|p2a: Diabetes|0 fnt
|-unboost|p1a: Metagross|spe|1
|faint|p2a: Diabetes
|
|-weather|Sandstorm|[upkeep]
|
|switch|p2a: Scientology|Tyranitar, M|299\/341
|-damage|p2a: Scientology|257\/341|[from] Stealth Rock
|turn|4
|
|move|p2a: Scientology|Stealth Rock|p1a: Metagross
|-sidestart|p1: M0A L0RD P34|move: Stealth Rock
|move|p1a: Metagross|Hammer Arm|p2a: Scientology
|-supereffective|p2a: Scientology
|-damage|p2a: Scientology|0 fnt
|-unboost|p1a: Metagross|spe|1
|faint|p2a: Scientology
|
|-weather|Sandstorm|[upkeep]
|
|switch|p2a: Gonorrhea|Excadrill, F|361\/361
|-damage|p2a: Gonorrhea|350\/361|[from] Stealth Rock
|turn|5
|
|switch|p1a: Talonflame|Talonflame, F|297\/297
|-damage|p1a: Talonflame|149\/297|[from] Stealth Rock
|move|p2a: Gonorrhea|Earthquake|p1a: Talonflame
|-immune|p1a: Talonflame|[msg]
|
|-weather|none
|-heal|p1a: Talonflame|167\/297|[from] item: Leftovers
|turn|6
|
|switch|p2a: Polio|Dragonite, F|323\/323
|-damage|p2a: Polio|243\/323|[from] Stealth Rock
|move|p1a: Talonflame|Flare Blitz|p2a: Polio
|-resisted|p2a: Polio
|-damage|p2a: Polio|160\/323
|-damage|p1a: Talonflame|140\/297|[from] recoil|[of] p2a: Polio
|
|-heal|p1a: Talonflame|158\/297|[from] item: Leftovers
|turn|7
|
|move|p2a: Polio|Extreme Speed|p1a: Talonflame
|-damage|p1a: Talonflame|0 fnt
|faint|p1a: Talonflame
|
|
|switch|p1a: Metagross|Metagross-Mega|301\/301
|-damage|p1a: Metagross|283\/301|[from] Stealth Rock
|turn|8
|
|switch|p2a: Gonorrhea|Excadrill, F|350\/361
|-damage|p2a: Gonorrhea|339\/361|[from] Stealth Rock
|move|p1a: Metagross|Meteor Mash|p2a: Gonorrhea
|-resisted|p2a: Gonorrhea
|-damage|p2a: Gonorrhea|150\/361
|
|turn|9
|
|move|p1a: Metagross|Meteor Mash|p2a: Gonorrhea
|-resisted|p2a: Gonorrhea
|-damage|p2a: Gonorrhea|0 fnt
|faint|p2a: Gonorrhea
|
|-message|Time2GetBopped forfeited.
|leave|Time2GetBopped
|
|switch|p2a: Polio|Dragonite, F|160\/323
|-damage|p2a: Polio|80\/323|[from] Stealth Rock
|turn|10
|
|win|M0A L0RD P34
|raw|Ladder updating...
|player|p2
|raw|M0A L0RD P34's rating: 1714 &rarr; <strong>1732<\/strong><br \/>(+18 for winning)
|raw|Time2GetBopped's rating: 1672 &rarr; <strong>1654<\/strong><br \/>(-18 for losing)