|join|Bl153
|join|Time2GetBopped
|player|p1|Bl153|101
|player|p2|Time2GetBopped|138
|gametype|singles
|gen|6
|tier|OU
|rated
|clearpoke
|poke|p1|Medicham, M
|poke|p1|Bisharp, M
|poke|p1|Heatran, F, shiny
|poke|p1|Landorus, M
|poke|p1|Rotom-Wash
|poke|p1|Sylveon, F
|poke|p2|Tyranitar, M
|poke|p2|Excadrill, F
|poke|p2|Pinsir, F
|poke|p2|Talonflame, F
|poke|p2|Dragonite, M
|poke|p2|Greninja, M
|rule|Swagger Clause: Swagger is banned
|rule|Baton Pass Clause: Limit one PokÃ©mon knowing Baton Pass
|rule|Sleep Clause Mod: Limit one foe put to sleep
|rule|Species Clause: Limit one of each PokÃ©mon
|rule|OHKO Clause: OHKO moves are banned
|rule|Moody Clause: Moody is banned
|rule|Evasion Moves Clause: Evasion moves are banned
|rule|Endless Battle Clause: Forcing endless battles is banned
|rule|HP Percentage Mod: HP is shown in percentages
|teampreview
|c|âBl153|gl hf
|c|âTime2GetBopped|u2
|
|start
|switch|p1a: Medicham|Medicham, M|261\/261
|switch|p2a: Bird Flu|Talonflame, F|297\/297
|turn|1
|
|switch|p1a: Heatran|Heatran, F, shiny|371\/371
|move|p2a: Bird Flu|U-turn|p1a: Heatran
|-resisted|p1a: Heatran
|-damage|p1a: Heatran|349\/371
|
|switch|p2a: Diabetes|Greninja, M|285\/285
|
|-heal|p1a: Heatran|371\/371|[from] item: Leftovers
|turn|2
|
|switch|p2a: Bird Flu|Talonflame, F|297\/297
|switch|p1a: Sylveon|Sylveon, F|393\/393
|
|turn|3
|
|move|p1a: Sylveon|Protect|p1a: Sylveon
|-singleturn|p1a: Sylveon|Protect
|move|p2a: Bird Flu|Brave Bird|p1a: Sylveon
|-activate|p1a: Sylveon|Protect
|
|turn|4
|
|switch|p2a: Scientology|Tyranitar, M|341\/341
|-weather|Sandstorm
|move|p1a: Sylveon|Hyper Voice|p2a: Scientology
|-crit|p2a: Scientology
|-supereffective|p2a: Scientology
|-damage|p2a: Scientology|51\/341
|
|-weather|Sandstorm|[upkeep]
|-damage|p1a: Sylveon|369\/393|[from] sandstorm
|-heal|p1a: Sylveon|393\/393|[from] item: Leftovers
|turn|5
|c|âTime2GetBopped|fucking hell
|
|move|p2a: Scientology|Stealth Rock|p1a: Sylveon
|-sidestart|p1: Bl153|move: Stealth Rock
|move|p1a: Sylveon|Hyper Voice|p2a: Scientology
|-supereffective|p2a: Scientology
|-damage|p2a: Scientology|0 fnt
|faint|p2a: Scientology
|
|-weather|Sandstorm|[upkeep]
|-damage|p1a: Sylveon|369\/393|[from] sandstorm
|-heal|p1a: Sylveon|393\/393|[from] item: Leftovers
|
|switch|p2a: Gonorrhea|Excadrill, F|361\/361
|turn|6
|
|switch|p2a: Polio|Dragonite, M|330\/330
|switch|p1a: Rotom-Wash|Rotom-Wash|303\/303
|-damage|p1a: Rotom-Wash|266\/303|[from] Stealth Rock
|
|-weather|Sandstorm|[upkeep]
|-damage|p2a: Polio|310\/330|[from] sandstorm
|-damage|p1a: Rotom-Wash|248\/303|[from] sandstorm
|-heal|p1a: Rotom-Wash|266\/303|[from] item: Leftovers
|turn|7
|
|move|p2a: Polio|Earthquake|p1a: Rotom-Wash
|-immune|p1a: Rotom-Wash|[msg]
|move|p1a: Rotom-Wash|Will-O-Wisp|p2a: Polio
|-status|p2a: Polio|brn
|
|-weather|Sandstorm|[upkeep]
|-damage|p2a: Polio|290\/330 brn|[from] sandstorm
|-damage|p1a: Rotom-Wash|248\/303|[from] sandstorm
|-heal|p1a: Rotom-Wash|266\/303|[from] item: Leftovers
|-damage|p2a: Polio|249\/330 brn|[from] brn
|turn|8
|c|âTime2GetBopped|FUKCING HELL
|c|âBl153|Why did u do that? Lol
|c|âTime2GetBopped|I HATE THE NUBS IM OVERPREDICTING TOO MUCH
|c|âTime2GetBopped|ugh
|c|âTime2GetBopped|im so used to my acc being 1800
|c|âBl153|Im not a nub... uhhh hello thats real nice'
|c|âTime2GetBopped|i havent been on showdown for like 3 weeks
|-message|Time2GetBopped forfeited.
|
|win|Bl153
|raw|Ladder updating...
|leave|Time2GetBopped
|player|p2
|raw|Bl153's rating: 1539 &rarr; <strong>1563<\/strong><br \/>(+24 for winning)
|raw|Time2GetBopped's rating: 1613 &rarr; <strong>1589<\/strong><br \/>(-24 for losing)
|c|âBl153|I was 1750 at one point friend so watch your mouth
|c|âBl153|Clown