|join|ZephyrBurst
|join|Time2GetBopped
|player|p1|ZephyrBurst|102
|player|p2|Time2GetBopped|138
|gametype|singles
|gen|6
|tier|OU
|rated
|clearpoke
|poke|p1|Hippowdon, F
|poke|p1|Rotom-Wash
|poke|p1|Talonflame, F
|poke|p1|Excadrill, M
|poke|p1|Jirachi
|poke|p1|Garchomp, M
|poke|p2|Tyranitar, M
|poke|p2|Excadrill, F
|poke|p2|Manectric, F
|poke|p2|Talonflame, M
|poke|p2|Dragonite, F
|poke|p2|Greninja, M
|rule|Swagger Clause: Swagger is banned
|rule|Baton Pass Clause: Limit one PokÃ©mon knowing Baton Pass
|rule|Sleep Clause Mod: Limit one foe put to sleep
|rule|Species Clause: Limit one of each PokÃ©mon
|rule|OHKO Clause: OHKO moves are banned
|rule|Moody Clause: Moody is banned
|rule|Evasion Moves Clause: Evasion moves are banned
|rule|Endless Battle Clause: Forcing endless battles is banned
|rule|HP Percentage Mod: HP is shown in percentages
|teampreview
|
|start
|switch|p1a: Garchomp|Garchomp, M|357\/357
|switch|p2a: Bird Flu|Talonflame, M|297\/297
|turn|1
|
|move|p2a: Bird Flu|U-turn|p1a: Garchomp
|-damage|p1a: Garchomp|256\/357
|-damage|p2a: Bird Flu|260\/297|[from] ability: Rough Skin|[of] p1a: Garchomp
|
|switch|p2a: Scientology|Tyranitar, M|341\/341
|-weather|Sandstorm
|move|p1a: Garchomp|Stone Edge|p2a: Scientology|[miss]
|-miss|p1a: Garchomp|p2a: Scientology
|
|-weather|Sandstorm|[upkeep]
|turn|2
|
|detailschange|p1a: Garchomp|Garchomp-Mega, M
|message|Garchomp has Mega Evolved into Mega Garchomp!
|move|p1a: Garchomp|Earthquake|p2a: Scientology
|-crit|p2a: Scientology
|-supereffective|p2a: Scientology
|-enditem|p2a: Scientology|Focus Sash
|-damage|p2a: Scientology|1\/341
|move|p2a: Scientology|Stealth Rock|p1a: Garchomp
|-sidestart|p1: ZephyrBurst|move: Stealth Rock
|
|-weather|Sandstorm|[upkeep]
|turn|3
|
|move|p1a: Garchomp|Stone Edge|p2a: Scientology
|-damage|p2a: Scientology|0 fnt
|faint|p2a: Scientology
|
|-weather|Sandstorm|[upkeep]
|
|switch|p2a: GOTTAGOFAST|Manectric, F|285\/285
|turn|4
|
|switch|p1a: Jirachi|Jirachi|404\/404
|-damage|p1a: Jirachi|379\/404|[from] Stealth Rock
|detailschange|p2a: GOTTAGOFAST|Manectric-Mega, F
|message|Manectric has Mega Evolved into Mega Manectric!
|-ability|p2a: GOTTAGOFAST|Intimidate|[of] p1a: Jirachi
|-unboost|p1a: Jirachi|atk|1
|move|p2a: GOTTAGOFAST|Hidden Power|p1a: Jirachi
|-resisted|p1a: Jirachi
|-damage|p1a: Jirachi|353\/404
|
|-weather|Sandstorm|[upkeep]
|-damage|p2a: GOTTAGOFAST|268\/285|[from] sandstorm
|-heal|p1a: Jirachi|378\/404|[from] item: Leftovers
|turn|5
|
|move|p2a: GOTTAGOFAST|Volt Switch|p1a: Jirachi
|-damage|p1a: Jirachi|288\/404
|
|switch|p2a: Gonorrhea|Excadrill, F|361\/361
|move|p1a: Jirachi|Wish|p1a: Jirachi
|
|-weather|none
|-heal|p1a: Jirachi|313\/404|[from] item: Leftovers
|turn|6
|
|switch|p2a: Polio|Dragonite, F|330\/330
|switch|p1a: Garchomp|Garchomp-Mega, M|256\/357
|-damage|p1a: Garchomp|234\/357|[from] Stealth Rock
|
|-heal|p1a: Garchomp|357\/357|[from] move: Wish|[wisher] Jirachi
|turn|7
|
|move|p1a: Garchomp|Stone Edge|p2a: Polio
|-supereffective|p2a: Polio
|-damage|p2a: Polio|188\/330
|move|p2a: Polio|Outrage|p1a: Garchomp
|-supereffective|p1a: Garchomp
|-damage|p1a: Garchomp|0 fnt
|faint|p1a: Garchomp
|
|
|switch|p1a: Jirachi|Jirachi|313\/404
|-damage|p1a: Jirachi|288\/404|[from] Stealth Rock
|turn|8
|
|move|p2a: Polio|Outrage|p1a: Jirachi
|-resisted|p1a: Jirachi
|-damage|p1a: Jirachi|119\/404
|move|p1a: Jirachi|Thunder Wave|p2a: Polio
|-status|p2a: Polio|par
|
|-end|p2a: Polio|rampage
|-start|p2a: Polio|confusion
|-heal|p1a: Jirachi|144\/404|[from] item: Leftovers
|turn|9
|
|switch|p2a: Gonorrhea|Excadrill, F|361\/361
|move|p1a: Jirachi|Wish|p1a: Jirachi
|
|-heal|p1a: Jirachi|169\/404|[from] item: Leftovers
|turn|10
|
|switch|p1a: Hippowdon|Hippowdon, F|420\/420
|-damage|p1a: Hippowdon|394\/420|[from] Stealth Rock
|-weather|Sandstorm
|move|p2a: Gonorrhea|Rock Slide|p1a: Hippowdon
|-resisted|p1a: Hippowdon
|-damage|p1a: Hippowdon|354\/420
|-damage|p2a: Gonorrhea|325\/361|[from] item: Life Orb
|
|-weather|Sandstorm|[upkeep]
|-heal|p1a: Hippowdon|420\/420|[from] move: Wish|[wisher] Jirachi
|turn|11
|
|move|p2a: Gonorrhea|Earthquake|p1a: Hippowdon
|-damage|p1a: Hippowdon|252\/420
|-damage|p2a: Gonorrhea|289\/361|[from] item: Life Orb
|move|p1a: Hippowdon|Stealth Rock|p2a: Gonorrhea
|-sidestart|p2: Time2GetBopped|move: Stealth Rock
|
|-weather|Sandstorm|[upkeep]
|-heal|p1a: Hippowdon|278\/420|[from] item: Leftovers
|turn|12
|
|switch|p2a: Diabetes|Greninja, M|285\/285
|-damage|p2a: Diabetes|250\/285|[from] Stealth Rock
|move|p1a: Hippowdon|Slack Off|p1a: Hippowdon
|-heal|p1a: Hippowdon|420\/420
|
|-weather|Sandstorm|[upkeep]
|-damage|p2a: Diabetes|233\/285|[from] sandstorm
|turn|13
|
|switch|p1a: Rotom-Wash|Rotom-Wash|303\/303
|-damage|p1a: Rotom-Wash|266\/303|[from] Stealth Rock
|move|p2a: Diabetes|Hydro Pump|p1a: Rotom-Wash
|-start|p2a: Diabetes|typechange|Water|[from] Protean
|-resisted|p1a: Rotom-Wash
|-damage|p1a: Rotom-Wash|171\/303
|-damage|p2a: Diabetes|205\/285|[from] item: Life Orb
|
|-weather|Sandstorm|[upkeep]
|-damage|p2a: Diabetes|188\/285|[from] sandstorm
|-damage|p1a: Rotom-Wash|153\/303|[from] sandstorm
|-heal|p1a: Rotom-Wash|171\/303|[from] item: Leftovers
|turn|14
|
|move|p2a: Diabetes|Hidden Power|p1a: Rotom-Wash
|-start|p2a: Diabetes|typechange|Grass|[from] Protean
|-supereffective|p1a: Rotom-Wash
|-damage|p1a: Rotom-Wash|0 fnt
|-damage|p2a: Diabetes|160\/285|[from] item: Life Orb
|faint|p1a: Rotom-Wash
|
|-weather|none
|
|switch|p1a: Talonflame|Talonflame, F|297\/297
|-damage|p1a: Talonflame|149\/297|[from] Stealth Rock
|turn|15
|
|switch|p2a: Polio|Dragonite, F|188\/330 par
|-damage|p2a: Polio|106\/330 par|[from] Stealth Rock
|move|p1a: Talonflame|Brave Bird|p2a: Polio
|-damage|p2a: Polio|0 fnt
|-damage|p1a: Talonflame|114\/297|[from] recoil|[of] p2a: Polio
|faint|p2a: Polio
|
|
|switch|p2a: GOTTAGOFAST|Manectric-Mega, F|268\/285
|-damage|p2a: GOTTAGOFAST|233\/285|[from] Stealth Rock
|-ability|p2a: GOTTAGOFAST|Intimidate|[of] p1a: Talonflame
|-unboost|p1a: Talonflame|atk|1
|turn|16
|
|switch|p1a: Hippowdon|Hippowdon, F|420\/420
|-damage|p1a: Hippowdon|394\/420|[from] Stealth Rock
|-weather|Sandstorm
|move|p2a: GOTTAGOFAST|Volt Switch|p1a: Hippowdon
|-immune|p1a: Hippowdon|[msg]
|
|-weather|Sandstorm|[upkeep]
|-damage|p2a: GOTTAGOFAST|216\/285|[from] sandstorm
|-heal|p1a: Hippowdon|420\/420|[from] item: Leftovers
|turn|17
|
|switch|p2a: Gonorrhea|Excadrill, F|289\/361
|-damage|p2a: Gonorrhea|278\/361|[from] Stealth Rock
|move|p1a: Hippowdon|Earthquake|p2a: Gonorrhea
|-supereffective|p2a: Gonorrhea
|-damage|p2a: Gonorrhea|0 fnt
|faint|p2a: Gonorrhea
|
|-weather|Sandstorm|[upkeep]
|
|switch|p2a: Diabetes|Greninja, M|160\/285
|-damage|p2a: Diabetes|125\/285|[from] Stealth Rock
|turn|18
|
|switch|p1a: Jirachi|Jirachi|169\/404
|-damage|p1a: Jirachi|144\/404|[from] Stealth Rock
|move|p2a: Diabetes|Hidden Power|p1a: Jirachi
|-start|p2a: Diabetes|typechange|Grass|[from] Protean
|-crit|p1a: Jirachi
|-resisted|p1a: Jirachi
|-damage|p1a: Jirachi|75\/404
|-damage|p2a: Diabetes|97\/285|[from] item: Life Orb
|
|-weather|Sandstorm|[upkeep]
|-damage|p2a: Diabetes|80\/285|[from] sandstorm
|-heal|p1a: Jirachi|100\/404|[from] item: Leftovers
|turn|19
|
|move|p2a: Diabetes|Hydro Pump|p1a: Jirachi|[miss]
|-start|p2a: Diabetes|typechange|Water|[from] Protean
|-miss|p2a: Diabetes|p1a: Jirachi
|move|p1a: Jirachi|Thunder Wave|p2a: Diabetes
|-status|p2a: Diabetes|par
|
|-weather|Sandstorm|[upkeep]
|-damage|p2a: Diabetes|63\/285 par|[from] sandstorm
|-heal|p1a: Jirachi|125\/404|[from] item: Leftovers
|turn|20
|
|move|p1a: Jirachi|Iron Head|p2a: Diabetes
|-resisted|p2a: Diabetes
|-damage|p2a: Diabetes|0 fnt
|faint|p2a: Diabetes
|
|-weather|none
|-heal|p1a: Jirachi|150\/404|[from] item: Leftovers
|c|âTime2GetBopped|fucking hell
|c|âTime2GetBopped|fuck u
|
|switch|p2a: GOTTAGOFAST|Manectric-Mega, F|216\/285
|-damage|p2a: GOTTAGOFAST|181\/285|[from] Stealth Rock
|-ability|p2a: GOTTAGOFAST|Intimidate|[of] p1a: Jirachi
|-unboost|p1a: Jirachi|atk|1
|turn|21
|
|switch|p1a: Hippowdon|Hippowdon, F|420\/420
|-damage|p1a: Hippowdon|394\/420|[from] Stealth Rock
|-weather|Sandstorm
|move|p2a: GOTTAGOFAST|Flamethrower|p1a: Hippowdon
|-damage|p1a: Hippowdon|247\/420
|
|-weather|Sandstorm|[upkeep]
|-damage|p2a: GOTTAGOFAST|164\/285|[from] sandstorm
|-heal|p1a: Hippowdon|273\/420|[from] item: Leftovers
|turn|22
|
|switch|p1a: Talonflame|Talonflame, F|114\/297
|-damage|p1a: Talonflame|0 fnt|[from] Stealth Rock
|faint|p1a: Talonflame
|move|p2a: GOTTAGOFAST|Hidden Power|p1: Talonflame|[notarget]
|-notarget
|
|-weather|Sandstorm|[upkeep]
|-damage|p2a: GOTTAGOFAST|147\/285|[from] sandstorm
|
|switch|p1a: Excadrill|Excadrill, M|361\/361
|-damage|p1a: Excadrill|350\/361|[from] Stealth Rock
|turn|23
|
|move|p1a: Excadrill|Earthquake|p2a: GOTTAGOFAST
|-crit|p2a: GOTTAGOFAST
|-supereffective|p2a: GOTTAGOFAST
|-damage|p2a: GOTTAGOFAST|0 fnt
|-damage|p1a: Excadrill|314\/361|[from] item: Life Orb
|faint|p2a: GOTTAGOFAST
|
|-weather|Sandstorm|[upkeep]
|
|switch|p2a: Bird Flu|Talonflame, M|260\/297
|-damage|p2a: Bird Flu|112\/297|[from] Stealth Rock
|turn|24
|
|move|p2a: Bird Flu|Brave Bird|p1a: Excadrill
|-resisted|p1a: Excadrill
|-damage|p1a: Excadrill|129\/361
|-damage|p2a: Bird Flu|51\/297|[from] recoil|[of] p1a: Excadrill
|move|p1a: Excadrill|Rock Slide|p2a: Bird Flu
|-supereffective|p2a: Bird Flu
|-damage|p2a: Bird Flu|0 fnt
|-damage|p1a: Excadrill|93\/361|[from] item: Life Orb
|faint|p2a: Bird Flu
|
|win|ZephyrBurst
|raw|Ladder updating...
|raw|ZephyrBurst's rating: 1614 &rarr; <strong>1630<\/strong><br \/>(+16 for winning)
|raw|Time2GetBopped's rating: 1550 &rarr; <strong>1534<\/strong><br \/>(-16 for losing)
|c|âTime2GetBopped|man u sure are a cunt
|c|âTime2GetBopped|relying on luck to win
|c|âTime2GetBopped|gj
|leave|Time2GetBopped
|player|p2