|join|Time2GetBopped
|join|Myogui
|player|p1|Time2GetBopped|138
|player|p2|Myogui|160
|gametype|singles
|gen|6
|tier|OU
|rated
|clearpoke
|poke|p1|Tyranitar, M
|poke|p1|Excadrill, F
|poke|p1|Pinsir, F
|poke|p1|Talonflame, M
|poke|p1|Dragonite, M
|poke|p1|Greninja, M
|poke|p2|Manectric, F
|poke|p2|Breloom, F
|poke|p2|Talonflame, F
|poke|p2|Excadrill, F
|poke|p2|Landorus, M
|poke|p2|Keldeo
|rule|Swagger Clause: Swagger is banned
|rule|Baton Pass Clause: Limit one PokÃ©mon knowing Baton Pass
|rule|Sleep Clause Mod: Limit one foe put to sleep
|rule|Species Clause: Limit one of each PokÃ©mon
|rule|OHKO Clause: OHKO moves are banned
|rule|Moody Clause: Moody is banned
|rule|Evasion Moves Clause: Evasion moves are banned
|rule|Endless Battle Clause: Forcing endless battles is banned
|rule|HP Percentage Mod: HP is shown in percentages
|teampreview
|
|start
|switch|p1a: Bird Flu|Talonflame, M|297\/297
|switch|p2a: Breloom|Breloom, F|262\/262
|turn|1
|
|move|p1a: Bird Flu|U-turn|p2a: Breloom
|-damage|p2a: Breloom|131\/262
|
|switch|p1a: Polio|Dragonite, M|330\/330
|move|p2a: Breloom|Rock Tomb|p1a: Polio
|-supereffective|p1a: Polio
|-damage|p1a: Polio|215\/330
|-unboost|p1a: Polio|spe|1
|
|turn|2
|
|move|p1a: Polio|Extreme Speed|p2a: Breloom
|-damage|p2a: Breloom|0 fnt
|faint|p2a: Breloom
|
|join|The_Merphy
|
|switch|p2a: Manectric|Manectric, F|281\/281
|turn|3
|
|switch|p1a: AIDS|Tyranitar, M|341\/341
|-weather|Sandstorm
|detailschange|p2a: Manectric|Manectric-Mega, F
|message|Manectric has Mega Evolved into Mega Manectric!
|-ability|p2a: Manectric|Intimidate|[of] p1a: AIDS
|-unboost|p1a: AIDS|atk|1
|move|p2a: Manectric|Hidden Power|p1a: AIDS
|-crit|p1a: AIDS
|-damage|p1a: AIDS|264\/341
|
|-weather|Sandstorm|[upkeep]
|-damage|p2a: Manectric|264\/281|[from] sandstorm
|turn|4
|
|move|p2a: Manectric|Volt Switch|p1a: AIDS
|-damage|p1a: AIDS|180\/341
|
|switch|p2a: Keldeo|Keldeo|323\/323
|move|p1a: AIDS|Stealth Rock|p2a: Keldeo
|-sidestart|p2: Myogui|move: Stealth Rock
|
|-weather|Sandstorm|[upkeep]
|-damage|p2a: Keldeo|303\/323|[from] sandstorm
|turn|5
|join|dracollooooss
|
|switch|p1a: Polio|Dragonite, M|215\/330
|move|p2a: Keldeo|Scald|p1a: Polio
|-resisted|p1a: Polio
|-damage|p1a: Polio|142\/330
|
|-weather|Sandstorm|[upkeep]
|-damage|p2a: Keldeo|283\/323|[from] sandstorm
|-damage|p1a: Polio|122\/330|[from] sandstorm
|turn|6
|
|move|p2a: Keldeo|Icy Wind|p1a: Polio
|-supereffective|p1a: Polio
|-damage|p1a: Polio|0 fnt
|faint|p1a: Polio
|
|-weather|Sandstorm|[upkeep]
|-damage|p2a: Keldeo|263\/323|[from] sandstorm
|
|switch|p1a: Gonorrhea|Excadrill, F|361\/361
|turn|7
|
|move|p1a: Gonorrhea|Earthquake|p2a: Keldeo
|-damage|p2a: Keldeo|0 fnt
|-damage|p1a: Gonorrhea|325\/361|[from] item: Life Orb
|faint|p2a: Keldeo
|
|-weather|none
|join|fev'
|
|switch|p2a: Excadrill|Excadrill, F|364\/364
|-damage|p2a: Excadrill|353\/364|[from] Stealth Rock
|-ability|p2a: Excadrill|Mold Breaker
|turn|8
|
|switch|p1a: AIDS|Tyranitar, M|180\/341
|-weather|Sandstorm
|move|p2a: Excadrill|Rock Slide|p1a: AIDS
|-damage|p1a: AIDS|83\/341
|
|-weather|Sandstorm|[upkeep]
|turn|9
|
|move|p2a: Excadrill|Rock Slide|p1a: AIDS
|-crit|p1a: AIDS
|-damage|p1a: AIDS|0 fnt
|faint|p1a: AIDS
|
|-weather|Sandstorm|[upkeep]
|
|switch|p1a: Gonorrhea|Excadrill, F|325\/361
|turn|10
|
|switch|p2a: Landorus|Landorus, M|320\/320
|-damage|p2a: Landorus|280\/320|[from] Stealth Rock
|move|p1a: Gonorrhea|Iron Head|p2a: Landorus
|-damage|p2a: Landorus|30\/320
|-damage|p1a: Gonorrhea|289\/361|[from] item: Life Orb
|
|-weather|Sandstorm|[upkeep]
|turn|11
|join|Chocco
|
|switch|p2a: Manectric|Manectric-Mega, F|264\/281
|-damage|p2a: Manectric|229\/281|[from] Stealth Rock
|-ability|p2a: Manectric|Intimidate|[of] p1a: Gonorrhea
|-unboost|p1a: Gonorrhea|atk|1
|move|p1a: Gonorrhea|Iron Head|p2a: Manectric
|-resisted|p2a: Manectric
|-damage|p2a: Manectric|138\/281
|-damage|p1a: Gonorrhea|253\/361|[from] item: Life Orb
|
|-weather|Sandstorm|[upkeep]
|-damage|p2a: Manectric|121\/281|[from] sandstorm
|turn|12
|
|move|p1a: Gonorrhea|Earthquake|p2a: Manectric
|-supereffective|p2a: Manectric
|-damage|p2a: Manectric|0 fnt
|-damage|p1a: Gonorrhea|217\/361|[from] item: Life Orb
|faint|p2a: Manectric
|
|-weather|none
|
|switch|p2a: Landorus|Landorus, M|30\/320
|-damage|p2a: Landorus|0 fnt|[from] Stealth Rock
|faint|p2a: Landorus
|
|switch|p2a: Excadrill|Excadrill, F|353\/364
|-damage|p2a: Excadrill|342\/364|[from] Stealth Rock
|-ability|p2a: Excadrill|Mold Breaker
|turn|13
|leave|The_Merphy
|
|move|p2a: Excadrill|Rock Slide|p1a: Gonorrhea
|-resisted|p1a: Gonorrhea
|-damage|p1a: Gonorrhea|184\/361
|move|p1a: Gonorrhea|Earthquake|p2a: Excadrill
|-supereffective|p2a: Excadrill
|-damage|p2a: Excadrill|0 fnt
|-damage|p1a: Gonorrhea|148\/361|[from] item: Life Orb
|faint|p2a: Excadrill
|
|-message|Myogui forfeited.
|
|win|Time2GetBopped
|raw|Ladder updating...
|raw|Time2GetBopped's rating: 1626 &rarr; <strong>1637<\/strong><br \/>(+11 for winning)
|raw|Myogui's rating: 1463 &rarr; <strong>1452<\/strong><br \/>(-11 for losing)
|leave|Myogui
|player|p2
|leave|Time2GetBopped
|player|p1
|leave|fev'