|join|Time2GetBopped
|join|zeroLP
|player|p1|Time2GetBopped|138
|player|p2|zeroLP|66
|gametype|singles
|gen|6
|tier|OU
|rated
|clearpoke
|poke|p1|Tyranitar, F
|poke|p1|Excadrill, F
|poke|p1|Manectric, F
|poke|p1|Talonflame, F
|poke|p1|Dragonite, F
|poke|p1|Greninja, F
|poke|p2|Mamoswine, F
|poke|p2|Latios, M
|poke|p2|Gardevoir, F
|poke|p2|Entei, shiny
|poke|p2|Hawlucha, F
|poke|p2|Greninja, F
|rule|Swagger Clause: Swagger is banned
|rule|Baton Pass Clause: Limit one PokÃ©mon knowing Baton Pass
|rule|Sleep Clause Mod: Limit one foe put to sleep
|rule|Species Clause: Limit one of each PokÃ©mon
|rule|OHKO Clause: OHKO moves are banned
|rule|Moody Clause: Moody is banned
|rule|Evasion Moves Clause: Evasion moves are banned
|rule|Endless Battle Clause: Forcing endless battles is banned
|rule|HP Percentage Mod: HP is shown in percentages
|teampreview
|
|start
|switch|p1a: Bird Flu|Talonflame, F|297\/297
|switch|p2a: mammoth|Mamoswine, F|361\/361
|turn|1
|
|move|p1a: Bird Flu|U-turn|p2a: mammoth
|-damage|p2a: mammoth|238\/361
|
|switch|p1a: Diabetes|Greninja, F|285\/285
|move|p2a: mammoth|Endeavor|p1a: Diabetes
|-damage|p1a: Diabetes|238\/285
|
|turn|2
|
|move|p1a: Diabetes|Hydro Pump|p2a: mammoth|[miss]
|-start|p1a: Diabetes|typechange|Water|[from] Protean
|-miss|p1a: Diabetes|p2a: mammoth
|move|p2a: mammoth|Stealth Rock|p1a: Diabetes
|-sidestart|p1: Time2GetBopped|move: Stealth Rock
|
|turn|3
|
|move|p2a: mammoth|Ice Shard|p1a: Diabetes
|-resisted|p1a: Diabetes
|-damage|p1a: Diabetes|188\/285
|move|p1a: Diabetes|Hydro Pump|p2a: mammoth
|-supereffective|p2a: mammoth
|-damage|p2a: mammoth|0 fnt
|-damage|p1a: Diabetes|160\/285|[from] item: Life Orb
|faint|p2a: mammoth
|
|
|switch|p2a: dog|Entei, shiny|371\/371
|-ability|p2a: dog|Pressure
|turn|4
|
|switch|p1a: Scientology|Tyranitar, F|341\/341
|-damage|p1a: Scientology|299\/341|[from] Stealth Rock
|-weather|Sandstorm
|move|p2a: dog|Extreme Speed|p1a: Scientology
|-resisted|p1a: Scientology
|-damage|p1a: Scientology|231\/341
|
|-weather|Sandstorm|[upkeep]
|-damage|p2a: dog|348\/371|[from] sandstorm
|turn|5
|
|switch|p2a: bird|Hawlucha, F|308\/308
|move|p1a: Scientology|Stealth Rock|p2a: bird
|-sidestart|p2: zeroLP|move: Stealth Rock
|
|-weather|Sandstorm|[upkeep]
|-damage|p2a: bird|289\/308|[from] sandstorm
|turn|6
|
|move|p2a: bird|High Jump Kick|p1a: Scientology
|-supereffective|p1a: Scientology
|-damage|p1a: Scientology|0 fnt
|faint|p1a: Scientology
|
|-weather|Sandstorm|[upkeep]
|-damage|p2a: bird|270\/308|[from] sandstorm
|
|switch|p1a: Gonorrhea|Excadrill, F|361\/361
|-damage|p1a: Gonorrhea|350\/361|[from] Stealth Rock
|turn|7
|
|move|p1a: Gonorrhea|Iron Head|p2a: bird
|-damage|p2a: bird|15\/308
|-damage|p1a: Gonorrhea|314\/361|[from] item: Life Orb
|-enditem|p2a: bird|Sitrus Berry|[eat]
|-heal|p2a: bird|92\/308|[from] item: Sitrus Berry
|move|p2a: bird|High Jump Kick|p1a: Gonorrhea
|-supereffective|p1a: Gonorrhea
|-damage|p1a: Gonorrhea|0 fnt
|faint|p1a: Gonorrhea
|
|-weather|Sandstorm|[upkeep]
|-damage|p2a: bird|73\/308|[from] sandstorm
|
|switch|p1a: Bird Flu|Talonflame, F|297\/297
|-damage|p1a: Bird Flu|149\/297|[from] Stealth Rock
|turn|8
|
|move|p1a: Bird Flu|Brave Bird|p2a: bird
|-supereffective|p2a: bird
|-damage|p2a: bird|0 fnt
|-damage|p1a: Bird Flu|125\/297|[from] recoil|[of] p2a: bird
|faint|p2a: bird
|
|-weather|none
|
|switch|p2a: dog|Entei, shiny|348\/371
|-damage|p2a: dog|256\/371|[from] Stealth Rock
|-ability|p2a: dog|Pressure
|turn|9
|
|move|p2a: dog|Extreme Speed|p1a: Bird Flu
|-damage|p1a: Bird Flu|0 fnt
|faint|p1a: Bird Flu
|
|
|switch|p1a: GOTTAGOFAST|Manectric, F|285\/285
|-damage|p1a: GOTTAGOFAST|250\/285|[from] Stealth Rock
|turn|10
|
|switch|p2a: slut|Gardevoir, F|285\/285
|-damage|p2a: slut|250\/285|[from] Stealth Rock
|-ability|p2a: slut|Lightningrod|[from] ability: Trace|[of] p1a: GOTTAGOFAST
|detailschange|p1a: GOTTAGOFAST|Manectric-Mega, F
|message|Manectric has Mega Evolved into Mega Manectric!
|-ability|p1a: GOTTAGOFAST|Intimidate|[of] p2a: slut
|-unboost|p2a: slut|atk|1
|move|p1a: GOTTAGOFAST|Thunderbolt|p2a: slut
|-boost|p2a: slut|spa|1|[from] ability: Lightningrod
|
|turn|11
|
|detailschange|p2a: slut|Gardevoir-Mega, F
|message|Gardevoir has Mega Evolved into Mega Gardevoir!
|move|p1a: GOTTAGOFAST|Flamethrower|p2a: slut
|-damage|p2a: slut|159\/285
|-status|p2a: slut|brn
|move|p2a: slut|Hyper Voice|p1a: GOTTAGOFAST
|-crit|p1a: GOTTAGOFAST
|-damage|p1a: GOTTAGOFAST|0 fnt
|faint|p1a: GOTTAGOFAST
|
|-damage|p2a: slut|124\/285 brn|[from] brn
|
|switch|p1a: Polio|Dragonite, F|330\/330
|-damage|p1a: Polio|248\/330|[from] Stealth Rock
|turn|12
|
|move|p1a: Polio|Extreme Speed|p2a: slut
|-crit|p2a: slut
|-damage|p2a: slut|0 fnt
|faint|p2a: slut
|
|
|switch|p2a: frog|Greninja, F|285\/285
|-damage|p2a: frog|250\/285|[from] Stealth Rock
|turn|13
|
|move|p1a: Polio|Extreme Speed|p2a: frog
|-damage|p2a: frog|43\/285
|move|p2a: frog|Ice Beam|p1a: Polio
|-start|p2a: frog|typechange|Ice|[from] Protean
|-supereffective|p1a: Polio
|-damage|p1a: Polio|0 fnt
|-damage|p2a: frog|15\/285|[from] item: Life Orb
|faint|p1a: Polio
|
|
|switch|p1a: Diabetes|Greninja, F|160\/285
|-damage|p1a: Diabetes|125\/285|[from] Stealth Rock
|turn|14
|
|move|p1a: Diabetes|Ice Beam|p2a: frog
|-start|p1a: Diabetes|typechange|Ice|[from] Protean
|-resisted|p2a: frog
|-damage|p2a: frog|0 fnt
|-damage|p1a: Diabetes|97\/285|[from] item: Life Orb
|faint|p2a: frog
|
|
|switch|p2a: dragon|Latios, M|301\/301
|-damage|p2a: dragon|264\/301|[from] Stealth Rock
|turn|15
|
|move|p1a: Diabetes|Ice Beam|p2a: dragon
|-supereffective|p2a: dragon
|-damage|p2a: dragon|0 fnt
|-damage|p1a: Diabetes|69\/285|[from] item: Life Orb
|faint|p2a: dragon
|
|
|switch|p2a: dog|Entei, shiny|256\/371
|-damage|p2a: dog|164\/371|[from] Stealth Rock
|-ability|p2a: dog|Pressure
|turn|16
|
|move|p2a: dog|Extreme Speed|p1a: Diabetes
|-damage|p1a: Diabetes|0 fnt
|faint|p1a: Diabetes
|
|win|zeroLP
|raw|Ladder updating...
|c|âzeroLP|gg
|raw|Time2GetBopped's rating: 1747 &rarr; <strong>1719<\/strong><br \/>(-28 for losing)
|raw|zeroLP's rating: 1592 &rarr; <strong>1620<\/strong><br \/>(+28 for winning)
|c|âTime2GetBopped|gg