|join|noobslayerlol
|join|Time2GetBopped
|player|p1|noobslayerlol|245
|player|p2|Time2GetBopped|138
|gametype|singles
|gen|6
|tier|OU
|rated
|clearpoke
|poke|p1|Raikou, shiny
|poke|p1|Chansey, F
|poke|p1|Breloom, M
|poke|p1|Skarmory, F
|poke|p1|Medicham, M
|poke|p1|Azumarill, M, shiny
|poke|p2|Tyranitar, M
|poke|p2|Excadrill, F
|poke|p2|Pinsir, F
|poke|p2|Talonflame, F
|poke|p2|Dragonite, M
|poke|p2|Greninja, F
|rule|Swagger Clause: Swagger is banned
|rule|Baton Pass Clause: Limit one PokÃ©mon knowing Baton Pass
|rule|Sleep Clause Mod: Limit one foe put to sleep
|rule|Species Clause: Limit one of each PokÃ©mon
|rule|OHKO Clause: OHKO moves are banned
|rule|Moody Clause: Moody is banned
|rule|Evasion Moves Clause: Evasion moves are banned
|rule|Endless Battle Clause: Forcing endless battles is banned
|rule|HP Percentage Mod: HP is shown in percentages
|teampreview
|
|start
|switch|p1a: Raikou|Raikou, shiny|322\/322
|switch|p2a: Bird Flu|Talonflame, F|297\/297
|-ability|p1a: Raikou|Pressure
|turn|1
|
|switch|p2a: Scientology|Tyranitar, M|341\/341
|-weather|Sandstorm
|move|p1a: Raikou|Volt Switch|p2a: Scientology
|-damage|p2a: Scientology|262\/341
|
|switch|p1a: Medicham|Medicham, M|261\/261
|
|-weather|Sandstorm|[upkeep]
|-damage|p1a: Medicham|245\/261|[from] sandstorm
|turn|2
|
|switch|p2a: Bird Flu|Talonflame, F|297\/297
|detailschange|p1a: Medicham|Medicham-Mega, M
|message|Medicham has Mega Evolved into Mega Medicham!
|move|p1a: Medicham|Drain Punch|p2a: Bird Flu
|-resisted|p2a: Bird Flu
|-damage|p2a: Bird Flu|136\/297
|-heal|p1a: Medicham|261\/261|[from] drain|[of] p2a: Bird Flu
|
|-weather|Sandstorm|[upkeep]
|-damage|p2a: Bird Flu|118\/297|[from] sandstorm
|-damage|p1a: Medicham|245\/261|[from] sandstorm
|turn|3
|
|switch|p1a: Skarmory|Skarmory, F|334\/334
|move|p2a: Bird Flu|U-turn|p1a: Skarmory
|-resisted|p1a: Skarmory
|-damage|p1a: Skarmory|321\/334
|-damage|p2a: Bird Flu|69\/297|[from] item: Rocky Helmet|[of] p1a: Skarmory
|
|switch|p2a: Scientology|Tyranitar, M|262\/341
|
|-weather|Sandstorm|[upkeep]
|turn|4
|
|move|p2a: Scientology|Fire Blast|p1a: Skarmory|[miss]
|-miss|p2a: Scientology|p1a: Skarmory
|move|p1a: Skarmory|Stealth Rock|p2a: Scientology
|-sidestart|p2: Time2GetBopped|move: Stealth Rock
|
|-weather|Sandstorm|[upkeep]
|turn|5
|c|âTime2GetBopped|R U FUCKING SERIOUS
|
|switch|p2a: Diabetes|Greninja, F|285\/285
|-damage|p2a: Diabetes|250\/285|[from] Stealth Rock
|switch|p1a: Chansey|Chansey, F|704\/704
|
|-weather|none
|turn|6
|c|ânoobslayerlol|dude
|c|ânoobslayerlol|it wouldn't have killed
|c|ânoobslayerlol|calm yout tits
|c|âTime2GetBopped|it wouldve
|c|âTime2GetBopped|it does
|c|âTime2GetBopped|always
|c|ânoobslayerlol|it really wouldnt
|c|âTime2GetBopped|yes
|c|ânoobslayerlol|unless your specs it wouldnt
|c|âTime2GetBopped|it always kills
|
|switch|p2a: Scientology|Tyranitar, M|262\/341
|-damage|p2a: Scientology|220\/341|[from] Stealth Rock
|-weather|Sandstorm
|move|p1a: Chansey|Thunder Wave|p2a: Scientology
|-status|p2a: Scientology|par
|
|-weather|Sandstorm|[upkeep]
|-damage|p1a: Chansey|660\/704|[from] sandstorm
|turn|7
|
|switch|p1a: Skarmory|Skarmory, F|321\/334
|move|p2a: Scientology|Stealth Rock|p1a: Skarmory
|-sidestart|p1: noobslayerlol|move: Stealth Rock
|
|-weather|Sandstorm|[upkeep]
|turn|8
|c|ânoobslayerlol|ok lets see
|
|move|p1a: Skarmory|Spikes|p2a: Scientology
|-sidestart|p2: Time2GetBopped|Spikes
|move|p2a: Scientology|Fire Blast|p1a: Skarmory
|-supereffective|p1a: Skarmory
|-damage|p1a: Skarmory|19\/334
|-status|p1a: Skarmory|brn
|
|-weather|Sandstorm|[upkeep]
|-damage|p1a: Skarmory|0 fnt|[from] brn
|faint|p1a: Skarmory
|c|ânoobslayerlol|there we go
|c|âTime2GetBopped|LEL
|c|âTime2GetBopped|HAX
|c|âTime2GetBopped|TY
|
|switch|p1a: Medicham|Medicham-Mega, M|245\/261
|-damage|p1a: Medicham|229\/261|[from] Stealth Rock
|turn|9
|c|ânoobslayerlol|I proved you wrong everyone wins
|
|switch|p2a: Polio|Dragonite, M|330\/330
|-damage|p2a: Polio|248\/330|[from] Stealth Rock
|move|p1a: Medicham|Substitute|p1a: Medicham
|-start|p1a: Medicham|Substitute
|-damage|p1a: Medicham|164\/261
|
|-weather|Sandstorm|[upkeep]
|-damage|p1a: Medicham|148\/261|[from] sandstorm
|-damage|p2a: Polio|228\/330|[from] sandstorm
|turn|10
|
|move|p2a: Polio|Extreme Speed|p1a: Medicham
|-end|p1a: Medicham|Substitute
|move|p1a: Medicham|Ice Punch|p2a: Polio
|-crit|p2a: Polio
|-supereffective|p2a: Polio
|-damage|p2a: Polio|0 fnt
|faint|p2a: Polio
|
|-weather|none
|
|switch|p2a: Scientology|Tyranitar, M|220\/341 par
|-damage|p2a: Scientology|178\/341 par|[from] Spikes
|-damage|p2a: Scientology|136\/341 par|[from] Stealth Rock
|-weather|Sandstorm
|turn|11
|
|move|p1a: Medicham|Drain Punch|p2a: Scientology
|-supereffective|p2a: Scientology
|-damage|p2a: Scientology|0 fnt
|-heal|p1a: Medicham|216\/261|[from] drain|[of] p2a: Scientology
|faint|p2a: Scientology
|
|-weather|Sandstorm|[upkeep]
|-damage|p1a: Medicham|200\/261|[from] sandstorm
|
|switch|p2a: Gonorrhea|Excadrill, F|361\/361
|-damage|p2a: Gonorrhea|350\/361|[from] Stealth Rock
|-damage|p2a: Gonorrhea|305\/361|[from] Spikes
|turn|12
|
|move|p2a: Gonorrhea|Earthquake|p1a: Medicham
|-damage|p1a: Medicham|0 fnt
|-damage|p2a: Gonorrhea|269\/361|[from] item: Life Orb
|faint|p1a: Medicham
|
|-weather|Sandstorm|[upkeep]
|
|switch|p1a: Breloom|Breloom, M|262\/262
|-damage|p1a: Breloom|246\/262|[from] Stealth Rock
|turn|13
|
|switch|p2a: Diabetes|Greninja, F|250\/285
|-damage|p2a: Diabetes|215\/285|[from] Stealth Rock
|-damage|p2a: Diabetes|180\/285|[from] Spikes
|move|p1a: Breloom|Mach Punch|p2a: Diabetes
|-supereffective|p2a: Diabetes
|-damage|p2a: Diabetes|0 fnt
|-damage|p1a: Breloom|220\/262|[from] item: Life Orb
|faint|p2a: Diabetes
|
|-weather|Sandstorm|[upkeep]
|-damage|p1a: Breloom|204\/262|[from] sandstorm
|
|switch|p2a: Ass Cancer|Pinsir, F|287\/287
|-damage|p2a: Ass Cancer|216\/287|[from] Stealth Rock
|-damage|p2a: Ass Cancer|181\/287|[from] Spikes
|turn|14
|
|switch|p1a: Raikou|Raikou, shiny|322\/322
|-damage|p1a: Raikou|282\/322|[from] Stealth Rock
|-ability|p1a: Raikou|Pressure
|detailschange|p2a: Ass Cancer|Pinsir-Mega, F
|message|Pinsir has Mega Evolved into Mega Pinsir!
|move|p2a: Ass Cancer|Quick Attack|p1a: Raikou
|-resisted|p1a: Raikou
|-damage|p1a: Raikou|219\/322
|
|-weather|Sandstorm|[upkeep]
|-damage|p1a: Raikou|199\/322|[from] sandstorm
|-damage|p2a: Ass Cancer|164\/287|[from] sandstorm
|-heal|p1a: Raikou|219\/322|[from] item: Leftovers
|turn|15
|c|âTime2GetBopped|fucking hell
|c|âTime2GetBopped|cancel doesnt work
|c|ânoobslayerlol|you didn't know that
|c|âTime2GetBopped|ik
|
|switch|p2a: Gonorrhea|Excadrill, F|269\/361
|-damage|p2a: Gonorrhea|224\/361|[from] Spikes
|-damage|p2a: Gonorrhea|213\/361|[from] Stealth Rock
|move|p1a: Raikou|Hidden Power|p2a: Gonorrhea
|-damage|p2a: Gonorrhea|127\/361
|
|-weather|none
|-heal|p1a: Raikou|239\/322|[from] item: Leftovers
|turn|16
|c|âTime2GetBopped|but
|
|move|p1a: Raikou|Hidden Power|p2a: Gonorrhea
|-damage|p2a: Gonorrhea|37\/361
|move|p2a: Gonorrhea|Rapid Spin|p1a: Raikou
|-damage|p1a: Raikou|195\/322
|-sideend|p2: Time2GetBopped|Spikes|[from] move: Rapid Spin|[of] p2a: Gonorrhea
|-sideend|p2: Time2GetBopped|Stealth Rock|[from] move: Rapid Spin|[of] p2a: Gonorrhea
|-damage|p2a: Gonorrhea|1\/361|[from] item: Life Orb
|
|-heal|p1a: Raikou|215\/322|[from] item: Leftovers
|turn|17
|
|move|p1a: Raikou|Hidden Power|p2a: Gonorrhea
|-damage|p2a: Gonorrhea|0 fnt
|faint|p2a: Gonorrhea
|
|-heal|p1a: Raikou|235\/322|[from] item: Leftovers
|c|ânoobslayerlol|but what mate but what
|
|switch|p2a: Ass Cancer|Pinsir-Mega, F|164\/287
|turn|18
|c|âTime2GetBopped|wait shit
|c|âTime2GetBopped|misclick
|c|âTime2GetBopped|gg
|c|ânoobslayerlol|idc
|
|move|p1a: Raikou|Thunderbolt|p2a: Ass Cancer
|-supereffective|p2a: Ass Cancer
|-damage|p2a: Ass Cancer|0 fnt
|faint|p2a: Ass Cancer
|
|-heal|p1a: Raikou|255\/322|[from] item: Leftovers
|
|switch|p2a: Bird Flu|Talonflame, F|69\/297
|turn|19
|
|move|p1a: Raikou|Thunderbolt|p2a: Bird Flu
|-supereffective|p2a: Bird Flu
|-damage|p2a: Bird Flu|0 fnt
|faint|p2a: Bird Flu
|
|win|noobslayerlol
|raw|Ladder updating...
|raw|noobslayerlol's rating: 1785 &rarr; <strong>1800<\/strong><br \/>(+15 for winning)
|raw|Time2GetBopped's rating: 1689 &rarr; <strong>1674<\/strong><br \/>(-15 for losing)