|join|Pokebron James
|join|Time2GetBopped
|player|p1|Pokebron James|214
|player|p2|Time2GetBopped|138
|gametype|singles
|gen|6
|tier|OU
|rated
|clearpoke
|poke|p1|Manectric, F
|poke|p1|Landorus-Therian, M
|poke|p1|Rotom-Wash
|poke|p1|Scizor, M
|poke|p1|Azelf
|poke|p1|Mew
|poke|p2|Tyranitar, M
|poke|p2|Excadrill, F
|poke|p2|Pinsir, M
|poke|p2|Talonflame, F
|poke|p2|Dragonite, M
|poke|p2|Greninja, M
|rule|Swagger Clause: Swagger is banned
|rule|Baton Pass Clause: Limit one PokÃ©mon knowing Baton Pass
|rule|Sleep Clause Mod: Limit one foe put to sleep
|rule|Species Clause: Limit one of each PokÃ©mon
|rule|OHKO Clause: OHKO moves are banned
|rule|Moody Clause: Moody is banned
|rule|Evasion Moves Clause: Evasion moves are banned
|rule|Endless Battle Clause: Forcing endless battles is banned
|rule|HP Percentage Mod: HP is shown in percentages
|teampreview
|join|jajacakes
|
|start
|switch|p1a: Azelf|Azelf|292\/292
|switch|p2a: Bird Flu|Talonflame, F|297\/297
|turn|1
|
|move|p2a: Bird Flu|Brave Bird|p1a: Azelf
|-enditem|p1a: Azelf|Focus Sash
|-damage|p1a: Azelf|1\/292
|-damage|p2a: Bird Flu|201\/297|[from] recoil|[of] p1a: Azelf
|move|p1a: Azelf|Stealth Rock|p2a: Bird Flu
|-sidestart|p2: Time2GetBopped|move: Stealth Rock
|
|turn|2
|
|switch|p1a: Rotom-Wash|Rotom-Wash|304\/304
|switch|p2a: Scientology|Tyranitar, M|341\/341
|-damage|p2a: Scientology|299\/341|[from] Stealth Rock
|-weather|Sandstorm
|
|-weather|Sandstorm|[upkeep]
|-damage|p1a: Rotom-Wash|285\/304|[from] sandstorm
|-heal|p1a: Rotom-Wash|304\/304|[from] item: Leftovers
|turn|3
|
|move|p2a: Scientology|Stealth Rock|p1a: Rotom-Wash
|-sidestart|p1: Pokebron James|move: Stealth Rock
|move|p1a: Rotom-Wash|Will-O-Wisp|p2a: Scientology|[miss]
|-miss|p1a: Rotom-Wash|p2a: Scientology
|
|-weather|Sandstorm|[upkeep]
|-damage|p1a: Rotom-Wash|285\/304|[from] sandstorm
|-heal|p1a: Rotom-Wash|304\/304|[from] item: Leftovers
|turn|4
|
|move|p2a: Scientology|Crunch|p1a: Rotom-Wash
|-damage|p1a: Rotom-Wash|175\/304
|move|p1a: Rotom-Wash|Will-O-Wisp|p2a: Scientology
|-status|p2a: Scientology|brn
|
|-weather|Sandstorm|[upkeep]
|-damage|p1a: Rotom-Wash|156\/304|[from] sandstorm
|-heal|p1a: Rotom-Wash|175\/304|[from] item: Leftovers
|-damage|p2a: Scientology|257\/341 brn|[from] brn
|turn|5
|
|move|p2a: Scientology|Crunch|p1a: Rotom-Wash
|-damage|p1a: Rotom-Wash|108\/304
|move|p1a: Rotom-Wash|Pain Split|p2a: Scientology
|-sethp|p2a: Scientology|182\/341 brn|p1a: Rotom-Wash|182\/304|[from] move: Pain Split
|
|-weather|Sandstorm|[upkeep]
|-damage|p1a: Rotom-Wash|163\/304|[from] sandstorm
|-heal|p1a: Rotom-Wash|182\/304|[from] item: Leftovers
|-damage|p2a: Scientology|140\/341 brn|[from] brn
|turn|6
|
|move|p2a: Scientology|Crunch|p1a: Rotom-Wash
|-damage|p1a: Rotom-Wash|122\/304
|move|p1a: Rotom-Wash|Hydro Pump|p2a: Scientology
|-supereffective|p2a: Scientology
|-damage|p2a: Scientology|0 fnt
|faint|p2a: Scientology
|
|-weather|none
|-heal|p1a: Rotom-Wash|141\/304|[from] item: Leftovers
|
|switch|p2a: Diabetes|Greninja, M|285\/285
|-damage|p2a: Diabetes|250\/285|[from] Stealth Rock
|turn|7
|
|move|p2a: Diabetes|Hidden Power|p1a: Rotom-Wash
|-start|p2a: Diabetes|typechange|Grass|[from] Protean
|-supereffective|p1a: Rotom-Wash
|-damage|p1a: Rotom-Wash|0 fnt
|-damage|p2a: Diabetes|222\/285|[from] item: Life Orb
|faint|p1a: Rotom-Wash
|
|
|switch|p1a: Landorus-Therian|Landorus-Therian, M|320\/320
|-damage|p1a: Landorus-Therian|280\/320|[from] Stealth Rock
|-ability|p1a: Landorus-Therian|Intimidate|[of] p2a: Diabetes
|-unboost|p2a: Diabetes|atk|1
|turn|8
|
|switch|p2a: Gonorrhea|Excadrill, F|361\/361
|-damage|p2a: Gonorrhea|350\/361|[from] Stealth Rock
|move|p1a: Landorus-Therian|U-turn|p2a: Gonorrhea
|-resisted|p2a: Gonorrhea
|-damage|p2a: Gonorrhea|273\/361
|
|switch|p1a: Manectric|Manectric, F|281\/281
|-damage|p1a: Manectric|246\/281|[from] Stealth Rock
|
|turn|9
|
|switch|p2a: Polio|Dragonite, M|330\/330
|-damage|p2a: Polio|248\/330|[from] Stealth Rock
|detailschange|p1a: Manectric|Manectric-Mega, F
|message|Manectric has Mega Evolved into Mega Manectric!
|-ability|p1a: Manectric|Intimidate|[of] p2a: Polio
|-unboost|p2a: Polio|atk|1
|move|p1a: Manectric|Flamethrower|p2a: Polio
|-resisted|p2a: Polio
|-damage|p2a: Polio|190\/330
|
|turn|10
|
|move|p2a: Polio|Extreme Speed|p1a: Manectric
|-damage|p1a: Manectric|129\/281
|move|p1a: Manectric|Hidden Power|p2a: Polio
|-supereffective|p2a: Polio
|-damage|p2a: Polio|0 fnt
|faint|p2a: Polio
|
|
|switch|p2a: Bird Flu|Talonflame, F|201\/297
|-damage|p2a: Bird Flu|53\/297|[from] Stealth Rock
|turn|11
|
|switch|p1a: Mew|Mew|404\/404
|-damage|p1a: Mew|354\/404|[from] Stealth Rock
|move|p2a: Bird Flu|Brave Bird|p1a: Mew
|-damage|p1a: Mew|92\/404
|-damage|p2a: Bird Flu|0 fnt|[from] recoil|[of] p1a: Mew
|faint|p2a: Bird Flu
|
|-heal|p1a: Mew|117\/404|[from] item: Leftovers
|
|switch|p2a: Gonorrhea|Excadrill, F|273\/361
|-damage|p2a: Gonorrhea|262\/361|[from] Stealth Rock
|turn|12
|
|move|p2a: Gonorrhea|Rapid Spin|p1a: Mew
|-damage|p1a: Mew|85\/404
|-sideend|p2: Time2GetBopped|Stealth Rock|[from] move: Rapid Spin|[of] p2a: Gonorrhea
|-damage|p2a: Gonorrhea|226\/361|[from] item: Life Orb
|move|p1a: Mew|Defog|p2a: Gonorrhea
|-unboost|p2a: Gonorrhea|evasion|1
|-sideend|p1: Pokebron James|Stealth Rock|[from] move: Defog|[of] p1a: Mew
|
|-heal|p1a: Mew|110\/404|[from] item: Leftovers
|turn|13
|
|move|p2a: Gonorrhea|Iron Head|p1a: Mew
|-damage|p1a: Mew|0 fnt
|-damage|p2a: Gonorrhea|190\/361|[from] item: Life Orb
|faint|p1a: Mew
|
|
|switch|p1a: Manectric|Manectric-Mega, F|129\/281
|-ability|p1a: Manectric|Intimidate|[of] p2a: Gonorrhea
|-unboost|p2a: Gonorrhea|atk|1
|turn|14
|
|switch|p2a: Diabetes|Greninja, M|222\/285
|move|p1a: Manectric|Flamethrower|p2a: Diabetes
|-resisted|p2a: Diabetes
|-damage|p2a: Diabetes|144\/285
|
|turn|15
|
|switch|p2a: Gonorrhea|Excadrill, F|190\/361
|move|p1a: Manectric|Volt Switch|p2a: Gonorrhea
|-immune|p2a: Gonorrhea|[msg]
|
|turn|16
|
|move|p1a: Manectric|Flamethrower|p2a: Gonorrhea
|-supereffective|p2a: Gonorrhea
|-damage|p2a: Gonorrhea|0 fnt
|faint|p2a: Gonorrhea
|
|
|switch|p2a: Ass Cancer|Pinsir, M|287\/287
|turn|17
|
|switch|p1a: Landorus-Therian|Landorus-Therian, M|280\/320
|-ability|p1a: Landorus-Therian|Intimidate|[of] p2a: Ass Cancer
|-unboost|p2a: Ass Cancer|atk|1
|detailschange|p2a: Ass Cancer|Pinsir-Mega, M
|message|Pinsir has Mega Evolved into Mega Pinsir!
|move|p2a: Ass Cancer|Earthquake|p1a: Landorus-Therian
|-immune|p1a: Landorus-Therian|[msg]
|
|turn|18
|
|switch|p2a: Diabetes|Greninja, M|144\/285
|move|p1a: Landorus-Therian|Stone Edge|p2a: Diabetes|[miss]
|-miss|p1a: Landorus-Therian|p2a: Diabetes
|
|turn|19
|
|switch|p1a: Azelf|Azelf|1\/292
|move|p2a: Diabetes|Ice Beam|p1a: Azelf
|-start|p2a: Diabetes|typechange|Ice|[from] Protean
|-damage|p1a: Azelf|0 fnt
|-damage|p2a: Diabetes|116\/285|[from] item: Life Orb
|faint|p1a: Azelf
|
|
|switch|p1a: Manectric|Manectric-Mega, F|129\/281
|-ability|p1a: Manectric|Intimidate|[of] p2a: Diabetes
|-unboost|p2a: Diabetes|atk|1
|turn|20
|
|move|p1a: Manectric|Volt Switch|p2a: Diabetes
|-damage|p2a: Diabetes|0 fnt
|faint|p2a: Diabetes
|
|switch|p1a: Scizor|Scizor, M|344\/344
|
|
|switch|p2a: Ass Cancer|Pinsir-Mega, M|287\/287
|turn|21
|
|move|p1a: Scizor|Bullet Punch|p2a: Ass Cancer
|-damage|p2a: Ass Cancer|128\/287
|move|p2a: Ass Cancer|Swords Dance|p2a: Ass Cancer
|-boost|p2a: Ass Cancer|atk|2
|
|turn|22
|
|move|p2a: Ass Cancer|Quick Attack|p1a: Scizor
|-damage|p1a: Scizor|155\/344
|move|p1a: Scizor|Bullet Punch|p2a: Ass Cancer
|-damage|p2a: Ass Cancer|0 fnt
|faint|p2a: Ass Cancer
|
|win|Pokebron James
|raw|Ladder updating...
|raw|Pokebron James's rating: 1570 &rarr; <strong>1590<\/strong><br \/>(+20 for winning)
|raw|Time2GetBopped's rating: 1565 &rarr; <strong>1545<\/strong><br \/>(-20 for losing)
|c|âTime2GetBopped|fuck u
|c|âTime2GetBopped|running a complete counterteam
|c|âPokebron James|y u mad fag
|c|âPokebron James|get rekt
|c| jajacakes|REKKTTTT
|c|âTime2GetBopped|fucking poopyhead shut your bitchass up
|c|âPokebron James|REKT
|leave|Time2GetBopped
|player|p2
|leave|jajacakes
|leave|Pokebron James
|player|p1
|join|Pokebron James