|join|Time2GetBopped
|join|Ox the Fox
|player|p1|Time2GetBopped|138
|player|p2|Ox the Fox|201
|gametype|singles
|gen|6
|tier|OU
|rated
|clearpoke
|poke|p1|Tyranitar, M
|poke|p1|Excadrill, F
|poke|p1|Pinsir, F
|poke|p1|Talonflame, F
|poke|p1|Dragonite, M
|poke|p1|Greninja, M
|poke|p2|Gardevoir, M
|poke|p2|Keldeo
|poke|p2|Jirachi
|poke|p2|Landorus-Therian, M
|poke|p2|Ferrothorn, F
|poke|p2|Latias, F
|rule|Swagger Clause: Swagger is banned
|rule|Baton Pass Clause: Limit one PokÃ©mon knowing Baton Pass
|rule|Sleep Clause Mod: Limit one foe put to sleep
|rule|Species Clause: Limit one of each PokÃ©mon
|rule|OHKO Clause: OHKO moves are banned
|rule|Moody Clause: Moody is banned
|rule|Evasion Moves Clause: Evasion moves are banned
|rule|Endless Battle Clause: Forcing endless battles is banned
|rule|HP Percentage Mod: HP is shown in percentages
|teampreview
|
|start
|switch|p1a: Bird Flu|Talonflame, F|297\/297
|switch|p2a: Ferrothorn|Ferrothorn, F|352\/352
|turn|1
|
|move|p2a: Ferrothorn|Protect|p2a: Ferrothorn
|-singleturn|p2a: Ferrothorn|Protect
|move|p1a: Bird Flu|U-turn|p2a: Ferrothorn
|-activate|p2a: Ferrothorn|Protect
|
|turn|2
|
|switch|p1a: Scientology|Tyranitar, M|341\/341
|-weather|Sandstorm
|move|p2a: Ferrothorn|Stealth Rock|p1a: Scientology
|-sidestart|p1: Time2GetBopped|move: Stealth Rock
|
|-weather|Sandstorm|[upkeep]
|turn|3
|
|move|p1a: Scientology|Stealth Rock|p2a: Ferrothorn
|-sidestart|p2: Ox the Fox|move: Stealth Rock
|move|p2a: Ferrothorn|Gyro Ball|p1a: Scientology
|-supereffective|p1a: Scientology
|-damage|p1a: Scientology|9\/341
|
|-weather|Sandstorm|[upkeep]
|turn|4
|
|move|p1a: Scientology|Fire Blast|p2a: Ferrothorn
|-supereffective|p2a: Ferrothorn
|-damage|p2a: Ferrothorn|40\/352
|move|p2a: Ferrothorn|Gyro Ball|p1a: Scientology
|-supereffective|p1a: Scientology
|-damage|p1a: Scientology|0 fnt
|faint|p1a: Scientology
|
|-weather|Sandstorm|[upkeep]
|-heal|p2a: Ferrothorn|62\/352|[from] item: Leftovers
|
|switch|p1a: Gonorrhea|Excadrill, F|361\/361
|-damage|p1a: Gonorrhea|350\/361|[from] Stealth Rock
|turn|5
|
|move|p2a: Ferrothorn|Protect|p2a: Ferrothorn
|-singleturn|p2a: Ferrothorn|Protect
|move|p1a: Gonorrhea|Earthquake|p2a: Ferrothorn
|-activate|p2a: Ferrothorn|Protect
|
|-weather|Sandstorm|[upkeep]
|-heal|p2a: Ferrothorn|84\/352|[from] item: Leftovers
|turn|6
|
|move|p1a: Gonorrhea|Iron Head|p2a: Ferrothorn
|-resisted|p2a: Ferrothorn
|-damage|p2a: Ferrothorn|15\/352
|-damage|p1a: Gonorrhea|305\/361|[from] ability: Iron Barbs|[of] p2a: Ferrothorn
|-damage|p1a: Gonorrhea|269\/361|[from] item: Life Orb
|move|p2a: Ferrothorn|Stealth Rock|p1a: Gonorrhea
|-fail|p1a: Gonorrhea
|
|-weather|none
|-heal|p2a: Ferrothorn|37\/352|[from] item: Leftovers
|turn|7
|
|move|p2a: Ferrothorn|Protect|p2a: Ferrothorn
|-singleturn|p2a: Ferrothorn|Protect
|move|p1a: Gonorrhea|Rapid Spin|p2a: Ferrothorn
|-activate|p2a: Ferrothorn|Protect
|
|-heal|p2a: Ferrothorn|59\/352|[from] item: Leftovers
|turn|8
|
|move|p1a: Gonorrhea|Earthquake|p2a: Ferrothorn
|-damage|p2a: Ferrothorn|0 fnt
|-damage|p1a: Gonorrhea|233\/361|[from] item: Life Orb
|faint|p2a: Ferrothorn
|
|
|switch|p2a: Keldeo|Keldeo|323\/323
|-damage|p2a: Keldeo|303\/323|[from] Stealth Rock
|turn|9
|
|switch|p1a: Polio|Dragonite, M|323\/323
|-damage|p1a: Polio|243\/323|[from] Stealth Rock
|move|p2a: Keldeo|Scald|p1a: Polio
|-resisted|p1a: Polio
|-damage|p1a: Polio|141\/323
|
|turn|10
|
|switch|p2a: Jirachi|Jirachi|404\/404
|-damage|p2a: Jirachi|379\/404|[from] Stealth Rock
|move|p1a: Polio|Earthquake|p2a: Jirachi
|-supereffective|p2a: Jirachi
|-damage|p2a: Jirachi|0 fnt
|faint|p2a: Jirachi
|
|
|switch|p2a: Landorus-Therian|Landorus-Therian, M|327\/327
|-damage|p2a: Landorus-Therian|287\/327|[from] Stealth Rock
|-ability|p2a: Landorus-Therian|Intimidate|[of] p1a: Polio
|-unboost|p1a: Polio|atk|1
|turn|11
|
|switch|p1a: Gonorrhea|Excadrill, F|233\/361
|-damage|p1a: Gonorrhea|222\/361|[from] Stealth Rock
|move|p2a: Landorus-Therian|U-turn|p1a: Gonorrhea
|-crit|p1a: Gonorrhea
|-resisted|p1a: Gonorrhea
|-damage|p1a: Gonorrhea|121\/361
|
|switch|p2a: Keldeo|Keldeo|303\/323
|-damage|p2a: Keldeo|283\/323|[from] Stealth Rock
|
|turn|12
|
|switch|p1a: Diabetes|Greninja, M|285\/285
|-damage|p1a: Diabetes|250\/285|[from] Stealth Rock
|move|p2a: Keldeo|Scald|p1a: Diabetes
|-crit|p1a: Diabetes
|-resisted|p1a: Diabetes
|-damage|p1a: Diabetes|57\/285
|
|turn|13
|
|move|p1a: Diabetes|Hidden Power|p2a: Keldeo
|-start|p1a: Diabetes|typechange|Grass|[from] Protean
|-supereffective|p2a: Keldeo
|-damage|p2a: Keldeo|39\/323
|-damage|p1a: Diabetes|29\/285|[from] item: Life Orb
|move|p2a: Keldeo|Scald|p1a: Diabetes
|-resisted|p1a: Diabetes
|-damage|p1a: Diabetes|0 fnt
|faint|p1a: Diabetes
|
|
|switch|p1a: Polio|Dragonite, M|141\/323
|-damage|p1a: Polio|61\/323|[from] Stealth Rock
|turn|14
|
|move|p1a: Polio|Extreme Speed|p2a: Keldeo
|-damage|p2a: Keldeo|0 fnt
|faint|p2a: Keldeo
|
|
|switch|p2a: Latias|Latias, F|319\/319
|-damage|p2a: Latias|280\/319|[from] Stealth Rock
|turn|15
|
|move|p1a: Polio|Extreme Speed|p2a: Latias
|-damage|p2a: Latias|91\/319
|move|p2a: Latias|Psyshock|p1a: Polio
|-damage|p1a: Polio|0 fnt
|-damage|p2a: Latias|60\/319|[from] item: Life Orb
|faint|p1a: Polio
|
|
|switch|p1a: Bird Flu|Talonflame, F|297\/297
|-damage|p1a: Bird Flu|149\/297|[from] Stealth Rock
|turn|16
|
|move|p1a: Bird Flu|Brave Bird|p2a: Latias
|-damage|p2a: Latias|0 fnt
|-damage|p1a: Bird Flu|129\/297|[from] recoil|[of] p2a: Latias
|faint|p2a: Latias
|
|
|switch|p2a: Landorus-Therian|Landorus-Therian, M|287\/327
|-damage|p2a: Landorus-Therian|247\/327|[from] Stealth Rock
|-ability|p2a: Landorus-Therian|Intimidate|[of] p1a: Bird Flu
|-unboost|p1a: Bird Flu|atk|1
|turn|17
|
|move|p1a: Bird Flu|Brave Bird|p2a: Landorus-Therian
|-damage|p2a: Landorus-Therian|76\/327
|-damage|p1a: Bird Flu|73\/297|[from] recoil|[of] p2a: Landorus-Therian
|move|p2a: Landorus-Therian|Stone Edge|p1a: Bird Flu
|-supereffective|p1a: Bird Flu
|-damage|p1a: Bird Flu|0 fnt
|faint|p1a: Bird Flu
|
|
|switch|p1a: Gonorrhea|Excadrill, F|121\/361
|-damage|p1a: Gonorrhea|110\/361|[from] Stealth Rock
|turn|18
|
|move|p2a: Landorus-Therian|Stone Edge|p1a: Gonorrhea|[miss]
|-miss|p2a: Landorus-Therian|p1a: Gonorrhea
|move|p1a: Gonorrhea|Iron Head|p2a: Landorus-Therian
|-damage|p2a: Landorus-Therian|0 fnt
|-damage|p1a: Gonorrhea|74\/361|[from] item: Life Orb
|faint|p2a: Landorus-Therian
|
|
|switch|p2a: Gardevoir|Gardevoir, M|277\/277
|-damage|p2a: Gardevoir|243\/277|[from] Stealth Rock
|-ability|p2a: Gardevoir|Sand Rush|[from] ability: Trace|[of] p1a: Gonorrhea
|turn|19
|
|detailschange|p2a: Gardevoir|Gardevoir-Mega, M
|message|Gardevoir has Mega Evolved into Mega Gardevoir!
|move|p1a: Gonorrhea|Iron Head|p2a: Gardevoir
|-supereffective|p2a: Gardevoir
|-damage|p2a: Gardevoir|0 fnt
|-damage|p1a: Gonorrhea|38\/361|[from] item: Life Orb
|faint|p2a: Gardevoir
|
|win|Time2GetBopped
|raw|Ladder updating...