|join|Rich and Famous
|join|Time2GetBopped
|player|p1|Rich and Famous|18
|player|p2|Time2GetBopped|138
|gametype|singles
|gen|6
|tier|OU
|rated
|clearpoke
|poke|p1|Hippowdon, M
|poke|p1|Scizor, M
|poke|p1|Heatran, M
|poke|p1|Dragonite, F
|poke|p1|Chansey, F
|poke|p1|Tangrowth, F
|poke|p2|Tyranitar, F
|poke|p2|Excadrill, F
|poke|p2|Pinsir, M
|poke|p2|Talonflame, F
|poke|p2|Dragonite, F
|poke|p2|Greninja, M
|rule|Sleep Clause Mod: Limit one foe put to sleep
|rule|Species Clause: Limit one of each Pokemon
|rule|OHKO Clause: OHKO moves are banned
|rule|Moody Clause: Moody is banned
|rule|Evasion Moves Clause: Evasion moves are banned
|rule|Endless Battle Clause: Forcing endless battles is banned.
|rule|HP Percentage Mod: HP is reported as percentages
|teampreview
|chat|Time2GetBopped|glhf
|chat|Time2GetBopped|man u gots dat fat team
|
|start
|switch|p1a: Hippowdon|Hippowdon, M|420\/420
|switch|p2a: AIDS|Tyranitar, F|341\/341
|-weather|Sandstorm
|turn|1
|
|move|p2a: AIDS|Stealth Rock|p1a: Hippowdon
|-sidestart|p1: Rich and Famous|move: Stealth Rock
|move|p1a: Hippowdon|Earthquake|p2a: AIDS
|-supereffective|p2a: AIDS
|-enditem|p2a: AIDS|Focus Sash
|-damage|p2a: AIDS|1\/341
|
|-weather|Sandstorm|[upkeep]
|turn|2
|
|switch|p1a: Paul Pogba|Scizor, M|343\/343
|-damage|p1a: Paul Pogba|301\/343|[from] Stealth Rock
|move|p2a: AIDS|Ice Beam|p1a: Paul Pogba
|-resisted|p1a: Paul Pogba
|-damage|p1a: Paul Pogba|256\/343
|
|-weather|Sandstorm|[upkeep]
|turn|3
|
|detailschange|p1a: Paul Pogba|Scizor-Mega, M
|message|Scizor has Mega Evolved into Mega Scizor!
|move|p1a: Paul Pogba|Bullet Punch|p2a: AIDS
|-supereffective|p2a: AIDS
|-damage|p2a: AIDS|0 fnt
|faint|p2a: AIDS
|
|-weather|Sandstorm|[upkeep]
|
|switch|p2a: Gonorrhea|Excadrill, F|361\/361
|turn|4
|
|move|p2a: Gonorrhea|Earthquake|p1a: Paul Pogba
|-damage|p1a: Paul Pogba|71\/343
|-damage|p2a: Gonorrhea|325\/361|[from] item: Life Orb
|move|p1a: Paul Pogba|Knock Off|p2a: Gonorrhea
|-damage|p2a: Gonorrhea|163\/361
|-enditem|p2a: Gonorrhea|Life Orb|[from] move: Knock Off|[of] p1a: Paul Pogba
|
|-weather|Sandstorm|[upkeep]
|turn|5
|
|switch|p1a: Ty Lawson|Tangrowth, F|404\/404
|-damage|p1a: Ty Lawson|354\/404|[from] Stealth Rock
|move|p2a: Gonorrhea|Rock Slide|p1a: Ty Lawson
|-damage|p1a: Ty Lawson|293\/404
|
|-weather|none
|turn|6
|
|switch|p1a: Hippowdon|Hippowdon, M|420\/420
|-damage|p1a: Hippowdon|394\/420|[from] Stealth Rock
|move|p2a: Gonorrhea|Iron Head|p1a: Hippowdon
|-damage|p1a: Hippowdon|282\/420
|
|-heal|p1a: Hippowdon|308\/420|[from] item: Leftovers
|turn|7
|
|move|p2a: Gonorrhea|Earthquake|p1a: Hippowdon
|-damage|p1a: Hippowdon|164\/420
|move|p1a: Hippowdon|Rock Slide|p2a: Gonorrhea
|-resisted|p2a: Gonorrhea
|-damage|p2a: Gonorrhea|138\/361
|
|-heal|p1a: Hippowdon|190\/420|[from] item: Leftovers
|turn|8
|
|move|p2a: Gonorrhea|Earthquake|p1a: Hippowdon
|-damage|p1a: Hippowdon|52\/420
|move|p1a: Hippowdon|Slack Off|p1a: Hippowdon
|-heal|p1a: Hippowdon|262\/420
|
|-heal|p1a: Hippowdon|288\/420|[from] item: Leftovers
|turn|9
|
|move|p2a: Gonorrhea|Earthquake|p1a: Hippowdon
|-crit|p1a: Hippowdon
|-damage|p1a: Hippowdon|77\/420
|move|p1a: Hippowdon|Slack Off|p1a: Hippowdon
|-heal|p1a: Hippowdon|287\/420
|
|-heal|p1a: Hippowdon|313\/420|[from] item: Leftovers
|turn|10
|
|move|p2a: Gonorrhea|Earthquake|p1a: Hippowdon
|-damage|p1a: Hippowdon|166\/420
|move|p1a: Hippowdon|Slack Off|p1a: Hippowdon
|-heal|p1a: Hippowdon|376\/420
|
|-heal|p1a: Hippowdon|402\/420|[from] item: Leftovers
|turn|11
|chat|Time2GetBopped|Can u stop
|
|switch|p2a: Bird Flu|Talonflame, F|297\/297
|switch|p1a: Ty Lawson|Tangrowth, F|404\/404
|-damage|p1a: Ty Lawson|354\/404|[from] Stealth Rock
|
|turn|12
|
|switch|p1a: Paul Pogba|Scizor-Mega, M|71\/343
|-damage|p1a: Paul Pogba|29\/343|[from] Stealth Rock
|move|p2a: Bird Flu|Brave Bird|p1a: Paul Pogba
|-damage|p1a: Paul Pogba|0 fnt
|-damage|p2a: Bird Flu|287\/297|[from] recoil|[of] p1a: Paul Pogba
|faint|p1a: Paul Pogba
|
|
|switch|p1a: Heatran|Heatran, M|386\/386
|-damage|p1a: Heatran|338\/386|[from] Stealth Rock
|turn|13
|
|move|p2a: Bird Flu|Brave Bird|p1a: Heatran
|-resisted|p1a: Heatran
|-damage|p1a: Heatran|218\/386
|-damage|p2a: Bird Flu|247\/297|[from] recoil|[of] p1a: Heatran
|move|p1a: Heatran|Magma Storm|p2a: Bird Flu
|-resisted|p2a: Bird Flu
|-damage|p2a: Bird Flu|151\/297
|-activate|p2a: Bird Flu|move: Magma Storm|[of] p1a: Heatran
|
|-heal|p1a: Heatran|242\/386|[from] item: Leftovers
|-damage|p2a: Bird Flu|114\/297|[from] move: Magma Storm|[partiallytrapped]
|turn|14
|
|move|p1a: Heatran|Protect|p1a: Heatran
|-singleturn|p1a: Heatran|Protect
|move|p2a: Bird Flu|Brave Bird|p1a: Heatran
|-activate|p1a: Heatran|Protect
|
|-heal|p1a: Heatran|266\/386|[from] item: Leftovers
|-damage|p2a: Bird Flu|77\/297|[from] move: Magma Storm|[partiallytrapped]
|turn|15
|chat|Time2GetBopped|really
|
|move|p2a: Bird Flu|Brave Bird|p1a: Heatran
|-resisted|p1a: Heatran
|-damage|p1a: Heatran|144\/386
|-damage|p2a: Bird Flu|37\/297|[from] recoil|[of] p1a: Heatran
|move|p1a: Heatran|Ancient Power|p2a: Bird Flu
|-crit|p2a: Bird Flu
|-supereffective|p2a: Bird Flu
|-damage|p2a: Bird Flu|0 fnt
|faint|p2a: Bird Flu
|
|-heal|p1a: Heatran|168\/386|[from] item: Leftovers
|
|switch|p2a: Polio|Dragonite, F|330\/330
|turn|16
|
|move|p2a: Polio|Outrage|p1a: Heatran
|-resisted|p1a: Heatran
|-damage|p1a: Heatran|3\/386
|move|p1a: Heatran|Ancient Power|p2a: Polio
|-supereffective|p2a: Polio
|-damage|p2a: Polio|271\/330
|
|-heal|p1a: Heatran|27\/386|[from] item: Leftovers
|turn|17
|chat|Time2GetBopped|wow
|chat|Time2GetBopped|WOW
|chat|Time2GetBopped|WOWOWOWOWWOW
|
|move|p2a: Polio|Outrage|p1a: Heatran
|-resisted|p1a: Heatran
|-damage|p1a: Heatran|0 fnt
|faint|p1a: Heatran
|
|-end|p2a: Polio|rampage
|-start|p2a: Polio|confusion
|
|switch|p1a: Ty Lawson|Tangrowth, F|404\/404
|-damage|p1a: Ty Lawson|354\/404|[from] Stealth Rock
|turn|18
|
|switch|p2a: Gonorrhea|Excadrill, F|138\/361
|move|p1a: Ty Lawson|Hidden Power|p2a: Gonorrhea
|-damage|p2a: Gonorrhea|62\/361
|
|turn|19
|
|switch|p1a: Hippowdon|Hippowdon, M|402\/420
|-damage|p1a: Hippowdon|376\/420|[from] Stealth Rock
|move|p2a: Gonorrhea|Iron Head|p1a: Hippowdon
|-damage|p1a: Hippowdon|262\/420
|
|-heal|p1a: Hippowdon|288\/420|[from] item: Leftovers
|turn|20
|
|switch|p2a: Diabetes|Greninja, M|285\/285
|move|p1a: Hippowdon|Slack Off|p1a: Hippowdon
|-heal|p1a: Hippowdon|420\/420
|
|turn|21
|
|switch|p1a: Chansey|Chansey, F|703\/703
|-damage|p1a: Chansey|616\/703|[from] Stealth Rock
|-start|p2a: Diabetes|typechange|Water|[from] Protean
|move|p2a: Diabetes|Hydro Pump|p1a: Chansey|[miss]
|-miss|p2a: Diabetes|p1a: Chansey
|
|turn|22
|
|switch|p2a: Polio|Dragonite, F|271\/330
|move|p1a: Chansey|Stealth Rock|p2a: Polio
|-sidestart|p2: Time2GetBopped|move: Stealth Rock
|
|turn|23
|
|switch|p1a: Ty Lawson|Tangrowth, F|404\/404
|-damage|p1a: Ty Lawson|354\/404|[from] Stealth Rock
|move|p2a: Polio|Outrage|p1a: Ty Lawson
|-damage|p1a: Ty Lawson|116\/404
|
|turn|24
|chat|Time2GetBopped|Lol
|chat|Time2GetBopped|Not handling it well at all
|chat|Time2GetBopped|:]
|chat|Rich and Famous|yea i thought he was good
|chat|Time2GetBopped|Dem outrages
|chat|Rich and Famous|piece of shit lol
|chat|Time2GetBopped|Hes decent
|chat|Time2GetBopped|Meh
|chat|Time2GetBopped|Just for the regenerator
|
|move|p2a: Polio|Outrage|p1a: Ty Lawson
|-damage|p1a: Ty Lawson|0 fnt
|faint|p1a: Ty Lawson
|
|-end|p2a: Polio|rampage
|-start|p2a: Polio|confusion
|
|switch|p1a: Hippowdon|Hippowdon, M|420\/420
|-damage|p1a: Hippowdon|394\/420|[from] Stealth Rock
|turn|25
|
|switch|p2a: Diabetes|Greninja, M|285\/285
|-damage|p2a: Diabetes|250\/285|[from] Stealth Rock
|move|p1a: Hippowdon|Rock Slide|p2a: Diabetes
|-damage|p2a: Diabetes|161\/285
|
|-heal|p1a: Hippowdon|420\/420|[from] item: Leftovers
|turn|26
|
|switch|p2a: Polio|Dragonite, F|271\/330
|-damage|p2a: Polio|189\/330|[from] Stealth Rock
|switch|p1a: Chansey|Chansey, F|616\/703
|-damage|p1a: Chansey|529\/703|[from] Stealth Rock
|
|turn|27
|
|move|p2a: Polio|Outrage|p1a: Chansey
|-damage|p1a: Chansey|18\/703
|move|p1a: Chansey|Seismic Toss|p2a: Polio
|-damage|p2a: Polio|89\/330
|
|turn|28
|
|move|p2a: Polio|Outrage|p1a: Chansey
|-damage|p1a: Chansey|0 fnt
|faint|p1a: Chansey
|
|chat|Time2GetBopped|Dayum
|
|switch|p1a: Esposito|Dragonite, F|337\/337
|-damage|p1a: Esposito|253\/337|[from] Stealth Rock
|turn|29
|chat|Time2GetBopped|Dat hp doe
|
|move|p1a: Esposito|Extreme Speed|p2a: Polio
|-damage|p2a: Polio|0 fnt
|faint|p2a: Polio
|
|
|switch|p2a: Gonorrhea|Excadrill, F|62\/361
|-damage|p2a: Gonorrhea|51\/361|[from] Stealth Rock
|turn|30
|
|move|p1a: Esposito|Extreme Speed|p2a: Gonorrhea
|-resisted|p2a: Gonorrhea
|-damage|p2a: Gonorrhea|0 fnt
|faint|p2a: Gonorrhea
|
|
|switch|p2a: Ass Cancer|Pinsir, M|289\/289
|-damage|p2a: Ass Cancer|217\/289|[from] Stealth Rock
|turn|31
|chat|Rich and Famous|its up 2 the hippo
|
|switch|p1a: Hippowdon|Hippowdon, M|420\/420
|-damage|p1a: Hippowdon|394\/420|[from] Stealth Rock
|detailschange|p2a: Ass Cancer|Pinsir-Mega, M
|message|Pinsir has Mega Evolved into Mega Pinsir!
|move|p2a: Ass Cancer|Return|p1a: Hippowdon
|-crit|p1a: Hippowdon
|-damage|p1a: Hippowdon|139\/420
|
|-heal|p1a: Hippowdon|165\/420|[from] item: Leftovers
|turn|32
|chat|Time2GetBopped|ah
|chat|Rich and Famous|lol
|chat|Rich and Famous|fuck
|
|move|p2a: Ass Cancer|Swords Dance|p2a: Ass Cancer
|-boost|p2a: Ass Cancer|atk|2
|move|p1a: Hippowdon|Rock Slide|p2a: Ass Cancer
|-supereffective|p2a: Ass Cancer
|-damage|p2a: Ass Cancer|0 fnt
|faint|p2a: Ass Cancer
|
|-heal|p1a: Hippowdon|191\/420|[from] item: Leftovers
|
|switch|p2a: Diabetes|Greninja, M|161\/285
|-damage|p2a: Diabetes|126\/285|[from] Stealth Rock
|turn|33
|
|-start|p2a: Diabetes|typechange|Ice|[from] Protean
|move|p2a: Diabetes|Ice Beam|p1a: Hippowdon
|-supereffective|p1a: Hippowdon
|-damage|p1a: Hippowdon|0 fnt
|-damage|p2a: Diabetes|98\/285|[from] item: Life Orb
|faint|p1a: Hippowdon
|
|chat|Time2GetBopped|shit gg
|
|switch|p1a: Esposito|Dragonite, F|253\/337
|-damage|p1a: Esposito|169\/337|[from] Stealth Rock
|turn|34
|chat|Rich and Famous|yea gg i know these are weird
|
|move|p1a: Esposito|Extreme Speed|p2a: Diabetes
|-damage|p2a: Diabetes|0 fnt
|faint|p2a: Diabetes
|
|win|Rich and Famous
|raw|Ladder updating...
|raw|Rich and Famous's rating: 1635 &rarr; <strong>1653<\/strong><br \/>(+18 for winning)
|raw|Time2GetBopped's rating: 1613 &rarr; <strong>1594<\/strong><br \/>(-19 for losing)
|chat|Time2GetBopped|I hate bulky teams