|join|Time2GetBopped
|join|CatLover23
|player|p1|Time2GetBopped|138
|player|p2|CatLover23|283
|gametype|singles
|gen|6
|tier|OU
|rated
|clearpoke
|poke|p1|Tyranitar, F
|poke|p1|Excadrill, M
|poke|p1|Manectric, F
|poke|p1|Talonflame, M
|poke|p1|Dragonite, M
|poke|p1|Greninja, F
|poke|p2|Gardevoir, F, shiny
|poke|p2|Crawdaunt, F
|poke|p2|Heatran, M
|poke|p2|Landorus-Therian, M
|poke|p2|Kyurem-Black
|poke|p2|Staraptor, F
|rule|Swagger Clause: Swagger is banned
|rule|Baton Pass Clause: Limit one PokÃ©mon knowing Baton Pass
|rule|Sleep Clause Mod: Limit one foe put to sleep
|rule|Species Clause: Limit one of each PokÃ©mon
|rule|OHKO Clause: OHKO moves are banned
|rule|Moody Clause: Moody is banned
|rule|Evasion Moves Clause: Evasion moves are banned
|rule|Endless Battle Clause: Forcing endless battles is banned
|rule|HP Percentage Mod: HP is shown in percentages
|teampreview
|
|start
|switch|p1a: Polio|Dragonite, M|323\/323
|switch|p2a: Hatoko|Kyurem-Black|391\/391
|-ability|p2a: Hatoko|Teravolt
|turn|1
|
|switch|p1a: Scientology|Tyranitar, F|341\/341
|-weather|Sandstorm
|move|p2a: Hatoko|Ice Beam|p1a: Scientology
|-damage|p1a: Scientology|199\/341
|-damage|p2a: Hatoko|352\/391|[from] item: Life Orb
|
|-weather|Sandstorm|[upkeep]
|-damage|p2a: Hatoko|328\/391|[from] sandstorm
|turn|2
|
|switch|p2a: Hajime|Landorus-Therian, M|381\/381
|-ability|p2a: Hajime|Intimidate|[of] p1a: Scientology
|-unboost|p1a: Scientology|atk|1
|move|p1a: Scientology|Stealth Rock|p2a: Hajime
|-sidestart|p2: CatLover23|move: Stealth Rock
|
|-weather|Sandstorm|[upkeep]
|turn|3
|
|move|p1a: Scientology|Ice Beam|p2a: Hajime
|-supereffective|p2a: Hajime
|-damage|p2a: Hajime|0 fnt
|faint|p2a: Hajime
|
|-weather|Sandstorm|[upkeep]
|c|âTime2GetBopped|surprise
|
|switch|p2a: Hatoko|Kyurem-Black|328\/391
|-damage|p2a: Hatoko|231\/391|[from] Stealth Rock
|-ability|p2a: Hatoko|Teravolt
|turn|4
|
|move|p2a: Hatoko|Earth Power|p1a: Scientology
|-supereffective|p1a: Scientology
|-damage|p1a: Scientology|1\/341
|-damage|p2a: Hatoko|192\/391|[from] item: Life Orb
|move|p1a: Scientology|Crunch|p2a: Hatoko
|-damage|p2a: Hatoko|98\/391
|
|-weather|Sandstorm|[upkeep]
|-damage|p2a: Hatoko|74\/391|[from] sandstorm
|turn|5
|
|switch|p1a: Polio|Dragonite, M|323\/323
|move|p2a: Hatoko|Roost|p2a: Hatoko
|-heal|p2a: Hatoko|270\/391
|
|-weather|none
|turn|6
|
|switch|p1a: Scientology|Tyranitar, F|1\/341
|-weather|Sandstorm
|move|p2a: Hatoko|Ice Beam|p1a: Scientology
|-damage|p1a: Scientology|0 fnt
|-damage|p2a: Hatoko|231\/391|[from] item: Life Orb
|faint|p1a: Scientology
|
|-weather|Sandstorm|[upkeep]
|-damage|p2a: Hatoko|207\/391|[from] sandstorm
|
|switch|p1a: Gonorrhea|Excadrill, M|361\/361
|turn|7
|
|switch|p2a: Andou|Heatran, M|326\/326
|-damage|p2a: Andou|286\/326|[from] Stealth Rock
|move|p1a: Gonorrhea|Earthquake|p2a: Andou
|-supereffective|p2a: Andou
|-damage|p2a: Andou|0 fnt
|-damage|p1a: Gonorrhea|325\/361|[from] item: Life Orb
|faint|p2a: Andou
|
|-weather|Sandstorm|[upkeep]
|
|switch|p2a: Chifuyu|Crawdaunt, F|267\/267
|-damage|p2a: Chifuyu|234\/267|[from] Stealth Rock
|turn|8
|
|move|p2a: Chifuyu|Aqua Jet|p1a: Gonorrhea
|-supereffective|p1a: Gonorrhea
|-damage|p1a: Gonorrhea|0 fnt
|-damage|p2a: Chifuyu|208\/267|[from] item: Life Orb
|faint|p1a: Gonorrhea
|
|-weather|Sandstorm|[upkeep]
|-damage|p2a: Chifuyu|192\/267|[from] sandstorm
|
|switch|p1a: Bird Flu|Talonflame, M|297\/297
|turn|9
|
|move|p1a: Bird Flu|Brave Bird|p2a: Chifuyu
|-damage|p2a: Chifuyu|0 fnt
|-damage|p1a: Bird Flu|234\/297|[from] recoil|[of] p2a: Chifuyu
|faint|p2a: Chifuyu
|
|-weather|Sandstorm|[upkeep]
|-damage|p1a: Bird Flu|216\/297|[from] sandstorm
|c|âTime2GetBopped|are you really the 23rd cat lover?
|c|âCatLover23|i just chose a number
|
|switch|p2a: Mirei|Gardevoir, F, shiny|277\/277
|-damage|p2a: Mirei|243\/277|[from] Stealth Rock
|-ability|p2a: Mirei|Gale Wings|[from] ability: Trace|[of] p1a: Bird Flu
|turn|10
|
|detailschange|p2a: Mirei|Gardevoir-Mega, F, shiny
|message|Gardevoir has Mega Evolved into Mega Gardevoir!
|move|p1a: Bird Flu|Brave Bird|p2a: Mirei
|-crit|p2a: Mirei
|-damage|p2a: Mirei|0 fnt
|-damage|p1a: Bird Flu|136\/297|[from] recoil|[of] p2a: Mirei
|faint|p2a: Mirei
|
|-weather|none
|c|âCatLover23|gg
|
|switch|p2a: Tomoyo|Staraptor, F|311\/311
|-damage|p2a: Tomoyo|234\/311|[from] Stealth Rock
|turn|11
|
|move|p1a: Bird Flu|Brave Bird|p2a: Tomoyo
|-damage|p2a: Tomoyo|0 fnt
|-damage|p1a: Bird Flu|59\/297|[from] recoil|[of] p2a: Tomoyo
|faint|p2a: Tomoyo
|
|c|âTime2GetBopped|gg
|
|switch|p2a: Hatoko|Kyurem-Black|207\/391
|-damage|p2a: Hatoko|110\/391|[from] Stealth Rock
|-ability|p2a: Hatoko|Teravolt
|turn|12
|
|move|p1a: Bird Flu|Brave Bird|p2a: Hatoko
|-damage|p2a: Hatoko|0 fnt
|-damage|p1a: Bird Flu|23\/297|[from] recoil|[of] p2a: Hatoko
|faint|p2a: Hatoko
|
|win|Time2GetBopped
|raw|Ladder updating...
|raw|Time2GetBopped's rating: 1554 &rarr; <strong>1572<\/strong><br \/>(+18 for winning)
|raw|CatLover23's rating: 1520 &rarr; <strong>1502<\/strong><br \/>(-18 for losing)
|leave|Time2GetBopped