|join|qc2chd
|join|Time2GetBopped
|player|p1|qc2chd|105
|player|p2|Time2GetBopped|138
|gametype|singles
|gen|6
|tier|OU
|rated
|clearpoke
|poke|p1|Tyranitar, F
|poke|p1|Heatran, F
|poke|p1|Keldeo
|poke|p1|Skarmory, F
|poke|p1|Scizor, M
|poke|p1|Venusaur, F
|poke|p2|Tyranitar, F
|poke|p2|Excadrill, M
|poke|p2|Manectric, F
|poke|p2|Talonflame, M
|poke|p2|Dragonite, F
|poke|p2|Greninja, F
|rule|Swagger Clause: Swagger is banned
|rule|Baton Pass Clause: Limit one PokÃ©mon knowing Baton Pass
|rule|Sleep Clause Mod: Limit one foe put to sleep
|rule|Species Clause: Limit one of each PokÃ©mon
|rule|OHKO Clause: OHKO moves are banned
|rule|Moody Clause: Moody is banned
|rule|Evasion Moves Clause: Evasion moves are banned
|rule|Endless Battle Clause: Forcing endless battles is banned
|rule|HP Percentage Mod: HP is shown in percentages
|teampreview
|
|start
|switch|p1a: Tyranitar|Tyranitar, F|342\/342
|switch|p2a: GOTTAGOFAST|Manectric, F|285\/285
|-weather|Sandstorm
|turn|1
|
|detailschange|p2a: GOTTAGOFAST|Manectric-Mega, F
|message|Manectric has Mega Evolved into Mega Manectric!
|-ability|p2a: GOTTAGOFAST|Intimidate|[of] p1a: Tyranitar
|-unboost|p1a: Tyranitar|atk|1
|move|p1a: Tyranitar|Stone Edge|p2a: GOTTAGOFAST
|-damage|p2a: GOTTAGOFAST|131\/285
|move|p2a: GOTTAGOFAST|Volt Switch|p1a: Tyranitar
|-damage|p1a: Tyranitar|261\/342
|
|switch|p2a: Gonorrhea|Excadrill, M|361\/361
|
|-weather|Sandstorm|[upkeep]
|turn|2
|
|switch|p2a: Scientology|Tyranitar, F|341\/341
|switch|p1a: Skarmory|Skarmory, F|334\/334
|
|-weather|Sandstorm|[upkeep]
|turn|3
|
|switch|p1a: Tyranitar|Tyranitar, F|261\/342
|move|p2a: Scientology|Fire Blast|p1a: Tyranitar
|-resisted|p1a: Tyranitar
|-damage|p1a: Tyranitar|227\/342
|
|-weather|Sandstorm|[upkeep]
|turn|4
|
|switch|p2a: Polio|Dragonite, F|330\/330
|move|p1a: Tyranitar|Superpower|p2a: Polio
|-resisted|p2a: Polio
|-damage|p2a: Polio|290\/330
|-unboost|p1a: Tyranitar|atk|1
|-unboost|p1a: Tyranitar|def|1
|
|-weather|Sandstorm|[upkeep]
|-damage|p2a: Polio|270\/330|[from] sandstorm
|turn|5
|
|switch|p1a: Skarmory|Skarmory, F|334\/334
|move|p2a: Polio|Outrage|p1a: Skarmory
|-resisted|p1a: Skarmory
|-damage|p1a: Skarmory|230\/334
|-damage|p2a: Polio|215\/330|[from] item: Rocky Helmet|[of] p1a: Skarmory
|
|-weather|none
|turn|6
|
|move|p2a: Polio|Outrage|p1a: Skarmory
|-resisted|p1a: Skarmory
|-damage|p1a: Skarmory|137\/334
|-damage|p2a: Polio|160\/330|[from] item: Rocky Helmet|[of] p1a: Skarmory
|move|p1a: Skarmory|Counter|p2a: Polio
|-damage|p2a: Polio|0 fnt
|faint|p2a: Polio
|
|
|switch|p2a: Scientology|Tyranitar, F|341\/341
|-weather|Sandstorm
|turn|7
|
|switch|p1a: Tyranitar|Tyranitar, F|227\/342
|move|p2a: Scientology|Stealth Rock|p1a: Tyranitar
|-sidestart|p1: qc2chd|move: Stealth Rock
|
|-weather|Sandstorm|[upkeep]
|turn|8
|
|switch|p2a: Bird Flu|Talonflame, M|297\/297
|move|p1a: Tyranitar|Stone Edge|p2a: Bird Flu|[miss]
|-miss|p1a: Tyranitar|p2a: Bird Flu
|
|-weather|Sandstorm|[upkeep]
|-damage|p2a: Bird Flu|279\/297|[from] sandstorm
|turn|9
|
|switch|p2a: Gonorrhea|Excadrill, M|361\/361
|move|p1a: Tyranitar|Stone Edge|p2a: Gonorrhea
|-resisted|p2a: Gonorrhea
|-damage|p2a: Gonorrhea|291\/361
|
|-weather|Sandstorm|[upkeep]
|turn|10
|
|switch|p1a: Heatran|Heatran, F|323\/323
|-damage|p1a: Heatran|283\/323|[from] Stealth Rock
|-item|p1a: Heatran|Air Balloon
|move|p2a: Gonorrhea|Rock Slide|p1a: Heatran
|-damage|p1a: Heatran|156\/323
|-enditem|p1a: Heatran|Air Balloon
|-damage|p2a: Gonorrhea|255\/361|[from] item: Life Orb
|
|-weather|Sandstorm|[upkeep]
|turn|11
|
|move|p2a: Gonorrhea|Earthquake|p1a: Heatran
|-supereffective|p1a: Heatran
|-damage|p1a: Heatran|0 fnt
|-damage|p2a: Gonorrhea|219\/361|[from] item: Life Orb
|faint|p1a: Heatran
|
|-weather|none
|
|switch|p1a: Keldeo|Keldeo|322\/322
|-damage|p1a: Keldeo|302\/322|[from] Stealth Rock
|turn|12
|
|switch|p2a: Scientology|Tyranitar, F|341\/341
|-weather|Sandstorm
|move|p1a: Keldeo|Hydro Pump|p2a: Scientology
|-supereffective|p2a: Scientology
|-damage|p2a: Scientology|99\/341
|
|-weather|Sandstorm|[upkeep]
|-damage|p1a: Keldeo|282\/322|[from] sandstorm
|-heal|p1a: Keldeo|302\/322|[from] item: Leftovers
|turn|13
|
|move|p1a: Keldeo|Secret Sword|p2a: Scientology
|-supereffective|p2a: Scientology
|-damage|p2a: Scientology|0 fnt
|faint|p2a: Scientology
|
|-weather|Sandstorm|[upkeep]
|-damage|p1a: Keldeo|282\/322|[from] sandstorm
|-heal|p1a: Keldeo|302\/322|[from] item: Leftovers
|
|switch|p2a: Gonorrhea|Excadrill, M|219\/361
|turn|14
|
|move|p2a: Gonorrhea|Earthquake|p1a: Keldeo
|-damage|p1a: Keldeo|4\/322
|-damage|p2a: Gonorrhea|183\/361|[from] item: Life Orb
|move|p1a: Keldeo|Hydro Pump|p2a: Gonorrhea|[miss]
|-miss|p1a: Keldeo|p2a: Gonorrhea
|
|-weather|Sandstorm|[upkeep]
|-damage|p1a: Keldeo|0 fnt|[from] sandstorm
|faint|p1a: Keldeo
|
|switch|p1a: Scizor|Scizor, M|344\/344
|-damage|p1a: Scizor|301\/344|[from] Stealth Rock
|turn|15
|
|move|p2a: Gonorrhea|Earthquake|p1a: Scizor
|-crit|p1a: Scizor
|-damage|p1a: Scizor|0 fnt
|-damage|p2a: Gonorrhea|147\/361|[from] item: Life Orb
|faint|p1a: Scizor
|
|-weather|Sandstorm|[upkeep]
|
|switch|p1a: Skarmory|Skarmory, F|137\/334
|-damage|p1a: Skarmory|96\/334|[from] Stealth Rock
|turn|16
|
|move|p2a: Gonorrhea|Rock Slide|p1a: Skarmory
|-damage|p1a: Skarmory|17\/334
|-damage|p2a: Gonorrhea|111\/361|[from] item: Life Orb
|cant|p1a: Skarmory|flinch
|
|-weather|none
|turn|17
|c|âqc2chd|HOW MUCH ARE YOU GOING TO HAX ME
|c|âqc2chd|THIS IS INSANE
|c|âTime2GetBopped|a lot
|c|âTime2GetBopped|i am hax god
|
|move|p2a: Gonorrhea|Iron Head|p1a: Skarmory
|-resisted|p1a: Skarmory
|-damage|p1a: Skarmory|0 fnt
|-damage|p2a: Gonorrhea|51\/361|[from] item: Rocky Helmet|[of] p1a: Skarmory
|-damage|p2a: Gonorrhea|15\/361|[from] item: Life Orb
|faint|p1a: Skarmory
|
|c|âTime2GetBopped|jk
|
|switch|p1a: Venusaur|Venusaur, F|364\/364
|-damage|p1a: Venusaur|319\/364|[from] Stealth Rock
|turn|18
|c|âTime2GetBopped|idk how much
|c|âqc2chd|omf
|
|detailschange|p1a: Venusaur|Venusaur-Mega, F
|message|Venusaur has Mega Evolved into Mega Venusaur!
|move|p2a: Gonorrhea|Earthquake|p1a: Venusaur
|-damage|p1a: Venusaur|111\/364
|-damage|p2a: Gonorrhea|0 fnt|[from] item: Life Orb
|faint|p2a: Gonorrhea
|move|p1a: Venusaur|Sleep Powder|p2: Gonorrhea|[notarget]
|-notarget
|
|c|âTime2GetBopped|AYA
|c|âqc2chd|this is literally insane
|
|switch|p2a: Diabetes|Greninja, F|285\/285
|turn|19
|c|âqc2chd|how am i supposed to win now?
|
|move|p2a: Diabetes|Ice Beam|p1a: Venusaur
|-start|p2a: Diabetes|typechange|Ice|[from] Protean
|-supereffective|p1a: Venusaur
|-damage|p1a: Venusaur|0 fnt
|-damage|p2a: Diabetes|257\/285|[from] item: Life Orb
|faint|p1a: Venusaur
|
|c|âTime2GetBopped|ur not
|
|switch|p1a: Tyranitar|Tyranitar, F|227\/342
|-damage|p1a: Tyranitar|185\/342|[from] Stealth Rock
|-weather|Sandstorm
|turn|20
|c|âTime2GetBopped|thats the point'
|
|move|p2a: Diabetes|Hydro Pump|p1a: Tyranitar
|-start|p2a: Diabetes|typechange|Water|[from] Protean
|-supereffective|p1a: Tyranitar
|-damage|p1a: Tyranitar|0 fnt
|-damage|p2a: Diabetes|229\/285|[from] item: Life Orb
|faint|p1a: Tyranitar
|
|win|Time2GetBopped
|raw|Ladder updating...
|c|âqc2chd|hmm
|raw|qc2chd's rating: 1621 &rarr; <strong>1605<\/strong><br \/>(-16 for losing)
|raw|Time2GetBopped's rating: 1687 &rarr; <strong>1703<\/strong><br \/>(+16 for winning)
|c|âqc2chd|G FUCKING HAXY G
|c|âTime2GetBopped|gg
|c|âTime2GetBopped|teh raeg
|c|âqc2chd|ikr