|join|Deen Gay
|join|volcarno129
|player|p1|Deen Gay|263
|player|p2|volcarno129|44
|gametype|singles
|gen|6
|tier|OU
|rated
|clearpoke
|poke|p1|Azelf
|poke|p1|Charizard, M
|poke|p1|Bisharp, M
|poke|p1|Gengar, F
|poke|p1|Latios, M
|poke|p1|Gyarados, M
|poke|p2|Metagross
|poke|p2|Landorus-Therian, M
|poke|p2|Victini
|poke|p2|Keldeo
|poke|p2|Raikou
|poke|p2|Bisharp, M
|rule|Swagger Clause: Swagger is banned
|rule|Baton Pass Clause: Limit one PokÃ©mon knowing Baton Pass
|rule|Sleep Clause Mod: Limit one foe put to sleep
|rule|Species Clause: Limit one of each PokÃ©mon
|rule|OHKO Clause: OHKO moves are banned
|rule|Moody Clause: Moody is banned
|rule|Evasion Moves Clause: Evasion moves are banned
|rule|Endless Battle Clause: Forcing endless battles is banned
|rule|HP Percentage Mod: HP is shown in percentages
|teampreview
|
|start
|switch|p1a: Azelf|Azelf|291\/291
|switch|p2a: Metagross|Metagross|301\/301
|turn|1
|
|detailschange|p2a: Metagross|Metagross-Mega
|-mega|p2a: Metagross|Metagross|Metagrossite
|move|p1a: Azelf|Stealth Rock|p2a: Metagross
|-sidestart|p2: volcarno129|move: Stealth Rock
|move|p2a: Metagross|Stealth Rock|p1a: Azelf
|-sidestart|p1: Deen Gay|move: Stealth Rock
|
|turn|2
|
|move|p1a: Azelf|Fire Blast|p2a: Metagross
|-supereffective|p2a: Metagross
|-damage|p2a: Metagross|49\/301
|move|p2a: Metagross|Meteor Mash|p1a: Azelf
|-enditem|p1a: Azelf|Focus Sash
|-damage|p1a: Azelf|1\/291
|
|turn|3
|
|move|p1a: Azelf|Fire Blast|p2a: Metagross
|-supereffective|p2a: Metagross
|-damage|p2a: Metagross|0 fnt
|faint|p2a: Metagross
|
|
|switch|p2a: Landorus-Therian|Landorus-Therian, M|325\/325
|-damage|p2a: Landorus-Therian|285\/325|[from] Stealth Rock
|-ability|p2a: Landorus-Therian|Intimidate|[of] p1a: Azelf
|-unboost|p1a: Azelf|atk|1
|turn|4
|
|move|p2a: Landorus-Therian|U-turn|p1a: Azelf
|-supereffective|p1a: Azelf
|-damage|p1a: Azelf|0 fnt
|faint|p1a: Azelf
|join|Normie Gem
|
|switch|p2a: Raikou|Raikou|321\/321
|-damage|p2a: Raikou|281\/321|[from] Stealth Rock
|-ability|p2a: Raikou|Pressure
|
|join|i will win wcup
|
|switch|p1a: Charizard|Charizard, M|297\/297
|-damage|p1a: Charizard|149\/297|[from] Stealth Rock
|turn|5
|join|Fluffiest Flareon
|join|chumped
|
|detailschange|p1a: Charizard|Charizard-Mega-X, M
|-mega|p1a: Charizard|Charizard|Charizardite X
|move|p2a: Raikou|Volt Switch|p1a: Charizard
|-resisted|p1a: Charizard
|-damage|p1a: Charizard|85\/297
|
|switch|p2a: Landorus-Therian|Landorus-Therian, M|285\/325
|-damage|p2a: Landorus-Therian|245\/325|[from] Stealth Rock
|-ability|p2a: Landorus-Therian|Intimidate|[of] p1a: Charizard
|-unboost|p1a: Charizard|atk|1
|move|p1a: Charizard|Roost|p1a: Charizard
|-heal|p1a: Charizard|234\/297
|
|turn|6
|
|switch|p1a: Gyarados|Gyarados, M|331\/331
|-damage|p1a: Gyarados|249\/331|[from] Stealth Rock
|-ability|p1a: Gyarados|Intimidate|[of] p2a: Landorus-Therian
|-unboost|p2a: Landorus-Therian|atk|1
|move|p2a: Landorus-Therian|Stone Edge|p1a: Gyarados
|-supereffective|p1a: Gyarados
|-damage|p1a: Gyarados|29\/331
|
|-heal|p1a: Gyarados|49\/331|[from] item: Leftovers
|turn|7
|join|yuy
|
|switch|p1a: Bisharp|Bisharp, M|271\/271
|-damage|p1a: Bisharp|255\/271|[from] Stealth Rock
|move|p2a: Landorus-Therian|Stone Edge|p1a: Bisharp|[miss]
|-miss|p2a: Landorus-Therian|p1a: Bisharp
|
|turn|8
|
|switch|p2a: Keldeo|Keldeo|323\/323
|-damage|p2a: Keldeo|303\/323|[from] Stealth Rock
|move|p1a: Bisharp|Knock Off|p2a: Keldeo
|-resisted|p2a: Keldeo
|-damage|p2a: Keldeo|182\/323
|-boost|p2a: Keldeo|atk|1|[from] ability: Justified
|-enditem|p2a: Keldeo|Leftovers|[from] move: Knock Off|[of] p1a: Bisharp
|-damage|p1a: Bisharp|228\/271|[from] item: Life Orb
|
|turn|9
|
|switch|p1a: Latios|Latios, M|301\/301
|-damage|p1a: Latios|264\/301|[from] Stealth Rock
|move|p2a: Keldeo|Scald|p1a: Latios
|-resisted|p1a: Latios
|-damage|p1a: Latios|204\/301
|
|turn|10
|
|move|p1a: Latios|Draco Meteor|p2a: Keldeo
|-damage|p2a: Keldeo|0 fnt
|-unboost|p1a: Latios|spa|2
|-damage|p1a: Latios|174\/301|[from] item: Life Orb
|faint|p2a: Keldeo
|
|
|switch|p2a: Landorus-Therian|Landorus-Therian, M|245\/325
|-damage|p2a: Landorus-Therian|205\/325|[from] Stealth Rock
|-ability|p2a: Landorus-Therian|Intimidate|[of] p1a: Latios
|-unboost|p1a: Latios|atk|1
|turn|11
|
|switch|p1a: Gyarados|Gyarados, M|49\/331
|-damage|p1a: Gyarados|0 fnt|[from] Stealth Rock
|faint|p1a: Gyarados
|move|p2a: Landorus-Therian|U-turn|p1: Gyarados|[notarget]
|-notarget
|
|
|switch|p1a: Charizard|Charizard-Mega-X, M|234\/297
|-damage|p1a: Charizard|160\/297|[from] Stealth Rock
|turn|12
|
|move|p2a: Landorus-Therian|U-turn|p1a: Charizard
|-resisted|p1a: Charizard
|-damage|p1a: Charizard|120\/297
|
|switch|p2a: Bisharp|Bisharp, M|271\/271
|-damage|p2a: Bisharp|255\/271|[from] Stealth Rock
|move|p1a: Charizard|Dragon Dance|p1a: Charizard
|-boost|p1a: Charizard|atk|1
|-boost|p1a: Charizard|spe|1
|
|turn|13
|
|move|p2a: Bisharp|Sucker Punch|p1a: Charizard
|-fail|p1a: Charizard
|move|p1a: Charizard|Roost|p1a: Charizard
|-heal|p1a: Charizard|269\/297
|
|turn|14
|
|switch|p2a: Victini|Victini|341\/341
|-damage|p2a: Victini|256\/341|[from] Stealth Rock
|move|p1a: Charizard|Dragon Dance|p1a: Charizard
|-boost|p1a: Charizard|atk|1
|-boost|p1a: Charizard|spe|1
|
|turn|15
|c|âvolcarno129|>
|c|âvolcarno129|your so bad
|c|âvolcarno129|who does that twice
|c|âDeen Gay|cause i'm adamant
|
|move|p1a: Charizard|Dragon Claw|p2a: Victini
|-damage|p2a: Victini|0 fnt
|faint|p2a: Victini
|
|c|âDeen Gay|and was they only wave to win
|
|switch|p2a: Bisharp|Bisharp, M|255\/271
|-damage|p2a: Bisharp|239\/271|[from] Stealth Rock
|turn|16
|join|Pmma
|c|âDeen Gay|way*
|
|move|p2a: Bisharp|Sucker Punch|p1a: Charizard
|-damage|p1a: Charizard|105\/297
|-damage|p2a: Bisharp|212\/271|[from] item: Life Orb
|move|p1a: Charizard|Flare Blitz|p2a: Bisharp
|-supereffective|p2a: Bisharp
|-damage|p2a: Bisharp|0 fnt
|-damage|p1a: Charizard|35\/297|[from] recoil|[of] p2a: Bisharp
|faint|p2a: Bisharp
|
|-message|volcarno129 forfeited.
|leave|volcarno129
|
|win|Deen Gay
|raw|Ladder updating...
|player|p2
|leave|Normie Gem
|raw|Deen Gay's rating: 1568 &rarr; <strong>1594<\/strong><br \/>(+26 for winning)
|raw|volcarno129's rating: 1664 &rarr; <strong>1639<\/strong><br \/>(-25 for losing)
|join|Normie Gem
|leave|Normie Gem