|join|volcarno129
|join|Rapidashite
|player|p1|volcarno129|44
|player|p2|Rapidashite|154
|gametype|singles
|gen|6
|tier|OU
|rated
|clearpoke
|poke|p1|Staraptor, F
|poke|p1|Latios, M
|poke|p1|Lopunny, M
|poke|p1|Heatran, M
|poke|p1|Bisharp, F
|poke|p1|Landorus-Therian, M
|poke|p2|Sableye, M
|poke|p2|Excadrill, M
|poke|p2|Manaphy
|poke|p2|Gliscor, M
|poke|p2|Talonflame, F
|poke|p2|Clefable, M
|rule|Swagger Clause: Swagger is banned
|rule|Baton Pass Clause: Limit one PokÃ©mon knowing Baton Pass
|rule|Sleep Clause Mod: Limit one foe put to sleep
|rule|Species Clause: Limit one of each PokÃ©mon
|rule|OHKO Clause: OHKO moves are banned
|rule|Moody Clause: Moody is banned
|rule|Evasion Moves Clause: Evasion moves are banned
|rule|Endless Battle Clause: Forcing endless battles is banned
|rule|HP Percentage Mod: HP is shown in percentages
|teampreview
|join|Jefo
|
|start
|switch|p1a: Lopunny|Lopunny, M|271\/271
|switch|p2a: Sebastian|Sableye, M|303\/303
|turn|1
|join|Ebinola
|
|detailschange|p1a: Lopunny|Lopunny-Mega, M
|-mega|p1a: Lopunny|Lopunny|Lopunnite
|detailschange|p2a: Sebastian|Sableye-Mega, M
|-mega|p2a: Sebastian|Sableye|Sablenite
|move|p1a: Lopunny|Fake Out|p2a: Sebastian
|-damage|p2a: Sebastian|246\/303
|cant|p2a: Sebastian|flinch
|
|turn|2
|c| Ebinola|epic smogon stall
|join|Mymissymoo
|
|move|p1a: Lopunny|High Jump Kick|p2a: Sebastian
|-supereffective|p2a: Sebastian
|-damage|p2a: Sebastian|0 fnt
|faint|p2a: Sebastian
|
|c| Jefo|Lmao
|c| Jefo|nice1
|c|âRapidashite|why are people watching?
|c| Jefo|shofu
|c|âRapidashite|who?
|c| Jefo|you
|
|switch|p2a: Hubert|Talonflame, F|345\/345
|turn|3
|leave|Mymissymoo
|
|move|p1a: Lopunny|Return|p2a: Hubert
|-damage|p2a: Hubert|107\/345
|move|p2a: Hubert|Will-O-Wisp|p1a: Lopunny
|-status|p1a: Lopunny|brn
|
|-heal|p2a: Hubert|128\/345|[from] item: Leftovers
|-damage|p1a: Lopunny|238\/271 brn|[from] brn
|turn|4
|join|Apathos
|
|switch|p1a: Staraptor|Staraptor, F|311\/311
|move|p2a: Hubert|Roost|p2a: Hubert
|-heal|p2a: Hubert|301\/345
|
|-heal|p2a: Hubert|322\/345|[from] item: Leftovers
|turn|5
|join|Reylks
|
|move|p2a: Hubert|Will-O-Wisp|p1a: Staraptor
|-status|p1a: Staraptor|brn
|move|p1a: Staraptor|Double-Edge|p2a: Hubert
|-damage|p2a: Hubert|66\/345
|-damage|p1a: Staraptor|227\/311 brn|[from] recoil|[of] p2a: Hubert
|
|-heal|p2a: Hubert|87\/345|[from] item: Leftovers
|-damage|p1a: Staraptor|189\/311 brn|[from] brn
|turn|6
|
|move|p2a: Hubert|Roost|p2a: Hubert
|-heal|p2a: Hubert|260\/345
|move|p1a: Staraptor|Double-Edge|p2a: Hubert
|-damage|p2a: Hubert|4\/345
|-damage|p1a: Staraptor|105\/311 brn|[from] recoil|[of] p2a: Hubert
|
|-heal|p2a: Hubert|25\/345|[from] item: Leftovers
|-damage|p1a: Staraptor|67\/311 brn|[from] brn
|turn|7
|
|switch|p2a: Maurice|Gliscor, M|353\/353
|switch|p1a: Lopunny|Lopunny-Mega, M|238\/271 brn
|
|-damage|p1a: Lopunny|205\/271 brn|[from] brn
|-status|p2a: Maurice|tox|[from] item: Toxic Orb
|turn|8
|
|switch|p2a: Gertrude|Manaphy|401\/401
|move|p1a: Lopunny|Ice Punch|p2a: Gertrude
|-resisted|p2a: Gertrude
|-damage|p2a: Gertrude|379\/401
|
|-heal|p2a: Gertrude|401\/401|[from] item: Leftovers
|-damage|p1a: Lopunny|172\/271 brn|[from] brn
|turn|9
|join|See TC
|
|move|p1a: Lopunny|High Jump Kick|p2a: Gertrude
|-damage|p2a: Gertrude|290\/401
|move|p2a: Gertrude|U-turn|p1a: Lopunny
|-resisted|p1a: Lopunny
|-damage|p1a: Lopunny|148\/271 brn
|
|switch|p2a: Clarence|Clefable, M|393\/393
|
|-damage|p1a: Lopunny|115\/271 brn|[from] brn
|turn|10
|
|switch|p1a: Bisharp|Bisharp, F|271\/271
|switch|p2a: Maurice|Gliscor, M|353\/353 tox
|
|turn|11
|
|switch|p1a: Lopunny|Lopunny-Mega, M|115\/271 brn
|move|p2a: Maurice|Stealth Rock|p1a: Lopunny
|-sidestart|p1: volcarno129|move: Stealth Rock
|
|-damage|p1a: Lopunny|82\/271 brn|[from] brn
|turn|12
|
|switch|p2a: Gertrude|Manaphy|290\/401
|move|p1a: Lopunny|Ice Punch|p2a: Gertrude
|-resisted|p2a: Gertrude
|-damage|p2a: Gertrude|269\/401
|
|-heal|p2a: Gertrude|294\/401|[from] item: Leftovers
|-damage|p1a: Lopunny|49\/271 brn|[from] brn
|turn|13
|
|switch|p1a: Staraptor|Staraptor, F|67\/311 brn
|-damage|p1a: Staraptor|0 fnt|[from] Stealth Rock
|faint|p1a: Staraptor
|move|p2a: Gertrude|Rain Dance|p2a: Gertrude
|-weather|RainDance
|
|-weather|RainDance|[upkeep]
|-heal|p2a: Gertrude|319\/401|[from] item: Leftovers
|
|switch|p1a: Bisharp|Bisharp, F|271\/271
|-damage|p1a: Bisharp|255\/271|[from] Stealth Rock
|turn|14
|
|move|p1a: Bisharp|Knock Off|p2a: Gertrude
|-damage|p2a: Gertrude|116\/401
|-enditem|p2a: Gertrude|Leftovers|[from] move: Knock Off|[of] p1a: Bisharp
|-damage|p1a: Bisharp|228\/271|[from] item: Life Orb
|move|p2a: Gertrude|Scald|p1a: Bisharp
|-damage|p1a: Bisharp|54\/271
|
|-weather|RainDance|[upkeep]
|turn|15
|c|âRapidashite|cancel doesn't work?
|c|âvolcarno129|no
|
|switch|p2a: Maurice|Gliscor, M|353\/353 tox
|move|p1a: Bisharp|Swords Dance|p1a: Bisharp
|-boost|p1a: Bisharp|atk|2
|
|-weather|RainDance|[upkeep]
|turn|16
|
|move|p1a: Bisharp|Knock Off|p2a: Maurice
|-damage|p2a: Maurice|96\/353 tox
|-enditem|p2a: Maurice|Toxic Orb|[from] move: Knock Off|[of] p1a: Bisharp
|-damage|p1a: Bisharp|27\/271|[from] item: Life Orb
|move|p2a: Maurice|Earthquake|p1a: Bisharp
|-supereffective|p1a: Bisharp
|-damage|p1a: Bisharp|0 fnt
|faint|p1a: Bisharp
|
|-weather|RainDance|[upkeep]
|-heal|p2a: Maurice|140\/353 tox|[from] ability: Poison Heal
|
|switch|p1a: Latios|Latios, M|301\/301
|-damage|p1a: Latios|264\/301|[from] Stealth Rock
|turn|17
|
|move|p1a: Latios|Psyshock|p2a: Maurice
|-damage|p2a: Maurice|31\/353 tox
|-damage|p1a: Latios|234\/301|[from] item: Life Orb
|move|p2a: Maurice|U-turn|p1a: Latios
|-supereffective|p1a: Latios
|-damage|p1a: Latios|102\/301
|
|switch|p2a: Hubert|Talonflame, F|25\/345
|
|-weather|none
|-heal|p2a: Hubert|46\/345|[from] item: Leftovers
|turn|18
|-message|volcarno129 forfeited.
|leave|volcarno129
|
|win|Rapidashite
|raw|Ladder updating...
|c|âRapidashite|fkn rekt
|player|p1
|raw|volcarno129's rating: 1677 &rarr; <strong>1650<\/strong><br \/>(-27 for losing)
|raw|Rapidashite's rating: 1561 &rarr; <strong>1587<\/strong><br \/>(+26 for winning)