|join|lil manaphy
|join|volcarno129
|player|p1|lil manaphy|9
|player|p2|volcarno129|44
|gametype|singles
|gen|6
|tier|OU
|rated
|clearpoke
|poke|p1|Gardevoir, F
|poke|p1|Keldeo
|poke|p1|Amoonguss, F
|poke|p1|Chansey, F
|poke|p1|Mandibuzz, F
|poke|p1|Landorus-Therian, M
|poke|p2|Moltres
|poke|p2|Donphan, M
|poke|p2|Registeel
|poke|p2|Hydreigon, M
|poke|p2|Sableye, F
|poke|p2|Ditto
|rule|Swagger Clause: Swagger is banned
|rule|Baton Pass Clause: Limit one PokÃ©mon knowing Baton Pass
|rule|Sleep Clause Mod: Limit one foe put to sleep
|rule|Species Clause: Limit one of each PokÃ©mon
|rule|OHKO Clause: OHKO moves are banned
|rule|Moody Clause: Moody is banned
|rule|Evasion Moves Clause: Evasion moves are banned
|rule|Endless Battle Clause: Forcing endless battles is banned
|rule|HP Percentage Mod: HP is shown in percentages
|teampreview
|join|Normie Gem
|join|Apathos
|join|they call me good
|
|start
|switch|p1a: Keldeo|Keldeo|323\/323
|switch|p2a: Moltres|Moltres|321\/321
|-ability|p2a: Moltres|Pressure
|turn|1
|
|move|p2a: Moltres|Hurricane|p1a: Keldeo
|-supereffective|p1a: Keldeo
|-damage|p1a: Keldeo|0 fnt
|faint|p1a: Keldeo
|
|
|switch|p1a: Landorus-Therian|Landorus-Therian, M|382\/382
|-ability|p1a: Landorus-Therian|Intimidate|[of] p2a: Moltres
|-unboost|p2a: Moltres|atk|1
|turn|2
|
|switch|p2a: itto|Ditto|300\/300
|-transform|p2a: itto|p1a: Landorus-Therian
|-ability|p2a: itto|Intimidate|[of] p1a: Landorus-Therian
|-unboost|p1a: Landorus-Therian|atk|1
|move|p1a: Landorus-Therian|Stealth Rock|p2a: itto
|-sidestart|p2: volcarno129|move: Stealth Rock
|
|turn|3
|
|move|p2a: itto|Stealth Rock|p1a: Landorus-Therian
|-sidestart|p1: lil manaphy|move: Stealth Rock
|move|p1a: Landorus-Therian|U-turn|p2a: itto
|-resisted|p2a: itto
|-damage|p2a: itto|280\/300
|
|switch|p1a: Gardevoir|Gardevoir, F|277\/277
|-damage|p1a: Gardevoir|243\/277|[from] Stealth Rock
|-ability|p1a: Gardevoir|Intimidate|[from] ability: Trace|[of] p2a: itto
|-ability|p1a: Gardevoir|Intimidate|[of] p2a: itto
|-unboost|p2a: itto|atk|1
|
|turn|4
|
|switch|p2a: Registeel|Registeel|363\/363
|-damage|p2a: Registeel|341\/363|[from] Stealth Rock
|move|p1a: Gardevoir|Focus Blast|p2a: Registeel|[miss]
|-miss|p1a: Gardevoir|p2a: Registeel
|
|turn|5
|join|Vaporeon for Ubers
|
|switch|p1a: Landorus-Therian|Landorus-Therian, M|382\/382
|-damage|p1a: Landorus-Therian|335\/382|[from] Stealth Rock
|-ability|p1a: Landorus-Therian|Intimidate|[of] p2a: Registeel
|-fail|p2a: Registeel|unboost|[from] ability: Clear Body|[of] p2a: Registeel
|move|p2a: Registeel|Iron Head|p1a: Landorus-Therian
|-damage|p1a: Landorus-Therian|274\/382
|
|-heal|p1a: Landorus-Therian|297\/382|[from] item: Leftovers
|turn|6
|join|yuy
|
|switch|p2a: Donphan|Donphan, M|384\/384
|-damage|p2a: Donphan|360\/384|[from] Stealth Rock
|move|p1a: Landorus-Therian|U-turn|p2a: Donphan
|-damage|p2a: Donphan|297\/384
|
|switch|p1a: Gardevoir|Gardevoir, F|243\/277
|-damage|p1a: Gardevoir|209\/277|[from] Stealth Rock
|-ability|p1a: Gardevoir|Sturdy|[from] ability: Trace|[of] p2a: Donphan
|
|-heal|p2a: Donphan|321\/384|[from] item: Leftovers
|turn|7
|
|switch|p2a: Registeel|Registeel|341\/363
|-damage|p2a: Registeel|319\/363|[from] Stealth Rock
|detailschange|p1a: Gardevoir|Gardevoir-Mega, F
|-mega|p1a: Gardevoir|Gardevoir|Gardevoirite
|move|p1a: Gardevoir|Hyper Voice|p2a: Registeel
|-resisted|p2a: Registeel
|-damage|p2a: Registeel|249\/363
|
|turn|8
|
|switch|p1a: Landorus-Therian|Landorus-Therian, M|297\/382
|-damage|p1a: Landorus-Therian|250\/382|[from] Stealth Rock
|-ability|p1a: Landorus-Therian|Intimidate|[of] p2a: Registeel
|-fail|p2a: Registeel|unboost|[from] ability: Clear Body|[of] p2a: Registeel
|move|p2a: Registeel|Iron Head|p1a: Landorus-Therian
|-damage|p1a: Landorus-Therian|189\/382
|
|-heal|p1a: Landorus-Therian|212\/382|[from] item: Leftovers
|turn|9
|
|switch|p2a: Donphan|Donphan, M|321\/384
|-damage|p2a: Donphan|297\/384|[from] Stealth Rock
|move|p1a: Landorus-Therian|Earthquake|p2a: Donphan
|-damage|p2a: Donphan|149\/384
|
|-heal|p1a: Landorus-Therian|235\/382|[from] item: Leftovers
|-heal|p2a: Donphan|173\/384|[from] item: Leftovers
|turn|10
|
|move|p2a: Donphan|Ice Shard|p1a: Landorus-Therian
|-supereffective|p1a: Landorus-Therian
|-damage|p1a: Landorus-Therian|87\/382
|move|p1a: Landorus-Therian|Earthquake|p2a: Donphan
|-damage|p2a: Donphan|28\/384
|
|-heal|p1a: Landorus-Therian|110\/382|[from] item: Leftovers
|-heal|p2a: Donphan|52\/384|[from] item: Leftovers
|turn|11
|
|switch|p1a: Mandibuzz|Mandibuzz, F|423\/423
|-damage|p1a: Mandibuzz|318\/423|[from] Stealth Rock
|move|p2a: Donphan|Knock Off|p1a: Mandibuzz
|-resisted|p1a: Mandibuzz
|-damage|p1a: Mandibuzz|273\/423
|-damage|p2a: Donphan|0 fnt|[from] item: Rocky Helmet|[of] p1a: Mandibuzz
|faint|p2a: Donphan
|
|
|switch|p2a: Hydreigon|Hydreigon, M|325\/325
|-damage|p2a: Hydreigon|285\/325|[from] Stealth Rock
|turn|12
|
|switch|p1a: Chansey|Chansey, F|703\/703
|-damage|p1a: Chansey|616\/703|[from] Stealth Rock
|move|p2a: Hydreigon|Draco Meteor|p1a: Chansey
|-damage|p1a: Chansey|400\/703
|-unboost|p2a: Hydreigon|spa|2
|
|turn|13
|join|bellicose
|
|switch|p2a: wikid smaat ked|Sableye, F|304\/304
|-damage|p2a: wikid smaat ked|266\/304|[from] Stealth Rock
|move|p1a: Chansey|Soft-Boiled|p1a: Chansey
|-heal|p1a: Chansey|703\/703
|
|turn|14
|c| yuy|=]
|leave|Apathos
|
|detailschange|p2a: wikid smaat ked|Sableye-Mega, F
|-mega|p2a: wikid smaat ked|Sableye|Sablenite
|move|p1a: Chansey|Wish|p1a: Chansey
|move|p2a: wikid smaat ked|Dark Pulse|p1a: Chansey
|-damage|p1a: Chansey|649\/703
|
|turn|15
|
|switch|p1a: Gardevoir|Gardevoir-Mega, F|209\/277
|-damage|p1a: Gardevoir|175\/277|[from] Stealth Rock
|switch|p2a: Registeel|Registeel|249\/363
|-damage|p2a: Registeel|227\/363|[from] Stealth Rock
|
|-heal|p1a: Gardevoir|277\/277|[from] move: Wish|[wisher] Chansey
|turn|16
|
|switch|p1a: Mandibuzz|Mandibuzz, F|273\/423
|-damage|p1a: Mandibuzz|168\/423|[from] Stealth Rock
|move|p2a: Registeel|Iron Head|p1a: Mandibuzz
|-damage|p1a: Mandibuzz|110\/423
|-damage|p2a: Registeel|167\/363|[from] item: Rocky Helmet|[of] p1a: Mandibuzz
|
|turn|17
|
|move|p1a: Mandibuzz|Roost|p1a: Mandibuzz
|-heal|p1a: Mandibuzz|322\/423
|move|p2a: Registeel|Thunder Wave|p1a: Mandibuzz
|-status|p1a: Mandibuzz|par
|
|turn|18
|
|move|p2a: Registeel|Rest|p2a: Registeel
|-status|p2a: Registeel|slp
|-heal|p2a: Registeel|363\/363 slp|[silent]
|-status|p2a: Registeel|slp|[from] move: Rest
|-enditem|p2a: Registeel|Chesto Berry|[eat]
|-curestatus|p2a: Registeel|slp
|move|p1a: Mandibuzz|Foul Play|p2a: Registeel
|-damage|p2a: Registeel|296\/363
|
|turn|19
|join|Chainy
|
|move|p2a: Registeel|Iron Head|p1a: Mandibuzz
|-damage|p1a: Mandibuzz|273\/423 par
|-damage|p2a: Registeel|236\/363|[from] item: Rocky Helmet|[of] p1a: Mandibuzz
|move|p1a: Mandibuzz|Roost|p1a: Mandibuzz
|-heal|p1a: Mandibuzz|423\/423 par
|
|turn|20
|
|switch|p2a: wikid smaat ked|Sableye-Mega, F|266\/304
|-damage|p2a: wikid smaat ked|228\/304|[from] Stealth Rock
|move|p1a: Mandibuzz|Taunt|p2a: wikid smaat ked
|move|p2a: wikid smaat ked|Taunt|p1a: Mandibuzz|[from]Magic Bounce
|-start|p1a: Mandibuzz|move: Taunt
|
|turn|21
|c| Vaporeon for Ubers|canned!
|
|switch|p1a: Gardevoir|Gardevoir-Mega, F|277\/277
|-damage|p1a: Gardevoir|243\/277|[from] Stealth Rock
|move|p2a: wikid smaat ked|Calm Mind|p2a: wikid smaat ked
|-boost|p2a: wikid smaat ked|spa|1
|-boost|p2a: wikid smaat ked|spd|1
|
|turn|22
|
|switch|p2a: Registeel|Registeel|236\/363
|-damage|p2a: Registeel|214\/363|[from] Stealth Rock
|move|p1a: Gardevoir|Hyper Voice|p2a: Registeel
|-resisted|p2a: Registeel
|-damage|p2a: Registeel|144\/363
|
|turn|23
|join|nutfuck
|join|Jefo
|
|switch|p1a: Mandibuzz|Mandibuzz, F|423\/423 par
|-damage|p1a: Mandibuzz|318\/423 par|[from] Stealth Rock
|switch|p2a: itto|Ditto|280\/300
|-damage|p2a: itto|243\/300|[from] Stealth Rock
|-transform|p2a: itto|p1a: Mandibuzz
|
|turn|24
|c| Jefo|**I love Mob Barley!**
|
|move|p2a: itto|Defog|p1a: Mandibuzz
|-unboost|p1a: Mandibuzz|evasion|1
|-sideend|p1: lil manaphy|Stealth Rock|[from] move: Defog|[of] p1a: Mandibuzz
|-sideend|p2: volcarno129|Stealth Rock|[from] move: Defog|[of] p2a: itto
|move|p1a: Mandibuzz|Foul Play|p2a: itto
|-resisted|p2a: itto
|-damage|p2a: itto|217\/300
|
|turn|25
|c| nutfuck|good thing you foul played there
|c| nutfuck|made sure he didnt get that defog off for free
|c| nutfuck|t1 plays out of lil manaphy
|
|switch|p2a: Registeel|Registeel|144\/363
|cant|p1a: Mandibuzz|par
|
|turn|26
|c| nutfuck|still using shitty semi-stall i see
|
|switch|p1a: Landorus-Therian|Landorus-Therian, M|110\/382
|-ability|p1a: Landorus-Therian|Intimidate|[of] p2a: Registeel
|-fail|p2a: Registeel|unboost|[from] ability: Clear Body|[of] p2a: Registeel
|move|p2a: Registeel|Stealth Rock|p1a: Landorus-Therian
|-sidestart|p1: lil manaphy|move: Stealth Rock
|
|-heal|p1a: Landorus-Therian|133\/382|[from] item: Leftovers
|turn|27
|join|Dragon Stone
|
|switch|p2a: Moltres|Moltres|321\/321
|-ability|p2a: Moltres|Pressure
|move|p1a: Landorus-Therian|Earthquake|p2a: Moltres
|-immune|p2a: Moltres|[msg]
|
|-heal|p1a: Landorus-Therian|156\/382|[from] item: Leftovers
|turn|28
|c| nutfuck|flying is immune to ground
|
|switch|p1a: Chansey|Chansey, F|649\/703
|-damage|p1a: Chansey|562\/703|[from] Stealth Rock
|move|p2a: Moltres|Hurricane|p1a: Chansey
|-damage|p1a: Chansey|426\/703
|
|turn|29
|c| nutfuck|hey lil manaphy this might help http:\/\/bulbapedia.bulbagarden.net\/wiki\/Type\/Type_chart
|
|move|p2a: Moltres|Hurricane|p1a: Chansey|[miss]
|-miss|p2a: Moltres|p1a: Chansey
|move|p1a: Chansey|Soft-Boiled|p1a: Chansey
|-heal|p1a: Chansey|703\/703
|
|turn|30
|c| Dragon Stone|why df does she need that
|c| nutfuck|oh its a she
|c| nutfuck|that explains everything
|c| Dragon Stone|fuck you..
|c| Jefo|**Can we all take a momeent to admire**
|c| Normie Gem|storm zone whats wrong
|c| nutfuck|well SHE tried to earthquake a flying type pokemon
|c| Jefo|**mob barley the good player**
|c| nutfuck|so theres the first problem
|c| Dragon Stone|nutfuck.... FU
|c| Dragon Stone|and jefo
|c| Dragon Stone|hes a fuqing good player ~~haxor~~
|c| Jefo|hes bad
|c| Jefo|af
|c| nutfuck|you did that backwards
|c| they call me good|>mob
|c| they call me good|>good
|c| nutfuck|yeah hes literally awful
|c| Dragon Stone|his plays are like costa's
|c| Vaporeon for Ubers|he's like the god murkrow
|-message|volcarno129 lost due to inactivity.
|c| Dragon Stone|all he does is copy costa
|c| Vaporeon for Ubers|wow lil manaphy got lucky
|
|win|lil manaphy
|raw|Ladder updating...
|raw|lil manaphy's rating: 1795 &rarr; <strong>1805<\/strong><br \/>(+10 for winning)
|raw|volcarno129's rating: 1602 &rarr; <strong>1593<\/strong><br \/>(-9 for losing)
|c| Vaporeon for Ubers|this wouldve been an ez win for volcarno