|join|volcarno129
|join|tmmh
|player|p1|volcarno129|68
|player|p2|tmmh|290
|gametype|singles
|gen|6
|tier|OU
|rated
|clearpoke
|poke|p1|Metagross
|poke|p1|Landorus-Therian, M
|poke|p1|Victini
|poke|p1|Keldeo
|poke|p1|Raikou
|poke|p1|Bisharp, F
|poke|p2|Alakazam, F, shiny
|poke|p2|Excadrill, M
|poke|p2|Tyranitar, M
|poke|p2|Clefable, F, shiny
|poke|p2|Charizard, M
|poke|p2|Ferrothorn, F
|rule|Swagger Clause: Swagger is banned
|rule|Baton Pass Clause: Limit one PokÃ©mon knowing Baton Pass
|rule|Sleep Clause Mod: Limit one foe put to sleep
|rule|Species Clause: Limit one of each PokÃ©mon
|rule|OHKO Clause: OHKO moves are banned
|rule|Moody Clause: Moody is banned
|rule|Evasion Moves Clause: Evasion moves are banned
|rule|Endless Battle Clause: Forcing endless battles is banned
|rule|HP Percentage Mod: HP is shown in percentages
|teampreview
|join|Apathos
|join|Jefo
|join|MushMunkey
|
|start
|switch|p1a: Victini|Victini|341\/341
|switch|p2a: Zary|Charizard, M|297\/297
|turn|1
|
|detailschange|p2a: Zary|Charizard-Mega-Y, M
|-mega|p2a: Zary|Charizard|Charizardite Y
|-weather|SunnyDay
|move|p2a: Zary|Fire Blast|p1a: Victini
|-resisted|p1a: Victini
|-damage|p1a: Victini|158\/341
|move|p1a: Victini|Final Gambit|p2a: Zary
|-damage|p2a: Zary|139\/297
|faint|p1a: Victini
|
|-weather|SunnyDay|[upkeep]
|c| MushMunkey|WHY
|c| MushMunkey|ARE U SO BAD
|c|âvolcarno129|oh nice tie win
|c| MushMunkey|DO YOU REALIZE HOW MUCH V-CREAT DID!?!?
|
|switch|p1a: Raikou|Raikou|321\/321
|-ability|p1a: Raikou|Pressure
|turn|2
|
|switch|p1a: Metagross|Metagross|301\/301
|switch|p2a: Tyrannosaurus|Tyranitar, M|401\/401
|-weather|Sandstorm
|
|-weather|Sandstorm|[upkeep]
|turn|3
|c| MushMunkey|read like a book
|
|switch|p2a: Cactusssssssss|Ferrothorn, F|351\/351
|detailschange|p1a: Metagross|Metagross-Mega
|-mega|p1a: Metagross|Metagross|Metagrossite
|move|p1a: Metagross|Hammer Arm|p2a: Cactusssssssss
|-supereffective|p2a: Cactusssssssss
|-damage|p2a: Cactusssssssss|79\/351
|-damage|p1a: Metagross|264\/301|[from] ability: Iron Barbs|[of] p2a: Cactusssssssss
|-damage|p1a: Metagross|214\/301|[from] item: Rocky Helmet|[of] p2a: Cactusssssssss
|-unboost|p1a: Metagross|spe|1
|
|-weather|Sandstorm|[upkeep]
|turn|4
|join|hand relief
|
|move|p1a: Metagross|Stealth Rock|p2a: Cactusssssssss
|-sidestart|p2: tmmh|move: Stealth Rock
|move|p2a: Cactusssssssss|Leech Seed|p1a: Metagross
|-start|p1a: Metagross|move: Leech Seed
|
|-weather|Sandstorm|[upkeep]
|-damage|p1a: Metagross|177\/301|[from] Leech Seed|[of] p2a: Cactusssssssss
|-heal|p2a: Cactusssssssss|116\/351|[silent]
|turn|5
|join|kektus
|join|Shia LaBouff
|
|switch|p1a: Keldeo|Keldeo|323\/323
|move|p2a: Cactusssssssss|Thunder Wave|p1a: Keldeo
|-status|p1a: Keldeo|par
|
|-weather|Sandstorm|[upkeep]
|-damage|p1a: Keldeo|303\/323 par|[from] sandstorm
|-heal|p1a: Keldeo|323\/323 par|[from] item: Leftovers
|turn|6
|c| Jefo|g-g
|c| kektus|gg
|c|âvolcarno129|shut up idiots
|c| MushMunkey|what the fuck T-WAVE?
|raw|<div class="broadcast-red"><b>Moderated chat was set to +!<\/b><br \/>Only users of rank + and higher can talk.<\/div>
|
|move|p1a: Keldeo|Secret Sword|p2a: Cactusssssssss
|-supereffective|p2a: Cactusssssssss
|-damage|p2a: Cactusssssssss|0 fnt
|faint|p2a: Cactusssssssss
|
|-weather|Sandstorm|[upkeep]
|-damage|p1a: Keldeo|303\/323 par|[from] sandstorm
|-heal|p1a: Keldeo|323\/323 par|[from] item: Leftovers
|leave|MushMunkey
|
|switch|p2a: David Copperfield|Alakazam, F, shiny|251\/251
|turn|7
|
|switch|p2a: Ex-Boyfriend|Excadrill, M|373\/373
|-damage|p2a: Ex-Boyfriend|362\/373|[from] Stealth Rock
|-item|p2a: Ex-Boyfriend|Air Balloon
|switch|p1a: Bisharp|Bisharp, F|271\/271
|
|-weather|Sandstorm|[upkeep]
|turn|8
|
|switch|p1a: Landorus-Therian|Landorus-Therian, M|325\/325
|-ability|p1a: Landorus-Therian|Intimidate|[of] p2a: Ex-Boyfriend
|-unboost|p2a: Ex-Boyfriend|atk|1
|move|p2a: Ex-Boyfriend|Rapid Spin|p1a: Landorus-Therian
|-damage|p1a: Landorus-Therian|304\/325
|-sideend|p2: tmmh|Stealth Rock|[from] move: Rapid Spin|[of] p2a: Ex-Boyfriend
|
|-weather|Sandstorm|[upkeep]
|turn|9
|c|âvolcarno129|I
|c|âvolcarno129|WLL
|c|âvolcarno129|WILL
|c|âvolcarno129|SPIN
|
|move|p2a: Ex-Boyfriend|Iron Head|p1a: Landorus-Therian
|-damage|p1a: Landorus-Therian|190\/325
|cant|p1a: Landorus-Therian|flinch
|
|-weather|none
|turn|10
|c|âvolcarno129|I WILL
|c|âvolcarno129|GET LUCKY
|
|move|p1a: Landorus-Therian|U-turn|p2a: Ex-Boyfriend
|-resisted|p2a: Ex-Boyfriend
|-damage|p2a: Ex-Boyfriend|291\/373
|-enditem|p2a: Ex-Boyfriend|Air Balloon
|
|switch|p1a: Metagross|Metagross-Mega|177\/301
|move|p2a: Ex-Boyfriend|Earthquake|p1a: Metagross
|-crit|p1a: Metagross
|-supereffective|p1a: Metagross
|-damage|p1a: Metagross|0 fnt
|faint|p1a: Metagross
|
|c|âvolcarno129|AH PLAYS
|c|âvolcarno129|owned
|c|âvolcarno129|by this 68 gxe shitlord
|
|switch|p1a: Landorus-Therian|Landorus-Therian, M|190\/325
|-ability|p1a: Landorus-Therian|Intimidate|[of] p2a: Ex-Boyfriend
|-unboost|p2a: Ex-Boyfriend|atk|1
|turn|11
|
|switch|p2a: CleFabulous|Clefable, F, shiny|393\/393
|move|p1a: Landorus-Therian|Stone Edge|p2a: CleFabulous|[miss]
|-miss|p1a: Landorus-Therian|p2a: CleFabulous
|
|turn|12
|
|switch|p1a: Raikou|Raikou|321\/321
|-ability|p1a: Raikou|Pressure
|move|p2a: CleFabulous|Wish|p2a: CleFabulous
|
|turn|13
|
|switch|p2a: Tyrannosaurus|Tyranitar, M|401\/401
|-weather|Sandstorm
|move|p1a: Raikou|Volt Switch|p2a: Tyrannosaurus
|-damage|p2a: Tyrannosaurus|332\/401
|
|switch|p1a: Bisharp|Bisharp, F|271\/271
|
|-weather|Sandstorm|[upkeep]
|-heal|p2a: Tyrannosaurus|401\/401|[from] move: Wish|[wisher] CleFabulous
|turn|14
|
|move|p1a: Bisharp|Iron Head|p2a: Tyrannosaurus
|-crit|p2a: Tyrannosaurus
|-supereffective|p2a: Tyrannosaurus
|-damage|p2a: Tyrannosaurus|58\/401
|-damage|p1a: Bisharp|244\/271|[from] item: Life Orb
|cant|p2a: Tyrannosaurus|flinch
|
|-weather|Sandstorm|[upkeep]
|turn|15
|c|âtmmh|nice
|c|âvolcarno129|kill yourself
|c|âvolcarno129|you are terrible
|
|move|p1a: Bisharp|Knock Off|p2a: Tyrannosaurus
|-resisted|p2a: Tyrannosaurus
|-damage|p2a: Tyrannosaurus|0 fnt
|-enditem|p2a: Tyrannosaurus|Smooth Rock|[from] move: Knock Off|[of] p1a: Bisharp
|-damage|p1a: Bisharp|217\/271|[from] item: Life Orb
|faint|p2a: Tyrannosaurus
|
|-weather|Sandstorm|[upkeep]
|
|switch|p2a: Ex-Boyfriend|Excadrill, M|291\/373
|turn|16
|
|switch|p1a: Keldeo|Keldeo|323\/323 par
|move|p2a: Ex-Boyfriend|Iron Head|p1a: Keldeo
|-resisted|p1a: Keldeo
|-damage|p1a: Keldeo|236\/323 par
|
|-weather|Sandstorm|[upkeep]
|-damage|p1a: Keldeo|216\/323 par|[from] sandstorm
|-heal|p1a: Keldeo|236\/323 par|[from] item: Leftovers
|turn|17
|join|uhhh o-ok
|
|move|p2a: Ex-Boyfriend|Iron Head|p1a: Keldeo
|-resisted|p1a: Keldeo
|-damage|p1a: Keldeo|146\/323 par
|cant|p1a: Keldeo|par
|
|-weather|Sandstorm|[upkeep]
|-damage|p1a: Keldeo|126\/323 par|[from] sandstorm
|-heal|p1a: Keldeo|146\/323 par|[from] item: Leftovers
|turn|18
|c|âvolcarno129|kill yourself poopyhead
|c|âvolcarno129|kill
|
|switch|p1a: Landorus-Therian|Landorus-Therian, M|190\/325
|-ability|p1a: Landorus-Therian|Intimidate|[of] p2a: Ex-Boyfriend
|-unboost|p2a: Ex-Boyfriend|atk|1
|move|p2a: Ex-Boyfriend|Earthquake|p1a: Landorus-Therian
|-immune|p1a: Landorus-Therian|[msg]
|
|-weather|Sandstorm|[upkeep]
|turn|19
|c|âvolcarno129|yourself
|
|move|p2a: Ex-Boyfriend|Iron Head|p1a: Landorus-Therian
|-crit|p1a: Landorus-Therian
|-damage|p1a: Landorus-Therian|0 fnt
|faint|p1a: Landorus-Therian
|
|-weather|Sandstorm|[upkeep]
|c|âvolcarno129|KILL
|c|âvolcarno129|YOURSELF
|c|âtmmh|haha
|c|âvolcarno129|YEAH HAHA IM LAUGHING
|leave|killurself tmmh
|c|âvolcarno129|SO MUCH ATM
|join|killurself tmmh
|
|switch|p1a: Keldeo|Keldeo|146\/323 par
|turn|20
|leave|killurself tmmh
|join|killurself tmmh
|
|move|p2a: Ex-Boyfriend|Earthquake|p1a: Keldeo
|-damage|p1a: Keldeo|0 fnt
|faint|p1a: Keldeo
|
|-weather|none
|leave|killurself tmmh
|c|âvolcarno129|IM LAUGHING BECAUSE OF HOW GOOD YOU ARE
|
|switch|p1a: Raikou|Raikou|321\/321
|-ability|p1a: Raikou|Pressure
|turn|21
|
|move|p1a: Raikou|Shadow Ball|p2a: Ex-Boyfriend
|-damage|p2a: Ex-Boyfriend|175\/373
|-unboost|p2a: Ex-Boyfriend|spd|1
|move|p2a: Ex-Boyfriend|Earthquake|p1a: Raikou
|-supereffective|p1a: Raikou
|-damage|p1a: Raikou|0 fnt
|faint|p1a: Raikou
|
|
|switch|p1a: Bisharp|Bisharp, F|217\/271
|turn|22
|leave|FUCK TMMH
|join|FUCK TMMH
|leave|FUCK TMMH
|join|FUCK TMMH
|leave|FUCK TMMH
|join|FUCK TMMH
|join|EpicBrahmin
|join|killurself tmmh
|leave|FUCK TMMH
|join|FUCK TMMH
|leave|FUCK TMMH
|c|âtmmh|....
|leave|killurself tmmh
|c|âtmmh|u want a win
|c|âtmmh|a will give u
|c|âtmmh|*i
|join|killurself tmmh
|c|âvolcarno129|Give me  A WIN
|
|switch|p2a: Zary|Charizard-Mega-Y, M|139\/297
|-weather|SunnyDay
|move|p1a: Bisharp|Sucker Punch|p2a: Zary
|-fail|p2a: Zary
|
|-weather|SunnyDay|[upkeep]
|turn|23
|c|âtmmh|dont need to do stupid things
|
|move|p2a: Zary|Roost|p2a: Zary
|-heal|p2a: Zary|288\/297
|move|p1a: Bisharp|Swords Dance|p1a: Bisharp
|-boost|p1a: Bisharp|atk|2
|
|-weather|SunnyDay|[upkeep]
|turn|24
|leave|killurself tmmh
|join|killurself tmmh
|
|move|p1a: Bisharp|Sucker Punch|p2a: Zary
|-fail|p2a: Zary
|move|p2a: Zary|Roost|p2a: Zary
|-heal|p2a: Zary|297\/297
|
|-weather|SunnyDay|[upkeep]
|turn|25
|
|move|p1a: Bisharp|Sucker Punch|p2a: Zary
|-damage|p2a: Zary|0 fnt
|-damage|p1a: Bisharp|190\/271|[from] item: Life Orb
|faint|p2a: Zary
|
|-weather|SunnyDay|[upkeep]
|c|âvolcarno129|YES CONTINUE MAKING THESE SHIT PLAYUS
|c|âvolcarno129|PLAYS
|
|switch|p2a: CleFabulous|Clefable, F, shiny|393\/393
|turn|26
|c|âtmmh|u win this
|c|âvolcarno129|UNAWARE CLEF
|c|âvolcarno129|THATS GOOD
|c|âtmmh|haha
|
|move|p1a: Bisharp|Iron Head|p2a: CleFabulous
|-supereffective|p2a: CleFabulous
|-damage|p2a: CleFabulous|65\/393
|-damage|p1a: Bisharp|163\/271|[from] item: Life Orb
|move|p2a: CleFabulous|Moonblast|p1a: Bisharp
|-damage|p1a: Bisharp|25\/271
|
|-weather|none
|-heal|p2a: CleFabulous|89\/393|[from] item: Leftovers
|turn|27
|c|âvolcarno129|HAHA YEAH
|c|âvolcarno129|HAHAHAHAHAH
|c|âtmmh|gg life orb
|
|move|p1a: Bisharp|Iron Head|p2a: CleFabulous
|-supereffective|p2a: CleFabulous
|-damage|p2a: CleFabulous|0 fnt
|-damage|p1a: Bisharp|0 fnt|[from] item: Life Orb
|faint|p2a: CleFabulous
|faint|p1a: Bisharp
|
|win|tmmh
|raw|Ladder updating...
|raw|volcarno129's rating: 1719 &rarr; <strong>1690<\/strong><br \/>(-29 for losing)
|raw|tmmh's rating: 1532 &rarr; <strong>1562<\/strong><br \/>(+30 for winning)
|c|âtmmh|get the fuck out
|c|âvolcarno129|kill yourself
|c|âvolcarno129|you are shit
|leave|volcarno129
|player|p1
|leave|killurself tmmh
|leave|Shia LaBouff
|leave|uhhh o-ok