|join|The Ess of Johan
|join|Sith Grey Warden
|player|p1|The Ess of Johan|102
|player|p2|Sith Grey Warden|235
|gametype|singles
|gen|6
|tier|OU
|rated
|clearpoke
|poke|p1|Slowbro, F
|poke|p1|Celebi
|poke|p1|Heatran, F
|poke|p1|Mandibuzz, F
|poke|p1|Gothitelle, F
|poke|p1|Scizor, M
|poke|p2|Charizard, M
|poke|p2|Tyranitar, M
|poke|p2|Breloom, F
|poke|p2|Rotom-Wash
|poke|p2|Excadrill, F
|poke|p2|Sylveon, M
|rule|Swagger Clause: Swagger is banned
|rule|Baton Pass Clause: Limit one PokÃ©mon knowing Baton Pass
|rule|Sleep Clause Mod: Limit one foe put to sleep
|rule|Species Clause: Limit one of each PokÃ©mon
|rule|OHKO Clause: OHKO moves are banned
|rule|Moody Clause: Moody is banned
|rule|Evasion Moves Clause: Evasion moves are banned
|rule|Endless Battle Clause: Forcing endless battles is banned
|rule|HP Percentage Mod: HP is shown in percentages
|teampreview
|
|start
|switch|p1a: Mandibuzz|Mandibuzz, F|423\/423
|switch|p2a: GSC|Tyranitar, M|403\/403
|-weather|Sandstorm
|turn|1
|
|move|p1a: Mandibuzz|Foul Play|p2a: GSC
|-resisted|p2a: GSC
|-damage|p2a: GSC|346\/403
|move|p2a: GSC|Stealth Rock|p1a: Mandibuzz
|-sidestart|p1: The Ess of Johan|move: Stealth Rock
|
|-weather|Sandstorm|[upkeep]
|turn|2
|
|move|p1a: Mandibuzz|Foul Play|p2a: GSC
|-resisted|p2a: GSC
|-damage|p2a: GSC|297\/403
|move|p2a: GSC|Ice Beam|p1a: Mandibuzz
|-supereffective|p1a: Mandibuzz
|-damage|p1a: Mandibuzz|277\/423
|-status|p1a: Mandibuzz|frz
|
|-weather|Sandstorm|[upkeep]
|-heal|p1a: Mandibuzz|303\/423 frz|[from] item: Leftovers
|turn|3
|
|switch|p2a: BW|Excadrill, F|361\/361
|cant|p1a: Mandibuzz|frz
|
|-weather|Sandstorm|[upkeep]
|-heal|p1a: Mandibuzz|329\/423 frz|[from] item: Leftovers
|turn|4
|
|move|p2a: BW|Rock Slide|p1a: Mandibuzz
|-supereffective|p1a: Mandibuzz
|-damage|p1a: Mandibuzz|129\/423 frz
|-damage|p2a: BW|325\/361|[from] item: Life Orb
|-curestatus|p1a: Mandibuzz|frz
|move|p1a: Mandibuzz|Foul Play|p2a: BW
|-crit|p2a: BW
|-damage|p2a: BW|0 fnt
|faint|p2a: BW
|
|-weather|Sandstorm|[upkeep]
|-heal|p1a: Mandibuzz|155\/423|[from] item: Leftovers
|
|switch|p2a: DPPt|Rotom-Wash|303\/303
|turn|5
|
|move|p2a: DPPt|Volt Switch|p1a: Mandibuzz
|-supereffective|p1a: Mandibuzz
|-damage|p1a: Mandibuzz|0 fnt
|faint|p1a: Mandibuzz
|
|switch|p2a: XY|Sylveon, M|394\/394
|
|-weather|Sandstorm|[upkeep]
|-damage|p2a: XY|370\/394|[from] sandstorm
|
|switch|p1a: Gothitelle|Gothitelle, F|301\/301
|-damage|p1a: Gothitelle|264\/301|[from] Stealth Rock
|turn|6
|
|move|p1a: Gothitelle|Trick|p2a: XY
|-activate|p1a: Gothitelle|move: Trick|[of] p2a: XY
|-item|p2a: XY|Choice Scarf|[from] move: Trick
|-item|p1a: Gothitelle|Choice Specs|[from] move: Trick
|move|p2a: XY|Shadow Ball|p1a: Gothitelle
|-supereffective|p1a: Gothitelle
|-damage|p1a: Gothitelle|100\/301
|-unboost|p1a: Gothitelle|spd|1
|
|-weather|Sandstorm|[upkeep]
|-damage|p1a: Gothitelle|82\/301|[from] sandstorm
|-damage|p2a: XY|346\/394|[from] sandstorm
|turn|7
|
|switch|p1a: Heatran|Heatran, F|385\/385
|-damage|p1a: Heatran|337\/385|[from] Stealth Rock
|move|p2a: XY|Shadow Ball|p1a: Heatran
|-damage|p1a: Heatran|251\/385
|-unboost|p1a: Heatran|spd|1
|
|-weather|Sandstorm|[upkeep]
|-damage|p2a: XY|322\/394|[from] sandstorm
|-heal|p1a: Heatran|275\/385|[from] item: Leftovers
|turn|8
|
|switch|p2a: DPPt|Rotom-Wash|303\/303
|move|p1a: Heatran|Toxic|p2a: DPPt
|-status|p2a: DPPt|tox
|
|-weather|none
|-heal|p1a: Heatran|299\/385|[from] item: Leftovers
|-damage|p2a: DPPt|285\/303 tox|[from] psn
|turn|9
|
|move|p1a: Heatran|Protect|p1a: Heatran
|-singleturn|p1a: Heatran|Protect
|move|p2a: DPPt|Hydro Pump|p1a: Heatran
|-activate|p1a: Heatran|Protect
|
|-heal|p1a: Heatran|323\/385|[from] item: Leftovers
|-heal|p2a: DPPt|303\/303 tox|[from] item: Leftovers
|-damage|p2a: DPPt|267\/303 tox|[from] psn
|turn|10
|
|switch|p1a: Celebi|Celebi|401\/401
|-damage|p1a: Celebi|351\/401|[from] Stealth Rock
|move|p2a: DPPt|Volt Switch|p1a: Celebi
|-resisted|p1a: Celebi
|-damage|p1a: Celebi|321\/401
|
|switch|p2a: XY|Sylveon, M|322\/394
|
|-heal|p1a: Celebi|346\/401|[from] item: Leftovers
|turn|11
|
|move|p1a: Celebi|Giga Drain|p2a: XY
|-damage|p2a: XY|256\/394
|-heal|p1a: Celebi|379\/401|[from] drain|[of] p2a: XY
|move|p2a: XY|Shadow Ball|p1a: Celebi
|-supereffective|p1a: Celebi
|-damage|p1a: Celebi|235\/401
|
|-heal|p1a: Celebi|260\/401|[from] item: Leftovers
|turn|12
|
|move|p1a: Celebi|U-turn|p2a: XY
|-crit|p2a: XY
|-resisted|p2a: XY
|-damage|p2a: XY|208\/394
|
|switch|p1a: Heatran|Heatran, F|323\/385
|-damage|p1a: Heatran|275\/385|[from] Stealth Rock
|move|p2a: XY|Shadow Ball|p1a: Heatran
|-damage|p1a: Heatran|188\/385
|
|-heal|p1a: Heatran|212\/385|[from] item: Leftovers
|turn|13
|
|switch|p2a: DPPt|Rotom-Wash|267\/303 tox
|move|p1a: Heatran|Stealth Rock|p2a: DPPt
|-sidestart|p2: Sith Grey Warden|move: Stealth Rock
|
|-heal|p1a: Heatran|236\/385|[from] item: Leftovers
|-heal|p2a: DPPt|285\/303 tox|[from] item: Leftovers
|-damage|p2a: DPPt|267\/303 tox|[from] psn
|turn|14
|
|move|p1a: Heatran|Protect|p1a: Heatran
|-singleturn|p1a: Heatran|Protect
|move|p2a: DPPt|Hydro Pump|p1a: Heatran
|-activate|p1a: Heatran|Protect
|
|-heal|p1a: Heatran|260\/385|[from] item: Leftovers
|-heal|p2a: DPPt|285\/303 tox|[from] item: Leftovers
|-damage|p2a: DPPt|249\/303 tox|[from] psn
|turn|15
|
|switch|p1a: Celebi|Celebi|260\/401
|-damage|p1a: Celebi|210\/401|[from] Stealth Rock
|move|p2a: DPPt|Hydro Pump|p1a: Celebi
|-resisted|p1a: Celebi
|-damage|p1a: Celebi|163\/401
|
|-heal|p1a: Celebi|188\/401|[from] item: Leftovers
|-heal|p2a: DPPt|267\/303 tox|[from] item: Leftovers
|-damage|p2a: DPPt|213\/303 tox|[from] psn
|turn|16
|
|switch|p2a: XY|Sylveon, M|208\/394
|-damage|p2a: XY|159\/394|[from] Stealth Rock
|move|p1a: Celebi|Giga Drain|p2a: XY
|-damage|p2a: XY|84\/394
|-heal|p1a: Celebi|226\/401|[from] drain|[of] p2a: XY
|
|-heal|p1a: Celebi|251\/401|[from] item: Leftovers
|turn|17
|
|move|p1a: Celebi|Giga Drain|p2a: XY
|-damage|p2a: XY|18\/394
|-heal|p1a: Celebi|284\/401|[from] drain|[of] p2a: XY
|move|p2a: XY|Hidden Power|p1a: Celebi
|-resisted|p1a: Celebi
|-damage|p1a: Celebi|259\/401
|
|-heal|p1a: Celebi|284\/401|[from] item: Leftovers
|turn|18
|
|move|p1a: Celebi|U-turn|p2a: XY
|-resisted|p2a: XY
|-damage|p2a: XY|0 fnt
|faint|p2a: XY
|
|switch|p1a: Gothitelle|Gothitelle, F|82\/301
|-damage|p1a: Gothitelle|45\/301|[from] Stealth Rock
|
|
|switch|p2a: DPPt|Rotom-Wash|213\/303 tox
|-damage|p2a: DPPt|176\/303 tox|[from] Stealth Rock
|turn|19
|
|move|p1a: Gothitelle|Trick|p2a: DPPt
|-activate|p1a: Gothitelle|move: Trick|[of] p2a: DPPt
|-item|p2a: DPPt|Choice Specs|[from] move: Trick
|-item|p1a: Gothitelle|Leftovers|[from] move: Trick
|move|p2a: DPPt|Volt Switch|p1a: Gothitelle
|-damage|p1a: Gothitelle|0 fnt
|faint|p1a: Gothitelle
|
|switch|p2a: GSC|Tyranitar, M|297\/403
|-damage|p2a: GSC|247\/403|[from] Stealth Rock
|-weather|Sandstorm
|
|-weather|Sandstorm|[upkeep]
|
|switch|p1a: Scizor|Scizor, M|281\/281
|-damage|p1a: Scizor|246\/281|[from] Stealth Rock
|turn|20
|
|move|p1a: Scizor|Bullet Punch|p2a: GSC
|-supereffective|p2a: GSC
|-damage|p2a: GSC|0 fnt
|faint|p2a: GSC
|
|-weather|Sandstorm|[upkeep]
|
|switch|p2a: RBY|Charizard, M|319\/319
|-damage|p2a: RBY|160\/319|[from] Stealth Rock
|turn|21
|
|switch|p1a: Heatran|Heatran, F|260\/385
|-damage|p1a: Heatran|212\/385|[from] Stealth Rock
|detailschange|p2a: RBY|Charizard-Mega-X, M
|message|Charizard has Mega Evolved into Mega Charizard!
|move|p2a: RBY|Roost|p2a: RBY
|-heal|p2a: RBY|319\/319
|
|-weather|Sandstorm|[upkeep]
|-damage|p2a: RBY|300\/319|[from] sandstorm
|-heal|p1a: Heatran|236\/385|[from] item: Leftovers
|turn|22
|
|switch|p2a: DPPt|Rotom-Wash|176\/303 tox
|-damage|p2a: DPPt|139\/303 tox|[from] Stealth Rock
|move|p1a: Heatran|Toxic|p2a: DPPt
|-fail|p2a: DPPt|tox
|
|-weather|Sandstorm|[upkeep]
|-damage|p2a: DPPt|121\/303 tox|[from] sandstorm
|-heal|p1a: Heatran|260\/385|[from] item: Leftovers
|-damage|p2a: DPPt|103\/303 tox|[from] psn
|turn|23
|
|move|p1a: Heatran|Protect|p1a: Heatran
|-singleturn|p1a: Heatran|Protect
|move|p2a: DPPt|Pain Split|p1a: Heatran
|-activate|p1a: Heatran|Protect
|
|-weather|Sandstorm|[upkeep]
|-damage|p2a: DPPt|85\/303 tox|[from] sandstorm
|-heal|p1a: Heatran|284\/385|[from] item: Leftovers
|-damage|p2a: DPPt|49\/303 tox|[from] psn
|turn|24
|
|move|p1a: Heatran|Lava Plume|p2a: DPPt
|-resisted|p2a: DPPt
|-damage|p2a: DPPt|0 fnt
|faint|p2a: DPPt
|
|-weather|Sandstorm|[upkeep]
|-heal|p1a: Heatran|308\/385|[from] item: Leftovers
|
|switch|p2a: RSE|Breloom, F|261\/261
|-damage|p2a: RSE|245\/261|[from] Stealth Rock
|turn|25
|
|switch|p1a: Celebi|Celebi|284\/401
|-damage|p1a: Celebi|234\/401|[from] Stealth Rock
|move|p2a: RSE|Spore|p1a: Celebi
|-fail|p1a: Celebi
|
|-weather|Sandstorm|[upkeep]
|-damage|p2a: RSE|229\/261|[from] sandstorm
|-damage|p1a: Celebi|209\/401|[from] sandstorm
|-heal|p1a: Celebi|234\/401|[from] item: Leftovers
|turn|26
|
|switch|p2a: RBY|Charizard-Mega-X, M|300\/319
|-damage|p2a: RBY|221\/319|[from] Stealth Rock
|move|p1a: Celebi|Recover|p1a: Celebi
|-heal|p1a: Celebi|401\/401
|
|-weather|none
|turn|27
|
|move|p2a: RBY|Dragon Dance|p2a: RBY
|-boost|p2a: RBY|atk|1
|-boost|p2a: RBY|spe|1
|move|p1a: Celebi|Perish Song|p1a: Celebi
|-fieldactivate|move: Perish Song
|
|-start|p2a: RBY|perish3
|-start|p1a: Celebi|perish3
|turn|28
|
|switch|p1a: Heatran|Heatran, F|308\/385
|-damage|p1a: Heatran|260\/385|[from] Stealth Rock
|move|p2a: RBY|Dragon Claw|p1a: Heatran
|-resisted|p1a: Heatran
|-damage|p1a: Heatran|125\/385
|
|-start|p2a: RBY|perish2
|-heal|p1a: Heatran|149\/385|[from] item: Leftovers
|turn|29
|
|move|p1a: Heatran|Protect|p1a: Heatran
|-singleturn|p1a: Heatran|Protect
|move|p2a: RBY|Dragon Claw|p1a: Heatran
|-activate|p1a: Heatran|Protect
|
|-start|p2a: RBY|perish1
|-heal|p1a: Heatran|173\/385|[from] item: Leftovers
|turn|30
|
|switch|p2a: RSE|Breloom, F|229\/261
|-damage|p2a: RSE|213\/261|[from] Stealth Rock
|move|p1a: Heatran|Lava Plume|p2a: RSE
|-supereffective|p2a: RSE
|-damage|p2a: RSE|0 fnt
|faint|p2a: RSE
|
|-heal|p1a: Heatran|197\/385|[from] item: Leftovers
|
|switch|p2a: RBY|Charizard-Mega-X, M|221\/319
|-damage|p2a: RBY|142\/319|[from] Stealth Rock
|turn|31
|
|move|p2a: RBY|Dragon Claw|p1a: Heatran
|-resisted|p1a: Heatran
|-damage|p1a: Heatran|92\/385
|move|p1a: Heatran|Toxic|p2a: RBY
|-status|p2a: RBY|tox
|
|-heal|p1a: Heatran|116\/385|[from] item: Leftovers
|-damage|p2a: RBY|123\/319 tox|[from] psn
|turn|32
|
|switch|p1a: Slowbro|Slowbro, F|393\/393
|-damage|p1a: Slowbro|344\/393|[from] Stealth Rock
|move|p2a: RBY|Roost|p2a: RBY
|-heal|p2a: RBY|283\/319 tox
|
|-damage|p2a: RBY|245\/319 tox|[from] psn
|turn|33
|
|detailschange|p1a: Slowbro|Slowbro-Mega, F
|message|Slowbro has Mega Evolved into Mega Slowbro!
|move|p2a: RBY|Dragon Claw|p1a: Slowbro
|-damage|p1a: Slowbro|212\/393
|move|p1a: Slowbro|Iron Defense|p1a: Slowbro
|-boost|p1a: Slowbro|def|2
|
|-damage|p2a: RBY|188\/319 tox|[from] psn
|turn|34
|-message|Sith Grey Warden forfeited.
|
|win|The Ess of Johan
|raw|Ladder updating...
|leave|Sith Grey Warden
|player|p2
|raw|The Ess of Johan's rating: 1484 &rarr; <strong>1507<\/strong><br \/>(+23 for winning)
|raw|Sith Grey Warden's rating: 1528 &rarr; <strong>1505<\/strong><br \/>(-23 for losing)