|join|StevenMilfHunter
|join|The Ess of Johan
|player|p1|StevenMilfHunter|265
|player|p2|The Ess of Johan|102
|gametype|singles
|gen|6
|tier|OU
|rated
|clearpoke
|poke|p1|Sableye, M
|poke|p1|Chansey, F
|poke|p1|Skarmory, M
|poke|p1|Quagsire, F
|poke|p1|Tentacruel, M
|poke|p1|Cresselia, F
|poke|p2|Slowbro, F
|poke|p2|Celebi
|poke|p2|Heatran, M
|poke|p2|Mandibuzz, F
|poke|p2|Gothitelle, F
|poke|p2|Scizor, F
|rule|Swagger Clause: Swagger is banned
|rule|Baton Pass Clause: Limit one PokÃ©mon knowing Baton Pass
|rule|Sleep Clause Mod: Limit one foe put to sleep
|rule|Species Clause: Limit one of each PokÃ©mon
|rule|OHKO Clause: OHKO moves are banned
|rule|Moody Clause: Moody is banned
|rule|Evasion Moves Clause: Evasion moves are banned
|rule|Endless Battle Clause: Forcing endless battles is banned
|rule|HP Percentage Mod: HP is shown in percentages
|teampreview
|
|start
|switch|p1a: Sableye|Sableye, M|303\/303
|switch|p2a: Mandibuzz|Mandibuzz, F|423\/423
|turn|1
|
|switch|p2a: Heatran|Heatran, M|385\/385
|detailschange|p1a: Sableye|Sableye-Mega, M
|message|Sableye has Mega Evolved into Mega Sableye!
|move|p1a: Sableye|Calm Mind|p1a: Sableye
|-boost|p1a: Sableye|spa|1
|-boost|p1a: Sableye|spd|1
|
|turn|2
|
|move|p2a: Heatran|Lava Plume|p1a: Sableye
|-damage|p1a: Sableye|225\/303
|move|p1a: Sableye|Calm Mind|p1a: Sableye
|-boost|p1a: Sableye|spa|1
|-boost|p1a: Sableye|spd|1
|
|turn|3
|
|move|p2a: Heatran|Lava Plume|p1a: Sableye
|-damage|p1a: Sableye|171\/303
|move|p1a: Sableye|Calm Mind|p1a: Sableye
|-boost|p1a: Sableye|spa|1
|-boost|p1a: Sableye|spd|1
|
|turn|4
|
|switch|p2a: Celebi|Celebi|401\/401
|move|p1a: Sableye|Recover|p1a: Sableye
|-heal|p1a: Sableye|303\/303
|
|turn|5
|
|move|p2a: Celebi|Perish Song|p2a: Celebi
|-fieldactivate|move: Perish Song
|move|p1a: Sableye|Dark Pulse|p2a: Celebi
|-supereffective|p2a: Celebi
|-damage|p2a: Celebi|93\/401
|
|-start|p2a: Celebi|perish3
|-start|p1a: Sableye|perish3
|-heal|p2a: Celebi|118\/401|[from] item: Leftovers
|turn|6
|
|move|p2a: Celebi|U-turn|p1a: Sableye
|-damage|p1a: Sableye|274\/303
|
|switch|p2a: Mandibuzz|Mandibuzz, F|423\/423
|move|p1a: Sableye|Dark Pulse|p2a: Mandibuzz
|-resisted|p2a: Mandibuzz
|-damage|p2a: Mandibuzz|315\/423
|
|-start|p1a: Sableye|perish2
|-heal|p2a: Mandibuzz|341\/423|[from] item: Leftovers
|turn|7
|
|switch|p2a: Gothitelle|Gothitelle, F|301\/301
|switch|p1a: Tentacruel|Tentacruel, M|363\/363
|
|turn|8
|
|move|p2a: Gothitelle|Psychic|p1a: Tentacruel
|-supereffective|p1a: Tentacruel
|-damage|p1a: Tentacruel|199\/363
|move|p1a: Tentacruel|Knock Off|p2a: Gothitelle
|-supereffective|p2a: Gothitelle
|-damage|p2a: Gothitelle|219\/301
|-enditem|p2a: Gothitelle|Choice Scarf|[from] move: Knock Off|[of] p1a: Tentacruel
|
|-heal|p1a: Tentacruel|221\/363|[from] item: Black Sludge
|turn|9
|
|move|p2a: Gothitelle|Psychic|p1a: Tentacruel
|-supereffective|p1a: Tentacruel
|-damage|p1a: Tentacruel|75\/363
|move|p1a: Tentacruel|Acid Spray|p2a: Gothitelle
|-damage|p2a: Gothitelle|179\/301
|-unboost|p2a: Gothitelle|spd|2
|
|-heal|p1a: Tentacruel|97\/363|[from] item: Black Sludge
|turn|10
|
|move|p2a: Gothitelle|Psychic|p1a: Tentacruel
|-supereffective|p1a: Tentacruel
|-damage|p1a: Tentacruel|0 fnt
|faint|p1a: Tentacruel
|
|
|switch|p1a: Sableye|Sableye-Mega, M|274\/303
|turn|11
|
|switch|p2a: Heatran|Heatran, M|385\/385
|move|p1a: Sableye|Calm Mind|p1a: Sableye
|-boost|p1a: Sableye|spa|1
|-boost|p1a: Sableye|spd|1
|
|turn|12
|
|move|p2a: Heatran|Lava Plume|p1a: Sableye
|-damage|p1a: Sableye|204\/303
|-status|p1a: Sableye|brn
|move|p1a: Sableye|Calm Mind|p1a: Sableye
|-boost|p1a: Sableye|spa|1
|-boost|p1a: Sableye|spd|1
|
|-damage|p1a: Sableye|167\/303 brn|[from] brn
|turn|13
|
|move|p2a: Heatran|Lava Plume|p1a: Sableye
|-damage|p1a: Sableye|112\/303 brn
|move|p1a: Sableye|Recover|p1a: Sableye
|-heal|p1a: Sableye|264\/303 brn
|
|-damage|p1a: Sableye|227\/303 brn|[from] brn
|turn|14
|
|switch|p1a: Chansey|Chansey, F|703\/703
|move|p2a: Heatran|Lava Plume|p1a: Chansey
|-damage|p1a: Chansey|627\/703
|
|turn|15
|
|switch|p2a: Gothitelle|Gothitelle, F|179\/301
|move|p1a: Chansey|Stealth Rock|p2a: Gothitelle
|-sidestart|p2: The Ess of Johan|move: Stealth Rock
|
|turn|16
|
|move|p2a: Gothitelle|Calm Mind|p2a: Gothitelle
|-boost|p2a: Gothitelle|spa|1
|-boost|p2a: Gothitelle|spd|1
|move|p1a: Chansey|Aromatherapy|p1a: Chansey
|-cureteam|p1a: Chansey|[from] move: Aromatherapy
|
|turn|17
|
|move|p2a: Gothitelle|Trick|p1a: Chansey
|-activate|p2a: Gothitelle|move: Trick|[of] p1a: Chansey
|-item|p2a: Gothitelle|Eviolite|[from] move: Trick
|move|p1a: Chansey|Seismic Toss|p2a: Gothitelle
|-damage|p2a: Gothitelle|79\/301
|
|turn|18
|
|move|p2a: Gothitelle|Rest|p2a: Gothitelle
|-status|p2a: Gothitelle|slp
|-heal|p2a: Gothitelle|301\/301 slp|[silent]
|-status|p2a: Gothitelle|slp|[from] move: Rest
|move|p1a: Chansey|Seismic Toss|p2a: Gothitelle
|-damage|p2a: Gothitelle|201\/301 slp
|
|turn|19
|
|cant|p2a: Gothitelle|slp
|move|p1a: Chansey|Seismic Toss|p2a: Gothitelle
|-damage|p2a: Gothitelle|101\/301 slp
|
|turn|20
|
|cant|p2a: Gothitelle|slp
|move|p1a: Chansey|Seismic Toss|p2a: Gothitelle
|-damage|p2a: Gothitelle|1\/301 slp
|
|turn|21
|
|-curestatus|p2a: Gothitelle|slp
|move|p2a: Gothitelle|Rest|p2a: Gothitelle
|-status|p2a: Gothitelle|slp
|-heal|p2a: Gothitelle|301\/301 slp|[silent]
|-status|p2a: Gothitelle|slp|[from] move: Rest
|move|p1a: Chansey|Seismic Toss|p2a: Gothitelle
|-damage|p2a: Gothitelle|201\/301 slp
|
|turn|22
|
|cant|p2a: Gothitelle|slp
|move|p1a: Chansey|Seismic Toss|p2a: Gothitelle
|-damage|p2a: Gothitelle|101\/301 slp
|
|turn|23
|
|cant|p2a: Gothitelle|slp
|move|p1a: Chansey|Seismic Toss|p2a: Gothitelle
|-damage|p2a: Gothitelle|1\/301 slp
|
|turn|24
|c|âThe Ess of Johan|is showdown lagging for you?
|
|-curestatus|p2a: Gothitelle|slp
|move|p2a: Gothitelle|Rest|p2a: Gothitelle
|-status|p2a: Gothitelle|slp
|-heal|p2a: Gothitelle|301\/301 slp|[silent]
|-status|p2a: Gothitelle|slp|[from] move: Rest
|move|p1a: Chansey|Seismic Toss|p2a: Gothitelle
|-damage|p2a: Gothitelle|201\/301 slp
|
|turn|25
|c|âStevenMilfHunter|abit
|
|cant|p2a: Gothitelle|slp
|move|p1a: Chansey|Seismic Toss|p2a: Gothitelle
|-damage|p2a: Gothitelle|101\/301 slp
|
|turn|26
|
|cant|p2a: Gothitelle|slp
|move|p1a: Chansey|Stealth Rock|p2a: Gothitelle
|-fail|p2a: Gothitelle
|
|turn|27
|
|-curestatus|p2a: Gothitelle|slp
|move|p2a: Gothitelle|Calm Mind|p2a: Gothitelle
|-boost|p2a: Gothitelle|spa|1
|-boost|p2a: Gothitelle|spd|1
|move|p1a: Chansey|Seismic Toss|p2a: Gothitelle
|-damage|p2a: Gothitelle|1\/301
|
|turn|28
|
|move|p2a: Gothitelle|Rest|p2a: Gothitelle
|-status|p2a: Gothitelle|slp
|-heal|p2a: Gothitelle|301\/301 slp|[silent]
|-status|p2a: Gothitelle|slp|[from] move: Rest
|move|p1a: Chansey|Stealth Rock|p2a: Gothitelle
|-fail|p2a: Gothitelle
|
|turn|29
|
|cant|p2a: Gothitelle|slp
|move|p1a: Chansey|Stealth Rock|p2a: Gothitelle
|-fail|p2a: Gothitelle
|
|turn|30
|
|cant|p2a: Gothitelle|slp
|move|p1a: Chansey|Stealth Rock|p2a: Gothitelle
|-fail|p2a: Gothitelle
|
|turn|31
|
|-curestatus|p2a: Gothitelle|slp
|move|p2a: Gothitelle|Calm Mind|p2a: Gothitelle
|-boost|p2a: Gothitelle|spa|1
|-boost|p2a: Gothitelle|spd|1
|move|p1a: Chansey|Stealth Rock|p2a: Gothitelle
|-fail|p2a: Gothitelle
|
|turn|32
|
|move|p2a: Gothitelle|Calm Mind|p2a: Gothitelle
|-boost|p2a: Gothitelle|spa|1
|-boost|p2a: Gothitelle|spd|1
|move|p1a: Chansey|Seismic Toss|p2a: Gothitelle
|-damage|p2a: Gothitelle|201\/301
|
|turn|33
|
|move|p2a: Gothitelle|Calm Mind|p2a: Gothitelle
|-boost|p2a: Gothitelle|spa|1
|-boost|p2a: Gothitelle|spd|1
|move|p1a: Chansey|Seismic Toss|p2a: Gothitelle
|-damage|p2a: Gothitelle|101\/301
|
|turn|34
|
|move|p2a: Gothitelle|Calm Mind|p2a: Gothitelle
|-boost|p2a: Gothitelle|spa|1
|-boost|p2a: Gothitelle|spd|1
|move|p1a: Chansey|Seismic Toss|p2a: Gothitelle
|-damage|p2a: Gothitelle|1\/301
|
|turn|35
|
|move|p2a: Gothitelle|Rest|p2a: Gothitelle
|-status|p2a: Gothitelle|slp
|-heal|p2a: Gothitelle|301\/301 slp|[silent]
|-status|p2a: Gothitelle|slp|[from] move: Rest
|move|p1a: Chansey|Stealth Rock|p2a: Gothitelle
|-fail|p2a: Gothitelle
|
|turn|36
|
|cant|p2a: Gothitelle|slp
|move|p1a: Chansey|Seismic Toss|p2a: Gothitelle
|-damage|p2a: Gothitelle|201\/301 slp
|
|turn|37
|
|cant|p2a: Gothitelle|slp
|move|p1a: Chansey|Seismic Toss|p2a: Gothitelle
|-damage|p2a: Gothitelle|101\/301 slp
|
|turn|38
|
|-curestatus|p2a: Gothitelle|slp
|move|p2a: Gothitelle|Calm Mind|p2a: Gothitelle
|-fail|p2a: Gothitelle
|move|p1a: Chansey|Seismic Toss|p2a: Gothitelle
|-damage|p2a: Gothitelle|1\/301
|
|turn|39
|
|move|p2a: Gothitelle|Rest|p2a: Gothitelle
|-status|p2a: Gothitelle|slp
|-heal|p2a: Gothitelle|301\/301 slp|[silent]
|-status|p2a: Gothitelle|slp|[from] move: Rest
|move|p1a: Chansey|Stealth Rock|p2a: Gothitelle
|-fail|p2a: Gothitelle
|
|turn|40
|
|cant|p2a: Gothitelle|slp
|move|p1a: Chansey|Seismic Toss|p2a: Gothitelle
|-damage|p2a: Gothitelle|201\/301 slp
|
|turn|41
|
|cant|p2a: Gothitelle|slp
|move|p1a: Chansey|Seismic Toss|p2a: Gothitelle
|-damage|p2a: Gothitelle|101\/301 slp
|
|turn|42
|
|-curestatus|p2a: Gothitelle|slp
|move|p2a: Gothitelle|Psychic|p1a: Chansey
|-damage|p1a: Chansey|212\/703
|move|p1a: Chansey|Seismic Toss|p2a: Gothitelle
|-damage|p2a: Gothitelle|1\/301
|
|turn|43
|
|move|p2a: Gothitelle|Rest|p2a: Gothitelle
|-status|p2a: Gothitelle|slp
|-heal|p2a: Gothitelle|301\/301 slp|[silent]
|-status|p2a: Gothitelle|slp|[from] move: Rest
|move|p1a: Chansey|Soft-Boiled|p1a: Chansey
|-heal|p1a: Chansey|564\/703
|
|turn|44
|
|cant|p2a: Gothitelle|slp
|move|p1a: Chansey|Stealth Rock|p2a: Gothitelle
|-fail|p2a: Gothitelle
|
|turn|45
|
|cant|p2a: Gothitelle|slp
|move|p1a: Chansey|Stealth Rock|p2a: Gothitelle
|-fail|p2a: Gothitelle
|
|turn|46
|
|-curestatus|p2a: Gothitelle|slp
|move|p2a: Gothitelle|Psychic|p1a: Chansey
|-damage|p1a: Chansey|167\/703
|move|p1a: Chansey|Soft-Boiled|p1a: Chansey
|-heal|p1a: Chansey|519\/703
|
|turn|47
|
|move|p2a: Gothitelle|Psychic|p1a: Chansey
|-damage|p1a: Chansey|99\/703
|-unboost|p1a: Chansey|spd|1
|move|p1a: Chansey|Soft-Boiled|p1a: Chansey
|-heal|p1a: Chansey|451\/703
|
|turn|48
|-message|StevenMilfHunter lost due to inactivity.
|
|win|The Ess of Johan
|raw|Ladder updating...
|raw|StevenMilfHunter's rating: 1497 &rarr; <strong>1479<\/strong><br \/>(-18 for losing)
|raw|The Ess of Johan's rating: 1547 &rarr; <strong>1565<\/strong><br \/>(+18 for winning)