|join|The Ess of Johan
|join|httsrsdfas
|player|p1|The Ess of Johan|253
|player|p2|httsrsdfas|2
|gametype|singles
|gen|6
|tier|OU
|rated
|clearpoke
|poke|p1|Skarmory, F
|poke|p1|Chansey, F
|poke|p1|Heatran, F
|poke|p1|Venusaur, F
|poke|p1|Landorus-Therian, M
|poke|p1|Quagsire, F
|poke|p2|Azumarill, F
|poke|p2|Latias, F
|poke|p2|Heatran, M
|poke|p2|Greninja, M
|poke|p2|Mew
|poke|p2|Scizor, M
|rule|Swagger Clause: Swagger is banned
|rule|Baton Pass Clause: Limit one PokÃ©mon knowing Baton Pass
|rule|Sleep Clause Mod: Limit one foe put to sleep
|rule|Species Clause: Limit one of each PokÃ©mon
|rule|OHKO Clause: OHKO moves are banned
|rule|Moody Clause: Moody is banned
|rule|Evasion Moves Clause: Evasion moves are banned
|rule|Endless Battle Clause: Forcing endless battles is banned
|rule|HP Percentage Mod: HP is reported as percentages
|teampreview
|
|start
|switch|p1a: Landorus-Therian|Landorus-Therian, M|320\/320
|switch|p2a: Greninja|Greninja, M|285\/285
|-ability|p1a: Landorus-Therian|Intimidate|[of] p2a: Greninja
|-unboost|p2a: Greninja|atk|1
|turn|1
|
|move|p1a: Landorus-Therian|Superpower|p2a: Greninja
|-supereffective|p2a: Greninja
|-damage|p2a: Greninja|0 fnt
|-unboost|p1a: Landorus-Therian|atk|1
|-unboost|p1a: Landorus-Therian|def|1
|faint|p2a: Greninja
|
|
|switch|p2a: Mew|Mew|404\/404
|turn|2
|
|switch|p1a: Heatran|Heatran, F|386\/386
|move|p2a: Mew|Knock Off|p1a: Heatran
|-crit|p1a: Heatran
|-damage|p1a: Heatran|274\/386
|-enditem|p1a: Heatran|Leftovers|[from] move: Knock Off|[of] p2a: Mew
|
|turn|3
|
|move|p2a: Mew|Taunt|p1a: Heatran
|-start|p1a: Heatran|move: Taunt
|move|p1a: Heatran|Lava Plume|p2a: Mew
|-damage|p2a: Mew|317\/404
|
|-heal|p2a: Mew|342\/404|[from] item: Leftovers
|turn|4
|
|move|p2a: Mew|Knock Off|p1a: Heatran
|-damage|p1a: Heatran|225\/386
|move|p1a: Heatran|Lava Plume|p2a: Mew
|-damage|p2a: Mew|257\/404
|
|-heal|p2a: Mew|282\/404|[from] item: Leftovers
|turn|5
|
|move|p2a: Mew|Roost|p2a: Mew
|-heal|p2a: Mew|404\/404
|move|p1a: Heatran|Lava Plume|p2a: Mew
|-damage|p2a: Mew|317\/404
|-status|p2a: Mew|brn
|
|-heal|p2a: Mew|342\/404 brn|[from] item: Leftovers
|-damage|p2a: Mew|292\/404 brn|[from] brn
|-end|p1a: Heatran|move: Taunt
|turn|6
|
|switch|p2a: Heatran|Heatran, M|386\/386
|-item|p2a: Heatran|Air Balloon
|move|p1a: Heatran|Lava Plume|p2a: Heatran
|-start|p2a: Heatran|ability: Flash Fire
|
|turn|7
|
|switch|p1a: Landorus-Therian|Landorus-Therian, M|320\/320
|-ability|p1a: Landorus-Therian|Intimidate|[of] p2a: Heatran
|-unboost|p2a: Heatran|atk|1
|move|p2a: Heatran|Taunt|p1a: Landorus-Therian
|-start|p1a: Landorus-Therian|move: Taunt
|
|turn|8
|
|move|p1a: Landorus-Therian|U-turn|p2a: Heatran
|-resisted|p2a: Heatran
|-damage|p2a: Heatran|366\/386
|-enditem|p2a: Heatran|Air Balloon
|
|switch|p1a: Heatran|Heatran, F|225\/386
|move|p2a: Heatran|Fire Blast|p1a: Heatran
|-start|p1a: Heatran|ability: Flash Fire
|
|turn|9
|
|move|p2a: Heatran|Stealth Rock|p1a: Heatran
|-sidestart|p1: The Ess of Johan|move: Stealth Rock
|move|p1a: Heatran|Stealth Rock|p2a: Heatran
|-sidestart|p2: httsrsdfas|move: Stealth Rock
|
|turn|10
|
|move|p2a: Heatran|Toxic|p1a: Heatran|[miss]
|-miss|p2a: Heatran|p1a: Heatran
|move|p1a: Heatran|Earth Power|p2a: Heatran
|-supereffective|p2a: Heatran
|-damage|p2a: Heatran|62\/386
|
|turn|11
|
|switch|p2a: Mew|Mew|292\/404 brn
|-damage|p2a: Mew|242\/404 brn|[from] Stealth Rock
|move|p1a: Heatran|Lava Plume|p2a: Mew
|-damage|p2a: Mew|106\/404 brn
|
|-heal|p2a: Mew|131\/404 brn|[from] item: Leftovers
|-damage|p2a: Mew|81\/404 brn|[from] brn
|turn|12
|
|move|p2a: Mew|Roost|p2a: Mew
|-heal|p2a: Mew|283\/404 brn
|move|p1a: Heatran|Taunt|p2a: Mew
|-start|p2a: Mew|move: Taunt
|
|-heal|p2a: Mew|308\/404 brn|[from] item: Leftovers
|-damage|p2a: Mew|258\/404 brn|[from] brn
|turn|13
|
|switch|p2a: Latias|Latias, F|319\/319
|-damage|p2a: Latias|280\/319|[from] Stealth Rock
|switch|p1a: Venusaur|Venusaur, F|364\/364
|-damage|p1a: Venusaur|319\/364|[from] Stealth Rock
|
|turn|14
|
|switch|p1a: Chansey|Chansey, F|704\/704
|-damage|p1a: Chansey|616\/704|[from] Stealth Rock
|move|p2a: Latias|Defog|p1a: Chansey
|-unboost|p1a: Chansey|evasion|1
|-sideend|p1: The Ess of Johan|Stealth Rock|[from] move: Defog|[of] p1a: Chansey
|-sideend|p2: httsrsdfas|Stealth Rock|[from] move: Defog|[of] p2a: Latias
|
|turn|15
|
|switch|p2a: Mew|Mew|258\/404 brn
|switch|p1a: Landorus-Therian|Landorus-Therian, M|320\/320
|-ability|p1a: Landorus-Therian|Intimidate|[of] p2a: Mew
|-unboost|p2a: Mew|atk|1
|
|-heal|p2a: Mew|283\/404 brn|[from] item: Leftovers
|-damage|p2a: Mew|233\/404 brn|[from] brn
|turn|16
|
|move|p1a: Landorus-Therian|U-turn|p2a: Mew
|-supereffective|p2a: Mew
|-damage|p2a: Mew|29\/404 brn
|
|switch|p1a: Heatran|Heatran, F|225\/386
|move|p2a: Mew|Roost|p2a: Mew
|-heal|p2a: Mew|231\/404 brn
|
|-heal|p2a: Mew|256\/404 brn|[from] item: Leftovers
|-damage|p2a: Mew|206\/404 brn|[from] brn
|turn|17
|
|move|p2a: Mew|Roost|p2a: Mew
|-heal|p2a: Mew|404\/404 brn
|move|p1a: Heatran|Lava Plume|p2a: Mew
|-damage|p2a: Mew|305\/404 brn
|
|-heal|p2a: Mew|330\/404 brn|[from] item: Leftovers
|-damage|p2a: Mew|280\/404 brn|[from] brn
|turn|18
|
|switch|p1a: Landorus-Therian|Landorus-Therian, M|320\/320
|-ability|p1a: Landorus-Therian|Intimidate|[of] p2a: Mew
|-unboost|p2a: Mew|atk|1
|move|p2a: Mew|Taunt|p1a: Landorus-Therian
|-start|p1a: Landorus-Therian|move: Taunt
|
|-heal|p2a: Mew|305\/404 brn|[from] item: Leftovers
|-damage|p2a: Mew|255\/404 brn|[from] brn
|turn|19
|
|move|p1a: Landorus-Therian|Knock Off|p2a: Mew
|-supereffective|p2a: Mew
|-damage|p2a: Mew|0 fnt
|-enditem|p2a: Mew|Leftovers|[from] move: Knock Off|[of] p1a: Landorus-Therian
|faint|p2a: Mew
|
|
|switch|p2a: Scizor|Scizor, M|299\/299
|turn|20
|
|switch|p1a: Skarmory|Skarmory, F|334\/334
|detailschange|p2a: Scizor|Scizor-Mega, M
|message|Scizor has Mega Evolved into Mega Scizor!
|move|p2a: Scizor|Knock Off|p1a: Skarmory
|-damage|p1a: Skarmory|272\/334
|-damage|p2a: Scizor|250\/299|[from] item: Rocky Helmet|[of] p1a: Skarmory
|-enditem|p1a: Skarmory|Rocky Helmet|[from] move: Knock Off|[of] p2a: Scizor
|
|turn|21
|
|switch|p2a: Heatran|Heatran, M|62\/386
|move|p1a: Skarmory|Spikes|p2a: Heatran
|-sidestart|p2: httsrsdfas|Spikes
|
|turn|22
|
|switch|p1a: Heatran|Heatran, F|225\/386
|move|p2a: Heatran|Stealth Rock|p1a: Heatran
|-sidestart|p1: The Ess of Johan|move: Stealth Rock
|
|turn|23
|
|move|p2a: Heatran|Taunt|p1a: Heatran
|-start|p1a: Heatran|move: Taunt
|move|p1a: Heatran|Lava Plume|p2a: Heatran
|-start|p2a: Heatran|ability: Flash Fire
|
|turn|24
|
|switch|p2a: Azumarill|Azumarill, F|393\/393
|-damage|p2a: Azumarill|344\/393|[from] Spikes
|move|p1a: Heatran|Lava Plume|p2a: Azumarill
|-resisted|p2a: Azumarill
|-damage|p2a: Azumarill|300\/393
|
|turn|25
|
|switch|p1a: Venusaur|Venusaur, F|319\/364
|-damage|p1a: Venusaur|274\/364|[from] Stealth Rock
|switch|p2a: Latias|Latias, F|280\/319
|
|turn|26
|
|detailschange|p1a: Venusaur|Venusaur-Mega, F
|message|Venusaur has Mega Evolved into Mega Venusaur!
|move|p2a: Latias|Psyshock|p1a: Venusaur
|-supereffective|p1a: Venusaur
|-damage|p1a: Venusaur|71\/364
|-damage|p2a: Latias|249\/319|[from] item: Life Orb
|move|p1a: Venusaur|Leech Seed|p2a: Latias
|-start|p2a: Latias|move: Leech Seed
|
|-damage|p2a: Latias|210\/319|[from] Leech Seed|[of] p1a: Venusaur
|-heal|p1a: Venusaur|110\/364|[silent]
|turn|27
|
|switch|p2a: Azumarill|Azumarill, F|300\/393
|-damage|p2a: Azumarill|251\/393|[from] Spikes
|switch|p1a: Chansey|Chansey, F|616\/704
|-damage|p1a: Chansey|528\/704|[from] Stealth Rock
|
|turn|28
|
|switch|p1a: Quagsire|Quagsire, F|394\/394
|-damage|p1a: Quagsire|370\/394|[from] Stealth Rock
|move|p2a: Azumarill|Superpower|p1a: Quagsire
|-damage|p1a: Quagsire|220\/394
|-unboost|p2a: Azumarill|atk|1
|-unboost|p2a: Azumarill|def|1
|
|-heal|p1a: Quagsire|244\/394|[from] item: Leftovers
|turn|29
|
|switch|p2a: Latias|Latias, F|210\/319
|move|p1a: Quagsire|Scald|p2a: Latias
|-resisted|p2a: Latias
|-damage|p2a: Latias|183\/319
|-status|p2a: Latias|brn
|
|-heal|p1a: Quagsire|268\/394|[from] item: Leftovers
|-damage|p2a: Latias|144\/319 brn|[from] brn
|turn|30
|
|move|p2a: Latias|Roost|p2a: Latias
|-heal|p2a: Latias|304\/319 brn
|move|p1a: Quagsire|Scald|p2a: Latias
|-resisted|p2a: Latias
|-damage|p2a: Latias|277\/319 brn
|
|-heal|p1a: Quagsire|292\/394|[from] item: Leftovers
|-damage|p2a: Latias|238\/319 brn|[from] brn
|turn|31
|
|switch|p1a: Chansey|Chansey, F|528\/704
|-damage|p1a: Chansey|440\/704|[from] Stealth Rock
|move|p2a: Latias|Psyshock|p1a: Chansey
|-crit|p1a: Chansey
|-damage|p1a: Chansey|140\/704
|-damage|p2a: Latias|207\/319 brn|[from] item: Life Orb
|
|-damage|p2a: Latias|168\/319 brn|[from] brn
|turn|32
|
|move|p2a: Latias|Psyshock|p1a: Chansey
|-damage|p1a: Chansey|0 fnt
|-damage|p2a: Latias|137\/319 brn|[from] item: Life Orb
|faint|p1a: Chansey
|
|-damage|p2a: Latias|98\/319 brn|[from] brn
|
|switch|p1a: Landorus-Therian|Landorus-Therian, M|320\/320
|-damage|p1a: Landorus-Therian|280\/320|[from] Stealth Rock
|-ability|p1a: Landorus-Therian|Intimidate|[of] p2a: Latias
|-unboost|p2a: Latias|atk|1
|turn|33
|
|switch|p2a: Heatran|Heatran, M|62\/386
|-damage|p2a: Heatran|14\/386|[from] Spikes
|move|p1a: Landorus-Therian|U-turn|p2a: Heatran
|-resisted|p2a: Heatran
|-damage|p2a: Heatran|0 fnt
|faint|p2a: Heatran
|
|switch|p1a: Venusaur|Venusaur-Mega, F|110\/364
|-damage|p1a: Venusaur|65\/364|[from] Stealth Rock
|
|
|switch|p2a: Scizor|Scizor-Mega, M|250\/299
|-damage|p2a: Scizor|213\/299|[from] Spikes
|turn|34
|
|move|p2a: Scizor|Bullet Punch|p1a: Venusaur
|-crit|p1a: Venusaur
|-damage|p1a: Venusaur|0 fnt
|faint|p1a: Venusaur
|
|
|switch|p1a: Heatran|Heatran, F|225\/386
|-damage|p1a: Heatran|177\/386|[from] Stealth Rock
|turn|35
|
|switch|p2a: Latias|Latias, F|98\/319 brn
|move|p1a: Heatran|Lava Plume|p2a: Latias
|-resisted|p2a: Latias
|-damage|p2a: Latias|52\/319 brn
|
|-damage|p2a: Latias|13\/319 brn|[from] brn
|turn|36
|
|move|p2a: Latias|Roost|p2a: Latias
|-heal|p2a: Latias|173\/319 brn
|move|p1a: Heatran|Taunt|p2a: Latias
|-start|p2a: Latias|move: Taunt
|
|-damage|p2a: Latias|134\/319 brn|[from] brn
|turn|37
|
|switch|p1a: Landorus-Therian|Landorus-Therian, M|280\/320
|-damage|p1a: Landorus-Therian|240\/320|[from] Stealth Rock
|-ability|p1a: Landorus-Therian|Intimidate|[of] p2a: Latias
|-unboost|p2a: Latias|atk|1
|move|p2a: Latias|Psyshock|p1a: Landorus-Therian
|-damage|p1a: Landorus-Therian|59\/320
|-damage|p2a: Latias|103\/319 brn|[from] item: Life Orb
|
|-damage|p2a: Latias|64\/319 brn|[from] brn
|turn|38
|
|switch|p2a: Scizor|Scizor-Mega, M|213\/299
|-damage|p2a: Scizor|176\/299|[from] Spikes
|move|p1a: Landorus-Therian|U-turn|p2a: Scizor
|-resisted|p2a: Scizor
|-damage|p2a: Scizor|136\/299
|
|switch|p1a: Heatran|Heatran, F|177\/386
|-damage|p1a: Heatran|129\/386|[from] Stealth Rock
|
|turn|39
|
|switch|p2a: Azumarill|Azumarill, F|251\/393
|-damage|p2a: Azumarill|202\/393|[from] Spikes
|move|p1a: Heatran|Lava Plume|p2a: Azumarill
|-resisted|p2a: Azumarill
|-damage|p2a: Azumarill|154\/393
|
|turn|40
|
|switch|p1a: Quagsire|Quagsire, F|292\/394
|-damage|p1a: Quagsire|268\/394|[from] Stealth Rock
|move|p2a: Azumarill|Waterfall|p1a: Quagsire
|-damage|p1a: Quagsire|117\/394
|
|-heal|p1a: Quagsire|141\/394|[from] item: Leftovers
|turn|41
|
|move|p2a: Azumarill|Waterfall|p1a: Quagsire
|-damage|p1a: Quagsire|6\/394
|cant|p1a: Quagsire|flinch
|
|-heal|p1a: Quagsire|30\/394|[from] item: Leftovers
|turn|42
|
|move|p2a: Azumarill|Waterfall|p1a: Quagsire
|-damage|p1a: Quagsire|0 fnt
|faint|p1a: Quagsire
|
|
|switch|p1a: Landorus-Therian|Landorus-Therian, M|59\/320
|-damage|p1a: Landorus-Therian|19\/320|[from] Stealth Rock
|-ability|p1a: Landorus-Therian|Intimidate|[of] p2a: Azumarill
|-unboost|p2a: Azumarill|atk|1
|turn|43
|
|move|p2a: Azumarill|Aqua Jet|p1a: Landorus-Therian
|-supereffective|p1a: Landorus-Therian
|-damage|p1a: Landorus-Therian|0 fnt
|faint|p1a: Landorus-Therian
|
|
|switch|p1a: Skarmory|Skarmory, F|272\/334
|-damage|p1a: Skarmory|231\/334|[from] Stealth Rock
|turn|44
|
|switch|p2a: Scizor|Scizor-Mega, M|136\/299
|-damage|p2a: Scizor|99\/299|[from] Spikes
|move|p1a: Skarmory|Brave Bird|p2a: Scizor
|-damage|p2a: Scizor|14\/299
|-damage|p1a: Skarmory|203\/334|[from] recoil|[of] p2a: Scizor
|
|turn|45
|
|move|p2a: Scizor|Roost|p2a: Scizor
|-heal|p2a: Scizor|164\/299
|move|p1a: Skarmory|Spikes|p2a: Scizor
|-sidestart|p2: httsrsdfas|Spikes
|
|turn|46
|
|switch|p1a: Heatran|Heatran, F|129\/386
|-damage|p1a: Heatran|81\/386|[from] Stealth Rock
|move|p2a: Scizor|Roost|p2a: Scizor
|-heal|p2a: Scizor|299\/299
|
|turn|47
|
|switch|p2a: Azumarill|Azumarill, F|154\/393
|-damage|p2a: Azumarill|89\/393|[from] Spikes
|move|p1a: Heatran|Lava Plume|p2a: Azumarill
|-crit|p2a: Azumarill
|-resisted|p2a: Azumarill
|-damage|p2a: Azumarill|15\/393
|
|turn|48
|
|switch|p1a: Skarmory|Skarmory, F|203\/334
|-damage|p1a: Skarmory|162\/334|[from] Stealth Rock
|move|p2a: Azumarill|Aqua Jet|p1a: Skarmory
|-damage|p1a: Skarmory|110\/334
|
|turn|49
|
|move|p1a: Skarmory|Roost|p1a: Skarmory
|-heal|p1a: Skarmory|277\/334
|move|p2a: Azumarill|Waterfall|p1a: Skarmory
|-damage|p1a: Skarmory|186\/334
|
|turn|50
|
|move|p1a: Skarmory|Brave Bird|p2a: Azumarill
|-damage|p2a: Azumarill|0 fnt
|-damage|p1a: Skarmory|181\/334|[from] recoil|[of] p2a: Azumarill
|faint|p2a: Azumarill
|
|
|switch|p2a: Scizor|Scizor-Mega, M|299\/299
|-damage|p2a: Scizor|250\/299|[from] Spikes
|turn|51
|
|move|p2a: Scizor|Swords Dance|p2a: Scizor
|-boost|p2a: Scizor|atk|2
|move|p1a: Skarmory|Brave Bird|p2a: Scizor
|-damage|p2a: Scizor|160\/299
|-damage|p1a: Skarmory|151\/334|[from] recoil|[of] p2a: Scizor
|
|turn|52
|
|move|p2a: Scizor|Roost|p2a: Scizor
|-heal|p2a: Scizor|299\/299
|move|p1a: Skarmory|Brave Bird|p2a: Scizor
|-damage|p2a: Scizor|214\/299
|-damage|p1a: Skarmory|123\/334|[from] recoil|[of] p2a: Scizor
|
|turn|53
|
|move|p2a: Scizor|Knock Off|p1a: Skarmory
|-damage|p1a: Skarmory|26\/334
|move|p1a: Skarmory|Brave Bird|p2a: Scizor
|-damage|p2a: Scizor|124\/299
|-damage|p1a: Skarmory|0 fnt|[from] recoil|[of] p2a: Scizor
|faint|p1a: Skarmory
|
|
|switch|p1a: Heatran|Heatran, F|81\/386
|-damage|p1a: Heatran|33\/386|[from] Stealth Rock
|turn|54
|
|move|p2a: Scizor|Bullet Punch|p1a: Heatran
|-resisted|p1a: Heatran
|-damage|p1a: Heatran|0 fnt
|faint|p1a: Heatran
|
|win|httsrsdfas
|raw|Ladder updating...
|raw|The Ess of Johan's rating: 1128 &rarr; <strong>1102<\/strong><br \/>(-26 for losing)
|raw|httsrsdfas's rating: 1124 &rarr; <strong>1149<\/strong><br \/>(+25 for winning)