|join|The Ess of Johan
|join|reze1
|player|p1|The Ess of Johan|102
|player|p2|reze1|161
|gametype|singles
|gen|6
|tier|OU
|rated
|clearpoke
|poke|p1|Slowbro, M
|poke|p1|Celebi
|poke|p1|Heatran, F
|poke|p1|Mandibuzz, F
|poke|p1|Gothitelle, F
|poke|p1|Scizor, M
|poke|p2|Skarmory, F
|poke|p2|Bisharp, M
|poke|p2|Azelf
|poke|p2|Thundurus, M
|poke|p2|Azumarill, M
|poke|p2|Garchomp, M
|rule|Swagger Clause: Swagger is banned
|rule|Baton Pass Clause: Limit one PokÃ©mon knowing Baton Pass
|rule|Sleep Clause Mod: Limit one foe put to sleep
|rule|Species Clause: Limit one of each PokÃ©mon
|rule|OHKO Clause: OHKO moves are banned
|rule|Moody Clause: Moody is banned
|rule|Evasion Moves Clause: Evasion moves are banned
|rule|Endless Battle Clause: Forcing endless battles is banned
|rule|HP Percentage Mod: HP is shown in percentages
|teampreview
|
|start
|switch|p1a: Mandibuzz|Mandibuzz, F|423\/423
|switch|p2a: Skarmory|Skarmory, F|334\/334
|turn|1
|
|move|p2a: Skarmory|Taunt|p1a: Mandibuzz
|-start|p1a: Mandibuzz|move: Taunt
|cant|p1a: Mandibuzz|move: Taunt|Taunt
|
|turn|2
|join|billyboy2006
|
|switch|p1a: Gothitelle|Gothitelle, F|301\/301
|move|p2a: Skarmory|Stealth Rock|p1a: Gothitelle
|-sidestart|p1: The Ess of Johan|move: Stealth Rock
|
|turn|3
|
|move|p1a: Gothitelle|Trick|p2a: Skarmory
|-activate|p1a: Gothitelle|move: Trick|[of] p2a: Skarmory
|-item|p2a: Skarmory|Choice Scarf|[from] move: Trick
|-item|p1a: Gothitelle|Focus Sash|[from] move: Trick
|move|p2a: Skarmory|Taunt|p1a: Gothitelle
|-start|p1a: Gothitelle|move: Taunt
|
|turn|4
|
|move|p2a: Skarmory|Taunt|p1a: Gothitelle
|-fail|p1a: Gothitelle
|move|p1a: Gothitelle|Psychic|p2a: Skarmory
|-resisted|p2a: Skarmory
|-damage|p2a: Skarmory|250\/334
|
|turn|5
|
|move|p2a: Skarmory|Taunt|p1a: Gothitelle
|-fail|p1a: Gothitelle
|move|p1a: Gothitelle|Psychic|p2a: Skarmory
|-resisted|p2a: Skarmory
|-damage|p2a: Skarmory|171\/334
|
|turn|6
|leave|billyboy2006
|
|move|p2a: Skarmory|Taunt|p1a: Gothitelle
|-fail|p1a: Gothitelle
|move|p1a: Gothitelle|Psychic|p2a: Skarmory
|-resisted|p2a: Skarmory
|-damage|p2a: Skarmory|96\/334
|
|-end|p1a: Gothitelle|move: Taunt
|turn|7
|
|move|p2a: Skarmory|Taunt|p1a: Gothitelle
|-start|p1a: Gothitelle|move: Taunt
|move|p1a: Gothitelle|Psychic|p2a: Skarmory
|-resisted|p2a: Skarmory
|-damage|p2a: Skarmory|18\/334
|-unboost|p2a: Skarmory|spd|1
|
|turn|8
|
|switch|p1a: Celebi|Celebi|401\/401
|-damage|p1a: Celebi|351\/401|[from] Stealth Rock
|move|p2a: Skarmory|Taunt|p1a: Celebi
|-start|p1a: Celebi|move: Taunt
|
|-heal|p1a: Celebi|376\/401|[from] item: Leftovers
|turn|9
|
|move|p2a: Skarmory|Taunt|p1a: Celebi
|-fail|p1a: Celebi
|move|p1a: Celebi|U-turn|p2a: Skarmory
|-resisted|p2a: Skarmory
|-damage|p2a: Skarmory|9\/334
|-boost|p2a: Skarmory|spe|1|[from] ability: Weak Armor
|-unboost|p2a: Skarmory|def|1|[from] ability: Weak Armor
|
|switch|p1a: Gothitelle|Gothitelle, F|301\/301
|-damage|p1a: Gothitelle|264\/301|[from] Stealth Rock
|
|turn|10
|
|switch|p1a: Celebi|Celebi|376\/401
|-damage|p1a: Celebi|326\/401|[from] Stealth Rock
|move|p2a: Skarmory|Taunt|p1a: Celebi
|-start|p1a: Celebi|move: Taunt
|
|-heal|p1a: Celebi|351\/401|[from] item: Leftovers
|turn|11
|
|move|p2a: Skarmory|Taunt|p1a: Celebi
|-fail|p1a: Celebi
|move|p1a: Celebi|U-turn|p2a: Skarmory
|-resisted|p2a: Skarmory
|-damage|p2a: Skarmory|0 fnt
|faint|p2a: Skarmory
|
|switch|p1a: Mandibuzz|Mandibuzz, F|423\/423
|-damage|p1a: Mandibuzz|318\/423|[from] Stealth Rock
|
|-heal|p1a: Mandibuzz|344\/423|[from] item: Leftovers
|
|switch|p2a: Thundurus|Thundurus, M|299\/299
|turn|12
|
|switch|p1a: Celebi|Celebi|351\/401
|-damage|p1a: Celebi|301\/401|[from] Stealth Rock
|move|p2a: Thundurus|Nasty Plot|p2a: Thundurus
|-boost|p2a: Thundurus|spa|2
|
|-heal|p1a: Celebi|326\/401|[from] item: Leftovers
|turn|13
|
|move|p2a: Thundurus|Hidden Power|p1a: Celebi
|-supereffective|p1a: Celebi
|-damage|p1a: Celebi|108\/401
|move|p1a: Celebi|Perish Song|p1a: Celebi
|-fieldactivate|move: Perish Song
|
|-start|p2a: Thundurus|perish3
|-start|p1a: Celebi|perish3
|-heal|p1a: Celebi|133\/401|[from] item: Leftovers
|turn|14
|
|switch|p1a: Heatran|Heatran, F|385\/385
|-damage|p1a: Heatran|337\/385|[from] Stealth Rock
|move|p2a: Thundurus|Hidden Power|p1a: Heatran
|-resisted|p1a: Heatran
|-damage|p1a: Heatran|306\/385
|
|-start|p2a: Thundurus|perish2
|-heal|p1a: Heatran|330\/385|[from] item: Leftovers
|turn|15
|
|switch|p2a: Azumarill|Azumarill, M|342\/342
|switch|p1a: Gothitelle|Gothitelle, F|264\/301
|-damage|p1a: Gothitelle|227\/301|[from] Stealth Rock
|
|turn|16
|
|move|p1a: Gothitelle|Psychic|p2a: Azumarill
|-crit|p2a: Azumarill
|-damage|p2a: Azumarill|104\/342
|-enditem|p2a: Azumarill|Sitrus Berry|[eat]
|-heal|p2a: Azumarill|189\/342|[from] item: Sitrus Berry
|move|p2a: Azumarill|Play Rough|p1a: Gothitelle
|-damage|p1a: Gothitelle|32\/301
|
|turn|17
|
|move|p2a: Azumarill|Aqua Jet|p1a: Gothitelle
|-damage|p1a: Gothitelle|0 fnt
|faint|p1a: Gothitelle
|
|
|switch|p1a: Celebi|Celebi|133\/401
|-damage|p1a: Celebi|83\/401|[from] Stealth Rock
|turn|18
|
|move|p2a: Azumarill|Aqua Jet|p1a: Celebi
|-resisted|p1a: Celebi
|-damage|p1a: Celebi|43\/401
|move|p1a: Celebi|Recover|p1a: Celebi
|-heal|p1a: Celebi|244\/401
|
|-heal|p1a: Celebi|269\/401|[from] item: Leftovers
|turn|19
|
|switch|p2a: Bisharp|Bisharp, M|279\/279
|move|p1a: Celebi|Giga Drain|p2a: Bisharp
|-crit|p2a: Bisharp
|-resisted|p2a: Bisharp
|-damage|p2a: Bisharp|189\/279
|-heal|p1a: Celebi|314\/401|[from] drain|[of] p2a: Bisharp
|
|-heal|p1a: Celebi|339\/401|[from] item: Leftovers
|turn|20
|
|move|p1a: Celebi|U-turn|p2a: Bisharp
|-damage|p2a: Bisharp|135\/279
|
|switch|p1a: Mandibuzz|Mandibuzz, F|344\/423
|-damage|p1a: Mandibuzz|239\/423|[from] Stealth Rock
|move|p2a: Bisharp|Knock Off|p1a: Mandibuzz
|-resisted|p1a: Mandibuzz
|-damage|p1a: Mandibuzz|147\/423
|-enditem|p1a: Mandibuzz|Leftovers|[from] move: Knock Off|[of] p2a: Bisharp
|-damage|p2a: Bisharp|108\/279|[from] item: Life Orb
|
|turn|21
|
|move|p2a: Bisharp|Swords Dance|p2a: Bisharp
|-boost|p2a: Bisharp|atk|2
|move|p1a: Mandibuzz|Roost|p1a: Mandibuzz
|-heal|p1a: Mandibuzz|359\/423
|
|turn|22
|
|move|p2a: Bisharp|Iron Head|p1a: Mandibuzz
|-damage|p1a: Mandibuzz|51\/423
|-damage|p2a: Bisharp|81\/279|[from] item: Life Orb
|move|p1a: Mandibuzz|Foul Play|p2a: Bisharp
|-resisted|p2a: Bisharp
|-damage|p2a: Bisharp|0 fnt
|faint|p2a: Bisharp
|
|
|switch|p2a: Thundurus|Thundurus, M|299\/299
|turn|23
|
|move|p2a: Thundurus|Nasty Plot|p2a: Thundurus
|-boost|p2a: Thundurus|spa|2
|move|p1a: Mandibuzz|Defog|p2a: Thundurus
|-unboost|p2a: Thundurus|evasion|1
|-sideend|p1: The Ess of Johan|Stealth Rock|[from] move: Defog|[of] p1a: Mandibuzz
|
|turn|24
|
|move|p2a: Thundurus|Nasty Plot|p2a: Thundurus
|-boost|p2a: Thundurus|spa|2
|move|p1a: Mandibuzz|Foul Play|p2a: Thundurus
|-damage|p2a: Thundurus|157\/299
|
|-heal|p2a: Thundurus|175\/299|[from] item: Leftovers
|turn|25
|
|move|p2a: Thundurus|Thunderbolt|p1a: Mandibuzz
|-supereffective|p1a: Mandibuzz
|-damage|p1a: Mandibuzz|0 fnt
|faint|p1a: Mandibuzz
|
|-heal|p2a: Thundurus|193\/299|[from] item: Leftovers
|
|switch|p1a: Heatran|Heatran, F|330\/385
|turn|26
|
|move|p1a: Heatran|Protect|p1a: Heatran
|-singleturn|p1a: Heatran|Protect
|move|p2a: Thundurus|Thunderbolt|p1a: Heatran
|-activate|p1a: Heatran|Protect
|
|-heal|p2a: Thundurus|211\/299|[from] item: Leftovers
|-heal|p1a: Heatran|354\/385|[from] item: Leftovers
|turn|27
|
|move|p2a: Thundurus|Thunderbolt|p1a: Heatran
|-damage|p1a: Heatran|0 fnt
|faint|p1a: Heatran
|
|-heal|p2a: Thundurus|229\/299|[from] item: Leftovers
|
|switch|p1a: Celebi|Celebi|339\/401
|turn|28
|
|move|p2a: Thundurus|Nasty Plot|p2a: Thundurus
|-boost|p2a: Thundurus|spa|2
|move|p1a: Celebi|Perish Song|p1a: Celebi
|-fieldactivate|move: Perish Song
|
|-start|p2a: Thundurus|perish3
|-start|p1a: Celebi|perish3
|-heal|p2a: Thundurus|247\/299|[from] item: Leftovers
|-heal|p1a: Celebi|364\/401|[from] item: Leftovers
|turn|29
|
|move|p2a: Thundurus|Hidden Power|p1a: Celebi
|-supereffective|p1a: Celebi
|-damage|p1a: Celebi|0 fnt
|faint|p1a: Celebi
|
|-start|p2a: Thundurus|perish2
|-heal|p2a: Thundurus|265\/299|[from] item: Leftovers
|
|switch|p1a: Scizor|Scizor, M|281\/281
|turn|30
|
|move|p1a: Scizor|Bullet Punch|p2a: Thundurus
|-resisted|p2a: Thundurus
|-damage|p2a: Thundurus|146\/299
|move|p2a: Thundurus|Thunderbolt|p1a: Scizor
|-damage|p1a: Scizor|0 fnt
|faint|p1a: Scizor
|
|-start|p2a: Thundurus|perish1
|-heal|p2a: Thundurus|164\/299|[from] item: Leftovers
|c|âThe Ess of Johan|gg
|
|switch|p1a: Slowbro|Slowbro, M|393\/393
|turn|31
|c|âreze1|gg
|
|move|p2a: Thundurus|Thunderbolt|p1a: Slowbro
|-supereffective|p1a: Slowbro
|-damage|p1a: Slowbro|0 fnt
|faint|p1a: Slowbro
|
|win|reze1
|raw|Ladder updating...
|leave|The Ess of Johan
|player|p1
|raw|The Ess of Johan's rating: 1352 &rarr; <strong>1331<\/strong><br \/>(-21 for losing)
|raw|reze1's rating: 1320 &rarr; <strong>1342<\/strong><br \/>(+22 for winning)