|join|The Ess of Johan
|join|eylee
|player|p1|The Ess of Johan|102
|player|p2|eylee|264
|gametype|singles
|gen|6
|tier|OU
|rated
|clearpoke
|poke|p1|Slowbro, M
|poke|p1|Celebi
|poke|p1|Heatran, F
|poke|p1|Mandibuzz, F
|poke|p1|Gothitelle, F
|poke|p1|Scizor, F
|poke|p2|Gothitelle, M
|poke|p2|Politoed, F
|poke|p2|Swampert, M
|poke|p2|Tornadus-Therian, M
|poke|p2|Greninja, M
|poke|p2|Kabutops, F
|rule|Swagger Clause: Swagger is banned
|rule|Baton Pass Clause: Limit one PokÃ©mon knowing Baton Pass
|rule|Sleep Clause Mod: Limit one foe put to sleep
|rule|Species Clause: Limit one of each PokÃ©mon
|rule|OHKO Clause: OHKO moves are banned
|rule|Moody Clause: Moody is banned
|rule|Evasion Moves Clause: Evasion moves are banned
|rule|Endless Battle Clause: Forcing endless battles is banned
|rule|HP Percentage Mod: HP is shown in percentages
|teampreview
|
|start
|switch|p1a: Gothitelle|Gothitelle, F|301\/301
|switch|p2a: Swampert|Swampert, M|341\/341
|turn|1
|
|switch|p1a: Celebi|Celebi|401\/401
|detailschange|p2a: Swampert|Swampert-Mega, M
|message|Swampert has Mega Evolved into Mega Swampert!
|move|p2a: Swampert|Earthquake|p1a: Celebi
|-resisted|p1a: Celebi
|-damage|p1a: Celebi|305\/401
|
|-heal|p1a: Celebi|330\/401|[from] item: Leftovers
|turn|2
|
|switch|p2a: Tornadus-Therian|Tornadus-Therian, M|299\/299
|move|p1a: Celebi|U-turn|p2a: Tornadus-Therian
|-resisted|p2a: Tornadus-Therian
|-damage|p2a: Tornadus-Therian|266\/299
|
|switch|p1a: Heatran|Heatran, F|385\/385
|
|turn|3
|
|switch|p1a: Scizor|Scizor, F|281\/281
|move|p2a: Tornadus-Therian|Focus Blast|p1a: Scizor|[miss]
|-miss|p2a: Tornadus-Therian|p1a: Scizor
|
|turn|4
|
|move|p2a: Tornadus-Therian|Focus Blast|p1a: Scizor
|-damage|p1a: Scizor|69\/281
|move|p1a: Scizor|Knock Off|p2a: Tornadus-Therian
|-damage|p2a: Tornadus-Therian|0 fnt
|-enditem|p2a: Tornadus-Therian|Choice Specs|[from] move: Knock Off|[of] p1a: Scizor
|faint|p2a: Tornadus-Therian
|
|
|switch|p2a: Greninja|Greninja, M|285\/285
|turn|5
|
|switch|p1a: Celebi|Celebi|330\/401
|move|p2a: Greninja|Dark Pulse|p1a: Celebi
|-start|p2a: Greninja|typechange|Dark|[from] Protean
|-supereffective|p1a: Celebi
|-damage|p1a: Celebi|73\/401
|-damage|p2a: Greninja|257\/285|[from] item: Life Orb
|
|-heal|p1a: Celebi|98\/401|[from] item: Leftovers
|turn|6
|
|switch|p1a: Mandibuzz|Mandibuzz, F|423\/423
|move|p2a: Greninja|Ice Beam|p1a: Mandibuzz
|-start|p2a: Greninja|typechange|Ice|[from] Protean
|-supereffective|p1a: Mandibuzz
|-damage|p1a: Mandibuzz|30\/423
|-damage|p2a: Greninja|229\/285|[from] item: Life Orb
|
|-heal|p1a: Mandibuzz|56\/423|[from] item: Leftovers
|turn|7
|
|move|p2a: Greninja|Dark Pulse|p1a: Mandibuzz
|-start|p2a: Greninja|typechange|Dark|[from] Protean
|-resisted|p1a: Mandibuzz
|-damage|p1a: Mandibuzz|0 fnt
|-damage|p2a: Greninja|201\/285|[from] item: Life Orb
|faint|p1a: Mandibuzz
|
|
|switch|p1a: Scizor|Scizor, F|69\/281
|turn|8
|c|âeylee|yes samrt
|c|âeylee|especially after seeing im not locked in...
|c|âeylee|with life orb
|c|âeylee|and could defnitely use a common moveset
|c|âeylee|and you couldnt outspeed.
|c|âeylee|very well played
|c|âeylee|you're a brillliant player
|
|move|p1a: Scizor|Bullet Punch|p2a: Greninja
|-damage|p2a: Greninja|0 fnt
|faint|p2a: Greninja
|
|
|switch|p2a: Politoed|Politoed, F|384\/384
|-weather|RainDance
|turn|9
|
|switch|p1a: Slowbro|Slowbro, M|393\/393
|move|p2a: Politoed|Hydro Pump|p1a: Slowbro
|-resisted|p1a: Slowbro
|-damage|p1a: Slowbro|246\/393
|
|-weather|RainDance|[upkeep]
|turn|10
|
|move|p2a: Politoed|Encore|p1a: Slowbro
|-fail|p1a: Slowbro
|move|p1a: Slowbro|Scald|p2a: Politoed
|-resisted|p2a: Politoed
|-damage|p2a: Politoed|291\/384
|-status|p2a: Politoed|brn
|
|-weather|RainDance|[upkeep]
|-damage|p2a: Politoed|243\/384 brn|[from] brn
|turn|11
|
|switch|p2a: Gothitelle|Gothitelle, M|344\/344
|switch|p1a: Celebi|Celebi|98\/401
|
|-weather|RainDance|[upkeep]
|-heal|p1a: Celebi|123\/401|[from] item: Leftovers
|turn|12
|
|move|p2a: Gothitelle|Trick|p1a: Celebi
|-activate|p2a: Gothitelle|move: Trick|[of] p1a: Celebi
|-item|p1a: Celebi|Choice Scarf|[from] move: Trick
|-item|p2a: Gothitelle|Leftovers|[from] move: Trick
|move|p1a: Celebi|U-turn|p2a: Gothitelle
|-supereffective|p2a: Gothitelle
|-damage|p2a: Gothitelle|230\/344
|
|switch|p1a: Slowbro|Slowbro, M|377\/393
|
|-weather|RainDance|[upkeep]
|-heal|p2a: Gothitelle|251\/344|[from] item: Leftovers
|turn|13
|
|detailschange|p1a: Slowbro|Slowbro-Mega, M
|message|Slowbro has Mega Evolved into Mega Slowbro!
|move|p2a: Gothitelle|Thunderbolt|p1a: Slowbro
|-supereffective|p1a: Slowbro
|-damage|p1a: Slowbro|217\/393
|move|p1a: Slowbro|Calm Mind|p1a: Slowbro
|-boost|p1a: Slowbro|spa|1
|-boost|p1a: Slowbro|spd|1
|
|-weather|RainDance|[upkeep]
|-heal|p2a: Gothitelle|272\/344|[from] item: Leftovers
|turn|14
|
|move|p2a: Gothitelle|Thunderbolt|p1a: Slowbro
|-supereffective|p1a: Slowbro
|-damage|p1a: Slowbro|109\/393
|move|p1a: Slowbro|Scald|p2a: Gothitelle
|-damage|p2a: Gothitelle|23\/344
|-status|p2a: Gothitelle|brn
|
|-weather|RainDance|[upkeep]
|-heal|p2a: Gothitelle|44\/344 brn|[from] item: Leftovers
|-damage|p2a: Gothitelle|1\/344 brn|[from] brn
|turn|15
|
|move|p2a: Gothitelle|Thunderbolt|p1a: Slowbro
|-supereffective|p1a: Slowbro
|-damage|p1a: Slowbro|3\/393
|move|p1a: Slowbro|Scald|p2a: Gothitelle
|-damage|p2a: Gothitelle|0 fnt
|faint|p2a: Gothitelle
|
|-weather|RainDance|[upkeep]
|
|switch|p2a: Swampert|Swampert-Mega, M|341\/341
|turn|16
|
|move|p2a: Swampert|Ice Punch|p1a: Slowbro
|-resisted|p1a: Slowbro
|-damage|p1a: Slowbro|0 fnt
|faint|p1a: Slowbro
|
|-weather|none
|
|switch|p1a: Celebi|Celebi|123\/401
|turn|17
|
|switch|p2a: Politoed|Politoed, F|243\/384 brn
|-weather|RainDance
|move|p1a: Celebi|Giga Drain|p2a: Politoed
|-supereffective|p2a: Politoed
|-damage|p2a: Politoed|73\/384 brn
|-heal|p1a: Celebi|208\/401|[from] drain|[of] p2a: Politoed
|
|-weather|RainDance|[upkeep]
|-damage|p2a: Politoed|25\/384 brn|[from] brn
|turn|18
|
|move|p1a: Celebi|Giga Drain|p2a: Politoed
|-crit|p2a: Politoed
|-supereffective|p2a: Politoed
|-damage|p2a: Politoed|0 fnt
|-heal|p1a: Celebi|221\/401|[from] drain|[of] p2a: Politoed
|faint|p2a: Politoed
|
|-weather|RainDance|[upkeep]
|
|switch|p2a: Swampert|Swampert-Mega, M|341\/341
|turn|19
|
|switch|p1a: Gothitelle|Gothitelle, F|301\/301
|move|p2a: Swampert|Ice Punch|p1a: Gothitelle
|-damage|p1a: Gothitelle|196\/301
|
|-weather|RainDance|[upkeep]
|turn|20
|
|move|p2a: Swampert|Waterfall|p1a: Gothitelle
|-damage|p1a: Gothitelle|0 fnt
|faint|p1a: Gothitelle
|
|-weather|RainDance|[upkeep]
|
|switch|p1a: Heatran|Heatran, F|385\/385
|turn|21
|
|move|p1a: Heatran|Protect|p1a: Heatran
|-singleturn|p1a: Heatran|Protect
|move|p2a: Swampert|Waterfall|p1a: Heatran
|-activate|p1a: Heatran|Protect
|
|-weather|RainDance|[upkeep]
|turn|22
|
|move|p1a: Heatran|Protect|p1a: Heatran
|-singleturn|p1a: Heatran|Protect
|move|p2a: Swampert|Waterfall|p1a: Heatran
|-activate|p1a: Heatran|Protect
|
|-weather|RainDance|[upkeep]
|turn|23
|
|switch|p1a: Scizor|Scizor, F|69\/281
|move|p2a: Swampert|Waterfall|p1a: Scizor
|-damage|p1a: Scizor|0 fnt
|faint|p1a: Scizor
|
|-weather|RainDance|[upkeep]
|
|switch|p1a: Heatran|Heatran, F|385\/385
|turn|24
|
|move|p1a: Heatran|Protect|p1a: Heatran
|-singleturn|p1a: Heatran|Protect
|move|p2a: Swampert|Waterfall|p1a: Heatran
|-activate|p1a: Heatran|Protect
|
|-weather|none
|turn|25
|
|move|p2a: Swampert|Earthquake|p1a: Heatran
|-supereffective|p1a: Heatran
|-damage|p1a: Heatran|0 fnt
|faint|p1a: Heatran
|
|
|switch|p1a: Celebi|Celebi|221\/401
|turn|26
|
|move|p1a: Celebi|Giga Drain|p2a: Swampert
|-supereffective|p2a: Swampert
|-damage|p2a: Swampert|5\/341
|-heal|p1a: Celebi|389\/401|[from] drain|[of] p2a: Swampert
|move|p2a: Swampert|Ice Punch|p1a: Celebi
|-crit|p1a: Celebi
|-supereffective|p1a: Celebi
|-damage|p1a: Celebi|105\/401
|
|turn|27
|c|âThe Ess of Johan|who's the smarter player now
|c|âeylee|me
|
|move|p1a: Celebi|Giga Drain|p2a: Swampert
|-supereffective|p2a: Swampert
|-damage|p2a: Swampert|0 fnt
|-heal|p1a: Celebi|108\/401|[from] drain|[of] p2a: Swampert
|faint|p2a: Swampert
|
|
|switch|p2a: Kabutops|Kabutops, F|262\/262
|turn|28
|
|move|p2a: Kabutops|Aqua Jet|p1a: Celebi
|-resisted|p1a: Celebi
|-damage|p1a: Celebi|65\/401
|-damage|p2a: Kabutops|236\/262|[from] item: Life Orb
|move|p1a: Celebi|Giga Drain|p2a: Kabutops
|-supereffective|p2a: Kabutops
|-damage|p2a: Kabutops|0 fnt
|-heal|p1a: Celebi|183\/401|[from] drain|[of] p2a: Kabutops
|faint|p2a: Kabutops
|
|win|The Ess of Johan
|raw|Ladder updating...
|leave|eylee
|player|p2
|raw|The Ess of Johan's rating: 1515 &rarr; <strong>1529<\/strong><br \/>(+14 for winning)
|raw|eylee's rating: 1415 &rarr; <strong>1401<\/strong><br \/>(-14 for losing)