|join|passingthetime
|join|The Ess of Johan
|player|p1|passingthetime|169
|player|p2|The Ess of Johan|102
|gametype|singles
|gen|6
|tier|OU
|rated
|clearpoke
|poke|p1|Charizard, M
|poke|p1|Bisharp, F
|poke|p1|Latios, M
|poke|p1|Garchomp, M
|poke|p1|Keldeo-Resolute
|poke|p1|Thundurus, M
|poke|p2|Slowbro, F
|poke|p2|Celebi
|poke|p2|Heatran, F
|poke|p2|Mandibuzz, F
|poke|p2|Gothitelle, M
|poke|p2|Scizor, F
|rule|Swagger Clause: Swagger is banned
|rule|Baton Pass Clause: Limit one PokÃ©mon knowing Baton Pass
|rule|Sleep Clause Mod: Limit one foe put to sleep
|rule|Species Clause: Limit one of each PokÃ©mon
|rule|OHKO Clause: OHKO moves are banned
|rule|Moody Clause: Moody is banned
|rule|Evasion Moves Clause: Evasion moves are banned
|rule|Endless Battle Clause: Forcing endless battles is banned
|rule|HP Percentage Mod: HP is shown in percentages
|teampreview
|
|start
|switch|p1a: Charizard|Charizard, M|297\/297
|switch|p2a: Mandibuzz|Mandibuzz, F|423\/423
|turn|1
|
|detailschange|p1a: Charizard|Charizard-Mega-Y, M
|message|Charizard has Mega Evolved into Mega Charizard!
|-weather|SunnyDay
|move|p1a: Charizard|Fire Blast|p2a: Mandibuzz
|-damage|p2a: Mandibuzz|54\/423
|move|p2a: Mandibuzz|Foul Play|p1a: Charizard
|-damage|p1a: Charizard|176\/297
|
|-weather|SunnyDay|[upkeep]
|-heal|p2a: Mandibuzz|80\/423|[from] item: Leftovers
|turn|2
|
|switch|p2a: Heatran|Heatran, F|385\/385
|move|p1a: Charizard|Focus Blast|p2a: Heatran|[miss]
|-miss|p1a: Charizard|p2a: Heatran
|
|-weather|SunnyDay|[upkeep]
|turn|3
|
|switch|p1a: Keldeo-Resolute|Keldeo-Resolute|324\/324
|move|p2a: Heatran|Toxic|p1a: Keldeo-Resolute|[miss]
|-miss|p2a: Heatran|p1a: Keldeo-Resolute
|
|-weather|SunnyDay|[upkeep]
|turn|4
|
|switch|p1a: Bisharp|Bisharp, F|300\/300
|switch|p2a: Celebi|Celebi|401\/401
|
|-weather|SunnyDay|[upkeep]
|turn|5
|
|move|p2a: Celebi|U-turn|p1a: Bisharp
|-damage|p1a: Bisharp|247\/300
|
|move|p1a: Bisharp|Pursuit|p2a: Celebi|[from]Pursuit
|-supereffective|p2a: Celebi
|-damage|p2a: Celebi|0 fnt
|-damage|p1a: Bisharp|217\/300|[from] item: Life Orb
|faint|p2a: Celebi
|
|-weather|none
|
|switch|p2a: Heatran|Heatran, F|385\/385
|turn|6
|
|switch|p1a: Keldeo-Resolute|Keldeo-Resolute|324\/324
|move|p2a: Heatran|Stealth Rock|p1a: Keldeo-Resolute
|-sidestart|p1: passingthetime|move: Stealth Rock
|
|turn|7
|
|switch|p2a: Slowbro|Slowbro, F|393\/393
|move|p1a: Keldeo-Resolute|Hydro Pump|p2a: Slowbro
|-resisted|p2a: Slowbro
|-damage|p2a: Slowbro|213\/393
|
|turn|8
|
|switch|p1a: Latios|Latios, M|302\/302
|-damage|p1a: Latios|265\/302|[from] Stealth Rock
|switch|p2a: Gothitelle|Gothitelle, M|301\/301
|
|turn|9
|
|move|p2a: Gothitelle|Trick|p1a: Latios
|-activate|p2a: Gothitelle|move: Trick|[of] p1a: Latios
|-item|p1a: Latios|Choice Scarf|[from] move: Trick
|-item|p2a: Gothitelle|Life Orb|[from] move: Trick
|move|p1a: Latios|Defog|p2a: Gothitelle
|-unboost|p2a: Gothitelle|evasion|1
|-sideend|p1: passingthetime|Stealth Rock|[from] move: Defog|[of] p1a: Latios
|
|turn|10
|
|move|p1a: Latios|Defog|p2a: Gothitelle
|-unboost|p2a: Gothitelle|evasion|1
|move|p2a: Gothitelle|Psychic|p1a: Latios
|-resisted|p1a: Latios
|-damage|p1a: Latios|194\/302
|-damage|p2a: Gothitelle|271\/301|[from] item: Life Orb
|
|turn|11
|
|move|p1a: Latios|Defog|p2a: Gothitelle
|-unboost|p2a: Gothitelle|evasion|1
|move|p2a: Gothitelle|Psychic|p1a: Latios
|-resisted|p1a: Latios
|-damage|p1a: Latios|125\/302
|-damage|p2a: Gothitelle|241\/301|[from] item: Life Orb
|
|turn|12
|
|move|p1a: Latios|Defog|p2a: Gothitelle
|-unboost|p2a: Gothitelle|evasion|1
|move|p2a: Gothitelle|Calm Mind|p2a: Gothitelle
|-boost|p2a: Gothitelle|spa|1
|-boost|p2a: Gothitelle|spd|1
|
|turn|13
|
|move|p1a: Latios|Defog|p2a: Gothitelle
|-unboost|p2a: Gothitelle|evasion|1
|move|p2a: Gothitelle|Calm Mind|p2a: Gothitelle
|-boost|p2a: Gothitelle|spa|1
|-boost|p2a: Gothitelle|spd|1
|
|turn|14
|
|move|p1a: Latios|Defog|p2a: Gothitelle
|-unboost|p2a: Gothitelle|evasion|1
|move|p2a: Gothitelle|Calm Mind|p2a: Gothitelle
|-boost|p2a: Gothitelle|spa|1
|-boost|p2a: Gothitelle|spd|1
|
|turn|15
|
|move|p1a: Latios|Defog|p2a: Gothitelle
|move|p2a: Gothitelle|Calm Mind|p2a: Gothitelle
|-boost|p2a: Gothitelle|spa|1
|-boost|p2a: Gothitelle|spd|1
|
|turn|16
|
|move|p1a: Latios|Defog|p2a: Gothitelle
|move|p2a: Gothitelle|Calm Mind|p2a: Gothitelle
|-boost|p2a: Gothitelle|spa|1
|-boost|p2a: Gothitelle|spd|1
|
|turn|17
|
|move|p1a: Latios|Defog|p2a: Gothitelle
|move|p2a: Gothitelle|Trick|p1a: Latios
|-activate|p2a: Gothitelle|move: Trick|[of] p1a: Latios
|-item|p1a: Latios|Life Orb|[from] move: Trick
|-item|p2a: Gothitelle|Choice Scarf|[from] move: Trick
|
|turn|18
|c|âpassingthetime|Just gonna come in and sucker and force you to switch...
|
|move|p2a: Gothitelle|Psychic|p1a: Latios
|-resisted|p1a: Latios
|-damage|p1a: Latios|0 fnt
|faint|p1a: Latios
|
|
|switch|p1a: Bisharp|Bisharp, F|217\/300
|turn|19
|
|move|p1a: Bisharp|Sucker Punch|p2a: Gothitelle
|-crit|p2a: Gothitelle
|-supereffective|p2a: Gothitelle
|-damage|p2a: Gothitelle|0 fnt
|-damage|p1a: Bisharp|187\/300|[from] item: Life Orb
|faint|p2a: Gothitelle
|
|
|switch|p2a: Heatran|Heatran, F|385\/385
|turn|20
|
|switch|p1a: Keldeo-Resolute|Keldeo-Resolute|324\/324
|move|p2a: Heatran|Lava Plume|p1a: Keldeo-Resolute
|-resisted|p1a: Keldeo-Resolute
|-damage|p1a: Keldeo-Resolute|249\/324
|
|turn|21
|
|move|p2a: Heatran|Protect|p2a: Heatran
|-singleturn|p2a: Heatran|Protect
|move|p1a: Keldeo-Resolute|Hydro Pump|p2a: Heatran
|-activate|p2a: Heatran|Protect
|
|turn|22
|
|switch|p2a: Slowbro|Slowbro, F|344\/393
|move|p1a: Keldeo-Resolute|Hydro Pump|p2a: Slowbro
|-resisted|p2a: Slowbro
|-damage|p2a: Slowbro|176\/393
|
|turn|23
|
|switch|p1a: Bisharp|Bisharp, F|187\/300
|move|p2a: Slowbro|Scald|p1a: Bisharp
|-damage|p1a: Bisharp|9\/300
|-status|p1a: Bisharp|brn
|
|-damage|p1a: Bisharp|0 fnt|[from] brn
|faint|p1a: Bisharp
|
|switch|p1a: Charizard|Charizard-Mega-Y, M|176\/297
|-weather|SunnyDay
|turn|24
|
|switch|p2a: Mandibuzz|Mandibuzz, F|80\/423
|move|p1a: Charizard|Solar Beam|p2a: Mandibuzz|[still]
|-prepare|p1a: Charizard|Solar Beam|p2a: Mandibuzz
|-anim|p1a: Charizard|Solar Beam|p2a: Mandibuzz
|-resisted|p2a: Mandibuzz
|-damage|p2a: Mandibuzz|0 fnt
|faint|p2a: Mandibuzz
|
|-weather|SunnyDay|[upkeep]
|
|switch|p2a: Heatran|Heatran, F|385\/385
|turn|25
|
|switch|p1a: Garchomp|Garchomp, M|358\/358
|move|p2a: Heatran|Toxic|p1a: Garchomp
|-status|p1a: Garchomp|tox
|
|-weather|SunnyDay|[upkeep]
|-damage|p1a: Garchomp|336\/358 tox|[from] psn
|turn|26
|
|move|p2a: Heatran|Protect|p2a: Heatran
|-singleturn|p2a: Heatran|Protect
|move|p1a: Garchomp|Earthquake|p2a: Heatran
|-activate|p2a: Heatran|Protect
|
|-weather|SunnyDay|[upkeep]
|-damage|p1a: Garchomp|292\/358 tox|[from] psn
|turn|27
|
|switch|p1a: Thundurus|Thundurus, M|302\/302
|switch|p2a: Slowbro|Slowbro, F|307\/393
|
|-weather|SunnyDay|[upkeep]
|turn|28
|
|switch|p2a: Heatran|Heatran, F|385\/385
|move|p1a: Thundurus|Thunderbolt|p2a: Heatran
|-damage|p2a: Heatran|246\/385
|
|-weather|none
|-heal|p2a: Heatran|270\/385|[from] item: Leftovers
|turn|29
|
|move|p1a: Thundurus|Taunt|p2a: Heatran
|-start|p2a: Heatran|move: Taunt
|cant|p2a: Heatran|move: Taunt|Stealth Rock
|
|-heal|p2a: Heatran|294\/385|[from] item: Leftovers
|turn|30
|
|switch|p1a: Charizard|Charizard-Mega-Y, M|176\/297
|-weather|SunnyDay
|move|p2a: Heatran|Lava Plume|p1a: Charizard
|-resisted|p1a: Charizard
|-damage|p1a: Charizard|91\/297
|
|-weather|SunnyDay|[upkeep]
|-heal|p2a: Heatran|318\/385|[from] item: Leftovers
|turn|31
|
|move|p1a: Charizard|Solar Beam|p2a: Heatran|[still]
|-prepare|p1a: Charizard|Solar Beam|p2a: Heatran
|-anim|p1a: Charizard|Solar Beam|p2a: Heatran
|-resisted|p2a: Heatran
|-damage|p2a: Heatran|277\/385
|move|p2a: Heatran|Lava Plume|p1a: Charizard
|-resisted|p1a: Charizard
|-damage|p1a: Charizard|9\/297
|
|-weather|SunnyDay|[upkeep]
|-heal|p2a: Heatran|301\/385|[from] item: Leftovers
|-end|p2a: Heatran|move: Taunt
|turn|32
|c|âpassingthetime|misclick lol
|
|move|p2a: Heatran|Protect|p2a: Heatran
|-singleturn|p2a: Heatran|Protect
|move|p1a: Charizard|Focus Blast|p2a: Heatran
|-activate|p2a: Heatran|Protect
|
|-weather|SunnyDay|[upkeep]
|-heal|p2a: Heatran|325\/385|[from] item: Leftovers
|turn|33
|
|move|p1a: Charizard|Focus Blast|p2a: Heatran
|-supereffective|p2a: Heatran
|-damage|p2a: Heatran|0 fnt
|faint|p2a: Heatran
|
|-weather|SunnyDay|[upkeep]
|
|switch|p2a: Scizor|Scizor, F|281\/281
|turn|34
|
|switch|p1a: Garchomp|Garchomp, M|292\/358 tox
|move|p2a: Scizor|Knock Off|p1a: Garchomp
|-damage|p1a: Garchomp|105\/358 tox
|-damage|p2a: Scizor|246\/281|[from] ability: Rough Skin|[of] p1a: Garchomp
|-enditem|p1a: Garchomp|Choice Scarf|[from] move: Knock Off|[of] p2a: Scizor
|
|-weather|none
|-damage|p1a: Garchomp|83\/358 tox|[from] psn
|turn|35
|
|switch|p2a: Slowbro|Slowbro, F|393\/393
|move|p1a: Garchomp|Stealth Rock|p2a: Slowbro
|-sidestart|p2: The Ess of Johan|move: Stealth Rock
|
|-damage|p1a: Garchomp|39\/358 tox|[from] psn
|turn|36
|
|move|p1a: Garchomp|Outrage|p2a: Slowbro
|-damage|p2a: Slowbro|186\/393
|move|p2a: Slowbro|Scald|p1a: Garchomp
|-damage|p1a: Garchomp|0 fnt
|faint|p1a: Garchomp
|
|
|switch|p1a: Thundurus|Thundurus, M|302\/302
|turn|37
|
|move|p1a: Thundurus|Thunderbolt|p2a: Slowbro
|-supereffective|p2a: Slowbro
|-damage|p2a: Slowbro|0 fnt
|faint|p2a: Slowbro
|
|
|switch|p2a: Scizor|Scizor, F|246\/281
|-damage|p2a: Scizor|211\/281|[from] Stealth Rock
|turn|38
|
|move|p2a: Scizor|Bullet Punch|p1a: Thundurus
|-resisted|p1a: Thundurus
|-damage|p1a: Thundurus|175\/302
|move|p1a: Thundurus|Thunderbolt|p2a: Scizor
|-damage|p2a: Scizor|31\/281
|
|-heal|p1a: Thundurus|193\/302|[from] item: Leftovers
|turn|39
|
|move|p2a: Scizor|Bullet Punch|p1a: Thundurus
|-crit|p1a: Thundurus
|-resisted|p1a: Thundurus
|-damage|p1a: Thundurus|23\/302
|move|p1a: Thundurus|Thunderbolt|p2a: Scizor
|-damage|p2a: Scizor|0 fnt
|faint|p2a: Scizor
|
|win|passingthetime
|raw|Ladder updating...
|c|âpassingthetime|gg
|c|âThe Ess of Johan|gg