|join|Based Godfish
|join|The Ess of Johan
|player|p1|Based Godfish|144
|player|p2|The Ess of Johan|102
|gametype|singles
|gen|6
|tier|OU
|rated
|clearpoke
|poke|p1|Pinsir, M
|poke|p1|Tyranitar, F
|poke|p1|Raikou
|poke|p1|Azumarill, F
|poke|p1|Excadrill, M
|poke|p1|Latios, M
|poke|p2|Slowbro, F
|poke|p2|Celebi
|poke|p2|Heatran, F
|poke|p2|Mandibuzz, F
|poke|p2|Gothitelle, M
|poke|p2|Scizor, M
|rule|Swagger Clause: Swagger is banned
|rule|Baton Pass Clause: Limit one PokÃ©mon knowing Baton Pass
|rule|Sleep Clause Mod: Limit one foe put to sleep
|rule|Species Clause: Limit one of each PokÃ©mon
|rule|OHKO Clause: OHKO moves are banned
|rule|Moody Clause: Moody is banned
|rule|Evasion Moves Clause: Evasion moves are banned
|rule|Endless Battle Clause: Forcing endless battles is banned
|rule|HP Percentage Mod: HP is shown in percentages
|teampreview
|c|âBased Godfish|gl
|c|âThe Ess of Johan|ty, u2
|
|start
|switch|p1a: Tyranitar|Tyranitar, F|362\/362
|switch|p2a: Mandibuzz|Mandibuzz, F|423\/423
|-weather|Sandstorm
|turn|1
|
|move|p2a: Mandibuzz|Foul Play|p1a: Tyranitar
|-resisted|p1a: Tyranitar
|-damage|p1a: Tyranitar|270\/362
|move|p1a: Tyranitar|Stone Edge|p2a: Mandibuzz
|-supereffective|p2a: Mandibuzz
|-damage|p2a: Mandibuzz|151\/423
|
|-weather|Sandstorm|[upkeep]
|-heal|p2a: Mandibuzz|177\/423|[from] item: Leftovers
|turn|2
|
|move|p2a: Mandibuzz|Roost|p2a: Mandibuzz
|-heal|p2a: Mandibuzz|389\/423
|move|p1a: Tyranitar|Thunder Wave|p2a: Mandibuzz
|-status|p2a: Mandibuzz|par
|
|-weather|Sandstorm|[upkeep]
|-heal|p2a: Mandibuzz|415\/423 par|[from] item: Leftovers
|turn|3
|
|switch|p2a: Scizor|Scizor, M|281\/281
|move|p1a: Tyranitar|Stone Edge|p2a: Scizor|[miss]
|-miss|p1a: Tyranitar|p2a: Scizor
|
|-weather|Sandstorm|[upkeep]
|turn|4
|
|switch|p1a: Azumarill|Azumarill, F|358\/358
|move|p2a: Scizor|U-turn|p1a: Azumarill
|-resisted|p1a: Azumarill
|-damage|p1a: Azumarill|231\/358
|
|switch|p2a: Celebi|Celebi|401\/401
|
|-weather|Sandstorm|[upkeep]
|-damage|p2a: Celebi|376\/401|[from] sandstorm
|-damage|p1a: Azumarill|209\/358|[from] sandstorm
|-heal|p2a: Celebi|401\/401|[from] item: Leftovers
|turn|5
|
|switch|p1a: Pinsir|Pinsir, M|271\/271
|move|p2a: Celebi|U-turn|p1a: Pinsir
|-damage|p1a: Pinsir|224\/271
|
|switch|p2a: Scizor|Scizor, M|281\/281
|
|-weather|Sandstorm|[upkeep]
|-damage|p1a: Pinsir|208\/271|[from] sandstorm
|turn|6
|
|detailschange|p1a: Pinsir|Pinsir-Mega, M
|message|Pinsir has Mega Evolved into Mega Pinsir!
|move|p2a: Scizor|Bullet Punch|p1a: Pinsir
|-damage|p1a: Pinsir|57\/271
|move|p1a: Pinsir|Swords Dance|p1a: Pinsir
|-boost|p1a: Pinsir|atk|2
|
|-weather|Sandstorm|[upkeep]
|-damage|p1a: Pinsir|41\/271|[from] sandstorm
|turn|7
|
|move|p1a: Pinsir|Quick Attack|p2a: Scizor
|-damage|p2a: Scizor|88\/281
|move|p2a: Scizor|Bullet Punch|p1a: Pinsir
|-crit|p1a: Pinsir
|-damage|p1a: Pinsir|0 fnt
|faint|p1a: Pinsir
|
|-weather|Sandstorm|[upkeep]
|
|switch|p1a: Excadrill|Excadrill, M|362\/362
|turn|8
|
|switch|p2a: Mandibuzz|Mandibuzz, F|415\/423 par
|move|p1a: Excadrill|Rock Slide|p2a: Mandibuzz
|-supereffective|p2a: Mandibuzz
|-damage|p2a: Mandibuzz|236\/423 par
|-damage|p1a: Excadrill|326\/362|[from] item: Life Orb
|
|-weather|none
|-heal|p2a: Mandibuzz|262\/423 par|[from] item: Leftovers
|turn|9
|
|move|p1a: Excadrill|Iron Head|p2a: Mandibuzz
|-damage|p2a: Mandibuzz|110\/423 par
|-damage|p1a: Excadrill|290\/362|[from] item: Life Orb
|move|p2a: Mandibuzz|Foul Play|p1a: Excadrill
|-damage|p1a: Excadrill|19\/362
|
|-heal|p2a: Mandibuzz|136\/423 par|[from] item: Leftovers
|turn|10
|
|switch|p2a: Celebi|Celebi|401\/401
|move|p1a: Excadrill|Rock Slide|p2a: Celebi
|-damage|p2a: Celebi|267\/401
|-damage|p1a: Excadrill|0 fnt|[from] item: Life Orb
|faint|p1a: Excadrill
|
|-heal|p2a: Celebi|292\/401|[from] item: Leftovers
|
|switch|p1a: Latios|Latios, M|302\/302
|turn|11
|
|switch|p2a: Mandibuzz|Mandibuzz, F|136\/423 par
|move|p1a: Latios|Draco Meteor|p2a: Mandibuzz
|-damage|p2a: Mandibuzz|0 fnt
|-unboost|p1a: Latios|spa|2
|faint|p2a: Mandibuzz
|
|
|switch|p2a: Heatran|Heatran, F|385\/385
|turn|12
|
|switch|p1a: Azumarill|Azumarill, F|209\/358
|move|p2a: Heatran|Toxic|p1a: Azumarill
|-status|p1a: Azumarill|tox
|
|-damage|p1a: Azumarill|187\/358 tox|[from] psn
|turn|13
|
|move|p2a: Heatran|Stealth Rock|p1a: Azumarill
|-sidestart|p1: Based Godfish|move: Stealth Rock
|move|p1a: Azumarill|Waterfall|p2a: Heatran
|-supereffective|p2a: Heatran
|-damage|p2a: Heatran|0 fnt
|faint|p2a: Heatran
|
|-damage|p1a: Azumarill|143\/358 tox|[from] psn
|
|switch|p2a: Celebi|Celebi|292\/401
|turn|14
|
|switch|p1a: Latios|Latios, M|302\/302
|-damage|p1a: Latios|265\/302|[from] Stealth Rock
|move|p2a: Celebi|Giga Drain|p1a: Latios
|-resisted|p1a: Latios
|-damage|p1a: Latios|226\/302
|-heal|p2a: Celebi|312\/401|[from] drain|[of] p1a: Latios
|
|-heal|p2a: Celebi|337\/401|[from] item: Leftovers
|turn|15
|
|switch|p2a: Gothitelle|Gothitelle, M|301\/301
|move|p1a: Latios|Draco Meteor|p2a: Gothitelle
|-damage|p2a: Gothitelle|84\/301
|-unboost|p1a: Latios|spa|2
|
|turn|16
|
|move|p1a: Latios|Draco Meteor|p2a: Gothitelle
|-damage|p2a: Gothitelle|0 fnt
|-unboost|p1a: Latios|spa|2
|faint|p2a: Gothitelle
|
|
|switch|p2a: Celebi|Celebi|337\/401
|turn|17
|
|switch|p1a: Raikou|Raikou|321\/321
|-damage|p1a: Raikou|281\/321|[from] Stealth Rock
|-ability|p1a: Raikou|Pressure
|move|p2a: Celebi|U-turn|p1a: Raikou
|-damage|p1a: Raikou|213\/321
|
|switch|p2a: Scizor|Scizor, M|88\/281
|
|turn|18
|
|switch|p2a: Celebi|Celebi|337\/401
|move|p1a: Raikou|Thunderbolt|p2a: Celebi
|-resisted|p2a: Celebi
|-damage|p2a: Celebi|287\/401
|
|-heal|p2a: Celebi|312\/401|[from] item: Leftovers
|turn|19
|
|move|p1a: Raikou|Hidden Power|p2a: Celebi
|-supereffective|p2a: Celebi
|-damage|p2a: Celebi|210\/401
|move|p2a: Celebi|Recover|p2a: Celebi
|-heal|p2a: Celebi|401\/401
|
|turn|20
|
|move|p1a: Raikou|Volt Switch|p2a: Celebi
|-resisted|p2a: Celebi
|-damage|p2a: Celebi|358\/401
|
|switch|p1a: Latios|Latios, M|226\/302
|-damage|p1a: Latios|189\/302|[from] Stealth Rock
|move|p2a: Celebi|Giga Drain|p1a: Latios
|-resisted|p1a: Latios
|-damage|p1a: Latios|144\/302
|-heal|p2a: Celebi|381\/401|[from] drain|[of] p1a: Latios
|
|-heal|p2a: Celebi|401\/401|[from] item: Leftovers
|turn|21
|
|move|p1a: Latios|Draco Meteor|p2a: Celebi
|-damage|p2a: Celebi|233\/401
|-unboost|p1a: Latios|spa|2
|move|p2a: Celebi|Recover|p2a: Celebi
|-heal|p2a: Celebi|401\/401
|
|turn|22
|
|switch|p1a: Tyranitar|Tyranitar, F|270\/362
|-damage|p1a: Tyranitar|225\/362|[from] Stealth Rock
|-weather|Sandstorm
|move|p2a: Celebi|U-turn|p1a: Tyranitar
|-supereffective|p1a: Tyranitar
|-damage|p1a: Tyranitar|129\/362
|
|switch|p2a: Scizor|Scizor, M|88\/281
|
|-weather|Sandstorm|[upkeep]
|turn|23
|
|move|p2a: Scizor|Bullet Punch|p1a: Tyranitar
|-supereffective|p1a: Tyranitar
|-damage|p1a: Tyranitar|0 fnt
|faint|p1a: Tyranitar
|
|-weather|Sandstorm|[upkeep]
|
|switch|p1a: Raikou|Raikou|213\/321
|-damage|p1a: Raikou|173\/321|[from] Stealth Rock
|-ability|p1a: Raikou|Pressure
|turn|24
|
|switch|p2a: Celebi|Celebi|401\/401
|move|p1a: Raikou|Volt Switch|p2a: Celebi
|-resisted|p2a: Celebi
|-damage|p2a: Celebi|362\/401
|
|switch|p1a: Latios|Latios, M|144\/302
|-damage|p1a: Latios|107\/302|[from] Stealth Rock
|
|-weather|Sandstorm|[upkeep]
|-damage|p1a: Latios|89\/302|[from] sandstorm
|-damage|p2a: Celebi|337\/401|[from] sandstorm
|-heal|p2a: Celebi|362\/401|[from] item: Leftovers
|turn|25
|
|move|p1a: Latios|Trick|p2a: Celebi
|-activate|p1a: Latios|move: Trick|[of] p2a: Celebi
|-item|p2a: Celebi|Choice Scarf|[from] move: Trick
|-item|p1a: Latios|Leftovers|[from] move: Trick
|move|p2a: Celebi|Recover|p2a: Celebi
|-heal|p2a: Celebi|401\/401
|
|-weather|Sandstorm|[upkeep]
|-damage|p2a: Celebi|376\/401|[from] sandstorm
|-damage|p1a: Latios|71\/302|[from] sandstorm
|-heal|p1a: Latios|89\/302|[from] item: Leftovers
|turn|26
|
|switch|p2a: Slowbro|Slowbro, F|393\/393
|move|p1a: Latios|Thunderbolt|p2a: Slowbro
|-supereffective|p2a: Slowbro
|-damage|p2a: Slowbro|155\/393
|
|-weather|Sandstorm|[upkeep]
|-damage|p1a: Latios|71\/302|[from] sandstorm
|-damage|p2a: Slowbro|131\/393|[from] sandstorm
|-heal|p1a: Latios|89\/302|[from] item: Leftovers
|turn|27
|
|move|p1a: Latios|Thunderbolt|p2a: Slowbro
|-supereffective|p2a: Slowbro
|-damage|p2a: Slowbro|0 fnt
|faint|p2a: Slowbro
|
|-weather|Sandstorm|[upkeep]
|-damage|p1a: Latios|71\/302|[from] sandstorm
|-heal|p1a: Latios|89\/302|[from] item: Leftovers
|
|switch|p2a: Scizor|Scizor, M|88\/281
|turn|28
|
|switch|p1a: Azumarill|Azumarill, F|143\/358 tox
|-damage|p1a: Azumarill|99\/358 tox|[from] Stealth Rock
|move|p2a: Scizor|Bullet Punch|p1a: Azumarill
|-damage|p1a: Azumarill|0 fnt
|faint|p1a: Azumarill
|
|-weather|Sandstorm|[upkeep]
|
|switch|p1a: Raikou|Raikou|173\/321
|-damage|p1a: Raikou|133\/321|[from] Stealth Rock
|-ability|p1a: Raikou|Pressure
|turn|29
|
|switch|p2a: Celebi|Celebi|376\/401
|move|p1a: Raikou|Thunderbolt|p2a: Celebi
|-resisted|p2a: Celebi
|-damage|p2a: Celebi|324\/401
|
|-weather|none
|turn|30
|
|move|p2a: Celebi|Giga Drain|p1a: Raikou
|-crit|p1a: Raikou
|-damage|p1a: Raikou|43\/321
|-heal|p2a: Celebi|369\/401|[from] drain|[of] p1a: Raikou
|move|p1a: Raikou|Volt Switch|p2a: Celebi
|-resisted|p2a: Celebi
|-damage|p2a: Celebi|330\/401
|
|switch|p1a: Latios|Latios, M|89\/302
|-damage|p1a: Latios|52\/302|[from] Stealth Rock
|
|-heal|p1a: Latios|70\/302|[from] item: Leftovers
|turn|31
|
|move|p2a: Celebi|Giga Drain|p1a: Latios
|-resisted|p1a: Latios
|-damage|p1a: Latios|30\/302
|-heal|p2a: Celebi|350\/401|[from] drain|[of] p1a: Latios
|move|p1a: Latios|Draco Meteor|p2a: Celebi
|-damage|p2a: Celebi|176\/401
|-unboost|p1a: Latios|spa|2
|
|-heal|p1a: Latios|48\/302|[from] item: Leftovers
|turn|32
|
|move|p2a: Celebi|Giga Drain|p1a: Latios
|-resisted|p1a: Latios
|-damage|p1a: Latios|4\/302
|-heal|p2a: Celebi|198\/401|[from] drain|[of] p1a: Latios
|move|p1a: Latios|Draco Meteor|p2a: Celebi
|-damage|p2a: Celebi|114\/401
|-unboost|p1a: Latios|spa|2
|
|-heal|p1a: Latios|22\/302|[from] item: Leftovers
|turn|33
|
|move|p2a: Celebi|Giga Drain|p1a: Latios
|-crit|p1a: Latios
|-resisted|p1a: Latios
|-damage|p1a: Latios|0 fnt
|-heal|p2a: Celebi|125\/401|[from] drain|[of] p1a: Latios
|faint|p1a: Latios
|
|
|switch|p1a: Raikou|Raikou|43\/321
|-damage|p1a: Raikou|3\/321|[from] Stealth Rock
|-ability|p1a: Raikou|Pressure
|turn|34
|
|move|p2a: Celebi|Giga Drain|p1a: Raikou
|-damage|p1a: Raikou|0 fnt
|-heal|p2a: Celebi|127\/401|[from] drain|[of] p1a: Raikou
|faint|p1a: Raikou
|
|win|The Ess of Johan
|raw|Ladder updating...
|c|âThe Ess of Johan|gg
|c|âBased Godfish|gg
|raw|Based Godfish's rating: 1605 &rarr; <strong>1581<\/strong><br \/>(-24 for losing)
|raw|The Ess of Johan's rating: 1541 &rarr; <strong>1565<\/strong><br \/>(+24 for winning)