|join|Chillingtildawn
|join|The Ess of Johan
|player|p1|Chillingtildawn|172
|player|p2|The Ess of Johan|101
|gametype|singles
|gen|6
|tier|OU
|rated
|clearpoke
|poke|p1|Politoed, F
|poke|p1|Kabutops, F
|poke|p1|Hawlucha, F
|poke|p1|Ferrothorn, F
|poke|p1|Altaria, F
|poke|p1|Kingdra, M
|poke|p2|Gothitelle, M
|poke|p2|Chansey, F
|poke|p2|Skarmory, M
|poke|p2|Sableye, M
|poke|p2|Quagsire, M
|poke|p2|Cresselia, F
|rule|Swagger Clause: Swagger is banned
|rule|Baton Pass Clause: Limit one PokÃ©mon knowing Baton Pass
|rule|Sleep Clause Mod: Limit one foe put to sleep
|rule|Species Clause: Limit one of each PokÃ©mon
|rule|OHKO Clause: OHKO moves are banned
|rule|Moody Clause: Moody is banned
|rule|Evasion Moves Clause: Evasion moves are banned
|rule|Endless Battle Clause: Forcing endless battles is banned
|rule|HP Percentage Mod: HP is shown in percentages
|teampreview
|
|start
|switch|p1a: Altaria|Altaria, F|353\/353
|switch|p2a: Gothitelle|Gothitelle, M|301\/301
|turn|1
|
|switch|p2a: Skarmory|Skarmory, M|333\/333
|detailschange|p1a: Altaria|Altaria-Mega, F
|message|Altaria has Mega Evolved into Mega Altaria!
|move|p1a: Altaria|Hyper Voice|p2a: Skarmory
|-crit|p2a: Skarmory
|-resisted|p2a: Skarmory
|-damage|p2a: Skarmory|189\/333
|
|-heal|p2a: Skarmory|209\/333|[from] item: Leftovers
|turn|2
|
|switch|p1a: Hawlucha|Hawlucha, F|326\/326
|switch|p2a: Chansey|Chansey, F|645\/645
|
|turn|3
|
|switch|p2a: Quagsire|Quagsire, M|352\/352
|move|p1a: Hawlucha|Substitute|p1a: Hawlucha
|-start|p1a: Hawlucha|Substitute
|-damage|p1a: Hawlucha|245\/326
|
|turn|4
|
|move|p1a: Hawlucha|Drain Punch|p2a: Quagsire
|-damage|p2a: Quagsire|240\/352
|-heal|p1a: Hawlucha|301\/326|[from] drain|[of] p2a: Quagsire
|move|p2a: Quagsire|Scald|p1a: Hawlucha
|-end|p1a: Hawlucha|Substitute
|
|-heal|p2a: Quagsire|262\/352|[from] item: Leftovers
|turn|5
|
|move|p1a: Hawlucha|Drain Punch|p2a: Quagsire
|-damage|p2a: Quagsire|133\/352
|-heal|p1a: Hawlucha|326\/326|[from] drain|[of] p2a: Quagsire
|move|p2a: Quagsire|Scald|p1a: Hawlucha
|-damage|p1a: Hawlucha|220\/326
|
|-heal|p2a: Quagsire|155\/352|[from] item: Leftovers
|turn|6
|
|move|p1a: Hawlucha|Substitute|p1a: Hawlucha
|-start|p1a: Hawlucha|Substitute
|-damage|p1a: Hawlucha|139\/326
|-enditem|p1a: Hawlucha|Sitrus Berry|[eat]
|-heal|p1a: Hawlucha|220\/326|[from] item: Sitrus Berry
|move|p2a: Quagsire|Recover|p2a: Quagsire
|-heal|p2a: Quagsire|331\/352
|
|-heal|p2a: Quagsire|352\/352|[from] item: Leftovers
|turn|7
|
|move|p1a: Hawlucha|Acrobatics|p2a: Quagsire
|-damage|p2a: Quagsire|184\/352
|move|p2a: Quagsire|Scald|p1a: Hawlucha
|-end|p1a: Hawlucha|Substitute
|
|-heal|p2a: Quagsire|206\/352|[from] item: Leftovers
|turn|8
|
|move|p1a: Hawlucha|Drain Punch|p2a: Quagsire
|-damage|p2a: Quagsire|86\/352
|-heal|p1a: Hawlucha|280\/326|[from] drain|[of] p2a: Quagsire
|move|p2a: Quagsire|Recover|p2a: Quagsire
|-heal|p2a: Quagsire|262\/352
|
|-heal|p2a: Quagsire|284\/352|[from] item: Leftovers
|turn|9
|
|move|p1a: Hawlucha|Acrobatics|p2a: Quagsire
|-damage|p2a: Quagsire|92\/352
|move|p2a: Quagsire|Scald|p1a: Hawlucha
|-damage|p1a: Hawlucha|178\/326
|
|-heal|p2a: Quagsire|114\/352|[from] item: Leftovers
|turn|10
|
|move|p1a: Hawlucha|Drain Punch|p2a: Quagsire
|-damage|p2a: Quagsire|0 fnt
|-heal|p1a: Hawlucha|235\/326|[from] drain|[of] p2a: Quagsire
|faint|p2a: Quagsire
|
|
|switch|p2a: Sableye|Sableye, M|304\/304
|turn|11
|
|switch|p1a: Politoed|Politoed, F|384\/384
|-weather|RainDance
|detailschange|p2a: Sableye|Sableye-Mega, M
|message|Sableye has Mega Evolved into Mega Sableye!
|move|p2a: Sableye|Will-O-Wisp|p1a: Politoed
|-status|p1a: Politoed|brn
|
|-weather|RainDance|[upkeep]
|-damage|p1a: Politoed|336\/384 brn|[from] brn
|turn|12
|
|switch|p1a: Kingdra|Kingdra, M|291\/291
|switch|p2a: Chansey|Chansey, F|645\/645
|
|-weather|RainDance|[upkeep]
|turn|13
|
|move|p1a: Kingdra|Surf|p2a: Chansey
|-damage|p2a: Chansey|476\/645
|move|p2a: Chansey|Thunder Wave|p1a: Kingdra
|-status|p1a: Kingdra|par
|
|-weather|RainDance|[upkeep]
|turn|14
|
|switch|p1a: Hawlucha|Hawlucha, F|235\/326
|move|p2a: Chansey|Thunder Wave|p1a: Hawlucha
|-status|p1a: Hawlucha|par
|
|-weather|RainDance|[upkeep]
|turn|15
|
|switch|p2a: Sableye|Sableye-Mega, M|304\/304
|move|p1a: Hawlucha|Substitute|p1a: Hawlucha
|-start|p1a: Hawlucha|Substitute
|-damage|p1a: Hawlucha|154\/326 par
|
|-weather|RainDance|[upkeep]
|turn|16
|
|switch|p2a: Skarmory|Skarmory, M|209\/333
|move|p1a: Hawlucha|Swords Dance|p1a: Hawlucha
|-boost|p1a: Hawlucha|atk|2
|
|-weather|RainDance|[upkeep]
|-heal|p2a: Skarmory|229\/333|[from] item: Leftovers
|turn|17
|
|move|p1a: Hawlucha|Drain Punch|p2a: Skarmory
|-damage|p2a: Skarmory|84\/333
|-heal|p1a: Hawlucha|227\/326 par|[from] drain|[of] p2a: Skarmory
|move|p2a: Skarmory|Whirlwind|p1a: Hawlucha
|drag|p1a: Politoed|Politoed, F|336\/384 brn
|
|-weather|RainDance|[upkeep]
|-heal|p2a: Skarmory|104\/333|[from] item: Leftovers
|-damage|p1a: Politoed|288\/384 brn|[from] brn
|turn|18
|
|switch|p2a: Chansey|Chansey, F|476\/645
|switch|p1a: Kabutops|Kabutops, F|262\/262
|
|-weather|none
|turn|19
|
|switch|p1a: Altaria|Altaria-Mega, F|353\/353
|move|p2a: Chansey|Soft-Boiled|p2a: Chansey
|-heal|p2a: Chansey|645\/645
|
|turn|20
|
|switch|p1a: Hawlucha|Hawlucha, F|227\/326 par
|move|p2a: Chansey|Stealth Rock|p1a: Hawlucha
|-sidestart|p1: Chillingtildawn|move: Stealth Rock
|
|turn|21
|
|move|p2a: Chansey|Seismic Toss|p1a: Hawlucha
|-damage|p1a: Hawlucha|127\/326 par
|move|p1a: Hawlucha|Drain Punch|p2a: Chansey
|-supereffective|p2a: Chansey
|-damage|p2a: Chansey|349\/645
|-heal|p1a: Hawlucha|275\/326 par|[from] drain|[of] p2a: Chansey
|
|turn|22
|
|move|p2a: Chansey|Seismic Toss|p1a: Hawlucha
|-damage|p1a: Hawlucha|175\/326 par
|move|p1a: Hawlucha|Acrobatics|p2a: Chansey
|-damage|p2a: Chansey|118\/645
|
|turn|23
|
|move|p2a: Chansey|Seismic Toss|p1a: Hawlucha
|-damage|p1a: Hawlucha|75\/326 par
|move|p1a: Hawlucha|Drain Punch|p2a: Chansey
|-supereffective|p2a: Chansey
|-damage|p2a: Chansey|0 fnt
|-heal|p1a: Hawlucha|134\/326 par|[from] drain|[of] p2a: Chansey
|faint|p2a: Chansey
|
|
|switch|p2a: Gothitelle|Gothitelle, M|301\/301
|turn|24
|
|move|p2a: Gothitelle|Psychic|p1a: Hawlucha
|-supereffective|p1a: Hawlucha
|-damage|p1a: Hawlucha|0 fnt
|faint|p1a: Hawlucha
|
|
|switch|p1a: Ferrothorn|Ferrothorn, F|352\/352
|-damage|p1a: Ferrothorn|330\/352|[from] Stealth Rock
|turn|25
|
|switch|p2a: Sableye|Sableye-Mega, M|304\/304
|move|p1a: Ferrothorn|Gyro Ball|p2a: Sableye
|-damage|p2a: Sableye|273\/304
|
|-heal|p1a: Ferrothorn|352\/352|[from] item: Leftovers
|turn|26
|
|switch|p1a: Politoed|Politoed, F|288\/384 brn
|-damage|p1a: Politoed|240\/384 brn|[from] Stealth Rock
|-weather|RainDance
|move|p2a: Sableye|Calm Mind|p2a: Sableye
|-boost|p2a: Sableye|spa|1
|-boost|p2a: Sableye|spd|1
|
|-weather|RainDance|[upkeep]
|-damage|p1a: Politoed|192\/384 brn|[from] brn
|turn|27
|
|move|p1a: Politoed|Perish Song|p1a: Politoed
|-fieldactivate|move: Perish Song
|move|p2a: Sableye|Will-O-Wisp|p1a: Politoed
|-fail|p1a: Politoed|brn
|
|-start|p1a: Politoed|perish3
|-start|p2a: Sableye|perish3
|-weather|RainDance|[upkeep]
|-damage|p1a: Politoed|144\/384 brn|[from] brn
|turn|28
|
|switch|p2a: Gothitelle|Gothitelle, M|301\/301
|move|p1a: Politoed|Scald|p2a: Gothitelle
|-damage|p2a: Gothitelle|157\/301
|-status|p2a: Gothitelle|brn
|
|-start|p1a: Politoed|perish2
|-weather|RainDance|[upkeep]
|-damage|p2a: Gothitelle|120\/301 brn|[from] brn
|-damage|p1a: Politoed|96\/384 brn|[from] brn
|turn|29
|
|move|p2a: Gothitelle|Rest|p2a: Gothitelle
|-status|p2a: Gothitelle|slp
|-heal|p2a: Gothitelle|301\/301 slp|[silent]
|-status|p2a: Gothitelle|slp|[from] move: Rest
|move|p1a: Politoed|Scald|p2a: Gothitelle
|-damage|p2a: Gothitelle|172\/301 slp
|
|-start|p1a: Politoed|perish1
|-weather|RainDance|[upkeep]
|-damage|p1a: Politoed|48\/384 brn|[from] brn
|turn|30
|
|switch|p2a: Cresselia|Cresselia, F|444\/444
|move|p1a: Politoed|Scald|p2a: Cresselia
|-damage|p2a: Cresselia|360\/444
|
|-start|p1a: Politoed|perish0
|-weather|RainDance|[upkeep]
|-heal|p2a: Cresselia|387\/444|[from] item: Leftovers
|faint|p1a: Politoed
|
|switch|p1a: Kingdra|Kingdra, M|291\/291 par
|-damage|p1a: Kingdra|255\/291 par|[from] Stealth Rock
|turn|31
|
|switch|p2a: Gothitelle|Gothitelle, M|172\/301 slp
|move|p1a: Kingdra|Surf|p2a: Gothitelle
|-damage|p2a: Gothitelle|0 fnt
|faint|p2a: Gothitelle
|
|-weather|RainDance|[upkeep]
|
|switch|p2a: Cresselia|Cresselia, F|387\/444
|turn|32
|
|move|p2a: Cresselia|Psyshock|p1a: Kingdra
|-damage|p1a: Kingdra|177\/291 par
|move|p1a: Kingdra|Surf|p2a: Cresselia
|-damage|p2a: Cresselia|201\/444
|
|-weather|RainDance|[upkeep]
|-heal|p2a: Cresselia|228\/444|[from] item: Leftovers
|turn|33
|
|move|p2a: Cresselia|Moonlight|p2a: Cresselia
|-heal|p2a: Cresselia|339\/444
|move|p1a: Kingdra|Surf|p2a: Cresselia
|-damage|p2a: Cresselia|131\/444
|
|-weather|none
|-heal|p2a: Cresselia|158\/444|[from] item: Leftovers
|turn|34
|
|move|p2a: Cresselia|Moonlight|p2a: Cresselia
|-heal|p2a: Cresselia|380\/444
|move|p1a: Kingdra|Surf|p2a: Cresselia
|-damage|p2a: Cresselia|242\/444
|
|-heal|p2a: Cresselia|269\/444|[from] item: Leftovers
|turn|35
|
|move|p2a: Cresselia|Psyshock|p1a: Kingdra
|-damage|p1a: Kingdra|95\/291 par
|move|p1a: Kingdra|Surf|p2a: Cresselia
|-damage|p2a: Cresselia|148\/444
|
|-heal|p2a: Cresselia|175\/444|[from] item: Leftovers
|turn|36
|
|switch|p1a: Ferrothorn|Ferrothorn, F|352\/352
|-damage|p1a: Ferrothorn|330\/352|[from] Stealth Rock
|move|p2a: Cresselia|Moonlight|p2a: Cresselia
|-heal|p2a: Cresselia|397\/444
|
|-heal|p2a: Cresselia|424\/444|[from] item: Leftovers
|-heal|p1a: Ferrothorn|352\/352|[from] item: Leftovers
|turn|37
|
|switch|p2a: Sableye|Sableye-Mega, M|273\/304
|switch|p1a: Kingdra|Kingdra, M|95\/291 par
|-damage|p1a: Kingdra|59\/291 par|[from] Stealth Rock
|
|turn|38
|
|move|p2a: Sableye|Dark Pulse|p1a: Kingdra
|-damage|p1a: Kingdra|0 fnt
|faint|p1a: Kingdra
|
|
|switch|p1a: Altaria|Altaria-Mega, F|353\/353
|-damage|p1a: Altaria|309\/353|[from] Stealth Rock
|turn|39
|
|move|p1a: Altaria|Hyper Voice|p2a: Sableye
|-supereffective|p2a: Sableye
|-damage|p2a: Sableye|0 fnt
|faint|p2a: Sableye
|
|
|switch|p2a: Cresselia|Cresselia, F|424\/444
|turn|40
|
|switch|p1a: Ferrothorn|Ferrothorn, F|352\/352
|-damage|p1a: Ferrothorn|330\/352|[from] Stealth Rock
|move|p2a: Cresselia|Psyshock|p1a: Ferrothorn
|-resisted|p1a: Ferrothorn
|-damage|p1a: Ferrothorn|303\/352
|
|-heal|p2a: Cresselia|444\/444|[from] item: Leftovers
|-heal|p1a: Ferrothorn|325\/352|[from] item: Leftovers
|turn|41
|
|switch|p2a: Skarmory|Skarmory, M|104\/333
|move|p1a: Ferrothorn|Leech Seed|p2a: Skarmory
|-start|p2a: Skarmory|move: Leech Seed
|
|-heal|p2a: Skarmory|124\/333|[from] item: Leftovers
|-heal|p1a: Ferrothorn|347\/352|[from] item: Leftovers
|-damage|p2a: Skarmory|83\/333|[from] Leech Seed|[of] p1a: Ferrothorn
|-heal|p1a: Ferrothorn|352\/352|[silent]
|turn|42
|
|switch|p1a: Altaria|Altaria-Mega, F|309\/353
|-damage|p1a: Altaria|265\/353|[from] Stealth Rock
|move|p2a: Skarmory|Roost|p2a: Skarmory
|-heal|p2a: Skarmory|250\/333
|
|-heal|p2a: Skarmory|270\/333|[from] item: Leftovers
|-damage|p2a: Skarmory|229\/333|[from] Leech Seed|[of] p1a: Altaria
|-heal|p1a: Altaria|306\/353|[silent]
|turn|43
|
|switch|p2a: Cresselia|Cresselia, F|444\/444
|move|p1a: Altaria|Fire Blast|p2a: Cresselia
|-damage|p2a: Cresselia|381\/444
|
|-heal|p2a: Cresselia|408\/444|[from] item: Leftovers
|turn|44
|
|switch|p1a: Kabutops|Kabutops, F|262\/262
|-damage|p1a: Kabutops|230\/262|[from] Stealth Rock
|move|p2a: Cresselia|Skill Swap|p1a: Kabutops
|-activate|p2a: Cresselia|move: Skill Swap|Swift Swim|Levitate|[of] p1a: Kabutops
|
|-heal|p2a: Cresselia|435\/444|[from] item: Leftovers
|turn|45
|
|switch|p2a: Skarmory|Skarmory, M|229\/333
|move|p1a: Kabutops|Waterfall|p2a: Skarmory
|-damage|p2a: Skarmory|115\/333
|-damage|p1a: Kabutops|204\/262|[from] item: Life Orb
|
|-heal|p2a: Skarmory|135\/333|[from] item: Leftovers
|turn|46
|
|move|p1a: Kabutops|Swords Dance|p1a: Kabutops
|-boost|p1a: Kabutops|atk|2
|move|p2a: Skarmory|Roost|p2a: Skarmory
|-heal|p2a: Skarmory|302\/333
|
|-heal|p2a: Skarmory|322\/333|[from] item: Leftovers
|turn|47
|
|move|p1a: Kabutops|Stone Edge|p2a: Skarmory
|-damage|p2a: Skarmory|72\/333
|-damage|p1a: Kabutops|178\/262|[from] item: Life Orb
|move|p2a: Skarmory|Whirlwind|p1a: Kabutops
|drag|p1a: Altaria|Altaria-Mega, F|306\/353
|-damage|p1a: Altaria|262\/353|[from] Stealth Rock
|
|-heal|p2a: Skarmory|92\/333|[from] item: Leftovers
|turn|48
|
|switch|p2a: Cresselia|Cresselia, F|435\/444
|move|p1a: Altaria|Hyper Voice|p2a: Cresselia
|-damage|p2a: Cresselia|345\/444
|
|-heal|p2a: Cresselia|372\/444|[from] item: Leftovers
|turn|49
|
|move|p2a: Cresselia|Psyshock|p1a: Altaria
|-damage|p1a: Altaria|207\/353
|move|p1a: Altaria|Hyper Voice|p2a: Cresselia
|-damage|p2a: Cresselia|282\/444
|
|-heal|p2a: Cresselia|309\/444|[from] item: Leftovers
|turn|50
|
|move|p2a: Cresselia|Skill Swap|p1a: Altaria
|-activate|p2a: Cresselia|move: Skill Swap|Pixilate|Levitate|[of] p1a: Altaria
|move|p1a: Altaria|Roost|p1a: Altaria
|-heal|p1a: Altaria|353\/353
|
|-heal|p2a: Cresselia|336\/444|[from] item: Leftovers
|turn|51
|
|move|p2a: Cresselia|Psyshock|p1a: Altaria
|-damage|p1a: Altaria|293\/353
|move|p1a: Altaria|Hyper Voice|p2a: Cresselia
|-damage|p2a: Cresselia|286\/444
|
|-heal|p2a: Cresselia|313\/444|[from] item: Leftovers
|turn|52
|
|switch|p1a: Kabutops|Kabutops, F|178\/262
|-damage|p1a: Kabutops|146\/262|[from] Stealth Rock
|move|p2a: Cresselia|Psyshock|p1a: Kabutops
|-damage|p1a: Kabutops|74\/262
|
|-heal|p2a: Cresselia|340\/444|[from] item: Leftovers
|turn|53
|
|move|p1a: Kabutops|Waterfall|p2a: Cresselia
|-damage|p2a: Cresselia|188\/444
|-damage|p1a: Kabutops|48\/262|[from] item: Life Orb
|move|p2a: Cresselia|Psyshock|p1a: Kabutops
|-damage|p1a: Kabutops|0 fnt
|faint|p1a: Kabutops
|
|-heal|p2a: Cresselia|215\/444|[from] item: Leftovers
|
|switch|p1a: Ferrothorn|Ferrothorn, F|352\/352
|-damage|p1a: Ferrothorn|330\/352|[from] Stealth Rock
|turn|54
|
|move|p2a: Cresselia|Moonlight|p2a: Cresselia
|-heal|p2a: Cresselia|437\/444
|move|p1a: Ferrothorn|Leech Seed|p2a: Cresselia
|-start|p2a: Cresselia|move: Leech Seed
|
|-heal|p2a: Cresselia|444\/444|[from] item: Leftovers
|-heal|p1a: Ferrothorn|352\/352|[from] item: Leftovers
|-damage|p2a: Cresselia|389\/444|[from] Leech Seed|[of] p1a: Ferrothorn
|turn|55
|
|switch|p2a: Skarmory|Skarmory, M|92\/333
|move|p1a: Ferrothorn|Stealth Rock|p2a: Skarmory
|-sidestart|p2: The Ess of Johan|move: Stealth Rock
|
|-heal|p2a: Skarmory|112\/333|[from] item: Leftovers
|turn|56
|
|move|p2a: Skarmory|Spikes|p1a: Ferrothorn
|-sidestart|p1: Chillingtildawn|Spikes
|move|p1a: Ferrothorn|Leech Seed|p2a: Skarmory
|-start|p2a: Skarmory|move: Leech Seed
|
|-heal|p2a: Skarmory|132\/333|[from] item: Leftovers
|-damage|p2a: Skarmory|91\/333|[from] Leech Seed|[of] p1a: Ferrothorn
|turn|57
|
|switch|p1a: Altaria|Altaria-Mega, F|293\/353
|-damage|p1a: Altaria|249\/353|[from] Stealth Rock
|-damage|p1a: Altaria|205\/353|[from] Spikes
|move|p2a: Skarmory|Roost|p2a: Skarmory
|-heal|p2a: Skarmory|258\/333
|
|-heal|p2a: Skarmory|278\/333|[from] item: Leftovers
|-damage|p2a: Skarmory|237\/333|[from] Leech Seed|[of] p1a: Altaria
|-heal|p1a: Altaria|246\/353|[silent]
|turn|58
|
|switch|p1a: Ferrothorn|Ferrothorn, F|352\/352
|-damage|p1a: Ferrothorn|330\/352|[from] Stealth Rock
|-damage|p1a: Ferrothorn|286\/352|[from] Spikes
|switch|p2a: Cresselia|Cresselia, F|389\/444
|-damage|p2a: Cresselia|334\/444|[from] Stealth Rock
|
|-heal|p2a: Cresselia|361\/444|[from] item: Leftovers
|-heal|p1a: Ferrothorn|308\/352|[from] item: Leftovers
|turn|59
|
|switch|p2a: Skarmory|Skarmory, M|237\/333
|-damage|p2a: Skarmory|196\/333|[from] Stealth Rock
|move|p1a: Ferrothorn|Leech Seed|p2a: Skarmory
|-start|p2a: Skarmory|move: Leech Seed
|
|-heal|p2a: Skarmory|216\/333|[from] item: Leftovers
|-heal|p1a: Ferrothorn|330\/352|[from] item: Leftovers
|-damage|p2a: Skarmory|175\/333|[from] Leech Seed|[of] p1a: Ferrothorn
|-heal|p1a: Ferrothorn|352\/352|[silent]
|turn|60
|
|switch|p1a: Altaria|Altaria-Mega, F|246\/353
|-damage|p1a: Altaria|202\/353|[from] Stealth Rock
|-damage|p1a: Altaria|158\/353|[from] Spikes
|move|p2a: Skarmory|Spikes|p1a: Altaria
|-sidestart|p1: Chillingtildawn|Spikes
|
|-heal|p2a: Skarmory|195\/333|[from] item: Leftovers
|-damage|p2a: Skarmory|154\/333|[from] Leech Seed|[of] p1a: Altaria
|-heal|p1a: Altaria|199\/353|[silent]
|turn|61
|
|switch|p2a: Cresselia|Cresselia, F|361\/444
|-damage|p2a: Cresselia|306\/444|[from] Stealth Rock
|move|p1a: Altaria|Fire Blast|p2a: Cresselia
|-damage|p2a: Cresselia|248\/444
|
|-heal|p2a: Cresselia|275\/444|[from] item: Leftovers
|turn|62
|
|move|p2a: Cresselia|Skill Swap|p1a: Altaria
|-activate|p2a: Cresselia|move: Skill Swap|Pixilate|Levitate|[of] p1a: Altaria
|move|p1a: Altaria|Fire Blast|p2a: Cresselia
|-damage|p2a: Cresselia|220\/444
|
|-heal|p2a: Cresselia|247\/444|[from] item: Leftovers
|turn|63
|
|move|p2a: Cresselia|Psyshock|p1a: Altaria
|-damage|p1a: Altaria|147\/353
|move|p1a: Altaria|Roost|p1a: Altaria
|-heal|p1a: Altaria|324\/353
|
|-heal|p2a: Cresselia|274\/444|[from] item: Leftovers
|turn|64
|
|move|p2a: Cresselia|Psyshock|p1a: Altaria
|-damage|p1a: Altaria|266\/353
|move|p1a: Altaria|Fire Blast|p2a: Cresselia|[miss]
|-miss|p1a: Altaria|p2a: Cresselia
|
|-heal|p2a: Cresselia|301\/444|[from] item: Leftovers
|turn|65
|
|move|p2a: Cresselia|Psyshock|p1a: Altaria
|-crit|p1a: Altaria
|-damage|p1a: Altaria|188\/353
|move|p1a: Altaria|Hyper Voice|p2a: Cresselia
|-damage|p2a: Cresselia|252\/444
|
|-heal|p2a: Cresselia|279\/444|[from] item: Leftovers
|turn|66
|
|move|p2a: Cresselia|Psyshock|p1a: Altaria
|-damage|p1a: Altaria|137\/353
|move|p1a: Altaria|Roost|p1a: Altaria
|-heal|p1a: Altaria|314\/353
|
|-heal|p2a: Cresselia|306\/444|[from] item: Leftovers
|turn|67
|
|switch|p1a: Ferrothorn|Ferrothorn, F|352\/352
|-damage|p1a: Ferrothorn|294\/352|[from] Spikes
|-damage|p1a: Ferrothorn|272\/352|[from] Stealth Rock
|move|p2a: Cresselia|Psych Up|p1a: Ferrothorn
|-copyboost|p2a: Cresselia|p1a: Ferrothorn|[from] move: Psych Up
|
|-heal|p2a: Cresselia|333\/444|[from] item: Leftovers
|-heal|p1a: Ferrothorn|294\/352|[from] item: Leftovers
|turn|68
|
|switch|p2a: Skarmory|Skarmory, M|154\/333
|-damage|p2a: Skarmory|113\/333|[from] Stealth Rock
|move|p1a: Ferrothorn|Leech Seed|p2a: Skarmory
|-start|p2a: Skarmory|move: Leech Seed
|
|-heal|p2a: Skarmory|133\/333|[from] item: Leftovers
|-heal|p1a: Ferrothorn|316\/352|[from] item: Leftovers
|-damage|p2a: Skarmory|92\/333|[from] Leech Seed|[of] p1a: Ferrothorn
|-heal|p1a: Ferrothorn|352\/352|[silent]
|turn|69
|
|switch|p1a: Altaria|Altaria-Mega, F|314\/353
|-damage|p1a: Altaria|256\/353|[from] Spikes
|-damage|p1a: Altaria|212\/353|[from] Stealth Rock
|move|p2a: Skarmory|Roost|p2a: Skarmory
|-heal|p2a: Skarmory|259\/333
|
|-heal|p2a: Skarmory|279\/333|[from] item: Leftovers
|-damage|p2a: Skarmory|238\/333|[from] Leech Seed|[of] p1a: Altaria
|-heal|p1a: Altaria|253\/353|[silent]
|turn|70
|
|switch|p2a: Cresselia|Cresselia, F|333\/444
|-damage|p2a: Cresselia|278\/444|[from] Stealth Rock
|move|p1a: Altaria|Fire Blast|p2a: Cresselia
|-damage|p2a: Cresselia|224\/444
|
|-heal|p2a: Cresselia|251\/444|[from] item: Leftovers
|turn|71
|
|move|p2a: Cresselia|Skill Swap|p1a: Altaria
|-activate|p2a: Cresselia|move: Skill Swap|Pixilate|Levitate|[of] p1a: Altaria
|move|p1a: Altaria|Fire Blast|p2a: Cresselia
|-damage|p2a: Cresselia|190\/444
|
|-heal|p2a: Cresselia|217\/444|[from] item: Leftovers
|turn|72
|
|move|p2a: Cresselia|Moonlight|p2a: Cresselia
|-heal|p2a: Cresselia|439\/444
|move|p1a: Altaria|Hyper Voice|p2a: Cresselia
|-damage|p2a: Cresselia|390\/444
|
|-heal|p2a: Cresselia|417\/444|[from] item: Leftovers
|turn|73
|
|switch|p1a: Ferrothorn|Ferrothorn, F|352\/352
|-damage|p1a: Ferrothorn|330\/352|[from] Stealth Rock
|-damage|p1a: Ferrothorn|272\/352|[from] Spikes
|move|p2a: Cresselia|Psych Up|p1a: Ferrothorn
|-copyboost|p2a: Cresselia|p1a: Ferrothorn|[from] move: Psych Up
|
|-heal|p2a: Cresselia|444\/444|[from] item: Leftovers
|-heal|p1a: Ferrothorn|294\/352|[from] item: Leftovers
|turn|74
|
|switch|p2a: Skarmory|Skarmory, M|238\/333
|-damage|p2a: Skarmory|197\/333|[from] Stealth Rock
|move|p1a: Ferrothorn|Leech Seed|p2a: Skarmory|[miss]
|-miss|p1a: Ferrothorn|p2a: Skarmory
|
|-heal|p2a: Skarmory|217\/333|[from] item: Leftovers
|-heal|p1a: Ferrothorn|316\/352|[from] item: Leftovers
|turn|75
|
|move|p2a: Skarmory|Spikes|p1a: Ferrothorn
|-sidestart|p1: Chillingtildawn|Spikes
|move|p1a: Ferrothorn|Leech Seed|p2a: Skarmory
|-start|p2a: Skarmory|move: Leech Seed
|
|-heal|p2a: Skarmory|237\/333|[from] item: Leftovers
|-heal|p1a: Ferrothorn|338\/352|[from] item: Leftovers
|-damage|p2a: Skarmory|196\/333|[from] Leech Seed|[of] p1a: Ferrothorn
|-heal|p1a: Ferrothorn|352\/352|[silent]
|turn|76
|
|move|p1a: Ferrothorn|Gyro Ball|p2a: Skarmory
|-resisted|p2a: Skarmory
|-damage|p2a: Skarmory|160\/333
|move|p2a: Skarmory|Whirlwind|p1a: Ferrothorn
|drag|p1a: Altaria|Altaria-Mega, F|253\/353
|-damage|p1a: Altaria|209\/353|[from] Stealth Rock
|-damage|p1a: Altaria|121\/353|[from] Spikes
|
|-heal|p2a: Skarmory|180\/333|[from] item: Leftovers
|-damage|p2a: Skarmory|139\/333|[from] Leech Seed|[of] p1a: Altaria
|-heal|p1a: Altaria|162\/353|[silent]
|turn|77
|
|switch|p2a: Cresselia|Cresselia, F|444\/444
|-damage|p2a: Cresselia|389\/444|[from] Stealth Rock
|move|p1a: Altaria|Roost|p1a: Altaria
|-heal|p1a: Altaria|339\/353
|
|-heal|p2a: Cresselia|416\/444|[from] item: Leftovers
|turn|78
|
|switch|p1a: Ferrothorn|Ferrothorn, F|352\/352
|-damage|p1a: Ferrothorn|330\/352|[from] Stealth Rock
|-damage|p1a: Ferrothorn|242\/352|[from] Spikes
|move|p2a: Cresselia|Skill Swap|p1a: Ferrothorn
|-activate|p2a: Cresselia|move: Skill Swap|Iron Barbs|Levitate|[of] p1a: Ferrothorn
|
|-heal|p2a: Cresselia|443\/444|[from] item: Leftovers
|-heal|p1a: Ferrothorn|264\/352|[from] item: Leftovers
|turn|79
|
|switch|p2a: Skarmory|Skarmory, M|139\/333
|-damage|p2a: Skarmory|98\/333|[from] Stealth Rock
|switch|p1a: Altaria|Altaria-Mega, F|339\/353
|-damage|p1a: Altaria|251\/353|[from] Spikes
|-damage|p1a: Altaria|207\/353|[from] Stealth Rock
|
|-heal|p2a: Skarmory|118\/333|[from] item: Leftovers
|turn|80
|
|switch|p2a: Cresselia|Cresselia, F|443\/444
|-damage|p2a: Cresselia|388\/444|[from] Stealth Rock
|move|p1a: Altaria|Fire Blast|p2a: Cresselia
|-damage|p2a: Cresselia|325\/444
|
|-heal|p2a: Cresselia|352\/444|[from] item: Leftovers
|turn|81
|
|move|p2a: Cresselia|Skill Swap|p1a: Altaria
|-activate|p2a: Cresselia|move: Skill Swap|Pixilate|Levitate|[of] p1a: Altaria
|move|p1a: Altaria|Roost|p1a: Altaria
|-heal|p1a: Altaria|353\/353
|
|-heal|p2a: Cresselia|379\/444|[from] item: Leftovers
|turn|82
|
|move|p2a: Cresselia|Psych Up|p1a: Altaria
|-copyboost|p2a: Cresselia|p1a: Altaria|[from] move: Psych Up
|move|p1a: Altaria|Hyper Voice|p2a: Cresselia
|-damage|p2a: Cresselia|332\/444
|
|-heal|p2a: Cresselia|359\/444|[from] item: Leftovers
|turn|83
|
|switch|p1a: Ferrothorn|Ferrothorn, F|264\/352
|-damage|p1a: Ferrothorn|176\/352|[from] Spikes
|-damage|p1a: Ferrothorn|154\/352|[from] Stealth Rock
|move|p2a: Cresselia|Psych Up|p1a: Ferrothorn
|-copyboost|p2a: Cresselia|p1a: Ferrothorn|[from] move: Psych Up
|
|-heal|p2a: Cresselia|386\/444|[from] item: Leftovers
|-heal|p1a: Ferrothorn|176\/352|[from] item: Leftovers
|turn|84
|
|switch|p2a: Skarmory|Skarmory, M|118\/333
|-damage|p2a: Skarmory|77\/333|[from] Stealth Rock
|move|p1a: Ferrothorn|Leech Seed|p2a: Skarmory|[miss]
|-miss|p1a: Ferrothorn|p2a: Skarmory
|
|-heal|p2a: Skarmory|97\/333|[from] item: Leftovers
|-heal|p1a: Ferrothorn|198\/352|[from] item: Leftovers
|turn|85
|
|move|p2a: Skarmory|Roost|p2a: Skarmory
|-heal|p2a: Skarmory|264\/333
|move|p1a: Ferrothorn|Leech Seed|p2a: Skarmory
|-start|p2a: Skarmory|move: Leech Seed
|
|-heal|p2a: Skarmory|284\/333|[from] item: Leftovers
|-heal|p1a: Ferrothorn|220\/352|[from] item: Leftovers
|-damage|p2a: Skarmory|243\/333|[from] Leech Seed|[of] p1a: Ferrothorn
|-heal|p1a: Ferrothorn|261\/352|[silent]
|turn|86
|
|move|p2a: Skarmory|Roost|p2a: Skarmory
|-heal|p2a: Skarmory|333\/333
|move|p1a: Ferrothorn|Gyro Ball|p2a: Skarmory
|-resisted|p2a: Skarmory
|-damage|p2a: Skarmory|296\/333
|
|-heal|p2a: Skarmory|316\/333|[from] item: Leftovers
|-heal|p1a: Ferrothorn|283\/352|[from] item: Leftovers
|-damage|p2a: Skarmory|275\/333|[from] Leech Seed|[of] p1a: Ferrothorn
|-heal|p1a: Ferrothorn|324\/352|[silent]
|turn|87
|
|move|p1a: Ferrothorn|Protect|p1a: Ferrothorn
|-singleturn|p1a: Ferrothorn|Protect
|move|p2a: Skarmory|Spikes|p1a: Ferrothorn
|-fail|p1a: Ferrothorn
|
|-heal|p2a: Skarmory|295\/333|[from] item: Leftovers
|-heal|p1a: Ferrothorn|346\/352|[from] item: Leftovers
|-damage|p2a: Skarmory|254\/333|[from] Leech Seed|[of] p1a: Ferrothorn
|-heal|p1a: Ferrothorn|352\/352|[silent]
|turn|88
|
|move|p2a: Skarmory|Spikes|p1a: Ferrothorn
|-fail|p1a: Ferrothorn
|move|p1a: Ferrothorn|Stealth Rock|p2a: Skarmory
|-fail|p2a: Skarmory
|
|-heal|p2a: Skarmory|274\/333|[from] item: Leftovers
|-damage|p2a: Skarmory|233\/333|[from] Leech Seed|[of] p1a: Ferrothorn
|turn|89
|
|switch|p2a: Cresselia|Cresselia, F|386\/444
|-damage|p2a: Cresselia|331\/444|[from] Stealth Rock
|move|p1a: Ferrothorn|Stealth Rock|p2a: Cresselia
|-fail|p2a: Cresselia
|
|-heal|p2a: Cresselia|358\/444|[from] item: Leftovers
|turn|90
|
|switch|p2a: Skarmory|Skarmory, M|233\/333
|-damage|p2a: Skarmory|192\/333|[from] Stealth Rock
|move|p1a: Ferrothorn|Leech Seed|p2a: Skarmory
|-start|p2a: Skarmory|move: Leech Seed
|
|-heal|p2a: Skarmory|212\/333|[from] item: Leftovers
|-damage|p2a: Skarmory|171\/333|[from] Leech Seed|[of] p1a: Ferrothorn
|turn|91
|
|move|p2a: Skarmory|Roost|p2a: Skarmory
|-heal|p2a: Skarmory|333\/333
|move|p1a: Ferrothorn|Gyro Ball|p2a: Skarmory
|-resisted|p2a: Skarmory
|-damage|p2a: Skarmory|299\/333
|
|-heal|p2a: Skarmory|319\/333|[from] item: Leftovers
|-damage|p2a: Skarmory|278\/333|[from] Leech Seed|[of] p1a: Ferrothorn
|turn|92
|
|switch|p2a: Cresselia|Cresselia, F|358\/444
|-damage|p2a: Cresselia|303\/444|[from] Stealth Rock
|move|p1a: Ferrothorn|Stealth Rock|p2a: Cresselia
|-fail|p2a: Cresselia
|
|-heal|p2a: Cresselia|330\/444|[from] item: Leftovers
|turn|93
|
|switch|p2a: Skarmory|Skarmory, M|278\/333
|-damage|p2a: Skarmory|237\/333|[from] Stealth Rock
|move|p1a: Ferrothorn|Leech Seed|p2a: Skarmory
|-start|p2a: Skarmory|move: Leech Seed
|
|-heal|p2a: Skarmory|257\/333|[from] item: Leftovers
|-damage|p2a: Skarmory|216\/333|[from] Leech Seed|[of] p1a: Ferrothorn
|turn|94
|
|switch|p2a: Cresselia|Cresselia, F|330\/444
|-damage|p2a: Cresselia|275\/444|[from] Stealth Rock
|switch|p1a: Altaria|Altaria-Mega, F|353\/353
|-damage|p1a: Altaria|265\/353|[from] Spikes
|-damage|p1a: Altaria|221\/353|[from] Stealth Rock
|
|-heal|p2a: Cresselia|302\/444|[from] item: Leftovers
|turn|95
|c|âThe Ess of Johan|!data will-o-wisp
|c|~|\/data-move Will-O-Wisp

|
|move|p2a: Cresselia|Skill Swap|p1a: Altaria
|-activate|p2a: Cresselia|move: Skill Swap|Pixilate|Levitate|[of] p1a: Altaria
|move|p1a: Altaria|Roost|p1a: Altaria
|-heal|p1a: Altaria|353\/353
|
|-heal|p2a: Cresselia|329\/444|[from] item: Leftovers
|turn|96
|
|move|p2a: Cresselia|Psych Up|p1a: Altaria
|-copyboost|p2a: Cresselia|p1a: Altaria|[from] move: Psych Up
|move|p1a: Altaria|Heal Bell|p1a: Altaria
|-cureteam|p1a: Altaria|[from] move: HealBell
|
|-heal|p2a: Cresselia|356\/444|[from] item: Leftovers
|turn|97
|
|switch|p1a: Ferrothorn|Ferrothorn, F|352\/352
|-damage|p1a: Ferrothorn|264\/352|[from] Spikes
|-damage|p1a: Ferrothorn|242\/352|[from] Stealth Rock
|move|p2a: Cresselia|Psych Up|p1a: Ferrothorn
|-copyboost|p2a: Cresselia|p1a: Ferrothorn|[from] move: Psych Up
|
|-heal|p2a: Cresselia|383\/444|[from] item: Leftovers
|-heal|p1a: Ferrothorn|264\/352|[from] item: Leftovers
|turn|98
|
|switch|p2a: Skarmory|Skarmory, M|216\/333
|-damage|p2a: Skarmory|175\/333|[from] Stealth Rock
|switch|p1a: Altaria|Altaria-Mega, F|353\/353
|-damage|p1a: Altaria|265\/353|[from] Spikes
|-damage|p1a: Altaria|221\/353|[from] Stealth Rock
|
|-heal|p2a: Skarmory|195\/333|[from] item: Leftovers
|turn|99
|
|switch|p2a: Cresselia|Cresselia, F|383\/444
|-damage|p2a: Cresselia|328\/444|[from] Stealth Rock
|move|p1a: Altaria|Hyper Voice|p2a: Cresselia
|-damage|p2a: Cresselia|243\/444
|
|-heal|p2a: Cresselia|270\/444|[from] item: Leftovers
|turn|100
|
|move|p2a: Cresselia|Skill Swap|p1a: Altaria
|-activate|p2a: Cresselia|move: Skill Swap|Pixilate|Levitate|[of] p1a: Altaria
|move|p1a: Altaria|Hyper Voice|p2a: Cresselia
|-damage|p2a: Cresselia|223\/444
|
|-heal|p2a: Cresselia|250\/444|[from] item: Leftovers
|turn|101
|
|switch|p2a: Skarmory|Skarmory, M|195\/333
|-damage|p2a: Skarmory|154\/333|[from] Stealth Rock
|switch|p1a: Ferrothorn|Ferrothorn, F|264\/352
|-damage|p1a: Ferrothorn|242\/352|[from] Stealth Rock
|-damage|p1a: Ferrothorn|154\/352|[from] Spikes
|
|-heal|p2a: Skarmory|174\/333|[from] item: Leftovers
|-heal|p1a: Ferrothorn|176\/352|[from] item: Leftovers
|turn|102
|
|move|p2a: Skarmory|Roost|p2a: Skarmory
|-heal|p2a: Skarmory|333\/333
|move|p1a: Ferrothorn|Leech Seed|p2a: Skarmory
|-start|p2a: Skarmory|move: Leech Seed
|
|-heal|p1a: Ferrothorn|198\/352|[from] item: Leftovers
|-damage|p2a: Skarmory|292\/333|[from] Leech Seed|[of] p1a: Ferrothorn
|-heal|p1a: Ferrothorn|239\/352|[silent]
|turn|103
|
|switch|p2a: Cresselia|Cresselia, F|250\/444
|-damage|p2a: Cresselia|195\/444|[from] Stealth Rock
|move|p1a: Ferrothorn|Stealth Rock|p2a: Cresselia
|-fail|p2a: Cresselia
|
|-heal|p2a: Cresselia|222\/444|[from] item: Leftovers
|-heal|p1a: Ferrothorn|261\/352|[from] item: Leftovers
|turn|104
|
|move|p2a: Cresselia|Moonlight|p2a: Cresselia
|-heal|p2a: Cresselia|444\/444
|move|p1a: Ferrothorn|Leech Seed|p2a: Cresselia
|-start|p2a: Cresselia|move: Leech Seed
|
|-heal|p1a: Ferrothorn|283\/352|[from] item: Leftovers
|-damage|p2a: Cresselia|389\/444|[from] Leech Seed|[of] p1a: Ferrothorn
|-heal|p1a: Ferrothorn|338\/352|[silent]
|turn|105
|
|switch|p2a: Skarmory|Skarmory, M|292\/333
|-damage|p2a: Skarmory|251\/333|[from] Stealth Rock
|move|p1a: Ferrothorn|Stealth Rock|p2a: Skarmory
|-fail|p2a: Skarmory
|
|-heal|p2a: Skarmory|271\/333|[from] item: Leftovers
|-heal|p1a: Ferrothorn|352\/352|[from] item: Leftovers
|turn|106
|
|move|p2a: Skarmory|Spikes|p1a: Ferrothorn
|-fail|p1a: Ferrothorn
|move|p1a: Ferrothorn|Leech Seed|p2a: Skarmory
|-start|p2a: Skarmory|move: Leech Seed
|
|-heal|p2a: Skarmory|291\/333|[from] item: Leftovers
|-damage|p2a: Skarmory|250\/333|[from] Leech Seed|[of] p1a: Ferrothorn
|turn|107
|
|switch|p2a: Cresselia|Cresselia, F|389\/444
|-damage|p2a: Cresselia|334\/444|[from] Stealth Rock
|switch|p1a: Altaria|Altaria-Mega, F|221\/353
|-damage|p1a: Altaria|177\/353|[from] Stealth Rock
|-damage|p1a: Altaria|89\/353|[from] Spikes
|
|-heal|p2a: Cresselia|361\/444|[from] item: Leftovers
|turn|108
|
|move|p2a: Cresselia|Psych Up|p1a: Altaria
|-copyboost|p2a: Cresselia|p1a: Altaria|[from] move: Psych Up
|move|p1a: Altaria|Roost|p1a: Altaria
|-heal|p1a: Altaria|266\/353
|
|-heal|p2a: Cresselia|388\/444|[from] item: Leftovers
|turn|109
|
|switch|p1a: Ferrothorn|Ferrothorn, F|352\/352
|-damage|p1a: Ferrothorn|264\/352|[from] Spikes
|-damage|p1a: Ferrothorn|242\/352|[from] Stealth Rock
|move|p2a: Cresselia|Psych Up|p1a: Ferrothorn
|-copyboost|p2a: Cresselia|p1a: Ferrothorn|[from] move: Psych Up
|
|-heal|p2a: Cresselia|415\/444|[from] item: Leftovers
|-heal|p1a: Ferrothorn|264\/352|[from] item: Leftovers
|turn|110
|
|move|p2a: Cresselia|Skill Swap|p1a: Ferrothorn
|-activate|p2a: Cresselia|move: Skill Swap|Iron Barbs|Levitate|[of] p1a: Ferrothorn
|move|p1a: Ferrothorn|Leech Seed|p2a: Cresselia
|-start|p2a: Cresselia|move: Leech Seed
|
|-heal|p2a: Cresselia|442\/444|[from] item: Leftovers
|-heal|p1a: Ferrothorn|286\/352|[from] item: Leftovers
|-damage|p2a: Cresselia|387\/444|[from] Leech Seed|[of] p1a: Ferrothorn
|-heal|p1a: Ferrothorn|341\/352|[silent]
|turn|111
|
|switch|p2a: Skarmory|Skarmory, M|250\/333
|-damage|p2a: Skarmory|209\/333|[from] Stealth Rock
|switch|p1a: Altaria|Altaria-Mega, F|266\/353
|-damage|p1a: Altaria|178\/353|[from] Spikes
|-damage|p1a: Altaria|134\/353|[from] Stealth Rock
|
|-heal|p2a: Skarmory|229\/333|[from] item: Leftovers
|turn|112
|
|move|p1a: Altaria|Fire Blast|p2a: Skarmory
|-supereffective|p2a: Skarmory
|-damage|p2a: Skarmory|0 fnt
|faint|p2a: Skarmory
|
|c|âChillingtildawn|gg
|
|switch|p2a: Cresselia|Cresselia, F|387\/444
|-damage|p2a: Cresselia|332\/444|[from] Stealth Rock
|turn|113
|c|âThe Ess of Johan|gg
|-message|The Ess of Johan forfeited.
|
|win|Chillingtildawn
|raw|Ladder updating...
|raw|Chillingtildawn's rating: 1484 &rarr; <strong>1503<\/strong><br \/>(+19 for winning)
|raw|The Ess of Johan's rating: 1456 &rarr; <strong>1438<\/strong><br \/>(-18 for losing)
|leave|The Ess of Johan
|player|p2