|join|SLBoss
|join|The Ess of Johan
|player|p1|SLBoss|169
|player|p2|The Ess of Johan|266
|gametype|singles
|gen|6
|tier|OU
|rated
|clearpoke
|poke|p1|Blastoise, M
|poke|p1|Landorus-Therian, M
|poke|p1|Rotom-Wash
|poke|p1|Sylveon, M
|poke|p1|Ferrothorn, M
|poke|p1|Talonflame, F
|poke|p2|Beedrill, M
|poke|p2|Starmie
|poke|p2|Weavile, F
|poke|p2|Talonflame, F
|poke|p2|Landorus-Therian, M
|poke|p2|Magnezone
|rule|Swagger Clause: Swagger is banned
|rule|Baton Pass Clause: Limit one PokÃ©mon knowing Baton Pass
|rule|Sleep Clause Mod: Limit one foe put to sleep
|rule|Species Clause: Limit one of each PokÃ©mon
|rule|OHKO Clause: OHKO moves are banned
|rule|Moody Clause: Moody is banned
|rule|Evasion Moves Clause: Evasion moves are banned
|rule|Endless Battle Clause: Forcing endless battles is banned
|rule|HP Percentage Mod: HP is shown in percentages
|teampreview
|
|start
|switch|p1a: Blastoise|Blastoise, M|362\/362
|switch|p2a: Weavile|Weavile, F|281\/281
|-ability|p2a: Weavile|Pressure
|turn|1
|
|detailschange|p1a: Blastoise|Blastoise-Mega, M
|-mega|p1a: Blastoise|Blastoise|Blastoisinite
|move|p2a: Weavile|Fake Out|p1a: Blastoise
|-damage|p1a: Blastoise|309\/362
|-damage|p2a: Weavile|253\/281|[from] item: Life Orb
|cant|p1a: Blastoise|flinch
|
|turn|2
|
|move|p2a: Weavile|Knock Off|p1a: Blastoise
|-damage|p1a: Blastoise|191\/362
|-damage|p2a: Weavile|225\/281|[from] item: Life Orb
|move|p1a: Blastoise|Aura Sphere|p2a: Weavile
|-supereffective|p2a: Weavile
|-damage|p2a: Weavile|0 fnt
|faint|p2a: Weavile
|
|
|switch|p2a: Talonflame|Talonflame, F|297\/297
|turn|3
|
|switch|p1a: Landorus-Therian|Landorus-Therian, M|382\/382
|-ability|p1a: Landorus-Therian|Intimidate|[of] p2a: Talonflame
|-unboost|p2a: Talonflame|atk|1
|move|p2a: Talonflame|U-turn|p1a: Landorus-Therian
|-resisted|p1a: Landorus-Therian
|-damage|p1a: Landorus-Therian|356\/382
|
|switch|p2a: Landorus-Therian|Landorus-Therian, M|371\/371
|-ability|p2a: Landorus-Therian|Intimidate|[of] p1a: Landorus-Therian
|-unboost|p1a: Landorus-Therian|atk|1
|
|-heal|p1a: Landorus-Therian|379\/382|[from] item: Leftovers
|turn|4
|
|move|p2a: Landorus-Therian|Stealth Rock|p1a: Landorus-Therian
|-sidestart|p1: SLBoss|move: Stealth Rock
|move|p1a: Landorus-Therian|Stealth Rock|p2a: Landorus-Therian
|-sidestart|p2: The Ess of Johan|move: Stealth Rock
|
|-heal|p1a: Landorus-Therian|382\/382|[from] item: Leftovers
|turn|5
|
|move|p2a: Landorus-Therian|Stone Edge|p1a: Landorus-Therian
|-damage|p1a: Landorus-Therian|295\/382
|move|p1a: Landorus-Therian|U-turn|p2a: Landorus-Therian
|-crit|p2a: Landorus-Therian
|-resisted|p2a: Landorus-Therian
|-damage|p2a: Landorus-Therian|324\/371
|
|switch|p1a: Blastoise|Blastoise-Mega, M|191\/362
|-damage|p1a: Blastoise|146\/362|[from] Stealth Rock
|
|-heal|p2a: Landorus-Therian|347\/371|[from] item: Leftovers
|turn|6
|
|move|p2a: Landorus-Therian|U-turn|p1a: Blastoise
|-damage|p1a: Blastoise|77\/362
|
|switch|p2a: Starmie|Starmie|261\/261
|-damage|p2a: Starmie|229\/261|[from] Stealth Rock
|move|p1a: Blastoise|Scald|p2a: Starmie
|-resisted|p2a: Starmie
|-damage|p2a: Starmie|145\/261
|-status|p2a: Starmie|brn
|
|-damage|p2a: Starmie|113\/261 brn|[from] brn
|turn|7
|
|move|p2a: Starmie|Psyshock|p1a: Blastoise
|-damage|p1a: Blastoise|0 fnt
|-damage|p2a: Starmie|87\/261 brn|[from] item: Life Orb
|faint|p1a: Blastoise
|
|-damage|p2a: Starmie|55\/261 brn|[from] brn
|
|switch|p1a: Rotom-Wash|Rotom-Wash|304\/304
|-damage|p1a: Rotom-Wash|266\/304|[from] Stealth Rock
|turn|8
|
|move|p2a: Starmie|Rapid Spin|p1a: Rotom-Wash
|-damage|p1a: Rotom-Wash|260\/304
|-sideend|p2: The Ess of Johan|Stealth Rock|[from] move: Rapid Spin|[of] p2a: Starmie
|-damage|p2a: Starmie|29\/261 brn|[from] item: Life Orb
|move|p1a: Rotom-Wash|Volt Switch|p2a: Starmie
|-supereffective|p2a: Starmie
|-damage|p2a: Starmie|0 fnt
|faint|p2a: Starmie
|
|switch|p1a: Landorus-Therian|Landorus-Therian, M|295\/382
|-damage|p1a: Landorus-Therian|248\/382|[from] Stealth Rock
|
|-heal|p1a: Landorus-Therian|271\/382|[from] item: Leftovers
|
|switch|p2a: Talonflame|Talonflame, F|297\/297
|turn|9
|
|move|p2a: Talonflame|Brave Bird|p1a: Landorus-Therian
|-damage|p1a: Landorus-Therian|88\/382
|-damage|p2a: Talonflame|237\/297|[from] recoil|[of] p1a: Landorus-Therian
|move|p1a: Landorus-Therian|Stealth Rock|p2a: Talonflame
|-sidestart|p2: The Ess of Johan|move: Stealth Rock
|
|-heal|p1a: Landorus-Therian|111\/382|[from] item: Leftovers
|turn|10
|
|switch|p1a: Rotom-Wash|Rotom-Wash|260\/304
|-damage|p1a: Rotom-Wash|222\/304|[from] Stealth Rock
|move|p2a: Talonflame|Brave Bird|p1a: Rotom-Wash
|-resisted|p1a: Rotom-Wash
|-damage|p1a: Rotom-Wash|105\/304
|-damage|p2a: Talonflame|198\/297|[from] recoil|[of] p1a: Rotom-Wash
|
|-heal|p1a: Rotom-Wash|124\/304|[from] item: Leftovers
|turn|11
|
|switch|p1a: Landorus-Therian|Landorus-Therian, M|111\/382
|-damage|p1a: Landorus-Therian|64\/382|[from] Stealth Rock
|-ability|p1a: Landorus-Therian|Intimidate|[of] p2a: Talonflame
|-unboost|p2a: Talonflame|atk|1
|move|p2a: Talonflame|Brave Bird|p1a: Landorus-Therian
|-damage|p1a: Landorus-Therian|0 fnt
|-damage|p2a: Talonflame|177\/297|[from] recoil|[of] p1a: Landorus-Therian
|faint|p1a: Landorus-Therian
|
|
|switch|p1a: Sylveon|Sylveon, M|394\/394
|-damage|p1a: Sylveon|345\/394|[from] Stealth Rock
|turn|12
|
|move|p2a: Talonflame|Brave Bird|p1a: Sylveon
|-damage|p1a: Sylveon|182\/394
|-damage|p2a: Talonflame|123\/297|[from] recoil|[of] p1a: Sylveon
|move|p1a: Sylveon|Wish|p1a: Sylveon
|
|-heal|p1a: Sylveon|206\/394|[from] item: Leftovers
|turn|13
|
|switch|p1a: Rotom-Wash|Rotom-Wash|124\/304
|-damage|p1a: Rotom-Wash|86\/304|[from] Stealth Rock
|move|p2a: Talonflame|Brave Bird|p1a: Rotom-Wash
|-resisted|p1a: Rotom-Wash
|-damage|p1a: Rotom-Wash|6\/304
|-damage|p2a: Talonflame|97\/297|[from] recoil|[of] p1a: Rotom-Wash
|
|-heal|p1a: Rotom-Wash|203\/304|[from] move: Wish|[wisher] Sylveon
|-heal|p1a: Rotom-Wash|222\/304|[from] item: Leftovers
|turn|14
|
|move|p2a: Talonflame|Brave Bird|p1a: Rotom-Wash
|-resisted|p1a: Rotom-Wash
|-damage|p1a: Rotom-Wash|144\/304
|-damage|p2a: Talonflame|71\/297|[from] recoil|[of] p1a: Rotom-Wash
|move|p1a: Rotom-Wash|Hydro Pump|p2a: Talonflame
|-supereffective|p2a: Talonflame
|-damage|p2a: Talonflame|0 fnt
|faint|p2a: Talonflame
|
|-heal|p1a: Rotom-Wash|163\/304|[from] item: Leftovers
|
|switch|p2a: Beedrill|Beedrill, M|271\/271
|-damage|p2a: Beedrill|204\/271|[from] Stealth Rock
|turn|15
|
|switch|p1a: Ferrothorn|Ferrothorn, M|352\/352
|-damage|p1a: Ferrothorn|330\/352|[from] Stealth Rock
|detailschange|p2a: Beedrill|Beedrill-Mega, M
|-mega|p2a: Beedrill|Beedrill|Beedrillite
|move|p2a: Beedrill|Protect|p2a: Beedrill
|-fail|p2a: Beedrill
|
|-heal|p1a: Ferrothorn|352\/352|[from] item: Leftovers
|turn|16
|
|move|p2a: Beedrill|Poison Jab|p1a: Ferrothorn
|-immune|p1a: Ferrothorn|[msg]
|move|p1a: Ferrothorn|Leech Seed|p2a: Beedrill
|-start|p2a: Beedrill|move: Leech Seed
|
|-damage|p2a: Beedrill|171\/271|[from] Leech Seed|[of] p1a: Ferrothorn
|turn|17
|
|switch|p2a: Magnezone|Magnezone|333\/333
|-damage|p2a: Magnezone|313\/333|[from] Stealth Rock
|move|p1a: Ferrothorn|Leech Seed|p2a: Magnezone
|-start|p2a: Magnezone|move: Leech Seed
|
|-damage|p2a: Magnezone|272\/333|[from] Leech Seed|[of] p1a: Ferrothorn
|turn|18
|
|move|p2a: Magnezone|Hidden Power|p1a: Ferrothorn
|-supereffective|p1a: Ferrothorn
|-damage|p1a: Ferrothorn|24\/352
|move|p1a: Ferrothorn|Spikes|p2a: Magnezone
|-sidestart|p2: The Ess of Johan|Spikes
|
|-heal|p1a: Ferrothorn|46\/352|[from] item: Leftovers
|-damage|p2a: Magnezone|231\/333|[from] Leech Seed|[of] p1a: Ferrothorn
|-heal|p1a: Ferrothorn|87\/352|[silent]
|turn|19
|
|move|p2a: Magnezone|Hidden Power|p1a: Ferrothorn
|-supereffective|p1a: Ferrothorn
|-damage|p1a: Ferrothorn|0 fnt
|faint|p1a: Ferrothorn
|
|
|switch|p1a: Rotom-Wash|Rotom-Wash|163\/304
|-damage|p1a: Rotom-Wash|125\/304|[from] Stealth Rock
|turn|20
|
|move|p1a: Rotom-Wash|Pain Split|p2a: Magnezone
|-sethp|p2a: Magnezone|178\/333|p1a: Rotom-Wash|178\/304|[from] move: Pain Split
|move|p2a: Magnezone|Hidden Power|p1a: Rotom-Wash
|-resisted|p1a: Rotom-Wash
|-damage|p1a: Rotom-Wash|131\/304
|
|-heal|p1a: Rotom-Wash|150\/304|[from] item: Leftovers
|-damage|p2a: Magnezone|137\/333|[from] Leech Seed|[of] p1a: Rotom-Wash
|-heal|p1a: Rotom-Wash|191\/304|[silent]
|turn|21
|
|move|p1a: Rotom-Wash|Will-O-Wisp|p2a: Magnezone
|-status|p2a: Magnezone|brn
|move|p2a: Magnezone|Hidden Power|p1a: Rotom-Wash
|-resisted|p1a: Rotom-Wash
|-damage|p1a: Rotom-Wash|149\/304
|
|-heal|p1a: Rotom-Wash|168\/304|[from] item: Leftovers
|-damage|p2a: Magnezone|96\/333 brn|[from] Leech Seed|[of] p1a: Rotom-Wash
|-heal|p1a: Rotom-Wash|209\/304|[silent]
|-damage|p2a: Magnezone|55\/333 brn|[from] brn
|turn|22
|
|move|p1a: Rotom-Wash|Will-O-Wisp|p2a: Magnezone
|-fail|p2a: Magnezone|brn
|move|p2a: Magnezone|Hidden Power|p1a: Rotom-Wash
|-resisted|p1a: Rotom-Wash
|-damage|p1a: Rotom-Wash|163\/304
|
|-heal|p1a: Rotom-Wash|182\/304|[from] item: Leftovers
|-damage|p2a: Magnezone|14\/333 brn|[from] Leech Seed|[of] p1a: Rotom-Wash
|-heal|p1a: Rotom-Wash|223\/304|[silent]
|-damage|p2a: Magnezone|0 fnt|[from] brn
|faint|p2a: Magnezone
|
|switch|p2a: Beedrill|Beedrill-Mega, M|171\/271
|-damage|p2a: Beedrill|104\/271|[from] Stealth Rock
|-damage|p2a: Beedrill|71\/271|[from] Spikes
|turn|23
|
|move|p2a: Beedrill|Poison Jab|p1a: Rotom-Wash
|-damage|p1a: Rotom-Wash|35\/304
|move|p1a: Rotom-Wash|Will-O-Wisp|p2a: Beedrill|[miss]
|-miss|p1a: Rotom-Wash|p2a: Beedrill
|
|-heal|p1a: Rotom-Wash|54\/304|[from] item: Leftovers
|turn|24
|
|move|p2a: Beedrill|Poison Jab|p1a: Rotom-Wash
|-damage|p1a: Rotom-Wash|0 fnt
|faint|p1a: Rotom-Wash
|
|
|switch|p1a: Talonflame|Talonflame, F|297\/297
|-damage|p1a: Talonflame|149\/297|[from] Stealth Rock
|turn|25
|
|move|p2a: Beedrill|Protect|p2a: Beedrill
|-singleturn|p2a: Beedrill|Protect
|move|p1a: Talonflame|Brave Bird|p2a: Beedrill
|-activate|p2a: Beedrill|Protect
|
|turn|26
|
|switch|p2a: Landorus-Therian|Landorus-Therian, M|347\/371
|-damage|p2a: Landorus-Therian|301\/371|[from] Stealth Rock
|-ability|p2a: Landorus-Therian|Intimidate|[of] p1a: Talonflame
|-unboost|p1a: Talonflame|atk|1
|move|p1a: Talonflame|Brave Bird|p2a: Landorus-Therian
|-damage|p2a: Landorus-Therian|166\/371
|-damage|p1a: Talonflame|104\/297|[from] recoil|[of] p2a: Landorus-Therian
|
|-heal|p2a: Landorus-Therian|189\/371|[from] item: Leftovers
|turn|27
|
|switch|p2a: Beedrill|Beedrill-Mega, M|71\/271
|-damage|p2a: Beedrill|38\/271|[from] Spikes
|-damage|p2a: Beedrill|0 fnt|[from] Stealth Rock
|faint|p2a: Beedrill
|move|p1a: Talonflame|Brave Bird|p2: Beedrill|[notarget]
|-notarget
|
|
|switch|p2a: Landorus-Therian|Landorus-Therian, M|189\/371
|-damage|p2a: Landorus-Therian|143\/371|[from] Stealth Rock
|-ability|p2a: Landorus-Therian|Intimidate|[of] p1a: Talonflame
|-unboost|p1a: Talonflame|atk|1
|turn|28
|
|move|p1a: Talonflame|Brave Bird|p2a: Landorus-Therian
|-damage|p2a: Landorus-Therian|38\/371
|-damage|p1a: Talonflame|69\/297|[from] recoil|[of] p2a: Landorus-Therian
|move|p2a: Landorus-Therian|Stone Edge|p1a: Talonflame
|-supereffective|p1a: Talonflame
|-damage|p1a: Talonflame|0 fnt
|faint|p1a: Talonflame
|
|-heal|p2a: Landorus-Therian|61\/371|[from] item: Leftovers
|
|switch|p1a: Sylveon|Sylveon, M|206\/394
|-damage|p1a: Sylveon|157\/394|[from] Stealth Rock
|turn|29
|
|move|p1a: Sylveon|Protect|p1a: Sylveon
|-singleturn|p1a: Sylveon|Protect
|move|p2a: Landorus-Therian|Earthquake|p1a: Sylveon
|-activate|p1a: Sylveon|Protect
|
|-heal|p2a: Landorus-Therian|84\/371|[from] item: Leftovers
|-heal|p1a: Sylveon|181\/394|[from] item: Leftovers
|turn|30
|
|move|p2a: Landorus-Therian|Earthquake|p1a: Sylveon
|-damage|p1a: Sylveon|15\/394
|move|p1a: Sylveon|Hyper Voice|p2a: Landorus-Therian
|-damage|p2a: Landorus-Therian|0 fnt
|faint|p2a: Landorus-Therian
|
|win|SLBoss
|raw|Ladder updating...
|raw|SLBoss's rating: 1439 &rarr; <strong>1463<\/strong><br \/>(+24 for winning)
|raw|The Ess of Johan's rating: 1509 &rarr; <strong>1485<\/strong><br \/>(-24 for losing)