|join|papi716
|join|Ligabue
|player|p1|papi716|265
|player|p2|Ligabue|53
|gametype|singles
|gen|6
|tier|OU
|rated
|clearpoke
|poke|p1|Sceptile, M
|poke|p1|Keldeo
|poke|p1|Heatran, M
|poke|p1|Landorus-Therian, M
|poke|p1|Raikou
|poke|p1|Klefki, F
|poke|p2|Jellicent, F
|poke|p2|Chesnaught, M
|poke|p2|Heatran, F
|poke|p2|Skarmory, M
|poke|p2|Tyranitar, F
|poke|p2|Sableye, M
|rule|Swagger Clause: Swagger is banned
|rule|Baton Pass Clause: Limit one PokÃ©mon knowing Baton Pass
|rule|Sleep Clause Mod: Limit one foe put to sleep
|rule|Species Clause: Limit one of each PokÃ©mon
|rule|OHKO Clause: OHKO moves are banned
|rule|Moody Clause: Moody is banned
|rule|Evasion Moves Clause: Evasion moves are banned
|rule|Endless Battle Clause: Forcing endless battles is banned
|rule|HP Percentage Mod: HP is shown in percentages
|teampreview
|
|start
|switch|p1a: Heatran|Heatran, M|386\/386
|switch|p2a: Sableye|Sableye, M|303\/303
|turn|1
|
|switch|p2a: Heatran|Heatran, F|386\/386
|move|p1a: Heatran|Lava Plume|p2a: Heatran
|-start|p2a: Heatran|ability: Flash Fire
|
|turn|2
|
|move|p2a: Heatran|Stealth Rock|p1a: Heatran
|-sidestart|p1: papi716|move: Stealth Rock
|move|p1a: Heatran|Stealth Rock|p2a: Heatran
|-sidestart|p2: Ligabue|move: Stealth Rock
|
|turn|3
|join|consecutio
|
|move|p1a: Heatran|Roar|p2a: Heatran
|drag|p2a: Skarmory|Skarmory, M|333\/333
|-damage|p2a: Skarmory|292\/333|[from] Stealth Rock
|
|turn|4
|
|switch|p2a: Heatran|Heatran, F|386\/386
|-damage|p2a: Heatran|338\/386|[from] Stealth Rock
|move|p1a: Heatran|Roar|p2a: Heatran
|drag|p2a: Skarmory|Skarmory, M|292\/333
|-damage|p2a: Skarmory|251\/333|[from] Stealth Rock
|
|turn|5
|
|switch|p2a: Jellicent|Jellicent, F|404\/404
|-damage|p2a: Jellicent|354\/404|[from] Stealth Rock
|move|p1a: Heatran|Lava Plume|p2a: Jellicent
|-resisted|p2a: Jellicent
|-damage|p2a: Jellicent|311\/404
|
|-heal|p2a: Jellicent|336\/404|[from] item: Leftovers
|turn|6
|
|move|p1a: Heatran|Toxic|p2a: Jellicent
|-status|p2a: Jellicent|tox
|move|p2a: Jellicent|Taunt|p1a: Heatran
|-start|p1a: Heatran|move: Taunt
|
|-heal|p2a: Jellicent|361\/404 tox|[from] item: Leftovers
|-damage|p2a: Jellicent|336\/404 tox|[from] psn
|turn|7
|
|switch|p2a: Heatran|Heatran, F|338\/386
|-damage|p2a: Heatran|290\/386|[from] Stealth Rock
|move|p1a: Heatran|Lava Plume|p2a: Heatran
|-start|p2a: Heatran|ability: Flash Fire
|
|-heal|p2a: Heatran|314\/386|[from] item: Leftovers
|turn|8
|
|move|p1a: Heatran|Lava Plume|p2a: Heatran
|-immune|p2a: Heatran|[msg]
|move|p2a: Heatran|Roar|p1a: Heatran
|drag|p1a: Landorus-Therian|Landorus-Therian, M|319\/319
|-damage|p1a: Landorus-Therian|280\/319|[from] Stealth Rock
|-ability|p1a: Landorus-Therian|Intimidate|[of] p2a: Heatran
|-unboost|p2a: Heatran|atk|1
|
|-heal|p2a: Heatran|338\/386|[from] item: Leftovers
|turn|9
|
|move|p2a: Heatran|Protect|p2a: Heatran
|-singleturn|p2a: Heatran|Protect
|move|p1a: Landorus-Therian|Knock Off|p2a: Heatran
|-activate|p2a: Heatran|Protect
|
|-heal|p2a: Heatran|362\/386|[from] item: Leftovers
|turn|10
|
|switch|p1a: Klefki|Klefki, F|318\/318
|-damage|p1a: Klefki|299\/318|[from] Stealth Rock
|switch|p2a: Chesnaught|Chesnaught, M|380\/380
|-damage|p2a: Chesnaught|357\/380|[from] Stealth Rock
|
|-heal|p1a: Klefki|318\/318|[from] item: Leftovers
|-heal|p2a: Chesnaught|380\/380|[from] item: Leftovers
|turn|11
|
|switch|p2a: Heatran|Heatran, F|362\/386
|-damage|p2a: Heatran|314\/386|[from] Stealth Rock
|move|p1a: Klefki|Thunder Wave|p2a: Heatran
|-status|p2a: Heatran|par
|
|-heal|p2a: Heatran|338\/386 par|[from] item: Leftovers
|turn|12
|
|move|p1a: Klefki|Spikes|p2a: Heatran
|-sidestart|p2: Ligabue|Spikes
|cant|p2a: Heatran|par
|
|-heal|p2a: Heatran|362\/386 par|[from] item: Leftovers
|turn|13
|
|move|p1a: Klefki|Spikes|p2a: Heatran
|-sidestart|p2: Ligabue|Spikes
|move|p2a: Heatran|Lava Plume|p1a: Klefki
|-supereffective|p1a: Klefki
|-damage|p1a: Klefki|40\/318
|
|-heal|p1a: Klefki|59\/318|[from] item: Leftovers
|-heal|p2a: Heatran|386\/386 par|[from] item: Leftovers
|turn|14
|
|switch|p1a: Heatran|Heatran, M|386\/386
|-damage|p1a: Heatran|338\/386|[from] Stealth Rock
|cant|p2a: Heatran|par
|
|-heal|p1a: Heatran|362\/386|[from] item: Leftovers
|turn|15
|
|move|p1a: Heatran|Roar|p2a: Heatran
|drag|p2a: Chesnaught|Chesnaught, M|380\/380
|-damage|p2a: Chesnaught|357\/380|[from] Stealth Rock
|-damage|p2a: Chesnaught|294\/380|[from] Spikes
|
|-heal|p1a: Heatran|386\/386|[from] item: Leftovers
|-heal|p2a: Chesnaught|317\/380|[from] item: Leftovers
|turn|16
|
|move|p2a: Chesnaught|Spiky Shield|p2a: Chesnaught
|-singleturn|p2a: Chesnaught|move: Protect
|move|p1a: Heatran|Lava Plume|p2a: Chesnaught
|-activate|p2a: Chesnaught|move: Protect
|
|-heal|p2a: Chesnaught|340\/380|[from] item: Leftovers
|turn|17
|
|move|p1a: Heatran|Lava Plume|p2a: Chesnaught
|-supereffective|p2a: Chesnaught
|-damage|p2a: Chesnaught|22\/380
|move|p2a: Chesnaught|Leech Seed|p1a: Heatran
|-start|p1a: Heatran|move: Leech Seed
|
|-heal|p2a: Chesnaught|45\/380|[from] item: Leftovers
|-damage|p1a: Heatran|338\/386|[from] Leech Seed|[of] p2a: Chesnaught
|-heal|p2a: Chesnaught|93\/380|[silent]
|turn|18
|
|switch|p1a: Sceptile|Sceptile, M|281\/281
|-damage|p1a: Sceptile|246\/281|[from] Stealth Rock
|move|p2a: Chesnaught|Spiky Shield|p2a: Chesnaught
|-fail|p2a: Chesnaught
|
|-heal|p2a: Chesnaught|116\/380|[from] item: Leftovers
|turn|19
|
|detailschange|p1a: Sceptile|Sceptile-Mega, M
|-mega|p1a: Sceptile|Sceptile|Sceptilite
|move|p2a: Chesnaught|Spiky Shield|p2a: Chesnaught
|-singleturn|p2a: Chesnaught|move: Protect
|move|p1a: Sceptile|Dragon Pulse|p2a: Chesnaught
|-activate|p2a: Chesnaught|move: Protect
|
|-heal|p2a: Chesnaught|139\/380|[from] item: Leftovers
|turn|20
|
|switch|p2a: Heatran|Heatran, F|386\/386 par
|-damage|p2a: Heatran|338\/386 par|[from] Stealth Rock
|-damage|p2a: Heatran|274\/386 par|[from] Spikes
|move|p1a: Sceptile|Dragon Pulse|p2a: Heatran
|-resisted|p2a: Heatran
|-damage|p2a: Heatran|218\/386 par
|
|-heal|p2a: Heatran|242\/386 par|[from] item: Leftovers
|turn|21
|
|move|p1a: Sceptile|Earthquake|p2a: Heatran
|-crit|p2a: Heatran
|-supereffective|p2a: Heatran
|-damage|p2a: Heatran|0 fnt
|faint|p2a: Heatran
|
|-message|Ligabue forfeited.
|leave|Ligabue
|
|win|papi716
|raw|Ladder updating...
|player|p2
|raw|papi716's rating: 1399 &rarr; <strong>1417<\/strong><br \/>(+18 for winning)
|raw|Ligabue's rating: 1372 &rarr; <strong>1354<\/strong><br \/>(-18 for losing)