|join|Ligabue
|join|Reverb
|player|p1|Ligabue|53
|player|p2|Reverb|#reverb
|gametype|singles
|gen|6
|tier|OU
|rated
|clearpoke
|poke|p1|Tyranitar, F
|poke|p1|Landorus, M
|poke|p1|Keldeo
|poke|p1|Skarmory, F
|poke|p1|Altaria, M
|poke|p1|Ferrothorn, M
|poke|p2|Metagross
|poke|p2|Landorus-Therian, M
|poke|p2|Magnezone
|poke|p2|Slowbro, F
|poke|p2|Keldeo
|poke|p2|Sylveon, F
|rule|Swagger Clause: Swagger is banned
|rule|Baton Pass Clause: Limit one PokÃ©mon knowing Baton Pass
|rule|Sleep Clause Mod: Limit one foe put to sleep
|rule|Species Clause: Limit one of each PokÃ©mon
|rule|OHKO Clause: OHKO moves are banned
|rule|Moody Clause: Moody is banned
|rule|Evasion Moves Clause: Evasion moves are banned
|rule|Endless Battle Clause: Forcing endless battles is banned
|rule|HP Percentage Mod: HP is shown in percentages
|teampreview
|
|start
|switch|p1a: Altaria|Altaria, M|309\/309
|switch|p2a: Slowbro|Slowbro, F|394\/394
|turn|1
|
|detailschange|p1a: Altaria|Altaria-Mega, M
|-mega|p1a: Altaria|Altaria|Altarianite
|move|p1a: Altaria|Hyper Voice|p2a: Slowbro
|-damage|p2a: Slowbro|162\/394
|move|p2a: Slowbro|Thunder Wave|p1a: Altaria
|-status|p1a: Altaria|par
|
|-heal|p2a: Slowbro|186\/394|[from] item: Leftovers
|turn|2
|
|switch|p2a: Metagross|Metagross|301\/301
|switch|p1a: Landorus|Landorus, M|319\/319
|
|turn|3
|
|switch|p2a: Landorus-Therian|Landorus-Therian, M|369\/369
|-ability|p2a: Landorus-Therian|Intimidate|[of] p1a: Landorus
|-unboost|p1a: Landorus|atk|1
|move|p1a: Landorus|Earth Power|p2a: Landorus-Therian
|-immune|p2a: Landorus-Therian|[msg]
|
|turn|4
|
|move|p1a: Landorus|Stealth Rock|p2a: Landorus-Therian
|-sidestart|p2: Reverb|move: Stealth Rock
|move|p2a: Landorus-Therian|Stealth Rock|p1a: Landorus
|-sidestart|p1: Ligabue|move: Stealth Rock
|
|turn|5
|
|move|p1a: Landorus|Psychic|p2a: Landorus-Therian
|-damage|p2a: Landorus-Therian|178\/369
|move|p2a: Landorus-Therian|Knock Off|p1a: Landorus
|-damage|p1a: Landorus|199\/319
|-enditem|p1a: Landorus|Life Orb|[from] move: Knock Off|[of] p2a: Landorus-Therian
|
|-heal|p2a: Landorus-Therian|201\/369|[from] item: Leftovers
|turn|6
|
|switch|p2a: Sylveon|Sylveon, F|394\/394
|-damage|p2a: Sylveon|345\/394|[from] Stealth Rock
|move|p1a: Landorus|Psychic|p2a: Sylveon
|-damage|p2a: Sylveon|237\/394
|
|-heal|p2a: Sylveon|261\/394|[from] item: Leftovers
|turn|7
|
|move|p1a: Landorus|Earth Power|p2a: Sylveon
|-damage|p2a: Sylveon|105\/394
|move|p2a: Sylveon|Wish|p2a: Sylveon
|
|-heal|p2a: Sylveon|129\/394|[from] item: Leftovers
|turn|8
|join|Lady Keldeo
|
|move|p2a: Sylveon|Protect|p2a: Sylveon
|-singleturn|p2a: Sylveon|Protect
|move|p1a: Landorus|Earth Power|p2a: Sylveon
|-activate|p2a: Sylveon|Protect
|
|-heal|p2a: Sylveon|326\/394|[from] move: Wish|[wisher] Sylveon
|-heal|p2a: Sylveon|350\/394|[from] item: Leftovers
|turn|9
|
|switch|p1a: Ferrothorn|Ferrothorn, M|352\/352
|-damage|p1a: Ferrothorn|330\/352|[from] Stealth Rock
|move|p2a: Sylveon|Wish|p2a: Sylveon
|
|-heal|p2a: Sylveon|374\/394|[from] item: Leftovers
|-heal|p1a: Ferrothorn|352\/352|[from] item: Leftovers
|turn|10
|
|switch|p2a: Landorus-Therian|Landorus-Therian, M|201\/369
|-damage|p2a: Landorus-Therian|155\/369|[from] Stealth Rock
|-ability|p2a: Landorus-Therian|Intimidate|[of] p1a: Ferrothorn
|-unboost|p1a: Ferrothorn|atk|1
|move|p1a: Ferrothorn|Spikes|p2a: Landorus-Therian
|-sidestart|p2: Reverb|Spikes
|
|-heal|p2a: Landorus-Therian|352\/369|[from] move: Wish|[wisher] Sylveon
|-heal|p2a: Landorus-Therian|369\/369|[from] item: Leftovers
|turn|11
|
|move|p2a: Landorus-Therian|U-turn|p1a: Ferrothorn
|-crit|p1a: Ferrothorn
|-damage|p1a: Ferrothorn|267\/352
|-damage|p2a: Landorus-Therian|323\/369|[from] ability: Iron Barbs|[of] p1a: Ferrothorn
|
|switch|p2a: Magnezone|Magnezone|281\/281
|-damage|p2a: Magnezone|264\/281|[from] Stealth Rock
|-damage|p2a: Magnezone|229\/281|[from] Spikes
|move|p1a: Ferrothorn|Spikes|p2a: Magnezone
|-sidestart|p2: Reverb|Spikes
|
|-heal|p1a: Ferrothorn|289\/352|[from] item: Leftovers
|turn|12
|join|IPLAYTENNISLOL
|
|move|p2a: Magnezone|Hidden Power|p1a: Ferrothorn
|-supereffective|p1a: Ferrothorn
|-damage|p1a: Ferrothorn|77\/352
|move|p1a: Ferrothorn|Leech Seed|p2a: Magnezone
|-start|p2a: Magnezone|move: Leech Seed
|
|-heal|p1a: Ferrothorn|99\/352|[from] item: Leftovers
|-damage|p2a: Magnezone|194\/281|[from] Leech Seed|[of] p1a: Ferrothorn
|-heal|p1a: Ferrothorn|134\/352|[silent]
|turn|13
|
|move|p1a: Ferrothorn|Protect|p1a: Ferrothorn
|-singleturn|p1a: Ferrothorn|Protect
|move|p2a: Magnezone|Hidden Power|p1a: Ferrothorn
|-activate|p1a: Ferrothorn|Protect
|
|-heal|p1a: Ferrothorn|156\/352|[from] item: Leftovers
|-damage|p2a: Magnezone|159\/281|[from] Leech Seed|[of] p1a: Ferrothorn
|-heal|p1a: Ferrothorn|191\/352|[silent]
|turn|14
|
|move|p1a: Ferrothorn|Protect|p1a: Ferrothorn
|-singleturn|p1a: Ferrothorn|Protect
|move|p2a: Magnezone|Hidden Power|p1a: Ferrothorn
|-activate|p1a: Ferrothorn|Protect
|
|-heal|p1a: Ferrothorn|213\/352|[from] item: Leftovers
|-damage|p2a: Magnezone|124\/281|[from] Leech Seed|[of] p1a: Ferrothorn
|-heal|p1a: Ferrothorn|248\/352|[silent]
|turn|15
|c|âLigabue|ops
|
|move|p2a: Magnezone|Hidden Power|p1a: Ferrothorn
|-supereffective|p1a: Ferrothorn
|-damage|p1a: Ferrothorn|36\/352
|move|p1a: Ferrothorn|Spikes|p2a: Magnezone
|-sidestart|p2: Reverb|Spikes
|
|-heal|p1a: Ferrothorn|58\/352|[from] item: Leftovers
|-damage|p2a: Magnezone|89\/281|[from] Leech Seed|[of] p1a: Ferrothorn
|-heal|p1a: Ferrothorn|93\/352|[silent]
|turn|16
|join|SilverReaper21
|join|lil manaphy
|
|move|p2a: Magnezone|Hidden Power|p1a: Ferrothorn
|-supereffective|p1a: Ferrothorn
|-damage|p1a: Ferrothorn|0 fnt
|faint|p1a: Ferrothorn
|
|join|RichardVagino
|join|ForgeMaster
|
|switch|p1a: Keldeo|Keldeo|324\/324
|-damage|p1a: Keldeo|304\/324|[from] Stealth Rock
|turn|17
|
|switch|p2a: Slowbro|Slowbro, F|317\/394
|-damage|p2a: Slowbro|268\/394|[from] Stealth Rock
|-damage|p2a: Slowbro|170\/394|[from] Spikes
|move|p1a: Keldeo|Calm Mind|p1a: Keldeo
|-boost|p1a: Keldeo|spa|1
|-boost|p1a: Keldeo|spd|1
|
|-heal|p1a: Keldeo|324\/324|[from] item: Leftovers
|-heal|p2a: Slowbro|194\/394|[from] item: Leftovers
|turn|18
|
|move|p1a: Keldeo|Substitute|p1a: Keldeo
|-start|p1a: Keldeo|Substitute
|-damage|p1a: Keldeo|243\/324
|move|p2a: Slowbro|Thunder Wave|p1a: Keldeo
|
|-heal|p1a: Keldeo|263\/324|[from] item: Leftovers
|-heal|p2a: Slowbro|218\/394|[from] item: Leftovers
|turn|19
|
|switch|p2a: Magnezone|Magnezone|89\/281
|-damage|p2a: Magnezone|19\/281|[from] Spikes
|-damage|p2a: Magnezone|2\/281|[from] Stealth Rock
|move|p1a: Keldeo|Scald|p2a: Magnezone
|-damage|p2a: Magnezone|0 fnt
|faint|p2a: Magnezone
|
|-heal|p1a: Keldeo|283\/324|[from] item: Leftovers
|join|TCW
|
|switch|p2a: Sylveon|Sylveon, F|374\/394
|-damage|p2a: Sylveon|276\/394|[from] Spikes
|-damage|p2a: Sylveon|227\/394|[from] Stealth Rock
|turn|20
|join|Hittoro
|
|switch|p1a: Skarmory|Skarmory, F|333\/333
|-damage|p1a: Skarmory|292\/333|[from] Stealth Rock
|move|p2a: Sylveon|Hyper Voice|p1a: Skarmory
|-resisted|p1a: Skarmory
|-damage|p1a: Skarmory|193\/333
|
|-heal|p2a: Sylveon|251\/394|[from] item: Leftovers
|turn|21
|
|move|p1a: Skarmory|Roost|p1a: Skarmory
|-heal|p1a: Skarmory|333\/333
|move|p2a: Sylveon|Wish|p2a: Sylveon
|
|-heal|p2a: Sylveon|275\/394|[from] item: Leftovers
|turn|22
|join|Princesa Gardevoir
|
|move|p2a: Sylveon|Hyper Voice|p1a: Skarmory
|-resisted|p1a: Skarmory
|-damage|p1a: Skarmory|239\/333
|move|p1a: Skarmory|Whirlwind|p2a: Sylveon
|drag|p2a: Keldeo|Keldeo|323\/323
|-damage|p2a: Keldeo|303\/323|[from] Stealth Rock
|-damage|p2a: Keldeo|223\/323|[from] Spikes
|
|-heal|p2a: Keldeo|323\/323|[from] move: Wish|[wisher] Sylveon
|turn|23
|leave|Princesa Gardevoir
|
|switch|p1a: Altaria|Altaria-Mega, M|309\/309 par
|-damage|p1a: Altaria|271\/309 par|[from] Stealth Rock
|move|p2a: Keldeo|Scald|p1a: Altaria
|-resisted|p1a: Altaria
|-damage|p1a: Altaria|174\/309 par
|
|turn|24
|
|switch|p2a: Landorus-Therian|Landorus-Therian, M|323\/369
|-damage|p2a: Landorus-Therian|277\/369|[from] Stealth Rock
|-ability|p2a: Landorus-Therian|Intimidate|[of] p1a: Altaria
|-unboost|p1a: Altaria|atk|1
|move|p1a: Altaria|Fire Blast|p2a: Landorus-Therian
|-damage|p2a: Landorus-Therian|141\/369
|
|-heal|p2a: Landorus-Therian|164\/369|[from] item: Leftovers
|turn|25
|
|move|p2a: Landorus-Therian|Earthquake|p1a: Altaria
|-damage|p1a: Altaria|18\/309 par
|move|p1a: Altaria|Fire Blast|p2a: Landorus-Therian
|-damage|p2a: Landorus-Therian|6\/369
|
|-heal|p2a: Landorus-Therian|29\/369|[from] item: Leftovers
|turn|26
|join|Alvadora
|
|move|p2a: Landorus-Therian|Earthquake|p1a: Altaria
|-damage|p1a: Altaria|0 fnt
|faint|p1a: Altaria
|
|-heal|p2a: Landorus-Therian|52\/369|[from] item: Leftovers
|leave|Lady Keldeo
|
|switch|p1a: Keldeo|Keldeo|283\/324
|-damage|p1a: Keldeo|263\/324|[from] Stealth Rock
|turn|27
|
|move|p1a: Keldeo|Scald|p2a: Landorus-Therian
|-supereffective|p2a: Landorus-Therian
|-damage|p2a: Landorus-Therian|0 fnt
|faint|p2a: Landorus-Therian
|
|-heal|p1a: Keldeo|283\/324|[from] item: Leftovers
|
|switch|p2a: Sylveon|Sylveon, F|275\/394
|-damage|p2a: Sylveon|177\/394|[from] Spikes
|-damage|p2a: Sylveon|128\/394|[from] Stealth Rock
|turn|28
|
|switch|p1a: Skarmory|Skarmory, F|239\/333
|-damage|p1a: Skarmory|198\/333|[from] Stealth Rock
|move|p2a: Sylveon|Hyper Voice|p1a: Skarmory
|-crit|p1a: Skarmory
|-resisted|p1a: Skarmory
|-damage|p1a: Skarmory|56\/333
|
|-heal|p2a: Sylveon|152\/394|[from] item: Leftovers
|turn|29
|
|move|p1a: Skarmory|Roost|p1a: Skarmory
|-heal|p1a: Skarmory|223\/333
|move|p2a: Sylveon|Hyper Voice|p1a: Skarmory
|-resisted|p1a: Skarmory
|-damage|p1a: Skarmory|130\/333
|
|-heal|p2a: Sylveon|176\/394|[from] item: Leftovers
|turn|30
|
|move|p1a: Skarmory|Roost|p1a: Skarmory
|-heal|p1a: Skarmory|297\/333
|move|p2a: Sylveon|Wish|p2a: Sylveon
|
|-heal|p2a: Sylveon|200\/394|[from] item: Leftovers
|turn|31
|
|move|p2a: Sylveon|Hyper Voice|p1a: Skarmory
|-resisted|p1a: Skarmory
|-damage|p1a: Skarmory|189\/333
|move|p1a: Skarmory|Whirlwind|p2a: Sylveon
|drag|p2a: Keldeo|Keldeo|323\/323
|-damage|p2a: Keldeo|303\/323|[from] Stealth Rock
|-damage|p2a: Keldeo|223\/323|[from] Spikes
|
|-heal|p2a: Keldeo|323\/323|[from] move: Wish|[wisher] Sylveon
|turn|32
|
|move|p2a: Keldeo|Scald|p1a: Skarmory
|-damage|p1a: Skarmory|0 fnt
|faint|p1a: Skarmory
|
|
|switch|p1a: Keldeo|Keldeo|283\/324
|-damage|p1a: Keldeo|263\/324|[from] Stealth Rock
|turn|33
|
|switch|p2a: Sylveon|Sylveon, F|200\/394
|-damage|p2a: Sylveon|102\/394|[from] Spikes
|-damage|p2a: Sylveon|53\/394|[from] Stealth Rock
|move|p1a: Keldeo|Secret Sword|p2a: Sylveon
|-resisted|p2a: Sylveon
|-damage|p2a: Sylveon|0 fnt
|faint|p2a: Sylveon
|
|-heal|p1a: Keldeo|283\/324|[from] item: Leftovers
|
|switch|p2a: Metagross|Metagross|301\/301
|-damage|p2a: Metagross|283\/301|[from] Stealth Rock
|-damage|p2a: Metagross|208\/301|[from] Spikes
|turn|34
|
|detailschange|p2a: Metagross|Metagross-Mega
|-mega|p2a: Metagross|Metagross|Metagrossite
|move|p1a: Keldeo|Scald|p2a: Metagross
|-damage|p2a: Metagross|82\/301
|move|p2a: Metagross|Zen Headbutt|p1a: Keldeo
|-supereffective|p1a: Keldeo
|-damage|p1a: Keldeo|0 fnt
|faint|p1a: Keldeo
|
|leave|RichardVagino
|
|switch|p1a: Tyranitar|Tyranitar, F|380\/380
|-damage|p1a: Tyranitar|333\/380|[from] Stealth Rock
|-weather|Sandstorm
|turn|35
|c|âLigabue|gg
|
|move|p2a: Metagross|Bullet Punch|p1a: Tyranitar
|-supereffective|p1a: Tyranitar
|-damage|p1a: Tyranitar|135\/380
|move|p1a: Tyranitar|Crunch|p2a: Metagross
|-supereffective|p2a: Metagross
|-damage|p2a: Metagross|0 fnt
|faint|p2a: Metagross
|
|-weather|Sandstorm|[upkeep]
|
|switch|p2a: Keldeo|Keldeo|323\/323
|-damage|p2a: Keldeo|303\/323|[from] Stealth Rock
|-damage|p2a: Keldeo|223\/323|[from] Spikes
|turn|36
|c|âReverb|gg
|
|move|p2a: Keldeo|Scald|p1a: Tyranitar
|-supereffective|p1a: Tyranitar
|-damage|p1a: Tyranitar|0 fnt
|faint|p1a: Tyranitar
|
|-weather|Sandstorm|[upkeep]
|-damage|p2a: Keldeo|203\/323|[from] sandstorm
|c| Alvadora|reveal scarfed lando-i
|
|switch|p1a: Landorus|Landorus, M|199\/319
|-damage|p1a: Landorus|160\/319|[from] Stealth Rock
|turn|37
|
|move|p2a: Keldeo|Scald|p1a: Landorus
|-supereffective|p1a: Landorus
|-damage|p1a: Landorus|0 fnt
|faint|p1a: Landorus
|
|win|Reverb
|raw|Ladder updating...
|raw|Ligabue's rating: 1637 &rarr; <strong>1614<\/strong><br \/>(-23 for losing)
|raw|Reverb's rating: 1576 &rarr; <strong>1599<\/strong><br \/>(+23 for winning)
|leave|IPLAYTENNISLOL
|leave|Ligabue
|player|p1