|join|Sacri'
|join|Rudeman130498
|player|p1|Sacri'|277
|player|p2|Rudeman130498|171
|gametype|singles
|gen|6
|tier|UU
|rated
|rule|Sleep Clause Mod: Limit one foe put to sleep
|rule|Species Clause: Limit one of each PokÃ©mon
|rule|OHKO Clause: OHKO moves are banned
|rule|Moody Clause: Moody is banned
|rule|Evasion Moves Clause: Evasion moves are banned
|rule|Endless Battle Clause: Forcing endless battles is banned
|rule|HP Percentage Mod: HP is shown in percentages
|clearpoke
|poke|p1|Nidoqueen, F
|poke|p1|Chandelure, F
|poke|p1|Haxorus, F
|poke|p1|Vaporeon, M
|poke|p1|Absol, F
|poke|p1|Togetic, F
|poke|p2|Escavalier, M
|poke|p2|Dragalge, M
|poke|p2|Zygarde
|poke|p2|Bronzong, shiny
|poke|p2|Florges, F
|poke|p2|Slowking, M
|rule|Swagger Clause: Swagger is banned
|rule|Baton Pass Clause: Limit one PokÃ©mon knowing Baton Pass
|teampreview
|
|start
|switch|p1a: Chandelure|Chandelure, F|262\/262
|switch|p2a: Zygarde|Zygarde|359\/359
|-ability|p2a: Zygarde|Aura Break
|turn|1
|
|switch|p1a: Togetic|Togetic, F|314\/314
|move|p2a: Zygarde|Earthquake|p1a: Togetic
|-immune|p1a: Togetic|[msg]
|
|turn|2
|
|switch|p2a: Bronzong|Bronzong, shiny|338\/338
|switch|p1a: Chandelure|Chandelure, F|262\/262
|
|turn|3
|
|switch|p2a: Zygarde|Zygarde|359\/359
|-ability|p2a: Zygarde|Aura Break
|move|p1a: Chandelure|Fire Blast|p2a: Zygarde
|-resisted|p2a: Zygarde
|-damage|p2a: Zygarde|236\/359
|
|turn|4
|
|switch|p2a: Bronzong|Bronzong, shiny|338\/338
|switch|p1a: Togetic|Togetic, F|314\/314
|
|turn|5
|join|Shit User
|
|move|p1a: Togetic|Thunder Wave|p2a: Bronzong
|-status|p2a: Bronzong|par
|move|p2a: Bronzong|Stealth Rock|p1a: Togetic
|-sidestart|p1: Sacri'|move: Stealth Rock
|
|turn|6
|
|move|p1a: Togetic|Defog|p2a: Bronzong
|-unboost|p2a: Bronzong|evasion|1
|-sideend|p1: Sacri'|Stealth Rock|[from] move: Defog|[of] p1a: Togetic
|cant|p2a: Bronzong|par
|
|turn|7
|
|switch|p1a: Chandelure|Chandelure, F|262\/262
|cant|p2a: Bronzong|par
|
|turn|8
|
|switch|p2a: Dragalge|Dragalge, M|291\/291
|move|p1a: Chandelure|Fire Blast|p2a: Dragalge
|-resisted|p2a: Dragalge
|-damage|p2a: Dragalge|190\/291
|-status|p2a: Dragalge|brn
|
|-damage|p2a: Dragalge|154\/291 brn|[from] brn
|turn|9
|
|move|p1a: Chandelure|Shadow Ball|p2a: Dragalge
|-damage|p2a: Dragalge|18\/291 brn
|move|p2a: Dragalge|Shadow Ball|p1a: Chandelure
|-supereffective|p1a: Chandelure
|-damage|p1a: Chandelure|0 fnt
|faint|p1a: Chandelure
|
|-damage|p2a: Dragalge|0 fnt|[from] brn
|faint|p2a: Dragalge
|leave|Shit User
|
|switch|p1a: Nidoqueen|Nidoqueen, F|384\/384
|switch|p2a: Slowking|Slowking, M|394\/394
|turn|10
|
|switch|p1a: Absol|Absol, F|271\/271
|move|p2a: Slowking|Scald|p1a: Absol
|-damage|p1a: Absol|58\/271
|
|turn|11
|
|switch|p2a: Florges|Florges, F|360\/360
|detailschange|p1a: Absol|Absol-Mega, F
|message|Absol has Mega Evolved into Mega Absol!
|move|p1a: Absol|Knock Off|p2a: Florges
|-resisted|p2a: Florges
|-damage|p2a: Florges|261\/360
|-enditem|p2a: Florges|Leftovers|[from] move: Knock Off|[of] p1a: Absol
|
|turn|12
|
|switch|p1a: Nidoqueen|Nidoqueen, F|384\/384
|move|p2a: Florges|Moonblast|p1a: Nidoqueen
|-resisted|p1a: Nidoqueen
|-damage|p1a: Nidoqueen|314\/384
|
|turn|13
|
|move|p1a: Nidoqueen|Stealth Rock|p2a: Florges
|-sidestart|p2: Rudeman130498|move: Stealth Rock
|move|p2a: Florges|Moonblast|p1a: Nidoqueen
|-resisted|p1a: Nidoqueen
|-damage|p1a: Nidoqueen|248\/384
|
|turn|14
|
|switch|p2a: Bronzong|Bronzong, shiny|338\/338 par
|-damage|p2a: Bronzong|317\/338 par|[from] Stealth Rock
|move|p1a: Nidoqueen|Sludge Wave|p2a: Bronzong
|-immune|p2a: Bronzong|[msg]
|
|-heal|p2a: Bronzong|338\/338 par|[from] item: Leftovers
|turn|15
|
|switch|p1a: Haxorus|Haxorus, F|294\/294
|-ability|p1a: Haxorus|Mold Breaker
|move|p2a: Bronzong|Gyro Ball|p1a: Haxorus
|-damage|p1a: Haxorus|131\/294
|
|turn|16
|
|switch|p2a: Escavalier|Escavalier, M|341\/341
|-damage|p2a: Escavalier|299\/341|[from] Stealth Rock
|move|p1a: Haxorus|Earthquake|p2a: Escavalier
|-crit|p2a: Escavalier
|-damage|p2a: Escavalier|106\/341
|
|-heal|p2a: Escavalier|127\/341|[from] item: Leftovers
|turn|17
|
|move|p1a: Haxorus|Earthquake|p2a: Escavalier
|-damage|p2a: Escavalier|6\/341
|move|p2a: Escavalier|Rest|p2a: Escavalier
|-status|p2a: Escavalier|slp
|-heal|p2a: Escavalier|341\/341 slp|[silent]
|-status|p2a: Escavalier|slp|[from] move: Rest
|
|turn|18
|
|move|p1a: Haxorus|Swords Dance|p1a: Haxorus
|-boost|p1a: Haxorus|atk|2
|cant|p2a: Escavalier|slp
|move|p2a: Escavalier|Sleep Talk|p2a: Escavalier
|move|p2a: Escavalier|Rest|p2a: Escavalier|[from]Sleep Talk
|-fail|p2a: Escavalier
|
|turn|19
|c|âSacri'|not bad
|
|move|p1a: Haxorus|Earthquake|p2a: Escavalier
|-damage|p2a: Escavalier|96\/341 slp
|cant|p2a: Escavalier|slp
|move|p2a: Escavalier|Sleep Talk|p2a: Escavalier
|move|p2a: Escavalier|Rest|p2a: Escavalier|[from]Sleep Talk
|-fail|p2a: Escavalier
|
|-heal|p2a: Escavalier|117\/341 slp|[from] item: Leftovers
|turn|20
|
|move|p1a: Haxorus|Earthquake|p2a: Escavalier
|-damage|p2a: Escavalier|0 fnt
|faint|p2a: Escavalier
|
|
|switch|p2a: Zygarde|Zygarde|236\/359
|-damage|p2a: Zygarde|214\/359|[from] Stealth Rock
|-ability|p2a: Zygarde|Aura Break
|turn|21
|
|move|p2a: Zygarde|Extreme Speed|p1a: Haxorus
|-damage|p1a: Haxorus|17\/294
|-damage|p2a: Zygarde|179\/359|[from] item: Life Orb
|move|p1a: Haxorus|Outrage|p2a: Zygarde
|-supereffective|p2a: Zygarde
|-damage|p2a: Zygarde|0 fnt
|faint|p2a: Zygarde
|
|
|switch|p2a: Florges|Florges, F|261\/360
|-damage|p2a: Florges|216\/360|[from] Stealth Rock
|turn|22
|
|move|p1a: Haxorus|Outrage|p2a: Florges
|-immune|p2a: Florges|[msg]
|move|p2a: Florges|Moonblast|p1a: Haxorus
|-supereffective|p1a: Haxorus
|-damage|p1a: Haxorus|0 fnt
|faint|p1a: Haxorus
|
|
|switch|p1a: Nidoqueen|Nidoqueen, F|248\/384
|turn|23
|
|switch|p1a: Absol|Absol-Mega, F|58\/271
|switch|p2a: Bronzong|Bronzong, shiny|338\/338 par
|-damage|p2a: Bronzong|317\/338 par|[from] Stealth Rock
|
|-heal|p2a: Bronzong|338\/338 par|[from] item: Leftovers
|turn|24
|
|move|p1a: Absol|Knock Off|p2a: Bronzong
|-supereffective|p2a: Bronzong
|-damage|p2a: Bronzong|86\/338 par
|-enditem|p2a: Bronzong|Leftovers|[from] move: Knock Off|[of] p1a: Absol
|move|p2a: Bronzong|Gyro Ball|p1a: Absol
|-damage|p1a: Absol|0 fnt
|faint|p1a: Absol
|
|
|switch|p1a: Vaporeon|Vaporeon, M|464\/464
|turn|25
|
|move|p1a: Vaporeon|Scald|p2a: Bronzong
|-damage|p2a: Bronzong|5\/338 par
|cant|p2a: Bronzong|par
|
|turn|26
|
|move|p1a: Vaporeon|Scald|p2a: Bronzong
|-damage|p2a: Bronzong|0 fnt
|faint|p2a: Bronzong
|
|
|switch|p2a: Florges|Florges, F|216\/360
|-damage|p2a: Florges|171\/360|[from] Stealth Rock
|turn|27
|
|move|p2a: Florges|Wish|p2a: Florges
|move|p1a: Vaporeon|Scald|p2a: Florges
|-damage|p2a: Florges|104\/360
|
|turn|28
|
|switch|p1a: Nidoqueen|Nidoqueen, F|248\/384
|move|p2a: Florges|Moonblast|p1a: Nidoqueen
|-resisted|p1a: Nidoqueen
|-damage|p1a: Nidoqueen|180\/384
|-unboost|p1a: Nidoqueen|spa|1
|
|-heal|p2a: Florges|284\/360|[from] move: Wish|[wisher] Florges
|turn|29
|
|switch|p1a: Vaporeon|Vaporeon, M|464\/464
|move|p2a: Florges|Wish|p2a: Florges
|
|turn|30
|
|switch|p2a: Slowking|Slowking, M|394\/394
|-damage|p2a: Slowking|345\/394|[from] Stealth Rock
|move|p1a: Vaporeon|Wish|p1a: Vaporeon
|
|-heal|p2a: Slowking|394\/394|[from] move: Wish|[wisher] Florges
|turn|31
|
|move|p1a: Vaporeon|Scald|p2a: Slowking
|-resisted|p2a: Slowking
|-damage|p2a: Slowking|348\/394
|move|p2a: Slowking|Nasty Plot|p2a: Slowking
|-boost|p2a: Slowking|spa|2
|
|-heal|p2a: Slowking|372\/394|[from] item: Leftovers
|turn|32
|
|move|p1a: Vaporeon|Scald|p2a: Slowking
|-resisted|p2a: Slowking
|-damage|p2a: Slowking|322\/394
|move|p2a: Slowking|Psyshock|p1a: Vaporeon
|-damage|p1a: Vaporeon|212\/464
|
|-heal|p1a: Vaporeon|241\/464|[from] item: Leftovers
|-heal|p2a: Slowking|346\/394|[from] item: Leftovers
|turn|33
|
|move|p1a: Vaporeon|Scald|p2a: Slowking
|-resisted|p2a: Slowking
|-damage|p2a: Slowking|296\/394
|-status|p2a: Slowking|brn
|move|p2a: Slowking|Nasty Plot|p2a: Slowking
|-boost|p2a: Slowking|spa|2
|
|-heal|p1a: Vaporeon|270\/464|[from] item: Leftovers
|-heal|p2a: Slowking|320\/394 brn|[from] item: Leftovers
|-damage|p2a: Slowking|271\/394 brn|[from] brn
|turn|34
|
|move|p1a: Vaporeon|Protect|p1a: Vaporeon
|-singleturn|p1a: Vaporeon|Protect
|move|p2a: Slowking|Trick Room|p2a: Slowking
|-fieldstart|move: Trick Room|[of] p2a: Slowking
|
|-heal|p2a: Slowking|295\/394 brn|[from] item: Leftovers
|-heal|p1a: Vaporeon|299\/464|[from] item: Leftovers
|-damage|p2a: Slowking|246\/394 brn|[from] brn
|turn|35
|
|move|p1a: Vaporeon|Protect|p1a: Vaporeon
|-fail|p1a: Vaporeon
|move|p2a: Slowking|Psyshock|p1a: Vaporeon
|-damage|p1a: Vaporeon|0 fnt
|faint|p1a: Vaporeon
|
|-heal|p2a: Slowking|270\/394 brn|[from] item: Leftovers
|-damage|p2a: Slowking|221\/394 brn|[from] brn
|
|switch|p1a: Togetic|Togetic, F|314\/314
|turn|36
|
|move|p2a: Slowking|Scald|p1a: Togetic
|-damage|p1a: Togetic|131\/314
|move|p1a: Togetic|Roost|p1a: Togetic
|-heal|p1a: Togetic|288\/314
|
|-heal|p2a: Slowking|245\/394 brn|[from] item: Leftovers
|-damage|p2a: Slowking|196\/394 brn|[from] brn
|turn|37
|
|move|p2a: Slowking|Psyshock|p1a: Togetic
|-damage|p1a: Togetic|0 fnt
|faint|p1a: Togetic
|
|-heal|p2a: Slowking|220\/394 brn|[from] item: Leftovers
|-damage|p2a: Slowking|171\/394 brn|[from] brn
|c|âRudeman130498|get fucked
|
|switch|p1a: Nidoqueen|Nidoqueen, F|180\/384
|turn|38
|
|move|p2a: Slowking|Scald|p1a: Nidoqueen
|-supereffective|p1a: Nidoqueen
|-damage|p1a: Nidoqueen|0 fnt
|faint|p1a: Nidoqueen
|
|win|Rudeman130498
|raw|Ladder updating...
|raw|Sacri&apos;'s rating: 1330 &rarr; <strong>1310<\/strong><br \/>(-20 for losing)
|raw|Rudeman130498's rating: 1325 &rarr; <strong>1346<\/strong><br \/>(+21 for winning)