|join|Rudeman130498
|join|151forfun
|player|p1|Rudeman130498|171
|player|p2|151forfun|3
|gametype|singles
|gen|6
|tier|UU
|rated
|rule|Sleep Clause Mod: Limit one foe put to sleep
|rule|Species Clause: Limit one of each PokÃ©mon
|rule|OHKO Clause: OHKO moves are banned
|rule|Moody Clause: Moody is banned
|rule|Evasion Moves Clause: Evasion moves are banned
|rule|Endless Battle Clause: Forcing endless battles is banned
|rule|HP Percentage Mod: HP is shown in percentages
|clearpoke
|poke|p1|Slowking, M
|poke|p1|Zygarde
|poke|p1|Infernape, M
|poke|p1|Forretress, M
|poke|p1|Pidgeot, M
|poke|p1|Florges, F
|poke|p2|Blastoise, F
|poke|p2|Nidoqueen, F
|poke|p2|Weezing, M
|poke|p2|Snorlax, M
|poke|p2|Arcanine, F
|poke|p2|Alakazam, M
|rule|Swagger Clause: Swagger is banned
|rule|Baton Pass Clause: Limit one PokÃ©mon knowing Baton Pass
|teampreview
|
|start
|switch|p1a: Slowking|Slowking, M|394\/394
|switch|p2a: Arcanine|Arcanine, F|383\/383
|-ability|p2a: Arcanine|Intimidate|[of] p1a: Slowking
|-unboost|p1a: Slowking|atk|1
|turn|1
|
|move|p2a: Arcanine|Crunch|p1a: Slowking
|-supereffective|p1a: Slowking
|-damage|p1a: Slowking|52\/394
|move|p1a: Slowking|Scald|p2a: Arcanine
|-supereffective|p2a: Arcanine
|-damage|p2a: Arcanine|71\/383
|
|-heal|p1a: Slowking|76\/394|[from] item: Leftovers
|turn|2
|
|switch|p2a: Blastoise|Blastoise, F|362\/362
|switch|p1a: Forretress|Forretress, M|354\/354
|
|turn|3
|
|switch|p1a: Florges|Florges, F|360\/360
|detailschange|p2a: Blastoise|Blastoise-Mega, F
|message|Blastoise has Mega Evolved into Mega Blastoise!
|move|p2a: Blastoise|Aura Sphere|p1a: Florges
|-resisted|p1a: Florges
|-damage|p1a: Florges|311\/360
|
|-heal|p1a: Florges|333\/360|[from] item: Leftovers
|turn|4
|
|switch|p2a: Nidoqueen|Nidoqueen, F|346\/346
|move|p1a: Florges|Wish|p1a: Florges
|
|-heal|p1a: Florges|355\/360|[from] item: Leftovers
|turn|5
|
|switch|p1a: Slowking|Slowking, M|207\/394
|move|p2a: Nidoqueen|Poison Jab|p1a: Slowking
|-crit|p1a: Slowking
|-damage|p1a: Slowking|0 fnt
|faint|p1a: Slowking
|
|
|switch|p1a: Pidgeot|Pidgeot, M|325\/325
|turn|6
|
|detailschange|p1a: Pidgeot|Pidgeot-Mega, M
|message|Pidgeot has Mega Evolved into Mega Pidgeot!
|move|p1a: Pidgeot|Hurricane|p2a: Nidoqueen
|-damage|p2a: Nidoqueen|123\/346
|move|p2a: Nidoqueen|Ice Punch|p1a: Pidgeot
|-supereffective|p1a: Pidgeot
|-damage|p1a: Pidgeot|13\/325
|
|turn|7
|
|switch|p2a: Snorlax|Snorlax, M|461\/461
|move|p1a: Pidgeot|Roost|p1a: Pidgeot
|-heal|p1a: Pidgeot|176\/325
|
|turn|8
|
|move|p2a: Snorlax|Pursuit|p1a: Pidgeot|[from]Pursuit
|-damage|p1a: Pidgeot|70\/325
|switch|p1a: Forretress|Forretress, M|354\/354
|
|turn|9
|
|switch|p2a: Blastoise|Blastoise-Mega, F|362\/362
|move|p1a: Forretress|Stealth Rock|p2a: Blastoise
|-sidestart|p2: 151forfun|move: Stealth Rock
|
|turn|10
|
|move|p2a: Blastoise|Water Pulse|p1a: Forretress
|-damage|p1a: Forretress|155\/354
|move|p1a: Forretress|Volt Switch|p2a: Blastoise
|-supereffective|p2a: Blastoise
|-damage|p2a: Blastoise|300\/362
|
|switch|p1a: Florges|Florges, F|355\/360
|
|-heal|p1a: Florges|360\/360|[from] item: Leftovers
|turn|11
|
|move|p2a: Blastoise|Rapid Spin|p1a: Florges
|-damage|p1a: Florges|344\/360
|-sideend|p2: 151forfun|Stealth Rock|[from] move: Rapid Spin|[of] p2a: Blastoise
|move|p1a: Florges|Moonblast|p2a: Blastoise
|-damage|p2a: Blastoise|197\/362
|-unboost|p2a: Blastoise|spa|1
|
|-heal|p1a: Florges|360\/360|[from] item: Leftovers
|turn|12
|
|switch|p2a: Nidoqueen|Nidoqueen, F|123\/346
|switch|p1a: Pidgeot|Pidgeot-Mega, M|70\/325
|
|turn|13
|
|switch|p2a: Snorlax|Snorlax, M|461\/461
|move|p1a: Pidgeot|Hurricane|p2a: Snorlax
|-damage|p2a: Snorlax|331\/461
|
|turn|14
|
|move|p1a: Pidgeot|Roost|p1a: Pidgeot
|-heal|p1a: Pidgeot|233\/325
|move|p2a: Snorlax|Body Slam|p1a: Pidgeot
|-crit|p1a: Pidgeot
|-damage|p1a: Pidgeot|0 fnt
|faint|p1a: Pidgeot
|
|
|switch|p1a: Forretress|Forretress, M|155\/354
|turn|15
|
|move|p2a: Snorlax|Earthquake|p1a: Forretress
|-damage|p1a: Forretress|78\/354
|move|p1a: Forretress|Stealth Rock|p2a: Snorlax
|-sidestart|p2: 151forfun|move: Stealth Rock
|
|-heal|p1a: Forretress|100\/354|[from] item: Leftovers
|turn|16
|
|move|p2a: Snorlax|Body Slam|p1a: Forretress
|-resisted|p1a: Forretress
|-damage|p1a: Forretress|45\/354
|move|p1a: Forretress|Volt Switch|p2a: Snorlax
|-crit|p2a: Snorlax
|-damage|p2a: Snorlax|298\/461
|
|switch|p1a: Zygarde|Zygarde|359\/359
|-ability|p1a: Zygarde|Aura Break
|
|turn|17
|
|move|p1a: Zygarde|Dragon Dance|p1a: Zygarde
|-boost|p1a: Zygarde|atk|1
|-boost|p1a: Zygarde|spe|1
|move|p2a: Snorlax|Body Slam|p1a: Zygarde
|-damage|p1a: Zygarde|232\/359
|
|turn|18
|
|move|p1a: Zygarde|Earthquake|p2a: Snorlax
|-damage|p2a: Snorlax|0 fnt
|-damage|p1a: Zygarde|197\/359|[from] item: Life Orb
|faint|p2a: Snorlax
|
|
|switch|p2a: Alakazam|Alakazam, M|252\/252
|turn|19
|
|switch|p1a: Forretress|Forretress, M|45\/354
|move|p2a: Alakazam|Dazzling Gleam|p1a: Forretress
|-resisted|p1a: Forretress
|-damage|p1a: Forretress|0 fnt
|faint|p1a: Forretress
|
|
|switch|p1a: Infernape|Infernape, M|293\/293
|turn|20
|
|switch|p2a: Weezing|Weezing, M|334\/334
|-damage|p2a: Weezing|293\/334|[from] Stealth Rock
|move|p1a: Infernape|U-turn|p2a: Weezing
|-resisted|p2a: Weezing
|-damage|p2a: Weezing|271\/334
|
|switch|p1a: Zygarde|Zygarde|197\/359
|-ability|p1a: Zygarde|Aura Break
|
|-heal|p2a: Weezing|291\/334|[from] item: Black Sludge
|turn|21
|
|switch|p1a: Infernape|Infernape, M|293\/293
|move|p2a: Weezing|Will-O-Wisp|p1a: Infernape
|-fail|p1a: Infernape
|
|-heal|p2a: Weezing|311\/334|[from] item: Black Sludge
|turn|22
|
|move|p1a: Infernape|Flare Blitz|p2a: Weezing
|-damage|p2a: Weezing|194\/334
|-status|p2a: Weezing|brn
|-damage|p1a: Infernape|254\/293|[from] recoil|[of] p2a: Weezing
|move|p2a: Weezing|Toxic Spikes|p1a: Infernape
|-sidestart|p1: Rudeman130498|move: Toxic Spikes
|
|-heal|p2a: Weezing|214\/334 brn|[from] item: Black Sludge
|-damage|p2a: Weezing|173\/334 brn|[from] brn
|turn|23
|
|switch|p1a: Zygarde|Zygarde|197\/359
|-status|p1a: Zygarde|psn
|-ability|p1a: Zygarde|Aura Break
|move|p2a: Weezing|Pain Split|p1a: Zygarde
|-sethp|p1a: Zygarde|185\/359 psn|p2a: Weezing|185\/334 brn|[from] move: Pain Split
|
|-heal|p2a: Weezing|205\/334 brn|[from] item: Black Sludge
|-damage|p1a: Zygarde|141\/359 psn|[from] psn
|-damage|p2a: Weezing|164\/334 brn|[from] brn
|turn|24
|
|switch|p1a: Infernape|Infernape, M|254\/293
|-status|p1a: Infernape|psn
|move|p2a: Weezing|Sludge Bomb|p1a: Infernape
|-damage|p1a: Infernape|124\/293 psn
|
|-heal|p2a: Weezing|184\/334 brn|[from] item: Black Sludge
|-damage|p1a: Infernape|88\/293 psn|[from] psn
|-damage|p2a: Weezing|143\/334 brn|[from] brn
|turn|25
|
|move|p1a: Infernape|U-turn|p2a: Weezing
|-resisted|p2a: Weezing
|-damage|p2a: Weezing|120\/334 brn
|
|switch|p1a: Zygarde|Zygarde|141\/359 psn
|-ability|p1a: Zygarde|Aura Break
|move|p2a: Weezing|Sludge Bomb|p1a: Zygarde
|-resisted|p1a: Zygarde
|-damage|p1a: Zygarde|95\/359 psn
|
|-heal|p2a: Weezing|140\/334 brn|[from] item: Black Sludge
|-damage|p1a: Zygarde|51\/359 psn|[from] psn
|-damage|p2a: Weezing|99\/334 brn|[from] brn
|turn|26
|
|move|p1a: Zygarde|Outrage|p2a: Weezing
|-damage|p2a: Weezing|0 fnt
|-damage|p1a: Zygarde|16\/359 psn|[from] item: Life Orb
|faint|p2a: Weezing
|
|-damage|p1a: Zygarde|0 fnt|[from] psn
|faint|p1a: Zygarde
|-message|Rudeman130498 forfeited.
|
|win|151forfun
|raw|Ladder updating...
|leave|Rudeman130498
|player|p1