|join|oknarff
|join|FlyingSunray
|join|The Fog
|player|p1|oknarff|52
|player|p2|FlyingSunray|288
|gametype|singles
|gen|4
|tier|[Gen 4] OU
|rule|Sleep Clause Mod: Limit one foe put to sleep
|rule|Species Clause: Limit one of each PokÃ©mon
|rule|OHKO Clause: OHKO moves are banned
|rule|Moody Clause: Moody is banned
|rule|Evasion Moves Clause: Evasion moves are banned
|rule|Endless Battle Clause: Forcing endless battles is banned
|rule|HP Percentage Mod: HP is shown in percentages
|
|start
|switch|p1a: Alakazam|Alakazam, M|253\/253
|switch|p2a: Starmie|Starmie|261\/261
|turn|1
|join|Oouska Wizard
|join|Tolsof
|leave|Oouska Wizard
|
|move|p2a: Starmie|Hydro Pump|p1a: Alakazam
|-crit|p1a: Alakazam
|-damage|p1a: Alakazam|0 fnt
|faint|p1a: Alakazam
|
|c|âFlyingSunray|this is my first gen 4 ou battle,
|c|âFlyingSunray|show me what gen 4 is all about
|c|âoknarff|mee too
|
|switch|p1a: Jolteon|Jolteon, M|271\/271
|turn|2
|
|switch|p2a: Celebi|Celebi|400\/400
|move|p1a: Jolteon|Agility|p1a: Jolteon
|-boost|p1a: Jolteon|spe|2
|
|turn|3
|
|move|p1a: Jolteon|Curse|p1a: Jolteon
|-boost|p1a: Jolteon|atk|1
|-boost|p1a: Jolteon|def|1
|-unboost|p1a: Jolteon|spe|1
|move|p2a: Celebi|U-turn|p1a: Jolteon
|-damage|p1a: Jolteon|224\/271
|
|switch|p2a: Dugtrio|Dugtrio, M|211\/211
|
|turn|4
|join|Qwazz
|
|move|p1a: Jolteon|Baton Pass|p1a: Jolteon
|c|âFlyingSunray|bp existed then
|c|âFlyingSunray|hmm
|
|switch|p1a: Shedinja|Shedinja|1\/1
|move|p2a: Dugtrio|Earthquake|p1a: Shedinja
|-activate|p1a: Shedinja|ability: Wonder Guard
|
|turn|5
|c| The Fog|it was in gen two lol
|c|âFlyingSunray|wut
|
|move|p2a: Dugtrio|Pursuit|p1a: Shedinja
|-supereffective|p1a: Shedinja
|-enditem|p1a: Shedinja|Focus Sash
|-damage|p1a: Shedinja|1\/1
|move|p1a: Shedinja|Swords Dance|p1a: Shedinja
|-boost|p1a: Shedinja|atk|2
|
|turn|6
|c| Qwazz|wat
|
|move|p1a: Shedinja|Shadow Sneak|p2a: Dugtrio
|-enditem|p2a: Dugtrio|Focus Sash
|-damage|p2a: Dugtrio|1\/211
|move|p2a: Dugtrio|Pursuit|p1a: Shedinja
|-supereffective|p1a: Shedinja
|-damage|p1a: Shedinja|0 fnt
|faint|p1a: Shedinja
|
|c| Qwazz|lolol
|
|switch|p1a: Cloyster|Cloyster, M|243\/243
|turn|7
|join|SSJLegend
|join|Snickered
|
|switch|p2a: Starmie|Starmie|261\/261
|move|p1a: Cloyster|Surf|p2a: Starmie
|-crit|p2a: Starmie
|-resisted|p2a: Starmie
|-damage|p2a: Starmie|96\/261
|
|turn|8
|c| Qwazz|wtf
|c|âFlyingSunray|here is the counter
|c| Qwazz|that did so much
|c|âFlyingSunray|yeah ^
|
|move|p2a: Starmie|Psychic|p1a: Cloyster
|-damage|p1a: Cloyster|0 fnt
|faint|p1a: Cloyster
|
|c|âFlyingSunray|im surprised
|c| Snickered|crits did 2x before i believe
|c|âFlyingSunray|oh yeah
|c|âFlyingSunray|look at that spa
|
|switch|p1a: Jolteon|Jolteon, M|224\/271
|turn|9
|
|switch|p2a: Dugtrio|Dugtrio, M|1\/211
|move|p1a: Jolteon|Discharge|p2a: Dugtrio
|-immune|p2a: Dugtrio|[msg]
|
|turn|10
|leave|The Fog
|
|move|p2a: Dugtrio|Earthquake|p1a: Jolteon
|-supereffective|p1a: Jolteon
|-damage|p1a: Jolteon|0 fnt
|faint|p1a: Jolteon
|
|
|switch|p1a: Gardevoir|Gardevoir, M|279\/279
|turn|11
|c|âFlyingSunray|fairy types existed in gen 4?
|
|move|p2a: Dugtrio|Earthquake|p1a: Gardevoir
|-damage|p1a: Gardevoir|108\/279
|move|p1a: Gardevoir|Psychic|p2a: Dugtrio
|-damage|p2a: Dugtrio|0 fnt
|faint|p2a: Dugtrio
|
|-heal|p1a: Gardevoir|125\/279|[from] item: Leftovers
|
|switch|p2a: Heatran|Heatran, M|323\/323
|turn|12
|c| Qwazz|no
|
|move|p2a: Heatran|Fire Blast|p1a: Gardevoir
|-damage|p1a: Gardevoir|0 fnt
|faint|p1a: Gardevoir
|
|
|switch|p1a: Ditto|Ditto|299\/299
|turn|13
|join|Jack41
|join|aFatFinley
|
|move|p2a: Heatran|Earth Power|p1a: Ditto
|-damage|p1a: Ditto|119\/299
|move|p1a: Ditto|Transform|p2a: Heatran
|-transform|p1a: Ditto|p2a: Heatran
|
|turn|14
|leave|Jack41
|c| aFatFinley|whats with the sprites?
|
|move|p2a: Heatran|Earth Power|p1a: Ditto
|-supereffective|p1a: Ditto
|-damage|p1a: Ditto|0 fnt
|faint|p1a: Ditto
|
|win|FlyingSunray
|c|âFlyingSunray|gen 4
|leave|FlyingSunray
|leave|oknarff
|leave|SSJLegend
|player|p2
|c| aFatFinley|ah
|player|p1
|leave|aFatFinley
|leave|Tolsof