|join|FlyingSunray
|join|anas.t
|join|G00NY
|join|Laschero
|join|Lucky Moose
|player|p1|FlyingSunray|288
|player|p2|anas.t|164
|gametype|singles
|gen|6
|tier|OU
|clearpoke
|poke|p1|Clefable, F
|poke|p1|Metagross
|poke|p1|Mandibuzz, F
|poke|p1|Landorus-Therian, M
|poke|p1|Keldeo-Resolute
|poke|p1|Talonflame, F
|poke|p2|Gyarados, F
|poke|p2|Weavile, M
|poke|p2|Landorus, M
|poke|p2|Gardevoir, M
|poke|p2|Rotom-Wash
|poke|p2|Ferrothorn, M
|rule|Swagger Clause: Swagger is banned
|rule|Baton Pass Clause: Limit one PokÃ©mon knowing Baton Pass
|rule|Sleep Clause Mod: Limit one foe put to sleep
|rule|Species Clause: Limit one of each PokÃ©mon
|rule|OHKO Clause: OHKO moves are banned
|rule|Moody Clause: Moody is banned
|rule|Evasion Moves Clause: Evasion moves are banned
|rule|Endless Battle Clause: Forcing endless battles is banned
|rule|HP Percentage Mod: HP is shown in percentages
|teampreview
|join|LordWienerButt
|join|Gorger
|c| Lucky Moose|booty :3
|join|Reskk
|join|Darkherrr
|join|misc all day
|
|start
|switch|p1a: Clefable|Clefable, F|394\/394
|switch|p2a: Gyarados|Gyarados, F|331\/331
|-ability|p2a: Gyarados|Intimidate|[of] p1a: Clefable
|-unboost|p1a: Clefable|atk|1
|turn|1
|join|dat dow tho
|join|TheUberTherian
|
|switch|p1a: Mandibuzz|Mandibuzz, F|423\/423
|move|p2a: Gyarados|Dragon Dance|p2a: Gyarados
|-boost|p2a: Gyarados|atk|1
|-boost|p2a: Gyarados|spe|1
|
|turn|2
|c|âFlyingSunray|did u try to counterteam be honest
|join|JDynasty
|
|detailschange|p2a: Gyarados|Gyarados-Mega, F
|-mega|p2a: Gyarados|Gyarados|Gyaradosite
|-ability|p2a: Gyarados|Mold Breaker
|move|p2a: Gyarados|Dragon Dance|p2a: Gyarados
|-boost|p2a: Gyarados|atk|1
|-boost|p2a: Gyarados|spe|1
|move|p1a: Mandibuzz|Foul Play|p2a: Gyarados
|-resisted|p2a: Gyarados
|-damage|p2a: Gyarados|125\/331
|
|turn|3
|join|KiraDuskEdge
|join|HighTest
|join|Alldaalts
|
|switch|p2a: Ferrothorn|Ferrothorn, M|351\/351
|move|p1a: Mandibuzz|Foul Play|p2a: Ferrothorn
|-damage|p2a: Ferrothorn|288\/351
|-damage|p1a: Mandibuzz|371\/423|[from] ability: Iron Barbs|[of] p2a: Ferrothorn
|-damage|p1a: Mandibuzz|301\/423|[from] item: Rocky Helmet|[of] p2a: Ferrothorn
|
|-heal|p1a: Mandibuzz|327\/423|[from] item: Leftovers
|turn|4
|join|IamChow
|join|nhghnhgghnhg
|c| TheUberTherian|all that setup
|join|Snorlax's pillow
|c| TheUberTherian|for nothing
|join|SharpAsAttack
|
|switch|p1a: Keldeo-Resolute|Keldeo-Resolute|323\/323
|move|p2a: Ferrothorn|Thunder Wave|p1a: Keldeo-Resolute
|-status|p1a: Keldeo-Resolute|par
|
|turn|5
|join|Junas
|leave|IamChow
|c| misc all day|owch..
|join|Like me 2
|join|biggynoobs
|
|switch|p2a: Gardevoir|Gardevoir, M|340\/340
|-ability|p2a: Gardevoir|Justified|[from] ability: Trace|[of] p1a: Keldeo-Resolute
|cant|p1a: Keldeo-Resolute|par
|
|turn|6
|
|switch|p1a: Metagross|Metagross|301\/301
|move|p2a: Gardevoir|Psyshock|p1a: Metagross
|-resisted|p1a: Metagross
|-damage|p1a: Metagross|271\/301
|
|turn|7
|
|switch|p2a: Rotom-Wash|Rotom-Wash|304\/304
|detailschange|p1a: Metagross|Metagross-Mega
|-mega|p1a: Metagross|Metagross|Metagrossite
|move|p1a: Metagross|Earthquake|p2a: Rotom-Wash
|-immune|p2a: Rotom-Wash|[msg]
|
|turn|8
|join|808 & Heartbreak
|join|Aelia07
|leave|nhghnhgghnhg
|
|switch|p1a: Clefable|Clefable, F|394\/394
|move|p2a: Rotom-Wash|Confuse Ray|p1a: Clefable
|-start|p1a: Clefable|confusion
|
|turn|9
|c| Gorger|mgros sweep? xD
|join|Mega Freak
|
|switch|p2a: Landorus|Landorus, M|319\/319
|-activate|p1a: Clefable|confusion
|move|p1a: Clefable|Moonblast|p2a: Landorus
|-damage|p2a: Landorus|195\/319
|-unboost|p2a: Landorus|spa|1
|
|turn|10
|c|âanas.t|bulky M-Metargross
|
|switch|p1a: Landorus-Therian|Landorus-Therian, M|379\/379
|-ability|p1a: Landorus-Therian|Intimidate|[of] p2a: Landorus
|-unboost|p2a: Landorus|atk|1
|move|p2a: Landorus|Sludge Wave|p1a: Landorus-Therian
|-resisted|p1a: Landorus-Therian
|-damage|p1a: Landorus-Therian|314\/379
|
|-heal|p1a: Landorus-Therian|337\/379|[from] item: Leftovers
|turn|11
|join|808 & Vagina
|
|switch|p2a: Rotom-Wash|Rotom-Wash|304\/304
|move|p1a: Landorus-Therian|Stealth Rock|p2a: Rotom-Wash
|-sidestart|p2: anas.t|move: Stealth Rock
|
|-heal|p1a: Landorus-Therian|360\/379|[from] item: Leftovers
|turn|12
|leave|Gorger
|
|switch|p1a: Clefable|Clefable, F|394\/394
|move|p2a: Rotom-Wash|Hydro Pump|p1a: Clefable
|-damage|p1a: Clefable|279\/394
|
|-heal|p1a: Clefable|303\/394|[from] item: Leftovers
|turn|13
|leave|SharpAsAttack
|
|move|p2a: Rotom-Wash|Will-O-Wisp|p1a: Clefable
|-status|p1a: Clefable|brn
|move|p1a: Clefable|Moonblast|p2a: Rotom-Wash
|-damage|p2a: Rotom-Wash|232\/304
|-unboost|p2a: Rotom-Wash|spa|1
|
|-heal|p2a: Rotom-Wash|251\/304|[from] item: Leftovers
|-heal|p1a: Clefable|327\/394 brn|[from] item: Leftovers
|turn|14
|c| Reskk|spoiler: it is scarf talonflame
|
|move|p2a: Rotom-Wash|Confuse Ray|p1a: Clefable
|-start|p1a: Clefable|confusion
|-activate|p1a: Clefable|confusion
|move|p1a: Clefable|Calm Mind|p1a: Clefable
|-boost|p1a: Clefable|spa|1
|-boost|p1a: Clefable|spd|1
|
|-heal|p2a: Rotom-Wash|270\/304|[from] item: Leftovers
|-heal|p1a: Clefable|351\/394 brn|[from] item: Leftovers
|turn|15
|join|Churmp Eevee
|leave|Churmp Eevee
|
|move|p2a: Rotom-Wash|Volt Switch|p1a: Clefable
|-damage|p1a: Clefable|315\/394 brn
|
|switch|p2a: Gardevoir|Gardevoir, M|340\/340
|-damage|p2a: Gardevoir|298\/340|[from] Stealth Rock
|-ability|p2a: Gardevoir|Magic Guard|[from] ability: Trace|[of] p1a: Clefable
|-activate|p1a: Clefable|confusion
|move|p1a: Clefable|Moonblast|p2a: Gardevoir
|-damage|p2a: Gardevoir|166\/340
|
|-heal|p2a: Gardevoir|187\/340|[from] item: Leftovers
|-heal|p1a: Clefable|339\/394 brn|[from] item: Leftovers
|turn|16
|
|switch|p1a: Metagross|Metagross-Mega|271\/301
|move|p2a: Gardevoir|Calm Mind|p2a: Gardevoir
|-boost|p2a: Gardevoir|spa|1
|-boost|p2a: Gardevoir|spd|1
|
|-heal|p2a: Gardevoir|208\/340|[from] item: Leftovers
|turn|17
|c| misc all day|reskk my man
|
|move|p1a: Metagross|Earthquake|p2a: Gardevoir
|-damage|p2a: Gardevoir|40\/340
|move|p2a: Gardevoir|Hidden Power|p1a: Metagross
|-supereffective|p1a: Metagross
|-damage|p1a: Metagross|51\/301
|
|-heal|p2a: Gardevoir|61\/340|[from] item: Leftovers
|turn|18
|c| Reskk|how is your pet piggy doing misc?
|
|switch|p2a: Rotom-Wash|Rotom-Wash|270\/304
|-damage|p2a: Rotom-Wash|232\/304|[from] Stealth Rock
|move|p1a: Metagross|Earthquake|p2a: Rotom-Wash
|-immune|p2a: Rotom-Wash|[msg]
|
|-heal|p2a: Rotom-Wash|251\/304|[from] item: Leftovers
|turn|19
|
|switch|p1a: Clefable|Clefable, F|339\/394 brn
|move|p2a: Rotom-Wash|Confuse Ray|p1a: Clefable
|-start|p1a: Clefable|confusion
|
|-heal|p2a: Rotom-Wash|270\/304|[from] item: Leftovers
|-heal|p1a: Clefable|363\/394 brn|[from] item: Leftovers
|turn|20
|
|move|p2a: Rotom-Wash|Volt Switch|p1a: Clefable
|-damage|p1a: Clefable|282\/394 brn
|leave|dat dow tho
|leave|Laschero
|
|switch|p2a: Landorus|Landorus, M|195\/319
|-damage|p2a: Landorus|156\/319|[from] Stealth Rock
|-activate|p1a: Clefable|confusion
|-damage|p1a: Clefable|270\/394 brn|[from] confusion
|
|-heal|p1a: Clefable|294\/394 brn|[from] item: Leftovers
|turn|21
|leave|Darkherrr
|join|kerog
|join|oijh
|
|switch|p1a: Landorus-Therian|Landorus-Therian, M|360\/379
|-ability|p1a: Landorus-Therian|Intimidate|[of] p2a: Landorus
|-unboost|p2a: Landorus|atk|1
|move|p2a: Landorus|Earth Power|p1a: Landorus-Therian
|-immune|p1a: Landorus-Therian|[msg]
|
|-heal|p1a: Landorus-Therian|379\/379|[from] item: Leftovers
|turn|22
|c| misc all day|spent the night with her last night
|join|iasnobeert
|leave|Junas
|
|move|p2a: Landorus|Psychic|p1a: Landorus-Therian
|-damage|p1a: Landorus-Therian|178\/379
|move|p1a: Landorus-Therian|U-turn|p2a: Landorus
|-resisted|p2a: Landorus
|-damage|p2a: Landorus|112\/319
|c| misc all day|and ate nachos
|c| misc all day|serious
|
|switch|p1a: Talonflame|Talonflame, F|297\/297
|
|turn|23
|
|switch|p2a: Ferrothorn|Ferrothorn, M|288\/351
|-damage|p2a: Ferrothorn|267\/351|[from] Stealth Rock
|move|p1a: Talonflame|Brave Bird|p2a: Ferrothorn
|-damage|p2a: Ferrothorn|162\/351
|-damage|p1a: Talonflame|260\/297|[from] ability: Iron Barbs|[of] p2a: Ferrothorn
|-damage|p1a: Talonflame|211\/297|[from] item: Rocky Helmet|[of] p2a: Ferrothorn
|-damage|p1a: Talonflame|176\/297|[from] recoil|[of] p2a: Ferrothorn
|
|turn|24
|
|move|p1a: Talonflame|Flare Blitz|p2a: Ferrothorn
|-supereffective|p2a: Ferrothorn
|-damage|p2a: Ferrothorn|0 fnt
|-damage|p1a: Talonflame|139\/297|[from] ability: Iron Barbs|[of] p2a: Ferrothorn
|-damage|p1a: Talonflame|90\/297|[from] item: Rocky Helmet|[of] p2a: Ferrothorn
|-damage|p1a: Talonflame|37\/297|[from] recoil|[of] p2a: Ferrothorn
|faint|p2a: Ferrothorn
|
|c| Reskk|her pussy is that cheesy?
|c| Reskk|you call it nachos?
|
|switch|p2a: Weavile|Weavile, M|281\/281
|-damage|p2a: Weavile|211\/281|[from] Stealth Rock
|-ability|p2a: Weavile|Pressure
|turn|25
|
|switch|p2a: Rotom-Wash|Rotom-Wash|270\/304
|-damage|p2a: Rotom-Wash|232\/304|[from] Stealth Rock
|move|p1a: Talonflame|Roost|p1a: Talonflame
|-heal|p1a: Talonflame|186\/297
|
|-heal|p2a: Rotom-Wash|251\/304|[from] item: Leftovers
|turn|26
|
|switch|p1a: Clefable|Clefable, F|294\/394 brn
|move|p2a: Rotom-Wash|Confuse Ray|p1a: Clefable
|-start|p1a: Clefable|confusion
|
|-heal|p2a: Rotom-Wash|270\/304|[from] item: Leftovers
|-heal|p1a: Clefable|318\/394 brn|[from] item: Leftovers
|turn|27
|
|move|p2a: Rotom-Wash|Hydro Pump|p1a: Clefable|[miss]
|-miss|p2a: Rotom-Wash|p1a: Clefable
|-activate|p1a: Clefable|confusion
|move|p1a: Clefable|Moonblast|p2a: Rotom-Wash
|-damage|p2a: Rotom-Wash|203\/304
|
|-heal|p2a: Rotom-Wash|222\/304|[from] item: Leftovers
|-heal|p1a: Clefable|342\/394 brn|[from] item: Leftovers
|turn|28
|c| misc all day|no didnt get that far
|leave|iasnobeert
|c| misc all day|her dog cockblocked me like 5 times
|
|move|p2a: Rotom-Wash|Hydro Pump|p1a: Clefable
|-damage|p1a: Clefable|224\/394 brn
|-activate|p1a: Clefable|confusion
|-damage|p1a: Clefable|213\/394 brn|[from] confusion
|
|-heal|p2a: Rotom-Wash|241\/304|[from] item: Leftovers
|-heal|p1a: Clefable|237\/394 brn|[from] item: Leftovers
|turn|29
|join|Villager B
|leave|TheUberTherian
|
|move|p2a: Rotom-Wash|Hydro Pump|p1a: Clefable
|-damage|p1a: Clefable|114\/394 brn
|-activate|p1a: Clefable|confusion
|move|p1a: Clefable|Soft-Boiled|p1a: Clefable
|-heal|p1a: Clefable|311\/394 brn
|
|-heal|p2a: Rotom-Wash|260\/304|[from] item: Leftovers
|-heal|p1a: Clefable|335\/394 brn|[from] item: Leftovers
|turn|30
|leave|Snorlax's pillow
|
|switch|p2a: Weavile|Weavile, M|211\/281
|-damage|p2a: Weavile|141\/281|[from] Stealth Rock
|-ability|p2a: Weavile|Pressure
|-end|p1a: Clefable|confusion
|move|p1a: Clefable|Calm Mind|p1a: Clefable
|-boost|p1a: Clefable|spa|1
|-boost|p1a: Clefable|spd|1
|
|-heal|p1a: Clefable|359\/394 brn|[from] item: Leftovers
|turn|31
|join|Soul Gem
|
|move|p2a: Weavile|Ice Punch|p1a: Clefable
|-damage|p1a: Clefable|184\/394 brn
|-damage|p2a: Weavile|113\/281|[from] item: Life Orb
|move|p1a: Clefable|Moonblast|p2a: Weavile
|-supereffective|p2a: Weavile
|-damage|p2a: Weavile|0 fnt
|faint|p2a: Weavile
|
|-heal|p1a: Clefable|208\/394 brn|[from] item: Leftovers
|leave|Soul Gem
|join|Yuuki the Trinity
|leave|biggynoobs
|
|switch|p2a: Landorus|Landorus, M|112\/319
|-damage|p2a: Landorus|73\/319|[from] Stealth Rock
|turn|32
|join|Rooo
|join|joyfulJordan
|
|switch|p1a: Landorus-Therian|Landorus-Therian, M|178\/379
|-ability|p1a: Landorus-Therian|Intimidate|[of] p2a: Landorus
|-unboost|p2a: Landorus|atk|1
|move|p2a: Landorus|Sludge Wave|p1a: Landorus-Therian
|-resisted|p1a: Landorus-Therian
|-damage|p1a: Landorus-Therian|82\/379
|
|-heal|p1a: Landorus-Therian|105\/379|[from] item: Leftovers
|turn|33
|leave|Lucky Moose
|
|move|p2a: Landorus|Psychic|p1a: Landorus-Therian
|-damage|p1a: Landorus-Therian|0 fnt
|faint|p1a: Landorus-Therian
|
|
|switch|p1a: Talonflame|Talonflame, F|186\/297
|turn|34
|
|move|p1a: Talonflame|Brave Bird|p2a: Landorus
|-damage|p2a: Landorus|0 fnt
|-damage|p1a: Talonflame|162\/297|[from] recoil|[of] p2a: Landorus
|faint|p2a: Landorus
|
|
|switch|p2a: Rotom-Wash|Rotom-Wash|260\/304
|-damage|p2a: Rotom-Wash|222\/304|[from] Stealth Rock
|turn|35
|
|switch|p1a: Mandibuzz|Mandibuzz, F|327\/423
|move|p2a: Rotom-Wash|Hydro Pump|p1a: Mandibuzz|[miss]
|-miss|p2a: Rotom-Wash|p1a: Mandibuzz
|
|-heal|p2a: Rotom-Wash|241\/304|[from] item: Leftovers
|-heal|p1a: Mandibuzz|353\/423|[from] item: Leftovers
|turn|36
|leave|Aelia07
|
|move|p2a: Rotom-Wash|Hydro Pump|p1a: Mandibuzz
|-damage|p1a: Mandibuzz|224\/423
|move|p1a: Mandibuzz|Toxic|p2a: Rotom-Wash
|-status|p2a: Rotom-Wash|tox
|
|-heal|p2a: Rotom-Wash|260\/304 tox|[from] item: Leftovers
|-heal|p1a: Mandibuzz|250\/423|[from] item: Leftovers
|-damage|p2a: Rotom-Wash|241\/304 tox|[from] psn
|turn|37
|
|move|p2a: Rotom-Wash|Volt Switch|p1a: Mandibuzz
|-supereffective|p1a: Mandibuzz
|-damage|p1a: Mandibuzz|86\/423
|
|switch|p2a: Gyarados|Gyarados-Mega, F|125\/331
|-damage|p2a: Gyarados|84\/331|[from] Stealth Rock
|-ability|p2a: Gyarados|Mold Breaker
|move|p1a: Mandibuzz|Roost|p1a: Mandibuzz
|-heal|p1a: Mandibuzz|298\/423
|
|-heal|p1a: Mandibuzz|324\/423|[from] item: Leftovers
|turn|38
|
|move|p2a: Gyarados|Waterfall|p1a: Mandibuzz
|-damage|p1a: Mandibuzz|195\/423
|move|p1a: Mandibuzz|Foul Play|p2a: Gyarados
|-resisted|p2a: Gyarados
|-damage|p2a: Gyarados|0 fnt
|faint|p2a: Gyarados
|
|-heal|p1a: Mandibuzz|221\/423|[from] item: Leftovers
|
|switch|p2a: Gardevoir|Gardevoir, M|61\/340
|-damage|p2a: Gardevoir|19\/340|[from] Stealth Rock
|-ability|p2a: Gardevoir|Overcoat|[from] ability: Trace|[of] p1a: Mandibuzz
|turn|39
|
|switch|p1a: Metagross|Metagross-Mega|51\/301
|move|p2a: Gardevoir|Draining Kiss|p1a: Metagross
|-resisted|p1a: Metagross
|-damage|p1a: Metagross|9\/301
|-heal|p2a: Gardevoir|51\/340|[from] drain|[of] p1a: Metagross
|
|-heal|p2a: Gardevoir|72\/340|[from] item: Leftovers
|turn|40
|
|move|p1a: Metagross|Zen Headbutt|p2a: Gardevoir
|-resisted|p2a: Gardevoir
|-damage|p2a: Gardevoir|0 fnt
|faint|p2a: Gardevoir
|
|c| Yuuki the Trinity|lmao
|join|SA)Moonthief
|c|âanas.t|gg
|
|switch|p2a: Rotom-Wash|Rotom-Wash|241\/304 tox
|-damage|p2a: Rotom-Wash|203\/304 tox|[from] Stealth Rock
|turn|41
|leave|LordWienerButt
|c|âFlyingSunray|gg
|leave|Yuuki the Trinity
|
|move|p1a: Metagross|Zen Headbutt|p2a: Rotom-Wash|[miss]
|-miss|p1a: Metagross|p2a: Rotom-Wash
|move|p2a: Rotom-Wash|Volt Switch|p1a: Metagross
|-damage|p1a: Metagross|0 fnt
|faint|p1a: Metagross
|
|-heal|p2a: Rotom-Wash|222\/304 tox|[from] item: Leftovers
|-damage|p2a: Rotom-Wash|203\/304 tox|[from] psn
|leave|SA)Moonthief
|
|switch|p1a: Mandibuzz|Mandibuzz, F|221\/423
|turn|42
|leave|joyfulJordan
|
|move|p2a: Rotom-Wash|Volt Switch|p1a: Mandibuzz
|-supereffective|p1a: Mandibuzz
|-damage|p1a: Mandibuzz|69\/423
|move|p1a: Mandibuzz|Roost|p1a: Mandibuzz
|-heal|p1a: Mandibuzz|281\/423
|
|-heal|p2a: Rotom-Wash|222\/304 tox|[from] item: Leftovers
|-heal|p1a: Mandibuzz|307\/423|[from] item: Leftovers
|-damage|p2a: Rotom-Wash|184\/304 tox|[from] psn
|turn|43
|
|move|p2a: Rotom-Wash|Hydro Pump|p1a: Mandibuzz|[miss]
|-miss|p2a: Rotom-Wash|p1a: Mandibuzz
|move|p1a: Mandibuzz|Roost|p1a: Mandibuzz
|-heal|p1a: Mandibuzz|423\/423
|
|-heal|p2a: Rotom-Wash|203\/304 tox|[from] item: Leftovers
|-damage|p2a: Rotom-Wash|146\/304 tox|[from] psn
|turn|44
|
|move|p2a: Rotom-Wash|Hydro Pump|p1a: Mandibuzz
|-damage|p1a: Mandibuzz|303\/423
|move|p1a: Mandibuzz|Foul Play|p2a: Rotom-Wash
|-damage|p2a: Rotom-Wash|80\/304 tox
|
|-heal|p2a: Rotom-Wash|99\/304 tox|[from] item: Leftovers
|-heal|p1a: Mandibuzz|329\/423|[from] item: Leftovers
|-damage|p2a: Rotom-Wash|23\/304 tox|[from] psn
|turn|45
|
|move|p2a: Rotom-Wash|Volt Switch|p1a: Mandibuzz
|-supereffective|p1a: Mandibuzz
|-damage|p1a: Mandibuzz|177\/423
|move|p1a: Mandibuzz|Roost|p1a: Mandibuzz
|-heal|p1a: Mandibuzz|389\/423
|
|-heal|p2a: Rotom-Wash|42\/304 tox|[from] item: Leftovers
|-heal|p1a: Mandibuzz|415\/423|[from] item: Leftovers
|-damage|p2a: Rotom-Wash|0 fnt|[from] psn
|faint|p2a: Rotom-Wash
|
|win|FlyingSunray
|leave|anas.t