|join|FlyingSunray
|join|RedKingAlmighty
|player|p1|FlyingSunray|288
|player|p2|RedKingAlmighty|92
|gametype|singles
|gen|6
|tier|OU
|rated
|clearpoke
|poke|p1|Bisharp, M
|poke|p1|Gallade, M
|poke|p1|Breloom, M
|poke|p1|Latios, M
|poke|p1|Manaphy
|poke|p1|Landorus-Therian, M
|poke|p2|Landorus-Therian, M
|poke|p2|Rotom-Wash
|poke|p2|Tyranitar, F
|poke|p2|Keldeo
|poke|p2|Scizor, M
|poke|p2|Altaria, M
|rule|Swagger Clause: Swagger is banned
|rule|Baton Pass Clause: Limit one PokÃ©mon knowing Baton Pass
|rule|Sleep Clause Mod: Limit one foe put to sleep
|rule|Species Clause: Limit one of each PokÃ©mon
|rule|OHKO Clause: OHKO moves are banned
|rule|Moody Clause: Moody is banned
|rule|Evasion Moves Clause: Evasion moves are banned
|rule|Endless Battle Clause: Forcing endless battles is banned
|rule|HP Percentage Mod: HP is shown in percentages
|teampreview
|
|start
|switch|p1a: Breloom|Breloom, M|261\/261
|switch|p2a: Landorus-Therian|Landorus-Therian, M|382\/382
|-ability|p2a: Landorus-Therian|Intimidate|[of] p1a: Breloom
|-unboost|p1a: Breloom|atk|1
|turn|1
|
|move|p1a: Breloom|Spore|p2a: Landorus-Therian
|-status|p2a: Landorus-Therian|slp
|cant|p2a: Landorus-Therian|slp
|
|turn|2
|
|switch|p1a: Manaphy|Manaphy|365\/365
|switch|p2a: Altaria|Altaria, M|291\/291
|
|turn|3
|
|detailschange|p2a: Altaria|Altaria-Mega, M
|-mega|p2a: Altaria|Altaria|Altarianite
|move|p1a: Manaphy|Tail Glow|p1a: Manaphy
|-boost|p1a: Manaphy|spa|3
|move|p2a: Altaria|Dragon Dance|p2a: Altaria
|-boost|p2a: Altaria|atk|1
|-boost|p2a: Altaria|spe|1
|
|turn|4
|c|âFlyingSunray|u arent
|c|âFlyingSunray|wasting time huh
|
|move|p2a: Altaria|Return|p1a: Manaphy
|-damage|p1a: Manaphy|28\/365
|move|p1a: Manaphy|Ice Beam|p2a: Altaria
|-supereffective|p2a: Altaria
|-damage|p2a: Altaria|0 fnt
|faint|p2a: Altaria
|
|-heal|p1a: Manaphy|50\/365|[from] item: Leftovers
|join|Invok3r
|
|switch|p2a: Tyranitar|Tyranitar, F|341\/341
|-weather|Sandstorm
|turn|5
|
|move|p2a: Tyranitar|Pursuit|p1a: Manaphy
|-damage|p1a: Manaphy|0 fnt
|faint|p1a: Manaphy
|
|-weather|Sandstorm|[upkeep]
|
|switch|p1a: Gallade|Gallade, M|277\/277
|turn|6
|join|jack41
|
|switch|p2a: Rotom-Wash|Rotom-Wash|304\/304
|detailschange|p1a: Gallade|Gallade-Mega, M
|-mega|p1a: Gallade|Gallade|Galladite
|move|p1a: Gallade|Swords Dance|p1a: Gallade
|-boost|p1a: Gallade|atk|2
|
|-weather|Sandstorm|[upkeep]
|-damage|p1a: Gallade|260\/277|[from] sandstorm
|-damage|p2a: Rotom-Wash|285\/304|[from] sandstorm
|-heal|p2a: Rotom-Wash|304\/304|[from] item: Leftovers
|turn|7
|
|move|p1a: Gallade|Close Combat|p2a: Rotom-Wash
|-damage|p2a: Rotom-Wash|0 fnt
|-unboost|p1a: Gallade|def|1
|-unboost|p1a: Gallade|spd|1
|faint|p2a: Rotom-Wash
|
|-weather|Sandstorm|[upkeep]
|-damage|p1a: Gallade|243\/277|[from] sandstorm
|
|switch|p2a: Tyranitar|Tyranitar, F|341\/341
|turn|8
|
|move|p2a: Tyranitar|Crunch|p1a: Gallade
|-damage|p1a: Gallade|32\/277
|move|p1a: Gallade|Close Combat|p2a: Tyranitar
|-supereffective|p2a: Tyranitar
|-damage|p2a: Tyranitar|0 fnt
|-unboost|p1a: Gallade|def|1
|-unboost|p1a: Gallade|spd|1
|faint|p2a: Tyranitar
|
|-weather|Sandstorm|[upkeep]
|-damage|p1a: Gallade|15\/277|[from] sandstorm
|-message|RedKingAlmighty forfeited.
|leave|RedKingAlmighty
|
|win|FlyingSunray
|raw|Ladder updating...
|player|p2
|raw|FlyingSunray's rating: 1454 &rarr; <strong>1472<\/strong><br \/>(+18 for winning)
|raw|RedKingAlmighty's rating: 1427 &rarr; <strong>1409<\/strong><br \/>(-18 for losing)