|join|FlyingSunray
|join|genezack23
|player|p1|FlyingSunray|288
|player|p2|genezack23|224
|gametype|singles
|gen|6
|tier|OU
|clearpoke
|poke|p1|Politoed, F
|poke|p1|Swampert, M
|poke|p1|Kingdra, F
|poke|p1|Omastar, M
|poke|p1|Klefki, M
|poke|p1|Tornadus-Therian, M
|poke|p2|Pachirisu, F, shiny
|poke|p2|Metagross, shiny
|poke|p2|Talonflame, M
|poke|p2|Milotic, F, shiny
|poke|p2|Lopunny, F
|poke|p2|Volcarona, F
|rule|Swagger Clause: Swagger is banned
|rule|Baton Pass Clause: Limit one PokÃ©mon knowing Baton Pass
|rule|Sleep Clause Mod: Limit one foe put to sleep
|rule|Species Clause: Limit one of each PokÃ©mon
|rule|OHKO Clause: OHKO moves are banned
|rule|Moody Clause: Moody is banned
|rule|Evasion Moves Clause: Evasion moves are banned
|rule|Endless Battle Clause: Forcing endless battles is banned
|rule|HP Percentage Mod: HP is shown in percentages
|teampreview
|
|start
|switch|p1a: Klefki|Klefki, M|317\/317
|switch|p2a: Winry|Pachirisu, F, shiny|261\/261
|turn|1
|c|âgenezack23|ssorry had to help mom
|c|âFlyingSunray|oh
|c|âFlyingSunray|i didnt know
|
|move|p1a: Klefki|Rain Dance|p1a: Klefki
|-weather|RainDance
|move|p2a: Winry|U-turn|p1a: Klefki
|-resisted|p1a: Klefki
|-damage|p1a: Klefki|307\/317
|
|switch|p2a: Darunia|Talonflame, M|297\/297
|
|-weather|RainDance|[upkeep]
|turn|2
|c|âgenezack23|i made this off of the guy who won worlds
|c|âFlyingSunray|i can tell
|
|switch|p1a: Omastar|Omastar, M|281\/281
|move|p2a: Darunia|Flare Blitz|p1a: Omastar
|-resisted|p1a: Omastar
|-damage|p1a: Omastar|259\/281
|-damage|p2a: Darunia|290\/297|[from] recoil|[of] p1a: Omastar
|-damage|p2a: Darunia|261\/297|[from] item: Life Orb
|
|-weather|RainDance|[upkeep]
|turn|3
|c|âgenezack23|i made a diffrent set for my pacha tho\
|c|âFlyingSunray|:o
|
|switch|p2a: Megatron|Metagross, shiny|363\/363
|move|p1a: Omastar|Stealth Rock|p2a: Megatron
|-sidestart|p2: genezack23|move: Stealth Rock
|
|-weather|RainDance|[upkeep]
|turn|4
|
|move|p1a: Omastar|Hydro Pump|p2a: Megatron
|-damage|p2a: Megatron|0 fnt
|-damage|p1a: Omastar|231\/281|[from] item: Life Orb
|faint|p2a: Megatron
|
|-weather|RainDance|[upkeep]
|
|switch|p2a: Elizabeth|Lopunny, F|271\/271
|-damage|p2a: Elizabeth|238\/271|[from] Stealth Rock
|turn|5
|
|detailschange|p2a: Elizabeth|Lopunny-Mega, F
|-mega|p2a: Elizabeth|Lopunny|Lopunnite
|move|p1a: Omastar|Hydro Pump|p2a: Elizabeth
|-damage|p2a: Elizabeth|0 fnt
|-damage|p1a: Omastar|203\/281|[from] item: Life Orb
|faint|p2a: Elizabeth
|
|-weather|RainDance|[upkeep]
|
|switch|p2a: Hydra|Milotic, F, shiny|393\/393
|-damage|p2a: Hydra|344\/393|[from] Stealth Rock
|turn|6
|
|switch|p1a: Tornadus-Therian|Tornadus-Therian, M|341\/341
|move|p2a: Hydra|Attract|p1a: Tornadus-Therian
|-start|p1a: Tornadus-Therian|Attract
|
|-weather|RainDance|[upkeep]
|-heal|p2a: Hydra|368\/393|[from] item: Leftovers
|turn|7
|
|-activate|p1a: Tornadus-Therian|Attract|[of] p2a: Hydra
|cant|p1a: Tornadus-Therian|Attract
|move|p2a: Hydra|Ice Beam|p1a: Tornadus-Therian
|-crit|p1a: Tornadus-Therian
|-supereffective|p1a: Tornadus-Therian
|-damage|p1a: Tornadus-Therian|201\/341
|-status|p1a: Tornadus-Therian|frz
|
|-weather|RainDance|[upkeep]
|-heal|p2a: Hydra|392\/393|[from] item: Leftovers
|turn|8
|
|switch|p1a: Klefki|Klefki, M|307\/317
|move|p2a: Hydra|Ice Beam|p1a: Klefki
|-crit|p1a: Klefki
|-resisted|p1a: Klefki
|-damage|p1a: Klefki|261\/317
|
|-weather|none
|-heal|p2a: Hydra|393\/393|[from] item: Leftovers
|turn|9
|
|move|p1a: Klefki|Rain Dance|p1a: Klefki
|-weather|RainDance
|move|p2a: Hydra|Scald|p1a: Klefki
|-damage|p1a: Klefki|126\/317
|
|-weather|RainDance|[upkeep]
|turn|10
|
|switch|p1a: Politoed|Politoed, F|383\/383
|move|p2a: Hydra|Scald|p1a: Politoed
|-resisted|p1a: Politoed
|-damage|p1a: Politoed|332\/383
|
|-weather|RainDance|[upkeep]
|turn|11
|
|switch|p2a: Winry|Pachirisu, F, shiny|261\/261
|-damage|p2a: Winry|229\/261|[from] Stealth Rock
|move|p1a: Politoed|Toxic|p2a: Winry
|-status|p2a: Winry|tox
|
|-weather|RainDance|[upkeep]
|-damage|p2a: Winry|213\/261 tox|[from] psn
|turn|12
|
|switch|p1a: Swampert|Swampert, M|360\/360
|move|p2a: Winry|Nuzzle|p1a: Swampert
|-immune|p1a: Swampert|[msg]
|
|-weather|RainDance|[upkeep]
|-damage|p2a: Winry|181\/261 tox|[from] psn
|turn|13
|
|detailschange|p1a: Swampert|Swampert-Mega, M
|-mega|p1a: Swampert|Swampert|Swampertite
|move|p2a: Winry|Protect|p2a: Winry
|-singleturn|p2a: Winry|Protect
|move|p1a: Swampert|Waterfall|p2a: Winry
|-activate|p2a: Winry|Protect
|
|-weather|RainDance|[upkeep]
|-damage|p2a: Winry|133\/261 tox|[from] psn
|turn|14
|
|move|p1a: Swampert|Waterfall|p2a: Winry
|-damage|p2a: Winry|0 fnt
|faint|p2a: Winry
|
|-weather|RainDance|[upkeep]
|
|switch|p2a: Hydra|Milotic, F, shiny|393\/393
|-damage|p2a: Hydra|344\/393|[from] Stealth Rock
|turn|15
|
|switch|p1a: Politoed|Politoed, F|332\/383
|move|p2a: Hydra|Ice Beam|p1a: Politoed
|-resisted|p1a: Politoed
|-damage|p1a: Politoed|307\/383
|
|-weather|RainDance|[upkeep]
|-heal|p2a: Hydra|368\/393|[from] item: Leftovers
|turn|16
|
|move|p2a: Hydra|Scald|p1a: Politoed
|-resisted|p1a: Politoed
|-damage|p1a: Politoed|254\/383
|-status|p1a: Politoed|brn
|move|p1a: Politoed|Toxic|p2a: Hydra
|-status|p2a: Hydra|tox
|
|-weather|none
|-heal|p2a: Hydra|392\/393 tox|[from] item: Leftovers
|-damage|p2a: Hydra|368\/393 tox|[from] psn
|-damage|p1a: Politoed|207\/383 brn|[from] brn
|turn|17
|
|move|p2a: Hydra|Ice Beam|p1a: Politoed
|-resisted|p1a: Politoed
|-damage|p1a: Politoed|180\/383 brn
|move|p1a: Politoed|Encore|p2a: Hydra
|-start|p2a: Hydra|Encore
|
|-heal|p2a: Hydra|392\/393 tox|[from] item: Leftovers
|-damage|p2a: Hydra|344\/393 tox|[from] psn
|-damage|p1a: Politoed|133\/383 brn|[from] brn
|turn|18
|
|switch|p1a: Klefki|Klefki, M|126\/317
|move|p2a: Hydra|Ice Beam|p1a: Klefki
|-resisted|p1a: Klefki
|-damage|p1a: Klefki|95\/317
|
|-heal|p2a: Hydra|368\/393 tox|[from] item: Leftovers
|-damage|p2a: Hydra|296\/393 tox|[from] psn
|turn|19
|
|switch|p2a: Darunia|Talonflame, M|261\/297
|-damage|p2a: Darunia|113\/297|[from] Stealth Rock
|move|p1a: Klefki|Rain Dance|p1a: Klefki
|-weather|RainDance
|
|-weather|RainDance|[upkeep]
|turn|20
|
|move|p1a: Klefki|Reflect|p1a: Klefki
|-sidestart|p1: FlyingSunray|Reflect
|move|p2a: Darunia|Flare Blitz|p1a: Klefki
|-supereffective|p1a: Klefki
|-damage|p1a: Klefki|0 fnt
|-damage|p2a: Darunia|82\/297|[from] recoil|[of] p1a: Klefki
|-damage|p2a: Darunia|53\/297|[from] item: Life Orb
|faint|p1a: Klefki
|
|-weather|RainDance|[upkeep]
|
|switch|p1a: Omastar|Omastar, M|203\/281
|turn|21
|
|move|p2a: Darunia|Roost|p2a: Darunia
|-heal|p2a: Darunia|202\/297
|move|p1a: Omastar|Ancient Power|p2a: Darunia
|-supereffective|p2a: Darunia
|-damage|p2a: Darunia|0 fnt
|-damage|p1a: Omastar|175\/281|[from] item: Life Orb
|faint|p2a: Darunia
|
|-weather|RainDance|[upkeep]
|
|switch|p2a: Hydra|Milotic, F, shiny|296\/393 tox
|-damage|p2a: Hydra|247\/393 tox|[from] Stealth Rock
|turn|22
|
|move|p1a: Omastar|Ancient Power|p2a: Hydra
|-damage|p2a: Hydra|137\/393 tox
|-boost|p1a: Omastar|atk|1
|-boost|p1a: Omastar|def|1
|-boost|p1a: Omastar|spa|1
|-boost|p1a: Omastar|spd|1
|-boost|p1a: Omastar|spe|1
|-damage|p1a: Omastar|147\/281|[from] item: Life Orb
|move|p2a: Hydra|Recover|p2a: Hydra
|-heal|p2a: Hydra|334\/393 tox
|
|-weather|RainDance|[upkeep]
|-heal|p2a: Hydra|358\/393 tox|[from] item: Leftovers
|-damage|p2a: Hydra|334\/393 tox|[from] psn
|turn|23
|
|move|p1a: Omastar|Ancient Power|p2a: Hydra
|-damage|p2a: Hydra|153\/393 tox
|-boost|p1a: Omastar|atk|1
|-boost|p1a: Omastar|def|1
|-boost|p1a: Omastar|spa|1
|-boost|p1a: Omastar|spd|1
|-boost|p1a: Omastar|spe|1
|-damage|p1a: Omastar|119\/281|[from] item: Life Orb
|move|p2a: Hydra|Attract|p1a: Omastar
|-start|p1a: Omastar|Attract
|
|-weather|RainDance|[upkeep]
|-heal|p2a: Hydra|177\/393 tox|[from] item: Leftovers
|-damage|p2a: Hydra|129\/393 tox|[from] psn
|turn|24
|c|âFlyingSunray|this is crazy
|c|âFlyingSunray|lol
|
|-activate|p1a: Omastar|Attract|[of] p2a: Hydra
|move|p1a: Omastar|Earth Power|p2a: Hydra
|-damage|p2a: Hydra|0 fnt
|-damage|p1a: Omastar|91\/281|[from] item: Life Orb
|faint|p2a: Hydra
|
|-weather|RainDance|[upkeep]
|-sideend|p1: FlyingSunray|Reflect
|
|switch|p2a: Krakatoa|Volcarona, F|373\/373
|-damage|p2a: Krakatoa|187\/373|[from] Stealth Rock
|turn|25
|c|âgenezack23|i know lo
|
|move|p1a: Omastar|Ancient Power|p2a: Krakatoa
|-supereffective|p2a: Krakatoa
|-damage|p2a: Krakatoa|0 fnt
|-boost|p1a: Omastar|atk|1
|-boost|p1a: Omastar|def|1
|-boost|p1a: Omastar|spa|1
|-boost|p1a: Omastar|spd|1
|-boost|p1a: Omastar|spe|1
|-damage|p1a: Omastar|63\/281|[from] item: Life Orb
|faint|p2a: Krakatoa
|
|win|FlyingSunray
|c|âFlyingSunray|unreal
|c|âFlyingSunray|3 boosts
|c|âgenezack23|so do you have any advice?
|c|âFlyingSunray|Yeah
|c|âFlyingSunray|But
|c|âFlyingSunray|You might not like it
|c|âgenezack23|ill b ok
|c|âFlyingSunray|Dont use pachirusu in ou or metagross without mega stone
|c|âFlyingSunray|also use a defogger if u have two super rock weak pokes
|c|âgenezack23|metagross has his mega
|c|âFlyingSunray|Well
|c|âFlyingSunray|Dont use two megas if u plan to mega only one of them
|c|âFlyingSunray|was lopunny your mega?
|c|âFlyingSunray|dont use lopunny
|c|âgenezack23|yeah
|c|âFlyingSunray|or metagross
|c|âFlyingSunray|on same teams
|c|âFlyingSunray|Btw
|c|âFlyingSunray|One more piece of advice
|c|âFlyingSunray|If you truly want to become a better battler
|c|âFlyingSunray|Watch ppl better than yourself and battle them
|c|âFlyingSunray|Watch the mods
|c|âFlyingSunray|Theyre all decent or above
|c|âgenezack23|good point
|c|âFlyingSunray|:)
|c|âFlyingSunray|I still cant believe it has a 10% chance to raise all stats
|c|âFlyingSunray|and i got it 3 times
|c|âgenezack23|To be honest your the only person I have lost against so far with this but it is probably because I used it in the random ou battles
|c|âFlyingSunray|i see
|c|âFlyingSunray|Well, it takes tests to perfect a team
|c|âFlyingSunray|i made this rain team recently
|c|âgenezack23|Very tru8e
|c|âFlyingSunray|and i wanted ot test it
|c|âgenezack23|Thank you
|c|âFlyingSunray|yw