|join|Jack41
|join|FlyingSunray
|player|p1|Jack41|17
|player|p2|FlyingSunray|288
|gametype|singles
|gen|6
|tier|OU
|clearpoke
|poke|p1|Azumarill, F
|poke|p1|Tyranitar, F
|poke|p1|Charizard, M
|poke|p1|Latios, M
|poke|p1|Venusaur, F
|poke|p1|Excadrill, F
|poke|p2|Breloom, M
|poke|p2|Alakazam, M
|poke|p2|Tyranitar, M
|poke|p2|Azumarill, F
|poke|p2|Talonflame, M
|poke|p2|Excadrill, M
|rule|Swagger Clause: Swagger is banned
|rule|Baton Pass Clause: Limit one PokÃ©mon knowing Baton Pass
|rule|Sleep Clause Mod: Limit one foe put to sleep
|rule|Species Clause: Limit one of each PokÃ©mon
|rule|OHKO Clause: OHKO moves are banned
|rule|Moody Clause: Moody is banned
|rule|Evasion Moves Clause: Evasion moves are banned
|rule|Endless Battle Clause: Forcing endless battles is banned
|rule|HP Percentage Mod: HP is shown in percentages
|teampreview
|c|âFlyingSunray|i didnt know if u wanted me to use any specific team
|c|âJack41|no use what ever u want
|
|start
|switch|p1a: Venusaur|Venusaur, F|301\/301
|switch|p2a: Alakazam|Alakazam, M|258\/258
|turn|1
|
|switch|p1a: Azumarill|Azumarill, F|399\/399
|detailschange|p2a: Alakazam|Alakazam-Mega, M
|-mega|p2a: Alakazam|Alakazam|Alakazite
|-ability|p2a: Alakazam|Huge Power|[from] ability: Trace|[of] p1a: Azumarill
|move|p2a: Alakazam|Shadow Ball|p1a: Azumarill
|-damage|p1a: Azumarill|291\/399
|
|turn|2
|
|switch|p2a: Azumarill|Azumarill, F|403\/403
|move|p1a: Azumarill|Play Rough|p2a: Azumarill|[miss]
|-miss|p1a: Azumarill|p2a: Azumarill
|
|turn|3
|
|switch|p1a: Venusaur|Venusaur, F|301\/301
|move|p2a: Azumarill|Play Rough|p1a: Venusaur
|-resisted|p1a: Venusaur
|-damage|p1a: Venusaur|194\/301
|
|turn|4
|
|switch|p2a: Talonflame|Talonflame, M|297\/297
|move|p1a: Venusaur|Sleep Powder|p2a: Talonflame
|-status|p2a: Talonflame|slp
|
|turn|5
|
|switch|p1a: Tyranitar|Tyranitar, F|403\/403
|-weather|Sandstorm
|cant|p2a: Talonflame|slp
|
|-weather|Sandstorm|[upkeep]
|-damage|p2a: Talonflame|279\/297 slp|[from] sandstorm
|turn|6
|
|cant|p2a: Talonflame|slp
|move|p2a: Talonflame|Sleep Talk|p2a: Talonflame
|move|p2a: Talonflame|Brave Bird|p1a: Tyranitar|[from]Sleep Talk
|-resisted|p1a: Tyranitar
|-damage|p1a: Tyranitar|313\/403
|-damage|p2a: Talonflame|249\/297 slp|[from] recoil|[of] p1a: Tyranitar
|move|p1a: Tyranitar|Stealth Rock|p2a: Talonflame
|-sidestart|p2: FlyingSunray|move: Stealth Rock
|
|-weather|Sandstorm|[upkeep]
|-damage|p2a: Talonflame|231\/297 slp|[from] sandstorm
|turn|7
|c|âFlyingSunray|lol
|
|switch|p2a: Excadrill|Excadrill, M|361\/361
|-damage|p2a: Excadrill|350\/361|[from] Stealth Rock
|move|p1a: Tyranitar|Crunch|p2a: Excadrill
|-damage|p2a: Excadrill|163\/361
|-unboost|p2a: Excadrill|def|1
|
|-weather|Sandstorm|[upkeep]
|turn|8
|
|switch|p1a: Azumarill|Azumarill, F|291\/399
|move|p2a: Excadrill|Iron Head|p1a: Azumarill
|-damage|p1a: Azumarill|38\/399
|-damage|p2a: Excadrill|127\/361|[from] item: Life Orb
|
|-weather|Sandstorm|[upkeep]
|-damage|p1a: Azumarill|14\/399|[from] sandstorm
|turn|9
|
|switch|p2a: Breloom|Breloom, M|261\/261
|-damage|p2a: Breloom|245\/261|[from] Stealth Rock
|move|p1a: Azumarill|Aqua Jet|p2a: Breloom
|-resisted|p2a: Breloom
|-damage|p2a: Breloom|194\/261
|
|-weather|Sandstorm|[upkeep]
|-damage|p2a: Breloom|178\/261|[from] sandstorm
|-damage|p1a: Azumarill|0 fnt|[from] sandstorm
|faint|p1a: Azumarill
|
|switch|p1a: Charizard|Charizard, M|297\/297
|turn|10
|
|switch|p2a: Tyranitar|Tyranitar, M|341\/341
|-damage|p2a: Tyranitar|299\/341|[from] Stealth Rock
|detailschange|p1a: Charizard|Charizard-Mega-Y, M
|-mega|p1a: Charizard|Charizard|Charizardite Y
|-weather|SunnyDay
|move|p1a: Charizard|Fire Blast|p2a: Tyranitar|[miss]
|-miss|p1a: Charizard|p2a: Tyranitar
|
|-weather|SunnyDay|[upkeep]
|turn|11
|
|switch|p2a: Talonflame|Talonflame, M|231\/297 slp
|-damage|p2a: Talonflame|83\/297 slp|[from] Stealth Rock
|move|p1a: Charizard|Focus Blast|p2a: Talonflame
|-resisted|p2a: Talonflame
|-damage|p2a: Talonflame|0 fnt
|faint|p2a: Talonflame
|
|-weather|SunnyDay|[upkeep]
|
|switch|p2a: Tyranitar|Tyranitar, M|299\/341
|-damage|p2a: Tyranitar|257\/341|[from] Stealth Rock
|-weather|Sandstorm
|turn|12
|
|move|p1a: Charizard|Focus Blast|p2a: Tyranitar
|-supereffective|p2a: Tyranitar
|-damage|p2a: Tyranitar|0 fnt
|faint|p2a: Tyranitar
|
|-weather|Sandstorm|[upkeep]
|-damage|p1a: Charizard|279\/297|[from] sandstorm
|
|switch|p2a: Excadrill|Excadrill, M|127\/361
|-damage|p2a: Excadrill|116\/361|[from] Stealth Rock
|turn|13
|
|switch|p1a: Venusaur|Venusaur, F|194\/301
|move|p2a: Excadrill|Rock Slide|p1a: Venusaur
|-damage|p1a: Venusaur|45\/301
|-damage|p2a: Excadrill|80\/361|[from] item: Life Orb
|
|-weather|Sandstorm|[upkeep]
|-damage|p1a: Venusaur|27\/301|[from] sandstorm
|turn|14
|
|move|p2a: Excadrill|Rapid Spin|p1a: Venusaur
|-damage|p1a: Venusaur|0 fnt
|-sideend|p2: FlyingSunray|Stealth Rock|[from] move: Rapid Spin|[of] p2a: Excadrill
|-damage|p2a: Excadrill|44\/361|[from] item: Life Orb
|faint|p1a: Venusaur
|
|-weather|Sandstorm|[upkeep]
|
|switch|p1a: Charizard|Charizard-Mega-Y, M|279\/297
|-weather|SunnyDay
|turn|15
|
|move|p1a: Charizard|Fire Blast|p2a: Excadrill
|-supereffective|p2a: Excadrill
|-damage|p2a: Excadrill|0 fnt
|faint|p2a: Excadrill
|
|-weather|SunnyDay|[upkeep]
|
|switch|p2a: Azumarill|Azumarill, F|403\/403
|turn|16
|
|move|p2a: Azumarill|Aqua Jet|p1a: Charizard
|-supereffective|p1a: Charizard
|-damage|p1a: Charizard|165\/297
|move|p1a: Charizard|Solar Beam|p2a: Azumarill|[still]
|-prepare|p1a: Charizard|Solar Beam|p2a: Azumarill
|-anim|p1a: Charizard|Solar Beam|p2a: Azumarill
|-supereffective|p2a: Azumarill
|-damage|p2a: Azumarill|133\/403
|
|-weather|SunnyDay|[upkeep]
|turn|17
|c|âFlyingSunray|oh right
|c|âFlyingSunray|av
|c|âJack41|lol heres where experience comes in
|c|âFlyingSunray|lol
|c|âJack41|waterfall plus aqua jet couldhave killed me
|c|âFlyingSunray|i forgot
|
|move|p1a: Charizard|Solar Beam|p2a: Azumarill|[still]
|-prepare|p1a: Charizard|Solar Beam|p2a: Azumarill
|-anim|p1a: Charizard|Solar Beam|p2a: Azumarill
|-supereffective|p2a: Azumarill
|-damage|p2a: Azumarill|0 fnt
|faint|p2a: Azumarill
|
|-weather|SunnyDay|[upkeep]
|c|âFlyingSunray|im av
|c|âJack41|yeah
|
|switch|p2a: Alakazam|Alakazam-Mega, M|258\/258
|-ability|p2a: Alakazam|Drought|[from] ability: Trace|[of] p1a: Charizard
|turn|18
|c|âJack41|the av azu could kill me inthe sand with that combo
|c|âJack41|sun*
|
|switch|p1a: Tyranitar|Tyranitar, F|313\/403
|-weather|Sandstorm
|move|p2a: Alakazam|Psyshock|p1a: Tyranitar
|-immune|p1a: Tyranitar|[msg]
|
|-weather|Sandstorm|[upkeep]
|-damage|p2a: Alakazam|242\/258|[from] sandstorm
|turn|19
|
|switch|p2a: Breloom|Breloom, M|178\/261
|move|p1a: Tyranitar|Crunch|p2a: Breloom
|-resisted|p2a: Breloom
|-damage|p2a: Breloom|99\/261
|-unboost|p2a: Breloom|def|1
|
|-weather|Sandstorm|[upkeep]
|-damage|p2a: Breloom|83\/261|[from] sandstorm
|turn|20
|
|move|p2a: Breloom|Mach Punch|p1a: Tyranitar
|-supereffective|p1a: Tyranitar
|-damage|p1a: Tyranitar|1\/403
|move|p1a: Tyranitar|Ice Beam|p2a: Breloom
|-supereffective|p2a: Breloom
|-damage|p2a: Breloom|0 fnt
|faint|p2a: Breloom
|
|-weather|Sandstorm|[upkeep]
|
|switch|p2a: Alakazam|Alakazam-Mega, M|242\/258
|-ability|p2a: Alakazam|Sand Stream|[from] ability: Trace|[of] p1a: Tyranitar
|turn|21
|c|âFlyingSunray|exca wins
|c|âJack41|well ttar to real
|c|âFlyingSunray|lol
|
|move|p2a: Alakazam|Shadow Ball|p1a: Tyranitar
|-resisted|p1a: Tyranitar
|-damage|p1a: Tyranitar|0 fnt
|faint|p1a: Tyranitar
|
|-weather|Sandstorm|[upkeep]
|-damage|p2a: Alakazam|226\/258|[from] sandstorm
|c|âFlyingSunray|i think
|
|switch|p1a: Excadrill|Excadrill, F|361\/361
|turn|22
|c|âFlyingSunray|alakazam can beat
|c|âFlyingSunray|latios and char y tho
|
|move|p1a: Excadrill|Earthquake|p2a: Alakazam
|-damage|p2a: Alakazam|0 fnt
|-damage|p1a: Excadrill|325\/361|[from] item: Life Orb
|faint|p2a: Alakazam
|
|win|Jack41