|join|Wolf Bros
|join|FlyingSunray
|join|Oouska Wizard
|join|TruGeebs
|join|Vrin
|join|VivifiedVoltage
|join|aidnaspndasdp
|join|testingforfriend
|player|p1|Wolf Bros|168
|player|p2|FlyingSunray|288
|gametype|singles
|gen|6
|tier|OU
|clearpoke
|poke|p1|Sableye, M
|poke|p1|Excadrill, F
|poke|p1|Manaphy
|poke|p1|Gliscor, M
|poke|p1|Talonflame, M
|poke|p1|Clefable, F
|poke|p2|Venusaur, F
|poke|p2|Heatran, F
|poke|p2|Skarmory, F
|poke|p2|Gothitelle, F
|poke|p2|Manaphy
|poke|p2|Gengar, M
|rule|Swagger Clause: Swagger is banned
|rule|Baton Pass Clause: Limit one PokÃ©mon knowing Baton Pass
|rule|Sleep Clause Mod: Limit one foe put to sleep
|rule|Species Clause: Limit one of each PokÃ©mon
|rule|OHKO Clause: OHKO moves are banned
|rule|Moody Clause: Moody is banned
|rule|Evasion Moves Clause: Evasion moves are banned
|rule|Endless Battle Clause: Forcing endless battles is banned
|rule|HP Percentage Mod: HP is shown in percentages
|teampreview
|join|LordWienerButt
|c| aidnaspndasdp|gg
|join|kerog
|join|Stealthy Cookie
|join|Rooo
|join|TRK) teso24
|join|who can say iq
|join|Dark Aegislash
|c| VivifiedVoltage|At first glance, Wolf has the better team
|leave|TruGeebs
|
|start
|switch|p1a: Sableye|Sableye, M|303\/303
|switch|p2a: Venusaur|Venusaur, F|363\/363
|turn|1
|join|Nathan788
|join|racingkiller88
|c| VivifiedVoltage|Flying hasnt gotten this far for nothing though
|join|oijh
|join|Savagehr
|c| Savagehr|Finals Hype
|join|gsdgfsddfg
|c| gsdgfsddfg|http:\/\/www.smogon.com\/forums\/threads\/stallturn-semi-stall-peaked-1.3524372\/
|
|detailschange|p2a: Venusaur|Venusaur-Mega, F
|-mega|p2a: Venusaur|Venusaur|Venusaurite
|detailschange|p1a: Sableye|Sableye-Mega, M
|-mega|p1a: Sableye|Sableye|Sablenite
|move|p2a: Venusaur|Sludge Bomb|p1a: Sableye
|-resisted|p1a: Sableye
|-damage|p1a: Sableye|264\/303
|move|p1a: Sableye|Knock Off|p2a: Venusaur
|-damage|p2a: Venusaur|318\/363
|
|turn|2
|c| gsdgfsddfg|team
|c| aidnaspndasdp|commentators!!
|c| aidnaspndasdp|woohooo
|c|âFlyingSunray|ive already seen it that thread before
|c| VivifiedVoltage|12 % for 12 %
|join|gsdgfsddfg
|join|SA)Moonthief
|
|switch|p2a: Heatran|Heatran, F|386\/386
|move|p1a: Sableye|Knock Off|p2a: Heatran
|-damage|p2a: Heatran|289\/386
|-enditem|p2a: Heatran|Leftovers|[from] move: Knock Off|[of] p1a: Sableye
|
|turn|3
|c| gsdgfsddfg|just for those interested
|
|switch|p1a: Manaphy|Manaphy|401\/401
|move|p2a: Heatran|Lava Plume|p1a: Manaphy
|-resisted|p1a: Manaphy
|-damage|p1a: Manaphy|359\/401
|
|-heal|p1a: Manaphy|384\/401|[from] item: Leftovers
|turn|4
|join|who can say iq
|c| VivifiedVoltage|The Heatran should switch right here
|
|move|p1a: Manaphy|Scald|p2a: Heatran
|-supereffective|p2a: Heatran
|-damage|p2a: Heatran|145\/386
|move|p2a: Heatran|Lava Plume|p1a: Manaphy
|-resisted|p1a: Manaphy
|-damage|p1a: Manaphy|339\/401
|-status|p1a: Manaphy|brn
|
|-heal|p1a: Manaphy|364\/401 brn|[from] item: Leftovers
|-damage|p1a: Manaphy|314\/401 brn|[from] brn
|turn|5
|c| aidnaspndasdp|oh god!
|c| VivifiedVoltage|Wow!
|join|Stegosaurus21
|
|move|p1a: Manaphy|Rain Dance|p1a: Manaphy
|-weather|RainDance
|move|p2a: Heatran|Stealth Rock|p1a: Manaphy
|-sidestart|p1: Wolf Bros|move: Stealth Rock
|
|-weather|RainDance|[upkeep]
|-curestatus|p1a: Manaphy|brn
|-heal|p1a: Manaphy|339\/401|[from] item: Leftovers
|turn|6
|
|switch|p2a: Manaphy|Manaphy|404\/404
|move|p1a: Manaphy|U-turn|p2a: Manaphy
|-damage|p2a: Manaphy|352\/404
|c| VivifiedVoltage|And the counter with Hydration!
|join|BearyDeadly
|
|switch|p1a: Clefable|Clefable, F|393\/393
|-damage|p1a: Clefable|344\/393|[from] Stealth Rock
|
|-weather|RainDance|[upkeep]
|-heal|p2a: Manaphy|377\/404|[from] item: Leftovers
|-heal|p1a: Clefable|368\/393|[from] item: Leftovers
|turn|7
|
|switch|p1a: Excadrill|Excadrill, F|424\/424
|-damage|p1a: Excadrill|411\/424|[from] Stealth Rock
|-ability|p1a: Excadrill|Mold Breaker
|move|p2a: Manaphy|Scald|p1a: Excadrill
|-supereffective|p1a: Excadrill
|-damage|p1a: Excadrill|93\/424
|-status|p1a: Excadrill|brn
|
|-weather|RainDance|[upkeep]
|-heal|p2a: Manaphy|402\/404|[from] item: Leftovers
|-heal|p1a: Excadrill|119\/424 brn|[from] item: Leftovers
|-damage|p1a: Excadrill|66\/424 brn|[from] brn
|turn|8
|c| aidnaspndasdp|weird switch
|c| TRK) teso24|THE PLAYS
|leave|Vrin
|
|switch|p1a: Manaphy|Manaphy|339\/401
|-damage|p1a: Manaphy|289\/401|[from] Stealth Rock
|move|p2a: Manaphy|Scald|p1a: Manaphy
|-resisted|p1a: Manaphy
|-damage|p1a: Manaphy|220\/401
|
|-weather|RainDance|[upkeep]
|-heal|p2a: Manaphy|404\/404|[from] item: Leftovers
|-heal|p1a: Manaphy|245\/401|[from] item: Leftovers
|turn|9
|c| VivifiedVoltage|And the excadrill is crippled
|join|Vrin
|join|l123
|
|move|p2a: Manaphy|Tail Glow|p2a: Manaphy
|-boost|p2a: Manaphy|spa|3
|move|p1a: Manaphy|Scald|p2a: Manaphy
|-resisted|p2a: Manaphy
|-damage|p2a: Manaphy|338\/404
|
|-weather|none
|-heal|p2a: Manaphy|363\/404|[from] item: Leftovers
|-heal|p1a: Manaphy|270\/401|[from] item: Leftovers
|turn|10
|c| aidnaspndasdp|ohhh the set up
|
|switch|p1a: Clefable|Clefable, F|368\/393
|-damage|p1a: Clefable|319\/393|[from] Stealth Rock
|move|p2a: Manaphy|Scald|p1a: Clefable
|-damage|p1a: Clefable|214\/393
|-status|p1a: Clefable|brn
|
|-heal|p2a: Manaphy|388\/404|[from] item: Leftovers
|-heal|p1a: Clefable|238\/393 brn|[from] item: Leftovers
|-damage|p1a: Clefable|189\/393 brn|[from] brn
|turn|11
|c| VivifiedVoltage|Flying is setting up with his Manaphy
|c| aidnaspndasdp|unawere clefable
|c| VivifiedVoltage|DOUBLE BURN
|c| aidnaspndasdp|getting his moment
|
|switch|p2a: Gengar|Gengar, M|297\/297
|move|p1a: Clefable|Aromatherapy|p1a: Clefable
|-cureteam|p1a: Clefable|[from] move: Aromatherapy
|
|-heal|p1a: Clefable|213\/393|[from] item: Leftovers
|turn|12
|c| Savagehr|Clef can't win
|c| Savagehr|Burn gonna wreck
|c| Savagehr|Oh god
|c| Savagehr|Aroma
|join|808 & Heartbreak
|c| Vrin|clef would lose if it didnt have aroma and flyingsunray set up a rain dance
|join|Username6239
|c| aidnaspndasdp|intense battle, it could be anyones
|join|The Mimic
|c| Vrin|this is a very interesting matchup
|
|switch|p1a: Manaphy|Manaphy|270\/401
|-damage|p1a: Manaphy|220\/401|[from] Stealth Rock
|move|p2a: Gengar|Taunt|p1a: Manaphy
|-start|p1a: Manaphy|move: Taunt
|
|-heal|p1a: Manaphy|245\/401|[from] item: Leftovers
|turn|13
|c| Savagehr|Ow
|c| aidnaspndasdp|oh the predictiooons
|
|switch|p2a: Venusaur|Venusaur-Mega, F|318\/363
|move|p1a: Manaphy|Scald|p2a: Venusaur
|-resisted|p2a: Venusaur
|-damage|p2a: Venusaur|277\/363
|
|-heal|p1a: Manaphy|270\/401|[from] item: Leftovers
|turn|14
|c| Vrin|tauning clef wouldnt be bad either
|c| Vrin|tbh
|join|Villager B
|c| Vrin|not really a predict
|c| Vrin|just the safest play
|
|move|p1a: Manaphy|U-turn|p2a: Venusaur
|-damage|p2a: Venusaur|247\/363
|c| aidnaspndasdp|he goes into his counter now
|join|blch
|
|switch|p1a: Gliscor|Gliscor, M|353\/353
|-damage|p1a: Gliscor|309\/353|[from] Stealth Rock
|move|p2a: Venusaur|Giga Drain|p1a: Gliscor
|-damage|p1a: Gliscor|170\/353
|-heal|p2a: Venusaur|317\/363|[from] drain|[of] p1a: Gliscor
|
|-status|p1a: Gliscor|tox|[from] item: Toxic Orb
|turn|15
|join|Resuscitated Hope
|join|TruGeebs
|c| aidnaspndasdp|the stall is in the corner
|join|Cloud Ten
|
|move|p1a: Gliscor|Stealth Rock|p2a: Venusaur
|-sidestart|p2: FlyingSunray|move: Stealth Rock
|move|p2a: Venusaur|Giga Drain|p1a: Gliscor
|-damage|p1a: Gliscor|46\/353 tox
|-heal|p2a: Venusaur|363\/363|[from] drain|[of] p1a: Gliscor
|
|-heal|p1a: Gliscor|90\/353 tox|[from] ability: Poison Heal
|turn|16
|c| BearyDeadly|The stalls are real
|
|switch|p1a: Sableye|Sableye-Mega, M|264\/303
|-damage|p1a: Sableye|227\/303|[from] Stealth Rock
|move|p2a: Venusaur|Giga Drain|p1a: Sableye
|-damage|p1a: Sableye|158\/303
|
|turn|17
|join|SYMicky Mike
|c| aidnaspndasdp|here comes one of the most op mons in the meta right now
|join|TheThorn
|
|switch|p2a: Heatran|Heatran, F|145\/386
|-damage|p2a: Heatran|97\/386|[from] Stealth Rock
|move|p1a: Sableye|Recover|p1a: Sableye
|-heal|p1a: Sableye|303\/303
|
|turn|18
|join|bebekas98
|join|Sennto
|
|move|p2a: Heatran|Lava Plume|p1a: Sableye
|-damage|p1a: Sableye|221\/303
|move|p1a: Sableye|Foul Play|p2a: Heatran
|-damage|p2a: Heatran|27\/386
|
|turn|19
|c| Oouska Wizard|I run sylveon to mess up mega sableye
|
|switch|p1a: Manaphy|Manaphy|270\/401
|-damage|p1a: Manaphy|220\/401|[from] Stealth Rock
|move|p2a: Heatran|Lava Plume|p1a: Manaphy
|-resisted|p1a: Manaphy
|-damage|p1a: Manaphy|180\/401
|
|-heal|p1a: Manaphy|205\/401|[from] item: Leftovers
|turn|20
|c| Username6239|f*** megaeye
|c| kerog|fuck*
|join|Veex
|
|move|p1a: Manaphy|Rain Dance|p1a: Manaphy
|-weather|RainDance
|move|p2a: Heatran|Toxic|p1a: Manaphy|[miss]
|-miss|p2a: Heatran|p1a: Manaphy
|
|-weather|RainDance|[upkeep]
|-heal|p1a: Manaphy|230\/401|[from] item: Leftovers
|turn|21
|join|iasnobeert
|c| aidnaspndasdp|fkuc*
|c| kerog|de-pussfied
|
|move|p1a: Manaphy|Rest|p1a: Manaphy
|-status|p1a: Manaphy|slp
|-heal|p1a: Manaphy|401\/401 slp|[silent]
|-status|p1a: Manaphy|slp|[from] move: Rest
|move|p2a: Heatran|Lava Plume|p1a: Manaphy
|-resisted|p1a: Manaphy
|-damage|p1a: Manaphy|380\/401 slp
|
|-weather|RainDance|[upkeep]
|-curestatus|p1a: Manaphy|slp
|-heal|p1a: Manaphy|401\/401|[from] item: Leftovers
|turn|22
|c| Oouska Wizard|sylveon pixilate hyper voice can 2hko mega sableye
|join|Take The Dickers
|c| aidnaspndasdp|omg rest
|leave|iasnobeert
|c| aidnaspndasdp|im done
|join|Rabbi
|
|move|p1a: Manaphy|Scald|p2a: Heatran
|-supereffective|p2a: Heatran
|-damage|p2a: Heatran|0 fnt
|faint|p2a: Heatran
|
|-weather|RainDance|[upkeep]
|c| Take The Dickers|is wolf bros using
|c| Take The Dickers|the rmt
|join|iasnobeert
|c| Take The Dickers|oh i played flying sunray eariler
|c| TruGeebs|yea he is
|
|switch|p2a: Manaphy|Manaphy|388\/404
|-damage|p2a: Manaphy|338\/404|[from] Stealth Rock
|turn|23
|c| Take The Dickers|poopyhead rmt vs legit team
|c| Take The Dickers|this should be fun
|c| who can say iq|its a legit rmt
|c| Take The Dickers|*faggoot
|c| who can say iq|pretty creative
|c| Take The Dickers|yeah but its still a rmt
|join|whut hut
|
|move|p2a: Manaphy|Tail Glow|p2a: Manaphy
|-boost|p2a: Manaphy|spa|3
|move|p1a: Manaphy|U-turn|p2a: Manaphy
|-damage|p2a: Manaphy|286\/404
|c| aidnaspndasdp|flying matchup its REALLY BAD
|c| aidnaspndasdp|right now
|
|switch|p1a: Clefable|Clefable, F|213\/393
|-damage|p1a: Clefable|164\/393|[from] Stealth Rock
|
|-weather|RainDance|[upkeep]
|-heal|p2a: Manaphy|311\/404|[from] item: Leftovers
|-heal|p1a: Clefable|188\/393|[from] item: Leftovers
|turn|24
|c| who can say iq|if there was a problem with ppl using it he wouldnt have posted it xD
|join|Blazemaster1420
|
|move|p2a: Manaphy|Scald|p1a: Clefable
|-damage|p1a: Clefable|19\/393
|move|p1a: Clefable|Moonlight|p1a: Clefable
|-heal|p1a: Clefable|117\/393
|
|-weather|none
|-heal|p2a: Manaphy|336\/404|[from] item: Leftovers
|-heal|p1a: Clefable|141\/393|[from] item: Leftovers
|turn|25
|c| aidnaspndasdp|OMG
|c| who can say iq|moonlight
|c| who can say iq|lol
|c| aidnaspndasdp|the rain
|join|R.E.E.Z.Z
|c| aidnaspndasdp|saves the day
|join|Aelia07
|leave|Aelia07
|join|Aelia07
|leave|Aelia07
|c| TruGeebs|no it doesn't
|
|move|p2a: Manaphy|Scald|p1a: Clefable
|-damage|p1a: Clefable|29\/393
|move|p1a: Clefable|Moonlight|p1a: Clefable
|-heal|p1a: Clefable|225\/393
|
|-heal|p2a: Manaphy|361\/404|[from] item: Leftovers
|-heal|p1a: Clefable|249\/393|[from] item: Leftovers
|turn|26
|c| Username6239|doesn't restore much in rain
|c| Vrin|being forced to run moonlight
|join|Aelia07
|c| Vrin|hurts
|c| Take The Dickers|that a bs
|c| Take The Dickers|roll
|c| who can say iq|cant you go softboiled heal bell?
|c| TruGeebs|the rain boosted scald
|c| who can say iq|or no
|c| aidnaspndasdp|yea
|c| aidnaspndasdp|wasnt a roll
|c| TruGeebs|so it wasn't a roll
|c| Username6239|use another tail glow
|
|switch|p2a: Venusaur|Venusaur-Mega, F|363\/363
|-damage|p2a: Venusaur|318\/363|[from] Stealth Rock
|move|p1a: Clefable|Moonlight|p1a: Clefable
|-heal|p1a: Clefable|393\/393
|
|turn|27
|c| Savagehr|You can't Softboiled on Unaware Clef
|c| Savagehr|It's illegal
|leave|BearyDeadly
|c| TruGeebs|stall out the moonlight pp
|c| who can say iq|moonlight only has 8 pp tho right
|c| TruGeebs|imo
|c| Username6239|U shouldve tail glowed agen
|c| who can say iq|yeah
|c| TruGeebs|unaware
|
|switch|p1a: Gliscor|Gliscor, M|90\/353 tox
|-damage|p1a: Gliscor|46\/353 tox|[from] Stealth Rock
|move|p2a: Venusaur|Sludge Bomb|p1a: Gliscor
|-resisted|p1a: Gliscor
|-damage|p1a: Gliscor|0 fnt
|faint|p1a: Gliscor
|
|leave|R.E.E.Z.Z
|
|switch|p1a: Excadrill|Excadrill, F|66\/424
|-damage|p1a: Excadrill|53\/424|[from] Stealth Rock
|-ability|p1a: Excadrill|Mold Breaker
|turn|28
|c| aidnaspndasdp|username go away stop saying stupid things
|c| aidnaspndasdp|he was unaware
|c| aidnaspndasdp|!!!
|leave|Resuscitated Hope
|
|move|p1a: Excadrill|Rapid Spin|p2a: Venusaur
|-damage|p2a: Venusaur|306\/363
|-sideend|p1: Wolf Bros|Stealth Rock|[from] move: Rapid Spin|[of] p1a: Excadrill
|move|p2a: Venusaur|Hidden Power|p1a: Excadrill
|-supereffective|p1a: Excadrill
|-damage|p1a: Excadrill|0 fnt
|faint|p1a: Excadrill
|
|join|blast95
|c| Savagehr|D'oh Mantine is winning
|
|switch|p1a: Talonflame|Talonflame, M|345\/345
|turn|29
|c| aidnaspndasdp|he is going for the talonflame late sweeo
|c| aidnaspndasdp|sweep*
|c| Aelia07|talon will be the man
|join|looiiyut
|c| TRK) teso24|sludge spam
|c| Username6239|Yeah
|c| TRK) teso24|and ggg
|leave|l123
|c| TRK) teso24|depends on the manaphy life
|c| Savagehr|Manaphy at 90
|c| who can say iq|talon has taunt
|c| TRK) teso24|meh he cant kill manaphy
|c| TRK) teso24|not sweep
|leave|looiiyut
|
|switch|p2a: Skarmory|Skarmory, F|333\/333
|-damage|p2a: Skarmory|292\/333|[from] Stealth Rock
|move|p1a: Talonflame|Brave Bird|p2a: Skarmory
|-resisted|p2a: Skarmory
|-damage|p2a: Skarmory|241\/333
|-damage|p1a: Talonflame|328\/345|[from] recoil|[of] p2a: Skarmory
|
|-heal|p1a: Talonflame|345\/345|[from] item: Leftovers
|turn|30
|leave|Nathan788
|join|Bombe Humaine
|join|Soulblaster
|
|move|p1a: Talonflame|Taunt|p2a: Skarmory
|-start|p2a: Skarmory|move: Taunt
|move|p2a: Skarmory|Brave Bird|p1a: Talonflame
|-damage|p1a: Talonflame|183\/345
|-damage|p2a: Skarmory|188\/333|[from] recoil|[of] p1a: Talonflame
|
|-heal|p1a: Talonflame|204\/345|[from] item: Leftovers
|turn|31
|c| TruGeebs|yyeeesss
|c| whut hut|yas
|leave|SA)Moonthief
|c| whut hut|lalal
|c| Savagehr|Skarm actually does damage?
|
|switch|p2a: Gothitelle|Gothitelle, F|343\/343
|-damage|p2a: Gothitelle|301\/343|[from] Stealth Rock
|move|p1a: Talonflame|Roost|p1a: Talonflame
|-heal|p1a: Talonflame|345\/345
|
|-heal|p2a: Gothitelle|322\/343|[from] item: Leftovers
|turn|32
|c| Savagehr|Why the fuck does that happen
|join|Like me 2
|c| who can say iq|120 bp stab
|c| aidnaspndasdp|GG
|leave|Like me 2
|
|move|p1a: Talonflame|Brave Bird|p2a: Gothitelle
|-damage|p2a: Gothitelle|153\/343
|-damage|p1a: Talonflame|289\/345|[from] recoil|[of] p2a: Gothitelle
|move|p2a: Gothitelle|Thunderbolt|p1a: Talonflame
|-supereffective|p1a: Talonflame
|-damage|p1a: Talonflame|105\/345
|
|-heal|p1a: Talonflame|126\/345|[from] item: Leftovers
|-heal|p2a: Gothitelle|174\/343|[from] item: Leftovers
|turn|33
|c| TRK) teso24|oh mai gad
|c| Soulblaster|balk
|
|move|p1a: Talonflame|Brave Bird|p2a: Gothitelle
|-damage|p2a: Gothitelle|0 fnt
|-damage|p1a: Talonflame|69\/345|[from] recoil|[of] p2a: Gothitelle
|faint|p2a: Gothitelle
|
|-heal|p1a: Talonflame|90\/345|[from] item: Leftovers
|join|Benhart
|c| TRK) teso24|lol
|c| Savagehr|D'oh
|c| TRK) teso24|the rolls
|
|switch|p2a: Manaphy|Manaphy|361\/404
|-damage|p2a: Manaphy|311\/404|[from] Stealth Rock
|turn|34
|leave|Benhart
|c| Savagehr|Wolf Bros is pr0 gambler
|c| TruGeebs|he has nothing for sableye
|leave|Stealthy Cookie
|c| who can say iq|manaphy beats sableye
|
|switch|p1a: Clefable|Clefable, F|393\/393
|move|p2a: Manaphy|Scald|p1a: Clefable
|-damage|p1a: Clefable|285\/393
|
|-heal|p2a: Manaphy|336\/404|[from] item: Leftovers
|-heal|p1a: Clefable|309\/393|[from] item: Leftovers
|turn|35
|join|Churmp Eevee
|c| TruGeebs|oh yea i forgot it doesn't have CM
|join|Bundy
|c| Aelia07|manaphy stomps it hard
|
|switch|p2a: Gengar|Gengar, M|297\/297
|-damage|p2a: Gengar|260\/297|[from] Stealth Rock
|move|p1a: Clefable|Moonblast|p2a: Gengar
|-resisted|p2a: Gengar
|-damage|p2a: Gengar|189\/297
|
|-heal|p2a: Gengar|207\/297|[from] item: Black Sludge
|-heal|p1a: Clefable|333\/393|[from] item: Leftovers
|turn|36
|join|Psywaves
|join|BIGSTEELIX
|c| Aelia07|ouch
|c| who can say iq|even with cm id think tail glow could break it
|join|gyk
|leave|gyk
|c| Bundy|MEw destroys ur team
|c| Savagehr|^
|c| TRK) teso24|U N A W A R E
|c| Aelia07|it does
|
|switch|p1a: Manaphy|Manaphy|401\/401
|move|p2a: Gengar|Shadow Ball|p1a: Manaphy
|-damage|p1a: Manaphy|313\/401
|
|-heal|p2a: Gengar|225\/297|[from] item: Black Sludge
|-heal|p1a: Manaphy|338\/401|[from] item: Leftovers
|turn|37
|c| Aelia07|^^
|c| TRK) teso24|S A B L E Y E M E G A
|leave|Blazemaster1420
|join|Little hemorrhoid
|
|switch|p2a: Venusaur|Venusaur-Mega, F|306\/363
|-damage|p2a: Venusaur|261\/363|[from] Stealth Rock
|move|p1a: Manaphy|Scald|p2a: Venusaur
|-resisted|p2a: Venusaur
|-damage|p2a: Venusaur|219\/363
|
|-heal|p1a: Manaphy|363\/401|[from] item: Leftovers
|turn|38
|leave|BIGSTEELIX
|c| Aelia07|who can say : talking about xp here. AT + 3 and him at +2 you 2HKO him easy
|
|move|p1a: Manaphy|U-turn|p2a: Venusaur
|-damage|p2a: Venusaur|189\/363
|leave|Psywaves
|
|switch|p1a: Sableye|Sableye-Mega, M|221\/303
|move|p2a: Venusaur|Sludge Bomb|p1a: Sableye
|-resisted|p1a: Sableye
|-damage|p1a: Sableye|182\/303
|-status|p1a: Sableye|psn
|
|-damage|p1a: Sableye|145\/303 psn|[from] psn
|turn|39
|c| aidnaspndasdp|YEEES
|c| TRK) teso24|lol
|c| who can say iq|yeah and with poison too
|c| TruGeebs|that hurts
|c| TRK) teso24|ggggg
|c| Username6239|Lucky
|c| Savagehr|olawd
|c| aidnaspndasdp|aromatherapy thp
|c| aidnaspndasdp|tho
|
|move|p2a: Venusaur|Synthesis|p2a: Venusaur
|-heal|p2a: Venusaur|363\/363
|move|p1a: Sableye|Will-O-Wisp|p2a: Venusaur|[miss]
|-miss|p1a: Sableye|p2a: Venusaur
|
|-damage|p1a: Sableye|108\/303 psn|[from] psn
|turn|40
|join|Kuraineko2
|c| who can say iq|doesnt have time to use aroma
|c| TRK) teso24|HAHAHA
|c| Username6239|More lucky
|c| TruGeebs|hey when you play stall you increase the chances these things will happen
|
|move|p2a: Venusaur|Giga Drain|p1a: Sableye
|-crit|p1a: Sableye
|-damage|p1a: Sableye|12\/303 psn
|move|p1a: Sableye|Recover|p1a: Sableye
|-heal|p1a: Sableye|164\/303 psn
|
|-damage|p1a: Sableye|127\/303 psn|[from] psn
|turn|41
|c| aidnaspndasdp|i love the name of the team
|c| aidnaspndasdp|StallTurn - semi-stall
|c| aidnaspndasdp|"semi"
|c| aidnaspndasdp|key word
|c| TruGeebs|i mean talon
|
|move|p2a: Venusaur|Giga Drain|p1a: Sableye
|-damage|p1a: Sableye|58\/303 psn
|move|p1a: Sableye|Will-O-Wisp|p2a: Venusaur
|-status|p2a: Venusaur|brn
|
|-damage|p2a: Venusaur|318\/363 brn|[from] brn
|-damage|p1a: Sableye|21\/303 psn|[from] psn
|turn|42
|join|bluri
|join|anus pains
|c| aidnaspndasdp|omg it survived the poison
|
|move|p2a: Venusaur|Giga Drain|p1a: Sableye
|-damage|p1a: Sableye|0 fnt
|-heal|p2a: Venusaur|329\/363 brn|[from] drain|[of] p1a: Sableye
|faint|p1a: Sableye
|
|-damage|p2a: Venusaur|284\/363 brn|[from] brn
|join|Ghum1
|leave|bluri
|c| aidnaspndasdp|now
|
|switch|p1a: Talonflame|Talonflame, M|90\/345
|turn|43
|c| anus pains|top tourney match is two stall teams
|c| anus pains|wow color me surprised
|c| aidnaspndasdp|yea anus pains
|c| who can say iq|*semi stall
|c| TRK) teso24|^
|
|move|p1a: Talonflame|Roost|p1a: Talonflame
|-heal|p1a: Talonflame|263\/345
|move|p2a: Venusaur|Sludge Bomb|p1a: Talonflame
|-damage|p1a: Talonflame|85\/345
|
|-heal|p1a: Talonflame|106\/345|[from] item: Leftovers
|-damage|p2a: Venusaur|239\/363 brn|[from] brn
|turn|44
|join|Top Professional
|join|Matheo12345
|c| testingforfriend|imguessing thats stall breaker gar?
|join|LadderSoTall
|c| Username6239|44 turns tho
|
|switch|p2a: Skarmory|Skarmory, F|188\/333
|-damage|p2a: Skarmory|147\/333|[from] Stealth Rock
|move|p1a: Talonflame|Roost|p1a: Talonflame
|-heal|p1a: Talonflame|279\/345
|
|-heal|p1a: Talonflame|300\/345|[from] item: Leftovers
|turn|45
|c| aidnaspndasdp|oh
|leave|Aelia07
|
|move|p1a: Talonflame|Will-O-Wisp|p2a: Skarmory
|-status|p2a: Skarmory|brn
|move|p2a: Skarmory|Defog|p1a: Talonflame
|-unboost|p1a: Talonflame|evasion|1
|-sideend|p2: FlyingSunray|Stealth Rock|[from] move: Defog|[of] p2a: Skarmory
|
|-heal|p1a: Talonflame|321\/345|[from] item: Leftovers
|-damage|p2a: Skarmory|106\/333 brn|[from] brn
|turn|46
|join|Aelia07
|c| TRK) teso24|he fucked it
|
|move|p1a: Talonflame|Taunt|p2a: Skarmory
|-start|p2a: Skarmory|move: Taunt
|cant|p2a: Skarmory|move: Taunt|Whirlwind
|
|-heal|p1a: Talonflame|342\/345|[from] item: Leftovers
|-damage|p2a: Skarmory|65\/333 brn|[from] brn
|turn|47
|c| who can say iq|manaphy wins for sunray?
|c| TRK) teso24|nop
|c| aidnaspndasdp|dont think so
|c| TRK) teso24|unaware
|c| Bundy|PATHETIC
|c| TRK teso24|xd
|c| testingforfriend|if the clef gets burned in the rain enough maybe
|c| aidnaspndasdp|flying is CHOKING THIS GAME AWAY
|c| Bundy|Wolf auto wins cus gothithelle imo
|
|switch|p1a: Manaphy|Manaphy|363\/401
|move|p2a: Skarmory|Brave Bird|p1a: Manaphy
|-damage|p1a: Manaphy|309\/401
|-damage|p2a: Skarmory|47\/333 brn|[from] recoil|[of] p1a: Manaphy
|
|-heal|p1a: Manaphy|334\/401|[from] item: Leftovers
|-damage|p2a: Skarmory|6\/333 brn|[from] brn
|turn|48
|c| who can say iq|id say manaphy beats clef
|c| TRK teso24|its gg
|
|move|p1a: Manaphy|U-turn|p2a: Skarmory
|-resisted|p2a: Skarmory
|-damage|p2a: Skarmory|0 fnt
|faint|p2a: Skarmory
|c| anus pains|wat
|c| TRK teso24|if clefa have cm
|
|switch|p1a: Talonflame|Talonflame, M|342\/345
|
|-heal|p1a: Talonflame|345\/345|[from] item: Leftovers
|c| TRK teso24|is gg
|c| who can say iq|http:\/\/www.smogon.com\/forums\/threads\/stallturn-semi-stall-peaked-1.3524372\/
|c| who can say iq|no cm
|c| TRK teso24|if not gg sunray
|join|flubzor
|c| who can say iq|oh jk
|c| who can say iq|he does have cm
|c| anus pains|if he sends in manaphy here
|c| anus pains|he can force a trade
|c| Aelia07|this is a crucial moment
|
|switch|p2a: Gengar|Gengar, M|225\/297
|turn|49
|join|FasterThanDeoxys-S
|c| anus pains|but then he cant kill venusaur
|c| aidnaspndasdp|thats gg
|join|HighTest
|c| Aelia07|OHKO on geng
|
|switch|p1a: Manaphy|Manaphy|334\/401
|move|p2a: Gengar|Shadow Ball|p1a: Manaphy
|-damage|p1a: Manaphy|240\/401
|
|-heal|p2a: Gengar|243\/297|[from] item: Black Sludge
|-heal|p1a: Manaphy|265\/401|[from] item: Leftovers
|turn|50
|join|Reskk
|
|switch|p2a: Venusaur|Venusaur-Mega, F|239\/363 brn
|move|p1a: Manaphy|Scald|p2a: Venusaur
|-resisted|p2a: Venusaur
|-damage|p2a: Venusaur|200\/363 brn
|
|-heal|p1a: Manaphy|290\/401|[from] item: Leftovers
|-damage|p2a: Venusaur|155\/363 brn|[from] brn
|turn|51
|
|move|p1a: Manaphy|U-turn|p2a: Venusaur
|-damage|p2a: Venusaur|121\/363 brn
|join|BearyDeadly
|
|switch|p1a: Talonflame|Talonflame, M|345\/345
|move|p2a: Venusaur|Sludge Bomb|p1a: Talonflame
|-damage|p1a: Talonflame|188\/345
|-status|p1a: Talonflame|psn
|
|-heal|p1a: Talonflame|209\/345 psn|[from] item: Leftovers
|-damage|p1a: Talonflame|166\/345 psn|[from] psn
|-damage|p2a: Venusaur|76\/363 brn|[from] brn
|turn|52
|join|Alakabamm
|c| Villager B|holy
|c| Username6239|O_O
|c| Villager B|clutch venu
|c| who can say iq|the sludge bomb doing work
|c| anus pains|why not sack clef
|c| Bundy|keksuuu
|c| Savagehr|Well-trained Venusaur
|c| Username6239|Closest game I've ever seen
|c| Bundy|brave if brave
|
|switch|p2a: Gengar|Gengar, M|243\/297
|move|p1a: Talonflame|Brave Bird|p2a: Gengar
|-damage|p2a: Gengar|0 fnt
|-damage|p1a: Talonflame|86\/345 psn|[from] recoil|[of] p2a: Gengar
|faint|p2a: Gengar
|
|-heal|p1a: Talonflame|107\/345 psn|[from] item: Leftovers
|-damage|p1a: Talonflame|64\/345 psn|[from] psn
|c| Reskk|rekt
|leave|Bombe Humaine
|c| Reskk|#talonflame for ubers
|
|switch|p2a: Manaphy|Manaphy|336\/404
|turn|53
|join|deathbored
|join|aesdbsdbnad
|
|switch|p1a: Manaphy|Manaphy|290\/401
|switch|p2a: Venusaur|Venusaur-Mega, F|76\/363 brn
|
|-heal|p1a: Manaphy|315\/401|[from] item: Leftovers
|-damage|p2a: Venusaur|31\/363 brn|[from] brn
|turn|54
|c| Bundy|kekeelomee
|c| aesdbsdbnad|weird switch
|c| Bundy|?
|c| testingforfriend|not really, if the other mana stayed in
|c| Bundy|he predicted the switch
|c| testingforfriend|this mana could uturn
|c| testingforfriend|oh and that
|c| Reskk|gg
|c| aesdbsdbnad|tail glow cant win i  think
|c| aesdbsdbnad|:l!
|c| Villager B|he needs the talon flame alive, that was the only way he could take the game back
|
|move|p1a: Manaphy|Scald|p2a: Venusaur
|-crit|p2a: Venusaur
|-resisted|p2a: Venusaur
|-damage|p2a: Venusaur|0 fnt
|faint|p2a: Venusaur
|
|-heal|p1a: Manaphy|340\/401|[from] item: Leftovers
|c| Villager B|switch was pretty obvi
|c| who can say iq|cm clef
|c| who can say iq|could do it
|c| Bundy|crit gg
|
|switch|p2a: Manaphy|Manaphy|336\/404
|turn|55
|c| aesdbsdbnad|that crit made the game
|c| anus pains|well trained manaphy
|c| Savagehr|Clef has to Aroma the Talon
|c| Savagehr|imo
|c| Bundy|for wha
|c| Aelia07|oO
|c| Aelia07|2 weird swotches
|c| Aelia07|crits!
|
|switch|p1a: Clefable|Clefable, F|333\/393
|move|p2a: Manaphy|Tail Glow|p2a: Manaphy
|-boost|p2a: Manaphy|spa|3
|
|-heal|p2a: Manaphy|361\/404|[from] item: Leftovers
|-heal|p1a: Clefable|357\/393|[from] item: Leftovers
|turn|56
|c| Reskk|gg
|c| testingforfriend|crit didnt matter :P
|join|ORAS Bennard
|c| Savagehr|Time to CM
|c| aesdbsdbnad|dont you say!
|
|move|p2a: Manaphy|Scald|p1a: Clefable
|-damage|p1a: Clefable|242\/393
|move|p1a: Clefable|Calm Mind|p1a: Clefable
|-boost|p1a: Clefable|spa|1
|-boost|p1a: Clefable|spd|1
|
|-heal|p2a: Manaphy|386\/404|[from] item: Leftovers
|-heal|p1a: Clefable|266\/393|[from] item: Leftovers
|turn|57
|c| Bundy|choke le breu
|c| aesdbsdbnad|gg
|c| Username6239|How duz unaware just ignore stat changes?
|c| Rooo|sad
|c| VivifiedVoltage|Guys
|c| who can say iq|rain dance and crit him
|c| testingforfriend|its unaware of stat changes
|
|move|p2a: Manaphy|Scald|p1a: Clefable
|-damage|p1a: Clefable|191\/393
|move|p1a: Clefable|Moonlight|p1a: Clefable
|-heal|p1a: Clefable|387\/393
|
|-heal|p2a: Manaphy|404\/404|[from] item: Leftovers
|-heal|p1a: Clefable|393\/393|[from] item: Leftovers
|turn|58
|c| Villager B|rain dance imo
|leave|Top Professional
|c| VivifiedVoltage|Remember at the start of the match
|c| Reskk|gg
|
|move|p2a: Manaphy|Scald|p1a: Clefable
|-damage|p1a: Clefable|315\/393
|move|p1a: Clefable|Calm Mind|p1a: Clefable
|-boost|p1a: Clefable|spa|1
|-boost|p1a: Clefable|spd|1
|
|-heal|p1a: Clefable|339\/393|[from] item: Leftovers
|turn|59
|c| VivifiedVoltage|When we said Clef would be dead
|c| Veex|double tail glow if real
|c| Bundy|can u just kill
|c| anus pains|not even a crit kills rn
|c| Bundy|it 2hko's
|c| Username6239|Just because your uaware of something doesn't make it no there tho
|c|âFlyingSunray|Finish me up with moonblast, stop boosting
|c| Bundy|let it end by turn 60 nicely
|c| Villager B|sunray is practically throwing the match now anyway, just finish
|
|move|p2a: Manaphy|Scald|p1a: Clefable
|-damage|p1a: Clefable|278\/393
|move|p1a: Clefable|Moonblast|p2a: Manaphy
|-damage|p2a: Manaphy|209\/404
|-unboost|p2a: Manaphy|spa|1
|
|-heal|p2a: Manaphy|234\/404|[from] item: Leftovers
|-heal|p1a: Clefable|302\/393|[from] item: Leftovers
|turn|60
|c| who can say iq|could still crit
|c| Bundy|aw
|c| who can say iq|maybe
|c| who can say iq|not enough dmg tho
|
|move|p2a: Manaphy|Scald|p1a: Clefable
|-damage|p1a: Clefable|242\/393
|move|p1a: Clefable|Moonlight|p1a: Clefable
|-heal|p1a: Clefable|393\/393
|
|-heal|p2a: Manaphy|259\/404|[from] item: Leftovers
|turn|61
|c| aesdbsdbnad|the game was over like 10 turns ago, he choked hard
|c|âWolf Bros|gg
|leave|aesdbsdbnad
|c| anus pains|crit does 45%
|
|move|p2a: Manaphy|Ice Beam|p1a: Clefable
|-damage|p1a: Clefable|350\/393
|move|p1a: Clefable|Moonblast|p2a: Manaphy
|-damage|p2a: Manaphy|48\/404
|-unboost|p2a: Manaphy|spa|1
|
|-heal|p2a: Manaphy|73\/404|[from] item: Leftovers
|-heal|p1a: Clefable|374\/393|[from] item: Leftovers
|turn|62
|c| Bundy|gg
|c| anus pains|next scald does 15
|c| anus pains|he cant die rn
|c| who can say iq|*could still freeze
|
|move|p2a: Manaphy|Ice Beam|p1a: Clefable
|-damage|p1a: Clefable|328\/393
|move|p1a: Clefable|Moonblast|p2a: Manaphy
|-damage|p2a: Manaphy|0 fnt
|faint|p2a: Manaphy
|
|win|Wolf Bros
|c| SYMicky Mike|gg to both
|c| who can say iq|gg
|leave|Veex
|c| anus pains|gg
|leave|LadderSoTall
|c|âFlyingSunray|gg
|leave|Rooo
|leave|iasnobeert
|leave|Vrin
|leave|Bundy
|leave|who can say iq
|leave|FlyingSunray
|leave|SYMicky Mike
|leave|oijh
|leave|Savagehr
|leave|TRK teso24
|leave|Stegosaurus21
|c| Username6239|gg
|leave|testingforfriend
|leave|Reskk
|leave|flubzor
|leave|Dark Aegislash
|leave|racingkiller88
|leave|Matheo12345
|c|âWolf Bros|gg
|leave|LordWienerButt
|leave|Wolf Bros
|leave|Villager B
|player|p2
|leave|anus pains
|player|p1
|leave|HighTest
|leave|Soulblaster
|leave|TheThorn
|leave|Kuraineko2
|leave|Alakabamm
|leave|blast95
|leave|deathbored
|leave|BearyDeadly
|leave|whut hut
|leave|ORAS Bennard
|leave|blch
|leave|Cloud Ten
|join|Wolf Bros