|join|Delta Abomination
|join|FlyingSunray
|player|p1|Delta Abomination|153
|player|p2|FlyingSunray|288
|gametype|singles
|gen|6
|tier|OU
|clearpoke
|poke|p1|Celebi
|poke|p1|Charizard, M
|poke|p1|Keldeo
|poke|p1|Tyranitar, M
|poke|p1|Jirachi
|poke|p1|Thundurus, M
|poke|p2|Clefable, F
|poke|p2|Metagross
|poke|p2|Mandibuzz, F
|poke|p2|Landorus-Therian, M
|poke|p2|Keldeo-Resolute
|poke|p2|Talonflame, M
|rule|Swagger Clause: Swagger is banned
|rule|Baton Pass Clause: Limit one PokÃ©mon knowing Baton Pass
|rule|Sleep Clause Mod: Limit one foe put to sleep
|rule|Species Clause: Limit one of each PokÃ©mon
|rule|OHKO Clause: OHKO moves are banned
|rule|Moody Clause: Moody is banned
|rule|Evasion Moves Clause: Evasion moves are banned
|rule|Endless Battle Clause: Forcing endless battles is banned
|rule|HP Percentage Mod: HP is shown in percentages
|teampreview
|c|âDelta Abomination|gl hf
|c|âDelta Abomination|:)
|c|âFlyingSunray|Thanks you too
|
|start
|switch|p1a: Skull-Greymon|Charizard, M|359\/359
|switch|p2a: Metagross|Metagross|301\/301
|turn|1
|join|Veruin
|
|switch|p2a: Talonflame|Talonflame, M|297\/297
|detailschange|p1a: Skull-Greymon|Charizard-Mega-X, M
|-mega|p1a: Skull-Greymon|Charizard|Charizardite X
|move|p1a: Skull-Greymon|Will-O-Wisp|p2a: Talonflame
|-fail|p2a: Talonflame
|
|turn|2
|
|switch|p2a: Keldeo-Resolute|Keldeo-Resolute|323\/323
|switch|p1a: Thor|Thundurus, M|299\/299
|
|turn|3
|
|switch|p2a: Clefable|Clefable, F|394\/394
|move|p1a: Thor|Thunder Wave|p2a: Clefable
|-status|p2a: Clefable|par
|
|turn|4
|
|move|p1a: Thor|Hidden Power|p2a: Clefable
|-damage|p2a: Clefable|321\/394 par
|move|p2a: Clefable|Flamethrower|p1a: Thor
|-damage|p1a: Thor|221\/299
|
|-heal|p2a: Clefable|345\/394 par|[from] item: Leftovers
|turn|5
|
|switch|p1a: Make-a-Wish|Jirachi|404\/404
|cant|p2a: Clefable|par
|
|-heal|p2a: Clefable|369\/394 par|[from] item: Leftovers
|turn|6
|
|switch|p2a: Mandibuzz|Mandibuzz, F|423\/423
|move|p1a: Make-a-Wish|U-turn|p2a: Mandibuzz
|-damage|p2a: Mandibuzz|378\/423
|
|switch|p1a: Charlie|Keldeo|323\/323
|
|-heal|p2a: Mandibuzz|404\/423|[from] item: Leftovers
|turn|7
|
|switch|p2a: Clefable|Clefable, F|369\/394 par
|move|p1a: Charlie|Substitute|p1a: Charlie
|-start|p1a: Charlie|Substitute
|-damage|p1a: Charlie|243\/323
|
|-heal|p1a: Charlie|263\/323|[from] item: Leftovers
|-heal|p2a: Clefable|393\/394 par|[from] item: Leftovers
|turn|8
|
|move|p1a: Charlie|Calm Mind|p1a: Charlie
|-boost|p1a: Charlie|spa|1
|-boost|p1a: Charlie|spd|1
|move|p2a: Clefable|Moonblast|p1a: Charlie
|-supereffective|p1a: Charlie
|-end|p1a: Charlie|Substitute
|
|-heal|p1a: Charlie|283\/323|[from] item: Leftovers
|-heal|p2a: Clefable|394\/394 par|[from] item: Leftovers
|turn|9
|
|move|p1a: Charlie|Substitute|p1a: Charlie
|-start|p1a: Charlie|Substitute
|-damage|p1a: Charlie|203\/323
|move|p2a: Clefable|Moonblast|p1a: Charlie
|-supereffective|p1a: Charlie
|-end|p1a: Charlie|Substitute
|
|-heal|p1a: Charlie|223\/323|[from] item: Leftovers
|turn|10
|
|move|p1a: Charlie|Substitute|p1a: Charlie
|-start|p1a: Charlie|Substitute
|-damage|p1a: Charlie|143\/323
|move|p2a: Clefable|Moonblast|p1a: Charlie
|-supereffective|p1a: Charlie
|-end|p1a: Charlie|Substitute
|
|-heal|p1a: Charlie|163\/323|[from] item: Leftovers
|turn|11
|
|move|p1a: Charlie|Substitute|p1a: Charlie
|-start|p1a: Charlie|Substitute
|-damage|p1a: Charlie|83\/323
|move|p2a: Clefable|Moonblast|p1a: Charlie
|-supereffective|p1a: Charlie
|-end|p1a: Charlie|Substitute
|
|-heal|p1a: Charlie|103\/323|[from] item: Leftovers
|turn|12
|
|move|p1a: Charlie|Substitute|p1a: Charlie
|-start|p1a: Charlie|Substitute
|-damage|p1a: Charlie|23\/323
|cant|p2a: Clefable|par
|
|-heal|p1a: Charlie|43\/323|[from] item: Leftovers
|turn|13
|
|move|p1a: Charlie|Scald|p2a: Clefable
|-damage|p2a: Clefable|217\/394 par
|move|p2a: Clefable|Moonblast|p1a: Charlie
|-supereffective|p1a: Charlie
|-end|p1a: Charlie|Substitute
|
|-heal|p1a: Charlie|63\/323|[from] item: Leftovers
|-heal|p2a: Clefable|241\/394 par|[from] item: Leftovers
|turn|14
|
|move|p1a: Charlie|Scald|p2a: Clefable
|-damage|p2a: Clefable|60\/394 par
|cant|p2a: Clefable|par
|
|-heal|p1a: Charlie|83\/323|[from] item: Leftovers
|-heal|p2a: Clefable|84\/394 par|[from] item: Leftovers
|turn|15
|
|move|p1a: Charlie|Substitute|p1a: Charlie
|-start|p1a: Charlie|Substitute
|-damage|p1a: Charlie|3\/323
|move|p2a: Clefable|Moonblast|p1a: Charlie
|-supereffective|p1a: Charlie
|-end|p1a: Charlie|Substitute
|
|-heal|p1a: Charlie|23\/323|[from] item: Leftovers
|-heal|p2a: Clefable|108\/394 par|[from] item: Leftovers
|turn|16
|
|move|p1a: Charlie|Scald|p2a: Clefable
|-damage|p2a: Clefable|0 fnt
|faint|p2a: Clefable
|
|-heal|p1a: Charlie|43\/323|[from] item: Leftovers
|
|switch|p2a: Talonflame|Talonflame, M|297\/297
|turn|17
|
|move|p2a: Talonflame|Brave Bird|p1a: Charlie
|-crit|p1a: Charlie
|-supereffective|p1a: Charlie
|-damage|p1a: Charlie|0 fnt
|-damage|p2a: Talonflame|283\/297|[from] recoil|[of] p1a: Charlie
|faint|p1a: Charlie
|
|
|switch|p1a: Thor|Thundurus, M|221\/299
|turn|18
|
|move|p1a: Thor|Thunder Wave|p2a: Talonflame
|-status|p2a: Talonflame|par
|move|p2a: Talonflame|Flare Blitz|p1a: Thor
|-damage|p1a: Thor|11\/299
|-damage|p2a: Talonflame|214\/297 par|[from] recoil|[of] p1a: Thor
|
|turn|19
|
|switch|p1a: Gojira|Tyranitar, M|341\/341
|-weather|Sandstorm
|move|p2a: Talonflame|Brave Bird|p1a: Gojira
|-resisted|p1a: Gojira
|-damage|p1a: Gojira|259\/341
|-damage|p2a: Talonflame|187\/297 par|[from] recoil|[of] p1a: Gojira
|
|-weather|Sandstorm|[upkeep]
|-damage|p2a: Talonflame|169\/297 par|[from] sandstorm
|turn|20
|
|move|p1a: Gojira|Pursuit|p2a: Talonflame|[from]Pursuit
|-damage|p2a: Talonflame|0 fnt
|faint|p2a: Talonflame
|
|-weather|Sandstorm|[upkeep]
|
|switch|p2a: Keldeo-Resolute|Keldeo-Resolute|323\/323
|turn|21
|join|Boikachu
|
|switch|p1a: Tinker|Celebi|360\/360
|move|p2a: Keldeo-Resolute|Substitute|p2a: Keldeo-Resolute
|-start|p2a: Keldeo-Resolute|Substitute
|-damage|p2a: Keldeo-Resolute|243\/323
|
|-weather|Sandstorm|[upkeep]
|-damage|p2a: Keldeo-Resolute|223\/323|[from] sandstorm
|-damage|p1a: Tinker|338\/360|[from] sandstorm
|-heal|p2a: Keldeo-Resolute|243\/323|[from] item: Leftovers
|-heal|p1a: Tinker|360\/360|[from] item: Leftovers
|turn|22
|join|DragonOwl678
|
|move|p2a: Keldeo-Resolute|Scald|p1a: Tinker
|-resisted|p1a: Tinker
|-damage|p1a: Tinker|285\/360
|move|p1a: Tinker|Giga Drain|p2a: Keldeo-Resolute
|-supereffective|p2a: Keldeo-Resolute
|-end|p2a: Keldeo-Resolute|Substitute
|-heal|p1a: Tinker|325\/360|[from] drain|[of] p2a: Keldeo-Resolute
|
|-weather|Sandstorm|[upkeep]
|-damage|p2a: Keldeo-Resolute|223\/323|[from] sandstorm
|-damage|p1a: Tinker|303\/360|[from] sandstorm
|-heal|p2a: Keldeo-Resolute|243\/323|[from] item: Leftovers
|-heal|p1a: Tinker|325\/360|[from] item: Leftovers
|turn|23
|
|switch|p2a: Metagross|Metagross|301\/301
|move|p1a: Tinker|Giga Drain|p2a: Metagross
|-crit|p2a: Metagross
|-resisted|p2a: Metagross
|-damage|p2a: Metagross|202\/301
|-heal|p1a: Tinker|360\/360|[from] drain|[of] p2a: Metagross
|
|-weather|none
|turn|24
|
|detailschange|p2a: Metagross|Metagross-Mega
|-mega|p2a: Metagross|Metagross|Metagrossite
|move|p1a: Tinker|Earth Power|p2a: Metagross
|-supereffective|p2a: Metagross
|-damage|p2a: Metagross|32\/301
|move|p2a: Metagross|Meteor Mash|p1a: Tinker
|-crit|p1a: Tinker
|-damage|p1a: Tinker|2\/360
|
|-heal|p1a: Tinker|24\/360|[from] item: Leftovers
|turn|25
|
|switch|p1a: Make-a-Wish|Jirachi|404\/404
|move|p2a: Metagross|Earthquake|p1a: Make-a-Wish
|-supereffective|p1a: Make-a-Wish
|-damage|p1a: Make-a-Wish|166\/404
|
|-heal|p1a: Make-a-Wish|191\/404|[from] item: Leftovers
|turn|26
|
|switch|p1a: Gojira|Tyranitar, M|259\/341
|-weather|Sandstorm
|move|p2a: Metagross|Ice Punch|p1a: Gojira
|-crit|p1a: Gojira
|-damage|p1a: Gojira|92\/341
|
|-weather|Sandstorm|[upkeep]
|turn|27
|
|move|p1a: Gojira|Pursuit|p2a: Metagross
|-supereffective|p2a: Metagross
|-damage|p2a: Metagross|0 fnt
|faint|p2a: Metagross
|
|-weather|Sandstorm|[upkeep]
|
|switch|p2a: Landorus-Therian|Landorus-Therian, M|379\/379
|-ability|p2a: Landorus-Therian|Intimidate|[of] p1a: Gojira
|-unboost|p1a: Gojira|atk|1
|turn|28
|
|move|p1a: Gojira|Pursuit|p2a: Landorus-Therian
|-damage|p2a: Landorus-Therian|339\/379
|move|p2a: Landorus-Therian|U-turn|p1a: Gojira
|-supereffective|p1a: Gojira
|-damage|p1a: Gojira|0 fnt
|faint|p1a: Gojira
|
|switch|p2a: Keldeo-Resolute|Keldeo-Resolute|243\/323
|
|-weather|Sandstorm|[upkeep]
|-damage|p2a: Keldeo-Resolute|223\/323|[from] sandstorm
|-heal|p2a: Keldeo-Resolute|243\/323|[from] item: Leftovers
|
|switch|p1a: Make-a-Wish|Jirachi|191\/404
|turn|29
|
|move|p2a: Keldeo-Resolute|Scald|p1a: Make-a-Wish
|-damage|p1a: Make-a-Wish|83\/404
|move|p1a: Make-a-Wish|Healing Wish|p1a: Make-a-Wish
|faint|p1a: Make-a-Wish
|
|-weather|Sandstorm|[upkeep]
|-damage|p2a: Keldeo-Resolute|223\/323|[from] sandstorm
|-heal|p2a: Keldeo-Resolute|243\/323|[from] item: Leftovers
|
|switch|p1a: Tinker|Celebi|24\/360
|-heal|p1a: Tinker|360\/360|[from] move: Healing Wish
|turn|30
|
|switch|p2a: Landorus-Therian|Landorus-Therian, M|339\/379
|-ability|p2a: Landorus-Therian|Intimidate|[of] p1a: Tinker
|-unboost|p1a: Tinker|atk|1
|switch|p1a: Thor|Thundurus, M|11\/299
|
|-weather|none
|-heal|p2a: Landorus-Therian|362\/379|[from] item: Leftovers
|turn|31
|
|move|p1a: Thor|Hidden Power|p2a: Landorus-Therian
|-supereffective|p2a: Landorus-Therian
|-damage|p2a: Landorus-Therian|0 fnt
|faint|p2a: Landorus-Therian
|
|c|âFlyingSunray|i thought i was scarf
|c|âFlyingSunray|lol
|c|âFlyingSunray|this is what happens when u use to many teams
|c|âDelta Abomination|my ttar outsped
|c|âFlyingSunray|oh yeah
|
|switch|p2a: Mandibuzz|Mandibuzz, F|404\/423
|turn|32
|
|move|p1a: Thor|Thunderbolt|p2a: Mandibuzz
|-supereffective|p2a: Mandibuzz
|-damage|p2a: Mandibuzz|98\/423
|move|p2a: Mandibuzz|Foul Play|p1a: Thor
|-damage|p1a: Thor|0 fnt
|faint|p1a: Thor
|
|-heal|p2a: Mandibuzz|124\/423|[from] item: Leftovers
|c|âFlyingSunray|what item is torn
|
|switch|p1a: Skull-Greymon|Charizard-Mega-X, M|359\/359
|turn|33
|c|âDelta Abomination|lol icicle plate
|c|âFlyingSunray|for real
|c|âFlyingSunray|lol
|
|switch|p2a: Keldeo-Resolute|Keldeo-Resolute|243\/323
|move|p1a: Skull-Greymon|Will-O-Wisp|p2a: Keldeo-Resolute
|-status|p2a: Keldeo-Resolute|brn
|
|-heal|p2a: Keldeo-Resolute|263\/323 brn|[from] item: Leftovers
|-damage|p2a: Keldeo-Resolute|223\/323 brn|[from] brn
|turn|34
|
|move|p2a: Keldeo-Resolute|Scald|p1a: Skull-Greymon
|-damage|p1a: Skull-Greymon|230\/359
|move|p1a: Skull-Greymon|Dragon Claw|p2a: Keldeo-Resolute
|-damage|p2a: Keldeo-Resolute|58\/323 brn
|
|-heal|p2a: Keldeo-Resolute|78\/323 brn|[from] item: Leftovers
|-damage|p2a: Keldeo-Resolute|38\/323 brn|[from] brn
|turn|35
|c|âDelta Abomination|gg
|
|move|p2a: Keldeo-Resolute|Scald|p1a: Skull-Greymon
|-damage|p1a: Skull-Greymon|109\/359
|move|p1a: Skull-Greymon|Dragon Claw|p2a: Keldeo-Resolute
|-damage|p2a: Keldeo-Resolute|0 fnt
|faint|p2a: Keldeo-Resolute
|
|c|âFlyingSunray|gg
|
|switch|p2a: Mandibuzz|Mandibuzz, F|124\/423
|turn|36
|
|move|p1a: Skull-Greymon|Dragon Claw|p2a: Mandibuzz
|-damage|p2a: Mandibuzz|0 fnt
|faint|p2a: Mandibuzz
|
|win|Delta Abomination
|leave|FlyingSunray
|player|p2
|leave|DragonOwl678