|join|terry41
|join|FlyingSunray
|player|p1|terry41|169
|player|p2|FlyingSunray|288
|gametype|singles
|gen|6
|tier|OU
|clearpoke
|poke|p1|Excadrill, M
|poke|p1|Lopunny, M
|poke|p1|Volcarona, M
|poke|p1|Tyranitar, M
|poke|p1|Azumarill, M
|poke|p1|Thundurus, M
|poke|p2|Lopunny, F
|poke|p2|Gengar, F
|poke|p2|Landorus-Therian, M
|poke|p2|Latias, F
|poke|p2|Bisharp, M
|poke|p2|Volcarona, F
|rule|Swagger Clause: Swagger is banned
|rule|Baton Pass Clause: Limit one PokÃ©mon knowing Baton Pass
|rule|Sleep Clause Mod: Limit one foe put to sleep
|rule|Species Clause: Limit one of each PokÃ©mon
|rule|OHKO Clause: OHKO moves are banned
|rule|Moody Clause: Moody is banned
|rule|Evasion Moves Clause: Evasion moves are banned
|rule|Endless Battle Clause: Forcing endless battles is banned
|rule|HP Percentage Mod: HP is shown in percentages
|teampreview
|
|start
|switch|p1a: Tyranitar|Tyranitar, M|403\/403
|switch|p2a: Lopunny|Lopunny, F|271\/271
|-weather|Sandstorm
|turn|1
|
|switch|p1a: Azumarill|Azumarill, M|358\/358
|detailschange|p2a: Lopunny|Lopunny-Mega, F
|-mega|p2a: Lopunny|Lopunny|Lopunnite
|move|p2a: Lopunny|High Jump Kick|p1a: Azumarill
|-resisted|p1a: Azumarill
|-damage|p1a: Azumarill|247\/358
|
|-weather|Sandstorm|[upkeep]
|-damage|p2a: Lopunny|255\/271|[from] sandstorm
|-damage|p1a: Azumarill|225\/358|[from] sandstorm
|turn|2
|
|switch|p2a: Gengar|Gengar, F|259\/259
|move|p1a: Azumarill|Waterfall|p2a: Gengar
|-damage|p2a: Gengar|0 fnt
|faint|p2a: Gengar
|
|-weather|Sandstorm|[upkeep]
|-damage|p1a: Azumarill|203\/358|[from] sandstorm
|
|switch|p2a: Lopunny|Lopunny-Mega, F|255\/271
|turn|3
|
|move|p2a: Lopunny|Fake Out|p1a: Azumarill
|-damage|p1a: Azumarill|134\/358
|cant|p1a: Azumarill|flinch
|
|-weather|Sandstorm|[upkeep]
|-damage|p2a: Lopunny|239\/271|[from] sandstorm
|-damage|p1a: Azumarill|112\/358|[from] sandstorm
|turn|4
|
|move|p2a: Lopunny|Return|p1a: Azumarill
|-damage|p1a: Azumarill|0 fnt
|faint|p1a: Azumarill
|
|-weather|Sandstorm|[upkeep]
|-damage|p2a: Lopunny|223\/271|[from] sandstorm
|
|switch|p1a: Thundurus|Thundurus, M|299\/299
|turn|5
|
|switch|p2a: Latias|Latias, F|319\/319
|move|p1a: Thundurus|Thunder Wave|p2a: Latias
|-status|p2a: Latias|par
|
|-weather|Sandstorm|[upkeep]
|-damage|p1a: Thundurus|281\/299|[from] sandstorm
|-damage|p2a: Latias|300\/319 par|[from] sandstorm
|turn|6
|
|switch|p1a: Tyranitar|Tyranitar, M|403\/403
|switch|p2a: Lopunny|Lopunny-Mega, F|223\/271
|
|-weather|Sandstorm|[upkeep]
|-damage|p2a: Lopunny|207\/271|[from] sandstorm
|turn|7
|
|switch|p1a: Volcarona|Volcarona, M|327\/327
|move|p2a: Lopunny|High Jump Kick|p1a: Volcarona
|-resisted|p1a: Volcarona
|-damage|p1a: Volcarona|177\/327
|
|-weather|Sandstorm|[upkeep]
|-damage|p2a: Lopunny|191\/271|[from] sandstorm
|-damage|p1a: Volcarona|157\/327|[from] sandstorm
|turn|8
|c|âFlyingSunray|will cry if flame body activates
|
|move|p2a: Lopunny|Return|p1a: Volcarona
|-damage|p1a: Volcarona|0 fnt
|faint|p1a: Volcarona
|
|-weather|none
|
|switch|p1a: Lopunny|Lopunny, M|271\/271
|turn|9
|
|switch|p2a: Latias|Latias, F|300\/319 par
|detailschange|p1a: Lopunny|Lopunny-Mega, M
|-mega|p1a: Lopunny|Lopunny|Lopunnite
|move|p1a: Lopunny|Fake Out|p2a: Latias
|-damage|p2a: Latias|213\/319 par
|
|turn|10
|
|move|p1a: Lopunny|Ice Punch|p2a: Latias
|-supereffective|p2a: Latias
|-damage|p2a: Latias|25\/319 par
|move|p2a: Latias|Psyshock|p1a: Lopunny
|-supereffective|p1a: Lopunny
|-damage|p1a: Lopunny|0 fnt
|-damage|p2a: Latias|0 fnt|[from] item: Life Orb
|faint|p1a: Lopunny
|faint|p2a: Latias
|
|
|switch|p2a: Lopunny|Lopunny-Mega, F|191\/271
|switch|p1a: Thundurus|Thundurus, M|281\/299
|turn|11
|
|move|p2a: Lopunny|Fake Out|p1a: Thundurus
|-damage|p1a: Thundurus|196\/299
|cant|p1a: Thundurus|flinch
|
|turn|12
|
|switch|p2a: Volcarona|Volcarona, F|329\/329
|move|p1a: Thundurus|Thunder Wave|p2a: Volcarona
|-status|p2a: Volcarona|par
|
|turn|13
|
|switch|p1a: Tyranitar|Tyranitar, M|403\/403
|-weather|Sandstorm
|cant|p2a: Volcarona|par
|
|-weather|Sandstorm|[upkeep]
|-damage|p2a: Volcarona|309\/329 par|[from] sandstorm
|turn|14
|
|move|p1a: Tyranitar|Stealth Rock|p2a: Volcarona
|-sidestart|p2: FlyingSunray|move: Stealth Rock
|move|p2a: Volcarona|Giga Drain|p1a: Tyranitar
|-supereffective|p1a: Tyranitar
|-damage|p1a: Tyranitar|250\/403
|-heal|p2a: Volcarona|329\/329 par|[from] drain|[of] p1a: Tyranitar
|-damage|p2a: Volcarona|297\/329 par|[from] item: Life Orb
|
|-weather|Sandstorm|[upkeep]
|-damage|p2a: Volcarona|277\/329 par|[from] sandstorm
|turn|15
|
|move|p1a: Tyranitar|Earthquake|p2a: Volcarona
|-damage|p2a: Volcarona|132\/329 par
|cant|p2a: Volcarona|par
|
|-weather|Sandstorm|[upkeep]
|-damage|p2a: Volcarona|112\/329 par|[from] sandstorm
|turn|16
|
|move|p1a: Tyranitar|Earthquake|p2a: Volcarona
|-crit|p2a: Volcarona
|-damage|p2a: Volcarona|0 fnt
|faint|p2a: Volcarona
|
|-weather|Sandstorm|[upkeep]
|
|switch|p2a: Lopunny|Lopunny-Mega, F|191\/271
|-damage|p2a: Lopunny|175\/271|[from] Stealth Rock
|turn|17
|
|move|p2a: Lopunny|High Jump Kick|p1a: Tyranitar
|-supereffective|p1a: Tyranitar
|-damage|p1a: Tyranitar|0 fnt
|faint|p1a: Tyranitar
|
|-weather|Sandstorm|[upkeep]
|-damage|p2a: Lopunny|159\/271|[from] sandstorm
|
|switch|p1a: Excadrill|Excadrill, M|361\/361
|turn|18
|
|switch|p1a: Thundurus|Thundurus, M|196\/299
|switch|p2a: Bisharp|Bisharp, M|271\/271
|-damage|p2a: Bisharp|255\/271|[from] Stealth Rock
|
|-weather|Sandstorm|[upkeep]
|-damage|p1a: Thundurus|178\/299|[from] sandstorm
|turn|19
|
|move|p1a: Thundurus|Superpower|p2a: Bisharp
|-supereffective|p2a: Bisharp
|-damage|p2a: Bisharp|0 fnt
|-unboost|p1a: Thundurus|atk|1
|-unboost|p1a: Thundurus|def|1
|-damage|p1a: Thundurus|149\/299|[from] item: Life Orb
|faint|p2a: Bisharp
|
|-weather|Sandstorm|[upkeep]
|-damage|p1a: Thundurus|131\/299|[from] sandstorm
|
|switch|p2a: Lopunny|Lopunny-Mega, F|159\/271
|-damage|p2a: Lopunny|143\/271|[from] Stealth Rock
|turn|20
|
|switch|p1a: Excadrill|Excadrill, M|361\/361
|move|p2a: Lopunny|High Jump Kick|p1a: Excadrill
|-crit|p1a: Excadrill
|-supereffective|p1a: Excadrill
|-damage|p1a: Excadrill|0 fnt
|faint|p1a: Excadrill
|
|-weather|none
|
|switch|p1a: Thundurus|Thundurus, M|131\/299
|turn|21
|
|switch|p2a: Landorus-Therian|Landorus-Therian, M|382\/382
|-damage|p2a: Landorus-Therian|335\/382|[from] Stealth Rock
|-ability|p2a: Landorus-Therian|Intimidate|[of] p1a: Thundurus
|-unboost|p1a: Thundurus|atk|1
|move|p1a: Thundurus|Thunder Wave|p2a: Landorus-Therian
|-immune|p2a: Landorus-Therian|[msg]
|
|-heal|p2a: Landorus-Therian|358\/382|[from] item: Leftovers
|turn|22
|
|move|p1a: Thundurus|Hidden Power|p2a: Landorus-Therian
|-supereffective|p2a: Landorus-Therian
|-damage|p2a: Landorus-Therian|0 fnt
|-damage|p1a: Thundurus|102\/299|[from] item: Life Orb
|faint|p2a: Landorus-Therian
|
|
|switch|p2a: Lopunny|Lopunny-Mega, F|143\/271
|-damage|p2a: Lopunny|127\/271|[from] Stealth Rock
|turn|23
|c|âterry41|gg wp
|c|âFlyingSunray|gg
|
|move|p2a: Lopunny|Fake Out|p1a: Thundurus
|-damage|p1a: Thundurus|17\/299
|cant|p1a: Thundurus|flinch
|
|turn|24
|c|âFlyingSunray|well u can still para
|
|move|p1a: Thundurus|Thunder Wave|p2a: Lopunny
|-status|p2a: Lopunny|par
|move|p2a: Lopunny|Return|p1a: Thundurus
|-damage|p1a: Thundurus|0 fnt
|faint|p1a: Thundurus
|
|win|FlyingSunray