|join|FlyingSunray
|join|Chimptastic
|player|p1|FlyingSunray|288
|player|p2|Chimptastic|161
|gametype|singles
|gen|6
|tier|OU (suspect test)
|rated
|clearpoke
|poke|p1|Altaria, F
|poke|p1|Magnezone
|poke|p1|Bisharp, M
|poke|p1|Gothitelle, F
|poke|p1|Jirachi
|poke|p1|Rotom-Wash
|poke|p2|Blissey, F
|poke|p2|Rampardos, F
|poke|p2|Accelgor, M
|poke|p2|Talonflame, M
|poke|p2|Victini
|poke|p2|Drapion, F
|rule|Swagger Clause: Swagger is banned
|rule|Baton Pass Clause: Limit one PokÃ©mon knowing Baton Pass
|rule|Sleep Clause Mod: Limit one foe put to sleep
|rule|Species Clause: Limit one of each PokÃ©mon
|rule|OHKO Clause: OHKO moves are banned
|rule|Moody Clause: Moody is banned
|rule|Evasion Moves Clause: Evasion moves are banned
|rule|Endless Battle Clause: Forcing endless battles is banned
|rule|HP Percentage Mod: HP is shown in percentages
|teampreview
|join|Memes lol
|join|Martin Luther Meme
|join|Unzips qt
|join|5cat
|join|Viozas
|join|SLS10
|c| Memes lol|memes
|join|meme points
|c| Martin Luther Meme|was it me that made that last guy forfiet y\/n
|c| Unzips qt|n
|c| meme points|n
|c| Memes lol|n
|c|âChimptastic|y
|c| Martin Luther Meme|y
|
|start
|switch|p1a: Rotom-Wash|Rotom-Wash|304\/304
|switch|p2a: Gaston|Victini|404\/404
|turn|1
|c| Martin Luther Meme|nerds :^)
|c|âChimptastic|and also a bit of penis envy
|
|move|p2a: Gaston|Final Gambit|p1a: Rotom-Wash
|-damage|p1a: Rotom-Wash|0 fnt
|faint|p2a: Gaston
|faint|p1a: Rotom-Wash
|
|join|memesan
|join|TwoFace22
|
|switch|p2a: tina|Accelgor, M|364\/364
|switch|p1a: Bisharp|Bisharp, M|271\/271
|turn|2
|
|switch|p1a: Jirachi|Jirachi|404\/404
|move|p2a: tina|Final Gambit|p1a: Jirachi
|-damage|p1a: Jirachi|40\/404
|faint|p2a: tina
|
|-heal|p1a: Jirachi|65\/404|[from] item: Leftovers
|
|switch|p2a: Asshole Slayer|Talonflame, M|297\/297
|turn|3
|
|move|p2a: Asshole Slayer|Flare Blitz|p1a: Jirachi
|-supereffective|p1a: Jirachi
|-damage|p1a: Jirachi|0 fnt
|-damage|p2a: Asshole Slayer|276\/297|[from] recoil|[of] p1a: Jirachi
|faint|p1a: Jirachi
|
|join|Rembrandt
|
|switch|p1a: Altaria|Altaria, F|352\/352
|turn|4
|
|switch|p2a: Obsolete Blob V2|Blissey, F|714\/714
|detailschange|p1a: Altaria|Altaria-Mega, F
|-mega|p1a: Altaria|Altaria|Altarianite
|move|p1a: Altaria|Dragon Dance|p1a: Altaria
|-boost|p1a: Altaria|atk|1
|-boost|p1a: Altaria|spe|1
|
|turn|5
|leave|memesan
|
|move|p1a: Altaria|Substitute|p1a: Altaria
|-start|p1a: Altaria|Substitute
|-damage|p1a: Altaria|264\/352
|move|p2a: Obsolete Blob V2|Defense Curl|p2a: Obsolete Blob V2
|-boost|p2a: Obsolete Blob V2|def|1
|
|turn|6
|c|âChimptastic|fug, not special
|
|move|p1a: Altaria|Dragon Dance|p1a: Altaria
|-boost|p1a: Altaria|atk|1
|-boost|p1a: Altaria|spe|1
|move|p2a: Obsolete Blob V2|Defense Curl|p2a: Obsolete Blob V2
|-boost|p2a: Obsolete Blob V2|def|1
|
|turn|7
|
|move|p1a: Altaria|Frustration|p2a: Obsolete Blob V2
|-damage|p2a: Obsolete Blob V2|392\/714
|move|p2a: Obsolete Blob V2|Defense Curl|p2a: Obsolete Blob V2
|-boost|p2a: Obsolete Blob V2|def|1
|
|-heal|p2a: Obsolete Blob V2|436\/714|[from] item: Leftovers
|turn|8
|c| Martin Luther Meme|its all g we got this
|
|move|p1a: Altaria|Dragon Dance|p1a: Altaria
|-boost|p1a: Altaria|atk|1
|-boost|p1a: Altaria|spe|1
|move|p2a: Obsolete Blob V2|Echoed Voice|p1a: Altaria
|-damage|p1a: Altaria|230\/352
|
|-heal|p2a: Obsolete Blob V2|480\/714|[from] item: Leftovers
|turn|9
|
|move|p1a: Altaria|Dragon Dance|p1a: Altaria
|-boost|p1a: Altaria|atk|1
|-boost|p1a: Altaria|spe|1
|move|p2a: Obsolete Blob V2|Echoed Voice|p1a: Altaria
|-damage|p1a: Altaria|161\/352
|
|-heal|p2a: Obsolete Blob V2|524\/714|[from] item: Leftovers
|turn|10
|join|c4k3514y3r
|
|move|p1a: Altaria|Frustration|p2a: Obsolete Blob V2
|-damage|p2a: Obsolete Blob V2|158\/714
|move|p2a: Obsolete Blob V2|Echoed Voice|p1a: Altaria
|-damage|p1a: Altaria|56\/352
|
|-heal|p2a: Obsolete Blob V2|202\/714|[from] item: Leftovers
|turn|11
|join|kkkke
|
|move|p1a: Altaria|Frustration|p2a: Obsolete Blob V2
|-damage|p2a: Obsolete Blob V2|0 fnt
|faint|p2a: Obsolete Blob V2
|
|c|âChimptastic|break when?
|
|switch|p2a: Asshole Slayer|Talonflame, M|276\/297
|turn|12
|
|move|p2a: Asshole Slayer|Quick Attack|p1a: Altaria
|-activate|p1a: Altaria|Substitute|[damage]
|move|p1a: Altaria|Frustration|p2a: Asshole Slayer
|-resisted|p2a: Asshole Slayer
|-damage|p2a: Asshole Slayer|0 fnt
|faint|p2a: Asshole Slayer
|
|c| Martin Luther Meme|he must be some kind of hacker
|c| Beeert|champ why are you doing this
|
|switch|p2a: Pussy Slayer|Rampardos, F|397\/397
|-ability|p2a: Pussy Slayer|Mold Breaker
|turn|13
|
|move|p1a: Altaria|Roost|p1a: Altaria
|-heal|p1a: Altaria|232\/352
|move|p2a: Pussy Slayer|Earthquake|p1a: Altaria
|-end|p1a: Altaria|Substitute
|
|turn|14
|
|move|p1a: Altaria|Frustration|p2a: Pussy Slayer
|-damage|p2a: Pussy Slayer|0 fnt
|faint|p2a: Pussy Slayer
|
|
|switch|p2a: Hyper Snibs|Drapion, F|344\/344
|turn|15
|c| meme points|geting rekt by clouds
|leave|Viozas
|
|move|p1a: Altaria|Frustration|p2a: Hyper Snibs
|-damage|p2a: Hyper Snibs|0 fnt
|faint|p2a: Hyper Snibs
|
|win|FlyingSunray
|raw|Ladder updating...
|c|âChimptastic|clouds OP
|raw|FlyingSunray's rating: 1107 &rarr; <strong>1130<\/strong><br \/>(+23 for winning)
|raw|Chimptastic's rating: 1087 &rarr; <strong>1065<\/strong><br \/>(-22 for losing)
|c|âChimptastic|http:\/\/play.pokemonshowdown.com\/battle-oususpecttest-198814253
|c|âFlyingSunray|gg
|leave|Chimptastic
|player|p2
|leave|meme points