|join|ZephyrBurst
|join|Bleben :DDDDD
|player|p1|ZephyrBurst|102
|player|p2|Bleben :DDDDD|112
|gametype|singles
|gen|6
|tier|ORAS OU
|rated
|rule|Sleep Clause Mod: Limit one foe put to sleep
|rule|Species Clause: Limit one of each PokÃ©mon
|rule|OHKO Clause: OHKO moves are banned
|rule|Moody Clause: Moody is banned
|rule|Evasion Moves Clause: Evasion moves are banned
|rule|Endless Battle Clause: Forcing endless battles is banned
|rule|HP Percentage Mod: HP is shown in percentages
|clearpoke
|poke|p1|Slowbro, F
|poke|p1|Bisharp, M
|poke|p1|Ferrothorn, M
|poke|p1|Starmie
|poke|p1|Landorus-Therian, M
|poke|p1|Klefki, M
|poke|p2|Landorus-Therian, M
|poke|p2|Latias, F
|poke|p2|Kyurem-Black
|poke|p2|Heatran, F
|poke|p2|Magnezone
|poke|p2|Beedrill, M
|rule|Swagger Clause: Swagger is banned
|rule|Baton Pass Clause: Limit one PokÃ©mon knowing Baton Pass
|teampreview
|
|start
|switch|p1a: Landorus-Therian|Landorus-Therian, M|319\/319
|switch|p2a: Sound Owl|Kyurem-Black|391\/391
|-ability|p2a: Sound Owl|Teravolt
|-ability|p1a: Landorus-Therian|Intimidate|[of] p2a: Sound Owl
|-unboost|p2a: Sound Owl|atk|1
|turn|1
|
|switch|p1a: Klefki|Klefki, M|318\/318
|move|p2a: Sound Owl|Ice Beam|p1a: Klefki
|-resisted|p1a: Klefki
|-damage|p1a: Klefki|246\/318
|-status|p1a: Klefki|frz
|
|-heal|p1a: Klefki|265\/318 frz|[from] item: Leftovers
|turn|2
|
|switch|p2a: Feel Slayer|Magnezone|344\/344
|cant|p1a: Klefki|frz
|
|-heal|p1a: Klefki|284\/318 frz|[from] item: Leftovers
|turn|3
|
|-curestatus|p1a: Klefki|frz
|move|p1a: Klefki|Spikes|p2a: Feel Slayer
|-sidestart|p2: Bleben :DDDDD|Spikes
|move|p2a: Feel Slayer|Hidden Power|p1a: Klefki
|-supereffective|p1a: Klefki
|-damage|p1a: Klefki|0 fnt
|faint|p1a: Klefki
|
|
|switch|p1a: Landorus-Therian|Landorus-Therian, M|319\/319
|-ability|p1a: Landorus-Therian|Intimidate|[of] p2a: Feel Slayer
|-unboost|p2a: Feel Slayer|atk|1
|turn|4
|
|switch|p2a: Land Doge|Landorus-Therian, M|382\/382
|-ability|p2a: Land Doge|Intimidate|[of] p1a: Landorus-Therian
|-unboost|p1a: Landorus-Therian|atk|1
|move|p1a: Landorus-Therian|U-turn|p2a: Land Doge
|-resisted|p2a: Land Doge
|-damage|p2a: Land Doge|347\/382
|
|switch|p1a: Starmie|Starmie|261\/261
|
|-heal|p2a: Land Doge|370\/382|[from] item: Leftovers
|turn|5
|
|switch|p2a: Sound Owl|Kyurem-Black|391\/391
|-damage|p2a: Sound Owl|343\/391|[from] Spikes
|-ability|p2a: Sound Owl|Teravolt
|move|p1a: Starmie|Scald|p2a: Sound Owl
|-resisted|p2a: Sound Owl
|-damage|p2a: Sound Owl|274\/391
|-status|p2a: Sound Owl|brn
|
|-damage|p2a: Sound Owl|226\/391 brn|[from] brn
|turn|6
|
|switch|p1a: Landorus-Therian|Landorus-Therian, M|319\/319
|-ability|p1a: Landorus-Therian|Intimidate|[of] p2a: Sound Owl
|-unboost|p2a: Sound Owl|atk|1
|move|p2a: Sound Owl|Ice Beam|p1a: Landorus-Therian
|-supereffective|p1a: Landorus-Therian
|-damage|p1a: Landorus-Therian|0 fnt
|faint|p1a: Landorus-Therian
|
|-damage|p2a: Sound Owl|178\/391 brn|[from] brn
|
|switch|p1a: Bisharp|Bisharp, M|271\/271
|turn|7
|
|switch|p2a: Memetran|Heatran, F|386\/386
|-item|p2a: Memetran|Air Balloon
|move|p1a: Bisharp|Swords Dance|p1a: Bisharp
|-boost|p1a: Bisharp|atk|2
|
|turn|8
|
|move|p1a: Bisharp|Knock Off|p2a: Memetran
|-damage|p2a: Memetran|0 fnt
|-enditem|p2a: Memetran|Air Balloon
|-enditem|p2a: Memetran|Air Balloon|[from] move: Knock Off|[of] p1a: Bisharp
|-damage|p1a: Bisharp|244\/271|[from] item: Life Orb
|faint|p2a: Memetran
|
|
|switch|p2a: Mega-Lagann|Beedrill, M|271\/271
|-damage|p2a: Mega-Lagann|238\/271|[from] Spikes
|turn|9
|
|detailschange|p2a: Mega-Lagann|Beedrill-Mega, M
|message|Beedrill has Mega Evolved into Mega Beedrill!
|move|p1a: Bisharp|Sucker Punch|p2a: Mega-Lagann
|-damage|p2a: Mega-Lagann|0 fnt
|-damage|p1a: Bisharp|217\/271|[from] item: Life Orb
|faint|p2a: Mega-Lagann
|
|
|switch|p2a: Land Doge|Landorus-Therian, M|370\/382
|-ability|p2a: Land Doge|Intimidate|[of] p1a: Bisharp
|-unboost|p1a: Bisharp|atk|1
|-boost|p1a: Bisharp|atk|2|[from] ability: Defiant
|turn|10
|
|move|p1a: Bisharp|Sucker Punch|p2a: Land Doge
|-damage|p2a: Land Doge|0 fnt
|-damage|p1a: Bisharp|190\/271|[from] item: Life Orb
|faint|p2a: Land Doge
|
|-message|Bleben :DDDDD forfeited.
|
|win|ZephyrBurst
|raw|Ladder updating...
|leave|Bleben :DDDDD
|player|p2
|raw|ZephyrBurst's rating: 1329 &rarr; <strong>1346<\/strong><br \/>(+17 for winning)
|raw|Bleben :DDDDD's rating: 1283 &rarr; <strong>1262<\/strong><br \/>(-21 for losing)