|join|Preserve
|join|ZephyrBurst
|player|p1|Preserve|101
|player|p2|ZephyrBurst|102
|gametype|singles
|gen|6
|tier|ORAS OU
|rated
|rule|Sleep Clause Mod: Limit one foe put to sleep
|rule|Species Clause: Limit one of each PokÃ©mon
|rule|OHKO Clause: OHKO moves are banned
|rule|Moody Clause: Moody is banned
|rule|Evasion Moves Clause: Evasion moves are banned
|rule|Endless Battle Clause: Forcing endless battles is banned
|rule|HP Percentage Mod: HP is shown in percentages
|clearpoke
|poke|p1|Terrakion
|poke|p1|Rotom-Wash
|poke|p1|Ferrothorn, M
|poke|p1|Cresselia, F
|poke|p1|Diancie
|poke|p1|Thundurus, M
|poke|p2|Beedrill, M
|poke|p2|Mamoswine, M
|poke|p2|Magnezone
|poke|p2|Zapdos
|poke|p2|Mew
|poke|p2|Talonflame, F
|rule|Swagger Clause: Swagger is banned
|rule|Baton Pass Clause: Limit one PokÃ©mon knowing Baton Pass
|teampreview
|
|start
|switch|p1a: Diancie|Diancie|257\/257
|switch|p2a: Beedrill|Beedrill, M|271\/271
|turn|1
|
|switch|p1a: Ferrothorn|Ferrothorn, M|351\/351
|detailschange|p2a: Beedrill|Beedrill-Mega, M
|message|Beedrill has Mega Evolved into Mega Beedrill!
|move|p2a: Beedrill|Poison Jab|p1a: Ferrothorn
|-immune|p1a: Ferrothorn|[msg]
|
|turn|2
|
|move|p2a: Beedrill|U-turn|p1a: Ferrothorn
|-damage|p1a: Ferrothorn|215\/351
|-damage|p2a: Beedrill|238\/271|[from] ability: Iron Barbs|[of] p1a: Ferrothorn
|-damage|p2a: Beedrill|193\/271|[from] item: Rocky Helmet|[of] p1a: Ferrothorn
|
|switch|p2a: Magnezone|Magnezone|281\/281
|move|p1a: Ferrothorn|Leech Seed|p2a: Magnezone
|-start|p2a: Magnezone|move: Leech Seed
|
|-damage|p2a: Magnezone|246\/281|[from] Leech Seed|[of] p1a: Ferrothorn
|-heal|p1a: Ferrothorn|250\/351|[silent]
|turn|3
|
|move|p2a: Magnezone|Hidden Power|p1a: Ferrothorn
|-supereffective|p1a: Ferrothorn
|-damage|p1a: Ferrothorn|0 fnt
|faint|p1a: Ferrothorn
|
|
|switch|p1a: Diancie|Diancie|257\/257
|turn|4
|
|switch|p2a: Mamoswine|Mamoswine, M|361\/361
|detailschange|p1a: Diancie|Diancie-Mega
|message|Diancie has Mega Evolved into Mega Diancie!
|move|p1a: Diancie|Diamond Storm|p2a: Mamoswine
|-damage|p2a: Mamoswine|168\/361
|
|turn|5
|
|switch|p2a: Mew|Mew|404\/404
|move|p1a: Diancie|Moonblast|p2a: Mew
|-damage|p2a: Mew|224\/404
|
|-heal|p2a: Mew|249\/404|[from] item: Leftovers
|turn|6
|
|move|p1a: Diancie|Calm Mind|p1a: Diancie
|-boost|p1a: Diancie|spa|1
|-boost|p1a: Diancie|spd|1
|move|p2a: Mew|Will-O-Wisp|p1a: Diancie
|move|p1a: Diancie|Will-O-Wisp|p2a: Mew|[from]Magic Bounce
|-status|p2a: Mew|brn
|-status|p1a: Diancie|brn
|
|-heal|p2a: Mew|274\/404 brn|[from] item: Leftovers
|-damage|p1a: Diancie|225\/257 brn|[from] brn
|-damage|p2a: Mew|224\/404 brn|[from] brn
|turn|7
|
|move|p1a: Diancie|Moonblast|p2a: Mew
|-damage|p2a: Mew|0 fnt
|faint|p2a: Mew
|
|-damage|p1a: Diancie|193\/257 brn|[from] brn
|
|switch|p2a: Magnezone|Magnezone|246\/281
|turn|8
|
|switch|p1a: Cresselia|Cresselia, F|444\/444
|move|p2a: Magnezone|Flash Cannon|p1a: Cresselia
|-damage|p1a: Cresselia|273\/444
|
|-heal|p1a: Cresselia|300\/444|[from] item: Leftovers
|turn|9
|
|switch|p2a: Mamoswine|Mamoswine, M|168\/361
|switch|p1a: Rotom-Wash|Rotom-Wash|304\/304
|
|turn|10
|
|move|p2a: Mamoswine|Stealth Rock|p1a: Rotom-Wash
|-sidestart|p1: Preserve|move: Stealth Rock
|move|p1a: Rotom-Wash|Hydro Pump|p2a: Mamoswine
|-supereffective|p2a: Mamoswine
|-damage|p2a: Mamoswine|0 fnt
|faint|p2a: Mamoswine
|
|
|switch|p2a: Magnezone|Magnezone|246\/281
|turn|11
|
|move|p1a: Rotom-Wash|Hydro Pump|p2a: Magnezone
|-crit|p2a: Magnezone
|-damage|p2a: Magnezone|29\/281
|move|p2a: Magnezone|Volt Switch|p1a: Rotom-Wash
|-damage|p1a: Rotom-Wash|102\/304
|
|switch|p2a: Beedrill|Beedrill-Mega, M|193\/271
|
|-heal|p1a: Rotom-Wash|121\/304|[from] item: Leftovers
|turn|12
|
|move|p2a: Beedrill|Poison Jab|p1a: Rotom-Wash
|-damage|p1a: Rotom-Wash|0 fnt
|faint|p1a: Rotom-Wash
|
|
|switch|p1a: Terrakion|Terrakion|323\/323
|-damage|p1a: Terrakion|303\/323|[from] Stealth Rock
|turn|13
|
|move|p2a: Beedrill|Protect|p2a: Beedrill
|-singleturn|p2a: Beedrill|Protect
|move|p1a: Terrakion|Stone Edge|p2a: Beedrill
|-activate|p2a: Beedrill|Protect
|
|turn|14
|
|switch|p2a: Magnezone|Magnezone|29\/281
|move|p1a: Terrakion|Stone Edge|p2a: Magnezone
|-resisted|p2a: Magnezone
|-damage|p2a: Magnezone|0 fnt
|-damage|p1a: Terrakion|271\/323|[from] item: Life Orb
|faint|p2a: Magnezone
|
|
|switch|p2a: Zapdos|Zapdos|384\/384
|-ability|p2a: Zapdos|Pressure
|turn|15
|
|move|p1a: Terrakion|Stone Edge|p2a: Zapdos
|-supereffective|p2a: Zapdos
|-damage|p2a: Zapdos|7\/384
|-damage|p1a: Terrakion|239\/323|[from] item: Life Orb
|move|p2a: Zapdos|Volt Switch|p1a: Terrakion
|-damage|p1a: Terrakion|137\/323
|
|switch|p2a: Beedrill|Beedrill-Mega, M|193\/271
|
|turn|16
|
|switch|p1a: Cresselia|Cresselia, F|300\/444
|-damage|p1a: Cresselia|245\/444|[from] Stealth Rock
|move|p2a: Beedrill|Drill Run|p1a: Cresselia
|-immune|p1a: Cresselia|[msg]
|
|-heal|p1a: Cresselia|272\/444|[from] item: Leftovers
|turn|17
|
|move|p2a: Beedrill|U-turn|p1a: Cresselia
|-supereffective|p1a: Cresselia
|-damage|p1a: Cresselia|36\/444
|
|switch|p2a: Talonflame|Talonflame, F|297\/297
|move|p1a: Cresselia|Lunar Dance|p1a: Cresselia
|faint|p1a: Cresselia
|
|
|switch|p1a: Diancie|Diancie-Mega|193\/257 brn
|-heal|p1a: Diancie|257\/257|[from] move: Lunar Dance
|-damage|p1a: Diancie|225\/257|[from] Stealth Rock
|turn|18
|
|switch|p1a: Terrakion|Terrakion|137\/323
|-damage|p1a: Terrakion|117\/323|[from] Stealth Rock
|move|p2a: Talonflame|U-turn|p1a: Terrakion
|-resisted|p1a: Terrakion
|-damage|p1a: Terrakion|79\/323
|
|switch|p2a: Beedrill|Beedrill-Mega, M|193\/271
|
|turn|19
|
|move|p2a: Beedrill|Poison Jab|p1a: Terrakion
|-crit|p1a: Terrakion
|-resisted|p1a: Terrakion
|-damage|p1a: Terrakion|0 fnt
|faint|p1a: Terrakion
|
|
|switch|p1a: Diancie|Diancie-Mega|225\/257
|-damage|p1a: Diancie|193\/257|[from] Stealth Rock
|turn|20
|
|move|p2a: Beedrill|U-turn|p1a: Diancie
|-resisted|p1a: Diancie
|-damage|p1a: Diancie|102\/257
|
|switch|p2a: Zapdos|Zapdos|7\/384
|-ability|p2a: Zapdos|Pressure
|move|p1a: Diancie|Diamond Storm|p2a: Zapdos
|-supereffective|p2a: Zapdos
|-damage|p2a: Zapdos|0 fnt
|-boost|p1a: Diancie|def|1
|faint|p2a: Zapdos
|
|
|switch|p2a: Beedrill|Beedrill-Mega, M|193\/271
|turn|21
|
|move|p2a: Beedrill|Poison Jab|p1a: Diancie
|-damage|p1a: Diancie|0 fnt
|faint|p1a: Diancie
|
|
|switch|p1a: Thundurus|Thundurus, M|299\/299
|-damage|p1a: Thundurus|225\/299|[from] Stealth Rock
|turn|22
|
|move|p2a: Beedrill|Poison Jab|p1a: Thundurus
|-crit|p1a: Thundurus
|-damage|p1a: Thundurus|0 fnt
|faint|p1a: Thundurus
|
|win|ZephyrBurst
|raw|Ladder updating...
|c|âZephyrBurst|gg
|leave|Preserve
|raw|Preserve's rating: 1351 &rarr; <strong>1334<\/strong><br \/>(-17 for losing)
|raw|ZephyrBurst's rating: 1399 &rarr; <strong>1416<\/strong><br \/>(+17 for winning)
|player|p1