|join|A.B. Gray
|join|ZephyrBurst
|player|p1|A.B. Gray|92
|player|p2|ZephyrBurst|102
|gametype|singles
|gen|6
|tier|ORAS OU
|rated
|rule|Sleep Clause Mod: Limit one foe put to sleep
|rule|Species Clause: Limit one of each PokÃ©mon
|rule|OHKO Clause: OHKO moves are banned
|rule|Moody Clause: Moody is banned
|rule|Evasion Moves Clause: Evasion moves are banned
|rule|Endless Battle Clause: Forcing endless battles is banned
|rule|HP Percentage Mod: HP is shown in percentages
|clearpoke
|poke|p1|Excadrill, F
|poke|p1|Scizor, M
|poke|p1|Heatran, F
|poke|p1|Latios, M
|poke|p1|Slowbro, M
|poke|p1|Greninja, F
|poke|p2|Slowbro, F
|poke|p2|Bisharp, F
|poke|p2|Ferrothorn, M
|poke|p2|Starmie
|poke|p2|Klefki, M
|poke|p2|Garchomp, F
|rule|Swagger Clause: Swagger is banned
|rule|Baton Pass Clause: Limit one PokÃ©mon knowing Baton Pass
|teampreview
|
|start
|switch|p1a: Scizor|Scizor, M|343\/343
|switch|p2a: Klefki|Klefki, M|318\/318
|turn|1
|
|move|p2a: Klefki|Foul Play|p1a: Scizor
|-damage|p1a: Scizor|227\/343
|move|p1a: Scizor|U-turn|p2a: Klefki
|-resisted|p2a: Klefki
|-damage|p2a: Klefki|278\/318
|
|switch|p1a: Heatran|Heatran, F|385\/385
|
|-heal|p2a: Klefki|297\/318|[from] item: Leftovers
|turn|2
|
|switch|p2a: Starmie|Starmie|261\/261
|move|p1a: Heatran|Lava Plume|p2a: Starmie
|-resisted|p2a: Starmie
|-damage|p2a: Starmie|193\/261
|
|-heal|p2a: Starmie|209\/261|[from] item: Leftovers
|turn|3
|
|switch|p1a: Greninja|Greninja, F|285\/285
|move|p2a: Starmie|Scald|p1a: Greninja
|-resisted|p1a: Greninja
|-damage|p1a: Greninja|207\/285
|
|-heal|p2a: Starmie|225\/261|[from] item: Leftovers
|turn|4
|
|switch|p2a: Klefki|Klefki, M|297\/318
|move|p1a: Greninja|U-turn|p2a: Klefki
|-start|p1a: Greninja|typechange|Bug|[from] Protean
|-resisted|p2a: Klefki
|-damage|p2a: Klefki|281\/318
|-damage|p1a: Greninja|179\/285|[from] item: Life Orb
|
|switch|p1a: Heatran|Heatran, F|385\/385
|
|-heal|p2a: Klefki|300\/318|[from] item: Leftovers
|turn|5
|
|switch|p2a: Starmie|Starmie|225\/261
|move|p1a: Heatran|Lava Plume|p2a: Starmie
|-resisted|p2a: Starmie
|-damage|p2a: Starmie|163\/261
|
|-heal|p2a: Starmie|179\/261|[from] item: Leftovers
|turn|6
|
|move|p2a: Starmie|Scald|p1a: Heatran
|-supereffective|p1a: Heatran
|-damage|p1a: Heatran|215\/385
|move|p1a: Heatran|Lava Plume|p2a: Starmie
|-resisted|p2a: Starmie
|-damage|p2a: Starmie|117\/261
|-status|p2a: Starmie|brn
|
|-heal|p2a: Starmie|133\/261 brn|[from] item: Leftovers
|-heal|p1a: Heatran|239\/385|[from] item: Leftovers
|-damage|p2a: Starmie|101\/261 brn|[from] brn
|turn|7
|
|switch|p2a: Bisharp|Bisharp, F|271\/271
|move|p1a: Heatran|Protect|p1a: Heatran
|-fail|p1a: Heatran
|
|-heal|p1a: Heatran|263\/385|[from] item: Leftovers
|turn|8
|
|move|p2a: Bisharp|Knock Off|p1a: Heatran
|-damage|p1a: Heatran|59\/385
|-enditem|p1a: Heatran|Leftovers|[from] move: Knock Off|[of] p2a: Bisharp
|-damage|p2a: Bisharp|244\/271|[from] item: Life Orb
|move|p1a: Heatran|Lava Plume|p2a: Bisharp
|-supereffective|p2a: Bisharp
|-damage|p2a: Bisharp|0 fnt
|faint|p2a: Bisharp
|
|
|switch|p2a: Starmie|Starmie|101\/261
|turn|9
|
|switch|p1a: Greninja|Greninja, F|179\/285
|move|p2a: Starmie|Scald|p1a: Greninja
|-resisted|p1a: Greninja
|-damage|p1a: Greninja|102\/285
|
|-heal|p2a: Starmie|117\/261|[from] item: Leftovers
|turn|10
|
|switch|p2a: Klefki|Klefki, M|300\/318
|move|p1a: Greninja|Surf|p2a: Klefki
|-start|p1a: Greninja|typechange|Water|[from] Protean
|-damage|p2a: Klefki|115\/318
|-damage|p1a: Greninja|74\/285|[from] item: Life Orb
|
|-heal|p2a: Klefki|134\/318|[from] item: Leftovers
|turn|11
|
|move|p2a: Klefki|Thunder Wave|p1a: Greninja
|-status|p1a: Greninja|par
|move|p1a: Greninja|U-turn|p2a: Klefki
|-start|p1a: Greninja|typechange|Bug|[from] Protean
|-resisted|p2a: Klefki
|-damage|p2a: Klefki|118\/318
|-damage|p1a: Greninja|46\/285 par|[from] item: Life Orb
|
|switch|p1a: Excadrill|Excadrill, F|377\/377
|-ability|p1a: Excadrill|Mold Breaker
|
|-heal|p2a: Klefki|137\/318|[from] item: Leftovers
|turn|12
|
|switch|p2a: Slowbro|Slowbro, F|394\/394
|move|p1a: Excadrill|Earthquake|p2a: Slowbro
|-damage|p2a: Slowbro|274\/394
|
|turn|13
|
|switch|p1a: Scizor|Scizor, M|227\/343
|detailschange|p2a: Slowbro|Slowbro-Mega, F
|message|Slowbro has Mega Evolved into Mega Slowbro!
|move|p2a: Slowbro|Calm Mind|p2a: Slowbro
|-boost|p2a: Slowbro|spa|1
|-boost|p2a: Slowbro|spd|1
|
|turn|14
|
|move|p1a: Scizor|U-turn|p2a: Slowbro
|-supereffective|p2a: Slowbro
|-damage|p2a: Slowbro|70\/394
|
|switch|p1a: Heatran|Heatran, F|59\/385
|move|p2a: Slowbro|Rest|p2a: Slowbro
|-status|p2a: Slowbro|slp
|-heal|p2a: Slowbro|394\/394 slp|[silent]
|-status|p2a: Slowbro|slp|[from] move: Rest
|
|turn|15
|
|switch|p1a: Scizor|Scizor, M|227\/343
|cant|p2a: Slowbro|slp
|
|turn|16
|
|move|p1a: Scizor|U-turn|p2a: Slowbro
|-supereffective|p2a: Slowbro
|-damage|p2a: Slowbro|188\/394 slp
|
|switch|p1a: Greninja|Greninja, F|46\/285 par
|cant|p2a: Slowbro|slp
|
|turn|17
|
|-curestatus|p2a: Slowbro|slp
|move|p2a: Slowbro|Calm Mind|p2a: Slowbro
|-boost|p2a: Slowbro|spa|1
|-boost|p2a: Slowbro|spd|1
|cant|p1a: Greninja|par
|
|turn|18
|
|move|p2a: Slowbro|Calm Mind|p2a: Slowbro
|-boost|p2a: Slowbro|spa|1
|-boost|p2a: Slowbro|spd|1
|move|p1a: Greninja|U-turn|p2a: Slowbro
|-start|p1a: Greninja|typechange|Bug|[from] Protean
|-supereffective|p2a: Slowbro
|-damage|p2a: Slowbro|115\/394
|-damage|p1a: Greninja|18\/285 par|[from] item: Life Orb
|
|switch|p1a: Scizor|Scizor, M|227\/343
|
|turn|19
|
|move|p1a: Scizor|Pursuit|p2a: Slowbro|[from]Pursuit
|-supereffective|p2a: Slowbro
|-damage|p2a: Slowbro|0 fnt
|faint|p2a: Slowbro
|
|
|switch|p2a: Garchomp|Garchomp, F|357\/357
|turn|20
|c|âA.B. Gray|fewth
|c|âA.B. Gray|That was a stretch.
|
|switch|p2a: Ferrothorn|Ferrothorn, M|352\/352
|switch|p1a: Greninja|Greninja, F|18\/285 par
|
|turn|21
|
|cant|p1a: Greninja|par
|move|p2a: Ferrothorn|Stealth Rock|p1a: Greninja
|-sidestart|p1: A.B. Gray|move: Stealth Rock
|
|turn|22
|
|move|p1a: Greninja|Surf|p2a: Ferrothorn
|-start|p1a: Greninja|typechange|Water|[from] Protean
|-resisted|p2a: Ferrothorn
|-damage|p2a: Ferrothorn|283\/352
|-damage|p1a: Greninja|0 fnt|[from] item: Life Orb
|faint|p1a: Greninja
|move|p2a: Ferrothorn|Gyro Ball|p1: Greninja|[notarget]
|-notarget
|
|-heal|p2a: Ferrothorn|305\/352|[from] item: Leftovers
|
|switch|p1a: Heatran|Heatran, F|59\/385
|-damage|p1a: Heatran|11\/385|[from] Stealth Rock
|turn|23
|
|switch|p2a: Starmie|Starmie|117\/261
|move|p1a: Heatran|Lava Plume|p2a: Starmie
|-resisted|p2a: Starmie
|-damage|p2a: Starmie|46\/261
|
|-heal|p2a: Starmie|62\/261|[from] item: Leftovers
|turn|24
|
|move|p2a: Starmie|Scald|p1a: Heatran
|-supereffective|p1a: Heatran
|-damage|p1a: Heatran|0 fnt
|faint|p1a: Heatran
|
|-heal|p2a: Starmie|78\/261|[from] item: Leftovers
|
|switch|p1a: Scizor|Scizor, M|227\/343
|-damage|p1a: Scizor|185\/343|[from] Stealth Rock
|turn|25
|
|switch|p2a: Ferrothorn|Ferrothorn, M|305\/352
|move|p1a: Scizor|Bullet Punch|p2a: Ferrothorn
|-resisted|p2a: Ferrothorn
|-damage|p2a: Ferrothorn|241\/352
|-damage|p1a: Scizor|143\/343|[from] ability: Iron Barbs|[of] p2a: Ferrothorn
|
|-heal|p2a: Ferrothorn|263\/352|[from] item: Leftovers
|turn|26
|
|switch|p1a: Excadrill|Excadrill, F|377\/377
|-damage|p1a: Excadrill|366\/377|[from] Stealth Rock
|-ability|p1a: Excadrill|Mold Breaker
|move|p2a: Ferrothorn|Leech Seed|p1a: Excadrill|[miss]
|-miss|p2a: Ferrothorn|p1a: Excadrill
|
|-heal|p2a: Ferrothorn|285\/352|[from] item: Leftovers
|turn|27
|
|move|p1a: Excadrill|Earthquake|p2a: Ferrothorn
|-damage|p2a: Ferrothorn|164\/352
|move|p2a: Ferrothorn|Stealth Rock|p1a: Excadrill
|-fail|p1a: Excadrill
|
|-heal|p2a: Ferrothorn|186\/352|[from] item: Leftovers
|turn|28
|
|move|p1a: Excadrill|Earthquake|p2a: Ferrothorn
|-damage|p2a: Ferrothorn|57\/352
|move|p2a: Ferrothorn|Leech Seed|p1a: Excadrill
|-start|p1a: Excadrill|move: Leech Seed
|
|-heal|p2a: Ferrothorn|79\/352|[from] item: Leftovers
|-damage|p1a: Excadrill|319\/377|[from] Leech Seed|[of] p2a: Ferrothorn
|-heal|p2a: Ferrothorn|126\/352|[silent]
|turn|29
|
|move|p1a: Excadrill|Earthquake|p2a: Ferrothorn
|-damage|p2a: Ferrothorn|11\/352
|move|p2a: Ferrothorn|Power Whip|p1a: Excadrill|[miss]
|-miss|p2a: Ferrothorn|p1a: Excadrill
|
|-heal|p2a: Ferrothorn|33\/352|[from] item: Leftovers
|-damage|p1a: Excadrill|272\/377|[from] Leech Seed|[of] p2a: Ferrothorn
|-heal|p2a: Ferrothorn|80\/352|[silent]
|turn|30
|c|âZephyrBurst|bleh
|c|âZephyrBurst|I give up
|c|âZephyrBurst|gg
|-message|ZephyrBurst forfeited.
|
|win|A.B. Gray
|raw|Ladder updating...
|leave|ZephyrBurst
|player|p2
|raw|A.B. Gray's rating: 1331 &rarr; <strong>1345<\/strong><br \/>(+14 for winning)
|raw|ZephyrBurst's rating: 1223 &rarr; <strong>1205<\/strong><br \/>(-18 for losing)
|c|âA.B. Gray|gg