|join|Smith Morra
|join|ZephyrBurst
|player|p1|Smith Morra|184
|player|p2|ZephyrBurst|102
|gametype|singles
|gen|6
|tier|ORAS OU
|rated
|rule|Sleep Clause Mod: Limit one foe put to sleep
|rule|Species Clause: Limit one of each PokÃ©mon
|rule|OHKO Clause: OHKO moves are banned
|rule|Moody Clause: Moody is banned
|rule|Evasion Moves Clause: Evasion moves are banned
|rule|Endless Battle Clause: Forcing endless battles is banned
|rule|HP Percentage Mod: HP is shown in percentages
|clearpoke
|poke|p1|Skarmory, F
|poke|p1|Chansey, F
|poke|p1|Sableye, M
|poke|p1|Quagsire, M
|poke|p1|Cresselia, F
|poke|p1|Gothitelle, M
|poke|p2|Beedrill, M
|poke|p2|Mamoswine, M
|poke|p2|Magnezone
|poke|p2|Zapdos
|poke|p2|Mew
|poke|p2|Talonflame, M
|rule|Swagger Clause: Swagger is banned
|rule|Baton Pass Clause: Limit one PokÃ©mon knowing Baton Pass
|teampreview
|
|start
|switch|p1a: Sableye|Sableye, M|304\/304
|switch|p2a: Magnezone|Magnezone|281\/281
|turn|1
|
|detailschange|p1a: Sableye|Sableye-Mega, M
|message|Sableye has Mega Evolved into Mega Sableye!
|move|p2a: Magnezone|Volt Switch|p1a: Sableye
|-damage|p1a: Sableye|126\/304
|
|switch|p2a: Beedrill|Beedrill, M|271\/271
|move|p1a: Sableye|Knock Off|p2a: Beedrill
|-damage|p2a: Beedrill|136\/271
|
|turn|2
|join|ForeverCubone
|
|switch|p1a: Skarmory|Skarmory, F|272\/272
|detailschange|p2a: Beedrill|Beedrill-Mega, M
|message|Beedrill has Mega Evolved into Mega Beedrill!
|move|p2a: Beedrill|U-turn|p1a: Skarmory
|-resisted|p1a: Skarmory
|-damage|p1a: Skarmory|243\/272
|c| ForeverCubone|Sableye is a pain for my team mainly
|c| ForeverCubone|lol
|
|switch|p2a: Magnezone|Magnezone|281\/281
|
|turn|3
|
|switch|p1a: Quagsire|Quagsire, M|394\/394
|move|p2a: Magnezone|Thunderbolt|p1a: Quagsire
|-immune|p1a: Quagsire|[msg]
|
|turn|4
|
|switch|p2a: Mew|Mew|404\/404
|move|p1a: Quagsire|Toxic|p2a: Mew
|-status|p2a: Mew|tox
|-status|p1a: Quagsire|tox
|
|-damage|p2a: Mew|379\/404 tox|[from] psn
|-damage|p1a: Quagsire|370\/394 tox|[from] psn
|turn|5
|c| ForeverCubone|i dont know why people even try to trap enymore
|c| ForeverCubone|everyone runs the shed shell
|
|switch|p1a: Sableye|Sableye-Mega, M|126\/304
|move|p2a: Mew|Knock Off|p1a: Sableye
|-damage|p1a: Sableye|93\/304
|
|-heal|p2a: Mew|404\/404 tox|[from] item: Leftovers
|-damage|p2a: Mew|354\/404 tox|[from] psn
|turn|6
|c|âSmith Morra|shed shell skar is a must 
|c|âSmith Morra|but trapper + a poke with knock off
|c|âSmith Morra|thats tricky
|
|switch|p2a: Magnezone|Magnezone|281\/281
|move|p1a: Sableye|Recover|p1a: Sableye
|-heal|p1a: Sableye|245\/304
|
|turn|7
|c| ForeverCubone|true
|
|move|p2a: Magnezone|Volt Switch|p1a: Sableye
|-damage|p1a: Sableye|70\/304
|c| ForeverCubone|I like the new flash cannon animation
|
|switch|p2a: Beedrill|Beedrill-Mega, M|136\/271
|move|p1a: Sableye|Recover|p1a: Sableye
|-heal|p1a: Sableye|222\/304
|
|turn|8
|
|switch|p1a: Skarmory|Skarmory, F|243\/272
|move|p2a: Beedrill|U-turn|p1a: Skarmory
|-crit|p1a: Skarmory
|-resisted|p1a: Skarmory
|-damage|p1a: Skarmory|197\/272
|c| ForeverCubone|At least i think they changed ti
|
|switch|p2a: Zapdos|Zapdos|384\/384
|-ability|p2a: Zapdos|Pressure
|
|turn|9
|c|âSmith Morra|i havent seen
|
|switch|p1a: Chansey|Chansey, F|704\/704
|move|p2a: Zapdos|Volt Switch|p1a: Chansey
|-damage|p1a: Chansey|635\/704
|c| ForeverCubone|It's like a psyshock animation
|
|switch|p2a: Beedrill|Beedrill-Mega, M|136\/271
|
|turn|10
|c|âSmith Morra|this volt switch shit is also annoying
|
|move|p2a: Beedrill|U-turn|p1a: Chansey
|-damage|p1a: Chansey|369\/704
|c| ForeverCubone|unless my comp lagged last time i saw it
|
|switch|p2a: Mamoswine|Mamoswine, M|361\/361
|move|p1a: Chansey|Stealth Rock|p2a: Mamoswine
|-sidestart|p2: ZephyrBurst|move: Stealth Rock
|
|turn|11
|c| ForeverCubone|there we go
|c| ForeverCubone|beedrill fucked up
|
|switch|p1a: Skarmory|Skarmory, F|197\/272
|move|p2a: Mamoswine|Stealth Rock|p1a: Skarmory
|-sidestart|p1: Smith Morra|move: Stealth Rock
|
|turn|12
|
|move|p2a: Mamoswine|Icicle Spear|p1a: Skarmory
|-crit|p1a: Skarmory
|-damage|p1a: Skarmory|154\/272
|-damage|p1a: Skarmory|126\/272
|-hitcount|p1a: Skarmory|2
|move|p1a: Skarmory|Roost|p1a: Skarmory
|-heal|p1a: Skarmory|262\/272
|
|turn|13
|
|move|p2a: Mamoswine|Icicle Spear|p1a: Skarmory
|-damage|p1a: Skarmory|231\/272
|-damage|p1a: Skarmory|200\/272
|-hitcount|p1a: Skarmory|2
|move|p1a: Skarmory|Spikes|p2a: Mamoswine
|-sidestart|p2: ZephyrBurst|Spikes
|
|turn|14
|
|move|p2a: Mamoswine|Icicle Spear|p1a: Skarmory
|-damage|p1a: Skarmory|170\/272
|-damage|p1a: Skarmory|140\/272
|-damage|p1a: Skarmory|109\/272
|-hitcount|p1a: Skarmory|3
|move|p1a: Skarmory|Roost|p1a: Skarmory
|-heal|p1a: Skarmory|245\/272
|
|turn|15
|
|move|p2a: Mamoswine|Icicle Spear|p1a: Skarmory
|-damage|p1a: Skarmory|215\/272
|-damage|p1a: Skarmory|184\/272
|-damage|p1a: Skarmory|151\/272
|-damage|p1a: Skarmory|120\/272
|-damage|p1a: Skarmory|89\/272
|-hitcount|p1a: Skarmory|5
|move|p1a: Skarmory|Spikes|p2a: Mamoswine
|-sidestart|p2: ZephyrBurst|Spikes
|
|turn|16
|
|move|p2a: Mamoswine|Icicle Spear|p1a: Skarmory
|-damage|p1a: Skarmory|56\/272
|-damage|p1a: Skarmory|25\/272
|-damage|p1a: Skarmory|0 fnt
|-hitcount|p1a: Skarmory|3
|faint|p1a: Skarmory
|
|c|âSmith Morra|sketch
|c| ForeverCubone|aw
|
|switch|p1a: Cresselia|Cresselia, F|444\/444
|-damage|p1a: Cresselia|389\/444|[from] Stealth Rock
|turn|17
|
|switch|p2a: Zapdos|Zapdos|384\/384
|-damage|p2a: Zapdos|288\/384|[from] Stealth Rock
|-ability|p2a: Zapdos|Pressure
|move|p1a: Cresselia|Toxic|p2a: Zapdos
|-status|p2a: Zapdos|tox
|
|-heal|p2a: Zapdos|312\/384 tox|[from] item: Leftovers
|-heal|p1a: Cresselia|416\/444|[from] item: Leftovers
|-damage|p2a: Zapdos|288\/384 tox|[from] psn
|turn|18
|
|switch|p1a: Gothitelle|Gothitelle, M|281\/281
|-damage|p1a: Gothitelle|246\/281|[from] Stealth Rock
|move|p2a: Zapdos|Defog|p1a: Gothitelle
|-unboost|p1a: Gothitelle|evasion|1
|-sideend|p1: Smith Morra|Stealth Rock|[from] move: Defog|[of] p1a: Gothitelle
|-sideend|p2: ZephyrBurst|Spikes|[from] move: Defog|[of] p2a: Zapdos
|-sideend|p2: ZephyrBurst|Stealth Rock|[from] move: Defog|[of] p2a: Zapdos
|
|-heal|p2a: Zapdos|312\/384 tox|[from] item: Leftovers
|-damage|p2a: Zapdos|264\/384 tox|[from] psn
|turn|19
|c| ForeverCubone|inb4 CM Cress
|
|move|p1a: Gothitelle|Trick|p2a: Zapdos
|-activate|p1a: Gothitelle|move: Trick|[of] p2a: Zapdos
|-item|p2a: Zapdos|Choice Scarf|[from] move: Trick
|-item|p1a: Gothitelle|Leftovers|[from] move: Trick
|move|p2a: Zapdos|Volt Switch|p1a: Gothitelle
|-damage|p1a: Gothitelle|150\/281
|c| ForeverCubone|wait defog is a roar animation now
|c| ForeverCubone|lulwot
|
|switch|p2a: Beedrill|Beedrill-Mega, M|136\/271
|
|-heal|p1a: Gothitelle|167\/281|[from] item: Leftovers
|turn|20
|c|âSmith Morra|god damn it
|
|switch|p1a: Quagsire|Quagsire, M|370\/394 tox
|move|p2a: Beedrill|U-turn|p1a: Quagsire
|-damage|p1a: Quagsire|232\/394 tox
|
|switch|p2a: Talonflame|Talonflame, M|297\/297
|
|-heal|p1a: Quagsire|256\/394 tox|[from] item: Leftovers
|-damage|p1a: Quagsire|232\/394 tox|[from] psn
|turn|21
|
|move|p2a: Talonflame|Brave Bird|p1a: Quagsire
|-damage|p1a: Quagsire|75\/394 tox
|-damage|p2a: Talonflame|245\/297|[from] recoil|[of] p1a: Quagsire
|move|p1a: Quagsire|Recover|p1a: Quagsire
|-heal|p1a: Quagsire|272\/394 tox
|
|-heal|p1a: Quagsire|296\/394 tox|[from] item: Leftovers
|-damage|p1a: Quagsire|248\/394 tox|[from] psn
|turn|22
|
|switch|p1a: Cresselia|Cresselia, F|416\/444
|move|p2a: Talonflame|U-turn|p1a: Cresselia
|-supereffective|p1a: Cresselia
|-damage|p1a: Cresselia|318\/444
|
|switch|p2a: Beedrill|Beedrill-Mega, M|136\/271
|
|-heal|p1a: Cresselia|345\/444|[from] item: Leftovers
|turn|23
|
|move|p2a: Beedrill|U-turn|p1a: Cresselia
|-supereffective|p1a: Cresselia
|-damage|p1a: Cresselia|65\/444
|
|switch|p2a: Magnezone|Magnezone|281\/281
|move|p1a: Cresselia|Moonlight|p1a: Cresselia
|-heal|p1a: Cresselia|287\/444
|
|-heal|p1a: Cresselia|314\/444|[from] item: Leftovers
|turn|24
|
|switch|p2a: Beedrill|Beedrill-Mega, M|136\/271
|move|p1a: Cresselia|Moonlight|p1a: Cresselia
|-heal|p1a: Cresselia|444\/444
|
|turn|25
|c| ForeverCubone|I like how cress ate that up
|
|move|p2a: Beedrill|U-turn|p1a: Cresselia
|-supereffective|p1a: Cresselia
|-damage|p1a: Cresselia|172\/444
|c|âSmith Morra|ikr
|
|switch|p2a: Talonflame|Talonflame, M|245\/297
|move|p1a: Cresselia|Moonlight|p1a: Cresselia
|-heal|p1a: Cresselia|394\/444
|
|-heal|p1a: Cresselia|421\/444|[from] item: Leftovers
|turn|26
|
|move|p2a: Talonflame|U-turn|p1a: Cresselia
|-supereffective|p1a: Cresselia
|-damage|p1a: Cresselia|327\/444
|c| ForeverCubone|inb4 uturn into bug
|c|âSmith Morra|things a tank
|
|switch|p2a: Mew|Mew|354\/404 tox
|move|p1a: Cresselia|Psyshock|p2a: Mew
|-resisted|p2a: Mew
|-damage|p2a: Mew|324\/404 tox
|
|-heal|p2a: Mew|349\/404 tox|[from] item: Leftovers
|-heal|p1a: Cresselia|354\/444|[from] item: Leftovers
|-damage|p2a: Mew|324\/404 tox|[from] psn
|turn|27
|c| ForeverCubone|aw
|
|switch|p2a: Magnezone|Magnezone|281\/281
|switch|p1a: Sableye|Sableye-Mega, M|222\/304
|
|turn|28
|
|switch|p1a: Quagsire|Quagsire, M|248\/394 tox
|move|p2a: Magnezone|Flash Cannon|p1a: Quagsire
|-resisted|p1a: Quagsire
|-damage|p1a: Quagsire|93\/394 tox
|
|-heal|p1a: Quagsire|117\/394 tox|[from] item: Leftovers
|-damage|p1a: Quagsire|93\/394 tox|[from] psn
|turn|29
|c| ForeverCubone|see
|c| ForeverCubone|that animation changed
|
|switch|p2a: Beedrill|Beedrill-Mega, M|136\/271
|switch|p1a: Chansey|Chansey, F|369\/704
|
|turn|30
|
|move|p2a: Beedrill|Poison Jab|p1a: Chansey
|-damage|p1a: Chansey|69\/704
|move|p1a: Chansey|Soft-Boiled|p1a: Chansey
|-heal|p1a: Chansey|421\/704
|
|turn|31
|
|move|p2a: Beedrill|Poison Jab|p1a: Chansey
|-damage|p1a: Chansey|155\/704
|move|p1a: Chansey|Soft-Boiled|p1a: Chansey
|-heal|p1a: Chansey|507\/704
|
|turn|32
|
|move|p2a: Beedrill|Poison Jab|p1a: Chansey
|-damage|p1a: Chansey|237\/704
|-status|p1a: Chansey|psn
|move|p1a: Chansey|Soft-Boiled|p1a: Chansey
|-heal|p1a: Chansey|589\/704 psn
|
|-damage|p1a: Chansey|501\/704 psn|[from] psn
|turn|33
|c| ForeverCubone|wtf chancey calm down
|
|switch|p1a: Gothitelle|Gothitelle, M|167\/281
|move|p2a: Beedrill|Poison Jab|p1a: Gothitelle
|-damage|p1a: Gothitelle|0 fnt
|faint|p1a: Gothitelle
|
|
|switch|p1a: Sableye|Sableye-Mega, M|222\/304
|turn|34
|
|move|p2a: Beedrill|U-turn|p1a: Sableye
|-damage|p1a: Sableye|104\/304
|
|switch|p2a: Magnezone|Magnezone|281\/281
|move|p1a: Sableye|Recover|p1a: Sableye
|-heal|p1a: Sableye|256\/304
|
|turn|35
|
|move|p2a: Magnezone|Volt Switch|p1a: Sableye
|-damage|p1a: Sableye|84\/304
|
|switch|p2a: Beedrill|Beedrill-Mega, M|136\/271
|move|p1a: Sableye|Recover|p1a: Sableye
|-heal|p1a: Sableye|236\/304
|
|turn|36
|
|move|p2a: Beedrill|U-turn|p1a: Sableye
|-damage|p1a: Sableye|122\/304
|
|switch|p2a: Magnezone|Magnezone|281\/281
|move|p1a: Sableye|Recover|p1a: Sableye
|-heal|p1a: Sableye|274\/304
|
|turn|37
|
|move|p2a: Magnezone|Flash Cannon|p1a: Sableye
|-crit|p1a: Sableye
|-damage|p1a: Sableye|0 fnt
|faint|p1a: Sableye
|
|
|switch|p1a: Chansey|Chansey, F|501\/704
|turn|38
|
|switch|p2a: Mew|Mew|324\/404 tox
|move|p1a: Chansey|Aromatherapy|p1a: Chansey
|-cureteam|p1a: Chansey|[from] move: Aromatherapy
|
|-heal|p2a: Mew|349\/404 tox|[from] item: Leftovers
|-damage|p2a: Mew|324\/404 tox|[from] psn
|turn|39
|
|move|p2a: Mew|Knock Off|p1a: Chansey
|-damage|p1a: Chansey|406\/704
|-enditem|p1a: Chansey|Eviolite|[from] move: Knock Off|[of] p2a: Mew
|move|p1a: Chansey|Stealth Rock|p2a: Mew
|-sidestart|p2: ZephyrBurst|move: Stealth Rock
|
|-heal|p2a: Mew|349\/404 tox|[from] item: Leftovers
|-damage|p2a: Mew|299\/404 tox|[from] psn
|turn|40
|
|move|p2a: Mew|Taunt|p1a: Chansey
|-start|p1a: Chansey|move: Taunt
|cant|p1a: Chansey|move: Taunt|Soft-Boiled
|
|-heal|p2a: Mew|324\/404 tox|[from] item: Leftovers
|-damage|p2a: Mew|249\/404 tox|[from] psn
|turn|41
|
|switch|p2a: Zapdos|Zapdos|264\/384 tox
|-damage|p2a: Zapdos|168\/384 tox|[from] Stealth Rock
|-ability|p2a: Zapdos|Pressure
|switch|p1a: Cresselia|Cresselia, F|354\/444
|
|-heal|p1a: Cresselia|381\/444|[from] item: Leftovers
|-damage|p2a: Zapdos|144\/384 tox|[from] psn
|turn|42
|
|switch|p1a: Quagsire|Quagsire, M|93\/394
|move|p2a: Zapdos|Defog|p1a: Quagsire
|-unboost|p1a: Quagsire|evasion|1
|-sideend|p2: ZephyrBurst|Stealth Rock|[from] move: Defog|[of] p2a: Zapdos
|
|-heal|p1a: Quagsire|117\/394|[from] item: Leftovers
|-damage|p2a: Zapdos|96\/384 tox|[from] psn
|turn|43
|
|switch|p2a: Mamoswine|Mamoswine, M|361\/361
|move|p1a: Quagsire|Recover|p1a: Quagsire
|-heal|p1a: Quagsire|314\/394
|
|-heal|p1a: Quagsire|338\/394|[from] item: Leftovers
|turn|44
|c|âSmith Morra|I believe in the core
|
|switch|p1a: Cresselia|Cresselia, F|381\/444
|move|p2a: Mamoswine|Earthquake|p1a: Cresselia
|-immune|p1a: Cresselia|[msg]
|
|-heal|p1a: Cresselia|408\/444|[from] item: Leftovers
|turn|45
|c| ForeverCubone|the core is fucked bcuz of bee now
|
|switch|p2a: Magnezone|Magnezone|281\/281
|move|p1a: Cresselia|Toxic|p2a: Magnezone
|-fail|p2a: Magnezone
|
|-heal|p1a: Cresselia|435\/444|[from] item: Leftovers
|turn|46
|
|move|p2a: Magnezone|Flash Cannon|p1a: Cresselia
|-damage|p1a: Cresselia|249\/444
|move|p1a: Cresselia|Psyshock|p2a: Magnezone
|-resisted|p2a: Magnezone
|-damage|p2a: Magnezone|250\/281
|
|-heal|p1a: Cresselia|276\/444|[from] item: Leftovers
|turn|47
|c|âSmith Morra|1 hit
|c|âSmith Morra|and its dead
|
|move|p2a: Magnezone|Flash Cannon|p1a: Cresselia
|-damage|p1a: Cresselia|96\/444
|move|p1a: Cresselia|Moonlight|p1a: Cresselia
|-heal|p1a: Cresselia|318\/444
|
|-heal|p1a: Cresselia|345\/444|[from] item: Leftovers
|turn|48
|
|switch|p1a: Chansey|Chansey, F|406\/704
|move|p2a: Magnezone|Flash Cannon|p1a: Chansey
|-damage|p1a: Chansey|169\/704
|
|turn|49
|c|âSmith Morra|damn
|c|âSmith Morra|that damage
|
|move|p2a: Magnezone|Flash Cannon|p1a: Chansey
|-damage|p1a: Chansey|0 fnt
|faint|p1a: Chansey
|
|
|switch|p1a: Quagsire|Quagsire, M|338\/394
|turn|50
|
|switch|p2a: Zapdos|Zapdos|96\/384 tox
|-ability|p2a: Zapdos|Pressure
|move|p1a: Quagsire|Earthquake|p2a: Zapdos
|-immune|p2a: Zapdos|[msg]
|
|-heal|p1a: Quagsire|362\/394|[from] item: Leftovers
|-damage|p2a: Zapdos|72\/384 tox|[from] psn
|turn|51
|
|switch|p1a: Cresselia|Cresselia, F|345\/444
|move|p2a: Zapdos|Volt Switch|p1a: Cresselia
|-damage|p1a: Cresselia|272\/444
|
|switch|p2a: Beedrill|Beedrill-Mega, M|136\/271
|
|-heal|p1a: Cresselia|299\/444|[from] item: Leftovers
|turn|52
|
|move|p2a: Beedrill|U-turn|p1a: Cresselia
|-supereffective|p1a: Cresselia
|-damage|p1a: Cresselia|51\/444
|
|switch|p2a: Talonflame|Talonflame, M|245\/297
|move|p1a: Cresselia|Moonlight|p1a: Cresselia
|-heal|p1a: Cresselia|273\/444
|
|-heal|p1a: Cresselia|300\/444|[from] item: Leftovers
|turn|53
|
|move|p2a: Talonflame|U-turn|p1a: Cresselia
|-supereffective|p1a: Cresselia
|-damage|p1a: Cresselia|200\/444
|
|switch|p2a: Magnezone|Magnezone|250\/281
|move|p1a: Cresselia|Moonlight|p1a: Cresselia
|-heal|p1a: Cresselia|422\/444
|
|-heal|p1a: Cresselia|444\/444|[from] item: Leftovers
|turn|54
|
|switch|p1a: Quagsire|Quagsire, M|362\/394
|move|p2a: Magnezone|Flash Cannon|p1a: Quagsire
|-resisted|p1a: Quagsire
|-damage|p1a: Quagsire|209\/394
|
|-heal|p1a: Quagsire|233\/394|[from] item: Leftovers
|turn|55
|
|move|p2a: Magnezone|Flash Cannon|p1a: Quagsire
|-resisted|p1a: Quagsire
|-damage|p1a: Quagsire|78\/394
|move|p1a: Quagsire|Recover|p1a: Quagsire
|-heal|p1a: Quagsire|275\/394
|
|-heal|p1a: Quagsire|299\/394|[from] item: Leftovers
|turn|56
|
|switch|p2a: Mew|Mew|249\/404 tox
|move|p1a: Quagsire|Recover|p1a: Quagsire
|-heal|p1a: Quagsire|394\/394
|
|-heal|p2a: Mew|274\/404 tox|[from] item: Leftovers
|-damage|p2a: Mew|249\/404 tox|[from] psn
|turn|57
|
|move|p2a: Mew|Knock Off|p1a: Quagsire
|-damage|p1a: Quagsire|333\/394
|-enditem|p1a: Quagsire|Leftovers|[from] move: Knock Off|[of] p2a: Mew
|move|p1a: Quagsire|Earthquake|p2a: Mew
|-damage|p2a: Mew|156\/404 tox
|
|-heal|p2a: Mew|181\/404 tox|[from] item: Leftovers
|-damage|p2a: Mew|131\/404 tox|[from] psn
|turn|58
|
|move|p2a: Mew|Soft-Boiled|p2a: Mew
|-heal|p2a: Mew|333\/404 tox
|move|p1a: Quagsire|Earthquake|p2a: Mew
|-damage|p2a: Mew|254\/404 tox
|
|-heal|p2a: Mew|279\/404 tox|[from] item: Leftovers
|-damage|p2a: Mew|204\/404 tox|[from] psn
|turn|59
|
|switch|p2a: Zapdos|Zapdos|72\/384 tox
|-ability|p2a: Zapdos|Pressure
|move|p1a: Quagsire|Scald|p2a: Zapdos
|-crit|p2a: Zapdos
|-damage|p2a: Zapdos|0 fnt
|faint|p2a: Zapdos
|
|c| ForeverCubone|you much beleive
|
|switch|p2a: Mew|Mew|204\/404 tox
|turn|60
|
|move|p2a: Mew|Will-O-Wisp|p1a: Quagsire|[miss]
|-miss|p2a: Mew|p1a: Quagsire
|move|p1a: Quagsire|Earthquake|p2a: Mew
|-damage|p2a: Mew|125\/404 tox
|
|-heal|p2a: Mew|150\/404 tox|[from] item: Leftovers
|-damage|p2a: Mew|125\/404 tox|[from] psn
|turn|61
|c| ForeverCubone|predicted the miss
|c| ForeverCubone|nice nice
|
|move|p2a: Mew|Will-O-Wisp|p1a: Quagsire
|-status|p1a: Quagsire|brn
|move|p1a: Quagsire|Earthquake|p2a: Mew
|-damage|p2a: Mew|83\/404 tox
|
|-heal|p2a: Mew|108\/404 tox|[from] item: Leftovers
|-damage|p2a: Mew|58\/404 tox|[from] psn
|-damage|p1a: Quagsire|284\/394 brn|[from] brn
|turn|62
|
|move|p2a: Mew|Soft-Boiled|p2a: Mew
|-heal|p2a: Mew|260\/404 tox
|move|p1a: Quagsire|Scald|p2a: Mew
|-damage|p2a: Mew|194\/404 tox
|
|-heal|p2a: Mew|219\/404 tox|[from] item: Leftovers
|-damage|p2a: Mew|144\/404 tox|[from] psn
|-damage|p1a: Quagsire|235\/394 brn|[from] brn
|turn|63
|
|switch|p2a: Mamoswine|Mamoswine, M|361\/361
|move|p1a: Quagsire|Recover|p1a: Quagsire
|-heal|p1a: Quagsire|394\/394 brn
|
|-damage|p1a: Quagsire|345\/394 brn|[from] brn
|turn|64
|
|switch|p1a: Cresselia|Cresselia, F|444\/444
|move|p2a: Mamoswine|Icicle Spear|p1a: Cresselia
|-damage|p1a: Cresselia|413\/444
|-damage|p1a: Cresselia|383\/444
|-damage|p1a: Cresselia|352\/444
|-damage|p1a: Cresselia|318\/444
|-crit|p1a: Cresselia
|-damage|p1a: Cresselia|269\/444
|-hitcount|p1a: Cresselia|5
|
|-heal|p1a: Cresselia|296\/444|[from] item: Leftovers
|turn|65
|
|move|p2a: Mamoswine|Stealth Rock|p1a: Cresselia
|-sidestart|p1: Smith Morra|move: Stealth Rock
|move|p1a: Cresselia|Moonlight|p1a: Cresselia
|-heal|p1a: Cresselia|444\/444
|
|turn|66
|c|âSmith Morra|never meant to ladder on this alt <.<
|c|âSmith Morra|shouldnt have been broken tho
|c| ForeverCubone|Oops
|c|âSmith Morra|bad play
|
|move|p2a: Mamoswine|Icicle Spear|p1a: Cresselia
|-damage|p1a: Cresselia|414\/444
|-damage|p1a: Cresselia|386\/444
|-damage|p1a: Cresselia|356\/444
|-hitcount|p1a: Cresselia|3
|move|p1a: Cresselia|Toxic|p2a: Mamoswine
|-status|p2a: Mamoswine|tox
|
|-heal|p1a: Cresselia|383\/444|[from] item: Leftovers
|-damage|p2a: Mamoswine|339\/361 tox|[from] psn
|turn|67
|
|move|p2a: Mamoswine|Icicle Spear|p1a: Cresselia
|-crit|p1a: Cresselia
|-damage|p1a: Cresselia|337\/444
|-damage|p1a: Cresselia|306\/444
|-damage|p1a: Cresselia|275\/444
|-damage|p1a: Cresselia|245\/444
|-damage|p1a: Cresselia|214\/444
|-hitcount|p1a: Cresselia|5
|move|p1a: Cresselia|Psyshock|p2a: Mamoswine
|-damage|p2a: Mamoswine|251\/361 tox
|
|-heal|p1a: Cresselia|241\/444|[from] item: Leftovers
|-damage|p2a: Mamoswine|207\/361 tox|[from] psn
|turn|68
|c| ForeverCubone|The icicle spear fucked you up
|c|âSmith Morra|yeah def
|c|âSmith Morra|go to cress
|c|âSmith Morra|being greedy
|
|move|p2a: Mamoswine|Icicle Spear|p1a: Cresselia
|-damage|p1a: Cresselia|213\/444
|-damage|p1a: Cresselia|182\/444
|-damage|p1a: Cresselia|152\/444
|-hitcount|p1a: Cresselia|3
|move|p1a: Cresselia|Moonlight|p1a: Cresselia
|-heal|p1a: Cresselia|374\/444
|
|-heal|p1a: Cresselia|401\/444|[from] item: Leftovers
|-damage|p2a: Mamoswine|141\/361 tox|[from] psn
|turn|69
|
|move|p2a: Mamoswine|Icicle Spear|p1a: Cresselia
|-damage|p1a: Cresselia|371\/444
|-damage|p1a: Cresselia|341\/444
|-damage|p1a: Cresselia|308\/444
|-damage|p1a: Cresselia|280\/444
|-hitcount|p1a: Cresselia|4
|move|p1a: Cresselia|Psyshock|p2a: Mamoswine
|-damage|p2a: Mamoswine|59\/361 tox
|
|-heal|p1a: Cresselia|307\/444|[from] item: Leftovers
|-damage|p2a: Mamoswine|0 fnt|[from] psn
|faint|p2a: Mamoswine
|c| ForeverCubone|now he waits till he gets bee in
|
|switch|p2a: Beedrill|Beedrill-Mega, M|136\/271
|turn|70
|
|switch|p1a: Quagsire|Quagsire, M|345\/394 brn
|-damage|p1a: Quagsire|321\/394 brn|[from] Stealth Rock
|move|p2a: Beedrill|U-turn|p1a: Quagsire
|-damage|p1a: Quagsire|185\/394 brn
|
|switch|p2a: Magnezone|Magnezone|250\/281
|
|-damage|p1a: Quagsire|136\/394 brn|[from] brn
|turn|71
|c|âSmith Morra|no more moonlight
|
|move|p2a: Magnezone|Flash Cannon|p1a: Quagsire
|-resisted|p1a: Quagsire
|-damage|p1a: Quagsire|0 fnt
|faint|p1a: Quagsire
|
|c|âSmith Morra|gg
|-message|Smith Morra forfeited.
|
|win|ZephyrBurst
|raw|Ladder updating...
|leave|Smith Morra
|player|p1
|raw|Smith Morra's rating: 1600 &rarr; <strong>1573<\/strong><br \/>(-27 for losing)
|raw|ZephyrBurst's rating: 1459 &rarr; <strong>1487<\/strong><br \/>(+28 for winning)
|leave|ForeverCubone