|join|Swagilyph
|join|ZephyrBurst
|player|p1|Swagilyph|188
|player|p2|ZephyrBurst|102
|gametype|singles
|gen|6
|tier|ORAS OU
|rated
|rule|Sleep Clause Mod: Limit one foe put to sleep
|rule|Species Clause: Limit one of each PokÃ©mon
|rule|OHKO Clause: OHKO moves are banned
|rule|Moody Clause: Moody is banned
|rule|Evasion Moves Clause: Evasion moves are banned
|rule|Endless Battle Clause: Forcing endless battles is banned
|rule|HP Percentage Mod: HP is shown in percentages
|clearpoke
|poke|p1|Sceptile, M
|poke|p1|Rotom-Wash
|poke|p1|Gothitelle, M
|poke|p1|Sylveon, M
|poke|p1|Chansey, F
|poke|p1|Latias, F
|poke|p2|Beedrill, F
|poke|p2|Mamoswine, M
|poke|p2|Magnezone
|poke|p2|Zapdos
|poke|p2|Mew
|poke|p2|Talonflame, F
|rule|Swagger Clause: Swagger is banned
|rule|Baton Pass Clause: Limit one PokÃ©mon knowing Baton Pass
|teampreview
|
|start
|switch|p1a: Rotom-Wash|Rotom-Wash|304\/304
|switch|p2a: Mamoswine|Mamoswine, M|361\/361
|turn|1
|
|switch|p2a: Mew|Mew|404\/404
|move|p1a: Rotom-Wash|Will-O-Wisp|p2a: Mew
|-status|p2a: Mew|brn
|-status|p1a: Rotom-Wash|brn
|
|-damage|p2a: Mew|354\/404 brn|[from] brn
|-damage|p1a: Rotom-Wash|266\/304 brn|[from] brn
|turn|2
|join|TheRogerRabbit
|join|cm22
|
|move|p2a: Mew|Knock Off|p1a: Rotom-Wash
|-damage|p1a: Rotom-Wash|239\/304 brn
|-enditem|p1a: Rotom-Wash|Leftovers|[from] move: Knock Off|[of] p2a: Mew
|move|p1a: Rotom-Wash|Volt Switch|p2a: Mew
|-damage|p2a: Mew|273\/404 brn
|
|switch|p1a: Gothitelle|Gothitelle, M|344\/344
|
|-heal|p2a: Mew|298\/404 brn|[from] item: Leftovers
|-damage|p2a: Mew|248\/404 brn|[from] brn
|turn|3
|
|move|p1a: Gothitelle|Trick|p2a: Mew
|-activate|p1a: Gothitelle|move: Trick|[of] p2a: Mew
|-item|p2a: Mew|Choice Scarf|[from] move: Trick
|-item|p1a: Gothitelle|Leftovers|[from] move: Trick
|move|p2a: Mew|Knock Off|p1a: Gothitelle
|-supereffective|p1a: Gothitelle
|-damage|p1a: Gothitelle|268\/344
|-enditem|p1a: Gothitelle|Leftovers|[from] move: Knock Off|[of] p2a: Mew
|
|-damage|p2a: Mew|198\/404 brn|[from] brn
|turn|4
|
|move|p2a: Mew|Knock Off|p1a: Gothitelle
|-supereffective|p1a: Gothitelle
|-damage|p1a: Gothitelle|214\/344
|move|p1a: Gothitelle|Rest|p1a: Gothitelle
|-status|p1a: Gothitelle|slp
|-heal|p1a: Gothitelle|344\/344 slp|[silent]
|-status|p1a: Gothitelle|slp|[from] move: Rest
|
|-damage|p2a: Mew|148\/404 brn|[from] brn
|turn|5
|
|move|p2a: Mew|Knock Off|p1a: Gothitelle
|-supereffective|p1a: Gothitelle
|-damage|p1a: Gothitelle|288\/344 slp
|cant|p1a: Gothitelle|slp
|
|-damage|p2a: Mew|98\/404 brn|[from] brn
|turn|6
|
|move|p2a: Mew|Knock Off|p1a: Gothitelle
|-supereffective|p1a: Gothitelle
|-damage|p1a: Gothitelle|234\/344 slp
|cant|p1a: Gothitelle|slp
|
|-damage|p2a: Mew|48\/404 brn|[from] brn
|turn|7
|
|move|p2a: Mew|Knock Off|p1a: Gothitelle
|-supereffective|p1a: Gothitelle
|-damage|p1a: Gothitelle|180\/344 slp
|-curestatus|p1a: Gothitelle|slp
|move|p1a: Gothitelle|Trick|p2a: Mew
|-activate|p1a: Gothitelle|move: Trick|[of] p2a: Mew
|-item|p1a: Gothitelle|Choice Scarf|[from] move: Trick
|
|-damage|p2a: Mew|0 fnt|[from] brn
|faint|p2a: Mew
|
|switch|p2a: Beedrill|Beedrill, F|271\/271
|turn|8
|
|detailschange|p2a: Beedrill|Beedrill-Mega, F
|message|Beedrill has Mega Evolved into Mega Beedrill!
|move|p2a: Beedrill|Protect|p2a: Beedrill
|-singleturn|p2a: Beedrill|Protect
|move|p1a: Gothitelle|Psychic|p2a: Beedrill
|-activate|p2a: Beedrill|Protect
|
|turn|9
|
|move|p2a: Beedrill|U-turn|p1a: Gothitelle
|-crit|p1a: Gothitelle
|-supereffective|p1a: Gothitelle
|-damage|p1a: Gothitelle|0 fnt
|faint|p1a: Gothitelle
|
|switch|p2a: Magnezone|Magnezone|281\/281
|
|
|switch|p1a: Sceptile|Sceptile, M|282\/282
|turn|10
|
|switch|p2a: Talonflame|Talonflame, F|297\/297
|detailschange|p1a: Sceptile|Sceptile-Mega, M
|message|Sceptile has Mega Evolved into Mega Sceptile!
|move|p1a: Sceptile|Focus Blast|p2a: Talonflame
|-resisted|p2a: Talonflame
|-damage|p2a: Talonflame|191\/297
|
|turn|11
|
|move|p2a: Talonflame|Brave Bird|p1a: Sceptile
|-supereffective|p1a: Sceptile
|-damage|p1a: Sceptile|0 fnt
|-damage|p2a: Talonflame|98\/297|[from] recoil|[of] p1a: Sceptile
|faint|p1a: Sceptile
|
|
|switch|p1a: Rotom-Wash|Rotom-Wash|239\/304 brn
|turn|12
|
|move|p2a: Talonflame|U-turn|p1a: Rotom-Wash
|-damage|p1a: Rotom-Wash|192\/304 brn
|
|switch|p2a: Magnezone|Magnezone|281\/281
|move|p1a: Rotom-Wash|Hydro Pump|p2a: Magnezone
|-damage|p2a: Magnezone|130\/281
|
|-damage|p1a: Rotom-Wash|154\/304 brn|[from] brn
|turn|13
|
|switch|p1a: Sylveon|Sylveon, M|394\/394
|move|p2a: Magnezone|Volt Switch|p1a: Sylveon
|-damage|p1a: Sylveon|241\/394
|
|switch|p2a: Beedrill|Beedrill-Mega, F|271\/271
|
|-heal|p1a: Sylveon|265\/394|[from] item: Leftovers
|turn|14
|-message|Swagilyph forfeited.
|
|win|ZephyrBurst
|raw|Ladder updating...
|leave|Swagilyph
|player|p1
|raw|Swagilyph's rating: 1432 &rarr; <strong>1414<\/strong><br \/>(-18 for losing)
|raw|ZephyrBurst's rating: 1464 &rarr; <strong>1482<\/strong><br \/>(+18 for winning)