|join|ZephyrBurst
|join|Andrewmon
|player|p1|ZephyrBurst|102
|player|p2|Andrewmon|37
|gametype|singles
|gen|6
|tier|OU
|rated
|clearpoke
|poke|p1|Bisharp, M
|poke|p1|Garchomp, M
|poke|p1|Starmie
|poke|p1|Greninja, M
|poke|p1|Sylveon, M
|poke|p1|Manectric, M
|poke|p2|Charizard, M
|poke|p2|Sylveon, F
|poke|p2|Gengar, M
|poke|p2|Excadrill, M
|poke|p2|Dugtrio, M
|poke|p2|Tyranitar, M
|rule|Swagger Clause: Swagger is banned
|rule|Baton Pass Clause: Limit one PokÃ©mon knowing Baton Pass
|rule|Sleep Clause Mod: Limit one foe put to sleep
|rule|Species Clause: Limit one of each PokÃ©mon
|rule|OHKO Clause: OHKO moves are banned
|rule|Moody Clause: Moody is banned
|rule|Evasion Moves Clause: Evasion moves are banned
|rule|Endless Battle Clause: Forcing endless battles is banned
|rule|HP Percentage Mod: HP is shown in percentages
|teampreview
|
|start
|switch|p1a: Garchomp|Garchomp, M|420\/420
|switch|p2a: Gengar|Gengar, M|272\/272
|turn|1
|
|move|p2a: Gengar|Taunt|p1a: Garchomp
|-start|p1a: Garchomp|move: Taunt
|cant|p1a: Garchomp|move: Taunt|Stealth Rock
|
|turn|2
|
|move|p2a: Gengar|Will-O-Wisp|p1a: Garchomp
|-status|p1a: Garchomp|brn
|move|p1a: Garchomp|Dragon Tail|p2a: Gengar
|-damage|p2a: Gengar|214\/272
|drag|p2a: Charizard|Charizard, M|359\/359
|
|-damage|p1a: Garchomp|368\/420 brn|[from] brn
|turn|3
|
|switch|p2a: Gengar|Gengar, M|214\/272
|move|p1a: Garchomp|Dragon Tail|p2a: Gengar
|-damage|p2a: Gengar|163\/272
|drag|p2a: Charizard|Charizard, M|359\/359
|
|-damage|p1a: Garchomp|316\/420 brn|[from] brn
|-end|p1a: Garchomp|move: Taunt
|turn|4
|c|âAndrewmon|fucker
|
|switch|p2a: Gengar|Gengar, M|163\/272
|move|p1a: Garchomp|Stealth Rock|p2a: Gengar
|-sidestart|p2: Andrewmon|move: Stealth Rock
|
|-heal|p2a: Gengar|180\/272|[from] item: Black Sludge
|-damage|p1a: Garchomp|264\/420 brn|[from] brn
|turn|5
|
|move|p2a: Gengar|Substitute|p2a: Gengar
|-start|p2a: Gengar|Substitute
|-damage|p2a: Gengar|112\/272
|move|p1a: Garchomp|Dragon Tail|p2a: Gengar
|-crit|p2a: Gengar
|-end|p2a: Gengar|Substitute
|
|-heal|p2a: Gengar|129\/272|[from] item: Black Sludge
|-damage|p1a: Garchomp|212\/420 brn|[from] brn
|turn|6
|c|âAndrewmon|ofcourse
|
|switch|p1a: Manectric|Manectric, M|281\/281
|move|p2a: Gengar|Substitute|p2a: Gengar
|-start|p2a: Gengar|Substitute
|-damage|p2a: Gengar|61\/272
|
|-heal|p2a: Gengar|78\/272|[from] item: Black Sludge
|turn|7
|
|detailschange|p1a: Manectric|Manectric-Mega, M
|message|Manectric has Mega Evolved into Mega Manectric!
|-activate|p2a: Gengar|Substitute|ability: Intimidate|[of] p1a: Manectric
|move|p2a: Gengar|Will-O-Wisp|p1a: Manectric
|-status|p1a: Manectric|brn
|move|p1a: Manectric|Volt Switch|p2a: Gengar
|-end|p2a: Gengar|Substitute
|
|switch|p1a: Greninja|Greninja, M|286\/286
|
|-heal|p2a: Gengar|95\/272|[from] item: Black Sludge
|turn|8
|
|switch|p2a: Sylveon|Sylveon, F|394\/394
|-damage|p2a: Sylveon|345\/394|[from] Stealth Rock
|move|p1a: Greninja|Ice Beam|p2a: Sylveon
|-start|p1a: Greninja|typechange|Ice|[from] Protean
|-crit|p2a: Sylveon
|-damage|p2a: Sylveon|131\/394
|-damage|p1a: Greninja|258\/286|[from] item: Life Orb
|
|-heal|p2a: Sylveon|155\/394|[from] item: Leftovers
|turn|9
|
|switch|p1a: Sylveon|Sylveon, M|394\/394
|move|p2a: Sylveon|Protect|p2a: Sylveon
|-fail|p2a: Sylveon
|
|-heal|p2a: Sylveon|179\/394|[from] item: Leftovers
|turn|10
|
|switch|p1a: Bisharp|Bisharp, M|271\/271
|move|p2a: Sylveon|Wish|p2a: Sylveon
|
|-heal|p2a: Sylveon|203\/394|[from] item: Leftovers
|turn|11
|
|switch|p2a: Charizard|Charizard, M|359\/359
|-damage|p2a: Charizard|180\/359|[from] Stealth Rock
|move|p1a: Bisharp|Swords Dance|p1a: Bisharp
|-boost|p1a: Bisharp|atk|2
|
|-heal|p2a: Charizard|359\/359|[from] move: Wish|[wisher] Sylveon
|turn|12
|
|move|p2a: Charizard|Will-O-Wisp|p1a: Bisharp
|-status|p1a: Bisharp|brn
|move|p1a: Bisharp|Knock Off|p2a: Charizard
|-damage|p2a: Charizard|190\/359
|-damage|p1a: Bisharp|244\/271 brn|[from] item: Life Orb
|
|-damage|p1a: Bisharp|211\/271 brn|[from] brn
|turn|13
|
|switch|p1a: Starmie|Starmie|323\/323
|detailschange|p2a: Charizard|Charizard-Mega-Y, M
|message|Charizard has Mega Evolved into Mega Charizard!
|-weather|SunnyDay
|move|p2a: Charizard|Roost|p2a: Charizard
|-heal|p2a: Charizard|359\/359
|
|-weather|SunnyDay|[upkeep]
|turn|14
|
|switch|p1a: Sylveon|Sylveon, M|394\/394
|move|p2a: Charizard|Solar Beam|p1a: Sylveon|[still]
|-prepare|p2a: Charizard|Solar Beam|p1a: Sylveon
|-anim|p2a: Charizard|Solar Beam|p1a: Sylveon
|-damage|p1a: Sylveon|291\/394
|
|-weather|SunnyDay|[upkeep]
|-heal|p1a: Sylveon|315\/394|[from] item: Leftovers
|turn|15
|
|switch|p2a: Excadrill|Excadrill, M|385\/385
|-damage|p2a: Excadrill|373\/385|[from] Stealth Rock
|move|p1a: Sylveon|Heal Bell|p1a: Sylveon
|-cureteam|p1a: Sylveon|[from] move: HealBell
|
|-weather|SunnyDay|[upkeep]
|-heal|p2a: Excadrill|385\/385|[from] item: Leftovers
|-heal|p1a: Sylveon|339\/394|[from] item: Leftovers
|turn|16
|
|switch|p1a: Garchomp|Garchomp, M|212\/420
|move|p2a: Excadrill|Earthquake|p1a: Garchomp
|-damage|p1a: Garchomp|80\/420
|
|-weather|SunnyDay|[upkeep]
|turn|17
|
|switch|p2a: Gengar|Gengar, M|95\/272
|-damage|p2a: Gengar|61\/272|[from] Stealth Rock
|move|p1a: Garchomp|Dragon Tail|p2a: Gengar
|-damage|p2a: Gengar|0 fnt
|faint|p2a: Gengar
|
|-weather|none
|c|âAndrewmon|fuck, i knew it
|
|switch|p2a: Tyranitar|Tyranitar, M|373\/373
|-damage|p2a: Tyranitar|327\/373|[from] Stealth Rock
|-weather|Sandstorm
|turn|18
|
|move|p1a: Garchomp|Earthquake|p2a: Tyranitar
|-supereffective|p2a: Tyranitar
|-damage|p2a: Tyranitar|79\/373
|move|p2a: Tyranitar|Ice Beam|p1a: Garchomp
|-supereffective|p1a: Garchomp
|-damage|p1a: Garchomp|0 fnt
|faint|p1a: Garchomp
|
|-weather|Sandstorm|[upkeep]
|-heal|p2a: Tyranitar|102\/373|[from] item: Leftovers
|
|switch|p1a: Manectric|Manectric-Mega, M|281\/281
|-ability|p1a: Manectric|Intimidate|[of] p2a: Tyranitar
|-unboost|p2a: Tyranitar|atk|1
|turn|19
|
|move|p1a: Manectric|Thunderbolt|p2a: Tyranitar
|-damage|p2a: Tyranitar|8\/373
|move|p2a: Tyranitar|Pursuit|p1a: Manectric
|-damage|p1a: Manectric|236\/281
|
|-weather|Sandstorm|[upkeep]
|-damage|p1a: Manectric|219\/281|[from] sandstorm
|-heal|p2a: Tyranitar|31\/373|[from] item: Leftovers
|turn|20
|
|switch|p2a: Excadrill|Excadrill, M|385\/385
|-damage|p2a: Excadrill|373\/385|[from] Stealth Rock
|move|p1a: Manectric|Hidden Power|p2a: Excadrill
|-damage|p2a: Excadrill|291\/385
|
|-weather|Sandstorm|[upkeep]
|-damage|p1a: Manectric|202\/281|[from] sandstorm
|-heal|p2a: Excadrill|315\/385|[from] item: Leftovers
|turn|21
|
|move|p2a: Excadrill|Rapid Spin|p1a: Manectric
|-crit|p1a: Manectric
|-damage|p1a: Manectric|154\/281
|-sideend|p2: Andrewmon|Stealth Rock|[from] move: Rapid Spin|[of] p2a: Excadrill
|move|p1a: Manectric|Overheat|p2a: Excadrill
|-supereffective|p2a: Excadrill
|-damage|p2a: Excadrill|0 fnt
|-unboost|p1a: Manectric|spa|2
|faint|p2a: Excadrill
|
|-weather|Sandstorm|[upkeep]
|-damage|p1a: Manectric|137\/281|[from] sandstorm
|c|âAndrewmon|good predict
|
|switch|p2a: Dugtrio|Dugtrio, M|211\/211
|turn|22
|
|move|p1a: Manectric|Hidden Power|p2a: Dugtrio
|-supereffective|p2a: Dugtrio
|-damage|p2a: Dugtrio|105\/211
|move|p2a: Dugtrio|Earthquake|p1a: Manectric
|-crit|p1a: Manectric
|-supereffective|p1a: Manectric
|-damage|p1a: Manectric|0 fnt
|faint|p1a: Manectric
|
|-weather|none
|
|switch|p1a: Greninja|Greninja, M|258\/286
|turn|23
|
|switch|p2a: Tyranitar|Tyranitar, M|31\/373
|-weather|Sandstorm
|move|p1a: Greninja|Ice Beam|p2a: Tyranitar
|-start|p1a: Greninja|typechange|Ice|[from] Protean
|-damage|p2a: Tyranitar|0 fnt
|-damage|p1a: Greninja|230\/286|[from] item: Life Orb
|faint|p2a: Tyranitar
|
|-weather|Sandstorm|[upkeep]
|-damage|p1a: Greninja|213\/286|[from] sandstorm
|
|switch|p2a: Sylveon|Sylveon, F|203\/394
|turn|24
|
|switch|p1a: Starmie|Starmie|323\/323
|move|p2a: Sylveon|Wish|p2a: Sylveon
|
|-weather|Sandstorm|[upkeep]
|-damage|p1a: Starmie|303\/323|[from] sandstorm
|-damage|p2a: Sylveon|179\/394|[from] sandstorm
|-heal|p1a: Starmie|323\/323|[from] item: Leftovers
|-heal|p2a: Sylveon|203\/394|[from] item: Leftovers
|turn|25
|
|move|p1a: Starmie|Scald|p2a: Sylveon
|-damage|p2a: Sylveon|133\/394
|move|p2a: Sylveon|Hyper Voice|p1a: Starmie
|-damage|p1a: Starmie|157\/323
|
|-weather|Sandstorm|[upkeep]
|-damage|p1a: Starmie|137\/323|[from] sandstorm
|-damage|p2a: Sylveon|109\/394|[from] sandstorm
|-heal|p2a: Sylveon|306\/394|[from] move: Wish|[wisher] Sylveon
|-heal|p1a: Starmie|157\/323|[from] item: Leftovers
|-heal|p2a: Sylveon|330\/394|[from] item: Leftovers
|turn|26
|
|move|p1a: Starmie|Recover|p1a: Starmie
|-heal|p1a: Starmie|319\/323
|move|p2a: Sylveon|Wish|p2a: Sylveon
|
|-weather|Sandstorm|[upkeep]
|-damage|p1a: Starmie|299\/323|[from] sandstorm
|-damage|p2a: Sylveon|306\/394|[from] sandstorm
|-heal|p1a: Starmie|319\/323|[from] item: Leftovers
|-heal|p2a: Sylveon|330\/394|[from] item: Leftovers
|turn|27
|
|switch|p1a: Sylveon|Sylveon, M|339\/394
|move|p2a: Sylveon|Hyper Voice|p1a: Sylveon
|-damage|p1a: Sylveon|219\/394
|
|-weather|none
|-heal|p2a: Sylveon|394\/394|[from] move: Wish|[wisher] Sylveon
|-heal|p1a: Sylveon|243\/394|[from] item: Leftovers
|turn|28
|
|move|p1a: Sylveon|Wish|p1a: Sylveon
|move|p2a: Sylveon|Hyper Voice|p1a: Sylveon
|-damage|p1a: Sylveon|117\/394
|
|-heal|p1a: Sylveon|141\/394|[from] item: Leftovers
|turn|29
|
|move|p1a: Sylveon|Protect|p1a: Sylveon
|-singleturn|p1a: Sylveon|Protect
|move|p2a: Sylveon|Hyper Voice|p1a: Sylveon
|-activate|p1a: Sylveon|Protect
|
|-heal|p1a: Sylveon|338\/394|[from] move: Wish|[wisher] Sylveon
|-heal|p1a: Sylveon|362\/394|[from] item: Leftovers
|turn|30
|
|move|p1a: Sylveon|Wish|p1a: Sylveon
|move|p2a: Sylveon|Wish|p2a: Sylveon
|
|-heal|p1a: Sylveon|386\/394|[from] item: Leftovers
|turn|31
|
|switch|p2a: Charizard|Charizard-Mega-Y, M|359\/359
|-weather|SunnyDay
|move|p1a: Sylveon|Hyper Voice|p2a: Charizard
|-resisted|p2a: Charizard
|-damage|p2a: Charizard|290\/359
|
|-weather|SunnyDay|[upkeep]
|-heal|p2a: Charizard|359\/359|[from] move: Wish|[wisher] Sylveon
|-heal|p1a: Sylveon|394\/394|[from] move: Wish|[wisher] Sylveon
|turn|32
|
|move|p2a: Charizard|Will-O-Wisp|p1a: Sylveon
|-status|p1a: Sylveon|brn
|move|p1a: Sylveon|Wish|p1a: Sylveon
|
|-weather|SunnyDay|[upkeep]
|-damage|p1a: Sylveon|345\/394 brn|[from] brn
|turn|33
|
|move|p2a: Charizard|Flamethrower|p1a: Sylveon
|-damage|p1a: Sylveon|176\/394 brn
|move|p1a: Sylveon|Heal Bell|p1a: Sylveon
|-cureteam|p1a: Sylveon|[from] move: HealBell
|
|-weather|SunnyDay|[upkeep]
|-heal|p1a: Sylveon|373\/394|[from] move: Wish|[wisher] Sylveon
|-heal|p1a: Sylveon|394\/394|[from] item: Leftovers
|turn|34
|
|move|p1a: Sylveon|Protect|p1a: Sylveon
|-singleturn|p1a: Sylveon|Protect
|move|p2a: Charizard|Flamethrower|p1a: Sylveon
|-activate|p1a: Sylveon|Protect
|
|-weather|SunnyDay|[upkeep]
|turn|35
|
|move|p2a: Charizard|Flamethrower|p1a: Sylveon
|-damage|p1a: Sylveon|198\/394
|move|p1a: Sylveon|Wish|p1a: Sylveon
|
|-weather|none
|-heal|p1a: Sylveon|222\/394|[from] item: Leftovers
|turn|36
|
|switch|p2a: Dugtrio|Dugtrio, M|105\/211
|move|p1a: Sylveon|Hyper Voice|p2a: Dugtrio
|-damage|p2a: Dugtrio|0 fnt
|faint|p2a: Dugtrio
|
|-heal|p1a: Sylveon|394\/394|[from] move: Wish|[wisher] Sylveon
|c|âAndrewmon|fuck
|
|switch|p2a: Charizard|Charizard-Mega-Y, M|359\/359
|-weather|SunnyDay
|turn|37
|
|move|p1a: Sylveon|Protect|p1a: Sylveon
|-singleturn|p1a: Sylveon|Protect
|move|p2a: Charizard|Flamethrower|p1a: Sylveon
|-activate|p1a: Sylveon|Protect
|
|-weather|SunnyDay|[upkeep]
|turn|38
|
|move|p2a: Charizard|Flamethrower|p1a: Sylveon
|-damage|p1a: Sylveon|196\/394
|move|p1a: Sylveon|Wish|p1a: Sylveon
|
|-weather|SunnyDay|[upkeep]
|-heal|p1a: Sylveon|220\/394|[from] item: Leftovers
|turn|39
|
|move|p1a: Sylveon|Protect|p1a: Sylveon
|-singleturn|p1a: Sylveon|Protect
|move|p2a: Charizard|Flamethrower|p1a: Sylveon
|-activate|p1a: Sylveon|Protect
|
|-weather|SunnyDay|[upkeep]
|-heal|p1a: Sylveon|394\/394|[from] move: Wish|[wisher] Sylveon
|turn|40
|
|move|p2a: Charizard|Flamethrower|p1a: Sylveon
|-damage|p1a: Sylveon|193\/394
|move|p1a: Sylveon|Wish|p1a: Sylveon
|
|-weather|SunnyDay|[upkeep]
|-heal|p1a: Sylveon|217\/394|[from] item: Leftovers
|turn|41
|
|move|p2a: Charizard|Will-O-Wisp|p1a: Sylveon
|-status|p1a: Sylveon|brn
|move|p1a: Sylveon|Hyper Voice|p2a: Charizard
|-resisted|p2a: Charizard
|-damage|p2a: Charizard|293\/359
|
|-weather|none
|-heal|p1a: Sylveon|394\/394 brn|[from] move: Wish|[wisher] Sylveon
|-damage|p1a: Sylveon|345\/394 brn|[from] brn
|turn|42
|
|switch|p1a: Greninja|Greninja, M|213\/286
|move|p2a: Charizard|Flamethrower|p1a: Greninja
|-resisted|p1a: Greninja
|-damage|p1a: Greninja|100\/286
|
|turn|43
|
|switch|p2a: Sylveon|Sylveon, F|394\/394
|move|p1a: Greninja|Spikes|p2a: Sylveon
|-start|p1a: Greninja|typechange|Ground|[from] Protean
|-sidestart|p2: Andrewmon|Spikes
|
|turn|44
|
|switch|p1a: Sylveon|Sylveon, M|345\/394 brn
|move|p2a: Sylveon|Hyper Voice|p1a: Sylveon
|-damage|p1a: Sylveon|234\/394 brn
|
|-heal|p1a: Sylveon|258\/394 brn|[from] item: Leftovers
|-damage|p1a: Sylveon|209\/394 brn|[from] brn
|turn|45
|
|switch|p2a: Charizard|Charizard-Mega-Y, M|293\/359
|-weather|SunnyDay
|move|p1a: Sylveon|Wish|p1a: Sylveon
|
|-weather|SunnyDay|[upkeep]
|-heal|p1a: Sylveon|233\/394 brn|[from] item: Leftovers
|-damage|p1a: Sylveon|184\/394 brn|[from] brn
|turn|46
|
|move|p1a: Sylveon|Protect|p1a: Sylveon
|-singleturn|p1a: Sylveon|Protect
|move|p2a: Charizard|Roost|p2a: Charizard
|-heal|p2a: Charizard|359\/359
|
|-weather|SunnyDay|[upkeep]
|-heal|p1a: Sylveon|381\/394 brn|[from] move: Wish|[wisher] Sylveon
|-heal|p1a: Sylveon|394\/394 brn|[from] item: Leftovers
|-damage|p1a: Sylveon|345\/394 brn|[from] brn
|turn|47
|
|move|p2a: Charizard|Flamethrower|p1a: Sylveon
|-damage|p1a: Sylveon|173\/394 brn
|move|p1a: Sylveon|Wish|p1a: Sylveon
|
|-weather|SunnyDay|[upkeep]
|-heal|p1a: Sylveon|197\/394 brn|[from] item: Leftovers
|-damage|p1a: Sylveon|148\/394 brn|[from] brn
|turn|48
|
|move|p1a: Sylveon|Protect|p1a: Sylveon
|-singleturn|p1a: Sylveon|Protect
|move|p2a: Charizard|Will-O-Wisp|p1a: Sylveon
|-activate|p1a: Sylveon|Protect
|
|-weather|SunnyDay|[upkeep]
|-heal|p1a: Sylveon|345\/394 brn|[from] move: Wish|[wisher] Sylveon
|-heal|p1a: Sylveon|369\/394 brn|[from] item: Leftovers
|-damage|p1a: Sylveon|320\/394 brn|[from] brn
|turn|49
|
|switch|p1a: Starmie|Starmie|319\/323
|move|p2a: Charizard|Flamethrower|p1a: Starmie
|-resisted|p1a: Starmie
|-damage|p1a: Starmie|195\/323
|
|-weather|none
|-heal|p1a: Starmie|215\/323|[from] item: Leftovers
|turn|50
|
|switch|p2a: Sylveon|Sylveon, F|394\/394
|-damage|p2a: Sylveon|345\/394|[from] Spikes
|move|p1a: Starmie|Scald|p2a: Sylveon
|-damage|p2a: Sylveon|272\/394
|
|-heal|p1a: Starmie|235\/323|[from] item: Leftovers
|-heal|p2a: Sylveon|296\/394|[from] item: Leftovers
|turn|51
|
|switch|p2a: Charizard|Charizard-Mega-Y, M|359\/359
|-weather|SunnyDay
|move|p1a: Starmie|Scald|p2a: Charizard
|-supereffective|p2a: Charizard
|-damage|p2a: Charizard|279\/359
|
|-weather|SunnyDay|[upkeep]
|-heal|p1a: Starmie|255\/323|[from] item: Leftovers
|turn|52
|
|move|p1a: Starmie|Reflect Type|p2a: Charizard
|-start|p1a: Starmie|typechange|[from] move: Reflect Type|[of] p2a: Charizard
|move|p2a: Charizard|Flamethrower|p1a: Starmie
|-resisted|p1a: Starmie
|-damage|p1a: Starmie|111\/323
|
|-weather|SunnyDay|[upkeep]
|-heal|p1a: Starmie|131\/323|[from] item: Leftovers
|turn|53
|
|move|p1a: Starmie|Recover|p1a: Starmie
|-heal|p1a: Starmie|293\/323
|move|p2a: Charizard|Flamethrower|p1a: Starmie
|-resisted|p1a: Starmie
|-damage|p1a: Starmie|166\/323
|
|-weather|SunnyDay|[upkeep]
|-heal|p1a: Starmie|186\/323|[from] item: Leftovers
|turn|54
|
|move|p1a: Starmie|Scald|p2a: Charizard
|-supereffective|p2a: Charizard
|-damage|p2a: Charizard|219\/359
|move|p2a: Charizard|Flamethrower|p1a: Starmie
|-resisted|p1a: Starmie
|-damage|p1a: Starmie|51\/323
|
|-weather|SunnyDay|[upkeep]
|-heal|p1a: Starmie|71\/323|[from] item: Leftovers
|turn|55
|
|move|p1a: Starmie|Recover|p1a: Starmie
|-heal|p1a: Starmie|233\/323
|move|p2a: Charizard|Flamethrower|p1a: Starmie
|-resisted|p1a: Starmie
|-damage|p1a: Starmie|110\/323
|
|-weather|none
|-heal|p1a: Starmie|130\/323|[from] item: Leftovers
|turn|56
|
|move|p1a: Starmie|Recover|p1a: Starmie
|-heal|p1a: Starmie|292\/323
|move|p2a: Charizard|Roost|p2a: Charizard
|-heal|p2a: Charizard|359\/359
|
|-heal|p1a: Starmie|312\/323|[from] item: Leftovers
|turn|57
|c|âAndrewmon|this is sooooooo dumb
|
|switch|p2a: Sylveon|Sylveon, F|296\/394
|-damage|p2a: Sylveon|247\/394|[from] Spikes
|move|p1a: Starmie|Scald|p2a: Sylveon
|-damage|p2a: Sylveon|200\/394
|
|-heal|p1a: Starmie|323\/323|[from] item: Leftovers
|-heal|p2a: Sylveon|224\/394|[from] item: Leftovers
|turn|58
|
|move|p1a: Starmie|Scald|p2a: Sylveon
|-damage|p2a: Sylveon|179\/394
|-status|p2a: Sylveon|brn
|move|p2a: Sylveon|Wish|p2a: Sylveon
|
|-heal|p2a: Sylveon|203\/394 brn|[from] item: Leftovers
|-damage|p2a: Sylveon|154\/394 brn|[from] brn
|turn|59
|
|move|p1a: Starmie|Scald|p2a: Sylveon
|-damage|p2a: Sylveon|104\/394 brn
|move|p2a: Sylveon|Heal Bell|p2a: Sylveon
|-cureteam|p2a: Sylveon|[from] move: HealBell
|
|-heal|p2a: Sylveon|301\/394|[from] move: Wish|[wisher] Sylveon
|-heal|p2a: Sylveon|325\/394|[from] item: Leftovers
|turn|60
|
|move|p1a: Starmie|Scald|p2a: Sylveon
|-damage|p2a: Sylveon|278\/394
|move|p2a: Sylveon|Wish|p2a: Sylveon
|
|-heal|p2a: Sylveon|302\/394|[from] item: Leftovers
|turn|61
|
|move|p2a: Sylveon|Protect|p2a: Sylveon
|-singleturn|p2a: Sylveon|Protect
|move|p1a: Starmie|Scald|p2a: Sylveon
|-activate|p2a: Sylveon|Protect
|
|-heal|p2a: Sylveon|394\/394|[from] move: Wish|[wisher] Sylveon
|turn|62
|
|switch|p2a: Charizard|Charizard-Mega-Y, M|359\/359
|-weather|SunnyDay
|move|p1a: Starmie|Rapid Spin|p2a: Charizard
|-damage|p2a: Charizard|346\/359
|
|-weather|SunnyDay|[upkeep]
|turn|63
|
|move|p1a: Starmie|Reflect Type|p2a: Charizard
|-start|p1a: Starmie|typechange|[from] move: Reflect Type|[of] p2a: Charizard
|move|p2a: Charizard|Flamethrower|p1a: Starmie
|-resisted|p1a: Starmie
|-damage|p1a: Starmie|178\/323
|
|-weather|SunnyDay|[upkeep]
|-heal|p1a: Starmie|198\/323|[from] item: Leftovers
|turn|64
|
|move|p1a: Starmie|Recover|p1a: Starmie
|-heal|p1a: Starmie|323\/323
|move|p2a: Charizard|Flamethrower|p1a: Starmie
|-resisted|p1a: Starmie
|-damage|p1a: Starmie|200\/323
|
|-weather|SunnyDay|[upkeep]
|-heal|p1a: Starmie|220\/323|[from] item: Leftovers
|turn|65
|-message|Andrewmon forfeited.
|
|win|ZephyrBurst
|raw|Ladder updating...
|leave|Andrewmon
|player|p2
|raw|ZephyrBurst's rating: 1694 &rarr; <strong>1714<\/strong><br \/>(+20 for winning)
|raw|Andrewmon's rating: 1699 &rarr; <strong>1679<\/strong><br \/>(-20 for losing)