|join|ZephyrBurst
|join|harvardpokemon
|player|p1|ZephyrBurst|102
|player|p2|harvardpokemon|198
|gametype|singles
|gen|6
|tier|OU
|rated
|clearpoke
|poke|p1|Beedrill, M
|poke|p1|Mamoswine, F
|poke|p1|Magnezone
|poke|p1|Zapdos
|poke|p1|Mew
|poke|p1|Talonflame, F
|poke|p2|Heracross, M
|poke|p2|Galvantula, F
|poke|p2|Excadrill, F
|poke|p2|Chandelure, F
|poke|p2|Rotom-Wash
|poke|p2|Scolipede, F
|rule|Swagger Clause: Swagger is banned
|rule|Baton Pass Clause: Limit one PokÃ©mon knowing Baton Pass
|rule|Sleep Clause Mod: Limit one foe put to sleep
|rule|Species Clause: Limit one of each PokÃ©mon
|rule|OHKO Clause: OHKO moves are banned
|rule|Moody Clause: Moody is banned
|rule|Evasion Moves Clause: Evasion moves are banned
|rule|Endless Battle Clause: Forcing endless battles is banned
|rule|HP Percentage Mod: HP is shown in percentages
|teampreview
|
|start
|switch|p1a: Talonflame|Talonflame, F|297\/297
|switch|p2a: Galvantula|Galvantula, F|281\/281
|turn|1
|
|move|p1a: Talonflame|U-turn|p2a: Galvantula
|-damage|p2a: Galvantula|187\/281
|
|switch|p1a: Zapdos|Zapdos|384\/384
|-ability|p1a: Zapdos|Pressure
|move|p2a: Galvantula|Sticky Web|p1a: Zapdos
|-sidestart|p1: ZephyrBurst|move: Sticky Web
|
|turn|2
|
|move|p2a: Galvantula|Thunder|p1a: Zapdos
|-damage|p1a: Zapdos|207\/384
|move|p1a: Zapdos|Defog|p2a: Galvantula
|-unboost|p2a: Galvantula|evasion|1
|-sideend|p1: ZephyrBurst|Sticky Web|[from] move: Defog|[of] p1a: Zapdos
|
|-heal|p1a: Zapdos|231\/384|[from] item: Leftovers
|turn|3
|
|move|p2a: Galvantula|Sticky Web|p1a: Zapdos
|-sidestart|p1: ZephyrBurst|move: Sticky Web
|move|p1a: Zapdos|Roost|p1a: Zapdos
|-heal|p1a: Zapdos|384\/384
|
|turn|4
|
|move|p2a: Galvantula|Thunder|p1a: Zapdos
|-damage|p1a: Zapdos|204\/384
|move|p1a: Zapdos|Defog|p2a: Galvantula
|-unboost|p2a: Galvantula|evasion|1
|-sideend|p1: ZephyrBurst|Sticky Web|[from] move: Defog|[of] p1a: Zapdos
|
|-heal|p1a: Zapdos|228\/384|[from] item: Leftovers
|turn|5
|
|move|p2a: Galvantula|Thunder|p1a: Zapdos
|-damage|p1a: Zapdos|48\/384
|move|p1a: Zapdos|Roost|p1a: Zapdos
|-heal|p1a: Zapdos|240\/384
|
|-heal|p1a: Zapdos|264\/384|[from] item: Leftovers
|turn|6
|
|move|p2a: Galvantula|Sticky Web|p1a: Zapdos
|-sidestart|p1: ZephyrBurst|move: Sticky Web
|move|p1a: Zapdos|Roost|p1a: Zapdos
|-heal|p1a: Zapdos|384\/384
|
|turn|7
|
|move|p2a: Galvantula|Thunder|p1a: Zapdos
|-damage|p1a: Zapdos|219\/384
|move|p1a: Zapdos|Defog|p2a: Galvantula
|-unboost|p2a: Galvantula|evasion|1
|-sideend|p1: ZephyrBurst|Sticky Web|[from] move: Defog|[of] p1a: Zapdos
|
|-heal|p1a: Zapdos|243\/384|[from] item: Leftovers
|turn|8
|
|move|p2a: Galvantula|Sticky Web|p1a: Zapdos
|-sidestart|p1: ZephyrBurst|move: Sticky Web
|move|p1a: Zapdos|Roost|p1a: Zapdos
|-heal|p1a: Zapdos|384\/384
|
|turn|9
|
|switch|p2a: Scolipede|Scolipede, F|261\/261
|move|p1a: Zapdos|Defog|p2a: Scolipede
|-unboost|p2a: Scolipede|evasion|1
|-sideend|p1: ZephyrBurst|Sticky Web|[from] move: Defog|[of] p1a: Zapdos
|
|turn|10
|
|move|p2a: Scolipede|Swords Dance|p2a: Scolipede
|-boost|p2a: Scolipede|atk|2
|move|p1a: Zapdos|Volt Switch|p2a: Scolipede
|-damage|p2a: Scolipede|137\/261
|
|switch|p1a: Talonflame|Talonflame, F|297\/297
|
|-boost|p2a: Scolipede|spe|1|[from] ability: Speed Boost
|turn|11
|
|switch|p2a: Rotom-Wash|Rotom-Wash|241\/241
|move|p1a: Talonflame|Brave Bird|p2a: Rotom-Wash
|-resisted|p2a: Rotom-Wash
|-damage|p2a: Rotom-Wash|167\/241
|-damage|p1a: Talonflame|273\/297|[from] recoil|[of] p2a: Rotom-Wash
|
|turn|12
|
|switch|p1a: Magnezone|Magnezone|281\/281
|move|p2a: Rotom-Wash|Hydro Pump|p1a: Magnezone
|-crit|p1a: Magnezone
|-damage|p1a: Magnezone|44\/281
|
|turn|13
|
|switch|p1a: Mew|Mew|404\/404
|move|p2a: Rotom-Wash|Volt Switch|p1a: Mew
|-damage|p1a: Mew|317\/404
|
|switch|p2a: Galvantula|Galvantula, F|187\/281
|
|-heal|p1a: Mew|342\/404|[from] item: Leftovers
|turn|14
|
|switch|p1a: Zapdos|Zapdos|384\/384
|-ability|p1a: Zapdos|Pressure
|move|p2a: Galvantula|Bug Buzz|p1a: Zapdos
|-resisted|p1a: Zapdos
|-damage|p1a: Zapdos|311\/384
|
|-heal|p1a: Zapdos|335\/384|[from] item: Leftovers
|turn|15
|
|move|p2a: Galvantula|Thunder|p1a: Zapdos
|-damage|p1a: Zapdos|151\/384
|move|p1a: Zapdos|Volt Switch|p2a: Galvantula
|-resisted|p2a: Galvantula
|-damage|p2a: Galvantula|116\/281
|
|switch|p1a: Talonflame|Talonflame, F|273\/297
|
|turn|16
|
|move|p1a: Talonflame|Brave Bird|p2a: Galvantula
|-damage|p2a: Galvantula|0 fnt
|-damage|p1a: Talonflame|235\/297|[from] recoil|[of] p2a: Galvantula
|faint|p2a: Galvantula
|
|
|switch|p2a: Excadrill|Excadrill, F|361\/361
|-ability|p2a: Excadrill|Mold Breaker
|turn|17
|
|switch|p1a: Mew|Mew|342\/404
|move|p2a: Excadrill|Rock Slide|p1a: Mew
|-damage|p1a: Mew|267\/404
|
|-heal|p1a: Mew|292\/404|[from] item: Leftovers
|turn|18
|
|switch|p2a: Chandelure|Chandelure, F|261\/261
|move|p1a: Mew|Knock Off|p2a: Chandelure
|-supereffective|p2a: Chandelure
|-damage|p2a: Chandelure|99\/261
|-enditem|p2a: Chandelure|Focus Sash|[from] move: Knock Off|[of] p1a: Mew
|
|-heal|p1a: Mew|317\/404|[from] item: Leftovers
|turn|19
|
|move|p1a: Mew|Knock Off|p2a: Chandelure
|-supereffective|p2a: Chandelure
|-damage|p2a: Chandelure|0 fnt
|faint|p2a: Chandelure
|
|-heal|p1a: Mew|342\/404|[from] item: Leftovers
|
|switch|p2a: Heracross|Heracross, M|301\/301
|turn|20
|
|switch|p1a: Magnezone|Magnezone|44\/281
|detailschange|p2a: Heracross|Heracross-Mega, M
|message|Heracross has Mega Evolved into Mega Heracross!
|move|p2a: Heracross|Pin Missile|p1a: Magnezone
|-resisted|p1a: Magnezone
|-damage|p1a: Magnezone|18\/281
|-resisted|p1a: Magnezone
|-damage|p1a: Magnezone|0 fnt
|-hitcount|p1a: Magnezone|2
|faint|p1a: Magnezone
|
|
|switch|p1a: Talonflame|Talonflame, F|235\/297
|turn|21
|
|switch|p2a: Rotom-Wash|Rotom-Wash|167\/241
|move|p1a: Talonflame|U-turn|p2a: Rotom-Wash
|-damage|p2a: Rotom-Wash|124\/241
|
|switch|p1a: Beedrill|Beedrill, M|271\/271
|
|turn|22
|
|detailschange|p1a: Beedrill|Beedrill-Mega, M
|message|Beedrill has Mega Evolved into Mega Beedrill!
|move|p1a: Beedrill|Poison Jab|p2a: Rotom-Wash
|-damage|p2a: Rotom-Wash|0 fnt
|faint|p2a: Rotom-Wash
|
|
|switch|p2a: Scolipede|Scolipede, F|137\/261
|turn|23
|
|move|p1a: Beedrill|U-turn|p2a: Scolipede
|-resisted|p2a: Scolipede
|-damage|p2a: Scolipede|36\/261
|
|switch|p1a: Zapdos|Zapdos|151\/384
|-ability|p1a: Zapdos|Pressure
|move|p2a: Scolipede|Swords Dance|p2a: Scolipede
|-boost|p2a: Scolipede|atk|2
|
|-heal|p1a: Zapdos|175\/384|[from] item: Leftovers
|-boost|p2a: Scolipede|spe|1|[from] ability: Speed Boost
|turn|24
|
|move|p2a: Scolipede|Poison Jab|p1a: Zapdos
|-damage|p1a: Zapdos|0 fnt
|faint|p1a: Zapdos
|
|-boost|p2a: Scolipede|spe|1|[from] ability: Speed Boost
|
|switch|p1a: Talonflame|Talonflame, F|235\/297
|turn|25
|
|move|p1a: Talonflame|Brave Bird|p2a: Scolipede
|-supereffective|p2a: Scolipede
|-damage|p2a: Scolipede|0 fnt
|-damage|p1a: Talonflame|223\/297|[from] recoil|[of] p2a: Scolipede
|faint|p2a: Scolipede
|
|
|switch|p2a: Excadrill|Excadrill, F|361\/361
|-ability|p2a: Excadrill|Mold Breaker
|turn|26
|
|switch|p1a: Beedrill|Beedrill-Mega, M|271\/271
|move|p2a: Excadrill|Rock Slide|p1a: Beedrill
|-supereffective|p1a: Beedrill
|-damage|p1a: Beedrill|0 fnt
|faint|p1a: Beedrill
|
|
|switch|p1a: Mew|Mew|342\/404
|turn|27
|
|switch|p2a: Heracross|Heracross-Mega, M|301\/301
|move|p1a: Mew|Will-O-Wisp|p2a: Heracross
|-status|p2a: Heracross|brn
|
|-heal|p1a: Mew|367\/404|[from] item: Leftovers
|-damage|p2a: Heracross|264\/301 brn|[from] brn
|turn|28
|
|move|p1a: Mew|Knock Off|p2a: Heracross
|-resisted|p2a: Heracross
|-damage|p2a: Heracross|242\/301 brn
|move|p2a: Heracross|Pin Missile|p1a: Mew
|-supereffective|p1a: Mew
|-damage|p1a: Mew|323\/404
|-supereffective|p1a: Mew
|-damage|p1a: Mew|273\/404
|-supereffective|p1a: Mew
|-damage|p1a: Mew|229\/404
|-supereffective|p1a: Mew
|-damage|p1a: Mew|181\/404
|-supereffective|p1a: Mew
|-damage|p1a: Mew|131\/404
|-hitcount|p1a: Mew|5
|
|-heal|p1a: Mew|156\/404|[from] item: Leftovers
|-damage|p2a: Heracross|205\/301 brn|[from] brn
|turn|29
|
|move|p1a: Mew|Soft-Boiled|p1a: Mew
|-heal|p1a: Mew|358\/404
|move|p2a: Heracross|Pin Missile|p1a: Mew
|-supereffective|p1a: Mew
|-damage|p1a: Mew|308\/404
|-supereffective|p1a: Mew
|-damage|p1a: Mew|260\/404
|-supereffective|p1a: Mew
|-damage|p1a: Mew|210\/404
|-supereffective|p1a: Mew
|-damage|p1a: Mew|162\/404
|-supereffective|p1a: Mew
|-damage|p1a: Mew|114\/404
|-hitcount|p1a: Mew|5
|
|-heal|p1a: Mew|139\/404|[from] item: Leftovers
|-damage|p2a: Heracross|168\/301 brn|[from] brn
|turn|30
|
|move|p1a: Mew|Soft-Boiled|p1a: Mew
|-heal|p1a: Mew|341\/404
|move|p2a: Heracross|Pin Missile|p1a: Mew
|-supereffective|p1a: Mew
|-damage|p1a: Mew|291\/404
|-supereffective|p1a: Mew
|-damage|p1a: Mew|241\/404
|-supereffective|p1a: Mew
|-damage|p1a: Mew|193\/404
|-supereffective|p1a: Mew
|-damage|p1a: Mew|143\/404
|-crit|p1a: Mew
|-supereffective|p1a: Mew
|-damage|p1a: Mew|77\/404
|-hitcount|p1a: Mew|5
|
|-heal|p1a: Mew|102\/404|[from] item: Leftovers
|-damage|p2a: Heracross|131\/301 brn|[from] brn
|turn|31
|
|move|p1a: Mew|Soft-Boiled|p1a: Mew
|-heal|p1a: Mew|304\/404
|move|p2a: Heracross|Pin Missile|p1a: Mew
|-supereffective|p1a: Mew
|-damage|p1a: Mew|254\/404
|-supereffective|p1a: Mew
|-damage|p1a: Mew|204\/404
|-supereffective|p1a: Mew
|-damage|p1a: Mew|156\/404
|-supereffective|p1a: Mew
|-damage|p1a: Mew|106\/404
|-supereffective|p1a: Mew
|-damage|p1a: Mew|62\/404
|-hitcount|p1a: Mew|5
|
|-heal|p1a: Mew|87\/404|[from] item: Leftovers
|-damage|p2a: Heracross|94\/301 brn|[from] brn
|turn|32
|
|move|p1a: Mew|Soft-Boiled|p1a: Mew
|-heal|p1a: Mew|289\/404
|move|p2a: Heracross|Pin Missile|p1a: Mew
|-crit|p1a: Mew
|-supereffective|p1a: Mew
|-damage|p1a: Mew|211\/404
|-supereffective|p1a: Mew
|-damage|p1a: Mew|167\/404
|-supereffective|p1a: Mew
|-damage|p1a: Mew|123\/404
|-supereffective|p1a: Mew
|-damage|p1a: Mew|69\/404
|-supereffective|p1a: Mew
|-damage|p1a: Mew|21\/404
|-hitcount|p1a: Mew|5
|
|-heal|p1a: Mew|46\/404|[from] item: Leftovers
|-damage|p2a: Heracross|57\/301 brn|[from] brn
|turn|33
|
|move|p1a: Mew|Soft-Boiled|p1a: Mew
|-heal|p1a: Mew|248\/404
|move|p2a: Heracross|Pin Missile|p1a: Mew
|-supereffective|p1a: Mew
|-damage|p1a: Mew|204\/404
|-supereffective|p1a: Mew
|-damage|p1a: Mew|160\/404
|-supereffective|p1a: Mew
|-damage|p1a: Mew|110\/404
|-supereffective|p1a: Mew
|-damage|p1a: Mew|62\/404
|-crit|p1a: Mew
|-supereffective|p1a: Mew
|-damage|p1a: Mew|0 fnt
|-hitcount|p1a: Mew|5
|faint|p1a: Mew
|
|-damage|p2a: Heracross|20\/301 brn|[from] brn
|c|âharvardpokemon|yeaaaa
|
|switch|p1a: Mamoswine|Mamoswine, F|361\/361
|turn|34
|
|move|p1a: Mamoswine|Ice Shard|p2a: Heracross
|-damage|p2a: Heracross|0 fnt
|faint|p2a: Heracross
|
|
|switch|p2a: Excadrill|Excadrill, F|361\/361
|-ability|p2a: Excadrill|Mold Breaker
|turn|35
|
|move|p2a: Excadrill|Iron Head|p1a: Mamoswine
|-supereffective|p1a: Mamoswine
|-enditem|p1a: Mamoswine|Focus Sash
|-damage|p1a: Mamoswine|1\/361
|move|p1a: Mamoswine|Earthquake|p2a: Excadrill
|-supereffective|p2a: Excadrill
|-enditem|p2a: Excadrill|Focus Sash
|-damage|p2a: Excadrill|1\/361
|
|turn|36
|-message|harvardpokemon forfeited.
|leave|harvardpokemon
|
|win|ZephyrBurst
|raw|Ladder updating...
|player|p2
|raw|ZephyrBurst's rating: 1345 &rarr; <strong>1362<\/strong><br \/>(+17 for winning)
|raw|harvardpokemon's rating: 1295 &rarr; <strong>1274<\/strong><br \/>(-21 for losing)