|join|Blackscarab
|join|ZephyrBurst
|player|p1|Blackscarab|264
|player|p2|ZephyrBurst|102
|gametype|singles
|gen|6
|tier|OU
|rated
|clearpoke
|poke|p1|Tyranitar, M
|poke|p1|Scizor, M
|poke|p1|Excadrill, M
|poke|p1|Greninja, M
|poke|p1|Conkeldurr, F
|poke|p1|Gyarados, F
|poke|p2|Bisharp, M
|poke|p2|Garchomp, M
|poke|p2|Starmie
|poke|p2|Greninja, M
|poke|p2|Togekiss, F
|poke|p2|Manectric, M
|rule|Swagger Clause: Swagger is banned
|rule|Baton Pass Clause: Limit one PokÃ©mon knowing Baton Pass
|rule|Sleep Clause Mod: Limit one foe put to sleep
|rule|Species Clause: Limit one of each PokÃ©mon
|rule|OHKO Clause: OHKO moves are banned
|rule|Moody Clause: Moody is banned
|rule|Evasion Moves Clause: Evasion moves are banned
|rule|Endless Battle Clause: Forcing endless battles is banned
|rule|HP Percentage Mod: HP is shown in percentages
|teampreview
|
|start
|switch|p1a: Conkeldurr|Conkeldurr, F|414\/414
|switch|p2a: Garchomp|Garchomp, M|420\/420
|turn|1
|
|switch|p2a: Togekiss|Togekiss, F|374\/374
|move|p1a: Conkeldurr|Ice Punch|p2a: Togekiss
|-supereffective|p2a: Togekiss
|-damage|p2a: Togekiss|59\/374
|-damage|p1a: Conkeldurr|373\/414|[from] item: Life Orb
|
|-heal|p2a: Togekiss|82\/374|[from] item: Leftovers
|turn|2
|
|switch|p1a: Scizor|Scizor, M|344\/344
|move|p2a: Togekiss|Wish|p2a: Togekiss
|
|-heal|p2a: Togekiss|105\/374|[from] item: Leftovers
|turn|3
|
|detailschange|p1a: Scizor|Scizor-Mega, M
|message|Scizor has Mega Evolved into Mega Scizor!
|move|p2a: Togekiss|Protect|p2a: Togekiss
|-singleturn|p2a: Togekiss|Protect
|move|p1a: Scizor|Swords Dance|p1a: Scizor
|-boost|p1a: Scizor|atk|2
|
|-heal|p2a: Togekiss|292\/374|[from] move: Wish|[wisher] Togekiss
|-heal|p2a: Togekiss|315\/374|[from] item: Leftovers
|turn|4
|
|switch|p2a: Garchomp|Garchomp, M|420\/420
|move|p1a: Scizor|Swords Dance|p1a: Scizor
|-boost|p1a: Scizor|atk|2
|
|turn|5
|
|move|p1a: Scizor|Bullet Punch|p2a: Garchomp
|-damage|p2a: Garchomp|134\/420
|-damage|p1a: Scizor|301\/344|[from] ability: Rough Skin|[of] p2a: Garchomp
|-damage|p1a: Scizor|244\/344|[from] item: Rocky Helmet|[of] p2a: Garchomp
|move|p2a: Garchomp|Dragon Tail|p1a: Scizor
|-resisted|p1a: Scizor
|-damage|p1a: Scizor|212\/344
|drag|p1a: Conkeldurr|Conkeldurr, F|373\/414
|
|turn|6
|c|âBlackscarab|Die
|
|move|p2a: Garchomp|Earthquake|p1a: Conkeldurr
|-crit|p1a: Conkeldurr
|-damage|p1a: Conkeldurr|153\/414
|move|p1a: Conkeldurr|Ice Punch|p2a: Garchomp
|-supereffective|p2a: Garchomp
|-damage|p2a: Garchomp|0 fnt
|-damage|p1a: Conkeldurr|102\/414|[from] ability: Rough Skin|[of] p2a: Garchomp
|-damage|p1a: Conkeldurr|33\/414|[from] item: Rocky Helmet|[of] p2a: Garchomp
|-damage|p1a: Conkeldurr|0 fnt|[from] item: Life Orb
|faint|p2a: Garchomp
|faint|p1a: Conkeldurr
|
|c|âBlackscarab|Die
|
|switch|p2a: Manectric|Manectric, M|281\/281
|switch|p1a: Gyarados|Gyarados, F|332\/332
|turn|7
|c|âBlackscarab|Dieeeee
|
|switch|p1a: Tyranitar|Tyranitar, M|404\/404
|-weather|Sandstorm
|detailschange|p2a: Manectric|Manectric-Mega, M
|message|Manectric has Mega Evolved into Mega Manectric!
|-ability|p2a: Manectric|Intimidate|[of] p1a: Tyranitar
|-unboost|p1a: Tyranitar|atk|1
|move|p2a: Manectric|Volt Switch|p1a: Tyranitar
|-damage|p1a: Tyranitar|316\/404
|
|switch|p2a: Bisharp|Bisharp, M|271\/271
|
|-weather|Sandstorm|[upkeep]
|turn|8
|
|move|p2a: Bisharp|Iron Head|p1a: Tyranitar
|-supereffective|p1a: Tyranitar
|-damage|p1a: Tyranitar|0 fnt
|-damage|p2a: Bisharp|244\/271|[from] item: Life Orb
|faint|p1a: Tyranitar
|
|-weather|Sandstorm|[upkeep]
|
|switch|p1a: Gyarados|Gyarados, F|332\/332
|turn|9
|
|switch|p2a: Manectric|Manectric-Mega, M|281\/281
|-ability|p2a: Manectric|Intimidate|[of] p1a: Gyarados
|-unboost|p1a: Gyarados|atk|1
|move|p1a: Gyarados|Dragon Dance|p1a: Gyarados
|-boost|p1a: Gyarados|atk|1
|-boost|p1a: Gyarados|spe|1
|
|-weather|Sandstorm|[upkeep]
|-damage|p2a: Manectric|264\/281|[from] sandstorm
|-damage|p1a: Gyarados|312\/332|[from] sandstorm
|turn|10
|
|move|p2a: Manectric|Thunderbolt|p1a: Gyarados
|-supereffective|p1a: Gyarados
|-damage|p1a: Gyarados|0 fnt
|faint|p1a: Gyarados
|
|-weather|Sandstorm|[upkeep]
|-damage|p2a: Manectric|247\/281|[from] sandstorm
|
|switch|p1a: Excadrill|Excadrill, M|385\/385
|-item|p1a: Excadrill|Air Balloon
|turn|11
|
|switch|p2a: Togekiss|Togekiss, F|315\/374
|move|p1a: Excadrill|Swords Dance|p1a: Excadrill
|-boost|p1a: Excadrill|atk|2
|
|-weather|Sandstorm|[upkeep]
|-damage|p2a: Togekiss|292\/374|[from] sandstorm
|-heal|p2a: Togekiss|315\/374|[from] item: Leftovers
|turn|12
|
|move|p2a: Togekiss|Protect|p2a: Togekiss
|-singleturn|p2a: Togekiss|Protect
|move|p1a: Excadrill|Iron Head|p2a: Togekiss
|-activate|p2a: Togekiss|Protect
|
|-weather|Sandstorm|[upkeep]
|-damage|p2a: Togekiss|292\/374|[from] sandstorm
|-heal|p2a: Togekiss|315\/374|[from] item: Leftovers
|turn|13
|c|âBlackscarab|Fuk urself
|
|move|p2a: Togekiss|Protect|p2a: Togekiss
|-fail|p2a: Togekiss
|move|p1a: Excadrill|Iron Head|p2a: Togekiss
|-supereffective|p2a: Togekiss
|-damage|p2a: Togekiss|0 fnt
|faint|p2a: Togekiss
|
|-weather|Sandstorm|[upkeep]
|
|switch|p2a: Bisharp|Bisharp, M|244\/271
|turn|14
|
|move|p2a: Bisharp|Sucker Punch|p1a: Excadrill
|-damage|p1a: Excadrill|65\/385
|-enditem|p1a: Excadrill|Air Balloon
|-damage|p2a: Bisharp|217\/271|[from] item: Life Orb
|move|p1a: Excadrill|Earthquake|p2a: Bisharp
|-supereffective|p2a: Bisharp
|-damage|p2a: Bisharp|0 fnt
|faint|p2a: Bisharp
|
|-weather|none
|
|switch|p2a: Manectric|Manectric-Mega, M|247\/281
|-ability|p2a: Manectric|Intimidate|[of] p1a: Excadrill
|-unboost|p1a: Excadrill|atk|1
|turn|15
|
|move|p2a: Manectric|Hidden Power|p1a: Excadrill
|-crit|p1a: Excadrill
|-damage|p1a: Excadrill|0 fnt
|faint|p1a: Excadrill
|
|
|switch|p1a: Scizor|Scizor-Mega, M|212\/344
|turn|16
|
|move|p2a: Manectric|Overheat|p1a: Scizor
|-supereffective|p1a: Scizor
|-damage|p1a: Scizor|0 fnt
|-unboost|p2a: Manectric|spa|2
|faint|p1a: Scizor
|
|
|switch|p1a: Greninja|Greninja, M|285\/285
|turn|17
|
|move|p2a: Manectric|Volt Switch|p1a: Greninja
|-supereffective|p1a: Greninja
|-damage|p1a: Greninja|127\/285
|
|switch|p2a: Starmie|Starmie|261\/261
|move|p1a: Greninja|Dark Pulse|p2a: Starmie
|-start|p1a: Greninja|typechange|Dark|[from] Protean
|-supereffective|p2a: Starmie
|-damage|p2a: Starmie|0 fnt
|-damage|p1a: Greninja|99\/285|[from] item: Life Orb
|faint|p2a: Starmie
|
|
|switch|p2a: Manectric|Manectric-Mega, M|247\/281
|-ability|p2a: Manectric|Intimidate|[of] p1a: Greninja
|-unboost|p1a: Greninja|atk|1
|turn|18
|
|move|p2a: Manectric|Thunderbolt|p1a: Greninja
|-damage|p1a: Greninja|0 fnt
|faint|p1a: Greninja
|
|win|ZephyrBurst
|raw|Ladder updating...
|raw|Blackscarab's rating: 1379 &rarr; <strong>1360<\/strong><br \/>(-19 for losing)
|raw|ZephyrBurst's rating: 1403 &rarr; <strong>1422<\/strong><br \/>(+19 for winning)
|leave|Blackscarab
|player|p1
|c|âZephyrBurst|gg