|join|ZephyrBurst
|join|zeref11
|player|p1|ZephyrBurst|102
|player|p2|zeref11|269
|gametype|singles
|gen|6
|tier|OU
|rated
|clearpoke
|poke|p1|Gallade, M
|poke|p1|Victini
|poke|p1|Mandibuzz, F
|poke|p1|Ferrothorn, F
|poke|p1|Thundurus, M
|poke|p1|Rotom-Wash
|poke|p2|Scizor, F
|poke|p2|Gengar, F, shiny
|poke|p2|Swampert, M
|poke|p2|Mandibuzz, F, shiny
|poke|p2|Dragonite, M, shiny
|poke|p2|Conkeldurr, M, shiny
|rule|Swagger Clause: Swagger is banned
|rule|Baton Pass Clause: Limit one PokÃ©mon knowing Baton Pass
|rule|Sleep Clause Mod: Limit one foe put to sleep
|rule|Species Clause: Limit one of each PokÃ©mon
|rule|OHKO Clause: OHKO moves are banned
|rule|Moody Clause: Moody is banned
|rule|Evasion Moves Clause: Evasion moves are banned
|rule|Endless Battle Clause: Forcing endless battles is banned
|rule|HP Percentage Mod: HP is shown in percentages
|teampreview
|
|start
|switch|p1a: Victini|Victini|365\/365
|switch|p2a: Gengar|Gengar, F, shiny|262\/262
|turn|1
|
|switch|p1a: Mandibuzz|Mandibuzz, F|423\/423
|move|p2a: Gengar|Shadow Ball|p1a: Mandibuzz
|-resisted|p1a: Mandibuzz
|-damage|p1a: Mandibuzz|351\/423
|
|turn|2
|
|switch|p2a: Mandibuzz|Mandibuzz, F, shiny|423\/423
|move|p1a: Mandibuzz|Foul Play|p2a: Mandibuzz
|-resisted|p2a: Mandibuzz
|-damage|p2a: Mandibuzz|396\/423
|-damage|p1a: Mandibuzz|281\/423|[from] item: Rocky Helmet|[of] p2a: Mandibuzz
|
|turn|3
|
|move|p1a: Mandibuzz|Roost|p1a: Mandibuzz
|-heal|p1a: Mandibuzz|423\/423
|move|p2a: Mandibuzz|Taunt|p1a: Mandibuzz
|-start|p1a: Mandibuzz|move: Taunt
|
|turn|4
|
|switch|p1a: Gallade|Gallade, M|277\/277
|move|p2a: Mandibuzz|Foul Play|p1a: Gallade
|-damage|p1a: Gallade|24\/277
|-boost|p1a: Gallade|atk|1|[from] ability: Justified
|
|turn|5
|
|detailschange|p1a: Gallade|Gallade-Mega, M
|message|Gallade has Mega Evolved into Mega Gallade!
|move|p1a: Gallade|Close Combat|p2a: Mandibuzz
|-damage|p2a: Mandibuzz|114\/423
|-damage|p1a: Gallade|0 fnt|[from] item: Rocky Helmet|[of] p2a: Mandibuzz
|faint|p1a: Gallade
|move|p2a: Mandibuzz|Foul Play|p1: Gallade|[notarget]
|-notarget
|
|
|switch|p1a: Thundurus|Thundurus, M|299\/299
|turn|6
|
|switch|p2a: Mr. Bagels|Swampert, M|403\/403
|move|p1a: Thundurus|Thunderbolt|p2a: Mr. Bagels
|-immune|p2a: Mr. Bagels|[msg]
|
|turn|7
|
|switch|p1a: Rotom-Wash|Rotom-Wash|303\/303
|move|p2a: Mr. Bagels|Stealth Rock|p1a: Rotom-Wash
|-sidestart|p1: ZephyrBurst|move: Stealth Rock
|
|turn|8
|
|switch|p2a: Wot u m8|Conkeldurr, M, shiny|351\/351
|move|p1a: Rotom-Wash|Will-O-Wisp|p2a: Wot u m8
|-status|p2a: Wot u m8|brn
|
|-damage|p2a: Wot u m8|308\/351 brn|[from] brn
|turn|9
|
|move|p1a: Rotom-Wash|Volt Switch|p2a: Wot u m8
|-damage|p2a: Wot u m8|244\/351 brn
|
|switch|p1a: Mandibuzz|Mandibuzz, F|423\/423
|-damage|p1a: Mandibuzz|318\/423|[from] Stealth Rock
|move|p2a: Wot u m8|Knock Off|p1a: Mandibuzz
|-resisted|p1a: Mandibuzz
|-damage|p1a: Mandibuzz|237\/423
|-damage|p2a: Wot u m8|186\/351 brn|[from] item: Rocky Helmet|[of] p1a: Mandibuzz
|-enditem|p1a: Mandibuzz|Rocky Helmet|[from] move: Knock Off|[of] p2a: Wot u m8
|
|-damage|p2a: Wot u m8|143\/351 brn|[from] brn
|turn|10
|
|switch|p2a: Mandibuzz|Mandibuzz, F, shiny|114\/423
|move|p1a: Mandibuzz|Foul Play|p2a: Mandibuzz
|-resisted|p2a: Mandibuzz
|-damage|p2a: Mandibuzz|87\/423
|-damage|p1a: Mandibuzz|167\/423|[from] item: Rocky Helmet|[of] p2a: Mandibuzz
|
|turn|11
|
|move|p1a: Mandibuzz|Defog|p2a: Mandibuzz
|-unboost|p2a: Mandibuzz|evasion|1
|-sideend|p1: ZephyrBurst|Stealth Rock|[from] move: Defog|[of] p1a: Mandibuzz
|move|p2a: Mandibuzz|Roost|p2a: Mandibuzz
|-heal|p2a: Mandibuzz|299\/423
|
|turn|12
|
|move|p1a: Mandibuzz|Roost|p1a: Mandibuzz
|-heal|p1a: Mandibuzz|379\/423
|move|p2a: Mandibuzz|Taunt|p1a: Mandibuzz
|-start|p1a: Mandibuzz|move: Taunt
|
|turn|13
|
|switch|p1a: Rotom-Wash|Rotom-Wash|303\/303
|move|p2a: Mandibuzz|Foul Play|p1a: Rotom-Wash
|-damage|p1a: Rotom-Wash|257\/303
|
|-heal|p1a: Rotom-Wash|275\/303|[from] item: Leftovers
|turn|14
|
|switch|p2a: Wot u m8|Conkeldurr, M, shiny|143\/351 brn
|move|p1a: Rotom-Wash|Will-O-Wisp|p2a: Wot u m8
|-fail|p2a: Wot u m8|brn
|
|-heal|p1a: Rotom-Wash|293\/303|[from] item: Leftovers
|-damage|p2a: Wot u m8|100\/351 brn|[from] brn
|turn|15
|
|move|p1a: Rotom-Wash|Hydro Pump|p2a: Wot u m8
|-damage|p2a: Wot u m8|3\/351 brn
|move|p2a: Wot u m8|Drain Punch|p1a: Rotom-Wash
|-damage|p1a: Rotom-Wash|140\/303
|-heal|p2a: Wot u m8|80\/351 brn|[from] drain|[of] p1a: Rotom-Wash
|
|-heal|p1a: Rotom-Wash|158\/303|[from] item: Leftovers
|-damage|p2a: Wot u m8|37\/351 brn|[from] brn
|turn|16
|
|switch|p2a: Mr. Bagels|Swampert, M|403\/403
|move|p1a: Rotom-Wash|Volt Switch|p2a: Mr. Bagels
|-immune|p2a: Mr. Bagels|[msg]
|
|-heal|p1a: Rotom-Wash|176\/303|[from] item: Leftovers
|turn|17
|
|switch|p2a: Gengar|Gengar, F, shiny|262\/262
|move|p1a: Rotom-Wash|Will-O-Wisp|p2a: Gengar
|-status|p2a: Gengar|brn
|
|-heal|p1a: Rotom-Wash|194\/303|[from] item: Leftovers
|-damage|p2a: Gengar|230\/262 brn|[from] brn
|turn|18
|
|switch|p1a: Mandibuzz|Mandibuzz, F|379\/423
|move|p2a: Gengar|Giga Drain|p1a: Mandibuzz
|-resisted|p1a: Mandibuzz
|-damage|p1a: Mandibuzz|339\/423
|-heal|p2a: Gengar|250\/262 brn|[from] drain|[of] p1a: Mandibuzz
|
|-damage|p2a: Gengar|218\/262 brn|[from] brn
|turn|19
|
|switch|p2a: Mandibuzz|Mandibuzz, F, shiny|299\/423
|switch|p1a: Thundurus|Thundurus, M|299\/299
|
|turn|20
|
|switch|p2a: Mr. Bagels|Swampert, M|403\/403
|move|p1a: Thundurus|Thunderbolt|p2a: Mr. Bagels
|-immune|p2a: Mr. Bagels|[msg]
|
|turn|21
|
|switch|p1a: Rotom-Wash|Rotom-Wash|194\/303
|move|p2a: Mr. Bagels|Ice Punch|p1a: Rotom-Wash
|-crit|p1a: Rotom-Wash
|-resisted|p1a: Rotom-Wash
|-damage|p1a: Rotom-Wash|146\/303
|
|-heal|p1a: Rotom-Wash|164\/303|[from] item: Leftovers
|turn|22
|
|switch|p2a: Wot u m8|Conkeldurr, M, shiny|37\/351 brn
|move|p1a: Rotom-Wash|Will-O-Wisp|p2a: Wot u m8|[miss]
|-miss|p1a: Rotom-Wash|p2a: Wot u m8
|
|-heal|p1a: Rotom-Wash|182\/303|[from] item: Leftovers
|-damage|p2a: Wot u m8|0 fnt|[from] brn
|faint|p2a: Wot u m8
|
|switch|p2a: Gengar|Gengar, F, shiny|218\/262 brn
|turn|23
|
|switch|p1a: Ferrothorn|Ferrothorn, F|352\/352
|move|p2a: Gengar|Sludge Wave|p1a: Ferrothorn
|-immune|p1a: Ferrothorn|[msg]
|
|-damage|p2a: Gengar|186\/262 brn|[from] brn
|turn|24
|
|switch|p2a: Mandibuzz|Mandibuzz, F, shiny|299\/423
|move|p1a: Ferrothorn|Stealth Rock|p2a: Mandibuzz
|-sidestart|p2: zeref11|move: Stealth Rock
|
|turn|25
|
|switch|p1a: Thundurus|Thundurus, M|299\/299
|move|p2a: Mandibuzz|Defog|p1a: Thundurus
|-unboost|p1a: Thundurus|evasion|1
|-sideend|p2: zeref11|Stealth Rock|[from] move: Defog|[of] p2a: Mandibuzz
|
|turn|26
|
|switch|p1a: Ferrothorn|Ferrothorn, F|352\/352
|switch|p2a: Mr. Bagels|Swampert, M|403\/403
|
|turn|27
|
|switch|p2a: Scizor|Scizor, F|344\/344
|move|p1a: Ferrothorn|Stealth Rock|p2a: Scizor
|-sidestart|p2: zeref11|move: Stealth Rock
|
|turn|28
|
|switch|p1a: Mandibuzz|Mandibuzz, F|339\/423
|detailschange|p2a: Scizor|Scizor-Mega, F
|message|Scizor has Mega Evolved into Mega Scizor!
|move|p2a: Scizor|Swords Dance|p2a: Scizor
|-boost|p2a: Scizor|atk|2
|
|turn|29
|
|switch|p2a: Mandibuzz|Mandibuzz, F, shiny|299\/423
|-damage|p2a: Mandibuzz|194\/423|[from] Stealth Rock
|move|p1a: Mandibuzz|Foul Play|p2a: Mandibuzz
|-resisted|p2a: Mandibuzz
|-damage|p2a: Mandibuzz|166\/423
|-damage|p1a: Mandibuzz|269\/423|[from] item: Rocky Helmet|[of] p2a: Mandibuzz
|
|turn|30
|
|switch|p1a: Rotom-Wash|Rotom-Wash|182\/303
|move|p2a: Mandibuzz|Defog|p1a: Rotom-Wash
|-unboost|p1a: Rotom-Wash|evasion|1
|-sideend|p2: zeref11|Stealth Rock|[from] move: Defog|[of] p2a: Mandibuzz
|
|-heal|p1a: Rotom-Wash|200\/303|[from] item: Leftovers
|turn|31
|
|switch|p2a: Gengar|Gengar, F, shiny|186\/262 brn
|move|p1a: Rotom-Wash|Volt Switch|p2a: Gengar
|-damage|p2a: Gengar|74\/262 brn
|
|switch|p1a: Mandibuzz|Mandibuzz, F|269\/423
|
|-damage|p2a: Gengar|42\/262 brn|[from] brn
|turn|32
|
|move|p2a: Gengar|Sludge Wave|p1a: Mandibuzz
|-damage|p1a: Mandibuzz|122\/423
|move|p1a: Mandibuzz|Roost|p1a: Mandibuzz
|-heal|p1a: Mandibuzz|334\/423
|
|-damage|p2a: Gengar|10\/262 brn|[from] brn
|turn|33
|
|switch|p2a: Mandibuzz|Mandibuzz, F, shiny|166\/423
|move|p1a: Mandibuzz|Roost|p1a: Mandibuzz
|-heal|p1a: Mandibuzz|423\/423
|
|turn|34
|
|switch|p1a: Rotom-Wash|Rotom-Wash|200\/303
|move|p2a: Mandibuzz|Roost|p2a: Mandibuzz
|-heal|p2a: Mandibuzz|378\/423
|
|-heal|p1a: Rotom-Wash|218\/303|[from] item: Leftovers
|turn|35
|
|move|p1a: Rotom-Wash|Will-O-Wisp|p2a: Mandibuzz
|-status|p2a: Mandibuzz|brn
|move|p2a: Mandibuzz|Taunt|p1a: Rotom-Wash
|-start|p1a: Rotom-Wash|move: Taunt
|
|-heal|p1a: Rotom-Wash|236\/303|[from] item: Leftovers
|-damage|p2a: Mandibuzz|326\/423 brn|[from] brn
|turn|36
|
|move|p1a: Rotom-Wash|Hydro Pump|p2a: Mandibuzz
|-crit|p2a: Mandibuzz
|-damage|p2a: Mandibuzz|142\/423 brn
|move|p2a: Mandibuzz|Roost|p2a: Mandibuzz
|-heal|p2a: Mandibuzz|354\/423 brn
|
|-heal|p1a: Rotom-Wash|254\/303|[from] item: Leftovers
|-damage|p2a: Mandibuzz|302\/423 brn|[from] brn
|turn|37
|
|switch|p2a: Dragonite|Dragonite, M, shiny|324\/324
|move|p1a: Rotom-Wash|Volt Switch|p2a: Dragonite
|-damage|p2a: Dragonite|285\/324
|
|switch|p1a: Mandibuzz|Mandibuzz, F|423\/423
|
|turn|38
|
|move|p2a: Dragonite|Ice Punch|p1a: Mandibuzz
|-supereffective|p1a: Mandibuzz
|-damage|p1a: Mandibuzz|293\/423
|move|p1a: Mandibuzz|Foul Play|p2a: Dragonite
|-damage|p2a: Dragonite|107\/324
|
|turn|39
|
|switch|p2a: Mandibuzz|Mandibuzz, F, shiny|302\/423 brn
|move|p1a: Mandibuzz|Foul Play|p2a: Mandibuzz
|-resisted|p2a: Mandibuzz
|-damage|p2a: Mandibuzz|276\/423 brn
|-damage|p1a: Mandibuzz|223\/423|[from] item: Rocky Helmet|[of] p2a: Mandibuzz
|
|-damage|p2a: Mandibuzz|224\/423 brn|[from] brn
|turn|40
|
|switch|p2a: Dragonite|Dragonite, M, shiny|107\/324
|move|p1a: Mandibuzz|Roost|p1a: Mandibuzz
|-heal|p1a: Mandibuzz|423\/423
|
|turn|41
|-message|zeref11 forfeited.
|
|win|ZephyrBurst
|raw|Ladder updating...
|leave|zeref11
|player|p2
|raw|ZephyrBurst's rating: 1395 &rarr; <strong>1411<\/strong><br \/>(+16 for winning)
|raw|zeref11's rating: 1322 &rarr; <strong>1306<\/strong><br \/>(-16 for losing)