|join|ZephyrBurst
|join|greenline
|player|p1|ZephyrBurst|102
|player|p2|greenline|153
|gametype|singles
|gen|6
|tier|OU
|rated
|clearpoke
|poke|p1|Bisharp, M
|poke|p1|Garchomp, M
|poke|p1|Starmie
|poke|p1|Greninja, M
|poke|p1|Sylveon, M
|poke|p1|Manectric, F
|poke|p2|Medicham, M
|poke|p2|Dragonite, M
|poke|p2|Slowbro, M
|poke|p2|Bisharp, M
|poke|p2|Diggersby, F
|poke|p2|Magnezone
|rule|Swagger Clause: Swagger is banned
|rule|Baton Pass Clause: Limit one PokÃ©mon knowing Baton Pass
|rule|Sleep Clause Mod: Limit one foe put to sleep
|rule|Species Clause: Limit one of each PokÃ©mon
|rule|OHKO Clause: OHKO moves are banned
|rule|Moody Clause: Moody is banned
|rule|Evasion Moves Clause: Evasion moves are banned
|rule|Endless Battle Clause: Forcing endless battles is banned
|rule|HP Percentage Mod: HP is shown in percentages
|teampreview
|
|start
|switch|p1a: Manectric|Manectric, F|281\/281
|switch|p2a: Medicham|Medicham, M|261\/261
|turn|1
|
|detailschange|p1a: Manectric|Manectric-Mega, F
|message|Manectric has Mega Evolved into Mega Manectric!
|-ability|p1a: Manectric|Intimidate|[of] p2a: Medicham
|-unboost|p2a: Medicham|atk|1
|detailschange|p2a: Medicham|Medicham-Mega, M
|message|Medicham has Mega Evolved into Mega Medicham!
|move|p2a: Medicham|Fake Out|p1a: Manectric
|-damage|p1a: Manectric|211\/281
|cant|p1a: Manectric|flinch
|
|turn|2
|
|move|p1a: Manectric|Volt Switch|p2a: Medicham
|-damage|p2a: Medicham|113\/261
|
|switch|p1a: Starmie|Starmie|323\/323
|move|p2a: Medicham|Zen Headbutt|p1a: Starmie
|-crit|p1a: Starmie
|-resisted|p1a: Starmie
|-damage|p1a: Starmie|95\/323
|
|-heal|p1a: Starmie|115\/323|[from] item: Leftovers
|turn|3
|
|move|p1a: Starmie|Recover|p1a: Starmie
|-heal|p1a: Starmie|277\/323
|move|p2a: Medicham|Zen Headbutt|p1a: Starmie
|-resisted|p1a: Starmie
|-damage|p1a: Starmie|178\/323
|
|-heal|p1a: Starmie|198\/323|[from] item: Leftovers
|turn|4
|
|switch|p2a: Bisharp|Bisharp, M|334\/334
|move|p1a: Starmie|Scald|p2a: Bisharp
|-damage|p2a: Bisharp|204\/334
|
|-heal|p1a: Starmie|218\/323|[from] item: Leftovers
|turn|5
|
|move|p1a: Starmie|Reflect Type|p2a: Bisharp
|-start|p1a: Starmie|typechange|[from] move: Reflect Type|[of] p2a: Bisharp
|move|p2a: Bisharp|Knock Off|p1a: Starmie
|-resisted|p1a: Starmie
|-damage|p1a: Starmie|116\/323
|-enditem|p1a: Starmie|Leftovers|[from] move: Knock Off|[of] p2a: Bisharp
|
|turn|6
|
|move|p1a: Starmie|Recover|p1a: Starmie
|-heal|p1a: Starmie|278\/323
|move|p2a: Bisharp|Swords Dance|p2a: Bisharp
|-boost|p2a: Bisharp|atk|2
|
|turn|7
|
|move|p1a: Starmie|Scald|p2a: Bisharp
|-damage|p2a: Bisharp|118\/334
|-status|p2a: Bisharp|brn
|-enditem|p2a: Bisharp|Lum Berry|[eat]
|-curestatus|p2a: Bisharp|brn
|move|p2a: Bisharp|Iron Head|p1a: Starmie
|-resisted|p1a: Starmie
|-damage|p1a: Starmie|111\/323
|
|turn|8
|
|move|p1a: Starmie|Recover|p1a: Starmie
|-heal|p1a: Starmie|273\/323
|move|p2a: Bisharp|Iron Head|p1a: Starmie
|-resisted|p1a: Starmie
|-damage|p1a: Starmie|91\/323
|
|turn|9
|
|move|p1a: Starmie|Recover|p1a: Starmie
|-heal|p1a: Starmie|253\/323
|move|p2a: Bisharp|Iron Head|p1a: Starmie
|-resisted|p1a: Starmie
|-damage|p1a: Starmie|92\/323
|
|turn|10
|
|move|p1a: Starmie|Recover|p1a: Starmie
|-heal|p1a: Starmie|254\/323
|move|p2a: Bisharp|Swords Dance|p2a: Bisharp
|-boost|p2a: Bisharp|atk|2
|
|turn|11
|
|move|p2a: Bisharp|Sucker Punch|p1a: Starmie
|-resisted|p1a: Starmie
|-damage|p1a: Starmie|0 fnt
|faint|p1a: Starmie
|
|
|switch|p1a: Garchomp|Garchomp, M|420\/420
|turn|12
|
|move|p2a: Bisharp|Sucker Punch|p1a: Garchomp
|-fail|p1a: Garchomp
|move|p1a: Garchomp|Stealth Rock|p2a: Bisharp
|-sidestart|p2: greenline|move: Stealth Rock
|
|turn|13
|
|move|p2a: Bisharp|Sucker Punch|p1a: Garchomp
|-damage|p1a: Garchomp|105\/420
|-damage|p2a: Bisharp|77\/334|[from] ability: Rough Skin|[of] p1a: Garchomp
|-damage|p2a: Bisharp|22\/334|[from] item: Rocky Helmet|[of] p1a: Garchomp
|move|p1a: Garchomp|Earthquake|p2a: Bisharp
|-supereffective|p2a: Bisharp
|-damage|p2a: Bisharp|0 fnt
|faint|p2a: Bisharp
|
|
|switch|p2a: Slowbro|Slowbro, M|394\/394
|-damage|p2a: Slowbro|345\/394|[from] Stealth Rock
|turn|14
|
|move|p1a: Garchomp|Toxic|p2a: Slowbro
|-status|p2a: Slowbro|tox
|move|p2a: Slowbro|Scald|p1a: Garchomp
|-damage|p1a: Garchomp|0 fnt
|faint|p1a: Garchomp
|
|-heal|p2a: Slowbro|369\/394 tox|[from] item: Leftovers
|-damage|p2a: Slowbro|345\/394 tox|[from] psn
|
|switch|p1a: Manectric|Manectric-Mega, F|211\/281
|-ability|p1a: Manectric|Intimidate|[of] p2a: Slowbro
|-unboost|p2a: Slowbro|atk|1
|turn|15
|
|move|p1a: Manectric|Volt Switch|p2a: Slowbro
|-supereffective|p2a: Slowbro
|-damage|p2a: Slowbro|37\/394 tox
|
|switch|p1a: Sylveon|Sylveon, M|394\/394
|move|p2a: Slowbro|Scald|p1a: Sylveon
|-damage|p1a: Sylveon|321\/394
|
|-heal|p1a: Sylveon|345\/394|[from] item: Leftovers
|-heal|p2a: Slowbro|61\/394 tox|[from] item: Leftovers
|-damage|p2a: Slowbro|13\/394 tox|[from] psn
|turn|16
|
|move|p1a: Sylveon|Wish|p1a: Sylveon
|move|p2a: Slowbro|Psyshock|p1a: Sylveon
|-damage|p1a: Sylveon|249\/394
|
|-heal|p1a: Sylveon|273\/394|[from] item: Leftovers
|-heal|p2a: Slowbro|37\/394 tox|[from] item: Leftovers
|-damage|p2a: Slowbro|0 fnt|[from] psn
|faint|p2a: Slowbro
|
|switch|p2a: Diggersby|Diggersby, F|311\/311
|-damage|p2a: Diggersby|292\/311|[from] Stealth Rock
|turn|17
|
|move|p1a: Sylveon|Protect|p1a: Sylveon
|-singleturn|p1a: Sylveon|Protect
|move|p2a: Diggersby|Swords Dance|p2a: Diggersby
|-boost|p2a: Diggersby|atk|2
|
|-heal|p1a: Sylveon|394\/394|[from] move: Wish|[wisher] Sylveon
|turn|18
|
|move|p2a: Diggersby|Return|p1a: Sylveon
|-damage|p1a: Sylveon|0 fnt
|faint|p1a: Sylveon
|
|
|switch|p1a: Manectric|Manectric-Mega, F|211\/281
|-ability|p1a: Manectric|Intimidate|[of] p2a: Diggersby
|-unboost|p2a: Diggersby|atk|1
|turn|19
|
|move|p2a: Diggersby|Quick Attack|p1a: Manectric
|-damage|p1a: Manectric|43\/281
|move|p1a: Manectric|Hidden Power|p2a: Diggersby
|-crit|p2a: Diggersby
|-supereffective|p2a: Diggersby
|-damage|p2a: Diggersby|8\/311
|
|turn|20
|
|move|p2a: Diggersby|Quick Attack|p1a: Manectric
|-damage|p1a: Manectric|0 fnt
|faint|p1a: Manectric
|
|
|switch|p1a: Bisharp|Bisharp, M|271\/271
|turn|21
|
|move|p2a: Diggersby|Quick Attack|p1a: Bisharp
|-resisted|p1a: Bisharp
|-damage|p1a: Bisharp|201\/271
|move|p1a: Bisharp|Sucker Punch|p2a: Diggersby
|-fail|p2a: Diggersby
|
|turn|22
|
|move|p2a: Diggersby|Quick Attack|p1a: Bisharp
|-resisted|p1a: Bisharp
|-damage|p1a: Bisharp|137\/271
|move|p1a: Bisharp|Sucker Punch|p2a: Diggersby
|-fail|p2a: Diggersby
|
|turn|23
|
|move|p2a: Diggersby|Quick Attack|p1a: Bisharp
|-resisted|p1a: Bisharp
|-damage|p1a: Bisharp|67\/271
|move|p1a: Bisharp|Sucker Punch|p2a: Diggersby
|-fail|p2a: Diggersby
|
|turn|24
|
|move|p2a: Diggersby|Quick Attack|p1a: Bisharp
|-crit|p1a: Bisharp
|-resisted|p1a: Bisharp
|-damage|p1a: Bisharp|0 fnt
|faint|p1a: Bisharp
|
|
|switch|p1a: Greninja|Greninja, M|286\/286
|turn|25
|
|move|p2a: Diggersby|Quick Attack|p1a: Greninja
|-damage|p1a: Greninja|81\/286
|move|p1a: Greninja|Ice Beam|p2a: Diggersby
|-start|p1a: Greninja|typechange|Ice|[from] Protean
|-supereffective|p2a: Diggersby
|-damage|p2a: Diggersby|0 fnt
|-damage|p1a: Greninja|53\/286|[from] item: Life Orb
|faint|p2a: Diggersby
|
|c|âZephyrBurst|gg
|-message|ZephyrBurst forfeited.
|
|win|greenline
|raw|Ladder updating...
|leave|ZephyrBurst
|player|p1
|c|âgreenline|gg
|raw|ZephyrBurst's rating: 1567 &rarr; <strong>1554<\/strong><br \/>(-13 for losing)
|raw|greenline's rating: 1691 &rarr; <strong>1704<\/strong><br \/>(+13 for winning)