|join|Cienight
|join|ZephyrBurst
|player|p1|Cienight|75
|player|p2|ZephyrBurst|102
|gametype|singles
|gen|6
|tier|OU
|rated
|clearpoke
|poke|p1|Azumarill, F
|poke|p1|Ferrothorn, M
|poke|p1|Landorus-Therian, M, shiny
|poke|p1|Latias, F
|poke|p1|Charizard, M
|poke|p1|Mew
|poke|p2|Politoed, M
|poke|p2|Omastar, F
|poke|p2|Kingdra, M
|poke|p2|Azelf
|poke|p2|Scizor, M
|poke|p2|Lopunny, M
|rule|Swagger Clause: Swagger is banned
|rule|Baton Pass Clause: Limit one PokÃ©mon knowing Baton Pass
|rule|Sleep Clause Mod: Limit one foe put to sleep
|rule|Species Clause: Limit one of each PokÃ©mon
|rule|OHKO Clause: OHKO moves are banned
|rule|Moody Clause: Moody is banned
|rule|Evasion Moves Clause: Evasion moves are banned
|rule|Endless Battle Clause: Forcing endless battles is banned
|rule|HP Percentage Mod: HP is shown in percentages
|teampreview
|
|start
|switch|p1a: Landorus-Therian|Landorus-Therian, M, shiny|319\/319
|switch|p2a: Azelf|Azelf|291\/291
|-ability|p1a: Landorus-Therian|Intimidate|[of] p2a: Azelf
|-unboost|p2a: Azelf|atk|1
|turn|1
|
|move|p1a: Landorus-Therian|U-turn|p2a: Azelf
|-supereffective|p2a: Azelf
|-damage|p2a: Azelf|57\/291
|
|switch|p1a: Charizard|Charizard, M|297\/297
|move|p2a: Azelf|Stealth Rock|p1a: Charizard
|-sidestart|p1: Cienight|move: Stealth Rock
|
|turn|2
|
|detailschange|p1a: Charizard|Charizard-Mega-X, M
|-mega|p1a: Charizard|Charizard|Charizardite X
|move|p2a: Azelf|Taunt|p1a: Charizard
|-start|p1a: Charizard|move: Taunt
|move|p1a: Charizard|Dragon Claw|p2a: Azelf
|-damage|p2a: Azelf|0 fnt
|faint|p2a: Azelf
|
|
|switch|p2a: Politoed|Politoed, M|383\/383
|-weather|RainDance
|turn|3
|
|switch|p1a: Latias|Latias, F|301\/301
|-damage|p1a: Latias|264\/301|[from] Stealth Rock
|switch|p2a: Omastar|Omastar, F|281\/281
|
|-weather|RainDance|[upkeep]
|turn|4
|
|switch|p1a: Ferrothorn|Ferrothorn, M|349\/349
|-damage|p1a: Ferrothorn|328\/349|[from] Stealth Rock
|move|p2a: Omastar|Hydro Pump|p1a: Ferrothorn
|-resisted|p1a: Ferrothorn
|-damage|p1a: Ferrothorn|146\/349
|
|-weather|RainDance|[upkeep]
|-heal|p1a: Ferrothorn|167\/349|[from] item: Leftovers
|turn|5
|
|move|p2a: Omastar|Hydro Pump|p1a: Ferrothorn
|-resisted|p1a: Ferrothorn
|-damage|p1a: Ferrothorn|0 fnt
|faint|p1a: Ferrothorn
|
|-weather|RainDance|[upkeep]
|
|switch|p1a: Latias|Latias, F|264\/301
|-damage|p1a: Latias|227\/301|[from] Stealth Rock
|turn|6
|join|hi im hunter
|
|move|p2a: Omastar|Hydro Pump|p1a: Latias
|-resisted|p1a: Latias
|-damage|p1a: Latias|58\/301
|move|p1a: Latias|Draco Meteor|p2a: Omastar
|-damage|p2a: Omastar|0 fnt
|-unboost|p1a: Latias|spa|2
|-damage|p1a: Latias|28\/301|[from] item: Life Orb
|faint|p2a: Omastar
|
|-weather|RainDance|[upkeep]
|
|switch|p2a: Kingdra|Kingdra, M|291\/291
|turn|7
|
|move|p2a: Kingdra|Scald|p1a: Latias
|-resisted|p1a: Latias
|-damage|p1a: Latias|0 fnt
|-damage|p2a: Kingdra|262\/291|[from] item: Life Orb
|faint|p1a: Latias
|
|-weather|RainDance|[upkeep]
|
|switch|p1a: Azumarill|Azumarill, F|363\/363
|-damage|p1a: Azumarill|318\/363|[from] Stealth Rock
|turn|8
|
|switch|p2a: Scizor|Scizor, M|281\/281
|move|p1a: Azumarill|Play Rough|p2a: Scizor|[miss]
|-miss|p1a: Azumarill|p2a: Scizor
|
|-weather|RainDance|[upkeep]
|turn|9
|
|switch|p2a: Kingdra|Kingdra, M|262\/291
|switch|p1a: Charizard|Charizard-Mega-X, M|297\/297
|-damage|p1a: Charizard|223\/297|[from] Stealth Rock
|
|-weather|RainDance|[upkeep]
|turn|10
|
|switch|p1a: Mew|Mew|400\/400
|-damage|p1a: Mew|350\/400|[from] Stealth Rock
|move|p2a: Kingdra|Hydro Pump|p1a: Mew
|-damage|p1a: Mew|85\/400
|-damage|p2a: Kingdra|233\/291|[from] item: Life Orb
|
|-weather|none
|-heal|p1a: Mew|110\/400|[from] item: Leftovers
|turn|11
|
|move|p1a: Mew|Roost|p1a: Mew
|-heal|p1a: Mew|310\/400
|move|p2a: Kingdra|Hydro Pump|p1a: Mew
|-damage|p1a: Mew|122\/400
|-damage|p2a: Kingdra|204\/291|[from] item: Life Orb
|
|-heal|p1a: Mew|147\/400|[from] item: Leftovers
|turn|12
|
|switch|p2a: Lopunny|Lopunny, M|271\/271
|move|p1a: Mew|Roost|p1a: Mew
|-heal|p1a: Mew|347\/400
|
|-heal|p1a: Mew|372\/400|[from] item: Leftovers
|turn|13
|
|detailschange|p2a: Lopunny|Lopunny-Mega, M
|-mega|p2a: Lopunny|Lopunny|Lopunnite
|move|p2a: Lopunny|Substitute|p2a: Lopunny
|-start|p2a: Lopunny|Substitute
|-damage|p2a: Lopunny|204\/271
|move|p1a: Mew|Will-O-Wisp|p2a: Lopunny
|
|-heal|p1a: Mew|397\/400|[from] item: Leftovers
|turn|14
|
|switch|p1a: Landorus-Therian|Landorus-Therian, M, shiny|319\/319
|-damage|p1a: Landorus-Therian|280\/319|[from] Stealth Rock
|-activate|p2a: Lopunny|Substitute|ability: Intimidate|[of] p1a: Landorus-Therian
|move|p2a: Lopunny|Frustration|p1a: Landorus-Therian
|-damage|p1a: Landorus-Therian|54\/319
|
|turn|15
|
|move|p1a: Landorus-Therian|Earthquake|p2a: Lopunny
|-end|p2a: Lopunny|Substitute
|move|p2a: Lopunny|Frustration|p1a: Landorus-Therian
|-damage|p1a: Landorus-Therian|0 fnt
|faint|p1a: Landorus-Therian
|
|join|lil manaphy
|
|switch|p1a: Azumarill|Azumarill, F|318\/363
|-damage|p1a: Azumarill|273\/363|[from] Stealth Rock
|turn|16
|join|RagnarFR
|
|move|p2a: Lopunny|Frustration|p1a: Azumarill
|-damage|p1a: Azumarill|29\/363
|move|p1a: Azumarill|Waterfall|p2a: Lopunny
|-damage|p2a: Lopunny|0 fnt
|faint|p2a: Lopunny
|
|leave|RagnarFR
|
|switch|p2a: Politoed|Politoed, M|383\/383
|-weather|RainDance
|turn|17
|
|move|p1a: Azumarill|Waterfall|p2a: Politoed
|-resisted|p2a: Politoed
|-damage|p2a: Politoed|216\/383
|move|p2a: Politoed|Scald|p1a: Azumarill
|-resisted|p1a: Azumarill
|-damage|p1a: Azumarill|0 fnt
|faint|p1a: Azumarill
|
|-weather|RainDance|[upkeep]
|
|switch|p1a: Charizard|Charizard-Mega-X, M|223\/297
|-damage|p1a: Charizard|149\/297|[from] Stealth Rock
|turn|18
|
|move|p1a: Charizard|Roost|p1a: Charizard
|-heal|p1a: Charizard|297\/297
|move|p2a: Politoed|Encore|p1a: Charizard
|-start|p1a: Charizard|Encore
|
|-weather|RainDance|[upkeep]
|turn|19
|join|CleanerThanRotom-W
|join|I'm Bi...sharp
|
|switch|p1a: Mew|Mew|397\/400
|-damage|p1a: Mew|347\/400|[from] Stealth Rock
|switch|p2a: Kingdra|Kingdra, M|204\/291
|
|-weather|RainDance|[upkeep]
|-heal|p1a: Mew|372\/400|[from] item: Leftovers
|turn|20
|join|cosine180
|
|switch|p2a: Politoed|Politoed, M|216\/383
|move|p1a: Mew|Roost|p1a: Mew
|-heal|p1a: Mew|400\/400
|
|-weather|RainDance|[upkeep]
|turn|21
|
|move|p1a: Mew|Knock Off|p2a: Politoed
|-damage|p2a: Politoed|149\/383
|-enditem|p2a: Politoed|Damp Rock|[from] move: Knock Off|[of] p1a: Mew
|move|p2a: Politoed|Toxic|p1a: Mew
|-status|p1a: Mew|tox
|-status|p2a: Politoed|tox
|
|-weather|RainDance|[upkeep]
|-damage|p1a: Mew|375\/400 tox|[from] psn
|-damage|p2a: Politoed|126\/383 tox|[from] psn
|turn|22
|leave|CleanerThanRotom-W
|join|GunnerRohan
|
|switch|p2a: Scizor|Scizor, M|281\/281
|move|p1a: Mew|Taunt|p2a: Scizor
|-start|p2a: Scizor|move: Taunt
|
|-weather|RainDance|[upkeep]
|-heal|p1a: Mew|400\/400 tox|[from] item: Leftovers
|-damage|p1a: Mew|350\/400 tox|[from] psn
|turn|23
|join|Appreciation
|
|switch|p2a: Kingdra|Kingdra, M|204\/291
|move|p1a: Mew|Will-O-Wisp|p2a: Kingdra
|-status|p2a: Kingdra|brn
|
|-weather|RainDance|[upkeep]
|-heal|p1a: Mew|375\/400 tox|[from] item: Leftovers
|-damage|p2a: Kingdra|168\/291 brn|[from] brn
|-damage|p1a: Mew|300\/400 tox|[from] psn
|turn|24
|join|LordKuvira
|
|switch|p2a: Scizor|Scizor, M|281\/281
|move|p1a: Mew|Roost|p1a: Mew
|-heal|p1a: Mew|400\/400 tox
|
|-weather|none
|-damage|p1a: Mew|300\/400 tox|[from] psn
|turn|25
|
|switch|p1a: Charizard|Charizard-Mega-X, M|297\/297
|-damage|p1a: Charizard|223\/297|[from] Stealth Rock
|switch|p2a: Politoed|Politoed, M|126\/383 tox
|-weather|RainDance
|
|-weather|RainDance|[upkeep]
|-damage|p2a: Politoed|103\/383 tox|[from] psn
|turn|26
|join|GunnerAnkita
|
|move|p1a: Charizard|Dragon Claw|p2a: Politoed
|-damage|p2a: Politoed|0 fnt
|faint|p2a: Politoed
|
|-weather|RainDance|[upkeep]
|
|switch|p2a: Kingdra|Kingdra, M|168\/291 brn
|turn|27
|
|move|p2a: Kingdra|Hydro Pump|p1a: Charizard
|-damage|p1a: Charizard|0 fnt
|-damage|p2a: Kingdra|139\/291 brn|[from] item: Life Orb
|faint|p1a: Charizard
|
|-weather|RainDance|[upkeep]
|-damage|p2a: Kingdra|103\/291 brn|[from] brn
|leave|lil manaphy
|
|switch|p1a: Mew|Mew|300\/400 tox
|-damage|p1a: Mew|250\/400 tox|[from] Stealth Rock
|turn|28
|
|move|p2a: Kingdra|Hydro Pump|p1a: Mew
|-damage|p1a: Mew|0 fnt
|-damage|p2a: Kingdra|74\/291 brn|[from] item: Life Orb
|faint|p1a: Mew
|
|win|ZephyrBurst
|raw|Ladder updating...
|c|âZephyrBurst|gg
|raw|Cienight's rating: 1650 &rarr; <strong>1626<\/strong><br \/>(-24 for losing)
|raw|ZephyrBurst's rating: 1571 &rarr; <strong>1595<\/strong><br \/>(+24 for winning)
|leave|Cienight