|join|ZephyrBurst
|join|Seeker1911
|player|p1|ZephyrBurst|102
|player|p2|Seeker1911|290
|gametype|singles
|gen|6
|tier|OU
|rated
|clearpoke
|poke|p1|Charizard, F
|poke|p1|Toxicroak, F
|poke|p1|Latias, F
|poke|p1|Celebi
|poke|p1|Landorus-Therian, M
|poke|p1|Raikou
|poke|p2|Breloom, F
|poke|p2|Metagross, shiny
|poke|p2|Keldeo
|poke|p2|Greninja, F
|poke|p2|Latios, M
|poke|p2|Heatran, F
|rule|Swagger Clause: Swagger is banned
|rule|Baton Pass Clause: Limit one PokÃ©mon knowing Baton Pass
|rule|Sleep Clause Mod: Limit one foe put to sleep
|rule|Species Clause: Limit one of each PokÃ©mon
|rule|OHKO Clause: OHKO moves are banned
|rule|Moody Clause: Moody is banned
|rule|Evasion Moves Clause: Evasion moves are banned
|rule|Endless Battle Clause: Forcing endless battles is banned
|rule|HP Percentage Mod: HP is shown in percentages
|teampreview
|
|start
|switch|p1a: Raikou|Raikou|321\/321
|switch|p2a: Latios|Latios, M|301\/301
|-ability|p1a: Raikou|Pressure
|turn|1
|
|move|p2a: Latios|Draco Meteor|p1a: Raikou
|-damage|p1a: Raikou|156\/321
|-unboost|p2a: Latios|spa|2
|move|p1a: Raikou|Shadow Ball|p2a: Latios
|-supereffective|p2a: Latios
|-damage|p2a: Latios|125\/301
|
|turn|2
|
|switch|p2a: Greninja|Greninja, F|286\/286
|move|p1a: Raikou|Volt Switch|p2a: Greninja
|-crit|p2a: Greninja
|-supereffective|p2a: Greninja
|-damage|p2a: Greninja|0 fnt
|faint|p2a: Greninja
|
|switch|p1a: Landorus-Therian|Landorus-Therian, M|381\/381
|
|
|switch|p2a: Breloom|Breloom, F|261\/261
|turn|3
|
|switch|p1a: Celebi|Celebi|404\/404
|move|p2a: Breloom|Substitute|p2a: Breloom
|-start|p2a: Breloom|Substitute
|-damage|p2a: Breloom|196\/261
|
|-status|p2a: Breloom|tox|[from] item: Toxic Orb
|turn|4
|
|move|p2a: Breloom|Seed Bomb|p1a: Celebi
|-resisted|p1a: Celebi
|-damage|p1a: Celebi|353\/404
|move|p1a: Celebi|Substitute|p1a: Celebi
|-start|p1a: Celebi|Substitute
|-damage|p1a: Celebi|252\/404
|
|-heal|p1a: Celebi|277\/404|[from] item: Leftovers
|-heal|p2a: Breloom|228\/261 tox|[from] ability: Poison Heal
|turn|5
|
|move|p2a: Breloom|Seed Bomb|p1a: Celebi
|-resisted|p1a: Celebi
|-activate|p1a: Celebi|Substitute|[damage]
|move|p1a: Celebi|Baton Pass|p1a: Celebi
|
|switch|p1a: Toxicroak|Toxicroak, F|307\/307
|
|-heal|p2a: Breloom|260\/261 tox|[from] ability: Poison Heal
|turn|6
|
|move|p1a: Toxicroak|Drain Punch|p2a: Breloom
|-end|p2a: Breloom|Substitute
|-damage|p1a: Toxicroak|277\/307|[from] item: Life Orb
|move|p2a: Breloom|Drain Punch|p1a: Toxicroak
|-resisted|p1a: Toxicroak
|-end|p1a: Toxicroak|Substitute
|-heal|p2a: Breloom|261\/261 tox|[from] drain|[of] p1a: Toxicroak
|
|turn|7
|
|move|p1a: Toxicroak|Gunk Shot|p2a: Breloom
|-crit|p2a: Breloom
|-supereffective|p2a: Breloom
|-damage|p2a: Breloom|0 fnt
|-damage|p1a: Toxicroak|247\/307|[from] item: Life Orb
|faint|p2a: Breloom
|
|
|switch|p2a: Latios|Latios, M|125\/301
|turn|8
|
|move|p1a: Toxicroak|Sucker Punch|p2a: Latios
|-supereffective|p2a: Latios
|-damage|p2a: Latios|0 fnt
|-damage|p1a: Toxicroak|217\/307|[from] item: Life Orb
|faint|p2a: Latios
|
|
|switch|p2a: Keldeo|Keldeo|323\/323
|turn|9
|
|switch|p1a: Latias|Latias, F|341\/341
|move|p2a: Keldeo|Scald|p1a: Latias
|-resisted|p1a: Latias
|-damage|p1a: Latias|283\/341
|
|-heal|p1a: Latias|304\/341|[from] item: Leftovers
|turn|10
|
|switch|p1a: Landorus-Therian|Landorus-Therian, M|381\/381
|-ability|p1a: Landorus-Therian|Intimidate|[of] p2a: Keldeo
|-unboost|p2a: Keldeo|atk|1
|switch|p2a: Metagross|Metagross, shiny|301\/301
|
|turn|11
|
|switch|p1a: Celebi|Celebi|277\/404
|detailschange|p2a: Metagross|Metagross-Mega, shiny
|-mega|p2a: Metagross|Metagross|Metagrossite
|move|p2a: Metagross|Ice Punch|p1a: Celebi
|-supereffective|p1a: Celebi
|-damage|p1a: Celebi|91\/404
|
|-heal|p1a: Celebi|116\/404|[from] item: Leftovers
|turn|12
|
|move|p2a: Metagross|Ice Punch|p1a: Celebi
|-supereffective|p1a: Celebi
|-damage|p1a: Celebi|0 fnt
|faint|p1a: Celebi
|
|
|switch|p1a: Landorus-Therian|Landorus-Therian, M|381\/381
|-ability|p1a: Landorus-Therian|Intimidate|[of] p2a: Metagross
|-unboost|p2a: Metagross|atk|1
|turn|13
|
|move|p2a: Metagross|Ice Punch|p1a: Landorus-Therian
|-supereffective|p1a: Landorus-Therian
|-damage|p1a: Landorus-Therian|105\/381
|move|p1a: Landorus-Therian|Earthquake|p2a: Metagross
|-supereffective|p2a: Metagross
|-damage|p2a: Metagross|61\/301
|
|-heal|p1a: Landorus-Therian|128\/381|[from] item: Leftovers
|turn|14
|
|move|p2a: Metagross|Ice Punch|p1a: Landorus-Therian
|-supereffective|p1a: Landorus-Therian
|-damage|p1a: Landorus-Therian|0 fnt
|faint|p1a: Landorus-Therian
|
|
|switch|p1a: Raikou|Raikou|156\/321
|-ability|p1a: Raikou|Pressure
|turn|15
|
|move|p1a: Raikou|Thunderbolt|p2a: Metagross
|-damage|p2a: Metagross|0 fnt
|faint|p2a: Metagross
|
|
|switch|p2a: Heatran|Heatran, F|385\/385
|turn|16
|
|move|p1a: Raikou|Thunderbolt|p2a: Heatran
|-crit|p2a: Heatran
|-damage|p2a: Heatran|214\/385
|move|p2a: Heatran|Toxic|p1a: Raikou
|-status|p1a: Raikou|tox
|
|-heal|p2a: Heatran|238\/385|[from] item: Leftovers
|-damage|p1a: Raikou|136\/321 tox|[from] psn
|turn|17
|
|move|p2a: Heatran|Protect|p2a: Heatran
|-singleturn|p2a: Heatran|Protect
|move|p1a: Raikou|Thunderbolt|p2a: Heatran
|-activate|p2a: Heatran|Protect
|
|-heal|p2a: Heatran|262\/385|[from] item: Leftovers
|-damage|p1a: Raikou|96\/321 tox|[from] psn
|turn|18
|
|move|p1a: Raikou|Thunderbolt|p2a: Heatran
|-damage|p2a: Heatran|151\/385
|move|p2a: Heatran|Lava Plume|p1a: Raikou
|-damage|p1a: Raikou|11\/321 tox
|
|-heal|p2a: Heatran|175\/385|[from] item: Leftovers
|-damage|p1a: Raikou|0 fnt|[from] psn
|faint|p1a: Raikou
|
|switch|p1a: Toxicroak|Toxicroak, F|217\/307
|turn|19
|
|move|p2a: Heatran|Protect|p2a: Heatran
|-singleturn|p2a: Heatran|Protect
|move|p1a: Toxicroak|Drain Punch|p2a: Heatran
|-activate|p2a: Heatran|Protect
|
|-heal|p2a: Heatran|199\/385|[from] item: Leftovers
|turn|20
|
|switch|p2a: Keldeo|Keldeo|323\/323
|move|p1a: Toxicroak|Drain Punch|p2a: Keldeo
|-damage|p2a: Keldeo|162\/323
|-heal|p1a: Toxicroak|298\/307|[from] drain|[of] p2a: Keldeo
|-damage|p1a: Toxicroak|268\/307|[from] item: Life Orb
|
|-heal|p2a: Keldeo|182\/323|[from] item: Leftovers
|turn|21
|
|move|p2a: Keldeo|Scald|p1a: Toxicroak
|-heal|p1a: Toxicroak|307\/307|[from] ability: Dry Skin|[of] p2a: Keldeo
|move|p1a: Toxicroak|Swords Dance|p1a: Toxicroak
|-boost|p1a: Toxicroak|atk|2
|
|-heal|p2a: Keldeo|202\/323|[from] item: Leftovers
|turn|22
|
|move|p2a: Keldeo|Secret Sword|p1a: Toxicroak
|-resisted|p1a: Toxicroak
|-damage|p1a: Toxicroak|199\/307
|move|p1a: Toxicroak|Drain Punch|p2a: Keldeo
|-damage|p2a: Keldeo|0 fnt
|-heal|p1a: Toxicroak|300\/307|[from] drain|[of] p2a: Keldeo
|-damage|p1a: Toxicroak|270\/307|[from] item: Life Orb
|faint|p2a: Keldeo
|
|-message|Seeker1911 forfeited.
|leave|Seeker1911
|
|win|ZephyrBurst
|raw|Ladder updating...
|player|p2
|raw|ZephyrBurst's rating: 1459 &rarr; <strong>1475<\/strong><br \/>(+16 for winning)
|raw|Seeker1911's rating: 1374 &rarr; <strong>1359<\/strong><br \/>(-15 for losing)