|join|ZephyrBurst
|join|FlashyJoey
|player|p1|ZephyrBurst|102
|player|p2|FlashyJoey|33
|gametype|singles
|gen|6
|tier|OU
|rated
|clearpoke
|poke|p1|Politoed, M
|poke|p1|Omastar, F
|poke|p1|Kingdra, M
|poke|p1|Azelf
|poke|p1|Scizor, F
|poke|p1|Lopunny, M
|poke|p2|Starmie
|poke|p2|Chesnaught, F
|poke|p2|Talonflame, M
|poke|p2|Excadrill, F
|poke|p2|Tyranitar, M
|poke|p2|Gardevoir, M
|rule|Swagger Clause: Swagger is banned
|rule|Baton Pass Clause: Limit one PokÃ©mon knowing Baton Pass
|rule|Sleep Clause Mod: Limit one foe put to sleep
|rule|Species Clause: Limit one of each PokÃ©mon
|rule|OHKO Clause: OHKO moves are banned
|rule|Moody Clause: Moody is banned
|rule|Evasion Moves Clause: Evasion moves are banned
|rule|Endless Battle Clause: Forcing endless battles is banned
|rule|HP Percentage Mod: HP is shown in percentages
|teampreview
|
|start
|switch|p1a: Scizor|Scizor, F|281\/281
|switch|p2a: Starmie|Starmie|323\/323
|turn|1
|
|switch|p2a: Talonflame|Talonflame, M|351\/351
|move|p1a: Scizor|Bug Bite|p2a: Talonflame
|-resisted|p2a: Talonflame
|-damage|p2a: Talonflame|277\/351
|-damage|p1a: Scizor|253\/281|[from] item: Life Orb
|
|-heal|p2a: Talonflame|298\/351|[from] item: Leftovers
|turn|2
|
|switch|p2a: Gardevoir|Gardevoir, M|289\/289
|-ability|p2a: Gardevoir|Technician|[from] ability: Trace|[of] p1a: Scizor
|move|p1a: Scizor|Swords Dance|p1a: Scizor
|-boost|p1a: Scizor|atk|2
|
|turn|3
|
|switch|p2a: Talonflame|Talonflame, M|298\/351
|move|p1a: Scizor|Bullet Punch|p2a: Talonflame
|-crit|p2a: Talonflame
|-resisted|p2a: Talonflame
|-damage|p2a: Talonflame|9\/351
|-damage|p1a: Scizor|225\/281|[from] item: Life Orb
|
|-heal|p2a: Talonflame|30\/351|[from] item: Leftovers
|turn|4
|
|move|p2a: Talonflame|Will-O-Wisp|p1a: Scizor
|-status|p1a: Scizor|brn
|move|p1a: Scizor|Superpower|p2a: Talonflame
|-resisted|p2a: Talonflame
|-damage|p2a: Talonflame|0 fnt
|-unboost|p1a: Scizor|atk|1
|-unboost|p1a: Scizor|def|1
|-damage|p1a: Scizor|197\/281 brn|[from] item: Life Orb
|faint|p2a: Talonflame
|
|-damage|p1a: Scizor|162\/281 brn|[from] brn
|
|switch|p2a: Excadrill|Excadrill, F|361\/361
|turn|5
|
|switch|p1a: Azelf|Azelf|291\/291
|move|p2a: Excadrill|Earthquake|p1a: Azelf
|-immune|p1a: Azelf|[msg]
|
|turn|6
|
|switch|p2a: Starmie|Starmie|323\/323
|move|p1a: Azelf|Stealth Rock|p2a: Starmie
|-sidestart|p2: FlashyJoey|move: Stealth Rock
|
|turn|7
|
|switch|p1a: Politoed|Politoed, M|383\/383
|-weather|RainDance
|move|p2a: Starmie|Rapid Spin|p1a: Politoed
|-damage|p1a: Politoed|375\/383
|-sideend|p2: FlashyJoey|Stealth Rock|[from] move: Rapid Spin|[of] p2a: Starmie
|
|-weather|RainDance|[upkeep]
|turn|8
|
|switch|p2a: Tyranitar|Tyranitar, M|341\/341
|-weather|Sandstorm
|switch|p1a: Lopunny|Lopunny, M|271\/271
|
|-weather|Sandstorm|[upkeep]
|-damage|p1a: Lopunny|255\/271|[from] sandstorm
|turn|9
|
|switch|p2a: Chesnaught|Chesnaught, F|379\/379
|detailschange|p1a: Lopunny|Lopunny-Mega, M
|-mega|p1a: Lopunny|Lopunny|Lopunnite
|move|p1a: Lopunny|Substitute|p1a: Lopunny
|-start|p1a: Lopunny|Substitute
|-damage|p1a: Lopunny|188\/271
|
|-weather|Sandstorm|[upkeep]
|-damage|p1a: Lopunny|172\/271|[from] sandstorm
|-damage|p2a: Chesnaught|356\/379|[from] sandstorm
|-heal|p2a: Chesnaught|379\/379|[from] item: Leftovers
|turn|10
|
|move|p1a: Lopunny|Baton Pass|p1a: Lopunny
|
|switch|p1a: Omastar|Omastar, F|281\/281
|move|p2a: Chesnaught|Drain Punch|p1a: Omastar
|-supereffective|p1a: Omastar
|-end|p1a: Omastar|Substitute
|
|-weather|Sandstorm|[upkeep]
|-damage|p2a: Chesnaught|356\/379|[from] sandstorm
|-heal|p2a: Chesnaught|379\/379|[from] item: Leftovers
|turn|11
|
|switch|p2a: Starmie|Starmie|323\/323
|move|p1a: Omastar|Ice Beam|p2a: Starmie
|-resisted|p2a: Starmie
|-damage|p2a: Starmie|231\/323
|
|-weather|Sandstorm|[upkeep]
|-damage|p2a: Starmie|211\/323|[from] sandstorm
|-heal|p2a: Starmie|231\/323|[from] item: Leftovers
|turn|12
|
|switch|p2a: Gardevoir|Gardevoir, M|289\/289
|-ability|p2a: Gardevoir|Swift Swim|[from] ability: Trace|[of] p1a: Omastar
|switch|p1a: Politoed|Politoed, M|375\/383
|-weather|RainDance
|
|-weather|RainDance|[upkeep]
|turn|13
|
|switch|p1a: Scizor|Scizor, F|162\/281 brn
|detailschange|p2a: Gardevoir|Gardevoir-Mega, M
|-mega|p2a: Gardevoir|Gardevoir|Gardevoirite
|move|p2a: Gardevoir|Hyper Voice|p1a: Scizor
|-resisted|p1a: Scizor
|-damage|p1a: Scizor|0 fnt
|faint|p1a: Scizor
|
|-weather|RainDance|[upkeep]
|
|switch|p1a: Omastar|Omastar, F|281\/281
|turn|14
|
|switch|p2a: Tyranitar|Tyranitar, M|341\/341
|-weather|Sandstorm
|move|p1a: Omastar|Hydro Pump|p2a: Tyranitar
|-supereffective|p2a: Tyranitar
|-damage|p2a: Tyranitar|0 fnt
|faint|p2a: Tyranitar
|
|-weather|Sandstorm|[upkeep]
|
|switch|p2a: Gardevoir|Gardevoir-Mega, M|289\/289
|turn|15
|
|switch|p1a: Azelf|Azelf|291\/291
|move|p2a: Gardevoir|Hyper Voice|p1a: Azelf
|-enditem|p1a: Azelf|Focus Sash
|-damage|p1a: Azelf|1\/291
|
|-weather|Sandstorm|[upkeep]
|-damage|p1a: Azelf|0 fnt|[from] sandstorm
|-damage|p2a: Gardevoir|271\/289|[from] sandstorm
|faint|p1a: Azelf
|
|switch|p1a: Lopunny|Lopunny-Mega, M|172\/271
|turn|16
|
|switch|p2a: Chesnaught|Chesnaught, F|379\/379
|move|p1a: Lopunny|Baton Pass|p1a: Lopunny
|
|switch|p1a: Politoed|Politoed, M|375\/383
|-weather|RainDance
|
|-weather|RainDance|[upkeep]
|turn|17
|
|move|p2a: Chesnaught|Wood Hammer|p1a: Politoed
|-supereffective|p1a: Politoed
|-damage|p1a: Politoed|117\/383
|-damage|p2a: Chesnaught|294\/379|[from] recoil|[of] p1a: Politoed
|move|p1a: Politoed|Toxic|p2a: Chesnaught
|-status|p2a: Chesnaught|tox
|
|-weather|RainDance|[upkeep]
|-heal|p2a: Chesnaught|317\/379 tox|[from] item: Leftovers
|-damage|p2a: Chesnaught|294\/379 tox|[from] psn
|turn|18
|
|switch|p1a: Kingdra|Kingdra, M|291\/291
|move|p2a: Chesnaught|Spikes|p1a: Kingdra
|-sidestart|p1: ZephyrBurst|Spikes
|
|-weather|RainDance|[upkeep]
|-heal|p2a: Chesnaught|317\/379 tox|[from] item: Leftovers
|-damage|p2a: Chesnaught|271\/379 tox|[from] psn
|turn|19
|
|move|p1a: Kingdra|Draco Meteor|p2a: Chesnaught
|-damage|p2a: Chesnaught|0 fnt
|-unboost|p1a: Kingdra|spa|2
|-damage|p1a: Kingdra|262\/291|[from] item: Life Orb
|faint|p2a: Chesnaught
|
|-weather|RainDance|[upkeep]
|
|switch|p2a: Gardevoir|Gardevoir-Mega, M|271\/289
|turn|20
|
|move|p1a: Kingdra|Scald|p2a: Gardevoir
|-damage|p2a: Gardevoir|170\/289
|-damage|p1a: Kingdra|233\/291|[from] item: Life Orb
|move|p2a: Gardevoir|Hyper Voice|p1a: Kingdra
|-crit|p1a: Kingdra
|-supereffective|p1a: Kingdra
|-damage|p1a: Kingdra|0 fnt
|faint|p1a: Kingdra
|
|-weather|RainDance|[upkeep]
|
|switch|p1a: Omastar|Omastar, F|281\/281
|-damage|p1a: Omastar|246\/281|[from] Spikes
|turn|21
|
|move|p1a: Omastar|Scald|p2a: Gardevoir
|-damage|p2a: Gardevoir|0 fnt
|faint|p2a: Gardevoir
|
|-weather|RainDance|[upkeep]
|
|switch|p2a: Starmie|Starmie|231\/323
|turn|22
|
|move|p1a: Omastar|Scald|p2a: Starmie
|-resisted|p2a: Starmie
|-damage|p2a: Starmie|34\/323
|move|p2a: Starmie|Recover|p2a: Starmie
|-heal|p2a: Starmie|196\/323
|
|-weather|RainDance|[upkeep]
|-heal|p2a: Starmie|216\/323|[from] item: Leftovers
|turn|23
|
|move|p1a: Omastar|Scald|p2a: Starmie
|-resisted|p2a: Starmie
|-damage|p2a: Starmie|45\/323
|move|p2a: Starmie|Recover|p2a: Starmie
|-heal|p2a: Starmie|207\/323
|
|-weather|none
|-heal|p2a: Starmie|227\/323|[from] item: Leftovers
|turn|24
|
|switch|p1a: Politoed|Politoed, M|117\/383
|-damage|p1a: Politoed|70\/383|[from] Spikes
|-weather|RainDance
|move|p2a: Starmie|Scald|p1a: Politoed
|-resisted|p1a: Politoed
|-damage|p1a: Politoed|4\/383
|
|-weather|RainDance|[upkeep]
|-heal|p2a: Starmie|247\/323|[from] item: Leftovers
|turn|25
|
|move|p2a: Starmie|Scald|p1a: Politoed
|-resisted|p1a: Politoed
|-damage|p1a: Politoed|0 fnt
|faint|p1a: Politoed
|
|-weather|RainDance|[upkeep]
|-heal|p2a: Starmie|267\/323|[from] item: Leftovers
|
|switch|p1a: Omastar|Omastar, F|246\/281
|-damage|p1a: Omastar|211\/281|[from] Spikes
|turn|26
|
|move|p1a: Omastar|Hydro Pump|p2a: Starmie
|-resisted|p2a: Starmie
|-damage|p2a: Starmie|8\/323
|move|p2a: Starmie|Scald|p1a: Omastar
|-damage|p1a: Omastar|13\/281
|
|-weather|RainDance|[upkeep]
|-heal|p2a: Starmie|28\/323|[from] item: Leftovers
|turn|27
|c|âFlashyJoey|hydro missss
|c|âFlashyJoey|now
|
|move|p1a: Omastar|Hydro Pump|p2a: Starmie
|-resisted|p2a: Starmie
|-damage|p2a: Starmie|0 fnt
|faint|p2a: Starmie
|
|-weather|RainDance|[upkeep]
|
|switch|p2a: Excadrill|Excadrill, F|361\/361
|turn|28
|
|move|p1a: Omastar|Hydro Pump|p2a: Excadrill
|-supereffective|p2a: Excadrill
|-damage|p2a: Excadrill|0 fnt
|faint|p2a: Excadrill
|
|win|ZephyrBurst
|raw|Ladder updating...
|raw|ZephyrBurst's rating: 1596 &rarr; <strong>1621<\/strong><br \/>(+25 for winning)
|raw|FlashyJoey's rating: 1686 &rarr; <strong>1661<\/strong><br \/>(-25 for losing)
|c|âZephyrBurst|gg
|c|âFlashyJoey|gg