|join|Kuraineko2
|join|ZephyrBurst
|player|p1|Kuraineko2|260
|player|p2|ZephyrBurst|102
|gametype|singles
|gen|6
|tier|OU
|rated
|clearpoke
|poke|p1|Landorus, M
|poke|p1|Bisharp, M
|poke|p1|Thundurus, M
|poke|p1|Rotom-Wash
|poke|p1|Gallade, M
|poke|p1|Chansey, F
|poke|p2|Chesnaught, F
|poke|p2|Bisharp, M
|poke|p2|Garchomp, F
|poke|p2|Sableye, M
|poke|p2|Jirachi
|poke|p2|Tentacruel, F
|rule|Swagger Clause: Swagger is banned
|rule|Baton Pass Clause: Limit one PokÃ©mon knowing Baton Pass
|rule|Sleep Clause Mod: Limit one foe put to sleep
|rule|Species Clause: Limit one of each PokÃ©mon
|rule|OHKO Clause: OHKO moves are banned
|rule|Moody Clause: Moody is banned
|rule|Evasion Moves Clause: Evasion moves are banned
|rule|Endless Battle Clause: Forcing endless battles is banned
|rule|HP Percentage Mod: HP is shown in percentages
|teampreview
|
|start
|switch|p1a: Rotom-Wash|Rotom-Wash|304\/304
|switch|p2a: Garchomp|Garchomp, F|420\/420
|turn|1
|
|move|p1a: Rotom-Wash|Trick|p2a: Garchomp
|-activate|p1a: Rotom-Wash|move: Trick|[of] p2a: Garchomp
|-item|p2a: Garchomp|Choice Scarf|[from] move: Trick
|-item|p1a: Rotom-Wash|Rocky Helmet|[from] move: Trick
|move|p2a: Garchomp|Stealth Rock|p1a: Rotom-Wash
|-sidestart|p1: Kuraineko2|move: Stealth Rock
|
|turn|2
|
|switch|p2a: Jirachi|Jirachi|404\/404
|move|p1a: Rotom-Wash|Thunder Wave|p2a: Jirachi
|-status|p2a: Jirachi|par
|
|turn|3
|
|switch|p1a: Gallade|Gallade, M|277\/277
|-damage|p1a: Gallade|260\/277|[from] Stealth Rock
|move|p2a: Jirachi|U-turn|p1a: Gallade
|-damage|p1a: Gallade|187\/277
|
|switch|p2a: Sableye|Sableye, M|304\/304
|
|turn|4
|
|switch|p1a: Bisharp|Bisharp, M|334\/334
|-damage|p1a: Bisharp|314\/334|[from] Stealth Rock
|detailschange|p2a: Sableye|Sableye-Mega, M
|-mega|p2a: Sableye|Sableye|Sablenite
|move|p2a: Sableye|Will-O-Wisp|p1a: Bisharp|[miss]
|-miss|p2a: Sableye|p1a: Bisharp
|
|turn|5
|
|switch|p2a: Chesnaught|Chesnaught, F|380\/380
|move|p1a: Bisharp|Iron Head|p2a: Chesnaught
|-damage|p2a: Chesnaught|244\/380
|-damage|p1a: Bisharp|281\/334|[from] item: Life Orb
|
|-heal|p2a: Chesnaught|267\/380|[from] item: Leftovers
|turn|6
|
|move|p1a: Bisharp|Knock Off|p2a: Chesnaught
|-resisted|p2a: Chesnaught
|-damage|p2a: Chesnaught|197\/380
|-enditem|p2a: Chesnaught|Leftovers|[from] move: Knock Off|[of] p1a: Bisharp
|-damage|p1a: Bisharp|248\/334|[from] item: Life Orb
|move|p2a: Chesnaught|Spikes|p1a: Bisharp
|-sidestart|p1: Kuraineko2|Spikes
|
|turn|7
|
|switch|p1a: Landorus|Landorus, M|319\/319
|-damage|p1a: Landorus|280\/319|[from] Stealth Rock
|move|p2a: Chesnaught|Drain Punch|p1a: Landorus
|-resisted|p1a: Landorus
|-damage|p1a: Landorus|226\/319
|-heal|p2a: Chesnaught|224\/380|[from] drain|[of] p1a: Landorus
|
|turn|8
|
|switch|p2a: Sableye|Sableye-Mega, M|304\/304
|move|p1a: Landorus|Sludge Wave|p2a: Sableye
|-crit|p2a: Sableye
|-resisted|p2a: Sableye
|-damage|p2a: Sableye|178\/304
|
|turn|9
|
|switch|p2a: Garchomp|Garchomp, F|420\/420
|move|p1a: Landorus|Earth Power|p2a: Garchomp
|-damage|p2a: Garchomp|142\/420
|
|turn|10
|
|switch|p1a: Rotom-Wash|Rotom-Wash|304\/304
|-damage|p1a: Rotom-Wash|266\/304|[from] Stealth Rock
|move|p2a: Garchomp|Toxic|p1a: Rotom-Wash
|-status|p1a: Rotom-Wash|tox
|
|-damage|p1a: Rotom-Wash|247\/304 tox|[from] psn
|turn|11
|
|switch|p2a: Tentacruel|Tentacruel, F|361\/361
|move|p1a: Rotom-Wash|Hydro Pump|p2a: Tentacruel
|-resisted|p2a: Tentacruel
|-damage|p2a: Tentacruel|317\/361
|
|-heal|p2a: Tentacruel|339\/361|[from] item: Black Sludge
|-damage|p1a: Rotom-Wash|209\/304 tox|[from] psn
|turn|12
|
|move|p2a: Tentacruel|Scald|p1a: Rotom-Wash
|-resisted|p1a: Rotom-Wash
|-damage|p1a: Rotom-Wash|182\/304 tox
|move|p1a: Rotom-Wash|Volt Switch|p2a: Tentacruel
|-supereffective|p2a: Tentacruel
|-damage|p2a: Tentacruel|235\/361
|
|switch|p1a: Thundurus|Thundurus, M|299\/299
|-damage|p1a: Thundurus|225\/299|[from] Stealth Rock
|
|-heal|p1a: Thundurus|243\/299|[from] item: Leftovers
|-heal|p2a: Tentacruel|257\/361|[from] item: Black Sludge
|turn|13
|
|switch|p2a: Garchomp|Garchomp, F|142\/420
|move|p1a: Thundurus|Psychic|p2a: Garchomp
|-damage|p2a: Garchomp|31\/420
|
|-heal|p1a: Thundurus|261\/299|[from] item: Leftovers
|turn|14
|
|switch|p2a: Jirachi|Jirachi|404\/404 par
|switch|p1a: Rotom-Wash|Rotom-Wash|182\/304 tox
|-damage|p1a: Rotom-Wash|144\/304 tox|[from] Stealth Rock
|
|-damage|p1a: Rotom-Wash|125\/304 tox|[from] psn
|turn|15
|
|move|p1a: Rotom-Wash|Volt Switch|p2a: Jirachi
|-damage|p2a: Jirachi|337\/404 par
|
|switch|p1a: Bisharp|Bisharp, M|248\/334
|-damage|p1a: Bisharp|207\/334|[from] Spikes
|-damage|p1a: Bisharp|187\/334|[from] Stealth Rock
|move|p2a: Jirachi|Wish|p2a: Jirachi
|
|-heal|p2a: Jirachi|362\/404 par|[from] item: Leftovers
|turn|16
|
|move|p1a: Bisharp|Pursuit|p2a: Jirachi|[from]Pursuit
|-supereffective|p2a: Jirachi
|-damage|p2a: Jirachi|0 fnt
|-damage|p1a: Bisharp|154\/334|[from] item: Life Orb
|faint|p2a: Jirachi
|
|
|switch|p2a: Chesnaught|Chesnaught, F|224\/380
|turn|17
|
|move|p1a: Bisharp|Iron Head|p2a: Chesnaught
|-damage|p2a: Chesnaught|107\/380
|-damage|p1a: Bisharp|121\/334|[from] item: Life Orb
|move|p2a: Chesnaught|Drain Punch|p1a: Bisharp
|-supereffective|p1a: Bisharp
|-damage|p1a: Bisharp|0 fnt
|-heal|p2a: Chesnaught|168\/380|[from] drain|[of] p1a: Bisharp
|faint|p1a: Bisharp
|
|
|switch|p1a: Thundurus|Thundurus, M|261\/299
|-damage|p1a: Thundurus|187\/299|[from] Stealth Rock
|turn|18
|
|switch|p2a: Bisharp|Bisharp, M|271\/271
|move|p1a: Thundurus|Psychic|p2a: Bisharp
|-immune|p2a: Bisharp|[msg]
|
|-heal|p1a: Thundurus|205\/299|[from] item: Leftovers
|turn|19
|
|move|p2a: Bisharp|Sucker Punch|p1a: Thundurus
|-damage|p1a: Thundurus|0 fnt
|faint|p1a: Thundurus
|
|
|switch|p1a: Rotom-Wash|Rotom-Wash|125\/304 tox
|-damage|p1a: Rotom-Wash|87\/304 tox|[from] Stealth Rock
|turn|20
|
|move|p2a: Bisharp|Knock Off|p1a: Rotom-Wash
|-damage|p1a: Rotom-Wash|0 fnt
|-damage|p2a: Bisharp|226\/271|[from] item: Rocky Helmet|[of] p1a: Rotom-Wash
|-enditem|p1a: Rotom-Wash|Rocky Helmet|[from] move: Knock Off|[of] p2a: Bisharp
|faint|p1a: Rotom-Wash
|
|
|switch|p1a: Gallade|Gallade, M|187\/277
|-damage|p1a: Gallade|170\/277|[from] Stealth Rock
|-damage|p1a: Gallade|136\/277|[from] Spikes
|turn|21
|
|switch|p2a: Garchomp|Garchomp, F|31\/420
|detailschange|p1a: Gallade|Gallade-Mega, M
|-mega|p1a: Gallade|Gallade|Galladite
|move|p1a: Gallade|Drain Punch|p2a: Garchomp
|-damage|p2a: Garchomp|0 fnt
|-heal|p1a: Gallade|152\/277|[from] drain|[of] p2a: Garchomp
|-damage|p1a: Gallade|118\/277|[from] ability: Rough Skin|[of] p2a: Garchomp
|faint|p2a: Garchomp
|
|
|switch|p2a: Sableye|Sableye-Mega, M|178\/304
|turn|22
|
|move|p1a: Gallade|Poison Jab|p2a: Sableye
|-resisted|p2a: Sableye
|-damage|p2a: Sableye|145\/304
|move|p2a: Sableye|Will-O-Wisp|p1a: Gallade
|-status|p1a: Gallade|brn
|
|-damage|p1a: Gallade|84\/277 brn|[from] brn
|turn|23
|
|switch|p1a: Chansey|Chansey, F|703\/703
|-damage|p1a: Chansey|616\/703|[from] Stealth Rock
|-damage|p1a: Chansey|529\/703|[from] Spikes
|move|p2a: Sableye|Recover|p2a: Sableye
|-heal|p2a: Sableye|297\/304
|
|turn|24
|
|move|p1a: Chansey|Heal Bell|p1a: Chansey
|-cureteam|p1a: Chansey|[from] move: HealBell
|move|p2a: Sableye|Calm Mind|p2a: Sableye
|-boost|p2a: Sableye|spa|1
|-boost|p2a: Sableye|spd|1
|
|turn|25
|
|switch|p1a: Landorus|Landorus, M|226\/319
|-damage|p1a: Landorus|187\/319|[from] Stealth Rock
|move|p2a: Sableye|Calm Mind|p2a: Sableye
|-boost|p2a: Sableye|spa|1
|-boost|p2a: Sableye|spd|1
|
|turn|26
|
|move|p1a: Landorus|Earth Power|p2a: Sableye
|-damage|p2a: Sableye|184\/304
|move|p2a: Sableye|Shadow Ball|p1a: Landorus
|-damage|p1a: Landorus|6\/319
|
|turn|27
|
|move|p1a: Landorus|Earth Power|p2a: Sableye
|-damage|p2a: Sableye|70\/304
|move|p2a: Sableye|Shadow Ball|p1a: Landorus
|-damage|p1a: Landorus|0 fnt
|faint|p1a: Landorus
|
|
|switch|p1a: Gallade|Gallade-Mega, M|84\/277
|-damage|p1a: Gallade|67\/277|[from] Stealth Rock
|-damage|p1a: Gallade|33\/277|[from] Spikes
|turn|28
|
|move|p1a: Gallade|Ice Punch|p2a: Sableye
|-damage|p2a: Sableye|4\/304
|move|p2a: Sableye|Recover|p2a: Sableye
|-heal|p2a: Sableye|156\/304
|
|turn|29
|
|move|p1a: Gallade|Ice Punch|p2a: Sableye
|-damage|p2a: Sableye|94\/304
|move|p2a: Sableye|Shadow Ball|p1a: Gallade
|-supereffective|p1a: Gallade
|-damage|p1a: Gallade|0 fnt
|faint|p1a: Gallade
|
|
|switch|p1a: Chansey|Chansey, F|529\/703
|-damage|p1a: Chansey|442\/703|[from] Spikes
|-damage|p1a: Chansey|355\/703|[from] Stealth Rock
|turn|30
|-message|Kuraineko2 forfeited.
|leave|Kuraineko2
|
|win|ZephyrBurst
|raw|Ladder updating...
|player|p1