|join|SWAGCOLFO
|join|ZephyrBurst
|player|p1|SWAGCOLFO|80
|player|p2|ZephyrBurst|102
|gametype|singles
|gen|6
|tier|OU
|rated
|clearpoke
|poke|p1|Heracross, F
|poke|p1|Heatran, M
|poke|p1|Slowbro, F
|poke|p1|Kyurem-Black
|poke|p1|Landorus-Therian, M
|poke|p1|Latios, M
|poke|p2|Politoed, F
|poke|p2|Omastar, M
|poke|p2|Kingdra, F
|poke|p2|Terrakion
|poke|p2|Scizor, M
|poke|p2|Lopunny, F
|rule|Swagger Clause: Swagger is banned
|rule|Baton Pass Clause: Limit one PokÃ©mon knowing Baton Pass
|rule|Sleep Clause Mod: Limit one foe put to sleep
|rule|Species Clause: Limit one of each PokÃ©mon
|rule|OHKO Clause: OHKO moves are banned
|rule|Moody Clause: Moody is banned
|rule|Evasion Moves Clause: Evasion moves are banned
|rule|Endless Battle Clause: Forcing endless battles is banned
|rule|HP Percentage Mod: HP is shown in percentages
|teampreview
|
|start
|switch|p1a: Heracross|Heracross, F|301\/301
|switch|p2a: Politoed|Politoed, F|383\/383
|-weather|RainDance
|turn|1
|c|âSWAGCOLFO|Omastar in the rain is scary
|
|switch|p2a: Terrakion|Terrakion|323\/323
|detailschange|p1a: Heracross|Heracross-Mega, F
|-mega|p1a: Heracross|Heracross|Heracronite
|move|p1a: Heracross|Bullet Seed|p2a: Terrakion
|-supereffective|p2a: Terrakion
|-damage|p2a: Terrakion|233\/323
|-supereffective|p2a: Terrakion
|-damage|p2a: Terrakion|153\/323
|-supereffective|p2a: Terrakion
|-damage|p2a: Terrakion|67\/323
|-supereffective|p2a: Terrakion
|-damage|p2a: Terrakion|0 fnt
|-hitcount|p2a: Terrakion|4
|faint|p2a: Terrakion
|
|-weather|RainDance|[upkeep]
|c|âZephyrBurst|Testing him out
|c|âSWAGCOLFO|Why  not just use kabutops D:
|
|switch|p2a: Omastar|Omastar, M|281\/281
|turn|2
|c|âZephyrBurst|Wanted better match vs stall
|c|âSWAGCOLFO|Ah
|
|switch|p1a: Slowbro|Slowbro, F|394\/394
|move|p2a: Omastar|Hydro Pump|p1a: Slowbro
|-resisted|p1a: Slowbro
|-damage|p1a: Slowbro|112\/394
|
|-weather|RainDance|[upkeep]
|-heal|p1a: Slowbro|136\/394|[from] item: Leftovers
|turn|3
|c|âSWAGCOLFO|Yeah he reks msab
|
|switch|p1a: Kyurem-Black|Kyurem-Black|391\/391
|-ability|p1a: Kyurem-Black|Teravolt
|move|p2a: Omastar|Hydro Pump|p1a: Kyurem-Black
|-resisted|p1a: Kyurem-Black
|-damage|p1a: Kyurem-Black|169\/391
|
|-weather|RainDance|[upkeep]
|turn|4
|
|switch|p2a: Kingdra|Kingdra, F|291\/291
|move|p1a: Kyurem-Black|Earth Power|p2a: Kingdra
|-damage|p2a: Kingdra|187\/291
|-unboost|p2a: Kingdra|spd|1
|
|-weather|RainDance|[upkeep]
|turn|5
|
|move|p2a: Kingdra|Dragon Pulse|p1a: Kyurem-Black
|-supereffective|p1a: Kyurem-Black
|-damage|p1a: Kyurem-Black|0 fnt
|-damage|p2a: Kingdra|158\/291|[from] item: Life Orb
|faint|p1a: Kyurem-Black
|
|-weather|RainDance|[upkeep]
|
|switch|p1a: Heracross|Heracross-Mega, F|301\/301
|turn|6
|
|switch|p2a: Scizor|Scizor, M|281\/281
|move|p1a: Heracross|Bullet Seed|p2a: Scizor
|-resisted|p2a: Scizor
|-damage|p2a: Scizor|272\/281
|-resisted|p2a: Scizor
|-damage|p2a: Scizor|262\/281
|-resisted|p2a: Scizor
|-damage|p2a: Scizor|252\/281
|-resisted|p2a: Scizor
|-damage|p2a: Scizor|243\/281
|-resisted|p2a: Scizor
|-damage|p2a: Scizor|233\/281
|-hitcount|p2a: Scizor|5
|
|-weather|RainDance|[upkeep]
|turn|7
|
|switch|p1a: Landorus-Therian|Landorus-Therian, M|320\/320
|-ability|p1a: Landorus-Therian|Intimidate|[of] p2a: Scizor
|-unboost|p2a: Scizor|atk|1
|move|p2a: Scizor|Bullet Punch|p1a: Landorus-Therian
|-damage|p1a: Landorus-Therian|198\/320
|-damage|p2a: Scizor|205\/281|[from] item: Life Orb
|
|-weather|RainDance|[upkeep]
|turn|8
|
|move|p2a: Scizor|Bullet Punch|p1a: Landorus-Therian
|-damage|p1a: Landorus-Therian|93\/320
|-damage|p2a: Scizor|177\/281|[from] item: Life Orb
|move|p1a: Landorus-Therian|Earthquake|p2a: Scizor
|-damage|p2a: Scizor|0 fnt
|faint|p2a: Scizor
|
|-weather|none
|
|switch|p2a: Politoed|Politoed, F|383\/383
|-weather|RainDance
|turn|9
|
|move|p1a: Landorus-Therian|Earthquake|p2a: Politoed
|-damage|p2a: Politoed|202\/383
|move|p2a: Politoed|Scald|p1a: Landorus-Therian
|-supereffective|p1a: Landorus-Therian
|-damage|p1a: Landorus-Therian|0 fnt
|faint|p1a: Landorus-Therian
|
|-weather|RainDance|[upkeep]
|
|switch|p1a: Heracross|Heracross-Mega, F|301\/301
|turn|10
|
|switch|p2a: Lopunny|Lopunny, F|271\/271
|move|p1a: Heracross|Bullet Seed|p2a: Lopunny
|-damage|p2a: Lopunny|222\/271
|-damage|p2a: Lopunny|173\/271
|-damage|p2a: Lopunny|126\/271
|-damage|p2a: Lopunny|77\/271
|-damage|p2a: Lopunny|34\/271
|-hitcount|p2a: Lopunny|5
|
|-weather|RainDance|[upkeep]
|turn|11
|
|switch|p1a: Heatran|Heatran, M|386\/386
|detailschange|p2a: Lopunny|Lopunny-Mega, F
|-mega|p2a: Lopunny|Lopunny|Lopunnite
|move|p2a: Lopunny|Frustration|p1a: Heatran
|-resisted|p1a: Heatran
|-damage|p1a: Heatran|316\/386
|
|-weather|RainDance|[upkeep]
|-heal|p1a: Heatran|340\/386|[from] item: Leftovers
|turn|12
|
|move|p2a: Lopunny|High Jump Kick|p1a: Heatran
|-supereffective|p1a: Heatran
|-damage|p1a: Heatran|0 fnt
|faint|p1a: Heatran
|
|-weather|RainDance|[upkeep]
|
|switch|p1a: Latios|Latios, M|302\/302
|turn|13
|
|move|p2a: Lopunny|Frustration|p1a: Latios
|-damage|p1a: Latios|65\/302
|move|p1a: Latios|Psyshock|p2a: Lopunny
|-supereffective|p2a: Lopunny
|-damage|p2a: Lopunny|0 fnt
|-damage|p1a: Latios|35\/302|[from] item: Life Orb
|faint|p2a: Lopunny
|
|-weather|RainDance|[upkeep]
|
|switch|p2a: Kingdra|Kingdra, F|158\/291
|turn|14
|
|move|p2a: Kingdra|Dragon Pulse|p1a: Latios
|-crit|p1a: Latios
|-supereffective|p1a: Latios
|-damage|p1a: Latios|0 fnt
|-damage|p2a: Kingdra|129\/291|[from] item: Life Orb
|faint|p1a: Latios
|
|-weather|RainDance|[upkeep]
|
|switch|p1a: Heracross|Heracross-Mega, F|301\/301
|turn|15
|
|move|p2a: Kingdra|Hydro Pump|p1a: Heracross
|-damage|p1a: Heracross|0 fnt
|-damage|p2a: Kingdra|100\/291|[from] item: Life Orb
|faint|p1a: Heracross
|
|-weather|RainDance|[upkeep]
|
|switch|p1a: Slowbro|Slowbro, F|267\/394
|turn|16
|
|move|p2a: Kingdra|Draco Meteor|p1a: Slowbro|[miss]
|-miss|p2a: Kingdra|p1a: Slowbro
|move|p1a: Slowbro|Slack Off|p1a: Slowbro
|-heal|p1a: Slowbro|394\/394
|
|-weather|none
|turn|17
|
|move|p2a: Kingdra|Dragon Pulse|p1a: Slowbro
|-damage|p1a: Slowbro|202\/394
|-damage|p2a: Kingdra|71\/291|[from] item: Life Orb
|move|p1a: Slowbro|Thunder Wave|p2a: Kingdra
|-status|p2a: Kingdra|par
|
|-heal|p1a: Slowbro|226\/394|[from] item: Leftovers
|turn|18
|
|switch|p2a: Politoed|Politoed, F|202\/383
|-weather|RainDance
|move|p1a: Slowbro|Slack Off|p1a: Slowbro
|-heal|p1a: Slowbro|394\/394
|
|-weather|RainDance|[upkeep]
|turn|19
|
|move|p2a: Politoed|Encore|p1a: Slowbro
|-start|p1a: Slowbro|Encore
|move|p1a: Slowbro|Slack Off|p1a: Slowbro
|-fail|p1a: Slowbro
|
|-weather|RainDance|[upkeep]
|turn|20
|c|âZephyrBurst|gg
|
|move|p2a: Politoed|Perish Song|p2a: Politoed
|-fieldactivate|move: Perish Song
|move|p1a: Slowbro|Slack Off|p1a: Slowbro
|-fail|p1a: Slowbro
|
|-start|p2a: Politoed|perish3
|-start|p1a: Slowbro|perish3
|-weather|RainDance|[upkeep]
|turn|21
|-message|SWAGCOLFO forfeited.
|
|move|p2a: Politoed|Scald|p1a: Slowbro
|-resisted|p1a: Slowbro
|-damage|p1a: Slowbro|315\/394
|-status|p1a: Slowbro|brn
|move|p1a: Slowbro|Slack Off|p1a: Slowbro
|-heal|p1a: Slowbro|394\/394 brn
|
|-start|p2a: Politoed|perish2
|-start|p1a: Slowbro|perish2
|-weather|RainDance|[upkeep]
|-damage|p1a: Slowbro|345\/394 brn|[from] brn
|-end|p1a: Slowbro|Encore
|turn|22
|leave|SWAGCOLFO
|
|win|ZephyrBurst
|raw|Ladder updating...
|player|p1
|raw|SWAGCOLFO's rating: 1551 &rarr; <strong>1530<\/strong><br \/>(-21 for losing)
|raw|ZephyrBurst's rating: 1533 &rarr; <strong>1554<\/strong><br \/>(+21 for winning)