|join|Politoed's Wrath
|join|ZephyrBurst
|player|p1|Politoed's Wrath|247
|player|p2|ZephyrBurst|102
|gametype|singles
|gen|6
|tier|OU (suspect test)
|rated
|clearpoke
|poke|p1|Politoed, F
|poke|p1|Swampert, F
|poke|p1|Kingdra, F
|poke|p1|Ferrothorn, M
|poke|p1|Kabutops, F
|poke|p1|Latias, F
|poke|p2|Charizard, F
|poke|p2|Toxicroak, F
|poke|p2|Latias, F
|poke|p2|Celebi
|poke|p2|Landorus-Therian, M
|poke|p2|Raikou
|rule|Swagger Clause: Swagger is banned
|rule|Baton Pass Clause: Limit one PokÃ©mon knowing Baton Pass
|rule|Sleep Clause Mod: Limit one foe put to sleep
|rule|Species Clause: Limit one of each PokÃ©mon
|rule|OHKO Clause: OHKO moves are banned
|rule|Moody Clause: Moody is banned
|rule|Evasion Moves Clause: Evasion moves are banned
|rule|Endless Battle Clause: Forcing endless battles is banned
|rule|HP Percentage Mod: HP is shown in percentages
|teampreview
|
|start
|switch|p1a: Feel My Wrath|Politoed, F|383\/383
|switch|p2a: Celebi|Celebi|404\/404
|-weather|RainDance
|turn|1
|
|switch|p1a: King HorSeadra|Kingdra, F|291\/291
|move|p2a: Celebi|Substitute|p2a: Celebi
|-start|p2a: Celebi|Substitute
|-damage|p2a: Celebi|303\/404
|
|-weather|RainDance|[upkeep]
|-heal|p2a: Celebi|328\/404|[from] item: Leftovers
|turn|2
|
|move|p1a: King HorSeadra|Dragon Pulse|p2a: Celebi
|-end|p2a: Celebi|Substitute
|move|p2a: Celebi|Giga Drain|p1a: King HorSeadra
|-damage|p1a: King HorSeadra|197\/291
|-heal|p2a: Celebi|375\/404|[from] drain|[of] p1a: King HorSeadra
|
|-weather|RainDance|[upkeep]
|-heal|p2a: Celebi|400\/404|[from] item: Leftovers
|turn|3
|
|move|p1a: King HorSeadra|Dragon Pulse|p2a: Celebi
|-damage|p2a: Celebi|216\/404
|move|p2a: Celebi|Recover|p2a: Celebi
|-heal|p2a: Celebi|404\/404
|
|-weather|RainDance|[upkeep]
|turn|4
|
|switch|p1a: MC Hammer|Ferrothorn, M|352\/352
|move|p2a: Celebi|Giga Drain|p1a: MC Hammer
|-resisted|p1a: MC Hammer
|-damage|p1a: MC Hammer|334\/352
|
|-weather|RainDance|[upkeep]
|-heal|p1a: MC Hammer|352\/352|[from] item: Leftovers
|turn|5
|
|move|p2a: Celebi|Substitute|p2a: Celebi
|-start|p2a: Celebi|Substitute
|-damage|p2a: Celebi|303\/404
|move|p1a: MC Hammer|Stealth Rock|p2a: Celebi
|-sidestart|p2: ZephyrBurst|move: Stealth Rock
|
|-weather|RainDance|[upkeep]
|-heal|p2a: Celebi|328\/404|[from] item: Leftovers
|turn|6
|
|move|p2a: Celebi|Baton Pass|p2a: Celebi
|
|switch|p2a: Charizard|Charizard, F|297\/297
|-damage|p2a: Charizard|149\/297|[from] Stealth Rock
|move|p1a: MC Hammer|Power Whip|p2a: Charizard|[miss]
|-miss|p1a: MC Hammer|p2a: Charizard
|
|-weather|RainDance|[upkeep]
|turn|7
|
|switch|p1a: Droppin Dracos|Latias, F|301\/301
|detailschange|p2a: Charizard|Charizard-Mega-X, F
|-mega|p2a: Charizard|Charizard|Charizardite X
|move|p2a: Charizard|Roost|p2a: Charizard
|-heal|p2a: Charizard|297\/297
|
|-weather|RainDance|[upkeep]
|turn|8
|
|switch|p1a: Feel My Wrath|Politoed, F|383\/383
|move|p2a: Charizard|Dragon Claw|p1a: Feel My Wrath
|-damage|p1a: Feel My Wrath|214\/383
|
|-weather|none
|turn|9
|
|move|p2a: Charizard|Dragon Dance|p2a: Charizard
|-boost|p2a: Charizard|atk|1
|-boost|p2a: Charizard|spe|1
|move|p1a: Feel My Wrath|Encore|p2a: Charizard
|-start|p2a: Charizard|Encore
|
|turn|10
|
|switch|p2a: Celebi|Celebi|328\/404
|-damage|p2a: Celebi|278\/404|[from] Stealth Rock
|switch|p1a: Steroids|Swampert, F|341\/341
|
|-heal|p2a: Celebi|303\/404|[from] item: Leftovers
|turn|11
|
|switch|p1a: Droppin Dracos|Latias, F|301\/301
|move|p2a: Celebi|Giga Drain|p1a: Droppin Dracos
|-resisted|p1a: Droppin Dracos
|-damage|p1a: Droppin Dracos|265\/301
|-heal|p2a: Celebi|321\/404|[from] drain|[of] p1a: Droppin Dracos
|
|-heal|p2a: Celebi|346\/404|[from] item: Leftovers
|turn|12
|
|switch|p2a: Raikou|Raikou|321\/321
|-damage|p2a: Raikou|281\/321|[from] Stealth Rock
|-ability|p2a: Raikou|Pressure
|move|p1a: Droppin Dracos|Draco Meteor|p2a: Raikou
|-crit|p2a: Raikou
|-damage|p2a: Raikou|16\/321
|-unboost|p1a: Droppin Dracos|spa|2
|-damage|p1a: Droppin Dracos|235\/301|[from] item: Life Orb
|
|turn|13
|
|switch|p1a: Steroids|Swampert, F|341\/341
|move|p2a: Raikou|Shadow Ball|p1a: Steroids
|-damage|p1a: Steroids|250\/341
|
|turn|14
|
|detailschange|p1a: Steroids|Swampert-Mega, F
|-mega|p1a: Steroids|Swampert|Swampertite
|move|p2a: Raikou|Shadow Ball|p1a: Steroids
|-damage|p1a: Steroids|170\/341
|move|p1a: Steroids|Ice Punch|p2a: Raikou
|-damage|p2a: Raikou|0 fnt
|faint|p2a: Raikou
|
|
|switch|p2a: Celebi|Celebi|346\/404
|-damage|p2a: Celebi|296\/404|[from] Stealth Rock
|turn|15
|
|switch|p1a: Droppin Dracos|Latias, F|235\/301
|move|p2a: Celebi|Giga Drain|p1a: Droppin Dracos
|-resisted|p1a: Droppin Dracos
|-damage|p1a: Droppin Dracos|202\/301
|-heal|p2a: Celebi|313\/404|[from] drain|[of] p1a: Droppin Dracos
|
|-heal|p2a: Celebi|338\/404|[from] item: Leftovers
|turn|16
|
|move|p1a: Droppin Dracos|Draco Meteor|p2a: Celebi|[miss]
|-miss|p1a: Droppin Dracos|p2a: Celebi
|move|p2a: Celebi|Recover|p2a: Celebi
|-heal|p2a: Celebi|404\/404
|
|turn|17
|c|âPolitoed's Wrath|ugh
|
|switch|p1a: MC Hammer|Ferrothorn, M|352\/352
|move|p2a: Celebi|Recover|p2a: Celebi
|-fail|p2a: Celebi
|
|turn|18
|
|move|p2a: Celebi|Substitute|p2a: Celebi
|-start|p2a: Celebi|Substitute
|-damage|p2a: Celebi|303\/404
|move|p1a: MC Hammer|Spikes|p2a: Celebi
|-sidestart|p2: ZephyrBurst|Spikes
|
|-heal|p2a: Celebi|328\/404|[from] item: Leftovers
|turn|19
|
|switch|p1a: Gen 1 Reppin|Kabutops, F|261\/261
|move|p2a: Celebi|Baton Pass|p2a: Celebi
|
|switch|p2a: Toxicroak|Toxicroak, F|307\/307
|-damage|p2a: Toxicroak|288\/307|[from] Stealth Rock
|-damage|p2a: Toxicroak|250\/307|[from] Spikes
|
|turn|20
|
|move|p2a: Toxicroak|Swords Dance|p2a: Toxicroak
|-boost|p2a: Toxicroak|atk|2
|move|p1a: Gen 1 Reppin|Stone Edge|p2a: Toxicroak
|-resisted|p2a: Toxicroak
|-end|p2a: Toxicroak|Substitute
|-damage|p1a: Gen 1 Reppin|235\/261|[from] item: Life Orb
|
|turn|21
|
|switch|p1a: MC Hammer|Ferrothorn, M|352\/352
|move|p2a: Toxicroak|Drain Punch|p1a: MC Hammer
|-supereffective|p1a: MC Hammer
|-damage|p1a: MC Hammer|6\/352
|-heal|p2a: Toxicroak|307\/307|[from] drain|[of] p1a: MC Hammer
|-damage|p2a: Toxicroak|269\/307|[from] ability: Iron Barbs|[of] p1a: MC Hammer
|-damage|p2a: Toxicroak|239\/307|[from] item: Life Orb
|
|-heal|p1a: MC Hammer|28\/352|[from] item: Leftovers
|turn|22
|
|move|p2a: Toxicroak|Drain Punch|p1a: MC Hammer
|-supereffective|p1a: MC Hammer
|-damage|p1a: MC Hammer|0 fnt
|-heal|p2a: Toxicroak|253\/307|[from] drain|[of] p1a: MC Hammer
|-damage|p2a: Toxicroak|215\/307|[from] ability: Iron Barbs|[of] p1a: MC Hammer
|-damage|p2a: Toxicroak|185\/307|[from] item: Life Orb
|faint|p1a: MC Hammer
|
|
|switch|p1a: King HorSeadra|Kingdra, F|197\/291
|turn|23
|
|switch|p1a: Droppin Dracos|Latias, F|202\/301
|move|p2a: Toxicroak|Drain Punch|p1a: Droppin Dracos
|-resisted|p1a: Droppin Dracos
|-damage|p1a: Droppin Dracos|51\/301
|-heal|p2a: Toxicroak|261\/307|[from] drain|[of] p1a: Droppin Dracos
|-damage|p2a: Toxicroak|231\/307|[from] item: Life Orb
|
|turn|24
|
|move|p2a: Toxicroak|Sucker Punch|p1a: Droppin Dracos
|-supereffective|p1a: Droppin Dracos
|-damage|p1a: Droppin Dracos|0 fnt
|-damage|p2a: Toxicroak|201\/307|[from] item: Life Orb
|faint|p1a: Droppin Dracos
|
|
|switch|p1a: King HorSeadra|Kingdra, F|197\/291
|turn|25
|
|move|p2a: Toxicroak|Drain Punch|p1a: King HorSeadra
|-damage|p1a: King HorSeadra|0 fnt
|-heal|p2a: Toxicroak|300\/307|[from] drain|[of] p1a: King HorSeadra
|-damage|p2a: Toxicroak|270\/307|[from] item: Life Orb
|faint|p1a: King HorSeadra
|
|-message|Politoed's Wrath forfeited.
|leave|Politoed's Wrath
|
|win|ZephyrBurst
|raw|Ladder updating...
|player|p1
|raw|Politoed&apos;s Wrath's rating: 1562 &rarr; <strong>1532<\/strong><br \/>(-30 for losing)
|raw|ZephyrBurst's rating: 1376 &rarr; <strong>1406<\/strong><br \/>(+30 for winning)