|join|Like me 2
|join|ZephyrBurst
|player|p1|Like me 2|131
|player|p2|ZephyrBurst|102
|gametype|singles
|gen|6
|tier|OU (suspect test)
|rated
|clearpoke
|poke|p1|Politoed, M
|poke|p1|Kingdra, F
|poke|p1|Tornadus-Therian, M
|poke|p1|Heracross, M
|poke|p1|Kabutops, M
|poke|p1|Ferrothorn, F
|poke|p2|Charizard, F
|poke|p2|Toxicroak, M
|poke|p2|Latias, F
|poke|p2|Celebi
|poke|p2|Landorus-Therian, M
|poke|p2|Raikou
|rule|Swagger Clause: Swagger is banned
|rule|Baton Pass Clause: Limit one PokÃ©mon knowing Baton Pass
|rule|Sleep Clause Mod: Limit one foe put to sleep
|rule|Species Clause: Limit one of each PokÃ©mon
|rule|OHKO Clause: OHKO moves are banned
|rule|Moody Clause: Moody is banned
|rule|Evasion Moves Clause: Evasion moves are banned
|rule|Endless Battle Clause: Forcing endless battles is banned
|rule|HP Percentage Mod: HP is shown in percentages
|teampreview
|c|âLike me 2|plz lose
|
|start
|switch|p1a: Balance|Ferrothorn, F|352\/352
|switch|p2a: Landorus-Therian|Landorus-Therian, M|381\/381
|-ability|p2a: Landorus-Therian|Intimidate|[of] p1a: Balance
|-unboost|p1a: Balance|atk|1
|turn|1
|
|move|p2a: Landorus-Therian|Stealth Rock|p1a: Balance
|-sidestart|p1: Like me 2|move: Stealth Rock
|move|p1a: Balance|Stealth Rock|p2a: Landorus-Therian
|-sidestart|p2: ZephyrBurst|move: Stealth Rock
|
|turn|2
|join|Like me try hard
|
|move|p2a: Landorus-Therian|Earthquake|p1a: Balance
|-damage|p1a: Balance|237\/352
|move|p1a: Balance|Leech Seed|p2a: Landorus-Therian
|-start|p2a: Landorus-Therian|move: Leech Seed
|
|-heal|p1a: Balance|259\/352|[from] item: Leftovers
|-damage|p2a: Landorus-Therian|334\/381|[from] Leech Seed|[of] p1a: Balance
|-heal|p1a: Balance|306\/352|[silent]
|turn|3
|
|switch|p2a: Celebi|Celebi|404\/404
|-damage|p2a: Celebi|354\/404|[from] Stealth Rock
|move|p1a: Balance|Leech Seed|p2a: Celebi
|-immune|p2a: Celebi|[msg]
|
|-heal|p2a: Celebi|379\/404|[from] item: Leftovers
|-heal|p1a: Balance|328\/352|[from] item: Leftovers
|turn|4
|
|move|p2a: Celebi|Substitute|p2a: Celebi
|-start|p2a: Celebi|Substitute
|-damage|p2a: Celebi|278\/404
|move|p1a: Balance|Gyro Ball|p2a: Celebi
|-activate|p2a: Celebi|Substitute|[damage]
|
|-heal|p2a: Celebi|303\/404|[from] item: Leftovers
|-heal|p1a: Balance|350\/352|[from] item: Leftovers
|turn|5
|
|switch|p1a: GetStronger|Heracross, M|301\/301
|-damage|p1a: GetStronger|264\/301|[from] Stealth Rock
|move|p2a: Celebi|Baton Pass|p2a: Celebi
|c|âLike me 2|mais lol
|
|switch|p2a: Charizard|Charizard, F|297\/297
|-damage|p2a: Charizard|149\/297|[from] Stealth Rock
|
|turn|6
|c|âLike me 2|je pete meme pas le sub
|c|âLike me 2|avec gyroball
|
|switch|p1a: BetterThanGreninja|Politoed, M|383\/383
|-damage|p1a: BetterThanGreninja|336\/383|[from] Stealth Rock
|-weather|RainDance
|detailschange|p2a: Charizard|Charizard-Mega-X, F
|-mega|p2a: Charizard|Charizard|Charizardite X
|move|p2a: Charizard|Flare Blitz|p1a: BetterThanGreninja
|-resisted|p1a: BetterThanGreninja
|-damage|p1a: BetterThanGreninja|278\/383
|-damage|p2a: Charizard|130\/297|[from] recoil|[of] p1a: BetterThanGreninja
|
|-weather|RainDance|[upkeep]
|turn|7
|
|move|p2a: Charizard|Dragon Claw|p1a: BetterThanGreninja
|-damage|p1a: BetterThanGreninja|127\/383
|move|p1a: BetterThanGreninja|Encore|p2a: Charizard
|-start|p2a: Charizard|Encore
|
|-weather|RainDance|[upkeep]
|turn|8
|
|switch|p1a: Balance|Ferrothorn, F|350\/352
|-damage|p1a: Balance|328\/352|[from] Stealth Rock
|move|p2a: Charizard|Dragon Claw|p1a: Balance
|-resisted|p1a: Balance
|-damage|p1a: Balance|264\/352
|-damage|p2a: Charizard|93\/297|[from] ability: Iron Barbs|[of] p1a: Balance
|
|-weather|RainDance|[upkeep]
|-heal|p1a: Balance|286\/352|[from] item: Leftovers
|turn|9
|
|switch|p2a: Celebi|Celebi|303\/404
|-damage|p2a: Celebi|253\/404|[from] Stealth Rock
|move|p1a: Balance|Gyro Ball|p2a: Celebi
|-damage|p2a: Celebi|133\/404
|
|-weather|RainDance|[upkeep]
|-heal|p2a: Celebi|158\/404|[from] item: Leftovers
|-heal|p1a: Balance|308\/352|[from] item: Leftovers
|turn|10
|c|âLike me 2|ok
|c| Like me try hard|je pige pas non plus la
|c|âLike me 2|j ai juste eu un enorme low roll
|
|switch|p1a: GetStronger|Heracross, M|264\/301
|-damage|p1a: GetStronger|227\/301|[from] Stealth Rock
|move|p2a: Celebi|Recover|p2a: Celebi
|-heal|p2a: Celebi|360\/404
|
|-weather|RainDance|[upkeep]
|-heal|p2a: Celebi|385\/404|[from] item: Leftovers
|turn|11
|c|âLike me 2|vive ma luck
|
|switch|p2a: Charizard|Charizard-Mega-X, F|93\/297
|-damage|p2a: Charizard|19\/297|[from] Stealth Rock
|move|p1a: GetStronger|Swords Dance|p1a: GetStronger
|-boost|p1a: GetStronger|atk|2
|
|-weather|RainDance|[upkeep]
|turn|12
|c| Like me try hard|mais non mec
|
|switch|p1a: Balance|Ferrothorn, F|308\/352
|-damage|p1a: Balance|286\/352|[from] Stealth Rock
|move|p2a: Charizard|Flare Blitz|p1a: Balance
|-supereffective|p1a: Balance
|-damage|p1a: Balance|0 fnt
|-damage|p2a: Charizard|0 fnt|[from] ability: Iron Barbs|[of] p1a: Balance
|faint|p2a: Charizard
|faint|p1a: Balance
|
|-weather|RainDance|[upkeep]
|c|âLike me 2|OO
|c| Like me try hard|tu SD alors que les 3\/4 de sa team
|c|âLike me 2|fuck cancel
|c| Like me try hard|sont plus rapides
|c|âLike me 2|qui marche jamais
|c|âLike me 2|pour lando
|
|switch|p2a: Raikou|Raikou|321\/321
|switch|p1a: SuckMySpeed|Kingdra, F|307\/307
|-damage|p1a: SuckMySpeed|269\/307|[from] Stealth Rock
|-damage|p2a: Raikou|281\/321|[from] Stealth Rock
|-ability|p2a: Raikou|Pressure
|turn|13
|c| Like me try hard|lando te fait rien
|
|move|p1a: SuckMySpeed|Hydro Pump|p2a: Raikou
|-damage|p2a: Raikou|42\/321
|-damage|p1a: SuckMySpeed|239\/307|[from] item: Life Orb
|move|p2a: Raikou|Volt Switch|p1a: SuckMySpeed
|-damage|p1a: SuckMySpeed|122\/307
|
|switch|p2a: Toxicroak|Toxicroak, M|307\/307
|-damage|p2a: Toxicroak|288\/307|[from] Stealth Rock
|
|-weather|none
|turn|14
|c|âLike me 2|y mais moin non plus
|c|âLike me 2|et
|
|switch|p1a: GetStronger|Heracross, M|227\/301
|-damage|p1a: GetStronger|190\/301|[from] Stealth Rock
|move|p2a: Toxicroak|Drain Punch|p1a: GetStronger
|-resisted|p1a: GetStronger
|-damage|p1a: GetStronger|93\/301
|-heal|p2a: Toxicroak|307\/307|[from] drain|[of] p1a: GetStronger
|-damage|p2a: Toxicroak|277\/307|[from] item: Life Orb
|
|turn|15
|c| Like me try hard|bullet seed oklm
|c|âLike me 2|< random
|
|detailschange|p1a: GetStronger|Heracross-Mega, M
|-mega|p1a: GetStronger|Heracross|Heracronite
|move|p2a: Toxicroak|Gunk Shot|p1a: GetStronger
|-damage|p1a: GetStronger|0 fnt
|-damage|p2a: Toxicroak|247\/307|[from] item: Life Orb
|faint|p1a: GetStronger
|
|
|switch|p1a: RegeneratorBroken|Tornadus-Therian, M|299\/299
|-damage|p1a: RegeneratorBroken|225\/299|[from] Stealth Rock
|turn|16
|
|switch|p2a: Landorus-Therian|Landorus-Therian, M|334\/381
|-damage|p2a: Landorus-Therian|287\/381|[from] Stealth Rock
|-ability|p2a: Landorus-Therian|Intimidate|[of] p1a: RegeneratorBroken
|-unboost|p1a: RegeneratorBroken|atk|1
|move|p1a: RegeneratorBroken|Hurricane|p2a: Landorus-Therian
|-damage|p2a: Landorus-Therian|21\/381
|-start|p2a: Landorus-Therian|confusion
|-damage|p1a: RegeneratorBroken|196\/299|[from] item: Life Orb
|
|-heal|p2a: Landorus-Therian|44\/381|[from] item: Leftovers
|turn|17
|
|move|p1a: RegeneratorBroken|Knock Off|p2a: Landorus-Therian
|-damage|p2a: Landorus-Therian|0 fnt
|-enditem|p2a: Landorus-Therian|Leftovers|[from] move: Knock Off|[of] p1a: RegeneratorBroken
|-damage|p1a: RegeneratorBroken|167\/299|[from] item: Life Orb
|faint|p2a: Landorus-Therian
|
|
|switch|p2a: Latias|Latias, F|341\/341
|-damage|p2a: Latias|299\/341|[from] Stealth Rock
|turn|18
|
|move|p1a: RegeneratorBroken|U-turn|p2a: Latias
|-supereffective|p2a: Latias
|-damage|p2a: Latias|174\/341
|-damage|p1a: RegeneratorBroken|138\/299|[from] item: Life Orb
|
|switch|p1a: BetterThanGreninja|Politoed, M|127\/383
|-damage|p1a: BetterThanGreninja|80\/383|[from] Stealth Rock
|-weather|RainDance
|move|p2a: Latias|Healing Wish|p2a: Latias
|faint|p2a: Latias
|
|-weather|RainDance|[upkeep]
|
|switch|p2a: Raikou|Raikou|42\/321
|-heal|p2a: Raikou|321\/321|[from] move: Healing Wish
|-damage|p2a: Raikou|281\/321|[from] Stealth Rock
|-ability|p2a: Raikou|Pressure
|turn|19
|
|move|p2a: Raikou|Thunderbolt|p1a: BetterThanGreninja
|-supereffective|p1a: BetterThanGreninja
|-damage|p1a: BetterThanGreninja|0 fnt
|faint|p1a: BetterThanGreninja
|
|-weather|RainDance|[upkeep]
|
|switch|p1a: SweepWithNU|Kabutops, M|261\/261
|-damage|p1a: SweepWithNU|229\/261|[from] Stealth Rock
|turn|20
|
|switch|p2a: Celebi|Celebi|385\/404
|-damage|p2a: Celebi|335\/404|[from] Stealth Rock
|move|p1a: SweepWithNU|Waterfall|p2a: Celebi
|-resisted|p2a: Celebi
|-damage|p2a: Celebi|227\/404
|-damage|p1a: SweepWithNU|203\/261|[from] item: Life Orb
|
|-weather|RainDance|[upkeep]
|-heal|p2a: Celebi|252\/404|[from] item: Leftovers
|turn|21
|
|move|p1a: SweepWithNU|Stone Edge|p2a: Celebi
|-damage|p2a: Celebi|61\/404
|-damage|p1a: SweepWithNU|177\/261|[from] item: Life Orb
|move|p2a: Celebi|Giga Drain|p1a: SweepWithNU
|-supereffective|p1a: SweepWithNU
|-damage|p1a: SweepWithNU|0 fnt
|-heal|p2a: Celebi|150\/404|[from] drain|[of] p1a: SweepWithNU
|faint|p1a: SweepWithNU
|
|-weather|RainDance|[upkeep]
|-heal|p2a: Celebi|175\/404|[from] item: Leftovers
|
|switch|p1a: RegeneratorBroken|Tornadus-Therian, M|237\/299
|-damage|p1a: RegeneratorBroken|163\/299|[from] Stealth Rock
|turn|22
|c|âLike me 2|love in the 50\/50
|c| Like me try hard|n=non
|c| Like me try hard|tu devais stone edge
|
|move|p1a: RegeneratorBroken|Hurricane|p2a: Celebi
|-supereffective|p2a: Celebi
|-damage|p2a: Celebi|0 fnt
|-damage|p1a: RegeneratorBroken|134\/299|[from] item: Life Orb
|faint|p2a: Celebi
|
|-weather|RainDance|[upkeep]
|c| Like me try hard|imo
|
|switch|p2a: Raikou|Raikou|281\/321
|-damage|p2a: Raikou|241\/321|[from] Stealth Rock
|-ability|p2a: Raikou|Pressure
|turn|23
|
|move|p1a: RegeneratorBroken|U-turn|p2a: Raikou
|-damage|p2a: Raikou|146\/321
|-damage|p1a: RegeneratorBroken|105\/299|[from] item: Life Orb
|
|switch|p1a: SuckMySpeed|Kingdra, F|122\/307
|-damage|p1a: SuckMySpeed|84\/307|[from] Stealth Rock
|move|p2a: Raikou|Thunderbolt|p1a: SuckMySpeed
|-damage|p1a: SuckMySpeed|0 fnt
|faint|p1a: SuckMySpeed
|
|-weather|RainDance|[upkeep]
|
|switch|p1a: RegeneratorBroken|Tornadus-Therian, M|204\/299
|-damage|p1a: RegeneratorBroken|130\/299|[from] Stealth Rock
|turn|24
|
|move|p1a: RegeneratorBroken|Hurricane|p2a: Raikou
|-crit|p2a: Raikou
|-resisted|p2a: Raikou
|-damage|p2a: Raikou|33\/321
|-damage|p1a: RegeneratorBroken|101\/299|[from] item: Life Orb
|move|p2a: Raikou|Thunderbolt|p1a: RegeneratorBroken
|-supereffective|p1a: RegeneratorBroken
|-damage|p1a: RegeneratorBroken|0 fnt
|faint|p1a: RegeneratorBroken
|
|win|ZephyrBurst
|raw|Ladder updating...
|c|âZephyrBurst|gg
|raw|Like me 2's rating: 1384 &rarr; <strong>1369<\/strong><br \/>(-15 for losing)
|raw|ZephyrBurst's rating: 1473 &rarr; <strong>1488<\/strong><br \/>(+15 for winning)
|c|âLike me 2|u2
|leave|Like me 2
|player|p1
|leave|Like me try hard