|join|ZephyrBurst
|join|TCNJgamer1212
|player|p1|ZephyrBurst|102
|player|p2|TCNJgamer1212|281
|gametype|singles
|gen|6
|tier|OU (suspect test)
|rated
|clearpoke
|poke|p1|Charizard, F
|poke|p1|Toxicroak, M
|poke|p1|Latias, F
|poke|p1|Celebi
|poke|p1|Landorus-Therian, M
|poke|p1|Raikou
|poke|p2|Charizard, F
|poke|p2|Volcarona, F
|poke|p2|Mamoswine, F, shiny
|poke|p2|Lucario, F, shiny
|poke|p2|Mew
|poke|p2|Dragonite, M, shiny
|rule|Swagger Clause: Swagger is banned
|rule|Baton Pass Clause: Limit one PokÃ©mon knowing Baton Pass
|rule|Sleep Clause Mod: Limit one foe put to sleep
|rule|Species Clause: Limit one of each PokÃ©mon
|rule|OHKO Clause: OHKO moves are banned
|rule|Moody Clause: Moody is banned
|rule|Evasion Moves Clause: Evasion moves are banned
|rule|Endless Battle Clause: Forcing endless battles is banned
|rule|HP Percentage Mod: HP is shown in percentages
|teampreview
|
|start
|switch|p1a: Charizard|Charizard, F|297\/297
|switch|p2a: KingRegal|Mamoswine, F, shiny|362\/362
|turn|1
|
|move|p1a: Charizard|Dragon Claw|p2a: KingRegal
|-damage|p2a: KingRegal|269\/362
|move|p2a: KingRegal|Stealth Rock|p1a: Charizard
|-sidestart|p1: ZephyrBurst|move: Stealth Rock
|
|turn|2
|
|move|p1a: Charizard|Dragon Dance|p1a: Charizard
|-boost|p1a: Charizard|atk|1
|-boost|p1a: Charizard|spe|1
|move|p2a: KingRegal|Earthquake|p1a: Charizard
|-immune|p1a: Charizard|[msg]
|
|turn|3
|
|move|p2a: KingRegal|Ice Shard|p1a: Charizard
|-damage|p1a: Charizard|206\/297
|move|p1a: Charizard|Dragon Dance|p1a: Charizard
|-boost|p1a: Charizard|atk|1
|-boost|p1a: Charizard|spe|1
|
|turn|4
|
|detailschange|p1a: Charizard|Charizard-Mega-X, F
|-mega|p1a: Charizard|Charizard|Charizardite X
|move|p1a: Charizard|Dragon Claw|p2a: KingRegal
|-damage|p2a: KingRegal|0 fnt
|faint|p2a: KingRegal
|
|
|switch|p2a: Anubis|Lucario, F, shiny|281\/281
|turn|5
|
|move|p2a: Anubis|Extreme Speed|p1a: Charizard
|-damage|p1a: Charizard|96\/297
|-damage|p2a: Anubis|253\/281|[from] item: Life Orb
|move|p1a: Charizard|Roost|p1a: Charizard
|-heal|p1a: Charizard|245\/297
|
|turn|6
|
|move|p1a: Charizard|Dragon Claw|p2a: Anubis
|-resisted|p2a: Anubis
|-damage|p2a: Anubis|0 fnt
|faint|p2a: Anubis
|
|
|switch|p2a: Balthazar|Dragonite, M, shiny|324\/324
|turn|7
|
|move|p1a: Charizard|Dragon Claw|p2a: Balthazar
|-supereffective|p2a: Balthazar
|-damage|p2a: Balthazar|0 fnt
|faint|p2a: Balthazar
|
|-message|TCNJgamer1212 forfeited.
|
|win|ZephyrBurst
|raw|Ladder updating...
|leave|TCNJgamer1212
|player|p2
|raw|ZephyrBurst's rating: 1425 &rarr; <strong>1440<\/strong><br \/>(+15 for winning)
|raw|TCNJgamer1212's rating: 1344 &rarr; <strong>1329<\/strong><br \/>(-15 for losing)