|join|ZephyrBurst
|join|qc2chd
|player|p1|ZephyrBurst|102
|player|p2|qc2chd|105
|gametype|singles
|gen|6
|tier|OU (suspect test)
|rated
|clearpoke
|poke|p1|Charizard, M
|poke|p1|Toxicroak, M
|poke|p1|Latias, F
|poke|p1|Celebi
|poke|p1|Landorus-Therian, M
|poke|p1|Raikou
|poke|p2|Tyranitar, F
|poke|p2|Heatran, F
|poke|p2|Keldeo
|poke|p2|Skarmory, F
|poke|p2|Scizor, F
|poke|p2|Venusaur, F
|rule|Swagger Clause: Swagger is banned
|rule|Baton Pass Clause: Limit one PokÃ©mon knowing Baton Pass
|rule|Sleep Clause Mod: Limit one foe put to sleep
|rule|Species Clause: Limit one of each PokÃ©mon
|rule|OHKO Clause: OHKO moves are banned
|rule|Moody Clause: Moody is banned
|rule|Evasion Moves Clause: Evasion moves are banned
|rule|Endless Battle Clause: Forcing endless battles is banned
|rule|HP Percentage Mod: HP is shown in percentages
|teampreview
|
|start
|switch|p1a: Toxicroak|Toxicroak, M|307\/307
|switch|p2a: VoLcAnO|Heatran, F|323\/323
|-item|p2a: VoLcAnO|Air Balloon
|turn|1
|
|switch|p1a: Charizard|Charizard, M|297\/297
|switch|p2a: UnBREAKable|Skarmory, F|334\/334
|
|turn|2
|
|switch|p2a: VoLcAnO|Heatran, F|323\/323
|-item|p2a: VoLcAnO|Air Balloon
|detailschange|p1a: Charizard|Charizard-Mega-X, M
|-mega|p1a: Charizard|Charizard|Charizardite X
|move|p1a: Charizard|Dragon Claw|p2a: VoLcAnO
|-resisted|p2a: VoLcAnO
|-damage|p2a: VoLcAnO|225\/323
|-enditem|p2a: VoLcAnO|Air Balloon
|
|turn|3
|
|switch|p1a: Landorus-Therian|Landorus-Therian, M|381\/381
|-ability|p1a: Landorus-Therian|Intimidate|[of] p2a: VoLcAnO
|-unboost|p2a: VoLcAnO|atk|1
|move|p2a: VoLcAnO|Earth Power|p1a: Landorus-Therian
|-immune|p1a: Landorus-Therian|[msg]
|
|turn|4
|
|move|p2a: VoLcAnO|Hidden Power|p1a: Landorus-Therian
|-supereffective|p1a: Landorus-Therian
|-damage|p1a: Landorus-Therian|61\/381
|move|p1a: Landorus-Therian|Earthquake|p2a: VoLcAnO
|-supereffective|p2a: VoLcAnO
|-damage|p2a: VoLcAnO|0 fnt
|faint|p2a: VoLcAnO
|
|-heal|p1a: Landorus-Therian|84\/381|[from] item: Leftovers
|
|switch|p2a: DROWN|Keldeo|322\/322
|turn|5
|
|switch|p2a: DOOM|Tyranitar, F|342\/342
|-weather|Sandstorm
|switch|p1a: Toxicroak|Toxicroak, M|307\/307
|
|-weather|Sandstorm|[upkeep]
|-damage|p1a: Toxicroak|288\/307|[from] sandstorm
|turn|6
|
|switch|p2a: UnBREAKable|Skarmory, F|334\/334
|move|p1a: Toxicroak|Drain Punch|p2a: UnBREAKable
|-damage|p2a: UnBREAKable|255\/334
|-heal|p1a: Toxicroak|307\/307|[from] drain|[of] p2a: UnBREAKable
|-damage|p1a: Toxicroak|256\/307|[from] item: Rocky Helmet|[of] p2a: UnBREAKable
|-damage|p1a: Toxicroak|226\/307|[from] item: Life Orb
|
|-weather|Sandstorm|[upkeep]
|-damage|p1a: Toxicroak|207\/307|[from] sandstorm
|turn|7
|
|switch|p1a: Raikou|Raikou|321\/321
|-ability|p1a: Raikou|Pressure
|switch|p2a: IntoTheJungle|Venusaur, F|364\/364
|
|-weather|Sandstorm|[upkeep]
|-damage|p1a: Raikou|301\/321|[from] sandstorm
|-damage|p2a: IntoTheJungle|342\/364|[from] sandstorm
|turn|8
|
|detailschange|p2a: IntoTheJungle|Venusaur-Mega, F
|-mega|p2a: IntoTheJungle|Venusaur|Venusaurite
|move|p1a: Raikou|Volt Switch|p2a: IntoTheJungle
|-resisted|p2a: IntoTheJungle
|-damage|p2a: IntoTheJungle|301\/364
|
|switch|p1a: Charizard|Charizard-Mega-X, M|297\/297
|move|p2a: IntoTheJungle|Sludge Bomb|p1a: Charizard
|-damage|p1a: Charizard|146\/297
|
|-weather|Sandstorm|[upkeep]
|-damage|p1a: Charizard|128\/297|[from] sandstorm
|-damage|p2a: IntoTheJungle|279\/364|[from] sandstorm
|turn|9
|
|move|p1a: Charizard|Flare Blitz|p2a: IntoTheJungle
|-supereffective|p2a: IntoTheJungle
|-damage|p2a: IntoTheJungle|49\/364
|-damage|p1a: Charizard|52\/297|[from] recoil|[of] p2a: IntoTheJungle
|move|p2a: IntoTheJungle|Sludge Bomb|p1a: Charizard
|-damage|p1a: Charizard|0 fnt
|faint|p1a: Charizard
|
|-weather|none
|
|switch|p1a: Toxicroak|Toxicroak, M|207\/307
|turn|10
|
|move|p1a: Toxicroak|Gunk Shot|p2a: IntoTheJungle|[miss]
|-miss|p1a: Toxicroak|p2a: IntoTheJungle
|move|p2a: IntoTheJungle|Synthesis|p2a: IntoTheJungle
|-heal|p2a: IntoTheJungle|231\/364
|
|turn|11
|
|move|p1a: Toxicroak|Gunk Shot|p2a: IntoTheJungle
|-damage|p2a: IntoTheJungle|56\/364
|-damage|p1a: Toxicroak|177\/307|[from] item: Life Orb
|move|p2a: IntoTheJungle|Leech Seed|p1a: Toxicroak
|-start|p1a: Toxicroak|move: Leech Seed
|
|-damage|p1a: Toxicroak|139\/307|[from] Leech Seed|[of] p2a: IntoTheJungle
|-heal|p2a: IntoTheJungle|94\/364|[silent]
|turn|12
|
|switch|p1a: Raikou|Raikou|301\/321
|-ability|p1a: Raikou|Pressure
|switch|p2a: SLICE N DICE|Scizor, F|344\/344
|
|turn|13
|
|move|p1a: Raikou|Volt Switch|p2a: SLICE N DICE
|-damage|p2a: SLICE N DICE|217\/344
|
|move|p2a: SLICE N DICE|Pursuit|p1a: Raikou|[from]Pursuit
|-damage|p1a: Raikou|98\/321
|switch|p1a: Landorus-Therian|Landorus-Therian, M|84\/381
|-ability|p1a: Landorus-Therian|Intimidate|[of] p2a: SLICE N DICE
|-unboost|p2a: SLICE N DICE|atk|1
|
|-heal|p1a: Landorus-Therian|107\/381|[from] item: Leftovers
|turn|14
|
|switch|p2a: UnBREAKable|Skarmory, F|255\/334
|move|p1a: Landorus-Therian|Stealth Rock|p2a: UnBREAKable
|-sidestart|p2: qc2chd|move: Stealth Rock
|
|-heal|p1a: Landorus-Therian|130\/381|[from] item: Leftovers
|turn|15
|
|switch|p1a: Raikou|Raikou|98\/321
|-ability|p1a: Raikou|Pressure
|move|p2a: UnBREAKable|Defog|p1a: Raikou
|-unboost|p1a: Raikou|evasion|1
|-sideend|p2: qc2chd|Stealth Rock|[from] move: Defog|[of] p2a: UnBREAKable
|
|turn|16
|
|switch|p2a: DOOM|Tyranitar, F|342\/342
|-weather|Sandstorm
|move|p1a: Raikou|Volt Switch|p2a: DOOM
|-damage|p2a: DOOM|263\/342
|
|switch|p1a: Toxicroak|Toxicroak, M|139\/307
|
|-weather|Sandstorm|[upkeep]
|-damage|p1a: Toxicroak|120\/307|[from] sandstorm
|turn|17
|
|switch|p1a: Raikou|Raikou|98\/321
|-ability|p1a: Raikou|Pressure
|move|p2a: DOOM|Superpower|p1a: Raikou
|-damage|p1a: Raikou|0 fnt
|-unboost|p2a: DOOM|atk|1
|-unboost|p2a: DOOM|def|1
|faint|p1a: Raikou
|
|-weather|Sandstorm|[upkeep]
|
|switch|p1a: Toxicroak|Toxicroak, M|120\/307
|turn|18
|
|switch|p2a: UnBREAKable|Skarmory, F|255\/334
|move|p1a: Toxicroak|Drain Punch|p2a: UnBREAKable
|-damage|p2a: UnBREAKable|164\/334
|-heal|p1a: Toxicroak|166\/307|[from] drain|[of] p2a: UnBREAKable
|-damage|p1a: Toxicroak|115\/307|[from] item: Rocky Helmet|[of] p2a: UnBREAKable
|-damage|p1a: Toxicroak|85\/307|[from] item: Life Orb
|
|-weather|Sandstorm|[upkeep]
|-damage|p1a: Toxicroak|66\/307|[from] sandstorm
|turn|19
|
|switch|p1a: Latias|Latias, F|341\/341
|switch|p2a: SLICE N DICE|Scizor, F|217\/344
|
|-weather|Sandstorm|[upkeep]
|-damage|p1a: Latias|320\/341|[from] sandstorm
|-heal|p1a: Latias|341\/341|[from] item: Leftovers
|turn|20
|
|move|p1a: Latias|Thunderbolt|p2a: SLICE N DICE
|-damage|p2a: SLICE N DICE|120\/344
|move|p2a: SLICE N DICE|Pursuit|p1a: Latias
|-supereffective|p1a: Latias
|-damage|p1a: Latias|95\/341
|
|-weather|none
|-heal|p1a: Latias|116\/341|[from] item: Leftovers
|turn|21
|
|switch|p2a: DOOM|Tyranitar, F|263\/342
|-weather|Sandstorm
|move|p1a: Latias|Healing Wish|p1a: Latias
|faint|p1a: Latias
|
|-weather|Sandstorm|[upkeep]
|
|switch|p1a: Toxicroak|Toxicroak, M|66\/307
|-heal|p1a: Toxicroak|307\/307|[from] move: Healing Wish
|turn|22
|
|switch|p2a: UnBREAKable|Skarmory, F|164\/334
|move|p1a: Toxicroak|Swords Dance|p1a: Toxicroak
|-boost|p1a: Toxicroak|atk|2
|
|-weather|Sandstorm|[upkeep]
|-damage|p1a: Toxicroak|288\/307|[from] sandstorm
|turn|23
|
|move|p1a: Toxicroak|Drain Punch|p2a: UnBREAKable
|-damage|p2a: UnBREAKable|0 fnt
|-heal|p1a: Toxicroak|307\/307|[from] drain|[of] p2a: UnBREAKable
|-damage|p1a: Toxicroak|256\/307|[from] item: Rocky Helmet|[of] p2a: UnBREAKable
|-damage|p1a: Toxicroak|226\/307|[from] item: Life Orb
|faint|p2a: UnBREAKable
|
|-weather|Sandstorm|[upkeep]
|-damage|p1a: Toxicroak|207\/307|[from] sandstorm
|
|switch|p2a: DROWN|Keldeo|322\/322
|turn|24
|
|move|p2a: DROWN|Hidden Power|p1a: Toxicroak
|-supereffective|p1a: Toxicroak
|-damage|p1a: Toxicroak|5\/307
|move|p1a: Toxicroak|Drain Punch|p2a: DROWN
|-damage|p2a: DROWN|5\/322
|-heal|p1a: Toxicroak|164\/307|[from] drain|[of] p2a: DROWN
|-damage|p1a: Toxicroak|134\/307|[from] item: Life Orb
|
|-weather|Sandstorm|[upkeep]
|-damage|p2a: DROWN|0 fnt|[from] sandstorm
|-damage|p1a: Toxicroak|115\/307|[from] sandstorm
|faint|p2a: DROWN
|
|switch|p2a: SLICE N DICE|Scizor, F|120\/344
|turn|25
|
|move|p1a: Toxicroak|Sucker Punch|p2a: SLICE N DICE
|-damage|p2a: SLICE N DICE|0 fnt
|-damage|p1a: Toxicroak|85\/307|[from] item: Life Orb
|faint|p2a: SLICE N DICE
|
|-weather|none
|
|switch|p2a: DOOM|Tyranitar, F|263\/342
|-weather|Sandstorm
|turn|26
|
|move|p2a: DOOM|Stone Edge|p1a: Toxicroak
|-resisted|p1a: Toxicroak
|-damage|p1a: Toxicroak|0 fnt
|faint|p1a: Toxicroak
|
|-weather|Sandstorm|[upkeep]
|
|switch|p1a: Landorus-Therian|Landorus-Therian, M|130\/381
|-ability|p1a: Landorus-Therian|Intimidate|[of] p2a: DOOM
|-unboost|p2a: DOOM|atk|1
|turn|27
|
|switch|p2a: IntoTheJungle|Venusaur-Mega, F|94\/364
|move|p1a: Landorus-Therian|Earthquake|p2a: IntoTheJungle
|-damage|p2a: IntoTheJungle|0 fnt
|faint|p2a: IntoTheJungle
|
|-weather|Sandstorm|[upkeep]
|-heal|p1a: Landorus-Therian|153\/381|[from] item: Leftovers
|
|switch|p2a: DOOM|Tyranitar, F|263\/342
|turn|28
|
|move|p2a: DOOM|Pursuit|p1a: Landorus-Therian
|-damage|p1a: Landorus-Therian|99\/381
|move|p1a: Landorus-Therian|Earthquake|p2a: DOOM
|-supereffective|p2a: DOOM
|-damage|p2a: DOOM|0 fnt
|faint|p2a: DOOM
|
|win|ZephyrBurst
|raw|Ladder updating...
|raw|ZephyrBurst's rating: 1433 &rarr; <strong>1453<\/strong><br \/>(+20 for winning)
|raw|qc2chd's rating: 1421 &rarr; <strong>1402<\/strong><br \/>(-19 for losing)
|c|âZephyrBurst|gg
|leave|qc2chd