|join|ZephyrBurst
|join|pi3fren
|player|p1|ZephyrBurst|102
|player|p2|pi3fren|233
|gametype|singles
|gen|6
|tier|OU (suspect test)
|rated
|clearpoke
|poke|p1|Charizard, M
|poke|p1|Toxicroak, M
|poke|p1|Latias, F
|poke|p1|Celebi
|poke|p1|Landorus-Therian, M
|poke|p1|Excadrill, M
|poke|p2|Sharpedo, M, shiny
|poke|p2|Mamoswine, M, shiny
|poke|p2|Chesnaught, F, shiny
|poke|p2|Latias, F, shiny
|poke|p2|Keldeo
|poke|p2|Landorus-Therian, M, shiny
|rule|Swagger Clause: Swagger is banned
|rule|Baton Pass Clause: Limit one PokÃ©mon knowing Baton Pass
|rule|Sleep Clause Mod: Limit one foe put to sleep
|rule|Species Clause: Limit one of each PokÃ©mon
|rule|OHKO Clause: OHKO moves are banned
|rule|Moody Clause: Moody is banned
|rule|Evasion Moves Clause: Evasion moves are banned
|rule|Endless Battle Clause: Forcing endless battles is banned
|rule|HP Percentage Mod: HP is shown in percentages
|teampreview
|
|start
|switch|p1a: Excadrill|Excadrill, M|361\/361
|switch|p2a: Chesnaught|Chesnaught, F, shiny|378\/378
|-ability|p1a: Excadrill|Mold Breaker
|-item|p1a: Excadrill|Air Balloon
|turn|1
|
|switch|p1a: Celebi|Celebi|404\/404
|move|p2a: Chesnaught|Spikes|p1a: Celebi
|-sidestart|p1: ZephyrBurst|Spikes
|
|turn|2
|
|move|p1a: Celebi|Substitute|p1a: Celebi
|-start|p1a: Celebi|Substitute
|-damage|p1a: Celebi|303\/404
|move|p2a: Chesnaught|Spikes|p1a: Celebi
|-sidestart|p1: ZephyrBurst|Spikes
|
|-heal|p1a: Celebi|328\/404|[from] item: Leftovers
|turn|3
|
|move|p1a: Celebi|Baton Pass|p1a: Celebi
|
|switch|p1a: Charizard|Charizard, M|297\/297
|move|p2a: Chesnaught|Taunt|p1a: Charizard
|-start|p1a: Charizard|move: Taunt
|
|turn|4
|
|switch|p2a: Landorus-Therian|Landorus-Therian, M, shiny|382\/382
|-activate|p1a: Charizard|Substitute|ability: Intimidate|[of] p2a: Landorus-Therian
|detailschange|p1a: Charizard|Charizard-Mega-X, M
|-mega|p1a: Charizard|Charizard|Charizardite X
|move|p1a: Charizard|Flare Blitz|p2a: Landorus-Therian
|-damage|p2a: Landorus-Therian|163\/382
|-damage|p1a: Charizard|225\/297|[from] recoil|[of] p2a: Landorus-Therian
|
|-heal|p2a: Landorus-Therian|186\/382|[from] item: Leftovers
|turn|5
|
|move|p1a: Charizard|Flare Blitz|p2a: Landorus-Therian
|-damage|p2a: Landorus-Therian|0 fnt
|-damage|p1a: Charizard|164\/297|[from] recoil|[of] p2a: Landorus-Therian
|faint|p2a: Landorus-Therian
|
|
|switch|p2a: Keldeo|Keldeo|323\/323
|turn|6
|
|move|p2a: Keldeo|Scald|p1a: Charizard
|-end|p1a: Charizard|Substitute
|move|p1a: Charizard|Dragon Claw|p2a: Keldeo
|-damage|p2a: Keldeo|118\/323
|
|-heal|p2a: Keldeo|138\/323|[from] item: Leftovers
|-end|p1a: Charizard|move: Taunt
|turn|7
|
|move|p2a: Keldeo|Scald|p1a: Charizard
|-damage|p1a: Charizard|13\/297
|move|p1a: Charizard|Dragon Claw|p2a: Keldeo
|-damage|p2a: Keldeo|0 fnt
|faint|p2a: Keldeo
|
|
|switch|p2a: Mamoswine|Mamoswine, M, shiny|361\/361
|turn|8
|
|switch|p1a: Excadrill|Excadrill, M|361\/361
|-ability|p1a: Excadrill|Mold Breaker
|-item|p1a: Excadrill|Air Balloon
|move|p2a: Mamoswine|Ice Shard|p1a: Excadrill
|-damage|p1a: Excadrill|225\/361
|-enditem|p1a: Excadrill|Air Balloon
|-damage|p2a: Mamoswine|325\/361|[from] item: Life Orb
|
|turn|9
|
|switch|p2a: Chesnaught|Chesnaught, F, shiny|378\/378
|move|p1a: Excadrill|Iron Head|p2a: Chesnaught
|-damage|p2a: Chesnaught|290\/378
|
|-heal|p2a: Chesnaught|313\/378|[from] item: Leftovers
|turn|10
|
|move|p1a: Excadrill|Rapid Spin|p2a: Chesnaught
|-damage|p2a: Chesnaught|298\/378
|-sideend|p1: ZephyrBurst|Spikes|[from] move: Rapid Spin|[of] p1a: Excadrill
|move|p2a: Chesnaught|Drain Punch|p1a: Excadrill
|-supereffective|p1a: Excadrill
|-damage|p1a: Excadrill|0 fnt
|-heal|p2a: Chesnaught|378\/378|[from] drain|[of] p1a: Excadrill
|faint|p1a: Excadrill
|
|
|switch|p1a: Toxicroak|Toxicroak, M|307\/307
|turn|11
|
|switch|p2a: Latias|Latias, F, shiny|319\/319
|move|p1a: Toxicroak|Swords Dance|p1a: Toxicroak
|-boost|p1a: Toxicroak|atk|2
|
|turn|12
|
|switch|p2a: Sharpedo|Sharpedo, M, shiny|281\/281
|move|p1a: Toxicroak|Sucker Punch|p2a: Sharpedo
|-fail|p2a: Sharpedo
|
|turn|13
|
|move|p1a: Toxicroak|Drain Punch|p2a: Sharpedo
|-supereffective|p2a: Sharpedo
|-damage|p2a: Sharpedo|0 fnt
|-damage|p1a: Toxicroak|277\/307|[from] item: Life Orb
|faint|p2a: Sharpedo
|
|
|switch|p2a: Latias|Latias, F, shiny|319\/319
|turn|14
|
|move|p1a: Toxicroak|Sucker Punch|p2a: Latias
|-fail|p2a: Latias
|move|p2a: Latias|Defog|p1a: Toxicroak
|-unboost|p1a: Toxicroak|evasion|1
|
|turn|15
|
|move|p1a: Toxicroak|Sucker Punch|p2a: Latias
|-supereffective|p2a: Latias
|-damage|p2a: Latias|0 fnt
|-damage|p1a: Toxicroak|247\/307|[from] item: Life Orb
|faint|p2a: Latias
|
|
|switch|p2a: Mamoswine|Mamoswine, M, shiny|325\/361
|turn|16
|
|move|p1a: Toxicroak|Drain Punch|p2a: Mamoswine
|-supereffective|p2a: Mamoswine
|-damage|p2a: Mamoswine|0 fnt
|-heal|p1a: Toxicroak|307\/307|[from] drain|[of] p2a: Mamoswine
|-damage|p1a: Toxicroak|277\/307|[from] item: Life Orb
|faint|p2a: Mamoswine
|
|-message|pi3fren forfeited.
|leave|pi3fren
|
|win|ZephyrBurst
|raw|Ladder updating...
|raw|ZephyrBurst's rating: 1397 &rarr; <strong>1412<\/strong><br \/>(+15 for winning)
|raw|pi3fren's rating: 1298 &rarr; <strong>1280<\/strong><br \/>(-18 for losing)
|player|p2