|join|Pete Zahut
|join|Kruzynn
|player|p1|Pete Zahut|216
|player|p2|Kruzynn|266
|gametype|singles
|gen|6
|tier|UU
|rated
|rule|Sleep Clause Mod: Limit one foe put to sleep
|rule|Species Clause: Limit one of each PokÃ©mon
|rule|OHKO Clause: OHKO moves are banned
|rule|Moody Clause: Moody is banned
|rule|Evasion Moves Clause: Evasion moves are banned
|rule|Endless Battle Clause: Forcing endless battles is banned
|rule|HP Percentage Mod: HP is shown in percentages
|clearpoke
|poke|p1|Sableye, F
|poke|p1|Diggersby, M
|poke|p1|Exploud, F
|poke|p1|Roserade, F
|poke|p1|Galvantula, F
|poke|p1|Hippowdon, F
|poke|p2|Rotom-Heat
|poke|p2|Haxorus, F
|poke|p2|Blissey, F
|poke|p2|Cloyster, F
|poke|p2|Trevenant, F
|poke|p2|Azelf
|rule|Swagger Clause: Swagger is banned
|rule|Baton Pass Clause: Limit one PokÃ©mon knowing Baton Pass
|teampreview
|
|start
|switch|p1a: Sableye|Sableye, F|304\/304
|switch|p2a: Rotom-Heat|Rotom-Heat|249\/249
|turn|1
|
|move|p1a: Sableye|Taunt|p2a: Rotom-Heat
|-start|p2a: Rotom-Heat|move: Taunt
|move|p2a: Rotom-Heat|Volt Switch|p1a: Sableye
|-crit|p1a: Sableye
|-damage|p1a: Sableye|85\/304
|
|switch|p2a: AxeFace|Haxorus, F|301\/301
|-ability|p2a: AxeFace|Mold Breaker
|
|-heal|p1a: Sableye|104\/304|[from] item: Leftovers
|turn|2
|
|switch|p2a: Rotom-Heat|Rotom-Heat|249\/249
|switch|p1a: Hippowdon|Hippowdon, F|420\/420
|-weather|Sandstorm
|
|-weather|Sandstorm|[upkeep]
|-damage|p2a: Rotom-Heat|234\/249|[from] sandstorm
|turn|3
|
|move|p2a: Rotom-Heat|Trick|p1a: Hippowdon
|-activate|p2a: Rotom-Heat|move: Trick|[of] p1a: Hippowdon
|-item|p1a: Hippowdon|Choice Scarf|[from] move: Trick
|-item|p2a: Rotom-Heat|Leftovers|[from] move: Trick
|move|p1a: Hippowdon|Stealth Rock|p2a: Rotom-Heat
|-sidestart|p2: Kruzynn|move: Stealth Rock
|
|-weather|Sandstorm|[upkeep]
|-damage|p2a: Rotom-Heat|219\/249|[from] sandstorm
|-heal|p2a: Rotom-Heat|234\/249|[from] item: Leftovers
|turn|4
|
|move|p2a: Rotom-Heat|Will-O-Wisp|p1a: Hippowdon
|-status|p1a: Hippowdon|brn
|move|p1a: Hippowdon|Stealth Rock|p2a: Rotom-Heat
|-fail|p2a: Rotom-Heat
|
|-weather|Sandstorm|[upkeep]
|-damage|p2a: Rotom-Heat|219\/249|[from] sandstorm
|-heal|p2a: Rotom-Heat|234\/249|[from] item: Leftovers
|-damage|p1a: Hippowdon|368\/420 brn|[from] brn
|turn|5
|
|switch|p1a: Diggersby|Diggersby, M|327\/327
|move|p2a: Rotom-Heat|Volt Switch|p1a: Diggersby
|-immune|p1a: Diggersby|[msg]
|
|-weather|Sandstorm|[upkeep]
|-damage|p2a: Rotom-Heat|219\/249|[from] sandstorm
|-heal|p2a: Rotom-Heat|234\/249|[from] item: Leftovers
|turn|6
|
|switch|p1a: Exploud|Exploud, F|364\/364
|move|p2a: Rotom-Heat|Will-O-Wisp|p1a: Exploud|[miss]
|-miss|p2a: Rotom-Heat|p1a: Exploud
|
|-weather|none
|-heal|p2a: Rotom-Heat|249\/249|[from] item: Leftovers
|turn|7
|
|move|p2a: Rotom-Heat|Volt Switch|p1a: Exploud
|-damage|p1a: Exploud|232\/364
|
|switch|p2a: Blob|Blissey, F|704\/704
|-damage|p2a: Blob|616\/704|[from] Stealth Rock
|move|p1a: Exploud|Boomburst|p2a: Blob
|-damage|p2a: Blob|402\/704
|
|-heal|p2a: Blob|446\/704|[from] item: Leftovers
|turn|8
|
|switch|p1a: Roserade|Roserade, F|261\/261
|move|p2a: Blob|Soft-Boiled|p2a: Blob
|-heal|p2a: Blob|704\/704
|
|turn|9
|
|switch|p2a: Azula|Azelf|291\/291
|-damage|p2a: Azula|255\/291|[from] Stealth Rock
|move|p1a: Roserade|Toxic Spikes|p2a: Azula
|-sidestart|p2: Kruzynn|move: Toxic Spikes
|
|turn|10
|
|switch|p1a: Sableye|Sableye, F|104\/304
|move|p2a: Azula|Stealth Rock|p1a: Sableye
|-sidestart|p1: Pete Zahut|move: Stealth Rock
|
|-heal|p1a: Sableye|123\/304|[from] item: Leftovers
|turn|11
|
|move|p2a: Azula|Flamethrower|p1a: Sableye
|-damage|p1a: Sableye|0 fnt
|faint|p1a: Sableye
|
|
|switch|p1a: Hippowdon|Hippowdon, F|368\/420 brn
|-damage|p1a: Hippowdon|342\/420 brn|[from] Stealth Rock
|-weather|Sandstorm
|turn|12
|
|move|p2a: Azula|U-turn|p1a: Hippowdon
|-crit|p1a: Hippowdon
|-damage|p1a: Hippowdon|292\/420 brn
|
|switch|p2a: Spikey|Cloyster, F|241\/241
|-damage|p2a: Spikey|181\/241|[from] Stealth Rock
|-status|p2a: Spikey|psn
|move|p1a: Hippowdon|Ice Fang|p2a: Spikey
|-resisted|p2a: Spikey
|-damage|p2a: Spikey|177\/241 psn
|
|-weather|Sandstorm|[upkeep]
|-damage|p2a: Spikey|162\/241 psn|[from] sandstorm
|-damage|p2a: Spikey|132\/241 psn|[from] psn
|-damage|p1a: Hippowdon|240\/420 brn|[from] brn
|turn|13
|
|move|p2a: Spikey|Rapid Spin|p1a: Hippowdon
|-damage|p1a: Hippowdon|225\/420 brn
|-sideend|p2: Kruzynn|Toxic Spikes|[from] move: Rapid Spin|[of] p2a: Spikey
|-sideend|p2: Kruzynn|Stealth Rock|[from] move: Rapid Spin|[of] p2a: Spikey
|move|p1a: Hippowdon|Ice Fang|p2a: Spikey
|-resisted|p2a: Spikey
|-damage|p2a: Spikey|128\/241 psn
|
|-weather|Sandstorm|[upkeep]
|-damage|p2a: Spikey|113\/241 psn|[from] sandstorm
|-damage|p2a: Spikey|83\/241 psn|[from] psn
|-damage|p1a: Hippowdon|173\/420 brn|[from] brn
|turn|14
|c|âPete Zahut|wanna be offense teams are for trash players
|c|âPete Zahut|lol
|-message|Pete Zahut forfeited.
|
|win|Kruzynn
|raw|Ladder updating...
|leave|Pete Zahut
|player|p1
|raw|Pete Zahut's rating: 1389 &rarr; <strong>1372<\/strong><br \/>(-17 for losing)
|raw|Kruzynn's rating: 1440 &rarr; <strong>1457<\/strong><br \/>(+17 for winning)