|join|Pete Zahut
|join|Meruuu
|player|p1|Pete Zahut|92
|player|p2|Meruuu|211
|gametype|singles
|gen|6
|tier|UU
|rated
|rule|Sleep Clause Mod: Limit one foe put to sleep
|rule|Species Clause: Limit one of each Pokemon
|rule|OHKO Clause: OHKO moves are banned
|rule|Moody Clause: Moody is banned
|rule|Evasion Moves Clause: Evasion moves are banned
|rule|Endless Battle Clause: Forcing endless battles is banned.
|rule|HP Percentage Mod: HP is reported as percentages
|clearpoke
|poke|p1|Roserade, F, shiny
|poke|p1|Victini
|poke|p1|Shuckle, F
|poke|p1|Florges, F
|poke|p1|Rhyperior, F
|poke|p1|Absol, M
|poke|p2|Snorlax, F, shiny
|poke|p2|Slowking, F, shiny
|poke|p2|Aromatisse, M
|poke|p2|Gligar, F
|poke|p2|Roserade, F, shiny
|poke|p2|Sableye, M
|teampreview
|
|start
|switch|p1a: Absol|Absol, M|271\/271
|switch|p2a: QUEEN|Aromatisse, M|406\/406
|-ability|p1a: Absol|Pressure
|turn|1
|
|switch|p1a: Shuckle|Shuckle, F|244\/244
|move|p2a: QUEEN|Moonblast|p1a: Shuckle
|-damage|p1a: Shuckle|199\/244
|
|-heal|p1a: Shuckle|214\/244|[from] item: Leftovers
|turn|2
|
|switch|p2a: JACK|Gligar, F|334\/334
|move|p1a: Shuckle|Sticky Web|p2a: JACK
|-sidestart|p2: Meruuu|move: Sticky Web
|
|-heal|p1a: Shuckle|229\/244|[from] item: Leftovers
|turn|3
|
|move|p2a: JACK|Stealth Rock|p1a: Shuckle
|-sidestart|p1: Pete Zahut|move: Stealth Rock
|move|p1a: Shuckle|Encore|p2a: JACK
|-start|p2a: JACK|Encore
|
|-heal|p1a: Shuckle|244\/244|[from] item: Leftovers
|turn|4
|
|switch|p2a: TEN|Roserade, F, shiny|324\/324
|-activate|p2a: TEN|move: Sticky Web
|-unboost|p2a: TEN|spe|1
|move|p1a: Shuckle|Toxic|p2a: TEN
|-fail|p2a: TEN
|
|turn|5
|
|move|p2a: TEN|Spikes|p1a: Shuckle
|-sidestart|p1: Pete Zahut|Spikes
|move|p1a: Shuckle|Encore|p2a: TEN
|-start|p2a: TEN|Encore
|
|turn|6
|
|switch|p1a: Absol|Absol, M|271\/271
|-damage|p1a: Absol|238\/271|[from] Spikes
|-damage|p1a: Absol|205\/271|[from] Stealth Rock
|-ability|p1a: Absol|Pressure
|move|p2a: TEN|Spikes|p1a: Absol
|-sidestart|p1: Pete Zahut|Spikes
|
|turn|7
|
|switch|p2a: QUEEN|Aromatisse, M|406\/406
|-activate|p2a: QUEEN|move: Sticky Web
|-unboost|p2a: QUEEN|spe|1
|-formechange|p1a: Absol|Absol-Mega
|message|Absol has Mega Evolved into Mega Absol!
|move|p1a: Absol|Knock Off|p2a: QUEEN
|-resisted|p2a: QUEEN
|-damage|p2a: QUEEN|317\/406
|-enditem|p2a: QUEEN|Leftovers|[from] move: Knock Off|[of] p1a: Absol
|
|turn|8
|
|switch|p1a: Rhyperior|Rhyperior, F|393\/393
|-damage|p1a: Rhyperior|369\/393|[from] Stealth Rock
|-damage|p1a: Rhyperior|304\/393|[from] Spikes
|move|p2a: QUEEN|Moonblast|p1a: Rhyperior
|-damage|p1a: Rhyperior|115\/393
|
|-heal|p1a: Rhyperior|139\/393|[from] item: Leftovers
|turn|9
|
|move|p1a: Rhyperior|Earthquake|p2a: QUEEN
|-damage|p2a: QUEEN|172\/406
|move|p2a: QUEEN|Moonblast|p1a: Rhyperior
|-damage|p1a: Rhyperior|0 fnt
|faint|p1a: Rhyperior
|
|
|switch|p1a: Victini|Victini|341\/341
|-damage|p1a: Victini|256\/341|[from] Stealth Rock
|-damage|p1a: Victini|200\/341|[from] Spikes
|turn|10
|
|move|p2a: QUEEN|Protect|p2a: QUEEN
|-singleturn|p2a: QUEEN|Protect
|move|p1a: Victini|V-create|p2a: QUEEN
|-activate|p2a: QUEEN|Protect
|
|turn|11
|
|switch|p2a: KING|Slowking, F, shiny|394\/394
|-activate|p2a: KING|move: Sticky Web
|-unboost|p2a: KING|spe|1
|move|p1a: Victini|V-create|p2a: KING
|-resisted|p2a: KING
|-damage|p2a: KING|222\/394
|-unboost|p1a: Victini|def|1
|-unboost|p1a: Victini|spd|1
|-unboost|p1a: Victini|spe|1
|
|turn|12
|
|move|p1a: Victini|V-create|p2a: KING
|-resisted|p2a: KING
|-damage|p2a: KING|69\/394
|-unboost|p1a: Victini|def|1
|-unboost|p1a: Victini|spd|1
|-unboost|p1a: Victini|spe|1
|move|p2a: KING|Scald|p1a: Victini
|-supereffective|p1a: Victini
|-damage|p1a: Victini|0 fnt
|faint|p1a: Victini
|
|
|switch|p1a: Roserade|Roserade, F, shiny|324\/324
|-damage|p1a: Roserade|284\/324|[from] Stealth Rock
|-damage|p1a: Roserade|230\/324|[from] Spikes
|turn|13
|
|switch|p2a: ACE|Snorlax, F, shiny|524\/524
|-activate|p2a: ACE|move: Sticky Web
|-unboost|p2a: ACE|spe|1
|move|p1a: Roserade|Sludge Bomb|p2a: ACE
|-damage|p2a: ACE|415\/524
|
|-heal|p1a: Roserade|250\/324|[from] item: Black Sludge
|-heal|p2a: ACE|447\/524|[from] item: Leftovers
|turn|14
|
|move|p1a: Roserade|Sludge Bomb|p2a: ACE
|-damage|p2a: ACE|324\/524
|-status|p2a: ACE|psn
|move|p2a: ACE|Frustration|p1a: Roserade
|-damage|p1a: Roserade|52\/324
|
|-heal|p1a: Roserade|72\/324|[from] item: Black Sludge
|-heal|p2a: ACE|356\/524 psn|[from] item: Leftovers
|-damage|p2a: ACE|291\/524 psn|[from] psn
|turn|15
|
|switch|p1a: Absol|Absol, M|205\/271
|-formechange|p1a: Absol|Absol-Mega
|-damage|p1a: Absol|172\/271|[from] Stealth Rock
|-damage|p1a: Absol|127\/271|[from] Spikes
|move|p2a: ACE|Frustration|p1a: Absol
|-damage|p1a: Absol|0 fnt
|faint|p1a: Absol
|
|-heal|p2a: ACE|323\/524 psn|[from] item: Leftovers
|-damage|p2a: ACE|258\/524 psn|[from] psn
|-message|Pete Zahut forfeited.
|
|win|Meruuu
|raw|Ladder updating...
|raw|Pete Zahut's rating: 1569 &rarr; <strong>1550<\/strong><br \/>(-19 for losing)
|raw|Meruuu's rating: 1580 &rarr; <strong>1600<\/strong><br \/>(+20 for winning)
|leave|Pete Zahut
|player|p1