|join|Pete Zahut
|join|AngryGoatX
|player|p1|Pete Zahut|216
|player|p2|AngryGoatX|43
|gametype|singles
|gen|6
|tier|UU
|rated
|rule|Sleep Clause Mod: Limit one foe put to sleep
|rule|Species Clause: Limit one of each PokÃ©mon
|rule|OHKO Clause: OHKO moves are banned
|rule|Moody Clause: Moody is banned
|rule|Evasion Moves Clause: Evasion moves are banned
|rule|Endless Battle Clause: Forcing endless battles is banned
|rule|HP Percentage Mod: HP is shown in percentages
|clearpoke
|poke|p1|Krookodile, M
|poke|p1|Gallade, M
|poke|p1|Bronzong
|poke|p1|Roserade, F
|poke|p1|Blissey, F
|poke|p1|Rhyperior, F
|poke|p2|Mienshao, F, shiny
|poke|p2|Florges, F, shiny
|poke|p2|Chandelure, M, shiny
|poke|p2|Forretress, M
|poke|p2|Roserade, M, shiny
|poke|p2|Sharpedo, F
|rule|Swagger Clause: Swagger is banned
|rule|Baton Pass Clause: Limit one PokÃ©mon knowing Baton Pass
|teampreview
|
|start
|switch|p1a: Krookodile|Krookodile, M|332\/332
|switch|p2a: Mienshao|Mienshao, F, shiny|272\/272
|-ability|p1a: Krookodile|Intimidate|[of] p2a: Mienshao
|-unboost|p2a: Mienshao|atk|1
|turn|1
|
|switch|p1a: Gallade|Gallade, M|277\/277
|move|p2a: Mienshao|U-turn|p1a: Gallade
|-damage|p1a: Gallade|205\/277
|
|switch|p2a: Chandelure|Chandelure, M, shiny|262\/262
|
|turn|2
|
|detailschange|p1a: Gallade|Gallade-Mega, M
|message|Gallade has Mega Evolved into Mega Gallade!
|move|p2a: Chandelure|Trick|p1a: Gallade
|-fail|p1a: Gallade
|move|p1a: Gallade|Knock Off|p2a: Chandelure
|-supereffective|p2a: Chandelure
|-damage|p2a: Chandelure|0 fnt
|-enditem|p2a: Chandelure|Choice Scarf|[from] move: Knock Off|[of] p1a: Gallade
|faint|p2a: Chandelure
|
|
|switch|p2a: Florges|Florges, F, shiny|360\/360
|turn|3
|
|switch|p1a: Bronzong|Bronzong|338\/338
|move|p2a: Florges|Moonblast|p1a: Bronzong
|-resisted|p1a: Bronzong
|-damage|p1a: Bronzong|291\/338
|
|-heal|p1a: Bronzong|312\/338|[from] item: Leftovers
|turn|4
|
|switch|p2a: Forretress|Forretress, M|354\/354
|switch|p1a: Krookodile|Krookodile, M|332\/332
|-ability|p1a: Krookodile|Intimidate|[of] p2a: Forretress
|-unboost|p2a: Forretress|atk|1
|
|turn|5
|
|move|p1a: Krookodile|Taunt|p2a: Forretress
|-start|p2a: Forretress|move: Taunt
|cant|p2a: Forretress|move: Taunt|Stealth Rock
|
|turn|6
|
|switch|p2a: Florges|Florges, F, shiny|360\/360
|move|p1a: Krookodile|Knock Off|p2a: Florges
|-resisted|p2a: Florges
|-damage|p2a: Florges|291\/360
|-enditem|p2a: Florges|Leftovers|[from] move: Knock Off|[of] p1a: Krookodile
|
|turn|7
|
|move|p1a: Krookodile|Earthquake|p2a: Florges
|-damage|p2a: Florges|110\/360
|move|p2a: Florges|Wish|p2a: Florges
|
|turn|8
|
|switch|p1a: Roserade|Roserade, F|261\/261
|move|p2a: Florges|Protect|p2a: Florges
|-fail|p2a: Florges
|
|-heal|p2a: Florges|290\/360|[from] move: Wish|[wisher] Florges
|turn|9
|
|switch|p2a: Forretress|Forretress, M|354\/354
|move|p1a: Roserade|Spikes|p2a: Forretress
|-sidestart|p2: AngryGoatX|Spikes
|
|turn|10
|
|switch|p1a: Krookodile|Krookodile, M|332\/332
|-ability|p1a: Krookodile|Intimidate|[of] p2a: Forretress
|-unboost|p2a: Forretress|atk|1
|move|p2a: Forretress|Stealth Rock|p1a: Krookodile
|-sidestart|p1: Pete Zahut|move: Stealth Rock
|
|turn|11
|
|move|p1a: Krookodile|Knock Off|p2a: Forretress
|-damage|p2a: Forretress|254\/354
|-enditem|p2a: Forretress|Leftovers|[from] move: Knock Off|[of] p1a: Krookodile
|move|p2a: Forretress|Rapid Spin|p1a: Krookodile
|-damage|p1a: Krookodile|319\/332
|-sideend|p2: AngryGoatX|Spikes|[from] move: Rapid Spin|[of] p2a: Forretress
|
|turn|12
|
|move|p1a: Krookodile|Earthquake|p2a: Forretress
|-crit|p2a: Forretress
|-damage|p2a: Forretress|85\/354
|move|p2a: Forretress|Gyro Ball|p1a: Krookodile
|-damage|p1a: Krookodile|223\/332
|
|turn|13
|
|move|p1a: Krookodile|Earthquake|p2a: Forretress
|-damage|p2a: Forretress|0 fnt
|faint|p2a: Forretress
|
|
|switch|p2a: Mienshao|Mienshao, F, shiny|272\/272
|turn|14
|
|switch|p1a: Rhyperior|Rhyperior, F|434\/434
|-damage|p1a: Rhyperior|407\/434|[from] Stealth Rock
|move|p2a: Mienshao|High Jump Kick|p1a: Rhyperior
|-supereffective|p1a: Rhyperior
|-damage|p1a: Rhyperior|160\/434
|
|-heal|p1a: Rhyperior|187\/434|[from] item: Leftovers
|turn|15
|
|move|p1a: Rhyperior|Protect|p1a: Rhyperior
|-singleturn|p1a: Rhyperior|Protect
|move|p2a: Mienshao|High Jump Kick|p1a: Rhyperior
|-activate|p1a: Rhyperior|Protect
|-damage|p2a: Mienshao|136\/272|[from] highjumpkick
|
|-heal|p1a: Rhyperior|214\/434|[from] item: Leftovers
|turn|16
|
|move|p2a: Mienshao|High Jump Kick|p1a: Rhyperior
|-crit|p1a: Rhyperior
|-supereffective|p1a: Rhyperior
|-damage|p1a: Rhyperior|0 fnt
|faint|p1a: Rhyperior
|
|
|switch|p1a: Roserade|Roserade, F|261\/261
|-damage|p1a: Roserade|229\/261|[from] Stealth Rock
|turn|17
|
|switch|p2a: Roserade|Roserade, M, shiny|321\/321
|move|p1a: Roserade|Sludge Bomb|p2a: Roserade
|-damage|p2a: Roserade|197\/321
|
|-heal|p1a: Roserade|245\/261|[from] item: Black Sludge
|-heal|p2a: Roserade|217\/321|[from] item: Black Sludge
|turn|18
|
|move|p1a: Roserade|Toxic Spikes|p2a: Roserade
|-sidestart|p2: AngryGoatX|move: Toxic Spikes
|move|p2a: Roserade|Spikes|p1a: Roserade
|-sidestart|p1: Pete Zahut|Spikes
|
|-heal|p1a: Roserade|261\/261|[from] item: Black Sludge
|-heal|p2a: Roserade|237\/321|[from] item: Black Sludge
|turn|19
|
|move|p1a: Roserade|Sludge Bomb|p2a: Roserade
|-crit|p2a: Roserade
|-damage|p2a: Roserade|33\/321
|move|p2a: Roserade|Spikes|p1a: Roserade
|-sidestart|p1: Pete Zahut|Spikes
|
|-heal|p2a: Roserade|53\/321|[from] item: Black Sludge
|turn|20
|
|switch|p2a: Florges|Florges, F, shiny|290\/360
|-status|p2a: Florges|psn
|move|p1a: Roserade|Sludge Bomb|p2a: Florges
|-supereffective|p2a: Florges
|-damage|p2a: Florges|90\/360 psn
|
|-damage|p2a: Florges|45\/360 psn|[from] psn
|turn|21
|
|switch|p2a: Roserade|Roserade, M, shiny|53\/321
|-sideend|p2: AngryGoatX|move: Toxic Spikes|[of] p2a: Roserade
|move|p1a: Roserade|Spikes|p2a: Roserade
|-sidestart|p2: AngryGoatX|Spikes
|
|-heal|p2a: Roserade|73\/321|[from] item: Black Sludge
|turn|22
|
|move|p1a: Roserade|Toxic Spikes|p2a: Roserade
|-sidestart|p2: AngryGoatX|move: Toxic Spikes
|move|p2a: Roserade|Sludge Bomb|p1a: Roserade
|-damage|p1a: Roserade|140\/261
|
|-heal|p1a: Roserade|156\/261|[from] item: Black Sludge
|-heal|p2a: Roserade|93\/321|[from] item: Black Sludge
|turn|23
|
|switch|p2a: Florges|Florges, F, shiny|45\/360 psn
|-damage|p2a: Florges|0 fnt|[from] Spikes
|faint|p2a: Florges
|move|p1a: Roserade|Spikes|p2: Florges
|-sidestart|p2: AngryGoatX|Spikes
|
|-heal|p1a: Roserade|172\/261|[from] item: Black Sludge
|
|switch|p2a: Mienshao|Mienshao, F, shiny|136\/272
|-status|p2a: Mienshao|psn
|-damage|p2a: Mienshao|91\/272 psn|[from] Spikes
|turn|24
|
|switch|p1a: Bronzong|Bronzong|312\/338
|-damage|p1a: Bronzong|291\/338|[from] Stealth Rock
|move|p2a: Mienshao|Knock Off|p1a: Bronzong
|-crit|p1a: Bronzong
|-supereffective|p1a: Bronzong
|-damage|p1a: Bronzong|41\/338
|-enditem|p1a: Bronzong|Leftovers|[from] move: Knock Off|[of] p2a: Mienshao
|
|-damage|p2a: Mienshao|57\/272 psn|[from] psn
|turn|25
|
|move|p2a: Mienshao|Knock Off|p1a: Bronzong
|-supereffective|p1a: Bronzong
|-damage|p1a: Bronzong|0 fnt
|faint|p1a: Bronzong
|
|-damage|p2a: Mienshao|23\/272 psn|[from] psn
|
|switch|p1a: Krookodile|Krookodile, M|223\/332
|-damage|p1a: Krookodile|168\/332|[from] Spikes
|-damage|p1a: Krookodile|148\/332|[from] Stealth Rock
|-ability|p1a: Krookodile|Intimidate|[of] p2a: Mienshao
|-unboost|p2a: Mienshao|atk|1
|turn|26
|
|move|p2a: Mienshao|Knock Off|p1a: Krookodile
|-resisted|p1a: Krookodile
|-damage|p1a: Krookodile|107\/332
|-enditem|p1a: Krookodile|Earth Plate|[from] move: Knock Off|[of] p2a: Mienshao
|move|p1a: Krookodile|Pursuit|p2a: Mienshao
|-resisted|p2a: Mienshao
|-damage|p2a: Mienshao|0 fnt
|faint|p2a: Mienshao
|
|
|switch|p2a: Roserade|Roserade, M, shiny|93\/321
|-damage|p2a: Roserade|40\/321|[from] Spikes
|-sideend|p2: AngryGoatX|move: Toxic Spikes|[of] p2a: Roserade
|turn|27
|
|switch|p1a: Blissey|Blissey, F|714\/714
|-damage|p1a: Blissey|625\/714|[from] Stealth Rock
|-damage|p1a: Blissey|506\/714|[from] Spikes
|move|p2a: Roserade|Sludge Bomb|p1a: Blissey
|-damage|p1a: Blissey|403\/714
|-status|p1a: Blissey|psn
|
|-heal|p2a: Roserade|60\/321|[from] item: Black Sludge
|-heal|p1a: Blissey|447\/714 psn|[from] item: Leftovers
|-damage|p1a: Blissey|358\/714 psn|[from] psn
|turn|28
|
|move|p2a: Roserade|Spikes|p1a: Blissey
|-sidestart|p1: Pete Zahut|Spikes
|move|p1a: Blissey|Wish|p1a: Blissey
|
|-heal|p2a: Roserade|80\/321|[from] item: Black Sludge
|-heal|p1a: Blissey|402\/714 psn|[from] item: Leftovers
|-damage|p1a: Blissey|313\/714 psn|[from] psn
|turn|29
|
|move|p2a: Roserade|Sludge Bomb|p1a: Blissey
|-damage|p1a: Blissey|217\/714 psn
|move|p1a: Blissey|Heal Bell|p1a: Blissey
|-cureteam|p1a: Blissey|[from] move: HealBell
|
|-heal|p1a: Blissey|574\/714|[from] move: Wish|[wisher] Blissey
|-heal|p2a: Roserade|100\/321|[from] item: Black Sludge
|-heal|p1a: Blissey|618\/714|[from] item: Leftovers
|turn|30
|
|move|p2a: Roserade|Sludge Bomb|p1a: Blissey
|-damage|p1a: Blissey|519\/714
|move|p1a: Blissey|Heal Bell|p1a: Blissey
|-cureteam|p1a: Blissey|[from] move: HealBell
|
|-heal|p2a: Roserade|120\/321|[from] item: Black Sludge
|-heal|p1a: Blissey|563\/714|[from] item: Leftovers
|turn|31
|
|move|p2a: Roserade|Sludge Bomb|p1a: Blissey
|-damage|p1a: Blissey|464\/714
|-status|p1a: Blissey|psn
|move|p1a: Blissey|Seismic Toss|p2a: Roserade
|-damage|p2a: Roserade|20\/321
|
|-heal|p2a: Roserade|40\/321|[from] item: Black Sludge
|-heal|p1a: Blissey|508\/714 psn|[from] item: Leftovers
|-damage|p1a: Blissey|419\/714 psn|[from] psn
|turn|32
|
|switch|p2a: Sharpedo|Sharpedo, F|282\/282
|-damage|p2a: Sharpedo|235\/282|[from] Spikes
|move|p1a: Blissey|Heal Bell|p1a: Blissey
|-cureteam|p1a: Blissey|[from] move: HealBell
|
|-heal|p1a: Blissey|463\/714|[from] item: Leftovers
|turn|33
|
|move|p2a: Sharpedo|Crunch|p1a: Blissey
|-damage|p1a: Blissey|208\/714
|move|p1a: Blissey|Seismic Toss|p2a: Sharpedo
|-damage|p2a: Sharpedo|135\/282
|
|-heal|p1a: Blissey|252\/714|[from] item: Leftovers
|-boost|p2a: Sharpedo|spe|1|[from] ability: Speed Boost
|turn|34
|
|detailschange|p2a: Sharpedo|Sharpedo-Mega, F
|message|Sharpedo has Mega Evolved into Mega Sharpedo!
|move|p2a: Sharpedo|Crunch|p1a: Blissey
|-damage|p1a: Blissey|0 fnt
|faint|p1a: Blissey
|
|
|switch|p1a: Krookodile|Krookodile, M|107\/332
|-damage|p1a: Krookodile|87\/332|[from] Stealth Rock
|-damage|p1a: Krookodile|4\/332|[from] Spikes
|-ability|p1a: Krookodile|Intimidate|[of] p2a: Sharpedo
|-unboost|p2a: Sharpedo|atk|1
|turn|35
|
|move|p2a: Sharpedo|Crunch|p1a: Krookodile
|-resisted|p1a: Krookodile
|-damage|p1a: Krookodile|0 fnt
|faint|p1a: Krookodile
|
|
|switch|p1a: Gallade|Gallade-Mega, M|205\/277
|-damage|p1a: Gallade|188\/277|[from] Stealth Rock
|-damage|p1a: Gallade|119\/277|[from] Spikes
|turn|36
|
|move|p2a: Sharpedo|Crunch|p1a: Gallade
|-damage|p1a: Gallade|0 fnt
|faint|p1a: Gallade
|
|-message|Pete Zahut forfeited.
|
|win|AngryGoatX
|raw|Ladder updating...
|leave|Pete Zahut
|player|p1
|raw|Pete Zahut's rating: 1468 &rarr; <strong>1443<\/strong><br \/>(-25 for losing)
|raw|AngryGoatX's rating: 1393 &rarr; <strong>1417<\/strong><br \/>(+24 for winning)