|join|Pete Zahut
|join|SJR Queen
|player|p1|Pete Zahut|92
|player|p2|SJR Queen|265
|gametype|singles
|gen|6
|tier|UU
|rated
|clearpoke
|poke|p1|Roserade, M
|poke|p1|Weavile, M
|poke|p1|Florges, F
|poke|p1|Mew
|poke|p1|Rhyperior, F
|poke|p1|Suicune
|poke|p2|Vivillon, F
|poke|p2|Jolteon, M
|poke|p2|Mew
|poke|p2|Nidoqueen, F
|poke|p2|Rotom-Heat
|poke|p2|Suicune
|rule|Sleep Clause Mod: Limit one foe put to sleep
|rule|Species Clause: Limit one of each Pokemon
|rule|OHKO Clause: OHKO moves are banned
|rule|Moody Clause: Moody is banned
|rule|Evasion Moves Clause: Evasion moves are banned
|rule|Endless Battle Clause: Forcing endless battles is banned.
|rule|HP Percentage Mod: HP is reported as percentages
|teampreview
|
|start
|switch|p1a: Rhyperior|Rhyperior, F|434\/434
|switch|p2a: Rotom-Heat|Rotom-Heat|241\/241
|turn|1
|
|move|p1a: Rhyperior|Protect|p1a: Rhyperior
|-singleturn|p1a: Rhyperior|Protect
|move|p2a: Rotom-Heat|Will-O-Wisp|p1a: Rhyperior
|-activate|p1a: Rhyperior|Protect
|
|turn|2
|
|switch|p1a: Suicune|Suicune|404\/404
|-ability|p1a: Suicune|Pressure
|move|p2a: Rotom-Heat|Will-O-Wisp|p1a: Suicune
|-status|p1a: Suicune|brn
|
|-damage|p1a: Suicune|354\/404 brn|[from] brn
|turn|3
|
|switch|p2a: Jolteon|Jolteon, M|271\/271
|switch|p1a: Mew|Mew|404\/404
|
|turn|4
|
|move|p2a: Jolteon|Substitute|p2a: Jolteon
|-start|p2a: Jolteon|Substitute
|-damage|p2a: Jolteon|204\/271
|move|p1a: Mew|Volt Switch|p2a: Jolteon
|-heal|p2a: Jolteon|271\/271|[from] ability: Volt Absorb|[of] p1a: Mew
|
|turn|5
|
|switch|p1a: Weavile|Weavile, M|281\/281
|move|p2a: Jolteon|Signal Beam|p1a: Weavile
|-supereffective|p1a: Weavile
|-damage|p1a: Weavile|107\/281
|
|turn|6
|
|switch|p1a: Florges|Florges, F|360\/360
|move|p2a: Jolteon|Signal Beam|p1a: Florges
|-resisted|p1a: Florges
|-damage|p1a: Florges|338\/360
|-start|p1a: Florges|confusion
|
|-heal|p1a: Florges|360\/360|[from] item: Leftovers
|turn|7
|
|move|p2a: Jolteon|Baton Pass|p2a: Jolteon
|
|switch|p2a: Nidoqueen|Nidoqueen, F|346\/346
|-activate|p1a: Florges|confusion
|-damage|p1a: Florges|330\/360|[from] confusion
|
|-heal|p1a: Florges|352\/360|[from] item: Leftovers
|turn|8
|
|switch|p1a: Suicune|Suicune|354\/404 brn
|-ability|p1a: Suicune|Pressure
|move|p2a: Nidoqueen|Sludge Wave|p1a: Suicune
|-damage|p1a: Suicune|163\/404 brn
|
|-heal|p1a: Suicune|188\/404 brn|[from] item: Leftovers
|-damage|p1a: Suicune|138\/404 brn|[from] brn
|turn|9
|
|move|p2a: Nidoqueen|Thunderbolt|p1a: Suicune
|-supereffective|p1a: Suicune
|-damage|p1a: Suicune|0 fnt
|faint|p1a: Suicune
|
|
|switch|p1a: Roserade|Roserade, M|324\/324
|turn|10
|
|move|p2a: Nidoqueen|Ice Beam|p1a: Roserade
|-supereffective|p1a: Roserade
|-damage|p1a: Roserade|48\/324
|move|p1a: Roserade|Giga Drain|p2a: Nidoqueen
|-end|p2a: Nidoqueen|Substitute
|-heal|p1a: Roserade|82\/324|[from] drain|[of] p2a: Nidoqueen
|
|-heal|p1a: Roserade|102\/324|[from] item: Black Sludge
|turn|11
|
|switch|p1a: Mew|Mew|404\/404
|move|p2a: Nidoqueen|Earth Power|p1a: Mew
|-damage|p1a: Mew|252\/404
|
|-heal|p1a: Mew|277\/404|[from] item: Leftovers
|turn|12
|
|switch|p2a: Rotom-Heat|Rotom-Heat|241\/241
|move|p1a: Mew|Will-O-Wisp|p2a: Rotom-Heat
|-fail|p2a: Rotom-Heat
|
|-heal|p1a: Mew|302\/404|[from] item: Leftovers
|turn|13
|
|move|p2a: Rotom-Heat|Trick|p1a: Mew
|-activate|p2a: Rotom-Heat|move: Trick|[of] p1a: Mew
|-item|p1a: Mew|Choice Scarf|[from] move: Trick
|-item|p2a: Rotom-Heat|Leftovers|[from] move: Trick
|move|p1a: Mew|Volt Switch|p2a: Rotom-Heat
|-resisted|p2a: Rotom-Heat
|-damage|p2a: Rotom-Heat|214\/241
|
|switch|p1a: Weavile|Weavile, M|107\/281
|
|-heal|p2a: Rotom-Heat|229\/241|[from] item: Leftovers
|turn|14
|
|move|p1a: Weavile|Knock Off|p2a: Rotom-Heat
|-damage|p2a: Rotom-Heat|0 fnt
|faint|p2a: Rotom-Heat
|
|
|switch|p2a: Jolteon|Jolteon, M|271\/271
|turn|15
|
|switch|p1a: Rhyperior|Rhyperior, F|434\/434
|move|p2a: Jolteon|Substitute|p2a: Jolteon
|-start|p2a: Jolteon|Substitute
|-damage|p2a: Jolteon|204\/271
|
|-heal|p2a: Jolteon|220\/271|[from] item: Leftovers
|turn|16
|
|move|p2a: Jolteon|Baton Pass|p2a: Jolteon
|
|switch|p2a: Vivillon|Vivillon, F|301\/301
|move|p1a: Rhyperior|Earthquake|p2a: Vivillon
|-immune|p2a: Vivillon|[msg]
|
|turn|17
|
|move|p2a: Vivillon|Sleep Powder|p1a: Rhyperior
|-status|p1a: Rhyperior|slp
|cant|p1a: Rhyperior|slp
|
|turn|18
|
|move|p2a: Vivillon|Quiver Dance|p2a: Vivillon
|-boost|p2a: Vivillon|spa|1
|-boost|p2a: Vivillon|spd|1
|-boost|p2a: Vivillon|spe|1
|cant|p1a: Rhyperior|slp
|
|turn|19
|
|move|p2a: Vivillon|Bug Buzz|p1a: Rhyperior
|-damage|p1a: Rhyperior|88\/434 slp
|cant|p1a: Rhyperior|slp
|
|-heal|p1a: Rhyperior|115\/434 slp|[from] item: Leftovers
|turn|20
|-message|Pete Zahut forfeited.
|
|win|SJR Queen
|raw|Ladder updating...
|raw|Pete Zahut's rating: 1452 &rarr; <strong>1426<\/strong><br \/>(-26 for losing)
|raw|SJR Queen's rating: 1335 &rarr; <strong>1361<\/strong><br \/>(+26 for winning)
|leave|Pete Zahut
|player|p1
|chat|SJR Queen|gg