|join|Pete Zahut
|join|Fildrong
|player|p1|Pete Zahut|92
|player|p2|Fildrong|43
|gametype|singles
|gen|6
|tier|UU
|rated
|rule|Sleep Clause Mod: Limit one foe put to sleep
|rule|Species Clause: Limit one of each Pokemon
|rule|OHKO Clause: OHKO moves are banned
|rule|Moody Clause: Moody is banned
|rule|Evasion Moves Clause: Evasion moves are banned
|rule|Endless Battle Clause: Forcing endless battles is banned
|rule|HP Percentage Mod: HP is reported as percentages
|clearpoke
|poke|p1|Infernape, M, shiny
|poke|p1|Mienshao, F, shiny
|poke|p1|Suicune
|poke|p1|Empoleon, M
|poke|p1|Aerodactyl, F
|poke|p1|Hippowdon, M
|poke|p2|Amoonguss, M
|poke|p2|Victini
|poke|p2|Milotic, M
|poke|p2|Reuniclus, M
|poke|p2|Hippowdon, M
|poke|p2|Absol, M
|rule|Baton Pass Clause: Limit 3 pokemon knowing Baton Pass
|teampreview
|
|start
|switch|p1a: Mienshao|Mienshao, F, shiny|271\/271
|switch|p2a: Beautiful?|Milotic, M|394\/394
|turn|1
|
|switch|p2a: Full Of Sand|Hippowdon, M|420\/420
|-weather|Sandstorm
|move|p1a: Mienshao|U-turn|p2a: Full Of Sand
|-damage|p2a: Full Of Sand|370\/420
|
|switch|p1a: Suicune|Suicune|404\/404
|-ability|p1a: Suicune|Pressure
|
|-weather|Sandstorm|[upkeep]
|-damage|p1a: Suicune|379\/404|[from] sandstorm
|-heal|p1a: Suicune|404\/404|[from] item: Leftovers
|-heal|p2a: Full Of Sand|396\/420|[from] item: Leftovers
|turn|2
|
|move|p1a: Suicune|Scald|p2a: Full Of Sand
|-supereffective|p2a: Full Of Sand
|-damage|p2a: Full Of Sand|166\/420
|move|p2a: Full Of Sand|Stealth Rock|p1a: Suicune
|-sidestart|p1: Pete Zahut|move: Stealth Rock
|
|-weather|Sandstorm|[upkeep]
|-damage|p1a: Suicune|379\/404|[from] sandstorm
|-heal|p1a: Suicune|404\/404|[from] item: Leftovers
|-heal|p2a: Full Of Sand|192\/420|[from] item: Leftovers
|turn|3
|
|switch|p2a: Beautiful?|Milotic, M|394\/394
|move|p1a: Suicune|Scald|p2a: Beautiful?
|-resisted|p2a: Beautiful?
|-damage|p2a: Beautiful?|364\/394
|
|-weather|Sandstorm|[upkeep]
|-damage|p1a: Suicune|379\/404|[from] sandstorm
|-damage|p2a: Beautiful?|340\/394|[from] sandstorm
|-heal|p1a: Suicune|404\/404|[from] item: Leftovers
|-heal|p2a: Beautiful?|364\/394|[from] item: Leftovers
|turn|4
|
|move|p1a: Suicune|Calm Mind|p1a: Suicune
|-boost|p1a: Suicune|spa|1
|-boost|p1a: Suicune|spd|1
|move|p2a: Beautiful?|Toxic|p1a: Suicune
|-status|p1a: Suicune|tox
|
|-weather|Sandstorm|[upkeep]
|-damage|p1a: Suicune|379\/404 tox|[from] sandstorm
|-damage|p2a: Beautiful?|340\/394|[from] sandstorm
|-heal|p1a: Suicune|404\/404 tox|[from] item: Leftovers
|-heal|p2a: Beautiful?|364\/394|[from] item: Leftovers
|-damage|p1a: Suicune|379\/404 tox|[from] psn
|turn|5
|
|switch|p2a: Full Of Sand|Hippowdon, M|192\/420
|move|p1a: Suicune|Scald|p2a: Full Of Sand
|-supereffective|p2a: Full Of Sand
|-damage|p2a: Full Of Sand|0 fnt
|faint|p2a: Full Of Sand
|
|-weather|none
|-heal|p1a: Suicune|404\/404 tox|[from] item: Leftovers
|-damage|p1a: Suicune|354\/404 tox|[from] psn
|chat|Fildrong|hmm
|chat|Fildrong|i didnt get that lol
|
|switch|p2a: UICN List|Victini|341\/341
|turn|6
|
|switch|p1a: Hippowdon|Hippowdon, M|419\/419
|-damage|p1a: Hippowdon|393\/419|[from] Stealth Rock
|-weather|Sandstorm
|move|p2a: UICN List|Bolt Strike|p1a: Hippowdon
|-immune|p1a: Hippowdon|[msg]
|
|-weather|Sandstorm|[upkeep]
|-damage|p2a: UICN List|320\/341|[from] sandstorm
|-heal|p1a: Hippowdon|419\/419|[from] item: Leftovers
|turn|7
|
|switch|p2a: Premier Ball|Amoonguss, M|432\/432
|switch|p1a: Empoleon|Empoleon, M|372\/372
|-damage|p1a: Empoleon|349\/372|[from] Stealth Rock
|
|-weather|Sandstorm|[upkeep]
|-damage|p2a: Premier Ball|405\/432|[from] sandstorm
|-heal|p1a: Empoleon|372\/372|[from] item: Leftovers
|-heal|p2a: Premier Ball|432\/432|[from] item: Black Sludge
|turn|8
|
|move|p1a: Empoleon|Defog|p2a: Premier Ball
|-unboost|p2a: Premier Ball|evasion|1
|-sideend|p1: Pete Zahut|Stealth Rock|[from] move: Defog|[of] p1a: Empoleon
|move|p2a: Premier Ball|Spore|p1a: Empoleon
|-status|p1a: Empoleon|slp
|
|-weather|Sandstorm|[upkeep]
|-damage|p2a: Premier Ball|405\/432|[from] sandstorm
|-heal|p2a: Premier Ball|432\/432|[from] item: Black Sludge
|turn|9
|
|switch|p1a: Aerodactyl|Aerodactyl, F|363\/363
|switch|p2a: Absolution|Absol, M|272\/272
|
|-weather|Sandstorm|[upkeep]
|-damage|p2a: Absolution|255\/272|[from] sandstorm
|turn|10
|
|detailschange|p1a: Aerodactyl|Aerodactyl-Mega, F
|message|Aerodactyl has Mega Evolved into Mega Aerodactyl!
|detailschange|p2a: Absolution|Absol-Mega, M
|message|Absol has Mega Evolved into Mega Absol!
|move|p2a: Absolution|Sucker Punch|p1a: Aerodactyl
|-damage|p1a: Aerodactyl|180\/363
|move|p1a: Aerodactyl|Aerial Ace|p2a: Absolution
|-damage|p2a: Absolution|71\/272
|
|-weather|none
|turn|11
|
|switch|p2a: Premier Ball|Amoonguss, M|432\/432
|move|p1a: Aerodactyl|Roost|p1a: Aerodactyl
|-heal|p1a: Aerodactyl|362\/363
|
|turn|12
|
|move|p1a: Aerodactyl|Aerial Ace|p2a: Premier Ball
|-supereffective|p2a: Premier Ball
|-damage|p2a: Premier Ball|132\/432
|move|p2a: Premier Ball|Stun Spore|p1a: Aerodactyl
|-status|p1a: Aerodactyl|par
|
|-heal|p2a: Premier Ball|159\/432|[from] item: Black Sludge
|turn|13
|
|switch|p2a: Beautiful?|Milotic, M|364\/394
|cant|p1a: Aerodactyl|par
|
|-heal|p2a: Beautiful?|388\/394|[from] item: Leftovers
|turn|14
|
|switch|p1a: Suicune|Suicune|354\/404 tox
|-ability|p1a: Suicune|Pressure
|move|p2a: Beautiful?|Scald|p1a: Suicune
|-resisted|p1a: Suicune
|-damage|p1a: Suicune|309\/404 tox
|
|-heal|p1a: Suicune|334\/404 tox|[from] item: Leftovers
|-heal|p2a: Beautiful?|394\/394|[from] item: Leftovers
|-damage|p1a: Suicune|309\/404 tox|[from] psn
|turn|15
|
|switch|p2a: Jell-O|Reuniclus, M|424\/424
|move|p1a: Suicune|Rest|p1a: Suicune
|-status|p1a: Suicune|slp
|-heal|p1a: Suicune|404\/404 slp|[silent]
|-status|p1a: Suicune|slp|[from] move: Rest
|
|turn|16
|
|switch|p1a: Infernape|Infernape, M, shiny|293\/293
|move|p2a: Jell-O|Psychic|p1a: Infernape
|-supereffective|p1a: Infernape
|-damage|p1a: Infernape|0 fnt
|faint|p1a: Infernape
|
|chat|Pete Zahut|crappy player
|
|switch|p1a: Suicune|Suicune|404\/404 slp
|-ability|p1a: Suicune|Pressure
|turn|17
|chat|Fildrong|why is that
|
|cant|p1a: Suicune|slp
|move|p1a: Suicune|Sleep Talk|p1a: Suicune
|move|p1a: Suicune|Scald|p2a: Jell-O|[from]Sleep Talk
|-damage|p2a: Jell-O|330\/424
|move|p2a: Jell-O|Psychic|p1a: Suicune
|-damage|p1a: Suicune|209\/404 slp
|
|-heal|p1a: Suicune|234\/404 slp|[from] item: Leftovers
|turn|18
|
|cant|p1a: Suicune|slp
|move|p1a: Suicune|Sleep Talk|p1a: Suicune
|move|p1a: Suicune|Rest|p1a: Suicune|[from]Sleep Talk
|-fail|p1a: Suicune
|move|p2a: Jell-O|Psychic|p1a: Suicune
|-damage|p1a: Suicune|53\/404 slp
|
|-heal|p1a: Suicune|78\/404 slp|[from] item: Leftovers
|turn|19
|
|-curestatus|p1a: Suicune|slp
|move|p1a: Suicune|Rest|p1a: Suicune
|-status|p1a: Suicune|slp
|-heal|p1a: Suicune|404\/404 slp|[silent]
|-status|p1a: Suicune|slp|[from] move: Rest
|move|p2a: Jell-O|Psychic|p1a: Suicune
|-damage|p1a: Suicune|221\/404 slp
|
|-heal|p1a: Suicune|246\/404 slp|[from] item: Leftovers
|turn|20
|
|cant|p1a: Suicune|slp
|move|p1a: Suicune|Sleep Talk|p1a: Suicune
|move|p1a: Suicune|Scald|p2a: Jell-O|[from]Sleep Talk
|-damage|p2a: Jell-O|233\/424
|-status|p2a: Jell-O|brn
|move|p2a: Jell-O|Psychic|p1a: Suicune
|-damage|p1a: Suicune|54\/404 slp
|
|-heal|p1a: Suicune|79\/404 slp|[from] item: Leftovers
|turn|21
|chat|Fildrong|i dont get why im crappy
|
|cant|p1a: Suicune|slp
|move|p1a: Suicune|Sleep Talk|p1a: Suicune
|move|p1a: Suicune|Scald|p2a: Jell-O|[from]Sleep Talk
|-damage|p2a: Jell-O|127\/424 brn
|move|p2a: Jell-O|Trick Room|p2a: Jell-O
|-fieldstart|move: Trick Room|[of] p2a: Jell-O
|
|-heal|p1a: Suicune|104\/404 slp|[from] item: Leftovers
|turn|22
|
|switch|p1a: Empoleon|Empoleon, M|372\/372 slp
|move|p2a: Jell-O|Psychic|p1a: Empoleon
|-resisted|p1a: Empoleon
|-damage|p1a: Empoleon|289\/372 slp
|
|-heal|p1a: Empoleon|312\/372 slp|[from] item: Leftovers
|turn|23
|
|move|p2a: Jell-O|Focus Blast|p1a: Empoleon
|-supereffective|p1a: Empoleon
|-damage|p1a: Empoleon|31\/372 slp
|-unboost|p1a: Empoleon|spd|1
|cant|p1a: Empoleon|slp
|
|-heal|p1a: Empoleon|54\/372 slp|[from] item: Leftovers
|turn|24
|
|move|p2a: Jell-O|Psychic|p1a: Empoleon
|-resisted|p1a: Empoleon
|-damage|p1a: Empoleon|0 fnt
|faint|p1a: Empoleon
|
|
|switch|p1a: Hippowdon|Hippowdon, M|419\/419
|-weather|Sandstorm
|turn|25
|
|move|p2a: Jell-O|Psychic|p1a: Hippowdon
|-damage|p1a: Hippowdon|123\/419
|move|p1a: Hippowdon|Earthquake|p2a: Jell-O
|-damage|p2a: Jell-O|0 fnt
|faint|p2a: Jell-O
|
|-weather|Sandstorm|[upkeep]
|-heal|p1a: Hippowdon|149\/419|[from] item: Leftovers
|-fieldend|move: Trick Room
|
|switch|p2a: Absolution|Absol-Mega, M|71\/272
|turn|26
|
|move|p2a: Absolution|Knock Off|p1a: Hippowdon
|-damage|p1a: Hippowdon|0 fnt
|faint|p1a: Hippowdon
|
|-weather|Sandstorm|[upkeep]
|-damage|p2a: Absolution|54\/272|[from] sandstorm
|
|switch|p1a: Mienshao|Mienshao, F, shiny|271\/271
|turn|27
|
|move|p2a: Absolution|Sucker Punch|p1a: Mienshao
|-resisted|p1a: Mienshao
|-damage|p1a: Mienshao|146\/271
|move|p1a: Mienshao|High Jump Kick|p2a: Absolution
|-supereffective|p2a: Absolution
|-damage|p2a: Absolution|0 fnt
|faint|p2a: Absolution
|
|-weather|Sandstorm|[upkeep]
|-damage|p1a: Mienshao|130\/271|[from] sandstorm
|
|switch|p2a: Premier Ball|Amoonguss, M|303\/432
|turn|28
|
|switch|p1a: Aerodactyl|Aerodactyl-Mega, F|362\/363 par
|move|p2a: Premier Ball|Sludge Bomb|p1a: Aerodactyl
|-crit|p1a: Aerodactyl
|-resisted|p1a: Aerodactyl
|-damage|p1a: Aerodactyl|323\/363 par
|
|-weather|Sandstorm|[upkeep]
|-damage|p2a: Premier Ball|276\/432|[from] sandstorm
|-heal|p2a: Premier Ball|303\/432|[from] item: Black Sludge
|turn|29
|
|move|p2a: Premier Ball|Sludge Bomb|p1a: Aerodactyl
|-resisted|p1a: Aerodactyl
|-damage|p1a: Aerodactyl|297\/363 par
|move|p1a: Aerodactyl|Aerial Ace|p2a: Premier Ball
|-supereffective|p2a: Premier Ball
|-damage|p2a: Premier Ball|0 fnt
|faint|p2a: Premier Ball
|
|-weather|none
|
|switch|p2a: UICN List|Victini|320\/341
|turn|30
|
|move|p2a: UICN List|Bolt Strike|p1a: Aerodactyl
|-supereffective|p1a: Aerodactyl
|-damage|p1a: Aerodactyl|0 fnt
|faint|p1a: Aerodactyl
|
|
|switch|p1a: Mienshao|Mienshao, F, shiny|130\/271
|turn|31
|
|move|p1a: Mienshao|U-turn|p2a: UICN List
|-damage|p2a: UICN List|229\/341
|
|switch|p1a: Suicune|Suicune|104\/404 slp
|-ability|p1a: Suicune|Pressure
|move|p2a: UICN List|Bolt Strike|p1a: Suicune
|-supereffective|p1a: Suicune
|-damage|p1a: Suicune|0 fnt
|faint|p1a: Suicune
|
|
|switch|p1a: Mienshao|Mienshao, F, shiny|130\/271
|turn|32
|chat|Fildrong|crappy player :S
|
|move|p1a: Mienshao|High Jump Kick|p2a: UICN List
|-resisted|p2a: UICN List
|-damage|p2a: UICN List|87\/341
|move|p2a: UICN List|Bolt Strike|p1a: Mienshao
|-damage|p1a: Mienshao|0 fnt
|faint|p1a: Mienshao
|
|win|Fildrong
|raw|Ladder updating...
|raw|Pete Zahut's rating: 1510 &rarr; <strong>1491<\/strong><br \/>(-19 for losing)
|raw|Fildrong's rating: 1520 &rarr; <strong>1539<\/strong><br \/>(+19 for winning)
|chat|Fildrong|kekee
|leave|Pete Zahut
|player|p1