|join|Pete Zahut
|join|spookietown
|player|p1|Pete Zahut|92
|player|p2|spookietown|101
|gametype|singles
|tier|UU (suspect test)
|rated
|rule|Sleep Clause Mod: Limit one foe put to sleep
|rule|Species Clause: Limit one of each Pokemon
|rule|OHKO Clause: OHKO moves are banned
|rule|Moody Clause: Moody is banned
|rule|Evasion Moves Clause: Evasion moves are banned
|rule|HP Percentage Mod: HP is reported as percentages
|rule|Evasion Abilities Clause: Evasion abilities are banned
|clearpoke
|poke|p1|Roserade, F
|poke|p1|Victini, shiny
|poke|p1|Gligar, M
|poke|p1|Hitmontop, M
|poke|p1|Mienshao, F
|poke|p1|Rotom-Heat
|poke|p2|Blastoise, M
|poke|p2|Arcanine, F
|poke|p2|Bisharp, M, shiny
|poke|p2|Kingdra, M
|poke|p2|Rhyperior, F
|poke|p2|Yanmega, M, shiny
|teampreview
|callback|decision
|
|start
|switch|p1a: Roserade|Roserade, F|261\/261
|switch|p2a: Broseiden|Kingdra, M|291\/291
|turn|1
|callback|decision
|
|move|p1a: Roserade|Leaf Storm|p2a: Broseiden
|-damage|p2a: Broseiden|0 fnt
|-unboost|p1a: Roserade|spa|2
|faint|p2a: Broseiden
|
|callback|decision
|
|switch|p2a: Mufasa|Arcanine, F|339\/339
|-ability|p2a: Mufasa|Intimidate|[of] p1a: Roserade
|-unboost|p1a: Roserade|atk|1
|turn|2
|callback|decision
|
|switch|p1a: Hitmontop|Hitmontop, M|304\/304
|-ability|p1a: Hitmontop|Intimidate|[of] p2a: Mufasa
|-unboost|p2a: Mufasa|atk|1
|move|p2a: Mufasa|Flare Blitz|p1a: Hitmontop
|-damage|p1a: Hitmontop|160\/304
|-damage|p2a: Mufasa|291\/339|[from] recoil|[of] p1a: Hitmontop
|-damage|p2a: Mufasa|258\/339|[from] item: Life Orb
|
|-heal|p1a: Hitmontop|179\/304|[from] item: Leftovers
|turn|3
|callback|decision
|
|switch|p1a: Gligar|Gligar, M|334\/334
|move|p2a: Mufasa|Flare Blitz|p1a: Gligar
|-damage|p1a: Gligar|240\/334
|-damage|p2a: Mufasa|227\/339|[from] recoil|[of] p1a: Gligar
|-damage|p2a: Mufasa|194\/339|[from] item: Life Orb
|
|turn|4
|callback|decision
|
|switch|p2a: SQUAD UP|Blastoise, M|362\/362
|move|p1a: Gligar|U-turn|p2a: SQUAD UP
|-damage|p2a: SQUAD UP|328\/362
|callback|decision
|
|switch|p1a: Roserade|Roserade, F|261\/261
|
|-heal|p2a: SQUAD UP|350\/362|[from] item: Leftovers
|turn|5
|callback|decision
|
|move|p1a: Roserade|Leaf Storm|p2a: SQUAD UP
|-supereffective|p2a: SQUAD UP
|-damage|p2a: SQUAD UP|0 fnt
|-unboost|p1a: Roserade|spa|2
|faint|p2a: SQUAD UP
|
|callback|decision
|
|switch|p2a: Buzz Lightyear|Yanmega, M, shiny|313\/313
|turn|6
|callback|decision
|
|switch|p1a: Rotom-Heat|Rotom-Heat|304\/304
|move|p2a: Buzz Lightyear|Bug Buzz|p1a: Rotom-Heat
|-crit|p1a: Rotom-Heat
|-resisted|p1a: Rotom-Heat
|-damage|p1a: Rotom-Heat|0 fnt
|faint|p1a: Rotom-Heat
|
|callback|decision
|
|switch|p1a: Victini|Victini, shiny|341\/341
|turn|7
|callback|decision
|
|move|p2a: Buzz Lightyear|Bug Buzz|p1a: Victini
|-crit|p1a: Victini
|-damage|p1a: Victini|0 fnt
|faint|p1a: Victini
|
|callback|decision
|
|switch|p1a: Mienshao|Mienshao, F|271\/271
|turn|8
|callback|decision
|
|move|p1a: Mienshao|Aerial Ace|p2a: Buzz Lightyear
|-supereffective|p2a: Buzz Lightyear
|-damage|p2a: Buzz Lightyear|157\/313
|move|p2a: Buzz Lightyear|Bug Buzz|p1a: Mienshao
|-resisted|p1a: Mienshao
|-damage|p1a: Mienshao|0 fnt
|faint|p1a: Mienshao
|
|callback|decision
|chat|Pete Zahut|tinted lens scarf is really bad
|
|switch|p1a: Roserade|Roserade, F|261\/261
|turn|9
|callback|decision
|chat|spookietown|yeah it's seriously killer
|chat|Pete Zahut|no
|chat|Pete Zahut|you got 2 crits
|chat|spookietown|uhhh
|chat|Pete Zahut|with scarf i would have 2HKO rotom
|chat|Pete Zahut|it wouldnÂ´t*
|chat|spookietown|It works pretty well for me
|
|move|p2a: Buzz Lightyear|Bug Buzz|p1a: Roserade
|-damage|p1a: Roserade|57\/261
|move|p1a: Roserade|Sludge Bomb|p2a: Buzz Lightyear
|-damage|p2a: Buzz Lightyear|0 fnt
|faint|p2a: Buzz Lightyear
|
|callback|decision
|chat|Pete Zahut|see?
|chat|spookietown|see what lol
|
|switch|p2a: Sir Stealyogirl|Bisharp, M, shiny|284\/284
|turn|10
|callback|decision
|
|switch|p1a: Gligar|Gligar, M|240\/334
|move|p2a: Sir Stealyogirl|Night Slash|p1a: Gligar
|-damage|p1a: Gligar|177\/334
|
|turn|11
|callback|decision
|chat|Pete Zahut|scarf tinted lens is bad
|
|move|p2a: Sir Stealyogirl|Iron Head|p1a: Gligar
|-crit|p1a: Gligar
|-damage|p1a: Gligar|44\/334
|move|p1a: Gligar|Roost|p1a: Gligar
|-heal|p1a: Gligar|211\/334
|
|turn|12
|callback|decision
|chat|spookietown|not really I just fucked your team up haha
|
|move|p2a: Sir Stealyogirl|Swords Dance|p2a: Sir Stealyogirl
|-boost|p2a: Sir Stealyogirl|atk|2
|move|p1a: Gligar|Earthquake|p2a: Sir Stealyogirl
|-supereffective|p2a: Sir Stealyogirl
|-damage|p2a: Sir Stealyogirl|102\/284
|
|-heal|p2a: Sir Stealyogirl|119\/284|[from] item: Leftovers
|turn|13
|callback|decision
|
|move|p2a: Sir Stealyogirl|Iron Head|p1a: Gligar
|-damage|p1a: Gligar|69\/334
|cant|p1a: Gligar|flinch
|
|-heal|p2a: Sir Stealyogirl|136\/284|[from] item: Leftovers
|turn|14
|callback|decision
|chat|Pete Zahut|with 2 crits
|chat|Pete Zahut|and couldn even 1HKO offensive roserade
|chat|Pete Zahut|weak
|chat|spookietown|haha works for me
|
|move|p2a: Sir Stealyogirl|Night Slash|p1a: Gligar
|-damage|p1a: Gligar|0 fnt
|faint|p1a: Gligar
|
|-heal|p2a: Sir Stealyogirl|153\/284|[from] item: Leftovers
|callback|decision
|
|switch|p1a: Roserade|Roserade, F|57\/261
|turn|15
|callback|decision
|
|move|p2a: Sir Stealyogirl|Sucker Punch|p1a: Roserade
|-damage|p1a: Roserade|0 fnt
|faint|p1a: Roserade
|
|-heal|p2a: Sir Stealyogirl|170\/284|[from] item: Leftovers
|callback|decision
|-message|Pete Zahut forfeited.
|
|win|spookietown
|raw|Ladder updating...
|leave|Pete Zahut
|player|p1
|raw|Pete Zahut's rating: 1760 &rarr; <strong>1719<\/strong><br \/>(-41 for losing)
|raw|spookietown's rating: 1503 &rarr; <strong>1534<\/strong><br \/>(+31 for winning)
|chat|spookietown|butthurt bitch