|join|Pete Zahut
|join|Sweep
|player|p1|Pete Zahut|92
|player|p2|Sweep|278
|gametype|singles
|tier|UU (suspect test)
|rated
|rule|Sleep Clause Mod: Limit one foe put to sleep
|rule|Species Clause: Limit one of each Pokemon
|rule|OHKO Clause: OHKO moves are banned
|rule|Moody Clause: Moody is banned
|rule|Evasion Moves Clause: Evasion moves are banned
|rule|HP Percentage Mod: HP is reported as percentages
|rule|Evasion Abilities Clause: Evasion abilities are banned
|clearpoke
|poke|p1|Gligar, F
|poke|p1|Raikou
|poke|p1|Mienshao, F
|poke|p1|Azelf
|poke|p1|Mew
|poke|p1|Xatu, F
|poke|p2|Cobalion
|poke|p2|Omastar, F
|poke|p2|Tornadus, M
|poke|p2|Kabutops, F
|poke|p2|Rotom-Mow
|poke|p2|Kingdra, M
|teampreview
|callback|decision
|
|start
|switch|p1a: Raikou|Raikou|322\/322
|switch|p2a: Cobalion|Cobalion|323\/323
|-ability|p1a: Raikou|Pressure
|turn|1
|callback|decision
|
|move|p1a: Raikou|Volt Switch|p2a: Cobalion
|-damage|p2a: Cobalion|161\/323
|callback|decision
|
|switch|p1a: Xatu|Xatu, F|334\/334
|move|p2a: Cobalion|Close Combat|p1a: Xatu
|-resisted|p1a: Xatu
|-damage|p1a: Xatu|279\/334
|-unboost|p2a: Cobalion|def|1
|-unboost|p2a: Cobalion|spd|1
|
|-heal|p1a: Xatu|299\/334|[from] item: Leftovers
|turn|2
|callback|decision
|
|move|p2a: Cobalion|Iron Head|p1a: Xatu
|-damage|p1a: Xatu|157\/334
|move|p1a: Xatu|Thunder Wave|p2a: Cobalion
|-status|p2a: Cobalion|par
|
|-heal|p1a: Xatu|177\/334|[from] item: Leftovers
|turn|3
|callback|decision
|
|move|p1a: Xatu|U-turn|p2a: Cobalion
|-resisted|p2a: Cobalion
|-damage|p2a: Cobalion|150\/323 par
|callback|decision
|
|switch|p1a: Gligar|Gligar, F|334\/334
|move|p2a: Cobalion|Iron Head|p1a: Gligar
|-damage|p1a: Gligar|283\/334
|
|turn|4
|callback|decision
|
|move|p1a: Gligar|U-turn|p2a: Cobalion
|-resisted|p2a: Cobalion
|-damage|p2a: Cobalion|137\/323 par
|callback|decision
|
|switch|p1a: Xatu|Xatu, F|177\/334
|move|p2a: Cobalion|Stealth Rock|p1a: Xatu
|move|p1a: Xatu|Stealth Rock|p2a: Cobalion|[from]Magic Bounce
|-sidestart|p2: Sweep|move: Stealth Rock
|
|-heal|p1a: Xatu|197\/334|[from] item: Leftovers
|turn|5
|callback|decision
|
|move|p1a: Xatu|Roost|p1a: Xatu
|-heal|p1a: Xatu|334\/334
|move|p2a: Cobalion|Iron Head|p1a: Xatu
|-crit|p1a: Xatu
|-damage|p1a: Xatu|40\/334
|
|-heal|p1a: Xatu|60\/334|[from] item: Leftovers
|turn|6
|callback|decision
|
|switch|p2a: Kingdra|Kingdra, M|292\/292
|-damage|p2a: Kingdra|256\/292|[from] Stealth Rock
|move|p1a: Xatu|Roost|p1a: Xatu
|-heal|p1a: Xatu|227\/334
|
|-heal|p1a: Xatu|247\/334|[from] item: Leftovers
|turn|7
|callback|decision
|
|move|p2a: Kingdra|Hydro Pump|p1a: Xatu
|-damage|p1a: Xatu|52\/334
|-damage|p2a: Kingdra|227\/292|[from] item: Life Orb
|move|p1a: Xatu|U-turn|p2a: Kingdra
|-damage|p2a: Kingdra|184\/292
|callback|decision
|
|switch|p1a: Raikou|Raikou|322\/322
|-ability|p1a: Raikou|Pressure
|
|turn|8
|callback|decision
|chat|Sweep|oh just realized, theme team
|
|switch|p2a: Cobalion|Cobalion|137\/323 par
|-damage|p2a: Cobalion|127\/323 par|[from] Stealth Rock
|move|p1a: Raikou|Volt Switch|p2a: Cobalion
|-damage|p2a: Cobalion|0 fnt
|faint|p2a: Cobalion
|callback|decision
|
|switch|p1a: Mew|Mew|404\/404
|
|callback|decision
|
|switch|p2a: Tornadus|Tornadus, M|300\/300
|-damage|p2a: Tornadus|225\/300|[from] Stealth Rock
|turn|9
|callback|decision
|
|move|p2a: Tornadus|Rain Dance|p2a: Tornadus
|-weather|RainDance
|move|p1a: Mew|Volt Switch|p2a: Tornadus
|-supereffective|p2a: Tornadus
|-damage|p2a: Tornadus|83\/300
|callback|decision
|
|switch|p1a: Xatu|Xatu, F|52\/334
|
|-weather|RainDance|[upkeep]
|-heal|p1a: Xatu|72\/334|[from] item: Leftovers
|turn|10
|callback|decision
|
|switch|p1a: Raikou|Raikou|322\/322
|-ability|p1a: Raikou|Pressure
|move|p2a: Tornadus|Hurricane|p1a: Raikou
|-resisted|p1a: Raikou
|-damage|p1a: Raikou|217\/322
|
|-weather|RainDance|[upkeep]
|turn|11
|callback|decision
|
|switch|p1a: Xatu|Xatu, F|72\/334
|move|p2a: Tornadus|Hurricane|p1a: Xatu
|-damage|p1a: Xatu|0 fnt
|faint|p1a: Xatu
|
|-weather|RainDance|[upkeep]
|callback|decision
|
|switch|p1a: Raikou|Raikou|217\/322
|-ability|p1a: Raikou|Pressure
|turn|12
|callback|decision
|
|switch|p2a: Death Star|Omastar, F|282\/282
|-damage|p2a: Death Star|247\/282|[from] Stealth Rock
|move|p1a: Raikou|Volt Switch|p2a: Death Star
|-supereffective|p2a: Death Star
|-damage|p2a: Death Star|0 fnt
|faint|p2a: Death Star
|callback|decision
|chat|Sweep|gonna sack that this time
|
|switch|p1a: Mew|Mew|404\/404
|
|-weather|RainDance|[upkeep]
|callback|decision
|
|switch|p2a: Kabutops|Kabutops, F|262\/262
|-damage|p2a: Kabutops|230\/262|[from] Stealth Rock
|turn|13
|callback|decision
|
|move|p2a: Kabutops|Waterfall|p1a: Mew
|-damage|p1a: Mew|70\/404
|move|p1a: Mew|Will-O-Wisp|p2a: Kabutops|[miss]
|-miss|p1a: Mew|p2a: Kabutops
|
|-weather|RainDance|[upkeep]
|-heal|p1a: Mew|95\/404|[from] item: Leftovers
|turn|14
|callback|decision
|
|move|p2a: Kabutops|Waterfall|p1a: Mew
|-damage|p1a: Mew|0 fnt
|faint|p1a: Mew
|
|-weather|RainDance|[upkeep]
|callback|decision
|
|switch|p1a: Raikou|Raikou|217\/322
|-ability|p1a: Raikou|Pressure
|turn|15
|callback|decision
|
|move|p2a: Kabutops|Waterfall|p1a: Raikou
|-damage|p1a: Raikou|0 fnt
|faint|p1a: Raikou
|
|-weather|RainDance|[upkeep]
|callback|decision
|
|switch|p1a: Azelf|Azelf|291\/291
|turn|16
|callback|decision
|
|switch|p1a: Gligar|Gligar, F|283\/334
|move|p2a: Kabutops|Waterfall|p1a: Gligar
|-supereffective|p1a: Gligar
|-damage|p1a: Gligar|7\/334
|
|-weather|none
|turn|17
|callback|decision
|
|move|p2a: Kabutops|Waterfall|p1a: Gligar
|-supereffective|p1a: Gligar
|-damage|p1a: Gligar|0 fnt
|faint|p1a: Gligar
|
|callback|decision
|join|â¯NekoNay
|
|switch|p1a: Mienshao|Mienshao, F|271\/271
|turn|18
|callback|decision
|
|switch|p2a: Rotom-Mow|Rotom-Mow|242\/242
|-damage|p2a: Rotom-Mow|212\/242|[from] Stealth Rock
|move|p1a: Mienshao|Hi Jump Kick|p2a: Rotom-Mow
|-damage|p2a: Rotom-Mow|16\/242
|
|turn|19
|callback|decision
|
|move|p1a: Mienshao|Hi Jump Kick|p2a: Rotom-Mow
|-damage|p2a: Rotom-Mow|0 fnt
|faint|p2a: Rotom-Mow
|
|callback|decision
|
|switch|p2a: Tornadus|Tornadus, M|83\/300
|-damage|p2a: Tornadus|8\/300|[from] Stealth Rock
|turn|20
|callback|decision
|
|move|p2a: Tornadus|Rain Dance|p2a: Tornadus
|-weather|RainDance
|move|p1a: Mienshao|Hi Jump Kick|p2a: Tornadus
|-resisted|p2a: Tornadus
|-damage|p2a: Tornadus|0 fnt
|faint|p2a: Tornadus
|
|-weather|RainDance|[upkeep]
|callback|decision
|
|switch|p2a: Kabutops|Kabutops, F|230\/262
|-damage|p2a: Kabutops|198\/262|[from] Stealth Rock
|turn|21
|callback|decision
|
|move|p2a: Kabutops|Waterfall|p1a: Mienshao
|-damage|p1a: Mienshao|0 fnt
|faint|p1a: Mienshao
|
|-weather|RainDance|[upkeep]
|callback|decision
|
|switch|p1a: Azelf|Azelf|291\/291
|turn|22
|callback|decision
|chat|Sweep|gg will o miss was bad sorry
|
|move|p2a: Kabutops|Waterfall|p1a: Azelf
|-damage|p1a: Azelf|0 fnt
|faint|p1a: Azelf
|
|win|Sweep
|raw|Ladder updating...
|raw|Pete Zahut's rating: 1693 &rarr; <strong>1657<\/strong><br \/>(-36 for losing)
|raw|Sweep's rating: 1648 &rarr; <strong>1688<\/strong><br \/>(+40 for winning)