|join|Pete Zahut
|join|Sweep (Omastar)
|player|p1|Pete Zahut|92
|player|p2|Sweep (Omastar)|278
|gametype|singles
|tier|UU (suspect test)
|rated
|rule|Sleep Clause Mod: Limit one foe put to sleep
|rule|Species Clause: Limit one of each Pokemon
|rule|OHKO Clause: OHKO moves are banned
|rule|Moody Clause: Moody is banned
|rule|Evasion Moves Clause: Evasion moves are banned
|rule|HP Percentage Mod: HP is reported as percentages
|rule|Evasion Abilities Clause: Evasion abilities are banned
|clearpoke
|poke|p1|Hitmontop, M
|poke|p1|Yanmega, M
|poke|p1|Swampert, F
|poke|p1|Victini, shiny
|poke|p1|Rotom-Heat
|poke|p1|Mienshao, M
|poke|p2|Cobalion
|poke|p2|Omastar, M
|poke|p2|Tornadus, M
|poke|p2|Kabutops, F
|poke|p2|Rotom-Mow
|poke|p2|Kingdra, M
|teampreview
|callback|decision
|
|start
|switch|p1a: Mienshao|Mienshao, M|271\/271
|switch|p2a: Tornadus|Tornadus, M|300\/300
|turn|1
|callback|decision
|
|move|p2a: Tornadus|Rain Dance|p2a: Tornadus
|-weather|RainDance
|move|p1a: Mienshao|Stone Edge|p2a: Tornadus
|-supereffective|p2a: Tornadus
|-damage|p2a: Tornadus|0 fnt
|faint|p2a: Tornadus
|
|-weather|RainDance|[upkeep]
|callback|decision
|
|switch|p2a: Death Star|Omastar, M|282\/282
|turn|2
|callback|decision
|
|switch|p1a: Swampert|Swampert, F|401\/401
|move|p2a: Death Star|Shell Smash|p2a: Death Star
|-boost|p2a: Death Star|atk|2
|-boost|p2a: Death Star|spa|2
|-boost|p2a: Death Star|spe|2
|-unboost|p2a: Death Star|def|1
|-unboost|p2a: Death Star|spd|1
|
|-weather|RainDance|[upkeep]
|turn|3
|callback|decision
|
|move|p2a: Death Star|Hydro Pump|p1a: Swampert
|-damage|p1a: Swampert|0 fnt
|-damage|p2a: Death Star|254\/282|[from] item: Life Orb
|faint|p1a: Swampert
|
|-weather|RainDance|[upkeep]
|callback|decision
|
|switch|p1a: Hitmontop|Hitmontop, M|304\/304
|-ability|p1a: Hitmontop|Intimidate|[of] p2a: Death Star
|-unboost|p2a: Death Star|atk|1
|turn|4
|callback|decision
|
|move|p1a: Hitmontop|Sucker Punch|p2a: Death Star
|-crit|p2a: Death Star
|-damage|p2a: Death Star|123\/282
|move|p2a: Death Star|Hydro Pump|p1a: Hitmontop
|-damage|p1a: Hitmontop|0 fnt
|-damage|p2a: Death Star|95\/282|[from] item: Life Orb
|faint|p1a: Hitmontop
|
|-weather|RainDance|[upkeep]
|callback|decision
|
|switch|p1a: Rotom-Heat|Rotom-Heat|304\/304
|turn|5
|callback|decision
|
|move|p2a: Death Star|Hydro Pump|p1a: Rotom-Heat
|-supereffective|p1a: Rotom-Heat
|-damage|p1a: Rotom-Heat|0 fnt
|-damage|p2a: Death Star|67\/282|[from] item: Life Orb
|faint|p1a: Rotom-Heat
|
|-weather|RainDance|[upkeep]
|callback|decision
|join|uioghikj
|
|switch|p1a: Victini|Victini, shiny|341\/341
|turn|6
|callback|decision
|leave|uioghikj
|
|move|p2a: Death Star|Hydro Pump|p1a: Victini
|-crit|p1a: Victini
|-supereffective|p1a: Victini
|-damage|p1a: Victini|0 fnt
|-damage|p2a: Death Star|39\/282|[from] item: Life Orb
|faint|p1a: Victini
|
|-weather|RainDance|[upkeep]
|callback|decision
|
|switch|p1a: Yanmega|Yanmega, M|313\/313
|turn|7
|callback|decision
|
|move|p2a: Death Star|Ice Beam|p1a: Yanmega
|-supereffective|p1a: Yanmega
|-damage|p1a: Yanmega|0 fnt
|-damage|p2a: Death Star|11\/282|[from] item: Life Orb
|faint|p1a: Yanmega
|
|-weather|RainDance|[upkeep]
|callback|decision
|
|switch|p1a: Mienshao|Mienshao, M|271\/271
|turn|8
|callback|decision
|
|move|p2a: Death Star|Ice Beam|p1a: Mienshao
|-damage|p1a: Mienshao|0 fnt
|-damage|p2a: Death Star|0 fnt|[from] item: Life Orb
|faint|p1a: Mienshao
|faint|p2a: Death Star
|
|win|Sweep (Omastar)
|raw|Ladder updating...
|raw|Pete Zahut's rating: 1614 &rarr; <strong>1606<\/strong><br \/>(-8 for losing)
|raw|Sweep (Omastar)'s rating: 2034 &rarr; <strong>2040<\/strong><br \/>(+6 for winning)
|chat|Sweep (Omastar)|gg
|leave|Pete Zahut
|player|p1