|join|Snowballin
|join|Pheonixmaster
|player|p1|Snowballin|32
|player|p2|Pheonixmaster|167
|gametype|singles
|gen|6
|tier|UU
|rated
|rule|Sleep Clause Mod: Limit one foe put to sleep
|rule|Species Clause: Limit one of each PokÃ©mon
|rule|OHKO Clause: OHKO moves are banned
|rule|Moody Clause: Moody is banned
|rule|Evasion Moves Clause: Evasion moves are banned
|rule|Endless Battle Clause: Forcing endless battles is banned
|rule|HP Percentage Mod: HP is shown in percentages
|clearpoke
|poke|p1|Nidoqueen, F
|poke|p1|Doublade, M
|poke|p1|Snorlax, M
|poke|p1|Suicune
|poke|p1|Florges, F
|poke|p1|Roserade, F
|poke|p2|Medicham, M
|poke|p2|Krookodile, M
|poke|p2|Raikou
|poke|p2|Crobat, F
|poke|p2|Celebi
|poke|p2|Hydreigon, M
|rule|Swagger Clause: Swagger is banned
|rule|Baton Pass Clause: Limit one PokÃ©mon knowing Baton Pass
|teampreview
|
|start
|switch|p1a: Nidoqueen|Nidoqueen, F|383\/383
|switch|p2a: Medicham|Medicham, M|261\/261
|turn|1
|
|switch|p1a: Doublade|Doublade, M|319\/319
|detailschange|p2a: Medicham|Medicham-Mega, M
|-mega|p2a: Medicham|Medicham|Medichamite
|move|p2a: Medicham|Zen Headbutt|p1a: Doublade
|-resisted|p1a: Doublade
|-damage|p1a: Doublade|263\/319
|
|turn|2
|
|switch|p2a: Krookodile|Krookodile, M|331\/331
|-ability|p2a: Krookodile|Intimidate|[of] p1a: Doublade
|-unboost|p1a: Doublade|atk|1
|move|p1a: Doublade|Sacred Sword|p2a: Krookodile
|-supereffective|p2a: Krookodile
|-damage|p2a: Krookodile|155\/331
|
|turn|3
|
|switch|p1a: Florges|Florges, F|360\/360
|move|p2a: Krookodile|Earthquake|p1a: Florges
|-damage|p1a: Florges|132\/360
|
|-heal|p1a: Florges|154\/360|[from] item: Leftovers
|turn|4
|
|switch|p1a: Suicune|Suicune|404\/404
|-ability|p1a: Suicune|Pressure
|move|p2a: Krookodile|Earthquake|p1a: Suicune
|-damage|p1a: Suicune|244\/404
|
|-heal|p1a: Suicune|269\/404|[from] item: Leftovers
|turn|5
|
|switch|p2a: Raikou|Raikou|321\/321
|-ability|p2a: Raikou|Pressure
|move|p1a: Suicune|Scald|p2a: Raikou
|-damage|p2a: Raikou|228\/321
|
|-heal|p1a: Suicune|294\/404|[from] item: Leftovers
|turn|6
|
|switch|p1a: Nidoqueen|Nidoqueen, F|383\/383
|move|p2a: Raikou|Extrasensory|p1a: Nidoqueen
|-supereffective|p1a: Nidoqueen
|-damage|p1a: Nidoqueen|79\/383
|
|-heal|p1a: Nidoqueen|102\/383|[from] item: Black Sludge
|turn|7
|
|move|p2a: Raikou|Extrasensory|p1a: Nidoqueen
|-crit|p1a: Nidoqueen
|-supereffective|p1a: Nidoqueen
|-damage|p1a: Nidoqueen|0 fnt
|faint|p1a: Nidoqueen
|
|
|switch|p1a: Snorlax|Snorlax, M|497\/497
|turn|8
|
|switch|p2a: Medicham|Medicham-Mega, M|261\/261
|move|p1a: Snorlax|Body Slam|p2a: Medicham
|-damage|p2a: Medicham|143\/261
|
|turn|9
|
|switch|p2a: Krookodile|Krookodile, M|155\/331
|-ability|p2a: Krookodile|Intimidate|[of] p1a: Snorlax
|-unboost|p1a: Snorlax|atk|1
|switch|p1a: Doublade|Doublade, M|263\/319
|
|turn|10
|
|switch|p1a: Suicune|Suicune|294\/404
|-ability|p1a: Suicune|Pressure
|move|p2a: Krookodile|Knock Off|p1a: Suicune
|-damage|p1a: Suicune|150\/404
|-enditem|p1a: Suicune|Leftovers|[from] move: Knock Off|[of] p2a: Krookodile
|
|turn|11
|
|switch|p2a: Raikou|Raikou|228\/321
|-ability|p2a: Raikou|Pressure
|move|p1a: Suicune|Rest|p1a: Suicune
|-status|p1a: Suicune|slp
|-heal|p1a: Suicune|404\/404 slp|[silent]
|-status|p1a: Suicune|slp|[from] move: Rest
|
|turn|12
|
|switch|p1a: Roserade|Roserade, F|324\/324
|move|p2a: Raikou|Volt Switch|p1a: Roserade
|-resisted|p1a: Roserade
|-damage|p1a: Roserade|262\/324
|
|switch|p2a: Krookodile|Krookodile, M|155\/331
|-ability|p2a: Krookodile|Intimidate|[of] p1a: Roserade
|-unboost|p1a: Roserade|atk|1
|
|-heal|p1a: Roserade|282\/324|[from] item: Black Sludge
|turn|13
|
|switch|p1a: Suicune|Suicune|404\/404 slp
|-ability|p1a: Suicune|Pressure
|move|p2a: Krookodile|Earthquake|p1a: Suicune
|-damage|p1a: Suicune|253\/404 slp
|
|turn|14
|
|switch|p2a: Raikou|Raikou|228\/321
|-ability|p2a: Raikou|Pressure
|cant|p1a: Suicune|slp
|move|p1a: Suicune|Sleep Talk|p1a: Suicune
|move|p1a: Suicune|Scald|p2a: Raikou|[from]Sleep Talk
|-damage|p2a: Raikou|143\/321
|
|turn|15
|
|switch|p1a: Florges|Florges, F|154\/360
|move|p2a: Raikou|Volt Switch|p1a: Florges
|-damage|p1a: Florges|36\/360
|
|switch|p2a: Krookodile|Krookodile, M|155\/331
|-ability|p2a: Krookodile|Intimidate|[of] p1a: Florges
|-unboost|p1a: Florges|atk|1
|
|-heal|p1a: Florges|58\/360|[from] item: Leftovers
|turn|16
|
|move|p2a: Krookodile|Earthquake|p1a: Florges
|-damage|p1a: Florges|0 fnt
|faint|p1a: Florges
|
|
|switch|p1a: Suicune|Suicune|253\/404 slp
|-ability|p1a: Suicune|Pressure
|turn|17
|
|switch|p2a: Raikou|Raikou|143\/321
|-ability|p2a: Raikou|Pressure
|cant|p1a: Suicune|slp
|move|p1a: Suicune|Sleep Talk|p1a: Suicune
|move|p1a: Suicune|Scald|p2a: Raikou|[from]Sleep Talk
|-damage|p2a: Raikou|52\/321
|
|turn|18
|
|switch|p1a: Snorlax|Snorlax, M|497\/497
|move|p2a: Raikou|Volt Switch|p1a: Snorlax
|-damage|p1a: Snorlax|374\/497
|
|switch|p2a: Krookodile|Krookodile, M|155\/331
|-ability|p2a: Krookodile|Intimidate|[of] p1a: Snorlax
|-unboost|p1a: Snorlax|atk|1
|
|-heal|p1a: Snorlax|405\/497|[from] item: Leftovers
|turn|19
|
|switch|p1a: Roserade|Roserade, F|282\/324
|move|p2a: Krookodile|Earthquake|p1a: Roserade
|-damage|p1a: Roserade|0 fnt
|faint|p1a: Roserade
|
|
|switch|p1a: Suicune|Suicune|253\/404 slp
|-ability|p1a: Suicune|Pressure
|turn|20
|
|switch|p2a: Celebi|Celebi|404\/404
|-curestatus|p1a: Suicune|slp
|move|p1a: Suicune|Scald|p2a: Celebi
|-crit|p2a: Celebi
|-resisted|p2a: Celebi
|-damage|p2a: Celebi|341\/404
|
|-heal|p2a: Celebi|366\/404|[from] item: Leftovers
|turn|21
|
|switch|p1a: Snorlax|Snorlax, M|405\/497
|move|p2a: Celebi|Stealth Rock|p1a: Snorlax
|-sidestart|p1: Snowballin|move: Stealth Rock
|
|-heal|p2a: Celebi|391\/404|[from] item: Leftovers
|-heal|p1a: Snorlax|436\/497|[from] item: Leftovers
|turn|22
|
|move|p2a: Celebi|Baton Pass|p2a: Celebi
|
|switch|p2a: Medicham|Medicham-Mega, M|143\/261
|move|p1a: Snorlax|Curse|p1a: Snorlax
|-boost|p1a: Snorlax|atk|1
|-boost|p1a: Snorlax|def|1
|-unboost|p1a: Snorlax|spe|1
|
|-heal|p1a: Snorlax|467\/497|[from] item: Leftovers
|turn|23
|
|move|p2a: Medicham|High Jump Kick|p1a: Snorlax
|-supereffective|p1a: Snorlax
|-damage|p1a: Snorlax|0 fnt
|faint|p1a: Snorlax
|
|
|switch|p1a: Doublade|Doublade, M|263\/319
|-damage|p1a: Doublade|244\/319|[from] Stealth Rock
|turn|24
|
|switch|p2a: Crobat|Crobat, F|373\/373
|move|p1a: Doublade|Swords Dance|p1a: Doublade
|-boost|p1a: Doublade|atk|2
|
|turn|25
|
|move|p2a: Crobat|Taunt|p1a: Doublade
|-start|p1a: Doublade|move: Taunt
|move|p1a: Doublade|Iron Head|p2a: Crobat
|-damage|p2a: Crobat|73\/373
|
|turn|26
|
|move|p1a: Doublade|Shadow Sneak|p2a: Crobat
|-damage|p2a: Crobat|0 fnt
|faint|p2a: Crobat
|
|
|switch|p2a: Krookodile|Krookodile, M|155\/331
|-ability|p2a: Krookodile|Intimidate|[of] p1a: Doublade
|-unboost|p1a: Doublade|atk|1
|turn|27
|
|move|p1a: Doublade|Shadow Sneak|p2a: Krookodile
|-resisted|p2a: Krookodile
|-damage|p2a: Krookodile|94\/331
|move|p2a: Krookodile|Earthquake|p1a: Doublade
|-supereffective|p1a: Doublade
|-damage|p1a: Doublade|2\/319
|
|-end|p1a: Doublade|move: Taunt
|turn|28
|
|move|p1a: Doublade|Shadow Sneak|p2a: Krookodile
|-resisted|p2a: Krookodile
|-damage|p2a: Krookodile|26\/331
|move|p2a: Krookodile|Earthquake|p1a: Doublade
|-supereffective|p1a: Doublade
|-damage|p1a: Doublade|0 fnt
|faint|p1a: Doublade
|
|
|switch|p1a: Suicune|Suicune|253\/404
|-damage|p1a: Suicune|203\/404|[from] Stealth Rock
|-ability|p1a: Suicune|Pressure
|turn|29
|
|move|p2a: Krookodile|Earthquake|p1a: Suicune
|-damage|p1a: Suicune|43\/404
|move|p1a: Suicune|Rest|p1a: Suicune
|-status|p1a: Suicune|slp
|-heal|p1a: Suicune|404\/404 slp|[silent]
|-status|p1a: Suicune|slp|[from] move: Rest
|
|turn|30
|
|switch|p2a: Medicham|Medicham-Mega, M|143\/261
|cant|p1a: Suicune|slp
|move|p1a: Suicune|Sleep Talk|p1a: Suicune
|move|p1a: Suicune|Rest|p1a: Suicune|[from]Sleep Talk
|-fail|p1a: Suicune
|
|turn|31
|
|move|p2a: Medicham|High Jump Kick|p1a: Suicune
|-damage|p1a: Suicune|157\/404 slp
|cant|p1a: Suicune|slp
|move|p1a: Suicune|Sleep Talk|p1a: Suicune
|move|p1a: Suicune|Rest|p1a: Suicune|[from]Sleep Talk
|-fail|p1a: Suicune
|
|turn|32
|
|move|p2a: Medicham|High Jump Kick|p1a: Suicune|[miss]
|-miss|p2a: Medicham|p1a: Suicune
|-damage|p2a: Medicham|13\/261|[from] highjumpkick
|-curestatus|p1a: Suicune|slp
|move|p1a: Suicune|Rest|p1a: Suicune
|-status|p1a: Suicune|slp
|-heal|p1a: Suicune|404\/404 slp|[silent]
|-status|p1a: Suicune|slp|[from] move: Rest
|
|turn|33
|
|move|p2a: Medicham|High Jump Kick|p1a: Suicune
|-damage|p1a: Suicune|164\/404 slp
|cant|p1a: Suicune|slp
|move|p1a: Suicune|Sleep Talk|p1a: Suicune
|move|p1a: Suicune|Rest|p1a: Suicune|[from]Sleep Talk
|-fail|p1a: Suicune
|
|turn|34
|
|move|p2a: Medicham|High Jump Kick|p1a: Suicune
|-crit|p1a: Suicune
|-damage|p1a: Suicune|0 fnt
|faint|p1a: Suicune
|
|win|Pheonixmaster
|raw|Ladder updating...
|raw|Snowballin's rating: 1541 &rarr; <strong>1516<\/strong><br \/>(-25 for losing)
|raw|Pheonixmaster's rating: 1465 &rarr; <strong>1489<\/strong><br \/>(+24 for winning)