|join|Snowballin
|join|hilarious
|player|p1|Snowballin|92
|player|p2|hilarious|184
|gametype|singles
|gen|6
|tier|UU
|rated
|rule|Sleep Clause Mod: Limit one foe put to sleep
|rule|Species Clause: Limit one of each PokÃ©mon
|rule|OHKO Clause: OHKO moves are banned
|rule|Moody Clause: Moody is banned
|rule|Evasion Moves Clause: Evasion moves are banned
|rule|Endless Battle Clause: Forcing endless battles is banned
|rule|HP Percentage Mod: HP is shown in percentages
|clearpoke
|poke|p1|Cresselia, F
|poke|p1|Krookodile, M
|poke|p1|Florges, F
|poke|p1|Cobalion
|poke|p1|Ampharos, F
|poke|p1|Forretress, M
|poke|p2|Volbeat, M
|poke|p2|Kyurem
|poke|p2|Exploud, F
|poke|p2|Yanmega, F
|poke|p2|Espeon, F
|poke|p2|Dugtrio, M
|rule|Swagger Clause: Swagger is banned
|rule|Baton Pass Clause: Limit one PokÃ©mon knowing Baton Pass
|teampreview
|join|THEiTodd
|join|Antenna Management
|c|âhilarious|dont reveal my strategy theitodd
|
|start
|switch|p1a: Krookodile|Krookodile, M|332\/332
|switch|p2a: Volbeat|Volbeat, M|333\/333
|-ability|p1a: Krookodile|Intimidate|[of] p2a: Volbeat
|-unboost|p2a: Volbeat|atk|1
|turn|1
|c| THEiTodd|ok
|
|move|p2a: Volbeat|Baton Pass|p2a: Volbeat
|
|switch|p2a: Espeon|Espeon, F|271\/271
|move|p1a: Krookodile|Knock Off|p2a: Espeon
|-crit|p2a: Espeon
|-supereffective|p2a: Espeon
|-enditem|p2a: Espeon|Focus Sash
|-damage|p2a: Espeon|1\/271
|
|turn|2
|
|move|p2a: Espeon|Dazzling Gleam|p1a: Krookodile
|-supereffective|p1a: Krookodile
|-damage|p1a: Krookodile|68\/332
|move|p1a: Krookodile|Knock Off|p2a: Espeon
|-supereffective|p2a: Espeon
|-damage|p2a: Espeon|0 fnt
|faint|p2a: Espeon
|
|
|switch|p2a: Dugtrio|Dugtrio, M|211\/211
|turn|3
|
|move|p2a: Dugtrio|Earthquake|p1a: Krookodile
|-damage|p1a: Krookodile|0 fnt
|faint|p1a: Krookodile
|
|
|switch|p1a: Florges|Florges, F|359\/359
|turn|4
|
|move|p2a: Dugtrio|Screech|p1a: Florges
|-unboost|p1a: Florges|def|2
|move|p1a: Florges|Moonblast|p2a: Dugtrio
|-damage|p2a: Dugtrio|42\/211
|-unboost|p2a: Dugtrio|spa|1
|
|turn|5
|c|âSnowballin|o
|c|âSnowballin|dang
|c|âSnowballin|LOL
|
|move|p2a: Dugtrio|Earthquake|p1a: Florges
|-damage|p1a: Florges|110\/359
|move|p1a: Florges|Moonblast|p2a: Dugtrio
|-damage|p2a: Dugtrio|0 fnt
|faint|p2a: Dugtrio
|
|-heal|p1a: Florges|132\/359|[from] item: Leftovers
|
|switch|p2a: Volbeat|Volbeat, M|333\/333
|turn|6
|
|move|p2a: Volbeat|Tail Glow|p2a: Volbeat
|-boost|p2a: Volbeat|spa|3
|move|p1a: Florges|Moonblast|p2a: Volbeat
|-damage|p2a: Volbeat|233\/333
|-unboost|p2a: Volbeat|spa|1
|
|-heal|p1a: Florges|154\/359|[from] item: Leftovers
|turn|7
|c|âhilarious|hacks
|c| THEiTodd|rip
|c| Antenna Management|glow again
|c|âhilarious|k
|
|move|p2a: Volbeat|Tail Glow|p2a: Volbeat
|-boost|p2a: Volbeat|spa|3
|move|p1a: Florges|Moonblast|p2a: Volbeat
|-damage|p2a: Volbeat|128\/333
|
|-heal|p1a: Florges|176\/359|[from] item: Leftovers
|turn|8
|
|move|p2a: Volbeat|Baton Pass|p2a: Volbeat
|
|switch|p2a: Yanmega|Yanmega, F|313\/313
|move|p1a: Florges|Moonblast|p2a: Yanmega
|-damage|p2a: Yanmega|114\/313
|
|-heal|p1a: Florges|198\/359|[from] item: Leftovers
|turn|9
|
|move|p2a: Yanmega|Air Slash|p1a: Florges
|-damage|p1a: Florges|0 fnt
|faint|p1a: Florges
|
|-boost|p2a: Yanmega|spe|1|[from] ability: Speed Boost
|
|switch|p1a: Forretress|Forretress, M|354\/354
|turn|10
|c| Antenna Management|flinch it
|c|âSnowballin|doesn't have to
|c|âSnowballin|lol
|c| Antenna Management|sturdy?
|c|âSnowballin|n
|
|move|p2a: Yanmega|Air Slash|p1a: Forretress
|-damage|p1a: Forretress|0 fnt
|faint|p1a: Forretress
|
|-boost|p2a: Yanmega|spe|1|[from] ability: Speed Boost
|c|âhilarious|GG
|c| Antenna Management|o you run the real set
|c| Antenna Management|props to you
|c|âSnowballin|GG
|
|switch|p1a: Cobalion|Cobalion|324\/324
|turn|11
|
|move|p2a: Yanmega|Air Slash|p1a: Cobalion
|-damage|p1a: Cobalion|0 fnt
|faint|p1a: Cobalion
|
|-boost|p2a: Yanmega|spe|1|[from] ability: Speed Boost
|c|âhilarious|finally got one
|
|switch|p1a: Ampharos|Ampharos, F|384\/384
|turn|12
|c|âhilarious|i can leave now
|
|detailschange|p1a: Ampharos|Ampharos-Mega, F
|-mega|p1a: Ampharos|Ampharos|Ampharosite
|-ability|p1a: Ampharos|Mold Breaker
|move|p2a: Yanmega|Bug Buzz|p1a: Ampharos
|-damage|p1a: Ampharos|0 fnt
|faint|p1a: Ampharos
|
|-boost|p2a: Yanmega|spe|1|[from] ability: Speed Boost
|c|âSnowballin|LOL
|c|âSnowballin|hurts my feelings bit
|c|âSnowballin|jk
|
|switch|p1a: Cresselia|Cresselia, F|443\/443
|turn|13
|
|move|p2a: Yanmega|Bug Buzz|p1a: Cresselia
|-supereffective|p1a: Cresselia
|-damage|p1a: Cresselia|0 fnt
|faint|p1a: Cresselia
|
|win|hilarious
|raw|Ladder updating...
|raw|Snowballin's rating: 1516 &rarr; <strong>1487<\/strong><br \/>(-29 for losing)
|raw|hilarious's rating: 1332 &rarr; <strong>1361<\/strong><br \/>(+29 for winning)
|leave|Antenna Management
|join|Antenna Management
|leave|Antenna Management