|join|WarpedEternal
|join|snowballin
|player|p1|WarpedEternal|52
|player|p2|snowballin|237
|gametype|singles
|gen|6
|tier|UU
|rated
|rule|Sleep Clause Mod: Limit one foe put to sleep
|rule|Species Clause: Limit one of each PokÃ©mon
|rule|OHKO Clause: OHKO moves are banned
|rule|Moody Clause: Moody is banned
|rule|Evasion Moves Clause: Evasion moves are banned
|rule|Endless Battle Clause: Forcing endless battles is banned
|rule|HP Percentage Mod: HP is shown in percentages
|clearpoke
|poke|p1|Rhyperior, F
|poke|p1|Cresselia, F
|poke|p1|Raikou
|poke|p1|Pidgeot, F
|poke|p1|Lucario, M
|poke|p1|Tentacruel, F
|poke|p2|Musharna, F
|poke|p2|Nidoqueen, F
|poke|p2|Hydreigon, F
|poke|p2|Vaporeon, F
|poke|p2|Amoonguss, M
|poke|p2|Magneton
|rule|Swagger Clause: Swagger is banned
|rule|Baton Pass Clause: Limit one PokÃ©mon knowing Baton Pass
|teampreview
|
|start
|switch|p1a: Raikou|Raikou|321\/321
|switch|p2a: Musharana|Musharna, F|435\/435
|-ability|p1a: Raikou|Pressure
|turn|1
|
|move|p1a: Raikou|Volt Switch|p2a: Musharana
|-damage|p2a: Musharana|267\/435
|
|switch|p1a: Lucario|Lucario, M|281\/281
|move|p2a: Musharana|Calm Mind|p2a: Musharana
|-boost|p2a: Musharana|spa|1
|-boost|p2a: Musharana|spd|1
|
|turn|2
|
|move|p1a: Lucario|Crunch|p2a: Musharana
|-supereffective|p2a: Musharana
|-damage|p2a: Musharana|93\/435
|-enditem|p2a: Musharana|Kee Berry|[eat]
|-boost|p2a: Musharana|def|1|[from] item: Kee Berry
|-damage|p1a: Lucario|253\/281|[from] item: Life Orb
|move|p2a: Musharana|Moonlight|p2a: Musharana
|-heal|p2a: Musharana|310\/435
|
|turn|3
|
|move|p1a: Lucario|Swords Dance|p1a: Lucario
|-boost|p1a: Lucario|atk|2
|move|p2a: Musharana|Psyshock|p1a: Lucario
|-damage|p1a: Lucario|64\/281
|
|turn|4
|
|move|p1a: Lucario|Crunch|p2a: Musharana
|-supereffective|p2a: Musharana
|-damage|p2a: Musharana|84\/435
|-unboost|p2a: Musharana|def|1
|-damage|p1a: Lucario|36\/281|[from] item: Life Orb
|move|p2a: Musharana|Psyshock|p1a: Lucario
|-damage|p1a: Lucario|0 fnt
|faint|p1a: Lucario
|
|
|switch|p1a: Pidgeot|Pidgeot, F|307\/307
|turn|5
|
|detailschange|p1a: Pidgeot|Pidgeot-Mega, F
|-mega|p1a: Pidgeot|Pidgeot|Pidgeotite
|move|p1a: Pidgeot|Hurricane|p2a: Musharana
|-damage|p2a: Musharana|0 fnt
|faint|p2a: Musharana
|
|
|switch|p2a: Nidoqueen|Nidoqueen, F|353\/353
|turn|6
|
|switch|p1a: Tentacruel|Tentacruel, F|364\/364
|move|p2a: Nidoqueen|Sludge Wave|p1a: Tentacruel
|-crit|p1a: Tentacruel
|-resisted|p1a: Tentacruel
|-damage|p1a: Tentacruel|216\/364
|
|-heal|p1a: Tentacruel|238\/364|[from] item: Black Sludge
|turn|7
|
|switch|p1a: Cresselia|Cresselia, F|444\/444
|move|p2a: Nidoqueen|Earth Power|p1a: Cresselia
|-immune|p1a: Cresselia|[msg]
|
|turn|8
|
|move|p2a: Nidoqueen|Sludge Wave|p1a: Cresselia
|-damage|p1a: Cresselia|269\/444
|move|p1a: Cresselia|Psyshock|p2a: Nidoqueen
|-supereffective|p2a: Nidoqueen
|-damage|p2a: Nidoqueen|111\/353
|
|-heal|p1a: Cresselia|296\/444|[from] item: Leftovers
|turn|9
|
|switch|p2a: Hydreigon|Hydreigon, F|325\/325
|move|p1a: Cresselia|Psyshock|p2a: Hydreigon
|-immune|p2a: Hydreigon|[msg]
|
|-heal|p1a: Cresselia|323\/444|[from] item: Leftovers
|turn|10
|
|move|p2a: Hydreigon|Dark Pulse|p1a: Cresselia
|-supereffective|p1a: Cresselia
|-damage|p1a: Cresselia|119\/444
|move|p1a: Cresselia|Moonblast|p2a: Hydreigon
|-crit|p2a: Hydreigon
|-supereffective|p2a: Hydreigon
|-damage|p2a: Hydreigon|0 fnt
|faint|p2a: Hydreigon
|
|-heal|p1a: Cresselia|146\/444|[from] item: Leftovers
|
|switch|p2a: Magneton|Magneton|241\/241
|turn|11
|
|switch|p1a: Rhyperior|Rhyperior, F|433\/433
|move|p2a: Magneton|Flash Cannon|p1a: Rhyperior
|-supereffective|p1a: Rhyperior
|-damage|p1a: Rhyperior|0 fnt
|faint|p1a: Rhyperior
|
|
|switch|p1a: Raikou|Raikou|321\/321
|-ability|p1a: Raikou|Pressure
|turn|12
|
|switch|p2a: Amoonguss|Amoonguss, M|432\/432
|move|p1a: Raikou|Shadow Ball|p2a: Amoonguss
|-damage|p2a: Amoonguss|297\/432
|
|-heal|p2a: Amoonguss|324\/432|[from] item: Black Sludge
|turn|13
|
|switch|p1a: Tentacruel|Tentacruel, F|238\/364
|move|p2a: Amoonguss|Spore|p1a: Tentacruel
|-status|p1a: Tentacruel|slp
|
|-heal|p1a: Tentacruel|260\/364 slp|[from] item: Black Sludge
|-heal|p2a: Amoonguss|351\/432|[from] item: Black Sludge
|turn|14
|
|switch|p1a: Pidgeot|Pidgeot-Mega, F|307\/307
|switch|p2a: Magneton|Magneton|241\/241
|
|turn|15
|
|switch|p1a: Raikou|Raikou|321\/321
|-ability|p1a: Raikou|Pressure
|switch|p2a: Vaporeon|Vaporeon, F|451\/451
|
|turn|16
|
|move|p2a: Vaporeon|Protect|p2a: Vaporeon
|-singleturn|p2a: Vaporeon|Protect
|move|p1a: Raikou|Hidden Power|p2a: Vaporeon
|-activate|p2a: Vaporeon|Protect
|
|turn|17
|
|switch|p1a: Cresselia|Cresselia, F|146\/444
|move|p2a: Vaporeon|Scald|p1a: Cresselia
|-damage|p1a: Cresselia|65\/444
|-status|p1a: Cresselia|brn
|
|-heal|p1a: Cresselia|92\/444 brn|[from] item: Leftovers
|-damage|p1a: Cresselia|37\/444 brn|[from] brn
|turn|18
|
|move|p1a: Cresselia|Moonlight|p1a: Cresselia
|-heal|p1a: Cresselia|259\/444 brn
|move|p2a: Vaporeon|Scald|p1a: Cresselia
|-damage|p1a: Cresselia|174\/444 brn
|
|-heal|p1a: Cresselia|201\/444 brn|[from] item: Leftovers
|-damage|p1a: Cresselia|146\/444 brn|[from] brn
|turn|19
|
|switch|p2a: Magneton|Magneton|241\/241
|move|p1a: Cresselia|Moonlight|p1a: Cresselia
|-heal|p1a: Cresselia|368\/444 brn
|
|-heal|p1a: Cresselia|395\/444 brn|[from] item: Leftovers
|-damage|p1a: Cresselia|340\/444 brn|[from] brn
|turn|20
|
|switch|p1a: Tentacruel|Tentacruel, F|260\/364 slp
|move|p2a: Magneton|Thunderbolt|p1a: Tentacruel
|-supereffective|p1a: Tentacruel
|-damage|p1a: Tentacruel|0 fnt
|faint|p1a: Tentacruel
|
|
|switch|p1a: Raikou|Raikou|321\/321
|-ability|p1a: Raikou|Pressure
|turn|21
|
|switch|p2a: Nidoqueen|Nidoqueen, F|111\/353
|move|p1a: Raikou|Shadow Ball|p2a: Nidoqueen
|-damage|p2a: Nidoqueen|0 fnt
|faint|p2a: Nidoqueen
|
|
|switch|p2a: Amoonguss|Amoonguss, M|432\/432
|turn|22
|
|switch|p1a: Cresselia|Cresselia, F|340\/444 brn
|switch|p2a: Magneton|Magneton|241\/241
|
|-heal|p1a: Cresselia|367\/444 brn|[from] item: Leftovers
|-damage|p1a: Cresselia|312\/444 brn|[from] brn
|turn|23
|
|move|p2a: Magneton|Thunderbolt|p1a: Cresselia
|-damage|p1a: Cresselia|101\/444 brn
|move|p1a: Cresselia|Moonlight|p1a: Cresselia
|-heal|p1a: Cresselia|323\/444 brn
|
|-heal|p1a: Cresselia|350\/444 brn|[from] item: Leftovers
|-damage|p1a: Cresselia|295\/444 brn|[from] brn
|turn|24
|
|switch|p1a: Raikou|Raikou|321\/321
|-ability|p1a: Raikou|Pressure
|move|p2a: Magneton|Thunderbolt|p1a: Raikou
|-resisted|p1a: Raikou
|-damage|p1a: Raikou|150\/321
|
|turn|25
|
|switch|p2a: Amoonguss|Amoonguss, M|432\/432
|move|p1a: Raikou|Shadow Ball|p2a: Amoonguss
|-damage|p2a: Amoonguss|306\/432
|
|-heal|p2a: Amoonguss|333\/432|[from] item: Black Sludge
|turn|26
|
|switch|p1a: Cresselia|Cresselia, F|295\/444 brn
|move|p2a: Amoonguss|Sludge Bomb|p1a: Cresselia
|-damage|p1a: Cresselia|222\/444 brn
|
|-heal|p1a: Cresselia|249\/444 brn|[from] item: Leftovers
|-heal|p2a: Amoonguss|360\/432|[from] item: Black Sludge
|-damage|p1a: Cresselia|194\/444 brn|[from] brn
|turn|27
|
|switch|p1a: Raikou|Raikou|150\/321
|-ability|p1a: Raikou|Pressure
|switch|p2a: Magneton|Magneton|241\/241
|
|turn|28
|
|switch|p2a: Amoonguss|Amoonguss, M|432\/432
|move|p1a: Raikou|Volt Switch|p2a: Amoonguss
|-resisted|p2a: Amoonguss
|-damage|p2a: Amoonguss|353\/432
|
|switch|p1a: Pidgeot|Pidgeot-Mega, F|307\/307
|
|-heal|p2a: Amoonguss|380\/432|[from] item: Black Sludge
|turn|29
|
|switch|p2a: Vaporeon|Vaporeon, F|451\/451
|move|p1a: Pidgeot|Heat Wave|p2a: Vaporeon
|-resisted|p2a: Vaporeon
|-damage|p2a: Vaporeon|403\/451
|
|-heal|p2a: Vaporeon|431\/451|[from] item: Leftovers
|turn|30
|
|switch|p1a: Raikou|Raikou|150\/321
|-ability|p1a: Raikou|Pressure
|move|p2a: Vaporeon|Scald|p1a: Raikou
|-damage|p1a: Raikou|41\/321
|
|-heal|p2a: Vaporeon|451\/451|[from] item: Leftovers
|turn|31
|
|switch|p2a: Amoonguss|Amoonguss, M|432\/432
|move|p1a: Raikou|Thunderbolt|p2a: Amoonguss
|-resisted|p2a: Amoonguss
|-damage|p2a: Amoonguss|325\/432
|
|-heal|p2a: Amoonguss|352\/432|[from] item: Black Sludge
|turn|32
|
|switch|p1a: Cresselia|Cresselia, F|194\/444 brn
|move|p2a: Amoonguss|Sludge Bomb|p1a: Cresselia
|-damage|p1a: Cresselia|122\/444 brn
|
|-heal|p1a: Cresselia|149\/444 brn|[from] item: Leftovers
|-heal|p2a: Amoonguss|379\/432|[from] item: Black Sludge
|-damage|p1a: Cresselia|94\/444 brn|[from] brn
|turn|33
|
|switch|p2a: Magneton|Magneton|241\/241
|move|p1a: Cresselia|Moonlight|p1a: Cresselia
|-heal|p1a: Cresselia|316\/444 brn
|
|-heal|p1a: Cresselia|343\/444 brn|[from] item: Leftovers
|-damage|p1a: Cresselia|288\/444 brn|[from] brn
|turn|34
|
|move|p2a: Magneton|Thunderbolt|p1a: Cresselia
|-damage|p1a: Cresselia|86\/444 brn
|move|p1a: Cresselia|Moonblast|p2a: Magneton
|-resisted|p2a: Magneton
|-damage|p2a: Magneton|180\/241
|-unboost|p2a: Magneton|spa|1
|
|-heal|p1a: Cresselia|113\/444 brn|[from] item: Leftovers
|-damage|p1a: Cresselia|58\/444 brn|[from] brn
|turn|35
|
|move|p2a: Magneton|Thunderbolt|p1a: Cresselia
|-damage|p1a: Cresselia|0 fnt
|faint|p1a: Cresselia
|
|
|switch|p1a: Pidgeot|Pidgeot-Mega, F|307\/307
|turn|36
|
|move|p1a: Pidgeot|Heat Wave|p2a: Magneton
|-supereffective|p2a: Magneton
|-damage|p2a: Magneton|0 fnt
|faint|p2a: Magneton
|
|
|switch|p2a: Vaporeon|Vaporeon, F|451\/451
|turn|37
|
|move|p1a: Pidgeot|Hurricane|p2a: Vaporeon
|-damage|p2a: Vaporeon|273\/451
|-start|p2a: Vaporeon|confusion
|-activate|p2a: Vaporeon|confusion
|-damage|p2a: Vaporeon|253\/451|[from] confusion
|
|-heal|p2a: Vaporeon|281\/451|[from] item: Leftovers
|turn|38
|
|move|p1a: Pidgeot|Hurricane|p2a: Vaporeon
|-damage|p2a: Vaporeon|97\/451
|-activate|p2a: Vaporeon|confusion
|move|p2a: Vaporeon|Wish|p2a: Vaporeon
|
|-heal|p2a: Vaporeon|125\/451|[from] item: Leftovers
|turn|39
|c|âsnowballin|ah
|c|âsnowballin|the better play
|
|-activate|p2a: Vaporeon|confusion
|move|p2a: Vaporeon|Protect|p2a: Vaporeon
|-singleturn|p2a: Vaporeon|Protect
|move|p1a: Pidgeot|Hurricane|p2a: Vaporeon
|-activate|p2a: Vaporeon|Protect
|
|-heal|p2a: Vaporeon|350\/451|[from] move: Wish|[wisher] Vaporeon
|-heal|p2a: Vaporeon|378\/451|[from] item: Leftovers
|turn|40
|
|move|p1a: Pidgeot|Hurricane|p2a: Vaporeon
|-damage|p2a: Vaporeon|207\/451
|-activate|p2a: Vaporeon|confusion
|-damage|p2a: Vaporeon|184\/451|[from] confusion
|
|-heal|p2a: Vaporeon|212\/451|[from] item: Leftovers
|turn|41
|
|-end|p2a: Vaporeon|confusion
|move|p2a: Vaporeon|Protect|p2a: Vaporeon
|-singleturn|p2a: Vaporeon|Protect
|move|p1a: Pidgeot|Hurricane|p2a: Vaporeon
|-activate|p2a: Vaporeon|Protect
|
|-heal|p2a: Vaporeon|240\/451|[from] item: Leftovers
|turn|42
|
|move|p1a: Pidgeot|Hurricane|p2a: Vaporeon
|-damage|p2a: Vaporeon|62\/451
|move|p2a: Vaporeon|Wish|p2a: Vaporeon
|
|-heal|p2a: Vaporeon|90\/451|[from] item: Leftovers
|turn|43
|
|switch|p1a: Raikou|Raikou|41\/321
|-ability|p1a: Raikou|Pressure
|move|p2a: Vaporeon|Protect|p2a: Vaporeon
|-fail|p2a: Vaporeon
|
|-heal|p2a: Vaporeon|315\/451|[from] move: Wish|[wisher] Vaporeon
|-heal|p2a: Vaporeon|343\/451|[from] item: Leftovers
|turn|44
|
|move|p2a: Vaporeon|Protect|p2a: Vaporeon
|-singleturn|p2a: Vaporeon|Protect
|move|p1a: Raikou|Volt Switch|p2a: Vaporeon
|-activate|p2a: Vaporeon|Protect
|
|-heal|p2a: Vaporeon|371\/451|[from] item: Leftovers
|turn|45
|
|switch|p2a: Amoonguss|Amoonguss, M|432\/432
|move|p1a: Raikou|Volt Switch|p2a: Amoonguss
|-resisted|p2a: Amoonguss
|-damage|p2a: Amoonguss|347\/432
|
|switch|p1a: Pidgeot|Pidgeot-Mega, F|307\/307
|
|-heal|p2a: Amoonguss|374\/432|[from] item: Black Sludge
|turn|46
|
|move|p1a: Pidgeot|Hurricane|p2a: Amoonguss
|-supereffective|p2a: Amoonguss
|-damage|p2a: Amoonguss|0 fnt
|faint|p2a: Amoonguss
|
|
|switch|p2a: Vaporeon|Vaporeon, F|371\/451
|turn|47
|
|move|p1a: Pidgeot|Hurricane|p2a: Vaporeon
|-damage|p2a: Vaporeon|182\/451
|move|p2a: Vaporeon|Wish|p2a: Vaporeon
|
|-heal|p2a: Vaporeon|210\/451|[from] item: Leftovers
|turn|48
|
|move|p1a: Pidgeot|Hurricane|p2a: Vaporeon
|-damage|p2a: Vaporeon|30\/451
|-start|p2a: Vaporeon|confusion
|-activate|p2a: Vaporeon|confusion
|-damage|p2a: Vaporeon|7\/451|[from] confusion
|
|-heal|p2a: Vaporeon|232\/451|[from] move: Wish|[wisher] Vaporeon
|-heal|p2a: Vaporeon|260\/451|[from] item: Leftovers
|turn|49
|
|move|p1a: Pidgeot|Hurricane|p2a: Vaporeon
|-damage|p2a: Vaporeon|76\/451
|-activate|p2a: Vaporeon|confusion
|move|p2a: Vaporeon|Wish|p2a: Vaporeon
|
|-heal|p2a: Vaporeon|104\/451|[from] item: Leftovers
|turn|50
|
|move|p1a: Pidgeot|Hurricane|p2a: Vaporeon
|-damage|p2a: Vaporeon|0 fnt
|faint|p2a: Vaporeon
|
|win|WarpedEternal
|raw|Ladder updating...
|raw|WarpedEternal's rating: 1384 &rarr; <strong>1410<\/strong><br \/>(+26 for winning)
|raw|snowballin's rating: 1487 &rarr; <strong>1461<\/strong><br \/>(-26 for losing)
|c|âWarpedEternal|gg
|c|âsnowballin|meh
|leave|snowballin
|player|p2