|join|I've joined
|join|Snowballin
|player|p1|I've joined|8
|player|p2|Snowballin|237
|gametype|singles
|gen|6
|tier|UU
|rated
|rule|Sleep Clause Mod: Limit one foe put to sleep
|rule|Species Clause: Limit one of each PokÃ©mon
|rule|OHKO Clause: OHKO moves are banned
|rule|Moody Clause: Moody is banned
|rule|Evasion Moves Clause: Evasion moves are banned
|rule|Endless Battle Clause: Forcing endless battles is banned
|rule|HP Percentage Mod: HP is shown in percentages
|clearpoke
|poke|p1|Sharpedo, F
|poke|p1|Raikou
|poke|p1|Florges, F
|poke|p1|Darmanitan, F
|poke|p1|Vaporeon, F
|poke|p1|Donphan, M
|poke|p2|Camerupt, M
|poke|p2|Shaymin
|poke|p2|Vaporeon, M
|poke|p2|Jirachi
|poke|p2|Crobat, M
|poke|p2|Krookodile, M
|rule|Swagger Clause: Swagger is banned
|rule|Baton Pass Clause: Limit one PokÃ©mon knowing Baton Pass
|teampreview
|
|start
|switch|p1a: Donphan|Donphan, M|384\/384
|switch|p2a: Krookodile|Krookodile, M|332\/332
|-ability|p2a: Krookodile|Intimidate|[of] p1a: Donphan
|-unboost|p1a: Donphan|atk|1
|turn|1
|
|move|p2a: Krookodile|Earthquake|p1a: Donphan
|-crit|p1a: Donphan
|-damage|p1a: Donphan|102\/384
|move|p1a: Donphan|Stealth Rock|p2a: Krookodile
|-sidestart|p2: Snowballin|move: Stealth Rock
|
|-heal|p1a: Donphan|126\/384|[from] item: Leftovers
|turn|2
|
|move|p1a: Donphan|Ice Shard|p2a: Krookodile
|-supereffective|p2a: Krookodile
|-damage|p2a: Krookodile|262\/332
|move|p2a: Krookodile|Earthquake|p1a: Donphan
|-damage|p1a: Donphan|0 fnt
|faint|p1a: Donphan
|
|
|switch|p1a: Darmanitan|Darmanitan, F|351\/351
|turn|3
|
|switch|p2a: Vaporeon|Vaporeon, M|464\/464
|-damage|p2a: Vaporeon|406\/464|[from] Stealth Rock
|move|p1a: Darmanitan|U-turn|p2a: Vaporeon
|-damage|p2a: Vaporeon|266\/464
|
|switch|p1a: Raikou|Raikou|321\/321
|-ability|p1a: Raikou|Pressure
|
|-heal|p2a: Vaporeon|295\/464|[from] item: Leftovers
|turn|4
|
|switch|p1a: Sharpedo|Sharpedo, F|281\/281
|move|p2a: Vaporeon|Protect|p2a: Vaporeon
|-fail|p2a: Vaporeon
|
|-heal|p2a: Vaporeon|324\/464|[from] item: Leftovers
|turn|5
|
|move|p1a: Sharpedo|Crunch|p2a: Vaporeon
|-damage|p2a: Vaporeon|98\/464
|move|p2a: Vaporeon|Scald|p1a: Sharpedo
|-resisted|p1a: Sharpedo
|-damage|p1a: Sharpedo|182\/281
|-status|p1a: Sharpedo|brn
|
|-heal|p2a: Vaporeon|127\/464|[from] item: Leftovers
|-damage|p1a: Sharpedo|147\/281 brn|[from] brn
|-boost|p1a: Sharpedo|spe|1|[from] ability: Speed Boost
|turn|6
|
|move|p2a: Vaporeon|Protect|p2a: Vaporeon
|-singleturn|p2a: Vaporeon|Protect
|move|p1a: Sharpedo|Crunch|p2a: Vaporeon
|-activate|p2a: Vaporeon|Protect
|
|-heal|p2a: Vaporeon|156\/464|[from] item: Leftovers
|-damage|p1a: Sharpedo|112\/281 brn|[from] brn
|-boost|p1a: Sharpedo|spe|1|[from] ability: Speed Boost
|turn|7
|
|detailschange|p1a: Sharpedo|Sharpedo-Mega, F
|-mega|p1a: Sharpedo|Sharpedo|Sharpedonite
|move|p1a: Sharpedo|Crunch|p2a: Vaporeon
|-damage|p2a: Vaporeon|0 fnt
|faint|p2a: Vaporeon
|
|-damage|p1a: Sharpedo|77\/281 brn|[from] brn
|
|switch|p2a: Jirachi|Jirachi|403\/403
|-damage|p2a: Jirachi|378\/403|[from] Stealth Rock
|turn|8
|
|move|p1a: Sharpedo|Crunch|p2a: Jirachi
|-supereffective|p2a: Jirachi
|-damage|p2a: Jirachi|138\/403
|move|p2a: Jirachi|Stealth Rock|p1a: Sharpedo
|-sidestart|p1: I've joined|move: Stealth Rock
|
|-heal|p2a: Jirachi|163\/403|[from] item: Leftovers
|-damage|p1a: Sharpedo|42\/281 brn|[from] brn
|turn|9
|
|switch|p2a: Krookodile|Krookodile, M|262\/332
|-damage|p2a: Krookodile|242\/332|[from] Stealth Rock
|-ability|p2a: Krookodile|Intimidate|[of] p1a: Sharpedo
|-unboost|p1a: Sharpedo|atk|1
|move|p1a: Sharpedo|Crunch|p2a: Krookodile
|-resisted|p2a: Krookodile
|-damage|p2a: Krookodile|190\/332
|-unboost|p2a: Krookodile|def|1
|
|-damage|p1a: Sharpedo|7\/281 brn|[from] brn
|turn|10
|
|switch|p2a: Shaymin|Shaymin|341\/341
|-damage|p2a: Shaymin|299\/341|[from] Stealth Rock
|move|p1a: Sharpedo|Ice Fang|p2a: Shaymin
|-supereffective|p2a: Shaymin
|-damage|p2a: Shaymin|211\/341
|
|-damage|p1a: Sharpedo|0 fnt|[from] brn
|faint|p1a: Sharpedo
|
|switch|p1a: Darmanitan|Darmanitan, F|351\/351
|-damage|p1a: Darmanitan|264\/351|[from] Stealth Rock
|turn|11
|
|switch|p2a: Jirachi|Jirachi|163\/403
|-damage|p2a: Jirachi|138\/403|[from] Stealth Rock
|move|p1a: Darmanitan|Flare Blitz|p2a: Jirachi
|-crit|p2a: Jirachi
|-supereffective|p2a: Jirachi
|-damage|p2a: Jirachi|0 fnt
|-damage|p1a: Darmanitan|218\/351|[from] recoil|[of] p2a: Jirachi
|faint|p2a: Jirachi
|
|
|switch|p2a: Camerupt|Camerupt, M|343\/343
|-damage|p2a: Camerupt|301\/343|[from] Stealth Rock
|turn|12
|
|switch|p1a: Vaporeon|Vaporeon, F|464\/464
|-damage|p1a: Vaporeon|406\/464|[from] Stealth Rock
|detailschange|p2a: Camerupt|Camerupt-Mega, M
|-mega|p2a: Camerupt|Camerupt|Cameruptite
|move|p2a: Camerupt|Earth Power|p1a: Vaporeon
|-damage|p1a: Vaporeon|144\/464
|
|-heal|p1a: Vaporeon|173\/464|[from] item: Leftovers
|turn|13
|
|switch|p2a: Shaymin|Shaymin|211\/341
|-damage|p2a: Shaymin|169\/341|[from] Stealth Rock
|move|p1a: Vaporeon|Scald|p2a: Shaymin
|-resisted|p2a: Shaymin
|-damage|p2a: Shaymin|121\/341
|-status|p2a: Shaymin|brn
|
|-heal|p1a: Vaporeon|202\/464|[from] item: Leftovers
|-damage|p2a: Shaymin|79\/341 brn|[from] brn
|turn|14
|
|switch|p1a: Florges|Florges, F|360\/360
|-damage|p1a: Florges|315\/360|[from] Stealth Rock
|move|p2a: Shaymin|Seed Flare|p1a: Florges
|-damage|p1a: Florges|177\/360
|-damage|p2a: Shaymin|45\/341 brn|[from] item: Life Orb
|
|-heal|p1a: Florges|199\/360|[from] item: Leftovers
|-damage|p2a: Shaymin|3\/341 brn|[from] brn
|turn|15
|
|move|p2a: Shaymin|Healing Wish|p2a: Shaymin
|faint|p2a: Shaymin
|move|p1a: Florges|Moonblast|p2: Shaymin|[notarget]
|-notarget
|
|-heal|p1a: Florges|221\/360|[from] item: Leftovers
|
|switch|p2a: Camerupt|Camerupt-Mega, M|301\/343
|-heal|p2a: Camerupt|343\/343|[from] move: Healing Wish
|-damage|p2a: Camerupt|301\/343|[from] Stealth Rock
|turn|16
|
|move|p1a: Florges|Moonblast|p2a: Camerupt
|-resisted|p2a: Camerupt
|-damage|p2a: Camerupt|230\/343
|move|p2a: Camerupt|Fire Blast|p1a: Florges
|-damage|p1a: Florges|32\/360
|
|-heal|p1a: Florges|54\/360|[from] item: Leftovers
|turn|17
|
|move|p1a: Florges|Moonblast|p2a: Camerupt
|-resisted|p2a: Camerupt
|-damage|p2a: Camerupt|158\/343
|move|p2a: Camerupt|Earth Power|p1a: Florges
|-damage|p1a: Florges|0 fnt
|faint|p1a: Florges
|
|
|switch|p1a: Vaporeon|Vaporeon, F|202\/464
|-damage|p1a: Vaporeon|144\/464|[from] Stealth Rock
|turn|18
|
|move|p1a: Vaporeon|Scald|p2a: Camerupt
|-supereffective|p2a: Camerupt
|-damage|p2a: Camerupt|0 fnt
|faint|p2a: Camerupt
|
|-heal|p1a: Vaporeon|173\/464|[from] item: Leftovers
|
|switch|p2a: Crobat|Crobat, M|373\/373
|-damage|p2a: Crobat|280\/373|[from] Stealth Rock
|turn|19
|
|move|p2a: Crobat|Taunt|p1a: Vaporeon
|-start|p1a: Vaporeon|move: Taunt
|move|p1a: Vaporeon|Scald|p2a: Crobat
|-damage|p2a: Crobat|162\/373
|-status|p2a: Crobat|brn
|
|-heal|p1a: Vaporeon|202\/464|[from] item: Leftovers
|-damage|p2a: Crobat|116\/373 brn|[from] brn
|turn|20
|
|move|p2a: Crobat|Acrobatics|p1a: Vaporeon
|-damage|p1a: Vaporeon|142\/464
|move|p1a: Vaporeon|Scald|p2a: Crobat
|-crit|p2a: Crobat
|-damage|p2a: Crobat|0 fnt
|faint|p2a: Crobat
|
|-heal|p1a: Vaporeon|171\/464|[from] item: Leftovers
|
|switch|p2a: Krookodile|Krookodile, M|190\/332
|-damage|p2a: Krookodile|170\/332|[from] Stealth Rock
|-ability|p2a: Krookodile|Intimidate|[of] p1a: Vaporeon
|-unboost|p1a: Vaporeon|atk|1
|turn|21
|
|move|p2a: Krookodile|Earthquake|p1a: Vaporeon
|-damage|p1a: Vaporeon|0 fnt
|faint|p1a: Vaporeon
|
|
|switch|p1a: Darmanitan|Darmanitan, F|218\/351
|-damage|p1a: Darmanitan|131\/351|[from] Stealth Rock
|turn|22
|
|move|p1a: Darmanitan|Superpower|p2a: Krookodile
|-supereffective|p2a: Krookodile
|-damage|p2a: Krookodile|0 fnt
|-unboost|p1a: Darmanitan|atk|1
|-unboost|p1a: Darmanitan|def|1
|faint|p2a: Krookodile
|
|win|I've joined
|raw|Ladder updating...
|leave|Snowballin
|raw|I&apos;ve joined's rating: 1424 &rarr; <strong>1450<\/strong><br \/>(+26 for winning)
|raw|Snowballin's rating: 1534 &rarr; <strong>1508<\/strong><br \/>(-26 for losing)
|player|p2
|c|âI've joined|gg