|join|Volbeatdown
|join|lolsidkwhatimdoing
|player|p1|Volbeatdown|126
|player|p2|lolsidkwhatimdoing|183
|gametype|singles
|gen|6
|tier|UU
|rated
|rule|Sleep Clause Mod: Limit one foe put to sleep
|rule|Species Clause: Limit one of each PokÃ©mon
|rule|OHKO Clause: OHKO moves are banned
|rule|Moody Clause: Moody is banned
|rule|Evasion Moves Clause: Evasion moves are banned
|rule|Endless Battle Clause: Forcing endless battles is banned
|rule|HP Percentage Mod: HP is shown in percentages
|clearpoke
|poke|p1|Pidgeot, M
|poke|p1|Zygarde
|poke|p1|Tentacruel, M
|poke|p1|Umbreon, F
|poke|p1|Nidoqueen, F
|poke|p1|Shaymin
|poke|p2|Feraligatr, F
|poke|p2|Aggron, F
|poke|p2|Chandelure, F
|poke|p2|Tornadus, M
|poke|p2|Chesnaught, M
|poke|p2|Nidoking, M
|rule|Swagger Clause: Swagger is banned
|rule|Baton Pass Clause: Limit one PokÃ©mon knowing Baton Pass
|teampreview
|
|start
|switch|p1a: Tentacruel|Tentacruel, M|364\/364
|switch|p2a: Tornadus|Tornadus, M|300\/300
|turn|1
|
|move|p2a: Tornadus|Knock Off|p1a: Tentacruel
|-damage|p1a: Tentacruel|269\/364
|-enditem|p1a: Tentacruel|Black Sludge|[from] move: Knock Off|[of] p2a: Tornadus
|move|p1a: Tentacruel|Toxic|p2a: Tornadus
|-status|p2a: Tornadus|tox
|
|-damage|p2a: Tornadus|282\/300 tox|[from] psn
|turn|2
|c|âlolsidkwhatimdoing|uhh okay
|
|move|p2a: Tornadus|Acrobatics|p1a: Tentacruel
|-damage|p1a: Tentacruel|112\/364
|move|p1a: Tentacruel|Scald|p2a: Tornadus
|-damage|p2a: Tornadus|183\/300 tox
|
|-damage|p2a: Tornadus|147\/300 tox|[from] psn
|turn|3
|
|switch|p1a: Umbreon|Umbreon, F|394\/394
|move|p2a: Tornadus|Superpower|p1a: Umbreon
|-supereffective|p1a: Umbreon
|-damage|p1a: Umbreon|146\/394
|-unboost|p2a: Tornadus|atk|1
|-unboost|p2a: Tornadus|def|1
|
|-heal|p1a: Umbreon|170\/394|[from] item: Leftovers
|-damage|p2a: Tornadus|93\/300 tox|[from] psn
|turn|4
|
|switch|p2a: Chesnaught|Chesnaught, M|380\/380
|move|p1a: Umbreon|Protect|p1a: Umbreon
|-fail|p1a: Umbreon
|
|-heal|p1a: Umbreon|194\/394|[from] item: Leftovers
|turn|5
|
|switch|p1a: Tentacruel|Tentacruel, M|112\/364
|move|p2a: Chesnaught|Spikes|p1a: Tentacruel
|-sidestart|p1: Volbeatdown|Spikes
|
|turn|6
|
|move|p2a: Chesnaught|Spiky Shield|p2a: Chesnaught
|-singleturn|p2a: Chesnaught|move: Protect
|move|p1a: Tentacruel|Rapid Spin|p2a: Chesnaught
|-activate|p2a: Chesnaught|move: Protect
|-damage|p1a: Tentacruel|67\/364|[from] Spiky Shield|[of] p2a: Chesnaught
|
|turn|7
|
|move|p1a: Tentacruel|Rapid Spin|p2a: Chesnaught
|-damage|p2a: Chesnaught|373\/380
|-damage|p1a: Tentacruel|7\/364|[from] item: Rocky Helmet|[of] p2a: Chesnaught
|-sideend|p1: Volbeatdown|Spikes|[from] move: Rapid Spin|[of] p1a: Tentacruel
|move|p2a: Chesnaught|Wood Hammer|p1a: Tentacruel
|-damage|p1a: Tentacruel|0 fnt
|-damage|p2a: Chesnaught|371\/380|[from] recoil|[of] p1a: Tentacruel
|faint|p1a: Tentacruel
|
|
|switch|p1a: Pidgeot|Pidgeot, M|307\/307
|turn|8
|
|detailschange|p1a: Pidgeot|Pidgeot-Mega, M
|message|Pidgeot has Mega Evolved into Mega Pidgeot!
|move|p2a: Chesnaught|Spiky Shield|p2a: Chesnaught
|-singleturn|p2a: Chesnaught|move: Protect
|move|p1a: Pidgeot|Hurricane|p2a: Chesnaught
|-activate|p2a: Chesnaught|move: Protect
|
|turn|9
|
|switch|p2a: Chandelure|Chandelure, F|323\/323
|move|p1a: Pidgeot|Hurricane|p2a: Chandelure
|-damage|p2a: Chandelure|109\/323
|
|-heal|p2a: Chandelure|129\/323|[from] item: Leftovers
|turn|10
|
|switch|p2a: Aggron|Aggron, F|344\/344
|move|p1a: Pidgeot|Hurricane|p2a: Aggron
|-resisted|p2a: Aggron
|-damage|p2a: Aggron|298\/344
|
|turn|11
|
|move|p1a: Pidgeot|Heat Wave|p2a: Aggron
|-damage|p2a: Aggron|187\/344
|move|p2a: Aggron|Heavy Slam|p1a: Pidgeot
|-damage|p1a: Pidgeot|138\/307
|
|turn|12
|
|move|p1a: Pidgeot|U-turn|p2a: Aggron
|-resisted|p2a: Aggron
|-damage|p2a: Aggron|173\/344
|
|switch|p1a: Nidoqueen|Nidoqueen, F|346\/346
|move|p2a: Aggron|Heavy Slam|p1a: Nidoqueen
|-damage|p1a: Nidoqueen|175\/346
|
|turn|13
|
|switch|p2a: Tornadus|Tornadus, M|93\/300 tox
|move|p1a: Nidoqueen|Earth Power|p2a: Tornadus
|-immune|p2a: Tornadus|[msg]
|
|-damage|p2a: Tornadus|75\/300 tox|[from] psn
|turn|14
|
|move|p2a: Tornadus|Acrobatics|p1a: Nidoqueen
|-damage|p1a: Nidoqueen|0 fnt
|faint|p1a: Nidoqueen
|
|-damage|p2a: Tornadus|39\/300 tox|[from] psn
|
|switch|p1a: Pidgeot|Pidgeot-Mega, M|138\/307
|turn|15
|
|switch|p2a: Chandelure|Chandelure, F|129\/323
|move|p1a: Pidgeot|Heat Wave|p2a: Chandelure
|-start|p2a: Chandelure|ability: Flash Fire
|
|-heal|p2a: Chandelure|149\/323|[from] item: Leftovers
|turn|16
|
|move|p1a: Pidgeot|Hurricane|p2a: Chandelure
|-damage|p2a: Chandelure|0 fnt
|faint|p2a: Chandelure
|
|
|switch|p2a: Aggron|Aggron, F|173\/344
|turn|17
|
|move|p1a: Pidgeot|U-turn|p2a: Aggron
|-resisted|p2a: Aggron
|-damage|p2a: Aggron|160\/344
|
|switch|p1a: Umbreon|Umbreon, F|194\/394
|move|p2a: Aggron|Heavy Slam|p1a: Umbreon
|-damage|p1a: Umbreon|52\/394
|
|-heal|p1a: Umbreon|76\/394|[from] item: Leftovers
|turn|18
|
|move|p1a: Umbreon|Foul Play|p2a: Aggron
|-damage|p2a: Aggron|93\/344
|move|p2a: Aggron|Heavy Slam|p1a: Umbreon
|-damage|p1a: Umbreon|0 fnt
|faint|p1a: Umbreon
|
|
|switch|p1a: Pidgeot|Pidgeot-Mega, M|138\/307
|turn|19
|
|move|p1a: Pidgeot|Heat Wave|p2a: Aggron
|-damage|p2a: Aggron|0 fnt
|faint|p2a: Aggron
|
|
|switch|p2a: Smogon-fag|Nidoking, M|304\/304
|turn|20
|
|move|p1a: Pidgeot|Hurricane|p2a: Smogon-fag
|-damage|p2a: Smogon-fag|27\/304
|-start|p2a: Smogon-fag|confusion
|-activate|p2a: Smogon-fag|confusion
|move|p2a: Smogon-fag|Ice Beam|p1a: Pidgeot
|-supereffective|p1a: Pidgeot
|-damage|p1a: Pidgeot|0 fnt
|faint|p1a: Pidgeot
|
|
|switch|p1a: Zygarde|Zygarde|358\/358
|-ability|p1a: Zygarde|Aura Break
|turn|21
|
|move|p1a: Zygarde|Extreme Speed|p2a: Smogon-fag
|-crit|p2a: Smogon-fag
|-damage|p2a: Smogon-fag|0 fnt
|-damage|p1a: Zygarde|323\/358|[from] item: Life Orb
|faint|p2a: Smogon-fag
|
|
|switch|p2a: Chesnaught|Chesnaught, M|371\/380
|turn|22
|
|switch|p1a: Shaymin|Shaymin|341\/341
|move|p2a: Chesnaught|Wood Hammer|p1a: Shaymin
|-resisted|p1a: Shaymin
|-damage|p1a: Shaymin|262\/341
|-damage|p2a: Chesnaught|345\/380|[from] recoil|[of] p1a: Shaymin
|
|turn|23
|
|move|p1a: Shaymin|Psychic|p2a: Chesnaught
|-supereffective|p2a: Chesnaught
|-damage|p2a: Chesnaught|46\/380
|-damage|p1a: Shaymin|228\/341|[from] item: Life Orb
|move|p2a: Chesnaught|Wood Hammer|p1a: Shaymin
|-resisted|p1a: Shaymin
|-damage|p1a: Shaymin|150\/341
|-damage|p2a: Chesnaught|20\/380|[from] recoil|[of] p1a: Shaymin
|
|turn|24
|
|move|p1a: Shaymin|Psychic|p2a: Chesnaught
|-supereffective|p2a: Chesnaught
|-damage|p2a: Chesnaught|0 fnt
|-damage|p1a: Shaymin|116\/341|[from] item: Life Orb
|faint|p2a: Chesnaught
|
|
|switch|p2a: Tornadus|Tornadus, M|39\/300 tox
|turn|25
|
|switch|p1a: Zygarde|Zygarde|323\/358
|-ability|p1a: Zygarde|Aura Break
|move|p2a: Tornadus|Acrobatics|p1a: Zygarde
|-damage|p1a: Zygarde|181\/358
|
|-damage|p2a: Tornadus|21\/300 tox|[from] psn
|turn|26
|
|move|p1a: Zygarde|Extreme Speed|p2a: Tornadus
|-crit|p2a: Tornadus
|-damage|p2a: Tornadus|0 fnt
|-damage|p1a: Zygarde|146\/358|[from] item: Life Orb
|faint|p2a: Tornadus
|
|
|switch|p2a: Karen-fag|Feraligatr, F|360\/360
|turn|27
|
|move|p1a: Zygarde|Outrage|p2a: Karen-fag
|-damage|p2a: Karen-fag|126\/360
|-damage|p1a: Zygarde|111\/358|[from] item: Life Orb
|move|p2a: Karen-fag|Swords Dance|p2a: Karen-fag
|-boost|p2a: Karen-fag|atk|2
|
|turn|28
|
|move|p2a: Karen-fag|Aqua Jet|p1a: Zygarde
|-damage|p1a: Zygarde|0 fnt
|-damage|p2a: Karen-fag|90\/360|[from] item: Life Orb
|faint|p1a: Zygarde
|
|
|switch|p1a: Shaymin|Shaymin|116\/341
|turn|29
|
|move|p2a: Karen-fag|Aqua Jet|p1a: Shaymin
|-resisted|p1a: Shaymin
|-damage|p1a: Shaymin|0 fnt
|-damage|p2a: Karen-fag|54\/360|[from] item: Life Orb
|faint|p1a: Shaymin
|
|win|lolsidkwhatimdoing
|raw|Ladder updating...
|leave|Volbeatdown
|player|p1
|raw|Volbeatdown's rating: 1376 &rarr; <strong>1358<\/strong><br \/>(-18 for losing)
|raw|lolsidkwhatimdoing's rating: 1399 &rarr; <strong>1418<\/strong><br \/>(+19 for winning)