|join|Time Square
|join|lolsidkwhatimdoing
|player|p1|Time Square|152
|player|p2|lolsidkwhatimdoing|183
|gametype|singles
|gen|6
|tier|UU
|rated
|rule|Sleep Clause Mod: Limit one foe put to sleep
|rule|Species Clause: Limit one of each PokÃ©mon
|rule|OHKO Clause: OHKO moves are banned
|rule|Moody Clause: Moody is banned
|rule|Evasion Moves Clause: Evasion moves are banned
|rule|Endless Battle Clause: Forcing endless battles is banned
|rule|HP Percentage Mod: HP is shown in percentages
|clearpoke
|poke|p1|Lopunny, M
|poke|p1|Infernape, F
|poke|p1|Toxicroak, F
|poke|p1|Bronzong
|poke|p1|Porygon2
|poke|p1|Gligar, F
|poke|p2|Feraligatr, F
|poke|p2|Aggron, M
|poke|p2|Chandelure, F
|poke|p2|Tornadus, M
|poke|p2|Chesnaught, M
|poke|p2|Nidoking, M
|rule|Swagger Clause: Swagger is banned
|rule|Baton Pass Clause: Limit one PokÃ©mon knowing Baton Pass
|teampreview
|
|start
|switch|p1a: Infernape|Infernape, F|293\/293
|switch|p2a: Chesnaught|Chesnaught, M|380\/380
|turn|1
|
|move|p1a: Infernape|Close Combat|p2a: Chesnaught
|-damage|p2a: Chesnaught|259\/380
|-damage|p1a: Infernape|245\/293|[from] item: Rocky Helmet|[of] p2a: Chesnaught
|-unboost|p1a: Infernape|def|1
|-unboost|p1a: Infernape|spd|1
|-damage|p1a: Infernape|216\/293|[from] item: Life Orb
|move|p2a: Chesnaught|Spikes|p1a: Infernape
|-sidestart|p1: Time Square|Spikes
|
|turn|2
|
|move|p2a: Chesnaught|Spiky Shield|p2a: Chesnaught
|-singleturn|p2a: Chesnaught|move: Protect
|move|p1a: Infernape|Fire Blast|p2a: Chesnaught
|-activate|p2a: Chesnaught|move: Protect
|
|turn|3
|
|switch|p2a: Chandelure|Chandelure, F|323\/323
|move|p1a: Infernape|Fire Blast|p2a: Chandelure
|-start|p2a: Chandelure|ability: Flash Fire
|
|turn|4
|
|switch|p1a: Porygon2|Porygon2|374\/374
|-damage|p1a: Porygon2|328\/374|[from] Spikes
|-ability|p1a: Porygon2|Flash Fire|[from] ability: Trace|[of] p2a: Chandelure
|move|p2a: Chandelure|Substitute|p2a: Chandelure
|-start|p2a: Chandelure|Substitute
|-damage|p2a: Chandelure|243\/323
|
|-heal|p2a: Chandelure|263\/323|[from] item: Leftovers
|-heal|p1a: Porygon2|351\/374|[from] item: Leftovers
|turn|5
|
|move|p2a: Chandelure|Calm Mind|p2a: Chandelure
|-boost|p2a: Chandelure|spa|1
|-boost|p2a: Chandelure|spd|1
|move|p1a: Porygon2|Thunderbolt|p2a: Chandelure
|-activate|p2a: Chandelure|Substitute|[damage]
|
|-heal|p2a: Chandelure|283\/323|[from] item: Leftovers
|-heal|p1a: Porygon2|374\/374|[from] item: Leftovers
|turn|6
|c|âlolsidkwhatimdoing|wait what
|c|âlolsidkwhatimdoing|did I just see lefties
|
|move|p2a: Chandelure|Calm Mind|p2a: Chandelure
|-boost|p2a: Chandelure|spa|1
|-boost|p2a: Chandelure|spd|1
|move|p1a: Porygon2|Thunderbolt|p2a: Chandelure
|-crit|p2a: Chandelure
|-end|p2a: Chandelure|Substitute
|
|-heal|p2a: Chandelure|303\/323|[from] item: Leftovers
|turn|7
|c|âTime Square|oh lol
|c|âTime Square|i forgot
|c|âTime Square|eviolite
|c|âTime Square|rofl
|c|âlolsidkwhatimdoing|rofls
|
|move|p2a: Chandelure|Substitute|p2a: Chandelure
|-start|p2a: Chandelure|Substitute
|-damage|p2a: Chandelure|223\/323
|move|p1a: Porygon2|Toxic|p2a: Chandelure
|
|-heal|p2a: Chandelure|243\/323|[from] item: Leftovers
|turn|8
|
|move|p2a: Chandelure|Calm Mind|p2a: Chandelure
|-boost|p2a: Chandelure|spa|1
|-boost|p2a: Chandelure|spd|1
|move|p1a: Porygon2|Thunderbolt|p2a: Chandelure
|-activate|p2a: Chandelure|Substitute|[damage]
|
|-heal|p2a: Chandelure|263\/323|[from] item: Leftovers
|turn|9
|c|âlolsidkwhatimdoing|the free lefties heal face
|
|move|p2a: Chandelure|Fire Blast|p1a: Porygon2
|-start|p1a: Porygon2|ability: Flash Fire
|move|p1a: Porygon2|Thunderbolt|p2a: Chandelure
|-crit|p2a: Chandelure
|-end|p2a: Chandelure|Substitute
|
|-heal|p2a: Chandelure|283\/323|[from] item: Leftovers
|turn|10
|c|âlolsidkwhatimdoing|>crit
|
|move|p2a: Chandelure|Substitute|p2a: Chandelure
|-start|p2a: Chandelure|Substitute
|-damage|p2a: Chandelure|203\/323
|move|p1a: Porygon2|Thunderbolt|p2a: Chandelure
|-activate|p2a: Chandelure|Substitute|[damage]
|
|-heal|p2a: Chandelure|223\/323|[from] item: Leftovers
|turn|11
|
|move|p2a: Chandelure|Calm Mind|p2a: Chandelure
|-boost|p2a: Chandelure|spa|1
|-boost|p2a: Chandelure|spd|1
|move|p1a: Porygon2|Thunderbolt|p2a: Chandelure
|-activate|p2a: Chandelure|Substitute|[damage]
|
|-heal|p2a: Chandelure|243\/323|[from] item: Leftovers
|turn|12
|
|move|p2a: Chandelure|Calm Mind|p2a: Chandelure
|-boost|p2a: Chandelure|spa|1
|-boost|p2a: Chandelure|spd|1
|move|p1a: Porygon2|Thunderbolt|p2a: Chandelure
|-end|p2a: Chandelure|Substitute
|
|-heal|p2a: Chandelure|263\/323|[from] item: Leftovers
|turn|13
|
|switch|p1a: Toxicroak|Toxicroak, F|307\/307
|-damage|p1a: Toxicroak|269\/307|[from] Spikes
|move|p2a: Chandelure|Substitute|p2a: Chandelure
|-start|p2a: Chandelure|Substitute
|-damage|p2a: Chandelure|183\/323
|
|-heal|p2a: Chandelure|203\/323|[from] item: Leftovers
|turn|14
|
|move|p1a: Toxicroak|Sucker Punch|p2a: Chandelure
|-supereffective|p2a: Chandelure
|-end|p2a: Chandelure|Substitute
|-damage|p1a: Toxicroak|239\/307|[from] item: Life Orb
|move|p2a: Chandelure|Shadow Ball|p1a: Toxicroak
|-damage|p1a: Toxicroak|0 fnt
|faint|p1a: Toxicroak
|
|-heal|p2a: Chandelure|223\/323|[from] item: Leftovers
|
|switch|p1a: Lopunny|Lopunny, M|271\/271
|-damage|p1a: Lopunny|238\/271|[from] Spikes
|turn|15
|
|detailschange|p1a: Lopunny|Lopunny-Mega, M
|message|Lopunny has Mega Evolved into Mega Lopunny!
|move|p1a: Lopunny|High Jump Kick|p2a: Chandelure
|-damage|p2a: Chandelure|0 fnt
|faint|p2a: Chandelure
|
|
|switch|p2a: Chesnaught|Chesnaught, M|259\/380
|turn|16
|
|move|p1a: Lopunny|Baton Pass|p1a: Lopunny
|
|switch|p1a: Infernape|Infernape, F|216\/293
|-damage|p1a: Infernape|180\/293|[from] Spikes
|move|p2a: Chesnaught|Spikes|p1a: Infernape
|-sidestart|p1: Time Square|Spikes
|
|turn|17
|c|âlolsidkwhatimdoing|fuck that set
|c|âlolsidkwhatimdoing|fuck that set hard
|
|move|p2a: Chesnaught|Spiky Shield|p2a: Chesnaught
|-singleturn|p2a: Chesnaught|move: Protect
|move|p1a: Infernape|Fire Blast|p2a: Chesnaught
|-activate|p2a: Chesnaught|move: Protect
|
|turn|18
|
|move|p1a: Infernape|Grass Knot|p2a: Chesnaught
|-resisted|p2a: Chesnaught
|-damage|p2a: Chesnaught|195\/380
|-damage|p1a: Infernape|132\/293|[from] item: Rocky Helmet|[of] p2a: Chesnaught
|-damage|p1a: Infernape|103\/293|[from] item: Life Orb
|move|p2a: Chesnaught|Spikes|p1a: Infernape
|-sidestart|p1: Time Square|Spikes
|
|turn|19
|
|switch|p2a: Karen-fag|Feraligatr, F|360\/360
|move|p1a: Infernape|Grass Knot|p2a: Karen-fag
|-crit|p2a: Karen-fag
|-supereffective|p2a: Karen-fag
|-damage|p2a: Karen-fag|0 fnt
|-damage|p1a: Infernape|74\/293|[from] item: Life Orb
|faint|p2a: Karen-fag
|
|c|âlolsidkwhatimdoing|welp
|
|switch|p2a: Tornadus|Tornadus, M|300\/300
|turn|20
|
|move|p2a: Tornadus|Acrobatics|p1a: Infernape
|-supereffective|p1a: Infernape
|-damage|p1a: Infernape|0 fnt
|faint|p1a: Infernape
|
|
|switch|p1a: Bronzong|Bronzong|337\/337
|turn|21
|
|move|p2a: Tornadus|Substitute|p2a: Tornadus
|-start|p2a: Tornadus|Substitute
|-damage|p2a: Tornadus|225\/300
|move|p1a: Bronzong|Stealth Rock|p2a: Tornadus
|-sidestart|p2: lolsidkwhatimdoing|move: Stealth Rock
|
|turn|22
|
|move|p2a: Tornadus|Knock Off|p1a: Bronzong
|-supereffective|p1a: Bronzong
|-damage|p1a: Bronzong|203\/337
|-enditem|p1a: Bronzong|Leftovers|[from] move: Knock Off|[of] p2a: Tornadus
|move|p1a: Bronzong|Gyro Ball|p2a: Tornadus
|-end|p2a: Tornadus|Substitute
|
|turn|23
|
|switch|p2a: Aggron|Aggron, M|344\/344
|-damage|p2a: Aggron|323\/344|[from] Stealth Rock
|move|p1a: Bronzong|Gyro Ball|p2a: Aggron
|-damage|p2a: Aggron|286\/344
|
|turn|24
|
|switch|p1a: Gligar|Gligar, F|333\/333
|detailschange|p2a: Aggron|Aggron-Mega, M
|message|Aggron has Mega Evolved into Mega Aggron!
|move|p2a: Aggron|Roar|p1a: Gligar
|drag|p1a: Porygon2|Porygon2|374\/374
|-damage|p1a: Porygon2|281\/374|[from] Spikes
|-ability|p1a: Porygon2|Filter|[from] ability: Trace|[of] p2a: Aggron
|
|-heal|p1a: Porygon2|304\/374|[from] item: Leftovers
|turn|25
|
|move|p1a: Porygon2|Recover|p1a: Porygon2
|-heal|p1a: Porygon2|374\/374
|move|p2a: Aggron|Heavy Slam|p1a: Porygon2
|-damage|p1a: Porygon2|172\/374
|
|-heal|p1a: Porygon2|195\/374|[from] item: Leftovers
|turn|26
|c|âlolsidkwhatimdoing|dat non-eviolite bulk
|c|âlolsidkwhatimdoing|too stronk
|c|âTime Square|yes but i forgot
|
|move|p1a: Porygon2|Recover|p1a: Porygon2
|-heal|p1a: Porygon2|374\/374
|move|p2a: Aggron|Heavy Slam|p1a: Porygon2
|-damage|p1a: Porygon2|151\/374
|
|-heal|p1a: Porygon2|174\/374|[from] item: Leftovers
|turn|27
|c|âTime Square|i swear
|c|âlolsidkwhatimdoing|lel
|
|move|p1a: Porygon2|Thunderbolt|p2a: Aggron
|-damage|p2a: Aggron|230\/344
|move|p2a: Aggron|Roar|p1a: Porygon2
|drag|p1a: Lopunny|Lopunny-Mega, M|238\/271
|-damage|p1a: Lopunny|171\/271|[from] Spikes
|
|turn|28
|
|switch|p1a: Porygon2|Porygon2|174\/374
|-damage|p1a: Porygon2|81\/374|[from] Spikes
|-ability|p1a: Porygon2|Filter|[from] ability: Trace|[of] p2a: Aggron
|move|p2a: Aggron|Heavy Slam|p1a: Porygon2
|-damage|p1a: Porygon2|0 fnt
|faint|p1a: Porygon2
|
|
|switch|p1a: Gligar|Gligar, F|333\/333
|turn|29
|c|âlolsidkwhatimdoing|nice 4 att lopunny
|c|âlolsidkwhatimdoing|:^)
|
|switch|p2a: Tornadus|Tornadus, M|225\/300
|-damage|p2a: Tornadus|150\/300|[from] Stealth Rock
|move|p1a: Gligar|Taunt|p2a: Tornadus
|-start|p2a: Tornadus|move: Taunt
|
|turn|30
|c|âlolsidkwhatimdoing|fuc
|
|move|p2a: Tornadus|Knock Off|p1a: Gligar
|-damage|p1a: Gligar|284\/333
|-enditem|p1a: Gligar|Eviolite|[from] move: Knock Off|[of] p2a: Tornadus
|move|p1a: Gligar|Counter|p2a: Tornadus
|-damage|p2a: Tornadus|52\/300
|
|turn|31
|
|move|p2a: Tornadus|Acrobatics|p1a: Gligar
|-damage|p1a: Gligar|166\/333
|move|p1a: Gligar|Counter|p2a: Tornadus
|-damage|p2a: Tornadus|0 fnt
|faint|p2a: Tornadus
|
|
|switch|p2a: Smogon-fag|Nidoking, M|304\/304
|-damage|p2a: Smogon-fag|285\/304|[from] Stealth Rock
|turn|32
|c|âlolsidkwhatimdoing|missplayed hard
|
|switch|p1a: Bronzong|Bronzong|203\/337
|move|p2a: Smogon-fag|Ice Beam|p1a: Bronzong
|-resisted|p1a: Bronzong
|-damage|p1a: Bronzong|145\/337
|
|turn|33
|
|move|p2a: Smogon-fag|Stealth Rock|p1a: Bronzong
|-sidestart|p1: Time Square|move: Stealth Rock
|move|p1a: Bronzong|Gyro Ball|p2a: Smogon-fag
|-damage|p2a: Smogon-fag|132\/304
|
|turn|34
|
|switch|p2a: Aggron|Aggron-Mega, M|230\/344
|-damage|p2a: Aggron|209\/344|[from] Stealth Rock
|move|p1a: Bronzong|Earthquake|p2a: Aggron
|-supereffective|p2a: Aggron
|-damage|p2a: Aggron|154\/344
|
|turn|35
|
|move|p2a: Aggron|Heavy Slam|p1a: Bronzong
|-resisted|p1a: Bronzong
|-damage|p1a: Bronzong|115\/337
|move|p1a: Bronzong|Hidden Power|p2a: Aggron
|-supereffective|p2a: Aggron
|-damage|p2a: Aggron|103\/344
|
|turn|36
|c|âlolsidkwhatimdoing|!data bronzong
|c|~|\/data-pokemon Bronzong

|c|âlolsidkwhatimdoing|oh
|c|âlolsidkwhatimdoing|thought that did too little
|
|move|p2a: Aggron|Heavy Slam|p1a: Bronzong
|-resisted|p1a: Bronzong
|-damage|p1a: Bronzong|82\/337
|move|p1a: Bronzong|Hidden Power|p2a: Aggron
|-supereffective|p2a: Aggron
|-damage|p2a: Aggron|54\/344
|
|turn|37
|
|move|p2a: Aggron|Rest|p2a: Aggron
|-status|p2a: Aggron|slp
|-heal|p2a: Aggron|344\/344 slp|[silent]
|-status|p2a: Aggron|slp|[from] move: Rest
|move|p1a: Bronzong|Earthquake|p2a: Aggron
|-crit|p2a: Aggron
|-supereffective|p2a: Aggron
|-damage|p2a: Aggron|262\/344 slp
|
|turn|38
|
|cant|p2a: Aggron|slp
|move|p2a: Aggron|Sleep Talk|p2a: Aggron
|move|p2a: Aggron|Rest|p2a: Aggron|[from]Sleep Talk
|-fail|p2a: Aggron
|move|p1a: Bronzong|Earthquake|p2a: Aggron
|-supereffective|p2a: Aggron
|-damage|p2a: Aggron|213\/344 slp
|
|turn|39
|
|cant|p2a: Aggron|slp
|move|p2a: Aggron|Sleep Talk|p2a: Aggron
|move|p2a: Aggron|Rest|p2a: Aggron|[from]Sleep Talk
|-fail|p2a: Aggron
|move|p1a: Bronzong|Earthquake|p2a: Aggron
|-supereffective|p2a: Aggron
|-damage|p2a: Aggron|156\/344 slp
|
|turn|40
|c|âlolsidkwhatimdoing|wut
|
|-curestatus|p2a: Aggron|slp
|move|p2a: Aggron|Heavy Slam|p1a: Bronzong
|-resisted|p1a: Bronzong
|-damage|p1a: Bronzong|51\/337
|move|p1a: Bronzong|Earthquake|p2a: Aggron
|-supereffective|p2a: Aggron
|-damage|p2a: Aggron|108\/344
|
|turn|41
|
|move|p2a: Aggron|Heavy Slam|p1a: Bronzong
|-resisted|p1a: Bronzong
|-damage|p1a: Bronzong|23\/337
|move|p1a: Bronzong|Earthquake|p2a: Aggron
|-supereffective|p2a: Aggron
|-damage|p2a: Aggron|60\/344
|
|turn|42
|
|move|p2a: Aggron|Rest|p2a: Aggron
|-status|p2a: Aggron|slp
|-heal|p2a: Aggron|344\/344 slp|[silent]
|-status|p2a: Aggron|slp|[from] move: Rest
|move|p1a: Bronzong|Earthquake|p2a: Aggron
|-supereffective|p2a: Aggron
|-damage|p2a: Aggron|290\/344 slp
|
|turn|43
|c|âlolsidkwhatimdoing|so what was the cosmic pass's target anyways?
|c|âlolsidkwhatimdoing|I dont see anything viable to pass to
|
|cant|p2a: Aggron|slp
|move|p2a: Aggron|Sleep Talk|p2a: Aggron
|move|p2a: Aggron|Heavy Slam|p1a: Bronzong|[from]Sleep Talk
|-resisted|p1a: Bronzong
|-damage|p1a: Bronzong|0 fnt
|faint|p1a: Bronzong
|
|
|switch|p1a: Gligar|Gligar, F|166\/333
|-damage|p1a: Gligar|125\/333|[from] Stealth Rock
|turn|44
|c|âlolsidkwhatimdoing|sleep talk heavy slam pls
|c|âTime Square|fast pls
|-message|lolsidkwhatimdoing lost due to inactivity.
|
|win|Time Square
|raw|Ladder updating...
|raw|Time Square's rating: 1549 &rarr; <strong>1561<\/strong><br \/>(+12 for winning)
|raw|lolsidkwhatimdoing's rating: 1404 &rarr; <strong>1392<\/strong><br \/>(-12 for losing)
|leave|Time Square
|player|p1