|join|King UU
|join|lolsidkwhatimdoing
|player|p1|King UU|170
|player|p2|lolsidkwhatimdoing|183
|gametype|singles
|gen|6
|tier|UU
|rated
|rule|Sleep Clause Mod: Limit one foe put to sleep
|rule|Species Clause: Limit one of each PokÃ©mon
|rule|OHKO Clause: OHKO moves are banned
|rule|Moody Clause: Moody is banned
|rule|Evasion Moves Clause: Evasion moves are banned
|rule|Endless Battle Clause: Forcing endless battles is banned
|rule|HP Percentage Mod: HP is shown in percentages
|clearpoke
|poke|p1|Gallade, M
|poke|p1|Zygarde
|poke|p1|Tentacruel, F
|poke|p1|Rotom-Heat
|poke|p1|Togekiss, F
|poke|p1|Jirachi
|poke|p2|Camerupt, M
|poke|p2|Porygon2
|poke|p2|Reuniclus, M
|poke|p2|Cottonee, L2, F
|poke|p2|Honchkrow, M
|poke|p2|Feraligatr, F
|rule|Swagger Clause: Swagger is banned
|rule|Baton Pass Clause: Limit one PokÃ©mon knowing Baton Pass
|teampreview
|c|âlolsidkwhatimdoing|oh gods its the king ;_; have mercy your majesty
|join|X1243
|
|start
|switch|p1a: Rotom-Heat|Rotom-Heat|303\/303
|switch|p2a: Reuniclus|Reuniclus, M|424\/424
|turn|1
|
|switch|p2a: PU shitmon|Camerupt, M|344\/344
|move|p1a: Rotom-Heat|Volt Switch|p2a: PU shitmon
|-immune|p2a: PU shitmon|[msg]
|
|turn|2
|
|switch|p1a: Togekiss|Togekiss, F|374\/374
|detailschange|p2a: PU shitmon|Camerupt-Mega, M
|message|Camerupt has Mega Evolved into Mega Camerupt!
|move|p2a: PU shitmon|Stealth Rock|p1a: Togekiss
|-sidestart|p1: King UU|move: Stealth Rock
|
|turn|3
|
|move|p1a: Togekiss|Air Slash|p2a: PU shitmon
|-damage|p2a: PU shitmon|241\/344
|move|p2a: PU shitmon|Fire Blast|p1a: Togekiss
|-damage|p1a: Togekiss|178\/374
|
|-heal|p1a: Togekiss|201\/374|[from] item: Leftovers
|turn|4
|
|switch|p2a: Le balk duck|Porygon2|374\/374
|-ability|p2a: Le balk duck|Serene Grace|[from] ability: Trace|[of] p1a: Togekiss
|move|p1a: Togekiss|Wish|p1a: Togekiss
|
|-heal|p1a: Togekiss|224\/374|[from] item: Leftovers
|turn|5
|
|move|p1a: Togekiss|Thunder Wave|p2a: Le balk duck
|-status|p2a: Le balk duck|par
|move|p2a: Le balk duck|Trick Room|p2a: Le balk duck
|-fieldstart|move: Trick Room|[of] p2a: Le balk duck
|
|-heal|p1a: Togekiss|374\/374|[from] move: Wish|[wisher] Togekiss
|turn|6
|
|switch|p2a: Reuniclus|Reuniclus, M|424\/424
|move|p1a: Togekiss|Protect|p1a: Togekiss
|-fail|p1a: Togekiss
|
|turn|7
|
|move|p2a: Reuniclus|Psyshock|p1a: Togekiss
|-damage|p1a: Togekiss|163\/374
|move|p1a: Togekiss|Thunder Wave|p2a: Reuniclus
|-status|p2a: Reuniclus|par
|
|-heal|p1a: Togekiss|186\/374|[from] item: Leftovers
|turn|8
|c|âlolsidkwhatimdoing|uhh okay
|
|move|p1a: Togekiss|Protect|p1a: Togekiss
|-singleturn|p1a: Togekiss|Protect
|move|p2a: Reuniclus|Psyshock|p1a: Togekiss
|-activate|p1a: Togekiss|Protect
|
|-heal|p1a: Togekiss|209\/374|[from] item: Leftovers
|turn|9
|join|gobosox
|
|switch|p1a: Jirachi|Jirachi|341\/341
|-damage|p1a: Jirachi|320\/341|[from] Stealth Rock
|move|p2a: Reuniclus|Shadow Ball|p1a: Jirachi
|-supereffective|p1a: Jirachi
|-damage|p1a: Jirachi|73\/341
|
|-fieldend|move: Trick Room
|turn|10
|c| gobosox|i cu with the avatar change
|c|âlolsidkwhatimdoing|what the shit fuck that bulk
|
|switch|p2a: Le balk duck|Porygon2|374\/374 par
|-ability|p2a: Le balk duck|Serene Grace|[from] ability: Trace|[of] p1a: Jirachi
|move|p1a: Jirachi|Iron Head|p2a: Le balk duck
|-damage|p2a: Le balk duck|290\/374 par
|
|turn|11
|c| gobosox|king wants a custom avi
|c|âKing UU|?
|
|switch|p2a: Karen-fag|Feraligatr, F|374\/374
|move|p1a: Jirachi|Iron Head|p2a: Karen-fag
|-resisted|p2a: Karen-fag
|-damage|p2a: Karen-fag|316\/374
|
|turn|12
|c|âKing UU|oh
|c|âKing UU|it changed
|c|âKing UU|w0t
|c| gobosox|kek
|
|switch|p1a: Gallade|Gallade, M|277\/277
|-damage|p1a: Gallade|260\/277|[from] Stealth Rock
|move|p2a: Karen-fag|Swords Dance|p2a: Karen-fag
|-boost|p2a: Karen-fag|atk|2
|
|turn|13
|leave|gobosox
|
|detailschange|p1a: Gallade|Gallade-Mega, M
|message|Gallade has Mega Evolved into Mega Gallade!
|move|p2a: Karen-fag|Aqua Jet|p1a: Gallade
|-damage|p1a: Gallade|91\/277
|-damage|p2a: Karen-fag|279\/374|[from] item: Life Orb
|move|p1a: Gallade|Drain Punch|p2a: Karen-fag
|-damage|p2a: Karen-fag|116\/374
|-heal|p1a: Gallade|173\/277|[from] drain|[of] p2a: Karen-fag
|
|turn|14
|c|âlolsidkwhatimdoing|YUS
|c|âlolsidkwhatimdoing|thanks for the boost :^)
|
|move|p2a: Karen-fag|Aqua Jet|p1a: Gallade
|-damage|p1a: Gallade|0 fnt
|-damage|p2a: Karen-fag|79\/374|[from] item: Life Orb
|faint|p1a: Gallade
|
|
|switch|p1a: Jirachi|Jirachi|73\/341
|-damage|p1a: Jirachi|52\/341|[from] Stealth Rock
|turn|15
|
|switch|p1a: Tentacruel|Tentacruel, F|364\/364
|-damage|p1a: Tentacruel|319\/364|[from] Stealth Rock
|move|p2a: Karen-fag|Aqua Jet|p1a: Tentacruel
|-resisted|p1a: Tentacruel
|-damage|p1a: Tentacruel|186\/364
|-damage|p2a: Karen-fag|42\/374|[from] item: Life Orb
|
|-heal|p1a: Tentacruel|208\/364|[from] item: Black Sludge
|turn|16
|c|âlolsidkwhatimdoing|fu
|
|switch|p1a: Togekiss|Togekiss, F|209\/374
|-damage|p1a: Togekiss|116\/374|[from] Stealth Rock
|move|p2a: Karen-fag|Aqua Jet|p1a: Togekiss
|-damage|p1a: Togekiss|0 fnt
|-damage|p2a: Karen-fag|5\/374|[from] item: Life Orb
|faint|p1a: Togekiss
|
|c|âlolsidkwhatimdoing|expected rotom but whatever
|c|âlolsidkwhatimdoing|that works too
|
|switch|p1a: Tentacruel|Tentacruel, F|208\/364
|-damage|p1a: Tentacruel|163\/364|[from] Stealth Rock
|turn|17
|
|move|p1a: Tentacruel|Rapid Spin|p2a: Karen-fag
|-damage|p2a: Karen-fag|0 fnt
|-sideend|p1: King UU|Stealth Rock|[from] move: Rapid Spin|[of] p1a: Tentacruel
|faint|p2a: Karen-fag
|
|-heal|p1a: Tentacruel|185\/364|[from] item: Black Sludge
|
|switch|p2a: Reuniclus|Reuniclus, M|424\/424 par
|turn|18
|
|switch|p1a: Rotom-Heat|Rotom-Heat|303\/303
|move|p2a: Reuniclus|Trick Room|p2a: Reuniclus
|-fieldstart|move: Trick Room|[of] p2a: Reuniclus
|
|turn|19
|
|move|p2a: Reuniclus|Psyshock|p1a: Rotom-Heat
|-damage|p1a: Rotom-Heat|174\/303
|move|p1a: Rotom-Heat|Pain Split|p2a: Reuniclus
|-sethp|p2a: Reuniclus|299\/424 par|p1a: Rotom-Heat|299\/303|[from] move: Pain Split
|
|-heal|p1a: Rotom-Heat|303\/303|[from] item: Leftovers
|turn|20
|
|switch|p2a: PU shitmon|Camerupt-Mega, M|241\/344
|move|p1a: Rotom-Heat|Volt Switch|p2a: PU shitmon
|-immune|p2a: PU shitmon|[msg]
|
|turn|21
|
|move|p2a: PU shitmon|Fire Blast|p1a: Rotom-Heat
|-resisted|p1a: Rotom-Heat
|-damage|p1a: Rotom-Heat|167\/303
|move|p1a: Rotom-Heat|Overheat|p2a: PU shitmon|[miss]
|-miss|p1a: Rotom-Heat|p2a: PU shitmon
|
|-heal|p1a: Rotom-Heat|185\/303|[from] item: Leftovers
|turn|22
|
|switch|p1a: Tentacruel|Tentacruel, F|185\/364
|move|p2a: PU shitmon|Fire Blast|p1a: Tentacruel
|-resisted|p1a: Tentacruel
|-damage|p1a: Tentacruel|56\/364
|
|-heal|p1a: Tentacruel|78\/364|[from] item: Black Sludge
|-fieldend|move: Trick Room
|turn|23
|
|switch|p2a: Le balk duck|Porygon2|290\/374 par
|-ability|p2a: Le balk duck|Liquid Ooze|[from] ability: Trace|[of] p1a: Tentacruel
|move|p1a: Tentacruel|Scald|p2a: Le balk duck
|-damage|p2a: Le balk duck|250\/374 par
|
|-heal|p1a: Tentacruel|100\/364|[from] item: Black Sludge
|turn|24
|
|move|p1a: Tentacruel|Acid Spray|p2a: Le balk duck
|-damage|p2a: Le balk duck|231\/374 par
|-unboost|p2a: Le balk duck|spd|2
|cant|p2a: Le balk duck|par
|
|-heal|p1a: Tentacruel|122\/364|[from] item: Black Sludge
|turn|25
|c|âlolsidkwhatimdoing|really
|
|move|p1a: Tentacruel|Acid Spray|p2a: Le balk duck
|-damage|p2a: Le balk duck|194\/374 par
|-unboost|p2a: Le balk duck|spd|2
|cant|p2a: Le balk duck|par
|
|-heal|p1a: Tentacruel|144\/364|[from] item: Black Sludge
|turn|26
|c|âlolsidkwhatimdoing|fucking really
|
|move|p1a: Tentacruel|Scald|p2a: Le balk duck
|-damage|p2a: Le balk duck|77\/374 par
|move|p2a: Le balk duck|Trick Room|p2a: Le balk duck
|-fieldstart|move: Trick Room|[of] p2a: Le balk duck
|
|-heal|p1a: Tentacruel|166\/364|[from] item: Black Sludge
|turn|27
|
|move|p2a: Le balk duck|Thunderbolt|p1a: Tentacruel
|-supereffective|p1a: Tentacruel
|-damage|p1a: Tentacruel|34\/364
|move|p1a: Tentacruel|Scald|p2a: Le balk duck
|-damage|p2a: Le balk duck|0 fnt
|faint|p2a: Le balk duck
|
|-heal|p1a: Tentacruel|56\/364|[from] item: Black Sludge
|c|âlolsidkwhatimdoing|fuck that para
|
|switch|p2a: Reuniclus|Reuniclus, M|299\/424 par
|turn|28
|
|cant|p2a: Reuniclus|par
|move|p1a: Tentacruel|Acid Spray|p2a: Reuniclus
|-damage|p2a: Reuniclus|251\/424 par
|-unboost|p2a: Reuniclus|spd|2
|
|-heal|p1a: Tentacruel|78\/364|[from] item: Black Sludge
|turn|29
|c|âlolsidkwhatimdoing|***
|c|âlolsidkwhatimdoing|*********
|
|cant|p2a: Reuniclus|par
|move|p1a: Tentacruel|Acid Spray|p2a: Reuniclus
|-damage|p2a: Reuniclus|160\/424 par
|-unboost|p2a: Reuniclus|spd|2
|
|-heal|p1a: Tentacruel|100\/364|[from] item: Black Sludge
|turn|30
|
|switch|p1a: Rotom-Heat|Rotom-Heat|185\/303
|move|p2a: Reuniclus|Psyshock|p1a: Rotom-Heat
|-damage|p1a: Rotom-Heat|39\/303
|
|-heal|p1a: Rotom-Heat|57\/303|[from] item: Leftovers
|-fieldend|move: Trick Room
|turn|31
|
|move|p1a: Rotom-Heat|Overheat|p2a: Reuniclus
|-crit|p2a: Reuniclus
|-damage|p2a: Reuniclus|0 fnt
|-unboost|p1a: Rotom-Heat|spa|2
|faint|p2a: Reuniclus
|
|-heal|p1a: Rotom-Heat|75\/303|[from] item: Leftovers
|
|switch|p2a: Honchkrow|Honchkrow, M|341\/341
|turn|32
|
|move|p2a: Honchkrow|Pursuit|p1a: Rotom-Heat
|-damage|p1a: Rotom-Heat|11\/303
|-damage|p2a: Honchkrow|307\/341|[from] item: Life Orb
|move|p1a: Rotom-Heat|Will-O-Wisp|p2a: Honchkrow
|-status|p2a: Honchkrow|brn
|
|-heal|p1a: Rotom-Heat|29\/303|[from] item: Leftovers
|-damage|p2a: Honchkrow|265\/341 brn|[from] brn
|turn|33
|
|move|p2a: Honchkrow|Pursuit|p1a: Rotom-Heat|[from]Pursuit
|-damage|p1a: Rotom-Heat|0 fnt
|-damage|p2a: Honchkrow|231\/341 brn|[from] item: Life Orb
|faint|p1a: Rotom-Heat
|-boost|p2a: Honchkrow|atk|1|[from] ability: Moxie
|
|-damage|p2a: Honchkrow|189\/341 brn|[from] brn
|
|switch|p1a: Zygarde|Zygarde|405\/405
|-ability|p1a: Zygarde|Aura Break
|turn|34
|c|âlolsidkwhatimdoing|>min max and para all day
|c|âlolsidkwhatimdoing|fml
|
|move|p2a: Honchkrow|Brave Bird|p1a: Zygarde
|-damage|p1a: Zygarde|245\/405
|-damage|p2a: Honchkrow|136\/341 brn|[from] recoil|[of] p1a: Zygarde
|-damage|p2a: Honchkrow|102\/341 brn|[from] item: Life Orb
|move|p1a: Zygarde|Substitute|p1a: Zygarde
|-start|p1a: Zygarde|Substitute
|-damage|p1a: Zygarde|144\/405
|
|-heal|p1a: Zygarde|169\/405|[from] item: Leftovers
|-damage|p2a: Honchkrow|60\/341 brn|[from] brn
|turn|35
|
|move|p2a: Honchkrow|Brave Bird|p1a: Zygarde
|-end|p1a: Zygarde|Substitute
|-damage|p2a: Honchkrow|27\/341 brn|[from] recoil|[of] p1a: Zygarde
|-damage|p2a: Honchkrow|0 fnt|[from] item: Life Orb
|faint|p2a: Honchkrow
|move|p1a: Zygarde|Coil|p1a: Zygarde
|-boost|p1a: Zygarde|atk|1
|-boost|p1a: Zygarde|def|1
|-boost|p1a: Zygarde|accuracy|1
|
|-heal|p1a: Zygarde|194\/405|[from] item: Leftovers
|
|switch|p2a: Keknee|Cottonee, L2, F|15\/15
|turn|36
|
|move|p2a: Keknee|Leech Seed|p1a: Zygarde
|-start|p1a: Zygarde|move: Leech Seed
|move|p1a: Zygarde|Stone Edge|p2a: Keknee
|-enditem|p2a: Keknee|Focus Sash
|-damage|p2a: Keknee|1\/15
|
|-heal|p1a: Zygarde|219\/405|[from] item: Leftovers
|-damage|p1a: Zygarde|169\/405|[from] Leech Seed|[of] p2a: Keknee
|-heal|p2a: Keknee|15\/15|[silent]
|turn|37
|
|switch|p1a: Tentacruel|Tentacruel, F|100\/364
|move|p2a: Keknee|Substitute|p2a: Keknee
|-start|p2a: Keknee|Substitute
|-damage|p2a: Keknee|12\/15
|
|-heal|p1a: Tentacruel|122\/364|[from] item: Black Sludge
|turn|38
|
|move|p2a: Keknee|Leech Seed|p1a: Tentacruel
|-start|p1a: Tentacruel|move: Leech Seed
|move|p1a: Tentacruel|Acid Spray|p2a: Keknee
|-supereffective|p2a: Keknee
|-end|p2a: Keknee|Substitute
|
|-heal|p1a: Tentacruel|144\/364|[from] item: Black Sludge
|-damage|p1a: Tentacruel|99\/364|[from] Leech Seed|[of] p2a: Keknee
|-damage|p2a: Keknee|0 fnt|[from] ability: Liquid Ooze|[of] p1a: Tentacruel
|faint|p2a: Keknee
|c|âlolsidkwhatimdoing|LEl
|
|switch|p2a: PU shitmon|Camerupt-Mega, M|241\/344
|turn|39
|
|move|p1a: Tentacruel|Scald|p2a: PU shitmon
|-supereffective|p2a: PU shitmon
|-damage|p2a: PU shitmon|0 fnt
|faint|p2a: PU shitmon
|
|win|King UU
|raw|Ladder updating...
|c|âlolsidkwhatimdoing|gg
|c|âKing UU|geegee
|c|âlolsidkwhatimdoing|para op
|leave|King UU
|player|p1