|join|Specs Cranidos
|join|lolsidkwhatimdoing
|player|p1|Specs Cranidos|54
|player|p2|lolsidkwhatimdoing|183
|gametype|singles
|gen|6
|tier|UU
|rated
|rule|Sleep Clause Mod: Limit one foe put to sleep
|rule|Species Clause: Limit one of each PokÃ©mon
|rule|OHKO Clause: OHKO moves are banned
|rule|Moody Clause: Moody is banned
|rule|Evasion Moves Clause: Evasion moves are banned
|rule|Endless Battle Clause: Forcing endless battles is banned
|rule|HP Percentage Mod: HP is shown in percentages
|clearpoke
|poke|p1|Forretress, M
|poke|p1|Lopunny, F
|poke|p1|Yanmega, M
|poke|p1|Rhyperior, M
|poke|p1|Shaymin
|poke|p1|Chandelure, F
|poke|p2|Feraligatr, F
|poke|p2|Aggron, F
|poke|p2|Chandelure, M
|poke|p2|Tornadus, M
|poke|p2|Chesnaught, F
|poke|p2|Nidoking, M
|rule|Swagger Clause: Swagger is banned
|rule|Baton Pass Clause: Limit one PokÃ©mon knowing Baton Pass
|teampreview
|c|âSpecs Cranidos|glhf
|c|âlolsidkwhatimdoing|gll
|
|start
|switch|p1a: Lopunny|Lopunny, F|271\/271
|switch|p2a: Tornadus|Tornadus, M|300\/300
|turn|1
|
|switch|p2a: Chesnaught|Chesnaught, F|380\/380
|detailschange|p1a: Lopunny|Lopunny-Mega, F
|message|Lopunny has Mega Evolved into Mega Lopunny!
|move|p1a: Lopunny|Fake Out|p2a: Chesnaught
|-crit|p2a: Chesnaught
|-damage|p2a: Chesnaught|314\/380
|-damage|p1a: Lopunny|226\/271|[from] item: Rocky Helmet|[of] p2a: Chesnaught
|
|turn|2
|c|âlolsidkwhatimdoing|dat crit
|
|switch|p1a: Forretress|Forretress, M|354\/354
|move|p2a: Chesnaught|Spikes|p1a: Forretress
|-sidestart|p1: Specs Cranidos|Spikes
|
|turn|3
|
|switch|p2a: Chandelure|Chandelure, M|323\/323
|move|p1a: Forretress|Stealth Rock|p2a: Chandelure
|-sidestart|p2: lolsidkwhatimdoing|move: Stealth Rock
|
|turn|4
|
|switch|p1a: Chandelure|Chandelure, F|261\/261
|-damage|p1a: Chandelure|229\/261|[from] Spikes
|move|p2a: Chandelure|Substitute|p2a: Chandelure
|-start|p2a: Chandelure|Substitute
|-damage|p2a: Chandelure|243\/323
|
|-heal|p2a: Chandelure|263\/323|[from] item: Leftovers
|turn|5
|
|move|p1a: Chandelure|Shadow Ball|p2a: Chandelure
|-supereffective|p2a: Chandelure
|-end|p2a: Chandelure|Substitute
|move|p2a: Chandelure|Shadow Ball|p1a: Chandelure
|-supereffective|p1a: Chandelure
|-damage|p1a: Chandelure|0 fnt
|faint|p1a: Chandelure
|
|-heal|p2a: Chandelure|283\/323|[from] item: Leftovers
|
|switch|p1a: Lopunny|Lopunny-Mega, F|226\/271
|-damage|p1a: Lopunny|193\/271|[from] Spikes
|turn|6
|
|switch|p1a: Forretress|Forretress, M|354\/354
|-damage|p1a: Forretress|310\/354|[from] Spikes
|move|p2a: Chandelure|Fire Blast|p1a: Forretress
|-supereffective|p1a: Forretress
|-damage|p1a: Forretress|0 fnt
|faint|p1a: Forretress
|
|-heal|p2a: Chandelure|303\/323|[from] item: Leftovers
|c|âSpecs Cranidos|shit
|c|âlolsidkwhatimdoing|kek
|
|switch|p1a: Lopunny|Lopunny-Mega, F|193\/271
|-damage|p1a: Lopunny|160\/271|[from] Spikes
|turn|7
|
|switch|p2a: Chesnaught|Chesnaught, F|314\/380
|-damage|p2a: Chesnaught|291\/380|[from] Stealth Rock
|move|p1a: Lopunny|High Jump Kick|p2a: Chesnaught
|-damage|p2a: Chesnaught|138\/380
|-damage|p1a: Lopunny|115\/271|[from] item: Rocky Helmet|[of] p2a: Chesnaught
|
|turn|8
|c|âlolsidkwhatimdoing|fuck
|c|âlolsidkwhatimdoing|thought it did 35
|
|move|p2a: Chesnaught|Spiky Shield|p2a: Chesnaught
|-singleturn|p2a: Chesnaught|move: Protect
|move|p1a: Lopunny|High Jump Kick|p2a: Chesnaught
|-activate|p2a: Chesnaught|move: Protect
|-damage|p1a: Lopunny|82\/271|[from] Spiky Shield|[of] p2a: Chesnaught
|-damage|p1a: Lopunny|0 fnt|[from] highjumpkick
|faint|p1a: Lopunny
|
|c|âSpecs Cranidos|im not gonna win this
|c|âSpecs Cranidos|playing terrible
|c|âSpecs Cranidos|gg
|c|âlolsidkwhatimdoing|gg
|-message|Specs Cranidos forfeited.
|
|win|lolsidkwhatimdoing
|raw|Ladder updating...
|leave|Specs Cranidos
|player|p1
|raw|Specs Cranidos's rating: 1434 &rarr; <strong>1407<\/strong><br \/>(-27 for losing)
|raw|lolsidkwhatimdoing's rating: 1314 &rarr; <strong>1341<\/strong><br \/>(+27 for winning)