|join|BetaCallNurseJoy
|join|lolsidkwhatimdoing
|player|p1|BetaCallNurseJoy|255
|player|p2|lolsidkwhatimdoing|183
|gametype|singles
|gen|6
|tier|UU
|rated
|rule|Sleep Clause Mod: Limit one foe put to sleep
|rule|Species Clause: Limit one of each PokÃ©mon
|rule|OHKO Clause: OHKO moves are banned
|rule|Moody Clause: Moody is banned
|rule|Evasion Moves Clause: Evasion moves are banned
|rule|Endless Battle Clause: Forcing endless battles is banned
|rule|HP Percentage Mod: HP is shown in percentages
|clearpoke
|poke|p1|Diancie
|poke|p1|Mienshao, F
|poke|p1|Raikou
|poke|p1|Hippowdon, F
|poke|p1|Meloetta
|poke|p1|Porygon-Z
|poke|p2|Feraligatr, M
|poke|p2|Aggron, F
|poke|p2|Chandelure, F
|poke|p2|Tornadus, M
|poke|p2|Chesnaught, F
|poke|p2|Nidoking, M
|rule|Swagger Clause: Swagger is banned
|rule|Baton Pass Clause: Limit one PokÃ©mon knowing Baton Pass
|teampreview
|
|start
|switch|p1a: Porygon-Z|Porygon-Z|311\/311
|switch|p2a: Chesnaught|Chesnaught, F|380\/380
|-boost|p1a: Porygon-Z|spa|1|[from] ability: Download
|turn|1
|
|move|p2a: Chesnaught|Spiky Shield|p2a: Chesnaught
|-singleturn|p2a: Chesnaught|move: Protect
|move|p1a: Porygon-Z|Ice Beam|p2a: Chesnaught
|-activate|p2a: Chesnaught|move: Protect
|
|turn|2
|
|switch|p2a: Chandelure|Chandelure, F|323\/323
|move|p1a: Porygon-Z|Ice Beam|p2a: Chandelure
|-crit|p2a: Chandelure
|-resisted|p2a: Chandelure
|-damage|p2a: Chandelure|194\/323
|
|-heal|p2a: Chandelure|214\/323|[from] item: Leftovers
|turn|3
|c|âlolsidkwhatimdoing|fuck that crit
|
|switch|p1a: Diancie|Diancie|304\/304
|move|p2a: Chandelure|Substitute|p2a: Chandelure
|-start|p2a: Chandelure|Substitute
|-damage|p2a: Chandelure|134\/323
|
|-heal|p2a: Chandelure|154\/323|[from] item: Leftovers
|turn|4
|
|move|p2a: Chandelure|Shadow Ball|p1a: Diancie
|-damage|p1a: Diancie|220\/304
|move|p1a: Diancie|Diamond Storm|p2a: Chandelure
|-supereffective|p2a: Chandelure
|-end|p2a: Chandelure|Substitute
|-boost|p1a: Diancie|def|1
|
|-heal|p2a: Chandelure|174\/323|[from] item: Leftovers
|-heal|p1a: Diancie|239\/304|[from] item: Leftovers
|turn|5
|
|switch|p2a: Chesnaught|Chesnaught, F|380\/380
|move|p1a: Diancie|Stealth Rock|p2a: Chesnaught
|-sidestart|p2: lolsidkwhatimdoing|move: Stealth Rock
|
|-heal|p1a: Diancie|258\/304|[from] item: Leftovers
|turn|6
|
|switch|p1a: Porygon-Z|Porygon-Z|311\/311
|-boost|p1a: Porygon-Z|spa|1|[from] ability: Download
|move|p2a: Chesnaught|Spikes|p1a: Porygon-Z
|-sidestart|p1: BetaCallNurseJoy|Spikes
|
|turn|7
|
|move|p2a: Chesnaught|Spiky Shield|p2a: Chesnaught
|-singleturn|p2a: Chesnaught|move: Protect
|move|p1a: Porygon-Z|Ice Beam|p2a: Chesnaught
|-activate|p2a: Chesnaught|move: Protect
|
|turn|8
|
|switch|p2a: Aggron|Aggron, F|344\/344
|-damage|p2a: Aggron|323\/344|[from] Stealth Rock
|move|p1a: Porygon-Z|Dark Pulse|p2a: Aggron
|-damage|p2a: Aggron|183\/344
|
|turn|9
|
|detailschange|p2a: Aggron|Aggron-Mega, F
|message|Aggron has Mega Evolved into Mega Aggron!
|move|p1a: Porygon-Z|Thunderbolt|p2a: Aggron
|-damage|p2a: Aggron|52\/344
|move|p2a: Aggron|Heavy Slam|p1a: Porygon-Z
|-damage|p1a: Porygon-Z|61\/311
|
|turn|10
|
|move|p1a: Porygon-Z|Dark Pulse|p2a: Aggron
|-damage|p2a: Aggron|0 fnt
|faint|p2a: Aggron
|
|
|switch|p2a: Tornadus|Tornadus, M|300\/300
|-damage|p2a: Tornadus|225\/300|[from] Stealth Rock
|turn|11
|
|move|p2a: Tornadus|Acrobatics|p1a: Porygon-Z
|-damage|p1a: Porygon-Z|0 fnt
|faint|p1a: Porygon-Z
|
|
|switch|p1a: Raikou|Raikou|322\/322
|-damage|p1a: Raikou|282\/322|[from] Spikes
|-ability|p1a: Raikou|Pressure
|turn|12
|
|move|p1a: Raikou|Hidden Power|p2a: Tornadus
|-supereffective|p2a: Tornadus
|-damage|p2a: Tornadus|0 fnt
|faint|p2a: Tornadus
|
|c|âlolsidkwhatimdoing|!data raikou
|c|~|\/data-pokemon Raikou

|c|âlolsidkwhatimdoing|oh speed tie
|
|switch|p2a: Chandelure|Chandelure, F|174\/323
|-damage|p2a: Chandelure|94\/323|[from] Stealth Rock
|turn|13
|
|switch|p1a: Meloetta|Meloetta|404\/404
|-damage|p1a: Meloetta|354\/404|[from] Spikes
|move|p2a: Chandelure|Calm Mind|p2a: Chandelure
|-boost|p2a: Chandelure|spa|1
|-boost|p2a: Chandelure|spd|1
|
|-heal|p2a: Chandelure|114\/323|[from] item: Leftovers
|turn|14
|
|move|p1a: Meloetta|Psyshock|p2a: Chandelure
|-damage|p2a: Chandelure|0 fnt
|faint|p2a: Chandelure
|
|
|switch|p2a: Karen-fag|Feraligatr, M|360\/360
|-damage|p2a: Karen-fag|315\/360|[from] Stealth Rock
|turn|15
|
|switch|p1a: Hippowdon|Hippowdon, F|420\/420
|-damage|p1a: Hippowdon|368\/420|[from] Spikes
|-weather|Sandstorm
|move|p2a: Karen-fag|Swords Dance|p2a: Karen-fag
|-boost|p2a: Karen-fag|atk|2
|
|-weather|Sandstorm|[upkeep]
|-damage|p2a: Karen-fag|293\/360|[from] sandstorm
|-heal|p1a: Hippowdon|394\/420|[from] item: Leftovers
|turn|16
|
|move|p2a: Karen-fag|Ice Punch|p1a: Hippowdon
|-supereffective|p1a: Hippowdon
|-damage|p1a: Hippowdon|98\/420
|-damage|p2a: Karen-fag|257\/360|[from] item: Life Orb
|move|p1a: Hippowdon|Roar|p2a: Karen-fag
|drag|p2a: Smogon-fag|Nidoking, M|304\/304
|-damage|p2a: Smogon-fag|285\/304|[from] Stealth Rock
|
|-weather|Sandstorm|[upkeep]
|-heal|p1a: Hippowdon|124\/420|[from] item: Leftovers
|turn|17
|
|move|p2a: Smogon-fag|Earth Power|p1a: Hippowdon
|-damage|p1a: Hippowdon|0 fnt
|faint|p1a: Hippowdon
|
|-weather|Sandstorm|[upkeep]
|
|switch|p1a: Meloetta|Meloetta|354\/404
|-damage|p1a: Meloetta|304\/404|[from] Spikes
|turn|18
|
|move|p2a: Smogon-fag|Sludge Wave|p1a: Meloetta
|-damage|p1a: Meloetta|209\/404
|move|p1a: Meloetta|Psyshock|p2a: Smogon-fag
|-supereffective|p2a: Smogon-fag
|-damage|p2a: Smogon-fag|0 fnt
|faint|p2a: Smogon-fag
|
|-weather|Sandstorm|[upkeep]
|-damage|p1a: Meloetta|184\/404|[from] sandstorm
|
|switch|p2a: Chesnaught|Chesnaught, F|380\/380
|-damage|p2a: Chesnaught|357\/380|[from] Stealth Rock
|turn|19
|
|move|p1a: Meloetta|Psyshock|p2a: Chesnaught
|-supereffective|p2a: Chesnaught
|-damage|p2a: Chesnaught|207\/380
|move|p2a: Chesnaught|Wood Hammer|p1a: Meloetta
|-damage|p1a: Meloetta|0 fnt
|-damage|p2a: Chesnaught|146\/380|[from] recoil|[of] p1a: Meloetta
|faint|p1a: Meloetta
|
|-weather|none
|
|switch|p1a: Raikou|Raikou|282\/322
|-damage|p1a: Raikou|242\/322|[from] Spikes
|-ability|p1a: Raikou|Pressure
|turn|20
|
|move|p2a: Chesnaught|Spiky Shield|p2a: Chesnaught
|-singleturn|p2a: Chesnaught|move: Protect
|move|p1a: Raikou|Volt Switch|p2a: Chesnaught
|-activate|p2a: Chesnaught|move: Protect
|
|turn|21
|
|move|p1a: Raikou|Volt Switch|p2a: Chesnaught
|-resisted|p2a: Chesnaught
|-damage|p2a: Chesnaught|44\/380
|
|switch|p1a: Diancie|Diancie|258\/304
|-damage|p1a: Diancie|220\/304|[from] Spikes
|move|p2a: Chesnaught|Wood Hammer|p1a: Diancie
|-supereffective|p1a: Diancie
|-damage|p1a: Diancie|2\/304
|-damage|p2a: Chesnaught|0 fnt|[from] recoil|[of] p1a: Diancie
|faint|p2a: Chesnaught
|
|-heal|p1a: Diancie|21\/304|[from] item: Leftovers
|
|switch|p2a: Karen-fag|Feraligatr, M|257\/360
|-damage|p2a: Karen-fag|212\/360|[from] Stealth Rock
|turn|22
|
|move|p2a: Karen-fag|Swords Dance|p2a: Karen-fag
|-boost|p2a: Karen-fag|atk|2
|move|p1a: Diancie|Toxic|p2a: Karen-fag
|-status|p2a: Karen-fag|tox
|
|-heal|p1a: Diancie|40\/304|[from] item: Leftovers
|-damage|p2a: Karen-fag|190\/360 tox|[from] psn
|turn|23
|
|move|p2a: Karen-fag|Aqua Jet|p1a: Diancie
|-supereffective|p1a: Diancie
|-damage|p1a: Diancie|0 fnt
|-damage|p2a: Karen-fag|154\/360 tox|[from] item: Life Orb
|faint|p1a: Diancie
|
|-damage|p2a: Karen-fag|110\/360 tox|[from] psn
|
|switch|p1a: Raikou|Raikou|242\/322
|-damage|p1a: Raikou|202\/322|[from] Spikes
|-ability|p1a: Raikou|Pressure
|turn|24
|c|âBetaCallNurseJoy|gg
|
|move|p2a: Karen-fag|Aqua Jet|p1a: Raikou
|-damage|p1a: Raikou|0 fnt
|-damage|p2a: Karen-fag|74\/360 tox|[from] item: Life Orb
|faint|p1a: Raikou
|
|-damage|p2a: Karen-fag|8\/360 tox|[from] psn
|
|switch|p1a: Mienshao|Mienshao, F|271\/271
|-damage|p1a: Mienshao|238\/271|[from] Spikes
|turn|25
|c|âlolsidkwhatimdoing|gg
|
|move|p2a: Karen-fag|Aqua Jet|p1a: Mienshao
|-damage|p1a: Mienshao|0 fnt
|-damage|p2a: Karen-fag|0 fnt|[from] item: Life Orb
|faint|p1a: Mienshao
|faint|p2a: Karen-fag
|
|win|lolsidkwhatimdoing
|raw|Ladder updating...
|raw|BetaCallNurseJoy's rating: 1345 &rarr; <strong>1327<\/strong><br \/>(-18 for losing)
|raw|lolsidkwhatimdoing's rating: 1387 &rarr; <strong>1404<\/strong><br \/>(+17 for winning)
|leave|BetaCallNurseJoy
|player|p1