|join|pokemonisfun
|join|lolsidkwhatimdoing
|player|p1|pokemonisfun|184
|player|p2|lolsidkwhatimdoing|183
|gametype|singles
|gen|6
|tier|UU
|rated
|rule|Sleep Clause Mod: Limit one foe put to sleep
|rule|Species Clause: Limit one of each PokÃ©mon
|rule|OHKO Clause: OHKO moves are banned
|rule|Moody Clause: Moody is banned
|rule|Evasion Moves Clause: Evasion moves are banned
|rule|Endless Battle Clause: Forcing endless battles is banned
|rule|HP Percentage Mod: HP is shown in percentages
|clearpoke
|poke|p1|Blissey, F
|poke|p1|Swampert, M
|poke|p1|Granbull, F
|poke|p1|Alomomola, M
|poke|p1|Crobat, M
|poke|p1|Celebi
|poke|p2|Jirachi
|poke|p2|Aerodactyl, M
|poke|p2|Gastrodon, F
|poke|p2|Cresselia, F
|poke|p2|Entei, shiny
|poke|p2|Serperior, F
|rule|Swagger Clause: Swagger is banned
|rule|Baton Pass Clause: Limit one PokÃ©mon knowing Baton Pass
|teampreview
|
|start
|switch|p1a: onion fairy god|Celebi|401\/401
|switch|p2a: Entei|Entei, shiny|385\/385
|-ability|p2a: Entei|Pressure
|turn|1
|
|switch|p1a: bubblsy bubbles|Swampert, M|404\/404
|move|p2a: Entei|Sacred Fire|p1a: bubblsy bubbles
|-resisted|p1a: bubblsy bubbles
|-damage|p1a: bubblsy bubbles|287\/404
|-damage|p2a: Entei|347\/385|[from] item: Life Orb
|
|turn|2
|
|switch|p2a: Gastrodon|Gastrodon, F|425\/425
|detailschange|p1a: bubblsy bubbles|Swampert-Mega, M
|-mega|p1a: bubblsy bubbles|Swampert|Swampertite
|move|p1a: bubblsy bubbles|Scald|p2a: Gastrodon
|-boost|p2a: Gastrodon|spa|1|[from] ability: Storm Drain
|
|turn|3
|
|switch|p1a: Mega Chansey|Blissey, F|651\/651
|move|p2a: Gastrodon|Scald|p1a: Mega Chansey
|-damage|p1a: Mega Chansey|567\/651
|
|-heal|p1a: Mega Chansey|607\/651|[from] item: Leftovers
|turn|4
|c|âlolsidkwhatimdoing|lol
|
|switch|p2a: Jirachi|Jirachi|404\/404
|move|p1a: Mega Chansey|Toxic|p2a: Jirachi
|-fail|p2a: Jirachi
|
|-heal|p1a: Mega Chansey|647\/651|[from] item: Leftovers
|turn|5
|
|switch|p1a: bubblsy bubbles|Swampert-Mega, M|287\/404
|move|p2a: Jirachi|Stealth Rock|p1a: bubblsy bubbles
|-sidestart|p1: pokemonisfun|move: Stealth Rock
|
|turn|6
|
|switch|p2a: Serperior|Serperior, F|291\/291
|move|p1a: bubblsy bubbles|Scald|p2a: Serperior
|-resisted|p2a: Serperior
|-damage|p2a: Serperior|249\/291
|
|turn|7
|
|switch|p1a: Mega Chansey|Blissey, F|647\/651
|-damage|p1a: Mega Chansey|566\/651|[from] Stealth Rock
|move|p2a: Serperior|Glare|p1a: Mega Chansey
|-status|p1a: Mega Chansey|par
|
|-heal|p1a: Mega Chansey|606\/651 par|[from] item: Leftovers
|turn|8
|
|switch|p2a: Jirachi|Jirachi|404\/404
|move|p1a: Mega Chansey|Seismic Toss|p2a: Jirachi
|-damage|p2a: Jirachi|304\/404
|
|-heal|p2a: Jirachi|329\/404|[from] item: Leftovers
|-heal|p1a: Mega Chansey|646\/651 par|[from] item: Leftovers
|turn|9
|
|switch|p1a: onion fairy god|Celebi|401\/401
|-damage|p1a: onion fairy god|351\/401|[from] Stealth Rock
|move|p2a: Jirachi|Body Slam|p1a: onion fairy god
|-damage|p1a: onion fairy god|306\/401
|-status|p1a: onion fairy god|par
|
|-heal|p2a: Jirachi|354\/404|[from] item: Leftovers
|-heal|p1a: onion fairy god|331\/401 par|[from] item: Leftovers
|turn|10
|c|âlolsidkwhatimdoing|fun begins
|
|move|p2a: Jirachi|Iron Head|p1a: onion fairy god
|-damage|p1a: onion fairy god|267\/401 par
|cant|p1a: onion fairy god|flinch
|
|-heal|p2a: Jirachi|379\/404|[from] item: Leftovers
|-heal|p1a: onion fairy god|292\/401 par|[from] item: Leftovers
|turn|11
|
|move|p2a: Jirachi|Iron Head|p1a: onion fairy god
|-damage|p1a: onion fairy god|228\/401 par
|cant|p1a: onion fairy god|flinch
|
|-heal|p2a: Jirachi|404\/404|[from] item: Leftovers
|-heal|p1a: onion fairy god|253\/401 par|[from] item: Leftovers
|turn|12
|
|switch|p2a: Entei|Entei, shiny|347\/385
|-ability|p2a: Entei|Pressure
|move|p1a: onion fairy god|Stealth Rock|p2a: Entei
|-sidestart|p2: lolsidkwhatimdoing|move: Stealth Rock
|
|-heal|p1a: onion fairy god|278\/401 par|[from] item: Leftovers
|turn|13
|
|switch|p1a: bubblsy bubbles|Swampert-Mega, M|287\/404
|-damage|p1a: bubblsy bubbles|262\/404|[from] Stealth Rock
|move|p2a: Entei|Sacred Fire|p1a: bubblsy bubbles
|-resisted|p1a: bubblsy bubbles
|-damage|p1a: bubblsy bubbles|149\/404
|-damage|p2a: Entei|309\/385|[from] item: Life Orb
|
|turn|14
|
|move|p2a: Entei|Sacred Fire|p1a: bubblsy bubbles
|-resisted|p1a: bubblsy bubbles
|-damage|p1a: bubblsy bubbles|49\/404
|-damage|p2a: Entei|271\/385|[from] item: Life Orb
|move|p1a: bubblsy bubbles|Rest|p1a: bubblsy bubbles
|-status|p1a: bubblsy bubbles|slp
|-heal|p1a: bubblsy bubbles|404\/404 slp|[silent]
|-status|p1a: bubblsy bubbles|slp|[from] move: Rest
|
|turn|15
|
|switch|p2a: Aerodactyl|Aerodactyl, M|301\/301
|-damage|p2a: Aerodactyl|226\/301|[from] Stealth Rock
|-ability|p2a: Aerodactyl|Pressure
|cant|p1a: bubblsy bubbles|slp
|move|p1a: bubblsy bubbles|Sleep Talk|p1a: bubblsy bubbles
|move|p1a: bubblsy bubbles|Scald|p2a: Aerodactyl|[from]Sleep Talk
|-supereffective|p2a: Aerodactyl
|-damage|p2a: Aerodactyl|0 fnt
|faint|p2a: Aerodactyl
|
|c|âlolsidkwhatimdoing|really
|-message|lolsidkwhatimdoing forfeited.
|
|win|pokemonisfun
|raw|Ladder updating...
|leave|lolsidkwhatimdoing
|player|p2