|join|lolsidkwhatimdoing
|join|Seek Wrath
|player|p1|lolsidkwhatimdoing|183
|player|p2|Seek Wrath|#coolstorybrobat
|gametype|singles
|gen|6
|tier|UU
|rated
|rule|Sleep Clause Mod: Limit one foe put to sleep
|rule|Species Clause: Limit one of each PokÃ©mon
|rule|OHKO Clause: OHKO moves are banned
|rule|Moody Clause: Moody is banned
|rule|Evasion Moves Clause: Evasion moves are banned
|rule|Endless Battle Clause: Forcing endless battles is banned
|rule|HP Percentage Mod: HP is shown in percentages
|clearpoke
|poke|p1|Porygon-Z
|poke|p1|Reuniclus, M
|poke|p1|Honchkrow, M
|poke|p1|Camerupt, F
|poke|p1|Feraligatr, F
|poke|p1|Chesnaught, M
|poke|p2|Porygon-Z
|poke|p2|Nidoqueen, F
|poke|p2|Aerodactyl, M
|poke|p2|Florges, F
|poke|p2|Suicune
|poke|p2|Cobalion
|rule|Swagger Clause: Swagger is banned
|rule|Baton Pass Clause: Limit one PokÃ©mon knowing Baton Pass
|teampreview
|
|start
|switch|p1a: Reuniclus|Reuniclus, M|423\/423
|switch|p2a: Porygon-Z|Porygon-Z|331\/331
|turn|1
|
|move|p2a: Porygon-Z|Shadow Ball|p1a: Reuniclus
|-supereffective|p1a: Reuniclus
|-damage|p1a: Reuniclus|181\/423
|move|p1a: Reuniclus|Trick Room|p1a: Reuniclus
|-fieldstart|move: Trick Room|[of] p1a: Reuniclus
|
|turn|2
|
|move|p1a: Reuniclus|Focus Blast|p2a: Porygon-Z
|-supereffective|p2a: Porygon-Z
|-damage|p2a: Porygon-Z|0 fnt
|faint|p2a: Porygon-Z
|
|c|âlolsidkwhatimdoing|you there?
|c|âSeek Wrath|Yeeee
|c|âlolsidkwhatimdoing|kay
|
|switch|p2a: Aerodactyl|Aerodactyl, M|311\/311
|turn|3
|
|detailschange|p2a: Aerodactyl|Aerodactyl-Mega, M
|-mega|p2a: Aerodactyl|Aerodactyl|Aerodactylite
|move|p1a: Reuniclus|Psyshock|p2a: Aerodactyl
|-damage|p2a: Aerodactyl|72\/311
|move|p2a: Aerodactyl|Stone Edge|p1a: Reuniclus
|-damage|p1a: Reuniclus|0 fnt
|faint|p1a: Reuniclus
|
|
|switch|p1a: Honchkrow|Honchkrow, M|404\/404
|turn|4
|
|move|p1a: Honchkrow|Pursuit|p2a: Aerodactyl
|-damage|p2a: Aerodactyl|0 fnt
|-damage|p1a: Honchkrow|364\/404|[from] item: Life Orb
|faint|p2a: Aerodactyl
|-boost|p1a: Honchkrow|atk|1|[from] ability: Moxie
|
|
|switch|p2a: Nidoqueen|Nidoqueen, F|331\/331
|turn|5
|c|âlolsidkwhatimdoing|I swear to god if I see another randomly sashed nido I will rq
|
|move|p1a: Honchkrow|Brave Bird|p2a: Nidoqueen
|-damage|p2a: Nidoqueen|0 fnt
|-damage|p1a: Honchkrow|255\/404|[from] recoil|[of] p2a: Nidoqueen
|-damage|p1a: Honchkrow|215\/404|[from] item: Life Orb
|faint|p2a: Nidoqueen
|-boost|p1a: Honchkrow|atk|1|[from] ability: Moxie
|
|-fieldend|move: Trick Room
|
|switch|p2a: Cobalion|Cobalion|323\/323
|turn|6
|
|move|p2a: Cobalion|Close Combat|p1a: Honchkrow
|-damage|p1a: Honchkrow|0 fnt
|-unboost|p2a: Cobalion|def|1
|-unboost|p2a: Cobalion|spd|1
|faint|p1a: Honchkrow
|
|
|switch|p1a: Camerupt|Camerupt, F|343\/343
|turn|7
|
|switch|p2a: Suicune|Suicune|403\/403
|-ability|p2a: Suicune|Pressure
|detailschange|p1a: Camerupt|Camerupt-Mega, F
|-mega|p1a: Camerupt|Camerupt|Cameruptite
|move|p1a: Camerupt|Earth Power|p2a: Suicune
|-damage|p2a: Suicune|201\/403
|
|-heal|p2a: Suicune|226\/403|[from] item: Leftovers
|turn|8
|
|switch|p1a: Chesnaught|Chesnaught, M|320\/320
|move|p2a: Suicune|Scald|p1a: Chesnaught
|-resisted|p1a: Chesnaught
|-damage|p1a: Chesnaught|266\/320
|-status|p1a: Chesnaught|brn
|
|-heal|p2a: Suicune|251\/403|[from] item: Leftovers
|-damage|p1a: Chesnaught|226\/320 brn|[from] brn
|turn|9
|c|âlolsidkwhatimdoing|fug
|
|switch|p2a: Florges|Florges, F|360\/360
|move|p1a: Chesnaught|Belly Drum|p1a: Chesnaught
|-damage|p1a: Chesnaught|66\/320 brn
|-setboost|p1a: Chesnaught|atk|6|[from] move: Belly Drum
|-enditem|p1a: Chesnaught|Salac Berry|[eat]
|-boost|p1a: Chesnaught|spe|1|[from] item: Salac Berry
|
|-damage|p1a: Chesnaught|26\/320 brn|[from] brn
|turn|10
|c|âSeek Wrath|lol bruh
|c|âSeek Wrath|Innovation on 300
|c|âSeek Wrath|Dang
|
|move|p2a: Florges|Protect|p2a: Florges
|-singleturn|p2a: Florges|Protect
|move|p1a: Chesnaught|Seed Bomb|p2a: Florges
|-activate|p2a: Florges|Protect
|
|-damage|p1a: Chesnaught|0 fnt|[from] brn
|faint|p1a: Chesnaught
|c|âlolsidkwhatimdoing|dat damn fucking 30%
|c|âlolsidkwhatimdoing|completely screwed over my rythm
|c|âSeek Wrath|Why would you risk bringing it in on Suicune
|c|âSeek Wrath|You could have set up on Coba
|c|âlolsidkwhatimdoing|it doesnt live double cc
|c|âSeek Wrath|Most people are gonna assume it's defensive
|c|âlolsidkwhatimdoing|also not going to take the chance you donk the seeds\/spiky
|c|âlolsidkwhatimdoing|too risky
|
|switch|p1a: Karenfag|Feraligatr, F|329\/329
|turn|11
|c|âlolsidkwhatimdoing|playing le 70% was safer
|
|move|p1a: Karenfag|Swords Dance|p1a: Karenfag
|-boost|p1a: Karenfag|atk|2
|move|p2a: Florges|Moonblast|p1a: Karenfag
|-damage|p1a: Karenfag|185\/329
|-unboost|p1a: Karenfag|spa|1
|
|turn|12
|
|move|p1a: Karenfag|Swords Dance|p1a: Karenfag
|-boost|p1a: Karenfag|atk|2
|move|p2a: Florges|Moonblast|p1a: Karenfag
|-damage|p1a: Karenfag|52\/329
|
|turn|13
|c|âlolsidkwhatimdoing|okay time to see that torrent boosted damage
|c|âSeek Wrath|I think you're gonna be disappointed
|c|âlolsidkwhatimdoing|read the nickname
|c|âlolsidkwhatimdoing|welp time to see if jet kos
|c|âSeek Wrath|What's that got to do with anything
|c|âSeek Wrath|the nickname
|
|move|p1a: Karenfag|Earthquake|p2a: Florges
|-damage|p2a: Florges|0 fnt
|-damage|p1a: Karenfag|20\/329|[from] item: Life Orb
|faint|p2a: Florges
|
|
|switch|p2a: Cobalion|Cobalion|323\/323
|turn|14
|
|move|p1a: Karenfag|Aqua Jet|p2a: Cobalion
|-damage|p2a: Cobalion|3\/323
|-damage|p1a: Karenfag|0 fnt|[from] item: Life Orb
|faint|p1a: Karenfag
|move|p2a: Cobalion|Iron Head|p1: Karenfag|[notarget]
|-notarget
|
|-heal|p2a: Cobalion|23\/323|[from] item: Leftovers
|c|âlolsidkwhatimdoing|Dat hidden sash lel
|
|switch|p1a: Camerupt|Camerupt-Mega, F|343\/343
|turn|15
|join|Repeater1947
|leave|Repeater1947
|
|switch|p2a: Suicune|Suicune|251\/403
|-ability|p2a: Suicune|Pressure
|move|p1a: Camerupt|Earth Power|p2a: Suicune
|-damage|p2a: Suicune|25\/403
|
|-heal|p2a: Suicune|50\/403|[from] item: Leftovers
|turn|16
|
|move|p2a: Suicune|Scald|p1a: Camerupt
|-supereffective|p1a: Camerupt
|-damage|p1a: Camerupt|19\/343
|move|p1a: Camerupt|Earth Power|p2a: Suicune
|-damage|p2a: Suicune|0 fnt
|faint|p2a: Suicune
|
|
|switch|p2a: Cobalion|Cobalion|23\/323
|turn|17
|c|âSeek Wrath|I hope you aren't running some random scarf P-Z
|c|âlolsidkwhatimdoing|fug why do I try to donk double switches
|c|âlolsidkwhatimdoing|why
|c|âlolsidkwhatimdoing|god why
|c|âSeek Wrath|tbh I was really contemplating the double switch
|c|âSeek Wrath|But then I was like "Nah"
|c|âlolsidkwhatimdoing|lel
|c|âSeek Wrath|This game was a literal 50\/50
|c|âlolsidkwhatimdoing|I know
|
|move|p2a: Cobalion|Close Combat|p1a: Camerupt
|-damage|p1a: Camerupt|0 fnt
|-unboost|p2a: Cobalion|def|1
|-unboost|p2a: Cobalion|spd|1
|faint|p1a: Camerupt
|
|-heal|p2a: Cobalion|43\/323|[from] item: Leftovers
|c|âlolsidkwhatimdoing|and gg I lose
|c|âSeek Wrath|gg brah
|c|âlolsidkwhatimdoing|I wish I was scarf right about now ;_;
|
|switch|p1a: Porygon-Z|Porygon-Z|311\/311
|turn|18
|c|âSeek Wrath|inb4 it was actually Scarf the whole time
|c|âlolsidkwhatimdoing|nope
|
|move|p2a: Cobalion|Close Combat|p1a: Porygon-Z
|-supereffective|p1a: Porygon-Z
|-damage|p1a: Porygon-Z|0 fnt
|-unboost|p2a: Cobalion|def|1
|-unboost|p2a: Cobalion|spd|1
|faint|p1a: Porygon-Z
|
|win|Seek Wrath
|raw|Ladder updating...
|raw|lolsidkwhatimdoing's rating: 1288 &rarr; <strong>1261<\/strong><br \/>(-27 for losing)
|raw|Seek Wrath's rating: 1263 &rarr; <strong>1289<\/strong><br \/>(+26 for winning)
|leave|lolsidkwhatimdoing
|player|p1