|join|looiiyut
|join|Robo-Ky
|player|p1|looiiyut|210
|player|p2|Robo-Ky|10
|gametype|singles
|gen|6
|tier|OU
|rated
|clearpoke
|poke|p1|Heracross, F
|poke|p1|Sylveon, M
|poke|p1|Heatran, F
|poke|p1|Mew
|poke|p1|Azumarill, F
|poke|p1|Zapdos
|poke|p2|Omastar, F, shiny
|poke|p2|Thundurus, M
|poke|p2|Kingdra, F, shiny
|poke|p2|Breloom, M
|poke|p2|Politoed, F
|poke|p2|Scizor, M
|rule|Swagger Clause: Swagger is banned
|rule|Baton Pass Clause: Limit one PokÃ©mon knowing Baton Pass
|rule|Sleep Clause Mod: Limit one foe put to sleep
|rule|Species Clause: Limit one of each PokÃ©mon
|rule|OHKO Clause: OHKO moves are banned
|rule|Moody Clause: Moody is banned
|rule|Evasion Moves Clause: Evasion moves are banned
|rule|Endless Battle Clause: Forcing endless battles is banned
|rule|HP Percentage Mod: HP is shown in percentages
|teampreview
|
|start
|switch|p1a: Heracross|Heracross, F|309\/309
|switch|p2a: Thundurus|Thundurus, M|335\/335
|turn|1
|
|switch|p2a: Breloom|Breloom, M|264\/264
|switch|p1a: Sylveon|Sylveon, M|393\/393
|
|-status|p2a: Breloom|tox|[from] item: Toxic Orb
|turn|2
|
|switch|p2a: Politoed|Politoed, F|383\/383
|-weather|RainDance
|move|p1a: Sylveon|Hyper Voice|p2a: Politoed
|-damage|p2a: Politoed|274\/383
|
|-weather|RainDance|[upkeep]
|turn|3
|
|move|p1a: Sylveon|Protect|p1a: Sylveon
|-singleturn|p1a: Sylveon|Protect
|move|p2a: Politoed|Scald|p1a: Sylveon
|-activate|p1a: Sylveon|Protect
|
|-weather|RainDance|[upkeep]
|turn|4
|
|move|p2a: Politoed|Scald|p1a: Sylveon
|-crit|p1a: Sylveon
|-damage|p1a: Sylveon|248\/393
|-status|p1a: Sylveon|brn
|move|p1a: Sylveon|Hyper Voice|p2a: Politoed
|-damage|p2a: Politoed|156\/383
|
|-weather|RainDance|[upkeep]
|-heal|p1a: Sylveon|272\/393 brn|[from] item: Leftovers
|-damage|p1a: Sylveon|223\/393 brn|[from] brn
|turn|5
|
|switch|p2a: Scizor|Scizor, M|343\/343
|move|p1a: Sylveon|Heal Bell|p1a: Sylveon
|-cureteam|p1a: Sylveon|[from] move: HealBell
|
|-weather|RainDance|[upkeep]
|-heal|p1a: Sylveon|247\/393|[from] item: Leftovers
|turn|6
|
|switch|p1a: Mew|Mew|403\/403
|detailschange|p2a: Scizor|Scizor-Mega, M
|message|Scizor has Mega Evolved into Mega Scizor!
|move|p2a: Scizor|U-turn|p1a: Mew
|-supereffective|p1a: Mew
|-damage|p1a: Mew|203\/403
|
|switch|p2a: Omastar|Omastar, F, shiny|281\/281
|
|-weather|RainDance|[upkeep]
|-heal|p1a: Mew|228\/403|[from] item: Leftovers
|turn|7
|
|switch|p1a: Azumarill|Azumarill, F|404\/404
|move|p2a: Omastar|Hydro Pump|p1a: Azumarill
|-resisted|p1a: Azumarill
|-damage|p1a: Azumarill|230\/404
|
|-weather|RainDance|[upkeep]
|turn|8
|
|switch|p2a: Scizor|Scizor-Mega, M|343\/343
|move|p1a: Azumarill|Waterfall|p2a: Scizor
|-crit|p2a: Scizor
|-damage|p2a: Scizor|109\/343
|
|-weather|RainDance|[upkeep]
|turn|9
|
|move|p2a: Scizor|U-turn|p1a: Azumarill
|-resisted|p1a: Azumarill
|-damage|p1a: Azumarill|165\/404
|
|switch|p2a: Kingdra|Kingdra, F, shiny|307\/307
|move|p1a: Azumarill|Waterfall|p2a: Kingdra
|-resisted|p2a: Kingdra
|-damage|p2a: Kingdra|244\/307
|
|-weather|none
|turn|10
|
|switch|p2a: Breloom|Breloom, M|264\/264 tox
|move|p1a: Azumarill|Play Rough|p2a: Breloom
|-supereffective|p2a: Breloom
|-damage|p2a: Breloom|0 fnt
|faint|p2a: Breloom
|
|
|switch|p2a: Thundurus|Thundurus, M|335\/335
|turn|11
|
|switch|p1a: Heatran|Heatran, F|386\/386
|move|p2a: Thundurus|Thunderbolt|p1a: Heatran
|-damage|p1a: Heatran|292\/386
|
|-heal|p1a: Heatran|316\/386|[from] item: Leftovers
|turn|12
|
|move|p2a: Thundurus|Rain Dance|p2a: Thundurus
|-weather|RainDance
|move|p1a: Heatran|Stealth Rock|p2a: Thundurus
|-sidestart|p2: Robo-Ky|move: Stealth Rock
|
|-weather|RainDance|[upkeep]
|-heal|p1a: Heatran|340\/386|[from] item: Leftovers
|turn|13
|
|move|p2a: Thundurus|Focus Blast|p1a: Heatran
|-supereffective|p1a: Heatran
|-damage|p1a: Heatran|182\/386
|-unboost|p1a: Heatran|spd|1
|move|p1a: Heatran|Lava Plume|p2a: Thundurus
|-damage|p2a: Thundurus|260\/335
|-status|p2a: Thundurus|brn
|
|-weather|RainDance|[upkeep]
|-heal|p1a: Heatran|206\/386|[from] item: Leftovers
|-damage|p2a: Thundurus|219\/335 brn|[from] brn
|turn|14
|
|move|p1a: Heatran|Protect|p1a: Heatran
|-singleturn|p1a: Heatran|Protect
|move|p2a: Thundurus|Focus Blast|p1a: Heatran
|-activate|p1a: Heatran|Protect
|
|-weather|RainDance|[upkeep]
|-heal|p1a: Heatran|230\/386|[from] item: Leftovers
|-damage|p2a: Thundurus|178\/335 brn|[from] brn
|turn|15
|
|switch|p2a: Omastar|Omastar, F, shiny|281\/281
|-damage|p2a: Omastar|246\/281|[from] Stealth Rock
|switch|p1a: Sylveon|Sylveon, M|247\/393
|
|-weather|RainDance|[upkeep]
|-heal|p1a: Sylveon|271\/393|[from] item: Leftovers
|turn|16
|
|move|p1a: Sylveon|Protect|p1a: Sylveon
|-singleturn|p1a: Sylveon|Protect
|move|p2a: Omastar|Hydro Pump|p1a: Sylveon
|-activate|p1a: Sylveon|Protect
|
|-weather|RainDance|[upkeep]
|-heal|p1a: Sylveon|295\/393|[from] item: Leftovers
|turn|17
|
|move|p2a: Omastar|Hydro Pump|p1a: Sylveon
|-damage|p1a: Sylveon|0 fnt
|faint|p1a: Sylveon
|
|-weather|RainDance|[upkeep]
|
|switch|p1a: Azumarill|Azumarill, F|165\/404
|turn|18
|
|move|p2a: Omastar|Hydro Pump|p1a: Azumarill
|-resisted|p1a: Azumarill
|-damage|p1a: Azumarill|0 fnt
|faint|p1a: Azumarill
|
|-weather|RainDance|[upkeep]
|
|switch|p1a: Heatran|Heatran, F|230\/386
|turn|19
|
|move|p1a: Heatran|Protect|p1a: Heatran
|-singleturn|p1a: Heatran|Protect
|move|p2a: Omastar|Hydro Pump|p1a: Heatran
|-activate|p1a: Heatran|Protect
|
|-weather|none
|-heal|p1a: Heatran|254\/386|[from] item: Leftovers
|turn|20
|
|switch|p2a: Politoed|Politoed, F|156\/383
|-damage|p2a: Politoed|109\/383|[from] Stealth Rock
|-weather|RainDance
|switch|p1a: Mew|Mew|228\/403
|
|-weather|RainDance|[upkeep]
|-heal|p1a: Mew|253\/403|[from] item: Leftovers
|turn|21
|
|move|p1a: Mew|Soft-Boiled|p1a: Mew
|-heal|p1a: Mew|403\/403
|move|p2a: Politoed|Rest|p2a: Politoed
|-status|p2a: Politoed|slp
|-heal|p2a: Politoed|383\/383 slp|[silent]
|-status|p2a: Politoed|slp|[from] move: Rest
|
|-weather|RainDance|[upkeep]
|turn|22
|
|switch|p2a: Scizor|Scizor-Mega, M|109\/343
|-damage|p2a: Scizor|67\/343|[from] Stealth Rock
|move|p1a: Mew|Volt Switch|p2a: Scizor
|-damage|p2a: Scizor|11\/343
|
|switch|p1a: Heracross|Heracross, F|309\/309
|
|-weather|RainDance|[upkeep]
|turn|23
|
|detailschange|p1a: Heracross|Heracross-Mega, F
|message|Heracross has Mega Evolved into Mega Heracross!
|move|p2a: Scizor|Bullet Punch|p1a: Heracross
|-damage|p1a: Heracross|227\/309
|move|p1a: Heracross|Bullet Seed|p2a: Scizor
|-resisted|p2a: Scizor
|-damage|p2a: Scizor|6\/343
|-resisted|p2a: Scizor
|-damage|p2a: Scizor|1\/343
|-resisted|p2a: Scizor
|-damage|p2a: Scizor|0 fnt
|-hitcount|p2a: Scizor|3
|faint|p2a: Scizor
|
|-weather|RainDance|[upkeep]
|
|switch|p2a: Omastar|Omastar, F, shiny|246\/281
|-damage|p2a: Omastar|211\/281|[from] Stealth Rock
|turn|24
|
|move|p2a: Omastar|Scald|p1a: Heracross
|-damage|p1a: Heracross|0 fnt
|faint|p1a: Heracross
|
|-weather|RainDance|[upkeep]
|
|switch|p1a: Zapdos|Zapdos|384\/384
|-ability|p1a: Zapdos|Pressure
|turn|25
|
|move|p2a: Omastar|Scald|p1a: Zapdos
|-damage|p1a: Zapdos|101\/384
|move|p1a: Zapdos|Volt Switch|p2a: Omastar
|-supereffective|p2a: Omastar
|-damage|p2a: Omastar|0 fnt
|faint|p2a: Omastar
|
|switch|p1a: Mew|Mew|403\/403
|
|-weather|RainDance|[upkeep]
|
|switch|p2a: Thundurus|Thundurus, M|178\/335 brn
|-damage|p2a: Thundurus|95\/335 brn|[from] Stealth Rock
|turn|26
|
|move|p2a: Thundurus|Thunderbolt|p1a: Mew
|-damage|p1a: Mew|258\/403
|move|p1a: Mew|Soft-Boiled|p1a: Mew
|-heal|p1a: Mew|403\/403
|
|-weather|RainDance|[upkeep]
|-damage|p2a: Thundurus|54\/335 brn|[from] brn
|turn|27
|
|move|p2a: Thundurus|Thunderbolt|p1a: Mew
|-damage|p1a: Mew|274\/403
|move|p1a: Mew|Soft-Boiled|p1a: Mew
|-heal|p1a: Mew|403\/403
|
|-weather|none
|-damage|p2a: Thundurus|13\/335 brn|[from] brn
|turn|28
|
|move|p2a: Thundurus|Rain Dance|p2a: Thundurus
|-weather|RainDance
|move|p1a: Mew|Volt Switch|p2a: Thundurus
|-damage|p2a: Thundurus|0 fnt
|faint|p2a: Thundurus
|
|switch|p1a: Heatran|Heatran, F|254\/386
|
|-weather|RainDance|[upkeep]
|-heal|p1a: Heatran|278\/386|[from] item: Leftovers
|
|switch|p2a: Kingdra|Kingdra, F, shiny|244\/307
|-damage|p2a: Kingdra|206\/307|[from] Stealth Rock
|turn|29
|
|move|p1a: Heatran|Protect|p1a: Heatran
|-singleturn|p1a: Heatran|Protect
|move|p2a: Kingdra|Hydro Pump|p1a: Heatran
|-activate|p1a: Heatran|Protect
|
|-weather|RainDance|[upkeep]
|-heal|p1a: Heatran|302\/386|[from] item: Leftovers
|turn|30
|
|move|p2a: Kingdra|Hydro Pump|p1a: Heatran|[miss]
|-miss|p2a: Kingdra|p1a: Heatran
|move|p1a: Heatran|Lava Plume|p2a: Kingdra
|-resisted|p2a: Kingdra
|-damage|p2a: Kingdra|190\/307
|
|-weather|RainDance|[upkeep]
|-heal|p1a: Heatran|326\/386|[from] item: Leftovers
|turn|31
|
|switch|p2a: Politoed|Politoed, F|383\/383 slp
|-damage|p2a: Politoed|336\/383 slp|[from] Stealth Rock
|move|p1a: Heatran|Protect|p1a: Heatran
|-fail|p1a: Heatran
|
|-weather|RainDance|[upkeep]
|-heal|p1a: Heatran|350\/386|[from] item: Leftovers
|turn|32
|
|switch|p1a: Zapdos|Zapdos|101\/384
|-ability|p1a: Zapdos|Pressure
|cant|p2a: Politoed|slp
|move|p2a: Politoed|Sleep Talk|p2a: Politoed
|move|p2a: Politoed|Haze|p2a: Politoed|[from]Sleep Talk
|-clearallboost
|
|-weather|RainDance|[upkeep]
|-heal|p1a: Zapdos|125\/384|[from] item: Leftovers
|turn|33
|
|move|p1a: Zapdos|Volt Switch|p2a: Politoed
|-supereffective|p2a: Politoed
|-damage|p2a: Politoed|178\/383 slp
|
|switch|p1a: Mew|Mew|403\/403
|cant|p2a: Politoed|slp
|move|p2a: Politoed|Sleep Talk|p2a: Politoed
|move|p2a: Politoed|Scald|p1a: Mew|[from]Sleep Talk
|-damage|p1a: Mew|270\/403
|
|-weather|RainDance|[upkeep]
|-heal|p1a: Mew|295\/403|[from] item: Leftovers
|turn|34
|
|switch|p2a: Kingdra|Kingdra, F, shiny|190\/307
|-damage|p2a: Kingdra|152\/307|[from] Stealth Rock
|move|p1a: Mew|Taunt|p2a: Kingdra
|-start|p2a: Kingdra|move: Taunt
|
|-weather|RainDance|[upkeep]
|-heal|p1a: Mew|320\/403|[from] item: Leftovers
|turn|35
|
|move|p2a: Kingdra|Hydro Pump|p1a: Mew
|-damage|p1a: Mew|0 fnt
|faint|p1a: Mew
|
|-weather|none
|
|switch|p1a: Heatran|Heatran, F|350\/386
|turn|36
|
|switch|p2a: Politoed|Politoed, F|178\/383 slp
|-damage|p2a: Politoed|131\/383 slp|[from] Stealth Rock
|-weather|RainDance
|move|p1a: Heatran|Protect|p1a: Heatran
|-fail|p1a: Heatran
|
|-weather|RainDance|[upkeep]
|-heal|p1a: Heatran|374\/386|[from] item: Leftovers
|turn|37
|
|move|p1a: Heatran|Protect|p1a: Heatran
|-singleturn|p1a: Heatran|Protect
|-curestatus|p2a: Politoed|slp
|move|p2a: Politoed|Scald|p1a: Heatran
|-activate|p1a: Heatran|Protect
|
|-weather|RainDance|[upkeep]
|-heal|p1a: Heatran|386\/386|[from] item: Leftovers
|turn|38
|
|move|p1a: Heatran|Flash Cannon|p2a: Politoed
|-crit|p2a: Politoed
|-resisted|p2a: Politoed
|-damage|p2a: Politoed|64\/383
|move|p2a: Politoed|Scald|p1a: Heatran
|-supereffective|p1a: Heatran
|-damage|p1a: Heatran|222\/386
|
|-weather|RainDance|[upkeep]
|-heal|p1a: Heatran|246\/386|[from] item: Leftovers
|turn|39
|
|move|p1a: Heatran|Flash Cannon|p2a: Politoed
|-resisted|p2a: Politoed
|-damage|p2a: Politoed|15\/383
|move|p2a: Politoed|Scald|p1a: Heatran
|-supereffective|p1a: Heatran
|-damage|p1a: Heatran|64\/386
|
|-weather|RainDance|[upkeep]
|-heal|p1a: Heatran|88\/386|[from] item: Leftovers
|turn|40
|
|move|p1a: Heatran|Protect|p1a: Heatran
|-singleturn|p1a: Heatran|Protect
|move|p2a: Politoed|Rest|p2a: Politoed
|-status|p2a: Politoed|slp
|-heal|p2a: Politoed|383\/383 slp|[silent]
|-status|p2a: Politoed|slp|[from] move: Rest
|
|-weather|RainDance|[upkeep]
|-heal|p1a: Heatran|112\/386|[from] item: Leftovers
|turn|41
|
|switch|p1a: Zapdos|Zapdos|125\/384
|-ability|p1a: Zapdos|Pressure
|switch|p2a: Kingdra|Kingdra, F, shiny|152\/307
|-damage|p2a: Kingdra|114\/307|[from] Stealth Rock
|
|-weather|RainDance|[upkeep]
|-heal|p1a: Zapdos|149\/384|[from] item: Leftovers
|turn|42
|
|switch|p1a: Heatran|Heatran, F|112\/386
|move|p2a: Kingdra|Scald|p1a: Heatran
|-supereffective|p1a: Heatran
|-damage|p1a: Heatran|0 fnt
|faint|p1a: Heatran
|
|-weather|RainDance|[upkeep]
|
|switch|p1a: Zapdos|Zapdos|149\/384
|-ability|p1a: Zapdos|Pressure
|turn|43
|
|move|p2a: Kingdra|Scald|p1a: Zapdos
|-damage|p1a: Zapdos|0 fnt
|faint|p1a: Zapdos
|
|win|Robo-Ky
|raw|Ladder updating...
|raw|looiiyut's rating: 1654 &rarr; <strong>1632<\/strong><br \/>(-22 for losing)
|raw|Robo-Ky's rating: 1621 &rarr; <strong>1643<\/strong><br \/>(+22 for winning)
|c|âRobo-Ky|gg
|c|âlooiiyut|gg
|leave|looiiyut
|player|p1