|join|prodigysim2
|join|looiiyut
|player|p1|prodigysim2|211
|player|p2|looiiyut|210
|gametype|singles
|gen|6
|tier|OU
|rated
|clearpoke
|poke|p1|Gardevoir, F, shiny
|poke|p1|Landorus-Therian, M
|poke|p1|Amoonguss, M
|poke|p1|Chansey, F
|poke|p1|Keldeo-Resolute
|poke|p1|Mandibuzz, F
|poke|p2|Heracross, F
|poke|p2|Heatran, F
|poke|p2|Clefable, F
|poke|p2|Zapdos
|poke|p2|Garchomp, F
|poke|p2|Azumarill, M
|rule|Swagger Clause: Swagger is banned
|rule|Baton Pass Clause: Limit one PokÃ©mon knowing Baton Pass
|rule|Sleep Clause Mod: Limit one foe put to sleep
|rule|Species Clause: Limit one of each PokÃ©mon
|rule|OHKO Clause: OHKO moves are banned
|rule|Moody Clause: Moody is banned
|rule|Evasion Moves Clause: Evasion moves are banned
|rule|Endless Battle Clause: Forcing endless battles is banned
|rule|HP Percentage Mod: HP is reported as percentages
|teampreview
|
|start
|switch|p1a: Keldeo-Resolute|Keldeo-Resolute|323\/323
|switch|p2a: Zapdos|Zapdos|384\/384
|-ability|p2a: Zapdos|Pressure
|turn|1
|
|switch|p1a: Landorus-Therian|Landorus-Therian, M|382\/382
|-ability|p1a: Landorus-Therian|Intimidate|[of] p2a: Zapdos
|-unboost|p2a: Zapdos|atk|1
|move|p2a: Zapdos|Thunderbolt|p1a: Landorus-Therian
|-immune|p1a: Landorus-Therian|[msg]
|
|turn|2
|
|switch|p1a: Chansey|Chansey, F|642\/642
|move|p2a: Zapdos|Hidden Power|p1a: Chansey
|-damage|p1a: Chansey|609\/642
|
|turn|3
|
|switch|p2a: Azumarill|Azumarill, M|404\/404
|move|p1a: Chansey|Seismic Toss|p2a: Azumarill
|-damage|p2a: Azumarill|304\/404
|
|turn|4
|
|switch|p1a: Amoonguss|Amoonguss, M|431\/431
|move|p2a: Azumarill|Waterfall|p1a: Amoonguss
|-resisted|p1a: Amoonguss
|-damage|p1a: Amoonguss|355\/431
|
|-heal|p1a: Amoonguss|381\/431|[from] item: Black Sludge
|turn|5
|
|switch|p2a: Heatran|Heatran, F|385\/385
|switch|p1a: Keldeo-Resolute|Keldeo-Resolute|323\/323
|
|turn|6
|
|switch|p2a: Azumarill|Azumarill, M|304\/404
|move|p1a: Keldeo-Resolute|Substitute|p1a: Keldeo-Resolute
|-start|p1a: Keldeo-Resolute|Substitute
|-damage|p1a: Keldeo-Resolute|243\/323
|
|-heal|p1a: Keldeo-Resolute|263\/323|[from] item: Leftovers
|turn|7
|
|move|p1a: Keldeo-Resolute|Scald|p2a: Azumarill
|-crit|p2a: Azumarill
|-resisted|p2a: Azumarill
|-damage|p2a: Azumarill|225\/404
|move|p2a: Azumarill|Play Rough|p1a: Keldeo-Resolute
|-supereffective|p1a: Keldeo-Resolute
|-end|p1a: Keldeo-Resolute|Substitute
|
|-heal|p1a: Keldeo-Resolute|283\/323|[from] item: Leftovers
|turn|8
|
|switch|p1a: Amoonguss|Amoonguss, M|431\/431
|move|p2a: Azumarill|Play Rough|p1a: Amoonguss
|-resisted|p1a: Amoonguss
|-damage|p1a: Amoonguss|349\/431
|-unboost|p1a: Amoonguss|atk|1
|
|-heal|p1a: Amoonguss|375\/431|[from] item: Black Sludge
|turn|9
|
|switch|p2a: Heatran|Heatran, F|385\/385
|move|p1a: Amoonguss|Spore|p2a: Heatran
|-status|p2a: Heatran|slp
|
|-heal|p1a: Amoonguss|401\/431|[from] item: Black Sludge
|turn|10
|
|switch|p2a: Clefable|Clefable, F|394\/394
|switch|p1a: Gardevoir|Gardevoir, F, shiny|277\/277
|-ability|p1a: Gardevoir|Magic Guard|[from] ability: Trace|[of] p2a: Clefable
|
|turn|11
|
|detailschange|p1a: Gardevoir|Gardevoir-Mega, F, shiny
|message|Gardevoir has Mega Evolved into Mega Gardevoir!
|move|p1a: Gardevoir|Hyper Voice|p2a: Clefable
|-damage|p2a: Clefable|129\/394
|move|p2a: Clefable|Calm Mind|p2a: Clefable
|-boost|p2a: Clefable|spa|1
|-boost|p2a: Clefable|spd|1
|
|-heal|p2a: Clefable|153\/394|[from] item: Leftovers
|turn|12
|
|move|p1a: Gardevoir|Hyper Voice|p2a: Clefable
|-damage|p2a: Clefable|0 fnt
|faint|p2a: Clefable
|
|
|switch|p2a: Garchomp|Garchomp, F|357\/357
|turn|13
|
|switch|p1a: Landorus-Therian|Landorus-Therian, M|382\/382
|-ability|p1a: Landorus-Therian|Intimidate|[of] p2a: Garchomp
|-unboost|p2a: Garchomp|atk|1
|move|p2a: Garchomp|Stone Edge|p1a: Landorus-Therian
|-damage|p1a: Landorus-Therian|320\/382
|
|-heal|p1a: Landorus-Therian|343\/382|[from] item: Leftovers
|turn|14
|
|switch|p2a: Zapdos|Zapdos|384\/384
|-ability|p2a: Zapdos|Pressure
|move|p1a: Landorus-Therian|Stealth Rock|p2a: Zapdos
|-sidestart|p2: looiiyut|move: Stealth Rock
|
|-heal|p1a: Landorus-Therian|366\/382|[from] item: Leftovers
|turn|15
|
|switch|p2a: Heracross|Heracross, F|355\/355
|-damage|p2a: Heracross|311\/355|[from] Stealth Rock
|move|p1a: Landorus-Therian|Stone Edge|p2a: Heracross
|-damage|p2a: Heracross|164\/355
|
|-heal|p1a: Landorus-Therian|382\/382|[from] item: Leftovers
|turn|16
|
|switch|p1a: Mandibuzz|Mandibuzz, F|423\/423
|detailschange|p2a: Heracross|Heracross-Mega, F
|message|Heracross has Mega Evolved into Mega Heracross!
|move|p2a: Heracross|Pin Missile|p1a: Mandibuzz
|-damage|p1a: Mandibuzz|375\/423
|-damage|p1a: Mandibuzz|324\/423
|-damage|p1a: Mandibuzz|278\/423
|-damage|p1a: Mandibuzz|224\/423
|-damage|p1a: Mandibuzz|179\/423
|-hitcount|p1a: Mandibuzz|5
|
|-heal|p1a: Mandibuzz|205\/423|[from] item: Leftovers
|turn|17
|
|switch|p1a: Landorus-Therian|Landorus-Therian, M|382\/382
|-ability|p1a: Landorus-Therian|Intimidate|[of] p2a: Heracross
|-unboost|p2a: Heracross|atk|1
|move|p2a: Heracross|Pin Missile|p1a: Landorus-Therian
|-resisted|p1a: Landorus-Therian
|-damage|p1a: Landorus-Therian|366\/382
|-resisted|p1a: Landorus-Therian
|-damage|p1a: Landorus-Therian|350\/382
|-resisted|p1a: Landorus-Therian
|-damage|p1a: Landorus-Therian|335\/382
|-resisted|p1a: Landorus-Therian
|-damage|p1a: Landorus-Therian|319\/382
|-resisted|p1a: Landorus-Therian
|-damage|p1a: Landorus-Therian|303\/382
|-hitcount|p1a: Landorus-Therian|5
|
|-heal|p1a: Landorus-Therian|326\/382|[from] item: Leftovers
|turn|18
|
|switch|p2a: Azumarill|Azumarill, M|225\/404
|-damage|p2a: Azumarill|175\/404|[from] Stealth Rock
|move|p1a: Landorus-Therian|Earthquake|p2a: Azumarill
|-damage|p2a: Azumarill|0 fnt
|faint|p2a: Azumarill
|
|-heal|p1a: Landorus-Therian|349\/382|[from] item: Leftovers
|
|switch|p2a: Zapdos|Zapdos|384\/384
|-damage|p2a: Zapdos|288\/384|[from] Stealth Rock
|-ability|p2a: Zapdos|Pressure
|turn|19
|
|move|p2a: Zapdos|Heat Wave|p1a: Landorus-Therian
|-damage|p1a: Landorus-Therian|230\/382
|move|p1a: Landorus-Therian|Stone Edge|p2a: Zapdos
|-supereffective|p2a: Zapdos
|-damage|p2a: Zapdos|60\/384
|
|-heal|p2a: Zapdos|84\/384|[from] item: Leftovers
|-heal|p1a: Landorus-Therian|253\/382|[from] item: Leftovers
|turn|20
|
|switch|p1a: Gardevoir|Gardevoir-Mega, F, shiny|277\/277
|move|p2a: Zapdos|Hidden Power|p1a: Gardevoir
|-damage|p1a: Gardevoir|226\/277
|
|-heal|p2a: Zapdos|108\/384|[from] item: Leftovers
|turn|21
|
|move|p1a: Gardevoir|Psyshock|p2a: Zapdos
|-damage|p2a: Zapdos|0 fnt
|faint|p2a: Zapdos
|
|
|switch|p2a: Garchomp|Garchomp, F|357\/357
|-damage|p2a: Garchomp|335\/357|[from] Stealth Rock
|turn|22
|
|move|p2a: Garchomp|Outrage|p1a: Gardevoir
|-immune|p1a: Gardevoir|[msg]
|move|p1a: Gardevoir|Hyper Voice|p2a: Garchomp
|-supereffective|p2a: Garchomp
|-damage|p2a: Garchomp|0 fnt
|faint|p2a: Garchomp
|
|chat|prodigysim2|gg
|
|switch|p2a: Heracross|Heracross-Mega, F|164\/355
|-damage|p2a: Heracross|120\/355|[from] Stealth Rock
|turn|23
|
|move|p1a: Gardevoir|Hyper Voice|p2a: Heracross
|-supereffective|p2a: Heracross
|-damage|p2a: Heracross|0 fnt
|faint|p2a: Heracross
|
|chat|looiiyut|gg
|
|switch|p2a: Heatran|Heatran, F|385\/385 slp
|-damage|p2a: Heatran|337\/385 slp|[from] Stealth Rock
|turn|24
|
|move|p1a: Gardevoir|Focus Blast|p2a: Heatran
|-supereffective|p2a: Heatran
|-damage|p2a: Heatran|97\/385 slp
|-unboost|p2a: Heatran|spd|1
|cant|p2a: Heatran|slp
|
|-heal|p2a: Heatran|121\/385 slp|[from] item: Leftovers
|turn|25
|
|move|p1a: Gardevoir|Psyshock|p2a: Heatran
|-crit|p2a: Heatran
|-resisted|p2a: Heatran
|-damage|p2a: Heatran|0 fnt
|faint|p2a: Heatran
|
|win|prodigysim2
|raw|Ladder updating...
|raw|prodigysim2's rating: 1526 &rarr; <strong>1545<\/strong><br \/>(+19 for winning)
|raw|looiiyut's rating: 1499 &rarr; <strong>1481<\/strong><br \/>(-18 for losing)
|leave|prodigysim2
|player|p1