|join|looiiyut
|join|DaBossHunter
|player|p1|looiiyut|210
|player|p2|DaBossHunter|238
|gametype|singles
|gen|6
|tier|OU
|rated
|clearpoke
|poke|p1|Politoed, M
|poke|p1|Kabutops, M
|poke|p1|Amoonguss, M
|poke|p1|Tornadus-Therian, M
|poke|p1|Keldeo
|poke|p1|Tentacruel, M
|poke|p2|Thundurus-Therian, M
|poke|p2|Sylveon, F, shiny
|poke|p2|Charizard, M, shiny
|poke|p2|Mandibuzz, F
|poke|p2|Hitmontop, M
|poke|p2|Ferrothorn, M
|rule|Sleep Clause Mod: Limit one foe put to sleep
|rule|Species Clause: Limit one of each Pokemon
|rule|OHKO Clause: OHKO moves are banned
|rule|Moody Clause: Moody is banned
|rule|Evasion Moves Clause: Evasion moves are banned
|rule|Endless Battle Clause: Forcing endless battles is banned.
|rule|HP Percentage Mod: HP is reported as percentages
|teampreview
|chat|looiiyut|gl hf
|chat|DaBossHunter|you too
|
|start
|switch|p1a: Amoonguss|Amoonguss, M|432\/432
|switch|p2a: Ramuh|Thundurus-Therian, M|299\/299
|turn|1
|
|switch|p2a: MadBro?|Mandibuzz, F|423\/423
|move|p1a: Amoonguss|Spore|p2a: MadBro?
|-fail|p2a: MadBro?
|
|turn|2
|
|switch|p1a: Keldeo|Keldeo|322\/322
|move|p2a: MadBro?|Taunt|p1a: Keldeo
|-start|p1a: Keldeo|move: Taunt
|
|turn|3
|
|switch|p2a: WhiteMage|Sylveon, F, shiny|394\/394
|move|p1a: Keldeo|Scald|p2a: WhiteMage
|-damage|p2a: WhiteMage|307\/394
|
|-heal|p2a: WhiteMage|331\/394|[from] item: Leftovers
|turn|4
|
|switch|p1a: Tentacruel|Tentacruel, M|364\/364
|move|p2a: WhiteMage|Wish|p2a: WhiteMage
|
|-heal|p2a: WhiteMage|355\/394|[from] item: Leftovers
|turn|5
|
|switch|p2a: Ferrothorn|Ferrothorn, M|352\/352
|move|p1a: Tentacruel|Scald|p2a: Ferrothorn
|-resisted|p2a: Ferrothorn
|-damage|p2a: Ferrothorn|316\/352
|
|-heal|p2a: Ferrothorn|352\/352|[from] move: Wish|[wisher] WhiteMage
|turn|6
|
|move|p1a: Tentacruel|Scald|p2a: Ferrothorn
|-resisted|p2a: Ferrothorn
|-damage|p2a: Ferrothorn|316\/352
|move|p2a: Ferrothorn|Stealth Rock|p1a: Tentacruel
|-sidestart|p1: looiiyut|move: Stealth Rock
|
|turn|7
|
|move|p1a: Tentacruel|Scald|p2a: Ferrothorn
|-resisted|p2a: Ferrothorn
|-damage|p2a: Ferrothorn|283\/352
|move|p2a: Ferrothorn|Leech Seed|p1a: Tentacruel
|-start|p1a: Tentacruel|move: Leech Seed
|
|-damage|p1a: Tentacruel|319\/364|[from] Leech Seed|[of] p2a: Ferrothorn
|-damage|p2a: Ferrothorn|238\/352|[from] ability: Liquid Ooze|[of] p1a: Tentacruel
|turn|8
|
|move|p2a: Ferrothorn|Protect|p2a: Ferrothorn
|-singleturn|p2a: Ferrothorn|Protect
|move|p1a: Tentacruel|Scald|p2a: Ferrothorn
|-activate|p2a: Ferrothorn|Protect
|
|-heal|p1a: Tentacruel|341\/364|[from] item: Black Sludge
|-damage|p1a: Tentacruel|296\/364|[from] Leech Seed|[of] p2a: Ferrothorn
|-damage|p2a: Ferrothorn|193\/352|[from] ability: Liquid Ooze|[of] p1a: Tentacruel
|turn|9
|
|move|p1a: Tentacruel|Scald|p2a: Ferrothorn
|-resisted|p2a: Ferrothorn
|-damage|p2a: Ferrothorn|157\/352
|move|p2a: Ferrothorn|Gyro Ball|p1a: Tentacruel
|-resisted|p1a: Tentacruel
|-damage|p1a: Tentacruel|203\/364
|
|-heal|p1a: Tentacruel|225\/364|[from] item: Black Sludge
|-damage|p1a: Tentacruel|180\/364|[from] Leech Seed|[of] p2a: Ferrothorn
|-damage|p2a: Ferrothorn|112\/352|[from] ability: Liquid Ooze|[of] p1a: Tentacruel
|turn|10
|
|switch|p2a: WhiteMage|Sylveon, F, shiny|355\/394
|move|p1a: Tentacruel|Scald|p2a: WhiteMage
|-damage|p2a: WhiteMage|309\/394
|
|-heal|p1a: Tentacruel|202\/364|[from] item: Black Sludge
|-heal|p2a: WhiteMage|333\/394|[from] item: Leftovers
|-damage|p1a: Tentacruel|157\/364|[from] Leech Seed|[of] p2a: WhiteMage
|-damage|p2a: WhiteMage|288\/394|[from] ability: Liquid Ooze|[of] p1a: Tentacruel
|turn|11
|
|move|p2a: WhiteMage|Wish|p2a: WhiteMage
|move|p1a: Tentacruel|Mirror Coat|p2a: WhiteMage
|-fail|p2a: WhiteMage
|
|-heal|p1a: Tentacruel|179\/364|[from] item: Black Sludge
|-heal|p2a: WhiteMage|312\/394|[from] item: Leftovers
|-damage|p1a: Tentacruel|134\/364|[from] Leech Seed|[of] p2a: WhiteMage
|-damage|p2a: WhiteMage|267\/394|[from] ability: Liquid Ooze|[of] p1a: Tentacruel
|turn|12
|
|switch|p2a: Ferrothorn|Ferrothorn, M|112\/352
|move|p1a: Tentacruel|Rapid Spin|p2a: Ferrothorn
|-resisted|p2a: Ferrothorn
|-damage|p2a: Ferrothorn|108\/352
|-damage|p1a: Tentacruel|89\/364|[from] ability: Iron Barbs|[of] p2a: Ferrothorn
|-damage|p1a: Tentacruel|29\/364|[from] item: Rocky Helmet|[of] p2a: Ferrothorn
|-end|p1a: Tentacruel|Leech Seed|[from] move: Rapid Spin|[of] p1a: Tentacruel
|-sideend|p1: looiiyut|Stealth Rock|[from] move: Rapid Spin|[of] p1a: Tentacruel
|
|-heal|p2a: Ferrothorn|305\/352|[from] move: Wish|[wisher] WhiteMage
|-heal|p1a: Tentacruel|51\/364|[from] item: Black Sludge
|turn|13
|
|move|p1a: Tentacruel|Scald|p2a: Ferrothorn
|-resisted|p2a: Ferrothorn
|-damage|p2a: Ferrothorn|268\/352
|-status|p2a: Ferrothorn|brn
|move|p2a: Ferrothorn|Stealth Rock|p1a: Tentacruel
|-sidestart|p1: looiiyut|move: Stealth Rock
|
|-heal|p1a: Tentacruel|73\/364|[from] item: Black Sludge
|-damage|p2a: Ferrothorn|224\/352 brn|[from] brn
|turn|14
|
|switch|p1a: Keldeo|Keldeo|322\/322
|-damage|p1a: Keldeo|302\/322|[from] Stealth Rock
|switch|p2a: Ramuh|Thundurus-Therian, M|299\/299
|
|-heal|p1a: Keldeo|322\/322|[from] item: Leftovers
|turn|15
|chat|looiiyut|hard to burn this ferrothorn
|
|switch|p1a: Politoed|Politoed, M|384\/384
|-damage|p1a: Politoed|336\/384|[from] Stealth Rock
|-weather|RainDance
|move|p2a: Ramuh|Volt Switch|p1a: Politoed
|-supereffective|p1a: Politoed
|-damage|p1a: Politoed|60\/384
|
|switch|p2a: WhiteMage|Sylveon, F, shiny|267\/394
|
|-weather|RainDance|[upkeep]
|-heal|p2a: WhiteMage|291\/394|[from] item: Leftovers
|turn|16
|
|move|p1a: Politoed|Scald|p2a: WhiteMage
|-damage|p2a: WhiteMage|216\/394
|move|p2a: WhiteMage|Wish|p2a: WhiteMage
|
|-weather|RainDance|[upkeep]
|-heal|p2a: WhiteMage|240\/394|[from] item: Leftovers
|turn|17
|
|move|p1a: Politoed|Scald|p2a: WhiteMage
|-damage|p2a: WhiteMage|159\/394
|-status|p2a: WhiteMage|brn
|move|p2a: WhiteMage|Heal Bell|p2a: WhiteMage
|-cureteam|p2a: WhiteMage|[from] move: HealBell
|
|-weather|RainDance|[upkeep]
|-heal|p2a: WhiteMage|356\/394|[from] move: Wish|[wisher] WhiteMage
|-heal|p2a: WhiteMage|380\/394|[from] item: Leftovers
|turn|18
|
|switch|p1a: Amoonguss|Amoonguss, M|432\/432
|-damage|p1a: Amoonguss|378\/432|[from] Stealth Rock
|move|p2a: WhiteMage|Hyper Voice|p1a: Amoonguss
|-resisted|p1a: Amoonguss
|-damage|p1a: Amoonguss|318\/432
|
|-weather|RainDance|[upkeep]
|-heal|p2a: WhiteMage|394\/394|[from] item: Leftovers
|-heal|p1a: Amoonguss|345\/432|[from] item: Black Sludge
|turn|19
|
|switch|p2a: MadBro?|Mandibuzz, F|423\/423
|move|p1a: Amoonguss|Spore|p2a: MadBro?
|-fail|p2a: MadBro?
|
|-weather|RainDance|[upkeep]
|-heal|p1a: Amoonguss|372\/432|[from] item: Black Sludge
|turn|20
|
|switch|p1a: Keldeo|Keldeo|322\/322
|-damage|p1a: Keldeo|302\/322|[from] Stealth Rock
|move|p2a: MadBro?|Foul Play|p1a: Keldeo
|-resisted|p1a: Keldeo
|-damage|p1a: Keldeo|260\/322
|-boost|p1a: Keldeo|atk|1|[from] ability: Justified
|
|-weather|RainDance|[upkeep]
|-heal|p1a: Keldeo|280\/322|[from] item: Leftovers
|turn|21
|
|switch|p2a: WhiteMage|Sylveon, F, shiny|394\/394
|move|p1a: Keldeo|Substitute|p1a: Keldeo
|-start|p1a: Keldeo|Substitute
|-damage|p1a: Keldeo|200\/322
|
|-weather|RainDance|[upkeep]
|-heal|p1a: Keldeo|220\/322|[from] item: Leftovers
|turn|22
|
|switch|p1a: Amoonguss|Amoonguss, M|432\/432
|-damage|p1a: Amoonguss|378\/432|[from] Stealth Rock
|move|p2a: WhiteMage|Hyper Voice|p1a: Amoonguss
|-resisted|p1a: Amoonguss
|-damage|p1a: Amoonguss|312\/432
|
|-weather|none
|-heal|p1a: Amoonguss|339\/432|[from] item: Black Sludge
|turn|23
|
|switch|p2a: MadBro?|Mandibuzz, F|423\/423
|switch|p1a: Tornadus-Therian|Tornadus-Therian, M|299\/299
|-damage|p1a: Tornadus-Therian|225\/299|[from] Stealth Rock
|
|turn|24
|
|switch|p2a: WhiteMage|Sylveon, F, shiny|394\/394
|move|p1a: Tornadus-Therian|Taunt|p2a: WhiteMage
|-start|p2a: WhiteMage|move: Taunt
|
|turn|25
|
|move|p1a: Tornadus-Therian|U-turn|p2a: WhiteMage
|-resisted|p2a: WhiteMage
|-damage|p2a: WhiteMage|346\/394
|-damage|p1a: Tornadus-Therian|196\/299|[from] item: Life Orb
|
|switch|p1a: Politoed|Politoed, M|60\/384
|-damage|p1a: Politoed|12\/384|[from] Stealth Rock
|-weather|RainDance
|move|p2a: WhiteMage|Hyper Voice|p1a: Politoed
|-damage|p1a: Politoed|0 fnt
|faint|p1a: Politoed
|
|-weather|RainDance|[upkeep]
|-heal|p2a: WhiteMage|370\/394|[from] item: Leftovers
|
|switch|p1a: Kabutops|Kabutops, M|262\/262
|-damage|p1a: Kabutops|230\/262|[from] Stealth Rock
|turn|26
|
|switch|p2a: EddyGordo|Hitmontop, M|304\/304
|-ability|p2a: EddyGordo|Intimidate|[of] p1a: Kabutops
|-unboost|p1a: Kabutops|atk|1
|move|p1a: Kabutops|Waterfall|p2a: EddyGordo
|-damage|p2a: EddyGordo|158\/304
|-damage|p1a: Kabutops|204\/262|[from] item: Life Orb
|
|-weather|RainDance|[upkeep]
|-heal|p2a: EddyGordo|177\/304|[from] item: Leftovers
|turn|27
|
|switch|p1a: Tentacruel|Tentacruel, M|73\/364
|-damage|p1a: Tentacruel|28\/364|[from] Stealth Rock
|move|p2a: EddyGordo|Close Combat|p1a: Tentacruel
|-resisted|p1a: Tentacruel
|-damage|p1a: Tentacruel|0 fnt
|-unboost|p2a: EddyGordo|def|1
|-unboost|p2a: EddyGordo|spd|1
|faint|p1a: Tentacruel
|
|-weather|RainDance|[upkeep]
|-heal|p2a: EddyGordo|196\/304|[from] item: Leftovers
|
|switch|p1a: Tornadus-Therian|Tornadus-Therian, M|295\/299
|-damage|p1a: Tornadus-Therian|221\/299|[from] Stealth Rock
|turn|28
|
|switch|p2a: WhiteMage|Sylveon, F, shiny|370\/394
|move|p1a: Tornadus-Therian|Hurricane|p2a: WhiteMage
|-damage|p2a: WhiteMage|224\/394
|-damage|p1a: Tornadus-Therian|192\/299|[from] item: Life Orb
|
|-weather|RainDance|[upkeep]
|-heal|p2a: WhiteMage|248\/394|[from] item: Leftovers
|turn|29
|
|move|p2a: WhiteMage|Protect|p2a: WhiteMage
|-singleturn|p2a: WhiteMage|Protect
|move|p1a: Tornadus-Therian|Hurricane|p2a: WhiteMage
|-activate|p2a: WhiteMage|Protect
|
|-weather|RainDance|[upkeep]
|-heal|p2a: WhiteMage|272\/394|[from] item: Leftovers
|turn|30
|
|move|p1a: Tornadus-Therian|Hurricane|p2a: WhiteMage
|-damage|p2a: WhiteMage|138\/394
|-damage|p1a: Tornadus-Therian|163\/299|[from] item: Life Orb
|move|p2a: WhiteMage|Wish|p2a: WhiteMage
|
|-weather|RainDance|[upkeep]
|-heal|p2a: WhiteMage|162\/394|[from] item: Leftovers
|turn|31
|
|move|p2a: WhiteMage|Protect|p2a: WhiteMage
|-singleturn|p2a: WhiteMage|Protect
|move|p1a: Tornadus-Therian|Taunt|p2a: WhiteMage
|-activate|p2a: WhiteMage|Protect
|
|-weather|RainDance|[upkeep]
|-heal|p2a: WhiteMage|359\/394|[from] move: Wish|[wisher] WhiteMage
|-heal|p2a: WhiteMage|383\/394|[from] item: Leftovers
|turn|32
|
|move|p1a: Tornadus-Therian|Taunt|p2a: WhiteMage
|-start|p2a: WhiteMage|move: Taunt
|move|p2a: WhiteMage|Hyper Voice|p1a: Tornadus-Therian
|-damage|p1a: Tornadus-Therian|0 fnt
|faint|p1a: Tornadus-Therian
|
|-weather|none
|-heal|p2a: WhiteMage|394\/394|[from] item: Leftovers
|
|switch|p1a: Amoonguss|Amoonguss, M|432\/432
|-damage|p1a: Amoonguss|378\/432|[from] Stealth Rock
|turn|33
|
|switch|p2a: MadBro?|Mandibuzz, F|423\/423
|move|p1a: Amoonguss|Giga Drain|p2a: MadBro?
|-resisted|p2a: MadBro?
|-damage|p2a: MadBro?|385\/423
|-heal|p1a: Amoonguss|397\/432|[from] drain|[of] p2a: MadBro?
|
|-heal|p2a: MadBro?|411\/423|[from] item: Leftovers
|-heal|p1a: Amoonguss|424\/432|[from] item: Black Sludge
|turn|34
|chat|looiiyut|gg
|-message|looiiyut forfeited.
|
|win|DaBossHunter
|raw|Ladder updating...
|raw|looiiyut's rating: 1504 &rarr; <strong>1482<\/strong><br \/>(-22 for losing)
|raw|DaBossHunter's rating: 1478 &rarr; <strong>1500<\/strong><br \/>(+22 for winning)
|leave|looiiyut
|player|p1
|chat|DaBossHunter|gg