|join|Wolf ascending
|join|looiiyut
|player|p1|Wolf ascending|262
|player|p2|looiiyut|210
|gametype|singles
|gen|6
|tier|OU
|rated
|clearpoke
|poke|p1|Charizard, M, shiny
|poke|p1|Breloom, F
|poke|p1|Jolteon, M, shiny
|poke|p1|Latios, M, shiny
|poke|p1|Landorus-Therian, M
|poke|p1|Azumarill, F
|poke|p2|Heracross, F
|poke|p2|Sylveon, M
|poke|p2|Scizor, M
|poke|p2|Zapdos
|poke|p2|Keldeo
|poke|p2|Tyranitar, F
|rule|Swagger Clause: Swagger is banned
|rule|Baton Pass Clause: Limit one PokÃ©mon knowing Baton Pass
|rule|Sleep Clause Mod: Limit one foe put to sleep
|rule|Species Clause: Limit one of each PokÃ©mon
|rule|OHKO Clause: OHKO moves are banned
|rule|Moody Clause: Moody is banned
|rule|Evasion Moves Clause: Evasion moves are banned
|rule|Endless Battle Clause: Forcing endless battles is banned
|rule|HP Percentage Mod: HP is reported as percentages
|teampreview
|
|start
|switch|p1a: Landorus-Therian|Landorus-Therian, M|320\/320
|switch|p2a: Heracross|Heracross, F|321\/321
|-ability|p1a: Landorus-Therian|Intimidate|[of] p2a: Heracross
|-unboost|p2a: Heracross|atk|1
|turn|1
|
|switch|p2a: Scizor|Scizor, M|343\/343
|move|p1a: Landorus-Therian|Earthquake|p2a: Scizor
|-damage|p2a: Scizor|165\/343
|
|-heal|p2a: Scizor|186\/343|[from] item: Leftovers
|turn|2
|
|switch|p2a: Zapdos|Zapdos|383\/383
|-ability|p2a: Zapdos|Pressure
|move|p1a: Landorus-Therian|Earthquake|p2a: Zapdos
|-immune|p2a: Zapdos|[msg]
|
|turn|3
|
|switch|p1a: Jolteon|Jolteon, M, shiny|272\/272
|move|p2a: Zapdos|Hidden Power|p1a: Jolteon
|-damage|p1a: Jolteon|208\/272
|
|turn|4
|
|switch|p2a: Tyranitar|Tyranitar, F|404\/404
|-weather|Sandstorm
|move|p1a: Jolteon|Thunderbolt|p2a: Tyranitar
|-damage|p2a: Tyranitar|307\/404
|
|-weather|Sandstorm|[upkeep]
|-damage|p1a: Jolteon|191\/272|[from] sandstorm
|-heal|p2a: Tyranitar|332\/404|[from] item: Leftovers
|turn|5
|
|move|p1a: Jolteon|Volt Switch|p2a: Tyranitar
|-damage|p2a: Tyranitar|263\/404
|
|move|p2a: Tyranitar|Pursuit|p1a: Jolteon|[from]Pursuit
|-damage|p1a: Jolteon|0 fnt
|faint|p1a: Jolteon
|
|-weather|Sandstorm|[upkeep]
|-heal|p2a: Tyranitar|288\/404|[from] item: Leftovers
|
|switch|p1a: Azumarill|Azumarill, F|342\/342
|turn|6
|
|switch|p2a: Scizor|Scizor, M|186\/343
|move|p1a: Azumarill|Play Rough|p2a: Scizor
|-resisted|p2a: Scizor
|-damage|p2a: Scizor|95\/343
|
|-weather|Sandstorm|[upkeep]
|-damage|p1a: Azumarill|321\/342|[from] sandstorm
|-heal|p2a: Scizor|116\/343|[from] item: Leftovers
|turn|7
|
|move|p1a: Azumarill|Waterfall|p2a: Scizor
|-damage|p2a: Scizor|0 fnt
|faint|p2a: Scizor
|
|-weather|Sandstorm|[upkeep]
|-damage|p1a: Azumarill|300\/342|[from] sandstorm
|
|switch|p2a: Zapdos|Zapdos|383\/383
|-ability|p2a: Zapdos|Pressure
|turn|8
|
|switch|p1a: Landorus-Therian|Landorus-Therian, M|320\/320
|-ability|p1a: Landorus-Therian|Intimidate|[of] p2a: Zapdos
|-unboost|p2a: Zapdos|atk|1
|move|p2a: Zapdos|Volt Switch|p1a: Landorus-Therian
|-immune|p1a: Landorus-Therian|[msg]
|
|-weather|none
|turn|9
|
|move|p1a: Landorus-Therian|Knock Off|p2a: Zapdos
|-damage|p2a: Zapdos|234\/383
|-enditem|p2a: Zapdos|Expert Belt|[from] move: Knock Off|[of] p1a: Landorus-Therian
|move|p2a: Zapdos|Hidden Power|p1a: Landorus-Therian
|-supereffective|p1a: Landorus-Therian
|-damage|p1a: Landorus-Therian|20\/320
|
|turn|10
|
|switch|p1a: Breloom|Breloom, F|262\/262
|move|p2a: Zapdos|Hidden Power|p1a: Breloom
|-supereffective|p1a: Breloom
|-damage|p1a: Breloom|60\/262
|
|turn|11
|
|move|p2a: Zapdos|Thunder Wave|p1a: Breloom
|-status|p1a: Breloom|par
|move|p1a: Breloom|Spore|p2a: Zapdos
|-status|p2a: Zapdos|slp
|
|turn|12
|
|switch|p2a: Heracross|Heracross, F|321\/321
|move|p1a: Breloom|Rock Tomb|p2a: Heracross
|-damage|p2a: Heracross|163\/321
|-unboost|p2a: Heracross|spe|1
|
|turn|13
|
|detailschange|p2a: Heracross|Heracross-Mega, F
|message|Heracross has Mega Evolved into Mega Heracross!
|move|p1a: Breloom|Mach Punch|p2a: Heracross
|-resisted|p2a: Heracross
|-damage|p2a: Heracross|108\/321
|move|p2a: Heracross|Pin Missile|p1a: Breloom
|-damage|p1a: Breloom|0 fnt
|-hitcount|p1a: Breloom|1
|faint|p1a: Breloom
|
|
|switch|p1a: Landorus-Therian|Landorus-Therian, M|20\/320
|-ability|p1a: Landorus-Therian|Intimidate|[of] p2a: Heracross
|-unboost|p2a: Heracross|atk|1
|turn|14
|
|switch|p2a: Sylveon|Sylveon, M|394\/394
|move|p1a: Landorus-Therian|Earthquake|p2a: Sylveon
|-damage|p2a: Sylveon|196\/394
|
|-heal|p2a: Sylveon|220\/394|[from] item: Leftovers
|turn|15
|
|move|p1a: Landorus-Therian|Earthquake|p2a: Sylveon
|-damage|p2a: Sylveon|22\/394
|move|p2a: Sylveon|Wish|p2a: Sylveon
|
|-heal|p2a: Sylveon|46\/394|[from] item: Leftovers
|turn|16
|
|switch|p1a: Azumarill|Azumarill, F|300\/342
|switch|p2a: Heracross|Heracross-Mega, F|108\/321
|
|-heal|p2a: Heracross|305\/321|[from] move: Wish|[wisher] Sylveon
|turn|17
|
|move|p2a: Heracross|Bullet Seed|p1a: Azumarill
|-supereffective|p1a: Azumarill
|-damage|p1a: Azumarill|202\/342
|-supereffective|p1a: Azumarill
|-damage|p1a: Azumarill|98\/342
|-enditem|p1a: Azumarill|Sitrus Berry|[eat]
|-heal|p1a: Azumarill|183\/342|[from] item: Sitrus Berry
|-supereffective|p1a: Azumarill
|-damage|p1a: Azumarill|89\/342
|-supereffective|p1a: Azumarill
|-damage|p1a: Azumarill|0 fnt
|-hitcount|p1a: Azumarill|4
|faint|p1a: Azumarill
|
|
|switch|p1a: Charizard|Charizard, M, shiny|298\/298
|turn|18
|
|detailschange|p1a: Charizard|Charizard-Mega-X, M, shiny
|message|Charizard has Mega Evolved into Mega Charizard!
|move|p1a: Charizard|Flare Blitz|p2a: Heracross
|-supereffective|p2a: Heracross
|-damage|p2a: Heracross|0 fnt
|-damage|p1a: Charizard|197\/298|[from] recoil|[of] p2a: Heracross
|faint|p2a: Heracross
|
|
|switch|p2a: Keldeo|Keldeo|323\/323
|turn|19
|
|switch|p1a: Landorus-Therian|Landorus-Therian, M|20\/320
|-ability|p1a: Landorus-Therian|Intimidate|[of] p2a: Keldeo
|-unboost|p2a: Keldeo|atk|1
|move|p2a: Keldeo|Hydro Pump|p1a: Landorus-Therian|[miss]
|-miss|p2a: Keldeo|p1a: Landorus-Therian
|
|turn|20
|
|move|p2a: Keldeo|Hydro Pump|p1a: Landorus-Therian
|-supereffective|p1a: Landorus-Therian
|-damage|p1a: Landorus-Therian|0 fnt
|faint|p1a: Landorus-Therian
|
|
|switch|p1a: Latios|Latios, M, shiny|302\/302
|turn|21
|
|switch|p2a: Tyranitar|Tyranitar, F|288\/404
|-weather|Sandstorm
|move|p1a: Latios|Psyshock|p2a: Tyranitar
|-immune|p2a: Tyranitar|[msg]
|
|-weather|Sandstorm|[upkeep]
|-damage|p1a: Latios|284\/302|[from] sandstorm
|-heal|p2a: Tyranitar|313\/404|[from] item: Leftovers
|turn|22
|
|move|p1a: Latios|Surf|p2a: Tyranitar
|-supereffective|p2a: Tyranitar
|-damage|p2a: Tyranitar|113\/404
|-damage|p1a: Latios|254\/302|[from] item: Life Orb
|move|p2a: Tyranitar|Pursuit|p1a: Latios
|-supereffective|p1a: Latios
|-damage|p1a: Latios|62\/302
|
|-weather|Sandstorm|[upkeep]
|-damage|p1a: Latios|44\/302|[from] sandstorm
|-heal|p2a: Tyranitar|138\/404|[from] item: Leftovers
|turn|23
|
|switch|p2a: Zapdos|Zapdos|234\/383 slp
|-ability|p2a: Zapdos|Pressure
|move|p1a: Latios|Surf|p2a: Zapdos
|-damage|p2a: Zapdos|105\/383 slp
|-damage|p1a: Latios|14\/302|[from] item: Life Orb
|
|-weather|Sandstorm|[upkeep]
|-damage|p1a: Latios|0 fnt|[from] sandstorm
|-damage|p2a: Zapdos|82\/383 slp|[from] sandstorm
|faint|p1a: Latios
|
|switch|p1a: Charizard|Charizard-Mega-X, M, shiny|197\/298
|turn|24
|
|switch|p2a: Keldeo|Keldeo|323\/323
|move|p1a: Charizard|Dragon Dance|p1a: Charizard
|-boost|p1a: Charizard|atk|1
|-boost|p1a: Charizard|spe|1
|
|-weather|Sandstorm|[upkeep]
|-damage|p2a: Keldeo|303\/323|[from] sandstorm
|-damage|p1a: Charizard|179\/298|[from] sandstorm
|turn|25
|
|move|p2a: Keldeo|Hydro Pump|p1a: Charizard
|-damage|p1a: Charizard|0 fnt
|faint|p1a: Charizard
|
|win|looiiyut
|raw|Ladder updating...
|raw|Wolf ascending's rating: 1791 &rarr; <strong>1762<\/strong><br \/>(-29 for losing)
|raw|looiiyut's rating: 1614 &rarr; <strong>1643<\/strong><br \/>(+29 for winning)
|leave|Wolf ascending
|player|p1