|join|Rhaegar1
|join|looiiyut
|player|p1|Rhaegar1|100
|player|p2|looiiyut|210
|gametype|singles
|gen|6
|tier|OU
|rated
|clearpoke
|poke|p1|Manectric, M
|poke|p1|Ferrothorn, M
|poke|p1|Starmie
|poke|p1|Landorus-Therian, M
|poke|p1|Lucario, M
|poke|p1|Talonflame, F
|poke|p2|Heracross, M
|poke|p2|Sylveon, M
|poke|p2|Heatran, F
|poke|p2|Mew
|poke|p2|Azumarill, F
|poke|p2|Zapdos
|rule|Swagger Clause: Swagger is banned
|rule|Baton Pass Clause: Limit one PokÃ©mon knowing Baton Pass
|rule|Sleep Clause Mod: Limit one foe put to sleep
|rule|Species Clause: Limit one of each PokÃ©mon
|rule|OHKO Clause: OHKO moves are banned
|rule|Moody Clause: Moody is banned
|rule|Evasion Moves Clause: Evasion moves are banned
|rule|Endless Battle Clause: Forcing endless battles is banned
|rule|HP Percentage Mod: HP is shown in percentages
|teampreview
|
|start
|switch|p1a: Landorus-Therian|Landorus-Therian, M|382\/382
|switch|p2a: Sylveon|Sylveon, M|393\/393
|-ability|p1a: Landorus-Therian|Intimidate|[of] p2a: Sylveon
|-unboost|p2a: Sylveon|atk|1
|turn|1
|
|move|p2a: Sylveon|Protect|p2a: Sylveon
|-singleturn|p2a: Sylveon|Protect
|move|p1a: Landorus-Therian|Stealth Rock|p2a: Sylveon
|-sidestart|p2: looiiyut|move: Stealth Rock
|
|turn|2
|
|move|p1a: Landorus-Therian|U-turn|p2a: Sylveon
|-resisted|p2a: Sylveon
|-damage|p2a: Sylveon|349\/393
|
|switch|p1a: Ferrothorn|Ferrothorn, M|352\/352
|move|p2a: Sylveon|Hyper Voice|p1a: Ferrothorn
|-resisted|p1a: Ferrothorn
|-damage|p1a: Ferrothorn|295\/352
|
|-heal|p2a: Sylveon|373\/393|[from] item: Leftovers
|-heal|p1a: Ferrothorn|317\/352|[from] item: Leftovers
|turn|3
|
|switch|p2a: Heatran|Heatran, F|386\/386
|-damage|p2a: Heatran|338\/386|[from] Stealth Rock
|switch|p1a: Manectric|Manectric, M|281\/281
|
|-heal|p2a: Heatran|362\/386|[from] item: Leftovers
|turn|4
|
|detailschange|p1a: Manectric|Manectric-Mega, M
|message|Manectric has Mega Evolved into Mega Manectric!
|-ability|p1a: Manectric|Intimidate|[of] p2a: Heatran
|-unboost|p2a: Heatran|atk|1
|move|p1a: Manectric|Volt Switch|p2a: Heatran
|-damage|p2a: Heatran|280\/386
|
|switch|p1a: Lucario|Lucario, M|320\/320
|move|p2a: Heatran|Stealth Rock|p1a: Lucario
|-sidestart|p1: Rhaegar1|move: Stealth Rock
|
|-heal|p2a: Heatran|304\/386|[from] item: Leftovers
|turn|5
|
|move|p1a: Lucario|Swords Dance|p1a: Lucario
|-boost|p1a: Lucario|atk|2
|move|p2a: Heatran|Lava Plume|p1a: Lucario
|-crit|p1a: Lucario
|-supereffective|p1a: Lucario
|-damage|p1a: Lucario|0 fnt
|faint|p1a: Lucario
|
|-heal|p2a: Heatran|328\/386|[from] item: Leftovers
|
|switch|p1a: Landorus-Therian|Landorus-Therian, M|382\/382
|-damage|p1a: Landorus-Therian|335\/382|[from] Stealth Rock
|-ability|p1a: Landorus-Therian|Intimidate|[of] p2a: Heatran
|-unboost|p2a: Heatran|atk|1
|turn|6
|
|switch|p2a: Zapdos|Zapdos|384\/384
|-damage|p2a: Zapdos|288\/384|[from] Stealth Rock
|-ability|p2a: Zapdos|Pressure
|move|p1a: Landorus-Therian|U-turn|p2a: Zapdos
|-resisted|p2a: Zapdos
|-damage|p2a: Zapdos|241\/384
|
|switch|p1a: Manectric|Manectric-Mega, M|281\/281
|-damage|p1a: Manectric|246\/281|[from] Stealth Rock
|-ability|p1a: Manectric|Intimidate|[of] p2a: Zapdos
|-unboost|p2a: Zapdos|atk|1
|
|-heal|p2a: Zapdos|265\/384|[from] item: Leftovers
|turn|7
|
|move|p1a: Manectric|Thunderbolt|p2a: Zapdos
|-damage|p2a: Zapdos|117\/384
|move|p2a: Zapdos|Roost|p2a: Zapdos
|-heal|p2a: Zapdos|309\/384
|
|-heal|p2a: Zapdos|333\/384|[from] item: Leftovers
|turn|8
|
|move|p1a: Manectric|Thunderbolt|p2a: Zapdos
|-damage|p2a: Zapdos|192\/384
|move|p2a: Zapdos|Hidden Power|p1a: Manectric
|-damage|p1a: Manectric|163\/281
|
|-heal|p2a: Zapdos|216\/384|[from] item: Leftovers
|turn|9
|
|move|p1a: Manectric|Volt Switch|p2a: Zapdos
|-damage|p2a: Zapdos|99\/384
|
|switch|p1a: Landorus-Therian|Landorus-Therian, M|335\/382
|-damage|p1a: Landorus-Therian|288\/382|[from] Stealth Rock
|-ability|p1a: Landorus-Therian|Intimidate|[of] p2a: Zapdos
|-unboost|p2a: Zapdos|atk|1
|move|p2a: Zapdos|Hidden Power|p1a: Landorus-Therian
|-supereffective|p1a: Landorus-Therian
|-damage|p1a: Landorus-Therian|0 fnt
|faint|p1a: Landorus-Therian
|
|-heal|p2a: Zapdos|123\/384|[from] item: Leftovers
|-message|Rhaegar1 forfeited.
|
|win|looiiyut
|raw|Ladder updating...
|leave|Rhaegar1
|player|p1
|raw|Rhaegar1's rating: 1693 &rarr; <strong>1673<\/strong><br \/>(-20 for losing)
|raw|looiiyut's rating: 1623 &rarr; <strong>1647<\/strong><br \/>(+24 for winning)