|join|josephknecht
|join|looiiyut
|player|p1|josephknecht|9
|player|p2|looiiyut|210
|gametype|singles
|gen|6
|tier|OU
|rated
|clearpoke
|poke|p1|Clefable, F, shiny
|poke|p1|Manectric, M, shiny
|poke|p1|Keldeo
|poke|p1|Dragonite, F
|poke|p1|Ferrothorn, M
|poke|p1|Bisharp, M
|poke|p2|Camerupt, F
|poke|p2|Clefable, M
|poke|p2|Tyranitar, M
|poke|p2|Gyarados, M
|poke|p2|Breloom, F
|poke|p2|Mandibuzz, F
|rule|Swagger Clause: Swagger is banned
|rule|Baton Pass Clause: Limit one PokÃ©mon knowing Baton Pass
|rule|Sleep Clause Mod: Limit one foe put to sleep
|rule|Species Clause: Limit one of each PokÃ©mon
|rule|OHKO Clause: OHKO moves are banned
|rule|Moody Clause: Moody is banned
|rule|Evasion Moves Clause: Evasion moves are banned
|rule|Endless Battle Clause: Forcing endless battles is banned
|rule|HP Percentage Mod: HP is shown in percentages
|teampreview
|c|âlooiiyut|gl hf
|
|start
|switch|p1a: Ferrothorn|Ferrothorn, M|352\/352
|switch|p2a: Camerupt|Camerupt, F|331\/331
|turn|1
|
|detailschange|p2a: Camerupt|Camerupt-Mega, F
|message|Camerupt has Mega Evolved into Mega Camerupt!
|move|p2a: Camerupt|Fire Blast|p1a: Ferrothorn
|-supereffective|p1a: Ferrothorn
|-enditem|p1a: Ferrothorn|Focus Sash
|-damage|p1a: Ferrothorn|1\/352
|move|p1a: Ferrothorn|Stealth Rock|p2a: Camerupt
|-sidestart|p2: looiiyut|move: Stealth Rock
|
|turn|2
|
|move|p2a: Camerupt|Earth Power|p1a: Ferrothorn
|-damage|p1a: Ferrothorn|0 fnt
|faint|p1a: Ferrothorn
|
|
|switch|p1a: Keldeo|Keldeo|323\/323
|turn|3
|
|switch|p2a: Gyarados|Gyarados, M|393\/393
|-damage|p2a: Gyarados|295\/393|[from] Stealth Rock
|-ability|p2a: Gyarados|Intimidate|[of] p1a: Keldeo
|-unboost|p1a: Keldeo|atk|1
|move|p1a: Keldeo|Scald|p2a: Gyarados
|-crit|p2a: Gyarados
|-resisted|p2a: Gyarados
|-damage|p2a: Gyarados|179\/393
|-damage|p1a: Keldeo|291\/323|[from] item: Life Orb
|
|-heal|p2a: Gyarados|203\/393|[from] item: Leftovers
|turn|4
|
|switch|p1a: Clefable|Clefable, F, shiny|393\/393
|move|p2a: Gyarados|Thunder Wave|p1a: Clefable
|-status|p1a: Clefable|par
|
|-heal|p2a: Gyarados|227\/393|[from] item: Leftovers
|turn|5
|
|move|p2a: Gyarados|Rest|p2a: Gyarados
|-status|p2a: Gyarados|slp
|-heal|p2a: Gyarados|393\/393 slp|[silent]
|-status|p2a: Gyarados|slp|[from] move: Rest
|cant|p1a: Clefable|par
|
|turn|6
|
|switch|p2a: Camerupt|Camerupt-Mega, F|331\/331
|-damage|p2a: Camerupt|290\/331|[from] Stealth Rock
|move|p1a: Clefable|Calm Mind|p1a: Clefable
|-boost|p1a: Clefable|spa|1
|-boost|p1a: Clefable|spd|1
|
|turn|7
|
|move|p2a: Camerupt|Stealth Rock|p1a: Clefable
|-sidestart|p1: josephknecht|move: Stealth Rock
|move|p1a: Clefable|Calm Mind|p1a: Clefable
|-boost|p1a: Clefable|spa|1
|-boost|p1a: Clefable|spd|1
|
|turn|8
|
|move|p2a: Camerupt|Earth Power|p1a: Clefable
|-damage|p1a: Clefable|263\/393 par
|cant|p1a: Clefable|par
|
|-heal|p1a: Clefable|287\/393 par|[from] item: Leftovers
|turn|9
|
|move|p2a: Camerupt|Fire Blast|p1a: Clefable|[miss]
|-miss|p2a: Camerupt|p1a: Clefable
|cant|p1a: Clefable|par
|
|-heal|p1a: Clefable|311\/393 par|[from] item: Leftovers
|turn|10
|
|move|p2a: Camerupt|Fire Blast|p1a: Clefable
|-damage|p1a: Clefable|142\/393 par
|move|p1a: Clefable|Calm Mind|p1a: Clefable
|-boost|p1a: Clefable|spa|1
|-boost|p1a: Clefable|spd|1
|
|-heal|p1a: Clefable|166\/393 par|[from] item: Leftovers
|turn|11
|
|move|p2a: Camerupt|Fire Blast|p1a: Clefable|[miss]
|-miss|p2a: Camerupt|p1a: Clefable
|cant|p1a: Clefable|par
|
|-heal|p1a: Clefable|190\/393 par|[from] item: Leftovers
|turn|12
|
|move|p2a: Camerupt|Fire Blast|p1a: Clefable
|-damage|p1a: Clefable|52\/393 par
|cant|p1a: Clefable|par
|
|-heal|p1a: Clefable|76\/393 par|[from] item: Leftovers
|turn|13
|c|âjosephknecht|lol
|
|move|p2a: Camerupt|Earth Power|p1a: Clefable
|-damage|p1a: Clefable|0 fnt
|faint|p1a: Clefable
|
|
|switch|p1a: Keldeo|Keldeo|291\/323
|-damage|p1a: Keldeo|271\/323|[from] Stealth Rock
|turn|14
|
|switch|p2a: Gyarados|Gyarados, M|393\/393 slp
|-damage|p2a: Gyarados|295\/393 slp|[from] Stealth Rock
|-ability|p2a: Gyarados|Intimidate|[of] p1a: Keldeo
|-unboost|p1a: Keldeo|atk|1
|move|p1a: Keldeo|Scald|p2a: Gyarados
|-resisted|p2a: Gyarados
|-damage|p2a: Gyarados|218\/393 slp
|-damage|p1a: Keldeo|239\/323|[from] item: Life Orb
|
|-heal|p2a: Gyarados|242\/393 slp|[from] item: Leftovers
|turn|15
|
|move|p1a: Keldeo|Secret Sword|p2a: Gyarados
|-resisted|p2a: Gyarados
|-damage|p2a: Gyarados|132\/393 slp
|-damage|p1a: Keldeo|207\/323|[from] item: Life Orb
|cant|p2a: Gyarados|slp
|move|p2a: Gyarados|Sleep Talk|p2a: Gyarados
|move|p2a: Gyarados|Rest|p2a: Gyarados|[from]Sleep Talk
|-fail|p2a: Gyarados
|
|-heal|p2a: Gyarados|156\/393 slp|[from] item: Leftovers
|turn|16
|
|move|p1a: Keldeo|Icy Wind|p2a: Gyarados
|-damage|p2a: Gyarados|87\/393 slp
|-unboost|p2a: Gyarados|spe|1
|-damage|p1a: Keldeo|175\/323|[from] item: Life Orb
|cant|p2a: Gyarados|slp
|move|p2a: Gyarados|Sleep Talk|p2a: Gyarados
|move|p2a: Gyarados|Thunder Wave|p1a: Keldeo|[from]Sleep Talk
|-status|p1a: Keldeo|par
|
|-heal|p2a: Gyarados|111\/393 slp|[from] item: Leftovers
|turn|17
|
|-curestatus|p2a: Gyarados|slp
|move|p2a: Gyarados|Rest|p2a: Gyarados
|-status|p2a: Gyarados|slp
|-heal|p2a: Gyarados|393\/393 slp|[silent]
|-status|p2a: Gyarados|slp|[from] move: Rest
|move|p1a: Keldeo|Secret Sword|p2a: Gyarados
|-resisted|p2a: Gyarados
|-damage|p2a: Gyarados|292\/393 slp
|-damage|p1a: Keldeo|143\/323 par|[from] item: Life Orb
|
|-heal|p2a: Gyarados|316\/393 slp|[from] item: Leftovers
|turn|18
|
|switch|p1a: Dragonite|Dragonite, F|323\/323
|-damage|p1a: Dragonite|243\/323|[from] Stealth Rock
|cant|p2a: Gyarados|slp
|move|p2a: Gyarados|Sleep Talk|p2a: Gyarados
|move|p2a: Gyarados|Rest|p2a: Gyarados|[from]Sleep Talk
|-fail|p2a: Gyarados
|
|-heal|p2a: Gyarados|340\/393 slp|[from] item: Leftovers
|turn|19
|
|switch|p2a: Clefable|Clefable, M|394\/394
|-damage|p2a: Clefable|345\/394|[from] Stealth Rock
|move|p1a: Dragonite|Extreme Speed|p2a: Clefable
|-damage|p2a: Clefable|195\/394
|
|-heal|p2a: Clefable|219\/394|[from] item: Leftovers
|turn|20
|
|switch|p1a: Bisharp|Bisharp, M|272\/272
|-damage|p1a: Bisharp|255\/272|[from] Stealth Rock
|move|p2a: Clefable|Moonlight|p2a: Clefable
|-heal|p2a: Clefable|394\/394
|
|turn|21
|
|switch|p2a: Mandibuzz|Mandibuzz, F|424\/424
|-damage|p2a: Mandibuzz|318\/424|[from] Stealth Rock
|move|p1a: Bisharp|Knock Off|p2a: Mandibuzz
|-resisted|p2a: Mandibuzz
|-damage|p2a: Mandibuzz|230\/424
|-enditem|p2a: Mandibuzz|Leftovers|[from] move: Knock Off|[of] p1a: Bisharp
|-damage|p1a: Bisharp|228\/272|[from] item: Life Orb
|
|turn|22
|
|switch|p1a: Manectric|Manectric, M, shiny|281\/281
|-damage|p1a: Manectric|246\/281|[from] Stealth Rock
|move|p2a: Mandibuzz|Roost|p2a: Mandibuzz
|-heal|p2a: Mandibuzz|424\/424
|
|turn|23
|
|switch|p2a: Tyranitar|Tyranitar, M|404\/404
|-damage|p2a: Tyranitar|354\/404|[from] Stealth Rock
|-weather|Sandstorm
|detailschange|p1a: Manectric|Manectric-Mega, M, shiny
|message|Manectric has Mega Evolved into Mega Manectric!
|-ability|p1a: Manectric|Intimidate|[of] p2a: Tyranitar
|-unboost|p2a: Tyranitar|atk|1
|move|p1a: Manectric|Volt Switch|p2a: Tyranitar
|-damage|p2a: Tyranitar|299\/404
|
|switch|p1a: Bisharp|Bisharp, M|228\/272
|-damage|p1a: Bisharp|211\/272|[from] Stealth Rock
|
|-weather|Sandstorm|[upkeep]
|turn|24
|
|switch|p2a: Mandibuzz|Mandibuzz, F|424\/424
|-damage|p2a: Mandibuzz|318\/424|[from] Stealth Rock
|move|p1a: Bisharp|Iron Head|p2a: Mandibuzz
|-damage|p2a: Mandibuzz|176\/424
|-damage|p1a: Bisharp|184\/272|[from] item: Life Orb
|
|-weather|Sandstorm|[upkeep]
|turn|25
|
|move|p1a: Bisharp|Iron Head|p2a: Mandibuzz
|-damage|p2a: Mandibuzz|34\/424
|-damage|p1a: Bisharp|157\/272|[from] item: Life Orb
|move|p2a: Mandibuzz|Roost|p2a: Mandibuzz
|-heal|p2a: Mandibuzz|246\/424
|
|-weather|Sandstorm|[upkeep]
|turn|26
|
|move|p1a: Bisharp|Iron Head|p2a: Mandibuzz
|-damage|p2a: Mandibuzz|116\/424
|-damage|p1a: Bisharp|130\/272|[from] item: Life Orb
|move|p2a: Mandibuzz|Roost|p2a: Mandibuzz
|-heal|p2a: Mandibuzz|328\/424
|
|-weather|Sandstorm|[upkeep]
|turn|27
|
|move|p1a: Bisharp|Swords Dance|p1a: Bisharp
|-boost|p1a: Bisharp|atk|2
|move|p2a: Mandibuzz|Foul Play|p1a: Bisharp
|-resisted|p1a: Bisharp
|-damage|p1a: Bisharp|0 fnt
|faint|p1a: Bisharp
|
|-weather|none
|-message|josephknecht forfeited.
|
|win|looiiyut
|raw|Ladder updating...
|leave|josephknecht
|player|p1
|raw|josephknecht's rating: 1673 &rarr; <strong>1646<\/strong><br \/>(-27 for losing)
|raw|looiiyut's rating: 1540 &rarr; <strong>1568<\/strong><br \/>(+28 for winning)