|join|looiiyut
|join|E-Hgonz@lo
|player|p1|looiiyut|210
|player|p2|E-Hgonz@lo|290
|gametype|singles
|gen|6
|tier|OU
|rated
|clearpoke
|poke|p1|Heracross, M
|poke|p1|Sylveon, M
|poke|p1|Scizor, F
|poke|p1|Zapdos
|poke|p1|Keldeo
|poke|p1|Heatran, F
|poke|p2|Slowbro, M
|poke|p2|Medicham, M
|poke|p2|Amoonguss, M
|poke|p2|Skarmory, F
|poke|p2|Heatran, F
|poke|p2|Chansey, F
|rule|Swagger Clause: Swagger is banned
|rule|Baton Pass Clause: Limit one PokÃ©mon knowing Baton Pass
|rule|Sleep Clause Mod: Limit one foe put to sleep
|rule|Species Clause: Limit one of each PokÃ©mon
|rule|OHKO Clause: OHKO moves are banned
|rule|Moody Clause: Moody is banned
|rule|Evasion Moves Clause: Evasion moves are banned
|rule|Endless Battle Clause: Forcing endless battles is banned
|rule|HP Percentage Mod: HP is reported as percentages
|teampreview
|
|start
|switch|p1a: Zapdos|Zapdos|383\/383
|switch|p2a: Medicham|Medicham, M|261\/261
|-ability|p1a: Zapdos|Pressure
|turn|1
|
|detailschange|p2a: Medicham|Medicham-Mega, M
|message|Medicham has Mega Evolved into Mega Medicham!
|move|p2a: Medicham|Fake Out|p1a: Zapdos
|-damage|p1a: Zapdos|286\/383
|cant|p1a: Zapdos|flinch
|
|turn|2
|
|switch|p2a: Heatran|Heatran, F|386\/386
|move|p1a: Zapdos|Volt Switch|p2a: Heatran
|-damage|p2a: Heatran|302\/386
|
|switch|p1a: Heracross|Heracross, M|321\/321
|
|-heal|p2a: Heatran|326\/386|[from] item: Leftovers
|turn|3
|
|switch|p2a: Amoonguss|Amoonguss, M|369\/369
|detailschange|p1a: Heracross|Heracross-Mega, M
|message|Heracross has Mega Evolved into Mega Heracross!
|move|p1a: Heracross|Close Combat|p2a: Amoonguss
|-resisted|p2a: Amoonguss
|-damage|p2a: Amoonguss|217\/369
|-unboost|p1a: Heracross|def|1
|-unboost|p1a: Heracross|spd|1
|
|-heal|p2a: Amoonguss|240\/369|[from] item: Leftovers
|turn|4
|
|switch|p2a: Skarmory|Skarmory, F|334\/334
|move|p1a: Heracross|Pin Missile|p2a: Skarmory
|-resisted|p2a: Skarmory
|-damage|p2a: Skarmory|325\/334
|-resisted|p2a: Skarmory
|-damage|p2a: Skarmory|316\/334
|-resisted|p2a: Skarmory
|-damage|p2a: Skarmory|308\/334
|-resisted|p2a: Skarmory
|-damage|p2a: Skarmory|299\/334
|-resisted|p2a: Skarmory
|-damage|p2a: Skarmory|290\/334
|-hitcount|p2a: Skarmory|5
|
|turn|5
|
|switch|p1a: Heatran|Heatran, F|386\/386
|move|p2a: Skarmory|Brave Bird|p1a: Heatran
|-resisted|p1a: Heatran
|-damage|p1a: Heatran|329\/386
|-damage|p2a: Skarmory|271\/334|[from] recoil|[of] p1a: Heatran
|
|-heal|p1a: Heatran|353\/386|[from] item: Leftovers
|turn|6
|
|switch|p1a: Sylveon|Sylveon, M|394\/394
|switch|p2a: Slowbro|Slowbro, M|394\/394
|
|turn|7
|
|move|p1a: Sylveon|Hyper Voice|p2a: Slowbro
|-damage|p2a: Slowbro|225\/394
|move|p2a: Slowbro|Thunder Wave|p1a: Sylveon
|-status|p1a: Sylveon|par
|
|-heal|p2a: Slowbro|249\/394|[from] item: Leftovers
|turn|8
|
|switch|p2a: Heatran|Heatran, F|326\/386
|move|p1a: Sylveon|Heal Bell|p1a: Sylveon
|-cureteam|p1a: Sylveon|[from] move: HealBell
|
|-heal|p2a: Heatran|350\/386|[from] item: Leftovers
|turn|9
|
|switch|p1a: Zapdos|Zapdos|286\/383
|-ability|p1a: Zapdos|Pressure
|move|p2a: Heatran|Stealth Rock|p1a: Zapdos
|-sidestart|p1: looiiyut|move: Stealth Rock
|
|-heal|p2a: Heatran|374\/386|[from] item: Leftovers
|turn|10
|
|move|p1a: Zapdos|Volt Switch|p2a: Heatran
|-damage|p2a: Heatran|290\/386
|
|switch|p1a: Keldeo|Keldeo|323\/323
|-damage|p1a: Keldeo|303\/323|[from] Stealth Rock
|move|p2a: Heatran|Toxic|p1a: Keldeo
|-status|p1a: Keldeo|tox
|
|-heal|p2a: Heatran|314\/386|[from] item: Leftovers
|-damage|p1a: Keldeo|283\/323 tox|[from] psn
|turn|11
|
|switch|p1a: Sylveon|Sylveon, M|394\/394
|-damage|p1a: Sylveon|345\/394|[from] Stealth Rock
|switch|p2a: Slowbro|Slowbro, M|380\/394
|
|-heal|p1a: Sylveon|369\/394|[from] item: Leftovers
|-heal|p2a: Slowbro|394\/394|[from] item: Leftovers
|turn|12
|
|switch|p2a: Amoonguss|Amoonguss, M|363\/369
|move|p1a: Sylveon|Wish|p1a: Sylveon
|
|-heal|p1a: Sylveon|393\/394|[from] item: Leftovers
|-heal|p2a: Amoonguss|369\/369|[from] item: Leftovers
|turn|13
|
|switch|p1a: Keldeo|Keldeo|283\/323 tox
|-damage|p1a: Keldeo|263\/323 tox|[from] Stealth Rock
|move|p2a: Amoonguss|Sludge Bomb|p1a: Keldeo
|-damage|p1a: Keldeo|157\/323 tox
|
|-heal|p1a: Keldeo|323\/323 tox|[from] move: Wish|[wisher] Sylveon
|-damage|p1a: Keldeo|303\/323 tox|[from] psn
|turn|14
|
|switch|p1a: Scizor|Scizor, F|343\/343
|-damage|p1a: Scizor|301\/343|[from] Stealth Rock
|switch|p2a: Slowbro|Slowbro, M|394\/394
|
|-heal|p1a: Scizor|322\/343|[from] item: Leftovers
|turn|15
|
|move|p1a: Scizor|Defog|p2a: Slowbro
|-unboost|p2a: Slowbro|evasion|1
|-sideend|p1: looiiyut|Stealth Rock|[from] move: Defog|[of] p1a: Scizor
|move|p2a: Slowbro|Thunder Wave|p1a: Scizor
|-status|p1a: Scizor|par
|
|-heal|p1a: Scizor|343\/343 par|[from] item: Leftovers
|turn|16
|
|switch|p2a: Heatran|Heatran, F|314\/386
|move|p1a: Scizor|U-turn|p2a: Heatran
|-resisted|p2a: Heatran
|-damage|p2a: Heatran|290\/386
|
|switch|p1a: Keldeo|Keldeo|303\/323 tox
|
|-heal|p2a: Heatran|314\/386|[from] item: Leftovers
|-damage|p1a: Keldeo|283\/323 tox|[from] psn
|turn|17
|
|switch|p2a: Slowbro|Slowbro, M|394\/394
|move|p1a: Keldeo|Scald|p2a: Slowbro
|-resisted|p2a: Slowbro
|-damage|p2a: Slowbro|303\/394
|-status|p2a: Slowbro|brn
|
|-heal|p2a: Slowbro|327\/394 brn|[from] item: Leftovers
|-damage|p1a: Keldeo|243\/323 tox|[from] psn
|-damage|p2a: Slowbro|278\/394 brn|[from] brn
|turn|18
|
|switch|p1a: Sylveon|Sylveon, M|393\/394
|move|p2a: Slowbro|Psyshock|p1a: Sylveon
|-damage|p1a: Sylveon|305\/394
|
|-heal|p1a: Sylveon|329\/394|[from] item: Leftovers
|-heal|p2a: Slowbro|302\/394 brn|[from] item: Leftovers
|-damage|p2a: Slowbro|253\/394 brn|[from] brn
|turn|19
|
|switch|p2a: Heatran|Heatran, F|314\/386
|move|p1a: Sylveon|Heal Bell|p1a: Sylveon
|-cureteam|p1a: Sylveon|[from] move: HealBell
|
|-heal|p2a: Heatran|338\/386|[from] item: Leftovers
|-heal|p1a: Sylveon|353\/394|[from] item: Leftovers
|turn|20
|
|move|p2a: Heatran|Stealth Rock|p1a: Sylveon
|-sidestart|p1: looiiyut|move: Stealth Rock
|move|p1a: Sylveon|Wish|p1a: Sylveon
|
|-heal|p2a: Heatran|362\/386|[from] item: Leftovers
|-heal|p1a: Sylveon|377\/394|[from] item: Leftovers
|turn|21
|
|switch|p1a: Keldeo|Keldeo|243\/323
|-damage|p1a: Keldeo|223\/323|[from] Stealth Rock
|move|p2a: Heatran|Roar|p1a: Keldeo
|drag|p1a: Heatran|Heatran, F|353\/386
|-damage|p1a: Heatran|305\/386|[from] Stealth Rock
|
|-heal|p1a: Heatran|386\/386|[from] move: Wish|[wisher] Sylveon
|-heal|p2a: Heatran|386\/386|[from] item: Leftovers
|turn|22
|
|switch|p2a: Chansey|Chansey, F|691\/691
|move|p1a: Heatran|Earth Power|p2a: Chansey
|-damage|p2a: Chansey|645\/691
|
|turn|23
|
|move|p1a: Heatran|Taunt|p2a: Chansey
|-start|p2a: Chansey|move: Taunt
|cant|p2a: Chansey|move: Taunt|Heal Bell
|
|turn|24
|
|move|p1a: Heatran|Stealth Rock|p2a: Chansey
|-sidestart|p2: E-Hgonz@lo|move: Stealth Rock
|move|p2a: Chansey|Seismic Toss|p1a: Heatran
|-damage|p1a: Heatran|286\/386
|
|-heal|p1a: Heatran|310\/386|[from] item: Leftovers
|turn|25
|
|switch|p1a: Sylveon|Sylveon, M|377\/394
|-damage|p1a: Sylveon|328\/394|[from] Stealth Rock
|switch|p2a: Slowbro|Slowbro, M|384\/394 brn
|-damage|p2a: Slowbro|335\/394 brn|[from] Stealth Rock
|
|-heal|p1a: Sylveon|352\/394|[from] item: Leftovers
|-heal|p2a: Slowbro|359\/394 brn|[from] item: Leftovers
|-damage|p2a: Slowbro|310\/394 brn|[from] brn
|turn|26
|
|switch|p2a: Chansey|Chansey, F|645\/691
|-damage|p2a: Chansey|559\/691|[from] Stealth Rock
|move|p1a: Sylveon|Wish|p1a: Sylveon
|
|-heal|p1a: Sylveon|376\/394|[from] item: Leftovers
|turn|27
|
|switch|p1a: Keldeo|Keldeo|223\/323
|-damage|p1a: Keldeo|203\/323|[from] Stealth Rock
|move|p2a: Chansey|Wish|p2a: Chansey
|
|-heal|p1a: Keldeo|323\/323|[from] move: Wish|[wisher] Sylveon
|turn|28
|
|switch|p2a: Slowbro|Slowbro, M|394\/394 brn
|-damage|p2a: Slowbro|345\/394 brn|[from] Stealth Rock
|move|p1a: Keldeo|Secret Sword|p2a: Slowbro
|-resisted|p2a: Slowbro
|-damage|p2a: Slowbro|294\/394 brn
|
|-heal|p2a: Slowbro|394\/394 brn|[from] move: Wish|[wisher] Chansey
|-damage|p2a: Slowbro|345\/394 brn|[from] brn
|turn|29
|
|switch|p1a: Scizor|Scizor, F|343\/343
|-damage|p1a: Scizor|301\/343|[from] Stealth Rock
|move|p2a: Slowbro|Psyshock|p1a: Scizor
|-resisted|p1a: Scizor
|-damage|p1a: Scizor|250\/343
|
|-heal|p1a: Scizor|271\/343|[from] item: Leftovers
|-heal|p2a: Slowbro|369\/394 brn|[from] item: Leftovers
|-damage|p2a: Slowbro|320\/394 brn|[from] brn
|turn|30
|
|move|p1a: Scizor|U-turn|p2a: Slowbro
|-supereffective|p2a: Slowbro
|-damage|p2a: Slowbro|180\/394 brn
|
|switch|p1a: Zapdos|Zapdos|286\/383
|-damage|p1a: Zapdos|191\/383|[from] Stealth Rock
|-ability|p1a: Zapdos|Pressure
|move|p2a: Slowbro|Thunder Wave|p1a: Zapdos
|-fail|p1a: Zapdos
|
|-heal|p2a: Slowbro|204\/394 brn|[from] item: Leftovers
|-damage|p2a: Slowbro|155\/394 brn|[from] brn
|turn|31
|
|switch|p2a: Amoonguss|Amoonguss, M|369\/369
|-damage|p2a: Amoonguss|323\/369|[from] Stealth Rock
|move|p1a: Zapdos|Roost|p1a: Zapdos
|-heal|p1a: Zapdos|383\/383
|
|-heal|p2a: Amoonguss|346\/369|[from] item: Leftovers
|turn|32
|
|switch|p1a: Scizor|Scizor, F|271\/343
|-damage|p1a: Scizor|229\/343|[from] Stealth Rock
|switch|p2a: Heatran|Heatran, F|386\/386
|-damage|p2a: Heatran|338\/386|[from] Stealth Rock
|
|-heal|p2a: Heatran|362\/386|[from] item: Leftovers
|-heal|p1a: Scizor|250\/343|[from] item: Leftovers
|turn|33
|
|switch|p1a: Heatran|Heatran, F|310\/386
|-damage|p1a: Heatran|262\/386|[from] Stealth Rock
|move|p2a: Heatran|Lava Plume|p1a: Heatran
|-start|p1a: Heatran|ability: Flash Fire
|
|-heal|p1a: Heatran|286\/386|[from] item: Leftovers
|-heal|p2a: Heatran|386\/386|[from] item: Leftovers
|turn|34
|
|switch|p2a: Chansey|Chansey, F|559\/691
|-damage|p2a: Chansey|473\/691|[from] Stealth Rock
|move|p1a: Heatran|Earth Power|p2a: Chansey
|-damage|p2a: Chansey|419\/691
|
|-heal|p1a: Heatran|310\/386|[from] item: Leftovers
|turn|35
|
|move|p1a: Heatran|Lava Plume|p2a: Chansey
|-damage|p2a: Chansey|323\/691
|move|p2a: Chansey|Seismic Toss|p1a: Heatran
|-damage|p1a: Heatran|210\/386
|
|-heal|p1a: Heatran|234\/386|[from] item: Leftovers
|turn|36
|
|switch|p1a: Scizor|Scizor, F|250\/343
|-damage|p1a: Scizor|208\/343|[from] Stealth Rock
|move|p2a: Chansey|Wish|p2a: Chansey
|
|-heal|p1a: Scizor|229\/343|[from] item: Leftovers
|turn|37
|
|move|p2a: Chansey|Protect|p2a: Chansey
|-singleturn|p2a: Chansey|Protect
|move|p1a: Scizor|Roost|p1a: Scizor
|-heal|p1a: Scizor|343\/343
|
|-heal|p2a: Chansey|668\/691|[from] move: Wish|[wisher] Chansey
|turn|38
|
|move|p1a: Scizor|Defog|p2a: Chansey
|-unboost|p2a: Chansey|evasion|1
|-sideend|p2: E-Hgonz@lo|Stealth Rock|[from] move: Defog|[of] p2a: Chansey
|-sideend|p1: looiiyut|Stealth Rock|[from] move: Defog|[of] p1a: Scizor
|move|p2a: Chansey|Wish|p2a: Chansey
|
|turn|39
|
|switch|p2a: Heatran|Heatran, F|386\/386
|move|p1a: Scizor|U-turn|p2a: Heatran
|-resisted|p2a: Heatran
|-damage|p2a: Heatran|364\/386
|
|switch|p1a: Keldeo|Keldeo|323\/323
|
|-heal|p2a: Heatran|386\/386|[from] move: Wish|[wisher] Chansey
|turn|40
|
|switch|p1a: Sylveon|Sylveon, M|376\/394
|switch|p2a: Slowbro|Slowbro, M|286\/394 brn
|
|-heal|p1a: Sylveon|394\/394|[from] item: Leftovers
|-heal|p2a: Slowbro|310\/394 brn|[from] item: Leftovers
|-damage|p2a: Slowbro|261\/394 brn|[from] brn
|turn|41
|
|move|p1a: Sylveon|Wish|p1a: Sylveon
|move|p2a: Slowbro|Thunder Wave|p1a: Sylveon
|-status|p1a: Sylveon|par
|
|-heal|p2a: Slowbro|285\/394 brn|[from] item: Leftovers
|-damage|p2a: Slowbro|236\/394 brn|[from] brn
|turn|42
|
|switch|p1a: Heatran|Heatran, F|234\/386
|move|p2a: Slowbro|Slack Off|p2a: Slowbro
|-heal|p2a: Slowbro|394\/394 brn
|
|-heal|p1a: Heatran|386\/386|[from] move: Wish|[wisher] Sylveon
|-damage|p2a: Slowbro|345\/394 brn|[from] brn
|turn|43
|
|move|p1a: Heatran|Stealth Rock|p2a: Slowbro
|-sidestart|p2: E-Hgonz@lo|move: Stealth Rock
|move|p2a: Slowbro|Thunder Wave|p1a: Heatran
|-status|p1a: Heatran|par
|
|-heal|p2a: Slowbro|369\/394 brn|[from] item: Leftovers
|-damage|p2a: Slowbro|320\/394 brn|[from] brn
|turn|44
|
|switch|p1a: Zapdos|Zapdos|383\/383
|-ability|p1a: Zapdos|Pressure
|move|p2a: Slowbro|Scald|p1a: Zapdos
|-damage|p1a: Zapdos|299\/383
|-status|p1a: Zapdos|brn
|
|-heal|p2a: Slowbro|344\/394 brn|[from] item: Leftovers
|-damage|p1a: Zapdos|252\/383 brn|[from] brn
|-damage|p2a: Slowbro|295\/394 brn|[from] brn
|turn|45
|
|switch|p2a: Heatran|Heatran, F|386\/386
|-damage|p2a: Heatran|338\/386|[from] Stealth Rock
|move|p1a: Zapdos|Volt Switch|p2a: Heatran
|-damage|p2a: Heatran|263\/386
|
|switch|p1a: Keldeo|Keldeo|323\/323
|
|-heal|p2a: Heatran|287\/386|[from] item: Leftovers
|turn|46
|
|switch|p1a: Sylveon|Sylveon, M|394\/394 par
|switch|p2a: Slowbro|Slowbro, M|394\/394 brn
|-damage|p2a: Slowbro|345\/394 brn|[from] Stealth Rock
|
|-heal|p2a: Slowbro|369\/394 brn|[from] item: Leftovers
|-damage|p2a: Slowbro|320\/394 brn|[from] brn
|turn|47
|
|switch|p2a: Heatran|Heatran, F|287\/386
|-damage|p2a: Heatran|239\/386|[from] Stealth Rock
|cant|p1a: Sylveon|par
|
|-heal|p2a: Heatran|263\/386|[from] item: Leftovers
|turn|48
|
|move|p2a: Heatran|Stealth Rock|p1a: Sylveon
|-sidestart|p1: looiiyut|move: Stealth Rock
|move|p1a: Sylveon|Heal Bell|p1a: Sylveon
|-cureteam|p1a: Sylveon|[from] move: HealBell
|
|-heal|p2a: Heatran|287\/386|[from] item: Leftovers
|turn|49
|
|move|p1a: Sylveon|Protect|p1a: Sylveon
|-singleturn|p1a: Sylveon|Protect
|move|p2a: Heatran|Roar|p1a: Sylveon
|drag|p1a: Scizor|Scizor, F|343\/343
|-damage|p1a: Scizor|301\/343|[from] Stealth Rock
|
|-heal|p2a: Heatran|311\/386|[from] item: Leftovers
|-heal|p1a: Scizor|322\/343|[from] item: Leftovers
|turn|50
|
|switch|p1a: Heatran|Heatran, F|386\/386
|-damage|p1a: Heatran|338\/386|[from] Stealth Rock
|move|p2a: Heatran|Lava Plume|p1a: Heatran
|-start|p1a: Heatran|ability: Flash Fire
|
|-heal|p1a: Heatran|362\/386|[from] item: Leftovers
|-heal|p2a: Heatran|335\/386|[from] item: Leftovers
|turn|51
|
|switch|p1a: Heracross|Heracross-Mega, M|321\/321
|-damage|p1a: Heracross|281\/321|[from] Stealth Rock
|switch|p2a: Chansey|Chansey, F|668\/691
|-damage|p2a: Chansey|582\/691|[from] Stealth Rock
|
|turn|52
|
|switch|p1a: Scizor|Scizor, F|322\/343
|-damage|p1a: Scizor|280\/343|[from] Stealth Rock
|move|p2a: Chansey|Protect|p2a: Chansey
|-fail|p2a: Chansey
|
|-heal|p1a: Scizor|301\/343|[from] item: Leftovers
|turn|53
|
|move|p1a: Scizor|U-turn|p2a: Chansey
|-damage|p2a: Chansey|443\/691
|
|switch|p1a: Heracross|Heracross-Mega, M|281\/321
|-damage|p1a: Heracross|241\/321|[from] Stealth Rock
|move|p2a: Chansey|Wish|p2a: Chansey
|
|turn|54
|
|switch|p2a: Amoonguss|Amoonguss, M|369\/369
|-damage|p2a: Amoonguss|323\/369|[from] Stealth Rock
|move|p1a: Heracross|Close Combat|p2a: Amoonguss
|-resisted|p2a: Amoonguss
|-damage|p2a: Amoonguss|173\/369
|-unboost|p1a: Heracross|def|1
|-unboost|p1a: Heracross|spd|1
|
|-heal|p2a: Amoonguss|369\/369|[from] move: Wish|[wisher] Chansey
|turn|55
|
|switch|p1a: Scizor|Scizor, F|301\/343
|-damage|p1a: Scizor|259\/343|[from] Stealth Rock
|move|p2a: Amoonguss|Foul Play|p1a: Scizor
|-damage|p1a: Scizor|160\/343
|
|-heal|p1a: Scizor|181\/343|[from] item: Leftovers
|turn|56
|
|switch|p2a: Heatran|Heatran, F|335\/386
|-damage|p2a: Heatran|287\/386|[from] Stealth Rock
|move|p1a: Scizor|Roost|p1a: Scizor
|-heal|p1a: Scizor|343\/343
|
|-heal|p2a: Heatran|311\/386|[from] item: Leftovers
|turn|57
|
|switch|p1a: Sylveon|Sylveon, M|394\/394
|-damage|p1a: Sylveon|345\/394|[from] Stealth Rock
|move|p2a: Heatran|Roar|p1a: Sylveon
|drag|p1a: Heracross|Heracross-Mega, M|241\/321
|-damage|p1a: Heracross|201\/321|[from] Stealth Rock
|
|-heal|p2a: Heatran|335\/386|[from] item: Leftovers
|turn|58
|
|switch|p2a: Skarmory|Skarmory, F|271\/334
|-damage|p2a: Skarmory|230\/334|[from] Stealth Rock
|move|p1a: Heracross|Close Combat|p2a: Skarmory
|-damage|p2a: Skarmory|67\/334
|-damage|p1a: Heracross|148\/321|[from] item: Rocky Helmet|[of] p2a: Skarmory
|-unboost|p1a: Heracross|def|1
|-unboost|p1a: Heracross|spd|1
|
|turn|59
|
|switch|p2a: Amoonguss|Amoonguss, M|369\/369
|-damage|p2a: Amoonguss|323\/369|[from] Stealth Rock
|move|p1a: Heracross|Close Combat|p2a: Amoonguss
|-resisted|p2a: Amoonguss
|-damage|p2a: Amoonguss|168\/369
|-unboost|p1a: Heracross|def|1
|-unboost|p1a: Heracross|spd|1
|
|-heal|p2a: Amoonguss|191\/369|[from] item: Leftovers
|turn|60
|
|move|p1a: Heracross|Pin Missile|p2a: Amoonguss
|-damage|p2a: Amoonguss|133\/369
|-damage|p2a: Amoonguss|69\/369
|-damage|p2a: Amoonguss|12\/369
|-damage|p2a: Amoonguss|0 fnt
|-hitcount|p2a: Amoonguss|4
|faint|p2a: Amoonguss
|
|
|switch|p2a: Medicham|Medicham-Mega, M|261\/261
|-damage|p2a: Medicham|245\/261|[from] Stealth Rock
|turn|61
|
|switch|p1a: Scizor|Scizor, F|343\/343
|-damage|p1a: Scizor|301\/343|[from] Stealth Rock
|move|p2a: Medicham|Ice Punch|p1a: Scizor
|-resisted|p1a: Scizor
|-damage|p1a: Scizor|227\/343
|
|-heal|p1a: Scizor|248\/343|[from] item: Leftovers
|turn|62
|
|switch|p2a: Heatran|Heatran, F|335\/386
|-damage|p2a: Heatran|287\/386|[from] Stealth Rock
|move|p1a: Scizor|Bullet Punch|p2a: Heatran
|-resisted|p2a: Heatran
|-damage|p2a: Heatran|266\/386
|
|-heal|p2a: Heatran|290\/386|[from] item: Leftovers
|-heal|p1a: Scizor|269\/343|[from] item: Leftovers
|turn|63
|
|switch|p1a: Heatran|Heatran, F|362\/386
|-damage|p1a: Heatran|314\/386|[from] Stealth Rock
|move|p2a: Heatran|Toxic|p1a: Heatran|[miss]
|-miss|p2a: Heatran|p1a: Heatran
|
|-heal|p1a: Heatran|338\/386|[from] item: Leftovers
|-heal|p2a: Heatran|314\/386|[from] item: Leftovers
|turn|64
|
|switch|p2a: Slowbro|Slowbro, M|394\/394 brn
|-damage|p2a: Slowbro|345\/394 brn|[from] Stealth Rock
|move|p1a: Heatran|Lava Plume|p2a: Slowbro
|-resisted|p2a: Slowbro
|-damage|p2a: Slowbro|274\/394 brn
|
|-heal|p1a: Heatran|362\/386|[from] item: Leftovers
|-heal|p2a: Slowbro|298\/394 brn|[from] item: Leftovers
|-damage|p2a: Slowbro|249\/394 brn|[from] brn
|turn|65
|
|move|p1a: Heatran|Taunt|p2a: Slowbro
|-start|p2a: Slowbro|move: Taunt
|move|p2a: Slowbro|Scald|p1a: Heatran
|-supereffective|p1a: Heatran
|-damage|p1a: Heatran|236\/386
|
|-heal|p1a: Heatran|260\/386|[from] item: Leftovers
|-heal|p2a: Slowbro|273\/394 brn|[from] item: Leftovers
|-damage|p2a: Slowbro|224\/394 brn|[from] brn
|turn|66
|
|switch|p1a: Sylveon|Sylveon, M|345\/394
|-damage|p1a: Sylveon|296\/394|[from] Stealth Rock
|switch|p2a: Chansey|Chansey, F|443\/691
|-damage|p2a: Chansey|357\/691|[from] Stealth Rock
|
|-heal|p1a: Sylveon|320\/394|[from] item: Leftovers
|turn|67
|
|move|p1a: Sylveon|Wish|p1a: Sylveon
|move|p2a: Chansey|Wish|p2a: Chansey
|
|-heal|p1a: Sylveon|344\/394|[from] item: Leftovers
|turn|68
|
|switch|p1a: Heracross|Heracross-Mega, M|148\/321
|-damage|p1a: Heracross|108\/321|[from] Stealth Rock
|move|p2a: Chansey|Heal Bell|p2a: Chansey
|-cureteam|p2a: Chansey|[from] move: HealBell
|
|-heal|p2a: Chansey|691\/691|[from] move: Wish|[wisher] Chansey
|-heal|p1a: Heracross|305\/321|[from] move: Wish|[wisher] Sylveon
|turn|69
|
|move|p1a: Heracross|Close Combat|p2a: Chansey
|-supereffective|p2a: Chansey
|-damage|p2a: Chansey|0 fnt
|-unboost|p1a: Heracross|def|1
|-unboost|p1a: Heracross|spd|1
|faint|p2a: Chansey
|
|
|switch|p2a: Medicham|Medicham-Mega, M|245\/261
|-damage|p2a: Medicham|229\/261|[from] Stealth Rock
|turn|70
|
|switch|p1a: Scizor|Scizor, F|269\/343
|-damage|p1a: Scizor|227\/343|[from] Stealth Rock
|move|p2a: Medicham|Psycho Cut|p1a: Scizor
|-resisted|p1a: Scizor
|-damage|p1a: Scizor|128\/343
|
|-heal|p1a: Scizor|149\/343|[from] item: Leftovers
|turn|71
|
|move|p1a: Scizor|Bullet Punch|p2a: Medicham
|-damage|p2a: Medicham|123\/261
|move|p2a: Medicham|Drain Punch|p1a: Scizor
|-crit|p1a: Scizor
|-damage|p1a: Scizor|0 fnt
|-heal|p2a: Medicham|198\/261|[from] drain|[of] p1a: Scizor
|faint|p1a: Scizor
|
|
|switch|p1a: Keldeo|Keldeo|323\/323
|-damage|p1a: Keldeo|303\/323|[from] Stealth Rock
|turn|72
|
|switch|p2a: Slowbro|Slowbro, M|355\/394
|-damage|p2a: Slowbro|306\/394|[from] Stealth Rock
|move|p1a: Keldeo|Hydro Pump|p2a: Slowbro
|-resisted|p2a: Slowbro
|-damage|p2a: Slowbro|174\/394
|
|-heal|p2a: Slowbro|198\/394|[from] item: Leftovers
|turn|73
|
|switch|p1a: Sylveon|Sylveon, M|344\/394
|-damage|p1a: Sylveon|295\/394|[from] Stealth Rock
|move|p2a: Slowbro|Scald|p1a: Sylveon
|-damage|p1a: Sylveon|219\/394
|-status|p1a: Sylveon|brn
|
|-heal|p1a: Sylveon|243\/394 brn|[from] item: Leftovers
|-heal|p2a: Slowbro|222\/394|[from] item: Leftovers
|-damage|p1a: Sylveon|194\/394 brn|[from] brn
|turn|74
|
|move|p1a: Sylveon|Wish|p1a: Sylveon
|move|p2a: Slowbro|Psyshock|p1a: Sylveon
|-damage|p1a: Sylveon|103\/394 brn
|
|-heal|p1a: Sylveon|127\/394 brn|[from] item: Leftovers
|-heal|p2a: Slowbro|246\/394|[from] item: Leftovers
|-damage|p1a: Sylveon|78\/394 brn|[from] brn
|turn|75
|
|switch|p2a: Medicham|Medicham-Mega, M|198\/261
|-damage|p2a: Medicham|182\/261|[from] Stealth Rock
|move|p1a: Sylveon|Protect|p1a: Sylveon
|-fail|p1a: Sylveon
|
|-heal|p1a: Sylveon|275\/394 brn|[from] move: Wish|[wisher] Sylveon
|-heal|p1a: Sylveon|299\/394 brn|[from] item: Leftovers
|-damage|p1a: Sylveon|250\/394 brn|[from] brn
|turn|76
|
|switch|p1a: Zapdos|Zapdos|252\/383
|-damage|p1a: Zapdos|157\/383|[from] Stealth Rock
|-ability|p1a: Zapdos|Pressure
|move|p2a: Medicham|Fake Out|p1a: Zapdos
|-damage|p1a: Zapdos|71\/383
|
|turn|77
|
|move|p2a: Medicham|Ice Punch|p1a: Zapdos
|-supereffective|p1a: Zapdos
|-damage|p1a: Zapdos|0 fnt
|faint|p1a: Zapdos
|
|
|switch|p1a: Sylveon|Sylveon, M|250\/394 brn
|-damage|p1a: Sylveon|201\/394 brn|[from] Stealth Rock
|turn|78
|
|move|p2a: Medicham|Psycho Cut|p1a: Sylveon
|-damage|p1a: Sylveon|0 fnt
|faint|p1a: Sylveon
|
|
|switch|p1a: Keldeo|Keldeo|303\/323
|-damage|p1a: Keldeo|283\/323|[from] Stealth Rock
|turn|79
|
|switch|p1a: Heracross|Heracross-Mega, M|305\/321
|-damage|p1a: Heracross|265\/321|[from] Stealth Rock
|switch|p2a: Slowbro|Slowbro, M|377\/394
|-damage|p2a: Slowbro|328\/394|[from] Stealth Rock
|
|-heal|p2a: Slowbro|352\/394|[from] item: Leftovers
|turn|80
|
|switch|p2a: Heatran|Heatran, F|314\/386
|-damage|p2a: Heatran|266\/386|[from] Stealth Rock
|move|p1a: Heracross|Pin Missile|p2a: Heatran
|-resisted|p2a: Heatran
|-damage|p2a: Heatran|251\/386
|-resisted|p2a: Heatran
|-damage|p2a: Heatran|236\/386
|-resisted|p2a: Heatran
|-damage|p2a: Heatran|222\/386
|-resisted|p2a: Heatran
|-damage|p2a: Heatran|209\/386
|-resisted|p2a: Heatran
|-damage|p2a: Heatran|196\/386
|-hitcount|p2a: Heatran|5
|
|-heal|p2a: Heatran|220\/386|[from] item: Leftovers
|turn|81
|
|move|p1a: Heracross|Close Combat|p2a: Heatran
|-supereffective|p2a: Heatran
|-damage|p2a: Heatran|0 fnt
|-unboost|p1a: Heracross|def|1
|-unboost|p1a: Heracross|spd|1
|faint|p2a: Heatran
|
|
|switch|p2a: Medicham|Medicham-Mega, M|182\/261
|-damage|p2a: Medicham|166\/261|[from] Stealth Rock
|turn|82
|
|switch|p1a: Heatran|Heatran, F|260\/386
|-damage|p1a: Heatran|212\/386|[from] Stealth Rock
|move|p2a: Medicham|Psycho Cut|p1a: Heatran
|-resisted|p1a: Heatran
|-damage|p1a: Heatran|119\/386
|
|-heal|p1a: Heatran|143\/386|[from] item: Leftovers
|turn|83
|
|move|p2a: Medicham|Drain Punch|p1a: Heatran
|-supereffective|p1a: Heatran
|-damage|p1a: Heatran|0 fnt
|-heal|p2a: Medicham|238\/261|[from] drain|[of] p1a: Heatran
|faint|p1a: Heatran
|
|
|switch|p1a: Keldeo|Keldeo|283\/323
|-damage|p1a: Keldeo|263\/323|[from] Stealth Rock
|turn|84
|
|switch|p2a: Skarmory|Skarmory, F|67\/334
|-damage|p2a: Skarmory|26\/334|[from] Stealth Rock
|move|p1a: Keldeo|Hydro Pump|p2a: Skarmory
|-damage|p2a: Skarmory|0 fnt
|faint|p2a: Skarmory
|
|
|switch|p2a: Slowbro|Slowbro, M|394\/394
|-damage|p2a: Slowbro|345\/394|[from] Stealth Rock
|turn|85
|
|switch|p1a: Heracross|Heracross-Mega, M|265\/321
|-damage|p1a: Heracross|225\/321|[from] Stealth Rock
|move|p2a: Slowbro|Thunder Wave|p1a: Heracross
|-status|p1a: Heracross|par
|
|-heal|p2a: Slowbro|369\/394|[from] item: Leftovers
|turn|86
|
|move|p2a: Slowbro|Psyshock|p1a: Heracross
|-supereffective|p1a: Heracross
|-damage|p1a: Heracross|69\/321 par
|move|p1a: Heracross|Pin Missile|p2a: Slowbro
|-supereffective|p2a: Slowbro
|-damage|p2a: Slowbro|279\/394
|-supereffective|p2a: Slowbro
|-damage|p2a: Slowbro|189\/394
|-supereffective|p2a: Slowbro
|-damage|p2a: Slowbro|109\/394
|-supereffective|p2a: Slowbro
|-damage|p2a: Slowbro|29\/394
|-crit|p2a: Slowbro
|-supereffective|p2a: Slowbro
|-damage|p2a: Slowbro|0 fnt
|-hitcount|p2a: Slowbro|5
|faint|p2a: Slowbro
|
|
|switch|p2a: Medicham|Medicham-Mega, M|238\/261
|-damage|p2a: Medicham|222\/261|[from] Stealth Rock
|turn|87
|
|move|p2a: Medicham|Drain Punch|p1a: Heracross
|-resisted|p1a: Heracross
|-damage|p1a: Heracross|0 fnt
|-heal|p2a: Medicham|257\/261|[from] drain|[of] p1a: Heracross
|faint|p1a: Heracross
|
|
|switch|p1a: Keldeo|Keldeo|263\/323
|-damage|p1a: Keldeo|243\/323|[from] Stealth Rock
|turn|88
|
|move|p1a: Keldeo|Hydro Pump|p2a: Medicham
|-damage|p2a: Medicham|5\/261
|move|p2a: Medicham|Psycho Cut|p1a: Keldeo
|-supereffective|p1a: Keldeo
|-damage|p1a: Keldeo|0 fnt
|faint|p1a: Keldeo
|
|win|E-Hgonz@lo
|raw|Ladder updating...
|raw|looiiyut's rating: 1670 &rarr; <strong>1654<\/strong><br \/>(-16 for losing)
|raw|E-Hgonz@lo's rating: 1751 &rarr; <strong>1766<\/strong><br \/>(+15 for winning)
|chat|E-Hgonz@lo|gg
|chat|looiiyut|gg
|leave|E-Hgonz@lo
|player|p2