|join|looiiyut
|join|SantiagoKai
|player|p1|looiiyut|210
|player|p2|SantiagoKai|150
|gametype|singles
|gen|6
|tier|OU
|clearpoke
|poke|p1|Heracross, M
|poke|p1|Heatran, F
|poke|p1|Clefable, F
|poke|p1|Zapdos
|poke|p1|Garchomp, M
|poke|p1|Mew
|poke|p2|Ferrothorn, F
|poke|p2|Arcanine, F
|poke|p2|Espeon, F
|poke|p2|Gardevoir, F
|poke|p2|Tentacruel, F
|poke|p2|Gliscor, F
|rule|Swagger Clause: Swagger is banned
|rule|Baton Pass Clause: Limit one PokÃ©mon knowing Baton Pass
|rule|Sleep Clause Mod: Limit one foe put to sleep
|rule|Species Clause: Limit one of each PokÃ©mon
|rule|OHKO Clause: OHKO moves are banned
|rule|Moody Clause: Moody is banned
|rule|Evasion Moves Clause: Evasion moves are banned
|rule|Endless Battle Clause: Forcing endless battles is banned
|rule|HP Percentage Mod: HP is reported as percentages
|teampreview
|chat|looiiyut|gl hf
|chat|SantiagoKai|gltyt
|
|start
|switch|p1a: Zapdos|Zapdos|384\/384
|switch|p2a: Tentacruel|Tentacruel, F|302\/302
|-ability|p1a: Zapdos|Pressure
|turn|1
|
|switch|p2a: Gliscor|Gliscor, F|337\/337
|move|p1a: Zapdos|Thunderbolt|p2a: Gliscor
|-immune|p2a: Gliscor|[msg]
|
|-status|p2a: Gliscor|tox|[from] item: Toxic Orb
|turn|2
|
|move|p2a: Gliscor|Toxic|p1a: Zapdos
|-status|p1a: Zapdos|tox
|move|p1a: Zapdos|Hidden Power|p2a: Gliscor
|-supereffective|p2a: Gliscor
|-damage|p2a: Gliscor|33\/337 tox
|
|-heal|p2a: Gliscor|75\/337 tox|[from] ability: Poison Heal
|-damage|p1a: Zapdos|360\/384 tox|[from] psn
|turn|3
|
|move|p2a: Gliscor|Protect|p2a: Gliscor
|-singleturn|p2a: Gliscor|Protect
|move|p1a: Zapdos|Heat Wave|p2a: Gliscor
|-activate|p2a: Gliscor|Protect
|
|-heal|p1a: Zapdos|384\/384 tox|[from] item: Leftovers
|-heal|p2a: Gliscor|117\/337 tox|[from] ability: Poison Heal
|-damage|p1a: Zapdos|336\/384 tox|[from] psn
|turn|4
|
|switch|p2a: Arcanine|Arcanine, F|384\/384
|-item|p2a: Arcanine|Air Balloon
|move|p1a: Zapdos|Thunderbolt|p2a: Arcanine
|-damage|p2a: Arcanine|257\/384
|-enditem|p2a: Arcanine|Air Balloon
|
|-heal|p1a: Zapdos|360\/384 tox|[from] item: Leftovers
|-damage|p1a: Zapdos|288\/384 tox|[from] psn
|turn|5
|
|switch|p1a: Mew|Mew|404\/404
|move|p2a: Arcanine|Flamethrower|p1a: Mew
|-damage|p1a: Mew|302\/404
|
|-heal|p1a: Mew|327\/404|[from] item: Leftovers
|turn|6
|
|move|p1a: Mew|Zen Headbutt|p2a: Arcanine|[miss]
|-miss|p1a: Mew|p2a: Arcanine
|move|p2a: Arcanine|Will-O-Wisp|p1a: Mew
|-status|p1a: Mew|brn
|
|-heal|p1a: Mew|352\/404 brn|[from] item: Leftovers
|-damage|p1a: Mew|302\/404 brn|[from] brn
|turn|7
|
|switch|p1a: Heatran|Heatran, F|385\/385
|move|p2a: Arcanine|Flamethrower|p1a: Heatran
|-start|p1a: Heatran|ability: Flash Fire
|
|turn|8
|
|move|p2a: Arcanine|Wild Charge|p1a: Heatran
|-crit|p1a: Heatran
|-damage|p1a: Heatran|273\/385
|-damage|p2a: Arcanine|229\/384|[from] recoil|[of] p1a: Heatran
|move|p1a: Heatran|Earth Power|p2a: Arcanine
|-supereffective|p2a: Arcanine
|-damage|p2a: Arcanine|71\/384
|
|-heal|p1a: Heatran|297\/385|[from] item: Leftovers
|turn|9
|
|move|p2a: Arcanine|Wild Charge|p1a: Heatran
|-damage|p1a: Heatran|224\/385
|-damage|p2a: Arcanine|53\/384|[from] recoil|[of] p1a: Heatran
|move|p1a: Heatran|Lava Plume|p2a: Arcanine
|-start|p2a: Arcanine|ability: Flash Fire
|
|-heal|p1a: Heatran|248\/385|[from] item: Leftovers
|turn|10
|
|move|p2a: Arcanine|Wild Charge|p1a: Heatran
|-damage|p1a: Heatran|176\/385
|-damage|p2a: Arcanine|35\/384|[from] recoil|[of] p1a: Heatran
|move|p1a: Heatran|Earth Power|p2a: Arcanine
|-supereffective|p2a: Arcanine
|-damage|p2a: Arcanine|0 fnt
|faint|p2a: Arcanine
|
|-heal|p1a: Heatran|200\/385|[from] item: Leftovers
|
|switch|p2a: Gliscor|Gliscor, F|117\/337 tox
|turn|11
|
|switch|p1a: Clefable|Clefable, F|394\/394
|move|p2a: Gliscor|Protect|p2a: Gliscor
|-fail|p2a: Gliscor
|
|-heal|p2a: Gliscor|159\/337 tox|[from] ability: Poison Heal
|turn|12
|
|move|p2a: Gliscor|Protect|p2a: Gliscor
|-singleturn|p2a: Gliscor|Protect
|move|p1a: Clefable|Calm Mind|p1a: Clefable
|-boost|p1a: Clefable|spa|1
|-boost|p1a: Clefable|spd|1
|
|-heal|p2a: Gliscor|201\/337 tox|[from] ability: Poison Heal
|turn|13
|
|move|p2a: Gliscor|Toxic|p1a: Clefable
|-status|p1a: Clefable|tox
|move|p1a: Clefable|Calm Mind|p1a: Clefable
|-boost|p1a: Clefable|spa|1
|-boost|p1a: Clefable|spd|1
|
|-heal|p2a: Gliscor|243\/337 tox|[from] ability: Poison Heal
|turn|14
|
|move|p2a: Gliscor|Earthquake|p1a: Clefable
|-damage|p1a: Clefable|240\/394 tox
|move|p1a: Clefable|Calm Mind|p1a: Clefable
|-boost|p1a: Clefable|spa|1
|-boost|p1a: Clefable|spd|1
|
|-heal|p1a: Clefable|264\/394 tox|[from] item: Leftovers
|-heal|p2a: Gliscor|285\/337 tox|[from] ability: Poison Heal
|turn|15
|
|move|p2a: Gliscor|Earthquake|p1a: Clefable
|-damage|p1a: Clefable|123\/394 tox
|move|p1a: Clefable|Calm Mind|p1a: Clefable
|-boost|p1a: Clefable|spa|1
|-boost|p1a: Clefable|spd|1
|
|-heal|p1a: Clefable|147\/394 tox|[from] item: Leftovers
|-heal|p2a: Gliscor|327\/337 tox|[from] ability: Poison Heal
|turn|16
|
|move|p2a: Gliscor|Earthquake|p1a: Clefable
|-damage|p1a: Clefable|8\/394 tox
|move|p1a: Clefable|Soft-Boiled|p1a: Clefable
|-heal|p1a: Clefable|205\/394 tox
|
|-heal|p1a: Clefable|229\/394 tox|[from] item: Leftovers
|-heal|p2a: Gliscor|337\/337 tox|[from] ability: Poison Heal
|turn|17
|
|move|p2a: Gliscor|Earthquake|p1a: Clefable
|-damage|p1a: Clefable|81\/394 tox
|move|p1a: Clefable|Soft-Boiled|p1a: Clefable
|-heal|p1a: Clefable|278\/394 tox
|
|-heal|p1a: Clefable|302\/394 tox|[from] item: Leftovers
|turn|18
|
|move|p2a: Gliscor|Thunder Fang|p1a: Clefable
|-damage|p1a: Clefable|235\/394 tox
|move|p1a: Clefable|Soft-Boiled|p1a: Clefable
|-heal|p1a: Clefable|394\/394 tox
|
|turn|19
|
|switch|p2a: Tentacruel|Tentacruel, F|302\/302
|move|p1a: Clefable|Moonblast|p2a: Tentacruel
|-resisted|p2a: Tentacruel
|-damage|p2a: Tentacruel|173\/302
|
|-heal|p2a: Tentacruel|191\/302|[from] item: Black Sludge
|turn|20
|
|move|p2a: Tentacruel|Acupressure|p2a: Tentacruel
|-boost|p2a: Tentacruel|spd|2
|move|p1a: Clefable|Moonblast|p2a: Tentacruel
|-resisted|p2a: Tentacruel
|-damage|p2a: Tentacruel|116\/302
|
|-heal|p2a: Tentacruel|134\/302|[from] item: Black Sludge
|turn|21
|
|move|p2a: Tentacruel|Acupressure|p2a: Tentacruel
|-boost|p2a: Tentacruel|spa|2
|move|p1a: Clefable|Moonblast|p2a: Tentacruel
|-crit|p2a: Tentacruel
|-resisted|p2a: Tentacruel
|-damage|p2a: Tentacruel|0 fnt
|faint|p2a: Tentacruel
|
|
|switch|p2a: Ferrothorn|Ferrothorn, F|352\/352
|turn|22
|
|move|p1a: Clefable|Flamethrower|p2a: Ferrothorn
|-supereffective|p2a: Ferrothorn
|-damage|p2a: Ferrothorn|0 fnt
|faint|p2a: Ferrothorn
|
|
|switch|p2a: Espeon|Espeon, F|272\/272
|turn|23
|
|move|p2a: Espeon|Future Sight|p1a: Clefable
|-start|p2a: Espeon|move: Future Sight
|move|p1a: Clefable|Moonblast|p2a: Espeon
|-damage|p2a: Espeon|0 fnt
|faint|p2a: Espeon
|
|
|switch|p2a: Gliscor|Gliscor, F|337\/337 tox
|turn|24
|raw|<div class="broadcast-red"><b>The server is restarting soon.<\/b><br \/>Please finish your battles quickly. No new battles can be started until the server resets in a few minutes.<\/div>
|raw|<div class="broadcast-red"><b>Moderated chat was set to +!<\/b><br \/>Only users of rank + and higher can talk.<\/div>
|
|move|p2a: Gliscor|Earthquake|p1a: Clefable
|-damage|p1a: Clefable|250\/394 tox
|move|p1a: Clefable|Moonblast|p2a: Gliscor
|-damage|p2a: Gliscor|0 fnt
|faint|p2a: Gliscor
|
|-heal|p1a: Clefable|274\/394 tox|[from] item: Leftovers
|
|switch|p2a: Gardevoir|Gardevoir, F|277\/277
|turn|25
|
|detailschange|p2a: Gardevoir|Gardevoir-Mega, F
|message|Gardevoir has Mega Evolved into Mega Gardevoir!
|move|p2a: Gardevoir|Ice Punch|p1a: Clefable
|-damage|p1a: Clefable|210\/394 tox
|move|p1a: Clefable|Moonblast|p2a: Gardevoir
|-damage|p2a: Gardevoir|45\/277
|
|-message|Future Sight hit! (placeholder)
|-damage|p1a: Clefable|125\/394 tox
|-heal|p1a: Clefable|149\/394 tox|[from] item: Leftovers
|turn|26
|
|move|p2a: Gardevoir|Thunderbolt|p1a: Clefable
|-damage|p1a: Clefable|111\/394 tox
|move|p1a: Clefable|Moonblast|p2a: Gardevoir
|-damage|p2a: Gardevoir|0 fnt
|faint|p2a: Gardevoir
|
|win|looiiyut
|chat|looiiyut|gg
|leave|SantiagoKai
|player|p2
|raw|<div class="broadcast-red"><b>The server is restarting soon.<\/b><br \/>Please finish your battles quickly. No new battles can be started until the server resets in a few minutes.<\/div>