|join|looiiyut
|join|angeela
|player|p1|looiiyut|210
|player|p2|angeela|279
|gametype|singles
|gen|6
|tier|OU
|clearpoke
|poke|p1|Politoed, F, shiny
|poke|p1|Kabutops, F
|poke|p1|Toxicroak, F
|poke|p1|Greninja, F
|poke|p1|Zapdos
|poke|p1|Mawile, M
|poke|p2|Manectric, M, shiny
|poke|p2|Landorus-Therian, M
|poke|p2|Talonflame, M
|poke|p2|Azumarill, F
|poke|p2|Aegislash, F
|poke|p2|Crobat, M
|rule|Swagger Clause: Swagger is banned
|rule|Baton Pass Clause: Limit one PokÃ©mon knowing Baton Pass
|rule|Sleep Clause Mod: Limit one foe put to sleep
|rule|Species Clause: Limit one of each PokÃ©mon
|rule|OHKO Clause: OHKO moves are banned
|rule|Moody Clause: Moody is banned
|rule|Evasion Moves Clause: Evasion moves are banned
|rule|Endless Battle Clause: Forcing endless battles is banned
|rule|HP Percentage Mod: HP is reported as percentages
|teampreview
|chat|looiiyut|gl hf
|
|start
|switch|p1a: Greninja|Greninja, F|286\/286
|switch|p2a: Zero|Manectric, M, shiny|285\/285
|turn|1
|chat|angeela|nice rain team ::3 gl 
|
|detailschange|p2a: Zero|Manectric-Mega, M, shiny
|message|Manectric has Mega Evolved into Mega Manectric!
|-ability|p2a: Zero|Intimidate|[of] p1a: Greninja
|-unboost|p1a: Greninja|atk|1
|move|p1a: Greninja|Hidden Power|p2a: Zero
|-start|p1a: Greninja|typechange|Grass|[from] Protean
|-damage|p2a: Zero|152\/285
|-damage|p1a: Greninja|258\/286|[from] item: Life Orb
|move|p2a: Zero|Volt Switch|p1a: Greninja
|-resisted|p1a: Greninja
|-damage|p1a: Greninja|171\/286
|
|switch|p2a: Brobat|Crobat, M|327\/327
|
|turn|2
|chat|looiiyut|thanks
|
|switch|p1a: Mawile|Mawile, M|303\/303
|-ability|p1a: Mawile|Intimidate|[of] p2a: Brobat
|-unboost|p2a: Brobat|atk|1
|move|p2a: Brobat|U-turn|p1a: Mawile
|-resisted|p1a: Mawile
|-damage|p1a: Mawile|290\/303
|
|switch|p2a: Charlie Sheen|Landorus-Therian, M|320\/320
|-ability|p2a: Charlie Sheen|Intimidate|[of] p1a: Mawile
|-unboost|p1a: Mawile|atk|1
|
|turn|3
|
|switch|p1a: Politoed|Politoed, F, shiny|384\/384
|-weather|RainDance
|move|p2a: Charlie Sheen|U-turn|p1a: Politoed
|-damage|p1a: Politoed|308\/384
|
|switch|p2a: Zero|Manectric-Mega, M, shiny|152\/285
|-ability|p2a: Zero|Intimidate|[of] p1a: Politoed
|-unboost|p1a: Politoed|atk|1
|
|-weather|RainDance|[upkeep]
|turn|4
|
|move|p2a: Zero|Volt Switch|p1a: Politoed
|-supereffective|p1a: Politoed
|-damage|p1a: Politoed|56\/384
|
|switch|p2a: Azure|Azumarill, F|401\/401
|move|p1a: Politoed|Scald|p2a: Azure
|-resisted|p2a: Azure
|-damage|p2a: Azure|353\/401
|
|-weather|RainDance|[upkeep]
|turn|5
|
|switch|p1a: Toxicroak|Toxicroak, F|307\/307
|move|p2a: Azure|Knock Off|p1a: Toxicroak
|-resisted|p1a: Toxicroak
|-damage|p1a: Toxicroak|203\/307
|-enditem|p1a: Toxicroak|Life Orb|[from] move: Knock Off|[of] p2a: Azure
|
|-weather|RainDance|[upkeep]
|-heal|p1a: Toxicroak|241\/307|[from] ability: Dry Skin
|turn|6
|
|switch|p2a: Brobat|Crobat, M|327\/327
|move|p1a: Toxicroak|Poison Jab|p2a: Brobat
|-resisted|p2a: Brobat
|-damage|p2a: Brobat|245\/327
|
|-weather|RainDance|[upkeep]
|-heal|p1a: Toxicroak|279\/307|[from] ability: Dry Skin
|-heal|p2a: Brobat|265\/327|[from] item: Black Sludge
|turn|7
|
|switch|p1a: Kabutops|Kabutops, F|262\/262
|move|p2a: Brobat|U-turn|p1a: Kabutops
|-damage|p1a: Kabutops|204\/262
|
|switch|p2a: Metallica|Aegislash, F|320\/320
|
|-weather|RainDance|[upkeep]
|turn|8
|
|move|p1a: Kabutops|Stone Edge|p2a: Metallica
|-resisted|p2a: Metallica
|-damage|p2a: Metallica|243\/320
|-damage|p1a: Kabutops|178\/262|[from] item: Life Orb
|-formechange|p2a: Metallica|Aegislash-Blade
|move|p2a: Metallica|Sacred Sword|p1a: Kabutops
|-supereffective|p1a: Kabutops
|-damage|p1a: Kabutops|0 fnt
|faint|p1a: Kabutops
|
|-weather|RainDance|[upkeep]
|-heal|p2a: Metallica|263\/320|[from] item: Leftovers
|
|switch|p1a: Mawile|Mawile, M|290\/303
|-ability|p1a: Mawile|Intimidate|[of] p2a: Metallica
|-unboost|p2a: Metallica|atk|1
|turn|9
|join|xbit4050
|
|switch|p2a: Charlie Sheen|Landorus-Therian, M|320\/320
|-ability|p2a: Charlie Sheen|Intimidate|[of] p1a: Mawile
|-unboost|p1a: Mawile|atk|1
|detailschange|p1a: Mawile|Mawile-Mega, M
|message|Mawile has Mega Evolved into Mega Mawile!
|move|p1a: Mawile|Swords Dance|p1a: Mawile
|-boost|p1a: Mawile|atk|2
|
|-weather|RainDance|[upkeep]
|turn|10
|
|move|p2a: Charlie Sheen|Earthquake|p1a: Mawile
|-supereffective|p1a: Mawile
|-damage|p1a: Mawile|0 fnt
|faint|p1a: Mawile
|
|-weather|none
|
|switch|p1a: Politoed|Politoed, F, shiny|56\/384
|-weather|RainDance
|turn|11
|
|move|p2a: Charlie Sheen|Earthquake|p1a: Politoed
|-damage|p1a: Politoed|0 fnt
|faint|p1a: Politoed
|
|-weather|RainDance|[upkeep]
|
|switch|p1a: Greninja|Greninja, F|171\/286
|turn|12
|
|move|p2a: Charlie Sheen|Earthquake|p1a: Greninja
|-crit|p1a: Greninja
|-damage|p1a: Greninja|0 fnt
|faint|p1a: Greninja
|
|-weather|RainDance|[upkeep]
|
|switch|p1a: Zapdos|Zapdos|383\/383
|-ability|p1a: Zapdos|Pressure
|turn|13
|chat|looiiyut|I saw your battle of ou single elimination tour 
|chat|looiiyut|you are so good
|chat|angeela|thanks :pp
|
|switch|p2a: Metallica|Aegislash, F|263\/320
|move|p1a: Zapdos|Thunderbolt|p2a: Metallica
|-damage|p2a: Metallica|167\/320
|
|-weather|RainDance|[upkeep]
|-heal|p2a: Metallica|187\/320|[from] item: Leftovers
|turn|14
|
|move|p1a: Zapdos|Thunderbolt|p2a: Metallica
|-damage|p2a: Metallica|91\/320
|-formechange|p2a: Metallica|Aegislash-Blade
|move|p2a: Metallica|Shadow Ball|p1a: Zapdos
|-damage|p1a: Zapdos|248\/383
|-unboost|p1a: Zapdos|spd|1
|
|-weather|RainDance|[upkeep]
|-heal|p1a: Zapdos|271\/383|[from] item: Leftovers
|-heal|p2a: Metallica|111\/320|[from] item: Leftovers
|turn|15
|
|switch|p1a: Toxicroak|Toxicroak, F|279\/307
|-formechange|p2a: Metallica|Aegislash
|move|p2a: Metallica|King's Shield|p2a: Metallica
|-fail|p2a: Metallica
|
|-weather|RainDance|[upkeep]
|-heal|p1a: Toxicroak|307\/307|[from] ability: Dry Skin
|-heal|p2a: Metallica|131\/320|[from] item: Leftovers
|turn|16
|
|move|p1a: Toxicroak|Sucker Punch|p2a: Metallica
|-fail|p2a: Metallica
|move|p2a: Metallica|Substitute|p2a: Metallica
|-start|p2a: Metallica|Substitute
|-damage|p2a: Metallica|51\/320
|
|-weather|RainDance|[upkeep]
|-heal|p2a: Metallica|71\/320|[from] item: Leftovers
|turn|17
|
|move|p1a: Toxicroak|Sucker Punch|p2a: Metallica
|-supereffective|p2a: Metallica
|-end|p2a: Metallica|Substitute
|-formechange|p2a: Metallica|Aegislash-Blade
|move|p2a: Metallica|Shadow Ball|p1a: Toxicroak
|-damage|p1a: Toxicroak|61\/307
|-unboost|p1a: Toxicroak|spd|1
|
|-weather|RainDance|[upkeep]
|-heal|p1a: Toxicroak|99\/307|[from] ability: Dry Skin
|-heal|p2a: Metallica|91\/320|[from] item: Leftovers
|turn|18
|
|switch|p1a: Zapdos|Zapdos|271\/383
|-ability|p1a: Zapdos|Pressure
|switch|p2a: Brobat|Crobat, M|265\/327
|
|-weather|none
|-heal|p2a: Brobat|285\/327|[from] item: Black Sludge
|-heal|p1a: Zapdos|294\/383|[from] item: Leftovers
|turn|19
|
|move|p2a: Brobat|U-turn|p1a: Zapdos
|-resisted|p1a: Zapdos
|-damage|p1a: Zapdos|258\/383
|
|switch|p2a: Charlie Sheen|Landorus-Therian, M|320\/320
|-ability|p2a: Charlie Sheen|Intimidate|[of] p1a: Zapdos
|-unboost|p1a: Zapdos|atk|1
|move|p1a: Zapdos|Heat Wave|p2a: Charlie Sheen
|-damage|p2a: Charlie Sheen|212\/320
|
|-heal|p1a: Zapdos|281\/383|[from] item: Leftovers
|turn|20
|
|move|p2a: Charlie Sheen|Stone Edge|p1a: Zapdos
|-supereffective|p1a: Zapdos
|-damage|p1a: Zapdos|29\/383
|move|p1a: Zapdos|Heat Wave|p2a: Charlie Sheen
|-damage|p2a: Charlie Sheen|112\/320
|
|-heal|p1a: Zapdos|52\/383|[from] item: Leftovers
|turn|21
|
|switch|p2a: Azure|Azumarill, F|353\/401
|move|p1a: Zapdos|Roost|p1a: Zapdos
|-heal|p1a: Zapdos|244\/383
|
|-heal|p1a: Zapdos|267\/383|[from] item: Leftovers
|turn|22
|
|move|p1a: Zapdos|Thunderbolt|p2a: Azure
|-supereffective|p2a: Azure
|-damage|p2a: Azure|159\/401
|move|p2a: Azure|Play Rough|p1a: Zapdos
|-damage|p1a: Zapdos|60\/383
|
|-heal|p1a: Zapdos|83\/383|[from] item: Leftovers
|turn|23
|
|switch|p1a: Toxicroak|Toxicroak, F|99\/307
|move|p2a: Azure|Aqua Jet|p1a: Toxicroak
|-heal|p1a: Toxicroak|175\/307|[from] ability: Dry Skin|[of] p2a: Azure
|
|turn|24
|
|switch|p2a: Brobat|Crobat, M|285\/327
|move|p1a: Toxicroak|Poison Jab|p2a: Brobat
|-resisted|p2a: Brobat
|-damage|p2a: Brobat|208\/327
|
|-heal|p2a: Brobat|228\/327|[from] item: Black Sludge
|turn|25
|
|switch|p1a: Zapdos|Zapdos|83\/383
|-ability|p1a: Zapdos|Pressure
|move|p2a: Brobat|Brave Bird|p1a: Zapdos
|-resisted|p1a: Zapdos
|-damage|p1a: Zapdos|0 fnt
|-damage|p2a: Brobat|201\/327|[from] recoil|[of] p1a: Zapdos
|faint|p1a: Zapdos
|
|-heal|p2a: Brobat|221\/327|[from] item: Black Sludge
|
|switch|p1a: Toxicroak|Toxicroak, F|175\/307
|turn|26
|
|move|p1a: Toxicroak|Fake Out|p2a: Brobat
|-damage|p2a: Brobat|162\/327
|cant|p2a: Brobat|flinch
|
|-heal|p2a: Brobat|182\/327|[from] item: Black Sludge
|turn|27
|
|move|p1a: Toxicroak|Sucker Punch|p2a: Brobat
|-fail|p2a: Brobat
|move|p2a: Brobat|Roost|p2a: Brobat
|-heal|p2a: Brobat|327\/327
|
|turn|28
|
|move|p1a: Toxicroak|Sucker Punch|p2a: Brobat
|-damage|p2a: Brobat|216\/327
|move|p2a: Brobat|Brave Bird|p1a: Toxicroak
|-supereffective|p1a: Toxicroak
|-damage|p1a: Toxicroak|0 fnt
|-damage|p2a: Brobat|158\/327|[from] recoil|[of] p1a: Toxicroak
|faint|p1a: Toxicroak
|
|win|angeela
|chat|looiiyut|gg
|chat|angeela|gg
|chat|looiiyut|good luck for next battle
|leave|xbit4050
|chat|angeela|thanks :]