|join|looiiyut
|join|SFNanashi
|player|p1|looiiyut|210
|player|p2|SFNanashi|170
|gametype|singles
|gen|6
|tier|OU
|clearpoke
|poke|p1|Politoed, F, shiny
|poke|p1|Kabutops, M
|poke|p1|Toxicroak, F
|poke|p1|Greninja, M
|poke|p1|Zapdos
|poke|p1|Mawile, F
|poke|p2|Breloom, M
|poke|p2|Greninja, M
|poke|p2|Landorus, M
|poke|p2|Terrakion
|poke|p2|Bisharp, F
|poke|p2|Manectric, M
|rule|Swagger Clause: Swagger is banned
|rule|Baton Pass Clause: Limit one PokÃ©mon knowing Baton Pass
|rule|Sleep Clause Mod: Limit one foe put to sleep
|rule|Species Clause: Limit one of each PokÃ©mon
|rule|OHKO Clause: OHKO moves are banned
|rule|Moody Clause: Moody is banned
|rule|Evasion Moves Clause: Evasion moves are banned
|rule|Endless Battle Clause: Forcing endless battles is banned
|rule|HP Percentage Mod: HP is reported as percentages
|teampreview
|chat|looiiyut|gl hf
|chat|SFNanashi|u2
|
|start
|switch|p1a: Mawile|Mawile, F|303\/303
|switch|p2a: Manectric|Manectric, M|281\/281
|-ability|p1a: Mawile|Intimidate|[of] p2a: Manectric
|-unboost|p2a: Manectric|atk|1
|turn|1
|
|switch|p1a: Politoed|Politoed, F, shiny|384\/384
|-weather|RainDance
|detailschange|p2a: Manectric|Manectric-Mega, M
|message|Manectric has Mega Evolved into Mega Manectric!
|-ability|p2a: Manectric|Intimidate|[of] p1a: Politoed
|-unboost|p1a: Politoed|atk|1
|move|p2a: Manectric|Flamethrower|p1a: Politoed
|-resisted|p1a: Politoed
|-damage|p1a: Politoed|358\/384
|
|-weather|RainDance|[upkeep]
|turn|2
|
|switch|p1a: Zapdos|Zapdos|383\/383
|-ability|p1a: Zapdos|Pressure
|move|p2a: Manectric|Volt Switch|p1a: Zapdos
|-crit|p1a: Zapdos
|-damage|p1a: Zapdos|215\/383
|
|switch|p2a: Terrakion|Terrakion|323\/323
|
|-weather|RainDance|[upkeep]
|-heal|p1a: Zapdos|238\/383|[from] item: Leftovers
|turn|3
|
|move|p2a: Terrakion|Stone Edge|p1a: Zapdos
|-supereffective|p1a: Zapdos
|-damage|p1a: Zapdos|0 fnt
|faint|p1a: Zapdos
|
|-weather|RainDance|[upkeep]
|
|switch|p1a: Kabutops|Kabutops, M|262\/262
|turn|4
|
|switch|p2a: Greninja|Greninja, M|285\/285
|move|p1a: Kabutops|Waterfall|p2a: Greninja
|-crit|p2a: Greninja
|-resisted|p2a: Greninja
|-damage|p2a: Greninja|0 fnt
|-damage|p1a: Kabutops|236\/262|[from] item: Life Orb
|faint|p2a: Greninja
|
|-weather|RainDance|[upkeep]
|
|switch|p2a: Breloom|Breloom, M|261\/261
|turn|5
|
|switch|p1a: Mawile|Mawile, F|303\/303
|-ability|p1a: Mawile|Intimidate|[of] p2a: Breloom
|-unboost|p2a: Breloom|atk|1
|move|p2a: Breloom|Spore|p1a: Mawile
|-status|p1a: Mawile|slp
|
|-weather|RainDance|[upkeep]
|turn|6
|
|switch|p1a: Toxicroak|Toxicroak, F|307\/307
|move|p2a: Breloom|Rock Tomb|p1a: Toxicroak
|-resisted|p1a: Toxicroak
|-damage|p1a: Toxicroak|257\/307
|-unboost|p1a: Toxicroak|spe|1
|
|-weather|RainDance|[upkeep]
|-heal|p1a: Toxicroak|295\/307|[from] ability: Dry Skin
|turn|7
|
|switch|p2a: Landorus|Landorus, M|319\/319
|move|p1a: Toxicroak|Poison Jab|p2a: Landorus
|-resisted|p2a: Landorus
|-damage|p2a: Landorus|224\/319
|-status|p2a: Landorus|psn
|-damage|p1a: Toxicroak|265\/307|[from] item: Life Orb
|
|-weather|RainDance|[upkeep]
|-heal|p1a: Toxicroak|303\/307|[from] ability: Dry Skin
|-damage|p2a: Landorus|185\/319 psn|[from] psn
|turn|8
|
|move|p1a: Toxicroak|Sucker Punch|p2a: Landorus
|-damage|p2a: Landorus|64\/319 psn
|-damage|p1a: Toxicroak|273\/307|[from] item: Life Orb
|move|p2a: Landorus|Earth Power|p1a: Toxicroak
|-supereffective|p1a: Toxicroak
|-damage|p1a: Toxicroak|0 fnt
|faint|p1a: Toxicroak
|
|-weather|none
|-damage|p2a: Landorus|25\/319 psn|[from] psn
|
|switch|p1a: Politoed|Politoed, F, shiny|358\/384
|-weather|RainDance
|turn|9
|
|move|p2a: Landorus|Earth Power|p1a: Politoed
|-damage|p1a: Politoed|69\/384
|move|p1a: Politoed|Scald|p2a: Landorus
|-supereffective|p2a: Landorus
|-damage|p2a: Landorus|0 fnt
|faint|p2a: Landorus
|
|-weather|RainDance|[upkeep]
|
|switch|p2a: Manectric|Manectric-Mega, M|281\/281
|-ability|p2a: Manectric|Intimidate|[of] p1a: Politoed
|-unboost|p1a: Politoed|atk|1
|turn|10
|
|move|p2a: Manectric|Thunderbolt|p1a: Politoed
|-supereffective|p1a: Politoed
|-damage|p1a: Politoed|0 fnt
|faint|p1a: Politoed
|
|-weather|RainDance|[upkeep]
|
|switch|p1a: Greninja|Greninja, M|286\/286
|turn|11
|
|move|p2a: Manectric|Thunderbolt|p1a: Greninja
|-supereffective|p1a: Greninja
|-damage|p1a: Greninja|0 fnt
|faint|p1a: Greninja
|
|-weather|RainDance|[upkeep]
|
|switch|p1a: Kabutops|Kabutops, M|236\/262
|turn|12
|
|switch|p2a: Bisharp|Bisharp, F|271\/271
|move|p1a: Kabutops|Waterfall|p2a: Bisharp
|-damage|p2a: Bisharp|0 fnt
|-damage|p1a: Kabutops|210\/262|[from] item: Life Orb
|faint|p2a: Bisharp
|
|-weather|RainDance|[upkeep]
|
|switch|p2a: Breloom|Breloom, M|261\/261
|turn|13
|
|switch|p1a: Mawile|Mawile, F|303\/303 slp
|-ability|p1a: Mawile|Intimidate|[of] p2a: Breloom
|-unboost|p2a: Breloom|atk|1
|move|p2a: Breloom|Bullet Seed|p1a: Mawile
|-resisted|p1a: Mawile
|-damage|p1a: Mawile|277\/303 slp
|-resisted|p1a: Mawile
|-damage|p1a: Mawile|250\/303 slp
|-resisted|p1a: Mawile
|-damage|p1a: Mawile|226\/303 slp
|-hitcount|p1a: Mawile|3
|
|-weather|RainDance|[upkeep]
|turn|14
|
|switch|p2a: Terrakion|Terrakion|323\/323
|detailschange|p1a: Mawile|Mawile-Mega, F
|message|Mawile has Mega Evolved into Mega Mawile!
|cant|p1a: Mawile|slp
|
|-weather|RainDance|[upkeep]
|turn|15
|
|move|p2a: Terrakion|Earthquake|p1a: Mawile
|-supereffective|p1a: Mawile
|-damage|p1a: Mawile|0 fnt
|faint|p1a: Mawile
|
|-weather|RainDance|[upkeep]
|
|switch|p1a: Kabutops|Kabutops, M|210\/262
|turn|16
|
|switch|p2a: Manectric|Manectric-Mega, M|281\/281
|-ability|p2a: Manectric|Intimidate|[of] p1a: Kabutops
|-unboost|p1a: Kabutops|atk|1
|move|p1a: Kabutops|Waterfall|p2a: Manectric
|-crit|p2a: Manectric
|-damage|p2a: Manectric|0 fnt
|-damage|p1a: Kabutops|184\/262|[from] item: Life Orb
|faint|p2a: Manectric
|
|-weather|none
|chat|looiiyut|gg
|
|switch|p2a: Breloom|Breloom, M|261\/261
|turn|17
|
|move|p1a: Kabutops|Aqua Jet|p2a: Breloom
|-resisted|p2a: Breloom
|-damage|p2a: Breloom|226\/261
|-damage|p1a: Kabutops|158\/262|[from] item: Life Orb
|move|p2a: Breloom|Bullet Seed|p1a: Kabutops
|-supereffective|p1a: Kabutops
|-damage|p1a: Kabutops|0 fnt
|-hitcount|p1a: Kabutops|1
|faint|p1a: Kabutops
|
|win|SFNanashi
|chat|SFNanashi|gg
|chat|looiiyut|sash breelom?
|chat|SFNanashi|yeah