|join|specswobbuffet
|join|looiiyut
|player|p1|specswobbuffet|70
|player|p2|looiiyut|210
|gametype|singles
|gen|6
|tier|OU
|rated
|clearpoke
|poke|p1|Tyranitar, M
|poke|p1|Excadrill, F
|poke|p1|Gyarados, M
|poke|p1|Gothitelle, M
|poke|p1|Landorus, M
|poke|p1|Thundurus, M
|poke|p2|Heracross, F
|poke|p2|Heatran, M
|poke|p2|Clefable, F
|poke|p2|Zapdos
|poke|p2|Garchomp, M
|poke|p2|Tentacruel, F
|rule|Swagger Clause: Swagger is banned
|rule|Baton Pass Clause: Limit one PokÃ©mon knowing Baton Pass
|rule|Sleep Clause Mod: Limit one foe put to sleep
|rule|Species Clause: Limit one of each PokÃ©mon
|rule|OHKO Clause: OHKO moves are banned
|rule|Moody Clause: Moody is banned
|rule|Evasion Moves Clause: Evasion moves are banned
|rule|Endless Battle Clause: Forcing endless battles is banned
|rule|HP Percentage Mod: HP is reported as percentages
|teampreview
|join|BromerCVNO
|chat|looiiyut|gl hf
|
|start
|switch|p1a: Landorus|Landorus, M|319\/319
|switch|p2a: Heracross|Heracross, F|355\/355
|turn|1
|chat|specswobbuffet|u2!
|
|switch|p2a: Heatran|Heatran, M|385\/385
|move|p1a: Landorus|Psychic|p2a: Heatran
|-resisted|p2a: Heatran
|-damage|p2a: Heatran|328\/385
|
|-heal|p2a: Heatran|352\/385|[from] item: Leftovers
|turn|2
|
|switch|p2a: Zapdos|Zapdos|384\/384
|-ability|p2a: Zapdos|Pressure
|move|p1a: Landorus|Psychic|p2a: Zapdos
|-damage|p2a: Zapdos|231\/384
|
|-heal|p2a: Zapdos|255\/384|[from] item: Leftovers
|turn|3
|
|move|p1a: Landorus|Stealth Rock|p2a: Zapdos
|-sidestart|p2: looiiyut|move: Stealth Rock
|move|p2a: Zapdos|Hidden Power|p1a: Landorus
|-supereffective|p1a: Landorus
|-damage|p1a: Landorus|15\/319
|
|-heal|p2a: Zapdos|279\/384|[from] item: Leftovers
|turn|4
|chat|BromerCVNO|#survival
|
|switch|p1a: Thundurus|Thundurus, M|299\/299
|move|p2a: Zapdos|Heat Wave|p1a: Thundurus
|-damage|p1a: Thundurus|183\/299
|
|-heal|p2a: Zapdos|303\/384|[from] item: Leftovers
|turn|5
|
|move|p1a: Thundurus|Thunderbolt|p2a: Zapdos
|-damage|p2a: Zapdos|120\/384
|-damage|p1a: Thundurus|154\/299|[from] item: Life Orb
|move|p2a: Zapdos|Hidden Power|p1a: Thundurus
|-supereffective|p1a: Thundurus
|-damage|p1a: Thundurus|0 fnt
|faint|p1a: Thundurus
|
|-heal|p2a: Zapdos|144\/384|[from] item: Leftovers
|
|switch|p1a: Landorus|Landorus, M|15\/319
|turn|6
|
|move|p1a: Landorus|Psychic|p2a: Zapdos
|-damage|p2a: Zapdos|4\/384
|move|p2a: Zapdos|Roost|p2a: Zapdos
|-heal|p2a: Zapdos|196\/384
|
|-heal|p2a: Zapdos|220\/384|[from] item: Leftovers
|turn|7
|chat|specswobbuffet|well fuck
|
|switch|p1a: Tyranitar|Tyranitar, M|404\/404
|-weather|Sandstorm
|move|p2a: Zapdos|Heat Wave|p1a: Tyranitar
|-resisted|p1a: Tyranitar
|-damage|p1a: Tyranitar|370\/404
|
|-weather|Sandstorm|[upkeep]
|-damage|p2a: Zapdos|196\/384|[from] sandstorm
|-heal|p2a: Zapdos|220\/384|[from] item: Leftovers
|turn|8
|
|switch|p2a: Clefable|Clefable, F|394\/394
|move|p1a: Tyranitar|Crunch|p2a: Clefable
|-resisted|p2a: Clefable
|-damage|p2a: Clefable|285\/394
|-unboost|p2a: Clefable|def|1
|
|-weather|Sandstorm|[upkeep]
|-heal|p2a: Clefable|309\/394|[from] item: Leftovers
|turn|9
|
|switch|p1a: Landorus|Landorus, M|15\/319
|move|p2a: Clefable|Moonblast|p1a: Landorus
|-damage|p1a: Landorus|0 fnt
|faint|p1a: Landorus
|
|-weather|Sandstorm|[upkeep]
|-heal|p2a: Clefable|333\/394|[from] item: Leftovers
|
|switch|p1a: Excadrill|Excadrill, F|374\/374
|turn|10
|
|move|p1a: Excadrill|Rock Slide|p2a: Clefable
|-crit|p2a: Clefable
|-damage|p2a: Clefable|54\/394
|-damage|p1a: Excadrill|337\/374|[from] item: Life Orb
|move|p2a: Clefable|Flamethrower|p1a: Excadrill
|-supereffective|p1a: Excadrill
|-damage|p1a: Excadrill|151\/374
|
|-weather|Sandstorm|[upkeep]
|-heal|p2a: Clefable|78\/394|[from] item: Leftovers
|turn|11
|
|move|p1a: Excadrill|Rock Slide|p2a: Clefable
|-damage|p2a: Clefable|0 fnt
|-damage|p1a: Excadrill|114\/374|[from] item: Life Orb
|faint|p2a: Clefable
|
|-weather|none
|
|switch|p2a: Heracross|Heracross, F|355\/355
|-damage|p2a: Heracross|311\/355|[from] Stealth Rock
|turn|12
|
|switch|p1a: Tyranitar|Tyranitar, M|370\/404
|-weather|Sandstorm
|detailschange|p2a: Heracross|Heracross-Mega, F
|message|Heracross has Mega Evolved into Mega Heracross!
|move|p2a: Heracross|Pin Missile|p1a: Tyranitar
|-crit|p1a: Tyranitar
|-supereffective|p1a: Tyranitar
|-damage|p1a: Tyranitar|188\/404
|-supereffective|p1a: Tyranitar
|-damage|p1a: Tyranitar|62\/404
|-supereffective|p1a: Tyranitar
|-damage|p1a: Tyranitar|0 fnt
|-hitcount|p1a: Tyranitar|3
|faint|p1a: Tyranitar
|
|-weather|Sandstorm|[upkeep]
|-damage|p2a: Heracross|289\/355|[from] sandstorm
|chat|BromerCVNO|why?
|
|switch|p1a: Excadrill|Excadrill, F|114\/374
|turn|13
|chat|specswobbuffet|what else?
|
|move|p1a: Excadrill|Iron Head|p2a: Heracross
|-damage|p2a: Heracross|90\/355
|-damage|p1a: Excadrill|77\/374|[from] item: Life Orb
|move|p2a: Heracross|Close Combat|p1a: Excadrill
|-supereffective|p1a: Excadrill
|-damage|p1a: Excadrill|0 fnt
|-unboost|p2a: Heracross|def|1
|-unboost|p2a: Heracross|spd|1
|faint|p1a: Excadrill
|
|-weather|Sandstorm|[upkeep]
|-damage|p2a: Heracross|68\/355|[from] sandstorm
|chat|specswobbuffet|that flinch was my only chance
|
|switch|p1a: Gyarados|Gyarados, M|331\/331
|-ability|p1a: Gyarados|Intimidate|[of] p2a: Heracross
|-unboost|p2a: Heracross|atk|1
|turn|14
|chat|BromerCVNO|i guess you are right
|
|move|p1a: Gyarados|Dragon Dance|p1a: Gyarados
|-boost|p1a: Gyarados|atk|1
|-boost|p1a: Gyarados|spe|1
|move|p2a: Heracross|Pin Missile|p1a: Gyarados
|-resisted|p1a: Gyarados
|-damage|p1a: Gyarados|307\/331
|-resisted|p1a: Gyarados
|-damage|p1a: Gyarados|282\/331
|-resisted|p1a: Gyarados
|-damage|p1a: Gyarados|257\/331
|-resisted|p1a: Gyarados
|-damage|p1a: Gyarados|232\/331
|-resisted|p1a: Gyarados
|-damage|p1a: Gyarados|206\/331
|-hitcount|p1a: Gyarados|5
|
|-weather|Sandstorm|[upkeep]
|-damage|p1a: Gyarados|186\/331|[from] sandstorm
|-damage|p2a: Heracross|46\/355|[from] sandstorm
|turn|15
|chat|BromerCVNO|why the pin missle?
|
|move|p1a: Gyarados|Waterfall|p2a: Heracross
|-damage|p2a: Heracross|0 fnt
|faint|p2a: Heracross
|
|-weather|Sandstorm|[upkeep]
|-damage|p1a: Gyarados|166\/331|[from] sandstorm
|
|switch|p2a: Garchomp|Garchomp, M|357\/357
|-damage|p2a: Garchomp|335\/357|[from] Stealth Rock
|turn|16
|
|detailschange|p1a: Gyarados|Gyarados-Mega, M
|message|Gyarados has Mega Evolved into Mega Gyarados!
|-ability|p1a: Gyarados|Mold Breaker
|move|p2a: Garchomp|Outrage|p1a: Gyarados
|-damage|p1a: Gyarados|0 fnt
|faint|p1a: Gyarados
|
|-weather|none
|chat|specswobbuffet|gg
|chat|BromerCVNO|fackin scarf
|
|switch|p1a: Gothitelle|Gothitelle, M|312\/312
|turn|17
|chat|specswobbuffet|shouldve gone for 1 more dd
|
|move|p2a: Garchomp|Outrage|p1a: Gothitelle
|-damage|p1a: Gothitelle|87\/312
|move|p1a: Gothitelle|Psyshock|p2a: Garchomp
|-damage|p2a: Garchomp|152\/357
|
|turn|18
|
|move|p2a: Garchomp|Outrage|p1a: Gothitelle
|-damage|p1a: Gothitelle|0 fnt
|faint|p1a: Gothitelle
|
|win|looiiyut
|raw|Ladder updating...
|raw|specswobbuffet's rating: 1778 &rarr; <strong>1749<\/strong><br \/>(-29 for losing)
|raw|looiiyut's rating: 1599 &rarr; <strong>1629<\/strong><br \/>(+30 for winning)
|leave|BromerCVNO
|chat|looiiyut|gg
|leave|specswobbuffet
|player|p1