|join|Psychic Zen
|join|looiiyut
|player|p1|Psychic Zen|101
|player|p2|looiiyut|210
|gametype|singles
|gen|6
|tier|OU
|rated
|clearpoke
|poke|p1|Politoed, F
|poke|p1|Kingdra, M
|poke|p1|Kabutops, F
|poke|p1|Latias, F
|poke|p1|Ferrothorn, M
|poke|p1|Gardevoir, F
|poke|p2|Heracross, F
|poke|p2|Sylveon, F
|poke|p2|Scizor, F
|poke|p2|Zapdos
|poke|p2|Keldeo
|poke|p2|Tyranitar, F
|rule|Swagger Clause: Swagger is banned
|rule|Baton Pass Clause: Limit one PokÃ©mon knowing Baton Pass
|rule|Sleep Clause Mod: Limit one foe put to sleep
|rule|Species Clause: Limit one of each PokÃ©mon
|rule|OHKO Clause: OHKO moves are banned
|rule|Moody Clause: Moody is banned
|rule|Evasion Moves Clause: Evasion moves are banned
|rule|Endless Battle Clause: Forcing endless battles is banned
|rule|HP Percentage Mod: HP is reported as percentages
|teampreview
|
|start
|switch|p1a: Politoed|Politoed, F|384\/384
|switch|p2a: Heracross|Heracross, F|321\/321
|-weather|RainDance
|turn|1
|
|detailschange|p2a: Heracross|Heracross-Mega, F
|message|Heracross has Mega Evolved into Mega Heracross!
|move|p2a: Heracross|Close Combat|p1a: Politoed
|-damage|p1a: Politoed|131\/384
|-unboost|p2a: Heracross|def|1
|-unboost|p2a: Heracross|spd|1
|move|p1a: Politoed|Scald|p2a: Heracross
|-damage|p2a: Heracross|119\/321
|
|-weather|RainDance|[upkeep]
|turn|2
|
|move|p1a: Politoed|Protect|p1a: Politoed
|-singleturn|p1a: Politoed|Protect
|move|p2a: Heracross|Close Combat|p1a: Politoed
|-activate|p1a: Politoed|Protect
|
|-weather|RainDance|[upkeep]
|turn|3
|
|switch|p1a: Latias|Latias, F|322\/322
|move|p2a: Heracross|Pin Missile|p1a: Latias
|-supereffective|p1a: Latias
|-damage|p1a: Latias|176\/322
|-supereffective|p1a: Latias
|-damage|p1a: Latias|36\/322
|-supereffective|p1a: Latias
|-damage|p1a: Latias|0 fnt
|-hitcount|p1a: Latias|3
|faint|p1a: Latias
|
|-weather|RainDance|[upkeep]
|
|switch|p1a: Gardevoir|Gardevoir, F|278\/278
|-ability|p1a: Gardevoir|Skill Link|[from] ability: Trace|[of] p2a: Heracross
|turn|4
|
|switch|p2a: Tyranitar|Tyranitar, F|404\/404
|-weather|Sandstorm
|detailschange|p1a: Gardevoir|Gardevoir-Mega, F
|message|Gardevoir has Mega Evolved into Mega Gardevoir!
|move|p1a: Gardevoir|Hyper Voice|p2a: Tyranitar
|-supereffective|p2a: Tyranitar
|-damage|p2a: Tyranitar|98\/404
|
|-weather|Sandstorm|[upkeep]
|-damage|p1a: Gardevoir|261\/278|[from] sandstorm
|-heal|p2a: Tyranitar|123\/404|[from] item: Leftovers
|turn|5
|
|switch|p2a: Scizor|Scizor, F|343\/343
|move|p1a: Gardevoir|Hyper Voice|p2a: Scizor
|-resisted|p2a: Scizor
|-damage|p2a: Scizor|235\/343
|
|-weather|Sandstorm|[upkeep]
|-damage|p1a: Gardevoir|244\/278|[from] sandstorm
|-heal|p2a: Scizor|256\/343|[from] item: Leftovers
|turn|6
|
|switch|p1a: Ferrothorn|Ferrothorn, M|352\/352
|move|p2a: Scizor|U-turn|p1a: Ferrothorn
|-damage|p1a: Ferrothorn|288\/352
|-damage|p2a: Scizor|214\/343|[from] ability: Iron Barbs|[of] p1a: Ferrothorn
|
|switch|p2a: Sylveon|Sylveon, F|394\/394
|
|-weather|Sandstorm|[upkeep]
|-damage|p2a: Sylveon|370\/394|[from] sandstorm
|-heal|p2a: Sylveon|394\/394|[from] item: Leftovers
|-heal|p1a: Ferrothorn|310\/352|[from] item: Leftovers
|turn|7
|
|move|p2a: Sylveon|Wish|p2a: Sylveon
|move|p1a: Ferrothorn|Stealth Rock|p2a: Sylveon
|-sidestart|p2: looiiyut|move: Stealth Rock
|
|-weather|Sandstorm|[upkeep]
|-damage|p2a: Sylveon|370\/394|[from] sandstorm
|-heal|p2a: Sylveon|394\/394|[from] item: Leftovers
|-heal|p1a: Ferrothorn|332\/352|[from] item: Leftovers
|turn|8
|
|switch|p2a: Heracross|Heracross-Mega, F|119\/321
|-damage|p2a: Heracross|79\/321|[from] Stealth Rock
|move|p1a: Ferrothorn|Thunder Wave|p2a: Heracross
|-status|p2a: Heracross|par
|
|-weather|none
|-heal|p2a: Heracross|276\/321 par|[from] move: Wish|[wisher] Sylveon
|-heal|p1a: Ferrothorn|352\/352|[from] item: Leftovers
|turn|9
|
|switch|p2a: Sylveon|Sylveon, F|394\/394
|-damage|p2a: Sylveon|345\/394|[from] Stealth Rock
|move|p1a: Ferrothorn|Leech Seed|p2a: Sylveon|[miss]
|-miss|p1a: Ferrothorn|p2a: Sylveon
|
|-heal|p2a: Sylveon|369\/394|[from] item: Leftovers
|turn|10
|
|move|p2a: Sylveon|Heal Bell|p2a: Sylveon
|-cureteam|p2a: Sylveon|[from] move: HealBell
|move|p1a: Ferrothorn|Leech Seed|p2a: Sylveon
|-start|p2a: Sylveon|move: Leech Seed
|
|-heal|p2a: Sylveon|393\/394|[from] item: Leftovers
|-damage|p2a: Sylveon|344\/394|[from] Leech Seed|[of] p1a: Ferrothorn
|turn|11
|
|switch|p2a: Scizor|Scizor, F|214\/343
|-damage|p2a: Scizor|172\/343|[from] Stealth Rock
|move|p1a: Ferrothorn|Thunder Wave|p2a: Scizor
|-status|p2a: Scizor|par
|
|-heal|p2a: Scizor|193\/343 par|[from] item: Leftovers
|turn|12
|
|move|p1a: Ferrothorn|Knock Off|p2a: Scizor
|-damage|p2a: Scizor|115\/343 par
|-enditem|p2a: Scizor|Leftovers|[from] move: Knock Off|[of] p1a: Ferrothorn
|move|p2a: Scizor|Roost|p2a: Scizor
|-heal|p2a: Scizor|287\/343 par
|
|turn|13
|
|switch|p2a: Sylveon|Sylveon, F|344\/394
|-damage|p2a: Sylveon|295\/394|[from] Stealth Rock
|move|p1a: Ferrothorn|Leech Seed|p2a: Sylveon
|-start|p2a: Sylveon|move: Leech Seed
|
|-heal|p2a: Sylveon|319\/394|[from] item: Leftovers
|-damage|p2a: Sylveon|270\/394|[from] Leech Seed|[of] p1a: Ferrothorn
|turn|14
|
|move|p2a: Sylveon|Wish|p2a: Sylveon
|move|p1a: Ferrothorn|Thunder Wave|p2a: Sylveon
|-status|p2a: Sylveon|par
|
|-heal|p2a: Sylveon|294\/394 par|[from] item: Leftovers
|-damage|p2a: Sylveon|245\/394 par|[from] Leech Seed|[of] p1a: Ferrothorn
|turn|15
|
|switch|p2a: Tyranitar|Tyranitar, F|123\/404
|-damage|p2a: Tyranitar|73\/404|[from] Stealth Rock
|-weather|Sandstorm
|move|p1a: Ferrothorn|Thunder Wave|p2a: Tyranitar
|-status|p2a: Tyranitar|par
|
|-weather|Sandstorm|[upkeep]
|-heal|p2a: Tyranitar|270\/404 par|[from] move: Wish|[wisher] Sylveon
|-heal|p2a: Tyranitar|295\/404 par|[from] item: Leftovers
|turn|16
|
|move|p1a: Ferrothorn|Leech Seed|p2a: Tyranitar
|-start|p2a: Tyranitar|move: Leech Seed
|move|p2a: Tyranitar|Fire Blast|p1a: Ferrothorn
|-crit|p1a: Ferrothorn
|-supereffective|p1a: Ferrothorn
|-damage|p1a: Ferrothorn|0 fnt
|faint|p1a: Ferrothorn
|
|-weather|Sandstorm|[upkeep]
|-heal|p2a: Tyranitar|320\/404 par|[from] item: Leftovers
|
|switch|p1a: Politoed|Politoed, F|131\/384
|-weather|RainDance
|turn|17
|
|switch|p2a: Keldeo|Keldeo|323\/323
|-damage|p2a: Keldeo|303\/323|[from] Stealth Rock
|move|p1a: Politoed|Scald|p2a: Keldeo
|-resisted|p2a: Keldeo
|-damage|p2a: Keldeo|231\/323
|
|-weather|RainDance|[upkeep]
|turn|18
|
|move|p1a: Politoed|Protect|p1a: Politoed
|-singleturn|p1a: Politoed|Protect
|move|p2a: Keldeo|Scald|p1a: Politoed
|-activate|p1a: Politoed|Protect
|
|-weather|RainDance|[upkeep]
|turn|19
|
|switch|p2a: Sylveon|Sylveon, F|245\/394 par
|-damage|p2a: Sylveon|196\/394 par|[from] Stealth Rock
|move|p1a: Politoed|Toxic|p2a: Sylveon
|-fail|p2a: Sylveon
|
|-weather|RainDance|[upkeep]
|-heal|p2a: Sylveon|220\/394 par|[from] item: Leftovers
|turn|20
|
|move|p1a: Politoed|Scald|p2a: Sylveon
|-damage|p2a: Sylveon|126\/394 par
|move|p2a: Sylveon|Heal Bell|p2a: Sylveon
|-cureteam|p2a: Sylveon|[from] move: HealBell
|
|-weather|RainDance|[upkeep]
|-heal|p2a: Sylveon|150\/394|[from] item: Leftovers
|turn|21
|
|switch|p1a: Gardevoir|Gardevoir-Mega, F|244\/278
|move|p2a: Sylveon|Hyper Voice|p1a: Gardevoir
|-damage|p1a: Gardevoir|127\/278
|
|-weather|RainDance|[upkeep]
|-heal|p2a: Sylveon|174\/394|[from] item: Leftovers
|turn|22
|
|move|p2a: Sylveon|Protect|p2a: Sylveon
|-singleturn|p2a: Sylveon|Protect
|move|p1a: Gardevoir|Psyshock|p2a: Sylveon
|-activate|p2a: Sylveon|Protect
|
|-weather|RainDance|[upkeep]
|-heal|p2a: Sylveon|198\/394|[from] item: Leftovers
|turn|23
|
|switch|p1a: Kingdra|Kingdra, M|291\/291
|move|p2a: Sylveon|Wish|p2a: Sylveon
|
|-weather|RainDance|[upkeep]
|-heal|p2a: Sylveon|222\/394|[from] item: Leftovers
|turn|24
|
|move|p2a: Sylveon|Protect|p2a: Sylveon
|-singleturn|p2a: Sylveon|Protect
|move|p1a: Kingdra|Hydro Pump|p2a: Sylveon
|-activate|p2a: Sylveon|Protect
|
|-weather|none
|-heal|p2a: Sylveon|394\/394|[from] move: Wish|[wisher] Sylveon
|turn|25
|
|switch|p1a: Politoed|Politoed, F|131\/384
|-weather|RainDance
|move|p2a: Sylveon|Hyper Voice|p1a: Politoed
|-damage|p1a: Politoed|0 fnt
|faint|p1a: Politoed
|
|-weather|RainDance|[upkeep]
|
|switch|p1a: Kabutops|Kabutops, F|262\/262
|turn|26
|
|switch|p2a: Tyranitar|Tyranitar, F|320\/404
|-damage|p2a: Tyranitar|270\/404|[from] Stealth Rock
|-weather|Sandstorm
|move|p1a: Kabutops|Waterfall|p2a: Tyranitar
|-crit|p2a: Tyranitar
|-supereffective|p2a: Tyranitar
|-damage|p2a: Tyranitar|0 fnt
|-damage|p1a: Kabutops|236\/262|[from] item: Life Orb
|faint|p2a: Tyranitar
|
|-weather|Sandstorm|[upkeep]
|
|switch|p2a: Keldeo|Keldeo|231\/323
|-damage|p2a: Keldeo|211\/323|[from] Stealth Rock
|turn|27
|
|move|p1a: Kabutops|Aqua Jet|p2a: Keldeo
|-resisted|p2a: Keldeo
|-damage|p2a: Keldeo|162\/323
|-damage|p1a: Kabutops|210\/262|[from] item: Life Orb
|move|p2a: Keldeo|Secret Sword|p1a: Kabutops
|-supereffective|p1a: Kabutops
|-damage|p1a: Kabutops|0 fnt
|faint|p1a: Kabutops
|
|-weather|Sandstorm|[upkeep]
|-damage|p2a: Keldeo|142\/323|[from] sandstorm
|
|switch|p1a: Kingdra|Kingdra, M|291\/291
|turn|28
|
|move|p2a: Keldeo|Secret Sword|p1a: Kingdra
|-damage|p1a: Kingdra|108\/291
|move|p1a: Kingdra|Surf|p2a: Keldeo
|-resisted|p2a: Keldeo
|-damage|p2a: Keldeo|37\/323
|
|-weather|Sandstorm|[upkeep]
|-damage|p2a: Keldeo|17\/323|[from] sandstorm
|-damage|p1a: Kingdra|90\/291|[from] sandstorm
|turn|29
|
|move|p2a: Keldeo|Secret Sword|p1a: Kingdra
|-damage|p1a: Kingdra|0 fnt
|faint|p1a: Kingdra
|
|-weather|Sandstorm|[upkeep]
|-damage|p2a: Keldeo|0 fnt|[from] sandstorm
|faint|p2a: Keldeo
|
|switch|p1a: Gardevoir|Gardevoir-Mega, F|127\/278
|switch|p2a: Scizor|Scizor, F|287\/343
|-damage|p2a: Scizor|245\/343|[from] Stealth Rock
|turn|30
|
|move|p2a: Scizor|Bullet Punch|p1a: Gardevoir
|-supereffective|p1a: Gardevoir
|-damage|p1a: Gardevoir|0 fnt
|faint|p1a: Gardevoir
|
|win|looiiyut
|raw|Ladder updating...
|raw|Psychic Zen's rating: 1757 &rarr; <strong>1731<\/strong><br \/>(-26 for losing)
|raw|looiiyut's rating: 1641 &rarr; <strong>1668<\/strong><br \/>(+27 for winning)
|leave|Psychic Zen
|player|p1