|join|SeasonsLLL
|join|looiiyut
|player|p1|SeasonsLLL|96
|player|p2|looiiyut|210
|gametype|singles
|gen|6
|tier|OU
|rated
|clearpoke
|poke|p1|Hawlucha, F
|poke|p1|Gardevoir, F
|poke|p1|Heatran, M
|poke|p1|Keldeo
|poke|p1|Landorus-Therian, M
|poke|p1|Rotom-Wash
|poke|p2|Camerupt, F
|poke|p2|Clefable, M
|poke|p2|Chesnaught, F
|poke|p2|Bronzong
|poke|p2|Tentacruel, M
|poke|p2|Tyranitar, M
|rule|Swagger Clause: Swagger is banned
|rule|Baton Pass Clause: Limit one PokÃ©mon knowing Baton Pass
|rule|Sleep Clause Mod: Limit one foe put to sleep
|rule|Species Clause: Limit one of each PokÃ©mon
|rule|OHKO Clause: OHKO moves are banned
|rule|Moody Clause: Moody is banned
|rule|Evasion Moves Clause: Evasion moves are banned
|rule|Endless Battle Clause: Forcing endless battles is banned
|rule|HP Percentage Mod: HP is shown in percentages
|teampreview
|c|âSeasonsLLL|dam
|c|âSeasonsLLL|u dont see mega t-tar
|c|âSeasonsLLL|that often
|c|âlooiiyut|gl hf
|
|start
|switch|p1a: Keldeo|Keldeo|323\/323
|switch|p2a: Camerupt|Camerupt, F|344\/344
|turn|1
|c|âSeasonsLLL|hf
|
|switch|p1a: Rotom-Wash|Rotom-Wash|304\/304
|switch|p2a: Tentacruel|Tentacruel, M|364\/364
|
|turn|2
|
|move|p2a: Tentacruel|Giga Drain|p1a: Rotom-Wash
|-supereffective|p1a: Rotom-Wash
|-damage|p1a: Rotom-Wash|212\/304
|move|p1a: Rotom-Wash|Will-O-Wisp|p2a: Tentacruel
|-status|p2a: Tentacruel|brn
|
|-heal|p1a: Rotom-Wash|231\/304|[from] item: Leftovers
|-damage|p2a: Tentacruel|319\/364 brn|[from] brn
|turn|3
|
|move|p2a: Tentacruel|Giga Drain|p1a: Rotom-Wash
|-supereffective|p1a: Rotom-Wash
|-damage|p1a: Rotom-Wash|137\/304
|-heal|p2a: Tentacruel|364\/364 brn|[from] drain|[of] p1a: Rotom-Wash
|move|p1a: Rotom-Wash|Volt Switch|p2a: Tentacruel
|-supereffective|p2a: Tentacruel
|-damage|p2a: Tentacruel|230\/364 brn
|
|switch|p1a: Gardevoir|Gardevoir, F|277\/277
|-ability|p1a: Gardevoir|Liquid Ooze|[from] ability: Trace|[of] p2a: Tentacruel
|
|-heal|p2a: Tentacruel|252\/364 brn|[from] item: Black Sludge
|-damage|p2a: Tentacruel|207\/364 brn|[from] brn
|turn|4
|
|switch|p1a: Heatran|Heatran, M|386\/386
|switch|p2a: Bronzong|Bronzong|338\/338
|
|turn|5
|
|switch|p2a: Tyranitar|Tyranitar, M|404\/404
|-weather|Sandstorm
|move|p1a: Heatran|Taunt|p2a: Tyranitar
|-start|p2a: Tyranitar|move: Taunt
|
|-weather|Sandstorm|[upkeep]
|turn|6
|
|switch|p1a: Landorus-Therian|Landorus-Therian, M|320\/320
|-ability|p1a: Landorus-Therian|Intimidate|[of] p2a: Tyranitar
|-unboost|p2a: Tyranitar|atk|1
|move|p2a: Tyranitar|Crunch|p1a: Landorus-Therian
|-damage|p1a: Landorus-Therian|223\/320
|
|-weather|Sandstorm|[upkeep]
|turn|7
|
|switch|p2a: Chesnaught|Chesnaught, F|379\/379
|move|p1a: Landorus-Therian|U-turn|p2a: Chesnaught
|-damage|p2a: Chesnaught|303\/379
|
|switch|p1a: Gardevoir|Gardevoir, F|277\/277
|-ability|p1a: Gardevoir|Bulletproof|[from] ability: Trace|[of] p2a: Chesnaught
|
|-weather|Sandstorm|[upkeep]
|-damage|p1a: Gardevoir|260\/277|[from] sandstorm
|-damage|p2a: Chesnaught|280\/379|[from] sandstorm
|-heal|p2a: Chesnaught|303\/379|[from] item: Leftovers
|turn|8
|
|switch|p1a: Heatran|Heatran, M|386\/386
|switch|p2a: Bronzong|Bronzong|338\/338
|
|-weather|Sandstorm|[upkeep]
|turn|9
|
|switch|p2a: Tyranitar|Tyranitar, M|404\/404
|move|p1a: Heatran|Stealth Rock|p2a: Tyranitar
|-sidestart|p2: looiiyut|move: Stealth Rock
|
|-weather|none
|turn|10
|
|move|p2a: Tyranitar|Pursuit|p1a: Heatran|[from]Pursuit
|-damage|p1a: Heatran|257\/386
|switch|p1a: Keldeo|Keldeo|323\/323
|
|turn|11
|
|switch|p2a: Clefable|Clefable, M|394\/394
|-damage|p2a: Clefable|345\/394|[from] Stealth Rock
|move|p1a: Keldeo|Scald|p2a: Clefable
|-damage|p2a: Clefable|104\/394
|
|-heal|p2a: Clefable|128\/394|[from] item: Leftovers
|turn|12
|
|switch|p2a: Tentacruel|Tentacruel, M|207\/364 brn
|-damage|p2a: Tentacruel|162\/364 brn|[from] Stealth Rock
|move|p1a: Keldeo|Scald|p2a: Tentacruel
|-resisted|p2a: Tentacruel
|-damage|p2a: Tentacruel|83\/364 brn
|
|-heal|p2a: Tentacruel|105\/364 brn|[from] item: Black Sludge
|-damage|p2a: Tentacruel|60\/364 brn|[from] brn
|turn|13
|
|move|p1a: Keldeo|Scald|p2a: Tentacruel
|-resisted|p2a: Tentacruel
|-damage|p2a: Tentacruel|0 fnt
|faint|p2a: Tentacruel
|
|
|switch|p2a: Bronzong|Bronzong|338\/338
|-damage|p2a: Bronzong|317\/338|[from] Stealth Rock
|turn|14
|
|move|p1a: Keldeo|Scald|p2a: Bronzong
|-damage|p2a: Bronzong|136\/338
|-status|p2a: Bronzong|brn
|move|p2a: Bronzong|Trick Room|p2a: Bronzong
|-fieldstart|move: Trick Room|[of] p2a: Bronzong
|
|-heal|p2a: Bronzong|157\/338 brn|[from] item: Leftovers
|-damage|p2a: Bronzong|115\/338 brn|[from] brn
|turn|15
|
|switch|p1a: Heatran|Heatran, M|257\/386
|move|p2a: Bronzong|Explosion|p1a: Heatran
|-resisted|p1a: Heatran
|-damage|p1a: Heatran|176\/386
|faint|p2a: Bronzong
|
|-heal|p1a: Heatran|200\/386|[from] item: Leftovers
|
|switch|p2a: Camerupt|Camerupt, F|344\/344
|-damage|p2a: Camerupt|301\/344|[from] Stealth Rock
|turn|16
|
|switch|p1a: Rotom-Wash|Rotom-Wash|137\/304
|detailschange|p2a: Camerupt|Camerupt-Mega, F
|message|Camerupt has Mega Evolved into Mega Camerupt!
|move|p2a: Camerupt|Fire Blast|p1a: Rotom-Wash
|-resisted|p1a: Rotom-Wash
|-damage|p1a: Rotom-Wash|0 fnt
|faint|p1a: Rotom-Wash
|
|c|âSeasonsLLL|omg
|c|âSeasonsLLL|how did u know
|c|âSeasonsLLL|this is gonna be dangerous
|
|switch|p1a: Keldeo|Keldeo|323\/323
|turn|17
|
|switch|p1a: Landorus-Therian|Landorus-Therian, M|223\/320
|-ability|p1a: Landorus-Therian|Intimidate|[of] p2a: Camerupt
|-unboost|p2a: Camerupt|atk|1
|move|p2a: Camerupt|Earth Power|p1a: Landorus-Therian
|-immune|p1a: Landorus-Therian|[msg]
|
|turn|18
|
|switch|p1a: Heatran|Heatran, M|200\/386
|move|p2a: Camerupt|Fire Blast|p1a: Heatran
|-start|p1a: Heatran|ability: Flash Fire
|
|-heal|p1a: Heatran|224\/386|[from] item: Leftovers
|-fieldend|move: Trick Room
|turn|19
|
|move|p1a: Heatran|Toxic|p2a: Camerupt|[miss]
|-miss|p1a: Heatran|p2a: Camerupt
|move|p2a: Camerupt|Earth Power|p1a: Heatran
|-supereffective|p1a: Heatran
|-damage|p1a: Heatran|0 fnt
|faint|p1a: Heatran
|
|
|switch|p1a: Keldeo|Keldeo|323\/323
|turn|20
|
|switch|p2a: Clefable|Clefable, M|128\/394
|-damage|p2a: Clefable|79\/394|[from] Stealth Rock
|move|p1a: Keldeo|Scald|p2a: Clefable
|-damage|p2a: Clefable|0 fnt
|faint|p2a: Clefable
|
|
|switch|p2a: Chesnaught|Chesnaught, F|303\/379
|-damage|p2a: Chesnaught|280\/379|[from] Stealth Rock
|turn|21
|c|âlooiiyut|c'mon
|c|âlooiiyut|i've lost
|c|âSeasonsLLL|sorry
|c|âSeasonsLLL|im gonna speed up
|c|âSeasonsLLL|playing another match
|
|switch|p1a: Hawlucha|Hawlucha, F|298\/298
|move|p2a: Chesnaught|Leech Seed|p1a: Hawlucha|[miss]
|-miss|p2a: Chesnaught|p1a: Hawlucha
|
|-heal|p2a: Chesnaught|303\/379|[from] item: Leftovers
|turn|22
|c|âlooiiyut|since 10 turn
|
|move|p1a: Hawlucha|Substitute|p1a: Hawlucha
|-start|p1a: Hawlucha|Substitute
|-damage|p1a: Hawlucha|224\/298
|move|p2a: Chesnaught|Drain Punch|p1a: Hawlucha
|-resisted|p1a: Hawlucha
|-activate|p1a: Hawlucha|Substitute|[damage]
|-heal|p2a: Chesnaught|335\/379|[from] drain|[of] p1a: Hawlucha
|
|-heal|p2a: Chesnaught|358\/379|[from] item: Leftovers
|turn|23
|c|âSeasonsLLL|u can forfeit if u want, i dont mind
|c|âSeasonsLLL|but ill speed up
|
|move|p1a: Hawlucha|Swords Dance|p1a: Hawlucha
|-boost|p1a: Hawlucha|atk|2
|move|p2a: Chesnaught|Drain Punch|p1a: Hawlucha
|-resisted|p1a: Hawlucha
|-end|p1a: Hawlucha|Substitute
|-heal|p2a: Chesnaught|364\/379|[from] drain|[of] p1a: Hawlucha
|
|-heal|p2a: Chesnaught|379\/379|[from] item: Leftovers
|turn|24
|-message|looiiyut forfeited.
|
|win|SeasonsLLL
|raw|Ladder updating...
|c|âlooiiyut|gg
|leave|SeasonsLLL
|player|p1
|raw|SeasonsLLL's rating: 1574 &rarr; <strong>1589<\/strong><br \/>(+15 for winning)
|raw|looiiyut's rating: 1475 &rarr; <strong>1461<\/strong><br \/>(-14 for losing)
|join|SeasonsLLL
|leave|looiiyut
|player|p2
|leave|SeasonsLLL