|join|bball123
|join|looiiyut
|player|p1|bball123|102
|player|p2|looiiyut|210
|gametype|singles
|gen|6
|tier|OU
|rated
|clearpoke
|poke|p1|Mamoswine, M
|poke|p1|Breloom, M
|poke|p1|Mawile, F
|poke|p1|Thundurus, M
|poke|p1|Greninja, M
|poke|p1|Latias, F
|poke|p2|Heracross, F
|poke|p2|Sylveon, F
|poke|p2|Zapdos
|poke|p2|Keldeo
|poke|p2|Heatran, F
|poke|p2|Mew
|rule|Swagger Clause: Swagger is banned
|rule|Baton Pass Clause: Limit one PokÃ©mon knowing Baton Pass
|rule|Sleep Clause Mod: Limit one foe put to sleep
|rule|Species Clause: Limit one of each PokÃ©mon
|rule|OHKO Clause: OHKO moves are banned
|rule|Moody Clause: Moody is banned
|rule|Evasion Moves Clause: Evasion moves are banned
|rule|Endless Battle Clause: Forcing endless battles is banned
|rule|HP Percentage Mod: HP is reported as percentages
|teampreview
|
|start
|switch|p1a: Greninja|Greninja, M|286\/286
|switch|p2a: Heracross|Heracross, F|321\/321
|turn|1
|
|detailschange|p2a: Heracross|Heracross-Mega, F
|message|Heracross has Mega Evolved into Mega Heracross!
|move|p1a: Greninja|Extrasensory|p2a: Heracross
|-start|p1a: Greninja|typechange|Psychic|[from] Protean
|-supereffective|p2a: Heracross
|-damage|p2a: Heracross|38\/321
|-damage|p1a: Greninja|258\/286|[from] item: Life Orb
|move|p2a: Heracross|Pin Missile|p1a: Greninja
|-supereffective|p1a: Greninja
|-damage|p1a: Greninja|94\/286
|-supereffective|p1a: Greninja
|-damage|p1a: Greninja|0 fnt
|-hitcount|p1a: Greninja|2
|faint|p1a: Greninja
|
|
|switch|p1a: Thundurus|Thundurus, M|298\/298
|turn|2
|
|switch|p2a: Sylveon|Sylveon, F|394\/394
|move|p1a: Thundurus|Knock Off|p2a: Sylveon
|-resisted|p2a: Sylveon
|-damage|p2a: Sylveon|333\/394
|-enditem|p2a: Sylveon|Leftovers|[from] move: Knock Off|[of] p1a: Thundurus
|-damage|p1a: Thundurus|269\/298|[from] item: Life Orb
|
|turn|3
|
|switch|p1a: Mamoswine|Mamoswine, M|361\/361
|move|p2a: Sylveon|Hyper Voice|p1a: Mamoswine
|-damage|p1a: Mamoswine|127\/361
|
|turn|4
|
|move|p1a: Mamoswine|Earthquake|p2a: Sylveon
|-damage|p2a: Sylveon|162\/394
|move|p2a: Sylveon|Hyper Voice|p1a: Mamoswine
|-damage|p1a: Mamoswine|0 fnt
|faint|p1a: Mamoswine
|
|
|switch|p1a: Breloom|Breloom, M|261\/261
|turn|5
|
|switch|p2a: Zapdos|Zapdos|383\/383
|-ability|p2a: Zapdos|Pressure
|move|p1a: Breloom|Bullet Seed|p2a: Zapdos
|-resisted|p2a: Zapdos
|-damage|p2a: Zapdos|343\/383
|-resisted|p2a: Zapdos
|-damage|p2a: Zapdos|301\/383
|-resisted|p2a: Zapdos
|-damage|p2a: Zapdos|259\/383
|-resisted|p2a: Zapdos
|-damage|p2a: Zapdos|220\/383
|-hitcount|p2a: Zapdos|4
|
|turn|6
|
|switch|p1a: Latias|Latias, F|309\/309
|move|p2a: Zapdos|Hidden Power|p1a: Latias
|-supereffective|p1a: Latias
|-damage|p1a: Latias|191\/309
|
|turn|7
|
|switch|p2a: Heatran|Heatran, F|386\/386
|move|p1a: Latias|Psyshock|p2a: Heatran
|-resisted|p2a: Heatran
|-damage|p2a: Heatran|312\/386
|-damage|p1a: Latias|161\/309|[from] item: Life Orb
|
|-heal|p2a: Heatran|336\/386|[from] item: Leftovers
|turn|8
|
|switch|p1a: Thundurus|Thundurus, M|269\/298
|move|p2a: Heatran|Stealth Rock|p1a: Thundurus
|-sidestart|p1: bball123|move: Stealth Rock
|
|-heal|p2a: Heatran|360\/386|[from] item: Leftovers
|turn|9
|
|move|p1a: Thundurus|Superpower|p2a: Heatran
|-crit|p2a: Heatran
|-supereffective|p2a: Heatran
|-damage|p2a: Heatran|0 fnt
|-unboost|p1a: Thundurus|atk|1
|-unboost|p1a: Thundurus|def|1
|-damage|p1a: Thundurus|240\/298|[from] item: Life Orb
|faint|p2a: Heatran
|
|
|switch|p2a: Sylveon|Sylveon, F|162\/394
|turn|10
|
|move|p1a: Thundurus|Thunderbolt|p2a: Sylveon
|-damage|p2a: Sylveon|9\/394
|-damage|p1a: Thundurus|211\/298|[from] item: Life Orb
|move|p2a: Sylveon|Wish|p2a: Sylveon
|
|turn|11
|
|move|p2a: Sylveon|Protect|p2a: Sylveon
|-singleturn|p2a: Sylveon|Protect
|move|p1a: Thundurus|Thunderbolt|p2a: Sylveon
|-activate|p2a: Sylveon|Protect
|
|-heal|p2a: Sylveon|206\/394|[from] move: Wish|[wisher] Sylveon
|turn|12
|
|move|p1a: Thundurus|Thunderbolt|p2a: Sylveon
|-damage|p2a: Sylveon|68\/394
|-damage|p1a: Thundurus|182\/298|[from] item: Life Orb
|move|p2a: Sylveon|Wish|p2a: Sylveon
|
|turn|13
|
|move|p2a: Sylveon|Protect|p2a: Sylveon
|-singleturn|p2a: Sylveon|Protect
|move|p1a: Thundurus|Thunderbolt|p2a: Sylveon
|-activate|p2a: Sylveon|Protect
|
|-heal|p2a: Sylveon|265\/394|[from] move: Wish|[wisher] Sylveon
|turn|14
|
|switch|p2a: Heracross|Heracross-Mega, F|38\/321
|move|p1a: Thundurus|Thunderbolt|p2a: Heracross
|-damage|p2a: Heracross|0 fnt
|-damage|p1a: Thundurus|153\/298|[from] item: Life Orb
|faint|p2a: Heracross
|
|
|switch|p2a: Keldeo|Keldeo|322\/322
|turn|15
|
|switch|p1a: Latias|Latias, F|161\/309
|-damage|p1a: Latias|123\/309|[from] Stealth Rock
|move|p2a: Keldeo|Scald|p1a: Latias
|-resisted|p1a: Latias
|-damage|p1a: Latias|60\/309
|
|turn|16
|
|move|p2a: Keldeo|Scald|p1a: Latias
|-resisted|p1a: Latias
|-damage|p1a: Latias|0 fnt
|faint|p1a: Latias
|
|
|switch|p1a: Breloom|Breloom, M|261\/261
|-damage|p1a: Breloom|245\/261|[from] Stealth Rock
|turn|17
|
|switch|p2a: Zapdos|Zapdos|220\/383
|-ability|p2a: Zapdos|Pressure
|move|p1a: Breloom|Rock Tomb|p2a: Zapdos
|-supereffective|p2a: Zapdos
|-damage|p2a: Zapdos|0 fnt
|faint|p2a: Zapdos
|
|
|switch|p2a: Keldeo|Keldeo|322\/322
|turn|18
|
|move|p2a: Keldeo|Hidden Power|p1a: Breloom
|-supereffective|p1a: Breloom
|-damage|p1a: Breloom|0 fnt
|faint|p1a: Breloom
|
|
|switch|p1a: Mawile|Mawile, F|258\/258
|-damage|p1a: Mawile|242\/258|[from] Stealth Rock
|-ability|p1a: Mawile|Intimidate|[of] p2a: Keldeo
|-unboost|p2a: Keldeo|atk|1
|turn|19
|
|switch|p2a: Mew|Mew|378\/378
|detailschange|p1a: Mawile|Mawile-Mega, F
|message|Mawile has Mega Evolved into Mega Mawile!
|move|p1a: Mawile|Swords Dance|p1a: Mawile
|-boost|p1a: Mawile|atk|2
|
|turn|20
|
|move|p2a: Mew|Will-O-Wisp|p1a: Mawile
|-status|p1a: Mawile|brn
|move|p1a: Mawile|Play Rough|p2a: Mew|[miss]
|-miss|p1a: Mawile|p2a: Mew
|
|-damage|p1a: Mawile|210\/258 brn|[from] brn
|turn|21
|
|move|p2a: Mew|Psyshock|p1a: Mawile
|-resisted|p1a: Mawile
|-damage|p1a: Mawile|174\/258 brn
|move|p1a: Mawile|Play Rough|p2a: Mew
|-damage|p2a: Mew|152\/378
|
|-heal|p2a: Mew|175\/378|[from] item: Leftovers
|-damage|p1a: Mawile|142\/258 brn|[from] brn
|turn|22
|
|move|p2a: Mew|Soft-Boiled|p2a: Mew
|-heal|p2a: Mew|364\/378
|move|p1a: Mawile|Swords Dance|p1a: Mawile
|-boost|p1a: Mawile|atk|2
|
|-heal|p2a: Mew|378\/378|[from] item: Leftovers
|-damage|p1a: Mawile|110\/258 brn|[from] brn
|turn|23
|
|move|p1a: Mawile|Sucker Punch|p2a: Mew
|-supereffective|p2a: Mew
|-damage|p2a: Mew|0 fnt
|faint|p2a: Mew
|
|-damage|p1a: Mawile|78\/258 brn|[from] brn
|
|switch|p2a: Keldeo|Keldeo|322\/322
|turn|24
|
|move|p1a: Mawile|Sucker Punch|p2a: Keldeo
|-resisted|p2a: Keldeo
|-damage|p2a: Keldeo|187\/322
|-boost|p2a: Keldeo|atk|1|[from] ability: Justified
|move|p2a: Keldeo|Scald|p1a: Mawile
|-damage|p1a: Mawile|0 fnt
|faint|p1a: Mawile
|
|
|switch|p1a: Thundurus|Thundurus, M|153\/298
|-damage|p1a: Thundurus|79\/298|[from] Stealth Rock
|turn|25
|
|move|p2a: Keldeo|Scald|p1a: Thundurus
|-damage|p1a: Thundurus|0 fnt
|faint|p1a: Thundurus
|
|win|looiiyut
|raw|Ladder updating...
|raw|bball123's rating: 1764 &rarr; <strong>1741<\/strong><br \/>(-23 for losing)
|raw|looiiyut's rating: 1717 &rarr; <strong>1740<\/strong><br \/>(+23 for winning)
|chat|looiiyut|gg
|leave|bball123
|player|p1