|join|looiiyut
|join|el toxic
|player|p1|looiiyut|210
|player|p2|el toxic|#cpgtan
|gametype|singles
|gen|6
|tier|OU
|rated
|clearpoke
|poke|p1|Camerupt, F
|poke|p1|Clefable, M
|poke|p1|Tentacruel, M
|poke|p1|Tyranitar, F
|poke|p1|Gyarados, M
|poke|p1|Breloom, F
|poke|p2|Altaria, M
|poke|p2|Landorus, M
|poke|p2|Rotom-Wash
|poke|p2|Ferrothorn, M
|poke|p2|Latios, M
|poke|p2|Azumarill, F
|rule|Swagger Clause: Swagger is banned
|rule|Baton Pass Clause: Limit one PokÃ©mon knowing Baton Pass
|rule|Sleep Clause Mod: Limit one foe put to sleep
|rule|Species Clause: Limit one of each PokÃ©mon
|rule|OHKO Clause: OHKO moves are banned
|rule|Moody Clause: Moody is banned
|rule|Evasion Moves Clause: Evasion moves are banned
|rule|Endless Battle Clause: Forcing endless battles is banned
|rule|HP Percentage Mod: HP is shown in percentages
|teampreview
|c|âlooiiyut|gl hf
|join|I'm Rick Astley
|c|âlooiiyut|nice avatar
|join|Outrageous Fortune
|c|âel toxic|thx!
|
|start
|switch|p1a: Gyarados|Gyarados, M|393\/393
|switch|p2a: Azumarill|Azumarill, F|404\/404
|-ability|p1a: Gyarados|Intimidate|[of] p2a: Azumarill
|-unboost|p2a: Azumarill|atk|1
|turn|1
|
|switch|p1a: Clefable|Clefable, M|394\/394
|move|p2a: Azumarill|Play Rough|p1a: Clefable
|-crit|p1a: Clefable
|-damage|p1a: Clefable|30\/394
|
|-heal|p1a: Clefable|54\/394|[from] item: Leftovers
|turn|2
|leave|I'm Rick Astley
|
|switch|p1a: Gyarados|Gyarados, M|393\/393
|-ability|p1a: Gyarados|Intimidate|[of] p2a: Azumarill
|-unboost|p2a: Azumarill|atk|1
|move|p2a: Azumarill|Play Rough|p1a: Gyarados
|-damage|p1a: Gyarados|234\/393
|
|-heal|p1a: Gyarados|258\/393|[from] item: Leftovers
|turn|3
|
|switch|p2a: Ferrothorn|Ferrothorn, M|352\/352
|move|p1a: Gyarados|Thunder Wave|p2a: Ferrothorn
|-status|p2a: Ferrothorn|par
|
|-heal|p1a: Gyarados|282\/393|[from] item: Leftovers
|turn|4
|
|switch|p1a: Clefable|Clefable, M|54\/394
|move|p2a: Ferrothorn|Gyro Ball|p1a: Clefable
|-supereffective|p1a: Clefable
|-damage|p1a: Clefable|0 fnt
|faint|p1a: Clefable
|
|
|switch|p1a: Camerupt|Camerupt, F|331\/331
|turn|5
|
|detailschange|p1a: Camerupt|Camerupt-Mega, F
|message|Camerupt has Mega Evolved into Mega Camerupt!
|move|p1a: Camerupt|Fire Blast|p2a: Ferrothorn
|-supereffective|p2a: Ferrothorn
|-damage|p2a: Ferrothorn|0 fnt
|faint|p2a: Ferrothorn
|
|
|switch|p2a: Azumarill|Azumarill, F|404\/404
|turn|6
|
|switch|p1a: Gyarados|Gyarados, M|282\/393
|-ability|p1a: Gyarados|Intimidate|[of] p2a: Azumarill
|-unboost|p2a: Azumarill|atk|1
|move|p2a: Azumarill|Waterfall|p1a: Gyarados
|-resisted|p1a: Gyarados
|-damage|p1a: Gyarados|183\/393
|
|-heal|p1a: Gyarados|207\/393|[from] item: Leftovers
|turn|7
|
|switch|p1a: Breloom|Breloom, F|323\/323
|switch|p2a: Rotom-Wash|Rotom-Wash|303\/303
|
|-status|p1a: Breloom|tox|[from] item: Toxic Orb
|turn|8
|
|switch|p2a: Latios|Latios, M|301\/301
|move|p1a: Breloom|Spore|p2a: Latios
|-status|p2a: Latios|slp
|
|turn|9
|
|switch|p2a: Landorus|Landorus, M|319\/319
|move|p1a: Breloom|Seed Bomb|p2a: Landorus
|-damage|p2a: Landorus|186\/319
|
|turn|10
|
|switch|p1a: Gyarados|Gyarados, M|207\/393
|-ability|p1a: Gyarados|Intimidate|[of] p2a: Landorus
|-unboost|p2a: Landorus|atk|1
|move|p2a: Landorus|Calm Mind|p2a: Landorus
|-boost|p2a: Landorus|spa|1
|-boost|p2a: Landorus|spd|1
|
|-heal|p1a: Gyarados|231\/393|[from] item: Leftovers
|turn|11
|
|move|p2a: Landorus|Psychic|p1a: Gyarados
|-damage|p1a: Gyarados|23\/393
|move|p1a: Gyarados|Scald|p2a: Landorus
|-supereffective|p2a: Landorus
|-damage|p2a: Landorus|84\/319
|
|-heal|p1a: Gyarados|47\/393|[from] item: Leftovers
|turn|12
|
|move|p2a: Landorus|Psychic|p1a: Gyarados
|-damage|p1a: Gyarados|0 fnt
|faint|p1a: Gyarados
|
|
|switch|p1a: Tyranitar|Tyranitar, F|404\/404
|-weather|Sandstorm
|turn|13
|
|move|p2a: Landorus|Earth Power|p1a: Tyranitar
|-supereffective|p1a: Tyranitar
|-damage|p1a: Tyranitar|30\/404
|move|p1a: Tyranitar|Crunch|p2a: Landorus
|-damage|p2a: Landorus|0 fnt
|faint|p2a: Landorus
|
|-weather|Sandstorm|[upkeep]
|
|switch|p2a: Altaria|Altaria, M|311\/311
|turn|14
|
|switch|p1a: Tentacruel|Tentacruel, M|364\/364
|detailschange|p2a: Altaria|Altaria-Mega, M
|message|Altaria has Mega Evolved into Mega Altaria!
|move|p2a: Altaria|Frustration|p1a: Tentacruel
|-resisted|p1a: Tentacruel
|-damage|p1a: Tentacruel|244\/364
|
|-weather|Sandstorm|[upkeep]
|-damage|p2a: Altaria|292\/311|[from] sandstorm
|-damage|p1a: Tentacruel|222\/364|[from] sandstorm
|-heal|p1a: Tentacruel|244\/364|[from] item: Black Sludge
|turn|15
|
|move|p2a: Altaria|Frustration|p1a: Tentacruel
|-resisted|p1a: Tentacruel
|-damage|p1a: Tentacruel|124\/364
|move|p1a: Tentacruel|Acid Spray|p2a: Altaria
|-supereffective|p2a: Altaria
|-damage|p2a: Altaria|218\/311
|-unboost|p2a: Altaria|spd|2
|
|-weather|Sandstorm|[upkeep]
|-damage|p2a: Altaria|199\/311|[from] sandstorm
|-damage|p1a: Tentacruel|102\/364|[from] sandstorm
|-heal|p1a: Tentacruel|124\/364|[from] item: Black Sludge
|turn|16
|
|switch|p2a: Rotom-Wash|Rotom-Wash|303\/303
|move|p1a: Tentacruel|Acid Spray|p2a: Rotom-Wash
|-damage|p2a: Rotom-Wash|266\/303
|-unboost|p2a: Rotom-Wash|spd|2
|
|-weather|Sandstorm|[upkeep]
|-damage|p1a: Tentacruel|102\/364|[from] sandstorm
|-damage|p2a: Rotom-Wash|248\/303|[from] sandstorm
|-heal|p1a: Tentacruel|124\/364|[from] item: Black Sludge
|-heal|p2a: Rotom-Wash|266\/303|[from] item: Leftovers
|turn|17
|
|move|p1a: Tentacruel|Knock Off|p2a: Rotom-Wash
|-damage|p2a: Rotom-Wash|231\/303
|-enditem|p2a: Rotom-Wash|Leftovers|[from] move: Knock Off|[of] p1a: Tentacruel
|move|p2a: Rotom-Wash|Volt Switch|p1a: Tentacruel
|-supereffective|p1a: Tentacruel
|-damage|p1a: Tentacruel|0 fnt
|faint|p1a: Tentacruel
|
|switch|p2a: Azumarill|Azumarill, F|404\/404
|
|-weather|none
|
|switch|p1a: Breloom|Breloom, F|323\/323 tox
|turn|18
|
|move|p1a: Breloom|Substitute|p1a: Breloom
|-start|p1a: Breloom|Substitute
|-damage|p1a: Breloom|243\/323 tox
|move|p2a: Azumarill|Play Rough|p1a: Breloom
|-supereffective|p1a: Breloom
|-end|p1a: Breloom|Substitute
|
|-heal|p1a: Breloom|283\/323 tox|[from] ability: Poison Heal
|turn|19
|
|move|p1a: Breloom|Substitute|p1a: Breloom
|-start|p1a: Breloom|Substitute
|-damage|p1a: Breloom|203\/323 tox
|move|p2a: Azumarill|Play Rough|p1a: Breloom
|-supereffective|p1a: Breloom
|-end|p1a: Breloom|Substitute
|
|-heal|p1a: Breloom|243\/323 tox|[from] ability: Poison Heal
|turn|20
|
|switch|p1a: Camerupt|Camerupt-Mega, F|331\/331
|move|p2a: Azumarill|Play Rough|p1a: Camerupt
|-resisted|p1a: Camerupt
|-damage|p1a: Camerupt|183\/331
|
|turn|21
|
|switch|p2a: Rotom-Wash|Rotom-Wash|231\/303
|move|p1a: Camerupt|Earth Power|p2a: Rotom-Wash
|-immune|p2a: Rotom-Wash|[msg]
|
|turn|22
|
|switch|p1a: Breloom|Breloom, F|243\/323 tox
|move|p2a: Rotom-Wash|Volt Switch|p1a: Breloom
|-resisted|p1a: Breloom
|-damage|p1a: Breloom|195\/323 tox
|
|switch|p2a: Altaria|Altaria-Mega, M|199\/311
|
|-heal|p1a: Breloom|235\/323 tox|[from] ability: Poison Heal
|turn|23
|
|switch|p1a: Tyranitar|Tyranitar, F|30\/404
|-weather|Sandstorm
|move|p2a: Altaria|Frustration|p1a: Tyranitar
|-supereffective|p1a: Tyranitar
|-damage|p1a: Tyranitar|0 fnt
|faint|p1a: Tyranitar
|
|-weather|Sandstorm|[upkeep]
|-damage|p2a: Altaria|180\/311|[from] sandstorm
|
|switch|p1a: Camerupt|Camerupt-Mega, F|183\/331
|turn|24
|
|switch|p2a: Latios|Latios, M|301\/301 slp
|move|p1a: Camerupt|Stealth Rock|p2a: Latios
|-sidestart|p2: el toxic|move: Stealth Rock
|
|-weather|Sandstorm|[upkeep]
|-damage|p2a: Latios|283\/301 slp|[from] sandstorm
|turn|25
|
|cant|p2a: Latios|slp
|move|p1a: Camerupt|Fire Blast|p2a: Latios
|-resisted|p2a: Latios
|-damage|p2a: Latios|150\/301 slp
|
|-weather|Sandstorm|[upkeep]
|-damage|p2a: Latios|132\/301 slp|[from] sandstorm
|turn|26
|
|cant|p2a: Latios|slp
|move|p1a: Camerupt|Fire Blast|p2a: Latios|[miss]
|-miss|p1a: Camerupt|p2a: Latios
|
|-weather|Sandstorm|[upkeep]
|-damage|p2a: Latios|114\/301 slp|[from] sandstorm
|turn|27
|
|cant|p2a: Latios|slp
|move|p1a: Camerupt|Fire Blast|p2a: Latios
|-resisted|p2a: Latios
|-damage|p2a: Latios|0 fnt
|faint|p2a: Latios
|
|-weather|none
|
|switch|p2a: Azumarill|Azumarill, F|404\/404
|-damage|p2a: Azumarill|354\/404|[from] Stealth Rock
|turn|28
|
|move|p2a: Azumarill|Play Rough|p1a: Camerupt
|-resisted|p1a: Camerupt
|-damage|p1a: Camerupt|30\/331
|move|p1a: Camerupt|Earth Power|p2a: Azumarill
|-damage|p2a: Azumarill|48\/404
|
|turn|29
|
|move|p2a: Azumarill|Play Rough|p1a: Camerupt
|-resisted|p1a: Camerupt
|-damage|p1a: Camerupt|0 fnt
|faint|p1a: Camerupt
|
|
|switch|p1a: Breloom|Breloom, F|235\/323 tox
|turn|30
|
|move|p1a: Breloom|Substitute|p1a: Breloom
|-start|p1a: Breloom|Substitute
|-damage|p1a: Breloom|155\/323 tox
|move|p2a: Azumarill|Play Rough|p1a: Breloom
|-supereffective|p1a: Breloom
|-end|p1a: Breloom|Substitute
|
|-heal|p1a: Breloom|195\/323 tox|[from] ability: Poison Heal
|turn|31
|
|move|p1a: Breloom|Substitute|p1a: Breloom
|-start|p1a: Breloom|Substitute
|-damage|p1a: Breloom|115\/323 tox
|move|p2a: Azumarill|Play Rough|p1a: Breloom
|-supereffective|p1a: Breloom
|-end|p1a: Breloom|Substitute
|
|-heal|p1a: Breloom|155\/323 tox|[from] ability: Poison Heal
|turn|32
|
|move|p1a: Breloom|Substitute|p1a: Breloom
|-start|p1a: Breloom|Substitute
|-damage|p1a: Breloom|75\/323 tox
|move|p2a: Azumarill|Play Rough|p1a: Breloom
|-supereffective|p1a: Breloom
|-end|p1a: Breloom|Substitute
|
|-heal|p1a: Breloom|115\/323 tox|[from] ability: Poison Heal
|turn|33
|
|move|p1a: Breloom|Substitute|p1a: Breloom
|-start|p1a: Breloom|Substitute
|-damage|p1a: Breloom|35\/323 tox
|move|p2a: Azumarill|Play Rough|p1a: Breloom
|-crit|p1a: Breloom
|-supereffective|p1a: Breloom
|-end|p1a: Breloom|Substitute
|
|-heal|p1a: Breloom|75\/323 tox|[from] ability: Poison Heal
|turn|34
|
|move|p1a: Breloom|Seed Bomb|p2a: Azumarill
|-supereffective|p2a: Azumarill
|-damage|p2a: Azumarill|0 fnt
|faint|p2a: Azumarill
|
|-heal|p1a: Breloom|115\/323 tox|[from] ability: Poison Heal
|
|switch|p2a: Altaria|Altaria-Mega, M|180\/311
|-damage|p2a: Altaria|142\/311|[from] Stealth Rock
|turn|35
|c|âlooiiyut|gg
|
|move|p2a: Altaria|Frustration|p1a: Breloom
|-supereffective|p1a: Breloom
|-damage|p1a: Breloom|0 fnt
|faint|p1a: Breloom
|
|win|el toxic
|raw|Ladder updating...
|raw|looiiyut's rating: 1576 &rarr; <strong>1554<\/strong><br \/>(-22 for losing)
|raw|el toxic's rating: 1552 &rarr; <strong>1573<\/strong><br \/>(+21 for winning)
|leave|el toxic
|player|p2
|leave|Outrageous Fortune