|join|looiiyut
|join|BigMak
|player|p1|looiiyut|210
|player|p2|BigMak|10
|gametype|singles
|gen|6
|tier|OU
|clearpoke
|poke|p1|Politoed, F, shiny
|poke|p1|Kabutops, F
|poke|p1|Toxicroak, F
|poke|p1|Greninja, M
|poke|p1|Zapdos
|poke|p1|Mawile, F
|poke|p2|Whimsicott, F, shiny
|poke|p2|Aegislash, F, shiny
|poke|p2|Chansey, F
|poke|p2|Venusaur, F
|poke|p2|Quagsire, M, shiny
|poke|p2|Heatran, M
|rule|Swagger Clause: Swagger is banned
|rule|Baton Pass Clause: Limit one PokÃ©mon knowing Baton Pass
|rule|Sleep Clause Mod: Limit one foe put to sleep
|rule|Species Clause: Limit one of each PokÃ©mon
|rule|OHKO Clause: OHKO moves are banned
|rule|Moody Clause: Moody is banned
|rule|Evasion Moves Clause: Evasion moves are banned
|rule|Endless Battle Clause: Forcing endless battles is banned
|rule|HP Percentage Mod: HP is reported as percentages
|teampreview
|chat|looiiyut|oh god
|chat|looiiyut|nice team man
|chat|looiiyut|gl hf
|chat|BigMak|thanks
|chat|BigMak|you too
|
|start
|switch|p1a: Greninja|Greninja, M|286\/286
|switch|p2a: Whimsicott|Whimsicott, F, shiny|323\/323
|turn|1
|
|move|p2a: Whimsicott|Leech Seed|p1a: Greninja
|-start|p1a: Greninja|move: Leech Seed
|move|p1a: Greninja|Ice Beam|p2a: Whimsicott
|-start|p1a: Greninja|typechange|Ice|[from] Protean
|-supereffective|p2a: Whimsicott
|-damage|p2a: Whimsicott|0 fnt
|-damage|p1a: Greninja|258\/286|[from] item: Life Orb
|faint|p2a: Whimsicott
|
|chat|BigMak|lol man thought i could take it
|
|switch|p2a: Chansey|Chansey, F|704\/704
|turn|2
|
|switch|p1a: Mawile|Mawile, F|303\/303
|-ability|p1a: Mawile|Intimidate|[of] p2a: Chansey
|-unboost|p2a: Chansey|atk|1
|move|p2a: Chansey|Wish|p2a: Chansey
|
|turn|3
|
|switch|p2a: Venusaur|Venusaur, F|364\/364
|detailschange|p1a: Mawile|Mawile-Mega, F
|message|Mawile has Mega Evolved into Mega Mawile!
|move|p1a: Mawile|Swords Dance|p1a: Mawile
|-boost|p1a: Mawile|atk|2
|
|turn|4
|
|detailschange|p2a: Venusaur|Venusaur-Mega, F
|message|Venusaur has Mega Evolved into Mega Venusaur!
|move|p2a: Venusaur|Leech Seed|p1a: Mawile|[miss]
|-miss|p2a: Venusaur|p1a: Mawile
|move|p1a: Mawile|Fire Fang|p2a: Venusaur
|-supereffective|p2a: Venusaur
|-damage|p2a: Venusaur|136\/364
|
|turn|5
|chat|BigMak|wow just my luck
|
|switch|p2a: Heatran|Heatran, M|386\/386
|-item|p2a: Heatran|Air Balloon
|move|p1a: Mawile|Play Rough|p2a: Heatran
|-resisted|p2a: Heatran
|-damage|p2a: Heatran|251\/386
|-enditem|p2a: Heatran|Air Balloon
|
|turn|6
|
|move|p1a: Mawile|Sucker Punch|p2a: Heatran
|-damage|p2a: Heatran|0 fnt
|faint|p2a: Heatran
|
|chat|BigMak|well thats gg
|
|switch|p2a: Aegislash|Aegislash, F, shiny|324\/324
|turn|7
|
|move|p1a: Mawile|Sucker Punch|p2a: Aegislash
|-fail|p2a: Aegislash
|move|p2a: Aegislash|Substitute|p2a: Aegislash
|-start|p2a: Aegislash|Substitute
|-damage|p2a: Aegislash|243\/324
|
|-heal|p2a: Aegislash|263\/324|[from] item: Leftovers
|turn|8
|
|move|p1a: Mawile|Fire Fang|p2a: Aegislash
|-supereffective|p2a: Aegislash
|-end|p2a: Aegislash|Substitute
|-formechange|p2a: Aegislash|Aegislash-Blade
|move|p2a: Aegislash|Shadow Ball|p1a: Mawile
|-damage|p1a: Mawile|110\/303
|
|-heal|p2a: Aegislash|283\/324|[from] item: Leftovers
|turn|9
|
|-formechange|p2a: Aegislash|Aegislash
|move|p2a: Aegislash|King's Shield|p2a: Aegislash
|-singleturn|p2a: Aegislash|Protect
|move|p1a: Mawile|Sucker Punch|p2a: Aegislash
|-fail|p2a: Aegislash
|
|-heal|p2a: Aegislash|303\/324|[from] item: Leftovers
|turn|10
|
|move|p1a: Mawile|Fire Fang|p2a: Aegislash
|-supereffective|p2a: Aegislash
|-damage|p2a: Aegislash|0 fnt
|faint|p2a: Aegislash
|
|
|switch|p2a: Quagsire|Quagsire, M, shiny|394\/394
|turn|11
|chat|looiiyut|sub toxic?
|chat|BigMak|no
|chat|BigMak|sub ball
|
|move|p1a: Mawile|Play Rough|p2a: Quagsire
|-damage|p2a: Quagsire|148\/394
|move|p2a: Quagsire|Scald|p1a: Mawile
|-damage|p1a: Mawile|46\/303
|
|-heal|p2a: Quagsire|172\/394|[from] item: Leftovers
|turn|12
|
|move|p1a: Mawile|Play Rough|p2a: Quagsire
|-damage|p2a: Quagsire|0 fnt
|faint|p2a: Quagsire
|
|chat|BigMak|gg
|chat|BigMak|my whole team fell apart after the missed seed
|chat|looiiyut|nice subball
|
|switch|p2a: Venusaur|Venusaur-Mega, F|136\/364
|turn|13
|
|move|p2a: Venusaur|Leech Seed|p1a: Mawile
|-start|p1a: Mawile|move: Leech Seed
|move|p1a: Mawile|Fire Fang|p2a: Venusaur
|-supereffective|p2a: Venusaur
|-damage|p2a: Venusaur|0 fnt
|faint|p2a: Venusaur
|
|
|switch|p2a: Chansey|Chansey, F|704\/704
|turn|14
|
|move|p1a: Mawile|Play Rough|p2a: Chansey
|-damage|p2a: Chansey|0 fnt
|faint|p2a: Chansey
|
|win|looiiyut
|chat|looiiyut|gg
|join|nhhs
|leave|BigMak
|player|p2
|chat|looiiyut|I won this tournament
|chat|looiiyut|:)
|chat|nhhs|congrats
|chat|nhhs|look at ht etournament page :D
|chat|looiiyut|thsnks man
|chat|nhhs|yea congrats
|chat|looiiyut|great tournament
|chat|nhhs|thanks
|chat|looiiyut|bye