|join|tywhitsonisreal
|join|looiiyut
|player|p1|tywhitsonisreal|101
|player|p2|looiiyut|210
|gametype|singles
|gen|6
|tier|OU
|clearpoke
|poke|p1|Charizard, F
|poke|p1|Smeargle, F
|poke|p1|Rotom-Wash
|poke|p1|Conkeldurr, F
|poke|p1|Scolipede, F
|poke|p1|Chansey, F
|poke|p2|Politoed, F, shiny
|poke|p2|Kabutops, F
|poke|p2|Toxicroak, F
|poke|p2|Greninja, M
|poke|p2|Zapdos
|poke|p2|Mawile, M
|rule|Swagger Clause: Swagger is banned
|rule|Baton Pass Clause: Limit one PokÃ©mon knowing Baton Pass
|rule|Sleep Clause Mod: Limit one foe put to sleep
|rule|Species Clause: Limit one of each PokÃ©mon
|rule|OHKO Clause: OHKO moves are banned
|rule|Moody Clause: Moody is banned
|rule|Evasion Moves Clause: Evasion moves are banned
|rule|Endless Battle Clause: Forcing endless battles is banned
|rule|HP Percentage Mod: HP is reported as percentages
|teampreview
|chat|looiiyut|gl hf
|chat|tywhitsonisreal|glhf
|
|start
|switch|p1a: Smeargle|Smeargle, F|314\/314
|switch|p2a: Toxicroak|Toxicroak, F|307\/307
|turn|1
|
|move|p2a: Toxicroak|Fake Out|p1a: Smeargle
|-damage|p1a: Smeargle|176\/314
|-damage|p2a: Toxicroak|277\/307|[from] item: Life Orb
|cant|p1a: Smeargle|flinch
|
|turn|2
|
|move|p1a: Smeargle|Sticky Web|p2a: Toxicroak
|-sidestart|p2: looiiyut|move: Sticky Web
|move|p2a: Toxicroak|Drain Punch|p1a: Smeargle
|-crit|p1a: Smeargle
|-supereffective|p1a: Smeargle
|-damage|p1a: Smeargle|0 fnt
|-heal|p2a: Toxicroak|307\/307|[from] drain|[of] p1a: Smeargle
|-damage|p2a: Toxicroak|277\/307|[from] item: Life Orb
|faint|p1a: Smeargle
|
|
|switch|p1a: Scolipede|Scolipede, F|262\/262
|turn|3
|
|switch|p2a: Zapdos|Zapdos|383\/383
|-ability|p2a: Zapdos|Pressure
|move|p1a: Scolipede|Protect|p1a: Scolipede
|-fail|p1a: Scolipede
|
|-boost|p1a: Scolipede|spe|1|[from] ability: Speed Boost
|turn|4
|
|move|p1a: Scolipede|Poison Jab|p2a: Zapdos
|-damage|p2a: Zapdos|253\/383
|move|p2a: Zapdos|Defog|p1a: Scolipede
|-unboost|p1a: Scolipede|evasion|1
|-sideend|p2: looiiyut|Sticky Web|[from] move: Defog|[of] p2a: Zapdos
|
|-heal|p2a: Zapdos|276\/383|[from] item: Leftovers
|-boost|p1a: Scolipede|spe|1|[from] ability: Speed Boost
|turn|5
|
|move|p1a: Scolipede|Poison Jab|p2a: Zapdos
|-damage|p2a: Zapdos|143\/383
|-status|p2a: Zapdos|psn
|move|p2a: Zapdos|Heat Wave|p1a: Scolipede
|-supereffective|p1a: Scolipede
|-damage|p1a: Scolipede|8\/262
|
|-heal|p2a: Zapdos|166\/383 psn|[from] item: Leftovers
|-damage|p2a: Zapdos|119\/383 psn|[from] psn
|-boost|p1a: Scolipede|spe|1|[from] ability: Speed Boost
|turn|6
|
|move|p1a: Scolipede|Poison Jab|p2a: Zapdos
|-damage|p2a: Zapdos|0 fnt
|faint|p2a: Zapdos
|
|-boost|p1a: Scolipede|spe|1|[from] ability: Speed Boost
|
|switch|p2a: Toxicroak|Toxicroak, F|277\/307
|turn|7
|
|move|p1a: Scolipede|Protect|p1a: Scolipede
|-singleturn|p1a: Scolipede|Protect
|move|p2a: Toxicroak|Fake Out|p1a: Scolipede
|-activate|p1a: Scolipede|Protect
|
|-boost|p1a: Scolipede|spe|1|[from] ability: Speed Boost
|turn|8
|
|move|p1a: Scolipede|Earthquake|p2a: Toxicroak
|-supereffective|p2a: Toxicroak
|-damage|p2a: Toxicroak|0 fnt
|faint|p2a: Toxicroak
|
|-boost|p1a: Scolipede|spe|1|[from] ability: Speed Boost
|
|switch|p2a: Politoed|Politoed, F, shiny|384\/384
|-weather|RainDance
|turn|9
|
|move|p1a: Scolipede|Baton Pass|p1a: Scolipede
|
|switch|p1a: Rotom-Wash|Rotom-Wash|241\/241
|move|p2a: Politoed|Scald|p1a: Rotom-Wash
|-resisted|p1a: Rotom-Wash
|-damage|p1a: Rotom-Wash|184\/241
|
|-weather|RainDance|[upkeep]
|turn|10
|
|move|p1a: Rotom-Wash|Thunderbolt|p2a: Politoed
|-supereffective|p2a: Politoed
|-damage|p2a: Politoed|124\/384
|move|p2a: Politoed|Toxic|p1a: Rotom-Wash
|-status|p1a: Rotom-Wash|tox
|
|-weather|RainDance|[upkeep]
|-damage|p1a: Rotom-Wash|169\/241 tox|[from] psn
|turn|11
|
|move|p1a: Rotom-Wash|Thunderbolt|p2a: Politoed
|-supereffective|p2a: Politoed
|-damage|p2a: Politoed|0 fnt
|faint|p2a: Politoed
|
|-weather|RainDance|[upkeep]
|-damage|p1a: Rotom-Wash|139\/241 tox|[from] psn
|
|switch|p2a: Mawile|Mawile, M|303\/303
|-ability|p2a: Mawile|Intimidate|[of] p1a: Rotom-Wash
|-unboost|p1a: Rotom-Wash|atk|1
|turn|12
|
|detailschange|p2a: Mawile|Mawile-Mega, M
|message|Mawile has Mega Evolved into Mega Mawile!
|move|p2a: Mawile|Sucker Punch|p1a: Rotom-Wash
|-damage|p1a: Rotom-Wash|0 fnt
|faint|p1a: Rotom-Wash
|
|-weather|RainDance|[upkeep]
|
|switch|p1a: Scolipede|Scolipede, F|8\/262
|turn|13
|
|move|p1a: Scolipede|Protect|p1a: Scolipede
|-singleturn|p1a: Scolipede|Protect
|move|p2a: Mawile|Fire Fang|p1a: Scolipede
|-activate|p1a: Scolipede|Protect
|
|-weather|RainDance|[upkeep]
|-boost|p1a: Scolipede|spe|1|[from] ability: Speed Boost
|turn|14
|
|move|p1a: Scolipede|Baton Pass|p1a: Scolipede
|
|switch|p1a: Conkeldurr|Conkeldurr, F|414\/414
|move|p2a: Mawile|Play Rough|p1a: Conkeldurr
|-supereffective|p1a: Conkeldurr
|-damage|p1a: Conkeldurr|0 fnt
|faint|p1a: Conkeldurr
|
|-weather|RainDance|[upkeep]
|
|switch|p1a: Scolipede|Scolipede, F|8\/262
|turn|15
|
|move|p1a: Scolipede|Protect|p1a: Scolipede
|-singleturn|p1a: Scolipede|Protect
|move|p2a: Mawile|Swords Dance|p2a: Mawile
|-boost|p2a: Mawile|atk|2
|
|-weather|RainDance|[upkeep]
|-boost|p1a: Scolipede|spe|1|[from] ability: Speed Boost
|turn|16
|
|move|p1a: Scolipede|Earthquake|p2a: Mawile
|-supereffective|p2a: Mawile
|-damage|p2a: Mawile|117\/303
|move|p2a: Mawile|Play Rough|p1a: Scolipede
|-resisted|p1a: Scolipede
|-damage|p1a: Scolipede|0 fnt
|faint|p1a: Scolipede
|
|-weather|none
|
|switch|p1a: Charizard|Charizard, F|298\/298
|turn|17
|
|detailschange|p1a: Charizard|Charizard-Mega-Y, F
|message|Charizard has Mega Evolved into Mega Charizard!
|-weather|SunnyDay
|move|p2a: Mawile|Sucker Punch|p1a: Charizard
|-crit|p1a: Charizard
|-damage|p1a: Charizard|0 fnt
|faint|p1a: Charizard
|
|-weather|SunnyDay|[upkeep]
|
|switch|p1a: Chansey|Chansey, F|704\/704
|turn|18
|
|move|p2a: Mawile|Play Rough|p1a: Chansey
|-damage|p1a: Chansey|0 fnt
|faint|p1a: Chansey
|
|win|looiiyut
|leave|tywhitsonisreal
|player|p1
|chat|looiiyut|gg
|join|andywarz23
|leave|andywarz23