|join|looiiyut
|join|theamazingx
|player|p1|looiiyut|210
|player|p2|theamazingx|162
|gametype|singles
|gen|6
|tier|OU
|clearpoke
|poke|p1|Heracross, M
|poke|p1|Sylveon, F
|poke|p1|Scizor, M
|poke|p1|Zapdos
|poke|p1|Keldeo
|poke|p1|Tyranitar, F
|poke|p2|Azumarill, F
|poke|p2|Venusaur, M
|poke|p2|Landorus-Therian, M
|poke|p2|Magnezone
|poke|p2|Latios, M
|poke|p2|Talonflame, F
|rule|Swagger Clause: Swagger is banned
|rule|Baton Pass Clause: Limit one PokÃ©mon knowing Baton Pass
|rule|Sleep Clause Mod: Limit one foe put to sleep
|rule|Species Clause: Limit one of each PokÃ©mon
|rule|OHKO Clause: OHKO moves are banned
|rule|Moody Clause: Moody is banned
|rule|Evasion Moves Clause: Evasion moves are banned
|rule|Endless Battle Clause: Forcing endless battles is banned
|rule|HP Percentage Mod: HP is reported as percentages
|teampreview
|chat|looiiyut|gl hf
|chat|theamazingx|glhf
|
|start
|switch|p1a: Zapdos|Zapdos|383\/383
|switch|p2a: Landorus-Therian|Landorus-Therian, M|320\/320
|-ability|p2a: Landorus-Therian|Intimidate|[of] p1a: Zapdos
|-unboost|p1a: Zapdos|atk|1
|-ability|p1a: Zapdos|Pressure
|turn|1
|
|move|p2a: Landorus-Therian|Knock Off|p1a: Zapdos
|-damage|p1a: Zapdos|234\/383
|-enditem|p1a: Zapdos|Expert Belt|[from] move: Knock Off|[of] p2a: Landorus-Therian
|move|p1a: Zapdos|Hidden Power|p2a: Landorus-Therian
|-supereffective|p2a: Landorus-Therian
|-damage|p2a: Landorus-Therian|0 fnt
|faint|p2a: Landorus-Therian
|
|
|switch|p2a: Latios|Latios, M|302\/302
|turn|2
|
|switch|p1a: Scizor|Scizor, M|343\/343
|move|p2a: Latios|Dragon Pulse|p1a: Scizor
|-resisted|p1a: Scizor
|-damage|p1a: Scizor|266\/343
|-damage|p2a: Latios|272\/302|[from] item: Life Orb
|
|-heal|p1a: Scizor|287\/343|[from] item: Leftovers
|turn|3
|
|move|p2a: Latios|Hidden Power|p1a: Scizor
|-supereffective|p1a: Scizor
|-damage|p1a: Scizor|0 fnt
|-damage|p2a: Latios|242\/302|[from] item: Life Orb
|faint|p1a: Scizor
|
|chat|theamazingx|get wreckt
|
|switch|p1a: Tyranitar|Tyranitar, F|404\/404
|-weather|Sandstorm
|turn|4
|
|move|p2a: Latios|Surf|p1a: Tyranitar
|-supereffective|p1a: Tyranitar
|-damage|p1a: Tyranitar|204\/404
|-damage|p2a: Latios|212\/302|[from] item: Life Orb
|move|p1a: Tyranitar|Pursuit|p2a: Latios
|-supereffective|p2a: Latios
|-damage|p2a: Latios|56\/302
|
|-weather|Sandstorm|[upkeep]
|-damage|p2a: Latios|38\/302|[from] sandstorm
|-heal|p1a: Tyranitar|229\/404|[from] item: Leftovers
|turn|5
|
|switch|p1a: Sylveon|Sylveon, F|394\/394
|move|p2a: Latios|Surf|p1a: Sylveon
|-damage|p1a: Sylveon|282\/394
|-damage|p2a: Latios|8\/302|[from] item: Life Orb
|
|-weather|Sandstorm|[upkeep]
|-damage|p2a: Latios|0 fnt|[from] sandstorm
|-damage|p1a: Sylveon|258\/394|[from] sandstorm
|-heal|p1a: Sylveon|282\/394|[from] item: Leftovers
|faint|p2a: Latios
|
|switch|p2a: Magnezone|Magnezone|344\/344
|turn|6
|
|switch|p1a: Zapdos|Zapdos|234\/383
|-ability|p1a: Zapdos|Pressure
|move|p2a: Magnezone|Flash Cannon|p1a: Zapdos
|-resisted|p1a: Zapdos
|-damage|p1a: Zapdos|144\/383
|-unboost|p1a: Zapdos|spd|1
|
|-weather|Sandstorm|[upkeep]
|-damage|p1a: Zapdos|121\/383|[from] sandstorm
|turn|7
|
|move|p1a: Zapdos|Roost|p1a: Zapdos
|-heal|p1a: Zapdos|313\/383
|move|p2a: Magnezone|Charge Beam|p1a: Zapdos
|-resisted|p1a: Zapdos
|-damage|p1a: Zapdos|229\/383
|-boost|p2a: Magnezone|spa|1
|
|-weather|Sandstorm|[upkeep]
|-damage|p1a: Zapdos|206\/383|[from] sandstorm
|turn|8
|
|move|p1a: Zapdos|Roost|p1a: Zapdos
|-heal|p1a: Zapdos|383\/383
|move|p2a: Magnezone|Thunder|p1a: Zapdos
|-crit|p1a: Zapdos
|-resisted|p1a: Zapdos
|-damage|p1a: Zapdos|0 fnt
|faint|p1a: Zapdos
|
|-weather|none
|
|switch|p1a: Keldeo|Keldeo|323\/323
|turn|9
|chat|theamazingx|lol, hit in the sandstorm
|
|move|p1a: Keldeo|Secret Sword|p2a: Magnezone
|-supereffective|p2a: Magnezone
|-damage|p2a: Magnezone|48\/344
|move|p2a: Magnezone|Thunder|p1a: Keldeo
|-supereffective|p1a: Keldeo
|-damage|p1a: Keldeo|0 fnt
|faint|p1a: Keldeo
|
|-heal|p2a: Magnezone|69\/344|[from] item: Leftovers
|
|switch|p1a: Heracross|Heracross, M|321\/321
|turn|10
|
|detailschange|p1a: Heracross|Heracross-Mega, M
|message|Heracross has Mega Evolved into Mega Heracross!
|move|p1a: Heracross|Rock Blast|p2a: Magnezone
|-resisted|p2a: Magnezone
|-damage|p2a: Magnezone|51\/344
|-resisted|p2a: Magnezone
|-damage|p2a: Magnezone|31\/344
|-resisted|p2a: Magnezone
|-damage|p2a: Magnezone|13\/344
|-resisted|p2a: Magnezone
|-damage|p2a: Magnezone|0 fnt
|-hitcount|p2a: Magnezone|4
|faint|p2a: Magnezone
|
|
|switch|p2a: Talonflame|Talonflame, F|298\/298
|turn|11
|
|switch|p1a: Sylveon|Sylveon, F|282\/394
|move|p2a: Talonflame|Brave Bird|p1a: Sylveon
|-damage|p1a: Sylveon|44\/394
|-damage|p2a: Talonflame|219\/298|[from] recoil|[of] p1a: Sylveon
|
|-heal|p1a: Sylveon|68\/394|[from] item: Leftovers
|turn|12
|
|move|p2a: Talonflame|Brave Bird|p1a: Sylveon
|-damage|p1a: Sylveon|0 fnt
|-damage|p2a: Talonflame|197\/298|[from] recoil|[of] p1a: Sylveon
|faint|p1a: Sylveon
|
|
|switch|p1a: Tyranitar|Tyranitar, F|229\/404
|-weather|Sandstorm
|turn|13
|
|move|p1a: Tyranitar|Pursuit|p2a: Talonflame|[from]Pursuit
|-damage|p2a: Talonflame|22\/298
|switch|p2a: Venusaur|Venusaur, M|302\/302
|
|-weather|Sandstorm|[upkeep]
|-damage|p2a: Venusaur|284\/302|[from] sandstorm
|-heal|p1a: Tyranitar|254\/404|[from] item: Leftovers
|turn|14
|
|detailschange|p2a: Venusaur|Venusaur-Mega, M
|message|Venusaur has Mega Evolved into Mega Venusaur!
|move|p2a: Venusaur|Giga Drain|p1a: Tyranitar
|-supereffective|p1a: Tyranitar
|-damage|p1a: Tyranitar|66\/404
|-heal|p2a: Venusaur|302\/302|[from] drain|[of] p1a: Tyranitar
|move|p1a: Tyranitar|Stealth Rock|p2a: Venusaur
|-sidestart|p2: theamazingx|move: Stealth Rock
|
|-weather|Sandstorm|[upkeep]
|-damage|p2a: Venusaur|284\/302|[from] sandstorm
|-heal|p1a: Tyranitar|91\/404|[from] item: Leftovers
|turn|15
|
|move|p2a: Venusaur|Giga Drain|p1a: Tyranitar
|-supereffective|p1a: Tyranitar
|-damage|p1a: Tyranitar|0 fnt
|-heal|p2a: Venusaur|302\/302|[from] drain|[of] p1a: Tyranitar
|faint|p1a: Tyranitar
|
|-weather|Sandstorm|[upkeep]
|-damage|p2a: Venusaur|284\/302|[from] sandstorm
|
|switch|p1a: Heracross|Heracross-Mega, M|321\/321
|turn|16
|
|move|p1a: Heracross|Pin Missile|p2a: Venusaur
|-damage|p2a: Venusaur|235\/302
|-damage|p2a: Venusaur|181\/302
|-damage|p2a: Venusaur|124\/302
|-damage|p2a: Venusaur|69\/302
|-crit|p2a: Venusaur
|-damage|p2a: Venusaur|0 fnt
|-hitcount|p2a: Venusaur|5
|faint|p2a: Venusaur
|
|-weather|Sandstorm|[upkeep]
|-damage|p1a: Heracross|301\/321|[from] sandstorm
|chat|theamazingx|nooooooooooooooooooo
|
|switch|p2a: Azumarill|Azumarill, F|404\/404
|-damage|p2a: Azumarill|354\/404|[from] Stealth Rock
|turn|17
|
|move|p1a: Heracross|Bullet Seed|p2a: Azumarill
|-supereffective|p2a: Azumarill
|-damage|p2a: Azumarill|252\/404
|-supereffective|p2a: Azumarill
|-damage|p2a: Azumarill|146\/404
|-supereffective|p2a: Azumarill
|-damage|p2a: Azumarill|50\/404
|-supereffective|p2a: Azumarill
|-damage|p2a: Azumarill|0 fnt
|-hitcount|p2a: Azumarill|4
|faint|p2a: Azumarill
|
|-weather|none
|chat|looiiyut|lol
|chat|theamazingx|that crit hit let you win
|chat|looiiyut|it's for thunder in sand
|chat|looiiyut|:)
|chat|theamazingx|I would have won if You didn't hit that crot
|
|switch|p2a: Talonflame|Talonflame, F|22\/298
|-damage|p2a: Talonflame|0 fnt|[from] Stealth Rock
|faint|p2a: Talonflame
|
|win|looiiyut
|leave|theamazingx
|player|p2