|join|Adriantdx
|join|looiiyut
|player|p1|Adriantdx|92
|player|p2|looiiyut|210
|gametype|singles
|gen|6
|tier|OU
|rated
|clearpoke
|poke|p1|Lanturn, F
|poke|p1|Keldeo
|poke|p1|Heatran, M
|poke|p1|Venusaur, F
|poke|p1|Mandibuzz, F
|poke|p1|Scizor, F
|poke|p2|Heracross, F
|poke|p2|Sylveon, M
|poke|p2|Heatran, M
|poke|p2|Mew
|poke|p2|Azumarill, M
|poke|p2|Zapdos
|rule|Swagger Clause: Swagger is banned
|rule|Baton Pass Clause: Limit one PokÃ©mon knowing Baton Pass
|rule|Sleep Clause Mod: Limit one foe put to sleep
|rule|Species Clause: Limit one of each PokÃ©mon
|rule|OHKO Clause: OHKO moves are banned
|rule|Moody Clause: Moody is banned
|rule|Evasion Moves Clause: Evasion moves are banned
|rule|Endless Battle Clause: Forcing endless battles is banned
|rule|HP Percentage Mod: HP is shown in percentages
|teampreview
|
|start
|switch|p1a: Venusaur|Venusaur, F|364\/364
|switch|p2a: Heracross|Heracross, F|309\/309
|turn|1
|
|detailschange|p2a: Heracross|Heracross-Mega, F
|message|Heracross has Mega Evolved into Mega Heracross!
|detailschange|p1a: Venusaur|Venusaur-Mega, F
|message|Venusaur has Mega Evolved into Mega Venusaur!
|move|p2a: Heracross|Pin Missile|p1a: Venusaur
|-damage|p1a: Venusaur|327\/364
|-damage|p1a: Venusaur|294\/364
|-damage|p1a: Venusaur|255\/364
|-damage|p1a: Venusaur|221\/364
|-damage|p1a: Venusaur|182\/364
|-hitcount|p1a: Venusaur|5
|move|p1a: Venusaur|Leech Seed|p2a: Heracross
|-start|p2a: Heracross|move: Leech Seed
|
|-damage|p2a: Heracross|271\/309|[from] Leech Seed|[of] p1a: Venusaur
|-heal|p1a: Venusaur|220\/364|[silent]
|turn|2
|
|switch|p2a: Heatran|Heatran, M|386\/386
|move|p1a: Venusaur|Synthesis|p1a: Venusaur
|-heal|p1a: Venusaur|364\/364
|
|turn|3
|
|move|p1a: Venusaur|Leech Seed|p2a: Heatran|[miss]
|-miss|p1a: Venusaur|p2a: Heatran
|move|p2a: Heatran|Stealth Rock|p1a: Venusaur
|-sidestart|p1: Adriantdx|move: Stealth Rock
|
|turn|4
|c|âAdriantdx|pffffffffffffffffffffffffffffffffff
|
|switch|p2a: Mew|Mew|403\/403
|move|p1a: Venusaur|Leech Seed|p2a: Mew
|-start|p2a: Mew|move: Leech Seed
|
|-damage|p2a: Mew|353\/403|[from] Leech Seed|[of] p1a: Venusaur
|turn|5
|
|switch|p1a: Heatran|Heatran, M|386\/386
|-damage|p1a: Heatran|338\/386|[from] Stealth Rock
|move|p2a: Mew|Volt Switch|p1a: Heatran
|-damage|p1a: Heatran|285\/386
|
|switch|p2a: Heracross|Heracross-Mega, F|271\/309
|
|-heal|p1a: Heatran|309\/386|[from] item: Leftovers
|turn|6
|
|switch|p1a: Mandibuzz|Mandibuzz, F|424\/424
|-damage|p1a: Mandibuzz|318\/424|[from] Stealth Rock
|move|p2a: Heracross|Pin Missile|p1a: Mandibuzz
|-damage|p1a: Mandibuzz|273\/424
|-damage|p1a: Mandibuzz|231\/424
|-damage|p1a: Mandibuzz|188\/424
|-damage|p1a: Mandibuzz|143\/424
|-damage|p1a: Mandibuzz|104\/424
|-hitcount|p1a: Mandibuzz|5
|
|-heal|p1a: Mandibuzz|130\/424|[from] item: Leftovers
|turn|7
|
|move|p2a: Heracross|Close Combat|p1a: Mandibuzz
|-damage|p1a: Mandibuzz|0 fnt
|-unboost|p2a: Heracross|def|1
|-unboost|p2a: Heracross|spd|1
|faint|p1a: Mandibuzz
|
|
|switch|p1a: Keldeo|Keldeo|323\/323
|-damage|p1a: Keldeo|303\/323|[from] Stealth Rock
|turn|8
|
|switch|p2a: Sylveon|Sylveon, M|393\/393
|move|p1a: Keldeo|Scald|p2a: Sylveon
|-damage|p2a: Sylveon|270\/393
|
|-heal|p2a: Sylveon|294\/393|[from] item: Leftovers
|turn|9
|
|switch|p1a: Heatran|Heatran, M|309\/386
|-damage|p1a: Heatran|261\/386|[from] Stealth Rock
|switch|p2a: Zapdos|Zapdos|384\/384
|-ability|p2a: Zapdos|Pressure
|
|-heal|p1a: Heatran|285\/386|[from] item: Leftovers
|turn|10
|
|move|p2a: Zapdos|Volt Switch|p1a: Heatran
|-damage|p1a: Heatran|174\/386
|
|switch|p2a: Heatran|Heatran, M|386\/386
|move|p1a: Heatran|Stealth Rock|p2a: Heatran
|-sidestart|p2: looiiyut|move: Stealth Rock
|
|-heal|p1a: Heatran|198\/386|[from] item: Leftovers
|turn|11
|
|switch|p1a: Keldeo|Keldeo|303\/323
|-damage|p1a: Keldeo|283\/323|[from] Stealth Rock
|switch|p2a: Azumarill|Azumarill, M|404\/404
|-damage|p2a: Azumarill|354\/404|[from] Stealth Rock
|
|turn|12
|
|switch|p1a: Venusaur|Venusaur-Mega, F|364\/364
|-damage|p1a: Venusaur|319\/364|[from] Stealth Rock
|switch|p2a: Zapdos|Zapdos|384\/384
|-damage|p2a: Zapdos|288\/384|[from] Stealth Rock
|-ability|p2a: Zapdos|Pressure
|
|-heal|p2a: Zapdos|312\/384|[from] item: Leftovers
|turn|13
|
|move|p2a: Zapdos|Defog|p1a: Venusaur
|-unboost|p1a: Venusaur|evasion|1
|-sideend|p1: Adriantdx|Stealth Rock|[from] move: Defog|[of] p1a: Venusaur
|-sideend|p2: looiiyut|Stealth Rock|[from] move: Defog|[of] p2a: Zapdos
|move|p1a: Venusaur|Leech Seed|p2a: Zapdos
|-start|p2a: Zapdos|move: Leech Seed
|
|-heal|p2a: Zapdos|336\/384|[from] item: Leftovers
|-damage|p2a: Zapdos|288\/384|[from] Leech Seed|[of] p1a: Venusaur
|-heal|p1a: Venusaur|364\/364|[silent]
|turn|14
|
|switch|p1a: Lanturn|Lanturn, F|454\/454
|move|p2a: Zapdos|Volt Switch|p1a: Lanturn
|-immune|p1a: Lanturn|[msg]
|
|-heal|p2a: Zapdos|312\/384|[from] item: Leftovers
|-damage|p2a: Zapdos|264\/384|[from] Leech Seed|[of] p1a: Lanturn
|turn|15
|
|move|p2a: Zapdos|Roost|p2a: Zapdos
|-heal|p2a: Zapdos|384\/384
|move|p1a: Lanturn|Scald|p2a: Zapdos
|-damage|p2a: Zapdos|317\/384
|-status|p2a: Zapdos|brn
|
|-heal|p2a: Zapdos|341\/384 brn|[from] item: Leftovers
|-damage|p2a: Zapdos|293\/384 brn|[from] Leech Seed|[of] p1a: Lanturn
|-damage|p2a: Zapdos|245\/384 brn|[from] brn
|turn|16
|
|switch|p2a: Sylveon|Sylveon, M|294\/393
|move|p1a: Lanturn|Scald|p2a: Sylveon
|-damage|p2a: Sylveon|240\/393
|-status|p2a: Sylveon|brn
|
|-heal|p2a: Sylveon|264\/393 brn|[from] item: Leftovers
|-damage|p2a: Sylveon|215\/393 brn|[from] brn
|turn|17
|
|switch|p1a: Venusaur|Venusaur-Mega, F|364\/364
|move|p2a: Sylveon|Heal Bell|p2a: Sylveon
|-cureteam|p2a: Sylveon|[from] move: HealBell
|
|-heal|p2a: Sylveon|239\/393|[from] item: Leftovers
|turn|18
|
|switch|p1a: Keldeo|Keldeo|283\/323
|switch|p2a: Heatran|Heatran, M|386\/386
|
|turn|19
|
|move|p2a: Heatran|Protect|p2a: Heatran
|-singleturn|p2a: Heatran|Protect
|move|p1a: Keldeo|Scald|p2a: Heatran
|-activate|p2a: Heatran|Protect
|
|turn|20
|
|move|p1a: Keldeo|Scald|p2a: Heatran
|-supereffective|p2a: Heatran
|-damage|p2a: Heatran|156\/386
|move|p2a: Heatran|Stealth Rock|p1a: Keldeo
|-sidestart|p1: Adriantdx|move: Stealth Rock
|
|-heal|p2a: Heatran|180\/386|[from] item: Leftovers
|turn|21
|
|move|p2a: Heatran|Protect|p2a: Heatran
|-singleturn|p2a: Heatran|Protect
|move|p1a: Keldeo|Scald|p2a: Heatran
|-activate|p2a: Heatran|Protect
|
|-heal|p2a: Heatran|204\/386|[from] item: Leftovers
|turn|22
|
|switch|p2a: Sylveon|Sylveon, M|239\/393
|move|p1a: Keldeo|Scald|p2a: Sylveon
|-crit|p2a: Sylveon
|-damage|p2a: Sylveon|70\/393
|
|-heal|p2a: Sylveon|94\/393|[from] item: Leftovers
|turn|23
|
|move|p2a: Sylveon|Protect|p2a: Sylveon
|-singleturn|p2a: Sylveon|Protect
|move|p1a: Keldeo|Scald|p2a: Sylveon
|-activate|p2a: Sylveon|Protect
|
|-heal|p2a: Sylveon|118\/393|[from] item: Leftovers
|turn|24
|
|switch|p2a: Azumarill|Azumarill, M|354\/404
|move|p1a: Keldeo|Scald|p2a: Azumarill
|-resisted|p2a: Azumarill
|-damage|p2a: Azumarill|291\/404
|-status|p2a: Azumarill|brn
|
|-damage|p2a: Azumarill|241\/404 brn|[from] brn
|turn|25
|
|switch|p1a: Venusaur|Venusaur-Mega, F|364\/364
|-damage|p1a: Venusaur|319\/364|[from] Stealth Rock
|move|p2a: Azumarill|Knock Off|p1a: Venusaur
|-crit|p1a: Venusaur
|-damage|p1a: Venusaur|277\/364
|
|-damage|p2a: Azumarill|191\/404 brn|[from] brn
|turn|26
|
|move|p1a: Venusaur|Leech Seed|p2a: Azumarill
|-start|p2a: Azumarill|move: Leech Seed
|move|p2a: Azumarill|Waterfall|p1a: Venusaur
|-resisted|p1a: Venusaur
|-damage|p1a: Venusaur|249\/364
|
|-damage|p2a: Azumarill|141\/404 brn|[from] Leech Seed|[of] p1a: Venusaur
|-heal|p1a: Venusaur|299\/364|[silent]
|-damage|p2a: Azumarill|91\/404 brn|[from] brn
|turn|27
|
|move|p1a: Venusaur|Giga Drain|p2a: Azumarill
|-supereffective|p2a: Azumarill
|-damage|p2a: Azumarill|0 fnt
|-heal|p1a: Venusaur|345\/364|[from] drain|[of] p2a: Azumarill
|faint|p2a: Azumarill
|
|
|switch|p2a: Heracross|Heracross-Mega, F|271\/309
|turn|28
|
|move|p2a: Heracross|Pin Missile|p1a: Venusaur|[miss]
|-miss|p2a: Heracross|p1a: Venusaur
|move|p1a: Venusaur|Leech Seed|p2a: Heracross
|-start|p2a: Heracross|move: Leech Seed
|
|-damage|p2a: Heracross|233\/309|[from] Leech Seed|[of] p1a: Venusaur
|-heal|p1a: Venusaur|364\/364|[silent]
|turn|29
|
|switch|p2a: Mew|Mew|353\/403
|move|p1a: Venusaur|Sludge Bomb|p2a: Mew
|-damage|p2a: Mew|229\/403
|
|-heal|p2a: Mew|254\/403|[from] item: Leftovers
|turn|30
|
|move|p2a: Mew|Will-O-Wisp|p1a: Venusaur
|-status|p1a: Venusaur|brn
|move|p1a: Venusaur|Leech Seed|p2a: Mew
|-start|p2a: Mew|move: Leech Seed
|
|-heal|p2a: Mew|279\/403|[from] item: Leftovers
|-damage|p2a: Mew|229\/403|[from] Leech Seed|[of] p1a: Venusaur
|-damage|p1a: Venusaur|319\/364 brn|[from] brn
|turn|31
|
|switch|p2a: Zapdos|Zapdos|245\/384
|-ability|p2a: Zapdos|Pressure
|switch|p1a: Lanturn|Lanturn, F|454\/454
|-damage|p1a: Lanturn|398\/454|[from] Stealth Rock
|
|-heal|p2a: Zapdos|269\/384|[from] item: Leftovers
|-heal|p1a: Lanturn|426\/454|[from] item: Leftovers
|turn|32
|
|switch|p2a: Mew|Mew|229\/403
|move|p1a: Lanturn|Heal Bell|p1a: Lanturn
|-cureteam|p1a: Lanturn|[from] move: HealBell
|
|-heal|p2a: Mew|254\/403|[from] item: Leftovers
|-heal|p1a: Lanturn|454\/454|[from] item: Leftovers
|turn|33
|
|move|p2a: Mew|Taunt|p1a: Lanturn
|-start|p1a: Lanturn|move: Taunt
|move|p1a: Lanturn|Scald|p2a: Mew
|-damage|p2a: Mew|176\/403
|-status|p2a: Mew|brn
|-status|p1a: Lanturn|brn
|
|-heal|p2a: Mew|201\/403 brn|[from] item: Leftovers
|-damage|p2a: Mew|151\/403 brn|[from] brn
|-damage|p1a: Lanturn|398\/454 brn|[from] brn
|turn|34
|c|âlooiiyut|you say pffffff for a leech seed miss
|c|âlooiiyut|and for 3 burns?
|c|âlooiiyut|in 3 attacks
|c|âAdriantdx|scald burn :v
|
|switch|p1a: Heatran|Heatran, M|198\/386
|-damage|p1a: Heatran|150\/386|[from] Stealth Rock
|move|p2a: Mew|Soft-Boiled|p2a: Mew
|-heal|p2a: Mew|353\/403 brn
|
|-heal|p2a: Mew|378\/403 brn|[from] item: Leftovers
|-heal|p1a: Heatran|174\/386|[from] item: Leftovers
|-damage|p2a: Mew|328\/403 brn|[from] brn
|turn|35
|
|move|p2a: Mew|Volt Switch|p1a: Heatran
|-damage|p1a: Heatran|120\/386
|
|switch|p2a: Zapdos|Zapdos|269\/384
|-ability|p2a: Zapdos|Pressure
|move|p1a: Heatran|Stealth Rock|p2a: Zapdos
|-sidestart|p2: looiiyut|move: Stealth Rock
|
|-heal|p2a: Zapdos|293\/384|[from] item: Leftovers
|-heal|p1a: Heatran|144\/386|[from] item: Leftovers
|turn|36
|
|move|p2a: Zapdos|Defog|p1a: Heatran
|-unboost|p1a: Heatran|evasion|1
|-sideend|p1: Adriantdx|Stealth Rock|[from] move: Defog|[of] p1a: Heatran
|-sideend|p2: looiiyut|Stealth Rock|[from] move: Defog|[of] p2a: Zapdos
|move|p1a: Heatran|Will-O-Wisp|p2a: Zapdos
|-status|p2a: Zapdos|brn
|
|-heal|p2a: Zapdos|317\/384 brn|[from] item: Leftovers
|-heal|p1a: Heatran|168\/386|[from] item: Leftovers
|-damage|p2a: Zapdos|269\/384 brn|[from] brn
|turn|37
|
|switch|p2a: Heracross|Heracross-Mega, F|233\/309
|switch|p1a: Lanturn|Lanturn, F|398\/454 brn
|
|-heal|p1a: Lanturn|426\/454 brn|[from] item: Leftovers
|-damage|p1a: Lanturn|370\/454 brn|[from] brn
|turn|38
|
|move|p2a: Heracross|Pin Missile|p1a: Lanturn
|-damage|p1a: Lanturn|306\/454 brn
|-damage|p1a: Lanturn|242\/454 brn
|-damage|p1a: Lanturn|179\/454 brn
|-damage|p1a: Lanturn|119\/454 brn
|-damage|p1a: Lanturn|58\/454 brn
|-hitcount|p1a: Lanturn|5
|move|p1a: Lanturn|Scald|p2a: Heracross
|-damage|p2a: Heracross|158\/309
|
|-heal|p1a: Lanturn|86\/454 brn|[from] item: Leftovers
|-damage|p1a: Lanturn|30\/454 brn|[from] brn
|turn|39
|
|move|p2a: Heracross|Pin Missile|p1a: Lanturn
|-damage|p1a: Lanturn|0 fnt
|-hitcount|p1a: Lanturn|1
|faint|p1a: Lanturn
|
|
|switch|p1a: Keldeo|Keldeo|283\/323
|turn|40
|
|switch|p2a: Mew|Mew|328\/403 brn
|move|p1a: Keldeo|Hydro Pump|p2a: Mew
|-damage|p2a: Mew|96\/403 brn
|
|-heal|p2a: Mew|121\/403 brn|[from] item: Leftovers
|-damage|p2a: Mew|71\/403 brn|[from] brn
|turn|41
|
|move|p1a: Keldeo|Hydro Pump|p2a: Mew|[miss]
|-miss|p1a: Keldeo|p2a: Mew
|move|p2a: Mew|Volt Switch|p1a: Keldeo
|-supereffective|p1a: Keldeo
|-damage|p1a: Keldeo|161\/323
|c|âAdriantdx|seriusly
|
|switch|p2a: Zapdos|Zapdos|269\/384 brn
|-ability|p2a: Zapdos|Pressure
|
|-heal|p2a: Zapdos|293\/384 brn|[from] item: Leftovers
|-damage|p2a: Zapdos|245\/384 brn|[from] brn
|turn|42
|
|switch|p1a: Scizor|Scizor, F|282\/282
|move|p2a: Zapdos|Volt Switch|p1a: Scizor
|-damage|p1a: Scizor|180\/282
|
|switch|p2a: Heatran|Heatran, M|204\/386
|
|-heal|p2a: Heatran|228\/386|[from] item: Leftovers
|turn|43
|
|move|p2a: Heatran|Protect|p2a: Heatran
|-singleturn|p2a: Heatran|Protect
|move|p1a: Scizor|Knock Off|p2a: Heatran
|-activate|p2a: Heatran|Protect
|
|-heal|p2a: Heatran|252\/386|[from] item: Leftovers
|turn|44
|
|switch|p1a: Heatran|Heatran, M|168\/386
|move|p2a: Heatran|Lava Plume|p1a: Heatran
|-start|p1a: Heatran|ability: Flash Fire
|
|-heal|p2a: Heatran|276\/386|[from] item: Leftovers
|-heal|p1a: Heatran|192\/386|[from] item: Leftovers
|turn|45
|
|switch|p2a: Heracross|Heracross-Mega, F|158\/309
|move|p1a: Heatran|Earth Power|p2a: Heracross
|-resisted|p2a: Heracross
|-damage|p2a: Heracross|113\/309
|
|-heal|p1a: Heatran|216\/386|[from] item: Leftovers
|turn|46
|c|âlooiiyut|seriously what?
|c|âlooiiyut|a hydro pump miss
|
|move|p2a: Heracross|Close Combat|p1a: Heatran
|-supereffective|p1a: Heatran
|-damage|p1a: Heatran|0 fnt
|-unboost|p2a: Heracross|def|1
|-unboost|p2a: Heracross|spd|1
|faint|p1a: Heatran
|
|
|switch|p1a: Keldeo|Keldeo|161\/323
|turn|47
|c|âlooiiyut|it's usaul
|c|âAdriantdx|also burn
|
|switch|p2a: Mew|Mew|71\/403 brn
|move|p1a: Keldeo|Scald|p2a: Mew
|-damage|p2a: Mew|0 fnt
|faint|p2a: Mew
|
|
|switch|p2a: Zapdos|Zapdos|245\/384 brn
|-ability|p2a: Zapdos|Pressure
|turn|48
|
|switch|p1a: Venusaur|Venusaur-Mega, F|319\/364
|move|p2a: Zapdos|Volt Switch|p1a: Venusaur
|-resisted|p1a: Venusaur
|-damage|p1a: Venusaur|268\/364
|
|switch|p2a: Heracross|Heracross-Mega, F|113\/309
|
|turn|49
|c|âlooiiyut|btw nice battle :)
|
|move|p2a: Heracross|Pin Missile|p1a: Venusaur
|-damage|p1a: Venusaur|235\/364
|-damage|p1a: Venusaur|201\/364
|-damage|p1a: Venusaur|167\/364
|-damage|p1a: Venusaur|133\/364
|-damage|p1a: Venusaur|99\/364
|-hitcount|p1a: Venusaur|5
|move|p1a: Venusaur|Leech Seed|p2a: Heracross
|-start|p2a: Heracross|move: Leech Seed
|
|-damage|p2a: Heracross|75\/309|[from] Leech Seed|[of] p1a: Venusaur
|-heal|p1a: Venusaur|137\/364|[silent]
|turn|50
|
|switch|p1a: Scizor|Scizor, F|180\/282
|move|p2a: Heracross|Close Combat|p1a: Scizor
|-damage|p1a: Scizor|0 fnt
|-unboost|p2a: Heracross|def|1
|-unboost|p2a: Heracross|spd|1
|faint|p1a: Scizor
|
|
|switch|p1a: Keldeo|Keldeo|161\/323
|turn|51
|
|switch|p2a: Heatran|Heatran, M|276\/386
|move|p1a: Keldeo|Hydro Pump|p2a: Heatran
|-supereffective|p2a: Heatran
|-damage|p2a: Heatran|6\/386
|
|-heal|p2a: Heatran|30\/386|[from] item: Leftovers
|turn|52
|
|move|p1a: Keldeo|Hydro Pump|p2a: Heatran
|-supereffective|p2a: Heatran
|-damage|p2a: Heatran|0 fnt
|faint|p2a: Heatran
|
|
|switch|p2a: Zapdos|Zapdos|245\/384 brn
|-ability|p2a: Zapdos|Pressure
|turn|53
|
|switch|p1a: Venusaur|Venusaur-Mega, F|137\/364
|move|p2a: Zapdos|Volt Switch|p1a: Venusaur
|-resisted|p1a: Venusaur
|-damage|p1a: Venusaur|91\/364
|
|switch|p2a: Heracross|Heracross-Mega, F|75\/309
|
|turn|54
|
|move|p2a: Heracross|Pin Missile|p1a: Venusaur
|-damage|p1a: Venusaur|55\/364
|-damage|p1a: Venusaur|19\/364
|-damage|p1a: Venusaur|0 fnt
|-hitcount|p1a: Venusaur|3
|faint|p1a: Venusaur
|
|
|switch|p1a: Keldeo|Keldeo|161\/323
|turn|55
|c|âlooiiyut|is it scarf?
|
|move|p1a: Keldeo|Hydro Pump|p2a: Heracross|[miss]
|-miss|p1a: Keldeo|p2a: Heracross
|move|p2a: Heracross|Pin Missile|p1a: Keldeo
|-resisted|p1a: Keldeo
|-damage|p1a: Keldeo|131\/323
|-resisted|p1a: Keldeo
|-damage|p1a: Keldeo|101\/323
|-resisted|p1a: Keldeo
|-damage|p1a: Keldeo|67\/323
|-resisted|p1a: Keldeo
|-damage|p1a: Keldeo|37\/323
|-resisted|p1a: Keldeo
|-damage|p1a: Keldeo|7\/323
|-hitcount|p1a: Keldeo|5
|
|turn|56
|
|move|p1a: Keldeo|Hydro Pump|p2a: Heracross
|-damage|p2a: Heracross|0 fnt
|faint|p2a: Heracross
|
|
|switch|p2a: Sylveon|Sylveon, M|118\/393
|turn|57
|
|move|p2a: Sylveon|Protect|p2a: Sylveon
|-singleturn|p2a: Sylveon|Protect
|move|p1a: Keldeo|Hydro Pump|p2a: Sylveon
|-activate|p2a: Sylveon|Protect
|
|-heal|p2a: Sylveon|142\/393|[from] item: Leftovers
|turn|58
|c|âAdriantdx|0 hyro pump
|c|âAdriantdx|.i. protect
|
|move|p1a: Keldeo|Hydro Pump|p2a: Sylveon|[miss]
|-miss|p1a: Keldeo|p2a: Sylveon
|move|p2a: Sylveon|Hyper Voice|p1a: Keldeo
|-supereffective|p1a: Keldeo
|-damage|p1a: Keldeo|0 fnt
|faint|p1a: Keldeo
|
|win|looiiyut
|raw|Ladder updating...
|raw|Adriantdx's rating: 1729 &rarr; <strong>1708<\/strong><br \/>(-21 for losing)
|raw|looiiyut's rating: 1703 &rarr; <strong>1725<\/strong><br \/>(+22 for winning)
|c|âlooiiyut|i know
|leave|Adriantdx
|player|p1