|join|looiiyut
|join|I lost
|player|p1|looiiyut|210
|player|p2|I lost|101
|gametype|singles
|gen|6
|tier|OU
|rated
|clearpoke
|poke|p1|Jirachi
|poke|p1|Azumarill, M
|poke|p1|Poliwrath, F
|poke|p1|Heracross, M
|poke|p1|Raikou
|poke|p1|Avalugg, M
|poke|p2|Mew
|poke|p2|Sylveon, F
|poke|p2|Keldeo
|poke|p2|Metagross
|poke|p2|Talonflame, F
|poke|p2|Rhyperior, M
|rule|Swagger Clause: Swagger is banned
|rule|Baton Pass Clause: Limit one PokÃ©mon knowing Baton Pass
|rule|Sleep Clause Mod: Limit one foe put to sleep
|rule|Species Clause: Limit one of each PokÃ©mon
|rule|OHKO Clause: OHKO moves are banned
|rule|Moody Clause: Moody is banned
|rule|Evasion Moves Clause: Evasion moves are banned
|rule|Endless Battle Clause: Forcing endless battles is banned
|rule|HP Percentage Mod: HP is shown in percentages
|teampreview
|c|âlooiiyut|gl hf
|
|start
|switch|p1a: Heracross|Heracross, M|309\/309
|switch|p2a: Rhyperior|Rhyperior, M|434\/434
|turn|1
|c|âI lost|you too
|
|switch|p2a: Talonflame|Talonflame, F|317\/317
|detailschange|p1a: Heracross|Heracross-Mega, M
|-mega|p1a: Heracross|Heracross|Heracronite
|move|p1a: Heracross|Bullet Seed|p2a: Talonflame
|-resisted|p2a: Talonflame
|-damage|p2a: Talonflame|305\/317
|-resisted|p2a: Talonflame
|-damage|p2a: Talonflame|292\/317
|-resisted|p2a: Talonflame
|-damage|p2a: Talonflame|280\/317
|-resisted|p2a: Talonflame
|-damage|p2a: Talonflame|267\/317
|-resisted|p2a: Talonflame
|-damage|p2a: Talonflame|254\/317
|-hitcount|p2a: Talonflame|5
|
|turn|2
|
|switch|p1a: Piroetta|Avalugg, M|394\/394
|move|p2a: Talonflame|Flare Blitz|p1a: Piroetta
|-supereffective|p1a: Piroetta
|-damage|p1a: Piroetta|168\/394
|-status|p1a: Piroetta|brn
|-damage|p2a: Talonflame|179\/317|[from] recoil|[of] p1a: Piroetta
|-damage|p2a: Talonflame|148\/317|[from] item: Life Orb
|
|-heal|p1a: Piroetta|192\/394 brn|[from] item: Leftovers
|-damage|p1a: Piroetta|143\/394 brn|[from] brn
|turn|3
|
|move|p2a: Talonflame|Roost|p2a: Talonflame
|-heal|p2a: Talonflame|307\/317
|move|p1a: Piroetta|Recover|p1a: Piroetta
|-heal|p1a: Piroetta|340\/394 brn
|
|-heal|p1a: Piroetta|364\/394 brn|[from] item: Leftovers
|-damage|p1a: Piroetta|315\/394 brn|[from] brn
|turn|4
|
|switch|p2a: Rhyperior|Rhyperior, M|434\/434
|move|p1a: Piroetta|Avalanche|p2a: Rhyperior
|-supereffective|p2a: Rhyperior
|-damage|p2a: Rhyperior|378\/434
|
|-heal|p2a: Rhyperior|405\/434|[from] item: Leftovers
|-heal|p1a: Piroetta|339\/394 brn|[from] item: Leftovers
|-damage|p1a: Piroetta|290\/394 brn|[from] brn
|turn|5
|
|switch|p1a: Azumarill|Azumarill, M|401\/401
|move|p2a: Rhyperior|Stealth Rock|p1a: Azumarill
|-sidestart|p1: looiiyut|move: Stealth Rock
|
|-heal|p2a: Rhyperior|432\/434|[from] item: Leftovers
|turn|6
|
|move|p1a: Azumarill|Waterfall|p2a: Rhyperior
|-supereffective|p2a: Rhyperior
|-damage|p2a: Rhyperior|0 fnt
|faint|p2a: Rhyperior
|
|
|switch|p2a: Mew|Mew|404\/404
|turn|7
|
|switch|p1a: Piroetta|Avalugg, M|290\/394 brn
|-damage|p1a: Piroetta|192\/394 brn|[from] Stealth Rock
|move|p2a: Mew|Will-O-Wisp|p1a: Piroetta
|-fail|p1a: Piroetta|brn
|
|-heal|p1a: Piroetta|216\/394 brn|[from] item: Leftovers
|-damage|p1a: Piroetta|167\/394 brn|[from] brn
|turn|8
|
|move|p2a: Mew|Taunt|p1a: Piroetta
|-start|p1a: Piroetta|move: Taunt
|move|p1a: Piroetta|Rapid Spin|p2a: Mew
|-damage|p2a: Mew|397\/404
|-sideend|p1: looiiyut|Stealth Rock|[from] move: Rapid Spin|[of] p1a: Piroetta
|
|-heal|p2a: Mew|404\/404|[from] item: Leftovers
|-heal|p1a: Piroetta|191\/394 brn|[from] item: Leftovers
|-damage|p1a: Piroetta|142\/394 brn|[from] brn
|turn|9
|
|move|p2a: Mew|Seismic Toss|p1a: Piroetta
|-damage|p1a: Piroetta|42\/394 brn
|move|p1a: Piroetta|Avalanche|p2a: Mew
|-damage|p2a: Mew|347\/404
|
|-heal|p2a: Mew|372\/404|[from] item: Leftovers
|-heal|p1a: Piroetta|66\/394 brn|[from] item: Leftovers
|-damage|p1a: Piroetta|17\/394 brn|[from] brn
|turn|10
|
|move|p2a: Mew|Will-O-Wisp|p1a: Piroetta
|-fail|p1a: Piroetta|brn
|move|p1a: Piroetta|Avalanche|p2a: Mew
|-damage|p2a: Mew|341\/404
|
|-heal|p2a: Mew|366\/404|[from] item: Leftovers
|-heal|p1a: Piroetta|41\/394 brn|[from] item: Leftovers
|-damage|p1a: Piroetta|0 fnt|[from] brn
|faint|p1a: Piroetta
|
|switch|p1a: Heracross|Heracross-Mega, M|309\/309
|turn|11
|
|move|p1a: Heracross|Pin Missile|p2a: Mew
|-supereffective|p2a: Mew
|-damage|p2a: Mew|280\/404
|-supereffective|p2a: Mew
|-damage|p2a: Mew|200\/404
|-supereffective|p2a: Mew
|-damage|p2a: Mew|110\/404
|-supereffective|p2a: Mew
|-damage|p2a: Mew|30\/404
|-supereffective|p2a: Mew
|-damage|p2a: Mew|0 fnt
|-hitcount|p2a: Mew|5
|faint|p2a: Mew
|
|c|âI lost|forgot i wasn't EV-ed
|c|âI lost|lol
|
|switch|p2a: Talonflame|Talonflame, F|307\/317
|turn|12
|c|âlooiiyut|no man
|c|âI lost|i mean i wasn't EV-ed to outspeed Heracross
|c|âI lost|haha
|c|âlooiiyut|if wsn't ev-ed tha damage is around 30%
|c|âlooiiyut|ah ok
|c|âlooiiyut|:)
|
|switch|p1a: Wrongtoad|Poliwrath, F|384\/384
|move|p2a: Talonflame|Brave Bird|p1a: Wrongtoad
|-supereffective|p1a: Wrongtoad
|-damage|p1a: Wrongtoad|108\/384
|-damage|p2a: Talonflame|216\/317|[from] recoil|[of] p1a: Wrongtoad
|-damage|p2a: Talonflame|185\/317|[from] item: Life Orb
|
|-heal|p1a: Wrongtoad|132\/384|[from] item: Leftovers
|turn|13
|
|move|p2a: Talonflame|Brave Bird|p1a: Wrongtoad
|-supereffective|p1a: Wrongtoad
|-damage|p1a: Wrongtoad|0 fnt
|-damage|p2a: Talonflame|141\/317|[from] recoil|[of] p1a: Wrongtoad
|-damage|p2a: Talonflame|110\/317|[from] item: Life Orb
|faint|p1a: Wrongtoad
|
|
|switch|p1a: Raikou|Raikou|321\/321
|-ability|p1a: Raikou|Pressure
|turn|14
|
|switch|p2a: Sylveon|Sylveon, F|392\/392
|move|p1a: Raikou|Volt Switch|p2a: Sylveon
|-damage|p2a: Sylveon|301\/392
|
|switch|p1a: Nano malefico|Jirachi|404\/404
|
|turn|15
|
|switch|p2a: Metagross|Metagross|302\/302
|move|p1a: Nano malefico|Stealth Rock|p2a: Metagross
|-sidestart|p2: I lost|move: Stealth Rock
|
|turn|16
|
|detailschange|p2a: Metagross|Metagross-Mega
|-mega|p2a: Metagross|Metagross|Metagrossite
|move|p2a: Metagross|Meteor Mash|p1a: Nano malefico
|-resisted|p1a: Nano malefico
|-damage|p1a: Nano malefico|278\/404
|move|p1a: Nano malefico|Fire Punch|p2a: Metagross
|-supereffective|p2a: Metagross
|-damage|p2a: Metagross|214\/302
|
|-heal|p1a: Nano malefico|303\/404|[from] item: Leftovers
|turn|17
|
|switch|p2a: Keldeo|Keldeo|323\/323
|-damage|p2a: Keldeo|303\/323|[from] Stealth Rock
|move|p1a: Nano malefico|Fire Punch|p2a: Keldeo
|-resisted|p2a: Keldeo
|-damage|p2a: Keldeo|270\/323
|
|-heal|p1a: Nano malefico|328\/404|[from] item: Leftovers
|turn|18
|
|switch|p1a: Azumarill|Azumarill, M|401\/401
|move|p2a: Keldeo|Hydro Pump|p1a: Azumarill
|-resisted|p1a: Azumarill
|-damage|p1a: Azumarill|323\/401
|
|turn|19
|
|switch|p2a: Talonflame|Talonflame, F|110\/317
|-damage|p2a: Talonflame|0 fnt|[from] Stealth Rock
|faint|p2a: Talonflame
|move|p1a: Azumarill|Play Rough|p2: Talonflame|[notarget]
|-notarget
|
|
|switch|p2a: Metagross|Metagross-Mega|214\/302
|-damage|p2a: Metagross|196\/302|[from] Stealth Rock
|turn|20
|
|switch|p1a: Heracross|Heracross-Mega, M|309\/309
|move|p2a: Metagross|Meteor Mash|p1a: Heracross
|-damage|p1a: Heracross|111\/309
|
|turn|21
|c|âI lost|AV
|
|move|p2a: Metagross|Meteor Mash|p1a: Heracross
|-damage|p1a: Heracross|0 fnt
|-boost|p2a: Metagross|atk|1
|faint|p1a: Heracross
|
|
|switch|p1a: Raikou|Raikou|321\/321
|-ability|p1a: Raikou|Pressure
|turn|22
|
|move|p1a: Raikou|Volt Switch|p2a: Metagross
|-damage|p2a: Metagross|96\/302
|
|switch|p1a: Azumarill|Azumarill, M|323\/401
|move|p2a: Metagross|Zen Headbutt|p1a: Azumarill
|-crit|p1a: Azumarill
|-damage|p1a: Azumarill|0 fnt
|faint|p1a: Azumarill
|
|
|switch|p1a: Raikou|Raikou|321\/321
|-ability|p1a: Raikou|Pressure
|turn|23
|
|switch|p2a: Sylveon|Sylveon, F|301\/392
|-damage|p2a: Sylveon|252\/392|[from] Stealth Rock
|move|p1a: Raikou|Thunderbolt|p2a: Sylveon
|-damage|p2a: Sylveon|129\/392
|
|turn|24
|
|move|p1a: Raikou|Volt Switch|p2a: Sylveon
|-damage|p2a: Sylveon|33\/392
|
|switch|p1a: Nano malefico|Jirachi|328\/404
|move|p2a: Sylveon|Baton Pass|p2a: Sylveon
|
|switch|p2a: Keldeo|Keldeo|270\/323
|-damage|p2a: Keldeo|250\/323|[from] Stealth Rock
|
|-heal|p1a: Nano malefico|353\/404|[from] item: Leftovers
|turn|25
|
|move|p2a: Keldeo|Hydro Pump|p1a: Nano malefico
|-damage|p1a: Nano malefico|205\/404
|move|p1a: Nano malefico|Body Slam|p2a: Keldeo
|-damage|p2a: Keldeo|180\/323
|
|-heal|p1a: Nano malefico|230\/404|[from] item: Leftovers
|turn|26
|
|move|p2a: Keldeo|Hydro Pump|p1a: Nano malefico
|-damage|p1a: Nano malefico|91\/404
|move|p1a: Nano malefico|Body Slam|p2a: Keldeo
|-damage|p2a: Keldeo|112\/323
|
|-heal|p1a: Nano malefico|116\/404|[from] item: Leftovers
|turn|27
|
|move|p2a: Keldeo|Hydro Pump|p1a: Nano malefico
|-damage|p1a: Nano malefico|0 fnt
|faint|p1a: Nano malefico
|
|
|switch|p1a: Raikou|Raikou|321\/321
|-ability|p1a: Raikou|Pressure
|turn|28
|
|switch|p2a: Sylveon|Sylveon, F|33\/392
|-damage|p2a: Sylveon|0 fnt|[from] Stealth Rock
|faint|p2a: Sylveon
|move|p1a: Raikou|Thunderbolt|p2: Sylveon|[notarget]
|-notarget
|
|c|âI lost|haha
|c|âI lost|you've won
|
|switch|p2a: Keldeo|Keldeo|112\/323
|-damage|p2a: Keldeo|92\/323|[from] Stealth Rock
|turn|29
|
|move|p2a: Keldeo|Secret Sword|p1a: Raikou
|-damage|p1a: Raikou|141\/321
|move|p1a: Raikou|Thunderbolt|p2a: Keldeo
|-supereffective|p2a: Keldeo
|-damage|p2a: Keldeo|0 fnt
|faint|p2a: Keldeo
|
|
|switch|p2a: Metagross|Metagross-Mega|96\/302
|-damage|p2a: Metagross|78\/302|[from] Stealth Rock
|turn|30
|
|move|p1a: Raikou|Thunderbolt|p2a: Metagross
|-crit|p2a: Metagross
|-damage|p2a: Metagross|0 fnt
|faint|p2a: Metagross
|
|win|looiiyut
|raw|Ladder updating...
|raw|looiiyut's rating: 1567 &rarr; <strong>1581<\/strong><br \/>(+14 for winning)
|raw|I lost's rating: 1460 &rarr; <strong>1446<\/strong><br \/>(-14 for losing)
|c|âlooiiyut|gg
|c|âI lost|gg
|c|âI lost|lol
|leave|I lost
|player|p2