|join|looiiyut
|join|frozenchy
|player|p1|looiiyut|210
|player|p2|frozenchy|161
|gametype|singles
|gen|6
|tier|OU
|rated
|clearpoke
|poke|p1|Jirachi
|poke|p1|Azumarill, M
|poke|p1|Poliwrath, M
|poke|p1|Heracross, F
|poke|p1|Raikou
|poke|p1|Avalugg, F
|poke|p2|Rotom-Wash
|poke|p2|Pinsir, M
|poke|p2|Garchomp, M
|poke|p2|Scizor, M
|poke|p2|Breloom, M
|poke|p2|Clefable, F
|rule|Swagger Clause: Swagger is banned
|rule|Baton Pass Clause: Limit one PokÃ©mon knowing Baton Pass
|rule|Sleep Clause Mod: Limit one foe put to sleep
|rule|Species Clause: Limit one of each PokÃ©mon
|rule|OHKO Clause: OHKO moves are banned
|rule|Moody Clause: Moody is banned
|rule|Evasion Moves Clause: Evasion moves are banned
|rule|Endless Battle Clause: Forcing endless battles is banned
|rule|HP Percentage Mod: HP is shown in percentages
|teampreview
|
|start
|switch|p1a: Raikou|Raikou|321\/321
|switch|p2a: Breloom|Breloom, M|262\/262
|-ability|p1a: Raikou|Pressure
|turn|1
|c|âlooiiyut|gl hf
|
|switch|p2a: Garchomp|Garchomp, M|420\/420
|move|p1a: Raikou|Volt Switch|p2a: Garchomp
|-immune|p2a: Garchomp|[msg]
|
|turn|2
|
|switch|p1a: Piroetta|Avalugg, F|394\/394
|switch|p2a: Breloom|Breloom, M|262\/262
|
|turn|3
|
|switch|p1a: Wrongtoad|Poliwrath, M|384\/384
|move|p2a: Breloom|Spore|p1a: Wrongtoad
|-status|p1a: Wrongtoad|slp
|
|turn|4
|
|switch|p2a: Rotom-Wash|Rotom-Wash|303\/303
|switch|p1a: Piroetta|Avalugg, F|394\/394
|
|turn|5
|
|switch|p1a: Raikou|Raikou|321\/321
|-ability|p1a: Raikou|Pressure
|move|p2a: Rotom-Wash|Volt Switch|p1a: Raikou
|-resisted|p1a: Raikou
|-damage|p1a: Raikou|294\/321
|
|switch|p2a: Scizor|Scizor, M|343\/343
|
|turn|6
|
|switch|p1a: Wrongtoad|Poliwrath, M|384\/384 slp
|move|p2a: Scizor|Knock Off|p1a: Wrongtoad
|-resisted|p1a: Wrongtoad
|-damage|p1a: Wrongtoad|346\/384 slp
|-enditem|p1a: Wrongtoad|Leftovers|[from] move: Knock Off|[of] p2a: Scizor
|
|turn|7
|
|switch|p1a: Heracross|Heracross, F|309\/309
|move|p2a: Scizor|U-turn|p1a: Heracross
|-resisted|p1a: Heracross
|-damage|p1a: Heracross|243\/309
|
|switch|p2a: Pinsir|Pinsir, M|277\/277
|
|turn|8
|
|switch|p1a: Piroetta|Avalugg, F|394\/394
|detailschange|p2a: Pinsir|Pinsir-Mega, M
|-mega|p2a: Pinsir|Pinsir|Pinsirite
|move|p2a: Pinsir|Frustration|p1a: Piroetta
|-damage|p1a: Piroetta|247\/394
|
|-heal|p1a: Piroetta|271\/394|[from] item: Leftovers
|turn|9
|
|switch|p2a: Rotom-Wash|Rotom-Wash|303\/303
|move|p1a: Piroetta|Recover|p1a: Piroetta
|-heal|p1a: Piroetta|394\/394
|
|turn|10
|
|switch|p1a: Nano malefico|Jirachi|404\/404
|move|p2a: Rotom-Wash|Will-O-Wisp|p1a: Nano malefico
|-status|p1a: Nano malefico|brn
|
|-damage|p1a: Nano malefico|354\/404 brn|[from] brn
|turn|11
|
|move|p1a: Nano malefico|Stealth Rock|p2a: Rotom-Wash
|-sidestart|p2: frozenchy|move: Stealth Rock
|move|p2a: Rotom-Wash|Volt Switch|p1a: Nano malefico
|-damage|p1a: Nano malefico|290\/404 brn
|
|switch|p2a: Scizor|Scizor, M|343\/343
|-damage|p2a: Scizor|301\/343|[from] Stealth Rock
|
|-heal|p1a: Nano malefico|315\/404 brn|[from] item: Leftovers
|-heal|p2a: Scizor|322\/343|[from] item: Leftovers
|-damage|p1a: Nano malefico|265\/404 brn|[from] brn
|turn|12
|
|move|p1a: Nano malefico|Fire Punch|p2a: Scizor
|-supereffective|p2a: Scizor
|-damage|p2a: Scizor|206\/343
|move|p2a: Scizor|Defog|p1a: Nano malefico
|-unboost|p1a: Nano malefico|evasion|1
|-sideend|p2: frozenchy|Stealth Rock|[from] move: Defog|[of] p2a: Scizor
|
|-heal|p1a: Nano malefico|290\/404 brn|[from] item: Leftovers
|-heal|p2a: Scizor|227\/343|[from] item: Leftovers
|-damage|p1a: Nano malefico|240\/404 brn|[from] brn
|turn|13
|
|move|p1a: Nano malefico|Stealth Rock|p2a: Scizor
|-sidestart|p2: frozenchy|move: Stealth Rock
|move|p2a: Scizor|Knock Off|p1a: Nano malefico
|-supereffective|p1a: Nano malefico
|-damage|p1a: Nano malefico|28\/404 brn
|-enditem|p1a: Nano malefico|Leftovers|[from] move: Knock Off|[of] p2a: Scizor
|
|-heal|p2a: Scizor|248\/343|[from] item: Leftovers
|-damage|p1a: Nano malefico|0 fnt|[from] brn
|faint|p1a: Nano malefico
|
|switch|p1a: Heracross|Heracross, F|243\/309
|turn|14
|
|switch|p2a: Clefable|Clefable, F|394\/394
|detailschange|p1a: Heracross|Heracross-Mega, F
|-mega|p1a: Heracross|Heracross|Heracronite
|move|p1a: Heracross|Close Combat|p2a: Clefable
|-resisted|p2a: Clefable
|-damage|p2a: Clefable|261\/394
|-unboost|p1a: Heracross|def|1
|-unboost|p1a: Heracross|spd|1
|
|-heal|p2a: Clefable|285\/394|[from] item: Leftovers
|turn|15
|
|switch|p1a: Azumarill|Azumarill, M|401\/401
|move|p2a: Clefable|Moonblast|p1a: Azumarill
|-damage|p1a: Azumarill|316\/401
|
|-heal|p2a: Clefable|309\/394|[from] item: Leftovers
|turn|16
|
|switch|p2a: Rotom-Wash|Rotom-Wash|303\/303
|-damage|p2a: Rotom-Wash|266\/303|[from] Stealth Rock
|switch|p1a: Heracross|Heracross-Mega, F|243\/309
|
|-heal|p2a: Rotom-Wash|284\/303|[from] item: Leftovers
|turn|17
|
|switch|p2a: Clefable|Clefable, F|309\/394
|move|p1a: Heracross|Bullet Seed|p2a: Clefable
|-damage|p2a: Clefable|269\/394
|-damage|p2a: Clefable|229\/394
|-damage|p2a: Clefable|194\/394
|-damage|p2a: Clefable|153\/394
|-damage|p2a: Clefable|117\/394
|-hitcount|p2a: Clefable|5
|
|-heal|p2a: Clefable|141\/394|[from] item: Leftovers
|turn|18
|
|move|p2a: Clefable|Protect|p2a: Clefable
|-singleturn|p2a: Clefable|Protect
|move|p1a: Heracross|Bullet Seed|p2a: Clefable
|-activate|p2a: Clefable|Protect
|
|-heal|p2a: Clefable|165\/394|[from] item: Leftovers
|turn|19
|
|switch|p2a: Scizor|Scizor, M|248\/343
|-damage|p2a: Scizor|206\/343|[from] Stealth Rock
|move|p1a: Heracross|Bullet Seed|p2a: Scizor
|-resisted|p2a: Scizor
|-damage|p2a: Scizor|196\/343
|-resisted|p2a: Scizor
|-damage|p2a: Scizor|187\/343
|-resisted|p2a: Scizor
|-damage|p2a: Scizor|177\/343
|-crit|p2a: Scizor
|-resisted|p2a: Scizor
|-damage|p2a: Scizor|164\/343
|-resisted|p2a: Scizor
|-damage|p2a: Scizor|155\/343
|-hitcount|p2a: Scizor|5
|
|-heal|p2a: Scizor|176\/343|[from] item: Leftovers
|turn|20
|
|move|p1a: Heracross|Close Combat|p2a: Scizor
|-damage|p2a: Scizor|0 fnt
|-unboost|p1a: Heracross|def|1
|-unboost|p1a: Heracross|spd|1
|faint|p2a: Scizor
|
|
|switch|p2a: Pinsir|Pinsir-Mega, M|277\/277
|-damage|p2a: Pinsir|139\/277|[from] Stealth Rock
|turn|21
|
|switch|p1a: Piroetta|Avalugg, F|394\/394
|move|p2a: Pinsir|Close Combat|p1a: Piroetta
|-supereffective|p1a: Piroetta
|-damage|p1a: Piroetta|204\/394
|-unboost|p2a: Pinsir|def|1
|-unboost|p2a: Pinsir|spd|1
|
|-heal|p1a: Piroetta|228\/394|[from] item: Leftovers
|turn|22
|
|move|p2a: Pinsir|Swords Dance|p2a: Pinsir
|-boost|p2a: Pinsir|atk|2
|move|p1a: Piroetta|Recover|p1a: Piroetta
|-heal|p1a: Piroetta|394\/394
|
|turn|23
|
|switch|p2a: Rotom-Wash|Rotom-Wash|284\/303
|-damage|p2a: Rotom-Wash|247\/303|[from] Stealth Rock
|move|p1a: Piroetta|Avalanche|p2a: Rotom-Wash
|-resisted|p2a: Rotom-Wash
|-damage|p2a: Rotom-Wash|221\/303
|
|-heal|p2a: Rotom-Wash|239\/303|[from] item: Leftovers
|turn|24
|
|switch|p1a: Raikou|Raikou|294\/321
|-ability|p1a: Raikou|Pressure
|move|p2a: Rotom-Wash|Will-O-Wisp|p1a: Raikou
|-status|p1a: Raikou|brn
|
|-heal|p2a: Rotom-Wash|257\/303|[from] item: Leftovers
|-damage|p1a: Raikou|254\/321 brn|[from] brn
|turn|25
|
|switch|p2a: Garchomp|Garchomp, M|420\/420
|-damage|p2a: Garchomp|394\/420|[from] Stealth Rock
|move|p1a: Raikou|Hidden Power|p2a: Garchomp
|-supereffective|p2a: Garchomp
|-damage|p2a: Garchomp|78\/420
|
|-damage|p1a: Raikou|214\/321 brn|[from] brn
|turn|26
|
|switch|p2a: Rotom-Wash|Rotom-Wash|257\/303
|-damage|p2a: Rotom-Wash|220\/303|[from] Stealth Rock
|move|p1a: Raikou|Hidden Power|p2a: Rotom-Wash
|-resisted|p2a: Rotom-Wash
|-damage|p2a: Rotom-Wash|190\/303
|
|-heal|p2a: Rotom-Wash|208\/303|[from] item: Leftovers
|-damage|p1a: Raikou|174\/321 brn|[from] brn
|turn|27
|
|move|p1a: Raikou|Volt Switch|p2a: Rotom-Wash
|-damage|p2a: Rotom-Wash|105\/303
|
|switch|p1a: Wrongtoad|Poliwrath, M|346\/384 slp
|move|p2a: Rotom-Wash|Volt Switch|p1a: Wrongtoad
|-supereffective|p1a: Wrongtoad
|-damage|p1a: Wrongtoad|142\/384 slp
|
|switch|p2a: Clefable|Clefable, F|165\/394
|
|-heal|p2a: Clefable|189\/394|[from] item: Leftovers
|turn|28
|
|switch|p1a: Azumarill|Azumarill, M|316\/401
|move|p2a: Clefable|Wish|p2a: Clefable
|
|-heal|p2a: Clefable|213\/394|[from] item: Leftovers
|turn|29
|
|move|p2a: Clefable|Protect|p2a: Clefable
|-singleturn|p2a: Clefable|Protect
|move|p1a: Azumarill|Play Rough|p2a: Clefable
|-activate|p2a: Clefable|Protect
|
|-heal|p2a: Clefable|394\/394|[from] move: Wish|[wisher] Clefable
|turn|30
|
|move|p2a: Clefable|Moonblast|p1a: Azumarill
|-damage|p1a: Azumarill|234\/401
|-unboost|p1a: Azumarill|spa|1
|move|p1a: Azumarill|Play Rough|p2a: Clefable
|-damage|p2a: Clefable|205\/394
|
|-heal|p2a: Clefable|229\/394|[from] item: Leftovers
|turn|31
|
|move|p2a: Clefable|Protect|p2a: Clefable
|-singleturn|p2a: Clefable|Protect
|move|p1a: Azumarill|Waterfall|p2a: Clefable
|-activate|p2a: Clefable|Protect
|
|-heal|p2a: Clefable|253\/394|[from] item: Leftovers
|turn|32
|
|switch|p2a: Garchomp|Garchomp, M|78\/420
|-damage|p2a: Garchomp|52\/420|[from] Stealth Rock
|move|p1a: Azumarill|Waterfall|p2a: Garchomp
|-damage|p2a: Garchomp|0 fnt
|-damage|p1a: Azumarill|184\/401|[from] ability: Rough Skin|[of] p2a: Garchomp
|-damage|p1a: Azumarill|118\/401|[from] item: Rocky Helmet|[of] p2a: Garchomp
|faint|p2a: Garchomp
|
|
|switch|p2a: Breloom|Breloom, M|262\/262
|-damage|p2a: Breloom|246\/262|[from] Stealth Rock
|turn|33
|
|move|p1a: Azumarill|Aqua Jet|p2a: Breloom
|-resisted|p2a: Breloom
|-damage|p2a: Breloom|191\/262
|move|p2a: Breloom|Bullet Seed|p1a: Azumarill
|-supereffective|p1a: Azumarill
|-damage|p1a: Azumarill|0 fnt
|-hitcount|p1a: Azumarill|1
|faint|p1a: Azumarill
|
|
|switch|p1a: Heracross|Heracross-Mega, F|243\/309
|turn|34
|
|switch|p2a: Rotom-Wash|Rotom-Wash|105\/303
|-damage|p2a: Rotom-Wash|68\/303|[from] Stealth Rock
|move|p1a: Heracross|Pin Missile|p2a: Rotom-Wash
|-crit|p2a: Rotom-Wash
|-damage|p2a: Rotom-Wash|2\/303
|-damage|p2a: Rotom-Wash|0 fnt
|-hitcount|p2a: Rotom-Wash|2
|faint|p2a: Rotom-Wash
|
|
|switch|p2a: Clefable|Clefable, F|253\/394
|turn|35
|
|move|p1a: Heracross|Bullet Seed|p2a: Clefable
|-damage|p2a: Clefable|214\/394
|-damage|p2a: Clefable|176\/394
|-damage|p2a: Clefable|135\/394
|-damage|p2a: Clefable|94\/394
|-damage|p2a: Clefable|55\/394
|-hitcount|p2a: Clefable|5
|move|p2a: Clefable|Moonblast|p1a: Heracross
|-supereffective|p1a: Heracross
|-damage|p1a: Heracross|19\/309
|
|-heal|p2a: Clefable|79\/394|[from] item: Leftovers
|turn|36
|
|move|p1a: Heracross|Close Combat|p2a: Clefable
|-resisted|p2a: Clefable
|-damage|p2a: Clefable|0 fnt
|-unboost|p1a: Heracross|def|1
|-unboost|p1a: Heracross|spd|1
|faint|p2a: Clefable
|
|
|switch|p2a: Breloom|Breloom, M|191\/262
|-damage|p2a: Breloom|175\/262|[from] Stealth Rock
|turn|37
|
|move|p2a: Breloom|Mach Punch|p1a: Heracross
|-resisted|p1a: Heracross
|-damage|p1a: Heracross|0 fnt
|faint|p1a: Heracross
|
|
|switch|p1a: Raikou|Raikou|174\/321 brn
|-ability|p1a: Raikou|Pressure
|turn|38
|
|move|p2a: Breloom|Mach Punch|p1a: Raikou
|-damage|p1a: Raikou|39\/321 brn
|move|p1a: Raikou|Hidden Power|p2a: Breloom
|-supereffective|p2a: Breloom
|-damage|p2a: Breloom|0 fnt
|faint|p2a: Breloom
|
|-damage|p1a: Raikou|0 fnt|[from] brn
|faint|p1a: Raikou
|
|switch|p2a: Pinsir|Pinsir-Mega, M|139\/277
|switch|p1a: Piroetta|Avalugg, F|394\/394
|-damage|p2a: Pinsir|1\/277|[from] Stealth Rock
|turn|39
|
|move|p2a: Pinsir|Close Combat|p1a: Piroetta
|-supereffective|p1a: Piroetta
|-damage|p1a: Piroetta|218\/394
|-unboost|p2a: Pinsir|def|1
|-unboost|p2a: Pinsir|spd|1
|move|p1a: Piroetta|Avalanche|p2a: Pinsir
|-supereffective|p2a: Pinsir
|-damage|p2a: Pinsir|0 fnt
|faint|p2a: Pinsir
|
|win|looiiyut
|raw|Ladder updating...
|raw|looiiyut's rating: 1555 &rarr; <strong>1567<\/strong><br \/>(+12 for winning)
|raw|frozenchy's rating: 1403 &rarr; <strong>1391<\/strong><br \/>(-12 for losing)
|leave|frozenchy
|player|p2
|c|âlooiiyut|gg