|join|1761292a
|join|looiiyut
|player|p1|1761292a|265
|player|p2|looiiyut|210
|gametype|singles
|gen|6
|tier|OU (suspect test)
|rated
|clearpoke
|poke|p1|Diggersby, F
|poke|p1|Azelf
|poke|p1|Raikou
|poke|p1|Metagross
|poke|p1|Landorus-Therian, M
|poke|p1|Keldeo
|poke|p2|Camerupt, M
|poke|p2|Clefable, M
|poke|p2|Tyranitar, F
|poke|p2|Breloom, M
|poke|p2|Mandibuzz, F
|poke|p2|Manaphy
|rule|Swagger Clause: Swagger is banned
|rule|Baton Pass Clause: Limit one PokÃ©mon knowing Baton Pass
|rule|Sleep Clause Mod: Limit one foe put to sleep
|rule|Species Clause: Limit one of each PokÃ©mon
|rule|OHKO Clause: OHKO moves are banned
|rule|Moody Clause: Moody is banned
|rule|Evasion Moves Clause: Evasion moves are banned
|rule|Endless Battle Clause: Forcing endless battles is banned
|rule|HP Percentage Mod: HP is shown in percentages
|teampreview
|
|start
|switch|p1a: Azelf|Azelf|291\/291
|switch|p2a: Tyranitar|Tyranitar, F|404\/404
|-weather|Sandstorm
|turn|1
|
|move|p1a: Azelf|Stealth Rock|p2a: Tyranitar
|-sidestart|p2: looiiyut|move: Stealth Rock
|move|p2a: Tyranitar|Crunch|p1a: Azelf
|-supereffective|p1a: Azelf
|-enditem|p1a: Azelf|Focus Sash
|-damage|p1a: Azelf|1\/291
|-unboost|p1a: Azelf|def|1
|
|-weather|Sandstorm|[upkeep]
|-damage|p1a: Azelf|0 fnt|[from] sandstorm
|faint|p1a: Azelf
|
|switch|p1a: Metagross|Metagross|301\/301
|turn|2
|
|detailschange|p1a: Metagross|Metagross-Mega
|-mega|p1a: Metagross|Metagross|Metagrossite
|move|p1a: Metagross|Meteor Mash|p2a: Tyranitar
|-supereffective|p2a: Tyranitar
|-damage|p2a: Tyranitar|66\/404
|move|p2a: Tyranitar|Crunch|p1a: Metagross
|-supereffective|p1a: Metagross
|-damage|p1a: Metagross|113\/301
|
|-weather|Sandstorm|[upkeep]
|turn|3
|
|move|p1a: Metagross|Ice Punch|p2a: Tyranitar
|-damage|p2a: Tyranitar|0 fnt
|faint|p2a: Tyranitar
|
|-weather|Sandstorm|[upkeep]
|
|switch|p2a: Mandibuzz|Mandibuzz, F|424\/424
|-damage|p2a: Mandibuzz|318\/424|[from] Stealth Rock
|turn|4
|
|move|p1a: Metagross|Ice Punch|p2a: Mandibuzz
|-supereffective|p2a: Mandibuzz
|-damage|p2a: Mandibuzz|102\/424
|move|p2a: Mandibuzz|Foul Play|p1a: Metagross
|-supereffective|p1a: Metagross
|-damage|p1a: Metagross|0 fnt
|faint|p1a: Metagross
|
|-weather|Sandstorm|[upkeep]
|-heal|p2a: Mandibuzz|128\/424|[from] item: Leftovers
|
|switch|p1a: Keldeo|Keldeo|323\/323
|turn|5
|
|move|p1a: Keldeo|Scald|p2a: Mandibuzz
|-damage|p2a: Mandibuzz|0 fnt
|faint|p2a: Mandibuzz
|
|-weather|none
|
|switch|p2a: Manaphy|Manaphy|404\/404
|-damage|p2a: Manaphy|354\/404|[from] Stealth Rock
|turn|6
|
|switch|p1a: Raikou|Raikou|321\/321
|-ability|p1a: Raikou|Pressure
|move|p2a: Manaphy|Calm Mind|p2a: Manaphy
|-boost|p2a: Manaphy|spa|1
|-boost|p2a: Manaphy|spd|1
|
|-heal|p2a: Manaphy|379\/404|[from] item: Leftovers
|turn|7
|
|move|p1a: Raikou|Thunderbolt|p2a: Manaphy
|-supereffective|p2a: Manaphy
|-damage|p2a: Manaphy|173\/404
|move|p2a: Manaphy|Scald|p1a: Raikou
|-damage|p1a: Raikou|234\/321
|
|-heal|p2a: Manaphy|198\/404|[from] item: Leftovers
|turn|8
|
|switch|p2a: Camerupt|Camerupt, M|331\/331
|-damage|p2a: Camerupt|290\/331|[from] Stealth Rock
|move|p1a: Raikou|Thunderbolt|p2a: Camerupt
|-immune|p2a: Camerupt|[msg]
|
|turn|9
|
|detailschange|p2a: Camerupt|Camerupt-Mega, M
|-mega|p2a: Camerupt|Camerupt|Cameruptite
|move|p1a: Raikou|Shadow Ball|p2a: Camerupt
|-damage|p2a: Camerupt|200\/331
|move|p2a: Camerupt|Fire Blast|p1a: Raikou
|-crit|p1a: Raikou
|-damage|p1a: Raikou|0 fnt
|faint|p1a: Raikou
|
|
|switch|p1a: Keldeo|Keldeo|323\/323
|turn|10
|
|move|p1a: Keldeo|Scald|p2a: Camerupt
|-supereffective|p2a: Camerupt
|-damage|p2a: Camerupt|0 fnt
|faint|p2a: Camerupt
|
|
|switch|p2a: Clefable|Clefable, M|394\/394
|-damage|p2a: Clefable|345\/394|[from] Stealth Rock
|turn|11
|
|move|p1a: Keldeo|Scald|p2a: Clefable
|-damage|p2a: Clefable|110\/394
|-status|p2a: Clefable|brn
|move|p2a: Clefable|Moonblast|p1a: Keldeo
|-supereffective|p1a: Keldeo
|-damage|p1a: Keldeo|81\/323
|-unboost|p1a: Keldeo|spa|1
|
|-heal|p2a: Clefable|134\/394 brn|[from] item: Leftovers
|-damage|p2a: Clefable|85\/394 brn|[from] brn
|turn|12
|
|move|p1a: Keldeo|Scald|p2a: Clefable
|-damage|p2a: Clefable|0 fnt
|faint|p2a: Clefable
|
|
|switch|p2a: Manaphy|Manaphy|198\/404
|-damage|p2a: Manaphy|148\/404|[from] Stealth Rock
|turn|13
|
|switch|p1a: Diggersby|Diggersby, F|311\/311
|move|p2a: Manaphy|Scald|p1a: Diggersby
|-supereffective|p1a: Diggersby
|-damage|p1a: Diggersby|89\/311
|
|-heal|p2a: Manaphy|173\/404|[from] item: Leftovers
|turn|14
|
|move|p1a: Diggersby|Earthquake|p2a: Manaphy
|-damage|p2a: Manaphy|27\/404
|-damage|p1a: Diggersby|58\/311|[from] item: Life Orb
|move|p2a: Manaphy|Scald|p1a: Diggersby
|-supereffective|p1a: Diggersby
|-damage|p1a: Diggersby|0 fnt
|faint|p1a: Diggersby
|
|-heal|p2a: Manaphy|52\/404|[from] item: Leftovers
|
|switch|p1a: Landorus-Therian|Landorus-Therian, M|335\/335
|-ability|p1a: Landorus-Therian|Intimidate|[of] p2a: Manaphy
|-unboost|p2a: Manaphy|atk|1
|turn|15
|
|move|p1a: Landorus-Therian|U-turn|p2a: Manaphy
|-damage|p2a: Manaphy|0 fnt
|faint|p2a: Manaphy
|
|switch|p1a: Keldeo|Keldeo|81\/323
|
|
|switch|p2a: Breloom|Breloom, M|323\/323
|-damage|p2a: Breloom|303\/323|[from] Stealth Rock
|turn|16
|
|move|p1a: Keldeo|Secret Sword|p2a: Breloom
|-damage|p2a: Breloom|21\/323
|move|p2a: Breloom|Drain Punch|p1a: Keldeo
|-damage|p1a: Keldeo|0 fnt
|-heal|p2a: Breloom|62\/323|[from] drain|[of] p1a: Keldeo
|faint|p1a: Keldeo
|
|-status|p2a: Breloom|tox|[from] item: Toxic Orb
|
|switch|p1a: Landorus-Therian|Landorus-Therian, M|335\/335
|-ability|p1a: Landorus-Therian|Intimidate|[of] p2a: Breloom
|-unboost|p2a: Breloom|atk|1
|turn|17
|
|move|p1a: Landorus-Therian|U-turn|p2a: Breloom
|-damage|p2a: Breloom|0 fnt
|faint|p2a: Breloom
|
|win|1761292a
|raw|Ladder updating...
|raw|1761292a's rating: 1469 &rarr; <strong>1483<\/strong><br \/>(+14 for winning)
|raw|looiiyut's rating: 1365 &rarr; <strong>1351<\/strong><br \/>(-14 for losing)
|c|âlooiiyut|gg
|c|â1761292a|gg
|c|â1761292a|bruh
|leave|1761292a
|player|p1