|join|looiiyut
|join|nipnop
|player|p1|looiiyut|210
|player|p2|nipnop|112
|gametype|singles
|gen|6
|tier|OU (suspect test)
|rated
|clearpoke
|poke|p1|Politoed, F, shiny
|poke|p1|Kabutops, F
|poke|p1|Toxicroak, M
|poke|p1|Greninja, M
|poke|p1|Mawile, F
|poke|p1|Zapdos
|poke|p2|Landorus-Therian, M
|poke|p2|Excadrill, M
|poke|p2|Kyurem-Black
|poke|p2|Talonflame, M
|poke|p2|Gardevoir, F
|poke|p2|Gengar, M
|rule|Swagger Clause: Swagger is banned
|rule|Baton Pass Clause: Limit one PokÃ©mon knowing Baton Pass
|rule|Sleep Clause Mod: Limit one foe put to sleep
|rule|Species Clause: Limit one of each PokÃ©mon
|rule|OHKO Clause: OHKO moves are banned
|rule|Moody Clause: Moody is banned
|rule|Evasion Moves Clause: Evasion moves are banned
|rule|Endless Battle Clause: Forcing endless battles is banned
|rule|HP Percentage Mod: HP is reported as percentages
|teampreview
|
|start
|switch|p1a: Mawile|Mawile, F|303\/303
|switch|p2a: Landorus-Therian|Landorus-Therian, M|382\/382
|-ability|p2a: Landorus-Therian|Intimidate|[of] p1a: Mawile
|-unboost|p1a: Mawile|atk|1
|-ability|p1a: Mawile|Intimidate|[of] p2a: Landorus-Therian
|-unboost|p2a: Landorus-Therian|atk|1
|turn|1
|
|switch|p1a: Zapdos|Zapdos|371\/371
|-ability|p1a: Zapdos|Pressure
|move|p2a: Landorus-Therian|Stealth Rock|p1a: Zapdos
|-sidestart|p1: looiiyut|move: Stealth Rock
|
|turn|2
|
|move|p2a: Landorus-Therian|U-turn|p1a: Zapdos
|-resisted|p1a: Zapdos
|-damage|p1a: Zapdos|344\/371
|
|switch|p2a: Kyurem-Black|Kyurem-Black|392\/392
|-ability|p2a: Kyurem-Black|Teravolt
|move|p1a: Zapdos|Hidden Power|p2a: Kyurem-Black
|-damage|p2a: Kyurem-Black|313\/392
|
|-heal|p2a: Kyurem-Black|337\/392|[from] item: Leftovers
|-heal|p1a: Zapdos|367\/371|[from] item: Leftovers
|turn|3
|
|move|p2a: Kyurem-Black|Ice Beam|p1a: Zapdos
|-supereffective|p1a: Zapdos
|-damage|p1a: Zapdos|109\/371
|move|p1a: Zapdos|Heat Wave|p2a: Kyurem-Black
|-damage|p2a: Kyurem-Black|225\/392
|
|-heal|p2a: Kyurem-Black|249\/392|[from] item: Leftovers
|-heal|p1a: Zapdos|132\/371|[from] item: Leftovers
|turn|4
|
|switch|p1a: Politoed|Politoed, F, shiny|384\/384
|-damage|p1a: Politoed|336\/384|[from] Stealth Rock
|-weather|RainDance
|move|p2a: Kyurem-Black|Ice Beam|p1a: Politoed
|-resisted|p1a: Politoed
|-damage|p1a: Politoed|257\/384
|-status|p1a: Politoed|frz
|
|-weather|RainDance|[upkeep]
|-heal|p2a: Kyurem-Black|273\/392|[from] item: Leftovers
|turn|5
|
|switch|p1a: Zapdos|Zapdos|132\/371
|-damage|p1a: Zapdos|40\/371|[from] Stealth Rock
|-ability|p1a: Zapdos|Pressure
|move|p2a: Kyurem-Black|Fusion Bolt|p1a: Zapdos
|-damage|p1a: Zapdos|0 fnt
|faint|p1a: Zapdos
|
|-weather|RainDance|[upkeep]
|-heal|p2a: Kyurem-Black|297\/392|[from] item: Leftovers
|
|switch|p1a: Kabutops|Kabutops, F|262\/262
|-damage|p1a: Kabutops|230\/262|[from] Stealth Rock
|turn|6
|
|switch|p2a: Landorus-Therian|Landorus-Therian, M|382\/382
|-ability|p2a: Landorus-Therian|Intimidate|[of] p1a: Kabutops
|-unboost|p1a: Kabutops|atk|1
|move|p1a: Kabutops|Stone Edge|p2a: Landorus-Therian
|-crit|p2a: Landorus-Therian
|-damage|p2a: Landorus-Therian|30\/382
|-damage|p1a: Kabutops|204\/262|[from] item: Life Orb
|
|-weather|RainDance|[upkeep]
|-heal|p2a: Landorus-Therian|53\/382|[from] item: Leftovers
|turn|7
|
|move|p1a: Kabutops|Waterfall|p2a: Landorus-Therian
|-crit|p2a: Landorus-Therian
|-supereffective|p2a: Landorus-Therian
|-damage|p2a: Landorus-Therian|0 fnt
|-damage|p1a: Kabutops|178\/262|[from] item: Life Orb
|faint|p2a: Landorus-Therian
|
|-weather|RainDance|[upkeep]
|
|switch|p2a: Talonflame|Talonflame, M|298\/298
|turn|8
|
|move|p1a: Kabutops|Aqua Jet|p2a: Talonflame
|-supereffective|p2a: Talonflame
|-damage|p2a: Talonflame|48\/298
|-damage|p1a: Kabutops|152\/262|[from] item: Life Orb
|move|p2a: Talonflame|Brave Bird|p1a: Kabutops
|-resisted|p1a: Kabutops
|-damage|p1a: Kabutops|75\/262
|-damage|p2a: Talonflame|23\/298|[from] recoil|[of] p1a: Kabutops
|
|-weather|RainDance|[upkeep]
|-heal|p2a: Talonflame|41\/298|[from] item: Leftovers
|turn|9
|
|move|p1a: Kabutops|Aqua Jet|p2a: Talonflame
|-supereffective|p2a: Talonflame
|-damage|p2a: Talonflame|0 fnt
|-damage|p1a: Kabutops|49\/262|[from] item: Life Orb
|faint|p2a: Talonflame
|
|-weather|RainDance|[upkeep]
|
|switch|p2a: Gengar|Gengar, M|262\/262
|turn|10
|
|move|p2a: Gengar|Thunderbolt|p1a: Kabutops
|-supereffective|p1a: Kabutops
|-damage|p1a: Kabutops|0 fnt
|faint|p1a: Kabutops
|
|-weather|RainDance|[upkeep]
|
|switch|p1a: Mawile|Mawile, F|303\/303
|-damage|p1a: Mawile|285\/303|[from] Stealth Rock
|-ability|p1a: Mawile|Intimidate|[of] p2a: Gengar
|-unboost|p2a: Gengar|atk|1
|turn|11
|
|detailschange|p1a: Mawile|Mawile-Mega, F
|message|Mawile has Mega Evolved into Mega Mawile!
|move|p2a: Gengar|Thunderbolt|p1a: Mawile
|-damage|p1a: Mawile|167\/303
|-status|p1a: Mawile|par
|move|p1a: Mawile|Swords Dance|p1a: Mawile
|-boost|p1a: Mawile|atk|2
|
|-weather|none
|turn|12
|
|switch|p2a: Gardevoir|Gardevoir, F|278\/278
|-ability|p2a: Gardevoir|Huge Power|[from] ability: Trace|[of] p1a: Mawile
|move|p1a: Mawile|Fire Fang|p2a: Gardevoir
|-crit|p2a: Gardevoir
|-damage|p2a: Gardevoir|0 fnt
|faint|p2a: Gardevoir
|
|
|switch|p2a: Kyurem-Black|Kyurem-Black|297\/392
|-ability|p2a: Kyurem-Black|Teravolt
|turn|13
|
|move|p2a: Kyurem-Black|Earth Power|p1a: Mawile
|-supereffective|p1a: Mawile
|-damage|p1a: Mawile|0 fnt
|faint|p1a: Mawile
|
|-heal|p2a: Kyurem-Black|321\/392|[from] item: Leftovers
|
|switch|p1a: Greninja|Greninja, M|286\/286
|-damage|p1a: Greninja|251\/286|[from] Stealth Rock
|turn|14
|
|move|p1a: Greninja|Extrasensory|p2a: Kyurem-Black
|-start|p1a: Greninja|typechange|Psychic|[from] Protean
|-crit|p2a: Kyurem-Black
|-damage|p2a: Kyurem-Black|39\/392
|-damage|p1a: Greninja|223\/286|[from] item: Life Orb
|move|p2a: Kyurem-Black|Fusion Bolt|p1a: Greninja
|-damage|p1a: Greninja|46\/286
|
|-heal|p2a: Kyurem-Black|63\/392|[from] item: Leftovers
|turn|15
|
|move|p1a: Greninja|Extrasensory|p2a: Kyurem-Black
|-damage|p2a: Kyurem-Black|0 fnt
|-damage|p1a: Greninja|18\/286|[from] item: Life Orb
|faint|p2a: Kyurem-Black
|
|raw|<div class="broadcast-red"><b>The server is restarting soon.<\/b><br \/>Please finish your battles quickly. No new battles can be started until the server resets in a few minutes.<\/div>
|raw|<div class="broadcast-red"><b>Moderated chat was set to +!<\/b><br \/>Only users of rank + and higher can talk.<\/div>
|
|switch|p2a: Gengar|Gengar, M|262\/262
|turn|16
|
|switch|p1a: Politoed|Politoed, F, shiny|257\/384 frz
|-damage|p1a: Politoed|209\/384 frz|[from] Stealth Rock
|-weather|RainDance
|move|p2a: Gengar|Shadow Ball|p1a: Politoed
|-damage|p1a: Politoed|56\/384 frz
|
|-weather|RainDance|[upkeep]
|turn|17
|
|move|p2a: Gengar|Shadow Ball|p1a: Politoed
|-damage|p1a: Politoed|0 fnt
|faint|p1a: Politoed
|
|-weather|RainDance|[upkeep]
|
|switch|p1a: Toxicroak|Toxicroak, M|307\/307
|-damage|p1a: Toxicroak|288\/307|[from] Stealth Rock
|turn|18
|
|move|p2a: Gengar|Shadow Ball|p1a: Toxicroak
|-damage|p1a: Toxicroak|75\/307
|move|p1a: Toxicroak|Drain Punch|p2a: Gengar
|-immune|p2a: Gengar|[msg]
|
|-weather|RainDance|[upkeep]
|-heal|p1a: Toxicroak|113\/307|[from] ability: Dry Skin
|turn|19
|
|move|p1a: Toxicroak|Sucker Punch|p2a: Gengar
|-supereffective|p2a: Gengar
|-damage|p2a: Gengar|0 fnt
|-damage|p1a: Toxicroak|83\/307|[from] item: Life Orb
|faint|p2a: Gengar
|
|-weather|RainDance|[upkeep]
|-heal|p1a: Toxicroak|121\/307|[from] ability: Dry Skin
|
|switch|p2a: Excadrill|Excadrill, M|362\/362
|-ability|p2a: Excadrill|Mold Breaker
|turn|20
|
|move|p2a: Excadrill|Earthquake|p1a: Toxicroak
|-supereffective|p1a: Toxicroak
|-damage|p1a: Toxicroak|0 fnt
|faint|p1a: Toxicroak
|
|-weather|RainDance|[upkeep]
|
|switch|p1a: Greninja|Greninja, M|18\/286
|-damage|p1a: Greninja|0 fnt|[from] Stealth Rock
|faint|p1a: Greninja
|
|win|nipnop
|raw|Ladder updating...
|raw|looiiyut's rating: 1317 &rarr; <strong>1286<\/strong><br \/>(-31 for losing)
|raw|nipnop's rating: 1108 &rarr; <strong>1146<\/strong><br \/>(+38 for winning)
|chat|looiiyut|gg
|chat|nipnop|gg