|join|celticpride034
|join|looiiyut
|player|p1|celticpride034|101
|player|p2|looiiyut|210
|gametype|singles
|gen|6
|tier|OU (suspect test)
|rated
|clearpoke
|poke|p1|Medicham, M
|poke|p1|Noivern, M
|poke|p1|Greninja, M
|poke|p1|Gengar, M
|poke|p1|Landorus-Therian, M
|poke|p1|Garchomp, M
|poke|p2|Politoed, F, shiny
|poke|p2|Kabutops, M
|poke|p2|Toxicroak, F
|poke|p2|Greninja, M
|poke|p2|Mawile, M
|poke|p2|Zapdos
|rule|Swagger Clause: Swagger is banned
|rule|Baton Pass Clause: Limit one PokÃ©mon knowing Baton Pass
|rule|Sleep Clause Mod: Limit one foe put to sleep
|rule|Species Clause: Limit one of each PokÃ©mon
|rule|OHKO Clause: OHKO moves are banned
|rule|Moody Clause: Moody is banned
|rule|Evasion Moves Clause: Evasion moves are banned
|rule|Endless Battle Clause: Forcing endless battles is banned
|rule|HP Percentage Mod: HP is reported as percentages
|teampreview
|
|start
|switch|p1a: Medicham|Medicham, M|262\/262
|switch|p2a: Greninja|Greninja, M|286\/286
|turn|1
|
|switch|p1a: Landorus-Therian|Landorus-Therian, M|382\/382
|-ability|p1a: Landorus-Therian|Intimidate|[of] p2a: Greninja
|-unboost|p2a: Greninja|atk|1
|move|p2a: Greninja|Extrasensory|p1a: Landorus-Therian
|-start|p2a: Greninja|typechange|Psychic|[from] Protean
|-damage|p1a: Landorus-Therian|179\/382
|-damage|p2a: Greninja|258\/286|[from] item: Life Orb
|
|-heal|p1a: Landorus-Therian|202\/382|[from] item: Leftovers
|turn|2
|
|move|p2a: Greninja|Ice Beam|p1a: Landorus-Therian
|-start|p2a: Greninja|typechange|Ice|[from] Protean
|-supereffective|p1a: Landorus-Therian
|-damage|p1a: Landorus-Therian|0 fnt
|-damage|p2a: Greninja|230\/286|[from] item: Life Orb
|faint|p1a: Landorus-Therian
|
|
|switch|p1a: Noivern|Noivern, M|311\/311
|turn|3
|
|switch|p2a: Zapdos|Zapdos|371\/371
|-ability|p2a: Zapdos|Pressure
|move|p1a: Noivern|Flamethrower|p2a: Zapdos
|-crit|p2a: Zapdos
|-damage|p2a: Zapdos|232\/371
|-damage|p1a: Noivern|280\/311|[from] item: Life Orb
|
|-heal|p2a: Zapdos|255\/371|[from] item: Leftovers
|turn|4
|
|switch|p1a: Gengar|Gengar, M|262\/262
|move|p2a: Zapdos|Hidden Power|p1a: Gengar
|-damage|p1a: Gengar|185\/262
|
|-heal|p2a: Zapdos|278\/371|[from] item: Leftovers
|turn|5
|
|move|p1a: Gengar|Shadow Ball|p2a: Zapdos
|-damage|p2a: Zapdos|166\/371
|move|p2a: Zapdos|Thunderbolt|p1a: Gengar
|-damage|p1a: Gengar|7\/262
|
|-heal|p2a: Zapdos|189\/371|[from] item: Leftovers
|turn|6
|
|move|p1a: Gengar|Destiny Bond|p1a: Gengar
|-singlemove|p1a: Gengar|Destiny Bond
|move|p2a: Zapdos|Thunderbolt|p1a: Gengar
|-damage|p1a: Gengar|0 fnt
|faint|p1a: Gengar
|-activate|p1a: Gengar|Destiny Bond
|faint|p2a: Zapdos
|
|
|switch|p1a: Medicham|Medicham, M|262\/262
|switch|p2a: Politoed|Politoed, F, shiny|384\/384
|-weather|RainDance
|turn|7
|
|detailschange|p1a: Medicham|Medicham-Mega, M
|message|Medicham has Mega Evolved into Mega Medicham!
|move|p1a: Medicham|High Jump Kick|p2a: Politoed
|-damage|p2a: Politoed|35\/384
|move|p2a: Politoed|Toxic|p1a: Medicham
|-status|p1a: Medicham|tox
|
|-weather|RainDance|[upkeep]
|-damage|p1a: Medicham|246\/262 tox|[from] psn
|turn|8
|
|move|p1a: Medicham|Thunder Punch|p2a: Politoed
|-supereffective|p2a: Politoed
|-damage|p2a: Politoed|0 fnt
|faint|p2a: Politoed
|
|-weather|RainDance|[upkeep]
|-damage|p1a: Medicham|214\/262 tox|[from] psn
|
|switch|p2a: Kabutops|Kabutops, M|262\/262
|turn|9
|
|move|p2a: Kabutops|Waterfall|p1a: Medicham
|-damage|p1a: Medicham|0 fnt
|-damage|p2a: Kabutops|236\/262|[from] item: Life Orb
|faint|p1a: Medicham
|
|-weather|RainDance|[upkeep]
|
|switch|p1a: Garchomp|Garchomp, M|357\/357
|turn|10
|
|move|p2a: Kabutops|Waterfall|p1a: Garchomp
|-damage|p1a: Garchomp|59\/357
|-damage|p2a: Kabutops|204\/262|[from] ability: Rough Skin|[of] p1a: Garchomp
|-damage|p2a: Kabutops|178\/262|[from] item: Life Orb
|cant|p1a: Garchomp|flinch
|
|-weather|RainDance|[upkeep]
|turn|11
|-message|celticpride034 forfeited.
|
|win|looiiyut
|raw|Ladder updating...
|leave|celticpride034
|player|p1
|raw|celticpride034's rating: 1220 &rarr; <strong>1193<\/strong><br \/>(-27 for losing)
|raw|looiiyut's rating: 1180 &rarr; <strong>1208<\/strong><br \/>(+28 for winning)