|join|mark moron
|join|looiiyut
|player|p1|mark moron|10
|player|p2|looiiyut|210
|gametype|singles
|gen|6
|tier|OU (suspect test)
|rated
|clearpoke
|poke|p1|Landorus-Therian, M
|poke|p1|Azumarill, F
|poke|p1|Medicham, M
|poke|p1|Ferrothorn, F
|poke|p1|Rotom-Wash
|poke|p1|Latias, F
|poke|p2|Heracross, M
|poke|p2|Sylveon, M
|poke|p2|Heatran, F
|poke|p2|Mew
|poke|p2|Azumarill, M
|poke|p2|Zapdos
|rule|Swagger Clause: Swagger is banned
|rule|Baton Pass Clause: Limit one PokÃ©mon knowing Baton Pass
|rule|Sleep Clause Mod: Limit one foe put to sleep
|rule|Species Clause: Limit one of each PokÃ©mon
|rule|OHKO Clause: OHKO moves are banned
|rule|Moody Clause: Moody is banned
|rule|Evasion Moves Clause: Evasion moves are banned
|rule|Endless Battle Clause: Forcing endless battles is banned
|rule|HP Percentage Mod: HP is reported as percentages
|teampreview
|
|start
|switch|p1a: Rotom-Wash|Rotom-Wash|304\/304
|switch|p2a: Zapdos|Zapdos|384\/384
|-ability|p2a: Zapdos|Pressure
|turn|1
|
|move|p2a: Zapdos|Volt Switch|p1a: Rotom-Wash
|-damage|p1a: Rotom-Wash|190\/304
|
|switch|p2a: Sylveon|Sylveon, M|393\/393
|move|p1a: Rotom-Wash|Will-O-Wisp|p2a: Sylveon
|-status|p2a: Sylveon|brn
|
|-heal|p1a: Rotom-Wash|209\/304|[from] item: Leftovers
|-damage|p2a: Sylveon|344\/393 brn|[from] brn
|turn|2
|
|move|p1a: Rotom-Wash|Volt Switch|p2a: Sylveon
|-damage|p2a: Sylveon|269\/393 brn
|
|switch|p1a: Ferrothorn|Ferrothorn, F|352\/352
|move|p2a: Sylveon|Hyper Voice|p1a: Ferrothorn
|-resisted|p1a: Ferrothorn
|-damage|p1a: Ferrothorn|304\/352
|
|-heal|p2a: Sylveon|293\/393 brn|[from] item: Leftovers
|-heal|p1a: Ferrothorn|326\/352|[from] item: Leftovers
|-damage|p2a: Sylveon|244\/393 brn|[from] brn
|turn|3
|
|switch|p2a: Zapdos|Zapdos|384\/384
|-ability|p2a: Zapdos|Pressure
|move|p1a: Ferrothorn|Stealth Rock|p2a: Zapdos
|-sidestart|p2: looiiyut|move: Stealth Rock
|
|-heal|p1a: Ferrothorn|348\/352|[from] item: Leftovers
|turn|4
|
|move|p1a: Ferrothorn|Protect|p1a: Ferrothorn
|-singleturn|p1a: Ferrothorn|Protect
|move|p2a: Zapdos|Defog|p1a: Ferrothorn
|-activate|p1a: Ferrothorn|Protect
|
|-heal|p1a: Ferrothorn|352\/352|[from] item: Leftovers
|turn|5
|
|switch|p1a: Rotom-Wash|Rotom-Wash|209\/304
|move|p2a: Zapdos|Defog|p1a: Rotom-Wash
|-unboost|p1a: Rotom-Wash|evasion|1
|-sideend|p2: looiiyut|Stealth Rock|[from] move: Defog|[of] p2a: Zapdos
|
|-heal|p1a: Rotom-Wash|228\/304|[from] item: Leftovers
|turn|6
|
|move|p2a: Zapdos|Volt Switch|p1a: Rotom-Wash
|-damage|p1a: Rotom-Wash|125\/304
|
|switch|p2a: Sylveon|Sylveon, M|244\/393 brn
|move|p1a: Rotom-Wash|Volt Switch|p2a: Sylveon
|-damage|p2a: Sylveon|174\/393 brn
|
|switch|p1a: Azumarill|Azumarill, F|389\/389
|
|-heal|p2a: Sylveon|198\/393 brn|[from] item: Leftovers
|-damage|p2a: Sylveon|149\/393 brn|[from] brn
|turn|7
|
|move|p2a: Sylveon|Hyper Voice|p1a: Azumarill
|-damage|p1a: Azumarill|272\/389
|move|p1a: Azumarill|Knock Off|p2a: Sylveon
|-resisted|p2a: Sylveon
|-damage|p2a: Sylveon|82\/393 brn
|-enditem|p2a: Sylveon|Leftovers|[from] move: Knock Off|[of] p1a: Azumarill
|
|-damage|p2a: Sylveon|33\/393 brn|[from] brn
|turn|8
|
|move|p1a: Azumarill|Aqua Jet|p2a: Sylveon
|-damage|p2a: Sylveon|0 fnt
|faint|p2a: Sylveon
|
|
|switch|p2a: Mew|Mew|377\/377
|turn|9
|
|switch|p1a: Rotom-Wash|Rotom-Wash|125\/304
|move|p2a: Mew|Will-O-Wisp|p1a: Rotom-Wash
|-status|p1a: Rotom-Wash|brn
|
|-heal|p1a: Rotom-Wash|144\/304 brn|[from] item: Leftovers
|-damage|p1a: Rotom-Wash|106\/304 brn|[from] brn
|turn|10
|
|move|p2a: Mew|Taunt|p1a: Rotom-Wash
|-start|p1a: Rotom-Wash|move: Taunt
|move|p1a: Rotom-Wash|Volt Switch|p2a: Mew
|-damage|p2a: Mew|293\/377
|
|switch|p1a: Landorus-Therian|Landorus-Therian, M|382\/382
|-ability|p1a: Landorus-Therian|Intimidate|[of] p2a: Mew
|-unboost|p2a: Mew|atk|1
|
|-heal|p2a: Mew|316\/377|[from] item: Leftovers
|turn|11
|
|move|p1a: Landorus-Therian|U-turn|p2a: Mew
|-supereffective|p2a: Mew
|-damage|p2a: Mew|200\/377
|
|switch|p1a: Rotom-Wash|Rotom-Wash|106\/304 brn
|move|p2a: Mew|Soft-Boiled|p2a: Mew
|-heal|p2a: Mew|377\/377
|
|-heal|p1a: Rotom-Wash|125\/304 brn|[from] item: Leftovers
|-damage|p1a: Rotom-Wash|87\/304 brn|[from] brn
|turn|12
|
|move|p2a: Mew|Volt Switch|p1a: Rotom-Wash
|-damage|p1a: Rotom-Wash|35\/304 brn
|
|switch|p2a: Heatran|Heatran, F|386\/386
|move|p1a: Rotom-Wash|Volt Switch|p2a: Heatran
|-damage|p2a: Heatran|328\/386
|
|switch|p1a: Medicham|Medicham, M|261\/261
|
|-heal|p2a: Heatran|352\/386|[from] item: Leftovers
|turn|13
|
|detailschange|p1a: Medicham|Medicham-Mega, M
|message|Medicham has Mega Evolved into Mega Medicham!
|move|p2a: Heatran|Protect|p2a: Heatran
|-singleturn|p2a: Heatran|Protect
|move|p1a: Medicham|Fake Out|p2a: Heatran
|-activate|p2a: Heatran|Protect
|
|-heal|p2a: Heatran|376\/386|[from] item: Leftovers
|turn|14
|
|switch|p2a: Zapdos|Zapdos|384\/384
|-ability|p2a: Zapdos|Pressure
|move|p1a: Medicham|High Jump Kick|p2a: Zapdos
|-resisted|p2a: Zapdos
|-damage|p2a: Zapdos|168\/384
|
|turn|15
|
|move|p1a: Medicham|Ice Punch|p2a: Zapdos
|-supereffective|p2a: Zapdos
|-damage|p2a: Zapdos|0 fnt
|faint|p2a: Zapdos
|
|
|switch|p2a: Mew|Mew|377\/377
|turn|16
|
|switch|p1a: Rotom-Wash|Rotom-Wash|35\/304 brn
|move|p2a: Mew|Volt Switch|p1a: Rotom-Wash
|-damage|p1a: Rotom-Wash|0 fnt
|faint|p1a: Rotom-Wash
|
|switch|p2a: Azumarill|Azumarill, M|404\/404
|
|
|switch|p1a: Ferrothorn|Ferrothorn, F|352\/352
|turn|17
|
|move|p2a: Azumarill|Knock Off|p1a: Ferrothorn
|-damage|p1a: Ferrothorn|244\/352
|-damage|p2a: Azumarill|354\/404|[from] ability: Iron Barbs|[of] p1a: Ferrothorn
|-enditem|p1a: Ferrothorn|Leftovers|[from] move: Knock Off|[of] p2a: Azumarill
|move|p1a: Ferrothorn|Stealth Rock|p2a: Azumarill
|-sidestart|p2: looiiyut|move: Stealth Rock
|
|turn|18
|
|switch|p2a: Mew|Mew|377\/377
|-damage|p2a: Mew|330\/377|[from] Stealth Rock
|move|p1a: Ferrothorn|Leech Seed|p2a: Mew
|-start|p2a: Mew|move: Leech Seed
|
|-heal|p2a: Mew|353\/377|[from] item: Leftovers
|-damage|p2a: Mew|306\/377|[from] Leech Seed|[of] p1a: Ferrothorn
|-heal|p1a: Ferrothorn|291\/352|[silent]
|turn|19
|
|move|p1a: Ferrothorn|Protect|p1a: Ferrothorn
|-singleturn|p1a: Ferrothorn|Protect
|move|p2a: Mew|Will-O-Wisp|p1a: Ferrothorn
|-activate|p1a: Ferrothorn|Protect
|
|-heal|p2a: Mew|329\/377|[from] item: Leftovers
|-damage|p2a: Mew|282\/377|[from] Leech Seed|[of] p1a: Ferrothorn
|-heal|p1a: Ferrothorn|338\/352|[silent]
|turn|20
|
|switch|p1a: Latias|Latias, F|302\/302
|move|p2a: Mew|Will-O-Wisp|p1a: Latias|[miss]
|-miss|p2a: Mew|p1a: Latias
|
|-heal|p2a: Mew|305\/377|[from] item: Leftovers
|-damage|p2a: Mew|258\/377|[from] Leech Seed|[of] p1a: Latias
|turn|21
|
|switch|p2a: Heatran|Heatran, F|376\/386
|-damage|p2a: Heatran|328\/386|[from] Stealth Rock
|move|p1a: Latias|Draco Meteor|p2a: Heatran
|-resisted|p2a: Heatran
|-damage|p2a: Heatran|234\/386
|-unboost|p1a: Latias|spa|2
|-damage|p1a: Latias|272\/302|[from] item: Life Orb
|
|-heal|p2a: Heatran|258\/386|[from] item: Leftovers
|turn|22
|
|switch|p1a: Azumarill|Azumarill, F|272\/389
|move|p2a: Heatran|Lava Plume|p1a: Azumarill
|-resisted|p1a: Azumarill
|-damage|p1a: Azumarill|228\/389
|-status|p1a: Azumarill|brn
|
|-heal|p2a: Heatran|282\/386|[from] item: Leftovers
|-damage|p1a: Azumarill|180\/389 brn|[from] brn
|turn|23
|chat|mark moron|obv
|
|switch|p1a: Medicham|Medicham-Mega, M|261\/261
|move|p2a: Heatran|Protect|p2a: Heatran
|-fail|p2a: Heatran
|
|-heal|p2a: Heatran|306\/386|[from] item: Leftovers
|turn|24
|chat|looiiyut|it's for the will o wisp miss
|chat|looiiyut|:)
|
|move|p2a: Heatran|Protect|p2a: Heatran
|-singleturn|p2a: Heatran|Protect
|move|p1a: Medicham|Fake Out|p2a: Heatran
|-activate|p2a: Heatran|Protect
|
|-heal|p2a: Heatran|330\/386|[from] item: Leftovers
|turn|25
|
|move|p1a: Medicham|High Jump Kick|p2a: Heatran
|-supereffective|p2a: Heatran
|-damage|p2a: Heatran|0 fnt
|faint|p2a: Heatran
|
|
|switch|p2a: Mew|Mew|258\/377
|-damage|p2a: Mew|211\/377|[from] Stealth Rock
|turn|26
|
|switch|p1a: Azumarill|Azumarill, F|180\/389 brn
|move|p2a: Mew|Soft-Boiled|p2a: Mew
|-heal|p2a: Mew|377\/377
|
|-damage|p1a: Azumarill|132\/389 brn|[from] brn
|turn|27
|
|move|p2a: Mew|Will-O-Wisp|p1a: Azumarill
|-fail|p1a: Azumarill|brn
|move|p1a: Azumarill|Knock Off|p2a: Mew
|-supereffective|p2a: Mew
|-damage|p2a: Mew|279\/377
|-enditem|p2a: Mew|Leftovers|[from] move: Knock Off|[of] p1a: Azumarill
|
|-damage|p1a: Azumarill|84\/389 brn|[from] brn
|turn|28
|
|switch|p1a: Latias|Latias, F|272\/302
|move|p2a: Mew|Will-O-Wisp|p1a: Latias
|-status|p1a: Latias|brn
|
|-damage|p1a: Latias|235\/302 brn|[from] brn
|turn|29
|
|switch|p2a: Azumarill|Azumarill, M|354\/404
|-damage|p2a: Azumarill|304\/404|[from] Stealth Rock
|move|p1a: Latias|Draco Meteor|p2a: Azumarill
|-immune|p2a: Azumarill|[msg]
|
|-damage|p1a: Latias|198\/302 brn|[from] brn
|turn|30
|
|switch|p1a: Ferrothorn|Ferrothorn, F|338\/352
|switch|p2a: Mew|Mew|279\/377
|-damage|p2a: Mew|232\/377|[from] Stealth Rock
|
|turn|31
|
|switch|p1a: Latias|Latias, F|198\/302 brn
|move|p2a: Mew|Soft-Boiled|p2a: Mew
|-heal|p2a: Mew|377\/377
|
|-damage|p1a: Latias|161\/302 brn|[from] brn
|turn|32
|
|move|p1a: Latias|Draco Meteor|p2a: Mew
|-damage|p2a: Mew|92\/377
|-unboost|p1a: Latias|spa|2
|-damage|p1a: Latias|131\/302 brn|[from] item: Life Orb
|move|p2a: Mew|Soft-Boiled|p2a: Mew
|-heal|p2a: Mew|281\/377
|
|-damage|p1a: Latias|94\/302 brn|[from] brn
|turn|33
|
|move|p1a: Latias|Draco Meteor|p2a: Mew
|-damage|p2a: Mew|152\/377
|-unboost|p1a: Latias|spa|2
|-damage|p1a: Latias|64\/302 brn|[from] item: Life Orb
|move|p2a: Mew|Soft-Boiled|p2a: Mew
|-heal|p2a: Mew|341\/377
|
|-damage|p1a: Latias|27\/302 brn|[from] brn
|turn|34
|
|move|p1a: Latias|Healing Wish|p1a: Latias
|faint|p1a: Latias
|move|p2a: Mew|Will-O-Wisp|p1: Latias|[notarget]
|-notarget
|
|
|switch|p1a: Azumarill|Azumarill, F|84\/389 brn
|-heal|p1a: Azumarill|389\/389|[from] move: Healing Wish
|turn|35
|
|switch|p1a: Ferrothorn|Ferrothorn, F|338\/352
|move|p2a: Mew|Will-O-Wisp|p1a: Ferrothorn
|-status|p1a: Ferrothorn|brn
|
|-damage|p1a: Ferrothorn|294\/352 brn|[from] brn
|turn|36
|
|switch|p1a: Landorus-Therian|Landorus-Therian, M|382\/382
|-ability|p1a: Landorus-Therian|Intimidate|[of] p2a: Mew
|-unboost|p2a: Mew|atk|1
|move|p2a: Mew|Taunt|p1a: Landorus-Therian
|-start|p1a: Landorus-Therian|move: Taunt
|
|turn|37
|
|move|p1a: Landorus-Therian|U-turn|p2a: Mew
|-supereffective|p2a: Mew
|-damage|p2a: Mew|221\/377
|
|switch|p1a: Medicham|Medicham-Mega, M|261\/261
|move|p2a: Mew|Soft-Boiled|p2a: Mew
|-heal|p2a: Mew|377\/377
|
|turn|38
|
|move|p1a: Medicham|Fake Out|p2a: Mew
|-damage|p2a: Mew|324\/377
|cant|p2a: Mew|flinch
|
|turn|39
|
|switch|p1a: Ferrothorn|Ferrothorn, F|294\/352 brn
|move|p2a: Mew|Will-O-Wisp|p1a: Ferrothorn
|-fail|p1a: Ferrothorn|brn
|
|-damage|p1a: Ferrothorn|250\/352 brn|[from] brn
|turn|40
|
|move|p2a: Mew|Will-O-Wisp|p1a: Ferrothorn
|-fail|p1a: Ferrothorn|brn
|move|p1a: Ferrothorn|Leech Seed|p2a: Mew
|-start|p2a: Mew|move: Leech Seed
|
|-damage|p2a: Mew|277\/377|[from] Leech Seed|[of] p1a: Ferrothorn
|-heal|p1a: Ferrothorn|297\/352 brn|[silent]
|-damage|p1a: Ferrothorn|253\/352 brn|[from] brn
|turn|41
|
|switch|p2a: Heracross|Heracross, M|309\/309
|-damage|p2a: Heracross|271\/309|[from] Stealth Rock
|move|p1a: Ferrothorn|Leech Seed|p2a: Heracross
|-start|p2a: Heracross|move: Leech Seed
|
|-damage|p2a: Heracross|233\/309|[from] Leech Seed|[of] p1a: Ferrothorn
|-heal|p1a: Ferrothorn|291\/352 brn|[silent]
|-damage|p1a: Ferrothorn|247\/352 brn|[from] brn
|turn|42
|
|switch|p2a: Azumarill|Azumarill, M|304\/404
|-damage|p2a: Azumarill|254\/404|[from] Stealth Rock
|switch|p1a: Landorus-Therian|Landorus-Therian, M|382\/382
|-ability|p1a: Landorus-Therian|Intimidate|[of] p2a: Azumarill
|-unboost|p2a: Azumarill|atk|1
|
|turn|43
|
|switch|p2a: Heracross|Heracross, M|233\/309
|-damage|p2a: Heracross|195\/309|[from] Stealth Rock
|move|p1a: Landorus-Therian|U-turn|p2a: Heracross
|-resisted|p2a: Heracross
|-damage|p2a: Heracross|143\/309
|
|switch|p1a: Medicham|Medicham-Mega, M|261\/261
|
|turn|44
|
|switch|p1a: Landorus-Therian|Landorus-Therian, M|382\/382
|-ability|p1a: Landorus-Therian|Intimidate|[of] p2a: Heracross
|-unboost|p2a: Heracross|atk|1
|detailschange|p2a: Heracross|Heracross-Mega, M
|message|Heracross has Mega Evolved into Mega Heracross!
|move|p2a: Heracross|Rock Blast|p1a: Landorus-Therian
|-damage|p1a: Landorus-Therian|355\/382
|-damage|p1a: Landorus-Therian|325\/382
|-crit|p1a: Landorus-Therian
|-damage|p1a: Landorus-Therian|263\/382
|-damage|p1a: Landorus-Therian|233\/382
|-damage|p1a: Landorus-Therian|205\/382
|-hitcount|p1a: Landorus-Therian|5
|
|turn|45
|chat|looiiyut|mega cham is broken
|
|move|p1a: Landorus-Therian|U-turn|p2a: Heracross
|-resisted|p2a: Heracross
|-damage|p2a: Heracross|105\/309
|
|switch|p1a: Medicham|Medicham-Mega, M|261\/261
|move|p2a: Heracross|Rock Blast|p1a: Medicham
|-crit|p1a: Medicham
|-resisted|p1a: Medicham
|-damage|p1a: Medicham|228\/261
|-resisted|p1a: Medicham
|-damage|p1a: Medicham|213\/261
|-resisted|p1a: Medicham
|-damage|p1a: Medicham|198\/261
|-resisted|p1a: Medicham
|-damage|p1a: Medicham|182\/261
|-resisted|p1a: Medicham
|-damage|p1a: Medicham|167\/261
|-hitcount|p1a: Medicham|5
|
|turn|46
|
|move|p1a: Medicham|Ice Punch|p2a: Heracross
|-damage|p2a: Heracross|0 fnt
|faint|p2a: Heracross
|
|
|switch|p2a: Mew|Mew|277\/377
|-damage|p2a: Mew|230\/377|[from] Stealth Rock
|turn|47
|
|move|p1a: Medicham|Ice Punch|p2a: Mew
|-crit|p2a: Mew
|-damage|p2a: Mew|72\/377
|move|p2a: Mew|Will-O-Wisp|p1a: Medicham
|-status|p1a: Medicham|brn
|
|-damage|p1a: Medicham|135\/261 brn|[from] brn
|turn|48
|
|switch|p1a: Landorus-Therian|Landorus-Therian, M|205\/382
|-ability|p1a: Landorus-Therian|Intimidate|[of] p2a: Mew
|-unboost|p2a: Mew|atk|1
|move|p2a: Mew|Soft-Boiled|p2a: Mew
|-heal|p2a: Mew|261\/377
|
|turn|49
|
|move|p1a: Landorus-Therian|Explosion|p2a: Mew
|-damage|p2a: Mew|58\/377
|faint|p1a: Landorus-Therian
|move|p2a: Mew|Soft-Boiled|p2a: Mew
|-heal|p2a: Mew|247\/377
|
|
|switch|p1a: Azumarill|Azumarill, F|389\/389
|turn|50
|
|move|p2a: Mew|Will-O-Wisp|p1a: Azumarill
|-status|p1a: Azumarill|brn
|move|p1a: Azumarill|Play Rough|p2a: Mew
|-damage|p2a: Mew|174\/377
|
|-damage|p1a: Azumarill|341\/389 brn|[from] brn
|turn|51
|-message|mark moron forfeited.
|
|win|looiiyut
|raw|Ladder updating...
|leave|mark moron
|player|p1
|raw|mark moron's rating: 1414 &rarr; <strong>1391<\/strong><br \/>(-23 for losing)
|raw|looiiyut's rating: 1362 &rarr; <strong>1385<\/strong><br \/>(+23 for winning)