|join|looiiyut
|join|Sneek
|player|p1|looiiyut|210
|player|p2|Sneek|238
|gametype|singles
|gen|6
|tier|OU (suspect test)
|rated
|clearpoke
|poke|p1|Camerupt, F
|poke|p1|Clefable, M
|poke|p1|Tyranitar, M
|poke|p1|Breloom, M
|poke|p1|Mandibuzz, F
|poke|p1|Manaphy
|poke|p2|Landorus-Therian, M
|poke|p2|Garchomp, M
|poke|p2|Chansey, F
|poke|p2|Skarmory, F
|poke|p2|Thundurus, M
|poke|p2|Metagross
|rule|Swagger Clause: Swagger is banned
|rule|Baton Pass Clause: Limit one PokÃ©mon knowing Baton Pass
|rule|Sleep Clause Mod: Limit one foe put to sleep
|rule|Species Clause: Limit one of each PokÃ©mon
|rule|OHKO Clause: OHKO moves are banned
|rule|Moody Clause: Moody is banned
|rule|Evasion Moves Clause: Evasion moves are banned
|rule|Endless Battle Clause: Forcing endless battles is banned
|rule|HP Percentage Mod: HP is shown in percentages
|teampreview
|
|start
|switch|p1a: Manaphy|Manaphy|404\/404
|switch|p2a: Landorus-Therian|Landorus-Therian, M|319\/319
|-ability|p2a: Landorus-Therian|Intimidate|[of] p1a: Manaphy
|-unboost|p1a: Manaphy|atk|1
|turn|1
|
|move|p2a: Landorus-Therian|U-turn|p1a: Manaphy
|-damage|p1a: Manaphy|336\/404
|
|switch|p2a: Chansey|Chansey, F|642\/642
|move|p1a: Manaphy|Scald|p2a: Chansey
|-damage|p2a: Chansey|590\/642
|
|-heal|p1a: Manaphy|361\/404|[from] item: Leftovers
|turn|2
|
|move|p1a: Manaphy|Calm Mind|p1a: Manaphy
|-boost|p1a: Manaphy|spa|1
|-boost|p1a: Manaphy|spd|1
|move|p2a: Chansey|Toxic|p1a: Manaphy
|-status|p1a: Manaphy|tox
|
|-heal|p1a: Manaphy|386\/404 tox|[from] item: Leftovers
|-damage|p1a: Manaphy|361\/404 tox|[from] psn
|turn|3
|
|move|p1a: Manaphy|Rain Dance|p1a: Manaphy
|-weather|RainDance
|move|p2a: Chansey|Seismic Toss|p1a: Manaphy
|-damage|p1a: Manaphy|261\/404 tox
|
|-weather|RainDance|[upkeep]
|-curestatus|p1a: Manaphy|tox
|-heal|p1a: Manaphy|286\/404|[from] item: Leftovers
|turn|4
|
|move|p1a: Manaphy|Calm Mind|p1a: Manaphy
|-boost|p1a: Manaphy|spa|1
|-boost|p1a: Manaphy|spd|1
|move|p2a: Chansey|Seismic Toss|p1a: Manaphy
|-damage|p1a: Manaphy|186\/404
|
|-weather|RainDance|[upkeep]
|-heal|p1a: Manaphy|211\/404|[from] item: Leftovers
|turn|5
|
|move|p1a: Manaphy|Rest|p1a: Manaphy
|-status|p1a: Manaphy|slp
|-heal|p1a: Manaphy|404\/404 slp|[silent]
|-status|p1a: Manaphy|slp|[from] move: Rest
|move|p2a: Chansey|Seismic Toss|p1a: Manaphy
|-damage|p1a: Manaphy|304\/404 slp
|
|-weather|RainDance|[upkeep]
|-curestatus|p1a: Manaphy|slp
|-heal|p1a: Manaphy|329\/404|[from] item: Leftovers
|turn|6
|
|move|p1a: Manaphy|Calm Mind|p1a: Manaphy
|-boost|p1a: Manaphy|spa|1
|-boost|p1a: Manaphy|spd|1
|move|p2a: Chansey|Seismic Toss|p1a: Manaphy
|-damage|p1a: Manaphy|229\/404
|
|-weather|RainDance|[upkeep]
|-heal|p1a: Manaphy|254\/404|[from] item: Leftovers
|turn|7
|
|move|p1a: Manaphy|Scald|p2a: Chansey
|-damage|p2a: Chansey|395\/642
|-status|p2a: Chansey|brn
|move|p2a: Chansey|Seismic Toss|p1a: Manaphy
|-damage|p1a: Manaphy|154\/404
|
|-weather|none
|-heal|p1a: Manaphy|179\/404|[from] item: Leftovers
|-damage|p2a: Chansey|315\/642 brn|[from] brn
|turn|8
|
|switch|p2a: Landorus-Therian|Landorus-Therian, M|319\/319
|-ability|p2a: Landorus-Therian|Intimidate|[of] p1a: Manaphy
|-unboost|p1a: Manaphy|atk|1
|move|p1a: Manaphy|Rain Dance|p1a: Manaphy
|-weather|RainDance
|
|-weather|RainDance|[upkeep]
|-heal|p1a: Manaphy|204\/404|[from] item: Leftovers
|turn|9
|
|move|p2a: Landorus-Therian|Earthquake|p1a: Manaphy
|-damage|p1a: Manaphy|59\/404
|move|p1a: Manaphy|Rest|p1a: Manaphy
|-status|p1a: Manaphy|slp
|-heal|p1a: Manaphy|404\/404 slp|[silent]
|-status|p1a: Manaphy|slp|[from] move: Rest
|
|-weather|RainDance|[upkeep]
|-curestatus|p1a: Manaphy|slp
|turn|10
|
|switch|p2a: Chansey|Chansey, F|315\/642
|move|p1a: Manaphy|Scald|p2a: Chansey
|-damage|p2a: Chansey|135\/642
|-status|p2a: Chansey|brn
|
|-weather|RainDance|[upkeep]
|-damage|p2a: Chansey|55\/642 brn|[from] brn
|turn|11
|
|move|p1a: Manaphy|Scald|p2a: Chansey
|-damage|p2a: Chansey|0 fnt
|faint|p2a: Chansey
|
|-weather|RainDance|[upkeep]
|
|switch|p2a: Metagross|Metagross|301\/301
|turn|12
|
|detailschange|p2a: Metagross|Metagross-Mega
|-mega|p2a: Metagross|Metagross|Metagrossite
|move|p2a: Metagross|Zen Headbutt|p1a: Manaphy
|-damage|p1a: Manaphy|245\/404
|move|p1a: Manaphy|Scald|p2a: Metagross
|-damage|p2a: Metagross|0 fnt
|faint|p2a: Metagross
|
|-weather|none
|-heal|p1a: Manaphy|270\/404|[from] item: Leftovers
|
|switch|p2a: Garchomp|Garchomp, M|357\/357
|turn|13
|
|move|p2a: Garchomp|Earthquake|p1a: Manaphy
|-damage|p1a: Manaphy|93\/404
|-damage|p2a: Garchomp|322\/357|[from] item: Life Orb
|move|p1a: Manaphy|Scald|p2a: Garchomp
|-damage|p2a: Garchomp|48\/357
|
|-heal|p1a: Manaphy|118\/404|[from] item: Leftovers
|turn|14
|
|switch|p1a: Mandibuzz|Mandibuzz, F|424\/424
|move|p2a: Garchomp|Dragon Claw|p1a: Mandibuzz
|-damage|p1a: Mandibuzz|268\/424
|-damage|p2a: Garchomp|13\/357|[from] item: Life Orb
|
|-heal|p1a: Mandibuzz|294\/424|[from] item: Leftovers
|turn|15
|
|move|p2a: Garchomp|Stealth Rock|p1a: Mandibuzz
|-sidestart|p1: looiiyut|move: Stealth Rock
|move|p1a: Mandibuzz|Roost|p1a: Mandibuzz
|-heal|p1a: Mandibuzz|424\/424
|
|turn|16
|
|move|p2a: Garchomp|Dragon Claw|p1a: Mandibuzz
|-damage|p1a: Mandibuzz|272\/424
|-damage|p2a: Garchomp|0 fnt|[from] item: Life Orb
|faint|p2a: Garchomp
|move|p1a: Mandibuzz|Defog|p2: Garchomp|[notarget]
|-notarget
|
|-heal|p1a: Mandibuzz|298\/424|[from] item: Leftovers
|
|switch|p2a: Thundurus|Thundurus, M|299\/299
|turn|17
|
|switch|p2a: Landorus-Therian|Landorus-Therian, M|319\/319
|-ability|p2a: Landorus-Therian|Intimidate|[of] p1a: Mandibuzz
|-unboost|p1a: Mandibuzz|atk|1
|switch|p1a: Tyranitar|Tyranitar, M|404\/404
|-damage|p1a: Tyranitar|354\/404|[from] Stealth Rock
|-weather|Sandstorm
|
|-weather|Sandstorm|[upkeep]
|turn|18
|
|move|p2a: Landorus-Therian|Earthquake|p1a: Tyranitar
|-supereffective|p1a: Tyranitar
|-damage|p1a: Tyranitar|30\/404
|move|p1a: Tyranitar|Crunch|p2a: Landorus-Therian
|-damage|p2a: Landorus-Therian|162\/319
|
|-weather|Sandstorm|[upkeep]
|turn|19
|
|move|p2a: Landorus-Therian|Earthquake|p1a: Tyranitar
|-supereffective|p1a: Tyranitar
|-damage|p1a: Tyranitar|0 fnt
|faint|p1a: Tyranitar
|
|-weather|Sandstorm|[upkeep]
|
|switch|p1a: Mandibuzz|Mandibuzz, F|298\/424
|-damage|p1a: Mandibuzz|192\/424|[from] Stealth Rock
|turn|20
|
|switch|p2a: Thundurus|Thundurus, M|299\/299
|move|p1a: Mandibuzz|Defog|p2a: Thundurus
|-unboost|p2a: Thundurus|evasion|1
|-sideend|p1: looiiyut|Stealth Rock|[from] move: Defog|[of] p1a: Mandibuzz
|
|-weather|Sandstorm|[upkeep]
|-damage|p2a: Thundurus|281\/299|[from] sandstorm
|-heal|p1a: Mandibuzz|218\/424|[from] item: Leftovers
|turn|21
|
|switch|p1a: Breloom|Breloom, M|323\/323
|move|p2a: Thundurus|Thunderbolt|p1a: Breloom
|-resisted|p1a: Breloom
|-damage|p1a: Breloom|201\/323
|-damage|p2a: Thundurus|252\/299|[from] item: Life Orb
|
|-weather|none
|-status|p1a: Breloom|tox|[from] item: Toxic Orb
|turn|22
|
|switch|p1a: Camerupt|Camerupt, F|331\/331
|move|p2a: Thundurus|Hidden Power|p1a: Camerupt
|-damage|p1a: Camerupt|223\/331
|-damage|p2a: Thundurus|223\/299|[from] item: Life Orb
|
|turn|23
|
|switch|p2a: Skarmory|Skarmory, F|334\/334
|detailschange|p1a: Camerupt|Camerupt-Mega, F
|-mega|p1a: Camerupt|Camerupt|Cameruptite
|move|p1a: Camerupt|Stealth Rock|p2a: Skarmory
|-sidestart|p2: Sneek|move: Stealth Rock
|
|turn|24
|
|move|p2a: Skarmory|Defog|p1a: Camerupt
|-unboost|p1a: Camerupt|evasion|1
|-sideend|p2: Sneek|Stealth Rock|[from] move: Defog|[of] p2a: Skarmory
|move|p1a: Camerupt|Fire Blast|p2a: Skarmory
|-supereffective|p2a: Skarmory
|-activate|p2a: Skarmory|Sturdy
|-damage|p2a: Skarmory|1\/334
|
|turn|25
|
|move|p2a: Skarmory|Spikes|p1a: Camerupt
|-sidestart|p1: looiiyut|Spikes
|move|p1a: Camerupt|Ancient Power|p2a: Skarmory
|-damage|p2a: Skarmory|0 fnt
|faint|p2a: Skarmory
|
|
|switch|p2a: Landorus-Therian|Landorus-Therian, M|162\/319
|-ability|p2a: Landorus-Therian|Intimidate|[of] p1a: Camerupt
|-unboost|p1a: Camerupt|atk|1
|turn|26
|
|switch|p1a: Manaphy|Manaphy|118\/404
|-damage|p1a: Manaphy|68\/404|[from] Spikes
|move|p2a: Landorus-Therian|Earthquake|p1a: Manaphy
|-damage|p1a: Manaphy|0 fnt
|faint|p1a: Manaphy
|
|
|switch|p1a: Mandibuzz|Mandibuzz, F|218\/424
|turn|27
|
|switch|p2a: Thundurus|Thundurus, M|223\/299
|move|p1a: Mandibuzz|Roost|p1a: Mandibuzz
|-heal|p1a: Mandibuzz|424\/424
|
|turn|28
|
|switch|p2a: Landorus-Therian|Landorus-Therian, M|162\/319
|-ability|p2a: Landorus-Therian|Intimidate|[of] p1a: Mandibuzz
|-unboost|p1a: Mandibuzz|atk|1
|switch|p1a: Clefable|Clefable, M|394\/394
|-damage|p1a: Clefable|345\/394|[from] Spikes
|
|-heal|p1a: Clefable|369\/394|[from] item: Leftovers
|turn|29
|
|move|p2a: Landorus-Therian|Earthquake|p1a: Clefable
|-damage|p1a: Clefable|176\/394
|move|p1a: Clefable|Moonblast|p2a: Landorus-Therian
|-damage|p2a: Landorus-Therian|44\/319
|-unboost|p2a: Landorus-Therian|spa|1
|
|-heal|p1a: Clefable|200\/394|[from] item: Leftovers
|turn|30
|
|switch|p1a: Mandibuzz|Mandibuzz, F|424\/424
|move|p2a: Landorus-Therian|Earthquake|p1a: Mandibuzz
|-immune|p1a: Mandibuzz|[msg]
|
|turn|31
|
|switch|p2a: Thundurus|Thundurus, M|223\/299
|move|p1a: Mandibuzz|Defog|p2a: Thundurus
|-unboost|p2a: Thundurus|evasion|1
|-sideend|p1: looiiyut|Spikes|[from] move: Defog|[of] p1a: Mandibuzz
|
|turn|32
|
|switch|p1a: Camerupt|Camerupt-Mega, F|223\/331
|move|p2a: Thundurus|Hidden Power|p1a: Camerupt
|-damage|p1a: Camerupt|132\/331
|-damage|p2a: Thundurus|194\/299|[from] item: Life Orb
|
|turn|33
|
|move|p2a: Thundurus|Focus Blast|p1a: Camerupt
|-damage|p1a: Camerupt|0 fnt
|-damage|p2a: Thundurus|165\/299|[from] item: Life Orb
|faint|p1a: Camerupt
|
|
|switch|p1a: Clefable|Clefable, M|200\/394
|turn|34
|
|move|p2a: Thundurus|Thunderbolt|p1a: Clefable
|-damage|p1a: Clefable|0 fnt
|-damage|p2a: Thundurus|136\/299|[from] item: Life Orb
|faint|p1a: Clefable
|
|
|switch|p1a: Breloom|Breloom, M|201\/323 tox
|turn|35
|
|move|p2a: Thundurus|Hidden Power|p1a: Breloom
|-supereffective|p1a: Breloom
|-damage|p1a: Breloom|0 fnt
|-damage|p2a: Thundurus|107\/299|[from] item: Life Orb
|faint|p1a: Breloom
|
|
|switch|p1a: Mandibuzz|Mandibuzz, F|424\/424
|turn|36
|
|move|p2a: Thundurus|Thunderbolt|p1a: Mandibuzz
|-supereffective|p1a: Mandibuzz
|-damage|p1a: Mandibuzz|18\/424
|-status|p1a: Mandibuzz|par
|-damage|p2a: Thundurus|78\/299|[from] item: Life Orb
|move|p1a: Mandibuzz|Foul Play|p2a: Thundurus
|-damage|p2a: Thundurus|0 fnt
|faint|p2a: Thundurus
|
|-heal|p1a: Mandibuzz|44\/424 par|[from] item: Leftovers
|
|switch|p2a: Landorus-Therian|Landorus-Therian, M|44\/319
|-ability|p2a: Landorus-Therian|Intimidate|[of] p1a: Mandibuzz
|-unboost|p1a: Mandibuzz|atk|1
|turn|37
|c|âlooiiyut|gg
|
|move|p2a: Landorus-Therian|U-turn|p1a: Mandibuzz
|-damage|p1a: Mandibuzz|0 fnt
|faint|p1a: Mandibuzz
|
|win|Sneek
|raw|Ladder updating...
|raw|looiiyut's rating: 1465 &rarr; <strong>1439<\/strong><br \/>(-26 for losing)
|raw|Sneek's rating: 1359 &rarr; <strong>1385<\/strong><br \/>(+26 for winning)
|c|âSneek|gg
|leave|looiiyut
|player|p1