|join|The Aftermath 1
|join|jacky0114
|player|p1|The Aftermath 1|7
|player|p2|jacky0114|266
|gametype|singles
|gen|6
|tier|OU
|rated
|clearpoke
|poke|p1|Blissey, F
|poke|p1|Weezing, F
|poke|p1|Sableye, M
|poke|p1|Skarmory, M
|poke|p1|Blastoise, M
|poke|p1|Clefable, F
|poke|p2|Chansey, F
|poke|p2|Amoonguss, M
|poke|p2|Skarmory, M
|poke|p2|Quagsire, M
|poke|p2|Slowbro, F
|poke|p2|Sableye, F
|rule|Swagger Clause: Swagger is banned
|rule|Baton Pass Clause: Limit one PokÃ©mon knowing Baton Pass
|rule|Sleep Clause Mod: Limit one foe put to sleep
|rule|Species Clause: Limit one of each PokÃ©mon
|rule|OHKO Clause: OHKO moves are banned
|rule|Moody Clause: Moody is banned
|rule|Evasion Moves Clause: Evasion moves are banned
|rule|Endless Battle Clause: Forcing endless battles is banned
|rule|HP Percentage Mod: HP is shown in percentages
|teampreview
|
|start
|switch|p1a: Sableye|Sableye, M|303\/303
|switch|p2a: Sableye|Sableye, F|304\/304
|turn|1
|
|detailschange|p2a: Sableye|Sableye-Mega, F
|-mega|p2a: Sableye|Sableye|Sablenite
|detailschange|p1a: Sableye|Sableye-Mega, M
|-mega|p1a: Sableye|Sableye|Sablenite
|move|p2a: Sableye|Calm Mind|p2a: Sableye
|-boost|p2a: Sableye|spa|1
|-boost|p2a: Sableye|spd|1
|move|p1a: Sableye|Foul Play|p2a: Sableye
|-damage|p2a: Sableye|253\/304
|
|turn|2
|join|treecko04
|
|switch|p1a: Clefable|Clefable, F|394\/394
|move|p2a: Sableye|Calm Mind|p2a: Sableye
|-boost|p2a: Sableye|spa|1
|-boost|p2a: Sableye|spd|1
|
|turn|3
|
|switch|p2a: Amoonguss|Amoonguss, M|432\/432
|move|p1a: Clefable|Calm Mind|p1a: Clefable
|-boost|p1a: Clefable|spa|1
|-boost|p1a: Clefable|spd|1
|
|turn|4
|
|switch|p1a: Blissey|Blissey, F|652\/652
|move|p2a: Amoonguss|Clear Smog|p1a: Blissey
|-damage|p1a: Blissey|616\/652
|-clearboost|p1a: Blissey
|
|-heal|p1a: Blissey|652\/652|[from] item: Leftovers
|turn|5
|
|switch|p2a: Sableye|Sableye-Mega, F|253\/304
|move|p1a: Blissey|Stealth Rock|p2a: Sableye
|move|p2a: Sableye|Stealth Rock|p1a: Blissey|[from]Magic Bounce
|-sidestart|p1: The Aftermath 1|move: Stealth Rock
|
|turn|6
|
|switch|p1a: Blastoise|Blastoise, M|362\/362
|-damage|p1a: Blastoise|317\/362|[from] Stealth Rock
|move|p2a: Sableye|Calm Mind|p2a: Sableye
|-boost|p2a: Sableye|spa|1
|-boost|p2a: Sableye|spd|1
|
|-heal|p1a: Blastoise|339\/362|[from] item: Leftovers
|turn|7
|
|switch|p1a: Clefable|Clefable, F|394\/394
|-damage|p1a: Clefable|345\/394|[from] Stealth Rock
|move|p2a: Sableye|Will-O-Wisp|p1a: Clefable|[miss]
|-miss|p2a: Sableye|p1a: Clefable
|
|-heal|p1a: Clefable|369\/394|[from] item: Leftovers
|turn|8
|
|switch|p2a: Amoonguss|Amoonguss, M|432\/432
|move|p1a: Clefable|Moonblast|p2a: Amoonguss
|-resisted|p2a: Amoonguss
|-damage|p2a: Amoonguss|370\/432
|-unboost|p2a: Amoonguss|spa|1
|
|-heal|p1a: Clefable|393\/394|[from] item: Leftovers
|-heal|p2a: Amoonguss|397\/432|[from] item: Black Sludge
|turn|9
|
|move|p1a: Clefable|Moonblast|p2a: Amoonguss
|-resisted|p2a: Amoonguss
|-damage|p2a: Amoonguss|341\/432
|-unboost|p2a: Amoonguss|spa|1
|move|p2a: Amoonguss|Spore|p1a: Clefable
|-status|p1a: Clefable|slp
|
|-heal|p1a: Clefable|394\/394 slp|[from] item: Leftovers
|-heal|p2a: Amoonguss|368\/432|[from] item: Black Sludge
|turn|10
|
|switch|p1a: Blastoise|Blastoise, M|339\/362
|-damage|p1a: Blastoise|294\/362|[from] Stealth Rock
|switch|p2a: Skarmory|Skarmory, M|334\/334
|
|-heal|p1a: Blastoise|316\/362|[from] item: Leftovers
|turn|11
|
|switch|p2a: Slowbro|Slowbro, F|394\/394
|move|p1a: Blastoise|Scald|p2a: Slowbro
|-resisted|p2a: Slowbro
|-damage|p2a: Slowbro|345\/394
|
|-heal|p1a: Blastoise|338\/362|[from] item: Leftovers
|turn|12
|
|move|p1a: Blastoise|Rapid Spin|p2a: Slowbro
|-damage|p2a: Slowbro|336\/394
|-sideend|p1: The Aftermath 1|Stealth Rock|[from] move: Rapid Spin|[of] p1a: Blastoise
|move|p2a: Slowbro|Trick|p1a: Blastoise
|-activate|p2a: Slowbro|move: Trick|[of] p1a: Blastoise
|-item|p1a: Blastoise|Lagging Tail|[from] move: Trick
|-item|p2a: Slowbro|Leftovers|[from] move: Trick
|
|-heal|p2a: Slowbro|360\/394|[from] item: Leftovers
|turn|13
|
|move|p2a: Slowbro|Psyshock|p1a: Blastoise
|-crit|p1a: Blastoise
|-damage|p1a: Blastoise|238\/362
|move|p1a: Blastoise|Toxic|p2a: Slowbro|[miss]
|-miss|p1a: Blastoise|p2a: Slowbro
|
|-heal|p2a: Slowbro|384\/394|[from] item: Leftovers
|turn|14
|
|switch|p1a: Sableye|Sableye-Mega, M|303\/303
|switch|p2a: Sableye|Sableye-Mega, F|253\/304
|
|turn|15
|
|move|p2a: Sableye|Calm Mind|p2a: Sableye
|-boost|p2a: Sableye|spa|1
|-boost|p2a: Sableye|spd|1
|move|p1a: Sableye|Foul Play|p2a: Sableye
|-damage|p2a: Sableye|193\/304
|
|turn|16
|
|switch|p1a: Clefable|Clefable, F|394\/394 slp
|move|p2a: Sableye|Dark Pulse|p1a: Clefable
|-resisted|p1a: Clefable
|-damage|p1a: Clefable|352\/394 slp
|
|-heal|p1a: Clefable|376\/394 slp|[from] item: Leftovers
|turn|17
|
|switch|p2a: Chansey|Chansey, F|704\/704
|cant|p1a: Clefable|slp
|
|-heal|p1a: Clefable|394\/394 slp|[from] item: Leftovers
|turn|18
|
|switch|p1a: Sableye|Sableye-Mega, M|303\/303
|move|p2a: Chansey|Stealth Rock|p1a: Sableye
|move|p1a: Sableye|Stealth Rock|p2a: Chansey|[from]Magic Bounce
|-sidestart|p2: jacky0114|move: Stealth Rock
|
|turn|19
|
|switch|p2a: Sableye|Sableye-Mega, F|193\/304
|-damage|p2a: Sableye|155\/304|[from] Stealth Rock
|move|p1a: Sableye|Will-O-Wisp|p2a: Sableye
|move|p2a: Sableye|Will-O-Wisp|p1a: Sableye|[from]Magic Bounce
|-status|p1a: Sableye|brn
|
|-damage|p1a: Sableye|266\/303 brn|[from] brn
|turn|20
|
|switch|p1a: Clefable|Clefable, F|394\/394 slp
|move|p2a: Sableye|Recover|p2a: Sableye
|-heal|p2a: Sableye|304\/304
|
|turn|21
|
|switch|p2a: Amoonguss|Amoonguss, M|432\/432
|-damage|p2a: Amoonguss|378\/432|[from] Stealth Rock
|-curestatus|p1a: Clefable|slp
|move|p1a: Clefable|Moonblast|p2a: Amoonguss
|-resisted|p2a: Amoonguss
|-damage|p2a: Amoonguss|324\/432
|
|-heal|p2a: Amoonguss|351\/432|[from] item: Black Sludge
|turn|22
|
|switch|p1a: Sableye|Sableye-Mega, M|266\/303 brn
|move|p2a: Amoonguss|Spore|p1a: Sableye
|move|p1a: Sableye|Spore|p2a: Amoonguss|[from]Magic Bounce
|-fail|p2a: Amoonguss
|
|-heal|p2a: Amoonguss|378\/432|[from] item: Black Sludge
|-damage|p1a: Sableye|229\/303 brn|[from] brn
|turn|23
|
|switch|p2a: Sableye|Sableye-Mega, F|304\/304
|-damage|p2a: Sableye|266\/304|[from] Stealth Rock
|move|p1a: Sableye|Will-O-Wisp|p2a: Sableye
|move|p2a: Sableye|Will-O-Wisp|p1a: Sableye|[from]Magic Bounce
|-fail|p1a: Sableye|brn
|
|-damage|p1a: Sableye|192\/303 brn|[from] brn
|turn|24
|
|move|p1a: Sableye|Recover|p1a: Sableye
|-heal|p1a: Sableye|303\/303 brn
|move|p2a: Sableye|Calm Mind|p2a: Sableye
|-boost|p2a: Sableye|spa|1
|-boost|p2a: Sableye|spd|1
|
|-damage|p1a: Sableye|266\/303 brn|[from] brn
|turn|25
|
|switch|p1a: Clefable|Clefable, F|394\/394
|move|p2a: Sableye|Will-O-Wisp|p1a: Clefable
|-status|p1a: Clefable|brn
|
|-damage|p1a: Clefable|345\/394 brn|[from] brn
|turn|26
|-message|jacky0114 lost due to inactivity.
|
|win|The Aftermath 1
|raw|Ladder updating...
|raw|The Aftermath 1's rating: 1225 &rarr; <strong>1255<\/strong><br \/>(+30 for winning)
|raw|jacky0114's rating: 1293 &rarr; <strong>1264<\/strong><br \/>(-29 for losing)