|join|GreatLuke
|join|Aiden-x7
|player|p1|GreatLuke|170
|player|p2|Aiden-x7|93
|gametype|singles
|gen|6
|tier|OU
|rated
|clearpoke
|poke|p1|Tyranitar, F
|poke|p1|Hippowdon, M
|poke|p1|Excadrill, F
|poke|p1|Stoutland, M
|poke|p1|Clefable, M
|poke|p1|Greninja, F
|poke|p2|Charizard, M
|poke|p2|Keldeo
|poke|p2|Latias, F
|poke|p2|Zapdos, shiny
|poke|p2|Ferrothorn, F
|poke|p2|Landorus-Therian, M
|rule|Swagger Clause: Swagger is banned
|rule|Baton Pass Clause: Limit one PokÃ©mon knowing Baton Pass
|rule|Sleep Clause Mod: Limit one foe put to sleep
|rule|Species Clause: Limit one of each PokÃ©mon
|rule|OHKO Clause: OHKO moves are banned
|rule|Moody Clause: Moody is banned
|rule|Evasion Moves Clause: Evasion moves are banned
|rule|Endless Battle Clause: Forcing endless battles is banned
|rule|HP Percentage Mod: HP is shown in percentages
|teampreview
|
|start
|switch|p1a: Hippowdon|Hippowdon, M|420\/420
|switch|p2a: Charizard|Charizard, M|298\/298
|-weather|Sandstorm
|turn|1
|
|switch|p2a: Ferrothorn|Ferrothorn, F|352\/352
|move|p1a: Hippowdon|Stealth Rock|p2a: Ferrothorn
|-sidestart|p2: Aiden-x7|move: Stealth Rock
|
|-weather|Sandstorm|[upkeep]
|turn|2
|
|move|p2a: Ferrothorn|Leech Seed|p1a: Hippowdon
|-start|p1a: Hippowdon|move: Leech Seed
|move|p1a: Hippowdon|Whirlwind|p2a: Ferrothorn
|drag|p2a: Latias|Latias, F|302\/302
|-damage|p2a: Latias|265\/302|[from] Stealth Rock
|
|-weather|Sandstorm|[upkeep]
|-damage|p2a: Latias|247\/302|[from] sandstorm
|-damage|p1a: Hippowdon|368\/420|[from] Leech Seed|[of] p2a: Latias
|-heal|p2a: Latias|299\/302|[silent]
|turn|3
|
|switch|p1a: Tyranitar|Tyranitar, F|341\/341
|move|p2a: Latias|Ice Beam|p1a: Tyranitar
|-damage|p1a: Tyranitar|271\/341
|-status|p1a: Tyranitar|frz
|
|-weather|Sandstorm|[upkeep]
|-damage|p2a: Latias|281\/302|[from] sandstorm
|turn|4
|c|âGreatLuke|lol
|
|switch|p2a: Landorus-Therian|Landorus-Therian, M|382\/382
|-damage|p2a: Landorus-Therian|335\/382|[from] Stealth Rock
|-ability|p2a: Landorus-Therian|Intimidate|[of] p1a: Tyranitar
|-unboost|p1a: Tyranitar|atk|1
|detailschange|p1a: Tyranitar|Tyranitar-Mega, F
|message|Tyranitar has Mega Evolved into Mega Tyranitar!
|cant|p1a: Tyranitar|frz
|
|-weather|Sandstorm|[upkeep]
|turn|5
|
|switch|p1a: Hippowdon|Hippowdon, M|368\/420
|move|p2a: Landorus-Therian|Earthquake|p1a: Hippowdon
|-damage|p1a: Hippowdon|242\/420
|
|-weather|Sandstorm|[upkeep]
|turn|6
|
|move|p2a: Landorus-Therian|Swords Dance|p2a: Landorus-Therian
|-boost|p2a: Landorus-Therian|atk|2
|move|p1a: Hippowdon|Slack Off|p1a: Hippowdon
|-heal|p1a: Hippowdon|420\/420
|
|-weather|Sandstorm|[upkeep]
|turn|7
|
|move|p2a: Landorus-Therian|Knock Off|p1a: Hippowdon
|-damage|p1a: Hippowdon|243\/420
|-enditem|p1a: Hippowdon|Smooth Rock|[from] move: Knock Off|[of] p2a: Landorus-Therian
|move|p1a: Hippowdon|Whirlwind|p2a: Landorus-Therian
|drag|p2a: Charizard|Charizard, M|298\/298
|-damage|p2a: Charizard|149\/298|[from] Stealth Rock
|
|-weather|Sandstorm|[upkeep]
|-damage|p2a: Charizard|131\/298|[from] sandstorm
|turn|8
|
|detailschange|p2a: Charizard|Charizard-Mega-X, M
|message|Charizard has Mega Evolved into Mega Charizard!
|move|p2a: Charizard|Dragon Claw|p1a: Hippowdon
|-damage|p1a: Hippowdon|110\/420
|move|p1a: Hippowdon|Whirlwind|p2a: Charizard
|drag|p2a: Zapdos|Zapdos, shiny|322\/322
|-damage|p2a: Zapdos|242\/322|[from] Stealth Rock
|-ability|p2a: Zapdos|Pressure
|
|-weather|none
|-heal|p2a: Zapdos|262\/322|[from] item: Leftovers
|turn|9
|
|move|p2a: Zapdos|Defog|p1a: Hippowdon
|-unboost|p1a: Hippowdon|evasion|1
|-sideend|p2: Aiden-x7|Stealth Rock|[from] move: Defog|[of] p2a: Zapdos
|move|p1a: Hippowdon|Slack Off|p1a: Hippowdon
|-heal|p1a: Hippowdon|320\/420
|
|-heal|p2a: Zapdos|282\/322|[from] item: Leftovers
|turn|10
|
|move|p2a: Zapdos|Heat Wave|p1a: Hippowdon
|-damage|p1a: Hippowdon|185\/420
|move|p1a: Hippowdon|Stealth Rock|p2a: Zapdos
|-sidestart|p2: Aiden-x7|move: Stealth Rock
|
|-heal|p2a: Zapdos|302\/322|[from] item: Leftovers
|turn|11
|
|move|p2a: Zapdos|Defog|p1a: Hippowdon
|-unboost|p1a: Hippowdon|evasion|1
|-sideend|p2: Aiden-x7|Stealth Rock|[from] move: Defog|[of] p2a: Zapdos
|move|p1a: Hippowdon|Slack Off|p1a: Hippowdon
|-heal|p1a: Hippowdon|395\/420
|
|-heal|p2a: Zapdos|322\/322|[from] item: Leftovers
|turn|12
|
|move|p2a: Zapdos|Heat Wave|p1a: Hippowdon
|-crit|p1a: Hippowdon
|-damage|p1a: Hippowdon|190\/420
|move|p1a: Hippowdon|Stealth Rock|p2a: Zapdos
|-sidestart|p2: Aiden-x7|move: Stealth Rock
|
|turn|13
|
|move|p2a: Zapdos|Heat Wave|p1a: Hippowdon
|-damage|p1a: Hippowdon|45\/420
|move|p1a: Hippowdon|Slack Off|p1a: Hippowdon
|-heal|p1a: Hippowdon|255\/420
|
|turn|14
|
|move|p2a: Zapdos|Defog|p1a: Hippowdon
|-unboost|p1a: Hippowdon|evasion|1
|-sideend|p2: Aiden-x7|Stealth Rock|[from] move: Defog|[of] p2a: Zapdos
|move|p1a: Hippowdon|Slack Off|p1a: Hippowdon
|-heal|p1a: Hippowdon|420\/420
|
|turn|15
|
|switch|p1a: Tyranitar|Tyranitar-Mega, F|271\/341 frz
|-weather|Sandstorm
|move|p2a: Zapdos|Heat Wave|p1a: Tyranitar
|-resisted|p1a: Tyranitar
|-damage|p1a: Tyranitar|240\/341 frz
|-curestatus|p1a: Tyranitar|frz
|-status|p1a: Tyranitar|brn
|
|-weather|Sandstorm|[upkeep]
|-damage|p2a: Zapdos|302\/322|[from] sandstorm
|-heal|p2a: Zapdos|322\/322|[from] item: Leftovers
|-damage|p1a: Tyranitar|198\/341 brn|[from] brn
|turn|16
|c|âGreatLuke|wth
|
|switch|p2a: Landorus-Therian|Landorus-Therian, M|335\/382
|-ability|p2a: Landorus-Therian|Intimidate|[of] p1a: Tyranitar
|-unboost|p1a: Tyranitar|atk|1
|move|p1a: Tyranitar|Dragon Dance|p1a: Tyranitar
|-boost|p1a: Tyranitar|atk|1
|-boost|p1a: Tyranitar|spe|1
|
|-weather|Sandstorm|[upkeep]
|-damage|p1a: Tyranitar|156\/341 brn|[from] brn
|turn|17
|
|move|p1a: Tyranitar|Stone Edge|p2a: Landorus-Therian
|-damage|p2a: Landorus-Therian|212\/382
|move|p2a: Landorus-Therian|Earthquake|p1a: Tyranitar
|-supereffective|p1a: Tyranitar
|-damage|p1a: Tyranitar|0 fnt
|faint|p1a: Tyranitar
|
|-weather|Sandstorm|[upkeep]
|
|switch|p1a: Stoutland|Stoutland, M|367\/367
|turn|18
|
|switch|p2a: Ferrothorn|Ferrothorn, F|352\/352
|move|p1a: Stoutland|Frustration|p2a: Ferrothorn
|-crit|p2a: Ferrothorn
|-resisted|p2a: Ferrothorn
|-damage|p2a: Ferrothorn|230\/352
|-damage|p1a: Stoutland|322\/367|[from] ability: Iron Barbs|[of] p2a: Ferrothorn
|-damage|p1a: Stoutland|261\/367|[from] item: Rocky Helmet|[of] p2a: Ferrothorn
|
|-weather|Sandstorm|[upkeep]
|turn|19
|
|switch|p1a: Clefable|Clefable, M|394\/394
|switch|p2a: Landorus-Therian|Landorus-Therian, M|212\/382
|-ability|p2a: Landorus-Therian|Intimidate|[of] p1a: Clefable
|-unboost|p1a: Clefable|atk|1
|
|-weather|none
|turn|20
|
|move|p2a: Landorus-Therian|Earthquake|p1a: Clefable
|-damage|p1a: Clefable|214\/394
|move|p1a: Clefable|Moonblast|p2a: Landorus-Therian
|-damage|p2a: Landorus-Therian|92\/382
|
|-heal|p1a: Clefable|238\/394|[from] item: Leftovers
|turn|21
|
|move|p2a: Landorus-Therian|Earthquake|p1a: Clefable
|-crit|p1a: Clefable
|-damage|p1a: Clefable|0 fnt
|faint|p1a: Clefable
|
|
|switch|p1a: Greninja|Greninja, F|306\/306
|turn|22
|
|switch|p2a: Keldeo|Keldeo|386\/386
|move|p1a: Greninja|Ice Beam|p2a: Keldeo
|-start|p1a: Greninja|typechange|Ice|[from] Protean
|-resisted|p2a: Keldeo
|-damage|p2a: Keldeo|300\/386
|-damage|p1a: Greninja|276\/306|[from] item: Life Orb
|
|-heal|p2a: Keldeo|324\/386|[from] item: Leftovers
|turn|23
|
|move|p1a: Greninja|U-turn|p2a: Keldeo
|-start|p1a: Greninja|typechange|Bug|[from] Protean
|-resisted|p2a: Keldeo
|-damage|p2a: Keldeo|250\/386
|-damage|p1a: Greninja|246\/306|[from] item: Life Orb
|
|switch|p1a: Hippowdon|Hippowdon, M|420\/420
|-weather|Sandstorm
|move|p2a: Keldeo|Secret Sword|p1a: Hippowdon
|-damage|p1a: Hippowdon|315\/420
|
|-weather|Sandstorm|[upkeep]
|-damage|p2a: Keldeo|226\/386|[from] sandstorm
|-heal|p2a: Keldeo|250\/386|[from] item: Leftovers
|turn|24
|
|move|p2a: Keldeo|Scald|p1a: Hippowdon
|-crit|p1a: Hippowdon
|-supereffective|p1a: Hippowdon
|-damage|p1a: Hippowdon|0 fnt
|faint|p1a: Hippowdon
|
|-weather|Sandstorm|[upkeep]
|-damage|p2a: Keldeo|226\/386|[from] sandstorm
|-heal|p2a: Keldeo|250\/386|[from] item: Leftovers
|
|switch|p1a: Excadrill|Excadrill, F|387\/387
|turn|25
|
|switch|p2a: Landorus-Therian|Landorus-Therian, M|92\/382
|-ability|p2a: Landorus-Therian|Intimidate|[of] p1a: Excadrill
|-unboost|p1a: Excadrill|atk|1
|move|p1a: Excadrill|Earthquake|p2a: Landorus-Therian
|-immune|p2a: Landorus-Therian|[msg]
|
|-weather|Sandstorm|[upkeep]
|turn|26
|
|move|p1a: Excadrill|Iron Head|p2a: Landorus-Therian
|-damage|p2a: Landorus-Therian|0 fnt
|-damage|p1a: Excadrill|323\/387|[from] item: Rocky Helmet|[of] p2a: Landorus-Therian
|-damage|p1a: Excadrill|285\/387|[from] item: Life Orb
|faint|p2a: Landorus-Therian
|
|-weather|Sandstorm|[upkeep]
|
|switch|p2a: Ferrothorn|Ferrothorn, F|230\/352
|turn|27
|
|move|p1a: Excadrill|Earthquake|p2a: Ferrothorn
|-damage|p2a: Ferrothorn|123\/352
|-damage|p1a: Excadrill|247\/387|[from] item: Life Orb
|move|p2a: Ferrothorn|Leech Seed|p1a: Excadrill
|-start|p1a: Excadrill|move: Leech Seed
|
|-weather|none
|-damage|p1a: Excadrill|199\/387|[from] Leech Seed|[of] p2a: Ferrothorn
|-heal|p2a: Ferrothorn|171\/352|[silent]
|turn|28
|
|switch|p1a: Greninja|Greninja, F|246\/306
|move|p2a: Ferrothorn|Stealth Rock|p1a: Greninja
|-sidestart|p1: GreatLuke|move: Stealth Rock
|
|turn|29
|
|switch|p2a: Keldeo|Keldeo|250\/386
|move|p1a: Greninja|Ice Beam|p2a: Keldeo
|-start|p1a: Greninja|typechange|Ice|[from] Protean
|-resisted|p2a: Keldeo
|-damage|p2a: Keldeo|172\/386
|-status|p2a: Keldeo|frz
|-damage|p1a: Greninja|216\/306|[from] item: Life Orb
|
|-heal|p2a: Keldeo|196\/386 frz|[from] item: Leftovers
|turn|30
|
|move|p1a: Greninja|Extrasensory|p2a: Keldeo
|-start|p1a: Greninja|typechange|Psychic|[from] Protean
|-supereffective|p2a: Keldeo
|-damage|p2a: Keldeo|0 fnt
|-damage|p1a: Greninja|186\/306|[from] item: Life Orb
|faint|p2a: Keldeo
|
|
|switch|p2a: Ferrothorn|Ferrothorn, F|171\/352
|turn|31
|
|move|p1a: Greninja|Ice Beam|p2a: Ferrothorn
|-start|p1a: Greninja|typechange|Ice|[from] Protean
|-damage|p2a: Ferrothorn|38\/352
|-damage|p1a: Greninja|156\/306|[from] item: Life Orb
|move|p2a: Ferrothorn|Thunder Wave|p1a: Greninja
|-status|p1a: Greninja|par
|
|turn|32
|
|move|p1a: Greninja|U-turn|p2a: Ferrothorn
|-start|p1a: Greninja|typechange|Bug|[from] Protean
|-damage|p2a: Ferrothorn|0 fnt
|-damage|p1a: Greninja|118\/306 par|[from] ability: Iron Barbs|[of] p2a: Ferrothorn
|-damage|p1a: Greninja|67\/306 par|[from] item: Rocky Helmet|[of] p2a: Ferrothorn
|-damage|p1a: Greninja|37\/306 par|[from] item: Life Orb
|faint|p2a: Ferrothorn
|
|switch|p1a: Excadrill|Excadrill, F|199\/387
|-damage|p1a: Excadrill|187\/387|[from] Stealth Rock
|
|
|switch|p2a: Zapdos|Zapdos, shiny|322\/322
|-ability|p2a: Zapdos|Pressure
|turn|33
|
|move|p2a: Zapdos|Heat Wave|p1a: Excadrill
|-supereffective|p1a: Excadrill
|-damage|p1a: Excadrill|0 fnt
|faint|p1a: Excadrill
|
|
|switch|p1a: Stoutland|Stoutland, M|261\/367
|-damage|p1a: Stoutland|216\/367|[from] Stealth Rock
|turn|34
|
|move|p2a: Zapdos|Thunderbolt|p1a: Stoutland
|-damage|p1a: Stoutland|56\/367
|move|p1a: Stoutland|Frustration|p2a: Zapdos
|-damage|p2a: Zapdos|9\/322
|
|-heal|p2a: Zapdos|29\/322|[from] item: Leftovers
|turn|35
|
|move|p1a: Stoutland|Frustration|p2a: Zapdos
|-damage|p2a: Zapdos|0 fnt
|faint|p2a: Zapdos
|
|
|switch|p2a: Latias|Latias, F|281\/302
|turn|36
|
|move|p2a: Latias|Ice Beam|p1a: Stoutland
|-damage|p1a: Stoutland|0 fnt
|faint|p1a: Stoutland
|
|
|switch|p1a: Greninja|Greninja, F|37\/306 par
|-damage|p1a: Greninja|0 fnt|[from] Stealth Rock
|faint|p1a: Greninja
|
|win|Aiden-x7
|raw|Ladder updating...
|raw|GreatLuke's rating: 1507 &rarr; <strong>1486<\/strong><br \/>(-21 for losing)
|raw|Aiden-x7's rating: 1492 &rarr; <strong>1513<\/strong><br \/>(+21 for winning)