|join|KoreyTheWizard
|join|GreatLuke
|player|p1|KoreyTheWizard|148
|player|p2|GreatLuke|292
|gametype|singles
|gen|6
|tier|OU
|rated
|clearpoke
|poke|p1|Latios, M
|poke|p1|Scizor, M
|poke|p1|Cofagrigus, M
|poke|p1|Conkeldurr, M
|poke|p1|Azumarill, F, shiny
|poke|p1|Talonflame, M
|poke|p2|Talonflame, M, shiny
|poke|p2|Scizor, M
|poke|p2|Gliscor, M
|poke|p2|Bronzong
|poke|p2|Keldeo-Resolute, shiny
|poke|p2|Kyurem-Black
|rule|Swagger Clause: Swagger is banned
|rule|Baton Pass Clause: Limit one PokÃ©mon knowing Baton Pass
|rule|Sleep Clause Mod: Limit one foe put to sleep
|rule|Species Clause: Limit one of each PokÃ©mon
|rule|OHKO Clause: OHKO moves are banned
|rule|Moody Clause: Moody is banned
|rule|Evasion Moves Clause: Evasion moves are banned
|rule|Endless Battle Clause: Forcing endless battles is banned
|rule|HP Percentage Mod: HP is shown in percentages
|teampreview
|c|âKoreyTheWizard|glhf
|c|âGreatLuke|gl
|
|start
|switch|p1a: Destroyer|Conkeldurr, M|414\/414
|switch|p2a: Gliscor|Gliscor, M|352\/352
|turn|1
|
|move|p2a: Gliscor|Knock Off|p1a: Destroyer
|-resisted|p1a: Destroyer
|-damage|p1a: Destroyer|373\/414
|-enditem|p1a: Destroyer|Assault Vest|[from] move: Knock Off|[of] p2a: Gliscor
|move|p1a: Destroyer|Ice Punch|p2a: Gliscor
|-supereffective|p2a: Gliscor
|-damage|p2a: Gliscor|0 fnt
|faint|p2a: Gliscor
|
|
|switch|p2a: Talonflame|Talonflame, M, shiny|298\/298
|turn|2
|
|switch|p1a: Anubis|Cofagrigus, M|291\/291
|move|p2a: Talonflame|Brave Bird|p1a: Anubis
|-damage|p1a: Anubis|158\/291
|-endability|p2a: Talonflame|galewings|[from] Mummy
|-ability|p2a: Talonflame|Mummy|[from] Mummy
|-damage|p2a: Talonflame|254\/298|[from] recoil|[of] p1a: Anubis
|
|-heal|p1a: Anubis|176\/291|[from] item: Leftovers
|turn|3
|
|switch|p2a: Scizor|Scizor, M|343\/343
|move|p1a: Anubis|Pain Split|p2a: Scizor
|-sethp|p2a: Scizor|259\/343|p1a: Anubis|259\/291|[from] move: Pain Split
|
|-heal|p1a: Anubis|277\/291|[from] item: Leftovers
|turn|4
|
|detailschange|p2a: Scizor|Scizor-Mega, M
|message|Scizor has Mega Evolved into Mega Scizor!
|move|p2a: Scizor|U-turn|p1a: Anubis
|-resisted|p1a: Anubis
|-damage|p1a: Anubis|242\/291
|-endability|p2a: Scizor|technician|[from] Mummy
|-ability|p2a: Scizor|Mummy|[from] Mummy
|
|switch|p2a: Keldeo-Resolute|Keldeo-Resolute, shiny|325\/325
|move|p1a: Anubis|Knock Off|p2a: Keldeo-Resolute
|-resisted|p2a: Keldeo-Resolute
|-damage|p2a: Keldeo-Resolute|301\/325
|-boost|p2a: Keldeo-Resolute|atk|1|[from] ability: Justified
|-enditem|p2a: Keldeo-Resolute|Salac Berry|[from] move: Knock Off|[of] p1a: Anubis
|
|-heal|p1a: Anubis|260\/291|[from] item: Leftovers
|turn|5
|
|move|p2a: Keldeo-Resolute|Substitute|p2a: Keldeo-Resolute
|-start|p2a: Keldeo-Resolute|Substitute
|-damage|p2a: Keldeo-Resolute|220\/325
|move|p1a: Anubis|Will-O-Wisp|p2a: Keldeo-Resolute|[miss]
|-miss|p1a: Anubis|p2a: Keldeo-Resolute
|
|-heal|p1a: Anubis|278\/291|[from] item: Leftovers
|turn|6
|
|move|p2a: Keldeo-Resolute|Scald|p1a: Anubis
|-damage|p1a: Anubis|133\/291
|move|p1a: Anubis|Shadow Ball|p2a: Keldeo-Resolute
|-end|p2a: Keldeo-Resolute|Substitute
|
|-heal|p1a: Anubis|151\/291|[from] item: Leftovers
|turn|7
|
|move|p2a: Keldeo-Resolute|Substitute|p2a: Keldeo-Resolute
|-start|p2a: Keldeo-Resolute|Substitute
|-damage|p2a: Keldeo-Resolute|139\/325
|move|p1a: Anubis|Pain Split|p2a: Keldeo-Resolute
|
|-heal|p1a: Anubis|169\/291|[from] item: Leftovers
|turn|8
|
|move|p2a: Keldeo-Resolute|Scald|p1a: Anubis
|-damage|p1a: Anubis|39\/291
|move|p1a: Anubis|Shadow Ball|p2a: Keldeo-Resolute
|-end|p2a: Keldeo-Resolute|Substitute
|
|-heal|p1a: Anubis|57\/291|[from] item: Leftovers
|turn|9
|
|move|p2a: Keldeo-Resolute|Scald|p1a: Anubis
|-damage|p1a: Anubis|0 fnt
|faint|p1a: Anubis
|
|
|switch|p1a: Flamedramon|Talonflame, M|336\/336
|turn|10
|
|switch|p2a: Bronzong|Bronzong|338\/338
|switch|p1a: Jewls|Azumarill, F, shiny|380\/380
|
|turn|11
|
|move|p1a: Jewls|Knock Off|p2a: Bronzong
|-supereffective|p2a: Bronzong
|-damage|p2a: Bronzong|154\/338
|-enditem|p2a: Bronzong|Light Clay|[from] move: Knock Off|[of] p1a: Jewls
|move|p2a: Bronzong|Reflect|p2a: Bronzong
|-sidestart|p2: GreatLuke|Reflect
|
|turn|12
|
|move|p1a: Jewls|Aqua Jet|p2a: Bronzong
|-damage|p2a: Bronzong|125\/338
|move|p2a: Bronzong|Stealth Rock|p1a: Jewls
|-sidestart|p1: KoreyTheWizard|move: Stealth Rock
|
|turn|13
|
|switch|p1a: Edward|Scizor, M|297\/297
|-damage|p1a: Edward|260\/297|[from] Stealth Rock
|move|p2a: Bronzong|Light Screen|p2a: Bronzong
|-sidestart|p2: GreatLuke|move: Light Screen
|
|turn|14
|
|switch|p2a: Talonflame|Talonflame, M, shiny|254\/298
|detailschange|p1a: Edward|Scizor-Mega, M
|message|Scizor has Mega Evolved into Mega Scizor!
|move|p1a: Edward|Defog|p2a: Talonflame
|-unboost|p2a: Talonflame|evasion|1
|-sideend|p2: GreatLuke|Reflect
|-sideend|p2: GreatLuke|Reflect|[from] move: Defog|[of] p2a: Talonflame
|-sideend|p2: GreatLuke|move: Light Screen
|-sideend|p2: GreatLuke|Light Screen|[from] move: Defog|[of] p2a: Talonflame
|-sideend|p1: KoreyTheWizard|Stealth Rock|[from] move: Defog|[of] p1a: Edward
|
|turn|15
|
|switch|p1a: Jewls|Azumarill, F, shiny|380\/380
|move|p2a: Talonflame|Flare Blitz|p1a: Jewls
|-resisted|p1a: Jewls
|-damage|p1a: Jewls|239\/380
|-damage|p2a: Talonflame|207\/298|[from] recoil|[of] p1a: Jewls
|
|turn|16
|
|switch|p2a: Kyurem-Black|Kyurem-Black|391\/391
|-ability|p2a: Kyurem-Black|Teravolt
|move|p1a: Jewls|Knock Off|p2a: Kyurem-Black
|-damage|p2a: Kyurem-Black|268\/391
|-enditem|p2a: Kyurem-Black|Choice Scarf|[from] move: Knock Off|[of] p1a: Jewls
|
|turn|17
|
|switch|p1a: Destroyer|Conkeldurr, M|373\/414
|move|p2a: Kyurem-Black|Fusion Bolt|p1a: Destroyer
|-damage|p1a: Destroyer|198\/414
|
|turn|18
|
|move|p2a: Kyurem-Black|Fusion Bolt|p1a: Destroyer
|-damage|p1a: Destroyer|34\/414
|move|p1a: Destroyer|Drain Punch|p2a: Kyurem-Black
|-supereffective|p2a: Kyurem-Black
|-damage|p2a: Kyurem-Black|0 fnt
|-heal|p1a: Destroyer|168\/414|[from] drain|[of] p2a: Kyurem-Black
|faint|p2a: Kyurem-Black
|
|
|switch|p2a: Keldeo-Resolute|Keldeo-Resolute, shiny|139\/325
|turn|19
|
|switch|p1a: Jet|Latios, M|302\/302
|move|p2a: Keldeo-Resolute|Substitute|p2a: Keldeo-Resolute
|-start|p2a: Keldeo-Resolute|Substitute
|-damage|p2a: Keldeo-Resolute|58\/325
|
|turn|20
|
|move|p1a: Jet|Surf|p2a: Keldeo-Resolute
|-resisted|p2a: Keldeo-Resolute
|-activate|p2a: Keldeo-Resolute|Substitute|[damage]
|move|p2a: Keldeo-Resolute|Endeavor|p1a: Jet
|-damage|p1a: Jet|58\/302
|
|turn|21
|
|move|p1a: Jet|Surf|p2a: Keldeo-Resolute
|-resisted|p2a: Keldeo-Resolute
|-end|p2a: Keldeo-Resolute|Substitute
|move|p2a: Keldeo-Resolute|Scald|p1a: Jet
|-resisted|p1a: Jet
|-damage|p1a: Jet|0 fnt
|faint|p1a: Jet
|
|
|switch|p1a: Flamedramon|Talonflame, M|336\/336
|turn|22
|
|move|p1a: Flamedramon|Brave Bird|p2a: Keldeo-Resolute
|-supereffective|p2a: Keldeo-Resolute
|-damage|p2a: Keldeo-Resolute|0 fnt
|-damage|p1a: Flamedramon|317\/336|[from] recoil|[of] p2a: Keldeo-Resolute
|faint|p2a: Keldeo-Resolute
|
|
|switch|p2a: Talonflame|Talonflame, M, shiny|207\/298
|turn|23
|
|switch|p1a: Destroyer|Conkeldurr, M|168\/414
|move|p2a: Talonflame|U-turn|p1a: Destroyer
|-resisted|p1a: Destroyer
|-damage|p1a: Destroyer|120\/414
|
|switch|p2a: Scizor|Scizor-Mega, M|259\/343
|
|turn|24
|
|move|p2a: Scizor|Bullet Punch|p1a: Destroyer
|-damage|p1a: Destroyer|18\/414
|move|p1a: Destroyer|Mach Punch|p2a: Scizor
|-damage|p2a: Scizor|204\/343
|
|turn|25
|
|move|p2a: Scizor|Bullet Punch|p1a: Destroyer
|-damage|p1a: Destroyer|0 fnt
|faint|p1a: Destroyer
|
|
|switch|p1a: Flamedramon|Talonflame, M|317\/336
|turn|26
|
|switch|p2a: Talonflame|Talonflame, M, shiny|207\/298
|move|p1a: Flamedramon|Flare Blitz|p2a: Talonflame
|-resisted|p2a: Talonflame
|-damage|p2a: Talonflame|104\/298
|-damage|p1a: Flamedramon|283\/336|[from] recoil|[of] p2a: Talonflame
|
|turn|27
|
|move|p1a: Flamedramon|Brave Bird|p2a: Talonflame
|-damage|p2a: Talonflame|0 fnt
|-damage|p1a: Flamedramon|249\/336|[from] recoil|[of] p2a: Talonflame
|faint|p2a: Talonflame
|
|c|âGreatLuke|gg
|
|switch|p2a: Bronzong|Bronzong|125\/338
|turn|28
|
|move|p1a: Flamedramon|Flare Blitz|p2a: Bronzong
|-supereffective|p2a: Bronzong
|-damage|p2a: Bronzong|9\/338
|-damage|p1a: Flamedramon|211\/336|[from] recoil|[of] p2a: Bronzong
|move|p2a: Bronzong|Explosion|p1a: Flamedramon
|-damage|p1a: Flamedramon|0 fnt
|faint|p2a: Bronzong
|faint|p1a: Flamedramon
|
|c|âKoreyTheWizard|gg
|
|switch|p1a: Edward|Scizor-Mega, M|260\/297
|switch|p2a: Scizor|Scizor-Mega, M|204\/343
|turn|29
|
|move|p2a: Scizor|Roost|p2a: Scizor
|-heal|p2a: Scizor|343\/343
|move|p1a: Edward|Swords Dance|p1a: Edward
|-boost|p1a: Edward|atk|2
|
|turn|30
|
|move|p2a: Scizor|Bullet Punch|p1a: Edward
|-resisted|p1a: Edward
|-damage|p1a: Edward|224\/297
|move|p1a: Edward|Swords Dance|p1a: Edward
|-boost|p1a: Edward|atk|2
|
|turn|31
|
|move|p1a: Edward|Swords Dance|p1a: Edward
|-boost|p1a: Edward|atk|2
|move|p2a: Scizor|Defog|p1a: Edward
|-unboost|p1a: Edward|evasion|1
|
|turn|32
|
|move|p1a: Edward|Bullet Punch|p2a: Scizor
|-resisted|p2a: Scizor
|-damage|p2a: Scizor|204\/343
|move|p2a: Scizor|Bullet Punch|p1a: Edward
|-resisted|p1a: Edward
|-damage|p1a: Edward|190\/297
|
|turn|33
|
|move|p1a: Edward|Bullet Punch|p2a: Scizor
|-resisted|p2a: Scizor
|-damage|p2a: Scizor|49\/343
|move|p2a: Scizor|Roost|p2a: Scizor
|-heal|p2a: Scizor|221\/343
|
|turn|34
|
|move|p2a: Scizor|Roost|p2a: Scizor
|-heal|p2a: Scizor|343\/343
|move|p1a: Edward|Swords Dance|p1a: Edward
|-fail|p1a: Edward
|
|turn|35
|
|move|p2a: Scizor|Bullet Punch|p1a: Edward
|-resisted|p1a: Edward
|-damage|p1a: Edward|154\/297
|move|p1a: Edward|Bullet Punch|p2a: Scizor
|-crit|p2a: Scizor
|-resisted|p2a: Scizor
|-damage|p2a: Scizor|110\/343
|
|turn|36
|
|move|p1a: Edward|Defog|p2a: Scizor
|-unboost|p2a: Scizor|evasion|1
|move|p2a: Scizor|Roost|p2a: Scizor
|-heal|p2a: Scizor|282\/343
|
|turn|37
|
|move|p1a: Edward|Bullet Punch|p2a: Scizor
|-resisted|p2a: Scizor
|-damage|p2a: Scizor|130\/343
|move|p2a: Scizor|Roost|p2a: Scizor
|-heal|p2a: Scizor|302\/343
|
|turn|38
|
|move|p1a: Edward|Bullet Punch|p2a: Scizor
|-resisted|p2a: Scizor
|-damage|p2a: Scizor|150\/343
|move|p2a: Scizor|Roost|p2a: Scizor
|-heal|p2a: Scizor|322\/343
|
|turn|39
|
|move|p1a: Edward|Bullet Punch|p2a: Scizor
|-resisted|p2a: Scizor
|-damage|p2a: Scizor|167\/343
|move|p2a: Scizor|Roost|p2a: Scizor
|-heal|p2a: Scizor|339\/343
|
|turn|40
|c|âKoreyTheWizard|are you really doing this
|
|move|p1a: Edward|Bullet Punch|p2a: Scizor
|-resisted|p2a: Scizor
|-damage|p2a: Scizor|197\/343
|move|p2a: Scizor|Roost|p2a: Scizor
|-heal|p2a: Scizor|343\/343
|
|turn|41
|c|âGreatLuke|sure xD
|
|move|p1a: Edward|Bullet Punch|p2a: Scizor
|-resisted|p2a: Scizor
|-damage|p2a: Scizor|187\/343
|move|p2a: Scizor|Roost|p2a: Scizor
|-heal|p2a: Scizor|343\/343
|
|turn|42
|
|move|p2a: Scizor|Bullet Punch|p1a: Edward
|-resisted|p1a: Edward
|-damage|p1a: Edward|118\/297
|move|p1a: Edward|Bullet Punch|p2a: Scizor
|-resisted|p2a: Scizor
|-damage|p2a: Scizor|194\/343
|
|turn|43
|
|move|p1a: Edward|Bullet Punch|p2a: Scizor
|-resisted|p2a: Scizor
|-damage|p2a: Scizor|49\/343
|move|p2a: Scizor|Roost|p2a: Scizor
|-heal|p2a: Scizor|221\/343
|
|turn|44
|
|move|p1a: Edward|Bullet Punch|p2a: Scizor
|-resisted|p2a: Scizor
|-damage|p2a: Scizor|76\/343
|move|p2a: Scizor|Roost|p2a: Scizor
|-heal|p2a: Scizor|248\/343
|
|turn|45
|
|move|p1a: Edward|Bullet Punch|p2a: Scizor
|-resisted|p2a: Scizor
|-damage|p2a: Scizor|107\/343
|move|p2a: Scizor|Roost|p2a: Scizor
|-heal|p2a: Scizor|279\/343
|
|turn|46
|
|move|p1a: Edward|Bullet Punch|p2a: Scizor
|-resisted|p2a: Scizor
|-damage|p2a: Scizor|141\/343
|move|p2a: Scizor|Roost|p2a: Scizor
|-heal|p2a: Scizor|313\/343
|
|turn|47
|
|move|p1a: Edward|Bullet Punch|p2a: Scizor
|-resisted|p2a: Scizor
|-damage|p2a: Scizor|174\/343
|move|p2a: Scizor|Roost|p2a: Scizor
|-heal|p2a: Scizor|343\/343
|
|turn|48
|
|move|p1a: Edward|Bullet Punch|p2a: Scizor
|-resisted|p2a: Scizor
|-damage|p2a: Scizor|187\/343
|move|p2a: Scizor|Bullet Punch|p1a: Edward
|-resisted|p1a: Edward
|-damage|p1a: Edward|81\/297
|
|turn|49
|
|move|p1a: Edward|Bullet Punch|p2a: Scizor
|-resisted|p2a: Scizor
|-damage|p2a: Scizor|34\/343
|move|p2a: Scizor|Roost|p2a: Scizor
|-heal|p2a: Scizor|206\/343
|
|turn|50
|
|move|p1a: Edward|Bullet Punch|p2a: Scizor
|-resisted|p2a: Scizor
|-damage|p2a: Scizor|57\/343
|move|p2a: Scizor|Roost|p2a: Scizor
|-heal|p2a: Scizor|229\/343
|
|turn|51
|
|move|p2a: Scizor|Bullet Punch|p1a: Edward
|-resisted|p1a: Edward
|-damage|p1a: Edward|48\/297
|move|p1a: Edward|Bullet Punch|p2a: Scizor
|-resisted|p2a: Scizor
|-damage|p2a: Scizor|71\/343
|
|turn|52
|
|move|p2a: Scizor|Bullet Punch|p1a: Edward
|-crit|p1a: Edward
|-resisted|p1a: Edward
|-damage|p1a: Edward|0 fnt
|faint|p1a: Edward
|
|c|âGreatLuke|lol
|
|switch|p1a: Jewls|Azumarill, F, shiny|239\/380
|turn|53
|
|move|p2a: Scizor|Bullet Punch|p1a: Jewls
|-damage|p1a: Jewls|128\/380
|move|p1a: Jewls|Aqua Jet|p2a: Scizor
|-damage|p2a: Scizor|26\/343
|
|turn|54
|
|move|p2a: Scizor|Bullet Punch|p1a: Jewls
|-damage|p1a: Jewls|31\/380
|move|p1a: Jewls|Aqua Jet|p2a: Scizor
|-damage|p2a: Scizor|0 fnt
|faint|p2a: Scizor
|
|win|KoreyTheWizard
|raw|Ladder updating...