|join|GreatLuke
|join|gauchoninja
|player|p1|GreatLuke|266
|player|p2|gauchoninja|99
|gametype|singles
|gen|6
|tier|OU
|rated
|clearpoke
|poke|p1|Kabutops, F
|poke|p1|Kingdra, F
|poke|p1|Politoed, M
|poke|p1|Excadrill, M
|poke|p1|Tyranitar, M
|poke|p1|Heliolisk, M
|poke|p2|Chansey, F
|poke|p2|Scizor, F, shiny
|poke|p2|Keldeo-Resolute
|poke|p2|Metagross
|poke|p2|Landorus-Therian, M
|poke|p2|Kyurem-Black
|rule|Swagger Clause: Swagger is banned
|rule|Baton Pass Clause: Limit one PokÃ©mon knowing Baton Pass
|rule|Sleep Clause Mod: Limit one foe put to sleep
|rule|Species Clause: Limit one of each PokÃ©mon
|rule|OHKO Clause: OHKO moves are banned
|rule|Moody Clause: Moody is banned
|rule|Evasion Moves Clause: Evasion moves are banned
|rule|Endless Battle Clause: Forcing endless battles is banned
|rule|HP Percentage Mod: HP is shown in percentages
|teampreview
|
|start
|switch|p1a: Politoed|Politoed, M|383\/383
|switch|p2a: Keldeodorant|Keldeo-Resolute|323\/323
|-weather|RainDance
|turn|1
|
|move|p2a: Keldeodorant|Substitute|p2a: Keldeodorant
|-start|p2a: Keldeodorant|Substitute
|-damage|p2a: Keldeodorant|243\/323
|move|p1a: Politoed|Hypnosis|p2a: Keldeodorant|[miss]
|-miss|p1a: Politoed|p2a: Keldeodorant
|
|-weather|RainDance|[upkeep]
|-heal|p2a: Keldeodorant|263\/323|[from] item: Leftovers
|turn|2
|
|move|p2a: Keldeodorant|Secret Sword|p1a: Politoed
|-damage|p1a: Politoed|209\/383
|move|p1a: Politoed|Perish Song|p1a: Politoed
|-fieldactivate|move: Perish Song
|
|-start|p2a: Keldeodorant|perish3
|-start|p1a: Politoed|perish3
|-weather|RainDance|[upkeep]
|-heal|p2a: Keldeodorant|283\/323|[from] item: Leftovers
|turn|3
|
|move|p1a: Politoed|Protect|p1a: Politoed
|-singleturn|p1a: Politoed|Protect
|move|p2a: Keldeodorant|Secret Sword|p1a: Politoed
|-activate|p1a: Politoed|Protect
|
|-start|p2a: Keldeodorant|perish2
|-start|p1a: Politoed|perish2
|-weather|RainDance|[upkeep]
|-heal|p2a: Keldeodorant|303\/323|[from] item: Leftovers
|turn|4
|
|switch|p1a: Kingdra|Kingdra, F|292\/292
|move|p2a: Keldeodorant|Secret Sword|p1a: Kingdra
|-damage|p1a: Kingdra|105\/292
|
|-start|p2a: Keldeodorant|perish1
|-weather|RainDance|[upkeep]
|-heal|p2a: Keldeodorant|323\/323|[from] item: Leftovers
|turn|5
|
|switch|p2a: Spongecake|Chansey, F|642\/642
|move|p1a: Kingdra|Hydro Pump|p2a: Spongecake
|-damage|p2a: Spongecake|467\/642
|-damage|p1a: Kingdra|76\/292|[from] item: Life Orb
|
|-weather|RainDance|[upkeep]
|turn|6
|
|move|p1a: Kingdra|Waterfall|p2a: Spongecake
|-damage|p2a: Spongecake|228\/642
|-damage|p1a: Kingdra|47\/292|[from] item: Life Orb
|cant|p2a: Spongecake|flinch
|
|-weather|RainDance|[upkeep]
|turn|7
|
|switch|p2a: Meruem|Scizor, F, shiny|344\/344
|move|p1a: Kingdra|Waterfall|p2a: Meruem
|-damage|p2a: Meruem|214\/344
|-damage|p1a: Kingdra|0 fnt|[from] item: Rocky Helmet|[of] p2a: Meruem
|faint|p1a: Kingdra
|
|-weather|RainDance|[upkeep]
|
|switch|p1a: Kabutops|Kabutops, F|262\/262
|turn|8
|
|move|p1a: Kabutops|Swords Dance|p1a: Kabutops
|-boost|p1a: Kabutops|atk|2
|move|p2a: Meruem|Roost|p2a: Meruem
|-heal|p2a: Meruem|344\/344
|
|-weather|none
|turn|9
|
|move|p2a: Meruem|Bullet Punch|p1a: Kabutops
|-damage|p1a: Kabutops|183\/262
|move|p1a: Kabutops|Waterfall|p2a: Meruem
|-damage|p2a: Meruem|93\/344
|-damage|p1a: Kabutops|140\/262|[from] item: Rocky Helmet|[of] p2a: Meruem
|-damage|p1a: Kabutops|114\/262|[from] item: Life Orb
|
|turn|10
|
|move|p1a: Kabutops|Aqua Jet|p2a: Meruem
|-damage|p2a: Meruem|0 fnt
|-damage|p1a: Kabutops|71\/262|[from] item: Rocky Helmet|[of] p2a: Meruem
|-damage|p1a: Kabutops|45\/262|[from] item: Life Orb
|faint|p2a: Meruem
|
|
|switch|p2a: Master Hand|Metagross|302\/302
|turn|11
|
|detailschange|p2a: Master Hand|Metagross-Mega
|message|Metagross has Mega Evolved into Mega Metagross!
|move|p2a: Master Hand|Bullet Punch|p1a: Kabutops
|-damage|p1a: Kabutops|0 fnt
|faint|p1a: Kabutops
|
|
|switch|p1a: Politoed|Politoed, M|209\/383
|-weather|RainDance
|turn|12
|
|move|p2a: Master Hand|Zen Headbutt|p1a: Politoed
|-crit|p1a: Politoed
|-damage|p1a: Politoed|0 fnt
|faint|p1a: Politoed
|
|-weather|RainDance|[upkeep]
|
|switch|p1a: Heliolisk|Heliolisk, M|266\/266
|turn|13
|
|move|p2a: Master Hand|Zen Headbutt|p1a: Heliolisk
|-damage|p1a: Heliolisk|0 fnt
|faint|p1a: Heliolisk
|
|-weather|RainDance|[upkeep]
|
|switch|p1a: Tyranitar|Tyranitar, M|342\/342
|-weather|Sandstorm
|turn|14
|
|detailschange|p1a: Tyranitar|Tyranitar-Mega, M
|message|Tyranitar has Mega Evolved into Mega Tyranitar!
|move|p2a: Master Hand|Meteor Mash|p1a: Tyranitar
|-supereffective|p1a: Tyranitar
|-damage|p1a: Tyranitar|18\/342
|move|p1a: Tyranitar|Dragon Dance|p1a: Tyranitar
|-boost|p1a: Tyranitar|atk|1
|-boost|p1a: Tyranitar|spe|1
|
|-weather|Sandstorm|[upkeep]
|turn|15
|
|move|p2a: Master Hand|Bullet Punch|p1a: Tyranitar
|-supereffective|p1a: Tyranitar
|-damage|p1a: Tyranitar|0 fnt
|faint|p1a: Tyranitar
|
|-weather|Sandstorm|[upkeep]
|-message|GreatLuke forfeited.
|
|win|gauchoninja
|raw|Ladder updating...
|leave|GreatLuke
|player|p1
|raw|GreatLuke's rating: 1466 &rarr; <strong>1445<\/strong><br \/>(-21 for losing)
|raw|gauchoninja's rating: 1451 &rarr; <strong>1472<\/strong><br \/>(+21 for winning)