|join|adnap14
|join|GreatLuke
|player|p1|adnap14|165
|player|p2|GreatLuke|292
|gametype|singles
|gen|6
|tier|OU
|clearpoke
|poke|p1|Snorlax, M
|poke|p1|Blastoise, M
|poke|p1|Sylveon, F
|poke|p1|Charizard, F
|poke|p1|Blissey, F
|poke|p1|Jolteon, M
|poke|p2|Porygon-Z
|poke|p2|Vaporeon, F
|poke|p2|Metagross, shiny
|poke|p2|Salamence, F
|poke|p2|Cloyster, F
|poke|p2|Dusknoir, M
|rule|Swagger Clause: Swagger is banned
|rule|Baton Pass Clause: Limit one PokÃ©mon knowing Baton Pass
|rule|Sleep Clause Mod: Limit one foe put to sleep
|rule|Species Clause: Limit one of each PokÃ©mon
|rule|OHKO Clause: OHKO moves are banned
|rule|Moody Clause: Moody is banned
|rule|Evasion Moves Clause: Evasion moves are banned
|rule|Endless Battle Clause: Forcing endless battles is banned
|rule|HP Percentage Mod: HP is shown in percentages
|teampreview
|
|start
|switch|p1a: Charizard|Charizard, F|350\/350
|switch|p2a: Vaporeon|Vaporeon, F|462\/462
|turn|1
|join|fap_4_fun
|
|switch|p1a: Jolteon|Jolteon, M|334\/334
|move|p2a: Vaporeon|Aqua Ring|p2a: Vaporeon
|-start|p2a: Vaporeon|Aqua Ring
|
|turn|2
|c|âadnap14|ÄoÃ¡n sai rá»i =))
|
|move|p1a: Jolteon|Thunder Wave|p2a: Vaporeon
|-status|p2a: Vaporeon|par
|move|p2a: Vaporeon|Acid Armor|p2a: Vaporeon
|-boost|p2a: Vaporeon|def|2
|
|turn|3
|
|move|p1a: Jolteon|Agility|p1a: Jolteon
|-boost|p1a: Jolteon|spe|2
|move|p2a: Vaporeon|Baton Pass|p2a: Vaporeon
|c| fap_4_fun|giáº¿t nÃ³ nhanh lÃªn k lÃ  Än hanhfh :))
|
|switch|p2a: Cloyster|Cloyster, F|242\/242
|
|turn|4
|c|âGreatLuke|thá»­ kiá»u khÃ¡c xem sao
|
|move|p1a: Jolteon|Baton Pass|p1a: Jolteon
|c|âadnap14|nÃ£y m baton pass sang metagross Ã h :))
|
|switch|p1a: Charizard|Charizard, F|350\/350
|move|p2a: Cloyster|Shell Smash|p2a: Cloyster
|-boost|p2a: Cloyster|atk|2
|-boost|p2a: Cloyster|spa|2
|-boost|p2a: Cloyster|spe|2
|-unboost|p2a: Cloyster|def|1
|-unboost|p2a: Cloyster|spd|1
|
|turn|5
|c|âGreatLuke|uh
|
|move|p1a: Charizard|Dragon Dance|p1a: Charizard
|-boost|p1a: Charizard|atk|1
|-boost|p1a: Charizard|spe|1
|move|p2a: Cloyster|Rock Blast|p1a: Charizard
|-supereffective|p1a: Charizard
|-damage|p1a: Charizard|94\/350
|-supereffective|p1a: Charizard
|-damage|p1a: Charizard|0 fnt
|-hitcount|p1a: Charizard|2
|faint|p1a: Charizard
|
|c|âGreatLuke|=)))
|c|âadnap14|ax
|join|Percivals
|c| fap_4_fun|máº¹ 
|c|âadnap14|khá» vÃ£i
|c|âGreatLuke|con nÃ y ÄÃ¡nh Äc 5 phÃ¡t cÆ¡
|c| fap_4_fun|cá»ng clgt cá»ng láº¯m tháº¿ :))
|c|âGreatLuke|=))
|c| fap_4_fun|nÃ³ á»§i máº¹ cáº£ team rá»i :))
|
|switch|p1a: Sylveon|Sylveon, F|350\/350
|turn|6
|c|âadnap14|chá» ÄÃ¡ya :))
|
|move|p2a: Cloyster|Icicle Spear|p1a: Sylveon
|-damage|p1a: Sylveon|272\/350
|-damage|p1a: Sylveon|188\/350
|-damage|p1a: Sylveon|95\/350
|-damage|p1a: Sylveon|11\/350
|-damage|p1a: Sylveon|0 fnt
|-hitcount|p1a: Sylveon|5
|faint|p1a: Sylveon
|
|c|âadnap14|tiÃªn giÃ¡ng tráº§n
|c|âadnap14|fuck
|c| Percivals|=))
|c|âadnap14|cÃ¡i ÄÃ²n bá»±a
|c| fap_4_fun|nÃ y sao chÆ¡i :))
|c|âGreatLuke|1 hit =))
|
|switch|p1a: Blissey|Blissey, F|673\/673
|turn|7
|
|move|p2a: Cloyster|Rock Blast|p1a: Blissey
|-damage|p1a: Blissey|585\/673
|-crit|p1a: Blissey
|-damage|p1a: Blissey|440\/673
|-damage|p1a: Blissey|343\/673
|-damage|p1a: Blissey|246\/673
|-damage|p1a: Blissey|150\/673
|-hitcount|p1a: Blissey|5
|move|p1a: Blissey|Flamethrower|p2a: Cloyster
|-damage|p2a: Cloyster|98\/242
|
|-heal|p1a: Blissey|192\/673|[from] item: Leftovers
|-heal|p2a: Cloyster|113\/242|[from] Aqua Ring
|turn|8
|c|âGreatLuke|con nÃ y trÃ¢u
|
|move|p2a: Cloyster|Icicle Spear|p1a: Blissey
|-damage|p1a: Blissey|48\/673
|-damage|p1a: Blissey|0 fnt
|-hitcount|p1a: Blissey|2
|faint|p1a: Blissey
|
|-heal|p2a: Cloyster|128\/242|[from] Aqua Ring
|
|switch|p1a: Snorlax|Snorlax, M|500\/500
|turn|9
|
|move|p2a: Cloyster|Rock Blast|p1a: Snorlax
|-damage|p1a: Snorlax|448\/500
|-damage|p1a: Snorlax|395\/500
|-damage|p1a: Snorlax|342\/500
|-damage|p1a: Snorlax|287\/500
|-damage|p1a: Snorlax|237\/500
|-hitcount|p1a: Snorlax|5
|move|p1a: Snorlax|Body Slam|p2a: Cloyster
|-crit|p2a: Cloyster
|-damage|p2a: Cloyster|37\/242
|
|-heal|p2a: Cloyster|52\/242|[from] Aqua Ring
|turn|10
|
|move|p2a: Cloyster|Rock Blast|p1a: Snorlax
|-crit|p1a: Snorlax
|-damage|p1a: Snorlax|159\/500
|-damage|p1a: Snorlax|109\/500
|-damage|p1a: Snorlax|55\/500
|-damage|p1a: Snorlax|2\/500
|-damage|p1a: Snorlax|0 fnt
|-hitcount|p1a: Snorlax|5
|faint|p1a: Snorlax
|
|-heal|p2a: Cloyster|67\/242|[from] Aqua Ring
|c|âadnap14|máº¹
|c|âadnap14|:((
|c|âGreatLuke|:)))
|c|âadnap14|Äau lÃ²ng vcl :((
|
|switch|p1a: Jolteon|Jolteon, M|334\/334
|turn|11
|c| fap_4_fun|tao hiá»u king áº¡ tao ráº¥t hiá»u :))
|
|move|p2a: Cloyster|Icicle Spear|p1a: Jolteon
|-damage|p1a: Jolteon|237\/334
|-damage|p1a: Jolteon|134\/334
|-damage|p1a: Jolteon|37\/334
|-damage|p1a: Jolteon|0 fnt
|-hitcount|p1a: Jolteon|4
|faint|p1a: Jolteon
|
|-heal|p2a: Cloyster|82\/242|[from] Aqua Ring
|c|âGreatLuke|=))))
|c|âadnap14|máº¹ team cháº¿t nhÆ° ngáº£ ráº¡
|
|switch|p1a: Blastoise|Blastoise, M|302\/302
|turn|12
|c| fap_4_fun|kinh vá»n :))
|
|detailschange|p1a: Blastoise|Blastoise-Mega, M
|message|Blastoise has Mega Evolved into Mega Blastoise!
|move|p2a: Cloyster|Rock Blast|p1a: Blastoise
|-damage|p1a: Blastoise|255\/302
|-damage|p1a: Blastoise|210\/302
|-damage|p1a: Blastoise|166\/302
|-damage|p1a: Blastoise|120\/302
|-damage|p1a: Blastoise|72\/302
|-hitcount|p1a: Blastoise|5
|move|p1a: Blastoise|Earthquake|p2a: Cloyster
|-damage|p2a: Cloyster|45\/242
|
|-heal|p2a: Cloyster|60\/242|[from] Aqua Ring
|turn|13
|c|âGreatLuke|:))
|c|âGreatLuke|thÃ´i t Äi ngá»§ ÄÃ¢y
|c|âGreatLuke|mai oÃ¡nh tiáº¿p
|
|move|p2a: Cloyster|Rock Blast|p1a: Blastoise
|-damage|p1a: Blastoise|24\/302
|-damage|p1a: Blastoise|0 fnt
|-hitcount|p1a: Blastoise|2
|faint|p1a: Blastoise
|
|win|GreatLuke