|join|GreatLuke
|join|Michem
|player|p1|GreatLuke|170
|player|p2|Michem|153
|gametype|singles
|gen|6
|tier|OU
|rated
|clearpoke
|poke|p1|Dragonite, M
|poke|p1|Venusaur, F
|poke|p1|Mew
|poke|p1|Forretress, M
|poke|p1|Gliscor, M
|poke|p1|Talonflame, F
|poke|p2|Charizard, M
|poke|p2|Conkeldurr, M
|poke|p2|Landorus-Therian, M
|poke|p2|Lucario, M
|poke|p2|Porygon2
|poke|p2|Heatran, M
|rule|Swagger Clause: Swagger is banned
|rule|Baton Pass Clause: Limit one PokÃ©mon knowing Baton Pass
|rule|Sleep Clause Mod: Limit one foe put to sleep
|rule|Species Clause: Limit one of each PokÃ©mon
|rule|OHKO Clause: OHKO moves are banned
|rule|Moody Clause: Moody is banned
|rule|Evasion Moves Clause: Evasion moves are banned
|rule|Endless Battle Clause: Forcing endless battles is banned
|rule|HP Percentage Mod: HP is shown in percentages
|teampreview
|
|start
|switch|p1a: Gliscor|Gliscor, M|354\/354
|switch|p2a: Landorus-Therian|Landorus-Therian, M|320\/320
|-ability|p2a: Landorus-Therian|Intimidate|[of] p1a: Gliscor
|-unboost|p1a: Gliscor|atk|1
|turn|1
|
|move|p1a: Gliscor|Protect|p1a: Gliscor
|-singleturn|p1a: Gliscor|Protect
|move|p2a: Landorus-Therian|U-turn|p1a: Gliscor
|-activate|p1a: Gliscor|Protect
|
|-status|p1a: Gliscor|tox|[from] item: Toxic Orb
|turn|2
|join|Mapfre
|
|move|p2a: Landorus-Therian|U-turn|p1a: Gliscor
|-resisted|p1a: Gliscor
|-damage|p1a: Gliscor|321\/354 tox
|
|switch|p2a: Charizard|Charizard, M|298\/298
|move|p1a: Gliscor|Toxic|p2a: Charizard
|-status|p2a: Charizard|tox
|
|-damage|p2a: Charizard|280\/298 tox|[from] psn
|-heal|p1a: Gliscor|354\/354 tox|[from] ability: Poison Heal
|turn|3
|
|detailschange|p2a: Charizard|Charizard-Mega-X, M
|message|Charizard has Mega Evolved into Mega Charizard!
|move|p1a: Gliscor|Protect|p1a: Gliscor
|-singleturn|p1a: Gliscor|Protect
|move|p2a: Charizard|Dragon Dance|p2a: Charizard
|-boost|p2a: Charizard|atk|1
|-boost|p2a: Charizard|spe|1
|
|-damage|p2a: Charizard|244\/298 tox|[from] psn
|turn|4
|
|move|p2a: Charizard|Flare Blitz|p1a: Gliscor
|-damage|p1a: Gliscor|74\/354 tox
|-damage|p2a: Charizard|152\/298 tox|[from] recoil|[of] p1a: Gliscor
|move|p1a: Gliscor|Earthquake|p2a: Charizard
|-supereffective|p2a: Charizard
|-damage|p2a: Charizard|18\/298 tox
|
|-damage|p2a: Charizard|0 fnt|[from] psn
|-heal|p1a: Gliscor|118\/354 tox|[from] ability: Poison Heal
|faint|p2a: Charizard
|
|switch|p2a: Porygon2|Porygon2|374\/374
|-ability|p2a: Porygon2|Poison Heal|[from] ability: Trace|[of] p1a: Gliscor
|turn|5
|
|switch|p1a: Mew|Mew|401\/401
|move|p2a: Porygon2|Toxic|p1a: Mew
|-status|p1a: Mew|tox
|-status|p2a: Porygon2|tox
|
|-damage|p1a: Mew|376\/401 tox|[from] psn
|turn|6
|
|switch|p2a: Heatran|Heatran, M|386\/386
|-item|p2a: Heatran|Air Balloon
|move|p1a: Mew|Knock Off|p2a: Heatran
|-damage|p2a: Heatran|315\/386
|-enditem|p2a: Heatran|Air Balloon
|
|-heal|p1a: Mew|401\/401 tox|[from] item: Leftovers
|-damage|p1a: Mew|351\/401 tox|[from] psn
|turn|7
|
|switch|p1a: Dragonite|Dragonite, M|323\/323
|move|p2a: Heatran|Stealth Rock|p1a: Dragonite
|-sidestart|p1: GreatLuke|move: Stealth Rock
|
|turn|8
|
|switch|p2a: Porygon2|Porygon2|374\/374 tox
|-ability|p2a: Porygon2|Multiscale|[from] ability: Trace|[of] p1a: Dragonite
|move|p1a: Dragonite|Dragon Dance|p1a: Dragonite
|-boost|p1a: Dragonite|atk|1
|-boost|p1a: Dragonite|spe|1
|
|-damage|p2a: Porygon2|351\/374 tox|[from] psn
|turn|9
|
|move|p1a: Dragonite|Dragon Dance|p1a: Dragonite
|-boost|p1a: Dragonite|atk|1
|-boost|p1a: Dragonite|spe|1
|move|p2a: Porygon2|Toxic|p1a: Dragonite
|-status|p1a: Dragonite|tox
|-enditem|p1a: Dragonite|Lum Berry|[eat]
|-curestatus|p1a: Dragonite|tox
|
|-damage|p2a: Porygon2|305\/374 tox|[from] psn
|turn|10
|
|move|p1a: Dragonite|Dragon Claw|p2a: Porygon2
|-damage|p2a: Porygon2|118\/374 tox
|move|p2a: Porygon2|Toxic|p1a: Dragonite
|-status|p1a: Dragonite|tox
|
|-damage|p1a: Dragonite|303\/323 tox|[from] psn
|-damage|p2a: Porygon2|49\/374 tox|[from] psn
|turn|11
|
|move|p1a: Dragonite|Dragon Dance|p1a: Dragonite
|-boost|p1a: Dragonite|atk|1
|-boost|p1a: Dragonite|spe|1
|move|p2a: Porygon2|Ice Beam|p1a: Dragonite
|-supereffective|p1a: Dragonite
|-damage|p1a: Dragonite|0 fnt
|faint|p1a: Dragonite
|
|-damage|p2a: Porygon2|0 fnt|[from] psn
|faint|p2a: Porygon2
|
|switch|p2a: Landorus-Therian|Landorus-Therian, M|320\/320
|switch|p1a: Forretress|Forretress, M|353\/353
|-damage|p1a: Forretress|309\/353|[from] Stealth Rock
|-ability|p2a: Landorus-Therian|Intimidate|[of] p1a: Forretress
|-unboost|p1a: Forretress|atk|1
|turn|12
|
|move|p2a: Landorus-Therian|Stone Edge|p1a: Forretress
|-crit|p1a: Forretress
|-damage|p1a: Forretress|152\/353
|move|p1a: Forretress|Rapid Spin|p2a: Landorus-Therian
|-damage|p2a: Landorus-Therian|308\/320
|-sideend|p1: GreatLuke|Stealth Rock|[from] move: Rapid Spin|[of] p1a: Forretress
|
|-heal|p1a: Forretress|174\/353|[from] item: Leftovers
|turn|13
|
|move|p2a: Landorus-Therian|Stone Edge|p1a: Forretress
|-damage|p1a: Forretress|74\/353
|move|p1a: Forretress|Stealth Rock|p2a: Landorus-Therian
|-sidestart|p2: Michem|move: Stealth Rock
|
|-heal|p1a: Forretress|96\/353|[from] item: Leftovers
|turn|14
|
|move|p2a: Landorus-Therian|Stone Edge|p1a: Forretress
|-damage|p1a: Forretress|0 fnt
|faint|p1a: Forretress
|
|
|switch|p1a: Gliscor|Gliscor, M|118\/354 tox
|turn|15
|
|move|p1a: Gliscor|Protect|p1a: Gliscor
|-singleturn|p1a: Gliscor|Protect
|move|p2a: Landorus-Therian|Stone Edge|p1a: Gliscor
|-activate|p1a: Gliscor|Protect
|
|-heal|p1a: Gliscor|162\/354 tox|[from] ability: Poison Heal
|turn|16
|
|switch|p2a: Conkeldurr|Conkeldurr, M|351\/351
|-damage|p2a: Conkeldurr|330\/351|[from] Stealth Rock
|move|p1a: Gliscor|Ice Fang|p2a: Conkeldurr
|-damage|p2a: Conkeldurr|275\/351
|
|-heal|p1a: Gliscor|206\/354 tox|[from] ability: Poison Heal
|turn|17
|
|move|p1a: Gliscor|Protect|p1a: Gliscor
|-singleturn|p1a: Gliscor|Protect
|move|p2a: Conkeldurr|Ice Punch|p1a: Gliscor
|-activate|p1a: Gliscor|Protect
|
|-heal|p1a: Gliscor|250\/354 tox|[from] ability: Poison Heal
|turn|18
|
|switch|p1a: Talonflame|Talonflame, F|315\/315
|move|p2a: Conkeldurr|Knock Off|p1a: Talonflame
|-damage|p1a: Talonflame|137\/315
|-enditem|p1a: Talonflame|Choice Band|[from] move: Knock Off|[of] p2a: Conkeldurr
|
|turn|19
|
|switch|p2a: Landorus-Therian|Landorus-Therian, M|308\/320
|-damage|p2a: Landorus-Therian|268\/320|[from] Stealth Rock
|-ability|p2a: Landorus-Therian|Intimidate|[of] p1a: Talonflame
|-unboost|p1a: Talonflame|atk|1
|move|p1a: Talonflame|U-turn|p2a: Landorus-Therian
|-resisted|p2a: Landorus-Therian
|-damage|p2a: Landorus-Therian|242\/320
|
|switch|p1a: Venusaur|Venusaur, F|363\/363
|
|turn|20
|
|detailschange|p1a: Venusaur|Venusaur-Mega, F
|message|Venusaur has Mega Evolved into Mega Venusaur!
|move|p2a: Landorus-Therian|Earthquake|p1a: Venusaur
|-damage|p1a: Venusaur|224\/363
|move|p1a: Venusaur|Sleep Powder|p2a: Landorus-Therian
|-status|p2a: Landorus-Therian|slp
|
|turn|21
|
|switch|p2a: Heatran|Heatran, M|315\/386
|-damage|p2a: Heatran|267\/386|[from] Stealth Rock
|move|p1a: Venusaur|Giga Drain|p2a: Heatran
|-resisted|p2a: Heatran
|-damage|p2a: Heatran|243\/386
|-heal|p1a: Venusaur|236\/363|[from] drain|[of] p2a: Heatran
|
|turn|22
|
|switch|p1a: Mew|Mew|351\/401 tox
|move|p2a: Heatran|Stealth Rock|p1a: Mew
|-sidestart|p1: GreatLuke|move: Stealth Rock
|
|-heal|p1a: Mew|376\/401 tox|[from] item: Leftovers
|-damage|p1a: Mew|351\/401 tox|[from] psn
|turn|23
|
|switch|p2a: Landorus-Therian|Landorus-Therian, M|242\/320 slp
|-damage|p2a: Landorus-Therian|202\/320 slp|[from] Stealth Rock
|-ability|p2a: Landorus-Therian|Intimidate|[of] p1a: Mew
|-unboost|p1a: Mew|atk|1
|move|p1a: Mew|Taunt|p2a: Landorus-Therian
|-start|p2a: Landorus-Therian|move: Taunt
|
|-heal|p1a: Mew|376\/401 tox|[from] item: Leftovers
|-damage|p1a: Mew|326\/401 tox|[from] psn
|turn|24
|
|cant|p2a: Landorus-Therian|slp
|move|p1a: Mew|Knock Off|p2a: Landorus-Therian
|-damage|p2a: Landorus-Therian|147\/320 slp
|-enditem|p2a: Landorus-Therian|Choice Scarf|[from] move: Knock Off|[of] p1a: Mew
|
|-heal|p1a: Mew|351\/401 tox|[from] item: Leftovers
|-damage|p1a: Mew|276\/401 tox|[from] psn
|turn|25
|
|switch|p1a: Gliscor|Gliscor, M|250\/354 tox
|-damage|p1a: Gliscor|206\/354 tox|[from] Stealth Rock
|-curestatus|p2a: Landorus-Therian|slp
|move|p2a: Landorus-Therian|U-turn|p1a: Gliscor
|-resisted|p1a: Gliscor
|-damage|p1a: Gliscor|177\/354 tox
|
|switch|p2a: Conkeldurr|Conkeldurr, M|275\/351
|-damage|p2a: Conkeldurr|254\/351|[from] Stealth Rock
|
|-heal|p1a: Gliscor|221\/354 tox|[from] ability: Poison Heal
|turn|26
|
|move|p1a: Gliscor|Protect|p1a: Gliscor
|-singleturn|p1a: Gliscor|Protect
|move|p2a: Conkeldurr|Knock Off|p1a: Gliscor
|-activate|p1a: Gliscor|Protect
|
|-heal|p1a: Gliscor|265\/354 tox|[from] ability: Poison Heal
|turn|27
|
|switch|p1a: Venusaur|Venusaur-Mega, F|236\/363
|-damage|p1a: Venusaur|191\/363|[from] Stealth Rock
|move|p2a: Conkeldurr|Ice Punch|p1a: Venusaur
|-supereffective|p1a: Venusaur
|-damage|p1a: Venusaur|119\/363
|
|turn|28
|
|switch|p2a: Heatran|Heatran, M|243\/386
|-damage|p2a: Heatran|195\/386|[from] Stealth Rock
|move|p1a: Venusaur|Giga Drain|p2a: Heatran
|-resisted|p2a: Heatran
|-damage|p2a: Heatran|170\/386
|-heal|p1a: Venusaur|132\/363|[from] drain|[of] p2a: Heatran
|
|turn|29
|
|switch|p1a: Mew|Mew|276\/401 tox
|-damage|p1a: Mew|226\/401 tox|[from] Stealth Rock
|move|p2a: Heatran|Flash Cannon|p1a: Mew
|-crit|p1a: Mew
|-damage|p1a: Mew|55\/401 tox
|
|-heal|p1a: Mew|80\/401 tox|[from] item: Leftovers
|-damage|p1a: Mew|55\/401 tox|[from] psn
|turn|30
|
|move|p1a: Mew|Soft-Boiled|p1a: Mew
|-heal|p1a: Mew|256\/401 tox
|move|p2a: Heatran|Flash Cannon|p1a: Mew
|-damage|p1a: Mew|138\/401 tox
|-unboost|p1a: Mew|spd|1
|
|-heal|p1a: Mew|163\/401 tox|[from] item: Leftovers
|-damage|p1a: Mew|113\/401 tox|[from] psn
|turn|31
|
|switch|p1a: Talonflame|Talonflame, F|137\/315
|-damage|p1a: Talonflame|0 fnt|[from] Stealth Rock
|faint|p1a: Talonflame
|move|p2a: Heatran|Flash Cannon|p1: Talonflame|[notarget]
|-notarget
|
|
|switch|p1a: Gliscor|Gliscor, M|265\/354 tox
|-damage|p1a: Gliscor|221\/354 tox|[from] Stealth Rock
|turn|32
|
|switch|p2a: Conkeldurr|Conkeldurr, M|254\/351
|-damage|p2a: Conkeldurr|233\/351|[from] Stealth Rock
|move|p1a: Gliscor|Protect|p1a: Gliscor
|-fail|p1a: Gliscor
|
|-heal|p1a: Gliscor|265\/354 tox|[from] ability: Poison Heal
|turn|33
|
|switch|p1a: Venusaur|Venusaur-Mega, F|132\/363
|-damage|p1a: Venusaur|87\/363|[from] Stealth Rock
|move|p2a: Conkeldurr|Ice Punch|p1a: Venusaur
|-supereffective|p1a: Venusaur
|-damage|p1a: Venusaur|15\/363
|
|turn|34
|
|move|p2a: Conkeldurr|Mach Punch|p1a: Venusaur
|-crit|p1a: Venusaur
|-resisted|p1a: Venusaur
|-damage|p1a: Venusaur|0 fnt
|faint|p1a: Venusaur
|
|
|switch|p1a: Gliscor|Gliscor, M|265\/354 tox
|-damage|p1a: Gliscor|221\/354 tox|[from] Stealth Rock
|turn|35
|
|move|p1a: Gliscor|Protect|p1a: Gliscor
|-singleturn|p1a: Gliscor|Protect
|move|p2a: Conkeldurr|Drain Punch|p1a: Gliscor
|-activate|p1a: Gliscor|Protect
|
|-heal|p1a: Gliscor|265\/354 tox|[from] ability: Poison Heal
|turn|36
|
|move|p1a: Gliscor|Earthquake|p2a: Conkeldurr
|-damage|p2a: Conkeldurr|119\/351
|move|p2a: Conkeldurr|Ice Punch|p1a: Gliscor
|-supereffective|p1a: Gliscor
|-damage|p1a: Gliscor|9\/354 tox
|
|-heal|p1a: Gliscor|53\/354 tox|[from] ability: Poison Heal
|turn|37
|
|move|p1a: Gliscor|Protect|p1a: Gliscor
|-singleturn|p1a: Gliscor|Protect
|move|p2a: Conkeldurr|Knock Off|p1a: Gliscor
|-activate|p1a: Gliscor|Protect
|
|-heal|p1a: Gliscor|97\/354 tox|[from] ability: Poison Heal
|turn|38
|
|move|p1a: Gliscor|Earthquake|p2a: Conkeldurr
|-damage|p2a: Conkeldurr|0 fnt
|faint|p2a: Conkeldurr
|
|-heal|p1a: Gliscor|141\/354 tox|[from] ability: Poison Heal
|
|switch|p2a: Lucario|Lucario, M|282\/282
|-damage|p2a: Lucario|274\/282|[from] Stealth Rock
|turn|39
|
|move|p2a: Lucario|Swords Dance|p2a: Lucario
|-boost|p2a: Lucario|atk|2
|move|p1a: Gliscor|Earthquake|p2a: Lucario
|-supereffective|p2a: Lucario
|-damage|p2a: Lucario|0 fnt
|faint|p2a: Lucario
|
|-heal|p1a: Gliscor|185\/354 tox|[from] ability: Poison Heal
|
|switch|p2a: Landorus-Therian|Landorus-Therian, M|147\/320
|-damage|p2a: Landorus-Therian|107\/320|[from] Stealth Rock
|-ability|p2a: Landorus-Therian|Intimidate|[of] p1a: Gliscor
|-unboost|p1a: Gliscor|atk|1
|turn|40
|
|move|p1a: Gliscor|Protect|p1a: Gliscor
|-singleturn|p1a: Gliscor|Protect
|move|p2a: Landorus-Therian|Stone Edge|p1a: Gliscor
|-activate|p1a: Gliscor|Protect
|
|-heal|p1a: Gliscor|229\/354 tox|[from] ability: Poison Heal
|turn|41
|
|move|p2a: Landorus-Therian|Stone Edge|p1a: Gliscor
|-damage|p1a: Gliscor|141\/354 tox
|move|p1a: Gliscor|Ice Fang|p2a: Landorus-Therian
|-supereffective|p2a: Landorus-Therian
|-damage|p2a: Landorus-Therian|0 fnt
|faint|p2a: Landorus-Therian
|
|-heal|p1a: Gliscor|185\/354 tox|[from] ability: Poison Heal
|
|switch|p2a: Heatran|Heatran, M|170\/386
|-damage|p2a: Heatran|122\/386|[from] Stealth Rock
|turn|42
|leave|Mapfre
|
|move|p1a: Gliscor|Protect|p1a: Gliscor
|-singleturn|p1a: Gliscor|Protect
|move|p2a: Heatran|Flash Cannon|p1a: Gliscor
|-activate|p1a: Gliscor|Protect
|
|-heal|p1a: Gliscor|229\/354 tox|[from] ability: Poison Heal
|turn|43
|
|move|p1a: Gliscor|Earthquake|p2a: Heatran
|-supereffective|p2a: Heatran
|-damage|p2a: Heatran|0 fnt
|faint|p2a: Heatran
|
|win|GreatLuke
|raw|Ladder updating...
|raw|GreatLuke's rating: 1492 &rarr; <strong>1514<\/strong><br \/>(+22 for winning)
|raw|Michem's rating: 1525 &rarr; <strong>1503<\/strong><br \/>(-22 for losing)
|c|âGreatLuke|gg
|c|âGreatLuke|gliscor xD
|leave|Michem
|player|p2