|join|WaffleMuncher
|join|greatluke
|player|p1|WaffleMuncher|2
|player|p2|greatluke|290
|gametype|singles
|gen|6
|tier|OU
|rated
|clearpoke
|poke|p1|Bisharp, M
|poke|p1|Rotom-Wash
|poke|p1|Ferrothorn, M
|poke|p1|Excadrill, F
|poke|p1|Talonflame, F
|poke|p1|Gyarados, M
|poke|p2|Latios, M
|poke|p2|Excadrill, M
|poke|p2|Tyranitar, M
|poke|p2|Clefable, F, shiny
|poke|p2|Charizard, M
|poke|p2|Ferrothorn, F
|rule|Swagger Clause: Swagger is banned
|rule|Baton Pass Clause: Limit one PokÃ©mon knowing Baton Pass
|rule|Sleep Clause Mod: Limit one foe put to sleep
|rule|Species Clause: Limit one of each PokÃ©mon
|rule|OHKO Clause: OHKO moves are banned
|rule|Moody Clause: Moody is banned
|rule|Evasion Moves Clause: Evasion moves are banned
|rule|Endless Battle Clause: Forcing endless battles is banned
|rule|HP Percentage Mod: HP is shown in percentages
|teampreview
|
|start
|switch|p1a: Rotom-Wash|Rotom-Wash|303\/303
|switch|p2a: Tyrannosaurus|Tyranitar, M|401\/401
|-weather|Sandstorm
|turn|1
|
|move|p1a: Rotom-Wash|Will-O-Wisp|p2a: Tyrannosaurus
|-status|p2a: Tyrannosaurus|brn
|move|p2a: Tyrannosaurus|Stealth Rock|p1a: Rotom-Wash
|-sidestart|p1: WaffleMuncher|move: Stealth Rock
|
|-weather|Sandstorm|[upkeep]
|-damage|p1a: Rotom-Wash|285\/303|[from] sandstorm
|-heal|p1a: Rotom-Wash|303\/303|[from] item: Leftovers
|-damage|p2a: Tyrannosaurus|351\/401 brn|[from] brn
|turn|2
|
|switch|p2a: Kaostic|Latios, M|301\/301
|move|p1a: Rotom-Wash|Hydro Pump|p2a: Kaostic
|-resisted|p2a: Kaostic
|-damage|p2a: Kaostic|242\/301
|
|-weather|Sandstorm|[upkeep]
|-damage|p2a: Kaostic|224\/301|[from] sandstorm
|-damage|p1a: Rotom-Wash|285\/303|[from] sandstorm
|-heal|p1a: Rotom-Wash|303\/303|[from] item: Leftovers
|turn|3
|
|move|p2a: Kaostic|Trick|p1a: Rotom-Wash
|-activate|p2a: Kaostic|move: Trick|[of] p1a: Rotom-Wash
|-item|p1a: Rotom-Wash|Choice Scarf|[from] move: Trick
|-item|p2a: Kaostic|Leftovers|[from] move: Trick
|move|p1a: Rotom-Wash|Pain Split|p2a: Kaostic
|-sethp|p2a: Kaostic|263\/301|p1a: Rotom-Wash|263\/303|[from] move: Pain Split
|
|-weather|Sandstorm|[upkeep]
|-damage|p1a: Rotom-Wash|245\/303|[from] sandstorm
|-damage|p2a: Kaostic|245\/301|[from] sandstorm
|-heal|p2a: Kaostic|263\/301|[from] item: Leftovers
|turn|4
|
|switch|p1a: Ferrothorn|Ferrothorn, M|352\/352
|-damage|p1a: Ferrothorn|330\/352|[from] Stealth Rock
|move|p2a: Kaostic|Psyshock|p1a: Ferrothorn
|-resisted|p1a: Ferrothorn
|-damage|p1a: Ferrothorn|277\/352
|
|-weather|Sandstorm|[upkeep]
|-damage|p2a: Kaostic|245\/301|[from] sandstorm
|-heal|p2a: Kaostic|263\/301|[from] item: Leftovers
|-heal|p1a: Ferrothorn|299\/352|[from] item: Leftovers
|turn|5
|
|switch|p2a: Zary|Charizard, M|297\/297
|switch|p1a: Rotom-Wash|Rotom-Wash|245\/303
|-damage|p1a: Rotom-Wash|208\/303|[from] Stealth Rock
|
|-weather|Sandstorm|[upkeep]
|-damage|p2a: Zary|279\/297|[from] sandstorm
|-damage|p1a: Rotom-Wash|190\/303|[from] sandstorm
|turn|6
|
|detailschange|p2a: Zary|Charizard-Mega-Y, M
|-mega|p2a: Zary|Charizard|Charizardite Y
|-weather|SunnyDay
|move|p2a: Zary|Solar Beam|p1a: Rotom-Wash|[still]
|-prepare|p2a: Zary|Solar Beam|p1a: Rotom-Wash
|-anim|p2a: Zary|Solar Beam|p1a: Rotom-Wash
|-crit|p1a: Rotom-Wash
|-supereffective|p1a: Rotom-Wash
|-damage|p1a: Rotom-Wash|0 fnt
|faint|p1a: Rotom-Wash
|
|-weather|SunnyDay|[upkeep]
|
|switch|p1a: Excadrill|Excadrill, F|361\/361
|-damage|p1a: Excadrill|350\/361|[from] Stealth Rock
|-ability|p1a: Excadrill|Mold Breaker
|turn|7
|
|switch|p2a: Cactusssssssss|Ferrothorn, F|351\/351
|move|p1a: Excadrill|Rock Slide|p2a: Cactusssssssss
|-resisted|p2a: Cactusssssssss
|-damage|p2a: Cactusssssssss|319\/351
|
|-weather|SunnyDay|[upkeep]
|turn|8
|
|switch|p1a: Ferrothorn|Ferrothorn, M|299\/352
|-damage|p1a: Ferrothorn|277\/352|[from] Stealth Rock
|move|p2a: Cactusssssssss|Knock Off|p1a: Ferrothorn
|-damage|p1a: Ferrothorn|220\/352
|-damage|p2a: Cactusssssssss|276\/351|[from] ability: Iron Barbs|[of] p1a: Ferrothorn
|-enditem|p1a: Ferrothorn|Leftovers|[from] move: Knock Off|[of] p2a: Cactusssssssss
|
|-weather|SunnyDay|[upkeep]
|turn|9
|
|switch|p2a: Zary|Charizard-Mega-Y, M|279\/297
|move|p1a: Ferrothorn|Spikes|p2a: Zary
|-sidestart|p2: greatluke|Spikes
|
|-weather|SunnyDay|[upkeep]
|turn|10
|
|move|p2a: Zary|Fire Blast|p1a: Ferrothorn|[miss]
|-miss|p2a: Zary|p1a: Ferrothorn
|move|p1a: Ferrothorn|Thunder Wave|p2a: Zary
|-status|p2a: Zary|par
|
|-weather|none
|turn|11
|
|cant|p2a: Zary|par
|move|p1a: Ferrothorn|Leech Seed|p2a: Zary
|-start|p2a: Zary|move: Leech Seed
|
|-damage|p2a: Zary|242\/297 par|[from] Leech Seed|[of] p1a: Ferrothorn
|-heal|p1a: Ferrothorn|257\/352|[silent]
|turn|12
|c|âgreatluke|:(
|c|âWaffleMuncher|sorry about the hax
|c|âgreatluke|the miss too
|
|cant|p2a: Zary|par
|move|p1a: Ferrothorn|Spikes|p2a: Zary
|-sidestart|p2: greatluke|Spikes
|
|-damage|p2a: Zary|205\/297 par|[from] Leech Seed|[of] p1a: Ferrothorn
|-heal|p1a: Ferrothorn|294\/352|[silent]
|turn|13
|c|âgreatluke|lel
|
|cant|p2a: Zary|par
|move|p1a: Ferrothorn|Spikes|p2a: Zary
|-sidestart|p2: greatluke|Spikes
|
|-damage|p2a: Zary|168\/297 par|[from] Leech Seed|[of] p1a: Ferrothorn
|-heal|p1a: Ferrothorn|331\/352|[silent]
|turn|14
|c|âgreatluke|wtf
|c|âgreatluke|3 times in a row :(
|
|cant|p2a: Zary|par
|move|p1a: Ferrothorn|Gyro Ball|p2a: Zary
|-resisted|p2a: Zary
|-damage|p2a: Zary|134\/297 par
|
|-damage|p2a: Zary|97\/297 par|[from] Leech Seed|[of] p1a: Ferrothorn
|-heal|p1a: Ferrothorn|352\/352|[silent]
|turn|15
|c|âgreatluke|4
|c|âWaffleMuncher|wow
|c|âgreatluke|5 inc
|
|cant|p2a: Zary|par
|move|p1a: Ferrothorn|Gyro Ball|p2a: Zary
|-resisted|p2a: Zary
|-damage|p2a: Zary|62\/297 par
|
|-damage|p2a: Zary|25\/297 par|[from] Leech Seed|[of] p1a: Ferrothorn
|turn|16
|c|âgreatluke|yeah
|c|âWaffleMuncher|i'll admit this is pretty ridiculous
|c|âgreatluke|6 inc
|
|move|p2a: Zary|Roost|p2a: Zary
|-heal|p2a: Zary|174\/297 par
|move|p1a: Ferrothorn|Gyro Ball|p2a: Zary
|-crit|p2a: Zary
|-resisted|p2a: Zary
|-damage|p2a: Zary|120\/297 par
|
|-damage|p2a: Zary|83\/297 par|[from] Leech Seed|[of] p1a: Ferrothorn
|turn|17
|
|switch|p1a: Bisharp|Bisharp, M|319\/319
|-damage|p1a: Bisharp|300\/319|[from] Stealth Rock
|move|p2a: Zary|Fire Blast|p1a: Bisharp|[miss]
|-miss|p2a: Zary|p1a: Bisharp
|
|-damage|p2a: Zary|46\/297 par|[from] Leech Seed|[of] p1a: Bisharp
|-heal|p1a: Bisharp|319\/319|[silent]
|turn|18
|c|âgreatluke|ok 6
|c|âgreatluke|the game is totally changed
|
|move|p1a: Bisharp|Pursuit|p2a: Zary
|-damage|p2a: Zary|0 fnt
|faint|p2a: Zary
|
|
|switch|p2a: Ex-Boyfriend|Excadrill, M|373\/373
|-item|p2a: Ex-Boyfriend|Air Balloon
|turn|19
|
|switch|p1a: Ferrothorn|Ferrothorn, M|352\/352
|-damage|p1a: Ferrothorn|330\/352|[from] Stealth Rock
|move|p2a: Ex-Boyfriend|Rapid Spin|p1a: Ferrothorn
|-resisted|p1a: Ferrothorn
|-damage|p1a: Ferrothorn|320\/352
|-damage|p2a: Ex-Boyfriend|327\/373|[from] ability: Iron Barbs|[of] p1a: Ferrothorn
|-sideend|p2: greatluke|Spikes|[from] move: Rapid Spin|[of] p2a: Ex-Boyfriend
|
|turn|20
|
|move|p2a: Ex-Boyfriend|Earthquake|p1a: Ferrothorn
|-damage|p1a: Ferrothorn|172\/352
|move|p1a: Ferrothorn|Leech Seed|p2a: Ex-Boyfriend
|-start|p2a: Ex-Boyfriend|move: Leech Seed
|
|-damage|p2a: Ex-Boyfriend|281\/373|[from] Leech Seed|[of] p1a: Ferrothorn
|-heal|p1a: Ferrothorn|218\/352|[silent]
|turn|21
|
|switch|p2a: Cactusssssssss|Ferrothorn, F|276\/351
|move|p1a: Ferrothorn|Spikes|p2a: Cactusssssssss
|-sidestart|p2: greatluke|Spikes
|
|turn|22
|
|move|p2a: Cactusssssssss|Thunder Wave|p1a: Ferrothorn
|-status|p1a: Ferrothorn|par
|move|p1a: Ferrothorn|Spikes|p2a: Cactusssssssss
|-sidestart|p2: greatluke|Spikes
|
|turn|23
|
|switch|p2a: Ex-Boyfriend|Excadrill, M|281\/373
|-item|p2a: Ex-Boyfriend|Air Balloon
|move|p1a: Ferrothorn|Spikes|p2a: Ex-Boyfriend
|-sidestart|p2: greatluke|Spikes
|
|turn|24
|
|move|p2a: Ex-Boyfriend|Earthquake|p1a: Ferrothorn
|-damage|p1a: Ferrothorn|56\/352 par
|cant|p1a: Ferrothorn|par
|
|turn|25
|
|move|p2a: Ex-Boyfriend|Rapid Spin|p1a: Ferrothorn
|-resisted|p1a: Ferrothorn
|-damage|p1a: Ferrothorn|46\/352 par
|-damage|p2a: Ex-Boyfriend|235\/373|[from] ability: Iron Barbs|[of] p1a: Ferrothorn
|-sideend|p2: greatluke|Spikes|[from] move: Rapid Spin|[of] p2a: Ex-Boyfriend
|move|p1a: Ferrothorn|Gyro Ball|p2a: Ex-Boyfriend
|-resisted|p2a: Ex-Boyfriend
|-damage|p2a: Ex-Boyfriend|113\/373
|-enditem|p2a: Ex-Boyfriend|Air Balloon
|
|turn|26
|
|move|p2a: Ex-Boyfriend|Earthquake|p1a: Ferrothorn
|-damage|p1a: Ferrothorn|0 fnt
|faint|p1a: Ferrothorn
|
|
|switch|p1a: Excadrill|Excadrill, F|350\/361
|-damage|p1a: Excadrill|339\/361|[from] Stealth Rock
|-ability|p1a: Excadrill|Mold Breaker
|turn|27
|
|switch|p2a: Tyrannosaurus|Tyranitar, M|351\/401 brn
|-weather|Sandstorm
|move|p1a: Excadrill|Earthquake|p2a: Tyrannosaurus
|-supereffective|p2a: Tyrannosaurus
|-damage|p2a: Tyrannosaurus|123\/401 brn
|
|-weather|Sandstorm|[upkeep]
|-damage|p2a: Tyrannosaurus|73\/401 brn|[from] brn
|turn|28
|
|move|p1a: Excadrill|Earthquake|p2a: Tyrannosaurus
|-supereffective|p2a: Tyrannosaurus
|-damage|p2a: Tyrannosaurus|0 fnt
|faint|p2a: Tyrannosaurus
|
|-weather|Sandstorm|[upkeep]
|
|switch|p2a: Ex-Boyfriend|Excadrill, M|113\/373
|turn|29
|
|move|p2a: Ex-Boyfriend|Rock Slide|p1a: Excadrill
|-resisted|p1a: Excadrill
|-damage|p1a: Excadrill|303\/361
|cant|p1a: Excadrill|flinch
|
|-weather|Sandstorm|[upkeep]
|turn|30
|
|switch|p1a: Gyarados|Gyarados, M|331\/331
|-damage|p1a: Gyarados|249\/331|[from] Stealth Rock
|-ability|p1a: Gyarados|Intimidate|[of] p2a: Ex-Boyfriend
|-unboost|p2a: Ex-Boyfriend|atk|1
|move|p2a: Ex-Boyfriend|Earthquake|p1a: Gyarados
|-immune|p1a: Gyarados|[msg]
|
|-weather|Sandstorm|[upkeep]
|-damage|p1a: Gyarados|229\/331|[from] sandstorm
|turn|31
|
|move|p2a: Ex-Boyfriend|Earthquake|p1a: Gyarados
|-immune|p1a: Gyarados|[msg]
|move|p1a: Gyarados|Dragon Dance|p1a: Gyarados
|-boost|p1a: Gyarados|atk|1
|-boost|p1a: Gyarados|spe|1
|
|-weather|Sandstorm|[upkeep]
|-damage|p1a: Gyarados|209\/331|[from] sandstorm
|turn|32
|
|detailschange|p1a: Gyarados|Gyarados-Mega, M
|-mega|p1a: Gyarados|Gyarados|Gyaradosite
|-ability|p1a: Gyarados|Mold Breaker
|move|p2a: Ex-Boyfriend|Rock Slide|p1a: Gyarados
|-crit|p1a: Gyarados
|-damage|p1a: Gyarados|73\/331
|cant|p1a: Gyarados|flinch
|
|-weather|Sandstorm|[upkeep]
|-damage|p1a: Gyarados|53\/331|[from] sandstorm
|turn|33
|c|âgreatluke|thank god
|
|move|p2a: Ex-Boyfriend|Earthquake|p1a: Gyarados
|-damage|p1a: Gyarados|0 fnt
|faint|p1a: Gyarados
|
|-weather|Sandstorm|[upkeep]
|
|switch|p1a: Bisharp|Bisharp, M|319\/319
|-damage|p1a: Bisharp|300\/319|[from] Stealth Rock
|turn|34
|
|move|p1a: Bisharp|Sucker Punch|p2a: Ex-Boyfriend
|-damage|p2a: Ex-Boyfriend|0 fnt
|faint|p2a: Ex-Boyfriend
|
|-weather|none
|
|switch|p2a: Cactusssssssss|Ferrothorn, F|276\/351
|turn|35
|
|switch|p1a: Excadrill|Excadrill, F|303\/361
|-damage|p1a: Excadrill|292\/361|[from] Stealth Rock
|-ability|p1a: Excadrill|Mold Breaker
|move|p2a: Cactusssssssss|Leech Seed|p1a: Excadrill
|-start|p1a: Excadrill|move: Leech Seed
|
|-damage|p1a: Excadrill|247\/361|[from] Leech Seed|[of] p2a: Cactusssssssss
|-heal|p2a: Cactusssssssss|321\/351|[silent]
|turn|36
|
|move|p1a: Excadrill|Rapid Spin|p2a: Cactusssssssss
|-resisted|p2a: Cactusssssssss
|-damage|p2a: Cactusssssssss|312\/351
|-damage|p1a: Excadrill|202\/361|[from] ability: Iron Barbs|[of] p2a: Cactusssssssss
|-damage|p1a: Excadrill|142\/361|[from] item: Rocky Helmet|[of] p2a: Cactusssssssss
|-end|p1a: Excadrill|Leech Seed|[from] move: Rapid Spin|[of] p1a: Excadrill
|-sideend|p1: WaffleMuncher|Stealth Rock|[from] move: Rapid Spin|[of] p1a: Excadrill
|move|p2a: Cactusssssssss|Gyro Ball|p1a: Excadrill
|-resisted|p1a: Excadrill
|-damage|p1a: Excadrill|23\/361
|
|turn|37
|
|switch|p1a: Talonflame|Talonflame, F|297\/297
|move|p2a: Cactusssssssss|Thunder Wave|p1a: Talonflame
|-status|p1a: Talonflame|par
|
|turn|38
|
|cant|p1a: Talonflame|par
|move|p2a: Cactusssssssss|Leech Seed|p1a: Talonflame
|-start|p1a: Talonflame|move: Leech Seed
|
|-damage|p1a: Talonflame|260\/297 par|[from] Leech Seed|[of] p2a: Cactusssssssss
|-heal|p2a: Cactusssssssss|349\/351|[silent]
|turn|39
|
|switch|p2a: CleFabulous|Clefable, F, shiny|393\/393
|move|p1a: Talonflame|Flare Blitz|p2a: CleFabulous
|-damage|p2a: CleFabulous|176\/393
|-damage|p1a: Talonflame|188\/297 par|[from] recoil|[of] p2a: CleFabulous
|
|-heal|p2a: CleFabulous|200\/393|[from] item: Leftovers
|-damage|p1a: Talonflame|151\/297 par|[from] Leech Seed|[of] p2a: CleFabulous
|-heal|p2a: CleFabulous|237\/393|[silent]
|turn|40
|
|move|p2a: CleFabulous|Wish|p2a: CleFabulous
|move|p1a: Talonflame|Flare Blitz|p2a: CleFabulous
|-damage|p2a: CleFabulous|0 fnt
|-damage|p1a: Talonflame|73\/297 par|[from] recoil|[of] p2a: CleFabulous
|faint|p2a: CleFabulous
|
|
|switch|p2a: Kaostic|Latios, M|263\/301
|turn|41
|
|move|p2a: Kaostic|Surf|p1a: Talonflame
|-supereffective|p1a: Talonflame
|-damage|p1a: Talonflame|0 fnt
|faint|p1a: Talonflame
|
|-heal|p2a: Kaostic|301\/301|[from] move: Wish|[wisher] CleFabulous
|
|switch|p1a: Excadrill|Excadrill, F|23\/361
|-ability|p1a: Excadrill|Mold Breaker
|turn|42
|
|move|p1a: Excadrill|Earthquake|p2a: Kaostic
|-damage|p2a: Kaostic|75\/301
|move|p2a: Kaostic|Surf|p1a: Excadrill
|-supereffective|p1a: Excadrill
|-damage|p1a: Excadrill|0 fnt
|faint|p1a: Excadrill
|
|-heal|p2a: Kaostic|93\/301|[from] item: Leftovers
|
|switch|p1a: Bisharp|Bisharp, M|300\/319
|turn|43
|
|move|p2a: Kaostic|Surf|p1a: Bisharp
|-damage|p1a: Bisharp|204\/319
|move|p1a: Bisharp|Knock Off|p2a: Kaostic
|-supereffective|p2a: Kaostic
|-damage|p2a: Kaostic|0 fnt
|-enditem|p2a: Kaostic|Leftovers|[from] move: Knock Off|[of] p1a: Bisharp
|faint|p2a: Kaostic
|
|
|switch|p2a: Cactusssssssss|Ferrothorn, F|349\/351
|turn|44
|
|move|p1a: Bisharp|Knock Off|p2a: Cactusssssssss
|-damage|p2a: Cactusssssssss|210\/351
|-damage|p1a: Bisharp|165\/319|[from] ability: Iron Barbs|[of] p2a: Cactusssssssss
|-damage|p1a: Bisharp|112\/319|[from] item: Rocky Helmet|[of] p2a: Cactusssssssss
|-enditem|p2a: Cactusssssssss|Rocky Helmet|[from] move: Knock Off|[of] p1a: Bisharp
|move|p2a: Cactusssssssss|Leech Seed|p1a: Bisharp
|-start|p1a: Bisharp|move: Leech Seed
|
|-damage|p1a: Bisharp|73\/319|[from] Leech Seed|[of] p2a: Cactusssssssss
|-heal|p2a: Cactusssssssss|249\/351|[silent]
|turn|45
|
|move|p1a: Bisharp|Knock Off|p2a: Cactusssssssss
|-damage|p2a: Cactusssssssss|149\/351
|-damage|p1a: Bisharp|34\/319|[from] ability: Iron Barbs|[of] p2a: Cactusssssssss
|move|p2a: Cactusssssssss|Gyro Ball|p1a: Bisharp
|-resisted|p1a: Bisharp
|-damage|p1a: Bisharp|0 fnt
|faint|p1a: Bisharp
|
|win|greatluke
|raw|Ladder updating...
|raw|WaffleMuncher's rating: 1426 &rarr; <strong>1411<\/strong><br \/>(-15 for losing)
|raw|greatluke's rating: 1503 &rarr; <strong>1518<\/strong><br \/>(+15 for winning)
|c|âgreatluke|gg
|c|âWaffleMuncher|gg
|c|âgreatluke|the hax
|c|âWaffleMuncher|some crazy hax there
|c|âgreatluke|:)
|c|âgreatluke|so funny
|c|âgreatluke|yep
|leave|WaffleMuncher
|player|p1