|join|GreatLuke
|join|will i lose
|player|p1|GreatLuke|290
|player|p2|will i lose|264
|gametype|singles
|gen|6
|tier|OU
|rated
|clearpoke
|poke|p1|Alakazam, F, shiny
|poke|p1|Excadrill, M
|poke|p1|Tyranitar, M
|poke|p1|Clefable, F, shiny
|poke|p1|Charizard, M
|poke|p1|Ferrothorn, F
|poke|p2|Diggersby, F
|poke|p2|Magnezone
|poke|p2|Keldeo
|poke|p2|Empoleon, F
|poke|p2|Landorus, M
|poke|p2|Lopunny, M
|rule|Swagger Clause: Swagger is banned
|rule|Baton Pass Clause: Limit one PokÃ©mon knowing Baton Pass
|rule|Sleep Clause Mod: Limit one foe put to sleep
|rule|Species Clause: Limit one of each PokÃ©mon
|rule|OHKO Clause: OHKO moves are banned
|rule|Moody Clause: Moody is banned
|rule|Evasion Moves Clause: Evasion moves are banned
|rule|Endless Battle Clause: Forcing endless battles is banned
|rule|HP Percentage Mod: HP is shown in percentages
|teampreview
|
|start
|switch|p1a: Zary|Charizard, M|297\/297
|switch|p2a: Lopunny|Lopunny, M|271\/271
|turn|1
|
|switch|p1a: Cactusssssssss|Ferrothorn, F|351\/351
|detailschange|p2a: Lopunny|Lopunny-Mega, M
|-mega|p2a: Lopunny|Lopunny|Lopunnite
|move|p2a: Lopunny|Fake Out|p1a: Cactusssssssss
|-resisted|p1a: Cactusssssssss
|-damage|p1a: Cactusssssssss|321\/351
|-damage|p2a: Lopunny|238\/271|[from] ability: Iron Barbs|[of] p1a: Cactusssssssss
|-damage|p2a: Lopunny|193\/271|[from] item: Rocky Helmet|[of] p1a: Cactusssssssss
|
|turn|2
|c|âwill i lose|protect
|c|âwill i lose|lmfao
|c|âwill i lose|nice counter bub
|c|âGreatLuke|?
|
|switch|p2a: Magnezone|Magnezone|281\/281
|switch|p1a: CleFabulous|Clefable, F, shiny|393\/393
|
|turn|3
|
|move|p1a: CleFabulous|Protect|p1a: CleFabulous
|-singleturn|p1a: CleFabulous|Protect
|move|p2a: Magnezone|Volt Switch|p1a: CleFabulous
|-activate|p1a: CleFabulous|Protect
|
|turn|4
|
|switch|p1a: Ex-Boyfriend|Excadrill, M|373\/373
|-item|p1a: Ex-Boyfriend|Air Balloon
|move|p2a: Magnezone|Volt Switch|p1a: Ex-Boyfriend
|-immune|p1a: Ex-Boyfriend|[msg]
|
|turn|5
|
|switch|p2a: Empoleon|Empoleon, F|372\/372
|move|p1a: Ex-Boyfriend|Iron Head|p2a: Empoleon
|-resisted|p2a: Empoleon
|-damage|p2a: Empoleon|336\/372
|
|-heal|p2a: Empoleon|359\/372|[from] item: Leftovers
|turn|6
|
|move|p1a: Ex-Boyfriend|Earthquake|p2a: Empoleon
|-crit|p2a: Empoleon
|-supereffective|p2a: Empoleon
|-damage|p2a: Empoleon|0 fnt
|faint|p2a: Empoleon
|
|c|âGreatLuke|sr
|
|switch|p2a: Lopunny|Lopunny-Mega, M|193\/271
|turn|7
|
|switch|p1a: CleFabulous|Clefable, F, shiny|393\/393
|move|p2a: Lopunny|High Jump Kick|p1a: CleFabulous
|-resisted|p1a: CleFabulous
|-damage|p1a: CleFabulous|281\/393
|
|-heal|p1a: CleFabulous|305\/393|[from] item: Leftovers
|turn|8
|
|switch|p2a: Magnezone|Magnezone|281\/281
|move|p1a: CleFabulous|Moonblast|p2a: Magnezone
|-resisted|p2a: Magnezone
|-damage|p2a: Magnezone|222\/281
|
|-heal|p1a: CleFabulous|329\/393|[from] item: Leftovers
|turn|9
|
|move|p1a: CleFabulous|Protect|p1a: CleFabulous
|-singleturn|p1a: CleFabulous|Protect
|move|p2a: Magnezone|Flash Cannon|p1a: CleFabulous
|-activate|p1a: CleFabulous|Protect
|
|-heal|p1a: CleFabulous|353\/393|[from] item: Leftovers
|turn|10
|
|switch|p2a: Keldeo|Keldeo|323\/323
|switch|p1a: Zary|Charizard, M|297\/297
|
|turn|11
|
|detailschange|p1a: Zary|Charizard-Mega-Y, M
|-mega|p1a: Zary|Charizard|Charizardite Y
|-weather|SunnyDay
|move|p2a: Keldeo|Substitute|p2a: Keldeo
|-start|p2a: Keldeo|Substitute
|-damage|p2a: Keldeo|243\/323
|move|p1a: Zary|Solar Beam|p2a: Keldeo|[still]
|-prepare|p1a: Zary|Solar Beam|p2a: Keldeo
|-anim|p1a: Zary|Solar Beam|p2a: Keldeo
|-supereffective|p2a: Keldeo
|-end|p2a: Keldeo|Substitute
|
|-weather|SunnyDay|[upkeep]
|-heal|p2a: Keldeo|263\/323|[from] item: Leftovers
|turn|12
|
|move|p2a: Keldeo|Scald|p1a: Zary
|-supereffective|p1a: Zary
|-damage|p1a: Zary|177\/297
|move|p1a: Zary|Solar Beam|p2a: Keldeo|[still]
|-prepare|p1a: Zary|Solar Beam|p2a: Keldeo
|-anim|p1a: Zary|Solar Beam|p2a: Keldeo
|-supereffective|p2a: Keldeo
|-damage|p2a: Keldeo|0 fnt
|faint|p2a: Keldeo
|
|-weather|SunnyDay|[upkeep]
|
|switch|p2a: Lopunny|Lopunny-Mega, M|193\/271
|turn|13
|
|switch|p1a: Cactusssssssss|Ferrothorn, F|321\/351
|move|p2a: Lopunny|High Jump Kick|p1a: Cactusssssssss|[miss]
|-miss|p2a: Lopunny|p1a: Cactusssssssss
|-damage|p2a: Lopunny|58\/271|[from] highjumpkick
|
|-weather|SunnyDay|[upkeep]
|turn|14
|
|switch|p1a: Tyrannosaurus|Tyranitar, M|401\/401
|-weather|Sandstorm
|move|p2a: Lopunny|High Jump Kick|p1a: Tyrannosaurus
|-supereffective|p1a: Tyrannosaurus
|-damage|p1a: Tyrannosaurus|0 fnt
|faint|p1a: Tyrannosaurus
|
|-weather|Sandstorm|[upkeep]
|-damage|p2a: Lopunny|42\/271|[from] sandstorm
|
|switch|p1a: Ex-Boyfriend|Excadrill, M|373\/373
|-item|p1a: Ex-Boyfriend|Air Balloon
|turn|15
|
|move|p1a: Ex-Boyfriend|Iron Head|p2a: Lopunny
|-damage|p2a: Lopunny|0 fnt
|faint|p2a: Lopunny
|
|-weather|Sandstorm|[upkeep]
|
|switch|p2a: Landorus|Landorus, M|319\/319
|turn|16
|
|move|p1a: Ex-Boyfriend|Iron Head|p2a: Landorus
|-damage|p2a: Landorus|132\/319
|cant|p2a: Landorus|flinch
|
|-weather|Sandstorm|[upkeep]
|turn|17
|
|switch|p2a: Magnezone|Magnezone|222\/281
|move|p1a: Ex-Boyfriend|Iron Head|p2a: Magnezone
|-resisted|p2a: Magnezone
|-damage|p2a: Magnezone|184\/281
|
|-weather|Sandstorm|[upkeep]
|turn|18
|
|move|p1a: Ex-Boyfriend|Earthquake|p2a: Magnezone
|-supereffective|p2a: Magnezone
|-damage|p2a: Magnezone|0 fnt
|faint|p2a: Magnezone
|
|-weather|Sandstorm|[upkeep]
|leave|will i lose
|join|will i lose
|player|p2
|player|p2|will i lose|264
|
|switch|p2a: Landorus|Landorus, M|132\/319
|turn|19
|
|move|p1a: Ex-Boyfriend|Iron Head|p2a: Landorus
|-damage|p2a: Landorus|0 fnt
|faint|p2a: Landorus
|
|-weather|Sandstorm|[upkeep]
|
|switch|p2a: Play Dirty|Diggersby, F|312\/312
|turn|20
|
|move|p1a: Ex-Boyfriend|Iron Head|p2a: Play Dirty
|-damage|p2a: Play Dirty|113\/312
|move|p2a: Play Dirty|Agility|p2a: Play Dirty
|-boost|p2a: Play Dirty|spe|2
|
|-weather|Sandstorm|[upkeep]
|turn|21
|
|move|p1a: Ex-Boyfriend|Earthquake|p2a: Play Dirty
|-damage|p2a: Play Dirty|0 fnt
|faint|p2a: Play Dirty
|
|win|GreatLuke
|raw|Ladder updating...
|raw|GreatLuke's rating: 1575 &rarr; <strong>1591<\/strong><br \/>(+16 for winning)
|raw|will i lose's rating: 1510 &rarr; <strong>1494<\/strong><br \/>(-16 for losing)