|join|GreatLuke
|join|fuckyoo im asian
|player|p1|GreatLuke|290
|player|p2|fuckyoo im asian|102
|gametype|singles
|gen|6
|tier|OU
|rated
|clearpoke
|poke|p1|Alakazam, F, shiny
|poke|p1|Excadrill, M
|poke|p1|Tyranitar, M
|poke|p1|Clefable, F, shiny
|poke|p1|Charizard, M
|poke|p1|Ferrothorn, F
|poke|p2|Dragalge, F
|poke|p2|Bisharp, F
|poke|p2|Gyarados, M
|poke|p2|Togekiss, F
|poke|p2|Tyranitar, F
|poke|p2|Ferrothorn, M
|rule|Swagger Clause: Swagger is banned
|rule|Baton Pass Clause: Limit one PokÃ©mon knowing Baton Pass
|rule|Sleep Clause Mod: Limit one foe put to sleep
|rule|Species Clause: Limit one of each PokÃ©mon
|rule|OHKO Clause: OHKO moves are banned
|rule|Moody Clause: Moody is banned
|rule|Evasion Moves Clause: Evasion moves are banned
|rule|Endless Battle Clause: Forcing endless battles is banned
|rule|HP Percentage Mod: HP is shown in percentages
|teampreview
|
|start
|switch|p1a: Zary|Charizard, M|297\/297
|switch|p2a: Ferrothorn|Ferrothorn, M|351\/351
|turn|1
|
|detailschange|p1a: Zary|Charizard-Mega-Y, M
|-mega|p1a: Zary|Charizard|Charizardite Y
|-weather|SunnyDay
|move|p2a: Ferrothorn|Protect|p2a: Ferrothorn
|-singleturn|p2a: Ferrothorn|Protect
|move|p1a: Zary|Fire Blast|p2a: Ferrothorn
|-activate|p2a: Ferrothorn|Protect
|
|-weather|SunnyDay|[upkeep]
|turn|2
|
|switch|p2a: Tyranitar|Tyranitar, F|387\/387
|-weather|Sandstorm
|move|p1a: Zary|Focus Blast|p2a: Tyranitar
|-supereffective|p2a: Tyranitar
|-damage|p2a: Tyranitar|0 fnt
|faint|p2a: Tyranitar
|
|-weather|Sandstorm|[upkeep]
|-damage|p1a: Zary|279\/297|[from] sandstorm
|
|switch|p2a: Gyarados|Gyarados, M|359\/359
|turn|3
|
|switch|p1a: CleFabulous|Clefable, F, shiny|393\/393
|move|p2a: Gyarados|Dragon Dance|p2a: Gyarados
|-boost|p2a: Gyarados|atk|1
|-boost|p2a: Gyarados|spe|1
|
|-weather|Sandstorm|[upkeep]
|-damage|p2a: Gyarados|337\/359|[from] sandstorm
|-damage|p1a: CleFabulous|369\/393|[from] sandstorm
|-heal|p2a: Gyarados|359\/359|[from] item: Leftovers
|-heal|p1a: CleFabulous|393\/393|[from] item: Leftovers
|turn|4
|
|move|p2a: Gyarados|Waterfall|p1a: CleFabulous
|-damage|p1a: CleFabulous|269\/393
|move|p1a: CleFabulous|Moonblast|p2a: Gyarados
|-damage|p2a: Gyarados|254\/359
|-unboost|p2a: Gyarados|spa|1
|
|-weather|Sandstorm|[upkeep]
|-damage|p2a: Gyarados|232\/359|[from] sandstorm
|-damage|p1a: CleFabulous|245\/393|[from] sandstorm
|-heal|p2a: Gyarados|254\/359|[from] item: Leftovers
|-heal|p1a: CleFabulous|269\/393|[from] item: Leftovers
|turn|5
|
|move|p2a: Gyarados|Waterfall|p1a: CleFabulous
|-damage|p1a: CleFabulous|136\/393
|cant|p1a: CleFabulous|flinch
|
|-weather|Sandstorm|[upkeep]
|-damage|p2a: Gyarados|232\/359|[from] sandstorm
|-damage|p1a: CleFabulous|112\/393|[from] sandstorm
|-heal|p2a: Gyarados|254\/359|[from] item: Leftovers
|-heal|p1a: CleFabulous|136\/393|[from] item: Leftovers
|turn|6
|c|âGreatLuke|...
|c|âfuckyoo im asian|20% chance dude
|c|âfuckyoo im asian|nothing i can do about it
|
|switch|p1a: Cactusssssssss|Ferrothorn, F|351\/351
|move|p2a: Gyarados|Waterfall|p1a: Cactusssssssss
|-resisted|p1a: Cactusssssssss
|-damage|p1a: Cactusssssssss|267\/351
|-damage|p2a: Gyarados|210\/359|[from] ability: Iron Barbs|[of] p1a: Cactusssssssss
|-damage|p2a: Gyarados|151\/359|[from] item: Rocky Helmet|[of] p1a: Cactusssssssss
|
|-weather|none
|-heal|p2a: Gyarados|173\/359|[from] item: Leftovers
|turn|7
|
|move|p2a: Gyarados|Substitute|p2a: Gyarados
|-start|p2a: Gyarados|Substitute
|-damage|p2a: Gyarados|84\/359
|move|p1a: Cactusssssssss|Gyro Ball|p2a: Gyarados
|-resisted|p2a: Gyarados
|-end|p2a: Gyarados|Substitute
|
|-heal|p2a: Gyarados|106\/359|[from] item: Leftovers
|turn|8
|
|move|p2a: Gyarados|Bounce|p1a: Cactusssssssss|[still]
|-prepare|p2a: Gyarados|Bounce|p1a: Cactusssssssss
|move|p1a: Cactusssssssss|Gyro Ball|p2a: Gyarados|[miss]
|-miss|p1a: Cactusssssssss|p2a: Gyarados
|
|-heal|p2a: Gyarados|128\/359|[from] item: Leftovers
|turn|9
|
|move|p2a: Gyarados|Bounce|p1a: Cactusssssssss
|-damage|p1a: Cactusssssssss|81\/351
|-damage|p2a: Gyarados|84\/359|[from] ability: Iron Barbs|[of] p1a: Cactusssssssss
|-damage|p2a: Gyarados|25\/359|[from] item: Rocky Helmet|[of] p1a: Cactusssssssss
|move|p1a: Cactusssssssss|Thunder Wave|p2a: Gyarados
|-status|p2a: Gyarados|par
|
|-heal|p2a: Gyarados|47\/359 par|[from] item: Leftovers
|turn|10
|
|move|p2a: Gyarados|Waterfall|p1a: Cactusssssssss
|-resisted|p1a: Cactusssssssss
|-damage|p1a: Cactusssssssss|0 fnt
|-damage|p2a: Gyarados|3\/359 par|[from] ability: Iron Barbs|[of] p1a: Cactusssssssss
|-damage|p2a: Gyarados|0 fnt|[from] item: Rocky Helmet|[of] p1a: Cactusssssssss
|faint|p2a: Gyarados
|faint|p1a: Cactusssssssss
|
|
|switch|p1a: Tyrannosaurus|Tyranitar, M|401\/401
|switch|p2a: Dragalge|Dragalge, F|333\/333
|-weather|Sandstorm
|turn|11
|
|move|p1a: Tyrannosaurus|Stealth Rock|p2a: Dragalge
|-sidestart|p2: fuckyoo im asian|move: Stealth Rock
|move|p2a: Dragalge|Draco Meteor|p1a: Tyrannosaurus
|-damage|p1a: Tyrannosaurus|147\/401
|-unboost|p2a: Dragalge|spa|2
|
|-weather|Sandstorm|[upkeep]
|-damage|p2a: Dragalge|313\/333|[from] sandstorm
|turn|12
|
|switch|p2a: Bisharp|Bisharp, F|271\/271
|-damage|p2a: Bisharp|255\/271|[from] Stealth Rock
|move|p1a: Tyrannosaurus|Ice Beam|p2a: Bisharp
|-resisted|p2a: Bisharp
|-damage|p2a: Bisharp|212\/271
|-status|p2a: Bisharp|frz
|
|-weather|Sandstorm|[upkeep]
|turn|13
|
|cant|p2a: Bisharp|frz
|move|p1a: Tyrannosaurus|Earthquake|p2a: Bisharp
|-supereffective|p2a: Bisharp
|-damage|p2a: Bisharp|10\/271 frz
|
|-weather|Sandstorm|[upkeep]
|turn|14
|c|âGreatLuke|sr
|
|cant|p2a: Bisharp|frz
|move|p1a: Tyrannosaurus|Ice Beam|p2a: Bisharp
|-resisted|p2a: Bisharp
|-damage|p2a: Bisharp|0 fnt
|faint|p2a: Bisharp
|
|-weather|Sandstorm|[upkeep]
|
|switch|p2a: Ferrothorn|Ferrothorn, M|351\/351
|-damage|p2a: Ferrothorn|330\/351|[from] Stealth Rock
|turn|15
|
|switch|p1a: Zary|Charizard-Mega-Y, M|279\/297
|-weather|SunnyDay
|move|p2a: Ferrothorn|Gyro Ball|p1a: Zary
|-resisted|p1a: Zary
|-damage|p1a: Zary|169\/297
|
|-weather|SunnyDay|[upkeep]
|turn|16
|
|switch|p2a: Dragalge|Dragalge, F|313\/333
|-damage|p2a: Dragalge|272\/333|[from] Stealth Rock
|move|p1a: Zary|Fire Blast|p2a: Dragalge
|-resisted|p2a: Dragalge
|-damage|p2a: Dragalge|128\/333
|-status|p2a: Dragalge|brn
|
|-weather|SunnyDay|[upkeep]
|-damage|p2a: Dragalge|87\/333 brn|[from] brn
|turn|17
|-message|fuckyoo im asian forfeited.
|leave|fuckyoo im asian
|
|win|GreatLuke
|raw|Ladder updating...
|player|p2
|raw|GreatLuke's rating: 1591 &rarr; <strong>1608<\/strong><br \/>(+17 for winning)
|raw|fuckyoo im asian's rating: 1536 &rarr; <strong>1519<\/strong><br \/>(-17 for losing)