|join|GreatLuke
|join|captainhankmurphy
|player|p1|GreatLuke|290
|player|p2|captainhankmurphy|141
|gametype|singles
|gen|6
|tier|OU
|rated
|clearpoke
|poke|p1|Latios, M
|poke|p1|Excadrill, M
|poke|p1|Tyranitar, M
|poke|p1|Clefable, F, shiny
|poke|p1|Charizard, M
|poke|p1|Ferrothorn, F
|poke|p2|Mandibuzz, F
|poke|p2|Venusaur, M
|poke|p2|Latios, M
|poke|p2|Gengar, F
|poke|p2|Excadrill, M
|poke|p2|Azumarill, F
|rule|Swagger Clause: Swagger is banned
|rule|Baton Pass Clause: Limit one PokÃ©mon knowing Baton Pass
|rule|Sleep Clause Mod: Limit one foe put to sleep
|rule|Species Clause: Limit one of each PokÃ©mon
|rule|OHKO Clause: OHKO moves are banned
|rule|Moody Clause: Moody is banned
|rule|Evasion Moves Clause: Evasion moves are banned
|rule|Endless Battle Clause: Forcing endless battles is banned
|rule|HP Percentage Mod: HP is shown in percentages
|teampreview
|
|start
|switch|p1a: Kaostic|Latios, M|301\/301
|switch|p2a: Excadrill|Excadrill, M|362\/362
|-ability|p2a: Excadrill|Mold Breaker
|turn|1
|
|move|p1a: Kaostic|Surf|p2a: Excadrill
|-supereffective|p2a: Excadrill
|-damage|p2a: Excadrill|38\/362
|move|p2a: Excadrill|Earthquake|p1a: Kaostic
|-damage|p1a: Kaostic|81\/301
|
|turn|2
|
|switch|p1a: Zary|Charizard, M|297\/297
|switch|p2a: Azumarill|Azumarill, F|404\/404
|
|turn|3
|
|switch|p2a: Venusaur|Venusaur, M|364\/364
|detailschange|p1a: Zary|Charizard-Mega-Y, M
|-mega|p1a: Zary|Charizard|Charizardite Y
|-weather|SunnyDay
|move|p1a: Zary|Solar Beam|p2a: Venusaur|[still]
|-prepare|p1a: Zary|Solar Beam|p2a: Venusaur
|-anim|p1a: Zary|Solar Beam|p2a: Venusaur
|-resisted|p2a: Venusaur
|-damage|p2a: Venusaur|320\/364
|
|-weather|SunnyDay|[upkeep]
|turn|4
|
|switch|p2a: Latios|Latios, M|302\/302
|move|p1a: Zary|Fire Blast|p2a: Latios
|-resisted|p2a: Latios
|-damage|p2a: Latios|140\/302
|
|-weather|SunnyDay|[upkeep]
|turn|5
|
|switch|p1a: Tyrannosaurus|Tyranitar, M|401\/401
|-weather|Sandstorm
|move|p2a: Latios|Surf|p1a: Tyrannosaurus
|-supereffective|p1a: Tyrannosaurus
|-damage|p1a: Tyrannosaurus|190\/401
|-damage|p2a: Latios|110\/302|[from] item: Life Orb
|
|-weather|Sandstorm|[upkeep]
|-damage|p2a: Latios|92\/302|[from] sandstorm
|turn|6
|
|switch|p1a: Cactusssssssss|Ferrothorn, F|351\/351
|move|p2a: Latios|Surf|p1a: Cactusssssssss
|-resisted|p1a: Cactusssssssss
|-damage|p1a: Cactusssssssss|299\/351
|-damage|p2a: Latios|62\/302|[from] item: Life Orb
|
|-weather|Sandstorm|[upkeep]
|-damage|p2a: Latios|44\/302|[from] sandstorm
|turn|7
|
|move|p2a: Latios|Hidden Power|p1a: Cactusssssssss
|-supereffective|p1a: Cactusssssssss
|-damage|p1a: Cactusssssssss|8\/351
|-damage|p2a: Latios|14\/302|[from] item: Life Orb
|move|p1a: Cactusssssssss|Thunder Wave|p2a: Latios
|-status|p2a: Latios|par
|
|-weather|Sandstorm|[upkeep]
|-damage|p2a: Latios|0 fnt|[from] sandstorm
|faint|p2a: Latios
|
|switch|p2a: Excadrill|Excadrill, M|38\/362
|-ability|p2a: Excadrill|Mold Breaker
|turn|8
|
|switch|p1a: Ex-Boyfriend|Excadrill, M|373\/373
|-item|p1a: Ex-Boyfriend|Air Balloon
|move|p2a: Excadrill|Rock Slide|p1a: Ex-Boyfriend
|-resisted|p1a: Ex-Boyfriend
|-damage|p1a: Ex-Boyfriend|341\/373
|-enditem|p1a: Ex-Boyfriend|Air Balloon
|
|-weather|Sandstorm|[upkeep]
|turn|9
|
|switch|p2a: Mandibuzz|Mandibuzz, F|424\/424
|move|p1a: Ex-Boyfriend|Iron Head|p2a: Mandibuzz
|-damage|p2a: Mandibuzz|306\/424
|
|-weather|Sandstorm|[upkeep]
|-heal|p2a: Mandibuzz|332\/424|[from] item: Leftovers
|turn|10
|
|switch|p1a: Zary|Charizard-Mega-Y, M|297\/297
|-weather|SunnyDay
|move|p2a: Mandibuzz|Whirlwind|p1a: Zary
|drag|p1a: Ex-Boyfriend|Excadrill, M|341\/373
|
|-weather|SunnyDay|[upkeep]
|-heal|p2a: Mandibuzz|358\/424|[from] item: Leftovers
|turn|11
|
|move|p1a: Ex-Boyfriend|Rock Slide|p2a: Mandibuzz
|-supereffective|p2a: Mandibuzz
|-damage|p2a: Mandibuzz|226\/424
|cant|p2a: Mandibuzz|flinch
|
|-weather|SunnyDay|[upkeep]
|-heal|p2a: Mandibuzz|252\/424|[from] item: Leftovers
|turn|12
|
|switch|p1a: Zary|Charizard-Mega-Y, M|297\/297
|move|p2a: Mandibuzz|Roost|p2a: Mandibuzz
|-heal|p2a: Mandibuzz|424\/424
|
|-weather|SunnyDay|[upkeep]
|turn|13
|
|move|p1a: Zary|Fire Blast|p2a: Mandibuzz
|-damage|p2a: Mandibuzz|55\/424
|move|p2a: Mandibuzz|Knock Off|p1a: Zary
|-damage|p1a: Zary|225\/297
|
|-weather|SunnyDay|[upkeep]
|-heal|p2a: Mandibuzz|81\/424|[from] item: Leftovers
|turn|14
|
|move|p1a: Zary|Fire Blast|p2a: Mandibuzz
|-damage|p2a: Mandibuzz|0 fnt
|faint|p2a: Mandibuzz
|
|-weather|none
|
|switch|p2a: Azumarill|Azumarill, F|404\/404
|turn|15
|
|switch|p1a: Cactusssssssss|Ferrothorn, F|8\/351
|switch|p2a: Excadrill|Excadrill, M|38\/362
|-ability|p2a: Excadrill|Mold Breaker
|
|turn|16
|
|move|p2a: Excadrill|Earthquake|p1a: Cactusssssssss
|-damage|p1a: Cactusssssssss|0 fnt
|faint|p1a: Cactusssssssss
|
|
|switch|p1a: Zary|Charizard-Mega-Y, M|225\/297
|-weather|SunnyDay
|turn|17
|
|switch|p2a: Venusaur|Venusaur, M|320\/364
|move|p1a: Zary|Fire Blast|p2a: Venusaur
|-supereffective|p2a: Venusaur
|-damage|p2a: Venusaur|0 fnt
|faint|p2a: Venusaur
|
|-weather|SunnyDay|[upkeep]
|
|switch|p2a: Excadrill|Excadrill, M|38\/362
|-ability|p2a: Excadrill|Mold Breaker
|turn|18
|
|move|p2a: Excadrill|Earthquake|p1a: Zary
|-immune|p1a: Zary|[msg]
|move|p1a: Zary|Solar Beam|p2a: Excadrill|[still]
|-prepare|p1a: Zary|Solar Beam|p2a: Excadrill
|-anim|p1a: Zary|Solar Beam|p2a: Excadrill
|-damage|p2a: Excadrill|0 fnt
|faint|p2a: Excadrill
|
|-weather|SunnyDay|[upkeep]
|-message|captainhankmurphy forfeited.
|
|win|GreatLuke
|raw|Ladder updating...
|leave|captainhankmurphy
|player|p2
|raw|GreatLuke's rating: 1543 &rarr; <strong>1558<\/strong><br \/>(+15 for winning)
|raw|captainhankmurphy's rating: 1465 &rarr; <strong>1450<\/strong><br \/>(-15 for losing)