|join|sempresolojuve
|join|JTewi
|player|p1|sempresolojuve|92
|player|p2|JTewi|265
|gametype|singles
|gen|6
|tier|OU
|rated
|clearpoke
|poke|p1|Gyarados, M
|poke|p1|Gardevoir, F
|poke|p1|Garchomp, F
|poke|p1|Conkeldurr, M
|poke|p1|Jolteon, M
|poke|p1|Scizor, F
|poke|p2|Venusaur, F
|poke|p2|Victini
|poke|p2|Slowbro, F
|poke|p2|Skarmory, F
|poke|p2|Cresselia, F
|poke|p2|Conkeldurr, M
|rule|Swagger Clause: Swagger is banned
|rule|Baton Pass Clause: Limit one PokÃ©mon knowing Baton Pass
|rule|Sleep Clause Mod: Limit one foe put to sleep
|rule|Species Clause: Limit one of each PokÃ©mon
|rule|OHKO Clause: OHKO moves are banned
|rule|Moody Clause: Moody is banned
|rule|Evasion Moves Clause: Evasion moves are banned
|rule|Endless Battle Clause: Forcing endless battles is banned
|rule|HP Percentage Mod: HP is shown in percentages
|teampreview
|
|start
|switch|p1a: Garchomp|Garchomp, F|389\/389
|switch|p2a: Venusaur|Venusaur, F|363\/363
|turn|1
|
|detailschange|p2a: Venusaur|Venusaur-Mega, F
|-mega|p2a: Venusaur|Venusaur|Venusaurite
|move|p1a: Garchomp|Stealth Rock|p2a: Venusaur
|-sidestart|p2: JTewi|move: Stealth Rock
|move|p2a: Venusaur|Sludge Bomb|p1a: Garchomp
|-resisted|p1a: Garchomp
|-damage|p1a: Garchomp|318\/389
|
|turn|2
|
|move|p1a: Garchomp|Earthquake|p2a: Venusaur
|-damage|p2a: Venusaur|269\/363
|move|p2a: Venusaur|Sludge Bomb|p1a: Garchomp
|-resisted|p1a: Garchomp
|-damage|p1a: Garchomp|246\/389
|
|turn|3
|
|switch|p1a: Conkeldurr|Conkeldurr, M|352\/352
|move|p2a: Venusaur|Giga Drain|p1a: Conkeldurr
|-damage|p1a: Conkeldurr|280\/352
|-heal|p2a: Venusaur|305\/363|[from] drain|[of] p1a: Conkeldurr
|
|turn|4
|
|move|p2a: Venusaur|Giga Drain|p1a: Conkeldurr
|-damage|p1a: Conkeldurr|207\/352
|-heal|p2a: Venusaur|342\/363|[from] drain|[of] p1a: Conkeldurr
|move|p1a: Conkeldurr|Ice Punch|p2a: Venusaur
|-supereffective|p2a: Venusaur
|-damage|p2a: Venusaur|278\/363
|
|turn|5
|
|switch|p1a: Scizor|Scizor, F|313\/313
|move|p2a: Venusaur|Giga Drain|p1a: Scizor
|-resisted|p1a: Scizor
|-damage|p1a: Scizor|284\/313
|-heal|p2a: Venusaur|293\/363|[from] drain|[of] p1a: Scizor
|
|turn|6
|
|move|p2a: Venusaur|Hidden Power|p1a: Scizor
|-damage|p1a: Scizor|216\/313
|move|p1a: Scizor|U-turn|p2a: Venusaur
|-damage|p2a: Venusaur|183\/363
|-damage|p1a: Scizor|185\/313|[from] item: Life Orb
|
|switch|p1a: Gardevoir|Gardevoir, F|309\/309
|-ability|p1a: Gardevoir|Thick Fat|[from] ability: Trace|[of] p2a: Venusaur
|
|turn|7
|
|switch|p2a: Cresselia|Cresselia, F|443\/443
|-damage|p2a: Cresselia|388\/443|[from] Stealth Rock
|detailschange|p1a: Gardevoir|Gardevoir-Mega, F
|-mega|p1a: Gardevoir|Gardevoir|Gardevoirite
|move|p1a: Gardevoir|Psyshock|p2a: Cresselia
|-resisted|p2a: Cresselia
|-damage|p2a: Cresselia|306\/443
|
|-heal|p2a: Cresselia|333\/443|[from] item: Leftovers
|turn|8
|
|switch|p1a: Conkeldurr|Conkeldurr, M|207\/352
|move|p2a: Cresselia|Trick Room|p2a: Cresselia
|-fieldstart|move: Trick Room|[of] p2a: Cresselia
|
|-heal|p2a: Cresselia|360\/443|[from] item: Leftovers
|turn|9
|
|switch|p2a: Venusaur|Venusaur-Mega, F|183\/363
|-damage|p2a: Venusaur|138\/363|[from] Stealth Rock
|move|p1a: Conkeldurr|Knock Off|p2a: Venusaur
|-damage|p2a: Venusaur|84\/363
|
|turn|10
|
|switch|p1a: Gardevoir|Gardevoir-Mega, F|309\/309
|move|p2a: Venusaur|Synthesis|p2a: Venusaur
|-heal|p2a: Venusaur|265\/363
|
|turn|11
|
|switch|p2a: Victini|Victini|341\/341
|-damage|p2a: Victini|256\/341|[from] Stealth Rock
|move|p1a: Gardevoir|Psyshock|p2a: Victini
|-resisted|p2a: Victini
|-damage|p2a: Victini|163\/341
|
|turn|12
|
|move|p1a: Gardevoir|Protect|p1a: Gardevoir
|-singleturn|p1a: Gardevoir|Protect
|move|p2a: Victini|V-create|p1a: Gardevoir
|-activate|p1a: Gardevoir|Protect
|
|-fieldend|move: Trick Room
|turn|13
|
|move|p2a: Victini|V-create|p1a: Gardevoir
|-crit|p1a: Gardevoir
|-damage|p1a: Gardevoir|0 fnt
|-unboost|p2a: Victini|def|1
|-unboost|p2a: Victini|spd|1
|-unboost|p2a: Victini|spe|1
|faint|p1a: Gardevoir
|
|
|switch|p1a: Gyarados|Gyarados, M|363\/363
|-ability|p1a: Gyarados|Intimidate|[of] p2a: Victini
|-unboost|p2a: Victini|atk|1
|turn|14
|
|switch|p2a: Skarmory|Skarmory, F|333\/333
|-damage|p2a: Skarmory|292\/333|[from] Stealth Rock
|move|p1a: Gyarados|Dragon Dance|p1a: Gyarados
|-boost|p1a: Gyarados|atk|1
|-boost|p1a: Gyarados|spe|1
|
|turn|15
|
|move|p1a: Gyarados|Waterfall|p2a: Skarmory
|-damage|p2a: Skarmory|178\/333
|move|p2a: Skarmory|Whirlwind|p1a: Gyarados
|drag|p1a: Garchomp|Garchomp, F|246\/389
|
|turn|16
|
|switch|p2a: Slowbro|Slowbro, F|393\/393
|-damage|p2a: Slowbro|344\/393|[from] Stealth Rock
|move|p1a: Garchomp|Fire Blast|p2a: Slowbro
|-resisted|p2a: Slowbro
|-damage|p2a: Slowbro|299\/393
|
|-heal|p2a: Slowbro|323\/393|[from] item: Leftovers
|turn|17
|
|move|p1a: Garchomp|Toxic|p2a: Slowbro
|-status|p2a: Slowbro|tox
|move|p2a: Slowbro|Scald|p1a: Garchomp
|-damage|p1a: Garchomp|146\/389
|-status|p1a: Garchomp|brn
|
|-heal|p2a: Slowbro|347\/393 tox|[from] item: Leftovers
|-damage|p1a: Garchomp|98\/389 brn|[from] brn
|-damage|p2a: Slowbro|323\/393 tox|[from] psn
|turn|18
|
|move|p1a: Garchomp|Fire Blast|p2a: Slowbro
|-resisted|p2a: Slowbro
|-damage|p2a: Slowbro|284\/393 tox
|move|p2a: Slowbro|Trick Room|p2a: Slowbro
|-fieldstart|move: Trick Room|[of] p2a: Slowbro
|
|-heal|p2a: Slowbro|308\/393 tox|[from] item: Leftovers
|-damage|p2a: Slowbro|260\/393 tox|[from] psn
|-damage|p1a: Garchomp|50\/389 brn|[from] brn
|turn|19
|
|switch|p2a: Venusaur|Venusaur-Mega, F|265\/363
|-damage|p2a: Venusaur|220\/363|[from] Stealth Rock
|move|p1a: Garchomp|Toxic|p2a: Venusaur
|-fail|p2a: Venusaur
|
|-damage|p1a: Garchomp|2\/389 brn|[from] brn
|turn|20
|
|move|p2a: Venusaur|Giga Drain|p1a: Garchomp
|-damage|p1a: Garchomp|0 fnt
|-heal|p2a: Venusaur|221\/363|[from] drain|[of] p1a: Garchomp
|faint|p1a: Garchomp
|
|
|switch|p1a: Scizor|Scizor, F|185\/313
|turn|21
|
|move|p1a: Scizor|Roost|p1a: Scizor
|-heal|p1a: Scizor|313\/313
|move|p2a: Venusaur|Synthesis|p2a: Venusaur
|-heal|p2a: Venusaur|363\/363
|
|turn|22
|
|switch|p2a: Skarmory|Skarmory, F|178\/333
|-damage|p2a: Skarmory|137\/333|[from] Stealth Rock
|move|p1a: Scizor|U-turn|p2a: Skarmory
|-resisted|p2a: Skarmory
|-damage|p2a: Skarmory|112\/333
|-damage|p1a: Scizor|282\/313|[from] item: Life Orb
|
|switch|p1a: Jolteon|Jolteon, M|272\/272
|
|-fieldend|move: Trick Room
|turn|23
|
|switch|p2a: Venusaur|Venusaur-Mega, F|363\/363
|-damage|p2a: Venusaur|318\/363|[from] Stealth Rock
|move|p1a: Jolteon|Volt Switch|p2a: Venusaur
|-resisted|p2a: Venusaur
|-damage|p2a: Venusaur|239\/363
|
|switch|p1a: Scizor|Scizor, F|282\/313
|
|turn|24
|
|move|p2a: Venusaur|Synthesis|p2a: Venusaur
|-heal|p2a: Venusaur|363\/363
|move|p1a: Scizor|U-turn|p2a: Venusaur
|-damage|p2a: Venusaur|249\/363
|-damage|p1a: Scizor|251\/313|[from] item: Life Orb
|
|switch|p1a: Gyarados|Gyarados, M|363\/363
|-ability|p1a: Gyarados|Intimidate|[of] p2a: Venusaur
|-unboost|p2a: Venusaur|atk|1
|
|turn|25
|
|move|p1a: Gyarados|Substitute|p1a: Gyarados
|-start|p1a: Gyarados|Substitute
|-damage|p1a: Gyarados|273\/363
|move|p2a: Venusaur|Giga Drain|p1a: Gyarados
|-end|p1a: Gyarados|Substitute
|-heal|p2a: Venusaur|294\/363|[from] drain|[of] p1a: Gyarados
|
|-heal|p1a: Gyarados|295\/363|[from] item: Leftovers
|turn|26
|
|move|p1a: Gyarados|Dragon Dance|p1a: Gyarados
|-boost|p1a: Gyarados|atk|1
|-boost|p1a: Gyarados|spe|1
|move|p2a: Venusaur|Giga Drain|p1a: Gyarados
|-damage|p1a: Gyarados|192\/363
|-heal|p2a: Venusaur|346\/363|[from] drain|[of] p1a: Gyarados
|
|-heal|p1a: Gyarados|214\/363|[from] item: Leftovers
|turn|27
|
|move|p1a: Gyarados|Dragon Dance|p1a: Gyarados
|-boost|p1a: Gyarados|atk|1
|-boost|p1a: Gyarados|spe|1
|move|p2a: Venusaur|Giga Drain|p1a: Gyarados
|-damage|p1a: Gyarados|114\/363
|-heal|p2a: Venusaur|363\/363|[from] drain|[of] p1a: Gyarados
|
|-heal|p1a: Gyarados|136\/363|[from] item: Leftovers
|turn|28
|
|move|p1a: Gyarados|Bounce|p2a: Venusaur|[still]
|-prepare|p1a: Gyarados|Bounce|p2a: Venusaur
|move|p2a: Venusaur|Giga Drain|p1a: Gyarados|[miss]
|-miss|p2a: Venusaur|p1a: Gyarados
|
|-heal|p1a: Gyarados|158\/363|[from] item: Leftovers
|turn|29
|
|switch|p2a: Victini|Victini|163\/341
|-damage|p2a: Victini|78\/341|[from] Stealth Rock
|move|p1a: Gyarados|Bounce|p2a: Victini|[miss]
|-miss|p1a: Gyarados|p2a: Victini
|
|-heal|p1a: Gyarados|180\/363|[from] item: Leftovers
|turn|30
|
|move|p1a: Gyarados|Waterfall|p2a: Victini
|-supereffective|p2a: Victini
|-damage|p2a: Victini|0 fnt
|faint|p2a: Victini
|
|-heal|p1a: Gyarados|202\/363|[from] item: Leftovers
|
|switch|p2a: Slowbro|Slowbro, F|391\/393 tox
|-damage|p2a: Slowbro|342\/393 tox|[from] Stealth Rock
|turn|31
|
|move|p1a: Gyarados|Substitute|p1a: Gyarados
|-start|p1a: Gyarados|Substitute
|-damage|p1a: Gyarados|112\/363
|move|p2a: Slowbro|Trick Room|p2a: Slowbro
|-fieldstart|move: Trick Room|[of] p2a: Slowbro
|
|-heal|p2a: Slowbro|366\/393 tox|[from] item: Leftovers
|-heal|p1a: Gyarados|134\/363|[from] item: Leftovers
|-damage|p2a: Slowbro|342\/393 tox|[from] psn
|turn|32
|
|switch|p2a: Venusaur|Venusaur-Mega, F|363\/363
|-damage|p2a: Venusaur|318\/363|[from] Stealth Rock
|move|p1a: Gyarados|Bounce|p2a: Venusaur|[still]
|-prepare|p1a: Gyarados|Bounce|p2a: Venusaur
|
|-heal|p1a: Gyarados|156\/363|[from] item: Leftovers
|turn|33
|
|switch|p2a: Skarmory|Skarmory, F|112\/333
|-damage|p2a: Skarmory|71\/333|[from] Stealth Rock
|move|p1a: Gyarados|Bounce|p2a: Skarmory
|-resisted|p2a: Skarmory
|-damage|p2a: Skarmory|0 fnt
|faint|p2a: Skarmory
|
|-heal|p1a: Gyarados|178\/363|[from] item: Leftovers
|
|switch|p2a: Conkeldurr|Conkeldurr, M|413\/413
|-damage|p2a: Conkeldurr|388\/413|[from] Stealth Rock
|turn|34
|
|move|p2a: Conkeldurr|Thunder Punch|p1a: Gyarados
|-supereffective|p1a: Gyarados
|-end|p1a: Gyarados|Substitute
|move|p1a: Gyarados|Bounce|p2a: Conkeldurr|[still]
|-prepare|p1a: Gyarados|Bounce|p2a: Conkeldurr
|
|-heal|p1a: Gyarados|200\/363|[from] item: Leftovers
|turn|35
|
|switch|p2a: Slowbro|Slowbro, F|393\/393 tox
|-damage|p2a: Slowbro|344\/393 tox|[from] Stealth Rock
|move|p1a: Gyarados|Bounce|p2a: Slowbro
|-damage|p2a: Slowbro|172\/393 tox
|
|-heal|p2a: Slowbro|196\/393 tox|[from] item: Leftovers
|-heal|p1a: Gyarados|222\/363|[from] item: Leftovers
|-damage|p2a: Slowbro|172\/393 tox|[from] psn
|-fieldend|move: Trick Room
|turn|36
|
|move|p1a: Gyarados|Substitute|p1a: Gyarados
|-start|p1a: Gyarados|Substitute
|-damage|p1a: Gyarados|132\/363
|move|p2a: Slowbro|Trick Room|p2a: Slowbro
|-fieldstart|move: Trick Room|[of] p2a: Slowbro
|
|-heal|p2a: Slowbro|196\/393 tox|[from] item: Leftovers
|-heal|p1a: Gyarados|154\/363|[from] item: Leftovers
|-damage|p2a: Slowbro|148\/393 tox|[from] psn
|turn|37
|
|switch|p2a: Conkeldurr|Conkeldurr, M|388\/413
|-damage|p2a: Conkeldurr|363\/413|[from] Stealth Rock
|move|p1a: Gyarados|Bounce|p2a: Conkeldurr|[still]
|-prepare|p1a: Gyarados|Bounce|p2a: Conkeldurr
|
|-heal|p1a: Gyarados|176\/363|[from] item: Leftovers
|turn|38
|
|move|p2a: Conkeldurr|Thunder Punch|p1a: Gyarados|[miss]
|-miss|p2a: Conkeldurr|p1a: Gyarados
|move|p1a: Gyarados|Bounce|p2a: Conkeldurr
|-supereffective|p2a: Conkeldurr
|-damage|p2a: Conkeldurr|0 fnt
|faint|p2a: Conkeldurr
|
|-heal|p1a: Gyarados|198\/363|[from] item: Leftovers
|c|âJTewi|wait
|-message|JTewi forfeited.
|leave|JTewi
|
|win|sempresolojuve
|raw|Ladder updating...
|player|p2
|raw|sempresolojuve's rating: 1626 &rarr; <strong>1644<\/strong><br \/>(+18 for winning)
|raw|JTewi's rating: 1594 &rarr; <strong>1575<\/strong><br \/>(-19 for losing)