|join|JTewi
|join|matchomane
|player|p1|JTewi|101
|player|p2|matchomane|141
|gametype|singles
|gen|6
|tier|OU
|rated
|clearpoke
|poke|p1|Tyranitar, M
|poke|p1|Clefable, M
|poke|p1|Heatran, M
|poke|p1|Latias, F
|poke|p1|Politoed, M
|poke|p1|Chesnaught, M
|poke|p2|Ferrothorn, M
|poke|p2|Medicham, M
|poke|p2|Sylveon, M
|poke|p2|Celebi
|poke|p2|Slowbro, M
|poke|p2|Starmie
|rule|Swagger Clause: Swagger is banned
|rule|Baton Pass Clause: Limit one PokÃ©mon knowing Baton Pass
|rule|Sleep Clause Mod: Limit one foe put to sleep
|rule|Species Clause: Limit one of each PokÃ©mon
|rule|OHKO Clause: OHKO moves are banned
|rule|Moody Clause: Moody is banned
|rule|Evasion Moves Clause: Evasion moves are banned
|rule|Endless Battle Clause: Forcing endless battles is banned
|rule|HP Percentage Mod: HP is shown in percentages
|teampreview
|
|start
|switch|p1a: Politoed|Politoed, M|372\/372
|switch|p2a: Medicham|Medicham, M|261\/261
|turn|1
|
|move|p2a: Medicham|High Jump Kick|p1a: Politoed
|-damage|p1a: Politoed|0 fnt
|-damage|p2a: Medicham|235\/261|[from] item: Life Orb
|faint|p1a: Politoed
|
|
|switch|p1a: Chesnaught|Chesnaught, M|379\/379
|turn|2
|
|switch|p1a: Tyranitar|Tyranitar, M|341\/341
|-weather|Sandstorm
|move|p2a: Medicham|Zen Headbutt|p1a: Tyranitar
|-immune|p1a: Tyranitar|[msg]
|
|-weather|Sandstorm|[upkeep]
|-damage|p2a: Medicham|219\/261|[from] sandstorm
|turn|3
|
|switch|p1a: Clefable|Clefable, M|394\/394
|move|p2a: Medicham|High Jump Kick|p1a: Clefable
|-resisted|p1a: Clefable
|-damage|p1a: Clefable|234\/394
|-damage|p2a: Medicham|193\/261|[from] item: Life Orb
|
|-weather|Sandstorm|[upkeep]
|-damage|p2a: Medicham|177\/261|[from] sandstorm
|-heal|p1a: Clefable|258\/394|[from] item: Leftovers
|turn|4
|
|move|p2a: Medicham|Zen Headbutt|p1a: Clefable
|-damage|p1a: Clefable|54\/394
|-damage|p2a: Medicham|151\/261|[from] item: Life Orb
|move|p1a: Clefable|Thunder Wave|p2a: Medicham
|-status|p2a: Medicham|par
|
|-weather|Sandstorm|[upkeep]
|-damage|p2a: Medicham|135\/261 par|[from] sandstorm
|-heal|p1a: Clefable|78\/394|[from] item: Leftovers
|turn|5
|
|move|p1a: Clefable|Soft-Boiled|p1a: Clefable
|-heal|p1a: Clefable|275\/394
|move|p2a: Medicham|Zen Headbutt|p1a: Clefable
|-damage|p1a: Clefable|92\/394
|-damage|p2a: Medicham|109\/261 par|[from] item: Life Orb
|
|-weather|Sandstorm|[upkeep]
|-damage|p2a: Medicham|93\/261 par|[from] sandstorm
|-heal|p1a: Clefable|116\/394|[from] item: Leftovers
|turn|6
|
|switch|p2a: Celebi|Celebi|404\/404
|move|p1a: Clefable|Soft-Boiled|p1a: Clefable
|-heal|p1a: Clefable|313\/394
|
|-weather|none
|-heal|p1a: Clefable|337\/394|[from] item: Leftovers
|turn|7
|
|switch|p1a: Heatran|Heatran, M|386\/386
|move|p2a: Celebi|Calm Mind|p2a: Celebi
|-boost|p2a: Celebi|spa|1
|-boost|p2a: Celebi|spd|1
|
|turn|8
|
|move|p2a: Celebi|Calm Mind|p2a: Celebi
|-boost|p2a: Celebi|spa|1
|-boost|p2a: Celebi|spd|1
|move|p1a: Heatran|Roar|p2a: Celebi
|drag|p2a: Slowbro|Slowbro, M|394\/394
|
|turn|9
|
|move|p1a: Heatran|Stealth Rock|p2a: Slowbro
|-sidestart|p2: matchomane|move: Stealth Rock
|move|p2a: Slowbro|Scald|p1a: Heatran
|-supereffective|p1a: Heatran
|-damage|p1a: Heatran|188\/386
|
|-heal|p1a: Heatran|212\/386|[from] item: Leftovers
|turn|10
|
|switch|p1a: Chesnaught|Chesnaught, M|379\/379
|move|p2a: Slowbro|Scald|p1a: Chesnaught
|-resisted|p1a: Chesnaught
|-damage|p1a: Chesnaught|311\/379
|-status|p1a: Chesnaught|brn
|
|-heal|p1a: Chesnaught|334\/379 brn|[from] item: Leftovers
|-damage|p1a: Chesnaught|287\/379 brn|[from] brn
|turn|11
|
|switch|p1a: Clefable|Clefable, M|337\/394
|move|p2a: Slowbro|Psyshock|p1a: Clefable
|-damage|p1a: Clefable|253\/394
|
|-heal|p1a: Clefable|277\/394|[from] item: Leftovers
|turn|12
|
|switch|p2a: Celebi|Celebi|404\/404
|-damage|p2a: Celebi|354\/404|[from] Stealth Rock
|move|p1a: Clefable|Heal Bell|p1a: Clefable
|-cureteam|p1a: Clefable|[from] move: HealBell
|
|-heal|p2a: Celebi|379\/404|[from] item: Leftovers
|-heal|p1a: Clefable|301\/394|[from] item: Leftovers
|turn|13
|
|switch|p1a: Heatran|Heatran, M|212\/386
|move|p2a: Celebi|Calm Mind|p2a: Celebi
|-boost|p2a: Celebi|spa|1
|-boost|p2a: Celebi|spd|1
|
|-heal|p2a: Celebi|404\/404|[from] item: Leftovers
|-heal|p1a: Heatran|236\/386|[from] item: Leftovers
|turn|14
|
|move|p2a: Celebi|Giga Drain|p1a: Heatran
|-resisted|p1a: Heatran
|-damage|p1a: Heatran|208\/386
|move|p1a: Heatran|Roar|p2a: Celebi
|drag|p2a: Medicham|Medicham, M|93\/261 par
|-damage|p2a: Medicham|77\/261 par|[from] Stealth Rock
|
|-heal|p1a: Heatran|232\/386|[from] item: Leftovers
|turn|15
|
|move|p1a: Heatran|Protect|p1a: Heatran
|-singleturn|p1a: Heatran|Protect
|move|p2a: Medicham|Fake Out|p1a: Heatran
|-activate|p1a: Heatran|Protect
|
|-heal|p1a: Heatran|256\/386|[from] item: Leftovers
|turn|16
|
|switch|p1a: Clefable|Clefable, M|301\/394
|switch|p2a: Starmie|Starmie|324\/324
|-damage|p2a: Starmie|284\/324|[from] Stealth Rock
|
|-heal|p2a: Starmie|304\/324|[from] item: Leftovers
|-heal|p1a: Clefable|325\/394|[from] item: Leftovers
|turn|17
|
|move|p2a: Starmie|Rapid Spin|p1a: Clefable
|-damage|p1a: Clefable|314\/394
|-sideend|p2: matchomane|Stealth Rock|[from] move: Rapid Spin|[of] p2a: Starmie
|move|p1a: Clefable|Moonblast|p2a: Starmie
|-damage|p2a: Starmie|175\/324
|
|-heal|p2a: Starmie|195\/324|[from] item: Leftovers
|-heal|p1a: Clefable|338\/394|[from] item: Leftovers
|turn|18
|
|switch|p2a: Celebi|Celebi|404\/404
|switch|p1a: Latias|Latias, F|364\/364
|
|turn|19
|
|detailschange|p1a: Latias|Latias-Mega, F
|-mega|p1a: Latias|Latias|Latiasite
|move|p2a: Celebi|Calm Mind|p2a: Celebi
|-boost|p2a: Celebi|spa|1
|-boost|p2a: Celebi|spd|1
|move|p1a: Latias|Psyshock|p2a: Celebi
|-resisted|p2a: Celebi
|-damage|p2a: Celebi|344\/404
|
|-heal|p2a: Celebi|369\/404|[from] item: Leftovers
|turn|20
|
|switch|p1a: Heatran|Heatran, M|256\/386
|move|p2a: Celebi|Calm Mind|p2a: Celebi
|-boost|p2a: Celebi|spa|1
|-boost|p2a: Celebi|spd|1
|
|-heal|p2a: Celebi|394\/404|[from] item: Leftovers
|-heal|p1a: Heatran|280\/386|[from] item: Leftovers
|turn|21
|
|move|p2a: Celebi|Psychic|p1a: Heatran
|-resisted|p1a: Heatran
|-damage|p1a: Heatran|180\/386
|-unboost|p1a: Heatran|spd|1
|move|p1a: Heatran|Stealth Rock|p2a: Celebi
|-sidestart|p2: matchomane|move: Stealth Rock
|
|-heal|p2a: Celebi|404\/404|[from] item: Leftovers
|-heal|p1a: Heatran|204\/386|[from] item: Leftovers
|turn|22
|
|switch|p1a: Tyranitar|Tyranitar, M|341\/341
|-weather|Sandstorm
|move|p2a: Celebi|Psychic|p1a: Tyranitar
|-immune|p1a: Tyranitar|[msg]
|
|-weather|Sandstorm|[upkeep]
|-damage|p2a: Celebi|379\/404|[from] sandstorm
|-heal|p2a: Celebi|404\/404|[from] item: Leftovers
|turn|23
|
|move|p1a: Tyranitar|Pursuit|p2a: Celebi
|-crit|p2a: Celebi
|-supereffective|p2a: Celebi
|-damage|p2a: Celebi|188\/404
|move|p2a: Celebi|Baton Pass|p2a: Celebi
|
|switch|p2a: Ferrothorn|Ferrothorn, M|290\/290
|-damage|p2a: Ferrothorn|272\/290|[from] Stealth Rock
|
|-weather|Sandstorm|[upkeep]
|-heal|p2a: Ferrothorn|290\/290|[from] item: Leftovers
|turn|24
|
|switch|p1a: Chesnaught|Chesnaught, M|287\/379
|move|p2a: Ferrothorn|Leech Seed|p1a: Chesnaught
|-immune|p1a: Chesnaught|[msg]
|
|-weather|Sandstorm|[upkeep]
|-damage|p1a: Chesnaught|264\/379|[from] sandstorm
|-heal|p1a: Chesnaught|287\/379|[from] item: Leftovers
|turn|25
|
|move|p1a: Chesnaught|Drain Punch|p2a: Ferrothorn
|-supereffective|p2a: Ferrothorn
|-damage|p2a: Ferrothorn|162\/290
|-heal|p1a: Chesnaught|351\/379|[from] drain|[of] p2a: Ferrothorn
|-damage|p1a: Chesnaught|304\/379|[from] ability: Iron Barbs|[of] p2a: Ferrothorn
|move|p2a: Ferrothorn|Spikes|p1a: Chesnaught
|-sidestart|p1: JTewi|Spikes
|
|-weather|Sandstorm|[upkeep]
|-damage|p1a: Chesnaught|281\/379|[from] sandstorm
|-heal|p1a: Chesnaught|304\/379|[from] item: Leftovers
|-heal|p2a: Ferrothorn|180\/290|[from] item: Leftovers
|turn|26
|
|move|p2a: Ferrothorn|Protect|p2a: Ferrothorn
|-singleturn|p2a: Ferrothorn|Protect
|move|p1a: Chesnaught|Drain Punch|p2a: Ferrothorn
|-activate|p2a: Ferrothorn|Protect
|
|-weather|none
|-heal|p1a: Chesnaught|327\/379|[from] item: Leftovers
|-heal|p2a: Ferrothorn|198\/290|[from] item: Leftovers
|turn|27
|
|move|p1a: Chesnaught|Drain Punch|p2a: Ferrothorn
|-supereffective|p2a: Ferrothorn
|-damage|p2a: Ferrothorn|78\/290
|-heal|p1a: Chesnaught|379\/379|[from] drain|[of] p2a: Ferrothorn
|-damage|p1a: Chesnaught|332\/379|[from] ability: Iron Barbs|[of] p2a: Ferrothorn
|move|p2a: Ferrothorn|Spikes|p1a: Chesnaught
|-sidestart|p1: JTewi|Spikes
|
|-heal|p1a: Chesnaught|355\/379|[from] item: Leftovers
|-heal|p2a: Ferrothorn|96\/290|[from] item: Leftovers
|turn|28
|
|move|p2a: Ferrothorn|Protect|p2a: Ferrothorn
|-singleturn|p2a: Ferrothorn|Protect
|move|p1a: Chesnaught|Substitute|p1a: Chesnaught
|-start|p1a: Chesnaught|Substitute
|-damage|p1a: Chesnaught|261\/379
|
|-heal|p1a: Chesnaught|284\/379|[from] item: Leftovers
|-heal|p2a: Ferrothorn|114\/290|[from] item: Leftovers
|turn|29
|
|switch|p2a: Sylveon|Sylveon, M|394\/394
|-damage|p2a: Sylveon|345\/394|[from] Stealth Rock
|move|p1a: Chesnaught|Drain Punch|p2a: Sylveon
|-resisted|p2a: Sylveon
|-damage|p2a: Sylveon|289\/394
|-heal|p1a: Chesnaught|312\/379|[from] drain|[of] p2a: Sylveon
|
|-heal|p1a: Chesnaught|335\/379|[from] item: Leftovers
|-heal|p2a: Sylveon|313\/394|[from] item: Leftovers
|turn|30
|
|switch|p1a: Heatran|Heatran, M|204\/386
|-damage|p1a: Heatran|140\/386|[from] Spikes
|move|p2a: Sylveon|Heal Bell|p2a: Sylveon
|-cureteam|p2a: Sylveon|[from] move: HealBell
|
|-heal|p1a: Heatran|164\/386|[from] item: Leftovers
|-heal|p2a: Sylveon|337\/394|[from] item: Leftovers
|turn|31
|
|switch|p2a: Starmie|Starmie|195\/324
|-damage|p2a: Starmie|155\/324|[from] Stealth Rock
|move|p1a: Heatran|Lava Plume|p2a: Starmie
|-resisted|p2a: Starmie
|-damage|p2a: Starmie|88\/324
|
|-heal|p2a: Starmie|108\/324|[from] item: Leftovers
|-heal|p1a: Heatran|188\/386|[from] item: Leftovers
|turn|32
|
|switch|p1a: Latias|Latias-Mega, F|364\/364
|move|p2a: Starmie|Recover|p2a: Starmie
|-heal|p2a: Starmie|270\/324
|
|-heal|p2a: Starmie|290\/324|[from] item: Leftovers
|turn|33
|
|move|p2a: Starmie|Rapid Spin|p1a: Latias
|-damage|p1a: Latias|356\/364
|-sideend|p2: matchomane|Stealth Rock|[from] move: Rapid Spin|[of] p2a: Starmie
|move|p1a: Latias|Defog|p2a: Starmie
|-unboost|p2a: Starmie|evasion|1
|-sideend|p1: JTewi|Spikes|[from] move: Defog|[of] p1a: Latias
|
|-heal|p2a: Starmie|310\/324|[from] item: Leftovers
|turn|34
|
|move|p2a: Starmie|Scald|p1a: Latias
|-resisted|p1a: Latias
|-damage|p1a: Latias|325\/364
|move|p1a: Latias|Earthquake|p2a: Starmie
|-damage|p2a: Starmie|216\/324
|
|-heal|p2a: Starmie|236\/324|[from] item: Leftovers
|turn|35
|
|move|p2a: Starmie|Scald|p1a: Latias
|-resisted|p1a: Latias
|-damage|p1a: Latias|293\/364
|move|p1a: Latias|Psyshock|p2a: Starmie
|-resisted|p2a: Starmie
|-damage|p2a: Starmie|167\/324
|
|-heal|p2a: Starmie|187\/324|[from] item: Leftovers
|turn|36
|
|move|p2a: Starmie|Recover|p2a: Starmie
|-heal|p2a: Starmie|324\/324
|move|p1a: Latias|Earthquake|p2a: Starmie
|-damage|p2a: Starmie|236\/324
|
|-heal|p2a: Starmie|256\/324|[from] item: Leftovers
|turn|37
|
|switch|p2a: Celebi|Celebi|188\/404
|switch|p1a: Clefable|Clefable, M|338\/394
|
|-heal|p2a: Celebi|213\/404|[from] item: Leftovers
|-heal|p1a: Clefable|362\/394|[from] item: Leftovers
|turn|38
|
|switch|p1a: Heatran|Heatran, M|188\/386
|move|p2a: Celebi|Calm Mind|p2a: Celebi
|-boost|p2a: Celebi|spa|1
|-boost|p2a: Celebi|spd|1
|
|-heal|p2a: Celebi|238\/404|[from] item: Leftovers
|-heal|p1a: Heatran|212\/386|[from] item: Leftovers
|turn|39
|
|move|p2a: Celebi|Psychic|p1a: Heatran
|-resisted|p1a: Heatran
|-damage|p1a: Heatran|137\/386
|move|p1a: Heatran|Lava Plume|p2a: Celebi
|-supereffective|p2a: Celebi
|-damage|p2a: Celebi|82\/404
|
|-heal|p2a: Celebi|107\/404|[from] item: Leftovers
|-heal|p1a: Heatran|161\/386|[from] item: Leftovers
|turn|40
|
|move|p2a: Celebi|Baton Pass|p2a: Celebi
|
|switch|p2a: Slowbro|Slowbro, M|394\/394
|move|p1a: Heatran|Roar|p2a: Slowbro
|drag|p2a: Medicham|Medicham, M|77\/261
|
|-heal|p1a: Heatran|185\/386|[from] item: Leftovers
|turn|41
|
|switch|p1a: Latias|Latias-Mega, F|293\/364
|move|p2a: Medicham|Fake Out|p1a: Latias
|-damage|p1a: Latias|246\/364
|-damage|p2a: Medicham|51\/261|[from] item: Life Orb
|
|turn|42
|
|switch|p2a: Ferrothorn|Ferrothorn, M|114\/290
|move|p1a: Latias|Earthquake|p2a: Ferrothorn
|-damage|p2a: Ferrothorn|66\/290
|
|-heal|p2a: Ferrothorn|84\/290|[from] item: Leftovers
|turn|43
|
|switch|p1a: Chesnaught|Chesnaught, M|335\/379
|move|p2a: Ferrothorn|Leech Seed|p1a: Chesnaught
|-immune|p1a: Chesnaught|[msg]
|
|-heal|p1a: Chesnaught|358\/379|[from] item: Leftovers
|-heal|p2a: Ferrothorn|102\/290|[from] item: Leftovers
|turn|44
|
|switch|p2a: Slowbro|Slowbro, M|394\/394
|move|p1a: Chesnaught|Drain Punch|p2a: Slowbro
|-resisted|p2a: Slowbro
|-damage|p2a: Slowbro|360\/394
|-heal|p1a: Chesnaught|375\/379|[from] drain|[of] p2a: Slowbro
|
|-heal|p1a: Chesnaught|379\/379|[from] item: Leftovers
|turn|45
|
|move|p1a: Chesnaught|Leech Seed|p2a: Slowbro
|-start|p2a: Slowbro|move: Leech Seed
|move|p2a: Slowbro|Psyshock|p1a: Chesnaught
|-supereffective|p1a: Chesnaught
|-damage|p1a: Chesnaught|229\/379
|
|-heal|p1a: Chesnaught|252\/379|[from] item: Leftovers
|-damage|p2a: Slowbro|311\/394|[from] Leech Seed|[of] p1a: Chesnaught
|-heal|p1a: Chesnaught|301\/379|[silent]
|turn|46
|
|switch|p1a: Tyranitar|Tyranitar, M|341\/341
|-weather|Sandstorm
|switch|p2a: Sylveon|Sylveon, M|337\/394
|
|-weather|Sandstorm|[upkeep]
|-damage|p2a: Sylveon|313\/394|[from] sandstorm
|-heal|p2a: Sylveon|337\/394|[from] item: Leftovers
|turn|47
|
|switch|p1a: Heatran|Heatran, M|185\/386
|move|p2a: Sylveon|Wish|p2a: Sylveon
|
|-weather|Sandstorm|[upkeep]
|-damage|p2a: Sylveon|313\/394|[from] sandstorm
|-heal|p1a: Heatran|209\/386|[from] item: Leftovers
|-heal|p2a: Sylveon|337\/394|[from] item: Leftovers
|turn|48
|
|move|p1a: Heatran|Lava Plume|p2a: Sylveon
|-damage|p2a: Sylveon|247\/394
|move|p2a: Sylveon|Hyper Voice|p1a: Heatran
|-resisted|p1a: Heatran
|-damage|p1a: Heatran|165\/386
|
|-weather|Sandstorm|[upkeep]
|-damage|p2a: Sylveon|223\/394|[from] sandstorm
|-heal|p2a: Sylveon|394\/394|[from] move: Wish|[wisher] Sylveon
|-heal|p1a: Heatran|189\/386|[from] item: Leftovers
|turn|49
|
|move|p1a: Heatran|Stealth Rock|p2a: Sylveon
|-sidestart|p2: matchomane|move: Stealth Rock
|move|p2a: Sylveon|Wish|p2a: Sylveon
|
|-weather|Sandstorm|[upkeep]
|-damage|p2a: Sylveon|370\/394|[from] sandstorm
|-heal|p1a: Heatran|213\/386|[from] item: Leftovers
|-heal|p2a: Sylveon|394\/394|[from] item: Leftovers
|turn|50
|
|switch|p2a: Starmie|Starmie|256\/324
|-damage|p2a: Starmie|216\/324|[from] Stealth Rock
|move|p1a: Heatran|Lava Plume|p2a: Starmie
|-resisted|p2a: Starmie
|-damage|p2a: Starmie|150\/324
|
|-weather|none
|-heal|p2a: Starmie|324\/324|[from] move: Wish|[wisher] Sylveon
|-heal|p1a: Heatran|237\/386|[from] item: Leftovers
|turn|51
|
|move|p1a: Heatran|Protect|p1a: Heatran
|-singleturn|p1a: Heatran|Protect
|move|p2a: Starmie|Scald|p1a: Heatran
|-activate|p1a: Heatran|Protect
|
|-heal|p1a: Heatran|261\/386|[from] item: Leftovers
|turn|52
|
|switch|p1a: Tyranitar|Tyranitar, M|341\/341
|-weather|Sandstorm
|move|p2a: Starmie|Rapid Spin|p1a: Tyranitar
|-resisted|p1a: Tyranitar
|-damage|p1a: Tyranitar|335\/341
|-sideend|p2: matchomane|Stealth Rock|[from] move: Rapid Spin|[of] p2a: Starmie
|
|-weather|Sandstorm|[upkeep]
|-damage|p2a: Starmie|304\/324|[from] sandstorm
|-heal|p2a: Starmie|324\/324|[from] item: Leftovers
|turn|53
|
|move|p1a: Tyranitar|Pursuit|p2a: Starmie
|-supereffective|p2a: Starmie
|-damage|p2a: Starmie|154\/324
|move|p2a: Starmie|Scald|p1a: Tyranitar
|-supereffective|p1a: Tyranitar
|-damage|p1a: Tyranitar|207\/341
|
|-weather|Sandstorm|[upkeep]
|-damage|p2a: Starmie|134\/324|[from] sandstorm
|-heal|p2a: Starmie|154\/324|[from] item: Leftovers
|turn|54
|
|move|p1a: Tyranitar|Pursuit|p2a: Starmie
|-supereffective|p2a: Starmie
|-damage|p2a: Starmie|0 fnt
|faint|p2a: Starmie
|
|-weather|Sandstorm|[upkeep]
|
|switch|p2a: Ferrothorn|Ferrothorn, M|102\/290
|turn|55
|
|switch|p1a: Heatran|Heatran, M|261\/386
|move|p2a: Ferrothorn|Spikes|p1a: Heatran
|-sidestart|p1: JTewi|Spikes
|
|-weather|Sandstorm|[upkeep]
|-heal|p1a: Heatran|285\/386|[from] item: Leftovers
|-heal|p2a: Ferrothorn|120\/290|[from] item: Leftovers
|turn|56
|
|move|p1a: Heatran|Stealth Rock|p2a: Ferrothorn
|-sidestart|p2: matchomane|move: Stealth Rock
|move|p2a: Ferrothorn|Spikes|p1a: Heatran
|-sidestart|p1: JTewi|Spikes
|
|-weather|none
|-heal|p1a: Heatran|309\/386|[from] item: Leftovers
|-heal|p2a: Ferrothorn|138\/290|[from] item: Leftovers
|turn|57
|
|move|p2a: Ferrothorn|Protect|p2a: Ferrothorn
|-singleturn|p2a: Ferrothorn|Protect
|move|p1a: Heatran|Lava Plume|p2a: Ferrothorn
|-activate|p2a: Ferrothorn|Protect
|
|-heal|p1a: Heatran|333\/386|[from] item: Leftovers
|-heal|p2a: Ferrothorn|156\/290|[from] item: Leftovers
|turn|58
|
|switch|p2a: Slowbro|Slowbro, M|394\/394
|-damage|p2a: Slowbro|345\/394|[from] Stealth Rock
|move|p1a: Heatran|Lava Plume|p2a: Slowbro
|-resisted|p2a: Slowbro
|-damage|p2a: Slowbro|285\/394
|-status|p2a: Slowbro|brn
|
|-heal|p1a: Heatran|357\/386|[from] item: Leftovers
|-damage|p2a: Slowbro|236\/394 brn|[from] brn
|turn|59
|
|switch|p1a: Latias|Latias-Mega, F|246\/364
|detailschange|p2a: Slowbro|Slowbro-Mega, M
|-mega|p2a: Slowbro|Slowbro|Slowbronite
|move|p2a: Slowbro|Scald|p1a: Latias
|-resisted|p1a: Latias
|-damage|p1a: Latias|200\/364
|-status|p1a: Latias|brn
|
|-damage|p1a: Latias|155\/364 brn|[from] brn
|-damage|p2a: Slowbro|187\/394 brn|[from] brn
|turn|60
|
|move|p1a: Latias|Roost|p1a: Latias
|-heal|p1a: Latias|337\/364 brn
|move|p2a: Slowbro|Slack Off|p2a: Slowbro
|-heal|p2a: Slowbro|384\/394 brn
|
|-damage|p1a: Latias|292\/364 brn|[from] brn
|-damage|p2a: Slowbro|335\/394 brn|[from] brn
|turn|61
|
|switch|p2a: Sylveon|Sylveon, M|394\/394
|-damage|p2a: Sylveon|345\/394|[from] Stealth Rock
|move|p1a: Latias|Defog|p2a: Sylveon
|-unboost|p2a: Sylveon|evasion|1
|-sideend|p2: matchomane|Stealth Rock|[from] move: Defog|[of] p2a: Sylveon
|-sideend|p1: JTewi|Spikes|[from] move: Defog|[of] p1a: Latias
|
|-heal|p2a: Sylveon|369\/394|[from] item: Leftovers
|-damage|p1a: Latias|247\/364 brn|[from] brn
|turn|62
|
|switch|p1a: Heatran|Heatran, M|357\/386
|move|p2a: Sylveon|Heal Bell|p2a: Sylveon
|-cureteam|p2a: Sylveon|[from] move: HealBell
|
|-heal|p1a: Heatran|381\/386|[from] item: Leftovers
|-heal|p2a: Sylveon|393\/394|[from] item: Leftovers
|turn|63
|
|move|p1a: Heatran|Stealth Rock|p2a: Sylveon
|-sidestart|p2: matchomane|move: Stealth Rock
|move|p2a: Sylveon|Wish|p2a: Sylveon
|
|-heal|p1a: Heatran|386\/386|[from] item: Leftovers
|-heal|p2a: Sylveon|394\/394|[from] item: Leftovers
|turn|64
|
|switch|p2a: Slowbro|Slowbro-Mega, M|335\/394
|-damage|p2a: Slowbro|286\/394|[from] Stealth Rock
|move|p1a: Heatran|Lava Plume|p2a: Slowbro
|-resisted|p2a: Slowbro
|-damage|p2a: Slowbro|223\/394
|-status|p2a: Slowbro|brn
|
|-heal|p2a: Slowbro|394\/394 brn|[from] move: Wish|[wisher] Sylveon
|-damage|p2a: Slowbro|345\/394 brn|[from] brn
|turn|65
|
|switch|p1a: Clefable|Clefable, M|362\/394
|move|p2a: Slowbro|Scald|p1a: Clefable
|-damage|p1a: Clefable|215\/394
|
|-heal|p1a: Clefable|239\/394|[from] item: Leftovers
|-damage|p2a: Slowbro|296\/394 brn|[from] brn
|turn|66
|
|switch|p2a: Celebi|Celebi|107\/404
|-damage|p2a: Celebi|57\/404|[from] Stealth Rock
|move|p1a: Clefable|Heal Bell|p1a: Clefable
|-cureteam|p1a: Clefable|[from] move: HealBell
|
|-heal|p2a: Celebi|82\/404|[from] item: Leftovers
|-heal|p1a: Clefable|263\/394|[from] item: Leftovers
|turn|67
|
|switch|p1a: Tyranitar|Tyranitar, M|207\/341
|-weather|Sandstorm
|move|p2a: Celebi|Giga Drain|p1a: Tyranitar
|-supereffective|p1a: Tyranitar
|-damage|p1a: Tyranitar|87\/341
|-heal|p2a: Celebi|142\/404|[from] drain|[of] p1a: Tyranitar
|
|-weather|Sandstorm|[upkeep]
|-damage|p2a: Celebi|117\/404|[from] sandstorm
|-heal|p2a: Celebi|142\/404|[from] item: Leftovers
|turn|68
|
|move|p1a: Tyranitar|Pursuit|p2a: Celebi
|-crit|p2a: Celebi
|-supereffective|p2a: Celebi
|-damage|p2a: Celebi|0 fnt
|faint|p2a: Celebi
|
|-weather|Sandstorm|[upkeep]
|
|switch|p2a: Ferrothorn|Ferrothorn, M|156\/290
|-damage|p2a: Ferrothorn|138\/290|[from] Stealth Rock
|turn|69
|
|switch|p1a: Heatran|Heatran, M|386\/386
|move|p2a: Ferrothorn|Spikes|p1a: Heatran
|-sidestart|p1: JTewi|Spikes
|
|-weather|Sandstorm|[upkeep]
|-heal|p2a: Ferrothorn|156\/290|[from] item: Leftovers
|turn|70
|
|move|p2a: Ferrothorn|Protect|p2a: Ferrothorn
|-singleturn|p2a: Ferrothorn|Protect
|move|p1a: Heatran|Lava Plume|p2a: Ferrothorn
|-activate|p2a: Ferrothorn|Protect
|
|-weather|Sandstorm|[upkeep]
|-heal|p2a: Ferrothorn|174\/290|[from] item: Leftovers
|turn|71
|
|switch|p2a: Sylveon|Sylveon, M|394\/394
|-damage|p2a: Sylveon|345\/394|[from] Stealth Rock
|move|p1a: Heatran|Lava Plume|p2a: Sylveon
|-damage|p2a: Sylveon|255\/394
|
|-weather|none
|-heal|p2a: Sylveon|279\/394|[from] item: Leftovers
|turn|72
|
|move|p1a: Heatran|Lava Plume|p2a: Sylveon
|-damage|p2a: Sylveon|186\/394
|move|p2a: Sylveon|Wish|p2a: Sylveon
|
|-heal|p2a: Sylveon|210\/394|[from] item: Leftovers
|turn|73
|
|move|p1a: Heatran|Lava Plume|p2a: Sylveon
|-damage|p2a: Sylveon|125\/394
|move|p2a: Sylveon|Heal Bell|p2a: Sylveon
|-cureteam|p2a: Sylveon|[from] move: HealBell
|
|-heal|p2a: Sylveon|322\/394|[from] move: Wish|[wisher] Sylveon
|-heal|p2a: Sylveon|346\/394|[from] item: Leftovers
|turn|74
|
|switch|p1a: Clefable|Clefable, M|263\/394
|move|p2a: Sylveon|Protect|p2a: Sylveon
|-fail|p2a: Sylveon
|
|-heal|p2a: Sylveon|370\/394|[from] item: Leftovers
|-heal|p1a: Clefable|287\/394|[from] item: Leftovers
|turn|75
|
|move|p2a: Sylveon|Wish|p2a: Sylveon
|move|p1a: Clefable|Thunder Wave|p2a: Sylveon
|-status|p2a: Sylveon|par
|
|-heal|p1a: Clefable|311\/394|[from] item: Leftovers
|-heal|p2a: Sylveon|394\/394 par|[from] item: Leftovers
|turn|76
|
|switch|p2a: Ferrothorn|Ferrothorn, M|174\/290
|-damage|p2a: Ferrothorn|156\/290|[from] Stealth Rock
|move|p1a: Clefable|Moonblast|p2a: Ferrothorn
|-crit|p2a: Ferrothorn
|-resisted|p2a: Ferrothorn
|-damage|p2a: Ferrothorn|105\/290
|
|-heal|p2a: Ferrothorn|290\/290|[from] move: Wish|[wisher] Sylveon
|-heal|p1a: Clefable|335\/394|[from] item: Leftovers
|turn|77
|
|move|p1a: Clefable|Thunder Wave|p2a: Ferrothorn
|-status|p2a: Ferrothorn|par
|move|p2a: Ferrothorn|Spikes|p1a: Clefable
|-sidestart|p1: JTewi|Spikes
|
|-heal|p1a: Clefable|359\/394|[from] item: Leftovers
|turn|78
|
|switch|p1a: Latias|Latias-Mega, F|247\/364
|cant|p2a: Ferrothorn|par
|
|turn|79
|
|move|p1a: Latias|Defog|p2a: Ferrothorn
|-unboost|p2a: Ferrothorn|evasion|1
|-sideend|p2: matchomane|Stealth Rock|[from] move: Defog|[of] p2a: Ferrothorn
|-sideend|p1: JTewi|Spikes|[from] move: Defog|[of] p1a: Latias
|move|p2a: Ferrothorn|Leech Seed|p1a: Latias
|-start|p1a: Latias|move: Leech Seed
|
|-damage|p1a: Latias|202\/364|[from] Leech Seed|[of] p2a: Ferrothorn
|turn|80
|
|move|p1a: Latias|Roost|p1a: Latias
|-heal|p1a: Latias|364\/364
|move|p2a: Ferrothorn|Spikes|p1a: Latias
|-sidestart|p1: JTewi|Spikes
|
|-damage|p1a: Latias|319\/364|[from] Leech Seed|[of] p2a: Ferrothorn
|turn|81
|
|switch|p1a: Chesnaught|Chesnaught, M|301\/379
|-damage|p1a: Chesnaught|254\/379|[from] Spikes
|move|p2a: Ferrothorn|Spikes|p1a: Chesnaught
|-sidestart|p1: JTewi|Spikes
|
|-heal|p1a: Chesnaught|277\/379|[from] item: Leftovers
|turn|82
|
|switch|p2a: Sylveon|Sylveon, M|394\/394 par
|move|p1a: Chesnaught|Leech Seed|p2a: Sylveon
|-start|p2a: Sylveon|move: Leech Seed
|
|-heal|p1a: Chesnaught|300\/379|[from] item: Leftovers
|-damage|p2a: Sylveon|345\/394 par|[from] Leech Seed|[of] p1a: Chesnaught
|-heal|p1a: Chesnaught|349\/379|[silent]
|turn|83
|
|switch|p1a: Heatran|Heatran, M|386\/386
|-damage|p1a: Heatran|322\/386|[from] Spikes
|switch|p2a: Slowbro|Slowbro-Mega, M|296\/394
|
|-heal|p1a: Heatran|346\/386|[from] item: Leftovers
|turn|84
|
|switch|p1a: Clefable|Clefable, M|359\/394
|move|p2a: Slowbro|Scald|p1a: Clefable
|-damage|p1a: Clefable|227\/394
|
|-heal|p1a: Clefable|251\/394|[from] item: Leftovers
|turn|85
|
|move|p1a: Clefable|Thunder Wave|p2a: Slowbro
|-status|p2a: Slowbro|par
|move|p2a: Slowbro|Slack Off|p2a: Slowbro
|-heal|p2a: Slowbro|394\/394 par
|
|-heal|p1a: Clefable|275\/394|[from] item: Leftovers
|turn|86
|
|switch|p2a: Sylveon|Sylveon, M|345\/394 par
|move|p1a: Clefable|Moonblast|p2a: Sylveon
|-damage|p2a: Sylveon|260\/394 par
|-unboost|p2a: Sylveon|spa|1
|
|-heal|p1a: Clefable|299\/394|[from] item: Leftovers
|-heal|p2a: Sylveon|284\/394 par|[from] item: Leftovers
|turn|87
|
|switch|p1a: Heatran|Heatran, M|346\/386
|-damage|p1a: Heatran|282\/386|[from] Spikes
|move|p2a: Sylveon|Heal Bell|p2a: Sylveon
|-cureteam|p2a: Sylveon|[from] move: HealBell
|
|-heal|p1a: Heatran|306\/386|[from] item: Leftovers
|-heal|p2a: Sylveon|308\/394|[from] item: Leftovers
|turn|88
|
|switch|p2a: Slowbro|Slowbro-Mega, M|394\/394
|move|p1a: Heatran|Stealth Rock|p2a: Slowbro
|-sidestart|p2: matchomane|move: Stealth Rock
|
|-heal|p1a: Heatran|330\/386|[from] item: Leftovers
|turn|89
|
|move|p1a: Heatran|Protect|p1a: Heatran
|-singleturn|p1a: Heatran|Protect
|move|p2a: Slowbro|Psyshock|p1a: Heatran
|-activate|p1a: Heatran|Protect
|
|-heal|p1a: Heatran|354\/386|[from] item: Leftovers
|turn|90
|
|switch|p1a: Clefable|Clefable, M|299\/394
|move|p2a: Slowbro|Scald|p1a: Clefable
|-damage|p1a: Clefable|158\/394
|
|-heal|p1a: Clefable|182\/394|[from] item: Leftovers
|turn|91
|
|move|p1a: Clefable|Soft-Boiled|p1a: Clefable
|-heal|p1a: Clefable|379\/394
|move|p2a: Slowbro|Psyshock|p1a: Clefable
|-damage|p1a: Clefable|261\/394
|
|-heal|p1a: Clefable|285\/394|[from] item: Leftovers
|turn|92
|
|move|p1a: Clefable|Moonblast|p2a: Slowbro
|-damage|p2a: Slowbro|280\/394
|move|p2a: Slowbro|Scald|p1a: Clefable
|-damage|p1a: Clefable|135\/394
|
|-heal|p1a: Clefable|159\/394|[from] item: Leftovers
|turn|93
|
|move|p1a: Clefable|Soft-Boiled|p1a: Clefable
|-heal|p1a: Clefable|356\/394
|move|p2a: Slowbro|Scald|p1a: Clefable
|-damage|p1a: Clefable|218\/394
|
|-heal|p1a: Clefable|242\/394|[from] item: Leftovers
|turn|94
|
|move|p1a: Clefable|Moonblast|p2a: Slowbro
|-damage|p2a: Slowbro|157\/394
|move|p2a: Slowbro|Scald|p1a: Clefable
|-damage|p1a: Clefable|107\/394
|-status|p1a: Clefable|brn
|
|-heal|p1a: Clefable|131\/394 brn|[from] item: Leftovers
|turn|95
|
|move|p1a: Clefable|Soft-Boiled|p1a: Clefable
|-heal|p1a: Clefable|328\/394 brn
|move|p2a: Slowbro|Slack Off|p2a: Slowbro
|-heal|p2a: Slowbro|354\/394
|
|-heal|p1a: Clefable|352\/394 brn|[from] item: Leftovers
|turn|96
|
|move|p1a: Clefable|Thunder Wave|p2a: Slowbro
|-status|p2a: Slowbro|par
|cant|p2a: Slowbro|par
|
|-heal|p1a: Clefable|376\/394 brn|[from] item: Leftovers
|turn|97
|
|switch|p2a: Ferrothorn|Ferrothorn, M|290\/290
|-damage|p2a: Ferrothorn|272\/290|[from] Stealth Rock
|move|p1a: Clefable|Moonblast|p2a: Ferrothorn
|-resisted|p2a: Ferrothorn
|-damage|p2a: Ferrothorn|236\/290
|
|-heal|p1a: Clefable|394\/394 brn|[from] item: Leftovers
|-heal|p2a: Ferrothorn|254\/290|[from] item: Leftovers
|turn|98
|
|switch|p1a: Latias|Latias-Mega, F|319\/364
|move|p2a: Ferrothorn|Protect|p2a: Ferrothorn
|-fail|p2a: Ferrothorn
|
|-heal|p2a: Ferrothorn|272\/290|[from] item: Leftovers
|turn|99
|
|move|p1a: Latias|Defog|p2a: Ferrothorn
|-unboost|p2a: Ferrothorn|evasion|1
|-sideend|p2: matchomane|Stealth Rock|[from] move: Defog|[of] p2a: Ferrothorn
|-sideend|p1: JTewi|Spikes|[from] move: Defog|[of] p1a: Latias
|move|p2a: Ferrothorn|Leech Seed|p1a: Latias
|-start|p1a: Latias|move: Leech Seed
|
|-heal|p2a: Ferrothorn|290\/290|[from] item: Leftovers
|-damage|p1a: Latias|274\/364|[from] Leech Seed|[of] p2a: Ferrothorn
|turn|100
|
|switch|p1a: Heatran|Heatran, M|354\/386
|move|p2a: Ferrothorn|Spikes|p1a: Heatran
|-sidestart|p1: JTewi|Spikes
|
|-heal|p1a: Heatran|378\/386|[from] item: Leftovers
|turn|101
|
|switch|p2a: Sylveon|Sylveon, M|308\/394
|move|p1a: Heatran|Stealth Rock|p2a: Sylveon
|-sidestart|p2: matchomane|move: Stealth Rock
|
|-heal|p1a: Heatran|386\/386|[from] item: Leftovers
|-heal|p2a: Sylveon|332\/394|[from] item: Leftovers
|turn|102
|
|move|p2a: Sylveon|Wish|p2a: Sylveon
|move|p1a: Heatran|Roar|p2a: Sylveon
|drag|p2a: Slowbro|Slowbro-Mega, M|354\/394 par
|-damage|p2a: Slowbro|305\/394 par|[from] Stealth Rock
|
|turn|103
|
|switch|p1a: Clefable|Clefable, M|394\/394 brn
|move|p2a: Slowbro|Scald|p1a: Clefable
|-damage|p1a: Clefable|250\/394 brn
|
|-heal|p2a: Slowbro|394\/394 par|[from] move: Wish|[wisher] Sylveon
|-heal|p1a: Clefable|274\/394 brn|[from] item: Leftovers
|turn|104
|
|switch|p2a: Ferrothorn|Ferrothorn, M|290\/290
|-damage|p2a: Ferrothorn|272\/290|[from] Stealth Rock
|move|p1a: Clefable|Moonblast|p2a: Ferrothorn
|-resisted|p2a: Ferrothorn
|-damage|p2a: Ferrothorn|238\/290
|
|-heal|p1a: Clefable|298\/394 brn|[from] item: Leftovers
|-heal|p2a: Ferrothorn|256\/290|[from] item: Leftovers
|turn|105
|
|switch|p1a: Heatran|Heatran, M|386\/386
|-damage|p1a: Heatran|338\/386|[from] Spikes
|move|p2a: Ferrothorn|Spikes|p1a: Heatran
|-sidestart|p1: JTewi|Spikes
|
|-heal|p1a: Heatran|362\/386|[from] item: Leftovers
|-heal|p2a: Ferrothorn|274\/290|[from] item: Leftovers
|turn|106
|
|switch|p1a: Latias|Latias-Mega, F|274\/364
|move|p2a: Ferrothorn|Protect|p2a: Ferrothorn
|-fail|p2a: Ferrothorn
|
|-heal|p2a: Ferrothorn|290\/290|[from] item: Leftovers
|turn|107
|
|switch|p1a: Chesnaught|Chesnaught, M|349\/379
|-damage|p1a: Chesnaught|286\/379|[from] Spikes
|move|p2a: Ferrothorn|Spikes|p1a: Chesnaught
|-sidestart|p1: JTewi|Spikes
|
|-heal|p1a: Chesnaught|309\/379|[from] item: Leftovers
|turn|108
|
|switch|p2a: Sylveon|Sylveon, M|332\/394
|-damage|p2a: Sylveon|283\/394|[from] Stealth Rock
|move|p1a: Chesnaught|Leech Seed|p2a: Sylveon
|-start|p2a: Sylveon|move: Leech Seed
|
|-heal|p1a: Chesnaught|332\/379|[from] item: Leftovers
|-heal|p2a: Sylveon|307\/394|[from] item: Leftovers
|-damage|p2a: Sylveon|258\/394|[from] Leech Seed|[of] p1a: Chesnaught
|-heal|p1a: Chesnaught|379\/379|[silent]
|turn|109
|
|switch|p1a: Latias|Latias-Mega, F|274\/364
|move|p2a: Sylveon|Wish|p2a: Sylveon
|
|-heal|p2a: Sylveon|282\/394|[from] item: Leftovers
|-damage|p2a: Sylveon|233\/394|[from] Leech Seed|[of] p1a: Latias
|-heal|p1a: Latias|323\/364|[silent]
|turn|110
|
|move|p1a: Latias|Psyshock|p2a: Sylveon
|-damage|p2a: Sylveon|85\/394
|move|p2a: Sylveon|Hyper Voice|p1a: Latias
|-supereffective|p1a: Latias
|-damage|p1a: Latias|57\/364
|
|-heal|p2a: Sylveon|282\/394|[from] move: Wish|[wisher] Sylveon
|-heal|p2a: Sylveon|306\/394|[from] item: Leftovers
|-damage|p2a: Sylveon|257\/394|[from] Leech Seed|[of] p1a: Latias
|-heal|p1a: Latias|106\/364|[silent]
|turn|111
|
|switch|p1a: Heatran|Heatran, M|362\/386
|-damage|p1a: Heatran|266\/386|[from] Spikes
|move|p2a: Sylveon|Hyper Voice|p1a: Heatran
|-resisted|p1a: Heatran
|-damage|p1a: Heatran|223\/386
|
|-heal|p1a: Heatran|247\/386|[from] item: Leftovers
|-heal|p2a: Sylveon|281\/394|[from] item: Leftovers
|-damage|p2a: Sylveon|232\/394|[from] Leech Seed|[of] p1a: Heatran
|-heal|p1a: Heatran|296\/386|[silent]
|turn|112
|
|switch|p2a: Slowbro|Slowbro-Mega, M|394\/394 par
|-damage|p2a: Slowbro|345\/394 par|[from] Stealth Rock
|move|p1a: Heatran|Roar|p2a: Slowbro
|drag|p2a: Sylveon|Sylveon, M|232\/394
|-damage|p2a: Sylveon|183\/394|[from] Stealth Rock
|
|-heal|p1a: Heatran|320\/386|[from] item: Leftovers
|-heal|p2a: Sylveon|207\/394|[from] item: Leftovers
|turn|113
|
|move|p2a: Sylveon|Wish|p2a: Sylveon
|move|p1a: Heatran|Roar|p2a: Sylveon
|drag|p2a: Medicham|Medicham, M|51\/261
|-damage|p2a: Medicham|35\/261|[from] Stealth Rock
|
|-heal|p1a: Heatran|344\/386|[from] item: Leftovers
|turn|114
|
|switch|p1a: Latias|Latias-Mega, F|106\/364
|move|p2a: Medicham|Pain Split|p1a: Latias
|-sethp|p1a: Latias|70\/364|p2a: Medicham|70\/261|[from] move: Pain Split
|
|-heal|p2a: Medicham|261\/261|[from] move: Wish|[wisher] Sylveon
|turn|115
|
|move|p2a: Medicham|High Jump Kick|p1a: Latias|[miss]
|-miss|p2a: Medicham|p1a: Latias
|-damage|p2a: Medicham|131\/261|[from] highjumpkick
|move|p1a: Latias|Roost|p1a: Latias
|-heal|p1a: Latias|252\/364
|
|turn|116
|
|switch|p2a: Ferrothorn|Ferrothorn, M|290\/290
|-damage|p2a: Ferrothorn|272\/290|[from] Stealth Rock
|move|p1a: Latias|Defog|p2a: Ferrothorn
|-unboost|p2a: Ferrothorn|evasion|1
|-sideend|p2: matchomane|Stealth Rock|[from] move: Defog|[of] p2a: Ferrothorn
|-sideend|p1: JTewi|Spikes|[from] move: Defog|[of] p1a: Latias
|
|-heal|p2a: Ferrothorn|290\/290|[from] item: Leftovers
|turn|117
|
|switch|p1a: Heatran|Heatran, M|344\/386
|move|p2a: Ferrothorn|Spikes|p1a: Heatran
|-sidestart|p1: JTewi|Spikes
|
|-heal|p1a: Heatran|368\/386|[from] item: Leftovers
|turn|118
|
|move|p2a: Ferrothorn|Protect|p2a: Ferrothorn
|-singleturn|p2a: Ferrothorn|Protect
|move|p1a: Heatran|Stealth Rock|p2a: Ferrothorn
|-sidestart|p2: matchomane|move: Stealth Rock
|
|-heal|p1a: Heatran|386\/386|[from] item: Leftovers
|turn|119
|
|switch|p2a: Sylveon|Sylveon, M|207\/394
|-damage|p2a: Sylveon|158\/394|[from] Stealth Rock
|move|p1a: Heatran|Lava Plume|p2a: Sylveon
|-damage|p2a: Sylveon|71\/394
|
|-heal|p2a: Sylveon|95\/394|[from] item: Leftovers
|turn|120
|
|move|p2a: Sylveon|Protect|p2a: Sylveon
|-singleturn|p2a: Sylveon|Protect
|move|p1a: Heatran|Roar|p2a: Sylveon
|drag|p2a: Ferrothorn|Ferrothorn, M|290\/290
|-damage|p2a: Ferrothorn|272\/290|[from] Stealth Rock
|
|-heal|p2a: Ferrothorn|290\/290|[from] item: Leftovers
|turn|121
|
|switch|p2a: Slowbro|Slowbro-Mega, M|345\/394 par
|-damage|p2a: Slowbro|296\/394 par|[from] Stealth Rock
|move|p1a: Heatran|Lava Plume|p2a: Slowbro
|-resisted|p2a: Slowbro
|-damage|p2a: Slowbro|235\/394 par
|
|turn|122
|
|switch|p1a: Clefable|Clefable, M|298\/394 brn
|move|p2a: Slowbro|Scald|p1a: Clefable
|-crit|p1a: Clefable
|-damage|p1a: Clefable|73\/394 brn
|
|-heal|p1a: Clefable|97\/394 brn|[from] item: Leftovers
|turn|123
|
|switch|p2a: Sylveon|Sylveon, M|95\/394
|-damage|p2a: Sylveon|46\/394|[from] Stealth Rock
|move|p1a: Clefable|Soft-Boiled|p1a: Clefable
|-heal|p1a: Clefable|294\/394 brn
|
|-heal|p2a: Sylveon|70\/394|[from] item: Leftovers
|-heal|p1a: Clefable|318\/394 brn|[from] item: Leftovers
|turn|124
|
|switch|p1a: Heatran|Heatran, M|386\/386
|-damage|p1a: Heatran|338\/386|[from] Spikes
|move|p2a: Sylveon|Wish|p2a: Sylveon
|
|-heal|p1a: Heatran|362\/386|[from] item: Leftovers
|-heal|p2a: Sylveon|94\/394|[from] item: Leftovers
|turn|125
|
|move|p2a: Sylveon|Hyper Voice|p1a: Heatran
|-resisted|p1a: Heatran
|-damage|p1a: Heatran|319\/386
|move|p1a: Heatran|Roar|p2a: Sylveon
|drag|p2a: Slowbro|Slowbro-Mega, M|235\/394 par
|-damage|p2a: Slowbro|186\/394 par|[from] Stealth Rock
|
|-heal|p2a: Slowbro|383\/394 par|[from] move: Wish|[wisher] Sylveon
|-heal|p1a: Heatran|343\/386|[from] item: Leftovers
|turn|126
|
|switch|p1a: Clefable|Clefable, M|318\/394 brn
|move|p2a: Slowbro|Scald|p1a: Clefable
|-damage|p1a: Clefable|183\/394 brn
|
|-heal|p1a: Clefable|207\/394 brn|[from] item: Leftovers
|turn|127
|
|move|p1a: Clefable|Moonblast|p2a: Slowbro
|-damage|p2a: Slowbro|275\/394 par
|move|p2a: Slowbro|Scald|p1a: Clefable
|-damage|p1a: Clefable|66\/394 brn
|
|-heal|p1a: Clefable|90\/394 brn|[from] item: Leftovers
|turn|128
|
|move|p1a: Clefable|Soft-Boiled|p1a: Clefable
|-heal|p1a: Clefable|287\/394 brn
|move|p2a: Slowbro|Scald|p1a: Clefable
|-crit|p1a: Clefable
|-damage|p1a: Clefable|59\/394 brn
|
|-heal|p1a: Clefable|83\/394 brn|[from] item: Leftovers
|turn|129
|
|move|p1a: Clefable|Soft-Boiled|p1a: Clefable
|-heal|p1a: Clefable|280\/394 brn
|move|p2a: Slowbro|Scald|p1a: Clefable
|-damage|p1a: Clefable|136\/394 brn
|
|-heal|p1a: Clefable|160\/394 brn|[from] item: Leftovers
|turn|130
|
|move|p1a: Clefable|Soft-Boiled|p1a: Clefable
|-heal|p1a: Clefable|357\/394 brn
|move|p2a: Slowbro|Scald|p1a: Clefable
|-damage|p1a: Clefable|221\/394 brn
|
|-heal|p1a: Clefable|245\/394 brn|[from] item: Leftovers
|turn|131
|
|switch|p2a: Sylveon|Sylveon, M|94\/394
|-damage|p2a: Sylveon|45\/394|[from] Stealth Rock
|move|p1a: Clefable|Moonblast|p2a: Sylveon
|-damage|p2a: Sylveon|0 fnt
|faint|p2a: Sylveon
|
|-heal|p1a: Clefable|269\/394 brn|[from] item: Leftovers
|
|switch|p2a: Medicham|Medicham, M|131\/261
|-damage|p2a: Medicham|115\/261|[from] Stealth Rock
|turn|132
|
|switch|p1a: Tyranitar|Tyranitar, M|87\/341
|-damage|p1a: Tyranitar|45\/341|[from] Spikes
|-weather|Sandstorm
|move|p2a: Medicham|Fake Out|p1a: Tyranitar
|-resisted|p1a: Tyranitar
|-damage|p1a: Tyranitar|9\/341
|-damage|p2a: Medicham|89\/261|[from] item: Life Orb
|
|-weather|Sandstorm|[upkeep]
|-damage|p2a: Medicham|73\/261|[from] sandstorm
|turn|133
|
|move|p1a: Tyranitar|Pursuit|p2a: Medicham
|-damage|p2a: Medicham|0 fnt
|faint|p2a: Medicham
|
|-weather|Sandstorm|[upkeep]
|
|switch|p2a: Ferrothorn|Ferrothorn, M|290\/290
|-damage|p2a: Ferrothorn|272\/290|[from] Stealth Rock
|turn|134
|
|switch|p1a: Chesnaught|Chesnaught, M|379\/379
|-damage|p1a: Chesnaught|332\/379|[from] Spikes
|move|p2a: Ferrothorn|Leech Seed|p1a: Chesnaught
|-immune|p1a: Chesnaught|[msg]
|
|-weather|Sandstorm|[upkeep]
|-damage|p1a: Chesnaught|309\/379|[from] sandstorm
|-heal|p1a: Chesnaught|332\/379|[from] item: Leftovers
|-heal|p2a: Ferrothorn|290\/290|[from] item: Leftovers
|turn|135
|
|switch|p2a: Slowbro|Slowbro-Mega, M|275\/394 par
|-damage|p2a: Slowbro|226\/394 par|[from] Stealth Rock
|move|p1a: Chesnaught|Substitute|p1a: Chesnaught
|-start|p1a: Chesnaught|Substitute
|-damage|p1a: Chesnaught|238\/379
|
|-weather|Sandstorm|[upkeep]
|-damage|p1a: Chesnaught|215\/379|[from] sandstorm
|-damage|p2a: Slowbro|202\/394 par|[from] sandstorm
|-heal|p1a: Chesnaught|238\/379|[from] item: Leftovers
|turn|136
|
|move|p1a: Chesnaught|Leech Seed|p2a: Slowbro
|-start|p2a: Slowbro|move: Leech Seed
|cant|p2a: Slowbro|par
|
|-weather|none
|-heal|p1a: Chesnaught|261\/379|[from] item: Leftovers
|-damage|p2a: Slowbro|153\/394 par|[from] Leech Seed|[of] p1a: Chesnaught
|-heal|p1a: Chesnaught|310\/379|[silent]
|turn|137
|c|âmatchomane|gg
|
|move|p1a: Chesnaught|Drain Punch|p2a: Slowbro
|-resisted|p2a: Slowbro
|-damage|p2a: Slowbro|129\/394 par
|-heal|p1a: Chesnaught|322\/379|[from] drain|[of] p2a: Slowbro
|move|p2a: Slowbro|Scald|p1a: Chesnaught
|-resisted|p1a: Chesnaught
|-activate|p1a: Chesnaught|Substitute|[damage]
|
|-heal|p1a: Chesnaught|345\/379|[from] item: Leftovers
|-damage|p2a: Slowbro|80\/394 par|[from] Leech Seed|[of] p1a: Chesnaught
|-heal|p1a: Chesnaught|379\/379|[silent]
|turn|138
|c|âJTewi|gg
|
|move|p1a: Chesnaught|Drain Punch|p2a: Slowbro
|-resisted|p2a: Slowbro
|-damage|p2a: Slowbro|54\/394 par
|move|p2a: Slowbro|Slack Off|p2a: Slowbro
|-heal|p2a: Slowbro|251\/394 par
|
|-damage|p2a: Slowbro|202\/394 par|[from] Leech Seed|[of] p1a: Chesnaught
|turn|139
|-message|matchomane lost due to inactivity.
|
|win|JTewi
|raw|Ladder updating...
|raw|JTewi's rating: 1320 &rarr; <strong>1344<\/strong><br \/>(+24 for winning)
|raw|matchomane's rating: 1397 &rarr; <strong>1373<\/strong><br \/>(-24 for losing)