|join|jerry85
|join|JTewi
|player|p1|jerry85|135
|player|p2|JTewi|102
|gametype|singles
|gen|6
|tier|OU
|rated
|clearpoke
|poke|p1|Sableye, F
|poke|p1|Excadrill, M
|poke|p1|Manaphy
|poke|p1|Gliscor, M
|poke|p1|Talonflame, M
|poke|p1|Clefable, F
|poke|p2|Venusaur, M
|poke|p2|Victini
|poke|p2|Slowbro, F
|poke|p2|Skarmory, M
|poke|p2|Cresselia, F
|poke|p2|Crawdaunt, M
|rule|Swagger Clause: Swagger is banned
|rule|Baton Pass Clause: Limit one PokÃ©mon knowing Baton Pass
|rule|Sleep Clause Mod: Limit one foe put to sleep
|rule|Species Clause: Limit one of each PokÃ©mon
|rule|OHKO Clause: OHKO moves are banned
|rule|Moody Clause: Moody is banned
|rule|Evasion Moves Clause: Evasion moves are banned
|rule|Endless Battle Clause: Forcing endless battles is banned
|rule|HP Percentage Mod: HP is shown in percentages
|teampreview
|
|start
|switch|p1a: Manaphy|Manaphy|401\/401
|switch|p2a: Victini|Victini|341\/341
|turn|1
|
|move|p2a: Victini|Bolt Strike|p1a: Manaphy|[miss]
|-miss|p2a: Victini|p1a: Manaphy
|move|p1a: Manaphy|Scald|p2a: Victini
|-supereffective|p2a: Victini
|-damage|p2a: Victini|155\/341
|
|turn|2
|
|switch|p1a: Gliscor|Gliscor, M|353\/353
|move|p2a: Victini|Bolt Strike|p1a: Gliscor
|-immune|p1a: Gliscor|[msg]
|
|-status|p1a: Gliscor|tox|[from] item: Toxic Orb
|turn|3
|
|switch|p2a: Skarmory|Skarmory, M|333\/333
|move|p1a: Gliscor|Earthquake|p2a: Skarmory
|-immune|p2a: Skarmory|[msg]
|
|turn|4
|
|move|p1a: Gliscor|Taunt|p2a: Skarmory
|-start|p2a: Skarmory|move: Taunt
|cant|p2a: Skarmory|move: Taunt|Stealth Rock
|
|turn|5
|
|switch|p2a: Slowbro|Slowbro, F|393\/393
|move|p1a: Gliscor|Stealth Rock|p2a: Slowbro
|-sidestart|p2: JTewi|move: Stealth Rock
|
|turn|6
|
|switch|p2a: Skarmory|Skarmory, M|333\/333
|-damage|p2a: Skarmory|292\/333|[from] Stealth Rock
|move|p1a: Gliscor|U-turn|p2a: Skarmory
|-resisted|p2a: Skarmory
|-damage|p2a: Skarmory|285\/333
|
|switch|p1a: Sableye|Sableye, F|303\/303
|
|turn|7
|
|detailschange|p1a: Sableye|Sableye-Mega, F
|-mega|p1a: Sableye|Sableye|Sablenite
|move|p2a: Skarmory|Defog|p1a: Sableye
|move|p1a: Sableye|Defog|p2a: Skarmory|[from]Magic Bounce
|-unboost|p2a: Skarmory|evasion|1
|-sideend|p2: JTewi|Stealth Rock|[from] move: Defog|[of] p2a: Skarmory
|move|p1a: Sableye|Knock Off|p2a: Skarmory
|-damage|p2a: Skarmory|228\/333
|-enditem|p2a: Skarmory|Shed Shell|[from] move: Knock Off|[of] p1a: Sableye
|
|turn|8
|
|switch|p2a: Victini|Victini|155\/341
|move|p1a: Sableye|Knock Off|p2a: Victini
|-crit|p2a: Victini
|-supereffective|p2a: Victini
|-damage|p2a: Victini|0 fnt
|-enditem|p2a: Victini|Choice Band|[from] move: Knock Off|[of] p1a: Sableye
|faint|p2a: Victini
|
|-message|JTewi forfeited.
|leave|JTewi
|
|win|jerry85
|raw|Ladder updating...
|player|p2
|raw|jerry85's rating: 1615 &rarr; <strong>1635<\/strong><br \/>(+20 for winning)
|raw|JTewi's rating: 1606 &rarr; <strong>1587<\/strong><br \/>(-19 for losing)