|join|JTewi
|join|TheQuackAlt
|player|p1|JTewi|265
|player|p2|TheQuackAlt|184
|gametype|singles
|gen|6
|tier|OU
|rated
|clearpoke
|poke|p1|Venusaur, F
|poke|p1|Victini
|poke|p1|Slowbro, M
|poke|p1|Skarmory, F
|poke|p1|Cresselia, F
|poke|p1|Conkeldurr, M
|poke|p2|Clefable, M
|poke|p2|Gengar, M, shiny
|poke|p2|Azumarill, F
|poke|p2|Landorus, M, shiny
|poke|p2|Swampert, M
|poke|p2|Ferrothorn, F
|rule|Swagger Clause: Swagger is banned
|rule|Baton Pass Clause: Limit one PokÃ©mon knowing Baton Pass
|rule|Sleep Clause Mod: Limit one foe put to sleep
|rule|Species Clause: Limit one of each PokÃ©mon
|rule|OHKO Clause: OHKO moves are banned
|rule|Moody Clause: Moody is banned
|rule|Evasion Moves Clause: Evasion moves are banned
|rule|Endless Battle Clause: Forcing endless battles is banned
|rule|HP Percentage Mod: HP is shown in percentages
|teampreview
|c|âTheQuackAlt|your name seems familiar
|c|âJTewi|o.O
|
|start
|switch|p1a: Victini|Victini|341\/341
|switch|p2a: Magic Man|Gengar, M, shiny|261\/261
|turn|1
|
|switch|p2a: Swampert|Swampert, M|404\/404
|switch|p1a: Cresselia|Cresselia, F|443\/443
|
|turn|2
|
|switch|p1a: Skarmory|Skarmory, F|333\/333
|switch|p2a: Clefable|Clefable, M|394\/394
|
|turn|3
|
|move|p1a: Skarmory|Stealth Rock|p2a: Clefable
|-sidestart|p2: TheQuackAlt|move: Stealth Rock
|move|p2a: Clefable|Flamethrower|p1a: Skarmory
|-supereffective|p1a: Skarmory
|-damage|p1a: Skarmory|139\/333
|
|turn|4
|
|move|p1a: Skarmory|Roost|p1a: Skarmory
|-heal|p1a: Skarmory|306\/333
|move|p2a: Clefable|Calm Mind|p2a: Clefable
|-boost|p2a: Clefable|spa|1
|-boost|p2a: Clefable|spd|1
|
|turn|5
|
|switch|p1a: Victini|Victini|341\/341
|move|p2a: Clefable|Flamethrower|p1a: Victini
|-resisted|p1a: Victini
|-damage|p1a: Victini|294\/341
|
|turn|6
|
|switch|p2a: Swampert|Swampert, M|404\/404
|-damage|p2a: Swampert|379\/404|[from] Stealth Rock
|move|p1a: Victini|V-create|p2a: Swampert
|-resisted|p2a: Swampert
|-damage|p2a: Swampert|151\/404
|-unboost|p1a: Victini|def|1
|-unboost|p1a: Victini|spd|1
|-unboost|p1a: Victini|spe|1
|
|turn|7
|
|switch|p1a: Slowbro|Slowbro, M|393\/393
|detailschange|p2a: Swampert|Swampert-Mega, M
|-mega|p2a: Swampert|Swampert|Swampertite
|move|p2a: Swampert|Rest|p2a: Swampert
|-status|p2a: Swampert|slp
|-heal|p2a: Swampert|404\/404 slp|[silent]
|-status|p2a: Swampert|slp|[from] move: Rest
|
|turn|8
|
|switch|p2a: Clefable|Clefable, M|394\/394
|move|p1a: Slowbro|Trick Room|p1a: Slowbro
|-fieldstart|move: Trick Room|[of] p1a: Slowbro
|
|turn|9
|
|switch|p1a: Victini|Victini|294\/341
|move|p2a: Clefable|Calm Mind|p2a: Clefable
|-boost|p2a: Clefable|spa|1
|-boost|p2a: Clefable|spd|1
|
|turn|10
|
|move|p2a: Clefable|Soft-Boiled|p2a: Clefable
|-fail|p2a: Clefable
|move|p1a: Victini|V-create|p2a: Clefable
|-damage|p2a: Clefable|0 fnt
|-unboost|p1a: Victini|def|1
|-unboost|p1a: Victini|spd|1
|-unboost|p1a: Victini|spe|1
|faint|p2a: Clefable
|
|c|âTheQuackAlt|oops
|
|switch|p2a: Azumarill|Azumarill, F|401\/401
|-damage|p2a: Azumarill|351\/401|[from] Stealth Rock
|turn|11
|c|âJTewi|missclick?
|c|âTheQuackAlt|yea
|c|âJTewi|:\/
|
|switch|p2a: Cinnamon Bun|Landorus, M, shiny|319\/319
|-damage|p2a: Cinnamon Bun|280\/319|[from] Stealth Rock
|switch|p1a: Venusaur|Venusaur, F|363\/363
|
|turn|12
|
|switch|p1a: Cresselia|Cresselia, F|443\/443
|move|p2a: Cinnamon Bun|Psychic|p1a: Cresselia
|-resisted|p1a: Cresselia
|-damage|p1a: Cresselia|392\/443
|
|-heal|p1a: Cresselia|419\/443|[from] item: Leftovers
|-fieldend|move: Trick Room
|turn|13
|
|switch|p2a: Swampert|Swampert-Mega, M|404\/404 slp
|-damage|p2a: Swampert|379\/404 slp|[from] Stealth Rock
|move|p1a: Cresselia|Ice Beam|p2a: Swampert
|-damage|p2a: Swampert|343\/404 slp
|
|-heal|p1a: Cresselia|443\/443|[from] item: Leftovers
|turn|14
|
|switch|p1a: Venusaur|Venusaur, F|363\/363
|cant|p2a: Swampert|slp
|move|p2a: Swampert|Sleep Talk|p2a: Swampert
|move|p2a: Swampert|Curse|p2a: Swampert|[from]Sleep Talk
|-boost|p2a: Swampert|atk|1
|-boost|p2a: Swampert|def|1
|-unboost|p2a: Swampert|spe|1
|
|turn|15
|
|switch|p2a: Treetrunks|Ferrothorn, F|352\/352
|-damage|p2a: Treetrunks|330\/352|[from] Stealth Rock
|detailschange|p1a: Venusaur|Venusaur-Mega, F
|-mega|p1a: Venusaur|Venusaur|Venusaurite
|move|p1a: Venusaur|Hidden Power|p2a: Treetrunks
|-supereffective|p2a: Treetrunks
|-damage|p2a: Treetrunks|234\/352
|
|turn|16
|
|move|p1a: Venusaur|Hidden Power|p2a: Treetrunks
|-supereffective|p2a: Treetrunks
|-damage|p2a: Treetrunks|142\/352
|move|p2a: Treetrunks|Stealth Rock|p1a: Venusaur
|-sidestart|p1: JTewi|move: Stealth Rock
|
|turn|17
|
|switch|p2a: Cinnamon Bun|Landorus, M, shiny|280\/319
|-damage|p2a: Cinnamon Bun|241\/319|[from] Stealth Rock
|move|p1a: Venusaur|Giga Drain|p2a: Cinnamon Bun
|-crit|p2a: Cinnamon Bun
|-damage|p2a: Cinnamon Bun|61\/319
|
|turn|18
|
|switch|p2a: Magic Man|Gengar, M, shiny|261\/261
|-damage|p2a: Magic Man|229\/261|[from] Stealth Rock
|switch|p1a: Cresselia|Cresselia, F|443\/443
|-damage|p1a: Cresselia|388\/443|[from] Stealth Rock
|
|-heal|p1a: Cresselia|415\/443|[from] item: Leftovers
|turn|19
|
|move|p2a: Magic Man|Shadow Ball|p1a: Cresselia
|-supereffective|p1a: Cresselia
|-damage|p1a: Cresselia|171\/443
|-unboost|p1a: Cresselia|spd|1
|-damage|p2a: Magic Man|203\/261|[from] item: Life Orb
|move|p1a: Cresselia|Trick Room|p1a: Cresselia
|-fieldstart|move: Trick Room|[of] p1a: Cresselia
|
|-heal|p1a: Cresselia|198\/443|[from] item: Leftovers
|turn|20
|
|switch|p1a: Venusaur|Venusaur-Mega, F|363\/363
|-damage|p1a: Venusaur|318\/363|[from] Stealth Rock
|move|p2a: Magic Man|Shadow Ball|p1a: Venusaur
|-damage|p1a: Venusaur|162\/363
|-damage|p2a: Magic Man|177\/261|[from] item: Life Orb
|
|turn|21
|
|move|p1a: Venusaur|Giga Drain|p2a: Magic Man
|-resisted|p2a: Magic Man
|-damage|p2a: Magic Man|110\/261
|-heal|p1a: Venusaur|196\/363|[from] drain|[of] p2a: Magic Man
|move|p2a: Magic Man|Sludge Wave|p1a: Venusaur
|-damage|p1a: Venusaur|8\/363
|-damage|p2a: Magic Man|84\/261|[from] item: Life Orb
|
|turn|22
|
|move|p1a: Venusaur|Synthesis|p1a: Venusaur
|-heal|p1a: Venusaur|189\/363
|move|p2a: Magic Man|Shadow Ball|p1a: Venusaur
|-damage|p1a: Venusaur|43\/363
|-damage|p2a: Magic Man|58\/261|[from] item: Life Orb
|
|turn|23
|
|switch|p2a: Treetrunks|Ferrothorn, F|142\/352
|-damage|p2a: Treetrunks|120\/352|[from] Stealth Rock
|move|p1a: Venusaur|Giga Drain|p2a: Treetrunks
|-resisted|p2a: Treetrunks
|-damage|p2a: Treetrunks|95\/352
|-heal|p1a: Venusaur|56\/363|[from] drain|[of] p2a: Treetrunks
|
|-fieldend|move: Trick Room
|turn|24
|
|switch|p2a: Azumarill|Azumarill, F|351\/401
|-damage|p2a: Azumarill|301\/401|[from] Stealth Rock
|move|p1a: Venusaur|Synthesis|p1a: Venusaur
|-heal|p1a: Venusaur|237\/363
|
|turn|25
|
|switch|p2a: Treetrunks|Ferrothorn, F|95\/352
|-damage|p2a: Treetrunks|73\/352|[from] Stealth Rock
|move|p1a: Venusaur|Giga Drain|p2a: Treetrunks
|-resisted|p2a: Treetrunks
|-damage|p2a: Treetrunks|49\/352
|-heal|p1a: Venusaur|249\/363|[from] drain|[of] p2a: Treetrunks
|
|turn|26
|
|move|p1a: Venusaur|Hidden Power|p2a: Treetrunks
|-supereffective|p2a: Treetrunks
|-damage|p2a: Treetrunks|0 fnt
|faint|p2a: Treetrunks
|
|
|switch|p2a: Cinnamon Bun|Landorus, M, shiny|61\/319
|-damage|p2a: Cinnamon Bun|22\/319|[from] Stealth Rock
|turn|27
|
|switch|p1a: Victini|Victini|294\/341
|-damage|p1a: Victini|209\/341|[from] Stealth Rock
|move|p2a: Cinnamon Bun|Psychic|p1a: Victini
|-resisted|p1a: Victini
|-damage|p1a: Victini|131\/341
|
|turn|28
|
|move|p2a: Cinnamon Bun|Psychic|p1a: Victini
|-resisted|p1a: Victini
|-damage|p1a: Victini|54\/341
|move|p1a: Victini|V-create|p2a: Cinnamon Bun
|-damage|p2a: Cinnamon Bun|0 fnt
|-unboost|p1a: Victini|def|1
|-unboost|p1a: Victini|spd|1
|-unboost|p1a: Victini|spe|1
|faint|p2a: Cinnamon Bun
|
|
|switch|p2a: Azumarill|Azumarill, F|301\/401
|-damage|p2a: Azumarill|251\/401|[from] Stealth Rock
|turn|29
|
|switch|p1a: Venusaur|Venusaur-Mega, F|249\/363
|-damage|p1a: Venusaur|204\/363|[from] Stealth Rock
|move|p2a: Azumarill|Knock Off|p1a: Venusaur
|-damage|p1a: Venusaur|147\/363
|
|turn|30
|
|move|p1a: Venusaur|Giga Drain|p2a: Azumarill
|-supereffective|p2a: Azumarill
|-damage|p2a: Azumarill|93\/401
|-heal|p1a: Venusaur|226\/363|[from] drain|[of] p2a: Azumarill
|move|p2a: Azumarill|Waterfall|p1a: Venusaur
|-resisted|p1a: Venusaur
|-damage|p1a: Venusaur|169\/363
|
|turn|31
|
|move|p1a: Venusaur|Synthesis|p1a: Venusaur
|-heal|p1a: Venusaur|350\/363
|move|p2a: Azumarill|Waterfall|p1a: Venusaur
|-resisted|p1a: Venusaur
|-damage|p1a: Venusaur|297\/363
|
|turn|32
|
|move|p2a: Azumarill|Aqua Jet|p1a: Venusaur
|-resisted|p1a: Venusaur
|-damage|p1a: Venusaur|269\/363
|move|p1a: Venusaur|Giga Drain|p2a: Azumarill
|-supereffective|p2a: Azumarill
|-damage|p2a: Azumarill|0 fnt
|-heal|p1a: Venusaur|316\/363|[from] drain|[of] p2a: Azumarill
|faint|p2a: Azumarill
|
|
|switch|p2a: Magic Man|Gengar, M, shiny|58\/261
|-damage|p2a: Magic Man|26\/261|[from] Stealth Rock
|turn|33
|
|move|p2a: Magic Man|Sludge Wave|p1a: Venusaur
|-damage|p1a: Venusaur|133\/363
|-damage|p2a: Magic Man|0 fnt|[from] item: Life Orb
|faint|p2a: Magic Man
|move|p1a: Venusaur|Giga Drain|p2: Magic Man|[notarget]
|-notarget
|
|
|switch|p2a: Swampert|Swampert-Mega, M|343\/404 slp
|-damage|p2a: Swampert|318\/404 slp|[from] Stealth Rock
|turn|34
|
|switch|p1a: Cresselia|Cresselia, F|198\/443
|-damage|p1a: Cresselia|143\/443|[from] Stealth Rock
|cant|p2a: Swampert|slp
|move|p2a: Swampert|Sleep Talk|p2a: Swampert
|move|p2a: Swampert|Waterfall|p1a: Cresselia|[from]Sleep Talk
|-damage|p1a: Cresselia|34\/443
|
|-heal|p1a: Cresselia|61\/443|[from] item: Leftovers
|turn|35
|
|-curestatus|p2a: Swampert|slp
|move|p2a: Swampert|Curse|p2a: Swampert
|-boost|p2a: Swampert|atk|1
|-boost|p2a: Swampert|def|1
|-unboost|p2a: Swampert|spe|1
|move|p1a: Cresselia|Lunar Dance|p1a: Cresselia
|faint|p1a: Cresselia
|
|
|switch|p1a: Venusaur|Venusaur-Mega, F|133\/363
|-heal|p1a: Venusaur|363\/363|[from] move: Lunar Dance
|-damage|p1a: Venusaur|318\/363|[from] Stealth Rock
|turn|36
|
|move|p1a: Venusaur|Giga Drain|p2a: Swampert
|-supereffective|p2a: Swampert
|-damage|p2a: Swampert|26\/404
|-heal|p1a: Venusaur|363\/363|[from] drain|[of] p2a: Swampert
|move|p2a: Swampert|Waterfall|p1a: Venusaur
|-resisted|p1a: Venusaur
|-damage|p1a: Venusaur|300\/363
|
|turn|37
|c|âJTewi|gg
|-message|TheQuackAlt forfeited.
|
|win|JTewi
|raw|Ladder updating...
|leave|TheQuackAlt
|player|p2
|raw|JTewi's rating: 1575 &rarr; <strong>1590<\/strong><br \/>(+15 for winning)
|raw|TheQuackAlt's rating: 1486 &rarr; <strong>1471<\/strong><br \/>(-15 for losing)