|join|JTewi
|join|Raikou Klux Klan
|player|p1|JTewi|265
|player|p2|Raikou Klux Klan|274
|gametype|singles
|gen|6
|tier|OU
|rated
|clearpoke
|poke|p1|Tyranitar, F
|poke|p1|Clefable, M
|poke|p1|Heatran, F
|poke|p1|Latias, F
|poke|p1|Politoed, F
|poke|p1|Chesnaught, F
|poke|p2|Talonflame, M
|poke|p2|Mamoswine, M
|poke|p2|Gyarados, M
|poke|p2|Latias, F
|poke|p2|Bisharp, M
|poke|p2|Gengar, M, shiny
|rule|Swagger Clause: Swagger is banned
|rule|Baton Pass Clause: Limit one PokÃ©mon knowing Baton Pass
|rule|Sleep Clause Mod: Limit one foe put to sleep
|rule|Species Clause: Limit one of each PokÃ©mon
|rule|OHKO Clause: OHKO moves are banned
|rule|Moody Clause: Moody is banned
|rule|Evasion Moves Clause: Evasion moves are banned
|rule|Endless Battle Clause: Forcing endless battles is banned
|rule|HP Percentage Mod: HP is shown in percentages
|teampreview
|join|WhyWouldUSashThat
|
|start
|switch|p1a: Clefable|Clefable, M|394\/394
|switch|p2a: Mamoswine|Mamoswine, M|361\/361
|turn|1
|
|move|p2a: Mamoswine|Stealth Rock|p1a: Clefable
|-sidestart|p1: JTewi|move: Stealth Rock
|move|p1a: Clefable|Stealth Rock|p2a: Mamoswine
|-sidestart|p2: Raikou Klux Klan|move: Stealth Rock
|
|turn|2
|
|move|p2a: Mamoswine|Earthquake|p1a: Clefable
|-damage|p1a: Clefable|234\/394
|move|p1a: Clefable|Moonblast|p2a: Mamoswine
|-damage|p2a: Mamoswine|189\/361
|-unboost|p2a: Mamoswine|spa|1
|
|-heal|p1a: Clefable|258\/394|[from] item: Leftovers
|turn|3
|
|switch|p1a: Chesnaught|Chesnaught, F|379\/379
|-damage|p1a: Chesnaught|356\/379|[from] Stealth Rock
|move|p2a: Mamoswine|Earthquake|p1a: Chesnaught
|-resisted|p1a: Chesnaught
|-damage|p1a: Chesnaught|294\/379
|
|-heal|p1a: Chesnaught|317\/379|[from] item: Leftovers
|turn|4
|
|switch|p2a: Latias|Latias, F|299\/299
|-damage|p2a: Latias|262\/299|[from] Stealth Rock
|move|p1a: Chesnaught|Spiky Shield|p1a: Chesnaught
|-fail|p1a: Chesnaught
|
|-heal|p1a: Chesnaught|340\/379|[from] item: Leftovers
|turn|5
|
|switch|p1a: Tyranitar|Tyranitar, F|341\/341
|-damage|p1a: Tyranitar|299\/341|[from] Stealth Rock
|-weather|Sandstorm
|move|p2a: Latias|Defog|p1a: Tyranitar
|-unboost|p1a: Tyranitar|evasion|1
|-sideend|p1: JTewi|Stealth Rock|[from] move: Defog|[of] p1a: Tyranitar
|-sideend|p2: Raikou Klux Klan|Stealth Rock|[from] move: Defog|[of] p2a: Latias
|
|-weather|Sandstorm|[upkeep]
|-damage|p2a: Latias|244\/299|[from] sandstorm
|turn|6
|join|Mula Bula
|
|move|p1a: Tyranitar|Pursuit|p2a: Latias|[from]Pursuit
|-supereffective|p2a: Latias
|-damage|p2a: Latias|0 fnt
|faint|p2a: Latias
|
|-weather|Sandstorm|[upkeep]
|
|switch|p2a: Bisharp|Bisharp, M|271\/271
|turn|7
|
|switch|p1a: Chesnaught|Chesnaught, F|340\/379
|move|p2a: Bisharp|Swords Dance|p2a: Bisharp
|-boost|p2a: Bisharp|atk|2
|
|-weather|Sandstorm|[upkeep]
|-damage|p1a: Chesnaught|317\/379|[from] sandstorm
|-heal|p1a: Chesnaught|340\/379|[from] item: Leftovers
|turn|8
|
|move|p2a: Bisharp|Iron Head|p1a: Chesnaught
|-damage|p1a: Chesnaught|145\/379
|cant|p1a: Chesnaught|flinch
|
|-weather|Sandstorm|[upkeep]
|-damage|p1a: Chesnaught|122\/379|[from] sandstorm
|-heal|p1a: Chesnaught|145\/379|[from] item: Leftovers
|turn|9
|
|move|p1a: Chesnaught|Spiky Shield|p1a: Chesnaught
|-singleturn|p1a: Chesnaught|move: Protect
|move|p2a: Bisharp|Swords Dance|p2a: Bisharp
|-boost|p2a: Bisharp|atk|2
|
|-weather|none
|-heal|p1a: Chesnaught|168\/379|[from] item: Leftovers
|turn|10
|
|move|p2a: Bisharp|Iron Head|p1a: Chesnaught
|-damage|p1a: Chesnaught|0 fnt
|faint|p1a: Chesnaught
|
|
|switch|p1a: Tyranitar|Tyranitar, F|299\/341
|-weather|Sandstorm
|turn|11
|
|move|p1a: Tyranitar|Earthquake|p2a: Bisharp
|-supereffective|p2a: Bisharp
|-damage|p2a: Bisharp|47\/271
|move|p2a: Bisharp|Iron Head|p1a: Tyranitar
|-supereffective|p1a: Tyranitar
|-damage|p1a: Tyranitar|0 fnt
|faint|p1a: Tyranitar
|
|-weather|Sandstorm|[upkeep]
|
|switch|p1a: Latias|Latias, F|364\/364
|turn|12
|
|detailschange|p1a: Latias|Latias-Mega, F
|-mega|p1a: Latias|Latias|Latiasite
|move|p2a: Bisharp|Sucker Punch|p1a: Latias
|-fail|p1a: Latias
|move|p1a: Latias|Roost|p1a: Latias
|-fail|p1a: Latias
|
|-weather|Sandstorm|[upkeep]
|-damage|p1a: Latias|342\/364|[from] sandstorm
|turn|13
|
|move|p2a: Bisharp|Sucker Punch|p1a: Latias
|-supereffective|p1a: Latias
|-damage|p1a: Latias|0 fnt
|faint|p1a: Latias
|
|-weather|Sandstorm|[upkeep]
|-message|JTewi forfeited.
|leave|JTewi
|
|win|Raikou Klux Klan
|raw|Ladder updating...
|player|p1
|raw|JTewi's rating: 1544 &rarr; <strong>1521<\/strong><br \/>(-23 for losing)
|raw|Raikou Klux Klan's rating: 1500 &rarr; <strong>1522<\/strong><br \/>(+22 for winning)
|leave|Mula Bula