|join|Mister vreo
|join|JTewi
|player|p1|Mister vreo|293
|player|p2|JTewi|102
|gametype|singles
|gen|6
|tier|OU
|rated
|clearpoke
|poke|p1|Sceptile, M
|poke|p1|Heatran, F
|poke|p1|Keldeo
|poke|p1|Rotom-Wash
|poke|p1|Landorus-Therian, M
|poke|p1|Gengar, F
|poke|p2|Venusaur, F
|poke|p2|Victini
|poke|p2|Slowbro, F
|poke|p2|Skarmory, F
|poke|p2|Cresselia, F
|poke|p2|Crawdaunt, M
|rule|Swagger Clause: Swagger is banned
|rule|Baton Pass Clause: Limit one PokÃ©mon knowing Baton Pass
|rule|Sleep Clause Mod: Limit one foe put to sleep
|rule|Species Clause: Limit one of each PokÃ©mon
|rule|OHKO Clause: OHKO moves are banned
|rule|Moody Clause: Moody is banned
|rule|Evasion Moves Clause: Evasion moves are banned
|rule|Endless Battle Clause: Forcing endless battles is banned
|rule|HP Percentage Mod: HP is shown in percentages
|teampreview
|c|âMister vreo|gl
|c|âJTewi|gl2
|
|start
|switch|p1a: Gengar|Gengar, F|324\/324
|switch|p2a: Venusaur|Venusaur, F|363\/363
|turn|1
|
|detailschange|p2a: Venusaur|Venusaur-Mega, F
|-mega|p2a: Venusaur|Venusaur|Venusaurite
|move|p1a: Gengar|Taunt|p2a: Venusaur
|-start|p2a: Venusaur|move: Taunt
|cant|p2a: Venusaur|move: Taunt|Synthesis
|
|turn|2
|
|switch|p2a: Crawdaunt|Crawdaunt, M|330\/330
|move|p1a: Gengar|Will-O-Wisp|p2a: Crawdaunt
|-status|p2a: Crawdaunt|brn
|
|-damage|p2a: Crawdaunt|289\/330 brn|[from] brn
|turn|3
|
|switch|p1a: Rotom-Wash|Rotom-Wash|303\/303
|move|p2a: Crawdaunt|Knock Off|p1a: Rotom-Wash
|-damage|p1a: Rotom-Wash|169\/303
|-enditem|p1a: Rotom-Wash|Leftovers|[from] move: Knock Off|[of] p2a: Crawdaunt
|
|-damage|p2a: Crawdaunt|248\/330 brn|[from] brn
|turn|4
|
|switch|p2a: Venusaur|Venusaur-Mega, F|363\/363
|move|p1a: Rotom-Wash|Volt Switch|p2a: Venusaur
|-resisted|p2a: Venusaur
|-damage|p2a: Venusaur|327\/363
|
|switch|p1a: Gengar|Gengar, F|324\/324
|
|turn|5
|
|switch|p2a: Victini|Victini|341\/341
|move|p1a: Gengar|Shadow Ball|p2a: Victini
|-supereffective|p2a: Victini
|-damage|p2a: Victini|19\/341
|-unboost|p2a: Victini|spd|1
|-damage|p1a: Gengar|292\/324|[from] item: Life Orb
|
|turn|6
|
|switch|p1a: Heatran|Heatran, F|385\/385
|move|p2a: Victini|Trick|p1a: Heatran
|-activate|p2a: Victini|move: Trick|[of] p1a: Heatran
|-item|p1a: Heatran|Choice Band|[from] move: Trick
|-item|p2a: Victini|Leftovers|[from] move: Trick
|
|-heal|p2a: Victini|40\/341|[from] item: Leftovers
|turn|7
|
|move|p2a: Victini|Bolt Strike|p1a: Heatran
|-damage|p1a: Heatran|245\/385
|move|p1a: Heatran|Stealth Rock|p2a: Victini
|-sidestart|p2: JTewi|move: Stealth Rock
|
|-heal|p2a: Victini|61\/341|[from] item: Leftovers
|turn|8
|
|switch|p1a: Landorus-Therian|Landorus-Therian, M|322\/322
|-ability|p1a: Landorus-Therian|Intimidate|[of] p2a: Victini
|-unboost|p2a: Victini|atk|1
|move|p2a: Victini|V-create|p1a: Landorus-Therian
|-damage|p1a: Landorus-Therian|117\/322
|-unboost|p2a: Victini|def|1
|-unboost|p2a: Victini|spd|1
|-unboost|p2a: Victini|spe|1
|
|-heal|p2a: Victini|82\/341|[from] item: Leftovers
|turn|9
|
|move|p1a: Landorus-Therian|U-turn|p2a: Victini
|-damage|p2a: Victini|0 fnt
|faint|p2a: Victini
|
|switch|p1a: Gengar|Gengar, F|292\/324
|
|
|switch|p2a: Venusaur|Venusaur-Mega, F|327\/363
|-damage|p2a: Venusaur|282\/363|[from] Stealth Rock
|turn|10
|
|move|p1a: Gengar|Will-O-Wisp|p2a: Venusaur|[miss]
|-miss|p1a: Gengar|p2a: Venusaur
|move|p2a: Venusaur|Giga Drain|p1a: Gengar
|-resisted|p1a: Gengar
|-damage|p1a: Gengar|223\/324
|-heal|p2a: Venusaur|317\/363|[from] drain|[of] p1a: Gengar
|
|turn|11
|
|move|p1a: Gengar|Sludge Wave|p2a: Venusaur
|-damage|p2a: Venusaur|161\/363
|-damage|p1a: Gengar|191\/324|[from] item: Life Orb
|move|p2a: Venusaur|Giga Drain|p1a: Gengar
|-resisted|p1a: Gengar
|-damage|p1a: Gengar|127\/324
|-heal|p2a: Venusaur|193\/363|[from] drain|[of] p1a: Gengar
|
|turn|12
|
|switch|p1a: Sceptile|Sceptile, M|282\/282
|move|p2a: Venusaur|Synthesis|p2a: Venusaur
|-heal|p2a: Venusaur|363\/363
|
|turn|13
|
|detailschange|p1a: Sceptile|Sceptile-Mega, M
|-mega|p1a: Sceptile|Sceptile|Sceptilite
|move|p1a: Sceptile|Dragon Pulse|p2a: Venusaur
|-damage|p2a: Venusaur|215\/363
|move|p2a: Venusaur|Sludge Bomb|p1a: Sceptile
|-supereffective|p1a: Sceptile
|-damage|p1a: Sceptile|0 fnt
|faint|p1a: Sceptile
|
|c|âMister vreo|good predict
|c|âJTewi|thx
|
|switch|p1a: Landorus-Therian|Landorus-Therian, M|117\/322
|-ability|p1a: Landorus-Therian|Intimidate|[of] p2a: Venusaur
|-unboost|p2a: Venusaur|atk|1
|turn|14
|c|âJTewi|you see really  well my gengar weakness too
|c|âJTewi|:P
|c|âMister vreo|yes
|c|âMister vreo|but I've no pokemon for venusaur
|
|move|p1a: Landorus-Therian|U-turn|p2a: Venusaur
|-damage|p2a: Venusaur|154\/363
|
|switch|p1a: Heatran|Heatran, F|245\/385
|move|p2a: Venusaur|Synthesis|p2a: Venusaur
|-heal|p2a: Venusaur|335\/363
|
|turn|15
|c|âJTewi|you have 3 potential burners, its enough , i need a cleric
|c|âJTewi|x.x
|c|âMister vreo|If wow not mis
|c|âMister vreo|*miss
|
|switch|p2a: Slowbro|Slowbro, F|393\/393
|-damage|p2a: Slowbro|344\/393|[from] Stealth Rock
|move|p1a: Heatran|Lava Plume|p2a: Slowbro
|-resisted|p2a: Slowbro
|-damage|p2a: Slowbro|273\/393
|
|-heal|p2a: Slowbro|297\/393|[from] item: Leftovers
|turn|16
|c|âJTewi|this happens, i lose a match before for a bolt strike miss
|c|âJTewi|sorry
|
|switch|p1a: Rotom-Wash|Rotom-Wash|169\/303
|move|p2a: Slowbro|Scald|p1a: Rotom-Wash
|-resisted|p1a: Rotom-Wash
|-damage|p1a: Rotom-Wash|127\/303
|
|-heal|p2a: Slowbro|321\/393|[from] item: Leftovers
|turn|17
|
|switch|p2a: Cresselia|Cresselia, F|443\/443
|-damage|p2a: Cresselia|388\/443|[from] Stealth Rock
|move|p1a: Rotom-Wash|Will-O-Wisp|p2a: Cresselia
|-status|p2a: Cresselia|brn
|
|-heal|p2a: Cresselia|415\/443 brn|[from] item: Leftovers
|-damage|p2a: Cresselia|360\/443 brn|[from] brn
|turn|18
|
|move|p1a: Rotom-Wash|Volt Switch|p2a: Cresselia
|-damage|p2a: Cresselia|308\/443 brn
|
|switch|p1a: Keldeo|Keldeo|323\/323
|move|p2a: Cresselia|Trick Room|p2a: Cresselia
|-fieldstart|move: Trick Room|[of] p2a: Cresselia
|
|-heal|p2a: Cresselia|335\/443 brn|[from] item: Leftovers
|-damage|p2a: Cresselia|280\/443 brn|[from] brn
|turn|19
|
|switch|p2a: Slowbro|Slowbro, F|393\/393
|-damage|p2a: Slowbro|344\/393|[from] Stealth Rock
|move|p1a: Keldeo|Hydro Pump|p2a: Slowbro
|-resisted|p2a: Slowbro
|-damage|p2a: Slowbro|164\/393
|
|-heal|p2a: Slowbro|188\/393|[from] item: Leftovers
|turn|20
|
|move|p2a: Slowbro|Toxic|p1a: Keldeo
|-status|p1a: Keldeo|tox
|move|p1a: Keldeo|Hydro Pump|p2a: Slowbro
|-resisted|p2a: Slowbro
|-damage|p2a: Slowbro|8\/393
|
|-heal|p2a: Slowbro|32\/393|[from] item: Leftovers
|-damage|p1a: Keldeo|303\/323 tox|[from] psn
|turn|21
|
|switch|p1a: Rotom-Wash|Rotom-Wash|127\/303
|move|p2a: Slowbro|Slack Off|p2a: Slowbro
|-heal|p2a: Slowbro|229\/393
|
|-heal|p2a: Slowbro|253\/393|[from] item: Leftovers
|turn|22
|
|switch|p2a: Venusaur|Venusaur-Mega, F|335\/363
|-damage|p2a: Venusaur|290\/363|[from] Stealth Rock
|move|p1a: Rotom-Wash|Volt Switch|p2a: Venusaur
|-resisted|p2a: Venusaur
|-damage|p2a: Venusaur|250\/363
|
|switch|p1a: Landorus-Therian|Landorus-Therian, M|117\/322
|-ability|p1a: Landorus-Therian|Intimidate|[of] p2a: Venusaur
|-unboost|p2a: Venusaur|atk|1
|
|-fieldend|move: Trick Room
|turn|23
|
|move|p1a: Landorus-Therian|U-turn|p2a: Venusaur
|-damage|p2a: Venusaur|190\/363
|c|âMister vreo|venusaur stall my team
|
|switch|p1a: Gengar|Gengar, F|127\/324
|move|p2a: Venusaur|Synthesis|p2a: Venusaur
|-heal|p2a: Venusaur|363\/363
|
|turn|24
|c|âMister vreo|I've nothing
|c|âMister vreo|and I play bed
|c|âMister vreo|*bad
|c|âMister vreo|miss
|
|move|p1a: Gengar|Sludge Wave|p2a: Venusaur
|-damage|p2a: Venusaur|210\/363
|-damage|p1a: Gengar|95\/324|[from] item: Life Orb
|move|p2a: Venusaur|Giga Drain|p1a: Gengar
|-resisted|p1a: Gengar
|-damage|p1a: Gengar|30\/324
|-heal|p2a: Venusaur|243\/363|[from] drain|[of] p1a: Gengar
|
|turn|25
|c|âJTewi|for now, yoy are wining me
|c|âJTewi|burned
|c|âJTewi|crawdawnt
|c|âJTewi|its nothinh
|c|âJTewi|its like a 5 to 4
|
|switch|p2a: Skarmory|Skarmory, F|333\/333
|-damage|p2a: Skarmory|292\/333|[from] Stealth Rock
|move|p1a: Gengar|Taunt|p2a: Skarmory
|-start|p2a: Skarmory|move: Taunt
|
|turn|26
|
|switch|p1a: Rotom-Wash|Rotom-Wash|127\/303
|move|p2a: Skarmory|Struggle|p1a: Rotom-Wash
|-damage|p1a: Rotom-Wash|104\/303
|-damage|p2a: Skarmory|209\/333
|
|turn|27
|c|âMister vreo|bbird ses
|
|move|p1a: Rotom-Wash|Volt Switch|p2a: Skarmory
|-supereffective|p2a: Skarmory
|-damage|p2a: Skarmory|0 fnt
|faint|p2a: Skarmory
|
|switch|p1a: Heatran|Heatran, F|245\/385
|
|
|switch|p2a: Cresselia|Cresselia, F|280\/443 brn
|-damage|p2a: Cresselia|225\/443 brn|[from] Stealth Rock
|turn|28
|
|move|p1a: Heatran|Taunt|p2a: Cresselia
|-start|p2a: Cresselia|move: Taunt
|cant|p2a: Cresselia|move: Taunt|Trick Room
|
|-heal|p2a: Cresselia|252\/443 brn|[from] item: Leftovers
|-damage|p2a: Cresselia|197\/443 brn|[from] brn
|turn|29
|
|switch|p1a: Landorus-Therian|Landorus-Therian, M|117\/322
|-ability|p1a: Landorus-Therian|Intimidate|[of] p2a: Cresselia
|-unboost|p2a: Cresselia|atk|1
|switch|p2a: Venusaur|Venusaur-Mega, F|243\/363
|-damage|p2a: Venusaur|198\/363|[from] Stealth Rock
|
|turn|30
|
|move|p1a: Landorus-Therian|Earthquake|p2a: Venusaur
|-damage|p2a: Venusaur|80\/363
|move|p2a: Venusaur|Synthesis|p2a: Venusaur
|-heal|p2a: Venusaur|261\/363
|
|turn|31
|
|move|p1a: Landorus-Therian|Earthquake|p2a: Venusaur
|-damage|p2a: Venusaur|144\/363
|move|p2a: Venusaur|Giga Drain|p1a: Landorus-Therian
|-damage|p1a: Landorus-Therian|0 fnt
|-heal|p2a: Venusaur|203\/363|[from] drain|[of] p1a: Landorus-Therian
|faint|p1a: Landorus-Therian
|
|
|switch|p1a: Heatran|Heatran, F|245\/385
|turn|32
|
|switch|p2a: Slowbro|Slowbro, F|384\/393
|-damage|p2a: Slowbro|335\/393|[from] Stealth Rock
|move|p1a: Heatran|Lava Plume|p2a: Slowbro
|-resisted|p2a: Slowbro
|-damage|p2a: Slowbro|266\/393
|
|-heal|p2a: Slowbro|290\/393|[from] item: Leftovers
|turn|33
|c|âJTewi|that rock is my friend now
|c|âJTewi|the entire match raping my team
|
|switch|p1a: Rotom-Wash|Rotom-Wash|104\/303
|move|p2a: Slowbro|Trick Room|p2a: Slowbro
|-fieldstart|move: Trick Room|[of] p2a: Slowbro
|
|-heal|p2a: Slowbro|314\/393|[from] item: Leftovers
|turn|34
|
|switch|p2a: Cresselia|Cresselia, F|197\/443 brn
|-damage|p2a: Cresselia|142\/443 brn|[from] Stealth Rock
|move|p1a: Rotom-Wash|Pain Split|p2a: Cresselia
|-sethp|p2a: Cresselia|123\/443 brn|p1a: Rotom-Wash|123\/303|[from] move: Pain Split
|
|-heal|p2a: Cresselia|150\/443 brn|[from] item: Leftovers
|-damage|p2a: Cresselia|95\/443 brn|[from] brn
|turn|35
|
|move|p2a: Cresselia|Lunar Dance|p2a: Cresselia
|faint|p2a: Cresselia
|move|p1a: Rotom-Wash|Volt Switch|p2: Cresselia|[notarget]
|-notarget
|
|
|switch|p2a: Crawdaunt|Crawdaunt, M|248\/330 brn
|-heal|p2a: Crawdaunt|330\/330|[from] move: Lunar Dance
|-damage|p2a: Crawdaunt|289\/330|[from] Stealth Rock
|turn|36
|
|move|p2a: Crawdaunt|Crabhammer|p1a: Rotom-Wash
|-resisted|p1a: Rotom-Wash
|-damage|p1a: Rotom-Wash|0 fnt
|faint|p1a: Rotom-Wash
|
|
|switch|p1a: Keldeo|Keldeo|303\/323 tox
|turn|37
|
|switch|p2a: Slowbro|Slowbro, F|393\/393
|-damage|p2a: Slowbro|344\/393|[from] Stealth Rock
|move|p1a: Keldeo|Scald|p2a: Slowbro
|-resisted|p2a: Slowbro
|-damage|p2a: Slowbro|228\/393
|
|-heal|p2a: Slowbro|252\/393|[from] item: Leftovers
|-damage|p1a: Keldeo|283\/323 tox|[from] psn
|-fieldend|move: Trick Room
|turn|38
|
|switch|p1a: Heatran|Heatran, F|245\/385
|move|p2a: Slowbro|Trick Room|p2a: Slowbro
|-fieldstart|move: Trick Room|[of] p2a: Slowbro
|
|-heal|p2a: Slowbro|276\/393|[from] item: Leftovers
|turn|39
|
|move|p2a: Slowbro|Scald|p1a: Heatran
|-supereffective|p1a: Heatran
|-damage|p1a: Heatran|99\/385
|move|p1a: Heatran|Toxic|p2a: Slowbro
|-status|p2a: Slowbro|tox
|
|-heal|p2a: Slowbro|300\/393 tox|[from] item: Leftovers
|-damage|p2a: Slowbro|276\/393 tox|[from] psn
|turn|40
|
|move|p2a: Slowbro|Scald|p1a: Heatran
|-supereffective|p1a: Heatran
|-damage|p1a: Heatran|0 fnt
|faint|p1a: Heatran
|
|-heal|p2a: Slowbro|300\/393 tox|[from] item: Leftovers
|-damage|p2a: Slowbro|252\/393 tox|[from] psn
|c|âMister vreo|this team it's to venusaur weav
|c|âMister vreo|*weak
|c|âMister vreo|dio porco
|c|âJTewi|dio porco?Â¿
|
|switch|p1a: Keldeo|Keldeo|283\/323 tox
|turn|41
|c|âMister vreo|god is a pig in italian
|c|âJTewi|ah :o
|
|switch|p2a: Venusaur|Venusaur-Mega, F|203\/363
|-damage|p2a: Venusaur|158\/363|[from] Stealth Rock
|move|p1a: Keldeo|Hydro Pump|p2a: Venusaur
|-resisted|p2a: Venusaur
|-damage|p2a: Venusaur|29\/363
|
|-damage|p1a: Keldeo|263\/323 tox|[from] psn
|turn|42
|c|âMister vreo|gg
|c|âJTewi|the metagame is so big, 6 pokes can take  all
|c|âMister vreo|very good battle
|c|âJTewi|its normal have weakness
|c|âJTewi|gg
|c|âJTewi|sorry for the mega abuser
|c|âJTewi|its a little lame
|c|âMister vreo|np
|
|move|p2a: Venusaur|Synthesis|p2a: Venusaur
|-heal|p2a: Venusaur|210\/363
|move|p1a: Keldeo|Hydro Pump|p2a: Venusaur
|-resisted|p2a: Venusaur
|-damage|p2a: Venusaur|96\/363
|
|-damage|p1a: Keldeo|223\/323 tox|[from] psn
|-fieldend|move: Trick Room
|turn|43
|c|âMister vreo|yes
|
|switch|p2a: Slowbro|Slowbro, F|383\/393 tox
|-damage|p2a: Slowbro|334\/393 tox|[from] Stealth Rock
|move|p1a: Keldeo|Hydro Pump|p2a: Slowbro
|-resisted|p2a: Slowbro
|-damage|p2a: Slowbro|154\/393 tox
|
|-heal|p2a: Slowbro|178\/393 tox|[from] item: Leftovers
|-damage|p1a: Keldeo|163\/323 tox|[from] psn
|-damage|p2a: Slowbro|154\/393 tox|[from] psn
|turn|44
|c|âMister vreo|A overpredict
|
|switch|p2a: Venusaur|Venusaur-Mega, F|96\/363
|-damage|p2a: Venusaur|51\/363|[from] Stealth Rock
|move|p1a: Keldeo|Hydro Pump|p2a: Venusaur
|-resisted|p2a: Venusaur
|-damage|p2a: Venusaur|0 fnt
|faint|p2a: Venusaur
|
|-damage|p1a: Keldeo|83\/323 tox|[from] psn
|c|âJTewi|yep, the chat is stronger than my mind
|c|âJTewi|haha
|c|âMister vreo|ahahha
|
|switch|p2a: Slowbro|Slowbro, F|285\/393 tox
|-damage|p2a: Slowbro|236\/393 tox|[from] Stealth Rock
|turn|45
|
|move|p1a: Keldeo|Hydro Pump|p2a: Slowbro
|-resisted|p2a: Slowbro
|-damage|p2a: Slowbro|62\/393 tox
|move|p2a: Slowbro|Trick Room|p2a: Slowbro
|-fieldstart|move: Trick Room|[of] p2a: Slowbro
|
|-heal|p2a: Slowbro|86\/393 tox|[from] item: Leftovers
|-damage|p2a: Slowbro|62\/393 tox|[from] psn
|-damage|p1a: Keldeo|0 fnt|[from] psn
|faint|p1a: Keldeo
|c|âJTewi|maybe bulky TR its not the best on OU
|c|âJTewi|but is funny
|
|switch|p1a: Gengar|Gengar, F|30\/324
|turn|46
|c|âMister vreo|yes
|c|âMister vreo|but my team it's weak venusaur
|c|âMister vreo|too weak
|c|âJTewi|x.x
|
|move|p2a: Slowbro|Scald|p1a: Gengar
|-crit|p1a: Gengar
|-damage|p1a: Gengar|0 fnt
|faint|p1a: Gengar
|
|win|JTewi
|raw|Ladder updating...
|raw|Mister vreo's rating: 1534 &rarr; <strong>1518<\/strong><br \/>(-16 for losing)
|raw|JTewi's rating: 1613 &rarr; <strong>1629<\/strong><br \/>(+16 for winning)