|join|JTewi
|join|Rukusodo
|player|p1|JTewi|101
|player|p2|Rukusodo|52
|gametype|singles
|gen|6
|tier|OU
|rated
|clearpoke
|poke|p1|Tyranitar, F
|poke|p1|Clefable, M
|poke|p1|Heatran, F
|poke|p1|Latias, F
|poke|p1|Politoed, M
|poke|p1|Chesnaught, M
|poke|p2|Metagross
|poke|p2|Volcarona, M
|poke|p2|Empoleon, M
|poke|p2|Talonflame, M
|poke|p2|Landorus-Therian, M
|poke|p2|Keldeo
|rule|Swagger Clause: Swagger is banned
|rule|Baton Pass Clause: Limit one PokÃ©mon knowing Baton Pass
|rule|Sleep Clause Mod: Limit one foe put to sleep
|rule|Species Clause: Limit one of each PokÃ©mon
|rule|OHKO Clause: OHKO moves are banned
|rule|Moody Clause: Moody is banned
|rule|Evasion Moves Clause: Evasion moves are banned
|rule|Endless Battle Clause: Forcing endless battles is banned
|rule|HP Percentage Mod: HP is shown in percentages
|teampreview
|
|start
|switch|p1a: Heatran|Heatran, F|386\/386
|switch|p2a: Lexaeus|Landorus-Therian, M|319\/319
|-ability|p2a: Lexaeus|Intimidate|[of] p1a: Heatran
|-unboost|p1a: Heatran|atk|1
|turn|1
|
|switch|p1a: Chesnaught|Chesnaught, M|379\/379
|move|p2a: Lexaeus|Earthquake|p1a: Chesnaught
|-resisted|p1a: Chesnaught
|-damage|p1a: Chesnaught|317\/379
|
|-heal|p1a: Chesnaught|340\/379|[from] item: Leftovers
|turn|2
|
|switch|p2a: Xaldin|Talonflame, M|298\/298
|move|p1a: Chesnaught|Leech Seed|p2a: Xaldin|[miss]
|-miss|p1a: Chesnaught|p2a: Xaldin
|
|-heal|p1a: Chesnaught|363\/379|[from] item: Leftovers
|turn|3
|
|switch|p1a: Heatran|Heatran, F|386\/386
|move|p2a: Xaldin|Brave Bird|p1a: Heatran
|-resisted|p1a: Heatran
|-damage|p1a: Heatran|331\/386
|-damage|p2a: Xaldin|280\/298|[from] recoil|[of] p1a: Heatran
|
|-heal|p2a: Xaldin|298\/298|[from] item: Leftovers
|-heal|p1a: Heatran|355\/386|[from] item: Leftovers
|turn|4
|
|switch|p2a: Vexen|Empoleon, M|372\/372
|move|p1a: Heatran|Stealth Rock|p2a: Vexen
|-sidestart|p2: Rukusodo|move: Stealth Rock
|
|-heal|p1a: Heatran|379\/386|[from] item: Leftovers
|turn|5
|
|switch|p1a: Politoed|Politoed, M|372\/372
|move|p2a: Vexen|Defog|p1a: Politoed
|-unboost|p1a: Politoed|evasion|1
|-sideend|p2: Rukusodo|Stealth Rock|[from] move: Defog|[of] p2a: Vexen
|
|turn|6
|
|move|p1a: Politoed|Whirlpool|p2a: Vexen
|-resisted|p2a: Vexen
|-damage|p2a: Vexen|352\/372
|-activate|p2a: Vexen|move: Whirlpool|[of] p1a: Politoed
|move|p2a: Vexen|Stealth Rock|p1a: Politoed
|-sidestart|p1: JTewi|move: Stealth Rock
|
|-heal|p2a: Vexen|372\/372|[from] item: Leftovers
|-damage|p2a: Vexen|326\/372|[from] move: Whirlpool|[partiallytrapped]
|turn|7
|
|move|p1a: Politoed|Perish Song|p1a: Politoed
|-fieldactivate|move: Perish Song
|move|p2a: Vexen|Roar|p1a: Politoed
|drag|p1a: Tyranitar|Tyranitar, F|341\/341
|-damage|p1a: Tyranitar|299\/341|[from] Stealth Rock
|-weather|Sandstorm
|
|-start|p2a: Vexen|perish3
|-weather|Sandstorm|[upkeep]
|-heal|p2a: Vexen|349\/372|[from] item: Leftovers
|-end|p2a: Vexen|Whirlpool|[partiallytrapped]
|turn|8
|
|move|p1a: Tyranitar|Ice Beam|p2a: Vexen
|-resisted|p2a: Vexen
|-damage|p2a: Vexen|332\/372
|move|p2a: Vexen|Scald|p1a: Tyranitar
|-supereffective|p1a: Tyranitar
|-damage|p1a: Tyranitar|165\/341
|-status|p1a: Tyranitar|brn
|
|-start|p2a: Vexen|perish2
|-weather|Sandstorm|[upkeep]
|-heal|p2a: Vexen|355\/372|[from] item: Leftovers
|-damage|p1a: Tyranitar|123\/341 brn|[from] brn
|turn|9
|
|switch|p1a: Clefable|Clefable, M|394\/394
|move|p2a: Vexen|Scald|p1a: Clefable
|-damage|p1a: Clefable|271\/394
|
|-start|p2a: Vexen|perish1
|-weather|Sandstorm|[upkeep]
|-heal|p2a: Vexen|372\/372|[from] item: Leftovers
|-heal|p1a: Clefable|295\/394|[from] item: Leftovers
|turn|10
|
|switch|p2a: Xemnas|Metagross|302\/302
|move|p1a: Clefable|Thunder Wave|p2a: Xemnas
|-status|p2a: Xemnas|par
|
|-weather|Sandstorm|[upkeep]
|-heal|p1a: Clefable|319\/394|[from] item: Leftovers
|turn|11
|
|switch|p1a: Chesnaught|Chesnaught, M|363\/379
|-damage|p1a: Chesnaught|340\/379|[from] Stealth Rock
|detailschange|p2a: Xemnas|Metagross-Mega
|-mega|p2a: Xemnas|Metagross|Metagrossite
|move|p2a: Xemnas|Meteor Mash|p1a: Chesnaught
|-damage|p1a: Chesnaught|190\/379
|
|-weather|none
|-heal|p1a: Chesnaught|213\/379|[from] item: Leftovers
|turn|12
|
|move|p1a: Chesnaught|Spiky Shield|p1a: Chesnaught
|-singleturn|p1a: Chesnaught|move: Protect
|move|p2a: Xemnas|Zen Headbutt|p1a: Chesnaught
|-activate|p1a: Chesnaught|move: Protect
|-damage|p2a: Xemnas|265\/302 par|[from] Spiky Shield|[of] p1a: Chesnaught
|
|-heal|p1a: Chesnaught|236\/379|[from] item: Leftovers
|turn|13
|
|switch|p1a: Heatran|Heatran, F|379\/386
|-damage|p1a: Heatran|331\/386|[from] Stealth Rock
|move|p2a: Xemnas|Zen Headbutt|p1a: Heatran
|-resisted|p1a: Heatran
|-damage|p1a: Heatran|257\/386
|
|-heal|p1a: Heatran|281\/386|[from] item: Leftovers
|turn|14
|
|switch|p2a: Lexaeus|Landorus-Therian, M|319\/319
|-ability|p2a: Lexaeus|Intimidate|[of] p1a: Heatran
|-unboost|p1a: Heatran|atk|1
|move|p1a: Heatran|Stealth Rock|p2a: Lexaeus
|-sidestart|p2: Rukusodo|move: Stealth Rock
|
|-heal|p1a: Heatran|305\/386|[from] item: Leftovers
|turn|15
|
|move|p1a: Heatran|Protect|p1a: Heatran
|-singleturn|p1a: Heatran|Protect
|move|p2a: Lexaeus|U-turn|p1a: Heatran
|-activate|p1a: Heatran|Protect
|
|-heal|p1a: Heatran|329\/386|[from] item: Leftovers
|turn|16
|
|move|p2a: Lexaeus|U-turn|p1a: Heatran
|-resisted|p1a: Heatran
|-damage|p1a: Heatran|313\/386
|
|switch|p2a: Vexen|Empoleon, M|372\/372
|-damage|p2a: Vexen|349\/372|[from] Stealth Rock
|move|p1a: Heatran|Roar|p2a: Vexen
|drag|p2a: Xemnas|Metagross-Mega|265\/302 par
|-damage|p2a: Xemnas|247\/302 par|[from] Stealth Rock
|
|-heal|p1a: Heatran|337\/386|[from] item: Leftovers
|turn|17
|
|move|p1a: Heatran|Lava Plume|p2a: Xemnas
|-supereffective|p2a: Xemnas
|-damage|p2a: Xemnas|25\/302 par
|move|p2a: Xemnas|Pursuit|p1a: Heatran
|-crit|p1a: Heatran
|-damage|p1a: Heatran|260\/386
|
|-heal|p1a: Heatran|284\/386|[from] item: Leftovers
|turn|18
|
|switch|p2a: Demyx|Keldeo|323\/323
|-damage|p2a: Demyx|303\/323|[from] Stealth Rock
|move|p1a: Heatran|Lava Plume|p2a: Demyx
|-resisted|p2a: Demyx
|-damage|p2a: Demyx|239\/323
|-status|p2a: Demyx|brn
|
|-heal|p1a: Heatran|308\/386|[from] item: Leftovers
|-damage|p2a: Demyx|199\/323 brn|[from] brn
|turn|19
|
|move|p1a: Heatran|Protect|p1a: Heatran
|-singleturn|p1a: Heatran|Protect
|move|p2a: Demyx|Secret Sword|p1a: Heatran
|-activate|p1a: Heatran|Protect
|
|-heal|p1a: Heatran|332\/386|[from] item: Leftovers
|-damage|p2a: Demyx|159\/323 brn|[from] brn
|turn|20
|
|switch|p1a: Chesnaught|Chesnaught, M|236\/379
|-damage|p1a: Chesnaught|213\/379|[from] Stealth Rock
|move|p2a: Demyx|Secret Sword|p1a: Chesnaught
|-damage|p1a: Chesnaught|57\/379
|
|-heal|p1a: Chesnaught|80\/379|[from] item: Leftovers
|-damage|p2a: Demyx|119\/323 brn|[from] brn
|turn|21
|
|move|p1a: Chesnaught|Spiky Shield|p1a: Chesnaught
|-singleturn|p1a: Chesnaught|move: Protect
|move|p2a: Demyx|Secret Sword|p1a: Chesnaught
|-activate|p1a: Chesnaught|move: Protect
|
|-heal|p1a: Chesnaught|103\/379|[from] item: Leftovers
|-damage|p2a: Demyx|79\/323 brn|[from] brn
|turn|22
|
|switch|p1a: Clefable|Clefable, M|319\/394
|move|p2a: Demyx|Secret Sword|p1a: Clefable
|-resisted|p1a: Clefable
|-damage|p1a: Clefable|220\/394
|
|-heal|p1a: Clefable|244\/394|[from] item: Leftovers
|-damage|p2a: Demyx|39\/323 brn|[from] brn
|turn|23
|
|switch|p2a: Vexen|Empoleon, M|349\/372
|-damage|p2a: Vexen|326\/372|[from] Stealth Rock
|move|p1a: Clefable|Heal Bell|p1a: Clefable
|-cureteam|p1a: Clefable|[from] move: HealBell
|
|-heal|p2a: Vexen|349\/372|[from] item: Leftovers
|-heal|p1a: Clefable|268\/394|[from] item: Leftovers
|turn|24
|
|switch|p1a: Latias|Latias, F|364\/364
|-damage|p1a: Latias|319\/364|[from] Stealth Rock
|move|p2a: Vexen|Defog|p1a: Latias
|-unboost|p1a: Latias|evasion|1
|-sideend|p1: JTewi|Stealth Rock|[from] move: Defog|[of] p1a: Latias
|-sideend|p2: Rukusodo|Stealth Rock|[from] move: Defog|[of] p2a: Vexen
|
|-heal|p2a: Vexen|372\/372|[from] item: Leftovers
|turn|25
|
|detailschange|p1a: Latias|Latias-Mega, F
|-mega|p1a: Latias|Latias|Latiasite
|move|p1a: Latias|Earthquake|p2a: Vexen
|-supereffective|p2a: Vexen
|-damage|p2a: Vexen|234\/372
|move|p2a: Vexen|Roar|p1a: Latias
|drag|p1a: Chesnaught|Chesnaught, M|103\/379
|
|-heal|p1a: Chesnaught|126\/379|[from] item: Leftovers
|-heal|p2a: Vexen|257\/372|[from] item: Leftovers
|turn|26
|
|move|p1a: Chesnaught|Drain Punch|p2a: Vexen
|-supereffective|p2a: Vexen
|-damage|p2a: Vexen|99\/372
|-heal|p1a: Chesnaught|205\/379|[from] drain|[of] p2a: Vexen
|move|p2a: Vexen|Stealth Rock|p1a: Chesnaught
|-sidestart|p1: JTewi|move: Stealth Rock
|
|-heal|p1a: Chesnaught|228\/379|[from] item: Leftovers
|-heal|p2a: Vexen|122\/372|[from] item: Leftovers
|turn|27
|
|switch|p2a: Xemnas|Metagross-Mega|25\/302 par
|move|p1a: Chesnaught|Leech Seed|p2a: Xemnas
|-start|p2a: Xemnas|move: Leech Seed
|
|-heal|p1a: Chesnaught|251\/379|[from] item: Leftovers
|-damage|p2a: Xemnas|0 fnt|[from] Leech Seed|[of] p1a: Chesnaught
|-heal|p1a: Chesnaught|276\/379|[silent]
|faint|p2a: Xemnas
|
|switch|p2a: Xaldin|Talonflame, M|298\/298
|turn|28
|
|switch|p2a: Lexaeus|Landorus-Therian, M|319\/319
|-ability|p2a: Lexaeus|Intimidate|[of] p1a: Chesnaught
|-unboost|p1a: Chesnaught|atk|1
|switch|p1a: Heatran|Heatran, F|332\/386
|-damage|p1a: Heatran|284\/386|[from] Stealth Rock
|
|-heal|p1a: Heatran|308\/386|[from] item: Leftovers
|turn|29
|
|switch|p2a: Vexen|Empoleon, M|122\/372
|move|p1a: Heatran|Protect|p1a: Heatran
|-fail|p1a: Heatran
|
|-heal|p1a: Heatran|332\/386|[from] item: Leftovers
|-heal|p2a: Vexen|145\/372|[from] item: Leftovers
|turn|30
|
|switch|p1a: Latias|Latias-Mega, F|319\/364
|-damage|p1a: Latias|274\/364|[from] Stealth Rock
|move|p2a: Vexen|Scald|p1a: Latias
|-resisted|p1a: Latias
|-damage|p1a: Latias|238\/364
|
|-heal|p2a: Vexen|168\/372|[from] item: Leftovers
|turn|31
|
|move|p1a: Latias|Defog|p2a: Vexen
|-unboost|p2a: Vexen|evasion|1
|-sideend|p1: JTewi|Stealth Rock|[from] move: Defog|[of] p1a: Latias
|move|p2a: Vexen|Scald|p1a: Latias
|-resisted|p1a: Latias
|-damage|p1a: Latias|199\/364
|
|-heal|p2a: Vexen|191\/372|[from] item: Leftovers
|turn|32
|
|switch|p2a: Lexaeus|Landorus-Therian, M|319\/319
|-ability|p2a: Lexaeus|Intimidate|[of] p1a: Latias
|-unboost|p1a: Latias|atk|1
|move|p1a: Latias|Earthquake|p2a: Lexaeus
|-immune|p2a: Lexaeus|[msg]
|
|turn|33
|
|move|p2a: Lexaeus|U-turn|p1a: Latias
|-supereffective|p1a: Latias
|-damage|p1a: Latias|77\/364
|
|switch|p2a: Vexen|Empoleon, M|191\/372
|move|p1a: Latias|Roost|p1a: Latias
|-heal|p1a: Latias|259\/364
|
|-heal|p2a: Vexen|214\/372|[from] item: Leftovers
|turn|34
|
|move|p1a: Latias|Earthquake|p2a: Vexen
|-supereffective|p2a: Vexen
|-damage|p2a: Vexen|124\/372
|move|p2a: Vexen|Scald|p1a: Latias
|-resisted|p1a: Latias
|-damage|p1a: Latias|208\/364
|
|-heal|p2a: Vexen|147\/372|[from] item: Leftovers
|turn|35
|
|switch|p2a: Xaldin|Talonflame, M|298\/298
|move|p1a: Latias|Earthquake|p2a: Xaldin
|-immune|p2a: Xaldin|[msg]
|
|turn|36
|
|switch|p1a: Heatran|Heatran, F|332\/386
|move|p2a: Xaldin|Swords Dance|p2a: Xaldin
|-boost|p2a: Xaldin|atk|2
|
|-heal|p1a: Heatran|356\/386|[from] item: Leftovers
|turn|37
|
|move|p2a: Xaldin|Brave Bird|p1a: Heatran
|-resisted|p1a: Heatran
|-damage|p1a: Heatran|258\/386
|-damage|p2a: Xaldin|266\/298|[from] recoil|[of] p1a: Heatran
|move|p1a: Heatran|Roar|p2a: Xaldin
|drag|p2a: Demyx|Keldeo|39\/323 brn
|
|-heal|p1a: Heatran|282\/386|[from] item: Leftovers
|-damage|p2a: Demyx|0 fnt|[from] brn
|faint|p2a: Demyx
|
|switch|p2a: Lexaeus|Landorus-Therian, M|319\/319
|-ability|p2a: Lexaeus|Intimidate|[of] p1a: Heatran
|-unboost|p1a: Heatran|atk|1
|turn|38
|
|move|p1a: Heatran|Protect|p1a: Heatran
|-singleturn|p1a: Heatran|Protect
|move|p2a: Lexaeus|Earthquake|p1a: Heatran
|-activate|p1a: Heatran|Protect
|
|-heal|p1a: Heatran|306\/386|[from] item: Leftovers
|turn|39
|
|switch|p1a: Latias|Latias-Mega, F|208\/364
|move|p2a: Lexaeus|Earthquake|p1a: Latias
|-immune|p1a: Latias|[msg]
|
|turn|40
|
|switch|p2a: Vexen|Empoleon, M|147\/372
|move|p1a: Latias|Psyshock|p2a: Vexen
|-resisted|p2a: Vexen
|-damage|p2a: Vexen|95\/372
|
|-heal|p2a: Vexen|118\/372|[from] item: Leftovers
|turn|41
|
|move|p1a: Latias|Earthquake|p2a: Vexen
|-supereffective|p2a: Vexen
|-damage|p2a: Vexen|0 fnt
|faint|p2a: Vexen
|
|
|switch|p2a: Xaldin|Talonflame, M|266\/298
|turn|42
|
|switch|p1a: Heatran|Heatran, F|306\/386
|move|p2a: Xaldin|Brave Bird|p1a: Heatran
|-resisted|p1a: Heatran
|-damage|p1a: Heatran|250\/386
|-damage|p2a: Xaldin|248\/298|[from] recoil|[of] p1a: Heatran
|
|-heal|p2a: Xaldin|266\/298|[from] item: Leftovers
|-heal|p1a: Heatran|274\/386|[from] item: Leftovers
|turn|43
|-message|Rukusodo forfeited.
|
|win|JTewi
|raw|Ladder updating...
|leave|Rukusodo
|player|p2
|raw|JTewi's rating: 1269 &rarr; <strong>1291<\/strong><br \/>(+22 for winning)
|raw|Rukusodo's rating: 1219 &rarr; <strong>1198<\/strong><br \/>(-21 for losing)