|join|JTewi
|join|trenhead
|player|p1|JTewi|265
|player|p2|trenhead|265
|gametype|singles
|gen|6
|tier|OU
|rated
|clearpoke
|poke|p1|Tyranitar, F
|poke|p1|Clefable, F
|poke|p1|Heatran, F
|poke|p1|Latias, F
|poke|p1|Politoed, M
|poke|p1|Chesnaught, M
|poke|p2|Alakazam, M
|poke|p2|Hydreigon, F
|poke|p2|Toxicroak, F
|poke|p2|Rotom-Wash
|poke|p2|Garchomp, F
|poke|p2|Scizor, F
|rule|Swagger Clause: Swagger is banned
|rule|Baton Pass Clause: Limit one PokÃ©mon knowing Baton Pass
|rule|Sleep Clause Mod: Limit one foe put to sleep
|rule|Species Clause: Limit one of each PokÃ©mon
|rule|OHKO Clause: OHKO moves are banned
|rule|Moody Clause: Moody is banned
|rule|Evasion Moves Clause: Evasion moves are banned
|rule|Endless Battle Clause: Forcing endless battles is banned
|rule|HP Percentage Mod: HP is shown in percentages
|teampreview
|
|start
|switch|p1a: Clefable|Clefable, F|394\/394
|switch|p2a: Rotom-Wash|Rotom-Wash|303\/303
|turn|1
|
|move|p2a: Rotom-Wash|Volt Switch|p1a: Clefable
|-crit|p1a: Clefable
|-damage|p1a: Clefable|274\/394
|
|switch|p2a: Toxicroak|Toxicroak, F|307\/307
|move|p1a: Clefable|Thunder Wave|p2a: Toxicroak
|-status|p2a: Toxicroak|par
|
|-heal|p1a: Clefable|298\/394|[from] item: Leftovers
|turn|2
|
|switch|p1a: Latias|Latias, F|364\/364
|move|p2a: Toxicroak|Gunk Shot|p1a: Latias
|-damage|p1a: Latias|161\/364
|-damage|p2a: Toxicroak|277\/307 par|[from] item: Life Orb
|
|turn|3
|
|detailschange|p1a: Latias|Latias-Mega, F
|-mega|p1a: Latias|Latias|Latiasite
|move|p2a: Toxicroak|Sucker Punch|p1a: Latias
|-fail|p1a: Latias
|move|p1a: Latias|Roost|p1a: Latias
|-heal|p1a: Latias|343\/364
|
|turn|4
|
|move|p1a: Latias|Psyshock|p2a: Toxicroak
|-supereffective|p2a: Toxicroak
|-damage|p2a: Toxicroak|0 fnt
|faint|p2a: Toxicroak
|
|
|switch|p2a: Garchomp|Garchomp, F|357\/357
|turn|5
|
|switch|p1a: Clefable|Clefable, F|298\/394
|move|p2a: Garchomp|Dragon Claw|p1a: Clefable
|-immune|p1a: Clefable|[msg]
|
|-heal|p1a: Clefable|322\/394|[from] item: Leftovers
|turn|6
|
|switch|p2a: Rotom-Wash|Rotom-Wash|303\/303
|move|p1a: Clefable|Moonblast|p2a: Rotom-Wash
|-damage|p2a: Rotom-Wash|207\/303
|
|-heal|p2a: Rotom-Wash|225\/303|[from] item: Leftovers
|-heal|p1a: Clefable|346\/394|[from] item: Leftovers
|turn|7
|
|move|p2a: Rotom-Wash|Hydro Pump|p1a: Clefable
|-damage|p1a: Clefable|226\/394
|move|p1a: Clefable|Thunder Wave|p2a: Rotom-Wash
|-fail|p2a: Rotom-Wash
|
|-heal|p2a: Rotom-Wash|243\/303|[from] item: Leftovers
|-heal|p1a: Clefable|250\/394|[from] item: Leftovers
|turn|8
|
|move|p2a: Rotom-Wash|Hydro Pump|p1a: Clefable
|-damage|p1a: Clefable|115\/394
|move|p1a: Clefable|Soft-Boiled|p1a: Clefable
|-heal|p1a: Clefable|312\/394
|
|-heal|p2a: Rotom-Wash|261\/303|[from] item: Leftovers
|-heal|p1a: Clefable|336\/394|[from] item: Leftovers
|turn|9
|
|move|p2a: Rotom-Wash|Volt Switch|p1a: Clefable
|-damage|p1a: Clefable|257\/394
|
|switch|p2a: Alakazam|Alakazam, M|251\/251
|move|p1a: Clefable|Moonblast|p2a: Alakazam
|-damage|p2a: Alakazam|146\/251
|-unboost|p2a: Alakazam|spa|1
|
|-heal|p1a: Clefable|281\/394|[from] item: Leftovers
|turn|10
|
|detailschange|p2a: Alakazam|Alakazam-Mega, M
|-mega|p2a: Alakazam|Alakazam|Alakazite
|-ability|p2a: Alakazam|Magic Guard|[from] ability: Trace|[of] p1a: Clefable
|move|p2a: Alakazam|Substitute|p2a: Alakazam
|-start|p2a: Alakazam|Substitute
|-damage|p2a: Alakazam|84\/251
|move|p1a: Clefable|Thunder Wave|p2a: Alakazam
|
|-heal|p1a: Clefable|305\/394|[from] item: Leftovers
|turn|11
|
|switch|p1a: Latias|Latias-Mega, F|343\/364
|move|p2a: Alakazam|Shadow Ball|p1a: Latias
|-supereffective|p1a: Latias
|-damage|p1a: Latias|215\/364
|
|turn|12
|
|move|p2a: Alakazam|Shadow Ball|p1a: Latias
|-supereffective|p1a: Latias
|-damage|p1a: Latias|95\/364
|-unboost|p1a: Latias|spd|1
|move|p1a: Latias|Earthquake|p2a: Alakazam
|-end|p2a: Alakazam|Substitute
|
|turn|13
|
|switch|p1a: Tyranitar|Tyranitar, F|341\/341
|-weather|Sandstorm
|move|p2a: Alakazam|Shadow Ball|p1a: Tyranitar
|-resisted|p1a: Tyranitar
|-damage|p1a: Tyranitar|313\/341
|
|-weather|Sandstorm|[upkeep]
|turn|14
|
|move|p2a: Alakazam|Focus Blast|p1a: Tyranitar|[miss]
|-miss|p2a: Alakazam|p1a: Tyranitar
|move|p1a: Tyranitar|Pursuit|p2a: Alakazam
|-supereffective|p2a: Alakazam
|-damage|p2a: Alakazam|0 fnt
|faint|p2a: Alakazam
|
|-weather|Sandstorm|[upkeep]
|
|switch|p2a: Scizor|Scizor, F|344\/344
|turn|15
|
|switch|p1a: Chesnaught|Chesnaught, M|379\/379
|move|p2a: Scizor|U-turn|p1a: Chesnaught
|-damage|p1a: Chesnaught|282\/379
|
|switch|p2a: Hydreigon|Hydreigon, F|325\/325
|
|-weather|Sandstorm|[upkeep]
|-damage|p2a: Hydreigon|305\/325|[from] sandstorm
|-damage|p1a: Chesnaught|259\/379|[from] sandstorm
|-heal|p1a: Chesnaught|282\/379|[from] item: Leftovers
|turn|16
|
|move|p1a: Chesnaught|Spiky Shield|p1a: Chesnaught
|-singleturn|p1a: Chesnaught|move: Protect
|move|p2a: Hydreigon|Fire Blast|p1a: Chesnaught
|-activate|p1a: Chesnaught|move: Protect
|
|-weather|Sandstorm|[upkeep]
|-damage|p2a: Hydreigon|285\/325|[from] sandstorm
|-damage|p1a: Chesnaught|259\/379|[from] sandstorm
|-heal|p1a: Chesnaught|282\/379|[from] item: Leftovers
|turn|17
|
|switch|p1a: Politoed|Politoed, M|372\/372
|move|p2a: Hydreigon|Earth Power|p1a: Politoed
|-damage|p1a: Politoed|287\/372
|
|-weather|none
|-heal|p1a: Politoed|310\/372|[from] item: Leftovers
|turn|18
|
|switch|p2a: Rotom-Wash|Rotom-Wash|261\/303
|move|p1a: Politoed|Scald|p2a: Rotom-Wash
|-resisted|p2a: Rotom-Wash
|-damage|p2a: Rotom-Wash|222\/303
|
|-heal|p2a: Rotom-Wash|240\/303|[from] item: Leftovers
|-heal|p1a: Politoed|333\/372|[from] item: Leftovers
|turn|19
|
|move|p2a: Rotom-Wash|Volt Switch|p1a: Politoed
|-supereffective|p1a: Politoed
|-damage|p1a: Politoed|213\/372
|
|switch|p2a: Hydreigon|Hydreigon, F|285\/325
|move|p1a: Politoed|Scald|p2a: Hydreigon
|-resisted|p2a: Hydreigon
|-damage|p2a: Hydreigon|254\/325
|
|-heal|p1a: Politoed|236\/372|[from] item: Leftovers
|turn|20
|
|switch|p1a: Clefable|Clefable, F|305\/394
|move|p2a: Hydreigon|Dark Pulse|p1a: Clefable
|-resisted|p1a: Clefable
|-damage|p1a: Clefable|233\/394
|
|-heal|p1a: Clefable|257\/394|[from] item: Leftovers
|turn|21
|
|switch|p2a: Scizor|Scizor, F|344\/344
|move|p1a: Clefable|Moonblast|p2a: Scizor
|-resisted|p2a: Scizor
|-damage|p2a: Scizor|281\/344
|
|-heal|p2a: Scizor|302\/344|[from] item: Leftovers
|-heal|p1a: Clefable|281\/394|[from] item: Leftovers
|turn|22
|
|switch|p1a: Chesnaught|Chesnaught, M|282\/379
|move|p2a: Scizor|Knock Off|p1a: Chesnaught
|-resisted|p1a: Chesnaught
|-damage|p1a: Chesnaught|239\/379
|-enditem|p1a: Chesnaught|Leftovers|[from] move: Knock Off|[of] p2a: Scizor
|
|-heal|p2a: Scizor|323\/344|[from] item: Leftovers
|turn|23
|
|switch|p2a: Hydreigon|Hydreigon, F|254\/325
|move|p1a: Chesnaught|Leech Seed|p2a: Hydreigon
|-start|p2a: Hydreigon|move: Leech Seed
|
|-damage|p2a: Hydreigon|214\/325|[from] Leech Seed|[of] p1a: Chesnaught
|-heal|p1a: Chesnaught|279\/379|[silent]
|turn|24
|
|switch|p2a: Scizor|Scizor, F|323\/344
|move|p1a: Chesnaught|Spiky Shield|p1a: Chesnaught
|-fail|p1a: Chesnaught
|
|-heal|p2a: Scizor|344\/344|[from] item: Leftovers
|turn|25
|
|move|p1a: Chesnaught|Spiky Shield|p1a: Chesnaught
|-singleturn|p1a: Chesnaught|move: Protect
|move|p2a: Scizor|U-turn|p1a: Chesnaught
|-activate|p1a: Chesnaught|move: Protect
|-damage|p2a: Scizor|301\/344|[from] Spiky Shield|[of] p1a: Chesnaught
|
|-heal|p2a: Scizor|322\/344|[from] item: Leftovers
|turn|26
|
|move|p2a: Scizor|Bullet Punch|p1a: Chesnaught
|-damage|p1a: Chesnaught|191\/379
|move|p1a: Chesnaught|Drain Punch|p2a: Scizor
|-crit|p2a: Scizor
|-damage|p2a: Scizor|189\/344
|-heal|p1a: Chesnaught|258\/379|[from] drain|[of] p2a: Scizor
|
|-heal|p2a: Scizor|210\/344|[from] item: Leftovers
|turn|27
|
|switch|p2a: Rotom-Wash|Rotom-Wash|240\/303
|move|p1a: Chesnaught|Drain Punch|p2a: Rotom-Wash
|-damage|p2a: Rotom-Wash|173\/303
|-heal|p1a: Chesnaught|292\/379|[from] drain|[of] p2a: Rotom-Wash
|
|-heal|p2a: Rotom-Wash|191\/303|[from] item: Leftovers
|turn|28
|
|switch|p1a: Clefable|Clefable, F|281\/394
|move|p2a: Rotom-Wash|Will-O-Wisp|p1a: Clefable
|-status|p1a: Clefable|brn
|
|-heal|p2a: Rotom-Wash|209\/303|[from] item: Leftovers
|-heal|p1a: Clefable|305\/394 brn|[from] item: Leftovers
|turn|29
|
|move|p2a: Rotom-Wash|Hydro Pump|p1a: Clefable|[miss]
|-miss|p2a: Rotom-Wash|p1a: Clefable
|move|p1a: Clefable|Moonblast|p2a: Rotom-Wash
|-damage|p2a: Rotom-Wash|98\/303
|
|-heal|p2a: Rotom-Wash|116\/303|[from] item: Leftovers
|-heal|p1a: Clefable|329\/394 brn|[from] item: Leftovers
|turn|30
|
|switch|p1a: Latias|Latias-Mega, F|95\/364
|move|p2a: Rotom-Wash|Pain Split|p1a: Latias
|-sethp|p1a: Latias|105\/364|p2a: Rotom-Wash|105\/303|[from] move: Pain Split
|
|-heal|p2a: Rotom-Wash|123\/303|[from] item: Leftovers
|turn|31
|
|move|p1a: Latias|Psyshock|p2a: Rotom-Wash
|-damage|p2a: Rotom-Wash|29\/303
|move|p2a: Rotom-Wash|Volt Switch|p1a: Latias
|-resisted|p1a: Latias
|-damage|p1a: Latias|75\/364
|
|switch|p2a: Scizor|Scizor, F|210\/344
|
|-heal|p2a: Scizor|231\/344|[from] item: Leftovers
|turn|32
|
|switch|p1a: Chesnaught|Chesnaught, M|292\/379
|move|p2a: Scizor|U-turn|p1a: Chesnaught
|-damage|p1a: Chesnaught|195\/379
|
|switch|p2a: Hydreigon|Hydreigon, F|214\/325
|
|turn|33
|
|switch|p1a: Clefable|Clefable, F|329\/394 brn
|move|p2a: Hydreigon|Fire Blast|p1a: Clefable
|-damage|p1a: Clefable|204\/394 brn
|
|-heal|p1a: Clefable|228\/394 brn|[from] item: Leftovers
|turn|34
|
|switch|p2a: Scizor|Scizor, F|231\/344
|move|p1a: Clefable|Soft-Boiled|p1a: Clefable
|-heal|p1a: Clefable|394\/394 brn
|
|-heal|p2a: Scizor|252\/344|[from] item: Leftovers
|turn|35
|
|switch|p1a: Chesnaught|Chesnaught, M|195\/379
|move|p2a: Scizor|U-turn|p1a: Chesnaught
|-damage|p1a: Chesnaught|105\/379
|
|switch|p2a: Rotom-Wash|Rotom-Wash|29\/303
|
|-heal|p2a: Rotom-Wash|47\/303|[from] item: Leftovers
|turn|36
|
|switch|p2a: Scizor|Scizor, F|252\/344
|move|p1a: Chesnaught|Drain Punch|p2a: Scizor
|-crit|p2a: Scizor
|-damage|p2a: Scizor|123\/344
|-heal|p1a: Chesnaught|170\/379|[from] drain|[of] p2a: Scizor
|
|-heal|p2a: Scizor|144\/344|[from] item: Leftovers
|turn|37
|
|move|p1a: Chesnaught|Spiky Shield|p1a: Chesnaught
|-singleturn|p1a: Chesnaught|move: Protect
|move|p2a: Scizor|U-turn|p1a: Chesnaught
|-activate|p1a: Chesnaught|move: Protect
|-damage|p2a: Scizor|101\/344|[from] Spiky Shield|[of] p1a: Chesnaught
|
|-heal|p2a: Scizor|122\/344|[from] item: Leftovers
|turn|38
|
|move|p1a: Chesnaught|Drain Punch|p2a: Scizor
|-damage|p2a: Scizor|31\/344
|-heal|p1a: Chesnaught|216\/379|[from] drain|[of] p2a: Scizor
|move|p2a: Scizor|U-turn|p1a: Chesnaught
|-damage|p1a: Chesnaught|111\/379
|
|switch|p2a: Rotom-Wash|Rotom-Wash|47\/303
|
|-heal|p2a: Rotom-Wash|65\/303|[from] item: Leftovers
|turn|39
|
|switch|p1a: Clefable|Clefable, F|394\/394 brn
|move|p2a: Rotom-Wash|Will-O-Wisp|p1a: Clefable
|-fail|p1a: Clefable|brn
|
|-heal|p2a: Rotom-Wash|83\/303|[from] item: Leftovers
|turn|40
|
|switch|p1a: Latias|Latias-Mega, F|75\/364
|move|p2a: Rotom-Wash|Pain Split|p1a: Latias
|-sethp|p1a: Latias|79\/364|p2a: Rotom-Wash|79\/303|[from] move: Pain Split
|
|-heal|p2a: Rotom-Wash|97\/303|[from] item: Leftovers
|turn|41
|
|move|p1a: Latias|Psyshock|p2a: Rotom-Wash
|-damage|p2a: Rotom-Wash|3\/303
|move|p2a: Rotom-Wash|Will-O-Wisp|p1a: Latias
|-status|p1a: Latias|brn
|
|-heal|p2a: Rotom-Wash|21\/303|[from] item: Leftovers
|-damage|p1a: Latias|34\/364 brn|[from] brn
|turn|42
|
|switch|p1a: Tyranitar|Tyranitar, F|313\/341
|-weather|Sandstorm
|move|p2a: Rotom-Wash|Pain Split|p1a: Tyranitar
|-sethp|p1a: Tyranitar|167\/341|p2a: Rotom-Wash|167\/303|[from] move: Pain Split
|
|-weather|Sandstorm|[upkeep]
|-damage|p2a: Rotom-Wash|149\/303|[from] sandstorm
|-heal|p2a: Rotom-Wash|167\/303|[from] item: Leftovers
|turn|43
|
|switch|p1a: Clefable|Clefable, F|394\/394 brn
|move|p2a: Rotom-Wash|Hydro Pump|p1a: Clefable
|-damage|p1a: Clefable|262\/394 brn
|
|-weather|Sandstorm|[upkeep]
|-damage|p2a: Rotom-Wash|149\/303|[from] sandstorm
|-heal|p2a: Rotom-Wash|167\/303|[from] item: Leftovers
|-heal|p1a: Clefable|286\/394 brn|[from] item: Leftovers
|turn|44
|
|move|p2a: Rotom-Wash|Volt Switch|p1a: Clefable
|-damage|p1a: Clefable|207\/394 brn
|
|switch|p2a: Hydreigon|Hydreigon, F|214\/325
|move|p1a: Clefable|Moonblast|p2a: Hydreigon
|-supereffective|p2a: Hydreigon
|-damage|p2a: Hydreigon|0 fnt
|faint|p2a: Hydreigon
|
|-weather|Sandstorm|[upkeep]
|-heal|p1a: Clefable|231\/394 brn|[from] item: Leftovers
|
|switch|p2a: Scizor|Scizor, F|31\/344
|turn|45
|
|switch|p1a: Heatran|Heatran, F|386\/386
|move|p2a: Scizor|Bullet Punch|p1a: Heatran
|-resisted|p1a: Heatran
|-damage|p1a: Heatran|367\/386
|
|-weather|Sandstorm|[upkeep]
|-heal|p1a: Heatran|386\/386|[from] item: Leftovers
|-heal|p2a: Scizor|52\/344|[from] item: Leftovers
|turn|46
|
|switch|p2a: Rotom-Wash|Rotom-Wash|167\/303
|move|p1a: Heatran|Stealth Rock|p2a: Rotom-Wash
|-sidestart|p2: trenhead|move: Stealth Rock
|
|-weather|none
|-heal|p2a: Rotom-Wash|185\/303|[from] item: Leftovers
|turn|47
|
|switch|p1a: Politoed|Politoed, M|236\/372
|move|p2a: Rotom-Wash|Hydro Pump|p1a: Politoed
|-heal|p1a: Politoed|329\/372|[from] ability: Water Absorb|[of] p2a: Rotom-Wash
|
|-heal|p2a: Rotom-Wash|203\/303|[from] item: Leftovers
|-heal|p1a: Politoed|352\/372|[from] item: Leftovers
|turn|48
|
|switch|p1a: Clefable|Clefable, F|231\/394 brn
|move|p2a: Rotom-Wash|Will-O-Wisp|p1a: Clefable|[miss]
|-miss|p2a: Rotom-Wash|p1a: Clefable
|
|-heal|p2a: Rotom-Wash|221\/303|[from] item: Leftovers
|-heal|p1a: Clefable|255\/394 brn|[from] item: Leftovers
|turn|49
|
|move|p2a: Rotom-Wash|Volt Switch|p1a: Clefable
|-crit|p1a: Clefable
|-damage|p1a: Clefable|135\/394 brn
|
|switch|p2a: Scizor|Scizor, F|52\/344
|-damage|p2a: Scizor|9\/344|[from] Stealth Rock
|move|p1a: Clefable|Soft-Boiled|p1a: Clefable
|-heal|p1a: Clefable|332\/394 brn
|
|-heal|p2a: Scizor|30\/344|[from] item: Leftovers
|-heal|p1a: Clefable|356\/394 brn|[from] item: Leftovers
|turn|50
|
|switch|p1a: Heatran|Heatran, F|386\/386
|move|p2a: Scizor|Bullet Punch|p1a: Heatran
|-resisted|p1a: Heatran
|-damage|p1a: Heatran|365\/386
|
|-heal|p1a: Heatran|386\/386|[from] item: Leftovers
|-heal|p2a: Scizor|51\/344|[from] item: Leftovers
|turn|51
|
|move|p1a: Heatran|Lava Plume|p2a: Scizor
|-supereffective|p2a: Scizor
|-damage|p2a: Scizor|0 fnt
|faint|p2a: Scizor
|
|
|switch|p2a: Rotom-Wash|Rotom-Wash|221\/303
|-damage|p2a: Rotom-Wash|184\/303|[from] Stealth Rock
|turn|52
|
|switch|p2a: Garchomp|Garchomp, F|357\/357
|-damage|p2a: Garchomp|335\/357|[from] Stealth Rock
|switch|p1a: Politoed|Politoed, M|352\/372
|
|-heal|p1a: Politoed|372\/372|[from] item: Leftovers
|turn|53
|
|move|p2a: Garchomp|Earthquake|p1a: Politoed
|-damage|p1a: Politoed|132\/372
|move|p1a: Politoed|Scald|p2a: Garchomp
|-damage|p2a: Garchomp|233\/357
|
|-heal|p1a: Politoed|155\/372|[from] item: Leftovers
|turn|54
|
|switch|p1a: Latias|Latias-Mega, F|34\/364 brn
|move|p2a: Garchomp|Earthquake|p1a: Latias
|-immune|p1a: Latias|[msg]
|
|-damage|p1a: Latias|0 fnt|[from] brn
|faint|p1a: Latias
|
|switch|p1a: Clefable|Clefable, F|356\/394 brn
|turn|55
|
|switch|p2a: Rotom-Wash|Rotom-Wash|184\/303
|-damage|p2a: Rotom-Wash|147\/303|[from] Stealth Rock
|move|p1a: Clefable|Moonblast|p2a: Rotom-Wash
|-damage|p2a: Rotom-Wash|50\/303
|
|-heal|p2a: Rotom-Wash|68\/303|[from] item: Leftovers
|-heal|p1a: Clefable|380\/394 brn|[from] item: Leftovers
|turn|56
|
|switch|p1a: Politoed|Politoed, M|155\/372
|move|p2a: Rotom-Wash|Pain Split|p1a: Politoed
|-sethp|p1a: Politoed|111\/372|p2a: Rotom-Wash|111\/303|[from] move: Pain Split
|
|-heal|p2a: Rotom-Wash|129\/303|[from] item: Leftovers
|-heal|p1a: Politoed|134\/372|[from] item: Leftovers
|turn|57
|
|move|p2a: Rotom-Wash|Volt Switch|p1a: Politoed
|-supereffective|p1a: Politoed
|-damage|p1a: Politoed|12\/372
|
|switch|p2a: Garchomp|Garchomp, F|233\/357
|-damage|p2a: Garchomp|211\/357|[from] Stealth Rock
|move|p1a: Politoed|Scald|p2a: Garchomp
|-damage|p2a: Garchomp|105\/357
|
|-heal|p1a: Politoed|35\/372|[from] item: Leftovers
|turn|58
|
|move|p2a: Garchomp|Earthquake|p1a: Politoed
|-damage|p1a: Politoed|0 fnt
|faint|p1a: Politoed
|
|
|switch|p1a: Clefable|Clefable, F|380\/394 brn
|turn|59
|
|move|p2a: Garchomp|Earthquake|p1a: Clefable
|-damage|p1a: Clefable|220\/394 brn
|move|p1a: Clefable|Moonblast|p2a: Garchomp
|-supereffective|p2a: Garchomp
|-damage|p2a: Garchomp|0 fnt
|faint|p2a: Garchomp
|
|-heal|p1a: Clefable|244\/394 brn|[from] item: Leftovers
|
|switch|p2a: Rotom-Wash|Rotom-Wash|129\/303
|-damage|p2a: Rotom-Wash|92\/303|[from] Stealth Rock
|turn|60
|
|move|p2a: Rotom-Wash|Hydro Pump|p1a: Clefable|[miss]
|-miss|p2a: Rotom-Wash|p1a: Clefable
|move|p1a: Clefable|Moonblast|p2a: Rotom-Wash
|-damage|p2a: Rotom-Wash|0 fnt
|faint|p2a: Rotom-Wash
|
|win|JTewi
|raw|Ladder updating...
|raw|JTewi's rating: 1491 &rarr; <strong>1509<\/strong><br \/>(+18 for winning)
|raw|trenhead's rating: 1468 &rarr; <strong>1449<\/strong><br \/>(-19 for losing)
|c|âtrenhead|gg
|c|âJTewi|gg