|join|JTewi
|join|Saved by Dragonite
|player|p1|JTewi|169
|player|p2|Saved by Dragonite|43
|gametype|singles
|gen|6
|tier|OU (suspect test)
|rated
|clearpoke
|poke|p1|Sableye, M
|poke|p1|Heatran, M
|poke|p1|Amoonguss, M
|poke|p1|Chesnaught, M
|poke|p1|Rotom-Wash
|poke|p1|Terrakion
|poke|p2|Venusaur, F
|poke|p2|Skarmory, F
|poke|p2|Heatran, F
|poke|p2|Chansey, F
|poke|p2|Magnezone
|poke|p2|Dragonite, M
|rule|Swagger Clause: Swagger is banned
|rule|Baton Pass Clause: Limit one PokÃ©mon knowing Baton Pass
|rule|Sleep Clause Mod: Limit one foe put to sleep
|rule|Species Clause: Limit one of each PokÃ©mon
|rule|OHKO Clause: OHKO moves are banned
|rule|Moody Clause: Moody is banned
|rule|Evasion Moves Clause: Evasion moves are banned
|rule|Endless Battle Clause: Forcing endless battles is banned
|rule|HP Percentage Mod: HP is shown in percentages
|teampreview
|
|start
|switch|p1a: Sableye|Sableye, M|303\/303
|switch|p2a: Put ur penis in me|Chansey, F|642\/642
|turn|1
|
|switch|p2a: My farts are hot|Heatran, F|385\/385
|detailschange|p1a: Sableye|Sableye-Mega, M
|-mega|p1a: Sableye|Sableye|Sablenite
|move|p1a: Sableye|Calm Mind|p1a: Sableye
|-boost|p1a: Sableye|spa|1
|-boost|p1a: Sableye|spd|1
|
|turn|2
|
|switch|p1a: Heatran|Heatran, M|385\/385
|move|p2a: My farts are hot|Lava Plume|p1a: Heatran
|-start|p1a: Heatran|ability: Flash Fire
|
|turn|3
|
|switch|p2a: Put ur penis in me|Chansey, F|642\/642
|switch|p1a: Sableye|Sableye-Mega, M|303\/303
|
|turn|4
|
|switch|p2a: My farts are hot|Heatran, F|385\/385
|move|p1a: Sableye|Dark Pulse|p2a: My farts are hot
|-damage|p2a: My farts are hot|328\/385
|
|-heal|p2a: My farts are hot|352\/385|[from] item: Leftovers
|turn|5
|
|switch|p1a: Heatran|Heatran, M|385\/385
|move|p2a: My farts are hot|Lava Plume|p1a: Heatran
|-start|p1a: Heatran|ability: Flash Fire
|
|-heal|p2a: My farts are hot|376\/385|[from] item: Leftovers
|turn|6
|
|switch|p2a: Put ur penis in me|Chansey, F|642\/642
|move|p1a: Heatran|Stealth Rock|p2a: Put ur penis in me
|-sidestart|p2: Saved by Dragonite|move: Stealth Rock
|
|turn|7
|
|switch|p1a: Sableye|Sableye-Mega, M|303\/303
|move|p2a: Put ur penis in me|Toxic|p1a: Sableye
|move|p1a: Sableye|Toxic|p2a: Put ur penis in me|[from]Magic Bounce
|-status|p2a: Put ur penis in me|tox
|
|-damage|p2a: Put ur penis in me|602\/642 tox|[from] psn
|turn|8
|
|switch|p2a: My farts are hot|Heatran, F|376\/385
|-damage|p2a: My farts are hot|328\/385|[from] Stealth Rock
|switch|p1a: Rotom-Wash|Rotom-Wash|303\/303
|
|-heal|p2a: My farts are hot|352\/385|[from] item: Leftovers
|turn|9
|
|switch|p2a: My dick stinks|Venusaur, F|364\/364
|-damage|p2a: My dick stinks|319\/364|[from] Stealth Rock
|move|p1a: Rotom-Wash|Hydro Pump|p2a: My dick stinks
|-resisted|p2a: My dick stinks
|-damage|p2a: My dick stinks|256\/364
|
|turn|10
|
|detailschange|p2a: My dick stinks|Venusaur-Mega, F
|-mega|p2a: My dick stinks|Venusaur|Venusaurite
|move|p1a: Rotom-Wash|Volt Switch|p2a: My dick stinks
|-resisted|p2a: My dick stinks
|-damage|p2a: My dick stinks|218\/364
|
|switch|p1a: Heatran|Heatran, M|385\/385
|move|p2a: My dick stinks|Giga Drain|p1a: Heatran
|-resisted|p1a: Heatran
|-damage|p1a: Heatran|367\/385
|-heal|p2a: My dick stinks|227\/364|[from] drain|[of] p1a: Heatran
|
|-heal|p1a: Heatran|385\/385|[from] item: Leftovers
|turn|11
|
|move|p2a: My dick stinks|Synthesis|p2a: My dick stinks
|-heal|p2a: My dick stinks|364\/364
|move|p1a: Heatran|Roar|p2a: My dick stinks
|drag|p2a: Put me in ur anus|Magnezone|281\/281
|-damage|p2a: Put me in ur anus|264\/281|[from] Stealth Rock
|
|turn|12
|
|switch|p2a: My farts are hot|Heatran, F|352\/385
|-damage|p2a: My farts are hot|304\/385|[from] Stealth Rock
|move|p1a: Heatran|Protect|p1a: Heatran
|-fail|p1a: Heatran
|
|-heal|p2a: My farts are hot|328\/385|[from] item: Leftovers
|turn|13
|
|switch|p1a: Sableye|Sableye-Mega, M|303\/303
|move|p2a: My farts are hot|Stealth Rock|p1a: Sableye
|move|p1a: Sableye|Stealth Rock|p2a: My farts are hot|[from]Magic Bounce
|-fail|p2a: My farts are hot
|
|-heal|p2a: My farts are hot|352\/385|[from] item: Leftovers
|turn|14
|
|switch|p1a: Rotom-Wash|Rotom-Wash|303\/303
|move|p2a: My farts are hot|Lava Plume|p1a: Rotom-Wash
|-resisted|p1a: Rotom-Wash
|-damage|p1a: Rotom-Wash|252\/303
|
|-heal|p1a: Rotom-Wash|270\/303|[from] item: Leftovers
|-heal|p2a: My farts are hot|376\/385|[from] item: Leftovers
|turn|15
|
|move|p1a: Rotom-Wash|Hydro Pump|p2a: My farts are hot
|-supereffective|p2a: My farts are hot
|-damage|p2a: My farts are hot|178\/385
|move|p2a: My farts are hot|Stealth Rock|p1a: Rotom-Wash
|-sidestart|p1: JTewi|move: Stealth Rock
|
|-heal|p1a: Rotom-Wash|288\/303|[from] item: Leftovers
|-heal|p2a: My farts are hot|202\/385|[from] item: Leftovers
|turn|16
|
|switch|p2a: Put ur penis in me|Chansey, F|602\/642
|-damage|p2a: Put ur penis in me|522\/642|[from] Stealth Rock
|move|p1a: Rotom-Wash|Volt Switch|p2a: Put ur penis in me
|-damage|p2a: Put ur penis in me|479\/642
|
|switch|p1a: Chesnaught|Chesnaught, M|379\/379
|-damage|p1a: Chesnaught|356\/379|[from] Stealth Rock
|
|-heal|p1a: Chesnaught|379\/379|[from] item: Leftovers
|turn|17
|
|switch|p1a: Sableye|Sableye-Mega, M|303\/303
|-damage|p1a: Sableye|266\/303|[from] Stealth Rock
|switch|p2a: Metal Cock|Skarmory, F|334\/334
|-damage|p2a: Metal Cock|293\/334|[from] Stealth Rock
|
|turn|18
|
|move|p2a: Metal Cock|Defog|p1a: Sableye
|move|p1a: Sableye|Defog|p2a: Metal Cock|[from]Magic Bounce
|-unboost|p2a: Metal Cock|evasion|1
|-sideend|p2: Saved by Dragonite|Stealth Rock|[from] move: Defog|[of] p2a: Metal Cock
|-sideend|p1: JTewi|Stealth Rock|[from] move: Defog|[of] p1a: Sableye
|move|p1a: Sableye|Dark Pulse|p2a: Metal Cock
|-damage|p2a: Metal Cock|188\/334
|
|turn|19
|
|move|p2a: Metal Cock|Roost|p2a: Metal Cock
|-heal|p2a: Metal Cock|334\/334
|move|p1a: Sableye|Calm Mind|p1a: Sableye
|-boost|p1a: Sableye|spa|1
|-boost|p1a: Sableye|spd|1
|
|turn|20
|join|Testing QuagGod
|
|switch|p2a: My farts are hot|Heatran, F|202\/385
|move|p1a: Sableye|Dark Pulse|p2a: My farts are hot
|-damage|p2a: My farts are hot|118\/385
|
|-heal|p2a: My farts are hot|142\/385|[from] item: Leftovers
|turn|21
|leave|Testing QuagGod
|
|switch|p1a: Rotom-Wash|Rotom-Wash|288\/303
|move|p2a: My farts are hot|Lava Plume|p1a: Rotom-Wash
|-resisted|p1a: Rotom-Wash
|-damage|p1a: Rotom-Wash|231\/303
|
|-heal|p1a: Rotom-Wash|249\/303|[from] item: Leftovers
|-heal|p2a: My farts are hot|166\/385|[from] item: Leftovers
|turn|22
|
|switch|p2a: My dick stinks|Venusaur-Mega, F|364\/364
|move|p1a: Rotom-Wash|Hydro Pump|p2a: My dick stinks
|-resisted|p2a: My dick stinks
|-damage|p2a: My dick stinks|307\/364
|
|-heal|p1a: Rotom-Wash|267\/303|[from] item: Leftovers
|turn|23
|
|move|p1a: Rotom-Wash|Volt Switch|p2a: My dick stinks
|-resisted|p2a: My dick stinks
|-damage|p2a: My dick stinks|271\/364
|
|switch|p1a: Amoonguss|Amoonguss, M|431\/431
|move|p2a: My dick stinks|Giga Drain|p1a: Amoonguss
|-resisted|p1a: Amoonguss
|-damage|p1a: Amoonguss|416\/431
|-heal|p2a: My dick stinks|279\/364|[from] drain|[of] p1a: Amoonguss
|
|turn|24
|
|switch|p2a: My farts are hot|Heatran, F|166\/385
|move|p1a: Amoonguss|Foul Play|p2a: My farts are hot
|-damage|p2a: My farts are hot|112\/385
|
|-heal|p2a: My farts are hot|136\/385|[from] item: Leftovers
|turn|25
|
|switch|p1a: Heatran|Heatran, M|385\/385
|move|p2a: My farts are hot|Stealth Rock|p1a: Heatran
|-sidestart|p1: JTewi|move: Stealth Rock
|
|-heal|p2a: My farts are hot|160\/385|[from] item: Leftovers
|turn|26
|
|switch|p2a: Dragonite|Dragonite, M|323\/323
|move|p1a: Heatran|Stealth Rock|p2a: Dragonite
|-sidestart|p2: Saved by Dragonite|move: Stealth Rock
|
|turn|27
|
|switch|p1a: Chesnaught|Chesnaught, M|379\/379
|-damage|p1a: Chesnaught|356\/379|[from] Stealth Rock
|move|p2a: Dragonite|Dragon Dance|p2a: Dragonite
|-boost|p2a: Dragonite|atk|1
|-boost|p2a: Dragonite|spe|1
|
|-heal|p1a: Chesnaught|379\/379|[from] item: Leftovers
|turn|28
|
|move|p2a: Dragonite|Dragon Dance|p2a: Dragonite
|-boost|p2a: Dragonite|atk|1
|-boost|p2a: Dragonite|spe|1
|move|p1a: Chesnaught|Leech Seed|p2a: Dragonite
|-start|p2a: Dragonite|move: Leech Seed
|
|-damage|p2a: Dragonite|283\/323|[from] Leech Seed|[of] p1a: Chesnaught
|turn|29
|
|move|p2a: Dragonite|Dragon Dance|p2a: Dragonite
|-boost|p2a: Dragonite|atk|1
|-boost|p2a: Dragonite|spe|1
|move|p1a: Chesnaught|Substitute|p1a: Chesnaught
|-start|p1a: Chesnaught|Substitute
|-damage|p1a: Chesnaught|285\/379
|
|-heal|p1a: Chesnaught|308\/379|[from] item: Leftovers
|-damage|p2a: Dragonite|243\/323|[from] Leech Seed|[of] p1a: Chesnaught
|-heal|p1a: Chesnaught|348\/379|[silent]
|turn|30
|
|move|p1a: Chesnaught|Spiky Shield|p1a: Chesnaught
|-singleturn|p1a: Chesnaught|move: Protect
|move|p2a: Dragonite|Extreme Speed|p1a: Chesnaught
|-activate|p1a: Chesnaught|move: Protect
|-damage|p2a: Dragonite|203\/323|[from] Spiky Shield|[of] p1a: Chesnaught
|
|-heal|p1a: Chesnaught|371\/379|[from] item: Leftovers
|-damage|p2a: Dragonite|163\/323|[from] Leech Seed|[of] p1a: Chesnaught
|-heal|p1a: Chesnaught|379\/379|[silent]
|turn|31
|
|move|p2a: Dragonite|Extreme Speed|p1a: Chesnaught
|-end|p1a: Chesnaught|Substitute
|move|p1a: Chesnaught|Substitute|p1a: Chesnaught
|-start|p1a: Chesnaught|Substitute
|-damage|p1a: Chesnaught|285\/379
|
|-heal|p1a: Chesnaught|308\/379|[from] item: Leftovers
|-damage|p2a: Dragonite|123\/323|[from] Leech Seed|[of] p1a: Chesnaught
|-heal|p1a: Chesnaught|348\/379|[silent]
|turn|32
|
|switch|p2a: Metal Cock|Skarmory, F|334\/334
|-damage|p2a: Metal Cock|293\/334|[from] Stealth Rock
|move|p1a: Chesnaught|Spiky Shield|p1a: Chesnaught
|-fail|p1a: Chesnaught
|
|-heal|p1a: Chesnaught|371\/379|[from] item: Leftovers
|turn|33
|
|switch|p1a: Sableye|Sableye-Mega, M|266\/303
|-damage|p1a: Sableye|229\/303|[from] Stealth Rock
|move|p2a: Metal Cock|Defog|p1a: Sableye
|move|p1a: Sableye|Defog|p2a: Metal Cock|[from]Magic Bounce
|-unboost|p2a: Metal Cock|evasion|1
|-sideend|p2: Saved by Dragonite|Stealth Rock|[from] move: Defog|[of] p2a: Metal Cock
|-sideend|p1: JTewi|Stealth Rock|[from] move: Defog|[of] p1a: Sableye
|
|turn|34
|
|switch|p2a: My farts are hot|Heatran, F|160\/385
|move|p1a: Sableye|Dark Pulse|p2a: My farts are hot
|-damage|p2a: My farts are hot|94\/385
|
|-heal|p2a: My farts are hot|118\/385|[from] item: Leftovers
|turn|35
|
|switch|p1a: Rotom-Wash|Rotom-Wash|267\/303
|move|p2a: My farts are hot|Lava Plume|p1a: Rotom-Wash
|-resisted|p1a: Rotom-Wash
|-damage|p1a: Rotom-Wash|213\/303
|
|-heal|p1a: Rotom-Wash|231\/303|[from] item: Leftovers
|-heal|p2a: My farts are hot|142\/385|[from] item: Leftovers
|turn|36
|
|switch|p2a: My dick stinks|Venusaur-Mega, F|279\/364
|move|p1a: Rotom-Wash|Volt Switch|p2a: My dick stinks
|-resisted|p2a: My dick stinks
|-damage|p2a: My dick stinks|240\/364
|
|switch|p1a: Heatran|Heatran, M|385\/385
|
|turn|37
|
|move|p2a: My dick stinks|Leech Seed|p1a: Heatran
|-start|p1a: Heatran|move: Leech Seed
|move|p1a: Heatran|Stealth Rock|p2a: My dick stinks
|-sidestart|p2: Saved by Dragonite|move: Stealth Rock
|
|-damage|p1a: Heatran|337\/385|[from] Leech Seed|[of] p2a: My dick stinks
|-heal|p2a: My dick stinks|288\/364|[silent]
|turn|38
|
|switch|p1a: Chesnaught|Chesnaught, M|371\/379
|move|p2a: My dick stinks|Sludge Bomb|p1a: Chesnaught
|-immune|p1a: Chesnaught|[msg]|[from] Bulletproof
|
|-heal|p1a: Chesnaught|379\/379|[from] item: Leftovers
|turn|39
|
|switch|p2a: Metal Cock|Skarmory, F|293\/334
|-damage|p2a: Metal Cock|252\/334|[from] Stealth Rock
|move|p1a: Chesnaught|Substitute|p1a: Chesnaught
|-start|p1a: Chesnaught|Substitute
|-damage|p1a: Chesnaught|285\/379
|
|-heal|p1a: Chesnaught|308\/379|[from] item: Leftovers
|turn|40
|
|move|p1a: Chesnaught|Spiky Shield|p1a: Chesnaught
|-singleturn|p1a: Chesnaught|move: Protect
|move|p2a: Metal Cock|Defog|p1a: Chesnaught
|-activate|p1a: Chesnaught|move: Protect
|
|-heal|p1a: Chesnaught|331\/379|[from] item: Leftovers
|turn|41
|
|switch|p1a: Rotom-Wash|Rotom-Wash|231\/303
|move|p2a: Metal Cock|Defog|p1a: Rotom-Wash
|-unboost|p1a: Rotom-Wash|evasion|1
|-sideend|p2: Saved by Dragonite|Stealth Rock|[from] move: Defog|[of] p2a: Metal Cock
|
|-heal|p1a: Rotom-Wash|249\/303|[from] item: Leftovers
|turn|42
|
|switch|p2a: Put ur penis in me|Chansey, F|479\/642
|move|p1a: Rotom-Wash|Will-O-Wisp|p2a: Put ur penis in me
|-status|p2a: Put ur penis in me|brn
|
|-heal|p1a: Rotom-Wash|267\/303|[from] item: Leftovers
|-damage|p2a: Put ur penis in me|399\/642 brn|[from] brn
|turn|43
|
|move|p1a: Rotom-Wash|Volt Switch|p2a: Put ur penis in me
|-damage|p2a: Put ur penis in me|354\/642 brn
|
|switch|p1a: Sableye|Sableye-Mega, M|229\/303
|move|p2a: Put ur penis in me|Soft-Boiled|p2a: Put ur penis in me
|-heal|p2a: Put ur penis in me|642\/642 brn
|
|-damage|p2a: Put ur penis in me|562\/642 brn|[from] brn
|turn|44
|
|switch|p2a: Put me in ur anus|Magnezone|264\/281
|move|p1a: Sableye|Dark Pulse|p2a: Put me in ur anus
|-damage|p2a: Put me in ur anus|174\/281
|
|turn|45
|
|switch|p1a: Amoonguss|Amoonguss, M|431\/431
|move|p2a: Put me in ur anus|Thunderbolt|p1a: Amoonguss
|-resisted|p1a: Amoonguss
|-damage|p1a: Amoonguss|386\/431
|
|turn|46
|
|switch|p2a: My farts are hot|Heatran, F|142\/385
|move|p1a: Amoonguss|Foul Play|p2a: My farts are hot
|-damage|p2a: My farts are hot|80\/385
|
|-heal|p2a: My farts are hot|104\/385|[from] item: Leftovers
|turn|47
|
|switch|p1a: Heatran|Heatran, M|337\/385
|move|p2a: My farts are hot|Stealth Rock|p1a: Heatran
|-sidestart|p1: JTewi|move: Stealth Rock
|
|-heal|p2a: My farts are hot|128\/385|[from] item: Leftovers
|-heal|p1a: Heatran|361\/385|[from] item: Leftovers
|turn|48
|
|move|p1a: Heatran|Stealth Rock|p2a: My farts are hot
|-sidestart|p2: Saved by Dragonite|move: Stealth Rock
|move|p2a: My farts are hot|Roar|p1a: Heatran
|drag|p1a: Rotom-Wash|Rotom-Wash|267\/303
|-damage|p1a: Rotom-Wash|230\/303|[from] Stealth Rock
|
|-heal|p1a: Rotom-Wash|248\/303|[from] item: Leftovers
|-heal|p2a: My farts are hot|152\/385|[from] item: Leftovers
|turn|49
|
|switch|p2a: Put ur penis in me|Chansey, F|562\/642
|-damage|p2a: Put ur penis in me|482\/642|[from] Stealth Rock
|move|p1a: Rotom-Wash|Hydro Pump|p2a: Put ur penis in me
|-damage|p2a: Put ur penis in me|410\/642
|
|-heal|p1a: Rotom-Wash|266\/303|[from] item: Leftovers
|turn|50
|
|move|p1a: Rotom-Wash|Volt Switch|p2a: Put ur penis in me
|-damage|p2a: Put ur penis in me|364\/642
|
|switch|p1a: Sableye|Sableye-Mega, M|229\/303
|-damage|p1a: Sableye|192\/303|[from] Stealth Rock
|move|p2a: Put ur penis in me|Soft-Boiled|p2a: Put ur penis in me
|-heal|p2a: Put ur penis in me|642\/642
|
|turn|51
|
|switch|p2a: Put me in ur anus|Magnezone|174\/281
|-damage|p2a: Put me in ur anus|157\/281|[from] Stealth Rock
|move|p1a: Sableye|Dark Pulse|p2a: Put me in ur anus
|-damage|p2a: Put me in ur anus|69\/281
|
|turn|52
|
|switch|p1a: Amoonguss|Amoonguss, M|431\/431
|-damage|p1a: Amoonguss|378\/431|[from] Stealth Rock
|move|p2a: Put me in ur anus|Volt Switch|p1a: Amoonguss
|-resisted|p1a: Amoonguss
|-damage|p1a: Amoonguss|345\/431
|
|switch|p2a: My farts are hot|Heatran, F|152\/385
|-damage|p2a: My farts are hot|104\/385|[from] Stealth Rock
|
|-heal|p2a: My farts are hot|128\/385|[from] item: Leftovers
|turn|53
|
|switch|p1a: Terrakion|Terrakion|323\/323
|-damage|p1a: Terrakion|303\/323|[from] Stealth Rock
|move|p2a: My farts are hot|Lava Plume|p1a: Terrakion
|-resisted|p1a: Terrakion
|-damage|p1a: Terrakion|234\/323
|
|-heal|p2a: My farts are hot|152\/385|[from] item: Leftovers
|turn|54
|
|switch|p2a: My dick stinks|Venusaur-Mega, F|288\/364
|-damage|p2a: My dick stinks|243\/364|[from] Stealth Rock
|move|p1a: Terrakion|Close Combat|p2a: My dick stinks
|-resisted|p2a: My dick stinks
|-damage|p2a: My dick stinks|172\/364
|-unboost|p1a: Terrakion|def|1
|-unboost|p1a: Terrakion|spd|1
|
|turn|55
|
|switch|p1a: Heatran|Heatran, M|361\/385
|-damage|p1a: Heatran|313\/385|[from] Stealth Rock
|move|p2a: My dick stinks|Synthesis|p2a: My dick stinks
|-heal|p2a: My dick stinks|354\/364
|
|-heal|p1a: Heatran|337\/385|[from] item: Leftovers
|turn|56
|
|move|p2a: My dick stinks|Leech Seed|p1a: Heatran|[miss]
|-miss|p2a: My dick stinks|p1a: Heatran
|move|p1a: Heatran|Lava Plume|p2a: My dick stinks
|-supereffective|p2a: My dick stinks
|-damage|p2a: My dick stinks|256\/364
|
|-heal|p1a: Heatran|361\/385|[from] item: Leftovers
|turn|57
|
|move|p2a: My dick stinks|Leech Seed|p1a: Heatran
|-start|p1a: Heatran|move: Leech Seed
|move|p1a: Heatran|Roar|p2a: My dick stinks
|drag|p2a: Dragonite|Dragonite, M|123\/323
|-damage|p2a: Dragonite|43\/323|[from] Stealth Rock
|
|-heal|p1a: Heatran|385\/385|[from] item: Leftovers
|-damage|p1a: Heatran|337\/385|[from] Leech Seed|[of] p2a: Dragonite
|-heal|p2a: Dragonite|91\/323|[silent]
|turn|58
|
|switch|p1a: Chesnaught|Chesnaught, M|331\/379
|-damage|p1a: Chesnaught|308\/379|[from] Stealth Rock
|move|p2a: Dragonite|Dragon Dance|p2a: Dragonite
|-boost|p2a: Dragonite|atk|1
|-boost|p2a: Dragonite|spe|1
|
|-heal|p1a: Chesnaught|331\/379|[from] item: Leftovers
|turn|59
|
|move|p2a: Dragonite|Dragon Dance|p2a: Dragonite
|-boost|p2a: Dragonite|atk|1
|-boost|p2a: Dragonite|spe|1
|move|p1a: Chesnaught|Leech Seed|p2a: Dragonite
|-start|p2a: Dragonite|move: Leech Seed
|
|-heal|p1a: Chesnaught|354\/379|[from] item: Leftovers
|-damage|p2a: Dragonite|51\/323|[from] Leech Seed|[of] p1a: Chesnaught
|-heal|p1a: Chesnaught|379\/379|[silent]
|turn|60
|
|switch|p2a: Metal Cock|Skarmory, F|252\/334
|-damage|p2a: Metal Cock|211\/334|[from] Stealth Rock
|move|p1a: Chesnaught|Substitute|p1a: Chesnaught
|-start|p1a: Chesnaught|Substitute
|-damage|p1a: Chesnaught|285\/379
|
|-heal|p1a: Chesnaught|308\/379|[from] item: Leftovers
|turn|61
|
|move|p1a: Chesnaught|Spiky Shield|p1a: Chesnaught
|-singleturn|p1a: Chesnaught|move: Protect
|move|p2a: Metal Cock|Defog|p1a: Chesnaught
|-activate|p1a: Chesnaught|move: Protect
|
|-heal|p1a: Chesnaught|331\/379|[from] item: Leftovers
|turn|62
|
|switch|p1a: Heatran|Heatran, M|337\/385
|-damage|p1a: Heatran|289\/385|[from] Stealth Rock
|move|p2a: Metal Cock|Defog|p1a: Heatran
|-unboost|p1a: Heatran|evasion|1
|-sideend|p1: JTewi|Stealth Rock|[from] move: Defog|[of] p1a: Heatran
|-sideend|p2: Saved by Dragonite|Stealth Rock|[from] move: Defog|[of] p2a: Metal Cock
|
|-heal|p1a: Heatran|313\/385|[from] item: Leftovers
|turn|63
|
|switch|p2a: My farts are hot|Heatran, F|152\/385
|move|p1a: Heatran|Stealth Rock|p2a: My farts are hot
|-sidestart|p2: Saved by Dragonite|move: Stealth Rock
|
|-heal|p2a: My farts are hot|176\/385|[from] item: Leftovers
|-heal|p1a: Heatran|337\/385|[from] item: Leftovers
|turn|64
|
|switch|p1a: Rotom-Wash|Rotom-Wash|266\/303
|move|p2a: My farts are hot|Stealth Rock|p1a: Rotom-Wash
|-sidestart|p1: JTewi|move: Stealth Rock
|
|-heal|p1a: Rotom-Wash|284\/303|[from] item: Leftovers
|-heal|p2a: My farts are hot|200\/385|[from] item: Leftovers
|turn|65
|
|switch|p2a: Put ur penis in me|Chansey, F|642\/642
|-damage|p2a: Put ur penis in me|562\/642|[from] Stealth Rock
|move|p1a: Rotom-Wash|Volt Switch|p2a: Put ur penis in me
|-damage|p2a: Put ur penis in me|514\/642
|
|switch|p1a: Terrakion|Terrakion|234\/323
|-damage|p1a: Terrakion|214\/323|[from] Stealth Rock
|
|turn|66
|
|switch|p2a: My dick stinks|Venusaur-Mega, F|256\/364
|-damage|p2a: My dick stinks|211\/364|[from] Stealth Rock
|move|p1a: Terrakion|Rock Slide|p2a: My dick stinks
|-miss|p1a: Terrakion|p2a: My dick stinks
|
|turn|67
|
|switch|p1a: Chesnaught|Chesnaught, M|331\/379
|-damage|p1a: Chesnaught|308\/379|[from] Stealth Rock
|move|p2a: My dick stinks|Synthesis|p2a: My dick stinks
|-heal|p2a: My dick stinks|364\/364
|
|-heal|p1a: Chesnaught|331\/379|[from] item: Leftovers
|turn|68
|
|switch|p2a: Metal Cock|Skarmory, F|211\/334
|-damage|p2a: Metal Cock|170\/334|[from] Stealth Rock
|move|p1a: Chesnaught|Leech Seed|p2a: Metal Cock
|-start|p2a: Metal Cock|move: Leech Seed
|
|-heal|p1a: Chesnaught|354\/379|[from] item: Leftovers
|-damage|p2a: Metal Cock|129\/334|[from] Leech Seed|[of] p1a: Chesnaught
|-heal|p1a: Chesnaught|379\/379|[silent]
|turn|69
|
|switch|p1a: Rotom-Wash|Rotom-Wash|284\/303
|-damage|p1a: Rotom-Wash|247\/303|[from] Stealth Rock
|move|p2a: Metal Cock|Roost|p2a: Metal Cock
|-heal|p2a: Metal Cock|296\/334
|
|-heal|p1a: Rotom-Wash|265\/303|[from] item: Leftovers
|-damage|p2a: Metal Cock|255\/334|[from] Leech Seed|[of] p1a: Rotom-Wash
|-heal|p1a: Rotom-Wash|303\/303|[silent]
|turn|70
|
|switch|p2a: Put ur penis in me|Chansey, F|514\/642
|-damage|p2a: Put ur penis in me|434\/642|[from] Stealth Rock
|move|p1a: Rotom-Wash|Volt Switch|p2a: Put ur penis in me
|-damage|p2a: Put ur penis in me|392\/642
|
|switch|p1a: Terrakion|Terrakion|214\/323
|-damage|p1a: Terrakion|194\/323|[from] Stealth Rock
|
|turn|71
|
|switch|p2a: My dick stinks|Venusaur-Mega, F|364\/364
|-damage|p2a: My dick stinks|319\/364|[from] Stealth Rock
|move|p1a: Terrakion|Close Combat|p2a: My dick stinks
|-resisted|p2a: My dick stinks
|-damage|p2a: My dick stinks|250\/364
|-unboost|p1a: Terrakion|def|1
|-unboost|p1a: Terrakion|spd|1
|
|turn|72
|
|switch|p1a: Heatran|Heatran, M|337\/385
|-damage|p1a: Heatran|289\/385|[from] Stealth Rock
|switch|p2a: Metal Cock|Skarmory, F|255\/334
|-damage|p2a: Metal Cock|214\/334|[from] Stealth Rock
|
|-heal|p1a: Heatran|313\/385|[from] item: Leftovers
|turn|73
|
|switch|p2a: My farts are hot|Heatran, F|200\/385
|-damage|p2a: My farts are hot|152\/385|[from] Stealth Rock
|move|p1a: Heatran|Roar|p2a: My farts are hot
|drag|p2a: Dragonite|Dragonite, M|51\/323
|-damage|p2a: Dragonite|0 fnt|[from] Stealth Rock
|faint|p2a: Dragonite
|
|-heal|p1a: Heatran|337\/385|[from] item: Leftovers
|
|switch|p2a: My farts are hot|Heatran, F|152\/385
|-damage|p2a: My farts are hot|104\/385|[from] Stealth Rock
|turn|74
|
|move|p2a: My farts are hot|Lava Plume|p1a: Heatran
|-start|p1a: Heatran|ability: Flash Fire
|move|p1a: Heatran|Roar|p2a: My farts are hot
|drag|p2a: Metal Cock|Skarmory, F|214\/334
|-damage|p2a: Metal Cock|173\/334|[from] Stealth Rock
|
|-heal|p1a: Heatran|361\/385|[from] item: Leftovers
|turn|75
|
|move|p1a: Heatran|Lava Plume|p2a: Metal Cock
|-supereffective|p2a: Metal Cock
|-damage|p2a: Metal Cock|0 fnt
|faint|p2a: Metal Cock
|
|-heal|p1a: Heatran|385\/385|[from] item: Leftovers
|-message|Saved by Dragonite forfeited.
|
|win|JTewi
|raw|Ladder updating...
|raw|JTewi's rating: 1249 &rarr; <strong>1275<\/strong><br \/>(+26 for winning)
|raw|Saved by Dragonite's rating: 1261 &rarr; <strong>1235<\/strong><br \/>(-26 for losing)
|c|âSaved by Dragonite|gg
|leave|Saved by Dragonite
|c|âJTewi|g
|player|p2