|join|JTewi
|join|jamd medina
|player|p1|JTewi|101
|player|p2|jamd medina|151
|gametype|singles
|gen|6
|tier|OU (suspect test)
|rated
|clearpoke
|poke|p1|Venusaur, M
|poke|p1|Victini
|poke|p1|Slowbro, F
|poke|p1|Skarmory, F
|poke|p1|Audino, M
|poke|p1|Conkeldurr, F
|poke|p2|Arcanine, M
|poke|p2|Aggron, F
|poke|p2|Dusclops, M
|poke|p2|Mew
|poke|p2|Gliscor, M
|poke|p2|Conkeldurr, M
|rule|Swagger Clause: Swagger is banned
|rule|Baton Pass Clause: Limit one PokÃ©mon knowing Baton Pass
|rule|Sleep Clause Mod: Limit one foe put to sleep
|rule|Species Clause: Limit one of each PokÃ©mon
|rule|OHKO Clause: OHKO moves are banned
|rule|Moody Clause: Moody is banned
|rule|Evasion Moves Clause: Evasion moves are banned
|rule|Endless Battle Clause: Forcing endless battles is banned
|rule|HP Percentage Mod: HP is shown in percentages
|teampreview
|
|start
|switch|p1a: Victini|Victini|341\/341
|switch|p2a: Aggron|Aggron, F|343\/343
|turn|1
|
|switch|p2a: Arcanine|Arcanine, M|384\/384
|move|p1a: Victini|U-turn|p2a: Arcanine
|-resisted|p2a: Arcanine
|-damage|p2a: Arcanine|314\/384
|
|switch|p1a: Slowbro|Slowbro, F|393\/393
|
|turn|2
|
|switch|p2a: Dusclops|Dusclops, M|283\/283
|-item|p1a: Slowbro|Leftovers|[from] ability: Frisk|[of] p2a: Dusclops|[identify]
|move|p1a: Slowbro|Toxic|p2a: Dusclops
|-status|p2a: Dusclops|tox
|
|-damage|p2a: Dusclops|266\/283 tox|[from] psn
|turn|3
|
|switch|p1a: Audino|Audino, M|409\/409
|move|p2a: Dusclops|Infestation|p1a: Audino
|-crit|p1a: Audino
|-damage|p1a: Audino|395\/409
|-activate|p1a: Audino|move: Infestation|[of] p2a: Dusclops
|
|-heal|p1a: Audino|409\/409|[from] item: Leftovers
|-damage|p2a: Dusclops|232\/283 tox|[from] psn
|-damage|p1a: Audino|358\/409|[from] move: Infestation|[partiallytrapped]
|turn|4
|
|move|p2a: Dusclops|Will-O-Wisp|p1a: Audino
|-status|p1a: Audino|brn
|move|p1a: Audino|Trick Room|p1a: Audino
|-fieldstart|move: Trick Room|[of] p1a: Audino
|
|-heal|p1a: Audino|383\/409 brn|[from] item: Leftovers
|-damage|p2a: Dusclops|181\/283 tox|[from] psn
|-damage|p1a: Audino|332\/409 brn|[from] brn
|-damage|p1a: Audino|281\/409 brn|[from] move: Infestation|[partiallytrapped]
|turn|5
|
|move|p2a: Dusclops|Pain Split|p1a: Audino
|-sethp|p1a: Audino|231\/409 brn|p2a: Dusclops|231\/283 tox|[from] move: Pain Split
|move|p1a: Audino|Heal Bell|p1a: Audino
|-cureteam|p1a: Audino|[from] move: HealBell
|
|-heal|p1a: Audino|256\/409|[from] item: Leftovers
|-damage|p2a: Dusclops|163\/283 tox|[from] psn
|-damage|p1a: Audino|205\/409|[from] move: Infestation|[partiallytrapped]
|turn|6
|
|move|p2a: Dusclops|Night Shade|p1a: Audino
|-immune|p1a: Audino|[msg]
|move|p1a: Audino|Heal Bell|p1a: Audino
|-cureteam|p1a: Audino|[from] move: HealBell
|
|-heal|p1a: Audino|230\/409|[from] item: Leftovers
|-damage|p2a: Dusclops|78\/283 tox|[from] psn
|-damage|p1a: Audino|179\/409|[from] move: Infestation|[partiallytrapped]
|turn|7
|
|move|p2a: Dusclops|Pain Split|p1a: Audino
|-sethp|p1a: Audino|128\/409|p2a: Dusclops|128\/283 tox|[from] move: Pain Split
|move|p1a: Audino|Heal Bell|p1a: Audino
|-cureteam|p1a: Audino|[from] move: HealBell
|
|-heal|p1a: Audino|153\/409|[from] item: Leftovers
|-damage|p2a: Dusclops|26\/283 tox|[from] psn
|-end|p1a: Audino|Infestation|[partiallytrapped]
|turn|8
|
|move|p2a: Dusclops|Pain Split|p1a: Audino
|-sethp|p1a: Audino|89\/409|p2a: Dusclops|89\/283 tox|[from] move: Pain Split
|move|p1a: Audino|Toxic|p2a: Dusclops
|-fail|p2a: Dusclops|tox
|
|-heal|p1a: Audino|114\/409|[from] item: Leftovers
|-damage|p2a: Dusclops|0 fnt|[from] psn
|-fieldend|move: Trick Room
|faint|p2a: Dusclops
|
|switch|p2a: Arcanine|Arcanine, M|314\/384
|turn|9
|
|switch|p1a: Slowbro|Slowbro, F|393\/393
|move|p2a: Arcanine|Flare Blitz|p1a: Slowbro
|-resisted|p1a: Slowbro
|-damage|p1a: Slowbro|299\/393
|-damage|p2a: Arcanine|283\/384|[from] recoil|[of] p1a: Slowbro
|-damage|p2a: Arcanine|245\/384|[from] item: Life Orb
|
|-heal|p1a: Slowbro|323\/393|[from] item: Leftovers
|turn|10
|
|switch|p2a: Mew|Mew|404\/404
|move|p1a: Slowbro|Scald|p2a: Mew
|-damage|p2a: Mew|305\/404
|-status|p2a: Mew|brn
|-status|p1a: Slowbro|brn
|
|-heal|p2a: Mew|330\/404 brn|[from] item: Leftovers
|-heal|p1a: Slowbro|347\/393 brn|[from] item: Leftovers
|-damage|p2a: Mew|280\/404 brn|[from] brn
|-damage|p1a: Slowbro|298\/393 brn|[from] brn
|turn|11
|
|switch|p1a: Venusaur|Venusaur, M|363\/363
|move|p2a: Mew|Stealth Rock|p1a: Venusaur
|-sidestart|p1: JTewi|move: Stealth Rock
|
|-heal|p2a: Mew|305\/404 brn|[from] item: Leftovers
|-damage|p2a: Mew|255\/404 brn|[from] brn
|turn|12
|
|detailschange|p1a: Venusaur|Venusaur-Mega, M
|-mega|p1a: Venusaur|Venusaur|Venusaurite
|move|p2a: Mew|Psychic|p1a: Venusaur
|-supereffective|p1a: Venusaur
|-damage|p1a: Venusaur|189\/363
|move|p1a: Venusaur|Sludge Bomb|p2a: Mew
|-damage|p2a: Mew|122\/404 brn
|
|-heal|p2a: Mew|147\/404 brn|[from] item: Leftovers
|-damage|p2a: Mew|97\/404 brn|[from] brn
|turn|13
|
|move|p2a: Mew|Roost|p2a: Mew
|-heal|p2a: Mew|299\/404 brn
|move|p1a: Venusaur|Synthesis|p1a: Venusaur
|-heal|p1a: Venusaur|363\/363
|
|-heal|p2a: Mew|324\/404 brn|[from] item: Leftovers
|-damage|p2a: Mew|274\/404 brn|[from] brn
|turn|14
|
|switch|p1a: Audino|Audino, M|250\/409
|-damage|p1a: Audino|199\/409|[from] Stealth Rock
|move|p2a: Mew|Psychic|p1a: Audino
|-damage|p1a: Audino|108\/409
|
|-heal|p2a: Mew|299\/404 brn|[from] item: Leftovers
|-heal|p1a: Audino|133\/409|[from] item: Leftovers
|-damage|p2a: Mew|249\/404 brn|[from] brn
|turn|15
|
|move|p2a: Mew|Psychic|p1a: Audino
|-damage|p1a: Audino|49\/409
|-unboost|p1a: Audino|spd|1
|move|p1a: Audino|Heal Bell|p1a: Audino
|-cureteam|p1a: Audino|[from] move: HealBell
|
|-heal|p2a: Mew|274\/404 brn|[from] item: Leftovers
|-heal|p1a: Audino|74\/409|[from] item: Leftovers
|-damage|p2a: Mew|224\/404 brn|[from] brn
|turn|16
|
|switch|p1a: Skarmory|Skarmory, F|333\/333
|-damage|p1a: Skarmory|292\/333|[from] Stealth Rock
|move|p2a: Mew|Psychic|p1a: Skarmory
|-resisted|p1a: Skarmory
|-damage|p1a: Skarmory|225\/333
|
|-heal|p2a: Mew|249\/404 brn|[from] item: Leftovers
|-damage|p2a: Mew|199\/404 brn|[from] brn
|turn|17
|
|switch|p2a: Arcanine|Arcanine, M|245\/384
|move|p1a: Skarmory|Defog|p2a: Arcanine
|-unboost|p2a: Arcanine|evasion|1
|-sideend|p1: JTewi|Stealth Rock|[from] move: Defog|[of] p1a: Skarmory
|
|turn|18
|
|switch|p1a: Slowbro|Slowbro, F|393\/393
|move|p2a: Arcanine|Flare Blitz|p1a: Slowbro
|-resisted|p1a: Slowbro
|-damage|p1a: Slowbro|307\/393
|-damage|p2a: Arcanine|217\/384|[from] recoil|[of] p1a: Slowbro
|-damage|p2a: Arcanine|179\/384|[from] item: Life Orb
|
|-heal|p1a: Slowbro|331\/393|[from] item: Leftovers
|turn|19
|
|switch|p2a: Mew|Mew|199\/404 brn
|move|p1a: Slowbro|Scald|p2a: Mew
|-damage|p2a: Mew|106\/404 brn
|
|-heal|p2a: Mew|131\/404 brn|[from] item: Leftovers
|-heal|p1a: Slowbro|355\/393|[from] item: Leftovers
|-damage|p2a: Mew|81\/404 brn|[from] brn
|turn|20
|
|switch|p1a: Victini|Victini|341\/341
|move|p2a: Mew|Roost|p2a: Mew
|-heal|p2a: Mew|283\/404 brn
|
|-heal|p2a: Mew|308\/404 brn|[from] item: Leftovers
|-damage|p2a: Mew|258\/404 brn|[from] brn
|turn|21
|
|move|p1a: Victini|Bolt Strike|p2a: Mew
|-damage|p2a: Mew|98\/404 brn
|move|p2a: Mew|Knock Off|p1a: Victini
|-supereffective|p1a: Victini
|-damage|p1a: Victini|273\/341
|-enditem|p1a: Victini|Choice Band|[from] move: Knock Off|[of] p2a: Mew
|
|-heal|p2a: Mew|123\/404 brn|[from] item: Leftovers
|-damage|p2a: Mew|73\/404 brn|[from] brn
|turn|22
|
|move|p1a: Victini|Trick|p2a: Mew
|-activate|p1a: Victini|move: Trick|[of] p2a: Mew
|-item|p1a: Victini|Leftovers|[from] move: Trick
|move|p2a: Mew|Roost|p2a: Mew
|-heal|p2a: Mew|275\/404 brn
|
|-heal|p1a: Victini|294\/341|[from] item: Leftovers
|-damage|p2a: Mew|225\/404 brn|[from] brn
|turn|23
|
|move|p1a: Victini|V-create|p2a: Mew
|-damage|p2a: Mew|20\/404 brn
|-unboost|p1a: Victini|def|1
|-unboost|p1a: Victini|spd|1
|-unboost|p1a: Victini|spe|1
|move|p2a: Mew|Stealth Rock|p1a: Victini
|-sidestart|p1: JTewi|move: Stealth Rock
|
|-heal|p1a: Victini|315\/341|[from] item: Leftovers
|-damage|p2a: Mew|0 fnt|[from] brn
|faint|p2a: Mew
|
|switch|p2a: Arcanine|Arcanine, M|179\/384
|turn|24
|
|switch|p1a: Slowbro|Slowbro, F|393\/393
|-damage|p1a: Slowbro|344\/393|[from] Stealth Rock
|move|p2a: Arcanine|Flare Blitz|p1a: Slowbro
|-resisted|p1a: Slowbro
|-damage|p1a: Slowbro|254\/393
|-damage|p2a: Arcanine|149\/384|[from] recoil|[of] p1a: Slowbro
|-damage|p2a: Arcanine|111\/384|[from] item: Life Orb
|
|-heal|p1a: Slowbro|278\/393|[from] item: Leftovers
|turn|25
|
|switch|p2a: Conkeldurr|Conkeldurr, M|414\/414
|move|p1a: Slowbro|Scald|p2a: Conkeldurr
|-damage|p2a: Conkeldurr|353\/414
|
|-heal|p1a: Slowbro|302\/393|[from] item: Leftovers
|turn|26
|
|switch|p1a: Venusaur|Venusaur-Mega, M|363\/363
|-damage|p1a: Venusaur|318\/363|[from] Stealth Rock
|move|p2a: Conkeldurr|Knock Off|p1a: Venusaur
|-damage|p1a: Venusaur|273\/363
|
|turn|27
|
|switch|p2a: Aggron|Aggron, F|343\/343
|move|p1a: Venusaur|Giga Drain|p2a: Aggron
|-damage|p2a: Aggron|181\/343
|-heal|p1a: Venusaur|354\/363|[from] drain|[of] p2a: Aggron
|
|turn|28
|
|detailschange|p2a: Aggron|Aggron-Mega, F
|-mega|p2a: Aggron|Aggron|Aggronite
|move|p1a: Venusaur|Hidden Power|p2a: Aggron
|-supereffective|p2a: Aggron
|-damage|p2a: Aggron|85\/343
|move|p2a: Aggron|Iron Head|p1a: Venusaur
|-damage|p1a: Venusaur|254\/363
|
|turn|29
|leave|jamd medina
|
|move|p1a: Venusaur|Hidden Power|p2a: Aggron
|-supereffective|p2a: Aggron
|-damage|p2a: Aggron|0 fnt
|faint|p2a: Aggron
|
|player|p2
|-message|jamdmedina lost due to inactivity.
|
|win|JTewi
|raw|Ladder updating...
|raw|JTewi's rating: 1399 &rarr; <strong>1416<\/strong><br \/>(+17 for winning)
|raw|jamd medina's rating: 1345 &rarr; <strong>1328<\/strong><br \/>(-17 for losing)