|join|Ben10k
|join|DuncanTop3History
|player|p1|Ben10k|102
|player|p2|DuncanTop3History|92
|gametype|singles
|gen|6
|tier|OU
|rated
|clearpoke
|poke|p1|Klefki, F
|poke|p1|Landorus-Therian, M
|poke|p1|Talonflame, F
|poke|p1|Raikou, shiny
|poke|p1|Blastoise, F
|poke|p1|Serperior, F
|poke|p2|Metagross
|poke|p2|Keldeo
|poke|p2|Tornadus-Therian, M
|poke|p2|Landorus-Therian, M
|poke|p2|Clefable, F
|poke|p2|Latias, F
|rule|Swagger Clause: Swagger is banned
|rule|Baton Pass Clause: Limit one PokÃ©mon knowing Baton Pass
|rule|Sleep Clause Mod: Limit one foe put to sleep
|rule|Species Clause: Limit one of each PokÃ©mon
|rule|OHKO Clause: OHKO moves are banned
|rule|Moody Clause: Moody is banned
|rule|Evasion Moves Clause: Evasion moves are banned
|rule|Endless Battle Clause: Forcing endless battles is banned
|rule|HP Percentage Mod: HP is shown in percentages
|teampreview
|
|start
|switch|p1a: Blastoise|Blastoise, F|327\/327
|switch|p2a: Tornadus-Therian|Tornadus-Therian, M|332\/332
|turn|1
|
|detailschange|p1a: Blastoise|Blastoise-Mega, F
|-mega|p1a: Blastoise|Blastoise|Blastoisinite
|move|p2a: Tornadus-Therian|Hurricane|p1a: Blastoise
|-damage|p1a: Blastoise|182\/327
|move|p1a: Blastoise|Scald|p2a: Tornadus-Therian
|-damage|p2a: Tornadus-Therian|203\/332
|
|turn|2
|
|switch|p1a: Klefki|Klefki, F|317\/317
|move|p2a: Tornadus-Therian|U-turn|p1a: Klefki
|-resisted|p1a: Klefki
|-damage|p1a: Klefki|303\/317
|
|switch|p2a: Landorus-Therian|Landorus-Therian, M|381\/381
|-ability|p2a: Landorus-Therian|Intimidate|[of] p1a: Klefki
|-unboost|p1a: Klefki|atk|1
|
|-heal|p1a: Klefki|317\/317|[from] item: Leftovers
|turn|3
|
|move|p1a: Klefki|Magnet Rise|p1a: Klefki
|-start|p1a: Klefki|Magnet Rise
|move|p2a: Landorus-Therian|Stealth Rock|p1a: Klefki
|-sidestart|p1: Ben10k|move: Stealth Rock
|
|turn|4
|
|move|p2a: Landorus-Therian|U-turn|p1a: Klefki
|-crit|p1a: Klefki
|-resisted|p1a: Klefki
|-damage|p1a: Klefki|285\/317
|
|switch|p2a: Tornadus-Therian|Tornadus-Therian, M|313\/332
|move|p1a: Klefki|Foul Play|p2a: Tornadus-Therian
|-damage|p2a: Tornadus-Therian|228\/332
|
|-heal|p1a: Klefki|304\/317|[from] item: Leftovers
|turn|5
|
|move|p1a: Klefki|Thunder Wave|p2a: Tornadus-Therian
|-status|p2a: Tornadus-Therian|par
|move|p2a: Tornadus-Therian|Heat Wave|p1a: Klefki
|-supereffective|p1a: Klefki
|-damage|p1a: Klefki|126\/317
|
|-heal|p1a: Klefki|145\/317|[from] item: Leftovers
|turn|6
|
|move|p1a: Klefki|Spikes|p2a: Tornadus-Therian
|-sidestart|p2: DuncanTop3History|Spikes
|move|p2a: Tornadus-Therian|Heat Wave|p1a: Klefki
|-supereffective|p1a: Klefki
|-damage|p1a: Klefki|0 fnt
|faint|p1a: Klefki
|
|
|switch|p1a: Blastoise|Blastoise-Mega, F|182\/327
|-damage|p1a: Blastoise|142\/327|[from] Stealth Rock
|turn|7
|
|switch|p2a: Keldeo|Keldeo|323\/323
|-damage|p2a: Keldeo|283\/323|[from] Spikes
|move|p1a: Blastoise|Rapid Spin|p2a: Keldeo
|-damage|p2a: Keldeo|269\/323
|-sideend|p1: Ben10k|Stealth Rock|[from] move: Rapid Spin|[of] p1a: Blastoise
|
|-heal|p2a: Keldeo|289\/323|[from] item: Leftovers
|turn|8
|
|move|p2a: Keldeo|Secret Sword|p1a: Blastoise
|-damage|p1a: Blastoise|16\/327
|move|p1a: Blastoise|Scald|p2a: Keldeo
|-resisted|p2a: Keldeo
|-damage|p2a: Keldeo|202\/323
|-status|p2a: Keldeo|brn
|
|-heal|p2a: Keldeo|222\/323 brn|[from] item: Leftovers
|-damage|p2a: Keldeo|182\/323 brn|[from] brn
|turn|9
|
|switch|p1a: Serperior|Serperior, F|291\/291
|move|p2a: Keldeo|Scald|p1a: Serperior
|-resisted|p1a: Serperior
|-damage|p1a: Serperior|218\/291
|
|-heal|p2a: Keldeo|202\/323 brn|[from] item: Leftovers
|-damage|p2a: Keldeo|162\/323 brn|[from] brn
|turn|10
|
|switch|p2a: Metagross|Metagross|301\/301
|-damage|p2a: Metagross|264\/301|[from] Spikes
|move|p1a: Serperior|Leaf Storm|p2a: Metagross
|-resisted|p2a: Metagross
|-damage|p2a: Metagross|147\/301
|-boost|p1a: Serperior|spa|2
|-damage|p1a: Serperior|189\/291|[from] item: Life Orb
|
|turn|11
|
|detailschange|p2a: Metagross|Metagross-Mega
|-mega|p2a: Metagross|Metagross|Metagrossite
|move|p1a: Serperior|Leaf Storm|p2a: Metagross
|-resisted|p2a: Metagross
|-damage|p2a: Metagross|0 fnt
|-boost|p1a: Serperior|spa|2
|-damage|p1a: Serperior|160\/291|[from] item: Life Orb
|faint|p2a: Metagross
|
|
|switch|p2a: Latias|Latias, F|319\/319
|turn|12
|
|move|p1a: Serperior|Dragon Pulse|p2a: Latias
|-supereffective|p2a: Latias
|-damage|p2a: Latias|0 fnt
|-damage|p1a: Serperior|131\/291|[from] item: Life Orb
|faint|p2a: Latias
|
|
|switch|p2a: Tornadus-Therian|Tornadus-Therian, M|332\/332 par
|turn|13
|
|move|p1a: Serperior|Hidden Power|p2a: Tornadus-Therian
|-supereffective|p2a: Tornadus-Therian
|-damage|p2a: Tornadus-Therian|49\/332 par
|-damage|p1a: Serperior|102\/291|[from] item: Life Orb
|cant|p2a: Tornadus-Therian|par
|
|turn|14
|
|move|p1a: Serperior|Hidden Power|p2a: Tornadus-Therian
|-supereffective|p2a: Tornadus-Therian
|-damage|p2a: Tornadus-Therian|0 fnt
|-damage|p1a: Serperior|73\/291|[from] item: Life Orb
|faint|p2a: Tornadus-Therian
|
|
|switch|p2a: Landorus-Therian|Landorus-Therian, M|381\/381
|-ability|p2a: Landorus-Therian|Intimidate|[of] p1a: Serperior
|-boost|p1a: Serperior|atk|1
|turn|15
|
|move|p1a: Serperior|Leaf Storm|p2a: Landorus-Therian
|-damage|p2a: Landorus-Therian|0 fnt
|-boost|p1a: Serperior|spa|2
|-damage|p1a: Serperior|44\/291|[from] item: Life Orb
|faint|p2a: Landorus-Therian
|
|
|switch|p2a: Keldeo|Keldeo|162\/323 brn
|-damage|p2a: Keldeo|122\/323 brn|[from] Spikes
|turn|16
|
|move|p1a: Serperior|Dragon Pulse|p2a: Keldeo
|-damage|p2a: Keldeo|0 fnt
|-damage|p1a: Serperior|15\/291|[from] item: Life Orb
|faint|p2a: Keldeo
|
|
|switch|p2a: Clefable|Clefable, F|394\/394
|turn|17
|
|move|p1a: Serperior|Leaf Storm|p2a: Clefable
|-damage|p2a: Clefable|0 fnt
|-damage|p1a: Serperior|0 fnt|[from] item: Life Orb
|faint|p2a: Clefable
|faint|p1a: Serperior
|
|win|Ben10k
|raw|Ladder updating...
|raw|Ben10k's rating: 1501 &rarr; <strong>1520<\/strong><br \/>(+19 for winning)
|raw|DuncanTop3History's rating: 1480 &rarr; <strong>1461<\/strong><br \/>(-19 for losing)
|leave|DuncanTop3History
|player|p2
|c|âBen10k|Gg