|join|Disfrazdetigre
|join|DittoInDisguise
|player|p1|Disfrazdetigre|267
|player|p2|DittoInDisguise|248
|gametype|singles
|gen|6
|tier|OU
|rated
|clearpoke
|poke|p1|Absol, M
|poke|p1|Landorus-Therian, M
|poke|p1|Latias, F
|poke|p1|Mienshao, F
|poke|p1|Rotom-Wash
|poke|p1|Volcarona, F
|poke|p2|Gliscor, M
|poke|p2|Mienshao, F
|poke|p2|Charizard, M
|poke|p2|Porygon2
|poke|p2|Hydreigon, F
|poke|p2|Excadrill, M
|rule|Swagger Clause: Swagger is banned
|rule|Baton Pass Clause: Limit three PokÃ©mon knowing Baton Pass
|rule|Sleep Clause Mod: Limit one foe put to sleep
|rule|Species Clause: Limit one of each PokÃ©mon
|rule|OHKO Clause: OHKO moves are banned
|rule|Moody Clause: Moody is banned
|rule|Evasion Moves Clause: Evasion moves are banned
|rule|Endless Battle Clause: Forcing endless battles is banned
|rule|HP Percentage Mod: HP is reported as percentages
|teampreview
|
|start
|switch|p1a: Mienshao|Mienshao, F|271\/271
|switch|p2a: Gliscor|Gliscor, M|354\/354
|turn|1
|
|move|p2a: Gliscor|Protect|p2a: Gliscor
|-singleturn|p2a: Gliscor|Protect
|move|p1a: Mienshao|Knock Off|p2a: Gliscor
|-activate|p2a: Gliscor|Protect
|
|-status|p2a: Gliscor|tox|[from] item: Toxic Orb
|turn|2
|
|switch|p1a: Rotom-Wash|Rotom-Wash|304\/304
|move|p2a: Gliscor|Toxic|p1a: Rotom-Wash
|-status|p1a: Rotom-Wash|tox
|
|-damage|p1a: Rotom-Wash|285\/304 tox|[from] psn
|turn|3
|
|switch|p1a: Volcarona|Volcarona, F|312\/312
|move|p2a: Gliscor|Protect|p2a: Gliscor
|-fail|p2a: Gliscor
|
|turn|4
|
|switch|p2a: Excadrill|Excadrill, M|362\/362
|-ability|p2a: Excadrill|Mold Breaker
|move|p1a: Volcarona|Hidden Power|p2a: Excadrill
|-damage|p2a: Excadrill|243\/362
|
|turn|5
|
|switch|p1a: Landorus-Therian|Landorus-Therian, M|382\/382
|-ability|p1a: Landorus-Therian|Intimidate|[of] p2a: Excadrill
|-unboost|p2a: Excadrill|atk|1
|move|p2a: Excadrill|Rock Slide|p1a: Landorus-Therian
|-damage|p1a: Landorus-Therian|325\/382
|
|-heal|p1a: Landorus-Therian|348\/382|[from] item: Leftovers
|turn|6
|
|switch|p2a: Mienshao|Mienshao, F|272\/272
|move|p1a: Landorus-Therian|U-turn|p2a: Mienshao
|-resisted|p2a: Mienshao
|-damage|p2a: Mienshao|220\/272
|
|switch|p1a: Mienshao|Mienshao, F|271\/271
|
|turn|7
|
|move|p1a: Mienshao|U-turn|p2a: Mienshao
|-resisted|p2a: Mienshao
|-damage|p2a: Mienshao|163\/272
|
|switch|p1a: Landorus-Therian|Landorus-Therian, M|348\/382
|-ability|p1a: Landorus-Therian|Intimidate|[of] p2a: Mienshao
|-unboost|p2a: Mienshao|atk|1
|move|p2a: Mienshao|Knock Off|p1a: Landorus-Therian
|-damage|p1a: Landorus-Therian|271\/382
|-enditem|p1a: Landorus-Therian|Leftovers|[from] move: Knock Off|[of] p2a: Mienshao
|-damage|p2a: Mienshao|136\/272|[from] item: Life Orb
|
|turn|8
|
|switch|p2a: Gliscor|Gliscor, M|354\/354 tox
|move|p1a: Landorus-Therian|U-turn|p2a: Gliscor
|-resisted|p2a: Gliscor
|-damage|p2a: Gliscor|330\/354 tox
|
|switch|p1a: Absol|Absol, M|271\/271
|
|-heal|p2a: Gliscor|354\/354 tox|[from] ability: Poison Heal
|turn|9
|
|switch|p2a: Mienshao|Mienshao, F|226\/272
|detailschange|p1a: Absol|Absol-Mega, M
|message|Absol has Mega Evolved into Mega Absol!
|move|p1a: Absol|Swords Dance|p1a: Absol
|-boost|p1a: Absol|atk|2
|
|turn|10
|
|move|p2a: Mienshao|Fake Out|p1a: Absol
|-damage|p1a: Absol|187\/271
|-damage|p2a: Mienshao|199\/272|[from] item: Life Orb
|cant|p1a: Absol|flinch
|
|turn|11
|
|move|p1a: Absol|Knock Off|p2a: Mienshao
|-resisted|p2a: Mienshao
|-damage|p2a: Mienshao|0 fnt
|-enditem|p2a: Mienshao|Life Orb|[from] move: Knock Off|[of] p1a: Absol
|faint|p2a: Mienshao
|
|
|switch|p2a: Excadrill|Excadrill, M|243\/362
|-ability|p2a: Excadrill|Mold Breaker
|turn|12
|
|move|p1a: Absol|Sucker Punch|p2a: Excadrill
|-damage|p2a: Excadrill|0 fnt
|faint|p2a: Excadrill
|
|
|switch|p2a: Hydreigon|Hydreigon, F|325\/325
|turn|13
|
|move|p1a: Absol|Superpower|p2a: Hydreigon
|-supereffective|p2a: Hydreigon
|-damage|p2a: Hydreigon|0 fnt
|-unboost|p1a: Absol|atk|1
|-unboost|p1a: Absol|def|1
|faint|p2a: Hydreigon
|
|-message|DittoInDisguise forfeited.
|
|win|Disfrazdetigre
|raw|Ladder updating...
|leave|DittoInDisguise
|player|p2
|raw|Disfrazdetigre's rating: 1330 &rarr; <strong>1350<\/strong><br \/>(+20 for winning)
|raw|DittoInDisguise's rating: 1342 &rarr; <strong>1322<\/strong><br \/>(-20 for losing)