|join|LT8G FullLifeGames
|join|Disfrazdetigre
|player|p1|LT8G FullLifeGames|80
|player|p2|Disfrazdetigre|267
|gametype|singles
|gen|6
|tier|OU
|rated
|clearpoke
|poke|p1|Landorus-Therian, M
|poke|p1|Mew
|poke|p1|Gardevoir, M
|poke|p1|Rotom-Wash
|poke|p1|Keldeo
|poke|p1|Ferrothorn, M
|poke|p2|Thundurus, M
|poke|p2|Rotom-Wash
|poke|p2|Medicham, F
|poke|p2|Keldeo
|poke|p2|Bisharp, F
|poke|p2|Nidoqueen, F
|rule|Swagger Clause: Swagger is banned
|rule|Baton Pass Clause: Limit one PokÃ©mon knowing Baton Pass
|rule|Sleep Clause Mod: Limit one foe put to sleep
|rule|Species Clause: Limit one of each PokÃ©mon
|rule|OHKO Clause: OHKO moves are banned
|rule|Moody Clause: Moody is banned
|rule|Evasion Moves Clause: Evasion moves are banned
|rule|Endless Battle Clause: Forcing endless battles is banned
|rule|HP Percentage Mod: HP is shown in percentages
|teampreview
|join|LT8X Sensory
|
|start
|switch|p1a: Mew|Mew|403\/403
|switch|p2a: Keldeo|Keldeo|323\/323
|turn|1
|
|move|p2a: Keldeo|Hydro Pump|p1a: Mew
|-damage|p1a: Mew|171\/403
|move|p1a: Mew|Knock Off|p2a: Keldeo
|-crit|p2a: Keldeo
|-resisted|p2a: Keldeo
|-damage|p2a: Keldeo|262\/323
|-boost|p2a: Keldeo|atk|1|[from] ability: Justified
|-enditem|p2a: Keldeo|Choice Specs|[from] move: Knock Off|[of] p1a: Mew
|
|-heal|p1a: Mew|196\/403|[from] item: Leftovers
|turn|2
|
|move|p2a: Keldeo|Hydro Pump|p1a: Mew
|-damage|p1a: Mew|45\/403
|move|p1a: Mew|Soft-Boiled|p1a: Mew
|-heal|p1a: Mew|247\/403
|
|-heal|p1a: Mew|272\/403|[from] item: Leftovers
|turn|3
|
|move|p2a: Keldeo|Scald|p1a: Mew
|-damage|p1a: Mew|149\/403
|move|p1a: Mew|Soft-Boiled|p1a: Mew
|-heal|p1a: Mew|351\/403
|
|-heal|p1a: Mew|376\/403|[from] item: Leftovers
|turn|4
|
|move|p2a: Keldeo|Scald|p1a: Mew
|-crit|p1a: Mew
|-damage|p1a: Mew|196\/403
|-status|p1a: Mew|brn
|-status|p2a: Keldeo|brn
|move|p1a: Mew|Will-O-Wisp|p2a: Keldeo
|-fail|p2a: Keldeo|brn
|
|-heal|p1a: Mew|221\/403 brn|[from] item: Leftovers
|-damage|p2a: Keldeo|222\/323 brn|[from] brn
|-damage|p1a: Mew|171\/403 brn|[from] brn
|turn|5
|
|switch|p2a: Medicham|Medicham, F|261\/261
|move|p1a: Mew|Soft-Boiled|p1a: Mew
|-heal|p1a: Mew|373\/403 brn
|
|-heal|p1a: Mew|398\/403 brn|[from] item: Leftovers
|-damage|p1a: Mew|348\/403 brn|[from] brn
|turn|6
|
|detailschange|p2a: Medicham|Medicham-Mega, F
|message|Medicham has Mega Evolved into Mega Medicham!
|move|p1a: Mew|Will-O-Wisp|p2a: Medicham
|-status|p2a: Medicham|brn
|move|p2a: Medicham|Substitute|p2a: Medicham
|-start|p2a: Medicham|Substitute
|-damage|p2a: Medicham|196\/261 brn
|
|-heal|p1a: Mew|373\/403 brn|[from] item: Leftovers
|-damage|p2a: Medicham|164\/261 brn|[from] brn
|-damage|p1a: Mew|323\/403 brn|[from] brn
|turn|7
|
|move|p2a: Medicham|Thunder Punch|p1a: Mew
|-damage|p1a: Mew|242\/403 brn
|move|p1a: Mew|Taunt|p2a: Medicham
|-start|p2a: Medicham|move: Taunt
|
|-heal|p1a: Mew|267\/403 brn|[from] item: Leftovers
|-damage|p2a: Medicham|132\/261 brn|[from] brn
|-damage|p1a: Mew|217\/403 brn|[from] brn
|turn|8
|
|move|p2a: Medicham|Thunder Punch|p1a: Mew
|-damage|p1a: Mew|132\/403 brn
|move|p1a: Mew|Soft-Boiled|p1a: Mew
|-heal|p1a: Mew|334\/403 brn
|
|-heal|p1a: Mew|359\/403 brn|[from] item: Leftovers
|-damage|p2a: Medicham|100\/261 brn|[from] brn
|-damage|p1a: Mew|309\/403 brn|[from] brn
|turn|9
|
|switch|p2a: Thundurus|Thundurus, M|299\/299
|move|p1a: Mew|Knock Off|p2a: Thundurus
|-damage|p2a: Thundurus|248\/299
|-enditem|p2a: Thundurus|Life Orb|[from] move: Knock Off|[of] p1a: Mew
|
|-heal|p1a: Mew|334\/403 brn|[from] item: Leftovers
|-damage|p1a: Mew|284\/403 brn|[from] brn
|turn|10
|
|switch|p2a: Keldeo|Keldeo|222\/323 brn
|switch|p1a: Landorus-Therian|Landorus-Therian, M|326\/326
|-ability|p1a: Landorus-Therian|Intimidate|[of] p2a: Keldeo
|-unboost|p2a: Keldeo|atk|1
|
|-damage|p2a: Keldeo|182\/323 brn|[from] brn
|turn|11
|
|move|p1a: Landorus-Therian|U-turn|p2a: Keldeo
|-resisted|p2a: Keldeo
|-damage|p2a: Keldeo|133\/323 brn
|
|switch|p1a: Mew|Mew|284\/403 brn
|move|p2a: Keldeo|Scald|p1a: Mew
|-damage|p1a: Mew|167\/403 brn
|
|-heal|p1a: Mew|192\/403 brn|[from] item: Leftovers
|-damage|p2a: Keldeo|93\/323 brn|[from] brn
|-damage|p1a: Mew|142\/403 brn|[from] brn
|turn|12
|
|move|p2a: Keldeo|Hydro Pump|p1a: Mew
|-damage|p1a: Mew|0 fnt
|faint|p1a: Mew
|
|-damage|p2a: Keldeo|53\/323 brn|[from] brn
|
|switch|p1a: Landorus-Therian|Landorus-Therian, M|326\/326
|-ability|p1a: Landorus-Therian|Intimidate|[of] p2a: Keldeo
|-unboost|p2a: Keldeo|atk|1
|turn|13
|
|switch|p2a: Thundurus|Thundurus, M|248\/299
|move|p1a: Landorus-Therian|Earthquake|p2a: Thundurus
|-immune|p2a: Thundurus|[msg]
|
|turn|14
|
|switch|p1a: Ferrothorn|Ferrothorn, M|352\/352
|move|p2a: Thundurus|Focus Blast|p1a: Ferrothorn
|-supereffective|p1a: Ferrothorn
|-damage|p1a: Ferrothorn|148\/352
|
|-heal|p1a: Ferrothorn|170\/352|[from] item: Leftovers
|turn|15
|
|move|p1a: Ferrothorn|Protect|p1a: Ferrothorn
|-singleturn|p1a: Ferrothorn|Protect
|move|p2a: Thundurus|Focus Blast|p1a: Ferrothorn
|-activate|p1a: Ferrothorn|Protect
|
|-heal|p1a: Ferrothorn|192\/352|[from] item: Leftovers
|turn|16
|
|move|p2a: Thundurus|Focus Blast|p1a: Ferrothorn
|-supereffective|p1a: Ferrothorn
|-damage|p1a: Ferrothorn|0 fnt
|faint|p1a: Ferrothorn
|
|
|switch|p1a: Landorus-Therian|Landorus-Therian, M|326\/326
|-ability|p1a: Landorus-Therian|Intimidate|[of] p2a: Thundurus
|-unboost|p2a: Thundurus|atk|1
|turn|17
|
|switch|p2a: Medicham|Medicham-Mega, F|100\/261 brn
|move|p1a: Landorus-Therian|U-turn|p2a: Medicham
|-damage|p2a: Medicham|0 fnt
|faint|p2a: Medicham
|
|switch|p1a: Rotom-Wash|Rotom-Wash|303\/303
|
|
|switch|p2a: Rotom-Wash|Rotom-Wash|304\/304
|turn|18
|
|move|p1a: Rotom-Wash|Will-O-Wisp|p2a: Rotom-Wash
|-status|p2a: Rotom-Wash|brn
|move|p2a: Rotom-Wash|Will-O-Wisp|p1a: Rotom-Wash|[miss]
|-miss|p2a: Rotom-Wash|p1a: Rotom-Wash
|
|-damage|p2a: Rotom-Wash|266\/304 brn|[from] brn
|turn|19
|
|move|p2a: Rotom-Wash|Will-O-Wisp|p1a: Rotom-Wash
|-status|p1a: Rotom-Wash|brn
|move|p1a: Rotom-Wash|Hydro Pump|p2a: Rotom-Wash|[miss]
|-miss|p1a: Rotom-Wash|p2a: Rotom-Wash
|
|-damage|p2a: Rotom-Wash|228\/304 brn|[from] brn
|-damage|p1a: Rotom-Wash|266\/303 brn|[from] brn
|turn|20
|
|move|p2a: Rotom-Wash|Thunderbolt|p1a: Rotom-Wash
|-damage|p1a: Rotom-Wash|166\/303 brn
|move|p1a: Rotom-Wash|Volt Switch|p2a: Rotom-Wash
|-damage|p2a: Rotom-Wash|143\/304 brn
|
|switch|p1a: Gardevoir|Gardevoir, M|277\/277
|-ability|p1a: Gardevoir|Levitate|[from] ability: Trace|[of] p2a: Rotom-Wash
|
|-damage|p2a: Rotom-Wash|105\/304 brn|[from] brn
|turn|21
|
|detailschange|p1a: Gardevoir|Gardevoir-Mega, M
|message|Gardevoir has Mega Evolved into Mega Gardevoir!
|move|p1a: Gardevoir|Substitute|p1a: Gardevoir
|-start|p1a: Gardevoir|Substitute
|-damage|p1a: Gardevoir|208\/277
|move|p2a: Rotom-Wash|Rest|p2a: Rotom-Wash
|-status|p2a: Rotom-Wash|slp
|-heal|p2a: Rotom-Wash|304\/304 slp|[silent]
|-status|p2a: Rotom-Wash|slp|[from] move: Rest
|-enditem|p2a: Rotom-Wash|Chesto Berry|[eat]
|-curestatus|p2a: Rotom-Wash|slp
|
|turn|22
|
|move|p1a: Gardevoir|Calm Mind|p1a: Gardevoir
|-boost|p1a: Gardevoir|spa|1
|-boost|p1a: Gardevoir|spd|1
|move|p2a: Rotom-Wash|Hydro Pump|p1a: Gardevoir
|-crit|p1a: Gardevoir
|-end|p1a: Gardevoir|Substitute
|
|turn|23
|
|switch|p2a: Keldeo|Keldeo|53\/323 brn
|move|p1a: Gardevoir|Substitute|p1a: Gardevoir
|-start|p1a: Gardevoir|Substitute
|-damage|p1a: Gardevoir|139\/277
|
|-damage|p2a: Keldeo|13\/323 brn|[from] brn
|turn|24
|
|move|p2a: Keldeo|Secret Sword|p1a: Gardevoir
|-resisted|p1a: Gardevoir
|-activate|p1a: Gardevoir|Substitute|[damage]
|move|p1a: Gardevoir|Substitute|p1a: Gardevoir
|-fail|p1a: Gardevoir|move: Substitute
|
|-damage|p2a: Keldeo|0 fnt|[from] brn
|faint|p2a: Keldeo
|
|switch|p2a: Thundurus|Thundurus, M|248\/299
|turn|25
|
|move|p2a: Thundurus|Volt Switch|p1a: Gardevoir
|-end|p1a: Gardevoir|Substitute
|
|switch|p2a: Bisharp|Bisharp, F|334\/334
|move|p1a: Gardevoir|Hyper Voice|p2a: Bisharp
|-damage|p2a: Bisharp|0 fnt
|faint|p2a: Bisharp
|
|
|switch|p2a: Nidoqueen|Nidoqueen, F|384\/384
|turn|26
|
|move|p1a: Gardevoir|Psyshock|p2a: Nidoqueen
|-supereffective|p2a: Nidoqueen
|-damage|p2a: Nidoqueen|0 fnt
|faint|p2a: Nidoqueen
|
|
|switch|p2a: Thundurus|Thundurus, M|248\/299
|turn|27
|
|move|p2a: Thundurus|Thunder Wave|p1a: Gardevoir
|-status|p1a: Gardevoir|par
|move|p1a: Gardevoir|Hyper Voice|p2a: Thundurus
|-damage|p2a: Thundurus|0 fnt
|faint|p2a: Thundurus
|
|
|switch|p2a: Rotom-Wash|Rotom-Wash|304\/304
|turn|28
|c|âDisfrazdetigre|gg
|
|move|p2a: Rotom-Wash|Hydro Pump|p1a: Gardevoir
|-crit|p1a: Gardevoir
|-damage|p1a: Gardevoir|0 fnt
|faint|p1a: Gardevoir
|
|
|switch|p1a: Keldeo|Keldeo|323\/323
|turn|29
|
|move|p1a: Keldeo|Secret Sword|p2a: Rotom-Wash
|-damage|p2a: Rotom-Wash|142\/304
|move|p2a: Rotom-Wash|Thunderbolt|p1a: Keldeo
|-supereffective|p1a: Keldeo
|-damage|p1a: Keldeo|95\/323
|
|turn|30
|
|move|p1a: Keldeo|Secret Sword|p2a: Rotom-Wash
|-damage|p2a: Rotom-Wash|0 fnt
|faint|p2a: Rotom-Wash
|
|win|LT8G FullLifeGames
|raw|Ladder updating...
|raw|LT8G FullLifeGames's rating: 1503 &rarr; <strong>1521<\/strong><br \/>(+18 for winning)
|raw|Disfrazdetigre's rating: 1478 &rarr; <strong>1459<\/strong><br \/>(-19 for losing)
|leave|Disfrazdetigre
|player|p2
|leave|LT8X Sensory