|join|Disfrazdetigre
|join|SoundofMadness
|player|p1|Disfrazdetigre|267
|player|p2|SoundofMadness|80
|gametype|singles
|gen|6
|tier|OU
|rated
|clearpoke
|poke|p1|Thundurus, M
|poke|p1|Rotom-Wash
|poke|p1|Medicham, F
|poke|p1|Keldeo
|poke|p1|Bisharp, F
|poke|p1|Nidoqueen, F
|poke|p2|Charizard, M
|poke|p2|Skarmory, M
|poke|p2|Clefable, F
|poke|p2|Heatran, M
|poke|p2|Wobbuffet, F
|poke|p2|Tentacruel, M
|rule|Swagger Clause: Swagger is banned
|rule|Baton Pass Clause: Limit one PokÃ©mon knowing Baton Pass
|rule|Sleep Clause Mod: Limit one foe put to sleep
|rule|Species Clause: Limit one of each PokÃ©mon
|rule|OHKO Clause: OHKO moves are banned
|rule|Moody Clause: Moody is banned
|rule|Evasion Moves Clause: Evasion moves are banned
|rule|Endless Battle Clause: Forcing endless battles is banned
|rule|HP Percentage Mod: HP is shown in percentages
|teampreview
|
|start
|switch|p1a: Thundurus|Thundurus, M|299\/299
|switch|p2a: Charizard|Charizard, M|359\/359
|turn|1
|
|detailschange|p2a: Charizard|Charizard-Mega-X, M
|message|Charizard has Mega Evolved into Mega Charizard!
|move|p1a: Thundurus|Thunder Wave|p2a: Charizard
|-status|p2a: Charizard|par
|move|p2a: Charizard|Will-O-Wisp|p1a: Thundurus
|-status|p1a: Thundurus|brn
|
|-damage|p1a: Thundurus|262\/299 brn|[from] brn
|turn|2
|
|move|p1a: Thundurus|Focus Blast|p2a: Charizard
|-damage|p2a: Charizard|190\/359 par
|-damage|p1a: Thundurus|233\/299 brn|[from] item: Life Orb
|move|p2a: Charizard|Dragon Claw|p1a: Thundurus
|-damage|p1a: Thundurus|26\/299 brn
|
|-damage|p1a: Thundurus|0 fnt|[from] brn
|faint|p1a: Thundurus
|
|switch|p1a: Keldeo|Keldeo|323\/323
|turn|3
|
|switch|p2a: Wobbuffet|Wobbuffet, F|584\/584
|move|p1a: Keldeo|Scald|p2a: Wobbuffet
|-damage|p2a: Wobbuffet|356\/584
|
|-heal|p2a: Wobbuffet|392\/584|[from] item: Leftovers
|turn|4
|
|move|p1a: Keldeo|Scald|p2a: Wobbuffet
|-damage|p2a: Wobbuffet|193\/584
|-status|p2a: Wobbuffet|brn
|move|p2a: Wobbuffet|Mirror Coat|p1a: Keldeo
|-damage|p1a: Keldeo|0 fnt
|faint|p1a: Keldeo
|
|-heal|p2a: Wobbuffet|229\/584 brn|[from] item: Leftovers
|-damage|p2a: Wobbuffet|156\/584 brn|[from] brn
|
|switch|p1a: Medicham|Medicham, F|261\/261
|turn|5
|
|switch|p2a: Clefable|Clefable, F|394\/394
|detailschange|p1a: Medicham|Medicham-Mega, F
|message|Medicham has Mega Evolved into Mega Medicham!
|move|p1a: Medicham|Substitute|p1a: Medicham
|-start|p1a: Medicham|Substitute
|-damage|p1a: Medicham|196\/261
|
|turn|6
|
|move|p1a: Medicham|Thunder Punch|p2a: Clefable
|-damage|p2a: Clefable|263\/394
|move|p2a: Clefable|Aromatherapy|p2a: Clefable
|-cureteam|p2a: Clefable|[from] move: Aromatherapy
|
|-heal|p2a: Clefable|287\/394|[from] item: Leftovers
|turn|7
|
|move|p1a: Medicham|Bullet Punch|p2a: Clefable
|-supereffective|p2a: Clefable
|-damage|p2a: Clefable|143\/394
|move|p2a: Clefable|Wish|p2a: Clefable
|
|-heal|p2a: Clefable|167\/394|[from] item: Leftovers
|turn|8
|
|move|p1a: Medicham|Drain Punch|p2a: Clefable
|-resisted|p2a: Clefable
|-damage|p2a: Clefable|56\/394
|-heal|p1a: Medicham|252\/261|[from] drain|[of] p2a: Clefable
|move|p2a: Clefable|Moonblast|p1a: Medicham
|-supereffective|p1a: Medicham
|-end|p1a: Medicham|Substitute
|
|-heal|p2a: Clefable|253\/394|[from] move: Wish|[wisher] Clefable
|-heal|p2a: Clefable|277\/394|[from] item: Leftovers
|turn|9
|
|switch|p1a: Bisharp|Bisharp, F|334\/334
|move|p2a: Clefable|Moonblast|p1a: Bisharp
|-damage|p1a: Bisharp|204\/334
|
|-heal|p1a: Bisharp|224\/334|[from] item: Leftovers
|-heal|p2a: Clefable|301\/394|[from] item: Leftovers
|turn|10
|
|switch|p2a: Tentacruel|Tentacruel, M|364\/364
|move|p1a: Bisharp|Stealth Rock|p2a: Tentacruel
|-sidestart|p2: SoundofMadness|move: Stealth Rock
|
|-heal|p1a: Bisharp|244\/334|[from] item: Leftovers
|turn|11
|
|move|p2a: Tentacruel|Scald|p1a: Bisharp
|-damage|p1a: Bisharp|138\/334
|move|p1a: Bisharp|Knock Off|p2a: Tentacruel
|-damage|p2a: Tentacruel|204\/364
|-enditem|p2a: Tentacruel|Black Sludge|[from] move: Knock Off|[of] p1a: Bisharp
|
|-heal|p1a: Bisharp|158\/334|[from] item: Leftovers
|turn|12
|
|switch|p1a: Rotom-Wash|Rotom-Wash|304\/304
|move|p2a: Tentacruel|Rapid Spin|p1a: Rotom-Wash
|-damage|p1a: Rotom-Wash|295\/304
|-sideend|p2: SoundofMadness|Stealth Rock|[from] move: Rapid Spin|[of] p2a: Tentacruel
|
|turn|13
|
|move|p2a: Tentacruel|Toxic|p1a: Rotom-Wash
|-status|p1a: Rotom-Wash|tox
|move|p1a: Rotom-Wash|Will-O-Wisp|p2a: Tentacruel
|-status|p2a: Tentacruel|brn
|
|-damage|p2a: Tentacruel|159\/364 brn|[from] brn
|-damage|p1a: Rotom-Wash|276\/304 tox|[from] psn
|turn|14
|
|switch|p2a: Heatran|Heatran, M|386\/386
|switch|p1a: Bisharp|Bisharp, F|158\/334
|
|-heal|p1a: Bisharp|178\/334|[from] item: Leftovers
|turn|15
|
|move|p2a: Heatran|Lava Plume|p1a: Bisharp
|-supereffective|p1a: Bisharp
|-damage|p1a: Bisharp|0 fnt
|faint|p1a: Bisharp
|
|
|switch|p1a: Medicham|Medicham-Mega, F|252\/261
|turn|16
|
|move|p1a: Medicham|Thunder Punch|p2a: Heatran
|-damage|p2a: Heatran|230\/386
|move|p2a: Heatran|Stealth Rock|p1a: Medicham
|-sidestart|p1: Disfrazdetigre|move: Stealth Rock
|
|-heal|p2a: Heatran|254\/386|[from] item: Leftovers
|turn|17
|
|switch|p2a: Skarmory|Skarmory, M|334\/334
|move|p1a: Medicham|Drain Punch|p2a: Skarmory
|-damage|p2a: Skarmory|202\/334
|-heal|p1a: Medicham|261\/261|[from] drain|[of] p2a: Skarmory
|-damage|p1a: Medicham|218\/261|[from] item: Rocky Helmet|[of] p2a: Skarmory
|
|turn|18
|
|switch|p2a: Clefable|Clefable, F|301\/394
|move|p1a: Medicham|Thunder Punch|p2a: Clefable
|-damage|p2a: Clefable|157\/394
|
|-heal|p2a: Clefable|181\/394|[from] item: Leftovers
|turn|19
|
|switch|p1a: Nidoqueen|Nidoqueen, F|384\/384
|-damage|p1a: Nidoqueen|360\/384|[from] Stealth Rock
|move|p2a: Clefable|Protect|p2a: Clefable
|-fail|p2a: Clefable
|
|-heal|p2a: Clefable|205\/394|[from] item: Leftovers
|turn|20
|
|move|p2a: Clefable|Protect|p2a: Clefable
|-singleturn|p2a: Clefable|Protect
|move|p1a: Nidoqueen|Sludge Wave|p2a: Clefable
|-activate|p2a: Clefable|Protect
|
|-heal|p2a: Clefable|229\/394|[from] item: Leftovers
|turn|21
|
|switch|p2a: Tentacruel|Tentacruel, M|159\/364 brn
|move|p1a: Nidoqueen|Sludge Wave|p2a: Tentacruel
|-resisted|p2a: Tentacruel
|-damage|p2a: Tentacruel|65\/364 brn
|
|-damage|p2a: Tentacruel|20\/364 brn|[from] brn
|turn|22
|
|switch|p1a: Rotom-Wash|Rotom-Wash|276\/304 tox
|-damage|p1a: Rotom-Wash|238\/304 tox|[from] Stealth Rock
|move|p2a: Tentacruel|Scald|p1a: Rotom-Wash
|-resisted|p1a: Rotom-Wash
|-damage|p1a: Rotom-Wash|199\/304 tox
|
|-damage|p2a: Tentacruel|0 fnt|[from] brn
|-damage|p1a: Rotom-Wash|180\/304 tox|[from] psn
|faint|p2a: Tentacruel
|
|switch|p2a: Clefable|Clefable, F|229\/394
|turn|23
|
|move|p1a: Rotom-Wash|Will-O-Wisp|p2a: Clefable
|-status|p2a: Clefable|brn
|move|p2a: Clefable|Wish|p2a: Clefable
|
|-heal|p2a: Clefable|253\/394 brn|[from] item: Leftovers
|-damage|p1a: Rotom-Wash|142\/304 tox|[from] psn
|-damage|p2a: Clefable|204\/394 brn|[from] brn
|turn|24
|
|switch|p2a: Wobbuffet|Wobbuffet, F|156\/584
|move|p1a: Rotom-Wash|Hydro Pump|p2a: Wobbuffet|[miss]
|-miss|p1a: Rotom-Wash|p2a: Wobbuffet
|
|-heal|p2a: Wobbuffet|353\/584|[from] move: Wish|[wisher] Clefable
|-heal|p2a: Wobbuffet|389\/584|[from] item: Leftovers
|-damage|p1a: Rotom-Wash|85\/304 tox|[from] psn
|turn|25
|
|switch|p2a: Heatran|Heatran, M|254\/386
|move|p1a: Rotom-Wash|Rest|p1a: Rotom-Wash
|-status|p1a: Rotom-Wash|slp
|-heal|p1a: Rotom-Wash|304\/304 slp|[silent]
|-status|p1a: Rotom-Wash|slp|[from] move: Rest
|-enditem|p1a: Rotom-Wash|Chesto Berry|[eat]
|-curestatus|p1a: Rotom-Wash|slp
|
|-heal|p2a: Heatran|278\/386|[from] item: Leftovers
|turn|26
|
|move|p1a: Rotom-Wash|Hydro Pump|p2a: Heatran
|-supereffective|p2a: Heatran
|-damage|p2a: Heatran|86\/386
|move|p2a: Heatran|Toxic|p1a: Rotom-Wash
|-status|p1a: Rotom-Wash|tox
|
|-heal|p2a: Heatran|110\/386|[from] item: Leftovers
|-damage|p1a: Rotom-Wash|285\/304 tox|[from] psn
|turn|27
|
|switch|p2a: Charizard|Charizard-Mega-X, M|190\/359
|move|p1a: Rotom-Wash|Will-O-Wisp|p2a: Charizard
|-fail|p2a: Charizard
|
|-damage|p1a: Rotom-Wash|247\/304 tox|[from] psn
|turn|28
|
|move|p2a: Charizard|Roost|p2a: Charizard
|-heal|p2a: Charizard|359\/359
|move|p1a: Rotom-Wash|Hydro Pump|p2a: Charizard
|-damage|p2a: Charizard|229\/359
|
|-damage|p1a: Rotom-Wash|190\/304 tox|[from] psn
|turn|29
|
|move|p2a: Charizard|Dragon Claw|p1a: Rotom-Wash
|-damage|p1a: Rotom-Wash|87\/304 tox
|move|p1a: Rotom-Wash|Rest|p1a: Rotom-Wash
|-status|p1a: Rotom-Wash|slp
|-heal|p1a: Rotom-Wash|304\/304 slp|[silent]
|-status|p1a: Rotom-Wash|slp|[from] move: Rest
|
|turn|30
|
|move|p2a: Charizard|Roost|p2a: Charizard
|-heal|p2a: Charizard|359\/359
|cant|p1a: Rotom-Wash|slp
|
|turn|31
|
|move|p2a: Charizard|Dragon Claw|p1a: Rotom-Wash
|-damage|p1a: Rotom-Wash|202\/304 slp
|cant|p1a: Rotom-Wash|slp
|
|turn|32
|
|move|p2a: Charizard|Dragon Claw|p1a: Rotom-Wash
|-damage|p1a: Rotom-Wash|102\/304 slp
|-curestatus|p1a: Rotom-Wash|slp
|move|p1a: Rotom-Wash|Hydro Pump|p2a: Charizard|[miss]
|-miss|p1a: Rotom-Wash|p2a: Charizard
|
|turn|33
|
|move|p2a: Charizard|Dragon Claw|p1a: Rotom-Wash
|-crit|p1a: Rotom-Wash
|-damage|p1a: Rotom-Wash|0 fnt
|faint|p1a: Rotom-Wash
|
|c|âDisfrazdetigre|nice luck xD
|
|switch|p1a: Nidoqueen|Nidoqueen, F|360\/384
|-damage|p1a: Nidoqueen|336\/384|[from] Stealth Rock
|turn|34
|
|move|p2a: Charizard|Earthquake|p1a: Nidoqueen
|-supereffective|p1a: Nidoqueen
|-damage|p1a: Nidoqueen|118\/384
|move|p1a: Nidoqueen|Ice Beam|p2a: Charizard
|-damage|p2a: Charizard|233\/359
|
|turn|35
|
|move|p2a: Charizard|Earthquake|p1a: Nidoqueen
|-supereffective|p1a: Nidoqueen
|-damage|p1a: Nidoqueen|0 fnt
|faint|p1a: Nidoqueen
|
|
|switch|p1a: Medicham|Medicham-Mega, F|218\/261
|-damage|p1a: Medicham|202\/261|[from] Stealth Rock
|turn|36
|
|move|p1a: Medicham|Drain Punch|p2a: Charizard
|-damage|p2a: Charizard|10\/359
|-heal|p1a: Medicham|261\/261|[from] drain|[of] p2a: Charizard
|move|p2a: Charizard|Will-O-Wisp|p1a: Medicham
|-status|p1a: Medicham|brn
|
|-damage|p1a: Medicham|229\/261 brn|[from] brn
|turn|37
|-message|Disfrazdetigre forfeited.
|
|win|SoundofMadness
|raw|Ladder updating...
|leave|Disfrazdetigre
|player|p1
|raw|Disfrazdetigre's rating: 1496 &rarr; <strong>1478<\/strong><br \/>(-18 for losing)
|raw|SoundofMadness's rating: 1528 &rarr; <strong>1546<\/strong><br \/>(+18 for winning)