|join|Disfrazdetigre
|join|no1globe
|player|p1|Disfrazdetigre|267
|player|p2|no1globe|102
|gametype|singles
|gen|6
|tier|OU
|rated
|clearpoke
|poke|p1|Cobalion
|poke|p1|Ferrothorn, M
|poke|p1|Gardevoir, F
|poke|p1|Landorus, M
|poke|p1|Altaria, F, shiny
|poke|p1|Quagsire, M
|poke|p2|Latias, F
|poke|p2|Rotom-Wash
|poke|p2|Serperior, M
|poke|p2|Lopunny, M
|poke|p2|Excadrill, M
|poke|p2|Landorus-Therian, M
|rule|Swagger Clause: Swagger is banned
|rule|Baton Pass Clause: Limit one PokÃ©mon knowing Baton Pass
|rule|Sleep Clause Mod: Limit one foe put to sleep
|rule|Species Clause: Limit one of each PokÃ©mon
|rule|OHKO Clause: OHKO moves are banned
|rule|Moody Clause: Moody is banned
|rule|Evasion Moves Clause: Evasion moves are banned
|rule|Endless Battle Clause: Forcing endless battles is banned
|rule|HP Percentage Mod: HP is shown in percentages
|teampreview
|
|start
|switch|p1a: Nabata|Landorus, M|320\/320
|switch|p2a: Rotom-Wash|Rotom-Wash|303\/303
|turn|1
|
|move|p1a: Nabata|Focus Blast|p2a: Rotom-Wash
|-crit|p2a: Rotom-Wash
|-damage|p2a: Rotom-Wash|0 fnt
|faint|p2a: Rotom-Wash
|
|
|switch|p2a: Latias|Latias, F|319\/319
|turn|2
|
|switch|p1a: Gardevoir|Gardevoir, F|277\/277
|move|p2a: Latias|Draco Meteor|p1a: Gardevoir
|-immune|p1a: Gardevoir|[msg]
|
|turn|3
|
|switch|p2a: Excadrill|Excadrill, M|423\/423
|-ability|p2a: Excadrill|Mold Breaker
|move|p1a: Gardevoir|Moonblast|p2a: Excadrill
|-resisted|p2a: Excadrill
|-damage|p2a: Excadrill|290\/423
|
|-heal|p2a: Excadrill|316\/423|[from] item: Leftovers
|turn|4
|
|switch|p1a: Nabata|Landorus, M|320\/320
|move|p2a: Excadrill|Toxic|p1a: Nabata
|-status|p1a: Nabata|tox
|
|-heal|p2a: Excadrill|342\/423|[from] item: Leftovers
|-damage|p1a: Nabata|300\/320 tox|[from] psn
|turn|5
|
|switch|p2a: Latias|Latias, F|319\/319
|move|p1a: Nabata|Hidden Power|p2a: Latias
|-supereffective|p2a: Latias
|-damage|p2a: Latias|155\/319
|-damage|p1a: Nabata|268\/320 tox|[from] item: Life Orb
|
|-damage|p1a: Nabata|228\/320 tox|[from] psn
|turn|6
|
|switch|p1a: Gardevoir|Gardevoir, F|277\/277
|move|p2a: Latias|Roost|p2a: Latias
|-heal|p2a: Latias|315\/319
|
|turn|7
|
|switch|p2a: Excadrill|Excadrill, M|342\/423
|-ability|p2a: Excadrill|Mold Breaker
|move|p1a: Gardevoir|Moonblast|p2a: Excadrill
|-resisted|p2a: Excadrill
|-damage|p2a: Excadrill|198\/423
|
|-heal|p2a: Excadrill|224\/423|[from] item: Leftovers
|turn|8
|
|switch|p1a: Bern|Ferrothorn, M|351\/351
|move|p2a: Excadrill|Stealth Rock|p1a: Bern
|-sidestart|p1: Disfrazdetigre|move: Stealth Rock
|
|-heal|p2a: Excadrill|250\/423|[from] item: Leftovers
|turn|9
|
|switch|p2a: Lopunny|Lopunny, M|271\/271
|move|p1a: Bern|Knock Off|p2a: Lopunny
|-damage|p2a: Lopunny|212\/271
|
|turn|10
|
|detailschange|p2a: Lopunny|Lopunny-Mega, M
|-mega|p2a: Lopunny|Lopunny|Lopunnite
|move|p2a: Lopunny|Fake Out|p1a: Bern
|-resisted|p1a: Bern
|-damage|p1a: Bern|322\/351
|-damage|p2a: Lopunny|179\/271|[from] ability: Iron Barbs|[of] p1a: Bern
|cant|p1a: Bern|flinch
|
|-heal|p1a: Bern|343\/351|[from] item: Leftovers
|turn|11
|
|switch|p2a: Excadrill|Excadrill, M|250\/423
|-ability|p2a: Excadrill|Mold Breaker
|move|p1a: Bern|Thunder Wave|p2a: Excadrill
|-immune|p2a: Excadrill|[msg]
|
|-heal|p2a: Excadrill|276\/423|[from] item: Leftovers
|-heal|p1a: Bern|351\/351|[from] item: Leftovers
|turn|12
|
|switch|p2a: Serperior|Serperior, M|353\/353
|move|p1a: Bern|Knock Off|p2a: Serperior
|-damage|p2a: Serperior|280\/353
|-enditem|p2a: Serperior|Leftovers|[from] move: Knock Off|[of] p1a: Bern
|
|turn|13
|
|move|p2a: Serperior|Taunt|p1a: Bern
|-start|p1a: Bern|move: Taunt
|cant|p1a: Bern|move: Taunt|Thunder Wave
|
|turn|14
|
|switch|p1a: Ilia|Altaria, F, shiny|328\/328
|-damage|p1a: Ilia|246\/328|[from] Stealth Rock
|move|p2a: Serperior|Leech Seed|p1a: Ilia
|-start|p1a: Ilia|move: Leech Seed
|
|-damage|p1a: Ilia|205\/328|[from] Leech Seed|[of] p2a: Serperior
|-heal|p2a: Serperior|321\/353|[silent]
|turn|15
|
|detailschange|p1a: Ilia|Altaria-Mega, F, shiny
|-mega|p1a: Ilia|Altaria|Altarianite
|move|p2a: Serperior|Glare|p1a: Ilia
|-status|p1a: Ilia|par
|cant|p1a: Ilia|par
|
|-damage|p1a: Ilia|164\/328 par|[from] Leech Seed|[of] p2a: Serperior
|-heal|p2a: Serperior|353\/353|[silent]
|turn|16
|
|move|p2a: Serperior|Taunt|p1a: Ilia
|-start|p1a: Ilia|move: Taunt
|move|p1a: Ilia|Body Slam|p2a: Serperior
|-damage|p2a: Serperior|163\/353
|
|-damage|p1a: Ilia|123\/328 par|[from] Leech Seed|[of] p2a: Serperior
|-heal|p2a: Serperior|204\/353|[silent]
|turn|17
|
|switch|p2a: Excadrill|Excadrill, M|276\/423
|-ability|p2a: Excadrill|Mold Breaker
|cant|p1a: Ilia|par
|
|-heal|p2a: Excadrill|302\/423|[from] item: Leftovers
|-damage|p1a: Ilia|82\/328 par|[from] Leech Seed|[of] p2a: Excadrill
|-heal|p2a: Excadrill|343\/423|[silent]
|turn|18
|
|move|p2a: Excadrill|Earthquake|p1a: Ilia
|-damage|p1a: Ilia|0 fnt
|faint|p1a: Ilia
|
|-heal|p2a: Excadrill|369\/423|[from] item: Leftovers
|
|switch|p1a: Missur|Quagsire, M|394\/394
|-damage|p1a: Missur|370\/394|[from] Stealth Rock
|turn|19
|
|move|p2a: Excadrill|Toxic|p1a: Missur
|-status|p1a: Missur|tox
|move|p1a: Missur|Scald|p2a: Excadrill
|-supereffective|p2a: Excadrill
|-damage|p2a: Excadrill|211\/423
|
|-heal|p2a: Excadrill|237\/423|[from] item: Leftovers
|-heal|p1a: Missur|394\/394 tox|[from] item: Leftovers
|-damage|p1a: Missur|370\/394 tox|[from] psn
|turn|20
|
|switch|p2a: Latias|Latias, F|315\/319
|move|p1a: Missur|Scald|p2a: Latias
|-resisted|p2a: Latias
|-damage|p2a: Latias|288\/319
|
|-heal|p1a: Missur|394\/394 tox|[from] item: Leftovers
|-damage|p1a: Missur|346\/394 tox|[from] psn
|turn|21
|
|switch|p2a: Excadrill|Excadrill, M|237\/423
|-ability|p2a: Excadrill|Mold Breaker
|move|p1a: Missur|Toxic|p2a: Excadrill
|-fail|p2a: Excadrill
|
|-heal|p2a: Excadrill|263\/423|[from] item: Leftovers
|-heal|p1a: Missur|370\/394 tox|[from] item: Leftovers
|-damage|p1a: Missur|298\/394 tox|[from] psn
|turn|22
|
|switch|p2a: Latias|Latias, F|288\/319
|move|p1a: Missur|Scald|p2a: Latias
|-resisted|p2a: Latias
|-damage|p2a: Latias|263\/319
|-status|p2a: Latias|brn
|
|-heal|p1a: Missur|322\/394 tox|[from] item: Leftovers
|-damage|p2a: Latias|224\/319 brn|[from] brn
|-damage|p1a: Missur|226\/394 tox|[from] psn
|turn|23
|
|switch|p2a: Excadrill|Excadrill, M|263\/423
|-ability|p2a: Excadrill|Mold Breaker
|switch|p1a: Bern|Ferrothorn, M|351\/351
|-damage|p1a: Bern|330\/351|[from] Stealth Rock
|
|-heal|p2a: Excadrill|289\/423|[from] item: Leftovers
|-heal|p1a: Bern|351\/351|[from] item: Leftovers
|turn|24
|
|switch|p2a: Serperior|Serperior, M|204\/353
|move|p1a: Bern|Stealth Rock|p2a: Serperior
|-sidestart|p2: no1globe|move: Stealth Rock
|
|turn|25
|
|switch|p1a: Sacae|Cobalion|323\/323
|-damage|p1a: Sacae|313\/323|[from] Stealth Rock
|move|p2a: Serperior|Glare|p1a: Sacae
|-status|p1a: Sacae|par
|
|-heal|p1a: Sacae|323\/323 par|[from] item: Leftovers
|turn|26
|
|move|p2a: Serperior|Leech Seed|p1a: Sacae
|-start|p1a: Sacae|move: Leech Seed
|move|p1a: Sacae|Iron Head|p2a: Serperior
|-damage|p2a: Serperior|98\/353
|
|-damage|p1a: Sacae|283\/323 par|[from] Leech Seed|[of] p2a: Serperior
|-heal|p2a: Serperior|138\/353|[silent]
|turn|27
|
|move|p2a: Serperior|Leaf Storm|p1a: Sacae
|-resisted|p1a: Sacae
|-damage|p1a: Sacae|197\/323 par
|-boost|p2a: Serperior|spa|2
|move|p1a: Sacae|Close Combat|p2a: Serperior
|-damage|p2a: Serperior|0 fnt
|-unboost|p1a: Sacae|def|1
|-unboost|p1a: Sacae|spd|1
|faint|p2a: Serperior
|
|-heal|p1a: Sacae|217\/323 par|[from] item: Leftovers
|
|switch|p2a: Excadrill|Excadrill, M|289\/423
|-damage|p2a: Excadrill|276\/423|[from] Stealth Rock
|-ability|p2a: Excadrill|Mold Breaker
|turn|28
|
|switch|p1a: Bern|Ferrothorn, M|351\/351
|-damage|p1a: Bern|330\/351|[from] Stealth Rock
|move|p2a: Excadrill|Earthquake|p1a: Bern
|-damage|p1a: Bern|210\/351
|
|-heal|p2a: Excadrill|302\/423|[from] item: Leftovers
|-heal|p1a: Bern|231\/351|[from] item: Leftovers
|turn|29
|
|switch|p2a: Landorus-Therian|Landorus-Therian, M|381\/381
|-damage|p2a: Landorus-Therian|334\/381|[from] Stealth Rock
|-ability|p2a: Landorus-Therian|Intimidate|[of] p1a: Bern
|-unboost|p1a: Bern|atk|1
|move|p1a: Bern|Leech Seed|p2a: Landorus-Therian
|-start|p2a: Landorus-Therian|move: Leech Seed
|
|-heal|p2a: Landorus-Therian|357\/381|[from] item: Leftovers
|-heal|p1a: Bern|252\/351|[from] item: Leftovers
|-damage|p2a: Landorus-Therian|310\/381|[from] Leech Seed|[of] p1a: Bern
|-heal|p1a: Bern|299\/351|[silent]
|turn|30
|
|move|p2a: Landorus-Therian|Knock Off|p1a: Bern
|-crit|p1a: Bern
|-damage|p1a: Bern|168\/351
|-damage|p2a: Landorus-Therian|263\/381|[from] ability: Iron Barbs|[of] p1a: Bern
|-enditem|p1a: Bern|Leftovers|[from] move: Knock Off|[of] p2a: Landorus-Therian
|move|p1a: Bern|Thunder Wave|p2a: Landorus-Therian
|-immune|p2a: Landorus-Therian|[msg]
|
|-heal|p2a: Landorus-Therian|286\/381|[from] item: Leftovers
|-damage|p2a: Landorus-Therian|239\/381|[from] Leech Seed|[of] p1a: Bern
|-heal|p1a: Bern|215\/351|[silent]
|turn|31
|
|move|p2a: Landorus-Therian|U-turn|p1a: Bern
|-crit|p1a: Bern
|-damage|p1a: Bern|120\/351
|-damage|p2a: Landorus-Therian|192\/381|[from] ability: Iron Barbs|[of] p1a: Bern
|
|switch|p2a: Excadrill|Excadrill, M|302\/423
|-damage|p2a: Excadrill|289\/423|[from] Stealth Rock
|-ability|p2a: Excadrill|Mold Breaker
|move|p1a: Bern|Knock Off|p2a: Excadrill
|-damage|p2a: Excadrill|217\/423
|-enditem|p2a: Excadrill|Leftovers|[from] move: Knock Off|[of] p1a: Bern
|
|turn|32
|
|move|p2a: Excadrill|Earthquake|p1a: Bern
|-damage|p1a: Bern|3\/351
|move|p1a: Bern|Leech Seed|p2a: Excadrill|[miss]
|-miss|p1a: Bern|p2a: Excadrill
|
|turn|33
|c|âno1globe|sorry
|
|move|p2a: Excadrill|Rapid Spin|p1a: Bern
|-resisted|p1a: Bern
|-damage|p1a: Bern|0 fnt
|-damage|p2a: Excadrill|165\/423|[from] ability: Iron Barbs|[of] p1a: Bern
|-sideend|p2: no1globe|Stealth Rock|[from] move: Rapid Spin|[of] p2a: Excadrill
|faint|p1a: Bern
|
|
|switch|p1a: Nabata|Landorus, M|228\/320 tox
|-damage|p1a: Nabata|188\/320 tox|[from] Stealth Rock
|turn|34
|c|âDisfrazdetigre|np
|
|switch|p2a: Landorus-Therian|Landorus-Therian, M|192\/381
|-ability|p2a: Landorus-Therian|Intimidate|[of] p1a: Nabata
|-unboost|p1a: Nabata|atk|1
|move|p1a: Nabata|Hidden Power|p2a: Landorus-Therian
|-crit|p2a: Landorus-Therian
|-supereffective|p2a: Landorus-Therian
|-damage|p2a: Landorus-Therian|0 fnt
|-damage|p1a: Nabata|156\/320 tox|[from] item: Life Orb
|faint|p2a: Landorus-Therian
|
|-damage|p1a: Nabata|136\/320 tox|[from] psn
|
|switch|p2a: Latias|Latias, F|224\/319 brn
|turn|35
|
|move|p2a: Latias|Psyshock|p1a: Nabata
|-damage|p1a: Nabata|0 fnt
|-damage|p2a: Latias|193\/319 brn|[from] item: Life Orb
|faint|p1a: Nabata
|
|-damage|p2a: Latias|154\/319 brn|[from] brn
|
|switch|p1a: Gardevoir|Gardevoir, F|277\/277
|-damage|p1a: Gardevoir|243\/277|[from] Stealth Rock
|turn|36
|
|move|p2a: Latias|Healing Wish|p2a: Latias
|faint|p2a: Latias
|move|p1a: Gardevoir|Psyshock|p2: Latias|[notarget]
|-notarget
|
|
|switch|p2a: Excadrill|Excadrill, M|165\/423
|-heal|p2a: Excadrill|423\/423|[from] move: Healing Wish
|-ability|p2a: Excadrill|Mold Breaker
|turn|37
|
|move|p1a: Gardevoir|Psyshock|p2a: Excadrill
|-resisted|p2a: Excadrill
|-damage|p2a: Excadrill|264\/423
|move|p2a: Excadrill|Earthquake|p1a: Gardevoir
|-crit|p1a: Gardevoir
|-damage|p1a: Gardevoir|0 fnt
|faint|p1a: Gardevoir
|
|
|switch|p1a: Missur|Quagsire, M|226\/394 tox
|-damage|p1a: Missur|202\/394 tox|[from] Stealth Rock
|turn|38
|
|move|p2a: Excadrill|Earthquake|p1a: Missur
|-damage|p1a: Missur|90\/394 tox
|move|p1a: Missur|Recover|p1a: Missur
|-heal|p1a: Missur|287\/394 tox
|
|-heal|p1a: Missur|311\/394 tox|[from] item: Leftovers
|-damage|p1a: Missur|287\/394 tox|[from] psn
|turn|39
|
|move|p2a: Excadrill|Earthquake|p1a: Missur
|-damage|p1a: Missur|154\/394 tox
|move|p1a: Missur|Scald|p2a: Excadrill
|-supereffective|p2a: Excadrill
|-damage|p2a: Excadrill|114\/423
|
|-heal|p1a: Missur|178\/394 tox|[from] item: Leftovers
|-damage|p1a: Missur|130\/394 tox|[from] psn
|turn|40
|
|move|p2a: Excadrill|Earthquake|p1a: Missur
|-damage|p1a: Missur|4\/394 tox
|move|p1a: Missur|Scald|p2a: Excadrill
|-supereffective|p2a: Excadrill
|-damage|p2a: Excadrill|0 fnt
|faint|p2a: Excadrill
|
|-heal|p1a: Missur|28\/394 tox|[from] item: Leftovers
|-damage|p1a: Missur|0 fnt|[from] psn
|faint|p1a: Missur
|c|âno1globe|sorry for my hax
|c|âDisfrazdetigre|gg
|c|âDisfrazdetigre|dont worry
|
|switch|p2a: Lopunny|Lopunny-Mega, M|179\/271
|switch|p1a: Sacae|Cobalion|217\/323 par
|-damage|p1a: Sacae|207\/323 par|[from] Stealth Rock
|turn|41
|c|âDisfrazdetigre|it happens
|
|move|p2a: Lopunny|Fake Out|p1a: Sacae
|-resisted|p1a: Sacae
|-damage|p1a: Sacae|176\/323 par
|cant|p1a: Sacae|flinch
|
|-heal|p1a: Sacae|196\/323 par|[from] item: Leftovers
|turn|42
|
|move|p2a: Lopunny|High Jump Kick|p1a: Sacae
|-supereffective|p1a: Sacae
|-damage|p1a: Sacae|0 fnt
|faint|p1a: Sacae
|
|win|no1globe
|raw|Ladder updating...
|raw|Disfrazdetigre's rating: 1530 &rarr; <strong>1506<\/strong><br \/>(-24 for losing)
|raw|no1globe's rating: 1462 &rarr; <strong>1486<\/strong><br \/>(+24 for winning)
|leave|Disfrazdetigre
|player|p1