|join|Geobrodude
|join|JacktheRed
|player|p1|Geobrodude|68
|player|p2|JacktheRed|105
|gametype|singles
|gen|6
|tier|UU
|rated
|rule|Sleep Clause Mod: Limit one foe put to sleep
|rule|Species Clause: Limit one of each PokÃ©mon
|rule|OHKO Clause: OHKO moves are banned
|rule|Moody Clause: Moody is banned
|rule|Evasion Moves Clause: Evasion moves are banned
|rule|Endless Battle Clause: Forcing endless battles is banned
|rule|HP Percentage Mod: HP is shown in percentages
|clearpoke
|poke|p1|Doublade, F
|poke|p1|Glalie, M, shiny
|poke|p1|Tornadus, M
|poke|p1|Roserade, M
|poke|p1|Flygon, M
|poke|p1|Infernape, M
|poke|p2|Cinccino, M
|poke|p2|Forretress, F
|poke|p2|Houndoom, F
|poke|p2|Milotic, M
|poke|p2|Yanmega, M
|poke|p2|Shaymin
|rule|Swagger Clause: Swagger is banned
|rule|Baton Pass Clause: Limit one PokÃ©mon knowing Baton Pass
|teampreview
|
|start
|switch|p1a: b0ss|Tornadus, M|299\/299
|switch|p2a: Yanmega|Yanmega, M|313\/313
|turn|1
|
|move|p2a: Yanmega|Detect|p2a: Yanmega
|-singleturn|p2a: Yanmega|Protect
|move|p1a: b0ss|Acrobatics|p2a: Yanmega
|-activate|p2a: Yanmega|Protect
|
|-boost|p2a: Yanmega|spe|1|[from] ability: Speed Boost
|turn|2
|
|switch|p2a: Forretress|Forretress, F|291\/291
|move|p1a: b0ss|Knock Off|p2a: Forretress
|-damage|p2a: Forretress|229\/291
|-enditem|p2a: Forretress|Leftovers|[from] move: Knock Off|[of] p1a: b0ss
|
|turn|3
|
|move|p1a: b0ss|Taunt|p2a: Forretress
|-start|p2a: Forretress|move: Taunt
|move|p2a: Forretress|Gyro Ball|p1a: b0ss
|-damage|p1a: b0ss|70\/299
|
|turn|4
|
|move|p1a: b0ss|U-turn|p2a: Forretress
|-resisted|p2a: Forretress
|-damage|p2a: Forretress|207\/291
|
|switch|p1a: axl|Roserade, M|324\/324
|move|p2a: Forretress|Gyro Ball|p1a: axl
|-damage|p1a: axl|177\/324
|
|-heal|p1a: axl|197\/324|[from] item: Black Sludge
|turn|5
|
|switch|p2a: Houndoom|Houndoom, F|291\/291
|move|p1a: axl|Hidden Power|p2a: Houndoom
|-start|p2a: Houndoom|ability: Flash Fire
|
|-heal|p1a: axl|217\/324|[from] item: Black Sludge
|turn|6
|
|switch|p1a: flybro|Flygon, M|364\/364
|detailschange|p2a: Houndoom|Houndoom-Mega, F
|message|Houndoom has Mega Evolved into Mega Houndoom!
|move|p2a: Houndoom|Flamethrower|p1a: flybro
|-resisted|p1a: flybro
|-damage|p1a: flybro|212\/364
|
|-heal|p1a: flybro|234\/364|[from] item: Leftovers
|turn|7
|
|switch|p2a: Shaymin|Shaymin|341\/341
|move|p1a: flybro|U-turn|p2a: Shaymin
|-supereffective|p2a: Shaymin
|-damage|p2a: Shaymin|235\/341
|
|switch|p1a: satanic|Glalie, M, shiny|301\/301
|
|-heal|p2a: Shaymin|256\/341|[from] item: Leftovers
|turn|8
|
|switch|p2a: Forretress|Forretress, F|207\/291
|detailschange|p1a: satanic|Glalie-Mega, M, shiny
|message|Glalie has Mega Evolved into Mega Glalie!
|move|p1a: satanic|Return|p2a: Forretress
|-resisted|p2a: Forretress
|-damage|p2a: Forretress|134\/291
|
|turn|9
|
|switch|p1a: flybro|Flygon, M|234\/364
|move|p2a: Forretress|Pain Split|p1a: flybro
|-sethp|p1a: flybro|184\/364|p2a: Forretress|184\/291|[from] move: Pain Split
|
|-heal|p1a: flybro|206\/364|[from] item: Leftovers
|turn|10
|
|switch|p2a: Houndoom|Houndoom-Mega, F|291\/291
|move|p1a: flybro|Roost|p1a: flybro
|-heal|p1a: flybro|364\/364
|
|turn|11
|
|move|p2a: Houndoom|Dark Pulse|p1a: flybro
|-damage|p1a: flybro|180\/364
|move|p1a: flybro|Dragon Claw|p2a: Houndoom
|-damage|p2a: Houndoom|192\/291
|
|-heal|p1a: flybro|202\/364|[from] item: Leftovers
|turn|12
|
|switch|p2a: Forretress|Forretress, F|184\/291
|move|p1a: flybro|U-turn|p2a: Forretress
|-resisted|p2a: Forretress
|-damage|p2a: Forretress|169\/291
|
|switch|p1a: bussines|Infernape, M|293\/293
|
|turn|13
|
|move|p1a: bussines|Fire Blast|p2a: Forretress
|-supereffective|p2a: Forretress
|-damage|p2a: Forretress|0 fnt
|-damage|p1a: bussines|264\/293|[from] item: Life Orb
|faint|p2a: Forretress
|
|
|switch|p2a: Yanmega|Yanmega, M|313\/313
|turn|14
|
|switch|p1a: ow the edge|Doublade, F|322\/322
|move|p2a: Yanmega|Detect|p2a: Yanmega
|-fail|p2a: Yanmega
|
|-boost|p2a: Yanmega|spe|1|[from] ability: Speed Boost
|turn|15
|
|switch|p2a: Shaymin|Shaymin|256\/341
|move|p1a: ow the edge|Shadow Claw|p2a: Shaymin
|-damage|p2a: Shaymin|130\/341
|
|-heal|p2a: Shaymin|151\/341|[from] item: Leftovers
|turn|16
|
|switch|p1a: flybro|Flygon, M|202\/364
|move|p2a: Shaymin|Rest|p2a: Shaymin
|-status|p2a: Shaymin|slp
|-heal|p2a: Shaymin|341\/341 slp|[silent]
|-status|p2a: Shaymin|slp|[from] move: Rest
|
|-heal|p1a: flybro|224\/364|[from] item: Leftovers
|turn|17
|
|switch|p2a: Milotic|Milotic, M|394\/394
|move|p1a: flybro|U-turn|p2a: Milotic
|-damage|p2a: Milotic|327\/394
|
|switch|p1a: axl|Roserade, M|217\/324
|
|-heal|p1a: axl|237\/324|[from] item: Black Sludge
|-heal|p2a: Milotic|351\/394|[from] item: Leftovers
|turn|18
|
|move|p1a: axl|Sludge Bomb|p2a: Milotic
|-damage|p2a: Milotic|237\/394
|move|p2a: Milotic|Mirror Coat|p1a: axl
|-damage|p1a: axl|9\/324
|
|-heal|p1a: axl|29\/324|[from] item: Black Sludge
|-heal|p2a: Milotic|261\/394|[from] item: Leftovers
|turn|19
|
|move|p1a: axl|Giga Drain|p2a: Milotic
|-supereffective|p2a: Milotic
|-damage|p2a: Milotic|99\/394
|-heal|p1a: axl|110\/324|[from] drain|[of] p2a: Milotic
|move|p2a: Milotic|Scald|p1a: axl
|-resisted|p1a: axl
|-damage|p1a: axl|62\/324
|
|-heal|p1a: axl|82\/324|[from] item: Black Sludge
|-heal|p2a: Milotic|123\/394|[from] item: Leftovers
|turn|20
|
|move|p1a: axl|Sludge Bomb|p2a: Milotic
|-damage|p2a: Milotic|15\/394
|move|p2a: Milotic|Mirror Coat|p1a: axl
|-damage|p1a: axl|0 fnt
|faint|p1a: axl
|
|-heal|p2a: Milotic|39\/394|[from] item: Leftovers
|
|switch|p1a: satanic|Glalie-Mega, M, shiny|301\/301
|turn|21
|
|move|p1a: satanic|Return|p2a: Milotic
|-resisted|p2a: Milotic
|-damage|p2a: Milotic|0 fnt
|faint|p2a: Milotic
|
|
|switch|p2a: Houndoom|Houndoom-Mega, F|192\/291
|turn|22
|
|switch|p1a: flybro|Flygon, M|224\/364
|move|p2a: Houndoom|Sunny Day|p2a: Houndoom
|-weather|SunnyDay
|
|-weather|SunnyDay|[upkeep]
|-damage|p2a: Houndoom|156\/291|[from] ability: Solar Power
|-heal|p1a: flybro|246\/364|[from] item: Leftovers
|turn|23
|
|move|p2a: Houndoom|Dark Pulse|p1a: flybro
|-damage|p1a: flybro|0 fnt
|faint|p1a: flybro
|
|-weather|SunnyDay|[upkeep]
|-damage|p2a: Houndoom|120\/291|[from] ability: Solar Power
|
|switch|p1a: ow the edge|Doublade, F|322\/322
|turn|24
|c|âGeobrodude|missclick
|
|move|p1a: ow the edge|Shadow Sneak|p2a: Houndoom
|-resisted|p2a: Houndoom
|-damage|p2a: Houndoom|84\/291
|move|p2a: Houndoom|Flamethrower|p1a: ow the edge
|-supereffective|p1a: ow the edge
|-damage|p1a: ow the edge|0 fnt
|faint|p1a: ow the edge
|
|-weather|SunnyDay|[upkeep]
|-damage|p2a: Houndoom|48\/291|[from] ability: Solar Power
|
|switch|p1a: bussines|Infernape, M|264\/293
|turn|25
|
|move|p1a: bussines|Mach Punch|p2a: Houndoom
|-supereffective|p2a: Houndoom
|-damage|p2a: Houndoom|0 fnt
|-damage|p1a: bussines|235\/293|[from] item: Life Orb
|faint|p2a: Houndoom
|
|-weather|SunnyDay|[upkeep]
|
|switch|p2a: Yanmega|Yanmega, M|313\/313
|turn|26
|
|switch|p1a: satanic|Glalie-Mega, M, shiny|301\/301
|move|p2a: Yanmega|Detect|p2a: Yanmega
|-fail|p2a: Yanmega
|
|-weather|none
|-boost|p2a: Yanmega|spe|1|[from] ability: Speed Boost
|turn|27
|
|switch|p2a: Shaymin|Shaymin|341\/341
|move|p1a: satanic|Return|p2a: Shaymin
|-supereffective|p2a: Shaymin
|-damage|p2a: Shaymin|0 fnt
|faint|p2a: Shaymin
|
|
|switch|p2a: Cinccino|Cinccino, M|291\/291
|turn|28
|
|switch|p1a: b0ss|Tornadus, M|70\/299
|move|p2a: Cinccino|Rock Blast|p1a: b0ss
|-supereffective|p1a: b0ss
|-damage|p1a: b0ss|0 fnt
|-hitcount|p1a: b0ss|1
|faint|p1a: b0ss
|
|
|switch|p1a: bussines|Infernape, M|235\/293
|turn|29
|
|move|p2a: Cinccino|Rock Blast|p1a: bussines
|-crit|p1a: bussines
|-damage|p1a: bussines|183\/293
|-damage|p1a: bussines|144\/293
|-damage|p1a: bussines|110\/293
|-damage|p1a: bussines|72\/293
|-damage|p1a: bussines|38\/293
|-hitcount|p1a: bussines|5
|move|p1a: bussines|Close Combat|p2a: Cinccino
|-crit|p2a: Cinccino
|-supereffective|p2a: Cinccino
|-damage|p2a: Cinccino|0 fnt
|-unboost|p1a: bussines|def|1
|-unboost|p1a: bussines|spd|1
|-damage|p1a: bussines|9\/293|[from] item: Life Orb
|faint|p2a: Cinccino
|
|
|switch|p2a: Yanmega|Yanmega, M|313\/313
|turn|30
|
|move|p2a: Yanmega|Detect|p2a: Yanmega
|-singleturn|p2a: Yanmega|Protect
|move|p1a: bussines|Fire Blast|p2a: Yanmega
|-activate|p2a: Yanmega|Protect
|
|-boost|p2a: Yanmega|spe|1|[from] ability: Speed Boost
|turn|31
|
|move|p1a: bussines|Mach Punch|p2a: Yanmega
|-crit|p2a: Yanmega
|-resisted|p2a: Yanmega
|-damage|p2a: Yanmega|271\/313
|-damage|p1a: bussines|0 fnt|[from] item: Life Orb
|faint|p1a: bussines
|move|p2a: Yanmega|Bug Buzz|p1: bussines|[notarget]
|-notarget
|
|-boost|p2a: Yanmega|spe|1|[from] ability: Speed Boost
|
|switch|p1a: satanic|Glalie-Mega, M, shiny|301\/301
|turn|32
|
|move|p1a: satanic|Ice Shard|p2a: Yanmega
|-supereffective|p2a: Yanmega
|-damage|p2a: Yanmega|109\/313
|move|p2a: Yanmega|Bug Buzz|p1a: satanic
|-damage|p1a: satanic|50\/301
|-damage|p2a: Yanmega|78\/313|[from] item: Life Orb
|
|-boost|p2a: Yanmega|spe|1|[from] ability: Speed Boost
|turn|33
|
|move|p2a: Yanmega|Detect|p2a: Yanmega
|-singleturn|p2a: Yanmega|Protect
|move|p1a: satanic|Ice Shard|p2a: Yanmega
|-activate|p2a: Yanmega|Protect
|
|-boost|p2a: Yanmega|spe|1|[from] ability: Speed Boost
|turn|34
|c|âGeobrodude|gg
|
|move|p1a: satanic|Ice Shard|p2a: Yanmega
|-supereffective|p2a: Yanmega
|-damage|p2a: Yanmega|0 fnt
|faint|p2a: Yanmega
|
|win|Geobrodude
|raw|Ladder updating...
|raw|Geobrodude's rating: 1184 &rarr; <strong>1202<\/strong><br \/>(+18 for winning)
|raw|JacktheRed's rating: 1088 &rarr; <strong>1071<\/strong><br \/>(-17 for losing)
|c|âJacktheRed|gg'
|leave|JacktheRed
|player|p2
|leave|Geobrodude
|player|p1
|join|Geobrodude