|join|aetherios
|join|Geobrodude
|player|p1|aetherios|99
|player|p2|Geobrodude|195
|gametype|singles
|gen|6
|tier|UU
|rated
|rule|Sleep Clause Mod: Limit one foe put to sleep
|rule|Species Clause: Limit one of each PokÃ©mon
|rule|OHKO Clause: OHKO moves are banned
|rule|Moody Clause: Moody is banned
|rule|Evasion Moves Clause: Evasion moves are banned
|rule|Endless Battle Clause: Forcing endless battles is banned
|rule|HP Percentage Mod: HP is shown in percentages
|clearpoke
|poke|p1|Kyurem
|poke|p1|Blissey, F
|poke|p1|Metagross
|poke|p1|Absol, M
|poke|p1|Mienshao, F
|poke|p1|Galvantula, F
|poke|p2|Infernape, M
|poke|p2|Skuntank, M
|poke|p2|Meloetta
|poke|p2|Aerodactyl, M
|poke|p2|Vaporeon, M
|poke|p2|Hydreigon, F, shiny
|rule|Swagger Clause: Swagger is banned
|rule|Baton Pass Clause: Limit one PokÃ©mon knowing Baton Pass
|teampreview
|
|start
|switch|p1a: Kyurem|Kyurem|391\/391
|switch|p2a: Tank|Skuntank, M|410\/410
|-ability|p1a: Kyurem|Pressure
|turn|1
|
|move|p1a: Kyurem|Ice Beam|p2a: Tank
|-damage|p2a: Tank|161\/410
|move|p2a: Tank|Poison Jab|p1a: Kyurem
|-damage|p1a: Kyurem|249\/391
|-status|p1a: Kyurem|psn
|
|-heal|p2a: Tank|186\/410|[from] item: Black Sludge
|-damage|p1a: Kyurem|201\/391 psn|[from] psn
|turn|2
|
|switch|p2a: Screamo|Meloetta|404\/404
|move|p1a: Kyurem|Ice Beam|p2a: Screamo
|-damage|p2a: Screamo|313\/404
|
|-damage|p1a: Kyurem|153\/391 psn|[from] psn
|turn|3
|
|switch|p1a: Blissey|Blissey, F|651\/651
|move|p2a: Screamo|Charge Beam|p1a: Blissey
|-damage|p1a: Blissey|610\/651
|-boost|p2a: Screamo|spa|1
|
|-heal|p1a: Blissey|650\/651|[from] item: Leftovers
|turn|4
|
|move|p2a: Screamo|Psyshock|p1a: Blissey
|-damage|p1a: Blissey|241\/651
|move|p1a: Blissey|Thunder Wave|p2a: Screamo
|-status|p2a: Screamo|par
|
|-heal|p1a: Blissey|281\/651|[from] item: Leftovers
|turn|5
|
|switch|p1a: Metagross|Metagross|364\/364
|move|p2a: Screamo|Psyshock|p1a: Metagross
|-resisted|p1a: Metagross
|-damage|p1a: Metagross|321\/364
|
|turn|6
|
|switch|p2a: Vaporwave|Vaporeon, M|464\/464
|move|p1a: Metagross|Meteor Mash|p2a: Vaporwave
|-resisted|p2a: Vaporwave
|-damage|p2a: Vaporwave|370\/464
|
|-heal|p2a: Vaporwave|399\/464|[from] item: Leftovers
|turn|7
|
|switch|p1a: Galvantula|Galvantula, F|282\/282
|move|p2a: Vaporwave|Scald|p1a: Galvantula
|-damage|p1a: Galvantula|122\/282
|-status|p1a: Galvantula|brn
|
|-heal|p2a: Vaporwave|428\/464|[from] item: Leftovers
|-damage|p1a: Galvantula|87\/282 brn|[from] brn
|turn|8
|
|move|p1a: Galvantula|Thunder|p2a: Vaporwave
|-supereffective|p2a: Vaporwave
|-damage|p2a: Vaporwave|74\/464
|move|p2a: Vaporwave|Scald|p1a: Galvantula
|-damage|p1a: Galvantula|0 fnt
|faint|p1a: Galvantula
|
|-heal|p2a: Vaporwave|103\/464|[from] item: Leftovers
|
|switch|p1a: Mienshao|Mienshao, F|271\/271
|turn|9
|
|switch|p2a: Tank|Skuntank, M|186\/410
|move|p1a: Mienshao|Fake Out|p2a: Tank
|-damage|p2a: Tank|105\/410
|-damage|p1a: Mienshao|244\/271|[from] item: Life Orb
|
|-heal|p2a: Tank|130\/410|[from] item: Black Sludge
|turn|10
|
|move|p2a: Tank|Sucker Punch|p1a: Mienshao
|-resisted|p1a: Mienshao
|-damage|p1a: Mienshao|149\/271
|move|p1a: Mienshao|High Jump Kick|p2a: Tank
|-damage|p2a: Tank|0 fnt
|-damage|p1a: Mienshao|82\/271|[from] ability: Aftermath|[of] p2a: Tank
|-damage|p1a: Mienshao|55\/271|[from] item: Life Orb
|faint|p2a: Tank
|
|
|switch|p2a: Spike|Aerodactyl, M|301\/301
|-ability|p2a: Spike|Unnerve|p1: aetherios
|turn|11
|
|switch|p1a: Blissey|Blissey, F|281\/651
|detailschange|p2a: Spike|Aerodactyl-Mega, M
|message|Aerodactyl has Mega Evolved into Mega Aerodactyl!
|move|p2a: Spike|Hone Claws|p2a: Spike
|-boost|p2a: Spike|atk|1
|-boost|p2a: Spike|accuracy|1
|
|-heal|p1a: Blissey|321\/651|[from] item: Leftovers
|turn|12
|
|move|p2a: Spike|Hone Claws|p2a: Spike
|-boost|p2a: Spike|atk|1
|-boost|p2a: Spike|accuracy|1
|move|p1a: Blissey|Thunder Wave|p2a: Spike
|-status|p2a: Spike|par
|
|-heal|p1a: Blissey|361\/651|[from] item: Leftovers
|turn|13
|
|switch|p2a: Vaporwave|Vaporeon, M|103\/464
|move|p1a: Blissey|Heal Bell|p1a: Blissey
|-cureteam|p1a: Blissey|[from] move: HealBell
|
|-heal|p2a: Vaporwave|132\/464|[from] item: Leftovers
|-heal|p1a: Blissey|401\/651|[from] item: Leftovers
|turn|14
|
|move|p2a: Vaporwave|Heal Bell|p2a: Vaporwave
|-cureteam|p2a: Vaporwave|[from] move: HealBell
|move|p1a: Blissey|Seismic Toss|p2a: Vaporwave
|-damage|p2a: Vaporwave|32\/464
|
|-heal|p2a: Vaporwave|61\/464|[from] item: Leftovers
|-heal|p1a: Blissey|441\/651|[from] item: Leftovers
|turn|15
|
|move|p2a: Vaporwave|Wish|p2a: Vaporwave
|move|p1a: Blissey|Seismic Toss|p2a: Vaporwave
|-damage|p2a: Vaporwave|0 fnt
|faint|p2a: Vaporwave
|
|-heal|p1a: Blissey|481\/651|[from] item: Leftovers
|
|switch|p2a: Business|Infernape, M|293\/293
|turn|16
|
|move|p2a: Business|Close Combat|p1a: Blissey
|-supereffective|p1a: Blissey
|-damage|p1a: Blissey|0 fnt
|-unboost|p2a: Business|def|1
|-unboost|p2a: Business|spd|1
|-damage|p2a: Business|264\/293|[from] item: Life Orb
|faint|p1a: Blissey
|
|-heal|p2a: Business|293\/293|[from] move: Wish|[wisher] Vaporwave
|
|switch|p1a: Kyurem|Kyurem|153\/391
|-ability|p1a: Kyurem|Pressure
|turn|17
|
|move|p2a: Business|Mach Punch|p1a: Kyurem
|-supereffective|p1a: Kyurem
|-damage|p1a: Kyurem|0 fnt
|-damage|p2a: Business|264\/293|[from] item: Life Orb
|faint|p1a: Kyurem
|
|
|switch|p1a: Mienshao|Mienshao, F|145\/271
|turn|18
|
|switch|p2a: Spike|Aerodactyl-Mega, M|301\/301
|move|p1a: Mienshao|Fake Out|p2a: Spike
|-crit|p2a: Spike
|-resisted|p2a: Spike
|-damage|p2a: Spike|254\/301
|-damage|p1a: Mienshao|118\/271|[from] item: Life Orb
|
|turn|19
|
|move|p2a: Spike|Aerial Ace|p1a: Mienshao
|-supereffective|p1a: Mienshao
|-damage|p1a: Mienshao|0 fnt
|faint|p1a: Mienshao
|
|
|switch|p1a: Absol|Absol, M|271\/271
|turn|20
|
|detailschange|p1a: Absol|Absol-Mega, M
|message|Absol has Mega Evolved into Mega Absol!
|move|p2a: Spike|Aerial Ace|p1a: Absol
|-damage|p1a: Absol|63\/271
|move|p1a: Absol|Swords Dance|p1a: Absol
|-boost|p1a: Absol|atk|2
|
|turn|21
|
|move|p1a: Absol|Sucker Punch|p2a: Spike
|-fail|p2a: Spike
|move|p2a: Spike|Hone Claws|p2a: Spike
|-boost|p2a: Spike|atk|1
|-boost|p2a: Spike|accuracy|1
|
|turn|22
|
|move|p1a: Absol|Sucker Punch|p2a: Spike
|-damage|p2a: Spike|0 fnt
|faint|p2a: Spike
|
|
|switch|p2a: Business|Infernape, M|264\/293
|turn|23
|
|move|p1a: Absol|Sucker Punch|p2a: Business
|-resisted|p2a: Business
|-damage|p2a: Business|49\/293
|move|p2a: Business|Mach Punch|p1a: Absol
|-supereffective|p1a: Absol
|-damage|p1a: Absol|0 fnt
|-damage|p2a: Business|20\/293|[from] item: Life Orb
|faint|p1a: Absol
|
|
|switch|p1a: Metagross|Metagross|321\/364
|turn|24
|
|move|p1a: Metagross|Bullet Punch|p2a: Business
|-resisted|p2a: Business
|-damage|p2a: Business|0 fnt
|faint|p2a: Business
|
|
|switch|p2a: Screamo|Meloetta|313\/404
|turn|25
|
|move|p2a: Screamo|Charge Beam|p1a: Metagross
|-damage|p1a: Metagross|275\/364
|-boost|p2a: Screamo|spa|1
|move|p1a: Metagross|Meteor Mash|p2a: Screamo
|-damage|p2a: Screamo|96\/404
|
|turn|26
|
|move|p2a: Screamo|Hyper Voice|p1a: Metagross
|-resisted|p1a: Metagross
|-damage|p1a: Metagross|172\/364
|move|p1a: Metagross|Meteor Mash|p2a: Screamo
|-damage|p2a: Screamo|0 fnt
|faint|p2a: Screamo
|
|
|switch|p2a: Hydra|Hydreigon, F, shiny|325\/325
|turn|27
|
|move|p2a: Hydra|Dark Pulse|p1a: Metagross
|-supereffective|p1a: Metagross
|-damage|p1a: Metagross|0 fnt
|-damage|p2a: Hydra|293\/325|[from] item: Life Orb
|faint|p1a: Metagross
|
|win|Geobrodude
|raw|Ladder updating...
|raw|aetherios's rating: 1249 &rarr; <strong>1230<\/strong><br \/>(-19 for losing)
|raw|Geobrodude's rating: 1332 &rarr; <strong>1347<\/strong><br \/>(+15 for winning)
|c|âGeobrodude|gg
|c|âaetherios|gg
|leave|aetherios
|player|p1