|join|Geobrodude
|join|KBizzle
|player|p1|Geobrodude|68
|player|p2|KBizzle|169
|gametype|singles
|gen|6
|tier|UU
|rated
|rule|Sleep Clause Mod: Limit one foe put to sleep
|rule|Species Clause: Limit one of each PokÃ©mon
|rule|OHKO Clause: OHKO moves are banned
|rule|Moody Clause: Moody is banned
|rule|Evasion Moves Clause: Evasion moves are banned
|rule|Endless Battle Clause: Forcing endless battles is banned
|rule|HP Percentage Mod: HP is shown in percentages
|clearpoke
|poke|p1|Lucario, M
|poke|p1|Altaria, M
|poke|p1|Blastoise, M
|poke|p1|Roserade, M
|poke|p1|Drapion, M
|poke|p1|Rotom-Heat
|poke|p2|Arcanine, M
|poke|p2|Trevenant, M, shiny
|poke|p2|Vaporeon, F
|poke|p2|Diancie
|poke|p2|Absol, F
|poke|p2|Nidoking, M, shiny
|rule|Swagger Clause: Swagger is banned
|rule|Baton Pass Clause: Limit one PokÃ©mon knowing Baton Pass
|teampreview
|
|start
|switch|p1a: Luc|Lucario, M|281\/281
|switch|p2a: Diancie|Diancie|304\/304
|turn|1
|
|switch|p2a: Vaporeon|Vaporeon, F|464\/464
|move|p1a: Luc|Hone Claws|p1a: Luc
|-boost|p1a: Luc|atk|1
|-boost|p1a: Luc|accuracy|1
|
|turn|2
|
|move|p1a: Luc|Focus Blast|p2a: Vaporeon
|-damage|p2a: Vaporeon|344\/464
|move|p2a: Vaporeon|Scald|p1a: Luc
|-crit|p1a: Luc
|-damage|p1a: Luc|58\/281
|
|-heal|p2a: Vaporeon|373\/464|[from] item: Leftovers
|turn|3
|
|switch|p1a: Axl|Roserade, M|324\/324
|move|p2a: Vaporeon|Acid Armor|p2a: Vaporeon
|-boost|p2a: Vaporeon|def|2
|
|-heal|p2a: Vaporeon|402\/464|[from] item: Leftovers
|turn|4
|
|switch|p2a: Arcanine|Arcanine, M|384\/384
|-ability|p2a: Arcanine|Intimidate|[of] p1a: Axl
|-unboost|p1a: Axl|atk|1
|move|p1a: Axl|Spikes|p2a: Arcanine
|-sidestart|p2: KBizzle|Spikes
|
|turn|5
|
|switch|p1a: Blasterooni|Blastoise, M|362\/362
|move|p2a: Arcanine|Extreme Speed|p1a: Blasterooni
|-damage|p1a: Blasterooni|270\/362
|
|-heal|p1a: Blasterooni|292\/362|[from] item: Leftovers
|turn|6
|
|switch|p2a: Vaporeon|Vaporeon, F|402\/464
|-damage|p2a: Vaporeon|344\/464|[from] Spikes
|move|p1a: Blasterooni|Roar|p2a: Vaporeon
|drag|p2a: Trevenant|Trevenant, M, shiny|374\/374
|-damage|p2a: Trevenant|328\/374|[from] Spikes
|
|-heal|p1a: Blasterooni|314\/362|[from] item: Leftovers
|turn|7
|
|move|p1a: Blasterooni|Dark Pulse|p2a: Trevenant
|-crit|p2a: Trevenant
|-supereffective|p2a: Trevenant
|-damage|p2a: Trevenant|134\/374
|-enditem|p2a: Trevenant|Sitrus Berry|[eat]
|-heal|p2a: Trevenant|227\/374|[from] item: Sitrus Berry
|move|p2a: Trevenant|Horn Leech|p1a: Blasterooni
|-crit|p1a: Blasterooni
|-supereffective|p1a: Blasterooni
|-damage|p1a: Blasterooni|30\/362
|-heal|p2a: Trevenant|369\/374|[from] drain|[of] p1a: Blasterooni
|
|-heal|p1a: Blasterooni|52\/362|[from] item: Leftovers
|turn|8
|
|switch|p1a: Axl|Roserade, M|324\/324
|move|p2a: Trevenant|Horn Leech|p1a: Axl
|-resisted|p1a: Axl
|-damage|p1a: Axl|281\/324
|-heal|p2a: Trevenant|374\/374|[from] drain|[of] p1a: Axl
|
|-heal|p1a: Axl|301\/324|[from] item: Black Sludge
|turn|9
|
|move|p1a: Axl|Sludge Bomb|p2a: Trevenant
|-damage|p2a: Trevenant|188\/374
|move|p2a: Trevenant|Shadow Claw|p1a: Axl
|-damage|p1a: Axl|127\/324
|
|-heal|p1a: Axl|147\/324|[from] item: Black Sludge
|turn|10
|
|switch|p2a: Vaporeon|Vaporeon, F|344\/464
|-damage|p2a: Vaporeon|286\/464|[from] Spikes
|move|p1a: Axl|Hidden Power|p2a: Vaporeon
|-resisted|p2a: Vaporeon
|-damage|p2a: Vaporeon|259\/464
|
|-heal|p1a: Axl|167\/324|[from] item: Black Sludge
|-heal|p2a: Vaporeon|288\/464|[from] item: Leftovers
|turn|11
|
|switch|p2a: Arcanine|Arcanine, M|384\/384
|-damage|p2a: Arcanine|336\/384|[from] Spikes
|-ability|p2a: Arcanine|Intimidate|[of] p1a: Axl
|-unboost|p1a: Axl|atk|1
|move|p1a: Axl|Giga Drain|p2a: Arcanine
|-resisted|p2a: Arcanine
|-damage|p2a: Arcanine|255\/384
|-heal|p1a: Axl|208\/324|[from] drain|[of] p2a: Arcanine
|
|-heal|p1a: Axl|228\/324|[from] item: Black Sludge
|turn|12
|
|switch|p1a: Blasterooni|Blastoise, M|52\/362
|move|p2a: Arcanine|Extreme Speed|p1a: Blasterooni
|-crit|p1a: Blasterooni
|-damage|p1a: Blasterooni|0 fnt
|faint|p1a: Blasterooni
|
|
|switch|p1a: Drapeson|Drapion, M|344\/344
|turn|13
|
|switch|p2a: Diancie|Diancie|304\/304
|-damage|p2a: Diancie|266\/304|[from] Spikes
|move|p1a: Drapeson|Earthquake|p2a: Diancie
|-supereffective|p2a: Diancie
|-damage|p2a: Diancie|148\/304
|
|-heal|p2a: Diancie|167\/304|[from] item: Leftovers
|turn|14
|
|move|p1a: Drapeson|Taunt|p2a: Diancie
|-start|p2a: Diancie|move: Taunt
|cant|p2a: Diancie|move: Taunt|Stealth Rock
|
|-heal|p2a: Diancie|186\/304|[from] item: Leftovers
|turn|15
|
|move|p1a: Drapeson|Poison Jab|p2a: Diancie
|-damage|p2a: Diancie|119\/304
|move|p2a: Diancie|Moonblast|p1a: Drapeson
|-damage|p1a: Drapeson|211\/344
|
|-heal|p1a: Drapeson|232\/344|[from] item: Black Sludge
|-heal|p2a: Diancie|138\/304|[from] item: Leftovers
|turn|16
|
|switch|p1a: Axl|Roserade, M|228\/324
|switch|p2a: Nidoking|Nidoking, M, shiny|304\/304
|-damage|p2a: Nidoking|266\/304|[from] Spikes
|
|-heal|p1a: Axl|248\/324|[from] item: Black Sludge
|turn|17
|
|move|p2a: Nidoking|Ice Beam|p1a: Axl
|-supereffective|p1a: Axl
|-damage|p1a: Axl|0 fnt
|faint|p1a: Axl
|
|
|switch|p1a: Luc|Lucario, M|58\/281
|turn|18
|
|move|p1a: Luc|Iron Tail|p2a: Nidoking|[miss]
|-miss|p1a: Luc|p2a: Nidoking
|move|p2a: Nidoking|Earth Power|p1a: Luc
|-supereffective|p1a: Luc
|-damage|p1a: Luc|0 fnt
|faint|p1a: Luc
|
|
|switch|p1a: Canned-H|Rotom-Heat|241\/241
|turn|19
|
|move|p1a: Canned-H|Volt Switch|p2a: Nidoking
|-immune|p2a: Nidoking|[msg]
|move|p2a: Nidoking|Sludge Wave|p1a: Canned-H
|-damage|p1a: Canned-H|21\/241
|
|turn|20
|
|move|p1a: Canned-H|Volt Switch|p2a: Nidoking
|-immune|p2a: Nidoking|[msg]
|move|p2a: Nidoking|Ice Beam|p1a: Canned-H
|-resisted|p1a: Canned-H
|-damage|p1a: Canned-H|0 fnt
|faint|p1a: Canned-H
|
|
|switch|p1a: Drapeson|Drapion, M|232\/344
|turn|21
|
|move|p2a: Nidoking|Earth Power|p1a: Drapeson
|-supereffective|p1a: Drapeson
|-damage|p1a: Drapeson|0 fnt
|faint|p1a: Drapeson
|
|
|switch|p1a: Fluff|Altaria, M|354\/354
|turn|22
|
|detailschange|p1a: Fluff|Altaria-Mega, M
|message|Altaria has Mega Evolved into Mega Altaria!
|move|p2a: Nidoking|Sludge Wave|p1a: Fluff
|-supereffective|p1a: Fluff
|-damage|p1a: Fluff|0 fnt
|faint|p1a: Fluff
|
|win|KBizzle
|raw|Ladder updating...
|raw|Geobrodude's rating: 1118 &rarr; <strong>1094<\/strong><br \/>(-24 for losing)
|raw|KBizzle's rating: 1124 &rarr; <strong>1149<\/strong><br \/>(+25 for winning)
|c|âKBizzle|gg
|c|âGeobrodude|gg
|leave|Geobrodude
|player|p1