|join|mike scofiled
|join|Geobrodude
|player|p1|mike scofiled|254
|player|p2|Geobrodude|195
|gametype|singles
|gen|6
|tier|UU
|rated
|rule|Sleep Clause Mod: Limit one foe put to sleep
|rule|Species Clause: Limit one of each PokÃ©mon
|rule|OHKO Clause: OHKO moves are banned
|rule|Moody Clause: Moody is banned
|rule|Evasion Moves Clause: Evasion moves are banned
|rule|Endless Battle Clause: Forcing endless battles is banned
|rule|HP Percentage Mod: HP is shown in percentages
|clearpoke
|poke|p1|Honchkrow, F
|poke|p1|Aggron, M
|poke|p1|Nidoking, M
|poke|p1|Florges, F
|poke|p1|Roserade, F
|poke|p1|Krookodile, F
|poke|p2|Infernape, M
|poke|p2|Donphan, M
|poke|p2|Meloetta
|poke|p2|Aerodactyl, M
|poke|p2|Vaporeon, M
|poke|p2|Hydreigon, F, shiny
|rule|Swagger Clause: Swagger is banned
|rule|Baton Pass Clause: Limit one PokÃ©mon knowing Baton Pass
|teampreview
|
|start
|switch|p1a: Aggron|Aggron, M|344\/344
|switch|p2a: Skreee|Meloetta|404\/404
|turn|1
|
|switch|p1a: Florges|Florges, F|360\/360
|move|p2a: Skreee|Charge Beam|p1a: Florges
|-damage|p1a: Florges|325\/360
|-boost|p2a: Skreee|spa|1
|
|-heal|p1a: Florges|347\/360|[from] item: Leftovers
|turn|2
|
|move|p2a: Skreee|Psyshock|p1a: Florges
|-damage|p1a: Florges|34\/360
|move|p1a: Florges|Toxic|p2a: Skreee
|-status|p2a: Skreee|tox
|
|-heal|p1a: Florges|56\/360|[from] item: Leftovers
|-damage|p2a: Skreee|379\/404 tox|[from] psn
|turn|3
|
|switch|p1a: Krookodile|Krookodile, F|332\/332
|move|p2a: Skreee|Hyper Voice|p1a: Krookodile
|-damage|p1a: Krookodile|0 fnt
|faint|p1a: Krookodile
|
|-damage|p2a: Skreee|329\/404 tox|[from] psn
|
|switch|p1a: Honchkrow|Honchkrow, F|343\/343
|turn|4
|
|move|p1a: Honchkrow|Pursuit|p2a: Skreee|[from]Pursuit
|-supereffective|p2a: Skreee
|-damage|p2a: Skreee|0 fnt
|faint|p2a: Skreee
|-boost|p1a: Honchkrow|atk|1|[from] ability: Moxie
|
|
|switch|p2a: Hydra|Hydreigon, F, shiny|325\/325
|turn|5
|
|switch|p1a: Florges|Florges, F|56\/360
|move|p2a: Hydra|Dark Pulse|p1a: Florges
|-resisted|p1a: Florges
|-damage|p1a: Florges|13\/360
|-damage|p2a: Hydra|293\/325|[from] item: Life Orb
|
|-heal|p1a: Florges|35\/360|[from] item: Leftovers
|turn|6
|
|move|p2a: Hydra|Dark Pulse|p1a: Florges
|-resisted|p1a: Florges
|-damage|p1a: Florges|0 fnt
|-damage|p2a: Hydra|261\/325|[from] item: Life Orb
|faint|p1a: Florges
|
|
|switch|p1a: Nidoking|Nidoking, M|304\/304
|turn|7
|
|move|p2a: Hydra|Draco Meteor|p1a: Nidoking|[miss]
|-miss|p2a: Hydra|p1a: Nidoking
|move|p1a: Nidoking|Ice Beam|p2a: Hydra
|-supereffective|p2a: Hydra
|-damage|p2a: Hydra|0 fnt
|faint|p2a: Hydra
|
|c|âGeobrodude|:'
|
|switch|p2a: Don Leone|Donphan, M|384\/384
|turn|8
|
|switch|p1a: Roserade|Roserade, F|262\/262
|move|p2a: Don Leone|Earthquake|p1a: Roserade
|-damage|p1a: Roserade|0 fnt
|faint|p1a: Roserade
|
|
|switch|p1a: Nidoking|Nidoking, M|304\/304
|turn|9
|
|switch|p2a: Vaporwave|Vaporeon, M|464\/464
|move|p1a: Nidoking|Earth Power|p2a: Vaporwave
|-damage|p2a: Vaporwave|244\/464
|
|-heal|p2a: Vaporwave|273\/464|[from] item: Leftovers
|turn|10
|
|move|p1a: Nidoking|Thunderbolt|p2a: Vaporwave
|-supereffective|p2a: Vaporwave
|-damage|p2a: Vaporwave|0 fnt
|faint|p2a: Vaporwave
|
|
|switch|p2a: Don Leone|Donphan, M|384\/384
|turn|11
|
|move|p1a: Nidoking|Earth Power|p2a: Don Leone
|-damage|p2a: Don Leone|103\/384
|move|p2a: Don Leone|Earthquake|p1a: Nidoking
|-supereffective|p1a: Nidoking
|-damage|p1a: Nidoking|0 fnt
|faint|p1a: Nidoking
|
|-heal|p2a: Don Leone|127\/384|[from] item: Leftovers
|
|switch|p1a: Honchkrow|Honchkrow, F|343\/343
|turn|12
|
|move|p1a: Honchkrow|Brave Bird|p2a: Don Leone
|-damage|p2a: Don Leone|0 fnt
|-damage|p1a: Honchkrow|301\/343|[from] recoil|[of] p2a: Don Leone
|faint|p2a: Don Leone
|-boost|p1a: Honchkrow|atk|1|[from] ability: Moxie
|
|
|switch|p2a: Spike|Aerodactyl, M|301\/301
|-ability|p2a: Spike|Unnerve|p1: mike scofiled
|turn|13
|
|detailschange|p2a: Spike|Aerodactyl-Mega, M
|message|Aerodactyl has Mega Evolved into Mega Aerodactyl!
|move|p1a: Honchkrow|Sucker Punch|p2a: Spike
|-fail|p2a: Spike
|move|p2a: Spike|Hone Claws|p2a: Spike
|-boost|p2a: Spike|atk|1
|-boost|p2a: Spike|accuracy|1
|
|turn|14
|
|move|p2a: Spike|Stone Edge|p1a: Honchkrow
|-supereffective|p1a: Honchkrow
|-damage|p1a: Honchkrow|0 fnt
|faint|p1a: Honchkrow
|
|
|switch|p1a: Aggron|Aggron, M|344\/344
|turn|15
|
|detailschange|p1a: Aggron|Aggron-Mega, M
|message|Aggron has Mega Evolved into Mega Aggron!
|move|p2a: Spike|Earthquake|p1a: Aggron
|-supereffective|p1a: Aggron
|-damage|p1a: Aggron|236\/344
|move|p1a: Aggron|Thunder Wave|p2a: Spike
|-status|p2a: Spike|par
|
|turn|16
|
|move|p1a: Aggron|Heavy Slam|p2a: Spike
|-supereffective|p2a: Spike
|-damage|p2a: Spike|0 fnt
|faint|p2a: Spike
|
|
|switch|p2a: Business|Infernape, M|293\/293
|turn|17
|
|move|p2a: Business|Fire Blast|p1a: Aggron
|-supereffective|p1a: Aggron
|-damage|p1a: Aggron|0 fnt
|-damage|p2a: Business|264\/293|[from] item: Life Orb
|faint|p1a: Aggron
|
|win|Geobrodude
|raw|Ladder updating...
|raw|mike scofiled's rating: 1420 &rarr; <strong>1396<\/strong><br \/>(-24 for losing)
|raw|Geobrodude's rating: 1346 &rarr; <strong>1371<\/strong><br \/>(+25 for winning)
|c|âGeobrodude|gg
|c|âmike scofiled|gg
|leave|mike scofiled
|player|p1