|join|AtheistFedora
|join|Geobrodude
|player|p1|AtheistFedora|52
|player|p2|Geobrodude|195
|gametype|singles
|gen|6
|tier|UU
|rated
|rule|Sleep Clause Mod: Limit one foe put to sleep
|rule|Species Clause: Limit one of each PokÃ©mon
|rule|OHKO Clause: OHKO moves are banned
|rule|Moody Clause: Moody is banned
|rule|Evasion Moves Clause: Evasion moves are banned
|rule|Endless Battle Clause: Forcing endless battles is banned
|rule|HP Percentage Mod: HP is shown in percentages
|clearpoke
|poke|p1|Ambipom, M
|poke|p1|Darmanitan, M
|poke|p1|Nidoqueen, F
|poke|p1|Suicune
|poke|p1|Mienshao, F
|poke|p1|Umbreon, M
|poke|p2|Infernape, M
|poke|p2|Donphan, M
|poke|p2|Meloetta
|poke|p2|Aerodactyl, M
|poke|p2|Vaporeon, M
|poke|p2|Hydreigon, F, shiny
|rule|Swagger Clause: Swagger is banned
|rule|Baton Pass Clause: Limit one PokÃ©mon knowing Baton Pass
|teampreview
|
|start
|switch|p1a: Mienshao|Mienshao, F|271\/271
|switch|p2a: Vaporwave|Vaporeon, M|464\/464
|turn|1
|
|move|p1a: Mienshao|U-turn|p2a: Vaporwave
|-damage|p2a: Vaporwave|379\/464
|
|switch|p1a: Umbreon|Umbreon, M|394\/394
|move|p2a: Vaporwave|Wish|p2a: Vaporwave
|
|-heal|p2a: Vaporwave|408\/464|[from] item: Leftovers
|turn|2
|
|switch|p2a: Hydra|Hydreigon, F, shiny|325\/325
|move|p1a: Umbreon|Toxic|p2a: Hydra
|-status|p2a: Hydra|tox
|
|-damage|p2a: Hydra|305\/325 tox|[from] psn
|turn|3
|
|move|p2a: Hydra|Draco Meteor|p1a: Umbreon
|-damage|p1a: Umbreon|261\/394
|-unboost|p2a: Hydra|spa|2
|-damage|p2a: Hydra|273\/325 tox|[from] item: Life Orb
|move|p1a: Umbreon|Wish|p1a: Umbreon
|
|-heal|p1a: Umbreon|285\/394|[from] item: Leftovers
|-damage|p2a: Hydra|233\/325 tox|[from] psn
|turn|4
|
|switch|p2a: Don Leone|Donphan, M|384\/384
|move|p1a: Umbreon|Toxic|p2a: Don Leone
|-status|p2a: Don Leone|tox
|
|-heal|p1a: Umbreon|394\/394|[from] move: Wish|[wisher] Umbreon
|-damage|p2a: Don Leone|360\/384 tox|[from] psn
|turn|5
|
|move|p1a: Umbreon|Protect|p1a: Umbreon
|-singleturn|p1a: Umbreon|Protect
|move|p2a: Don Leone|Stealth Rock|p1a: Umbreon
|-sidestart|p1: AtheistFedora|move: Stealth Rock
|
|-heal|p2a: Don Leone|384\/384 tox|[from] item: Leftovers
|-damage|p2a: Don Leone|336\/384 tox|[from] psn
|turn|6
|
|move|p1a: Umbreon|Wish|p1a: Umbreon
|move|p2a: Don Leone|Earthquake|p1a: Umbreon
|-damage|p1a: Umbreon|232\/394
|
|-heal|p1a: Umbreon|256\/394|[from] item: Leftovers
|-heal|p2a: Don Leone|360\/384 tox|[from] item: Leftovers
|-damage|p2a: Don Leone|288\/384 tox|[from] psn
|turn|7
|
|switch|p2a: Business|Infernape, M|293\/293
|move|p1a: Umbreon|Foul Play|p2a: Business
|-resisted|p2a: Business
|-damage|p2a: Business|191\/293
|
|-heal|p1a: Umbreon|394\/394|[from] move: Wish|[wisher] Umbreon
|turn|8
|
|switch|p1a: Suicune|Suicune|404\/404
|-damage|p1a: Suicune|354\/404|[from] Stealth Rock
|-ability|p1a: Suicune|Pressure
|move|p2a: Business|Close Combat|p1a: Suicune
|-damage|p1a: Suicune|185\/404
|-unboost|p2a: Business|def|1
|-unboost|p2a: Business|spd|1
|-damage|p2a: Business|162\/293|[from] item: Life Orb
|
|-heal|p1a: Suicune|210\/404|[from] item: Leftovers
|turn|9
|
|move|p2a: Business|Thunder Punch|p1a: Suicune
|-supereffective|p1a: Suicune
|-damage|p1a: Suicune|64\/404
|-damage|p2a: Business|133\/293|[from] item: Life Orb
|move|p1a: Suicune|Scald|p2a: Business
|-crit|p2a: Business
|-supereffective|p2a: Business
|-damage|p2a: Business|0 fnt
|faint|p2a: Business
|
|-heal|p1a: Suicune|89\/404|[from] item: Leftovers
|
|switch|p2a: Spike|Aerodactyl, M|301\/301
|-ability|p2a: Spike|Unnerve|p1: AtheistFedora
|turn|10
|
|detailschange|p2a: Spike|Aerodactyl-Mega, M
|message|Aerodactyl has Mega Evolved into Mega Aerodactyl!
|move|p2a: Spike|Earthquake|p1a: Suicune
|-damage|p1a: Suicune|5\/404
|move|p1a: Suicune|Rest|p1a: Suicune
|-status|p1a: Suicune|slp
|-heal|p1a: Suicune|404\/404 slp|[silent]
|-status|p1a: Suicune|slp|[from] move: Rest
|
|turn|11
|
|switch|p2a: Hydra|Hydreigon, F, shiny|233\/325 tox
|cant|p1a: Suicune|slp
|move|p1a: Suicune|Sleep Talk|p1a: Suicune
|move|p1a: Suicune|Scald|p2a: Hydra|[from]Sleep Talk
|-crit|p2a: Hydra
|-resisted|p2a: Hydra
|-damage|p2a: Hydra|161\/325 tox
|
|-damage|p2a: Hydra|141\/325 tox|[from] psn
|turn|12
|
|switch|p1a: Umbreon|Umbreon, M|394\/394
|-damage|p1a: Umbreon|345\/394|[from] Stealth Rock
|move|p2a: Hydra|Superpower|p1a: Umbreon
|-supereffective|p1a: Umbreon
|-damage|p1a: Umbreon|56\/394
|-unboost|p2a: Hydra|atk|1
|-unboost|p2a: Hydra|def|1
|-damage|p2a: Hydra|109\/325 tox|[from] item: Life Orb
|
|-heal|p1a: Umbreon|80\/394|[from] item: Leftovers
|-damage|p2a: Hydra|69\/325 tox|[from] psn
|turn|13
|
|move|p1a: Umbreon|Protect|p1a: Umbreon
|-singleturn|p1a: Umbreon|Protect
|move|p2a: Hydra|Roost|p2a: Hydra
|-heal|p2a: Hydra|232\/325 tox
|
|-heal|p1a: Umbreon|104\/394|[from] item: Leftovers
|-damage|p2a: Hydra|172\/325 tox|[from] psn
|turn|14
|
|switch|p1a: Suicune|Suicune|404\/404 slp
|-damage|p1a: Suicune|354\/404 slp|[from] Stealth Rock
|-ability|p1a: Suicune|Pressure
|move|p2a: Hydra|Draco Meteor|p1a: Suicune
|-damage|p1a: Suicune|143\/404 slp
|-unboost|p2a: Hydra|spa|2
|-damage|p2a: Hydra|140\/325 tox|[from] item: Life Orb
|
|-heal|p1a: Suicune|168\/404 slp|[from] item: Leftovers
|-damage|p2a: Hydra|60\/325 tox|[from] psn
|turn|15
|
|switch|p2a: Vaporwave|Vaporeon, M|408\/464
|cant|p1a: Suicune|slp
|move|p1a: Suicune|Sleep Talk|p1a: Suicune
|move|p1a: Suicune|Calm Mind|p1a: Suicune|[from]Sleep Talk
|-boost|p1a: Suicune|spa|1
|-boost|p1a: Suicune|spd|1
|
|-heal|p1a: Suicune|193\/404 slp|[from] item: Leftovers
|-heal|p2a: Vaporwave|437\/464|[from] item: Leftovers
|turn|16
|
|-curestatus|p1a: Suicune|slp
|move|p1a: Suicune|Rest|p1a: Suicune
|-status|p1a: Suicune|slp
|-heal|p1a: Suicune|404\/404 slp|[silent]
|-status|p1a: Suicune|slp|[from] move: Rest
|move|p2a: Vaporwave|Roar|p1a: Suicune
|drag|p1a: Ambipom|Ambipom, M|292\/292
|-damage|p1a: Ambipom|256\/292|[from] Stealth Rock
|
|-heal|p2a: Vaporwave|464\/464|[from] item: Leftovers
|turn|17
|
|move|p1a: Ambipom|Fake Out|p2a: Vaporwave
|-damage|p2a: Vaporwave|343\/464
|cant|p2a: Vaporwave|flinch
|
|-heal|p2a: Vaporwave|372\/464|[from] item: Leftovers
|turn|18
|
|move|p1a: Ambipom|Last Resort|p2a: Vaporwave
|-damage|p2a: Vaporwave|126\/464
|move|p2a: Vaporwave|Wish|p2a: Vaporwave
|
|-heal|p2a: Vaporwave|155\/464|[from] item: Leftovers
|turn|19
|
|switch|p2a: Don Leone|Donphan, M|288\/384 tox
|move|p1a: Ambipom|Last Resort|p2a: Don Leone
|-damage|p2a: Don Leone|53\/384 tox
|
|-heal|p2a: Don Leone|285\/384 tox|[from] move: Wish|[wisher] Vaporwave
|-heal|p2a: Don Leone|309\/384 tox|[from] item: Leftovers
|-damage|p2a: Don Leone|285\/384 tox|[from] psn
|turn|20
|
|move|p1a: Ambipom|Last Resort|p2a: Don Leone
|-damage|p2a: Don Leone|60\/384 tox
|move|p2a: Don Leone|Earthquake|p1a: Ambipom
|-damage|p1a: Ambipom|0 fnt
|faint|p1a: Ambipom
|
|-heal|p2a: Don Leone|84\/384 tox|[from] item: Leftovers
|-damage|p2a: Don Leone|36\/384 tox|[from] psn
|
|switch|p1a: Darmanitan|Darmanitan, M|351\/351
|-damage|p1a: Darmanitan|264\/351|[from] Stealth Rock
|turn|21
|
|move|p1a: Darmanitan|Flare Blitz|p2a: Don Leone
|-damage|p2a: Don Leone|0 fnt
|-damage|p1a: Darmanitan|252\/351|[from] recoil|[of] p2a: Don Leone
|faint|p2a: Don Leone
|
|
|switch|p2a: Vaporwave|Vaporeon, M|155\/464
|turn|22
|
|move|p1a: Darmanitan|Flare Blitz|p2a: Vaporwave
|-resisted|p2a: Vaporwave
|-damage|p2a: Vaporwave|20\/464
|-damage|p1a: Darmanitan|207\/351|[from] recoil|[of] p2a: Vaporwave
|move|p2a: Vaporwave|Wish|p2a: Vaporwave
|
|-heal|p2a: Vaporwave|49\/464|[from] item: Leftovers
|turn|23
|
|switch|p2a: Spike|Aerodactyl-Mega, M|301\/301
|move|p1a: Darmanitan|Flare Blitz|p2a: Spike
|-resisted|p2a: Spike
|-damage|p2a: Spike|123\/301
|-damage|p1a: Darmanitan|148\/351|[from] recoil|[of] p2a: Spike
|
|-heal|p2a: Spike|301\/301|[from] move: Wish|[wisher] Vaporwave
|turn|24
|
|switch|p1a: Suicune|Suicune|404\/404 slp
|-damage|p1a: Suicune|354\/404 slp|[from] Stealth Rock
|-ability|p1a: Suicune|Pressure
|move|p2a: Spike|Hone Claws|p2a: Spike
|-boost|p2a: Spike|atk|1
|-boost|p2a: Spike|accuracy|1
|
|-heal|p1a: Suicune|379\/404 slp|[from] item: Leftovers
|turn|25
|
|move|p2a: Spike|Stone Edge|p1a: Suicune
|-damage|p1a: Suicune|208\/404 slp
|cant|p1a: Suicune|slp
|move|p1a: Suicune|Sleep Talk|p1a: Suicune
|move|p1a: Suicune|Scald|p2a: Spike|[from]Sleep Talk
|-supereffective|p2a: Spike
|-damage|p2a: Spike|109\/301
|
|-heal|p1a: Suicune|233\/404 slp|[from] item: Leftovers
|turn|26
|
|move|p2a: Spike|Stone Edge|p1a: Suicune
|-damage|p1a: Suicune|62\/404 slp
|cant|p1a: Suicune|slp
|
|-heal|p1a: Suicune|87\/404 slp|[from] item: Leftovers
|turn|27
|
|move|p2a: Spike|Stone Edge|p1a: Suicune
|-damage|p1a: Suicune|0 fnt
|faint|p1a: Suicune
|
|
|switch|p1a: Mienshao|Mienshao, F|271\/271
|-damage|p1a: Mienshao|255\/271|[from] Stealth Rock
|turn|28
|
|move|p1a: Mienshao|Knock Off|p2a: Spike
|-damage|p2a: Spike|18\/301
|move|p2a: Spike|Aerial Ace|p1a: Mienshao
|-supereffective|p1a: Mienshao
|-damage|p1a: Mienshao|0 fnt
|faint|p1a: Mienshao
|
|
|switch|p1a: Darmanitan|Darmanitan, M|148\/351
|-damage|p1a: Darmanitan|61\/351|[from] Stealth Rock
|turn|29
|
|switch|p2a: Skreee|Meloetta|404\/404
|move|p1a: Darmanitan|Flare Blitz|p2a: Skreee
|-damage|p2a: Skreee|65\/404
|-damage|p1a: Darmanitan|0 fnt|[from] recoil|[of] p2a: Skreee
|faint|p1a: Darmanitan
|
|
|switch|p1a: Umbreon|Umbreon, M|104\/394
|-damage|p1a: Umbreon|55\/394|[from] Stealth Rock
|turn|30
|
|move|p1a: Umbreon|Protect|p1a: Umbreon
|-singleturn|p1a: Umbreon|Protect
|move|p2a: Skreee|Hyper Voice|p1a: Umbreon
|-activate|p1a: Umbreon|Protect
|
|-heal|p1a: Umbreon|79\/394|[from] item: Leftovers
|turn|31
|
|move|p2a: Skreee|Hyper Voice|p1a: Umbreon
|-damage|p1a: Umbreon|0 fnt
|faint|p1a: Umbreon
|
|
|switch|p1a: Nidoqueen|Nidoqueen, F|384\/384
|-damage|p1a: Nidoqueen|360\/384|[from] Stealth Rock
|turn|32
|
|move|p2a: Skreee|Psyshock|p1a: Nidoqueen
|-supereffective|p1a: Nidoqueen
|-damage|p1a: Nidoqueen|40\/384
|move|p1a: Nidoqueen|Earth Power|p2a: Skreee
|-damage|p2a: Skreee|0 fnt
|faint|p2a: Skreee
|
|-heal|p1a: Nidoqueen|64\/384|[from] item: Leftovers
|
|switch|p2a: Spike|Aerodactyl-Mega, M|18\/301
|turn|33
|c|âGeobrodude|gg
|
|move|p2a: Spike|Earthquake|p1a: Nidoqueen
|-supereffective|p1a: Nidoqueen
|-damage|p1a: Nidoqueen|0 fnt
|faint|p1a: Nidoqueen
|
|win|Geobrodude
|raw|Ladder updating...
|raw|AtheistFedora's rating: 1251 &rarr; <strong>1232<\/strong><br \/>(-19 for losing)
|raw|Geobrodude's rating: 1331 &rarr; <strong>1346<\/strong><br \/>(+15 for winning)
|c|âAtheistFedora|gg
|leave|AtheistFedora
|player|p1