|join|Leggio
|join|Geobrodude
|player|p1|Leggio|99
|player|p2|Geobrodude|195
|gametype|singles
|gen|6
|tier|UU
|rated
|rule|Sleep Clause Mod: Limit one foe put to sleep
|rule|Species Clause: Limit one of each PokÃ©mon
|rule|OHKO Clause: OHKO moves are banned
|rule|Moody Clause: Moody is banned
|rule|Evasion Moves Clause: Evasion moves are banned
|rule|Endless Battle Clause: Forcing endless battles is banned
|rule|HP Percentage Mod: HP is shown in percentages
|clearpoke
|poke|p1|Swampert, M
|poke|p1|Metagross
|poke|p1|Hydreigon, M
|poke|p1|Mienshao, M
|poke|p1|Milotic, F
|poke|p1|Florges, F
|poke|p2|Infernape, M
|poke|p2|Skuntank, M
|poke|p2|Meloetta
|poke|p2|Aerodactyl, M
|poke|p2|Vaporeon, M
|poke|p2|Hydreigon, F, shiny
|rule|Swagger Clause: Swagger is banned
|rule|Baton Pass Clause: Limit one PokÃ©mon knowing Baton Pass
|teampreview
|
|start
|switch|p1a: Swampert|Swampert, M|404\/404
|switch|p2a: Business|Infernape, M|293\/293
|turn|1
|c|âLeggio|gl hf :)
|
|move|p2a: Business|Grass Knot|p1a: Swampert
|-supereffective|p1a: Swampert
|-damage|p1a: Swampert|66\/404
|-damage|p2a: Business|264\/293|[from] item: Life Orb
|move|p1a: Swampert|Stealth Rock|p2a: Business
|-sidestart|p2: Geobrodude|move: Stealth Rock
|
|-heal|p1a: Swampert|91\/404|[from] item: Leftovers
|turn|2
|c|âGeobrodude|u2 man
|
|switch|p1a: Florges|Florges, F|360\/360
|move|p2a: Business|Close Combat|p1a: Florges
|-resisted|p1a: Florges
|-damage|p1a: Florges|251\/360
|-unboost|p2a: Business|def|1
|-unboost|p2a: Business|spd|1
|-damage|p2a: Business|235\/293|[from] item: Life Orb
|
|-heal|p1a: Florges|273\/360|[from] item: Leftovers
|turn|3
|
|switch|p2a: Tank|Skuntank, M|410\/410
|-damage|p2a: Tank|359\/410|[from] Stealth Rock
|move|p1a: Florges|Protect|p1a: Florges
|-fail|p1a: Florges
|
|-heal|p2a: Tank|384\/410|[from] item: Black Sludge
|-heal|p1a: Florges|295\/360|[from] item: Leftovers
|turn|4
|
|switch|p1a: Metagross|Metagross|302\/302
|move|p2a: Tank|Defog|p1a: Metagross
|-fail|p1a: Metagross|unboost|[from] ability: Clear Body|[of] p1a: Metagross
|-sideend|p2: Geobrodude|Stealth Rock|[from] move: Defog|[of] p2a: Tank
|
|-heal|p2a: Tank|409\/410|[from] item: Black Sludge
|turn|5
|
|switch|p2a: Vaporwave|Vaporeon, M|464\/464
|move|p1a: Metagross|Earthquake|p2a: Vaporwave
|-damage|p2a: Vaporwave|332\/464
|
|-heal|p2a: Vaporwave|361\/464|[from] item: Leftovers
|turn|6
|
|switch|p1a: Milotic|Milotic, F|394\/394
|move|p2a: Vaporwave|Scald|p1a: Milotic
|-resisted|p1a: Milotic
|-damage|p1a: Milotic|349\/394
|
|-heal|p1a: Milotic|373\/394|[from] item: Leftovers
|-heal|p2a: Vaporwave|390\/464|[from] item: Leftovers
|turn|7
|
|move|p1a: Milotic|Toxic|p2a: Vaporwave
|-status|p2a: Vaporwave|tox
|move|p2a: Vaporwave|Wish|p2a: Vaporwave
|
|-heal|p1a: Milotic|394\/394|[from] item: Leftovers
|-heal|p2a: Vaporwave|419\/464 tox|[from] item: Leftovers
|-damage|p2a: Vaporwave|390\/464 tox|[from] psn
|turn|8
|
|move|p1a: Milotic|Scald|p2a: Vaporwave
|-heal|p2a: Vaporwave|464\/464 tox|[from] ability: Water Absorb|[of] p1a: Milotic
|move|p2a: Vaporwave|Scald|p1a: Milotic
|-resisted|p1a: Milotic
|-damage|p1a: Milotic|349\/394
|
|-heal|p1a: Milotic|373\/394|[from] item: Leftovers
|-damage|p2a: Vaporwave|406\/464 tox|[from] psn
|turn|9
|
|switch|p1a: Florges|Florges, F|295\/360
|move|p2a: Vaporwave|Heal Bell|p2a: Vaporwave
|-cureteam|p2a: Vaporwave|[from] move: HealBell
|
|-heal|p1a: Florges|317\/360|[from] item: Leftovers
|-heal|p2a: Vaporwave|435\/464|[from] item: Leftovers
|turn|10
|
|switch|p2a: Tank|Skuntank, M|409\/410
|move|p1a: Florges|Protect|p1a: Florges
|-fail|p1a: Florges
|
|-heal|p2a: Tank|410\/410|[from] item: Black Sludge
|-heal|p1a: Florges|339\/360|[from] item: Leftovers
|turn|11
|
|switch|p1a: Milotic|Milotic, F|373\/394
|move|p2a: Tank|Poison Jab|p1a: Milotic
|-damage|p1a: Milotic|265\/394
|
|-heal|p1a: Milotic|289\/394|[from] item: Leftovers
|turn|12
|
|switch|p2a: Vaporwave|Vaporeon, M|435\/464
|move|p1a: Milotic|Toxic|p2a: Vaporwave
|-status|p2a: Vaporwave|tox
|
|-heal|p1a: Milotic|313\/394|[from] item: Leftovers
|-heal|p2a: Vaporwave|464\/464 tox|[from] item: Leftovers
|-damage|p2a: Vaporwave|435\/464 tox|[from] psn
|turn|13
|
|switch|p1a: Mienshao|Mienshao, M|271\/271
|move|p2a: Vaporwave|Scald|p1a: Mienshao
|-damage|p1a: Mienshao|111\/271
|-status|p1a: Mienshao|brn
|
|-heal|p2a: Vaporwave|464\/464 tox|[from] item: Leftovers
|-damage|p1a: Mienshao|78\/271 brn|[from] brn
|-damage|p2a: Vaporwave|406\/464 tox|[from] psn
|turn|14
|
|switch|p1a: Florges|Florges, F|339\/360
|move|p2a: Vaporwave|Heal Bell|p2a: Vaporwave
|-cureteam|p2a: Vaporwave|[from] move: HealBell
|
|-heal|p1a: Florges|360\/360|[from] item: Leftovers
|-heal|p2a: Vaporwave|435\/464|[from] item: Leftovers
|turn|15
|
|switch|p2a: Screamo|Meloetta|404\/404
|move|p1a: Florges|Aromatherapy|p1a: Florges
|-cureteam|p1a: Florges|[from] move: Aromatherapy
|
|turn|16
|
|move|p2a: Screamo|Charge Beam|p1a: Florges|[miss]
|-miss|p2a: Screamo|p1a: Florges
|move|p1a: Florges|Wish|p1a: Florges
|
|turn|17
|
|switch|p1a: Swampert|Swampert, M|91\/404
|move|p2a: Screamo|Hyper Voice|p1a: Swampert
|-damage|p1a: Swampert|0 fnt
|faint|p1a: Swampert
|
|
|switch|p1a: Mienshao|Mienshao, M|168\/271
|turn|18
|
|switch|p2a: Vaporwave|Vaporeon, M|435\/464
|move|p1a: Mienshao|U-turn|p2a: Vaporwave
|-damage|p2a: Vaporwave|339\/464
|-damage|p1a: Mienshao|141\/271|[from] item: Life Orb
|
|switch|p1a: Milotic|Milotic, F|313\/394
|
|-heal|p1a: Milotic|337\/394|[from] item: Leftovers
|-heal|p2a: Vaporwave|368\/464|[from] item: Leftovers
|turn|19
|
|move|p1a: Milotic|Toxic|p2a: Vaporwave
|-status|p2a: Vaporwave|tox
|move|p2a: Vaporwave|Scald|p1a: Milotic
|-resisted|p1a: Milotic
|-damage|p1a: Milotic|298\/394
|
|-heal|p1a: Milotic|322\/394|[from] item: Leftovers
|-heal|p2a: Vaporwave|397\/464 tox|[from] item: Leftovers
|-damage|p2a: Vaporwave|368\/464 tox|[from] psn
|turn|20
|
|switch|p1a: Florges|Florges, F|360\/360
|move|p2a: Vaporwave|Scald|p1a: Florges
|-damage|p1a: Florges|296\/360
|
|-heal|p1a: Florges|318\/360|[from] item: Leftovers
|-heal|p2a: Vaporwave|397\/464 tox|[from] item: Leftovers
|-damage|p2a: Vaporwave|339\/464 tox|[from] psn
|turn|21
|
|switch|p2a: Screamo|Meloetta|404\/404
|move|p1a: Florges|Wish|p1a: Florges
|
|-heal|p1a: Florges|340\/360|[from] item: Leftovers
|turn|22
|
|switch|p1a: Hydreigon|Hydreigon, M|325\/325
|move|p2a: Screamo|Hyper Voice|p1a: Hydreigon
|-damage|p1a: Hydreigon|147\/325
|
|-heal|p1a: Hydreigon|325\/325|[from] move: Wish|[wisher] Florges
|turn|23
|
|move|p1a: Hydreigon|Draco Meteor|p2a: Screamo
|-damage|p2a: Screamo|284\/404
|-unboost|p1a: Hydreigon|spa|2
|move|p2a: Screamo|Hyper Voice|p1a: Hydreigon
|-damage|p1a: Hydreigon|145\/325
|
|turn|24
|
|switch|p1a: Florges|Florges, F|340\/360
|move|p2a: Screamo|Shadow Ball|p1a: Florges
|-damage|p1a: Florges|266\/360
|
|-heal|p1a: Florges|288\/360|[from] item: Leftovers
|turn|25
|
|move|p2a: Screamo|Psyshock|p1a: Florges
|-damage|p1a: Florges|137\/360
|move|p1a: Florges|Wish|p1a: Florges
|
|-heal|p1a: Florges|159\/360|[from] item: Leftovers
|turn|26
|
|move|p1a: Florges|Protect|p1a: Florges
|-singleturn|p1a: Florges|Protect
|move|p2a: Screamo|Hyper Voice|p1a: Florges
|-activate|p1a: Florges|Protect
|
|-heal|p1a: Florges|339\/360|[from] move: Wish|[wisher] Florges
|-heal|p1a: Florges|360\/360|[from] item: Leftovers
|turn|27
|
|move|p2a: Screamo|Charge Beam|p1a: Florges
|-damage|p1a: Florges|320\/360
|-boost|p2a: Screamo|spa|1
|move|p1a: Florges|Moonblast|p2a: Screamo
|-damage|p2a: Screamo|211\/404
|
|-heal|p1a: Florges|342\/360|[from] item: Leftovers
|turn|28
|
|move|p2a: Screamo|Hyper Voice|p1a: Florges
|-damage|p1a: Florges|182\/360
|move|p1a: Florges|Moonblast|p2a: Screamo
|-damage|p2a: Screamo|147\/404
|-unboost|p2a: Screamo|spa|1
|
|-heal|p1a: Florges|204\/360|[from] item: Leftovers
|turn|29
|
|move|p2a: Screamo|Charge Beam|p1a: Florges
|-damage|p1a: Florges|162\/360
|-boost|p2a: Screamo|spa|1
|move|p1a: Florges|Wish|p1a: Florges
|
|-heal|p1a: Florges|184\/360|[from] item: Leftovers
|turn|30
|
|move|p1a: Florges|Protect|p1a: Florges
|-singleturn|p1a: Florges|Protect
|move|p2a: Screamo|Hyper Voice|p1a: Florges
|-activate|p1a: Florges|Protect
|
|-heal|p1a: Florges|360\/360|[from] move: Wish|[wisher] Florges
|turn|31
|
|move|p2a: Screamo|Psyshock|p1a: Florges
|-damage|p1a: Florges|141\/360
|move|p1a: Florges|Moonblast|p2a: Screamo
|-damage|p2a: Screamo|81\/404
|-unboost|p2a: Screamo|spa|1
|
|-heal|p1a: Florges|163\/360|[from] item: Leftovers
|turn|32
|
|move|p2a: Screamo|Psyshock|p1a: Florges
|-damage|p1a: Florges|16\/360
|move|p1a: Florges|Wish|p1a: Florges
|
|-heal|p1a: Florges|38\/360|[from] item: Leftovers
|turn|33
|
|switch|p2a: Tank|Skuntank, M|410\/410
|move|p1a: Florges|Protect|p1a: Florges
|-fail|p1a: Florges
|
|-heal|p1a: Florges|218\/360|[from] move: Wish|[wisher] Florges
|-heal|p1a: Florges|240\/360|[from] item: Leftovers
|turn|34
|
|move|p1a: Florges|Protect|p1a: Florges
|-singleturn|p1a: Florges|Protect
|move|p2a: Tank|Poison Jab|p1a: Florges
|-activate|p1a: Florges|Protect
|
|-heal|p1a: Florges|262\/360|[from] item: Leftovers
|turn|35
|
|move|p2a: Tank|Pursuit|p1a: Florges|[from]Pursuit
|-resisted|p1a: Florges
|-damage|p1a: Florges|205\/360
|switch|p1a: Milotic|Milotic, F|322\/394
|
|-heal|p1a: Milotic|346\/394|[from] item: Leftovers
|turn|36
|
|switch|p2a: Vaporwave|Vaporeon, M|339\/464 tox
|move|p1a: Milotic|Scald|p2a: Vaporwave
|-heal|p2a: Vaporwave|455\/464 tox|[from] ability: Water Absorb|[of] p1a: Milotic
|
|-heal|p1a: Milotic|370\/394|[from] item: Leftovers
|-heal|p2a: Vaporwave|464\/464 tox|[from] item: Leftovers
|-damage|p2a: Vaporwave|435\/464 tox|[from] psn
|turn|37
|
|switch|p1a: Hydreigon|Hydreigon, M|145\/325
|move|p2a: Vaporwave|Wish|p2a: Vaporwave
|
|-heal|p2a: Vaporwave|464\/464 tox|[from] item: Leftovers
|-damage|p2a: Vaporwave|406\/464 tox|[from] psn
|turn|38
|
|switch|p1a: Milotic|Milotic, F|370\/394
|switch|p2a: Tank|Skuntank, M|410\/410
|
|-heal|p1a: Milotic|394\/394|[from] item: Leftovers
|turn|39
|-message|Leggio forfeited.
|
|win|Geobrodude
|raw|Ladder updating...
|leave|Leggio
|player|p1
|raw|Leggio's rating: 1199 &rarr; <strong>1187<\/strong><br \/>(-12 for losing)
|raw|Geobrodude's rating: 1394 &rarr; <strong>1404<\/strong><br \/>(+10 for winning)