|join|Geobrodude
|join|NeryW
|player|p1|Geobrodude|195
|player|p2|NeryW|293
|gametype|singles
|gen|6
|tier|UU
|rated
|rule|Sleep Clause Mod: Limit one foe put to sleep
|rule|Species Clause: Limit one of each PokÃ©mon
|rule|OHKO Clause: OHKO moves are banned
|rule|Moody Clause: Moody is banned
|rule|Evasion Moves Clause: Evasion moves are banned
|rule|Endless Battle Clause: Forcing endless battles is banned
|rule|HP Percentage Mod: HP is shown in percentages
|clearpoke
|poke|p1|Infernape, M
|poke|p1|Donphan, M
|poke|p1|Meloetta
|poke|p1|Aerodactyl, M
|poke|p1|Vaporeon, M
|poke|p1|Hydreigon, F, shiny
|poke|p2|Milotic, F, shiny
|poke|p2|Goodra, F
|poke|p2|Gourgeist-*, F
|poke|p2|Carbink, shiny
|poke|p2|Malamar, F
|poke|p2|Drapion, F
|rule|Swagger Clause: Swagger is banned
|rule|Baton Pass Clause: Limit one PokÃ©mon knowing Baton Pass
|teampreview
|c|âGeobrodude|gl
|c|âNeryW|glhf
|
|start
|switch|p1a: Don Leone|Donphan, M|384\/384
|switch|p2a: Stonehenge|Carbink, shiny|304\/304
|turn|1
|
|move|p1a: Don Leone|Earthquake|p2a: Stonehenge
|-supereffective|p2a: Stonehenge
|-damage|p2a: Stonehenge|116\/304
|move|p2a: Stonehenge|Stealth Rock|p1a: Don Leone
|-sidestart|p1: Geobrodude|move: Stealth Rock
|
|-heal|p2a: Stonehenge|135\/304|[from] item: Leftovers
|turn|2
|
|switch|p2a: Pumpkyn|Gourgeist-Super, F|374\/374
|-item|p1a: Don Leone|Leftovers|[from] ability: Frisk|[of] p2a: Pumpkyn|[identify]
|move|p1a: Don Leone|Rapid Spin|p2a: Pumpkyn
|-immune|p2a: Pumpkyn|[msg]
|
|turn|3
|
|move|p2a: Pumpkyn|Leech Seed|p1a: Don Leone
|-start|p1a: Don Leone|move: Leech Seed
|move|p1a: Don Leone|Knock Off|p2a: Pumpkyn
|-supereffective|p2a: Pumpkyn
|-damage|p2a: Pumpkyn|210\/374
|-enditem|p2a: Pumpkyn|Big Root|[from] move: Knock Off|[of] p1a: Don Leone
|
|-damage|p1a: Don Leone|336\/384|[from] Leech Seed|[of] p2a: Pumpkyn
|-heal|p2a: Pumpkyn|258\/374|[silent]
|turn|4
|
|switch|p1a: Hydra|Hydreigon, F, shiny|325\/325
|-damage|p1a: Hydra|285\/325|[from] Stealth Rock
|move|p2a: Pumpkyn|Will-O-Wisp|p1a: Hydra
|-status|p1a: Hydra|brn
|
|-damage|p1a: Hydra|245\/325 brn|[from] brn
|turn|5
|
|move|p2a: Pumpkyn|Protect|p2a: Pumpkyn
|-singleturn|p2a: Pumpkyn|Protect
|move|p1a: Hydra|Dark Pulse|p2a: Pumpkyn
|-activate|p2a: Pumpkyn|Protect
|
|-damage|p1a: Hydra|205\/325 brn|[from] brn
|turn|6
|
|switch|p2a: Gloomy|Goodra, F|384\/384
|move|p1a: Hydra|Draco Meteor|p2a: Gloomy
|-supereffective|p2a: Gloomy
|-damage|p2a: Gloomy|140\/384
|-unboost|p1a: Hydra|spa|2
|-damage|p1a: Hydra|173\/325 brn|[from] item: Life Orb
|
|-damage|p1a: Hydra|133\/325 brn|[from] brn
|turn|7
|
|switch|p1a: Screamo|Meloetta|404\/404
|-damage|p1a: Screamo|354\/404|[from] Stealth Rock
|move|p2a: Gloomy|Thunderbolt|p1a: Screamo
|-crit|p1a: Screamo
|-damage|p1a: Screamo|265\/404
|
|turn|8
|
|switch|p1a: Don Leone|Donphan, M|336\/384
|-damage|p1a: Don Leone|312\/384|[from] Stealth Rock
|move|p2a: Gloomy|Draco Meteor|p1a: Don Leone
|-crit|p1a: Don Leone
|-damage|p1a: Don Leone|0 fnt
|-unboost|p2a: Gloomy|spa|2
|faint|p1a: Don Leone
|
|
|switch|p1a: Business|Infernape, M|293\/293
|-damage|p1a: Business|257\/293|[from] Stealth Rock
|turn|9
|
|move|p1a: Business|Close Combat|p2a: Gloomy
|-crit|p2a: Gloomy
|-damage|p2a: Gloomy|0 fnt
|-unboost|p1a: Business|def|1
|-unboost|p1a: Business|spd|1
|-damage|p1a: Business|228\/293|[from] item: Life Orb
|faint|p2a: Gloomy
|
|
|switch|p2a: Pumpkyn|Gourgeist-Super, F|258\/374
|-item|p1a: Business|Life Orb|[from] ability: Frisk|[of] p2a: Pumpkyn|[identify]
|turn|10
|
|move|p1a: Business|Fire Blast|p2a: Pumpkyn
|-supereffective|p2a: Pumpkyn
|-damage|p2a: Pumpkyn|0 fnt
|-damage|p1a: Business|199\/293|[from] item: Life Orb
|faint|p2a: Pumpkyn
|
|
|switch|p2a: Jormungand|Milotic, F, shiny|394\/394
|turn|11
|
|switch|p1a: Vaporwave|Vaporeon, M|464\/464
|-damage|p1a: Vaporwave|406\/464|[from] Stealth Rock
|move|p2a: Jormungand|Scald|p1a: Vaporwave
|-heal|p1a: Vaporwave|464\/464|[from] ability: Water Absorb|[of] p2a: Jormungand
|
|turn|12
|
|move|p1a: Vaporwave|Wish|p1a: Vaporwave
|move|p2a: Jormungand|Dragon Tail|p1a: Vaporwave
|-damage|p1a: Vaporwave|435\/464
|drag|p1a: Screamo|Meloetta|265\/404
|-damage|p1a: Screamo|215\/404|[from] Stealth Rock
|
|turn|13
|
|move|p1a: Screamo|Charge Beam|p2a: Jormungand
|-supereffective|p2a: Jormungand
|-damage|p2a: Jormungand|312\/394
|-boost|p1a: Screamo|spa|1
|move|p2a: Jormungand|Dragon Tail|p1a: Screamo
|-damage|p1a: Screamo|181\/404
|drag|p1a: Vaporwave|Vaporeon, M|435\/464
|-damage|p1a: Vaporwave|377\/464|[from] Stealth Rock
|
|-heal|p1a: Vaporwave|464\/464|[from] move: Wish|[wisher] Vaporwave
|-heal|p2a: Jormungand|336\/394|[from] item: Leftovers
|turn|14
|
|move|p1a: Vaporwave|Wish|p1a: Vaporwave
|move|p2a: Jormungand|Dragon Tail|p1a: Vaporwave
|-damage|p1a: Vaporwave|434\/464
|drag|p1a: Business|Infernape, M|199\/293
|-damage|p1a: Business|163\/293|[from] Stealth Rock
|
|-heal|p2a: Jormungand|360\/394|[from] item: Leftovers
|turn|15
|
|move|p1a: Business|Grass Knot|p2a: Jormungand
|-supereffective|p2a: Jormungand
|-damage|p2a: Jormungand|220\/394
|-damage|p1a: Business|134\/293|[from] item: Life Orb
|move|p2a: Jormungand|Scald|p1a: Business
|-supereffective|p1a: Business
|-damage|p1a: Business|0 fnt
|faint|p1a: Business
|
|-heal|p2a: Jormungand|244\/394|[from] item: Leftovers
|
|switch|p1a: Vaporwave|Vaporeon, M|434\/464
|-damage|p1a: Vaporwave|376\/464|[from] Stealth Rock
|turn|16
|
|switch|p2a: Rilizekraken|Malamar, F|362\/362
|move|p1a: Vaporwave|Wish|p1a: Vaporwave
|
|-heal|p1a: Vaporwave|405\/464|[from] item: Leftovers
|turn|17
|
|move|p2a: Rilizekraken|Switcheroo|p1a: Vaporwave
|-activate|p2a: Rilizekraken|move: Trick|[of] p1a: Vaporwave
|-item|p1a: Vaporwave|Choice Scarf|[from] Trick
|-item|p2a: Rilizekraken|Leftovers|[from] Trick
|move|p1a: Vaporwave|Scald|p2a: Rilizekraken
|-damage|p2a: Rilizekraken|239\/362
|-status|p2a: Rilizekraken|brn
|
|-heal|p1a: Vaporwave|464\/464|[from] move: Wish|[wisher] Vaporwave
|-heal|p2a: Rilizekraken|261\/362 brn|[from] item: Leftovers
|-damage|p2a: Rilizekraken|216\/362 brn|[from] brn
|turn|18
|
|move|p1a: Vaporwave|Scald|p2a: Rilizekraken
|-damage|p2a: Rilizekraken|96\/362 brn
|move|p2a: Rilizekraken|Superpower|p1a: Vaporwave
|-damage|p1a: Vaporwave|406\/464
|-boost|p2a: Rilizekraken|atk|1
|-boost|p2a: Rilizekraken|def|1
|
|-heal|p2a: Rilizekraken|118\/362 brn|[from] item: Leftovers
|-damage|p2a: Rilizekraken|73\/362 brn|[from] brn
|turn|19
|
|move|p1a: Vaporwave|Scald|p2a: Rilizekraken
|-damage|p2a: Rilizekraken|0 fnt
|faint|p2a: Rilizekraken
|
|
|switch|p2a: Jormungand|Milotic, F, shiny|244\/394
|turn|20
|
|move|p1a: Vaporwave|Scald|p2a: Jormungand
|-resisted|p2a: Jormungand
|-damage|p2a: Jormungand|212\/394
|-status|p2a: Jormungand|brn
|move|p2a: Jormungand|Rest|p2a: Jormungand
|-status|p2a: Jormungand|slp
|-heal|p2a: Jormungand|394\/394 slp|[silent]
|-status|p2a: Jormungand|slp|[from] move: Rest
|
|turn|21
|
|move|p1a: Vaporwave|Scald|p2a: Jormungand
|-resisted|p2a: Jormungand
|-damage|p2a: Jormungand|358\/394 slp
|cant|p2a: Jormungand|slp
|move|p2a: Jormungand|Sleep Talk|p2a: Jormungand
|move|p2a: Jormungand|Rest|p2a: Jormungand|[from]Sleep Talk
|-fail|p2a: Jormungand
|
|-heal|p2a: Jormungand|382\/394 slp|[from] item: Leftovers
|turn|22
|
|move|p1a: Vaporwave|Scald|p2a: Jormungand
|-resisted|p2a: Jormungand
|-damage|p2a: Jormungand|346\/394 slp
|cant|p2a: Jormungand|slp
|move|p2a: Jormungand|Sleep Talk|p2a: Jormungand
|move|p2a: Jormungand|Dragon Tail|p1a: Vaporwave|[from]Sleep Talk
|-damage|p1a: Vaporwave|380\/464
|drag|p1a: Hydra|Hydreigon, F, shiny|133\/325 brn
|-damage|p1a: Hydra|93\/325 brn|[from] Stealth Rock
|
|-heal|p2a: Jormungand|370\/394 slp|[from] item: Leftovers
|-damage|p1a: Hydra|53\/325 brn|[from] brn
|turn|23
|
|move|p1a: Hydra|Roost|p1a: Hydra
|-heal|p1a: Hydra|216\/325 brn
|-curestatus|p2a: Jormungand|slp
|move|p2a: Jormungand|Dragon Tail|p1a: Hydra
|-supereffective|p1a: Hydra
|-damage|p1a: Hydra|148\/325 brn
|drag|p1a: Spike|Aerodactyl, M|301\/301
|-damage|p1a: Spike|226\/301|[from] Stealth Rock
|-ability|p1a: Spike|Unnerve|p2: NeryW
|
|-heal|p2a: Jormungand|394\/394|[from] item: Leftovers
|turn|24
|
|switch|p1a: Vaporwave|Vaporeon, M|380\/464
|-damage|p1a: Vaporwave|322\/464|[from] Stealth Rock
|move|p2a: Jormungand|Scald|p1a: Vaporwave
|-heal|p1a: Vaporwave|438\/464|[from] ability: Water Absorb|[of] p2a: Jormungand
|
|turn|25
|
|move|p1a: Vaporwave|Wish|p1a: Vaporwave
|move|p2a: Jormungand|Dragon Tail|p1a: Vaporwave
|-damage|p1a: Vaporwave|410\/464
|drag|p1a: Hydra|Hydreigon, F, shiny|148\/325 brn
|-damage|p1a: Hydra|108\/325 brn|[from] Stealth Rock
|
|-damage|p1a: Hydra|68\/325 brn|[from] brn
|turn|26
|
|move|p1a: Hydra|Roost|p1a: Hydra
|-heal|p1a: Hydra|231\/325 brn
|move|p2a: Jormungand|Dragon Tail|p1a: Hydra
|-supereffective|p1a: Hydra
|-damage|p1a: Hydra|163\/325 brn
|drag|p1a: Screamo|Meloetta|181\/404
|-damage|p1a: Screamo|131\/404|[from] Stealth Rock
|
|-heal|p1a: Screamo|363\/404|[from] move: Wish|[wisher] Vaporwave
|turn|27
|
|move|p1a: Screamo|Hyper Voice|p2a: Jormungand
|-damage|p2a: Jormungand|271\/394
|move|p2a: Jormungand|Dragon Tail|p1a: Screamo
|-damage|p1a: Screamo|328\/404
|drag|p1a: Spike|Aerodactyl, M|226\/301
|-damage|p1a: Spike|151\/301|[from] Stealth Rock
|-ability|p1a: Spike|Unnerve|p2: NeryW
|
|-heal|p2a: Jormungand|295\/394|[from] item: Leftovers
|turn|28
|
|switch|p1a: Vaporwave|Vaporeon, M|410\/464
|-damage|p1a: Vaporwave|352\/464|[from] Stealth Rock
|move|p2a: Jormungand|Dragon Tail|p1a: Vaporwave
|-damage|p1a: Vaporwave|322\/464
|drag|p1a: Screamo|Meloetta|328\/404
|-damage|p1a: Screamo|278\/404|[from] Stealth Rock
|
|-heal|p2a: Jormungand|319\/394|[from] item: Leftovers
|turn|29
|
|move|p1a: Screamo|Hyper Voice|p2a: Jormungand
|-damage|p2a: Jormungand|192\/394
|move|p2a: Jormungand|Dragon Tail|p1a: Screamo
|-damage|p1a: Screamo|245\/404
|drag|p1a: Hydra|Hydreigon, F, shiny|163\/325 brn
|-damage|p1a: Hydra|123\/325 brn|[from] Stealth Rock
|
|-heal|p2a: Jormungand|216\/394|[from] item: Leftovers
|-damage|p1a: Hydra|83\/325 brn|[from] brn
|turn|30
|
|move|p1a: Hydra|Draco Meteor|p2a: Jormungand
|-damage|p2a: Jormungand|63\/394
|-unboost|p1a: Hydra|spa|2
|-damage|p1a: Hydra|51\/325 brn|[from] item: Life Orb
|move|p2a: Jormungand|Dragon Tail|p1a: Hydra|[miss]
|-miss|p2a: Jormungand|p1a: Hydra
|
|-heal|p2a: Jormungand|87\/394|[from] item: Leftovers
|-damage|p1a: Hydra|11\/325 brn|[from] brn
|turn|31
|
|switch|p2a: Stonehenge|Carbink, shiny|135\/304
|move|p1a: Hydra|Superpower|p2a: Stonehenge
|-damage|p2a: Stonehenge|93\/304
|-unboost|p1a: Hydra|atk|1
|-unboost|p1a: Hydra|def|1
|-damage|p1a: Hydra|0 fnt|[from] item: Life Orb
|faint|p1a: Hydra
|
|-heal|p2a: Stonehenge|112\/304|[from] item: Leftovers
|
|switch|p1a: Screamo|Meloetta|245\/404
|-damage|p1a: Screamo|195\/404|[from] Stealth Rock
|turn|32
|
|move|p1a: Screamo|Charge Beam|p2a: Stonehenge
|-damage|p2a: Stonehenge|64\/304
|-boost|p1a: Screamo|spa|1
|move|p2a: Stonehenge|Moonblast|p1a: Screamo
|-damage|p1a: Screamo|159\/404
|-unboost|p1a: Screamo|spa|1
|
|-heal|p2a: Stonehenge|83\/304|[from] item: Leftovers
|turn|33
|
|move|p1a: Screamo|Charge Beam|p2a: Stonehenge
|-damage|p2a: Stonehenge|41\/304
|-boost|p1a: Screamo|spa|1
|move|p2a: Stonehenge|Power Gem|p1a: Screamo
|-damage|p1a: Screamo|132\/404
|
|-heal|p2a: Stonehenge|60\/304|[from] item: Leftovers
|turn|34
|
|move|p1a: Screamo|Charge Beam|p2a: Stonehenge
|-damage|p2a: Stonehenge|0 fnt
|-boost|p1a: Screamo|spa|1
|faint|p2a: Stonehenge
|
|
|switch|p2a: Sting|Drapion, F|282\/282
|turn|35
|
|switch|p1a: Vaporwave|Vaporeon, M|322\/464
|-damage|p1a: Vaporwave|264\/464|[from] Stealth Rock
|move|p2a: Sting|Knock Off|p1a: Vaporwave
|-damage|p1a: Vaporwave|59\/464
|-enditem|p1a: Vaporwave|Choice Scarf|[from] move: Knock Off|[of] p2a: Sting
|
|turn|36
|
|move|p2a: Sting|Knock Off|p1a: Vaporwave
|-damage|p1a: Vaporwave|0 fnt
|faint|p1a: Vaporwave
|
|
|switch|p1a: Spike|Aerodactyl, M|151\/301
|-damage|p1a: Spike|76\/301|[from] Stealth Rock
|-ability|p1a: Spike|Unnerve|p2: NeryW
|turn|37
|
|detailschange|p1a: Spike|Aerodactyl-Mega, M
|message|Aerodactyl has Mega Evolved into Mega Aerodactyl!
|move|p1a: Spike|Earthquake|p2a: Sting
|-supereffective|p2a: Sting
|-damage|p2a: Sting|44\/282
|move|p2a: Sting|Knock Off|p1a: Spike
|-damage|p1a: Spike|0 fnt
|faint|p1a: Spike
|
|
|switch|p1a: Screamo|Meloetta|132\/404
|-damage|p1a: Screamo|82\/404|[from] Stealth Rock
|turn|38
|
|move|p2a: Sting|Knock Off|p1a: Screamo
|-crit|p1a: Screamo
|-supereffective|p1a: Screamo
|-damage|p1a: Screamo|0 fnt
|-enditem|p1a: Screamo|Assault Vest|[from] move: Knock Off|[of] p2a: Sting
|faint|p1a: Screamo
|
|win|NeryW
|raw|Ladder updating...
|raw|Geobrodude's rating: 1315 &rarr; <strong>1293<\/strong><br \/>(-22 for losing)
|raw|NeryW's rating: 1278 &rarr; <strong>1305<\/strong><br \/>(+27 for winning)
|c|âGeobrodude|gg
|c|âNeryW|gg
|leave|Geobrodude
|player|p1