|join|Cobb
|join|Geobrodude
|player|p1|Cobb|161
|player|p2|Geobrodude|65
|gametype|singles
|gen|6
|tier|UU
|rated
|rule|Sleep Clause Mod: Limit one foe put to sleep
|rule|Species Clause: Limit one of each PokÃ©mon
|rule|OHKO Clause: OHKO moves are banned
|rule|Moody Clause: Moody is banned
|rule|Evasion Moves Clause: Evasion moves are banned
|rule|Endless Battle Clause: Forcing endless battles is banned
|rule|HP Percentage Mod: HP is shown in percentages
|clearpoke
|poke|p1|Darmanitan, M
|poke|p1|Galvantula, F
|poke|p1|Mienshao, M
|poke|p1|Blastoise, F
|poke|p1|Nidoking, M
|poke|p1|Blissey, F
|poke|p2|Infernape, M
|poke|p2|Flygon, M
|poke|p2|Aerodactyl, M
|poke|p2|Rotom
|poke|p2|Whimsicott, M
|poke|p2|Snorlax, M
|rule|Swagger Clause: Swagger is banned
|rule|Baton Pass Clause: Limit one PokÃ©mon knowing Baton Pass
|teampreview
|
|start
|switch|p1a: Galvantula|Galvantula, F|281\/281
|switch|p2a: Scott|Whimsicott, M|261\/261
|turn|1
|
|move|p2a: Scott|Taunt|p1a: Galvantula
|-start|p1a: Galvantula|move: Taunt
|cant|p1a: Galvantula|move: Taunt|Sticky Web
|
|turn|2
|
|move|p1a: Galvantula|Bug Buzz|p2a: Scott
|-damage|p2a: Scott|99\/261
|move|p2a: Scott|Moonblast|p1a: Galvantula
|-damage|p1a: Galvantula|7\/281
|-damage|p2a: Scott|73\/261|[from] item: Life Orb
|
|turn|3
|
|switch|p2a: Big Chill|Snorlax, M|524\/524
|move|p1a: Galvantula|Bug Buzz|p2a: Big Chill
|-damage|p2a: Big Chill|440\/524
|
|-end|p1a: Galvantula|move: Taunt
|turn|4
|
|move|p1a: Galvantula|Sticky Web|p2a: Big Chill
|-sidestart|p2: Geobrodude|move: Sticky Web
|move|p2a: Big Chill|Pursuit|p1a: Galvantula
|-damage|p1a: Galvantula|0 fnt
|faint|p1a: Galvantula
|
|
|switch|p1a: Darmanitan|Darmanitan, M|351\/351
|turn|5
|
|move|p1a: Darmanitan|Superpower|p2a: Big Chill
|-supereffective|p2a: Big Chill
|-damage|p2a: Big Chill|0 fnt
|-unboost|p1a: Darmanitan|atk|1
|-unboost|p1a: Darmanitan|def|1
|faint|p2a: Big Chill
|
|
|switch|p2a: Fry|Flygon, M|364\/364
|turn|6
|
|switch|p1a: Blissey|Blissey, F|714\/714
|move|p2a: Fry|Defog|p1a: Blissey
|-unboost|p1a: Blissey|evasion|1
|-sideend|p2: Geobrodude|Sticky Web|[from] move: Defog|[of] p2a: Fry
|
|turn|7
|
|move|p2a: Fry|Dragon Claw|p1a: Blissey
|-damage|p1a: Blissey|543\/714
|move|p1a: Blissey|Toxic|p2a: Fry
|-status|p2a: Fry|tox
|
|-heal|p1a: Blissey|587\/714|[from] item: Leftovers
|-damage|p2a: Fry|342\/364 tox|[from] psn
|turn|8
|
|move|p2a: Fry|U-turn|p1a: Blissey
|-damage|p1a: Blissey|488\/714
|
|switch|p2a: Business|Infernape, M|293\/293
|move|p1a: Blissey|Wish|p1a: Blissey
|
|-heal|p1a: Blissey|532\/714|[from] item: Leftovers
|turn|9
|
|switch|p1a: Blastoise|Blastoise, F|362\/362
|move|p2a: Business|Grass Knot|p1a: Blastoise
|-supereffective|p1a: Blastoise
|-damage|p1a: Blastoise|193\/362
|-damage|p2a: Business|264\/293|[from] item: Life Orb
|
|-heal|p1a: Blastoise|362\/362|[from] move: Wish|[wisher] Blissey
|turn|10
|
|switch|p2a: Scott|Whimsicott, M|73\/261
|detailschange|p1a: Blastoise|Blastoise-Mega, F
|message|Blastoise has Mega Evolved into Mega Blastoise!
|move|p1a: Blastoise|Hydro Pump|p2a: Scott
|-resisted|p2a: Scott
|-damage|p2a: Scott|0 fnt
|faint|p2a: Scott
|
|
|switch|p2a: Zipp|Rotom|241\/241
|turn|11
|
|switch|p1a: Blissey|Blissey, F|532\/714
|move|p2a: Zipp|Volt Switch|p1a: Blissey
|-damage|p1a: Blissey|459\/714
|
|switch|p2a: Business|Infernape, M|264\/293
|
|-heal|p1a: Blissey|503\/714|[from] item: Leftovers
|turn|12
|
|move|p2a: Business|Close Combat|p1a: Blissey
|-supereffective|p1a: Blissey
|-damage|p1a: Blissey|0 fnt
|-unboost|p2a: Business|def|1
|-unboost|p2a: Business|spd|1
|-damage|p2a: Business|235\/293|[from] item: Life Orb
|faint|p1a: Blissey
|
|
|switch|p1a: Blastoise|Blastoise-Mega, F|362\/362
|turn|13
|
|move|p2a: Business|Close Combat|p1a: Blastoise
|-crit|p1a: Blastoise
|-damage|p1a: Blastoise|53\/362
|-unboost|p2a: Business|def|1
|-unboost|p2a: Business|spd|1
|-damage|p2a: Business|206\/293|[from] item: Life Orb
|move|p1a: Blastoise|Hydro Pump|p2a: Business
|-supereffective|p2a: Business
|-damage|p2a: Business|0 fnt
|faint|p2a: Business
|
|
|switch|p2a: Zipp|Rotom|241\/241
|turn|14
|
|switch|p1a: Nidoking|Nidoking, M|304\/304
|move|p2a: Zipp|Shadow Ball|p1a: Nidoking
|-damage|p1a: Nidoking|165\/304
|
|turn|15
|
|switch|p1a: Blastoise|Blastoise-Mega, F|53\/362
|move|p2a: Zipp|Shadow Ball|p1a: Blastoise
|-damage|p1a: Blastoise|0 fnt
|faint|p1a: Blastoise
|
|
|switch|p1a: Darmanitan|Darmanitan, M|351\/351
|turn|16
|
|move|p2a: Zipp|Shadow Ball|p1a: Darmanitan
|-damage|p1a: Darmanitan|182\/351
|-unboost|p1a: Darmanitan|spd|1
|move|p1a: Darmanitan|Flare Blitz|p2a: Zipp
|-damage|p2a: Zipp|0 fnt
|-damage|p1a: Darmanitan|102\/351|[from] recoil|[of] p2a: Zipp
|faint|p2a: Zipp
|
|
|switch|p2a: Fry|Flygon, M|342\/364 tox
|turn|17
|
|move|p1a: Darmanitan|Flare Blitz|p2a: Fry
|-resisted|p2a: Fry
|-damage|p2a: Fry|174\/364 tox
|-damage|p1a: Darmanitan|47\/351|[from] recoil|[of] p2a: Fry
|move|p2a: Fry|Dragon Claw|p1a: Darmanitan
|-damage|p1a: Darmanitan|0 fnt
|faint|p1a: Darmanitan
|
|-heal|p2a: Fry|196\/364 tox|[from] item: Leftovers
|-damage|p2a: Fry|174\/364 tox|[from] psn
|
|switch|p1a: Mienshao|Mienshao, M|271\/271
|turn|18
|
|move|p1a: Mienshao|Fake Out|p2a: Fry
|-damage|p2a: Fry|122\/364 tox
|-damage|p1a: Mienshao|244\/271|[from] item: Life Orb
|cant|p2a: Fry|flinch
|
|-heal|p2a: Fry|144\/364 tox|[from] item: Leftovers
|-damage|p2a: Fry|100\/364 tox|[from] psn
|turn|19
|
|switch|p1a: Nidoking|Nidoking, M|165\/304
|move|p2a: Fry|U-turn|p1a: Nidoking
|-resisted|p1a: Nidoking
|-damage|p1a: Nidoking|131\/304
|
|switch|p2a: Spike|Aerodactyl, M|301\/301
|-ability|p2a: Spike|Unnerve|p1: Cobb
|
|turn|20
|
|detailschange|p2a: Spike|Aerodactyl-Mega, M
|message|Aerodactyl has Mega Evolved into Mega Aerodactyl!
|move|p2a: Spike|Earthquake|p1a: Nidoking
|-supereffective|p1a: Nidoking
|-damage|p1a: Nidoking|0 fnt
|faint|p1a: Nidoking
|
|
|switch|p1a: Mienshao|Mienshao, M|271\/271
|turn|21
|
|move|p1a: Mienshao|Fake Out|p2a: Spike
|-crit|p2a: Spike
|-resisted|p2a: Spike
|-damage|p2a: Spike|246\/301
|-damage|p1a: Mienshao|244\/271|[from] item: Life Orb
|cant|p2a: Spike|flinch
|
|turn|22
|
|move|p2a: Spike|Aerial Ace|p1a: Mienshao
|-supereffective|p1a: Mienshao
|-damage|p1a: Mienshao|0 fnt
|faint|p1a: Mienshao
|
|win|Geobrodude
|raw|Ladder updating...
|raw|Cobb's rating: 1400 &rarr; <strong>1374<\/strong><br \/>(-26 for losing)
|raw|Geobrodude's rating: 1300 &rarr; <strong>1326<\/strong><br \/>(+26 for winning)
|leave|Cobb
|player|p1
|leave|Geobrodude
|player|p2