|join|Geobrodude
|join|Bring Back Benoit
|player|p1|Geobrodude|195
|player|p2|Bring Back Benoit|265
|gametype|singles
|gen|6
|tier|UU
|rated
|rule|Sleep Clause Mod: Limit one foe put to sleep
|rule|Species Clause: Limit one of each PokÃ©mon
|rule|OHKO Clause: OHKO moves are banned
|rule|Moody Clause: Moody is banned
|rule|Evasion Moves Clause: Evasion moves are banned
|rule|Endless Battle Clause: Forcing endless battles is banned
|rule|HP Percentage Mod: HP is shown in percentages
|clearpoke
|poke|p1|Infernape, M
|poke|p1|Skuntank, M
|poke|p1|Meloetta
|poke|p1|Aerodactyl, M
|poke|p1|Vaporeon, M
|poke|p1|Hydreigon, F, shiny
|poke|p2|Galvantula, M
|poke|p2|Suicune
|poke|p2|Porygon-Z
|poke|p2|Darmanitan, M
|poke|p2|Donphan, F
|poke|p2|Goodra, F
|rule|Swagger Clause: Swagger is banned
|rule|Baton Pass Clause: Limit one PokÃ©mon knowing Baton Pass
|teampreview
|
|start
|switch|p1a: Tank|Skuntank, M|410\/410
|switch|p2a: Galvantula|Galvantula, M|344\/344
|turn|1
|
|move|p2a: Galvantula|Thunder Wave|p1a: Tank
|-status|p1a: Tank|par
|move|p1a: Tank|Poison Jab|p2a: Galvantula
|-damage|p2a: Galvantula|170\/344
|
|turn|2
|
|move|p2a: Galvantula|Sticky Web|p1a: Tank
|-sidestart|p1: Geobrodude|move: Sticky Web
|cant|p1a: Tank|par
|
|turn|3
|
|move|p2a: Galvantula|Volt Switch|p1a: Tank
|-damage|p1a: Tank|287\/410 par
|
|switch|p2a: Donphan|Donphan, F|384\/384
|move|p1a: Tank|Poison Jab|p2a: Donphan
|-resisted|p2a: Donphan
|-damage|p2a: Donphan|348\/384
|
|-heal|p2a: Donphan|372\/384|[from] item: Leftovers
|-heal|p1a: Tank|312\/410 par|[from] item: Black Sludge
|turn|4
|
|move|p2a: Donphan|Stealth Rock|p1a: Tank
|-sidestart|p1: Geobrodude|move: Stealth Rock
|move|p1a: Tank|Defog|p2a: Donphan
|-unboost|p2a: Donphan|evasion|1
|-sideend|p1: Geobrodude|Stealth Rock|[from] move: Defog|[of] p1a: Tank
|-sideend|p1: Geobrodude|Sticky Web|[from] move: Defog|[of] p1a: Tank
|
|-heal|p2a: Donphan|384\/384|[from] item: Leftovers
|-heal|p1a: Tank|337\/410 par|[from] item: Black Sludge
|turn|5
|
|switch|p1a: Vaporwave|Vaporeon, M|464\/464
|move|p2a: Donphan|Earthquake|p1a: Vaporwave
|-damage|p1a: Vaporwave|329\/464
|
|-heal|p1a: Vaporwave|358\/464|[from] item: Leftovers
|turn|6
|
|switch|p2a: Suicune|Suicune|404\/404
|-ability|p2a: Suicune|Pressure
|move|p1a: Vaporwave|Scald|p2a: Suicune
|-resisted|p2a: Suicune
|-damage|p2a: Suicune|358\/404
|
|-heal|p1a: Vaporwave|387\/464|[from] item: Leftovers
|turn|7
|
|move|p2a: Suicune|Calm Mind|p2a: Suicune
|-boost|p2a: Suicune|spa|1
|-boost|p2a: Suicune|spd|1
|move|p1a: Vaporwave|Heal Bell|p1a: Vaporwave
|-cureteam|p1a: Vaporwave|[from] move: HealBell
|
|-heal|p1a: Vaporwave|416\/464|[from] item: Leftovers
|turn|8
|
|move|p2a: Suicune|Calm Mind|p2a: Suicune
|-boost|p2a: Suicune|spa|1
|-boost|p2a: Suicune|spd|1
|move|p1a: Vaporwave|Roar|p2a: Suicune
|drag|p2a: Porygon-Z|Porygon-Z|312\/312
|
|-heal|p1a: Vaporwave|445\/464|[from] item: Leftovers
|turn|9
|c|âBring Back Benoit|damn
|
|move|p2a: Porygon-Z|Tri Attack|p1a: Vaporwave
|-damage|p1a: Vaporwave|121\/464
|move|p1a: Vaporwave|Scald|p2a: Porygon-Z
|-damage|p2a: Porygon-Z|173\/312
|-status|p2a: Porygon-Z|brn
|
|-heal|p1a: Vaporwave|150\/464|[from] item: Leftovers
|-damage|p2a: Porygon-Z|134\/312 brn|[from] brn
|turn|10
|c|âGeobrodude|yeah
|c|âGeobrodude|without the roar toxicroak wrecks this set
|
|switch|p1a: Screamo|Meloetta|404\/404
|move|p2a: Porygon-Z|Tri Attack|p1a: Screamo
|-damage|p1a: Screamo|242\/404
|
|-damage|p2a: Porygon-Z|95\/312 brn|[from] brn
|turn|11
|c|âGeobrodude|ow
|c|âGeobrodude|specs
|
|switch|p1a: Vaporwave|Vaporeon, M|150\/464
|move|p2a: Porygon-Z|Tri Attack|p1a: Vaporwave
|-damage|p1a: Vaporwave|0 fnt
|faint|p1a: Vaporwave
|
|-damage|p2a: Porygon-Z|56\/312 brn|[from] brn
|
|switch|p1a: Business|Infernape, M|293\/293
|turn|12
|
|switch|p2a: Donphan|Donphan, F|384\/384
|move|p1a: Business|Mach Punch|p2a: Donphan
|-crit|p2a: Donphan
|-damage|p2a: Donphan|297\/384
|-damage|p1a: Business|264\/293|[from] item: Life Orb
|
|-heal|p2a: Donphan|321\/384|[from] item: Leftovers
|turn|13
|
|move|p1a: Business|Grass Knot|p2a: Donphan
|-supereffective|p2a: Donphan
|-damage|p2a: Donphan|0 fnt
|-damage|p1a: Business|235\/293|[from] item: Life Orb
|faint|p2a: Donphan
|
|c|âBring Back Benoit|ouch
|
|switch|p2a: Darmanitan|Darmanitan, M|414\/414
|turn|14
|
|switch|p1a: Tank|Skuntank, M|337\/410
|move|p2a: Darmanitan|Earthquake|p1a: Tank
|-supereffective|p1a: Tank
|-damage|p1a: Tank|0 fnt
|-damage|p2a: Darmanitan|373\/414|[from] item: Life Orb
|faint|p1a: Tank
|
|
|switch|p1a: Spike|Aerodactyl, M|301\/301
|-ability|p1a: Spike|Unnerve|p2: Bring Back Benoit
|turn|15
|
|detailschange|p1a: Spike|Aerodactyl-Mega, M
|message|Aerodactyl has Mega Evolved into Mega Aerodactyl!
|move|p1a: Spike|Earthquake|p2a: Darmanitan
|-supereffective|p2a: Darmanitan
|-damage|p2a: Darmanitan|0 fnt
|faint|p2a: Darmanitan
|
|
|switch|p2a: Suicune|Suicune|358\/404
|-ability|p2a: Suicune|Pressure
|turn|16
|
|switch|p1a: Screamo|Meloetta|242\/404
|move|p2a: Suicune|Scald|p1a: Screamo
|-damage|p1a: Screamo|193\/404
|-status|p1a: Screamo|brn
|
|-damage|p1a: Screamo|143\/404 brn|[from] brn
|turn|17
|
|move|p1a: Screamo|Charge Beam|p2a: Suicune
|-supereffective|p2a: Suicune
|-damage|p2a: Suicune|252\/404
|-boost|p1a: Screamo|spa|1
|move|p2a: Suicune|Calm Mind|p2a: Suicune
|-boost|p2a: Suicune|spa|1
|-boost|p2a: Suicune|spd|1
|
|-damage|p1a: Screamo|93\/404 brn|[from] brn
|turn|18
|
|move|p1a: Screamo|Hyper Voice|p2a: Suicune
|-damage|p2a: Suicune|96\/404
|move|p2a: Suicune|Calm Mind|p2a: Suicune
|-boost|p2a: Suicune|spa|1
|-boost|p2a: Suicune|spd|1
|
|-damage|p1a: Screamo|43\/404 brn|[from] brn
|turn|19
|
|move|p1a: Screamo|Hyper Voice|p2a: Suicune
|-damage|p2a: Suicune|0 fnt
|faint|p2a: Suicune
|
|-damage|p1a: Screamo|0 fnt|[from] brn
|faint|p1a: Screamo
|
|switch|p1a: Spike|Aerodactyl-Mega, M|301\/301
|switch|p2a: Galvantula|Galvantula, M|170\/344
|turn|20
|c|âBring Back Benoit|gg
|
|move|p1a: Spike|Aerial Ace|p2a: Galvantula
|-damage|p2a: Galvantula|0 fnt
|faint|p2a: Galvantula
|
|c|âGeobrodude|gg
|
|switch|p2a: Goodra|Goodra, F|384\/384
|turn|21
|
|move|p1a: Spike|Aerial Ace|p2a: Goodra
|-damage|p2a: Goodra|147\/384
|-unboost|p1a: Spike|spe|1
|move|p2a: Goodra|Ice Beam|p1a: Spike
|-supereffective|p1a: Spike
|-damage|p1a: Spike|67\/301
|
|turn|22
|
|move|p1a: Spike|Aerial Ace|p2a: Goodra
|-damage|p2a: Goodra|0 fnt
|-unboost|p1a: Spike|spe|1
|faint|p2a: Goodra
|
|
|switch|p2a: Porygon-Z|Porygon-Z|56\/312 brn
|turn|23
|
|move|p2a: Porygon-Z|Tri Attack|p1a: Spike
|-resisted|p1a: Spike
|-damage|p1a: Spike|0 fnt
|faint|p1a: Spike
|
|-damage|p2a: Porygon-Z|17\/312 brn|[from] brn
|
|switch|p1a: Business|Infernape, M|235\/293
|turn|24
|
|move|p1a: Business|Mach Punch|p2a: Porygon-Z
|-supereffective|p2a: Porygon-Z
|-damage|p2a: Porygon-Z|0 fnt
|-damage|p1a: Business|206\/293|[from] item: Life Orb
|faint|p2a: Porygon-Z
|
|win|Geobrodude
|raw|Ladder updating...
|raw|Geobrodude's rating: 1379 &rarr; <strong>1394<\/strong><br \/>(+15 for winning)
|raw|Bring Back Benoit's rating: 1288 &rarr; <strong>1269<\/strong><br \/>(-19 for losing)
|leave|Bring Back Benoit
|player|p2