|join|Geobrodude
|join|LASHLEY 93
|player|p1|Geobrodude|76
|player|p2|LASHLEY 93|102
|gametype|singles
|gen|6
|tier|UU
|rated
|rule|Sleep Clause Mod: Limit one foe put to sleep
|rule|Species Clause: Limit one of each PokÃ©mon
|rule|OHKO Clause: OHKO moves are banned
|rule|Moody Clause: Moody is banned
|rule|Evasion Moves Clause: Evasion moves are banned
|rule|Endless Battle Clause: Forcing endless battles is banned
|rule|HP Percentage Mod: HP is shown in percentages
|clearpoke
|poke|p1|Aerodactyl, M
|poke|p1|Shaymin
|poke|p1|Entei, shiny
|poke|p1|Toxicroak, M
|poke|p1|Forretress, M
|poke|p1|Granbull, M
|poke|p2|Medicham, M
|poke|p2|Suicune, shiny
|poke|p2|Krookodile, M
|poke|p2|Jirachi, shiny
|poke|p2|Crobat, M
|poke|p2|Chandelure, M
|rule|Swagger Clause: Swagger is banned
|rule|Baton Pass Clause: Limit one PokÃ©mon knowing Baton Pass
|teampreview
|c|âGeobrodude|gl hf
|
|start
|switch|p1a: Hardcase|Forretress, M|354\/354
|switch|p2a: Jirachi|Jirachi, shiny|380\/380
|turn|1
|
|move|p2a: Jirachi|Substitute|p2a: Jirachi
|-start|p2a: Jirachi|Substitute
|-damage|p2a: Jirachi|285\/380
|move|p1a: Hardcase|Stealth Rock|p2a: Jirachi
|-sidestart|p2: LASHLEY 93|move: Stealth Rock
|
|-heal|p2a: Jirachi|308\/380|[from] item: Leftovers
|turn|2
|
|switch|p1a: Snake|Entei, shiny|371\/371
|-ability|p1a: Snake|Pressure
|move|p2a: Jirachi|Calm Mind|p2a: Jirachi
|-boost|p2a: Jirachi|spa|1
|-boost|p2a: Jirachi|spd|1
|
|-heal|p2a: Jirachi|331\/380|[from] item: Leftovers
|turn|3
|
|move|p1a: Snake|Flare Blitz|p2a: Jirachi
|-supereffective|p2a: Jirachi
|-end|p2a: Jirachi|Substitute
|-damage|p1a: Snake|340\/371|[from] recoil|[of] p2a: Jirachi
|move|p2a: Jirachi|Psyshock|p1a: Snake
|-damage|p1a: Snake|169\/371
|
|-heal|p2a: Jirachi|354\/380|[from] item: Leftovers
|turn|4
|
|switch|p1a: Spike|Aerodactyl, M|301\/301
|-ability|p1a: Spike|Unnerve|p2: LASHLEY 93
|switch|p2a: NWO BABY|Krookodile, M|331\/331
|-damage|p2a: NWO BABY|311\/331|[from] Stealth Rock
|-ability|p2a: NWO BABY|Intimidate|[of] p1a: Spike
|-unboost|p1a: Spike|atk|1
|
|turn|5
|
|switch|p1a: Chum|Granbull, M|384\/384
|-ability|p1a: Chum|Intimidate|[of] p2a: NWO BABY
|-unboost|p2a: NWO BABY|atk|1
|switch|p2a: REY|Suicune, shiny|373\/373
|-damage|p2a: REY|327\/373|[from] Stealth Rock
|-ability|p2a: REY|Pressure
|
|-heal|p2a: REY|350\/373|[from] item: Leftovers
|turn|6
|
|switch|p1a: Pimple|Toxicroak, M|307\/307
|move|p2a: REY|Scald|p1a: Pimple
|-immune|p1a: Pimple|[msg]
|
|-heal|p2a: REY|373\/373|[from] item: Leftovers
|turn|7
|
|switch|p1a: Spike|Aerodactyl, M|301\/301
|-ability|p1a: Spike|Unnerve|p2: LASHLEY 93
|switch|p2a: XTREME TIGER|Crobat, M|343\/343
|-damage|p2a: XTREME TIGER|258\/343|[from] Stealth Rock
|
|-heal|p2a: XTREME TIGER|279\/343|[from] item: Black Sludge
|turn|8
|
|switch|p2a: NWO BABY|Krookodile, M|311\/331
|-damage|p2a: NWO BABY|291\/331|[from] Stealth Rock
|-ability|p2a: NWO BABY|Intimidate|[of] p1a: Spike
|-unboost|p1a: Spike|atk|1
|detailschange|p1a: Spike|Aerodactyl-Mega, M
|-mega|p1a: Spike|Aerodactyl|Aerodactylite
|move|p1a: Spike|Stone Edge|p2a: NWO BABY
|-resisted|p2a: NWO BABY
|-damage|p2a: NWO BABY|207\/331
|
|turn|9
|
|move|p1a: Spike|Aerial Ace|p2a: NWO BABY
|-damage|p2a: NWO BABY|75\/331
|move|p2a: NWO BABY|Knock Off|p1a: Spike
|-damage|p1a: Spike|165\/301
|
|turn|10
|
|switch|p2a: REY|Suicune, shiny|373\/373
|-damage|p2a: REY|327\/373|[from] Stealth Rock
|-ability|p2a: REY|Pressure
|move|p1a: Spike|Aerial Ace|p2a: REY
|-damage|p2a: REY|240\/373
|
|-heal|p2a: REY|263\/373|[from] item: Leftovers
|turn|11
|
|move|p1a: Spike|Roost|p1a: Spike
|-heal|p1a: Spike|301\/301
|move|p2a: REY|Substitute|p2a: REY
|-start|p2a: REY|Substitute
|-damage|p2a: REY|170\/373
|
|-heal|p2a: REY|193\/373|[from] item: Leftovers
|turn|12
|
|switch|p1a: Pimple|Toxicroak, M|307\/307
|move|p2a: REY|Ice Beam|p1a: Pimple
|-damage|p1a: Pimple|191\/307
|-status|p1a: Pimple|frz
|
|-heal|p2a: REY|216\/373|[from] item: Leftovers
|turn|13
|c|âGeobrodude|pls
|
|switch|p1a: Chum|Granbull, M|384\/384
|-activate|p2a: REY|Substitute|ability: Intimidate|[of] p1a: Chum
|move|p2a: REY|Ice Beam|p1a: Chum
|-damage|p1a: Chum|264\/384
|
|-heal|p2a: REY|239\/373|[from] item: Leftovers
|-heal|p1a: Chum|288\/384|[from] item: Leftovers
|turn|14
|
|move|p2a: REY|Calm Mind|p2a: REY
|-boost|p2a: REY|spa|1
|-boost|p2a: REY|spd|1
|move|p1a: Chum|Play Rough|p2a: REY
|-end|p2a: REY|Substitute
|
|-heal|p2a: REY|262\/373|[from] item: Leftovers
|-heal|p1a: Chum|312\/384|[from] item: Leftovers
|turn|15
|
|switch|p1a: Pimple|Toxicroak, M|191\/307 frz
|move|p2a: REY|Scald|p1a: Pimple
|-heal|p1a: Pimple|267\/307 frz|[from] ability: Dry Skin|[of] p2a: REY
|
|-heal|p2a: REY|285\/373|[from] item: Leftovers
|turn|16
|
|cant|p1a: Pimple|frz
|move|p2a: REY|Ice Beam|p1a: Pimple
|-damage|p1a: Pimple|94\/307 frz
|
|-heal|p2a: REY|308\/373|[from] item: Leftovers
|turn|17
|
|cant|p1a: Pimple|frz
|move|p2a: REY|Ice Beam|p1a: Pimple
|-damage|p1a: Pimple|0 fnt
|faint|p1a: Pimple
|
|-heal|p2a: REY|331\/373|[from] item: Leftovers
|
|switch|p1a: Weedl|Shaymin|341\/341
|turn|18
|
|switch|p2a: XTREME TIGER|Crobat, M|279\/343
|-damage|p2a: XTREME TIGER|194\/343|[from] Stealth Rock
|move|p1a: Weedl|Seed Flare|p2a: XTREME TIGER
|-resisted|p2a: XTREME TIGER
|-damage|p2a: XTREME TIGER|140\/343
|
|-heal|p2a: XTREME TIGER|161\/343|[from] item: Black Sludge
|turn|19
|
|switch|p1a: Spike|Aerodactyl-Mega, M|301\/301
|move|p2a: XTREME TIGER|Defog|p1a: Spike
|-unboost|p1a: Spike|evasion|1
|-sideend|p2: LASHLEY 93|Stealth Rock|[from] move: Defog|[of] p2a: XTREME TIGER
|
|-heal|p2a: XTREME TIGER|182\/343|[from] item: Black Sludge
|turn|20
|
|switch|p2a: NWO BABY|Krookodile, M|75\/331
|-ability|p2a: NWO BABY|Intimidate|[of] p1a: Spike
|-unboost|p1a: Spike|atk|1
|move|p1a: Spike|Stone Edge|p2a: NWO BABY
|-resisted|p2a: NWO BABY
|-damage|p2a: NWO BABY|0 fnt
|faint|p2a: NWO BABY
|
|
|switch|p2a: REY|Suicune, shiny|331\/373
|-ability|p2a: REY|Pressure
|turn|21
|
|switch|p1a: Weedl|Shaymin|341\/341
|move|p2a: REY|Substitute|p2a: REY
|-start|p2a: REY|Substitute
|-damage|p2a: REY|238\/373
|
|-heal|p2a: REY|261\/373|[from] item: Leftovers
|turn|22
|
|move|p1a: Weedl|Seed Flare|p2a: REY
|-supereffective|p2a: REY
|-end|p2a: REY|Substitute
|move|p2a: REY|Ice Beam|p1a: Weedl
|-crit|p1a: Weedl
|-supereffective|p1a: Weedl
|-damage|p1a: Weedl|95\/341
|-status|p1a: Weedl|frz
|
|-heal|p2a: REY|284\/373|[from] item: Leftovers
|turn|23
|c|âGeobrodude|could you please
|c|âGeobrodude|;_;
|
|switch|p1a: Chum|Granbull, M|312\/384
|-ability|p1a: Chum|Intimidate|[of] p2a: REY
|-unboost|p2a: REY|atk|1
|move|p2a: REY|Ice Beam|p1a: Chum
|-damage|p1a: Chum|187\/384
|-status|p1a: Chum|frz
|
|-heal|p2a: REY|307\/373|[from] item: Leftovers
|-heal|p1a: Chum|211\/384 frz|[from] item: Leftovers
|turn|24
|
|switch|p1a: Snake|Entei, shiny|169\/371
|-ability|p1a: Snake|Pressure
|move|p2a: REY|Ice Beam|p1a: Snake
|-crit|p1a: Snake
|-resisted|p1a: Snake
|-damage|p1a: Snake|88\/371
|-status|p1a: Snake|frz
|
|-heal|p2a: REY|330\/373|[from] item: Leftovers
|turn|25
|c|âGeobrodude|xD
|
|-curestatus|p1a: Snake|frz
|move|p1a: Snake|Stone Edge|p2a: REY
|-damage|p2a: REY|186\/373
|move|p2a: REY|Ice Beam|p1a: Snake
|-resisted|p1a: Snake
|-damage|p1a: Snake|36\/371
|
|-heal|p2a: REY|209\/373|[from] item: Leftovers
|turn|26
|
|move|p1a: Snake|Stone Edge|p2a: REY
|-damage|p2a: REY|54\/373
|move|p2a: REY|Scald|p1a: Snake
|-supereffective|p1a: Snake
|-damage|p1a: Snake|0 fnt
|faint|p1a: Snake
|
|-heal|p2a: REY|77\/373|[from] item: Leftovers
|
|switch|p1a: Spike|Aerodactyl-Mega, M|301\/301
|turn|27
|
|switch|p2a: XTREME TIGER|Crobat, M|182\/343
|move|p1a: Spike|Aerial Ace|p2a: XTREME TIGER
|-crit|p2a: XTREME TIGER
|-damage|p2a: XTREME TIGER|0 fnt
|faint|p2a: XTREME TIGER
|
|
|switch|p2a: TOSCANINI|Chandelure, M|261\/261
|turn|28
|
|switch|p1a: Chum|Granbull, M|211\/384 frz
|-ability|p1a: Chum|Intimidate|[of] p2a: TOSCANINI
|-unboost|p2a: TOSCANINI|atk|1
|move|p2a: TOSCANINI|Fire Blast|p1a: Chum
|-damage|p1a: Chum|0 fnt
|faint|p1a: Chum
|
|
|switch|p1a: Weedl|Shaymin|95\/341
|turn|29
|
|move|p1a: Weedl|Earth Power|p2a: TOSCANINI
|-supereffective|p2a: TOSCANINI
|-damage|p2a: TOSCANINI|63\/261
|move|p2a: TOSCANINI|Fire Blast|p1a: Weedl
|-crit|p1a: Weedl
|-supereffective|p1a: Weedl
|-damage|p1a: Weedl|0 fnt
|faint|p1a: Weedl
|
|
|switch|p1a: Spike|Aerodactyl-Mega, M|301\/301
|turn|30
|
|move|p1a: Spike|Aerial Ace|p2a: TOSCANINI
|-damage|p2a: TOSCANINI|0 fnt
|faint|p2a: TOSCANINI
|
|
|switch|p2a: Jirachi|Jirachi, shiny|354\/380
|turn|31
|
|move|p1a: Spike|Earthquake|p2a: Jirachi
|-supereffective|p2a: Jirachi
|-damage|p2a: Jirachi|132\/380
|move|p2a: Jirachi|Psyshock|p1a: Spike
|-damage|p1a: Spike|174\/301
|
|-heal|p2a: Jirachi|155\/380|[from] item: Leftovers
|turn|32
|
|move|p1a: Spike|Roost|p1a: Spike
|-heal|p1a: Spike|301\/301
|move|p2a: Jirachi|Psyshock|p1a: Spike
|-damage|p1a: Spike|183\/301
|
|-heal|p2a: Jirachi|178\/380|[from] item: Leftovers
|turn|33
|
|move|p1a: Spike|Earthquake|p2a: Jirachi
|-supereffective|p2a: Jirachi
|-damage|p2a: Jirachi|0 fnt
|faint|p2a: Jirachi
|
|
|switch|p2a: Medicham|Medicham, M|261\/261
|turn|34
|
|switch|p1a: Hardcase|Forretress, M|354\/354
|detailschange|p2a: Medicham|Medicham-Mega, M
|-mega|p2a: Medicham|Medicham|Medichamite
|move|p2a: Medicham|Ice Punch|p1a: Hardcase
|-resisted|p1a: Hardcase
|-damage|p1a: Hardcase|314\/354
|
|-heal|p1a: Hardcase|336\/354|[from] item: Leftovers
|turn|35
|
|move|p2a: Medicham|Substitute|p2a: Medicham
|-start|p2a: Medicham|Substitute
|-damage|p2a: Medicham|196\/261
|move|p1a: Hardcase|Toxic|p2a: Medicham
|
|-heal|p1a: Hardcase|354\/354|[from] item: Leftovers
|turn|36
|
|move|p2a: Medicham|High Jump Kick|p1a: Hardcase
|-damage|p1a: Hardcase|137\/354
|move|p1a: Hardcase|Gyro Ball|p2a: Medicham
|-end|p2a: Medicham|Substitute
|
|-heal|p1a: Hardcase|159\/354|[from] item: Leftovers
|turn|37
|
|move|p2a: Medicham|Substitute|p2a: Medicham
|-start|p2a: Medicham|Substitute
|-damage|p2a: Medicham|131\/261
|move|p1a: Hardcase|Gyro Ball|p2a: Medicham
|-end|p2a: Medicham|Substitute
|
|-heal|p1a: Hardcase|181\/354|[from] item: Leftovers
|turn|38
|
|move|p2a: Medicham|Substitute|p2a: Medicham
|-start|p2a: Medicham|Substitute
|-damage|p2a: Medicham|66\/261
|move|p1a: Hardcase|Gyro Ball|p2a: Medicham
|-end|p2a: Medicham|Substitute
|
|-heal|p1a: Hardcase|203\/354|[from] item: Leftovers
|turn|39
|
|switch|p2a: REY|Suicune, shiny|77\/373
|-ability|p2a: REY|Pressure
|move|p1a: Hardcase|Gyro Ball|p2a: REY
|-resisted|p2a: REY
|-damage|p2a: REY|47\/373
|
|-heal|p2a: REY|70\/373|[from] item: Leftovers
|-heal|p1a: Hardcase|225\/354|[from] item: Leftovers
|turn|40
|
|move|p2a: REY|Ice Beam|p1a: Hardcase
|-resisted|p1a: Hardcase
|-damage|p1a: Hardcase|158\/354
|move|p1a: Hardcase|Toxic|p2a: REY
|-status|p2a: REY|tox
|
|-heal|p2a: REY|93\/373 tox|[from] item: Leftovers
|-heal|p1a: Hardcase|180\/354|[from] item: Leftovers
|-damage|p2a: REY|70\/373 tox|[from] psn
|turn|41
|
|switch|p2a: Medicham|Medicham-Mega, M|66\/261
|move|p1a: Hardcase|Gyro Ball|p2a: Medicham
|-damage|p2a: Medicham|0 fnt
|faint|p2a: Medicham
|
|-heal|p1a: Hardcase|202\/354|[from] item: Leftovers
|
|switch|p2a: REY|Suicune, shiny|70\/373 tox
|-ability|p2a: REY|Pressure
|turn|42
|
|move|p2a: REY|Ice Beam|p1a: Hardcase
|-resisted|p1a: Hardcase
|-damage|p1a: Hardcase|139\/354
|-status|p1a: Hardcase|frz
|cant|p1a: Hardcase|frz
|
|-heal|p2a: REY|93\/373 tox|[from] item: Leftovers
|-heal|p1a: Hardcase|161\/354 frz|[from] item: Leftovers
|-damage|p2a: REY|70\/373 tox|[from] psn
|turn|43
|
|move|p2a: REY|Scald|p1a: Hardcase
|-damage|p1a: Hardcase|0 fnt
|faint|p1a: Hardcase
|
|-heal|p2a: REY|93\/373 tox|[from] item: Leftovers
|-damage|p2a: REY|47\/373 tox|[from] psn
|c|âGeobrodude|i mean
|
|switch|p1a: Spike|Aerodactyl-Mega, M|183\/301
|turn|44
|
|move|p1a: Spike|Aerial Ace|p2a: REY
|-damage|p2a: REY|0 fnt
|faint|p2a: REY
|
|win|Geobrodude
|raw|Ladder updating...
|raw|Geobrodude's rating: 1451 &rarr; <strong>1467<\/strong><br \/>(+16 for winning)
|raw|LASHLEY 93's rating: 1383 &rarr; <strong>1367<\/strong><br \/>(-16 for losing)
|c|âLASHLEY 93|gg
|c|âGeobrodude|gg
|c|âGeobrodude|pretty chill imo
|join|CyzayoxSilver
|join|Lordjabba25
|leave|CyzayoxSilver
|join|mattk
|join|Soul redeemer
|join|ConstantinForce
|leave|Soul redeemer
|leave|ConstantinForce
|join|OmMSpaccioM