|join|EastonR
|join|Geobrodude
|player|p1|EastonR|169
|player|p2|Geobrodude|76
|gametype|singles
|gen|6
|tier|UU
|rated
|rule|Sleep Clause Mod: Limit one foe put to sleep
|rule|Species Clause: Limit one of each PokÃ©mon
|rule|OHKO Clause: OHKO moves are banned
|rule|Moody Clause: Moody is banned
|rule|Evasion Moves Clause: Evasion moves are banned
|rule|Endless Battle Clause: Forcing endless battles is banned
|rule|HP Percentage Mod: HP is shown in percentages
|clearpoke
|poke|p1|Reuniclus, F
|poke|p1|Tentacruel, F
|poke|p1|Pidgeot, F
|poke|p1|Jirachi
|poke|p1|Machamp, F
|poke|p1|Krookodile, F
|poke|p2|Aerodactyl, M
|poke|p2|Shaymin
|poke|p2|Entei, shiny
|poke|p2|Toxicroak, M
|poke|p2|Forretress, M
|poke|p2|Granbull, M
|rule|Swagger Clause: Swagger is banned
|rule|Baton Pass Clause: Limit one PokÃ©mon knowing Baton Pass
|teampreview
|c|âGeobrodude|gl hf
|c|âEastonR|gl hf
|
|start
|switch|p1a: Pidgeot|Pidgeot, F|307\/307
|switch|p2a: Chum|Granbull, M|374\/374
|-ability|p2a: Chum|Intimidate|[of] p1a: Pidgeot
|-unboost|p1a: Pidgeot|atk|1
|turn|1
|
|switch|p2a: Spike|Aerodactyl, M|301\/301
|-ability|p2a: Spike|Unnerve|p1: EastonR
|detailschange|p1a: Pidgeot|Pidgeot-Mega, F
|-mega|p1a: Pidgeot|Pidgeot|Pidgeotite
|move|p1a: Pidgeot|Hurricane|p2a: Spike
|-resisted|p2a: Spike
|-damage|p2a: Spike|184\/301
|
|turn|2
|
|switch|p1a: Reuniclus|Reuniclus, F|423\/423
|detailschange|p2a: Spike|Aerodactyl-Mega, M
|-mega|p2a: Spike|Aerodactyl|Aerodactylite
|move|p2a: Spike|Roost|p2a: Spike
|-heal|p2a: Spike|301\/301
|
|turn|3
|
|move|p2a: Spike|Stone Edge|p1a: Reuniclus
|-damage|p1a: Reuniclus|258\/423
|move|p1a: Reuniclus|Thunder Wave|p2a: Spike
|-status|p2a: Spike|par
|
|-heal|p1a: Reuniclus|284\/423|[from] item: Leftovers
|turn|4
|
|move|p2a: Spike|Stone Edge|p1a: Reuniclus
|-damage|p1a: Reuniclus|116\/423
|move|p1a: Reuniclus|Recover|p1a: Reuniclus
|-heal|p1a: Reuniclus|328\/423
|
|-heal|p1a: Reuniclus|354\/423|[from] item: Leftovers
|turn|5
|
|switch|p2a: Snake|Entei, shiny|371\/371
|-ability|p2a: Snake|Pressure
|move|p1a: Reuniclus|Calm Mind|p1a: Reuniclus
|-boost|p1a: Reuniclus|spa|1
|-boost|p1a: Reuniclus|spd|1
|
|-heal|p1a: Reuniclus|380\/423|[from] item: Leftovers
|turn|6
|
|move|p2a: Snake|Flare Blitz|p1a: Reuniclus
|-damage|p1a: Reuniclus|113\/423
|-damage|p2a: Snake|283\/371|[from] recoil|[of] p1a: Reuniclus
|move|p1a: Reuniclus|Thunder Wave|p2a: Snake
|-status|p2a: Snake|par
|
|-heal|p1a: Reuniclus|139\/423|[from] item: Leftovers
|turn|7
|
|move|p1a: Reuniclus|Recover|p1a: Reuniclus
|-heal|p1a: Reuniclus|351\/423
|cant|p2a: Snake|par
|
|-heal|p1a: Reuniclus|377\/423|[from] item: Leftovers
|turn|8
|c|âGeobrodude|that's a cunty set bro
|
|move|p1a: Reuniclus|Psyshock|p2a: Snake
|-damage|p2a: Snake|75\/371 par
|cant|p2a: Snake|par
|
|-heal|p1a: Reuniclus|403\/423|[from] item: Leftovers
|turn|9
|c|âEastonR|You should see my OU jirachi set
|c|âGeobrodude|i hate it already
|
|switch|p2a: Hardcase|Forretress, M|354\/354
|move|p1a: Reuniclus|Psyshock|p2a: Hardcase
|-resisted|p2a: Hardcase
|-damage|p2a: Hardcase|309\/354
|
|-heal|p1a: Reuniclus|423\/423|[from] item: Leftovers
|-heal|p2a: Hardcase|331\/354|[from] item: Leftovers
|turn|10
|
|switch|p1a: Tentacruel|Tentacruel, F|361\/361
|move|p2a: Hardcase|Volt Switch|p1a: Tentacruel
|-supereffective|p1a: Tentacruel
|-damage|p1a: Tentacruel|311\/361
|
|switch|p2a: Pimple|Toxicroak, M|307\/307
|
|-heal|p1a: Tentacruel|333\/361|[from] item: Black Sludge
|turn|11
|
|move|p2a: Pimple|Swords Dance|p2a: Pimple
|-boost|p2a: Pimple|atk|2
|move|p1a: Tentacruel|Scald|p2a: Pimple
|-immune|p2a: Pimple|[msg]
|
|-heal|p1a: Tentacruel|355\/361|[from] item: Black Sludge
|turn|12
|c|âEastonR|Cancel is a lie
|c|âGeobrodude|yes
|c|âEastonR|T-T
|c|âGeobrodude|a flase promise
|c|âGeobrodude|false*
|c|âEastonR|Now I have to sack something D:
|
|switch|p1a: Jirachi|Jirachi|397\/397
|move|p2a: Pimple|Poison Jab|p1a: Jirachi
|-immune|p1a: Jirachi|[msg]
|
|turn|13
|c|âGeobrodude|or not lol
|
|move|p2a: Pimple|Sucker Punch|p1a: Jirachi
|-fail|p1a: Jirachi
|move|p1a: Jirachi|Thunder Wave|p2a: Pimple
|-status|p2a: Pimple|par
|
|turn|14
|c|âGeobrodude|of course
|c|âGeobrodude|you are the t-wave everything guy
|
|move|p2a: Pimple|Sucker Punch|p1a: Jirachi
|-fail|p1a: Jirachi
|move|p1a: Jirachi|Stealth Rock|p2a: Pimple
|-sidestart|p2: Geobrodude|move: Stealth Rock
|
|turn|15
|
|switch|p1a: Krookodile|Krookodile, F|331\/331
|cant|p2a: Pimple|par
|
|turn|16
|
|switch|p2a: Chum|Granbull, M|374\/374
|-damage|p2a: Chum|328\/374|[from] Stealth Rock
|-ability|p2a: Chum|Intimidate|[of] p1a: Krookodile
|-unboost|p1a: Krookodile|atk|1
|move|p1a: Krookodile|Earthquake|p2a: Chum
|-damage|p2a: Chum|145\/374
|-damage|p1a: Krookodile|298\/331|[from] item: Life Orb
|
|-heal|p2a: Chum|168\/374|[from] item: Leftovers
|turn|17
|
|switch|p2a: Hardcase|Forretress, M|331\/354
|-damage|p2a: Hardcase|287\/354|[from] Stealth Rock
|move|p1a: Krookodile|Earthquake|p2a: Hardcase
|-damage|p2a: Hardcase|197\/354
|-damage|p1a: Krookodile|265\/331|[from] item: Life Orb
|
|-heal|p2a: Hardcase|219\/354|[from] item: Leftovers
|turn|18
|
|move|p1a: Krookodile|Knock Off|p2a: Hardcase
|-damage|p2a: Hardcase|144\/354
|-enditem|p2a: Hardcase|Leftovers|[from] move: Knock Off|[of] p1a: Krookodile
|-damage|p1a: Krookodile|232\/331|[from] item: Life Orb
|move|p2a: Hardcase|Rapid Spin|p1a: Krookodile
|-damage|p1a: Krookodile|215\/331
|-sideend|p2: Geobrodude|Stealth Rock|[from] move: Rapid Spin|[of] p2a: Hardcase
|
|turn|19
|
|switch|p1a: Pidgeot|Pidgeot-Mega, F|307\/307
|move|p2a: Hardcase|Stealth Rock|p1a: Pidgeot
|-sidestart|p1: EastonR|move: Stealth Rock
|
|turn|20
|
|move|p1a: Pidgeot|Heat Wave|p2a: Hardcase
|-supereffective|p2a: Hardcase
|-damage|p2a: Hardcase|0 fnt
|faint|p2a: Hardcase
|
|
|switch|p2a: Weedling|Shaymin|341\/341
|turn|21
|c|âGeobrodude|i'm afraid i have to do this
|
|move|p2a: Weedling|Healing Wish|p2a: Weedling
|faint|p2a: Weedling
|move|p1a: Pidgeot|Hurricane|p2: Weedling|[notarget]
|-notarget
|
|
|switch|p2a: Spike|Aerodactyl-Mega, M|301\/301 par
|-heal|p2a: Spike|301\/301|[from] move: Healing Wish
|turn|22
|
|switch|p2a: Chum|Granbull, M|168\/374
|-ability|p2a: Chum|Intimidate|[of] p1a: Pidgeot
|-unboost|p1a: Pidgeot|atk|1
|switch|p1a: Jirachi|Jirachi|397\/397
|-damage|p1a: Jirachi|373\/397|[from] Stealth Rock
|
|-heal|p1a: Jirachi|397\/397|[from] item: Leftovers
|-heal|p2a: Chum|191\/374|[from] item: Leftovers
|turn|23
|c|âEastonR|Nice
|
|move|p1a: Jirachi|Iron Head|p2a: Chum
|-supereffective|p2a: Chum
|-damage|p2a: Chum|0 fnt
|faint|p2a: Chum
|
|
|switch|p2a: Pimple|Toxicroak, M|307\/307 par
|turn|24
|
|move|p2a: Pimple|Sucker Punch|p1a: Jirachi
|-fail|p1a: Jirachi
|move|p1a: Jirachi|Stealth Rock|p2a: Pimple
|-sidestart|p2: Geobrodude|move: Stealth Rock
|
|turn|25
|
|switch|p1a: Tentacruel|Tentacruel, F|355\/361
|-damage|p1a: Tentacruel|310\/361|[from] Stealth Rock
|cant|p2a: Pimple|par
|
|-heal|p1a: Tentacruel|332\/361|[from] item: Black Sludge
|turn|26
|
|move|p1a: Tentacruel|Rapid Spin|p2a: Pimple
|-damage|p2a: Pimple|292\/307 par
|-sideend|p1: EastonR|Stealth Rock|[from] move: Rapid Spin|[of] p1a: Tentacruel
|cant|p2a: Pimple|par
|
|-heal|p1a: Tentacruel|354\/361|[from] item: Black Sludge
|turn|27
|
|switch|p1a: Pidgeot|Pidgeot-Mega, F|307\/307
|move|p2a: Pimple|Swords Dance|p2a: Pimple
|-boost|p2a: Pimple|atk|2
|
|turn|28
|c|âGeobrodude|i hope this is at least fun to you
|
|move|p2a: Pimple|Sucker Punch|p1a: Pidgeot
|-damage|p1a: Pidgeot|44\/307
|-damage|p2a: Pimple|262\/307 par|[from] item: Life Orb
|move|p1a: Pidgeot|Hurricane|p2a: Pimple
|-crit|p2a: Pimple
|-supereffective|p2a: Pimple
|-damage|p2a: Pimple|0 fnt
|faint|p2a: Pimple
|
|
|switch|p2a: Spike|Aerodactyl-Mega, M|301\/301
|-damage|p2a: Spike|226\/301|[from] Stealth Rock
|turn|29
|c|âEastonR|Not in particular
|
|switch|p1a: Jirachi|Jirachi|397\/397
|move|p2a: Spike|Aerial Ace|p1a: Jirachi
|-resisted|p1a: Jirachi
|-damage|p1a: Jirachi|311\/397
|
|-heal|p1a: Jirachi|335\/397|[from] item: Leftovers
|turn|30
|
|move|p2a: Spike|Earthquake|p1a: Jirachi
|-supereffective|p1a: Jirachi
|-damage|p1a: Jirachi|43\/397
|move|p1a: Jirachi|Thunder Wave|p2a: Spike
|-status|p2a: Spike|par
|
|-heal|p1a: Jirachi|67\/397|[from] item: Leftovers
|turn|31
|
|move|p1a: Jirachi|Iron Head|p2a: Spike
|-supereffective|p2a: Spike
|-damage|p2a: Spike|0 fnt
|faint|p2a: Spike
|
|-heal|p1a: Jirachi|91\/397|[from] item: Leftovers
|c|âGeobrodude|gj lol
|
|switch|p2a: Snake|Entei, shiny|75\/371 par
|-damage|p2a: Snake|0 fnt|[from] Stealth Rock
|faint|p2a: Snake
|
|win|EastonR
|raw|Ladder updating...
|raw|EastonR's rating: 1389 &rarr; <strong>1414<\/strong><br \/>(+25 for winning)
|raw|Geobrodude's rating: 1470 &rarr; <strong>1446<\/strong><br \/>(-24 for losing)
|c|âEastonR|gg
|leave|Geobrodude