|join|Geobrodude
|join|mady
|player|p1|Geobrodude|76
|player|p2|mady|274
|gametype|singles
|gen|6
|tier|UU
|rated
|rule|Sleep Clause Mod: Limit one foe put to sleep
|rule|Species Clause: Limit one of each PokÃ©mon
|rule|OHKO Clause: OHKO moves are banned
|rule|Moody Clause: Moody is banned
|rule|Evasion Moves Clause: Evasion moves are banned
|rule|Endless Battle Clause: Forcing endless battles is banned
|rule|HP Percentage Mod: HP is shown in percentages
|clearpoke
|poke|p1|Aerodactyl, M
|poke|p1|Shaymin
|poke|p1|Entei, shiny
|poke|p1|Toxicroak, M
|poke|p1|Forretress, M
|poke|p1|Granbull, M
|poke|p2|Celebi
|poke|p2|Hippowdon, F
|poke|p2|Darmanitan, M
|poke|p2|Tentacruel, M, shiny
|poke|p2|Raikou
|poke|p2|Haxorus, F, shiny
|rule|Swagger Clause: Swagger is banned
|rule|Baton Pass Clause: Limit one PokÃ©mon knowing Baton Pass
|teampreview
|c|âGeobrodude|gl hf
|
|start
|switch|p1a: Chum|Granbull, M|374\/374
|switch|p2a: Tentacruel|Tentacruel, M, shiny|352\/352
|-ability|p1a: Chum|Intimidate|[of] p2a: Tentacruel
|-unboost|p2a: Tentacruel|atk|1
|turn|1
|
|move|p2a: Tentacruel|Sludge Bomb|p1a: Chum
|-supereffective|p1a: Chum
|-damage|p1a: Chum|96\/374
|move|p1a: Chum|Earthquake|p2a: Tentacruel
|-crit|p2a: Tentacruel
|-supereffective|p2a: Tentacruel
|-damage|p2a: Tentacruel|0 fnt
|faint|p2a: Tentacruel
|
|-heal|p1a: Chum|119\/374|[from] item: Leftovers
|
|switch|p2a: Darmanitan|Darmanitan, M|351\/351
|turn|2
|
|switch|p1a: Spike|Aerodactyl, M|301\/301
|-ability|p1a: Spike|Unnerve|p2: mady
|move|p2a: Darmanitan|Flare Blitz|p1a: Spike
|-resisted|p1a: Spike
|-damage|p1a: Spike|97\/301
|-damage|p2a: Darmanitan|284\/351|[from] recoil|[of] p1a: Spike
|
|turn|3
|
|switch|p1a: Snake|Entei, shiny|371\/371
|-ability|p1a: Snake|Pressure
|move|p2a: Darmanitan|Flare Blitz|p1a: Snake
|-resisted|p1a: Snake
|-damage|p1a: Snake|194\/371
|-damage|p2a: Darmanitan|226\/351|[from] recoil|[of] p1a: Snake
|
|turn|4
|
|switch|p2a: Hippowdon|Hippowdon, F|419\/419
|-weather|Sandstorm
|move|p1a: Snake|Sacred Fire|p2a: Hippowdon
|-damage|p2a: Hippowdon|242\/419
|
|-weather|Sandstorm|[upkeep]
|-damage|p1a: Snake|171\/371|[from] sandstorm
|turn|5
|
|move|p1a: Snake|Sacred Fire|p2a: Hippowdon
|-damage|p2a: Hippowdon|61\/419
|-status|p2a: Hippowdon|brn
|move|p2a: Hippowdon|Slack Off|p2a: Hippowdon
|-heal|p2a: Hippowdon|271\/419 brn
|
|-weather|Sandstorm|[upkeep]
|-damage|p1a: Snake|148\/371|[from] sandstorm
|-damage|p2a: Hippowdon|219\/419 brn|[from] brn
|turn|6
|
|switch|p1a: Hardcase|Forretress, M|354\/354
|move|p2a: Hippowdon|Earthquake|p1a: Hardcase
|-damage|p1a: Hardcase|306\/354
|
|-weather|Sandstorm|[upkeep]
|-heal|p1a: Hardcase|328\/354|[from] item: Leftovers
|-damage|p2a: Hippowdon|167\/419 brn|[from] brn
|turn|7
|
|switch|p2a: Darmanitan|Darmanitan, M|226\/351
|move|p1a: Hardcase|Stealth Rock|p2a: Darmanitan
|-sidestart|p2: mady|move: Stealth Rock
|
|-weather|Sandstorm|[upkeep]
|-damage|p2a: Darmanitan|205\/351|[from] sandstorm
|-heal|p1a: Hardcase|350\/354|[from] item: Leftovers
|turn|8
|
|move|p2a: Darmanitan|Flare Blitz|p1a: Hardcase
|-supereffective|p1a: Hardcase
|-damage|p1a: Hardcase|0 fnt
|-damage|p2a: Darmanitan|89\/351|[from] recoil|[of] p1a: Hardcase
|faint|p1a: Hardcase
|
|-weather|none
|
|switch|p1a: Pimple|Toxicroak, M|307\/307
|turn|9
|
|switch|p2a: Hippowdon|Hippowdon, F|167\/419 brn
|-damage|p2a: Hippowdon|141\/419 brn|[from] Stealth Rock
|-weather|Sandstorm
|move|p1a: Pimple|Sucker Punch|p2a: Hippowdon
|-fail|p2a: Hippowdon
|
|-weather|Sandstorm|[upkeep]
|-damage|p1a: Pimple|288\/307|[from] sandstorm
|-damage|p2a: Hippowdon|89\/419 brn|[from] brn
|turn|10
|
|move|p1a: Pimple|Drain Punch|p2a: Hippowdon
|-crit|p2a: Hippowdon
|-damage|p2a: Hippowdon|0 fnt
|-heal|p1a: Pimple|307\/307|[from] drain|[of] p2a: Hippowdon
|-damage|p1a: Pimple|256\/307|[from] item: Rocky Helmet|[of] p2a: Hippowdon
|-damage|p1a: Pimple|226\/307|[from] item: Life Orb
|faint|p2a: Hippowdon
|
|-weather|Sandstorm|[upkeep]
|-damage|p1a: Pimple|207\/307|[from] sandstorm
|
|switch|p2a: Raikou|Raikou|322\/322
|-damage|p2a: Raikou|282\/322|[from] Stealth Rock
|-ability|p2a: Raikou|Pressure
|turn|11
|
|switch|p1a: Weedling|Shaymin|341\/341
|move|p2a: Raikou|Extrasensory|p1a: Weedling
|-damage|p1a: Weedling|215\/341
|
|-weather|Sandstorm|[upkeep]
|-damage|p1a: Weedling|194\/341|[from] sandstorm
|-damage|p2a: Raikou|262\/322|[from] sandstorm
|turn|12
|
|switch|p2a: Celebi|Celebi|404\/404
|-damage|p2a: Celebi|354\/404|[from] Stealth Rock
|move|p1a: Weedling|Healing Wish|p1a: Weedling
|faint|p1a: Weedling
|
|-weather|Sandstorm|[upkeep]
|-damage|p2a: Celebi|329\/404|[from] sandstorm
|-heal|p2a: Celebi|354\/404|[from] item: Leftovers
|
|switch|p1a: Snake|Entei, shiny|148\/371
|-heal|p1a: Snake|371\/371|[from] move: Healing Wish
|-ability|p1a: Snake|Pressure
|turn|13
|
|switch|p2a: Darmanitan|Darmanitan, M|89\/351
|-damage|p2a: Darmanitan|2\/351|[from] Stealth Rock
|move|p1a: Snake|Flare Blitz|p2a: Darmanitan
|-resisted|p2a: Darmanitan
|-damage|p2a: Darmanitan|0 fnt
|-damage|p1a: Snake|370\/371|[from] recoil|[of] p2a: Darmanitan
|faint|p2a: Darmanitan
|
|-weather|none
|
|switch|p2a: Raikou|Raikou|262\/322
|-damage|p2a: Raikou|222\/322|[from] Stealth Rock
|-ability|p2a: Raikou|Pressure
|turn|14
|
|switch|p1a: Chum|Granbull, M|119\/374
|-ability|p1a: Chum|Intimidate|[of] p2a: Raikou
|-unboost|p2a: Raikou|atk|1
|move|p2a: Raikou|Thunderbolt|p1a: Chum
|-damage|p1a: Chum|0 fnt
|faint|p1a: Chum
|
|
|switch|p1a: Spike|Aerodactyl, M|97\/301
|-ability|p1a: Spike|Unnerve|p2: mady
|turn|15
|
|switch|p2a: Celebi|Celebi|354\/404
|-damage|p2a: Celebi|304\/404|[from] Stealth Rock
|detailschange|p1a: Spike|Aerodactyl-Mega, M
|-mega|p1a: Spike|Aerodactyl|Aerodactylite
|move|p1a: Spike|Earthquake|p2a: Celebi
|-resisted|p2a: Celebi
|-damage|p2a: Celebi|238\/404
|
|-heal|p2a: Celebi|263\/404|[from] item: Leftovers
|turn|16
|
|move|p1a: Spike|Aerial Ace|p2a: Celebi
|-supereffective|p2a: Celebi
|-damage|p2a: Celebi|0 fnt
|faint|p2a: Celebi
|
|
|switch|p2a: Haxorus|Haxorus, F, shiny|294\/294
|-damage|p2a: Haxorus|258\/294|[from] Stealth Rock
|-ability|p2a: Haxorus|Mold Breaker
|turn|17
|
|move|p1a: Spike|Aerial Ace|p2a: Haxorus
|-damage|p2a: Haxorus|69\/294
|move|p2a: Haxorus|Outrage|p1a: Spike
|-damage|p1a: Spike|0 fnt
|-damage|p2a: Haxorus|40\/294|[from] item: Life Orb
|faint|p1a: Spike
|
|
|switch|p1a: Snake|Entei, shiny|370\/371
|-ability|p1a: Snake|Pressure
|turn|18
|
|move|p1a: Snake|Extreme Speed|p2a: Haxorus
|-damage|p2a: Haxorus|0 fnt
|faint|p2a: Haxorus
|
|
|switch|p2a: Raikou|Raikou|222\/322
|-damage|p2a: Raikou|182\/322|[from] Stealth Rock
|-ability|p2a: Raikou|Pressure
|turn|19
|
|move|p1a: Snake|Extreme Speed|p2a: Raikou
|-damage|p2a: Raikou|0 fnt
|faint|p2a: Raikou
|
|win|Geobrodude
|raw|Ladder updating...
|raw|Geobrodude's rating: 1485 &rarr; <strong>1494<\/strong><br \/>(+9 for winning)
|raw|mady's rating: 1259 &rarr; <strong>1248<\/strong><br \/>(-11 for losing)
|c|âGeobrodude|gg