|join|lllleeeecccc
|join|Geobrodude
|player|p1|lllleeeecccc|84
|player|p2|Geobrodude|76
|gametype|singles
|gen|6
|tier|UU
|rated
|rule|Sleep Clause Mod: Limit one foe put to sleep
|rule|Species Clause: Limit one of each PokÃ©mon
|rule|OHKO Clause: OHKO moves are banned
|rule|Moody Clause: Moody is banned
|rule|Evasion Moves Clause: Evasion moves are banned
|rule|Endless Battle Clause: Forcing endless battles is banned
|rule|HP Percentage Mod: HP is shown in percentages
|clearpoke
|poke|p1|Diancie
|poke|p1|Crobat, M
|poke|p1|Alakazam, F
|poke|p1|Kingdra, M
|poke|p1|Blissey, F, shiny
|poke|p1|Lucario, M
|poke|p2|Infernape, M
|poke|p2|Roserade, M
|poke|p2|Donphan, M
|poke|p2|Honchkrow, M
|poke|p2|Jolteon, F
|poke|p2|Chandelure, F
|rule|Swagger Clause: Swagger is banned
|rule|Baton Pass Clause: Limit one PokÃ©mon knowing Baton Pass
|teampreview
|c|âGeobrodude|g; hf
|c|âGeobrodude|gl*
|c|âlllleeeecccc|you too :)
|
|start
|switch|p1a: The Princess|Diancie|242\/242
|switch|p2a: Don Leone|Donphan, M|384\/384
|turn|1
|
|detailschange|p1a: The Princess|Diancie-Mega
|-mega|p1a: The Princess|Diancie|Diancite
|move|p1a: The Princess|Protect|p1a: The Princess
|-singleturn|p1a: The Princess|Protect
|move|p2a: Don Leone|Earthquake|p1a: The Princess
|-activate|p1a: The Princess|Protect
|
|turn|2
|
|move|p1a: The Princess|Moonblast|p2a: Don Leone
|-damage|p2a: Don Leone|60\/384
|move|p2a: Don Leone|Stealth Rock|p1a: The Princess
|move|p1a: The Princess|Stealth Rock|p2a: Don Leone|[from]Magic Bounce
|-sidestart|p2: Geobrodude|move: Stealth Rock
|
|-heal|p2a: Don Leone|84\/384|[from] item: Leftovers
|turn|3
|c|âGeobrodude|oh woops
|c|âGeobrodude|damn
|c|âGeobrodude|i messed up
|
|move|p1a: The Princess|Moonblast|p2a: Don Leone
|-damage|p2a: Don Leone|0 fnt
|faint|p2a: Don Leone
|
|
|switch|p2a: Machiavelli|Roserade, M|261\/261
|-damage|p2a: Machiavelli|229\/261|[from] Stealth Rock
|turn|4
|c|âlllleeeecccc|Don't worry. Most people do the same and I usually just switch out then not
|
|switch|p1a: The Villain|Crobat, M|320\/320
|move|p2a: Machiavelli|Sludge Bomb|p1a: The Villain
|-resisted|p1a: The Villain
|-damage|p1a: The Villain|203\/320
|-damage|p2a: Machiavelli|203\/261|[from] item: Life Orb
|
|-heal|p1a: The Villain|223\/320|[from] item: Black Sludge
|turn|5
|
|switch|p2a: Sharpbutt|Jolteon, F|271\/271
|-damage|p2a: Sharpbutt|238\/271|[from] Stealth Rock
|move|p1a: The Villain|Brave Bird|p2a: Sharpbutt
|-crit|p2a: Sharpbutt
|-resisted|p2a: Sharpbutt
|-damage|p2a: Sharpbutt|43\/271
|-damage|p1a: The Villain|159\/320|[from] recoil|[of] p2a: Sharpbutt
|
|-heal|p1a: The Villain|179\/320|[from] item: Black Sludge
|turn|6
|
|switch|p1a: The Maid|Blissey, F, shiny|714\/714
|move|p2a: Sharpbutt|Volt Switch|p1a: The Maid
|-damage|p1a: The Maid|633\/714
|
|switch|p2a: Bussines|Infernape, M|293\/293
|-damage|p2a: Bussines|257\/293|[from] Stealth Rock
|
|-heal|p1a: The Maid|677\/714|[from] item: Leftovers
|turn|7
|
|switch|p1a: The Villain|Crobat, M|179\/320
|move|p2a: Bussines|Fire Blast|p1a: The Villain
|-damage|p1a: The Villain|0 fnt
|-damage|p2a: Bussines|228\/293|[from] item: Life Orb
|faint|p1a: The Villain
|
|
|switch|p1a: The Ride|Kingdra, M|317\/317
|turn|8
|
|move|p2a: Bussines|Close Combat|p1a: The Ride
|-damage|p1a: The Ride|48\/317
|-unboost|p2a: Bussines|def|1
|-unboost|p2a: Bussines|spd|1
|-damage|p2a: Bussines|199\/293|[from] item: Life Orb
|move|p1a: The Ride|Agility|p1a: The Ride
|-boost|p1a: The Ride|spe|2
|
|turn|9
|
|move|p2a: Bussines|Mach Punch|p1a: The Ride
|-damage|p1a: The Ride|0 fnt
|-damage|p2a: Bussines|170\/293|[from] item: Life Orb
|faint|p1a: The Ride
|
|c|âGeobrodude|neh neh neeeeh
|c|âGeobrodude|sorry
|
|switch|p1a: The Princess|Diancie-Mega|242\/242
|turn|10
|
|switch|p2a: Machiavelli|Roserade, M|203\/261
|-damage|p2a: Machiavelli|171\/261|[from] Stealth Rock
|move|p1a: The Princess|Moonblast|p2a: Machiavelli
|-resisted|p2a: Machiavelli
|-damage|p2a: Machiavelli|84\/261
|
|turn|11
|
|move|p1a: The Princess|Moonblast|p2a: Machiavelli
|-resisted|p2a: Machiavelli
|-damage|p2a: Machiavelli|0 fnt
|faint|p2a: Machiavelli
|
|
|switch|p2a: Morningstar|Chandelure, F|261\/261
|-damage|p2a: Morningstar|196\/261|[from] Stealth Rock
|turn|12
|
|move|p2a: Morningstar|Energy Ball|p1a: The Princess
|-supereffective|p1a: The Princess
|-damage|p1a: The Princess|20\/242
|-unboost|p1a: The Princess|spd|1
|move|p1a: The Princess|Earth Power|p2a: Morningstar
|-supereffective|p2a: Morningstar
|-damage|p2a: Morningstar|0 fnt
|faint|p2a: Morningstar
|
|
|switch|p2a: A Pimp Named|Honchkrow, M|341\/341
|-damage|p2a: A Pimp Named|256\/341|[from] Stealth Rock
|turn|13
|
|move|p2a: A Pimp Named|Pursuit|p1a: The Princess|[from]Pursuit
|-resisted|p1a: The Princess
|-damage|p1a: The Princess|0 fnt
|-damage|p2a: A Pimp Named|222\/341|[from] item: Life Orb
|faint|p1a: The Princess
|-boost|p2a: A Pimp Named|atk|1|[from] ability: Moxie
|
|c|âlllleeeecccc|wp
|c|âGeobrodude|thx :
|
|switch|p1a: The Maid|Blissey, F, shiny|677\/714
|turn|14
|
|move|p2a: A Pimp Named|Superpower|p1a: The Maid
|-supereffective|p1a: The Maid
|-damage|p1a: The Maid|0 fnt
|-unboost|p2a: A Pimp Named|atk|1
|-unboost|p2a: A Pimp Named|def|1
|-damage|p2a: A Pimp Named|188\/341|[from] item: Life Orb
|faint|p1a: The Maid
|-boost|p2a: A Pimp Named|atk|1|[from] ability: Moxie
|
|
|switch|p1a: The Knight|Lucario, M|281\/281
|turn|15
|
|move|p1a: The Knight|Extreme Speed|p2a: A Pimp Named
|-damage|p2a: A Pimp Named|0 fnt
|-damage|p1a: The Knight|253\/281|[from] item: Life Orb
|faint|p2a: A Pimp Named
|
|
|switch|p2a: Bussines|Infernape, M|170\/293
|-damage|p2a: Bussines|134\/293|[from] Stealth Rock
|turn|16
|
|move|p1a: The Knight|Extreme Speed|p2a: Bussines
|-damage|p2a: Bussines|0 fnt
|-damage|p1a: The Knight|225\/281|[from] item: Life Orb
|faint|p2a: Bussines
|
|c|âlllleeeecccc|gg
|c|âGeobrodude|gg
|
|switch|p2a: Sharpbutt|Jolteon, F|43\/271
|-damage|p2a: Sharpbutt|10\/271|[from] Stealth Rock
|turn|17
|
|move|p1a: The Knight|Extreme Speed|p2a: Sharpbutt
|-damage|p2a: Sharpbutt|0 fnt
|-damage|p1a: The Knight|197\/281|[from] item: Life Orb
|faint|p2a: Sharpbutt
|
|win|lllleeeecccc
|raw|Ladder updating...
|raw|lllleeeecccc's rating: 1369 &rarr; <strong>1394<\/strong><br \/>(+25 for winning)
|raw|Geobrodude's rating: 1444 &rarr; <strong>1420<\/strong><br \/>(-24 for losing)
|c|âlllleeeecccc|The Knight saves the day
|leave|Geobrodude
|player|p2