|join|Geobrodude
|join|MXFT
|player|p1|Geobrodude|76
|player|p2|MXFT|103
|gametype|singles
|gen|6
|tier|UU
|rated
|rule|Sleep Clause Mod: Limit one foe put to sleep
|rule|Species Clause: Limit one of each PokÃ©mon
|rule|OHKO Clause: OHKO moves are banned
|rule|Moody Clause: Moody is banned
|rule|Evasion Moves Clause: Evasion moves are banned
|rule|Endless Battle Clause: Forcing endless battles is banned
|rule|HP Percentage Mod: HP is shown in percentages
|clearpoke
|poke|p1|Infernape, M
|poke|p1|Roserade, M
|poke|p1|Donphan, M
|poke|p1|Honchkrow, M
|poke|p1|Jolteon, F
|poke|p1|Chandelure, F
|poke|p2|Snorlax, M
|poke|p2|Crobat, M
|poke|p2|Alomomola, M
|poke|p2|Krookodile, M
|poke|p2|Jirachi
|poke|p2|Alakazam, F
|rule|Swagger Clause: Swagger is banned
|rule|Baton Pass Clause: Limit one PokÃ©mon knowing Baton Pass
|teampreview
|c|âGeobrodude|gl hf
|
|start
|switch|p1a: Don Leone|Donphan, M|384\/384
|switch|p2a: Alakazam|Alakazam, F|251\/251
|turn|1
|
|move|p2a: Alakazam|Energy Ball|p1a: Don Leone
|-supereffective|p1a: Don Leone
|-damage|p1a: Don Leone|46\/384
|move|p1a: Don Leone|Knock Off|p2a: Alakazam
|-supereffective|p2a: Alakazam
|-enditem|p2a: Alakazam|Focus Sash
|-damage|p2a: Alakazam|1\/251
|
|-heal|p1a: Don Leone|70\/384|[from] item: Leftovers
|turn|2
|
|switch|p2a: Alomomola|Alomomola, M|534\/534
|switch|p1a: Lavalamp|Chandelure, F|261\/261
|
|turn|3
|
|switch|p2a: Jirachi|Jirachi|345\/345
|move|p1a: Lavalamp|Trick|p2a: Jirachi
|-activate|p1a: Lavalamp|move: Trick|[of] p2a: Jirachi
|-item|p2a: Jirachi|Choice Scarf|[from] move: Trick
|-item|p1a: Lavalamp|Leftovers|[from] move: Trick
|
|turn|4
|
|move|p2a: Jirachi|Iron Head|p1a: Lavalamp
|-resisted|p1a: Lavalamp
|-damage|p1a: Lavalamp|190\/261
|move|p1a: Lavalamp|Flamethrower|p2a: Jirachi
|-supereffective|p2a: Jirachi
|-damage|p2a: Jirachi|19\/345
|
|-heal|p1a: Lavalamp|206\/261|[from] item: Leftovers
|turn|5
|
|switch|p1a: Sharpbutt|Jolteon, F|271\/271
|move|p2a: Jirachi|Iron Head|p1a: Sharpbutt
|-resisted|p1a: Sharpbutt
|-damage|p1a: Sharpbutt|185\/271
|
|turn|6
|
|move|p2a: Jirachi|Iron Head|p1a: Sharpbutt
|-resisted|p1a: Sharpbutt
|-damage|p1a: Sharpbutt|96\/271
|move|p1a: Sharpbutt|Hidden Power|p2a: Jirachi
|-resisted|p2a: Jirachi
|-damage|p2a: Jirachi|0 fnt
|faint|p2a: Jirachi
|
|
|switch|p2a: Krookodile|Krookodile, M|331\/331
|turn|7
|
|move|p2a: Krookodile|Knock Off|p1a: Sharpbutt
|-damage|p1a: Sharpbutt|0 fnt
|-enditem|p1a: Sharpbutt|Expert Belt|[from] move: Knock Off|[of] p2a: Krookodile
|faint|p1a: Sharpbutt
|-boost|p2a: Krookodile|atk|1|[from] ability: Moxie
|
|
|switch|p1a: Slickback|Honchkrow, M|341\/341
|turn|8
|
|switch|p2a: Alomomola|Alomomola, M|534\/534
|move|p1a: Slickback|Drill Peck|p2a: Alomomola
|-damage|p2a: Alomomola|355\/534
|-damage|p1a: Slickback|307\/341|[from] item: Life Orb
|
|-heal|p2a: Alomomola|388\/534|[from] item: Leftovers
|turn|9
|
|switch|p1a: Machiavelli|Roserade, M|261\/261
|move|p2a: Alomomola|Scald|p1a: Machiavelli
|-resisted|p1a: Machiavelli
|-damage|p1a: Machiavelli|237\/261
|
|-heal|p2a: Alomomola|421\/534|[from] item: Leftovers
|turn|10
|
|switch|p2a: Krookodile|Krookodile, M|331\/331
|move|p1a: Machiavelli|Extrasensory|p2a: Krookodile
|-immune|p2a: Krookodile|[msg]
|
|turn|11
|
|switch|p1a: Don Leone|Donphan, M|70\/384
|move|p2a: Krookodile|Superpower|p1a: Don Leone
|-damage|p1a: Don Leone|0 fnt
|-unboost|p2a: Krookodile|atk|1
|-unboost|p2a: Krookodile|def|1
|faint|p1a: Don Leone
|-boost|p2a: Krookodile|atk|1|[from] ability: Moxie
|
|
|switch|p1a: Machiavelli|Roserade, M|237\/261
|turn|12
|
|switch|p2a: Crobat|Crobat, M|373\/373
|move|p1a: Machiavelli|Extrasensory|p2a: Crobat
|-supereffective|p2a: Crobat
|-damage|p2a: Crobat|87\/373
|-damage|p1a: Machiavelli|211\/261|[from] item: Life Orb
|
|-heal|p2a: Crobat|110\/373|[from] item: Black Sludge
|turn|13
|
|switch|p1a: Slickback|Honchkrow, M|307\/341
|move|p2a: Crobat|Brave Bird|p1a: Slickback
|-damage|p1a: Slickback|61\/341
|-damage|p2a: Crobat|29\/373|[from] recoil|[of] p1a: Slickback
|
|-heal|p2a: Crobat|52\/373|[from] item: Black Sludge
|turn|14
|
|move|p2a: Crobat|U-turn|p1a: Slickback
|-damage|p1a: Slickback|0 fnt
|faint|p1a: Slickback
|
|switch|p2a: Krookodile|Krookodile, M|331\/331
|
|
|switch|p1a: Bussines|Infernape, M|293\/293
|turn|15
|
|move|p1a: Bussines|Mach Punch|p2a: Krookodile
|-supereffective|p2a: Krookodile
|-damage|p2a: Krookodile|79\/331
|-damage|p1a: Bussines|264\/293|[from] item: Life Orb
|move|p2a: Krookodile|Earthquake|p1a: Bussines
|-supereffective|p1a: Bussines
|-damage|p1a: Bussines|0 fnt
|faint|p1a: Bussines
|-boost|p2a: Krookodile|atk|1|[from] ability: Moxie
|
|
|switch|p1a: Lavalamp|Chandelure, F|206\/261
|turn|16
|
|move|p2a: Krookodile|Earthquake|p1a: Lavalamp
|-supereffective|p1a: Lavalamp
|-damage|p1a: Lavalamp|0 fnt
|faint|p1a: Lavalamp
|-boost|p2a: Krookodile|atk|1|[from] ability: Moxie
|
|c|âGeobrodude|gg
|
|switch|p1a: Machiavelli|Roserade, M|211\/261
|turn|17
|c|âMXFT|gg
|
|move|p2a: Krookodile|Earthquake|p1a: Machiavelli
|-damage|p1a: Machiavelli|0 fnt
|faint|p1a: Machiavelli
|-boost|p2a: Krookodile|atk|1|[from] ability: Moxie
|
|win|MXFT
|raw|Ladder updating...
|raw|Geobrodude's rating: 1442 &rarr; <strong>1416<\/strong><br \/>(-26 for losing)
|raw|MXFT's rating: 1340 &rarr; <strong>1365<\/strong><br \/>(+25 for winning)