|join|specs P2
|join|icicle fisshies
|player|p1|specs P2|161
|player|p2|icicle fisshies|23
|gametype|singles
|gen|6
|tier|UU
|rated
|rule|Sleep Clause Mod: Limit one foe put to sleep
|rule|Species Clause: Limit one of each PokÃ©mon
|rule|OHKO Clause: OHKO moves are banned
|rule|Moody Clause: Moody is banned
|rule|Evasion Moves Clause: Evasion moves are banned
|rule|Endless Battle Clause: Forcing endless battles is banned
|rule|HP Percentage Mod: HP is shown in percentages
|clearpoke
|poke|p1|Jirachi
|poke|p1|Entei, shiny
|poke|p1|Starmie
|poke|p1|Hydreigon, M
|poke|p1|Medicham, F
|poke|p1|Nidoqueen, F
|poke|p2|Medicham, M, shiny
|poke|p2|Lucario, F
|poke|p2|Swampert, M
|poke|p2|Umbreon, F
|poke|p2|Jirachi
|poke|p2|Crobat, M
|rule|Swagger Clause: Swagger is banned
|rule|Baton Pass Clause: Limit one PokÃ©mon knowing Baton Pass
|teampreview
|
|start
|switch|p1a: Jirachi|Jirachi|341\/341
|switch|p2a: Swampert|Swampert, M|404\/404
|turn|1
|
|move|p1a: Jirachi|U-turn|p2a: Swampert
|-damage|p2a: Swampert|322\/404
|
|switch|p1a: Hydreigon|Hydreigon, M|325\/325
|move|p2a: Swampert|Earthquake|p1a: Hydreigon
|-immune|p1a: Hydreigon|[msg]
|
|-heal|p2a: Swampert|347\/404|[from] item: Leftovers
|turn|2
|
|switch|p1a: Medicham|Medicham, F|261\/261
|switch|p2a: Umbreon|Umbreon, F|394\/394
|
|turn|3
|
|detailschange|p1a: Medicham|Medicham-Mega, F
|-mega|p1a: Medicham|Medicham|Medichamite
|move|p1a: Medicham|Substitute|p1a: Medicham
|-start|p1a: Medicham|Substitute
|-damage|p1a: Medicham|196\/261
|move|p2a: Umbreon|Foul Play|p1a: Medicham
|-end|p1a: Medicham|Substitute
|
|turn|4
|
|move|p2a: Umbreon|Protect|p2a: Umbreon
|-singleturn|p2a: Umbreon|Protect
|move|p1a: Medicham|Substitute|p1a: Medicham
|-start|p1a: Medicham|Substitute
|-damage|p1a: Medicham|131\/261
|
|turn|5
|
|switch|p2a: Crobat|Crobat, M|374\/374
|move|p1a: Medicham|Zen Headbutt|p2a: Crobat
|-supereffective|p2a: Crobat
|-damage|p2a: Crobat|0 fnt
|faint|p2a: Crobat
|
|
|switch|p2a: Jirachi|Jirachi|341\/341
|turn|6
|
|move|p2a: Jirachi|Iron Head|p1a: Medicham
|-end|p1a: Medicham|Substitute
|move|p1a: Medicham|High Jump Kick|p2a: Jirachi
|-damage|p2a: Jirachi|0 fnt
|faint|p2a: Jirachi
|
|
|switch|p2a: Luke|Lucario, F|281\/281
|turn|7
|
|switch|p1a: Nidoqueen|Nidoqueen, F|350\/350
|move|p2a: Luke|Extreme Speed|p1a: Nidoqueen
|-damage|p1a: Nidoqueen|208\/350
|-damage|p2a: Luke|253\/281|[from] item: Life Orb
|
|turn|8
|
|switch|p2a: Swampert|Swampert, M|347\/404
|move|p1a: Nidoqueen|Earth Power|p2a: Swampert
|-crit|p2a: Swampert
|-damage|p2a: Swampert|27\/404
|
|-heal|p2a: Swampert|52\/404|[from] item: Leftovers
|turn|9
|
|move|p1a: Nidoqueen|Earth Power|p2a: Swampert
|-damage|p2a: Swampert|0 fnt
|faint|p2a: Swampert
|
|
|switch|p2a: Arietty|Medicham, M, shiny|261\/261
|turn|10
|
|detailschange|p2a: Arietty|Medicham-Mega, M, shiny
|-mega|p2a: Arietty|Medicham|Medichamite
|move|p2a: Arietty|Fake Out|p1a: Nidoqueen
|-damage|p1a: Nidoqueen|104\/350
|cant|p1a: Nidoqueen|flinch
|
|turn|11
|
|move|p2a: Arietty|Zen Headbutt|p1a: Nidoqueen
|-supereffective|p1a: Nidoqueen
|-damage|p1a: Nidoqueen|0 fnt
|faint|p1a: Nidoqueen
|
|
|switch|p1a: Jirachi|Jirachi|341\/341
|turn|12
|
|move|p1a: Jirachi|U-turn|p2a: Arietty
|-damage|p2a: Arietty|184\/261
|
|switch|p1a: Medicham|Medicham-Mega, F|131\/261
|move|p2a: Arietty|High Jump Kick|p1a: Medicham|[miss]
|-miss|p2a: Arietty|p1a: Medicham
|-damage|p2a: Arietty|54\/261|[from] highjumpkick
|
|turn|13
|c|âspecs P2|sry
|
|move|p1a: Medicham|Bullet Punch|p2a: Arietty
|-damage|p2a: Arietty|0 fnt
|faint|p2a: Arietty
|
|c|âicicle fisshies|meh
|
|switch|p2a: Luke|Lucario, F|253\/281
|turn|14
|
|move|p1a: Medicham|High Jump Kick|p2a: Luke
|-supereffective|p2a: Luke
|-damage|p2a: Luke|0 fnt
|faint|p2a: Luke
|
|c|âicicle fisshies|gg
|c|âspecs P2|gg
|-message|icicle fisshies forfeited.
|leave|icicle fisshies
|
|win|specs P2
|raw|Ladder updating...
|player|p2
|raw|specs P2's rating: 1508 &rarr; <strong>1527<\/strong><br \/>(+19 for winning)
|raw|icicle fisshies's rating: 1492 &rarr; <strong>1473<\/strong><br \/>(-19 for losing)