|join|Starmie Sweep
|join|thymetime
|player|p1|Starmie Sweep|148
|player|p2|thymetime|101
|gametype|singles
|gen|6
|tier|UU
|rule|Sleep Clause Mod: Limit one foe put to sleep
|rule|Species Clause: Limit one of each PokÃ©mon
|rule|OHKO Clause: OHKO moves are banned
|rule|Moody Clause: Moody is banned
|rule|Evasion Moves Clause: Evasion moves are banned
|rule|Endless Battle Clause: Forcing endless battles is banned
|rule|HP Percentage Mod: HP is shown in percentages
|clearpoke
|poke|p1|Infernape, M, shiny
|poke|p1|Starmie
|poke|p1|Toxicroak, M
|poke|p1|Swampert, M
|poke|p1|Hydreigon, M
|poke|p1|Ampharos, F
|poke|p2|Chandelure, M
|poke|p2|Virizion
|poke|p2|Suicune
|poke|p2|Jirachi
|poke|p2|Gligar, M
|poke|p2|Qwilfish, F
|rule|Swagger Clause: Swagger is banned
|rule|Baton Pass Clause: Limit one PokÃ©mon knowing Baton Pass
|teampreview
|join|derpahsaurus rex
|c|âthymetime|glhf
|c|âStarmie Sweep|STRAIGHT FUCKING KWILLFEESH
|c|âStarmie Sweep|glhf
|c|âStarmie Sweep|2Cool4SkoolFish
|
|start
|switch|p1a: Grape Ape|Infernape, M, shiny|293\/293
|switch|p2a: Qwilfish|Qwilfish, F|334\/334
|-ability|p2a: Qwilfish|Intimidate|[of] p1a: Grape Ape
|-unboost|p1a: Grape Ape|atk|1
|turn|1
|c|âStarmie Sweep|If you wanted style points, you got them.
|
|move|p1a: Grape Ape|Stealth Rock|p2a: Qwilfish
|-sidestart|p2: thymetime|move: Stealth Rock
|move|p2a: Qwilfish|Spikes|p1a: Grape Ape
|-sidestart|p1: Starmie Sweep|Spikes
|
|turn|2
|
|switch|p1a: Sharp Object|Starmie|261\/261
|-damage|p1a: Sharp Object|229\/261|[from] Spikes
|move|p2a: Qwilfish|Spikes|p1a: Sharp Object
|-sidestart|p1: Starmie Sweep|Spikes
|
|turn|3
|
|move|p1a: Sharp Object|Rapid Spin|p2a: Qwilfish
|-damage|p2a: Qwilfish|321\/334
|-sideend|p1: Starmie Sweep|Spikes|[from] move: Rapid Spin|[of] p1a: Sharp Object
|-damage|p1a: Sharp Object|203\/261|[from] item: Life Orb
|move|p2a: Qwilfish|Thunder Wave|p1a: Sharp Object
|-status|p1a: Sharp Object|par
|
|-heal|p2a: Qwilfish|334\/334|[from] item: Black Sludge
|turn|4
|join|DatLatias
|join|YellowMouse
|join|gobosox
|join|thesword16
|
|switch|p2a: Jirachi|Jirachi|341\/341
|-damage|p2a: Jirachi|320\/341|[from] Stealth Rock
|move|p1a: Sharp Object|Psyshock|p2a: Jirachi
|-resisted|p2a: Jirachi
|-damage|p2a: Jirachi|268\/341
|-damage|p1a: Sharp Object|177\/261 par|[from] item: Life Orb
|
|turn|5
|join|eMoTeZz
|join|r0ady
|
|move|p2a: Jirachi|U-turn|p1a: Sharp Object
|-supereffective|p1a: Sharp Object
|-damage|p1a: Sharp Object|9\/261 par
|
|switch|p2a: Gligar|Gligar, M|334\/334
|-damage|p2a: Gligar|293\/334|[from] Stealth Rock
|move|p1a: Sharp Object|Hydro Pump|p2a: Gligar
|-supereffective|p2a: Gligar
|-damage|p2a: Gligar|0 fnt
|-damage|p1a: Sharp Object|0 fnt|[from] item: Life Orb
|faint|p2a: Gligar
|faint|p1a: Sharp Object
|
|c|âStarmie Sweep|This is just like my lastmatch
|c|âthymetime|o
|c|âStarmie Sweep|Someone almost kills my starmie
|c|âStarmie Sweep|and pays for it.
|join|Munkin
|c|âthymetime|well that's bad
|c|âthymetime|thought you would go for shadow ball for some reason
|leave|YellowMouse
|c|âStarmie Sweep|....I don't even know if Starmie learns that.
|c| gobosox|gligar gone
|c| gobosox|wher ethe defense at
|c|âthymetime|!learn starmie, shadow ball
|raw|<div class="infobox">Starmie <span class="message-learn-cannotlearn">can't<\/span> learn Shadow Ball<\/div>
|c|âStarmie Sweep|Hydro\/surf, psyshock, ice beam, tbolt, dazzling gleam, trick.
|c| gobosox|WHERE THE DEFENSE AT
|c|âthymetime|ye
|c|âthymetime|im p bad
|c| gobosox|WHERE THE DEFENSE AT
|c|âStarmie Sweep|Those are the attacks bro
|c| gobosox|WHERE THE DEFENSE AT
|c|âStarmie Sweep|That you see on starmie
|c|âthymetime|!dt qwilfish
|c|~|\/data-pokemon Qwilfish
|raw|<font size="1"><font color=#585858>Dex#:<\/font> 211&nbsp;|&ThickSpace;<font color=#585858>Height:<\/font> 0.5 m&nbsp;|&ThickSpace;<font color=#585858>Weight:<\/font> 3.9 kg <em>(20 BP)<\/em>&nbsp;|&ThickSpace;<font color=#585858>Dex Colour:<\/font> Gray&nbsp;|&ThickSpace;<font color=#585858>Egg Group(s):<\/font> Water 2&nbsp;|&ThickSpace;<font color=#585858><font color=#585858>Does Not Evolve<\/font><\/font><\/font>
|c|âthymetime|that gobo
|c|âStarmie Sweep|Anyways I picked my loser.
|c|âStarmie Sweep|Waiting on yu
|
|switch|p2a: Jirachi|Jirachi|268\/341
|-damage|p2a: Jirachi|247\/341|[from] Stealth Rock
|switch|p1a: The Duchess|Ampharos, F|383\/383
|turn|6
|join|Duskt70
|
|detailschange|p1a: The Duchess|Ampharos-Mega, F
|message|Ampharos has Mega Evolved into Mega Ampharos!
|-ability|p1a: The Duchess|Mold Breaker
|move|p2a: Jirachi|U-turn|p1a: The Duchess
|-damage|p1a: The Duchess|318\/383
|
|switch|p2a: Virizion|Virizion|323\/323
|-damage|p2a: Virizion|303\/323|[from] Stealth Rock
|move|p1a: The Duchess|Substitute|p1a: The Duchess
|-start|p1a: The Duchess|Substitute
|-damage|p1a: The Duchess|223\/383
|
|turn|7
|c|âthymetime|o
|c| Duskt70|...
|
|move|p2a: Virizion|Close Combat|p1a: The Duchess
|-end|p1a: The Duchess|Substitute
|-unboost|p2a: Virizion|def|1
|-unboost|p2a: Virizion|spd|1
|move|p1a: The Duchess|Dragon Pulse|p2a: Virizion
|-damage|p2a: Virizion|57\/323
|
|turn|8
|c| Munkin|reveal hp flying
|c|âStarmie Sweep|I'd be impressed with HP flying.
|c|âStarmie Sweep|8\/8
|
|move|p2a: Virizion|Close Combat|p1a: The Duchess
|-damage|p1a: The Duchess|49\/383
|-unboost|p2a: Virizion|def|1
|-unboost|p2a: Virizion|spd|1
|move|p1a: The Duchess|Volt Switch|p2a: Virizion
|-resisted|p2a: Virizion
|-damage|p2a: Virizion|0 fnt
|faint|p2a: Virizion
|c|âStarmie Sweep|Good girl.
|
|switch|p1a: Grape Ape|Infernape, M, shiny|293\/293
|
|c|âthymetime|guess my calcs were wrong
|leave|eMoTeZz
|
|switch|p2a: Chandelure|Chandelure, M|324\/324
|-damage|p2a: Chandelure|243\/324|[from] Stealth Rock
|turn|9
|
|switch|p1a: The Duchess|Ampharos-Mega, F|49\/383
|-ability|p1a: The Duchess|Mold Breaker
|move|p2a: Chandelure|Fire Blast|p1a: The Duchess
|-resisted|p1a: The Duchess
|-damage|p1a: The Duchess|0 fnt
|faint|p1a: The Duchess
|
|
|switch|p1a: Hydrizzle Shizzle|Hydreigon, M|325\/325
|turn|10
|join|Specs Cranidos
|
|switch|p2a: Suicune|Suicune|404\/404
|-damage|p2a: Suicune|354\/404|[from] Stealth Rock
|-ability|p2a: Suicune|Pressure
|move|p1a: Hydrizzle Shizzle|Dark Pulse|p2a: Suicune
|-crit|p2a: Suicune
|-damage|p2a: Suicune|108\/404
|-damage|p1a: Hydrizzle Shizzle|293\/325|[from] item: Life Orb
|
|-heal|p2a: Suicune|133\/404|[from] item: Leftovers
|turn|11
|c|âStarmie Sweep|wow
|c|âStarmie Sweep|Crit mattered
|leave|DatLatias
|
|move|p1a: Hydrizzle Shizzle|Dark Pulse|p2a: Suicune
|-damage|p2a: Suicune|0 fnt
|-damage|p1a: Hydrizzle Shizzle|261\/325|[from] item: Life Orb
|faint|p2a: Suicune
|
|c|âStarmie Sweep|I would like to formally apologize
|c|âthymetime|one se
|c|âStarmie Sweep|I ruined our mindgame of toxicroak doule switches.
|c|âthymetime|one sec
|
|switch|p2a: Jirachi|Jirachi|247\/341
|-damage|p2a: Jirachi|226\/341|[from] Stealth Rock
|turn|12
|leave|r0ady
|
|switch|p1a: Neurotoxin|Toxicroak, M|307\/307
|move|p2a: Jirachi|Iron Head|p1a: Neurotoxin
|-damage|p1a: Neurotoxin|145\/307
|
|turn|13
|
|switch|p2a: Qwilfish|Qwilfish, F|334\/334
|-damage|p2a: Qwilfish|293\/334|[from] Stealth Rock
|-ability|p2a: Qwilfish|Intimidate|[of] p1a: Neurotoxin
|-unboost|p1a: Neurotoxin|atk|1
|move|p1a: Neurotoxin|Sucker Punch|p2a: Qwilfish
|-fail|p2a: Qwilfish
|
|-heal|p2a: Qwilfish|313\/334|[from] item: Black Sludge
|turn|14
|
|move|p1a: Neurotoxin|Swords Dance|p1a: Neurotoxin
|-boost|p1a: Neurotoxin|atk|2
|move|p2a: Qwilfish|Thunder Wave|p1a: Neurotoxin
|-status|p1a: Neurotoxin|par
|
|-heal|p2a: Qwilfish|333\/334|[from] item: Black Sludge
|turn|15
|
|switch|p2a: Jirachi|Jirachi|226\/341
|-damage|p2a: Jirachi|205\/341|[from] Stealth Rock
|move|p1a: Neurotoxin|Swords Dance|p1a: Neurotoxin
|-boost|p1a: Neurotoxin|atk|2
|
|turn|16
|c|âthymetime|relying on hax
|c|âthymetime|at this point
|
|move|p1a: Neurotoxin|Sucker Punch|p2a: Jirachi
|-supereffective|p2a: Jirachi
|-damage|p2a: Jirachi|0 fnt
|-damage|p1a: Neurotoxin|115\/307 par|[from] item: Life Orb
|faint|p2a: Jirachi
|
|c|âStarmie Sweep|It's okay.
|c|âStarmie Sweep|Go for broke.
|c|âStarmie Sweep|Do or Die.
|c|âthymetime|i lost when i lost my gligar
|c|âStarmie Sweep|"Just goooo for it"
|
|switch|p2a: Chandelure|Chandelure, M|243\/324
|-damage|p2a: Chandelure|162\/324|[from] Stealth Rock
|turn|17
|c|âStarmie Sweep|I agree, your core has some exploitable weaknesses, like EQ spam, without gligar.
|
|move|p1a: Neurotoxin|Sucker Punch|p2a: Chandelure
|-supereffective|p2a: Chandelure
|-damage|p2a: Chandelure|0 fnt
|-damage|p1a: Neurotoxin|85\/307 par|[from] item: Life Orb
|faint|p2a: Chandelure
|
|
|switch|p2a: Qwilfish|Qwilfish, F|333\/334
|-damage|p2a: Qwilfish|292\/334|[from] Stealth Rock
|-ability|p2a: Qwilfish|Intimidate|[of] p1a: Neurotoxin
|-unboost|p1a: Neurotoxin|atk|1
|turn|18
|c|âStarmie Sweep|But it is a solid team.
|
|move|p2a: Qwilfish|Spikes|p1a: Neurotoxin
|-sidestart|p1: Starmie Sweep|Spikes
|move|p1a: Neurotoxin|Swords Dance|p1a: Neurotoxin
|-boost|p1a: Neurotoxin|atk|2
|
|-heal|p2a: Qwilfish|312\/334|[from] item: Black Sludge
|turn|19
|c|âStarmie Sweep|It's not gimmicky and stupid like my team
|
|move|p2a: Qwilfish|Spikes|p1a: Neurotoxin
|-sidestart|p1: Starmie Sweep|Spikes
|move|p1a: Neurotoxin|Drain Punch|p2a: Qwilfish
|-resisted|p2a: Qwilfish
|-damage|p2a: Qwilfish|105\/334
|-heal|p1a: Neurotoxin|189\/307 par|[from] drain|[of] p2a: Qwilfish
|-damage|p1a: Neurotoxin|159\/307 par|[from] item: Life Orb
|
|-heal|p2a: Qwilfish|125\/334|[from] item: Black Sludge
|turn|20
|
|move|p2a: Qwilfish|Spikes|p1a: Neurotoxin
|-sidestart|p1: Starmie Sweep|Spikes
|move|p1a: Neurotoxin|Drain Punch|p2a: Qwilfish
|-resisted|p2a: Qwilfish
|-damage|p2a: Qwilfish|0 fnt
|-heal|p1a: Neurotoxin|222\/307 par|[from] drain|[of] p2a: Qwilfish
|-damage|p1a: Neurotoxin|192\/307 par|[from] item: Life Orb
|faint|p2a: Qwilfish
|
|win|Starmie Sweep
|c|âStarmie Sweep|gg
|c|âthymetime|gg
|leave|thymetime
|player|p2