|join|thymetime
|join|alohabruh
|player|p1|thymetime|158
|player|p2|alohabruh|102
|gametype|singles
|gen|6
|tier|UU
|rated
|rule|Sleep Clause Mod: Limit one foe put to sleep
|rule|Species Clause: Limit one of each PokÃ©mon
|rule|OHKO Clause: OHKO moves are banned
|rule|Moody Clause: Moody is banned
|rule|Evasion Moves Clause: Evasion moves are banned
|rule|Endless Battle Clause: Forcing endless battles is banned
|rule|HP Percentage Mod: HP is shown in percentages
|clearpoke
|poke|p1|Porygon-Z
|poke|p1|Lucario, F
|poke|p1|Donphan, F
|poke|p1|Vaporeon, F
|poke|p1|Beedrill, M
|poke|p1|Dragalge, M, shiny
|poke|p2|Pikachu, F
|poke|p2|Beedrill, M
|poke|p2|Machamp, F
|poke|p2|Hydreigon, M
|poke|p2|Crobat, F
|poke|p2|Raikou
|rule|Swagger Clause: Swagger is banned
|rule|Baton Pass Clause: Limit one PokÃ©mon knowing Baton Pass
|teampreview
|
|start
|switch|p1a: Dragalgalgle|Dragalge, M, shiny|305\/305
|switch|p2a: Machamp|Machamp, F|383\/383
|turn|1
|
|move|p1a: Dragalgalgle|Sludge Wave|p2a: Machamp
|-damage|p2a: Machamp|169\/383
|move|p2a: Machamp|Dynamic Punch|p1a: Dragalgalgle
|-resisted|p1a: Dragalgalgle
|-damage|p1a: Dragalgalgle|197\/305
|-start|p1a: Dragalgalgle|confusion
|
|turn|2
|
|switch|p2a: Crobat|Crobat, F|374\/374
|-activate|p1a: Dragalgalgle|confusion
|-damage|p1a: Dragalgalgle|173\/305|[from] confusion
|
|turn|3
|
|switch|p1a: Vapor|Vaporeon, F|464\/464
|move|p2a: Crobat|Brave Bird|p1a: Vapor
|-damage|p1a: Vapor|268\/464
|-damage|p2a: Crobat|309\/374|[from] recoil|[of] p1a: Vapor
|
|-heal|p2a: Crobat|332\/374|[from] item: Leftovers
|-heal|p1a: Vapor|297\/464|[from] item: Leftovers
|turn|4
|
|move|p2a: Crobat|U-turn|p1a: Vapor
|-damage|p1a: Vapor|217\/464
|
|switch|p2a: Machamp|Machamp, F|169\/383
|move|p1a: Vapor|Wish|p1a: Vapor
|
|-heal|p1a: Vapor|246\/464|[from] item: Leftovers
|turn|5
|
|move|p1a: Vapor|Protect|p1a: Vapor
|-singleturn|p1a: Vapor|Protect
|move|p2a: Machamp|Dynamic Punch|p1a: Vapor
|-activate|p1a: Vapor|Protect
|
|-heal|p1a: Vapor|464\/464|[from] move: Wish|[wisher] Vapor
|turn|6
|
|move|p1a: Vapor|Scald|p2a: Machamp
|-damage|p2a: Machamp|51\/383
|move|p2a: Machamp|Dynamic Punch|p1a: Vapor
|-crit|p1a: Vapor
|-damage|p1a: Vapor|130\/464
|-start|p1a: Vapor|confusion
|
|-heal|p1a: Vapor|159\/464|[from] item: Leftovers
|turn|7
|
|-activate|p1a: Vapor|confusion
|move|p1a: Vapor|Scald|p2a: Machamp
|-damage|p2a: Machamp|0 fnt
|faint|p2a: Machamp
|
|-heal|p1a: Vapor|188\/464|[from] item: Leftovers
|
|switch|p2a: Crobat|Crobat, F|332\/374
|turn|8
|
|-activate|p1a: Vapor|confusion
|-damage|p1a: Vapor|163\/464|[from] confusion
|move|p2a: Crobat|Brave Bird|p1a: Vapor
|-damage|p1a: Vapor|0 fnt
|-damage|p2a: Crobat|278\/374|[from] recoil|[of] p1a: Vapor
|faint|p1a: Vapor
|
|-heal|p2a: Crobat|301\/374|[from] item: Leftovers
|
|switch|p1a: Power-Z|Porygon-Z|312\/312
|turn|9
|
|move|p1a: Power-Z|Ice Beam|p2a: Crobat
|-supereffective|p2a: Crobat
|-damage|p2a: Crobat|31\/374
|-status|p2a: Crobat|frz
|cant|p2a: Crobat|frz
|
|-heal|p2a: Crobat|54\/374 frz|[from] item: Leftovers
|turn|10
|c|âthymetime|oof
|c|âthymetime|my bad man
|
|move|p1a: Power-Z|Ice Beam|p2a: Crobat
|-supereffective|p2a: Crobat
|-damage|p2a: Crobat|0 fnt
|faint|p2a: Crobat
|
|c|âalohabruh|shit happens
|
|switch|p2a: Raikou|Raikou|321\/321
|-ability|p2a: Raikou|Pressure
|turn|11
|
|move|p1a: Power-Z|Ice Beam|p2a: Raikou
|-damage|p2a: Raikou|213\/321
|move|p2a: Raikou|Thunderbolt|p1a: Power-Z
|-damage|p1a: Power-Z|14\/312
|
|turn|12
|
|move|p1a: Power-Z|Ice Beam|p2a: Raikou
|-damage|p2a: Raikou|96\/321
|move|p2a: Raikou|Thunderbolt|p1a: Power-Z
|-damage|p1a: Power-Z|0 fnt
|faint|p1a: Power-Z
|
|
|switch|p1a: Stingmon|Beedrill, M|272\/272
|turn|13
|
|detailschange|p1a: Stingmon|Beedrill-Mega, M
|-mega|p1a: Stingmon|Beedrill|Beedrillite
|move|p1a: Stingmon|Protect|p1a: Stingmon
|-singleturn|p1a: Stingmon|Protect
|move|p2a: Raikou|Thunderbolt|p1a: Stingmon
|-activate|p1a: Stingmon|Protect
|
|turn|14
|
|move|p1a: Stingmon|U-turn|p2a: Raikou
|-damage|p2a: Raikou|0 fnt
|faint|p2a: Raikou
|
|switch|p1a: Dolphin|Donphan, F|384\/384
|
|
|switch|p2a: Hydreigon|Hydreigon, M|325\/325
|turn|15
|
|move|p2a: Hydreigon|Draco Meteor|p1a: Dolphin
|-activate|p1a: Dolphin|Sturdy
|-damage|p1a: Dolphin|1\/384
|-unboost|p2a: Hydreigon|spa|2
|-damage|p2a: Hydreigon|293\/325|[from] item: Life Orb
|move|p1a: Dolphin|Knock Off|p2a: Hydreigon
|-resisted|p2a: Hydreigon
|-damage|p2a: Hydreigon|237\/325
|-enditem|p2a: Hydreigon|Life Orb|[from] move: Knock Off|[of] p1a: Dolphin
|
|-heal|p1a: Dolphin|25\/384|[from] item: Leftovers
|turn|16
|
|move|p2a: Hydreigon|Draco Meteor|p1a: Dolphin
|-damage|p1a: Dolphin|0 fnt
|-unboost|p2a: Hydreigon|spa|2
|faint|p1a: Dolphin
|
|
|switch|p1a: Lukario|Lucario, F|281\/281
|turn|17
|
|move|p2a: Hydreigon|Superpower|p1a: Lukario
|-supereffective|p1a: Lukario
|-damage|p1a: Lukario|0 fnt
|-unboost|p2a: Hydreigon|atk|1
|-unboost|p2a: Hydreigon|def|1
|faint|p1a: Lukario
|
|
|switch|p1a: Stingmon|Beedrill-Mega, M|272\/272
|turn|18
|
|move|p1a: Stingmon|U-turn|p2a: Hydreigon
|-supereffective|p2a: Hydreigon
|-damage|p2a: Hydreigon|0 fnt
|faint|p2a: Hydreigon
|
|switch|p1a: Dragalgalgle|Dragalge, M, shiny|173\/305
|
|
|switch|p2a: Beedrill|Beedrill, M|271\/271
|turn|19
|
|detailschange|p2a: Beedrill|Beedrill-Mega, M
|-mega|p2a: Beedrill|Beedrill|Beedrillite
|move|p2a: Beedrill|Protect|p2a: Beedrill
|-singleturn|p2a: Beedrill|Protect
|move|p1a: Dragalgalgle|Draco Meteor|p2a: Beedrill
|-activate|p2a: Beedrill|Protect
|
|turn|20
|
|move|p2a: Beedrill|Drill Run|p1a: Dragalgalgle
|-supereffective|p1a: Dragalgalgle
|-damage|p1a: Dragalgalgle|0 fnt
|faint|p1a: Dragalgalgle
|
|
|switch|p1a: Stingmon|Beedrill-Mega, M|272\/272
|turn|21
|
|move|p1a: Stingmon|Poison Jab|p2a: Beedrill
|-resisted|p2a: Beedrill
|-damage|p2a: Beedrill|71\/271
|move|p2a: Beedrill|Drill Run|p1a: Stingmon
|-damage|p1a: Stingmon|46\/272
|
|turn|22
|
|move|p2a: Beedrill|Drill Run|p1a: Stingmon
|-damage|p1a: Stingmon|0 fnt
|faint|p1a: Stingmon
|
|win|alohabruh
|raw|Ladder updating...
|c|âthymetime|gg
|raw|thymetime's rating: 1222 &rarr; <strong>1204<\/strong><br \/>(-18 for losing)
|raw|alohabruh's rating: 1332 &rarr; <strong>1346<\/strong><br \/>(+14 for winning)
|leave|thymetime
|c|âalohabruh|gg
|player|p1