|join|Gardevoir90
|join|thymetime
|player|p1|Gardevoir90|290
|player|p2|thymetime|158
|gametype|singles
|gen|6
|tier|UU
|rule|Sleep Clause Mod: Limit one foe put to sleep
|rule|Species Clause: Limit one of each PokÃ©mon
|rule|OHKO Clause: OHKO moves are banned
|rule|Moody Clause: Moody is banned
|rule|Evasion Moves Clause: Evasion moves are banned
|rule|Endless Battle Clause: Forcing endless battles is banned
|rule|HP Percentage Mod: HP is shown in percentages
|clearpoke
|poke|p1|Espeon, F, shiny
|poke|p1|Porygon2
|poke|p1|Ampharos, F
|poke|p1|Suicune, shiny
|poke|p1|Umbreon, F, shiny
|poke|p1|Houndoom, F, shiny
|poke|p2|Medicham, F
|poke|p2|Snorlax, M
|poke|p2|Doublade, M
|poke|p2|Hydreigon, M
|poke|p2|Empoleon, M
|poke|p2|Florges, F
|rule|Swagger Clause: Swagger is banned
|rule|Baton Pass Clause: Limit one PokÃ©mon knowing Baton Pass
|teampreview
|join|JC111414
|c|âGardevoir90|gl hf
|c|âthymetime|same to you
|join|Kleffi
|c|âGardevoir90|hey JC
|c| JC111414|hello
|
|start
|switch|p1a: Moonlight|Umbreon, F, shiny|394\/394
|switch|p2a: Florges|Florges, F|360\/360
|turn|1
|join|stormsky25
|c|âGardevoir90|Seabiscut is mean
|leave|stormsky25
|
|move|p2a: Florges|Moonblast|p1a: Moonlight
|-supereffective|p1a: Moonlight
|-damage|p1a: Moonlight|248\/394
|move|p1a: Moonlight|Curse|p1a: Moonlight
|-boost|p1a: Moonlight|atk|1
|-boost|p1a: Moonlight|def|1
|-unboost|p1a: Moonlight|spe|1
|
|-heal|p1a: Moonlight|272\/394|[from] item: Leftovers
|turn|2
|join|Giltia
|c|âGardevoir90|wow
|c|âGardevoir90|did nothing
|
|move|p2a: Florges|Moonblast|p1a: Moonlight
|-supereffective|p1a: Moonlight
|-damage|p1a: Moonlight|114\/394
|move|p1a: Moonlight|Moonlight|p1a: Moonlight
|-heal|p1a: Moonlight|311\/394
|
|-heal|p1a: Moonlight|335\/394|[from] item: Leftovers
|turn|3
|join|thunderkid blitz
|
|switch|p2a: Medicham|Medicham, F|261\/261
|move|p1a: Moonlight|Curse|p1a: Moonlight
|-boost|p1a: Moonlight|atk|1
|-boost|p1a: Moonlight|def|1
|-unboost|p1a: Moonlight|spe|1
|
|-heal|p1a: Moonlight|359\/394|[from] item: Leftovers
|turn|4
|c|âGardevoir90|you remember this JC?
|
|detailschange|p2a: Medicham|Medicham-Mega, F
|-mega|p2a: Medicham|Medicham|Medichamite
|move|p2a: Medicham|Substitute|p2a: Medicham
|-start|p2a: Medicham|Substitute
|-damage|p2a: Medicham|196\/261
|move|p1a: Moonlight|Baton Pass|p1a: Moonlight
|c| JC111414|yes
|
|switch|p1a: Espeonage|Espeon, F, shiny|271\/271
|
|turn|5
|c|âGardevoir90|bye bye
|
|move|p2a: Medicham|High Jump Kick|p1a: Espeonage
|-resisted|p1a: Espeonage
|-damage|p1a: Espeonage|131\/271
|move|p1a: Espeonage|Psyshock|p2a: Medicham
|-end|p2a: Medicham|Substitute
|-damage|p1a: Espeonage|104\/271|[from] item: Life Orb
|
|turn|6
|c|âthymetime|why is this thing so broke
|c|âthymetime|oml
|
|move|p2a: Medicham|High Jump Kick|p1a: Espeonage
|-resisted|p1a: Espeonage
|-damage|p1a: Espeonage|0 fnt
|faint|p1a: Espeonage
|
|c| Giltia|y did u switch to esp
|c|âGardevoir90|what megacham?
|c|âthymetime|yeah
|join|Peppermint Creams
|c|âGardevoir90|and idk
|c| Giltia|suicune was a better choice
|
|switch|p1a: Poul|Porygon2|373\/373
|-boost|p1a: Poul|atk|1|[from] ability: Download
|turn|7
|c|âGardevoir90|or him
|c| Giltia|its ogre
|
|move|p2a: Medicham|High Jump Kick|p1a: Poul
|-supereffective|p1a: Poul
|-damage|p1a: Poul|0 fnt
|faint|p1a: Poul
|
|c|âGardevoir90|what?
|
|switch|p1a: Amphy|Ampharos, F|383\/383
|turn|8
|
|switch|p2a: Snorlax|Snorlax, M|461\/461
|detailschange|p1a: Amphy|Ampharos-Mega, F
|-mega|p1a: Amphy|Ampharos|Ampharosite
|-ability|p1a: Amphy|Mold Breaker
|move|p1a: Amphy|Thunderbolt|p2a: Snorlax
|-damage|p2a: Snorlax|293\/461
|
|turn|9
|c|âGardevoir90|Mega vs. Mega
|c|âGardevoir90|or not
|c|âGardevoir90|hoah
|c|âGardevoir90|come on
|join|Serperior BaeBlade
|
|move|p1a: Amphy|Brick Break|p2a: Snorlax
|-supereffective|p2a: Snorlax
|-damage|p2a: Snorlax|137\/461
|move|p2a: Snorlax|Earthquake|p1a: Amphy
|-supereffective|p1a: Amphy
|-damage|p1a: Amphy|35\/383
|
|turn|10
|join|Eren Swaeger
|c| Serperior BaeBlade|hiiii
|c|âGardevoir90|let me kill snorlax
|
|switch|p2a: Doublade|Doublade, M|322\/322
|move|p1a: Amphy|Thunderbolt|p2a: Doublade
|-damage|p2a: Doublade|93\/322
|
|turn|11
|c| Eren Swaeger|Yummy
|leave|Serperior BaeBlade
|
|move|p2a: Doublade|Shadow Sneak|p1a: Amphy
|-damage|p1a: Amphy|0 fnt
|faint|p1a: Amphy
|
|
|switch|p1a: Crystal|Suicune, shiny|404\/404
|-ability|p1a: Crystal|Pressure
|turn|12
|c|âGardevoir90|please
|
|switch|p2a: Hydreigon|Hydreigon, M|325\/325
|move|p1a: Crystal|Scald|p2a: Hydreigon
|-resisted|p2a: Hydreigon
|-damage|p2a: Hydreigon|276\/325
|-status|p2a: Hydreigon|brn
|
|-damage|p2a: Hydreigon|236\/325 brn|[from] brn
|turn|13
|c| JC111414|Gardevoir
|c|âGardevoir90|lol
|c| JC111414|this aint ordinary trainer
|c|âGardevoir90|what do you mean?
|
|move|p2a: Hydreigon|Dark Pulse|p1a: Crystal
|-damage|p1a: Crystal|247\/404
|-damage|p2a: Hydreigon|204\/325 brn|[from] item: Life Orb
|move|p1a: Crystal|Scald|p2a: Hydreigon
|-resisted|p2a: Hydreigon
|-damage|p2a: Hydreigon|153\/325 brn
|
|-heal|p1a: Crystal|272\/404|[from] item: Leftovers
|-damage|p2a: Hydreigon|113\/325 brn|[from] brn
|turn|14
|c| JC111414|He knows how to fight
|c| Peppermint Creams|That's some in game dialogue right there
|c|âGardevoir90|so do I
|
|move|p2a: Hydreigon|Draco Meteor|p1a: Crystal
|-damage|p1a: Crystal|6\/404
|-unboost|p2a: Hydreigon|spa|2
|-damage|p2a: Hydreigon|81\/325 brn|[from] item: Life Orb
|move|p1a: Crystal|Scald|p2a: Hydreigon
|-crit|p2a: Hydreigon
|-resisted|p2a: Hydreigon
|-damage|p2a: Hydreigon|6\/325 brn
|
|-heal|p1a: Crystal|31\/404|[from] item: Leftovers
|-damage|p2a: Hydreigon|0 fnt|[from] brn
|faint|p2a: Hydreigon
|c|âGardevoir90|and this is a dead hydreigon
|
|switch|p2a: Medicham|Medicham-Mega, F|196\/261
|turn|15
|c|âGardevoir90|im gonna lose
|c| Giltia|and a soon dead suicune
|
|move|p2a: Medicham|Fake Out|p1a: Crystal
|-damage|p1a: Crystal|0 fnt
|faint|p1a: Crystal
|
|c|âGardevoir90|why
|c|âGardevoir90|gg
|
|switch|p1a: Christen|Houndoom, F, shiny|291\/291
|turn|16
|
|move|p2a: Medicham|High Jump Kick|p1a: Christen
|-supereffective|p1a: Christen
|-damage|p1a: Christen|0 fnt
|faint|p1a: Christen
|
|c|âGardevoir90|eh
|c|âGardevoir90|WHY WONT IT MISS
|
|switch|p1a: Moonlight|Umbreon, F, shiny|359\/394
|turn|17
|c|âthymetime|its been training
|c| Giltia|coz 90%
|c|âthymetime|in the mountains
|c|âthymetime|of kenya
|c|âGardevoir90|90%!
|
|move|p2a: Medicham|High Jump Kick|p1a: Moonlight
|-supereffective|p1a: Moonlight
|-damage|p1a: Moonlight|0 fnt
|faint|p1a: Moonlight
|
|win|thymetime
|c|âGardevoir90|why Kenya?
|c|âthymetime|gg
|c|âGardevoir90|gg
|c| JC111414|but if it fails it hits himself
|c| Giltia|y nawt
|leave|Peppermint Creams
|leave|thymetime
|leave|Giltia
|player|p2
|leave|Gardevoir90
|leave|JC111414
|player|p1
|leave|Kleffi