|join|thymetime
|join|SmashBrosBrawl
|player|p1|thymetime|158
|player|p2|SmashBrosBrawl|170
|gametype|singles
|gen|6
|tier|UU
|rule|Sleep Clause Mod: Limit one foe put to sleep
|rule|Species Clause: Limit one of each PokÃ©mon
|rule|OHKO Clause: OHKO moves are banned
|rule|Moody Clause: Moody is banned
|rule|Evasion Moves Clause: Evasion moves are banned
|rule|Endless Battle Clause: Forcing endless battles is banned
|rule|HP Percentage Mod: HP is shown in percentages
|clearpoke
|poke|p1|Medicham, M
|poke|p1|Snorlax, M
|poke|p1|Doublade, F
|poke|p1|Hydreigon, M
|poke|p1|Empoleon, M
|poke|p1|Florges, F
|poke|p2|Cresselia, F
|poke|p2|Vaporeon, M
|poke|p2|Chesnaught, F
|poke|p2|Hydreigon, M
|poke|p2|Aggron, M
|poke|p2|Nidoqueen, F
|rule|Swagger Clause: Swagger is banned
|rule|Baton Pass Clause: Limit one PokÃ©mon knowing Baton Pass
|teampreview
|c|âSmashBrosBrawl|oml
|c|âSmashBrosBrawl|medicham
|c|âSmashBrosBrawl|,,,
|c|âthymetime|i dont have any other teams
|c|âthymetime|and
|c|âthymetime|this one
|c|âthymetime|is still p shit
|join|Frickett
|
|start
|switch|p1a: Snorlax|Snorlax, M|461\/461
|switch|p2a: Megatron|Aggron, M|344\/344
|turn|1
|c|âSmashBrosBrawl|nb
|
|detailschange|p2a: Megatron|Aggron-Mega, M
|-mega|p2a: Megatron|Aggron|Aggronite
|move|p2a: Megatron|Stealth Rock|p1a: Snorlax
|-sidestart|p1: thymetime|move: Stealth Rock
|move|p1a: Snorlax|Earthquake|p2a: Megatron
|-supereffective|p2a: Megatron
|-damage|p2a: Megatron|221\/344
|
|turn|2
|c|âSmashBrosBrawl|,
|c|âSmashBrosBrawl|band
|c|âSmashBrosBrawl|!!
|c|âthymetime|no ur just weak
|
|switch|p2a: chester|Chesnaught, F|380\/380
|move|p1a: Snorlax|Earthquake|p2a: chester
|-resisted|p2a: chester
|-damage|p2a: chester|330\/380
|
|-heal|p2a: chester|353\/380|[from] item: Leftovers
|turn|3
|c|âSmashBrosBrawl|nah ure band gtfo
|c|âthymetime|fuck u
|
|switch|p1a: Medicham|Medicham, M|261\/261
|-damage|p1a: Medicham|245\/261|[from] Stealth Rock
|move|p2a: chester|Spikes|p1a: Medicham
|-sidestart|p1: thymetime|Spikes
|
|-heal|p2a: chester|376\/380|[from] item: Leftovers
|turn|4
|
|switch|p1a: Hydreigon|Hydreigon, M|325\/325
|-damage|p1a: Hydreigon|285\/325|[from] Stealth Rock
|move|p2a: chester|Spiky Shield|p2a: chester
|-fail|p2a: chester
|
|-heal|p2a: chester|380\/380|[from] item: Leftovers
|turn|5
|
|move|p2a: chester|Spiky Shield|p2a: chester
|-singleturn|p2a: chester|move: Protect
|move|p1a: Hydreigon|Draco Meteor|p2a: chester
|-activate|p2a: chester|Protect
|
|turn|6
|
|switch|p2a: fluffy|Vaporeon, M|463\/463
|move|p1a: Hydreigon|Draco Meteor|p2a: fluffy
|-damage|p2a: fluffy|208\/463
|-unboost|p1a: Hydreigon|spa|2
|-damage|p1a: Hydreigon|253\/325|[from] item: Life Orb
|
|-heal|p2a: fluffy|236\/463|[from] item: Leftovers
|turn|7
|
|move|p1a: Hydreigon|Roost|p1a: Hydreigon
|-heal|p1a: Hydreigon|325\/325
|move|p2a: fluffy|Wish|p2a: fluffy
|
|-heal|p2a: fluffy|264\/463|[from] item: Leftovers
|turn|8
|
|switch|p2a: Yuno|Nidoqueen, F|358\/358
|move|p1a: Hydreigon|Superpower|p2a: Yuno
|-resisted|p2a: Yuno
|-damage|p2a: Yuno|284\/358
|-unboost|p1a: Hydreigon|atk|1
|-unboost|p1a: Hydreigon|def|1
|-damage|p1a: Hydreigon|293\/325|[from] item: Life Orb
|
|-heal|p2a: Yuno|358\/358|[from] move: Wish|[wisher] fluffy
|turn|9
|c|âthymetime|fuck
|c|âthymetime|cancel
|c|âSmashBrosBrawl|!_!
|c|âthymetime|button
|
|switch|p1a: Snorlax|Snorlax, M|461\/461
|-damage|p1a: Snorlax|404\/461|[from] Spikes
|-damage|p1a: Snorlax|347\/461|[from] Stealth Rock
|move|p2a: Yuno|Sludge Wave|p1a: Snorlax
|-damage|p1a: Snorlax|179\/461
|
|turn|10
|
|move|p2a: Yuno|Superpower|p1a: Snorlax
|-supereffective|p1a: Snorlax
|-damage|p1a: Snorlax|0 fnt
|-unboost|p2a: Yuno|atk|1
|-unboost|p2a: Yuno|def|1
|-damage|p2a: Yuno|323\/358|[from] item: Life Orb
|faint|p1a: Snorlax
|
|c|âthymetime|innovation!
|
|switch|p1a: Medicham|Medicham, M|245\/261
|-damage|p1a: Medicham|213\/261|[from] Spikes
|-damage|p1a: Medicham|197\/261|[from] Stealth Rock
|turn|11
|
|switch|p2a: Yuno 2|Cresselia, F|444\/444
|detailschange|p1a: Medicham|Medicham-Mega, M
|-mega|p1a: Medicham|Medicham|Medichamite
|move|p1a: Medicham|Substitute|p1a: Medicham
|-start|p1a: Medicham|Substitute
|-damage|p1a: Medicham|132\/261
|
|turn|12
|c|âSmashBrosBrawl|implying
|
|move|p1a: Medicham|High Jump Kick|p2a: Yuno 2
|-resisted|p2a: Yuno 2
|-damage|p2a: Yuno 2|313\/444
|move|p2a: Yuno 2|Calm Mind|p2a: Yuno 2
|-boost|p2a: Yuno 2|spa|1
|-boost|p2a: Yuno 2|spd|1
|
|-heal|p2a: Yuno 2|340\/444|[from] item: Leftovers
|turn|13
|c|âthymetime|it's ok
|
|move|p1a: Medicham|High Jump Kick|p2a: Yuno 2|[miss]
|-miss|p1a: Medicham|p2a: Yuno 2
|-damage|p1a: Medicham|2\/261|[from] highjumpkick
|move|p2a: Yuno 2|Calm Mind|p2a: Yuno 2
|-boost|p2a: Yuno 2|spa|1
|-boost|p2a: Yuno 2|spd|1
|
|-heal|p2a: Yuno 2|367\/444|[from] item: Leftovers
|turn|14
|c|âthymetime|broke mon
|c|âthymetime|ok
|c|âSmashBrosBrawl|im not sure what ure trying to do
|
|move|p1a: Medicham|Zen Headbutt|p2a: Yuno 2
|-resisted|p2a: Yuno 2
|-damage|p2a: Yuno 2|298\/444
|move|p2a: Yuno 2|Calm Mind|p2a: Yuno 2
|-boost|p2a: Yuno 2|spa|1
|-boost|p2a: Yuno 2|spd|1
|
|-heal|p2a: Yuno 2|325\/444|[from] item: Leftovers
|turn|15
|c|âthymetime|i gave up
|c|âthymetime|awhile
|c|âthymetime|ago
|c|âthymetime|god im tired
|-message|thymetime forfeited.
|c|âSmashBrosBrawl|g
|leave|thymetime
|
|win|SmashBrosBrawl
|leave|SmashBrosBrawl
|player|p1
|player|p2