|join|Dit dus
|join|Cute Luna Star
|player|p1|Dit dus|265
|player|p2|Cute Luna Star|232
|gametype|singles
|gen|6
|tier|OU
|rated
|clearpoke
|poke|p1|Garchomp, F
|poke|p1|Charizard, F
|poke|p1|Magnezone
|poke|p1|Clefable, F
|poke|p1|Tyranitar, M
|poke|p1|Excadrill, M
|poke|p2|Landorus-Therian, M
|poke|p2|Gyarados, F
|poke|p2|Excadrill, M
|poke|p2|Terrakion
|poke|p2|Breloom, M
|poke|p2|Talonflame, M
|rule|Swagger Clause: Swagger is banned
|rule|Baton Pass Clause: Limit one PokÃ©mon knowing Baton Pass
|rule|Sleep Clause Mod: Limit one foe put to sleep
|rule|Species Clause: Limit one of each PokÃ©mon
|rule|OHKO Clause: OHKO moves are banned
|rule|Moody Clause: Moody is banned
|rule|Evasion Moves Clause: Evasion moves are banned
|rule|Endless Battle Clause: Forcing endless battles is banned
|rule|HP Percentage Mod: HP is shown in percentages
|teampreview
|
|start
|switch|p1a: Garchomp|Garchomp, F|358\/358
|switch|p2a: Talonflame|Talonflame, M|323\/323
|turn|1
|
|move|p2a: Talonflame|Taunt|p1a: Garchomp
|-start|p1a: Garchomp|move: Taunt
|move|p1a: Garchomp|Dragon Claw|p2a: Talonflame
|-damage|p2a: Talonflame|161\/323
|
|turn|2
|
|switch|p1a: Clefable|Clefable, F|394\/394
|move|p2a: Talonflame|Will-O-Wisp|p1a: Clefable
|-status|p1a: Clefable|brn
|
|turn|3
|
|move|p2a: Talonflame|Taunt|p1a: Clefable
|-start|p1a: Clefable|move: Taunt
|cant|p1a: Clefable|move: Taunt|Stealth Rock
|
|turn|4
|
|switch|p1a: Charizard|Charizard, F|298\/298
|move|p2a: Talonflame|Roost|p2a: Talonflame
|-heal|p2a: Talonflame|323\/323
|
|turn|5
|
|switch|p2a: Terrakion|Terrakion|323\/323
|detailschange|p1a: Charizard|Charizard-Mega-X, F
|message|Charizard has Mega Evolved into Mega Charizard!
|move|p1a: Charizard|Dragon Claw|p2a: Terrakion
|-damage|p2a: Terrakion|121\/323
|
|turn|6
|
|move|p2a: Terrakion|Stealth Rock|p1a: Charizard
|-sidestart|p1: Dit dus|move: Stealth Rock
|move|p1a: Charizard|Dragon Claw|p2a: Terrakion
|-damage|p2a: Terrakion|0 fnt
|faint|p2a: Terrakion
|
|
|switch|p2a: Excadrill|Excadrill, M|362\/362
|-ability|p2a: Excadrill|Mold Breaker
|turn|7
|
|switch|p1a: Excadrill|Excadrill, M|362\/362
|-damage|p1a: Excadrill|351\/362|[from] Stealth Rock
|-item|p1a: Excadrill|Air Balloon
|move|p2a: Excadrill|Earthquake|p1a: Excadrill
|-immune|p1a: Excadrill|[msg]
|
|turn|8
|
|switch|p2a: Landorus-Therian|Landorus-Therian, M|338\/338
|-ability|p2a: Landorus-Therian|Intimidate|[of] p1a: Excadrill
|-unboost|p1a: Excadrill|atk|1
|move|p1a: Excadrill|Rapid Spin|p2a: Landorus-Therian
|-crit|p2a: Landorus-Therian
|-damage|p2a: Landorus-Therian|297\/338
|-sideend|p1: Dit dus|Stealth Rock|[from] move: Rapid Spin|[of] p1a: Excadrill
|
|turn|9
|
|switch|p1a: Magnezone|Magnezone|282\/282
|move|p2a: Landorus-Therian|Knock Off|p1a: Magnezone
|-damage|p1a: Magnezone|151\/282
|-enditem|p1a: Magnezone|Choice Scarf|[from] move: Knock Off|[of] p2a: Landorus-Therian
|
|turn|10
|
|move|p2a: Landorus-Therian|Earthquake|p1a: Magnezone
|-supereffective|p1a: Magnezone
|-damage|p1a: Magnezone|0 fnt
|faint|p1a: Magnezone
|
|
|switch|p1a: Clefable|Clefable, F|394\/394 brn
|turn|11
|
|move|p2a: Landorus-Therian|Earthquake|p1a: Clefable
|-damage|p1a: Clefable|145\/394 brn
|move|p1a: Clefable|Stealth Rock|p2a: Landorus-Therian
|-sidestart|p2: Cute Luna Star|move: Stealth Rock
|
|turn|12
|
|switch|p1a: Excadrill|Excadrill, M|351\/362
|-item|p1a: Excadrill|Air Balloon
|move|p2a: Landorus-Therian|Earthquake|p1a: Excadrill
|-immune|p1a: Excadrill|[msg]
|
|turn|13
|
|move|p1a: Excadrill|Iron Head|p2a: Landorus-Therian
|-damage|p2a: Landorus-Therian|110\/338
|move|p2a: Landorus-Therian|Knock Off|p1a: Excadrill
|-damage|p1a: Excadrill|144\/362
|-enditem|p1a: Excadrill|Air Balloon
|
|turn|14
|
|switch|p2a: Excadrill|Excadrill, M|362\/362
|-damage|p2a: Excadrill|351\/362|[from] Stealth Rock
|-ability|p2a: Excadrill|Mold Breaker
|move|p1a: Excadrill|Iron Head|p2a: Excadrill
|-resisted|p2a: Excadrill
|-damage|p2a: Excadrill|240\/362
|
|turn|15
|
|switch|p1a: Clefable|Clefable, F|145\/394 brn
|move|p2a: Excadrill|Earthquake|p1a: Clefable
|-damage|p1a: Clefable|0 fnt
|faint|p1a: Clefable
|
|
|switch|p1a: Garchomp|Garchomp, F|358\/358
|turn|16
|
|switch|p2a: Talonflame|Talonflame, M|323\/323
|-damage|p2a: Talonflame|162\/323|[from] Stealth Rock
|move|p1a: Garchomp|Earthquake|p2a: Talonflame
|-immune|p2a: Talonflame|[msg]
|
|turn|17
|
|switch|p1a: Charizard|Charizard-Mega-X, F|298\/298
|move|p2a: Talonflame|Brave Bird|p1a: Charizard
|-damage|p1a: Charizard|136\/298
|-damage|p2a: Talonflame|109\/323|[from] recoil|[of] p1a: Charizard
|
|turn|18
|
|switch|p1a: Tyranitar|Tyranitar, M|404\/404
|-weather|Sandstorm
|move|p2a: Talonflame|Brave Bird|p1a: Tyranitar
|-resisted|p1a: Tyranitar
|-damage|p1a: Tyranitar|326\/404
|-damage|p2a: Talonflame|83\/323|[from] recoil|[of] p1a: Tyranitar
|
|-weather|Sandstorm|[upkeep]
|-damage|p2a: Talonflame|63\/323|[from] sandstorm
|turn|19
|
|move|p2a: Talonflame|Will-O-Wisp|p1a: Tyranitar
|-status|p1a: Tyranitar|brn
|move|p1a: Tyranitar|Crunch|p2a: Talonflame
|-damage|p2a: Talonflame|0 fnt
|faint|p2a: Talonflame
|
|-weather|Sandstorm|[upkeep]
|-damage|p1a: Tyranitar|276\/404 brn|[from] brn
|
|switch|p2a: Excadrill|Excadrill, M|240\/362
|-damage|p2a: Excadrill|229\/362|[from] Stealth Rock
|-ability|p2a: Excadrill|Mold Breaker
|turn|20
|
|switch|p1a: Charizard|Charizard-Mega-X, F|136\/298
|move|p2a: Excadrill|Rapid Spin|p1a: Charizard
|-damage|p1a: Charizard|111\/298
|-sideend|p2: Cute Luna Star|Stealth Rock|[from] move: Rapid Spin|[of] p2a: Excadrill
|
|-weather|Sandstorm|[upkeep]
|-damage|p1a: Charizard|93\/298|[from] sandstorm
|turn|21
|
|switch|p2a: Gyarados|Gyarados, F|333\/333
|-ability|p2a: Gyarados|Intimidate|[of] p1a: Charizard
|-unboost|p1a: Charizard|atk|1
|move|p1a: Charizard|Dragon Dance|p1a: Charizard
|-boost|p1a: Charizard|atk|1
|-boost|p1a: Charizard|spe|1
|
|-weather|Sandstorm|[upkeep]
|-damage|p1a: Charizard|75\/298|[from] sandstorm
|-damage|p2a: Gyarados|313\/333|[from] sandstorm
|turn|22
|
|detailschange|p2a: Gyarados|Gyarados-Mega, F
|message|Gyarados has Mega Evolved into Mega Gyarados!
|-ability|p2a: Gyarados|Mold Breaker
|move|p1a: Charizard|Roost|p1a: Charizard
|-heal|p1a: Charizard|224\/298
|move|p2a: Gyarados|Earthquake|p1a: Charizard
|-supereffective|p1a: Charizard
|-damage|p1a: Charizard|0 fnt
|faint|p1a: Charizard
|
|-weather|none
|
|switch|p1a: Excadrill|Excadrill, M|144\/362
|turn|23
|
|move|p2a: Gyarados|Waterfall|p1a: Excadrill
|-supereffective|p1a: Excadrill
|-damage|p1a: Excadrill|0 fnt
|faint|p1a: Excadrill
|
|
|switch|p1a: Tyranitar|Tyranitar, M|276\/404 brn
|-weather|Sandstorm
|turn|24
|
|move|p2a: Gyarados|Waterfall|p1a: Tyranitar
|-supereffective|p1a: Tyranitar
|-damage|p1a: Tyranitar|0 fnt
|faint|p1a: Tyranitar
|
|-weather|Sandstorm|[upkeep]
|-damage|p2a: Gyarados|293\/333|[from] sandstorm
|
|switch|p1a: Garchomp|Garchomp, F|358\/358
|turn|25
|
|move|p1a: Garchomp|Swords Dance|p1a: Garchomp
|-boost|p1a: Garchomp|atk|2
|move|p2a: Gyarados|Ice Fang|p1a: Garchomp
|-supereffective|p1a: Garchomp
|-damage|p1a: Garchomp|0 fnt
|-damage|p2a: Gyarados|252\/333|[from] ability: Rough Skin|[of] p1a: Garchomp
|faint|p1a: Garchomp
|
|win|Cute Luna Star
|raw|Ladder updating...
|raw|Dit dus's rating: 1663 &rarr; <strong>1644<\/strong><br \/>(-19 for losing)
|raw|Cute Luna Star's rating: 1681 &rarr; <strong>1700<\/strong><br \/>(+19 for winning)