|join|Dit dus
|join|NezMcNezza5
|player|p1|Dit dus|170
|player|p2|NezMcNezza5|167
|gametype|singles
|gen|6
|tier|OU
|rated
|clearpoke
|poke|p1|Charizard, M
|poke|p1|Azumarill, M
|poke|p1|Latias, F
|poke|p1|Terrakion
|poke|p1|Diggersby, M
|poke|p1|Ferrothorn, F
|poke|p2|Alomomola, F
|poke|p2|Venusaur, F
|poke|p2|Heatran, M
|poke|p2|Chansey, F
|poke|p2|Skarmory, M
|poke|p2|Amoonguss, M
|rule|Swagger Clause: Swagger is banned
|rule|Baton Pass Clause: Limit one PokÃ©mon knowing Baton Pass
|rule|Sleep Clause Mod: Limit one foe put to sleep
|rule|Species Clause: Limit one of each PokÃ©mon
|rule|OHKO Clause: OHKO moves are banned
|rule|Moody Clause: Moody is banned
|rule|Evasion Moves Clause: Evasion moves are banned
|rule|Endless Battle Clause: Forcing endless battles is banned
|rule|HP Percentage Mod: HP is shown in percentages
|teampreview
|
|start
|switch|p1a: Terrakion|Terrakion|323\/323
|switch|p2a: Skarmory|Skarmory, M|334\/334
|turn|1
|
|move|p1a: Terrakion|Taunt|p2a: Skarmory
|-start|p2a: Skarmory|move: Taunt
|cant|p2a: Skarmory|move: Taunt|Spikes
|
|turn|2
|
|switch|p1a: Charizard|Charizard, M|297\/297
|move|p2a: Skarmory|Brave Bird|p1a: Charizard
|-damage|p1a: Charizard|150\/297
|-damage|p2a: Skarmory|285\/334|[from] recoil|[of] p1a: Charizard
|
|-heal|p2a: Skarmory|305\/334|[from] item: Leftovers
|turn|3
|
|switch|p2a: Chansey|Chansey, F|704\/704
|detailschange|p1a: Charizard|Charizard-Mega-Y, M
|message|Charizard has Mega Evolved into Mega Charizard!
|-weather|SunnyDay
|move|p1a: Charizard|Roost|p1a: Charizard
|-heal|p1a: Charizard|297\/297
|
|-weather|SunnyDay|[upkeep]
|turn|4
|
|switch|p1a: Ferrothorn|Ferrothorn, F|352\/352
|move|p2a: Chansey|Toxic|p1a: Ferrothorn
|-fail|p1a: Ferrothorn
|
|-weather|SunnyDay|[upkeep]
|turn|5
|
|switch|p2a: Heatran|Heatran, M|324\/324
|-item|p2a: Heatran|Air Balloon
|switch|p1a: Diggersby|Diggersby, M|311\/311
|
|-weather|SunnyDay|[upkeep]
|turn|6
|
|move|p1a: Diggersby|U-turn|p2a: Heatran
|-resisted|p2a: Heatran
|-damage|p2a: Heatran|302\/324
|-enditem|p2a: Heatran|Air Balloon
|
|switch|p1a: Azumarill|Azumarill, M|401\/401
|move|p2a: Heatran|Lava Plume|p1a: Azumarill
|-resisted|p1a: Azumarill
|-damage|p1a: Azumarill|322\/401
|
|-weather|SunnyDay|[upkeep]
|turn|7
|
|switch|p2a: Venusaur|Venusaur, F|364\/364
|move|p1a: Azumarill|Waterfall|p2a: Venusaur
|-resisted|p2a: Venusaur
|-damage|p2a: Venusaur|328\/364
|
|-weather|none
|turn|8
|
|switch|p1a: Ferrothorn|Ferrothorn, F|352\/352
|detailschange|p2a: Venusaur|Venusaur-Mega, F
|message|Venusaur has Mega Evolved into Mega Venusaur!
|move|p2a: Venusaur|Knock Off|p1a: Ferrothorn
|-damage|p1a: Ferrothorn|308\/352
|-damage|p2a: Venusaur|283\/364|[from] ability: Iron Barbs|[of] p1a: Ferrothorn
|-enditem|p1a: Ferrothorn|Leftovers|[from] move: Knock Off|[of] p2a: Venusaur
|
|turn|9
|
|switch|p2a: Heatran|Heatran, M|302\/324
|move|p1a: Ferrothorn|Thunder Wave|p2a: Heatran
|-status|p2a: Heatran|par
|
|turn|10
|
|switch|p1a: Azumarill|Azumarill, M|322\/401
|move|p2a: Heatran|Stealth Rock|p1a: Azumarill
|-sidestart|p1: Dit dus|move: Stealth Rock
|
|turn|11
|
|switch|p1a: Latias|Latias, F|302\/302
|-damage|p1a: Latias|265\/302|[from] Stealth Rock
|switch|p2a: Venusaur|Venusaur-Mega, F|283\/364
|
|turn|12
|
|switch|p2a: Chansey|Chansey, F|704\/704
|move|p1a: Latias|Defog|p2a: Chansey
|-unboost|p2a: Chansey|evasion|1
|-sideend|p1: Dit dus|Stealth Rock|[from] move: Defog|[of] p1a: Latias
|
|turn|13
|
|switch|p1a: Terrakion|Terrakion|323\/323
|move|p2a: Chansey|Toxic|p1a: Terrakion
|-status|p1a: Terrakion|tox
|
|-damage|p1a: Terrakion|303\/323 tox|[from] psn
|turn|14
|
|switch|p2a: Alomomola|Alomomola, F|534\/534
|move|p1a: Terrakion|Stealth Rock|p2a: Alomomola
|-sidestart|p2: NezMcNezza5|move: Stealth Rock
|
|-damage|p1a: Terrakion|263\/323 tox|[from] psn
|turn|15
|
|switch|p1a: Ferrothorn|Ferrothorn, F|308\/352
|move|p2a: Alomomola|Wish|p2a: Alomomola
|
|turn|16
|join|ALS DOE
|
|switch|p2a: Skarmory|Skarmory, M|305\/334
|-damage|p2a: Skarmory|264\/334|[from] Stealth Rock
|move|p1a: Ferrothorn|Leech Seed|p2a: Skarmory
|-start|p2a: Skarmory|move: Leech Seed
|
|-heal|p2a: Skarmory|334\/334|[from] move: Wish|[wisher] Alomomola
|-damage|p2a: Skarmory|293\/334|[from] Leech Seed|[of] p1a: Ferrothorn
|-heal|p1a: Ferrothorn|349\/352|[silent]
|turn|17
|
|switch|p1a: Charizard|Charizard-Mega-Y, M|297\/297
|-weather|SunnyDay
|move|p2a: Skarmory|Defog|p1a: Charizard
|-unboost|p1a: Charizard|evasion|1
|-sideend|p2: NezMcNezza5|Stealth Rock|[from] move: Defog|[of] p2a: Skarmory
|
|-weather|SunnyDay|[upkeep]
|-heal|p2a: Skarmory|313\/334|[from] item: Leftovers
|-damage|p2a: Skarmory|272\/334|[from] Leech Seed|[of] p1a: Charizard
|turn|18
|
|switch|p2a: Chansey|Chansey, F|704\/704
|move|p1a: Charizard|Focus Blast|p2a: Chansey
|-supereffective|p2a: Chansey
|-damage|p2a: Chansey|484\/704
|
|-weather|SunnyDay|[upkeep]
|turn|19
|
|switch|p1a: Terrakion|Terrakion|263\/323 tox
|move|p2a: Chansey|Soft-Boiled|p2a: Chansey
|-heal|p2a: Chansey|704\/704
|
|-weather|SunnyDay|[upkeep]
|-damage|p1a: Terrakion|243\/323 tox|[from] psn
|turn|20
|
|switch|p2a: Alomomola|Alomomola, F|534\/534
|move|p1a: Terrakion|Stealth Rock|p2a: Alomomola
|-sidestart|p2: NezMcNezza5|move: Stealth Rock
|
|-weather|SunnyDay|[upkeep]
|-damage|p1a: Terrakion|203\/323 tox|[from] psn
|turn|21
|
|move|p1a: Terrakion|Taunt|p2a: Alomomola
|-start|p2a: Alomomola|move: Taunt
|move|p2a: Alomomola|Scald|p1a: Terrakion
|-supereffective|p1a: Terrakion
|-damage|p1a: Terrakion|149\/323 tox
|
|-weather|none
|-damage|p1a: Terrakion|89\/323 tox|[from] psn
|turn|22
|
|switch|p2a: Skarmory|Skarmory, M|272\/334
|-damage|p2a: Skarmory|231\/334|[from] Stealth Rock
|move|p1a: Terrakion|Close Combat|p2a: Skarmory
|-crit|p2a: Skarmory
|-damage|p2a: Skarmory|48\/334
|-unboost|p1a: Terrakion|def|1
|-unboost|p1a: Terrakion|spd|1
|
|-heal|p2a: Skarmory|68\/334|[from] item: Leftovers
|-damage|p1a: Terrakion|9\/323 tox|[from] psn
|turn|23
|
|move|p1a: Terrakion|Close Combat|p2a: Skarmory
|-damage|p2a: Skarmory|0 fnt
|-unboost|p1a: Terrakion|def|1
|-unboost|p1a: Terrakion|spd|1
|faint|p2a: Skarmory
|
|-damage|p1a: Terrakion|0 fnt|[from] psn
|faint|p1a: Terrakion
|
|switch|p1a: Diggersby|Diggersby, M|311\/311
|switch|p2a: Alomomola|Alomomola, F|534\/534
|-damage|p2a: Alomomola|468\/534|[from] Stealth Rock
|turn|24
|
|move|p1a: Diggersby|Earthquake|p2a: Alomomola
|-damage|p2a: Alomomola|297\/534
|move|p2a: Alomomola|Toxic|p1a: Diggersby
|-status|p1a: Diggersby|tox
|
|-heal|p2a: Alomomola|330\/534|[from] item: Leftovers
|-damage|p1a: Diggersby|292\/311 tox|[from] psn
|turn|25
|
|switch|p1a: Charizard|Charizard-Mega-Y, M|297\/297
|-weather|SunnyDay
|move|p2a: Alomomola|Wish|p2a: Alomomola
|
|-weather|SunnyDay|[upkeep]
|-heal|p2a: Alomomola|363\/534|[from] item: Leftovers
|turn|26
|
|switch|p2a: Chansey|Chansey, F|704\/704
|-damage|p2a: Chansey|616\/704|[from] Stealth Rock
|move|p1a: Charizard|Focus Blast|p2a: Chansey
|-supereffective|p2a: Chansey
|-damage|p2a: Chansey|414\/704
|
|-weather|SunnyDay|[upkeep]
|-heal|p2a: Chansey|681\/704|[from] move: Wish|[wisher] Alomomola
|turn|27
|
|switch|p1a: Ferrothorn|Ferrothorn, F|349\/352
|move|p2a: Chansey|Seismic Toss|p1a: Ferrothorn
|-damage|p1a: Ferrothorn|249\/352
|-damage|p2a: Chansey|593\/704|[from] ability: Iron Barbs|[of] p1a: Ferrothorn
|
|-weather|SunnyDay|[upkeep]
|turn|28
|
|switch|p2a: Amoonguss|Amoonguss, M|432\/432
|-damage|p2a: Amoonguss|378\/432|[from] Stealth Rock
|move|p1a: Ferrothorn|Leech Seed|p2a: Amoonguss
|-immune|p2a: Amoonguss|[msg]
|
|-weather|SunnyDay|[upkeep]
|-heal|p2a: Amoonguss|405\/432|[from] item: Black Sludge
|turn|29
|
|move|p2a: Amoonguss|Foul Play|p1a: Ferrothorn
|-damage|p1a: Ferrothorn|209\/352
|-damage|p2a: Amoonguss|351\/432|[from] ability: Iron Barbs|[of] p1a: Ferrothorn
|move|p1a: Ferrothorn|Thunder Wave|p2a: Amoonguss
|-status|p2a: Amoonguss|par
|
|-weather|none
|-heal|p2a: Amoonguss|378\/432 par|[from] item: Black Sludge
|turn|30
|
|move|p1a: Ferrothorn|Gyro Ball|p2a: Amoonguss
|-damage|p2a: Amoonguss|354\/432 par
|move|p2a: Amoonguss|Foul Play|p1a: Ferrothorn
|-damage|p1a: Ferrothorn|164\/352
|-damage|p2a: Amoonguss|300\/432 par|[from] ability: Iron Barbs|[of] p1a: Ferrothorn
|
|-heal|p2a: Amoonguss|327\/432 par|[from] item: Black Sludge
|turn|31
|
|switch|p1a: Charizard|Charizard-Mega-Y, M|297\/297
|-weather|SunnyDay
|cant|p2a: Amoonguss|par
|
|-weather|SunnyDay|[upkeep]
|-heal|p2a: Amoonguss|354\/432 par|[from] item: Black Sludge
|turn|32
|
|switch|p2a: Chansey|Chansey, F|593\/704
|-damage|p2a: Chansey|505\/704|[from] Stealth Rock
|move|p1a: Charizard|Focus Blast|p2a: Chansey|[miss]
|-miss|p1a: Charizard|p2a: Chansey
|
|-weather|SunnyDay|[upkeep]
|turn|33
|
|switch|p1a: Azumarill|Azumarill, M|322\/401
|move|p2a: Chansey|Soft-Boiled|p2a: Chansey
|-heal|p2a: Chansey|704\/704
|
|-weather|SunnyDay|[upkeep]
|turn|34
|
|switch|p2a: Venusaur|Venusaur-Mega, F|283\/364
|-damage|p2a: Venusaur|238\/364|[from] Stealth Rock
|move|p1a: Azumarill|Knock Off|p2a: Venusaur
|-damage|p2a: Venusaur|175\/364
|
|-weather|SunnyDay|[upkeep]
|turn|35
|
|switch|p1a: Charizard|Charizard-Mega-Y, M|297\/297
|move|p2a: Venusaur|Synthesis|p2a: Venusaur
|-heal|p2a: Venusaur|364\/364
|
|-weather|none
|turn|36
|
|switch|p2a: Chansey|Chansey, F|704\/704
|-damage|p2a: Chansey|616\/704|[from] Stealth Rock
|move|p1a: Charizard|Fire Blast|p2a: Chansey
|-damage|p2a: Chansey|472\/704
|
|turn|37
|
|switch|p1a: Diggersby|Diggersby, M|292\/311 tox
|move|p2a: Chansey|Soft-Boiled|p2a: Chansey
|-heal|p2a: Chansey|704\/704
|
|-damage|p1a: Diggersby|273\/311 tox|[from] psn
|turn|38
|
|switch|p2a: Alomomola|Alomomola, F|534\/534
|-damage|p2a: Alomomola|468\/534|[from] Stealth Rock
|move|p1a: Diggersby|Earthquake|p2a: Alomomola
|-damage|p2a: Alomomola|296\/534
|
|-heal|p2a: Alomomola|329\/534|[from] item: Leftovers
|-damage|p1a: Diggersby|235\/311 tox|[from] psn
|turn|39
|
|move|p1a: Diggersby|Earthquake|p2a: Alomomola
|-damage|p2a: Alomomola|167\/534
|move|p2a: Alomomola|Wish|p2a: Alomomola
|
|-heal|p2a: Alomomola|200\/534|[from] item: Leftovers
|-damage|p1a: Diggersby|178\/311 tox|[from] psn
|turn|40
|
|move|p2a: Alomomola|Protect|p2a: Alomomola
|-singleturn|p2a: Alomomola|Protect
|move|p1a: Diggersby|Earthquake|p2a: Alomomola
|-activate|p2a: Alomomola|Protect
|
|-heal|p2a: Alomomola|467\/534|[from] move: Wish|[wisher] Alomomola
|-heal|p2a: Alomomola|500\/534|[from] item: Leftovers
|-damage|p1a: Diggersby|102\/311 tox|[from] psn
|turn|41
|
|switch|p1a: Ferrothorn|Ferrothorn, F|164\/352
|move|p2a: Alomomola|Wish|p2a: Alomomola
|
|-heal|p2a: Alomomola|533\/534|[from] item: Leftovers
|turn|42
|
|switch|p2a: Amoonguss|Amoonguss, M|432\/432 par
|-damage|p2a: Amoonguss|378\/432 par|[from] Stealth Rock
|move|p1a: Ferrothorn|Gyro Ball|p2a: Amoonguss
|-damage|p2a: Amoonguss|353\/432 par
|
|-heal|p2a: Amoonguss|432\/432 par|[from] move: Wish|[wisher] Alomomola
|turn|43
|
|move|p1a: Ferrothorn|Gyro Ball|p2a: Amoonguss
|-damage|p2a: Amoonguss|407\/432 par
|move|p2a: Amoonguss|Spore|p1a: Ferrothorn
|-fail|p1a: Ferrothorn
|
|-heal|p2a: Amoonguss|432\/432 par|[from] item: Black Sludge
|turn|44
|
|move|p1a: Ferrothorn|Gyro Ball|p2a: Amoonguss
|-damage|p2a: Amoonguss|408\/432 par
|move|p2a: Amoonguss|Spore|p1a: Ferrothorn
|-fail|p1a: Ferrothorn
|
|-heal|p2a: Amoonguss|432\/432 par|[from] item: Black Sludge
|turn|45
|
|move|p1a: Ferrothorn|Gyro Ball|p2a: Amoonguss
|-damage|p2a: Amoonguss|407\/432 par
|move|p2a: Amoonguss|Spore|p1a: Ferrothorn
|-fail|p1a: Ferrothorn
|
|-heal|p2a: Amoonguss|432\/432 par|[from] item: Black Sludge
|turn|46
|
|switch|p1a: Diggersby|Diggersby, M|102\/311 tox
|cant|p2a: Amoonguss|par
|
|-damage|p1a: Diggersby|83\/311 tox|[from] psn
|turn|47
|
|switch|p2a: Alomomola|Alomomola, F|534\/534
|-damage|p2a: Alomomola|468\/534|[from] Stealth Rock
|move|p1a: Diggersby|U-turn|p2a: Alomomola
|-damage|p2a: Alomomola|391\/534
|
|switch|p1a: Charizard|Charizard-Mega-Y, M|297\/297
|-weather|SunnyDay
|
|-weather|SunnyDay|[upkeep]
|-heal|p2a: Alomomola|424\/534|[from] item: Leftovers
|turn|48
|
|switch|p2a: Chansey|Chansey, F|704\/704
|-damage|p2a: Chansey|616\/704|[from] Stealth Rock
|move|p1a: Charizard|Solar Beam|p2a: Chansey|[still]
|-prepare|p1a: Charizard|Solar Beam|p2a: Chansey
|-anim|p1a: Charizard|Solar Beam|p2a: Chansey
|-damage|p2a: Chansey|516\/704
|
|-weather|SunnyDay|[upkeep]
|turn|49
|
|move|p1a: Charizard|Focus Blast|p2a: Chansey
|-supereffective|p2a: Chansey
|-damage|p2a: Chansey|298\/704
|-unboost|p2a: Chansey|spd|1
|move|p2a: Chansey|Soft-Boiled|p2a: Chansey
|-heal|p2a: Chansey|650\/704
|
|-weather|SunnyDay|[upkeep]
|turn|50
|
|move|p1a: Charizard|Focus Blast|p2a: Chansey
|-supereffective|p2a: Chansey
|-damage|p2a: Chansey|310\/704
|move|p2a: Chansey|Toxic|p1a: Charizard
|-status|p1a: Charizard|tox
|
|-weather|SunnyDay|[upkeep]
|-damage|p1a: Charizard|279\/297 tox|[from] psn
|turn|51
|
|switch|p2a: Amoonguss|Amoonguss, M|432\/432 par
|-damage|p2a: Amoonguss|378\/432 par|[from] Stealth Rock
|move|p1a: Charizard|Focus Blast|p2a: Amoonguss
|-resisted|p2a: Amoonguss
|-damage|p2a: Amoonguss|312\/432 par
|
|-weather|none
|-heal|p2a: Amoonguss|339\/432 par|[from] item: Black Sludge
|-damage|p1a: Charizard|243\/297 tox|[from] psn
|turn|52
|
|switch|p1a: Diggersby|Diggersby, M|83\/311 tox
|switch|p2a: Chansey|Chansey, F|310\/704
|-damage|p2a: Chansey|222\/704|[from] Stealth Rock
|
|-damage|p1a: Diggersby|64\/311 tox|[from] psn
|turn|53
|
|switch|p2a: Alomomola|Alomomola, F|534\/534
|-damage|p2a: Alomomola|468\/534|[from] Stealth Rock
|move|p1a: Diggersby|Earthquake|p2a: Alomomola
|-damage|p2a: Alomomola|290\/534
|
|-heal|p2a: Alomomola|323\/534|[from] item: Leftovers
|-damage|p1a: Diggersby|26\/311 tox|[from] psn
|turn|54
|
|move|p1a: Diggersby|Earthquake|p2a: Alomomola
|-crit|p2a: Alomomola
|-damage|p2a: Alomomola|40\/534
|move|p2a: Alomomola|Wish|p2a: Alomomola
|
|-heal|p2a: Alomomola|73\/534|[from] item: Leftovers
|-damage|p1a: Diggersby|0 fnt|[from] psn
|faint|p1a: Diggersby
|leave|ALS DOE
|
|switch|p1a: Ferrothorn|Ferrothorn, F|164\/352
|turn|55
|
|move|p2a: Alomomola|Protect|p2a: Alomomola
|-singleturn|p2a: Alomomola|Protect
|move|p1a: Ferrothorn|Power Whip|p2a: Alomomola
|-activate|p2a: Alomomola|Protect
|
|-heal|p2a: Alomomola|340\/534|[from] move: Wish|[wisher] Alomomola
|-heal|p2a: Alomomola|373\/534|[from] item: Leftovers
|turn|56
|
|switch|p2a: Amoonguss|Amoonguss, M|432\/432 par
|-damage|p2a: Amoonguss|378\/432 par|[from] Stealth Rock
|switch|p1a: Charizard|Charizard-Mega-Y, M|243\/297 tox
|-weather|SunnyDay
|
|-weather|SunnyDay|[upkeep]
|-heal|p2a: Amoonguss|405\/432 par|[from] item: Black Sludge
|-damage|p1a: Charizard|225\/297 tox|[from] psn
|turn|57
|
|move|p1a: Charizard|Fire Blast|p2a: Amoonguss
|-supereffective|p2a: Amoonguss
|-damage|p2a: Amoonguss|0 fnt
|faint|p2a: Amoonguss
|
|-weather|SunnyDay|[upkeep]
|-damage|p1a: Charizard|189\/297 tox|[from] psn
|
|switch|p2a: Heatran|Heatran, M|302\/324 par
|-damage|p2a: Heatran|262\/324 par|[from] Stealth Rock
|turn|58
|
|move|p1a: Charizard|Focus Blast|p2a: Heatran
|-supereffective|p2a: Heatran
|-damage|p2a: Heatran|0 fnt
|faint|p2a: Heatran
|
|-weather|SunnyDay|[upkeep]
|-damage|p1a: Charizard|135\/297 tox|[from] psn
|
|switch|p2a: Alomomola|Alomomola, F|534\/534
|-damage|p2a: Alomomola|468\/534|[from] Stealth Rock
|turn|59
|
|move|p2a: Alomomola|Protect|p2a: Alomomola
|-singleturn|p2a: Alomomola|Protect
|move|p1a: Charizard|Roost|p1a: Charizard
|-heal|p1a: Charizard|284\/297 tox
|
|-weather|SunnyDay|[upkeep]
|-heal|p2a: Alomomola|501\/534|[from] item: Leftovers
|-damage|p1a: Charizard|212\/297 tox|[from] psn
|turn|60
|
|switch|p1a: Ferrothorn|Ferrothorn, F|164\/352
|switch|p2a: Venusaur|Venusaur-Mega, F|364\/364
|-damage|p2a: Venusaur|319\/364|[from] Stealth Rock
|
|-weather|none
|turn|61
|
|move|p2a: Venusaur|Sludge Bomb|p1a: Ferrothorn
|-immune|p1a: Ferrothorn|[msg]
|move|p1a: Ferrothorn|Thunder Wave|p2a: Venusaur
|-status|p2a: Venusaur|par
|
|turn|62
|
|move|p2a: Venusaur|Sludge Bomb|p1a: Ferrothorn
|-immune|p1a: Ferrothorn|[msg]
|move|p1a: Ferrothorn|Gyro Ball|p2a: Venusaur
|-damage|p2a: Venusaur|297\/364 par
|
|turn|63
|
|move|p2a: Venusaur|Sludge Bomb|p1a: Ferrothorn
|-immune|p1a: Ferrothorn|[msg]
|move|p1a: Ferrothorn|Gyro Ball|p2a: Venusaur
|-damage|p2a: Venusaur|276\/364 par
|
|turn|64
|
|move|p2a: Venusaur|Sludge Bomb|p1a: Ferrothorn
|-immune|p1a: Ferrothorn|[msg]
|move|p1a: Ferrothorn|Gyro Ball|p2a: Venusaur
|-damage|p2a: Venusaur|254\/364 par
|
|turn|65
|
|switch|p1a: Azumarill|Azumarill, M|322\/401
|move|p2a: Venusaur|Sludge Bomb|p1a: Azumarill
|-supereffective|p1a: Azumarill
|-damage|p1a: Azumarill|122\/401
|
|turn|66
|
|move|p1a: Azumarill|Waterfall|p2a: Venusaur
|-resisted|p2a: Venusaur
|-damage|p2a: Venusaur|200\/364 par
|cant|p2a: Venusaur|par
|
|turn|67
|
|move|p1a: Azumarill|Waterfall|p2a: Venusaur
|-resisted|p2a: Venusaur
|-damage|p2a: Venusaur|143\/364 par
|cant|p2a: Venusaur|flinch
|
|turn|68
|
|move|p1a: Azumarill|Waterfall|p2a: Venusaur
|-resisted|p2a: Venusaur
|-damage|p2a: Venusaur|90\/364 par
|cant|p2a: Venusaur|flinch
|
|turn|69
|
|move|p1a: Azumarill|Waterfall|p2a: Venusaur
|-resisted|p2a: Venusaur
|-damage|p2a: Venusaur|31\/364 par
|move|p2a: Venusaur|Synthesis|p2a: Venusaur
|-heal|p2a: Venusaur|213\/364 par
|
|turn|70
|
|move|p1a: Azumarill|Waterfall|p2a: Venusaur
|-crit|p2a: Venusaur
|-resisted|p2a: Venusaur
|-damage|p2a: Venusaur|134\/364 par
|move|p2a: Venusaur|Synthesis|p2a: Venusaur
|-heal|p2a: Venusaur|316\/364 par
|
|turn|71
|
|move|p1a: Azumarill|Waterfall|p2a: Venusaur
|-resisted|p2a: Venusaur
|-damage|p2a: Venusaur|259\/364 par
|move|p2a: Venusaur|Sludge Bomb|p1a: Azumarill
|-supereffective|p1a: Azumarill
|-damage|p1a: Azumarill|0 fnt
|faint|p1a: Azumarill
|
|
|switch|p1a: Charizard|Charizard-Mega-Y, M|212\/297 tox
|-weather|SunnyDay
|turn|72
|
|move|p1a: Charizard|Fire Blast|p2a: Venusaur
|-supereffective|p2a: Venusaur
|-damage|p2a: Venusaur|0 fnt
|faint|p2a: Venusaur
|
|-weather|SunnyDay|[upkeep]
|-damage|p1a: Charizard|194\/297 tox|[from] psn
|
|switch|p2a: Alomomola|Alomomola, F|534\/534
|-damage|p2a: Alomomola|468\/534|[from] Stealth Rock
|turn|73
|
|move|p2a: Alomomola|Protect|p2a: Alomomola
|-singleturn|p2a: Alomomola|Protect
|move|p1a: Charizard|Solar Beam|p2a: Alomomola|[still]
|-prepare|p1a: Charizard|Solar Beam|p2a: Alomomola
|-anim|p1a: Charizard|Solar Beam|p2a: Alomomola
|-activate|p2a: Alomomola|Protect
|
|-weather|SunnyDay|[upkeep]
|-heal|p2a: Alomomola|501\/534|[from] item: Leftovers
|-damage|p1a: Charizard|158\/297 tox|[from] psn
|turn|74
|
|move|p2a: Alomomola|Protect|p2a: Alomomola
|-fail|p2a: Alomomola
|move|p1a: Charizard|Solar Beam|p2a: Alomomola|[still]
|-prepare|p1a: Charizard|Solar Beam|p2a: Alomomola
|-anim|p1a: Charizard|Solar Beam|p2a: Alomomola
|-supereffective|p2a: Alomomola
|-damage|p2a: Alomomola|0 fnt
|faint|p2a: Alomomola
|
|-weather|SunnyDay|[upkeep]
|-damage|p1a: Charizard|104\/297 tox|[from] psn
|
|switch|p2a: Chansey|Chansey, F|222\/704
|-damage|p2a: Chansey|134\/704|[from] Stealth Rock
|turn|75
|
|move|p1a: Charizard|Fire Blast|p2a: Chansey
|-damage|p2a: Chansey|0 fnt
|faint|p2a: Chansey
|
|win|Dit dus
|raw|Ladder updating...
|raw|Dit dus's rating: 1812 &rarr; <strong>1824<\/strong><br \/>(+12 for winning)
|raw|NezMcNezza5's rating: 1669 &rarr; <strong>1656<\/strong><br \/>(-13 for losing)
|chat|Dit dus|gg
|leave|NezMcNezza5
|player|p2