|join|Dit dus
|join|Valicity
|player|p1|Dit dus|101
|player|p2|Valicity|143
|gametype|singles
|gen|6
|tier|OU
|rated
|clearpoke
|poke|p1|Scizor, F
|poke|p1|Latias, F
|poke|p1|Heatran, F
|poke|p1|Gliscor, M
|poke|p1|Landorus, M
|poke|p1|Terrakion
|poke|p2|Empoleon, M
|poke|p2|Pinsir, M
|poke|p2|Azumarill, M
|poke|p2|Conkeldurr, F
|poke|p2|Landorus-Therian, M
|poke|p2|Magnezone
|rule|Swagger Clause: Swagger is banned
|rule|Baton Pass Clause: Limit one PokÃ©mon knowing Baton Pass
|rule|Sleep Clause Mod: Limit one foe put to sleep
|rule|Species Clause: Limit one of each PokÃ©mon
|rule|OHKO Clause: OHKO moves are banned
|rule|Moody Clause: Moody is banned
|rule|Evasion Moves Clause: Evasion moves are banned
|rule|Endless Battle Clause: Forcing endless battles is banned
|rule|HP Percentage Mod: HP is shown in percentages
|teampreview
|
|start
|switch|p1a: Gliscor|Gliscor, M|354\/354
|switch|p2a: Landorus-Therian|Landorus-Therian, M|319\/319
|-ability|p2a: Landorus-Therian|Intimidate|[of] p1a: Gliscor
|-unboost|p1a: Gliscor|atk|1
|turn|1
|
|move|p1a: Gliscor|Protect|p1a: Gliscor
|-singleturn|p1a: Gliscor|Protect
|move|p2a: Landorus-Therian|U-turn|p1a: Gliscor
|-activate|p1a: Gliscor|Protect
|
|-status|p1a: Gliscor|tox|[from] item: Toxic Orb
|turn|2
|
|move|p2a: Landorus-Therian|U-turn|p1a: Gliscor
|-resisted|p1a: Gliscor
|-damage|p1a: Gliscor|321\/354 tox
|
|switch|p2a: Empoleon|Empoleon, M|372\/372
|move|p1a: Gliscor|Earthquake|p2a: Empoleon
|-supereffective|p2a: Empoleon
|-damage|p2a: Empoleon|262\/372
|
|-heal|p2a: Empoleon|285\/372|[from] item: Leftovers
|-heal|p1a: Gliscor|354\/354 tox|[from] ability: Poison Heal
|turn|3
|
|move|p1a: Gliscor|Taunt|p2a: Empoleon
|-start|p2a: Empoleon|move: Taunt
|cant|p2a: Empoleon|move: Taunt|Stealth Rock
|
|-heal|p2a: Empoleon|308\/372|[from] item: Leftovers
|turn|4
|
|switch|p1a: Scizor|Scizor, F|344\/344
|move|p2a: Empoleon|Scald|p1a: Scizor
|-damage|p1a: Scizor|253\/344
|-status|p1a: Scizor|brn
|
|-heal|p2a: Empoleon|331\/372|[from] item: Leftovers
|-damage|p1a: Scizor|210\/344 brn|[from] brn
|turn|5
|
|detailschange|p1a: Scizor|Scizor-Mega, F
|message|Scizor has Mega Evolved into Mega Scizor!
|move|p1a: Scizor|Knock Off|p2a: Empoleon
|-damage|p2a: Empoleon|290\/372
|-enditem|p2a: Empoleon|Leftovers|[from] move: Knock Off|[of] p1a: Scizor
|move|p2a: Empoleon|Scald|p1a: Scizor
|-damage|p1a: Scizor|134\/344 brn
|
|-damage|p1a: Scizor|91\/344 brn|[from] brn
|-end|p2a: Empoleon|move: Taunt
|turn|6
|
|switch|p1a: Landorus|Landorus, M|319\/319
|move|p2a: Empoleon|Stealth Rock|p1a: Landorus
|-sidestart|p1: Dit dus|move: Stealth Rock
|
|turn|7
|
|switch|p2a: Landorus-Therian|Landorus-Therian, M|319\/319
|-ability|p2a: Landorus-Therian|Intimidate|[of] p1a: Landorus
|-unboost|p1a: Landorus|atk|1
|move|p1a: Landorus|Earth Power|p2a: Landorus-Therian
|-immune|p2a: Landorus-Therian|[msg]
|
|turn|8
|
|switch|p1a: Gliscor|Gliscor, M|354\/354 tox
|-damage|p1a: Gliscor|310\/354 tox|[from] Stealth Rock
|move|p2a: Landorus-Therian|Explosion|p1a: Gliscor
|-damage|p1a: Gliscor|71\/354 tox
|faint|p2a: Landorus-Therian
|
|-heal|p1a: Gliscor|115\/354 tox|[from] ability: Poison Heal
|
|switch|p2a: Empoleon|Empoleon, M|290\/372
|turn|9
|
|move|p1a: Gliscor|Protect|p1a: Gliscor
|-singleturn|p1a: Gliscor|Protect
|move|p2a: Empoleon|Scald|p1a: Gliscor
|-activate|p1a: Gliscor|Protect
|
|-heal|p1a: Gliscor|159\/354 tox|[from] ability: Poison Heal
|turn|10
|
|switch|p1a: Scizor|Scizor-Mega, F|91\/344 brn
|-damage|p1a: Scizor|48\/344 brn|[from] Stealth Rock
|move|p2a: Empoleon|Scald|p1a: Scizor
|-damage|p1a: Scizor|0 fnt
|faint|p1a: Scizor
|
|
|switch|p1a: Landorus|Landorus, M|319\/319
|-damage|p1a: Landorus|280\/319|[from] Stealth Rock
|turn|11
|
|move|p1a: Landorus|Earth Power|p2a: Empoleon
|-supereffective|p2a: Empoleon
|-damage|p2a: Empoleon|0 fnt
|faint|p2a: Empoleon
|
|
|switch|p2a: Azumarill|Azumarill, M|381\/381
|turn|12
|
|switch|p1a: Latias|Latias, F|302\/302
|-damage|p1a: Latias|265\/302|[from] Stealth Rock
|move|p2a: Azumarill|Play Rough|p1a: Latias
|-supereffective|p1a: Latias
|-damage|p1a: Latias|0 fnt
|faint|p1a: Latias
|
|
|switch|p1a: Heatran|Heatran, F|386\/386
|-damage|p1a: Heatran|338\/386|[from] Stealth Rock
|turn|13
|
|switch|p2a: Conkeldurr|Conkeldurr, F|351\/351
|move|p1a: Heatran|Lava Plume|p2a: Conkeldurr
|-damage|p2a: Conkeldurr|275\/351
|
|-heal|p1a: Heatran|362\/386|[from] item: Leftovers
|turn|14
|
|switch|p2a: Pinsir|Pinsir, M|271\/271
|move|p1a: Heatran|Stealth Rock|p2a: Pinsir
|-sidestart|p2: Valicity|move: Stealth Rock
|
|-heal|p1a: Heatran|386\/386|[from] item: Leftovers
|turn|15
|
|switch|p1a: Gliscor|Gliscor, M|159\/354 tox
|-damage|p1a: Gliscor|115\/354 tox|[from] Stealth Rock
|detailschange|p2a: Pinsir|Pinsir-Mega, M
|message|Pinsir has Mega Evolved into Mega Pinsir!
|move|p2a: Pinsir|Substitute|p2a: Pinsir
|-start|p2a: Pinsir|Substitute
|-damage|p2a: Pinsir|204\/271
|
|-heal|p1a: Gliscor|159\/354 tox|[from] ability: Poison Heal
|turn|16
|c|âDit dus|wow
|c|âDit dus|didnt see that one coming
|
|switch|p1a: Heatran|Heatran, F|386\/386
|-damage|p1a: Heatran|338\/386|[from] Stealth Rock
|move|p2a: Pinsir|Return|p1a: Heatran
|-resisted|p1a: Heatran
|-damage|p1a: Heatran|212\/386
|
|-heal|p1a: Heatran|236\/386|[from] item: Leftovers
|turn|17
|c|âValicity|yea its interesting
|
|move|p2a: Pinsir|Earthquake|p1a: Heatran
|-supereffective|p1a: Heatran
|-damage|p1a: Heatran|0 fnt
|faint|p1a: Heatran
|
|
|switch|p1a: Terrakion|Terrakion|323\/323
|-damage|p1a: Terrakion|303\/323|[from] Stealth Rock
|turn|18
|c|âValicity|why do we all have stars next to our names now
|
|move|p1a: Terrakion|Stone Edge|p2a: Pinsir
|-supereffective|p2a: Pinsir
|-end|p2a: Pinsir|Substitute
|move|p2a: Pinsir|Substitute|p2a: Pinsir
|-start|p2a: Pinsir|Substitute
|-damage|p2a: Pinsir|137\/271
|
|turn|19
|c|âDit dus|cause were pro's
|
|move|p1a: Terrakion|Stone Edge|p2a: Pinsir
|-supereffective|p2a: Pinsir
|-end|p2a: Pinsir|Substitute
|move|p2a: Pinsir|Return|p1a: Terrakion
|-damage|p1a: Terrakion|14\/323
|
|turn|20
|c|âValicity|? what do u mean
|
|move|p1a: Terrakion|Stone Edge|p2a: Pinsir
|-supereffective|p2a: Pinsir
|-damage|p2a: Pinsir|0 fnt
|faint|p2a: Pinsir
|
|
|switch|p2a: Azumarill|Azumarill, M|381\/381
|-damage|p2a: Azumarill|334\/381|[from] Stealth Rock
|turn|21
|c|âValicity|gg
|
|move|p2a: Azumarill|Aqua Jet|p1a: Terrakion
|-supereffective|p1a: Terrakion
|-damage|p1a: Terrakion|0 fnt
|faint|p1a: Terrakion
|
|
|switch|p1a: Landorus|Landorus, M|280\/319
|-damage|p1a: Landorus|241\/319|[from] Stealth Rock
|turn|22
|
|move|p2a: Azumarill|Aqua Jet|p1a: Landorus
|-supereffective|p1a: Landorus
|-damage|p1a: Landorus|0 fnt
|faint|p1a: Landorus
|
|c|âDit dus|gg
|-message|Dit dus forfeited.
|
|win|Valicity
|raw|Ladder updating...
|leave|Dit dus
|player|p1
|raw|Dit dus's rating: 1844 &rarr; <strong>1813<\/strong><br \/>(-31 for losing)
|raw|Valicity's rating: 1620 &rarr; <strong>1652<\/strong><br \/>(+32 for winning)