|join|Dit dus
|join|LT5G Unamed
|player|p1|Dit dus|266
|player|p2|LT5G Unamed|72
|gametype|singles
|gen|6
|tier|OU
|rated
|clearpoke
|poke|p1|Tornadus-Therian, M
|poke|p1|Excadrill, F
|poke|p1|Rotom-Wash
|poke|p1|Tyranitar, F
|poke|p1|Heracross, M
|poke|p1|Clefable, F
|poke|p2|Mew
|poke|p2|Ditto
|poke|p2|Gardevoir, M
|poke|p2|Chansey, F
|poke|p2|Suicune
|poke|p2|Gliscor, M
|rule|Swagger Clause: Swagger is banned
|rule|Baton Pass Clause: Limit one PokÃ©mon knowing Baton Pass
|rule|Sleep Clause Mod: Limit one foe put to sleep
|rule|Species Clause: Limit one of each PokÃ©mon
|rule|OHKO Clause: OHKO moves are banned
|rule|Moody Clause: Moody is banned
|rule|Evasion Moves Clause: Evasion moves are banned
|rule|Endless Battle Clause: Forcing endless battles is banned
|rule|HP Percentage Mod: HP is shown in percentages
|teampreview
|join|LT5S Nelson
|
|start
|switch|p1a: Tornadus-Therian|Tornadus-Therian, M|299\/299
|switch|p2a: Gardevoir|Gardevoir, M|340\/340
|turn|1
|
|detailschange|p2a: Gardevoir|Gardevoir-Mega, M
|message|Gardevoir has Mega Evolved into Mega Gardevoir!
|move|p1a: Tornadus-Therian|U-turn|p2a: Gardevoir
|-damage|p2a: Gardevoir|249\/340
|-damage|p1a: Tornadus-Therian|270\/299|[from] item: Life Orb
|join|Tehy
|
|switch|p1a: Tyranitar|Tyranitar, F|341\/341
|-weather|Sandstorm
|move|p2a: Gardevoir|Hyper Voice|p1a: Tyranitar
|-supereffective|p1a: Tyranitar
|-damage|p1a: Tyranitar|17\/341
|
|-weather|Sandstorm|[upkeep]
|-damage|p2a: Gardevoir|228\/340|[from] sandstorm
|turn|2
|c| LT5S Nelson|lol
|
|move|p2a: Gardevoir|Hyper Voice|p1a: Tyranitar
|-supereffective|p1a: Tyranitar
|-damage|p1a: Tyranitar|0 fnt
|faint|p1a: Tyranitar
|
|-weather|Sandstorm|[upkeep]
|-damage|p2a: Gardevoir|207\/340|[from] sandstorm
|c|+Tehy|not sure if to go
|c|+Tehy|"DAT BULK"
|c|+Tehy| or not
|
|switch|p1a: Excadrill|Excadrill, F|362\/362
|turn|3
|c|+Tehy|hmm,it wasn't scarf. guess not
|c|âLT5G Unamed|this bulk is awesome
|
|switch|p2a: Gliscor|Gliscor, M|353\/353
|move|p1a: Excadrill|Iron Head|p2a: Gliscor
|-damage|p2a: Gliscor|189\/353
|-damage|p1a: Excadrill|326\/362|[from] item: Life Orb
|
|-weather|Sandstorm|[upkeep]
|-status|p2a: Gliscor|tox|[from] item: Toxic Orb
|turn|4
|c|+Tehy|why'd you ditch the name anyhow
|
|switch|p1a: Clefable|Clefable, F|394\/394
|move|p2a: Gliscor|Protect|p2a: Gliscor
|-fail|p2a: Gliscor
|
|-weather|Sandstorm|[upkeep]
|-heal|p2a: Gliscor|233\/353 tox|[from] ability: Poison Heal
|turn|5
|
|switch|p2a: Gardevoir|Gardevoir-Mega, M|207\/340
|move|p1a: Clefable|Calm Mind|p1a: Clefable
|-boost|p1a: Clefable|spa|1
|-boost|p1a: Clefable|spd|1
|
|-weather|none
|turn|6
|
|move|p2a: Gardevoir|Calm Mind|p2a: Gardevoir
|-boost|p2a: Gardevoir|spa|1
|-boost|p2a: Gardevoir|spd|1
|move|p1a: Clefable|Moonblast|p2a: Gardevoir
|-damage|p2a: Gardevoir|85\/340
|
|turn|7
|
|move|p2a: Gardevoir|Hyper Voice|p1a: Clefable
|-damage|p1a: Clefable|166\/394
|move|p1a: Clefable|Moonblast|p2a: Gardevoir
|-damage|p2a: Gardevoir|0 fnt
|faint|p2a: Gardevoir
|
|
|switch|p2a: Ditto|Ditto|299\/299
|-transform|p2a: Ditto|p1a: Clefable
|turn|8
|
|switch|p1a: Excadrill|Excadrill, F|326\/362
|move|p2a: Ditto|Moonblast|p1a: Excadrill
|-resisted|p1a: Excadrill
|-damage|p1a: Excadrill|195\/362
|-unboost|p1a: Excadrill|spa|1
|
|turn|9
|c|+Tehy|why not just soft
|
|switch|p2a: Suicune|Suicune|404\/404
|-ability|p2a: Suicune|Pressure
|move|p1a: Excadrill|Iron Head|p2a: Suicune
|-resisted|p2a: Suicune
|-damage|p2a: Suicune|336\/404
|-damage|p1a: Excadrill|159\/362|[from] item: Life Orb
|
|-heal|p2a: Suicune|361\/404|[from] item: Leftovers
|turn|10
|c| LT5S Nelson|yeah
|c|âLT5G Unamed|true
|c|+Tehy|transformed ditto walls itself anyhow
|c| LT5S Nelson|fais gaffe una t'avais choke lÃ 
|c|+Tehy|i agree with nelson
|c|âLT5G Unamed|je pouvais rien faire d'autre nelson Ã  vrai dire
|c|+Tehy|fuck the police
|
|switch|p1a: Tornadus-Therian|Tornadus-Therian, M|299\/299
|move|p2a: Suicune|Calm Mind|p2a: Suicune
|-boost|p2a: Suicune|spa|1
|-boost|p2a: Suicune|spd|1
|
|-heal|p2a: Suicune|386\/404|[from] item: Leftovers
|turn|11
|c| LT5S Nelson|tu devais partir en cm war
|
|move|p1a: Tornadus-Therian|Knock Off|p2a: Suicune
|-damage|p2a: Suicune|324\/404
|-enditem|p2a: Suicune|Leftovers|[from] move: Knock Off|[of] p1a: Tornadus-Therian
|-damage|p1a: Tornadus-Therian|270\/299|[from] item: Life Orb
|move|p2a: Suicune|Scald|p1a: Tornadus-Therian
|-damage|p1a: Tornadus-Therian|141\/299
|-status|p1a: Tornadus-Therian|brn
|
|-damage|p1a: Tornadus-Therian|104\/299 brn|[from] brn
|turn|12
|join|LT5X JohnYiu
|
|move|p1a: Tornadus-Therian|U-turn|p2a: Suicune
|-damage|p2a: Suicune|299\/404
|-damage|p1a: Tornadus-Therian|75\/299 brn|[from] item: Life Orb
|
|switch|p1a: Rotom-Wash|Rotom-Wash|241\/241
|move|p2a: Suicune|Scald|p1a: Rotom-Wash
|-resisted|p1a: Rotom-Wash
|-damage|p1a: Rotom-Wash|181\/241
|
|turn|13
|
|move|p1a: Rotom-Wash|Trick|p2a: Suicune
|-activate|p1a: Rotom-Wash|move: Trick|[of] p2a: Suicune
|-item|p2a: Suicune|Choice Scarf|[from] move: Trick
|move|p2a: Suicune|Calm Mind|p2a: Suicune
|-boost|p2a: Suicune|spa|1
|-boost|p2a: Suicune|spd|1
|
|turn|14
|c|âLT5G Unamed|dur
|c| LT5S Nelson|misÃ¨re
|
|switch|p2a: Mew|Mew|404\/404
|move|p1a: Rotom-Wash|Hydro Pump|p2a: Mew
|-damage|p2a: Mew|244\/404
|
|-heal|p2a: Mew|269\/404|[from] item: Leftovers
|turn|15
|
|move|p1a: Rotom-Wash|Volt Switch|p2a: Mew
|-damage|p2a: Mew|169\/404
|
|switch|p1a: Tornadus-Therian|Tornadus-Therian, M|174\/299 brn
|move|p2a: Mew|Knock Off|p1a: Tornadus-Therian
|-damage|p1a: Tornadus-Therian|76\/299 brn
|-enditem|p1a: Tornadus-Therian|Life Orb|[from] move: Knock Off|[of] p2a: Mew
|
|-heal|p2a: Mew|194\/404|[from] item: Leftovers
|-damage|p1a: Tornadus-Therian|39\/299 brn|[from] brn
|turn|16
|
|switch|p2a: Suicune|Suicune|299\/404
|-ability|p2a: Suicune|Pressure
|move|p1a: Tornadus-Therian|Hurricane|p2a: Suicune
|-damage|p2a: Suicune|145\/404
|
|-damage|p1a: Tornadus-Therian|2\/299 brn|[from] brn
|turn|17
|
|move|p1a: Tornadus-Therian|U-turn|p2a: Suicune
|-crit|p2a: Suicune
|-damage|p2a: Suicune|117\/404
|
|switch|p1a: Excadrill|Excadrill, F|159\/362
|move|p2a: Suicune|Rest|p2a: Suicune
|-status|p2a: Suicune|slp
|-heal|p2a: Suicune|404\/404 slp|[silent]
|-status|p2a: Suicune|slp|[from] move: Rest
|
|turn|18
|
|switch|p2a: Gliscor|Gliscor, M|233\/353 tox
|switch|p1a: Clefable|Clefable, F|166\/394
|
|-heal|p2a: Gliscor|277\/353 tox|[from] ability: Poison Heal
|turn|19
|c|+Tehy|bro
|c|+Tehy|u should've pumped iron
|c| LT5S Nelson|t'as de la chance que ton adversaire soit mauvais
|c| LT5S Nelson|yh
|c| LT5S Nelson|idk why he switched
|c| LT5S Nelson|lol
|join|Kolu
|join|LT5Y Alkov
|c| LT5Y Alkov|lol nelson, you gave him the team ? :o
|c| LT5S Nelson|he's a fren
|c| LT5Y Alkov|ahh
|c| LT5Y Alkov|damn i closed the pastebin of this team lol
|c| LT5Y Alkov|nvm , i think i still got the spread
|
|switch|p2a: Mew|Mew|194\/404
|move|p1a: Clefable|Soft-Boiled|p1a: Clefable
|-heal|p1a: Clefable|363\/394
|
|-heal|p2a: Mew|219\/404|[from] item: Leftovers
|turn|20
|
|move|p2a: Mew|Knock Off|p1a: Clefable
|-resisted|p1a: Clefable
|-damage|p1a: Clefable|326\/394
|-enditem|p1a: Clefable|Life Orb|[from] move: Knock Off|[of] p2a: Mew
|move|p1a: Clefable|Moonblast|p2a: Mew
|-damage|p2a: Mew|107\/404
|-unboost|p2a: Mew|spa|1
|
|-heal|p2a: Mew|132\/404|[from] item: Leftovers
|turn|21
|c| Kolu|i never learnt how to make a mega heracross team 
|
|move|p2a: Mew|Soft-Boiled|p2a: Mew
|-heal|p2a: Mew|334\/404
|move|p1a: Clefable|Calm Mind|p1a: Clefable
|-boost|p1a: Clefable|spa|1
|-boost|p1a: Clefable|spd|1
|
|-heal|p2a: Mew|359\/404|[from] item: Leftovers
|turn|22
|c| LT5Y Alkov|first step
|c| LT5Y Alkov|you put 5 mons, you need to break stall 
|
|switch|p2a: Chansey|Chansey, F|642\/642
|move|p1a: Clefable|Calm Mind|p1a: Clefable
|-boost|p1a: Clefable|spa|1
|-boost|p1a: Clefable|spd|1
|
|turn|23
|c| LT5Y Alkov|or just crazy dmg
|c| LT5Y Alkov|throws in mega hera
|c| LT5Y Alkov|done
|
|move|p1a: Clefable|Calm Mind|p1a: Clefable
|-boost|p1a: Clefable|spa|1
|-boost|p1a: Clefable|spd|1
|move|p2a: Chansey|Stealth Rock|p1a: Clefable
|-sidestart|p1: Dit dus|move: Stealth Rock
|
|turn|24
|
|move|p1a: Clefable|Calm Mind|p1a: Clefable
|-boost|p1a: Clefable|spa|1
|-boost|p1a: Clefable|spd|1
|move|p2a: Chansey|Seismic Toss|p1a: Clefable
|-damage|p1a: Clefable|226\/394
|
|turn|25
|
|move|p1a: Clefable|Calm Mind|p1a: Clefable
|-boost|p1a: Clefable|spa|1
|-boost|p1a: Clefable|spd|1
|move|p2a: Chansey|Seismic Toss|p1a: Clefable
|-damage|p1a: Clefable|126\/394
|
|turn|26
|c| Kolu|5 hitters + mega heracross ?
|c| LT5Y Alkov|wynaut
|
|move|p1a: Clefable|Soft-Boiled|p1a: Clefable
|-heal|p1a: Clefable|323\/394
|move|p2a: Chansey|Seismic Toss|p1a: Clefable
|-damage|p1a: Clefable|223\/394
|
|turn|27
|
|move|p1a: Clefable|Calm Mind|p1a: Clefable
|-boost|p1a: Clefable|spa|1
|-boost|p1a: Clefable|spd|1
|move|p2a: Chansey|Seismic Toss|p1a: Clefable
|-damage|p1a: Clefable|123\/394
|
|turn|28
|
|switch|p2a: Ditto|Ditto|299\/299
|-transform|p2a: Ditto|p1a: Clefable
|move|p1a: Clefable|Soft-Boiled|p1a: Clefable
|-heal|p1a: Clefable|320\/394
|
|turn|29
|
|move|p2a: Ditto|Moonblast|p1a: Clefable
|-crit|p1a: Clefable
|-damage|p1a: Clefable|0 fnt
|faint|p1a: Clefable
|
|c| LT5S Nelson|LOL
|c|âLT5G Unamed|rofl
|
|switch|p1a: Excadrill|Excadrill, F|159\/362
|-damage|p1a: Excadrill|148\/362|[from] Stealth Rock
|turn|30
|c| Kolu|holy shit
|
|switch|p2a: Suicune|Suicune|404\/404 slp
|-ability|p2a: Suicune|Pressure
|move|p1a: Excadrill|Rapid Spin|p2a: Suicune
|-damage|p2a: Suicune|381\/404 slp
|-sideend|p1: Dit dus|Stealth Rock|[from] move: Rapid Spin|[of] p1a: Excadrill
|-damage|p1a: Excadrill|112\/362|[from] item: Life Orb
|
|turn|31
|c| LT5Y Alkov|nice 
|
|switch|p1a: Heracross|Heracross, M|311\/311
|cant|p2a: Suicune|slp
|move|p2a: Suicune|Sleep Talk|p2a: Suicune
|move|p2a: Suicune|Calm Mind|p2a: Suicune|[from]Sleep Talk
|-boost|p2a: Suicune|spa|1
|-boost|p2a: Suicune|spd|1
|
|turn|32
|
|detailschange|p1a: Heracross|Heracross-Mega, M
|message|Heracross has Mega Evolved into Mega Heracross!
|cant|p2a: Suicune|slp
|move|p2a: Suicune|Sleep Talk|p2a: Suicune
|move|p2a: Suicune|Scald|p1a: Heracross|[from]Sleep Talk
|-damage|p1a: Heracross|176\/311
|move|p1a: Heracross|Swords Dance|p1a: Heracross
|-boost|p1a: Heracross|atk|2
|
|turn|33
|c| LT5Y Alkov|how fast is a scarf clefable lol
|c| Kolu|fast enough
|c| LT5Y Alkov|i think it outspeeds adamant exca
|c| LT5Y Alkov|hahahasadlyno
|c| LT5Y Alkov|it's slow af
|c| Kolu|yup :(
|
|-curestatus|p2a: Suicune|slp
|move|p2a: Suicune|Sleep Talk|p2a: Suicune
|-fail|p2a: Suicune
|move|p1a: Heracross|Pin Missile|p2a: Suicune
|-damage|p2a: Suicune|293\/404
|-damage|p2a: Suicune|211\/404
|-damage|p2a: Suicune|126\/404
|-damage|p2a: Suicune|47\/404
|-damage|p2a: Suicune|0 fnt
|-hitcount|p2a: Suicune|5
|faint|p2a: Suicune
|
|
|switch|p2a: Ditto|Ditto|299\/299
|-transform|p2a: Ditto|p1a: Heracross
|turn|34
|
|switch|p1a: Tornadus-Therian|Tornadus-Therian, M|101\/299 brn
|move|p2a: Ditto|Close Combat|p1a: Tornadus-Therian
|-resisted|p1a: Tornadus-Therian
|-damage|p1a: Tornadus-Therian|0 fnt
|-unboost|p2a: Ditto|def|1
|-unboost|p2a: Ditto|spd|1
|faint|p1a: Tornadus-Therian
|
|c| LT5Y Alkov|scarfed +2 mega hera
|c| LT5Y Alkov|borked
|
|switch|p1a: Rotom-Wash|Rotom-Wash|181\/241
|turn|35
|c| Kolu|KILL EVERYONE
|
|move|p2a: Ditto|Close Combat|p1a: Rotom-Wash
|-damage|p1a: Rotom-Wash|0 fnt
|-unboost|p2a: Ditto|def|1
|-unboost|p2a: Ditto|spd|1
|faint|p1a: Rotom-Wash
|
|c| LT5Y Alkov|clean sweep imo
|-message|Dit dus forfeited.
|
|win|LT5G Unamed
|raw|Ladder updating...
|leave|Dit dus
|player|p1
|raw|Dit dus's rating: 1638 &rarr; <strong>1617<\/strong><br \/>(-21 for losing)
|raw|LT5G Unamed's rating: 1617 &rarr; <strong>1639<\/strong><br \/>(+22 for winning)
|c|âLT5G Unamed|huehuehue
|c| LT5S Nelson|hue
|leave|Kolu
|leave|LT5S Nelson
|leave|LT5G Unamed
|player|p2
|join|LT5A Reiddos
|leave|LT5A Reiddos
|join|Rewben
|leave|Rewben
|join|Rewben
|join|LT5A Reiddos
|leave|Rewben
|join|Rewben
|leave|Rewben
|leave|LT5A Reiddos
|join|LT5A Reiddos
|leave|LT5A Reiddos
|join|LT5A Reiddos
|leave|LT5A Reiddos
|leave|LT5Y Alkov
|leave|LT5X JohnYiu
|join|Chocolove