|join|TheSkifler
|join|MuhFugginMoose
|player|p1|TheSkifler|153
|player|p2|MuhFugginMoose|146
|gametype|singles
|gen|6
|tier|OU
|rated
|clearpoke
|poke|p1|Smeargle, M, shiny
|poke|p1|Heracross, F
|poke|p1|Landorus, M, shiny
|poke|p1|Azumarill, M, shiny
|poke|p1|Tyranitar, F, shiny
|poke|p1|Thundurus, M, shiny
|poke|p2|Charizard, M
|poke|p2|Landorus-Therian, M
|poke|p2|Rotom-Wash, shiny
|poke|p2|Ferrothorn, M
|poke|p2|Conkeldurr, M
|poke|p2|Tentacruel, F
|rule|Sleep Clause Mod: Limit one foe put to sleep
|rule|Species Clause: Limit one of each Pokemon
|rule|OHKO Clause: OHKO moves are banned
|rule|Moody Clause: Moody is banned
|rule|Evasion Moves Clause: Evasion moves are banned
|rule|Endless Battle Clause: Forcing endless battles is banned.
|rule|HP Percentage Mod: HP is reported as percentages
|teampreview
|
|start
|switch|p1a: Smeargle|Smeargle, M, shiny|314\/314
|switch|p2a: Slater|Landorus-Therian, M|320\/320
|-ability|p2a: Slater|Intimidate|[of] p1a: Smeargle
|-unboost|p1a: Smeargle|atk|1
|turn|1
|
|move|p2a: Slater|U-turn|p1a: Smeargle
|-damage|p1a: Smeargle|103\/314
|
|switch|p2a: BallTongue|Ferrothorn, M|352\/352
|move|p1a: Smeargle|Dark Void|p2a: BallTongue
|-miss|p1a: Smeargle|p2a: BallTongue
|
|turn|2
|
|move|p1a: Smeargle|Taunt|p2a: BallTongue
|-start|p2a: BallTongue|move: Taunt
|cant|p2a: BallTongue|move: Taunt|Stealth Rock
|
|turn|3
|
|move|p1a: Smeargle|Stealth Rock|p2a: BallTongue
|-sidestart|p2: MuhFugginMoose|move: Stealth Rock
|move|p2a: BallTongue|Power Whip|p1a: Smeargle
|-damage|p1a: Smeargle|0 fnt
|faint|p1a: Smeargle
|
|
|switch|p1a: Landorus|Landorus, M, shiny|320\/320
|turn|4
|
|move|p1a: Landorus|Calm Mind|p1a: Landorus
|-boost|p1a: Landorus|spa|1
|-boost|p1a: Landorus|spd|1
|move|p2a: BallTongue|Power Whip|p1a: Landorus
|-damage|p1a: Landorus|175\/320
|
|-end|p2a: BallTongue|move: Taunt
|turn|5
|
|move|p1a: Landorus|Earth Power|p2a: BallTongue
|-damage|p2a: BallTongue|9\/352
|move|p2a: BallTongue|Stealth Rock|p1a: Landorus
|-sidestart|p1: TheSkifler|move: Stealth Rock
|
|-heal|p2a: BallTongue|31\/352|[from] item: Leftovers
|turn|6
|
|move|p1a: Landorus|Psychic|p2a: BallTongue
|-resisted|p2a: BallTongue
|-damage|p2a: BallTongue|0 fnt
|faint|p2a: BallTongue
|
|
|switch|p2a: WishyWashy|Rotom-Wash, shiny|304\/304
|-damage|p2a: WishyWashy|266\/304|[from] Stealth Rock
|turn|7
|
|move|p1a: Landorus|Sludge Wave|p2a: WishyWashy
|-damage|p2a: WishyWashy|68\/304
|move|p2a: WishyWashy|Hydro Pump|p1a: Landorus
|-supereffective|p1a: Landorus
|-damage|p1a: Landorus|0 fnt
|faint|p1a: Landorus
|
|-heal|p2a: WishyWashy|87\/304|[from] item: Leftovers
|
|switch|p1a: Thundurus|Thundurus, M, shiny|300\/300
|-damage|p1a: Thundurus|225\/300|[from] Stealth Rock
|turn|8
|
|move|p1a: Thundurus|Thunderbolt|p2a: WishyWashy
|-damage|p2a: WishyWashy|0 fnt
|faint|p2a: WishyWashy
|
|-heal|p1a: Thundurus|243\/300|[from] item: Leftovers
|
|switch|p2a: Mr.Roids|Conkeldurr, M|414\/414
|-damage|p2a: Mr.Roids|389\/414|[from] Stealth Rock
|turn|9
|
|switch|p1a: Azumarill|Azumarill, M, shiny|404\/404
|-damage|p1a: Azumarill|354\/404|[from] Stealth Rock
|move|p2a: Mr.Roids|Ice Punch|p1a: Azumarill
|-resisted|p1a: Azumarill
|-damage|p1a: Azumarill|294\/404
|
|turn|10
|
|move|p1a: Azumarill|Play Rough|p2a: Mr.Roids
|-supereffective|p2a: Mr.Roids
|-damage|p2a: Mr.Roids|11\/414
|move|p2a: Mr.Roids|Knock Off|p1a: Azumarill
|-resisted|p1a: Azumarill
|-damage|p1a: Azumarill|212\/404
|-enditem|p1a: Azumarill|Sitrus Berry|[from] move: Knock Off|[of] p2a: Mr.Roids
|
|turn|11
|
|switch|p2a: Cruella|Tentacruel, F|364\/364
|-damage|p2a: Cruella|319\/364|[from] Stealth Rock
|move|p1a: Azumarill|Aqua Jet|p2a: Cruella
|-resisted|p2a: Cruella
|-damage|p2a: Cruella|260\/364
|
|-heal|p2a: Cruella|282\/364|[from] item: Black Sludge
|turn|12
|
|move|p2a: Cruella|Rapid Spin|p1a: Azumarill
|-crit|p1a: Azumarill
|-damage|p1a: Azumarill|192\/404
|-sideend|p2: MuhFugginMoose|Stealth Rock|[from] move: Rapid Spin|[of] p2a: Cruella
|move|p1a: Azumarill|Play Rough|p2a: Cruella
|-resisted|p2a: Cruella
|-damage|p2a: Cruella|143\/364
|-unboost|p2a: Cruella|atk|1
|
|-heal|p2a: Cruella|165\/364|[from] item: Black Sludge
|turn|13
|
|move|p2a: Cruella|Protect|p2a: Cruella
|-singleturn|p2a: Cruella|Protect
|move|p1a: Azumarill|Play Rough|p2a: Cruella
|-activate|p2a: Cruella|Protect
|
|-heal|p2a: Cruella|187\/364|[from] item: Black Sludge
|turn|14
|
|move|p2a: Cruella|Scald|p1a: Azumarill
|-resisted|p1a: Azumarill
|-damage|p1a: Azumarill|145\/404
|move|p1a: Azumarill|Play Rough|p2a: Cruella
|-resisted|p2a: Cruella
|-damage|p2a: Cruella|45\/364
|-unboost|p2a: Cruella|atk|1
|
|-heal|p2a: Cruella|67\/364|[from] item: Black Sludge
|turn|15
|
|move|p2a: Cruella|Protect|p2a: Cruella
|-singleturn|p2a: Cruella|Protect
|move|p1a: Azumarill|Waterfall|p2a: Cruella
|-activate|p2a: Cruella|Protect
|
|-heal|p2a: Cruella|89\/364|[from] item: Black Sludge
|turn|16
|
|move|p2a: Cruella|Scald|p1a: Azumarill
|-resisted|p1a: Azumarill
|-damage|p1a: Azumarill|102\/404
|move|p1a: Azumarill|Play Rough|p2a: Cruella
|-crit|p2a: Cruella
|-resisted|p2a: Cruella
|-damage|p2a: Cruella|0 fnt
|faint|p2a: Cruella
|
|
|switch|p2a: Slater|Landorus-Therian, M|320\/320
|-ability|p2a: Slater|Intimidate|[of] p1a: Azumarill
|-unboost|p1a: Azumarill|atk|1
|turn|17
|
|switch|p2a: Mr.Roids|Conkeldurr, M|11\/414
|move|p1a: Azumarill|Aqua Jet|p2a: Mr.Roids
|-damage|p2a: Mr.Roids|0 fnt
|faint|p2a: Mr.Roids
|
|
|switch|p2a: Infernus|Charizard, M|359\/359
|turn|18
|
|-formechange|p2a: Infernus|Charizard-Mega-X
|message|Charizard has Mega Evolved into Mega Charizard!
|move|p1a: Azumarill|Aqua Jet|p2a: Infernus
|-damage|p2a: Infernus|307\/359
|move|p2a: Infernus|Will-O-Wisp|p1a: Azumarill
|-status|p1a: Azumarill|brn
|
|-damage|p1a: Azumarill|52\/404 brn|[from] brn
|turn|19
|
|switch|p1a: Tyranitar|Tyranitar, F, shiny|342\/342
|-damage|p1a: Tyranitar|300\/342|[from] Stealth Rock
|-weather|Sandstorm
|move|p2a: Infernus|Roost|p2a: Infernus
|-heal|p2a: Infernus|359\/359
|
|-weather|Sandstorm|[upkeep]
|-damage|p2a: Infernus|337\/359|[from] sandstorm
|turn|20
|
|move|p1a: Tyranitar|Earthquake|p2a: Infernus
|-supereffective|p2a: Infernus
|-damage|p2a: Infernus|133\/359
|move|p2a: Infernus|Will-O-Wisp|p1a: Tyranitar
|-status|p1a: Tyranitar|brn
|
|-weather|Sandstorm|[upkeep]
|-damage|p2a: Infernus|111\/359|[from] sandstorm
|-damage|p1a: Tyranitar|258\/342 brn|[from] brn
|turn|21
|
|switch|p2a: Slater|Landorus-Therian, M|320\/320
|-ability|p2a: Slater|Intimidate|[of] p1a: Tyranitar
|-unboost|p1a: Tyranitar|atk|1
|move|p1a: Tyranitar|Earthquake|p2a: Slater
|-immune|p2a: Slater|[msg]
|
|-weather|Sandstorm|[upkeep]
|-damage|p1a: Tyranitar|216\/342 brn|[from] brn
|turn|22
|
|switch|p1a: Thundurus|Thundurus, M, shiny|243\/300
|-damage|p1a: Thundurus|168\/300|[from] Stealth Rock
|move|p2a: Slater|Stone Edge|p1a: Thundurus
|-supereffective|p1a: Thundurus
|-damage|p1a: Thundurus|0 fnt
|faint|p1a: Thundurus
|
|-weather|Sandstorm|[upkeep]
|
|switch|p1a: Azumarill|Azumarill, M, shiny|52\/404 brn
|-damage|p1a: Azumarill|2\/404 brn|[from] Stealth Rock
|turn|23
|
|move|p1a: Azumarill|Aqua Jet|p2a: Slater
|-supereffective|p2a: Slater
|-damage|p2a: Slater|230\/320
|move|p2a: Slater|Stone Edge|p1a: Azumarill
|-damage|p1a: Azumarill|0 fnt
|faint|p1a: Azumarill
|
|-weather|none
|
|switch|p1a: Tyranitar|Tyranitar, F, shiny|216\/342 brn
|-damage|p1a: Tyranitar|174\/342 brn|[from] Stealth Rock
|-weather|Sandstorm
|turn|24
|
|move|p2a: Slater|Stone Edge|p1a: Tyranitar
|-damage|p1a: Tyranitar|44\/342 brn
|move|p1a: Tyranitar|Crunch|p2a: Slater
|-damage|p2a: Slater|151\/320
|
|-weather|Sandstorm|[upkeep]
|-damage|p1a: Tyranitar|2\/342 brn|[from] brn
|turn|25
|
|switch|p2a: Infernus|Charizard, M|111\/359
|-formechange|p2a: Infernus|Charizard-Mega-X
|move|p1a: Tyranitar|Crunch|p2a: Infernus
|-damage|p2a: Infernus|47\/359
|-unboost|p2a: Infernus|def|1
|
|-weather|Sandstorm|[upkeep]
|-damage|p2a: Infernus|25\/359|[from] sandstorm
|-damage|p1a: Tyranitar|0 fnt|[from] brn
|faint|p1a: Tyranitar
|
|switch|p1a: Heracross|Heracross, F|364\/364
|-damage|p1a: Heracross|319\/364|[from] Stealth Rock
|turn|26
|
|-formechange|p1a: Heracross|Heracross-Mega
|message|Heracross has Mega Evolved into Mega Heracross!
|move|p2a: Infernus|Will-O-Wisp|p1a: Heracross
|-status|p1a: Heracross|brn
|move|p1a: Heracross|Rock Blast|p2a: Infernus
|-crit|p2a: Infernus
|-supereffective|p2a: Infernus
|-damage|p2a: Infernus|0 fnt
|-hitcount|p2a: Infernus|1
|faint|p2a: Infernus
|
|-weather|Sandstorm|[upkeep]
|-damage|p1a: Heracross|297\/364 brn|[from] sandstorm
|-damage|p1a: Heracross|252\/364 brn|[from] brn
|
|switch|p2a: Slater|Landorus-Therian, M|151\/320
|-ability|p2a: Slater|Intimidate|[of] p1a: Heracross
|-unboost|p1a: Heracross|atk|1
|turn|27
|
|move|p2a: Slater|Stone Edge|p1a: Heracross|[miss]
|-miss|p2a: Slater|p1a: Heracross
|move|p1a: Heracross|Rock Blast|p2a: Slater
|-damage|p2a: Slater|138\/320
|-damage|p2a: Slater|123\/320
|-damage|p2a: Slater|108\/320
|-damage|p2a: Slater|94\/320
|-damage|p2a: Slater|79\/320
|-hitcount|p2a: Slater|5
|
|-weather|Sandstorm|[upkeep]
|-damage|p1a: Heracross|230\/364 brn|[from] sandstorm
|-damage|p1a: Heracross|185\/364 brn|[from] brn
|turn|28
|
|move|p2a: Slater|Stone Edge|p1a: Heracross|[miss]
|-miss|p2a: Slater|p1a: Heracross
|move|p1a: Heracross|Pin Missile|p2a: Slater
|-resisted|p2a: Slater
|-damage|p2a: Slater|68\/320
|-resisted|p2a: Slater
|-damage|p2a: Slater|58\/320
|-resisted|p2a: Slater
|-damage|p2a: Slater|47\/320
|-resisted|p2a: Slater
|-damage|p2a: Slater|36\/320
|-resisted|p2a: Slater
|-damage|p2a: Slater|25\/320
|-hitcount|p2a: Slater|5
|
|-weather|none
|-damage|p1a: Heracross|140\/364 brn|[from] brn
|turn|29
|chat|MuhFugginMoose|well that miss fucked me
|chat|MuhFugginMoose|twice
|chat|MuhFugginMoose|how nice
|chat|TheSkifler|lol
|
|move|p2a: Slater|Stone Edge|p1a: Heracross
|-damage|p1a: Heracross|25\/364 brn
|move|p1a: Heracross|Pin Missile|p2a: Slater
|-resisted|p2a: Slater
|-damage|p2a: Slater|16\/320
|-resisted|p2a: Slater
|-damage|p2a: Slater|5\/320
|-resisted|p2a: Slater
|-damage|p2a: Slater|0 fnt
|-hitcount|p2a: Slater|3
|faint|p2a: Slater
|
|win|TheSkifler
|raw|Ladder updating...
|raw|TheSkifler's rating: 1406 &rarr; <strong>1425<\/strong><br \/>(+19 for winning)
|raw|MuhFugginMoose's rating: 1385 &rarr; <strong>1366<\/strong><br \/>(-19 for losing)
|chat|MuhFugginMoose|inb4 three
|chat|MuhFugginMoose|well gg. T_t
|chat|TheSkifler|lol
|chat|TheSkifler|that was so close