|join|MuhFugginMoose
|join|ajgrocks101
|player|p1|MuhFugginMoose|265
|player|p2|ajgrocks101|170
|gametype|singles
|tier|OU
|rated
|rule|Evasion Abilities Clause: Evasion abilities are banned
|clearpoke
|poke|p1|Ferrothorn, M
|poke|p1|Riolu, M, shiny
|poke|p1|Gothitelle, M
|poke|p1|Politoed, F
|poke|p1|Sableye, M, shiny
|poke|p1|Wobbuffet, F
|poke|p2|Conkeldurr, M, shiny
|poke|p2|Breloom, F, shiny
|poke|p2|Keldeo
|poke|p2|Infernape, M, shiny
|poke|p2|Lucario, M, shiny
|poke|p2|Medicham, M, shiny
|rule|Sleep Clause: Limit one foe put to sleep
|rule|Species Clause: Limit one of each Pokemon
|rule|OHKO Clause: OHKO moves are banned
|rule|Moody Clause: Moody is banned
|rule|Evasion Moves Clause: Evasion moves are banned
|teampreview
|callback|decision
|
|start
|switch|p1a: BallTongue|Ferrothorn, M|352\/352
|switch|p2a: Fruit of Breloom|Breloom, F, shiny|262\/262
|turn|1
|callback|decision
|
|switch|p1a: Harlet|Politoed, F|384\/384
|-weather|RainDance|[from] ability: Drizzle|[of] p1a: Harlet
|move|p2a: Fruit of Breloom|Spore|p1a: Harlet
|-status|p1a: Harlet|slp
|
|-weather|RainDance|[upkeep]
|turn|2
|callback|decision
|
|switch|p1a: WubWubWub|Wobbuffet, F|584\/584
|move|p2a: Fruit of Breloom|Bullet Seed|p1a: WubWubWub
|-damage|p1a: WubWubWub|476\/584
|-damage|p1a: WubWubWub|379\/584
|-damage|p1a: WubWubWub|282\/584
|-damage|p1a: WubWubWub|173\/584
|-hitcount|p1a: WubWubWub|4
|
|-weather|RainDance|[upkeep]
|turn|3
|callback|decision
|
|move|p2a: Fruit of Breloom|Bullet Seed|p1a: WubWubWub
|-damage|p1a: WubWubWub|80\/584
|-damage|p1a: WubWubWub|0 fnt
|-hitcount|p1a: WubWubWub|2
|faint|p1a: WubWubWub
|
|-weather|RainDance|[upkeep]
|callback|decision
|
|switch|p1a: BallTongue|Ferrothorn, M|352\/352
|turn|4
|callback|decision
|
|switch|p2a: Anubis|Lucario, M, shiny|281\/281
|move|p1a: BallTongue|Thunder Wave|p2a: Anubis
|-status|p2a: Anubis|par
|
|-weather|RainDance|[upkeep]
|turn|5
|callback|decision
|chat|MuhFugginMoose|thought cutsap would work there. :\/
|
|cant|p2a: Anubis|par
|move|p1a: BallTongue|Stealth Rock|p2a: Anubis
|-sidestart|p2: ajgrocks101|move: Stealth Rock
|
|-weather|RainDance|[upkeep]
|turn|6
|callback|decision
|chat|ajgrocks101|cutsap?
|
|move|p1a: BallTongue|Spikes|p2a: Anubis
|-sidestart|p2: ajgrocks101|Spikes
|move|p2a: Anubis|Close Combat|p1a: BallTongue
|-supereffective|p1a: BallTongue
|-damage|p1a: BallTongue|122\/352
|-damage|p2a: Anubis|246\/281 par|[from] ability: Iron Barbs|[of] p1a: BallTongue
|-unboost|p2a: Anubis|def|1
|-unboost|p2a: Anubis|spd|1
|
|-weather|RainDance|[upkeep]
|-heal|p1a: BallTongue|144\/352|[from] item: Leftovers
|turn|7
|callback|decision
|chat|MuhFugginMoose|the berry
|
|move|p2a: Anubis|Close Combat|p1a: BallTongue
|-supereffective|p1a: BallTongue
|-damage|p1a: BallTongue|0 fnt
|-damage|p2a: Anubis|211\/281 par|[from] ability: Iron Barbs|[of] p1a: BallTongue
|-unboost|p2a: Anubis|def|1
|-unboost|p2a: Anubis|spd|1
|faint|p1a: BallTongue
|
|-weather|RainDance|[upkeep]
|callback|decision
|chat|ajgrocks101|ah
|chat|MuhFugginMoose|okay. . . now you outspeed me. . ?
|
|switch|p1a: Goth|Gothitelle, M|282\/282
|turn|8
|callback|decision
|chat|ajgrocks101|dude... ferrothorn IS dirt
|
|move|p1a: Goth|Trick|p2a: Anubis
|-activate|p1a: Goth|move: Trick|[of] p2a: Anubis
|-item|p2a: Anubis|Choice Scarf|[from] move: Trick
|-item|p1a: Goth|Focus Sash|[from] move: Trick
|move|p2a: Anubis|Crunch|p1a: Goth
|-supereffective|p1a: Goth
|-damage|p1a: Goth|108\/282
|
|-weather|RainDance|[upkeep]
|turn|9
|callback|decision
|chat|ajgrocks101|you will
|chat|MuhFugginMoose|how you outsped me makes no sense
|
|switch|p1a: Ot6p|Riolu, M, shiny|283\/283
|cant|p2a: Anubis|par
|
|-weather|RainDance|[upkeep]
|turn|10
|callback|decision
|
|move|p2a: Anubis|Crunch|p1a: Ot6p
|-resisted|p1a: Ot6p
|-damage|p1a: Ot6p|240\/283
|-unboost|p1a: Ot6p|def|1
|move|p1a: Ot6p|Roar|p2a: Anubis
|drag|p2a: BOB|Infernape, M, shiny|293\/293
|-damage|p2a: BOB|257\/293|[from] Spikes
|-damage|p2a: BOB|221\/293|[from] Stealth Rock
|
|-weather|RainDance|[upkeep]
|turn|11
|callback|decision
|
|move|p1a: Ot6p|Copycat|p1a: Ot6p
|move|p1a: Ot6p|Roar|p2a: BOB|[from]Copycat
|drag|p2a: Rocky|Conkeldurr, M, shiny|414\/414
|-damage|p2a: Rocky|363\/414|[from] Spikes
|-damage|p2a: Rocky|338\/414|[from] Stealth Rock
|
|-weather|RainDance|[upkeep]
|-activate|p2a: Rocky|item: Flame Orb
|-status|p2a: Rocky|brn
|turn|12
|callback|decision
|
|move|p1a: Ot6p|Copycat|p1a: Ot6p
|move|p1a: Ot6p|Roar|p2a: Rocky|[from]Copycat
|drag|p2a: BOB|Infernape, M, shiny|221\/293
|-damage|p2a: BOB|185\/293|[from] Spikes
|-damage|p2a: BOB|149\/293|[from] Stealth Rock
|
|-weather|RainDance|[upkeep]
|turn|13
|callback|decision
|chat|ajgrocks101|rlly
|chat|ajgrocks101|rlly
|chat|ajgrocks101|why do ppl do these gay strategies?
|
|move|p1a: Ot6p|Copycat|p1a: Ot6p
|move|p1a: Ot6p|Roar|p2a: BOB|[from]Copycat
|drag|p2a: Fruit of Breloom|Breloom, F, shiny|262\/262
|-damage|p2a: Fruit of Breloom|246\/262|[from] Stealth Rock
|-damage|p2a: Fruit of Breloom|214\/262|[from] Spikes
|
|-weather|RainDance|[upkeep]
|turn|14
|callback|decision
|chat|ajgrocks101|rlly
|chat|MuhFugginMoose|haha i was just showing my buddy how it works stop bitching
|
|move|p2a: Fruit of Breloom|Mach Punch|p1a: Ot6p
|-damage|p1a: Ot6p|68\/283
|move|p1a: Ot6p|Copycat|p1a: Ot6p
|move|p1a: Ot6p|Mach Punch|p2a: Fruit of Breloom|[from]Copycat
|-damage|p2a: Fruit of Breloom|174\/262
|
|-weather|RainDance|[upkeep]
|turn|15
|callback|decision
|
|move|p2a: Fruit of Breloom|Mach Punch|p1a: Ot6p
|-damage|p1a: Ot6p|0 fnt
|faint|p1a: Ot6p
|
|-weather|RainDance|[upkeep]
|callback|decision
|chat|ajgrocks101|ah
|chat|ajgrocks101|ok
|
|switch|p1a: MindFck|Sableye, M, shiny|304\/304
|turn|16
|callback|decision
|chat|ajgrocks101|i hate those whom sweep
|
|move|p1a: MindFck|Will-O-Wisp|p2a: Fruit of Breloom
|-status|p2a: Fruit of Breloom|brn
|move|p2a: Fruit of Breloom|Spore|p1a: MindFck
|-message|Sleep Clause activated.
|
|-weather|RainDance|[upkeep]
|-damage|p2a: Fruit of Breloom|142\/262 brn|[from] brn
|turn|17
|callback|decision
|chat|ajgrocks101|oh yeah....
|
|move|p1a: MindFck|Taunt|p2a: Fruit of Breloom
|-start|p2a: Fruit of Breloom|move: Taunt
|move|p2a: Fruit of Breloom|Bullet Seed|p1a: MindFck
|-damage|p1a: MindFck|267\/304
|-damage|p1a: MindFck|231\/304
|-damage|p1a: MindFck|197\/304
|-damage|p1a: MindFck|157\/304
|-damage|p1a: MindFck|121\/304
|-hitcount|p1a: MindFck|5
|
|-weather|RainDance|[upkeep]
|-heal|p1a: MindFck|140\/304|[from] item: Leftovers
|-damage|p2a: Fruit of Breloom|110\/262 brn|[from] brn
|turn|18
|callback|decision
|chat|ajgrocks101|:P
|chat|MuhFugginMoose|haha I'll ff I wasn't expecting to win anyways gg
|chat|ajgrocks101|kk
|-message|MuhFugginMoose forfeited.
|
|win|ajgrocks101
|raw|Ladder updating...
|leave|MuhFugginMoose
|player|p1
|raw|MuhFugginMoose's rating: 1502 &rarr; <strong>1494<\/strong><br \/>(-8 for losing)
|raw|ajgrocks101's rating: 1495 &rarr; <strong>1499<\/strong><br \/>(+4 for winning)