|join|MuhFugginMoose
|join|Bionic Crayon
|player|p1|MuhFugginMoose|146
|player|p2|Bionic Crayon|99
|gametype|singles
|gen|6
|tier|OU
|rated
|clearpoke
|poke|p1|Mawile, F, shiny
|poke|p1|Bisharp, M
|poke|p1|Talonflame, F
|poke|p1|Haxorus, M
|poke|p1|Deoxys-Speed, shiny
|poke|p1|Conkeldurr, M
|poke|p2|Charizard, M
|poke|p2|Garchomp, M
|poke|p2|Scolipede, M
|poke|p2|Greninja, M
|poke|p2|Aegislash, M, shiny
|poke|p2|Thundurus-Therian, M
|rule|Sleep Clause Mod: Limit one foe put to sleep
|rule|Species Clause: Limit one of each Pokemon
|rule|OHKO Clause: OHKO moves are banned
|rule|Moody Clause: Moody is banned
|rule|Evasion Moves Clause: Evasion moves are banned
|rule|Endless Battle Clause: Forcing endless battles is banned.
|rule|HP Percentage Mod: HP is reported as percentages
|teampreview
|
|start
|switch|p1a: Blade|Haxorus, M|302\/302
|switch|p2a: Thundurus-Therian|Thundurus-Therian, M|300\/300
|-ability|p1a: Blade|Mold Breaker
|turn|1
|
|move|p2a: Thundurus-Therian|Hidden Power|p1a: Blade
|-supereffective|p1a: Blade
|-damage|p1a: Blade|90\/302
|move|p1a: Blade|Dragon Dance|p1a: Blade
|-boost|p1a: Blade|atk|1
|-boost|p1a: Blade|spe|1
|
|turn|2
|
|move|p1a: Blade|Dragon Claw|p2a: Thundurus-Therian
|-damage|p2a: Thundurus-Therian|0 fnt
|faint|p2a: Thundurus-Therian
|
|
|switch|p2a: Scolipede|Scolipede, M|323\/323
|turn|3
|
|move|p2a: Scolipede|Protect|p2a: Scolipede
|-singleturn|p2a: Scolipede|Protect
|move|p1a: Blade|Dragon Dance|p1a: Blade
|-boost|p1a: Blade|atk|1
|-boost|p1a: Blade|spe|1
|
|-boost|p2a: Scolipede|spe|1|[from] ability: Speed Boost
|turn|4
|
|move|p1a: Blade|Dragon Claw|p2a: Scolipede
|-enditem|p2a: Scolipede|Focus Sash
|-damage|p2a: Scolipede|1\/323
|move|p2a: Scolipede|Swords Dance|p2a: Scolipede
|-boost|p2a: Scolipede|atk|2
|
|-boost|p2a: Scolipede|spe|1|[from] ability: Speed Boost
|turn|5
|
|move|p2a: Scolipede|Baton Pass|p2a: Scolipede
|
|switch|p2a: Aegislash|Aegislash, M, shiny|324\/324
|move|p1a: Blade|Dragon Dance|p1a: Blade
|-boost|p1a: Blade|atk|1
|-boost|p1a: Blade|spe|1
|
|turn|6
|
|-formechange|p2a: Aegislash|Aegislash-Blade
|move|p2a: Aegislash|Shadow Sneak|p1a: Blade
|-damage|p1a: Blade|0 fnt
|faint|p1a: Blade
|
|
|switch|p1a: Tec|Bisharp, M|271\/271
|turn|7
|
|switch|p1a: Mr.Roids|Conkeldurr, M|414\/414
|-formechange|p2a: Aegislash|Aegislash
|move|p2a: Aegislash|King's Shield|p2a: Aegislash
|-fail|p2a: Aegislash
|
|turn|8
|
|move|p2a: Aegislash|King's Shield|p2a: Aegislash
|-singleturn|p2a: Aegislash|Protect
|move|p1a: Mr.Roids|Mach Punch|p2a: Aegislash
|-immune|p2a: Aegislash|[msg]
|
|turn|9
|
|move|p2a: Aegislash|Swords Dance|p2a: Aegislash
|-boost|p2a: Aegislash|atk|2
|move|p1a: Mr.Roids|Knock Off|p2a: Aegislash
|-supereffective|p2a: Aegislash
|-damage|p2a: Aegislash|128\/324
|-enditem|p2a: Aegislash|Weakness Policy
|-boost|p2a: Aegislash|atk|2|[from] item: Weakness Policy
|-boost|p2a: Aegislash|spa|2|[from] item: Weakness Policy
|
|turn|10
|
|-formechange|p2a: Aegislash|Aegislash-Blade
|move|p2a: Aegislash|Shadow Sneak|p1a: Mr.Roids
|-damage|p1a: Mr.Roids|69\/414
|move|p1a: Mr.Roids|Knock Off|p2a: Aegislash
|-supereffective|p2a: Aegislash
|-damage|p2a: Aegislash|0 fnt
|faint|p2a: Aegislash
|
|
|switch|p2a: Garchomp|Garchomp, M|358\/358
|turn|11
|
|move|p1a: Mr.Roids|Mach Punch|p2a: Garchomp
|-damage|p2a: Garchomp|264\/358
|-damage|p1a: Mr.Roids|18\/414|[from] ability: Rough Skin|[of] p2a: Garchomp
|-damage|p1a: Mr.Roids|0 fnt|[from] item: Rocky Helmet|[of] p2a: Garchomp
|faint|p1a: Mr.Roids
|move|p2a: Garchomp|Swords Dance|p2a: Garchomp
|-boost|p2a: Garchomp|atk|2
|
|
|switch|p1a: Alpha|Deoxys-Speed, shiny|241\/241
|-ability|p1a: Alpha|Pressure
|turn|12
|
|move|p1a: Alpha|Ice Beam|p2a: Garchomp
|-supereffective|p2a: Garchomp
|-damage|p2a: Garchomp|0 fnt
|-damage|p1a: Alpha|217\/241|[from] item: Life Orb
|faint|p2a: Garchomp
|
|
|switch|p2a: Greninja|Greninja, M|286\/286
|turn|13
|
|move|p1a: Alpha|Thunderbolt|p2a: Greninja
|-supereffective|p2a: Greninja
|-damage|p2a: Greninja|0 fnt
|-damage|p1a: Alpha|193\/241|[from] item: Life Orb
|faint|p2a: Greninja
|
|chat|MuhFugginMoose|gg
|
|switch|p2a: Charizard|Charizard, M|298\/298
|turn|14
|
|detailschange|p2a: Charizard|Charizard-Mega-X, M
|message|Charizard has Mega Evolved into Mega Charizard!
|move|p1a: Alpha|Psycho Boost|p2a: Charizard
|-damage|p2a: Charizard|0 fnt
|-unboost|p1a: Alpha|spa|2
|-damage|p1a: Alpha|169\/241|[from] item: Life Orb
|faint|p2a: Charizard
|
|
|switch|p2a: Scolipede|Scolipede, M|1\/323
|turn|15
|chat|Bionic Crayon|gg 
|
|move|p2a: Scolipede|Protect|p2a: Scolipede
|-singleturn|p2a: Scolipede|Protect
|move|p1a: Alpha|Thunderbolt|p2a: Scolipede
|-activate|p2a: Scolipede|Protect
|
|-boost|p2a: Scolipede|spe|1|[from] ability: Speed Boost
|turn|16
|chat|MuhFugginMoose|really. . .
|chat|Bionic Crayon|yup
|chat|MuhFugginMoose|way to be a dick
|chat|MuhFugginMoose|sore loser
|chat|Bionic Crayon|says the one using a speed deoxys
|chat|Bionic Crayon|noob
|
|move|p2a: Scolipede|Substitute|p2a: Scolipede
|-fail|p2a: Scolipede|move: Substitute|[weak]
|move|p1a: Alpha|Thunderbolt|p2a: Scolipede
|-damage|p2a: Scolipede|0 fnt
|-damage|p1a: Alpha|145\/241|[from] item: Life Orb
|faint|p2a: Scolipede
|
|win|MuhFugginMoose
|raw|Ladder updating...
|raw|MuhFugginMoose's rating: 1543 &rarr; <strong>1560<\/strong><br \/>(+17 for winning)
|raw|Bionic Crayon's rating: 1488 &rarr; <strong>1471<\/strong><br \/>(-17 for losing)
|chat|MuhFugginMoose|haha, you're using a passing scolipede
|leave|Bionic Crayon
|player|p2