|join|MuhFugginMoose
|join|Pentao
|player|p1|MuhFugginMoose|80
|player|p2|Pentao|28
|gametype|singles
|gen|6
|tier|OU
|rated
|clearpoke
|poke|p1|Quagsire, M
|poke|p1|Chansey, F
|poke|p1|Skarmory, M, shiny
|poke|p1|Venusaur, M
|poke|p1|Umbreon, M
|poke|p1|Aegislash, M
|poke|p2|Absol, F
|poke|p2|Cobalion
|poke|p2|Mew, shiny
|poke|p2|Landorus-Therian, M, shiny
|poke|p2|Latios, M
|poke|p2|Entei, shiny
|rule|Sleep Clause Mod: Limit one foe put to sleep
|rule|Species Clause: Limit one of each Pokemon
|rule|OHKO Clause: OHKO moves are banned
|rule|Moody Clause: Moody is banned
|rule|Evasion Moves Clause: Evasion moves are banned
|rule|Endless Battle Clause: Forcing endless battles is banned.
|rule|HP Percentage Mod: HP is reported as percentages
|teampreview
|
|start
|switch|p1a: Masterclass|Aegislash, M|323\/323
|switch|p2a: Patriarch|Cobalion|323\/323
|turn|1
|
|move|p2a: Patriarch|Volt Switch|p1a: Masterclass
|-damage|p1a: Masterclass|287\/323
|
|switch|p2a: Pentadijkstra|Entei, shiny|433\/433
|-ability|p2a: Pentadijkstra|Pressure
|move|p1a: Masterclass|Substitute|p1a: Masterclass
|-start|p1a: Masterclass|Substitute
|-damage|p1a: Masterclass|207\/323
|
|-heal|p1a: Masterclass|227\/323|[from] item: Leftovers
|turn|2
|
|move|p2a: Pentadijkstra|Sacred Fire|p1a: Masterclass
|-supereffective|p1a: Masterclass
|-end|p1a: Masterclass|Substitute
|move|p1a: Masterclass|Toxic|p2a: Pentadijkstra
|-status|p2a: Pentadijkstra|tox
|
|-heal|p1a: Masterclass|247\/323|[from] item: Leftovers
|-damage|p2a: Pentadijkstra|406\/433 tox|[from] psn
|turn|3
|
|move|p1a: Masterclass|King's Shield|p1a: Masterclass
|-singleturn|p1a: Masterclass|Protect
|move|p2a: Pentadijkstra|Sacred Fire|p1a: Masterclass
|-activate|p1a: Masterclass|Protect
|
|-heal|p1a: Masterclass|267\/323|[from] item: Leftovers
|-damage|p2a: Pentadijkstra|352\/433 tox|[from] psn
|turn|4
|
|switch|p1a: Emmy|Chansey, F|643\/643
|move|p2a: Pentadijkstra|Sacred Fire|p1a: Emmy
|-damage|p1a: Emmy|414\/643
|
|-damage|p2a: Pentadijkstra|271\/433 tox|[from] psn
|turn|5
|
|switch|p2a: ãã³ã¿|Mew, shiny|401\/401
|move|p1a: Emmy|Wish|p1a: Emmy
|
|turn|6
|
|move|p2a: ãã³ã¿|Stealth Rock|p1a: Emmy
|-sidestart|p1: MuhFugginMoose|move: Stealth Rock
|move|p1a: Emmy|Toxic|p2a: ãã³ã¿
|-status|p2a: ãã³ã¿|tox
|-status|p1a: Emmy|tox
|
|-heal|p1a: Emmy|643\/643 tox|[from] move: Wish|[wisher] Emmy
|-damage|p2a: ãã³ã¿|376\/401 tox|[from] psn
|-damage|p1a: Emmy|603\/643 tox|[from] psn
|turn|7
|
|switch|p1a: Matte|Skarmory, M, shiny|334\/334
|-damage|p1a: Matte|293\/334|[from] Stealth Rock
|move|p2a: ãã³ã¿|Taunt|p1a: Matte
|-start|p1a: Matte|move: Taunt
|
|-heal|p2a: ãã³ã¿|401\/401 tox|[from] item: Leftovers
|-heal|p1a: Matte|313\/334|[from] item: Leftovers
|-damage|p2a: ãã³ã¿|351\/401 tox|[from] psn
|turn|8
|
|switch|p2a: Patriarch|Cobalion|323\/323
|move|p1a: Matte|Brave Bird|p2a: Patriarch
|-damage|p2a: Patriarch|229\/323
|-damage|p1a: Matte|282\/334|[from] recoil|[of] p2a: Patriarch
|
|-heal|p1a: Matte|302\/334|[from] item: Leftovers
|turn|9
|
|switch|p1a: Derpington|Quagsire, M|394\/394
|-damage|p1a: Derpington|370\/394|[from] Stealth Rock
|move|p2a: Patriarch|Volt Switch|p1a: Derpington
|-immune|p1a: Derpington|[msg]
|
|-heal|p1a: Derpington|394\/394|[from] item: Leftovers
|turn|10
|
|switch|p1a: Sgt. Budd|Venusaur, M|364\/364
|-damage|p1a: Sgt. Budd|319\/364|[from] Stealth Rock
|move|p2a: Patriarch|Taunt|p1a: Sgt. Budd
|-start|p1a: Sgt. Budd|move: Taunt
|
|turn|11
|
|switch|p2a: Pentameter|Latios, M|302\/302
|-formechange|p1a: Sgt. Budd|Venusaur-Mega
|message|Venusaur has Mega Evolved into Mega Venusaur!
|move|p1a: Sgt. Budd|Earthquake|p2a: Pentameter
|-immune|p2a: Pentameter|[msg]
|
|turn|12
|
|switch|p2a: Pentanri|Absol, F|271\/271
|-ability|p2a: Pentanri|Pressure
|switch|p1a: Moose|Umbreon, M|394\/394
|-damage|p1a: Moose|345\/394|[from] Stealth Rock
|
|-heal|p1a: Moose|369\/394|[from] item: Leftovers
|turn|13
|
|-formechange|p2a: Pentanri|Absol-Mega
|message|Absol has Mega Evolved into Mega Absol!
|move|p1a: Moose|Protect|p1a: Moose
|-singleturn|p1a: Moose|Protect
|move|p2a: Pentanri|Swords Dance|p2a: Pentanri
|-boost|p2a: Pentanri|atk|2
|
|-heal|p1a: Moose|393\/394|[from] item: Leftovers
|turn|14
|
|switch|p1a: Derpington|Quagsire, M|394\/394
|-damage|p1a: Derpington|370\/394|[from] Stealth Rock
|move|p2a: Pentanri|Knock Off|p1a: Derpington
|-damage|p1a: Derpington|217\/394
|-enditem|p1a: Derpington|Leftovers|[from] move: Knock Off|[of] p2a: Pentanri
|
|turn|15
|
|switch|p2a: ãã³ã¿|Mew, shiny|351\/401 tox
|move|p1a: Derpington|Recover|p1a: Derpington
|-heal|p1a: Derpington|394\/394
|
|-heal|p2a: ãã³ã¿|376\/401 tox|[from] item: Leftovers
|-damage|p2a: ãã³ã¿|351\/401 tox|[from] psn
|turn|16
|
|move|p2a: ãã³ã¿|Will-O-Wisp|p1a: Derpington
|-status|p1a: Derpington|brn
|move|p1a: Derpington|Scald|p2a: ãã³ã¿
|-damage|p2a: ãã³ã¿|284\/401 tox
|
|-heal|p2a: ãã³ã¿|309\/401 tox|[from] item: Leftovers
|-damage|p2a: ãã³ã¿|259\/401 tox|[from] psn
|-damage|p1a: Derpington|345\/394 brn|[from] brn
|turn|17
|
|switch|p1a: Emmy|Chansey, F|603\/643
|-damage|p1a: Emmy|523\/643|[from] Stealth Rock
|move|p2a: ãã³ã¿|Taunt|p1a: Emmy
|-start|p1a: Emmy|move: Taunt
|
|-heal|p2a: ãã³ã¿|284\/401 tox|[from] item: Leftovers
|-damage|p2a: ãã³ã¿|209\/401 tox|[from] psn
|turn|18
|
|switch|p2a: Pentanri|Absol, F|271\/271
|-formechange|p2a: Pentanri|Absol-Mega
|switch|p1a: Matte|Skarmory, M, shiny|302\/334
|-damage|p1a: Matte|261\/334|[from] Stealth Rock
|
|-heal|p1a: Matte|281\/334|[from] item: Leftovers
|turn|19
|
|move|p2a: Pentanri|Swords Dance|p2a: Pentanri
|-boost|p2a: Pentanri|atk|2
|move|p1a: Matte|Defog|p2a: Pentanri
|move|p2a: Pentanri|Defog|p1a: Matte|[from]Magic Bounce
|-unboost|p1a: Matte|evasion|1
|-sideend|p1: MuhFugginMoose|Stealth Rock|[from] move: Defog|[of] p1a: Matte
|
|-heal|p1a: Matte|301\/334|[from] item: Leftovers
|turn|20
|
|move|p2a: Pentanri|Swords Dance|p2a: Pentanri
|-boost|p2a: Pentanri|atk|2
|move|p1a: Matte|Whirlwind|p2a: Pentanri
|move|p2a: Pentanri|Whirlwind|p1a: Matte|[from]Magic Bounce
|drag|p1a: Moose|Umbreon, M|393\/394
|
|-heal|p1a: Moose|394\/394|[from] item: Leftovers
|turn|21
|
|switch|p1a: Derpington|Quagsire, M|345\/394 brn
|move|p2a: Pentanri|Superpower|p1a: Derpington
|-damage|p1a: Derpington|215\/394 brn
|-unboost|p2a: Pentanri|atk|1
|-unboost|p2a: Pentanri|def|1
|
|-damage|p1a: Derpington|166\/394 brn|[from] brn
|turn|22
|
|switch|p2a: Pentameter|Latios, M|302\/302
|move|p1a: Derpington|Scald|p2a: Pentameter
|-resisted|p2a: Pentameter
|-damage|p2a: Pentameter|271\/302
|
|-damage|p1a: Derpington|117\/394 brn|[from] brn
|turn|23
|
|switch|p2a: Patriarch|Cobalion|229\/323
|switch|p1a: Emmy|Chansey, F|523\/643
|
|turn|24
|
|move|p2a: Patriarch|Taunt|p1a: Emmy
|-start|p1a: Emmy|move: Taunt
|cant|p1a: Emmy|move: Taunt|Heal Bell
|
|turn|25
|
|switch|p1a: Sgt. Budd|Venusaur, M|319\/364
|-formechange|p1a: Sgt. Budd|Venusaur-Mega
|move|p2a: Patriarch|Close Combat|p1a: Sgt. Budd
|-resisted|p1a: Sgt. Budd
|-damage|p1a: Sgt. Budd|265\/364
|-unboost|p2a: Patriarch|def|1
|-unboost|p2a: Patriarch|spd|1
|
|turn|26
|
|switch|p2a: Pentameter|Latios, M|271\/302
|move|p1a: Sgt. Budd|Giga Drain|p2a: Pentameter
|-resisted|p2a: Pentameter
|-damage|p2a: Pentameter|203\/302
|-heal|p1a: Sgt. Budd|299\/364|[from] drain|[of] p2a: Pentameter
|
|turn|27
|
|switch|p1a: Moose|Umbreon, M|394\/394
|move|p2a: Pentameter|Psyshock|p1a: Moose
|-immune|p1a: Moose|[msg]
|
|turn|28
|
|switch|p2a: Patriarch|Cobalion|229\/323
|move|p1a: Moose|Payback|p2a: Patriarch
|-resisted|p2a: Patriarch
|-damage|p2a: Patriarch|211\/323
|-boost|p2a: Patriarch|atk|1|[from] ability: Justified
|
|turn|29
|
|switch|p1a: Masterclass|Aegislash, M|267\/323
|move|p2a: Patriarch|Taunt|p1a: Masterclass
|-start|p1a: Masterclass|move: Taunt
|
|-heal|p1a: Masterclass|287\/323|[from] item: Leftovers
|turn|30
|
|move|p2a: Patriarch|Volt Switch|p1a: Masterclass
|-damage|p1a: Masterclass|254\/323
|
|switch|p2a: Pentadijkstra|Entei, shiny|271\/433 tox
|-ability|p2a: Pentadijkstra|Pressure
|-formechange|p1a: Masterclass|Aegislash-Blade
|move|p1a: Masterclass|Shadow Ball|p2a: Pentadijkstra
|-damage|p2a: Pentadijkstra|153\/433 tox
|
|-heal|p1a: Masterclass|274\/323|[from] item: Leftovers
|-damage|p2a: Pentadijkstra|126\/433 tox|[from] psn
|turn|31
|
|switch|p1a: Emmy|Chansey, F|523\/643
|move|p2a: Pentadijkstra|Sacred Fire|p1a: Emmy
|-damage|p1a: Emmy|295\/643
|-status|p1a: Emmy|brn
|
|-damage|p2a: Pentadijkstra|72\/433 tox|[from] psn
|-damage|p1a: Emmy|215\/643 brn|[from] brn
|turn|32
|
|switch|p1a: Derpington|Quagsire, M|117\/394 brn
|move|p2a: Pentadijkstra|Sacred Fire|p1a: Derpington
|-resisted|p1a: Derpington
|-damage|p1a: Derpington|45\/394 brn
|
|-damage|p2a: Pentadijkstra|0 fnt|[from] psn
|-damage|p1a: Derpington|0 fnt|[from] brn
|faint|p2a: Pentadijkstra
|faint|p1a: Derpington
|
|switch|p2a: Patriarch|Cobalion|211\/323
|switch|p1a: Sgt. Budd|Venusaur, M|299\/364
|-formechange|p1a: Sgt. Budd|Venusaur-Mega
|turn|33
|
|move|p2a: Patriarch|Taunt|p1a: Sgt. Budd
|-start|p1a: Sgt. Budd|move: Taunt
|move|p1a: Sgt. Budd|Sludge Bomb|p2a: Patriarch
|-immune|p2a: Patriarch|[msg]
|
|turn|34
|
|move|p2a: Patriarch|Hidden Power|p1a: Sgt. Budd
|-supereffective|p1a: Sgt. Budd
|-damage|p1a: Sgt. Budd|239\/364
|move|p1a: Sgt. Budd|Giga Drain|p2a: Patriarch
|-resisted|p2a: Patriarch
|-damage|p2a: Patriarch|118\/323
|-heal|p1a: Sgt. Budd|286\/364|[from] drain|[of] p2a: Patriarch
|
|turn|35
|
|move|p2a: Patriarch|Volt Switch|p1a: Sgt. Budd
|-resisted|p1a: Sgt. Budd
|-damage|p1a: Sgt. Budd|259\/364
|
|switch|p2a: Pentameter|Latios, M|203\/302
|move|p1a: Sgt. Budd|Giga Drain|p2a: Pentameter
|-resisted|p2a: Pentameter
|-damage|p2a: Pentameter|134\/302
|-heal|p1a: Sgt. Budd|294\/364|[from] drain|[of] p2a: Pentameter
|
|-end|p1a: Sgt. Budd|move: Taunt
|turn|36
|
|move|p2a: Pentameter|Roost|p2a: Pentameter
|-heal|p2a: Pentameter|285\/302
|move|p1a: Sgt. Budd|Sludge Bomb|p2a: Pentameter
|-damage|p2a: Pentameter|131\/302
|-status|p2a: Pentameter|psn
|
|-damage|p2a: Pentameter|94\/302 psn|[from] psn
|turn|37
|
|switch|p1a: Moose|Umbreon, M|394\/394
|move|p2a: Pentameter|Roost|p2a: Pentameter
|-heal|p2a: Pentameter|245\/302 psn
|
|-damage|p2a: Pentameter|208\/302 psn|[from] psn
|turn|38
|
|switch|p2a: Pentanri|Absol, F|271\/271
|-formechange|p2a: Pentanri|Absol-Mega
|switch|p1a: Emmy|Chansey, F|215\/643
|
|turn|39
|
|move|p2a: Pentanri|Knock Off|p1a: Emmy
|-damage|p1a: Emmy|0 fnt
|faint|p1a: Emmy
|
|
|switch|p1a: Sgt. Budd|Venusaur, M|294\/364
|-formechange|p1a: Sgt. Budd|Venusaur-Mega
|turn|40
|
|switch|p2a: Pentascion|Landorus-Therian, M, shiny|381\/381
|-ability|p2a: Pentascion|Intimidate|[of] p1a: Sgt. Budd
|-unboost|p1a: Sgt. Budd|atk|1
|move|p1a: Sgt. Budd|Sludge Bomb|p2a: Pentascion
|-resisted|p2a: Pentascion
|-damage|p2a: Pentascion|270\/381
|
|-heal|p2a: Pentascion|293\/381|[from] item: Leftovers
|turn|41
|
|move|p2a: Pentascion|Earthquake|p1a: Sgt. Budd
|-damage|p1a: Sgt. Budd|156\/364
|move|p1a: Sgt. Budd|Giga Drain|p2a: Pentascion
|-damage|p2a: Pentascion|97\/381
|-heal|p1a: Sgt. Budd|254\/364|[from] drain|[of] p2a: Pentascion
|
|-heal|p2a: Pentascion|120\/381|[from] item: Leftovers
|turn|42
|
|move|p2a: Pentascion|U-turn|p1a: Sgt. Budd
|-damage|p1a: Sgt. Budd|188\/364
|
|switch|p2a: ãã³ã¿|Mew, shiny|209\/401 tox
|move|p1a: Sgt. Budd|Sludge Bomb|p2a: ãã³ã¿
|-damage|p2a: ãã³ã¿|37\/401 tox
|
|-heal|p2a: ãã³ã¿|62\/401 tox|[from] item: Leftovers
|-damage|p2a: ãã³ã¿|37\/401 tox|[from] psn
|turn|43
|
|move|p2a: ãã³ã¿|Will-O-Wisp|p1a: Sgt. Budd
|-status|p1a: Sgt. Budd|brn
|move|p1a: Sgt. Budd|Synthesis|p1a: Sgt. Budd
|-heal|p1a: Sgt. Budd|364\/364 brn
|
|-heal|p2a: ãã³ã¿|62\/401 tox|[from] item: Leftovers
|-damage|p2a: ãã³ã¿|12\/401 tox|[from] psn
|-damage|p1a: Sgt. Budd|319\/364 brn|[from] brn
|turn|44
|
|switch|p1a: Matte|Skarmory, M, shiny|301\/334
|move|p2a: ãã³ã¿|Soft-Boiled|p2a: ãã³ã¿
|-heal|p2a: ãã³ã¿|213\/401 tox
|
|-heal|p2a: ãã³ã¿|238\/401 tox|[from] item: Leftovers
|-heal|p1a: Matte|321\/334|[from] item: Leftovers
|-damage|p2a: ãã³ã¿|163\/401 tox|[from] psn
|turn|45
|
|move|p2a: ãã³ã¿|Taunt|p1a: Matte
|-start|p1a: Matte|move: Taunt
|move|p1a: Matte|Brave Bird|p2a: ãã³ã¿
|-damage|p2a: ãã³ã¿|49\/401 tox
|-damage|p1a: Matte|283\/334|[from] recoil|[of] p2a: ãã³ã¿
|
|-heal|p2a: ãã³ã¿|74\/401 tox|[from] item: Leftovers
|-heal|p1a: Matte|303\/334|[from] item: Leftovers
|-damage|p2a: ãã³ã¿|0 fnt|[from] psn
|faint|p2a: ãã³ã¿
|
|switch|p2a: Pentanri|Absol, F|271\/271
|-formechange|p2a: Pentanri|Absol-Mega
|turn|46
|
|move|p2a: Pentanri|Swords Dance|p2a: Pentanri
|-boost|p2a: Pentanri|atk|2
|move|p1a: Matte|Brave Bird|p2a: Pentanri
|-damage|p2a: Pentanri|100\/271
|-damage|p1a: Matte|247\/334|[from] recoil|[of] p2a: Pentanri
|
|-heal|p1a: Matte|267\/334|[from] item: Leftovers
|turn|47
|
|switch|p2a: Pentascion|Landorus-Therian, M, shiny|120\/381
|-ability|p2a: Pentascion|Intimidate|[of] p1a: Matte
|-unboost|p1a: Matte|atk|1
|move|p1a: Matte|Brave Bird|p2a: Pentascion
|-damage|p2a: Pentascion|48\/381
|-damage|p1a: Matte|243\/334|[from] recoil|[of] p2a: Pentascion
|
|-heal|p2a: Pentascion|71\/381|[from] item: Leftovers
|-heal|p1a: Matte|263\/334|[from] item: Leftovers
|-end|p1a: Matte|move: Taunt
|turn|48
|
|switch|p2a: Patriarch|Cobalion|118\/323
|move|p1a: Matte|Brave Bird|p2a: Patriarch
|-damage|p2a: Patriarch|52\/323
|-damage|p1a: Matte|241\/334|[from] recoil|[of] p2a: Patriarch
|
|-heal|p1a: Matte|261\/334|[from] item: Leftovers
|turn|49
|
|switch|p1a: Sgt. Budd|Venusaur, M|319\/364 brn
|-formechange|p1a: Sgt. Budd|Venusaur-Mega
|move|p2a: Patriarch|Volt Switch|p1a: Sgt. Budd
|-resisted|p1a: Sgt. Budd
|-damage|p1a: Sgt. Budd|292\/364 brn
|
|switch|p2a: Pentameter|Latios, M|208\/302 psn
|
|-damage|p2a: Pentameter|171\/302 psn|[from] psn
|-damage|p1a: Sgt. Budd|247\/364 brn|[from] brn
|turn|50
|
|switch|p1a: Moose|Umbreon, M|394\/394
|move|p2a: Pentameter|Psyshock|p1a: Moose
|-immune|p1a: Moose|[msg]
|
|-damage|p2a: Pentameter|134\/302 psn|[from] psn
|turn|51
|
|switch|p2a: Patriarch|Cobalion|52\/323
|move|p1a: Moose|Wish|p1a: Moose
|
|turn|52
|
|switch|p1a: Sgt. Budd|Venusaur, M|247\/364 brn
|-formechange|p1a: Sgt. Budd|Venusaur-Mega
|move|p2a: Patriarch|Volt Switch|p1a: Sgt. Budd
|-resisted|p1a: Sgt. Budd
|-damage|p1a: Sgt. Budd|220\/364 brn
|
|switch|p2a: Pentameter|Latios, M|134\/302 psn
|
|-heal|p1a: Sgt. Budd|364\/364 brn|[from] move: Wish|[wisher] Moose
|-damage|p2a: Pentameter|97\/302 psn|[from] psn
|-damage|p1a: Sgt. Budd|319\/364 brn|[from] brn
|turn|53
|
|move|p2a: Pentameter|Psyshock|p1a: Sgt. Budd
|-supereffective|p1a: Sgt. Budd
|-damage|p1a: Sgt. Budd|0 fnt
|-damage|p2a: Pentameter|67\/302 psn|[from] item: Life Orb
|faint|p1a: Sgt. Budd
|
|-damage|p2a: Pentameter|30\/302 psn|[from] psn
|
|switch|p1a: Masterclass|Aegislash, M|274\/323
|turn|54
|
|move|p2a: Pentameter|Draco Meteor|p1a: Masterclass
|-resisted|p1a: Masterclass
|-damage|p1a: Masterclass|187\/323
|-unboost|p2a: Pentameter|spa|2
|-damage|p2a: Pentameter|0 fnt|[from] item: Life Orb
|faint|p2a: Pentameter
|move|p1a: Masterclass|Substitute|p1a: Masterclass
|-start|p1a: Masterclass|Substitute
|-damage|p1a: Masterclass|107\/323
|
|-heal|p1a: Masterclass|127\/323|[from] item: Leftovers
|
|switch|p2a: Pentascion|Landorus-Therian, M, shiny|71\/381
|-activate|p1a: Masterclass|Substitute|ability: Intimidate|[of] p2a: Pentascion
|turn|55
|
|move|p1a: Masterclass|King's Shield|p1a: Masterclass
|-singleturn|p1a: Masterclass|Protect
|move|p2a: Pentascion|Knock Off|p1a: Masterclass
|-activate|p1a: Masterclass|Protect
|-unboost|p2a: Pentascion|atk|2
|
|-heal|p2a: Pentascion|94\/381|[from] item: Leftovers
|-heal|p1a: Masterclass|147\/323|[from] item: Leftovers
|turn|56
|
|move|p2a: Pentascion|Earthquake|p1a: Masterclass
|-supereffective|p1a: Masterclass
|-end|p1a: Masterclass|Substitute
|-formechange|p1a: Masterclass|Aegislash-Blade
|move|p1a: Masterclass|Shadow Ball|p2a: Pentascion
|-damage|p2a: Pentascion|0 fnt
|faint|p2a: Pentascion
|
|-heal|p1a: Masterclass|167\/323|[from] item: Leftovers
|
|switch|p2a: Pentanri|Absol, F|100\/271
|-formechange|p2a: Pentanri|Absol-Mega
|turn|57
|
|move|p2a: Pentanri|Swords Dance|p2a: Pentanri
|-boost|p2a: Pentanri|atk|2
|move|p1a: Masterclass|Shadow Ball|p2a: Pentanri
|-resisted|p2a: Pentanri
|-damage|p2a: Pentanri|0 fnt
|faint|p2a: Pentanri
|
|-heal|p1a: Masterclass|187\/323|[from] item: Leftovers
|chat|MuhFugginMoose|gg
|chat|Pentao|gg
|
|switch|p2a: Patriarch|Cobalion|52\/323
|turn|58
|
|-formechange|p1a: Masterclass|Aegislash
|move|p1a: Masterclass|King's Shield|p1a: Masterclass
|-singleturn|p1a: Masterclass|Protect
|move|p2a: Patriarch|Volt Switch|p1a: Masterclass
|-activate|p1a: Masterclass|Protect
|
|-heal|p1a: Masterclass|207\/323|[from] item: Leftovers
|turn|59
|
|move|p2a: Patriarch|Volt Switch|p1a: Masterclass
|-damage|p1a: Masterclass|173\/323
|-formechange|p1a: Masterclass|Aegislash-Blade
|move|p1a: Masterclass|Shadow Ball|p2a: Patriarch
|-damage|p2a: Patriarch|0 fnt
|faint|p2a: Patriarch
|
|win|MuhFugginMoose
|raw|Ladder updating...
|raw|MuhFugginMoose's rating: 1595 &rarr; <strong>1617<\/strong><br \/>(+22 for winning)
|raw|Pentao's rating: 1635 &rarr; <strong>1613<\/strong><br \/>(-22 for losing)
|leave|Pentao
|player|p2