|join|MuhFugginMoose
|join|dtw
|player|p1|MuhFugginMoose|80
|player|p2|dtw|101
|gametype|singles
|gen|6
|tier|OU
|rated
|clearpoke
|poke|p1|Quagsire, M
|poke|p1|Chansey, F
|poke|p1|Skarmory, M, shiny
|poke|p1|Venusaur, F
|poke|p1|Umbreon, M
|poke|p1|Aegislash, M
|poke|p2|Bisharp, M
|poke|p2|Tyranitar, M
|poke|p2|Skarmory, F
|poke|p2|Talonflame, M
|poke|p2|Keldeo
|poke|p2|Staraptor, M
|rule|Sleep Clause Mod: Limit one foe put to sleep
|rule|Species Clause: Limit one of each Pokemon
|rule|OHKO Clause: OHKO moves are banned
|rule|Moody Clause: Moody is banned
|rule|Evasion Moves Clause: Evasion moves are banned
|rule|Endless Battle Clause: Forcing endless battles is banned.
|rule|HP Percentage Mod: HP is reported as percentages
|teampreview
|
|start
|switch|p1a: Masterclass|Aegislash, M|323\/323
|switch|p2a: Skarmory|Skarmory, F|334\/334
|turn|1
|
|move|p2a: Skarmory|Stealth Rock|p1a: Masterclass
|-sidestart|p1: MuhFugginMoose|move: Stealth Rock
|move|p1a: Masterclass|Substitute|p1a: Masterclass
|-start|p1a: Masterclass|Substitute
|-damage|p1a: Masterclass|243\/323
|
|-heal|p1a: Masterclass|263\/323|[from] item: Leftovers
|turn|2
|
|-formechange|p1a: Masterclass|Aegislash-Blade
|move|p1a: Masterclass|Shadow Ball|p2a: Skarmory
|-damage|p2a: Skarmory|223\/334
|-enditem|p2a: Skarmory|Red Card|[of] p1a: Masterclass
|drag|p1a: Matte|Skarmory, M, shiny|334\/334
|-damage|p1a: Matte|293\/334|[from] Stealth Rock
|move|p2a: Skarmory|Whirlwind|p1a: Matte
|drag|p1a: Sgt. Budd|Venusaur, F|364\/364
|-damage|p1a: Sgt. Budd|319\/364|[from] Stealth Rock
|
|turn|3
|
|-formechange|p1a: Sgt. Budd|Venusaur-Mega
|message|Venusaur has Mega Evolved into Mega Venusaur!
|move|p2a: Skarmory|Spikes|p1a: Sgt. Budd
|-sidestart|p1: MuhFugginMoose|Spikes
|move|p1a: Sgt. Budd|Giga Drain|p2a: Skarmory
|-resisted|p2a: Skarmory
|-damage|p2a: Skarmory|192\/334
|-heal|p1a: Sgt. Budd|335\/364|[from] drain|[of] p2a: Skarmory
|
|turn|4
|
|switch|p1a: Matte|Skarmory, M, shiny|293\/334
|-damage|p1a: Matte|252\/334|[from] Stealth Rock
|move|p2a: Skarmory|Spikes|p1a: Matte
|-sidestart|p1: MuhFugginMoose|Spikes
|
|-heal|p1a: Matte|272\/334|[from] item: Leftovers
|turn|5
|
|move|p2a: Skarmory|Taunt|p1a: Matte
|-start|p1a: Matte|move: Taunt
|cant|p1a: Matte|move: Taunt|Whirlwind
|
|-heal|p1a: Matte|292\/334|[from] item: Leftovers
|turn|6
|
|move|p1a: Matte|Brave Bird|p2a: Skarmory
|-resisted|p2a: Skarmory
|-damage|p2a: Skarmory|151\/334
|-damage|p1a: Matte|278\/334|[from] recoil|[of] p2a: Skarmory
|move|p2a: Skarmory|Spikes|p1a: Matte
|-sidestart|p1: MuhFugginMoose|Spikes
|
|-heal|p1a: Matte|298\/334|[from] item: Leftovers
|turn|7
|
|move|p1a: Matte|Brave Bird|p2a: Skarmory
|-resisted|p2a: Skarmory
|-damage|p2a: Skarmory|105\/334
|-damage|p1a: Matte|283\/334|[from] recoil|[of] p2a: Skarmory
|move|p2a: Skarmory|Whirlwind|p1a: Matte
|drag|p1a: Emmy|Chansey, F|643\/643
|-damage|p1a: Emmy|563\/643|[from] Stealth Rock
|-damage|p1a: Emmy|403\/643|[from] Spikes
|
|turn|8
|
|move|p2a: Skarmory|Taunt|p1a: Emmy
|-start|p1a: Emmy|move: Taunt
|cant|p1a: Emmy|move: Taunt|Wish
|
|turn|9
|
|switch|p1a: Matte|Skarmory, M, shiny|283\/334
|-damage|p1a: Matte|242\/334|[from] Stealth Rock
|move|p2a: Skarmory|Whirlwind|p1a: Matte
|drag|p1a: Sgt. Budd|Venusaur, F|335\/364
|-formechange|p1a: Sgt. Budd|Venusaur-Mega
|-damage|p1a: Sgt. Budd|290\/364|[from] Stealth Rock
|-damage|p1a: Sgt. Budd|199\/364|[from] Spikes
|
|turn|10
|
|move|p1a: Sgt. Budd|Synthesis|p1a: Sgt. Budd
|-heal|p1a: Sgt. Budd|364\/364
|move|p2a: Skarmory|Whirlwind|p1a: Sgt. Budd
|drag|p1a: Moose|Umbreon, M|394\/394
|-damage|p1a: Moose|345\/394|[from] Stealth Rock
|-damage|p1a: Moose|247\/394|[from] Spikes
|
|-heal|p1a: Moose|271\/394|[from] item: Leftovers
|turn|11
|
|move|p2a: Skarmory|Taunt|p1a: Moose
|-start|p1a: Moose|move: Taunt
|cant|p1a: Moose|move: Taunt|Wish
|
|-heal|p1a: Moose|295\/394|[from] item: Leftovers
|turn|12
|
|move|p1a: Moose|Payback|p2a: Skarmory
|-damage|p2a: Skarmory|75\/334
|move|p2a: Skarmory|Whirlwind|p1a: Moose
|drag|p1a: Derpington|Quagsire, M|394\/394
|-damage|p1a: Derpington|370\/394|[from] Stealth Rock
|-damage|p1a: Derpington|272\/394|[from] Spikes
|
|-heal|p1a: Derpington|296\/394|[from] item: Leftovers
|turn|13
|
|move|p1a: Derpington|Scald|p2a: Skarmory
|-damage|p2a: Skarmory|9\/334
|-status|p2a: Skarmory|brn
|move|p2a: Skarmory|Whirlwind|p1a: Derpington
|drag|p1a: Sgt. Budd|Venusaur, F|364\/364
|-formechange|p1a: Sgt. Budd|Venusaur-Mega
|-damage|p1a: Sgt. Budd|273\/364|[from] Spikes
|-damage|p1a: Sgt. Budd|228\/364|[from] Stealth Rock
|
|-damage|p2a: Skarmory|0 fnt|[from] brn
|faint|p2a: Skarmory
|
|switch|p2a: Talonflame|Talonflame, M|297\/297
|turn|14
|
|switch|p1a: Derpington|Quagsire, M|296\/394
|-damage|p1a: Derpington|272\/394|[from] Stealth Rock
|-damage|p1a: Derpington|174\/394|[from] Spikes
|move|p2a: Talonflame|U-turn|p1a: Derpington
|-damage|p1a: Derpington|92\/394
|
|switch|p2a: Staraptor|Staraptor, M|311\/311
|
|-heal|p1a: Derpington|116\/394|[from] item: Leftovers
|turn|15
|
|move|p2a: Staraptor|U-turn|p1a: Derpington
|-damage|p1a: Derpington|25\/394
|
|switch|p2a: Keldeo|Keldeo|323\/323
|move|p1a: Derpington|Recover|p1a: Derpington
|-heal|p1a: Derpington|222\/394
|
|-heal|p1a: Derpington|246\/394|[from] item: Leftovers
|turn|16
|
|move|p2a: Keldeo|Hydro Pump|p1a: Derpington
|-damage|p1a: Derpington|0 fnt
|-damage|p2a: Keldeo|291\/323|[from] item: Life Orb
|faint|p1a: Derpington
|
|
|switch|p1a: Masterclass|Aegislash, M|263\/323
|-damage|p1a: Masterclass|183\/323|[from] Spikes
|-damage|p1a: Masterclass|163\/323|[from] Stealth Rock
|turn|17
|
|move|p1a: Masterclass|King's Shield|p1a: Masterclass
|-singleturn|p1a: Masterclass|Protect
|move|p2a: Keldeo|Hydro Pump|p1a: Masterclass
|-activate|p1a: Masterclass|Protect
|
|-heal|p1a: Masterclass|183\/323|[from] item: Leftovers
|turn|18
|
|move|p2a: Keldeo|Hydro Pump|p1a: Masterclass
|-damage|p1a: Masterclass|57\/323
|-damage|p2a: Keldeo|259\/323|[from] item: Life Orb
|-formechange|p1a: Masterclass|Aegislash-Blade
|move|p1a: Masterclass|Shadow Ball|p2a: Keldeo
|-damage|p2a: Keldeo|106\/323
|
|-heal|p1a: Masterclass|77\/323|[from] item: Leftovers
|turn|19
|chat|MuhFugginMoose|god forbid you miss one
|
|-formechange|p1a: Masterclass|Aegislash
|move|p1a: Masterclass|King's Shield|p1a: Masterclass
|-singleturn|p1a: Masterclass|Protect
|move|p2a: Keldeo|Hidden Power|p1a: Masterclass
|-activate|p1a: Masterclass|Protect
|
|-heal|p1a: Masterclass|97\/323|[from] item: Leftovers
|turn|20
|
|move|p2a: Keldeo|Hydro Pump|p1a: Masterclass
|-damage|p1a: Masterclass|0 fnt
|-damage|p2a: Keldeo|74\/323|[from] item: Life Orb
|faint|p1a: Masterclass
|
|-message|MuhFugginMoose forfeited.
|
|win|dtw
|raw|Ladder updating...
|leave|MuhFugginMoose
|player|p1
|raw|MuhFugginMoose's rating: 1541 &rarr; <strong>1524<\/strong><br \/>(-17 for losing)
|raw|dtw's rating: 1588 &rarr; <strong>1605<\/strong><br \/>(+17 for winning)