|join|Xfing
|join|MuhFugginMoose
|player|p1|Xfing|144
|player|p2|MuhFugginMoose|170
|gametype|singles
|tier|OU
|rated
|rule|Evasion Abilities Clause: Evasion abilities are banned
|clearpoke
|poke|p1|Chandelure, F
|poke|p1|Cobalion
|poke|p1|Crobat, M
|poke|p1|Azelf
|poke|p1|Flygon, M
|poke|p1|Milotic, F
|poke|p2|Venomoth, M
|poke|p2|Hydreigon, M, shiny
|poke|p2|Politoed, F
|poke|p2|Forretress, M
|poke|p2|Landorus-Therian, M
|poke|p2|Jellicent, F
|rule|Sleep Clause Mod: Limit one foe put to sleep
|rule|Species Clause: Limit one of each Pokemon
|rule|OHKO Clause: OHKO moves are banned
|rule|Moody Clause: Moody is banned
|rule|Evasion Moves Clause: Evasion moves are banned
|rule|HP Percentage Mod: HP is reported as percentages
|teampreview
|callback|decision
|chat|Xfing|sorry, this is prolly stupid but i wanna see how my uu team does
|
|start
|switch|p1a: Crobat|Crobat, M|355\/355
|switch|p2a: BallO'Haz|Forretress, M|354\/354
|turn|1
|callback|decision
|chat|MuhFugginMoose|haha i was wondering why they were all uu
|
|move|p1a: Crobat|Taunt|p2a: BallO'Haz
|-start|p2a: BallO'Haz|move: Taunt
|cant|p2a: BallO'Haz|move: Taunt|Stealth Rock
|
|turn|2
|callback|decision
|
|switch|p1a: Azelf|Azelf|291\/291
|move|p2a: BallO'Haz|Volt Switch|p1a: Azelf
|-damage|p1a: Azelf|237\/291
|callback|decision
|
|switch|p2a: Enepsigos|Jellicent, F|403\/403
|
|turn|3
|callback|decision
|
|move|p1a: Azelf|Nasty Plot|p1a: Azelf
|-boost|p1a: Azelf|spa|2
|move|p2a: Enepsigos|Taunt|p1a: Azelf
|-start|p1a: Azelf|move: Taunt
|
|turn|4
|callback|decision
|
|move|p1a: Azelf|Thunderbolt|p2a: Enepsigos
|-crit|p2a: Enepsigos
|-supereffective|p2a: Enepsigos
|-damage|p2a: Enepsigos|0 fnt
|-damage|p1a: Azelf|208\/291|[from] item: Life Orb
|faint|p2a: Enepsigos
|
|callback|decision
|
|switch|p2a: Harlequin|Politoed, F|384\/384
|-weather|RainDance|[from] ability: Drizzle|[of] p2a: Harlequin
|turn|5
|callback|decision
|
|move|p1a: Azelf|Thunderbolt|p2a: Harlequin
|-crit|p2a: Harlequin
|-supereffective|p2a: Harlequin
|-damage|p2a: Harlequin|0 fnt
|-damage|p1a: Azelf|179\/291|[from] item: Life Orb
|faint|p2a: Harlequin
|
|-weather|RainDance|[upkeep]
|callback|decision
|
|switch|p2a: Slaughter|Landorus-Therian, M|349\/349
|-ability|p2a: Slaughter|Intimidate|[of] p1a: Azelf
|-unboost|p1a: Azelf|atk|1
|turn|6
|callback|decision
|
|move|p1a: Azelf|Psyshock|p2a: Slaughter
|-damage|p2a: Slaughter|0 fnt
|-damage|p1a: Azelf|150\/291|[from] item: Life Orb
|faint|p2a: Slaughter
|
|-weather|RainDance|[upkeep]
|-end|p1a: Azelf|move: Taunt
|callback|decision
|
|switch|p2a: BallO'Haz|Forretress, M|354\/354
|turn|7
|callback|decision
|
|move|p1a: Azelf|Flamethrower|p2a: BallO'Haz
|-supereffective|p2a: BallO'Haz
|-activate|p2a: BallO'Haz|Sturdy
|-damage|p2a: BallO'Haz|1\/354
|-damage|p1a: Azelf|121\/291|[from] item: Life Orb
|move|p2a: BallO'Haz|Stealth Rock|p1a: Azelf
|-sidestart|p1: Xfing|move: Stealth Rock
|
|-weather|RainDance|[upkeep]
|-heal|p2a: BallO'Haz|23\/354|[from] item: Leftovers
|turn|8
|callback|decision
|chat|MuhFugginMoose|i fucked up in the beginning gg
|
|move|p1a: Azelf|Thunderbolt|p2a: BallO'Haz
|-damage|p2a: BallO'Haz|0 fnt
|-damage|p1a: Azelf|92\/291|[from] item: Life Orb
|faint|p2a: BallO'Haz
|
|-weather|RainDance|[upkeep]
|callback|decision
|
|switch|p2a: GimGimmick|Venomoth, M|344\/344
|turn|9
|callback|decision
|
|switch|p2a: Ot6p|Hydreigon, M, shiny|366\/366
|move|p1a: Azelf|Psyshock|p2a: Ot6p
|-immune|p2a: Ot6p|[msg]
|
|-weather|RainDance|[upkeep]
|turn|10
|callback|decision
|
|move|p1a: Azelf|Flamethrower|p2a: Ot6p
|-resisted|p2a: Ot6p
|-damage|p2a: Ot6p|287\/366
|-damage|p1a: Azelf|63\/291|[from] item: Life Orb
|move|p2a: Ot6p|Dark Pulse|p1a: Azelf
|-crit|p1a: Azelf
|-supereffective|p1a: Azelf
|-damage|p1a: Azelf|0 fnt
|faint|p1a: Azelf
|
|-weather|RainDance|[upkeep]
|-heal|p2a: Ot6p|309\/366|[from] item: Leftovers
|callback|decision
|chat|Xfing|not so fast bro
|chat|Xfing|you might still
|
|switch|p1a: Milotic|Milotic, F|393\/393
|-damage|p1a: Milotic|344\/393|[from] Stealth Rock
|turn|11
|callback|decision
|
|switch|p2a: GimGimmick|Venomoth, M|344\/344
|move|p1a: Milotic|Ice Beam|p2a: GimGimmick
|-damage|p2a: GimGimmick|252\/344
|
|-weather|RainDance|[upkeep]
|turn|12
|callback|decision
|
|move|p2a: GimGimmick|Sleep Powder|p1a: Milotic
|-status|p1a: Milotic|slp
|cant|p1a: Milotic|slp
|
|-weather|RainDance|[upkeep]
|turn|13
|callback|decision
|
|move|p2a: GimGimmick|Quiver Dance|p2a: GimGimmick
|-boost|p2a: GimGimmick|spa|1
|-boost|p2a: GimGimmick|spd|1
|-boost|p2a: GimGimmick|spe|1
|cant|p1a: Milotic|slp
|
|-weather|RainDance|[upkeep]
|turn|14
|callback|decision
|
|switch|p1a: Crobat|Crobat, M|355\/355
|-damage|p1a: Crobat|267\/355|[from] Stealth Rock
|move|p2a: GimGimmick|Quiver Dance|p2a: GimGimmick
|-boost|p2a: GimGimmick|spa|1
|-boost|p2a: GimGimmick|spd|1
|-boost|p2a: GimGimmick|spe|1
|
|-weather|RainDance|[upkeep]
|-heal|p1a: Crobat|289\/355|[from] item: Black Sludge
|turn|15
|callback|decision
|
|move|p2a: GimGimmick|Bug Buzz|p1a: Crobat
|-resisted|p1a: Crobat
|-damage|p1a: Crobat|178\/355
|move|p1a: Crobat|Brave Bird|p2a: GimGimmick
|-supereffective|p2a: GimGimmick
|-damage|p2a: GimGimmick|0 fnt
|-damage|p1a: Crobat|95\/355|[from] recoil|[of] p2a: GimGimmick
|faint|p2a: GimGimmick
|
|-weather|RainDance|[upkeep]
|-heal|p1a: Crobat|117\/355|[from] item: Black Sludge
|callback|decision
|chat|MuhFugginMoose|i was expecting taunt dammit i fucked up gg
|
|switch|p2a: Ot6p|Hydreigon, M, shiny|309\/366
|turn|16
|callback|decision
|chat|Xfing|i don't fuck around, i deal damage :D
|
|move|p1a: Crobat|Brave Bird|p2a: Ot6p
|-damage|p2a: Ot6p|186\/366
|-damage|p1a: Crobat|76\/355|[from] recoil|[of] p2a: Ot6p
|move|p2a: Ot6p|Surf|p1a: Crobat
|-damage|p1a: Crobat|0 fnt
|faint|p1a: Crobat
|
|-weather|RainDance|[upkeep]
|-heal|p2a: Ot6p|208\/366|[from] item: Leftovers
|callback|decision
|chat|MuhFugginMoose|well i figured you wouldnt let me baton pass
|
|switch|p1a: Milotic|Milotic, F|344\/393 slp
|-damage|p1a: Milotic|295\/393 slp|[from] Stealth Rock
|turn|17
|callback|decision
|chat|MuhFugginMoose|thats a death wish but haha you did
|
|move|p2a: Ot6p|Dark Pulse|p1a: Milotic
|-damage|p1a: Milotic|195\/393 slp
|cant|p1a: Milotic|slp
|
|-weather|RainDance|[upkeep]
|-heal|p2a: Ot6p|230\/366|[from] item: Leftovers
|turn|18
|callback|decision
|
|move|p2a: Ot6p|Focus Blast|p1a: Milotic
|-crit|p1a: Milotic
|-damage|p1a: Milotic|0 fnt
|faint|p1a: Milotic
|
|-weather|RainDance|[upkeep]
|-heal|p2a: Ot6p|252\/366|[from] item: Leftovers
|callback|decision
|
|switch|p1a: Cobalion|Cobalion|385\/385
|-damage|p1a: Cobalion|373\/385|[from] Stealth Rock
|turn|19
|callback|decision
|
|move|p1a: Cobalion|Sacred Sword|p2a: Ot6p
|-supereffective|p2a: Ot6p
|-damage|p2a: Ot6p|100\/366
|move|p2a: Ot6p|Focus Blast|p1a: Cobalion|[miss]
|-miss|p2a: Ot6p|p1a: Cobalion
|
|-weather|RainDance|[upkeep]
|-heal|p1a: Cobalion|385\/385|[from] item: Leftovers
|-heal|p2a: Ot6p|122\/366|[from] item: Leftovers
|turn|20
|callback|decision
|chat|MuhFugginMoose|i knew it
|
|move|p1a: Cobalion|Sacred Sword|p2a: Ot6p
|-supereffective|p2a: Ot6p
|-damage|p2a: Ot6p|0 fnt
|faint|p2a: Ot6p
|
|win|Xfing
|raw|Ladder updating...
|raw|Xfing's rating: 1625 &rarr; <strong>1627<\/strong><br \/>(+2 for winning)
|raw|MuhFugginMoose's rating: 1466 &rarr; <strong>1461<\/strong><br \/>(-5 for losing)
|chat|Xfing|well gg!
|chat|Xfing|lol, 2 points. cool
|chat|MuhFugginMoose|haha might as well add insult to injury gg
|leave|MuhFugginMoose
|player|p2