|join|JWZ3
|join|MuhFugginMoose
|player|p1|JWZ3|1
|player|p2|MuhFugginMoose|80
|gametype|singles
|gen|6
|tier|OU
|rated
|clearpoke
|poke|p1|Gyarados, F
|poke|p1|Breloom, M
|poke|p1|Latios, M
|poke|p1|Rotom-Heat
|poke|p1|Aegislash, M
|poke|p1|Tyranitar, F
|poke|p2|Mawile, F, shiny
|poke|p2|Zapdos
|poke|p2|Hippowdon, F
|poke|p2|Suicune
|poke|p2|Conkeldurr, M
|poke|p2|Chansey, F
|rule|Sleep Clause Mod: Limit one foe put to sleep
|rule|Species Clause: Limit one of each Pokemon
|rule|OHKO Clause: OHKO moves are banned
|rule|Moody Clause: Moody is banned
|rule|Evasion Moves Clause: Evasion moves are banned
|rule|Endless Battle Clause: Forcing endless battles is banned.
|rule|HP Percentage Mod: HP is reported as percentages
|teampreview
|
|start
|switch|p1a: Tyranitar|Tyranitar, F|403\/403
|switch|p2a: MawMaw|Hippowdon, F|419\/419
|-weather|Sandstorm
|turn|1
|
|move|p1a: Tyranitar|Stealth Rock|p2a: MawMaw
|-sidestart|p2: MuhFugginMoose|move: Stealth Rock
|move|p2a: MawMaw|Earthquake|p1a: Tyranitar
|-supereffective|p1a: Tyranitar
|-damage|p1a: Tyranitar|241\/403
|
|-weather|Sandstorm|[upkeep]
|-heal|p1a: Tyranitar|266\/403|[from] item: Leftovers
|turn|2
|
|switch|p1a: Aegislash|Aegislash, M|322\/322
|move|p2a: MawMaw|Rock Slide|p1a: Aegislash
|-resisted|p1a: Aegislash
|-damage|p1a: Aegislash|299\/322
|
|-weather|Sandstorm|[upkeep]
|-heal|p1a: Aegislash|319\/322|[from] item: Leftovers
|turn|3
|
|move|p1a: Aegislash|Toxic|p2a: MawMaw
|-status|p2a: MawMaw|tox
|move|p2a: MawMaw|Earthquake|p1a: Aegislash
|-supereffective|p1a: Aegislash
|-damage|p1a: Aegislash|133\/322
|
|-weather|Sandstorm|[upkeep]
|-heal|p1a: Aegislash|153\/322|[from] item: Leftovers
|-damage|p2a: MawMaw|393\/419 tox|[from] psn
|turn|4
|
|switch|p2a: Zapdos|Zapdos|342\/342
|-damage|p2a: Zapdos|257\/342|[from] Stealth Rock
|-ability|p2a: Zapdos|Pressure
|move|p1a: Aegislash|King's Shield|p1a: Aegislash
|-fail|p1a: Aegislash
|
|-weather|Sandstorm|[upkeep]
|-damage|p2a: Zapdos|236\/342|[from] sandstorm
|-heal|p2a: Zapdos|257\/342|[from] item: Leftovers
|-heal|p1a: Aegislash|173\/322|[from] item: Leftovers
|turn|5
|
|switch|p1a: Tyranitar|Tyranitar, F|266\/403
|move|p2a: Zapdos|Defog|p1a: Tyranitar
|-unboost|p1a: Tyranitar|evasion|1
|-sideend|p2: MuhFugginMoose|Stealth Rock|[from] move: Defog|[of] p2a: Zapdos
|
|-weather|none
|-heal|p2a: Zapdos|278\/342|[from] item: Leftovers
|-heal|p1a: Tyranitar|291\/403|[from] item: Leftovers
|turn|6
|
|move|p2a: Zapdos|Discharge|p1a: Tyranitar
|-damage|p1a: Tyranitar|173\/403
|move|p1a: Tyranitar|Stealth Rock|p2a: Zapdos
|-sidestart|p2: MuhFugginMoose|move: Stealth Rock
|
|-heal|p2a: Zapdos|299\/342|[from] item: Leftovers
|-heal|p1a: Tyranitar|198\/403|[from] item: Leftovers
|turn|7
|
|move|p2a: Zapdos|Defog|p1a: Tyranitar
|-unboost|p1a: Tyranitar|evasion|1
|-sideend|p2: MuhFugginMoose|Stealth Rock|[from] move: Defog|[of] p2a: Zapdos
|move|p1a: Tyranitar|Stone Edge|p2a: Zapdos
|-supereffective|p2a: Zapdos
|-damage|p2a: Zapdos|0 fnt
|faint|p2a: Zapdos
|
|-heal|p1a: Tyranitar|223\/403|[from] item: Leftovers
|chat|MuhFugginMoose|my zapdos has no stat investments.  T_T oh PS. . .
|
|switch|p2a: Mr.Roids|Conkeldurr, M|414\/414
|turn|8
|chat|JWZ3|ooh too bad
|chat|JWZ3|how come
|
|switch|p1a: Gyarados|Gyarados, F|331\/331
|-ability|p1a: Gyarados|Intimidate|[of] p2a: Mr.Roids
|-unboost|p2a: Mr.Roids|atk|1
|move|p2a: Mr.Roids|Knock Off|p1a: Gyarados
|-damage|p1a: Gyarados|261\/331
|
|turn|9
|chat|MuhFugginMoose|well, it's supposed to, but I guess it deleted it
|
|move|p1a: Gyarados|Dragon Dance|p1a: Gyarados
|-boost|p1a: Gyarados|atk|1
|-boost|p1a: Gyarados|spe|1
|move|p2a: Mr.Roids|Drain Punch|p1a: Gyarados
|-resisted|p1a: Gyarados
|-damage|p1a: Gyarados|197\/331
|
|turn|10
|
|move|p1a: Gyarados|Waterfall|p2a: Mr.Roids
|-damage|p2a: Mr.Roids|167\/414
|cant|p2a: Mr.Roids|flinch
|
|turn|11
|
|switch|p2a: Suicune|Suicune|404\/404
|-ability|p2a: Suicune|Pressure
|move|p1a: Gyarados|Dragon Dance|p1a: Gyarados
|-boost|p1a: Gyarados|atk|1
|-boost|p1a: Gyarados|spe|1
|
|turn|12
|
|move|p1a: Gyarados|Earthquake|p2a: Suicune
|-damage|p2a: Suicune|242\/404
|move|p2a: Suicune|Scald|p1a: Gyarados
|-resisted|p1a: Gyarados
|-damage|p1a: Gyarados|155\/331
|
|-heal|p2a: Suicune|267\/404|[from] item: Leftovers
|turn|13
|
|detailschange|p1a: Gyarados|Gyarados-Mega, F
|message|Gyarados has Mega Evolved into Mega Gyarados!
|-ability|p1a: Gyarados|Mold Breaker
|move|p1a: Gyarados|Waterfall|p2a: Suicune
|-resisted|p2a: Suicune
|-damage|p2a: Suicune|155\/404
|move|p2a: Suicune|Scald|p1a: Gyarados
|-resisted|p1a: Gyarados
|-damage|p1a: Gyarados|121\/331
|
|-heal|p2a: Suicune|180\/404|[from] item: Leftovers
|turn|14
|
|move|p1a: Gyarados|Earthquake|p2a: Suicune
|-damage|p2a: Suicune|0 fnt
|faint|p2a: Suicune
|
|chat|MuhFugginMoose|thanks for the burn suicune
|
|switch|p2a: MawMaw|Hippowdon, F|393\/419 tox
|-weather|Sandstorm
|turn|15
|chat|JWZ3|xD too bad mate...
|c|âJWZ3|!data scald
|c|~|\/data-move Scald

|
|switch|p2a: Emmy|Chansey, F|704\/704
|move|p1a: Gyarados|Waterfall|p2a: Emmy
|-damage|p2a: Emmy|235\/704
|
|-weather|Sandstorm|[upkeep]
|-damage|p1a: Gyarados|101\/331|[from] sandstorm
|-damage|p2a: Emmy|191\/704|[from] sandstorm
|turn|16
|
|move|p1a: Gyarados|Waterfall|p2a: Emmy
|-damage|p2a: Emmy|0 fnt
|faint|p2a: Emmy
|
|-weather|Sandstorm|[upkeep]
|-damage|p1a: Gyarados|81\/331|[from] sandstorm
|
|switch|p2a: Tessa|Mawile, F, shiny|303\/303
|-ability|p2a: Tessa|Intimidate|[of] p1a: Gyarados
|-unboost|p1a: Gyarados|atk|1
|turn|17
|
|detailschange|p2a: Tessa|Mawile-Mega, F, shiny
|message|Mawile has Mega Evolved into Mega Mawile!
|move|p2a: Tessa|Sucker Punch|p1a: Gyarados
|-resisted|p1a: Gyarados
|-damage|p1a: Gyarados|0 fnt
|faint|p1a: Gyarados
|
|-weather|Sandstorm|[upkeep]
|chat|JWZ3|nice
|
|switch|p1a: Rotom-Heat|Rotom-Heat|304\/304
|turn|18
|
|switch|p2a: MawMaw|Hippowdon, F|393\/419 tox
|move|p1a: Rotom-Heat|Thunder Wave|p2a: MawMaw
|-immune|p2a: MawMaw|[msg]
|
|-weather|Sandstorm|[upkeep]
|-damage|p1a: Rotom-Heat|285\/304|[from] sandstorm
|-heal|p1a: Rotom-Heat|304\/304|[from] item: Leftovers
|-heal|p2a: MawMaw|419\/419 tox|[from] item: Leftovers
|-damage|p2a: MawMaw|393\/419 tox|[from] psn
|turn|19
|
|move|p1a: Rotom-Heat|Overheat|p2a: MawMaw
|-damage|p2a: MawMaw|261\/419 tox
|-unboost|p1a: Rotom-Heat|spa|2
|move|p2a: MawMaw|Rock Slide|p1a: Rotom-Heat
|-supereffective|p1a: Rotom-Heat
|-damage|p1a: Rotom-Heat|186\/304
|
|-weather|none
|-heal|p1a: Rotom-Heat|205\/304|[from] item: Leftovers
|-heal|p2a: MawMaw|287\/419 tox|[from] item: Leftovers
|-damage|p2a: MawMaw|235\/419 tox|[from] psn
|turn|20
|
|move|p1a: Rotom-Heat|Overheat|p2a: MawMaw
|-damage|p2a: MawMaw|166\/419 tox
|-unboost|p1a: Rotom-Heat|spa|2
|move|p2a: MawMaw|Slack Off|p2a: MawMaw
|-heal|p2a: MawMaw|376\/419 tox
|
|-heal|p1a: Rotom-Heat|224\/304|[from] item: Leftovers
|-heal|p2a: MawMaw|402\/419 tox|[from] item: Leftovers
|-damage|p2a: MawMaw|324\/419 tox|[from] psn
|turn|21
|
|switch|p1a: Tyranitar|Tyranitar, F|223\/403
|-weather|Sandstorm
|switch|p2a: Mr.Roids|Conkeldurr, M|167\/414
|
|-weather|Sandstorm|[upkeep]
|-damage|p2a: Mr.Roids|142\/414|[from] sandstorm
|-heal|p1a: Tyranitar|248\/403|[from] item: Leftovers
|turn|22
|
|move|p1a: Tyranitar|Fire Blast|p2a: Mr.Roids
|-damage|p2a: Mr.Roids|70\/414
|move|p2a: Mr.Roids|Drain Punch|p1a: Tyranitar
|-supereffective|p1a: Tyranitar
|-damage|p1a: Tyranitar|0 fnt
|-heal|p2a: Mr.Roids|194\/414|[from] drain|[of] p1a: Tyranitar
|faint|p1a: Tyranitar
|
|-weather|Sandstorm|[upkeep]
|-damage|p2a: Mr.Roids|169\/414|[from] sandstorm
|
|switch|p1a: Latios|Latios, M|302\/302
|turn|23
|
|move|p1a: Latios|Psychic|p2a: Mr.Roids
|-supereffective|p2a: Mr.Roids
|-damage|p2a: Mr.Roids|0 fnt
|faint|p2a: Mr.Roids
|
|-weather|Sandstorm|[upkeep]
|-damage|p1a: Latios|284\/302|[from] sandstorm
|
|switch|p2a: Tessa|Mawile-Mega, F, shiny|303\/303
|turn|24
|
|switch|p1a: Rotom-Heat|Rotom-Heat|224\/304
|move|p2a: Tessa|Substitute|p2a: Tessa
|-start|p2a: Tessa|Substitute
|-damage|p2a: Tessa|228\/303
|
|-weather|Sandstorm|[upkeep]
|-damage|p1a: Rotom-Heat|205\/304|[from] sandstorm
|-heal|p1a: Rotom-Heat|224\/304|[from] item: Leftovers
|turn|25
|
|move|p2a: Tessa|Sucker Punch|p1a: Rotom-Heat
|-damage|p1a: Rotom-Heat|47\/304
|move|p1a: Rotom-Heat|Overheat|p2a: Tessa
|-supereffective|p2a: Tessa
|-end|p2a: Tessa|Substitute
|-unboost|p1a: Rotom-Heat|spa|2
|
|-weather|none
|-heal|p1a: Rotom-Heat|66\/304|[from] item: Leftovers
|turn|26
|
|move|p1a: Rotom-Heat|Pain Split|p2a: Tessa
|-sethp|p2a: Tessa|147\/303|p1a: Rotom-Heat|147\/304|[from] move: Pain Split
|move|p2a: Tessa|Substitute|p2a: Tessa
|-start|p2a: Tessa|Substitute
|-damage|p2a: Tessa|72\/303
|
|-heal|p1a: Rotom-Heat|166\/304|[from] item: Leftovers
|turn|27
|
|switch|p1a: Breloom|Breloom, M|261\/261
|move|p2a: Tessa|Sucker Punch|p1a: Breloom
|-fail|p1a: Breloom
|
|turn|28
|
|switch|p1a: Rotom-Heat|Rotom-Heat|166\/304
|move|p2a: Tessa|Play Rough|p1a: Rotom-Heat
|-resisted|p1a: Rotom-Heat
|-damage|p1a: Rotom-Heat|26\/304
|
|-heal|p1a: Rotom-Heat|45\/304|[from] item: Leftovers
|turn|29
|
|switch|p1a: Aegislash|Aegislash, M|173\/322
|move|p2a: Tessa|Sucker Punch|p1a: Aegislash
|-fail|p1a: Aegislash
|
|-heal|p1a: Aegislash|193\/322|[from] item: Leftovers
|turn|30
|
|move|p1a: Aegislash|King's Shield|p1a: Aegislash
|-singleturn|p1a: Aegislash|Protect
|move|p2a: Tessa|Sucker Punch|p1a: Aegislash
|-fail|p1a: Aegislash
|
|-heal|p1a: Aegislash|213\/322|[from] item: Leftovers
|turn|31
|
|move|p2a: Tessa|Sucker Punch|p1a: Aegislash
|-supereffective|p1a: Aegislash
|-damage|p1a: Aegislash|0 fnt
|faint|p1a: Aegislash
|
|
|switch|p1a: Breloom|Breloom, M|261\/261
|turn|32
|
|move|p1a: Breloom|Mach Punch|p2a: Tessa
|-end|p2a: Tessa|Substitute
|move|p2a: Tessa|Play Rough|p1a: Breloom
|-supereffective|p1a: Breloom
|-enditem|p1a: Breloom|Focus Sash
|-damage|p1a: Breloom|1\/261
|
|turn|33
|
|switch|p2a: MawMaw|Hippowdon, F|324\/419 tox
|-weather|Sandstorm
|move|p1a: Breloom|Spore|p2a: MawMaw
|-fail|p2a: MawMaw
|
|-weather|Sandstorm|[upkeep]
|-damage|p1a: Breloom|0 fnt|[from] sandstorm
|-heal|p2a: MawMaw|350\/419 tox|[from] item: Leftovers
|-damage|p2a: MawMaw|324\/419 tox|[from] psn
|faint|p1a: Breloom
|chat|JWZ3|damn nice played
|
|switch|p1a: Rotom-Heat|Rotom-Heat|45\/304
|turn|34
|
|move|p1a: Rotom-Heat|Pain Split|p2a: MawMaw
|-sethp|p2a: MawMaw|184\/419 tox|p1a: Rotom-Heat|184\/304|[from] move: Pain Split
|move|p2a: MawMaw|Rock Slide|p1a: Rotom-Heat
|-supereffective|p1a: Rotom-Heat
|-damage|p1a: Rotom-Heat|68\/304
|
|-weather|Sandstorm|[upkeep]
|-damage|p1a: Rotom-Heat|49\/304|[from] sandstorm
|-heal|p1a: Rotom-Heat|68\/304|[from] item: Leftovers
|-heal|p2a: MawMaw|210\/419 tox|[from] item: Leftovers
|-damage|p2a: MawMaw|158\/419 tox|[from] psn
|turn|35
|
|switch|p1a: Latios|Latios, M|284\/302
|switch|p2a: Tessa|Mawile-Mega, F, shiny|72\/303
|
|-weather|Sandstorm|[upkeep]
|-damage|p1a: Latios|266\/302|[from] sandstorm
|turn|36
|
|move|p2a: Tessa|Sucker Punch|p1a: Latios
|-fail|p1a: Latios
|move|p1a: Latios|Trick|p2a: Tessa
|-fail|p2a: Tessa
|
|-weather|Sandstorm|[upkeep]
|-damage|p1a: Latios|248\/302|[from] sandstorm
|turn|37
|
|switch|p1a: Rotom-Heat|Rotom-Heat|68\/304
|move|p2a: Tessa|Play Rough|p1a: Rotom-Heat
|-resisted|p1a: Rotom-Heat
|-damage|p1a: Rotom-Heat|0 fnt
|faint|p1a: Rotom-Heat
|
|-weather|none
|
|switch|p1a: Latios|Latios, M|248\/302
|turn|38
|chat|JWZ3|damn
|
|move|p2a: Tessa|Sucker Punch|p1a: Latios
|-supereffective|p1a: Latios
|-damage|p1a: Latios|0 fnt
|faint|p1a: Latios
|
|win|MuhFugginMoose
|raw|Ladder updating...
|chat|MuhFugginMoose|gg
|raw|JWZ3's rating: 1701 &rarr; <strong>1674<\/strong><br \/>(-27 for losing)
|raw|MuhFugginMoose's rating: 1567 &rarr; <strong>1594<\/strong><br \/>(+27 for winning)
|chat|JWZ3|gg
|leave|JWZ3
|player|p1