|join|Aishiteruyo
|join|MuhFugginMoose
|player|p1|Aishiteruyo|292
|player|p2|MuhFugginMoose|80
|gametype|singles
|gen|6
|tier|OU
|rated
|clearpoke
|poke|p1|Slowbro, F
|poke|p1|Heatran, F
|poke|p1|Venusaur, F
|poke|p1|Chansey, F
|poke|p1|Skarmory, M
|poke|p1|Clefable, F
|poke|p2|Mawile, F
|poke|p2|Greninja, M
|poke|p2|Dragonite, F
|poke|p2|Rhyperior, M
|poke|p2|Gengar, M, shiny
|poke|p2|Scizor, M
|rule|Sleep Clause Mod: Limit one foe put to sleep
|rule|Species Clause: Limit one of each Pokemon
|rule|OHKO Clause: OHKO moves are banned
|rule|Moody Clause: Moody is banned
|rule|Evasion Moves Clause: Evasion moves are banned
|rule|Endless Battle Clause: Forcing endless battles is banned.
|rule|HP Percentage Mod: HP is reported as percentages
|teampreview
|chat|MuhFugginMoose|oh boy. . .
|
|start
|switch|p1a: Skarmory|Skarmory, M|334\/334
|switch|p2a: Dororo|Greninja, M|285\/285
|turn|1
|
|-start|p2a: Dororo|typechange|Ice|[from] Protean
|move|p2a: Dororo|Ice Beam|p1a: Skarmory
|-damage|p1a: Skarmory|114\/334
|-damage|p2a: Dororo|257\/285|[from] item: Life Orb
|move|p1a: Skarmory|Spikes|p2a: Dororo
|-sidestart|p2: MuhFugginMoose|Spikes
|
|-heal|p1a: Skarmory|134\/334|[from] item: Leftovers
|turn|2
|
|switch|p1a: Chansey|Chansey, F|704\/704
|move|p2a: Dororo|Ice Beam|p1a: Chansey
|-damage|p1a: Chansey|595\/704
|-damage|p2a: Dororo|229\/285|[from] item: Life Orb
|
|turn|3
|
|-start|p2a: Dororo|typechange|Bug|[from] Protean
|move|p2a: Dororo|U-turn|p1a: Chansey
|-damage|p1a: Chansey|459\/704
|-damage|p2a: Dororo|201\/285|[from] item: Life Orb
|
|switch|p2a: Tec|Scizor, M|343\/343
|-damage|p2a: Tec|301\/343|[from] Spikes
|move|p1a: Chansey|Toxic|p2a: Tec
|-fail|p2a: Tec
|
|-heal|p2a: Tec|322\/343|[from] item: Leftovers
|turn|4
|
|switch|p1a: Heatran|Heatran, F|385\/385
|move|p2a: Tec|Defog|p1a: Heatran
|-unboost|p1a: Heatran|evasion|1
|-sideend|p2: MuhFugginMoose|Spikes|[from] move: Defog|[of] p2a: Tec
|
|-heal|p2a: Tec|343\/343|[from] item: Leftovers
|turn|5
|
|switch|p2a: Wrex|Rhyperior, M|434\/434
|move|p1a: Heatran|Stealth Rock|p2a: Wrex
|-sidestart|p2: MuhFugginMoose|move: Stealth Rock
|
|turn|6
|
|switch|p1a: Skarmory|Skarmory, M|134\/334
|move|p2a: Wrex|Stone Edge|p1a: Skarmory
|-damage|p1a: Skarmory|10\/334
|
|-heal|p1a: Skarmory|30\/334|[from] item: Leftovers
|turn|7
|
|move|p1a: Skarmory|Roost|p1a: Skarmory
|-heal|p1a: Skarmory|197\/334
|move|p2a: Wrex|Stone Edge|p1a: Skarmory
|-resisted|p1a: Skarmory
|-damage|p1a: Skarmory|133\/334
|
|-heal|p1a: Skarmory|153\/334|[from] item: Leftovers
|turn|8
|
|move|p2a: Wrex|Earthquake|p1a: Skarmory
|-immune|p1a: Skarmory|[msg]
|move|p1a: Skarmory|Whirlwind|p2a: Wrex
|drag|p2a: Staan|Gengar, M, shiny|262\/262
|-damage|p2a: Staan|230\/262|[from] Stealth Rock
|
|-heal|p2a: Staan|246\/262|[from] item: Black Sludge
|-heal|p1a: Skarmory|173\/334|[from] item: Leftovers
|turn|9
|
|move|p2a: Staan|Thunderbolt|p1a: Skarmory
|-supereffective|p1a: Skarmory
|-damage|p1a: Skarmory|0 fnt
|faint|p1a: Skarmory
|
|-heal|p2a: Staan|262\/262|[from] item: Black Sludge
|
|switch|p1a: Venusaur|Venusaur, F|364\/364
|turn|10
|
|-formechange|p1a: Venusaur|Venusaur-Mega
|message|Venusaur has Mega Evolved into Mega Venusaur!
|move|p2a: Staan|Icy Wind|p1a: Venusaur
|-supereffective|p1a: Venusaur
|-damage|p1a: Venusaur|320\/364
|-unboost|p1a: Venusaur|spe|1
|move|p1a: Venusaur|Leech Seed|p2a: Staan
|-start|p2a: Staan|move: Leech Seed
|
|-damage|p2a: Staan|230\/262|[from] Leech Seed|[of] p1a: Venusaur
|-heal|p1a: Venusaur|352\/364|[silent]
|turn|11
|
|switch|p2a: Tec|Scizor, M|343\/343
|-damage|p2a: Tec|301\/343|[from] Stealth Rock
|move|p1a: Venusaur|Giga Drain|p2a: Tec
|-resisted|p2a: Tec
|-damage|p2a: Tec|279\/343
|-heal|p1a: Venusaur|363\/364|[from] drain|[of] p2a: Tec
|
|-heal|p2a: Tec|300\/343|[from] item: Leftovers
|turn|12
|
|switch|p1a: Heatran|Heatran, F|385\/385
|move|p2a: Tec|Defog|p1a: Heatran
|-unboost|p1a: Heatran|evasion|1
|-sideend|p2: MuhFugginMoose|Stealth Rock|[from] move: Defog|[of] p2a: Tec
|
|-heal|p2a: Tec|321\/343|[from] item: Leftovers
|turn|13
|
|move|p2a: Tec|Bullet Punch|p1a: Heatran
|-resisted|p1a: Heatran
|-damage|p1a: Heatran|365\/385
|move|p1a: Heatran|Stealth Rock|p2a: Tec
|-sidestart|p2: MuhFugginMoose|move: Stealth Rock
|
|-heal|p1a: Heatran|385\/385|[from] item: Leftovers
|-heal|p2a: Tec|342\/343|[from] item: Leftovers
|turn|14
|
|move|p1a: Heatran|Lava Plume|p2a: Tec
|-supereffective|p2a: Tec
|-damage|p2a: Tec|0 fnt
|faint|p2a: Tec
|
|
|switch|p2a: Wrex|Rhyperior, M|434\/434
|-damage|p2a: Wrex|407\/434|[from] Stealth Rock
|turn|15
|
|switch|p1a: Slowbro|Slowbro, F|394\/394
|move|p2a: Wrex|Earthquake|p1a: Slowbro
|-damage|p1a: Slowbro|249\/394
|
|-heal|p1a: Slowbro|273\/394|[from] item: Leftovers
|turn|16
|
|move|p2a: Wrex|Megahorn|p1a: Slowbro
|-supereffective|p1a: Slowbro
|-damage|p1a: Slowbro|59\/394
|move|p1a: Slowbro|Scald|p2a: Wrex
|-supereffective|p2a: Wrex
|-damage|p2a: Wrex|89\/434
|
|-heal|p1a: Slowbro|83\/394|[from] item: Leftovers
|turn|17
|
|switch|p1a: Venusaur|Venusaur, F|363\/364
|-formechange|p1a: Venusaur|Venusaur-Mega
|move|p2a: Wrex|Earthquake|p1a: Venusaur
|-damage|p1a: Venusaur|210\/364
|
|turn|18
|
|move|p1a: Venusaur|Giga Drain|p2a: Wrex
|-supereffective|p2a: Wrex
|-damage|p2a: Wrex|0 fnt
|-heal|p1a: Venusaur|255\/364|[from] drain|[of] p2a: Wrex
|faint|p2a: Wrex
|
|
|switch|p2a: Dororo|Greninja, M|201\/285
|-damage|p2a: Dororo|166\/285|[from] Stealth Rock
|turn|19
|
|switch|p1a: Chansey|Chansey, F|459\/704
|-start|p2a: Dororo|typechange|Psychic|[from] Protean
|move|p2a: Dororo|Extrasensory|p1a: Chansey
|-damage|p1a: Chansey|360\/704
|-damage|p2a: Dororo|138\/285|[from] item: Life Orb
|
|turn|20
|
|-start|p2a: Dororo|typechange|Bug|[from] Protean
|move|p2a: Dororo|U-turn|p1a: Chansey
|-damage|p1a: Chansey|212\/704
|-damage|p2a: Dororo|110\/285|[from] item: Life Orb
|
|switch|p2a: Tessa|Mawile, F|303\/303
|-damage|p2a: Tessa|285\/303|[from] Stealth Rock
|-ability|p2a: Tessa|Intimidate|[of] p1a: Chansey
|-unboost|p1a: Chansey|atk|1
|move|p1a: Chansey|Soft-Boiled|p1a: Chansey
|-heal|p1a: Chansey|564\/704
|
|turn|21
|
|-formechange|p2a: Tessa|Mawile-Mega
|message|Mawile has Mega Evolved into Mega Mawile!
|move|p1a: Chansey|Seismic Toss|p2a: Tessa
|-damage|p2a: Tessa|185\/303
|move|p2a: Tessa|Swords Dance|p2a: Tessa
|-boost|p2a: Tessa|atk|2
|
|turn|22
|
|switch|p1a: Clefable|Clefable, F|394\/394
|move|p2a: Tessa|Sucker Punch|p1a: Clefable
|-fail|p1a: Clefable
|
|turn|23
|
|move|p1a: Clefable|Calm Mind|p1a: Clefable
|-boost|p1a: Clefable|spa|1
|-boost|p1a: Clefable|spd|1
|move|p2a: Tessa|Play Rough|p1a: Clefable
|-damage|p1a: Clefable|99\/394
|
|-heal|p1a: Clefable|123\/394|[from] item: Leftovers
|turn|24
|
|move|p1a: Clefable|Protect|p1a: Clefable
|-singleturn|p1a: Clefable|Protect
|move|p2a: Tessa|Play Rough|p1a: Clefable
|-activate|p1a: Clefable|Protect
|
|-heal|p1a: Clefable|147\/394|[from] item: Leftovers
|turn|25
|
|move|p1a: Clefable|Moonblast|p2a: Tessa
|-resisted|p2a: Tessa
|-damage|p2a: Tessa|104\/303
|move|p2a: Tessa|Play Rough|p1a: Clefable|[miss]
|-miss|p2a: Tessa|p1a: Clefable
|
|-heal|p1a: Clefable|171\/394|[from] item: Leftovers
|turn|26
|chat|MuhFugginMoose|figures
|
|move|p1a: Clefable|Protect|p1a: Clefable
|-singleturn|p1a: Clefable|Protect
|move|p2a: Tessa|Play Rough|p1a: Clefable
|-activate|p1a: Clefable|Protect
|
|-heal|p1a: Clefable|195\/394|[from] item: Leftovers
|turn|27
|
|switch|p1a: Heatran|Heatran, F|385\/385
|move|p2a: Tessa|Play Rough|p1a: Heatran
|-resisted|p1a: Heatran
|-damage|p1a: Heatran|238\/385
|-unboost|p1a: Heatran|atk|1
|
|-heal|p1a: Heatran|262\/385|[from] item: Leftovers
|turn|28
|
|move|p2a: Tessa|Sucker Punch|p1a: Heatran
|-damage|p1a: Heatran|0 fnt
|faint|p1a: Heatran
|
|
|switch|p1a: Venusaur|Venusaur, F|255\/364
|-formechange|p1a: Venusaur|Venusaur-Mega
|turn|29
|
|move|p1a: Venusaur|Leech Seed|p2a: Tessa
|-start|p2a: Tessa|move: Leech Seed
|move|p2a: Tessa|Fire Fang|p1a: Venusaur|[miss]
|-miss|p2a: Tessa|p1a: Venusaur
|
|-damage|p2a: Tessa|67\/303|[from] Leech Seed|[of] p1a: Venusaur
|-heal|p1a: Venusaur|292\/364|[silent]
|turn|30
|chat|MuhFugginMoose|T_T Seriously. . .
|chat|MuhFugginMoose|that is the 5th time today I missed a 95% accurate move
|chat|Aishiteruyo|Play Rough is 90%
|chat|MuhFugginMoose|fire fang is 95%
|chat|Aishiteruyo|But I guess FF is 95
|chat|Aishiteruyo|My main team has Mega mawile
|chat|Aishiteruyo|I miss PR all the time ;_;
|
|move|p2a: Tessa|Sucker Punch|p1a: Venusaur
|-damage|p1a: Venusaur|0 fnt
|faint|p1a: Venusaur
|
|chat|MuhFugginMoose|I know. xD I hate it
|
|switch|p1a: Clefable|Clefable, F|195\/394
|turn|31
|chat|MuhFugginMoose|90% acc is such a lie
|
|move|p1a: Clefable|Protect|p1a: Clefable
|-singleturn|p1a: Clefable|Protect
|move|p2a: Tessa|Play Rough|p1a: Clefable
|-activate|p1a: Clefable|Protect
|
|-heal|p1a: Clefable|219\/394|[from] item: Leftovers
|-damage|p2a: Tessa|30\/303|[from] Leech Seed|[of] p1a: Clefable
|-heal|p1a: Clefable|256\/394|[silent]
|turn|32
|
|move|p1a: Clefable|Calm Mind|p1a: Clefable
|-boost|p1a: Clefable|spa|1
|-boost|p1a: Clefable|spd|1
|move|p2a: Tessa|Play Rough|p1a: Clefable
|-damage|p1a: Clefable|0 fnt
|faint|p1a: Clefable
|
|
|switch|p1a: Chansey|Chansey, F|564\/704
|turn|33
|
|move|p2a: Tessa|Sucker Punch|p1a: Chansey
|-damage|p1a: Chansey|128\/704
|move|p1a: Chansey|Seismic Toss|p2a: Tessa
|-damage|p2a: Tessa|0 fnt
|faint|p2a: Tessa
|
|
|switch|p2a: Mango|Dragonite, F|324\/324
|-damage|p2a: Mango|243\/324|[from] Stealth Rock
|turn|34
|
|move|p2a: Mango|Dragon Claw|p1a: Chansey
|-damage|p1a: Chansey|0 fnt
|faint|p1a: Chansey
|
|
|switch|p1a: Slowbro|Slowbro, F|214\/394
|turn|35
|chat|MuhFugginMoose|gg
|
|move|p2a: Mango|Dragon Claw|p1a: Slowbro
|-damage|p1a: Slowbro|109\/394
|move|p1a: Slowbro|Thunder Wave|p2a: Mango
|-status|p2a: Mango|par
|
|-heal|p1a: Slowbro|133\/394|[from] item: Leftovers
|turn|36
|chat|Aishiteruyo|gg
|
|move|p1a: Slowbro|Slack Off|p1a: Slowbro
|-heal|p1a: Slowbro|330\/394
|move|p2a: Mango|Dragon Claw|p1a: Slowbro
|-damage|p1a: Slowbro|231\/394
|
|-heal|p1a: Slowbro|255\/394|[from] item: Leftovers
|turn|37
|
|move|p1a: Slowbro|Slack Off|p1a: Slowbro
|-heal|p1a: Slowbro|394\/394
|cant|p2a: Mango|par
|
|turn|38
|
|move|p1a: Slowbro|Scald|p2a: Mango
|-resisted|p2a: Mango
|-damage|p2a: Mango|198\/324 par
|cant|p2a: Mango|par
|
|turn|39
|
|move|p1a: Slowbro|Psyshock|p2a: Mango
|-damage|p2a: Mango|95\/324 par
|cant|p2a: Mango|par
|
|turn|40
|
|move|p1a: Slowbro|Psyshock|p2a: Mango
|-damage|p2a: Mango|0 fnt
|faint|p2a: Mango
|
|chat|MuhFugginMoose|the hax is unbearable
|
|switch|p2a: Staan|Gengar, M, shiny|230\/262
|-damage|p2a: Staan|198\/262|[from] Stealth Rock
|turn|41
|
|move|p2a: Staan|Shadow Ball|p1a: Slowbro
|-supereffective|p1a: Slowbro
|-damage|p1a: Slowbro|76\/394
|move|p1a: Slowbro|Thunder Wave|p2a: Staan
|-status|p2a: Staan|par
|
|-heal|p1a: Slowbro|100\/394|[from] item: Leftovers
|-heal|p2a: Staan|214\/262 par|[from] item: Black Sludge
|turn|42
|
|move|p1a: Slowbro|Slack Off|p1a: Slowbro
|-heal|p1a: Slowbro|297\/394
|move|p2a: Staan|Shadow Ball|p1a: Slowbro
|-supereffective|p1a: Slowbro
|-damage|p1a: Slowbro|0 fnt
|faint|p1a: Slowbro
|
|win|MuhFugginMoose
|raw|Ladder updating...
|raw|Aishiteruyo's rating: 1505 &rarr; <strong>1483<\/strong><br \/>(-22 for losing)
|raw|MuhFugginMoose's rating: 1469 &rarr; <strong>1491<\/strong><br \/>(+22 for winning)
|chat|Aishiteruyo|gg
|leave|Aishiteruyo
|player|p1