|join|MuhFugginMoose
|join|Gwynsbeard
|player|p1|MuhFugginMoose|146
|player|p2|Gwynsbeard|126
|gametype|singles
|gen|6
|tier|OU
|rated
|clearpoke
|poke|p1|Landorus-Therian, M, shiny
|poke|p1|Lopunny, F
|poke|p1|Manaphy
|poke|p1|Zapdos
|poke|p1|Heatran, F
|poke|p1|Celebi
|poke|p2|Gallade, M, shiny
|poke|p2|Greninja, M, shiny
|poke|p2|Thundurus, M
|poke|p2|Garchomp, F
|poke|p2|Latios, M
|poke|p2|Bisharp, M
|rule|Swagger Clause: Swagger is banned
|rule|Baton Pass Clause: Limit one PokÃ©mon knowing Baton Pass
|rule|Sleep Clause Mod: Limit one foe put to sleep
|rule|Species Clause: Limit one of each PokÃ©mon
|rule|OHKO Clause: OHKO moves are banned
|rule|Moody Clause: Moody is banned
|rule|Evasion Moves Clause: Evasion moves are banned
|rule|Endless Battle Clause: Forcing endless battles is banned
|rule|HP Percentage Mod: HP is shown in percentages
|teampreview
|
|start
|switch|p1a: Habits|Landorus-Therian, M, shiny|341\/341
|switch|p2a: Garchomp|Garchomp, F|357\/357
|-ability|p1a: Habits|Intimidate|[of] p2a: Garchomp
|-unboost|p2a: Garchomp|atk|1
|turn|1
|
|move|p1a: Habits|U-turn|p2a: Garchomp
|-damage|p2a: Garchomp|264\/357
|-damage|p1a: Habits|299\/341|[from] ability: Rough Skin|[of] p2a: Garchomp
|
|switch|p1a: Diamond|Zapdos|383\/383
|-ability|p1a: Diamond|Pressure
|move|p2a: Garchomp|Stealth Rock|p1a: Diamond
|-sidestart|p1: MuhFugginMoose|move: Stealth Rock
|
|turn|2
|
|switch|p2a: Bisharp|Bisharp, M|271\/271
|move|p1a: Diamond|Hidden Power|p2a: Bisharp
|-resisted|p2a: Bisharp
|-damage|p2a: Bisharp|231\/271
|
|turn|3
|
|switch|p2a: Latios|Latios, M|301\/301
|move|p1a: Diamond|Thunderbolt|p2a: Latios
|-resisted|p2a: Latios
|-damage|p2a: Latios|236\/301
|-status|p2a: Latios|par
|
|turn|4
|
|move|p1a: Diamond|Defog|p2a: Latios
|-unboost|p2a: Latios|evasion|1
|-sideend|p1: MuhFugginMoose|Stealth Rock|[from] move: Defog|[of] p1a: Diamond
|move|p2a: Latios|Draco Meteor|p1a: Diamond
|-damage|p1a: Diamond|31\/383
|-unboost|p2a: Latios|spa|2
|-damage|p2a: Latios|206\/301 par|[from] item: Life Orb
|
|-heal|p1a: Diamond|54\/383|[from] item: Leftovers
|turn|5
|
|move|p1a: Diamond|Roost|p1a: Diamond
|-heal|p1a: Diamond|246\/383
|move|p2a: Latios|Draco Meteor|p1a: Diamond|[miss]
|-miss|p2a: Latios|p1a: Diamond
|
|-heal|p1a: Diamond|269\/383|[from] item: Leftovers
|turn|6
|
|move|p1a: Diamond|Hidden Power|p2a: Latios
|-supereffective|p2a: Latios
|-damage|p2a: Latios|98\/301 par
|move|p2a: Latios|Draco Meteor|p1a: Diamond
|-damage|p1a: Diamond|109\/383
|-unboost|p2a: Latios|spa|2
|-damage|p2a: Latios|68\/301 par|[from] item: Life Orb
|
|-heal|p1a: Diamond|132\/383|[from] item: Leftovers
|turn|7
|
|move|p1a: Diamond|Roost|p1a: Diamond
|-heal|p1a: Diamond|324\/383
|cant|p2a: Latios|par
|
|-heal|p1a: Diamond|347\/383|[from] item: Leftovers
|turn|8
|
|move|p1a: Diamond|Hidden Power|p2a: Latios
|-supereffective|p2a: Latios
|-damage|p2a: Latios|0 fnt
|faint|p2a: Latios
|
|-heal|p1a: Diamond|370\/383|[from] item: Leftovers
|
|switch|p2a: Garchomp|Garchomp, F|264\/357
|turn|9
|
|move|p2a: Garchomp|Outrage|p1a: Diamond
|-damage|p1a: Diamond|199\/383
|move|p1a: Diamond|Hidden Power|p2a: Garchomp
|-supereffective|p2a: Garchomp
|-damage|p2a: Garchomp|0 fnt
|faint|p2a: Garchomp
|
|-heal|p1a: Diamond|222\/383|[from] item: Leftovers
|
|switch|p2a: Greninja|Greninja, M, shiny|285\/285
|turn|10
|
|move|p2a: Greninja|Hydro Pump|p1a: Diamond
|-start|p2a: Greninja|typechange|Water|[from] Protean
|-damage|p1a: Diamond|2\/383
|-damage|p2a: Greninja|257\/285|[from] item: Life Orb
|move|p1a: Diamond|Thunderbolt|p2a: Greninja
|-supereffective|p2a: Greninja
|-damage|p2a: Greninja|0 fnt
|faint|p2a: Greninja
|
|-heal|p1a: Diamond|25\/383|[from] item: Leftovers
|-message|Gwynsbeard forfeited.
|
|win|MuhFugginMoose
|raw|Ladder updating...
|leave|Gwynsbeard
|player|p2
|raw|MuhFugginMoose's rating: 1427 &rarr; <strong>1442<\/strong><br \/>(+15 for winning)
|raw|Gwynsbeard's rating: 1336 &rarr; <strong>1321<\/strong><br \/>(-15 for losing)