|join|MuhFugginMoose
|join|trapmusicftw
|player|p1|MuhFugginMoose|146
|player|p2|trapmusicftw|170
|gametype|singles
|gen|6
|tier|OU
|clearpoke
|poke|p1|Landorus-Therian, M, shiny
|poke|p1|Lopunny, F
|poke|p1|Manaphy
|poke|p1|Zapdos
|poke|p1|Heatran, F
|poke|p1|Celebi
|poke|p2|Pinsir, M
|poke|p2|Landorus-Therian, M
|poke|p2|Starmie
|poke|p2|Raikou
|poke|p2|Heatran, F
|poke|p2|Amoonguss, M
|rule|Swagger Clause: Swagger is banned
|rule|Baton Pass Clause: Limit one PokÃ©mon knowing Baton Pass
|rule|Sleep Clause Mod: Limit one foe put to sleep
|rule|Species Clause: Limit one of each PokÃ©mon
|rule|OHKO Clause: OHKO moves are banned
|rule|Moody Clause: Moody is banned
|rule|Evasion Moves Clause: Evasion moves are banned
|rule|Endless Battle Clause: Forcing endless battles is banned
|rule|HP Percentage Mod: HP is shown in percentages
|teampreview
|join|DayLightNight
|join|Pixelmorph
|c|âtrapmusicftw|hey good luck
|join|FunSeeker
|join|nogard23
|join|ArchPhantom
|join|Snoorunt
|join|Dec19finaletears
|c|âMuhFugginMoose|you too. :)
|c| nogard23|u2
|join|gerhab
|c|âtrapmusicftw|really looking forward to playing u :P
|join|BrokrnKeyboard
|join|Reverend
|
|start
|switch|p1a: Habits|Landorus-Therian, M, shiny|341\/341
|switch|p2a: Raikou|Raikou|321\/321
|-ability|p1a: Habits|Intimidate|[of] p2a: Raikou
|-unboost|p2a: Raikou|atk|1
|-ability|p2a: Raikou|Pressure
|turn|1
|leave|gerhab
|join|Isaac1729
|join|hitmonjones
|
|switch|p1a: Rather Be|Celebi|403\/403
|switch|p2a: Landorus-Therian|Landorus-Therian, M|382\/382
|-ability|p2a: Landorus-Therian|Intimidate|[of] p1a: Rather Be
|-unboost|p1a: Rather Be|atk|1
|
|turn|2
|join|Supah Glitch
|join|ChoiceBird
|
|switch|p1a: Habits|Landorus-Therian, M, shiny|341\/341
|-ability|p1a: Habits|Intimidate|[of] p2a: Landorus-Therian
|-unboost|p2a: Landorus-Therian|atk|1
|move|p2a: Landorus-Therian|U-turn|p1a: Habits
|-resisted|p1a: Habits
|-damage|p1a: Habits|312\/341
|
|switch|p2a: Amoonguss|Amoonguss, M|432\/432
|
|turn|3
|c| Supah Glitch|oh my gosh
|c| Supah Glitch|mega lops!
|
|move|p1a: Habits|U-turn|p2a: Amoonguss
|-damage|p2a: Amoonguss|347\/432
|c| Supah Glitch|HYPE
|c| Supah Glitch|<3
|
|switch|p1a: Rather Be|Celebi|403\/403
|move|p2a: Amoonguss|Spore|p1a: Rather Be
|-fail|p1a: Rather Be
|
|-heal|p2a: Amoonguss|374\/432|[from] item: Black Sludge
|turn|4
|
|switch|p2a: Heatran|Heatran, F|385\/385
|move|p1a: Rather Be|Baton Pass|p1a: Rather Be
|
|switch|p1a: Habits|Landorus-Therian, M, shiny|312\/341
|-ability|p1a: Habits|Intimidate|[of] p2a: Heatran
|-unboost|p2a: Heatran|atk|1
|
|turn|5
|c|âtrapmusicftw|that celebi looks like a problem
|c|âtrapmusicftw|for my team :\/
|c|âtrapmusicftw|something fishy about it
|
|switch|p2a: Landorus-Therian|Landorus-Therian, M|382\/382
|-ability|p2a: Landorus-Therian|Intimidate|[of] p1a: Habits
|-unboost|p1a: Habits|atk|1
|move|p1a: Habits|U-turn|p2a: Landorus-Therian
|-resisted|p2a: Landorus-Therian
|-damage|p2a: Landorus-Therian|356\/382
|c| DayLightNight|It's cele BYE
|c| DayLightNight|haha
|leave|hitmonjones
|c|âtrapmusicftw|lol
|c| Supah Glitch|rather be celebi
|
|switch|p1a: Breathe This Air|Manaphy|365\/365
|
|-heal|p2a: Landorus-Therian|379\/382|[from] item: Leftovers
|turn|6
|
|switch|p2a: Raikou|Raikou|321\/321
|-ability|p2a: Raikou|Pressure
|move|p1a: Breathe This Air|Scald|p2a: Raikou
|-damage|p2a: Raikou|192\/321
|
|turn|7
|join|IamChow
|c|âtrapmusicftw|thats definitely not normaal damage lol
|leave|IamChow
|join|raiderrocker18
|join|Magnus42
|c| Supah Glitch|I smell specs...
|c|âtrapmusicftw|seems p legit
|c|âtrapmusicftw|tho
|c| DayLightNight|Spec'd manaphy new meta
|c| DayLightNight|Haha
|
|switch|p1a: Rather Be|Celebi|403\/403
|move|p2a: Raikou|Volt Switch|p1a: Rather Be
|-resisted|p1a: Rather Be
|-damage|p1a: Rather Be|328\/403
|c| Supah Glitch|weird item for it
|c| Supah Glitch|but ok
|join|Zane3G
|
|switch|p2a: Pinsir|Pinsir, M|272\/272
|-ability|p2a: Pinsir|Mold Breaker
|
|-heal|p1a: Rather Be|353\/403|[from] item: Leftovers
|turn|8
|
|switch|p2a: Raikou|Raikou|192\/321
|-ability|p2a: Raikou|Pressure
|switch|p1a: Diamond|Zapdos|383\/383
|-ability|p1a: Diamond|Pressure
|
|turn|9
|
|move|p2a: Raikou|Volt Switch|p1a: Diamond
|-damage|p1a: Diamond|194\/383
|
|switch|p2a: Landorus-Therian|Landorus-Therian, M|379\/382
|-ability|p2a: Landorus-Therian|Intimidate|[of] p1a: Diamond
|-unboost|p1a: Diamond|atk|1
|move|p1a: Diamond|Roost|p1a: Diamond
|-heal|p1a: Diamond|383\/383
|
|-heal|p2a: Landorus-Therian|382\/382|[from] item: Leftovers
|turn|10
|
|move|p1a: Diamond|Hidden Power|p2a: Landorus-Therian
|-supereffective|p2a: Landorus-Therian
|-damage|p2a: Landorus-Therian|98\/382
|move|p2a: Landorus-Therian|Stealth Rock|p1a: Diamond
|-sidestart|p1: MuhFugginMoose|move: Stealth Rock
|
|-heal|p2a: Landorus-Therian|121\/382|[from] item: Leftovers
|turn|11
|c|âtrapmusicftw|nooo
|
|move|p1a: Diamond|Defog|p2a: Landorus-Therian
|-unboost|p2a: Landorus-Therian|evasion|1
|-sideend|p1: MuhFugginMoose|Stealth Rock|[from] move: Defog|[of] p1a: Diamond
|move|p2a: Landorus-Therian|U-turn|p1a: Diamond
|-resisted|p1a: Diamond
|-damage|p1a: Diamond|345\/383
|join|bunnytokki
|
|switch|p2a: Heatran|Heatran, F|385\/385
|
|-heal|p1a: Diamond|368\/383|[from] item: Leftovers
|turn|12
|c|âtrapmusicftw|i hate zapdos w\/ hp ice
|c|âtrapmusicftw|such trolls >.>
|leave|raiderrocker18
|c| Isaac1729|that u turn was dumb
|
|switch|p1a: Arcades|Heatran, F|337\/337
|-item|p1a: Arcades|Air Balloon
|move|p2a: Heatran|Toxic|p1a: Arcades
|-fail|p1a: Arcades
|
|turn|13
|c| Isaac1729|you were slower and it did no damage
|join|you got CT'd
|
|switch|p2a: Starmie|Starmie|261\/261
|move|p1a: Arcades|Stealth Rock|p2a: Starmie
|-sidestart|p2: trapmusicftw|move: Stealth Rock
|
|turn|14
|c| you got CT'd|you got counter teamed
|
|switch|p1a: Rather Be|Celebi|353\/403
|move|p2a: Starmie|Rapid Spin|p1a: Rather Be
|-damage|p1a: Rather Be|337\/403
|-sideend|p2: trapmusicftw|Stealth Rock|[from] move: Rapid Spin|[of] p2a: Starmie
|-damage|p2a: Starmie|235\/261|[from] item: Life Orb
|
|-heal|p1a: Rather Be|362\/403|[from] item: Leftovers
|turn|15
|
|switch|p2a: Amoonguss|Amoonguss, M|432\/432
|move|p1a: Rather Be|Baton Pass|p1a: Rather Be
|
|switch|p1a: Habits|Landorus-Therian, M, shiny|312\/341
|-ability|p1a: Habits|Intimidate|[of] p2a: Amoonguss
|-unboost|p2a: Amoonguss|atk|1
|
|turn|16
|c|âtrapmusicftw|i think i know what he's trying to do
|c|âtrapmusicftw|with that pesky celebi
|
|move|p1a: Habits|U-turn|p2a: Amoonguss
|-damage|p2a: Amoonguss|349\/432
|
|switch|p1a: Rather Be|Celebi|362\/403
|move|p2a: Amoonguss|Sludge Bomb|p1a: Rather Be
|-supereffective|p1a: Rather Be
|-damage|p1a: Rather Be|198\/403
|-status|p1a: Rather Be|psn
|
|-heal|p1a: Rather Be|223\/403 psn|[from] item: Leftovers
|-heal|p2a: Amoonguss|376\/432|[from] item: Black Sludge
|-damage|p1a: Rather Be|173\/403 psn|[from] psn
|turn|17
|c| Supah Glitch|ooh
|c| Supah Glitch|nice play
|c| Supah Glitch|!
|c|âtrapmusicftw|thanks
|
|switch|p2a: Landorus-Therian|Landorus-Therian, M|121\/382
|-ability|p2a: Landorus-Therian|Intimidate|[of] p1a: Rather Be
|-unboost|p1a: Rather Be|atk|1
|move|p1a: Rather Be|Recover|p1a: Rather Be
|-heal|p1a: Rather Be|375\/403 psn
|
|-heal|p1a: Rather Be|400\/403 psn|[from] item: Leftovers
|-heal|p2a: Landorus-Therian|144\/382|[from] item: Leftovers
|-damage|p1a: Rather Be|350\/403 psn|[from] psn
|turn|18
|
|move|p1a: Rather Be|Baton Pass|p1a: Rather Be
|
|switch|p1a: Diamond|Zapdos|368\/383
|-ability|p1a: Diamond|Pressure
|move|p2a: Landorus-Therian|U-turn|p1a: Diamond
|-crit|p1a: Diamond
|-resisted|p1a: Diamond
|-damage|p1a: Diamond|317\/383
|
|switch|p2a: Amoonguss|Amoonguss, M|432\/432
|
|-heal|p1a: Diamond|340\/383|[from] item: Leftovers
|turn|19
|
|move|p1a: Diamond|Hidden Power|p2a: Amoonguss
|-supereffective|p2a: Amoonguss
|-damage|p2a: Amoonguss|276\/432
|move|p2a: Amoonguss|Spore|p1a: Diamond
|-status|p1a: Diamond|slp
|
|-heal|p1a: Diamond|363\/383 slp|[from] item: Leftovers
|-heal|p2a: Amoonguss|303\/432|[from] item: Black Sludge
|turn|20
|c| Supah Glitch|nice
|c|âtrapmusicftw|thanks
|c| Supah Glitch|nice
|
|switch|p1a: Arcades|Heatran, F|337\/337
|-item|p1a: Arcades|Air Balloon
|switch|p2a: Landorus-Therian|Landorus-Therian, M|144\/382
|-ability|p2a: Landorus-Therian|Intimidate|[of] p1a: Arcades
|-unboost|p1a: Arcades|atk|1
|
|-heal|p2a: Landorus-Therian|167\/382|[from] item: Leftovers
|turn|21
|join|Ferocca
|
|move|p1a: Arcades|Lava Plume|p2a: Landorus-Therian
|-damage|p2a: Landorus-Therian|0 fnt
|faint|p2a: Landorus-Therian
|
|c|âtrapmusicftw|ahh
|c|âtrapmusicftw|i thought id be faster
|c| Supah Glitch|ooooh not nice ouch..
|
|switch|p2a: Raikou|Raikou|192\/321
|-ability|p2a: Raikou|Pressure
|turn|22
|c| Supah Glitch|best bet is your own heat...
|join|thespiritinthesky
|
|switch|p2a: Amoonguss|Amoonguss, M|432\/432
|move|p1a: Arcades|Lava Plume|p2a: Amoonguss
|-supereffective|p2a: Amoonguss
|-damage|p2a: Amoonguss|54\/432
|-status|p2a: Amoonguss|brn
|
|-heal|p2a: Amoonguss|81\/432 brn|[from] item: Black Sludge
|-damage|p2a: Amoonguss|27\/432 brn|[from] brn
|turn|23
|c|âtrapmusicftw|shit
|
|switch|p2a: Starmie|Starmie|235\/261
|move|p1a: Arcades|Stealth Rock|p2a: Starmie
|-sidestart|p2: trapmusicftw|move: Stealth Rock
|
|turn|24
|c|âtrapmusicftw|:\/
|
|switch|p1a: Rather Be|Celebi|350\/403
|move|p2a: Starmie|Hydro Pump|p1a: Rather Be
|-resisted|p1a: Rather Be
|-damage|p1a: Rather Be|245\/403
|-damage|p2a: Starmie|209\/261|[from] item: Life Orb
|
|-heal|p1a: Rather Be|270\/403|[from] item: Leftovers
|turn|25
|c|âtrapmusicftw|that celebi has some bulk fo sho
|
|switch|p2a: Pinsir|Pinsir, M|272\/272
|-damage|p2a: Pinsir|204\/272|[from] Stealth Rock
|-ability|p2a: Pinsir|Mold Breaker
|move|p1a: Rather Be|Giga Drain|p2a: Pinsir
|-resisted|p2a: Pinsir
|-damage|p2a: Pinsir|145\/272
|-heal|p1a: Rather Be|300\/403|[from] drain|[of] p2a: Pinsir
|
|-heal|p1a: Rather Be|325\/403|[from] item: Leftovers
|turn|26
|c| DayLightNight|Analytic starmie eh?
|c|âtrapmusicftw|yup, the best kind of starmie
|
|detailschange|p2a: Pinsir|Pinsir-Mega, M
|-mega|p2a: Pinsir|Pinsir|Pinsirite
|move|p2a: Pinsir|Swords Dance|p2a: Pinsir
|-boost|p2a: Pinsir|atk|2
|move|p1a: Rather Be|Baton Pass|p1a: Rather Be
|c| Pixelmorph|you said "anal"
|
|switch|p1a: Habits|Landorus-Therian, M, shiny|312\/341
|-ability|p1a: Habits|Intimidate|[of] p2a: Pinsir
|-unboost|p2a: Pinsir|atk|1
|
|turn|27
|c| Reverend|^
|
|move|p2a: Pinsir|Quick Attack|p1a: Habits
|-damage|p1a: Habits|152\/341
|move|p1a: Habits|Stone Edge|p2a: Pinsir
|-supereffective|p2a: Pinsir
|-damage|p2a: Pinsir|0 fnt
|faint|p2a: Pinsir
|
|c|âtrapmusicftw|no stone miss :\/
|
|switch|p2a: Starmie|Starmie|209\/261
|-damage|p2a: Starmie|177\/261|[from] Stealth Rock
|turn|28
|c|âtrapmusicftw|sigh
|
|switch|p1a: Rather Be|Celebi|325\/403
|switch|p2a: Raikou|Raikou|192\/321
|-damage|p2a: Raikou|152\/321|[from] Stealth Rock
|-ability|p2a: Raikou|Pressure
|
|-heal|p1a: Rather Be|350\/403|[from] item: Leftovers
|turn|29
|
|move|p2a: Raikou|Shadow Ball|p1a: Rather Be
|-supereffective|p1a: Rather Be
|-damage|p1a: Rather Be|134\/403
|move|p1a: Rather Be|Baton Pass|p1a: Rather Be
|
|switch|p1a: Habits|Landorus-Therian, M, shiny|152\/341
|-ability|p1a: Habits|Intimidate|[of] p2a: Raikou
|-unboost|p2a: Raikou|atk|1
|
|turn|30
|c| Supah Glitch|so mature pixel
|join|sonyfan
|c| Supah Glitch|:')
|
|switch|p2a: Amoonguss|Amoonguss, M|171\/432 brn
|-damage|p2a: Amoonguss|117\/432 brn|[from] Stealth Rock
|move|p1a: Habits|Earthquake|p2a: Amoonguss
|-damage|p2a: Amoonguss|0 fnt
|faint|p2a: Amoonguss
|
|c| DayLightNight|Lmao
|
|switch|p2a: Heatran|Heatran, F|385\/385
|-damage|p2a: Heatran|337\/385|[from] Stealth Rock
|turn|31
|
|move|p1a: Habits|Earthquake|p2a: Heatran
|-supereffective|p2a: Heatran
|-damage|p2a: Heatran|0 fnt
|faint|p2a: Heatran
|
|
|switch|p2a: Starmie|Starmie|177\/261
|-damage|p2a: Starmie|145\/261|[from] Stealth Rock
|turn|32
|c| Supah Glitch|ahhh
|
|move|p1a: Habits|Earthquake|p2a: Starmie
|-damage|p2a: Starmie|0 fnt
|faint|p2a: Starmie
|
|c| Supah Glitch|I see what the moose did
|c|âMuhFugginMoose|gg
|
|switch|p2a: Raikou|Raikou|152\/321
|-damage|p2a: Raikou|112\/321|[from] Stealth Rock
|-ability|p2a: Raikou|Pressure
|turn|33
|c| Supah Glitch|the moose fucking...
|c|âtrapmusicftw|gg, it was great playing with u
|
|move|p1a: Habits|Earthquake|p2a: Raikou
|-supereffective|p2a: Raikou
|-damage|p2a: Raikou|0 fnt
|faint|p2a: Raikou
|
|win|MuhFugginMoose
|c| Supah Glitch|weakened the team for lando to sweep
|c|âMuhFugginMoose|same to you. :)
|leave|FunSeeker
|leave|DayLightNight
|leave|trapmusicftw
|player|p2
|c| Supah Glitch|eh fuck it.
|leave|BrokrnKeyboard
|leave|Supah Glitch
|leave|Magnus42
|leave|ArchPhantom
|leave|Dec19finaletears
|leave|sonyfan
|leave|Pixelmorph
|join|sonyfan
|leave|nogard23
|join|Frank Beard
|leave|Ferocca
|join|thepack
|leave|Isaac1729
|leave|Reverend
|leave|Frank Beard
|leave|Zane3G
|leave|thepack