|join|shuuexodus
|join|MuhFugginMoose
|player|p1|shuuexodus|290
|player|p2|MuhFugginMoose|96
|gametype|singles
|gen|6
|tier|OU
|rated
|clearpoke
|poke|p1|Charizard, M, shiny
|poke|p1|Thundurus, M, shiny
|poke|p1|Ferrothorn, F
|poke|p1|Conkeldurr, F, shiny
|poke|p1|Rotom-Wash, shiny
|poke|p1|Mamoswine, M
|poke|p2|Forretress, F
|poke|p2|Umbreon, M
|poke|p2|Venusaur, F, shiny
|poke|p2|Sableye, F, shiny
|poke|p2|Vaporeon, F
|poke|p2|Chansey, F
|rule|Sleep Clause Mod: Limit one foe put to sleep
|rule|Species Clause: Limit one of each Pokemon
|rule|OHKO Clause: OHKO moves are banned
|rule|Moody Clause: Moody is banned
|rule|Evasion Moves Clause: Evasion moves are banned
|rule|Endless Battle Clause: Forcing endless battles is banned.
|rule|HP Percentage Mod: HP is reported as percentages
|teampreview
|
|start
|switch|p1a: Hardwell|Ferrothorn, F|303\/303
|switch|p2a: MindFck|Sableye, F, shiny|304\/304
|turn|1
|
|move|p2a: MindFck|Taunt|p1a: Hardwell
|-start|p1a: Hardwell|move: Taunt
|cant|p1a: Hardwell|move: Taunt|Stealth Rock
|
|turn|2
|
|switch|p1a: Scrub-A-Dub|Rotom-Wash, shiny|241\/241
|move|p2a: MindFck|Knock Off|p1a: Scrub-A-Dub
|-damage|p1a: Scrub-A-Dub|157\/241
|-enditem|p1a: Scrub-A-Dub|Wide Lens|[from] move: Knock Off|[of] p2a: MindFck
|
|turn|3
|
|move|p2a: MindFck|Will-O-Wisp|p1a: Scrub-A-Dub
|-status|p1a: Scrub-A-Dub|brn
|move|p1a: Scrub-A-Dub|Thunderbolt|p2a: MindFck
|-damage|p2a: MindFck|160\/304
|
|-heal|p2a: MindFck|179\/304|[from] item: Leftovers
|-damage|p1a: Scrub-A-Dub|127\/241 brn|[from] brn
|turn|4
|
|move|p2a: MindFck|Taunt|p1a: Scrub-A-Dub
|-start|p1a: Scrub-A-Dub|move: Taunt
|move|p1a: Scrub-A-Dub|Hydro Pump|p2a: MindFck
|-crit|p2a: MindFck
|-damage|p2a: MindFck|0 fnt
|faint|p2a: MindFck
|
|-damage|p1a: Scrub-A-Dub|97\/241 brn|[from] brn
|
|switch|p2a: BallO'Haz|Forretress, F|354\/354
|turn|5
|
|move|p1a: Scrub-A-Dub|Volt Switch|p2a: BallO'Haz
|-damage|p2a: BallO'Haz|179\/354
|
|switch|p1a: Ashes|Charizard, M, shiny|298\/298
|move|p2a: BallO'Haz|Toxic Spikes|p1a: Ashes
|-sidestart|p1: shuuexodus|move: Toxic Spikes
|
|-heal|p2a: BallO'Haz|201\/354|[from] item: Leftovers
|turn|6
|
|switch|p2a: Chansey|Chansey, F|704\/704
|-formechange|p1a: Ashes|Charizard-Mega-Y
|message|Charizard has Mega Evolved into Mega Charizard!
|-weather|SunnyDay
|move|p1a: Ashes|Fire Blast|p2a: Chansey
|-damage|p2a: Chansey|487\/704
|
|-weather|SunnyDay|[upkeep]
|turn|7
|
|switch|p1a: Scrub-A-Dub|Rotom-Wash, shiny|97\/241 brn
|move|p2a: Chansey|Toxic|p1a: Scrub-A-Dub
|-fail|p1a: Scrub-A-Dub
|
|-weather|SunnyDay|[upkeep]
|-damage|p1a: Scrub-A-Dub|67\/241 brn|[from] brn
|turn|8
|
|move|p1a: Scrub-A-Dub|Will-O-Wisp|p2a: Chansey
|-status|p2a: Chansey|brn
|move|p2a: Chansey|Soft-Boiled|p2a: Chansey
|-heal|p2a: Chansey|704\/704 brn
|
|-weather|SunnyDay|[upkeep]
|-damage|p1a: Scrub-A-Dub|37\/241 brn|[from] brn
|-damage|p2a: Chansey|616\/704 brn|[from] brn
|turn|9
|
|move|p1a: Scrub-A-Dub|Volt Switch|p2a: Chansey
|-damage|p2a: Chansey|546\/704 brn
|
|switch|p1a: Knockout|Conkeldurr, F, shiny|351\/351
|-status|p1a: Knockout|psn
|move|p2a: Chansey|Heal Bell|p2a: Chansey
|-cureteam|p2a: Chansey|[from] move: HealBell
|
|-weather|SunnyDay|[upkeep]
|-damage|p1a: Knockout|308\/351 psn|[from] psn
|turn|10
|
|switch|p2a: GiveMeYourSoul|Venusaur, F, shiny|364\/364
|move|p1a: Knockout|Drain Punch|p2a: GiveMeYourSoul
|-resisted|p2a: GiveMeYourSoul
|-damage|p2a: GiveMeYourSoul|263\/364
|-heal|p1a: Knockout|351\/351 psn|[from] drain|[of] p2a: GiveMeYourSoul
|
|-weather|none
|-damage|p1a: Knockout|308\/351 psn|[from] psn
|turn|11
|
|switch|p1a: Scrub-A-Dub|Rotom-Wash, shiny|37\/241 brn
|-formechange|p2a: GiveMeYourSoul|Venusaur-Mega
|message|Venusaur has Mega Evolved into Mega Venusaur!
|move|p2a: GiveMeYourSoul|Leech Seed|p1a: Scrub-A-Dub
|-start|p1a: Scrub-A-Dub|move: Leech Seed
|
|-damage|p1a: Scrub-A-Dub|7\/241 brn|[from] Leech Seed|[of] p2a: GiveMeYourSoul
|-heal|p2a: GiveMeYourSoul|293\/364|[silent]
|-damage|p1a: Scrub-A-Dub|0 fnt|[from] brn
|faint|p1a: Scrub-A-Dub
|
|switch|p1a: Ashes|Charizard, M, shiny|298\/298
|-formechange|p1a: Ashes|Charizard-Mega-Y
|-weather|SunnyDay
|turn|12
|
|switch|p2a: Chansey|Chansey, F|546\/704
|move|p1a: Ashes|Solar Beam|p2a: Chansey|[still]
|-prepare|p1a: Ashes|Solar Beam|p2a: Chansey
|-anim|p1a: Ashes|Solar Beam|p2a: Chansey
|-damage|p2a: Chansey|438\/704
|
|-weather|SunnyDay|[upkeep]
|turn|13
|
|switch|p1a: Knockout|Conkeldurr, F, shiny|308\/351 psn
|move|p2a: Chansey|Soft-Boiled|p2a: Chansey
|-heal|p2a: Chansey|704\/704
|
|-weather|SunnyDay|[upkeep]
|-damage|p1a: Knockout|265\/351 psn|[from] psn
|turn|14
|
|switch|p2a: GiveMeYourSoul|Venusaur, F, shiny|293\/364
|-formechange|p2a: GiveMeYourSoul|Venusaur-Mega
|move|p1a: Knockout|Drain Punch|p2a: GiveMeYourSoul
|-resisted|p2a: GiveMeYourSoul
|-damage|p2a: GiveMeYourSoul|218\/364
|-heal|p1a: Knockout|303\/351 psn|[from] drain|[of] p2a: GiveMeYourSoul
|
|-weather|SunnyDay|[upkeep]
|-damage|p1a: Knockout|260\/351 psn|[from] psn
|turn|15
|
|switch|p1a: Ashes|Charizard, M, shiny|298\/298
|-formechange|p1a: Ashes|Charizard-Mega-Y
|move|p2a: GiveMeYourSoul|Leech Seed|p1a: Ashes
|-start|p1a: Ashes|move: Leech Seed
|
|-weather|SunnyDay|[upkeep]
|-damage|p1a: Ashes|261\/298|[from] Leech Seed|[of] p2a: GiveMeYourSoul
|-heal|p2a: GiveMeYourSoul|255\/364|[silent]
|turn|16
|
|switch|p2a: Chansey|Chansey, F|704\/704
|move|p1a: Ashes|Fire Blast|p2a: Chansey|[miss]
|-miss|p1a: Ashes|p2a: Chansey
|
|-weather|none
|-damage|p1a: Ashes|224\/298|[from] Leech Seed|[of] p2a: Chansey
|turn|17
|
|switch|p1a: Knockout|Conkeldurr, F, shiny|260\/351 psn
|move|p2a: Chansey|Seismic Toss|p1a: Knockout
|-damage|p1a: Knockout|160\/351 psn
|
|-damage|p1a: Knockout|117\/351 psn|[from] psn
|turn|18
|
|switch|p2a: GiveMeYourSoul|Venusaur, F, shiny|255\/364
|-formechange|p2a: GiveMeYourSoul|Venusaur-Mega
|move|p1a: Knockout|Knock Off|p2a: GiveMeYourSoul
|-damage|p2a: GiveMeYourSoul|181\/364
|
|-damage|p1a: Knockout|74\/351 psn|[from] psn
|turn|19
|
|move|p2a: GiveMeYourSoul|Synthesis|p2a: GiveMeYourSoul
|-heal|p2a: GiveMeYourSoul|363\/364
|move|p1a: Knockout|Ice Punch|p2a: GiveMeYourSoul
|-supereffective|p2a: GiveMeYourSoul
|-damage|p2a: GiveMeYourSoul|255\/364
|
|-damage|p1a: Knockout|31\/351 psn|[from] psn
|turn|20
|
|switch|p1a: Ashes|Charizard, M, shiny|224\/298
|-formechange|p1a: Ashes|Charizard-Mega-Y
|-weather|SunnyDay
|move|p2a: GiveMeYourSoul|Giga Drain|p1a: Ashes
|-resisted|p1a: Ashes
|-damage|p1a: Ashes|201\/298
|-heal|p2a: GiveMeYourSoul|267\/364|[from] drain|[of] p1a: Ashes
|
|-weather|SunnyDay|[upkeep]
|turn|21
|
|switch|p1a: Hardwell|Ferrothorn, F|303\/303
|switch|p2a: Chansey|Chansey, F|704\/704
|
|-weather|SunnyDay|[upkeep]
|turn|22
|
|switch|p2a: BallO'Haz|Forretress, F|201\/354
|move|p1a: Hardwell|Leech Seed|p2a: BallO'Haz
|-start|p2a: BallO'Haz|move: Leech Seed
|
|-weather|SunnyDay|[upkeep]
|-heal|p2a: BallO'Haz|223\/354|[from] item: Leftovers
|-damage|p2a: BallO'Haz|179\/354|[from] Leech Seed|[of] p1a: Hardwell
|turn|23
|
|move|p2a: BallO'Haz|Stealth Rock|p1a: Hardwell
|-sidestart|p1: shuuexodus|move: Stealth Rock
|move|p1a: Hardwell|Stealth Rock|p2a: BallO'Haz
|-sidestart|p2: MuhFugginMoose|move: Stealth Rock
|
|-weather|SunnyDay|[upkeep]
|-heal|p2a: BallO'Haz|201\/354|[from] item: Leftovers
|-damage|p2a: BallO'Haz|157\/354|[from] Leech Seed|[of] p1a: Hardwell
|turn|24
|
|move|p2a: BallO'Haz|Rapid Spin|p1a: Hardwell
|-resisted|p1a: Hardwell
|-damage|p1a: Hardwell|299\/303
|-damage|p2a: BallO'Haz|113\/354|[from] ability: Iron Barbs|[of] p1a: Hardwell
|-damage|p2a: BallO'Haz|54\/354|[from] item: Rocky Helmet|[of] p1a: Hardwell
|-end|p2a: BallO'Haz|Leech Seed|[from] move: Rapid Spin|[of] p2a: BallO'Haz
|-sideend|p2: MuhFugginMoose|Stealth Rock|[from] move: Rapid Spin|[of] p2a: BallO'Haz
|move|p1a: Hardwell|Stealth Rock|p2a: BallO'Haz
|-sidestart|p2: MuhFugginMoose|move: Stealth Rock
|
|-weather|none
|-heal|p2a: BallO'Haz|76\/354|[from] item: Leftovers
|turn|25
|
|move|p2a: BallO'Haz|Toxic Spikes|p1a: Hardwell
|-sidestart|p1: shuuexodus|move: Toxic Spikes
|move|p1a: Hardwell|Spikes|p2a: BallO'Haz
|-sidestart|p2: MuhFugginMoose|Spikes
|
|-heal|p2a: BallO'Haz|98\/354|[from] item: Leftovers
|turn|26
|
|move|p2a: BallO'Haz|Rapid Spin|p1a: Hardwell
|-resisted|p1a: Hardwell
|-damage|p1a: Hardwell|295\/303
|-damage|p2a: BallO'Haz|54\/354|[from] ability: Iron Barbs|[of] p1a: Hardwell
|-damage|p2a: BallO'Haz|0 fnt|[from] item: Rocky Helmet|[of] p1a: Hardwell
|faint|p2a: BallO'Haz
|move|p1a: Hardwell|Power Whip|p2: BallO'Haz|[notarget]
|-notarget
|
|
|switch|p2a: Ariel|Vaporeon, F|464\/464
|-damage|p2a: Ariel|406\/464|[from] Stealth Rock
|-damage|p2a: Ariel|348\/464|[from] Spikes
|turn|27
|
|move|p2a: Ariel|Scald|p1a: Hardwell
|-crit|p1a: Hardwell
|-resisted|p1a: Hardwell
|-damage|p1a: Hardwell|236\/303
|move|p1a: Hardwell|Power Whip|p2a: Ariel
|-supereffective|p2a: Ariel
|-damage|p2a: Ariel|30\/464
|
|-heal|p2a: Ariel|59\/464|[from] item: Leftovers
|turn|28
|
|move|p2a: Ariel|Scald|p1a: Hardwell
|-resisted|p1a: Hardwell
|-damage|p1a: Hardwell|194\/303
|move|p1a: Hardwell|Power Whip|p2a: Ariel
|-supereffective|p2a: Ariel
|-damage|p2a: Ariel|0 fnt
|faint|p2a: Ariel
|
|
|switch|p2a: Moose|Umbreon, M|394\/394
|-damage|p2a: Moose|345\/394|[from] Stealth Rock
|-damage|p2a: Moose|296\/394|[from] Spikes
|turn|29
|
|move|p2a: Moose|Wish|p2a: Moose
|move|p1a: Hardwell|Leech Seed|p2a: Moose
|-start|p2a: Moose|move: Leech Seed
|
|-heal|p2a: Moose|320\/394|[from] item: Leftovers
|-damage|p2a: Moose|271\/394|[from] Leech Seed|[of] p1a: Hardwell
|-heal|p1a: Hardwell|243\/303|[silent]
|turn|30
|
|move|p2a: Moose|Curse|p2a: Moose
|-boost|p2a: Moose|atk|1
|-boost|p2a: Moose|def|1
|-unboost|p2a: Moose|spe|1
|move|p1a: Hardwell|Power Whip|p2a: Moose|[miss]
|-miss|p1a: Hardwell|p2a: Moose
|
|-heal|p2a: Moose|394\/394|[from] move: Wish|[wisher] Moose
|-damage|p2a: Moose|345\/394|[from] Leech Seed|[of] p1a: Hardwell
|-heal|p1a: Hardwell|292\/303|[silent]
|turn|31
|
|move|p2a: Moose|Curse|p2a: Moose
|-boost|p2a: Moose|atk|1
|-boost|p2a: Moose|def|1
|-unboost|p2a: Moose|spe|1
|move|p1a: Hardwell|Power Whip|p2a: Moose
|-damage|p2a: Moose|278\/394
|
|-heal|p2a: Moose|302\/394|[from] item: Leftovers
|-damage|p2a: Moose|253\/394|[from] Leech Seed|[of] p1a: Hardwell
|-heal|p1a: Hardwell|303\/303|[silent]
|turn|32
|
|move|p2a: Moose|Wish|p2a: Moose
|move|p1a: Hardwell|Power Whip|p2a: Moose
|-damage|p2a: Moose|183\/394
|
|-heal|p2a: Moose|207\/394|[from] item: Leftovers
|-damage|p2a: Moose|158\/394|[from] Leech Seed|[of] p1a: Hardwell
|turn|33
|
|move|p2a: Moose|Curse|p2a: Moose
|-boost|p2a: Moose|atk|1
|-boost|p2a: Moose|def|1
|-unboost|p2a: Moose|spe|1
|move|p1a: Hardwell|Power Whip|p2a: Moose|[miss]
|-miss|p1a: Hardwell|p2a: Moose
|
|-heal|p2a: Moose|355\/394|[from] move: Wish|[wisher] Moose
|-heal|p2a: Moose|379\/394|[from] item: Leftovers
|-damage|p2a: Moose|330\/394|[from] Leech Seed|[of] p1a: Hardwell
|turn|34
|
|move|p1a: Hardwell|Power Whip|p2a: Moose
|-damage|p2a: Moose|279\/394
|move|p2a: Moose|Curse|p2a: Moose
|-boost|p2a: Moose|atk|1
|-boost|p2a: Moose|def|1
|-unboost|p2a: Moose|spe|1
|
|-heal|p2a: Moose|303\/394|[from] item: Leftovers
|-damage|p2a: Moose|254\/394|[from] Leech Seed|[of] p1a: Hardwell
|turn|35
|
|move|p1a: Hardwell|Power Whip|p2a: Moose
|-damage|p2a: Moose|208\/394
|move|p2a: Moose|Curse|p2a: Moose
|-boost|p2a: Moose|atk|1
|-boost|p2a: Moose|def|1
|-unboost|p2a: Moose|spe|1
|
|-heal|p2a: Moose|232\/394|[from] item: Leftovers
|-damage|p2a: Moose|183\/394|[from] Leech Seed|[of] p1a: Hardwell
|turn|36
|
|move|p1a: Hardwell|Power Whip|p2a: Moose
|-damage|p2a: Moose|141\/394
|move|p2a: Moose|Wish|p2a: Moose
|
|-heal|p2a: Moose|165\/394|[from] item: Leftovers
|-damage|p2a: Moose|116\/394|[from] Leech Seed|[of] p1a: Hardwell
|turn|37
|
|move|p2a: Moose|Protect|p2a: Moose
|-singleturn|p2a: Moose|Protect
|move|p1a: Hardwell|Power Whip|p2a: Moose
|-activate|p2a: Moose|Protect
|
|-heal|p2a: Moose|313\/394|[from] move: Wish|[wisher] Moose
|-heal|p2a: Moose|337\/394|[from] item: Leftovers
|-damage|p2a: Moose|288\/394|[from] Leech Seed|[of] p1a: Hardwell
|turn|38
|
|move|p1a: Hardwell|Power Whip|p2a: Moose
|-damage|p2a: Moose|248\/394
|move|p2a: Moose|Wish|p2a: Moose
|
|-heal|p2a: Moose|272\/394|[from] item: Leftovers
|-damage|p2a: Moose|223\/394|[from] Leech Seed|[of] p1a: Hardwell
|turn|39
|
|switch|p1a: Knockout|Conkeldurr, F, shiny|31\/351 psn
|-damage|p1a: Knockout|10\/351 psn|[from] Stealth Rock
|move|p2a: Moose|Curse|p2a: Moose
|-boost|p2a: Moose|atk|1
|-boost|p2a: Moose|def|1
|-unboost|p2a: Moose|spe|1
|
|-heal|p2a: Moose|394\/394|[from] move: Wish|[wisher] Moose
|-damage|p2a: Moose|345\/394|[from] Leech Seed|[of] p1a: Knockout
|-heal|p1a: Knockout|59\/351 psn|[silent]
|-damage|p1a: Knockout|16\/351 psn|[from] psn
|turn|40
|
|move|p2a: Moose|Protect|p2a: Moose
|-singleturn|p2a: Moose|Protect
|move|p1a: Knockout|Drain Punch|p2a: Moose
|-activate|p2a: Moose|Protect
|
|-heal|p2a: Moose|369\/394|[from] item: Leftovers
|-damage|p2a: Moose|320\/394|[from] Leech Seed|[of] p1a: Knockout
|-heal|p1a: Knockout|65\/351 psn|[silent]
|-damage|p1a: Knockout|22\/351 psn|[from] psn
|turn|41
|
|move|p1a: Knockout|Drain Punch|p2a: Moose
|-supereffective|p2a: Moose
|-damage|p2a: Moose|228\/394
|-heal|p1a: Knockout|68\/351 psn|[from] drain|[of] p2a: Moose
|move|p2a: Moose|Payback|p1a: Knockout
|-resisted|p1a: Knockout
|-damage|p1a: Knockout|0 fnt
|faint|p1a: Knockout
|
|-heal|p2a: Moose|252\/394|[from] item: Leftovers
|
|switch|p1a: Hardwell|Ferrothorn, F|303\/303
|-damage|p1a: Hardwell|285\/303|[from] Stealth Rock
|turn|42
|
|move|p1a: Hardwell|Stealth Rock|p2a: Moose
|-fail|p2a: Moose
|move|p2a: Moose|Wish|p2a: Moose
|
|-heal|p2a: Moose|276\/394|[from] item: Leftovers
|-damage|p2a: Moose|227\/394|[from] Leech Seed|[of] p1a: Hardwell
|-heal|p1a: Hardwell|303\/303|[silent]
|turn|43
|
|move|p1a: Hardwell|Power Whip|p2a: Moose
|-damage|p2a: Moose|190\/394
|move|p2a: Moose|Payback|p1a: Hardwell
|-damage|p1a: Hardwell|117\/303
|-damage|p2a: Moose|141\/394|[from] ability: Iron Barbs|[of] p1a: Hardwell
|-damage|p2a: Moose|76\/394|[from] item: Rocky Helmet|[of] p1a: Hardwell
|
|-heal|p2a: Moose|273\/394|[from] move: Wish|[wisher] Moose
|-heal|p2a: Moose|297\/394|[from] item: Leftovers
|-damage|p2a: Moose|248\/394|[from] Leech Seed|[of] p1a: Hardwell
|-heal|p1a: Hardwell|166\/303|[silent]
|turn|44
|
|move|p1a: Hardwell|Power Whip|p2a: Moose
|-damage|p2a: Moose|211\/394
|move|p2a: Moose|Wish|p2a: Moose
|
|-heal|p2a: Moose|235\/394|[from] item: Leftovers
|-damage|p2a: Moose|186\/394|[from] Leech Seed|[of] p1a: Hardwell
|-heal|p1a: Hardwell|215\/303|[silent]
|turn|45
|
|move|p2a: Moose|Protect|p2a: Moose
|-singleturn|p2a: Moose|Protect
|move|p1a: Hardwell|Power Whip|p2a: Moose
|-activate|p2a: Moose|Protect
|
|-heal|p2a: Moose|383\/394|[from] move: Wish|[wisher] Moose
|-heal|p2a: Moose|394\/394|[from] item: Leftovers
|-damage|p2a: Moose|345\/394|[from] Leech Seed|[of] p1a: Hardwell
|-heal|p1a: Hardwell|264\/303|[silent]
|turn|46
|
|move|p1a: Hardwell|Power Whip|p2a: Moose
|-damage|p2a: Moose|309\/394
|move|p2a: Moose|Wish|p2a: Moose
|
|-heal|p2a: Moose|333\/394|[from] item: Leftovers
|-damage|p2a: Moose|284\/394|[from] Leech Seed|[of] p1a: Hardwell
|-heal|p1a: Hardwell|303\/303|[silent]
|turn|47
|
|move|p1a: Hardwell|Spikes|p2a: Moose
|-sidestart|p2: MuhFugginMoose|Spikes
|move|p2a: Moose|Payback|p1a: Hardwell
|-damage|p1a: Hardwell|98\/303
|-damage|p2a: Moose|235\/394|[from] ability: Iron Barbs|[of] p1a: Hardwell
|-damage|p2a: Moose|170\/394|[from] item: Rocky Helmet|[of] p1a: Hardwell
|
|-heal|p2a: Moose|367\/394|[from] move: Wish|[wisher] Moose
|-heal|p2a: Moose|391\/394|[from] item: Leftovers
|-damage|p2a: Moose|342\/394|[from] Leech Seed|[of] p1a: Hardwell
|-heal|p1a: Hardwell|147\/303|[silent]
|turn|48
|
|move|p1a: Hardwell|Spikes|p2a: Moose
|-sidestart|p2: MuhFugginMoose|Spikes
|move|p2a: Moose|Payback|p1a: Hardwell
|-damage|p1a: Hardwell|0 fnt
|-damage|p2a: Moose|293\/394|[from] ability: Iron Barbs|[of] p1a: Hardwell
|-damage|p2a: Moose|228\/394|[from] item: Rocky Helmet|[of] p1a: Hardwell
|faint|p1a: Hardwell
|
|-heal|p2a: Moose|252\/394|[from] item: Leftovers
|
|switch|p1a: Ice Age|Mamoswine, M|362\/362
|-damage|p1a: Ice Age|317\/362|[from] Stealth Rock
|-status|p1a: Ice Age|tox
|turn|49
|
|move|p1a: Ice Age|Superpower|p2a: Moose
|-supereffective|p2a: Moose
|-damage|p2a: Moose|178\/394
|-unboost|p1a: Ice Age|atk|1
|-unboost|p1a: Ice Age|def|1
|move|p2a: Moose|Wish|p2a: Moose
|
|-heal|p2a: Moose|202\/394|[from] item: Leftovers
|-damage|p2a: Moose|153\/394|[from] Leech Seed|[of] p1a: Ice Age
|-heal|p1a: Ice Age|362\/362 tox|[silent]
|-damage|p1a: Ice Age|340\/362 tox|[from] psn
|turn|50
|
|move|p2a: Moose|Protect|p2a: Moose
|-singleturn|p2a: Moose|Protect
|move|p1a: Ice Age|Earthquake|p2a: Moose
|-activate|p2a: Moose|Protect
|
|-heal|p2a: Moose|350\/394|[from] move: Wish|[wisher] Moose
|-heal|p2a: Moose|374\/394|[from] item: Leftovers
|-damage|p2a: Moose|325\/394|[from] Leech Seed|[of] p1a: Ice Age
|-heal|p1a: Ice Age|362\/362 tox|[silent]
|-damage|p1a: Ice Age|318\/362 tox|[from] psn
|turn|51
|
|move|p1a: Ice Age|Superpower|p2a: Moose
|-supereffective|p2a: Moose
|-damage|p2a: Moose|273\/394
|-unboost|p1a: Ice Age|atk|1
|-unboost|p1a: Ice Age|def|1
|move|p2a: Moose|Wish|p2a: Moose
|
|-heal|p2a: Moose|297\/394|[from] item: Leftovers
|-damage|p2a: Moose|248\/394|[from] Leech Seed|[of] p1a: Ice Age
|-heal|p1a: Ice Age|362\/362 tox|[silent]
|-damage|p1a: Ice Age|296\/362 tox|[from] psn
|turn|52
|
|switch|p1a: Ashes|Charizard, M, shiny|201\/298
|-formechange|p1a: Ashes|Charizard-Mega-Y
|-damage|p1a: Ashes|52\/298|[from] Stealth Rock
|-weather|SunnyDay
|move|p2a: Moose|Payback|p1a: Ashes
|-damage|p1a: Ashes|0 fnt
|faint|p1a: Ashes
|
|-weather|SunnyDay|[upkeep]
|-heal|p2a: Moose|394\/394|[from] move: Wish|[wisher] Moose
|
|switch|p1a: Ice Age|Mamoswine, M|296\/362 tox
|-damage|p1a: Ice Age|251\/362 tox|[from] Stealth Rock
|turn|53
|
|move|p1a: Ice Age|Earthquake|p2a: Moose
|-damage|p2a: Moose|348\/394
|move|p2a: Moose|Payback|p1a: Ice Age
|-damage|p1a: Ice Age|0 fnt
|-damage|p2a: Moose|283\/394|[from] item: Rocky Helmet|[of] p1a: Ice Age
|faint|p1a: Ice Age
|
|-weather|SunnyDay|[upkeep]
|-heal|p2a: Moose|307\/394|[from] item: Leftovers
|-message|shuuexodus forfeited.
|
|win|MuhFugginMoose
|raw|Ladder updating...
|raw|shuuexodus's rating: 1160 &rarr; <strong>1136<\/strong><br \/>(-24 for losing)
|raw|MuhFugginMoose's rating: 1182 &rarr; <strong>1206<\/strong><br \/>(+24 for winning)
|leave|shuuexodus
|player|p1