|join|VA4TI
|join|MuhFugginMoose
|player|p1|VA4TI|278
|player|p2|MuhFugginMoose|146
|gametype|singles
|gen|6
|tier|OU
|rated
|clearpoke
|poke|p1|Infernape, F
|poke|p1|Rotom-Wash
|poke|p1|Venusaur, M
|poke|p1|Metagross
|poke|p1|Starmie
|poke|p1|Conkeldurr, F
|poke|p2|Forretress, F
|poke|p2|Umbreon, M
|poke|p2|Venusaur, F, shiny
|poke|p2|Sableye, F, shiny
|poke|p2|Vaporeon, F
|poke|p2|Clefable, F
|rule|Sleep Clause Mod: Limit one foe put to sleep
|rule|Species Clause: Limit one of each Pokemon
|rule|OHKO Clause: OHKO moves are banned
|rule|Moody Clause: Moody is banned
|rule|Evasion Moves Clause: Evasion moves are banned
|rule|Endless Battle Clause: Forcing endless battles is banned.
|rule|HP Percentage Mod: HP is reported as percentages
|teampreview
|join|Raxor3
|
|start
|switch|p1a: Infernape|Infernape, F|293\/293
|switch|p2a: Ariel|Vaporeon, F|464\/464
|turn|1
|
|move|p1a: Infernape|Fake Out|p2a: Ariel
|-damage|p2a: Ariel|428\/464
|cant|p2a: Ariel|flinch
|
|-heal|p2a: Ariel|457\/464|[from] item: Leftovers
|turn|2
|
|move|p1a: Infernape|Stealth Rock|p2a: Ariel
|-sidestart|p2: MuhFugginMoose|move: Stealth Rock
|move|p2a: Ariel|Scald|p1a: Infernape
|-supereffective|p1a: Infernape
|-damage|p1a: Infernape|29\/293
|
|-heal|p2a: Ariel|464\/464|[from] item: Leftovers
|turn|3
|
|switch|p1a: Rotom-Wash|Rotom-Wash|304\/304
|move|p2a: Ariel|Wish|p2a: Ariel
|
|turn|4
|
|switch|p2a: BallO'Haz|Forretress, F|354\/354
|-damage|p2a: BallO'Haz|310\/354|[from] Stealth Rock
|move|p1a: Rotom-Wash|Volt Switch|p2a: BallO'Haz
|-damage|p2a: BallO'Haz|180\/354
|
|switch|p1a: Infernape|Infernape, F|29\/293
|
|-heal|p2a: BallO'Haz|354\/354|[from] move: Wish|[wisher] Ariel
|turn|5
|
|switch|p2a: Ariel|Vaporeon, F|464\/464
|-damage|p2a: Ariel|406\/464|[from] Stealth Rock
|move|p1a: Infernape|Fake Out|p2a: Ariel
|-damage|p2a: Ariel|367\/464
|
|-heal|p2a: Ariel|396\/464|[from] item: Leftovers
|turn|6
|
|move|p1a: Infernape|Close Combat|p2a: Ariel
|-damage|p2a: Ariel|219\/464
|-unboost|p1a: Infernape|def|1
|-unboost|p1a: Infernape|spd|1
|move|p2a: Ariel|Scald|p1a: Infernape
|-supereffective|p1a: Infernape
|-damage|p1a: Infernape|0 fnt
|faint|p1a: Infernape
|
|-heal|p2a: Ariel|248\/464|[from] item: Leftovers
|
|switch|p1a: Conkeldurr|Conkeldurr, F|414\/414
|turn|7
|
|move|p2a: Ariel|Protect|p2a: Ariel
|-singleturn|p2a: Ariel|Protect
|move|p1a: Conkeldurr|Knock Off|p2a: Ariel
|-activate|p2a: Ariel|Protect
|
|-heal|p2a: Ariel|277\/464|[from] item: Leftovers
|-activate|p1a: Conkeldurr|item: Flame Orb
|-status|p1a: Conkeldurr|brn
|turn|8
|
|switch|p2a: GiveMeYourSoul|Venusaur, F, shiny|364\/364
|-damage|p2a: GiveMeYourSoul|319\/364|[from] Stealth Rock
|move|p1a: Conkeldurr|Drain Punch|p2a: GiveMeYourSoul
|-resisted|p2a: GiveMeYourSoul
|-damage|p2a: GiveMeYourSoul|178\/364
|
|-damage|p1a: Conkeldurr|363\/414 brn|[from] brn
|turn|9
|
|switch|p1a: Venusaur|Venusaur, M|364\/364
|-formechange|p2a: GiveMeYourSoul|Venusaur-Mega
|message|Venusaur has Mega Evolved into Mega Venusaur!
|move|p2a: GiveMeYourSoul|Leech Seed|p1a: Venusaur
|-immune|p1a: Venusaur|[msg]
|
|turn|10
|
|switch|p2a: MindFck|Sableye, F, shiny|304\/304
|-damage|p2a: MindFck|266\/304|[from] Stealth Rock
|-formechange|p1a: Venusaur|Venusaur-Mega
|message|Venusaur has Mega Evolved into Mega Venusaur!
|move|p1a: Venusaur|Sludge Bomb|p2a: MindFck
|-resisted|p2a: MindFck
|-damage|p2a: MindFck|204\/304
|
|-heal|p2a: MindFck|223\/304|[from] item: Leftovers
|turn|11
|
|move|p2a: MindFck|Taunt|p1a: Venusaur
|-start|p1a: Venusaur|move: Taunt
|cant|p1a: Venusaur|move: Taunt|Leech Seed
|
|-heal|p2a: MindFck|242\/304|[from] item: Leftovers
|turn|12
|
|move|p2a: MindFck|Will-O-Wisp|p1a: Venusaur
|-status|p1a: Venusaur|brn
|move|p1a: Venusaur|Sludge Bomb|p2a: MindFck
|-resisted|p2a: MindFck
|-damage|p2a: MindFck|188\/304
|
|-heal|p2a: MindFck|207\/304|[from] item: Leftovers
|-damage|p1a: Venusaur|319\/364 brn|[from] brn
|turn|13
|
|move|p1a: Venusaur|Sludge Bomb|p2a: MindFck
|-resisted|p2a: MindFck
|-damage|p2a: MindFck|147\/304
|move|p2a: MindFck|Knock Off|p1a: Venusaur
|-damage|p1a: Venusaur|280\/364 brn
|
|-heal|p2a: MindFck|166\/304|[from] item: Leftovers
|-damage|p1a: Venusaur|235\/364 brn|[from] brn
|-end|p1a: Venusaur|move: Taunt
|turn|14
|
|switch|p1a: Rotom-Wash|Rotom-Wash|304\/304
|move|p2a: MindFck|Taunt|p1a: Rotom-Wash
|-start|p1a: Rotom-Wash|move: Taunt
|
|-heal|p2a: MindFck|185\/304|[from] item: Leftovers
|turn|15
|
|move|p1a: Rotom-Wash|Hydro Pump|p2a: MindFck
|-damage|p2a: MindFck|62\/304
|move|p2a: MindFck|Knock Off|p1a: Rotom-Wash
|-damage|p1a: Rotom-Wash|214\/304
|-enditem|p1a: Rotom-Wash|Chesto Berry|[from] move: Knock Off|[of] p2a: MindFck
|
|-heal|p2a: MindFck|81\/304|[from] item: Leftovers
|turn|16
|
|move|p2a: MindFck|Recover|p2a: MindFck
|-heal|p2a: MindFck|233\/304
|move|p1a: Rotom-Wash|Volt Switch|p2a: MindFck
|-damage|p2a: MindFck|154\/304
|
|switch|p1a: Metagross|Metagross|364\/364
|
|-heal|p2a: MindFck|173\/304|[from] item: Leftovers
|turn|17
|
|switch|p1a: Conkeldurr|Conkeldurr, F|363\/414 brn
|move|p2a: MindFck|Will-O-Wisp|p1a: Conkeldurr|[miss]
|-miss|p2a: MindFck|p1a: Conkeldurr
|
|-heal|p2a: MindFck|192\/304|[from] item: Leftovers
|-damage|p1a: Conkeldurr|312\/414 brn|[from] brn
|turn|18
|
|switch|p2a: GiveMeYourSoul|Venusaur, F, shiny|178\/364
|-formechange|p2a: GiveMeYourSoul|Venusaur-Mega
|-damage|p2a: GiveMeYourSoul|133\/364|[from] Stealth Rock
|move|p1a: Conkeldurr|Knock Off|p2a: GiveMeYourSoul
|-damage|p2a: GiveMeYourSoul|18\/364
|
|-damage|p1a: Conkeldurr|261\/414 brn|[from] brn
|turn|19
|
|move|p1a: Conkeldurr|Mach Punch|p2a: GiveMeYourSoul
|-resisted|p2a: GiveMeYourSoul
|-damage|p2a: GiveMeYourSoul|0 fnt
|faint|p2a: GiveMeYourSoul
|
|-damage|p1a: Conkeldurr|210\/414 brn|[from] brn
|
|switch|p2a: BallO'Haz|Forretress, F|354\/354
|-damage|p2a: BallO'Haz|310\/354|[from] Stealth Rock
|turn|20
|
|move|p1a: Conkeldurr|Drain Punch|p2a: BallO'Haz
|-damage|p2a: BallO'Haz|169\/354
|-heal|p1a: Conkeldurr|281\/414 brn|[from] drain|[of] p2a: BallO'Haz
|move|p2a: BallO'Haz|Stealth Rock|p1a: Conkeldurr
|-sidestart|p1: VA4TI|move: Stealth Rock
|
|-heal|p2a: BallO'Haz|191\/354|[from] item: Leftovers
|-damage|p1a: Conkeldurr|230\/414 brn|[from] brn
|turn|21
|
|move|p1a: Conkeldurr|Knock Off|p2a: BallO'Haz
|-damage|p2a: BallO'Haz|69\/354
|-enditem|p2a: BallO'Haz|Leftovers|[from] move: Knock Off|[of] p1a: Conkeldurr
|move|p2a: BallO'Haz|Rapid Spin|p1a: Conkeldurr
|-damage|p1a: Conkeldurr|214\/414 brn
|-sideend|p2: MuhFugginMoose|Stealth Rock|[from] move: Rapid Spin|[of] p2a: BallO'Haz
|
|-damage|p1a: Conkeldurr|163\/414 brn|[from] brn
|turn|22
|
|switch|p2a: MindFck|Sableye, F, shiny|192\/304
|move|p1a: Conkeldurr|Drain Punch|p2a: MindFck
|-immune|p2a: MindFck|[msg]
|
|-heal|p2a: MindFck|211\/304|[from] item: Leftovers
|-damage|p1a: Conkeldurr|112\/414 brn|[from] brn
|turn|23
|
|switch|p2a: BallO'Haz|Forretress, F|69\/354
|move|p1a: Conkeldurr|Knock Off|p2a: BallO'Haz
|-damage|p2a: BallO'Haz|0 fnt
|faint|p2a: BallO'Haz
|
|-damage|p1a: Conkeldurr|61\/414 brn|[from] brn
|
|switch|p2a: Ariel|Vaporeon, F|277\/464
|turn|24
|
|move|p2a: Ariel|Protect|p2a: Ariel
|-singleturn|p2a: Ariel|Protect
|move|p1a: Conkeldurr|Mach Punch|p2a: Ariel
|-activate|p2a: Ariel|Protect
|
|-heal|p2a: Ariel|306\/464|[from] item: Leftovers
|-damage|p1a: Conkeldurr|10\/414 brn|[from] brn
|turn|25
|
|switch|p2a: MindFck|Sableye, F, shiny|211\/304
|move|p1a: Conkeldurr|Knock Off|p2a: MindFck
|-damage|p2a: MindFck|0 fnt
|faint|p2a: MindFck
|
|-damage|p1a: Conkeldurr|0 fnt|[from] brn
|faint|p1a: Conkeldurr
|
|switch|p1a: Metagross|Metagross|364\/364
|-damage|p1a: Metagross|342\/364|[from] Stealth Rock
|switch|p2a: Moose|Umbreon, M|394\/394
|turn|26
|
|move|p1a: Metagross|Meteor Mash|p2a: Moose
|-damage|p2a: Moose|232\/394
|move|p2a: Moose|Curse|p2a: Moose
|-boost|p2a: Moose|atk|1
|-boost|p2a: Moose|def|1
|-unboost|p2a: Moose|spe|1
|
|-heal|p2a: Moose|256\/394|[from] item: Leftovers
|turn|27
|
|move|p1a: Metagross|Meteor Mash|p2a: Moose
|-damage|p2a: Moose|138\/394
|move|p2a: Moose|Wish|p2a: Moose
|
|-heal|p2a: Moose|162\/394|[from] item: Leftovers
|turn|28
|
|switch|p1a: Venusaur|Venusaur, M|235\/364 brn
|-formechange|p1a: Venusaur|Venusaur-Mega
|-damage|p1a: Venusaur|190\/364 brn|[from] Stealth Rock
|move|p2a: Moose|Curse|p2a: Moose
|-boost|p2a: Moose|atk|1
|-boost|p2a: Moose|def|1
|-unboost|p2a: Moose|spe|1
|
|-heal|p2a: Moose|359\/394|[from] move: Wish|[wisher] Moose
|-heal|p2a: Moose|383\/394|[from] item: Leftovers
|-damage|p1a: Venusaur|145\/364 brn|[from] brn
|turn|29
|
|move|p1a: Venusaur|Leech Seed|p2a: Moose
|-start|p2a: Moose|move: Leech Seed
|move|p2a: Moose|Curse|p2a: Moose
|-boost|p2a: Moose|atk|1
|-boost|p2a: Moose|def|1
|-unboost|p2a: Moose|spe|1
|
|-heal|p2a: Moose|394\/394|[from] item: Leftovers
|-damage|p2a: Moose|345\/394|[from] Leech Seed|[of] p1a: Venusaur
|-heal|p1a: Venusaur|194\/364 brn|[silent]
|-damage|p1a: Venusaur|149\/364 brn|[from] brn
|turn|30
|
|move|p1a: Venusaur|Giga Drain|p2a: Moose
|-crit|p2a: Moose
|-damage|p2a: Moose|249\/394
|-heal|p1a: Venusaur|197\/364 brn|[from] drain|[of] p2a: Moose
|move|p2a: Moose|Curse|p2a: Moose
|-boost|p2a: Moose|atk|1
|-boost|p2a: Moose|def|1
|-unboost|p2a: Moose|spe|1
|
|-heal|p2a: Moose|273\/394|[from] item: Leftovers
|-damage|p2a: Moose|224\/394|[from] Leech Seed|[of] p1a: Venusaur
|-heal|p1a: Venusaur|246\/364 brn|[silent]
|-damage|p1a: Venusaur|201\/364 brn|[from] brn
|turn|31
|
|move|p1a: Venusaur|Giga Drain|p2a: Moose
|-damage|p2a: Moose|161\/394
|-heal|p1a: Venusaur|233\/364 brn|[from] drain|[of] p2a: Moose
|move|p2a: Moose|Wish|p2a: Moose
|
|-heal|p2a: Moose|185\/394|[from] item: Leftovers
|-damage|p2a: Moose|136\/394|[from] Leech Seed|[of] p1a: Venusaur
|-heal|p1a: Venusaur|282\/364 brn|[silent]
|-damage|p1a: Venusaur|237\/364 brn|[from] brn
|turn|32
|
|move|p1a: Venusaur|Giga Drain|p2a: Moose
|-damage|p2a: Moose|72\/394
|-heal|p1a: Venusaur|269\/364 brn|[from] drain|[of] p2a: Moose
|move|p2a: Moose|Payback|p1a: Venusaur
|-damage|p1a: Venusaur|119\/364 brn
|
|-heal|p2a: Moose|269\/394|[from] move: Wish|[wisher] Moose
|-heal|p2a: Moose|293\/394|[from] item: Leftovers
|-damage|p2a: Moose|244\/394|[from] Leech Seed|[of] p1a: Venusaur
|-heal|p1a: Venusaur|168\/364 brn|[silent]
|-damage|p1a: Venusaur|123\/364 brn|[from] brn
|turn|33
|
|move|p1a: Venusaur|Sleep Powder|p2a: Moose|[miss]
|-miss|p1a: Venusaur|p2a: Moose
|move|p2a: Moose|Payback|p1a: Venusaur
|-damage|p1a: Venusaur|0 fnt
|faint|p1a: Venusaur
|
|-heal|p2a: Moose|268\/394|[from] item: Leftovers
|
|switch|p1a: Rotom-Wash|Rotom-Wash|214\/304
|-damage|p1a: Rotom-Wash|176\/304|[from] Stealth Rock
|turn|34
|
|move|p1a: Rotom-Wash|Hydro Pump|p2a: Moose
|-damage|p2a: Moose|189\/394
|move|p2a: Moose|Wish|p2a: Moose
|
|-heal|p2a: Moose|213\/394|[from] item: Leftovers
|-damage|p2a: Moose|164\/394|[from] Leech Seed|[of] p1a: Rotom-Wash
|-heal|p1a: Rotom-Wash|225\/304|[silent]
|turn|35
|
|move|p1a: Rotom-Wash|Will-O-Wisp|p2a: Moose
|-status|p2a: Moose|brn
|-status|p1a: Rotom-Wash|brn
|move|p2a: Moose|Payback|p1a: Rotom-Wash
|-crit|p1a: Rotom-Wash
|-damage|p1a: Rotom-Wash|47\/304 brn
|
|-heal|p2a: Moose|361\/394 brn|[from] move: Wish|[wisher] Moose
|-heal|p2a: Moose|385\/394 brn|[from] item: Leftovers
|-damage|p2a: Moose|336\/394 brn|[from] Leech Seed|[of] p1a: Rotom-Wash
|-heal|p1a: Rotom-Wash|96\/304 brn|[silent]
|-damage|p1a: Rotom-Wash|58\/304 brn|[from] brn
|-damage|p2a: Moose|287\/394 brn|[from] brn
|turn|36
|
|move|p1a: Rotom-Wash|Rest|p1a: Rotom-Wash
|-status|p1a: Rotom-Wash|slp
|-heal|p1a: Rotom-Wash|304\/304 slp|[silent]
|-status|p1a: Rotom-Wash|slp|[from] move: Rest
|move|p2a: Moose|Payback|p1a: Rotom-Wash
|-damage|p1a: Rotom-Wash|178\/304 slp
|
|-heal|p2a: Moose|311\/394 brn|[from] item: Leftovers
|-damage|p2a: Moose|262\/394 brn|[from] Leech Seed|[of] p1a: Rotom-Wash
|-heal|p1a: Rotom-Wash|227\/304 slp|[silent]
|-damage|p2a: Moose|213\/394 brn|[from] brn
|turn|37
|
|switch|p2a: SoOnIt|Clefable, F|394\/394
|cant|p1a: Rotom-Wash|slp
|
|turn|38
|
|cant|p1a: Rotom-Wash|slp
|move|p2a: SoOnIt|Heal Bell|p2a: SoOnIt
|-cureteam|p2a: SoOnIt|[from] move: HealBell
|
|turn|39
|
|-curestatus|p1a: Rotom-Wash|slp
|move|p1a: Rotom-Wash|Will-O-Wisp|p2a: SoOnIt|[miss]
|-miss|p1a: Rotom-Wash|p2a: SoOnIt
|move|p2a: SoOnIt|Toxic|p1a: Rotom-Wash
|-status|p1a: Rotom-Wash|tox
|
|-damage|p1a: Rotom-Wash|208\/304 tox|[from] psn
|turn|40
|
|move|p1a: Rotom-Wash|Volt Switch|p2a: SoOnIt
|-damage|p2a: SoOnIt|303\/394
|
|switch|p1a: Metagross|Metagross|342\/364
|-damage|p1a: Metagross|320\/364|[from] Stealth Rock
|move|p2a: SoOnIt|Wish|p2a: SoOnIt
|
|-heal|p2a: SoOnIt|327\/394|[from] item: Leftovers
|turn|41
|
|switch|p2a: Moose|Umbreon, M|213\/394
|move|p1a: Metagross|Meteor Mash|p2a: Moose
|-damage|p2a: Moose|57\/394
|
|-heal|p2a: Moose|254\/394|[from] move: Wish|[wisher] SoOnIt
|-heal|p2a: Moose|278\/394|[from] item: Leftovers
|turn|42
|
|move|p1a: Metagross|Meteor Mash|p2a: Moose
|-damage|p2a: Moose|101\/394
|move|p2a: Moose|Wish|p2a: Moose
|
|-heal|p2a: Moose|125\/394|[from] item: Leftovers
|turn|43
|
|move|p2a: Moose|Protect|p2a: Moose
|-singleturn|p2a: Moose|Protect
|move|p1a: Metagross|Meteor Mash|p2a: Moose
|-activate|p2a: Moose|Protect
|
|-heal|p2a: Moose|322\/394|[from] move: Wish|[wisher] Moose
|-heal|p2a: Moose|346\/394|[from] item: Leftovers
|turn|44
|
|switch|p1a: Rotom-Wash|Rotom-Wash|208\/304 tox
|-damage|p1a: Rotom-Wash|170\/304 tox|[from] Stealth Rock
|move|p2a: Moose|Curse|p2a: Moose
|-boost|p2a: Moose|atk|1
|-boost|p2a: Moose|def|1
|-unboost|p2a: Moose|spe|1
|
|-heal|p2a: Moose|370\/394|[from] item: Leftovers
|-damage|p1a: Rotom-Wash|151\/304 tox|[from] psn
|turn|45
|
|switch|p2a: SoOnIt|Clefable, F|327\/394
|move|p1a: Rotom-Wash|Will-O-Wisp|p2a: SoOnIt
|-status|p2a: SoOnIt|brn
|
|-heal|p2a: SoOnIt|351\/394 brn|[from] item: Leftovers
|-damage|p1a: Rotom-Wash|113\/304 tox|[from] psn
|-damage|p2a: SoOnIt|302\/394 brn|[from] brn
|turn|46
|
|switch|p2a: Moose|Umbreon, M|370\/394
|move|p1a: Rotom-Wash|Volt Switch|p2a: Moose
|-crit|p2a: Moose
|-damage|p2a: Moose|294\/394
|
|switch|p1a: Metagross|Metagross|320\/364
|-damage|p1a: Metagross|298\/364|[from] Stealth Rock
|
|-heal|p2a: Moose|318\/394|[from] item: Leftovers
|turn|47
|
|move|p2a: Moose|Protect|p2a: Moose
|-singleturn|p2a: Moose|Protect
|move|p1a: Metagross|Meteor Mash|p2a: Moose
|-activate|p2a: Moose|Protect
|
|-heal|p2a: Moose|342\/394|[from] item: Leftovers
|turn|48
|
|switch|p2a: Ariel|Vaporeon, F|306\/464
|move|p1a: Metagross|Meteor Mash|p2a: Ariel
|-resisted|p2a: Ariel
|-damage|p2a: Ariel|210\/464
|
|-heal|p2a: Ariel|239\/464|[from] item: Leftovers
|turn|49
|
|move|p1a: Metagross|Earthquake|p2a: Ariel
|-damage|p2a: Ariel|118\/464
|move|p2a: Ariel|Wish|p2a: Ariel
|
|-heal|p2a: Ariel|147\/464|[from] item: Leftovers
|turn|50
|
|move|p1a: Metagross|Zen Headbutt|p2a: Ariel
|-damage|p2a: Ariel|0 fnt
|faint|p2a: Ariel
|
|
|switch|p2a: Moose|Umbreon, M|342\/394
|turn|51
|
|move|p1a: Metagross|Meteor Mash|p2a: Moose
|-damage|p2a: Moose|180\/394
|move|p2a: Moose|Curse|p2a: Moose
|-boost|p2a: Moose|atk|1
|-boost|p2a: Moose|def|1
|-unboost|p2a: Moose|spe|1
|
|-heal|p2a: Moose|204\/394|[from] item: Leftovers
|turn|52
|
|move|p1a: Metagross|Meteor Mash|p2a: Moose|[miss]
|-miss|p1a: Metagross|p2a: Moose
|move|p2a: Moose|Wish|p2a: Moose
|
|-heal|p2a: Moose|228\/394|[from] item: Leftovers
|turn|53
|
|move|p1a: Metagross|Meteor Mash|p2a: Moose
|-damage|p2a: Moose|125\/394
|move|p2a: Moose|Curse|p2a: Moose
|-boost|p2a: Moose|atk|1
|-boost|p2a: Moose|def|1
|-unboost|p2a: Moose|spe|1
|
|-heal|p2a: Moose|322\/394|[from] move: Wish|[wisher] Moose
|-heal|p2a: Moose|346\/394|[from] item: Leftovers
|turn|54
|
|move|p1a: Metagross|Meteor Mash|p2a: Moose
|-crit|p2a: Moose
|-damage|p2a: Moose|100\/394
|-boost|p1a: Metagross|atk|1
|move|p2a: Moose|Payback|p1a: Metagross
|-supereffective|p1a: Metagross
|-damage|p1a: Metagross|20\/364
|
|-heal|p2a: Moose|124\/394|[from] item: Leftovers
|turn|55
|
|move|p1a: Metagross|Meteor Mash|p2a: Moose
|-damage|p2a: Moose|4\/394
|move|p2a: Moose|Wish|p2a: Moose
|
|-heal|p2a: Moose|28\/394|[from] item: Leftovers
|turn|56
|
|move|p2a: Moose|Protect|p2a: Moose
|-singleturn|p2a: Moose|Protect
|move|p1a: Metagross|Bullet Punch|p2a: Moose
|-activate|p2a: Moose|Protect
|
|-heal|p2a: Moose|225\/394|[from] move: Wish|[wisher] Moose
|-heal|p2a: Moose|249\/394|[from] item: Leftovers
|turn|57
|
|move|p1a: Metagross|Meteor Mash|p2a: Moose
|-damage|p2a: Moose|126\/394
|move|p2a: Moose|Payback|p1a: Metagross
|-supereffective|p1a: Metagross
|-damage|p1a: Metagross|0 fnt
|faint|p1a: Metagross
|
|-heal|p2a: Moose|150\/394|[from] item: Leftovers
|
|switch|p1a: Starmie|Starmie|324\/324
|-damage|p1a: Starmie|284\/324|[from] Stealth Rock
|turn|58
|
|move|p2a: Moose|Protect|p2a: Moose
|-singleturn|p2a: Moose|Protect
|move|p1a: Starmie|Scald|p2a: Moose
|-activate|p2a: Moose|Protect
|
|-heal|p1a: Starmie|304\/324|[from] item: Leftovers
|-heal|p2a: Moose|174\/394|[from] item: Leftovers
|turn|59
|
|move|p1a: Starmie|Scald|p2a: Moose
|-damage|p2a: Moose|117\/394
|move|p2a: Moose|Payback|p1a: Starmie
|-supereffective|p1a: Starmie
|-damage|p1a: Starmie|0 fnt
|faint|p1a: Starmie
|
|-heal|p2a: Moose|141\/394|[from] item: Leftovers
|
|switch|p1a: Rotom-Wash|Rotom-Wash|113\/304 tox
|-damage|p1a: Rotom-Wash|75\/304 tox|[from] Stealth Rock
|turn|60
|
|move|p1a: Rotom-Wash|Hydro Pump|p2a: Moose
|-damage|p2a: Moose|62\/394
|move|p2a: Moose|Payback|p1a: Rotom-Wash
|-damage|p1a: Rotom-Wash|0 fnt
|faint|p1a: Rotom-Wash
|
|win|MuhFugginMoose
|raw|Ladder updating...
|raw|VA4TI's rating: 1384 &rarr; <strong>1361<\/strong><br \/>(-23 for losing)
|raw|MuhFugginMoose's rating: 1340 &rarr; <strong>1362<\/strong><br \/>(+22 for winning)
|chat|MuhFugginMoose|gg
|leave|VA4TI
|player|p1
|leave|Raxor3