|join|RAVEOLOGY
|join|PandemoniumHeart
|player|p1|RAVEOLOGY|266
|player|p2|PandemoniumHeart|52
|gametype|singles
|gen|6
|tier|OU
|rated
|clearpoke
|poke|p1|Rotom-Wash
|poke|p1|Landorus, M
|poke|p1|Tyranitar, F
|poke|p1|Mew
|poke|p1|Gothitelle, F
|poke|p1|Scizor, M
|poke|p2|Politoed, M
|poke|p2|Swampert, M
|poke|p2|Kingdra, F
|poke|p2|Klefki, M
|poke|p2|Dragonite, F
|poke|p2|Ferrothorn, M
|rule|Swagger Clause: Swagger is banned
|rule|Baton Pass Clause: Limit one PokÃ©mon knowing Baton Pass
|rule|Sleep Clause Mod: Limit one foe put to sleep
|rule|Species Clause: Limit one of each PokÃ©mon
|rule|OHKO Clause: OHKO moves are banned
|rule|Moody Clause: Moody is banned
|rule|Evasion Moves Clause: Evasion moves are banned
|rule|Endless Battle Clause: Forcing endless battles is banned
|rule|HP Percentage Mod: HP is shown in percentages
|teampreview
|
|start
|switch|p1a: Slendrina|Gothitelle, F|281\/281
|switch|p2a: Klefki|Klefki, M|318\/318
|turn|1
|
|move|p2a: Klefki|Rain Dance|p2a: Klefki
|-weather|RainDance
|move|p1a: Slendrina|Trick|p2a: Klefki
|-activate|p1a: Slendrina|move: Trick|[of] p2a: Klefki
|-item|p2a: Klefki|Choice Scarf|[from] move: Trick
|-item|p1a: Slendrina|Damp Rock|[from] move: Trick
|
|-weather|RainDance|[upkeep]
|turn|2
|
|switch|p1a: Vicious|Tyranitar, F|403\/403
|-weather|Sandstorm
|move|p2a: Klefki|Foul Play|p1a: Vicious
|-resisted|p1a: Vicious
|-damage|p1a: Vicious|360\/403
|
|-weather|Sandstorm|[upkeep]
|-heal|p1a: Vicious|385\/403|[from] item: Leftovers
|turn|3
|
|switch|p2a: Politoed|Politoed, M|384\/384
|-weather|RainDance
|move|p1a: Vicious|Substitute|p1a: Vicious
|-start|p1a: Vicious|Substitute
|-damage|p1a: Vicious|285\/403
|
|-weather|RainDance|[upkeep]
|-heal|p1a: Vicious|310\/403|[from] item: Leftovers
|turn|4
|
|move|p2a: Politoed|Scald|p1a: Vicious
|-supereffective|p1a: Vicious
|-end|p1a: Vicious|Substitute
|move|p1a: Vicious|Thunder Wave|p2a: Politoed
|-status|p2a: Politoed|par
|
|-weather|RainDance|[upkeep]
|-heal|p1a: Vicious|335\/403|[from] item: Leftovers
|turn|5
|
|move|p1a: Vicious|Substitute|p1a: Vicious
|-start|p1a: Vicious|Substitute
|-damage|p1a: Vicious|235\/403
|cant|p2a: Politoed|par
|
|-weather|RainDance|[upkeep]
|-heal|p1a: Vicious|260\/403|[from] item: Leftovers
|turn|6
|
|-singleturn|p1a: Vicious|move: Focus Punch
|move|p2a: Politoed|Scald|p1a: Vicious
|-supereffective|p1a: Vicious
|-end|p1a: Vicious|Substitute
|move|p1a: Vicious|Focus Punch|p2a: Politoed
|-damage|p2a: Politoed|182\/384 par
|
|-weather|RainDance|[upkeep]
|-heal|p1a: Vicious|285\/403|[from] item: Leftovers
|turn|7
|
|switch|p1a: Hope|Rotom-Wash|303\/303
|move|p2a: Politoed|Encore|p1a: Hope
|-fail|p1a: Hope
|
|-weather|RainDance|[upkeep]
|turn|8
|
|switch|p2a: Ferrothorn|Ferrothorn, M|352\/352
|move|p1a: Hope|Trick|p2a: Ferrothorn
|-activate|p1a: Hope|move: Trick|[of] p2a: Ferrothorn
|-item|p2a: Ferrothorn|Choice Specs|[from] move: Trick
|-item|p1a: Hope|Leftovers|[from] move: Trick
|
|-weather|RainDance|[upkeep]
|turn|9
|
|move|p1a: Hope|Volt Switch|p2a: Ferrothorn
|-resisted|p2a: Ferrothorn
|-damage|p2a: Ferrothorn|313\/352
|
|switch|p1a: Bineural|Mew|404\/404
|move|p2a: Ferrothorn|Power Whip|p1a: Bineural
|-damage|p1a: Bineural|268\/404
|
|-weather|RainDance|[upkeep]
|-heal|p1a: Bineural|293\/404|[from] item: Leftovers
|turn|10
|
|switch|p2a: Klefki|Klefki, M|318\/318
|move|p1a: Bineural|Stealth Rock|p2a: Klefki
|-sidestart|p2: PandemoniumHeart|move: Stealth Rock
|
|-weather|none
|-heal|p1a: Bineural|318\/404|[from] item: Leftovers
|turn|11
|
|switch|p1a: XanaxParty|Landorus, M|319\/319
|move|p2a: Klefki|Foul Play|p1a: XanaxParty
|-damage|p1a: XanaxParty|238\/319
|
|turn|12
|
|switch|p2a: Dragonite|Dragonite, F|323\/323
|-damage|p2a: Dragonite|243\/323|[from] Stealth Rock
|move|p1a: XanaxParty|Earth Power|p2a: Dragonite
|-immune|p2a: Dragonite|[msg]
|
|turn|13
|
|switch|p1a: Overdrive|Scizor, M|343\/343
|move|p2a: Dragonite|Hurricane|p1a: Overdrive
|-damage|p1a: Overdrive|90\/343
|-start|p1a: Overdrive|confusion
|-damage|p2a: Dragonite|211\/323|[from] item: Life Orb
|
|turn|14
|
|switch|p1a: Bineural|Mew|318\/404
|move|p2a: Dragonite|Roost|p2a: Dragonite
|-heal|p2a: Dragonite|323\/323
|
|-heal|p1a: Bineural|343\/404|[from] item: Leftovers
|turn|15
|
|move|p1a: Bineural|Will-O-Wisp|p2a: Dragonite|[miss]
|-miss|p1a: Bineural|p2a: Dragonite
|move|p2a: Dragonite|Hurricane|p1a: Bineural
|-damage|p1a: Bineural|178\/404
|-start|p1a: Bineural|confusion
|-damage|p2a: Dragonite|291\/323|[from] item: Life Orb
|
|-heal|p1a: Bineural|203\/404|[from] item: Leftovers
|turn|16
|
|switch|p1a: Vicious|Tyranitar, F|285\/403
|-weather|Sandstorm
|switch|p2a: Politoed|Politoed, M|182\/384 par
|-damage|p2a: Politoed|134\/384 par|[from] Stealth Rock
|-weather|RainDance
|
|-weather|RainDance|[upkeep]
|-heal|p1a: Vicious|310\/403|[from] item: Leftovers
|turn|17
|
|switch|p1a: Hope|Rotom-Wash|303\/303
|switch|p2a: Dragonite|Dragonite, F|291\/323
|-damage|p2a: Dragonite|211\/323|[from] Stealth Rock
|
|-weather|RainDance|[upkeep]
|turn|18
|
|switch|p1a: Bineural|Mew|203\/404
|move|p2a: Dragonite|Roost|p2a: Dragonite
|-heal|p2a: Dragonite|323\/323
|
|-weather|RainDance|[upkeep]
|-heal|p1a: Bineural|228\/404|[from] item: Leftovers
|turn|19
|
|move|p1a: Bineural|Soft-Boiled|p1a: Bineural
|-heal|p1a: Bineural|404\/404
|move|p2a: Dragonite|Hurricane|p1a: Bineural
|-damage|p1a: Bineural|256\/404
|-start|p1a: Bineural|confusion
|-damage|p2a: Dragonite|291\/323|[from] item: Life Orb
|
|-weather|RainDance|[upkeep]
|-heal|p1a: Bineural|281\/404|[from] item: Leftovers
|turn|20
|
|switch|p1a: Vicious|Tyranitar, F|310\/403
|-weather|Sandstorm
|move|p2a: Dragonite|Hurricane|p1a: Vicious|[miss]
|-miss|p2a: Dragonite|p1a: Vicious
|
|-weather|Sandstorm|[upkeep]
|-damage|p2a: Dragonite|271\/323|[from] sandstorm
|-heal|p1a: Vicious|335\/403|[from] item: Leftovers
|turn|21
|
|switch|p1a: Bineural|Mew|281\/404
|move|p2a: Dragonite|Superpower|p1a: Bineural
|-crit|p1a: Bineural
|-resisted|p1a: Bineural
|-damage|p1a: Bineural|152\/404
|-unboost|p2a: Dragonite|atk|1
|-unboost|p2a: Dragonite|def|1
|-damage|p2a: Dragonite|239\/323|[from] item: Life Orb
|
|-weather|Sandstorm|[upkeep]
|-damage|p1a: Bineural|127\/404|[from] sandstorm
|-damage|p2a: Dragonite|219\/323|[from] sandstorm
|-heal|p1a: Bineural|152\/404|[from] item: Leftovers
|turn|22
|
|switch|p2a: Ferrothorn|Ferrothorn, M|313\/352
|-damage|p2a: Ferrothorn|291\/352|[from] Stealth Rock
|move|p1a: Bineural|Taunt|p2a: Ferrothorn
|-start|p2a: Ferrothorn|move: Taunt
|
|-weather|Sandstorm|[upkeep]
|-damage|p1a: Bineural|127\/404|[from] sandstorm
|-heal|p1a: Bineural|152\/404|[from] item: Leftovers
|turn|23
|
|move|p1a: Bineural|Soft-Boiled|p1a: Bineural
|-heal|p1a: Bineural|354\/404
|move|p2a: Ferrothorn|Gyro Ball|p1a: Bineural
|-damage|p1a: Bineural|188\/404
|
|-weather|Sandstorm|[upkeep]
|-damage|p1a: Bineural|163\/404|[from] sandstorm
|-heal|p1a: Bineural|188\/404|[from] item: Leftovers
|turn|24
|
|switch|p1a: Overdrive|Scizor, M|90\/343
|switch|p2a: Politoed|Politoed, M|134\/384 par
|-damage|p2a: Politoed|86\/384 par|[from] Stealth Rock
|-weather|RainDance
|
|-weather|RainDance|[upkeep]
|turn|25
|
|switch|p2a: Swampert|Swampert, M|391\/391
|-damage|p2a: Swampert|367\/391|[from] Stealth Rock
|detailschange|p1a: Overdrive|Scizor-Mega, M
|-mega|p1a: Overdrive|Scizor|Scizorite
|move|p1a: Overdrive|U-turn|p2a: Swampert
|-damage|p2a: Swampert|249\/391
|
|switch|p1a: Vicious|Tyranitar, F|335\/403
|-weather|Sandstorm
|
|-weather|Sandstorm|[upkeep]
|-heal|p1a: Vicious|360\/403|[from] item: Leftovers
|turn|26
|
|switch|p1a: Hope|Rotom-Wash|303\/303
|detailschange|p2a: Swampert|Swampert-Mega, M
|-mega|p2a: Swampert|Swampert|Swampertite
|move|p2a: Swampert|Earthquake|p1a: Hope
|-immune|p1a: Hope|[msg]
|
|-weather|Sandstorm|[upkeep]
|-damage|p1a: Hope|285\/303|[from] sandstorm
|-heal|p1a: Hope|303\/303|[from] item: Leftovers
|turn|27
|
|switch|p2a: Ferrothorn|Ferrothorn, M|291\/352
|-damage|p2a: Ferrothorn|269\/352|[from] Stealth Rock
|move|p1a: Hope|Hydro Pump|p2a: Ferrothorn
|-resisted|p2a: Ferrothorn
|-damage|p2a: Ferrothorn|209\/352
|
|-weather|Sandstorm|[upkeep]
|-damage|p1a: Hope|285\/303|[from] sandstorm
|-heal|p1a: Hope|303\/303|[from] item: Leftovers
|turn|28
|
|move|p1a: Hope|Volt Switch|p2a: Ferrothorn
|-resisted|p2a: Ferrothorn
|-damage|p2a: Ferrothorn|173\/352
|
|switch|p1a: Overdrive|Scizor-Mega, M|90\/343
|move|p2a: Ferrothorn|Stealth Rock|p1a: Overdrive
|-sidestart|p1: RAVEOLOGY|move: Stealth Rock
|
|-weather|Sandstorm|[upkeep]
|turn|29
|
|switch|p2a: Klefki|Klefki, M|318\/318
|-damage|p2a: Klefki|299\/318|[from] Stealth Rock
|move|p1a: Overdrive|Roost|p1a: Overdrive
|-heal|p1a: Overdrive|262\/343
|
|-weather|none
|turn|30
|
|switch|p1a: Bineural|Mew|188\/404
|-damage|p1a: Bineural|138\/404|[from] Stealth Rock
|move|p2a: Klefki|Rain Dance|p2a: Klefki
|-weather|RainDance
|
|-weather|RainDance|[upkeep]
|-heal|p1a: Bineural|163\/404|[from] item: Leftovers
|turn|31
|
|switch|p2a: Kingdra|Kingdra, F|291\/291
|-damage|p2a: Kingdra|255\/291|[from] Stealth Rock
|switch|p1a: Vicious|Tyranitar, F|360\/403
|-damage|p1a: Vicious|310\/403|[from] Stealth Rock
|-weather|Sandstorm
|
|-weather|Sandstorm|[upkeep]
|-damage|p2a: Kingdra|237\/291|[from] sandstorm
|-heal|p1a: Vicious|335\/403|[from] item: Leftovers
|turn|32
|
|switch|p1a: Hope|Rotom-Wash|303\/303
|-damage|p1a: Hope|266\/303|[from] Stealth Rock
|move|p2a: Kingdra|Waterfall|p1a: Hope
|-resisted|p1a: Hope
|-damage|p1a: Hope|209\/303
|-damage|p2a: Kingdra|208\/291|[from] item: Life Orb
|
|-weather|Sandstorm|[upkeep]
|-damage|p2a: Kingdra|190\/291|[from] sandstorm
|-damage|p1a: Hope|191\/303|[from] sandstorm
|-heal|p1a: Hope|209\/303|[from] item: Leftovers
|turn|33
|
|switch|p1a: Overdrive|Scizor-Mega, M|262\/343
|-damage|p1a: Overdrive|220\/343|[from] Stealth Rock
|move|p2a: Kingdra|Draco Meteor|p1a: Overdrive
|-resisted|p1a: Overdrive
|-damage|p1a: Overdrive|87\/343
|-unboost|p2a: Kingdra|spa|2
|-damage|p2a: Kingdra|161\/291|[from] item: Life Orb
|
|-weather|Sandstorm|[upkeep]
|-damage|p2a: Kingdra|143\/291|[from] sandstorm
|turn|34
|
|move|p2a: Kingdra|Waterfall|p1a: Overdrive
|-damage|p1a: Overdrive|17\/343
|-damage|p2a: Kingdra|114\/291|[from] item: Life Orb
|move|p1a: Overdrive|Roost|p1a: Overdrive
|-heal|p1a: Overdrive|189\/343
|
|-weather|Sandstorm|[upkeep]
|-damage|p2a: Kingdra|96\/291|[from] sandstorm
|turn|35
|
|switch|p2a: Politoed|Politoed, M|86\/384 par
|-damage|p2a: Politoed|38\/384 par|[from] Stealth Rock
|-weather|RainDance
|move|p1a: Overdrive|U-turn|p2a: Politoed
|-damage|p2a: Politoed|0 fnt
|faint|p2a: Politoed
|
|switch|p1a: Vicious|Tyranitar, F|335\/403
|-damage|p1a: Vicious|285\/403|[from] Stealth Rock
|-weather|Sandstorm
|
|-weather|Sandstorm|[upkeep]
|-heal|p1a: Vicious|310\/403|[from] item: Leftovers
|
|switch|p2a: Kingdra|Kingdra, F|96\/291
|-damage|p2a: Kingdra|60\/291|[from] Stealth Rock
|turn|36
|
|switch|p1a: Overdrive|Scizor-Mega, M|189\/343
|-damage|p1a: Overdrive|147\/343|[from] Stealth Rock
|move|p2a: Kingdra|Draco Meteor|p1a: Overdrive
|-resisted|p1a: Overdrive
|-damage|p1a: Overdrive|24\/343
|-unboost|p2a: Kingdra|spa|2
|-damage|p2a: Kingdra|31\/291|[from] item: Life Orb
|
|-weather|Sandstorm|[upkeep]
|-damage|p2a: Kingdra|13\/291|[from] sandstorm
|turn|37
|
|switch|p2a: Ferrothorn|Ferrothorn, M|173\/352
|-damage|p2a: Ferrothorn|151\/352|[from] Stealth Rock
|move|p1a: Overdrive|Roost|p1a: Overdrive
|-heal|p1a: Overdrive|196\/343
|
|-weather|Sandstorm|[upkeep]
|turn|38
|c|âPandemoniumHeart|do you not run bullet punch
|
|move|p1a: Overdrive|Roost|p1a: Overdrive
|-heal|p1a: Overdrive|343\/343
|move|p2a: Ferrothorn|Leech Seed|p1a: Overdrive
|-start|p1a: Overdrive|move: Leech Seed
|
|-weather|Sandstorm|[upkeep]
|-damage|p1a: Overdrive|301\/343|[from] Leech Seed|[of] p2a: Ferrothorn
|-heal|p2a: Ferrothorn|193\/352|[silent]
|turn|39
|c|âRAVEOLOGY|Ferrothorn was the best play
|
|switch|p1a: Bineural|Mew|163\/404
|-damage|p1a: Bineural|113\/404|[from] Stealth Rock
|move|p2a: Ferrothorn|Leech Seed|p1a: Bineural
|-start|p1a: Bineural|move: Leech Seed
|
|-weather|none
|-heal|p1a: Bineural|138\/404|[from] item: Leftovers
|-damage|p1a: Bineural|88\/404|[from] Leech Seed|[of] p2a: Ferrothorn
|-heal|p2a: Ferrothorn|243\/352|[silent]
|turn|40
|
|switch|p2a: Swampert|Swampert-Mega, M|249\/391
|-damage|p2a: Swampert|225\/391|[from] Stealth Rock
|move|p1a: Bineural|Soft-Boiled|p1a: Bineural
|-heal|p1a: Bineural|290\/404
|
|-heal|p1a: Bineural|315\/404|[from] item: Leftovers
|-damage|p1a: Bineural|265\/404|[from] Leech Seed|[of] p2a: Swampert
|-heal|p2a: Swampert|275\/391|[silent]
|turn|41
|
|switch|p1a: Hope|Rotom-Wash|209\/303
|-damage|p1a: Hope|172\/303|[from] Stealth Rock
|move|p2a: Swampert|Waterfall|p1a: Hope
|-crit|p1a: Hope
|-resisted|p1a: Hope
|-damage|p1a: Hope|52\/303
|
|-heal|p1a: Hope|70\/303|[from] item: Leftovers
|turn|42
|
|move|p1a: Hope|Pain Split|p2a: Swampert
|-sethp|p2a: Swampert|172\/391|p1a: Hope|172\/303|[from] move: Pain Split
|move|p2a: Swampert|Waterfall|p1a: Hope
|-resisted|p1a: Hope
|-damage|p1a: Hope|86\/303
|
|-heal|p1a: Hope|104\/303|[from] item: Leftovers
|turn|43
|
|move|p1a: Hope|Hydro Pump|p2a: Swampert
|-damage|p2a: Swampert|1\/391
|move|p2a: Swampert|Rest|p2a: Swampert
|-status|p2a: Swampert|slp
|-heal|p2a: Swampert|391\/391 slp|[silent]
|-status|p2a: Swampert|slp|[from] move: Rest
|
|-heal|p1a: Hope|122\/303|[from] item: Leftovers
|turn|44
|
|switch|p2a: Kingdra|Kingdra, F|13\/291
|-damage|p2a: Kingdra|0 fnt|[from] Stealth Rock
|faint|p2a: Kingdra
|move|p1a: Hope|Volt Switch|p2: Kingdra|[notarget]
|-notarget
|
|-heal|p1a: Hope|140\/303|[from] item: Leftovers
|
|switch|p2a: Dragonite|Dragonite, F|219\/323
|-damage|p2a: Dragonite|139\/323|[from] Stealth Rock
|turn|45
|
|switch|p1a: Overdrive|Scizor-Mega, M|301\/343
|-damage|p1a: Overdrive|259\/343|[from] Stealth Rock
|move|p2a: Dragonite|Superpower|p1a: Overdrive
|-damage|p1a: Overdrive|163\/343
|-unboost|p2a: Dragonite|atk|1
|-unboost|p2a: Dragonite|def|1
|-damage|p2a: Dragonite|107\/323|[from] item: Life Orb
|
|turn|46
|
|move|p2a: Dragonite|Roost|p2a: Dragonite
|-heal|p2a: Dragonite|269\/323
|move|p1a: Overdrive|Roost|p1a: Overdrive
|-heal|p1a: Overdrive|335\/343
|
|turn|47
|
|move|p2a: Dragonite|Hurricane|p1a: Overdrive|[miss]
|-miss|p2a: Dragonite|p1a: Overdrive
|move|p1a: Overdrive|U-turn|p2a: Dragonite
|-resisted|p2a: Dragonite
|-damage|p2a: Dragonite|169\/323
|
|switch|p1a: Slendrina|Gothitelle, F|281\/281
|-damage|p1a: Slendrina|246\/281|[from] Stealth Rock
|
|turn|48
|
|move|p1a: Slendrina|Hidden Power|p2a: Dragonite
|-supereffective|p2a: Dragonite
|-damage|p2a: Dragonite|0 fnt
|faint|p2a: Dragonite
|
|
|switch|p2a: Swampert|Swampert-Mega, M|391\/391 slp
|-damage|p2a: Swampert|367\/391 slp|[from] Stealth Rock
|turn|49
|
|move|p1a: Slendrina|Psyshock|p2a: Swampert
|-damage|p2a: Swampert|253\/391 slp
|cant|p2a: Swampert|slp
|move|p2a: Swampert|Sleep Talk|p2a: Swampert
|move|p2a: Swampert|Waterfall|p1a: Slendrina|[from]Sleep Talk
|-damage|p1a: Slendrina|69\/281
|
|turn|50
|
|switch|p1a: Overdrive|Scizor-Mega, M|335\/343
|-damage|p1a: Overdrive|293\/343|[from] Stealth Rock
|cant|p2a: Swampert|slp
|move|p2a: Swampert|Sleep Talk|p2a: Swampert
|move|p2a: Swampert|Earthquake|p1a: Overdrive|[from]Sleep Talk
|-damage|p1a: Overdrive|176\/343
|
|turn|51
|
|-curestatus|p2a: Swampert|slp
|move|p2a: Swampert|Waterfall|p1a: Overdrive
|-damage|p1a: Overdrive|71\/343
|move|p1a: Overdrive|Roost|p1a: Overdrive
|-heal|p1a: Overdrive|243\/343
|
|turn|52
|
|move|p2a: Swampert|Waterfall|p1a: Overdrive
|-crit|p1a: Overdrive
|-damage|p1a: Overdrive|86\/343
|move|p1a: Overdrive|Roost|p1a: Overdrive
|-heal|p1a: Overdrive|258\/343
|
|turn|53
|
|move|p2a: Swampert|Waterfall|p1a: Overdrive
|-crit|p1a: Overdrive
|-damage|p1a: Overdrive|96\/343
|cant|p1a: Overdrive|flinch
|
|turn|54
|
|switch|p1a: Hope|Rotom-Wash|140\/303
|-damage|p1a: Hope|103\/303|[from] Stealth Rock
|move|p2a: Swampert|Waterfall|p1a: Hope
|-resisted|p1a: Hope
|-damage|p1a: Hope|22\/303
|
|-heal|p1a: Hope|40\/303|[from] item: Leftovers
|turn|55
|
|move|p1a: Hope|Pain Split|p2a: Swampert
|-sethp|p2a: Swampert|146\/391|p1a: Hope|146\/303|[from] move: Pain Split
|move|p2a: Swampert|Waterfall|p1a: Hope
|-resisted|p1a: Hope
|-damage|p1a: Hope|66\/303
|
|-heal|p1a: Hope|84\/303|[from] item: Leftovers
|turn|56
|
|switch|p2a: Ferrothorn|Ferrothorn, M|243\/352
|-damage|p2a: Ferrothorn|221\/352|[from] Stealth Rock
|move|p1a: Hope|Hydro Pump|p2a: Ferrothorn
|-resisted|p2a: Ferrothorn
|-damage|p2a: Ferrothorn|161\/352
|
|-heal|p1a: Hope|102\/303|[from] item: Leftovers
|turn|57
|
|move|p1a: Hope|Volt Switch|p2a: Ferrothorn
|-resisted|p2a: Ferrothorn
|-damage|p2a: Ferrothorn|123\/352
|
|switch|p1a: Bineural|Mew|265\/404
|-damage|p1a: Bineural|215\/404|[from] Stealth Rock
|move|p2a: Ferrothorn|Leech Seed|p1a: Bineural
|-start|p1a: Bineural|move: Leech Seed
|
|-heal|p1a: Bineural|240\/404|[from] item: Leftovers
|-damage|p1a: Bineural|190\/404|[from] Leech Seed|[of] p2a: Ferrothorn
|-heal|p2a: Ferrothorn|173\/352|[silent]
|turn|58
|
|switch|p2a: Klefki|Klefki, M|299\/318
|-damage|p2a: Klefki|280\/318|[from] Stealth Rock
|move|p1a: Bineural|Will-O-Wisp|p2a: Klefki
|-status|p2a: Klefki|brn
|
|-heal|p1a: Bineural|215\/404|[from] item: Leftovers
|-damage|p1a: Bineural|165\/404|[from] Leech Seed|[of] p2a: Klefki
|-heal|p2a: Klefki|318\/318 brn|[silent]
|-damage|p2a: Klefki|279\/318 brn|[from] brn
|turn|59
|
|switch|p1a: Vicious|Tyranitar, F|310\/403
|-damage|p1a: Vicious|260\/403|[from] Stealth Rock
|-weather|Sandstorm
|move|p2a: Klefki|Spikes|p1a: Vicious
|-sidestart|p1: RAVEOLOGY|Spikes
|
|-weather|Sandstorm|[upkeep]
|-heal|p1a: Vicious|285\/403|[from] item: Leftovers
|-damage|p2a: Klefki|240\/318 brn|[from] brn
|turn|60
|
|switch|p2a: Swampert|Swampert-Mega, M|146\/391
|-damage|p2a: Swampert|122\/391|[from] Stealth Rock
|move|p1a: Vicious|Substitute|p1a: Vicious
|-start|p1a: Vicious|Substitute
|-damage|p1a: Vicious|185\/403
|
|-weather|Sandstorm|[upkeep]
|-heal|p1a: Vicious|210\/403|[from] item: Leftovers
|turn|61
|
|-singleturn|p1a: Vicious|move: Focus Punch
|move|p2a: Swampert|Rest|p2a: Swampert
|-status|p2a: Swampert|slp
|-heal|p2a: Swampert|391\/391 slp|[silent]
|-status|p2a: Swampert|slp|[from] move: Rest
|move|p1a: Vicious|Focus Punch|p2a: Swampert
|-damage|p2a: Swampert|243\/391 slp
|
|-weather|Sandstorm|[upkeep]
|-heal|p1a: Vicious|235\/403|[from] item: Leftovers
|turn|62
|
|-singleturn|p1a: Vicious|move: Focus Punch
|cant|p2a: Swampert|slp
|move|p2a: Swampert|Sleep Talk|p2a: Swampert
|move|p2a: Swampert|Waterfall|p1a: Vicious|[from]Sleep Talk
|-supereffective|p1a: Vicious
|-end|p1a: Vicious|Substitute
|move|p1a: Vicious|Focus Punch|p2a: Swampert
|-damage|p2a: Swampert|108\/391 slp
|
|-weather|Sandstorm|[upkeep]
|-heal|p1a: Vicious|260\/403|[from] item: Leftovers
|turn|63
|
|switch|p1a: Hope|Rotom-Wash|102\/303
|-damage|p1a: Hope|65\/303|[from] Stealth Rock
|cant|p2a: Swampert|slp
|move|p2a: Swampert|Sleep Talk|p2a: Swampert
|move|p2a: Swampert|Earthquake|p1a: Hope|[from]Sleep Talk
|-immune|p1a: Hope|[msg]
|
|-weather|none
|-heal|p1a: Hope|83\/303|[from] item: Leftovers
|turn|64
|
|switch|p2a: Ferrothorn|Ferrothorn, M|173\/352
|-damage|p2a: Ferrothorn|151\/352|[from] Stealth Rock
|move|p1a: Hope|Volt Switch|p2a: Ferrothorn
|-resisted|p2a: Ferrothorn
|-damage|p2a: Ferrothorn|112\/352
|
|switch|p1a: XanaxParty|Landorus, M|238\/319
|-damage|p1a: XanaxParty|199\/319|[from] Stealth Rock
|
|turn|65
|
|move|p1a: XanaxParty|Earth Power|p2a: Ferrothorn
|-damage|p2a: Ferrothorn|0 fnt
|faint|p2a: Ferrothorn
|
|
|switch|p2a: Klefki|Klefki, M|240\/318 brn
|-damage|p2a: Klefki|221\/318 brn|[from] Stealth Rock
|turn|66
|
|move|p2a: Klefki|Rain Dance|p2a: Klefki
|-weather|RainDance
|move|p1a: XanaxParty|Rock Polish|p1a: XanaxParty
|-boost|p1a: XanaxParty|spe|2
|
|-weather|RainDance|[upkeep]
|-damage|p2a: Klefki|182\/318 brn|[from] brn
|turn|67
|c|âRAVEOLOGY|gg
|-message|PandemoniumHeart forfeited.
|leave|PandemoniumHeart
|
|move|p2a: Klefki|Rain Dance|p2a: Klefki
|-fail|p2a: Klefki
|move|p1a: XanaxParty|Earth Power|p2a: Klefki
|-supereffective|p2a: Klefki
|-damage|p2a: Klefki|0 fnt
|faint|p2a: Klefki
|
|-weather|RainDance|[upkeep]
|
|win|RAVEOLOGY
|raw|Ladder updating...
|player|p2
|raw|RAVEOLOGY's rating: 1559 &rarr; <strong>1580<\/strong><br \/>(+21 for winning)
|raw|PandemoniumHeart's rating: 1580 &rarr; <strong>1558<\/strong><br \/>(-22 for losing)