|join|TheBlueSun
|join|PandemoniumHeart
|player|p1|TheBlueSun|15
|player|p2|PandemoniumHeart|52
|gametype|singles
|gen|6
|tier|OU
|rated
|clearpoke
|poke|p1|Metagross
|poke|p1|Clefable, F, shiny
|poke|p1|Keldeo-Resolute
|poke|p1|Chandelure, F
|poke|p1|Latios, M
|poke|p1|Landorus, M
|poke|p2|Dragonite, F
|poke|p2|Excadrill, M
|poke|p2|Diancie
|poke|p2|Slowbro, F
|poke|p2|Tyranitar, M
|poke|p2|Ferrothorn, F
|rule|Swagger Clause: Swagger is banned
|rule|Baton Pass Clause: Limit one PokÃ©mon knowing Baton Pass
|rule|Sleep Clause Mod: Limit one foe put to sleep
|rule|Species Clause: Limit one of each PokÃ©mon
|rule|OHKO Clause: OHKO moves are banned
|rule|Moody Clause: Moody is banned
|rule|Evasion Moves Clause: Evasion moves are banned
|rule|Endless Battle Clause: Forcing endless battles is banned
|rule|HP Percentage Mod: HP is shown in percentages
|teampreview
|c|âTheBlueSun|hf
|c|âPandemoniumHeart|gl
|
|start
|switch|p1a: YES|Keldeo-Resolute|323\/323
|switch|p2a: Dragonite|Dragonite, F|347\/347
|turn|1
|
|switch|p1a: YES|Clefable, F, shiny|394\/394
|move|p2a: Dragonite|Thunderbolt|p1a: YES
|-damage|p1a: YES|299\/394
|
|-heal|p1a: YES|323\/394|[from] item: Leftovers
|turn|2
|
|switch|p2a: Ferrothorn|Ferrothorn, F|352\/352
|move|p1a: YES|Stealth Rock|p2a: Ferrothorn
|-sidestart|p2: PandemoniumHeart|move: Stealth Rock
|
|-heal|p1a: YES|347\/394|[from] item: Leftovers
|turn|3
|
|switch|p1a: YES|Chandelure, F|261\/261
|move|p2a: Ferrothorn|Stealth Rock|p1a: YES
|-sidestart|p1: TheBlueSun|move: Stealth Rock
|
|turn|4
|
|switch|p2a: Tyranitar|Tyranitar, M|345\/345
|-damage|p2a: Tyranitar|302\/345|[from] Stealth Rock
|-weather|Sandstorm
|move|p1a: YES|Energy Ball|p2a: Tyranitar
|-supereffective|p2a: Tyranitar
|-damage|p2a: Tyranitar|182\/345
|
|-weather|Sandstorm|[upkeep]
|-damage|p1a: YES|245\/261|[from] sandstorm
|turn|5
|
|move|p1a: YES|Energy Ball|p2a: Tyranitar
|-supereffective|p2a: Tyranitar
|-damage|p2a: Tyranitar|62\/345
|move|p2a: Tyranitar|Pursuit|p1a: YES
|-crit|p1a: YES
|-supereffective|p1a: YES
|-damage|p1a: YES|0 fnt
|faint|p1a: YES
|
|-weather|Sandstorm|[upkeep]
|
|switch|p1a: NOOOOOOO|Landorus, M|319\/319
|-damage|p1a: NOOOOOOO|280\/319|[from] Stealth Rock
|turn|6
|
|switch|p2a: Dragonite|Dragonite, F|347\/347
|-damage|p2a: Dragonite|261\/347|[from] Stealth Rock
|move|p1a: NOOOOOOO|Focus Blast|p2a: Dragonite
|-resisted|p2a: Dragonite
|-damage|p2a: Dragonite|152\/347
|
|-weather|Sandstorm|[upkeep]
|-damage|p2a: Dragonite|131\/347|[from] sandstorm
|-heal|p2a: Dragonite|152\/347|[from] item: Leftovers
|turn|7
|
|move|p1a: NOOOOOOO|Psychic|p2a: Dragonite
|-damage|p2a: Dragonite|0 fnt
|faint|p2a: Dragonite
|
|-weather|Sandstorm|[upkeep]
|
|switch|p2a: Excadrill|Excadrill, M|362\/362
|-damage|p2a: Excadrill|351\/362|[from] Stealth Rock
|turn|8
|
|move|p2a: Excadrill|Iron Head|p1a: NOOOOOOO
|-damage|p1a: NOOOOOOO|54\/319
|-damage|p2a: Excadrill|315\/362|[from] item: Life Orb
|move|p1a: NOOOOOOO|Earth Power|p2a: Excadrill
|-supereffective|p2a: Excadrill
|-damage|p2a: Excadrill|0 fnt
|faint|p2a: Excadrill
|
|-weather|Sandstorm|[upkeep]
|
|switch|p2a: Slowbro|Slowbro, F|389\/389
|-damage|p2a: Slowbro|341\/389|[from] Stealth Rock
|turn|9
|
|move|p1a: NOOOOOOO|Earth Power|p2a: Slowbro
|-damage|p2a: Slowbro|17\/389
|move|p2a: Slowbro|Scald|p1a: NOOOOOOO
|-supereffective|p1a: NOOOOOOO
|-damage|p1a: NOOOOOOO|0 fnt
|faint|p1a: NOOOOOOO
|
|-weather|Sandstorm|[upkeep]
|-damage|p2a: Slowbro|0 fnt|[from] sandstorm
|faint|p2a: Slowbro
|
|switch|p1a: YES|Keldeo-Resolute|323\/323
|switch|p2a: Diancie|Diancie|284\/284
|-damage|p1a: YES|303\/323|[from] Stealth Rock
|-damage|p2a: Diancie|249\/284|[from] Stealth Rock
|turn|10
|
|detailschange|p2a: Diancie|Diancie-Mega
|-mega|p2a: Diancie|Diancie|Diancite
|move|p1a: YES|Scald|p2a: Diancie
|-supereffective|p2a: Diancie
|-damage|p2a: Diancie|43\/284
|move|p2a: Diancie|Rock Polish|p2a: Diancie
|-boost|p2a: Diancie|spe|2
|
|-weather|Sandstorm|[upkeep]
|-damage|p1a: YES|283\/323|[from] sandstorm
|-heal|p1a: YES|303\/323|[from] item: Leftovers
|turn|11
|
|switch|p1a: YES|Metagross|301\/301
|-damage|p1a: YES|283\/301|[from] Stealth Rock
|move|p2a: Diancie|Moonblast|p1a: YES
|-resisted|p1a: YES
|-damage|p1a: YES|169\/301
|
|-weather|none
|turn|12
|
|detailschange|p1a: YES|Metagross-Mega
|-mega|p1a: YES|Metagross|Metagrossite
|move|p2a: Diancie|Earth Power|p1a: YES
|-supereffective|p1a: YES
|-damage|p1a: YES|0 fnt
|faint|p1a: YES
|
|
|switch|p1a: YES|Clefable, F, shiny|347\/394
|-damage|p1a: YES|298\/394|[from] Stealth Rock
|turn|13
|
|move|p2a: Diancie|Diamond Storm|p1a: YES
|-damage|p1a: YES|151\/394
|move|p1a: YES|Moonblast|p2a: Diancie
|-damage|p2a: Diancie|0 fnt
|faint|p2a: Diancie
|
|-heal|p1a: YES|175\/394|[from] item: Leftovers
|
|switch|p2a: Ferrothorn|Ferrothorn, F|352\/352
|-damage|p2a: Ferrothorn|330\/352|[from] Stealth Rock
|turn|14
|
|switch|p1a: YES|Latios, M|301\/301
|-damage|p1a: YES|264\/301|[from] Stealth Rock
|move|p2a: Ferrothorn|Leech Seed|p1a: YES
|-start|p1a: YES|move: Leech Seed
|
|-heal|p2a: Ferrothorn|352\/352|[from] item: Leftovers
|-damage|p1a: YES|227\/301|[from] Leech Seed|[of] p2a: Ferrothorn
|turn|15
|
|move|p2a: Ferrothorn|Protect|p2a: Ferrothorn
|-singleturn|p2a: Ferrothorn|Protect
|move|p1a: YES|Psyshock|p2a: Ferrothorn
|-activate|p2a: Ferrothorn|Protect
|
|-damage|p1a: YES|190\/301|[from] Leech Seed|[of] p2a: Ferrothorn
|turn|16
|
|move|p1a: YES|Draco Meteor|p2a: Ferrothorn
|-resisted|p2a: Ferrothorn
|-damage|p2a: Ferrothorn|239\/352
|-unboost|p1a: YES|spa|2
|-damage|p1a: YES|160\/301|[from] item: Life Orb
|move|p2a: Ferrothorn|Power Whip|p1a: YES
|-resisted|p1a: YES
|-damage|p1a: YES|76\/301
|
|-heal|p2a: Ferrothorn|261\/352|[from] item: Leftovers
|-damage|p1a: YES|39\/301|[from] Leech Seed|[of] p2a: Ferrothorn
|-heal|p2a: Ferrothorn|298\/352|[silent]
|turn|17
|
|switch|p1a: YES|Clefable, F, shiny|175\/394
|-damage|p1a: YES|126\/394|[from] Stealth Rock
|move|p2a: Ferrothorn|Leech Seed|p1a: YES
|-start|p1a: YES|move: Leech Seed
|
|-heal|p1a: YES|150\/394|[from] item: Leftovers
|-heal|p2a: Ferrothorn|320\/352|[from] item: Leftovers
|-damage|p1a: YES|101\/394|[from] Leech Seed|[of] p2a: Ferrothorn
|-heal|p2a: Ferrothorn|352\/352|[silent]
|turn|18
|
|move|p1a: YES|Moonlight|p1a: YES
|-heal|p1a: YES|298\/394
|move|p2a: Ferrothorn|Power Whip|p1a: YES
|-damage|p1a: YES|187\/394
|
|-heal|p1a: YES|211\/394|[from] item: Leftovers
|-damage|p1a: YES|162\/394|[from] Leech Seed|[of] p2a: Ferrothorn
|turn|19
|
|switch|p2a: Tyranitar|Tyranitar, M|62\/345
|-damage|p2a: Tyranitar|19\/345|[from] Stealth Rock
|-weather|Sandstorm
|move|p1a: YES|Moonlight|p1a: YES
|-heal|p1a: YES|260\/394
|
|-weather|Sandstorm|[upkeep]
|-damage|p1a: YES|236\/394|[from] sandstorm
|-heal|p1a: YES|260\/394|[from] item: Leftovers
|-damage|p1a: YES|211\/394|[from] Leech Seed|[of] p2a: Tyranitar
|-heal|p2a: Tyranitar|68\/345|[silent]
|turn|20
|
|move|p1a: YES|Moonblast|p2a: Tyranitar
|-supereffective|p2a: Tyranitar
|-damage|p2a: Tyranitar|0 fnt
|faint|p2a: Tyranitar
|
|-weather|Sandstorm|[upkeep]
|-damage|p1a: YES|187\/394|[from] sandstorm
|-heal|p1a: YES|211\/394|[from] item: Leftovers
|
|switch|p2a: Ferrothorn|Ferrothorn, F|352\/352
|-damage|p2a: Ferrothorn|330\/352|[from] Stealth Rock
|turn|21
|
|move|p1a: YES|Thunder Wave|p2a: Ferrothorn
|-status|p2a: Ferrothorn|par
|cant|p2a: Ferrothorn|par
|
|-weather|Sandstorm|[upkeep]
|-damage|p1a: YES|187\/394|[from] sandstorm
|-heal|p1a: YES|211\/394|[from] item: Leftovers
|-heal|p2a: Ferrothorn|352\/352 par|[from] item: Leftovers
|-damage|p1a: YES|162\/394|[from] Leech Seed|[of] p2a: Ferrothorn
|turn|22
|
|move|p1a: YES|Moonlight|p1a: YES
|-heal|p1a: YES|260\/394
|move|p2a: Ferrothorn|Power Whip|p1a: YES|[miss]
|-miss|p2a: Ferrothorn|p1a: YES
|
|-weather|Sandstorm|[upkeep]
|-damage|p1a: YES|236\/394|[from] sandstorm
|-heal|p1a: YES|260\/394|[from] item: Leftovers
|-damage|p1a: YES|211\/394|[from] Leech Seed|[of] p2a: Ferrothorn
|turn|23
|
|move|p1a: YES|Moonlight|p1a: YES
|-heal|p1a: YES|309\/394
|cant|p2a: Ferrothorn|par
|
|-weather|Sandstorm|[upkeep]
|-damage|p1a: YES|285\/394|[from] sandstorm
|-heal|p1a: YES|309\/394|[from] item: Leftovers
|-damage|p1a: YES|260\/394|[from] Leech Seed|[of] p2a: Ferrothorn
|turn|24
|
|move|p1a: YES|Moonlight|p1a: YES
|-heal|p1a: YES|358\/394
|move|p2a: Ferrothorn|Power Whip|p1a: YES
|-damage|p1a: YES|241\/394
|
|-weather|Sandstorm|[upkeep]
|-damage|p1a: YES|217\/394|[from] sandstorm
|-heal|p1a: YES|241\/394|[from] item: Leftovers
|-damage|p1a: YES|192\/394|[from] Leech Seed|[of] p2a: Ferrothorn
|turn|25
|
|move|p1a: YES|Moonlight|p1a: YES
|-heal|p1a: YES|290\/394
|move|p2a: Ferrothorn|Power Whip|p1a: YES|[miss]
|-miss|p2a: Ferrothorn|p1a: YES
|
|-weather|Sandstorm|[upkeep]
|-damage|p1a: YES|266\/394|[from] sandstorm
|-heal|p1a: YES|290\/394|[from] item: Leftovers
|-damage|p1a: YES|241\/394|[from] Leech Seed|[of] p2a: Ferrothorn
|turn|26
|c|âPandemoniumHeart|85 yeah right
|
|move|p1a: YES|Moonlight|p1a: YES
|-heal|p1a: YES|339\/394
|cant|p2a: Ferrothorn|par
|
|-weather|none
|-heal|p1a: YES|363\/394|[from] item: Leftovers
|-damage|p1a: YES|314\/394|[from] Leech Seed|[of] p2a: Ferrothorn
|turn|27
|c|âTheBlueSun|?
|c|âPandemoniumHeart|85% ccuracy
|c|âTheBlueSun|ya
|c|âPandemoniumHeart|the hax are real
|
|move|p1a: YES|Moonblast|p2a: Ferrothorn
|-resisted|p2a: Ferrothorn
|-damage|p2a: Ferrothorn|311\/352 par
|move|p2a: Ferrothorn|Stealth Rock|p1a: YES
|-fail|p1a: YES
|
|-heal|p1a: YES|338\/394|[from] item: Leftovers
|-heal|p2a: Ferrothorn|333\/352 par|[from] item: Leftovers
|-damage|p1a: YES|289\/394|[from] Leech Seed|[of] p2a: Ferrothorn
|-heal|p2a: Ferrothorn|352\/352 par|[silent]
|turn|28
|c|âTheBlueSun|it only slows down the process
|c|âPandemoniumHeart|true
|
|switch|p1a: YES|Latios, M|39\/301
|-damage|p1a: YES|2\/301|[from] Stealth Rock
|move|p2a: Ferrothorn|Leech Seed|p1a: YES
|-start|p1a: YES|move: Leech Seed
|
|-damage|p1a: YES|0 fnt|[from] Leech Seed|[of] p2a: Ferrothorn
|faint|p1a: YES
|
|switch|p1a: YES|Keldeo-Resolute|303\/323
|-damage|p1a: YES|283\/323|[from] Stealth Rock
|turn|29
|
|move|p1a: YES|Substitute|p1a: YES
|-start|p1a: YES|Substitute
|-damage|p1a: YES|203\/323
|move|p2a: Ferrothorn|Power Whip|p1a: YES
|-supereffective|p1a: YES
|-end|p1a: YES|Substitute
|
|-heal|p1a: YES|223\/323|[from] item: Leftovers
|turn|30
|
|move|p1a: YES|Substitute|p1a: YES
|-start|p1a: YES|Substitute
|-damage|p1a: YES|143\/323
|move|p2a: Ferrothorn|Power Whip|p1a: YES
|-supereffective|p1a: YES
|-end|p1a: YES|Substitute
|
|-heal|p1a: YES|163\/323|[from] item: Leftovers
|turn|31
|
|move|p1a: YES|Substitute|p1a: YES
|-start|p1a: YES|Substitute
|-damage|p1a: YES|83\/323
|move|p2a: Ferrothorn|Power Whip|p1a: YES|[miss]
|-miss|p2a: Ferrothorn|p1a: YES
|
|-heal|p1a: YES|103\/323|[from] item: Leftovers
|turn|32
|
|move|p1a: YES|Secret Sword|p2a: Ferrothorn
|-supereffective|p2a: Ferrothorn
|-damage|p2a: Ferrothorn|134\/352 par
|move|p2a: Ferrothorn|Power Whip|p1a: YES
|-supereffective|p1a: YES
|-end|p1a: YES|Substitute
|
|-heal|p1a: YES|123\/323|[from] item: Leftovers
|-heal|p2a: Ferrothorn|156\/352 par|[from] item: Leftovers
|turn|33
|
|move|p1a: YES|Secret Sword|p2a: Ferrothorn
|-supereffective|p2a: Ferrothorn
|-damage|p2a: Ferrothorn|0 fnt
|faint|p2a: Ferrothorn
|
|win|TheBlueSun
|raw|Ladder updating...
|c|âTheBlueSun|gg
|raw|TheBlueSun's rating: 1585 &rarr; <strong>1603<\/strong><br \/>(+18 for winning)
|raw|PandemoniumHeart's rating: 1541 &rarr; <strong>1523<\/strong><br \/>(-18 for losing)
|leave|PandemoniumHeart
|player|p2