|join|PandemoniumHeart
|join|Switch-Kun
|player|p1|PandemoniumHeart|1
|player|p2|Switch-Kun|266
|gametype|singles
|gen|6
|tier|OU
|rated
|clearpoke
|poke|p1|Ampharos, F
|poke|p1|Reuniclus, M
|poke|p1|Porygon2
|poke|p1|Scizor, F
|poke|p1|Honchkrow, F
|poke|p1|Azumarill, M
|poke|p2|Diggersby, F
|poke|p2|Dragonite, M
|poke|p2|Mawile, F
|poke|p2|Mandibuzz, F
|poke|p2|Venusaur, M
|poke|p2|Reuniclus, F
|rule|Sleep Clause Mod: Limit one foe put to sleep
|rule|Species Clause: Limit one of each Pokemon
|rule|OHKO Clause: OHKO moves are banned
|rule|Moody Clause: Moody is banned
|rule|Evasion Moves Clause: Evasion moves are banned
|rule|Endless Battle Clause: Forcing endless battles is banned.
|rule|HP Percentage Mod: HP is reported as percentages
|teampreview
|callback|decision
|
|start
|switch|p1a: Reuniclus|Reuniclus, M|409\/409
|switch|p2a: Diggersby|Diggersby, F|312\/312
|turn|1
|callback|decision
|
|move|p2a: Diggersby|U-turn|p1a: Reuniclus
|-supereffective|p1a: Reuniclus
|-damage|p1a: Reuniclus|11\/409
|callback|decision
|
|switch|p2a: Mandibuzz|Mandibuzz, F|424\/424
|move|p1a: Reuniclus|Trick Room|p1a: Reuniclus
|-fieldstart|move: Trick Room|[of] p1a: Reuniclus
|
|turn|2
|callback|decision
|
|move|p1a: Reuniclus|Focus Blast|p2a: Mandibuzz|[miss]
|-miss|p1a: Reuniclus|p2a: Mandibuzz
|move|p2a: Mandibuzz|Foul Play|p1a: Reuniclus
|-supereffective|p1a: Reuniclus
|-damage|p1a: Reuniclus|0 fnt
|faint|p1a: Reuniclus
|
|callback|decision
|
|switch|p1a: Ampharos|Ampharos, F|384\/384
|turn|3
|callback|decision
|
|-formechange|p1a: Ampharos|Ampharos-Mega
|message|Ampharos has Mega Evolved into Mega Ampharos!
|-ability|p1a: Ampharos|Mold Breaker
|move|p1a: Ampharos|Volt Switch|p2a: Mandibuzz
|-supereffective|p2a: Mandibuzz
|-damage|p2a: Mandibuzz|110\/424
|callback|decision
|
|switch|p1a: Scizor|Scizor, F|311\/311
|move|p2a: Mandibuzz|Toxic|p1a: Scizor
|-fail|p1a: Scizor
|
|-heal|p2a: Mandibuzz|136\/424|[from] item: Leftovers
|turn|4
|callback|decision
|
|move|p1a: Scizor|U-turn|p2a: Mandibuzz
|-damage|p2a: Mandibuzz|46\/424
|callback|decision
|
|switch|p1a: Ampharos|Ampharos, F|384\/384
|-formechange|p1a: Ampharos|Ampharos-Mega
|-ability|p1a: Ampharos|Mold Breaker
|move|p2a: Mandibuzz|Roost|p2a: Mandibuzz
|-heal|p2a: Mandibuzz|258\/424
|
|-heal|p2a: Mandibuzz|284\/424|[from] item: Leftovers
|turn|5
|callback|decision
|
|switch|p2a: Diggersby|Diggersby, F|312\/312
|move|p1a: Ampharos|Thunderbolt|p2a: Diggersby
|-immune|p2a: Diggersby|[msg]
|
|-fieldend|move: Trick Room
|turn|6
|callback|decision
|
|switch|p1a: Honchkrow|Honchkrow, F|404\/404
|move|p2a: Diggersby|Return|p1a: Honchkrow
|-damage|p1a: Honchkrow|0 fnt
|faint|p1a: Honchkrow
|
|callback|decision
|
|switch|p1a: Porygon2|Porygon2|374\/374
|-ability|p1a: Porygon2|Huge Power|[from] ability: Trace|[of] p2a: Diggersby
|turn|7
|callback|decision
|
|move|p2a: Diggersby|Return|p1a: Porygon2
|-damage|p1a: Porygon2|116\/374
|move|p1a: Porygon2|Trick Room|p1a: Porygon2
|-fieldstart|move: Trick Room|[of] p1a: Porygon2
|
|turn|8
|callback|decision
|
|move|p1a: Porygon2|Ice Beam|p2a: Diggersby
|-supereffective|p2a: Diggersby
|-damage|p2a: Diggersby|50\/312
|move|p2a: Diggersby|Return|p1a: Porygon2
|-damage|p1a: Porygon2|0 fnt
|faint|p1a: Porygon2
|
|callback|decision
|
|switch|p1a: Azumarill|Azumarill, M|404\/404
|turn|9
|callback|decision
|
|switch|p2a: Venusaur|Venusaur, M|364\/364
|move|p1a: Azumarill|Aqua Jet|p2a: Venusaur
|-resisted|p2a: Venusaur
|-damage|p2a: Venusaur|322\/364
|
|-heal|p2a: Venusaur|344\/364|[from] item: Black Sludge
|turn|10
|callback|decision
|
|switch|p1a: Scizor|Scizor, F|311\/311
|move|p2a: Venusaur|Leech Seed|p1a: Scizor
|-start|p1a: Scizor|move: Leech Seed
|
|-heal|p2a: Venusaur|364\/364|[from] item: Black Sludge
|-damage|p1a: Scizor|273\/311|[from] Leech Seed|[of] p2a: Venusaur
|turn|11
|callback|decision
|
|switch|p1a: Ampharos|Ampharos, F|384\/384
|-formechange|p1a: Ampharos|Ampharos-Mega
|-ability|p1a: Ampharos|Mold Breaker
|move|p2a: Venusaur|Giga Drain|p1a: Ampharos
|-resisted|p1a: Ampharos
|-damage|p1a: Ampharos|345\/384
|
|-fieldend|move: Trick Room
|turn|12
|callback|decision
|
|move|p2a: Venusaur|Leech Seed|p1a: Ampharos
|-start|p1a: Ampharos|move: Leech Seed
|move|p1a: Ampharos|Dragon Pulse|p2a: Venusaur
|-damage|p2a: Venusaur|220\/364
|
|-heal|p2a: Venusaur|242\/364|[from] item: Black Sludge
|-damage|p1a: Ampharos|297\/384|[from] Leech Seed|[of] p2a: Venusaur
|-heal|p2a: Venusaur|290\/364|[silent]
|turn|13
|callback|decision
|
|move|p2a: Venusaur|Sludge Bomb|p1a: Ampharos
|-crit|p1a: Ampharos
|-damage|p1a: Ampharos|146\/384
|move|p1a: Ampharos|Dragon Pulse|p2a: Venusaur
|-damage|p2a: Venusaur|146\/364
|
|-heal|p2a: Venusaur|168\/364|[from] item: Black Sludge
|-damage|p1a: Ampharos|98\/384|[from] Leech Seed|[of] p2a: Venusaur
|-heal|p2a: Venusaur|216\/364|[silent]
|turn|14
|callback|decision
|-message|PandemoniumHeart forfeited.
|
|win|Switch-Kun
|raw|Ladder updating...
|leave|PandemoniumHeart
|player|p1
|raw|PandemoniumHeart's rating: 1641 &rarr; <strong>1633<\/strong><br \/>(-8 for losing)
|raw|Switch-Kun's rating: 1469 &rarr; <strong>1534<\/strong><br \/>(+65 for winning)