|join|MarkiSparki
|join|BACONtators
|player|p1|MarkiSparki|281
|player|p2|BACONtators|153
|gametype|singles
|gen|6
|tier|UU
|rated
|rule|Sleep Clause Mod: Limit one foe put to sleep
|rule|Species Clause: Limit one of each PokÃ©mon
|rule|OHKO Clause: OHKO moves are banned
|rule|Moody Clause: Moody is banned
|rule|Evasion Moves Clause: Evasion moves are banned
|rule|Endless Battle Clause: Forcing endless battles is banned
|rule|HP Percentage Mod: HP is shown in percentages
|clearpoke
|poke|p1|Musharna, M
|poke|p1|Cloyster, F, shiny
|poke|p1|Chesnaught, M
|poke|p1|Empoleon, M
|poke|p1|Galvantula, F, shiny
|poke|p1|Sableye, M
|poke|p2|Jirachi
|poke|p2|Umbreon, F
|poke|p2|Nidoqueen, F
|poke|p2|Mienshao, M
|poke|p2|Blastoise, M
|poke|p2|Rotom-Heat
|rule|Swagger Clause: Swagger is banned
|rule|Baton Pass Clause: Limit one PokÃ©mon knowing Baton Pass
|teampreview
|
|start
|switch|p1a: Zombiris|Sableye, M|304\/304
|switch|p2a: Mienshao|Mienshao, M|271\/271
|turn|1
|
|switch|p2a: Umbreon|Umbreon, F|394\/394
|move|p1a: Zombiris|Will-O-Wisp|p2a: Umbreon
|-status|p2a: Umbreon|brn
|-status|p1a: Zombiris|brn
|
|-damage|p2a: Umbreon|345\/394 brn|[from] brn
|-damage|p1a: Zombiris|266\/304 brn|[from] brn
|turn|2
|
|move|p1a: Zombiris|Taunt|p2a: Umbreon
|-start|p2a: Umbreon|move: Taunt
|cant|p2a: Umbreon|move: Taunt|Wish
|
|-heal|p2a: Umbreon|369\/394 brn|[from] item: Leftovers
|-heal|p1a: Zombiris|285\/304 brn|[from] item: Leftovers
|-damage|p2a: Umbreon|320\/394 brn|[from] brn
|-damage|p1a: Zombiris|247\/304 brn|[from] brn
|turn|3
|
|switch|p1a: Happy Feet|Empoleon, M|372\/372
|move|p2a: Umbreon|Foul Play|p1a: Happy Feet
|-crit|p1a: Happy Feet
|-damage|p1a: Happy Feet|296\/372
|
|-heal|p2a: Umbreon|344\/394 brn|[from] item: Leftovers
|-heal|p1a: Happy Feet|319\/372|[from] item: Leftovers
|-damage|p2a: Umbreon|295\/394 brn|[from] brn
|turn|4
|
|switch|p2a: Blastoise|Blastoise, M|361\/361
|move|p1a: Happy Feet|Stealth Rock|p2a: Blastoise
|-sidestart|p2: BACONtators|move: Stealth Rock
|
|-heal|p1a: Happy Feet|342\/372|[from] item: Leftovers
|turn|5
|
|switch|p1a: Arachne|Galvantula, F, shiny|281\/281
|detailschange|p2a: Blastoise|Blastoise-Mega, M
|message|Blastoise has Mega Evolved into Mega Blastoise!
|move|p2a: Blastoise|Scald|p1a: Arachne
|-damage|p1a: Arachne|38\/281
|
|turn|6
|
|switch|p2a: Nidoqueen|Nidoqueen, F|383\/383
|-damage|p2a: Nidoqueen|360\/383|[from] Stealth Rock
|move|p1a: Arachne|Volt Switch|p2a: Nidoqueen
|-immune|p2a: Nidoqueen|[msg]
|
|-heal|p2a: Nidoqueen|383\/383|[from] item: Black Sludge
|turn|7
|
|switch|p1a: Zombiris|Sableye, M|247\/304 brn
|move|p2a: Nidoqueen|Stealth Rock|p1a: Zombiris
|-sidestart|p1: MarkiSparki|move: Stealth Rock
|
|-heal|p1a: Zombiris|266\/304 brn|[from] item: Leftovers
|-damage|p1a: Zombiris|228\/304 brn|[from] brn
|turn|8
|
|move|p1a: Zombiris|Foul Play|p2a: Nidoqueen
|-damage|p2a: Nidoqueen|347\/383
|move|p2a: Nidoqueen|Dragon Tail|p1a: Zombiris
|-damage|p1a: Zombiris|192\/304 brn
|drag|p1a: Arachne|Galvantula, F, shiny|38\/281
|-damage|p1a: Arachne|0 fnt|[from] Stealth Rock
|faint|p1a: Arachne
|
|-heal|p2a: Nidoqueen|370\/383|[from] item: Black Sludge
|
|switch|p1a: Happy Feet|Empoleon, M|342\/372
|-damage|p1a: Happy Feet|319\/372|[from] Stealth Rock
|turn|9
|
|switch|p2a: Blastoise|Blastoise-Mega, M|361\/361
|-damage|p2a: Blastoise|316\/361|[from] Stealth Rock
|move|p1a: Happy Feet|Defog|p2a: Blastoise
|-unboost|p2a: Blastoise|evasion|1
|-sideend|p2: BACONtators|Stealth Rock|[from] move: Defog|[of] p2a: Blastoise
|-sideend|p1: MarkiSparki|Stealth Rock|[from] move: Defog|[of] p1a: Happy Feet
|
|-heal|p1a: Happy Feet|342\/372|[from] item: Leftovers
|turn|10
|
|switch|p1a: Dreamer|Musharna, M|436\/436
|-activate|p1a: Dreamer|ability: Forewarn|Ice Beam|p2a: Blastoise
|move|p2a: Blastoise|Scald|p1a: Dreamer
|-damage|p1a: Dreamer|276\/436
|
|turn|11
|
|switch|p2a: Jirachi|Jirachi|341\/341
|move|p1a: Dreamer|Moonlight|p1a: Dreamer
|-heal|p1a: Dreamer|436\/436
|
|turn|12
|
|move|p2a: Jirachi|Doom Desire|p1a: Dreamer
|-start|p2a: Jirachi|Doom Desire
|move|p1a: Dreamer|Calm Mind|p1a: Dreamer
|-boost|p1a: Dreamer|spa|1
|-boost|p1a: Dreamer|spd|1
|
|turn|13
|
|switch|p2a: Umbreon|Umbreon, F|295\/394 brn
|move|p1a: Dreamer|Calm Mind|p1a: Dreamer
|-boost|p1a: Dreamer|spa|1
|-boost|p1a: Dreamer|spd|1
|
|-heal|p2a: Umbreon|319\/394 brn|[from] item: Leftovers
|-damage|p2a: Umbreon|270\/394 brn|[from] brn
|turn|14
|
|move|p2a: Umbreon|Foul Play|p1a: Dreamer
|-supereffective|p1a: Dreamer
|-damage|p1a: Dreamer|388\/436
|move|p1a: Dreamer|Calm Mind|p1a: Dreamer
|-boost|p1a: Dreamer|spa|1
|-boost|p1a: Dreamer|spd|1
|
|-message|Doom Desire hit! (placeholder)
|-damage|p1a: Dreamer|243\/436
|-heal|p2a: Umbreon|294\/394 brn|[from] item: Leftovers
|-damage|p2a: Umbreon|245\/394 brn|[from] brn
|turn|15
|
|switch|p2a: Rotom-Heat|Rotom-Heat|241\/241
|move|p1a: Dreamer|Moonlight|p1a: Dreamer
|-heal|p1a: Dreamer|436\/436
|
|turn|16
|
|move|p2a: Rotom-Heat|Trick|p1a: Dreamer
|-activate|p2a: Rotom-Heat|move: Trick|[of] p1a: Dreamer
|-item|p1a: Dreamer|Choice Scarf|[from] move: Trick
|move|p1a: Dreamer|Stored Power|p2a: Rotom-Heat
|-damage|p2a: Rotom-Heat|0 fnt
|faint|p2a: Rotom-Heat
|
|
|switch|p2a: Umbreon|Umbreon, F|245\/394 brn
|turn|17
|
|switch|p1a: Wrecking Ball|Cloyster, F, shiny|241\/241
|move|p2a: Umbreon|Wish|p2a: Umbreon
|
|-heal|p2a: Umbreon|269\/394 brn|[from] item: Leftovers
|-damage|p2a: Umbreon|220\/394 brn|[from] brn
|turn|18
|
|switch|p2a: Jirachi|Jirachi|341\/341
|move|p1a: Wrecking Ball|Shell Smash|p1a: Wrecking Ball
|-boost|p1a: Wrecking Ball|atk|2
|-boost|p1a: Wrecking Ball|spa|2
|-boost|p1a: Wrecking Ball|spe|2
|-unboost|p1a: Wrecking Ball|def|1
|-unboost|p1a: Wrecking Ball|spd|1
|
|turn|19
|
|move|p1a: Wrecking Ball|Surf|p2a: Jirachi
|-damage|p2a: Jirachi|157\/341
|move|p2a: Jirachi|Thunderbolt|p1a: Wrecking Ball
|-supereffective|p1a: Wrecking Ball
|-enditem|p1a: Wrecking Ball|Focus Sash
|-damage|p1a: Wrecking Ball|1\/241
|
|turn|20
|
|switch|p2a: Mienshao|Mienshao, M|271\/271
|move|p1a: Wrecking Ball|Surf|p2a: Mienshao
|-damage|p2a: Mienshao|16\/271
|
|turn|21
|
|switch|p1a: Zombiris|Sableye, M|192\/304 brn
|move|p2a: Mienshao|U-turn|p1a: Zombiris
|-damage|p1a: Zombiris|101\/304 brn
|-damage|p2a: Mienshao|0 fnt|[from] item: Life Orb
|faint|p2a: Mienshao
|
|-heal|p1a: Zombiris|120\/304 brn|[from] item: Leftovers
|-damage|p1a: Zombiris|82\/304 brn|[from] brn
|
|switch|p2a: Jirachi|Jirachi|157\/341
|turn|22
|
|move|p1a: Zombiris|Will-O-Wisp|p2a: Jirachi
|-status|p2a: Jirachi|brn
|move|p2a: Jirachi|Doom Desire|p1a: Zombiris
|-start|p2a: Jirachi|Doom Desire
|
|-heal|p1a: Zombiris|101\/304 brn|[from] item: Leftovers
|-damage|p2a: Jirachi|115\/341 brn|[from] brn
|-damage|p1a: Zombiris|63\/304 brn|[from] brn
|turn|23
|
|switch|p2a: Umbreon|Umbreon, F|220\/394 brn
|move|p1a: Zombiris|Taunt|p2a: Umbreon
|-start|p2a: Umbreon|move: Taunt
|
|-heal|p2a: Umbreon|244\/394 brn|[from] item: Leftovers
|-heal|p1a: Zombiris|82\/304 brn|[from] item: Leftovers
|-damage|p2a: Umbreon|195\/394 brn|[from] brn
|-damage|p1a: Zombiris|44\/304 brn|[from] brn
|turn|24
|
|move|p1a: Zombiris|Recover|p1a: Zombiris
|-heal|p1a: Zombiris|196\/304 brn
|move|p2a: Umbreon|Foul Play|p1a: Zombiris
|-damage|p1a: Zombiris|162\/304 brn
|
|-message|Doom Desire hit! (placeholder)
|-damage|p1a: Zombiris|0 fnt
|-heal|p2a: Umbreon|219\/394 brn|[from] item: Leftovers
|-damage|p2a: Umbreon|170\/394 brn|[from] brn
|faint|p1a: Zombiris
|
|switch|p1a: Hank the Tank|Chesnaught, M|380\/380
|turn|25
|
|switch|p2a: Nidoqueen|Nidoqueen, F|370\/383
|move|p1a: Hank the Tank|Hammer Arm|p2a: Nidoqueen
|-resisted|p2a: Nidoqueen
|-damage|p2a: Nidoqueen|317\/383
|-unboost|p1a: Hank the Tank|spe|1
|
|-heal|p2a: Nidoqueen|340\/383|[from] item: Black Sludge
|turn|26
|
|move|p2a: Nidoqueen|Stealth Rock|p1a: Hank the Tank
|-sidestart|p1: MarkiSparki|move: Stealth Rock
|move|p1a: Hank the Tank|Leech Seed|p2a: Nidoqueen
|-start|p2a: Nidoqueen|move: Leech Seed
|
|-heal|p2a: Nidoqueen|363\/383|[from] item: Black Sludge
|-damage|p2a: Nidoqueen|316\/383|[from] Leech Seed|[of] p1a: Hank the Tank
|turn|27
|
|move|p1a: Hank the Tank|Spiky Shield|p1a: Hank the Tank
|-singleturn|p1a: Hank the Tank|move: Protect
|move|p2a: Nidoqueen|Dragon Tail|p1a: Hank the Tank
|-activate|p1a: Hank the Tank|move: Protect
|-damage|p2a: Nidoqueen|269\/383|[from] Spiky Shield|[of] p1a: Hank the Tank
|
|-heal|p2a: Nidoqueen|292\/383|[from] item: Black Sludge
|-damage|p2a: Nidoqueen|245\/383|[from] Leech Seed|[of] p1a: Hank the Tank
|turn|28
|
|move|p1a: Hank the Tank|Hammer Arm|p2a: Nidoqueen
|-crit|p2a: Nidoqueen
|-resisted|p2a: Nidoqueen
|-damage|p2a: Nidoqueen|174\/383
|-unboost|p1a: Hank the Tank|spe|1
|move|p2a: Nidoqueen|Dragon Tail|p1a: Hank the Tank
|-damage|p1a: Hank the Tank|355\/380
|drag|p1a: Happy Feet|Empoleon, M|342\/372
|-damage|p1a: Happy Feet|319\/372|[from] Stealth Rock
|
|-heal|p2a: Nidoqueen|197\/383|[from] item: Black Sludge
|-heal|p1a: Happy Feet|342\/372|[from] item: Leftovers
|-damage|p2a: Nidoqueen|150\/383|[from] Leech Seed|[of] p1a: Happy Feet
|-heal|p1a: Happy Feet|372\/372|[silent]
|turn|29
|
|switch|p2a: Umbreon|Umbreon, F|170\/394 brn
|move|p1a: Happy Feet|Defog|p2a: Umbreon
|-unboost|p2a: Umbreon|evasion|1
|-sideend|p1: MarkiSparki|Stealth Rock|[from] move: Defog|[of] p1a: Happy Feet
|
|-heal|p2a: Umbreon|194\/394 brn|[from] item: Leftovers
|-damage|p2a: Umbreon|145\/394 brn|[from] brn
|turn|30
|
|move|p2a: Umbreon|Heal Bell|p2a: Umbreon
|-cureteam|p2a: Umbreon|[from] move: HealBell
|move|p1a: Happy Feet|Roar|p2a: Umbreon
|drag|p2a: Blastoise|Blastoise-Mega, M|316\/361
|
|turn|31
|
|move|p2a: Blastoise|Aura Sphere|p1a: Happy Feet
|-supereffective|p1a: Happy Feet
|-damage|p1a: Happy Feet|148\/372
|move|p1a: Happy Feet|Stealth Rock|p2a: Blastoise
|-sidestart|p2: BACONtators|move: Stealth Rock
|
|-heal|p1a: Happy Feet|171\/372|[from] item: Leftovers
|turn|32
|
|switch|p1a: Dreamer|Musharna, M|436\/436
|-activate|p1a: Dreamer|ability: Forewarn|Ice Beam|p2a: Blastoise
|move|p2a: Blastoise|Rapid Spin|p1a: Dreamer
|-damage|p1a: Dreamer|423\/436
|-sideend|p2: BACONtators|Stealth Rock|[from] move: Rapid Spin|[of] p2a: Blastoise
|
|turn|33
|
|switch|p2a: Umbreon|Umbreon, F|145\/394
|move|p1a: Dreamer|Calm Mind|p1a: Dreamer
|-boost|p1a: Dreamer|spa|1
|-boost|p1a: Dreamer|spd|1
|
|-heal|p2a: Umbreon|169\/394|[from] item: Leftovers
|turn|34
|
|switch|p1a: Hank the Tank|Chesnaught, M|355\/380
|move|p2a: Umbreon|Wish|p2a: Umbreon
|
|-heal|p2a: Umbreon|193\/394|[from] item: Leftovers
|-heal|p1a: Hank the Tank|378\/380|[from] item: Leftovers
|turn|35
|
|switch|p2a: Jirachi|Jirachi|115\/341
|move|p1a: Hank the Tank|Leech Seed|p2a: Jirachi
|-start|p2a: Jirachi|move: Leech Seed
|
|-heal|p2a: Jirachi|312\/341|[from] move: Wish|[wisher] Umbreon
|-heal|p1a: Hank the Tank|380\/380|[from] item: Leftovers
|-damage|p2a: Jirachi|270\/341|[from] Leech Seed|[of] p1a: Hank the Tank
|turn|36
|
|move|p2a: Jirachi|Doom Desire|p1a: Hank the Tank
|-start|p2a: Jirachi|Doom Desire
|move|p1a: Hank the Tank|Leech Seed|p2a: Jirachi|[miss]
|-miss|p1a: Hank the Tank|p2a: Jirachi
|
|-damage|p2a: Jirachi|228\/341|[from] Leech Seed|[of] p1a: Hank the Tank
|turn|37
|
|switch|p2a: Blastoise|Blastoise-Mega, M|316\/361
|move|p1a: Hank the Tank|Leech Seed|p2a: Blastoise
|-start|p2a: Blastoise|move: Leech Seed
|
|-damage|p2a: Blastoise|271\/361|[from] Leech Seed|[of] p1a: Hank the Tank
|turn|38
|
|move|p1a: Hank the Tank|Spiky Shield|p1a: Hank the Tank
|-singleturn|p1a: Hank the Tank|move: Protect
|move|p2a: Blastoise|Ice Beam|p1a: Hank the Tank
|-activate|p1a: Hank the Tank|move: Protect
|
|-message|Doom Desire hit! (placeholder)
|-damage|p1a: Hank the Tank|0 fnt
|faint|p1a: Hank the Tank
|
|switch|p1a: Wrecking Ball|Cloyster, F, shiny|1\/241
|turn|39
|
|move|p1a: Wrecking Ball|Rock Blast|p2a: Blastoise
|-damage|p2a: Blastoise|247\/361
|-damage|p2a: Blastoise|224\/361
|-damage|p2a: Blastoise|202\/361
|-damage|p2a: Blastoise|177\/361
|-crit|p2a: Blastoise
|-damage|p2a: Blastoise|144\/361
|-hitcount|p2a: Blastoise|5
|move|p2a: Blastoise|Rapid Spin|p1a: Wrecking Ball
|-damage|p1a: Wrecking Ball|0 fnt
|-end|p2a: Blastoise|Leech Seed|[from] move: Rapid Spin|[of] p2a: Blastoise
|faint|p1a: Wrecking Ball
|
|c|âBACONtators|rapid spin kill
|c|âBACONtators|=)
|
|switch|p1a: Dreamer|Musharna, M|423\/436
|-activate|p1a: Dreamer|ability: Forewarn|Ice Beam|p2a: Blastoise
|turn|40
|
|switch|p2a: Umbreon|Umbreon, F|193\/394
|move|p1a: Dreamer|Dazzling Gleam|p2a: Umbreon
|-supereffective|p2a: Umbreon
|-damage|p2a: Umbreon|119\/394
|
|-heal|p2a: Umbreon|143\/394|[from] item: Leftovers
|turn|41
|
|move|p2a: Umbreon|Wish|p2a: Umbreon
|move|p1a: Dreamer|Dazzling Gleam|p2a: Umbreon
|-supereffective|p2a: Umbreon
|-damage|p2a: Umbreon|63\/394
|
|-heal|p2a: Umbreon|87\/394|[from] item: Leftovers
|turn|42
|-message|MarkiSparki forfeited.
|
|win|BACONtators
|raw|Ladder updating...
|leave|MarkiSparki
|player|p1
|raw|MarkiSparki's rating: 1415 &rarr; <strong>1390<\/strong><br \/>(-25 for losing)
|raw|BACONtators's rating: 1319 &rarr; <strong>1344<\/strong><br \/>(+25 for winning)