|join|MarkiSparki
|join|Patrick1088
|player|p1|MarkiSparki|281
|player|p2|Patrick1088|170
|gametype|singles
|gen|6
|tier|UU
|rated
|rule|Sleep Clause Mod: Limit one foe put to sleep
|rule|Species Clause: Limit one of each PokÃ©mon
|rule|OHKO Clause: OHKO moves are banned
|rule|Moody Clause: Moody is banned
|rule|Evasion Moves Clause: Evasion moves are banned
|rule|Endless Battle Clause: Forcing endless battles is banned
|rule|HP Percentage Mod: HP is shown in percentages
|clearpoke
|poke|p1|Azelf
|poke|p1|Aerodactyl, M
|poke|p1|Donphan, M
|poke|p1|Tentacruel, F
|poke|p1|Arcanine, M
|poke|p1|Raikou
|poke|p2|Granbull, M
|poke|p2|Seismitoad, M
|poke|p2|Umbreon, M
|poke|p2|Crobat, F
|poke|p2|Escavalier, M
|poke|p2|Serperior, M
|rule|Swagger Clause: Swagger is banned
|rule|Baton Pass Clause: Limit one PokÃ©mon knowing Baton Pass
|teampreview
|
|start
|switch|p1a: Azelf|Azelf|291\/291
|switch|p2a: Escavalier|Escavalier, M|343\/343
|turn|1
|
|move|p1a: Azelf|Stealth Rock|p2a: Escavalier
|-sidestart|p2: Patrick1088|move: Stealth Rock
|move|p2a: Escavalier|Knock Off|p1a: Azelf
|-supereffective|p1a: Azelf
|-enditem|p1a: Azelf|Focus Sash
|-damage|p1a: Azelf|1\/291
|
|turn|2
|
|move|p1a: Azelf|Explosion|p2a: Escavalier
|-resisted|p2a: Escavalier
|-damage|p2a: Escavalier|205\/343
|faint|p1a: Azelf
|move|p2a: Escavalier|Knock Off|p1: Azelf|[notarget]
|-notarget
|
|
|switch|p1a: Arcanine|Arcanine, M|372\/372
|turn|3
|
|switch|p2a: Seismitoad|Seismitoad, M|413\/413
|-damage|p2a: Seismitoad|388\/413|[from] Stealth Rock
|move|p1a: Arcanine|Will-O-Wisp|p2a: Seismitoad
|-status|p2a: Seismitoad|brn
|
|-heal|p2a: Seismitoad|413\/413 brn|[from] item: Leftovers
|-damage|p2a: Seismitoad|362\/413 brn|[from] brn
|turn|4
|
|switch|p1a: Tentacruel|Tentacruel, F|361\/361
|move|p2a: Seismitoad|Knock Off|p1a: Tentacruel
|-damage|p1a: Tentacruel|312\/361
|-enditem|p1a: Tentacruel|Black Sludge|[from] move: Knock Off|[of] p2a: Seismitoad
|
|-heal|p2a: Seismitoad|387\/413 brn|[from] item: Leftovers
|-damage|p2a: Seismitoad|336\/413 brn|[from] brn
|turn|5
|
|switch|p2a: Crobat|Crobat, F|373\/373
|-damage|p2a: Crobat|280\/373|[from] Stealth Rock
|move|p1a: Tentacruel|Giga Drain|p2a: Crobat
|-resisted|p2a: Crobat
|-damage|p2a: Crobat|266\/373
|-heal|p1a: Tentacruel|319\/361|[from] drain|[of] p2a: Crobat
|
|-heal|p2a: Crobat|289\/373|[from] item: Black Sludge
|turn|6
|
|switch|p1a: Raikou|Raikou|321\/321
|-ability|p1a: Raikou|Pressure
|move|p2a: Crobat|Defog|p1a: Raikou
|-unboost|p1a: Raikou|evasion|1
|-sideend|p2: Patrick1088|Stealth Rock|[from] move: Defog|[of] p2a: Crobat
|
|-heal|p2a: Crobat|312\/373|[from] item: Black Sludge
|turn|7
|
|switch|p2a: Umbreon|Umbreon, M|394\/394
|move|p1a: Raikou|Hidden Power|p2a: Umbreon
|-damage|p2a: Umbreon|339\/394
|
|-heal|p2a: Umbreon|363\/394|[from] item: Leftovers
|turn|8
|
|switch|p1a: Aerodactyl|Aerodactyl, M|301\/301
|move|p2a: Umbreon|Heal Bell|p2a: Umbreon
|-cureteam|p2a: Umbreon|[from] move: HealBell
|
|-heal|p2a: Umbreon|387\/394|[from] item: Leftovers
|turn|9
|
|detailschange|p1a: Aerodactyl|Aerodactyl-Mega, M
|-mega|p1a: Aerodactyl|Aerodactyl|Aerodactylite
|move|p1a: Aerodactyl|Stone Edge|p2a: Umbreon
|-damage|p2a: Umbreon|216\/394
|move|p2a: Umbreon|Foul Play|p1a: Aerodactyl
|-damage|p1a: Aerodactyl|97\/301
|
|-heal|p2a: Umbreon|240\/394|[from] item: Leftovers
|turn|10
|-message|MarkiSparki forfeited.
|leave|MarkiSparki
|
|win|Patrick1088
|raw|Ladder updating...
|player|p1