|join|puwe
|join|Ptyra
|player|p1|puwe|1
|player|p2|Ptyra|266
|gametype|singles
|gen|6
|tier|OU
|rated
|clearpoke
|poke|p1|Landorus, M
|poke|p1|Tyranitar, F
|poke|p1|Keldeo
|poke|p1|Manectric, M
|poke|p1|Celebi
|poke|p1|Klefki, M
|poke|p2|Gallade, M
|poke|p2|Bisharp, F, shiny
|poke|p2|Clefable, F
|poke|p2|Gengar, M
|poke|p2|Rotom-Wash
|poke|p2|Landorus-Therian, M
|rule|Swagger Clause: Swagger is banned
|rule|Baton Pass Clause: Limit one PokÃ©mon knowing Baton Pass
|rule|Sleep Clause Mod: Limit one foe put to sleep
|rule|Species Clause: Limit one of each PokÃ©mon
|rule|OHKO Clause: OHKO moves are banned
|rule|Moody Clause: Moody is banned
|rule|Evasion Moves Clause: Evasion moves are banned
|rule|Endless Battle Clause: Forcing endless battles is banned
|rule|HP Percentage Mod: HP is shown in percentages
|teampreview
|
|start
|switch|p1a: Keldeo|Keldeo|323\/323
|switch|p2a: Landorus-Therian|Landorus-Therian, M|319\/319
|-ability|p2a: Landorus-Therian|Intimidate|[of] p1a: Keldeo
|-unboost|p1a: Keldeo|atk|1
|turn|1
|
|move|p2a: Landorus-Therian|U-turn|p1a: Keldeo
|-resisted|p1a: Keldeo
|-damage|p1a: Keldeo|277\/323
|
|switch|p2a: Rotom-Wash|Rotom-Wash|303\/303
|move|p1a: Keldeo|Scald|p2a: Rotom-Wash
|-resisted|p2a: Rotom-Wash
|-damage|p2a: Rotom-Wash|201\/303
|
|-heal|p2a: Rotom-Wash|219\/303|[from] item: Leftovers
|turn|2
|
|switch|p1a: Celebi|Celebi|404\/404
|move|p2a: Rotom-Wash|Pain Split|p1a: Celebi
|-sethp|p1a: Celebi|311\/404|p2a: Rotom-Wash|303\/303|[from] move: Pain Split
|
|-heal|p1a: Celebi|336\/404|[from] item: Leftovers
|turn|3
|
|switch|p2a: Clefable|Clefable, F|394\/394
|move|p1a: Celebi|Substitute|p1a: Celebi
|-start|p1a: Celebi|Substitute
|-damage|p1a: Celebi|235\/404
|
|-heal|p1a: Celebi|260\/404|[from] item: Leftovers
|turn|4
|
|move|p1a: Celebi|Baton Pass|p1a: Celebi
|
|switch|p1a: Landorus|Landorus, M|319\/319
|move|p2a: Clefable|Stealth Rock|p1a: Landorus
|-sidestart|p1: puwe|move: Stealth Rock
|
|turn|5
|
|move|p1a: Landorus|Earth Power|p2a: Clefable
|-damage|p2a: Clefable|180\/394
|move|p2a: Clefable|Moonblast|p1a: Landorus
|-end|p1a: Landorus|Substitute
|
|-heal|p2a: Clefable|204\/394|[from] item: Leftovers
|turn|6
|
|switch|p2a: Rotom-Wash|Rotom-Wash|303\/303
|move|p1a: Landorus|Psychic|p2a: Rotom-Wash
|-damage|p2a: Rotom-Wash|133\/303
|
|-heal|p2a: Rotom-Wash|151\/303|[from] item: Leftovers
|turn|7
|
|move|p1a: Landorus|Psychic|p2a: Rotom-Wash
|-damage|p2a: Rotom-Wash|4\/303
|move|p2a: Rotom-Wash|Hydro Pump|p1a: Landorus
|-supereffective|p1a: Landorus
|-damage|p1a: Landorus|0 fnt
|faint|p1a: Landorus
|
|-heal|p2a: Rotom-Wash|22\/303|[from] item: Leftovers
|
|switch|p1a: Celebi|Celebi|260\/404
|-damage|p1a: Celebi|210\/404|[from] Stealth Rock
|turn|8
|
|switch|p2a: Gengar|Gengar, M|259\/259
|move|p1a: Celebi|Giga Drain|p2a: Gengar
|-resisted|p2a: Gengar
|-damage|p2a: Gengar|203\/259
|-heal|p1a: Celebi|238\/404|[from] drain|[of] p2a: Gengar
|
|-heal|p1a: Celebi|263\/404|[from] item: Leftovers
|turn|9
|
|switch|p1a: Klefki|Klefki, M|317\/317
|-damage|p1a: Klefki|298\/317|[from] Stealth Rock
|move|p2a: Gengar|Shadow Ball|p1a: Klefki
|-damage|p1a: Klefki|158\/317
|-unboost|p1a: Klefki|spd|1
|-damage|p2a: Gengar|178\/259|[from] item: Life Orb
|
|-heal|p1a: Klefki|177\/317|[from] item: Leftovers
|turn|10
|
|switch|p2a: Landorus-Therian|Landorus-Therian, M|319\/319
|-ability|p2a: Landorus-Therian|Intimidate|[of] p1a: Klefki
|-unboost|p1a: Klefki|atk|1
|move|p1a: Klefki|Thunder Wave|p2a: Landorus-Therian
|-immune|p2a: Landorus-Therian|[msg]
|
|-heal|p1a: Klefki|196\/317|[from] item: Leftovers
|turn|11
|
|move|p1a: Klefki|Spikes|p2a: Landorus-Therian
|-sidestart|p2: Ptyra|Spikes
|move|p2a: Landorus-Therian|Earthquake|p1a: Klefki
|-supereffective|p1a: Klefki
|-damage|p1a: Klefki|0 fnt
|faint|p1a: Klefki
|
|
|switch|p1a: Celebi|Celebi|263\/404
|-damage|p1a: Celebi|213\/404|[from] Stealth Rock
|turn|12
|
|switch|p2a: Gallade|Gallade, M|278\/278
|-damage|p2a: Gallade|244\/278|[from] Spikes
|move|p1a: Celebi|Baton Pass|p1a: Celebi
|
|switch|p1a: Keldeo|Keldeo|277\/323
|-damage|p1a: Keldeo|257\/323|[from] Stealth Rock
|
|turn|13
|
|detailschange|p2a: Gallade|Gallade-Mega, M
|-mega|p2a: Gallade|Gallade|Galladite
|move|p1a: Keldeo|Hydro Pump|p2a: Gallade
|-damage|p2a: Gallade|0 fnt
|faint|p2a: Gallade
|
|
|switch|p2a: Landorus-Therian|Landorus-Therian, M|319\/319
|-ability|p2a: Landorus-Therian|Intimidate|[of] p1a: Keldeo
|-unboost|p1a: Keldeo|atk|1
|turn|14
|
|switch|p1a: Celebi|Celebi|213\/404
|-damage|p1a: Celebi|163\/404|[from] Stealth Rock
|move|p2a: Landorus-Therian|Earthquake|p1a: Celebi
|-resisted|p1a: Celebi
|-damage|p1a: Celebi|96\/404
|
|-heal|p1a: Celebi|121\/404|[from] item: Leftovers
|turn|15
|
|switch|p2a: Bisharp|Bisharp, F, shiny|271\/271
|-damage|p2a: Bisharp|238\/271|[from] Spikes
|move|p1a: Celebi|Giga Drain|p2a: Bisharp
|-resisted|p2a: Bisharp
|-damage|p2a: Bisharp|175\/271
|-heal|p1a: Celebi|153\/404|[from] drain|[of] p2a: Bisharp
|
|-heal|p1a: Celebi|178\/404|[from] item: Leftovers
|turn|16
|
|switch|p2a: Gengar|Gengar, M|178\/259
|switch|p1a: Tyranitar|Tyranitar, F|359\/359
|-damage|p1a: Tyranitar|315\/359|[from] Stealth Rock
|-weather|Sandstorm
|
|-weather|Sandstorm|[upkeep]
|-damage|p2a: Gengar|162\/259|[from] sandstorm
|turn|17
|
|move|p2a: Gengar|Focus Blast|p1a: Tyranitar|[miss]
|-miss|p2a: Gengar|p1a: Tyranitar
|move|p1a: Tyranitar|Pursuit|p2a: Gengar
|-supereffective|p2a: Gengar
|-damage|p2a: Gengar|0 fnt
|faint|p2a: Gengar
|
|-weather|Sandstorm|[upkeep]
|c|âPtyra|Haxx.
|c|âpuwe|indeed
|
|switch|p2a: Clefable|Clefable, F|204\/394
|turn|18
|
|move|p1a: Tyranitar|Stone Edge|p2a: Clefable|[miss]
|-miss|p1a: Tyranitar|p2a: Clefable
|move|p2a: Clefable|Soft-Boiled|p2a: Clefable
|-heal|p2a: Clefable|394\/394
|
|-weather|Sandstorm|[upkeep]
|turn|19
|
|move|p1a: Tyranitar|Stone Edge|p2a: Clefable
|-damage|p2a: Clefable|201\/394
|move|p2a: Clefable|Moonblast|p1a: Tyranitar
|-supereffective|p1a: Tyranitar
|-damage|p1a: Tyranitar|159\/359
|
|-weather|Sandstorm|[upkeep]
|-heal|p2a: Clefable|225\/394|[from] item: Leftovers
|turn|20
|
|move|p1a: Tyranitar|Stealth Rock|p2a: Clefable
|-sidestart|p2: Ptyra|move: Stealth Rock
|move|p2a: Clefable|Soft-Boiled|p2a: Clefable
|-heal|p2a: Clefable|394\/394
|
|-weather|none
|turn|21
|
|move|p1a: Tyranitar|Stone Edge|p2a: Clefable
|-damage|p2a: Clefable|177\/394
|move|p2a: Clefable|Moonblast|p1a: Tyranitar
|-supereffective|p1a: Tyranitar
|-damage|p1a: Tyranitar|0 fnt
|faint|p1a: Tyranitar
|
|-heal|p2a: Clefable|201\/394|[from] item: Leftovers
|
|switch|p1a: Keldeo|Keldeo|257\/323
|-damage|p1a: Keldeo|237\/323|[from] Stealth Rock
|turn|22
|
|switch|p2a: Rotom-Wash|Rotom-Wash|22\/303
|-damage|p2a: Rotom-Wash|0 fnt|[from] Stealth Rock
|faint|p2a: Rotom-Wash
|move|p1a: Keldeo|Hydro Pump|p2: Rotom-Wash|[notarget]
|-notarget
|
|
|switch|p2a: Landorus-Therian|Landorus-Therian, M|319\/319
|-damage|p2a: Landorus-Therian|280\/319|[from] Stealth Rock
|-ability|p2a: Landorus-Therian|Intimidate|[of] p1a: Keldeo
|-unboost|p1a: Keldeo|atk|1
|turn|23
|
|move|p2a: Landorus-Therian|Earthquake|p1a: Keldeo
|-damage|p1a: Keldeo|18\/323
|move|p1a: Keldeo|Hydro Pump|p2a: Landorus-Therian
|-supereffective|p2a: Landorus-Therian
|-damage|p2a: Landorus-Therian|0 fnt
|faint|p2a: Landorus-Therian
|
|c|âPtyra|Nooooo
|
|switch|p2a: Bisharp|Bisharp, F, shiny|175\/271
|-damage|p2a: Bisharp|142\/271|[from] Spikes
|-damage|p2a: Bisharp|126\/271|[from] Stealth Rock
|turn|24
|
|move|p2a: Bisharp|Sucker Punch|p1a: Keldeo
|-resisted|p1a: Keldeo
|-damage|p1a: Keldeo|0 fnt
|-damage|p2a: Bisharp|99\/271|[from] item: Life Orb
|faint|p1a: Keldeo
|
|
|switch|p1a: Manectric|Manectric, M|281\/281
|-damage|p1a: Manectric|246\/281|[from] Stealth Rock
|turn|25
|
|move|p2a: Bisharp|Sucker Punch|p1a: Manectric
|-damage|p1a: Manectric|0 fnt
|-damage|p2a: Bisharp|72\/271|[from] item: Life Orb
|faint|p1a: Manectric
|
|
|switch|p1a: Celebi|Celebi|178\/404
|-damage|p1a: Celebi|128\/404|[from] Stealth Rock
|turn|26
|c|âPtyra|GG
|c|âpuwe|gg
|
|move|p2a: Bisharp|Knock Off|p1a: Celebi
|-supereffective|p1a: Celebi
|-damage|p1a: Celebi|0 fnt
|-enditem|p1a: Celebi|Leftovers|[from] move: Knock Off|[of] p2a: Bisharp
|-damage|p2a: Bisharp|45\/271|[from] item: Life Orb
|faint|p1a: Celebi
|
|win|Ptyra
|raw|Ladder updating...
|raw|puwe's rating: 1362 &rarr; <strong>1346<\/strong><br \/>(-16 for losing)
|raw|Ptyra's rating: 1442 &rarr; <strong>1458<\/strong><br \/>(+16 for winning)
|leave|puwe
|player|p1