|join|TCBB
|join|Mega-Luc
|player|p1|TCBB|266
|player|p2|Mega-Luc|1
|gametype|singles
|gen|6
|tier|OU
|rated
|clearpoke
|poke|p1|Medicham, M
|poke|p1|Rotom-Wash
|poke|p1|Talonflame, F
|poke|p1|Hippowdon, M
|poke|p1|Latias, F
|poke|p1|Garchomp, M
|poke|p2|Mamoswine, F
|poke|p2|Greninja, F
|poke|p2|Latios, M
|poke|p2|Mawile, F, shiny
|poke|p2|Landorus-Therian, M
|poke|p2|Bisharp, M
|rule|Swagger Clause: Swagger is banned
|rule|Baton Pass Clause: Limit one PokÃ©mon knowing Baton Pass
|rule|Sleep Clause Mod: Limit one foe put to sleep
|rule|Species Clause: Limit one of each PokÃ©mon
|rule|OHKO Clause: OHKO moves are banned
|rule|Moody Clause: Moody is banned
|rule|Evasion Moves Clause: Evasion moves are banned
|rule|Endless Battle Clause: Forcing endless battles is banned
|rule|HP Percentage Mod: HP is shown in percentages
|teampreview
|
|start
|switch|p1a: Medicham|Medicham, M|261\/261
|switch|p2a: Landorus-Therian|Landorus-Therian, M|320\/320
|-ability|p2a: Landorus-Therian|Intimidate|[of] p1a: Medicham
|-unboost|p1a: Medicham|atk|1
|turn|1
|
|detailschange|p1a: Medicham|Medicham-Mega, M
|message|Medicham has Mega Evolved into Mega Medicham!
|move|p1a: Medicham|Fake Out|p2a: Landorus-Therian
|-crit|p2a: Landorus-Therian
|-damage|p2a: Landorus-Therian|183\/320
|cant|p2a: Landorus-Therian|flinch
|
|turn|2
|
|switch|p1a: Hippowdon|Hippowdon, M|417\/417
|-weather|Sandstorm
|move|p2a: Landorus-Therian|U-turn|p1a: Hippowdon
|-damage|p1a: Hippowdon|359\/417
|
|switch|p2a: Mamoswine|Mamoswine, F|361\/361
|
|-weather|Sandstorm|[upkeep]
|-heal|p1a: Hippowdon|385\/417|[from] item: Leftovers
|turn|3
|
|switch|p1a: Rotom-Wash|Rotom-Wash|303\/303
|move|p2a: Mamoswine|Stealth Rock|p1a: Rotom-Wash
|-sidestart|p1: TCBB|move: Stealth Rock
|
|-weather|Sandstorm|[upkeep]
|-damage|p1a: Rotom-Wash|285\/303|[from] sandstorm
|-heal|p1a: Rotom-Wash|303\/303|[from] item: Leftovers
|turn|4
|
|switch|p2a: Latios|Latios, M|302\/302
|move|p1a: Rotom-Wash|Volt Switch|p2a: Latios
|-resisted|p2a: Latios
|-damage|p2a: Latios|266\/302
|
|switch|p1a: Garchomp|Garchomp, M|357\/357
|-damage|p1a: Garchomp|335\/357|[from] Stealth Rock
|
|-weather|Sandstorm|[upkeep]
|-damage|p2a: Latios|248\/302|[from] sandstorm
|turn|5
|
|switch|p2a: Mawile|Mawile, F, shiny|242\/242
|-ability|p2a: Mawile|Intimidate|[of] p1a: Garchomp
|-unboost|p1a: Garchomp|atk|1
|move|p1a: Garchomp|Dragon Claw|p2a: Mawile
|-immune|p2a: Mawile|[msg]
|
|-weather|Sandstorm|[upkeep]
|turn|6
|
|switch|p1a: Hippowdon|Hippowdon, M|385\/417
|-damage|p1a: Hippowdon|359\/417|[from] Stealth Rock
|detailschange|p2a: Mawile|Mawile-Mega, F, shiny
|message|Mawile has Mega Evolved into Mega Mawile!
|move|p2a: Mawile|Play Rough|p1a: Hippowdon
|-damage|p1a: Hippowdon|173\/417
|
|-weather|none
|-heal|p1a: Hippowdon|199\/417|[from] item: Leftovers
|turn|7
|
|switch|p2a: Latios|Latios, M|248\/302
|move|p1a: Hippowdon|Slack Off|p1a: Hippowdon
|-heal|p1a: Hippowdon|408\/417
|
|-heal|p1a: Hippowdon|417\/417|[from] item: Leftovers
|turn|8
|
|move|p2a: Latios|Draco Meteor|p1a: Hippowdon
|-damage|p1a: Hippowdon|66\/417
|-unboost|p2a: Latios|spa|2
|-damage|p2a: Latios|218\/302|[from] item: Life Orb
|move|p1a: Hippowdon|Slack Off|p1a: Hippowdon
|-heal|p1a: Hippowdon|275\/417
|
|-heal|p1a: Hippowdon|301\/417|[from] item: Leftovers
|turn|9
|
|move|p2a: Latios|Draco Meteor|p1a: Hippowdon|[miss]
|-miss|p2a: Latios|p1a: Hippowdon
|move|p1a: Hippowdon|Earthquake|p2a: Latios
|-immune|p2a: Latios|[msg]
|
|-heal|p1a: Hippowdon|327\/417|[from] item: Leftovers
|turn|10
|
|switch|p2a: Mamoswine|Mamoswine, F|361\/361
|move|p1a: Hippowdon|Slack Off|p1a: Hippowdon
|-heal|p1a: Hippowdon|417\/417
|
|turn|11
|
|switch|p2a: Latios|Latios, M|218\/302
|switch|p1a: Rotom-Wash|Rotom-Wash|303\/303
|-damage|p1a: Rotom-Wash|266\/303|[from] Stealth Rock
|
|-heal|p1a: Rotom-Wash|284\/303|[from] item: Leftovers
|turn|12
|
|switch|p1a: Talonflame|Talonflame, F|319\/319
|-damage|p1a: Talonflame|160\/319|[from] Stealth Rock
|move|p2a: Latios|Psyshock|p1a: Talonflame
|-damage|p1a: Talonflame|0 fnt
|-damage|p2a: Latios|188\/302|[from] item: Life Orb
|faint|p1a: Talonflame
|
|
|switch|p1a: Medicham|Medicham-Mega, M|261\/261
|-damage|p1a: Medicham|245\/261|[from] Stealth Rock
|turn|13
|
|switch|p2a: Landorus-Therian|Landorus-Therian, M|183\/320
|-ability|p2a: Landorus-Therian|Intimidate|[of] p1a: Medicham
|-unboost|p1a: Medicham|atk|1
|move|p1a: Medicham|High Jump Kick|p2a: Landorus-Therian
|-resisted|p2a: Landorus-Therian
|-damage|p2a: Landorus-Therian|42\/320
|
|turn|14
|
|switch|p1a: Rotom-Wash|Rotom-Wash|284\/303
|-damage|p1a: Rotom-Wash|247\/303|[from] Stealth Rock
|move|p2a: Landorus-Therian|Explosion|p1a: Rotom-Wash
|-damage|p1a: Rotom-Wash|1\/303
|faint|p2a: Landorus-Therian
|
|-heal|p1a: Rotom-Wash|19\/303|[from] item: Leftovers
|
|switch|p2a: Latios|Latios, M|188\/302
|turn|15
|
|move|p2a: Latios|Psyshock|p1a: Rotom-Wash
|-damage|p1a: Rotom-Wash|0 fnt
|-damage|p2a: Latios|158\/302|[from] item: Life Orb
|faint|p1a: Rotom-Wash
|
|
|switch|p1a: Garchomp|Garchomp, M|335\/357
|-damage|p1a: Garchomp|313\/357|[from] Stealth Rock
|turn|16
|
|move|p1a: Garchomp|Earthquake|p2a: Latios
|-immune|p2a: Latios|[msg]
|move|p2a: Latios|Draco Meteor|p1a: Garchomp
|-supereffective|p1a: Garchomp
|-damage|p1a: Garchomp|0 fnt
|-unboost|p2a: Latios|spa|2
|-damage|p2a: Latios|128\/302|[from] item: Life Orb
|faint|p1a: Garchomp
|
|-message|TCBB forfeited.
|
|win|Mega-Luc
|raw|Ladder updating...
|leave|TCBB
|player|p1
|raw|TCBB's rating: 1707 &rarr; <strong>1689<\/strong><br \/>(-18 for losing)
|raw|Mega-Luc's rating: 1734 &rarr; <strong>1753<\/strong><br \/>(+19 for winning)