|join|LT5A Rosum
|join|TCBB
|player|p1|LT5A Rosum|129
|player|p2|TCBB|157
|gametype|singles
|gen|6
|tier|OU
|rated
|clearpoke
|poke|p1|Landorus, M
|poke|p1|Keldeo
|poke|p1|Tyranitar, M
|poke|p1|Scizor, F
|poke|p1|Latios, M
|poke|p1|Thundurus, M
|poke|p2|Scizor, M
|poke|p2|Garchomp, M
|poke|p2|Keldeo
|poke|p2|Raikou, shiny
|poke|p2|Landorus-Therian, M
|poke|p2|Gengar, M, shiny
|rule|Swagger Clause: Swagger is banned
|rule|Baton Pass Clause: Limit one PokÃ©mon knowing Baton Pass
|rule|Sleep Clause Mod: Limit one foe put to sleep
|rule|Species Clause: Limit one of each PokÃ©mon
|rule|OHKO Clause: OHKO moves are banned
|rule|Moody Clause: Moody is banned
|rule|Evasion Moves Clause: Evasion moves are banned
|rule|Endless Battle Clause: Forcing endless battles is banned
|rule|HP Percentage Mod: HP is shown in percentages
|teampreview
|
|start
|switch|p1a: Keldeo|Keldeo|323\/323
|switch|p2a: Garchomp|Garchomp, M|357\/357
|turn|1
|
|move|p1a: Keldeo|Scald|p2a: Garchomp
|-damage|p2a: Garchomp|188\/357
|-status|p2a: Garchomp|brn
|move|p2a: Garchomp|Stealth Rock|p1a: Keldeo
|-sidestart|p1: LT5A Rosum|move: Stealth Rock
|
|-damage|p2a: Garchomp|144\/357 brn|[from] brn
|turn|2
|
|move|p1a: Keldeo|Scald|p2a: Garchomp
|-damage|p2a: Garchomp|0 fnt
|faint|p2a: Garchomp
|
|
|switch|p2a: Raikou|Raikou, shiny|321\/321
|-ability|p2a: Raikou|Pressure
|turn|3
|
|switch|p1a: Landorus|Landorus, M|319\/319
|-damage|p1a: Landorus|280\/319|[from] Stealth Rock
|move|p2a: Raikou|Thunderbolt|p1a: Landorus
|-immune|p1a: Landorus|[msg]
|
|turn|4
|
|move|p2a: Raikou|Hidden Power|p1a: Landorus
|-supereffective|p1a: Landorus
|-damage|p1a: Landorus|0 fnt
|faint|p1a: Landorus
|
|
|switch|p1a: Latios|Latios, M|301\/301
|-damage|p1a: Latios|264\/301|[from] Stealth Rock
|turn|5
|
|move|p2a: Raikou|Shadow Ball|p1a: Latios
|-supereffective|p1a: Latios
|-damage|p1a: Latios|90\/301
|move|p1a: Latios|Defog|p2a: Raikou
|-unboost|p2a: Raikou|evasion|1
|-sideend|p1: LT5A Rosum|Stealth Rock|[from] move: Defog|[of] p1a: Latios
|
|turn|6
|
|switch|p1a: Tyranitar|Tyranitar, M|404\/404
|-weather|Sandstorm
|move|p2a: Raikou|Shadow Ball|p1a: Tyranitar
|-resisted|p1a: Tyranitar
|-damage|p1a: Tyranitar|375\/404
|
|-weather|Sandstorm|[upkeep]
|-damage|p2a: Raikou|301\/321|[from] sandstorm
|-heal|p1a: Tyranitar|400\/404|[from] item: Leftovers
|turn|7
|
|move|p2a: Raikou|Volt Switch|p1a: Tyranitar
|-damage|p1a: Tyranitar|316\/404
|
|switch|p2a: Keldeo|Keldeo|322\/322
|move|p1a: Tyranitar|Stealth Rock|p2a: Keldeo
|-sidestart|p2: TCBB|move: Stealth Rock
|
|-weather|Sandstorm|[upkeep]
|-damage|p2a: Keldeo|302\/322|[from] sandstorm
|-heal|p1a: Tyranitar|341\/404|[from] item: Leftovers
|turn|8
|
|switch|p1a: Thundurus|Thundurus, M|299\/299
|move|p2a: Keldeo|Secret Sword|p1a: Thundurus
|-resisted|p1a: Thundurus
|-damage|p1a: Thundurus|133\/299
|
|-weather|Sandstorm|[upkeep]
|-damage|p1a: Thundurus|115\/299|[from] sandstorm
|-damage|p2a: Keldeo|282\/322|[from] sandstorm
|turn|9
|
|switch|p2a: Landorus-Therian|Landorus-Therian, M|353\/353
|-damage|p2a: Landorus-Therian|309\/353|[from] Stealth Rock
|-ability|p2a: Landorus-Therian|Intimidate|[of] p1a: Thundurus
|-unboost|p1a: Thundurus|atk|1
|move|p1a: Thundurus|Knock Off|p2a: Landorus-Therian
|-damage|p2a: Landorus-Therian|230\/353
|-enditem|p2a: Landorus-Therian|Choice Scarf|[from] move: Knock Off|[of] p1a: Thundurus
|-damage|p1a: Thundurus|86\/299|[from] item: Life Orb
|
|-weather|Sandstorm|[upkeep]
|-damage|p1a: Thundurus|68\/299|[from] sandstorm
|turn|10
|
|move|p1a: Thundurus|Hidden Power|p2a: Landorus-Therian
|-supereffective|p2a: Landorus-Therian
|-damage|p2a: Landorus-Therian|0 fnt
|-damage|p1a: Thundurus|39\/299|[from] item: Life Orb
|faint|p2a: Landorus-Therian
|
|-weather|none
|
|switch|p2a: Scizor|Scizor, M|281\/281
|-damage|p2a: Scizor|246\/281|[from] Stealth Rock
|turn|11
|
|switch|p1a: Keldeo|Keldeo|323\/323
|detailschange|p2a: Scizor|Scizor-Mega, M
|message|Scizor has Mega Evolved into Mega Scizor!
|move|p2a: Scizor|Bullet Punch|p1a: Keldeo
|-resisted|p1a: Keldeo
|-damage|p1a: Keldeo|248\/323
|
|-heal|p1a: Keldeo|268\/323|[from] item: Leftovers
|turn|12
|
|move|p1a: Keldeo|Substitute|p1a: Keldeo
|-start|p1a: Keldeo|Substitute
|-damage|p1a: Keldeo|188\/323
|move|p2a: Scizor|Swords Dance|p2a: Scizor
|-boost|p2a: Scizor|atk|2
|
|-heal|p1a: Keldeo|208\/323|[from] item: Leftovers
|turn|13
|
|move|p2a: Scizor|Bullet Punch|p1a: Keldeo
|-resisted|p1a: Keldeo
|-end|p1a: Keldeo|Substitute
|move|p1a: Keldeo|Scald|p2a: Scizor
|-damage|p2a: Scizor|98\/281
|
|-heal|p1a: Keldeo|228\/323|[from] item: Leftovers
|turn|14
|
|move|p2a: Scizor|Bullet Punch|p1a: Keldeo
|-resisted|p1a: Keldeo
|-damage|p1a: Keldeo|77\/323
|move|p1a: Keldeo|Scald|p2a: Scizor
|-damage|p2a: Scizor|0 fnt
|faint|p2a: Scizor
|
|-heal|p1a: Keldeo|97\/323|[from] item: Leftovers
|
|switch|p2a: Gengar|Gengar, M, shiny|261\/261
|-damage|p2a: Gengar|229\/261|[from] Stealth Rock
|turn|15
|
|move|p2a: Gengar|Shadow Ball|p1a: Keldeo
|-damage|p1a: Keldeo|0 fnt
|-damage|p2a: Gengar|203\/261|[from] item: Life Orb
|faint|p1a: Keldeo
|
|
|switch|p1a: Tyranitar|Tyranitar, M|341\/404
|-weather|Sandstorm
|turn|16
|
|move|p2a: Gengar|Focus Blast|p1a: Tyranitar
|-supereffective|p1a: Tyranitar
|-damage|p1a: Tyranitar|0 fnt
|-damage|p2a: Gengar|177\/261|[from] item: Life Orb
|faint|p1a: Tyranitar
|
|-weather|Sandstorm|[upkeep]
|-damage|p2a: Gengar|161\/261|[from] sandstorm
|
|switch|p1a: Scizor|Scizor, F|343\/343
|turn|17
|
|detailschange|p1a: Scizor|Scizor-Mega, F
|message|Scizor has Mega Evolved into Mega Scizor!
|move|p2a: Gengar|Shadow Ball|p1a: Scizor
|-damage|p1a: Scizor|179\/343
|-damage|p2a: Gengar|135\/261|[from] item: Life Orb
|move|p1a: Scizor|Swords Dance|p1a: Scizor
|-boost|p1a: Scizor|atk|2
|
|-weather|Sandstorm|[upkeep]
|-damage|p2a: Gengar|119\/261|[from] sandstorm
|turn|18
|
|move|p1a: Scizor|Bullet Punch|p2a: Gengar
|-damage|p2a: Gengar|0 fnt
|faint|p2a: Gengar
|
|-weather|Sandstorm|[upkeep]
|
|switch|p2a: Keldeo|Keldeo|282\/322
|-damage|p2a: Keldeo|262\/322|[from] Stealth Rock
|turn|19
|
|switch|p1a: Thundurus|Thundurus, M|39\/299
|move|p2a: Keldeo|Scald|p1a: Thundurus
|-damage|p1a: Thundurus|0 fnt
|faint|p1a: Thundurus
|
|-weather|Sandstorm|[upkeep]
|-damage|p2a: Keldeo|242\/322|[from] sandstorm
|
|switch|p1a: Latios|Latios, M|90\/301
|turn|20
|
|move|p1a: Latios|Roost|p1a: Latios
|-heal|p1a: Latios|241\/301
|move|p2a: Keldeo|Scald|p1a: Latios
|-resisted|p1a: Latios
|-damage|p1a: Latios|139\/301
|
|-weather|none
|turn|21
|
|move|p1a: Latios|Roost|p1a: Latios
|-heal|p1a: Latios|290\/301
|move|p2a: Keldeo|Scald|p1a: Latios
|-resisted|p1a: Latios
|-damage|p1a: Latios|194\/301
|
|turn|22
|
|move|p1a: Latios|Psyshock|p2a: Keldeo
|-supereffective|p2a: Keldeo
|-damage|p2a: Keldeo|0 fnt
|-damage|p1a: Latios|164\/301|[from] item: Life Orb
|faint|p2a: Keldeo
|
|
|switch|p2a: Raikou|Raikou, shiny|301\/321
|-damage|p2a: Raikou|261\/321|[from] Stealth Rock
|-ability|p2a: Raikou|Pressure
|turn|23
|
|move|p2a: Raikou|Shadow Ball|p1a: Latios
|-supereffective|p1a: Latios
|-damage|p1a: Latios|0 fnt
|faint|p1a: Latios
|
|
|switch|p1a: Scizor|Scizor-Mega, F|179\/343
|turn|24
|
|move|p2a: Raikou|Thunderbolt|p1a: Scizor
|-damage|p1a: Scizor|41\/343
|move|p1a: Scizor|Roost|p1a: Scizor
|-heal|p1a: Scizor|213\/343
|
|turn|25
|
|move|p2a: Raikou|Thunderbolt|p1a: Scizor
|-damage|p1a: Scizor|83\/343
|-status|p1a: Scizor|par
|move|p1a: Scizor|Roost|p1a: Scizor
|-heal|p1a: Scizor|255\/343 par
|
|turn|26
|
|move|p2a: Raikou|Thunderbolt|p1a: Scizor
|-damage|p1a: Scizor|132\/343 par
|cant|p1a: Scizor|par
|
|turn|27
|
|move|p2a: Raikou|Thunderbolt|p1a: Scizor
|-damage|p1a: Scizor|3\/343 par
|move|p1a: Scizor|Roost|p1a: Scizor
|-heal|p1a: Scizor|175\/343 par
|
|turn|28
|
|move|p2a: Raikou|Thunderbolt|p1a: Scizor
|-damage|p1a: Scizor|42\/343 par
|move|p1a: Scizor|Roost|p1a: Scizor
|-heal|p1a: Scizor|214\/343 par
|
|turn|29
|
|move|p2a: Raikou|Thunderbolt|p1a: Scizor
|-damage|p1a: Scizor|85\/343 par
|cant|p1a: Scizor|par
|
|turn|30
|
|move|p1a: Scizor|Bullet Punch|p2a: Raikou
|-resisted|p2a: Raikou
|-damage|p2a: Raikou|189\/321
|move|p2a: Raikou|Thunderbolt|p1a: Scizor
|-damage|p1a: Scizor|0 fnt
|faint|p1a: Scizor
|
|win|TCBB
|raw|Ladder updating...
|raw|LT5A Rosum's rating: 1773 &rarr; <strong>1749<\/strong><br \/>(-24 for losing)
|raw|TCBB's rating: 1698 &rarr; <strong>1722<\/strong><br \/>(+24 for winning)
|leave|TCBB
|player|p2
|c|âLT5A Rosum|i thought it was suppoused to be 1\/10
|join|TCBB