|join|Haros21
|join|TCBB
|player|p1|Haros21|76
|player|p2|TCBB|157
|gametype|singles
|gen|6
|tier|OU
|rated
|clearpoke
|poke|p1|Gardevoir, M
|poke|p1|Dugtrio, F
|poke|p1|Magnezone
|poke|p1|Azumarill, M
|poke|p1|Thundurus, M
|poke|p1|Garchomp, M
|poke|p2|Talonflame, F
|poke|p2|Pinsir, M, shiny
|poke|p2|Excadrill, M
|poke|p2|Terrakion
|poke|p2|Keldeo
|poke|p2|Thundurus, M
|rule|Swagger Clause: Swagger is banned
|rule|Baton Pass Clause: Limit one PokÃ©mon knowing Baton Pass
|rule|Sleep Clause Mod: Limit one foe put to sleep
|rule|Species Clause: Limit one of each PokÃ©mon
|rule|OHKO Clause: OHKO moves are banned
|rule|Moody Clause: Moody is banned
|rule|Evasion Moves Clause: Evasion moves are banned
|rule|Endless Battle Clause: Forcing endless battles is banned
|rule|HP Percentage Mod: HP is reported as percentages
|teampreview
|
|start
|switch|p1a: Azumarill|Azumarill, M|342\/342
|switch|p2a: Terrakion|Terrakion|323\/323
|turn|1
|
|move|p2a: Terrakion|Stealth Rock|p1a: Azumarill
|-sidestart|p1: Haros21|move: Stealth Rock
|move|p1a: Azumarill|Waterfall|p2a: Terrakion
|-supereffective|p2a: Terrakion
|-enditem|p2a: Terrakion|Focus Sash
|-damage|p2a: Terrakion|1\/323
|
|turn|2
|
|move|p1a: Azumarill|Aqua Jet|p2a: Terrakion
|-supereffective|p2a: Terrakion
|-damage|p2a: Terrakion|0 fnt
|faint|p2a: Terrakion
|
|
|switch|p2a: Thundurus|Thundurus, M|299\/299
|turn|3
|
|switch|p1a: Magnezone|Magnezone|320\/320
|-damage|p1a: Magnezone|300\/320|[from] Stealth Rock
|move|p2a: Thundurus|Hidden Power|p1a: Magnezone
|-resisted|p1a: Magnezone
|-damage|p1a: Magnezone|262\/320
|-damage|p2a: Thundurus|270\/299|[from] item: Life Orb
|
|turn|4
|
|switch|p2a: Excadrill|Excadrill, M|361\/361
|-ability|p2a: Excadrill|Mold Breaker
|move|p1a: Magnezone|Flash Cannon|p2a: Excadrill
|-resisted|p2a: Excadrill
|-damage|p2a: Excadrill|199\/361
|
|turn|5
|
|switch|p1a: Dugtrio|Dugtrio, F|212\/212
|-damage|p1a: Dugtrio|199\/212|[from] Stealth Rock
|move|p2a: Excadrill|Earthquake|p1a: Dugtrio
|-damage|p1a: Dugtrio|0 fnt
|faint|p1a: Dugtrio
|
|
|switch|p1a: Garchomp|Garchomp, M|357\/357
|-damage|p1a: Garchomp|335\/357|[from] Stealth Rock
|turn|6
|
|switch|p2a: Talonflame|Talonflame, F|297\/297
|move|p1a: Garchomp|Stealth Rock|p2a: Talonflame
|-sidestart|p2: TCBB|move: Stealth Rock
|
|turn|7
|
|move|p2a: Talonflame|U-turn|p1a: Garchomp
|-crit|p1a: Garchomp
|-damage|p1a: Garchomp|185\/357
|-damage|p2a: Talonflame|260\/297|[from] ability: Rough Skin|[of] p1a: Garchomp
|
|switch|p2a: Keldeo|Keldeo|322\/322
|-damage|p2a: Keldeo|302\/322|[from] Stealth Rock
|move|p1a: Garchomp|Outrage|p2a: Keldeo
|-crit|p2a: Keldeo
|-damage|p2a: Keldeo|0 fnt
|faint|p2a: Keldeo
|
|
|switch|p2a: Thundurus|Thundurus, M|270\/299
|-damage|p2a: Thundurus|196\/299|[from] Stealth Rock
|turn|8
|
|move|p2a: Thundurus|Hidden Power|p1a: Garchomp
|-supereffective|p1a: Garchomp
|-damage|p1a: Garchomp|0 fnt
|-damage|p2a: Thundurus|167\/299|[from] item: Life Orb
|faint|p1a: Garchomp
|
|
|switch|p1a: Magnezone|Magnezone|262\/320
|-damage|p1a: Magnezone|242\/320|[from] Stealth Rock
|turn|9
|
|switch|p2a: Pinsir|Pinsir, M, shiny|271\/271
|-damage|p2a: Pinsir|204\/271|[from] Stealth Rock
|move|p1a: Magnezone|Hidden Power|p2a: Pinsir
|-supereffective|p2a: Pinsir
|-damage|p2a: Pinsir|0 fnt
|faint|p2a: Pinsir
|
|
|switch|p2a: Talonflame|Talonflame, F|260\/297
|-damage|p2a: Talonflame|112\/297|[from] Stealth Rock
|turn|10
|
|switch|p1a: Gardevoir|Gardevoir, M|283\/283
|-damage|p1a: Gardevoir|248\/283|[from] Stealth Rock
|move|p2a: Talonflame|Flare Blitz|p1a: Gardevoir
|-damage|p1a: Gardevoir|0 fnt
|-damage|p2a: Talonflame|30\/297|[from] recoil|[of] p1a: Gardevoir
|faint|p1a: Gardevoir
|
|
|switch|p1a: Azumarill|Azumarill, M|342\/342
|-damage|p1a: Azumarill|300\/342|[from] Stealth Rock
|turn|11
|
|move|p1a: Azumarill|Aqua Jet|p2a: Talonflame
|-supereffective|p2a: Talonflame
|-damage|p2a: Talonflame|0 fnt
|faint|p2a: Talonflame
|
|
|switch|p2a: Thundurus|Thundurus, M|167\/299
|-damage|p2a: Thundurus|93\/299|[from] Stealth Rock
|turn|12
|
|move|p1a: Azumarill|Aqua Jet|p2a: Thundurus
|-damage|p2a: Thundurus|0 fnt
|faint|p2a: Thundurus
|
|-message|TCBB forfeited.
|
|win|Haros21
|raw|Ladder updating...
|leave|TCBB
|player|p2
|raw|Haros21's rating: 1700 &rarr; <strong>1722<\/strong><br \/>(+22 for winning)
|raw|TCBB's rating: 1734 &rarr; <strong>1712<\/strong><br \/>(-22 for losing)
|join|TCBB
|leave|Haros21