|join|TCBB
|join|Hachimaki98
|player|p1|TCBB|157
|player|p2|Hachimaki98|250
|gametype|singles
|gen|6
|tier|OU
|rated
|clearpoke
|poke|p1|Dragonite, M
|poke|p1|Garchomp, M, shiny
|poke|p1|Starmie, shiny
|poke|p1|Charizard, M
|poke|p1|Rotom-Wash
|poke|p1|Landorus-Therian, M
|poke|p2|Greninja, F, shiny
|poke|p2|Scizor, M, shiny
|poke|p2|Infernape, M
|poke|p2|Conkeldurr, F
|poke|p2|Bisharp, F
|poke|p2|Talonflame, F
|rule|Swagger Clause: Swagger is banned
|rule|Baton Pass Clause: Limit one PokÃ©mon knowing Baton Pass
|rule|Sleep Clause Mod: Limit one foe put to sleep
|rule|Species Clause: Limit one of each PokÃ©mon
|rule|OHKO Clause: OHKO moves are banned
|rule|Moody Clause: Moody is banned
|rule|Evasion Moves Clause: Evasion moves are banned
|rule|Endless Battle Clause: Forcing endless battles is banned
|rule|HP Percentage Mod: HP is shown in percentages
|teampreview
|
|start
|switch|p1a: Garchomp|Garchomp, M, shiny|357\/357
|switch|p2a: Aki|Infernape, M|293\/293
|turn|1
|
|move|p2a: Aki|Fake Out|p1a: Garchomp
|-damage|p1a: Garchomp|311\/357
|-damage|p2a: Aki|257\/293|[from] ability: Rough Skin|[of] p1a: Garchomp
|cant|p1a: Garchomp|flinch
|
|turn|2
|
|switch|p1a: Starmie|Starmie, shiny|261\/261
|move|p2a: Aki|Stealth Rock|p1a: Starmie
|-sidestart|p1: TCBB|move: Stealth Rock
|
|turn|3
|
|move|p1a: Starmie|Rapid Spin|p2a: Aki
|-damage|p2a: Aki|238\/293
|-sideend|p1: TCBB|Stealth Rock|[from] move: Rapid Spin|[of] p1a: Starmie
|-damage|p1a: Starmie|235\/261|[from] item: Life Orb
|move|p2a: Aki|Overheat|p1a: Starmie
|-resisted|p1a: Starmie
|-damage|p1a: Starmie|139\/261
|-unboost|p2a: Aki|spa|2
|
|turn|4
|
|switch|p2a: Kurohime|Greninja, F, shiny|286\/286
|move|p1a: Starmie|Psyshock|p2a: Kurohime
|-immune|p2a: Kurohime|[msg]
|
|turn|5
|
|switch|p1a: Rotom-Wash|Rotom-Wash|303\/303
|move|p2a: Kurohime|Hidden Power|p1a: Rotom-Wash
|-start|p2a: Kurohime|typechange|Grass|[from] Protean
|-supereffective|p1a: Rotom-Wash
|-damage|p1a: Rotom-Wash|92\/303
|-damage|p2a: Kurohime|258\/286|[from] item: Life Orb
|
|-heal|p1a: Rotom-Wash|110\/303|[from] item: Leftovers
|turn|6
|
|switch|p1a: Landorus-Therian|Landorus-Therian, M|319\/319
|-ability|p1a: Landorus-Therian|Intimidate|[of] p2a: Kurohime
|-unboost|p2a: Kurohime|atk|1
|move|p2a: Kurohime|Hidden Power|p1a: Landorus-Therian
|-damage|p1a: Landorus-Therian|186\/319
|-damage|p2a: Kurohime|230\/286|[from] item: Life Orb
|
|turn|7
|
|switch|p2a: Aisaka|Talonflame, F|298\/298
|move|p1a: Landorus-Therian|U-turn|p2a: Aisaka
|-resisted|p2a: Aisaka
|-damage|p2a: Aisaka|267\/298
|
|switch|p1a: Charizard|Charizard, M|297\/297
|
|turn|8
|
|detailschange|p1a: Charizard|Charizard-Mega-X, M
|message|Charizard has Mega Evolved into Mega Charizard!
|move|p2a: Aisaka|Brave Bird|p1a: Charizard
|-damage|p1a: Charizard|69\/297
|-damage|p2a: Aisaka|192\/298|[from] recoil|[of] p1a: Charizard
|move|p1a: Charizard|Flare Blitz|p2a: Aisaka
|-resisted|p2a: Aisaka
|-damage|p2a: Aisaka|0 fnt
|-damage|p1a: Charizard|6\/297|[from] recoil|[of] p2a: Aisaka
|faint|p2a: Aisaka
|
|
|switch|p2a: Stein|Conkeldurr, F|401\/401
|turn|9
|
|move|p2a: Stein|Mach Punch|p1a: Charizard
|-damage|p1a: Charizard|0 fnt
|faint|p1a: Charizard
|
|
|switch|p1a: Garchomp|Garchomp, M, shiny|311\/357
|turn|10
|
|move|p1a: Garchomp|Stealth Rock|p2a: Stein
|-sidestart|p2: Hachimaki98|move: Stealth Rock
|move|p2a: Stein|Ice Punch|p1a: Garchomp
|-supereffective|p1a: Garchomp
|-damage|p1a: Garchomp|0 fnt
|-damage|p2a: Stein|351\/401|[from] ability: Rough Skin|[of] p1a: Garchomp
|faint|p1a: Garchomp
|
|
|switch|p1a: Starmie|Starmie, shiny|139\/261
|turn|11
|
|move|p1a: Starmie|Hydro Pump|p2a: Stein
|-damage|p2a: Stein|147\/401
|-damage|p1a: Starmie|113\/261|[from] item: Life Orb
|move|p2a: Stein|Knock Off|p1a: Starmie
|-supereffective|p1a: Starmie
|-damage|p1a: Starmie|0 fnt
|-enditem|p1a: Starmie|Life Orb|[from] move: Knock Off|[of] p2a: Stein
|faint|p1a: Starmie
|
|
|switch|p1a: Landorus-Therian|Landorus-Therian, M|186\/319
|-ability|p1a: Landorus-Therian|Intimidate|[of] p2a: Stein
|-unboost|p2a: Stein|atk|1
|turn|12
|
|move|p2a: Stein|Mach Punch|p1a: Landorus-Therian
|-resisted|p1a: Landorus-Therian
|-damage|p1a: Landorus-Therian|156\/319
|move|p1a: Landorus-Therian|Earthquake|p2a: Stein
|-damage|p2a: Stein|0 fnt
|faint|p2a: Stein
|
|
|switch|p2a: Masamune|Bisharp, F|272\/272
|-damage|p2a: Masamune|255\/272|[from] Stealth Rock
|turn|13
|
|switch|p1a: Rotom-Wash|Rotom-Wash|110\/303
|move|p2a: Masamune|Sucker Punch|p1a: Rotom-Wash
|-fail|p1a: Rotom-Wash
|
|-heal|p1a: Rotom-Wash|128\/303|[from] item: Leftovers
|turn|14
|
|move|p2a: Masamune|Knock Off|p1a: Rotom-Wash
|-damage|p1a: Rotom-Wash|0 fnt
|-enditem|p1a: Rotom-Wash|Leftovers|[from] move: Knock Off|[of] p2a: Masamune
|-damage|p2a: Masamune|228\/272|[from] item: Life Orb
|faint|p1a: Rotom-Wash
|
|
|switch|p1a: Dragonite|Dragonite, M|323\/323
|turn|15
|
|move|p1a: Dragonite|Dragon Dance|p1a: Dragonite
|-boost|p1a: Dragonite|atk|1
|-boost|p1a: Dragonite|spe|1
|move|p2a: Masamune|Knock Off|p1a: Dragonite
|-damage|p1a: Dragonite|194\/323
|-enditem|p1a: Dragonite|Lum Berry|[from] move: Knock Off|[of] p2a: Masamune
|-damage|p2a: Masamune|201\/272|[from] item: Life Orb
|
|turn|16
|
|move|p2a: Masamune|Sucker Punch|p1a: Dragonite
|-fail|p1a: Dragonite
|move|p1a: Dragonite|Dragon Dance|p1a: Dragonite
|-boost|p1a: Dragonite|atk|1
|-boost|p1a: Dragonite|spe|1
|
|turn|17
|
|move|p2a: Masamune|Sucker Punch|p1a: Dragonite
|-fail|p1a: Dragonite
|move|p1a: Dragonite|Dragon Dance|p1a: Dragonite
|-boost|p1a: Dragonite|atk|1
|-boost|p1a: Dragonite|spe|1
|
|turn|18
|
|move|p2a: Masamune|Sucker Punch|p1a: Dragonite
|-fail|p1a: Dragonite
|move|p1a: Dragonite|Dragon Dance|p1a: Dragonite
|-boost|p1a: Dragonite|atk|1
|-boost|p1a: Dragonite|spe|1
|
|turn|19
|
|move|p2a: Masamune|Sucker Punch|p1a: Dragonite
|-fail|p1a: Dragonite
|move|p1a: Dragonite|Dragon Dance|p1a: Dragonite
|-boost|p1a: Dragonite|atk|1
|-boost|p1a: Dragonite|spe|1
|
|turn|20
|
|move|p1a: Dragonite|Extreme Speed|p2a: Masamune
|-resisted|p2a: Masamune
|-damage|p2a: Masamune|26\/272
|move|p2a: Masamune|Sucker Punch|p1a: Dragonite
|-fail|p1a: Dragonite
|
|turn|21
|
|move|p1a: Dragonite|Extreme Speed|p2a: Masamune
|-resisted|p2a: Masamune
|-damage|p2a: Masamune|0 fnt
|faint|p2a: Masamune
|
|
|switch|p2a: Ken|Scizor, M, shiny|281\/281
|-damage|p2a: Ken|246\/281|[from] Stealth Rock
|turn|22
|
|detailschange|p2a: Ken|Scizor-Mega, M, shiny
|message|Scizor has Mega Evolved into Mega Scizor!
|move|p2a: Ken|Bullet Punch|p1a: Dragonite
|-damage|p1a: Dragonite|68\/323
|move|p1a: Dragonite|Earthquake|p2a: Ken
|-damage|p2a: Ken|0 fnt
|faint|p2a: Ken
|
|
|switch|p2a: Aki|Infernape, M|238\/293
|-damage|p2a: Aki|202\/293|[from] Stealth Rock
|turn|23
|
|move|p2a: Aki|Fake Out|p1a: Dragonite
|-damage|p1a: Dragonite|26\/323
|cant|p1a: Dragonite|flinch
|
|turn|24
|
|move|p1a: Dragonite|Extreme Speed|p2a: Aki
|-damage|p2a: Aki|0 fnt
|faint|p2a: Aki
|
|-message|Hachimaki98 forfeited.
|
|win|TCBB
|raw|Ladder updating...
|leave|Hachimaki98
|player|p2
|raw|TCBB's rating: 1718 &rarr; <strong>1738<\/strong><br \/>(+20 for winning)
|raw|Hachimaki98's rating: 1715 &rarr; <strong>1695<\/strong><br \/>(-20 for losing)
|leave|TCBB
|player|p1
|join|TCBB