|join|TCBB
|join|RioluBeats7
|player|p1|TCBB|169
|player|p2|RioluBeats7|278
|gametype|singles
|gen|6
|tier|OU
|rated
|clearpoke
|poke|p1|Lopunny, F
|poke|p1|Greninja, M, shiny
|poke|p1|Terrakion
|poke|p1|Rotom-Wash
|poke|p1|Landorus, M
|poke|p1|Azumarill, F
|poke|p2|Lopunny, F
|poke|p2|Skarmory, F
|poke|p2|Garchomp, M, shiny
|poke|p2|Sylveon, F, shiny
|poke|p2|Greninja, M, shiny
|poke|p2|Gothitelle, F, shiny
|rule|Swagger Clause: Swagger is banned
|rule|Baton Pass Clause: Limit one PokÃ©mon knowing Baton Pass
|rule|Sleep Clause Mod: Limit one foe put to sleep
|rule|Species Clause: Limit one of each PokÃ©mon
|rule|OHKO Clause: OHKO moves are banned
|rule|Moody Clause: Moody is banned
|rule|Evasion Moves Clause: Evasion moves are banned
|rule|Endless Battle Clause: Forcing endless battles is banned
|rule|HP Percentage Mod: HP is shown in percentages
|teampreview
|
|start
|switch|p1a: Greninja|Greninja, M, shiny|285\/285
|switch|p2a: Lola|Lopunny, F|272\/272
|turn|1
|
|detailschange|p2a: Lola|Lopunny-Mega, F
|message|Lopunny has Mega Evolved into Mega Lopunny!
|move|p2a: Lola|Fake Out|p1a: Greninja
|-damage|p1a: Greninja|185\/285
|cant|p1a: Greninja|flinch
|
|turn|2
|
|switch|p1a: Rotom-Wash|Rotom-Wash|303\/303
|move|p2a: Lola|Power-Up Punch|p1a: Rotom-Wash
|-damage|p1a: Rotom-Wash|246\/303
|-boost|p2a: Lola|atk|1
|
|-heal|p1a: Rotom-Wash|264\/303|[from] item: Leftovers
|turn|3
|
|switch|p2a: Bellatrix|Gothitelle, F, shiny|281\/281
|move|p1a: Rotom-Wash|Will-O-Wisp|p2a: Bellatrix
|-status|p2a: Bellatrix|brn
|
|-heal|p1a: Rotom-Wash|282\/303|[from] item: Leftovers
|-damage|p2a: Bellatrix|246\/281 brn|[from] brn
|turn|4
|
|move|p2a: Bellatrix|Energy Ball|p1a: Rotom-Wash
|-supereffective|p1a: Rotom-Wash
|-damage|p1a: Rotom-Wash|0 fnt
|faint|p1a: Rotom-Wash
|
|-damage|p2a: Bellatrix|211\/281 brn|[from] brn
|
|switch|p1a: Terrakion|Terrakion|323\/323
|turn|5
|
|move|p1a: Terrakion|Stealth Rock|p2a: Bellatrix
|-sidestart|p2: RioluBeats7|move: Stealth Rock
|move|p2a: Bellatrix|Energy Ball|p1a: Terrakion
|-supereffective|p1a: Terrakion
|-damage|p1a: Terrakion|19\/323
|
|-damage|p2a: Bellatrix|176\/281 brn|[from] brn
|turn|6
|
|move|p1a: Terrakion|Stone Edge|p2a: Bellatrix|[miss]
|-miss|p1a: Terrakion|p2a: Bellatrix
|move|p2a: Bellatrix|Energy Ball|p1a: Terrakion
|-supereffective|p1a: Terrakion
|-damage|p1a: Terrakion|0 fnt
|faint|p1a: Terrakion
|
|-damage|p2a: Bellatrix|141\/281 brn|[from] brn
|
|switch|p1a: Landorus|Landorus, M|319\/319
|turn|7
|
|switch|p2a: Black Star|Greninja, M, shiny|285\/285
|-damage|p2a: Black Star|250\/285|[from] Stealth Rock
|move|p1a: Landorus|Earth Power|p2a: Black Star
|-damage|p2a: Black Star|0 fnt
|faint|p2a: Black Star
|
|
|switch|p2a: Ryuk|Garchomp, M, shiny|357\/357
|-damage|p2a: Ryuk|335\/357|[from] Stealth Rock
|turn|8
|
|switch|p1a: Azumarill|Azumarill, F|363\/363
|move|p2a: Ryuk|Outrage|p1a: Azumarill
|-immune|p1a: Azumarill|[msg]
|
|turn|9
|
|switch|p2a: Scrap V2|Skarmory, F|334\/334
|-damage|p2a: Scrap V2|293\/334|[from] Stealth Rock
|move|p1a: Azumarill|Waterfall|p2a: Scrap V2
|-damage|p2a: Scrap V2|140\/334
|-damage|p1a: Azumarill|303\/363|[from] item: Rocky Helmet|[of] p2a: Scrap V2
|
|turn|10
|
|move|p2a: Scrap V2|Roost|p2a: Scrap V2
|-heal|p2a: Scrap V2|307\/334
|move|p1a: Azumarill|Waterfall|p2a: Scrap V2
|-damage|p2a: Scrap V2|159\/334
|-damage|p1a: Azumarill|243\/363|[from] item: Rocky Helmet|[of] p2a: Scrap V2
|
|turn|11
|
|switch|p1a: Landorus|Landorus, M|319\/319
|move|p2a: Scrap V2|Roost|p2a: Scrap V2
|-heal|p2a: Scrap V2|326\/334
|
|turn|12
|
|move|p1a: Landorus|Focus Blast|p2a: Scrap V2
|-damage|p2a: Scrap V2|36\/334
|move|p2a: Scrap V2|Stealth Rock|p1a: Landorus
|-sidestart|p1: TCBB|move: Stealth Rock
|
|turn|13
|
|switch|p2a: Cat|Sylveon, F, shiny|394\/394
|-damage|p2a: Cat|345\/394|[from] Stealth Rock
|move|p1a: Landorus|Psychic|p2a: Cat
|-damage|p2a: Cat|236\/394
|
|-heal|p2a: Cat|260\/394|[from] item: Leftovers
|turn|14
|
|move|p1a: Landorus|Earth Power|p2a: Cat
|-damage|p2a: Cat|111\/394
|move|p2a: Cat|Wish|p2a: Cat
|
|-heal|p2a: Cat|135\/394|[from] item: Leftovers
|turn|15
|
|move|p2a: Cat|Protect|p2a: Cat
|-singleturn|p2a: Cat|Protect
|move|p1a: Landorus|Calm Mind|p1a: Landorus
|-boost|p1a: Landorus|spa|1
|-boost|p1a: Landorus|spd|1
|
|-heal|p2a: Cat|332\/394|[from] move: Wish|[wisher] Cat
|-heal|p2a: Cat|356\/394|[from] item: Leftovers
|turn|16
|
|move|p1a: Landorus|Earth Power|p2a: Cat
|-damage|p2a: Cat|142\/394
|move|p2a: Cat|Hyper Voice|p1a: Landorus
|-damage|p1a: Landorus|205\/319
|
|-heal|p2a: Cat|166\/394|[from] item: Leftovers
|turn|17
|
|move|p2a: Cat|Protect|p2a: Cat
|-singleturn|p2a: Cat|Protect
|move|p1a: Landorus|Earth Power|p2a: Cat
|-activate|p2a: Cat|Protect
|
|-heal|p2a: Cat|190\/394|[from] item: Leftovers
|turn|18
|
|move|p1a: Landorus|Earth Power|p2a: Cat
|-damage|p2a: Cat|0 fnt
|faint|p2a: Cat
|
|
|switch|p2a: Ryuk|Garchomp, M, shiny|335\/357
|-damage|p2a: Ryuk|313\/357|[from] Stealth Rock
|turn|19
|
|move|p2a: Ryuk|Outrage|p1a: Landorus
|-damage|p1a: Landorus|0 fnt
|faint|p1a: Landorus
|
|
|switch|p1a: Azumarill|Azumarill, F|243\/363
|-damage|p1a: Azumarill|198\/363|[from] Stealth Rock
|turn|20
|
|move|p2a: Ryuk|Outrage|p1a: Azumarill
|-immune|p1a: Azumarill|[msg]
|move|p1a: Azumarill|Play Rough|p2a: Ryuk
|-supereffective|p2a: Ryuk
|-damage|p2a: Ryuk|0 fnt
|-damage|p1a: Azumarill|153\/363|[from] ability: Rough Skin|[of] p2a: Ryuk
|faint|p2a: Ryuk
|
|
|switch|p2a: Bellatrix|Gothitelle, F, shiny|141\/281 brn
|-damage|p2a: Bellatrix|106\/281 brn|[from] Stealth Rock
|turn|21
|
|move|p2a: Bellatrix|Thunderbolt|p1a: Azumarill
|-supereffective|p1a: Azumarill
|-damage|p1a: Azumarill|0 fnt
|faint|p1a: Azumarill
|
|-damage|p2a: Bellatrix|71\/281 brn|[from] brn
|
|switch|p1a: Lopunny|Lopunny, F|295\/295
|-damage|p1a: Lopunny|259\/295|[from] Stealth Rock
|turn|22
|
|detailschange|p1a: Lopunny|Lopunny-Mega, F
|message|Lopunny has Mega Evolved into Mega Lopunny!
|move|p1a: Lopunny|Return|p2a: Bellatrix
|-damage|p2a: Bellatrix|0 fnt
|faint|p2a: Bellatrix
|
|
|switch|p2a: Scrap V2|Skarmory, F|36\/334
|-damage|p2a: Scrap V2|0 fnt|[from] Stealth Rock
|faint|p2a: Scrap V2
|
|switch|p2a: Lola|Lopunny-Mega, F|272\/272
|-damage|p2a: Lola|255\/272|[from] Stealth Rock
|turn|23
|
|move|p2a: Lola|Fake Out|p1a: Lopunny
|-damage|p1a: Lopunny|180\/295
|cant|p1a: Lopunny|flinch
|
|turn|24
|
|move|p2a: Lola|Drain Punch|p1a: Lopunny
|-supereffective|p1a: Lopunny
|-damage|p1a: Lopunny|0 fnt
|-heal|p2a: Lola|272\/272|[from] drain|[of] p1a: Lopunny
|faint|p1a: Lopunny
|
|
|switch|p1a: Greninja|Greninja, M, shiny|185\/285
|-damage|p1a: Greninja|150\/285|[from] Stealth Rock
|turn|25
|
|move|p2a: Lola|Drain Punch|p1a: Greninja
|-supereffective|p1a: Greninja
|-damage|p1a: Greninja|0 fnt
|faint|p1a: Greninja
|
|win|RioluBeats7
|raw|Ladder updating...
|raw|TCBB's rating: 1241 &rarr; <strong>1220<\/strong><br \/>(-21 for losing)
|raw|RioluBeats7's rating: 1289 &rarr; <strong>1311<\/strong><br \/>(+22 for winning)
|leave|TCBB
|player|p1