|join|RS Cocaine
|join|TCBB
|player|p1|RS Cocaine|29
|player|p2|TCBB|102
|gametype|singles
|gen|6
|tier|OU
|rated
|clearpoke
|poke|p1|Mamoswine, F
|poke|p1|Breloom, F
|poke|p1|Mawile, M
|poke|p1|Thundurus, M
|poke|p1|Greninja, M
|poke|p1|Latias, F
|poke|p2|Talonflame, F
|poke|p2|Charizard, M
|poke|p2|Keldeo
|poke|p2|Aegislash, M, shiny
|poke|p2|Terrakion
|poke|p2|Latios, M
|rule|Swagger Clause: Swagger is banned
|rule|Baton Pass Clause: Limit one PokÃ©mon knowing Baton Pass
|rule|Sleep Clause Mod: Limit one foe put to sleep
|rule|Species Clause: Limit one of each PokÃ©mon
|rule|OHKO Clause: OHKO moves are banned
|rule|Moody Clause: Moody is banned
|rule|Evasion Moves Clause: Evasion moves are banned
|rule|Endless Battle Clause: Forcing endless battles is banned
|rule|HP Percentage Mod: HP is reported as percentages
|teampreview
|
|start
|switch|p1a: Breloom|Breloom, F|261\/261
|switch|p2a: Keldeo|Keldeo|322\/322
|turn|1
|
|move|p2a: Keldeo|Hidden Power|p1a: Breloom
|-supereffective|p1a: Breloom
|-enditem|p1a: Breloom|Focus Sash
|-damage|p1a: Breloom|1\/261
|move|p1a: Breloom|Bullet Seed|p2a: Keldeo
|-crit|p2a: Keldeo
|-supereffective|p2a: Keldeo
|-damage|p2a: Keldeo|98\/322
|-supereffective|p2a: Keldeo
|-damage|p2a: Keldeo|0 fnt
|-hitcount|p2a: Keldeo|2
|faint|p2a: Keldeo
|
|
|switch|p2a: Charizard|Charizard, M|297\/297
|turn|2
|
|detailschange|p2a: Charizard|Charizard-Mega-Y, M
|message|Charizard has Mega Evolved into Mega Charizard!
|-weather|SunnyDay
|move|p1a: Breloom|Mach Punch|p2a: Charizard
|-resisted|p2a: Charizard
|-damage|p2a: Charizard|231\/297
|move|p2a: Charizard|Solar Beam|p1a: Breloom|[still]
|-prepare|p2a: Charizard|Solar Beam|p1a: Breloom
|-anim|p2a: Charizard|Solar Beam|p1a: Breloom
|-resisted|p1a: Breloom
|-damage|p1a: Breloom|0 fnt
|faint|p1a: Breloom
|
|-weather|SunnyDay|[upkeep]
|
|switch|p1a: Thundurus|Thundurus, M|298\/298
|turn|3
|
|switch|p2a: Latios|Latios, M|301\/301
|move|p1a: Thundurus|Thunderbolt|p2a: Latios
|-resisted|p2a: Latios
|-damage|p2a: Latios|214\/301
|-damage|p1a: Thundurus|269\/298|[from] item: Life Orb
|
|-weather|SunnyDay|[upkeep]
|turn|4
|
|move|p1a: Thundurus|Knock Off|p2a: Latios
|-supereffective|p2a: Latios
|-damage|p2a: Latios|0 fnt
|-enditem|p2a: Latios|Life Orb|[from] move: Knock Off|[of] p1a: Thundurus
|-damage|p1a: Thundurus|240\/298|[from] item: Life Orb
|faint|p2a: Latios
|
|-weather|SunnyDay|[upkeep]
|
|switch|p2a: Aegislash|Aegislash, M, shiny|321\/321
|turn|5
|
|-formechange|p2a: Aegislash|Aegislash-Blade
|move|p2a: Aegislash|Pursuit|p1a: Thundurus|[from]Pursuit
|-damage|p1a: Thundurus|123\/298
|switch|p1a: Greninja|Greninja, M|286\/286
|
|-weather|SunnyDay|[upkeep]
|turn|6
|
|-formechange|p2a: Aegislash|Aegislash
|move|p2a: Aegislash|King's Shield|p2a: Aegislash
|-singleturn|p2a: Aegislash|Protect
|move|p1a: Greninja|Dark Pulse|p2a: Aegislash
|-start|p1a: Greninja|typechange|Dark|[from] Protean
|-activate|p2a: Aegislash|Protect
|
|-weather|none
|turn|7
|
|switch|p2a: Charizard|Charizard-Mega-Y, M|231\/297
|-weather|SunnyDay
|move|p1a: Greninja|Dark Pulse|p2a: Charizard
|-damage|p2a: Charizard|91\/297
|-damage|p1a: Greninja|258\/286|[from] item: Life Orb
|
|-weather|SunnyDay|[upkeep]
|turn|8
|
|move|p1a: Greninja|Dark Pulse|p2a: Charizard
|-damage|p2a: Charizard|0 fnt
|-damage|p1a: Greninja|230\/286|[from] item: Life Orb
|faint|p2a: Charizard
|
|-weather|SunnyDay|[upkeep]
|
|switch|p2a: Talonflame|Talonflame, F|297\/297
|turn|9
|join|JSTUD Lyle
|
|move|p2a: Talonflame|Brave Bird|p1a: Greninja
|-damage|p1a: Greninja|0 fnt
|-damage|p2a: Talonflame|221\/297|[from] recoil|[of] p1a: Greninja
|faint|p1a: Greninja
|
|-weather|SunnyDay|[upkeep]
|
|switch|p1a: Mawile|Mawile, M|258\/258
|-ability|p1a: Mawile|Intimidate|[of] p2a: Talonflame
|-unboost|p2a: Talonflame|atk|1
|turn|10
|leave|JSTUD Lyle
|
|detailschange|p1a: Mawile|Mawile-Mega, M
|message|Mawile has Mega Evolved into Mega Mawile!
|move|p2a: Talonflame|Roost|p2a: Talonflame
|-heal|p2a: Talonflame|297\/297
|move|p1a: Mawile|Play Rough|p2a: Talonflame
|-resisted|p2a: Talonflame
|-damage|p2a: Talonflame|81\/297
|
|-weather|SunnyDay|[upkeep]
|turn|11
|
|move|p2a: Talonflame|Flare Blitz|p1a: Mawile
|-crit|p1a: Mawile
|-supereffective|p1a: Mawile
|-damage|p1a: Mawile|0 fnt
|-damage|p2a: Talonflame|0 fnt|[from] recoil|[of] p1a: Mawile
|faint|p1a: Mawile
|faint|p2a: Talonflame
|
|-weather|none
|
|switch|p2a: Terrakion|Terrakion|323\/323
|switch|p1a: Mamoswine|Mamoswine, F|361\/361
|turn|12
|
|move|p2a: Terrakion|Close Combat|p1a: Mamoswine
|-supereffective|p1a: Mamoswine
|-enditem|p1a: Mamoswine|Focus Sash
|-damage|p1a: Mamoswine|1\/361
|-unboost|p2a: Terrakion|def|1
|-unboost|p2a: Terrakion|spd|1
|move|p1a: Mamoswine|Earthquake|p2a: Terrakion
|-supereffective|p2a: Terrakion
|-enditem|p2a: Terrakion|Focus Sash
|-damage|p2a: Terrakion|1\/323
|
|turn|13
|
|switch|p2a: Aegislash|Aegislash, M, shiny|321\/321
|move|p1a: Mamoswine|Ice Shard|p2a: Aegislash
|-resisted|p2a: Aegislash
|-damage|p2a: Aegislash|294\/321
|
|-heal|p2a: Aegislash|314\/321|[from] item: Leftovers
|turn|14
|
|switch|p1a: Latias|Latias, F|309\/309
|move|p2a: Aegislash|King's Shield|p2a: Aegislash
|-fail|p2a: Aegislash
|
|-heal|p2a: Aegislash|321\/321|[from] item: Leftovers
|turn|15
|
|move|p1a: Latias|Healing Wish|p1a: Latias
|faint|p1a: Latias
|-formechange|p2a: Aegislash|Aegislash-Blade
|move|p2a: Aegislash|Shadow Ball|p1: Latias|[notarget]
|-notarget
|
|
|switch|p1a: Mamoswine|Mamoswine, F|1\/361
|-heal|p1a: Mamoswine|361\/361|[from] move: Healing Wish
|turn|16
|
|-formechange|p2a: Aegislash|Aegislash
|move|p2a: Aegislash|King's Shield|p2a: Aegislash
|-singleturn|p2a: Aegislash|Protect
|move|p1a: Mamoswine|Earthquake|p2a: Aegislash
|-activate|p2a: Aegislash|Protect
|
|turn|17
|
|move|p1a: Mamoswine|Earthquake|p2a: Aegislash
|-supereffective|p2a: Aegislash
|-damage|p2a: Aegislash|51\/321
|-formechange|p2a: Aegislash|Aegislash-Blade
|move|p2a: Aegislash|Iron Head|p1a: Mamoswine
|-supereffective|p1a: Mamoswine
|-damage|p1a: Mamoswine|73\/361
|
|-heal|p2a: Aegislash|71\/321|[from] item: Leftovers
|turn|18
|
|move|p1a: Mamoswine|Earthquake|p2a: Aegislash
|-supereffective|p2a: Aegislash
|-damage|p2a: Aegislash|0 fnt
|faint|p2a: Aegislash
|
|-message|TCBB forfeited.
|
|win|RS Cocaine
|raw|Ladder updating...
|leave|TCBB
|player|p2
|raw|RS Cocaine's rating: 1888 &rarr; <strong>1895<\/strong><br \/>(+7 for winning)
|raw|TCBB's rating: 1607 &rarr; <strong>1601<\/strong><br \/>(-6 for losing)
|join|G123Rocks
|leave|G123Rocks
|join|loyal shot