|join|TCBB
|join|Gochargers
|player|p1|TCBB|157
|player|p2|Gochargers|274
|gametype|singles
|gen|6
|tier|OU
|rated
|clearpoke
|poke|p1|Talonflame, F
|poke|p1|Pinsir, M, shiny
|poke|p1|Excadrill, M
|poke|p1|Terrakion
|poke|p1|Keldeo
|poke|p1|Thundurus, M
|poke|p2|Charizard, M
|poke|p2|Latios, M
|poke|p2|Talonflame, F
|poke|p2|Staraptor, M
|poke|p2|Excadrill, M
|poke|p2|Thundurus, M
|rule|Swagger Clause: Swagger is banned
|rule|Baton Pass Clause: Limit one PokÃ©mon knowing Baton Pass
|rule|Sleep Clause Mod: Limit one foe put to sleep
|rule|Species Clause: Limit one of each PokÃ©mon
|rule|OHKO Clause: OHKO moves are banned
|rule|Moody Clause: Moody is banned
|rule|Evasion Moves Clause: Evasion moves are banned
|rule|Endless Battle Clause: Forcing endless battles is banned
|rule|HP Percentage Mod: HP is reported as percentages
|teampreview
|
|start
|switch|p1a: Terrakion|Terrakion|323\/323
|switch|p2a: Latios|Latios, M|301\/301
|turn|1
|
|move|p2a: Latios|Psyshock|p1a: Terrakion
|-supereffective|p1a: Terrakion
|-enditem|p1a: Terrakion|Focus Sash
|-damage|p1a: Terrakion|1\/323
|-damage|p2a: Latios|271\/301|[from] item: Life Orb
|move|p1a: Terrakion|Stealth Rock|p2a: Latios
|-sidestart|p2: Gochargers|move: Stealth Rock
|
|turn|2
|
|move|p2a: Latios|Psyshock|p1a: Terrakion
|-supereffective|p1a: Terrakion
|-damage|p1a: Terrakion|0 fnt
|-damage|p2a: Latios|241\/301|[from] item: Life Orb
|faint|p1a: Terrakion
|
|
|switch|p1a: Excadrill|Excadrill, M|361\/361
|-ability|p1a: Excadrill|Mold Breaker
|turn|3
|
|move|p1a: Excadrill|Earthquake|p2a: Latios
|-damage|p2a: Latios|15\/301
|move|p2a: Latios|Surf|p1a: Excadrill
|-supereffective|p1a: Excadrill
|-damage|p1a: Excadrill|0 fnt
|-damage|p2a: Latios|0 fnt|[from] item: Life Orb
|faint|p1a: Excadrill
|faint|p2a: Latios
|
|
|switch|p2a: Thundurus|Thundurus, M|299\/299
|-damage|p2a: Thundurus|225\/299|[from] Stealth Rock
|switch|p1a: Talonflame|Talonflame, F|297\/297
|turn|4
|
|move|p1a: Talonflame|Brave Bird|p2a: Thundurus
|-resisted|p2a: Thundurus
|-damage|p2a: Thundurus|58\/299
|-damage|p1a: Talonflame|242\/297|[from] recoil|[of] p2a: Thundurus
|move|p2a: Thundurus|Thunderbolt|p1a: Talonflame
|-supereffective|p1a: Talonflame
|-damage|p1a: Talonflame|0 fnt
|-damage|p2a: Thundurus|29\/299|[from] item: Life Orb
|faint|p1a: Talonflame
|
|
|switch|p1a: Pinsir|Pinsir, M, shiny|271\/271
|turn|5
|
|detailschange|p1a: Pinsir|Pinsir-Mega, M, shiny
|message|Pinsir has Mega Evolved into Mega Pinsir!
|move|p2a: Thundurus|Thunder Wave|p1a: Pinsir
|-status|p1a: Pinsir|par
|move|p1a: Pinsir|Quick Attack|p2a: Thundurus
|-resisted|p2a: Thundurus
|-damage|p2a: Thundurus|0 fnt
|faint|p2a: Thundurus
|
|
|switch|p2a: Talonflame|Talonflame, F|297\/297
|-damage|p2a: Talonflame|149\/297|[from] Stealth Rock
|turn|6
|
|move|p2a: Talonflame|Brave Bird|p1a: Pinsir
|-supereffective|p1a: Pinsir
|-damage|p1a: Pinsir|0 fnt
|-damage|p2a: Talonflame|60\/297|[from] recoil|[of] p1a: Pinsir
|faint|p1a: Pinsir
|
|
|switch|p1a: Thundurus|Thundurus, M|299\/299
|turn|7
|
|move|p2a: Talonflame|Flare Blitz|p1a: Thundurus
|-damage|p1a: Thundurus|103\/299
|-damage|p2a: Talonflame|0 fnt|[from] recoil|[of] p1a: Thundurus
|faint|p2a: Talonflame
|move|p1a: Thundurus|Thunderbolt|p2: Talonflame|[notarget]
|-notarget
|
|
|switch|p2a: Excadrill|Excadrill, M|424\/424
|-damage|p2a: Excadrill|411\/424|[from] Stealth Rock
|-ability|p2a: Excadrill|Mold Breaker
|turn|8
|
|switch|p1a: Keldeo|Keldeo|322\/322
|move|p2a: Excadrill|Rapid Spin|p1a: Keldeo
|-damage|p1a: Keldeo|294\/322
|-sideend|p2: Gochargers|Stealth Rock|[from] move: Rapid Spin|[of] p2a: Excadrill
|
|turn|9
|
|move|p1a: Keldeo|Scald|p2a: Excadrill
|-supereffective|p2a: Excadrill
|-damage|p2a: Excadrill|0 fnt
|faint|p2a: Excadrill
|
|
|switch|p2a: Charizard|Charizard, M|297\/297
|turn|10
|
|detailschange|p2a: Charizard|Charizard-Mega-Y, M
|message|Charizard has Mega Evolved into Mega Charizard!
|-weather|SunnyDay
|move|p1a: Keldeo|Scald|p2a: Charizard
|-supereffective|p2a: Charizard
|-damage|p2a: Charizard|103\/297
|move|p2a: Charizard|Air Slash|p1a: Keldeo
|-supereffective|p1a: Keldeo
|-damage|p1a: Keldeo|0 fnt
|faint|p1a: Keldeo
|
|-weather|SunnyDay|[upkeep]
|
|switch|p1a: Thundurus|Thundurus, M|103\/299
|turn|11
|
|move|p1a: Thundurus|Thunderbolt|p2a: Charizard
|-supereffective|p2a: Charizard
|-damage|p2a: Charizard|0 fnt
|-damage|p1a: Thundurus|74\/299|[from] item: Life Orb
|faint|p2a: Charizard
|
|-weather|SunnyDay|[upkeep]
|chat|Gochargers|gg
|
|switch|p2a: Staraptor|Staraptor, M|311\/311
|turn|12
|
|move|p1a: Thundurus|Thunder Wave|p2a: Staraptor
|-status|p2a: Staraptor|par
|cant|p2a: Staraptor|par
|
|-weather|SunnyDay|[upkeep]
|turn|13
|
|move|p1a: Thundurus|Thunderbolt|p2a: Staraptor
|-supereffective|p2a: Staraptor
|-damage|p2a: Staraptor|0 fnt
|-damage|p1a: Thundurus|45\/299|[from] item: Life Orb
|faint|p2a: Staraptor
|
|win|TCBB
|raw|Ladder updating...
|raw|TCBB's rating: 1718 &rarr; <strong>1737<\/strong><br \/>(+19 for winning)
|raw|Gochargers's rating: 1691 &rarr; <strong>1673<\/strong><br \/>(-18 for losing)
|chat|Gochargers|aw damn
|leave|TCBB
|player|p1
|leave|Gochargers
|player|p2
|join|TCBB