|join|bubuuu
|join|TCBB
|player|p1|bubuuu|1
|player|p2|TCBB|102
|gametype|singles
|gen|6
|tier|OU
|rated
|clearpoke
|poke|p1|Camerupt, M
|poke|p1|Gothitelle, M
|poke|p1|Slowbro, F
|poke|p1|Amoonguss, M
|poke|p1|Skarmory, M
|poke|p1|Audino, M
|poke|p2|Lopunny, F
|poke|p2|Greninja, M, shiny
|poke|p2|Terrakion
|poke|p2|Rotom-Wash
|poke|p2|Landorus, M
|poke|p2|Azumarill, F
|rule|Swagger Clause: Swagger is banned
|rule|Baton Pass Clause: Limit one PokÃ©mon knowing Baton Pass
|rule|Sleep Clause Mod: Limit one foe put to sleep
|rule|Species Clause: Limit one of each PokÃ©mon
|rule|OHKO Clause: OHKO moves are banned
|rule|Moody Clause: Moody is banned
|rule|Evasion Moves Clause: Evasion moves are banned
|rule|Endless Battle Clause: Forcing endless battles is banned
|rule|HP Percentage Mod: HP is shown in percentages
|teampreview
|
|start
|switch|p1a: Skarmory|Skarmory, M|334\/334
|switch|p2a: Terrakion|Terrakion|323\/323
|turn|1
|
|move|p2a: Terrakion|Stealth Rock|p1a: Skarmory
|-sidestart|p1: bubuuu|move: Stealth Rock
|move|p1a: Skarmory|Stealth Rock|p2a: Terrakion
|-sidestart|p2: TCBB|move: Stealth Rock
|
|turn|2
|
|move|p2a: Terrakion|Close Combat|p1a: Skarmory
|-damage|p1a: Skarmory|202\/334
|-unboost|p2a: Terrakion|def|1
|-unboost|p2a: Terrakion|spd|1
|move|p1a: Skarmory|Brave Bird|p2a: Terrakion
|-damage|p2a: Terrakion|133\/323
|-damage|p1a: Skarmory|139\/334|[from] recoil|[of] p2a: Terrakion
|
|turn|3
|
|move|p2a: Terrakion|Close Combat|p1a: Skarmory
|-damage|p1a: Skarmory|9\/334
|-unboost|p2a: Terrakion|def|1
|-unboost|p2a: Terrakion|spd|1
|move|p1a: Skarmory|Roost|p1a: Skarmory
|-heal|p1a: Skarmory|176\/334
|
|turn|4
|
|move|p2a: Terrakion|Taunt|p1a: Skarmory
|-start|p1a: Skarmory|move: Taunt
|cant|p1a: Skarmory|move: Taunt|Roost
|
|turn|5
|
|switch|p1a: Slowbro|Slowbro, F|394\/394
|-damage|p1a: Slowbro|345\/394|[from] Stealth Rock
|move|p2a: Terrakion|Close Combat|p1a: Slowbro
|-resisted|p1a: Slowbro
|-damage|p1a: Slowbro|273\/394
|-unboost|p2a: Terrakion|def|1
|-unboost|p2a: Terrakion|spd|1
|
|-heal|p1a: Slowbro|297\/394|[from] item: Leftovers
|turn|6
|
|move|p2a: Terrakion|Taunt|p1a: Slowbro
|-start|p1a: Slowbro|move: Taunt
|cant|p1a: Slowbro|move: Taunt|Trick Room
|
|-heal|p1a: Slowbro|321\/394|[from] item: Leftovers
|turn|7
|
|move|p2a: Terrakion|Stone Edge|p1a: Slowbro|[miss]
|-miss|p2a: Terrakion|p1a: Slowbro
|move|p1a: Slowbro|Scald|p2a: Terrakion
|-supereffective|p2a: Terrakion
|-damage|p2a: Terrakion|0 fnt
|faint|p2a: Terrakion
|
|-heal|p1a: Slowbro|345\/394|[from] item: Leftovers
|
|switch|p2a: Greninja|Greninja, M, shiny|285\/285
|-damage|p2a: Greninja|250\/285|[from] Stealth Rock
|turn|8
|
|switch|p1a: Audino|Audino, M|410\/410
|-damage|p1a: Audino|359\/410|[from] Stealth Rock
|move|p2a: Greninja|Dark Pulse|p1a: Audino
|-start|p2a: Greninja|typechange|Dark|[from] Protean
|-damage|p1a: Audino|225\/410
|-damage|p2a: Greninja|222\/285|[from] item: Life Orb
|
|-heal|p1a: Audino|250\/410|[from] item: Leftovers
|turn|9
|
|move|p2a: Greninja|Hydro Pump|p1a: Audino
|-start|p2a: Greninja|typechange|Water|[from] Protean
|-damage|p1a: Audino|82\/410
|-damage|p2a: Greninja|194\/285|[from] item: Life Orb
|move|p1a: Audino|Trick Room|p1a: Audino
|-fieldstart|move: Trick Room|[of] p1a: Audino
|
|-heal|p1a: Audino|107\/410|[from] item: Leftovers
|turn|10
|
|switch|p1a: Gothitelle|Gothitelle, M|301\/301
|-damage|p1a: Gothitelle|264\/301|[from] Stealth Rock
|move|p2a: Greninja|Dark Pulse|p1a: Gothitelle
|-start|p2a: Greninja|typechange|Dark|[from] Protean
|-crit|p1a: Gothitelle
|-supereffective|p1a: Gothitelle
|-damage|p1a: Gothitelle|0 fnt
|-damage|p2a: Greninja|166\/285|[from] item: Life Orb
|faint|p1a: Gothitelle
|
|
|switch|p1a: Camerupt|Camerupt, M|344\/344
|-damage|p1a: Camerupt|301\/344|[from] Stealth Rock
|turn|11
|
|switch|p2a: Rotom-Wash|Rotom-Wash|303\/303
|-damage|p2a: Rotom-Wash|266\/303|[from] Stealth Rock
|detailschange|p1a: Camerupt|Camerupt-Mega, M
|message|Camerupt has Mega Evolved into Mega Camerupt!
|move|p1a: Camerupt|Hidden Power|p2a: Rotom-Wash
|-crit|p2a: Rotom-Wash
|-supereffective|p2a: Rotom-Wash
|-damage|p2a: Rotom-Wash|26\/303
|
|-heal|p2a: Rotom-Wash|44\/303|[from] item: Leftovers
|turn|12
|
|move|p1a: Camerupt|Ancient Power|p2a: Rotom-Wash
|-damage|p2a: Rotom-Wash|0 fnt
|faint|p2a: Rotom-Wash
|
|
|switch|p2a: Landorus|Landorus, M|319\/319
|-damage|p2a: Landorus|280\/319|[from] Stealth Rock
|turn|13
|
|switch|p2a: Azumarill|Azumarill, F|363\/363
|-damage|p2a: Azumarill|318\/363|[from] Stealth Rock
|move|p1a: Camerupt|Fire Blast|p2a: Azumarill
|-resisted|p2a: Azumarill
|-damage|p2a: Azumarill|121\/363
|
|-fieldend|move: Trick Room
|turn|14
|
|switch|p1a: Slowbro|Slowbro, F|394\/394
|-damage|p1a: Slowbro|345\/394|[from] Stealth Rock
|move|p2a: Azumarill|Knock Off|p1a: Slowbro
|-supereffective|p1a: Slowbro
|-damage|p1a: Slowbro|51\/394
|-enditem|p1a: Slowbro|Leftovers|[from] move: Knock Off|[of] p2a: Azumarill
|
|turn|15
|
|switch|p1a: Amoonguss|Amoonguss, M|432\/432
|-damage|p1a: Amoonguss|378\/432|[from] Stealth Rock
|move|p2a: Azumarill|Knock Off|p1a: Amoonguss
|-damage|p1a: Amoonguss|97\/432
|-enditem|p1a: Amoonguss|Choice Specs|[from] move: Knock Off|[of] p2a: Azumarill
|
|turn|16
|
|move|p2a: Azumarill|Knock Off|p1a: Amoonguss
|-damage|p1a: Amoonguss|0 fnt
|faint|p1a: Amoonguss
|
|
|switch|p1a: Skarmory|Skarmory, M|176\/334
|-damage|p1a: Skarmory|135\/334|[from] Stealth Rock
|turn|17
|
|move|p2a: Azumarill|Knock Off|p1a: Skarmory
|-damage|p1a: Skarmory|9\/334
|-enditem|p1a: Skarmory|Shed Shell|[from] move: Knock Off|[of] p2a: Azumarill
|move|p1a: Skarmory|Roost|p1a: Skarmory
|-heal|p1a: Skarmory|176\/334
|
|turn|18
|
|switch|p2a: Lopunny|Lopunny, F|295\/295
|-damage|p2a: Lopunny|259\/295|[from] Stealth Rock
|move|p1a: Skarmory|Roost|p1a: Skarmory
|-heal|p1a: Skarmory|334\/334
|
|turn|19
|
|detailschange|p2a: Lopunny|Lopunny-Mega, F
|message|Lopunny has Mega Evolved into Mega Lopunny!
|move|p2a: Lopunny|High Jump Kick|p1a: Skarmory
|-damage|p1a: Skarmory|199\/334
|move|p1a: Skarmory|Defog|p2a: Lopunny
|-unboost|p2a: Lopunny|evasion|1
|-sideend|p2: TCBB|Stealth Rock|[from] move: Defog|[of] p2a: Lopunny
|-sideend|p1: bubuuu|Stealth Rock|[from] move: Defog|[of] p1a: Skarmory
|
|turn|20
|
|move|p2a: Lopunny|Ice Punch|p1a: Skarmory
|-damage|p1a: Skarmory|143\/334
|move|p1a: Skarmory|Roost|p1a: Skarmory
|-heal|p1a: Skarmory|310\/334
|
|turn|21
|
|switch|p1a: Slowbro|Slowbro, F|182\/394
|move|p2a: Lopunny|High Jump Kick|p1a: Slowbro
|-resisted|p1a: Slowbro
|-damage|p1a: Slowbro|106\/394
|
|turn|22
|
|switch|p1a: Skarmory|Skarmory, M|310\/334
|move|p2a: Lopunny|Return|p1a: Skarmory
|-resisted|p1a: Skarmory
|-damage|p1a: Skarmory|253\/334
|
|turn|23
|
|switch|p1a: Slowbro|Slowbro, F|237\/394
|move|p2a: Lopunny|High Jump Kick|p1a: Slowbro
|-resisted|p1a: Slowbro
|-damage|p1a: Slowbro|158\/394
|
|turn|24
|
|move|p2a: Lopunny|High Jump Kick|p1a: Slowbro
|-resisted|p1a: Slowbro
|-damage|p1a: Slowbro|73\/394
|move|p1a: Slowbro|Slack Off|p1a: Slowbro
|-heal|p1a: Slowbro|270\/394
|
|turn|25
|
|move|p2a: Lopunny|Return|p1a: Slowbro
|-damage|p1a: Slowbro|146\/394
|move|p1a: Slowbro|Trick Room|p1a: Slowbro
|-fieldstart|move: Trick Room|[of] p1a: Slowbro
|
|turn|26
|
|move|p1a: Slowbro|Scald|p2a: Lopunny
|-damage|p2a: Lopunny|153\/295
|move|p2a: Lopunny|Return|p1a: Slowbro
|-damage|p1a: Slowbro|14\/394
|
|turn|27
|
|move|p1a: Slowbro|Slack Off|p1a: Slowbro
|-heal|p1a: Slowbro|211\/394
|move|p2a: Lopunny|Return|p1a: Slowbro
|-damage|p1a: Slowbro|79\/394
|
|turn|28
|
|move|p1a: Slowbro|Slack Off|p1a: Slowbro
|-heal|p1a: Slowbro|276\/394
|move|p2a: Lopunny|Return|p1a: Slowbro
|-damage|p1a: Slowbro|156\/394
|
|turn|29
|
|switch|p2a: Azumarill|Azumarill, F|121\/363
|move|p1a: Slowbro|Slack Off|p1a: Slowbro
|-heal|p1a: Slowbro|353\/394
|
|-fieldend|move: Trick Room
|turn|30
|
|move|p2a: Azumarill|Play Rough|p1a: Slowbro
|-damage|p1a: Slowbro|172\/394
|move|p1a: Slowbro|Trick Room|p1a: Slowbro
|-fieldstart|move: Trick Room|[of] p1a: Slowbro
|
|turn|31
|
|switch|p1a: Camerupt|Camerupt-Mega, M|301\/344
|move|p2a: Azumarill|Play Rough|p1a: Camerupt
|-resisted|p1a: Camerupt
|-damage|p1a: Camerupt|158\/344
|
|turn|32
|
|move|p1a: Camerupt|Hidden Power|p2a: Azumarill
|-supereffective|p2a: Azumarill
|-damage|p2a: Azumarill|0 fnt
|faint|p2a: Azumarill
|
|
|switch|p2a: Lopunny|Lopunny-Mega, F|153\/295
|turn|33
|
|move|p2a: Lopunny|Fake Out|p1a: Camerupt
|-damage|p1a: Camerupt|82\/344
|cant|p1a: Camerupt|flinch
|
|turn|34
|
|move|p1a: Camerupt|Fire Blast|p2a: Lopunny
|-damage|p2a: Lopunny|0 fnt
|faint|p2a: Lopunny
|
|-fieldend|move: Trick Room
|
|switch|p2a: Greninja|Greninja, M, shiny|166\/285
|turn|35
|
|switch|p1a: Slowbro|Slowbro, F|303\/394
|move|p2a: Greninja|Dark Pulse|p1a: Slowbro
|-start|p2a: Greninja|typechange|Dark|[from] Protean
|-supereffective|p1a: Slowbro
|-damage|p1a: Slowbro|0 fnt
|-damage|p2a: Greninja|138\/285|[from] item: Life Orb
|faint|p1a: Slowbro
|
|
|switch|p1a: Audino|Audino, M|243\/410
|turn|36
|
|move|p2a: Greninja|Hydro Pump|p1a: Audino
|-start|p2a: Greninja|typechange|Water|[from] Protean
|-damage|p1a: Audino|74\/410
|-damage|p2a: Greninja|110\/285|[from] item: Life Orb
|move|p1a: Audino|Trick Room|p1a: Audino
|-fieldstart|move: Trick Room|[of] p1a: Audino
|
|-heal|p1a: Audino|99\/410|[from] item: Leftovers
|turn|37
|
|switch|p2a: Landorus|Landorus, M|280\/319
|move|p1a: Audino|Healing Wish|p1a: Audino
|faint|p1a: Audino
|
|
|switch|p1a: Camerupt|Camerupt-Mega, M|82\/344
|-heal|p1a: Camerupt|344\/344|[from] move: Healing Wish
|turn|38
|
|move|p1a: Camerupt|Fire Blast|p2a: Landorus
|-damage|p2a: Landorus|0 fnt
|faint|p2a: Landorus
|
|
|switch|p2a: Greninja|Greninja, M, shiny|110\/285
|turn|39
|c|âbubuuu|gg
|-message|TCBB forfeited.
|
|win|bubuuu
|raw|Ladder updating...
|leave|TCBB
|player|p2
|raw|bubuuu's rating: 1416 &rarr; <strong>1431<\/strong><br \/>(+15 for winning)
|raw|TCBB's rating: 1338 &rarr; <strong>1323<\/strong><br \/>(-15 for losing)