|join|TCBB
|join|Bacon and blissey
|player|p1|TCBB|1
|player|p2|Bacon and blissey|101
|gametype|singles
|gen|6
|tier|OU
|rated
|clearpoke
|poke|p1|Talonflame, F
|poke|p1|Pinsir, M, shiny
|poke|p1|Excadrill, M
|poke|p1|Terrakion
|poke|p1|Keldeo
|poke|p1|Thundurus, M
|poke|p2|Gyarados, M
|poke|p2|Clefable, F
|poke|p2|Garchomp, M
|poke|p2|Thundurus, M
|poke|p2|Greninja, M
|poke|p2|Gothitelle, F
|rule|Swagger Clause: Swagger is banned
|rule|Baton Pass Clause: Limit one PokÃ©mon knowing Baton Pass
|rule|Sleep Clause Mod: Limit one foe put to sleep
|rule|Species Clause: Limit one of each PokÃ©mon
|rule|OHKO Clause: OHKO moves are banned
|rule|Moody Clause: Moody is banned
|rule|Evasion Moves Clause: Evasion moves are banned
|rule|Endless Battle Clause: Forcing endless battles is banned
|rule|HP Percentage Mod: HP is reported as percentages
|teampreview
|
|start
|switch|p1a: Talonflame|Talonflame, F|297\/297
|switch|p2a: Garchomp|Garchomp, M|357\/357
|turn|1
|
|move|p1a: Talonflame|U-turn|p2a: Garchomp
|-damage|p2a: Garchomp|261\/357
|-damage|p1a: Talonflame|260\/297|[from] ability: Rough Skin|[of] p2a: Garchomp
|
|switch|p1a: Terrakion|Terrakion|323\/323
|move|p2a: Garchomp|Stealth Rock|p1a: Terrakion
|-sidestart|p1: TCBB|move: Stealth Rock
|
|-heal|p2a: Garchomp|283\/357|[from] item: Leftovers
|turn|2
|
|move|p1a: Terrakion|Stealth Rock|p2a: Garchomp
|-sidestart|p2: Bacon and blissey|move: Stealth Rock
|move|p2a: Garchomp|Earthquake|p1a: Terrakion
|-supereffective|p1a: Terrakion
|-enditem|p1a: Terrakion|Focus Sash
|-damage|p1a: Terrakion|1\/323
|
|-heal|p2a: Garchomp|305\/357|[from] item: Leftovers
|turn|3
|
|move|p1a: Terrakion|Close Combat|p2a: Garchomp
|-damage|p2a: Garchomp|101\/357
|-damage|p1a: Terrakion|0 fnt|[from] ability: Rough Skin|[of] p2a: Garchomp
|faint|p1a: Terrakion
|move|p2a: Garchomp|Dragon Claw|p1: Terrakion|[notarget]
|-notarget
|
|-heal|p2a: Garchomp|123\/357|[from] item: Leftovers
|
|switch|p1a: Excadrill|Excadrill, M|361\/361
|-damage|p1a: Excadrill|350\/361|[from] Stealth Rock
|-ability|p1a: Excadrill|Mold Breaker
|turn|4
|
|move|p1a: Excadrill|Iron Head|p2a: Garchomp
|-damage|p2a: Garchomp|0 fnt
|-damage|p1a: Excadrill|305\/361|[from] ability: Rough Skin|[of] p2a: Garchomp
|faint|p2a: Garchomp
|
|
|switch|p2a: Gyarados|Gyarados, M|340\/340
|-damage|p2a: Gyarados|255\/340|[from] Stealth Rock
|-ability|p2a: Gyarados|Intimidate|[of] p1a: Excadrill
|-unboost|p1a: Excadrill|atk|1
|turn|5
|
|switch|p1a: Thundurus|Thundurus, M|299\/299
|-damage|p1a: Thundurus|225\/299|[from] Stealth Rock
|move|p2a: Gyarados|Waterfall|p1a: Thundurus
|-damage|p1a: Thundurus|26\/299
|
|turn|6
|
|switch|p2a: Clefable|Clefable, F|394\/394
|move|p1a: Thundurus|Wild Charge|p2a: Clefable
|-damage|p2a: Clefable|238\/394
|-damage|p1a: Thundurus|0 fnt|[from] recoil|[of] p2a: Clefable
|faint|p1a: Thundurus
|
|-heal|p2a: Clefable|262\/394|[from] item: Leftovers
|
|switch|p1a: Keldeo|Keldeo|322\/322
|-damage|p1a: Keldeo|302\/322|[from] Stealth Rock
|turn|7
|
|move|p1a: Keldeo|Hydro Pump|p2a: Clefable
|-damage|p2a: Clefable|0 fnt
|faint|p2a: Clefable
|
|
|switch|p2a: Greninja|Greninja, M|286\/286
|-damage|p2a: Greninja|251\/286|[from] Stealth Rock
|turn|8
|
|move|p2a: Greninja|Hydro Pump|p1a: Keldeo
|-start|p2a: Greninja|typechange|Water|[from] Protean
|-resisted|p1a: Keldeo
|-damage|p1a: Keldeo|188\/322
|-damage|p2a: Greninja|223\/286|[from] item: Life Orb
|move|p1a: Keldeo|Hydro Pump|p2a: Greninja
|-resisted|p2a: Greninja
|-damage|p2a: Greninja|23\/286
|
|turn|9
|
|move|p2a: Greninja|Extrasensory|p1a: Keldeo
|-start|p2a: Greninja|typechange|Psychic|[from] Protean
|-supereffective|p1a: Keldeo
|-damage|p1a: Keldeo|0 fnt
|-damage|p2a: Greninja|0 fnt|[from] item: Life Orb
|faint|p1a: Keldeo
|faint|p2a: Greninja
|
|
|switch|p1a: Excadrill|Excadrill, M|305\/361
|-damage|p1a: Excadrill|294\/361|[from] Stealth Rock
|switch|p2a: Gyarados|Gyarados, M|255\/340
|-damage|p2a: Gyarados|170\/340|[from] Stealth Rock
|-ability|p1a: Excadrill|Mold Breaker
|-ability|p2a: Gyarados|Intimidate|[of] p1a: Excadrill
|-unboost|p1a: Excadrill|atk|1
|turn|10
|
|detailschange|p2a: Gyarados|Gyarados-Mega, M
|message|Gyarados has Mega Evolved into Mega Gyarados!
|-ability|p2a: Gyarados|Mold Breaker
|move|p1a: Excadrill|Rapid Spin|p2a: Gyarados
|-damage|p2a: Gyarados|153\/340
|-sideend|p1: TCBB|Stealth Rock|[from] move: Rapid Spin|[of] p1a: Excadrill
|move|p2a: Gyarados|Waterfall|p1a: Excadrill
|-supereffective|p1a: Excadrill
|-damage|p1a: Excadrill|0 fnt
|faint|p1a: Excadrill
|
|chat|Bacon and blissey|missclick too real
|
|switch|p1a: Talonflame|Talonflame, F|260\/297
|turn|11
|
|move|p1a: Talonflame|Brave Bird|p2a: Gyarados
|-damage|p2a: Gyarados|0 fnt
|-damage|p1a: Talonflame|210\/297|[from] recoil|[of] p2a: Gyarados
|faint|p2a: Gyarados
|
|
|switch|p2a: Thundurus|Thundurus, M|299\/299
|-damage|p2a: Thundurus|225\/299|[from] Stealth Rock
|turn|12
|
|move|p1a: Talonflame|Brave Bird|p2a: Thundurus
|-resisted|p2a: Thundurus
|-damage|p2a: Thundurus|36\/299
|-damage|p1a: Talonflame|148\/297|[from] recoil|[of] p2a: Thundurus
|move|p2a: Thundurus|Thunderbolt|p1a: Talonflame
|-supereffective|p1a: Talonflame
|-damage|p1a: Talonflame|0 fnt
|-damage|p2a: Thundurus|7\/299|[from] item: Life Orb
|faint|p1a: Talonflame
|
|
|switch|p1a: Pinsir|Pinsir, M, shiny|271\/271
|turn|13
|
|detailschange|p1a: Pinsir|Pinsir-Mega, M, shiny
|message|Pinsir has Mega Evolved into Mega Pinsir!
|move|p1a: Pinsir|Quick Attack|p2a: Thundurus
|-resisted|p2a: Thundurus
|-damage|p2a: Thundurus|0 fnt
|faint|p2a: Thundurus
|
|
|switch|p2a: Gothitelle|Gothitelle, F|281\/281
|-damage|p2a: Gothitelle|246\/281|[from] Stealth Rock
|turn|14
|
|move|p1a: Pinsir|Frustration|p2a: Gothitelle
|-damage|p2a: Gothitelle|0 fnt
|faint|p2a: Gothitelle
|
|win|TCBB
|raw|Ladder updating...
|raw|TCBB's rating: 1673 &rarr; <strong>1693<\/strong><br \/>(+20 for winning)
|raw|Bacon and blissey's rating: 1668 &rarr; <strong>1648<\/strong><br \/>(-20 for losing)