|join|E-Hgonz@lo
|join|TCBB
|player|p1|E-Hgonz@lo|290
|player|p2|TCBB|157
|gametype|singles
|gen|6
|tier|OU
|rated
|clearpoke
|poke|p1|Slowbro, F
|poke|p1|Medicham, M
|poke|p1|Amoonguss, F
|poke|p1|Skarmory, F
|poke|p1|Heatran, F
|poke|p1|Chansey, F
|poke|p2|Talonflame, F
|poke|p2|Pinsir, M, shiny
|poke|p2|Excadrill, M
|poke|p2|Terrakion
|poke|p2|Keldeo
|poke|p2|Thundurus, M
|rule|Swagger Clause: Swagger is banned
|rule|Baton Pass Clause: Limit one PokÃ©mon knowing Baton Pass
|rule|Sleep Clause Mod: Limit one foe put to sleep
|rule|Species Clause: Limit one of each PokÃ©mon
|rule|OHKO Clause: OHKO moves are banned
|rule|Moody Clause: Moody is banned
|rule|Evasion Moves Clause: Evasion moves are banned
|rule|Endless Battle Clause: Forcing endless battles is banned
|rule|HP Percentage Mod: HP is reported as percentages
|teampreview
|
|start
|switch|p1a: Medicham|Medicham, M|261\/261
|switch|p2a: Terrakion|Terrakion|323\/323
|turn|1
|
|detailschange|p1a: Medicham|Medicham-Mega, M
|message|Medicham has Mega Evolved into Mega Medicham!
|move|p1a: Medicham|Fake Out|p2a: Terrakion
|-resisted|p2a: Terrakion
|-damage|p2a: Terrakion|281\/323
|cant|p2a: Terrakion|flinch
|
|turn|2
|
|switch|p1a: Slowbro|Slowbro, F|394\/394
|move|p2a: Terrakion|Stealth Rock|p1a: Slowbro
|-sidestart|p1: E-Hgonz@lo|move: Stealth Rock
|
|turn|3
|
|move|p2a: Terrakion|Taunt|p1a: Slowbro
|-start|p1a: Slowbro|move: Taunt
|move|p1a: Slowbro|Scald|p2a: Terrakion
|-supereffective|p2a: Terrakion
|-damage|p2a: Terrakion|83\/323
|
|turn|4
|
|move|p2a: Terrakion|Stone Edge|p1a: Slowbro
|-damage|p1a: Slowbro|264\/394
|move|p1a: Slowbro|Scald|p2a: Terrakion
|-supereffective|p2a: Terrakion
|-damage|p2a: Terrakion|0 fnt
|faint|p2a: Terrakion
|
|-heal|p1a: Slowbro|288\/394|[from] item: Leftovers
|
|switch|p2a: Thundurus|Thundurus, M|299\/299
|turn|5
|
|switch|p1a: Heatran|Heatran, F|386\/386
|-damage|p1a: Heatran|338\/386|[from] Stealth Rock
|move|p2a: Thundurus|Wild Charge|p1a: Heatran
|-damage|p1a: Heatran|150\/386
|-damage|p2a: Thundurus|252\/299|[from] recoil|[of] p1a: Heatran
|-damage|p2a: Thundurus|223\/299|[from] item: Life Orb
|
|-heal|p1a: Heatran|174\/386|[from] item: Leftovers
|turn|6
|
|switch|p2a: Pinsir|Pinsir, M, shiny|271\/271
|switch|p1a: Amoonguss|Amoonguss, F|369\/369
|-damage|p1a: Amoonguss|323\/369|[from] Stealth Rock
|
|-heal|p1a: Amoonguss|346\/369|[from] item: Leftovers
|turn|7
|
|detailschange|p2a: Pinsir|Pinsir-Mega, M, shiny
|message|Pinsir has Mega Evolved into Mega Pinsir!
|move|p2a: Pinsir|Swords Dance|p2a: Pinsir
|-boost|p2a: Pinsir|atk|2
|move|p1a: Amoonguss|Foul Play|p2a: Pinsir
|-damage|p2a: Pinsir|48\/271
|
|-heal|p1a: Amoonguss|369\/369|[from] item: Leftovers
|turn|8
|
|switch|p1a: Skarmory|Skarmory, F|334\/334
|-damage|p1a: Skarmory|293\/334|[from] Stealth Rock
|move|p2a: Pinsir|Frustration|p1a: Skarmory
|-resisted|p1a: Skarmory
|-damage|p1a: Skarmory|133\/334
|-damage|p2a: Pinsir|3\/271|[from] item: Rocky Helmet|[of] p1a: Skarmory
|
|turn|9
|
|move|p2a: Pinsir|Frustration|p1a: Skarmory
|-resisted|p1a: Skarmory
|-damage|p1a: Skarmory|0 fnt
|-damage|p2a: Pinsir|0 fnt|[from] item: Rocky Helmet|[of] p1a: Skarmory
|faint|p2a: Pinsir
|faint|p1a: Skarmory
|
|
|switch|p2a: Talonflame|Talonflame, F|297\/297
|switch|p1a: Medicham|Medicham-Mega, M|261\/261
|-damage|p1a: Medicham|245\/261|[from] Stealth Rock
|turn|10
|
|move|p1a: Medicham|Fake Out|p2a: Talonflame
|-damage|p2a: Talonflame|189\/297
|cant|p2a: Talonflame|flinch
|
|turn|11
|
|switch|p1a: Heatran|Heatran, F|174\/386
|-damage|p1a: Heatran|126\/386|[from] Stealth Rock
|move|p2a: Talonflame|Brave Bird|p1a: Heatran
|-resisted|p1a: Heatran
|-damage|p1a: Heatran|4\/386
|-damage|p2a: Talonflame|149\/297|[from] recoil|[of] p1a: Heatran
|
|-heal|p1a: Heatran|28\/386|[from] item: Leftovers
|turn|12
|
|move|p2a: Talonflame|Brave Bird|p1a: Heatran
|-resisted|p1a: Heatran
|-damage|p1a: Heatran|0 fnt
|-damage|p2a: Talonflame|140\/297|[from] recoil|[of] p1a: Heatran
|faint|p1a: Heatran
|
|
|switch|p1a: Slowbro|Slowbro, F|394\/394
|-damage|p1a: Slowbro|345\/394|[from] Stealth Rock
|turn|13
|
|move|p2a: Talonflame|Brave Bird|p1a: Slowbro
|-damage|p1a: Slowbro|168\/394
|-damage|p2a: Talonflame|82\/297|[from] recoil|[of] p1a: Slowbro
|move|p1a: Slowbro|Scald|p2a: Talonflame
|-supereffective|p2a: Talonflame
|-damage|p2a: Talonflame|0 fnt
|faint|p2a: Talonflame
|
|-heal|p1a: Slowbro|192\/394|[from] item: Leftovers
|
|switch|p2a: Thundurus|Thundurus, M|223\/299
|turn|14
|
|switch|p1a: Amoonguss|Amoonguss, F|369\/369
|-damage|p1a: Amoonguss|323\/369|[from] Stealth Rock
|move|p2a: Thundurus|Knock Off|p1a: Amoonguss
|-damage|p1a: Amoonguss|189\/369
|-enditem|p1a: Amoonguss|Leftovers|[from] move: Knock Off|[of] p2a: Thundurus
|-damage|p2a: Thundurus|194\/299|[from] item: Life Orb
|
|turn|15
|
|move|p2a: Thundurus|Hidden Power|p1a: Amoonguss
|-supereffective|p1a: Amoonguss
|-damage|p1a: Amoonguss|72\/369
|-damage|p2a: Thundurus|165\/299|[from] item: Life Orb
|move|p1a: Amoonguss|Sludge Bomb|p2a: Thundurus
|-damage|p2a: Thundurus|45\/299
|
|turn|16
|
|move|p2a: Thundurus|Wild Charge|p1a: Amoonguss
|-resisted|p1a: Amoonguss
|-damage|p1a: Amoonguss|0 fnt
|-damage|p2a: Thundurus|27\/299|[from] recoil|[of] p1a: Amoonguss
|-damage|p2a: Thundurus|0 fnt|[from] item: Life Orb
|faint|p1a: Amoonguss
|faint|p2a: Thundurus
|
|
|switch|p2a: Excadrill|Excadrill, M|361\/361
|switch|p1a: Slowbro|Slowbro, F|323\/394
|-damage|p1a: Slowbro|274\/394|[from] Stealth Rock
|-ability|p2a: Excadrill|Mold Breaker
|turn|17
|
|move|p2a: Excadrill|Earthquake|p1a: Slowbro
|-damage|p1a: Slowbro|129\/394
|move|p1a: Slowbro|Slack Off|p1a: Slowbro
|-heal|p1a: Slowbro|326\/394
|
|-heal|p1a: Slowbro|350\/394|[from] item: Leftovers
|turn|18
|
|move|p2a: Excadrill|Earthquake|p1a: Slowbro
|-damage|p1a: Slowbro|212\/394
|move|p1a: Slowbro|Scald|p2a: Excadrill
|-supereffective|p2a: Excadrill
|-damage|p2a: Excadrill|101\/361
|-status|p2a: Excadrill|brn
|
|-heal|p1a: Slowbro|236\/394|[from] item: Leftovers
|-damage|p2a: Excadrill|56\/361 brn|[from] brn
|turn|19
|-message|TCBB forfeited.
|
|win|E-Hgonz@lo
|raw|Ladder updating...
|leave|TCBB
|player|p2
|raw|E-Hgonz@lo's rating: 1821 &rarr; <strong>1835<\/strong><br \/>(+14 for winning)
|raw|TCBB's rating: 1712 &rarr; <strong>1698<\/strong><br \/>(-14 for losing)
|join|TCBB
|leave|E-Hgonz@lo
|player|p1