|join|TestingDon'tJudge
|join|TCBB
|player|p1|TestingDon'tJudge|81
|player|p2|TCBB|169
|gametype|singles
|gen|6
|tier|OU
|rated
|clearpoke
|poke|p1|Heatran, F
|poke|p1|Ferrothorn, M
|poke|p1|Clefable, F, shiny
|poke|p1|Keldeo, shiny
|poke|p1|Rotom-Wash
|poke|p1|Latias, F
|poke|p2|Charizard, M
|poke|p2|Terrakion
|poke|p2|Excadrill, M
|poke|p2|Keldeo
|poke|p2|Bisharp, M
|poke|p2|Azumarill, F
|rule|Swagger Clause: Swagger is banned
|rule|Baton Pass Clause: Limit one PokÃ©mon knowing Baton Pass
|rule|Sleep Clause Mod: Limit one foe put to sleep
|rule|Species Clause: Limit one of each PokÃ©mon
|rule|OHKO Clause: OHKO moves are banned
|rule|Moody Clause: Moody is banned
|rule|Evasion Moves Clause: Evasion moves are banned
|rule|Endless Battle Clause: Forcing endless battles is banned
|rule|HP Percentage Mod: HP is shown in percentages
|teampreview
|
|start
|switch|p1a: Rotom-Wash|Rotom-Wash|303\/303
|switch|p2a: Terrakion|Terrakion|323\/323
|turn|1
|
|move|p2a: Terrakion|Stealth Rock|p1a: Rotom-Wash
|-sidestart|p1: TestingDon'tJudge|move: Stealth Rock
|move|p1a: Rotom-Wash|Will-O-Wisp|p2a: Terrakion
|-status|p2a: Terrakion|brn
|
|-damage|p2a: Terrakion|283\/323 brn|[from] brn
|turn|2
|
|move|p2a: Terrakion|Close Combat|p1a: Rotom-Wash
|-damage|p1a: Rotom-Wash|210\/303
|-unboost|p2a: Terrakion|def|1
|-unboost|p2a: Terrakion|spd|1
|move|p1a: Rotom-Wash|Hydro Pump|p2a: Terrakion
|-supereffective|p2a: Terrakion
|-damage|p2a: Terrakion|0 fnt
|faint|p2a: Terrakion
|
|
|switch|p2a: Charizard|Charizard, M|297\/297
|turn|3
|
|switch|p1a: Heatran|Heatran, F|385\/385
|-damage|p1a: Heatran|337\/385|[from] Stealth Rock
|detailschange|p2a: Charizard|Charizard-Mega-X, M
|message|Charizard has Mega Evolved into Mega Charizard!
|move|p2a: Charizard|Dragon Claw|p1a: Heatran
|-resisted|p1a: Heatran
|-damage|p1a: Heatran|232\/385
|
|-heal|p1a: Heatran|256\/385|[from] item: Leftovers
|turn|4
|
|switch|p2a: Excadrill|Excadrill, M|361\/361
|-ability|p2a: Excadrill|Mold Breaker
|switch|p1a: Clefable|Clefable, F, shiny|393\/393
|-damage|p1a: Clefable|344\/393|[from] Stealth Rock
|
|-heal|p1a: Clefable|368\/393|[from] item: Leftovers
|turn|5
|
|move|p1a: Clefable|Protect|p1a: Clefable
|-singleturn|p1a: Clefable|Protect
|move|p2a: Excadrill|Earthquake|p1a: Clefable
|-activate|p1a: Clefable|Protect
|
|-heal|p1a: Clefable|392\/393|[from] item: Leftovers
|turn|6
|
|switch|p2a: Bisharp|Bisharp, M|271\/271
|switch|p1a: Ferrothorn|Ferrothorn, M|351\/351
|-damage|p1a: Ferrothorn|330\/351|[from] Stealth Rock
|
|-heal|p1a: Ferrothorn|351\/351|[from] item: Leftovers
|turn|7
|
|switch|p2a: Charizard|Charizard-Mega-X, M|297\/297
|switch|p1a: Keldeo|Keldeo, shiny|323\/323
|-damage|p1a: Keldeo|303\/323|[from] Stealth Rock
|
|-heal|p1a: Keldeo|323\/323|[from] item: Leftovers
|turn|8
|
|move|p1a: Keldeo|Scald|p2a: Charizard
|-damage|p2a: Charizard|144\/297
|move|p2a: Charizard|Dragon Dance|p2a: Charizard
|-boost|p2a: Charizard|atk|1
|-boost|p2a: Charizard|spe|1
|
|turn|9
|
|switch|p1a: Clefable|Clefable, F, shiny|392\/393
|-damage|p1a: Clefable|343\/393|[from] Stealth Rock
|move|p2a: Charizard|Dragon Claw|p1a: Clefable
|-immune|p1a: Clefable|[msg]
|
|-heal|p1a: Clefable|367\/393|[from] item: Leftovers
|turn|10
|
|move|p2a: Charizard|Roost|p2a: Charizard
|-heal|p2a: Charizard|293\/297
|move|p1a: Clefable|Wish|p1a: Clefable
|
|-heal|p1a: Clefable|391\/393|[from] item: Leftovers
|turn|11
|
|move|p2a: Charizard|Flare Blitz|p1a: Clefable
|-damage|p1a: Clefable|124\/393
|-damage|p2a: Charizard|205\/297|[from] recoil|[of] p1a: Clefable
|move|p1a: Clefable|Moonblast|p2a: Charizard
|-damage|p2a: Charizard|87\/297
|
|-heal|p1a: Clefable|320\/393|[from] move: Wish|[wisher] Clefable
|-heal|p1a: Clefable|344\/393|[from] item: Leftovers
|turn|12
|
|move|p2a: Charizard|Roost|p2a: Charizard
|-heal|p2a: Charizard|236\/297
|move|p1a: Clefable|Moonblast|p2a: Charizard
|-damage|p2a: Charizard|103\/297
|
|-heal|p1a: Clefable|368\/393|[from] item: Leftovers
|turn|13
|
|move|p2a: Charizard|Roost|p2a: Charizard
|-heal|p2a: Charizard|252\/297
|move|p1a: Clefable|Wish|p1a: Clefable
|
|-heal|p1a: Clefable|392\/393|[from] item: Leftovers
|turn|14
|
|switch|p2a: Bisharp|Bisharp, M|271\/271
|move|p1a: Clefable|Moonblast|p2a: Bisharp
|-damage|p2a: Bisharp|124\/271
|
|-heal|p1a: Clefable|393\/393|[from] move: Wish|[wisher] Clefable
|turn|15
|
|move|p1a: Clefable|Protect|p1a: Clefable
|-singleturn|p1a: Clefable|Protect
|move|p2a: Bisharp|Knock Off|p1a: Clefable
|-activate|p1a: Clefable|Protect
|
|turn|16
|
|switch|p1a: Keldeo|Keldeo, shiny|323\/323
|-damage|p1a: Keldeo|303\/323|[from] Stealth Rock
|move|p2a: Bisharp|Iron Head|p1a: Keldeo
|-resisted|p1a: Keldeo
|-damage|p1a: Keldeo|216\/323
|
|-heal|p1a: Keldeo|236\/323|[from] item: Leftovers
|turn|17
|
|switch|p2a: Azumarill|Azumarill, F|401\/401
|move|p1a: Keldeo|Scald|p2a: Azumarill
|-resisted|p2a: Azumarill
|-damage|p2a: Azumarill|342\/401
|
|-heal|p1a: Keldeo|256\/323|[from] item: Leftovers
|turn|18
|
|switch|p2a: Charizard|Charizard-Mega-X, M|252\/297
|move|p1a: Keldeo|Substitute|p1a: Keldeo
|-start|p1a: Keldeo|Substitute
|-damage|p1a: Keldeo|176\/323
|
|-heal|p1a: Keldeo|196\/323|[from] item: Leftovers
|turn|19
|
|switch|p2a: Azumarill|Azumarill, F|342\/401
|move|p1a: Keldeo|Scald|p2a: Azumarill
|-resisted|p2a: Azumarill
|-damage|p2a: Azumarill|284\/401
|-status|p2a: Azumarill|brn
|
|-heal|p1a: Keldeo|216\/323|[from] item: Leftovers
|-damage|p2a: Azumarill|234\/401 brn|[from] brn
|turn|20
|
|move|p1a: Keldeo|Secret Sword|p2a: Azumarill
|-crit|p2a: Azumarill
|-resisted|p2a: Azumarill
|-damage|p2a: Azumarill|102\/401 brn
|move|p2a: Azumarill|Play Rough|p1a: Keldeo
|-supereffective|p1a: Keldeo
|-end|p1a: Keldeo|Substitute
|
|-heal|p1a: Keldeo|236\/323|[from] item: Leftovers
|-damage|p2a: Azumarill|52\/401 brn|[from] brn
|turn|21
|
|move|p1a: Keldeo|Secret Sword|p2a: Azumarill
|-resisted|p2a: Azumarill
|-damage|p2a: Azumarill|0 fnt
|faint|p2a: Azumarill
|
|-heal|p1a: Keldeo|256\/323|[from] item: Leftovers
|
|switch|p2a: Excadrill|Excadrill, M|361\/361
|-ability|p2a: Excadrill|Mold Breaker
|turn|22
|
|switch|p1a: Ferrothorn|Ferrothorn, M|351\/351
|-damage|p1a: Ferrothorn|330\/351|[from] Stealth Rock
|move|p2a: Excadrill|Earthquake|p1a: Ferrothorn
|-damage|p1a: Ferrothorn|201\/351
|
|-heal|p1a: Ferrothorn|222\/351|[from] item: Leftovers
|turn|23
|
|move|p2a: Excadrill|Earthquake|p1a: Ferrothorn
|-damage|p1a: Ferrothorn|104\/351
|move|p1a: Ferrothorn|Leech Seed|p2a: Excadrill
|-start|p2a: Excadrill|move: Leech Seed
|
|-heal|p1a: Ferrothorn|125\/351|[from] item: Leftovers
|-damage|p2a: Excadrill|316\/361|[from] Leech Seed|[of] p1a: Ferrothorn
|-heal|p1a: Ferrothorn|170\/351|[silent]
|turn|24
|
|switch|p2a: Charizard|Charizard-Mega-X, M|252\/297
|move|p1a: Ferrothorn|Leech Seed|p2a: Charizard
|-start|p2a: Charizard|move: Leech Seed
|
|-heal|p1a: Ferrothorn|191\/351|[from] item: Leftovers
|-damage|p2a: Charizard|215\/297|[from] Leech Seed|[of] p1a: Ferrothorn
|-heal|p1a: Ferrothorn|228\/351|[silent]
|turn|25
|
|switch|p2a: Keldeo|Keldeo|323\/323
|switch|p1a: Latias|Latias, F|305\/305
|-damage|p1a: Latias|267\/305|[from] Stealth Rock
|
|turn|26
|
|switch|p2a: Bisharp|Bisharp, M|124\/271
|move|p1a: Latias|Draco Meteor|p2a: Bisharp
|-resisted|p2a: Bisharp
|-damage|p2a: Bisharp|0 fnt
|-unboost|p1a: Latias|spa|2
|-damage|p1a: Latias|237\/305|[from] item: Life Orb
|faint|p2a: Bisharp
|
|-message|TCBB forfeited.
|
|win|TestingDon'tJudge
|raw|Ladder updating...
|leave|TCBB
|player|p2
|raw|TestingDon&apos;tJudge's rating: 1714 &rarr; <strong>1732<\/strong><br \/>(+18 for winning)
|raw|TCBB's rating: 1671 &rarr; <strong>1654<\/strong><br \/>(-17 for losing)