|join|TCBB
|join|Snoupy
|player|p1|TCBB|266
|player|p2|Snoupy|118
|gametype|singles
|gen|6
|tier|OU (suspect test)
|rated
|clearpoke
|poke|p1|Gyarados, M
|poke|p1|Gothitelle, F
|poke|p1|Garchomp, M
|poke|p1|Greninja, M
|poke|p1|Thundurus, M
|poke|p1|Bisharp, M
|poke|p2|Keldeo-Resolute
|poke|p2|Heatran, M, shiny
|poke|p2|Venusaur, M, shiny
|poke|p2|Rotom-Wash
|poke|p2|Landorus-Therian, M, shiny
|poke|p2|Clefable, F
|rule|Swagger Clause: Swagger is banned
|rule|Baton Pass Clause: Limit one PokÃ©mon knowing Baton Pass
|rule|Sleep Clause Mod: Limit one foe put to sleep
|rule|Species Clause: Limit one of each PokÃ©mon
|rule|OHKO Clause: OHKO moves are banned
|rule|Moody Clause: Moody is banned
|rule|Evasion Moves Clause: Evasion moves are banned
|rule|Endless Battle Clause: Forcing endless battles is banned
|rule|HP Percentage Mod: HP is reported as percentages
|teampreview
|
|start
|switch|p1a: Garchomp|Garchomp, M|357\/357
|switch|p2a: Tenshi no kage|Clefable, F|394\/394
|turn|1
|
|move|p1a: Garchomp|Stealth Rock|p2a: Tenshi no kage
|-sidestart|p2: Snoupy|move: Stealth Rock
|move|p2a: Tenshi no kage|Moonblast|p1a: Garchomp
|-supereffective|p1a: Garchomp
|-damage|p1a: Garchomp|129\/357
|
|turn|2
|
|move|p1a: Garchomp|Earthquake|p2a: Tenshi no kage
|-damage|p2a: Tenshi no kage|235\/394
|move|p2a: Tenshi no kage|Calm Mind|p2a: Tenshi no kage
|-boost|p2a: Tenshi no kage|spa|1
|-boost|p2a: Tenshi no kage|spd|1
|
|-heal|p2a: Tenshi no kage|259\/394|[from] item: Leftovers
|turn|3
|
|switch|p1a: Bisharp|Bisharp, M|271\/271
|move|p2a: Tenshi no kage|Soft-Boiled|p2a: Tenshi no kage
|-heal|p2a: Tenshi no kage|394\/394
|
|turn|4
|
|switch|p2a: Mizu no kami|Keldeo-Resolute|324\/324
|-damage|p2a: Mizu no kami|304\/324|[from] Stealth Rock
|move|p1a: Bisharp|Iron Head|p2a: Mizu no kami
|-resisted|p2a: Mizu no kami
|-damage|p2a: Mizu no kami|194\/324
|-damage|p1a: Bisharp|244\/271|[from] item: Life Orb
|
|turn|5
|
|switch|p1a: Garchomp|Garchomp, M|129\/357
|move|p2a: Mizu no kami|Hydro Pump|p1a: Garchomp
|-damage|p1a: Garchomp|0 fnt
|faint|p1a: Garchomp
|
|
|switch|p1a: Greninja|Greninja, M|285\/285
|turn|6
|
|switch|p2a: Gosutouirusu|Rotom-Wash|304\/304
|-damage|p2a: Gosutouirusu|266\/304|[from] Stealth Rock
|move|p1a: Greninja|Extrasensory|p2a: Gosutouirusu
|-start|p1a: Greninja|typechange|Psychic|[from] Protean
|-damage|p2a: Gosutouirusu|159\/304
|-damage|p1a: Greninja|257\/285|[from] item: Life Orb
|
|-heal|p2a: Gosutouirusu|178\/304|[from] item: Leftovers
|turn|7
|
|move|p1a: Greninja|Hidden Power|p2a: Gosutouirusu
|-start|p1a: Greninja|typechange|Grass|[from] Protean
|-supereffective|p2a: Gosutouirusu
|-damage|p2a: Gosutouirusu|12\/304
|-damage|p1a: Greninja|229\/285|[from] item: Life Orb
|move|p2a: Gosutouirusu|Volt Switch|p1a: Greninja
|-resisted|p1a: Greninja
|-damage|p1a: Greninja|175\/285
|
|switch|p2a: Suna no tora|Landorus-Therian, M, shiny|320\/320
|-damage|p2a: Suna no tora|280\/320|[from] Stealth Rock
|-ability|p2a: Suna no tora|Intimidate|[of] p1a: Greninja
|-unboost|p1a: Greninja|atk|1
|
|turn|8
|
|switch|p1a: Gyarados|Gyarados, M|331\/331
|-ability|p1a: Gyarados|Intimidate|[of] p2a: Suna no tora
|-unboost|p2a: Suna no tora|atk|1
|move|p2a: Suna no tora|U-turn|p1a: Gyarados
|-resisted|p1a: Gyarados
|-damage|p1a: Gyarados|293\/331
|
|switch|p2a: Tenshi no kage|Clefable, F|394\/394
|
|turn|9
|
|switch|p1a: Gothitelle|Gothitelle, F|302\/302
|move|p2a: Tenshi no kage|Calm Mind|p2a: Tenshi no kage
|-boost|p2a: Tenshi no kage|spa|1
|-boost|p2a: Tenshi no kage|spd|1
|
|turn|10
|
|move|p1a: Gothitelle|Trick|p2a: Tenshi no kage
|-activate|p1a: Gothitelle|move: Trick|[of] p2a: Tenshi no kage
|-item|p2a: Tenshi no kage|Choice Specs|[from] move: Trick
|-item|p1a: Gothitelle|Leftovers|[from] move: Trick
|move|p2a: Tenshi no kage|Moonblast|p1a: Gothitelle
|-damage|p1a: Gothitelle|76\/302
|
|-heal|p1a: Gothitelle|94\/302|[from] item: Leftovers
|turn|11
|
|move|p1a: Gothitelle|Psychic|p2a: Tenshi no kage
|-damage|p2a: Tenshi no kage|292\/394
|move|p2a: Tenshi no kage|Moonblast|p1a: Gothitelle
|-damage|p1a: Gothitelle|0 fnt
|faint|p1a: Gothitelle
|
|
|switch|p1a: Bisharp|Bisharp, M|244\/271
|turn|12
|join|BahaWin
|
|move|p1a: Bisharp|Iron Head|p2a: Tenshi no kage
|-supereffective|p2a: Tenshi no kage
|-damage|p2a: Tenshi no kage|0 fnt
|-damage|p1a: Bisharp|217\/271|[from] item: Life Orb
|faint|p2a: Tenshi no kage
|
|
|switch|p2a: Mizu no kami|Keldeo-Resolute|194\/324
|-damage|p2a: Mizu no kami|174\/324|[from] Stealth Rock
|turn|13
|
|switch|p1a: Thundurus|Thundurus, M|299\/299
|move|p2a: Mizu no kami|Scald|p1a: Thundurus
|-damage|p1a: Thundurus|59\/299
|
|turn|14
|
|switch|p2a: Mori no kemono|Venusaur, M, shiny|364\/364
|-damage|p2a: Mori no kemono|319\/364|[from] Stealth Rock
|move|p1a: Thundurus|Thunder Wave|p2a: Mori no kemono
|-status|p2a: Mori no kemono|par
|
|turn|15
|
|detailschange|p2a: Mori no kemono|Venusaur-Mega, M, shiny
|message|Venusaur has Mega Evolved into Mega Venusaur!
|move|p1a: Thundurus|Hidden Power|p2a: Mori no kemono
|-supereffective|p2a: Mori no kemono
|-damage|p2a: Mori no kemono|244\/364 par
|-damage|p1a: Thundurus|30\/299|[from] item: Life Orb
|cant|p2a: Mori no kemono|par
|
|turn|16
|
|move|p1a: Thundurus|Hidden Power|p2a: Mori no kemono
|-supereffective|p2a: Mori no kemono
|-damage|p2a: Mori no kemono|161\/364 par
|-damage|p1a: Thundurus|1\/299|[from] item: Life Orb
|move|p2a: Mori no kemono|Synthesis|p2a: Mori no kemono
|-heal|p2a: Mori no kemono|343\/364 par
|
|turn|17
|
|move|p1a: Thundurus|Hidden Power|p2a: Mori no kemono
|-supereffective|p2a: Mori no kemono
|-damage|p2a: Mori no kemono|268\/364 par
|-damage|p1a: Thundurus|0 fnt|[from] item: Life Orb
|faint|p1a: Thundurus
|move|p2a: Mori no kemono|Leech Seed|p1: Thundurus|[notarget]
|-notarget
|
|
|switch|p1a: Greninja|Greninja, M|175\/285
|turn|18
|
|move|p1a: Greninja|Extrasensory|p2a: Mori no kemono
|-start|p1a: Greninja|typechange|Psychic|[from] Protean
|-supereffective|p2a: Mori no kemono
|-damage|p2a: Mori no kemono|0 fnt
|-damage|p1a: Greninja|147\/285|[from] item: Life Orb
|faint|p2a: Mori no kemono
|
|
|switch|p2a: Suna no tora|Landorus-Therian, M, shiny|280\/320
|-damage|p2a: Suna no tora|240\/320|[from] Stealth Rock
|-ability|p2a: Suna no tora|Intimidate|[of] p1a: Greninja
|-unboost|p1a: Greninja|atk|1
|turn|19
|
|switch|p1a: Gyarados|Gyarados, M|293\/331
|-ability|p1a: Gyarados|Intimidate|[of] p2a: Suna no tora
|-unboost|p2a: Suna no tora|atk|1
|move|p2a: Suna no tora|U-turn|p1a: Gyarados
|-resisted|p1a: Gyarados
|-damage|p1a: Gyarados|259\/331
|
|switch|p2a: Gosutouirusu|Rotom-Wash|12\/304
|-damage|p2a: Gosutouirusu|0 fnt|[from] Stealth Rock
|faint|p2a: Gosutouirusu
|
|
|switch|p2a: Suna no tora|Landorus-Therian, M, shiny|240\/320
|-damage|p2a: Suna no tora|200\/320|[from] Stealth Rock
|-ability|p2a: Suna no tora|Intimidate|[of] p1a: Gyarados
|-unboost|p1a: Gyarados|atk|1
|turn|20
|
|detailschange|p1a: Gyarados|Gyarados-Mega, M
|message|Gyarados has Mega Evolved into Mega Gyarados!
|-ability|p1a: Gyarados|Mold Breaker
|move|p2a: Suna no tora|Stone Edge|p1a: Gyarados
|-crit|p1a: Gyarados
|-damage|p1a: Gyarados|68\/331
|move|p1a: Gyarados|Dragon Dance|p1a: Gyarados
|-boost|p1a: Gyarados|atk|1
|-boost|p1a: Gyarados|spe|1
|
|turn|21
|
|switch|p2a: Akuma no ygan|Heatran, M, shiny|386\/386
|-damage|p2a: Akuma no ygan|338\/386|[from] Stealth Rock
|move|p1a: Gyarados|Waterfall|p2a: Akuma no ygan
|-supereffective|p2a: Akuma no ygan
|-damage|p2a: Akuma no ygan|0 fnt
|faint|p2a: Akuma no ygan
|
|
|switch|p2a: Suna no tora|Landorus-Therian, M, shiny|200\/320
|-damage|p2a: Suna no tora|160\/320|[from] Stealth Rock
|-ability|p2a: Suna no tora|Intimidate|[of] p1a: Gyarados
|-unboost|p1a: Gyarados|atk|1
|turn|22
|
|move|p2a: Suna no tora|Earthquake|p1a: Gyarados
|-damage|p1a: Gyarados|0 fnt
|faint|p1a: Gyarados
|
|
|switch|p1a: Bisharp|Bisharp, M|217\/271
|turn|23
|
|move|p1a: Bisharp|Sucker Punch|p2a: Suna no tora
|-damage|p2a: Suna no tora|0 fnt
|-damage|p1a: Bisharp|190\/271|[from] item: Life Orb
|faint|p2a: Suna no tora
|
|-message|Snoupy forfeited.
|
|win|TCBB
|raw|Ladder updating...
|leave|Snoupy
|player|p2
|raw|TCBB's rating: 1309 &rarr; <strong>1329<\/strong><br \/>(+20 for winning)
|raw|Snoupy's rating: 1313 &rarr; <strong>1293<\/strong><br \/>(-20 for losing)
|leave|TCBB
|player|p1
|join|TCBB