|join|The Tyranitar
|join|TCBB
|player|p1|The Tyranitar|153
|player|p2|TCBB|170
|gametype|singles
|gen|6
|tier|OU (suspect test)
|rated
|clearpoke
|poke|p1|Greninja, M
|poke|p1|Gengar, F
|poke|p1|Bisharp, M
|poke|p1|Excadrill, F
|poke|p1|Talonflame, F
|poke|p1|Azumarill, M
|poke|p2|Slowbro, M
|poke|p2|Latios, M
|poke|p2|Heatran, M
|poke|p2|Scizor, M
|poke|p2|Clefable, F
|poke|p2|Terrakion
|rule|Swagger Clause: Swagger is banned
|rule|Baton Pass Clause: Limit one PokÃ©mon knowing Baton Pass
|rule|Sleep Clause Mod: Limit one foe put to sleep
|rule|Species Clause: Limit one of each PokÃ©mon
|rule|OHKO Clause: OHKO moves are banned
|rule|Moody Clause: Moody is banned
|rule|Evasion Moves Clause: Evasion moves are banned
|rule|Endless Battle Clause: Forcing endless battles is banned
|rule|HP Percentage Mod: HP is reported as percentages
|teampreview
|
|start
|switch|p1a: Croakaine|Greninja, M|286\/286
|switch|p2a: Terrakion|Terrakion|323\/323
|turn|1
|
|move|p2a: Terrakion|Close Combat|p1a: Croakaine
|-supereffective|p1a: Croakaine
|-enditem|p1a: Croakaine|Focus Sash
|-damage|p1a: Croakaine|1\/286
|-unboost|p2a: Terrakion|def|1
|-unboost|p2a: Terrakion|spd|1
|move|p1a: Croakaine|Spikes|p2a: Terrakion
|-start|p1a: Croakaine|typechange|Ground|[from] Protean
|-sidestart|p2: TCBB|Spikes
|
|turn|2
|
|switch|p1a: Shadow Ballin'|Gengar, F|271\/271
|move|p2a: Terrakion|Close Combat|p1a: Shadow Ballin'
|-immune|p1a: Shadow Ballin'|[msg]
|
|turn|3
|
|switch|p2a: Scizor|Scizor, M|342\/342
|-damage|p2a: Scizor|300\/342|[from] Spikes
|move|p1a: Shadow Ballin'|Substitute|p1a: Shadow Ballin'
|-start|p1a: Shadow Ballin'|Substitute
|-damage|p1a: Shadow Ballin'|204\/271
|
|-heal|p1a: Shadow Ballin'|220\/271|[from] item: Black Sludge
|turn|4
|
|switch|p2a: Heatran|Heatran, M|385\/385
|-damage|p2a: Heatran|337\/385|[from] Spikes
|move|p1a: Shadow Ballin'|Shadow Ball|p2a: Heatran
|-damage|p2a: Heatran|232\/385
|
|-heal|p1a: Shadow Ballin'|236\/271|[from] item: Black Sludge
|-heal|p2a: Heatran|256\/385|[from] item: Leftovers
|turn|5
|
|move|p1a: Shadow Ballin'|Taunt|p2a: Heatran
|-start|p2a: Heatran|move: Taunt
|move|p2a: Heatran|Flamethrower|p1a: Shadow Ballin'
|-end|p1a: Shadow Ballin'|Substitute
|
|-heal|p1a: Shadow Ballin'|252\/271|[from] item: Black Sludge
|-heal|p2a: Heatran|280\/385|[from] item: Leftovers
|turn|6
|
|switch|p2a: Scizor|Scizor, M|300\/342
|-damage|p2a: Scizor|258\/342|[from] Spikes
|move|p1a: Shadow Ballin'|Disable|p2a: Scizor
|-fail|p2a: Scizor
|
|-heal|p1a: Shadow Ballin'|268\/271|[from] item: Black Sludge
|turn|7
|
|detailschange|p2a: Scizor|Scizor-Mega, M
|message|Scizor has Mega Evolved into Mega Scizor!
|move|p1a: Shadow Ballin'|Substitute|p1a: Shadow Ballin'
|-start|p1a: Shadow Ballin'|Substitute
|-damage|p1a: Shadow Ballin'|201\/271
|move|p2a: Scizor|Roost|p2a: Scizor
|-heal|p2a: Scizor|342\/342
|
|-heal|p1a: Shadow Ballin'|217\/271|[from] item: Black Sludge
|turn|8
|
|move|p2a: Scizor|Bullet Punch|p1a: Shadow Ballin'
|-end|p1a: Shadow Ballin'|Substitute
|move|p1a: Shadow Ballin'|Taunt|p2a: Scizor
|-start|p2a: Scizor|move: Taunt
|
|-heal|p1a: Shadow Ballin'|233\/271|[from] item: Black Sludge
|turn|9
|
|switch|p1a: Osama Bin' liftin'|Talonflame, F|297\/297
|move|p2a: Scizor|Bullet Punch|p1a: Osama Bin' liftin'
|-resisted|p1a: Osama Bin' liftin'
|-damage|p1a: Osama Bin' liftin'|234\/297
|
|-heal|p1a: Osama Bin' liftin'|252\/297|[from] item: Leftovers
|turn|10
|
|switch|p2a: Slowbro|Slowbro, M|394\/394
|-damage|p2a: Slowbro|345\/394|[from] Spikes
|move|p1a: Osama Bin' liftin'|Brave Bird|p2a: Slowbro
|-crit|p2a: Slowbro
|-damage|p2a: Slowbro|158\/394
|-damage|p1a: Osama Bin' liftin'|190\/297|[from] recoil|[of] p2a: Slowbro
|
|-heal|p1a: Osama Bin' liftin'|208\/297|[from] item: Leftovers
|-heal|p2a: Slowbro|182\/394|[from] item: Leftovers
|turn|11
|
|switch|p1a: Croakaine|Greninja, M|1\/286
|move|p2a: Slowbro|Psyshock|p1a: Croakaine
|-immune|p1a: Croakaine|[msg]
|
|-heal|p2a: Slowbro|206\/394|[from] item: Leftovers
|turn|12
|
|switch|p2a: Clefable|Clefable, F|394\/394
|move|p1a: Croakaine|Spikes|p2a: Clefable
|-start|p1a: Croakaine|typechange|Ground|[from] Protean
|-sidestart|p2: TCBB|Spikes
|
|turn|13
|
|move|p1a: Croakaine|Hydro Pump|p2a: Clefable|[miss]
|-start|p1a: Croakaine|typechange|Water|[from] Protean
|-miss|p1a: Croakaine|p2a: Clefable
|move|p2a: Clefable|Stealth Rock|p1a: Croakaine
|-sidestart|p1: The Tyranitar|move: Stealth Rock
|
|turn|14
|
|move|p1a: Croakaine|Hydro Pump|p2a: Clefable
|-damage|p2a: Clefable|235\/394
|move|p2a: Clefable|Flamethrower|p1a: Croakaine
|-resisted|p1a: Croakaine
|-damage|p1a: Croakaine|0 fnt
|faint|p1a: Croakaine
|
|-heal|p2a: Clefable|259\/394|[from] item: Leftovers
|
|switch|p1a: Excaskills|Excadrill, F|361\/361
|-damage|p1a: Excaskills|350\/361|[from] Stealth Rock
|-ability|p1a: Excaskills|Mold Breaker
|-item|p1a: Excaskills|Air Balloon
|turn|15
|
|move|p1a: Excaskills|Stealth Rock|p2a: Clefable
|-sidestart|p2: TCBB|move: Stealth Rock
|move|p2a: Clefable|Flamethrower|p1a: Excaskills
|-supereffective|p1a: Excaskills
|-damage|p1a: Excaskills|166\/361
|-enditem|p1a: Excaskills|Air Balloon
|-status|p1a: Excaskills|brn
|
|-heal|p2a: Clefable|283\/394|[from] item: Leftovers
|-damage|p1a: Excaskills|121\/361 brn|[from] brn
|turn|16
|
|move|p1a: Excaskills|Rapid Spin|p2a: Clefable
|-damage|p2a: Clefable|267\/394
|-sideend|p1: The Tyranitar|Stealth Rock|[from] move: Rapid Spin|[of] p1a: Excaskills
|move|p2a: Clefable|Stealth Rock|p1a: Excaskills
|-sidestart|p1: The Tyranitar|move: Stealth Rock
|
|-heal|p2a: Clefable|291\/394|[from] item: Leftovers
|-damage|p1a: Excaskills|76\/361 brn|[from] brn
|turn|17
|
|move|p1a: Excaskills|Iron Head|p2a: Clefable
|-supereffective|p2a: Clefable
|-damage|p2a: Clefable|111\/394
|move|p2a: Clefable|Stealth Rock|p1a: Excaskills
|-fail|p1a: Excaskills
|
|-heal|p2a: Clefable|135\/394|[from] item: Leftovers
|-damage|p1a: Excaskills|31\/361 brn|[from] brn
|turn|18
|
|move|p1a: Excaskills|Rapid Spin|p2a: Clefable
|-damage|p2a: Clefable|121\/394
|-sideend|p1: The Tyranitar|Stealth Rock|[from] move: Rapid Spin|[of] p1a: Excaskills
|move|p2a: Clefable|Stealth Rock|p1a: Excaskills
|-sidestart|p1: The Tyranitar|move: Stealth Rock
|
|-heal|p2a: Clefable|145\/394|[from] item: Leftovers
|-damage|p1a: Excaskills|0 fnt|[from] brn
|faint|p1a: Excaskills
|
|switch|p1a: Prison Shank|Bisharp, M|304\/304
|-damage|p1a: Prison Shank|285\/304|[from] Stealth Rock
|turn|19
|
|move|p1a: Prison Shank|Knock Off|p2a: Clefable
|-resisted|p2a: Clefable
|-damage|p2a: Clefable|35\/394
|-enditem|p2a: Clefable|Leftovers|[from] move: Knock Off|[of] p1a: Prison Shank
|move|p2a: Clefable|Moonblast|p1a: Prison Shank
|-damage|p1a: Prison Shank|150\/304
|
|turn|20
|
|move|p1a: Prison Shank|Knock Off|p2a: Clefable
|-resisted|p2a: Clefable
|-damage|p2a: Clefable|0 fnt
|faint|p2a: Clefable
|
|
|switch|p2a: Scizor|Scizor-Mega, M|342\/342
|-damage|p2a: Scizor|300\/342|[from] Stealth Rock
|-damage|p2a: Scizor|243\/342|[from] Spikes
|turn|21
|
|move|p1a: Prison Shank|Knock Off|p2a: Scizor
|-damage|p2a: Scizor|161\/342
|move|p2a: Scizor|Swords Dance|p2a: Scizor
|-boost|p2a: Scizor|atk|2
|
|turn|22
|
|move|p1a: Prison Shank|Swords Dance|p1a: Prison Shank
|-boost|p1a: Prison Shank|atk|2
|move|p2a: Scizor|Roost|p2a: Scizor
|-heal|p2a: Scizor|332\/342
|
|turn|23
|
|move|p2a: Scizor|Bullet Punch|p1a: Prison Shank
|-resisted|p1a: Prison Shank
|-damage|p1a: Prison Shank|52\/304
|move|p1a: Prison Shank|Iron Head|p2a: Scizor
|-resisted|p2a: Scizor
|-damage|p2a: Scizor|251\/342
|
|turn|24
|
|move|p1a: Prison Shank|Sucker Punch|p2a: Scizor
|-damage|p2a: Scizor|35\/342
|move|p2a: Scizor|Bullet Punch|p1a: Prison Shank
|-resisted|p1a: Prison Shank
|-damage|p1a: Prison Shank|0 fnt
|faint|p1a: Prison Shank
|
|
|switch|p1a: Osama Bin' liftin'|Talonflame, F|208\/297
|-damage|p1a: Osama Bin' liftin'|60\/297|[from] Stealth Rock
|turn|25
|
|move|p1a: Osama Bin' liftin'|Brave Bird|p2a: Scizor
|-damage|p2a: Scizor|0 fnt
|-damage|p1a: Osama Bin' liftin'|48\/297|[from] recoil|[of] p2a: Scizor
|faint|p2a: Scizor
|
|-heal|p1a: Osama Bin' liftin'|66\/297|[from] item: Leftovers
|
|switch|p2a: Slowbro|Slowbro, M|337\/394
|-damage|p2a: Slowbro|288\/394|[from] Stealth Rock
|-damage|p2a: Slowbro|223\/394|[from] Spikes
|turn|26
|
|move|p1a: Osama Bin' liftin'|Roost|p1a: Osama Bin' liftin'
|-heal|p1a: Osama Bin' liftin'|215\/297
|move|p2a: Slowbro|Slack Off|p2a: Slowbro
|-heal|p2a: Slowbro|394\/394
|
|-heal|p1a: Osama Bin' liftin'|233\/297|[from] item: Leftovers
|turn|27
|
|move|p1a: Osama Bin' liftin'|Swords Dance|p1a: Osama Bin' liftin'
|-boost|p1a: Osama Bin' liftin'|atk|2
|move|p2a: Slowbro|Scald|p1a: Osama Bin' liftin'
|-supereffective|p1a: Osama Bin' liftin'
|-damage|p1a: Osama Bin' liftin'|0 fnt
|faint|p1a: Osama Bin' liftin'
|
|
|switch|p1a: Shadow Ballin'|Gengar, F|233\/271
|-damage|p1a: Shadow Ballin'|200\/271|[from] Stealth Rock
|turn|28
|
|move|p1a: Shadow Ballin'|Substitute|p1a: Shadow Ballin'
|-start|p1a: Shadow Ballin'|Substitute
|-damage|p1a: Shadow Ballin'|133\/271
|move|p2a: Slowbro|Psyshock|p1a: Shadow Ballin'
|-supereffective|p1a: Shadow Ballin'
|-end|p1a: Shadow Ballin'|Substitute
|
|-heal|p1a: Shadow Ballin'|149\/271|[from] item: Black Sludge
|turn|29
|
|move|p1a: Shadow Ballin'|Disable|p2a: Slowbro
|-start|p2a: Slowbro|Disable|Psyshock
|cant|p2a: Slowbro|Disable|Psyshock
|
|-heal|p1a: Shadow Ballin'|165\/271|[from] item: Black Sludge
|turn|30
|
|move|p1a: Shadow Ballin'|Shadow Ball|p2a: Slowbro
|-supereffective|p2a: Slowbro
|-damage|p2a: Slowbro|110\/394
|move|p2a: Slowbro|Scald|p1a: Shadow Ballin'
|-damage|p1a: Shadow Ballin'|65\/271
|
|-heal|p1a: Shadow Ballin'|81\/271|[from] item: Black Sludge
|-heal|p2a: Slowbro|134\/394|[from] item: Leftovers
|turn|31
|
|switch|p2a: Terrakion|Terrakion|323\/323
|-damage|p2a: Terrakion|303\/323|[from] Stealth Rock
|-damage|p2a: Terrakion|250\/323|[from] Spikes
|move|p1a: Shadow Ballin'|Shadow Ball|p2a: Terrakion
|-damage|p2a: Terrakion|99\/323
|
|-heal|p1a: Shadow Ballin'|97\/271|[from] item: Black Sludge
|turn|32
|
|move|p2a: Terrakion|Stone Edge|p1a: Shadow Ballin'
|-damage|p1a: Shadow Ballin'|0 fnt
|faint|p1a: Shadow Ballin'
|
|
|switch|p1a: Chris Christie|Azumarill, M|404\/404
|-damage|p1a: Chris Christie|354\/404|[from] Stealth Rock
|turn|33
|
|move|p1a: Chris Christie|Aqua Jet|p2a: Terrakion
|-supereffective|p2a: Terrakion
|-damage|p2a: Terrakion|0 fnt
|faint|p2a: Terrakion
|
|
|switch|p2a: Latios|Latios, M|301\/301
|-damage|p2a: Latios|264\/301|[from] Stealth Rock
|turn|34
|
|move|p2a: Latios|Thunderbolt|p1a: Chris Christie
|-supereffective|p1a: Chris Christie
|-damage|p1a: Chris Christie|16\/404
|-damage|p2a: Latios|234\/301|[from] item: Life Orb
|-enditem|p1a: Chris Christie|Sitrus Berry|[eat]
|-heal|p1a: Chris Christie|117\/404|[from] item: Sitrus Berry
|move|p1a: Chris Christie|Play Rough|p2a: Latios
|-supereffective|p2a: Latios
|-damage|p2a: Latios|0 fnt
|faint|p2a: Latios
|
|
|switch|p2a: Heatran|Heatran, M|280\/385
|-damage|p2a: Heatran|216\/385|[from] Spikes
|-damage|p2a: Heatran|168\/385|[from] Stealth Rock
|turn|35
|
|move|p1a: Chris Christie|Aqua Jet|p2a: Heatran
|-supereffective|p2a: Heatran
|-damage|p2a: Heatran|12\/385
|move|p2a: Heatran|Earth Power|p1a: Chris Christie
|-damage|p1a: Chris Christie|19\/404
|
|-heal|p2a: Heatran|36\/385|[from] item: Leftovers
|turn|36
|
|move|p1a: Chris Christie|Aqua Jet|p2a: Heatran
|-supereffective|p2a: Heatran
|-damage|p2a: Heatran|0 fnt
|faint|p2a: Heatran
|
|
|switch|p2a: Slowbro|Slowbro, M|265\/394
|-damage|p2a: Slowbro|200\/394|[from] Spikes
|-damage|p2a: Slowbro|151\/394|[from] Stealth Rock
|turn|37
|
|move|p1a: Chris Christie|Play Rough|p2a: Slowbro
|-damage|p2a: Slowbro|28\/394
|move|p2a: Slowbro|Psyshock|p1a: Chris Christie
|-damage|p1a: Chris Christie|0 fnt
|faint|p1a: Chris Christie
|
|win|TCBB
|raw|Ladder updating...
|raw|The Tyranitar's rating: 1289 &rarr; <strong>1268<\/strong><br \/>(-21 for losing)
|raw|TCBB's rating: 1344 &rarr; <strong>1361<\/strong><br \/>(+17 for winning)
|chat|The Tyranitar|gg
|leave|TCBB
|player|p2
|leave|The Tyranitar
|player|p1
|join|TCBB