|join|TCBB
|join|2gr8
|player|p1|TCBB|2
|player|p2|2gr8|217
|gametype|singles
|gen|6
|tier|OU (suspect test)
|rated
|clearpoke
|poke|p1|Gyarados, M
|poke|p1|Gothitelle, F
|poke|p1|Garchomp, M, shiny
|poke|p1|Thundurus, M
|poke|p1|Greninja, M, shiny
|poke|p1|Bisharp, M
|poke|p2|Latias, F
|poke|p2|Mawile, F
|poke|p2|Azelf
|poke|p2|Thundurus, M
|poke|p2|Hawlucha, M
|poke|p2|Azumarill, M
|rule|Swagger Clause: Swagger is banned
|rule|Baton Pass Clause: Limit one PokÃ©mon knowing Baton Pass
|rule|Sleep Clause Mod: Limit one foe put to sleep
|rule|Species Clause: Limit one of each PokÃ©mon
|rule|OHKO Clause: OHKO moves are banned
|rule|Moody Clause: Moody is banned
|rule|Evasion Moves Clause: Evasion moves are banned
|rule|Endless Battle Clause: Forcing endless battles is banned
|rule|HP Percentage Mod: HP is reported as percentages
|teampreview
|
|start
|switch|p1a: Greninja|Greninja, M, shiny|285\/285
|switch|p2a: Azelf|Azelf|292\/292
|turn|1
|
|move|p1a: Greninja|Dark Pulse|p2a: Azelf
|-start|p1a: Greninja|typechange|Dark|[from] Protean
|-crit|p2a: Azelf
|-supereffective|p2a: Azelf
|-enditem|p2a: Azelf|Focus Sash
|-damage|p2a: Azelf|1\/292
|-damage|p1a: Greninja|257\/285|[from] item: Life Orb
|move|p2a: Azelf|Stealth Rock|p1a: Greninja
|-sidestart|p1: TCBB|move: Stealth Rock
|
|turn|2
|
|move|p1a: Greninja|Dark Pulse|p2a: Azelf
|-supereffective|p2a: Azelf
|-damage|p2a: Azelf|0 fnt
|-damage|p1a: Greninja|229\/285|[from] item: Life Orb
|faint|p2a: Azelf
|
|
|switch|p2a: Azumarill|Azumarill, M|342\/342
|turn|3
|
|switch|p1a: Gothitelle|Gothitelle, F|302\/302
|-damage|p1a: Gothitelle|265\/302|[from] Stealth Rock
|move|p2a: Azumarill|Play Rough|p1a: Gothitelle
|-damage|p1a: Gothitelle|70\/302
|
|turn|4
|
|move|p2a: Azumarill|Aqua Jet|p1a: Gothitelle
|-damage|p1a: Gothitelle|0 fnt
|faint|p1a: Gothitelle
|
|
|switch|p1a: Thundurus|Thundurus, M|299\/299
|-damage|p1a: Thundurus|225\/299|[from] Stealth Rock
|turn|5
|
|switch|p2a: Latias|Latias, F|302\/302
|move|p1a: Thundurus|Thunderbolt|p2a: Latias
|-resisted|p2a: Latias
|-damage|p2a: Latias|220\/302
|-damage|p1a: Thundurus|196\/299|[from] item: Life Orb
|
|turn|6
|
|switch|p1a: Bisharp|Bisharp, M|271\/271
|-damage|p1a: Bisharp|255\/271|[from] Stealth Rock
|move|p2a: Latias|Hidden Power|p1a: Bisharp
|-supereffective|p1a: Bisharp
|-damage|p1a: Bisharp|26\/271
|-damage|p2a: Latias|190\/302|[from] item: Life Orb
|
|turn|7
|
|move|p2a: Latias|Hidden Power|p1a: Bisharp
|-supereffective|p1a: Bisharp
|-damage|p1a: Bisharp|0 fnt
|-damage|p2a: Latias|160\/302|[from] item: Life Orb
|faint|p1a: Bisharp
|
|
|switch|p1a: Greninja|Greninja, M, shiny|229\/285
|-damage|p1a: Greninja|194\/285|[from] Stealth Rock
|turn|8
|
|switch|p2a: Mawile|Mawile, F|271\/271
|-ability|p2a: Mawile|Intimidate|[of] p1a: Greninja
|-unboost|p1a: Greninja|atk|1
|move|p1a: Greninja|Extrasensory|p2a: Mawile
|-start|p1a: Greninja|typechange|Psychic|[from] Protean
|-resisted|p2a: Mawile
|-damage|p2a: Mawile|153\/271
|-damage|p1a: Greninja|166\/285|[from] item: Life Orb
|
|turn|9
|
|detailschange|p2a: Mawile|Mawile-Mega, F
|message|Mawile has Mega Evolved into Mega Mawile!
|move|p1a: Greninja|Hydro Pump|p2a: Mawile
|-start|p1a: Greninja|typechange|Water|[from] Protean
|-damage|p2a: Mawile|0 fnt
|-damage|p1a: Greninja|138\/285|[from] item: Life Orb
|faint|p2a: Mawile
|
|
|switch|p2a: Azumarill|Azumarill, M|342\/342
|turn|10
|
|switch|p1a: Gyarados|Gyarados, M|331\/331
|-damage|p1a: Gyarados|249\/331|[from] Stealth Rock
|-ability|p1a: Gyarados|Intimidate|[of] p2a: Azumarill
|-unboost|p2a: Azumarill|atk|1
|move|p2a: Azumarill|Waterfall|p1a: Gyarados
|-resisted|p1a: Gyarados
|-damage|p1a: Gyarados|187\/331
|
|turn|11
|
|move|p1a: Gyarados|Earthquake|p2a: Azumarill
|-damage|p2a: Azumarill|200\/342
|move|p2a: Azumarill|Belly Drum|p2a: Azumarill
|-damage|p2a: Azumarill|29\/342
|-setboost|p2a: Azumarill|atk|6|[from] move: Belly Drum
|-enditem|p2a: Azumarill|Sitrus Berry|[eat]
|-heal|p2a: Azumarill|114\/342|[from] item: Sitrus Berry
|
|turn|12
|
|move|p2a: Azumarill|Aqua Jet|p1a: Gyarados
|-resisted|p1a: Gyarados
|-damage|p1a: Gyarados|12\/331
|move|p1a: Gyarados|Earthquake|p2a: Azumarill
|-damage|p2a: Azumarill|0 fnt
|faint|p2a: Azumarill
|
|
|switch|p2a: Latias|Latias, F|160\/302
|turn|13
|
|detailschange|p1a: Gyarados|Gyarados-Mega, M
|message|Gyarados has Mega Evolved into Mega Gyarados!
|-ability|p1a: Gyarados|Mold Breaker
|move|p2a: Latias|Hidden Power|p1a: Gyarados
|-resisted|p1a: Gyarados
|-damage|p1a: Gyarados|0 fnt
|-damage|p2a: Latias|130\/302|[from] item: Life Orb
|faint|p1a: Gyarados
|
|
|switch|p1a: Greninja|Greninja, M, shiny|138\/285
|-damage|p1a: Greninja|103\/285|[from] Stealth Rock
|turn|14
|
|move|p1a: Greninja|Ice Beam|p2a: Latias
|-start|p1a: Greninja|typechange|Ice|[from] Protean
|-supereffective|p2a: Latias
|-damage|p2a: Latias|0 fnt
|-damage|p1a: Greninja|75\/285|[from] item: Life Orb
|faint|p2a: Latias
|
|
|switch|p2a: Thundurus|Thundurus, M|299\/299
|turn|15
|
|move|p2a: Thundurus|Thunder Wave|p1a: Greninja
|-status|p1a: Greninja|par
|move|p1a: Greninja|Ice Beam|p2a: Thundurus
|-supereffective|p2a: Thundurus
|-damage|p2a: Thundurus|0 fnt
|-damage|p1a: Greninja|47\/285 par|[from] item: Life Orb
|faint|p2a: Thundurus
|
|
|switch|p2a: Hawlucha|Hawlucha, M|298\/298
|turn|16
|
|move|p2a: Hawlucha|Sky Attack|p1a: Greninja|[still]
|-prepare|p2a: Hawlucha|Sky Attack|p1a: Greninja
|-enditem|p2a: Hawlucha|Power Herb
|-anim|p2a: Hawlucha|Sky Attack|p1a: Greninja
|-damage|p1a: Greninja|0 fnt
|faint|p1a: Greninja
|
|
|switch|p1a: Thundurus|Thundurus, M|196\/299
|-damage|p1a: Thundurus|122\/299|[from] Stealth Rock
|turn|17
|
|move|p1a: Thundurus|Thunder Wave|p2a: Hawlucha
|-status|p2a: Hawlucha|par
|move|p2a: Hawlucha|High Jump Kick|p1a: Thundurus
|-resisted|p1a: Thundurus
|-damage|p1a: Thundurus|0 fnt
|faint|p1a: Thundurus
|
|
|switch|p1a: Garchomp|Garchomp, M, shiny|357\/357
|-damage|p1a: Garchomp|335\/357|[from] Stealth Rock
|turn|18
|
|move|p1a: Garchomp|Outrage|p2a: Hawlucha
|-damage|p2a: Hawlucha|43\/298 par
|move|p2a: Hawlucha|High Jump Kick|p1a: Garchomp
|-damage|p1a: Garchomp|143\/357
|-damage|p2a: Hawlucha|6\/298 par|[from] ability: Rough Skin|[of] p1a: Garchomp
|
|turn|19
|-message|2gr8 forfeited.
|
|win|TCBB
|raw|Ladder updating...
|raw|TCBB's rating: 1209 &rarr; <strong>1238<\/strong><br \/>(+29 for winning)
|raw|2gr8's rating: 1259 &rarr; <strong>1230<\/strong><br \/>(-29 for losing)
|leave|TCBB
|player|p1
|join|TCBB