|join|Aka DH
|join|TCBB
|join|Tbh JS
|player|p1|Aka DH|1
|player|p2|TCBB|157
|gametype|singles
|gen|6
|tier|OU (suspect test)
|rated
|clearpoke
|poke|p1|Bisharp, M
|poke|p1|Venusaur, M
|poke|p1|Heatran, M
|poke|p1|Keldeo
|poke|p1|Chansey, F
|poke|p1|Skarmory, M
|poke|p2|Metagross, shiny
|poke|p2|Keldeo
|poke|p2|Terrakion
|poke|p2|Talonflame, F
|poke|p2|Landorus-Therian, M
|poke|p2|Latios, M
|rule|Swagger Clause: Swagger is banned
|rule|Baton Pass Clause: Limit one PokÃ©mon knowing Baton Pass
|rule|Sleep Clause Mod: Limit one foe put to sleep
|rule|Species Clause: Limit one of each PokÃ©mon
|rule|OHKO Clause: OHKO moves are banned
|rule|Moody Clause: Moody is banned
|rule|Evasion Moves Clause: Evasion moves are banned
|rule|Endless Battle Clause: Forcing endless battles is banned
|rule|HP Percentage Mod: HP is shown in percentages
|teampreview
Aka DH made this room hidden.
|
|start
|switch|p1a: Venusaur|Venusaur, M|364\/364
|switch|p2a: Terrakion|Terrakion|323\/323
|turn|1
|join|Zenzo
|
|detailschange|p1a: Venusaur|Venusaur-Mega, M
|-mega|p1a: Venusaur|Venusaur|Venusaurite
|move|p2a: Terrakion|Stealth Rock|p1a: Venusaur
|-sidestart|p1: Aka DH|move: Stealth Rock
|move|p1a: Venusaur|Giga Drain|p2a: Terrakion
|-supereffective|p2a: Terrakion
|-damage|p2a: Terrakion|75\/323
|
|turn|2
|
|move|p2a: Terrakion|Taunt|p1a: Venusaur
|-start|p1a: Venusaur|move: Taunt
|move|p1a: Venusaur|Giga Drain|p2a: Terrakion
|-supereffective|p2a: Terrakion
|-damage|p2a: Terrakion|0 fnt
|faint|p2a: Terrakion
|
|
|switch|p2a: Talonflame|Talonflame, F|319\/319
|turn|3
|
|move|p2a: Talonflame|Swords Dance|p2a: Talonflame
|-boost|p2a: Talonflame|atk|2
|move|p1a: Venusaur|Giga Drain|p2a: Talonflame
|-resisted|p2a: Talonflame
|-damage|p2a: Talonflame|282\/319
|
|turn|4
|
|switch|p1a: Skarmory|Skarmory, M|334\/334
|-damage|p1a: Skarmory|293\/334|[from] Stealth Rock
|move|p2a: Talonflame|Swords Dance|p2a: Talonflame
|-boost|p2a: Talonflame|atk|2
|
|turn|5
|
|move|p2a: Talonflame|Brave Bird|p1a: Skarmory
|-resisted|p1a: Skarmory
|-damage|p1a: Skarmory|116\/334
|-damage|p2a: Talonflame|229\/319|[from] item: Rocky Helmet|[of] p1a: Skarmory
|-damage|p2a: Talonflame|171\/319|[from] recoil|[of] p1a: Skarmory
|move|p1a: Skarmory|Spikes|p2a: Talonflame
|-sidestart|p2: TCBB|Spikes
|
|turn|6
|
|move|p2a: Talonflame|Brave Bird|p1a: Skarmory
|-resisted|p1a: Skarmory
|-damage|p1a: Skarmory|0 fnt
|-damage|p2a: Talonflame|118\/319|[from] item: Rocky Helmet|[of] p1a: Skarmory
|-damage|p2a: Talonflame|80\/319|[from] recoil|[of] p1a: Skarmory
|faint|p1a: Skarmory
|
|
|switch|p1a: Bisharp|Bisharp, M|334\/334
|-damage|p1a: Bisharp|314\/334|[from] Stealth Rock
|turn|7
|
|move|p2a: Talonflame|Brave Bird|p1a: Bisharp
|-resisted|p1a: Bisharp
|-damage|p1a: Bisharp|31\/334
|-damage|p2a: Talonflame|0 fnt|[from] recoil|[of] p1a: Bisharp
|faint|p2a: Talonflame
|move|p1a: Bisharp|Knock Off|p2: Talonflame|[notarget]
|-notarget
|
|-heal|p1a: Bisharp|51\/334|[from] item: Leftovers
|
|switch|p2a: Keldeo|Keldeo|322\/322
|-damage|p2a: Keldeo|282\/322|[from] Spikes
|turn|8
|
|switch|p1a: Venusaur|Venusaur-Mega, M|364\/364
|-damage|p1a: Venusaur|319\/364|[from] Stealth Rock
|move|p2a: Keldeo|Hidden Power|p1a: Venusaur
|-supereffective|p1a: Venusaur
|-damage|p1a: Venusaur|133\/364
|
|turn|9
|
|switch|p2a: Metagross|Metagross, shiny|301\/301
|-damage|p2a: Metagross|264\/301|[from] Spikes
|move|p1a: Venusaur|Synthesis|p1a: Venusaur
|-heal|p1a: Venusaur|315\/364
|
|turn|10
|
|switch|p1a: Chansey|Chansey, F|684\/684
|-damage|p1a: Chansey|599\/684|[from] Stealth Rock
|detailschange|p2a: Metagross|Metagross-Mega, shiny
|-mega|p2a: Metagross|Metagross|Metagrossite
|move|p2a: Metagross|Earthquake|p1a: Chansey
|-damage|p1a: Chansey|418\/684
|
|turn|11
|
|move|p2a: Metagross|Zen Headbutt|p1a: Chansey
|-damage|p1a: Chansey|163\/684
|move|p1a: Chansey|Thunder Wave|p2a: Metagross
|-status|p2a: Metagross|par
|
|turn|12
|
|switch|p2a: Landorus-Therian|Landorus-Therian, M|325\/325
|-ability|p2a: Landorus-Therian|Intimidate|[of] p1a: Chansey
|-unboost|p1a: Chansey|atk|1
|move|p1a: Chansey|Soft-Boiled|p1a: Chansey
|-heal|p1a: Chansey|505\/684
|
|turn|13
|
|switch|p1a: Venusaur|Venusaur-Mega, M|315\/364
|-damage|p1a: Venusaur|270\/364|[from] Stealth Rock
|move|p2a: Landorus-Therian|Superpower|p1a: Venusaur
|-resisted|p1a: Venusaur
|-damage|p1a: Venusaur|220\/364
|-unboost|p2a: Landorus-Therian|atk|1
|-unboost|p2a: Landorus-Therian|def|1
|
|turn|14
|
|switch|p2a: Metagross|Metagross-Mega, shiny|264\/301 par
|-damage|p2a: Metagross|227\/301 par|[from] Spikes
|move|p1a: Venusaur|Leech Seed|p2a: Metagross
|-start|p2a: Metagross|move: Leech Seed
|
|-damage|p2a: Metagross|190\/301 par|[from] Leech Seed|[of] p1a: Venusaur
|-heal|p1a: Venusaur|257\/364|[silent]
|turn|15
|
|switch|p1a: Heatran|Heatran, M|340\/340
|-damage|p1a: Heatran|298\/340|[from] Stealth Rock
|-item|p1a: Heatran|Air Balloon
|move|p2a: Metagross|Meteor Mash|p1a: Heatran|[miss]
|-miss|p2a: Metagross|p1a: Heatran
|
|-damage|p2a: Metagross|153\/301 par|[from] Leech Seed|[of] p1a: Heatran
|-heal|p1a: Heatran|335\/340|[silent]
|turn|16
|
|switch|p2a: Latios|Latios, M|301\/301
|move|p1a: Heatran|Stealth Rock|p2a: Latios
|-sidestart|p2: TCBB|move: Stealth Rock
|
|turn|17
|
|move|p2a: Latios|Draco Meteor|p1a: Heatran
|-resisted|p1a: Heatran
|-damage|p1a: Heatran|183\/340
|-enditem|p1a: Heatran|Air Balloon
|-unboost|p2a: Latios|spa|2
|-damage|p2a: Latios|271\/301|[from] item: Life Orb
|move|p1a: Heatran|Toxic|p2a: Latios
|-status|p2a: Latios|tox
|
|-damage|p2a: Latios|253\/301 tox|[from] psn
|turn|18
|
|switch|p2a: Landorus-Therian|Landorus-Therian, M|325\/325
|-damage|p2a: Landorus-Therian|285\/325|[from] Stealth Rock
|-ability|p2a: Landorus-Therian|Intimidate|[of] p1a: Heatran
|-unboost|p1a: Heatran|atk|1
|move|p1a: Heatran|Fire Blast|p2a: Landorus-Therian
|-damage|p2a: Landorus-Therian|93\/325
|
|turn|19
|
|move|p2a: Landorus-Therian|Earthquake|p1a: Heatran
|-supereffective|p1a: Heatran
|-damage|p1a: Heatran|0 fnt
|faint|p1a: Heatran
|
|
|switch|p1a: Venusaur|Venusaur-Mega, M|257\/364
|-damage|p1a: Venusaur|212\/364|[from] Stealth Rock
|turn|20
|
|move|p2a: Landorus-Therian|Earthquake|p1a: Venusaur
|-damage|p1a: Venusaur|97\/364
|move|p1a: Venusaur|Synthesis|p1a: Venusaur
|-heal|p1a: Venusaur|279\/364
|
|turn|21
|
|switch|p2a: Latios|Latios, M|253\/301 tox
|-damage|p2a: Latios|216\/301 tox|[from] Stealth Rock
|move|p1a: Venusaur|Giga Drain|p2a: Latios
|-resisted|p2a: Latios
|-damage|p2a: Latios|166\/301 tox
|-heal|p1a: Venusaur|304\/364|[from] drain|[of] p2a: Latios
|
|-damage|p2a: Latios|148\/301 tox|[from] psn
|turn|22
|
|switch|p1a: Chansey|Chansey, F|505\/684
|-damage|p1a: Chansey|420\/684|[from] Stealth Rock
|move|p2a: Latios|Roost|p2a: Latios
|-heal|p2a: Latios|299\/301 tox
|
|-damage|p2a: Latios|263\/301 tox|[from] psn
|turn|23
|
|switch|p2a: Keldeo|Keldeo|282\/322
|-damage|p2a: Keldeo|262\/322|[from] Stealth Rock
|-damage|p2a: Keldeo|222\/322|[from] Spikes
|move|p1a: Chansey|Soft-Boiled|p1a: Chansey
|-heal|p1a: Chansey|684\/684
|
|turn|24
|
|switch|p1a: Venusaur|Venusaur-Mega, M|304\/364
|-damage|p1a: Venusaur|259\/364|[from] Stealth Rock
|move|p2a: Keldeo|Secret Sword|p1a: Venusaur
|-crit|p1a: Venusaur
|-resisted|p1a: Venusaur
|-damage|p1a: Venusaur|161\/364
|
|turn|25
|
|switch|p2a: Latios|Latios, M|263\/301 tox
|-damage|p2a: Latios|226\/301 tox|[from] Stealth Rock
|move|p1a: Venusaur|Synthesis|p1a: Venusaur
|-heal|p1a: Venusaur|343\/364
|
|-damage|p2a: Latios|208\/301 tox|[from] psn
|turn|26
|
|switch|p1a: Chansey|Chansey, F|684\/684
|-damage|p1a: Chansey|599\/684|[from] Stealth Rock
|move|p2a: Latios|Psyshock|p1a: Chansey
|-damage|p1a: Chansey|349\/684
|-damage|p2a: Latios|178\/301 tox|[from] item: Life Orb
|
|-damage|p2a: Latios|142\/301 tox|[from] psn
|turn|27
|
|switch|p2a: Keldeo|Keldeo|222\/322
|-damage|p2a: Keldeo|202\/322|[from] Stealth Rock
|-damage|p2a: Keldeo|162\/322|[from] Spikes
|move|p1a: Chansey|Soft-Boiled|p1a: Chansey
|-heal|p1a: Chansey|684\/684
|
|turn|28
|
|switch|p1a: Venusaur|Venusaur-Mega, M|343\/364
|-damage|p1a: Venusaur|298\/364|[from] Stealth Rock
|move|p2a: Keldeo|Hidden Power|p1a: Venusaur
|-supereffective|p1a: Venusaur
|-damage|p1a: Venusaur|126\/364
|
|turn|29
|
|switch|p1a: Chansey|Chansey, F|684\/684
|-damage|p1a: Chansey|599\/684|[from] Stealth Rock
|move|p2a: Keldeo|Hidden Power|p1a: Chansey
|-damage|p1a: Chansey|539\/684
|
|turn|30
|
|switch|p2a: Metagross|Metagross-Mega, shiny|153\/301 par
|-damage|p2a: Metagross|116\/301 par|[from] Spikes
|-damage|p2a: Metagross|98\/301 par|[from] Stealth Rock
|move|p1a: Chansey|Seismic Toss|p2a: Metagross
|-damage|p2a: Metagross|0 fnt
|faint|p2a: Metagross
|
|
|switch|p2a: Keldeo|Keldeo|162\/322
|-damage|p2a: Keldeo|142\/322|[from] Stealth Rock
|-damage|p2a: Keldeo|102\/322|[from] Spikes
|turn|31
|
|move|p2a: Keldeo|Secret Sword|p1a: Chansey
|-supereffective|p1a: Chansey
|-damage|p1a: Chansey|0 fnt
|faint|p1a: Chansey
|
|
|switch|p1a: Venusaur|Venusaur-Mega, M|126\/364
|-damage|p1a: Venusaur|81\/364|[from] Stealth Rock
|turn|32
|
|move|p2a: Keldeo|Secret Sword|p1a: Venusaur
|-crit|p1a: Venusaur
|-resisted|p1a: Venusaur
|-damage|p1a: Venusaur|0 fnt
|faint|p1a: Venusaur
|
|
|switch|p1a: Keldeo|Keldeo|323\/323
|-damage|p1a: Keldeo|303\/323|[from] Stealth Rock
|turn|33
|c| Tbh JS|......
|c| Tbh JS|fucking haxer
|
|move|p2a: Keldeo|Secret Sword|p1a: Keldeo
|-damage|p1a: Keldeo|71\/323
|move|p1a: Keldeo|Secret Sword|p2a: Keldeo
|-damage|p2a: Keldeo|0 fnt
|faint|p2a: Keldeo
|
|-heal|p1a: Keldeo|91\/323|[from] item: Leftovers
|
|switch|p2a: Latios|Latios, M|142\/301 tox
|-damage|p2a: Latios|105\/301 tox|[from] Stealth Rock
|turn|34
|
|move|p2a: Latios|Roost|p2a: Latios
|-heal|p2a: Latios|256\/301 tox
|move|p1a: Keldeo|Icy Wind|p2a: Latios
|-supereffective|p2a: Latios
|-damage|p2a: Latios|138\/301 tox
|-unboost|p2a: Latios|spe|1
|
|-heal|p1a: Keldeo|111\/323|[from] item: Leftovers
|-damage|p2a: Latios|120\/301 tox|[from] psn
|turn|35
|c| Tbh JS|amazing play!
|c| Tbh JS|gg!
|
|switch|p2a: Landorus-Therian|Landorus-Therian, M|93\/325
|-damage|p2a: Landorus-Therian|53\/325|[from] Stealth Rock
|-ability|p2a: Landorus-Therian|Intimidate|[of] p1a: Keldeo
|-unboost|p1a: Keldeo|atk|1
|move|p1a: Keldeo|Icy Wind|p2a: Landorus-Therian
|-supereffective|p2a: Landorus-Therian
|-damage|p2a: Landorus-Therian|0 fnt
|faint|p2a: Landorus-Therian
|
|-heal|p1a: Keldeo|131\/323|[from] item: Leftovers
|
|switch|p2a: Latios|Latios, M|120\/301 tox
|-damage|p2a: Latios|83\/301 tox|[from] Stealth Rock
|turn|36
|
|move|p2a: Latios|Draco Meteor|p1a: Keldeo
|-damage|p1a: Keldeo|0 fnt
|-unboost|p2a: Latios|spa|2
|-damage|p2a: Latios|53\/301 tox|[from] item: Life Orb
|faint|p1a: Keldeo
|
|-damage|p2a: Latios|35\/301 tox|[from] psn
|c|âTCBB|uhh
|
|switch|p1a: Bisharp|Bisharp, M|51\/334
|-damage|p1a: Bisharp|31\/334|[from] Stealth Rock
|turn|37
|
|move|p1a: Bisharp|Sucker Punch|p2a: Latios
|-fail|p2a: Latios
|move|p2a: Latios|Roost|p2a: Latios
|-heal|p2a: Latios|186\/301 tox
|
|-heal|p1a: Bisharp|51\/334|[from] item: Leftovers
|-damage|p2a: Latios|150\/301 tox|[from] psn
|turn|38
|
|move|p1a: Bisharp|Sucker Punch|p2a: Latios
|-fail|p2a: Latios
|move|p2a: Latios|Roost|p2a: Latios
|-heal|p2a: Latios|301\/301 tox
|
|-heal|p1a: Bisharp|71\/334|[from] item: Leftovers
|-damage|p2a: Latios|247\/301 tox|[from] psn
|turn|39
|
|move|p1a: Bisharp|Sucker Punch|p2a: Latios
|-fail|p2a: Latios
|move|p2a: Latios|Roost|p2a: Latios
|-heal|p2a: Latios|301\/301 tox
|
|-heal|p1a: Bisharp|91\/334|[from] item: Leftovers
|-damage|p2a: Latios|229\/301 tox|[from] psn
|turn|40
|
|move|p1a: Bisharp|Sucker Punch|p2a: Latios
|-fail|p2a: Latios
|move|p2a: Latios|Roost|p2a: Latios
|-heal|p2a: Latios|301\/301 tox
|
|-heal|p1a: Bisharp|111\/334|[from] item: Leftovers
|-damage|p2a: Latios|211\/301 tox|[from] psn
|turn|41
|
|move|p1a: Bisharp|Sucker Punch|p2a: Latios
|-fail|p2a: Latios
|move|p2a: Latios|Roost|p2a: Latios
|-heal|p2a: Latios|301\/301 tox
|
|-heal|p1a: Bisharp|131\/334|[from] item: Leftovers
|-damage|p2a: Latios|193\/301 tox|[from] psn
|turn|42
|
|move|p1a: Bisharp|Sucker Punch|p2a: Latios
|-fail|p2a: Latios
|move|p2a: Latios|Roost|p2a: Latios
|-heal|p2a: Latios|301\/301 tox
|
|-heal|p1a: Bisharp|151\/334|[from] item: Leftovers
|-damage|p2a: Latios|175\/301 tox|[from] psn
|turn|43
|
|move|p1a: Bisharp|Sucker Punch|p2a: Latios
|-fail|p2a: Latios
|move|p2a: Latios|Roost|p2a: Latios
|-heal|p2a: Latios|301\/301 tox
|
|-heal|p1a: Bisharp|171\/334|[from] item: Leftovers
|-damage|p2a: Latios|157\/301 tox|[from] psn
|turn|44
|
|move|p1a: Bisharp|Sucker Punch|p2a: Latios
|-fail|p2a: Latios
|move|p2a: Latios|Roost|p2a: Latios
|-heal|p2a: Latios|301\/301 tox
|
|-heal|p1a: Bisharp|191\/334|[from] item: Leftovers
|-damage|p2a: Latios|139\/301 tox|[from] psn
|turn|45
|leave|Zenzo
|
|move|p2a: Latios|Hidden Power|p1a: Bisharp
|-supereffective|p1a: Bisharp
|-damage|p1a: Bisharp|71\/334
|-damage|p2a: Latios|109\/301 tox|[from] item: Life Orb
|move|p1a: Bisharp|Knock Off|p2a: Latios
|-supereffective|p2a: Latios
|-damage|p2a: Latios|0 fnt
|-enditem|p2a: Latios|Life Orb|[from] move: Knock Off|[of] p1a: Bisharp
|faint|p2a: Latios
|
|win|Aka DH
|raw|Ladder updating...
|c|âTCBB|GG
|raw|Aka DH's rating: 1549 &rarr; <strong>1564<\/strong><br \/>(+15 for winning)
|raw|TCBB's rating: 1460 &rarr; <strong>1445<\/strong><br \/>(-15 for losing)
|c| Tbh JS|rekt