|join|TCBB
|join|Tappor v2
|player|p1|TCBB|157
|player|p2|Tappor v2|146
|gametype|singles
|gen|6
|tier|OU (suspect test)
|rated
|clearpoke
|poke|p1|Terrakion
|poke|p1|Keldeo
|poke|p1|Metagross, shiny
|poke|p1|Rotom-Wash
|poke|p1|Scizor, F
|poke|p1|Latios, M
|poke|p2|Houndoom, M
|poke|p2|Starmie
|poke|p2|Landorus-Therian, M
|poke|p2|Lucario, M
|poke|p2|Dragonite, F
|poke|p2|Clefable, M
|rule|Swagger Clause: Swagger is banned
|rule|Baton Pass Clause: Limit one PokÃ©mon knowing Baton Pass
|rule|Sleep Clause Mod: Limit one foe put to sleep
|rule|Species Clause: Limit one of each PokÃ©mon
|rule|OHKO Clause: OHKO moves are banned
|rule|Moody Clause: Moody is banned
|rule|Evasion Moves Clause: Evasion moves are banned
|rule|Endless Battle Clause: Forcing endless battles is banned
|rule|HP Percentage Mod: HP is shown in percentages
|teampreview
|
|start
|switch|p1a: Terrakion|Terrakion|323\/323
|switch|p2a: Clefable|Clefable, M|394\/394
|turn|1
|
|move|p1a: Terrakion|Stealth Rock|p2a: Clefable
|-sidestart|p2: Tappor v2|move: Stealth Rock
|move|p2a: Clefable|Moonblast|p1a: Terrakion
|-supereffective|p1a: Terrakion
|-damage|p1a: Terrakion|69\/323
|
|turn|2
|
|move|p1a: Terrakion|Stone Edge|p2a: Clefable
|-crit|p2a: Clefable
|-damage|p2a: Clefable|177\/394
|move|p2a: Clefable|Moonblast|p1a: Terrakion
|-supereffective|p1a: Terrakion
|-damage|p1a: Terrakion|0 fnt
|faint|p1a: Terrakion
|
|-heal|p2a: Clefable|201\/394|[from] item: Leftovers
|
|switch|p1a: Metagross|Metagross, shiny|301\/301
|turn|3
|
|switch|p2a: Starmie|Starmie|261\/261
|-damage|p2a: Starmie|229\/261|[from] Stealth Rock
|detailschange|p1a: Metagross|Metagross-Mega, shiny
|-mega|p1a: Metagross|Metagross|Metagrossite
|move|p1a: Metagross|Meteor Mash|p2a: Starmie
|-resisted|p2a: Starmie
|-damage|p2a: Starmie|91\/261
|
|turn|4
|
|move|p2a: Starmie|Hydro Pump|p1a: Metagross
|-damage|p1a: Metagross|97\/301
|-damage|p2a: Starmie|65\/261|[from] item: Life Orb
|move|p1a: Metagross|Pursuit|p2a: Starmie
|-supereffective|p2a: Starmie
|-damage|p2a: Starmie|0 fnt
|faint|p2a: Starmie
|
|
|switch|p2a: Landorus-Therian|Landorus-Therian, M|319\/319
|-damage|p2a: Landorus-Therian|280\/319|[from] Stealth Rock
|-ability|p2a: Landorus-Therian|Intimidate|[of] p1a: Metagross
|-unboost|p1a: Metagross|atk|1
|turn|5
|
|switch|p1a: Rotom-Wash|Rotom-Wash|303\/303
|move|p2a: Landorus-Therian|Knock Off|p1a: Rotom-Wash
|-damage|p1a: Rotom-Wash|220\/303
|-enditem|p1a: Rotom-Wash|Leftovers|[from] move: Knock Off|[of] p2a: Landorus-Therian
|
|turn|6
|
|move|p2a: Landorus-Therian|Knock Off|p1a: Rotom-Wash
|-damage|p1a: Rotom-Wash|163\/303
|move|p1a: Rotom-Wash|Volt Switch|p2a: Landorus-Therian
|-immune|p2a: Landorus-Therian|[msg]
|
|turn|7
|
|switch|p2a: Clefable|Clefable, M|201\/394
|move|p1a: Rotom-Wash|Hydro Pump|p2a: Clefable
|-damage|p2a: Clefable|54\/394
|
|-heal|p2a: Clefable|78\/394|[from] item: Leftovers
|turn|8
|
|move|p1a: Rotom-Wash|Hydro Pump|p2a: Clefable|[miss]
|-miss|p1a: Rotom-Wash|p2a: Clefable
|move|p2a: Clefable|Moonblast|p1a: Rotom-Wash
|-damage|p1a: Rotom-Wash|57\/303
|
|-heal|p2a: Clefable|102\/394|[from] item: Leftovers
|turn|9
|
|move|p1a: Rotom-Wash|Hydro Pump|p2a: Clefable
|-damage|p2a: Clefable|0 fnt
|faint|p2a: Clefable
|
|
|switch|p2a: Houndoom|Houndoom, M|291\/291
|-damage|p2a: Houndoom|219\/291|[from] Stealth Rock
|turn|10
|
|switch|p1a: Scizor|Scizor, F|343\/343
|detailschange|p2a: Houndoom|Houndoom-Mega, M
|-mega|p2a: Houndoom|Houndoom|Houndoominite
|move|p2a: Houndoom|Dark Pulse|p1a: Scizor
|-damage|p1a: Scizor|172\/343
|
|turn|11
|
|move|p1a: Scizor|Bullet Punch|p2a: Houndoom
|-resisted|p2a: Houndoom
|-damage|p2a: Houndoom|117\/291
|move|p2a: Houndoom|Fire Blast|p1a: Scizor
|-supereffective|p1a: Scizor
|-damage|p1a: Scizor|0 fnt
|faint|p1a: Scizor
|
|
|switch|p1a: Keldeo|Keldeo|322\/322
|turn|12
|
|switch|p2a: Dragonite|Dragonite, F|323\/323
|-damage|p2a: Dragonite|243\/323|[from] Stealth Rock
|move|p1a: Keldeo|Secret Sword|p2a: Dragonite
|-resisted|p2a: Dragonite
|-damage|p2a: Dragonite|124\/323
|
|turn|13
|
|switch|p1a: Metagross|Metagross-Mega, shiny|97\/301
|move|p2a: Dragonite|Extreme Speed|p1a: Metagross
|-resisted|p1a: Metagross
|-damage|p1a: Metagross|41\/301
|
|turn|14
|
|move|p2a: Dragonite|Extreme Speed|p1a: Metagross
|-resisted|p1a: Metagross
|-damage|p1a: Metagross|0 fnt
|faint|p1a: Metagross
|
|
|switch|p1a: Latios|Latios, M|301\/301
|turn|15
|
|move|p2a: Dragonite|Extreme Speed|p1a: Latios
|-damage|p1a: Latios|103\/301
|move|p1a: Latios|Draco Meteor|p2a: Dragonite
|-supereffective|p2a: Dragonite
|-damage|p2a: Dragonite|0 fnt
|-unboost|p1a: Latios|spa|2
|-damage|p1a: Latios|73\/301|[from] item: Life Orb
|faint|p2a: Dragonite
|
|
|switch|p2a: Lucario|Lucario, M|281\/281
|-damage|p2a: Lucario|273\/281|[from] Stealth Rock
|turn|16
|
|move|p1a: Latios|Hidden Power|p2a: Lucario
|-supereffective|p2a: Lucario
|-damage|p2a: Lucario|156\/281
|-damage|p1a: Latios|43\/301|[from] item: Life Orb
|move|p2a: Lucario|Swords Dance|p2a: Lucario
|-boost|p2a: Lucario|atk|2
|
|turn|17
|
|move|p2a: Lucario|Extreme Speed|p1a: Latios
|-damage|p1a: Latios|0 fnt
|-damage|p2a: Lucario|128\/281|[from] item: Life Orb
|faint|p1a: Latios
|
|
|switch|p1a: Keldeo|Keldeo|322\/322
|turn|18
|
|move|p2a: Lucario|Extreme Speed|p1a: Keldeo
|-damage|p1a: Keldeo|66\/322
|-damage|p2a: Lucario|100\/281|[from] item: Life Orb
|move|p1a: Keldeo|Scald|p2a: Lucario
|-damage|p2a: Lucario|0 fnt
|faint|p2a: Lucario
|
|
|switch|p2a: Houndoom|Houndoom-Mega, M|117\/291
|-damage|p2a: Houndoom|45\/291|[from] Stealth Rock
|turn|19
|
|move|p2a: Houndoom|Dark Pulse|p1a: Keldeo
|-resisted|p1a: Keldeo
|-damage|p1a: Keldeo|0 fnt
|faint|p1a: Keldeo
|
|-message|TCBB forfeited.
|leave|TCBB
|
|win|Tappor v2
|raw|Ladder updating...
|player|p1
|raw|TCBB's rating: 1466 &rarr; <strong>1446<\/strong><br \/>(-20 for losing)
|raw|Tappor v2's rating: 1460 &rarr; <strong>1481<\/strong><br \/>(+21 for winning)