|join|oficina do diabo
|join|TCBB
|player|p1|oficina do diabo|210
|player|p2|TCBB|157
|gametype|singles
|gen|6
|tier|OU (suspect test)
|rated
|clearpoke
|poke|p1|Clefable, M
|poke|p1|Tyranitar, M
|poke|p1|Keldeo
|poke|p1|Excadrill, F
|poke|p1|Thundurus, M
|poke|p1|Ferrothorn, M
|poke|p2|Bisharp, M
|poke|p2|Gardevoir, F, shiny
|poke|p2|Heatran, M
|poke|p2|Thundurus, M
|poke|p2|Latios, M
|poke|p2|Keldeo
|rule|Swagger Clause: Swagger is banned
|rule|Baton Pass Clause: Limit one PokÃ©mon knowing Baton Pass
|rule|Sleep Clause Mod: Limit one foe put to sleep
|rule|Species Clause: Limit one of each PokÃ©mon
|rule|OHKO Clause: OHKO moves are banned
|rule|Moody Clause: Moody is banned
|rule|Evasion Moves Clause: Evasion moves are banned
|rule|Endless Battle Clause: Forcing endless battles is banned
|rule|HP Percentage Mod: HP is reported as percentages
|teampreview
|
|start
|switch|p1a: Thundurus|Thundurus, M|299\/299
|switch|p2a: Gardevoir|Gardevoir, F, shiny|281\/281
|-ability|p2a: Gardevoir|Prankster|[from] ability: Trace|[of] p1a: Thundurus
|turn|1
|
|switch|p1a: Ferrothorn|Ferrothorn, M|352\/352
|detailschange|p2a: Gardevoir|Gardevoir-Mega, F, shiny
|message|Gardevoir has Mega Evolved into Mega Gardevoir!
|move|p2a: Gardevoir|Hyper Voice|p1a: Ferrothorn
|-resisted|p1a: Ferrothorn
|-damage|p1a: Ferrothorn|243\/352
|
|-heal|p1a: Ferrothorn|265\/352|[from] item: Leftovers
|turn|2
|
|move|p1a: Ferrothorn|Protect|p1a: Ferrothorn
|-singleturn|p1a: Ferrothorn|Protect
|move|p2a: Gardevoir|Focus Blast|p1a: Ferrothorn
|-activate|p1a: Ferrothorn|Protect
|
|-heal|p1a: Ferrothorn|287\/352|[from] item: Leftovers
|turn|3
|
|move|p2a: Gardevoir|Focus Blast|p1a: Ferrothorn
|-supereffective|p1a: Ferrothorn
|-damage|p1a: Ferrothorn|0 fnt
|faint|p1a: Ferrothorn
|
|
|switch|p1a: Keldeo|Keldeo|324\/324
|turn|4
|
|move|p1a: Keldeo|Icy Wind|p2a: Gardevoir
|-damage|p2a: Gardevoir|209\/281
|-unboost|p2a: Gardevoir|spe|1
|move|p2a: Gardevoir|Hyper Voice|p1a: Keldeo
|-supereffective|p1a: Keldeo
|-damage|p1a: Keldeo|0 fnt
|faint|p1a: Keldeo
|
|
|switch|p1a: Excadrill|Excadrill, F|361\/361
|-item|p1a: Excadrill|Air Balloon
|turn|5
|
|switch|p2a: Keldeo|Keldeo|323\/323
|move|p1a: Excadrill|Earthquake|p2a: Keldeo
|-damage|p2a: Keldeo|83\/323
|
|turn|6
|
|switch|p1a: Clefable|Clefable, M|394\/394
|move|p2a: Keldeo|Hydro Pump|p1a: Clefable
|-damage|p1a: Clefable|147\/394
|-damage|p2a: Keldeo|51\/323|[from] item: Life Orb
|
|-heal|p1a: Clefable|171\/394|[from] item: Leftovers
|turn|7
|
|move|p2a: Keldeo|Hydro Pump|p1a: Clefable
|-damage|p1a: Clefable|0 fnt
|-damage|p2a: Keldeo|19\/323|[from] item: Life Orb
|faint|p1a: Clefable
|
|
|switch|p1a: Thundurus|Thundurus, M|299\/299
|turn|8
|
|move|p1a: Thundurus|Hidden Power|p2a: Keldeo
|-resisted|p2a: Keldeo
|-damage|p2a: Keldeo|0 fnt
|-damage|p1a: Thundurus|270\/299|[from] item: Life Orb
|faint|p2a: Keldeo
|
|
|switch|p2a: Gardevoir|Gardevoir-Mega, F, shiny|209\/281
|turn|9
|
|move|p1a: Thundurus|Thunder Wave|p2a: Gardevoir
|-status|p2a: Gardevoir|par
|move|p2a: Gardevoir|Hyper Voice|p1a: Thundurus
|-damage|p1a: Thundurus|0 fnt
|faint|p1a: Thundurus
|
|
|switch|p1a: Excadrill|Excadrill, F|361\/361
|-item|p1a: Excadrill|Air Balloon
|turn|10
|
|move|p1a: Excadrill|Iron Head|p2a: Gardevoir
|-supereffective|p2a: Gardevoir
|-damage|p2a: Gardevoir|0 fnt
|faint|p2a: Gardevoir
|
|
|switch|p2a: Bisharp|Bisharp, M|271\/271
|turn|11
|
|move|p2a: Bisharp|Sucker Punch|p1a: Excadrill
|-damage|p1a: Excadrill|79\/361
|-enditem|p1a: Excadrill|Air Balloon
|move|p1a: Excadrill|Earthquake|p2a: Bisharp
|-supereffective|p2a: Bisharp
|-damage|p2a: Bisharp|0 fnt
|faint|p2a: Bisharp
|
|
|switch|p2a: Latios|Latios, M|301\/301
|turn|12
|
|move|p2a: Latios|Psyshock|p1a: Excadrill
|-resisted|p1a: Excadrill
|-damage|p1a: Excadrill|0 fnt
|-damage|p2a: Latios|271\/301|[from] item: Life Orb
|faint|p1a: Excadrill
|
|
|switch|p1a: Tyranitar|Tyranitar, M|341\/341
|-weather|Sandstorm
|turn|13
|
|detailschange|p1a: Tyranitar|Tyranitar-Mega, M
|message|Tyranitar has Mega Evolved into Mega Tyranitar!
|move|p2a: Latios|Draco Meteor|p1a: Tyranitar
|-damage|p1a: Tyranitar|180\/341
|-unboost|p2a: Latios|spa|2
|-damage|p2a: Latios|241\/301|[from] item: Life Orb
|move|p1a: Tyranitar|Dragon Dance|p1a: Tyranitar
|-boost|p1a: Tyranitar|atk|1
|-boost|p1a: Tyranitar|spe|1
|
|-weather|Sandstorm|[upkeep]
|-damage|p2a: Latios|223\/301|[from] sandstorm
|turn|14
|
|switch|p2a: Heatran|Heatran, M|386\/386
|move|p1a: Tyranitar|Stone Edge|p2a: Heatran
|-damage|p2a: Heatran|167\/386
|
|-weather|Sandstorm|[upkeep]
|-heal|p2a: Heatran|191\/386|[from] item: Leftovers
|turn|15
|
|move|p1a: Tyranitar|Earthquake|p2a: Heatran
|-supereffective|p2a: Heatran
|-damage|p2a: Heatran|0 fnt
|faint|p2a: Heatran
|
|-weather|Sandstorm|[upkeep]
|
|switch|p2a: Thundurus|Thundurus, M|299\/299
|turn|16
|
|move|p2a: Thundurus|Thunder Wave|p1a: Tyranitar
|-status|p1a: Tyranitar|par
|cant|p1a: Tyranitar|par
|
|-weather|Sandstorm|[upkeep]
|-damage|p2a: Thundurus|281\/299|[from] sandstorm
|turn|17
|
|move|p2a: Thundurus|Thunderbolt|p1a: Tyranitar
|-damage|p1a: Tyranitar|73\/341 par
|-damage|p2a: Thundurus|252\/299|[from] item: Life Orb
|move|p1a: Tyranitar|Stone Edge|p2a: Thundurus
|-crit|p2a: Thundurus
|-supereffective|p2a: Thundurus
|-damage|p2a: Thundurus|0 fnt
|faint|p2a: Thundurus
|
|-weather|none
|
|switch|p2a: Latios|Latios, M|223\/301
|turn|18
|
|move|p2a: Latios|Draco Meteor|p1a: Tyranitar
|-damage|p1a: Tyranitar|0 fnt
|-unboost|p2a: Latios|spa|2
|-damage|p2a: Latios|193\/301|[from] item: Life Orb
|faint|p1a: Tyranitar
|
|win|TCBB
|raw|Ladder updating...
|raw|oficina do diabo's rating: 1196 &rarr; <strong>1170<\/strong><br \/>(-26 for losing)
|raw|TCBB's rating: 1189 &rarr; <strong>1214<\/strong><br \/>(+25 for winning)
|leave|TCBB
|player|p2
|leave|oficina do diabo
|player|p1
|join|TCBB