|join|jkk kj k
|join|TCBB
|player|p1|jkk kj k|240
|player|p2|TCBB|157
|gametype|singles
|gen|6
|tier|OU (suspect test)
|rated
|clearpoke
|poke|p1|Latias, F
|poke|p1|Bisharp, M
|poke|p1|Clefable, M
|poke|p1|Rotom-Wash
|poke|p1|Heatran, F
|poke|p1|Sceptile, M
|poke|p2|Metagross, shiny
|poke|p2|Keldeo
|poke|p2|Landorus-Therian, M
|poke|p2|Rotom-Wash
|poke|p2|Talonflame, F
|poke|p2|Latios, M
|rule|Swagger Clause: Swagger is banned
|rule|Baton Pass Clause: Limit one PokÃ©mon knowing Baton Pass
|rule|Sleep Clause Mod: Limit one foe put to sleep
|rule|Species Clause: Limit one of each PokÃ©mon
|rule|OHKO Clause: OHKO moves are banned
|rule|Moody Clause: Moody is banned
|rule|Evasion Moves Clause: Evasion moves are banned
|rule|Endless Battle Clause: Forcing endless battles is banned
|rule|HP Percentage Mod: HP is shown in percentages
|teampreview
|
|start
|switch|p1a: Camarossi|Rotom-Wash|304\/304
|switch|p2a: Latios|Latios, M|301\/301
|turn|1
|
|move|p2a: Latios|Psyshock|p1a: Camarossi
|-damage|p1a: Camarossi|168\/304
|-damage|p2a: Latios|271\/301|[from] item: Life Orb
|move|p1a: Camarossi|Pain Split|p2a: Latios
|-sethp|p2a: Latios|219\/301|p1a: Camarossi|219\/304|[from] move: Pain Split
|
|-heal|p1a: Camarossi|238\/304|[from] item: Leftovers
|turn|2
|
|switch|p1a: Anna|Heatran, F|385\/385
|-item|p1a: Anna|Air Balloon
|move|p2a: Latios|Draco Meteor|p1a: Anna
|-resisted|p1a: Anna
|-damage|p1a: Anna|268\/385
|-enditem|p1a: Anna|Air Balloon
|-unboost|p2a: Latios|spa|2
|-damage|p2a: Latios|189\/301|[from] item: Life Orb
|
|turn|3
|
|switch|p2a: Keldeo|Keldeo|323\/323
|move|p1a: Anna|Stealth Rock|p2a: Keldeo
|-sidestart|p2: TCBB|move: Stealth Rock
|
|turn|4
|
|switch|p1a: Clara|Latias, F|301\/301
|move|p2a: Keldeo|Scald|p1a: Clara
|-resisted|p1a: Clara
|-damage|p1a: Clara|244\/301
|
|turn|5
|
|switch|p2a: Metagross|Metagross, shiny|301\/301
|-damage|p2a: Metagross|283\/301|[from] Stealth Rock
|move|p1a: Clara|Draco Meteor|p2a: Metagross
|-crit|p2a: Metagross
|-resisted|p2a: Metagross
|-damage|p2a: Metagross|54\/301
|-unboost|p1a: Clara|spa|2
|-damage|p1a: Clara|214\/301|[from] item: Life Orb
|
|turn|6
|c|âjkk kj k|sorry
|c|âjkk kj k|i hate hax ):
|
|detailschange|p2a: Metagross|Metagross-Mega, shiny
|-mega|p2a: Metagross|Metagross|Metagrossite
|move|p1a: Clara|Draco Meteor|p2a: Metagross
|-resisted|p2a: Metagross
|-damage|p2a: Metagross|0 fnt
|-unboost|p1a: Clara|spa|2
|-damage|p1a: Clara|184\/301|[from] item: Life Orb
|faint|p2a: Metagross
|
|
|switch|p2a: Latios|Latios, M|189\/301
|-damage|p2a: Latios|152\/301|[from] Stealth Rock
|turn|7
|
|move|p2a: Latios|Defog|p1a: Clara
|-unboost|p1a: Clara|evasion|1
|-sideend|p2: TCBB|Stealth Rock|[from] move: Defog|[of] p2a: Latios
|move|p1a: Clara|Draco Meteor|p2a: Latios|[miss]
|-miss|p1a: Clara|p2a: Latios
|
|turn|8
|
|switch|p1a: Anna|Heatran, F|268\/385
|move|p2a: Latios|Draco Meteor|p1a: Anna
|-crit|p1a: Anna
|-resisted|p1a: Anna
|-damage|p1a: Anna|98\/385
|-unboost|p2a: Latios|spa|2
|-damage|p2a: Latios|122\/301|[from] item: Life Orb
|
|turn|9
|
|move|p2a: Latios|Draco Meteor|p1a: Anna
|-resisted|p1a: Anna
|-damage|p1a: Anna|41\/385
|-unboost|p2a: Latios|spa|2
|-damage|p2a: Latios|92\/301|[from] item: Life Orb
|move|p1a: Anna|Stealth Rock|p2a: Latios
|-sidestart|p2: TCBB|move: Stealth Rock
|
|turn|10
|
|move|p2a: Latios|Defog|p1a: Anna
|-unboost|p1a: Anna|evasion|1
|-sideend|p2: TCBB|Stealth Rock|[from] move: Defog|[of] p2a: Latios
|move|p1a: Anna|Stealth Rock|p2a: Latios
|-sidestart|p2: TCBB|move: Stealth Rock
|
|turn|11
|
|move|p2a: Latios|Psyshock|p1a: Anna
|-resisted|p1a: Anna
|-damage|p1a: Anna|10\/385
|-damage|p2a: Latios|62\/301|[from] item: Life Orb
|move|p1a: Anna|Stealth Rock|p2a: Latios
|-fail|p2a: Latios
|
|turn|12
|
|move|p2a: Latios|Defog|p1a: Anna
|-unboost|p1a: Anna|evasion|1
|-sideend|p2: TCBB|Stealth Rock|[from] move: Defog|[of] p2a: Latios
|move|p1a: Anna|Stealth Rock|p2a: Latios
|-sidestart|p2: TCBB|move: Stealth Rock
|
|turn|13
|
|move|p2a: Latios|Defog|p1a: Anna
|-unboost|p1a: Anna|evasion|1
|-sideend|p2: TCBB|Stealth Rock|[from] move: Defog|[of] p2a: Latios
|move|p1a: Anna|Stealth Rock|p2a: Latios
|-sidestart|p2: TCBB|move: Stealth Rock
|
|turn|14
|
|move|p2a: Latios|Roost|p2a: Latios
|-heal|p2a: Latios|213\/301
|move|p1a: Anna|Stealth Rock|p2a: Latios
|-fail|p2a: Latios
|
|turn|15
|
|move|p2a: Latios|Defog|p1a: Anna
|-unboost|p1a: Anna|evasion|1
|-sideend|p2: TCBB|Stealth Rock|[from] move: Defog|[of] p2a: Latios
|move|p1a: Anna|Stealth Rock|p2a: Latios
|-sidestart|p2: TCBB|move: Stealth Rock
|
|turn|16
|
|move|p2a: Latios|Roost|p2a: Latios
|-heal|p2a: Latios|301\/301
|move|p1a: Anna|Stealth Rock|p2a: Latios
|-fail|p2a: Latios
|
|turn|17
|
|move|p2a: Latios|Psyshock|p1a: Anna
|-resisted|p1a: Anna
|-damage|p1a: Anna|0 fnt
|-damage|p2a: Latios|271\/301|[from] item: Life Orb
|faint|p1a: Anna
|
|
|switch|p1a: Nick|Sceptile, M|281\/281
|turn|18
|
|detailschange|p1a: Nick|Sceptile-Mega, M
|-mega|p1a: Nick|Sceptile|Sceptilite
|move|p1a: Nick|Dragon Pulse|p2a: Latios
|-supereffective|p2a: Latios
|-damage|p2a: Latios|0 fnt
|faint|p2a: Latios
|
|
|switch|p2a: Talonflame|Talonflame, F|319\/319
|-damage|p2a: Talonflame|160\/319|[from] Stealth Rock
|turn|19
|
|switch|p1a: Camarossi|Rotom-Wash|238\/304
|move|p2a: Talonflame|U-turn|p1a: Camarossi
|-damage|p1a: Camarossi|177\/304
|
|switch|p2a: Keldeo|Keldeo|323\/323
|-damage|p2a: Keldeo|303\/323|[from] Stealth Rock
|
|-heal|p2a: Keldeo|323\/323|[from] item: Leftovers
|-heal|p1a: Camarossi|196\/304|[from] item: Leftovers
|turn|20
|
|move|p2a: Keldeo|Calm Mind|p2a: Keldeo
|-boost|p2a: Keldeo|spa|1
|-boost|p2a: Keldeo|spd|1
|move|p1a: Camarossi|Volt Switch|p2a: Keldeo
|-supereffective|p2a: Keldeo
|-damage|p2a: Keldeo|207\/323
|
|switch|p1a: Nick|Sceptile-Mega, M|281\/281
|
|-heal|p2a: Keldeo|227\/323|[from] item: Leftovers
|turn|21
|
|move|p1a: Nick|Leaf Storm|p2a: Keldeo
|-supereffective|p2a: Keldeo
|-damage|p2a: Keldeo|0 fnt
|-unboost|p1a: Nick|spa|2
|faint|p2a: Keldeo
|
|-message|TCBB forfeited.
|leave|TCBB
|
|win|jkk kj k
|raw|Ladder updating...
|player|p2
|raw|jkk kj k's rating: 1403 &rarr; <strong>1418<\/strong><br \/>(+15 for winning)
|raw|TCBB's rating: 1317 &rarr; <strong>1302<\/strong><br \/>(-15 for losing)