|join|TCBB
|join|Aegi Uber
|player|p1|TCBB|266
|player|p2|Aegi Uber|2
|gametype|singles
|gen|6
|tier|OU (suspect test)
|rated
|clearpoke
|poke|p1|Gyarados, M
|poke|p1|Gothitelle, F
|poke|p1|Garchomp, M
|poke|p1|Greninja, M
|poke|p1|Thundurus, M
|poke|p1|Bisharp, M
|poke|p2|Gyarados, F
|poke|p2|Gothitelle, F
|poke|p2|Skarmory, M
|poke|p2|Latias, F
|poke|p2|Tyranitar, F
|poke|p2|Excadrill, M
|rule|Swagger Clause: Swagger is banned
|rule|Baton Pass Clause: Limit one PokÃ©mon knowing Baton Pass
|rule|Sleep Clause Mod: Limit one foe put to sleep
|rule|Species Clause: Limit one of each PokÃ©mon
|rule|OHKO Clause: OHKO moves are banned
|rule|Moody Clause: Moody is banned
|rule|Evasion Moves Clause: Evasion moves are banned
|rule|Endless Battle Clause: Forcing endless battles is banned
|rule|HP Percentage Mod: HP is reported as percentages
|teampreview
|
|start
|switch|p1a: Garchomp|Garchomp, M|357\/357
|switch|p2a: Gyarados|Gyarados, F|331\/331
|-ability|p2a: Gyarados|Intimidate|[of] p1a: Garchomp
|-unboost|p1a: Garchomp|atk|1
|turn|1
|
|move|p1a: Garchomp|Stealth Rock|p2a: Gyarados
|-sidestart|p2: Aegi Uber|move: Stealth Rock
|move|p2a: Gyarados|Dragon Dance|p2a: Gyarados
|-boost|p2a: Gyarados|atk|1
|-boost|p2a: Gyarados|spe|1
|
|turn|2
|
|move|p2a: Gyarados|Ice Fang|p1a: Garchomp
|-supereffective|p1a: Garchomp
|-enditem|p1a: Garchomp|Focus Sash
|-damage|p1a: Garchomp|1\/357
|-damage|p2a: Gyarados|290\/331|[from] ability: Rough Skin|[of] p1a: Garchomp
|move|p1a: Garchomp|Outrage|p2a: Gyarados
|-damage|p2a: Gyarados|103\/331
|
|turn|3
|
|detailschange|p2a: Gyarados|Gyarados-Mega, F
|message|Gyarados has Mega Evolved into Mega Gyarados!
|-ability|p2a: Gyarados|Mold Breaker
|move|p2a: Gyarados|Earthquake|p1a: Garchomp
|-damage|p1a: Garchomp|0 fnt
|faint|p1a: Garchomp
|
|
|switch|p1a: Thundurus|Thundurus, M|299\/299
|turn|4
|
|move|p1a: Thundurus|Thunder Wave|p2a: Gyarados
|-status|p2a: Gyarados|par
|cant|p2a: Gyarados|par
|
|turn|5
|
|switch|p2a: Latias|Latias, F|303\/303
|-damage|p2a: Latias|266\/303|[from] Stealth Rock
|move|p1a: Thundurus|Thunderbolt|p2a: Latias
|-resisted|p2a: Latias
|-damage|p2a: Latias|192\/303
|-status|p2a: Latias|par
|-damage|p1a: Thundurus|270\/299|[from] item: Life Orb
|
|turn|6
|
|move|p1a: Thundurus|Hidden Power|p2a: Latias
|-supereffective|p2a: Latias
|-damage|p2a: Latias|36\/303 par
|-damage|p1a: Thundurus|241\/299|[from] item: Life Orb
|move|p2a: Latias|Healing Wish|p2a: Latias
|faint|p2a: Latias
|
|
|switch|p2a: Gyarados|Gyarados-Mega, F|103\/331 par
|-heal|p2a: Gyarados|331\/331|[from] move: Healing Wish
|-damage|p2a: Gyarados|290\/331|[from] Stealth Rock
|-ability|p2a: Gyarados|Mold Breaker
|turn|7
|
|switch|p2a: Tyranitar|Tyranitar, F|401\/401
|-damage|p2a: Tyranitar|351\/401|[from] Stealth Rock
|-weather|Sandstorm
|move|p1a: Thundurus|Focus Blast|p2a: Tyranitar
|-supereffective|p2a: Tyranitar
|-damage|p2a: Tyranitar|8\/401
|-damage|p1a: Thundurus|212\/299|[from] item: Life Orb
|
|-weather|Sandstorm|[upkeep]
|-damage|p1a: Thundurus|194\/299|[from] sandstorm
|turn|8
|
|switch|p1a: Gothitelle|Gothitelle, F|302\/302
|move|p2a: Tyranitar|Stealth Rock|p1a: Gothitelle
|-sidestart|p1: TCBB|move: Stealth Rock
|
|-weather|Sandstorm|[upkeep]
|-damage|p1a: Gothitelle|284\/302|[from] sandstorm
|turn|9
|
|move|p1a: Gothitelle|Hidden Power|p2a: Tyranitar
|-resisted|p2a: Tyranitar
|-damage|p2a: Tyranitar|0 fnt
|faint|p2a: Tyranitar
|
|-weather|Sandstorm|[upkeep]
|-damage|p1a: Gothitelle|266\/302|[from] sandstorm
|
|switch|p2a: Excadrill|Excadrill, M|362\/362
|-damage|p2a: Excadrill|351\/362|[from] Stealth Rock
|turn|10
|
|move|p2a: Excadrill|Earthquake|p1a: Gothitelle
|-damage|p1a: Gothitelle|1\/302
|-damage|p2a: Excadrill|315\/362|[from] item: Life Orb
|move|p1a: Gothitelle|Hidden Power|p2a: Excadrill
|-supereffective|p2a: Excadrill
|-damage|p2a: Excadrill|31\/362
|
|-weather|Sandstorm|[upkeep]
|-damage|p1a: Gothitelle|0 fnt|[from] sandstorm
|faint|p1a: Gothitelle
|
|switch|p1a: Bisharp|Bisharp, M|271\/271
|-damage|p1a: Bisharp|255\/271|[from] Stealth Rock
|turn|11
|
|switch|p2a: Skarmory|Skarmory, M|329\/329
|-damage|p2a: Skarmory|288\/329|[from] Stealth Rock
|move|p1a: Bisharp|Sucker Punch|p2a: Skarmory
|-fail|p2a: Skarmory
|
|-weather|Sandstorm|[upkeep]
|turn|12
|
|move|p1a: Bisharp|Swords Dance|p1a: Bisharp
|-boost|p1a: Bisharp|atk|2
|move|p2a: Skarmory|Roost|p2a: Skarmory
|-heal|p2a: Skarmory|329\/329
|
|-weather|Sandstorm|[upkeep]
|turn|13
|
|move|p1a: Bisharp|Knock Off|p2a: Skarmory
|-damage|p2a: Skarmory|39\/329
|-damage|p1a: Bisharp|210\/271|[from] item: Rocky Helmet|[of] p2a: Skarmory
|-enditem|p2a: Skarmory|Rocky Helmet|[from] move: Knock Off|[of] p1a: Bisharp
|-damage|p1a: Bisharp|183\/271|[from] item: Life Orb
|move|p2a: Skarmory|Counter|p1a: Bisharp
|-damage|p1a: Bisharp|0 fnt
|faint|p1a: Bisharp
|
|-weather|Sandstorm|[upkeep]
|
|switch|p1a: Gyarados|Gyarados, M|331\/331
|-damage|p1a: Gyarados|249\/331|[from] Stealth Rock
|-ability|p1a: Gyarados|Intimidate|[of] p2a: Skarmory
|-unboost|p2a: Skarmory|atk|1
|turn|14
|
|move|p1a: Gyarados|Waterfall|p2a: Skarmory
|-damage|p2a: Skarmory|0 fnt
|faint|p2a: Skarmory
|
|-weather|none
|
|switch|p2a: Gothitelle|Gothitelle, F|294\/294
|-damage|p2a: Gothitelle|258\/294|[from] Stealth Rock
|turn|15
|
|detailschange|p1a: Gyarados|Gyarados-Mega, M
|message|Gyarados has Mega Evolved into Mega Gyarados!
|-ability|p1a: Gyarados|Mold Breaker
|move|p1a: Gyarados|Waterfall|p2a: Gothitelle
|-damage|p2a: Gothitelle|59\/294
|move|p2a: Gothitelle|Thunderbolt|p1a: Gyarados
|-crit|p1a: Gyarados
|-supereffective|p1a: Gyarados
|-damage|p1a: Gyarados|0 fnt
|faint|p1a: Gyarados
|
|
|switch|p1a: Thundurus|Thundurus, M|194\/299
|-damage|p1a: Thundurus|120\/299|[from] Stealth Rock
|turn|16
|
|move|p1a: Thundurus|Thunderbolt|p2a: Gothitelle
|-damage|p2a: Gothitelle|0 fnt
|-damage|p1a: Thundurus|91\/299|[from] item: Life Orb
|faint|p2a: Gothitelle
|
|
|switch|p2a: Gyarados|Gyarados-Mega, F|290\/331
|-damage|p2a: Gyarados|249\/331|[from] Stealth Rock
|-ability|p2a: Gyarados|Mold Breaker
|turn|17
|
|move|p1a: Thundurus|Thunderbolt|p2a: Gyarados
|-supereffective|p2a: Gyarados
|-damage|p2a: Gyarados|0 fnt
|-damage|p1a: Thundurus|62\/299|[from] item: Life Orb
|faint|p2a: Gyarados
|
|-message|Aegi Uber forfeited.
|
|win|TCBB
|raw|Ladder updating...
|leave|Aegi Uber
|player|p2
|raw|Ladder (probably) updated, but score could not be retrieved (timeout).
|raw|Ladder (probably) updated, but score could not be retrieved (Error: socket hang up).
|leave|TCBB
|player|p1