|join|Tezerex
|join|TCBB
|player|p1|Tezerex|264
|player|p2|TCBB|157
|gametype|singles
|gen|6
|tier|OU (suspect test)
|rated
|clearpoke
|poke|p1|Treecko, F
|poke|p1|Forretress, M
|poke|p1|Mew
|poke|p1|Vaporeon, F
|poke|p1|Jolteon, M
|poke|p1|Smeargle, F
|poke|p2|Talonflame, F
|poke|p2|Pinsir, M, shiny
|poke|p2|Excadrill, M
|poke|p2|Terrakion
|poke|p2|Keldeo
|poke|p2|Thundurus, M
|rule|Swagger Clause: Swagger is banned
|rule|Baton Pass Clause: Limit one PokÃ©mon knowing Baton Pass
|rule|Sleep Clause Mod: Limit one foe put to sleep
|rule|Species Clause: Limit one of each PokÃ©mon
|rule|OHKO Clause: OHKO moves are banned
|rule|Moody Clause: Moody is banned
|rule|Evasion Moves Clause: Evasion moves are banned
|rule|Endless Battle Clause: Forcing endless battles is banned
|rule|HP Percentage Mod: HP is reported as percentages
|teampreview
|
|start
|switch|p1a: Smeargle|Smeargle, F|314\/314
|switch|p2a: Terrakion|Terrakion|323\/323
|-item|p1a: Smeargle|Air Balloon
|turn|1
|
|move|p2a: Terrakion|Taunt|p1a: Smeargle
|-start|p1a: Smeargle|move: Taunt
|cant|p1a: Smeargle|move: Taunt|Spore
|
|turn|2
|
|move|p2a: Terrakion|Close Combat|p1a: Smeargle
|-supereffective|p1a: Smeargle
|-damage|p1a: Smeargle|0 fnt
|-enditem|p1a: Smeargle|Air Balloon
|-unboost|p2a: Terrakion|def|1
|-unboost|p2a: Terrakion|spd|1
|faint|p1a: Smeargle
|
|
|switch|p1a: Forretress|Forretress, M|354\/354
|turn|3
|
|move|p2a: Terrakion|Taunt|p1a: Forretress
|-start|p1a: Forretress|move: Taunt
|cant|p1a: Forretress|move: Taunt|Stealth Rock
|
|turn|4
|
|move|p2a: Terrakion|Close Combat|p1a: Forretress
|-damage|p1a: Forretress|231\/354
|-unboost|p2a: Terrakion|def|1
|-unboost|p2a: Terrakion|spd|1
|move|p1a: Forretress|Signal Beam|p2a: Terrakion
|-resisted|p2a: Terrakion
|-damage|p2a: Terrakion|254\/323
|
|-heal|p1a: Forretress|253\/354|[from] item: Leftovers
|turn|5
|
|switch|p1a: Mew|Mew|404\/404
|-item|p1a: Mew|Air Balloon
|move|p2a: Terrakion|Close Combat|p1a: Mew
|-resisted|p1a: Mew
|-damage|p1a: Mew|330\/404
|-enditem|p1a: Mew|Air Balloon
|-unboost|p2a: Terrakion|def|1
|-unboost|p2a: Terrakion|spd|1
|
|turn|6
|
|move|p2a: Terrakion|Taunt|p1a: Mew
|-start|p1a: Mew|move: Taunt
|cant|p1a: Mew|move: Taunt|Amnesia
|
|turn|7
|
|move|p2a: Terrakion|Stone Edge|p1a: Mew|[miss]
|-miss|p2a: Terrakion|p1a: Mew
|-activate|p1a: Mew|move: Struggle
|move|p1a: Mew|Struggle|p2a: Terrakion
|-damage|p2a: Terrakion|165\/323
|-damage|p1a: Mew|229\/404
|
|turn|8
|
|switch|p1a: Jolteon|Jolteon, M|334\/334
|move|p2a: Terrakion|Stone Edge|p1a: Jolteon
|-crit|p1a: Jolteon
|-damage|p1a: Jolteon|0 fnt
|faint|p1a: Jolteon
|
|
|switch|p1a: Vaporeon|Vaporeon, F|464\/464
|turn|9
|
|move|p2a: Terrakion|Taunt|p1a: Vaporeon
|-start|p1a: Vaporeon|move: Taunt
|cant|p1a: Vaporeon|move: Taunt|Aqua Ring
|
|turn|10
|
|move|p2a: Terrakion|Stealth Rock|p1a: Vaporeon
|-sidestart|p1: Tezerex|move: Stealth Rock
|move|p1a: Vaporeon|Frustration|p2a: Terrakion
|-resisted|p2a: Terrakion
|-damage|p2a: Terrakion|85\/323
|
|turn|11
|
|move|p2a: Terrakion|Close Combat|p1a: Vaporeon
|-damage|p1a: Vaporeon|166\/464
|-unboost|p2a: Terrakion|def|1
|-unboost|p2a: Terrakion|spd|1
|move|p1a: Vaporeon|Frustration|p2a: Terrakion
|-resisted|p2a: Terrakion
|-damage|p2a: Terrakion|0 fnt
|faint|p2a: Terrakion
|
|-heal|p1a: Vaporeon|195\/464|[from] item: Leftovers
|-end|p1a: Vaporeon|move: Taunt
|
|switch|p2a: Thundurus|Thundurus, M|299\/299
|turn|12
|
|move|p2a: Thundurus|Thunderbolt|p1a: Vaporeon
|-crit|p1a: Vaporeon
|-supereffective|p1a: Vaporeon
|-damage|p1a: Vaporeon|0 fnt
|-damage|p2a: Thundurus|270\/299|[from] item: Life Orb
|faint|p1a: Vaporeon
|
|
|switch|p1a: Forretress|Forretress, M|253\/354
|-damage|p1a: Forretress|209\/354|[from] Stealth Rock
|turn|13
|
|move|p2a: Thundurus|Thunderbolt|p1a: Forretress
|-damage|p1a: Forretress|0 fnt
|-damage|p2a: Thundurus|241\/299|[from] item: Life Orb
|faint|p1a: Forretress
|
|
|switch|p1a: Mew|Mew|229\/404
|-damage|p1a: Mew|179\/404|[from] Stealth Rock
|turn|14
|
|move|p2a: Thundurus|Thunderbolt|p1a: Mew
|-damage|p1a: Mew|0 fnt
|-damage|p2a: Thundurus|212\/299|[from] item: Life Orb
|faint|p1a: Mew
|
|
|switch|p1a: Treecko|Treecko, F|221\/221
|-damage|p1a: Treecko|194\/221|[from] Stealth Rock
|turn|15
|
|move|p2a: Thundurus|Hidden Power|p1a: Treecko
|-supereffective|p1a: Treecko
|-damage|p1a: Treecko|0 fnt
|-damage|p2a: Thundurus|183\/299|[from] item: Life Orb
|faint|p1a: Treecko
|
|win|TCBB
|raw|Ladder updating...
|raw|Tezerex's rating: 1000 &rarr; <strong>1000<\/strong><br \/>(+0 for losing)
|raw|TCBB's rating: 1099 &rarr; <strong>1117<\/strong><br \/>(+18 for winning)
|leave|TCBB
|player|p2
|leave|Tezerex
|player|p1
|join|TCBB