|join|TCBB
|join|ActAgain
|player|p1|TCBB|169
|player|p2|ActAgain|3
|gametype|singles
|gen|6
|tier|OU (suspect test)
|rated
|clearpoke
|poke|p1|Gyarados, M
|poke|p1|Gothitelle, F
|poke|p1|Garchomp, M
|poke|p1|Greninja, M
|poke|p1|Thundurus, M
|poke|p1|Bisharp, M
|poke|p2|Azumarill, F
|poke|p2|Bisharp, F
|poke|p2|Venusaur, M
|poke|p2|Rotom-Wash
|poke|p2|Landorus, M
|poke|p2|Metagross
|rule|Swagger Clause: Swagger is banned
|rule|Baton Pass Clause: Limit one PokÃ©mon knowing Baton Pass
|rule|Sleep Clause Mod: Limit one foe put to sleep
|rule|Species Clause: Limit one of each PokÃ©mon
|rule|OHKO Clause: OHKO moves are banned
|rule|Moody Clause: Moody is banned
|rule|Evasion Moves Clause: Evasion moves are banned
|rule|Endless Battle Clause: Forcing endless battles is banned
|rule|HP Percentage Mod: HP is reported as percentages
|teampreview
|
|start
|switch|p1a: Garchomp|Garchomp, M|357\/357
|switch|p2a: Bisharp|Bisharp, F|334\/334
|turn|1
|
|switch|p2a: Landorus|Landorus, M|320\/320
|move|p1a: Garchomp|Stealth Rock|p2a: Landorus
|-sidestart|p2: ActAgain|move: Stealth Rock
|
|turn|2
|
|move|p1a: Garchomp|Swords Dance|p1a: Garchomp
|-boost|p1a: Garchomp|atk|2
|move|p2a: Landorus|Earth Power|p1a: Garchomp
|-damage|p1a: Garchomp|75\/357
|
|turn|3
|
|switch|p2a: Azumarill|Azumarill, F|404\/404
|-damage|p2a: Azumarill|354\/404|[from] Stealth Rock
|move|p1a: Garchomp|Outrage|p2a: Azumarill
|-immune|p2a: Azumarill|[msg]
|
|turn|4
|
|move|p2a: Azumarill|Aqua Jet|p1a: Garchomp
|-damage|p1a: Garchomp|0 fnt
|-damage|p2a: Azumarill|304\/404|[from] ability: Rough Skin|[of] p1a: Garchomp
|faint|p1a: Garchomp
|
|
|switch|p1a: Gothitelle|Gothitelle, F|302\/302
|turn|5
|
|move|p2a: Azumarill|Aqua Jet|p1a: Gothitelle
|-damage|p1a: Gothitelle|176\/302
|move|p1a: Gothitelle|Thunderbolt|p2a: Azumarill
|-crit|p2a: Azumarill
|-supereffective|p2a: Azumarill
|-damage|p2a: Azumarill|0 fnt
|faint|p2a: Azumarill
|
|
|switch|p2a: Bisharp|Bisharp, F|334\/334
|-damage|p2a: Bisharp|314\/334|[from] Stealth Rock
|turn|6
|
|move|p2a: Bisharp|Pursuit|p1a: Gothitelle|[from]Pursuit
|-supereffective|p1a: Gothitelle
|-damage|p1a: Gothitelle|0 fnt
|faint|p1a: Gothitelle
|
|
|switch|p1a: Greninja|Greninja, M|285\/285
|turn|7
|
|move|p1a: Greninja|Hydro Pump|p2a: Bisharp|[miss]
|-start|p1a: Greninja|typechange|Water|[from] Protean
|-miss|p1a: Greninja|p2a: Bisharp
|move|p2a: Bisharp|Knock Off|p1a: Greninja
|-damage|p1a: Greninja|51\/285
|-enditem|p1a: Greninja|Life Orb|[from] move: Knock Off|[of] p2a: Bisharp
|
|turn|8
|
|switch|p1a: Gyarados|Gyarados, M|331\/331
|-ability|p1a: Gyarados|Intimidate|[of] p2a: Bisharp
|-unboost|p2a: Bisharp|atk|1
|-boost|p2a: Bisharp|atk|2|[from] ability: Defiant
|move|p2a: Bisharp|Sucker Punch|p1a: Gyarados
|-fail|p1a: Gyarados
|
|turn|9
|
|detailschange|p1a: Gyarados|Gyarados-Mega, M
|message|Gyarados has Mega Evolved into Mega Gyarados!
|-ability|p1a: Gyarados|Mold Breaker
|move|p1a: Gyarados|Earthquake|p2a: Bisharp
|-supereffective|p2a: Bisharp
|-damage|p2a: Bisharp|34\/334
|move|p2a: Bisharp|Knock Off|p1a: Gyarados
|-resisted|p1a: Gyarados
|-damage|p1a: Gyarados|240\/331
|
|turn|10
|
|move|p1a: Gyarados|Earthquake|p2a: Bisharp
|-supereffective|p2a: Bisharp
|-damage|p2a: Bisharp|0 fnt
|faint|p2a: Bisharp
|
|
|switch|p2a: Venusaur|Venusaur, M|364\/364
|-damage|p2a: Venusaur|319\/364|[from] Stealth Rock
|turn|11
|
|detailschange|p2a: Venusaur|Venusaur-Mega, M
|message|Venusaur has Mega Evolved into Mega Venusaur!
|move|p1a: Gyarados|Earthquake|p2a: Venusaur
|-damage|p2a: Venusaur|214\/364
|move|p2a: Venusaur|Giga Drain|p1a: Gyarados
|-supereffective|p1a: Gyarados
|-damage|p1a: Gyarados|76\/331
|-heal|p2a: Venusaur|296\/364|[from] drain|[of] p1a: Gyarados
|
|turn|12
|
|move|p1a: Gyarados|Earthquake|p2a: Venusaur
|-damage|p2a: Venusaur|201\/364
|move|p2a: Venusaur|Leech Seed|p1a: Gyarados
|-start|p1a: Gyarados|move: Leech Seed
|
|-damage|p1a: Gyarados|35\/331|[from] Leech Seed|[of] p2a: Venusaur
|-heal|p2a: Venusaur|242\/364|[silent]
|turn|13
|
|move|p1a: Gyarados|Earthquake|p2a: Venusaur
|-damage|p2a: Venusaur|148\/364
|move|p2a: Venusaur|Synthesis|p2a: Venusaur
|-heal|p2a: Venusaur|330\/364
|
|-damage|p1a: Gyarados|0 fnt|[from] Leech Seed|[of] p2a: Venusaur
|-heal|p2a: Venusaur|364\/364|[silent]
|faint|p1a: Gyarados
|
|switch|p1a: Bisharp|Bisharp, M|271\/271
|turn|14
|
|move|p1a: Bisharp|Swords Dance|p1a: Bisharp
|-boost|p1a: Bisharp|atk|2
|move|p2a: Venusaur|Leech Seed|p1a: Bisharp
|-start|p1a: Bisharp|move: Leech Seed
|
|-damage|p1a: Bisharp|238\/271|[from] Leech Seed|[of] p2a: Venusaur
|turn|15
|
|switch|p2a: Metagross|Metagross|364\/364
|-damage|p2a: Metagross|342\/364|[from] Stealth Rock
|move|p1a: Bisharp|Iron Head|p2a: Metagross
|-resisted|p2a: Metagross
|-damage|p2a: Metagross|186\/364
|-damage|p1a: Bisharp|211\/271|[from] item: Life Orb
|
|-damage|p1a: Bisharp|178\/271|[from] Leech Seed|[of] p2a: Metagross
|-heal|p2a: Metagross|219\/364|[silent]
|turn|16
|
|move|p1a: Bisharp|Knock Off|p2a: Metagross
|-supereffective|p2a: Metagross
|-damage|p2a: Metagross|0 fnt
|-enditem|p2a: Metagross|Assault Vest|[from] move: Knock Off|[of] p1a: Bisharp
|-damage|p1a: Bisharp|151\/271|[from] item: Life Orb
|faint|p2a: Metagross
|
|
|switch|p2a: Rotom-Wash|Rotom-Wash|304\/304
|-damage|p2a: Rotom-Wash|266\/304|[from] Stealth Rock
|turn|17
|
|move|p1a: Bisharp|Sucker Punch|p2a: Rotom-Wash
|-fail|p2a: Rotom-Wash
|move|p2a: Rotom-Wash|Will-O-Wisp|p1a: Bisharp
|-status|p1a: Bisharp|brn
|
|-heal|p2a: Rotom-Wash|285\/304|[from] item: Leftovers
|-damage|p1a: Bisharp|118\/271 brn|[from] Leech Seed|[of] p2a: Rotom-Wash
|-heal|p2a: Rotom-Wash|304\/304|[silent]
|-damage|p1a: Bisharp|85\/271 brn|[from] brn
|turn|18
|
|move|p1a: Bisharp|Knock Off|p2a: Rotom-Wash
|-damage|p2a: Rotom-Wash|136\/304
|-enditem|p2a: Rotom-Wash|Leftovers|[from] move: Knock Off|[of] p1a: Bisharp
|-damage|p1a: Bisharp|58\/271 brn|[from] item: Life Orb
|move|p2a: Rotom-Wash|Will-O-Wisp|p1a: Bisharp
|-fail|p1a: Bisharp|brn
|
|-damage|p1a: Bisharp|25\/271 brn|[from] Leech Seed|[of] p2a: Rotom-Wash
|-heal|p2a: Rotom-Wash|169\/304|[silent]
|-damage|p1a: Bisharp|0 fnt|[from] brn
|faint|p1a: Bisharp
|
|switch|p1a: Greninja|Greninja, M|51\/285
|turn|19
|
|move|p1a: Greninja|Extrasensory|p2a: Rotom-Wash
|-start|p1a: Greninja|typechange|Psychic|[from] Protean
|-damage|p2a: Rotom-Wash|46\/304
|move|p2a: Rotom-Wash|Volt Switch|p1a: Greninja
|-damage|p1a: Greninja|0 fnt
|faint|p1a: Greninja
|
|switch|p2a: Venusaur|Venusaur-Mega, M|364\/364
|-damage|p2a: Venusaur|319\/364|[from] Stealth Rock
|
|
|switch|p1a: Thundurus|Thundurus, M|299\/299
|turn|20
|
|move|p1a: Thundurus|Thunder Wave|p2a: Venusaur
|-status|p2a: Venusaur|par
|move|p2a: Venusaur|Sludge Bomb|p1a: Thundurus
|-damage|p1a: Thundurus|139\/299
|
|turn|21
|
|move|p1a: Thundurus|Hidden Power|p2a: Venusaur
|-supereffective|p2a: Venusaur
|-damage|p2a: Venusaur|249\/364 par
|-damage|p1a: Thundurus|110\/299|[from] item: Life Orb
|move|p2a: Venusaur|Sludge Bomb|p1a: Thundurus
|-damage|p1a: Thundurus|0 fnt
|faint|p1a: Thundurus
|
|win|ActAgain
|raw|Ladder updating...
|raw|TCBB's rating: 1336 &rarr; <strong>1312<\/strong><br \/>(-24 for losing)
|raw|ActAgain's rating: 1259 &rarr; <strong>1289<\/strong><br \/>(+30 for winning)
|leave|TCBB
|player|p1
|leave|ActAgain
|player|p2
|join|TCBB