|join|TCBB
|join|Quad5s
|player|p1|TCBB|1
|player|p2|Quad5s|274
|gametype|singles
|gen|6
|tier|OU (suspect test)
|rated
|clearpoke
|poke|p1|Gyarados, M
|poke|p1|Gothitelle, F
|poke|p1|Garchomp, M, shiny
|poke|p1|Thundurus, M
|poke|p1|Greninja, M, shiny
|poke|p1|Bisharp, M
|poke|p2|Charizard, M
|poke|p2|Latios, M
|poke|p2|Talonflame, F
|poke|p2|Staraptor, F
|poke|p2|Excadrill, M
|poke|p2|Thundurus, M
|rule|Swagger Clause: Swagger is banned
|rule|Baton Pass Clause: Limit one PokÃ©mon knowing Baton Pass
|rule|Sleep Clause Mod: Limit one foe put to sleep
|rule|Species Clause: Limit one of each PokÃ©mon
|rule|OHKO Clause: OHKO moves are banned
|rule|Moody Clause: Moody is banned
|rule|Evasion Moves Clause: Evasion moves are banned
|rule|Endless Battle Clause: Forcing endless battles is banned
|rule|HP Percentage Mod: HP is reported as percentages
|teampreview
|
|start
|switch|p1a: Garchomp|Garchomp, M, shiny|357\/357
|switch|p2a: Charizard|Charizard, M|297\/297
|turn|1
|
|switch|p2a: Latios|Latios, M|301\/301
|move|p1a: Garchomp|Stealth Rock|p2a: Latios
|-sidestart|p2: Quad5s|move: Stealth Rock
|
|turn|2
|
|move|p2a: Latios|Dragon Pulse|p1a: Garchomp
|-supereffective|p1a: Garchomp
|-enditem|p1a: Garchomp|Focus Sash
|-damage|p1a: Garchomp|1\/357
|-damage|p2a: Latios|271\/301|[from] item: Life Orb
|move|p1a: Garchomp|Stealth Rock|p2a: Latios
|-fail|p2a: Latios
|
|turn|3
|
|move|p2a: Latios|Dragon Pulse|p1a: Garchomp
|-supereffective|p1a: Garchomp
|-damage|p1a: Garchomp|0 fnt
|-damage|p2a: Latios|241\/301|[from] item: Life Orb
|faint|p1a: Garchomp
|
|
|switch|p1a: Greninja|Greninja, M, shiny|285\/285
|turn|4
|
|move|p1a: Greninja|Ice Beam|p2a: Latios
|-start|p1a: Greninja|typechange|Ice|[from] Protean
|-supereffective|p2a: Latios
|-damage|p2a: Latios|0 fnt
|-damage|p1a: Greninja|257\/285|[from] item: Life Orb
|faint|p2a: Latios
|
|
|switch|p2a: Talonflame|Talonflame, F|297\/297
|-damage|p2a: Talonflame|149\/297|[from] Stealth Rock
|turn|5
|
|switch|p1a: Gyarados|Gyarados, M|331\/331
|-ability|p1a: Gyarados|Intimidate|[of] p2a: Talonflame
|-unboost|p2a: Talonflame|atk|1
|move|p2a: Talonflame|Flare Blitz|p1a: Gyarados
|-resisted|p1a: Gyarados
|-damage|p1a: Gyarados|268\/331
|-damage|p2a: Talonflame|128\/297|[from] recoil|[of] p1a: Gyarados
|
|turn|6
|
|detailschange|p1a: Gyarados|Gyarados-Mega, M
|message|Gyarados has Mega Evolved into Mega Gyarados!
|-ability|p1a: Gyarados|Mold Breaker
|move|p2a: Talonflame|Swords Dance|p2a: Talonflame
|-boost|p2a: Talonflame|atk|2
|move|p1a: Gyarados|Dragon Dance|p1a: Gyarados
|-boost|p1a: Gyarados|atk|1
|-boost|p1a: Gyarados|spe|1
|
|turn|7
|
|move|p2a: Talonflame|Brave Bird|p1a: Gyarados
|-damage|p1a: Gyarados|0 fnt
|-damage|p2a: Talonflame|40\/297|[from] recoil|[of] p1a: Gyarados
|faint|p1a: Gyarados
|
|
|switch|p1a: Gothitelle|Gothitelle, F|302\/302
|turn|8
|
|move|p2a: Talonflame|Roost|p2a: Talonflame
|-heal|p2a: Talonflame|189\/297
|move|p1a: Gothitelle|Psychic|p2a: Talonflame
|-damage|p2a: Talonflame|0 fnt
|faint|p2a: Talonflame
|
|
|switch|p2a: Excadrill|Excadrill, M|424\/424
|-damage|p2a: Excadrill|411\/424|[from] Stealth Rock
|-ability|p2a: Excadrill|Mold Breaker
|turn|9
|
|move|p2a: Excadrill|Rapid Spin|p1a: Gothitelle
|-damage|p1a: Gothitelle|271\/302
|-sideend|p2: Quad5s|Stealth Rock|[from] move: Rapid Spin|[of] p2a: Excadrill
|move|p1a: Gothitelle|Psychic|p2a: Excadrill
|-resisted|p2a: Excadrill
|-damage|p2a: Excadrill|258\/424
|
|turn|10
|
|move|p2a: Excadrill|Iron Head|p1a: Gothitelle
|-damage|p1a: Gothitelle|105\/302
|move|p1a: Gothitelle|Psychic|p2a: Excadrill
|-resisted|p2a: Excadrill
|-damage|p2a: Excadrill|99\/424
|
|turn|11
|
|move|p2a: Excadrill|Earthquake|p1a: Gothitelle
|-damage|p1a: Gothitelle|0 fnt
|faint|p1a: Gothitelle
|
|
|switch|p1a: Bisharp|Bisharp, M|271\/271
|turn|12
|
|move|p1a: Bisharp|Sucker Punch|p2a: Excadrill
|-damage|p2a: Excadrill|0 fnt
|-damage|p1a: Bisharp|244\/271|[from] item: Life Orb
|faint|p2a: Excadrill
|
|
|switch|p2a: Charizard|Charizard, M|297\/297
|turn|13
|
|switch|p1a: Greninja|Greninja, M, shiny|257\/285
|detailschange|p2a: Charizard|Charizard-Mega-Y, M
|message|Charizard has Mega Evolved into Mega Charizard!
|-weather|SunnyDay
|move|p2a: Charizard|Fire Blast|p1a: Greninja
|-resisted|p1a: Greninja
|-damage|p1a: Greninja|29\/285
|
|-weather|SunnyDay|[upkeep]
|turn|14
|
|move|p1a: Greninja|Hydro Pump|p2a: Charizard|[miss]
|-start|p1a: Greninja|typechange|Water|[from] Protean
|-miss|p1a: Greninja|p2a: Charizard
|move|p2a: Charizard|Air Slash|p1a: Greninja
|-damage|p1a: Greninja|0 fnt
|faint|p1a: Greninja
|
|-weather|SunnyDay|[upkeep]
|
|switch|p1a: Thundurus|Thundurus, M|299\/299
|turn|15
|chat|Quad5s|so sorry
|
|move|p1a: Thundurus|Thunderbolt|p2a: Charizard
|-supereffective|p2a: Charizard
|-damage|p2a: Charizard|0 fnt
|-damage|p1a: Thundurus|270\/299|[from] item: Life Orb
|faint|p2a: Charizard
|
|-weather|SunnyDay|[upkeep]
|chat|TCBB|nope. t-bolt ohkos
|
|switch|p2a: Staraptor|Staraptor, F|311\/311
|turn|16
|
|move|p1a: Thundurus|Thunder Wave|p2a: Staraptor
|-status|p2a: Staraptor|par
|cant|p2a: Staraptor|par
|
|-weather|SunnyDay|[upkeep]
|turn|17
|
|move|p1a: Thundurus|Thunderbolt|p2a: Staraptor
|-supereffective|p2a: Staraptor
|-damage|p2a: Staraptor|0 fnt
|-damage|p1a: Thundurus|241\/299|[from] item: Life Orb
|faint|p2a: Staraptor
|
|-weather|none
|
|switch|p2a: Thundurus|Thundurus, M|299\/299
|turn|18
|
|move|p2a: Thundurus|Thunderbolt|p1a: Thundurus
|-damage|p1a: Thundurus|3\/299
|-damage|p2a: Thundurus|270\/299|[from] item: Life Orb
|move|p1a: Thundurus|Thunderbolt|p2a: Thundurus
|-damage|p2a: Thundurus|19\/299
|-damage|p1a: Thundurus|0 fnt|[from] item: Life Orb
|faint|p1a: Thundurus
|
|
|switch|p1a: Bisharp|Bisharp, M|244\/271
|turn|19
|
|move|p2a: Thundurus|Thunder Wave|p1a: Bisharp
|-status|p1a: Bisharp|par
|move|p1a: Bisharp|Sucker Punch|p2a: Thundurus
|-fail|p2a: Thundurus
|
|turn|20
|
|cant|p1a: Bisharp|par
|move|p2a: Thundurus|Focus Blast|p1a: Bisharp
|-supereffective|p1a: Bisharp
|-damage|p1a: Bisharp|0 fnt
|-damage|p2a: Thundurus|0 fnt|[from] item: Life Orb
|faint|p1a: Bisharp
|faint|p2a: Thundurus
|
|win|Quad5s
|raw|Ladder updating...
|raw|TCBB's rating: 1265 &rarr; <strong>1245<\/strong><br \/>(-20 for losing)
|raw|Quad5s's rating: 1335 &rarr; <strong>1351<\/strong><br \/>(+16 for winning)