|join|TCBB
|join|Niebo
|player|p1|TCBB|157
|player|p2|Niebo|101
|gametype|singles
|gen|6
|tier|OU (suspect test)
|rated
|clearpoke
|poke|p1|Bisharp, M
|poke|p1|Gardevoir, F, shiny
|poke|p1|Heatran, M
|poke|p1|Thundurus, M
|poke|p1|Latios, M
|poke|p1|Keldeo
|poke|p2|Blastoise, F
|poke|p2|Excadrill, F
|poke|p2|Heatran, F
|poke|p2|Gengar, F
|poke|p2|Volcarona, M
|poke|p2|Dragonite, M
|rule|Swagger Clause: Swagger is banned
|rule|Baton Pass Clause: Limit one PokÃ©mon knowing Baton Pass
|rule|Sleep Clause Mod: Limit one foe put to sleep
|rule|Species Clause: Limit one of each PokÃ©mon
|rule|OHKO Clause: OHKO moves are banned
|rule|Moody Clause: Moody is banned
|rule|Evasion Moves Clause: Evasion moves are banned
|rule|Endless Battle Clause: Forcing endless battles is banned
|rule|HP Percentage Mod: HP is reported as percentages
|teampreview
|
|start
|switch|p1a: Keldeo|Keldeo|323\/323
|switch|p2a: Blastoise|Blastoise, F|355\/355
|turn|1
|
|detailschange|p2a: Blastoise|Blastoise-Mega, F
|message|Blastoise has Mega Evolved into Mega Blastoise!
|move|p1a: Keldeo|Secret Sword|p2a: Blastoise
|-damage|p2a: Blastoise|160\/355
|move|p2a: Blastoise|Aura Sphere|p1a: Keldeo
|-damage|p1a: Keldeo|162\/323
|
|turn|2
|
|switch|p1a: Thundurus|Thundurus, M|299\/299
|switch|p2a: Gengar|Gengar, F|262\/262
|
|turn|3
|
|move|p1a: Thundurus|Nasty Plot|p1a: Thundurus
|-boost|p1a: Thundurus|spa|2
|move|p2a: Gengar|Sludge Bomb|p1a: Thundurus
|-damage|p1a: Thundurus|113\/299
|-status|p1a: Thundurus|psn
|
|-damage|p1a: Thundurus|76\/299 psn|[from] psn
|turn|4
|
|switch|p2a: Heatran|Heatran, F|386\/386
|move|p1a: Thundurus|Hidden Power|p2a: Heatran
|-resisted|p2a: Heatran
|-damage|p2a: Heatran|290\/386
|-damage|p1a: Thundurus|47\/299 psn|[from] item: Life Orb
|
|-heal|p2a: Heatran|314\/386|[from] item: Leftovers
|-damage|p1a: Thundurus|10\/299 psn|[from] psn
|turn|5
|
|switch|p1a: Keldeo|Keldeo|162\/323
|move|p2a: Heatran|Stealth Rock|p1a: Keldeo
|-sidestart|p1: TCBB|move: Stealth Rock
|
|-heal|p2a: Heatran|338\/386|[from] item: Leftovers
|turn|6
|
|switch|p2a: Gengar|Gengar, F|262\/262
|move|p1a: Keldeo|Hydro Pump|p2a: Gengar
|-damage|p2a: Gengar|0 fnt
|faint|p2a: Gengar
|
|
|switch|p2a: Dragonite|Dragonite, M|324\/324
|turn|7
|
|move|p2a: Dragonite|Extreme Speed|p1a: Keldeo
|-damage|p1a: Keldeo|0 fnt
|faint|p1a: Keldeo
|
|
|switch|p1a: Gardevoir|Gardevoir, F, shiny|281\/281
|-damage|p1a: Gardevoir|246\/281|[from] Stealth Rock
|-ability|p1a: Gardevoir|Multiscale|[from] ability: Trace|[of] p2a: Dragonite
|turn|8
|
|switch|p2a: Heatran|Heatran, F|338\/386
|detailschange|p1a: Gardevoir|Gardevoir-Mega, F, shiny
|message|Gardevoir has Mega Evolved into Mega Gardevoir!
|move|p1a: Gardevoir|Hyper Voice|p2a: Heatran
|-resisted|p2a: Heatran
|-damage|p2a: Heatran|288\/386
|
|-heal|p2a: Heatran|312\/386|[from] item: Leftovers
|turn|9
|
|move|p1a: Gardevoir|Focus Blast|p2a: Heatran
|-supereffective|p2a: Heatran
|-damage|p2a: Heatran|46\/386
|move|p2a: Heatran|Roar|p1a: Gardevoir
|drag|p1a: Thundurus|Thundurus, M|10\/299 psn
|-damage|p1a: Thundurus|0 fnt|[from] Stealth Rock
|faint|p1a: Thundurus
|
|-heal|p2a: Heatran|70\/386|[from] item: Leftovers
|
|switch|p1a: Latios|Latios, M|301\/301
|-damage|p1a: Latios|264\/301|[from] Stealth Rock
|turn|10
|
|move|p1a: Latios|Thunderbolt|p2a: Heatran
|-damage|p2a: Heatran|0 fnt
|-damage|p1a: Latios|234\/301|[from] item: Life Orb
|faint|p2a: Heatran
|
|
|switch|p2a: Volcarona|Volcarona, M|371\/371
|turn|11
|
|move|p1a: Latios|Defog|p2a: Volcarona
|-unboost|p2a: Volcarona|evasion|1
|-sideend|p1: TCBB|Stealth Rock|[from] move: Defog|[of] p1a: Latios
|move|p2a: Volcarona|Quiver Dance|p2a: Volcarona
|-boost|p2a: Volcarona|spa|1
|-boost|p2a: Volcarona|spd|1
|-boost|p2a: Volcarona|spe|1
|
|turn|12
|
|switch|p1a: Heatran|Heatran, M|385\/385
|move|p2a: Volcarona|Flamethrower|p1a: Heatran
|-start|p1a: Heatran|ability: Flash Fire
|
|turn|13
|
|switch|p2a: Blastoise|Blastoise-Mega, F|160\/355
|move|p1a: Heatran|Lava Plume|p2a: Blastoise
|-resisted|p2a: Blastoise
|-damage|p2a: Blastoise|85\/355
|-status|p2a: Blastoise|brn
|
|-damage|p2a: Blastoise|41\/355 brn|[from] brn
|turn|14
|
|move|p1a: Heatran|Protect|p1a: Heatran
|-singleturn|p1a: Heatran|Protect
|move|p2a: Blastoise|Aura Sphere|p1a: Heatran
|-activate|p1a: Heatran|Protect
|
|-damage|p2a: Blastoise|0 fnt|[from] brn
|faint|p2a: Blastoise
|chat|Niebo|much hax
|
|switch|p2a: Excadrill|Excadrill, F|361\/361
|-ability|p2a: Excadrill|Mold Breaker
|-item|p2a: Excadrill|Air Balloon
|turn|15
|
|switch|p1a: Bisharp|Bisharp, M|271\/271
|move|p2a: Excadrill|Rock Slide|p1a: Bisharp
|-resisted|p1a: Bisharp
|-damage|p1a: Bisharp|226\/271
|
|turn|16
|
|move|p1a: Bisharp|Sucker Punch|p2a: Excadrill
|-damage|p2a: Excadrill|105\/361
|-enditem|p2a: Excadrill|Air Balloon
|move|p2a: Excadrill|Earthquake|p1a: Bisharp
|-supereffective|p1a: Bisharp
|-damage|p1a: Bisharp|0 fnt
|faint|p1a: Bisharp
|
|
|switch|p1a: Gardevoir|Gardevoir-Mega, F, shiny|246\/281
|turn|17
|
|move|p2a: Excadrill|Earthquake|p1a: Gardevoir
|-damage|p1a: Gardevoir|0 fnt
|faint|p1a: Gardevoir
|
|
|switch|p1a: Latios|Latios, M|234\/301
|turn|18
|
|switch|p2a: Dragonite|Dragonite, M|324\/324
|move|p1a: Latios|Psyshock|p2a: Dragonite
|-damage|p2a: Dragonite|230\/324
|-damage|p1a: Latios|204\/301|[from] item: Life Orb
|
|turn|19
|
|switch|p1a: Heatran|Heatran, M|385\/385
|move|p2a: Dragonite|Earthquake|p1a: Heatran
|-supereffective|p1a: Heatran
|-damage|p1a: Heatran|0 fnt
|faint|p1a: Heatran
|
|
|switch|p1a: Latios|Latios, M|204\/301
|turn|20
|
|switch|p2a: Volcarona|Volcarona, M|371\/371
|move|p1a: Latios|Draco Meteor|p2a: Volcarona|[miss]
|-miss|p1a: Latios|p2a: Volcarona
|
|turn|21
|
|move|p1a: Latios|Psyshock|p2a: Volcarona
|-damage|p2a: Volcarona|192\/371
|-damage|p1a: Latios|174\/301|[from] item: Life Orb
|move|p2a: Volcarona|Bug Buzz|p1a: Latios
|-supereffective|p1a: Latios
|-damage|p1a: Latios|0 fnt
|faint|p1a: Latios
|
|win|Niebo
|raw|Ladder updating...
|raw|TCBB's rating: 1143 &rarr; <strong>1114<\/strong><br \/>(-29 for losing)
|raw|Niebo's rating: 1082 &rarr; <strong>1115<\/strong><br \/>(+33 for winning)
|chat|Niebo|gg dude
|leave|TCBB
|player|p1