|join|hitmanthe
|join|TCBB
|player|p1|hitmanthe|265
|player|p2|TCBB|169
|gametype|singles
|gen|6
|tier|OU (suspect test)
|rated
|clearpoke
|poke|p1|Tyranitar, F
|poke|p1|Garchomp, F
|poke|p1|Bisharp, F
|poke|p1|Landorus, M
|poke|p1|Azumarill, F
|poke|p1|Thundurus, M
|poke|p2|Venusaur, M
|poke|p2|Heatran, M
|poke|p2|Quagsire, M
|poke|p2|Skarmory, M
|poke|p2|Chansey, F
|poke|p2|Clefable, F
|rule|Swagger Clause: Swagger is banned
|rule|Baton Pass Clause: Limit one PokÃ©mon knowing Baton Pass
|rule|Sleep Clause Mod: Limit one foe put to sleep
|rule|Species Clause: Limit one of each PokÃ©mon
|rule|OHKO Clause: OHKO moves are banned
|rule|Moody Clause: Moody is banned
|rule|Evasion Moves Clause: Evasion moves are banned
|rule|Endless Battle Clause: Forcing endless battles is banned
|rule|HP Percentage Mod: HP is reported as percentages
|teampreview
|
|start
|switch|p1a: Marvin's Room|Bisharp, F|272\/272
|switch|p2a: Clefable|Clefable, F|394\/394
|turn|1
|
|switch|p2a: Quagsire|Quagsire, M|394\/394
|move|p1a: Marvin's Room|Knock Off|p2a: Quagsire
|-damage|p2a: Quagsire|203\/394
|-enditem|p2a: Quagsire|Leftovers|[from] move: Knock Off|[of] p1a: Marvin's Room
|-damage|p1a: Marvin's Room|245\/272|[from] item: Life Orb
|
|turn|2
|
|move|p1a: Marvin's Room|Stealth Rock|p2a: Quagsire
|-sidestart|p2: TCBB|move: Stealth Rock
|move|p2a: Quagsire|Recover|p2a: Quagsire
|-heal|p2a: Quagsire|394\/394
|
|turn|3
|
|switch|p1a: The Language|Landorus, M|320\/320
|move|p2a: Quagsire|Scald|p1a: The Language
|-supereffective|p1a: The Language
|-damage|p1a: The Language|164\/320
|
|turn|4
|
|switch|p2a: Chansey|Chansey, F|704\/704
|-damage|p2a: Chansey|616\/704|[from] Stealth Rock
|move|p1a: The Language|Earth Power|p2a: Chansey
|-damage|p2a: Chansey|464\/704
|
|turn|5
|
|move|p1a: The Language|Focus Blast|p2a: Chansey
|-supereffective|p2a: Chansey
|-damage|p2a: Chansey|162\/704
|move|p2a: Chansey|Soft-Boiled|p2a: Chansey
|-heal|p2a: Chansey|514\/704
|
|turn|6
|
|move|p1a: The Language|Calm Mind|p1a: The Language
|-boost|p1a: The Language|spa|1
|-boost|p1a: The Language|spd|1
|move|p2a: Chansey|Soft-Boiled|p2a: Chansey
|-heal|p2a: Chansey|704\/704
|
|turn|7
|
|move|p1a: The Language|Focus Blast|p2a: Chansey
|-supereffective|p2a: Chansey
|-damage|p2a: Chansey|257\/704
|move|p2a: Chansey|Seismic Toss|p1a: The Language
|-damage|p1a: The Language|64\/320
|
|turn|8
|
|switch|p2a: Clefable|Clefable, F|394\/394
|move|p1a: The Language|Earth Power|p2a: Clefable
|-damage|p2a: Clefable|8\/394
|
|-heal|p2a: Clefable|32\/394|[from] item: Leftovers
|turn|9
|
|move|p1a: The Language|Earth Power|p2a: Clefable
|-damage|p2a: Clefable|0 fnt
|faint|p2a: Clefable
|
|
|switch|p2a: Quagsire|Quagsire, M|394\/394
|-damage|p2a: Quagsire|370\/394|[from] Stealth Rock
|turn|10
|
|move|p1a: The Language|Earth Power|p2a: Quagsire
|-damage|p2a: Quagsire|18\/394
|move|p2a: Quagsire|Scald|p1a: The Language
|-supereffective|p1a: The Language
|-damage|p1a: The Language|0 fnt
|faint|p1a: The Language
|
|
|switch|p1a: 0 to 100|Tyranitar, F|342\/342
|-weather|Sandstorm
|turn|11
|
|detailschange|p1a: 0 to 100|Tyranitar-Mega, F
|message|Tyranitar has Mega Evolved into Mega Tyranitar!
|move|p1a: 0 to 100|Crunch|p2a: Quagsire
|-crit|p2a: Quagsire
|-damage|p2a: Quagsire|0 fnt
|faint|p2a: Quagsire
|
|-weather|Sandstorm|[upkeep]
|
|switch|p2a: Skarmory|Skarmory, M|334\/334
|-damage|p2a: Skarmory|293\/334|[from] Stealth Rock
|turn|12
|
|move|p1a: 0 to 100|Dragon Dance|p1a: 0 to 100
|-boost|p1a: 0 to 100|atk|1
|-boost|p1a: 0 to 100|spe|1
|move|p2a: Skarmory|Defog|p1a: 0 to 100
|-unboost|p1a: 0 to 100|evasion|1
|-sideend|p2: TCBB|Stealth Rock|[from] move: Defog|[of] p2a: Skarmory
|
|-weather|Sandstorm|[upkeep]
|-heal|p2a: Skarmory|313\/334|[from] item: Leftovers
|turn|13
|
|move|p1a: 0 to 100|Stone Edge|p2a: Skarmory
|-damage|p2a: Skarmory|147\/334
|move|p2a: Skarmory|Roost|p2a: Skarmory
|-heal|p2a: Skarmory|314\/334
|
|-weather|Sandstorm|[upkeep]
|-heal|p2a: Skarmory|334\/334|[from] item: Leftovers
|turn|14
|
|move|p1a: 0 to 100|Crunch|p2a: Skarmory
|-damage|p2a: Skarmory|186\/334
|move|p2a: Skarmory|Counter|p1a: 0 to 100
|-damage|p1a: 0 to 100|46\/342
|
|-weather|Sandstorm|[upkeep]
|-heal|p2a: Skarmory|206\/334|[from] item: Leftovers
|turn|15
|
|move|p1a: 0 to 100|Stone Edge|p2a: Skarmory
|-damage|p2a: Skarmory|14\/334
|move|p2a: Skarmory|Roost|p2a: Skarmory
|-heal|p2a: Skarmory|181\/334
|
|-weather|none
|-heal|p2a: Skarmory|201\/334|[from] item: Leftovers
|turn|16
|
|move|p1a: 0 to 100|Stone Edge|p2a: Skarmory
|-damage|p2a: Skarmory|15\/334
|move|p2a: Skarmory|Roost|p2a: Skarmory
|-heal|p2a: Skarmory|182\/334
|
|-heal|p2a: Skarmory|202\/334|[from] item: Leftovers
|turn|17
|
|move|p1a: 0 to 100|Stone Edge|p2a: Skarmory
|-crit|p2a: Skarmory
|-damage|p2a: Skarmory|0 fnt
|faint|p2a: Skarmory
|
|chat|TCBB|great
|
|switch|p2a: Venusaur|Venusaur, M|364\/364
|turn|18
|chat|hitmanthe|when you play with fire
|chat|hitmanthe|you can get burned
|
|detailschange|p2a: Venusaur|Venusaur-Mega, M
|message|Venusaur has Mega Evolved into Mega Venusaur!
|move|p1a: 0 to 100|Stone Edge|p2a: Venusaur
|-damage|p2a: Venusaur|117\/364
|move|p2a: Venusaur|Synthesis|p2a: Venusaur
|-heal|p2a: Venusaur|299\/364
|
|turn|19
|
|move|p1a: 0 to 100|Stone Edge|p2a: Venusaur
|-damage|p2a: Venusaur|44\/364
|move|p2a: Venusaur|Synthesis|p2a: Venusaur
|-heal|p2a: Venusaur|226\/364
|
|turn|20
|
|move|p1a: 0 to 100|Stone Edge|p2a: Venusaur
|-damage|p2a: Venusaur|0 fnt
|faint|p2a: Venusaur
|
|-message|TCBB forfeited.
|
|win|hitmanthe
|raw|Ladder updating...
|leave|TCBB
|player|p2
|raw|hitmanthe's rating: 1339 &rarr; <strong>1360<\/strong><br \/>(+21 for winning)
|raw|TCBB's rating: 1356 &rarr; <strong>1335<\/strong><br \/>(-21 for losing)
|chat|hitmanthe|ttar is on point
|chat|hitmanthe|ON SIGHT