|join|TCBB
|join|Countdown Clock
|player|p1|TCBB|169
|player|p2|Countdown Clock|169
|gametype|singles
|gen|6
|tier|OU (suspect test)
|rated
|clearpoke
|poke|p1|Venusaur, M
|poke|p1|Heatran, M
|poke|p1|Quagsire, M
|poke|p1|Skarmory, M
|poke|p1|Chansey, F
|poke|p1|Clefable, F
|poke|p2|Thundurus, M
|poke|p2|Medicham, M, shiny
|poke|p2|Landorus, M
|poke|p2|Garchomp, M
|poke|p2|Keldeo
|poke|p2|Azumarill, M
|rule|Swagger Clause: Swagger is banned
|rule|Baton Pass Clause: Limit one PokÃ©mon knowing Baton Pass
|rule|Sleep Clause Mod: Limit one foe put to sleep
|rule|Species Clause: Limit one of each PokÃ©mon
|rule|OHKO Clause: OHKO moves are banned
|rule|Moody Clause: Moody is banned
|rule|Evasion Moves Clause: Evasion moves are banned
|rule|Endless Battle Clause: Forcing endless battles is banned
|rule|HP Percentage Mod: HP is reported as percentages
|teampreview
|
|start
|switch|p1a: Clefable|Clefable, F|394\/394
|switch|p2a: Landorus|Landorus, M|320\/320
|turn|1
|
|switch|p1a: Chansey|Chansey, F|704\/704
|move|p2a: Landorus|Stealth Rock|p1a: Chansey
|-sidestart|p1: TCBB|move: Stealth Rock
|
|turn|2
|
|switch|p2a: Azumarill|Azumarill, M|378\/378
|move|p1a: Chansey|Seismic Toss|p2a: Azumarill
|-damage|p2a: Azumarill|278\/378
|
|turn|3
|
|switch|p2a: Medicham|Medicham, M, shiny|275\/275
|switch|p1a: Venusaur|Venusaur, M|364\/364
|-damage|p1a: Venusaur|319\/364|[from] Stealth Rock
|
|turn|4
|
|switch|p1a: Clefable|Clefable, F|394\/394
|detailschange|p2a: Medicham|Medicham-Mega, M, shiny
|message|Medicham has Mega Evolved into Mega Medicham!
|move|p2a: Medicham|Substitute|p2a: Medicham
|-start|p2a: Medicham|Substitute
|-damage|p2a: Medicham|207\/275
|
|turn|5
|
|move|p2a: Medicham|Psycho Cut|p1a: Clefable
|-damage|p1a: Clefable|201\/394
|move|p1a: Clefable|Soft-Boiled|p1a: Clefable
|-heal|p1a: Clefable|394\/394
|
|turn|6
|
|move|p2a: Medicham|Psycho Cut|p1a: Clefable
|-damage|p1a: Clefable|201\/394
|move|p1a: Clefable|Soft-Boiled|p1a: Clefable
|-heal|p1a: Clefable|394\/394
|
|turn|7
|
|move|p2a: Medicham|Psycho Cut|p1a: Clefable
|-damage|p1a: Clefable|199\/394
|move|p1a: Clefable|Soft-Boiled|p1a: Clefable
|-heal|p1a: Clefable|394\/394
|
|turn|8
|
|move|p2a: Medicham|Psycho Cut|p1a: Clefable
|-damage|p1a: Clefable|205\/394
|move|p1a: Clefable|Moonblast|p2a: Medicham
|-supereffective|p2a: Medicham
|-end|p2a: Medicham|Substitute
|
|-heal|p1a: Clefable|229\/394|[from] item: Leftovers
|turn|9
|
|switch|p2a: Landorus|Landorus, M|320\/320
|move|p1a: Clefable|Soft-Boiled|p1a: Clefable
|-heal|p1a: Clefable|394\/394
|
|turn|10
|
|switch|p2a: Medicham|Medicham-Mega, M, shiny|207\/275
|switch|p1a: Chansey|Chansey, F|704\/704
|-damage|p1a: Chansey|616\/704|[from] Stealth Rock
|
|turn|11
|
|switch|p1a: Clefable|Clefable, F|394\/394
|move|p2a: Medicham|High Jump Kick|p1a: Clefable
|-resisted|p1a: Clefable
|-damage|p1a: Clefable|193\/394
|
|-heal|p1a: Clefable|217\/394|[from] item: Leftovers
|turn|12
|
|switch|p2a: Landorus|Landorus, M|320\/320
|move|p1a: Clefable|Soft-Boiled|p1a: Clefable
|-heal|p1a: Clefable|394\/394
|
|turn|13
|
|move|p2a: Landorus|Earth Power|p1a: Clefable
|-damage|p1a: Clefable|131\/394
|move|p1a: Clefable|Calm Mind|p1a: Clefable
|-boost|p1a: Clefable|spa|1
|-boost|p1a: Clefable|spd|1
|
|-heal|p1a: Clefable|155\/394|[from] item: Leftovers
|turn|14
|
|move|p2a: Landorus|Earth Power|p1a: Clefable
|-damage|p1a: Clefable|0 fnt
|faint|p1a: Clefable
|
|-message|TCBB forfeited.
|
|win|Countdown Clock
|raw|Ladder updating...
|leave|TCBB
|player|p1
|raw|TCBB's rating: 1383 &rarr; <strong>1356<\/strong><br \/>(-27 for losing)
|raw|Countdown Clock's rating: 1269 &rarr; <strong>1302<\/strong><br \/>(+33 for winning)