|join|TCBB
|join|kyorge
|player|p1|TCBB|102
|player|p2|kyorge|160
|gametype|singles
|gen|6
|tier|OU (suspect test)
|rated
|clearpoke
|poke|p1|Gyarados, M
|poke|p1|Gothitelle, F
|poke|p1|Garchomp, M
|poke|p1|Greninja, M
|poke|p1|Thundurus, M
|poke|p1|Bisharp, M
|poke|p2|Heracross, F
|poke|p2|Mamoswine, M
|poke|p2|Thundurus, M
|poke|p2|Azumarill, F
|poke|p2|Heatran, M
|poke|p2|Latios, M
|rule|Swagger Clause: Swagger is banned
|rule|Baton Pass Clause: Limit one PokÃ©mon knowing Baton Pass
|rule|Sleep Clause Mod: Limit one foe put to sleep
|rule|Species Clause: Limit one of each PokÃ©mon
|rule|OHKO Clause: OHKO moves are banned
|rule|Moody Clause: Moody is banned
|rule|Evasion Moves Clause: Evasion moves are banned
|rule|Endless Battle Clause: Forcing endless battles is banned
|rule|HP Percentage Mod: HP is reported as percentages
|teampreview
|
|start
|switch|p1a: Greninja|Greninja, M|285\/285
|switch|p2a: Heracross|Heracross, F|301\/301
|turn|1
|
|detailschange|p2a: Heracross|Heracross-Mega, F
|message|Heracross has Mega Evolved into Mega Heracross!
|move|p1a: Greninja|Extrasensory|p2a: Heracross
|-start|p1a: Greninja|typechange|Psychic|[from] Protean
|-supereffective|p2a: Heracross
|-damage|p2a: Heracross|2\/301
|-damage|p1a: Greninja|257\/285|[from] item: Life Orb
|move|p2a: Heracross|Pin Missile|p1a: Greninja
|-supereffective|p1a: Greninja
|-damage|p1a: Greninja|81\/285
|-supereffective|p1a: Greninja
|-damage|p1a: Greninja|0 fnt
|-hitcount|p1a: Greninja|2
|faint|p1a: Greninja
|
|
|switch|p1a: Garchomp|Garchomp, M|357\/357
|turn|2
|
|switch|p2a: Thundurus|Thundurus, M|299\/299
|move|p1a: Garchomp|Stealth Rock|p2a: Thundurus
|-sidestart|p2: kyorge|move: Stealth Rock
|
|turn|3
|
|move|p2a: Thundurus|Hidden Power|p1a: Garchomp
|-supereffective|p1a: Garchomp
|-enditem|p1a: Garchomp|Focus Sash
|-damage|p1a: Garchomp|1\/357
|-damage|p2a: Thundurus|270\/299|[from] item: Life Orb
|move|p1a: Garchomp|Outrage|p2a: Thundurus
|-damage|p2a: Thundurus|0 fnt
|faint|p2a: Thundurus
|
|
|switch|p2a: Azumarill|Azumarill, F|364\/364
|-damage|p2a: Azumarill|319\/364|[from] Stealth Rock
|turn|4
|
|move|p1a: Garchomp|Outrage|p2a: Azumarill
|-immune|p2a: Azumarill|[msg]
|move|p2a: Azumarill|Belly Drum|p2a: Azumarill
|-damage|p2a: Azumarill|137\/364
|-setboost|p2a: Azumarill|atk|6|[from] move: Belly Drum
|-enditem|p2a: Azumarill|Sitrus Berry|[eat]
|-heal|p2a: Azumarill|228\/364|[from] item: Sitrus Berry
|
|-end|p1a: Garchomp|rampage
|-start|p1a: Garchomp|confusion
|turn|5
|
|move|p2a: Azumarill|Aqua Jet|p1a: Garchomp
|-damage|p1a: Garchomp|0 fnt
|-damage|p2a: Azumarill|183\/364|[from] ability: Rough Skin|[of] p1a: Garchomp
|faint|p1a: Garchomp
|
|
|switch|p1a: Gyarados|Gyarados, M|331\/331
|-ability|p1a: Gyarados|Intimidate|[of] p2a: Azumarill
|-unboost|p2a: Azumarill|atk|1
|turn|6
|
|detailschange|p1a: Gyarados|Gyarados-Mega, M
|message|Gyarados has Mega Evolved into Mega Gyarados!
|-ability|p1a: Gyarados|Mold Breaker
|move|p1a: Gyarados|Earthquake|p2a: Azumarill
|-damage|p2a: Azumarill|1\/364
|move|p2a: Azumarill|Play Rough|p1a: Gyarados
|-supereffective|p1a: Gyarados
|-damage|p1a: Gyarados|0 fnt
|faint|p1a: Gyarados
|
|
|switch|p1a: Bisharp|Bisharp, M|271\/271
|turn|7
|
|move|p1a: Bisharp|Sucker Punch|p2a: Azumarill
|-fail|p2a: Azumarill
|move|p2a: Azumarill|Belly Drum|p2a: Azumarill
|-fail|p2a: Azumarill
|
|turn|8
|
|move|p1a: Bisharp|Sucker Punch|p2a: Azumarill
|-fail|p2a: Azumarill
|move|p2a: Azumarill|Belly Drum|p2a: Azumarill
|-fail|p2a: Azumarill
|
|turn|9
|
|move|p2a: Azumarill|Aqua Jet|p1a: Bisharp
|-damage|p1a: Bisharp|0 fnt
|faint|p1a: Bisharp
|
|-message|TCBB forfeited.
|
|win|kyorge
|raw|Ladder updating...
|leave|TCBB
|raw|TCBB's rating: 1329 &rarr; <strong>1304<\/strong><br \/>(-25 for losing)
|raw|kyorge's rating: 1243 &rarr; <strong>1274<\/strong><br \/>(+31 for winning)
|player|p1