|join|Reverb
|join|TCBB
|join|skysoki
|join|Squirrelll
|join|Always On Tilt
|player|p1|Reverb|#reverbxmas
|player|p2|TCBB|157
|gametype|singles
|gen|6
|tier|OU (suspect test)
|rated
|clearpoke
|poke|p1|Lopunny, F
|poke|p1|Celebi
|poke|p1|Tyranitar, F
|poke|p1|Keldeo
|poke|p1|Landorus-Therian, M
|poke|p1|Empoleon, M
|poke|p2|Terrakion
|poke|p2|Keldeo
|poke|p2|Metagross, shiny
|poke|p2|Latios, M
|poke|p2|Talonflame, F
|poke|p2|Landorus-Therian, M
|rule|Swagger Clause: Swagger is banned
|rule|Baton Pass Clause: Limit one PokÃ©mon knowing Baton Pass
|rule|Sleep Clause Mod: Limit one foe put to sleep
|rule|Species Clause: Limit one of each PokÃ©mon
|rule|OHKO Clause: OHKO moves are banned
|rule|Moody Clause: Moody is banned
|rule|Evasion Moves Clause: Evasion moves are banned
|rule|Endless Battle Clause: Forcing endless battles is banned
|rule|HP Percentage Mod: HP is shown in percentages
|teampreview
|join|Quartz Quadrant 3
|join|Maomiraeniya
|c| Quartz Quadrant 3|i dont get how you dont have 2700 and then people at like 1500 do
|join|Gaulet
|join|I THINK HE HAS BP
|c|âReverb|lol
|c| I THINK HE HAS BP|cmon revverb;
|c|âReverb|they played more battles
|join|Doge4Ubers
|
|start
|switch|p1a: Lopunny|Lopunny, F|271\/271
|switch|p2a: Terrakion|Terrakion|323\/323
|turn|1
|c| Quartz Quadrant 3|meh i donno how the formula works but it should be manipulated a bit more
|c| Quartz Quadrant 3|you should be there by now
|join|haunter
|c| Squirrelll|its kinda skewed to cause alot of peeps got their reqs quickly when the laddered was sorta deflated
|
|switch|p2a: Metagross|Metagross, shiny|301\/301
|detailschange|p1a: Lopunny|Lopunny-Mega, F
|-mega|p1a: Lopunny|Lopunny|Lopunnite
|move|p1a: Lopunny|Fake Out|p2a: Metagross
|-resisted|p2a: Metagross
|-damage|p2a: Metagross|270\/301
|
|turn|2
|c| Squirrelll|ladder*
|join|Chillingtilnoon
|join|xgamespopular
|
|switch|p1a: Empoleon|Empoleon, M|371\/371
|detailschange|p2a: Metagross|Metagross-Mega, shiny
|-mega|p2a: Metagross|Metagross|Metagrossite
|move|p2a: Metagross|Meteor Mash|p1a: Empoleon|[miss]
|-miss|p2a: Metagross|p1a: Empoleon
|
|turn|3
|
|move|p2a: Metagross|Earthquake|p1a: Empoleon
|-supereffective|p1a: Empoleon
|-damage|p1a: Empoleon|147\/371
|move|p1a: Empoleon|Stealth Rock|p2a: Metagross
|-sidestart|p2: TCBB|move: Stealth Rock
|
|-heal|p1a: Empoleon|170\/371|[from] item: Leftovers
|turn|4
|join|sugarhigh
|
|switch|p1a: Landorus-Therian|Landorus-Therian, M|327\/327
|-ability|p1a: Landorus-Therian|Intimidate|[of] p2a: Metagross
|-unboost|p2a: Metagross|atk|1
|move|p2a: Metagross|Meteor Mash|p1a: Landorus-Therian
|-damage|p1a: Landorus-Therian|149\/327
|
|turn|5
|leave|sugarhigh
|join|Gizmo
|
|switch|p2a: Landorus-Therian|Landorus-Therian, M|325\/325
|-damage|p2a: Landorus-Therian|285\/325|[from] Stealth Rock
|-ability|p2a: Landorus-Therian|Intimidate|[of] p1a: Landorus-Therian
|-unboost|p1a: Landorus-Therian|atk|1
|move|p1a: Landorus-Therian|U-turn|p2a: Landorus-Therian
|-resisted|p2a: Landorus-Therian
|-damage|p2a: Landorus-Therian|253\/325
|
|switch|p1a: Keldeo|Keldeo|323\/323
|
|turn|6
|
|move|p2a: Landorus-Therian|U-turn|p1a: Keldeo
|-resisted|p1a: Keldeo
|-damage|p1a: Keldeo|274\/323
|join|Vertex.S
|
|switch|p2a: Latios|Latios, M|301\/301
|-damage|p2a: Latios|264\/301|[from] Stealth Rock
|move|p1a: Keldeo|Icy Wind|p2a: Latios
|-crit|p2a: Latios
|-supereffective|p2a: Latios
|-damage|p2a: Latios|0 fnt
|faint|p2a: Latios
|
|c| Quartz Quadrant 3|lando-t everywhere
|c| Chillingtilnoon|rekt
|c| Gaulet|haxx no gg
|
|switch|p2a: Terrakion|Terrakion|323\/323
|-damage|p2a: Terrakion|303\/323|[from] Stealth Rock
|turn|7
|join|Sinclair
|join|Cienight
|c| Vertex.S|yo reverb my nigga can i have the import for your team
|c| Chillingtilnoon|ebelt if real
|
|move|p2a: Terrakion|Stealth Rock|p1a: Keldeo
|-sidestart|p1: Reverb|move: Stealth Rock
|move|p1a: Keldeo|Icy Wind|p2a: Terrakion
|-damage|p2a: Terrakion|198\/323
|-unboost|p2a: Terrakion|spe|1
|
|turn|8
|c|âReverb|ask squirrelll
|join|Austin
|c|âReverb|it's his
|join|Albyness
|c| Squirrelll|you can have my verison if you want
|c| Vertex.S|kk
|c| Vertex.S|thx man
|leave|Cienight
|
|switch|p1a: Landorus-Therian|Landorus-Therian, M|149\/327
|-damage|p1a: Landorus-Therian|109\/327|[from] Stealth Rock
|-ability|p1a: Landorus-Therian|Intimidate|[of] p2a: Terrakion
|-unboost|p2a: Terrakion|atk|1
|move|p2a: Terrakion|Close Combat|p1a: Landorus-Therian
|-resisted|p1a: Landorus-Therian
|-damage|p1a: Landorus-Therian|32\/327
|-unboost|p2a: Terrakion|def|1
|-unboost|p2a: Terrakion|spd|1
|
|turn|9
|c| Squirrelll|pm
|leave|xgamespopular
|
|move|p1a: Landorus-Therian|Explosion|p2a: Terrakion
|-resisted|p2a: Terrakion
|-damage|p2a: Terrakion|0 fnt
|faint|p1a: Landorus-Therian
|faint|p2a: Terrakion
|
|c| Vertex.S|k
|
|switch|p1a: Lopunny|Lopunny-Mega, F|271\/271
|switch|p2a: Metagross|Metagross-Mega, shiny|270\/301
|-damage|p1a: Lopunny|255\/271|[from] Stealth Rock
|-damage|p2a: Metagross|252\/301|[from] Stealth Rock
|turn|10
|
|move|p1a: Lopunny|Fake Out|p2a: Metagross
|-resisted|p2a: Metagross
|-damage|p2a: Metagross|226\/301
|cant|p2a: Metagross|flinch
|
|turn|11
|c|âReverb|play w\/ lando was p reckless tbh
|
|switch|p1a: Empoleon|Empoleon, M|170\/371
|-damage|p1a: Empoleon|147\/371|[from] Stealth Rock
|move|p2a: Metagross|Meteor Mash|p1a: Empoleon
|-resisted|p1a: Empoleon
|-damage|p1a: Empoleon|98\/371
|
|-heal|p1a: Empoleon|121\/371|[from] item: Leftovers
|turn|12
|
|move|p2a: Metagross|Earthquake|p1a: Empoleon
|-supereffective|p1a: Empoleon
|-damage|p1a: Empoleon|0 fnt
|faint|p1a: Empoleon
|
|join|Khaliem
|
|switch|p1a: Celebi|Celebi|404\/404
|-damage|p1a: Celebi|354\/404|[from] Stealth Rock
|turn|13
|
|move|p2a: Metagross|Meteor Mash|p1a: Celebi
|-damage|p1a: Celebi|135\/404
|move|p1a: Celebi|Giga Drain|p2a: Metagross
|-resisted|p2a: Metagross
|-damage|p2a: Metagross|185\/301
|-heal|p1a: Celebi|156\/404|[from] drain|[of] p2a: Metagross
|
|-heal|p1a: Celebi|181\/404|[from] item: Leftovers
|turn|14
|leave|Khaliem
|
|move|p2a: Metagross|Meteor Mash|p1a: Celebi
|-damage|p1a: Celebi|0 fnt
|faint|p1a: Celebi
|
|c| Quartz Quadrant 3|do you have space for leech seed on celebi?
|
|switch|p1a: Lopunny|Lopunny-Mega, F|255\/271
|-damage|p1a: Lopunny|239\/271|[from] Stealth Rock
|turn|15
|c|âReverb|n
|
|switch|p2a: Landorus-Therian|Landorus-Therian, M|253\/325
|-damage|p2a: Landorus-Therian|213\/325|[from] Stealth Rock
|-ability|p2a: Landorus-Therian|Intimidate|[of] p1a: Lopunny
|-unboost|p1a: Lopunny|atk|1
|move|p1a: Lopunny|Fake Out|p2a: Landorus-Therian
|-damage|p2a: Landorus-Therian|158\/325
|
|turn|16
|
|move|p2a: Landorus-Therian|Superpower|p1a: Lopunny
|-supereffective|p1a: Lopunny
|-damage|p1a: Lopunny|0 fnt
|-unboost|p2a: Landorus-Therian|atk|1
|-unboost|p2a: Landorus-Therian|def|1
|faint|p1a: Lopunny
|
|-message|Reverb forfeited.
|
|win|TCBB
|raw|Ladder updating...
|c|âReverb|gg
|raw|Reverb's rating: 1595 &rarr; <strong>1566<\/strong><br \/>(-29 for losing)
|raw|TCBB's rating: 1425 &rarr; <strong>1454<\/strong><br \/>(+29 for winning)
|leave|Quartz Quadrant 3