|join|PKMN Trainer JW
|join|TCBB
|player|p1|PKMN Trainer JW|240
|player|p2|TCBB|169
|gametype|singles
|gen|6
|tier|OU (suspect test)
|rated
|clearpoke
|poke|p1|Umbreon, M, shiny
|poke|p1|Gengar, M
|poke|p1|Infernape, M
|poke|p1|Garchomp, M
|poke|p1|Blastoise, M
|poke|p1|Mawile, F
|poke|p2|Gyarados, M
|poke|p2|Gothitelle, F
|poke|p2|Garchomp, M, shiny
|poke|p2|Landorus-Therian, M
|poke|p2|Azumarill, M
|poke|p2|Kyurem-Black
|rule|Swagger Clause: Swagger is banned
|rule|Baton Pass Clause: Limit one PokÃ©mon knowing Baton Pass
|rule|Sleep Clause Mod: Limit one foe put to sleep
|rule|Species Clause: Limit one of each PokÃ©mon
|rule|OHKO Clause: OHKO moves are banned
|rule|Moody Clause: Moody is banned
|rule|Evasion Moves Clause: Evasion moves are banned
|rule|Endless Battle Clause: Forcing endless battles is banned
|rule|HP Percentage Mod: HP is reported as percentages
|teampreview
|join|CJtheLord
|
|start
|switch|p1a: Wallturtle|Blastoise, M|361\/361
|switch|p2a: Garchomp|Garchomp, M, shiny|357\/357
|turn|1
|
|move|p2a: Garchomp|Stealth Rock|p1a: Wallturtle
|-sidestart|p1: PKMN Trainer JW|move: Stealth Rock
|move|p1a: Wallturtle|Scald|p2a: Garchomp
|-damage|p2a: Garchomp|266\/357
|
|turn|2
|
|move|p2a: Garchomp|Swords Dance|p2a: Garchomp
|-boost|p2a: Garchomp|atk|2
|move|p1a: Wallturtle|Ice Beam|p2a: Garchomp
|-supereffective|p2a: Garchomp
|-damage|p2a: Garchomp|2\/357
|
|turn|3
|
|switch|p1a: U mad?|Gengar, M|262\/262
|-damage|p1a: U mad?|230\/262|[from] Stealth Rock
|move|p2a: Garchomp|Earthquake|p1a: U mad?
|-immune|p1a: U mad?|[msg]
|
|-heal|p1a: U mad?|246\/262|[from] item: Black Sludge
|turn|4
|
|move|p1a: U mad?|Shadow Ball|p2a: Garchomp
|-damage|p2a: Garchomp|0 fnt
|faint|p2a: Garchomp
|
|-heal|p1a: U mad?|262\/262|[from] item: Black Sludge
|
|switch|p2a: Landorus-Therian|Landorus-Therian, M|354\/354
|-ability|p2a: Landorus-Therian|Intimidate|[of] p1a: U mad?
|-unboost|p1a: U mad?|atk|1
|turn|5
|
|switch|p1a: Wallturtle|Blastoise, M|361\/361
|-damage|p1a: Wallturtle|316\/361|[from] Stealth Rock
|move|p2a: Landorus-Therian|Knock Off|p1a: Wallturtle
|-damage|p1a: Wallturtle|223\/361
|-damage|p2a: Landorus-Therian|295\/354|[from] item: Rocky Helmet|[of] p1a: Wallturtle
|-enditem|p1a: Wallturtle|Rocky Helmet|[from] move: Knock Off|[of] p2a: Landorus-Therian
|
|turn|6
|
|switch|p2a: Kyurem-Black|Kyurem-Black|391\/391
|-ability|p2a: Kyurem-Black|Teravolt
|move|p1a: Wallturtle|Rapid Spin|p2a: Kyurem-Black
|-damage|p2a: Kyurem-Black|380\/391
|-sideend|p1: PKMN Trainer JW|Stealth Rock|[from] move: Rapid Spin|[of] p1a: Wallturtle
|
|turn|7
|
|switch|p1a: Nape|Infernape, M|293\/293
|move|p2a: Kyurem-Black|Dragon Claw|p1a: Nape
|-enditem|p1a: Nape|Focus Sash
|-damage|p1a: Nape|1\/293
|-damage|p2a: Kyurem-Black|341\/391|[from] item: Life Orb
|
|turn|8
|
|switch|p2a: Landorus-Therian|Landorus-Therian, M|295\/354
|-ability|p2a: Landorus-Therian|Intimidate|[of] p1a: Nape
|-unboost|p1a: Nape|atk|1
|move|p1a: Nape|Stealth Rock|p2a: Landorus-Therian
|-sidestart|p2: TCBB|move: Stealth Rock
|
|turn|9
|
|move|p2a: Landorus-Therian|U-turn|p1a: Nape
|-resisted|p1a: Nape
|-damage|p1a: Nape|0 fnt
|faint|p1a: Nape
|
|switch|p2a: Gothitelle|Gothitelle, F|302\/302
|-damage|p2a: Gothitelle|265\/302|[from] Stealth Rock
|
|
|switch|p1a: Iron Maiden|Mawile, F|303\/303
|-ability|p1a: Iron Maiden|Intimidate|[of] p2a: Gothitelle
|-unboost|p2a: Gothitelle|atk|1
|turn|10
|
|detailschange|p1a: Iron Maiden|Mawile-Mega, F
|message|Mawile has Mega Evolved into Mega Mawile!
|move|p2a: Gothitelle|Hidden Power|p1a: Iron Maiden
|-supereffective|p1a: Iron Maiden
|-damage|p1a: Iron Maiden|111\/303
|move|p1a: Iron Maiden|Play Rough|p2a: Gothitelle
|-damage|p2a: Gothitelle|0 fnt
|faint|p2a: Gothitelle
|
|
|switch|p2a: Kyurem-Black|Kyurem-Black|341\/391
|-damage|p2a: Kyurem-Black|244\/391|[from] Stealth Rock
|-ability|p2a: Kyurem-Black|Teravolt
|turn|11
|
|switch|p1a: Black Sabbath|Umbreon, M, shiny|393\/393
|move|p2a: Kyurem-Black|Ice Beam|p1a: Black Sabbath
|-damage|p1a: Black Sabbath|283\/393
|-damage|p2a: Kyurem-Black|205\/391|[from] item: Life Orb
|
|-heal|p1a: Black Sabbath|307\/393|[from] item: Leftovers
|turn|12
|
|switch|p2a: Azumarill|Azumarill, M|401\/401
|-damage|p2a: Azumarill|351\/401|[from] Stealth Rock
|move|p1a: Black Sabbath|Wish|p1a: Black Sabbath
|
|-heal|p1a: Black Sabbath|331\/393|[from] item: Leftovers
|turn|13
|
|switch|p1a: Wallturtle|Blastoise, M|223\/361
|move|p2a: Azumarill|Play Rough|p1a: Wallturtle
|-damage|p1a: Wallturtle|76\/361
|
|-heal|p1a: Wallturtle|272\/361|[from] move: Wish|[wisher] Black Sabbath
|turn|14
|
|move|p1a: Wallturtle|Scald|p2a: Azumarill
|-resisted|p2a: Azumarill
|-damage|p2a: Azumarill|316\/401
|-status|p2a: Azumarill|brn
|move|p2a: Azumarill|Play Rough|p1a: Wallturtle
|-damage|p1a: Wallturtle|199\/361
|
|-damage|p2a: Azumarill|266\/401 brn|[from] brn
|turn|15
|leave|CJtheLord
|
|move|p1a: Wallturtle|Scald|p2a: Azumarill
|-resisted|p2a: Azumarill
|-damage|p2a: Azumarill|234\/401 brn
|move|p2a: Azumarill|Play Rough|p1a: Wallturtle
|-damage|p1a: Wallturtle|124\/361
|
|-damage|p2a: Azumarill|184\/401 brn|[from] brn
|turn|16
|
|move|p1a: Wallturtle|Scald|p2a: Azumarill
|-crit|p2a: Azumarill
|-resisted|p2a: Azumarill
|-damage|p2a: Azumarill|135\/401 brn
|move|p2a: Azumarill|Play Rough|p1a: Wallturtle
|-damage|p1a: Wallturtle|52\/361
|-unboost|p1a: Wallturtle|atk|1
|
|-damage|p2a: Azumarill|85\/401 brn|[from] brn
|turn|17
|
|move|p2a: Azumarill|Aqua Jet|p1a: Wallturtle
|-resisted|p1a: Wallturtle
|-damage|p1a: Wallturtle|37\/361
|move|p1a: Wallturtle|Scald|p2a: Azumarill
|-resisted|p2a: Azumarill
|-damage|p2a: Azumarill|34\/401 brn
|
|-damage|p2a: Azumarill|0 fnt|[from] brn
|faint|p2a: Azumarill
|
|switch|p2a: Gyarados|Gyarados, M|331\/331
|-damage|p2a: Gyarados|249\/331|[from] Stealth Rock
|-ability|p2a: Gyarados|Intimidate|[of] p1a: Wallturtle
|-unboost|p1a: Wallturtle|atk|1
|turn|18
|
|detailschange|p2a: Gyarados|Gyarados-Mega, M
|message|Gyarados has Mega Evolved into Mega Gyarados!
|-ability|p2a: Gyarados|Mold Breaker
|move|p2a: Gyarados|Dragon Dance|p2a: Gyarados
|-boost|p2a: Gyarados|atk|1
|-boost|p2a: Gyarados|spe|1
|move|p1a: Wallturtle|Haze|p1a: Wallturtle
|-clearallboost
|
|turn|19
|
|move|p2a: Gyarados|Dragon Dance|p2a: Gyarados
|-boost|p2a: Gyarados|atk|1
|-boost|p2a: Gyarados|spe|1
|move|p1a: Wallturtle|Scald|p2a: Gyarados
|-resisted|p2a: Gyarados
|-damage|p2a: Gyarados|198\/331
|
|turn|20
|
|move|p2a: Gyarados|Waterfall|p1a: Wallturtle
|-resisted|p1a: Wallturtle
|-damage|p1a: Wallturtle|0 fnt
|faint|p1a: Wallturtle
|
|
|switch|p1a: Chomp|Garchomp, M|357\/357
|turn|21
|
|move|p1a: Chomp|Outrage|p2a: Gyarados
|-damage|p2a: Gyarados|0 fnt
|faint|p2a: Gyarados
|
|
|switch|p2a: Landorus-Therian|Landorus-Therian, M|295\/354
|-damage|p2a: Landorus-Therian|251\/354|[from] Stealth Rock
|-ability|p2a: Landorus-Therian|Intimidate|[of] p1a: Chomp
|-unboost|p1a: Chomp|atk|1
|turn|22
|
|move|p1a: Chomp|Outrage|p2a: Landorus-Therian
|-damage|p2a: Landorus-Therian|101\/354
|move|p2a: Landorus-Therian|Earthquake|p1a: Chomp
|-damage|p1a: Chomp|149\/357
|
|-end|p1a: Chomp|rampage
|-start|p1a: Chomp|confusion
|turn|23
|
|switch|p1a: U mad?|Gengar, M|262\/262
|move|p2a: Landorus-Therian|Earthquake|p1a: U mad?
|-immune|p1a: U mad?|[msg]
|
|turn|24
|-message|TCBB forfeited.
|
|win|PKMN Trainer JW
|raw|Ladder updating...
|leave|TCBB
|player|p2
|raw|PKMN Trainer JW's rating: 1335 &rarr; <strong>1353<\/strong><br \/>(+18 for winning)
|raw|TCBB's rating: 1314 &rarr; <strong>1295<\/strong><br \/>(-19 for losing)
|leave|PKMN Trainer JW
|player|p1
|join|TCBB