|join|gyarad0site
|join|TCBB
|player|p1|gyarad0site|195
|player|p2|TCBB|157
|gametype|singles
|gen|6
|tier|OU (suspect test)
|rated
|clearpoke
|poke|p1|Scizor, M, shiny
|poke|p1|Manaphy, shiny
|poke|p1|Thundurus, M
|poke|p1|Landorus-Therian, M
|poke|p1|Cobalion
|poke|p1|Latios, M
|poke|p2|Gallade, M
|poke|p2|Bisharp, M
|poke|p2|Terrakion
|poke|p2|Keldeo
|poke|p2|Rotom-Wash
|poke|p2|Latios, M
|rule|Swagger Clause: Swagger is banned
|rule|Baton Pass Clause: Limit one PokÃ©mon knowing Baton Pass
|rule|Sleep Clause Mod: Limit one foe put to sleep
|rule|Species Clause: Limit one of each PokÃ©mon
|rule|OHKO Clause: OHKO moves are banned
|rule|Moody Clause: Moody is banned
|rule|Evasion Moves Clause: Evasion moves are banned
|rule|Endless Battle Clause: Forcing endless battles is banned
|rule|HP Percentage Mod: HP is shown in percentages
|teampreview
|join|666 EDGES
|
|start
|switch|p1a: Thundurus|Thundurus, M|299\/299
|switch|p2a: Terrakion|Terrakion|323\/323
|turn|1
|
|move|p1a: Thundurus|Volt Switch|p2a: Terrakion
|-damage|p2a: Terrakion|196\/323
|
|switch|p1a: sAMuel L|Landorus-Therian, M|381\/381
|-ability|p1a: sAMuel L|Intimidate|[of] p2a: Terrakion
|-unboost|p2a: Terrakion|atk|1
|move|p2a: Terrakion|Stone Edge|p1a: sAMuel L
|-damage|p1a: sAMuel L|288\/381
|
|-heal|p1a: sAMuel L|311\/381|[from] item: Leftovers
|turn|2
|
|move|p2a: Terrakion|Stealth Rock|p1a: sAMuel L
|-sidestart|p1: gyarad0site|move: Stealth Rock
|move|p1a: sAMuel L|Earthquake|p2a: Terrakion
|-supereffective|p2a: Terrakion
|-damage|p2a: Terrakion|0 fnt
|faint|p2a: Terrakion
|
|-heal|p1a: sAMuel L|334\/381|[from] item: Leftovers
|
|switch|p2a: Keldeo|Keldeo|322\/322
|turn|3
|
|switch|p1a: Latios|Latios, M|301\/301
|-damage|p1a: Latios|264\/301|[from] Stealth Rock
|move|p2a: Keldeo|Hydro Pump|p1a: Latios
|-crit|p1a: Latios
|-resisted|p1a: Latios
|-damage|p1a: Latios|62\/301
|
|turn|4
|
|switch|p2a: Bisharp|Bisharp, M|271\/271
|move|p1a: Latios|Defog|p2a: Bisharp
|-unboost|p2a: Bisharp|evasion|1
|-boost|p2a: Bisharp|atk|2|[from] ability: Defiant
|-sideend|p1: gyarad0site|Stealth Rock|[from] move: Defog|[of] p1a: Latios
|
|turn|5
|join|I Iike Squirtles
|
|move|p2a: Bisharp|Pursuit|p1a: Latios|[from]Pursuit
|-supereffective|p1a: Latios
|-damage|p1a: Latios|0 fnt
|faint|p1a: Latios
|
|
|switch|p1a: flAMberge|Cobalion|358\/358
|turn|6
|
|switch|p2a: Rotom-Wash|Rotom-Wash|303\/303
|move|p1a: flAMberge|Close Combat|p2a: Rotom-Wash
|-damage|p2a: Rotom-Wash|203\/303
|-unboost|p1a: flAMberge|def|1
|-unboost|p1a: flAMberge|spd|1
|
|-heal|p2a: Rotom-Wash|221\/303|[from] item: Leftovers
|turn|7
|
|move|p1a: flAMberge|Volt Switch|p2a: Rotom-Wash
|-damage|p2a: Rotom-Wash|176\/303
|
|switch|p1a: sAMuel L|Landorus-Therian, M|334\/381
|-ability|p1a: sAMuel L|Intimidate|[of] p2a: Rotom-Wash
|-unboost|p2a: Rotom-Wash|atk|1
|move|p2a: Rotom-Wash|Volt Switch|p1a: sAMuel L
|-immune|p1a: sAMuel L|[msg]
|
|-heal|p1a: sAMuel L|357\/381|[from] item: Leftovers
|-heal|p2a: Rotom-Wash|194\/303|[from] item: Leftovers
|turn|8
|
|move|p1a: sAMuel L|Stealth Rock|p2a: Rotom-Wash
|-sidestart|p2: TCBB|move: Stealth Rock
|move|p2a: Rotom-Wash|Volt Switch|p1a: sAMuel L
|-immune|p1a: sAMuel L|[msg]
|
|-heal|p1a: sAMuel L|380\/381|[from] item: Leftovers
|-heal|p2a: Rotom-Wash|212\/303|[from] item: Leftovers
|turn|9
|
|move|p1a: sAMuel L|U-turn|p2a: Rotom-Wash
|-crit|p2a: Rotom-Wash
|-damage|p2a: Rotom-Wash|138\/303
|
|switch|p1a: Thundurus|Thundurus, M|299\/299
|move|p2a: Rotom-Wash|Hydro Pump|p1a: Thundurus
|-damage|p1a: Thundurus|149\/299
|
|-heal|p1a: Thundurus|167\/299|[from] item: Leftovers
|-heal|p2a: Rotom-Wash|156\/303|[from] item: Leftovers
|turn|10
|
|move|p1a: Thundurus|Volt Switch|p2a: Rotom-Wash
|-damage|p2a: Rotom-Wash|36\/303
|
|switch|p1a: flAMberge|Cobalion|358\/358
|move|p2a: Rotom-Wash|Pain Split|p1a: flAMberge
|-sethp|p1a: flAMberge|197\/358|p2a: Rotom-Wash|197\/303|[from] move: Pain Split
|
|-heal|p1a: flAMberge|219\/358|[from] item: Leftovers
|-heal|p2a: Rotom-Wash|215\/303|[from] item: Leftovers
|turn|11
|
|move|p1a: flAMberge|Taunt|p2a: Rotom-Wash
|-start|p2a: Rotom-Wash|move: Taunt
|cant|p2a: Rotom-Wash|move: Taunt|Will-O-Wisp
|
|-heal|p1a: flAMberge|241\/358|[from] item: Leftovers
|-heal|p2a: Rotom-Wash|233\/303|[from] item: Leftovers
|turn|12
|
|move|p1a: flAMberge|Close Combat|p2a: Rotom-Wash
|-damage|p2a: Rotom-Wash|121\/303
|-unboost|p1a: flAMberge|def|1
|-unboost|p1a: flAMberge|spd|1
|move|p2a: Rotom-Wash|Volt Switch|p1a: flAMberge
|-damage|p1a: flAMberge|87\/358
|
|switch|p2a: Gallade|Gallade, M|277\/277
|-damage|p2a: Gallade|260\/277|[from] Stealth Rock
|
|-heal|p1a: flAMberge|109\/358|[from] item: Leftovers
|turn|13
|
|detailschange|p2a: Gallade|Gallade-Mega, M
|-mega|p2a: Gallade|Gallade|Galladite
|move|p1a: flAMberge|Volt Switch|p2a: Gallade
|-damage|p2a: Gallade|221\/277
|
|switch|p1a: sAMuel L|Landorus-Therian, M|380\/381
|-ability|p1a: sAMuel L|Intimidate|[of] p2a: Gallade
|-unboost|p2a: Gallade|atk|1
|move|p2a: Gallade|Psycho Cut|p1a: sAMuel L
|-damage|p1a: sAMuel L|301\/381
|
|-heal|p1a: sAMuel L|324\/381|[from] item: Leftovers
|turn|14
|
|move|p2a: Gallade|Swords Dance|p2a: Gallade
|-boost|p2a: Gallade|atk|2
|move|p1a: sAMuel L|U-turn|p2a: Gallade
|-damage|p2a: Gallade|140\/277
|
|switch|p1a: Thundurus|Thundurus, M|167\/299
|
|-heal|p1a: Thundurus|185\/299|[from] item: Leftovers
|turn|15
|
|move|p1a: Thundurus|Volt Switch|p2a: Gallade
|-damage|p2a: Gallade|26\/277
|
|switch|p1a: sAMuel L|Landorus-Therian, M|324\/381
|-ability|p1a: sAMuel L|Intimidate|[of] p2a: Gallade
|-unboost|p2a: Gallade|atk|1
|move|p2a: Gallade|Ice Punch|p1a: sAMuel L
|-crit|p1a: sAMuel L
|-supereffective|p1a: sAMuel L
|-damage|p1a: sAMuel L|0 fnt
|faint|p1a: sAMuel L
|
|
|switch|p1a: Thundurus|Thundurus, M|185\/299
|turn|16
|
|move|p1a: Thundurus|Hidden Power|p2a: Gallade
|-damage|p2a: Gallade|0 fnt
|faint|p2a: Gallade
|
|-heal|p1a: Thundurus|203\/299|[from] item: Leftovers
|
|switch|p2a: Latios|Latios, M|301\/301
|-damage|p2a: Latios|264\/301|[from] Stealth Rock
|turn|17
|
|move|p2a: Latios|Hidden Power|p1a: Thundurus
|-damage|p1a: Thundurus|116\/299
|move|p1a: Thundurus|Volt Switch|p2a: Latios
|-resisted|p2a: Latios
|-damage|p2a: Latios|205\/301
|
|switch|p1a: murakAMi|Manaphy, shiny|351\/351
|
|turn|18
|
|switch|p2a: Bisharp|Bisharp, M|271\/271
|-damage|p2a: Bisharp|255\/271|[from] Stealth Rock
|move|p1a: murakAMi|Tail Glow|p1a: murakAMi
|-boost|p1a: murakAMi|spa|3
|
|turn|19
|
|move|p2a: Bisharp|Sucker Punch|p1a: murakAMi
|-damage|p1a: murakAMi|164\/351
|move|p1a: murakAMi|Scald|p2a: Bisharp
|-damage|p2a: Bisharp|0 fnt
|faint|p2a: Bisharp
|
|-heal|p1a: murakAMi|185\/351|[from] item: Leftovers
|
|switch|p2a: Keldeo|Keldeo|322\/322
|-damage|p2a: Keldeo|302\/322|[from] Stealth Rock
|turn|20
|
|switch|p1a: flAMberge|Cobalion|109\/358
|move|p2a: Keldeo|Secret Sword|p1a: flAMberge
|-supereffective|p1a: flAMberge
|-damage|p1a: flAMberge|0 fnt
|faint|p1a: flAMberge
|
|
|switch|p1a: Thundurus|Thundurus, M|116\/299
|turn|21
|
|switch|p2a: Rotom-Wash|Rotom-Wash|121\/303
|-damage|p2a: Rotom-Wash|84\/303|[from] Stealth Rock
|move|p1a: Thundurus|Volt Switch|p2a: Rotom-Wash
|-damage|p2a: Rotom-Wash|0 fnt
|faint|p2a: Rotom-Wash
|
|switch|p1a: murakAMi|Manaphy, shiny|185\/351
|
|-heal|p1a: murakAMi|206\/351|[from] item: Leftovers
|
|switch|p2a: Keldeo|Keldeo|302\/322
|-damage|p2a: Keldeo|282\/322|[from] Stealth Rock
|turn|22
|
|move|p2a: Keldeo|Secret Sword|p1a: murakAMi
|-damage|p1a: murakAMi|0 fnt
|faint|p1a: murakAMi
|
|
|switch|p1a: rAMbo|Scizor, M, shiny|291\/291
|turn|23
|
|detailschange|p1a: rAMbo|Scizor-Mega, M, shiny
|-mega|p1a: rAMbo|Scizor|Scizorite
|move|p2a: Keldeo|Secret Sword|p1a: rAMbo
|-damage|p1a: rAMbo|108\/291
|move|p1a: rAMbo|Superpower|p2a: Keldeo
|-crit|p2a: Keldeo
|-damage|p2a: Keldeo|36\/322
|-unboost|p1a: rAMbo|atk|1
|-unboost|p1a: rAMbo|def|1
|
|turn|24
|c|âTCBB|ouch
|
|move|p1a: rAMbo|Bullet Punch|p2a: Keldeo
|-resisted|p2a: Keldeo
|-damage|p2a: Keldeo|0 fnt
|faint|p2a: Keldeo
|
|c|âgyarad0site|hm
|
|switch|p2a: Latios|Latios, M|205\/301
|-damage|p2a: Latios|168\/301|[from] Stealth Rock
|turn|25
|c|âgyarad0site|sorry
|c|âTCBB|i kinda choked earlier so i kind of deserved that plus got some hax on you too :\
|
|switch|p1a: Thundurus|Thundurus, M|116\/299
|move|p2a: Latios|Draco Meteor|p1a: Thundurus
|-damage|p1a: Thundurus|0 fnt
|-unboost|p2a: Latios|spa|2
|faint|p1a: Thundurus
|
|
|switch|p1a: rAMbo|Scizor-Mega, M, shiny|108\/291
|turn|26
|
|move|p1a: rAMbo|Bullet Punch|p2a: Latios
|-damage|p2a: Latios|30\/301
|move|p2a: Latios|Draco Meteor|p1a: rAMbo
|-resisted|p1a: rAMbo
|-damage|p1a: rAMbo|49\/291
|-unboost|p2a: Latios|spa|2
|
|turn|27
|c|âgyarad0site|good game all things told
|c|âTCBB|gg
|
|move|p1a: rAMbo|Bullet Punch|p2a: Latios
|-damage|p2a: Latios|0 fnt
|faint|p2a: Latios
|
|win|gyarad0site
|raw|Ladder updating...
|raw|gyarad0site's rating: 1281 &rarr; <strong>1299<\/strong><br \/>(+18 for winning)
|raw|TCBB's rating: 1188 &rarr; <strong>1170<\/strong><br \/>(-18 for losing)
|c|âgyarad0site|hf getting recs man :]
|leave|TCBB
|c|âgyarad0site|*reqs
|player|p2