|join|TCBB
|join|akaFila~
|player|p1|TCBB|169
|player|p2|akaFila~|161
|gametype|singles
|gen|6
|tier|OU (suspect test)
|rated
|clearpoke
|poke|p1|Gyarados, M
|poke|p1|Gothitelle, F
|poke|p1|Garchomp, M, shiny
|poke|p1|Thundurus, M
|poke|p1|Greninja, M, shiny
|poke|p1|Bisharp, M
|poke|p2|Tyranitar, M
|poke|p2|Garchomp, M
|poke|p2|Clefable, M
|poke|p2|Talonflame, M
|poke|p2|Excadrill, F
|poke|p2|Slowbro, M
|rule|Swagger Clause: Swagger is banned
|rule|Baton Pass Clause: Limit one PokÃ©mon knowing Baton Pass
|rule|Sleep Clause Mod: Limit one foe put to sleep
|rule|Species Clause: Limit one of each PokÃ©mon
|rule|OHKO Clause: OHKO moves are banned
|rule|Moody Clause: Moody is banned
|rule|Evasion Moves Clause: Evasion moves are banned
|rule|Endless Battle Clause: Forcing endless battles is banned
|rule|HP Percentage Mod: HP is reported as percentages
|teampreview
|
|start
|switch|p1a: Thundurus|Thundurus, M|299\/299
|switch|p2a: Clefable|Clefable, M|394\/394
|turn|1
|
|switch|p1a: Gothitelle|Gothitelle, F|302\/302
|move|p2a: Clefable|Moonblast|p1a: Gothitelle
|-damage|p1a: Gothitelle|197\/302
|
|turn|2
|
|move|p1a: Gothitelle|Trick|p2a: Clefable
|-activate|p1a: Gothitelle|move: Trick|[of] p2a: Clefable
|-item|p2a: Clefable|Choice Specs|[from] move: Trick
|-item|p1a: Gothitelle|Leftovers|[from] move: Trick
|move|p2a: Clefable|Moonblast|p1a: Gothitelle
|-damage|p1a: Gothitelle|44\/302
|
|-heal|p1a: Gothitelle|62\/302|[from] item: Leftovers
|turn|3
|
|move|p1a: Gothitelle|Psychic|p2a: Clefable
|-damage|p2a: Clefable|276\/394
|move|p2a: Clefable|Moonblast|p1a: Gothitelle
|-damage|p1a: Gothitelle|0 fnt
|faint|p1a: Gothitelle
|
|
|switch|p1a: Bisharp|Bisharp, M|271\/271
|turn|4
|
|move|p1a: Bisharp|Iron Head|p2a: Clefable
|-supereffective|p2a: Clefable
|-damage|p2a: Clefable|0 fnt
|-damage|p1a: Bisharp|244\/271|[from] item: Life Orb
|faint|p2a: Clefable
|
|
|switch|p2a: Garchomp|Garchomp, M|357\/357
|turn|5
|
|switch|p1a: Gyarados|Gyarados, M|331\/331
|-ability|p1a: Gyarados|Intimidate|[of] p2a: Garchomp
|-unboost|p2a: Garchomp|atk|1
|detailschange|p2a: Garchomp|Garchomp-Mega, M
|message|Garchomp has Mega Evolved into Mega Garchomp!
|move|p2a: Garchomp|Fire Blast|p1a: Gyarados
|-resisted|p1a: Gyarados
|-damage|p1a: Gyarados|280\/331
|
|turn|6
|
|detailschange|p1a: Gyarados|Gyarados-Mega, M
|message|Gyarados has Mega Evolved into Mega Gyarados!
|-ability|p1a: Gyarados|Mold Breaker
|move|p2a: Garchomp|Draco Meteor|p1a: Gyarados|[miss]
|-miss|p2a: Garchomp|p1a: Gyarados
|move|p1a: Gyarados|Dragon Dance|p1a: Gyarados
|-boost|p1a: Gyarados|atk|1
|-boost|p1a: Gyarados|spe|1
|
|turn|7
|
|move|p1a: Gyarados|Waterfall|p2a: Garchomp
|-damage|p2a: Garchomp|138\/357
|move|p2a: Garchomp|Draco Meteor|p1a: Gyarados
|-damage|p1a: Gyarados|145\/331
|-unboost|p2a: Garchomp|spa|2
|
|turn|8
|
|switch|p2a: Slowbro|Slowbro, M|394\/394
|move|p1a: Gyarados|Earthquake|p2a: Slowbro
|-damage|p2a: Slowbro|253\/394
|
|-heal|p2a: Slowbro|277\/394|[from] item: Leftovers
|turn|9
|
|move|p1a: Gyarados|Dragon Dance|p1a: Gyarados
|-boost|p1a: Gyarados|atk|1
|-boost|p1a: Gyarados|spe|1
|move|p2a: Slowbro|Scald|p1a: Gyarados
|-resisted|p1a: Gyarados
|-damage|p1a: Gyarados|108\/331
|-status|p1a: Gyarados|brn
|
|-heal|p2a: Slowbro|301\/394|[from] item: Leftovers
|-damage|p1a: Gyarados|67\/331 brn|[from] brn
|turn|10
|
|move|p1a: Gyarados|Earthquake|p2a: Slowbro
|-damage|p2a: Slowbro|209\/394
|move|p2a: Slowbro|Slack Off|p2a: Slowbro
|-heal|p2a: Slowbro|394\/394
|
|-damage|p1a: Gyarados|26\/331 brn|[from] brn
|turn|11
|
|move|p1a: Gyarados|Waterfall|p2a: Slowbro
|-resisted|p2a: Slowbro
|-damage|p2a: Slowbro|331\/394
|cant|p2a: Slowbro|flinch
|
|-heal|p2a: Slowbro|355\/394|[from] item: Leftovers
|-damage|p1a: Gyarados|0 fnt|[from] brn
|faint|p1a: Gyarados
|
|switch|p1a: Thundurus|Thundurus, M|299\/299
|turn|12
|
|switch|p2a: Excadrill|Excadrill, F|361\/361
|-ability|p2a: Excadrill|Mold Breaker
|move|p1a: Thundurus|Thunderbolt|p2a: Excadrill
|-immune|p2a: Excadrill|[msg]
|
|turn|13
|
|switch|p2a: Slowbro|Slowbro, M|394\/394
|switch|p1a: Garchomp|Garchomp, M, shiny|357\/357
|
|turn|14
|
|move|p1a: Garchomp|Stealth Rock|p2a: Slowbro
|-sidestart|p2: akaFila~|move: Stealth Rock
|move|p2a: Slowbro|Ice Beam|p1a: Garchomp
|-supereffective|p1a: Garchomp
|-damage|p1a: Garchomp|25\/357
|-status|p1a: Garchomp|frz
|
|turn|15
|
|cant|p1a: Garchomp|frz
|move|p2a: Slowbro|Scald|p1a: Garchomp
|-damage|p1a: Garchomp|0 fnt
|faint|p1a: Garchomp
|
|
|switch|p1a: Bisharp|Bisharp, M|244\/271
|turn|16
|
|move|p1a: Bisharp|Knock Off|p2a: Slowbro
|-supereffective|p2a: Slowbro
|-damage|p2a: Slowbro|82\/394
|-enditem|p2a: Slowbro|Leftovers|[from] move: Knock Off|[of] p1a: Bisharp
|-damage|p1a: Bisharp|217\/271|[from] item: Life Orb
|move|p2a: Slowbro|Scald|p1a: Bisharp
|-damage|p1a: Bisharp|94\/271
|
|turn|17
|
|move|p1a: Bisharp|Knock Off|p2a: Slowbro
|-supereffective|p2a: Slowbro
|-damage|p2a: Slowbro|0 fnt
|-damage|p1a: Bisharp|67\/271|[from] item: Life Orb
|faint|p2a: Slowbro
|
|
|switch|p2a: Talonflame|Talonflame, M|309\/309
|-damage|p2a: Talonflame|155\/309|[from] Stealth Rock
|turn|18
|
|move|p2a: Talonflame|Brave Bird|p1a: Bisharp
|-resisted|p1a: Bisharp
|-damage|p1a: Bisharp|0 fnt
|-damage|p2a: Talonflame|133\/309|[from] recoil|[of] p1a: Bisharp
|faint|p1a: Bisharp
|
|
|switch|p1a: Thundurus|Thundurus, M|299\/299
|turn|19
|
|switch|p2a: Garchomp|Garchomp-Mega, M|138\/357
|-damage|p2a: Garchomp|116\/357|[from] Stealth Rock
|move|p1a: Thundurus|Focus Blast|p2a: Garchomp
|-damage|p2a: Garchomp|0 fnt
|-damage|p1a: Thundurus|270\/299|[from] item: Life Orb
|faint|p2a: Garchomp
|
|
|switch|p2a: Tyranitar|Tyranitar, M|404\/404
|-damage|p2a: Tyranitar|354\/404|[from] Stealth Rock
|-weather|Sandstorm
|turn|20
|
|move|p1a: Thundurus|Focus Blast|p2a: Tyranitar
|-supereffective|p2a: Tyranitar
|-damage|p2a: Tyranitar|0 fnt
|-damage|p1a: Thundurus|241\/299|[from] item: Life Orb
|faint|p2a: Tyranitar
|
|-weather|Sandstorm|[upkeep]
|-damage|p1a: Thundurus|223\/299|[from] sandstorm
|
|switch|p2a: Excadrill|Excadrill, F|361\/361
|-damage|p2a: Excadrill|350\/361|[from] Stealth Rock
|-ability|p2a: Excadrill|Mold Breaker
|turn|21
|
|move|p2a: Excadrill|Rock Slide|p1a: Thundurus
|-supereffective|p1a: Thundurus
|-damage|p1a: Thundurus|0 fnt
|faint|p1a: Thundurus
|
|-weather|Sandstorm|[upkeep]
|
|switch|p1a: Greninja|Greninja, M, shiny|285\/285
|turn|22
|
|move|p1a: Greninja|Hydro Pump|p2a: Excadrill|[miss]
|-start|p1a: Greninja|typechange|Water|[from] Protean
|-miss|p1a: Greninja|p2a: Excadrill
|move|p2a: Excadrill|Rock Slide|p1a: Greninja
|-damage|p1a: Greninja|152\/285
|
|-weather|Sandstorm|[upkeep]
|-damage|p1a: Greninja|135\/285|[from] sandstorm
|turn|23
|
|move|p1a: Greninja|Hydro Pump|p2a: Excadrill
|-supereffective|p2a: Excadrill
|-damage|p2a: Excadrill|0 fnt
|-damage|p1a: Greninja|107\/285|[from] item: Life Orb
|faint|p2a: Excadrill
|
|-weather|Sandstorm|[upkeep]
|-damage|p1a: Greninja|90\/285|[from] sandstorm
|
|switch|p2a: Talonflame|Talonflame, M|133\/309
|-damage|p2a: Talonflame|0 fnt|[from] Stealth Rock
|faint|p2a: Talonflame
|
|win|TCBB
|raw|Ladder updating...
|raw|TCBB's rating: 1186 &rarr; <strong>1209<\/strong><br \/>(+23 for winning)
|raw|akaFila~'s rating: 1157 &rarr; <strong>1134<\/strong><br \/>(-23 for losing)
|leave|akaFila~
|player|p2
|leave|TCBB
|player|p1
|join|TCBB