|join|TCBB
|join|Leer
|player|p1|TCBB|157
|player|p2|Leer|268
|gametype|singles
|gen|6
|tier|OU
|clearpoke
|poke|p1|Bisharp, M
|poke|p1|Gardevoir, F, shiny
|poke|p1|Heatran, M
|poke|p1|Thundurus, M
|poke|p1|Latias, F
|poke|p1|Keldeo
|poke|p2|Azelf
|poke|p2|Thundurus, M
|poke|p2|Bisharp, F
|poke|p2|Keldeo
|poke|p2|Charizard, F
|poke|p2|Excadrill, F
|rule|Swagger Clause: Swagger is banned
|rule|Baton Pass Clause: Limit one PokÃ©mon knowing Baton Pass
|rule|Sleep Clause Mod: Limit one foe put to sleep
|rule|Species Clause: Limit one of each PokÃ©mon
|rule|OHKO Clause: OHKO moves are banned
|rule|Moody Clause: Moody is banned
|rule|Evasion Moves Clause: Evasion moves are banned
|rule|Endless Battle Clause: Forcing endless battles is banned
|rule|HP Percentage Mod: HP is shown in percentages
|teampreview
|join|innovamania
|join|Fartemisa
|join|Moony
|leave|Moony
|chat|Leer|gl hf
|chat|TCBB|u2
|
|start
|switch|p1a: Latias|Latias, F|299\/299
|switch|p2a: Azelf|Azelf|292\/292
|turn|1
|
|move|p2a: Azelf|Stealth Rock|p1a: Latias
|-sidestart|p1: TCBB|move: Stealth Rock
|move|p1a: Latias|Draco Meteor|p2a: Azelf|[miss]
|-miss|p1a: Latias|p2a: Azelf
|
|turn|2
|join|BahaWin
|
|move|p2a: Azelf|U-turn|p1a: Latias
|-supereffective|p1a: Latias
|-damage|p1a: Latias|119\/299
|
|switch|p2a: Excadrill|Excadrill, F|362\/362
|-ability|p2a: Excadrill|Mold Breaker
|move|p1a: Latias|Draco Meteor|p2a: Excadrill
|-resisted|p2a: Excadrill
|-damage|p2a: Excadrill|187\/362
|-unboost|p1a: Latias|spa|2
|-damage|p1a: Latias|90\/299|[from] item: Life Orb
|
|turn|3
|join|Afro Smash
|
|switch|p1a: Thundurus|Thundurus, M|299\/299
|-damage|p1a: Thundurus|225\/299|[from] Stealth Rock
|move|p2a: Excadrill|Earthquake|p1a: Thundurus
|-immune|p1a: Thundurus|[msg]
|
|turn|4
|
|switch|p2a: Azelf|Azelf|292\/292
|move|p1a: Thundurus|Thunderbolt|p2a: Azelf
|-damage|p2a: Azelf|35\/292
|-damage|p1a: Thundurus|196\/299|[from] item: Life Orb
|
|turn|5
|
|switch|p1a: Bisharp|Bisharp, M|271\/271
|-damage|p1a: Bisharp|255\/271|[from] Stealth Rock
|move|p2a: Azelf|Explosion|p1a: Bisharp
|-resisted|p1a: Bisharp
|-damage|p1a: Bisharp|117\/271
|faint|p2a: Azelf
|
|
|switch|p2a: Keldeo|Keldeo|322\/322
|turn|6
|
|move|p2a: Keldeo|Scald|p1a: Bisharp
|-damage|p1a: Bisharp|0 fnt
|faint|p1a: Bisharp
|
|
|switch|p1a: Latias|Latias, F|90\/299
|-damage|p1a: Latias|53\/299|[from] Stealth Rock
|turn|7
|
|switch|p2a: Bisharp|Bisharp, F|272\/272
|move|p1a: Latias|Roost|p1a: Latias
|-heal|p1a: Latias|203\/299
|
|turn|8
|join|Tesung
|
|move|p1a: Latias|Defog|p2a: Bisharp
|-unboost|p2a: Bisharp|evasion|1
|-boost|p2a: Bisharp|atk|2|[from] ability: Defiant
|-sideend|p1: TCBB|Stealth Rock|[from] move: Defog|[of] p1a: Latias
|move|p2a: Bisharp|Knock Off|p1a: Latias
|-supereffective|p1a: Latias
|-damage|p1a: Latias|0 fnt
|-enditem|p1a: Latias|Life Orb|[from] move: Knock Off|[of] p2a: Bisharp
|-damage|p2a: Bisharp|245\/272|[from] item: Life Orb
|faint|p1a: Latias
|
|
|switch|p1a: Keldeo|Keldeo|323\/323
|turn|9
|
|move|p2a: Bisharp|Sucker Punch|p1a: Keldeo
|-resisted|p1a: Keldeo
|-damage|p1a: Keldeo|122\/323
|-boost|p1a: Keldeo|atk|1|[from] ability: Justified
|-damage|p2a: Bisharp|218\/272|[from] item: Life Orb
|move|p1a: Keldeo|Secret Sword|p2a: Bisharp
|-supereffective|p2a: Bisharp
|-damage|p2a: Bisharp|0 fnt
|faint|p2a: Bisharp
|
|join|Leftiez
|
|switch|p2a: Thundurus|Thundurus, M|299\/299
|turn|10
|chat|TCBB|fuck i lose to scarf drill
|
|move|p2a: Thundurus|Thunderbolt|p1a: Keldeo
|-supereffective|p1a: Keldeo
|-damage|p1a: Keldeo|0 fnt
|-damage|p2a: Thundurus|270\/299|[from] item: Life Orb
|faint|p1a: Keldeo
|
|
|switch|p1a: Gardevoir|Gardevoir, F, shiny|281\/281
|-ability|p1a: Gardevoir|Defiant|[from] ability: Trace|[of] p2a: Thundurus
|turn|11
|leave|Fartemisa
|
|detailschange|p1a: Gardevoir|Gardevoir-Mega, F, shiny
|message|Gardevoir has Mega Evolved into Mega Gardevoir!
|move|p2a: Thundurus|Thunderbolt|p1a: Gardevoir
|-damage|p1a: Gardevoir|155\/281
|-status|p1a: Gardevoir|par
|-damage|p2a: Thundurus|241\/299|[from] item: Life Orb
|move|p1a: Gardevoir|Hyper Voice|p2a: Thundurus
|-damage|p2a: Thundurus|0 fnt
|faint|p2a: Thundurus
|
|
|switch|p2a: Charizard|Charizard, F|297\/297
|turn|12
|
|switch|p1a: Heatran|Heatran, M|385\/385
|detailschange|p2a: Charizard|Charizard-Mega-Y, F
|message|Charizard has Mega Evolved into Mega Charizard!
|-weather|SunnyDay
|move|p2a: Charizard|Fire Blast|p1a: Heatran
|-start|p1a: Heatran|ability: Flash Fire
|
|-weather|SunnyDay|[upkeep]
|turn|13
|
|move|p2a: Charizard|Focus Blast|p1a: Heatran
|-supereffective|p1a: Heatran
|-damage|p1a: Heatran|43\/385
|move|p1a: Heatran|Stealth Rock|p2a: Charizard
|-sidestart|p2: Leer|move: Stealth Rock
|
|-weather|SunnyDay|[upkeep]
|-heal|p1a: Heatran|67\/385|[from] item: Leftovers
|turn|14
|
|move|p2a: Charizard|Focus Blast|p1a: Heatran
|-supereffective|p1a: Heatran
|-damage|p1a: Heatran|0 fnt
|faint|p1a: Heatran
|
|-weather|SunnyDay|[upkeep]
|
|switch|p1a: Thundurus|Thundurus, M|196\/299
|turn|15
|chat|Leer|im not really making any plays here
|chat|Leer|im just getting lucky af
|
|move|p1a: Thundurus|Focus Blast|p2a: Charizard
|-resisted|p2a: Charizard
|-damage|p2a: Charizard|216\/297
|-unboost|p2a: Charizard|spd|1
|-damage|p1a: Thundurus|167\/299|[from] item: Life Orb
|move|p2a: Charizard|Fire Blast|p1a: Thundurus
|-damage|p1a: Thundurus|0 fnt
|faint|p1a: Thundurus
|
|-weather|SunnyDay|[upkeep]
|
|switch|p1a: Gardevoir|Gardevoir-Mega, F, shiny|155\/281 par
|turn|16
|leave|Afro Smash
|
|move|p2a: Charizard|Fire Blast|p1a: Gardevoir
|-damage|p1a: Gardevoir|0 fnt
|faint|p1a: Gardevoir
|
|win|Leer
|chat|Leer|gg
|chat|TCBB|gg
|leave|TCBB
|player|p1
|leave|innovamania