|join|jacksonjack
|join|sonyfan
|player|p1|jacksonjack|80
|player|p2|sonyfan|2
|gametype|singles
|gen|6
|tier|ORAS OU
|rated
|rule|Sleep Clause Mod: Limit one foe put to sleep
|rule|Species Clause: Limit one of each PokÃ©mon
|rule|OHKO Clause: OHKO moves are banned
|rule|Moody Clause: Moody is banned
|rule|Evasion Moves Clause: Evasion moves are banned
|rule|Endless Battle Clause: Forcing endless battles is banned
|rule|HP Percentage Mod: HP is shown in percentages
|clearpoke
|poke|p1|Salamence, F
|poke|p1|Mamoswine, F
|poke|p1|Magnezone
|poke|p1|Azumarill, F
|poke|p1|Landorus-Therian, M
|poke|p1|Greninja, F
|poke|p2|Honchkrow, M
|poke|p2|Diancie
|poke|p2|Diggersby, M
|poke|p2|Starmie
|poke|p2|Breloom, F
|poke|p2|Smeargle, M
|rule|Swagger Clause: Swagger is banned
|rule|Baton Pass Clause: Limit one PokÃ©mon knowing Baton Pass
|teampreview
|
|start
|switch|p1a: Mamoswine|Mamoswine, F|361\/361
|switch|p2a: Smeargle|Smeargle, M|314\/314
|turn|1
|
|move|p1a: Mamoswine|Icicle Spear|p2a: Smeargle
|-damage|p2a: Smeargle|209\/314
|-damage|p2a: Smeargle|100\/314
|-hitcount|p2a: Smeargle|2
|move|p2a: Smeargle|Dark Void|p1a: Mamoswine
|-status|p1a: Mamoswine|slp
|
|turn|2
|
|switch|p1a: Azumarill|Azumarill, F|401\/401
|move|p2a: Smeargle|Endeavor|p1a: Azumarill
|-damage|p1a: Azumarill|100\/401
|
|turn|3
|
|switch|p2a: Starmie|Starmie|324\/324
|move|p1a: Azumarill|Aqua Jet|p2a: Starmie
|-resisted|p2a: Starmie
|-damage|p2a: Starmie|279\/324
|
|-heal|p2a: Starmie|299\/324|[from] item: Leftovers
|turn|4
|
|move|p2a: Starmie|Scald|p1a: Azumarill
|-resisted|p1a: Azumarill
|-damage|p1a: Azumarill|61\/401
|-status|p1a: Azumarill|brn
|move|p1a: Azumarill|Knock Off|p2a: Starmie
|-supereffective|p2a: Starmie
|-damage|p2a: Starmie|159\/324
|-enditem|p2a: Starmie|Leftovers|[from] move: Knock Off|[of] p1a: Azumarill
|
|-damage|p1a: Azumarill|11\/401 brn|[from] brn
|turn|5
|
|move|p2a: Starmie|Reflect Type|p1a: Azumarill
|-start|p2a: Starmie|typechange|[from] move: Reflect Type|[of] p1a: Azumarill
|move|p1a: Azumarill|Knock Off|p2a: Starmie
|-resisted|p2a: Starmie
|-damage|p2a: Starmie|137\/324
|
|-damage|p1a: Azumarill|0 fnt|[from] brn
|faint|p1a: Azumarill
|
|switch|p1a: Greninja|Greninja, F|285\/285
|turn|6
|join|searic3
|join|Four Leaf
|
|move|p1a: Greninja|Gunk Shot|p2a: Starmie
|-start|p1a: Greninja|typechange|Poison|[from] Protean
|-supereffective|p2a: Starmie
|-damage|p2a: Starmie|0 fnt
|-damage|p1a: Greninja|257\/285|[from] item: Life Orb
|faint|p2a: Starmie
|
|leave|searic3
|
|switch|p2a: Diggersby|Diggersby, M|311\/311
|turn|7
|join|TheNiceOne
|
|switch|p1a: Landorus-Therian|Landorus-Therian, M|325\/325
|-ability|p1a: Landorus-Therian|Intimidate|[of] p2a: Diggersby
|-unboost|p2a: Diggersby|atk|1
|move|p2a: Diggersby|Return|p1a: Landorus-Therian
|-damage|p1a: Landorus-Therian|151\/325
|
|turn|8
|
|move|p1a: Landorus-Therian|Superpower|p2a: Diggersby
|-supereffective|p2a: Diggersby
|-enditem|p2a: Diggersby|Focus Sash
|-damage|p2a: Diggersby|1\/311
|-unboost|p1a: Landorus-Therian|atk|1
|-unboost|p1a: Landorus-Therian|def|1
|move|p2a: Diggersby|Return|p1a: Landorus-Therian
|-damage|p1a: Landorus-Therian|0 fnt
|faint|p1a: Landorus-Therian
|
|join|shadowthorn
|join|PKMN Trainer PINK
|join|deathbored
|
|switch|p1a: Salamence|Salamence, F|345\/345
|-ability|p1a: Salamence|Intimidate|[of] p2a: Diggersby
|-unboost|p2a: Diggersby|atk|1
|turn|9
|
|switch|p2a: Smeargle|Smeargle, M|100\/314
|detailschange|p1a: Salamence|Salamence-Mega, F
|message|Salamence has Mega Evolved into Mega Salamence!
|move|p1a: Salamence|Dragon Dance|p1a: Salamence
|-boost|p1a: Salamence|atk|1
|-boost|p1a: Salamence|spe|1
|
|turn|10
|
|move|p1a: Salamence|Return|p2a: Smeargle
|-damage|p2a: Smeargle|0 fnt
|faint|p2a: Smeargle
|
|c|âsonyfan|oh crap
|leave|Four Leaf
|leave|deathbored
|
|switch|p2a: Diancie|Diancie|241\/241
|turn|11
|
|switch|p1a: Magnezone|Magnezone|281\/281
|move|p2a: Diancie|Rock Polish|p2a: Diancie
|-boost|p2a: Diancie|spe|2
|
|turn|12
|
|detailschange|p2a: Diancie|Diancie-Mega
|message|Diancie has Mega Evolved into Mega Diancie!
|move|p2a: Diancie|Earth Power|p1a: Magnezone
|-supereffective|p1a: Magnezone
|-damage|p1a: Magnezone|0 fnt
|faint|p1a: Magnezone
|
|
|switch|p1a: Mamoswine|Mamoswine, F|361\/361 slp
|turn|13
|
|move|p2a: Diancie|Moonblast|p1a: Mamoswine
|-damage|p1a: Mamoswine|85\/361 slp
|cant|p1a: Mamoswine|slp
|
|turn|14
|
|-curestatus|p1a: Mamoswine|slp
|move|p1a: Mamoswine|Ice Shard|p2a: Diancie
|-damage|p2a: Diancie|178\/241
|move|p2a: Diancie|Moonblast|p1a: Mamoswine
|-damage|p1a: Mamoswine|0 fnt
|faint|p1a: Mamoswine
|
|
|switch|p1a: Salamence|Salamence-Mega, F|345\/345
|turn|15
|leave|PKMN Trainer PINK
|c|âsonyfan|Yeah Rock polish diancie best diancie
|
|move|p2a: Diancie|Moonblast|p1a: Salamence
|-supereffective|p1a: Salamence
|-damage|p1a: Salamence|0 fnt
|faint|p1a: Salamence
|
|
|switch|p1a: Greninja|Greninja, F|257\/285
|turn|16
|join|DanTheGengar
|
|move|p2a: Diancie|Moonblast|p1a: Greninja
|-supereffective|p1a: Greninja
|-damage|p1a: Greninja|0 fnt
|faint|p1a: Greninja
|
|win|sonyfan
|raw|Ladder updating...
|raw|jacksonjack's rating: 1382 &rarr; <strong>1368<\/strong><br \/>(-14 for losing)
|raw|sonyfan's rating: 1492 &rarr; <strong>1506<\/strong><br \/>(+14 for winning)
|c| TheNiceOne|amazing
|leave|jacksonjack
|player|p1
|leave|TheNiceOne
|c|âsonyfan|I told u diancie rP fucks meta
|leave|DanTheGengar
|leave|sonyfan
|player|p2