|join|Tripex
|join|jacksonjack
|player|p1|Tripex|143
|player|p2|jacksonjack|80
|gametype|singles
|gen|6
|tier|OU
|rated
|clearpoke
|poke|p1|Altaria, F
|poke|p1|Magnezone
|poke|p1|Landorus-Therian, M
|poke|p1|Bisharp, M
|poke|p1|Keldeo
|poke|p1|Mew
|poke|p2|Ferrothorn, F
|poke|p2|Tyranitar, M
|poke|p2|Landorus, M
|poke|p2|Excadrill, M
|poke|p2|Azumarill, F
|poke|p2|Lopunny, F
|rule|Swagger Clause: Swagger is banned
|rule|Baton Pass Clause: Limit one PokÃ©mon knowing Baton Pass
|rule|Sleep Clause Mod: Limit one foe put to sleep
|rule|Species Clause: Limit one of each PokÃ©mon
|rule|OHKO Clause: OHKO moves are banned
|rule|Moody Clause: Moody is banned
|rule|Evasion Moves Clause: Evasion moves are banned
|rule|Endless Battle Clause: Forcing endless battles is banned
|rule|HP Percentage Mod: HP is shown in percentages
|teampreview
|c|âTripex|glhf
|
|start
|switch|p1a: Landorus-Therian|Landorus-Therian, M|382\/382
|switch|p2a: Lopunny|Lopunny, F|272\/272
|-ability|p1a: Landorus-Therian|Intimidate|[of] p2a: Lopunny
|-unboost|p2a: Lopunny|atk|1
|turn|1
|
|detailschange|p2a: Lopunny|Lopunny-Mega, F
|message|Lopunny has Mega Evolved into Mega Lopunny!
|move|p2a: Lopunny|Fake Out|p1a: Landorus-Therian
|-damage|p1a: Landorus-Therian|346\/382
|cant|p1a: Landorus-Therian|flinch
|
|-heal|p1a: Landorus-Therian|369\/382|[from] item: Leftovers
|turn|2
|
|switch|p2a: Ferrothorn|Ferrothorn, F|352\/352
|move|p1a: Landorus-Therian|Stealth Rock|p2a: Ferrothorn
|-sidestart|p2: jacksonjack|move: Stealth Rock
|
|-heal|p1a: Landorus-Therian|382\/382|[from] item: Leftovers
|turn|3
|
|switch|p1a: Mew|Mew|404\/404
|move|p2a: Ferrothorn|Leech Seed|p1a: Mew|[miss]
|-miss|p2a: Ferrothorn|p1a: Mew
|
|turn|4
|
|switch|p2a: Tyranitar|Tyranitar, M|403\/403
|-damage|p2a: Tyranitar|353\/403|[from] Stealth Rock
|-weather|Sandstorm
|move|p1a: Mew|Taunt|p2a: Tyranitar
|-start|p2a: Tyranitar|move: Taunt
|
|-weather|Sandstorm|[upkeep]
|-damage|p1a: Mew|379\/404|[from] sandstorm
|-heal|p1a: Mew|404\/404|[from] item: Leftovers
|turn|5
|
|move|p2a: Tyranitar|Pursuit|p1a: Mew|[from]Pursuit
|-supereffective|p1a: Mew
|-damage|p1a: Mew|170\/404
|switch|p1a: Keldeo|Keldeo|323\/323
|
|-weather|Sandstorm|[upkeep]
|-damage|p1a: Keldeo|303\/323|[from] sandstorm
|turn|6
|
|switch|p2a: Azumarill|Azumarill, F|401\/401
|-damage|p2a: Azumarill|351\/401|[from] Stealth Rock
|move|p1a: Keldeo|Scald|p2a: Azumarill
|-crit|p2a: Azumarill
|-resisted|p2a: Azumarill
|-damage|p2a: Azumarill|216\/401
|
|-weather|Sandstorm|[upkeep]
|-damage|p1a: Keldeo|283\/323|[from] sandstorm
|-damage|p2a: Azumarill|191\/401|[from] sandstorm
|turn|7
|
|switch|p1a: Magnezone|Magnezone|282\/282
|move|p2a: Azumarill|Play Rough|p1a: Magnezone
|-resisted|p1a: Magnezone
|-damage|p1a: Magnezone|192\/282
|
|-weather|Sandstorm|[upkeep]
|-damage|p2a: Azumarill|166\/401|[from] sandstorm
|turn|8
|
|move|p1a: Magnezone|Volt Switch|p2a: Azumarill
|-supereffective|p2a: Azumarill
|-damage|p2a: Azumarill|0 fnt
|faint|p2a: Azumarill
|
|switch|p1a: Mew|Mew|170\/404
|
|-weather|Sandstorm|[upkeep]
|-damage|p1a: Mew|145\/404|[from] sandstorm
|-heal|p1a: Mew|170\/404|[from] item: Leftovers
|
|switch|p2a: Landorus|Landorus, M|319\/319
|-damage|p2a: Landorus|280\/319|[from] Stealth Rock
|turn|9
|
|switch|p1a: Altaria|Altaria, F|291\/291
|move|p2a: Landorus|Earth Power|p1a: Altaria
|-immune|p1a: Altaria|[msg]
|
|-weather|Sandstorm|[upkeep]
|-damage|p1a: Altaria|273\/291|[from] sandstorm
|turn|10
|
|switch|p2a: Ferrothorn|Ferrothorn, F|352\/352
|-damage|p2a: Ferrothorn|330\/352|[from] Stealth Rock
|detailschange|p1a: Altaria|Altaria-Mega, F
|message|Altaria has Mega Evolved into Mega Altaria!
|move|p1a: Altaria|Substitute|p1a: Altaria
|-start|p1a: Altaria|Substitute
|-damage|p1a: Altaria|201\/291
|
|-weather|Sandstorm|[upkeep]
|-damage|p1a: Altaria|183\/291|[from] sandstorm
|-heal|p2a: Ferrothorn|352\/352|[from] item: Leftovers
|turn|11
|
|move|p1a: Altaria|Return|p2a: Ferrothorn
|-resisted|p2a: Ferrothorn
|-damage|p2a: Ferrothorn|280\/352
|-damage|p1a: Altaria|147\/291|[from] ability: Iron Barbs|[of] p2a: Ferrothorn
|move|p2a: Ferrothorn|Gyro Ball|p1a: Altaria
|-supereffective|p1a: Altaria
|-end|p1a: Altaria|Substitute
|
|-weather|none
|-heal|p2a: Ferrothorn|302\/352|[from] item: Leftovers
|turn|12
|
|switch|p1a: Magnezone|Magnezone|192\/282
|move|p2a: Ferrothorn|Leech Seed|p1a: Magnezone
|-start|p1a: Magnezone|move: Leech Seed
|
|-heal|p2a: Ferrothorn|324\/352|[from] item: Leftovers
|-damage|p1a: Magnezone|157\/282|[from] Leech Seed|[of] p2a: Ferrothorn
|-heal|p2a: Ferrothorn|352\/352|[silent]
|turn|13
|
|move|p2a: Ferrothorn|Protect|p2a: Ferrothorn
|-singleturn|p2a: Ferrothorn|Protect
|move|p1a: Magnezone|Hidden Power|p2a: Ferrothorn
|-activate|p2a: Ferrothorn|Protect
|
|-damage|p1a: Magnezone|122\/282|[from] Leech Seed|[of] p2a: Ferrothorn
|turn|14
|
|move|p1a: Magnezone|Hidden Power|p2a: Ferrothorn
|-supereffective|p2a: Ferrothorn
|-damage|p2a: Ferrothorn|120\/352
|move|p2a: Ferrothorn|Spikes|p1a: Magnezone
|-sidestart|p1: Tripex|Spikes
|
|-heal|p2a: Ferrothorn|142\/352|[from] item: Leftovers
|-damage|p1a: Magnezone|87\/282|[from] Leech Seed|[of] p2a: Ferrothorn
|-heal|p2a: Ferrothorn|177\/352|[silent]
|turn|15
|
|switch|p1a: Keldeo|Keldeo|283\/323
|-damage|p1a: Keldeo|243\/323|[from] Spikes
|move|p2a: Ferrothorn|Protect|p2a: Ferrothorn
|-fail|p2a: Ferrothorn
|
|-heal|p2a: Ferrothorn|199\/352|[from] item: Leftovers
|turn|16
|
|move|p2a: Ferrothorn|Protect|p2a: Ferrothorn
|-singleturn|p2a: Ferrothorn|Protect
|move|p1a: Keldeo|Secret Sword|p2a: Ferrothorn
|-activate|p2a: Ferrothorn|Protect
|
|-heal|p2a: Ferrothorn|221\/352|[from] item: Leftovers
|turn|17
|
|move|p1a: Keldeo|Secret Sword|p2a: Ferrothorn
|-supereffective|p2a: Ferrothorn
|-damage|p2a: Ferrothorn|0 fnt
|faint|p2a: Ferrothorn
|
|
|switch|p2a: Landorus|Landorus, M|280\/319
|-damage|p2a: Landorus|241\/319|[from] Stealth Rock
|turn|18
|
|switch|p1a: Mew|Mew|170\/404
|-damage|p1a: Mew|120\/404|[from] Spikes
|move|p2a: Landorus|Psychic|p1a: Mew
|-crit|p1a: Mew
|-resisted|p1a: Mew
|-damage|p1a: Mew|23\/404
|
|-heal|p1a: Mew|48\/404|[from] item: Leftovers
|turn|19
|
|move|p2a: Landorus|Psychic|p1a: Mew
|-resisted|p1a: Mew
|-damage|p1a: Mew|0 fnt
|faint|p1a: Mew
|
|
|switch|p1a: Magnezone|Magnezone|87\/282
|-damage|p1a: Magnezone|52\/282|[from] Spikes
|turn|20
|
|move|p1a: Magnezone|Flash Cannon|p2a: Landorus
|-crit|p2a: Landorus
|-damage|p2a: Landorus|4\/319
|move|p2a: Landorus|Earth Power|p1a: Magnezone
|-crit|p1a: Magnezone
|-supereffective|p1a: Magnezone
|-damage|p1a: Magnezone|0 fnt
|faint|p1a: Magnezone
|
|
|switch|p1a: Keldeo|Keldeo|243\/323
|-damage|p1a: Keldeo|203\/323|[from] Spikes
|turn|21
|
|move|p1a: Keldeo|Scald|p2a: Landorus
|-supereffective|p2a: Landorus
|-damage|p2a: Landorus|0 fnt
|faint|p2a: Landorus
|
|
|switch|p2a: Tyranitar|Tyranitar, M|353\/403
|-damage|p2a: Tyranitar|303\/403|[from] Stealth Rock
|-weather|Sandstorm
|turn|22
|
|move|p1a: Keldeo|Scald|p2a: Tyranitar
|-supereffective|p2a: Tyranitar
|-damage|p2a: Tyranitar|109\/403
|move|p2a: Tyranitar|Stealth Rock|p1a: Keldeo
|-sidestart|p1: Tripex|move: Stealth Rock
|
|-weather|Sandstorm|[upkeep]
|-damage|p1a: Keldeo|183\/323|[from] sandstorm
|turn|23
|
|move|p1a: Keldeo|Scald|p2a: Tyranitar
|-supereffective|p2a: Tyranitar
|-damage|p2a: Tyranitar|0 fnt
|faint|p2a: Tyranitar
|
|-weather|Sandstorm|[upkeep]
|-damage|p1a: Keldeo|163\/323|[from] sandstorm
|
|switch|p2a: Excadrill|Excadrill, M|361\/361
|-damage|p2a: Excadrill|350\/361|[from] Stealth Rock
|turn|24
|
|move|p2a: Excadrill|Earthquake|p1a: Keldeo
|-damage|p1a: Keldeo|0 fnt
|-damage|p2a: Excadrill|314\/361|[from] item: Life Orb
|faint|p1a: Keldeo
|
|-weather|Sandstorm|[upkeep]
|
|switch|p1a: Altaria|Altaria-Mega, F|147\/291
|-damage|p1a: Altaria|111\/291|[from] Spikes
|-damage|p1a: Altaria|75\/291|[from] Stealth Rock
|turn|25
|
|move|p2a: Excadrill|Iron Head|p1a: Altaria
|-supereffective|p1a: Altaria
|-damage|p1a: Altaria|0 fnt
|-damage|p2a: Excadrill|278\/361|[from] item: Life Orb
|faint|p1a: Altaria
|
|-weather|Sandstorm|[upkeep]
|
|switch|p1a: Bisharp|Bisharp, M|271\/271
|-damage|p1a: Bisharp|238\/271|[from] Spikes
|-damage|p1a: Bisharp|222\/271|[from] Stealth Rock
|turn|26
|
|switch|p2a: Lopunny|Lopunny-Mega, F|272\/272
|-damage|p2a: Lopunny|255\/272|[from] Stealth Rock
|move|p1a: Bisharp|Sucker Punch|p2a: Lopunny
|-fail|p2a: Lopunny
|
|-weather|Sandstorm|[upkeep]
|-damage|p2a: Lopunny|238\/272|[from] sandstorm
|turn|27
|
|switch|p1a: Landorus-Therian|Landorus-Therian, M|382\/382
|-damage|p1a: Landorus-Therian|335\/382|[from] Stealth Rock
|-ability|p1a: Landorus-Therian|Intimidate|[of] p2a: Lopunny
|-unboost|p2a: Lopunny|atk|1
|move|p2a: Lopunny|High Jump Kick|p1a: Landorus-Therian|[miss]
|-miss|p2a: Lopunny|p1a: Landorus-Therian
|-damage|p2a: Lopunny|102\/272|[from] highjumpkick
|
|-weather|Sandstorm|[upkeep]
|-damage|p2a: Lopunny|85\/272|[from] sandstorm
|-heal|p1a: Landorus-Therian|358\/382|[from] item: Leftovers
|turn|28
|
|move|p2a: Lopunny|Return|p1a: Landorus-Therian
|-damage|p1a: Landorus-Therian|258\/382
|move|p1a: Landorus-Therian|Earthquake|p2a: Lopunny
|-damage|p2a: Lopunny|0 fnt
|faint|p2a: Lopunny
|
|-weather|Sandstorm|[upkeep]
|-heal|p1a: Landorus-Therian|281\/382|[from] item: Leftovers
|
|switch|p2a: Excadrill|Excadrill, M|278\/361
|-damage|p2a: Excadrill|267\/361|[from] Stealth Rock
|turn|29
|c|âTripex|yum
|
|move|p2a: Excadrill|Iron Head|p1a: Landorus-Therian
|-damage|p1a: Landorus-Therian|106\/382
|-damage|p2a: Excadrill|231\/361|[from] item: Life Orb
|cant|p1a: Landorus-Therian|flinch
|
|-weather|none
|-heal|p1a: Landorus-Therian|129\/382|[from] item: Leftovers
|turn|30
|c|âTripex|gg
|
|move|p2a: Excadrill|Iron Head|p1a: Landorus-Therian
|-damage|p1a: Landorus-Therian|0 fnt
|-damage|p2a: Excadrill|195\/361|[from] item: Life Orb
|faint|p1a: Landorus-Therian
|
|
|switch|p1a: Bisharp|Bisharp, M|222\/271
|-damage|p1a: Bisharp|206\/271|[from] Stealth Rock
|-damage|p1a: Bisharp|173\/271|[from] Spikes
|turn|31
|
|move|p1a: Bisharp|Sucker Punch|p2a: Excadrill
|-fail|p2a: Excadrill
|move|p2a: Excadrill|Swords Dance|p2a: Excadrill
|-boost|p2a: Excadrill|atk|2
|
|turn|32
|
|move|p1a: Bisharp|Sucker Punch|p2a: Excadrill
|-fail|p2a: Excadrill
|move|p2a: Excadrill|Swords Dance|p2a: Excadrill
|-boost|p2a: Excadrill|atk|2
|
|turn|33
|
|move|p1a: Bisharp|Sucker Punch|p2a: Excadrill
|-fail|p2a: Excadrill
|move|p2a: Excadrill|Swords Dance|p2a: Excadrill
|-boost|p2a: Excadrill|atk|2
|
|turn|34
|
|move|p1a: Bisharp|Sucker Punch|p2a: Excadrill
|-fail|p2a: Excadrill
|move|p2a: Excadrill|Swords Dance|p2a: Excadrill
|-fail|p2a: Excadrill
|
|turn|35
|
|move|p2a: Excadrill|Earthquake|p1a: Bisharp
|-supereffective|p1a: Bisharp
|-damage|p1a: Bisharp|0 fnt
|-damage|p2a: Excadrill|159\/361|[from] item: Life Orb
|faint|p1a: Bisharp
|
|win|jacksonjack
|raw|Ladder updating...
|leave|Tripex
|player|p1
|raw|Tripex's rating: 1473 &rarr; <strong>1456<\/strong><br \/>(-17 for losing)
|raw|jacksonjack's rating: 1520 &rarr; <strong>1537<\/strong><br \/>(+17 for winning)