|join|jacksonjack
|join|sepi
|player|p1|jacksonjack|80
|player|p2|sepi|266
|gametype|singles
|gen|6
|tier|OU
|rated
|clearpoke
|poke|p1|Garchomp, F
|poke|p1|Manectric, M
|poke|p1|Landorus-Therian, M
|poke|p1|Azumarill, M
|poke|p1|Crawdaunt, M
|poke|p1|Gengar, F
|poke|p2|Conkeldurr, F
|poke|p2|Landorus-Therian, M
|poke|p2|Tyranitar, F
|poke|p2|Thundurus, M
|poke|p2|Venusaur, F
|poke|p2|Excadrill, F
|rule|Swagger Clause: Swagger is banned
|rule|Baton Pass Clause: Limit one PokÃ©mon knowing Baton Pass
|rule|Sleep Clause Mod: Limit one foe put to sleep
|rule|Species Clause: Limit one of each PokÃ©mon
|rule|OHKO Clause: OHKO moves are banned
|rule|Moody Clause: Moody is banned
|rule|Evasion Moves Clause: Evasion moves are banned
|rule|Endless Battle Clause: Forcing endless battles is banned
|rule|HP Percentage Mod: HP is shown in percentages
|teampreview
|
|start
|switch|p1a: Landorus-Therian|Landorus-Therian, M|325\/325
|switch|p2a: Venusaur|Venusaur, F|364\/364
|-ability|p1a: Landorus-Therian|Intimidate|[of] p2a: Venusaur
|-unboost|p2a: Venusaur|atk|1
|turn|1
|
|detailschange|p2a: Venusaur|Venusaur-Mega, F
|message|Venusaur has Mega Evolved into Mega Venusaur!
|move|p1a: Landorus-Therian|U-turn|p2a: Venusaur
|-damage|p2a: Venusaur|284\/364
|
|switch|p1a: Garchomp|Garchomp, F|357\/357
|move|p2a: Venusaur|Giga Drain|p1a: Garchomp
|-crit|p1a: Garchomp
|-damage|p1a: Garchomp|174\/357
|-heal|p2a: Venusaur|364\/364|[from] drain|[of] p1a: Garchomp
|
|turn|2
|
|switch|p2a: Landorus-Therian|Landorus-Therian, M|382\/382
|-ability|p2a: Landorus-Therian|Intimidate|[of] p1a: Garchomp
|-unboost|p1a: Garchomp|atk|1
|move|p1a: Garchomp|Swords Dance|p1a: Garchomp
|-boost|p1a: Garchomp|atk|2
|
|turn|3
|
|switch|p1a: Landorus-Therian|Landorus-Therian, M|325\/325
|-ability|p1a: Landorus-Therian|Intimidate|[of] p2a: Landorus-Therian
|-unboost|p2a: Landorus-Therian|atk|1
|move|p2a: Landorus-Therian|Hidden Power|p1a: Landorus-Therian
|-supereffective|p1a: Landorus-Therian
|-damage|p1a: Landorus-Therian|121\/325
|
|turn|4
|
|move|p1a: Landorus-Therian|U-turn|p2a: Landorus-Therian
|-resisted|p2a: Landorus-Therian
|-damage|p2a: Landorus-Therian|349\/382
|
|switch|p1a: Manectric|Manectric, M|281\/281
|move|p2a: Landorus-Therian|Knock Off|p1a: Manectric
|-damage|p1a: Manectric|207\/281
|
|-heal|p2a: Landorus-Therian|372\/382|[from] item: Leftovers
|turn|5
|
|switch|p2a: Tyranitar|Tyranitar, F|404\/404
|-weather|Sandstorm
|detailschange|p1a: Manectric|Manectric-Mega, M
|message|Manectric has Mega Evolved into Mega Manectric!
|-ability|p1a: Manectric|Intimidate|[of] p2a: Tyranitar
|-unboost|p2a: Tyranitar|atk|1
|move|p1a: Manectric|Hidden Power|p2a: Tyranitar
|-damage|p2a: Tyranitar|370\/404
|
|-weather|Sandstorm|[upkeep]
|-damage|p1a: Manectric|190\/281|[from] sandstorm
|turn|6
|
|move|p1a: Manectric|Volt Switch|p2a: Tyranitar
|-damage|p2a: Tyranitar|306\/404
|
|switch|p1a: Garchomp|Garchomp, F|174\/357
|move|p2a: Tyranitar|Stealth Rock|p1a: Garchomp
|-sidestart|p1: jacksonjack|move: Stealth Rock
|
|-weather|Sandstorm|[upkeep]
|turn|7
|
|move|p1a: Garchomp|Stealth Rock|p2a: Tyranitar
|-sidestart|p2: sepi|move: Stealth Rock
|move|p2a: Tyranitar|Ice Beam|p1a: Garchomp
|-supereffective|p1a: Garchomp
|-damage|p1a: Garchomp|0 fnt
|faint|p1a: Garchomp
|
|-weather|Sandstorm|[upkeep]
|
|switch|p1a: Crawdaunt|Crawdaunt, M|267\/267
|-damage|p1a: Crawdaunt|234\/267|[from] Stealth Rock
|turn|8
|
|switch|p2a: Conkeldurr|Conkeldurr, F|414\/414
|-damage|p2a: Conkeldurr|389\/414|[from] Stealth Rock
|move|p1a: Crawdaunt|Crabhammer|p2a: Conkeldurr
|-damage|p2a: Conkeldurr|80\/414
|-damage|p1a: Crawdaunt|208\/267|[from] item: Life Orb
|
|-weather|Sandstorm|[upkeep]
|-damage|p1a: Crawdaunt|192\/267|[from] sandstorm
|-damage|p2a: Conkeldurr|55\/414|[from] sandstorm
|turn|9
|
|move|p1a: Crawdaunt|Aqua Jet|p2a: Conkeldurr
|-damage|p2a: Conkeldurr|0 fnt
|-damage|p1a: Crawdaunt|166\/267|[from] item: Life Orb
|faint|p2a: Conkeldurr
|
|-weather|Sandstorm|[upkeep]
|-damage|p1a: Crawdaunt|150\/267|[from] sandstorm
|
|switch|p2a: Venusaur|Venusaur-Mega, F|364\/364
|-damage|p2a: Venusaur|319\/364|[from] Stealth Rock
|turn|10
|
|switch|p1a: Gengar|Gengar, F|261\/261
|-damage|p1a: Gengar|229\/261|[from] Stealth Rock
|move|p2a: Venusaur|Giga Drain|p1a: Gengar
|-resisted|p1a: Gengar
|-damage|p1a: Gengar|167\/261
|-heal|p2a: Venusaur|350\/364|[from] drain|[of] p1a: Gengar
|
|-weather|Sandstorm|[upkeep]
|-damage|p1a: Gengar|151\/261|[from] sandstorm
|-damage|p2a: Venusaur|328\/364|[from] sandstorm
|turn|11
|
|move|p1a: Gengar|Shadow Ball|p2a: Venusaur
|-damage|p2a: Venusaur|210\/364
|-damage|p1a: Gengar|125\/261|[from] item: Life Orb
|move|p2a: Venusaur|Hidden Power|p1a: Gengar
|-damage|p1a: Gengar|50\/261
|
|-weather|Sandstorm|[upkeep]
|-damage|p1a: Gengar|34\/261|[from] sandstorm
|-damage|p2a: Venusaur|188\/364|[from] sandstorm
|turn|12
|
|move|p1a: Gengar|Taunt|p2a: Venusaur
|-start|p2a: Venusaur|move: Taunt
|move|p2a: Venusaur|Giga Drain|p1a: Gengar
|-resisted|p1a: Gengar
|-damage|p1a: Gengar|0 fnt
|-heal|p2a: Venusaur|205\/364|[from] drain|[of] p1a: Gengar
|faint|p1a: Gengar
|
|-weather|none
|
|switch|p1a: Landorus-Therian|Landorus-Therian, M|121\/325
|-damage|p1a: Landorus-Therian|81\/325|[from] Stealth Rock
|-ability|p1a: Landorus-Therian|Intimidate|[of] p2a: Venusaur
|-unboost|p2a: Venusaur|atk|1
|turn|13
|
|switch|p2a: Landorus-Therian|Landorus-Therian, M|372\/382
|-damage|p2a: Landorus-Therian|325\/382|[from] Stealth Rock
|-ability|p2a: Landorus-Therian|Intimidate|[of] p1a: Landorus-Therian
|-unboost|p1a: Landorus-Therian|atk|1
|move|p1a: Landorus-Therian|Earthquake|p2a: Landorus-Therian
|-immune|p2a: Landorus-Therian|[msg]
|
|-heal|p2a: Landorus-Therian|348\/382|[from] item: Leftovers
|turn|14
|
|switch|p1a: Azumarill|Azumarill, M|401\/401
|-damage|p1a: Azumarill|351\/401|[from] Stealth Rock
|move|p2a: Landorus-Therian|Earthquake|p1a: Azumarill
|-damage|p1a: Azumarill|159\/401
|
|-heal|p2a: Landorus-Therian|371\/382|[from] item: Leftovers
|turn|15
|
|move|p1a: Azumarill|Aqua Jet|p2a: Landorus-Therian
|-supereffective|p2a: Landorus-Therian
|-damage|p2a: Landorus-Therian|233\/382
|move|p2a: Landorus-Therian|Earthquake|p1a: Azumarill
|-damage|p1a: Azumarill|0 fnt
|faint|p1a: Azumarill
|
|-heal|p2a: Landorus-Therian|256\/382|[from] item: Leftovers
|
|switch|p1a: Crawdaunt|Crawdaunt, M|150\/267
|-damage|p1a: Crawdaunt|117\/267|[from] Stealth Rock
|turn|16
|
|move|p1a: Crawdaunt|Swords Dance|p1a: Crawdaunt
|-boost|p1a: Crawdaunt|atk|2
|move|p2a: Landorus-Therian|Earthquake|p1a: Crawdaunt
|-damage|p1a: Crawdaunt|0 fnt
|faint|p1a: Crawdaunt
|
|-heal|p2a: Landorus-Therian|279\/382|[from] item: Leftovers
|-message|jacksonjack forfeited.
|
|win|sepi
|raw|Ladder updating...
|leave|jacksonjack
|player|p1
|raw|jacksonjack's rating: 1786 &rarr; <strong>1761<\/strong><br \/>(-25 for losing)
|raw|sepi's rating: 1691 &rarr; <strong>1716<\/strong><br \/>(+25 for winning)