|join|wish killer
|join|jacksonjack
|player|p1|wish killer|68
|player|p2|jacksonjack|80
|gametype|singles
|gen|6
|tier|OU
|rated
|clearpoke
|poke|p1|Chansey, F
|poke|p1|Keldeo
|poke|p1|Heatran, F
|poke|p1|Skarmory, M
|poke|p1|Bisharp, M
|poke|p1|Venusaur, M
|poke|p2|Azumarill, F
|poke|p2|Landorus, M
|poke|p2|Heatran, F
|poke|p2|Keldeo-Resolute
|poke|p2|Venusaur, F
|poke|p2|Mandibuzz, F
|rule|Swagger Clause: Swagger is banned
|rule|Baton Pass Clause: Limit one PokÃ©mon knowing Baton Pass
|rule|Sleep Clause Mod: Limit one foe put to sleep
|rule|Species Clause: Limit one of each PokÃ©mon
|rule|OHKO Clause: OHKO moves are banned
|rule|Moody Clause: Moody is banned
|rule|Evasion Moves Clause: Evasion moves are banned
|rule|Endless Battle Clause: Forcing endless battles is banned
|rule|HP Percentage Mod: HP is reported as percentages
|teampreview
|
|start
|switch|p1a: Keldeo|Keldeo|323\/323
|switch|p2a: Landorus|Landorus, M|319\/319
|turn|1
|
|switch|p2a: Venusaur|Venusaur, F|349\/349
|move|p1a: Keldeo|Scald|p2a: Venusaur
|-resisted|p2a: Venusaur
|-damage|p2a: Venusaur|276\/349
|-status|p2a: Venusaur|brn
|
|-damage|p2a: Venusaur|233\/349 brn|[from] brn
|turn|2
|
|detailschange|p2a: Venusaur|Venusaur-Mega, F
|message|Venusaur has Mega Evolved into Mega Venusaur!
|move|p1a: Keldeo|Calm Mind|p1a: Keldeo
|-boost|p1a: Keldeo|spa|1
|-boost|p1a: Keldeo|spd|1
|move|p2a: Venusaur|Giga Drain|p1a: Keldeo
|-supereffective|p1a: Keldeo
|-damage|p1a: Keldeo|113\/323
|-heal|p2a: Venusaur|338\/349 brn|[from] drain|[of] p1a: Keldeo
|
|-heal|p1a: Keldeo|133\/323|[from] item: Leftovers
|-damage|p2a: Venusaur|295\/349 brn|[from] brn
|turn|3
|
|switch|p1a: Heatran|Heatran, F|340\/340
|-item|p1a: Heatran|Air Balloon
|move|p2a: Venusaur|Giga Drain|p1a: Heatran
|-resisted|p1a: Heatran
|-damage|p1a: Heatran|307\/340
|-heal|p2a: Venusaur|312\/349 brn|[from] drain|[of] p1a: Heatran
|-enditem|p1a: Heatran|Air Balloon
|
|-damage|p2a: Venusaur|269\/349 brn|[from] brn
|turn|4
|
|switch|p2a: Keldeo-Resolute|Keldeo-Resolute|323\/323
|move|p1a: Heatran|Stealth Rock|p2a: Keldeo-Resolute
|-sidestart|p2: jacksonjack|move: Stealth Rock
|
|turn|5
|
|switch|p1a: Venusaur|Venusaur, M|364\/364
|move|p2a: Keldeo-Resolute|Icy Wind|p1a: Venusaur
|-supereffective|p1a: Venusaur
|-damage|p1a: Venusaur|172\/364
|-unboost|p1a: Venusaur|spe|1
|
|turn|6
|
|switch|p2a: Landorus|Landorus, M|319\/319
|-damage|p2a: Landorus|280\/319|[from] Stealth Rock
|detailschange|p1a: Venusaur|Venusaur-Mega, M
|message|Venusaur has Mega Evolved into Mega Venusaur!
|move|p1a: Venusaur|Synthesis|p1a: Venusaur
|-heal|p1a: Venusaur|354\/364
|
|turn|7
|
|switch|p1a: Chansey|Chansey, F|685\/685
|move|p2a: Landorus|Psychic|p1a: Chansey
|-damage|p1a: Chansey|588\/685
|
|turn|8
|
|move|p2a: Landorus|Stealth Rock|p1a: Chansey
|-sidestart|p1: wish killer|move: Stealth Rock
|move|p1a: Chansey|Seismic Toss|p2a: Landorus
|-damage|p2a: Landorus|180\/319
|
|turn|9
|
|switch|p2a: Azumarill|Azumarill, F|361\/361
|-damage|p2a: Azumarill|316\/361|[from] Stealth Rock
|move|p1a: Chansey|Seismic Toss|p2a: Azumarill
|-damage|p2a: Azumarill|216\/361
|
|turn|10
|
|move|p2a: Azumarill|Play Rough|p1a: Chansey
|-damage|p1a: Chansey|233\/685
|move|p1a: Chansey|Seismic Toss|p2a: Azumarill
|-damage|p2a: Azumarill|116\/361
|
|turn|11
|
|switch|p2a: Landorus|Landorus, M|180\/319
|-damage|p2a: Landorus|141\/319|[from] Stealth Rock
|switch|p1a: Venusaur|Venusaur-Mega, M|354\/364
|-damage|p1a: Venusaur|309\/364|[from] Stealth Rock
|
|turn|12
|
|switch|p1a: Chansey|Chansey, F|233\/685
|-damage|p1a: Chansey|148\/685|[from] Stealth Rock
|move|p2a: Landorus|Psychic|p1a: Chansey
|-damage|p1a: Chansey|52\/685
|
|turn|13
|
|move|p2a: Landorus|Psychic|p1a: Chansey
|-crit|p1a: Chansey
|-damage|p1a: Chansey|0 fnt
|faint|p1a: Chansey
|
|
|switch|p1a: Keldeo|Keldeo|133\/323
|-damage|p1a: Keldeo|113\/323|[from] Stealth Rock
|turn|14
|
|switch|p2a: Venusaur|Venusaur-Mega, F|269\/349 brn
|-damage|p2a: Venusaur|226\/349 brn|[from] Stealth Rock
|move|p1a: Keldeo|Hidden Power|p2a: Venusaur
|-supereffective|p2a: Venusaur
|-damage|p2a: Venusaur|106\/349 brn
|
|-heal|p1a: Keldeo|133\/323|[from] item: Leftovers
|-damage|p2a: Venusaur|63\/349 brn|[from] brn
|turn|15
|
|switch|p2a: Mandibuzz|Mandibuzz, F|423\/423
|-damage|p2a: Mandibuzz|318\/423|[from] Stealth Rock
|move|p1a: Keldeo|Hidden Power|p2a: Mandibuzz
|-damage|p2a: Mandibuzz|257\/423
|
|-heal|p1a: Keldeo|153\/323|[from] item: Leftovers
|-heal|p2a: Mandibuzz|283\/423|[from] item: Leftovers
|turn|16
|
|move|p1a: Keldeo|Scald|p2a: Mandibuzz
|-damage|p2a: Mandibuzz|147\/423
|-status|p2a: Mandibuzz|brn
|move|p2a: Mandibuzz|Foul Play|p1a: Keldeo
|-resisted|p1a: Keldeo
|-damage|p1a: Keldeo|134\/323
|-boost|p1a: Keldeo|atk|1|[from] ability: Justified
|
|-heal|p1a: Keldeo|154\/323|[from] item: Leftovers
|-heal|p2a: Mandibuzz|173\/423 brn|[from] item: Leftovers
|-damage|p2a: Mandibuzz|121\/423 brn|[from] brn
|turn|17
|
|move|p1a: Keldeo|Scald|p2a: Mandibuzz
|-damage|p2a: Mandibuzz|0 fnt
|faint|p2a: Mandibuzz
|
|-heal|p1a: Keldeo|174\/323|[from] item: Leftovers
|
|switch|p2a: Keldeo-Resolute|Keldeo-Resolute|323\/323
|-damage|p2a: Keldeo-Resolute|303\/323|[from] Stealth Rock
|turn|18
|
|switch|p1a: Venusaur|Venusaur-Mega, M|309\/364
|-damage|p1a: Venusaur|264\/364|[from] Stealth Rock
|move|p2a: Keldeo-Resolute|Secret Sword|p1a: Venusaur
|-resisted|p1a: Venusaur
|-damage|p1a: Venusaur|194\/364
|
|turn|19
|
|switch|p2a: Heatran|Heatran, F|323\/323
|-damage|p2a: Heatran|283\/323|[from] Stealth Rock
|move|p1a: Venusaur|Giga Drain|p2a: Heatran
|-resisted|p2a: Heatran
|-damage|p2a: Heatran|257\/323
|-heal|p1a: Venusaur|207\/364|[from] drain|[of] p2a: Heatran
|
|turn|20
|
|move|p2a: Heatran|Earth Power|p1a: Venusaur
|-damage|p1a: Venusaur|101\/364
|move|p1a: Venusaur|Leech Seed|p2a: Heatran
|-start|p2a: Heatran|move: Leech Seed
|
|-damage|p2a: Heatran|217\/323|[from] Leech Seed|[of] p1a: Venusaur
|-heal|p1a: Venusaur|141\/364|[silent]
|turn|21
|
|switch|p2a: Landorus|Landorus, M|141\/319
|-damage|p2a: Landorus|102\/319|[from] Stealth Rock
|move|p1a: Venusaur|Synthesis|p1a: Venusaur
|-heal|p1a: Venusaur|323\/364
|
|turn|22
|
|switch|p1a: Skarmory|Skarmory, M|334\/334
|-damage|p1a: Skarmory|293\/334|[from] Stealth Rock
|move|p2a: Landorus|Psychic|p1a: Skarmory
|-resisted|p1a: Skarmory
|-damage|p1a: Skarmory|205\/334
|
|turn|23
|
|move|p2a: Landorus|Focus Blast|p1a: Skarmory
|-damage|p1a: Skarmory|0 fnt
|faint|p1a: Skarmory
|
|
|switch|p1a: Keldeo|Keldeo|174\/323
|-damage|p1a: Keldeo|154\/323|[from] Stealth Rock
|turn|24
|
|switch|p2a: Venusaur|Venusaur-Mega, F|63\/349 brn
|-damage|p2a: Venusaur|20\/349 brn|[from] Stealth Rock
|move|p1a: Keldeo|Scald|p2a: Venusaur
|-resisted|p2a: Venusaur
|-damage|p2a: Venusaur|0 fnt
|faint|p2a: Venusaur
|
|-heal|p1a: Keldeo|174\/323|[from] item: Leftovers
|
|switch|p2a: Keldeo-Resolute|Keldeo-Resolute|303\/323
|-damage|p2a: Keldeo-Resolute|283\/323|[from] Stealth Rock
|turn|25
|
|switch|p1a: Heatran|Heatran, F|307\/340
|-damage|p1a: Heatran|265\/340|[from] Stealth Rock
|move|p2a: Keldeo-Resolute|Secret Sword|p1a: Heatran
|-supereffective|p1a: Heatran
|-damage|p1a: Heatran|0 fnt
|faint|p1a: Heatran
|
|
|switch|p1a: Venusaur|Venusaur-Mega, M|323\/364
|-damage|p1a: Venusaur|278\/364|[from] Stealth Rock
|turn|26
|
|switch|p2a: Azumarill|Azumarill, F|116\/361
|-damage|p2a: Azumarill|71\/361|[from] Stealth Rock
|move|p1a: Venusaur|Leech Seed|p2a: Azumarill
|-start|p2a: Azumarill|move: Leech Seed
|
|-damage|p2a: Azumarill|26\/361|[from] Leech Seed|[of] p1a: Venusaur
|-heal|p1a: Venusaur|323\/364|[silent]
|turn|27
|
|move|p2a: Azumarill|Aqua Jet|p1a: Venusaur
|-resisted|p1a: Venusaur
|-damage|p1a: Venusaur|282\/364
|move|p1a: Venusaur|Giga Drain|p2a: Azumarill
|-supereffective|p2a: Azumarill
|-damage|p2a: Azumarill|0 fnt
|-heal|p1a: Venusaur|295\/364|[from] drain|[of] p2a: Azumarill
|faint|p2a: Azumarill
|
|
|switch|p2a: Landorus|Landorus, M|102\/319
|-damage|p2a: Landorus|63\/319|[from] Stealth Rock
|turn|28
|
|switch|p1a: Bisharp|Bisharp, M|334\/334
|-damage|p1a: Bisharp|314\/334|[from] Stealth Rock
|move|p2a: Landorus|Psychic|p1a: Bisharp
|-immune|p1a: Bisharp|[msg]
|
|-heal|p1a: Bisharp|334\/334|[from] item: Leftovers
|turn|29
|
|switch|p2a: Keldeo-Resolute|Keldeo-Resolute|283\/323
|-damage|p2a: Keldeo-Resolute|263\/323|[from] Stealth Rock
|move|p1a: Bisharp|Sucker Punch|p2a: Keldeo-Resolute
|-fail|p2a: Keldeo-Resolute
|
|turn|30
|
|switch|p2a: Landorus|Landorus, M|63\/319
|-damage|p2a: Landorus|24\/319|[from] Stealth Rock
|move|p1a: Bisharp|Knock Off|p2a: Landorus
|-damage|p2a: Landorus|0 fnt
|-enditem|p2a: Landorus|Life Orb|[from] move: Knock Off|[of] p1a: Bisharp
|faint|p2a: Landorus
|
|
|switch|p2a: Keldeo-Resolute|Keldeo-Resolute|263\/323
|-damage|p2a: Keldeo-Resolute|243\/323|[from] Stealth Rock
|turn|31
|
|switch|p2a: Heatran|Heatran, F|217\/323
|-damage|p2a: Heatran|177\/323|[from] Stealth Rock
|switch|p1a: Venusaur|Venusaur-Mega, M|295\/364
|-damage|p1a: Venusaur|250\/364|[from] Stealth Rock
|
|turn|32
|
|switch|p2a: Keldeo-Resolute|Keldeo-Resolute|243\/323
|-damage|p2a: Keldeo-Resolute|223\/323|[from] Stealth Rock
|move|p1a: Venusaur|Synthesis|p1a: Venusaur
|-heal|p1a: Venusaur|364\/364
|
|turn|33
|
|switch|p2a: Heatran|Heatran, F|177\/323
|-damage|p2a: Heatran|137\/323|[from] Stealth Rock
|move|p1a: Venusaur|Giga Drain|p2a: Heatran
|-resisted|p2a: Heatran
|-damage|p2a: Heatran|113\/323
|
|turn|34
|
|move|p2a: Heatran|Overheat|p1a: Venusaur
|-supereffective|p1a: Venusaur
|-damage|p1a: Venusaur|140\/364
|-unboost|p2a: Heatran|spa|2
|move|p1a: Venusaur|Leech Seed|p2a: Heatran
|-start|p2a: Heatran|move: Leech Seed
|
|-damage|p2a: Heatran|73\/323|[from] Leech Seed|[of] p1a: Venusaur
|-heal|p1a: Venusaur|180\/364|[silent]
|turn|35
|
|move|p2a: Heatran|Overheat|p1a: Venusaur
|-supereffective|p1a: Venusaur
|-damage|p1a: Venusaur|66\/364
|-unboost|p2a: Heatran|spa|2
|move|p1a: Venusaur|Synthesis|p1a: Venusaur
|-heal|p1a: Venusaur|248\/364
|
|-damage|p2a: Heatran|33\/323|[from] Leech Seed|[of] p1a: Venusaur
|-heal|p1a: Venusaur|288\/364|[silent]
|turn|36
|
|move|p2a: Heatran|Overheat|p1a: Venusaur
|-supereffective|p1a: Venusaur
|-damage|p1a: Venusaur|214\/364
|-unboost|p2a: Heatran|spa|2
|move|p1a: Venusaur|Synthesis|p1a: Venusaur
|-heal|p1a: Venusaur|364\/364
|
|-damage|p2a: Heatran|0 fnt|[from] Leech Seed|[of] p1a: Venusaur
|faint|p2a: Heatran
|
|switch|p2a: Keldeo-Resolute|Keldeo-Resolute|223\/323
|-damage|p2a: Keldeo-Resolute|203\/323|[from] Stealth Rock
|turn|37
|-message|jacksonjack forfeited.
|
|win|wish killer
|raw|Ladder updating...
|leave|jacksonjack
|player|p2
|raw|wish killer's rating: 1992 &rarr; <strong>2001<\/strong><br \/>(+9 for winning)
|raw|jacksonjack's rating: 1792 &rarr; <strong>1782<\/strong><br \/>(-10 for losing)