|join|Gwerkops
|join|jacksonjack
|player|p1|Gwerkops|80
|player|p2|jacksonjack|80
|gametype|singles
|gen|6
|tier|OU
|rated
|clearpoke
|poke|p1|Skarmory, F, shiny
|poke|p1|Chansey, F
|poke|p1|Gliscor, F
|poke|p1|Quagsire, M
|poke|p1|Gardevoir, M
|poke|p1|Amoonguss, F
|poke|p2|Garchomp, M
|poke|p2|Bisharp, M
|poke|p2|Breloom, F
|poke|p2|Charizard, M
|poke|p2|Azumarill, F
|poke|p2|Latias, F
|rule|Sleep Clause Mod: Limit one foe put to sleep
|rule|Species Clause: Limit one of each Pokemon
|rule|OHKO Clause: OHKO moves are banned
|rule|Moody Clause: Moody is banned
|rule|Evasion Moves Clause: Evasion moves are banned
|rule|Endless Battle Clause: Forcing endless battles is banned.
|rule|HP Percentage Mod: HP is reported as percentages
|teampreview
|
|start
|switch|p1a: Crocy|Amoonguss, F|431\/431
|switch|p2a: Garchomp|Garchomp, M|357\/357
|turn|1
|
|move|p2a: Garchomp|Stealth Rock|p1a: Crocy
|-sidestart|p1: Gwerkops|move: Stealth Rock
|move|p1a: Crocy|Spore|p2a: Garchomp
|-status|p2a: Garchomp|slp
|
|turn|2
|
|switch|p2a: Charizard|Charizard, M|359\/359
|switch|p1a: Gecky|Gliscor, F|352\/352
|-damage|p1a: Gecky|308\/352|[from] Stealth Rock
|
|-status|p1a: Gecky|tox|[from] item: Toxic Orb
|turn|3
|
|move|p1a: Gecky|Protect|p1a: Gecky
|-singleturn|p1a: Gecky|Protect
|move|p2a: Charizard|Flare Blitz|p1a: Gecky
|-activate|p1a: Gecky|Protect
|
|-heal|p1a: Gecky|352\/352 tox|[from] ability: Poison Heal
|turn|4
|
|-formechange|p2a: Charizard|Charizard-Mega-X
|message|Charizard has Mega Evolved into Mega Charizard!
|move|p1a: Gecky|Toxic|p2a: Charizard
|-status|p2a: Charizard|tox
|move|p2a: Charizard|Dragon Dance|p2a: Charizard
|-boost|p2a: Charizard|atk|1
|-boost|p2a: Charizard|spe|1
|
|-damage|p2a: Charizard|337\/359 tox|[from] psn
|turn|5
|
|switch|p1a: Turts|Quagsire, M|393\/393
|-damage|p1a: Turts|369\/393|[from] Stealth Rock
|move|p2a: Charizard|Dragon Dance|p2a: Charizard
|-boost|p2a: Charizard|atk|1
|-boost|p2a: Charizard|spe|1
|
|-heal|p1a: Turts|393\/393|[from] item: Leftovers
|-damage|p2a: Charizard|293\/359 tox|[from] psn
|turn|6
|
|move|p2a: Charizard|Dragon Claw|p1a: Turts
|-damage|p1a: Turts|230\/393
|move|p1a: Turts|Recover|p1a: Turts
|-heal|p1a: Turts|393\/393
|
|-damage|p2a: Charizard|227\/359 tox|[from] psn
|turn|7
|
|switch|p2a: Breloom|Breloom, F|261\/261
|move|p1a: Turts|Scald|p2a: Breloom
|-resisted|p2a: Breloom
|-damage|p2a: Breloom|215\/261
|
|turn|8
|
|switch|p1a: Crocy|Amoonguss, F|431\/431
|-damage|p1a: Crocy|378\/431|[from] Stealth Rock
|move|p2a: Breloom|Bullet Seed|p1a: Crocy
|-resisted|p1a: Crocy
|-damage|p1a: Crocy|357\/431
|-resisted|p1a: Crocy
|-damage|p1a: Crocy|334\/431
|-resisted|p1a: Crocy
|-damage|p1a: Crocy|312\/431
|-resisted|p1a: Crocy
|-damage|p1a: Crocy|288\/431
|-hitcount|p1a: Crocy|4
|
|-heal|p1a: Crocy|314\/431|[from] item: Black Sludge
|turn|9
|
|switch|p2a: Charizard|Charizard, M|227\/359 tox
|-formechange|p2a: Charizard|Charizard-Mega-X
|move|p1a: Crocy|Toxic|p2a: Charizard
|-fail|p2a: Charizard|tox
|
|-heal|p1a: Crocy|340\/431|[from] item: Black Sludge
|-damage|p2a: Charizard|205\/359 tox|[from] psn
|turn|10
|
|switch|p1a: Gecky|Gliscor, F|352\/352 tox
|-damage|p1a: Gecky|308\/352 tox|[from] Stealth Rock
|move|p2a: Charizard|Roost|p2a: Charizard
|-heal|p2a: Charizard|359\/359 tox
|
|-heal|p1a: Gecky|352\/352 tox|[from] ability: Poison Heal
|-damage|p2a: Charizard|315\/359 tox|[from] psn
|turn|11
|
|switch|p2a: Latias|Latias, F|301\/301
|move|p1a: Gecky|Substitute|p1a: Gecky
|-start|p1a: Gecky|Substitute
|-damage|p1a: Gecky|264\/352 tox
|
|-heal|p1a: Gecky|308\/352 tox|[from] ability: Poison Heal
|turn|12
|
|move|p2a: Latias|Psyshock|p1a: Gecky
|-end|p1a: Gecky|Substitute
|-damage|p2a: Latias|271\/301|[from] item: Life Orb
|move|p1a: Gecky|Toxic|p2a: Latias
|-status|p2a: Latias|tox
|
|-damage|p2a: Latias|253\/301 tox|[from] psn
|-heal|p1a: Gecky|352\/352 tox|[from] ability: Poison Heal
|turn|13
|
|move|p1a: Gecky|Protect|p1a: Gecky
|-singleturn|p1a: Gecky|Protect
|move|p2a: Latias|Draco Meteor|p1a: Gecky
|-activate|p1a: Gecky|Protect
|
|-damage|p2a: Latias|217\/301 tox|[from] psn
|turn|14
|
|switch|p2a: Bisharp|Bisharp, M|271\/271
|switch|p1a: Junior|Gardevoir, M|339\/339
|-damage|p1a: Junior|297\/339|[from] Stealth Rock
|-ability|p1a: Junior|Defiant|[from] ability: Trace|[of] p2a: Bisharp
|
|turn|15
|
|-formechange|p1a: Junior|Gardevoir-Mega
|message|Gardevoir has Mega Evolved into Mega Gardevoir!
|move|p2a: Bisharp|Knock Off|p1a: Junior
|-damage|p1a: Junior|168\/339
|move|p1a: Junior|Moonblast|p2a: Bisharp
|-damage|p2a: Bisharp|24\/271
|-unboost|p2a: Bisharp|spa|1
|-boost|p2a: Bisharp|atk|2|[from] ability: Defiant
|
|turn|16
|
|move|p2a: Bisharp|Sucker Punch|p1a: Junior
|-fail|p1a: Junior
|move|p1a: Junior|Will-O-Wisp|p2a: Bisharp
|-status|p2a: Bisharp|brn
|
|-damage|p2a: Bisharp|0 fnt|[from] brn
|faint|p2a: Bisharp
|
|switch|p2a: Charizard|Charizard, M|315\/359 tox
|-formechange|p2a: Charizard|Charizard-Mega-X
|turn|17
|
|move|p2a: Charizard|Flare Blitz|p1a: Junior
|-damage|p1a: Junior|0 fnt
|-damage|p2a: Charizard|260\/359 tox|[from] recoil|[of] p1a: Junior
|faint|p1a: Junior
|
|-damage|p2a: Charizard|238\/359 tox|[from] psn
|
|switch|p1a: Turts|Quagsire, M|393\/393
|-damage|p1a: Turts|369\/393|[from] Stealth Rock
|turn|18
|
|switch|p2a: Latias|Latias, F|217\/301 tox
|move|p1a: Turts|Scald|p2a: Latias
|-resisted|p2a: Latias
|-damage|p2a: Latias|190\/301 tox
|
|-heal|p1a: Turts|393\/393|[from] item: Leftovers
|-damage|p2a: Latias|172\/301 tox|[from] psn
|turn|19
|
|switch|p1a: Mellow|Chansey, F|703\/703
|-damage|p1a: Mellow|616\/703|[from] Stealth Rock
|move|p2a: Latias|Draco Meteor|p1a: Mellow
|-damage|p1a: Mellow|431\/703
|-unboost|p2a: Latias|spa|2
|-damage|p2a: Latias|142\/301 tox|[from] item: Life Orb
|
|-damage|p2a: Latias|106\/301 tox|[from] psn
|turn|20
|
|switch|p2a: Breloom|Breloom, F|215\/261
|move|p1a: Mellow|Stealth Rock|p2a: Breloom
|-sidestart|p2: jacksonjack|move: Stealth Rock
|
|turn|21
|
|switch|p1a: Crocy|Amoonguss, F|431\/431
|-damage|p1a: Crocy|378\/431|[from] Stealth Rock
|move|p2a: Breloom|Bullet Seed|p1a: Crocy
|-resisted|p1a: Crocy
|-damage|p1a: Crocy|357\/431
|-resisted|p1a: Crocy
|-damage|p1a: Crocy|334\/431
|-resisted|p1a: Crocy
|-damage|p1a: Crocy|314\/431
|-resisted|p1a: Crocy
|-damage|p1a: Crocy|292\/431
|-resisted|p1a: Crocy
|-damage|p1a: Crocy|270\/431
|-hitcount|p1a: Crocy|5
|
|-heal|p1a: Crocy|296\/431|[from] item: Black Sludge
|turn|22
|
|switch|p2a: Charizard|Charizard, M|238\/359 tox
|-formechange|p2a: Charizard|Charizard-Mega-X
|-damage|p2a: Charizard|149\/359 tox|[from] Stealth Rock
|move|p1a: Crocy|Foul Play|p2a: Charizard
|-crit|p2a: Charizard
|-damage|p2a: Charizard|0 fnt
|faint|p2a: Charizard
|
|-heal|p1a: Crocy|322\/431|[from] item: Black Sludge
|
|switch|p2a: Latias|Latias, F|106\/301 tox
|-damage|p2a: Latias|69\/301 tox|[from] Stealth Rock
|turn|23
|
|switch|p1a: Gecky|Gliscor, F|352\/352 tox
|-damage|p1a: Gecky|308\/352 tox|[from] Stealth Rock
|move|p2a: Latias|Psyshock|p1a: Gecky
|-damage|p1a: Gecky|191\/352 tox
|-damage|p2a: Latias|39\/301 tox|[from] item: Life Orb
|
|-damage|p2a: Latias|21\/301 tox|[from] psn
|-heal|p1a: Gecky|235\/352 tox|[from] ability: Poison Heal
|turn|24
|
|switch|p2a: Azumarill|Azumarill, F|342\/342
|-damage|p2a: Azumarill|300\/342|[from] Stealth Rock
|move|p1a: Gecky|Protect|p1a: Gecky
|-fail|p1a: Gecky
|
|-heal|p1a: Gecky|279\/352 tox|[from] ability: Poison Heal
|turn|25
|
|switch|p2a: Breloom|Breloom, F|215\/261
|-damage|p2a: Breloom|199\/261|[from] Stealth Rock
|move|p1a: Gecky|Substitute|p1a: Gecky
|-start|p1a: Gecky|Substitute
|-damage|p1a: Gecky|191\/352 tox
|
|-heal|p1a: Gecky|235\/352 tox|[from] ability: Poison Heal
|turn|26
|
|move|p1a: Gecky|Toxic|p2a: Breloom
|-status|p2a: Breloom|tox
|move|p2a: Breloom|Bullet Seed|p1a: Gecky
|-activate|p1a: Gecky|Substitute|[damage]
|-end|p1a: Gecky|Substitute
|-hitcount|p1a: Gecky|2
|
|-heal|p1a: Gecky|279\/352 tox|[from] ability: Poison Heal
|-damage|p2a: Breloom|183\/261 tox|[from] psn
|turn|27
|-message|jacksonjack forfeited.
|
|win|Gwerkops
|raw|Ladder updating...
|leave|jacksonjack
|player|p2
|raw|Gwerkops's rating: 1692 &rarr; <strong>1709<\/strong><br \/>(+17 for winning)
|raw|jacksonjack's rating: 1645 &rarr; <strong>1628<\/strong><br \/>(-17 for losing)