|join|Void Of Pein
|join|jacksonjack
|player|p1|Void Of Pein|209
|player|p2|jacksonjack|80
|gametype|singles
|gen|6
|tier|OU
|rated
|clearpoke
|poke|p1|Gengar, M
|poke|p1|Meloetta
|poke|p1|Conkeldurr, M
|poke|p1|Gyarados, M
|poke|p1|Ferrothorn, M
|poke|p1|Landorus, M
|poke|p2|Charizard, M
|poke|p2|Tyranitar, F
|poke|p2|Excadrill, M
|poke|p2|Azumarill, M
|poke|p2|Thundurus, M
|poke|p2|Dragonite, M
|rule|Swagger Clause: Swagger is banned
|rule|Baton Pass Clause: Limit one PokÃ©mon knowing Baton Pass
|rule|Sleep Clause Mod: Limit one foe put to sleep
|rule|Species Clause: Limit one of each PokÃ©mon
|rule|OHKO Clause: OHKO moves are banned
|rule|Moody Clause: Moody is banned
|rule|Evasion Moves Clause: Evasion moves are banned
|rule|Endless Battle Clause: Forcing endless battles is banned
|rule|HP Percentage Mod: HP is reported as percentages
|teampreview
|chat|Void Of Pein|user hard choke
|
|start
|switch|p1a: Heihachi|Conkeldurr, M|383\/383
|switch|p2a: Tyranitar|Tyranitar, F|341\/341
|-weather|Sandstorm
|turn|1
|
|move|p2a: Tyranitar|Stealth Rock|p1a: Heihachi
|-sidestart|p1: Void Of Pein|move: Stealth Rock
|move|p1a: Heihachi|Drain Punch|p2a: Tyranitar
|-supereffective|p2a: Tyranitar
|-enditem|p2a: Tyranitar|Focus Sash
|-damage|p2a: Tyranitar|1\/341
|
|-weather|Sandstorm|[upkeep]
|-damage|p1a: Heihachi|360\/383|[from] sandstorm
|turn|2
|
|switch|p2a: Azumarill|Azumarill, M|342\/342
|move|p1a: Heihachi|Mach Punch|p2a: Azumarill
|-resisted|p2a: Azumarill
|-damage|p2a: Azumarill|300\/342
|
|-weather|Sandstorm|[upkeep]
|-damage|p2a: Azumarill|279\/342|[from] sandstorm
|-damage|p1a: Heihachi|337\/383|[from] sandstorm
|turn|3
|join|Dark Ganon
|
|switch|p2a: Charizard|Charizard, M|359\/359
|switch|p1a: Hentai|Ferrothorn, M|352\/352
|-damage|p1a: Hentai|330\/352|[from] Stealth Rock
|
|-weather|Sandstorm|[upkeep]
|-damage|p2a: Charizard|337\/359|[from] sandstorm
|turn|4
|
|detailschange|p2a: Charizard|Charizard-Mega-X, M
|message|Charizard has Mega Evolved into Mega Charizard!
|move|p2a: Charizard|Flare Blitz|p1a: Hentai
|-supereffective|p1a: Hentai
|-damage|p1a: Hentai|0 fnt
|-damage|p2a: Charizard|293\/359|[from] ability: Iron Barbs|[of] p1a: Hentai
|-damage|p2a: Charizard|234\/359|[from] item: Rocky Helmet|[of] p1a: Hentai
|-damage|p2a: Charizard|125\/359|[from] recoil|[of] p1a: Hentai
|faint|p1a: Hentai
|
|-weather|Sandstorm|[upkeep]
|-damage|p2a: Charizard|103\/359|[from] sandstorm
|
|switch|p1a: Enten|Landorus, M|320\/320
|-damage|p1a: Enten|280\/320|[from] Stealth Rock
|turn|5
|
|switch|p2a: Thundurus|Thundurus, M|300\/300
|move|p1a: Enten|Psychic|p2a: Thundurus
|-damage|p2a: Thundurus|109\/300
|
|-weather|none
|-heal|p2a: Thundurus|127\/300|[from] item: Leftovers
|turn|6
|chat|Void Of Pein|that team....
|
|switch|p1a: Heihachi|Conkeldurr, M|337\/383
|-damage|p1a: Heihachi|314\/383|[from] Stealth Rock
|move|p2a: Thundurus|Hidden Power|p1a: Heihachi
|-damage|p1a: Heihachi|272\/383
|
|-heal|p2a: Thundurus|145\/300|[from] item: Leftovers
|turn|7
|join|Law) Ender
|
|move|p2a: Thundurus|Thunderbolt|p1a: Heihachi
|-damage|p1a: Heihachi|170\/383
|move|p1a: Heihachi|Knock Off|p2a: Thundurus
|-damage|p2a: Thundurus|0 fnt
|-enditem|p2a: Thundurus|Leftovers|[from] move: Knock Off|[of] p1a: Heihachi
|faint|p2a: Thundurus
|
|
|switch|p2a: Azumarill|Azumarill, M|279\/342
|turn|8
|
|move|p2a: Azumarill|Belly Drum|p2a: Azumarill
|-damage|p2a: Azumarill|108\/342
|-setboost|p2a: Azumarill|atk|6|[from] move: Belly Drum
|-enditem|p2a: Azumarill|Sitrus Berry|[eat]
|-heal|p2a: Azumarill|193\/342|[from] item: Sitrus Berry
|move|p1a: Heihachi|Knock Off|p2a: Azumarill
|-resisted|p2a: Azumarill
|-damage|p2a: Azumarill|144\/342
|
|turn|9
|
|switch|p1a: Kage|Gengar, M|261\/261
|-damage|p1a: Kage|229\/261|[from] Stealth Rock
|move|p2a: Azumarill|Aqua Jet|p1a: Kage
|-damage|p1a: Kage|0 fnt
|faint|p1a: Kage
|
|
|switch|p1a: Predator|Gyarados, M|331\/331
|-damage|p1a: Predator|249\/331|[from] Stealth Rock
|-ability|p1a: Predator|Intimidate|[of] p2a: Azumarill
|-unboost|p2a: Azumarill|atk|1
|turn|10
|
|detailschange|p1a: Predator|Gyarados-Mega, M
|message|Gyarados has Mega Evolved into Mega Gyarados!
|-ability|p1a: Predator|Mold Breaker
|move|p2a: Azumarill|Aqua Jet|p1a: Predator
|-resisted|p1a: Predator
|-damage|p1a: Predator|116\/331
|move|p1a: Predator|Earthquake|p2a: Azumarill
|-damage|p2a: Azumarill|0 fnt
|faint|p2a: Azumarill
|
|
|switch|p2a: Tyranitar|Tyranitar, F|1\/341
|-weather|Sandstorm
|turn|11
|
|move|p1a: Predator|Waterfall|p2a: Tyranitar
|-supereffective|p2a: Tyranitar
|-damage|p2a: Tyranitar|0 fnt
|faint|p2a: Tyranitar
|
|-weather|Sandstorm|[upkeep]
|-damage|p1a: Predator|96\/331|[from] sandstorm
|
|switch|p2a: Excadrill|Excadrill, M|362\/362
|turn|12
|
|move|p2a: Excadrill|Earthquake|p1a: Predator
|-damage|p1a: Predator|0 fnt
|-damage|p2a: Excadrill|326\/362|[from] item: Life Orb
|faint|p1a: Predator
|
|-weather|Sandstorm|[upkeep]
|
|switch|p1a: Calamity|Meloetta|404\/404
|-damage|p1a: Calamity|354\/404|[from] Stealth Rock
|turn|13
|
|move|p2a: Excadrill|Earthquake|p1a: Calamity
|-damage|p1a: Calamity|146\/404
|-damage|p2a: Excadrill|290\/362|[from] item: Life Orb
|move|p1a: Calamity|Focus Blast|p2a: Excadrill
|-supereffective|p2a: Excadrill
|-damage|p2a: Excadrill|0 fnt
|faint|p2a: Excadrill
|
|-weather|Sandstorm|[upkeep]
|-damage|p1a: Calamity|121\/404|[from] sandstorm
|-heal|p1a: Calamity|146\/404|[from] item: Leftovers
|
|switch|p2a: Dragonite|Dragonite, M|323\/323
|turn|14
|
|move|p2a: Dragonite|Dragon Dance|p2a: Dragonite
|-boost|p2a: Dragonite|atk|1
|-boost|p2a: Dragonite|spe|1
|move|p1a: Calamity|Psyshock|p2a: Dragonite
|-damage|p2a: Dragonite|262\/323
|
|-weather|Sandstorm|[upkeep]
|-damage|p2a: Dragonite|242\/323|[from] sandstorm
|-damage|p1a: Calamity|121\/404|[from] sandstorm
|-heal|p1a: Calamity|146\/404|[from] item: Leftovers
|turn|15
|
|move|p2a: Dragonite|Extreme Speed|p1a: Calamity
|-damage|p1a: Calamity|21\/404
|move|p1a: Calamity|Psyshock|p2a: Dragonite
|-damage|p2a: Dragonite|127\/323
|
|-weather|none
|-heal|p1a: Calamity|46\/404|[from] item: Leftovers
|turn|16
|
|move|p2a: Dragonite|Extreme Speed|p1a: Calamity
|-damage|p1a: Calamity|0 fnt
|faint|p1a: Calamity
|
|
|switch|p1a: Enten|Landorus, M|280\/320
|-damage|p1a: Enten|240\/320|[from] Stealth Rock
|turn|17
|
|move|p2a: Dragonite|Outrage|p1a: Enten
|-damage|p1a: Enten|0 fnt
|faint|p1a: Enten
|
|
|switch|p1a: Heihachi|Conkeldurr, M|170\/383
|-damage|p1a: Heihachi|147\/383|[from] Stealth Rock
|turn|18
|-message|Void Of Pein forfeited.
|
|win|jacksonjack
|raw|Ladder updating...
|leave|Void Of Pein
|player|p1
|raw|Void Of Pein's rating: 1758 &rarr; <strong>1730<\/strong><br \/>(-28 for losing)
|raw|jacksonjack's rating: 1624 &rarr; <strong>1652<\/strong><br \/>(+28 for winning)
|leave|jacksonjack
|player|p2
|leave|Dark Ganon