|join|Will-I-am2
|join|jacksonjack
|player|p1|Will-I-am2|169
|player|p2|jacksonjack|80
|gametype|singles
|gen|6
|tier|OU
|rated
|clearpoke
|poke|p1|Registeel
|poke|p1|Mamoswine, F
|poke|p1|Hydreigon, M
|poke|p1|Slowbro, M
|poke|p1|Whimsicott, F
|poke|p1|Mandibuzz, F
|poke|p2|Keldeo-Resolute
|poke|p2|Latias, F
|poke|p2|Garchomp, M
|poke|p2|Ferrothorn, M
|poke|p2|Tyranitar, F
|poke|p2|Clefable, F
|rule|Swagger Clause: Swagger is banned
|rule|Baton Pass Clause: Limit one PokÃ©mon knowing Baton Pass
|rule|Sleep Clause Mod: Limit one foe put to sleep
|rule|Species Clause: Limit one of each PokÃ©mon
|rule|OHKO Clause: OHKO moves are banned
|rule|Moody Clause: Moody is banned
|rule|Evasion Moves Clause: Evasion moves are banned
|rule|Endless Battle Clause: Forcing endless battles is banned
|rule|HP Percentage Mod: HP is shown in percentages
|teampreview
|
|start
|switch|p1a: Mamoswine|Mamoswine, F|361\/361
|switch|p2a: Keldeo-Resolute|Keldeo-Resolute|323\/323
|turn|1
|
|switch|p1a: Slowbro|Slowbro, M|394\/394
|move|p2a: Keldeo-Resolute|Scald|p1a: Slowbro
|-resisted|p1a: Slowbro
|-damage|p1a: Slowbro|316\/394
|-status|p1a: Slowbro|brn
|
|-heal|p1a: Slowbro|340\/394 brn|[from] item: Leftovers
|-damage|p1a: Slowbro|291\/394 brn|[from] brn
|turn|2
|
|move|p2a: Keldeo-Resolute|Substitute|p2a: Keldeo-Resolute
|-start|p2a: Keldeo-Resolute|Substitute
|-damage|p2a: Keldeo-Resolute|243\/323
|move|p1a: Slowbro|Scald|p2a: Keldeo-Resolute
|-resisted|p2a: Keldeo-Resolute
|-activate|p2a: Keldeo-Resolute|Substitute|[damage]
|
|-heal|p2a: Keldeo-Resolute|263\/323|[from] item: Leftovers
|-heal|p1a: Slowbro|315\/394 brn|[from] item: Leftovers
|-damage|p1a: Slowbro|266\/394 brn|[from] brn
|turn|3
|
|move|p2a: Keldeo-Resolute|Scald|p1a: Slowbro
|-resisted|p1a: Slowbro
|-damage|p1a: Slowbro|186\/394 brn
|move|p1a: Slowbro|Psychic|p2a: Keldeo-Resolute
|-supereffective|p2a: Keldeo-Resolute
|-end|p2a: Keldeo-Resolute|Substitute
|
|-heal|p2a: Keldeo-Resolute|283\/323|[from] item: Leftovers
|-heal|p1a: Slowbro|210\/394 brn|[from] item: Leftovers
|-damage|p1a: Slowbro|161\/394 brn|[from] brn
|turn|4
|
|switch|p2a: Tyranitar|Tyranitar, F|341\/341
|-weather|Sandstorm
|switch|p1a: Whimsicott|Whimsicott, F|262\/262
|
|-weather|Sandstorm|[upkeep]
|-damage|p1a: Whimsicott|246\/262|[from] sandstorm
|-heal|p1a: Whimsicott|262\/262|[from] item: Leftovers
|turn|5
|
|switch|p2a: Ferrothorn|Ferrothorn, M|352\/352
|move|p1a: Whimsicott|Moonblast|p2a: Ferrothorn
|-resisted|p2a: Ferrothorn
|-damage|p2a: Ferrothorn|308\/352
|
|-weather|Sandstorm|[upkeep]
|-damage|p1a: Whimsicott|246\/262|[from] sandstorm
|-heal|p1a: Whimsicott|262\/262|[from] item: Leftovers
|turn|6
|
|move|p1a: Whimsicott|Taunt|p2a: Ferrothorn
|-start|p2a: Ferrothorn|move: Taunt
|cant|p2a: Ferrothorn|move: Taunt|Spikes
|
|-weather|Sandstorm|[upkeep]
|-damage|p1a: Whimsicott|246\/262|[from] sandstorm
|-heal|p1a: Whimsicott|262\/262|[from] item: Leftovers
|turn|7
|
|switch|p1a: Registeel|Registeel|364\/364
|move|p2a: Ferrothorn|Gyro Ball|p1a: Registeel
|-resisted|p1a: Registeel
|-damage|p1a: Registeel|331\/364
|
|-weather|Sandstorm|[upkeep]
|-heal|p1a: Registeel|353\/364|[from] item: Leftovers
|turn|8
|
|switch|p2a: Garchomp|Garchomp, M|420\/420
|move|p1a: Registeel|Stealth Rock|p2a: Garchomp
|-sidestart|p2: jacksonjack|move: Stealth Rock
|
|-weather|none
|-heal|p1a: Registeel|364\/364|[from] item: Leftovers
|turn|9
|
|switch|p1a: Mandibuzz|Mandibuzz, F|424\/424
|move|p2a: Garchomp|Stealth Rock|p1a: Mandibuzz
|-sidestart|p1: Will-I-am2|move: Stealth Rock
|
|turn|10
|
|move|p1a: Mandibuzz|Foul Play|p2a: Garchomp
|-damage|p2a: Garchomp|303\/420
|-damage|p1a: Mandibuzz|371\/424|[from] ability: Rough Skin|[of] p2a: Garchomp
|-damage|p1a: Mandibuzz|301\/424|[from] item: Rocky Helmet|[of] p2a: Garchomp
|move|p2a: Garchomp|Dragon Tail|p1a: Mandibuzz
|-damage|p1a: Mandibuzz|243\/424
|-damage|p2a: Garchomp|233\/420|[from] item: Rocky Helmet|[of] p1a: Mandibuzz
|drag|p1a: Hydreigon|Hydreigon, M|333\/333
|-damage|p1a: Hydreigon|292\/333|[from] Stealth Rock
|
|turn|11
|
|switch|p2a: Clefable|Clefable, F|393\/393
|move|p1a: Hydreigon|Focus Blast|p2a: Clefable
|-resisted|p2a: Clefable
|-damage|p2a: Clefable|297\/393
|
|-heal|p2a: Clefable|321\/393|[from] item: Leftovers
|turn|12
|
|switch|p1a: Registeel|Registeel|364\/364
|-damage|p1a: Registeel|342\/364|[from] Stealth Rock
|move|p2a: Clefable|Calm Mind|p2a: Clefable
|-boost|p2a: Clefable|spa|1
|-boost|p2a: Clefable|spd|1
|
|-heal|p2a: Clefable|345\/393|[from] item: Leftovers
|-heal|p1a: Registeel|364\/364|[from] item: Leftovers
|turn|13
|
|switch|p2a: Ferrothorn|Ferrothorn, M|308\/352
|-damage|p2a: Ferrothorn|286\/352|[from] Stealth Rock
|move|p1a: Registeel|Seismic Toss|p2a: Ferrothorn
|-damage|p2a: Ferrothorn|186\/352
|-damage|p1a: Registeel|319\/364|[from] ability: Iron Barbs|[of] p2a: Ferrothorn
|-damage|p1a: Registeel|259\/364|[from] item: Rocky Helmet|[of] p2a: Ferrothorn
|
|-heal|p1a: Registeel|281\/364|[from] item: Leftovers
|turn|14
|
|move|p1a: Registeel|Seismic Toss|p2a: Ferrothorn
|-damage|p2a: Ferrothorn|86\/352
|-damage|p1a: Registeel|236\/364|[from] ability: Iron Barbs|[of] p2a: Ferrothorn
|-damage|p1a: Registeel|176\/364|[from] item: Rocky Helmet|[of] p2a: Ferrothorn
|move|p2a: Ferrothorn|Leech Seed|p1a: Registeel
|-start|p1a: Registeel|move: Leech Seed
|
|-heal|p1a: Registeel|198\/364|[from] item: Leftovers
|-damage|p1a: Registeel|153\/364|[from] Leech Seed|[of] p2a: Ferrothorn
|-heal|p2a: Ferrothorn|131\/352|[silent]
|turn|15
|
|switch|p1a: Mamoswine|Mamoswine, F|361\/361
|-damage|p1a: Mamoswine|316\/361|[from] Stealth Rock
|move|p2a: Ferrothorn|Protect|p2a: Ferrothorn
|-fail|p2a: Ferrothorn
|
|turn|16
|
|move|p1a: Mamoswine|Earthquake|p2a: Ferrothorn
|-damage|p2a: Ferrothorn|0 fnt
|-damage|p1a: Mamoswine|280\/361|[from] item: Life Orb
|faint|p2a: Ferrothorn
|
|
|switch|p2a: Keldeo-Resolute|Keldeo-Resolute|283\/323
|-damage|p2a: Keldeo-Resolute|263\/323|[from] Stealth Rock
|turn|17
|
|switch|p1a: Whimsicott|Whimsicott, F|262\/262
|-damage|p1a: Whimsicott|230\/262|[from] Stealth Rock
|move|p2a: Keldeo-Resolute|Scald|p1a: Whimsicott
|-crit|p1a: Whimsicott
|-resisted|p1a: Whimsicott
|-damage|p1a: Whimsicott|92\/262
|
|-heal|p1a: Whimsicott|108\/262|[from] item: Leftovers
|-heal|p2a: Keldeo-Resolute|283\/323|[from] item: Leftovers
|turn|18
|
|switch|p2a: Clefable|Clefable, F|345\/393
|move|p1a: Whimsicott|Giga Drain|p2a: Clefable
|-damage|p2a: Clefable|263\/393
|-heal|p1a: Whimsicott|149\/262|[from] drain|[of] p2a: Clefable
|
|-heal|p1a: Whimsicott|165\/262|[from] item: Leftovers
|-heal|p2a: Clefable|287\/393|[from] item: Leftovers
|turn|19
|
|move|p1a: Whimsicott|Taunt|p2a: Clefable
|-start|p2a: Clefable|move: Taunt
|cant|p2a: Clefable|move: Taunt|Calm Mind
|
|-heal|p1a: Whimsicott|181\/262|[from] item: Leftovers
|-heal|p2a: Clefable|311\/393|[from] item: Leftovers
|turn|20
|
|move|p1a: Whimsicott|Giga Drain|p2a: Clefable
|-damage|p2a: Clefable|233\/393
|-heal|p1a: Whimsicott|220\/262|[from] drain|[of] p2a: Clefable
|move|p2a: Clefable|Flamethrower|p1a: Whimsicott
|-supereffective|p1a: Whimsicott
|-damage|p1a: Whimsicott|44\/262
|
|-heal|p1a: Whimsicott|60\/262|[from] item: Leftovers
|-heal|p2a: Clefable|257\/393|[from] item: Leftovers
|turn|21
|
|switch|p1a: Mamoswine|Mamoswine, F|280\/361
|-damage|p1a: Mamoswine|235\/361|[from] Stealth Rock
|move|p2a: Clefable|Flamethrower|p1a: Mamoswine
|-supereffective|p1a: Mamoswine
|-damage|p1a: Mamoswine|137\/361
|
|-heal|p2a: Clefable|281\/393|[from] item: Leftovers
|-end|p2a: Clefable|move: Taunt
|turn|22
|
|switch|p2a: Latias|Latias, F|363\/363
|-damage|p2a: Latias|318\/363|[from] Stealth Rock
|move|p1a: Mamoswine|Earthquake|p2a: Latias
|-immune|p2a: Latias|[msg]
|
|turn|23
|
|detailschange|p2a: Latias|Latias-Mega, F
|message|Latias has Mega Evolved into Mega Latias!
|move|p2a: Latias|Stored Power|p1a: Mamoswine
|-damage|p1a: Mamoswine|89\/361
|move|p1a: Mamoswine|Earthquake|p2a: Latias
|-immune|p2a: Latias|[msg]
|
|turn|24
|
|switch|p2a: Keldeo-Resolute|Keldeo-Resolute|283\/323
|-damage|p2a: Keldeo-Resolute|263\/323|[from] Stealth Rock
|switch|p1a: Registeel|Registeel|153\/364
|-damage|p1a: Registeel|131\/364|[from] Stealth Rock
|
|-heal|p2a: Keldeo-Resolute|283\/323|[from] item: Leftovers
|-heal|p1a: Registeel|153\/364|[from] item: Leftovers
|turn|25
|
|switch|p1a: Whimsicott|Whimsicott, F|60\/262
|-damage|p1a: Whimsicott|28\/262|[from] Stealth Rock
|move|p2a: Keldeo-Resolute|Substitute|p2a: Keldeo-Resolute
|-start|p2a: Keldeo-Resolute|Substitute
|-damage|p2a: Keldeo-Resolute|203\/323
|
|-heal|p1a: Whimsicott|44\/262|[from] item: Leftovers
|-heal|p2a: Keldeo-Resolute|223\/323|[from] item: Leftovers
|turn|26
|
|move|p1a: Whimsicott|Encore|p2a: Keldeo-Resolute
|-start|p2a: Keldeo-Resolute|Encore
|move|p2a: Keldeo-Resolute|Substitute|p2a: Keldeo-Resolute
|-fail|p2a: Keldeo-Resolute|move: Substitute
|
|-heal|p1a: Whimsicott|60\/262|[from] item: Leftovers
|-heal|p2a: Keldeo-Resolute|243\/323|[from] item: Leftovers
|turn|27
|
|switch|p2a: Tyranitar|Tyranitar, F|341\/341
|-damage|p2a: Tyranitar|299\/341|[from] Stealth Rock
|-weather|Sandstorm
|move|p1a: Whimsicott|Giga Drain|p2a: Tyranitar
|-crit|p2a: Tyranitar
|-supereffective|p2a: Tyranitar
|-damage|p2a: Tyranitar|123\/341
|-heal|p1a: Whimsicott|148\/262|[from] drain|[of] p2a: Tyranitar
|
|-weather|Sandstorm|[upkeep]
|-damage|p1a: Whimsicott|132\/262|[from] sandstorm
|-heal|p1a: Whimsicott|148\/262|[from] item: Leftovers
|turn|28
|
|move|p1a: Whimsicott|Moonblast|p2a: Tyranitar
|-supereffective|p2a: Tyranitar
|-damage|p2a: Tyranitar|0 fnt
|faint|p2a: Tyranitar
|
|-weather|Sandstorm|[upkeep]
|-damage|p1a: Whimsicott|132\/262|[from] sandstorm
|-heal|p1a: Whimsicott|148\/262|[from] item: Leftovers
|
|switch|p2a: Clefable|Clefable, F|281\/393
|turn|29
|
|switch|p1a: Hydreigon|Hydreigon, M|292\/333
|-damage|p1a: Hydreigon|251\/333|[from] Stealth Rock
|move|p2a: Clefable|Flamethrower|p1a: Hydreigon
|-resisted|p1a: Hydreigon
|-damage|p1a: Hydreigon|216\/333
|
|-weather|Sandstorm|[upkeep]
|-damage|p1a: Hydreigon|196\/333|[from] sandstorm
|-heal|p2a: Clefable|305\/393|[from] item: Leftovers
|turn|30
|
|move|p1a: Hydreigon|Flash Cannon|p2a: Clefable
|-supereffective|p2a: Clefable
|-damage|p2a: Clefable|13\/393
|move|p2a: Clefable|Moonblast|p1a: Hydreigon
|-supereffective|p1a: Hydreigon
|-damage|p1a: Hydreigon|0 fnt
|faint|p1a: Hydreigon
|
|-weather|Sandstorm|[upkeep]
|-heal|p2a: Clefable|37\/393|[from] item: Leftovers
|
|switch|p1a: Whimsicott|Whimsicott, F|148\/262
|-damage|p1a: Whimsicott|116\/262|[from] Stealth Rock
|turn|31
|
|move|p1a: Whimsicott|Giga Drain|p2a: Clefable
|-damage|p2a: Clefable|0 fnt
|-heal|p1a: Whimsicott|135\/262|[from] drain|[of] p2a: Clefable
|faint|p2a: Clefable
|
|-weather|none
|-heal|p1a: Whimsicott|151\/262|[from] item: Leftovers
|
|switch|p2a: Garchomp|Garchomp, M|233\/420
|-damage|p2a: Garchomp|207\/420|[from] Stealth Rock
|turn|32
|
|move|p1a: Whimsicott|Giga Drain|p2a: Garchomp
|-crit|p2a: Garchomp
|-damage|p2a: Garchomp|48\/420
|-heal|p1a: Whimsicott|231\/262|[from] drain|[of] p2a: Garchomp
|move|p2a: Garchomp|Earthquake|p1a: Whimsicott
|-crit|p1a: Whimsicott
|-resisted|p1a: Whimsicott
|-damage|p1a: Whimsicott|104\/262
|
|-heal|p1a: Whimsicott|120\/262|[from] item: Leftovers
|turn|33
|
|move|p1a: Whimsicott|Giga Drain|p2a: Garchomp
|-damage|p2a: Garchomp|0 fnt
|-heal|p1a: Whimsicott|144\/262|[from] drain|[of] p2a: Garchomp
|faint|p2a: Garchomp
|
|-heal|p1a: Whimsicott|160\/262|[from] item: Leftovers
|
|switch|p2a: Latias|Latias-Mega, F|318\/363
|-damage|p2a: Latias|273\/363|[from] Stealth Rock
|turn|34
|
|switch|p1a: Registeel|Registeel|153\/364
|-damage|p1a: Registeel|131\/364|[from] Stealth Rock
|move|p2a: Latias|Stored Power|p1a: Registeel
|-resisted|p1a: Registeel
|-damage|p1a: Registeel|122\/364
|
|-heal|p1a: Registeel|144\/364|[from] item: Leftovers
|turn|35
|
|move|p2a: Latias|Substitute|p2a: Latias
|-start|p2a: Latias|Substitute
|-damage|p2a: Latias|183\/363
|move|p1a: Registeel|Thunder Wave|p2a: Latias
|
|-heal|p1a: Registeel|166\/364|[from] item: Leftovers
|turn|36
|
|move|p2a: Latias|Calm Mind|p2a: Latias
|-boost|p2a: Latias|spa|1
|-boost|p2a: Latias|spd|1
|move|p1a: Registeel|Seismic Toss|p2a: Latias
|-end|p2a: Latias|Substitute
|
|-heal|p1a: Registeel|188\/364|[from] item: Leftovers
|turn|37
|
|move|p2a: Latias|Stored Power|p1a: Registeel
|-resisted|p1a: Registeel
|-damage|p1a: Registeel|145\/364
|move|p1a: Registeel|Thunder Wave|p2a: Latias
|-status|p2a: Latias|par
|
|-heal|p1a: Registeel|167\/364|[from] item: Leftovers
|turn|38
|
|move|p1a: Registeel|Seismic Toss|p2a: Latias
|-damage|p2a: Latias|83\/363 par
|move|p2a: Latias|Stored Power|p1a: Registeel
|-resisted|p1a: Registeel
|-damage|p1a: Registeel|124\/364
|
|-heal|p1a: Registeel|146\/364|[from] item: Leftovers
|turn|39
|
|move|p1a: Registeel|Seismic Toss|p2a: Latias
|-damage|p2a: Latias|0 fnt
|faint|p2a: Latias
|
|-heal|p1a: Registeel|168\/364|[from] item: Leftovers
|
|switch|p2a: Keldeo-Resolute|Keldeo-Resolute|243\/323
|-damage|p2a: Keldeo-Resolute|223\/323|[from] Stealth Rock
|turn|40
|
|move|p2a: Keldeo-Resolute|Secret Sword|p1a: Registeel
|-supereffective|p1a: Registeel
|-damage|p1a: Registeel|0 fnt
|faint|p1a: Registeel
|
|-heal|p2a: Keldeo-Resolute|243\/323|[from] item: Leftovers
|
|switch|p1a: Whimsicott|Whimsicott, F|160\/262
|-damage|p1a: Whimsicott|128\/262|[from] Stealth Rock
|turn|41
|
|move|p1a: Whimsicott|Giga Drain|p2a: Keldeo-Resolute
|-supereffective|p2a: Keldeo-Resolute
|-damage|p2a: Keldeo-Resolute|55\/323
|-heal|p1a: Whimsicott|222\/262|[from] drain|[of] p2a: Keldeo-Resolute
|move|p2a: Keldeo-Resolute|Secret Sword|p1a: Whimsicott
|-resisted|p1a: Whimsicott
|-damage|p1a: Whimsicott|136\/262
|
|-heal|p1a: Whimsicott|152\/262|[from] item: Leftovers
|-heal|p2a: Keldeo-Resolute|75\/323|[from] item: Leftovers
|turn|42
|
|move|p1a: Whimsicott|Giga Drain|p2a: Keldeo-Resolute
|-supereffective|p2a: Keldeo-Resolute
|-damage|p2a: Keldeo-Resolute|0 fnt
|-heal|p1a: Whimsicott|190\/262|[from] drain|[of] p2a: Keldeo-Resolute
|faint|p2a: Keldeo-Resolute
|
|win|Will-I-am2
|raw|Ladder updating...
|raw|Will-I-am2's rating: 1691 &rarr; <strong>1704<\/strong><br \/>(+13 for winning)
|raw|jacksonjack's rating: 1568 &rarr; <strong>1555<\/strong><br \/>(-13 for losing)