|join|SL) VetDancX
|join|jacksonjack
|player|p1|SL) VetDancX|153
|player|p2|jacksonjack|80
|gametype|singles
|gen|6
|tier|OU
|rated
|clearpoke
|poke|p1|Talonflame, F
|poke|p1|Excadrill, M
|poke|p1|Tyranitar, M
|poke|p1|Dragonite, M
|poke|p1|Pinsir, F
|poke|p1|Gyarados, M
|poke|p2|Greninja, F
|poke|p2|Dragonite, M
|poke|p2|Excadrill, M
|poke|p2|Bisharp, M
|poke|p2|Diggersby, M
|poke|p2|Lopunny, M
|rule|Swagger Clause: Swagger is banned
|rule|Baton Pass Clause: Limit one PokÃ©mon knowing Baton Pass
|rule|Sleep Clause Mod: Limit one foe put to sleep
|rule|Species Clause: Limit one of each PokÃ©mon
|rule|OHKO Clause: OHKO moves are banned
|rule|Moody Clause: Moody is banned
|rule|Evasion Moves Clause: Evasion moves are banned
|rule|Endless Battle Clause: Forcing endless battles is banned
|rule|HP Percentage Mod: HP is shown in percentages
|teampreview
|
|start
|switch|p1a: )|Talonflame, F|298\/298
|switch|p2a: Excadrill|Excadrill, M|362\/362
|-ability|p2a: Excadrill|Mold Breaker
|turn|1
|
|move|p1a: )|Flare Blitz|p2a: Excadrill
|-supereffective|p2a: Excadrill
|-enditem|p2a: Excadrill|Focus Sash
|-damage|p2a: Excadrill|1\/362
|-damage|p1a: )|179\/298|[from] recoil|[of] p2a: Excadrill
|move|p2a: Excadrill|Stealth Rock|p1a: )
|-sidestart|p1: SL) VetDancX|move: Stealth Rock
|
|turn|2
|
|move|p1a: )|Flare Blitz|p2a: Excadrill
|-supereffective|p2a: Excadrill
|-damage|p2a: Excadrill|0 fnt
|-damage|p1a: )|178\/298|[from] recoil|[of] p2a: Excadrill
|faint|p2a: Excadrill
|
|
|switch|p2a: Lopunny|Lopunny, M|272\/272
|turn|3
|
|switch|p1a: Scarf|Tyranitar, M|341\/341
|-damage|p1a: Scarf|299\/341|[from] Stealth Rock
|-weather|Sandstorm
|detailschange|p2a: Lopunny|Lopunny-Mega, M
|message|Lopunny has Mega Evolved into Mega Lopunny!
|move|p2a: Lopunny|Fake Out|p1a: Scarf
|-resisted|p1a: Scarf
|-damage|p1a: Scarf|260\/341
|
|-weather|Sandstorm|[upkeep]
|-damage|p2a: Lopunny|255\/272|[from] sandstorm
|turn|4
|
|move|p2a: Lopunny|High Jump Kick|p1a: Scarf
|-supereffective|p1a: Scarf
|-damage|p1a: Scarf|0 fnt
|faint|p1a: Scarf
|
|-weather|Sandstorm|[upkeep]
|-damage|p2a: Lopunny|238\/272|[from] sandstorm
|
|switch|p1a: Excabron|Excadrill, M|362\/362
|-damage|p1a: Excabron|351\/362|[from] Stealth Rock
|turn|5
|
|switch|p2a: Greninja|Greninja, F|285\/285
|move|p1a: Excabron|Earthquake|p2a: Greninja
|-damage|p2a: Greninja|0 fnt
|-damage|p1a: Excabron|315\/362|[from] item: Life Orb
|faint|p2a: Greninja
|
|-weather|Sandstorm|[upkeep]
|
|switch|p2a: Bisharp|Bisharp, M|271\/271
|turn|6
|
|move|p2a: Bisharp|Sucker Punch|p1a: Excabron
|-damage|p1a: Excabron|11\/362
|-damage|p2a: Bisharp|244\/271|[from] item: Life Orb
|move|p1a: Excabron|Rapid Spin|p2a: Bisharp
|-resisted|p2a: Bisharp
|-damage|p2a: Bisharp|226\/271
|-sideend|p1: SL) VetDancX|Stealth Rock|[from] move: Rapid Spin|[of] p1a: Excabron
|-damage|p1a: Excabron|0 fnt|[from] item: Life Orb
|faint|p1a: Excabron
|
|-weather|Sandstorm|[upkeep]
|
|switch|p1a: Pinsir|Pinsir, F|271\/271
|-ability|p1a: Pinsir|Mold Breaker
|turn|7
|
|detailschange|p1a: Pinsir|Pinsir-Mega, F
|message|Pinsir has Mega Evolved into Mega Pinsir!
|move|p1a: Pinsir|Earthquake|p2a: Bisharp
|-supereffective|p2a: Bisharp
|-damage|p2a: Bisharp|0 fnt
|faint|p2a: Bisharp
|
|-weather|none
|
|switch|p2a: Dragonite|Dragonite, M|323\/323
|turn|8
|
|move|p1a: Pinsir|Return|p2a: Dragonite
|-damage|p2a: Dragonite|193\/323
|move|p2a: Dragonite|Outrage|p1a: Pinsir
|-damage|p1a: Pinsir|0 fnt
|faint|p1a: Pinsir
|
|
|switch|p1a: )|Talonflame, F|178\/298
|turn|9
|
|move|p1a: )|Brave Bird|p2a: Dragonite
|-damage|p2a: Dragonite|0 fnt
|-damage|p1a: )|114\/298|[from] recoil|[of] p2a: Dragonite
|faint|p2a: Dragonite
|
|
|switch|p2a: Lopunny|Lopunny-Mega, M|238\/272
|turn|10
|
|move|p2a: Lopunny|Fake Out|p1a: )
|-damage|p1a: )|14\/298
|cant|p1a: )|flinch
|
|turn|11
|
|switch|p2a: Diggersby|Diggersby, M|311\/311
|move|p1a: )|Brave Bird|p2a: Diggersby
|-damage|p2a: Diggersby|17\/311
|-damage|p1a: )|0 fnt|[from] recoil|[of] p2a: Diggersby
|faint|p1a: )
|
|
|switch|p1a: Leyenda|Dragonite, M|324\/324
|turn|12
|
|move|p1a: Leyenda|Extreme Speed|p2a: Diggersby
|-damage|p2a: Diggersby|0 fnt
|faint|p2a: Diggersby
|
|
|switch|p2a: Lopunny|Lopunny-Mega, M|238\/272
|turn|13
|
|move|p2a: Lopunny|Fake Out|p1a: Leyenda
|-damage|p1a: Leyenda|286\/324
|cant|p1a: Leyenda|flinch
|
|turn|14
|
|move|p1a: Leyenda|Extreme Speed|p2a: Lopunny
|-damage|p2a: Lopunny|77\/272
|move|p2a: Lopunny|Return|p1a: Leyenda
|-damage|p1a: Leyenda|96\/324
|
|turn|15
|
|move|p1a: Leyenda|Extreme Speed|p2a: Lopunny
|-damage|p2a: Lopunny|0 fnt
|faint|p2a: Lopunny
|
|win|SL) VetDancX
|raw|Ladder updating...
|raw|SL) VetDancX's rating: 1694 &rarr; <strong>1704<\/strong><br \/>(+10 for winning)
|raw|jacksonjack's rating: 1516 &rarr; <strong>1506<\/strong><br \/>(-10 for losing)
|leave|jacksonjack
|player|p2