|join|RS Cocaine
|join|jacksonjack
|player|p1|RS Cocaine|29
|player|p2|jacksonjack|80
|gametype|singles
|gen|6
|tier|OU
|rated
|clearpoke
|poke|p1|Pinsir, F
|poke|p1|Diggersby, F
|poke|p1|Deoxys-Speed
|poke|p1|Bisharp, F
|poke|p1|Thundurus, M
|poke|p1|Greninja, M
|poke|p2|Garchomp, M
|poke|p2|Bisharp, F
|poke|p2|Breloom, F
|poke|p2|Charizard, M
|poke|p2|Azumarill, F
|poke|p2|Latias, F
|rule|Sleep Clause Mod: Limit one foe put to sleep
|rule|Species Clause: Limit one of each Pokemon
|rule|OHKO Clause: OHKO moves are banned
|rule|Moody Clause: Moody is banned
|rule|Evasion Moves Clause: Evasion moves are banned
|rule|Endless Battle Clause: Forcing endless battles is banned.
|rule|HP Percentage Mod: HP is reported as percentages
|teampreview
|
|start
|switch|p1a: Deoxys-Speed|Deoxys-Speed|304\/304
|switch|p2a: Bisharp|Bisharp, F|271\/271
|-ability|p1a: Deoxys-Speed|Pressure
|turn|1
|
|move|p1a: Deoxys-Speed|Stealth Rock|p2a: Bisharp
|-sidestart|p2: jacksonjack|move: Stealth Rock
|move|p2a: Bisharp|Knock Off|p1a: Deoxys-Speed
|-supereffective|p1a: Deoxys-Speed
|-enditem|p1a: Deoxys-Speed|Focus Sash
|-damage|p1a: Deoxys-Speed|1\/304
|
|turn|2
|join|Mourning Glory
|
|move|p1a: Deoxys-Speed|Spikes|p2a: Bisharp
|-sidestart|p2: jacksonjack|Spikes
|move|p2a: Bisharp|Knock Off|p1a: Deoxys-Speed
|-supereffective|p1a: Deoxys-Speed
|-damage|p1a: Deoxys-Speed|0 fnt
|faint|p1a: Deoxys-Speed
|
|leave|Mourning Glory
|
|switch|p1a: Pinsir|Pinsir, F|271\/271
|turn|3
|join|sugarhigh
|chat|sugarhigh|nig
|chat|sugarhigh|ure still alice
|chat|sugarhigh|:o
|chat|sugarhigh|*alive
|chat|RS Cocaine|lol
|
|-formechange|p1a: Pinsir|Pinsir-Mega
|message|Pinsir has Mega Evolved into Mega Pinsir!
|move|p1a: Pinsir|Earthquake|p2a: Bisharp
|-supereffective|p2a: Bisharp
|-enditem|p2a: Bisharp|Focus Sash
|-damage|p2a: Bisharp|1\/271
|move|p2a: Bisharp|Knock Off|p1a: Pinsir
|-damage|p1a: Pinsir|162\/271
|
|turn|4
|chat|RS Cocaine|i even built something
|
|move|p1a: Pinsir|Quick Attack|p2a: Bisharp
|-resisted|p2a: Bisharp
|-damage|p2a: Bisharp|0 fnt
|faint|p2a: Bisharp
|
|
|switch|p2a: Garchomp|Garchomp, M|357\/357
|-damage|p2a: Garchomp|313\/357|[from] Spikes
|-damage|p2a: Garchomp|291\/357|[from] Stealth Rock
|turn|5
|
|move|p1a: Pinsir|Frustration|p2a: Garchomp
|-damage|p2a: Garchomp|33\/357
|-damage|p1a: Pinsir|129\/271|[from] ability: Rough Skin|[of] p2a: Garchomp
|move|p2a: Garchomp|Outrage|p1a: Pinsir
|-damage|p1a: Pinsir|0 fnt
|faint|p1a: Pinsir
|
|join|bouff is best girl
|
|switch|p1a: Thundurus|Thundurus, M|299\/299
|turn|6
|
|move|p1a: Thundurus|Hidden Power|p2a: Garchomp
|-supereffective|p2a: Garchomp
|-damage|p2a: Garchomp|0 fnt
|-damage|p1a: Thundurus|270\/299|[from] item: Life Orb
|faint|p2a: Garchomp
|
|
|switch|p2a: Latias|Latias, F|301\/301
|-damage|p2a: Latias|264\/301|[from] Stealth Rock
|turn|7
|
|switch|p1a: Bisharp|Bisharp, F|271\/271
|move|p2a: Latias|Defog|p1a: Bisharp
|-unboost|p1a: Bisharp|evasion|1
|-boost|p1a: Bisharp|atk|2|[from] ability: Defiant
|-sideend|p2: jacksonjack|Spikes|[from] move: Defog|[of] p2a: Latias
|-sideend|p2: jacksonjack|Stealth Rock|[from] move: Defog|[of] p2a: Latias
|
|turn|8
|
|move|p2a: Latias|Draco Meteor|p1a: Bisharp
|-resisted|p1a: Bisharp
|-damage|p1a: Bisharp|92\/271
|-unboost|p2a: Latias|spa|2
|-damage|p2a: Latias|234\/301|[from] item: Life Orb
|move|p1a: Bisharp|Knock Off|p2a: Latias
|-supereffective|p2a: Latias
|-damage|p2a: Latias|0 fnt
|-damage|p1a: Bisharp|65\/271|[from] item: Life Orb
|faint|p2a: Latias
|
|
|switch|p2a: Breloom|Breloom, F|261\/261
|turn|9
|
|move|p2a: Breloom|Mach Punch|p1a: Bisharp
|-supereffective|p1a: Bisharp
|-damage|p1a: Bisharp|0 fnt
|faint|p1a: Bisharp
|
|
|switch|p1a: Diggersby|Diggersby, F|311\/311
|turn|10
|
|move|p2a: Breloom|Bullet Seed|p1a: Diggersby
|-supereffective|p1a: Diggersby
|-damage|p1a: Diggersby|159\/311
|-supereffective|p1a: Diggersby
|-damage|p1a: Diggersby|0 fnt
|-hitcount|p1a: Diggersby|2
|faint|p1a: Diggersby
|
|join|kill bp
|
|switch|p1a: Greninja|Greninja, M|286\/286
|turn|11
|
|move|p2a: Breloom|Mach Punch|p1a: Greninja
|-supereffective|p1a: Greninja
|-damage|p1a: Greninja|0 fnt
|faint|p1a: Greninja
|
|
|switch|p1a: Thundurus|Thundurus, M|270\/299
|turn|12
|
|move|p1a: Thundurus|Hidden Power|p2a: Breloom
|-supereffective|p2a: Breloom
|-enditem|p2a: Breloom|Focus Sash
|-damage|p2a: Breloom|1\/261
|-damage|p1a: Thundurus|241\/299|[from] item: Life Orb
|move|p2a: Breloom|Rock Tomb|p1a: Thundurus
|-supereffective|p1a: Thundurus
|-damage|p1a: Thundurus|0 fnt
|faint|p1a: Thundurus
|
|win|jacksonjack
|raw|Ladder updating...
|leave|RS Cocaine
|player|p1
|leave|jacksonjack
|player|p2
|raw|Ladder (probably) updated, but score could not be retrieved (timeout).
|raw|Ladder (probably) updated, but score could not be retrieved (Error: socket hang up).
|leave|bouff is best girl