|join|LT1A PDC
|join|jacksonjack
|player|p1|LT1A PDC|101
|player|p2|jacksonjack|80
|gametype|singles
|gen|6
|tier|OU
|rated
|clearpoke
|poke|p1|Terrakion
|poke|p1|Garchomp, F
|poke|p1|Thundurus, M
|poke|p1|Gardevoir, M
|poke|p1|Dragonite, M
|poke|p1|Greninja, M
|poke|p2|Azumarill, F
|poke|p2|Talonflame, M
|poke|p2|Landorus-Therian, M
|poke|p2|Ferrothorn, F
|poke|p2|Heracross, F
|poke|p2|Latias, F
|rule|Swagger Clause: Swagger is banned
|rule|Baton Pass Clause: Limit one PokÃ©mon knowing Baton Pass
|rule|Sleep Clause Mod: Limit one foe put to sleep
|rule|Species Clause: Limit one of each PokÃ©mon
|rule|OHKO Clause: OHKO moves are banned
|rule|Moody Clause: Moody is banned
|rule|Evasion Moves Clause: Evasion moves are banned
|rule|Endless Battle Clause: Forcing endless battles is banned
|rule|HP Percentage Mod: HP is shown in percentages
|teampreview
|
|start
|switch|p1a: Terrakion|Terrakion|323\/323
|switch|p2a: Landorus-Therian|Landorus-Therian, M|369\/369
|-ability|p2a: Landorus-Therian|Intimidate|[of] p1a: Terrakion
|-unboost|p1a: Terrakion|atk|1
|turn|1
|
|move|p1a: Terrakion|Stealth Rock|p2a: Landorus-Therian
|-sidestart|p2: jacksonjack|move: Stealth Rock
|move|p2a: Landorus-Therian|Earthquake|p1a: Terrakion
|-crit|p1a: Terrakion
|-supereffective|p1a: Terrakion
|-enditem|p1a: Terrakion|Focus Sash
|-damage|p1a: Terrakion|1\/323
|
|turn|2
|
|move|p1a: Terrakion|Taunt|p2a: Landorus-Therian
|-start|p2a: Landorus-Therian|move: Taunt
|cant|p2a: Landorus-Therian|move: Taunt|Stealth Rock
|
|turn|3
|
|move|p1a: Terrakion|Stone Edge|p2a: Landorus-Therian|[miss]
|-miss|p1a: Terrakion|p2a: Landorus-Therian
|move|p2a: Landorus-Therian|U-turn|p1a: Terrakion
|-resisted|p1a: Terrakion
|-damage|p1a: Terrakion|0 fnt
|faint|p1a: Terrakion
|
|switch|p2a: Azumarill|Azumarill, F|401\/401
|-damage|p2a: Azumarill|351\/401|[from] Stealth Rock
|
|
|switch|p1a: Thundurus|Thundurus, M|351\/351
|turn|4
|
|switch|p2a: Ferrothorn|Ferrothorn, F|352\/352
|-damage|p2a: Ferrothorn|330\/352|[from] Stealth Rock
|move|p1a: Thundurus|Thunderbolt|p2a: Ferrothorn
|-resisted|p2a: Ferrothorn
|-damage|p2a: Ferrothorn|287\/352
|
|-heal|p2a: Ferrothorn|309\/352|[from] item: Leftovers
|turn|5
|
|move|p1a: Thundurus|Taunt|p2a: Ferrothorn
|-start|p2a: Ferrothorn|move: Taunt
|move|p2a: Ferrothorn|Knock Off|p1a: Thundurus
|-damage|p1a: Thundurus|250\/351
|-enditem|p1a: Thundurus|Leftovers|[from] move: Knock Off|[of] p2a: Ferrothorn
|
|-heal|p2a: Ferrothorn|331\/352|[from] item: Leftovers
|turn|6
|
|move|p1a: Thundurus|Thunder Wave|p2a: Ferrothorn
|-status|p2a: Ferrothorn|par
|move|p2a: Ferrothorn|Gyro Ball|p1a: Thundurus
|-resisted|p1a: Thundurus
|-damage|p1a: Thundurus|135\/351
|
|-heal|p2a: Ferrothorn|352\/352 par|[from] item: Leftovers
|turn|7
|
|switch|p1a: Greninja|Greninja, M|285\/285
|cant|p2a: Ferrothorn|par
|
|-end|p2a: Ferrothorn|move: Taunt
|turn|8
|
|switch|p2a: Azumarill|Azumarill, F|351\/401
|-damage|p2a: Azumarill|301\/401|[from] Stealth Rock
|move|p1a: Greninja|Hidden Power|p2a: Azumarill
|-start|p1a: Greninja|typechange|Fire|[from] Protean
|-resisted|p2a: Azumarill
|-damage|p2a: Azumarill|250\/401
|-damage|p1a: Greninja|257\/285|[from] item: Life Orb
|
|turn|9
|
|switch|p1a: Thundurus|Thundurus, M|135\/351
|move|p2a: Azumarill|Play Rough|p1a: Thundurus
|-damage|p1a: Thundurus|0 fnt
|faint|p1a: Thundurus
|
|
|switch|p1a: Dragonite|Dragonite, M|323\/323
|turn|10
|
|move|p1a: Dragonite|Earthquake|p2a: Azumarill
|-damage|p2a: Azumarill|22\/401
|move|p2a: Azumarill|Play Rough|p1a: Dragonite|[miss]
|-miss|p2a: Azumarill|p1a: Dragonite
|
|turn|11
|
|move|p1a: Dragonite|Earthquake|p2a: Azumarill
|-damage|p2a: Azumarill|0 fnt
|faint|p2a: Azumarill
|
|
|switch|p2a: Latias|Latias, F|319\/319
|-damage|p2a: Latias|280\/319|[from] Stealth Rock
|turn|12
|
|switch|p1a: Gardevoir|Gardevoir, M|277\/277
|move|p2a: Latias|Defog|p1a: Gardevoir
|-unboost|p1a: Gardevoir|evasion|1
|-sideend|p2: jacksonjack|Stealth Rock|[from] move: Defog|[of] p2a: Latias
|
|turn|13
|
|detailschange|p1a: Gardevoir|Gardevoir-Mega, M
|message|Gardevoir has Mega Evolved into Mega Gardevoir!
|move|p2a: Latias|Hidden Power|p1a: Gardevoir
|-crit|p1a: Gardevoir
|-damage|p1a: Gardevoir|193\/277
|-damage|p2a: Latias|249\/319|[from] item: Life Orb
|move|p1a: Gardevoir|Hyper Voice|p2a: Latias
|-crit|p2a: Latias
|-supereffective|p2a: Latias
|-damage|p2a: Latias|0 fnt
|faint|p2a: Latias
|
|
|switch|p2a: Landorus-Therian|Landorus-Therian, M|369\/369
|-ability|p2a: Landorus-Therian|Intimidate|[of] p1a: Gardevoir
|-unboost|p1a: Gardevoir|atk|1
|turn|14
|
|move|p1a: Gardevoir|Hyper Voice|p2a: Landorus-Therian
|-damage|p2a: Landorus-Therian|77\/369
|move|p2a: Landorus-Therian|Stealth Rock|p1a: Gardevoir
|-sidestart|p1: LT1A PDC|move: Stealth Rock
|
|-heal|p2a: Landorus-Therian|100\/369|[from] item: Leftovers
|turn|15
|
|switch|p2a: Ferrothorn|Ferrothorn, F|352\/352 par
|move|p1a: Gardevoir|Psyshock|p2a: Ferrothorn
|-resisted|p2a: Ferrothorn
|-damage|p2a: Ferrothorn|285\/352 par
|
|-heal|p2a: Ferrothorn|307\/352 par|[from] item: Leftovers
|turn|16
|
|move|p1a: Gardevoir|Focus Blast|p2a: Ferrothorn
|-supereffective|p2a: Ferrothorn
|-damage|p2a: Ferrothorn|65\/352 par
|move|p2a: Ferrothorn|Gyro Ball|p1a: Gardevoir
|-supereffective|p1a: Gardevoir
|-damage|p1a: Gardevoir|0 fnt
|faint|p1a: Gardevoir
|
|-heal|p2a: Ferrothorn|87\/352 par|[from] item: Leftovers
|join|blunderr
|
|switch|p1a: Greninja|Greninja, M|257\/285
|-damage|p1a: Greninja|222\/285|[from] Stealth Rock
|turn|17
|
|move|p1a: Greninja|Ice Beam|p2a: Ferrothorn
|-start|p1a: Greninja|typechange|Ice|[from] Protean
|-damage|p2a: Ferrothorn|0 fnt
|-damage|p1a: Greninja|194\/285|[from] item: Life Orb
|faint|p2a: Ferrothorn
|
|join|gr8astard
|
|switch|p2a: Talonflame|Talonflame, M|324\/324
|turn|18
|join|Tosser McTossins
|
|move|p2a: Talonflame|Brave Bird|p1a: Greninja
|-damage|p1a: Greninja|0 fnt
|-damage|p2a: Talonflame|260\/324|[from] recoil|[of] p1a: Greninja
|faint|p1a: Greninja
|
|
|switch|p1a: Garchomp|Garchomp, F|358\/358
|-damage|p1a: Garchomp|336\/358|[from] Stealth Rock
|turn|19
|
|switch|p2a: Landorus-Therian|Landorus-Therian, M|100\/369
|-ability|p2a: Landorus-Therian|Intimidate|[of] p1a: Garchomp
|-unboost|p1a: Garchomp|atk|1
|move|p1a: Garchomp|Outrage|p2a: Landorus-Therian
|-damage|p2a: Landorus-Therian|0 fnt
|faint|p2a: Landorus-Therian
|
|
|switch|p2a: Heracross|Heracross, F|301\/301
|turn|20
|
|detailschange|p2a: Heracross|Heracross-Mega, F
|message|Heracross has Mega Evolved into Mega Heracross!
|move|p1a: Garchomp|Outrage|p2a: Heracross
|-damage|p2a: Heracross|169\/301
|move|p2a: Heracross|Pin Missile|p1a: Garchomp
|-damage|p1a: Garchomp|278\/358
|-damage|p1a: Garchomp|218\/358
|-damage|p1a: Garchomp|158\/358
|-damage|p1a: Garchomp|94\/358
|-damage|p1a: Garchomp|31\/358
|-hitcount|p1a: Garchomp|5
|
|-end|p1a: Garchomp|rampage
|-start|p1a: Garchomp|confusion
|turn|21
|
|-activate|p1a: Garchomp|confusion
|-damage|p1a: Garchomp|0 fnt|[from] confusion
|faint|p1a: Garchomp
|move|p2a: Heracross|Rock Blast|p1: Garchomp|[notarget]
|-notarget
|
|
|switch|p1a: Dragonite|Dragonite, M|323\/323
|-damage|p1a: Dragonite|243\/323|[from] Stealth Rock
|turn|22
|
|move|p2a: Heracross|Rock Blast|p1a: Dragonite
|-crit|p1a: Dragonite
|-supereffective|p1a: Dragonite
|-damage|p1a: Dragonite|113\/323
|-crit|p1a: Dragonite
|-supereffective|p1a: Dragonite
|-damage|p1a: Dragonite|0 fnt
|-hitcount|p1a: Dragonite|2
|faint|p1a: Dragonite
|
|win|jacksonjack
|raw|Ladder updating...
|raw|LT1A PDC's rating: 1828 &rarr; <strong>1795<\/strong><br \/>(-33 for losing)
|raw|jacksonjack's rating: 1553 &rarr; <strong>1586<\/strong><br \/>(+33 for winning)
|c|âLT1A PDC|fucking joke
|leave|LT1A PDC
|player|p1
|join|craing ;_;
|leave|jacksonjack
|player|p2
|join|Key
|leave|Key
|leave|craing ;_;
|join|daylightjax
|leave|daylightjax
|join|daylightjax
|leave|daylightjax